{
  "id": "gen9championsvgc2026regma-2584757268",
  "format": "[Gen 9 Champions] VGC 2026 Reg M-A",
  "players": [
    "jhon_gabriel",
    "Bup_Ladder"
  ],
  "log": "|j|\u2606jhon_gabriel\n|j|\u2606Bup_Ladder\n|t:|1776281510\n|gametype|doubles\n|player|p1|jhon_gabriel|blackbelt|1206\n|player|p2|Bup_Ladder|2|1259\n|gen|9\n|tier|[Gen 9 Champions] VGC 2026 Reg M-A\n|rated|\n|rule|Species Clause: Limit one of each Pok\u00e9mon\n|rule|Item Clause: Limit 1 of each item\n|clearpoke\n|poke|p1|Delphox, L50, F|\n|poke|p1|Sableye, L50, F|\n|poke|p1|Corviknight, L50, F|\n|poke|p1|Tauros-Paldea-Aqua, L50, M|\n|poke|p1|Rotom-Wash, L50|\n|poke|p1|Garchomp, L50, M|\n|poke|p2|Excadrill, L50, M|\n|poke|p2|Ninetales-Alola, L50, F|\n|poke|p2|Delphox, L50, F|\n|poke|p2|Whimsicott, L50, F|\n|poke|p2|Sneasler, L50, M|\n|poke|p2|Rotom-Wash, L50|\n|teampreview|4\n|inactive|Battle timer is ON: inactive players will automatically lose when time's up. (requested by Bup_Ladder)\n|\n|t:|1776281597\n|teamsize|p1|4\n|teamsize|p2|4\n|start\n|switch|p1a: Garchomp|Garchomp, L50, M|100/100\n|switch|p1b: Delphox|Delphox, L50, F|100/100\n|switch|p2a: Delphox|Delphox, L50, F|100/100\n|switch|p2b: Ninetales|Ninetales-Alola, L50, F|100/100\n|-weather|Snowscape|[from] ability: Snow Warning|[of] p2b: Ninetales\n|turn|1\n|inactive|jhon_gabriel has 30 seconds left.\n|\n|t:|1776281623\n|switch|p1a: Sableye|Sableye, L50, F|100/100\n|detailschange|p1b: Delphox|Delphox-Mega, L50, F\n|-mega|p1b: Delphox|Delphox|Delphoxite\n|detailschange|p2a: Delphox|Delphox-Mega, L50, F\n|-mega|p2a: Delphox|Delphox|Delphoxite\n|move|p1b: Delphox|Protect|p1b: Delphox\n|-singleturn|p1b: Delphox|Protect\n|move|p2a: Delphox|Protect|p2a: Delphox\n|-singleturn|p2a: Delphox|Protect\n|move|p2b: Ninetales|Aurora Veil|p2b: Ninetales\n|-sidestart|p2: Bup_Ladder|move: Aurora Veil\n|\n|-weather|Snowscape|[upkeep]\n|upkeep\n|turn|2\n|\n|t:|1776281639\n|move|p1a: Sableye|Sunny Day|p1a: Sableye\n|-weather|SunnyDay\n|move|p2a: Delphox|Shadow Ball|p1b: Delphox\n|-supereffective|p1b: Delphox|1\n|-damage|p1b: Delphox|40/100\n|move|p1b: Delphox|Heat Wave|p2a: Delphox|[spread] p2b\n|-miss|p1b: Delphox|p2a: Delphox\n|-supereffective|p2b: Ninetales|1\n|-damage|p2b: Ninetales|25/100\n|move|p2b: Ninetales|Encore|p1b: Delphox\n|-start|p1b: Delphox|Encore\n|\n|-weather|SunnyDay|[upkeep]\n|upkeep\n|turn|3\n|\n|t:|1776281663\n|move|p1a: Sableye|Disable|p2a: Delphox\n|-start|p2a: Delphox|Disable|Shadow Ball\n|move|p1b: Delphox|Heat Wave|p2a: Delphox|[spread] p2a,p2b\n|-resisted|p2a: Delphox|1\n|-supereffective|p2b: Ninetales|1\n|-damage|p2a: Delphox|81/100\n|-damage|p2b: Ninetales|0 fnt\n|faint|p2b: Ninetales\n|cant|p2a: Delphox|Disable|Shadow Ball\n|\n|-weather|SunnyDay|[upkeep]\n|upkeep\n|\n|t:|1776281675\n|switch|p2b: Rotom|Rotom-Wash, L50|100/100\n|turn|4\n|\n|t:|1776281689\n|switch|p1b: Garchomp|Garchomp, L50, M|100/100\n|move|p1a: Sableye|Encore|p2a: Delphox\n|-start|p2a: Delphox|Encore\n|cant|p2a: Delphox|Disable|Shadow Ball\n|move|p2b: Rotom|Thunderbolt|p1a: Sableye\n|-damage|p1a: Sableye|55/100\n|-status|p1a: Sableye|par\n|\n|-weather|SunnyDay|[upkeep]\n|upkeep\n|turn|5\n|inactive|jhon_gabriel has 30 seconds left.\n|\n|t:|1776281716\n|switch|p2a: Whimsicott|Whimsicott, L50, F|100/100\n|move|p1a: Sableye|Protect|p1a: Sableye\n|-singleturn|p1a: Sableye|Protect\n|move|p1b: Garchomp|Rock Slide|p2b: Rotom|[spread] p2a,p2b\n|-damage|p2a: Whimsicott|82/100\n|-damage|p2b: Rotom|90/100\n|move|p2b: Rotom|Will-O-Wisp|p1b: Garchomp\n|-status|p1b: Garchomp|brn\n|\n|-weather|SunnyDay|[upkeep]\n|-heal|p2b: Rotom|95/100|[from] item: Leftovers\n|-damage|p1b: Garchomp|95/100 brn|[from] brn\n|-sideend|p2: Bup_Ladder|move: Aurora Veil\n|upkeep\n|turn|6\n|inactive|jhon_gabriel has 30 seconds left.\n|\n|t:|1776281743\n|switch|p1b: Delphox|Delphox-Mega, L50, F|40/100\n|move|p1a: Sableye|Encore|p2b: Rotom\n|-start|p2b: Rotom|Encore\n|move|p2a: Whimsicott|Moonblast|p1a: Sableye\n|-supereffective|p1a: Sableye|1\n|-damage|p1a: Sableye|0 fnt\n|faint|p1a: Sableye\n|move|p2b: Rotom|Will-O-Wisp|p1b: Delphox\n|-immune|p1b: Delphox\n|\n|-weather|none\n|-heal|p2b: Rotom|100/100|[from] item: Leftovers\n|upkeep\n|\n|t:|1776281758\n|switch|p1a: Corviknight|Corviknight, L50, F|100/100\n|turn|7\n|\n|t:|1776281769\n|move|p2a: Whimsicott|Tailwind|p2a: Whimsicott\n|-sidestart|p2: Bup_Ladder|move: Tailwind\n|move|p2b: Rotom|Will-O-Wisp|p1a: Corviknight\n|-status|p1a: Corviknight|brn\n|move|p1b: Delphox|Heat Wave|p2b: Rotom|[spread] p2a,p2b\n|-supereffective|p2a: Whimsicott|1\n|-resisted|p2b: Rotom|1\n|-damage|p2a: Whimsicott|0 fnt\n|-damage|p2b: Rotom|79/100\n|faint|p2a: Whimsicott\n|move|p1a: Corviknight|Iron Defense|p1a: Corviknight\n|-boost|p1a: Corviknight|def|2\n|\n|-heal|p2b: Rotom|85/100|[from] item: Leftovers\n|-damage|p1a: Corviknight|94/100 brn|[from] brn\n|upkeep\n|\n|t:|1776281776\n|switch|p2a: Delphox|Delphox-Mega, L50, F|81/100\n|turn|8\n|inactive|jhon_gabriel has 30 seconds left.\n|inactive|jhon_gabriel has 20 seconds left.\n|inactive|jhon_gabriel has 15 seconds left.\n|\n|t:|1776281822\n|move|p1b: Delphox|Protect|p1b: Delphox\n|-singleturn|p1b: Delphox|Protect\n|move|p2a: Delphox|Shadow Ball|p1b: Delphox\n|-activate|p1b: Delphox|move: Protect\n|move|p2b: Rotom|Will-O-Wisp|p1a: Corviknight\n|-fail|p1a: Corviknight|brn\n|move|p1a: Corviknight|Body Press|p2a: Delphox\n|-resisted|p2a: Delphox|1\n|-damage|p2a: Delphox|64/100\n|\n|-heal|p2b: Rotom|91/100|[from] item: Leftovers\n|-heal|p1a: Corviknight|100/100 brn|[from] item: Leftovers\n|-damage|p1a: Corviknight|94/100 brn|[from] brn\n|-end|p2b: Rotom|Encore\n|upkeep\n|turn|9\n|inactive|jhon_gabriel has 30 seconds left.\n|\n|t:|1776281848\n|move|p2a: Delphox|Shadow Ball|p1b: Delphox\n|-supereffective|p1b: Delphox|1\n|-damage|p1b: Delphox|0 fnt\n|faint|p1b: Delphox\n|move|p2b: Rotom|Thunderbolt|p1a: Corviknight\n|-supereffective|p1a: Corviknight|1\n|-damage|p1a: Corviknight|18/100 brn\n|move|p1a: Corviknight|Body Press|p2b: Rotom\n|-damage|p2b: Rotom|69/100\n|\n|-heal|p2b: Rotom|74/100|[from] item: Leftovers\n|-heal|p1a: Corviknight|24/100 brn|[from] item: Leftovers\n|-damage|p1a: Corviknight|18/100 brn|[from] brn\n|upkeep\n|-message|jhon_gabriel forfeited.\n|\n|win|Bup_Ladder\n|raw|jhon_gabriel's rating: 1206 &rarr; <strong>1185</strong><br />(-21 for losing)\n|raw|Bup_Ladder's rating: 1259 &rarr; <strong>1280</strong><br />(+21 for winning)\n|l|\u2606jhon_gabriel\n|player|p1|\n",
  "uploadtime": 1776281910,
  "views": 20,
  "formatid": "gen9championsvgc2026regma",
  "rating": 1185,
  "private": 0,
  "password": null
}