{
  "id": "gen9championsvgc2026regma-2585970862",
  "format": "[Gen 9 Champions] VGC 2026 Reg M-A",
  "players": [
    "noahtdiditfirst",
    "colfox"
  ],
  "log": "|j|\u2606noahtdiditfirst\n|j|\u203dcolfox\n|t:|1776386273\n|gametype|doubles\n|player|p1|noahtdiditfirst|marshal|1265\n|player|p2|colfox|1|1238\n|gen|9\n|tier|[Gen 9 Champions] VGC 2026 Reg M-A\n|rated|\n|rule|Species Clause: Limit one of each Pok\u00e9mon\n|rule|Item Clause: Limit 1 of each item\n|clearpoke\n|poke|p1|Archaludon, L50, M|\n|poke|p1|Incineroar, L50, M|\n|poke|p1|Manectric, L50, M|\n|poke|p1|Dragonite, L50, F|\n|poke|p1|Pelipper, L50, M|\n|poke|p1|Chandelure, L50, M|\n|poke|p2|Tyranitar, L50, F|\n|poke|p2|Excadrill, L50, M|\n|poke|p2|Dragapult, L50, F|\n|poke|p2|Milotic, L50, F|\n|poke|p2|Raichu, L50, F|\n|poke|p2|Scizor, L50, F|\n|teampreview|4\n|\n|t:|1776386335\n|teamsize|p1|4\n|teamsize|p2|4\n|start\n|switch|p1a: Archaludon|Archaludon, L50, M, shiny|100/100\n|switch|p1b: Manectric|Manectric, L50, M, shiny|100/100\n|switch|p2a: Milotic|Milotic, L50, F|100/100\n|switch|p2b: Raichu|Raichu, L50, F|100/100\n|turn|1\n|\n|t:|1776386367\n|move|p1b: Manectric|Protect|p1b: Manectric\n|-singleturn|p1b: Manectric|Protect\n|move|p2b: Raichu|Fake Out|p1b: Manectric\n|-activate|p1b: Manectric|move: Protect\n|move|p1a: Archaludon|Draco Meteor|p2a: Milotic\n|-damage|p2a: Milotic|59/100\n|-unboost|p1a: Archaludon|spa|2\n|-enditem|p1a: Archaludon|White Herb\n|-clearnegativeboost|p1a: Archaludon|[silent]\n|move|p2a: Milotic|Scald|p1a: Archaludon\n|-resisted|p1a: Archaludon|1\n|-damage|p1a: Archaludon|82/100\n|-status|p1a: Archaludon|brn\n|-ability|p1a: Archaludon|Stamina|boost\n|-boost|p1a: Archaludon|def|1\n|\n|-damage|p1a: Archaludon|76/100 brn|[from] brn\n|upkeep\n|turn|2\n|\n|t:|1776386398\n|switch|p1b: Dragonite|Dragonite, L50, F|100/100\n|move|p2b: Raichu|Protect|p2b: Raichu\n|-singleturn|p2b: Raichu|Protect\n|move|p1a: Archaludon|Draco Meteor|p2b: Raichu\n|-activate|p2b: Raichu|move: Protect\n|move|p2a: Milotic|Scald|p1a: Archaludon\n|-resisted|p1a: Archaludon|1\n|-damage|p1a: Archaludon|56/100 brn\n|-ability|p1a: Archaludon|Stamina|boost\n|-boost|p1a: Archaludon|def|1\n|\n|-damage|p1a: Archaludon|50/100 brn|[from] brn\n|upkeep\n|turn|3\n|\n|t:|1776386417\n|move|p1b: Dragonite|Protect|p1b: Dragonite\n|-singleturn|p1b: Dragonite|Protect\n|move|p2b: Raichu|Electroweb|p1a: Archaludon|[spread] p1a\n|-activate|p1b: Dragonite|move: Protect\n|-resisted|p1a: Archaludon|1\n|-damage|p1a: Archaludon|39/100 brn\n|-unboost|p1a: Archaludon|spe|1\n|-ability|p1a: Archaludon|Stamina|boost\n|-boost|p1a: Archaludon|def|1\n|move|p2a: Milotic|Icy Wind|p1b: Dragonite|[spread] p1a\n|-activate|p1b: Dragonite|move: Protect\n|-damage|p1a: Archaludon|26/100 brn\n|-unboost|p1a: Archaludon|spe|1\n|-ability|p1a: Archaludon|Stamina|boost\n|-boost|p1a: Archaludon|def|1\n|move|p1a: Archaludon|Draco Meteor|p2b: Raichu\n|-damage|p2b: Raichu|4/100\n|-unboost|p1a: Archaludon|spa|2\n|\n|-damage|p1a: Archaludon|20/100 brn|[from] brn\n|upkeep\n|turn|4\n|\n|t:|1776386459\n|switch|p1a: Pelipper|Pelipper, L50, M, shiny|100/100\n|-weather|RainDance|[from] ability: Drizzle|[of] p1a: Pelipper\n|move|p1b: Dragonite|Extreme Speed|p2b: Raichu\n|-damage|p2b: Raichu|0 fnt\n|faint|p2b: Raichu\n|move|p2a: Milotic|Icy Wind|p1a: Pelipper|[spread] p1a,p1b\n|-supereffective|p1b: Dragonite|2\n|-damage|p1a: Pelipper|77/100\n|-damage|p1b: Dragonite|54/100\n|-unboost|p1a: Pelipper|spe|1\n|-unboost|p1b: Dragonite|spe|1\n|\n|-weather|RainDance|[upkeep]\n|-heal|p1b: Dragonite|60/100|[from] item: Leftovers\n|upkeep\n|\n|t:|1776386475\n|switch|p2b: Dragapult|Dragapult, L50, F|100/100\n|turn|5\n|\n|t:|1776386484\n|move|p1a: Pelipper|Wide Guard|p1a: Pelipper\n|-singleturn|p1a: Pelipper|Wide Guard\n|move|p2b: Dragapult|Dragon Darts|p1b: Dragonite\n|-supereffective|p1b: Dragonite|1\n|-damage|p1b: Dragonite|6/100\n|-anim|p2b: Dragapult|Dragon Darts|p1a: Pelipper\n|-damage|p1a: Pelipper|36/100\n|move|p2a: Milotic|Icy Wind|p1a: Pelipper|[spread] \n|-activate|p1a: Pelipper|move: Wide Guard\n|-activate|p1b: Dragonite|move: Wide Guard\n|move|p1b: Dragonite|Outrage|p2b: Dragapult\n|-supereffective|p2b: Dragapult|1\n|-damage|p2b: Dragapult|0 fnt\n|faint|p2b: Dragapult\n|\n|-weather|RainDance|[upkeep]\n|-heal|p1b: Dragonite|12/100|[from] item: Leftovers\n|upkeep\n|\n|t:|1776386502\n|switch|p2b: Tyranitar|Tyranitar, L50, F|100/100\n|-weather|Sandstorm|[from] ability: Sand Stream|[of] p2b: Tyranitar\n|turn|6\n|\n|t:|1776386517\n|switch|p1a: Archaludon|Archaludon, L50, M, shiny|20/100 brn\n|move|p2a: Milotic|Scald|p1b: Dragonite\n|-resisted|p1b: Dragonite|1\n|-damage|p1b: Dragonite|0 fnt\n|faint|p1b: Dragonite\n|move|p2b: Tyranitar|Knock Off|p1a: Archaludon\n|-damage|p1a: Archaludon|0 fnt\n|faint|p1a: Archaludon\n|\n|-weather|Sandstorm|[upkeep]\n|-damage|p2a: Milotic|53/100|[from] Sandstorm\n|upkeep\n|\n|t:|1776386525\n|switch|p1a: Pelipper|Pelipper, L50, M, shiny|36/100\n|switch|p1b: Manectric|Manectric, L50, M, shiny|100/100\n|-weather|RainDance|[from] ability: Drizzle|[of] p1a: Pelipper\n|turn|7\n|\n|t:|1776386564\n|detailschange|p1b: Manectric|Manectric-Mega, L50, M, shiny\n|-mega|p1b: Manectric|Manectric|Manectite\n|-ability|p1b: Manectric|Intimidate|boost\n|-unboost|p2a: Milotic|atk|1\n|-ability|p2a: Milotic|Competitive|boost\n|-boost|p2a: Milotic|spa|2\n|-unboost|p2b: Tyranitar|atk|1\n|detailschange|p2b: Tyranitar|Tyranitar-Mega, L50, F\n|-mega|p2b: Tyranitar|Tyranitar|Tyranitarite\n|-weather|Sandstorm|[from] ability: Sand Stream|[of] p2b: Tyranitar\n|move|p1b: Manectric|Thunderbolt|p2a: Milotic\n|-supereffective|p2a: Milotic|1\n|-enditem|p2a: Milotic|Wacan Berry|[eat]\n|-enditem|p2a: Milotic|Wacan Berry|[weaken]\n|-damage|p2a: Milotic|21/100\n|-status|p2a: Milotic|par\n|move|p1a: Pelipper|Weather Ball|p2b: Tyranitar\n|-damage|p2b: Tyranitar|85/100\n|move|p2b: Tyranitar|Knock Off|p1a: Pelipper\n|-damage|p1a: Pelipper|0 fnt\n|-enditem|p1a: Pelipper|Focus Sash|[from] move: Knock Off|[of] p2b: Tyranitar\n|faint|p1a: Pelipper\n|move|p2a: Milotic|Scald|p1b: Manectric\n|-damage|p1b: Manectric|0 fnt\n|faint|p1b: Manectric\n|\n|win|colfox\n|raw|noahtdiditfirst's rating: 1265 &rarr; <strong>1238</strong><br />(-27 for losing)\n|raw|colfox's rating: 1238 &rarr; <strong>1265</strong><br />(+27 for winning)\n",
  "uploadtime": 1776386591,
  "views": 37,
  "formatid": "gen9championsvgc2026regma",
  "rating": 1238,
  "private": 0,
  "password": null
}