{
  "id": "gen9championsvgc2026regma-2586137312",
  "format": "[Gen 9 Champions] VGC 2026 Reg M-A",
  "players": [
    "KingNoahC17",
    "Avi 2007"
  ],
  "log": "|j|\u2606KingNoahC17\n|j|\u2606Avi 2007\n|t:|1776403641\n|gametype|doubles\n|player|p1|KingNoahC17|1|\n|player|p2|Avi 2007|palmer|\n|gen|9\n|tier|[Gen 9 Champions] VGC 2026 Reg M-A\n|rated|Tournament battle\n|rule|Species Clause: Limit one of each Pok\u00e9mon\n|rule|Item Clause: Limit 1 of each item\n|raw|<div class=\"infobox\"><details class=\"readmore\" open><summary><strong>1 custom rule:</strong></summary> Force Open Team Sheets</details></div>\n|clearpoke\n|poke|p1|Corviknight, L50, F|\n|poke|p1|Garchomp, L50, F|\n|poke|p1|Rotom-Wash, L50|\n|poke|p1|Sneasler, L50, F|\n|poke|p1|Arcanine-Hisui, L50, M|\n|poke|p1|Froslass, L50, F|\n|poke|p2|Espathra, L50, M|\n|poke|p2|Floette-Eternal, L50, F|\n|poke|p2|Sinistcha-Masterpiece, L50|\n|poke|p2|Incineroar, L50, M|\n|poke|p2|Orthworm, L50, M|\n|poke|p2|Whimsicott, L50, F|\n|teampreview|4\n|showteam|p1|Corviknight||SitrusBerry|MirrorArmor|BraveBird,IronHead,Tailwind,Protect|||F|||50|]Garchomp||LumBerry|RoughSkin|DragonClaw,StompingTantrum,Earthquake,Protect|||F|||50|]Rotom-Wash||ChoiceScarf|Levitate|Thunderbolt,VoltSwitch,Electroweb,HydroPump||||||50|]Sneasler||WhiteHerb|Unburden|CloseCombat,DireClaw,FakeOut,Coaching|||F|||50|]Arcanine-Hisui||KingsRock|Intimidate|FlareBlitz,RockSlide,ExtremeSpeed,Protect|||M|||50|]Froslass||Froslassite|CursedBody|Blizzard,ShadowBall,AuroraVeil,Protect|||F|||50|\n|showteam|p2|Espathra||MentalHerb|SpeedBoost|Protect,CalmMind,BatonPass,LuminaCrash|||M|||50|]Floette-Eternal||Floettite|FlowerVeil|DazzlingGleam,Moonblast,Protect,Psychic|||F|||50|]Sinistcha-Masterpiece||BrightPowder|Hospitality|MatchaGotcha,ShadowBall,TrickRoom,RagePowder||||||50|]Incineroar||SitrusBerry|Intimidate|FakeOut,DarkestLariat,Protect,PartingShot|||M|||50|]Orthworm||Leftovers|EarthEater|ShedTail,BodyPress,IronDefense,HeavySlam|||M|||50|]Whimsicott||FocusSash|Prankster|Protect,Moonblast,Encore,Tailwind|||F|||50|\n|inactive|Battle timer is ON: inactive players will automatically lose when time's up. (requested by Avi 2007)\n|inactive|KingNoahC17 has 60 seconds left.\n|\n|t:|1776403687\n|teamsize|p1|4\n|teamsize|p2|4\n|start\n|switch|p1a: Sneasler|Sneasler, L50, F|100/100\n|switch|p1b: Froslass|Froslass, L50, F|100/100\n|switch|p2a: Espathra|Espathra, L50, M|100/100\n|switch|p2b: Whimsicott|Whimsicott, L50, F|100/100\n|turn|1\n|j| shocccco\u2764\n|inactive|Avi 2007 has 30 seconds left.\n|\n|t:|1776403712\n|switch|p1a: Corviknight|Corviknight, L50, F|100/100\n|detailschange|p1b: Froslass|Froslass-Mega, L50, F\n|-mega|p1b: Froslass|Froslass|Froslassite\n|-weather|Snowscape|[from] ability: Snow Warning|[of] p1b: Froslass\n|move|p2b: Whimsicott|Protect|p2b: Whimsicott\n|-singleturn|p2b: Whimsicott|Protect\n|move|p2a: Espathra|Protect|p2a: Espathra\n|-singleturn|p2a: Espathra|Protect\n|move|p1b: Froslass|Aurora Veil|p1b: Froslass\n|-sidestart|p1: KingNoahC17|move: Aurora Veil\n|\n|-weather|Snowscape|[upkeep]\n|-ability|p2a: Espathra|Speed Boost|boost\n|-boost|p2a: Espathra|spe|1\n|upkeep\n|turn|2\n|c| shocccco\u2764|baton pass?\n|inactive|KingNoahC17 has 30 seconds left.\n|\n|t:|1776403743\n|switch|p1b: Rotom|Rotom-Wash, L50|100/100\n|move|p2b: Whimsicott|Encore||[still]\n|-fail|p2b: Whimsicott\n|move|p2a: Espathra|Calm Mind|p2a: Espathra\n|-boost|p2a: Espathra|spa|1\n|-boost|p2a: Espathra|spd|1\n|move|p1a: Corviknight|Brave Bird|p2a: Espathra\n|-damage|p2a: Espathra|52/100\n|-damage|p1a: Corviknight|85/100|[from] Recoil\n|\n|-weather|Snowscape|[upkeep]\n|-ability|p2a: Espathra|Speed Boost|boost\n|-boost|p2a: Espathra|spe|1\n|upkeep\n|turn|3\n|inactive|Avi 2007 has 30 seconds left.\n|\n|t:|1776403773\n|switch|p2b: Floette|Floette-Eternal, L50, F|100/100\n|move|p2a: Espathra|Baton Pass|p2a: Espathra\n|\n|t:|1776403783\n|switch|p2a: Sinistcha|Sinistcha-Masterpiece, L50|100/100|[from] Baton Pass\n|move|p1b: Rotom|Electroweb|p2a: Sinistcha|[spread] p2a,p2b\n|-resisted|p2a: Sinistcha|1\n|-damage|p2a: Sinistcha|92/100\n|-damage|p2b: Floette|82/100\n|-unboost|p2b: Floette|spe|1\n|move|p1a: Corviknight|Iron Head|p2a: Sinistcha\n|-damage|p2a: Sinistcha|57/100\n|\n|-weather|Snowscape|[upkeep]\n|upkeep\n|turn|4\n|c|\u2606Avi 2007|misclick happens\n|c|\u2606Avi 2007|gg\n|c|\u2606KingNoahC17|Rip\n|\n|t:|1776403802\n|detailschange|p2b: Floette|Floette-Mega, L50, F\n|-mega|p2b: Floette|Floette|Floettite\n|-ability|p2b: Floette|Fairy Aura\n|move|p2a: Sinistcha|Matcha Gotcha|p1b: Rotom|[spread] p1a,p1b\n|-resisted|p1a: Corviknight|2\n|-supereffective|p1b: Rotom|1\n|-crit|p1b: Rotom\n|-damage|p1a: Corviknight|77/100\n|-heal|p2a: Sinistcha|63/100|[from] drain|[of] p1a: Corviknight\n|-damage|p1b: Rotom|0 fnt\n|-heal|p2a: Sinistcha|100/100|[from] drain|[of] p1b: Rotom\n|faint|p1b: Rotom\n|move|p2b: Floette|Moonblast|p1a: Corviknight\n|-resisted|p1a: Corviknight|1\n|-damage|p1a: Corviknight|53/100\n|move|p1a: Corviknight|Brave Bird|p2a: Sinistcha\n|-supereffective|p2a: Sinistcha|1\n|-damage|p2a: Sinistcha|6/100\n|-damage|p1a: Corviknight|28/100|[from] Recoil\n|-enditem|p1a: Corviknight|Sitrus Berry|[eat]\n|-heal|p1a: Corviknight|53/100|[from] item: Sitrus Berry\n|\n|-weather|Snowscape|[upkeep]\n|upkeep\n|\n|t:|1776403809\n|switch|p1b: Froslass|Froslass-Mega, L50, F|100/100\n|turn|5\n|\n|t:|1776403828\n|switch|p2b: Whimsicott|Whimsicott, L50, F|100/100\n|move|p2a: Sinistcha|Shadow Ball|p1b: Froslass\n|-supereffective|p1b: Froslass|1\n|-damage|p1b: Froslass|19/100\n|-unboost|p1b: Froslass|spd|1\n|move|p1b: Froslass|Blizzard|p2a: Sinistcha|[spread] p2a,p2b\n|-supereffective|p2a: Sinistcha|1\n|-supereffective|p2b: Whimsicott|1\n|-damage|p2a: Sinistcha|0 fnt\n|-enditem|p2b: Whimsicott|Focus Sash\n|-damage|p2b: Whimsicott|1/100\n|faint|p2a: Sinistcha\n|move|p1a: Corviknight|Tailwind|p1a: Corviknight\n|-sidestart|p1: KingNoahC17|move: Tailwind\n|\n|-weather|none\n|-sideend|p1: KingNoahC17|move: Aurora Veil\n|upkeep\n|\n|t:|1776403840\n|switch|p2a: Floette|Floette-Mega, L50, F|82/100\n|-ability|p2a: Floette|Fairy Aura\n|turn|6\n|\n|t:|1776403844\n|move|p2b: Whimsicott|Tailwind|p2b: Whimsicott\n|-sidestart|p2: Avi 2007|move: Tailwind\n|move|p1b: Froslass|Blizzard|p2b: Whimsicott|[spread] p2a\n|-miss|p1b: Froslass|p2b: Whimsicott\n|-damage|p2a: Floette|46/100\n|-status|p2a: Floette|frz\n|cant|p2a: Floette|frz\n|move|p1a: Corviknight|Iron Head|p2a: Floette\n|-supereffective|p2a: Floette|1\n|-damage|p2a: Floette|0 fnt\n|faint|p2a: Floette\n|\n|upkeep\n|\n|t:|1776403855\n|switch|p2a: Espathra|Espathra, L50, M|52/100\n|turn|7\n|c| shocccco\u2764|wait was the misclick\n|c|\u2606Avi 2007|yes\n|c| shocccco\u2764|*what was\n|c|\u2606Avi 2007|i wanted to transfer boost to flower\n|inactive|Avi 2007 has 30 seconds left.\n|\n|t:|1776403881\n|move|p1b: Froslass|Blizzard|p2b: Whimsicott|[spread] p2b\n|-miss|p1b: Froslass|p2a: Espathra\n|-supereffective|p2b: Whimsicott|1\n|-damage|p2b: Whimsicott|0 fnt\n|faint|p2b: Whimsicott\n|move|p2a: Espathra|Lumina Crash|p1b: Froslass\n|-damage|p1b: Froslass|0 fnt\n|faint|p1b: Froslass\n|move|p1a: Corviknight|Brave Bird|p2a: Espathra\n|-damage|p2a: Espathra|2/100\n|-damage|p1a: Corviknight|37/100|[from] Recoil\n|\n|-ability|p2a: Espathra|Speed Boost|boost\n|-boost|p2a: Espathra|spe|1\n|upkeep\n|\n|t:|1776403885\n|switch|p1b: Sneasler|Sneasler, L50, F|100/100\n|turn|8\n|c| shocccco\u2764|there was an iron head going into that slot tho lmao\n|\n|t:|1776403896\n|move|p2a: Espathra|Protect|p2a: Espathra\n|-singleturn|p2a: Espathra|Protect\n|move|p1b: Sneasler|Fake Out|p2a: Espathra\n|-activate|p2a: Espathra|move: Protect\n|move|p1a: Corviknight|Brave Bird|p2a: Espathra\n|-activate|p2a: Espathra|move: Protect\n|\n|-sideend|p1: KingNoahC17|move: Tailwind\n|-ability|p2a: Espathra|Speed Boost|boost\n|-boost|p2a: Espathra|spe|1\n|upkeep\n|turn|9\n|\n|t:|1776403907\n|move|p2a: Espathra|Lumina Crash|p1b: Sneasler\n|-supereffective|p1b: Sneasler|2\n|-damage|p1b: Sneasler|0 fnt\n|faint|p1b: Sneasler\n|move|p1a: Corviknight|Brave Bird|p2a: Espathra\n|-damage|p2a: Espathra|0 fnt\n|faint|p2a: Espathra\n|-damage|p1a: Corviknight|36/100|[from] Recoil\n|\n|win|KingNoahC17\n|n|\u2606KingNoahC17|kingnoahc17\n|n|\u2606Avi 2007|avi2007\n|n| shocccco\u2764|shocccco\n|c|\u2606KingNoahC17|Ggwp\n|l|\u2606KingNoahC17\n|player|p1|\n|c|\u2606Avi 2007|ggwp\n|l|\u2606Avi 2007\n|player|p2|\n|l| shocccco\u2764\n|j| shocccco\u2764\n",
  "uploadtime": 1776404061,
  "views": 21,
  "formatid": "gen9championsvgc2026regma",
  "rating": null,
  "private": 0,
  "password": null
}