{
  "id": "gen9championsvgc2026regma-2586660670",
  "format": "[Gen 9 Champions] VGC 2026 Reg M-A",
  "players": [
    "EddieT15",
    "hoirzion"
  ],
  "log": "|j|\u2606EddieT15\n|j|\u2606hoirzion\n|t:|1776450143\n|gametype|doubles\n|player|p1|EddieT15|266|1091\n|player|p2|hoirzion|harlequin|1078\n|gen|9\n|tier|[Gen 9 Champions] VGC 2026 Reg M-A\n|rated|\n|rule|Species Clause: Limit one of each Pok\u00e9mon\n|rule|Item Clause: Limit 1 of each item\n|clearpoke\n|poke|p1|Slowking, L50, F|\n|poke|p1|Tsareena, L50, F|\n|poke|p1|Aegislash, L50, F|\n|poke|p1|Crabominable, L50, F|\n|poke|p1|Camerupt, L50, F|\n|poke|p1|Beartic, L50, F|\n|poke|p2|Starmie, L50|\n|poke|p2|Noivern, L50, M|\n|poke|p2|Pelipper, L50, F|\n|poke|p2|Basculegion, L50, M|\n|poke|p2|Raichu, L50, M|\n|poke|p2|Dragapult, L50, F|\n|teampreview|4\n|inactive|Battle timer is ON: inactive players will automatically lose when time's up. (requested by EddieT15)\n|\n|t:|1776450172\n|teamsize|p1|4\n|teamsize|p2|4\n|start\n|switch|p1a: Tsareena|Tsareena, L50, F|100/100\n|switch|p1b: Slowking|Slowking, L50, F|100/100\n|switch|p2a: Starmie|Starmie, L50, shiny|100/100\n|switch|p2b: Pelipper|Pelipper, L50, F|100/100\n|-weather|RainDance|[from] ability: Drizzle|[of] p2b: Pelipper\n|turn|1\n|\n|t:|1776450197\n|switch|p2a: Raichu|Raichu, L50, M|100/100\n|move|p1a: Tsareena|Protect|p1a: Tsareena\n|-singleturn|p1a: Tsareena|Protect\n|move|p2b: Pelipper|Hurricane|p1a: Tsareena\n|-activate|p1a: Tsareena|move: Protect\n|move|p1b: Slowking|Trick Room|p1b: Slowking\n|-fieldstart|move: Trick Room|[of] p1b: Slowking\n|\n|-weather|RainDance|[upkeep]\n|upkeep\n|turn|2\n|inactive|EddieT15 has 30 seconds left.\n|inactive|EddieT15 has 20 seconds left.\n|inactive|EddieT15 has 15 seconds left.\n|inactive|EddieT15 has 10 seconds left.\n|\n|t:|1776450242\n|switch|p1a: Beartic|Beartic, L50, F|100/100\n|move|p2a: Raichu|Fake Out|p1a: Beartic\n|-damage|p1a: Beartic|89/100\n|-prepare|p1b: Slowking|Chilly Reception|[premajor]\n|move|p1b: Slowking|Chilly Reception|p1b: Slowking\n|-weather|Snowscape\n|\n|t:|1776450251\n|switch|p1b: Camerupt|Camerupt, L50, F|100/100|[from] Chilly Reception\n|move|p2b: Pelipper|Hurricane|p1a: Beartic|[miss]\n|-miss|p2b: Pelipper|p1a: Beartic\n|\n|-weather|Snowscape|[upkeep]\n|upkeep\n|turn|3\n|\n|t:|1776450275\n|switch|p2b: Starmie|Starmie, L50, shiny|100/100\n|move|p2a: Raichu|Protect|p2a: Raichu\n|-singleturn|p2a: Raichu|Protect\n|move|p1b: Camerupt|Eruption|p2b: Starmie|[spread] p2b\n|-activate|p2a: Raichu|move: Protect\n|-resisted|p2b: Starmie|1\n|-crit|p2b: Starmie\n|-damage|p2b: Starmie|43/100\n|move|p1a: Beartic|Curse|p1a: Beartic\n|-unboost|p1a: Beartic|spe|1\n|-boost|p1a: Beartic|atk|1\n|-boost|p1a: Beartic|def|1\n|\n|-weather|Snowscape|[upkeep]\n|upkeep\n|turn|4\n|inactive|EddieT15 has 30 seconds left.\n|inactive|hoirzion has 30 seconds left.\n|\n|t:|1776450301\n|switch|p1b: Tsareena|Tsareena, L50, F|100/100\n|switch|p2a: Pelipper|Pelipper, L50, F|100/100\n|-weather|RainDance|[from] ability: Drizzle|[of] p2a: Pelipper\n|move|p2b: Starmie|Protect|p2b: Starmie\n|-singleturn|p2b: Starmie|Protect\n|move|p1a: Beartic|Rock Slide|p2b: Starmie|[spread] p2a\n|-activate|p2b: Starmie|move: Protect\n|-supereffective|p2a: Pelipper|1\n|-damage|p2a: Pelipper|56/100\n|\n|-weather|RainDance|[upkeep]\n|upkeep\n|turn|5\n|\n|t:|1776450325\n|switch|p2a: Noivern|Noivern, L50, M, shiny|100/100\n|detailschange|p2b: Starmie|Starmie-Mega, L50, shiny\n|-mega|p2b: Starmie|Starmie|Starminite\n|move|p1b: Tsareena|Helping Hand|p1a: Beartic\n|-singleturn|p1a: Beartic|Helping Hand|[of] p1b: Tsareena\n|move|p1a: Beartic|Rock Slide|p2a: Noivern|[spread] p2a\n|-miss|p1a: Beartic|p2b: Starmie\n|-supereffective|p2a: Noivern|1\n|-damage|p2a: Noivern|12/100\n|move|p2b: Starmie|Self-Destruct|p1a: Beartic|[spread] p1a,p1b\n|-activate|p2a: Noivern|ability: Telepathy\n|-damage|p1a: Beartic|32/100\n|-damage|p1b: Tsareena|27/100\n|-enditem|p1b: Tsareena|Sitrus Berry|[eat]\n|-heal|p1b: Tsareena|51/100|[from] item: Sitrus Berry\n|faint|p2b: Starmie\n|\n|-weather|RainDance|[upkeep]\n|-fieldend|move: Trick Room\n|upkeep\n|\n|t:|1776450341\n|switch|p2b: Raichu|Raichu, L50, M|100/100\n|turn|6\n|\n|t:|1776450364\n|move|p1b: Tsareena|Helping Hand|p1a: Beartic\n|-singleturn|p1a: Beartic|Helping Hand|[of] p1b: Tsareena\n|move|p2b: Raichu|Fake Out||[still]\n|cant|p1b: Tsareena|ability: Queenly Majesty|Fake Out|[of] p2b: Raichu\n|move|p2a: Noivern|Tailwind|p2a: Noivern\n|-sidestart|p2: hoirzion|move: Tailwind\n|move|p1a: Beartic|Rock Slide|p2a: Noivern|[spread] p2a\n|-miss|p1a: Beartic|p2b: Raichu\n|-supereffective|p2a: Noivern|1\n|-damage|p2a: Noivern|0 fnt\n|faint|p2a: Noivern\n|\n|-weather|RainDance|[upkeep]\n|upkeep\n|\n|t:|1776450373\n|switch|p2a: Pelipper|Pelipper, L50, F|56/100\n|turn|7\n|\n|t:|1776450397\n|switch|p1b: Slowking|Slowking, L50, F|100/100\n|move|p2b: Raichu|Thunder|p1a: Beartic\n|-damage|p1a: Beartic|2/100\n|move|p2a: Pelipper|Hurricane|p1b: Slowking\n|-crit|p1b: Slowking\n|-damage|p1b: Slowking|59/100\n|-start|p1b: Slowking|confusion\n|move|p1a: Beartic|Rock Slide|p2a: Pelipper|[spread] p2a\n|-miss|p1a: Beartic|p2b: Raichu\n|-supereffective|p2a: Pelipper|1\n|-damage|p2a: Pelipper|12/100\n|\n|-weather|RainDance|[upkeep]\n|upkeep\n|turn|8\n|\n|t:|1776450415\n|move|p2b: Raichu|Thunder|p1b: Slowking\n|-supereffective|p1b: Slowking|1\n|-damage|p1b: Slowking|8/100\n|move|p2a: Pelipper|Roost|p2a: Pelipper\n|-heal|p2a: Pelipper|62/100\n|-singleturn|p2a: Pelipper|move: Roost\n|move|p1a: Beartic|Rock Slide|p2a: Pelipper|[spread] p2a,p2b\n|-damage|p2a: Pelipper|39/100\n|-damage|p2b: Raichu|46/100\n|-activate|p1b: Slowking|confusion\n|move|p1b: Slowking|Trick Room|p1b: Slowking\n|-fieldstart|move: Trick Room|[of] p1b: Slowking\n|\n|-weather|none\n|upkeep\n|turn|9\n|\n|t:|1776450437\n|move|p2a: Pelipper|Protect|p2a: Pelipper\n|-singleturn|p2a: Pelipper|Protect\n|move|p2b: Raichu|Protect|p2b: Raichu\n|-singleturn|p2b: Raichu|Protect\n|move|p1a: Beartic|Rock Slide|p2b: Raichu|[spread] \n|-activate|p2a: Pelipper|move: Protect\n|-activate|p2b: Raichu|move: Protect\n|-prepare|p1b: Slowking|Chilly Reception|[premajor]\n|-activate|p1b: Slowking|confusion\n|move|p1b: Slowking|Chilly Reception|p1b: Slowking\n|-weather|Snowscape\n|\n|t:|1776450447\n|switch|p1b: Camerupt|Camerupt, L50, F|100/100|[from] Chilly Reception\n|\n|-weather|Snowscape|[upkeep]\n|-sideend|p2: hoirzion|move: Tailwind\n|upkeep\n|turn|10\n|\n|t:|1776450460\n|detailschange|p1b: Camerupt|Camerupt-Mega, L50, F\n|-mega|p1b: Camerupt|Camerupt|Cameruptite\n|move|p1b: Camerupt|Eruption|p2a: Pelipper|[spread] p2a,p2b\n|-resisted|p2a: Pelipper|1\n|-damage|p2a: Pelipper|0 fnt\n|-damage|p2b: Raichu|0 fnt\n|faint|p2a: Pelipper\n|faint|p2b: Raichu\n|\n|win|EddieT15\n|raw|EddieT15's rating: 1091 &rarr; <strong>1116</strong><br />(+25 for winning)\n|raw|hoirzion's rating: 1078 &rarr; <strong>1057</strong><br />(-21 for losing)\n|l|\u2606hoirzion\n|player|p2|\n",
  "uploadtime": 1776450484,
  "views": 32,
  "formatid": "gen9championsvgc2026regma",
  "rating": 1057,
  "private": 0,
  "password": null
}