{
  "id": "gen9championsvgc2026regma-2584674357",
  "format": "[Gen 9 Champions] VGC 2026 Reg M-A",
  "players": [
    "skywalkingchris",
    "Keldeo_FEA"
  ],
  "log": "|j|\u2606skywalkingchris\n|j|\u2606Keldeo_FEA\n|t:|1776275976\n|gametype|doubles\n|player|p1|skywalkingchris|2|1101\n|player|p2|Keldeo_FEA|266|1091\n|gen|9\n|tier|[Gen 9 Champions] VGC 2026 Reg M-A\n|rated|\n|rule|Species Clause: Limit one of each Pok\u00e9mon\n|rule|Item Clause: Limit 1 of each item\n|clearpoke\n|poke|p1|Froslass, L50, F|\n|poke|p1|Whimsicott, L50, F|\n|poke|p1|Maushold-Four, L50|\n|poke|p1|Kangaskhan, L50, F|\n|poke|p1|Weavile, L50, F|\n|poke|p1|Gallade, L50, M|\n|poke|p2|Incineroar, L50, F|\n|poke|p2|Charizard, L50, F|\n|poke|p2|Sinistcha, L50|\n|poke|p2|Whimsicott, L50, F|\n|poke|p2|Gardevoir, L50, M|\n|poke|p2|Basculegion, L50, M|\n|teampreview|4\n|inactive|Battle timer is ON: inactive players will automatically lose when time's up. (requested by Keldeo_FEA)\n|inactive|skywalkingchris has 60 seconds left.\n|inactive|Keldeo_FEA has 60 seconds left.\n|\n|t:|1776276027\n|teamsize|p1|4\n|teamsize|p2|4\n|start\n|switch|p1a: Kangaskhan|Kangaskhan, L50, F|100/100\n|switch|p1b: Weavile|Weavile, L50, F|100/100\n|switch|p2a: Whimsicott|Whimsicott, L50, F, shiny|100/100\n|switch|p2b: Gardevoir|Gardevoir, L50, M, shiny|100/100\n|-ability|p2b: Gardevoir|Scrappy|Trace|[from] ability: Trace|[of] p1a: Kangaskhan\n|turn|1\n|\n|t:|1776276047\n|detailschange|p2b: Gardevoir|Gardevoir-Mega, L50, M, shiny\n|-mega|p2b: Gardevoir|Gardevoir|Gardevoirite\n|move|p2a: Whimsicott|Helping Hand|p2b: Gardevoir\n|-singleturn|p2b: Gardevoir|Helping Hand|[of] p2a: Whimsicott\n|move|p1a: Kangaskhan|Fake Out|p2b: Gardevoir\n|-damage|p2b: Gardevoir|76/100\n|move|p1b: Weavile|Triple Axel|p2a: Whimsicott\n|-supereffective|p2a: Whimsicott|1\n|-damage|p2a: Whimsicott|69/100\n|-supereffective|p2a: Whimsicott|1\n|-crit|p2a: Whimsicott\n|-damage|p2a: Whimsicott|0 fnt\n|faint|p2a: Whimsicott\n|-hitcount|p2: Whimsicott|2\n|cant|p2b: Gardevoir|flinch\n|\n|upkeep\n|\n|t:|1776276065\n|switch|p2a: Incineroar|Incineroar, L50, F|100/100\n|-ability|p2a: Incineroar|Intimidate|boost\n|-fail|p1a: Kangaskhan|unboost|Attack|[from] ability: Scrappy|[of] p1a: Kangaskhan\n|-unboost|p1b: Weavile|atk|1\n|turn|2\n|\n|t:|1776276081\n|switch|p1a: Whimsicott|Whimsicott, L50, F|100/100\n|move|p1b: Weavile|Protect|p1b: Weavile\n|-singleturn|p1b: Weavile|Protect\n|move|p2a: Incineroar|Fake Out|p1a: Whimsicott\n|-damage|p1a: Whimsicott|81/100\n|move|p2b: Gardevoir|Aura Sphere|p1b: Weavile\n|-activate|p1b: Weavile|move: Protect\n|\n|upkeep\n|turn|3\n|inactive|skywalkingchris has 30 seconds left.\n|\n|t:|1776276116\n|switch|p1b: Kangaskhan|Kangaskhan, L50, F|100/100\n|move|p1a: Whimsicott|Moonblast|p2a: Incineroar\n|-damage|p2a: Incineroar|66/100\n|move|p2b: Gardevoir|Hyper Voice|p1b: Kangaskhan|[spread] p1a,p1b\n|-damage|p1a: Whimsicott|9/100\n|-damage|p1b: Kangaskhan|42/100\n|move|p2a: Incineroar|Flare Blitz|p1a: Whimsicott\n|-supereffective|p1a: Whimsicott|1\n|-damage|p1a: Whimsicott|0 fnt\n|faint|p1a: Whimsicott\n|-damage|p2a: Incineroar|63/100|[from] Recoil\n|\n|-heal|p1b: Kangaskhan|48/100|[from] item: Leftovers\n|upkeep\n|\n|t:|1776276129\n|switch|p1a: Froslass|Froslass, L50, F|100/100\n|turn|4\n|\n|t:|1776276152\n|switch|p2a: Sinistcha|Sinistcha, L50|100/100\n|-heal|p2b: Gardevoir|100/100|[from] ability: Hospitality|[of] p2a: Sinistcha\n|detailschange|p1a: Froslass|Froslass-Mega, L50, F\n|-mega|p1a: Froslass|Froslass|Froslassite\n|-weather|Snowscape|[from] ability: Snow Warning|[of] p1a: Froslass\n|move|p1a: Froslass|Blizzard|p2a: Sinistcha|[spread] p2a,p2b\n|-supereffective|p2a: Sinistcha|1\n|-damage|p2a: Sinistcha|23/100\n|-damage|p2b: Gardevoir|67/100\n|move|p1b: Kangaskhan|Low Kick|p2a: Sinistcha\n|-damage|p2a: Sinistcha|17/100\n|move|p2b: Gardevoir|Psychic|p1a: Froslass\n|-damage|p1a: Froslass|34/100\n|\n|-weather|Snowscape|[upkeep]\n|-heal|p1b: Kangaskhan|54/100|[from] item: Leftovers\n|-heal|p2a: Sinistcha|23/100|[from] item: Leftovers\n|upkeep\n|turn|5\n|inactive|Keldeo_FEA has 30 seconds left.\n|\n|t:|1776276186\n|switch|p2a: Incineroar|Incineroar, L50, F|63/100\n|-ability|p2a: Incineroar|Intimidate|boost\n|-unboost|p1a: Froslass|atk|1\n|-fail|p1b: Kangaskhan|unboost|Attack|[from] ability: Scrappy|[of] p1b: Kangaskhan\n|move|p1a: Froslass|Blizzard|p2b: Gardevoir|[spread] p2a,p2b\n|-resisted|p2a: Incineroar|1\n|-damage|p2a: Incineroar|44/100\n|-damage|p2b: Gardevoir|29/100\n|move|p1b: Kangaskhan|Body Slam|p2b: Gardevoir\n|-damage|p2b: Gardevoir|0 fnt\n|faint|p2b: Gardevoir\n|\n|-weather|Snowscape|[upkeep]\n|-heal|p1b: Kangaskhan|60/100|[from] item: Leftovers\n|upkeep\n|\n|t:|1776276198\n|switch|p2b: Sinistcha|Sinistcha, L50|23/100\n|-heal|p2a: Incineroar|68/100|[from] ability: Hospitality|[of] p2b: Sinistcha\n|turn|6\n|\n|t:|1776276213\n|move|p1a: Froslass|Protect|p1a: Froslass\n|-singleturn|p1a: Froslass|Protect\n|move|p1b: Kangaskhan|Body Slam|p2a: Incineroar\n|-damage|p2a: Incineroar|36/100\n|move|p2b: Sinistcha|Strength Sap|p1b: Kangaskhan\n|-unboost|p1b: Kangaskhan|atk|1\n|-heal|p2b: Sinistcha|100/100\n|move|p2a: Incineroar|Flare Blitz|p1a: Froslass\n|-activate|p1a: Froslass|move: Protect\n|\n|-weather|Snowscape|[upkeep]\n|-heal|p1b: Kangaskhan|67/100|[from] item: Leftovers\n|upkeep\n|turn|7\n|\n|t:|1776276238\n|move|p1a: Froslass|Blizzard|p2b: Sinistcha|[spread] p2a,p2b\n|-resisted|p2a: Incineroar|1\n|-supereffective|p2b: Sinistcha|1\n|-damage|p2a: Incineroar|13/100\n|-damage|p2b: Sinistcha|26/100\n|move|p1b: Kangaskhan|Body Slam|p2a: Incineroar\n|-damage|p2a: Incineroar|0 fnt\n|faint|p2a: Incineroar\n|move|p2b: Sinistcha|Matcha Gotcha|p1b: Kangaskhan|[spread] p1a,p1b\n|-damage|p1a: Froslass|5/100\n|-heal|p2b: Sinistcha|39/100|[from] drain|[of] p1a: Froslass\n|-damage|p1b: Kangaskhan|40/100\n|-heal|p2b: Sinistcha|52/100|[from] drain|[of] p1b: Kangaskhan\n|\n|-weather|Snowscape|[upkeep]\n|-heal|p1b: Kangaskhan|46/100|[from] item: Leftovers\n|-heal|p2b: Sinistcha|58/100|[from] item: Leftovers\n|upkeep\n|turn|8\n|\n|t:|1776276256\n|move|p1b: Kangaskhan|Sucker Punch|p2b: Sinistcha\n|-supereffective|p2b: Sinistcha|1\n|-crit|p2b: Sinistcha\n|-damage|p2b: Sinistcha|6/100\n|move|p1a: Froslass|Blizzard|p2b: Sinistcha\n|-supereffective|p2b: Sinistcha|1\n|-damage|p2b: Sinistcha|0 fnt\n|faint|p2b: Sinistcha\n|\n|win|skywalkingchris\n|raw|skywalkingchris's rating: 1101 &rarr; <strong>1125</strong><br />(+24 for winning)\n|raw|Keldeo_FEA's rating: 1091 &rarr; <strong>1068</strong><br />(-23 for losing)\n|l|\u2606Keldeo_FEA\n|player|p2|\n",
  "uploadtime": 1776276264,
  "views": 30,
  "formatid": "gen9championsvgc2026regma",
  "rating": 1068,
  "private": 0,
  "password": null
}