{
  "id": "gen9championsvgc2026regma-2585273521",
  "format": "[Gen 9 Champions] VGC 2026 Reg M-A",
  "players": [
    "lillo2710",
    "kangkang"
  ],
  "log": "|j|\u2606lillo2710\n|j|\u2606kangkang\n|t:|1776332544\n|gametype|doubles\n|player|p1|lillo2710|1|1370\n|player|p2|kangkang|2|1341\n|gen|9\n|tier|[Gen 9 Champions] VGC 2026 Reg M-A\n|rated|\n|rule|Species Clause: Limit one of each Pok\u00e9mon\n|rule|Item Clause: Limit 1 of each item\n|clearpoke\n|poke|p1|Venusaur, L50, M|\n|poke|p1|Incineroar, L50, F|\n|poke|p1|Basculegion, L50, M|\n|poke|p1|Corviknight, L50, M|\n|poke|p1|Garchomp, L50, M|\n|poke|p1|Ninetales-Alola, L50, F|\n|poke|p2|Clefable, L50, F|\n|poke|p2|Incineroar, L50, M|\n|poke|p2|Rotom-Wash, L50|\n|poke|p2|Aegislash, L50, M|\n|poke|p2|Pelipper, L50, F|\n|poke|p2|Glimmora, L50, F|\n|teampreview|4\n|inactive|Battle timer is ON: inactive players will automatically lose when time's up. (requested by lillo2710)\n|\n|t:|1776332594\n|teamsize|p1|4\n|teamsize|p2|4\n|start\n|switch|p1a: Venusaur|Venusaur, L50, M|100/100\n|switch|p1b: Basculegion|Basculegion, L50, M|100/100\n|switch|p2a: Rotom|Rotom-Wash, L50|100/100\n|switch|p2b: Glimmora|Glimmora, L50, F|100/100\n|turn|1\n|inactive|lillo2710 has 30 seconds left.\n|inactive|lillo2710 has 20 seconds left.\n|\n|t:|1776332632\n|switch|p2a: Incineroar|Incineroar, L50, M|100/100\n|-ability|p2a: Incineroar|Intimidate|boost\n|-unboost|p1a: Venusaur|atk|1\n|-unboost|p1b: Basculegion|atk|1\n|detailschange|p2b: Glimmora|Glimmora-Mega, L50, F\n|-mega|p2b: Glimmora|Glimmora|Glimmoranite\n|detailschange|p1a: Venusaur|Venusaur-Mega, L50, M\n|-mega|p1a: Venusaur|Venusaur|Venusaurite\n|move|p2b: Glimmora|Spiky Shield|p2b: Glimmora\n|-singleturn|p2b: Glimmora|move: Protect\n|move|p1b: Basculegion|Flip Turn|p2a: Incineroar\n|-supereffective|p2a: Incineroar|1\n|-damage|p2a: Incineroar|45/100\n|-enditem|p2a: Incineroar|Sitrus Berry|[eat]\n|-heal|p2a: Incineroar|70/100|[from] item: Sitrus Berry\n|\n|t:|1776332647\n|switch|p1b: Ninetales|Ninetales-Alola, L50, F|100/100|[from] Flip Turn\n|-weather|Snowscape|[from] ability: Snow Warning|[of] p1b: Ninetales\n|move|p1a: Venusaur|Earth Power|p2b: Glimmora\n|-activate|p2b: Glimmora|move: Protect\n|\n|-weather|Snowscape|[upkeep]\n|upkeep\n|turn|2\n|\n|t:|1776332661\n|move|p2a: Incineroar|Fake Out|p1a: Venusaur\n|-damage|p1a: Venusaur|93/100\n|move|p1b: Ninetales|Aurora Veil|p1b: Ninetales\n|-sidestart|p1: lillo2710|move: Aurora Veil\n|move|p2b: Glimmora|Sludge Bomb|p1b: Ninetales\n|-supereffective|p1b: Ninetales|1\n|-enditem|p1b: Ninetales|Focus Sash\n|-damage|p1b: Ninetales|1/100\n|cant|p1a: Venusaur|flinch\n|\n|-weather|Snowscape|[upkeep]\n|upkeep\n|turn|3\n|\n|t:|1776332675\n|switch|p2b: Pelipper|Pelipper, L50, F|100/100\n|-weather|RainDance|[from] ability: Drizzle|[of] p2b: Pelipper\n|move|p1b: Ninetales|Encore|p2a: Incineroar\n|-start|p2a: Incineroar|Encore\n|move|p2a: Incineroar|Fake Out||[still]\n|-hint|Fake Out only works on your first turn out.\n|-fail|p2a: Incineroar\n|move|p1a: Venusaur|Earth Power|p2b: Pelipper\n|-immune|p2b: Pelipper\n|\n|-weather|RainDance|[upkeep]\n|upkeep\n|turn|4\n|\n|t:|1776332691\n|switch|p1b: Basculegion|Basculegion, L50, M|100/100\n|switch|p2a: Rotom|Rotom-Wash, L50|100/100\n|move|p2b: Pelipper|Hurricane|p1a: Venusaur\n|-supereffective|p1a: Venusaur|1\n|-damage|p1a: Venusaur|48/100\n|move|p1a: Venusaur|Leech Seed|p2b: Pelipper\n|-start|p2b: Pelipper|move: Leech Seed\n|\n|-weather|RainDance|[upkeep]\n|-damage|p2b: Pelipper|88/100|[from] Leech Seed|[of] p1a: Venusaur\n|-heal|p1a: Venusaur|57/100|[silent]\n|upkeep\n|turn|5\n|\n|t:|1776332713\n|move|p1a: Venusaur|Protect|p1a: Venusaur\n|-singleturn|p1a: Venusaur|Protect\n|move|p1b: Basculegion|Flip Turn|p2a: Rotom\n|-resisted|p2a: Rotom|1\n|-damage|p2a: Rotom|76/100\n|\n|t:|1776332720\n|switch|p1b: Incineroar|Incineroar, L50, F|100/100|[from] Flip Turn\n|-ability|p1b: Incineroar|Intimidate|boost\n|-unboost|p2a: Rotom|atk|1\n|-unboost|p2b: Pelipper|atk|1\n|move|p2b: Pelipper|Tailwind|p2b: Pelipper\n|-sidestart|p2: kangkang|move: Tailwind\n|move|p2a: Rotom|Volt Switch|p1b: Incineroar\n|-damage|p1b: Incineroar|86/100\n|\n|t:|1776332737\n|switch|p2a: Incineroar|Incineroar, L50, M|70/100|[from] Volt Switch\n|-ability|p2a: Incineroar|Intimidate|boost\n|-unboost|p1a: Venusaur|atk|1\n|-unboost|p1b: Incineroar|atk|1\n|\n|-weather|RainDance|[upkeep]\n|-damage|p2b: Pelipper|76/100|[from] Leech Seed|[of] p1a: Venusaur\n|-heal|p1a: Venusaur|66/100|[silent]\n|upkeep\n|turn|6\n|\n|t:|1776332750\n|switch|p2b: Glimmora|Glimmora-Mega, L50, F|100/100\n|move|p2a: Incineroar|Fake Out|p1a: Venusaur\n|-damage|p1a: Venusaur|61/100\n|move|p1b: Incineroar|Fake Out|p2b: Glimmora\n|-resisted|p2b: Glimmora|1\n|-damage|p2b: Glimmora|97/100\n|cant|p1a: Venusaur|flinch\n|\n|-weather|RainDance|[upkeep]\n|-sideend|p1: lillo2710|move: Aurora Veil\n|upkeep\n|turn|7\n|inactive|kangkang has 30 seconds left.\n|\n|t:|1776332775\n|move|p2b: Glimmora|Spiky Shield|p2b: Glimmora\n|-singleturn|p2b: Glimmora|move: Protect\n|move|p2a: Incineroar|Parting Shot|p1a: Venusaur\n|-unboost|p1a: Venusaur|atk|1\n|-unboost|p1a: Venusaur|spa|1\n|\n|t:|1776332781\n|switch|p2a: Rotom|Rotom-Wash, L50|76/100|[from] Parting Shot\n|move|p1a: Venusaur|Earth Power|p2b: Glimmora\n|-activate|p2b: Glimmora|move: Protect\n|move|p1b: Incineroar|Parting Shot|p2a: Rotom\n|-unboost|p2a: Rotom|atk|1\n|-unboost|p2a: Rotom|spa|1\n|\n|t:|1776332784\n|switch|p1b: Basculegion|Basculegion, L50, M|100/100|[from] Parting Shot\n|\n|-weather|none\n|-heal|p2a: Rotom|82/100|[from] item: Leftovers\n|upkeep\n|turn|8\n|\n|t:|1776332806\n|switch|p2b: Pelipper|Pelipper, L50, F|76/100\n|-weather|RainDance|[from] ability: Drizzle|[of] p2b: Pelipper\n|move|p2a: Rotom|Thunder|p1b: Basculegion\n|-supereffective|p1b: Basculegion|1\n|-damage|p1b: Basculegion|39/100\n|-status|p1b: Basculegion|par\n|move|p1b: Basculegion|Wave Crash|p2b: Pelipper\n|-resisted|p2b: Pelipper|1\n|-damage|p2b: Pelipper|0 fnt\n|faint|p2b: Pelipper\n|-damage|p1b: Basculegion|21/100 par|[from] Recoil\n|move|p1a: Venusaur|Leech Seed|p2a: Rotom\n|-start|p2a: Rotom|move: Leech Seed\n|\n|-weather|RainDance|[upkeep]\n|-heal|p2a: Rotom|88/100|[from] item: Leftovers\n|-damage|p2a: Rotom|76/100|[from] Leech Seed|[of] p1a: Venusaur\n|-heal|p1a: Venusaur|71/100|[silent]\n|-sideend|p2: kangkang|move: Tailwind\n|upkeep\n|inactive|kangkang has 30 seconds left.\n|\n|t:|1776332838\n|switch|p2b: Glimmora|Glimmora-Mega, L50, F|97/100\n|turn|9\n|inactive|lillo2710 has 30 seconds left.\n|inactive|lillo2710 has 20 seconds left.\n|inactive|lillo2710 has 15 seconds left.\n|\n|t:|1776332878\n|switch|p1b: Ninetales|Ninetales-Alola, L50, F|1/100\n|-weather|Snowscape|[from] ability: Snow Warning|[of] p1b: Ninetales\n|move|p2b: Glimmora|Sludge Bomb|p1a: Venusaur\n|-damage|p1a: Venusaur|22/100\n|move|p2a: Rotom|Volt Switch|p1b: Ninetales\n|-damage|p1b: Ninetales|0 fnt\n|faint|p1b: Ninetales\n|\n|t:|1776332887\n|switch|p2a: Incineroar|Incineroar, L50, M|70/100|[from] Volt Switch\n|-ability|p2a: Incineroar|Intimidate|boost\n|-unboost|p1a: Venusaur|atk|1\n|move|p1a: Venusaur|Leech Seed|p2b: Glimmora\n|-start|p2b: Glimmora|move: Leech Seed\n|\n|-weather|Snowscape|[upkeep]\n|-damage|p2b: Glimmora|85/100|[from] Leech Seed|[of] p1a: Venusaur\n|-heal|p1a: Venusaur|32/100|[silent]\n|upkeep\n|\n|t:|1776332895\n|switch|p1b: Incineroar|Incineroar, L50, F|86/100\n|-ability|p1b: Incineroar|Intimidate|boost\n|-unboost|p2a: Incineroar|atk|1\n|-unboost|p2b: Glimmora|atk|1\n|turn|10\n|\n|t:|1776332908\n|switch|p2b: Rotom|Rotom-Wash, L50|76/100\n|move|p1a: Venusaur|Protect|p1a: Venusaur\n|-singleturn|p1a: Venusaur|Protect\n|move|p1b: Incineroar|Fake Out|p2b: Rotom\n|-damage|p2b: Rotom|65/100\n|move|p2a: Incineroar|Parting Shot|p1b: Incineroar\n|-unboost|p1b: Incineroar|atk|1\n|-unboost|p1b: Incineroar|spa|1\n|\n|t:|1776332917\n|switch|p2a: Glimmora|Glimmora-Mega, L50, F|85/100|[from] Parting Shot\n|\n|-weather|Snowscape|[upkeep]\n|-heal|p2b: Rotom|71/100|[from] item: Leftovers\n|upkeep\n|turn|11\n|\n|t:|1776332933\n|move|p2a: Glimmora|Sludge Bomb|p1a: Venusaur\n|-damage|p1a: Venusaur|0 fnt\n|faint|p1a: Venusaur\n|move|p2b: Rotom|Hydro Pump|p1b: Incineroar|[miss]\n|-miss|p2b: Rotom|p1b: Incineroar\n|move|p1b: Incineroar|Throat Chop|p2a: Glimmora\n|-damage|p2a: Glimmora|62/100\n|-start|p2a: Glimmora|Throat Chop|[silent]\n|\n|-weather|Snowscape|[upkeep]\n|-heal|p2b: Rotom|77/100|[from] item: Leftovers\n|upkeep\n|\n|t:|1776332939\n|switch|p1a: Basculegion|Basculegion, L50, M|21/100 par\n|turn|12\n|-message|lillo2710 forfeited.\n|\n|win|kangkang\n|raw|lillo2710's rating: 1370 &rarr; <strong>1348</strong><br />(-22 for losing)\n|raw|kangkang's rating: 1341 &rarr; <strong>1363</strong><br />(+22 for winning)\n|l|\u2606lillo2710\n|player|p1|\n",
  "uploadtime": 1776332948,
  "views": 45,
  "formatid": "gen9championsvgc2026regma",
  "rating": 1348,
  "private": 0,
  "password": null
}