{
  "id": "gen9championsvgc2026regma-2583903314",
  "format": "[Gen 9 Champions] VGC 2026 Reg M-A",
  "players": [
    "nusocs-m",
    "Xedivad"
  ],
  "log": "|j|\u2606nusocs-m\n|j|\u2606Xedivad\n|t:|1776206924\n|gametype|doubles\n|player|p1|nusocs-m|unknown|1085\n|player|p2|Xedivad|morty|1090\n|gen|9\n|tier|[Gen 9 Champions] VGC 2026 Reg M-A\n|rated|\n|rule|Species Clause: Limit one of each Pok\u00e9mon\n|rule|Item Clause: Limit 1 of each item\n|clearpoke\n|poke|p1|Charizard, L50, M|\n|poke|p1|Aerodactyl, L50, M|\n|poke|p1|Garchomp, L50, F|\n|poke|p1|Glimmora, L50, F|\n|poke|p1|Incineroar, L50, F|\n|poke|p1|Venusaur, L50, M|\n|poke|p2|Floette-Eternal, L50, F|\n|poke|p2|Sinistcha, L50|\n|poke|p2|Incineroar, L50, F|\n|poke|p2|Basculegion, L50, M|\n|poke|p2|Garchomp, L50, M|\n|poke|p2|Ninetales-Alola, L50, M|\n|teampreview|4\n|\n|t:|1776206936\n|teamsize|p1|4\n|teamsize|p2|4\n|start\n|switch|p1a: Aerodactyl|Aerodactyl, L50, M|100/100\n|switch|p1b: Garchomp|Garchomp, L50, F|100/100\n|switch|p2a: Incineroar|Incineroar, L50, F|100/100\n|switch|p2b: Ninetales|Ninetales-Alola, L50, M|100/100\n|-ability|p1a: Aerodactyl|Unnerve\n|-weather|Snowscape|[from] ability: Snow Warning|[of] p2b: Ninetales\n|-ability|p2a: Incineroar|Intimidate|boost\n|-unboost|p1a: Aerodactyl|atk|1\n|-unboost|p1b: Garchomp|atk|1\n|turn|1\n|\n|t:|1776206991\n|switch|p1b: Incineroar|Incineroar, L50, F|100/100\n|-ability|p1b: Incineroar|Intimidate|boost\n|-unboost|p2a: Incineroar|atk|1\n|-unboost|p2b: Ninetales|atk|1\n|move|p2a: Incineroar|Fake Out|p1b: Incineroar\n|-damage|p1b: Incineroar|93/100\n|move|p1a: Aerodactyl|Rock Slide|p2a: Incineroar|[spread] p2a,p2b\n|-supereffective|p2a: Incineroar|1\n|-supereffective|p2b: Ninetales|1\n|-damage|p2a: Incineroar|58/100\n|-damage|p2b: Ninetales|64/100\n|cant|p2b: Ninetales|flinch\n|\n|-weather|Snowscape|[upkeep]\n|upkeep\n|turn|2\n|\n|t:|1776207024\n|move|p2b: Ninetales|Protect|p2b: Ninetales\n|-singleturn|p2b: Ninetales|Protect\n|move|p1a: Aerodactyl|Tailwind|p1a: Aerodactyl\n|-sidestart|p1: nusocs-m|move: Tailwind\n|move|p1b: Incineroar|Flare Blitz|p2b: Ninetales\n|-activate|p2b: Ninetales|move: Protect\n|move|p2a: Incineroar|Parting Shot|p1a: Aerodactyl\n|-unboost|p1a: Aerodactyl|atk|1\n|-unboost|p1a: Aerodactyl|spa|1\n|\n|t:|1776207038\n|switch|p2a: Floette|Floette-Eternal, L50, F|100/100|[from] Parting Shot\n|\n|-weather|Snowscape|[upkeep]\n|upkeep\n|turn|3\n|\n|t:|1776207050\n|detailschange|p2a: Floette|Floette-Mega, L50, F\n|-mega|p2a: Floette|Floette|Floettite\n|-ability|p2a: Floette|Fairy Aura\n|move|p1a: Aerodactyl|Rock Slide|p2b: Ninetales|[spread] p2b\n|-miss|p1a: Aerodactyl|p2a: Floette\n|-supereffective|p2b: Ninetales|1\n|-damage|p2b: Ninetales|39/100\n|move|p1b: Incineroar|Parting Shot|p2a: Floette\n|-unboost|p2a: Floette|atk|1\n|-unboost|p2a: Floette|spa|1\n|\n|t:|1776207062\n|switch|p1b: Glimmora|Glimmora, L50, F|100/100|[from] Parting Shot\n|move|p2b: Ninetales|Aurora Veil|p2b: Ninetales\n|-sidestart|p2: Xedivad|move: Aurora Veil\n|move|p2a: Floette|Calm Mind|p2a: Floette\n|-boost|p2a: Floette|spa|1\n|-boost|p2a: Floette|spd|1\n|\n|-weather|Snowscape|[upkeep]\n|upkeep\n|turn|4\n|inactive|Battle timer is ON: inactive players will automatically lose when time's up. (requested by Xedivad)\n|\n|t:|1776207101\n|switch|p2b: Sinistcha|Sinistcha, L50|100/100\n|detailschange|p1b: Glimmora|Glimmora-Mega, L50, F\n|-mega|p1b: Glimmora|Glimmora|Glimmoranite\n|move|p1a: Aerodactyl|Protect|p1a: Aerodactyl\n|-singleturn|p1a: Aerodactyl|Protect\n|move|p1b: Glimmora|Sludge Bomb|p2a: Floette\n|-supereffective|p2a: Floette|1\n|-damage|p2a: Floette|50/100\n|move|p2a: Floette|Draining Kiss|p1a: Aerodactyl\n|-activate|p1a: Aerodactyl|move: Protect\n|\n|-weather|Snowscape|[upkeep]\n|upkeep\n|turn|5\n|inactive|nusocs-m has 30 seconds left.\n|\n|t:|1776207128\n|move|p2b: Sinistcha|Rage Powder|p2b: Sinistcha\n|-singleturn|p2b: Sinistcha|move: Rage Powder\n|move|p1a: Aerodactyl|Dual Wingbeat|p2b: Sinistcha\n|-supereffective|p2b: Sinistcha|1\n|-damage|p2b: Sinistcha|89/100\n|-supereffective|p2b: Sinistcha|1\n|-crit|p2b: Sinistcha\n|-damage|p2b: Sinistcha|45/100\n|-hitcount|p2b: Sinistcha|2\n|move|p1b: Glimmora|Sludge Bomb|p2b: Sinistcha\n|-crit|p2b: Sinistcha\n|-damage|p2b: Sinistcha|0 fnt\n|faint|p2b: Sinistcha\n|move|p2a: Floette|Calm Mind|p2a: Floette\n|-boost|p2a: Floette|spa|1\n|-boost|p2a: Floette|spd|1\n|\n|-weather|none\n|-sideend|p1: nusocs-m|move: Tailwind\n|upkeep\n|\n|t:|1776207139\n|switch|p2b: Incineroar|Incineroar, L50, F|58/100\n|-ability|p2b: Incineroar|Intimidate|boost\n|-unboost|p1a: Aerodactyl|atk|1\n|-unboost|p1b: Glimmora|atk|1\n|turn|6\n|\n|t:|1776207154\n|move|p2b: Incineroar|Fake Out|p1b: Glimmora\n|-resisted|p1b: Glimmora|1\n|-damage|p1b: Glimmora|93/100\n|move|p1a: Aerodactyl|Tailwind|p1a: Aerodactyl\n|-sidestart|p1: nusocs-m|move: Tailwind\n|cant|p1b: Glimmora|flinch\n|move|p2a: Floette|Draining Kiss|p1a: Aerodactyl\n|-damage|p1a: Aerodactyl|22/100\n|-heal|p2a: Floette|100/100|[from] drain|[of] p1a: Aerodactyl\n|\n|upkeep\n|turn|7\n|\n|t:|1776207170\n|move|p1b: Glimmora|Spiky Shield|p1b: Glimmora\n|-singleturn|p1b: Glimmora|move: Protect\n|move|p2a: Floette|Protect|p2a: Floette\n|-singleturn|p2a: Floette|Protect\n|move|p1a: Aerodactyl|Rock Slide|p2b: Incineroar|[spread] p2b\n|-activate|p2a: Floette|move: Protect\n|-supereffective|p2b: Incineroar|1\n|-damage|p2b: Incineroar|41/100\n|move|p2b: Incineroar|Parting Shot|p1b: Glimmora\n|-activate|p1b: Glimmora|move: Protect\n|\n|-sideend|p2: Xedivad|move: Aurora Veil\n|upkeep\n|turn|8\n|\n|t:|1776207184\n|move|p2b: Incineroar|Protect|p2b: Incineroar\n|-singleturn|p2b: Incineroar|Protect\n|move|p1a: Aerodactyl|Rock Slide|p2b: Incineroar|[spread] p2a\n|-activate|p2b: Incineroar|move: Protect\n|-damage|p2a: Floette|90/100\n|move|p1b: Glimmora|Sludge Bomb|p2a: Floette\n|-supereffective|p2a: Floette|1\n|-damage|p2a: Floette|33/100\n|-status|p2a: Floette|psn\n|cant|p2a: Floette|flinch\n|\n|-damage|p2a: Floette|21/100 psn|[from] psn\n|upkeep\n|turn|9\n|\n|t:|1776207199\n|move|p2a: Floette|Protect|p2a: Floette\n|-singleturn|p2a: Floette|Protect\n|move|p1a: Aerodactyl|Rock Slide|p2b: Incineroar|[spread] \n|-activate|p2a: Floette|move: Protect\n|-miss|p1a: Aerodactyl|p2b: Incineroar\n|move|p1b: Glimmora|Power Gem|p2b: Incineroar\n|-supereffective|p2b: Incineroar|1\n|-damage|p2b: Incineroar|0 fnt\n|faint|p2b: Incineroar\n|\n|-damage|p2a: Floette|9/100 psn|[from] psn\n|-sideend|p1: nusocs-m|move: Tailwind\n|upkeep\n|\n|t:|1776207209\n|switch|p2b: Ninetales|Ninetales-Alola, L50, M|39/100\n|-weather|Snowscape|[from] ability: Snow Warning|[of] p2b: Ninetales\n|turn|10\n|-message|Xedivad forfeited.\n|\n|win|nusocs-m\n|raw|nusocs-m's rating: 1085 &rarr; <strong>1113</strong><br />(+28 for winning)\n|raw|Xedivad's rating: 1090 &rarr; <strong>1066</strong><br />(-24 for losing)\n|l|\u2606Xedivad\n|player|p2|\n",
  "uploadtime": 1776207216,
  "views": 17,
  "formatid": "gen9championsvgc2026regma",
  "rating": 1066,
  "private": 0,
  "password": null
}