{
  "id": "gen9championsvgc2026regma-2584158330",
  "format": "[Gen 9 Champions] VGC 2026 Reg M-A",
  "players": [
    "firewood87",
    "Navicula"
  ],
  "log": "|j|\u2606firewood87\n|j|\u2606Navicula\n|t:|1776232137\n|gametype|doubles\n|player|p1|firewood87|iono|1089\n|player|p2|Navicula|scientist-gen4|1167\n|gen|9\n|tier|[Gen 9 Champions] VGC 2026 Reg M-A\n|rated|\n|rule|Species Clause: Limit one of each Pok\u00e9mon\n|rule|Item Clause: Limit 1 of each item\n|clearpoke\n|poke|p1|Farigiraf, L50, F|\n|poke|p1|Golurk, L50|\n|poke|p1|Klefki, L50, M|\n|poke|p1|Camerupt, L50, F|\n|poke|p1|Torkoal, L50, F|\n|poke|p1|Sinistcha, L50|\n|poke|p2|Audino, L50, F|\n|poke|p2|Kommo-o, L50, F|\n|poke|p2|Sinistcha, L50|\n|poke|p2|Lucario, L50, F|\n|poke|p2|Aegislash, L50, M|\n|poke|p2|Toucannon, L50, M|\n|teampreview|4\n|\n|t:|1776232184\n|teamsize|p1|4\n|teamsize|p2|4\n|start\n|switch|p1a: Klefki|Klefki, L50, M|100/100\n|switch|p1b: Golurk|Golurk, L50|100/100\n|switch|p2a: Moop|Audino, L50, F, shiny|100/100\n|switch|p2b: Rangus Bumclappa|Kommo-o, L50, F|100/100\n|turn|1\n|\n|t:|1776232210\n|detailschange|p1b: Golurk|Golurk-Mega, L50\n|-mega|p1b: Golurk|Golurk|Golurkite\n|move|p2a: Moop|Simple Beam|p2b: Rangus Bumclappa\n|-ability|p2b: Rangus Bumclappa|Simple|Soundproof|[from] move: Simple Beam\n|move|p2b: Rangus Bumclappa|Clangorous Soul|p2b: Rangus Bumclappa\n|-boost|p2b: Rangus Bumclappa|atk|2\n|-boost|p2b: Rangus Bumclappa|def|2\n|-boost|p2b: Rangus Bumclappa|spa|2\n|-boost|p2b: Rangus Bumclappa|spd|2\n|-boost|p2b: Rangus Bumclappa|spe|2\n|-damage|p2b: Rangus Bumclappa|68/100\n|move|p1b: Golurk|Drain Punch|p2a: Moop\n|-supereffective|p2a: Moop|1\n|-damage|p2a: Moop|43/100\n|move|p1a: Klefki|Trick Room|p1a: Klefki\n|-fieldstart|move: Trick Room|[of] p1a: Klefki\n|\n|upkeep\n|turn|2\n|\n|t:|1776232243\n|move|p2b: Rangus Bumclappa|Protect|p2b: Rangus Bumclappa\n|-singleturn|p2b: Rangus Bumclappa|Protect\n|move|p1b: Golurk|Poltergeist|p2b: Rangus Bumclappa\n|-activate|p2b: Rangus Bumclappa|move: Protect\n|move|p1a: Klefki|Dazzling Gleam|p2b: Rangus Bumclappa|[spread] p2a\n|-activate|p2b: Rangus Bumclappa|move: Protect\n|-damage|p2a: Moop|27/100\n|move|p2a: Moop|Wish|p2a: Moop\n|\n|upkeep\n|turn|3\n|\n|t:|1776232269\n|move|p2a: Moop|Ally Switch|p2a: Moop\n|swap|p2a: Moop|1|[from] move: Ally Switch\n|move|p1b: Golurk|Poltergeist|p2b: Moop\n|-immune|p2b: Moop\n|move|p1a: Klefki|Dazzling Gleam|p2a: Rangus Bumclappa|[spread] p2a,p2b\n|-supereffective|p2a: Rangus Bumclappa|2\n|-damage|p2a: Rangus Bumclappa|41/100\n|-damage|p2b: Moop|11/100\n|-enditem|p2a: Rangus Bumclappa|Sitrus Berry|[eat]\n|-heal|p2a: Rangus Bumclappa|66/100|[from] item: Sitrus Berry\n|move|p2a: Rangus Bumclappa|Drain Punch|p1a: Klefki\n|-damage|p1a: Klefki|42/100\n|-heal|p2a: Rangus Bumclappa|92/100|[from] drain|[of] p1a: Klefki\n|-enditem|p1a: Klefki|Sitrus Berry|[eat]\n|-heal|p1a: Klefki|67/100|[from] item: Sitrus Berry\n|\n|-heal|p2a: Rangus Bumclappa|100/100|[from] move: Wish|[wisher] Moop\n|upkeep\n|turn|4\n|\n|t:|1776232291\n|switch|p1b: Torkoal|Torkoal, L50, F|100/100\n|-weather|SunnyDay|[from] ability: Drought|[of] p1b: Torkoal\n|move|p2a: Rangus Bumclappa|Protect|p2a: Rangus Bumclappa\n|-singleturn|p2a: Rangus Bumclappa|Protect\n|move|p1a: Klefki|Dazzling Gleam|p2a: Rangus Bumclappa|[spread] p2b\n|-activate|p2a: Rangus Bumclappa|move: Protect\n|-damage|p2b: Moop|0 fnt\n|faint|p2b: Moop\n|\n|-weather|SunnyDay|[upkeep]\n|upkeep\n|\n|t:|1776232301\n|switch|p2b: Freud Loops|Toucannon, L50, M, shiny|100/100\n|turn|5\n|\n|t:|1776232320\n|-singleturn|p2b: Freud Loops|move: Beak Blast\n|move|p1b: Torkoal|Eruption|p2b: Freud Loops|[spread] p2a,p2b\n|-resisted|p2a: Rangus Bumclappa|1\n|-damage|p2a: Rangus Bumclappa|82/100\n|-activate|p2b: Freud Loops|item: Focus Band\n|-damage|p2b: Freud Loops|1/100\n|move|p1a: Klefki|Dazzling Gleam|p2a: Rangus Bumclappa|[spread] p2a,p2b\n|-supereffective|p2a: Rangus Bumclappa|2\n|-damage|p2a: Rangus Bumclappa|56/100\n|-activate|p2b: Freud Loops|item: Focus Band\n|-damage|p2b: Freud Loops|1/100\n|move|p2a: Rangus Bumclappa|Drain Punch|p1a: Klefki\n|-damage|p1a: Klefki|7/100\n|-heal|p2a: Rangus Bumclappa|83/100|[from] drain|[of] p1a: Klefki\n|move|p2b: Freud Loops|Beak Blast|p1b: Torkoal\n|-damage|p1b: Torkoal|48/100\n|\n|-weather|SunnyDay|[upkeep]\n|-fieldend|move: Trick Room\n|upkeep\n|turn|6\n|-message|firewood87 forfeited.\n|\n|win|Navicula\n|raw|firewood87's rating: 1089 &rarr; <strong>1071</strong><br />(-18 for losing)\n|raw|Navicula's rating: 1167 &rarr; <strong>1186</strong><br />(+19 for winning)\n|l|\u2606firewood87\n|player|p1|\n",
  "uploadtime": 1776232444,
  "views": 16,
  "formatid": "gen9championsvgc2026regma",
  "rating": 1071,
  "private": 0,
  "password": null
}