{
  "id": "gen9championsvgc2026regma-2585928624",
  "format": "[Gen 9 Champions] VGC 2026 Reg M-A",
  "players": [
    "Thatbreloomguy",
    "Coldblooded0706"
  ],
  "log": "|j|\u2606Thatbreloomguy\n|j|\u2606Coldblooded0706\n|t:|1776382312\n|gametype|doubles\n|player|p1|Thatbreloomguy|2|1228\n|player|p2|Coldblooded0706|101|1342\n|gen|9\n|tier|[Gen 9 Champions] VGC 2026 Reg M-A\n|rated|\n|rule|Species Clause: Limit one of each Pok\u00e9mon\n|rule|Item Clause: Limit 1 of each item\n|clearpoke\n|poke|p1|Lopunny, L50, M|\n|poke|p1|Incineroar, L50, F|\n|poke|p1|Snorlax, L50, M|\n|poke|p1|Milotic, L50, F|\n|poke|p1|Oranguru, L50, M|\n|poke|p1|Ariados, L50, M|\n|poke|p2|Whimsicott, L50, F|\n|poke|p2|Tyranitar, L50, F|\n|poke|p2|Excadrill, L50, M|\n|poke|p2|Rotom-Wash, L50|\n|poke|p2|Delphox, L50, M|\n|poke|p2|Farigiraf, L50, F|\n|teampreview|4\n|inactive|Battle timer is ON: inactive players will automatically lose when time's up. (requested by Coldblooded0706)\nThatbreloomguy has agreed to open team sheets.\n|inactive|Coldblooded0706 has 60 seconds left.\n|\n|t:|1776382348\n|teamsize|p1|4\n|teamsize|p2|4\n|start\n|switch|p1a: Oranguru|Oranguru, L50, M|100/100\n|switch|p1b: Incineroar|Incineroar, L50, F|100/100\n|switch|p2a: Rotom|Rotom-Wash, L50|100/100\n|switch|p2b: Farigiraf|Farigiraf, L50, F|100/100\n|-ability|p1b: Incineroar|Intimidate|boost\n|-unboost|p2a: Rotom|atk|1\n|-unboost|p2b: Farigiraf|atk|1\n|turn|1\n|\n|t:|1776382364\n|move|p2a: Rotom|Hydro Pump|p1b: Incineroar\n|-supereffective|p1b: Incineroar|1\n|-damage|p1b: Incineroar|0 fnt\n|faint|p1b: Incineroar\n|move|p2b: Farigiraf|Imprison|p2b: Farigiraf\n|-start|p2b: Farigiraf|move: Imprison\n|move|p1a: Oranguru|Instruct|p1: Incineroar|[notarget]\n|-fail|p1a: Oranguru\n|\n|upkeep\n|\n|t:|1776382372\n|switch|p1b: Snorlax|Snorlax, L50, M|100/100\n|turn|2\n|\n|t:|1776382385\n|move|p1a: Oranguru|Protect|p1a: Oranguru\n|-singleturn|p1a: Oranguru|Protect\n|move|p2a: Rotom|Hydro Pump|p1a: Oranguru\n|-activate|p1a: Oranguru|move: Protect\n|move|p2b: Farigiraf|Hyper Voice|p1b: Snorlax|[spread] p1b\n|-activate|p1a: Oranguru|move: Protect\n|-damage|p1b: Snorlax|82/100\n|move|p1b: Snorlax|Belly Drum|p1b: Snorlax\n|-damage|p1b: Snorlax|32/100\n|-setboost|p1b: Snorlax|atk|6|[from] move: Belly Drum\n|-enditem|p1b: Snorlax|Sitrus Berry|[eat]\n|-heal|p1b: Snorlax|57/100|[from] item: Sitrus Berry\n|\n|upkeep\n|turn|3\n|\n|t:|1776382400\n|move|p2a: Rotom|Hydro Pump|p1a: Oranguru\n|-damage|p1a: Oranguru|53/100\n|move|p2b: Farigiraf|Hyper Voice|p1a: Oranguru|[spread] p1a,p1b\n|-crit|p1a: Oranguru\n|-damage|p1a: Oranguru|10/100\n|-damage|p1b: Snorlax|37/100\n|move|p1a: Oranguru|Instruct|p1b: Snorlax\n|-singleturn|p1b: Snorlax|move: Instruct|[of] p1a: Oranguru\n|move|p1b: Snorlax|Belly Drum||[still]\n|-fail|p1b: Snorlax\n|move|p1b: Snorlax|Body Slam|p2a: Rotom\n|-damage|p2a: Rotom|0 fnt\n|faint|p2a: Rotom\n|\n|upkeep\n|inactive|Coldblooded0706 has 30 seconds left.\n|\n|t:|1776382427\n|switch|p2a: Excadrill|Excadrill, L50, M|100/100\n|turn|4\n|\n|t:|1776382439\n|move|p2a: Excadrill|High Horsepower|p1b: Snorlax\n|-damage|p1b: Snorlax|0 fnt\n|faint|p1b: Snorlax\n|move|p2b: Farigiraf|Hyper Voice|p1a: Oranguru\n|-damage|p1a: Oranguru|0 fnt\n|faint|p1a: Oranguru\n|\n|upkeep\n|\n|t:|1776382443\n|switch|p1a: Lopunny|Lopunny, L50, M|100/100\n|turn|5\n|-message|Thatbreloomguy forfeited.\n|\n|win|Coldblooded0706\n|raw|Thatbreloomguy's rating: 1228 &rarr; <strong>1211</strong><br />(-17 for losing)\n|raw|Coldblooded0706's rating: 1342 &rarr; <strong>1356</strong><br />(+14 for winning)\n|l|\u2606Thatbreloomguy\n|player|p1|\n",
  "uploadtime": 1776382472,
  "views": 47,
  "formatid": "gen9championsvgc2026regma",
  "rating": 1211,
  "private": 0,
  "password": null
}