{
  "id": "gen9championsvgc2026regma-2584497941",
  "format": "[Gen 9 Champions] VGC 2026 Reg M-A",
  "players": [
    "alone0007",
    "sonicutopia"
  ],
  "log": "|j|\u2606alone0007\n|j|\u2606sonicutopia\n|t:|1776264804\n|gametype|doubles\n|player|p1|alone0007|ghetsis|\n|player|p2|sonicutopia|266|\n|gen|9\n|tier|[Gen 9 Champions] VGC 2026 Reg M-A\n|rated|Tournament battle\n|rule|Species Clause: Limit one of each Pok\u00e9mon\n|rule|Item Clause: Limit 1 of each item\n|raw|<div class=\"infobox\"><details class=\"readmore\" open><summary><strong>1 custom rule:</strong></summary> Force Open Team Sheets</details></div>\n|clearpoke\n|poke|p1|Starmie, L50|\n|poke|p1|Pelipper, L50, F|\n|poke|p1|Incineroar, L50, M|\n|poke|p1|Sneasler, L50, F|\n|poke|p1|Basculegion, L50, M|\n|poke|p1|Rotom-Wash, L50|\n|poke|p2|Basculegion, L50, M|\n|poke|p2|Pelipper, L50, F|\n|poke|p2|Primarina, L50, F|\n|poke|p2|Archaludon, L50, M|\n|poke|p2|Sinistcha, L50|\n|poke|p2|Dragonite, L50, F|\n|teampreview|4\n|showteam|p1|Starmie||Starminite|NaturalCure|Liquidation,ZenHeadbutt,IceSpinner,Protect||||||50|]Pelipper||FocusSash|Drizzle|Hurricane,Tailwind,Protect,WeatherBall|||F|||50|]Incineroar||SitrusBerry|Intimidate|FakeOut,FlareBlitz,PartingShot,Snarl|||M|||50|]Sneasler||WhiteHerb|Unburden|CloseCombat,DireClaw,FakeOut,Protect|||F|||50|]Basculegion||ChoiceScarf|Adaptability|LastRespects,WaveCrash,AquaJet,Crunch|||M|||50|]Rotom-Wash||Leftovers|Levitate|Thunderbolt,HydroPump,WillOWisp,Protect||||||50|\n|showteam|p2|Basculegion||KasibBerry|SwiftSwim|FlipTurn,AquaJet,LastRespects,Protect|||M|||50|]Pelipper||FocusSash|Drizzle|IcyWind,Tailwind,Protect,WeatherBall|||F|||50|]Primarina||MysticWater|Torrent|DazzlingGleam,Moonblast,WaterPulse,HydroPump|||F|||50|]Archaludon||Leftovers|Stalwart|ElectroShot,DragonPulse,Protect,SteelBeam|||M|||50|]Sinistcha||MentalHerb|Hospitality|MatchaGotcha,ShadowBall,RagePowder,StunSpore||||||50|]Dragonite||Dragoninite|Multiscale|Thunder,Protect,DragonPulse,IceBeam|||F|||50|\n|inactive|Battle timer is ON: inactive players will automatically lose when time's up. (requested by alone0007)\n|\n|t:|1776264833\n|teamsize|p1|4\n|teamsize|p2|4\n|start\n|switch|p1a: Starmie|Starmie, L50|100/100\n|switch|p1b: Pelipper|Pelipper, L50, F|100/100\n|switch|p2a: Dragonite|Dragonite, L50, F|100/100\n|switch|p2b: Primarina|Primarina, L50, F|100/100\n|-weather|RainDance|[from] ability: Drizzle|[of] p1b: Pelipper\n|turn|1\n|\n|t:|1776264850\n|detailschange|p1a: Starmie|Starmie-Mega, L50\n|-mega|p1a: Starmie|Starmie|Starminite\n|detailschange|p2a: Dragonite|Dragonite-Mega, L50, F\n|-mega|p2a: Dragonite|Dragonite|Dragoninite\n|move|p1a: Starmie|Zen Headbutt|p2b: Primarina\n|-damage|p2b: Primarina|7/100\n|move|p2a: Dragonite|Thunder|p1a: Starmie\n|-supereffective|p1a: Starmie|1\n|-damage|p1a: Starmie|0 fnt\n|faint|p1a: Starmie\n|move|p2b: Primarina|Dazzling Gleam|p1b: Pelipper\n|-damage|p1b: Pelipper|30/100\n|move|p1b: Pelipper|Tailwind|p1b: Pelipper\n|-sidestart|p1: alone0007|move: Tailwind\n|\n|-weather|RainDance|[upkeep]\n|upkeep\n|\n|t:|1776264872\n|switch|p1a: Rotom|Rotom-Wash, L50|100/100\n|turn|2\n|\n|t:|1776264886\n|switch|p2b: Archaludon|Archaludon, L50, M|100/100\n|move|p2a: Dragonite|Protect|p2a: Dragonite\n|-singleturn|p2a: Dragonite|Protect\n|move|p1a: Rotom|Thunderbolt|p2b: Archaludon\n|-resisted|p2b: Archaludon|1\n|-damage|p2b: Archaludon|74/100\n|move|p1b: Pelipper|Hurricane|p2a: Dragonite\n|-activate|p2a: Dragonite|move: Protect\n|\n|-weather|RainDance|[upkeep]\n|-heal|p2b: Archaludon|80/100|[from] item: Leftovers\n|upkeep\n|turn|3\n|\n|t:|1776264900\n|switch|p2a: Primarina|Primarina, L50, F|7/100\n|move|p1a: Rotom|Thunderbolt|p2a: Primarina\n|-supereffective|p2a: Primarina|1\n|-damage|p2a: Primarina|0 fnt\n|faint|p2a: Primarina\n|move|p1b: Pelipper|Hurricane|p2b: Archaludon\n|-resisted|p2b: Archaludon|1\n|-damage|p2b: Archaludon|51/100\n|-start|p2b: Archaludon|confusion\n|-activate|p2b: Archaludon|confusion\n|move|p2b: Archaludon|Electro Shot||[still]\n|-prepare|p2b: Archaludon|Electro Shot\n|-boost|p2b: Archaludon|spa|1\n|-anim|p2b: Archaludon|Electro Shot|p1b: Pelipper\n|-supereffective|p1b: Pelipper|2\n|-damage|p1b: Pelipper|0 fnt\n|faint|p1b: Pelipper\n|\n|-weather|RainDance|[upkeep]\n|-heal|p2b: Archaludon|57/100|[from] item: Leftovers\n|upkeep\n|\n|t:|1776264919\n|switch|p2a: Basculegion|Basculegion, L50, M|100/100\n|switch|p1b: Basculegion|Basculegion, L50, M|100/100\n|turn|4\n|\n|t:|1776264939\n|move|p2a: Basculegion|Protect|p2a: Basculegion\n|-singleturn|p2a: Basculegion|Protect\n|-activate|p2b: Archaludon|confusion\n|move|p2b: Archaludon|Protect|p2b: Archaludon\n|-singleturn|p2b: Archaludon|Protect\n|move|p1b: Basculegion|Last Respects|p2b: Archaludon\n|-activate|p2b: Archaludon|move: Protect\n|move|p1a: Rotom|Thunderbolt|p2a: Basculegion\n|-activate|p2a: Basculegion|move: Protect\n|\n|-weather|RainDance|[upkeep]\n|-heal|p2b: Archaludon|64/100|[from] item: Leftovers\n|-sideend|p1: alone0007|move: Tailwind\n|upkeep\n|turn|5\n|\n|t:|1776264959\n|move|p2a: Basculegion|Last Respects|p1b: Basculegion\n|-supereffective|p1b: Basculegion|1\n|-damage|p1b: Basculegion|0 fnt\n|faint|p1b: Basculegion\n|move|p1a: Rotom|Thunderbolt|p2a: Basculegion\n|-supereffective|p2a: Basculegion|1\n|-damage|p2a: Basculegion|0 fnt\n|faint|p2a: Basculegion\n|-end|p2b: Archaludon|confusion\n|move|p2b: Archaludon|Electro Shot||[still]\n|-prepare|p2b: Archaludon|Electro Shot\n|-boost|p2b: Archaludon|spa|1\n|-anim|p2b: Archaludon|Electro Shot|p1a: Rotom\n|-damage|p1a: Rotom|0 fnt\n|faint|p1a: Rotom\n|\n|win|sonicutopia\n|n|\u2606alone0007|alone0007\n|n|\u2606sonicutopia|sonicutopia\n|c|\u2606sonicutopia|ggs\n|l|\u2606alone0007\n|player|p1|\n",
  "uploadtime": 1776265018,
  "views": 17,
  "formatid": "gen9championsvgc2026regma",
  "rating": null,
  "private": 0,
  "password": null
}