{
  "id": "gen9championsvgc2026regma-2588029393",
  "format": "[Gen 9 Champions] VGC 2026 Reg M-A",
  "players": [
    "xFrostyy",
    "shangenb"
  ],
  "log": "|j|\u2606xFrostyy\n|j|\u2606shangenb\n|t:|1776595217\n|gametype|doubles\n|player|p1|xFrostyy|266|1348\n|player|p2|shangenb|265|1349\n|gen|9\n|tier|[Gen 9 Champions] VGC 2026 Reg M-A\n|rated|\n|rule|Species Clause: Limit one of each Pok\u00e9mon\n|rule|Item Clause: Limit 1 of each item\n|clearpoke\n|poke|p1|Drampa, L50, F|\n|poke|p1|Farigiraf, L50, M|\n|poke|p1|Incineroar, L50, F, shiny|\n|poke|p1|Kingambit, L50, M, shiny|\n|poke|p1|Primarina, L50, F|\n|poke|p1|Torkoal, L50, M|\n|poke|p2|Floette-Eternal, L50, F|\n|poke|p2|Garchomp, L50, M|\n|poke|p2|Sneasler, L50, M|\n|poke|p2|Basculegion-F, L50, F|\n|poke|p2|Aerodactyl, L50, M|\n|poke|p2|Incineroar, L50, F|\n|teampreview|4\n|inactive|Battle timer is ON: inactive players will automatically lose when time's up. (requested by shangenb)\n|inactive|xFrostyy has 60 seconds left.\n|inactive|shangenb has 60 seconds left.\n|inactive|shangenb has 30 seconds left.\n|\n|t:|1776595289\n|teamsize|p1|4\n|teamsize|p2|4\n|start\n|switch|p1a: Farigiraf|Farigiraf, L50, M|100/100\n|switch|p1b: Incineroar|Incineroar, L50, F, shiny|100/100\n|switch|p2a: Floette|Floette-Eternal, L50, F|100/100\n|switch|p2b: Basculegion|Basculegion-F, L50, F|100/100\n|-ability|p1b: Incineroar|Intimidate|boost\n|-unboost|p2a: Floette|atk|1\n|-unboost|p2b: Basculegion|atk|1\n|turn|1\n|\n|t:|1776595305\n|detailschange|p2a: Floette|Floette-Mega, L50, F\n|-mega|p2a: Floette|Floette|Floettite\n|-ability|p2a: Floette|Fairy Aura\n|move|p1b: Incineroar|Fake Out|p2a: Floette\n|-damage|p2a: Floette|83/100\n|move|p2b: Basculegion|Muddy Water|p1b: Incineroar|[spread] p1a,p1b\n|-supereffective|p1b: Incineroar|1\n|-damage|p1a: Farigiraf|65/100\n|-damage|p1b: Incineroar|23/100\n|-unboost|p1b: Incineroar|accuracy|1\n|-enditem|p1b: Incineroar|Sitrus Berry|[eat]\n|-heal|p1b: Incineroar|48/100|[from] item: Sitrus Berry\n|cant|p2a: Floette|flinch\n|move|p1a: Farigiraf|Trick Room|p1a: Farigiraf\n|-fieldstart|move: Trick Room|[of] p1a: Farigiraf\n|\n|upkeep\n|turn|2\n|inactive|xFrostyy has 30 seconds left.\n|inactive|xFrostyy has 20 seconds left.\n|inactive|xFrostyy has 15 seconds left.\n|inactive|xFrostyy has 10 seconds left.\n|inactive|xFrostyy has 5 seconds left.\n|\n|t:|1776595358\n|switch|p2b: Incineroar|Incineroar, L50, F|100/100\n|-ability|p2b: Incineroar|Intimidate|boost\n|-unboost|p1a: Farigiraf|atk|1\n|-unboost|p1b: Incineroar|atk|1\n|move|p1a: Farigiraf|Psychic|p2a: Floette\n|-damage|p2a: Floette|57/100\n|move|p1b: Incineroar|Darkest Lariat|p2b: Incineroar|[miss]\n|-miss|p1b: Incineroar|p2b: Incineroar\n|move|p2a: Floette|Moonblast|p1a: Farigiraf\n|-damage|p1a: Farigiraf|5/100\n|\n|upkeep\n|turn|3\n|inactive|xFrostyy has 30 seconds left.\n|inactive|shangenb has 30 seconds left.\n|inactive|xFrostyy has 20 seconds left.\n|inactive|xFrostyy has 15 seconds left.\n|inactive|xFrostyy has 10 seconds left.\n|\n|t:|1776595403\n|move|p2a: Floette|Protect|p2a: Floette\n|-singleturn|p2a: Floette|Protect\n|move|p1a: Farigiraf|Hyper Voice|p2a: Floette|[spread] p2b\n|-activate|p2a: Floette|move: Protect\n|-damage|p2b: Incineroar|78/100\n|move|p1b: Incineroar|Flare Blitz|p2a: Floette\n|-activate|p2a: Floette|move: Protect\n|move|p2b: Incineroar|Throat Chop|p1a: Farigiraf\n|-supereffective|p1a: Farigiraf|1\n|-damage|p1a: Farigiraf|0 fnt\n|faint|p1a: Farigiraf\n|\n|upkeep\n|\n|t:|1776595407\n|switch|p1a: Primarina|Primarina, L50, F|100/100\n|turn|4\n|\n|t:|1776595426\n|switch|p2a: Basculegion|Basculegion-F, L50, F|100/100\n|move|p1b: Incineroar|Flare Blitz|p2a: Basculegion\n|-resisted|p2a: Basculegion|1\n|-damage|p2a: Basculegion|75/100\n|-status|p2a: Basculegion|brn\n|-damage|p1b: Incineroar|40/100|[from] Recoil\n|move|p1a: Primarina|Hyper Voice|p2b: Incineroar|[spread] p2a,p2b\n|-resisted|p2a: Basculegion|1\n|-supereffective|p2b: Incineroar|1\n|-damage|p2a: Basculegion|52/100 brn\n|-damage|p2b: Incineroar|6/100\n|-enditem|p2b: Incineroar|Sitrus Berry|[eat]\n|-heal|p2b: Incineroar|31/100|[from] item: Sitrus Berry\n|move|p2b: Incineroar|Parting Shot|p1a: Primarina\n|-unboost|p1a: Primarina|atk|1\n|-unboost|p1a: Primarina|spa|1\n|\n|t:|1776595443\n|switch|p2b: Sneasler|Sneasler, L50, M|100/100|[from] Parting Shot\n|\n|-damage|p2a: Basculegion|46/100 brn|[from] brn\n|upkeep\n|turn|5\n|inactive|xFrostyy has 30 seconds left.\n|\n|t:|1776595469\n|switch|p1a: Torkoal|Torkoal, L50, M|100/100\n|-weather|SunnyDay|[from] ability: Drought|[of] p1a: Torkoal\n|move|p2b: Sneasler|Fake Out|p1a: Torkoal\n|-damage|p1a: Torkoal|90/100\n|move|p1b: Incineroar|Flare Blitz|p2b: Sneasler|[miss]\n|-miss|p1b: Incineroar|p2b: Sneasler\n|move|p2a: Basculegion|Muddy Water|p1b: Incineroar|[spread] p1a,p1b\n|-supereffective|p1a: Torkoal|1\n|-supereffective|p1b: Incineroar|1\n|-damage|p1a: Torkoal|40/100\n|-damage|p1b: Incineroar|4/100\n|\n|-weather|SunnyDay|[upkeep]\n|-damage|p2a: Basculegion|40/100 brn|[from] brn\n|-fieldend|move: Trick Room\n|upkeep\n|turn|6\n|-message|xFrostyy forfeited.\n|\n|win|shangenb\n|raw|xFrostyy's rating: 1348 &rarr; <strong>1328</strong><br />(-20 for losing)\n|raw|shangenb's rating: 1349 &rarr; <strong>1369</strong><br />(+20 for winning)\n|l|\u2606xFrostyy\n|player|p1|\n",
  "uploadtime": 1776595493,
  "views": 15,
  "formatid": "gen9championsvgc2026regma",
  "rating": 1328,
  "private": 0,
  "password": null
}