{
  "id": "gen9championsvgc2026regma-2585559535",
  "format": "[Gen 9 Champions] VGC 2026 Reg M-A",
  "players": [
    "kingdracothe3rd",
    "drake78976"
  ],
  "log": "|j|\u2606kingdracothe3rd\n|j|\u2606drake78976\n|t:|1776355515\n|gametype|doubles\n|player|p1|kingdracothe3rd|nobunaga-conquest|1040\n|player|p2|drake78976|li|1048\n|gen|9\n|tier|[Gen 9 Champions] VGC 2026 Reg M-A\n|rated|\n|rule|Species Clause: Limit one of each Pok\u00e9mon\n|rule|Item Clause: Limit 1 of each item\n|clearpoke\n|poke|p1|Alakazam, L50, M|\n|poke|p1|Meowstic, L50, M|\n|poke|p1|Sneasler, L50, F|\n|poke|p1|Tyranitar, L50, F|\n|poke|p1|Excadrill, L50, M|\n|poke|p1|Sinistcha, L50|\n|poke|p2|Aggron, L50, M|\n|poke|p2|Primarina, L50, M|\n|poke|p2|Hydreigon, L50, M|\n|poke|p2|Sinistcha, L50|\n|poke|p2|Glimmora, L50, F|\n|poke|p2|Farigiraf, L50, F|\n|teampreview|4\n|inactive|Battle timer is ON: inactive players will automatically lose when time's up. (requested by kingdracothe3rd)\n|\n|t:|1776355560\n|teamsize|p1|4\n|teamsize|p2|4\n|start\n|switch|p1a: Alakazam|Alakazam, L50, M|100/100\n|switch|p1b: Meowstic|Meowstic, L50, M|100/100\n|switch|p2a: Farigiraf|Farigiraf, L50, F|100/100\n|switch|p2b: Hydreigon|Hydreigon, L50, M|100/100\n|turn|1\n|\n|t:|1776355571\n|detailschange|p1a: Alakazam|Alakazam-Mega, L50, M\n|-mega|p1a: Alakazam|Alakazam|Alakazite\n|-ability|p1a: Alakazam|Armor Tail|Trace|[from] ability: Trace|[of] p2a: Farigiraf\n|move|p2a: Farigiraf|Helping Hand|p2b: Hydreigon\n|-singleturn|p2b: Hydreigon|Helping Hand|[of] p2a: Farigiraf\n|move|p1b: Meowstic|Gravity|p1b: Meowstic\n|-fieldstart|move: Gravity\n|move|p2b: Hydreigon|Snarl|p1a: Alakazam|[spread] p1a,p1b\n|-supereffective|p1a: Alakazam|1\n|-supereffective|p1b: Meowstic|1\n|-enditem|p1b: Meowstic|Colbur Berry|[eat]\n|-enditem|p1b: Meowstic|Colbur Berry|[weaken]\n|-damage|p1a: Alakazam|17/100\n|-damage|p1b: Meowstic|59/100\n|-unboost|p1a: Alakazam|spa|1\n|-unboost|p1b: Meowstic|spa|1\n|move|p1a: Alakazam|Focus Blast|p2b: Hydreigon\n|-supereffective|p2b: Hydreigon|1\n|-damage|p2b: Hydreigon|10/100\n|\n|upkeep\n|turn|2\n|inactive|kingdracothe3rd has 30 seconds left.\n|\n|t:|1776355599\n|switch|p1a: Sneasler|Sneasler, L50, F|100/100\n|move|p1b: Meowstic|Psychic Terrain|p1b: Meowstic\n|-fieldstart|move: Psychic Terrain\n|move|p2b: Hydreigon|Snarl|p1a: Sneasler|[spread] p1a,p1b\n|-resisted|p1a: Sneasler|1\n|-supereffective|p1b: Meowstic|1\n|-damage|p1a: Sneasler|84/100\n|-damage|p1b: Meowstic|2/100\n|-unboost|p1a: Sneasler|spa|1\n|-unboost|p1b: Meowstic|spa|1\n|-enditem|p1a: Sneasler|White Herb\n|-clearnegativeboost|p1a: Sneasler|[silent]\n|move|p2a: Farigiraf|Light Screen|p2a: Farigiraf\n|-sidestart|p2: drake78976|move: Light Screen\n|\n|upkeep\n|turn|3\n|\n|t:|1776355623\n|move|p1a: Sneasler|Dire Claw|p2b: Hydreigon\n|-damage|p2b: Hydreigon|0 fnt\n|faint|p2b: Hydreigon\n|move|p1b: Meowstic|Expanding Force|p2a: Farigiraf\n|-resisted|p2a: Farigiraf|1\n|-damage|p2a: Farigiraf|94/100\n|move|p2a: Farigiraf|Trick Room|p2a: Farigiraf\n|-fieldstart|move: Trick Room|[of] p2a: Farigiraf\n|\n|upkeep\n|\n|t:|1776355629\n|switch|p2b: Aggron|Aggron, L50, M|100/100\n|turn|4\n|\n|t:|1776355641\n|switch|p1b: Sinistcha|Sinistcha, L50|100/100\n|-heal|p1a: Sneasler|100/100|[from] ability: Hospitality|[of] p1b: Sinistcha\n|detailschange|p2b: Aggron|Aggron-Mega, L50, M\n|-mega|p2b: Aggron|Aggron|Aggronite\n|move|p1a: Sneasler|Protect|p1a: Sneasler\n|-singleturn|p1a: Sneasler|Protect\n|move|p2b: Aggron|Iron Defense|p2b: Aggron\n|-boost|p2b: Aggron|def|2\n|move|p2a: Farigiraf|Psychic|p1b: Sinistcha\n|-damage|p1b: Sinistcha|51/100\n|\n|upkeep\n|turn|5\n|\n|t:|1776355663\n|move|p2b: Aggron|Iron Defense|p2b: Aggron\n|-boost|p2b: Aggron|def|2\n|move|p2a: Farigiraf|Psychic|p1a: Sneasler\n|-supereffective|p1a: Sneasler|2\n|-damage|p1a: Sneasler|0 fnt\n|faint|p1a: Sneasler\n|move|p1b: Sinistcha|Life Dew|p1b: Sinistcha\n|-heal|p1b: Sinistcha|76/100\n|\n|-fieldend|move: Gravity\n|upkeep\n|\n|t:|1776355673\n|switch|p1a: Alakazam|Alakazam-Mega, L50, M|17/100\n|-ability|p1a: Alakazam|Filter|Trace|[from] ability: Trace|[of] p2b: Aggron\n|turn|6\n|\n|t:|1776355687\n|move|p1b: Sinistcha|Rage Powder|p1b: Sinistcha\n|-singleturn|p1b: Sinistcha|move: Rage Powder\n|move|p2b: Aggron|Heavy Slam|p1b: Sinistcha\n|-damage|p1b: Sinistcha|26/100\n|-enditem|p1b: Sinistcha|Sitrus Berry|[eat]\n|-heal|p1b: Sinistcha|50/100|[from] item: Sitrus Berry\n|move|p2a: Farigiraf|Psychic|p1b: Sinistcha\n|-damage|p1b: Sinistcha|0 fnt\n|faint|p1b: Sinistcha\n|move|p1a: Alakazam|Expanding Force|p2a: Farigiraf|[spread] p2a,p2b\n|-resisted|p2a: Farigiraf|1\n|-resisted|p2b: Aggron|1\n|-damage|p2a: Farigiraf|73/100\n|-damage|p2b: Aggron|67/100\n|\n|-sideend|p2: drake78976|move: Light Screen\n|-fieldend|move: Psychic Terrain\n|upkeep\n|\n|t:|1776355700\n|switch|p1b: Meowstic|Meowstic, L50, M|2/100\n|turn|7\n|\n|t:|1776355723\n|move|p1b: Meowstic|Protect|p1b: Meowstic\n|-singleturn|p1b: Meowstic|Protect\n|move|p1a: Alakazam|Protect|p1a: Alakazam\n|-singleturn|p1a: Alakazam|Protect\n|move|p2b: Aggron|Heavy Slam|p1a: Alakazam\n|-activate|p1a: Alakazam|move: Protect\n|move|p2a: Farigiraf|Light Screen|p2a: Farigiraf\n|-sidestart|p2: drake78976|move: Light Screen\n|\n|-fieldend|move: Trick Room\n|upkeep\n|turn|8\n|\n|t:|1776355741\n|switch|p2a: Sinistcha|Sinistcha, L50|100/100\n|-heal|p2b: Aggron|92/100|[from] ability: Hospitality|[of] p2a: Sinistcha\n|move|p1b: Meowstic|Gravity|p1b: Meowstic\n|-fieldstart|move: Gravity\n|move|p1a: Alakazam|Focus Blast|p2b: Aggron\n|-supereffective|p2b: Aggron|1\n|-damage|p2b: Aggron|21/100\n|-unboost|p2b: Aggron|spd|1\n|move|p2b: Aggron|Heavy Slam|p1a: Alakazam\n|-damage|p1a: Alakazam|0 fnt\n|faint|p1a: Alakazam\n|\n|upkeep\n|turn|9\n|\n|t:|1776355762\n|move|p2a: Sinistcha|Rage Powder|p2a: Sinistcha\n|-singleturn|p2a: Sinistcha|move: Rage Powder\n|move|p1b: Meowstic|Expanding Force|p2a: Sinistcha\n|-damage|p2a: Sinistcha|81/100\n|move|p2b: Aggron|Body Press|p1b: Meowstic\n|-resisted|p1b: Meowstic|1\n|-damage|p1b: Meowstic|0 fnt\n|faint|p1b: Meowstic\n|\n|win|drake78976\n|raw|kingdracothe3rd's rating: 1040 &rarr; <strong>1024</strong><br />(-16 for losing)\n|raw|drake78976's rating: 1048 &rarr; <strong>1080</strong><br />(+32 for winning)\n|l|\u2606kingdracothe3rd\n|player|p1|\n",
  "uploadtime": 1776355775,
  "views": 23,
  "formatid": "gen9championsvgc2026regma",
  "rating": 1024,
  "private": 0,
  "password": null
}