{
  "id": "gen9championsvgc2026regma-2581865972",
  "format": "[Gen 9 Champions] VGC 2026 Reg M-A",
  "players": [
    "Kuschki",
    "TheTailwindEnjoyer"
  ],
  "log": "|j|\u2606Kuschki\n|j|\u2606TheTailwindEnjoyer\n|t:|1776034954\n|gametype|doubles\n|player|p1|Kuschki|101|1097\n|player|p2|TheTailwindEnjoyer|player-go|1126\n|gen|9\n|tier|[Gen 9 Champions] VGC 2026 Reg M-A\n|rated|\n|rule|Species Clause: Limit one of each Pok\u00e9mon\n|rule|Item Clause: Limit 1 of each item\n|clearpoke\n|poke|p1|Kangaskhan, L50, F|\n|poke|p1|Sinistcha, L50|\n|poke|p1|Krookodile, L50, M|\n|poke|p1|Talonflame, L50, M|\n|poke|p1|Lucario, L50, F|\n|poke|p1|Gardevoir, L50, F|\n|poke|p2|Gengar, L50, F|\n|poke|p2|Basculegion, L50, M|\n|poke|p2|Typhlosion-Hisui, L50, M|\n|poke|p2|Whimsicott, L50, F|\n|poke|p2|Dragonite, L50, M|\n|poke|p2|Sneasler, L50, F|\n|teampreview|4\n|inactive|Battle timer is ON: inactive players will automatically lose when time's up. (requested by TheTailwindEnjoyer)\n|inactive|Kuschki has 60 seconds left.\n|inactive|Kuschki has 30 seconds left.\n|\n|t:|1776035022\n|teamsize|p1|4\n|teamsize|p2|4\n|start\n|switch|p1a: Kangaskhan|Kangaskhan, L50, F|100/100\n|switch|p1b: Talonflame|Talonflame, L50, M|100/100\n|switch|p2a: Typhlosion|Typhlosion-Hisui, L50, M|100/100\n|switch|p2b: Basculegion|Basculegion, L50, M|100/100\n|-item|p1a: Kangaskhan|Kangaskhanite|[from] ability: Frisk|[of] p2a: Typhlosion\n|-item|p1b: Talonflame|Sharp Beak|[from] ability: Frisk|[of] p2a: Typhlosion\n|turn|1\n|inactive|Kuschki has 30 seconds left.\n|inactive|Kuschki has 20 seconds left.\n|\n|t:|1776035059\n|switch|p2a: Dragonite|Dragonite, L50, M|100/100\n|detailschange|p1a: Kangaskhan|Kangaskhan-Mega, L50, F\n|-mega|p1a: Kangaskhan|Kangaskhan|Kangaskhanite\n|move|p1b: Talonflame|Tailwind|p1b: Talonflame\n|-sidestart|p1: Kuschki|move: Tailwind\n|move|p2b: Basculegion|Aqua Jet|p1b: Talonflame\n|-supereffective|p1b: Talonflame|1\n|-damage|p1b: Talonflame|14/100\n|move|p1a: Kangaskhan|Crunch|p2b: Basculegion\n|-supereffective|p2b: Basculegion|1\n|-damage|p2b: Basculegion|27/100\n|-supereffective|p2b: Basculegion|1\n|-damage|p2b: Basculegion|10/100\n|-unboost|p2b: Basculegion|def|1\n|-hitcount|p2b: Basculegion|2\n|\n|upkeep\n|turn|2\n|\n|t:|1776035083\n|move|p1b: Talonflame|Protect|p1b: Talonflame\n|-singleturn|p1b: Talonflame|Protect\n|move|p2b: Basculegion|Aqua Jet|p1a: Kangaskhan\n|-damage|p1a: Kangaskhan|69/100\n|move|p1a: Kangaskhan|Double-Edge|p2a: Dragonite\n|-damage|p2a: Dragonite|25/100\n|-damage|p2a: Dragonite|5/100\n|-hitcount|p2a: Dragonite|2\n|-damage|p1a: Kangaskhan|43/100|[from] Recoil\n|move|p2a: Dragonite|Low Kick|p1a: Kangaskhan\n|-supereffective|p1a: Kangaskhan|1\n|-damage|p1a: Kangaskhan|0 fnt\n|faint|p1a: Kangaskhan\n|\n|upkeep\n|\n|t:|1776035098\n|switch|p1a: Krookodile|Krookodile, L50, M|100/100\n|-ability|p1a: Krookodile|Intimidate|boost\n|-fail|p2a: Dragonite|unboost|Attack|[from] ability: Inner Focus|[of] p2a: Dragonite\n|-unboost|p2b: Basculegion|atk|1\n|turn|3\n|\n|t:|1776035112\n|switch|p2b: Sneasler|Sneasler, L50, F|100/100\n|move|p2a: Dragonite|Extreme Speed|p1b: Talonflame\n|-damage|p1b: Talonflame|0 fnt\n|faint|p1b: Talonflame\n|move|p1a: Krookodile|Knock Off|p2a: Dragonite\n|-damage|p2a: Dragonite|0 fnt\n|-enditem|p2a: Dragonite|Dragon Fang|[from] move: Knock Off|[of] p1a: Krookodile\n|faint|p2a: Dragonite\n|\n|upkeep\n|inactive|TheTailwindEnjoyer has 30 seconds left.\n|\n|t:|1776035147\n|switch|p1b: Sinistcha|Sinistcha, L50|100/100\n|switch|p2a: Basculegion|Basculegion, L50, M|10/100\n|turn|4\n|\n|t:|1776035167\n|move|p1a: Krookodile|Protect|p1a: Krookodile\n|-singleturn|p1a: Krookodile|Protect\n|move|p2b: Sneasler|Fake Out|p1a: Krookodile\n|-activate|p1a: Krookodile|move: Protect\n|move|p1b: Sinistcha|Matcha Gotcha|p2b: Sneasler|[spread] p2a,p2b\n|-supereffective|p2a: Basculegion|1\n|-resisted|p2b: Sneasler|1\n|-damage|p2a: Basculegion|0 fnt\n|-damage|p2b: Sneasler|81/100\n|-status|p2b: Sneasler|brn\n|faint|p2a: Basculegion\n|\n|-damage|p2b: Sneasler|76/100 brn|[from] brn\n|-sideend|p1: Kuschki|move: Tailwind\n|upkeep\n|\n|t:|1776035171\n|switch|p2a: Typhlosion|Typhlosion-Hisui, L50, M|100/100\n|-item|p1a: Krookodile|Focus Sash|[from] ability: Frisk|[of] p2a: Typhlosion\n|-item|p1b: Sinistcha|Leftovers|[from] ability: Frisk|[of] p2a: Typhlosion\n|turn|5\n|inactive|Kuschki has 30 seconds left.\n|\n|t:|1776035199\n|move|p1b: Sinistcha|Rage Powder|p1b: Sinistcha\n|-singleturn|p1b: Sinistcha|move: Rage Powder\n|move|p2a: Typhlosion|Eruption|p1a: Krookodile|[spread] p1a,p1b\n|-supereffective|p1b: Sinistcha|1\n|-damage|p1a: Krookodile|15/100\n|-damage|p1b: Sinistcha|0 fnt\n|faint|p1b: Sinistcha\n|move|p2b: Sneasler|Close Combat|p1a: Krookodile\n|-supereffective|p1a: Krookodile|1\n|-damage|p1a: Krookodile|0 fnt\n|-unboost|p2b: Sneasler|def|1\n|-unboost|p2b: Sneasler|spd|1\n|faint|p1a: Krookodile\n|\n|win|TheTailwindEnjoyer\n|raw|Kuschki's rating: 1097 &rarr; <strong>1074</strong><br />(-23 for losing)\n|raw|TheTailwindEnjoyer's rating: 1126 &rarr; <strong>1149</strong><br />(+23 for winning)\n|l|\u2606Kuschki\n|player|p1|\n",
  "uploadtime": 1776035207,
  "views": 11,
  "formatid": "gen9championsvgc2026regma",
  "rating": 1074,
  "private": 0,
  "password": null
}