{
  "id": "gen9championsvgc2026regma-2589578468",
  "format": "[Gen 9 Champions] VGC 2026 Reg M-A",
  "players": [
    "undead_redhead",
    "petey12345"
  ],
  "log": "|j|\u2606undead_redhead\n|j|\u2606petey12345\n|t:|1776735865\n|gametype|doubles\n|player|p1|undead_redhead|sonia|1063\n|player|p2|petey12345|lucas|1097\n|gen|9\n|tier|[Gen 9 Champions] VGC 2026 Reg M-A\n|rated|\n|rule|Species Clause: Limit one of each Pok\u00e9mon\n|rule|Item Clause: Limit 1 of each item\n|clearpoke\n|poke|p1|Milotic, L50, F, shiny|\n|poke|p1|Charizard, L50, M, shiny|\n|poke|p1|Aerodactyl, L50, F|\n|poke|p1|Sneasler, L50, M|\n|poke|p1|Hydreigon, L50, M, shiny|\n|poke|p1|Incineroar, L50, M, shiny|\n|poke|p2|Ampharos, L50, M|\n|poke|p2|Maushold-Four, L50|\n|poke|p2|Oranguru, L50, M|\n|poke|p2|Aerodactyl, L50, M|\n|poke|p2|Incineroar, L50, M|\n|poke|p2|Farigiraf, L50, F|\n|teampreview|4\n|\n|t:|1776735886\n|teamsize|p1|4\n|teamsize|p2|4\n|start\n|switch|p1a: Milotic|Milotic, L50, F, shiny|100/100\n|switch|p1b: Charizard|Charizard, L50, M, shiny|100/100\n|switch|p2a: Aerodactyl|Aerodactyl, L50, M|100/100\n|switch|p2b: Incineroar|Incineroar, L50, M|100/100\n|-ability|p2a: Aerodactyl|Unnerve\n|-ability|p2b: Incineroar|Intimidate|boost\n|-unboost|p1a: Milotic|atk|1\n|-ability|p1a: Milotic|Competitive|boost\n|-boost|p1a: Milotic|spa|2\n|-unboost|p1b: Charizard|atk|1\n|turn|1\n|\n|t:|1776735914\n|move|p1b: Charizard|Protect|p1b: Charizard\n|-singleturn|p1b: Charizard|Protect\n|move|p2b: Incineroar|Fake Out|p1a: Milotic\n|-damage|p1a: Milotic|90/100\n|move|p2a: Aerodactyl|Rock Slide|p1b: Charizard|[spread] p1a\n|-activate|p1b: Charizard|move: Protect\n|-damage|p1a: Milotic|66/100\n|cant|p1a: Milotic|flinch\n|\n|upkeep\n|turn|2\n|\n|t:|1776735930\n|detailschange|p1b: Charizard|Charizard-Mega-X, L50, M, shiny\n|-mega|p1b: Charizard|Charizard|Charizardite X\n|move|p2a: Aerodactyl|Rock Slide|p1b: Charizard|[spread] p1b\n|-miss|p2a: Aerodactyl|p1a: Milotic\n|-supereffective|p1b: Charizard|1\n|-damage|p1b: Charizard|56/100\n|move|p1b: Charizard|Dragon Dance|p1b: Charizard\n|-boost|p1b: Charizard|atk|1\n|-boost|p1b: Charizard|spe|1\n|move|p1a: Milotic|Dragon Cheer|p1b: Charizard\n|-start|p1b: Charizard|move: Dragon Cheer\n|move|p2b: Incineroar|Nasty Plot|p2b: Incineroar\n|-boost|p2b: Incineroar|spa|2\n|\n|upkeep\n|turn|3\n|\n|t:|1776735959\n|move|p1b: Charizard|Dragon Claw|p2a: Aerodactyl\n|-damage|p2a: Aerodactyl|0 fnt\n|faint|p2a: Aerodactyl\n|move|p1a: Milotic|Scald|p2b: Incineroar\n|-supereffective|p2b: Incineroar|1\n|-damage|p2b: Incineroar|0 fnt\n|faint|p2b: Incineroar\n|\n|upkeep\n|\n|t:|1776735970\n|switch|p2a: Farigiraf|Farigiraf, L50, F|100/100\n|switch|p2b: Ampharos|Ampharos, L50, M|100/100\n|turn|4\n|\n|t:|1776735984\n|detailschange|p2b: Ampharos|Ampharos-Mega, L50, M\n|-mega|p2b: Ampharos|Ampharos|Ampharosite\n|-ability|p2b: Ampharos|Mold Breaker\n|move|p1b: Charizard|Protect|p1b: Charizard\n|-singleturn|p1b: Charizard|Protect\n|move|p2b: Ampharos|Protect|p2b: Ampharos\n|-singleturn|p2b: Ampharos|Protect\n|move|p1a: Milotic|Light Screen|p1a: Milotic\n|-sidestart|p1: undead_redhead|move: Light Screen\n|move|p2a: Farigiraf|Trick Room|p2a: Farigiraf\n|-fieldstart|move: Trick Room|[of] p2a: Farigiraf\n|\n|upkeep\n|turn|5\n|\n|t:|1776736006\n|move|p2b: Ampharos|Cotton Guard|p2b: Ampharos\n|-boost|p2b: Ampharos|def|3\n|move|p2a: Farigiraf|Twin Beam|p1a: Milotic\n|-damage|p1a: Milotic|60/100\n|-damage|p1a: Milotic|53/100\n|-hitcount|p1a: Milotic|2\n|move|p1a: Milotic|Icy Wind|p2b: Ampharos|[spread] p2a,p2b\n|-supereffective|p2b: Ampharos|1\n|-damage|p2a: Farigiraf|85/100\n|-damage|p2b: Ampharos|67/100\n|-unboost|p2a: Farigiraf|spe|1\n|-unboost|p2b: Ampharos|spe|1\n|move|p1b: Charizard|Dragon Claw|p2b: Ampharos\n|-supereffective|p2b: Ampharos|1\n|-damage|p2b: Ampharos|26/100\n|\n|upkeep\n|turn|6\n|\n|t:|1776736030\n|move|p2b: Ampharos|Dragon Pulse|p1b: Charizard\n|-supereffective|p1b: Charizard|1\n|-damage|p1b: Charizard|0 fnt\n|faint|p1b: Charizard\n|move|p2a: Farigiraf|Twin Beam|p1a: Milotic\n|-damage|p1a: Milotic|47/100\n|-damage|p1a: Milotic|41/100\n|-hitcount|p1a: Milotic|2\n|move|p1a: Milotic|Icy Wind|p2b: Ampharos|[spread] p2a,p2b\n|-supereffective|p2b: Ampharos|1\n|-damage|p2a: Farigiraf|68/100\n|-damage|p2b: Ampharos|0 fnt\n|-unboost|p2a: Farigiraf|spe|1\n|faint|p2b: Ampharos\n|\n|upkeep\n|\n|t:|1776736045\n|switch|p1b: Hydreigon|Hydreigon, L50, M, shiny|100/100\n|turn|7\n|\n|t:|1776736053\n|move|p2a: Farigiraf|Twin Beam|p1a: Milotic\n|-damage|p1a: Milotic|36/100\n|-damage|p1a: Milotic|29/100\n|-hitcount|p1a: Milotic|2\n|move|p1a: Milotic|Dragon Cheer|p1b: Hydreigon\n|-start|p1b: Hydreigon|move: Dragon Cheer\n|move|p1b: Hydreigon|Dark Pulse|p2a: Farigiraf\n|-supereffective|p2a: Farigiraf|1\n|-enditem|p2a: Farigiraf|Colbur Berry|[eat]\n|-enditem|p2a: Farigiraf|Colbur Berry|[weaken]\n|-damage|p2a: Farigiraf|34/100\n|\n|upkeep\n|turn|8\n|\n|t:|1776736068\n|move|p2a: Farigiraf|Calm Mind|p2a: Farigiraf\n|-boost|p2a: Farigiraf|spa|1\n|-boost|p2a: Farigiraf|spd|1\n|move|p1a: Milotic|Scald|p2a: Farigiraf\n|-damage|p2a: Farigiraf|2/100\n|move|p1b: Hydreigon|Dark Pulse|p2a: Farigiraf\n|-supereffective|p2a: Farigiraf|1\n|-crit|p2a: Farigiraf\n|-damage|p2a: Farigiraf|0 fnt\n|faint|p2a: Farigiraf\n|\n|win|undead_redhead\n|raw|undead_redhead's rating: 1063 &rarr; <strong>1097</strong><br />(+34 for winning)\n|raw|petey12345's rating: 1097 &rarr; <strong>1070</strong><br />(-27 for losing)\n|l|\u2606petey12345\n|player|p2|\n",
  "uploadtime": 1776736080,
  "views": 7,
  "formatid": "gen9championsvgc2026regma",
  "rating": 1070,
  "private": 0,
  "password": null
}