{
  "id": "gen9championsvgc2026regma-2581957769",
  "format": "[Gen 9 Champions] VGC 2026 Reg M-A",
  "players": [
    "KangarooToodleloo",
    "StubbyAFK"
  ],
  "log": "|j|\u2606KangarooToodleloo\n|j|\u2606StubbyAFK\n|t:|1776043214\n|gametype|doubles\n|player|p1|KangarooToodleloo|blue-masters|1167\n|player|p2|StubbyAFK|102|1157\n|gen|9\n|tier|[Gen 9 Champions] VGC 2026 Reg M-A\n|rated|\n|rule|Species Clause: Limit one of each Pok\u00e9mon\n|rule|Item Clause: Limit 1 of each item\n|clearpoke\n|poke|p1|Gyarados, L50, F|\n|poke|p1|Incineroar, L50, M|\n|poke|p1|Gengar, L50, M|\n|poke|p1|Kommo-o, L50, F|\n|poke|p1|Sinistcha-Masterpiece, L50|\n|poke|p1|Kangaskhan, L50, F|\n|poke|p2|Incineroar, L50, M|\n|poke|p2|Gengar, L50, F|\n|poke|p2|Politoed, L50, M|\n|poke|p2|Whimsicott, L50, F|\n|poke|p2|Kommo-o, L50, M|\n|poke|p2|Floette-Eternal, L50, F|\n|teampreview|4\n|\n|t:|1776043271\n|teamsize|p1|4\n|teamsize|p2|4\n|start\n|switch|p1a: Kangaskhan|Kangaskhan, L50, F|100/100\n|switch|p1b: Gengar|Gengar, L50, M|100/100\n|switch|p2a: Kommo-o|Kommo-o, L50, M|100/100\n|switch|p2b: Whimsicott|Whimsicott, L50, F|100/100\n|turn|1\n|\n|t:|1776043323\n|switch|p2a: Incineroar|Incineroar, L50, M|100/100\n|-ability|p2a: Incineroar|Intimidate|boost\n|-fail|p1a: Kangaskhan|unboost|Attack|[from] ability: Scrappy|[of] p1a: Kangaskhan\n|-unboost|p1b: Gengar|atk|1\n|detailschange|p1b: Gengar|Gengar-Mega, L50, M\n|-mega|p1b: Gengar|Gengar|Gengarite\n|move|p1a: Kangaskhan|Fake Out|p2a: Incineroar\n|-damage|p2a: Incineroar|83/100\n|move|p2b: Whimsicott|Fake Tears|p1b: Gengar\n|-unboost|p1b: Gengar|spd|2\n|move|p1b: Gengar|Sludge Bomb|p2b: Whimsicott\n|-supereffective|p2b: Whimsicott|2\n|-enditem|p2b: Whimsicott|Focus Sash\n|-damage|p2b: Whimsicott|1/100\n|\n|upkeep\n|turn|2\n|\n|t:|1776043345\n|switch|p1b: Gyarados|Gyarados, L50, F|100/100\n|-ability|p1b: Gyarados|Intimidate|boost\n|-unboost|p2a: Incineroar|atk|1\n|-unboost|p2b: Whimsicott|atk|1\n|move|p2b: Whimsicott|Tailwind|p2b: Whimsicott\n|-sidestart|p2: StubbyAFK|move: Tailwind\n|move|p2a: Incineroar|Throat Chop|p1b: Gyarados\n|-damage|p1b: Gyarados|79/100\n|-start|p1b: Gyarados|Throat Chop|[silent]\n|move|p1a: Kangaskhan|Low Kick|p2a: Incineroar\n|-supereffective|p2a: Incineroar|1\n|-enditem|p2a: Incineroar|Chople Berry|[eat]\n|-enditem|p2a: Incineroar|Chople Berry|[weaken]\n|-damage|p2a: Incineroar|61/100\n|\n|upkeep\n|turn|3\n|\n|t:|1776043385\n|switch|p2b: Kommo-o|Kommo-o, L50, M|100/100\n|move|p2a: Incineroar|Parting Shot|p1b: Gyarados\n|-unboost|p1b: Gyarados|atk|1\n|-unboost|p1b: Gyarados|spa|1\n|\n|t:|1776043392\n|switch|p2a: Floette|Floette-Eternal, L50, F, shiny|100/100|[from] Parting Shot\n|move|p1a: Kangaskhan|Double-Edge|p2b: Kommo-o\n|-damage|p2b: Kommo-o|50/100\n|-damage|p1a: Kangaskhan|89/100|[from] Recoil\n|move|p1b: Gyarados|Waterfall|p2a: Floette\n|-damage|p2a: Floette|64/100\n|\n|-end|p1b: Gyarados|Throat Chop|[silent]\n|upkeep\n|turn|4\n|\n|t:|1776043413\n|switch|p1b: Gengar|Gengar-Mega, L50, M|100/100\n|detailschange|p2a: Floette|Floette-Mega, L50, F, shiny\n|-mega|p2a: Floette|Floette|Floettite\n|-ability|p2a: Floette|Fairy Aura\n|move|p2a: Floette|Calm Mind|p2a: Floette\n|-boost|p2a: Floette|spa|1\n|-boost|p2a: Floette|spd|1\n|move|p2b: Kommo-o|Draco Meteor|p1a: Kangaskhan\n|-damage|p1a: Kangaskhan|17/100\n|-unboost|p2b: Kommo-o|spa|2\n|move|p1a: Kangaskhan|Double-Edge|p2a: Floette\n|-damage|p2a: Floette|5/100\n|-damage|p1a: Kangaskhan|4/100|[from] Recoil\n|\n|upkeep\n|turn|5\n|\n|t:|1776043444\n|move|p1a: Kangaskhan|Sucker Punch|p2a: Floette\n|-resisted|p2a: Floette|1\n|-damage|p2a: Floette|0 fnt\n|faint|p2a: Floette\n|move|p2b: Kommo-o|Clanging Scales|p1a: Kangaskhan|[spread] p1a,p1b\n|-damage|p1a: Kangaskhan|0 fnt\n|-damage|p1b: Gengar|72/100\n|faint|p1a: Kangaskhan\n|-unboost|p2b: Kommo-o|def|1\n|move|p1b: Gengar|Substitute|p1b: Gengar\n|-start|p1b: Gengar|Substitute\n|-damage|p1b: Gengar|47/100\n|\n|-sideend|p2: StubbyAFK|move: Tailwind\n|upkeep\n|\n|t:|1776043461\n|switch|p2a: Incineroar|Incineroar, L50, M|61/100\n|switch|p1a: Gyarados|Gyarados, L50, F|79/100\n|-ability|p1a: Gyarados|Intimidate|boost\n|-unboost|p2a: Incineroar|atk|1\n|-unboost|p2b: Kommo-o|atk|1\n|-ability|p2a: Incineroar|Intimidate|boost\n|-unboost|p1a: Gyarados|atk|1\n|-immune|p1b: Gengar\n|turn|6\n|\n|t:|1776043479\n|switch|p1a: Kommo-o|Kommo-o, L50, F|100/100\n|move|p1b: Gengar|Protect|p1b: Gengar\n|-singleturn|p1b: Gengar|Protect\n|move|p2a: Incineroar|Fake Out|p1a: Kommo-o\n|-damage|p1a: Kommo-o|94/100\n|move|p2b: Kommo-o|Clanging Scales|p1b: Gengar|[spread] p1a\n|-activate|p1b: Gengar|move: Protect\n|-supereffective|p1a: Kommo-o|1\n|-crit|p1a: Kommo-o\n|-damage|p1a: Kommo-o|0 fnt\n|faint|p1a: Kommo-o\n|-unboost|p2b: Kommo-o|def|1\n|\n|upkeep\n|\n|t:|1776043486\n|switch|p1a: Gyarados|Gyarados, L50, F|79/100\n|-ability|p1a: Gyarados|Intimidate|boost\n|-unboost|p2a: Incineroar|atk|1\n|-unboost|p2b: Kommo-o|atk|1\n|turn|7\n|\n|t:|1776043506\n|move|p2b: Kommo-o|Protect|p2b: Kommo-o\n|-singleturn|p2b: Kommo-o|Protect\n|move|p1b: Gengar|Sludge Bomb|p2b: Kommo-o\n|-activate|p2b: Kommo-o|move: Protect\n|move|p1a: Gyarados|Waterfall|p2a: Incineroar\n|-supereffective|p2a: Incineroar|1\n|-damage|p2a: Incineroar|0 fnt\n|faint|p2a: Incineroar\n|\n|upkeep\n|\n|t:|1776043516\n|switch|p2a: Whimsicott|Whimsicott, L50, F|1/100\n|turn|8\n|\n|t:|1776043530\n|move|p2a: Whimsicott|Fake Tears|p1a: Gyarados\n|-unboost|p1a: Gyarados|spd|2\n|move|p1b: Gengar|Sludge Bomb|p2a: Whimsicott\n|-supereffective|p2a: Whimsicott|2\n|-damage|p2a: Whimsicott|0 fnt\n|faint|p2a: Whimsicott\n|move|p2b: Kommo-o|Clanging Scales|p1b: Gengar|[spread] p1a,p1b\n|-damage|p1a: Gyarados|42/100\n|-damage|p1b: Gengar|16/100\n|-unboost|p2b: Kommo-o|def|1\n|move|p1a: Gyarados|Waterfall|p2b: Kommo-o\n|-resisted|p2b: Kommo-o|1\n|-damage|p2b: Kommo-o|2/100\n|\n|upkeep\n|turn|9\n|\n|t:|1776043546\n|move|p1b: Gengar|Sludge Bomb|p2b: Kommo-o\n|-damage|p2b: Kommo-o|0 fnt\n|faint|p2b: Kommo-o\n|\n|win|KangarooToodleloo\n|raw|KangarooToodleloo's rating: 1167 &rarr; <strong>1191</strong><br />(+24 for winning)\n|raw|StubbyAFK's rating: 1157 &rarr; <strong>1133</strong><br />(-24 for losing)\n|l|\u2606KangarooToodleloo\n|player|p1|\n|l|\u2606StubbyAFK\n|player|p2|\n|j|\u2606KangarooToodleloo\n|player|p1|KangarooToodleloo|blue-masters|\n",
  "uploadtime": 1776043549,
  "views": 24,
  "formatid": "gen9championsvgc2026regma",
  "rating": 1133,
  "private": 0,
  "password": null
}