{
  "id": "gen9championsvgc2026regma-2588514866",
  "format": "[Gen 9 Champions] VGC 2026 Reg M-A",
  "players": [
    "ScaryMonsters",
    "EduardoBenioCiclo"
  ],
  "log": "|j|\u2606ScaryMonsters\n|j|\u2606EduardoBenioCiclo\n|t:|1776640596\n|gametype|doubles\n|player|p1|ScaryMonsters|unknown|1038\n|player|p2|EduardoBenioCiclo|n|1127\n|gen|9\n|tier|[Gen 9 Champions] VGC 2026 Reg M-A\n|rated|\n|rule|Species Clause: Limit one of each Pok\u00e9mon\n|rule|Item Clause: Limit 1 of each item\n|clearpoke\n|poke|p1|Venusaur, L50, M|\n|poke|p1|Ninetales, L50, F|\n|poke|p1|Clefable, L50, F|\n|poke|p1|Charizard, L50, F|\n|poke|p1|Aerodactyl, L50, M|\n|poke|p1|Gyarados, L50, M|\n|poke|p2|Froslass, L50, F|\n|poke|p2|Sneasler, L50, F|\n|poke|p2|Aerodactyl, L50, F|\n|poke|p2|Garchomp, L50, M|\n|poke|p2|Kingambit, L50, F|\n|poke|p2|Rotom-Wash, L50|\n|teampreview|4\n|\n|t:|1776640630\n|teamsize|p1|4\n|teamsize|p2|4\n|start\n|switch|p1a: Charizard|Charizard, L50, F|100/100\n|switch|p1b: Venusaur|Venusaur, L50, M|100/100\n|switch|p2a: Aerodactyl|Aerodactyl, L50, F|100/100\n|switch|p2b: Sneasler|Sneasler, L50, F|100/100\n|-ability|p2a: Aerodactyl|Unnerve\n|turn|1\n|\n|t:|1776640655\n|switch|p1a: Ninetales|Ninetales, L50, F|100/100\n|-weather|SunnyDay|[from] ability: Drought|[of] p1a: Ninetales\n|move|p2b: Sneasler|Fake Out|p1b: Venusaur\n|-damage|p1b: Venusaur|87/100\n|move|p2a: Aerodactyl|Tailwind|p2a: Aerodactyl\n|-sidestart|p2: EduardoBenioCiclo|move: Tailwind\n|cant|p1b: Venusaur|flinch\n|\n|-weather|SunnyDay|[upkeep]\n|upkeep\n|turn|2\n|j| B press user\n|l| B press user\n|\n|t:|1776640680\n|move|p2a: Aerodactyl|Rock Slide|p1b: Venusaur|[spread] p1a,p1b\n|-supereffective|p1a: Ninetales|1\n|-damage|p1a: Ninetales|43/100\n|-damage|p1b: Venusaur|65/100\n|move|p2b: Sneasler|Close Combat|p1a: Ninetales\n|-damage|p1a: Ninetales|0 fnt\n|-unboost|p2b: Sneasler|def|1\n|-unboost|p2b: Sneasler|spd|1\n|faint|p1a: Ninetales\n|-enditem|p2b: Sneasler|White Herb\n|-clearnegativeboost|p2b: Sneasler|[silent]\n|move|p1b: Venusaur|Growth|p1b: Venusaur\n|-boost|p1b: Venusaur|atk|2\n|-boost|p1b: Venusaur|spa|2\n|\n|-weather|SunnyDay|[upkeep]\n|upkeep\n|\n|t:|1776640696\n|switch|p1a: Clefable|Clefable, L50, F|100/100\n|turn|3\n|\n|t:|1776640710\n|move|p1a: Clefable|Follow Me|p1a: Clefable\n|-singleturn|p1a: Clefable|move: Follow Me\n|move|p2b: Sneasler|Dire Claw|p1a: Clefable\n|-supereffective|p1a: Clefable|1\n|-damage|p1a: Clefable|28/100\n|move|p2a: Aerodactyl|Rock Slide|p1b: Venusaur|[spread] p1b\n|-miss|p2a: Aerodactyl|p1a: Clefable\n|-damage|p1b: Venusaur|41/100\n|cant|p1b: Venusaur|flinch\n|\n|-weather|SunnyDay|[upkeep]\n|-heal|p1a: Clefable|34/100|[from] item: Leftovers\n|upkeep\n|turn|4\n|\n|t:|1776640735\n|switch|p1a: Charizard|Charizard, L50, F|100/100\n|move|p2b: Sneasler|Dire Claw|p1a: Charizard\n|-damage|p1a: Charizard|42/100\n|move|p2a: Aerodactyl|Rock Slide|p1b: Venusaur|[spread] p1a,p1b\n|-supereffective|p1a: Charizard|2\n|-damage|p1a: Charizard|0 fnt\n|-damage|p1b: Venusaur|18/100\n|faint|p1a: Charizard\n|cant|p1b: Venusaur|flinch\n|\n|-weather|SunnyDay|[upkeep]\n|-sideend|p2: EduardoBenioCiclo|move: Tailwind\n|upkeep\n|\n|t:|1776640748\n|switch|p1a: Clefable|Clefable, L50, F|34/100\n|turn|5\n|\n|t:|1776640758\n|move|p2b: Sneasler|Dire Claw|p1a: Clefable\n|-supereffective|p1a: Clefable|1\n|-damage|p1a: Clefable|0 fnt\n|faint|p1a: Clefable\n|move|p2a: Aerodactyl|Rock Slide|p1b: Venusaur\n|-damage|p1b: Venusaur|0 fnt\n|faint|p1b: Venusaur\n|\n|win|EduardoBenioCiclo\n|raw|ScaryMonsters's rating: 1038 &rarr; <strong>1026</strong><br />(-12 for losing)\n|raw|EduardoBenioCiclo's rating: 1127 &rarr; <strong>1146</strong><br />(+19 for winning)\n|c|\u2606ScaryMonsters|gg\n|l|\u2606ScaryMonsters\n|player|p1|\n|c|\u2606EduardoBenioCiclo|gg\n",
  "uploadtime": 1776640783,
  "views": 9,
  "formatid": "gen9championsvgc2026regma",
  "rating": 1026,
  "private": 0,
  "password": null
}