{
  "id": "gen9championsvgc2026regma-2589545091",
  "format": "[Gen 9 Champions] VGC 2026 Reg M-A",
  "players": [
    "Moomoo314",
    "benjiapollo"
  ],
  "log": "|j|\u2606Moomoo314\n|j|\u2606benjiapollo\n|t:|1776732772\n|gametype|doubles\n|player|p1|Moomoo314|101|1344\n|player|p2|benjiapollo|giovanni|1443\n|gen|9\n|tier|[Gen 9 Champions] VGC 2026 Reg M-A\n|rated|\n|rule|Species Clause: Limit one of each Pok\u00e9mon\n|rule|Item Clause: Limit 1 of each item\n|clearpoke\n|poke|p1|Sneasler, L50, M|\n|poke|p1|Aerodactyl, L50, F|\n|poke|p1|Meganium, L50, M|\n|poke|p1|Archaludon, L50, M|\n|poke|p1|Politoed, L50, M|\n|poke|p1|Basculegion, L50, M|\n|poke|p2|Basculegion, L50, M|\n|poke|p2|Charizard, L50, F|\n|poke|p2|Kingambit, L50, F|\n|poke|p2|Sneasler, L50, F|\n|poke|p2|Venusaur, L50, M|\n|poke|p2|Talonflame, L50, F|\n|teampreview|4\n|inactive|Battle timer is ON: inactive players will automatically lose when time's up. (requested by benjiapollo)\n|inactive|Moomoo314 has 60 seconds left.\n|\n|t:|1776732827\n|teamsize|p1|4\n|teamsize|p2|4\n|start\n|switch|p1a: Basculegion|Basculegion, L50, M|100/100\n|switch|p1b: Aerodactyl|Aerodactyl, L50, F|100/100\n|switch|p2a: Talonflame|Talonflame, L50, F|100/100\n|switch|p2b: Charizard|Charizard, L50, F|100/100\n|-ability|p1b: Aerodactyl|Unnerve\n|turn|1\n|inactive|Moomoo314 has 30 seconds left.\n|inactive|Moomoo314 has 20 seconds left.\n|inactive|Moomoo314 has 15 seconds left.\n|\n|t:|1776732868\n|move|p2b: Charizard|Protect|p2b: Charizard\n|-singleturn|p2b: Charizard|Protect\n|move|p2a: Talonflame|Tailwind|p2a: Talonflame\n|-sidestart|p2: benjiapollo|move: Tailwind\n|move|p1a: Basculegion|Flip Turn|p2a: Talonflame\n|-supereffective|p2a: Talonflame|1\n|-enditem|p2a: Talonflame|Focus Sash\n|-damage|p2a: Talonflame|1/100\n|\n|t:|1776732877\n|switch|p1a: Sneasler|Sneasler, L50, M|100/100|[from] Flip Turn\n|move|p1b: Aerodactyl|Rock Slide|p2a: Talonflame|[spread] p2a\n|-activate|p2b: Charizard|move: Protect\n|-supereffective|p2a: Talonflame|2\n|-damage|p2a: Talonflame|0 fnt\n|faint|p2a: Talonflame\n|\n|upkeep\n|\n|t:|1776732892\n|switch|p2a: Sneasler|Sneasler, L50, F|100/100\n|turn|2\n|inactive|Moomoo314 has 30 seconds left.\n|\n|t:|1776732919\n|detailschange|p2b: Charizard|Charizard-Mega-X, L50, F\n|-mega|p2b: Charizard|Charizard|Charizardite X\n|move|p2a: Sneasler|Fake Out|p1a: Sneasler\n|-damage|p1a: Sneasler|78/100\n|cant|p1a: Sneasler|flinch\n|move|p2b: Charizard|Dragon Claw|p1b: Aerodactyl\n|-damage|p1b: Aerodactyl|13/100\n|move|p1b: Aerodactyl|Tailwind|p1b: Aerodactyl\n|-sidestart|p1: Moomoo314|move: Tailwind\n|\n|upkeep\n|turn|3\n|inactive|Moomoo314 has 30 seconds left.\n|inactive|Moomoo314 has 20 seconds left.\n|\n|t:|1776732957\n|move|p1a: Sneasler|Protect|p1a: Sneasler\n|-singleturn|p1a: Sneasler|Protect\n|move|p1b: Aerodactyl|Rock Slide|p2a: Sneasler|[spread] p2a,p2b\n|-resisted|p2a: Sneasler|1\n|-supereffective|p2b: Charizard|1\n|-damage|p2a: Sneasler|80/100\n|-damage|p2b: Charizard|48/100\n|cant|p2a: Sneasler|flinch\n|cant|p2b: Charizard|flinch\n|\n|upkeep\n|turn|4\n|\n|t:|1776732974\n|move|p2b: Charizard|Protect|p2b: Charizard\n|-singleturn|p2b: Charizard|Protect\n|move|p1b: Aerodactyl|Rock Slide|p2b: Charizard|[spread] p2a\n|-activate|p2b: Charizard|move: Protect\n|-resisted|p2a: Sneasler|1\n|-damage|p2a: Sneasler|60/100\n|move|p1a: Sneasler|Close Combat|p2a: Sneasler\n|-resisted|p2a: Sneasler|1\n|-damage|p2a: Sneasler|5/100\n|-unboost|p1a: Sneasler|def|1\n|-unboost|p1a: Sneasler|spd|1\n|-enditem|p1a: Sneasler|White Herb\n|-clearnegativeboost|p1a: Sneasler|[silent]\n|move|p2a: Sneasler|Close Combat|p1b: Aerodactyl\n|-damage|p1b: Aerodactyl|0 fnt\n|-unboost|p2a: Sneasler|def|1\n|-unboost|p2a: Sneasler|spd|1\n|faint|p1b: Aerodactyl\n|-enditem|p2a: Sneasler|White Herb\n|-clearnegativeboost|p2a: Sneasler|[silent]\n|\n|-sideend|p2: benjiapollo|move: Tailwind\n|upkeep\n|\n|t:|1776732994\n|switch|p1b: Politoed|Politoed, L50, M|100/100\n|-weather|RainDance|[from] ability: Drizzle|[of] p1b: Politoed\n|turn|5\n|\n|t:|1776733012\n|move|p2a: Sneasler|Protect|p2a: Sneasler\n|-singleturn|p2a: Sneasler|Protect\n|move|p1a: Sneasler|Dire Claw|p2a: Sneasler\n|-activate|p2a: Sneasler|move: Protect\n|move|p2b: Charizard|Dragon Claw|p1b: Politoed\n|-damage|p1b: Politoed|56/100\n|move|p1b: Politoed|Weather Ball|p2b: Charizard\n|-damage|p2b: Charizard|0 fnt\n|faint|p2b: Charizard\n|\n|-weather|RainDance|[upkeep]\n|-sideend|p1: Moomoo314|move: Tailwind\n|upkeep\n|\n|t:|1776733023\n|switch|p2b: Kingambit|Kingambit, L50, F|100/100\n|turn|6\n|\n|t:|1776733045\n|move|p2b: Kingambit|Protect|p2b: Kingambit\n|-singleturn|p2b: Kingambit|Protect\n|move|p1a: Sneasler|Close Combat|p2b: Kingambit\n|-activate|p2b: Kingambit|move: Protect\n|move|p2a: Sneasler|Close Combat|p1b: Politoed\n|-damage|p1b: Politoed|7/100\n|-unboost|p2a: Sneasler|def|1\n|-unboost|p2a: Sneasler|spd|1\n|-enditem|p1b: Politoed|Sitrus Berry|[eat]\n|-heal|p1b: Politoed|32/100|[from] item: Sitrus Berry\n|move|p1b: Politoed|Perish Song|p1b: Politoed\n|-start|p1a: Sneasler|perish3|[silent]\n|-start|p1b: Politoed|perish3|[silent]\n|-start|p2a: Sneasler|perish3|[silent]\n|-start|p2b: Kingambit|perish3|[silent]\n|-fieldactivate|move: Perish Song\n|\n|-weather|RainDance|[upkeep]\n|-start|p2a: Sneasler|perish3\n|-start|p1a: Sneasler|perish3\n|-start|p1b: Politoed|perish3\n|-start|p2b: Kingambit|perish3\n|upkeep\n|turn|7\n|\n|t:|1776733070\n|move|p1b: Politoed|Protect|p1b: Politoed\n|-singleturn|p1b: Politoed|Protect\n|move|p2a: Sneasler|Dire Claw|p1a: Sneasler\n|-resisted|p1a: Sneasler|1\n|-damage|p1a: Sneasler|45/100\n|move|p1a: Sneasler|Close Combat|p2b: Kingambit\n|-supereffective|p2b: Kingambit|2\n|-damage|p2b: Kingambit|0 fnt\n|-unboost|p1a: Sneasler|def|1\n|-unboost|p1a: Sneasler|spd|1\n|faint|p2b: Kingambit\n|\n|-weather|RainDance|[upkeep]\n|-start|p1a: Sneasler|perish2\n|-start|p2a: Sneasler|perish2\n|-start|p1b: Politoed|perish2\n|upkeep\n|turn|8\n|-message|benjiapollo forfeited.\n|\n|win|Moomoo314\n|raw|Moomoo314's rating: 1344 &rarr; <strong>1370</strong><br />(+26 for winning)\n|raw|benjiapollo's rating: 1443 &rarr; <strong>1417</strong><br />(-26 for losing)\n",
  "uploadtime": 1776733086,
  "views": 4,
  "formatid": "gen9championsvgc2026regma",
  "rating": 1370,
  "private": 0,
  "password": null
}