{
  "id": "gen9championsvgc2026regma-2582688597",
  "format": "[Gen 9 Champions] VGC 2026 Reg M-A",
  "players": [
    "Sokko666",
    "cbfhgf"
  ],
  "log": "|j|\u2606Sokko666\n|j|\u2606cbfhgf\n|t:|1776107394\n|gametype|doubles\n|player|p1|Sokko666|wattson|1074\n|player|p2|cbfhgf|101|1000\n|gen|9\n|tier|[Gen 9 Champions] VGC 2026 Reg M-A\n|rated|\n|rule|Species Clause: Limit one of each Pok\u00e9mon\n|rule|Item Clause: Limit 1 of each item\n|clearpoke\n|poke|p1|Sinistcha, L50|\n|poke|p1|Drampa, L50, M|\n|poke|p1|Incineroar, L50, M|\n|poke|p1|Conkeldurr, L50, M|\n|poke|p1|Araquanid, L50, F|\n|poke|p1|Slowking-Galar, L50, F|\n|poke|p2|Tyranitar, L50, M|\n|poke|p2|Steelix, L50, F|\n|poke|p2|Pelipper, L50, M|\n|poke|p2|Garchomp, L50, M|\n|poke|p2|Basculegion, L50, M|\n|poke|p2|Incineroar, L50, F|\n|teampreview|4\n|\n|t:|1776107427\n|teamsize|p1|4\n|teamsize|p2|4\n|start\n|switch|p1a: Sinistcha|Sinistcha, L50|100/100\n|switch|p1b: Drampa|Drampa, L50, M|100/100\n|switch|p2a: Incineroar|Incineroar, L50, F|100/100\n|switch|p2b: Tyranitar|Tyranitar, L50, M|100/100\n|-weather|Sandstorm|[from] ability: Sand Stream|[of] p2b: Tyranitar\n|-ability|p2a: Incineroar|Intimidate|boost\n|-unboost|p1a: Sinistcha|atk|1\n|-unboost|p1b: Drampa|atk|1\n|-ability|p1b: Drampa|Cloud Nine\n|turn|1\n|\n|t:|1776107459\n|switch|p1b: Conkeldurr|Conkeldurr, L50, M|100/100\n|move|p2a: Incineroar|Fake Out|p1a: Sinistcha\n|-immune|p1a: Sinistcha\n|move|p2b: Tyranitar|Rock Slide|p1b: Conkeldurr|[spread] p1a,p1b\n|-resisted|p1b: Conkeldurr|1\n|-damage|p1a: Sinistcha|78/100\n|-damage|p1b: Conkeldurr|86/100\n|move|p1a: Sinistcha|Trick Room|p1a: Sinistcha\n|-fieldstart|move: Trick Room|[of] p1a: Sinistcha\n|\n|-weather|Sandstorm|[upkeep]\n|-damage|p1b: Conkeldurr|80/100|[from] Sandstorm\n|-damage|p2a: Incineroar|95/100|[from] Sandstorm\n|-damage|p1a: Sinistcha|72/100|[from] Sandstorm\n|upkeep\n|turn|2\n|\n|t:|1776107480\n|switch|p2b: Garchomp|Garchomp, L50, M|100/100\n|switch|p1a: Drampa|Drampa, L50, M|100/100\n|-ability|p1a: Drampa|Cloud Nine\n|move|p1b: Conkeldurr|Drain Punch|p2a: Incineroar\n|-supereffective|p2a: Incineroar|1\n|-damage|p2a: Incineroar|0 fnt\n|-heal|p1b: Conkeldurr|100/100|[from] drain|[of] p2a: Incineroar\n|faint|p2a: Incineroar\n|\n|-weather|Sandstorm|[upkeep]\n|upkeep\n|\n|t:|1776107494\n|switch|p2a: Steelix|Steelix, L50, F|100/100\n|turn|3\n|\n|t:|1776107508\n|detailschange|p2a: Steelix|Steelix-Mega, L50, F\n|-mega|p2a: Steelix|Steelix|Steelixite\n|detailschange|p1a: Drampa|Drampa-Mega, L50, M\n|-mega|p1a: Drampa|Drampa|Drampanite\n|move|p2a: Steelix|High Horsepower|p1b: Conkeldurr\n|-damage|p1b: Conkeldurr|53/100\n|move|p1a: Drampa|Draco Meteor|p2b: Garchomp|[miss]\n|-miss|p1a: Drampa|p2b: Garchomp\n|move|p1b: Conkeldurr|Drain Punch|p2a: Steelix\n|-supereffective|p2a: Steelix|1\n|-damage|p2a: Steelix|43/100\n|-heal|p1b: Conkeldurr|78/100|[from] drain|[of] p2a: Steelix\n|move|p2b: Garchomp|Dragon Claw|p1a: Drampa\n|-supereffective|p1a: Drampa|1\n|-damage|p1a: Drampa|41/100\n|-ability|p1a: Drampa|Berserk|boost\n|-boost|p1a: Drampa|spa|1\n|\n|-weather|Sandstorm|[upkeep]\n|-damage|p1a: Drampa|35/100|[from] Sandstorm\n|-damage|p1b: Conkeldurr|72/100|[from] Sandstorm\n|upkeep\n|turn|4\n|\n|t:|1776107538\n|switch|p2b: Tyranitar|Tyranitar, L50, M|100/100\n|move|p2a: Steelix|Rock Slide|p1b: Conkeldurr|[spread] p1a,p1b\n|-resisted|p1b: Conkeldurr|1\n|-damage|p1a: Drampa|15/100\n|-damage|p1b: Conkeldurr|62/100\n|cant|p1a: Drampa|flinch\n|move|p1b: Conkeldurr|Ice Punch|p2b: Tyranitar\n|-damage|p2b: Tyranitar|73/100\n|\n|-weather|Sandstorm|[upkeep]\n|-damage|p1a: Drampa|9/100|[from] Sandstorm\n|-damage|p1b: Conkeldurr|56/100|[from] Sandstorm\n|upkeep\n|turn|5\n|\n|t:|1776107561\n|switch|p1a: Sinistcha|Sinistcha, L50|72/100\n|-heal|p1b: Conkeldurr|81/100|[from] ability: Hospitality|[of] p1a: Sinistcha\n|switch|p2b: Garchomp|Garchomp, L50, M|100/100\n|move|p2a: Steelix|Rock Slide|p1b: Conkeldurr|[spread] p1a,p1b\n|-resisted|p1b: Conkeldurr|1\n|-damage|p1a: Sinistcha|54/100\n|-damage|p1b: Conkeldurr|72/100\n|move|p1b: Conkeldurr|Drain Punch|p2b: Garchomp\n|-damage|p2b: Garchomp|40/100\n|-heal|p1b: Conkeldurr|100/100|[from] drain|[of] p2b: Garchomp\n|\n|-weather|none\n|-fieldend|move: Trick Room\n|upkeep\n|turn|6\n|\n|t:|1776107585\n|move|p2b: Garchomp|Poison Jab|p1a: Sinistcha\n|-damage|p1a: Sinistcha|38/100\n|move|p1b: Conkeldurr|Ice Punch|p2b: Garchomp\n|-supereffective|p2b: Garchomp|2\n|-damage|p2b: Garchomp|0 fnt\n|faint|p2b: Garchomp\n|move|p2a: Steelix|Rock Slide|p1a: Sinistcha|[spread] p1a,p1b\n|-resisted|p1b: Conkeldurr|1\n|-damage|p1a: Sinistcha|25/100\n|-damage|p1b: Conkeldurr|93/100\n|move|p1a: Sinistcha|Trick Room|p1a: Sinistcha\n|-fieldstart|move: Trick Room|[of] p1a: Sinistcha\n|\n|upkeep\n|-message|cbfhgf forfeited.\n|\n|win|Sokko666\n|raw|Sokko666's rating: 1074 &rarr; <strong>1097</strong><br />(+23 for winning)\n|raw|cbfhgf's rating: 1000 &rarr; <strong>1000</strong><br />(+0 for losing)\n|l|\u2606cbfhgf\n|player|p2|\n",
  "uploadtime": 1776107600,
  "views": 20,
  "formatid": "gen9championsvgc2026regma",
  "rating": 1000,
  "private": 0,
  "password": null
}