{
  "id": "gen9championsvgc2026regma-2581281523",
  "format": "[Gen 9 Champions] VGC 2026 Reg M-A",
  "players": [
    "Germanie",
    "WessellRustbrook"
  ],
  "log": "|badge|p1|bronze|gen9ubers|100-9\n|uhtml|medal-msg|<div class=\"broadcast-blue\">Curious what those medals under the avatar are? PS now has Ladder Seasons! For more information, check out the <a href=\"https://www.smogon.com/forums/threads/3740067/\">thread on Smogon.</a></div>\n|j|\u2606Germanie\n|j|\u2606WessellRustbrook\n|t:|1775980805\n|gametype|doubles\n|player|p1|Germanie|2|1324\n|player|p2|WessellRustbrook|hoopster|1276\n|gen|9\n|tier|[Gen 9 Champions] VGC 2026 Reg M-A\n|rated|\n|rule|Species Clause: Limit one of each Pok\u00e9mon\n|rule|Item Clause: Limit 1 of each item\n|clearpoke\n|poke|p1|Orthworm, L50, F|\n|poke|p1|Basculegion, L50, M|\n|poke|p1|Incineroar, L50, F|\n|poke|p1|Rotom-Frost, L50|\n|poke|p1|Froslass, L50, F|\n|poke|p1|Garchomp, L50, M|\n|poke|p2|Audino, L50, M|\n|poke|p2|Avalugg-Hisui, L50, F|\n|poke|p2|Armarouge, L50, M|\n|poke|p2|Palafin, L50, M|\n|poke|p2|Sneasler, L50, F|\n|poke|p2|Ninetales-Alola, L50, M|\n|teampreview|4\n|inactive|Battle timer is ON: inactive players will automatically lose when time's up. (requested by WessellRustbrook)\n|\n|t:|1775980840\n|teamsize|p1|4\n|teamsize|p2|4\n|start\n|switch|p1a: Garchomp|Garchomp, L50, M|100/100\n|switch|p1b: Orthworm|Orthworm, L50, F|100/100\n|switch|p2a: Audino|Audino, L50, M, shiny|100/100\n|switch|p2b: Sneasler|Sneasler, L50, F|100/100\n|turn|1\n|\n|t:|1775980860\n|move|p2b: Sneasler|Close Combat|p1b: Orthworm\n|-supereffective|p1b: Orthworm|1\n|-damage|p1b: Orthworm|2/100\n|-unboost|p2b: Sneasler|def|1\n|-unboost|p2b: Sneasler|spd|1\n|-enditem|p1b: Orthworm|Sitrus Berry|[eat]\n|-heal|p1b: Orthworm|27/100|[from] item: Sitrus Berry\n|-enditem|p2b: Sneasler|White Herb\n|-clearnegativeboost|p2b: Sneasler|[silent]\n|move|p1a: Garchomp|Earthquake|p2a: Audino|[spread] p2a,p2b\n|-heal|p1b: Orthworm|52/100|[from] ability: Earth Eater|[of] p1a: Garchomp\n|-supereffective|p2b: Sneasler|1\n|-damage|p2a: Audino|64/100\n|-damage|p2b: Sneasler|0 fnt\n|faint|p2b: Sneasler\n|move|p1b: Orthworm|Body Press|p2a: Audino\n|-supereffective|p2a: Audino|1\n|-damage|p2a: Audino|13/100\n|move|p2a: Audino|Calm Mind|p2a: Audino\n|-boost|p2a: Audino|spa|1\n|-boost|p2a: Audino|spd|1\n|\n|upkeep\n|\n|t:|1775980873\n|switch|p2b: Avalugg|Avalugg-Hisui, L50, F, shiny|100/100\n|turn|2\n|j| gE1xjZRtuhW2DdT0AK\n|\n|t:|1775980890\n|detailschange|p2a: Audino|Audino-Mega, L50, M, shiny\n|-mega|p2a: Audino|Audino|Audinite\n|move|p2b: Avalugg|Wide Guard|p2b: Avalugg\n|-singleturn|p2b: Avalugg|Wide Guard\n|move|p1a: Garchomp|Earthquake|p2a: Audino|[spread] \n|-activate|p2a: Audino|move: Wide Guard\n|-activate|p2b: Avalugg|move: Wide Guard\n|-heal|p1b: Orthworm|77/100|[from] ability: Earth Eater|[of] p1a: Garchomp\n|move|p1b: Orthworm|Heavy Slam|p2b: Avalugg\n|-supereffective|p2b: Avalugg|2\n|-damage|p2b: Avalugg|77/100\n|move|p2a: Audino|Trick Room|p2a: Audino\n|-fieldstart|move: Trick Room|[of] p2a: Audino\n|\n|upkeep\n|turn|3\n|\n|t:|1775980911\n|move|p2b: Avalugg|Body Press|p1b: Orthworm\n|-supereffective|p1b: Orthworm|1\n|-damage|p1b: Orthworm|29/100\n|move|p2a: Audino|Dazzling Gleam|p1a: Garchomp|[spread] p1a,p1b\n|-supereffective|p1a: Garchomp|1\n|-resisted|p1b: Orthworm|1\n|-damage|p1a: Garchomp|25/100\n|-damage|p1b: Orthworm|8/100\n|move|p1b: Orthworm|Body Press|p2b: Avalugg\n|-supereffective|p2b: Avalugg|2\n|-damage|p2b: Avalugg|21/100\n|-enditem|p2b: Avalugg|Sitrus Berry|[eat]\n|-heal|p2b: Avalugg|46/100|[from] item: Sitrus Berry\n|move|p1a: Garchomp|Earthquake|p2b: Avalugg|[spread] p2a,p2b\n|-heal|p1b: Orthworm|33/100|[from] ability: Earth Eater|[of] p1a: Garchomp\n|-supereffective|p2b: Avalugg|1\n|-damage|p2a: Audino|0 fnt\n|-damage|p2b: Avalugg|10/100\n|faint|p2a: Audino\n|\n|upkeep\n|\n|t:|1775980915\n|switch|p2a: Armarouge|Armarouge, L50, M|100/100\n|turn|4\n|inactive|Germanie has 30 seconds left.\n|inactive|Germanie has 20 seconds left.\n|inactive|Germanie has 15 seconds left.\n|\n|t:|1775980955\n|move|p1a: Garchomp|Protect|p1a: Garchomp\n|-singleturn|p1a: Garchomp|Protect\n|move|p2b: Avalugg|Mountain Gale|p1a: Garchomp\n|-activate|p1a: Garchomp|move: Protect\n|move|p1b: Orthworm|Body Press|p2b: Avalugg\n|-supereffective|p2b: Avalugg|2\n|-damage|p2b: Avalugg|0 fnt\n|faint|p2b: Avalugg\n|move|p2a: Armarouge|Heat Wave|p1a: Garchomp|[spread] p1b\n|-activate|p1a: Garchomp|move: Protect\n|-supereffective|p1b: Orthworm|1\n|-damage|p1b: Orthworm|0 fnt\n|faint|p1b: Orthworm\n|\n|upkeep\n|\n|t:|1775980969\n|switch|p1b: Froslass|Froslass, L50, F|100/100\n|turn|5\n|\n|t:|1775980982\n|detailschange|p1b: Froslass|Froslass-Mega, L50, F\n|-mega|p1b: Froslass|Froslass|Froslassite\n|-weather|Snowscape|[from] ability: Snow Warning|[of] p1b: Froslass\n|move|p1b: Froslass|Protect|p1b: Froslass\n|-singleturn|p1b: Froslass|Protect\n|move|p2a: Armarouge|Heat Wave|p1a: Garchomp|[spread] \n|-activate|p1b: Froslass|move: Protect\n|-miss|p2a: Armarouge|p1a: Garchomp\n|move|p1a: Garchomp|Earthquake|p2a: Armarouge|[spread] p2a\n|-activate|p1b: Froslass|move: Protect\n|-supereffective|p2a: Armarouge|1\n|-damage|p2a: Armarouge|31/100\n|\n|-weather|Snowscape|[upkeep]\n|upkeep\n|turn|6\n|\n|t:|1775980998\n|move|p2a: Armarouge|Heat Wave|p1b: Froslass|[spread] p1a,p1b\n|-resisted|p1a: Garchomp|1\n|-supereffective|p1b: Froslass|1\n|-damage|p1a: Garchomp|1/100\n|-damage|p1b: Froslass|3/100\n|-status|p1b: Froslass|brn\n|move|p1a: Garchomp|Dragon Claw|p2a: Armarouge\n|-damage|p2a: Armarouge|0 fnt\n|faint|p2a: Armarouge\n|\n|win|Germanie\n|raw|Germanie's rating: 1338 &rarr; <strong>1354</strong><br />(+16 for winning)\n|raw|WessellRustbrook's rating: 1276 &rarr; <strong>1255</strong><br />(-21 for losing)\n|l|\u2606WessellRustbrook\n|player|p2|\n|l|\u2606Germanie\n|player|p1|\n",
  "uploadtime": 1775981078,
  "views": 20,
  "formatid": "gen9championsvgc2026regma",
  "rating": 1255,
  "private": 0,
  "password": null
}