{
  "id": "gen9championsvgc2026regma-2587646501",
  "format": "[Gen 9 Champions] VGC 2026 Reg M-A",
  "players": [
    "Aegis_Toaster",
    "El Gingero"
  ],
  "log": "|j|\u2606Aegis_Toaster\n|j|\u2606El Gingero\n|t:|1776550064\n|gametype|doubles\n|player|p1|Aegis_Toaster|flannery|1097\n|player|p2|El Gingero|gentleman-gen4|1028\n|gen|9\n|tier|[Gen 9 Champions] VGC 2026 Reg M-A\n|rated|\n|rule|Species Clause: Limit one of each Pok\u00e9mon\n|rule|Item Clause: Limit 1 of each item\n|clearpoke\n|poke|p1|Kangaskhan, L50, F|\n|poke|p1|Kingambit, L50, F|\n|poke|p1|Whimsicott, L50, M|\n|poke|p1|Zoroark-Hisui, L50, F|\n|poke|p1|Tauros-Paldea-Aqua, L50, M|\n|poke|p1|Altaria, L50, M|\n|poke|p2|Charizard, L50, M|\n|poke|p2|Heliolisk, L50, M|\n|poke|p2|Golurk, L50, shiny|\n|poke|p2|Gyarados, L50, F|\n|poke|p2|Whimsicott, L50, F|\n|poke|p2|Trevenant, L50, M|\n|teampreview|4\n|\n|t:|1776550122\n|teamsize|p1|4\n|teamsize|p2|4\n|start\n|switch|p1a: Whimsicott|Whimsicott, L50, M|100/100\n|switch|p1b: Kingambit|Kingambit, L50, F|100/100\n|switch|p2a: Iron Giant|Golurk, L50, shiny|100/100\n|switch|p2b: Whimsicott|Whimsicott, L50, F|100/100\n|turn|1\n|\n|t:|1776550150\n|move|p2b: Whimsicott|Protect|p2b: Whimsicott\n|-singleturn|p2b: Whimsicott|Protect\n|move|p1a: Whimsicott|Tailwind|p1a: Whimsicott\n|-sidestart|p1: Aegis_Toaster|move: Tailwind\n|move|p1b: Kingambit|Shadow Ball|p2a: Iron Giant\n|-supereffective|p2a: Iron Giant|1\n|-damage|p2a: Iron Giant|16/100\n|move|p2a: Iron Giant|Earthquake|p1b: Kingambit|[spread] p1a,p1b\n|-activate|p2b: Whimsicott|move: Protect\n|-resisted|p1a: Whimsicott|1\n|-damage|p1a: Whimsicott|73/100\n|-damage|p1b: Kingambit|25/100\n|replace|p1b: Zoroark|Zoroark-Hisui, L50, F\n|-end|p1b: Zoroark|Illusion\n|\n|upkeep\n|turn|2\n|\n|t:|1776550183\n|move|p2b: Whimsicott|Tailwind|p2b: Whimsicott\n|-sidestart|p2: El Gingero|move: Tailwind\n|move|p1b: Zoroark|Shadow Ball|p2b: Whimsicott\n|-damage|p2b: Whimsicott|33/100\n|move|p1a: Whimsicott|Energy Ball|p2a: Iron Giant\n|-supereffective|p2a: Iron Giant|1\n|-damage|p2a: Iron Giant|0 fnt\n|faint|p2a: Iron Giant\n|\n|upkeep\n|\n|t:|1776550192\n|switch|p2a: Trevenant|Trevenant, L50, M|100/100\n|turn|3\n|\n|t:|1776550203\n|move|p1b: Zoroark|Shadow Ball|p2a: Trevenant\n|-supereffective|p2a: Trevenant|1\n|-damage|p2a: Trevenant|18/100\n|-unboost|p2a: Trevenant|spd|1\n|-enditem|p2a: Trevenant|Sitrus Berry|[eat]\n|-heal|p2a: Trevenant|43/100|[from] item: Sitrus Berry\n|move|p1a: Whimsicott|Moonblast|p2b: Whimsicott\n|-damage|p2b: Whimsicott|0 fnt\n|faint|p2b: Whimsicott\n|move|p2a: Trevenant|Trick Room|p2a: Trevenant\n|-fieldstart|move: Trick Room|[of] p2a: Trevenant\n|\n|upkeep\n|\n|t:|1776550212\n|switch|p2b: Gyarados|Gyarados, L50, F|100/100\n|-ability|p2b: Gyarados|Intimidate|boost\n|-unboost|p1a: Whimsicott|atk|1\n|-unboost|p1b: Zoroark|atk|1\n|turn|4\n|\n|t:|1776550243\n|move|p2a: Trevenant|Protect|p2a: Trevenant\n|-singleturn|p2a: Trevenant|Protect\n|move|p2b: Gyarados|Waterfall|p1b: Zoroark\n|-damage|p1b: Zoroark|0 fnt\n|faint|p1b: Zoroark\n|move|p1a: Whimsicott|Moonblast|p2a: Trevenant\n|-activate|p2a: Trevenant|move: Protect\n|\n|-sideend|p1: Aegis_Toaster|move: Tailwind\n|upkeep\n|\n|t:|1776550253\n|switch|p1b: Kingambit|Kingambit, L50, F|100/100\n|turn|5\n|\n|t:|1776550281\n|move|p1b: Kingambit|Kowtow Cleave|p2b: Gyarados\n|-damage|p2b: Gyarados|47/100\n|move|p2a: Trevenant|Leech Seed|p1b: Kingambit\n|-start|p1b: Kingambit|move: Leech Seed\n|move|p1a: Whimsicott|Moonblast|p2a: Trevenant\n|-damage|p2a: Trevenant|0 fnt\n|faint|p2a: Trevenant\n|move|p2b: Gyarados|Waterfall|p1b: Kingambit\n|-damage|p1b: Kingambit|76/100\n|\n|-heal|p2b: Gyarados|53/100|[from] item: Leftovers\n|-sideend|p2: El Gingero|move: Tailwind\n|upkeep\n|turn|6\n|\n|t:|1776550294\n|switch|p1b: Altaria|Altaria, L50, M|100/100\n|-ability|p1b: Altaria|Cloud Nine\n|move|p2b: Gyarados|Waterfall|p1b: Altaria\n|-resisted|p1b: Altaria|1\n|-damage|p1b: Altaria|83/100\n|move|p1a: Whimsicott|Moonblast|p2b: Gyarados\n|-damage|p2b: Gyarados|24/100\n|\n|-heal|p2b: Gyarados|30/100|[from] item: Leftovers\n|upkeep\n|turn|7\n|\n|t:|1776550309\n|detailschange|p1b: Altaria|Altaria-Mega, L50, M\n|-mega|p1b: Altaria|Altaria|Altarianite\n|move|p1b: Altaria|Hyper Voice|p2b: Gyarados\n|-damage|p2b: Gyarados|0 fnt\n|faint|p2b: Gyarados\n|\n|win|Aegis_Toaster\n|raw|Aegis_Toaster's rating: 1097 &rarr; <strong>1117</strong><br />(+20 for winning)\n|raw|El Gingero's rating: 1028 &rarr; <strong>1017</strong><br />(-11 for losing)\n",
  "uploadtime": 1776550315,
  "views": 13,
  "formatid": "gen9championsvgc2026regma",
  "rating": 1017,
  "private": 0,
  "password": null
}