{
  "id": "gen9championsvgc2026regma-2581432513",
  "format": "[Gen 9 Champions] VGC 2026 Reg M-A",
  "players": [
    "minus123123123",
    "ObliviouslyPyro"
  ],
  "log": "|j|\u2606minus123123123\n|j|\u2606ObliviouslyPyro\n|t:|1775999850\n|gametype|doubles\n|player|p1|minus123123123|rocketgrunt|1103\n|player|p2|ObliviouslyPyro|1|1000\n|gen|9\n|tier|[Gen 9 Champions] VGC 2026 Reg M-A\n|rated|\n|rule|Species Clause: Limit one of each Pok\u00e9mon\n|rule|Item Clause: Limit 1 of each item\n|clearpoke\n|poke|p1|Charizard, L50, M|\n|poke|p1|Venusaur, L50, M|\n|poke|p1|Garchomp, L50, M|\n|poke|p1|Rotom-Wash, L50|\n|poke|p1|Sneasler, L50, F|\n|poke|p1|Incineroar, L50, F|\n|poke|p2|Gallade, L50, M|\n|poke|p2|Ditto, L50|\n|poke|p2|Volcarona, L50, F|\n|poke|p2|Sneasler, L50, M|\n|poke|p2|Froslass, L50, F|\n|poke|p2|Espathra, L50, F|\n|teampreview|4\n|c|\u2606ObliviouslyPyro|glhf\nminus123123123 rejected open team sheets.\n|\n|t:|1775999913\n|teamsize|p1|4\n|teamsize|p2|4\n|start\n|switch|p1a: Charizard|Charizard, L50, M|100/100\n|switch|p1b: Incineroar|Incineroar, L50, F|100/100\n|switch|p2a: Espathra|Espathra, L50, F|100/100\n|switch|p2b: Volcarona|Volcarona, L50, F, shiny|100/100\n|-ability|p1b: Incineroar|Intimidate|boost\n|-unboost|p2a: Espathra|atk|1\n|-unboost|p2b: Volcarona|atk|1\n|turn|1\n|\n|t:|1775999949\n|detailschange|p1a: Charizard|Charizard-Mega-Y, L50, M\n|-mega|p1a: Charizard|Charizard|Charizardite Y\n|-weather|SunnyDay|[from] ability: Drought|[of] p1a: Charizard\n|move|p2a: Espathra|Protect|p2a: Espathra\n|-singleturn|p2a: Espathra|Protect\n|move|p2b: Volcarona|Protect|p2b: Volcarona\n|-singleturn|p2b: Volcarona|Protect\n|move|p1b: Incineroar|Fake Out|p2b: Volcarona\n|-activate|p2b: Volcarona|move: Protect\n|move|p1a: Charizard|Weather Ball|p2b: Volcarona\n|-activate|p2b: Volcarona|move: Protect\n|\n|-weather|SunnyDay|[upkeep]\n|-ability|p2a: Espathra|Speed Boost|boost\n|-boost|p2a: Espathra|spe|1\n|upkeep\n|turn|2\n|\n|t:|1775999997\n|move|p2a: Espathra|Lumina Crash|p1a: Charizard\n|-damage|p1a: Charizard|63/100\n|-unboost|p1a: Charizard|spd|2\n|move|p1a: Charizard|Weather Ball|p2a: Espathra\n|-enditem|p2a: Espathra|Focus Sash\n|-damage|p2a: Espathra|1/100\n|move|p2b: Volcarona|Heat Wave|p1b: Incineroar|[spread] p1a,p1b\n|-resisted|p1a: Charizard|1\n|-resisted|p1b: Incineroar|1\n|-damage|p1a: Charizard|9/100\n|-damage|p1b: Incineroar|77/100\n|move|p1b: Incineroar|Flare Blitz|p2b: Volcarona\n|-damage|p2b: Volcarona|0 fnt\n|faint|p2b: Volcarona\n|-damage|p1b: Incineroar|46/100|[from] Recoil\n|-enditem|p1b: Incineroar|Sitrus Berry|[eat]\n|-heal|p1b: Incineroar|70/100|[from] item: Sitrus Berry\n|\n|-weather|SunnyDay|[upkeep]\n|-ability|p2a: Espathra|Speed Boost|boost\n|-boost|p2a: Espathra|spe|1\n|upkeep\n|\n|t:|1776000020\n|switch|p2b: Froslass|Froslass, L50, F, shiny|100/100\n|turn|3\n|\n|t:|1776000047\n|detailschange|p2b: Froslass|Froslass-Mega, L50, F, shiny\n|-mega|p2b: Froslass|Froslass|Froslassite\n|-weather|Snowscape|[from] ability: Snow Warning|[of] p2b: Froslass\n|move|p1a: Charizard|Protect|p1a: Charizard\n|-singleturn|p1a: Charizard|Protect\n|move|p2a: Espathra|Hypnosis|p1b: Incineroar\n|-status|p1b: Incineroar|slp|[from] move: Hypnosis\n|move|p2b: Froslass|Blizzard|p1b: Incineroar|[spread] p1b\n|-activate|p1a: Charizard|move: Protect\n|-resisted|p1b: Incineroar|1\n|-damage|p1b: Incineroar|48/100 slp\n|cant|p1b: Incineroar|slp\n|\n|-weather|Snowscape|[upkeep]\n|-ability|p2a: Espathra|Speed Boost|boost\n|-boost|p2a: Espathra|spe|1\n|upkeep\n|turn|4\n|\n|t:|1776000074\n|move|p2a: Espathra|Shadow Ball|p1b: Incineroar\n|-resisted|p1b: Incineroar|1\n|-damage|p1b: Incineroar|35/100 slp\n|move|p2b: Froslass|Blizzard|p1a: Charizard|[spread] p1a,p1b\n|-resisted|p1b: Incineroar|1\n|-damage|p1a: Charizard|0 fnt\n|-damage|p1b: Incineroar|11/100 slp\n|faint|p1a: Charizard\n|-curestatus|p1b: Incineroar|slp|[msg]\n|move|p1b: Incineroar|Flare Blitz|p2b: Froslass\n|-supereffective|p2b: Froslass|1\n|-damage|p2b: Froslass|0 fnt\n|faint|p2b: Froslass\n|-damage|p1b: Incineroar|0 fnt|[from] Recoil\n|faint|p1b: Incineroar\n|\n|-weather|Snowscape|[upkeep]\n|-ability|p2a: Espathra|Speed Boost|boost\n|-boost|p2a: Espathra|spe|1\n|upkeep\n|\n|t:|1776000090\n|switch|p2b: Sneasler|Sneasler, L50, M, shiny|100/100\n|switch|p1a: Sneasler|Sneasler, L50, F|100/100\n|switch|p1b: Garchomp|Garchomp, L50, M|100/100\n|turn|5\n|\n|t:|1776000122\n|move|p2a: Espathra|Protect|p2a: Espathra\n|-singleturn|p2a: Espathra|Protect\n|move|p2b: Sneasler|Protect|p2b: Sneasler\n|-singleturn|p2b: Sneasler|Protect\n|move|p1a: Sneasler|Fake Out|p2a: Espathra\n|-activate|p2a: Espathra|move: Protect\n|move|p1b: Garchomp|Earthquake|p2b: Sneasler|[spread] p1a\n|-activate|p2a: Espathra|move: Protect\n|-activate|p2b: Sneasler|move: Protect\n|-supereffective|p1a: Sneasler|1\n|-damage|p1a: Sneasler|0 fnt\n|faint|p1a: Sneasler\n|\n|-weather|Snowscape|[upkeep]\n|-ability|p2a: Espathra|Speed Boost|boost\n|-boost|p2a: Espathra|spe|1\n|upkeep\n|turn|6\n|c|\u2606minus123123123|oops\n|inactive|Battle timer is ON: inactive players will automatically lose when time's up. (requested by minus123123123)\n|\n|t:|1776000149\n|move|p2a: Espathra|Lumina Crash|p1b: Garchomp\n|-damage|p1b: Garchomp|56/100\n|-unboost|p1b: Garchomp|spd|2\n|move|p1b: Garchomp|Earthquake|p2b: Sneasler|[spread] p2a,p2b\n|-supereffective|p2b: Sneasler|1\n|-damage|p2a: Espathra|0 fnt\n|-damage|p2b: Sneasler|3/100\n|faint|p2a: Espathra\n|move|p2b: Sneasler|Close Combat|p1b: Garchomp\n|-damage|p1b: Garchomp|0 fnt\n|-unboost|p2b: Sneasler|def|1\n|-unboost|p2b: Sneasler|spd|1\n|-damage|p2b: Sneasler|0 fnt|[from] ability: Rough Skin|[of] p1b: Garchomp\n|faint|p1b: Garchomp\n|faint|p2b: Sneasler\n|\n|win|ObliviouslyPyro\n|raw|minus123123123's rating: 1103 &rarr; <strong>1071</strong><br />(-32 for losing)\n|raw|ObliviouslyPyro's rating: 1000 &rarr; <strong>1052</strong><br />(+52 for winning)\n|c|\u2606minus123123123|gg\n|c|\u2606ObliviouslyPyro|oof that was a close one\n|c|\u2606ObliviouslyPyro|ggs\n",
  "uploadtime": 1776000168,
  "views": 18,
  "formatid": "gen9championsvgc2026regma",
  "rating": 1052,
  "private": 0,
  "password": null
}