{
  "id": "gen9championsvgc2026regma-2584001920",
  "format": "[Gen 9 Champions] VGC 2026 Reg M-A",
  "players": [
    "BlunderPolicy=good",
    "LillianLaLooLoo"
  ],
  "log": "|j|\u2606BlunderPolicy=good\n|j|\u2606LillianLaLooLoo\n|t:|1776215727\n|gametype|doubles\n|player|p1|BlunderPolicy=good|skier|1046\n|player|p2|LillianLaLooLoo|backersf|1000\n|gen|9\n|tier|[Gen 9 Champions] VGC 2026 Reg M-A\n|rated|\n|rule|Species Clause: Limit one of each Pok\u00e9mon\n|rule|Item Clause: Limit 1 of each item\n|clearpoke\n|poke|p1|Armarouge, L50, F|\n|poke|p1|Meowstic, L50, M|\n|poke|p1|Garchomp, L50, M|\n|poke|p1|Sinistcha, L50|\n|poke|p1|Incineroar, L50, F|\n|poke|p1|Torkoal, L50, F|\n|poke|p2|Dragonite, L50, F|\n|poke|p2|Pelipper, L50, F|\n|poke|p2|Clefable, L50, F|\n|poke|p2|Incineroar, L50, M|\n|poke|p2|Gengar, L50, M|\n|poke|p2|Basculegion, L50, M|\n|teampreview|4\n|inactive|Battle timer is ON: inactive players will automatically lose when time's up. (requested by LillianLaLooLoo)\n|inactive|LillianLaLooLoo has 60 seconds left.\n|\n|t:|1776215771\n|teamsize|p1|4\n|teamsize|p2|4\n|start\n|switch|p1a: Armarouge|Armarouge, L50, F|100/100\n|switch|p1b: Meowstic|Meowstic, L50, M|100/100\n|switch|p2a: Pelipper|Pelipper, L50, F|100/100\n|switch|p2b: Incineroar|Incineroar, L50, M|100/100\n|-weather|RainDance|[from] ability: Drizzle|[of] p2a: Pelipper\n|-ability|p2b: Incineroar|Intimidate|boost\n|-unboost|p1a: Armarouge|atk|1\n|-unboost|p1b: Meowstic|atk|1\n|turn|1\n|inactive|BlunderPolicy=good has 30 seconds left.\n|inactive|LillianLaLooLoo has 30 seconds left.\n|\n|t:|1776215797\n|switch|p1b: Garchomp|Garchomp, L50, M|100/100\n|move|p2b: Incineroar|Fake Out|p1b: Garchomp\n|-damage|p1b: Garchomp|88/100\n|-damage|p2b: Incineroar|88/100|[from] ability: Rough Skin|[of] p1b: Garchomp\n|move|p1a: Armarouge|Expanding Force|p2a: Pelipper\n|-damage|p2a: Pelipper|11/100\n|move|p2a: Pelipper|Tailwind|p2a: Pelipper\n|-sidestart|p2: LillianLaLooLoo|move: Tailwind\n|\n|-weather|RainDance|[upkeep]\n|upkeep\n|turn|2\n|\n|t:|1776215819\n|move|p1a: Armarouge|Protect|p1a: Armarouge\n|-singleturn|p1a: Armarouge|Protect\n|move|p1b: Garchomp|Earthquake|p2a: Pelipper|[spread] p2b\n|-activate|p1a: Armarouge|move: Protect\n|-immune|p2a: Pelipper\n|-supereffective|p2b: Incineroar|1\n|-damage|p2b: Incineroar|35/100\n|move|p2a: Pelipper|Weather Ball|p1a: Armarouge\n|-activate|p1a: Armarouge|move: Protect\n|move|p2b: Incineroar|Parting Shot|p1b: Garchomp\n|-unboost|p1b: Garchomp|atk|1\n|-unboost|p1b: Garchomp|spa|1\n|\n|t:|1776215832\n|switch|p2b: Basculegion|Basculegion, L50, M|100/100|[from] Parting Shot\n|\n|-weather|RainDance|[upkeep]\n|upkeep\n|turn|3\n|\n|t:|1776215845\n|switch|p1a: Sinistcha|Sinistcha, L50|100/100\n|-heal|p1b: Garchomp|100/100|[from] ability: Hospitality|[of] p1a: Sinistcha\n|move|p2a: Pelipper|Protect|p2a: Pelipper\n|-singleturn|p2a: Pelipper|Protect\n|move|p2b: Basculegion|Flip Turn|p1a: Sinistcha\n|-resisted|p1a: Sinistcha|1\n|-damage|p1a: Sinistcha|77/100\n|\n|t:|1776215855\n|switch|p2b: Dragonite|Dragonite, L50, F|100/100|[from] Flip Turn\n|move|p1b: Garchomp|Earthquake|p2a: Pelipper|[spread] p1a\n|-activate|p2a: Pelipper|move: Protect\n|-immune|p2b: Dragonite\n|-resisted|p1a: Sinistcha|1\n|-crit|p1a: Sinistcha\n|-damage|p1a: Sinistcha|54/100\n|\n|-weather|RainDance|[upkeep]\n|upkeep\n|turn|4\n|\n|t:|1776215876\n|switch|p1b: Meowstic|Meowstic, L50, M|100/100\n|switch|p2a: Basculegion|Basculegion, L50, M|100/100\n|detailschange|p2b: Dragonite|Dragonite-Mega, L50, F\n|-mega|p2b: Dragonite|Dragonite|Dragoninite\n|move|p2b: Dragonite|Hurricane|p1a: Sinistcha\n|-supereffective|p1a: Sinistcha|1\n|-damage|p1a: Sinistcha|0 fnt\n|faint|p1a: Sinistcha\n|\n|-weather|RainDance|[upkeep]\n|-sideend|p2: LillianLaLooLoo|move: Tailwind\n|upkeep\n|\n|t:|1776215890\n|switch|p1a: Garchomp|Garchomp, L50, M|100/100\n|turn|5\n|\n|t:|1776215903\n|move|p1b: Meowstic|Protect|p1b: Meowstic\n|-singleturn|p1b: Meowstic|Protect\n|move|p2b: Dragonite|Protect|p2b: Dragonite\n|-singleturn|p2b: Dragonite|Protect\n|move|p1a: Garchomp|Outrage|p2a: Basculegion\n|-damage|p2a: Basculegion|17/100\n|move|p2a: Basculegion|Flip Turn|p1a: Garchomp\n|-damage|p1a: Garchomp|38/100\n|-damage|p2a: Basculegion|5/100|[from] ability: Rough Skin|[of] p1a: Garchomp\n|\n|t:|1776215916\n|switch|p2a: Incineroar|Incineroar, L50, M|35/100|[from] Flip Turn\n|-ability|p2a: Incineroar|Intimidate|boost\n|-unboost|p1a: Garchomp|atk|1\n|-unboost|p1b: Meowstic|atk|1\n|\n|-weather|none\n|upkeep\n|turn|6\n|\n|t:|1776215938\n|detailschange|p1b: Meowstic|Meowstic-M-Mega, L50, M\n|-mega|p1b: Meowstic|Meowstic|Meowsticite\n|-ability|p1b: Meowstic|Intimidate|Trace|[from] ability: Trace|[of] p2a: Incineroar\n|-ability|p1b: Meowstic|Intimidate|boost\n|-unboost|p2a: Incineroar|atk|1\n|-unboost|p2b: Dragonite|atk|1\n|move|p2a: Incineroar|Fake Out|p1b: Meowstic\n|-damage|p1b: Meowstic|89/100\n|move|p1a: Garchomp|Outrage|p2b: Dragonite|[from] lockedmove\n|-supereffective|p2b: Dragonite|1\n|-damage|p2b: Dragonite|59/100\n|-start|p1a: Garchomp|confusion|[fatigue]\n|cant|p1b: Meowstic|flinch\n|move|p2b: Dragonite|Draco Meteor|p1a: Garchomp\n|-supereffective|p1a: Garchomp|1\n|-damage|p1a: Garchomp|0 fnt\n|-unboost|p2b: Dragonite|spa|2\n|faint|p1a: Garchomp\n|\n|upkeep\n|\n|t:|1776215954\n|switch|p1a: Armarouge|Armarouge, L50, F|100/100\n|turn|7\n|inactive|LillianLaLooLoo has 30 seconds left.\n|\n|t:|1776215983\n|switch|p2b: Pelipper|Pelipper, L50, F|11/100\n|-weather|RainDance|[from] ability: Drizzle|[of] p2b: Pelipper\n|move|p1b: Meowstic|Alluring Voice|p2a: Incineroar\n|-damage|p2a: Incineroar|0 fnt\n|faint|p2a: Incineroar\n|move|p1a: Armarouge|Expanding Force|p2b: Pelipper\n|-damage|p2b: Pelipper|0 fnt\n|faint|p2b: Pelipper\n|\n|-weather|RainDance|[upkeep]\n|upkeep\n|\n|t:|1776215992\n|switch|p2b: Basculegion|Basculegion, L50, M|5/100\n|switch|p2a: Dragonite|Dragonite-Mega, L50, F|59/100\n|turn|8\n|inactive|BlunderPolicy=good has 30 seconds left.\n|\n|t:|1776216024\n|move|p1b: Meowstic|Protect|p1b: Meowstic\n|-singleturn|p1b: Meowstic|Protect\n|move|p2b: Basculegion|Last Respects|p1b: Meowstic\n|-activate|p1b: Meowstic|move: Protect\n|move|p2a: Dragonite|Weather Ball|p1a: Armarouge\n|-supereffective|p1a: Armarouge|1\n|-damage|p1a: Armarouge|0 fnt\n|faint|p1a: Armarouge\n|\n|-weather|RainDance|[upkeep]\n|upkeep\n|turn|9\n|\n|t:|1776216036\n|move|p2b: Basculegion|Last Respects|p1b: Meowstic\n|-supereffective|p1b: Meowstic|1\n|-damage|p1b: Meowstic|0 fnt\n|faint|p1b: Meowstic\n|\n|win|LillianLaLooLoo\n|raw|BlunderPolicy=good's rating: 1046 &rarr; <strong>1027</strong><br />(-19 for losing)\n|raw|LillianLaLooLoo's rating: 1000 &rarr; <strong>1045</strong><br />(+45 for winning)\n|l|\u2606BlunderPolicy=good\n|player|p1|\n|c|\u2606LillianLaLooLoo|Gg\n",
  "uploadtime": 1776216049,
  "views": 18,
  "formatid": "gen9championsvgc2026regma",
  "rating": 1027,
  "private": 0,
  "password": null
}