{
  "id": "gen9championsvgc2026regma-2581153141",
  "format": "[Gen 9 Champions] VGC 2026 Reg M-A",
  "players": [
    "theghostofoak",
    "Barber1"
  ],
  "log": "|j|\u2606theghostofoak\n|j|\u2606Barber1\n|t:|1775965008\n|gametype|doubles\n|player|p1|theghostofoak|blue|1059\n|player|p2|Barber1|cynthia-gen4|1049\n|gen|9\n|tier|[Gen 9 Champions] VGC 2026 Reg M-A\n|rated|\n|rule|Species Clause: Limit one of each Pok\u00e9mon\n|rule|Item Clause: Limit 1 of each item\n|clearpoke\n|poke|p1|Umbreon, L50, M|\n|poke|p1|Slowking, L50, M|\n|poke|p1|Incineroar, L50, M|\n|poke|p1|Hydrapple, L50, F|\n|poke|p1|Ampharos, L50, F|\n|poke|p1|Camerupt, L50, M|\n|poke|p2|Floette-Eternal, L50, F|\n|poke|p2|Aerodactyl, L50, M|\n|poke|p2|Garchomp, L50, M|\n|poke|p2|Maushold, L50|\n|poke|p2|Sneasler, L50, M|\n|poke|p2|Delphox, L50, F|\n|teampreview|4\n|inactive|Battle timer is ON: inactive players will automatically lose when time's up. (requested by Barber1)\n|inactive|Barber1 has 60 seconds left.\n|inactive|Barber1 has 30 seconds left.\n|inactive|Barber1 has 20 seconds left.\n|inactive|Barber1 has 15 seconds left.\n|\n|t:|1775965084\n|teamsize|p1|4\n|teamsize|p2|4\n|start\n|switch|p1a: Slowking|Slowking, L50, M|100/100\n|switch|p1b: Ampharos|Ampharos, L50, F|100/100\n|switch|p2a: Floette|Floette-Eternal, L50, F|100/100\n|switch|p2b: Sneasler|Sneasler, L50, M|100/100\n|turn|1\n|inactive|theghostofoak has 30 seconds left.\n|\n|t:|1775965114\n|move|p1b: Ampharos|Protect|p1b: Ampharos\n|-singleturn|p1b: Ampharos|Protect\n|move|p1a: Slowking|Protect|p1a: Slowking\n|-singleturn|p1a: Slowking|Protect\n|move|p2b: Sneasler|Fake Out|p1a: Slowking\n|-activate|p1a: Slowking|move: Protect\n|move|p2a: Floette|Moonblast|p1a: Slowking\n|-activate|p1a: Slowking|move: Protect\n|\n|upkeep\n|turn|2\n|\n|t:|1775965134\n|detailschange|p2a: Floette|Floette-Mega, L50, F\n|-mega|p2a: Floette|Floette|Floettite\n|-ability|p2a: Floette|Fairy Aura\n|detailschange|p1b: Ampharos|Ampharos-Mega, L50, F\n|-mega|p1b: Ampharos|Ampharos|Ampharosite\n|-ability|p1b: Ampharos|Mold Breaker\n|move|p2b: Sneasler|Close Combat|p1a: Slowking\n|-resisted|p1a: Slowking|1\n|-damage|p1a: Slowking|75/100\n|-unboost|p2b: Sneasler|def|1\n|-unboost|p2b: Sneasler|spd|1\n|-enditem|p2b: Sneasler|White Herb\n|-clearnegativeboost|p2b: Sneasler|[silent]\n|move|p2a: Floette|Moonblast|p1a: Slowking\n|-damage|p1a: Slowking|7/100\n|move|p1b: Ampharos|Thunderbolt|p2a: Floette\n|-damage|p2a: Floette|52/100\n|-status|p2a: Floette|par\n|move|p1a: Slowking|Trick Room|p1a: Slowking\n|-fieldstart|move: Trick Room|[of] p1a: Slowking\n|\n|upkeep\n|turn|3\n|inactive|theghostofoak has 30 seconds left.\n|inactive|Barber1 has 30 seconds left.\n|inactive|theghostofoak has 20 seconds left.\n|\n|t:|1775965174\n|switch|p2b: Garchomp|Garchomp, L50, M|100/100\n|move|p1a: Slowking|Psychic|p2b: Garchomp\n|-damage|p2b: Garchomp|70/100\n|move|p1b: Ampharos|Thunderbolt|p2a: Floette\n|-damage|p2a: Floette|7/100 par\n|move|p2a: Floette|Dazzling Gleam|p1a: Slowking|[spread] p1a,p1b\n|-supereffective|p1b: Ampharos|1\n|-damage|p1a: Slowking|0 fnt\n|-damage|p1b: Ampharos|14/100\n|faint|p1a: Slowking\n|\n|upkeep\n|\n|t:|1775965184\n|switch|p1a: Incineroar|Incineroar, L50, M|100/100\n|-ability|p1a: Incineroar|Intimidate|boost\n|-unboost|p2a: Floette|atk|1\n|-unboost|p2b: Garchomp|atk|1\n|turn|4\n|\n|t:|1775965192\n|move|p2a: Floette|Protect|p2a: Floette\n|-singleturn|p2a: Floette|Protect\n|move|p2b: Garchomp|Protect|p2b: Garchomp\n|-singleturn|p2b: Garchomp|Protect\n|move|p1a: Incineroar|Fake Out|p2a: Floette\n|-activate|p2a: Floette|move: Protect\n|move|p1b: Ampharos|Dragon Pulse|p2b: Garchomp\n|-activate|p2b: Garchomp|move: Protect\n|\n|upkeep\n|turn|5\n|inactive|Barber1 has 30 seconds left.\n|\n|t:|1775965221\n|switch|p2b: Maushold|Maushold, L50|100/100\n|move|p1b: Ampharos|Dragon Pulse|p2b: Maushold\n|-damage|p2b: Maushold|29/100\n|move|p2a: Floette|Dazzling Gleam|p1b: Ampharos|[spread] p1a,p1b\n|-supereffective|p1b: Ampharos|1\n|-damage|p1a: Incineroar|50/100\n|-damage|p1b: Ampharos|0 fnt\n|faint|p1b: Ampharos\n|move|p1a: Incineroar|Flare Blitz|p2a: Floette\n|-damage|p2a: Floette|0 fnt\n|faint|p2a: Floette\n|-damage|p1a: Incineroar|48/100|[from] Recoil\n|\n|upkeep\n|\n|t:|1775965240\n|switch|p1b: Hydrapple|Hydrapple, L50, F|100/100\n|switch|p2a: Garchomp|Garchomp, L50, M|70/100\n|turn|6\n|\n|t:|1775965255\n|move|p2a: Garchomp|Protect|p2a: Garchomp\n|-singleturn|p2a: Garchomp|Protect\n|move|p2b: Maushold|Protect|p2b: Maushold\n|-singleturn|p2b: Maushold|Protect\n|move|p1b: Hydrapple|Yawn|p2a: Garchomp\n|-activate|p2a: Garchomp|move: Protect\n|move|p1a: Incineroar|Flare Blitz|p2b: Maushold\n|-activate|p2b: Maushold|move: Protect\n|\n|-fieldend|move: Trick Room\n|upkeep\n|turn|7\n|\n|t:|1775965271\n|move|p1a: Incineroar|Protect|p1a: Incineroar\n|-singleturn|p1a: Incineroar|Protect\n|move|p2b: Maushold|Follow Me|p2b: Maushold\n|-singleturn|p2b: Maushold|move: Follow Me\n|move|p2a: Garchomp|Dragon Claw|p1b: Hydrapple\n|-supereffective|p1b: Hydrapple|1\n|-damage|p1b: Hydrapple|39/100\n|-enditem|p1b: Hydrapple|Sitrus Berry|[eat]\n|-heal|p1b: Hydrapple|63/100|[from] item: Sitrus Berry\n|move|p1b: Hydrapple|Fickle Beam|p2b: Maushold\n|-damage|p2b: Maushold|0 fnt\n|faint|p2b: Maushold\n|\n|upkeep\n|\n|t:|1775965283\n|switch|p2b: Sneasler|Sneasler, L50, M|100/100\n|turn|8\n|\n|t:|1775965293\n|move|p1b: Hydrapple|Protect|p1b: Hydrapple\n|-singleturn|p1b: Hydrapple|Protect\n|move|p2b: Sneasler|Close Combat|p1a: Incineroar\n|-supereffective|p1a: Incineroar|1\n|-damage|p1a: Incineroar|0 fnt\n|-unboost|p2b: Sneasler|def|1\n|-unboost|p2b: Sneasler|spd|1\n|faint|p1a: Incineroar\n|move|p2a: Garchomp|Dragon Claw|p1b: Hydrapple\n|-activate|p1b: Hydrapple|move: Protect\n|\n|upkeep\n|turn|9\n|\n|t:|1775965307\n|move|p2b: Sneasler|Dire Claw|p1b: Hydrapple\n|-supereffective|p1b: Hydrapple|1\n|-crit|p1b: Hydrapple\n|-damage|p1b: Hydrapple|0 fnt\n|faint|p1b: Hydrapple\n|\n|win|Barber1\n|raw|theghostofoak's rating: 1059 &rarr; <strong>1040</strong><br />(-19 for losing)\n|raw|Barber1's rating: 1049 &rarr; <strong>1083</strong><br />(+34 for winning)\n|l|\u2606theghostofoak\n|player|p1|\n",
  "uploadtime": 1775965317,
  "views": 19,
  "formatid": "gen9championsvgc2026regma",
  "rating": 1040,
  "private": 0,
  "password": null
}