{
  "id": "gen9championsvgc2026regma-2587162969",
  "format": "[Gen 9 Champions] VGC 2026 Reg M-A",
  "players": [
    "KleeStan",
    "BlackWu"
  ],
  "log": "|j|\u2606KleeStan\n|j|\u2606BlackWu\n|t:|1776502660\n|gametype|doubles\n|player|p1|KleeStan|guitarist-gen4|1316\n|player|p2|BlackWu|101|1244\n|gen|9\n|tier|[Gen 9 Champions] VGC 2026 Reg M-A\n|rated|\n|rule|Species Clause: Limit one of each Pok\u00e9mon\n|rule|Item Clause: Limit 1 of each item\n|clearpoke\n|poke|p1|Sableye, L50, M, shiny|\n|poke|p1|Gengar, L50, M|\n|poke|p1|Basculegion, L50, M|\n|poke|p1|Lucario, L50, M, shiny|\n|poke|p1|Maushold, L50|\n|poke|p1|Aerodactyl, L50, F|\n|poke|p2|Tyranitar, L50, F|\n|poke|p2|Sneasler, L50, M|\n|poke|p2|Gyarados, L50, F|\n|poke|p2|Goodra-Hisui, L50, M|\n|poke|p2|Sinistcha, L50|\n|poke|p2|Farigiraf, L50, M|\n|teampreview|4\n|inactive|Battle timer is ON: inactive players will automatically lose when time's up. (requested by KleeStan)\n|inactive|KleeStan has 60 seconds left.\n|\n|t:|1776502703\n|teamsize|p1|4\n|teamsize|p2|4\n|start\n|switch|p1a: Sableye|Sableye, L50, M, shiny|100/100\n|switch|p1b: Maushold|Maushold, L50|100/100\n|switch|p2a: Tyranitar|Tyranitar, L50, F|100/100\n|switch|p2b: Sinistcha|Sinistcha, L50|100/100\n|-weather|Sandstorm|[from] ability: Sand Stream|[of] p2a: Tyranitar\n|turn|1\n|inactive|KleeStan has 30 seconds left.\n|\n|t:|1776502729\n|switch|p1b: Lucario|Lucario, L50, M, shiny|100/100\n|move|p2b: Sinistcha|Rage Powder|p2b: Sinistcha\n|-singleturn|p2b: Sinistcha|move: Rage Powder\n|move|p1a: Sableye|Gravity|p1a: Sableye\n|-fieldstart|move: Gravity\n|move|p2a: Tyranitar|Dragon Dance|p2a: Tyranitar\n|-boost|p2a: Tyranitar|atk|1\n|-boost|p2a: Tyranitar|spe|1\n|\n|-weather|Sandstorm|[upkeep]\n|-damage|p2b: Sinistcha|94/100|[from] Sandstorm\n|-damage|p1a: Sableye|94/100|[from] Sandstorm\n|upkeep\n|turn|2\n|inactive|KleeStan has 30 seconds left.\n|\n|t:|1776502755\n|detailschange|p2a: Tyranitar|Tyranitar-Mega, L50, F\n|-mega|p2a: Tyranitar|Tyranitar|Tyranitarite\n|move|p1b: Lucario|Protect|p1b: Lucario\n|-singleturn|p1b: Lucario|Protect\n|move|p2b: Sinistcha|Rage Powder|p2b: Sinistcha\n|-singleturn|p2b: Sinistcha|move: Rage Powder\n|move|p1a: Sableye|Thunder Wave|p2b: Sinistcha\n|-status|p2b: Sinistcha|par\n|move|p2a: Tyranitar|Knock Off|p1a: Sableye\n|-damage|p1a: Sableye|0 fnt\n|-enditem|p1a: Sableye|Roseli Berry|[from] move: Knock Off|[of] p2a: Tyranitar\n|faint|p1a: Sableye\n|\n|-weather|Sandstorm|[upkeep]\n|-damage|p2b: Sinistcha|88/100 par|[from] Sandstorm\n|upkeep\n|\n|t:|1776502767\n|switch|p1a: Gengar|Gengar, L50, M|100/100\n|turn|3\n|\n|t:|1776502779\n|detailschange|p1b: Lucario|Lucario-Mega, L50, M, shiny\n|-mega|p1b: Lucario|Lucario|Lucarionite\n|move|p2b: Sinistcha|Rage Powder|p2b: Sinistcha\n|-singleturn|p2b: Sinistcha|move: Rage Powder\n|move|p1b: Lucario|Focus Blast|p2b: Sinistcha\n|-immune|p2b: Sinistcha\n|move|p1a: Gengar|Hex|p2b: Sinistcha\n|-supereffective|p2b: Sinistcha|1\n|-damage|p2b: Sinistcha|0 fnt\n|faint|p2b: Sinistcha\n|move|p2a: Tyranitar|Knock Off|p1a: Gengar\n|-supereffective|p1a: Gengar|1\n|-enditem|p1a: Gengar|Focus Sash\n|-damage|p1a: Gengar|1/100\n|\n|-weather|Sandstorm|[upkeep]\n|-damage|p1a: Gengar|0 fnt|[from] Sandstorm\n|faint|p1a: Gengar\n|upkeep\n|\n|t:|1776502795\n|switch|p1a: Maushold|Maushold, L50|100/100\n|switch|p2b: Sneasler|Sneasler, L50, M|100/100\n|turn|4\n|\n|t:|1776502805\n|move|p1b: Lucario|Protect|p1b: Lucario\n|-singleturn|p1b: Lucario|Protect\n|move|p2b: Sneasler|Fake Out|p1b: Lucario\n|-activate|p1b: Lucario|move: Protect\n|move|p1a: Maushold|Population Bomb|p2b: Sneasler\n|-damage|p2b: Sneasler|81/100\n|-damage|p2b: Sneasler|64/100\n|-damage|p2b: Sneasler|44/100\n|-damage|p2b: Sneasler|25/100\n|-damage|p2b: Sneasler|8/100\n|-damage|p2b: Sneasler|0 fnt\n|faint|p2b: Sneasler\n|-hitcount|p2: Sneasler|6\n|move|p2a: Tyranitar|Rock Slide|p1b: Lucario|[spread] p1a\n|-activate|p1b: Lucario|move: Protect\n|-damage|p1a: Maushold|17/100\n|\n|-weather|Sandstorm|[upkeep]\n|-damage|p1a: Maushold|11/100|[from] Sandstorm\n|upkeep\n|\n|t:|1776502814\n|switch|p2b: Gyarados|Gyarados, L50, F|100/100\n|-ability|p2b: Gyarados|Intimidate|boost\n|-unboost|p1a: Maushold|atk|1\n|-unboost|p1b: Lucario|atk|1\n|-enditem|p1a: Maushold|White Herb\n|-clearnegativeboost|p1a: Maushold|[silent]\n|turn|5\n|inactive|KleeStan has 30 seconds left.\n|\n|t:|1776502846\n|move|p2a: Tyranitar|Protect|p2a: Tyranitar\n|-singleturn|p2a: Tyranitar|Protect\n|move|p1b: Lucario|Focus Blast|p2a: Tyranitar\n|-activate|p2a: Tyranitar|move: Protect\n|move|p1a: Maushold|Population Bomb|p2a: Tyranitar\n|-activate|p2a: Tyranitar|move: Protect\n|move|p2b: Gyarados|Thunder Wave|p1b: Lucario\n|-status|p1b: Lucario|par\n|\n|-weather|none\n|-fieldend|move: Gravity\n|upkeep\n|turn|6\n|\n|t:|1776502863\n|cant|p1b: Lucario|par\n|move|p1a: Maushold|Super Fang|p2a: Tyranitar\n|-damage|p2a: Tyranitar|50/100\n|move|p2a: Tyranitar|Rock Slide|p1a: Maushold|[spread] p1a,p1b\n|-resisted|p1b: Lucario|2\n|-damage|p1a: Maushold|0 fnt\n|-damage|p1b: Lucario|82/100 par\n|faint|p1a: Maushold\n|move|p2b: Gyarados|Waterfall|p1b: Lucario\n|-damage|p1b: Lucario|35/100 par\n|\n|upkeep\n|turn|7\n|\n|t:|1776502879\n|move|p2a: Tyranitar|Protect|p2a: Tyranitar\n|-singleturn|p2a: Tyranitar|Protect\n|move|p2b: Gyarados|Waterfall|p1b: Lucario\n|-damage|p1b: Lucario|0 fnt\n|faint|p1b: Lucario\n|\n|win|BlackWu\n|raw|KleeStan's rating: 1316 &rarr; <strong>1292</strong><br />(-24 for losing)\n|raw|BlackWu's rating: 1244 &rarr; <strong>1274</strong><br />(+30 for winning)\n",
  "uploadtime": 1776502885,
  "views": 25,
  "formatid": "gen9championsvgc2026regma",
  "rating": 1274,
  "private": 0,
  "password": null
}