{
  "id": "gen9championsvgc2026regma-2586985604",
  "format": "[Gen 9 Champions] VGC 2026 Reg M-A",
  "players": [
    "Rucinble",
    "Tankd6"
  ],
  "log": "|j|\u2606Rucinble\n|j|\u2606Tankd6\n|t:|1776478391\n|gametype|doubles\n|player|p1|Rucinble|unknown|1000\n|player|p2|Tankd6|169|1049\n|gen|9\n|tier|[Gen 9 Champions] VGC 2026 Reg M-A\n|rated|\n|rule|Species Clause: Limit one of each Pok\u00e9mon\n|rule|Item Clause: Limit 1 of each item\n|clearpoke\n|poke|p1|Excadrill, L50, M|\n|poke|p1|Tyranitar, L50, F|\n|poke|p1|Garchomp, L50, F|\n|poke|p1|Corviknight, L50, F|\n|poke|p1|Dragapult, L50, M|\n|poke|p1|Aerodactyl, L50, F|\n|poke|p2|Gyarados, L50, F|\n|poke|p2|Pelipper, L50, F|\n|poke|p2|Garchomp, L50, F|\n|poke|p2|Corviknight, L50, M|\n|poke|p2|Oranguru, L50, M|\n|poke|p2|Incineroar, L50, M|\n|teampreview|4\n|\n|t:|1776478428\n|teamsize|p1|4\n|teamsize|p2|4\n|start\n|switch|p1a: Dragapult|Dragapult, L50, M|100/100\n|switch|p1b: Corviknight|Corviknight, L50, F|100/100\n|switch|p2a: Pelipper|Pelipper, L50, F|100/100\n|switch|p2b: Incineroar|Incineroar, L50, M|100/100\n|-ability|p1b: Corviknight|Pressure\n|-weather|RainDance|[from] ability: Drizzle|[of] p2a: Pelipper\n|-ability|p2b: Incineroar|Intimidate|boost\n|-fail|p1a: Dragapult|unboost|[from] ability: Clear Body|[of] p1a: Dragapult\n|-unboost|p1b: Corviknight|atk|1\n|turn|1\n|\n|t:|1776478465\n|move|p2a: Pelipper|Protect|p2a: Pelipper\n|-singleturn|p2a: Pelipper|Protect\n|move|p2b: Incineroar|Fake Out|p1b: Corviknight\n|-resisted|p1b: Corviknight|1\n|-damage|p1b: Corviknight|95/100\n|move|p1a: Dragapult|Dragon Dance|p1a: Dragapult\n|-boost|p1a: Dragapult|atk|1\n|-boost|p1a: Dragapult|spe|1\n|cant|p1b: Corviknight|flinch\n|\n|-weather|RainDance|[upkeep]\n|-heal|p1b: Corviknight|100/100|[from] item: Leftovers\n|upkeep\n|turn|2\n|\n|t:|1776478484\n|move|p2b: Incineroar|Protect|p2b: Incineroar\n|-singleturn|p2b: Incineroar|Protect\n|move|p1a: Dragapult|Substitute|p1a: Dragapult\n|-start|p1a: Dragapult|Substitute\n|-damage|p1a: Dragapult|76/100\n|move|p1b: Corviknight|Tailwind|p1b: Corviknight\n|-sidestart|p1: Rucinble|move: Tailwind\n|move|p2a: Pelipper|Surf|p1b: Corviknight|[spread] p1a,p1b\n|-activate|p2b: Incineroar|move: Protect\n|-resisted|p1a: Dragapult|1\n|-activate|p1a: Dragapult|move: Substitute|[damage]\n|-damage|p1b: Corviknight|64/100\n|\n|-weather|RainDance|[upkeep]\n|-heal|p1b: Corviknight|70/100|[from] item: Leftovers\n|upkeep\n|turn|3\n|\n|t:|1776478511\n|move|p2b: Incineroar|Protect|p2b: Incineroar\n|-singleturn|p2b: Incineroar|Protect\n|move|p1a: Dragapult|Dragon Dance|p1a: Dragapult\n|-boost|p1a: Dragapult|atk|1\n|-boost|p1a: Dragapult|spe|1\n|move|p1b: Corviknight|Iron Defense|p1b: Corviknight\n|-boost|p1b: Corviknight|def|2\n|move|p2a: Pelipper|Hurricane|p1b: Corviknight\n|-resisted|p1b: Corviknight|1\n|-damage|p1b: Corviknight|47/100\n|-start|p1b: Corviknight|confusion\n|\n|-weather|RainDance|[upkeep]\n|-heal|p1b: Corviknight|53/100|[from] item: Leftovers\n|upkeep\n|turn|4\n|\n|t:|1776478536\n|move|p1a: Dragapult|Dragon Dance|p1a: Dragapult\n|-boost|p1a: Dragapult|atk|1\n|-boost|p1a: Dragapult|spe|1\n|-activate|p1b: Corviknight|confusion\n|move|p1b: Corviknight|Body Press|p2b: Incineroar\n|-supereffective|p2b: Incineroar|1\n|-damage|p2b: Incineroar|0 fnt\n|faint|p2b: Incineroar\n|move|p2a: Pelipper|Hurricane|p1a: Dragapult\n|-end|p1a: Dragapult|Substitute\n|\n|-weather|RainDance|[upkeep]\n|-heal|p1b: Corviknight|59/100|[from] item: Leftovers\n|upkeep\n|\n|t:|1776478551\n|switch|p2b: Gyarados|Gyarados, L50, F|100/100\n|-ability|p2b: Gyarados|Intimidate|boost\n|-fail|p1a: Dragapult|unboost|[from] ability: Clear Body|[of] p1a: Dragapult\n|-unboost|p1b: Corviknight|atk|1\n|turn|5\n|\n|t:|1776478586\n|detailschange|p2b: Gyarados|Gyarados-Mega, L50, F\n|-mega|p2b: Gyarados|Gyarados|Gyaradosite\n|-ability|p2b: Gyarados|Mold Breaker\n|move|p2b: Gyarados|Protect|p2b: Gyarados\n|-singleturn|p2b: Gyarados|Protect\n|move|p1a: Dragapult|Phantom Force||[still]\n|-prepare|p1a: Dragapult|Phantom Force\n|-end|p1b: Corviknight|confusion\n|move|p1b: Corviknight|Body Press|p2a: Pelipper\n|-resisted|p2a: Pelipper|1\n|-damage|p2a: Pelipper|75/100\n|move|p2a: Pelipper|Surf|p1a: Dragapult|[spread] p1b\n|-miss|p2a: Pelipper|p1a: Dragapult\n|-activate|p2b: Gyarados|move: Protect\n|-crit|p1b: Corviknight\n|-damage|p1b: Corviknight|0 fnt\n|faint|p1b: Corviknight\n|\n|-weather|none\n|-sideend|p1: Rucinble|move: Tailwind\n|upkeep\n|\n|t:|1776478607\n|switch|p1b: Tyranitar|Tyranitar, L50, F|100/100\n|-weather|Sandstorm|[from] ability: Sand Stream|[of] p1b: Tyranitar\n|turn|6\n|\n|t:|1776478625\n|move|p1b: Tyranitar|Protect|p1b: Tyranitar\n|-singleturn|p1b: Tyranitar|Protect\n|move|p1a: Dragapult|Phantom Force|p2b: Gyarados|[from] lockedmove\n|-resisted|p2b: Gyarados|1\n|-damage|p2b: Gyarados|62/100\n|move|p2b: Gyarados|Aqua Tail|p1b: Tyranitar\n|-activate|p1b: Tyranitar|move: Protect\n|move|p2a: Pelipper|U-turn|p1b: Tyranitar\n|-activate|p1b: Tyranitar|move: Protect\n|\n|-weather|Sandstorm|[upkeep]\n|-damage|p1a: Dragapult|70/100|[from] Sandstorm\n|-damage|p2b: Gyarados|56/100|[from] Sandstorm\n|-damage|p2a: Pelipper|69/100|[from] Sandstorm\n|upkeep\n|turn|7\n|\n|t:|1776478650\n|move|p1a: Dragapult|Phantom Force||[still]\n|-prepare|p1a: Dragapult|Phantom Force\n|move|p1b: Tyranitar|Rock Slide|p2b: Gyarados|[spread] p2a\n|-miss|p1b: Tyranitar|p2b: Gyarados\n|-supereffective|p2a: Pelipper|1\n|-damage|p2a: Pelipper|1/100\n|move|p2b: Gyarados|Aqua Tail|p1b: Tyranitar|[miss]\n|-miss|p2b: Gyarados|p1b: Tyranitar\n|move|p2a: Pelipper|U-turn|p1b: Tyranitar\n|-supereffective|p1b: Tyranitar|1\n|-damage|p1b: Tyranitar|84/100\n|\n|t:|1776478666\n|switch|p2a: Garchomp|Garchomp, L50, F|100/100|[from] U-turn\n|\n|-weather|Sandstorm|[upkeep]\n|-damage|p1a: Dragapult|64/100|[from] Sandstorm\n|-damage|p2b: Gyarados|50/100|[from] Sandstorm\n|upkeep\n|turn|8\n|\n|t:|1776478681\n|move|p2a: Garchomp|Protect|p2a: Garchomp\n|-singleturn|p2a: Garchomp|Protect\n|move|p2b: Gyarados|Protect|p2b: Gyarados\n|-singleturn|p2b: Gyarados|Protect\n|move|p1a: Dragapult|Phantom Force|p2a: Garchomp|[from] lockedmove\n|-activate|p2a: Garchomp|move: Phantom Force|[broken]\n|-damage|p2a: Garchomp|18/100\n|-damage|p1a: Dragapult|51/100|[from] ability: Rough Skin|[of] p2a: Garchomp\n|move|p1b: Tyranitar|Thunder Punch|p2b: Gyarados\n|-activate|p2b: Gyarados|move: Protect\n|\n|-weather|Sandstorm|[upkeep]\n|-damage|p1a: Dragapult|45/100|[from] Sandstorm\n|-damage|p2b: Gyarados|44/100|[from] Sandstorm\n|upkeep\n|turn|9\n|\n|t:|1776478708\n|switch|p2a: Pelipper|Pelipper, L50, F|1/100\n|-weather|RainDance|[from] ability: Drizzle|[of] p2a: Pelipper\n|move|p1b: Tyranitar|Protect|p1b: Tyranitar\n|-singleturn|p1b: Tyranitar|Protect\n|move|p1a: Dragapult|Phantom Force||[still]\n|-prepare|p1a: Dragapult|Phantom Force\n|move|p2b: Gyarados|Aqua Tail|p1b: Tyranitar\n|-activate|p1b: Tyranitar|move: Protect\n|\n|-weather|RainDance|[upkeep]\n|upkeep\n|turn|10\n|\n|t:|1776478752\n|move|p2a: Pelipper|Protect|p2a: Pelipper\n|-singleturn|p2a: Pelipper|Protect\n|move|p1a: Dragapult|Phantom Force|p2a: Pelipper|[from] lockedmove\n|-activate|p2a: Pelipper|move: Phantom Force|[broken]\n|-damage|p2a: Pelipper|0 fnt\n|faint|p2a: Pelipper\n|move|p1b: Tyranitar|Thunder Punch|p2b: Gyarados\n|-supereffective|p2b: Gyarados|1\n|-damage|p2b: Gyarados|0 fnt\n|faint|p2b: Gyarados\n|\n|-weather|RainDance|[upkeep]\n|upkeep\n|\n|t:|1776478775\n|switch|p2a: Garchomp|Garchomp, L50, F|18/100\n|turn|11\n|\n|t:|1776478783\n|switch|p1b: Garchomp|Garchomp, L50, F|100/100\n|move|p1a: Dragapult|Phantom Force||[still]\n|-prepare|p1a: Dragapult|Phantom Force\n|move|p2a: Garchomp|Dragon Claw|p1a: Dragapult|[miss]\n|-miss|p2a: Garchomp|p1a: Dragapult\n|\n|-weather|RainDance|[upkeep]\n|upkeep\n|turn|12\n|\n|t:|1776478796\n|move|p1a: Dragapult|Phantom Force|p2a: Garchomp|[from] lockedmove\n|-damage|p2a: Garchomp|0 fnt\n|-damage|p1a: Dragapult|33/100|[from] ability: Rough Skin|[of] p2a: Garchomp\n|faint|p2a: Garchomp\n|\n|win|Rucinble\n|raw|Rucinble's rating: 1000 &rarr; <strong>1046</strong><br />(+46 for winning)\n|raw|Tankd6's rating: 1049 &rarr; <strong>1029</strong><br />(-20 for losing)\n|l|\u2606Tankd6\n|player|p2|\n",
  "uploadtime": 1776478806,
  "views": 17,
  "formatid": "gen9championsvgc2026regma",
  "rating": 1029,
  "private": 0,
  "password": null
}