{
  "id": "gen9championsvgc2026regma-2585070842",
  "format": "[Gen 9 Champions] VGC 2026 Reg M-A",
  "players": [
    "Knull$et",
    "prove it to ya"
  ],
  "log": "|j|\u2606Knull$et\n|j|\u2606prove it to ya\n|t:|1776308749\n|gametype|doubles\n|player|p1|Knull$et|cyclist-gen4|1156\n|player|p2|prove it to ya|pokemonranger-gen4|1087\n|gen|9\n|tier|[Gen 9 Champions] VGC 2026 Reg M-A\n|rated|\n|rule|Species Clause: Limit one of each Pok\u00e9mon\n|rule|Item Clause: Limit 1 of each item\n|clearpoke\n|poke|p1|Gengar, L50, F|\n|poke|p1|Whimsicott, L50, M|\n|poke|p1|Incineroar, L50, M|\n|poke|p1|Palafin, L50, M|\n|poke|p1|Kommo-o, L50, M|\n|poke|p1|Kingambit, L50, F|\n|poke|p2|Ninetales-Alola, L50, F|\n|poke|p2|Farigiraf, L50, M|\n|poke|p2|Conkeldurr, L50, M|\n|poke|p2|Incineroar, L50, F|\n|poke|p2|Glimmora, L50, M|\n|poke|p2|Dragapult, L50, F|\n|teampreview|4\n|inactive|Battle timer is ON: inactive players will automatically lose when time's up. (requested by prove it to ya)\n|inactive|Knull$et also wants the timer to be on.\n|inactive|Knull$et has 60 seconds left.\n|inactive|prove it to ya has 60 seconds left.\n|inactive|Knull$et has 30 seconds left.\n|inactive|prove it to ya has 30 seconds left.\n|inactive|prove it to ya has 20 seconds left.\n|\n|t:|1776308822\n|teamsize|p1|4\n|teamsize|p2|4\n|start\n|switch|p1a: Palafin|Palafin, L50, M|100/100\n|switch|p1b: Gengar|Gengar, L50, F|100/100\n|switch|p2a: Dragapult|Dragapult, L50, F|100/100\n|switch|p2b: Glimmora|Glimmora, L50, M|100/100\n|turn|1\n|inactive|Knull$et has 30 seconds left.\n|inactive|prove it to ya has 30 seconds left.\n|inactive|Knull$et has 20 seconds left.\n|inactive|prove it to ya has 20 seconds left.\n|inactive|Knull$et has 15 seconds left.\n|inactive|Knull$et has 10 seconds left.\n|inactive|prove it to ya has 15 seconds left.\n|\n|t:|1776308870\n|detailschange|p1b: Gengar|Gengar-Mega, L50, F\n|-mega|p1b: Gengar|Gengar|Gengarite\n|detailschange|p2b: Glimmora|Glimmora-Mega, L50, M\n|-mega|p2b: Glimmora|Glimmora|Glimmoranite\n|move|p1b: Gengar|Protect|p1b: Gengar\n|-singleturn|p1b: Gengar|Protect\n|move|p2a: Dragapult|Shadow Ball|p1b: Gengar\n|-activate|p1b: Gengar|move: Protect\n|move|p1a: Palafin|Flip Turn|p2a: Dragapult\n|-resisted|p2a: Dragapult|1\n|-damage|p2a: Dragapult|86/100\n|\n|t:|1776308889\n|detailschange|p1a: Palafin|Palafin-Hero, L50, M\n|switch|p1a: Incineroar|Incineroar, L50, M|100/100|[from] Flip Turn\n|-ability|p1a: Incineroar|Intimidate|boost\n|-fail|p2a: Dragapult|unboost|[from] ability: Clear Body|[of] p2a: Dragapult\n|-unboost|p2b: Glimmora|atk|1\n|move|p2b: Glimmora|Sludge Bomb|p1a: Incineroar\n|-damage|p1a: Incineroar|33/100\n|-enditem|p1a: Incineroar|Sitrus Berry|[eat]\n|-heal|p1a: Incineroar|58/100|[from] item: Sitrus Berry\n|\n|upkeep\n|turn|2\n|inactive|Knull$et has 30 seconds left.\n|inactive|prove it to ya has 30 seconds left.\n|inactive|Knull$et has 20 seconds left.\n|inactive|prove it to ya has 20 seconds left.\n|inactive|Knull$et has 15 seconds left.\n|inactive|Knull$et has 10 seconds left.\n|inactive|Knull$et has 5 seconds left.\n|\n|t:|1776308939\n|move|p2a: Dragapult|Light Screen|p2a: Dragapult\n|-sidestart|p2: prove it to ya|move: Light Screen\n|move|p1b: Gengar|Shadow Ball|p2a: Dragapult\n|-supereffective|p2a: Dragapult|1\n|-enditem|p2a: Dragapult|Kasib Berry|[eat]\n|-enditem|p2a: Dragapult|Kasib Berry|[weaken]\n|-damage|p2a: Dragapult|47/100\n|move|p2b: Glimmora|Power Gem|p1a: Incineroar\n|-supereffective|p1a: Incineroar|1\n|-damage|p1a: Incineroar|0 fnt\n|faint|p1a: Incineroar\n|\n|upkeep\n|inactive|Knull$et has 30 seconds left.\n|\n|t:|1776308973\n|switch|p1a: Palafin|Palafin-Hero, L50, M|100/100\n|-activate|p1a: Palafin|ability: Zero to Hero\n|turn|3\n|inactive|prove it to ya has 30 seconds left.\n|\n|t:|1776309002\n|move|p1a: Palafin|Jet Punch|p2b: Glimmora\n|-supereffective|p2b: Glimmora|1\n|-damage|p2b: Glimmora|9/100\n|move|p2a: Dragapult|Will-O-Wisp|p1a: Palafin\n|-status|p1a: Palafin|brn\n|move|p1b: Gengar|Shadow Ball|p2b: Glimmora\n|-damage|p2b: Glimmora|0 fnt\n|faint|p2b: Glimmora\n|\n|-damage|p1a: Palafin|94/100 brn|[from] brn\n|upkeep\n|\n|t:|1776309011\n|switch|p2b: Farigiraf|Farigiraf, L50, M|100/100\n|turn|4\n|inactive|Knull$et has 30 seconds left.\n|\n|t:|1776309038\n|move|p2a: Dragapult|Shadow Ball|p1b: Gengar\n|-supereffective|p1b: Gengar|1\n|-damage|p1b: Gengar|17/100\n|move|p1b: Gengar|Sludge Bomb|p2b: Farigiraf\n|-damage|p2b: Farigiraf|64/100\n|move|p1a: Palafin|Wave Crash|p2b: Farigiraf\n|-damage|p2b: Farigiraf|24/100\n|-enditem|p2b: Farigiraf|Sitrus Berry|[eat]\n|-heal|p2b: Farigiraf|49/100|[from] item: Sitrus Berry\n|-damage|p1a: Palafin|79/100 brn|[from] Recoil\n|move|p2b: Farigiraf|Psyshock|p1b: Gengar\n|-supereffective|p1b: Gengar|1\n|-damage|p1b: Gengar|0 fnt\n|faint|p1b: Gengar\n|\n|-damage|p1a: Palafin|73/100 brn|[from] brn\n|upkeep\n|\n|t:|1776309055\n|switch|p1b: Whimsicott|Whimsicott, L50, M|100/100\n|turn|5\n|inactive|Knull$et has 30 seconds left.\n|inactive|prove it to ya has 30 seconds left.\n|\n|t:|1776309084\n|move|p2a: Dragapult|Draco Meteor|p1a: Palafin\n|-damage|p1a: Palafin|23/100 brn\n|-unboost|p2a: Dragapult|spa|2\n|move|p1b: Whimsicott|Moonblast|p2b: Farigiraf\n|-damage|p2b: Farigiraf|24/100\n|move|p1a: Palafin|Wave Crash|p2b: Farigiraf\n|-damage|p2b: Farigiraf|0 fnt\n|faint|p2b: Farigiraf\n|-damage|p1a: Palafin|14/100 brn|[from] Recoil\n|\n|-damage|p1a: Palafin|8/100 brn|[from] brn\n|upkeep\n|\n|t:|1776309092\n|switch|p2b: Conkeldurr|Conkeldurr, L50, M|100/100\n|turn|6\n|inactive|Knull$et has 30 seconds left.\n|inactive|Knull$et has 20 seconds left.\n|inactive|Knull$et has 15 seconds left.\n|inactive|Knull$et has 10 seconds left.\n|\n|t:|1776309142\n|move|p2b: Conkeldurr|Detect|p2b: Conkeldurr\n|-singleturn|p2b: Conkeldurr|Protect\n|move|p1a: Palafin|Jet Punch|p2b: Conkeldurr\n|-activate|p2b: Conkeldurr|move: Protect\n|move|p2a: Dragapult|Shadow Ball|p1b: Whimsicott\n|-damage|p1b: Whimsicott|76/100\n|move|p1b: Whimsicott|Moonblast|p2b: Conkeldurr\n|-activate|p2b: Conkeldurr|move: Protect\n|\n|-damage|p1a: Palafin|2/100 brn|[from] brn\n|-sideend|p2: prove it to ya|move: Light Screen\n|upkeep\n|turn|7\n|\n|t:|1776309160\n|move|p1a: Palafin|Jet Punch|p2b: Conkeldurr\n|-damage|p2b: Conkeldurr|79/100\n|move|p2a: Dragapult|Light Screen|p2a: Dragapult\n|-sidestart|p2: prove it to ya|move: Light Screen\n|move|p1b: Whimsicott|Moonblast|p2b: Conkeldurr\n|-supereffective|p2b: Conkeldurr|1\n|-damage|p2b: Conkeldurr|19/100\n|move|p2b: Conkeldurr|Ice Punch|p1b: Whimsicott\n|-supereffective|p1b: Whimsicott|1\n|-crit|p1b: Whimsicott\n|-damage|p1b: Whimsicott|0 fnt\n|faint|p1b: Whimsicott\n|\n|-damage|p1a: Palafin|0 fnt|[from] brn\n|faint|p1a: Palafin\n|\n|win|prove it to ya\n|raw|Knull$et's rating: 1156 &rarr; <strong>1126</strong><br />(-30 for losing)\n|raw|prove it to ya's rating: 1087 &rarr; <strong>1119</strong><br />(+32 for winning)\n",
  "uploadtime": 1776309161,
  "views": 19,
  "formatid": "gen9championsvgc2026regma",
  "rating": 1119,
  "private": 0,
  "password": null
}