{
  "id": "gen9championsvgc2026regma-2588906413",
  "format": "[Gen 9 Champions] VGC 2026 Reg M-A",
  "players": [
    "HighQ_man",
    "CTGLDOISBACKW"
  ],
  "log": "|j|\u2606HighQ_man\n|j|\u2606CTGLDOISBACKW\n|t:|1776684590\n|gametype|doubles\n|player|p1|HighQ_man|pokemaniac|1027\n|player|p2|CTGLDOISBACKW|101|1000\n|gen|9\n|tier|[Gen 9 Champions] VGC 2026 Reg M-A\n|rated|\n|rule|Species Clause: Limit one of each Pok\u00e9mon\n|rule|Item Clause: Limit 1 of each item\n|clearpoke\n|poke|p1|Incineroar, L50, M|\n|poke|p1|Whimsicott, L50, F|\n|poke|p1|Blastoise, L50, M|\n|poke|p1|Lucario, L50, M|\n|poke|p1|Alcremie, L50, F|\n|poke|p1|Garchomp, L50, M|\n|poke|p2|Meganium, L50, M|\n|poke|p2|Kingambit, L50, M|\n|poke|p2|Kangaskhan, L50, F|\n|poke|p2|Torkoal, L50, M|\n|poke|p2|Farigiraf, L50, F|\n|poke|p2|Hawlucha, L50, M|\n|teampreview|4\n|inactive|Battle timer is ON: inactive players will automatically lose when time's up. (requested by HighQ_man)\n|inactive|CTGLDOISBACKW has 60 seconds left.\n|\n|t:|1776684638\n|teamsize|p1|4\n|teamsize|p2|4\n|start\n|switch|p1a: Whimsicott|Whimsicott, L50, F|100/100\n|switch|p1b: Garchomp|Garchomp, L50, M|100/100\n|switch|p2a: Kangaskhan|Kangaskhan, L50, F|100/100\n|switch|p2b: Farigiraf|Farigiraf, L50, F|100/100\n|turn|1\n|\n|t:|1776684656\n|move|p2a: Kangaskhan|Fake Out|p1a: Whimsicott\n|-damage|p1a: Whimsicott|82/100\n|cant|p1a: Whimsicott|flinch\n|move|p1b: Garchomp|Poison Jab|p2b: Farigiraf\n|-damage|p2b: Farigiraf|72/100\n|-status|p2b: Farigiraf|psn\n|move|p2b: Farigiraf|Dazzling Gleam|p1b: Garchomp|[spread] p1a,p1b\n|-supereffective|p1b: Garchomp|1\n|-damage|p1a: Whimsicott|57/100\n|-damage|p1b: Garchomp|54/100\n|\n|-damage|p2b: Farigiraf|60/100 psn|[from] psn\n|upkeep\n|turn|2\n|\n|t:|1776684677\n|move|p1a: Whimsicott|Tailwind|p1a: Whimsicott\n|-sidestart|p1: HighQ_man|move: Tailwind\n|move|p1b: Garchomp|Poison Jab|p2a: Kangaskhan\n|-damage|p2a: Kangaskhan|74/100\n|-status|p2a: Kangaskhan|psn\n|move|p2a: Kangaskhan|Double-Edge|p1b: Garchomp\n|-damage|p1b: Garchomp|1/100\n|-damage|p2a: Kangaskhan|61/100 psn|[from] ability: Rough Skin|[of] p1b: Garchomp\n|-damage|p2a: Kangaskhan|46/100 psn|[from] Recoil\n|move|p2b: Farigiraf|Trick Room|p2b: Farigiraf\n|-fieldstart|move: Trick Room|[of] p2b: Farigiraf\n|\n|-damage|p2b: Farigiraf|47/100 psn|[from] psn\n|-damage|p2a: Kangaskhan|34/100 psn|[from] psn\n|upkeep\n|turn|3\n|\n|t:|1776684702\n|move|p2a: Kangaskhan|Sucker Punch|p1b: Garchomp\n|-damage|p1b: Garchomp|0 fnt\n|-damage|p2a: Kangaskhan|22/100 psn|[from] ability: Rough Skin|[of] p1b: Garchomp\n|faint|p1b: Garchomp\n|move|p2b: Farigiraf|Hyper Voice|p1a: Whimsicott\n|-damage|p1a: Whimsicott|0 fnt\n|faint|p1a: Whimsicott\n|\n|-damage|p2b: Farigiraf|35/100 psn|[from] psn\n|-damage|p2a: Kangaskhan|9/100 psn|[from] psn\n|upkeep\n|\n|t:|1776684710\n|switch|p1a: Blastoise|Blastoise, L50, M|100/100\n|switch|p1b: Incineroar|Incineroar, L50, M|100/100\n|-ability|p1b: Incineroar|Intimidate|boost\n|-fail|p2a: Kangaskhan|unboost|Attack|[from] ability: Scrappy|[of] p2a: Kangaskhan\n|-unboost|p2b: Farigiraf|atk|1\n|turn|4\n|\n|t:|1776684723\n|move|p1a: Blastoise|Fake Out||[still]\n|cant|p2b: Farigiraf|ability: Armor Tail|Fake Out|[of] p1a: Blastoise\n|move|p1b: Incineroar|Fake Out||[still]\n|cant|p2b: Farigiraf|ability: Armor Tail|Fake Out|[of] p1b: Incineroar\n|move|p2b: Farigiraf|Dazzling Gleam|p1b: Incineroar|[spread] p1a,p1b\n|-damage|p1a: Blastoise|82/100\n|-damage|p1b: Incineroar|79/100\n|move|p2a: Kangaskhan|Low Kick|p1b: Incineroar\n|-supereffective|p1b: Incineroar|1\n|-crit|p1b: Incineroar\n|-damage|p1b: Incineroar|0 fnt\n|faint|p1b: Incineroar\n|\n|-heal|p1a: Blastoise|88/100|[from] item: Leftovers\n|-damage|p2b: Farigiraf|23/100 psn|[from] psn\n|-damage|p2a: Kangaskhan|0 fnt|[from] psn\n|faint|p2a: Kangaskhan\n|upkeep\n|\n|t:|1776684740\n|switch|p2a: Torkoal|Torkoal, L50, M|100/100\n|-weather|SunnyDay|[from] ability: Drought|[of] p2a: Torkoal\n|turn|5\n|\n|t:|1776684756\n|move|p1a: Blastoise|Protect|p1a: Blastoise\n|-singleturn|p1a: Blastoise|Protect\n|move|p2a: Torkoal|Solar Beam||[still]\n|-prepare|p2a: Torkoal|Solar Beam\n|-anim|p2a: Torkoal|Solar Beam|p1a: Blastoise\n|-activate|p1a: Blastoise|move: Protect\n|move|p2b: Farigiraf|Hyper Voice|p1a: Blastoise\n|-activate|p1a: Blastoise|move: Protect\n|\n|-weather|SunnyDay|[upkeep]\n|-heal|p1a: Blastoise|93/100|[from] item: Leftovers\n|-damage|p2b: Farigiraf|10/100 psn|[from] psn\n|-sideend|p1: HighQ_man|move: Tailwind\n|upkeep\n|turn|6\n|\n|t:|1776684772\n|move|p2a: Torkoal|Solar Beam||[still]\n|-prepare|p2a: Torkoal|Solar Beam\n|-anim|p2a: Torkoal|Solar Beam|p1a: Blastoise\n|-supereffective|p1a: Blastoise|1\n|-damage|p1a: Blastoise|45/100\n|move|p2b: Farigiraf|Hyper Voice|p1a: Blastoise\n|-damage|p1a: Blastoise|4/100\n|move|p1a: Blastoise|Hydro Pump|p2a: Torkoal\n|-supereffective|p2a: Torkoal|1\n|-damage|p2a: Torkoal|63/100\n|\n|-weather|SunnyDay|[upkeep]\n|-heal|p1a: Blastoise|10/100|[from] item: Leftovers\n|-damage|p2b: Farigiraf|0 fnt|[from] psn\n|faint|p2b: Farigiraf\n|-fieldend|move: Trick Room\n|upkeep\n|\n|t:|1776684786\n|switch|p2b: Meganium|Meganium, L50, M|100/100\n|turn|7\n|\n|t:|1776684792\n|move|p2a: Torkoal|Protect|p2a: Torkoal\n|-singleturn|p2a: Torkoal|Protect\n|move|p2b: Meganium|Giga Drain|p1a: Blastoise\n|-supereffective|p1a: Blastoise|1\n|-damage|p1a: Blastoise|0 fnt\n|faint|p1a: Blastoise\n|\n|win|CTGLDOISBACKW\n|raw|HighQ_man's rating: 1027 &rarr; <strong>1012</strong><br />(-15 for losing)\n|raw|CTGLDOISBACKW's rating: 1000 &rarr; <strong>1043</strong><br />(+43 for winning)\n|l|\u2606HighQ_man\n|player|p1|\n",
  "uploadtime": 1776684799,
  "views": 17,
  "formatid": "gen9championsvgc2026regma",
  "rating": 1012,
  "private": 0,
  "password": null
}