{
  "id": "gen9championsvgc2026regma-2582374359",
  "format": "[Gen 9 Champions] VGC 2026 Reg M-A",
  "players": [
    "Kingtu",
    "maku8319"
  ],
  "log": "|j|\u2606Kingtu\n|j|\u2606maku8319\n|t:|1776087362\n|gametype|doubles\n|player|p1|Kingtu|101|1183\n|player|p2|maku8319|red|1125\n|gen|9\n|tier|[Gen 9 Champions] VGC 2026 Reg M-A\n|rated|\n|rule|Species Clause: Limit one of each Pok\u00e9mon\n|rule|Item Clause: Limit 1 of each item\n|clearpoke\n|poke|p1|Floette-Eternal, L50, F|\n|poke|p1|Politoed, L50, F|\n|poke|p1|Pelipper, L50, M|\n|poke|p1|Palafin, L50, F|\n|poke|p1|Sinistcha, L50|\n|poke|p1|Archaludon, L50, M|\n|poke|p2|Corviknight, L50, F|\n|poke|p2|Raichu, L50, F|\n|poke|p2|Delphox, L50, F|\n|poke|p2|Garchomp, L50, F|\n|poke|p2|Sinistcha, L50|\n|poke|p2|Primarina, L50, F|\n|teampreview|4\n|inactive|Battle timer is ON: inactive players will automatically lose when time's up. (requested by Kingtu)\n|inactive|maku8319 has 60 seconds left.\nKingtu rejected open team sheets.\n|\n|t:|1776087418\n|teamsize|p1|4\n|teamsize|p2|4\n|start\n|switch|p1a: Palafin|Palafin, L50, F|100/100\n|switch|p1b: Archaludon|Archaludon, L50, M|100/100\n|switch|p2a: Primarina|Primarina, L50, F|100/100\n|switch|p2b: Corviknight|Corviknight, L50, F, shiny|100/100\n|turn|1\n|\n|t:|1776087434\n|switch|p2a: Raichu|Raichu, L50, F, shiny|100/100\n|move|p1a: Palafin|Flip Turn|p2b: Corviknight\n|-damage|p2b: Corviknight|87/100\n|\n|t:|1776087441\n|detailschange|p1a: Palafin|Palafin-Hero, L50, F\n|switch|p1a: Politoed|Politoed, L50, F|100/100|[from] Flip Turn\n|-weather|RainDance|[from] ability: Drizzle|[of] p1a: Politoed\n|move|p1b: Archaludon|Electro Shot||[still]\n|-prepare|p1b: Archaludon|Electro Shot\n|-boost|p1b: Archaludon|spa|1\n|-anim|p1b: Archaludon|Electro Shot|p2a: Raichu\n|-ability|p2a: Raichu|Lightning Rod|boost\n|-boost|p2a: Raichu|spa|1\n|move|p2b: Corviknight|Iron Defense|p2b: Corviknight\n|-boost|p2b: Corviknight|def|2\n|\n|-weather|RainDance|[upkeep]\n|-heal|p2b: Corviknight|93/100|[from] item: Leftovers\n|upkeep\n|turn|2\n|\n|t:|1776087460\n|move|p2a: Raichu|Fake Out|p1a: Politoed\n|-damage|p1a: Politoed|90/100\n|move|p1b: Archaludon|Draco Meteor|p2a: Raichu|[miss]\n|-miss|p1b: Archaludon|p2a: Raichu\n|move|p2b: Corviknight|Iron Defense|p2b: Corviknight\n|-boost|p2b: Corviknight|def|2\n|cant|p1a: Politoed|flinch\n|\n|-weather|RainDance|[upkeep]\n|-heal|p2b: Corviknight|99/100|[from] item: Leftovers\n|upkeep\n|turn|3\n|\n|t:|1776087474\n|move|p2a: Raichu|Thunderbolt|p1a: Politoed\n|-supereffective|p1a: Politoed|1\n|-damage|p1a: Politoed|16/100\n|move|p1b: Archaludon|Draco Meteor|p2a: Raichu|[miss]\n|-miss|p1b: Archaludon|p2a: Raichu\n|move|p2b: Corviknight|Body Press|p1b: Archaludon\n|-supereffective|p1b: Archaludon|1\n|-enditem|p1b: Archaludon|Chople Berry|[eat]\n|-enditem|p1b: Archaludon|Chople Berry|[weaken]\n|-damage|p1b: Archaludon|33/100\n|-ability|p1b: Archaludon|Stamina|boost\n|-boost|p1b: Archaludon|def|1\n|move|p1a: Politoed|Muddy Water|p2b: Corviknight|[spread] p2a,p2b\n|-damage|p2a: Raichu|53/100\n|-damage|p2b: Corviknight|63/100\n|\n|-weather|RainDance|[upkeep]\n|-heal|p2b: Corviknight|69/100|[from] item: Leftovers\n|upkeep\n|turn|4\n|inactive|maku8319 has 30 seconds left.\n|\n|t:|1776087509\n|move|p1a: Politoed|Protect|p1a: Politoed\n|-singleturn|p1a: Politoed|Protect\n|move|p2a: Raichu|Thunderbolt|p1a: Politoed\n|-activate|p1a: Politoed|move: Protect\n|move|p1b: Archaludon|Draco Meteor|p2a: Raichu\n|-damage|p2a: Raichu|0 fnt\n|-unboost|p1b: Archaludon|spa|2\n|faint|p2a: Raichu\n|move|p2b: Corviknight|Roost|p2b: Corviknight\n|-heal|p2b: Corviknight|100/100\n|-singleturn|p2b: Corviknight|move: Roost\n|\n|-weather|RainDance|[upkeep]\n|upkeep\n|\n|t:|1776087516\n|switch|p2a: Garchomp|Garchomp, L50, F|100/100\n|turn|5\n|\n|t:|1776087532\n|move|p2a: Garchomp|Earthquake|p1b: Archaludon|[spread] p1a,p1b\n|-immune|p2b: Corviknight\n|-supereffective|p1b: Archaludon|1\n|-damage|p1a: Politoed|0 fnt\n|-damage|p1b: Archaludon|0 fnt\n|faint|p1a: Politoed\n|faint|p1b: Archaludon\n|move|p2b: Corviknight|Body Press|p1: Politoed|[notarget]\n|-fail|p2b: Corviknight\n|\n|-weather|none\n|upkeep\n|\n|t:|1776087535\n|switch|p1b: Floette|Floette-Eternal, L50, F|100/100\n|switch|p1a: Palafin|Palafin-Hero, L50, F|100/100\n|-activate|p1a: Palafin|ability: Zero to Hero\n|turn|6\n|\n|t:|1776087542\n|detailschange|p1b: Floette|Floette-Mega, L50, F\n|-mega|p1b: Floette|Floette|Floettite\n|-ability|p1b: Floette|Fairy Aura\n|move|p1a: Palafin|Wave Crash|p2a: Garchomp\n|-damage|p2a: Garchomp|22/100\n|-damage|p1a: Palafin|88/100|[from] ability: Rough Skin|[of] p2a: Garchomp\n|-damage|p1a: Palafin|61/100|[from] Recoil\n|move|p2a: Garchomp|Earthquake|p1b: Floette|[spread] p1a,p1b\n|-immune|p2b: Corviknight\n|-damage|p1a: Palafin|8/100\n|-damage|p1b: Floette|38/100\n|move|p1b: Floette|Dazzling Gleam|p2b: Corviknight|[spread] p2a,p2b\n|-supereffective|p2a: Garchomp|1\n|-resisted|p2b: Corviknight|1\n|-damage|p2a: Garchomp|0 fnt\n|-damage|p2b: Corviknight|76/100\n|faint|p2a: Garchomp\n|move|p2b: Corviknight|Body Press|p1b: Floette\n|-resisted|p1b: Floette|1\n|-damage|p1b: Floette|0 fnt\n|faint|p1b: Floette\n|\n|-heal|p2b: Corviknight|82/100|[from] item: Leftovers\n|upkeep\n|\n|t:|1776087555\n|switch|p2a: Primarina|Primarina, L50, F|100/100\n|turn|7\n|l|\u2606Kingtu\n|inactive|Kingtu disconnected and has a minute to reconnect!\n|player|p1|\n|inactive|Kingtu has 30 seconds left.\n|inactive|Kingtu has 20 seconds left.\n|inactive|Kingtu has 15 seconds left.\n|inactive|Kingtu has 10 seconds left.\n|inactive|Kingtu has 5 seconds left.\n|-message|Kingtu lost due to inactivity.\n|\n|win|maku8319\n|raw|Kingtu's rating: 1183 &rarr; <strong>1154</strong><br />(-29 for losing)\n|raw|maku8319's rating: 1125 &rarr; <strong>1154</strong><br />(+29 for winning)\n",
  "uploadtime": 1776087614,
  "views": 28,
  "formatid": "gen9championsvgc2026regma",
  "rating": 1154,
  "private": 0,
  "password": null
}