{
  "id": "gen9championsvgc2026regma-2588719244",
  "format": "[Gen 9 Champions] VGC 2026 Reg M-A",
  "players": [
    "Johten",
    "Typhon-06"
  ],
  "log": "|j|\u2606Johten\n|j|\u2606Typhon-06\n|t:|1776661659\n|gametype|doubles\n|player|p1|Johten|2|1151\n|player|p2|Typhon-06|flannery|1128\n|gen|9\n|tier|[Gen 9 Champions] VGC 2026 Reg M-A\n|rated|\n|rule|Species Clause: Limit one of each Pok\u00e9mon\n|rule|Item Clause: Limit 1 of each item\n|clearpoke\n|poke|p1|Mimikyu, L50, M, shiny|\n|poke|p1|Rotom-Heat, L50|\n|poke|p1|Gallade, L50, M|\n|poke|p1|Corviknight, L50, F|\n|poke|p1|Kangaskhan, L50, F|\n|poke|p1|Hydrapple, L50, M|\n|poke|p2|Charizard, L50, F|\n|poke|p2|Incineroar, L50, F|\n|poke|p2|Whimsicott, L50, M|\n|poke|p2|Garchomp, L50, M|\n|poke|p2|Rotom-Wash, L50|\n|poke|p2|Sneasler, L50, F|\n|teampreview|4\n|inactive|Battle timer is ON: inactive players will automatically lose when time's up. (requested by Typhon-06)\n|inactive|Johten has 60 seconds left.\n|inactive|Johten has 30 seconds left.\n|\n|t:|1776661722\n|teamsize|p1|4\n|teamsize|p2|4\n|start\n|switch|p1a: Mimikyu|Mimikyu, L50, M, shiny|100/100\n|switch|p1b: Kangaskhan|Kangaskhan, L50, F|100/100\n|switch|p2a: Charizard|Charizard, L50, F|100/100\n|switch|p2b: Garchomp|Garchomp, L50, M|100/100\n|turn|1\n|inactive|Typhon-06 has 30 seconds left.\n|inactive|Typhon-06 has 20 seconds left.\n|\n|t:|1776661760\n|detailschange|p2a: Charizard|Charizard-Mega-Y, L50, F\n|-mega|p2a: Charizard|Charizard|Charizardite Y\n|-weather|SunnyDay|[from] ability: Drought|[of] p2a: Charizard\n|move|p1b: Kangaskhan|Fake Out|p2a: Charizard\n|-damage|p2a: Charizard|80/100\n|move|p2b: Garchomp|Earthquake|p1b: Kangaskhan|[spread] p1a,p1b\n|-immune|p2a: Charizard\n|-crit|p1b: Kangaskhan\n|-activate|p1a: Mimikyu|ability: Disguise\n|-damage|p1a: Mimikyu|100/100\n|-damage|p1b: Kangaskhan|35/100\n|detailschange|p1a: Mimikyu|Mimikyu-Busted, L50, M, shiny\n|-damage|p1a: Mimikyu|88/100|[from] pokemon: Mimikyu-Busted\n|cant|p2a: Charizard|flinch\n|move|p1a: Mimikyu|Will-O-Wisp|p2b: Garchomp|[miss]\n|-miss|p1a: Mimikyu|p2b: Garchomp\n|\n|-weather|SunnyDay|[upkeep]\n|upkeep\n|turn|2\n|inactive|Johten has 30 seconds left.\n|\n|t:|1776661790\n|switch|p1a: Rotom|Rotom-Heat, L50|100/100\n|move|p1b: Kangaskhan|Sucker Punch|p2a: Charizard\n|-damage|p2a: Charizard|59/100\n|move|p2b: Garchomp|Earthquake|p1b: Kangaskhan|[spread] p1b\n|-immune|p2a: Charizard\n|-immune|p1a: Rotom|[from] ability: Levitate\n|-damage|p1b: Kangaskhan|0 fnt\n|faint|p1b: Kangaskhan\n|move|p2a: Charizard|Heat Wave|p1a: Rotom\n|-resisted|p1a: Rotom|1\n|-damage|p1a: Rotom|53/100\n|\n|-weather|SunnyDay|[upkeep]\n|upkeep\n|\n|t:|1776661808\n|switch|p1b: Mimikyu|Mimikyu-Busted, L50, M, shiny|88/100\n|turn|3\n|\n|t:|1776661819\n|move|p2b: Garchomp|Earthquake|p1b: Mimikyu|[spread] p1b\n|-immune|p2a: Charizard\n|-immune|p1a: Rotom|[from] ability: Levitate\n|-damage|p1b: Mimikyu|40/100\n|move|p2a: Charizard|Weather Ball|p1a: Rotom\n|-resisted|p1a: Rotom|1\n|-damage|p1a: Rotom|3/100\n|move|p1a: Rotom|Volt Switch|p1b: Mimikyu\n|-damage|p1b: Mimikyu|9/100\n|\n|t:|1776661830\n|switch|p1a: Gallade|Gallade, L50, M|100/100|[from] Volt Switch\n|move|p1b: Mimikyu|Beat Up|p1a: Gallade\n|-damage|p1a: Gallade|93/100\n|-ability|p1a: Gallade|Justified|boost\n|-boost|p1a: Gallade|atk|1\n|-damage|p1a: Gallade|87/100\n|-ability|p1a: Gallade|Justified|boost\n|-boost|p1a: Gallade|atk|1\n|-damage|p1a: Gallade|84/100\n|-ability|p1a: Gallade|Justified|boost\n|-boost|p1a: Gallade|atk|1\n|-hitcount|p1a: Gallade|3\n|\n|-weather|SunnyDay|[upkeep]\n|upkeep\n|turn|4\n|inactive|Johten has 30 seconds left.\n|inactive|Johten has 20 seconds left.\n|inactive|Johten has 15 seconds left.\n|inactive|Johten has 10 seconds left.\n|\n|t:|1776661879\n|move|p1a: Gallade|Protect|p1a: Gallade\n|-singleturn|p1a: Gallade|Protect\n|move|p2b: Garchomp|Earthquake|p1a: Gallade|[spread] p1b\n|-activate|p1a: Gallade|move: Protect\n|-immune|p2a: Charizard\n|-damage|p1b: Mimikyu|0 fnt\n|faint|p1b: Mimikyu\n|move|p2a: Charizard|Heat Wave|p1a: Gallade\n|-activate|p1a: Gallade|move: Protect\n|\n|-weather|SunnyDay|[upkeep]\n|upkeep\n|\n|t:|1776661891\n|switch|p1b: Rotom|Rotom-Heat, L50|3/100\n|turn|5\n|\n|t:|1776661912\n|detailschange|p1a: Gallade|Gallade-Mega, L50, M\n|-mega|p1a: Gallade|Gallade|Galladite\n|move|p1b: Rotom|Protect|p1b: Rotom\n|-singleturn|p1b: Rotom|Protect\n|move|p2b: Garchomp|Earthquake|p1a: Gallade|[spread] p1a\n|-activate|p1b: Rotom|move: Protect\n|-immune|p2a: Charizard\n|-crit|p1a: Gallade\n|-damage|p1a: Gallade|10/100\n|move|p1a: Gallade|Drain Punch|p2b: Garchomp\n|-damage|p2b: Garchomp|0 fnt\n|-heal|p1a: Gallade|68/100|[from] drain|[of] p2b: Garchomp\n|-damage|p1a: Gallade|55/100|[from] ability: Rough Skin|[of] p2b: Garchomp\n|faint|p2b: Garchomp\n|move|p2a: Charizard|Heat Wave|p1a: Gallade|[spread] p1a\n|-activate|p1b: Rotom|move: Protect\n|-damage|p1a: Gallade|0 fnt\n|faint|p1a: Gallade\n|\n|-weather|none\n|upkeep\n|\n|t:|1776661927\n|switch|p2b: Incineroar|Incineroar, L50, F|100/100\n|-ability|p2b: Incineroar|Intimidate|boost\n|-unboost|p1b: Rotom|atk|1\n|turn|6\n|\n|t:|1776661938\n|move|p2b: Incineroar|Fake Out|p1b: Rotom\n|-damage|p1b: Rotom|0 fnt\n|faint|p1b: Rotom\n|\n|win|Typhon-06\n|raw|Johten's rating: 1151 &rarr; <strong>1124</strong><br />(-27 for losing)\n|raw|Typhon-06's rating: 1128 &rarr; <strong>1155</strong><br />(+27 for winning)\n|l|\u2606Typhon-06\n|player|p2|\n",
  "uploadtime": 1776661946,
  "views": 7,
  "formatid": "gen9championsvgc2026regma",
  "rating": 1124,
  "private": 0,
  "password": null
}