{
  "id": "gen9championsvgc2026regma-2587746801",
  "format": "[Gen 9 Champions] VGC 2026 Reg M-A",
  "players": [
    "lpaky",
    "PYS_Max2"
  ],
  "log": "|j|\u2606lpaky\n|j|\u2606PYS_Max2\n|t:|1776559895\n|gametype|doubles\n|player|p1|lpaky|170|1455\n|player|p2|PYS_Max2|clay|1474\n|gen|9\n|tier|[Gen 9 Champions] VGC 2026 Reg M-A\n|rated|\n|rule|Species Clause: Limit one of each Pok\u00e9mon\n|rule|Item Clause: Limit 1 of each item\n|clearpoke\n|poke|p1|Chesnaught, L50, F|\n|poke|p1|Basculegion, L50, M|\n|poke|p1|Weavile, L50, M|\n|poke|p1|Tinkaton, L50, F|\n|poke|p1|Rotom-Heat, L50|\n|poke|p1|Garchomp, L50, M|\n|poke|p2|Tyranitar, L50, M|\n|poke|p2|Excadrill, L50, F|\n|poke|p2|Delphox, L50, M|\n|poke|p2|Floette-Eternal, L50, F|\n|poke|p2|Gyarados, L50, M|\n|poke|p2|Sneasler, L50, M|\n|teampreview|4\n|\n|t:|1776559949\n|teamsize|p1|4\n|teamsize|p2|4\n|start\n|switch|p1a: Weavile|Weavile, L50, M|100/100\n|switch|p1b: Chesnaught|Chesnaught, L50, F|100/100\n|switch|p2a: Gyarados|Gyarados, L50, M|100/100\n|switch|p2b: Floette|Floette-Eternal, L50, F|100/100\n|-ability|p1a: Weavile|Pressure\n|-ability|p2a: Gyarados|Intimidate|boost\n|-unboost|p1a: Weavile|atk|1\n|-unboost|p1b: Chesnaught|atk|1\n|turn|1\n|\n|t:|1776559972\n|switch|p1b: Tinkaton|Tinkaton, L50, F|100/100\n|detailschange|p2b: Floette|Floette-Mega, L50, F\n|-mega|p2b: Floette|Floette|Floettite\n|-ability|p2b: Floette|Fairy Aura\n|move|p2b: Floette|Protect|p2b: Floette\n|-singleturn|p2b: Floette|Protect\n|move|p1a: Weavile|Fake Out|p2b: Floette\n|-activate|p2b: Floette|move: Protect\n|move|p2a: Gyarados|Thunder Wave|p1a: Weavile\n|-status|p1a: Weavile|par\n|\n|upkeep\n|turn|2\n|\n|t:|1776560006\n|switch|p2b: Tyranitar|Tyranitar, L50, M|100/100\n|-weather|Sandstorm|[from] ability: Sand Stream|[of] p2b: Tyranitar\n|move|p1b: Tinkaton|Gigaton Hammer|p2b: Tyranitar\n|-supereffective|p2b: Tyranitar|1\n|-damage|p2b: Tyranitar|14/100\n|move|p2a: Gyarados|Waterfall|p1b: Tinkaton\n|-damage|p1b: Tinkaton|61/100\n|move|p1a: Weavile|Triple Axel|p2a: Gyarados\n|-damage|p2a: Gyarados|94/100\n|-damage|p2a: Gyarados|82/100\n|-damage|p2a: Gyarados|64/100\n|-hitcount|p2a: Gyarados|3\n|\n|-weather|Sandstorm|[upkeep]\n|-damage|p2a: Gyarados|58/100|[from] Sandstorm\n|-damage|p1a: Weavile|94/100 par|[from] Sandstorm\n|-heal|p1b: Tinkaton|67/100|[from] item: Leftovers\n|-heal|p2a: Gyarados|64/100|[from] item: Leftovers\n|upkeep\n|turn|3\n|\n|t:|1776560058\n|switch|p1b: Chesnaught|Chesnaught, L50, F|100/100\n|move|p2b: Tyranitar|Rock Slide|p1a: Weavile|[spread] p1a,p1b\n|-supereffective|p1a: Weavile|1\n|-resisted|p1b: Chesnaught|1\n|-damage|p1a: Weavile|0 fnt\n|-damage|p1b: Chesnaught|91/100\n|faint|p1a: Weavile\n|move|p2a: Gyarados|Waterfall|p1b: Chesnaught\n|-resisted|p1b: Chesnaught|1\n|-damage|p1b: Chesnaught|80/100\n|\n|-weather|Sandstorm|[upkeep]\n|-damage|p2a: Gyarados|58/100|[from] Sandstorm\n|-damage|p1b: Chesnaught|74/100|[from] Sandstorm\n|-heal|p2a: Gyarados|64/100|[from] item: Leftovers\n|upkeep\n|\n|t:|1776560064\n|switch|p1a: Basculegion|Basculegion, L50, M|100/100\n|turn|4\n|\n|t:|1776560072\n|detailschange|p1b: Chesnaught|Chesnaught-Mega, L50, F\n|-mega|p1b: Chesnaught|Chesnaught|Chesnaughtite\n|move|p2b: Tyranitar|Rock Slide|p1a: Basculegion|[spread] p1a,p1b\n|-resisted|p1b: Chesnaught|1\n|-damage|p1a: Basculegion|62/100\n|-damage|p1b: Chesnaught|68/100\n|move|p1a: Basculegion|Last Respects|p2a: Gyarados\n|-damage|p2a: Gyarados|7/100\n|move|p2a: Gyarados|Thunder Wave|p1a: Basculegion\n|-status|p1a: Basculegion|par\n|move|p1b: Chesnaught|Body Press|p2b: Tyranitar\n|-supereffective|p2b: Tyranitar|2\n|-damage|p2b: Tyranitar|0 fnt\n|faint|p2b: Tyranitar\n|\n|-weather|Sandstorm|[upkeep]\n|-damage|p2a: Gyarados|1/100|[from] Sandstorm\n|-damage|p1a: Basculegion|56/100 par|[from] Sandstorm\n|-damage|p1b: Chesnaught|62/100|[from] Sandstorm\n|-heal|p2a: Gyarados|7/100|[from] item: Leftovers\n|upkeep\n|\n|t:|1776560090\n|switch|p2b: Floette|Floette-Mega, L50, F|100/100\n|-ability|p2b: Floette|Fairy Aura\n|turn|5\n|\n|t:|1776560109\n|move|p1b: Chesnaught|Wide Guard|p1b: Chesnaught\n|-singleturn|p1b: Chesnaught|Wide Guard\n|move|p2b: Floette|Moonblast|p1a: Basculegion\n|-damage|p1a: Basculegion|0 fnt\n|faint|p1a: Basculegion\n|move|p2a: Gyarados|Taunt|p1b: Chesnaught\n|-start|p1b: Chesnaught|move: Taunt\n|\n|-weather|Sandstorm|[upkeep]\n|-damage|p2b: Floette|95/100|[from] Sandstorm\n|-damage|p2a: Gyarados|1/100|[from] Sandstorm\n|-damage|p1b: Chesnaught|55/100|[from] Sandstorm\n|-heal|p2a: Gyarados|7/100|[from] item: Leftovers\n|upkeep\n|\n|t:|1776560114\n|switch|p1a: Tinkaton|Tinkaton, L50, F|67/100\n|turn|6\n|\n|t:|1776560121\n|switch|p2a: Sneasler|Sneasler, L50, M|100/100\n|move|p2b: Floette|Protect|p2b: Floette\n|-singleturn|p2b: Floette|Protect\n|move|p1a: Tinkaton|Gigaton Hammer|p2b: Floette\n|-activate|p2b: Floette|move: Protect\n|move|p1b: Chesnaught|Body Press|p2a: Sneasler\n|-resisted|p2a: Sneasler|1\n|-damage|p2a: Sneasler|48/100\n|\n|-weather|none\n|-heal|p1a: Tinkaton|73/100|[from] item: Leftovers\n|upkeep\n|turn|7\n|\n|t:|1776560129\n|switch|p2a: Gyarados|Gyarados, L50, M|7/100\n|-ability|p2a: Gyarados|Intimidate|boost\n|-fail|p1a: Tinkaton|unboost|Attack|[from] ability: Own Tempo|[of] p1a: Tinkaton\n|-unboost|p1b: Chesnaught|atk|1\n|move|p2b: Floette|Dazzling Gleam|p1b: Chesnaught|[spread] p1a,p1b\n|-resisted|p1a: Tinkaton|1\n|-supereffective|p1b: Chesnaught|1\n|-damage|p1a: Tinkaton|53/100\n|-damage|p1b: Chesnaught|0 fnt\n|faint|p1b: Chesnaught\n|move|p1a: Tinkaton|Encore|p2b: Floette\n|-start|p2b: Floette|Encore\n|\n|-heal|p1a: Tinkaton|59/100|[from] item: Leftovers\n|-heal|p2a: Gyarados|13/100|[from] item: Leftovers\n|upkeep\n|turn|8\n|\n|t:|1776560146\n|move|p2b: Floette|Dazzling Gleam|p1a: Tinkaton\n|-resisted|p1a: Tinkaton|1\n|-damage|p1a: Tinkaton|31/100\n|move|p1a: Tinkaton|Play Rough|p2a: Gyarados\n|-damage|p2a: Gyarados|0 fnt\n|faint|p2a: Gyarados\n|\n|-heal|p1a: Tinkaton|37/100|[from] item: Leftovers\n|upkeep\n|\n|t:|1776560151\n|switch|p2a: Sneasler|Sneasler, L50, M|48/100\n|turn|9\n|\n|t:|1776560156\n|move|p2a: Sneasler|Close Combat|p1a: Tinkaton\n|-damage|p1a: Tinkaton|0 fnt\n|-unboost|p2a: Sneasler|def|1\n|-unboost|p2a: Sneasler|spd|1\n|faint|p1a: Tinkaton\n|\n|win|PYS_Max2\n|raw|lpaky's rating: 1455 &rarr; <strong>1436</strong><br />(-19 for losing)\n|raw|PYS_Max2's rating: 1474 &rarr; <strong>1493</strong><br />(+19 for winning)\n|l|\u2606lpaky\n|player|p1|\n|l|\u2606PYS_Max2\n|player|p2|\n",
  "uploadtime": 1776562547,
  "views": 16,
  "formatid": "gen9championsvgc2026regma",
  "rating": 1436,
  "private": 0,
  "password": null
}