{
  "id": "gen9championsvgc2026regma-2584381075",
  "format": "[Gen 9 Champions] VGC 2026 Reg M-A",
  "players": [
    "Noobilio",
    "nsbnsb"
  ],
  "log": "|j|\u2606Noobilio\n|j|\u2606nsbnsb\n|t:|1776256563\n|gametype|doubles\n|player|p1|Noobilio|nurse|1374\n|player|p2|nsbnsb|ghetsis|1425\n|gen|9\n|tier|[Gen 9 Champions] VGC 2026 Reg M-A\n|rated|\n|rule|Species Clause: Limit one of each Pok\u00e9mon\n|rule|Item Clause: Limit 1 of each item\n|clearpoke\n|poke|p1|Hawlucha, L50, F|\n|poke|p1|Floette-Eternal, L50, F|\n|poke|p1|Incineroar, L50, F|\n|poke|p1|Sinistcha, L50|\n|poke|p1|Snorlax, L50, F|\n|poke|p1|Rotom-Wash, L50|\n|poke|p2|Crabominable, L50, M|\n|poke|p2|Farigiraf, L50, M|\n|poke|p2|Kingambit, L50, M|\n|poke|p2|Sinistcha, L50|\n|poke|p2|Camerupt, L50, M|\n|poke|p2|Sneasler, L50, M|\n|teampreview|4\n|inactive|Battle timer is ON: inactive players will automatically lose when time's up. (requested by nsbnsb)\n|inactive|Noobilio has 60 seconds left.\n|\n|t:|1776256611\n|teamsize|p1|4\n|teamsize|p2|4\n|start\n|switch|p1a: Hawlucha|Hawlucha, L50, F, shiny|100/100\n|switch|p1b: Snorlax|Snorlax, L50, F, shiny|100/100\n|switch|p2a: Sinistcha|Sinistcha, L50|100/100\n|switch|p2b: Sneasler|Sneasler, L50, M|100/100\n|-ability|p1a: Hawlucha|Mold Breaker\n|turn|1\n|\n|t:|1776256632\n|detailschange|p1a: Hawlucha|Hawlucha-Mega, L50, F, shiny\n|-mega|p1a: Hawlucha|Hawlucha|Hawluchanite\n|move|p1b: Snorlax|Protect|p1b: Snorlax\n|-singleturn|p1b: Snorlax|Protect\n|move|p2b: Sneasler|Fake Out|p1a: Hawlucha\n|-damage|p1a: Hawlucha|86/100\n|cant|p1a: Hawlucha|flinch\n|move|p2a: Sinistcha|Trick Room|p2a: Sinistcha\n|-fieldstart|move: Trick Room|[of] p2a: Sinistcha\n|\n|upkeep\n|turn|2\n|inactive|nsbnsb has 30 seconds left.\n|inactive|nsbnsb has 20 seconds left.\n|\n|t:|1776256668\n|switch|p1b: Incineroar|Incineroar, L50, F|100/100\n|-ability|p1b: Incineroar|Intimidate|boost\n|-unboost|p2a: Sinistcha|atk|1\n|-unboost|p2b: Sneasler|atk|1\n|-enditem|p2b: Sneasler|White Herb\n|-clearnegativeboost|p2b: Sneasler|[silent]\n|move|p2a: Sinistcha|Matcha Gotcha|p1b: Incineroar|[spread] p1a,p1b\n|-resisted|p1a: Hawlucha|1\n|-resisted|p1b: Incineroar|1\n|-damage|p1a: Hawlucha|72/100\n|-damage|p1b: Incineroar|89/100\n|move|p1a: Hawlucha|Brave Bird|p2b: Sneasler\n|-supereffective|p2b: Sneasler|1\n|-damage|p2b: Sneasler|0 fnt\n|faint|p2b: Sneasler\n|-damage|p1a: Hawlucha|44/100|[from] Recoil\n|\n|upkeep\n|\n|t:|1776256672\n|switch|p2b: Crabominable|Crabominable, L50, M|100/100\n|turn|3\n|inactive|Noobilio has 30 seconds left.\n|\n|t:|1776256699\n|move|p2b: Crabominable|Protect|p2b: Crabominable\n|-singleturn|p2b: Crabominable|Protect\n|move|p1b: Incineroar|Fake Out|p2b: Crabominable\n|-activate|p2b: Crabominable|move: Protect\n|move|p2a: Sinistcha|Matcha Gotcha|p1a: Hawlucha|[spread] p1a,p1b\n|-resisted|p1a: Hawlucha|1\n|-resisted|p1b: Incineroar|1\n|-damage|p1a: Hawlucha|30/100\n|-damage|p1b: Incineroar|79/100\n|move|p1a: Hawlucha|Brave Bird|p2a: Sinistcha\n|-supereffective|p2a: Sinistcha|1\n|-enditem|p2a: Sinistcha|Focus Sash\n|-damage|p2a: Sinistcha|1/100\n|-damage|p1a: Hawlucha|0 fnt|[from] Recoil\n|faint|p1a: Hawlucha\n|\n|upkeep\n|j| njxfnewnfw2\n|\n|t:|1776256720\n|switch|p1a: Snorlax|Snorlax, L50, F, shiny|100/100\n|turn|4\n|\n|t:|1776256743\n|detailschange|p2b: Crabominable|Crabominable-Mega, L50, M\n|-mega|p2b: Crabominable|Crabominable|Crabominite\n|move|p2a: Sinistcha|Rage Powder|p2a: Sinistcha\n|-singleturn|p2a: Sinistcha|move: Rage Powder\n|move|p2b: Crabominable|Ice Hammer|p1b: Incineroar\n|-resisted|p1b: Incineroar|1\n|-damage|p1b: Incineroar|47/100\n|-unboost|p2b: Crabominable|spe|1\n|move|p1a: Snorlax|Yawn|p2a: Sinistcha\n|-start|p2a: Sinistcha|move: Yawn|[of] p1a: Snorlax\n|move|p1b: Incineroar|Flare Blitz|p2a: Sinistcha\n|-supereffective|p2a: Sinistcha|1\n|-damage|p2a: Sinistcha|0 fnt\n|faint|p2a: Sinistcha\n|-damage|p1b: Incineroar|47/100|[from] Recoil\n|\n|upkeep\n|j| Themoonisbright\n|\n|t:|1776256760\n|switch|p2a: Kingambit|Kingambit, L50, M, shiny|100/100\n|turn|5\n|\n|t:|1776256782\n|switch|p1b: Sinistcha|Sinistcha, L50|100/100\n|move|p2b: Crabominable|Drain Punch|p1a: Snorlax\n|-supereffective|p1a: Snorlax|1\n|-damage|p1a: Snorlax|29/100\n|move|p1a: Snorlax|Yawn|p2a: Kingambit\n|-start|p2a: Kingambit|move: Yawn|[of] p1a: Snorlax\n|move|p2a: Kingambit|Kowtow Cleave|p1b: Sinistcha\n|-supereffective|p1b: Sinistcha|1\n|-damage|p1b: Sinistcha|3/100\n|-enditem|p1b: Sinistcha|Sitrus Berry|[eat]\n|-heal|p1b: Sinistcha|27/100|[from] item: Sitrus Berry\n|\n|-heal|p1a: Snorlax|35/100|[from] item: Leftovers\n|-fieldend|move: Trick Room\n|upkeep\n|turn|6\n|inactive|Noobilio has 30 seconds left.\n|inactive|nsbnsb has 30 seconds left.\n|\n|t:|1776256808\n|move|p1b: Sinistcha|Rage Powder|p1b: Sinistcha\n|-singleturn|p1b: Sinistcha|move: Rage Powder\n|move|p2a: Kingambit|Kowtow Cleave|p1b: Sinistcha\n|-supereffective|p1b: Sinistcha|1\n|-crit|p1b: Sinistcha\n|-damage|p1b: Sinistcha|0 fnt\n|faint|p1b: Sinistcha\n|move|p1a: Snorlax|Yawn|p2b: Crabominable\n|-start|p2b: Crabominable|move: Yawn|[of] p1a: Snorlax\n|move|p2b: Crabominable|Ice Hammer|p1a: Snorlax\n|-damage|p1a: Snorlax|8/100\n|-unboost|p2b: Crabominable|spe|1\n|\n|-heal|p1a: Snorlax|14/100|[from] item: Leftovers\n|-end|p2a: Kingambit|move: Yawn|[silent]\n|-status|p2a: Kingambit|slp\n|upkeep\n|\n|t:|1776256818\n|switch|p1b: Incineroar|Incineroar, L50, F|47/100\n|-ability|p1b: Incineroar|Intimidate|boost\n|-unboost|p2a: Kingambit|atk|1\n|-ability|p2a: Kingambit|Defiant|boost\n|-boost|p2a: Kingambit|atk|2\n|-unboost|p2b: Crabominable|atk|1\n|turn|7\n|\n|t:|1776256839\n|cant|p2a: Kingambit|slp\n|move|p1b: Incineroar|Fake Out|p2b: Crabominable\n|-damage|p2b: Crabominable|92/100\n|move|p1a: Snorlax|Fissure|p2a: Kingambit\n|-damage|p2a: Kingambit|0 fnt\n|faint|p2a: Kingambit\n|-ohko\n|cant|p2b: Crabominable|flinch\n|\n|-heal|p1a: Snorlax|20/100|[from] item: Leftovers\n|-end|p2b: Crabominable|move: Yawn|[silent]\n|-status|p2b: Crabominable|slp\n|upkeep\n|turn|8\n|\n|t:|1776256851\n|cant|p2b: Crabominable|slp\n|move|p1b: Incineroar|Flare Blitz|p2b: Crabominable\n|-supereffective|p2b: Crabominable|1\n|-damage|p2b: Crabominable|17/100 slp\n|-damage|p1b: Incineroar|22/100|[from] Recoil\n|move|p1a: Snorlax|Fissure|p2b: Crabominable\n|-damage|p2b: Crabominable|0 fnt\n|faint|p2b: Crabominable\n|-ohko\n|\n|win|Noobilio\n|raw|Noobilio's rating: 1374 &rarr; <strong>1396</strong><br />(+22 for winning)\n|raw|nsbnsb's rating: 1401 &rarr; <strong>1379</strong><br />(-22 for losing)\n",
  "uploadtime": 1776256856,
  "views": 45,
  "formatid": "gen9championsvgc2026regma",
  "rating": 1379,
  "private": 0,
  "password": null
}