{
  "id": "gen9championsvgc2026regma-2582366319",
  "format": "[Gen 9 Champions] VGC 2026 Reg M-A",
  "players": [
    "tsukifrombilllie",
    "santhenix92"
  ],
  "log": "|j|\u2606tsukifrombilllie\n|j|\u2606santhenix92\n|t:|1776086772\n|gametype|doubles\n|player|p1|tsukifrombilllie|lyra|1097\n|player|p2|santhenix92|lance|1177\n|gen|9\n|tier|[Gen 9 Champions] VGC 2026 Reg M-A\n|rated|\n|rule|Species Clause: Limit one of each Pok\u00e9mon\n|rule|Item Clause: Limit 1 of each item\n|clearpoke\n|poke|p1|Charizard, L50, F|\n|poke|p1|Venusaur, L50, F|\n|poke|p1|Garchomp, L50, M|\n|poke|p1|Rotom-Wash, L50|\n|poke|p1|Sneasler, L50, F|\n|poke|p1|Incineroar, L50, F|\n|poke|p2|Kommo-o, L50, F|\n|poke|p2|Gengar, L50, F|\n|poke|p2|Incineroar, L50, M|\n|poke|p2|Ninetales, L50, F|\n|poke|p2|Venusaur, L50, M|\n|poke|p2|Basculegion, L50, M|\n|teampreview|4\n|inactive|Battle timer is ON: inactive players will automatically lose when time's up. (requested by tsukifrombilllie)\n|\n|t:|1776086822\n|teamsize|p1|4\n|teamsize|p2|4\n|start\n|switch|p1a: Sneasler|Sneasler, L50, F|100/100\n|switch|p1b: Charizard|Charizard, L50, F, shiny|100/100\n|switch|p2a: Gengar|Gengar, L50, F|100/100\n|switch|p2b: Incineroar|Incineroar, L50, M|100/100\n|-ability|p2b: Incineroar|Intimidate|boost\n|-unboost|p1a: Sneasler|atk|1\n|-unboost|p1b: Charizard|atk|1\n|-enditem|p1a: Sneasler|White Herb\n|-clearnegativeboost|p1a: Sneasler|[silent]\n|turn|1\n|\n|t:|1776086843\n|detailschange|p2a: Gengar|Gengar-Mega, L50, F\n|-mega|p2a: Gengar|Gengar|Gengarite\n|detailschange|p1b: Charizard|Charizard-Mega-Y, L50, F, shiny\n|-mega|p1b: Charizard|Charizard|Charizardite Y\n|-weather|SunnyDay|[from] ability: Drought|[of] p1b: Charizard\n|move|p1a: Sneasler|Fake Out|p2b: Incineroar\n|-damage|p2b: Incineroar|86/100\n|cant|p2b: Incineroar|flinch\n|move|p2a: Gengar|Shadow Ball|p1a: Sneasler\n|-damage|p1a: Sneasler|43/100\n|move|p1b: Charizard|Heat Wave|p2b: Incineroar|[spread] p2a,p2b\n|-resisted|p2b: Incineroar|1\n|-damage|p2a: Gengar|29/100\n|-damage|p2b: Incineroar|59/100\n|\n|-weather|SunnyDay|[upkeep]\n|upkeep\n|turn|2\n|inactive|santhenix92 has 30 seconds left.\n|\n|t:|1776086872\n|move|p1a: Sneasler|Close Combat|p2b: Incineroar\n|-supereffective|p2b: Incineroar|1\n|-damage|p2b: Incineroar|0 fnt\n|-unboost|p1a: Sneasler|def|1\n|-unboost|p1a: Sneasler|spd|1\n|faint|p2b: Incineroar\n|move|p2a: Gengar|Shadow Ball|p1a: Sneasler\n|-damage|p1a: Sneasler|0 fnt\n|faint|p1a: Sneasler\n|move|p1b: Charizard|Heat Wave|p2a: Gengar\n|-damage|p2a: Gengar|0 fnt\n|faint|p2a: Gengar\n|\n|-weather|SunnyDay|[upkeep]\n|upkeep\n|\n|t:|1776086892\n|switch|p2a: Kommo-o|Kommo-o, L50, F|100/100\n|switch|p1a: Venusaur|Venusaur, L50, F|100/100\n|switch|p2b: Basculegion|Basculegion, L50, M|100/100\n|turn|3\n|\n|t:|1776086910\n|move|p1a: Venusaur|Sleep Powder|p2a: Kommo-o\n|-status|p2a: Kommo-o|slp|[from] move: Sleep Powder\n|move|p2b: Basculegion|Wave Crash|p1b: Charizard\n|-supereffective|p1b: Charizard|1\n|-damage|p1b: Charizard|0 fnt\n|faint|p1b: Charizard\n|-damage|p2b: Basculegion|75/100|[from] Recoil\n|cant|p2a: Kommo-o|slp\n|\n|-weather|SunnyDay|[upkeep]\n|upkeep\n|\n|t:|1776086920\n|switch|p1b: Garchomp|Garchomp, L50, M|100/100\n|turn|4\n|\n|t:|1776086929\n|move|p1a: Venusaur|Leaf Storm|p2b: Basculegion|[miss]\n|-miss|p1a: Venusaur|p2b: Basculegion\n|move|p1b: Garchomp|Dragon Claw|p2a: Kommo-o\n|-supereffective|p2a: Kommo-o|1\n|-damage|p2a: Kommo-o|18/100 slp\n|move|p2b: Basculegion|Wave Crash|p1b: Garchomp\n|-damage|p1b: Garchomp|60/100\n|-damage|p2b: Basculegion|62/100|[from] ability: Rough Skin|[of] p1b: Garchomp\n|-damage|p2b: Basculegion|50/100|[from] Recoil\n|cant|p2a: Kommo-o|slp\n|\n|-weather|SunnyDay|[upkeep]\n|-heal|p2a: Kommo-o|24/100 slp|[from] item: Leftovers\n|upkeep\n|turn|5\n|\n|t:|1776086951\n|move|p1a: Venusaur|Leaf Storm|p2b: Basculegion\n|-supereffective|p2b: Basculegion|1\n|-damage|p2b: Basculegion|0 fnt\n|-unboost|p1a: Venusaur|spa|2\n|faint|p2b: Basculegion\n|move|p1b: Garchomp|Dragon Claw|p2a: Kommo-o\n|-supereffective|p2a: Kommo-o|1\n|-damage|p2a: Kommo-o|0 fnt\n|faint|p2a: Kommo-o\n|\n|win|tsukifrombilllie\n|raw|tsukifrombilllie's rating: 1097 &rarr; <strong>1128</strong><br />(+31 for winning)\n|raw|santhenix92's rating: 1177 &rarr; <strong>1146</strong><br />(-31 for losing)\n",
  "uploadtime": 1776086960,
  "views": 30,
  "formatid": "gen9championsvgc2026regma",
  "rating": 1128,
  "private": 0,
  "password": null
}