{
  "id": "gen9championsvgc2026regma-2583411612",
  "format": "[Gen 9 Champions] VGC 2026 Reg M-A",
  "players": [
    "kommomaxxing",
    "SrandomG"
  ],
  "log": "|j|\u203dkommomaxxing\n|j|\u2606SrandomG\n|t:|1776173881\n|gametype|doubles\n|player|p1|kommomaxxing|clown|1270\n|player|p2|SrandomG|102|1323\n|gen|9\n|tier|[Gen 9 Champions] VGC 2026 Reg M-A\n|rated|\n|rule|Species Clause: Limit one of each Pok\u00e9mon\n|rule|Item Clause: Limit 1 of each item\n|clearpoke\n|poke|p1|Starmie, L50|\n|poke|p1|Garchomp, L50, M|\n|poke|p1|Archaludon, L50, F|\n|poke|p1|Pelipper, L50, M|\n|poke|p1|Sneasler, L50, F|\n|poke|p1|Conkeldurr, L50, F|\n|poke|p2|Meganium, L50, F|\n|poke|p2|Gyarados, L50, F|\n|poke|p2|Sneasler, L50, F|\n|poke|p2|Aerodactyl, L50, M|\n|poke|p2|Aggron, L50, M|\n|poke|p2|Garchomp, L50, F|\n|teampreview|4\n|\n|t:|1776173928\n|teamsize|p1|4\n|teamsize|p2|4\n|start\n|switch|p1a: Pelipper|Pelipper, L50, M|100/100\n|switch|p1b: Starmie|Starmie, L50|100/100\n|switch|p2a: Aerodactyl|Aerodactyl, L50, M|100/100\n|switch|p2b: Aggron|Aggron, L50, M|100/100\n|-ability|p2a: Aerodactyl|Unnerve\n|-weather|RainDance|[from] ability: Drizzle|[of] p1a: Pelipper\n|turn|1\n|\n|t:|1776173948\n|detailschange|p1b: Starmie|Starmie-Mega, L50\n|-mega|p1b: Starmie|Starmie|Starminite\n|detailschange|p2b: Aggron|Aggron-Mega, L50, M\n|-mega|p2b: Aggron|Aggron|Aggronite\n|move|p2a: Aerodactyl|Rock Slide|p1a: Pelipper|[spread] p1a\n|-miss|p2a: Aerodactyl|p1b: Starmie\n|-supereffective|p1a: Pelipper|1\n|-crit|p1a: Pelipper\n|-damage|p1a: Pelipper|20/100\n|move|p1b: Starmie|Liquidation|p2b: Aggron\n|-damage|p2b: Aggron|51/100\n|move|p1a: Pelipper|Tailwind|p1a: Pelipper\n|-sidestart|p1: kommomaxxing|move: Tailwind\n|move|p2b: Aggron|Iron Defense|p2b: Aggron\n|-boost|p2b: Aggron|def|2\n|\n|-weather|RainDance|[upkeep]\n|upkeep\n|turn|2\n|\n|t:|1776173965\n|move|p1b: Starmie|Liquidation|p2a: Aerodactyl\n|-supereffective|p2a: Aerodactyl|1\n|-enditem|p2a: Aerodactyl|Focus Sash\n|-damage|p2a: Aerodactyl|1/100\n|move|p1a: Pelipper|Hydro Pump|p2b: Aggron\n|-damage|p2b: Aggron|0 fnt\n|faint|p2b: Aggron\n|move|p2a: Aerodactyl|Rock Slide|p1b: Starmie|[spread] p1a,p1b\n|-supereffective|p1a: Pelipper|1\n|-crit|p1b: Starmie\n|-damage|p1a: Pelipper|0 fnt\n|-damage|p1b: Starmie|54/100\n|faint|p1a: Pelipper\n|\n|-weather|RainDance|[upkeep]\n|upkeep\n|\n|t:|1776173973\n|switch|p1a: Archaludon|Archaludon, L50, F|100/100\n|switch|p2b: Gyarados|Gyarados, L50, F|100/100\n|-ability|p2b: Gyarados|Intimidate|boost\n|-unboost|p1a: Archaludon|atk|1\n|-unboost|p1b: Starmie|atk|1\n|turn|3\n|\n|t:|1776173985\n|move|p1b: Starmie|Liquidation|p2a: Aerodactyl\n|-supereffective|p2a: Aerodactyl|1\n|-damage|p2a: Aerodactyl|0 fnt\n|faint|p2a: Aerodactyl\n|move|p1a: Archaludon|Electro Shot||[still]\n|-prepare|p1a: Archaludon|Electro Shot\n|-boost|p1a: Archaludon|spa|1\n|-anim|p1a: Archaludon|Electro Shot|p2b: Gyarados\n|-supereffective|p2b: Gyarados|2\n|-damage|p2b: Gyarados|0 fnt\n|faint|p2b: Gyarados\n|\n|-weather|RainDance|[upkeep]\n|upkeep\n|\n|t:|1776173990\n|switch|p2b: Garchomp|Garchomp, L50, F|100/100\n|turn|4\n|\n|t:|1776173997\n|move|p2b: Garchomp|Protect|p2b: Garchomp\n|-singleturn|p2b: Garchomp|Protect\n|move|p1b: Starmie|Liquidation|p2b: Garchomp\n|-activate|p2b: Garchomp|move: Protect\n|move|p1a: Archaludon|Dragon Pulse|p2b: Garchomp\n|-activate|p2b: Garchomp|move: Protect\n|\n|-weather|RainDance|[upkeep]\n|-sideend|p1: kommomaxxing|move: Tailwind\n|upkeep\n|turn|5\n|\n|t:|1776174010\n|move|p1b: Starmie|Liquidation|p2b: Garchomp\n|-damage|p2b: Garchomp|28/100\n|-damage|p1b: Starmie|42/100|[from] ability: Rough Skin|[of] p2b: Garchomp\n|move|p2b: Garchomp|Earthquake|p1b: Starmie|[spread] p1a,p1b\n|-supereffective|p1a: Archaludon|1\n|-crit|p1b: Starmie\n|-damage|p1a: Archaludon|33/100\n|-damage|p1b: Starmie|0 fnt\n|-ability|p1a: Archaludon|Stamina|boost\n|-boost|p1a: Archaludon|def|1\n|faint|p1b: Starmie\n|move|p1a: Archaludon|Dragon Pulse|p2b: Garchomp\n|-supereffective|p2b: Garchomp|1\n|-damage|p2b: Garchomp|0 fnt\n|faint|p2b: Garchomp\n|\n|win|kommomaxxing\n|raw|kommomaxxing's rating: 1270 &rarr; <strong>1299</strong><br />(+29 for winning)\n|raw|SrandomG's rating: 1323 &rarr; <strong>1300</strong><br />(-23 for losing)\n|l|\u2606SrandomG\n|player|p2|\n",
  "uploadtime": 1776174144,
  "views": 31,
  "formatid": "gen9championsvgc2026regma",
  "rating": 1299,
  "private": 0,
  "password": null
}