{
  "id": "gen9championsvgc2026regma-2582359538",
  "format": "[Gen 9 Champions] VGC 2026 Reg M-A",
  "players": [
    "Brofessor_X1",
    "reggie1000"
  ],
  "log": "|j|\u2606Brofessor_X1\n|j|\u2606reggie1000\n|t:|1776086264\n|gametype|doubles\n|player|p1|Brofessor_X1|266|1057\n|player|p2|reggie1000|1|1091\n|gen|9\n|tier|[Gen 9 Champions] VGC 2026 Reg M-A\n|rated|\n|rule|Species Clause: Limit one of each Pok\u00e9mon\n|rule|Item Clause: Limit 1 of each item\n|clearpoke\n|poke|p1|Archaludon, L50, M|\n|poke|p1|Basculegion, L50, M|\n|poke|p1|Pelipper, L50, M|\n|poke|p1|Gyarados, L50, F|\n|poke|p1|Sneasler, L50, F|\n|poke|p1|Sinistcha, L50|\n|poke|p2|Sinistcha, L50|\n|poke|p2|Milotic, L50, F|\n|poke|p2|Kingambit, L50, M|\n|poke|p2|Incineroar, L50, M|\n|poke|p2|Golurk, L50|\n|poke|p2|Farigiraf, L50, F|\n|teampreview|4\nreggie1000 has agreed to open team sheets.\nBrofessor_X1 rejected open team sheets.\n|inactive|Battle timer is ON: inactive players will automatically lose when time's up. (requested by Brofessor_X1)\n|\n|t:|1776086311\n|teamsize|p1|4\n|teamsize|p2|4\n|start\n|switch|p1a: Pelipper|Pelipper, L50, M|100/100\n|switch|p1b: Gyarados|Gyarados, L50, F|100/100\n|switch|p2a: Sophie|Farigiraf, L50, F|100/100\n|switch|p2b: Kilometric|Milotic, L50, F|100/100\n|-weather|RainDance|[from] ability: Drizzle|[of] p1a: Pelipper\n|turn|1\n|\n|t:|1776086334\n|detailschange|p1b: Gyarados|Gyarados-Mega, L50, F\n|-mega|p1b: Gyarados|Gyarados|Gyaradosite\n|-ability|p1b: Gyarados|Mold Breaker\n|move|p1b: Gyarados|Earthquake|p2a: Sophie|[spread] p2a,p2b\n|-immune|p1a: Pelipper\n|-damage|p2a: Sophie|71/100\n|-damage|p2b: Kilometric|73/100\n|move|p1a: Pelipper|Weather Ball|p2a: Sophie\n|-damage|p2a: Sophie|14/100\n|move|p2b: Kilometric|Ice Beam|p1b: Gyarados\n|-resisted|p1b: Gyarados|1\n|-damage|p1b: Gyarados|92/100\n|move|p2a: Sophie|Trick Room|p2a: Sophie\n|-fieldstart|move: Trick Room|[of] p2a: Sophie\n|\n|-weather|RainDance|[upkeep]\n|-heal|p2b: Kilometric|79/100|[from] item: Leftovers\n|upkeep\n|turn|2\n|\n|t:|1776086355\n|move|p2a: Sophie|Hyper Voice|p1b: Gyarados|[spread] p1a,p1b\n|-damage|p1a: Pelipper|52/100\n|-damage|p1b: Gyarados|73/100\n|move|p2b: Kilometric|Scald|p1b: Gyarados\n|-resisted|p1b: Gyarados|1\n|-damage|p1b: Gyarados|54/100\n|move|p1a: Pelipper|Hurricane|p2b: Kilometric\n|-damage|p2b: Kilometric|50/100\n|-start|p2b: Kilometric|confusion\n|move|p1b: Gyarados|Earthquake|p2a: Sophie|[spread] p2a,p2b\n|-immune|p1a: Pelipper\n|-damage|p2a: Sophie|0 fnt\n|-damage|p2b: Kilometric|20/100\n|faint|p2a: Sophie\n|\n|-weather|RainDance|[upkeep]\n|-heal|p2b: Kilometric|26/100|[from] item: Leftovers\n|upkeep\n|\n|t:|1776086364\n|switch|p2a: Dontcha|Sinistcha, L50|100/100\n|-heal|p2b: Kilometric|51/100|[from] ability: Hospitality|[of] p2a: Dontcha\n|turn|3\n|\n|t:|1776086379\n|move|p2a: Dontcha|Matcha Gotcha|p1a: Pelipper|[spread] p1a\n|-miss|p2a: Dontcha|p1b: Gyarados\n|-crit|p1a: Pelipper\n|-damage|p1a: Pelipper|0 fnt\n|faint|p1a: Pelipper\n|-activate|p2b: Kilometric|confusion\n|move|p2b: Kilometric|Recover|p2b: Kilometric\n|-heal|p2b: Kilometric|100/100\n|move|p1b: Gyarados|Ice Fang|p2a: Dontcha\n|-supereffective|p2a: Dontcha|1\n|-damage|p2a: Dontcha|60/100\n|\n|-weather|RainDance|[upkeep]\n|upkeep\n|\n|t:|1776086391\n|switch|p1a: Sneasler|Sneasler, L50, F|100/100\n|turn|4\n|\n|t:|1776086400\n|move|p1a: Sneasler|Fake Out|p2b: Kilometric\n|-damage|p2b: Kilometric|89/100\n|move|p2a: Dontcha|Rage Powder|p2a: Dontcha\n|-singleturn|p2a: Dontcha|move: Rage Powder\n|cant|p2b: Kilometric|flinch\n|move|p1b: Gyarados|Ice Fang|p2a: Dontcha\n|-supereffective|p2a: Dontcha|1\n|-damage|p2a: Dontcha|13/100\n|-enditem|p2a: Dontcha|Sitrus Berry|[eat]\n|-heal|p2a: Dontcha|38/100|[from] item: Sitrus Berry\n|\n|-weather|RainDance|[upkeep]\n|-heal|p2b: Kilometric|95/100|[from] item: Leftovers\n|upkeep\n|turn|5\n|\n|t:|1776086418\n|move|p2a: Dontcha|Strength Sap|p1b: Gyarados\n|-unboost|p1b: Gyarados|atk|1\n|-heal|p2a: Dontcha|100/100\n|-activate|p2b: Kilometric|confusion\n|move|p2b: Kilometric|Scald|p1a: Sneasler\n|-crit|p1a: Sneasler\n|-damage|p1a: Sneasler|10/100\n|move|p1b: Gyarados|Ice Fang|p2a: Dontcha\n|-supereffective|p2a: Dontcha|1\n|-damage|p2a: Dontcha|69/100\n|move|p1a: Sneasler|Dire Claw|p2b: Kilometric\n|-damage|p2b: Kilometric|57/100\n|\n|-weather|none\n|-heal|p2b: Kilometric|63/100|[from] item: Leftovers\n|-fieldend|move: Trick Room\n|upkeep\n|turn|6\n|inactive|Brofessor_X1 has 30 seconds left.\n|\n|t:|1776086450\n|move|p1b: Gyarados|Protect|p1b: Gyarados\n|-singleturn|p1b: Gyarados|Protect\n|move|p1a: Sneasler|Close Combat|p2b: Kilometric\n|-damage|p2b: Kilometric|10/100\n|-unboost|p1a: Sneasler|def|1\n|-unboost|p1a: Sneasler|spd|1\n|-enditem|p1a: Sneasler|White Herb\n|-clearnegativeboost|p1a: Sneasler|[silent]\n|-activate|p2b: Kilometric|confusion\n|move|p2b: Kilometric|Recover|p2b: Kilometric\n|-heal|p2b: Kilometric|60/100\n|move|p2a: Dontcha|Matcha Gotcha|p1a: Sneasler|[spread] p1a\n|-activate|p1b: Gyarados|move: Protect\n|-resisted|p1a: Sneasler|1\n|-damage|p1a: Sneasler|0 fnt\n|-heal|p2a: Dontcha|74/100|[from] drain|[of] p1a: Sneasler\n|faint|p1a: Sneasler\n|\n|-heal|p2b: Kilometric|66/100|[from] item: Leftovers\n|upkeep\n|\n|t:|1776086468\n|switch|p1a: Basculegion|Basculegion, L50, M|100/100\n|turn|7\n|\n|t:|1776086484\n|move|p2a: Dontcha|Protect|p2a: Dontcha\n|-singleturn|p2a: Dontcha|Protect\n|move|p1b: Gyarados|Ice Fang|p2a: Dontcha\n|-activate|p2a: Dontcha|move: Protect\n|move|p1a: Basculegion|Last Respects|p2b: Kilometric\n|-damage|p2b: Kilometric|0 fnt\n|faint|p2b: Kilometric\n|\n|upkeep\n|\n|t:|1776086491\n|switch|p2b: Hit or Miss|Golurk, L50, shiny|100/100\n|turn|8\n|\n|t:|1776086502\n|detailschange|p2b: Hit or Miss|Golurk-Mega, L50, shiny\n|-mega|p2b: Hit or Miss|Golurk|Golurkite\n|move|p2a: Dontcha|Rage Powder|p2a: Dontcha\n|-singleturn|p2a: Dontcha|move: Rage Powder\n|move|p1b: Gyarados|Ice Fang|p2a: Dontcha\n|-supereffective|p2a: Dontcha|1\n|-damage|p2a: Dontcha|45/100\n|move|p1a: Basculegion|Wave Crash|p2a: Dontcha\n|-resisted|p2a: Dontcha|1\n|-damage|p2a: Dontcha|17/100\n|-damage|p1a: Basculegion|92/100|[from] Recoil\n|move|p2b: Hit or Miss|Poltergeist|p1a: Basculegion\n|-activate|p1a: Basculegion|move: Poltergeist|Mystic Water\n|-supereffective|p1a: Basculegion|1\n|-damage|p1a: Basculegion|0 fnt\n|faint|p1a: Basculegion\n|\n|upkeep\n|turn|9\n|-message|Brofessor_X1 forfeited.\n|\n|win|reggie1000\n|raw|Brofessor_X1's rating: 1057 &rarr; <strong>1040</strong><br />(-17 for losing)\n|raw|reggie1000's rating: 1091 &rarr; <strong>1115</strong><br />(+24 for winning)\n|l|\u2606Brofessor_X1\n|player|p1|\n",
  "uploadtime": 1776086520,
  "views": 15,
  "formatid": "gen9championsvgc2026regma",
  "rating": 1040,
  "private": 0,
  "password": null
}