{
  "id": "gen9championsvgc2026regma-2588277406",
  "format": "[Gen 9 Champions] VGC 2026 Reg M-A",
  "players": [
    "LyleHater229",
    "DavidTIS"
  ],
  "log": "|j|\u2606LyleHater229\n|j|\u2606DavidTIS\n|t:|1776620334\n|gametype|doubles\n|player|p1|LyleHater229|blue|1172\n|player|p2|DavidTIS|1|1144\n|gen|9\n|tier|[Gen 9 Champions] VGC 2026 Reg M-A\n|rated|\n|rule|Species Clause: Limit one of each Pok\u00e9mon\n|rule|Item Clause: Limit 1 of each item\n|clearpoke\n|poke|p1|Tyranitar, L50, M, shiny|\n|poke|p1|Excadrill, L50, F|\n|poke|p1|Milotic, L50, F|\n|poke|p1|Dragonite, L50, F|\n|poke|p1|Aegislash, L50, F|\n|poke|p1|Heliolisk, L50, F|\n|poke|p2|Starmie, L50|\n|poke|p2|Lucario, L50, M|\n|poke|p2|Zoroark-Hisui, L50, M|\n|poke|p2|Lycanroc-Dusk, L50, F|\n|poke|p2|Skarmory, L50, F|\n|poke|p2|Hydreigon, L50, F|\n|teampreview|4\n|inactive|Battle timer is ON: inactive players will automatically lose when time's up. (requested by DavidTIS)\n|inactive|LyleHater229 has 60 seconds left.\n|inactive|DavidTIS has 60 seconds left.\n|inactive|DavidTIS has 30 seconds left.\n|\n|t:|1776620395\n|teamsize|p1|4\n|teamsize|p2|4\n|start\n|switch|p1a: Dragonite|Dragonite, L50, F|100/100\n|switch|p1b: Excadrill|Excadrill, L50, F|100/100\n|switch|p2a: Hydreigon|Hydreigon, L50, F|100/100\n|switch|p2b: Starmie|Starmie, L50|100/100\n|turn|1\n|inactive|DavidTIS has 30 seconds left.\n|inactive|DavidTIS has 20 seconds left.\n|\n|t:|1776620430\n|detailschange|p2b: Starmie|Starmie-Mega, L50\n|-mega|p2b: Starmie|Starmie|Starminite\n|move|p1b: Excadrill|Protect|p1b: Excadrill\n|-singleturn|p1b: Excadrill|Protect\n|move|p2b: Starmie|Ice Spinner|p1a: Dragonite\n|-supereffective|p1a: Dragonite|2\n|-damage|p1a: Dragonite|0 fnt\n|faint|p1a: Dragonite\n|move|p2a: Hydreigon|Draco Meteor|p1b: Excadrill\n|-activate|p1b: Excadrill|move: Protect\n|\n|upkeep\n|\n|t:|1776620442\n|switch|p1a: Aegislash|Aegislash, L50, F|100/100\n|turn|2\n|inactive|LyleHater229 has 30 seconds left.\n|inactive|LyleHater229 has 20 seconds left.\n|\n|t:|1776620477\n|move|p1a: Aegislash|King's Shield|p1a: Aegislash\n|-singleturn|p1a: Aegislash|Protect\n|move|p2b: Starmie|Liquidation|p1b: Excadrill\n|-supereffective|p1b: Excadrill|1\n|-enditem|p1b: Excadrill|Focus Sash\n|-damage|p1b: Excadrill|1/100\n|move|p2a: Hydreigon|Dark Pulse|p1a: Aegislash\n|-activate|p1a: Aegislash|move: Protect\n|move|p1b: Excadrill|High Horsepower|p2a: Hydreigon\n|-immune|p2a: Hydreigon|[from] ability: Levitate\n|\n|upkeep\n|turn|3\n|\n|t:|1776620500\n|switch|p1b: Tyranitar|Tyranitar, L50, M, shiny|100/100\n|-weather|Sandstorm|[from] ability: Sand Stream|[of] p1b: Tyranitar\n|move|p2b: Starmie|Liquidation|p1b: Tyranitar\n|-supereffective|p1b: Tyranitar|1\n|-damage|p1b: Tyranitar|0 fnt\n|faint|p1b: Tyranitar\n|move|p2a: Hydreigon|Dark Pulse|p1a: Aegislash\n|-supereffective|p1a: Aegislash|1\n|-damage|p1a: Aegislash|21/100\n|-enditem|p1a: Aegislash|Sitrus Berry|[eat]\n|-heal|p1a: Aegislash|46/100|[from] item: Sitrus Berry\n|-formechange|p1a: Aegislash|Aegislash-Blade|\n|move|p1a: Aegislash|Poltergeist|p2b: Starmie\n|-activate|p2b: Starmie|move: Poltergeist|Starminite\n|-supereffective|p2b: Starmie|1\n|-damage|p2b: Starmie|0 fnt\n|faint|p2b: Starmie\n|\n|-weather|Sandstorm|[upkeep]\n|-damage|p2a: Hydreigon|95/100|[from] Sandstorm\n|upkeep\n|\n|t:|1776620521\n|switch|p2b: Lucario|Lucario, L50, M|100/100\n|switch|p1b: Excadrill|Excadrill, L50, F|1/100\n|turn|4\n|\n|t:|1776620531\n|-formechange|p1a: Aegislash|Aegislash|\n|move|p1a: Aegislash|King's Shield|p1a: Aegislash\n|-singleturn|p1a: Aegislash|Protect\n|move|p2b: Lucario|Vacuum Wave|p1b: Excadrill\n|-supereffective|p1b: Excadrill|1\n|-damage|p1b: Excadrill|0 fnt\n|faint|p1b: Excadrill\n|move|p2a: Hydreigon|Dark Pulse|p1a: Aegislash\n|-activate|p1a: Aegislash|move: Protect\n|\n|-weather|Sandstorm|[upkeep]\n|-damage|p2a: Hydreigon|89/100|[from] Sandstorm\n|upkeep\n|turn|5\n|-message|LyleHater229 forfeited.\n|\n|win|DavidTIS\n|raw|LyleHater229's rating: 1172 &rarr; <strong>1145</strong><br />(-27 for losing)\n|raw|DavidTIS's rating: 1144 &rarr; <strong>1171</strong><br />(+27 for winning)\n|l|\u2606LyleHater229\n|player|p1|\n",
  "uploadtime": 1776620544,
  "views": 10,
  "formatid": "gen9championsvgc2026regma",
  "rating": 1145,
  "private": 0,
  "password": null
}