{
  "id": "gen9championsvgc2026regma-2584737326",
  "format": "[Gen 9 Champions] VGC 2026 Reg M-A",
  "players": [
    "nickdibaudo",
    "creeperconstable"
  ],
  "log": "|j|\u2606nickdibaudo\n|j|\u2606creeperconstable\n|t:|1776280116\n|gametype|doubles\n|player|p1|nickdibaudo|101|1214\n|player|p2|creeperconstable|drayden|1172\n|gen|9\n|tier|[Gen 9 Champions] VGC 2026 Reg M-A\n|rated|\n|rule|Species Clause: Limit one of each Pok\u00e9mon\n|rule|Item Clause: Limit 1 of each item\n|clearpoke\n|poke|p1|Farigiraf, L50, M|\n|poke|p1|Kingambit, L50, F|\n|poke|p1|Sinistcha, L50|\n|poke|p1|Archaludon, L50, F|\n|poke|p1|Blastoise, L50, F|\n|poke|p1|Pelipper, L50, M|\n|poke|p2|Blastoise, L50, M|\n|poke|p2|Tauros-Paldea-Blaze, L50, M|\n|poke|p2|Sinistcha, L50|\n|poke|p2|Pelipper, L50, F|\n|poke|p2|Aggron, L50, M|\n|poke|p2|Krookodile, L50, M|\n|teampreview|4\n|inactive|Battle timer is ON: inactive players will automatically lose when time's up. (requested by creeperconstable)\n|inactive|nickdibaudo has 60 seconds left.\n|inactive|nickdibaudo has 30 seconds left.\n|inactive|nickdibaudo has 20 seconds left.\n|inactive|nickdibaudo has 15 seconds left.\n|inactive|nickdibaudo has 10 seconds left.\n|inactive|nickdibaudo has 5 seconds left.\n|\n|t:|1776280297\n|teamsize|p1|4\n|teamsize|p2|4\n|start\n|switch|p1a: Farigiraf|Farigiraf, L50, M|100/100\n|switch|p1b: Kingambit|Kingambit, L50, F|100/100\n|switch|p2a: Aggron|Aggron, L50, M|100/100\n|switch|p2b: Sinistcha|Sinistcha, L50|100/100\n|turn|1\n|inactive|nickdibaudo has 30 seconds left.\n|inactive|creeperconstable has 30 seconds left.\n|inactive|nickdibaudo has 20 seconds left.\n|inactive|nickdibaudo has 15 seconds left.\n|inactive|nickdibaudo has 10 seconds left.\n|inactive|nickdibaudo has 5 seconds left.\n|\n|t:|1776280353\n|detailschange|p2a: Aggron|Aggron-Mega, L50, M\n|-mega|p2a: Aggron|Aggron|Aggronite\n|move|p2b: Sinistcha|Protect|p2b: Sinistcha\n|-singleturn|p2b: Sinistcha|Protect\n|move|p1a: Farigiraf|Hyper Voice|p2a: Aggron|[spread] p2a\n|-activate|p2b: Sinistcha|move: Protect\n|-resisted|p2a: Aggron|1\n|-damage|p2a: Aggron|90/100\n|move|p1b: Kingambit|Kowtow Cleave|p2a: Aggron\n|-damage|p2a: Aggron|61/100\n|move|p2a: Aggron|Iron Defense|p2a: Aggron\n|-boost|p2a: Aggron|def|2\n|\n|upkeep\n|turn|2\n|inactive|creeperconstable has 30 seconds left.\n|\n|t:|1776280383\n|switch|p2b: Pelipper|Pelipper, L50, F|100/100\n|-weather|RainDance|[from] ability: Drizzle|[of] p2b: Pelipper\n|move|p1b: Kingambit|Low Kick|p2a: Aggron\n|-supereffective|p2a: Aggron|1\n|-damage|p2a: Aggron|42/100\n|move|p2a: Aggron|Iron Defense|p2a: Aggron\n|-boost|p2a: Aggron|def|2\n|move|p1a: Farigiraf|Trick Room|p1a: Farigiraf\n|-fieldstart|move: Trick Room|[of] p1a: Farigiraf\n|\n|-weather|RainDance|[upkeep]\n|upkeep\n|turn|3\n|inactive|creeperconstable has 30 seconds left.\n|\n|t:|1776280409\n|switch|p2b: Sinistcha|Sinistcha, L50|100/100\n|-heal|p2a: Aggron|67/100|[from] ability: Hospitality|[of] p2b: Sinistcha\n|move|p1b: Kingambit|Sucker Punch||[still]\n|-fail|p1b: Kingambit\n|move|p2a: Aggron|Iron Defense|p2a: Aggron\n|-boost|p2a: Aggron|def|2\n|move|p1a: Farigiraf|Hyper Voice|p2b: Sinistcha|[spread] p2a\n|-immune|p2b: Sinistcha\n|-resisted|p2a: Aggron|1\n|-damage|p2a: Aggron|57/100\n|\n|-weather|RainDance|[upkeep]\n|upkeep\n|turn|4\n|\n|t:|1776280432\n|switch|p2b: Pelipper|Pelipper, L50, F|100/100\n|move|p1a: Farigiraf|Helping Hand|p1b: Kingambit\n|-singleturn|p1b: Kingambit|Helping Hand|[of] p1a: Farigiraf\n|move|p2a: Aggron|Body Press|p1a: Farigiraf\n|-damage|p1a: Farigiraf|0 fnt\n|faint|p1a: Farigiraf\n|move|p1b: Kingambit|Kowtow Cleave|p2a: Aggron\n|-damage|p2a: Aggron|45/100\n|\n|-weather|RainDance|[upkeep]\n|upkeep\n|\n|t:|1776280448\n|switch|p1a: Archaludon|Archaludon, L50, F|100/100\n|turn|5\n|\n|t:|1776280456\n|switch|p2b: Sinistcha|Sinistcha, L50|100/100\n|-heal|p2a: Aggron|70/100|[from] ability: Hospitality|[of] p2b: Sinistcha\n|move|p2a: Aggron|Body Press|p1a: Archaludon\n|-supereffective|p1a: Archaludon|1\n|-damage|p1a: Archaludon|0 fnt\n|faint|p1a: Archaludon\n|move|p1b: Kingambit|Kowtow Cleave|p2a: Aggron\n|-damage|p2a: Aggron|62/100\n|\n|-weather|RainDance|[upkeep]\n|upkeep\n|inactive|nickdibaudo has 30 seconds left.\n|inactive|nickdibaudo has 20 seconds left.\n|inactive|nickdibaudo has 15 seconds left.\n|\n|t:|1776280499\n|switch|p1a: Sinistcha|Sinistcha, L50|100/100\n|turn|6\n|\n|t:|1776280512\n|move|p1a: Sinistcha|Rage Powder|p1a: Sinistcha\n|-singleturn|p1a: Sinistcha|move: Rage Powder\n|move|p1b: Kingambit|Kowtow Cleave|p2b: Sinistcha\n|-supereffective|p2b: Sinistcha|1\n|-damage|p2b: Sinistcha|6/100\n|-enditem|p2b: Sinistcha|Sitrus Berry|[eat]\n|-heal|p2b: Sinistcha|31/100|[from] item: Sitrus Berry\n|move|p2a: Aggron|Heavy Slam|p1a: Sinistcha\n|-damage|p1a: Sinistcha|51/100\n|move|p2b: Sinistcha|Shadow Ball|p1a: Sinistcha\n|-supereffective|p1a: Sinistcha|1\n|-damage|p1a: Sinistcha|0 fnt\n|faint|p1a: Sinistcha\n|\n|-weather|none\n|-fieldend|move: Trick Room\n|upkeep\n|turn|7\n|\n|t:|1776280525\n|move|p2b: Sinistcha|Matcha Gotcha|p1b: Kingambit\n|-resisted|p1b: Kingambit|1\n|-damage|p1b: Kingambit|85/100\n|-heal|p2b: Sinistcha|40/100|[from] drain|[of] p1b: Kingambit\n|move|p1b: Kingambit|Kowtow Cleave|p2a: Aggron\n|-damage|p2a: Aggron|53/100\n|move|p2a: Aggron|Body Press|p1b: Kingambit\n|-supereffective|p1b: Kingambit|2\n|-damage|p1b: Kingambit|0 fnt\n|faint|p1b: Kingambit\n|\n|win|creeperconstable\n|raw|nickdibaudo's rating: 1214 &rarr; <strong>1186</strong><br />(-28 for losing)\n|raw|creeperconstable's rating: 1172 &rarr; <strong>1200</strong><br />(+28 for winning)\n",
  "uploadtime": 1776280543,
  "views": 30,
  "formatid": "gen9championsvgc2026regma",
  "rating": 1186,
  "private": 0,
  "password": null
}