{
  "id": "gen9championsvgc2026regma-2585075143",
  "format": "[Gen 9 Champions] VGC 2026 Reg M-A",
  "players": [
    "Hi jump kicker",
    "xylyxmm"
  ],
  "log": "|j|\u2606Hi jump kicker\n|j|\u2606xylyxmm\n|t:|1776309171\n|gametype|doubles\n|player|p1|Hi jump kicker|psychicf-gen4|1213\n|player|p2|xylyxmm|roxie|1213\n|gen|9\n|tier|[Gen 9 Champions] VGC 2026 Reg M-A\n|rated|\n|rule|Species Clause: Limit one of each Pok\u00e9mon\n|rule|Item Clause: Limit 1 of each item\n|clearpoke\n|poke|p1|Altaria, L50, F|\n|poke|p1|Arcanine, L50, F|\n|poke|p1|Basculegion-F, L50, F|\n|poke|p1|Meowscarada, L50, F|\n|poke|p1|Aegislash, L50, M|\n|poke|p1|Sylveon, L50, M|\n|poke|p2|Archaludon, L50, F|\n|poke|p2|Basculegion, L50, M|\n|poke|p2|Pelipper, L50, M|\n|poke|p2|Gengar, L50, M|\n|poke|p2|Lucario, L50, F|\n|poke|p2|Whimsicott, L50, F|\n|teampreview|4\n|\n|t:|1776309200\n|teamsize|p1|4\n|teamsize|p2|4\n|start\n|switch|p1a: Arcanine|Arcanine, L50, F|100/100\n|switch|p1b: Basculegion|Basculegion-F, L50, F|100/100\n|switch|p2a: Gengar|Gengar, L50, M|100/100\n|switch|p2b: Archaludon|Archaludon, L50, F|100/100\n|-ability|p1a: Arcanine|Intimidate|boost\n|-unboost|p2a: Gengar|atk|1\n|-unboost|p2b: Archaludon|atk|1\n|turn|1\n|\n|t:|1776309229\n|switch|p2b: Pelipper|Pelipper, L50, M|100/100\n|-weather|RainDance|[from] ability: Drizzle|[of] p2b: Pelipper\n|detailschange|p2a: Gengar|Gengar-Mega, L50, M\n|-mega|p2a: Gengar|Gengar|Gengarite\n|move|p2a: Gengar|Shadow Ball|p1b: Basculegion\n|-supereffective|p1b: Basculegion|1\n|-damage|p1b: Basculegion|0 fnt\n|faint|p1b: Basculegion\n|move|p1a: Arcanine|Close Combat|p2b: Pelipper\n|-resisted|p2b: Pelipper|1\n|-damage|p2b: Pelipper|78/100\n|-unboost|p1a: Arcanine|def|1\n|-unboost|p1a: Arcanine|spd|1\n|\n|-weather|RainDance|[upkeep]\n|-heal|p2b: Pelipper|84/100|[from] item: Leftovers\n|upkeep\n|inactive|Battle timer is ON: inactive players will automatically lose when time's up. (requested by xylyxmm)\n|\n|t:|1776309252\n|switch|p1b: Meowscarada|Meowscarada, L50, F|100/100\n|turn|2\n|inactive|xylyxmm has 30 seconds left.\n|\n|t:|1776309277\n|switch|p2a: Archaludon|Archaludon, L50, F|100/100\n|move|p1a: Arcanine|Extreme Speed|p2b: Pelipper\n|-damage|p2b: Pelipper|49/100\n|move|p1b: Meowscarada|Knock Off|p2b: Pelipper\n|-start|p1b: Meowscarada|typechange|Dark|[from] ability: Protean\n|-damage|p2b: Pelipper|0 fnt\n|-enditem|p2b: Pelipper|Leftovers|[from] move: Knock Off|[of] p1b: Meowscarada\n|faint|p2b: Pelipper\n|\n|-weather|RainDance|[upkeep]\n|upkeep\n|\n|t:|1776309293\n|switch|p2b: Basculegion|Basculegion, L50, M|100/100\n|turn|3\n|\n|t:|1776309303\n|switch|p1a: Altaria|Altaria, L50, F|100/100\n|-ability|p1a: Altaria|Cloud Nine\n|move|p1b: Meowscarada|Knock Off|p2b: Basculegion\n|-supereffective|p2b: Basculegion|1\n|-damage|p2b: Basculegion|0 fnt\n|-enditem|p2b: Basculegion|Mystic Water|[from] move: Knock Off|[of] p1b: Meowscarada\n|faint|p2b: Basculegion\n|move|p2a: Archaludon|Electro Shot||[still]\n|-prepare|p2a: Archaludon|Electro Shot\n|-boost|p2a: Archaludon|spa|1\n|\n|-weather|RainDance|[upkeep]\n|upkeep\n|\n|t:|1776309310\n|switch|p2b: Gengar|Gengar-Mega, L50, M|100/100\n|turn|4\n|inactive|Hi jump kicker has 30 seconds left.\n|\n|t:|1776309339\n|move|p1a: Altaria|Protect|p1a: Altaria\n|-singleturn|p1a: Altaria|Protect\n|move|p1b: Meowscarada|Knock Off|p2b: Gengar\n|-supereffective|p2b: Gengar|1\n|-damage|p2b: Gengar|0 fnt\n|faint|p2b: Gengar\n|move|p2a: Archaludon|Electro Shot|p1a: Altaria|[from] lockedmove\n|-activate|p1a: Altaria|move: Protect\n|\n|-weather|RainDance|[upkeep]\n|upkeep\n|turn|5\n|-message|xylyxmm forfeited.\n|\n|win|Hi jump kicker\n|raw|Hi jump kicker's rating: 1213 &rarr; <strong>1238</strong><br />(+25 for winning)\n|raw|xylyxmm's rating: 1213 &rarr; <strong>1188</strong><br />(-25 for losing)\n|l|\u2606xylyxmm\n|player|p2|\n",
  "uploadtime": 1776309352,
  "views": 45,
  "formatid": "gen9championsvgc2026regma",
  "rating": 1188,
  "private": 0,
  "password": null
}