{
  "id": "gen9championsvgc2026regma-2588431145",
  "format": "[Gen 9 Champions] VGC 2026 Reg M-A",
  "players": [
    "skarmoryplays",
    "kkkuka"
  ],
  "log": "|j|\u2606skarmoryplays\n|j|\u2606kkkuka\n|t:|1776632931\n|gametype|doubles\n|player|p1|skarmoryplays|266|1139\n|player|p2|kkkuka|170|1108\n|gen|9\n|tier|[Gen 9 Champions] VGC 2026 Reg M-A\n|rated|\n|rule|Species Clause: Limit one of each Pok\u00e9mon\n|rule|Item Clause: Limit 1 of each item\n|clearpoke\n|poke|p1|Crabominable, L50, F|\n|poke|p1|Slowking-Galar, L50, F|\n|poke|p1|Kingambit, L50, F|\n|poke|p1|Primarina, L50, F, shiny|\n|poke|p1|Incineroar, L50, F|\n|poke|p1|Sinistcha, L50|\n|poke|p2|Charizard, L50, M|\n|poke|p2|Kingambit, L50, M|\n|poke|p2|Incineroar, L50, F|\n|poke|p2|Floette-Eternal, L50, F|\n|poke|p2|Aerodactyl, L50, M|\n|poke|p2|Sneasler, L50, M|\n|teampreview|4\n|inactive|Battle timer is ON: inactive players will automatically lose when time's up. (requested by skarmoryplays)\nskarmoryplays rejected open team sheets.\n|inactive|skarmoryplays has 60 seconds left.\n|inactive|kkkuka has 60 seconds left.\n|inactive|kkkuka has 30 seconds left.\n|inactive|kkkuka has 20 seconds left.\n|inactive|kkkuka has 15 seconds left.\n|inactive|kkkuka has 10 seconds left.\n|inactive|kkkuka has 5 seconds left.\n|\n|t:|1776633021\n|teamsize|p1|4\n|teamsize|p2|4\n|start\n|switch|p1a: K I N G|Slowking-Galar, L50, F|100/100\n|switch|p1b: cup of gooshiii|Sinistcha, L50|100/100\n|switch|p2a: Incineroar|Incineroar, L50, F|100/100\n|switch|p2b: Floette|Floette-Eternal, L50, F|100/100\n|-ability|p2a: Incineroar|Intimidate|boost\n|-unboost|p1a: K I N G|atk|1\n|-unboost|p1b: cup of gooshiii|atk|1\n|turn|1\n|inactive|skarmoryplays has 30 seconds left.\n|inactive|skarmoryplays has 20 seconds left.\n|inactive|kkkuka has 30 seconds left.\n|inactive|skarmoryplays has 15 seconds left.\n|\n|t:|1776633063\n|detailschange|p2b: Floette|Floette-Mega, L50, F\n|-mega|p2b: Floette|Floette|Floettite\n|-ability|p2b: Floette|Fairy Aura\n|move|p2a: Incineroar|Fake Out|p1a: K I N G\n|-damage|p1a: K I N G|91/100\n|move|p1b: cup of gooshiii|Rage Powder|p1b: cup of gooshiii\n|-singleturn|p1b: cup of gooshiii|move: Rage Powder\n|move|p2b: Floette|Calm Mind|p2b: Floette\n|-boost|p2b: Floette|spa|1\n|-boost|p2b: Floette|spd|1\n|cant|p1a: K I N G|flinch\n|\n|upkeep\n|turn|2\n|\n|t:|1776633083\n|move|p2b: Floette|Protect|p2b: Floette\n|-singleturn|p2b: Floette|Protect\n|move|p2a: Incineroar|Flare Blitz|p1b: cup of gooshiii\n|-supereffective|p1b: cup of gooshiii|1\n|-damage|p1b: cup of gooshiii|19/100\n|-status|p1b: cup of gooshiii|brn\n|-damage|p2a: Incineroar|77/100|[from] Recoil\n|-prepare|p1a: K I N G|Chilly Reception|[premajor]\n|move|p1a: K I N G|Chilly Reception|p1a: K I N G\n|-weather|Snowscape\n|\n|t:|1776633095\n|switch|p1a: C R A B|Crabominable, L50, F|100/100|[from] Chilly Reception\n|move|p1b: cup of gooshiii|Trick Room|p1b: cup of gooshiii\n|-fieldstart|move: Trick Room|[of] p1b: cup of gooshiii\n|\n|-weather|Snowscape|[upkeep]\n|-damage|p1b: cup of gooshiii|13/100 brn|[from] brn\n|upkeep\n|turn|3\n|inactive|kkkuka has 30 seconds left.\n|inactive|kkkuka has 20 seconds left.\n|\n|t:|1776633130\n|switch|p2b: Aerodactyl|Aerodactyl, L50, M|100/100\n|-ability|p2b: Aerodactyl|Unnerve\n|detailschange|p1a: C R A B|Crabominable-Mega, L50, F\n|-mega|p1a: C R A B|Crabominable|Crabominite\n|move|p1b: cup of gooshiii|Rage Powder|p1b: cup of gooshiii\n|-singleturn|p1b: cup of gooshiii|move: Rage Powder\n|move|p1a: C R A B|Ice Hammer|p2b: Aerodactyl\n|-supereffective|p2b: Aerodactyl|1\n|-enditem|p2b: Aerodactyl|Focus Sash\n|-damage|p2b: Aerodactyl|1/100\n|-unboost|p1a: C R A B|spe|1\n|move|p2a: Incineroar|Throat Chop|p1b: cup of gooshiii\n|-supereffective|p1b: cup of gooshiii|1\n|-damage|p1b: cup of gooshiii|0 fnt\n|faint|p1b: cup of gooshiii\n|\n|-weather|Snowscape|[upkeep]\n|upkeep\n|\n|t:|1776633145\n|switch|p1b: Blondie|Primarina, L50, F, shiny|100/100\n|turn|4\n|\n|t:|1776633165\n|move|p1a: C R A B|Protect|p1a: C R A B\n|-singleturn|p1a: C R A B|Protect\n|move|p2b: Aerodactyl|Protect|p2b: Aerodactyl\n|-singleturn|p2b: Aerodactyl|Protect\n|move|p2a: Incineroar|Flare Blitz|p1a: C R A B\n|-activate|p1a: C R A B|move: Protect\n|move|p1b: Blondie|Calm Mind|p1b: Blondie\n|-boost|p1b: Blondie|spa|1\n|-boost|p1b: Blondie|spd|1\n|\n|-weather|Snowscape|[upkeep]\n|upkeep\n|turn|5\n|\n|t:|1776633184\n|move|p1a: C R A B|Mach Punch|p2b: Aerodactyl\n|-damage|p2b: Aerodactyl|0 fnt\n|faint|p2b: Aerodactyl\n|move|p2a: Incineroar|Flare Blitz|p1b: Blondie\n|-resisted|p1b: Blondie|1\n|-crit|p1b: Blondie\n|-damage|p1b: Blondie|58/100\n|-damage|p2a: Incineroar|64/100|[from] Recoil\n|move|p1b: Blondie|Hyper Voice|p2a: Incineroar\n|-supereffective|p2a: Incineroar|1\n|-damage|p2a: Incineroar|0 fnt\n|faint|p2a: Incineroar\n|\n|-weather|Snowscape|[upkeep]\n|-heal|p1b: Blondie|64/100|[from] item: Leftovers\n|upkeep\n|\n|t:|1776633188\n|switch|p2a: Floette|Floette-Mega, L50, F|100/100\n|switch|p2b: Sneasler|Sneasler, L50, M|100/100\n|-ability|p2a: Floette|Fairy Aura\n|turn|6\n|\n|t:|1776633209\n|move|p2a: Floette|Protect|p2a: Floette\n|-singleturn|p2a: Floette|Protect\n|move|p2b: Sneasler|Fake Out|p1b: Blondie\n|-damage|p1b: Blondie|47/100\n|move|p1a: C R A B|Ice Hammer|p2b: Sneasler\n|-damage|p2b: Sneasler|0 fnt\n|-unboost|p1a: C R A B|spe|1\n|faint|p2b: Sneasler\n|cant|p1b: Blondie|flinch\n|\n|-weather|none\n|-heal|p1b: Blondie|53/100|[from] item: Leftovers\n|-fieldend|move: Trick Room\n|upkeep\n|turn|7\n|\n|t:|1776633222\n|move|p1a: C R A B|Protect|p1a: C R A B\n|-singleturn|p1a: C R A B|Protect\n|move|p2a: Floette|Moonblast|p1b: Blondie\n|-damage|p1b: Blondie|8/100\n|move|p1b: Blondie|Moonblast|p2a: Floette\n|-damage|p2a: Floette|23/100\n|-unboost|p2a: Floette|spa|1\n|\n|-heal|p1b: Blondie|14/100|[from] item: Leftovers\n|upkeep\n|turn|8\n|\n|t:|1776633236\n|move|p1b: Blondie|Protect|p1b: Blondie\n|-singleturn|p1b: Blondie|Protect\n|move|p1a: C R A B|Mach Punch|p2a: Floette\n|-resisted|p2a: Floette|1\n|-damage|p2a: Floette|7/100\n|move|p2a: Floette|Dazzling Gleam|p1b: Blondie|[spread] p1a\n|-activate|p1b: Blondie|move: Protect\n|-supereffective|p1a: C R A B|1\n|-damage|p1a: C R A B|53/100\n|\n|-heal|p1b: Blondie|20/100|[from] item: Leftovers\n|upkeep\n|turn|9\n|-message|kkkuka forfeited.\n|\n|win|skarmoryplays\n|raw|skarmoryplays's rating: 1139 &rarr; <strong>1162</strong><br />(+23 for winning)\n|raw|kkkuka's rating: 1108 &rarr; <strong>1085</strong><br />(-23 for losing)\n|l|\u2606kkkuka\n|player|p2|\n",
  "uploadtime": 1776633247,
  "views": 11,
  "formatid": "gen9championsvgc2026regma",
  "rating": 1085,
  "private": 0,
  "password": null
}