{
  "id": "gen9championsvgc2026regma-2585081814",
  "format": "[Gen 9 Champions] VGC 2026 Reg M-A",
  "players": [
    "Newdean",
    "Grade a type b"
  ],
  "log": "|j|\u2606Newdean\n|j|\u2606Grade a type b\n|t:|1776309831\n|gametype|doubles\n|player|p1|Newdean|swimmerf-gen4|1360\n|player|p2|Grade a type b|102|1380\n|gen|9\n|tier|[Gen 9 Champions] VGC 2026 Reg M-A\n|rated|\n|rule|Species Clause: Limit one of each Pok\u00e9mon\n|rule|Item Clause: Limit 1 of each item\n|clearpoke\n|poke|p1|Floette-Eternal, L50, F|\n|poke|p1|Incineroar, L50, F|\n|poke|p1|Aerodactyl, L50, F|\n|poke|p1|Basculegion, L50, M|\n|poke|p1|Delphox, L50, M|\n|poke|p1|Garchomp, L50, F|\n|poke|p2|Charizard, L50, M|\n|poke|p2|Rotom-Wash, L50|\n|poke|p2|Kingambit, L50, F|\n|poke|p2|Garchomp, L50, M|\n|poke|p2|Gardevoir, L50, F|\n|poke|p2|Venusaur, L50, M|\n|teampreview|4\n|inactive|Battle timer is ON: inactive players will automatically lose when time's up. (requested by Grade a type b)\n|l|\u2606Grade a type b\n|inactive|Grade a type b disconnected and has a minute to reconnect!\n|player|p2|\n|inactive|Newdean has 60 seconds left.\n|j|\u2606Grade a type b\n|inactive|Grade a type b reconnected and has 60 seconds left.\n|player|p2|Grade a type b|102|\n|j| CARtu348rjf90\nNewdean rejected open team sheets.\n|inactive|Grade a type b has 30 seconds left.\n|inactive|Grade a type b has 20 seconds left.\n|inactive|Grade a type b has 15 seconds left.\n|inactive|Grade a type b has 10 seconds left.\n|\n|t:|1776309912\n|teamsize|p1|4\n|teamsize|p2|4\n|start\n|switch|p1a: Garchomp|Garchomp, L50, F|100/100\n|switch|p1b: Aerodactyl|Aerodactyl, L50, F|100/100\n|switch|p2a: Rotom|Rotom-Wash, L50|100/100\n|switch|p2b: Kingambit|Kingambit, L50, F|100/100\n|-ability|p1b: Aerodactyl|Unnerve\n|turn|1\n|\n|t:|1776309931\n|move|p2b: Kingambit|Protect|p2b: Kingambit\n|-singleturn|p2b: Kingambit|Protect\n|move|p1b: Aerodactyl|Tailwind|p1b: Aerodactyl\n|-sidestart|p1: Newdean|move: Tailwind\n|move|p1a: Garchomp|Earthquake|p2b: Kingambit|[spread] \n|-activate|p2b: Kingambit|move: Protect\n|-immune|p1b: Aerodactyl\n|-immune|p2a: Rotom|[from] ability: Levitate\n|move|p2a: Rotom|Will-O-Wisp|p1a: Garchomp|[miss]\n|-miss|p2a: Rotom|p1a: Garchomp\n|\n|upkeep\n|turn|2\n|\n|t:|1776309947\n|move|p1b: Aerodactyl|Rock Slide|p2b: Kingambit|[spread] p2a\n|-miss|p1b: Aerodactyl|p2b: Kingambit\n|-damage|p2a: Rotom|74/100\n|move|p1a: Garchomp|Earthquake|p2b: Kingambit|[spread] p2b\n|-immune|p1b: Aerodactyl\n|-immune|p2a: Rotom|[from] ability: Levitate\n|-supereffective|p2b: Kingambit|1\n|-damage|p2b: Kingambit|36/100\n|move|p2a: Rotom|Will-O-Wisp|p1a: Garchomp|[miss]\n|-miss|p2a: Rotom|p1a: Garchomp\n|move|p2b: Kingambit|Iron Head|p1b: Aerodactyl\n|-supereffective|p1b: Aerodactyl|1\n|-enditem|p1b: Aerodactyl|Focus Sash\n|-damage|p1b: Aerodactyl|1/100\n|\n|upkeep\n|turn|3\n|c|\u2606Grade a type b|Lol fucking l\n|inactive|Newdean has 30 seconds left.\n|\n|t:|1776309976\n|move|p1b: Aerodactyl|Protect|p1b: Aerodactyl\n|-singleturn|p1b: Aerodactyl|Protect\n|move|p2b: Kingambit|Sucker Punch||[still]\n|-fail|p2b: Kingambit\n|move|p1a: Garchomp|Earthquake|p2b: Kingambit|[spread] p2b\n|-activate|p1b: Aerodactyl|move: Protect\n|-immune|p2a: Rotom|[from] ability: Levitate\n|-supereffective|p2b: Kingambit|1\n|-damage|p2b: Kingambit|0 fnt\n|faint|p2b: Kingambit\n|move|p2a: Rotom|Will-O-Wisp|p1a: Garchomp\n|-status|p1a: Garchomp|brn\n|\n|-damage|p1a: Garchomp|95/100 brn|[from] brn\n|upkeep\n|\n|t:|1776309984\n|switch|p2b: Charizard|Charizard, L50, M|100/100\n|turn|4\n|\n|t:|1776310000\n|detailschange|p2b: Charizard|Charizard-Mega-Y, L50, M\n|-mega|p2b: Charizard|Charizard|Charizardite Y\n|-weather|SunnyDay|[from] ability: Drought|[of] p2b: Charizard\n|move|p2b: Charizard|Protect|p2b: Charizard\n|-singleturn|p2b: Charizard|Protect\n|move|p1b: Aerodactyl|Rock Slide|p2a: Rotom|[spread] p2a\n|-activate|p2b: Charizard|move: Protect\n|-damage|p2a: Rotom|47/100\n|move|p1a: Garchomp|Rock Slide|p2b: Charizard|[spread] \n|-activate|p2b: Charizard|move: Protect\n|-miss|p1a: Garchomp|p2a: Rotom\n|cant|p2a: Rotom|flinch\n|\n|-weather|SunnyDay|[upkeep]\n|-damage|p1a: Garchomp|89/100 brn|[from] brn\n|-sideend|p1: Newdean|move: Tailwind\n|upkeep\n|turn|5\n|\n|t:|1776310022\n|switch|p2b: Venusaur|Venusaur, L50, M|100/100\n|move|p1b: Aerodactyl|Tailwind|p1b: Aerodactyl\n|-sidestart|p1: Newdean|move: Tailwind\n|move|p1a: Garchomp|Rock Slide|p2b: Venusaur|[spread] p2b\n|-miss|p1a: Garchomp|p2a: Rotom\n|-damage|p2b: Venusaur|86/100\n|move|p2a: Rotom|Electroweb|p1a: Garchomp|[spread] p1b\n|-immune|p1a: Garchomp\n|-supereffective|p1b: Aerodactyl|1\n|-damage|p1b: Aerodactyl|0 fnt\n|-enditem|p2a: Rotom|Sitrus Berry|[eat]\n|-heal|p2a: Rotom|72/100|[from] item: Sitrus Berry\n|faint|p1b: Aerodactyl\n|\n|-weather|SunnyDay|[upkeep]\n|-damage|p1a: Garchomp|83/100 brn|[from] brn\n|upkeep\n|\n|t:|1776310035\n|switch|p1b: Delphox|Delphox, L50, M|100/100\n|turn|6\n|\n|t:|1776310054\n|detailschange|p1b: Delphox|Delphox-Mega, L50, M\n|-mega|p1b: Delphox|Delphox|Delphoxite\n|move|p1b: Delphox|Heat Wave|p2b: Venusaur|[spread] p2a,p2b\n|-resisted|p2a: Rotom|1\n|-supereffective|p2b: Venusaur|1\n|-damage|p2a: Rotom|39/100\n|-damage|p2b: Venusaur|0 fnt\n|faint|p2b: Venusaur\n|move|p1a: Garchomp|Dragon Claw|p2a: Rotom\n|-damage|p2a: Rotom|16/100\n|move|p2a: Rotom|Electroweb|p1a: Garchomp|[spread] p1b\n|-immune|p1a: Garchomp\n|-damage|p1b: Delphox|80/100\n|-unboost|p1b: Delphox|spe|1\n|\n|-weather|SunnyDay|[upkeep]\n|-damage|p1a: Garchomp|77/100 brn|[from] brn\n|upkeep\n|\n|t:|1776310059\n|switch|p2b: Charizard|Charizard-Mega-Y, L50, M|100/100\n|turn|7\n|-message|Grade a type b forfeited.\n|\n|t:|1776310072\n|move|p1a: Garchomp|Rock Slide|p2a: Rotom|[spread] p2a,p2b\n|-supereffective|p2b: Charizard|2\n|-damage|p2a: Rotom|4/100\n|-damage|p2b: Charizard|35/100\n|move|p1b: Delphox|Heat Wave|p2a: Rotom|[spread] p2a\n|-miss|p1b: Delphox|p2b: Charizard\n|-resisted|p2a: Rotom|1\n|-damage|p2a: Rotom|0 fnt\n|faint|p2a: Rotom\n|move|p2b: Charizard|Ancient Power|p1b: Delphox\n|-supereffective|p1b: Delphox|1\n|-damage|p1b: Delphox|29/100\n|\n|-weather|SunnyDay|[upkeep]\n|-damage|p1a: Garchomp|71/100 brn|[from] brn\n|upkeep\n|turn|8\n|\n|win|Newdean\n|raw|Newdean's rating: 1360 &rarr; <strong>1381</strong><br />(+21 for winning)\n|raw|Grade a type b's rating: 1380 &rarr; <strong>1359</strong><br />(-21 for losing)\n|l|\u2606Grade a type b\n|player|p2|\n|l|\u2606Newdean\n|player|p1|\n",
  "uploadtime": 1776310098,
  "views": 29,
  "formatid": "gen9championsvgc2026regma",
  "rating": 1359,
  "private": 0,
  "password": null
}