{
  "id": "gen9championsvgc2026regma-2581978146",
  "format": "[Gen 9 Champions] VGC 2026 Reg M-A",
  "players": [
    "nonight",
    "oreo_stars"
  ],
  "log": "|j|\u2606nonight\n|j|\u2606oreo_stars\n|t:|1776045053\n|gametype|doubles\n|player|p1|nonight|idol|1108\n|player|p2|oreo_stars|1|1101\n|gen|9\n|tier|[Gen 9 Champions] VGC 2026 Reg M-A\n|rated|\n|rule|Species Clause: Limit one of each Pok\u00e9mon\n|rule|Item Clause: Limit 1 of each item\n|clearpoke\n|poke|p1|Venusaur, L50, M|\n|poke|p1|Sneasler, L50, M|\n|poke|p1|Garchomp, L50, M|\n|poke|p1|Rotom-Wash, L50|\n|poke|p1|Incineroar, L50, M|\n|poke|p1|Aerodactyl, L50, M|\n|poke|p2|Aggron, L50, M|\n|poke|p2|Aerodactyl, L50, F|\n|poke|p2|Sneasler, L50, M|\n|poke|p2|Sinistcha, L50|\n|poke|p2|Basculegion, L50, M|\n|poke|p2|Glimmora, L50, F|\n|teampreview|4\n|inactive|Battle timer is ON: inactive players will automatically lose when time's up. (requested by oreo_stars)\n|inactive|oreo_stars has 60 seconds left.\n|\n|t:|1776045084\n|teamsize|p1|4\n|teamsize|p2|4\n|start\n|switch|p1a: Venusaur|Venusaur, L50, M|100/100\n|switch|p1b: Incineroar|Incineroar, L50, M|100/100\n|switch|p2a: Aerodactyl|Aerodactyl, L50, F|100/100\n|switch|p2b: Sneasler|Sneasler, L50, M|100/100\n|-ability|p2a: Aerodactyl|Unnerve\n|-ability|p1b: Incineroar|Intimidate|boost\n|-unboost|p2a: Aerodactyl|atk|1\n|-unboost|p2b: Sneasler|atk|1\n|-enditem|p2b: Sneasler|White Herb\n|-clearnegativeboost|p2b: Sneasler|[silent]\n|turn|1\n|\n|t:|1776045099\n|detailschange|p1a: Venusaur|Venusaur-Mega, L50, M\n|-mega|p1a: Venusaur|Venusaur|Venusaurite\n|move|p2a: Aerodactyl|Protect|p2a: Aerodactyl\n|-singleturn|p2a: Aerodactyl|Protect\n|move|p2b: Sneasler|Fake Out|p1a: Venusaur\n|-damage|p1a: Venusaur|89/100\n|move|p1b: Incineroar|Fake Out|p2a: Aerodactyl\n|-activate|p2a: Aerodactyl|move: Protect\n|cant|p1a: Venusaur|flinch\n|\n|upkeep\n|turn|2\n|\n|t:|1776045119\n|switch|p1b: Rotom|Rotom-Wash, L50|100/100\n|move|p1a: Venusaur|Protect|p1a: Venusaur\n|-singleturn|p1a: Venusaur|Protect\n|move|p2b: Sneasler|Close Combat|p1b: Rotom\n|-damage|p1b: Rotom|31/100\n|-unboost|p2b: Sneasler|def|1\n|-unboost|p2b: Sneasler|spd|1\n|move|p2a: Aerodactyl|Rock Slide|p1b: Rotom|[spread] p1b\n|-activate|p1a: Venusaur|move: Protect\n|-damage|p1b: Rotom|13/100\n|\n|-heal|p1b: Rotom|19/100|[from] item: Leftovers\n|upkeep\n|turn|3\n|inactive|nonight has 30 seconds left.\n|\n|t:|1776045162\n|switch|p1b: Incineroar|Incineroar, L50, M|100/100\n|-ability|p1b: Incineroar|Intimidate|boost\n|-unboost|p2a: Aerodactyl|atk|1\n|-unboost|p2b: Sneasler|atk|1\n|move|p2b: Sneasler|Close Combat|p1b: Incineroar\n|-supereffective|p1b: Incineroar|1\n|-damage|p1b: Incineroar|28/100\n|-unboost|p2b: Sneasler|def|1\n|-unboost|p2b: Sneasler|spd|1\n|move|p2a: Aerodactyl|Dual Wingbeat|p1a: Venusaur\n|-supereffective|p1a: Venusaur|1\n|-damage|p1a: Venusaur|73/100\n|-supereffective|p1a: Venusaur|1\n|-damage|p1a: Venusaur|59/100\n|-hitcount|p1a: Venusaur|2\n|move|p1a: Venusaur|Leech Seed|p2a: Aerodactyl\n|-start|p2a: Aerodactyl|move: Leech Seed\n|\n|-damage|p2a: Aerodactyl|88/100|[from] Leech Seed|[of] p1a: Venusaur\n|-heal|p1a: Venusaur|69/100|[silent]\n|upkeep\n|turn|4\n|inactive|nonight has 30 seconds left.\n|\n|t:|1776045195\n|switch|p2a: Aggron|Aggron, L50, M|100/100\n|move|p2b: Sneasler|Protect|p2b: Sneasler\n|-singleturn|p2b: Sneasler|Protect\n|move|p1b: Incineroar|Fake Out|p2b: Sneasler\n|-activate|p2b: Sneasler|move: Protect\n|move|p1a: Venusaur|Leech Seed|p2b: Sneasler\n|-activate|p2b: Sneasler|move: Protect\n|\n|upkeep\n|turn|5\n|inactive|nonight has 30 seconds left.\n|\n|t:|1776045225\n|switch|p1b: Garchomp|Garchomp, L50, M|100/100\n|detailschange|p2a: Aggron|Aggron-Mega, L50, M\n|-mega|p2a: Aggron|Aggron|Aggronite\n|move|p2b: Sneasler|Close Combat|p1b: Garchomp\n|-damage|p1b: Garchomp|54/100\n|-unboost|p2b: Sneasler|def|1\n|-unboost|p2b: Sneasler|spd|1\n|-damage|p2b: Sneasler|88/100|[from] ability: Rough Skin|[of] p1b: Garchomp\n|move|p1a: Venusaur|Leech Seed|p2a: Aggron|[miss]\n|-miss|p1a: Venusaur|p2a: Aggron\n|move|p2a: Aggron|Iron Defense|p2a: Aggron\n|-boost|p2a: Aggron|def|2\n|\n|upkeep\n|turn|6\n|\n|t:|1776045241\n|switch|p2b: Aerodactyl|Aerodactyl, L50, F|88/100\n|-ability|p2b: Aerodactyl|Unnerve\n|move|p1b: Garchomp|Dragon Claw|p2b: Aerodactyl\n|-damage|p2b: Aerodactyl|17/100\n|move|p1a: Venusaur|Sludge Bomb|p2a: Aggron\n|-immune|p2a: Aggron\n|move|p2a: Aggron|Iron Defense|p2a: Aggron\n|-boost|p2a: Aggron|def|2\n|\n|upkeep\n|turn|7\n|-message|nonight forfeited.\n|\n|win|oreo_stars\n|raw|nonight's rating: 1108 &rarr; <strong>1082</strong><br />(-26 for losing)\n|raw|oreo_stars's rating: 1101 &rarr; <strong>1127</strong><br />(+26 for winning)\n",
  "uploadtime": 1776045255,
  "views": 12,
  "formatid": "gen9championsvgc2026regma",
  "rating": 1082,
  "private": 0,
  "password": null
}