{
  "id": "gen9championsvgc2026regma-2582695475",
  "format": "[Gen 9 Champions] VGC 2026 Reg M-A",
  "players": [
    "Yoru No Kurage",
    "Morasardo"
  ],
  "log": "|j|\u2606Yoru No Kurage\n|j|\u2606Morasardo\n|html|<table width=\"100%\"><tr><td align=\"left\">Yoru No Kurage</td><td align=\"right\">Morasardo</tr><tr><td align=\"left\"><i class=\"fa fa-circle\"></i> <i class=\"fa fa-circle-o\"></i> </td><td align=\"right\"><i class=\"fa fa-circle-o\"></i> <i class=\"fa fa-circle-o\"></i> </tr></table>\n|uhtml|bestof|<h2><strong>Game 2</strong> of <a href=\"/game-bestof3-gen9championsvgc2026regma-2582692488\">a best-of-3</a></h2>\n|t:|1776107848\n|gametype|doubles\n|player|p1|Yoru No Kurage|yancy|\n|player|p2|Morasardo|hilbert|\n|gen|9\n|tier|[Gen 9 Champions] VGC 2026 Reg M-A\n|rated|Tournament battle\n|rule|Species Clause: Limit one of each Pok\u00e9mon\n|rule|Item Clause: Limit 1 of each item\n|raw|<div class=\"infobox\"><details class=\"readmore\" open><summary><strong>2 custom rules:</strong></summary> Force Open Team Sheets, Best of = 3</details></div>\n|clearpoke\n|poke|p1|Kingambit, L50, M|\n|poke|p1|Sneasler, L50, F|\n|poke|p1|Charizard, L50, M|\n|poke|p1|Floette-Eternal, L50, F|\n|poke|p1|Garchomp, L50, M|\n|poke|p1|Aerodactyl, L50, M|\n|poke|p2|Charizard, L50, F|\n|poke|p2|Maushold-Four, L50|\n|poke|p2|Kingambit, L50, M|\n|poke|p2|Sneasler, L50, M|\n|poke|p2|Dragapult, L50, F|\n|poke|p2|Garchomp, L50, M|\n|teampreview|4\n|showteam|p1|Kingambit||ChopleBerry|Defiant|KowtowCleave,SuckerPunch,IronHead,Protect|||M|||50|]Sneasler||WhiteHerb|Unburden|DireClaw,FakeOut,CloseCombat,Protect|||F|||50|]Charizard||CharizarditeY|Blaze|HeatWave,Protect,SolarBeam,WeatherBall|||M|||50|]Floette-Eternal||Floettite|FlowerVeil|Moonblast,DazzlingGleam,Substitute,Protect|||F|||50|]Garchomp||ChoiceScarf|RoughSkin|DragonClaw,Earthquake,RockSlide,StompingTantrum|||M|||50|]Aerodactyl||FocusSash|Unnerve|RockSlide,Tailwind,Taunt,Protect|||M|||50|\n|showteam|p2|Charizard||CharizarditeY|Blaze|HeatWave,SolarBeam,Overheat,Protect|||F|||50|]Maushold-Four||ChopleBerry|FriendGuard|Protect,FollowMe,SuperFang,Encore||||||50|]Kingambit||BlackGlasses|Defiant|SuckerPunch,KowtowCleave,IronHead,Protect|||M|||50|]Sneasler||FocusSash|Unburden|Feint,DireClaw,CloseCombat,FakeOut|||M|||50|]Dragapult||LumBerry|ClearBody|DracoMeteor,ShadowBall,WillOWisp,PsychicFangs|||F|||50|]Garchomp||ChoiceScarf|RoughSkin|RockTomb,StompingTantrum,RockSlide,DragonClaw|||M|||50|\nYoru No Kurage rejected open team sheets.\n|\n|t:|1776107871\n|teamsize|p1|4\n|teamsize|p2|4\n|start\n|switch|p1a: Aerodactyl|Aerodactyl, L50, M|100/100\n|switch|p1b: Tiburoncin|Garchomp, L50, M|100/100\n|switch|p2a: Sneasler|Sneasler, L50, M|100/100\n|switch|p2b: Dragapult|Dragapult, L50, F|100/100\n|-ability|p1a: Aerodactyl|Unnerve\n|turn|1\n|\n|t:|1776107886\n|switch|p1b: Floette|Floette-Eternal, L50, F|100/100\n|move|p2a: Sneasler|Fake Out|p1a: Aerodactyl\n|-resisted|p1a: Aerodactyl|1\n|-damage|p1a: Aerodactyl|90/100\n|move|p2b: Dragapult|Draco Meteor|p1b: Floette\n|-immune|p1b: Floette\n|cant|p1a: Aerodactyl|flinch\n|\n|upkeep\n|turn|2\n|\n|t:|1776107910\n|switch|p2b: Maushold|Maushold-Four, L50|100/100\n|move|p1b: Floette|Protect|p1b: Floette\n|-singleturn|p1b: Floette|Protect\n|move|p1a: Aerodactyl|Tailwind|p1a: Aerodactyl\n|-sidestart|p1: Yoru No Kurage|move: Tailwind\n|move|p2a: Sneasler|Dire Claw|p1b: Floette\n|-activate|p1b: Floette|move: Protect\n|\n|upkeep\n|turn|3\n|\n|t:|1776107922\n|switch|p1b: Tiburoncin|Garchomp, L50, M|100/100\n|move|p1a: Aerodactyl|Rock Slide|p2b: Maushold|[spread] p2a,p2b\n|-resisted|p2a: Sneasler|1\n|-damage|p2a: Sneasler|85/100\n|-damage|p2b: Maushold|68/100\n|move|p2a: Sneasler|Dire Claw|p1b: Tiburoncin\n|-resisted|p1b: Tiburoncin|1\n|-damage|p1b: Tiburoncin|81/100\n|-status|p1b: Tiburoncin|slp\n|-damage|p2a: Sneasler|72/100|[from] ability: Rough Skin|[of] p1b: Tiburoncin\n|cant|p2b: Maushold|flinch\n|\n|upkeep\n|turn|4\n|\n|t:|1776107959\n|switch|p1b: Floette|Floette-Eternal, L50, F|100/100\n|switch|p2a: Dragapult|Dragapult, L50, F|100/100\n|move|p1a: Aerodactyl|Rock Slide|p2b: Maushold|[spread] p2a,p2b\n|-damage|p2a: Dragapult|76/100\n|-damage|p2b: Maushold|34/100\n|move|p2b: Maushold|Super Fang|p1a: Aerodactyl\n|-damage|p1a: Aerodactyl|45/100\n|\n|upkeep\n|turn|5\n|\n|t:|1776107997\n|detailschange|p1b: Floette|Floette-Mega, L50, F\n|-mega|p1b: Floette|Floette|Floettite\n|-ability|p1b: Floette|Fairy Aura\n|move|p1a: Aerodactyl|Rock Slide|p2b: Maushold|[spread] p2a,p2b\n|-crit|p2a: Dragapult\n|-damage|p2a: Dragapult|34/100\n|-damage|p2b: Maushold|2/100\n|move|p1b: Floette|Dazzling Gleam|p2a: Dragapult|[spread] p2a,p2b\n|-supereffective|p2a: Dragapult|1\n|-damage|p2a: Dragapult|0 fnt\n|-damage|p2b: Maushold|0 fnt\n|faint|p2a: Dragapult\n|faint|p2b: Maushold\n|\n|-sideend|p1: Yoru No Kurage|move: Tailwind\n|upkeep\n|c|\u2606Morasardo|gg\n|\n|t:|1776108010\n|switch|p2a: Charizard|Charizard, L50, F|100/100\n|switch|p2b: Sneasler|Sneasler, L50, M|72/100\n|turn|6\n|j| mysticmarshtomp\n|c|\u2606Yoru No Kurage|gg\n|\n|t:|1776108033\n|detailschange|p2a: Charizard|Charizard-Mega-Y, L50, F\n|-mega|p2a: Charizard|Charizard|Charizardite Y\n|-weather|SunnyDay|[from] ability: Drought|[of] p2a: Charizard\n|move|p2b: Sneasler|Fake Out|p1a: Aerodactyl\n|-resisted|p1a: Aerodactyl|1\n|-damage|p1a: Aerodactyl|33/100\n|cant|p1a: Aerodactyl|flinch\n|move|p1b: Floette|Moonblast|p2b: Sneasler\n|-damage|p2b: Sneasler|0 fnt\n|faint|p2b: Sneasler\n|move|p2a: Charizard|Solar Beam||[still]\n|-prepare|p2a: Charizard|Solar Beam\n|-anim|p2a: Charizard|Solar Beam|p1a: Aerodactyl\n|-damage|p1a: Aerodactyl|0 fnt\n|faint|p1a: Aerodactyl\n|\n|-weather|SunnyDay|[upkeep]\n|upkeep\n|\n|t:|1776108045\n|switch|p1a: Bisbix|Sneasler, L50, F|100/100\n|turn|7\n|\n|t:|1776108049\n|move|p1a: Bisbix|Fake Out|p2a: Charizard\n|-damage|p2a: Charizard|83/100\n|move|p1b: Floette|Substitute|p1b: Floette\n|-start|p1b: Floette|Substitute\n|-damage|p1b: Floette|76/100\n|cant|p2a: Charizard|flinch\n|\n|-weather|SunnyDay|[upkeep]\n|upkeep\n|turn|8\n|\n|t:|1776108058\n|move|p1a: Bisbix|Dire Claw|p2a: Charizard\n|-damage|p2a: Charizard|28/100\n|-status|p2a: Charizard|par\n|move|p1b: Floette|Moonblast|p2a: Charizard\n|-resisted|p2a: Charizard|1\n|-damage|p2a: Charizard|0 fnt\n|faint|p2a: Charizard\n|\n|win|Yoru No Kurage\n|l| mysticmarshtomp\n",
  "uploadtime": 1776108065,
  "views": 9,
  "formatid": "gen9championsvgc2026regma",
  "rating": null,
  "private": 0,
  "password": null
}