{
  "id": "gen9championsvgc2026regma-2587349355",
  "format": "[Gen 9 Champions] VGC 2026 Reg M-A",
  "players": [
    "montendoz",
    "dohawyth"
  ],
  "log": "|j|\u2606montendoz\n|j|\u2606dohawyth\n|t:|1776524297\n|gametype|doubles\n|player|p1|montendoz|1|1319\n|player|p2|dohawyth|169|1228\n|gen|9\n|tier|[Gen 9 Champions] VGC 2026 Reg M-A\n|rated|\n|rule|Species Clause: Limit one of each Pok\u00e9mon\n|rule|Item Clause: Limit 1 of each item\n|clearpoke\n|poke|p1|Incineroar, L50, M|\n|poke|p1|Basculegion, L50, M|\n|poke|p1|Farigiraf, L50, F|\n|poke|p1|Gardevoir, L50, F|\n|poke|p1|Conkeldurr, L50, M|\n|poke|p1|Blastoise, L50, M|\n|poke|p2|Incineroar, L50, M|\n|poke|p2|Crabominable, L50, F|\n|poke|p2|Kingambit, L50, M|\n|poke|p2|Slowking-Galar, L50, M|\n|poke|p2|Sinistcha, L50|\n|poke|p2|Primarina, L50, M|\n|teampreview|4\n|inactive|Battle timer is ON: inactive players will automatically lose when time's up. (requested by montendoz)\ndohawyth rejected open team sheets.\n|\n|t:|1776524326\n|teamsize|p1|4\n|teamsize|p2|4\n|start\n|switch|p1a: Farigiraf|Farigiraf, L50, F|100/100\n|switch|p1b: Conkeldurr|Conkeldurr, L50, M|100/100\n|switch|p2a: Kingambit|Kingambit, L50, M|100/100\n|switch|p2b: Slowking|Slowking-Galar, L50, M|100/100\n|turn|1\n|inactive|montendoz has 30 seconds left.\n|\n|t:|1776524360\n|switch|p2a: Sinistcha|Sinistcha, L50|100/100\n|move|p1a: Farigiraf|Psychic Terrain|p1a: Farigiraf\n|-fieldstart|move: Psychic Terrain\n|move|p1b: Conkeldurr|Close Combat|p2a: Sinistcha\n|-immune|p2a: Sinistcha\n|move|p2b: Slowking|Psychic Noise|p1b: Conkeldurr\n|-supereffective|p1b: Conkeldurr|1\n|-damage|p1b: Conkeldurr|13/100\n|-start|p1b: Conkeldurr|move: Heal Block\n|\n|upkeep\n|turn|2\n|\n|t:|1776524379\n|move|p2a: Sinistcha|Matcha Gotcha|p1a: Farigiraf|[spread] p1a,p1b\n|-damage|p1a: Farigiraf|67/100\n|-damage|p1b: Conkeldurr|0 fnt\n|faint|p1b: Conkeldurr\n|move|p1a: Farigiraf|Trick Room|p1a: Farigiraf\n|-fieldstart|move: Trick Room|[of] p1a: Farigiraf\n|move|p2b: Slowking|Trick Room|p2b: Slowking\n|-fieldend|move: Trick Room\n|\n|upkeep\n|\n|t:|1776524386\n|switch|p1b: Gardevoir|Gardevoir, L50, F|100/100\n|turn|3\n|\n|t:|1776524398\n|detailschange|p1b: Gardevoir|Gardevoir-Mega, L50, F\n|-mega|p1b: Gardevoir|Gardevoir|Gardevoirite\n|move|p1b: Gardevoir|Expanding Force|p2a: Sinistcha|[spread] p2a,p2b\n|-damage|p2a: Sinistcha|18/100\n|-damage|p2b: Slowking|46/100\n|move|p2a: Sinistcha|Shadow Ball|p1b: Gardevoir\n|-supereffective|p1b: Gardevoir|1\n|-damage|p1b: Gardevoir|28/100\n|move|p1a: Farigiraf|Psychic|p2b: Slowking\n|-damage|p2b: Slowking|17/100\n|move|p2b: Slowking|Sludge Bomb|p1b: Gardevoir\n|-supereffective|p1b: Gardevoir|1\n|-damage|p1b: Gardevoir|0 fnt\n|faint|p1b: Gardevoir\n|\n|upkeep\n|\n|t:|1776524411\n|switch|p1b: Basculegion|Basculegion, L50, M|100/100\n|turn|4\n|\n|t:|1776524420\n|switch|p2b: Kingambit|Kingambit, L50, M|100/100\n|move|p1b: Basculegion|Last Respects|p2a: Sinistcha\n|-supereffective|p2a: Sinistcha|1\n|-damage|p2a: Sinistcha|0 fnt\n|faint|p2a: Sinistcha\n|move|p1a: Farigiraf|Psychic|p2b: Kingambit\n|-immune|p2b: Kingambit\n|\n|upkeep\n|\n|t:|1776524436\n|switch|p2a: Crabominable|Crabominable, L50, F|100/100\n|turn|5\n|\n|t:|1776524445\n|move|p2a: Crabominable|Protect|p2a: Crabominable\n|-singleturn|p2a: Crabominable|Protect\n|move|p1b: Basculegion|Wave Crash|p2b: Kingambit\n|-damage|p2b: Kingambit|41/100\n|-damage|p1b: Basculegion|80/100|[from] Recoil\n|move|p1a: Farigiraf|Rain Dance|p1a: Farigiraf\n|-weather|RainDance\n|move|p2b: Kingambit|Kowtow Cleave|p1b: Basculegion\n|-supereffective|p1b: Basculegion|1\n|-damage|p1b: Basculegion|0 fnt\n|faint|p1b: Basculegion\n|\n|-weather|RainDance|[upkeep]\n|-fieldend|move: Psychic Terrain\n|upkeep\n|turn|6\n|-message|montendoz forfeited.\n|\n|win|dohawyth\n|raw|montendoz's rating: 1319 &rarr; <strong>1294</strong><br />(-25 for losing)\n|raw|dohawyth's rating: 1228 &rarr; <strong>1259</strong><br />(+31 for winning)\n|l|\u2606montendoz\n|player|p1|\n",
  "uploadtime": 1776524459,
  "views": 44,
  "formatid": "gen9championsvgc2026regma",
  "rating": 1259,
  "private": 0,
  "password": null
}