{
  "id": "gen9championsvgc2026regma-2589456922",
  "format": "[Gen 9 Champions] VGC 2026 Reg M-A",
  "players": [
    "uuhgttg",
    "raysylv"
  ],
  "log": "|j|\u2606uuhgttg\n|j|\u2606raysylv\n|t:|1776724619\n|gametype|doubles\n|player|p1|uuhgttg|266|1102\n|player|p2|raysylv|lady|1124\n|gen|9\n|tier|[Gen 9 Champions] VGC 2026 Reg M-A\n|rated|\n|rule|Species Clause: Limit one of each Pok\u00e9mon\n|rule|Item Clause: Limit 1 of each item\n|clearpoke\n|poke|p1|Charizard, L50, F, shiny|\n|poke|p1|Venusaur, L50, M, shiny|\n|poke|p1|Raichu, L50, M, shiny|\n|poke|p1|Ninetales, L50, F, shiny|\n|poke|p1|Weavile, L50, F, shiny|\n|poke|p1|Farigiraf, L50, M, shiny|\n|poke|p2|Lycanroc-Dusk, L50, M|\n|poke|p2|Sneasler, L50, M|\n|poke|p2|Skarmory, L50, M|\n|poke|p2|Raichu, L50, M|\n|poke|p2|Milotic, L50, F|\n|poke|p2|Sinistcha, L50|\n|teampreview|4\n|inactive|Battle timer is ON: inactive players will automatically lose when time's up. (requested by uuhgttg)\n|inactive|raysylv has 60 seconds left.\n|\n|t:|1776724684\n|teamsize|p1|4\n|teamsize|p2|4\n|start\n|switch|p1a: Onyxia|Charizard, L50, F, shiny|100/100\n|switch|p1b: Kraid|Venusaur, L50, M, shiny|100/100\n|switch|p2a: Lycanroc|Lycanroc-Dusk, L50, M|100/100\n|switch|p2b: Sneasler|Sneasler, L50, M|100/100\n|turn|1\n|\n|t:|1776724698\n|move|p1a: Onyxia|Protect|p1a: Onyxia\n|-singleturn|p1a: Onyxia|Protect\n|move|p2b: Sneasler|Fake Out|p1b: Kraid\n|-damage|p1b: Kraid|82/100\n|move|p2a: Lycanroc|Howl|p2a: Lycanroc|[spread] p2a,p2b\n|-boost|p2a: Lycanroc|atk|1\n|-boost|p2b: Sneasler|atk|1\n|cant|p1b: Kraid|flinch\n|\n|upkeep\n|turn|2\n|\n|t:|1776724720\n|detailschange|p1a: Onyxia|Charizard-Mega-Y, L50, F, shiny\n|-mega|p1a: Onyxia|Charizard|Charizardite Y\n|-weather|SunnyDay|[from] ability: Drought|[of] p1a: Onyxia\n|move|p2a: Lycanroc|Accelerock|p1a: Onyxia\n|-supereffective|p1a: Onyxia|2\n|-damage|p1a: Onyxia|0 fnt\n|faint|p1a: Onyxia\n|move|p1b: Kraid|Earth Power|p2a: Lycanroc\n|-supereffective|p2a: Lycanroc|1\n|-crit|p2a: Lycanroc\n|-enditem|p2a: Lycanroc|Focus Sash\n|-damage|p2a: Lycanroc|1/100\n|move|p2b: Sneasler|Dire Claw|p1b: Kraid\n|-damage|p1b: Kraid|0 fnt\n|faint|p1b: Kraid\n|\n|-weather|SunnyDay|[upkeep]\n|upkeep\n|\n|t:|1776724734\n|switch|p1a: Daigoro|Raichu, L50, M, shiny|100/100\n|switch|p1b: Lissandra|Weavile, L50, F, shiny|100/100\n|turn|3\n|inactive|raysylv has 30 seconds left.\n|\n|t:|1776724764\n|switch|p2a: Sinistcha|Sinistcha, L50|100/100\n|move|p1b: Lissandra|Fake Out|p2b: Sneasler\n|-damage|p2b: Sneasler|78/100\n|move|p1a: Daigoro|Fake Out|p2a: Sinistcha\n|-immune|p2a: Sinistcha\n|cant|p2b: Sneasler|flinch\n|\n|-weather|SunnyDay|[upkeep]\n|upkeep\n|turn|4\n|\n|t:|1776724785\n|move|p1b: Lissandra|Triple Axel|p2b: Sneasler\n|-crit|p2b: Sneasler\n|-damage|p2b: Sneasler|45/100\n|-damage|p2b: Sneasler|6/100\n|-damage|p2b: Sneasler|0 fnt\n|faint|p2b: Sneasler\n|-hitcount|p2: Sneasler|3\n|move|p1a: Daigoro|Knock Off|p2a: Sinistcha\n|-supereffective|p2a: Sinistcha|1\n|-damage|p2a: Sinistcha|65/100\n|-enditem|p2a: Sinistcha|Mental Herb|[from] move: Knock Off|[of] p1a: Daigoro\n|move|p2a: Sinistcha|Life Dew|p2a: Sinistcha\n|-heal|p2a: Sinistcha|90/100\n|\n|-weather|SunnyDay|[upkeep]\n|upkeep\n|\n|t:|1776724793\n|switch|p2b: Lycanroc|Lycanroc-Dusk, L50, M|1/100\n|turn|5\n|\n|t:|1776724813\n|move|p2a: Sinistcha|Rage Powder|p2a: Sinistcha\n|-singleturn|p2a: Sinistcha|move: Rage Powder\n|move|p1b: Lissandra|Ice Shard|p2a: Sinistcha\n|-supereffective|p2a: Sinistcha|1\n|-damage|p2a: Sinistcha|51/100\n|move|p2b: Lycanroc|Accelerock|p1b: Lissandra\n|-supereffective|p1b: Lissandra|1\n|-damage|p1b: Lissandra|19/100\n|move|p1a: Daigoro|Knock Off|p2a: Sinistcha\n|-supereffective|p2a: Sinistcha|1\n|-damage|p2a: Sinistcha|28/100\n|\n|-weather|SunnyDay|[upkeep]\n|upkeep\n|turn|6\n|\n|t:|1776724838\n|switch|p2a: Milotic|Milotic, L50, F|100/100\n|move|p1b: Lissandra|Ice Shard|p2a: Milotic\n|-resisted|p2a: Milotic|1\n|-damage|p2a: Milotic|90/100\n|move|p2b: Lycanroc|Accelerock|p1b: Lissandra\n|-supereffective|p1b: Lissandra|1\n|-damage|p1b: Lissandra|0 fnt\n|faint|p1b: Lissandra\n|move|p1a: Daigoro|Electroweb|p2a: Milotic|[spread] p2a,p2b\n|-supereffective|p2a: Milotic|1\n|-damage|p2a: Milotic|63/100\n|-damage|p2b: Lycanroc|0 fnt\n|-unboost|p2a: Milotic|spe|1\n|-ability|p2a: Milotic|Competitive|boost\n|-boost|p2a: Milotic|spa|2\n|faint|p2b: Lycanroc\n|\n|-weather|none\n|-heal|p2a: Milotic|69/100|[from] item: Leftovers\n|upkeep\n|\n|t:|1776724846\n|switch|p2b: Sinistcha|Sinistcha, L50|28/100\n|-heal|p2a: Milotic|94/100|[from] ability: Hospitality|[of] p2b: Sinistcha\n|turn|7\n|-message|uuhgttg forfeited.\n|\n|win|raysylv\n|raw|uuhgttg's rating: 1102 &rarr; <strong>1079</strong><br />(-23 for losing)\n|raw|raysylv's rating: 1124 &rarr; <strong>1147</strong><br />(+23 for winning)\n|l|\u2606uuhgttg\n|player|p1|\n|c|\u2606raysylv|ggwp\n",
  "uploadtime": 1776724860,
  "views": 17,
  "formatid": "gen9championsvgc2026regma",
  "rating": 1079,
  "private": 0,
  "password": null
}