{
  "id": "gen9championsvgc2026regma-2586000810",
  "format": "[Gen 9 Champions] VGC 2026 Reg M-A",
  "players": [
    "capacete5",
    "DAVID867"
  ],
  "log": "|j|\u2606capacete5\n|j|\u2606DAVID867\n|t:|1776389078\n|gametype|doubles\n|player|p1|capacete5|byron|\n|player|p2|DAVID867|1|\n|gen|9\n|tier|[Gen 9 Champions] VGC 2026 Reg M-A\n|rule|Species Clause: Limit one of each Pok\u00e9mon\n|rule|Item Clause: Limit 1 of each item\n|clearpoke\n|poke|p1|Pelipper, L50, M|\n|poke|p1|Archaludon, L50, F|\n|poke|p1|Sneasler, L50, M|\n|poke|p1|Floette-Eternal, L50, F|\n|poke|p1|Sinistcha, L50|\n|poke|p1|Basculegion, L50, M|\n|poke|p2|Sableye, L50, M|\n|poke|p2|Espathra, L50, M|\n|poke|p2|Charizard, L50, M|\n|poke|p2|Milotic, L50, M|\n|poke|p2|Garchomp, L50, M|\n|poke|p2|Gardevoir, L50, M|\n|teampreview|4\n|inactive|Battle timer is ON: inactive players will automatically lose when time's up. (requested by capacete5)\ncapacete5 has agreed to open team sheets.\nDAVID867 has agreed to open team sheets.\n|showteam|p1|Pelipper||QuickClaw|Drizzle|WeatherBall,Hurricane,Tailwind,Protect|||M|||50|]Archaludon||ChopleBerry|Stamina|ElectroShot,FlashCannon,DragonPulse,Protect|||F|||50|]Sneasler||FocusSash|Unburden|FakeOut,DireClaw,CloseCombat,Protect|||M|||50|]Floette-Eternal||Floettite|FlowerVeil|DazzlingGleam,LightofRuin,CalmMind,Protect|||F|||50|]Sinistcha||SitrusBerry|Hospitality|MatchaGotcha,TrickRoom,RagePowder,Protect||||||50|]Basculegion||MysticWater|SwiftSwim|WaveCrash,LastRespects,AquaJet,Protect|||M|||50|\n|showteam|p2|Sableye||RoseliBerry|Prankster|FakeOut,Gravity,FoulPlay,Feint|||M|||50|]Espathra||FocusSash|SpeedBoost|LuminaCrash,Hypnosis,PsychicTerrain,Protect|||M|||50|]Charizard||CharizarditeY|Blaze|HeatWave,WeatherBall,Protect,SolarBeam|||M|||50|]Milotic||SitrusBerry|Competitive|Protect,IceBeam,Scald,Hypnosis|||M|||50|]Garchomp||WhiteHerb|RoughSkin|Earthquake,RockSlide,Protect,DragonClaw|||M|||50|]Gardevoir||ChoiceScarf|Synchronize|Moonblast,ExpandingForce,DazzlingGleam,Psyshock|||M|||50|\n|inactive|capacete5 has 60 seconds left.\n|\n|t:|1776389118\n|teamsize|p1|4\n|teamsize|p2|4\n|start\n|switch|p1a: Pelipper|Pelipper, L50, M|100/100\n|switch|p1b: Archaludon|Archaludon, L50, F|100/100\n|switch|p2a: Charizard|Charizard, L50, M|100/100\n|switch|p2b: Garchomp|Garchomp, L50, M|100/100\n|-weather|RainDance|[from] ability: Drizzle|[of] p1a: Pelipper\n|turn|1\n|inactive|DAVID867 has 30 seconds left.\n|\n|t:|1776389144\n|detailschange|p2a: Charizard|Charizard-Mega-Y, L50, M\n|-mega|p2a: Charizard|Charizard|Charizardite Y\n|-weather|SunnyDay|[from] ability: Drought|[of] p2a: Charizard\n|move|p2b: Garchomp|Rock Slide|p1a: Pelipper|[spread] p1a,p1b\n|-supereffective|p1a: Pelipper|1\n|-resisted|p1b: Archaludon|1\n|-damage|p1a: Pelipper|62/100\n|-damage|p1b: Archaludon|94/100\n|-ability|p1b: Archaludon|Stamina|boost\n|-boost|p1b: Archaludon|def|1\n|move|p2a: Charizard|Heat Wave|p1a: Pelipper|[spread] p1a,p1b\n|-resisted|p1a: Pelipper|1\n|-damage|p1a: Pelipper|20/100\n|-damage|p1b: Archaludon|19/100\n|-ability|p1b: Archaludon|Stamina|boost\n|-boost|p1b: Archaludon|def|1\n|cant|p1b: Archaludon|flinch\n|cant|p1a: Pelipper|flinch\n|\n|-weather|SunnyDay|[upkeep]\n|upkeep\n|turn|2\n|c|\u2606capacete5|gg\n|inactive|capacete5 has 30 seconds left.\n|inactive|DAVID867 has 30 seconds left.\n|\n|t:|1776389172\n|switch|p1a: Basculegion|Basculegion, L50, M|100/100\n|move|p1b: Archaludon|Protect|p1b: Archaludon\n|-singleturn|p1b: Archaludon|Protect\n|move|p2b: Garchomp|Rock Slide|p1a: Basculegion|[spread] p1a\n|-activate|p1b: Archaludon|move: Protect\n|-damage|p1a: Basculegion|75/100\n|move|p2a: Charizard|Heat Wave|p1a: Basculegion|[spread] p1a\n|-activate|p1b: Archaludon|move: Protect\n|-resisted|p1a: Basculegion|1\n|-damage|p1a: Basculegion|35/100\n|\n|-weather|SunnyDay|[upkeep]\n|upkeep\n|turn|3\n|inactive|capacete5 has 30 seconds left.\n|\n|t:|1776389203\n|move|p2a: Charizard|Protect|p2a: Charizard\n|-singleturn|p2a: Charizard|Protect\n|move|p1a: Basculegion|Protect|p1a: Basculegion\n|-singleturn|p1a: Basculegion|Protect\n|move|p2b: Garchomp|Dragon Claw|p1a: Basculegion\n|-activate|p1a: Basculegion|move: Protect\n|move|p1b: Archaludon|Dragon Pulse|p2b: Garchomp\n|-supereffective|p2b: Garchomp|1\n|-damage|p2b: Garchomp|16/100\n|\n|-weather|SunnyDay|[upkeep]\n|upkeep\n|turn|4\n|inactive|capacete5 has 30 seconds left.\n|\n|t:|1776389230\n|switch|p1a: Pelipper|Pelipper, L50, M|20/100\n|-weather|RainDance|[from] ability: Drizzle|[of] p1a: Pelipper\n|move|p1b: Archaludon|Protect|p1b: Archaludon\n|-singleturn|p1b: Archaludon|Protect\n|move|p2b: Garchomp|Dragon Claw|p1a: Pelipper\n|-damage|p1a: Pelipper|0 fnt\n|faint|p1a: Pelipper\n|move|p2a: Charizard|Heat Wave|p1b: Archaludon\n|-activate|p1b: Archaludon|move: Protect\n|\n|-weather|RainDance|[upkeep]\n|upkeep\n|\n|t:|1776389243\n|switch|p1a: Basculegion|Basculegion, L50, M|35/100\n|turn|5\n|\n|t:|1776389261\n|move|p2a: Charizard|Protect|p2a: Charizard\n|-singleturn|p2a: Charizard|Protect\n|move|p1a: Basculegion|Wave Crash|p2a: Charizard\n|-activate|p2a: Charizard|move: Protect\n|move|p2b: Garchomp|Dragon Claw|p1a: Basculegion\n|-damage|p1a: Basculegion|0 fnt\n|faint|p1a: Basculegion\n|move|p1b: Archaludon|Dragon Pulse|p2b: Garchomp\n|-supereffective|p2b: Garchomp|1\n|-damage|p2b: Garchomp|0 fnt\n|faint|p2b: Garchomp\n|\n|-weather|RainDance|[upkeep]\n|upkeep\n|\n|t:|1776389274\n|switch|p2b: Espathra|Espathra, L50, M|100/100\n|switch|p1a: Floette|Floette-Eternal, L50, F|100/100\n|turn|6\n|\n|t:|1776389287\n|detailschange|p1a: Floette|Floette-Mega, L50, F\n|-mega|p1a: Floette|Floette|Floettite\n|-ability|p1a: Floette|Fairy Aura\n|move|p2b: Espathra|Psychic Terrain|p2b: Espathra\n|-fieldstart|move: Psychic Terrain\n|move|p2a: Charizard|Heat Wave|p1a: Floette|[spread] p1a,p1b\n|-damage|p1a: Floette|85/100\n|-damage|p1b: Archaludon|0 fnt\n|faint|p1b: Archaludon\n|move|p1a: Floette|Dazzling Gleam|p2a: Charizard|[spread] p2a,p2b\n|-resisted|p2a: Charizard|1\n|-damage|p2a: Charizard|79/100\n|-damage|p2b: Espathra|32/100\n|\n|-weather|RainDance|[upkeep]\n|-ability|p2b: Espathra|Speed Boost|boost\n|-boost|p2b: Espathra|spe|1\n|upkeep\n|turn|7\n|\n|t:|1776389308\n|move|p2b: Espathra|Hypnosis|p1a: Floette\n|-status|p1a: Floette|slp|[from] move: Hypnosis\n|move|p2a: Charizard|Weather Ball|p1a: Floette\n|-damage|p1a: Floette|44/100 slp\n|cant|p1a: Floette|slp\n|\n|-weather|RainDance|[upkeep]\n|-ability|p2b: Espathra|Speed Boost|boost\n|-boost|p2b: Espathra|spe|1\n|upkeep\n|turn|8\n|\n|t:|1776389324\n|move|p2b: Espathra|Lumina Crash|p1a: Floette\n|-damage|p1a: Floette|9/100 slp\n|-unboost|p1a: Floette|spd|2\n|move|p2a: Charizard|Solar Beam||[still]\n|-prepare|p2a: Charizard|Solar Beam\n|cant|p1a: Floette|slp\n|\n|-weather|none\n|-ability|p2b: Espathra|Speed Boost|boost\n|-boost|p2b: Espathra|spe|1\n|upkeep\n|turn|9\n|\n|t:|1776389336\n|move|p2b: Espathra|Psychic Terrain||[still]\n|-fail|p2b: Espathra\n|move|p2a: Charizard|Solar Beam|p1a: Floette|[from] lockedmove\n|-damage|p1a: Floette|0 fnt\n|faint|p1a: Floette\n|\n|win|DAVID867\n",
  "uploadtime": 1776389337,
  "views": 14,
  "formatid": "gen9championsvgc2026regma",
  "rating": null,
  "private": 0,
  "password": null
}