{
  "id": "gen9championsvgc2026regma-2588799684",
  "format": "[Gen 9 Champions] VGC 2026 Reg M-A",
  "players": [
    "jiagah",
    "Cerare"
  ],
  "log": "|j|\u2606jiagah\n|j|\u2606Cerare\n|t:|1776672343\n|gametype|doubles\n|player|p1|jiagah|blackbelt-gen4|1111\n|player|p2|Cerare|1|1093\n|gen|9\n|tier|[Gen 9 Champions] VGC 2026 Reg M-A\n|rated|\n|rule|Species Clause: Limit one of each Pok\u00e9mon\n|rule|Item Clause: Limit 1 of each item\n|clearpoke\n|poke|p1|Scovillain, L50, M|\n|poke|p1|Toxicroak, L50, F, shiny|\n|poke|p1|Milotic, L50, M|\n|poke|p1|Sableye, L50, F|\n|poke|p1|Infernape, L50, M|\n|poke|p1|Vivillon-Pokeball, L50, F|\n|poke|p2|Aerodactyl, L50, M|\n|poke|p2|Floette-Eternal, L50, F|\n|poke|p2|Sneasler, L50, M|\n|poke|p2|Delphox, L50, F|\n|poke|p2|Kingambit, L50, M|\n|poke|p2|Incineroar, L50, M, shiny|\n|teampreview|4\n|inactive|Battle timer is ON: inactive players will automatically lose when time's up. (requested by Cerare)\n|inactive|jiagah has 60 seconds left.\n|inactive|Cerare has 60 seconds left.\n|\n|t:|1776672385\n|teamsize|p1|4\n|teamsize|p2|4\n|start\n|switch|p1a: Sableye|Sableye, L50, F|100/100\n|switch|p1b: Manon|Milotic, L50, M|100/100\n|switch|p2a: Floette|Floette-Eternal, L50, F|100/100\n|switch|p2b: Aerodactyl|Aerodactyl, L50, M|100/100\n|-ability|p2b: Aerodactyl|Unnerve\n|turn|1\n|\n|t:|1776672398\n|detailschange|p2a: Floette|Floette-Mega, L50, F\n|-mega|p2a: Floette|Floette|Floettite\n|-ability|p2a: Floette|Fairy Aura\n|move|p1a: Sableye|Fake Out|p2b: Aerodactyl\n|-resisted|p2b: Aerodactyl|1\n|-damage|p2b: Aerodactyl|95/100\n|cant|p2b: Aerodactyl|flinch\n|move|p2a: Floette|Calm Mind|p2a: Floette\n|-boost|p2a: Floette|spa|1\n|-boost|p2a: Floette|spd|1\n|move|p1b: Manon|Muddy Water|p2a: Floette|[spread] p2a\n|-miss|p1b: Manon|p2b: Aerodactyl\n|-damage|p2a: Floette|85/100\n|\n|upkeep\n|turn|2\n|\n|t:|1776672422\n|move|p1a: Sableye|Taunt|p2b: Aerodactyl\n|-start|p2b: Aerodactyl|move: Taunt\n|cant|p2b: Aerodactyl|move: Taunt|Tailwind\n|move|p2a: Floette|Dazzling Gleam|p1a: Sableye|[spread] p1a,p1b\n|-supereffective|p1a: Sableye|1\n|-damage|p1a: Sableye|0 fnt\n|-damage|p1b: Manon|52/100\n|faint|p1a: Sableye\n|move|p1b: Manon|Icy Wind|p2b: Aerodactyl|[spread] p2a,p2b\n|-supereffective|p2b: Aerodactyl|1\n|-damage|p2a: Floette|77/100\n|-damage|p2b: Aerodactyl|53/100\n|-unboost|p2a: Floette|spe|1\n|-unboost|p2b: Aerodactyl|spe|1\n|\n|-heal|p1b: Manon|58/100|[from] item: Leftovers\n|upkeep\n|\n|t:|1776672435\n|switch|p1a: Scovillain|Scovillain, L50, M|100/100\n|turn|3\n|\n|t:|1776672446\n|move|p1a: Scovillain|Protect|p1a: Scovillain\n|-singleturn|p1a: Scovillain|Protect\n|move|p2b: Aerodactyl|Rock Slide|p1a: Scovillain|[spread] p1b\n|-activate|p1a: Scovillain|move: Protect\n|-damage|p1b: Manon|31/100\n|move|p1b: Manon|Muddy Water|p2a: Floette|[spread] p2b\n|-miss|p1b: Manon|p2a: Floette\n|-supereffective|p2b: Aerodactyl|1\n|-damage|p2b: Aerodactyl|0 fnt\n|faint|p2b: Aerodactyl\n|move|p2a: Floette|Moonblast|p1b: Manon\n|-damage|p1b: Manon|0 fnt\n|faint|p1b: Manon\n|\n|-ability|p1a: Scovillain|Moody|boost\n|-boost|p1a: Scovillain|spd|2\n|-unboost|p1a: Scovillain|spa|1\n|upkeep\n|\n|t:|1776672463\n|switch|p2b: Incineroar|Incineroar, L50, M, shiny|100/100\n|switch|p1b: Infernape|Infernape, L50, M|100/100\n|-ability|p2b: Incineroar|Intimidate|boost\n|-unboost|p1a: Scovillain|atk|1\n|-unboost|p1b: Infernape|atk|1\n|turn|4\n|\n|t:|1776672474\n|move|p2b: Incineroar|Fake Out|p1a: Scovillain\n|-damage|p1a: Scovillain|83/100\n|move|p1b: Infernape|Aura Sphere|p2b: Incineroar\n|-supereffective|p2b: Incineroar|1\n|-crit|p2b: Incineroar\n|-damage|p2b: Incineroar|14/100\n|-enditem|p2b: Incineroar|Sitrus Berry|[eat]\n|-heal|p2b: Incineroar|39/100|[from] item: Sitrus Berry\n|cant|p1a: Scovillain|flinch\n|move|p2a: Floette|Dazzling Gleam|p1a: Scovillain|[spread] p1a,p1b\n|-resisted|p1a: Scovillain|1\n|-damage|p1a: Scovillain|50/100\n|-damage|p1b: Infernape|0 fnt\n|faint|p1b: Infernape\n|\n|-ability|p1a: Scovillain|Moody|boost\n|-boost|p1a: Scovillain|spe|2\n|-unboost|p1a: Scovillain|def|1\n|upkeep\n|turn|5\n|\n|t:|1776672492\n|detailschange|p1a: Scovillain|Scovillain-Mega, L50, M\n|-mega|p1a: Scovillain|Scovillain|Scovillainite\n|move|p1a: Scovillain|Leech Seed|p2a: Floette\n|-start|p2a: Floette|move: Leech Seed\n|move|p2a: Floette|Moonblast|p1a: Scovillain\n|-resisted|p1a: Scovillain|1\n|-damage|p1a: Scovillain|10/100\n|-status|p2a: Floette|brn|[from] ability: Spicy Spray|[of] p1a: Scovillain\n|move|p2b: Incineroar|Darkest Lariat|p1a: Scovillain\n|-damage|p1a: Scovillain|0 fnt\n|-immune|p2b: Incineroar\n|faint|p1a: Scovillain\n|\n|win|Cerare\n|raw|jiagah's rating: 1111 &rarr; <strong>1085</strong><br />(-26 for losing)\n|raw|Cerare's rating: 1093 &rarr; <strong>1120</strong><br />(+27 for winning)\n|l|\u2606jiagah\n|player|p1|\n",
  "uploadtime": 1776672504,
  "views": 16,
  "formatid": "gen9championsvgc2026regma",
  "rating": 1085,
  "private": 0,
  "password": null
}