{
  "id": "gen9championsvgc2026regma-2587906341",
  "format": "[Gen 9 Champions] VGC 2026 Reg M-A",
  "players": [
    "LelBoii",
    "TheBallistic1"
  ],
  "log": "|j|\u2606LelBoii\n|j|\u2606TheBallistic1\n|html|<table width=\"100%\"><tr><td align=\"left\">LelBoii</td><td align=\"right\">TheBallistic1</tr><tr><td align=\"left\"><i class=\"fa fa-circle\"></i> <i class=\"fa fa-circle-o\"></i> </td><td align=\"right\"><i class=\"fa fa-circle-o\"></i> <i class=\"fa fa-circle-o\"></i> </tr></table>\n|uhtml|bestof|<h2><strong>Game 2</strong> of <a href=\"/game-bestof3-gen9championsvgc2026regma-2587905071\">a best-of-3</a></h2>\n|t:|1776577276\n|gametype|doubles\n|player|p1|LelBoii|rosa|\n|player|p2|TheBallistic1|colress|\n|gen|9\n|tier|[Gen 9 Champions] VGC 2026 Reg M-A\n|rated|Tournament battle\n|rule|Species Clause: Limit one of each Pok\u00e9mon\n|rule|Item Clause: Limit 1 of each item\n|raw|<div class=\"infobox\"><details class=\"readmore\" open><summary><strong>2 custom rules:</strong></summary> Force Open Team Sheets, Best of = 3</details></div>\n|clearpoke\n|poke|p1|Scovillain, L50, F|\n|poke|p1|Kingambit, L50, M|\n|poke|p1|Sneasler, L50, M|\n|poke|p1|Primarina, L50, F|\n|poke|p1|Garchomp, L50, F|\n|poke|p1|Aerodactyl, L50, F|\n|poke|p2|Floette-Eternal, L50, F|\n|poke|p2|Charizard, L50, M|\n|poke|p2|Sneasler, L50, F|\n|poke|p2|Milotic, L50, M|\n|poke|p2|Incineroar, L50, F|\n|poke|p2|Sinistcha, L50|\n|teampreview|4\n|showteam|p1|Scovillain||Scovillainite|Chlorophyll|Protect,RagePowder,Flamethrower,LeafStorm|||F|||50|]Kingambit||BlackGlasses|Defiant|Protect,SwordsDance,KowtowCleave,SuckerPunch|||M|||50|]Sneasler||WhiteHerb|Unburden|FakeOut,Protect,DireClaw,CloseCombat|||M|||50|]Primarina||Leftovers|LiquidVoice|Protect,CalmMind,HyperVoice,Moonblast|||F|||50|]Garchomp||HabanBerry|RoughSkin|Protect,Earthquake,StompingTantrum,RockSlide|||F|||50|]Aerodactyl||FocusSash|Unnerve|Protect,Tailwind,WideGuard,RockSlide|||F|||50|\n|showteam|p2|Floette-Eternal||Floettite|FlowerVeil|Protect,Psychic,Moonblast,DazzlingGleam|||F|||50|]Charizard||CharizarditeY|Blaze|Protect,SolarBeam,HeatWave,AirSlash|||M|||50|]Sneasler||WhiteHerb|Unburden|FakeOut,Uturn,CloseCombat,DireClaw|||F|||50|]Milotic||Leftovers|Competitive|Protect,Haze,Scald,IceBeam|||M|||50|]Incineroar||SitrusBerry|Intimidate|FakeOut,PartingShot,FlareBlitz,DarkestLariat|||F|||50|]Sinistcha||MentalHerb|Hospitality|Protect,RagePowder,MatchaGotcha,StrengthSap||||||50|\n|\n|t:|1776577293\n|teamsize|p1|4\n|teamsize|p2|4\n|start\n|switch|p1a: Aerodactyl|Aerodactyl, L50, F|100/100\n|switch|p1b: Sneasler|Sneasler, L50, M|100/100\n|switch|p2a: Floette|Floette-Eternal, L50, F|100/100\n|switch|p2b: Sneasler|Sneasler, L50, F|100/100\n|-ability|p1a: Aerodactyl|Unnerve\n|turn|1\n|\n|t:|1776577306\n|detailschange|p2a: Floette|Floette-Mega, L50, F\n|-mega|p2a: Floette|Floette|Floettite\n|-ability|p2a: Floette|Fairy Aura\n|move|p1a: Aerodactyl|Protect|p1a: Aerodactyl\n|-singleturn|p1a: Aerodactyl|Protect\n|move|p1b: Sneasler|Protect|p1b: Sneasler\n|-singleturn|p1b: Sneasler|Protect\n|move|p2b: Sneasler|Fake Out|p1b: Sneasler\n|-activate|p1b: Sneasler|move: Protect\n|move|p2a: Floette|Psychic|p1b: Sneasler\n|-activate|p1b: Sneasler|move: Protect\n|\n|upkeep\n|turn|2\n|\n|t:|1776577324\n|move|p2a: Floette|Protect|p2a: Floette\n|-singleturn|p2a: Floette|Protect\n|move|p1a: Aerodactyl|Tailwind|p1a: Aerodactyl\n|-sidestart|p1: LelBoii|move: Tailwind\n|move|p1b: Sneasler|Dire Claw|p2a: Floette\n|-activate|p2a: Floette|move: Protect\n|move|p2b: Sneasler|Close Combat|p1a: Aerodactyl\n|-damage|p1a: Aerodactyl|4/100\n|-unboost|p2b: Sneasler|def|1\n|-unboost|p2b: Sneasler|spd|1\n|-enditem|p2b: Sneasler|White Herb\n|-clearnegativeboost|p2b: Sneasler|[silent]\n|\n|upkeep\n|turn|3\n|\n|t:|1776577346\n|switch|p2a: Milotic|Milotic, L50, M|100/100\n|move|p1a: Aerodactyl|Rock Slide|p2a: Milotic|[spread] p2a,p2b\n|-resisted|p2b: Sneasler|1\n|-damage|p2a: Milotic|66/100\n|-damage|p2b: Sneasler|80/100\n|move|p1b: Sneasler|Dire Claw|p2a: Milotic\n|-damage|p2a: Milotic|17/100\n|move|p2b: Sneasler|U-turn|p1a: Aerodactyl\n|-resisted|p1a: Aerodactyl|1\n|-damage|p1a: Aerodactyl|0 fnt\n|faint|p1a: Aerodactyl\n|\n|t:|1776577359\n|switch|p2b: Sinistcha|Sinistcha, L50|100/100|[from] U-turn\n|-heal|p2a: Milotic|42/100|[from] ability: Hospitality|[of] p2b: Sinistcha\n|\n|-heal|p2a: Milotic|48/100|[from] item: Leftovers\n|upkeep\n|\n|t:|1776577363\n|switch|p1a: Scovillain|Scovillain, L50, F|100/100\n|turn|4\n|\n|t:|1776577391\n|switch|p2a: Sneasler|Sneasler, L50, F|80/100\n|detailschange|p1a: Scovillain|Scovillain-Mega, L50, F\n|-mega|p1a: Scovillain|Scovillain|Scovillainite\n|move|p1b: Sneasler|Protect|p1b: Sneasler\n|-singleturn|p1b: Sneasler|Protect\n|move|p1a: Scovillain|Leaf Storm|p2a: Sneasler\n|-resisted|p2a: Sneasler|1\n|-damage|p2a: Sneasler|40/100\n|-unboost|p1a: Scovillain|spa|2\n|move|p2b: Sinistcha|Matcha Gotcha|p1a: Scovillain|[spread] p1a\n|-activate|p1b: Sneasler|move: Protect\n|-resisted|p1a: Scovillain|2\n|-damage|p1a: Scovillain|94/100\n|-status|p2b: Sinistcha|brn|[from] ability: Spicy Spray|[of] p1a: Scovillain\n|\n|-damage|p2b: Sinistcha|94/100 brn|[from] brn\n|upkeep\n|turn|5\n|\n|t:|1776577417\n|switch|p1b: Garchomp|Garchomp, L50, F|100/100\n|switch|p2b: Floette|Floette-Mega, L50, F|100/100\n|-ability|p2b: Floette|Fairy Aura\n|move|p2a: Sneasler|Fake Out|p1b: Garchomp\n|-damage|p1b: Garchomp|86/100\n|-damage|p2a: Sneasler|28/100|[from] ability: Rough Skin|[of] p1b: Garchomp\n|move|p1a: Scovillain|Rage Powder|p1a: Scovillain\n|-singleturn|p1a: Scovillain|move: Rage Powder\n|\n|-sideend|p1: LelBoii|move: Tailwind\n|upkeep\n|turn|6\n|\n|t:|1776577442\n|move|p1a: Scovillain|Protect|p1a: Scovillain\n|-singleturn|p1a: Scovillain|Protect\n|move|p2a: Sneasler|Dire Claw|p1a: Scovillain\n|-activate|p1a: Scovillain|move: Protect\n|move|p2b: Floette|Dazzling Gleam|p1b: Garchomp|[spread] p1b\n|-activate|p1a: Scovillain|move: Protect\n|-supereffective|p1b: Garchomp|1\n|-damage|p1b: Garchomp|0 fnt\n|faint|p1b: Garchomp\n|\n|upkeep\n|\n|t:|1776577456\n|switch|p1b: Sneasler|Sneasler, L50, M|100/100\n|turn|7\n|\n|t:|1776577469\n|move|p1a: Scovillain|Rage Powder|p1a: Scovillain\n|-singleturn|p1a: Scovillain|move: Rage Powder\n|move|p1b: Sneasler|Close Combat|p2a: Sneasler\n|-resisted|p2a: Sneasler|1\n|-damage|p2a: Sneasler|0 fnt\n|-unboost|p1b: Sneasler|def|1\n|-unboost|p1b: Sneasler|spd|1\n|faint|p2a: Sneasler\n|-enditem|p1b: Sneasler|White Herb\n|-clearnegativeboost|p1b: Sneasler|[silent]\n|move|p2b: Floette|Psychic|p1a: Scovillain\n|-damage|p1a: Scovillain|63/100\n|-status|p2b: Floette|brn|[from] ability: Spicy Spray|[of] p1a: Scovillain\n|\n|-damage|p2b: Floette|94/100 brn|[from] brn\n|upkeep\n|\n|t:|1776577481\n|switch|p2a: Milotic|Milotic, L50, M|48/100\n|turn|8\n|j| OnToTheOther\n|inactive|Battle timer is ON: inactive players will automatically lose when time's up. (requested by TheBallistic1)\n|\n|t:|1776577494\n|switch|p2b: Sinistcha|Sinistcha, L50|94/100 brn\n|-heal|p2a: Milotic|72/100|[from] ability: Hospitality|[of] p2b: Sinistcha\n|move|p1b: Sneasler|Dire Claw|p2b: Sinistcha\n|-damage|p2b: Sinistcha|67/100 brn\n|move|p2a: Milotic|Scald|p1b: Sneasler\n|-damage|p1b: Sneasler|57/100\n|move|p1a: Scovillain|Leaf Storm|p2a: Milotic\n|-supereffective|p2a: Milotic|1\n|-damage|p2a: Milotic|18/100\n|-unboost|p1a: Scovillain|spa|2\n|\n|-heal|p2a: Milotic|24/100|[from] item: Leftovers\n|-damage|p2b: Sinistcha|60/100 brn|[from] brn\n|upkeep\n|turn|9\n|\n|t:|1776577516\n|move|p1a: Scovillain|Rage Powder|p1a: Scovillain\n|-singleturn|p1a: Scovillain|move: Rage Powder\n|move|p2b: Sinistcha|Rage Powder|p2b: Sinistcha\n|-singleturn|p2b: Sinistcha|move: Rage Powder\n|move|p1b: Sneasler|Dire Claw|p2b: Sinistcha\n|-damage|p2b: Sinistcha|27/100 brn\n|move|p2a: Milotic|Scald|p1a: Scovillain\n|-damage|p1a: Scovillain|29/100\n|-status|p2a: Milotic|brn|[from] ability: Spicy Spray|[of] p1a: Scovillain\n|\n|-heal|p2a: Milotic|30/100 brn|[from] item: Leftovers\n|-damage|p2a: Milotic|24/100 brn|[from] brn\n|-damage|p2b: Sinistcha|21/100 brn|[from] brn\n|upkeep\n|turn|10\n|\n|t:|1776577533\n|switch|p2a: Floette|Floette-Mega, L50, F|94/100 brn\n|-ability|p2a: Floette|Fairy Aura\n|move|p1b: Sneasler|Protect|p1b: Sneasler\n|-singleturn|p1b: Sneasler|Protect\n|move|p1a: Scovillain|Protect|p1a: Scovillain\n|-singleturn|p1a: Scovillain|Protect\n|move|p2b: Sinistcha|Rage Powder|p2b: Sinistcha\n|-singleturn|p2b: Sinistcha|move: Rage Powder\n|\n|-damage|p2a: Floette|88/100 brn|[from] brn\n|-damage|p2b: Sinistcha|15/100 brn|[from] brn\n|upkeep\n|turn|11\n|\n|t:|1776577548\n|move|p1a: Scovillain|Rage Powder|p1a: Scovillain\n|-singleturn|p1a: Scovillain|move: Rage Powder\n|move|p2b: Sinistcha|Rage Powder|p2b: Sinistcha\n|-singleturn|p2b: Sinistcha|move: Rage Powder\n|move|p1b: Sneasler|Dire Claw|p2b: Sinistcha\n|-damage|p2b: Sinistcha|0 fnt\n|faint|p2b: Sinistcha\n|move|p2a: Floette|Psychic|p1a: Scovillain\n|-damage|p1a: Scovillain|0 fnt\n|faint|p1a: Scovillain\n|\n|-damage|p2a: Floette|82/100 brn|[from] brn\n|upkeep\n|\n|t:|1776577556\n|switch|p2b: Milotic|Milotic, L50, M|24/100 brn\n|turn|12\n|\n|t:|1776577560\n|move|p1b: Sneasler|Protect|p1b: Sneasler\n|-singleturn|p1b: Sneasler|Protect\n|move|p2a: Floette|Protect|p2a: Floette\n|-singleturn|p2a: Floette|Protect\n|move|p2b: Milotic|Scald|p1b: Sneasler\n|-activate|p1b: Sneasler|move: Protect\n|\n|-heal|p2b: Milotic|30/100 brn|[from] item: Leftovers\n|-damage|p2a: Floette|76/100 brn|[from] brn\n|-damage|p2b: Milotic|24/100 brn|[from] brn\n|upkeep\n|turn|13\n|\n|t:|1776577571\n|move|p1b: Sneasler|Dire Claw|p2a: Floette\n|-supereffective|p2a: Floette|1\n|-damage|p2a: Floette|0 fnt\n|faint|p2a: Floette\n|move|p2b: Milotic|Scald|p1b: Sneasler\n|-damage|p1b: Sneasler|8/100\n|\n|-heal|p2b: Milotic|30/100 brn|[from] item: Leftovers\n|-damage|p2b: Milotic|24/100 brn|[from] brn\n|upkeep\n|turn|14\n|\n|t:|1776577586\n|move|p1b: Sneasler|Close Combat|p2b: Milotic\n|-damage|p2b: Milotic|0 fnt\n|-unboost|p1b: Sneasler|def|1\n|-unboost|p1b: Sneasler|spd|1\n|faint|p2b: Milotic\n|\n|win|LelBoii\n",
  "uploadtime": 1776577591,
  "views": 16,
  "formatid": "gen9championsvgc2026regma",
  "rating": null,
  "private": 0,
  "password": null
}