{
  "id": "gen9championsvgc2026regma-2582346738",
  "format": "[Gen 9 Champions] VGC 2026 Reg M-A",
  "players": [
    "SimMikaze",
    "alxback"
  ],
  "log": "|j|\u2606SimMikaze\n|j|\u2606alxback\n|t:|1776085261\n|gametype|doubles\n|player|p1|SimMikaze|miku-ghost|1383\n|player|p2|alxback|swimmer|1331\n|gen|9\n|tier|[Gen 9 Champions] VGC 2026 Reg M-A\n|rated|\n|rule|Species Clause: Limit one of each Pok\u00e9mon\n|rule|Item Clause: Limit 1 of each item\n|clearpoke\n|poke|p1|Floette-Eternal, L50, F|\n|poke|p1|Maushold-Four, L50|\n|poke|p1|Garchomp, L50, F|\n|poke|p1|Talonflame, L50, F|\n|poke|p1|Sinistcha, L50|\n|poke|p1|Incineroar, L50, M|\n|poke|p2|Blastoise, L50, F|\n|poke|p2|Farigiraf, L50, F|\n|poke|p2|Aggron, L50, M|\n|poke|p2|Sinistcha, L50|\n|poke|p2|Rhyperior, L50, M|\n|poke|p2|Torkoal, L50, M|\n|teampreview|4\n|inactive|Battle timer is ON: inactive players will automatically lose when time's up. (requested by alxback)\n|inactive|SimMikaze has 60 seconds left.\n|\n|t:|1776085293\n|teamsize|p1|4\n|teamsize|p2|4\n|start\n|switch|p1a: Floette|Floette-Eternal, L50, F|100/100\n|switch|p1b: Maushold|Maushold-Four, L50|100/100\n|switch|p2a: US Big belly|Blastoise, L50, F, shiny|100/100\n|switch|p2b: UK Long neck|Farigiraf, L50, F, shiny|100/100\n|turn|1\n|inactive|alxback has 30 seconds left.\n|inactive|SimMikaze has 30 seconds left.\n|inactive|alxback has 20 seconds left.\n|\n|t:|1776085333\n|detailschange|p1a: Floette|Floette-Mega, L50, F\n|-mega|p1a: Floette|Floette|Floettite\n|-ability|p1a: Floette|Fairy Aura\n|move|p2a: US Big belly|Fake Out|p1a: Floette\n|-damage|p1a: Floette|94/100\n|move|p1b: Maushold|Taunt|p2a: US Big belly\n|-start|p2a: US Big belly|move: Taunt\n|cant|p1a: Floette|flinch\n|move|p2b: UK Long neck|Trick Room|p2b: UK Long neck\n|-fieldstart|move: Trick Room|[of] p2b: UK Long neck\n|\n|upkeep\n|turn|2\n|\n|t:|1776085349\n|detailschange|p2a: US Big belly|Blastoise-Mega, L50, F, shiny\n|-mega|p2a: US Big belly|Blastoise|Blastoisinite\n|move|p2b: UK Long neck|Rain Dance|p2b: UK Long neck\n|-weather|RainDance\n|move|p2a: US Big belly|Water Spout|p1b: Maushold|[spread] p1a,p1b\n|-damage|p1a: Floette|38/100\n|-enditem|p1b: Maushold|Focus Sash\n|-damage|p1b: Maushold|1/100\n|move|p1a: Floette|Calm Mind|p1a: Floette\n|-boost|p1a: Floette|spa|1\n|-boost|p1a: Floette|spd|1\n|move|p1b: Maushold|Super Fang|p2a: US Big belly\n|-damage|p2a: US Big belly|50/100\n|\n|-weather|RainDance|[upkeep]\n|upkeep\n|turn|3\n|c|\u2606alxback|did you click something wrong?\n|inactive|SimMikaze has 30 seconds left.\n|c|\u2606SimMikaze|Yeah\n|inactive|SimMikaze has 20 seconds left.\n|inactive|SimMikaze has 15 seconds left.\n|\n|t:|1776085393\n|move|p2b: UK Long neck|Psychic|p1a: Floette\n|-damage|p1a: Floette|22/100\n|move|p2a: US Big belly|Water Spout|p1b: Maushold|[spread] p1a,p1b\n|-damage|p1a: Floette|5/100\n|-damage|p1b: Maushold|0 fnt\n|faint|p1b: Maushold\n|move|p1a: Floette|Dazzling Gleam|p2a: US Big belly|[spread] p2a,p2b\n|-damage|p2a: US Big belly|0 fnt\n|-damage|p2b: UK Long neck|18/100\n|faint|p2a: US Big belly\n|\n|-weather|RainDance|[upkeep]\n|upkeep\n|c|\u2606alxback|it's ok i make that mistake too\n|\n|t:|1776085407\n|switch|p2a: France Speed|Torkoal, L50, M|100/100\n|switch|p1b: Talonflame|Talonflame, L50, F|100/100\n|-weather|SunnyDay|[from] ability: Drought|[of] p2a: France Speed\n|turn|4\n|\n|t:|1776085430\n|move|p1a: Floette|Protect|p1a: Floette\n|-singleturn|p1a: Floette|Protect\n|move|p1b: Talonflame|Acrobatics||[still]\n|cant|p2b: UK Long neck|ability: Armor Tail|Acrobatics|[of] p1b: Talonflame\n|move|p2a: France Speed|Eruption|p1b: Talonflame|[spread] p1b\n|-activate|p1a: Floette|move: Protect\n|-resisted|p1b: Talonflame|1\n|-damage|p1b: Talonflame|34/100\n|move|p2b: UK Long neck|Psychic|p1b: Talonflame\n|-damage|p1b: Talonflame|0 fnt\n|faint|p1b: Talonflame\n|\n|-weather|SunnyDay|[upkeep]\n|upkeep\n|\n|t:|1776085435\n|switch|p1b: Garchomp|Garchomp, L50, F|100/100\n|turn|5\n|j| Junglebolt\n|l| Junglebolt\n|inactive|SimMikaze has 30 seconds left.\n|\n|t:|1776085460\n|move|p2a: France Speed|Eruption|p1b: Garchomp|[spread] p1a,p1b\n|-resisted|p1b: Garchomp|1\n|-damage|p1a: Floette|0 fnt\n|-damage|p1b: Garchomp|53/100\n|faint|p1a: Floette\n|move|p2b: UK Long neck|Hyper Voice|p1b: Garchomp\n|-damage|p1b: Garchomp|0 fnt\n|faint|p1b: Garchomp\n|\n|win|alxback\n|raw|SimMikaze's rating: 1383 &rarr; <strong>1360</strong><br />(-23 for losing)\n|raw|alxback's rating: 1331 &rarr; <strong>1354</strong><br />(+23 for winning)\n|c|\u2606alxback|actually i'm curious if you can kill my last pokemon\n|l|\u2606alxback\n|player|p2|\n|c|\u2606SimMikaze|I meant to taunt the farigraf\n",
  "uploadtime": 1776085463,
  "views": 21,
  "formatid": "gen9championsvgc2026regma",
  "rating": 1354,
  "private": 0,
  "password": null
}