{
  "id": "gen9championsvgc2026regma-2589428869",
  "format": "[Gen 9 Champions] VGC 2026 Reg M-A",
  "players": [
    "Mauricio1105",
    "Tailwind Lobbyist"
  ],
  "log": "|j|\u2606Mauricio1105\n|j|\u2606Tailwind Lobbyist\n|t:|1776722176\n|gametype|doubles\n|player|p1|Mauricio1105|firebreather|1204\n|player|p2|Tailwind Lobbyist|clerkf|1232\n|gen|9\n|tier|[Gen 9 Champions] VGC 2026 Reg M-A\n|rated|\n|rule|Species Clause: Limit one of each Pok\u00e9mon\n|rule|Item Clause: Limit 1 of each item\n|clearpoke\n|poke|p1|Floette-Eternal, L50, F|\n|poke|p1|Garchomp, L50, F|\n|poke|p1|Sneasler, L50, M|\n|poke|p1|Incineroar, L50, F|\n|poke|p1|Aegislash, L50, F|\n|poke|p1|Sinistcha, L50|\n|poke|p2|Gardevoir, L50, F, shiny|\n|poke|p2|Aegislash, L50, F, shiny|\n|poke|p2|Sneasler, L50, F|\n|poke|p2|Dragonite, L50, F, shiny|\n|poke|p2|Incineroar, L50, M|\n|poke|p2|Araquanid, L50, M, shiny|\n|teampreview|4\n|inactive|Battle timer is ON: inactive players will automatically lose when time's up. (requested by Mauricio1105)\nTailwind Lobbyist has agreed to open team sheets.\n|\n|t:|1776722205\n|teamsize|p1|4\n|teamsize|p2|4\n|start\n|switch|p1a: Garchomp|Garchomp, L50, F|100/100\n|switch|p1b: Aegislash|Aegislash, L50, F|100/100\n|switch|p2a: Great Tornado|Dragonite, L50, F, shiny|100/100\n|switch|p2b: Dynatag|Incineroar, L50, M|100/100\n|-ability|p2b: Dynatag|Intimidate|boost\n|-unboost|p1a: Garchomp|atk|1\n|-unboost|p1b: Aegislash|atk|1\n|turn|1\n|inactive|Mauricio1105 has 30 seconds left.\n|\n|t:|1776722236\n|move|p2b: Dynatag|Fake Out|p1a: Garchomp\n|-damage|p1a: Garchomp|90/100\n|-damage|p2b: Dynatag|88/100|[from] ability: Rough Skin|[of] p1a: Garchomp\n|cant|p1a: Garchomp|flinch\n|-formechange|p1b: Aegislash|Aegislash-Blade|\n|move|p1b: Aegislash|Shadow Ball|p2a: Great Tornado\n|-damage|p2a: Great Tornado|53/100\n|move|p2a: Great Tornado|Tailwind|p2a: Great Tornado\n|-sidestart|p2: Tailwind Lobbyist|move: Tailwind\n|\n|upkeep\n|turn|2\n|inactive|Tailwind Lobbyist has 30 seconds left.\n|\n|t:|1776722264\n|-formechange|p1b: Aegislash|Aegislash|\n|move|p1b: Aegislash|King's Shield|p1b: Aegislash\n|-singleturn|p1b: Aegislash|Protect\n|move|p1a: Garchomp|Rock Slide|p2b: Dynatag|[spread] p2a,p2b\n|-supereffective|p2a: Great Tornado|1\n|-supereffective|p2b: Dynatag|1\n|-damage|p2a: Great Tornado|28/100\n|-damage|p2b: Dynatag|64/100\n|move|p2a: Great Tornado|Heat Wave|p1b: Aegislash|[spread] p1a\n|-activate|p1b: Aegislash|move: Protect\n|-resisted|p1a: Garchomp|1\n|-damage|p1a: Garchomp|78/100\n|cant|p2b: Dynatag|flinch\n|\n|upkeep\n|turn|3\n|\n|t:|1776722288\n|switch|p1a: Sneasler|Sneasler, L50, M|100/100\n|move|p2a: Great Tornado|Draco Meteor|p1a: Sneasler\n|-damage|p1a: Sneasler|33/100\n|-unboost|p2a: Great Tornado|spa|2\n|move|p2b: Dynatag|Darkest Lariat|p1b: Aegislash\n|-supereffective|p1b: Aegislash|1\n|-damage|p1b: Aegislash|43/100\n|-formechange|p1b: Aegislash|Aegislash-Blade|\n|move|p1b: Aegislash|Shadow Ball|p2a: Great Tornado\n|-damage|p2a: Great Tornado|0 fnt\n|faint|p2a: Great Tornado\n|\n|upkeep\n|\n|t:|1776722299\n|switch|p2a: Rikka|Gardevoir, L50, F, shiny|100/100\n|-ability|p2a: Rikka|Unburden|Trace|[from] ability: Trace|[of] p1a: Sneasler\n|turn|4\n|\n|t:|1776722312\n|detailschange|p2a: Rikka|Gardevoir-Mega, L50, F, shiny\n|-mega|p2a: Rikka|Gardevoir|Gardevoirite\n|move|p1a: Sneasler|Fake Out|p2a: Rikka\n|-damage|p2a: Rikka|73/100\n|cant|p2a: Rikka|flinch\n|move|p2b: Dynatag|Darkest Lariat|p1b: Aegislash\n|-supereffective|p1b: Aegislash|1\n|-damage|p1b: Aegislash|0 fnt\n|faint|p1b: Aegislash\n|\n|-sideend|p2: Tailwind Lobbyist|move: Tailwind\n|upkeep\n|\n|t:|1776722320\n|switch|p1b: Garchomp|Garchomp, L50, F|78/100\n|turn|5\n|\n|t:|1776722331\n|switch|p2b: Mariner|Araquanid, L50, M, shiny|100/100\n|move|p2a: Rikka|Protect|p2a: Rikka\n|-singleturn|p2a: Rikka|Protect\n|move|p1b: Garchomp|Iron Head|p2a: Rikka\n|-activate|p2a: Rikka|move: Protect\n|move|p1a: Sneasler|Close Combat|p2b: Mariner\n|-resisted|p2b: Mariner|1\n|-damage|p2b: Mariner|64/100\n|-unboost|p1a: Sneasler|def|1\n|-unboost|p1a: Sneasler|spd|1\n|-enditem|p1a: Sneasler|White Herb\n|-clearnegativeboost|p1a: Sneasler|[silent]\n|\n|upkeep\n|turn|6\n|\n|t:|1776722342\n|switch|p2a: Dynatag|Incineroar, L50, M|64/100\n|-ability|p2a: Dynatag|Intimidate|boost\n|-unboost|p1a: Sneasler|atk|1\n|-unboost|p1b: Garchomp|atk|1\n|move|p1a: Sneasler|Dire Claw|p2a: Dynatag\n|-damage|p2a: Dynatag|38/100\n|-enditem|p2a: Dynatag|Sitrus Berry|[eat]\n|-heal|p2a: Dynatag|62/100|[from] item: Sitrus Berry\n|move|p1b: Garchomp|Iron Head|p2a: Dynatag\n|-resisted|p2a: Dynatag|1\n|-damage|p2a: Dynatag|53/100\n|move|p2b: Mariner|Icy Wind|p1b: Garchomp|[spread] p1a,p1b\n|-supereffective|p1b: Garchomp|2\n|-damage|p1a: Sneasler|27/100\n|-damage|p1b: Garchomp|57/100\n|-unboost|p1a: Sneasler|spe|1\n|-unboost|p1b: Garchomp|spe|1\n|\n|upkeep\n|turn|7\n|inactive|Tailwind Lobbyist has 30 seconds left.\n|inactive|Tailwind Lobbyist has 20 seconds left.\n|\n|t:|1776722378\n|switch|p1b: Floette|Floette-Eternal, L50, F|100/100\n|move|p2a: Dynatag|Fake Out|p1a: Sneasler\n|-damage|p1a: Sneasler|12/100\n|cant|p1a: Sneasler|flinch\n|move|p2b: Mariner|Liquidation|p1a: Sneasler\n|-damage|p1a: Sneasler|0 fnt\n|faint|p1a: Sneasler\n|\n|upkeep\n|\n|t:|1776722387\n|switch|p1a: Garchomp|Garchomp, L50, F|57/100\n|turn|8\n|\n|t:|1776722398\n|move|p2b: Mariner|Wide Guard|p2b: Mariner\n|-singleturn|p2b: Mariner|Wide Guard\n|move|p1a: Garchomp|Rock Slide|p2a: Dynatag|[spread] \n|-activate|p2a: Dynatag|move: Wide Guard\n|-activate|p2b: Mariner|move: Wide Guard\n|move|p1b: Floette|Calm Mind|p1b: Floette\n|-boost|p1b: Floette|spa|1\n|-boost|p1b: Floette|spd|1\n|move|p2a: Dynatag|Parting Shot|p1b: Floette\n|-unboost|p1b: Floette|atk|1\n|-unboost|p1b: Floette|spa|1\n|\n|t:|1776722420\n|switch|p2a: Rikka|Gardevoir-Mega, L50, F, shiny|73/100|[from] Parting Shot\n|\n|upkeep\n|turn|9\n|\n|t:|1776722433\n|move|p1a: Garchomp|Rock Slide|p2b: Mariner|[spread] p2a,p2b\n|-supereffective|p2b: Mariner|1\n|-damage|p2a: Rikka|36/100\n|-damage|p2b: Mariner|15/100\n|move|p2a: Rikka|Hyper Voice|p1b: Floette|[spread] p1a,p1b\n|-supereffective|p1a: Garchomp|1\n|-crit|p1a: Garchomp\n|-damage|p1a: Garchomp|0 fnt\n|-damage|p1b: Floette|70/100\n|faint|p1a: Garchomp\n|move|p1b: Floette|Calm Mind|p1b: Floette\n|-boost|p1b: Floette|spa|1\n|-boost|p1b: Floette|spd|1\n|move|p2b: Mariner|Liquidation|p1b: Floette\n|-damage|p1b: Floette|0 fnt\n|faint|p1b: Floette\n|\n|win|Tailwind Lobbyist\n|raw|Mauricio1105's rating: 1204 &rarr; <strong>1181</strong><br />(-23 for losing)\n|raw|Tailwind Lobbyist's rating: 1232 &rarr; <strong>1255</strong><br />(+23 for winning)\n|l|\u2606Mauricio1105\n|player|p1|\n",
  "uploadtime": 1776722458,
  "views": 15,
  "formatid": "gen9championsvgc2026regma",
  "rating": 1181,
  "private": 0,
  "password": null
}