{
  "id": "gen9championsvgc2026regma-2587235867",
  "format": "[Gen 9 Champions] VGC 2026 Reg M-A",
  "players": [
    "magicalarcher57",
    "Hobbit"
  ],
  "log": "|j|\u2606magicalarcher57\n|j|\u2606Hobbit\n|html|<table width=\"100%\"><tr><td align=\"left\">magicalarcher57</td><td align=\"right\">Hobbit</tr><tr><td align=\"left\"><i class=\"fa fa-circle\"></i> <i class=\"fa fa-circle-o\"></i> </td><td align=\"right\"><i class=\"fa fa-circle-o\"></i> <i class=\"fa fa-circle-o\"></i> </tr></table>\n|uhtml|bestof|<h2><strong>Game 2</strong> of <a href=\"/game-bestof3-gen9championsvgc2026regma-2587233816\">a best-of-3</a></h2>\n|t:|1776512671\n|gametype|doubles\n|player|p1|magicalarcher57|valerie|\n|player|p2|Hobbit|#smogonxnpa2025winner|\n|gen|9\n|tier|[Gen 9 Champions] VGC 2026 Reg M-A\n|rated|Tournament battle\n|rule|Species Clause: Limit one of each Pok\u00e9mon\n|rule|Item Clause: Limit 1 of each item\n|raw|<div class=\"infobox\"><details class=\"readmore\" open><summary><strong>2 custom rules:</strong></summary> Force Open Team Sheets, Best of = 3</details></div>\n|clearpoke\n|poke|p1|Kangaskhan, L50, F, shiny|\n|poke|p1|Farigiraf, L50, M, shiny|\n|poke|p1|Talonflame, L50, M, shiny|\n|poke|p1|Floette-Eternal, L50, F|\n|poke|p1|Sneasler, L50, M, shiny|\n|poke|p1|Basculegion, L50, M, shiny|\n|poke|p2|Gardevoir, L50, F|\n|poke|p2|Maushold-Four, L50|\n|poke|p2|Incineroar, L50, F|\n|poke|p2|Araquanid, L50, M|\n|poke|p2|Meowscarada, L50, M|\n|poke|p2|Aerodactyl, L50, F|\n|teampreview|4\n|showteam|p1|Kangaskhan||Kangaskhanite|Scrappy|FakeOut,HammerArm,DoubleEdge,Crunch|||F|||50|]Farigiraf||ColburBerry|ArmorTail|ShadowBall,HyperVoice,TrickRoom,Psychic|||M|||50|]Talonflame||SharpBeak|GaleWings|Tailwind,Taunt,Overheat,BraveBird|||M|||50|]Floette-Eternal||Floettite|FlowerVeil|Moonblast,LightofRuin,DazzlingGleam,Protect|||F|||50|]Sneasler||FocusSash|Unburden|FakeOut,CloseCombat,DireClaw,Protect|||M|||50|]Basculegion||MysticWater|Adaptability|WaveCrash,LastRespects,AquaJet,Protect|||M|||50|\n|showteam|p2|Gardevoir||Gardevoirite|Trace|HyperVoice,Psyshock,TrickRoom,Protect|||F|||50|]Maushold-Four||SitrusBerry|FriendGuard|SuperFang,FollowMe,ThunderWave,Protect||||||50|]Incineroar||Leftovers|Intimidate|FlareBlitz,DarkestLariat,PartingShot,FakeOut|||F|||50|]Araquanid||MysticWater|WaterBubble|Liquidation,BugBite,WideGuard,Protect|||M|||50|]Meowscarada||ChoiceScarf|Protean|FlowerTrick,TripleAxel,SuckerPunch,Uturn|||M|||50|]Aerodactyl||FocusSash|Unnerve|RockSlide,DualWingbeat,Tailwind,Protect|||F|||50|\n|\n|t:|1776512683\n|teamsize|p1|4\n|teamsize|p2|4\n|start\n|switch|p1a: Ryoiki Tenkai|Farigiraf, L50, M, shiny|100/100\n|switch|p1b: Kangaskhan|Kangaskhan, L50, F, shiny|100/100\n|switch|p2a: Incineroar|Incineroar, L50, F|100/100\n|switch|p2b: Gardevoir|Gardevoir, L50, F|100/100\n|-ability|p2b: Gardevoir|Scrappy|Trace|[from] ability: Trace|[of] p1b: Kangaskhan\n|-ability|p2a: Incineroar|Intimidate|boost\n|-unboost|p1a: Ryoiki Tenkai|atk|1\n|-fail|p1b: Kangaskhan|unboost|Attack|[from] ability: Scrappy|[of] p1b: Kangaskhan\n|turn|1\n|\n|t:|1776512702\n|switch|p2a: Araquanid|Araquanid, L50, M|100/100\n|detailschange|p2b: Gardevoir|Gardevoir-Mega, L50, F\n|-mega|p2b: Gardevoir|Gardevoir|Gardevoirite\n|detailschange|p1b: Kangaskhan|Kangaskhan-Mega, L50, F, shiny\n|-mega|p1b: Kangaskhan|Kangaskhan|Kangaskhanite\n|move|p2b: Gardevoir|Protect|p2b: Gardevoir\n|-singleturn|p2b: Gardevoir|Protect\n|move|p1b: Kangaskhan|Hammer Arm|p2a: Araquanid\n|-resisted|p2a: Araquanid|1\n|-damage|p2a: Araquanid|81/100\n|-unboost|p1b: Kangaskhan|spe|1\n|-resisted|p2a: Araquanid|1\n|-damage|p2a: Araquanid|76/100\n|-unboost|p1b: Kangaskhan|spe|1\n|-hitcount|p2a: Araquanid|2\n|move|p1a: Ryoiki Tenkai|Hyper Voice|p2a: Araquanid|[spread] p2a\n|-activate|p2b: Gardevoir|move: Protect\n|-damage|p2a: Araquanid|48/100\n|\n|upkeep\n|turn|2\n|\n|t:|1776512716\n|switch|p2a: Incineroar|Incineroar, L50, F|100/100\n|-ability|p2a: Incineroar|Intimidate|boost\n|-unboost|p1a: Ryoiki Tenkai|atk|1\n|-unboost|p1b: Kangaskhan|atk|1\n|move|p2b: Gardevoir|Hyper Voice|p1a: Ryoiki Tenkai|[spread] p1a,p1b\n|-damage|p1a: Ryoiki Tenkai|44/100\n|-damage|p1b: Kangaskhan|56/100\n|move|p1b: Kangaskhan|Double-Edge|p2b: Gardevoir\n|-damage|p2b: Gardevoir|42/100\n|-damage|p2b: Gardevoir|28/100\n|-hitcount|p2b: Gardevoir|2\n|-damage|p1b: Kangaskhan|38/100|[from] Recoil\n|move|p1a: Ryoiki Tenkai|Trick Room|p1a: Ryoiki Tenkai\n|-fieldstart|move: Trick Room|[of] p1a: Ryoiki Tenkai\n|\n|upkeep\n|turn|3\n|j| knoxxzeta\n|\n|t:|1776512734\n|move|p2b: Gardevoir|Protect|p2b: Gardevoir\n|-singleturn|p2b: Gardevoir|Protect\n|move|p1b: Kangaskhan|Double-Edge|p2a: Incineroar\n|-damage|p2a: Incineroar|68/100\n|-damage|p2a: Incineroar|60/100\n|-hitcount|p2a: Incineroar|2\n|-damage|p1b: Kangaskhan|26/100|[from] Recoil\n|move|p1a: Ryoiki Tenkai|Hyper Voice|p2a: Incineroar|[spread] p2a\n|-activate|p2b: Gardevoir|move: Protect\n|-damage|p2a: Incineroar|29/100\n|move|p2a: Incineroar|Flare Blitz|p1b: Kangaskhan\n|-damage|p1b: Kangaskhan|0 fnt\n|faint|p1b: Kangaskhan\n|-damage|p2a: Incineroar|20/100|[from] Recoil\n|\n|-heal|p2a: Incineroar|26/100|[from] item: Leftovers\n|upkeep\n|j| gambitofking\n|\n|t:|1776512746\n|switch|p1b: Sneasler|Sneasler, L50, M, shiny|100/100\n|turn|4\n|\n|t:|1776512762\n|move|p1b: Sneasler|Fake Out|p2b: Gardevoir\n|-damage|p2b: Gardevoir|10/100\n|move|p2a: Incineroar|Parting Shot|p1a: Ryoiki Tenkai\n|-unboost|p1a: Ryoiki Tenkai|atk|1\n|-unboost|p1a: Ryoiki Tenkai|spa|1\n|\n|t:|1776512773\n|switch|p2a: Araquanid|Araquanid, L50, M|48/100|[from] Parting Shot\n|cant|p2b: Gardevoir|flinch\n|move|p1a: Ryoiki Tenkai|Trick Room|p1a: Ryoiki Tenkai\n|-fieldend|move: Trick Room\n|\n|upkeep\n|turn|5\n|\n|t:|1776512796\n|switch|p2b: Incineroar|Incineroar, L50, F|26/100\n|-ability|p2b: Incineroar|Intimidate|boost\n|-unboost|p1a: Ryoiki Tenkai|atk|1\n|-unboost|p1b: Sneasler|atk|1\n|move|p1b: Sneasler|Dire Claw|p2b: Incineroar\n|-damage|p2b: Incineroar|3/100\n|move|p1a: Ryoiki Tenkai|Psychic|p2a: Araquanid\n|-damage|p2a: Araquanid|24/100\n|move|p2a: Araquanid|Liquidation|p1a: Ryoiki Tenkai\n|-damage|p1a: Ryoiki Tenkai|0 fnt\n|faint|p1a: Ryoiki Tenkai\n|\n|-heal|p2b: Incineroar|9/100|[from] item: Leftovers\n|upkeep\n|\n|t:|1776512799\n|switch|p1a: Athena|Talonflame, L50, M, shiny|100/100\n|turn|6\n|\n|t:|1776512812\n|move|p2b: Incineroar|Fake Out|p1a: Athena\n|-damage|p1a: Athena|84/100\n|cant|p1a: Athena|flinch\n|move|p1b: Sneasler|Dire Claw|p2a: Araquanid\n|-damage|p2a: Araquanid|0 fnt\n|faint|p2a: Araquanid\n|\n|-heal|p2b: Incineroar|15/100|[from] item: Leftovers\n|upkeep\n|\n|t:|1776512819\n|switch|p2a: Aerodactyl|Aerodactyl, L50, F|100/100\n|-ability|p2a: Aerodactyl|Unnerve\n|turn|7\n|\n|t:|1776512841\n|move|p1b: Sneasler|Protect|p1b: Sneasler\n|-singleturn|p1b: Sneasler|Protect\n|move|p2a: Aerodactyl|Rock Slide|p1b: Sneasler|[spread] p1a\n|-activate|p1b: Sneasler|move: Protect\n|-supereffective|p1a: Athena|2\n|-damage|p1a: Athena|0 fnt\n|faint|p1a: Athena\n|move|p2b: Incineroar|Parting Shot|p1b: Sneasler\n|-activate|p1b: Sneasler|move: Protect\n|\n|-heal|p2b: Incineroar|21/100|[from] item: Leftovers\n|upkeep\n|turn|8\n|-message|magicalarcher57 forfeited.\n|\n|win|Hobbit\n",
  "uploadtime": 1776512845,
  "views": 14,
  "formatid": "gen9championsvgc2026regma",
  "rating": null,
  "private": 0,
  "password": null
}