{
  "id": "gen9championsvgc2026regma-2582847447",
  "format": "[Gen 9 Champions] VGC 2026 Reg M-A",
  "players": [
    "2mcdoubles",
    "silkandiron"
  ],
  "log": "|j|\u26062mcdoubles\n|j|\u2606silkandiron\n|t:|1776118774\n|gametype|doubles\n|player|p1|2mcdoubles|265|1111\n|player|p2|silkandiron|1|1201\n|gen|9\n|tier|[Gen 9 Champions] VGC 2026 Reg M-A\n|rated|\n|rule|Species Clause: Limit one of each Pok\u00e9mon\n|rule|Item Clause: Limit 1 of each item\n|clearpoke\n|poke|p1|Meganium, L50, M|\n|poke|p1|Dragonite, L50, M|\n|poke|p1|Archaludon, L50, M|\n|poke|p1|Pelipper, L50, F|\n|poke|p1|Basculegion, L50, M|\n|poke|p1|Sneasler, L50, M|\n|poke|p2|Sneasler, L50, M|\n|poke|p2|Tyranitar, L50, F|\n|poke|p2|Rotom-Wash, L50|\n|poke|p2|Excadrill, L50, F|\n|poke|p2|Dragapult, L50, F|\n|poke|p2|Meganium, L50, F|\n|teampreview|4\n2mcdoubles has agreed to open team sheets.\n|inactive|Battle timer is ON: inactive players will automatically lose when time's up. (requested by 2mcdoubles)\n|\n|t:|1776118815\n|teamsize|p1|4\n|teamsize|p2|4\n|start\n|switch|p1a: Meganium|Meganium, L50, M|100/100\n|switch|p1b: Sneasler|Sneasler, L50, M|100/100\n|switch|p2a: Sneasler|Sneasler, L50, M|100/100\n|switch|p2b: Rotom|Rotom-Wash, L50|100/100\n|turn|1\n|\n|t:|1776118837\n|switch|p1a: Pelipper|Pelipper, L50, F|100/100\n|-weather|RainDance|[from] ability: Drizzle|[of] p1a: Pelipper\n|move|p1b: Sneasler|Fake Out|p2b: Rotom\n|-damage|p2b: Rotom|86/100\n|move|p2a: Sneasler|Fake Out|p1b: Sneasler\n|-damage|p1b: Sneasler|75/100\n|cant|p2b: Rotom|flinch\n|\n|-weather|RainDance|[upkeep]\n|upkeep\n|turn|2\n|\n|t:|1776118858\n|move|p1b: Sneasler|Dire Claw|p2b: Rotom\n|-damage|p2b: Rotom|46/100\n|-enditem|p2b: Rotom|Sitrus Berry|[eat]\n|-heal|p2b: Rotom|71/100|[from] item: Sitrus Berry\n|move|p2a: Sneasler|Close Combat|p1a: Pelipper\n|-resisted|p1a: Pelipper|1\n|-damage|p1a: Pelipper|71/100\n|-unboost|p2a: Sneasler|def|1\n|-unboost|p2a: Sneasler|spd|1\n|-enditem|p2a: Sneasler|White Herb\n|-clearnegativeboost|p2a: Sneasler|[silent]\n|move|p2b: Rotom|Volt Switch|p1a: Pelipper\n|-supereffective|p1a: Pelipper|2\n|-damage|p1a: Pelipper|0 fnt\n|faint|p1a: Pelipper\n|\n|t:|1776118875\n|switch|p2b: Tyranitar|Tyranitar, L50, F|100/100|[from] Volt Switch\n|-weather|Sandstorm|[from] ability: Sand Stream|[of] p2b: Tyranitar\n|\n|-weather|Sandstorm|[upkeep]\n|-damage|p2a: Sneasler|95/100|[from] Sandstorm\n|-damage|p1b: Sneasler|70/100|[from] Sandstorm\n|upkeep\n|\n|t:|1776118884\n|switch|p1a: Meganium|Meganium, L50, M|100/100\n|turn|3\n|inactive|2mcdoubles has 30 seconds left.\n|\n|t:|1776118923\n|detailschange|p1a: Meganium|Meganium-Mega, L50, M\n|-mega|p1a: Meganium|Meganium|Meganiumite\n|move|p1a: Meganium|Protect|p1a: Meganium\n|-singleturn|p1a: Meganium|Protect\n|move|p2a: Sneasler|Dire Claw|p1a: Meganium\n|-activate|p1a: Meganium|move: Protect\n|move|p1b: Sneasler|Close Combat|p2a: Sneasler\n|-resisted|p2a: Sneasler|1\n|-damage|p2a: Sneasler|45/100\n|-unboost|p1b: Sneasler|def|1\n|-unboost|p1b: Sneasler|spd|1\n|-enditem|p1b: Sneasler|White Herb\n|-clearnegativeboost|p1b: Sneasler|[silent]\n|move|p2b: Tyranitar|Ice Punch|p1b: Sneasler\n|-damage|p1b: Sneasler|24/100\n|\n|-weather|Sandstorm|[upkeep]\n|-damage|p1b: Sneasler|18/100|[from] Sandstorm\n|-damage|p2a: Sneasler|39/100|[from] Sandstorm\n|-damage|p1a: Meganium|95/100|[from] Sandstorm\n|upkeep\n|turn|4\n|inactive|silkandiron has 30 seconds left.\n|\n|t:|1776118956\n|switch|p1a: Basculegion|Basculegion, L50, M|100/100\n|move|p1b: Sneasler|Close Combat|p2b: Tyranitar\n|-supereffective|p2b: Tyranitar|2\n|-enditem|p2b: Tyranitar|Chople Berry|[eat]\n|-enditem|p2b: Tyranitar|Chople Berry|[weaken]\n|-damage|p2b: Tyranitar|4/100\n|-unboost|p1b: Sneasler|def|1\n|-unboost|p1b: Sneasler|spd|1\n|move|p2a: Sneasler|Dire Claw|p1a: Basculegion\n|-resisted|p1a: Basculegion|1\n|-damage|p1a: Basculegion|71/100\n|move|p2b: Tyranitar|Ice Punch|p1b: Sneasler\n|-damage|p1b: Sneasler|0 fnt\n|faint|p1b: Sneasler\n|\n|-weather|Sandstorm|[upkeep]\n|-damage|p2a: Sneasler|34/100|[from] Sandstorm\n|-damage|p1a: Basculegion|64/100|[from] Sandstorm\n|upkeep\n|\n|t:|1776118967\n|switch|p1b: Meganium|Meganium-Mega, L50, M|95/100\n|turn|5\n|\n|t:|1776118982\n|move|p2a: Sneasler|Protect|p2a: Sneasler\n|-singleturn|p2a: Sneasler|Protect\n|move|p1a: Basculegion|Aqua Jet|p2a: Sneasler\n|-activate|p2a: Sneasler|move: Protect\n|move|p1b: Meganium|Dazzling Gleam|p2a: Sneasler|[spread] p2b\n|-activate|p2a: Sneasler|move: Protect\n|-supereffective|p2b: Tyranitar|1\n|-damage|p2b: Tyranitar|0 fnt\n|faint|p2b: Tyranitar\n|\n|-weather|Sandstorm|[upkeep]\n|-damage|p2a: Sneasler|28/100|[from] Sandstorm\n|-damage|p1a: Basculegion|58/100|[from] Sandstorm\n|-damage|p1b: Meganium|89/100|[from] Sandstorm\n|upkeep\n|\n|t:|1776118998\n|switch|p2b: Meganium|Meganium, L50, F|100/100\n|turn|6\n|\n|t:|1776119015\n|switch|p2a: Rotom|Rotom-Wash, L50|71/100\n|detailschange|p2b: Meganium|Meganium-Mega, L50, F\n|-mega|p2b: Meganium|Meganium|Meganiumite\n|move|p1a: Basculegion|Aqua Jet|p2a: Rotom\n|-resisted|p2a: Rotom|1\n|-damage|p2a: Rotom|58/100\n|move|p2b: Meganium|Solar Beam||[still]\n|-prepare|p2b: Meganium|Solar Beam\n|-activate|p2b: Meganium|ability: Mega Sol\n|-anim|p2b: Meganium|Solar Beam|p1a: Basculegion\n|-supereffective|p1a: Basculegion|1\n|-damage|p1a: Basculegion|0 fnt\n|faint|p1a: Basculegion\n|move|p1b: Meganium|Weather Ball|p2b: Meganium\n|-supereffective|p2b: Meganium|1\n|-damage|p2b: Meganium|0 fnt\n|faint|p2b: Meganium\n|\n|-weather|none\n|upkeep\n|\n|t:|1776119030\n|switch|p2b: Sneasler|Sneasler, L50, M|28/100\n|turn|7\n|\n|t:|1776119035\n|move|p2b: Sneasler|Dire Claw|p1b: Meganium\n|-supereffective|p1b: Meganium|2\n|-damage|p1b: Meganium|0 fnt\n|faint|p1b: Meganium\n|\n|win|silkandiron\n|raw|2mcdoubles's rating: 1111 &rarr; <strong>1092</strong><br />(-19 for losing)\n|raw|silkandiron's rating: 1201 &rarr; <strong>1220</strong><br />(+19 for winning)\n|l|\u26062mcdoubles\n|player|p1|\n",
  "uploadtime": 1776119047,
  "views": 23,
  "formatid": "gen9championsvgc2026regma",
  "rating": 1092,
  "private": 0,
  "password": null
}