{
  "id": "gen9championsvgc2026regma-2589462909",
  "format": "[Gen 9 Champions] VGC 2026 Reg M-A",
  "players": [
    "alvarriderr",
    "suzukaman"
  ],
  "log": "|j|\u2606alvarriderr\n|j|\u2606suzukaman\n|t:|1776725160\n|gametype|doubles\n|player|p1|alvarriderr|hilbert-wonderlauncher|1205\n|player|p2|suzukaman|101|1258\n|gen|9\n|tier|[Gen 9 Champions] VGC 2026 Reg M-A\n|rated|\n|rule|Species Clause: Limit one of each Pok\u00e9mon\n|rule|Item Clause: Limit 1 of each item\n|clearpoke\n|poke|p1|Hawlucha, L50, M|\n|poke|p1|Excadrill, L50, F|\n|poke|p1|Tyranitar, L50, M|\n|poke|p1|Sinistcha, L50|\n|poke|p1|Gardevoir, L50, M|\n|poke|p1|Volcarona, L50, M|\n|poke|p2|Incineroar, L50, M|\n|poke|p2|Sinistcha, L50|\n|poke|p2|Floette-Eternal, L50, F|\n|poke|p2|Aerodactyl, L50, F|\n|poke|p2|Hydreigon, L50, F|\n|poke|p2|Rotom-Wash, L50|\n|teampreview|4\nalvarriderr has agreed to open team sheets.\n|\n|t:|1776725248\n|teamsize|p1|4\n|teamsize|p2|4\n|start\n|switch|p1a: Excadrill|Excadrill, L50, F|100/100\n|switch|p1b: Tyranitar|Tyranitar, L50, M|100/100\n|switch|p2a: Rotom|Rotom-Wash, L50|100/100\n|switch|p2b: Floette|Floette-Eternal, L50, F|100/100\n|-weather|Sandstorm|[from] ability: Sand Stream|[of] p1b: Tyranitar\n|turn|1\n|\n|t:|1776725288\n|switch|p1b: Gardevoir|Gardevoir, L50, M|100/100\n|-ability|p1b: Gardevoir|Levitate|Trace|[from] ability: Trace|[of] p2a: Rotom\n|detailschange|p2b: Floette|Floette-Mega, L50, F\n|-mega|p2b: Floette|Floette|Floettite\n|-ability|p2b: Floette|Fairy Aura\n|move|p1a: Excadrill|Protect|p1a: Excadrill\n|-singleturn|p1a: Excadrill|Protect\n|move|p2b: Floette|Protect|p2b: Floette\n|-singleturn|p2b: Floette|Protect\n|move|p2a: Rotom|Will-O-Wisp|p1a: Excadrill\n|-activate|p1a: Excadrill|move: Protect\n|\n|-weather|Sandstorm|[upkeep]\n|-damage|p1b: Gardevoir|94/100|[from] Sandstorm\n|-damage|p2b: Floette|94/100|[from] Sandstorm\n|-damage|p2a: Rotom|95/100|[from] Sandstorm\n|-heal|p2a: Rotom|100/100|[from] item: Leftovers\n|upkeep\n|turn|2\n|\n|t:|1776725352\n|switch|p2b: Sinistcha|Sinistcha, L50|100/100\n|move|p1a: Excadrill|Iron Head|p2b: Sinistcha\n|-damage|p2b: Sinistcha|71/100\n|move|p1b: Gardevoir|Moonblast|p2b: Sinistcha\n|-damage|p2b: Sinistcha|19/100\n|-enditem|p2b: Sinistcha|Sitrus Berry|[eat]\n|-heal|p2b: Sinistcha|43/100|[from] item: Sitrus Berry\n|move|p2a: Rotom|Hydro Pump|p1a: Excadrill\n|-supereffective|p1a: Excadrill|1\n|-enditem|p1a: Excadrill|Focus Sash\n|-damage|p1a: Excadrill|1/100\n|\n|-weather|Sandstorm|[upkeep]\n|-damage|p1b: Gardevoir|88/100|[from] Sandstorm\n|-damage|p2a: Rotom|95/100|[from] Sandstorm\n|-damage|p2b: Sinistcha|37/100|[from] Sandstorm\n|-heal|p2a: Rotom|100/100|[from] item: Leftovers\n|upkeep\n|turn|3\n|\n|t:|1776725411\n|switch|p1a: Hawlucha|Hawlucha, L50, M|100/100\n|switch|p2b: Incineroar|Incineroar, L50, M|100/100\n|-ability|p2b: Incineroar|Intimidate|boost\n|-unboost|p1a: Hawlucha|atk|1\n|-unboost|p1b: Gardevoir|atk|1\n|move|p1b: Gardevoir|Moonblast|p2b: Incineroar\n|-damage|p2b: Incineroar|51/100\n|-unboost|p2b: Incineroar|spa|1\n|move|p2a: Rotom|Volt Switch|p1b: Gardevoir\n|-damage|p1b: Gardevoir|54/100\n|\n|t:|1776725426\n|switch|p2a: Sinistcha|Sinistcha, L50|37/100|[from] Volt Switch\n|-heal|p2b: Incineroar|76/100|[from] ability: Hospitality|[of] p2a: Sinistcha\n|\n|-weather|Sandstorm|[upkeep]\n|-damage|p1b: Gardevoir|47/100|[from] Sandstorm\n|-damage|p1a: Hawlucha|95/100|[from] Sandstorm\n|-damage|p2a: Sinistcha|31/100|[from] Sandstorm\n|-damage|p2b: Incineroar|70/100|[from] Sandstorm\n|upkeep\n|turn|4\n|\n|t:|1776725461\n|detailschange|p1a: Hawlucha|Hawlucha-Mega, L50, M\n|-mega|p1a: Hawlucha|Hawlucha|Hawluchanite\n|move|p2b: Incineroar|Fake Out|p1a: Hawlucha\n|-crit|p1a: Hawlucha\n|-damage|p1a: Hawlucha|76/100\n|move|p1b: Gardevoir|Moonblast|p2a: Sinistcha\n|-damage|p2a: Sinistcha|0 fnt\n|faint|p2a: Sinistcha\n|cant|p1a: Hawlucha|flinch\n|\n|-weather|Sandstorm|[upkeep]\n|-damage|p1b: Gardevoir|41/100|[from] Sandstorm\n|-damage|p1a: Hawlucha|70/100|[from] Sandstorm\n|-damage|p2b: Incineroar|64/100|[from] Sandstorm\n|upkeep\n|\n|t:|1776725479\n|switch|p2a: Floette|Floette-Mega, L50, F|94/100\n|-ability|p2a: Floette|Fairy Aura\n|turn|5\n|\n|t:|1776725520\n|switch|p2b: Rotom|Rotom-Wash, L50|100/100\n|move|p1b: Gardevoir|Moonblast|p2a: Floette\n|-damage|p2a: Floette|50/100\n|move|p1a: Hawlucha|Cross Chop|p2b: Rotom\n|-damage|p2b: Rotom|68/100\n|move|p2a: Floette|Calm Mind|p2a: Floette\n|-boost|p2a: Floette|spa|1\n|-boost|p2a: Floette|spd|1\n|\n|-weather|none\n|-heal|p2b: Rotom|74/100|[from] item: Leftovers\n|upkeep\n|turn|6\n|\n|t:|1776725560\n|switch|p1a: Tyranitar|Tyranitar, L50, M|100/100\n|-weather|Sandstorm|[from] ability: Sand Stream|[of] p1a: Tyranitar\n|move|p1b: Gardevoir|Moonblast|p2b: Rotom\n|-damage|p2b: Rotom|0 fnt\n|faint|p2b: Rotom\n|move|p2a: Floette|Dazzling Gleam|p1a: Tyranitar|[spread] p1a,p1b\n|-supereffective|p1a: Tyranitar|1\n|-damage|p1a: Tyranitar|25/100\n|-damage|p1b: Gardevoir|0 fnt\n|faint|p1b: Gardevoir\n|\n|-weather|Sandstorm|[upkeep]\n|-damage|p2a: Floette|44/100|[from] Sandstorm\n|upkeep\n|\n|t:|1776725590\n|switch|p1b: Excadrill|Excadrill, L50, F|1/100\n|switch|p2b: Incineroar|Incineroar, L50, M|64/100\n|-ability|p2b: Incineroar|Intimidate|boost\n|-unboost|p1a: Tyranitar|atk|1\n|-unboost|p1b: Excadrill|atk|1\n|-enditem|p1a: Tyranitar|White Herb\n|-clearnegativeboost|p1a: Tyranitar|[silent]\n|turn|7\n|\n|t:|1776725607\n|move|p1b: Excadrill|Protect|p1b: Excadrill\n|-singleturn|p1b: Excadrill|Protect\n|move|p1a: Tyranitar|Protect|p1a: Tyranitar\n|-singleturn|p1a: Tyranitar|Protect\n|move|p2b: Incineroar|Fake Out|p1b: Excadrill\n|-activate|p1b: Excadrill|move: Protect\n|move|p2a: Floette|Dazzling Gleam|p1a: Tyranitar|[spread] \n|-activate|p1a: Tyranitar|move: Protect\n|-activate|p1b: Excadrill|move: Protect\n|\n|-weather|Sandstorm|[upkeep]\n|-damage|p2a: Floette|38/100|[from] Sandstorm\n|-damage|p2b: Incineroar|58/100|[from] Sandstorm\n|upkeep\n|turn|8\n|\n|t:|1776725688\n|switch|p1b: Hawlucha|Hawlucha-Mega, L50, M|70/100\n|move|p2a: Floette|Protect|p2a: Floette\n|-singleturn|p2a: Floette|Protect\n|move|p1a: Tyranitar|Rock Slide|p2a: Floette|[spread] p2b\n|-activate|p2a: Floette|move: Protect\n|-supereffective|p2b: Incineroar|1\n|-damage|p2b: Incineroar|1/100\n|move|p2b: Incineroar|Darkest Lariat|p1b: Hawlucha\n|-resisted|p1b: Hawlucha|1\n|-damage|p1b: Hawlucha|49/100\n|\n|-weather|Sandstorm|[upkeep]\n|-damage|p1b: Hawlucha|43/100|[from] Sandstorm\n|-damage|p2a: Floette|31/100|[from] Sandstorm\n|-damage|p2b: Incineroar|0 fnt|[from] Sandstorm\n|faint|p2b: Incineroar\n|upkeep\n|turn|9\n|\n|t:|1776725727\n|move|p1b: Hawlucha|Dual Wingbeat|p2a: Floette\n|-damage|p2a: Floette|13/100\n|-damage|p2a: Floette|0 fnt\n|faint|p2a: Floette\n|-hitcount|p2: Floette|2\n|\n|win|alvarriderr\n|raw|alvarriderr's rating: 1205 &rarr; <strong>1234</strong><br />(+29 for winning)\n|raw|suzukaman's rating: 1258 &rarr; <strong>1229</strong><br />(-29 for losing)\n|c|\u2606alvarriderr|gg\n|l|\u2606suzukaman\n|player|p2|\n",
  "uploadtime": 1776725744,
  "views": 8,
  "formatid": "gen9championsvgc2026regma",
  "rating": 1229,
  "private": 0,
  "password": null
}