{
  "id": "gen9championsvgc2026regma-2581100383",
  "format": "[Gen 9 Champions] VGC 2026 Reg M-A",
  "players": [
    "pepitoito",
    "Cello L."
  ],
  "log": "|j|\u2606pepitoito\n|j|\u2606Cello L.\n|t:|1775959873\n|gametype|doubles\n|player|p1|pepitoito|101|1000\n|player|p2|Cello L.|cynthia-gen4|1000\n|gen|9\n|tier|[Gen 9 Champions] VGC 2026 Reg M-A\n|rated|\n|rule|Species Clause: Limit one of each Pok\u00e9mon\n|rule|Item Clause: Limit 1 of each item\n|clearpoke\n|poke|p1|Gengar, L50, M|\n|poke|p1|Incineroar, L50, M|\n|poke|p1|Sinistcha-Masterpiece, L50|\n|poke|p1|Kommo-o, L50, M|\n|poke|p1|Noivern, L50, F|\n|poke|p1|Empoleon, L50, F|\n|poke|p2|Archaludon, L50, F|\n|poke|p2|Pelipper, L50, F|\n|poke|p2|Basculegion, L50, M|\n|poke|p2|Gardevoir, L50, M|\n|poke|p2|Sinistcha-Masterpiece, L50|\n|poke|p2|Incineroar, L50, M|\n|teampreview|4\nCello L. has agreed to open team sheets.\n|\n|t:|1775959922\n|teamsize|p1|4\n|teamsize|p2|4\n|start\n|switch|p1a: Noivern|Noivern, L50, F|100/100\n|switch|p1b: Incineroar|Incineroar, L50, M|100/100\n|switch|p2a: Geronimo|Basculegion, L50, M|100/100\n|switch|p2b: Incineroar|Incineroar, L50, M|100/100\n|-ability|p1b: Incineroar|Intimidate|boost\n|-unboost|p2a: Geronimo|atk|1\n|-unboost|p2b: Incineroar|atk|1\n|-ability|p2b: Incineroar|Intimidate|boost\n|-unboost|p1a: Noivern|atk|1\n|-unboost|p1b: Incineroar|atk|1\n|turn|1\n|\n|t:|1775959940\n|move|p1b: Incineroar|Fake Out|p2b: Incineroar\n|-damage|p2b: Incineroar|95/100\n|move|p2a: Geronimo|Flip Turn|p1b: Incineroar\n|-supereffective|p1b: Incineroar|1\n|-damage|p1b: Incineroar|55/100\n|\n|t:|1775959945\n|switch|p2a: Clara|Gardevoir, L50, M|100/100|[from] Flip Turn\n|-ability|p2a: Clara|Infiltrator|Trace|[from] ability: Trace|[of] p1a: Noivern\n|move|p1a: Noivern|Tailwind|p1a: Noivern\n|-sidestart|p1: pepitoito|move: Tailwind\n|cant|p2b: Incineroar|flinch\n|\n|upkeep\n|turn|2\n|\n|t:|1775959974\n|detailschange|p2a: Clara|Gardevoir-Mega, L50, M\n|-mega|p2a: Clara|Gardevoir|Gardevoirite\n|move|p1b: Incineroar|Protect|p1b: Incineroar\n|-singleturn|p1b: Incineroar|Protect\n|move|p1a: Noivern|Boomburst|p2b: Incineroar|[spread] p2a,p2b\n|-activate|p1b: Incineroar|move: Protect\n|-damage|p2a: Clara|76/100\n|-damage|p2b: Incineroar|71/100\n|move|p2a: Clara|Hyper Voice|p1a: Noivern|[spread] p1a\n|-activate|p1b: Incineroar|move: Protect\n|-supereffective|p1a: Noivern|1\n|-enditem|p1a: Noivern|Focus Sash\n|-damage|p1a: Noivern|1/100\n|move|p2b: Incineroar|Darkest Lariat|p1b: Incineroar\n|-activate|p1b: Incineroar|move: Protect\n|\n|upkeep\n|turn|3\n|\n|t:|1775959993\n|move|p1a: Noivern|Protect|p1a: Noivern\n|-singleturn|p1a: Noivern|Protect\n|move|p1b: Incineroar|Parting Shot|p2a: Clara\n|-unboost|p2a: Clara|atk|1\n|-unboost|p2a: Clara|spa|1\n|\n|t:|1775960000\n|switch|p1b: Sinistcha|Sinistcha-Masterpiece, L50|100/100|[from] Parting Shot\n|-heal|p1a: Noivern|26/100|[from] ability: Hospitality|[of] p1b: Sinistcha\n|move|p2a: Clara|Hyper Voice|p1b: Sinistcha|[spread] p1b\n|-activate|p1a: Noivern|move: Protect\n|-damage|p1b: Sinistcha|61/100\n|move|p2b: Incineroar|Darkest Lariat|p1b: Sinistcha\n|-supereffective|p1b: Sinistcha|1\n|-damage|p1b: Sinistcha|26/100\n|\n|upkeep\n|turn|4\n|\n|t:|1775960016\n|move|p1a: Noivern|Boomburst|p2b: Incineroar|[spread] p2a,p2b\n|-immune|p1b: Sinistcha\n|-damage|p2a: Clara|54/100\n|-damage|p2b: Incineroar|45/100\n|move|p1b: Sinistcha|Giga Drain|p2a: Clara\n|-damage|p2a: Clara|28/100\n|-heal|p1b: Sinistcha|39/100|[from] drain|[of] p2a: Clara\n|move|p2a: Clara|Hyper Voice|p1b: Sinistcha|[spread] p1a,p1b\n|-supereffective|p1a: Noivern|1\n|-damage|p1a: Noivern|0 fnt\n|-damage|p1b: Sinistcha|0 fnt\n|faint|p1a: Noivern\n|faint|p1b: Sinistcha\n|move|p2b: Incineroar|Flare Blitz|p1: Noivern|[notarget]\n|-fail|p2b: Incineroar\n|\n|-sideend|p1: pepitoito|move: Tailwind\n|upkeep\n|\n|t:|1775960034\n|switch|p1a: Incineroar|Incineroar, L50, M|55/100\n|switch|p1b: Kommo-o|Kommo-o, L50, M|100/100\n|-ability|p1a: Incineroar|Intimidate|boost\n|-unboost|p2a: Clara|atk|1\n|-unboost|p2b: Incineroar|atk|1\n|turn|5\n|\n|t:|1775960041\n|move|p2a: Clara|Protect|p2a: Clara\n|-singleturn|p2a: Clara|Protect\n|move|p1a: Incineroar|Fake Out|p2a: Clara\n|-activate|p2a: Clara|move: Protect\n|move|p1b: Kommo-o|Clangorous Soul|p1b: Kommo-o\n|-boost|p1b: Kommo-o|atk|1\n|-boost|p1b: Kommo-o|def|1\n|-boost|p1b: Kommo-o|spa|1\n|-boost|p1b: Kommo-o|spd|1\n|-boost|p1b: Kommo-o|spe|1\n|-damage|p1b: Kommo-o|68/100\n|move|p2b: Incineroar|Parting Shot|p1b: Kommo-o\n|-immune|p1b: Kommo-o|[from] ability: Soundproof\n|\n|upkeep\n|turn|6\n|\n|t:|1775960064\n|move|p1b: Kommo-o|Protect|p1b: Kommo-o\n|-singleturn|p1b: Kommo-o|Protect\n|move|p2a: Clara|Hyper Voice|p1b: Kommo-o|[spread] p1a\n|-activate|p1b: Kommo-o|move: Protect\n|-damage|p1a: Incineroar|27/100\n|move|p1a: Incineroar|Flare Blitz|p2a: Clara\n|-damage|p2a: Clara|0 fnt\n|faint|p2a: Clara\n|-damage|p1a: Incineroar|19/100|[from] Recoil\n|move|p2b: Incineroar|Parting Shot|p1a: Incineroar\n|-unboost|p1a: Incineroar|atk|1\n|-unboost|p1a: Incineroar|spa|1\n|\n|t:|1775960067\n|switch|p2b: Geronimo|Basculegion, L50, M|100/100|[from] Parting Shot\n|\n|upkeep\n|\n|t:|1775960073\n|switch|p2a: Fantastic|Pelipper, L50, F|100/100\n|-weather|RainDance|[from] ability: Drizzle|[of] p2a: Fantastic\n|turn|7\n|\n|t:|1775960102\n|move|p2b: Geronimo|Flip Turn|p1a: Incineroar\n|-supereffective|p1a: Incineroar|1\n|-damage|p1a: Incineroar|0 fnt\n|faint|p1a: Incineroar\n|\n|t:|1775960105\n|switch|p2b: Incineroar|Incineroar, L50, M|45/100|[from] Flip Turn\n|-ability|p2b: Incineroar|Intimidate|boost\n|-unboost|p1b: Kommo-o|atk|1\n|move|p1b: Kommo-o|Dragon Claw|p2b: Incineroar\n|-damage|p2b: Incineroar|9/100\n|move|p2a: Fantastic|Hurricane|p1b: Kommo-o\n|-supereffective|p1b: Kommo-o|1\n|-damage|p1b: Kommo-o|5/100\n|-enditem|p1b: Kommo-o|Sitrus Berry|[eat]\n|-heal|p1b: Kommo-o|30/100|[from] item: Sitrus Berry\n|\n|-weather|RainDance|[upkeep]\n|upkeep\n|turn|8\n|\n|t:|1775960115\n|move|p2b: Incineroar|Fake Out|p1b: Kommo-o\n|-damage|p1b: Kommo-o|23/100\n|cant|p1b: Kommo-o|flinch\n|move|p2a: Fantastic|Tailwind|p2a: Fantastic\n|-sidestart|p2: Cello L.|move: Tailwind\n|\n|-weather|RainDance|[upkeep]\n|upkeep\n|turn|9\n|-message|pepitoito forfeited.\n|\n|win|Cello L.\n|raw|pepitoito's rating: 1000 &rarr; <strong>1000</strong><br />(+0 for losing)\n|raw|Cello L.'s rating: 1000 &rarr; <strong>1040</strong><br />(+40 for winning)\n|l|\u2606pepitoito\n|player|p1|\n",
  "uploadtime": 1775960371,
  "views": 12,
  "formatid": "gen9championsvgc2026regma",
  "rating": 1000,
  "private": 0,
  "password": null
}