{
  "id": "gen9championsvgc2026regma-2587208834",
  "format": "[Gen 9 Champions] VGC 2026 Reg M-A",
  "players": [
    "Thomper",
    "cressythediddler"
  ],
  "log": "|j|\u2606Thomper\n|j|\u2606cressythediddler\n|t:|1776509170\n|gametype|doubles\n|player|p1|Thomper|265|1179\n|player|p2|cressythediddler|gambler|1138\n|gen|9\n|tier|[Gen 9 Champions] VGC 2026 Reg M-A\n|rated|\n|rule|Species Clause: Limit one of each Pok\u00e9mon\n|rule|Item Clause: Limit 1 of each item\n|clearpoke\n|poke|p1|Sinistcha-Masterpiece, L50|\n|poke|p1|Incineroar, L50, M|\n|poke|p1|Golurk, L50|\n|poke|p1|Araquanid, L50, M|\n|poke|p1|Farigiraf, L50, F|\n|poke|p1|Sylveon, L50, F|\n|poke|p2|Skarmory, L50, M|\n|poke|p2|Sneasler, L50, M|\n|poke|p2|Pelipper, L50, F|\n|poke|p2|Basculegion, L50, M|\n|poke|p2|Clefable, L50, F|\n|poke|p2|Garchomp, L50, F|\n|teampreview|4\n|inactive|Battle timer is ON: inactive players will automatically lose when time's up. (requested by cressythediddler)\n|inactive|Thomper has 60 seconds left.\n|\n|t:|1776509231\n|teamsize|p1|4\n|teamsize|p2|4\n|start\n|switch|p1a: Farigiraf|Farigiraf, L50, F|100/100\n|switch|p1b: Incineroar|Incineroar, L50, M|100/100\n|switch|p2a: Garchomp|Garchomp, L50, F|100/100\n|switch|p2b: Sneasler|Sneasler, L50, M|100/100\n|-ability|p1b: Incineroar|Intimidate|boost\n|-unboost|p2a: Garchomp|atk|1\n|-unboost|p2b: Sneasler|atk|1\n|-enditem|p2b: Sneasler|White Herb\n|-clearnegativeboost|p2b: Sneasler|[silent]\n|turn|1\n|\n|t:|1776509252\n|move|p2b: Sneasler|Fake Out||[still]\n|cant|p1a: Farigiraf|ability: Armor Tail|Fake Out|[of] p2b: Sneasler\n|move|p1b: Incineroar|Fake Out|p2a: Garchomp\n|-damage|p2a: Garchomp|86/100\n|-damage|p1b: Incineroar|88/100|[from] ability: Rough Skin|[of] p2a: Garchomp\n|cant|p2a: Garchomp|flinch\n|move|p1a: Farigiraf|Trick Room|p1a: Farigiraf\n|-fieldstart|move: Trick Room|[of] p1a: Farigiraf\n|\n|upkeep\n|turn|2\n|\n|t:|1776509271\n|move|p1b: Incineroar|Parting Shot|p2a: Garchomp\n|-unboost|p2a: Garchomp|atk|1\n|-unboost|p2a: Garchomp|spa|1\n|\n|t:|1776509285\n|switch|p1b: Araquanid|Araquanid, L50, M|100/100|[from] Parting Shot\n|move|p1a: Farigiraf|Hyper Voice|p2b: Sneasler|[spread] p2b\n|-miss|p1a: Farigiraf|p2a: Garchomp\n|-damage|p2b: Sneasler|64/100\n|move|p2a: Garchomp|Earthquake|p1b: Araquanid|[spread] p2b,p1a,p1b\n|-supereffective|p2b: Sneasler|1\n|-resisted|p1b: Araquanid|1\n|-damage|p2b: Sneasler|0 fnt\n|-damage|p1a: Farigiraf|83/100\n|-damage|p1b: Araquanid|89/100\n|faint|p2b: Sneasler\n|\n|upkeep\n|\n|t:|1776509297\n|switch|p2b: Clefable|Clefable, L50, F|100/100\n|turn|3\n|\n|t:|1776509306\n|move|p2b: Clefable|Helping Hand|p2a: Garchomp\n|-singleturn|p2a: Garchomp|Helping Hand|[of] p2b: Clefable\n|move|p1a: Farigiraf|Helping Hand|p1b: Araquanid\n|-singleturn|p1b: Araquanid|Helping Hand|[of] p1a: Farigiraf\n|move|p1b: Araquanid|Liquidation|p2b: Clefable\n|-damage|p2b: Clefable|0 fnt\n|faint|p2b: Clefable\n|move|p2a: Garchomp|Rock Slide|p1a: Farigiraf|[spread] p1b\n|-miss|p2a: Garchomp|p1a: Farigiraf\n|-supereffective|p1b: Araquanid|1\n|-damage|p1b: Araquanid|56/100\n|\n|upkeep\n|\n|t:|1776509318\n|switch|p2b: Skarmory|Skarmory, L50, M|100/100\n|turn|4\n|\n|t:|1776509332\n|detailschange|p2b: Skarmory|Skarmory-Mega, L50, M\n|-mega|p2b: Skarmory|Skarmory|Skarmorite\n|move|p1a: Farigiraf|Helping Hand|p1b: Araquanid\n|-singleturn|p1b: Araquanid|Helping Hand|[of] p1a: Farigiraf\n|move|p1b: Araquanid|Liquidation|p2b: Skarmory\n|-damage|p2b: Skarmory|0 fnt\n|faint|p2b: Skarmory\n|move|p2a: Garchomp|Earthquake|p1b: Araquanid|[spread] p1a,p1b\n|-resisted|p1b: Araquanid|1\n|-damage|p1a: Farigiraf|64/100\n|-damage|p1b: Araquanid|46/100\n|\n|upkeep\n|turn|5\n|-message|cressythediddler forfeited.\n|\n|win|Thomper\n|raw|Thomper's rating: 1179 &rarr; <strong>1201</strong><br />(+22 for winning)\n|raw|cressythediddler's rating: 1138 &rarr; <strong>1116</strong><br />(-22 for losing)\n|l|\u2606cressythediddler\n|player|p2|\n",
  "uploadtime": 1776509344,
  "views": 20,
  "formatid": "gen9championsvgc2026regma",
  "rating": 1116,
  "private": 0,
  "password": null
}