{
  "id": "gen9championsvgc2026regma-2582648365",
  "format": "[Gen 9 Champions] VGC 2026 Reg M-A",
  "players": [
    "MoLekhVGC",
    "Kalaphant"
  ],
  "log": "|j|\u2606MoLekhVGC\n|j|\u2606Kalaphant\n|t:|1776104830\n|gametype|doubles\n|player|p1|MoLekhVGC|fisherman-gen4|1000\n|player|p2|Kalaphant|1|1089\n|gen|9\n|tier|[Gen 9 Champions] VGC 2026 Reg M-A\n|rated|\n|rule|Species Clause: Limit one of each Pok\u00e9mon\n|rule|Item Clause: Limit 1 of each item\n|clearpoke\n|poke|p1|Incineroar, L50, F|\n|poke|p1|Basculegion, L50, M|\n|poke|p1|Meganium, L50, F|\n|poke|p1|Gengar, L50, F|\n|poke|p1|Raichu, L50, F|\n|poke|p1|Corviknight, L50, F|\n|poke|p2|Floette-Eternal, L50, F|\n|poke|p2|Incineroar, L50, F|\n|poke|p2|Charizard, L50, M|\n|poke|p2|Sneasler, L50, F|\n|poke|p2|Sinistcha, L50|\n|poke|p2|Garchomp, L50, M|\n|teampreview|4\n|inactive|Battle timer is ON: inactive players will automatically lose when time's up. (requested by Kalaphant)\n|inactive|MoLekhVGC also wants the timer to be on.\n|c|\u2606Kalaphant|glhf\nKalaphant has agreed to open team sheets.\nMoLekhVGC rejected open team sheets.\n|j| PopuEo12\n|l| PopuEo12\n|inactive|Kalaphant has 60 seconds left.\n|\n|t:|1776104861\n|teamsize|p1|4\n|teamsize|p2|4\n|start\n|switch|p1a: Raichu|Raichu, L50, F|100/100\n|switch|p1b: Gengar|Gengar, L50, F|100/100\n|switch|p2a: Floette|Floette-Eternal, L50, F|100/100\n|switch|p2b: Sneasler|Sneasler, L50, F|100/100\n|turn|1\n|inactive|Kalaphant has 30 seconds left.\n|inactive|Kalaphant has 20 seconds left.\n|\n|t:|1776104899\n|detailschange|p1b: Gengar|Gengar-Mega, L50, F\n|-mega|p1b: Gengar|Gengar|Gengarite\n|detailschange|p2a: Floette|Floette-Mega, L50, F\n|-mega|p2a: Floette|Floette|Floettite\n|-ability|p2a: Floette|Fairy Aura\n|move|p2b: Sneasler|Fake Out|p1a: Raichu\n|-damage|p1a: Raichu|75/100\n|move|p1b: Gengar|Sludge Bomb|p2a: Floette\n|-supereffective|p2a: Floette|1\n|-damage|p2a: Floette|11/100\n|cant|p1a: Raichu|flinch\n|move|p2a: Floette|Psychic|p1b: Gengar\n|-supereffective|p1b: Gengar|1\n|-damage|p1b: Gengar|0 fnt\n|faint|p1b: Gengar\n|\n|-heal|p1a: Raichu|82/100|[from] item: Leftovers\n|upkeep\n|\n|t:|1776104916\n|switch|p1b: Incineroar|Incineroar, L50, F|100/100\n|-ability|p1b: Incineroar|Intimidate|boost\n|-unboost|p2a: Floette|atk|1\n|-unboost|p2b: Sneasler|atk|1\n|-enditem|p2b: Sneasler|White Herb\n|-clearnegativeboost|p2b: Sneasler|[silent]\n|turn|2\n|\n|t:|1776104939\n|switch|p2a: Incineroar|Incineroar, L50, F|100/100\n|-ability|p2a: Incineroar|Intimidate|boost\n|-unboost|p1a: Raichu|atk|1\n|-unboost|p1b: Incineroar|atk|1\n|move|p1b: Incineroar|Fake Out|p2b: Sneasler\n|-damage|p2b: Sneasler|88/100\n|cant|p2b: Sneasler|flinch\n|move|p1a: Raichu|Thunderbolt|p2a: Incineroar\n|-damage|p2a: Incineroar|77/100\n|\n|-heal|p1a: Raichu|88/100|[from] item: Leftovers\n|upkeep\n|turn|3\n|\n|t:|1776104964\n|move|p2a: Incineroar|Fake Out|p1b: Incineroar\n|-damage|p1b: Incineroar|92/100\n|move|p2b: Sneasler|Close Combat|p1b: Incineroar\n|-supereffective|p1b: Incineroar|1\n|-damage|p1b: Incineroar|0 fnt\n|-unboost|p2b: Sneasler|def|1\n|-unboost|p2b: Sneasler|spd|1\n|faint|p1b: Incineroar\n|move|p1a: Raichu|Reflect|p1a: Raichu\n|-sidestart|p1: MoLekhVGC|Reflect\n|\n|-heal|p1a: Raichu|94/100|[from] item: Leftovers\n|upkeep\n|\n|t:|1776104974\n|switch|p1b: Basculegion|Basculegion, L50, M|100/100\n|turn|4\n|inactive|Kalaphant has 30 seconds left.\n|\n|t:|1776105001\n|move|p2b: Sneasler|Protect|p2b: Sneasler\n|-singleturn|p2b: Sneasler|Protect\n|move|p1b: Basculegion|Wave Crash|p2a: Incineroar\n|-supereffective|p2a: Incineroar|1\n|-damage|p2a: Incineroar|0 fnt\n|faint|p2a: Incineroar\n|-damage|p1b: Basculegion|75/100|[from] Recoil\n|move|p1a: Raichu|Light Screen|p1a: Raichu\n|-sidestart|p1: MoLekhVGC|move: Light Screen\n|\n|-heal|p1a: Raichu|100/100|[from] item: Leftovers\n|upkeep\n|\n|t:|1776105017\n|switch|p2a: Floette|Floette-Mega, L50, F|11/100\n|-ability|p2a: Floette|Fairy Aura\n|turn|5\n|\n|t:|1776105034\n|switch|p2b: Sinistcha|Sinistcha, L50|100/100\n|-heal|p2a: Floette|36/100|[from] ability: Hospitality|[of] p2b: Sinistcha\n|move|p1b: Basculegion|Wave Crash|p2b: Sinistcha\n|-resisted|p2b: Sinistcha|1\n|-damage|p2b: Sinistcha|68/100\n|-damage|p1b: Basculegion|65/100|[from] Recoil\n|move|p1a: Raichu|Thunderbolt|p2a: Floette\n|-damage|p2a: Floette|11/100\n|move|p2a: Floette|Dazzling Gleam|p1b: Basculegion|[spread] p1a,p1b\n|-damage|p1a: Raichu|50/100\n|-damage|p1b: Basculegion|28/100\n|\n|-heal|p1a: Raichu|57/100|[from] item: Leftovers\n|upkeep\n|turn|6\n|inactive|Kalaphant has 30 seconds left.\n|\n|t:|1776105062\n|move|p2b: Sinistcha|Rage Powder|p2b: Sinistcha\n|-singleturn|p2b: Sinistcha|move: Rage Powder\n|move|p1b: Basculegion|Wave Crash|p2b: Sinistcha\n|-resisted|p2b: Sinistcha|1\n|-damage|p2b: Sinistcha|34/100\n|-enditem|p2b: Sinistcha|Sitrus Berry|[eat]\n|-heal|p2b: Sinistcha|59/100|[from] item: Sitrus Berry\n|-damage|p1b: Basculegion|18/100|[from] Recoil\n|move|p1a: Raichu|Thunderbolt|p2b: Sinistcha\n|-resisted|p2b: Sinistcha|1\n|-damage|p2b: Sinistcha|44/100\n|move|p2a: Floette|Dazzling Gleam|p1b: Basculegion|[spread] p1a,p1b\n|-damage|p1a: Raichu|10/100\n|-damage|p1b: Basculegion|0 fnt\n|faint|p1b: Basculegion\n|\n|-heal|p1a: Raichu|16/100|[from] item: Leftovers\n|upkeep\n|turn|7\n|\n|t:|1776105080\n|move|p2b: Sinistcha|Rage Powder|p2b: Sinistcha\n|-singleturn|p2b: Sinistcha|move: Rage Powder\n|move|p1a: Raichu|Thunderbolt|p2b: Sinistcha\n|-resisted|p2b: Sinistcha|1\n|-damage|p2b: Sinistcha|31/100\n|move|p2a: Floette|Moonblast|p1a: Raichu\n|-damage|p1a: Raichu|0 fnt\n|faint|p1a: Raichu\n|\n|win|Kalaphant\n|raw|MoLekhVGC's rating: 1000 &rarr; <strong>1000</strong><br />(+0 for losing)\n|raw|Kalaphant's rating: 1089 &rarr; <strong>1109</strong><br />(+20 for winning)\n",
  "uploadtime": 1776105081,
  "views": 11,
  "formatid": "gen9championsvgc2026regma",
  "rating": 1000,
  "private": 0,
  "password": null
}