{
  "id": "gen9championsvgc2026regma-2584629844",
  "format": "[Gen 9 Champions] VGC 2026 Reg M-A",
  "players": [
    "readingshade",
    "moranpoke"
  ],
  "log": "|j|\u2606readingshade\n|j|\u2606moranpoke\n|t:|1776273185\n|gametype|doubles\n|player|p1|readingshade|gardenia|1170\n|player|p2|moranpoke|lucas-gen4pt|1080\n|gen|9\n|tier|[Gen 9 Champions] VGC 2026 Reg M-A\n|rated|\n|rule|Species Clause: Limit one of each Pok\u00e9mon\n|rule|Item Clause: Limit 1 of each item\n|clearpoke\n|poke|p1|Whimsicott, L50, F|\n|poke|p1|Zoroark-Hisui, L50, M|\n|poke|p1|Typhlosion-Hisui, L50, F|\n|poke|p1|Gardevoir, L50, M|\n|poke|p1|Incineroar, L50, M|\n|poke|p1|Skarmory, L50, F|\n|poke|p2|Kingambit, L50, F|\n|poke|p2|Sneasler, L50, M|\n|poke|p2|Charizard, L50, F|\n|poke|p2|Whimsicott, L50, F|\n|poke|p2|Maushold-Four, L50|\n|poke|p2|Garchomp, L50, M|\n|teampreview|4\n|\n|t:|1776273224\n|teamsize|p1|4\n|teamsize|p2|4\n|start\n|switch|p1a: Whimsicott|Whimsicott, L50, F|100/100\n|switch|p1b: Typhlosion|Typhlosion-Hisui, L50, F|100/100\n|switch|p2a: Chorizard|Charizard, L50, F, shiny|100/100\n|switch|p2b: Sneasler|Sneasler, L50, M|100/100\n|-item|p2a: Chorizard|Charizardite Y|[from] ability: Frisk|[of] p1b: Typhlosion\n|-item|p2b: Sneasler|Mental Herb|[from] ability: Frisk|[of] p1b: Typhlosion\n|turn|1\n|\n|t:|1776273246\n|detailschange|p2a: Chorizard|Charizard-Mega-Y, L50, F, shiny\n|-mega|p2a: Chorizard|Charizard|Charizardite Y\n|-weather|SunnyDay|[from] ability: Drought|[of] p2a: Chorizard\n|move|p2b: Sneasler|Fake Out|p1a: Whimsicott\n|-immune|p1a: Whimsicott\n|move|p1a: Whimsicott|Psychic|p2b: Sneasler\n|-supereffective|p2b: Sneasler|2\n|-damage|p2b: Sneasler|0 fnt\n|faint|p2b: Sneasler\n|move|p1b: Typhlosion|Shadow Ball|p2a: Chorizard\n|-damage|p2a: Chorizard|66/100\n|move|p2a: Chorizard|Heat Wave|p1b: Typhlosion|[spread] p1a\n|-miss|p2a: Chorizard|p1b: Typhlosion\n|-damage|p1a: Whimsicott|0 fnt\n|replace|p1a: Zoroark|Zoroark-Hisui, L50, M\n|-end|p1a: Zoroark|Illusion\n|faint|p1a: Zoroark\n|\n|-weather|SunnyDay|[upkeep]\n|upkeep\n|\n|t:|1776273274\n|switch|p2b: Garchomp|Garchomp, L50, M|100/100\n|switch|p1a: Whimsicott|Whimsicott, L50, F|100/100\n|turn|2\n|\n|t:|1776273298\n|move|p1a: Whimsicott|Tailwind|p1a: Whimsicott\n|-sidestart|p1: readingshade|move: Tailwind\n|move|p1b: Typhlosion|Eruption|p2b: Garchomp|[spread] p2a,p2b\n|-resisted|p2a: Chorizard|1\n|-resisted|p2b: Garchomp|1\n|-crit|p2b: Garchomp\n|-damage|p2a: Chorizard|19/100\n|-damage|p2b: Garchomp|16/100\n|move|p2b: Garchomp|Bulldoze|p1b: Typhlosion|[spread] p1a,p1b\n|-immune|p2a: Chorizard\n|-resisted|p1a: Whimsicott|1\n|-supereffective|p1b: Typhlosion|1\n|-damage|p1a: Whimsicott|82/100\n|-damage|p1b: Typhlosion|30/100\n|-unboost|p1a: Whimsicott|spe|1\n|-unboost|p1b: Typhlosion|spe|1\n|move|p2a: Chorizard|Heat Wave|p1b: Typhlosion|[spread] p1a,p1b\n|-supereffective|p1a: Whimsicott|1\n|-resisted|p1b: Typhlosion|1\n|-damage|p1a: Whimsicott|0 fnt\n|-damage|p1b: Typhlosion|0 fnt\n|faint|p1a: Whimsicott\n|faint|p1b: Typhlosion\n|\n|-weather|SunnyDay|[upkeep]\n|upkeep\n|\n|t:|1776273309\n|switch|p1a: Gardevoir|Gardevoir, L50, M, shiny|100/100\n|-ability|p1a: Gardevoir|Drought|Trace|[from] ability: Trace|[of] p2a: Chorizard\n|turn|3\n|\n|t:|1776273323\n|detailschange|p1a: Gardevoir|Gardevoir-Mega, L50, M, shiny\n|-mega|p1a: Gardevoir|Gardevoir|Gardevoirite\n|move|p2a: Chorizard|Protect|p2a: Chorizard\n|-singleturn|p2a: Chorizard|Protect\n|move|p1a: Gardevoir|Hyper Voice|p2b: Garchomp|[spread] p2b\n|-activate|p2a: Chorizard|move: Protect\n|-supereffective|p2b: Garchomp|1\n|-damage|p2b: Garchomp|0 fnt\n|faint|p2b: Garchomp\n|\n|-weather|SunnyDay|[upkeep]\n|upkeep\n|\n|t:|1776273332\n|switch|p2b: Barrul|Kingambit, L50, F, shiny|100/100\n|turn|4\n|\n|t:|1776273354\n|move|p2b: Barrul|Sucker Punch|p1a: Gardevoir\n|-damage|p1a: Gardevoir|17/100\n|move|p1a: Gardevoir|Hyper Voice|p2a: Chorizard|[spread] p2a,p2b\n|-resisted|p2a: Chorizard|1\n|-damage|p2a: Chorizard|0 fnt\n|-damage|p2b: Barrul|49/100\n|faint|p2a: Chorizard\n|\n|-weather|SunnyDay|[upkeep]\n|upkeep\n|turn|5\n|\n|t:|1776273362\n|move|p2b: Barrul|Sucker Punch||[still]\n|-fail|p2b: Barrul\n|move|p1a: Gardevoir|Calm Mind|p1a: Gardevoir\n|-boost|p1a: Gardevoir|spa|1\n|-boost|p1a: Gardevoir|spd|1\n|\n|-weather|none\n|-sideend|p1: readingshade|move: Tailwind\n|upkeep\n|turn|6\n|\n|t:|1776273373\n|move|p1a: Gardevoir|Protect|p1a: Gardevoir\n|-singleturn|p1a: Gardevoir|Protect\n|move|p2b: Barrul|Sucker Punch||[still]\n|-fail|p2b: Barrul\n|\n|upkeep\n|turn|7\n|\n|t:|1776273379\n|move|p2b: Barrul|Sucker Punch||[still]\n|-fail|p2b: Barrul\n|move|p1a: Gardevoir|Calm Mind|p1a: Gardevoir\n|-boost|p1a: Gardevoir|spa|1\n|-boost|p1a: Gardevoir|spd|1\n|\n|upkeep\n|turn|8\n|\n|t:|1776273390\n|move|p1a: Gardevoir|Hyper Voice|p2b: Barrul\n|-damage|p2b: Barrul|0 fnt\n|faint|p2b: Barrul\n|\n|win|readingshade\n|raw|readingshade's rating: 1170 &rarr; <strong>1189</strong><br />(+19 for winning)\n|raw|moranpoke's rating: 1080 &rarr; <strong>1064</strong><br />(-16 for losing)\n|l|\u2606moranpoke\n|player|p2|\n|c|\u2606readingshade|Lmao\n",
  "uploadtime": 1776273424,
  "views": 24,
  "formatid": "gen9championsvgc2026regma",
  "rating": 1064,
  "private": 0,
  "password": null
}