{
  "id": "gen9championsvgc2026regma-2583116334",
  "format": "[Gen 9 Champions] VGC 2026 Reg M-A",
  "players": [
    "charmicharmy",
    "forts"
  ],
  "log": "|j|\u2606charmicharmy\n|j|\u2606forts\n|t:|1776143916\n|gametype|doubles\n|player|p1|charmicharmy|mira|1000\n|player|p2|forts|2|1000\n|gen|9\n|tier|[Gen 9 Champions] VGC 2026 Reg M-A\n|rated|\n|rule|Species Clause: Limit one of each Pok\u00e9mon\n|rule|Item Clause: Limit 1 of each item\n|clearpoke\n|poke|p1|Audino, L50, M|\n|poke|p1|Farigiraf, L50, F|\n|poke|p1|Meowstic-F, L50, F|\n|poke|p1|Oranguru, L50, M|\n|poke|p1|Altaria, L50, M|\n|poke|p1|Milotic, L50, M|\n|poke|p2|Farigiraf, L50, F|\n|poke|p2|Basculegion, L50, M|\n|poke|p2|Rotom-Wash, L50|\n|poke|p2|Delphox, L50, F|\n|poke|p2|Sinistcha, L50|\n|poke|p2|Corviknight, L50, F|\n|teampreview|4\ncharmicharmy rejected open team sheets.\n|inactive|Battle timer is ON: inactive players will automatically lose when time's up. (requested by charmicharmy)\n|\n|t:|1776143969\n|teamsize|p1|4\n|teamsize|p2|4\n|start\n|switch|p1a: Audino|Audino, L50, M|100/100\n|switch|p1b: Farigiraf|Farigiraf, L50, F|100/100\n|switch|p2a: Farigiraf|Farigiraf, L50, F|100/100\n|switch|p2b: Rotom|Rotom-Wash, L50|100/100\n|turn|1\n|\n|t:|1776143987\n|move|p2b: Rotom|Thunderbolt|p1b: Farigiraf\n|-damage|p1b: Farigiraf|48/100\n|move|p1b: Farigiraf|Psychic Terrain|p1b: Farigiraf\n|-fieldstart|move: Psychic Terrain\n|move|p1a: Audino|Simple Beam|p1b: Farigiraf\n|-ability|p1b: Farigiraf|Simple|Armor Tail|[from] move: Simple Beam\n|move|p2a: Farigiraf|Imprison|p2a: Farigiraf\n|-start|p2a: Farigiraf|move: Imprison\n|\n|upkeep\n|turn|2\n|inactive|forts has 30 seconds left.\n|\n|t:|1776144013\n|move|p1a: Audino|Ally Switch|p1a: Audino\n|swap|p1a: Audino|1|[from] move: Ally Switch\n|move|p2b: Rotom|Thunderbolt|p1b: Audino\n|-damage|p1b: Audino|45/100\n|move|p1a: Farigiraf|Calm Mind|p1a: Farigiraf\n|-boost|p1a: Farigiraf|spa|2\n|-boost|p1a: Farigiraf|spd|2\n|move|p2a: Farigiraf|Twin Beam|p1a: Farigiraf\n|-resisted|p1a: Farigiraf|1\n|-damage|p1a: Farigiraf|41/100\n|-resisted|p1a: Farigiraf|1\n|-damage|p1a: Farigiraf|35/100\n|-hitcount|p1a: Farigiraf|2\n|\n|upkeep\n|turn|3\n|inactive|forts has 30 seconds left.\n|\n|t:|1776144043\n|move|p2b: Rotom|Thunderbolt|p1a: Farigiraf\n|-damage|p1a: Farigiraf|5/100\n|move|p1a: Farigiraf|Expanding Force|p2a: Farigiraf|[spread] p2a,p2b\n|-resisted|p2a: Farigiraf|1\n|-damage|p2a: Farigiraf|49/100\n|-damage|p2b: Rotom|0 fnt\n|faint|p2b: Rotom\n|move|p2a: Farigiraf|Hyper Voice|p1a: Farigiraf|[spread] p1a,p1b\n|-damage|p1a: Farigiraf|0 fnt\n|-damage|p1b: Audino|16/100\n|faint|p1a: Farigiraf\n|move|p1b: Audino|Heal Pulse|p1: Farigiraf|[notarget]\n|-fail|p1b: Audino\n|\n|upkeep\n|inactive|charmicharmy has 30 seconds left.\n|inactive|forts has 30 seconds left.\n|\n|t:|1776144076\n|switch|p2b: Delphox|Delphox, L50, F|100/100\n|switch|p1a: Milotic|Milotic, L50, M|100/100\n|turn|4\n|\n|t:|1776144101\n|switch|p2b: Sinistcha|Sinistcha, L50|100/100\n|-heal|p2a: Farigiraf|73/100|[from] ability: Hospitality|[of] p2b: Sinistcha\n|move|p1a: Milotic|Waterfall|p2b: Sinistcha\n|-resisted|p2b: Sinistcha|1\n|-damage|p2b: Sinistcha|86/100\n|move|p1b: Audino|Simple Beam|p1a: Milotic\n|-ability|p1a: Milotic|Simple|Marvel Scale|[from] move: Simple Beam\n|move|p2a: Farigiraf|Hyper Voice|p1a: Milotic|[spread] p1a,p1b\n|-damage|p1a: Milotic|79/100\n|-damage|p1b: Audino|0 fnt\n|faint|p1b: Audino\n|\n|-heal|p1a: Milotic|85/100|[from] item: Leftovers\n|-heal|p2b: Sinistcha|93/100|[from] item: Leftovers\n|upkeep\n|\n|t:|1776144116\n|switch|p1b: Meowstic|Meowstic-F, L50, F|100/100\n|turn|5\n|\n|t:|1776144127\n|detailschange|p1b: Meowstic|Meowstic-F-Mega, L50, F\n|-mega|p1b: Meowstic|Meowstic|Meowsticite\n|-ability|p1b: Meowstic|Hospitality|Trace|[from] ability: Trace|[of] p2b: Sinistcha\n|-heal|p1a: Milotic|100/100|[from] ability: Hospitality|[of] p1b: Meowstic\n|move|p1b: Meowstic|Expanding Force|p2a: Farigiraf|[spread] p2a,p2b\n|-resisted|p2a: Farigiraf|1\n|-damage|p2a: Farigiraf|45/100\n|-damage|p2b: Sinistcha|13/100\n|move|p1a: Milotic|Coil|p1a: Milotic\n|-boost|p1a: Milotic|atk|2\n|-boost|p1a: Milotic|def|2\n|-boost|p1a: Milotic|accuracy|2\n|move|p2b: Sinistcha|Matcha Gotcha|p1a: Milotic|[spread] p1b\n|-miss|p2b: Sinistcha|p1a: Milotic\n|-damage|p1b: Meowstic|66/100\n|-heal|p2b: Sinistcha|28/100|[from] drain|[of] p1b: Meowstic\n|-status|p1b: Meowstic|brn\n|move|p2a: Farigiraf|Twin Beam|p1a: Milotic\n|-damage|p1a: Milotic|84/100\n|-damage|p1a: Milotic|67/100\n|-hitcount|p1a: Milotic|2\n|\n|-heal|p1a: Milotic|73/100|[from] item: Leftovers\n|-heal|p2b: Sinistcha|34/100|[from] item: Leftovers\n|-damage|p1b: Meowstic|60/100 brn|[from] brn\n|-fieldend|move: Psychic Terrain\n|upkeep\n|turn|6\n|inactive|charmicharmy has 30 seconds left.\n|inactive|forts has 30 seconds left.\n|inactive|forts has 20 seconds left.\n|inactive|forts has 15 seconds left.\n|inactive|forts has 10 seconds left.\n|\n|t:|1776144174\n|move|p1b: Meowstic|Dark Pulse|p2b: Sinistcha\n|-supereffective|p2b: Sinistcha|1\n|-damage|p2b: Sinistcha|0 fnt\n|faint|p2b: Sinistcha\n|move|p1a: Milotic|Waterfall|p2a: Farigiraf\n|-damage|p2a: Farigiraf|0 fnt\n|faint|p2a: Farigiraf\n|\n|-heal|p1a: Milotic|79/100|[from] item: Leftovers\n|-damage|p1b: Meowstic|54/100 brn|[from] brn\n|upkeep\n|\n|t:|1776144187\n|switch|p2b: Delphox|Delphox, L50, F|100/100\n|turn|7\n|\n|t:|1776144198\n|detailschange|p2b: Delphox|Delphox-Mega, L50, F\n|-mega|p2b: Delphox|Delphox|Delphoxite\n|move|p1b: Meowstic|Dark Pulse|p2b: Delphox\n|-supereffective|p2b: Delphox|1\n|-damage|p2b: Delphox|40/100\n|cant|p2b: Delphox|flinch\n|move|p1a: Milotic|Waterfall|p2b: Delphox\n|-supereffective|p2b: Delphox|1\n|-damage|p2b: Delphox|0 fnt\n|faint|p2b: Delphox\n|\n|win|charmicharmy\n|raw|charmicharmy's rating: 1000 &rarr; <strong>1040</strong><br />(+40 for winning)\n|raw|forts's rating: 1000 &rarr; <strong>1000</strong><br />(+0 for losing)\n|l|\u2606charmicharmy\n|player|p1|\n",
  "uploadtime": 1776144223,
  "views": 12,
  "formatid": "gen9championsvgc2026regma",
  "rating": 1000,
  "private": 0,
  "password": null
}