{
  "id": "gen9championsvgc2026regma-2583980098",
  "format": "[Gen 9 Champions] VGC 2026 Reg M-A",
  "players": [
    "aggsapphire",
    "seattleseadrasfpl"
  ],
  "log": "|j|\u2606aggsapphire\n|j|\u2606seattleseadrasfpl\n|t:|1776213780\n|gametype|doubles\n|player|p1|aggsapphire|red|1290\n|player|p2|seattleseadrasfpl|fisherman-gen4|1362\n|gen|9\n|tier|[Gen 9 Champions] VGC 2026 Reg M-A\n|rated|\n|rule|Species Clause: Limit one of each Pok\u00e9mon\n|rule|Item Clause: Limit 1 of each item\n|clearpoke\n|poke|p1|Incineroar, L50, F|\n|poke|p1|Sinistcha, L50|\n|poke|p1|Kingambit, L50, F|\n|poke|p1|Floette-Eternal, L50, F|\n|poke|p1|Dragapult, L50, F|\n|poke|p1|Sneasler, L50, M|\n|poke|p2|Aerodactyl, L50, M|\n|poke|p2|Kingambit, L50, F|\n|poke|p2|Maushold-Four, L50|\n|poke|p2|Sneasler, L50, M|\n|poke|p2|Floette-Eternal, L50, F|\n|poke|p2|Basculegion, L50, M|\n|teampreview|4\n|\n|t:|1776213845\n|teamsize|p1|4\n|teamsize|p2|4\n|start\n|switch|p1a: Dragapult|Dragapult, L50, F|100/100\n|switch|p1b: Sneasler|Sneasler, L50, M|100/100\n|switch|p2a: Maushold|Maushold-Four, L50|100/100\n|switch|p2b: Floette|Floette-Eternal, L50, F|100/100\n|turn|1\n|inactive|Battle timer is ON: inactive players will automatically lose when time's up. (requested by seattleseadrasfpl)\n|\n|t:|1776213863\n|detailschange|p2b: Floette|Floette-Mega, L50, F\n|-mega|p2b: Floette|Floette|Floettite\n|-ability|p2b: Floette|Fairy Aura\n|move|p2a: Maushold|Protect|p2a: Maushold\n|-singleturn|p2a: Maushold|Protect\n|move|p2b: Floette|Protect|p2b: Floette\n|-singleturn|p2b: Floette|Protect\n|move|p1a: Dragapult|Dragon Darts|p2a: Maushold\n|-activate|p2b: Floette|move: Protect\n|move|p1b: Sneasler|Close Combat|p2a: Maushold\n|-activate|p2a: Maushold|move: Protect\n|\n|upkeep\n|turn|2\n|inactive|seattleseadrasfpl has 30 seconds left.\n|\n|t:|1776213892\n|move|p2a: Maushold|Follow Me|p2a: Maushold\n|-singleturn|p2a: Maushold|move: Follow Me\n|move|p1a: Dragapult|Dragon Darts|p2a: Maushold\n|-damage|p2a: Maushold|67/100\n|-anim|p1a: Dragapult|Dragon Darts|p2a: Maushold\n|-damage|p2a: Maushold|35/100\n|move|p1b: Sneasler|Dire Claw|p2a: Maushold\n|-damage|p2a: Maushold|0 fnt\n|faint|p2a: Maushold\n|move|p2b: Floette|Moonblast|p1b: Sneasler\n|-damage|p1b: Sneasler|0 fnt\n|faint|p1b: Sneasler\n|\n|upkeep\n|inactive|seattleseadrasfpl has 30 seconds left.\n|\n|t:|1776213918\n|switch|p2a: Basculegion|Basculegion, L50, M|100/100\n|switch|p1b: Floette|Floette-Eternal, L50, F|100/100\n|turn|3\n|\n|t:|1776213934\n|move|p1b: Floette|Protect|p1b: Floette\n|-singleturn|p1b: Floette|Protect\n|move|p2a: Basculegion|Last Respects|p1a: Dragapult\n|-supereffective|p1a: Dragapult|1\n|-enditem|p1a: Dragapult|Focus Sash\n|-damage|p1a: Dragapult|1/100\n|move|p1a: Dragapult|Will-O-Wisp|p2a: Basculegion\n|-status|p2a: Basculegion|brn\n|move|p2b: Floette|Moonblast|p1b: Floette\n|-activate|p1b: Floette|move: Protect\n|\n|-damage|p2a: Basculegion|94/100 brn|[from] brn\n|upkeep\n|turn|4\n|inactive|seattleseadrasfpl has 30 seconds left.\n|\n|t:|1776213966\n|detailschange|p1b: Floette|Floette-Mega, L50, F\n|-mega|p1b: Floette|Floette|Floettite\n|-ability|p1b: Floette|Fairy Aura\n|move|p2a: Basculegion|Last Respects|p1a: Dragapult\n|-supereffective|p1a: Dragapult|1\n|-damage|p1a: Dragapult|0 fnt\n|faint|p1a: Dragapult\n|move|p1b: Floette|Calm Mind|p1b: Floette\n|-boost|p1b: Floette|spa|1\n|-boost|p1b: Floette|spd|1\n|move|p2b: Floette|Calm Mind|p2b: Floette\n|-boost|p2b: Floette|spa|1\n|-boost|p2b: Floette|spd|1\n|\n|-damage|p2a: Basculegion|88/100 brn|[from] brn\n|upkeep\n|\n|t:|1776213977\n|switch|p1a: Sinistcha|Sinistcha, L50|100/100\n|turn|5\n|\n|t:|1776213986\n|move|p2a: Basculegion|Last Respects|p1a: Sinistcha\n|-supereffective|p1a: Sinistcha|1\n|-damage|p1a: Sinistcha|48/100\n|-enditem|p1a: Sinistcha|Sitrus Berry|[eat]\n|-heal|p1a: Sinistcha|72/100|[from] item: Sitrus Berry\n|move|p1b: Floette|Calm Mind|p1b: Floette\n|-boost|p1b: Floette|spa|1\n|-boost|p1b: Floette|spd|1\n|move|p2b: Floette|Calm Mind|p2b: Floette\n|-boost|p2b: Floette|spa|1\n|-boost|p2b: Floette|spd|1\n|move|p1a: Sinistcha|Matcha Gotcha|p2b: Floette|[spread] p2a,p2b\n|-supereffective|p2a: Basculegion|1\n|-damage|p2a: Basculegion|27/100 brn\n|-heal|p1a: Sinistcha|100/100|[from] drain|[of] p2a: Basculegion\n|-damage|p2b: Floette|92/100\n|\n|-damage|p2a: Basculegion|21/100 brn|[from] brn\n|upkeep\n|turn|6\n|inactive|aggsapphire has 30 seconds left.\n|\n|t:|1776214012\n|move|p1a: Sinistcha|Protect|p1a: Sinistcha\n|-singleturn|p1a: Sinistcha|Protect\n|move|p2a: Basculegion|Last Respects|p1a: Sinistcha\n|-activate|p1a: Sinistcha|move: Protect\n|move|p1b: Floette|Dazzling Gleam|p2a: Basculegion|[spread] p2a,p2b\n|-damage|p2a: Basculegion|0 fnt\n|-damage|p2b: Floette|61/100\n|faint|p2a: Basculegion\n|move|p2b: Floette|Calm Mind|p2b: Floette\n|-boost|p2b: Floette|spa|1\n|-boost|p2b: Floette|spd|1\n|\n|upkeep\n|\n|t:|1776214015\n|switch|p2a: Sneasler|Sneasler, L50, M|100/100\n|turn|7\n|\n|t:|1776214029\n|move|p1b: Floette|Protect|p1b: Floette\n|-singleturn|p1b: Floette|Protect\n|move|p2a: Sneasler|Fake Out|p1b: Floette\n|-activate|p1b: Floette|move: Protect\n|move|p2b: Floette|Dazzling Gleam|p1a: Sinistcha|[spread] p1a\n|-activate|p1b: Floette|move: Protect\n|-damage|p1a: Sinistcha|0 fnt\n|faint|p1a: Sinistcha\n|\n|upkeep\n|turn|8\n|\n|t:|1776214045\n|move|p2a: Sneasler|Dire Claw|p1b: Floette\n|-supereffective|p1b: Floette|1\n|-damage|p1b: Floette|32/100\n|move|p1b: Floette|Draining Kiss|p2a: Sneasler\n|-damage|p2a: Sneasler|0 fnt\n|-heal|p1b: Floette|99/100|[from] drain|[of] p2a: Sneasler\n|faint|p2a: Sneasler\n|move|p2b: Floette|Moonblast|p1b: Floette\n|-damage|p1b: Floette|31/100\n|\n|upkeep\n|turn|9\n|\n|t:|1776214062\n|move|p1b: Floette|Draining Kiss|p2b: Floette\n|-damage|p2b: Floette|39/100\n|-heal|p1b: Floette|48/100|[from] drain|[of] p2b: Floette\n|move|p2b: Floette|Moonblast|p1b: Floette\n|-damage|p1b: Floette|0 fnt\n|faint|p1b: Floette\n|\n|win|seattleseadrasfpl\n|raw|aggsapphire's rating: 1290 &rarr; <strong>1270</strong><br />(-20 for losing)\n|raw|seattleseadrasfpl's rating: 1362 &rarr; <strong>1378</strong><br />(+16 for winning)\n|l|\u2606seattleseadrasfpl\n|player|p2|\n",
  "uploadtime": 1776214081,
  "views": 25,
  "formatid": "gen9championsvgc2026regma",
  "rating": 1270,
  "private": 0,
  "password": null
}