{
  "id": "gen9championsvgc2026regma-2581726955",
  "format": "[Gen 9 Champions] VGC 2026 Reg M-A",
  "players": [
    "lemond",
    "Bman311"
  ],
  "log": "|j|\u2606lemond\n|j|\u2606Bman311\n|t:|1776023756\n|gametype|doubles\n|player|p1|lemond|266|1329\n|player|p2|Bman311|102|1356\n|gen|9\n|tier|[Gen 9 Champions] VGC 2026 Reg M-A\n|rated|\n|rule|Species Clause: Limit one of each Pok\u00e9mon\n|rule|Item Clause: Limit 1 of each item\n|clearpoke\n|poke|p1|Tyranitar, L50, F|\n|poke|p1|Excadrill, L50, F|\n|poke|p1|Gyarados, L50, F|\n|poke|p1|Gardevoir, L50, F|\n|poke|p1|Sinistcha, L50|\n|poke|p1|Rotom-Heat, L50|\n|poke|p2|Floette-Eternal, L50, F|\n|poke|p2|Garchomp, L50, M|\n|poke|p2|Aerodactyl, L50, F|\n|poke|p2|Incineroar, L50, F|\n|poke|p2|Sneasler, L50, F|\n|poke|p2|Rotom-Wash, L50|\n|teampreview|4\n|inactive|Battle timer is ON: inactive players will automatically lose when time's up. (requested by Bman311)\n|inactive|lemond also wants the timer to be on.\n|j| psythenn\n|\n|t:|1776023784\n|teamsize|p1|4\n|teamsize|p2|4\n|start\n|switch|p1a: Tyranitar|Tyranitar, L50, F|100/100\n|switch|p1b: Excadrill|Excadrill, L50, F|100/100\n|switch|p2a: Aerodactyl|Aerodactyl, L50, F|100/100\n|switch|p2b: Garchomp|Garchomp, L50, M|100/100\n|-ability|p2a: Aerodactyl|Unnerve\n|-weather|Sandstorm|[from] ability: Sand Stream|[of] p1a: Tyranitar\n|turn|1\n|inactive|lemond has 30 seconds left.\n|\n|t:|1776023815\n|detailschange|p1a: Tyranitar|Tyranitar-Mega, L50, F\n|-mega|p1a: Tyranitar|Tyranitar|Tyranitarite\n|move|p1b: Excadrill|Iron Head|p2a: Aerodactyl\n|-supereffective|p2a: Aerodactyl|1\n|-enditem|p2a: Aerodactyl|Focus Sash\n|-damage|p2a: Aerodactyl|1/100\n|move|p2a: Aerodactyl|Tailwind|p2a: Aerodactyl\n|-sidestart|p2: Bman311|move: Tailwind\n|move|p2b: Garchomp|Earthquake|p1a: Tyranitar|[spread] p1a,p1b\n|-immune|p2a: Aerodactyl\n|-supereffective|p1a: Tyranitar|1\n|-supereffective|p1b: Excadrill|1\n|-damage|p1a: Tyranitar|39/100\n|-enditem|p1b: Excadrill|Focus Sash\n|-damage|p1b: Excadrill|1/100\n|move|p1a: Tyranitar|Rock Slide|p2a: Aerodactyl|[spread] p2b\n|-miss|p1a: Tyranitar|p2a: Aerodactyl\n|-resisted|p2b: Garchomp|1\n|-damage|p2b: Garchomp|84/100\n|\n|-weather|Sandstorm|[upkeep]\n|upkeep\n|turn|2\n|c|\u2606lemond|:D\n|inactive|lemond has 30 seconds left.\n|inactive|lemond has 20 seconds left.\n|\n|t:|1776023855\n|switch|p1a: Gyarados|Gyarados, L50, F|100/100\n|-ability|p1a: Gyarados|Intimidate|boost\n|-unboost|p2a: Aerodactyl|atk|1\n|-unboost|p2b: Garchomp|atk|1\n|move|p2a: Aerodactyl|Rock Slide|p1a: Gyarados|[spread] p1a,p1b\n|-supereffective|p1a: Gyarados|1\n|-resisted|p1b: Excadrill|2\n|-damage|p1a: Gyarados|68/100\n|-damage|p1b: Excadrill|0 fnt\n|faint|p1b: Excadrill\n|move|p2b: Garchomp|Earthquake|p1a: Gyarados|[spread] \n|-immune|p2a: Aerodactyl\n|-immune|p1a: Gyarados\n|\n|-weather|Sandstorm|[upkeep]\n|-damage|p1a: Gyarados|62/100|[from] Sandstorm\n|-heal|p1a: Gyarados|68/100|[from] item: Leftovers\n|upkeep\n|\n|t:|1776023870\n|switch|p1b: Sinistcha|Sinistcha, L50|100/100\n|-heal|p1a: Gyarados|93/100|[from] ability: Hospitality|[of] p1b: Sinistcha\n|turn|3\n|\n|t:|1776023885\n|move|p2a: Aerodactyl|Dual Wingbeat|p1b: Sinistcha\n|-supereffective|p1b: Sinistcha|1\n|-damage|p1b: Sinistcha|77/100\n|-supereffective|p1b: Sinistcha|1\n|-damage|p1b: Sinistcha|56/100\n|-hitcount|p1b: Sinistcha|2\n|move|p2b: Garchomp|Dragon Claw|p1b: Sinistcha\n|-damage|p1b: Sinistcha|33/100\n|move|p1a: Gyarados|Waterfall|p2b: Garchomp\n|-damage|p2b: Garchomp|52/100\n|-damage|p1a: Gyarados|80/100|[from] ability: Rough Skin|[of] p2b: Garchomp\n|move|p1b: Sinistcha|Matcha Gotcha|p2a: Aerodactyl|[spread] p2a,p2b\n|-damage|p2a: Aerodactyl|0 fnt\n|-heal|p1b: Sinistcha|34/100|[from] drain|[of] p2a: Aerodactyl\n|-damage|p2b: Garchomp|24/100\n|-heal|p1b: Sinistcha|48/100|[from] drain|[of] p2b: Garchomp\n|-enditem|p1b: Sinistcha|Sitrus Berry|[eat]\n|-heal|p1b: Sinistcha|73/100|[from] item: Sitrus Berry\n|faint|p2a: Aerodactyl\n|\n|-weather|Sandstorm|[upkeep]\n|-damage|p1a: Gyarados|74/100|[from] Sandstorm\n|-damage|p1b: Sinistcha|67/100|[from] Sandstorm\n|-heal|p1a: Gyarados|80/100|[from] item: Leftovers\n|upkeep\n|\n|t:|1776023890\n|switch|p2a: Floette|Floette-Eternal, L50, F|100/100\n|turn|4\n|\n|t:|1776023915\n|switch|p2b: Sneasler|Sneasler, L50, F|100/100\n|detailschange|p2a: Floette|Floette-Mega, L50, F\n|-mega|p2a: Floette|Floette|Floettite\n|-ability|p2a: Floette|Fairy Aura\n|move|p2a: Floette|Calm Mind|p2a: Floette\n|-boost|p2a: Floette|spa|1\n|-boost|p2a: Floette|spd|1\n|move|p1a: Gyarados|Thunder Wave|p2a: Floette|[miss]\n|-miss|p1a: Gyarados|p2a: Floette\n|move|p1b: Sinistcha|Matcha Gotcha|p2a: Floette|[spread] p2a,p2b\n|-resisted|p2b: Sneasler|1\n|-damage|p2a: Floette|89/100\n|-heal|p1b: Sinistcha|73/100|[from] drain|[of] p2a: Floette\n|-damage|p2b: Sneasler|81/100\n|-heal|p1b: Sinistcha|82/100|[from] drain|[of] p2b: Sneasler\n|-status|p2b: Sneasler|brn\n|\n|-weather|Sandstorm|[upkeep]\n|-damage|p2b: Sneasler|75/100 brn|[from] Sandstorm\n|-damage|p2a: Floette|83/100|[from] Sandstorm\n|-damage|p1a: Gyarados|74/100|[from] Sandstorm\n|-damage|p1b: Sinistcha|76/100|[from] Sandstorm\n|-heal|p1a: Gyarados|80/100|[from] item: Leftovers\n|-damage|p2b: Sneasler|69/100 brn|[from] brn\n|-sideend|p2: Bman311|move: Tailwind\n|upkeep\n|turn|5\n|inactive|lemond has 30 seconds left.\n|inactive|lemond has 20 seconds left.\n|\n|t:|1776023952\n|move|p2b: Sneasler|Fake Out|p1a: Gyarados\n|-damage|p1a: Gyarados|74/100\n|move|p2a: Floette|Dazzling Gleam|p1b: Sinistcha|[spread] p1a,p1b\n|-damage|p1a: Gyarados|17/100\n|-damage|p1b: Sinistcha|5/100\n|cant|p1a: Gyarados|flinch\n|move|p1b: Sinistcha|Matcha Gotcha|p2a: Floette|[spread] p2a\n|-miss|p1b: Sinistcha|p2b: Sneasler\n|-damage|p2a: Floette|70/100\n|-heal|p1b: Sinistcha|12/100|[from] drain|[of] p2a: Floette\n|\n|-weather|none\n|-heal|p1a: Gyarados|23/100|[from] item: Leftovers\n|-damage|p2b: Sneasler|64/100 brn|[from] brn\n|upkeep\n|turn|6\n|\n|t:|1776023971\n|move|p2b: Sneasler|Dire Claw|p1a: Gyarados\n|-damage|p1a: Gyarados|3/100\n|-status|p1a: Gyarados|psn\n|move|p2a: Floette|Dazzling Gleam|p1b: Sinistcha|[spread] p1a,p1b\n|-damage|p1a: Gyarados|0 fnt\n|-damage|p1b: Sinistcha|0 fnt\n|faint|p1a: Gyarados\n|faint|p1b: Sinistcha\n|\n|-damage|p2b: Sneasler|58/100 brn|[from] brn\n|upkeep\n|\n|t:|1776023982\n|switch|p1b: Tyranitar|Tyranitar-Mega, L50, F|39/100\n|-weather|Sandstorm|[from] ability: Sand Stream|[of] p1b: Tyranitar\n|turn|7\n|\n|t:|1776023988\n|move|p2b: Sneasler|Close Combat|p1b: Tyranitar\n|-supereffective|p1b: Tyranitar|2\n|-damage|p1b: Tyranitar|0 fnt\n|-unboost|p2b: Sneasler|def|1\n|-unboost|p2b: Sneasler|spd|1\n|faint|p1b: Tyranitar\n|\n|win|Bman311\n|raw|lemond's rating: 1329 &rarr; <strong>1311</strong><br />(-18 for losing)\n|raw|Bman311's rating: 1356 &rarr; <strong>1374</strong><br />(+18 for winning)\n",
  "uploadtime": 1776023989,
  "views": 28,
  "formatid": "gen9championsvgc2026regma",
  "rating": 1311,
  "private": 0,
  "password": null
}