{
  "id": "gen9championsvgc2026regma-2583210732",
  "format": "[Gen 9 Champions] VGC 2026 Reg M-A",
  "players": [
    "magicalarcher57",
    "BenniOVYalt"
  ],
  "log": "|j|\u2606magicalarcher57\n|j|\u2606BenniOVYalt\n|t:|1776155165\n|gametype|doubles\n|player|p1|magicalarcher57|cynthia-masters4|\n|player|p2|BenniOVYalt|psychic-gen4|\n|gen|9\n|tier|[Gen 9 Champions] VGC 2026 Reg M-A\n|rated|Tournament battle\n|rule|Species Clause: Limit one of each Pok\u00e9mon\n|rule|Item Clause: Limit 1 of each item\n|raw|<div class=\"infobox\"><details class=\"readmore\" open><summary><strong>1 custom rule:</strong></summary> Force Open Team Sheets</details></div>\n|clearpoke\n|poke|p1|Kangaskhan, L50, F|\n|poke|p1|Farigiraf, L50, F|\n|poke|p1|Basculegion, L50, M|\n|poke|p1|Talonflame, L50, F|\n|poke|p1|Sneasler, L50, F|\n|poke|p1|Charizard, L50, F|\n|poke|p2|Tyranitar, L50, F|\n|poke|p2|Excadrill, L50, M|\n|poke|p2|Milotic, L50, M|\n|poke|p2|Incineroar, L50, F|\n|poke|p2|Sinistcha, L50|\n|poke|p2|Aegislash, L50, F|\n|teampreview|4\n|showteam|p1|Kangaskhan||Kangaskhanite|Scrappy|FakeOut,HammerArm,DoubleEdge,Crunch|||F|||50|]Farigiraf||ColburBerry|ArmorTail|ShadowBall,HyperVoice,TrickRoom,Psychic|||F|||50|]Basculegion||MysticWater|Adaptability|WaveCrash,LastRespects,AquaJet,Protect|||M|||50|]Talonflame||SharpBeak|GaleWings|Tailwind,Taunt,BraveBird,FlareBlitz|||F|||50|]Sneasler||FocusSash|Unburden|FakeOut,CloseCombat,DireClaw,Protect|||F|||50|]Charizard||CharizarditeY|SolarPower|HeatWave,Protect,SolarBeam,Overheat|||F|||50|\n|showteam|p2|Tyranitar||Tyranitarite|SandStream|RockSlide,Crunch,DragonDance,Protect|||F|||50|]Excadrill||FocusSash|SandRush|HighHorsepower,IronHead,RockSlide,Protect|||M|||50|]Milotic||SitrusBerry|Competitive|Scald,MuddyWater,IcyWind,Protect|||M|||50|]Incineroar||ShucaBerry|Intimidate|FlareBlitz,ThroatChop,PartingShot,FakeOut|||F|||50|]Sinistcha||OccaBerry|Hospitality|MatchaGotcha,LifeDew,RagePowder,Protect||||||50|]Aegislash||Leftovers|StanceChange|ShadowBall,FlashCannon,Substitute,KingsShield|||F|||50|\n|c|\u2606BenniOVYalt|fuck\n|c|\u2606BenniOVYalt|i ran up the wrong team\n|c|\u2606BenniOVYalt|lmaooo\n|c|\u2606BenniOVYalt|nah but glhf\n|j| It'sJustKen VGC\n|j| caramelpainn\n|c|\u2606magicalarcher57|glhf\n|c|\u2606BenniOVYalt|i had a newver better varient of this team\n|c|\u2606magicalarcher57|arguably u have a good mu\n|c|\u2606BenniOVYalt|lets hope sini clutches again\n|c|\u2606BenniOVYalt|and naaaaaaah, crazy claims, the mu is defo in your favor\n|c|\u2606magicalarcher57|nah\n|c|\u2606magicalarcher57|sinitcha is like\n|c|\u2606magicalarcher57|my krptonight\n|c|\u2606magicalarcher57|*kryptonite\n|\n|t:|1776155239\n|teamsize|p1|4\n|teamsize|p2|4\n|start\n|switch|p1a: Ryoiki Tenkai|Farigiraf, L50, F, shiny|100/100\n|switch|p1b: Kangaskhan|Kangaskhan, L50, F, shiny|100/100\n|switch|p2a: Tyranitar|Tyranitar, L50, F|100/100\n|switch|p2b: Aegislash|Aegislash, L50, F|100/100\n|-weather|Sandstorm|[from] ability: Sand Stream|[of] p2a: Tyranitar\n|turn|1\n|c|\u2606magicalarcher57|i need to outskill it\n|c|\u2606magicalarcher57|which i can say i can reliably do\n|j| sgrace\n|l| sgrace\n|\n|t:|1776155259\n|switch|p2a: Sinistcha|Sinistcha, L50|100/100\n|detailschange|p1b: Kangaskhan|Kangaskhan-Mega, L50, F, shiny\n|-mega|p1b: Kangaskhan|Kangaskhan|Kangaskhanite\n|move|p2b: Aegislash|King's Shield|p2b: Aegislash\n|-singleturn|p2b: Aegislash|Protect\n|move|p1b: Kangaskhan|Crunch|p2b: Aegislash\n|-activate|p2b: Aegislash|move: Protect\n|-unboost|p1b: Kangaskhan|atk|1\n|move|p1a: Ryoiki Tenkai|Trick Room|p1a: Ryoiki Tenkai\n|-fieldstart|move: Trick Room|[of] p1a: Ryoiki Tenkai\n|\n|-weather|Sandstorm|[upkeep]\n|-damage|p1a: Ryoiki Tenkai|95/100|[from] Sandstorm\n|-damage|p2a: Sinistcha|94/100|[from] Sandstorm\n|-damage|p1b: Kangaskhan|94/100|[from] Sandstorm\n|upkeep\n|turn|2\n|c|\u2606magicalarcher57|as i said :Sob:\n|c|\u2606magicalarcher57|skilled\n|\n|t:|1776155291\n|switch|p2a: Incineroar|Incineroar, L50, F|100/100\n|-ability|p2a: Incineroar|Intimidate|boost\n|-unboost|p1a: Ryoiki Tenkai|atk|1\n|-unboost|p1b: Kangaskhan|atk|1\n|move|p1a: Ryoiki Tenkai|Shadow Ball|p2b: Aegislash\n|-supereffective|p2b: Aegislash|1\n|-damage|p2b: Aegislash|53/100\n|-formechange|p2b: Aegislash|Aegislash-Blade|\n|move|p2b: Aegislash|Flash Cannon|p1b: Kangaskhan\n|-crit|p1b: Kangaskhan\n|-damage|p1b: Kangaskhan|34/100\n|move|p1b: Kangaskhan|Crunch|p2b: Aegislash\n|-supereffective|p2b: Aegislash|1\n|-damage|p2b: Aegislash|0 fnt\n|faint|p2b: Aegislash\n|-hitcount|p2: Aegislash|1\n|\n|-weather|Sandstorm|[upkeep]\n|-damage|p1a: Ryoiki Tenkai|89/100|[from] Sandstorm\n|-damage|p2a: Incineroar|95/100|[from] Sandstorm\n|-damage|p1b: Kangaskhan|28/100|[from] Sandstorm\n|upkeep\n|l| caramelpainn\n|c|\u2606BenniOVYalt|hammer arm is wild tech\n|c|\u2606BenniOVYalt|lmaoooo\n|c|\u2606BenniOVYalt|love it\n|c|\u2606BenniOVYalt|and damn\n|\n|t:|1776155307\n|switch|p2b: Sinistcha|Sinistcha, L50|94/100\n|-heal|p2a: Incineroar|100/100|[from] ability: Hospitality|[of] p2b: Sinistcha\n|turn|3\n|n|!magicalarcher57|magicalarcher57\n|j| caramelpainn\n|c|\u2606BenniOVYalt|you must be hella spa invested? or aegi just inst as bulky as i thought\n|\n|t:|1776155342\n|move|p1a: Ryoiki Tenkai|Shadow Ball|p2b: Sinistcha\n|-supereffective|p2b: Sinistcha|1\n|-damage|p2b: Sinistcha|43/100\n|move|p2b: Sinistcha|Matcha Gotcha|p1a: Ryoiki Tenkai|[spread] p1a,p1b\n|-damage|p1a: Ryoiki Tenkai|61/100\n|-heal|p2b: Sinistcha|59/100|[from] drain|[of] p1a: Ryoiki Tenkai\n|-damage|p1b: Kangaskhan|7/100\n|-heal|p2b: Sinistcha|72/100|[from] drain|[of] p1b: Kangaskhan\n|move|p2a: Incineroar|Throat Chop|p1a: Ryoiki Tenkai\n|-supereffective|p1a: Ryoiki Tenkai|1\n|-enditem|p1a: Ryoiki Tenkai|Colbur Berry|[eat]\n|-enditem|p1a: Ryoiki Tenkai|Colbur Berry|[weaken]\n|-damage|p1a: Ryoiki Tenkai|27/100\n|-start|p1a: Ryoiki Tenkai|Throat Chop|[silent]\n|move|p1b: Kangaskhan|Crunch|p2b: Sinistcha\n|-supereffective|p2b: Sinistcha|1\n|-damage|p2b: Sinistcha|48/100\n|-unboost|p2b: Sinistcha|def|1\n|-supereffective|p2b: Sinistcha|1\n|-damage|p2b: Sinistcha|39/100\n|-hitcount|p2b: Sinistcha|2\n|\n|-weather|Sandstorm|[upkeep]\n|-damage|p1a: Ryoiki Tenkai|21/100|[from] Sandstorm\n|-damage|p2b: Sinistcha|33/100|[from] Sandstorm\n|-damage|p2a: Incineroar|95/100|[from] Sandstorm\n|-damage|p1b: Kangaskhan|1/100|[from] Sandstorm\n|upkeep\n|turn|4\n|\n|t:|1776155373\n|switch|p2b: Tyranitar|Tyranitar, L50, F|100/100\n|move|p1a: Ryoiki Tenkai|Shadow Ball|p2b: Tyranitar\n|-resisted|p2b: Tyranitar|1\n|-damage|p2b: Tyranitar|91/100\n|move|p2a: Incineroar|Throat Chop|p1a: Ryoiki Tenkai\n|-supereffective|p1a: Ryoiki Tenkai|1\n|-damage|p1a: Ryoiki Tenkai|0 fnt\n|faint|p1a: Ryoiki Tenkai\n|move|p1b: Kangaskhan|Hammer Arm|p2a: Incineroar\n|-supereffective|p2a: Incineroar|1\n|-damage|p2a: Incineroar|63/100\n|-unboost|p1b: Kangaskhan|spe|1\n|-supereffective|p2a: Incineroar|1\n|-damage|p2a: Incineroar|57/100\n|-unboost|p1b: Kangaskhan|spe|1\n|-hitcount|p2a: Incineroar|2\n|\n|-weather|Sandstorm|[upkeep]\n|-damage|p1b: Kangaskhan|0 fnt|[from] Sandstorm\n|-damage|p2a: Incineroar|51/100|[from] Sandstorm\n|faint|p1b: Kangaskhan\n|upkeep\n|\n|t:|1776155376\n|switch|p1a: Basculegion|Basculegion, L50, M, shiny|100/100\n|switch|p1b: Talonflame|Talonflame, L50, F, shiny|100/100\n|turn|5\n|\n|t:|1776155389\n|move|p1b: Talonflame|Brave Bird|p2a: Incineroar\n|-damage|p2a: Incineroar|6/100\n|-damage|p1b: Talonflame|81/100|[from] Recoil\n|move|p2a: Incineroar|Throat Chop|p1a: Basculegion\n|-supereffective|p1a: Basculegion|1\n|-damage|p1a: Basculegion|26/100\n|-start|p1a: Basculegion|Throat Chop|[silent]\n|move|p1a: Basculegion|Wave Crash|p2b: Tyranitar\n|-supereffective|p2b: Tyranitar|1\n|-damage|p2b: Tyranitar|0 fnt\n|faint|p2b: Tyranitar\n|-damage|p1a: Basculegion|1/100|[from] Recoil\n|\n|-weather|none\n|-fieldend|move: Trick Room\n|upkeep\n|c|\u2606BenniOVYalt|crazy\n|c|\u2606BenniOVYalt|wasnt expecting that\n|\n|t:|1776155404\n|switch|p2b: Sinistcha|Sinistcha, L50|33/100\n|-heal|p2a: Incineroar|31/100|[from] ability: Hospitality|[of] p2b: Sinistcha\n|turn|6\n|-message|BenniOVYalt forfeited.\n|\n|win|magicalarcher57\n|n|!magicalarcher57|magicalarcher57\n|n|\u2606BenniOVYalt|benniovyalt\n|n| It'sJustKen VGC|itsjustkenvgc\n|n| caramelpainn|caramelpainn\n",
  "uploadtime": 1776155308,
  "views": 21,
  "formatid": "gen9championsvgc2026regma",
  "rating": null,
  "private": 0,
  "password": null
}