{
  "id": "gen9championsvgc2026regma-2584557910",
  "format": "[Gen 9 Champions] VGC 2026 Reg M-A",
  "players": [
    "Eidocles",
    "shelmerVGC"
  ],
  "log": "|j|\u2606Eidocles\n|j|\u2606shelmerVGC\n|t:|1776268637\n|gametype|doubles\n|player|p1|Eidocles|unknown|1266\n|player|p2|shelmerVGC|170|1363\n|gen|9\n|tier|[Gen 9 Champions] VGC 2026 Reg M-A\n|rated|\n|rule|Species Clause: Limit one of each Pok\u00e9mon\n|rule|Item Clause: Limit 1 of each item\n|clearpoke\n|poke|p1|Sneasler, L50, M|\n|poke|p1|Garchomp, L50, M|\n|poke|p1|Orthworm, L50, F|\n|poke|p1|Delphox, L50, F|\n|poke|p1|Rotom-Wash, L50|\n|poke|p1|Meganium, L50, M|\n|poke|p2|Charizard, L50, F|\n|poke|p2|Whimsicott, L50, M|\n|poke|p2|Incineroar, L50, M|\n|poke|p2|Sneasler, L50, F|\n|poke|p2|Basculegion, L50, M|\n|poke|p2|Garchomp, L50, F|\n|teampreview|4\n|inactive|Battle timer is ON: inactive players will automatically lose when time's up. (requested by shelmerVGC)\n|c|\u2606Eidocles|Glhf\n|inactive|shelmerVGC has 60 seconds left.\n|\n|t:|1776268692\n|teamsize|p1|4\n|teamsize|p2|4\n|start\n|switch|p1a: Sneasler|Sneasler, L50, M|100/100\n|switch|p1b: Orthworm|Orthworm, L50, F|100/100\n|switch|p2a: Garchomp|Garchomp, L50, F|100/100\n|switch|p2b: Incineroar|Incineroar, L50, M|100/100\n|-ability|p2b: Incineroar|Intimidate|boost\n|-unboost|p1a: Sneasler|atk|1\n|-unboost|p1b: Orthworm|atk|1\n|-enditem|p1a: Sneasler|White Herb\n|-clearnegativeboost|p1a: Sneasler|[silent]\n|turn|1\n|inactive|shelmerVGC has 30 seconds left.\n|inactive|shelmerVGC has 20 seconds left.\n|\n|t:|1776268729\n|move|p1a: Sneasler|Fake Out|p2a: Garchomp\n|-damage|p2a: Garchomp|83/100\n|-damage|p1a: Sneasler|89/100|[from] ability: Rough Skin|[of] p2a: Garchomp\n|move|p2b: Incineroar|Fake Out|p1b: Orthworm\n|-resisted|p1b: Orthworm|1\n|-damage|p1b: Orthworm|98/100\n|cant|p2a: Garchomp|flinch\n|cant|p1b: Orthworm|flinch\n|\n|upkeep\n|turn|2\n|\n|t:|1776268748\n|switch|p2b: Charizard|Charizard, L50, F|100/100\n|move|p1a: Sneasler|Dire Claw|p2a: Garchomp\n|-resisted|p2a: Garchomp|1\n|-damage|p2a: Garchomp|59/100\n|-damage|p1a: Sneasler|77/100|[from] ability: Rough Skin|[of] p2a: Garchomp\n|move|p2a: Garchomp|Dragon Claw|p1a: Sneasler\n|-damage|p1a: Sneasler|3/100\n|move|p1b: Orthworm|Shed Tail|p1b: Orthworm\n|-start|p1b: Orthworm|Substitute|[from] move: Shed Tail\n|-damage|p1b: Orthworm|47/100\n|-enditem|p1b: Orthworm|Sitrus Berry|[eat]\n|-heal|p1b: Orthworm|72/100|[from] item: Sitrus Berry\n|\n|t:|1776268760\n|switch|p1b: Garchomp|Garchomp, L50, M|100/100|[from] Shed Tail\n|\n|upkeep\n|turn|3\n|\n|t:|1776268777\n|move|p2b: Charizard|Protect|p2b: Charizard\n|-singleturn|p2b: Charizard|Protect\n|move|p1a: Sneasler|Coaching|p1b: Garchomp\n|-boost|p1b: Garchomp|atk|1\n|-boost|p1b: Garchomp|def|1\n|move|p2a: Garchomp|Earthquake|p1a: Sneasler|[spread] p1a,p1b\n|-activate|p2b: Charizard|move: Protect\n|-end|p1b: Garchomp|Substitute\n|-supereffective|p1a: Sneasler|1\n|-damage|p1a: Sneasler|0 fnt\n|faint|p1a: Sneasler\n|move|p1b: Garchomp|Rock Slide|p2a: Garchomp|[spread] p2a\n|-activate|p2b: Charizard|move: Protect\n|-resisted|p2a: Garchomp|1\n|-damage|p2a: Garchomp|48/100\n|\n|upkeep\n|\n|t:|1776268789\n|switch|p1a: Delphox|Delphox, L50, F|100/100\n|turn|4\n|\n|t:|1776268807\n|switch|p2a: Incineroar|Incineroar, L50, M|100/100\n|-ability|p2a: Incineroar|Intimidate|boost\n|-unboost|p1a: Delphox|atk|1\n|-unboost|p1b: Garchomp|atk|1\n|detailschange|p1a: Delphox|Delphox-Mega, L50, F\n|-mega|p1a: Delphox|Delphox|Delphoxite\n|detailschange|p2b: Charizard|Charizard-Mega-Y, L50, F\n|-mega|p2b: Charizard|Charizard|Charizardite Y\n|-weather|SunnyDay|[from] ability: Drought|[of] p2b: Charizard\n|move|p1a: Delphox|Psychic|p2a: Incineroar\n|-immune|p2a: Incineroar\n|move|p1b: Garchomp|Rock Slide|p2b: Charizard|[spread] p2a,p2b\n|-supereffective|p2a: Incineroar|1\n|-supereffective|p2b: Charizard|2\n|-damage|p2a: Incineroar|74/100\n|-damage|p2b: Charizard|27/100\n|cant|p2b: Charizard|flinch\n|\n|-weather|SunnyDay|[upkeep]\n|upkeep\n|turn|5\n|\n|t:|1776268831\n|switch|p2b: Whimsicott|Whimsicott, L50, M|100/100\n|move|p1a: Delphox|Protect|p1a: Delphox\n|-singleturn|p1a: Delphox|Protect\n|move|p1b: Garchomp|Protect|p1b: Garchomp\n|-singleturn|p1b: Garchomp|Protect\n|move|p2a: Incineroar|Fake Out|p1a: Delphox\n|-activate|p1a: Delphox|move: Protect\n|\n|-weather|SunnyDay|[upkeep]\n|upkeep\n|turn|6\n|\n|t:|1776268842\n|switch|p1b: Orthworm|Orthworm, L50, F|72/100\n|move|p2b: Whimsicott|Encore|p1a: Delphox\n|-start|p1a: Delphox|Encore\n|move|p1a: Delphox|Protect|p1a: Delphox\n|-singleturn|p1a: Delphox|Protect\n|move|p2a: Incineroar|Parting Shot|p1b: Orthworm\n|-unboost|p1b: Orthworm|atk|1\n|-unboost|p1b: Orthworm|spa|1\n|\n|t:|1776268851\n|switch|p2a: Charizard|Charizard-Mega-Y, L50, F|27/100|[from] Parting Shot\n|\n|-weather|SunnyDay|[upkeep]\n|upkeep\n|turn|7\n|\n|t:|1776268859\n|switch|p1a: Garchomp|Garchomp, L50, M|100/100\n|move|p2b: Whimsicott|Tailwind|p2b: Whimsicott\n|-sidestart|p2: shelmerVGC|move: Tailwind\n|move|p2a: Charizard|Heat Wave|p1a: Garchomp|[spread] p1a,p1b\n|-resisted|p1a: Garchomp|1\n|-supereffective|p1b: Orthworm|1\n|-damage|p1a: Garchomp|74/100\n|-damage|p1b: Orthworm|0 fnt\n|-status|p1a: Garchomp|brn\n|faint|p1b: Orthworm\n|\n|-weather|SunnyDay|[upkeep]\n|-damage|p1a: Garchomp|67/100 brn|[from] brn\n|upkeep\n|\n|t:|1776268866\n|switch|p1b: Delphox|Delphox-Mega, L50, F|100/100\n|turn|8\n|\n|t:|1776268874\n|move|p1a: Garchomp|Protect|p1a: Garchomp\n|-singleturn|p1a: Garchomp|Protect\n|move|p2b: Whimsicott|Moonblast|p1a: Garchomp\n|-activate|p1a: Garchomp|move: Protect\n|move|p2a: Charizard|Weather Ball|p1b: Delphox\n|-resisted|p1b: Delphox|1\n|-damage|p1b: Delphox|60/100\n|move|p1b: Delphox|Flamethrower|p2b: Whimsicott\n|-supereffective|p2b: Whimsicott|1\n|-enditem|p2b: Whimsicott|Focus Sash\n|-damage|p2b: Whimsicott|1/100\n|\n|-weather|none\n|-damage|p1a: Garchomp|61/100 brn|[from] brn\n|upkeep\n|turn|9\n|\n|t:|1776268893\n|switch|p2a: Incineroar|Incineroar, L50, M|74/100\n|-ability|p2a: Incineroar|Intimidate|boost\n|-unboost|p1a: Garchomp|atk|1\n|-unboost|p1b: Delphox|atk|1\n|move|p2b: Whimsicott|Encore|p1a: Garchomp\n|-start|p1a: Garchomp|Encore\n|move|p1a: Garchomp|Protect||[still]\n|-fail|p1a: Garchomp\n|move|p1b: Delphox|Flamethrower|p2b: Whimsicott\n|-supereffective|p2b: Whimsicott|1\n|-damage|p2b: Whimsicott|0 fnt\n|faint|p2b: Whimsicott\n|\n|-damage|p1a: Garchomp|55/100 brn|[from] brn\n|upkeep\n|\n|t:|1776268907\n|switch|p2b: Garchomp|Garchomp, L50, F|48/100\n|turn|10\n|\n|t:|1776268911\n|move|p1b: Delphox|Protect|p1b: Delphox\n|-singleturn|p1b: Delphox|Protect\n|move|p1a: Garchomp|Protect|p1a: Garchomp\n|-singleturn|p1a: Garchomp|Protect\n|move|p2b: Garchomp|Dragon Claw|p1a: Garchomp\n|-activate|p1a: Garchomp|move: Protect\n|move|p2a: Incineroar|Darkest Lariat|p1b: Delphox\n|-activate|p1b: Delphox|move: Protect\n|\n|-damage|p1a: Garchomp|49/100 brn|[from] brn\n|-sideend|p2: shelmerVGC|move: Tailwind\n|upkeep\n|turn|11\n|\n|t:|1776268924\n|move|p1a: Garchomp|Protect|p1a: Garchomp\n|-singleturn|p1a: Garchomp|Protect\n|move|p1b: Delphox|Substitute|p1b: Delphox\n|-start|p1b: Delphox|Substitute\n|-damage|p1b: Delphox|35/100\n|move|p2b: Garchomp|Dragon Claw|p1a: Garchomp\n|-activate|p1a: Garchomp|move: Protect\n|move|p2a: Incineroar|Darkest Lariat|p1b: Delphox\n|-supereffective|p1b: Delphox|1\n|-end|p1b: Delphox|Substitute\n|\n|-damage|p1a: Garchomp|43/100 brn|[from] brn\n|-end|p1a: Garchomp|Encore\n|upkeep\n|turn|12\n|\n|t:|1776268941\n|move|p1b: Delphox|Flamethrower|p2b: Garchomp\n|-resisted|p2b: Garchomp|1\n|-damage|p2b: Garchomp|18/100\n|move|p1a: Garchomp|Earthquake|p2a: Incineroar|[spread] p2a,p2b\n|-immune|p1b: Delphox|[from] ability: Levitate\n|-supereffective|p2a: Incineroar|1\n|-damage|p2a: Incineroar|54/100\n|-damage|p2b: Garchomp|7/100\n|move|p2b: Garchomp|Dragon Claw|p1a: Garchomp\n|-supereffective|p1a: Garchomp|1\n|-damage|p1a: Garchomp|0 fnt\n|-damage|p2b: Garchomp|0 fnt|[from] ability: Rough Skin|[of] p1a: Garchomp\n|faint|p1a: Garchomp\n|faint|p2b: Garchomp\n|move|p2a: Incineroar|Darkest Lariat|p1b: Delphox\n|-supereffective|p1b: Delphox|1\n|-damage|p1b: Delphox|0 fnt\n|faint|p1b: Delphox\n|\n|win|shelmerVGC\n|raw|Eidocles's rating: 1266 &rarr; <strong>1248</strong><br />(-18 for losing)\n|raw|shelmerVGC's rating: 1363 &rarr; <strong>1378</strong><br />(+15 for winning)\n|l|\u2606Eidocles\n|player|p1|\n",
  "uploadtime": 1776268959,
  "views": 41,
  "formatid": "gen9championsvgc2026regma",
  "rating": 1248,
  "private": 0,
  "password": null
}