{
  "id": "gen9championsvgc2026regma-2580693544",
  "format": "[Gen 9 Champions] VGC 2026 Reg M-A",
  "players": [
    "lolgz",
    "pengu"
  ],
  "log": "|j|\u2606lolgz\n|j|\u2606pengu\n|t:|1775924807\n|gametype|doubles\n|player|p1|lolgz|265|\n|player|p2|pengu|rosa-masters|\n|gen|9\n|tier|[Gen 9 Champions] VGC 2026 Reg M-A\n|rated|Tournament battle\n|rule|Species Clause: Limit one of each Pok\u00e9mon\n|rule|Item Clause: Limit 1 of each item\n|clearpoke\n|poke|p1|Charizard, L50, F|\n|poke|p1|Whimsicott, L50, F|\n|poke|p1|Basculegion, L50, M|\n|poke|p1|Farigiraf, L50, F|\n|poke|p1|Sneasler, L50, M|\n|poke|p1|Floette-Eternal, L50, F|\n|poke|p2|Feraligatr, L50, M|\n|poke|p2|Sneasler, L50, F|\n|poke|p2|Sinistcha, L50|\n|poke|p2|Incineroar, L50, M|\n|poke|p2|Ninetales-Alola, L50, M|\n|poke|p2|Garchomp, L50, M|\n|teampreview|4\n|inactive|Battle timer is ON: inactive players will automatically lose when time's up. (requested by pengu)\n|c|\u2606pengu|hf\npengu has agreed to open team sheets.\n|j| H4irashi\n|inactive|lolgz has 60 seconds left.\n|inactive|pengu has 60 seconds left.\n|inactive|lolgz has 30 seconds left.\n|inactive|lolgz has 20 seconds left.\n|\n|t:|1775924880\n|teamsize|p1|4\n|teamsize|p2|4\n|start\n|switch|p1a: Whimsicott|Whimsicott, L50, F|100/100\n|switch|p1b: Basculegion|Basculegion, L50, M|100/100\n|switch|p2a: Sneasler|Sneasler, L50, F|100/100\n|switch|p2b: Feraligatr|Feraligatr, L50, M|100/100\n|turn|1\n|\n|t:|1775924896\n|detailschange|p2b: Feraligatr|Feraligatr-Mega, L50, M\n|-mega|p2b: Feraligatr|Feraligatr|Feraligite\n|move|p1a: Whimsicott|Tailwind|p1a: Whimsicott\n|-sidestart|p1: lolgz|move: Tailwind\n|move|p1b: Basculegion|Wave Crash|p2a: Sneasler\n|-enditem|p2a: Sneasler|Focus Sash\n|-damage|p2a: Sneasler|1/100\n|-damage|p1b: Basculegion|74/100|[from] Recoil\n|move|p2a: Sneasler|Dire Claw|p1a: Whimsicott\n|-supereffective|p1a: Whimsicott|2\n|-enditem|p1a: Whimsicott|Focus Sash\n|-damage|p1a: Whimsicott|1/100\n|move|p2b: Feraligatr|Liquidation|p1a: Whimsicott\n|-resisted|p1a: Whimsicott|1\n|-damage|p1a: Whimsicott|0 fnt\n|faint|p1a: Whimsicott\n|\n|upkeep\n|\n|t:|1775924909\n|switch|p1a: Floette|Floette-Eternal, L50, F|100/100\n|turn|2\n|\n|t:|1775924920\n|switch|p2b: Incineroar|Incineroar, L50, M|100/100\n|-ability|p2b: Incineroar|Intimidate|boost\n|-unboost|p1a: Floette|atk|1\n|-unboost|p1b: Basculegion|atk|1\n|detailschange|p1a: Floette|Floette-Mega, L50, F\n|-mega|p1a: Floette|Floette|Floettite\n|-ability|p1a: Floette|Fairy Aura\n|move|p1b: Basculegion|Wave Crash|p2a: Sneasler\n|-damage|p2a: Sneasler|0 fnt\n|faint|p2a: Sneasler\n|-damage|p1b: Basculegion|74/100|[from] Recoil\n|move|p1a: Floette|Dazzling Gleam|p2b: Incineroar\n|-damage|p2b: Incineroar|46/100\n|\n|upkeep\n|\n|t:|1775924925\n|switch|p2a: Sinistcha|Sinistcha, L50|100/100\n|-heal|p2b: Incineroar|70/100|[from] ability: Hospitality|[of] p2a: Sinistcha\n|turn|3\n|\n|t:|1775924939\n|move|p1b: Basculegion|Wave Crash|p2b: Incineroar\n|-supereffective|p2b: Incineroar|1\n|-damage|p2b: Incineroar|0 fnt\n|faint|p2b: Incineroar\n|-damage|p1b: Basculegion|50/100|[from] Recoil\n|move|p1a: Floette|Dazzling Gleam|p2a: Sinistcha\n|-damage|p2a: Sinistcha|33/100\n|-enditem|p2a: Sinistcha|Sitrus Berry|[eat]\n|-heal|p2a: Sinistcha|58/100|[from] item: Sitrus Berry\n|move|p2a: Sinistcha|Trick Room|p2a: Sinistcha\n|-fieldstart|move: Trick Room|[of] p2a: Sinistcha\n|\n|upkeep\n|\n|t:|1775924942\n|switch|p2b: Feraligatr|Feraligatr-Mega, L50, M|100/100\n|turn|4\n|\n|t:|1775924954\n|move|p1a: Floette|Protect|p1a: Floette\n|-singleturn|p1a: Floette|Protect\n|move|p2a: Sinistcha|Matcha Gotcha|p1b: Basculegion|[spread] p1b\n|-activate|p1a: Floette|move: Protect\n|-supereffective|p1b: Basculegion|1\n|-damage|p1b: Basculegion|0 fnt\n|-heal|p2a: Sinistcha|85/100|[from] drain|[of] p1b: Basculegion\n|faint|p1b: Basculegion\n|move|p2b: Feraligatr|Liquidation|p1a: Floette\n|-activate|p1a: Floette|move: Protect\n|\n|-sideend|p1: lolgz|move: Tailwind\n|upkeep\n|\n|t:|1775924961\n|switch|p1b: Sneasler|Sneasler, L50, M|100/100\n|turn|5\n|\n|t:|1775924966\n|move|p2b: Feraligatr|Protect|p2b: Feraligatr\n|-singleturn|p2b: Feraligatr|Protect\n|move|p1b: Sneasler|Fake Out|p2b: Feraligatr\n|-activate|p2b: Feraligatr|move: Protect\n|move|p2a: Sinistcha|Matcha Gotcha|p1b: Sneasler|[spread] p1a,p1b\n|-resisted|p1b: Sneasler|1\n|-damage|p1a: Floette|80/100\n|-heal|p2a: Sinistcha|93/100|[from] drain|[of] p1a: Floette\n|-damage|p1b: Sneasler|85/100\n|-heal|p2a: Sinistcha|99/100|[from] drain|[of] p1b: Sneasler\n|move|p1a: Floette|Dazzling Gleam|p2a: Sinistcha|[spread] p2a\n|-activate|p2b: Feraligatr|move: Protect\n|-damage|p2a: Sinistcha|44/100\n|\n|upkeep\n|turn|6\n|\n|t:|1775924975\n|move|p1a: Floette|Protect|p1a: Floette\n|-singleturn|p1a: Floette|Protect\n|move|p2a: Sinistcha|Matcha Gotcha|p1b: Sneasler|[spread] p1b\n|-activate|p1a: Floette|move: Protect\n|-resisted|p1b: Sneasler|1\n|-damage|p1b: Sneasler|69/100\n|-heal|p2a: Sinistcha|52/100|[from] drain|[of] p1b: Sneasler\n|move|p2b: Feraligatr|Liquidation|p1b: Sneasler\n|-damage|p1b: Sneasler|0 fnt\n|faint|p1b: Sneasler\n|\n|upkeep\n|turn|7\n|c|\u2606pengu|please gatr\n|c|\u2606pengu|lock in\n|\n|t:|1775924988\n|move|p1a: Floette|Protect|p1a: Floette\n|-singleturn|p1a: Floette|Protect\n|move|p2a: Sinistcha|Matcha Gotcha|p1a: Floette\n|-activate|p1a: Floette|move: Protect\n|move|p2b: Feraligatr|Liquidation|p1a: Floette\n|-activate|p1a: Floette|move: Protect\n|\n|-fieldend|move: Trick Room\n|upkeep\n|turn|8\n|c|\u2606pengu|ope\n|c|\u2606pengu|nvm\n|\n|t:|1775924997\n|move|p2b: Feraligatr|Protect|p2b: Feraligatr\n|-singleturn|p2b: Feraligatr|Protect\n|move|p1a: Floette|Dazzling Gleam|p2b: Feraligatr|[spread] p2a\n|-activate|p2b: Feraligatr|move: Protect\n|-damage|p2a: Sinistcha|0 fnt\n|faint|p2a: Sinistcha\n|\n|upkeep\n|turn|9\n|-message|pengu forfeited.\n|\n|win|lolgz\n|n|\u2606lolgz|lolgz\n|n|\u2606pengu|pengu\n|n| H4irashi|h4irashi\n",
  "uploadtime": 1775925000,
  "views": 12,
  "formatid": "gen9championsvgc2026regma",
  "rating": null,
  "private": 0,
  "password": null
}