{
  "id": "gen9championsvgc2026regma-2585251161",
  "format": "[Gen 9 Champions] VGC 2026 Reg M-A",
  "players": [
    "dxdiag235",
    "BlobbyStuntfisk"
  ],
  "log": "|j|\u2606dxdiag235\n|j|\u2606BlobbyStuntfisk\n|t:|1776330055\n|gametype|doubles\n|player|p1|dxdiag235|hilda-wonderlauncher|1124\n|player|p2|BlobbyStuntfisk|266|1041\n|gen|9\n|tier|[Gen 9 Champions] VGC 2026 Reg M-A\n|rated|\n|rule|Species Clause: Limit one of each Pok\u00e9mon\n|rule|Item Clause: Limit 1 of each item\n|clearpoke\n|poke|p1|Hawlucha, L50, M|\n|poke|p1|Vanilluxe, L50, M|\n|poke|p1|Excadrill, L50, M|\n|poke|p1|Tyranitar, L50, M|\n|poke|p1|Dragonite, L50, M|\n|poke|p1|Sableye, L50, M|\n|poke|p2|Torkoal, L50, M|\n|poke|p2|Abomasnow, L50, F|\n|poke|p2|Kleavor, L50, F|\n|poke|p2|Chimecho, L50, F|\n|poke|p2|Floette-Eternal, L50, F|\n|poke|p2|Incineroar, L50, M|\n|teampreview|4\ndxdiag235 rejected open team sheets.\n|inactive|Battle timer is ON: inactive players will automatically lose when time's up. (requested by dxdiag235)\n|inactive|BlobbyStuntfisk has 60 seconds left.\n|\n|t:|1776330095\n|teamsize|p1|4\n|teamsize|p2|4\n|start\n|switch|p1a: Dragonite|Dragonite, L50, M|100/100\n|switch|p1b: Sableye|Sableye, L50, M|100/100\n|switch|p2a: Floette|Floette-Eternal, L50, F|100/100\n|switch|p2b: Chimecho|Chimecho, L50, F|100/100\n|turn|1\n|inactive|BlobbyStuntfisk has 30 seconds left.\n|inactive|BlobbyStuntfisk has 20 seconds left.\n|inactive|BlobbyStuntfisk has 15 seconds left.\n|inactive|BlobbyStuntfisk has 10 seconds left.\n|\n|t:|1776330149\n|detailschange|p2a: Floette|Floette-Mega, L50, F\n|-mega|p2a: Floette|Floette|Floettite\n|-ability|p2a: Floette|Fairy Aura\n|detailschange|p1a: Dragonite|Dragonite-Mega, L50, M\n|-mega|p1a: Dragonite|Dragonite|Dragoninite\n|move|p1a: Dragonite|Protect|p1a: Dragonite\n|-singleturn|p1a: Dragonite|Protect\n|move|p1b: Sableye|Rain Dance|p1b: Sableye\n|-weather|RainDance\n|move|p2a: Floette|Light of Ruin|p1b: Sableye\n|-supereffective|p1b: Sableye|1\n|-damage|p1b: Sableye|0 fnt\n|faint|p1b: Sableye\n|-damage|p2a: Floette|51/100|[from] Recoil\n|move|p2b: Chimecho|Trick Room|p2b: Chimecho\n|-fieldstart|move: Trick Room|[of] p2b: Chimecho\n|\n|-weather|RainDance|[upkeep]\n|upkeep\n|\n|t:|1776330167\n|switch|p1b: Excadrill|Excadrill, L50, M|100/100\n|turn|2\n|inactive|BlobbyStuntfisk has 30 seconds left.\n|\n|t:|1776330200\n|move|p2a: Floette|Protect|p2a: Floette\n|-singleturn|p2a: Floette|Protect\n|move|p2b: Chimecho|Hypnosis|p1a: Dragonite\n|-status|p1a: Dragonite|slp|[from] move: Hypnosis\n|move|p1b: Excadrill|Iron Head|p2a: Floette\n|-activate|p2a: Floette|move: Protect\n|cant|p1a: Dragonite|slp\n|\n|-weather|RainDance|[upkeep]\n|upkeep\n|turn|3\n|c|\u2606dxdiag235|ok bro\n|c|\u2606dxdiag235|land hypnosis\n|\n|t:|1776330219\n|move|p2b: Chimecho|Hypnosis|p1b: Excadrill\n|-status|p1b: Excadrill|slp|[from] move: Hypnosis\n|cant|p1b: Excadrill|slp\n|cant|p1a: Dragonite|slp\n|move|p2a: Floette|Light of Ruin|p1a: Dragonite\n|-supereffective|p1a: Dragonite|1\n|-damage|p1a: Dragonite|12/100 slp\n|-damage|p2a: Floette|0 fnt|[from] Recoil\n|faint|p2a: Floette\n|\n|-weather|RainDance|[upkeep]\n|upkeep\n|c|\u2606BlobbyStuntfisk|gg noob\n|\n|t:|1776330234\n|switch|p2a: Abomasnow|Abomasnow, L50, F|100/100\n|-weather|Snowscape|[from] ability: Snow Warning|[of] p2a: Abomasnow\n|turn|4\n|c|\u2606dxdiag235|sybau bum\n|inactive|dxdiag235 has 30 seconds left.\n|\n|t:|1776330262\n|move|p2b: Chimecho|Hypnosis|p1b: Excadrill\n|-fail|p1b: Excadrill|slp\n|move|p2a: Abomasnow|Blizzard|p1b: Excadrill|[spread] p1a,p1b\n|-supereffective|p1a: Dragonite|2\n|-damage|p1a: Dragonite|0 fnt\n|-damage|p1b: Excadrill|62/100 slp\n|faint|p1a: Dragonite\n|cant|p1b: Excadrill|slp\n|\n|-weather|Snowscape|[upkeep]\n|upkeep\n|\n|t:|1776330271\n|switch|p1a: Tyranitar|Tyranitar, L50, M|100/100\n|-weather|Sandstorm|[from] ability: Sand Stream|[of] p1a: Tyranitar\n|turn|5\n|\n|t:|1776330288\n|switch|p2a: Kleavor|Kleavor, L50, F|100/100\n|move|p2b: Chimecho|Hypnosis|p1a: Tyranitar\n|-status|p1a: Tyranitar|slp|[from] move: Hypnosis\n|cant|p1a: Tyranitar|slp\n|-curestatus|p1b: Excadrill|slp|[msg]\n|move|p1b: Excadrill|Iron Head|p2a: Kleavor\n|-supereffective|p2a: Kleavor|1\n|-damage|p2a: Kleavor|7/100\n|\n|-weather|Sandstorm|[upkeep]\n|-damage|p2b: Chimecho|94/100|[from] Sandstorm\n|-fieldend|move: Trick Room\n|upkeep\n|turn|6\n|c|\u2606BlobbyStuntfisk|gg no re\n|inactive|dxdiag235 has 30 seconds left.\n|inactive|BlobbyStuntfisk has 30 seconds left.\n|\n|t:|1776330322\n|switch|p2b: Abomasnow|Abomasnow, L50, F|100/100\n|-weather|Snowscape|[from] ability: Snow Warning|[of] p2b: Abomasnow\n|move|p1b: Excadrill|Protect|p1b: Excadrill\n|-singleturn|p1b: Excadrill|Protect\n|move|p2a: Kleavor|Close Combat|p1a: Tyranitar\n|-supereffective|p1a: Tyranitar|2\n|-enditem|p1a: Tyranitar|Chople Berry|[eat]\n|-enditem|p1a: Tyranitar|Chople Berry|[weaken]\n|-damage|p1a: Tyranitar|35/100 slp\n|-unboost|p2a: Kleavor|def|1\n|-unboost|p2a: Kleavor|spd|1\n|cant|p1a: Tyranitar|slp\n|\n|-weather|Snowscape|[upkeep]\n|upkeep\n|turn|7\n|c|\u2606BlobbyStuntfisk|you need to train for a million years to ch\n|c|\u2606BlobbyStuntfisk|even think of challenign me\n|inactive|dxdiag235 has 30 seconds left.\n|inactive|BlobbyStuntfisk has 30 seconds left.\n|inactive|dxdiag235 has 20 seconds left.\n|inactive|dxdiag235 has 15 seconds left.\n|inactive|dxdiag235 has 10 seconds left.\n|inactive|dxdiag235 has 5 seconds left.\n|\n|t:|1776330373\n|move|p1b: Excadrill|Iron Head|p2a: Kleavor\n|-supereffective|p2a: Kleavor|1\n|-damage|p2a: Kleavor|0 fnt\n|faint|p2a: Kleavor\n|-curestatus|p1a: Tyranitar|slp|[msg]\n|move|p1a: Tyranitar|Heavy Slam|p2b: Abomasnow\n|-supereffective|p2b: Abomasnow|1\n|-damage|p2b: Abomasnow|73/100\n|move|p2b: Abomasnow|Aurora Veil|p2b: Abomasnow\n|-sidestart|p2: BlobbyStuntfisk|move: Aurora Veil\n|\n|-weather|Snowscape|[upkeep]\n|upkeep\n|\n|t:|1776330383\n|switch|p2a: Chimecho|Chimecho, L50, F|94/100\n|turn|8\n|\n|t:|1776330395\n|move|p2b: Abomasnow|Protect|p2b: Abomasnow\n|-singleturn|p2b: Abomasnow|Protect\n|move|p1b: Excadrill|Iron Head|p2b: Abomasnow\n|-activate|p2b: Abomasnow|move: Protect\n|move|p1a: Tyranitar|Knock Off|p2a: Chimecho\n|-supereffective|p2a: Chimecho|1\n|-damage|p2a: Chimecho|22/100\n|-enditem|p2a: Chimecho|Mental Herb|[from] move: Knock Off|[of] p1a: Tyranitar\n|move|p2a: Chimecho|Trick Room|p2a: Chimecho\n|-fieldstart|move: Trick Room|[of] p2a: Chimecho\n|\n|-weather|Snowscape|[upkeep]\n|upkeep\n|turn|9\n|inactive|BlobbyStuntfisk has 30 seconds left.\n|inactive|BlobbyStuntfisk has 20 seconds left.\n|inactive|BlobbyStuntfisk has 15 seconds left.\n|\n|t:|1776330439\n|move|p1a: Tyranitar|Protect|p1a: Tyranitar\n|-singleturn|p1a: Tyranitar|Protect\n|move|p1b: Excadrill|Protect|p1b: Excadrill\n|-singleturn|p1b: Excadrill|Protect\n|move|p2a: Chimecho|Hypnosis|p1b: Excadrill\n|-activate|p1b: Excadrill|move: Protect\n|move|p2b: Abomasnow|Blizzard|p1b: Excadrill|[spread] \n|-activate|p1a: Tyranitar|move: Protect\n|-activate|p1b: Excadrill|move: Protect\n|\n|-weather|Snowscape|[upkeep]\n|upkeep\n|turn|10\n|inactive|dxdiag235 has 30 seconds left.\n|inactive|dxdiag235 has 20 seconds left.\n|\n|t:|1776330478\n|move|p2a: Chimecho|Hypnosis|p1b: Excadrill\n|-status|p1b: Excadrill|slp|[from] move: Hypnosis\n|move|p2b: Abomasnow|Blizzard|p1a: Tyranitar|[spread] p1a,p1b\n|-damage|p1a: Tyranitar|0 fnt\n|-damage|p1b: Excadrill|26/100 slp\n|faint|p1a: Tyranitar\n|cant|p1b: Excadrill|slp\n|\n|-weather|none\n|upkeep\n|turn|11\n|c|\u2606BlobbyStuntfisk|if i lost that it would have been rly emberssaging fr XD!!!\n|inactive|dxdiag235 has 30 seconds left.\n|j| sheepie_sheep\n|inactive|dxdiag235 has 20 seconds left.\n|inactive|dxdiag235 has 15 seconds left.\n|j|~aQrator@!\n|inactive|dxdiag235 has 10 seconds left.\n|inactive|dxdiag235 has 5 seconds left.\n|l| sheepie_sheep\n|\n|t:|1776330533\n|move|p2a: Chimecho|Dazzling Gleam|p1b: Excadrill\n|-resisted|p1b: Excadrill|1\n|-damage|p1b: Excadrill|15/100 slp\n|move|p2b: Abomasnow|Blizzard|p1b: Excadrill|[miss]\n|-miss|p2b: Abomasnow|p1b: Excadrill\n|cant|p1b: Excadrill|slp\n|\n|-sideend|p2: BlobbyStuntfisk|move: Aurora Veil\n|upkeep\n|turn|12\n|j| sheepie_sheep\n|l| sheepie_sheep\n|inactive|dxdiag235 has 30 seconds left.\n|\n|t:|1776330563\n|move|p2a: Chimecho|Heal Pulse|p2b: Abomasnow\n|-heal|p2b: Abomasnow|100/100\n|move|p2b: Abomasnow|Blizzard|p1b: Excadrill|[miss]\n|-miss|p2b: Abomasnow|p1b: Excadrill\n|-curestatus|p1b: Excadrill|slp|[msg]\n|move|p1b: Excadrill|Iron Head|p2a: Chimecho\n|-damage|p2a: Chimecho|0 fnt\n|faint|p2a: Chimecho\n|\n|-fieldend|move: Trick Room\n|upkeep\n|turn|13\n|\n|t:|1776330581\n|move|p1b: Excadrill|Iron Head|p2b: Abomasnow\n|-supereffective|p2b: Abomasnow|1\n|-damage|p2b: Abomasnow|0 fnt\n|faint|p2b: Abomasnow\n|\n|win|dxdiag235\n|raw|dxdiag235's rating: 1124 &rarr; <strong>1143</strong><br />(+19 for winning)\n|raw|BlobbyStuntfisk's rating: 1041 &rarr; <strong>1029</strong><br />(-12 for losing)\n|c|\u2606BlobbyStuntfisk|ggs man\n",
  "uploadtime": 1776330604,
  "views": 37,
  "formatid": "gen9championsvgc2026regma",
  "rating": 1029,
  "private": 0,
  "password": null
}