{
  "id": "gen9championsvgc2026regma-2580767371",
  "format": "[Gen 9 Champions] VGC 2026 Reg M-A",
  "players": [
    "StrayCat97",
    "hittlosseo"
  ],
  "log": "|j|\u2606StrayCat97\n|j|\u2606hittlosseo\n|t:|1775930838\n|gametype|doubles\n|player|p1|StrayCat97|blackbelt|1077\n|player|p2|hittlosseo|2|1112\n|gen|9\n|tier|[Gen 9 Champions] VGC 2026 Reg M-A\n|rated|\n|rule|Species Clause: Limit one of each Pok\u00e9mon\n|rule|Item Clause: Limit 1 of each item\n|clearpoke\n|poke|p1|Feraligatr, L50, F|\n|poke|p1|Maushold-Four, L50|\n|poke|p1|Pelipper, L50, M|\n|poke|p1|Basculegion, L50, M|\n|poke|p1|Simisage, L50, M|\n|poke|p1|Archaludon, L50, M|\n|poke|p2|Garchomp, L50, M|\n|poke|p2|Corviknight, L50, M|\n|poke|p2|Primarina, L50, M|\n|poke|p2|Scizor, L50, F|\n|poke|p2|Sinistcha, L50|\n|poke|p2|Incineroar, L50, M|\n|teampreview|4\n|inactive|Battle timer is ON: inactive players will automatically lose when time's up. (requested by StrayCat97)\n|\n|t:|1775930895\n|teamsize|p1|4\n|teamsize|p2|4\n|start\n|switch|p1a: Feraligatr|Feraligatr, L50, F|100/100\n|switch|p1b: Pelipper|Pelipper, L50, M|100/100\n|switch|p2a: Sinistcha|Sinistcha, L50|100/100\n|switch|p2b: Garchomp|Garchomp, L50, M|100/100\n|-weather|RainDance|[from] ability: Drizzle|[of] p1b: Pelipper\n|turn|1\n|inactive|hittlosseo has 30 seconds left.\n|\n|t:|1775930929\n|detailschange|p2b: Garchomp|Garchomp-Mega, L50, M\n|-mega|p2b: Garchomp|Garchomp|Garchompite\n|move|p1a: Feraligatr|Protect|p1a: Feraligatr\n|-singleturn|p1a: Feraligatr|Protect\n|move|p2a: Sinistcha|Rage Powder|p2a: Sinistcha\n|-singleturn|p2a: Sinistcha|move: Rage Powder\n|move|p2b: Garchomp|Dragon Claw|p1a: Feraligatr\n|-activate|p1a: Feraligatr|move: Protect\n|move|p1b: Pelipper|Hurricane|p2a: Sinistcha\n|-supereffective|p2a: Sinistcha|1\n|-damage|p2a: Sinistcha|0 fnt\n|faint|p2a: Sinistcha\n|\n|-weather|RainDance|[upkeep]\n|upkeep\n|\n|t:|1775930939\n|switch|p2a: Primarina|Primarina, L50, M|100/100\n|turn|2\n|\n|t:|1775930955\n|switch|p1a: Rillaboomn't|Simisage, L50, M|100/100\n|move|p2b: Garchomp|Protect|p2b: Garchomp\n|-singleturn|p2b: Garchomp|Protect\n|move|p1b: Pelipper|Tailwind|p1b: Pelipper\n|-sidestart|p1: StrayCat97|move: Tailwind\n|move|p2a: Primarina|Moonblast|p1a: Rillaboomn't\n|-damage|p1a: Rillaboomn't|45/100\n|-enditem|p1a: Rillaboomn't|Sitrus Berry|[eat]\n|-heal|p1a: Rillaboomn't|70/100|[from] item: Sitrus Berry\n|\n|-weather|RainDance|[upkeep]\n|upkeep\n|turn|3\n|inactive|hittlosseo has 30 seconds left.\n|inactive|hittlosseo has 20 seconds left.\n|inactive|hittlosseo has 15 seconds left.\n|\n|t:|1775930995\n|switch|p2a: Scizor|Scizor, L50, F|100/100\n|move|p1a: Rillaboomn't|Giga Drain|p2a: Scizor\n|-resisted|p2a: Scizor|2\n|-damage|p2a: Scizor|93/100\n|-heal|p1a: Rillaboomn't|73/100|[from] drain|[of] p2a: Scizor\n|move|p1b: Pelipper|Hurricane|p2a: Scizor\n|-damage|p2a: Scizor|33/100\n|move|p2b: Garchomp|Dragon Claw|p1a: Rillaboomn't\n|-damage|p1a: Rillaboomn't|10/100\n|\n|-weather|RainDance|[upkeep]\n|upkeep\n|turn|4\n|inactive|StrayCat97 has 30 seconds left.\n|\n|t:|1775931023\n|move|p1a: Rillaboomn't|Helping Hand|p1b: Pelipper\n|-singleturn|p1b: Pelipper|Helping Hand|[of] p1a: Rillaboomn't\n|move|p1b: Pelipper|Weather Ball|p2b: Garchomp\n|-damage|p2b: Garchomp|0 fnt\n|faint|p2b: Garchomp\n|move|p2a: Scizor|Swords Dance|p2a: Scizor\n|-boost|p2a: Scizor|atk|2\n|\n|-weather|RainDance|[upkeep]\n|upkeep\n|\n|t:|1775931029\n|switch|p2b: Primarina|Primarina, L50, M|100/100\n|turn|5\n|\n|t:|1775931047\n|move|p1a: Rillaboomn't|Helping Hand|p1b: Pelipper\n|-singleturn|p1b: Pelipper|Helping Hand|[of] p1a: Rillaboomn't\n|move|p2a: Scizor|Protect|p2a: Scizor\n|-singleturn|p2a: Scizor|Protect\n|move|p2b: Primarina|Protect|p2b: Primarina\n|-singleturn|p2b: Primarina|Protect\n|move|p1b: Pelipper|Weather Ball|p2a: Scizor\n|-activate|p2a: Scizor|move: Protect\n|\n|-weather|none\n|-sideend|p1: StrayCat97|move: Tailwind\n|upkeep\n|turn|6\n|\n|t:|1775931071\n|move|p1a: Rillaboomn't|Protect|p1a: Rillaboomn't\n|-singleturn|p1a: Rillaboomn't|Protect\n|move|p2a: Scizor|Bullet Punch|p1a: Rillaboomn't\n|-activate|p1a: Rillaboomn't|move: Protect\n|move|p1b: Pelipper|Tailwind|p1b: Pelipper\n|-sidestart|p1: StrayCat97|move: Tailwind\n|move|p2b: Primarina|Moonblast|p1b: Pelipper\n|-damage|p1b: Pelipper|26/100\n|-unboost|p1b: Pelipper|spa|1\n|\n|upkeep\n|turn|7\n|\n|t:|1775931093\n|move|p2a: Scizor|Protect|p2a: Scizor\n|-singleturn|p2a: Scizor|Protect\n|move|p1a: Rillaboomn't|Giga Drain|p2a: Scizor\n|-activate|p2a: Scizor|move: Protect\n|move|p1b: Pelipper|Hurricane|p2a: Scizor\n|-activate|p2a: Scizor|move: Protect\n|move|p2b: Primarina|Hyper Voice|p1a: Rillaboomn't|[spread] p1a,p1b\n|-resisted|p1a: Rillaboomn't|1\n|-resisted|p1b: Pelipper|1\n|-damage|p1a: Rillaboomn't|0 fnt\n|-damage|p1b: Pelipper|0 fnt\n|faint|p1a: Rillaboomn't\n|faint|p1b: Pelipper\n|\n|upkeep\n|\n|t:|1775931098\n|switch|p1a: Maushold|Maushold-Four, L50|100/100\n|switch|p1b: Feraligatr|Feraligatr, L50, F|100/100\n|turn|8\n|\n|t:|1775931110\n|detailschange|p1b: Feraligatr|Feraligatr-Mega, L50, F\n|-mega|p1b: Feraligatr|Feraligatr|Feraligite\n|move|p1a: Maushold|Follow Me|p1a: Maushold\n|-singleturn|p1a: Maushold|move: Follow Me\n|move|p1b: Feraligatr|Liquidation|p2a: Scizor\n|-damage|p2a: Scizor|0 fnt\n|faint|p2a: Scizor\n|move|p2b: Primarina|Moonblast|p1a: Maushold\n|-damage|p1a: Maushold|32/100\n|\n|-heal|p1a: Maushold|38/100|[from] item: Leftovers\n|upkeep\n|turn|9\n|\n|t:|1775931122\n|move|p1a: Maushold|Super Fang|p2b: Primarina|[miss]\n|-miss|p1a: Maushold|p2b: Primarina\n|move|p1b: Feraligatr|Dragon Dance|p1b: Feraligatr\n|-boost|p1b: Feraligatr|atk|1\n|-boost|p1b: Feraligatr|spe|1\n|move|p2b: Primarina|Moonblast|p1b: Feraligatr\n|-supereffective|p1b: Feraligatr|1\n|-damage|p1b: Feraligatr|11/100\n|\n|-heal|p1a: Maushold|44/100|[from] item: Leftovers\n|-sideend|p1: StrayCat97|move: Tailwind\n|upkeep\n|turn|10\n|\n|t:|1775931137\n|move|p1b: Feraligatr|Liquidation|p2b: Primarina\n|-resisted|p2b: Primarina|1\n|-damage|p2b: Primarina|49/100\n|move|p1a: Maushold|Super Fang|p2b: Primarina\n|-damage|p2b: Primarina|25/100\n|move|p2b: Primarina|Hyper Voice|p1b: Feraligatr|[spread] p1a,p1b\n|-resisted|p1b: Feraligatr|2\n|-damage|p1a: Maushold|0 fnt\n|-damage|p1b: Feraligatr|1/100\n|faint|p1a: Maushold\n|\n|upkeep\n|turn|11\n|\n|t:|1775931153\n|move|p1b: Feraligatr|Liquidation|p2b: Primarina\n|-resisted|p2b: Primarina|1\n|-damage|p2b: Primarina|0 fnt\n|faint|p2b: Primarina\n|\n|win|StrayCat97\n|raw|StrayCat97's rating: 1077 &rarr; <strong>1108</strong><br />(+31 for winning)\n|raw|hittlosseo's rating: 1112 &rarr; <strong>1084</strong><br />(-28 for losing)\n|l|\u2606hittlosseo\n|player|p2|\n",
  "uploadtime": 1775931160,
  "views": 11,
  "formatid": "gen9championsvgc2026regma",
  "rating": 1084,
  "private": 0,
  "password": null
}