{
  "id": "gen9championsvgc2026regma-2582424653",
  "format": "[Gen 9 Champions] VGC 2026 Reg M-A",
  "players": [
    "reanschawrzer",
    "21chenhen"
  ],
  "log": "|j|\u2606reanschawrzer\n|j|\u260621chenhen\n|html|<table width=\"100%\"><tr><td align=\"left\">reanschawrzer</td><td align=\"right\">21chenhen</tr><tr><td align=\"left\"><i class=\"fa fa-circle-o\"></i> <i class=\"fa fa-circle-o\"></i> </td><td align=\"right\"><i class=\"fa fa-circle-o\"></i> <i class=\"fa fa-circle-o\"></i> </tr></table>\n|uhtml|bestof|<h2><strong>Game 1</strong> of <a href=\"/game-bestof3-gen9championsvgc2026regma-2582424652\">a best-of-3</a></h2>\n|t:|1776090811\n|gametype|doubles\n|player|p1|reanschawrzer|riley|\n|player|p2|21chenhen|cynthia-gen4|\n|gen|9\n|tier|[Gen 9 Champions] VGC 2026 Reg M-A\n|rated|Tournament battle\n|rule|Species Clause: Limit one of each Pok\u00e9mon\n|rule|Item Clause: Limit 1 of each item\n|raw|<div class=\"infobox\"><details class=\"readmore\" open><summary><strong>2 custom rules:</strong></summary> Force Open Team Sheets, Best of = 3</details></div>\n|clearpoke\n|poke|p1|Floette-Eternal, L50, F|\n|poke|p1|Incineroar, L50, F|\n|poke|p1|Sinistcha, L50|\n|poke|p1|Kommo-o, L50, M|\n|poke|p1|Gengar, L50, M|\n|poke|p1|Tyranitar, L50, M|\n|poke|p2|Chandelure, L50, M|\n|poke|p2|Aerodactyl, L50, M|\n|poke|p2|Basculegion, L50, M|\n|poke|p2|Clefable, L50, F|\n|poke|p2|Garchomp, L50, F|\n|poke|p2|Orthworm, L50, M|\n|teampreview|4\n|showteam|p1|Floette-Eternal||Floettite|FlowerVeil|CalmMind,Moonblast,Protect,DazzlingGleam|||F|||50|]Incineroar||ChopleBerry|Intimidate|FakeOut,PartingShot,FlareBlitz,Protect|||F|||50|]Sinistcha||SitrusBerry|Hospitality|RagePowder,LifeDew,TrickRoom,MatchaGotcha||||||50|]Kommo-o||Leftovers|Soundproof|ClangingScales,ClangorousSoul,AuraSphere,Protect|||M|||50|]Gengar||Gengarite|CursedBody|ShadowBall,Protect,Substitute,PerishSong|||M|||50|]Tyranitar||ChoiceScarf|SandStream|KnockOff,IcePunch,LowKick,RockSlide|||M|||50|\n|showteam|p2|Chandelure||Chandelurite|Infiltrator|HeatWave,ShadowBall,Protect,EnergyBall|||M|||50|]Aerodactyl||FocusSash|Unnerve|Tailwind,RockSlide,DualWingbeat,Protect|||M|||50|]Basculegion||MysticWater|Adaptability|AquaJet,Protect,WaveCrash,LastRespects|||M|||50|]Clefable||Leftovers|Unaware|FollowMe,HelpingHand,Moonblast,Protect|||F|||50|]Garchomp||ChoiceScarf|RoughSkin|Earthquake,DragonClaw,RockSlide,StompingTantrum|||F|||50|]Orthworm||SitrusBerry|EarthEater|ShedTail,BodyPress,HeavySlam,Protect|||M|||50|\n|\n|t:|1776090854\n|teamsize|p1|4\n|teamsize|p2|4\n|start\n|switch|p1a: Floette|Floette-Eternal, L50, F|100/100\n|switch|p1b: Incineroar|Incineroar, L50, F|100/100\n|switch|p2a: Garchomp|Garchomp, L50, F|100/100\n|switch|p2b: Orthworm|Orthworm, L50, M|100/100\n|-ability|p1b: Incineroar|Intimidate|boost\n|-unboost|p2a: Garchomp|atk|1\n|-unboost|p2b: Orthworm|atk|1\n|turn|1\n|\n|t:|1776090880\n|detailschange|p1a: Floette|Floette-Mega, L50, F\n|-mega|p1a: Floette|Floette|Floettite\n|-ability|p1a: Floette|Fairy Aura\n|move|p2a: Garchomp|Earthquake|p1a: Floette|[spread] p1a,p1b\n|-immune|p2b: Orthworm|[from] ability: Earth Eater\n|-supereffective|p1b: Incineroar|1\n|-damage|p1a: Floette|70/100\n|-damage|p1b: Incineroar|50/100\n|move|p1a: Floette|Calm Mind|p1a: Floette\n|-boost|p1a: Floette|spa|1\n|-boost|p1a: Floette|spd|1\n|move|p2b: Orthworm|Body Press|p1b: Incineroar\n|-supereffective|p1b: Incineroar|1\n|-crit|p1b: Incineroar\n|-enditem|p1b: Incineroar|Chople Berry|[eat]\n|-enditem|p1b: Incineroar|Chople Berry|[weaken]\n|-damage|p1b: Incineroar|10/100\n|move|p1b: Incineroar|Parting Shot|p2a: Garchomp\n|-unboost|p2a: Garchomp|atk|1\n|-unboost|p2a: Garchomp|spa|1\n|\n|t:|1776090903\n|switch|p1b: Sinistcha|Sinistcha, L50|100/100|[from] Parting Shot\n|-heal|p1a: Floette|95/100|[from] ability: Hospitality|[of] p1b: Sinistcha\n|\n|upkeep\n|turn|2\n|\n|t:|1776090923\n|switch|p2a: Clefable|Clefable, L50, F|100/100\n|move|p1a: Floette|Dazzling Gleam|p2a: Clefable|[spread] p2a,p2b\n|-resisted|p2b: Orthworm|1\n|-damage|p2a: Clefable|63/100\n|-damage|p2b: Orthworm|41/100\n|-enditem|p2b: Orthworm|Sitrus Berry|[eat]\n|-heal|p2b: Orthworm|65/100|[from] item: Sitrus Berry\n|move|p2b: Orthworm|Heavy Slam|p1a: Floette\n|-supereffective|p1a: Floette|1\n|-damage|p1a: Floette|59/100\n|move|p1b: Sinistcha|Trick Room|p1b: Sinistcha\n|-fieldstart|move: Trick Room|[of] p1b: Sinistcha\n|\n|-heal|p2a: Clefable|69/100|[from] item: Leftovers\n|upkeep\n|turn|3\n|\n|t:|1776090938\n|move|p2a: Clefable|Helping Hand|p2b: Orthworm\n|-singleturn|p2b: Orthworm|Helping Hand|[of] p2a: Clefable\n|move|p2b: Orthworm|Heavy Slam|p1a: Floette\n|-supereffective|p1a: Floette|1\n|-damage|p1a: Floette|9/100\n|move|p1b: Sinistcha|Life Dew||[still]|[spread] p1a,p1b\n|-heal|p1a: Floette|34/100\n|-fail|p1b: Sinistcha|heal\n|move|p1a: Floette|Dazzling Gleam|p2b: Orthworm|[spread] p2a,p2b\n|-resisted|p2b: Orthworm|1\n|-damage|p2a: Clefable|31/100\n|-damage|p2b: Orthworm|12/100\n|\n|-heal|p2a: Clefable|37/100|[from] item: Leftovers\n|upkeep\n|turn|4\n|\n|t:|1776090978\n|move|p2a: Clefable|Protect|p2a: Clefable\n|-singleturn|p2a: Clefable|Protect\n|move|p2b: Orthworm|Protect|p2b: Orthworm\n|-singleturn|p2b: Orthworm|Protect\n|move|p1b: Sinistcha|Rage Powder|p1b: Sinistcha\n|-singleturn|p1b: Sinistcha|move: Rage Powder\n|move|p1a: Floette|Dazzling Gleam|p2b: Orthworm|[spread] \n|-activate|p2a: Clefable|move: Protect\n|-activate|p2b: Orthworm|move: Protect\n|\n|-heal|p2a: Clefable|43/100|[from] item: Leftovers\n|upkeep\n|turn|5\n|\n|t:|1776091002\n|move|p1b: Sinistcha|Rage Powder|p1b: Sinistcha\n|-singleturn|p1b: Sinistcha|move: Rage Powder\n|move|p2a: Clefable|Moonblast|p1b: Sinistcha\n|-damage|p1b: Sinistcha|62/100\n|move|p2b: Orthworm|Heavy Slam|p1b: Sinistcha\n|-damage|p1b: Sinistcha|43/100\n|-enditem|p1b: Sinistcha|Sitrus Berry|[eat]\n|-heal|p1b: Sinistcha|68/100|[from] item: Sitrus Berry\n|move|p1a: Floette|Dazzling Gleam|p2b: Orthworm|[spread] p2a,p2b\n|-resisted|p2b: Orthworm|1\n|-damage|p2a: Clefable|8/100\n|-damage|p2b: Orthworm|0 fnt\n|faint|p2b: Orthworm\n|\n|-heal|p2a: Clefable|14/100|[from] item: Leftovers\n|upkeep\n|\n|t:|1776091024\n|switch|p2b: Basculegion|Basculegion, L50, M|100/100\n|turn|6\n|\n|t:|1776091058\n|move|p2a: Clefable|Protect|p2a: Clefable\n|-singleturn|p2a: Clefable|Protect\n|move|p1a: Floette|Protect|p1a: Floette\n|-singleturn|p1a: Floette|Protect\n|move|p2b: Basculegion|Protect|p2b: Basculegion\n|-singleturn|p2b: Basculegion|Protect\n|move|p1b: Sinistcha|Life Dew|p1b: Sinistcha|[spread] p1a,p1b\n|-heal|p1a: Floette|59/100\n|-heal|p1b: Sinistcha|93/100\n|\n|-heal|p2a: Clefable|20/100|[from] item: Leftovers\n|-fieldend|move: Trick Room\n|upkeep\n|turn|7\n|\n|t:|1776091081\n|move|p2a: Clefable|Helping Hand|p2b: Basculegion\n|-singleturn|p2b: Basculegion|Helping Hand|[of] p2a: Clefable\n|move|p1b: Sinistcha|Rage Powder|p1b: Sinistcha\n|-singleturn|p1b: Sinistcha|move: Rage Powder\n|move|p2b: Basculegion|Wave Crash|p1b: Sinistcha\n|-resisted|p1b: Sinistcha|1\n|-damage|p1b: Sinistcha|43/100\n|-damage|p2b: Basculegion|85/100|[from] Recoil\n|move|p1a: Floette|Dazzling Gleam|p2b: Basculegion|[spread] p2a,p2b\n|-damage|p2a: Clefable|0 fnt\n|-damage|p2b: Basculegion|9/100\n|faint|p2a: Clefable\n|\n|upkeep\n|\n|t:|1776091088\n|switch|p2a: Garchomp|Garchomp, L50, F|100/100\n|turn|8\n|\n|t:|1776091120\n|move|p1a: Floette|Protect|p1a: Floette\n|-singleturn|p1a: Floette|Protect\n|move|p2a: Garchomp|Rock Slide|p1a: Floette|[spread] p1b\n|-activate|p1a: Floette|move: Protect\n|-damage|p1b: Sinistcha|27/100\n|move|p2b: Basculegion|Wave Crash|p1a: Floette\n|-activate|p1a: Floette|move: Protect\n|move|p1b: Sinistcha|Life Dew|p1b: Sinistcha|[spread] p1a,p1b\n|-heal|p1a: Floette|83/100\n|-heal|p1b: Sinistcha|52/100\n|\n|upkeep\n|turn|9\n|\n|t:|1776091130\n|move|p1b: Sinistcha|Rage Powder|p1b: Sinistcha\n|-singleturn|p1b: Sinistcha|move: Rage Powder\n|move|p2a: Garchomp|Rock Slide|p1a: Floette|[spread] \n|-miss|p2a: Garchomp|p1a: Floette\n|-miss|p2a: Garchomp|p1b: Sinistcha\n|move|p2b: Basculegion|Last Respects|p1b: Sinistcha\n|-supereffective|p1b: Sinistcha|1\n|-damage|p1b: Sinistcha|0 fnt\n|faint|p1b: Sinistcha\n|move|p1a: Floette|Dazzling Gleam|p2b: Basculegion|[spread] p2a,p2b\n|-supereffective|p2a: Garchomp|1\n|-damage|p2a: Garchomp|0 fnt\n|-damage|p2b: Basculegion|0 fnt\n|faint|p2a: Garchomp\n|faint|p2b: Basculegion\n|\n|win|reanschawrzer\n||reanschawrzer is ready for game 2.\n|inactive|21chenhen has 30 seconds to confirm battle start!\n||21chenhen is ready for game 2.\n|uhtml|next|Next: <a href=\"/battle-gen9championsvgc2026regma-2582429646\"><strong>Game 2 of 3</strong></a>\n|l|\u260621chenhen\n|player|p2|\n|l|\u2606reanschawrzer\n|player|p1|\n|j|\u2606reanschawrzer\n|player|p1|reanschawrzer|riley|\n",
  "uploadtime": 1776091504,
  "views": 8,
  "formatid": "gen9championsvgc2026regma",
  "rating": null,
  "private": 0,
  "password": null
}