{
  "id": "gen9championsvgc2026regma-2582534655",
  "format": "[Gen 9 Champions] VGC 2026 Reg M-A",
  "players": [
    "Evil Yarrack",
    "hujko"
  ],
  "log": "|j|\u2606Evil Yarrack\n|j|\u2606hujko\n|t:|1776097826\n|gametype|doubles\n|player|p1|Evil Yarrack|youngster-gen4dp|1366\n|player|p2|hujko|ingo|1320\n|gen|9\n|tier|[Gen 9 Champions] VGC 2026 Reg M-A\n|rated|\n|rule|Species Clause: Limit one of each Pok\u00e9mon\n|rule|Item Clause: Limit 1 of each item\n|clearpoke\n|poke|p1|Lycanroc, L50, F|\n|poke|p1|Tyranitar, L50, M|\n|poke|p1|Sinistcha, L50|\n|poke|p1|Basculegion, L50, M|\n|poke|p1|Scizor, L50, F|\n|poke|p1|Lopunny, L50, F|\n|poke|p2|Skarmory, L50, F|\n|poke|p2|Pelipper, L50, F|\n|poke|p2|Sinistcha-Masterpiece, L50|\n|poke|p2|Rotom-Wash, L50|\n|poke|p2|Tyranitar, L50, M|\n|poke|p2|Dragonite, L50, F|\n|teampreview|4\n|inactive|Battle timer is ON: inactive players will automatically lose when time's up. (requested by Evil Yarrack)\n|inactive|Evil Yarrack has 60 seconds left.\n|\n|t:|1776097864\n|teamsize|p1|4\n|teamsize|p2|4\n|start\n|switch|p1a: Lycanroc|Lycanroc, L50, F|100/100\n|switch|p1b: Tyranitar|Tyranitar, L50, M|100/100\n|switch|p2a: Skarmory|Skarmory, L50, F|100/100\n|switch|p2b: Rotom|Rotom-Wash, L50|100/100\n|-weather|Sandstorm|[from] ability: Sand Stream|[of] p1b: Tyranitar\n|turn|1\n|\n|t:|1776097874\n|detailschange|p1b: Tyranitar|Tyranitar-Mega, L50, M\n|-mega|p1b: Tyranitar|Tyranitar|Tyranitarite\n|move|p1a: Lycanroc|Rock Slide|p2a: Skarmory|[spread] p2a\n|-miss|p1a: Lycanroc|p2b: Rotom\n|-damage|p2a: Skarmory|75/100\n|-ability|p2a: Skarmory|Weak Armor|boost\n|-unboost|p2a: Skarmory|def|1\n|-boost|p2a: Skarmory|spe|2\n|move|p2a: Skarmory|Swords Dance|p2a: Skarmory\n|-boost|p2a: Skarmory|atk|2\n|move|p2b: Rotom|Will-O-Wisp|p1b: Tyranitar\n|-status|p1b: Tyranitar|brn\n|move|p1b: Tyranitar|Assurance|p2b: Rotom\n|-damage|p2b: Rotom|79/100\n|\n|-weather|Sandstorm|[upkeep]\n|-damage|p2b: Rotom|74/100|[from] Sandstorm\n|-damage|p1b: Tyranitar|95/100 brn|[from] brn\n|upkeep\n|turn|2\n|j| enzoo1600\n|\n|t:|1776097895\n|move|p2a: Skarmory|Protect|p2a: Skarmory\n|-singleturn|p2a: Skarmory|Protect\n|move|p1a: Lycanroc|Rock Slide|p2b: Rotom|[spread] p2b\n|-activate|p2a: Skarmory|move: Protect\n|-damage|p2b: Rotom|46/100\n|move|p2b: Rotom|Will-O-Wisp|p1a: Lycanroc|[miss]\n|-miss|p2b: Rotom|p1a: Lycanroc\n|move|p1b: Tyranitar|Assurance|p2a: Skarmory\n|-activate|p2a: Skarmory|move: Protect\n|\n|-weather|Sandstorm|[upkeep]\n|-damage|p2b: Rotom|41/100|[from] Sandstorm\n|-damage|p1b: Tyranitar|89/100 brn|[from] brn\n|upkeep\n|turn|3\n|\n|t:|1776097918\n|detailschange|p2a: Skarmory|Skarmory-Mega, L50, F\n|-mega|p2a: Skarmory|Skarmory|Skarmorite\n|move|p1a: Lycanroc|Rock Slide|p2a: Skarmory|[spread] p2a,p2b\n|-damage|p2a: Skarmory|23/100\n|-damage|p2b: Rotom|13/100\n|move|p2a: Skarmory|Iron Head|p1b: Tyranitar\n|-supereffective|p1b: Tyranitar|1\n|-damage|p1b: Tyranitar|0 fnt\n|faint|p1b: Tyranitar\n|move|p2b: Rotom|Will-O-Wisp|p1a: Lycanroc\n|-status|p1a: Lycanroc|brn\n|\n|-weather|Sandstorm|[upkeep]\n|-damage|p2b: Rotom|8/100|[from] Sandstorm\n|-damage|p1a: Lycanroc|94/100 brn|[from] brn\n|upkeep\n|\n|t:|1776097924\n|switch|p1b: Scizor|Scizor, L50, F|100/100\n|turn|4\n|\n|t:|1776097939\n|move|p2a: Skarmory|Protect|p2a: Skarmory\n|-singleturn|p2a: Skarmory|Protect\n|move|p1b: Scizor|Bullet Punch|p2a: Skarmory\n|-activate|p2a: Skarmory|move: Protect\n|move|p1a: Lycanroc|Rock Slide|p2b: Rotom|[spread] p2b\n|-activate|p2a: Skarmory|move: Protect\n|-damage|p2b: Rotom|0 fnt\n|faint|p2b: Rotom\n|\n|-weather|Sandstorm|[upkeep]\n|-damage|p1a: Lycanroc|88/100 brn|[from] brn\n|upkeep\n|\n|t:|1776097951\n|switch|p2b: Sinistcha|Sinistcha-Masterpiece, L50, shiny|100/100\n|-heal|p2a: Skarmory|48/100|[from] ability: Hospitality|[of] p2b: Sinistcha\n|turn|5\n|\n|t:|1776097974\n|move|p2b: Sinistcha|Rage Powder|p2b: Sinistcha\n|-singleturn|p2b: Sinistcha|move: Rage Powder\n|move|p1b: Scizor|Bullet Punch|p2b: Sinistcha\n|-damage|p2b: Sinistcha|72/100\n|move|p1a: Lycanroc|Rock Slide|p2a: Skarmory|[spread] p2a,p2b\n|-damage|p2a: Skarmory|26/100\n|-damage|p2b: Sinistcha|62/100\n|cant|p2a: Skarmory|flinch\n|\n|-weather|none\n|-damage|p1a: Lycanroc|82/100 brn|[from] brn\n|upkeep\n|turn|6\n|inactive|Evil Yarrack has 30 seconds left.\n|\n|t:|1776098002\n|move|p2b: Sinistcha|Rage Powder|p2b: Sinistcha\n|-singleturn|p2b: Sinistcha|move: Rage Powder\n|move|p1b: Scizor|Bullet Punch|p2b: Sinistcha\n|-damage|p2b: Sinistcha|35/100\n|-enditem|p2b: Sinistcha|Sitrus Berry|[eat]\n|-heal|p2b: Sinistcha|59/100|[from] item: Sitrus Berry\n|move|p2a: Skarmory|Drill Run|p1b: Scizor\n|-damage|p1b: Scizor|38/100\n|move|p1a: Lycanroc|Rock Slide|p2a: Skarmory|[spread] p2a,p2b\n|-damage|p2a: Skarmory|3/100\n|-damage|p2b: Sinistcha|50/100\n|\n|-damage|p1a: Lycanroc|76/100 brn|[from] brn\n|upkeep\n|turn|7\n|\n|t:|1776098017\n|move|p2b: Sinistcha|Rage Powder|p2b: Sinistcha\n|-singleturn|p2b: Sinistcha|move: Rage Powder\n|move|p1b: Scizor|Bullet Punch|p2b: Sinistcha\n|-damage|p2b: Sinistcha|21/100\n|move|p2a: Skarmory|Iron Head|p1a: Lycanroc\n|-supereffective|p1a: Lycanroc|1\n|-damage|p1a: Lycanroc|0 fnt\n|faint|p1a: Lycanroc\n|\n|upkeep\n|inactive|Evil Yarrack has 30 seconds left.\n|\n|t:|1776098049\n|switch|p1a: Basculegion|Basculegion, L50, M|100/100\n|turn|8\n|\n|t:|1776098060\n|move|p2b: Sinistcha|Rage Powder|p2b: Sinistcha\n|-singleturn|p2b: Sinistcha|move: Rage Powder\n|move|p1b: Scizor|Bullet Punch|p2b: Sinistcha\n|-damage|p2b: Sinistcha|0 fnt\n|faint|p2b: Sinistcha\n|move|p2a: Skarmory|Drill Run|p1b: Scizor\n|-damage|p1b: Scizor|0 fnt\n|faint|p1b: Scizor\n|move|p1a: Basculegion|Last Respects|p2a: Skarmory\n|-damage|p2a: Skarmory|0 fnt\n|faint|p2a: Skarmory\n|\n|upkeep\n|\n|t:|1776098076\n|switch|p2a: Pelipper|Pelipper, L50, F, shiny|100/100\n|-weather|RainDance|[from] ability: Drizzle|[of] p2a: Pelipper\n|turn|9\n|\n|t:|1776098083\n|move|p1a: Basculegion|Last Respects|p2a: Pelipper\n|-damage|p2a: Pelipper|2/100\n|move|p2a: Pelipper|Hurricane|p1a: Basculegion\n|-damage|p1a: Basculegion|62/100\n|\n|-weather|RainDance|[upkeep]\n|upkeep\n|turn|10\n|\n|t:|1776098104\n|move|p1a: Basculegion|Last Respects|p2a: Pelipper\n|-damage|p2a: Pelipper|0 fnt\n|faint|p2a: Pelipper\n|\n|win|Evil Yarrack\n|raw|Evil Yarrack's rating: 1399 &rarr; <strong>1415</strong><br />(+16 for winning)\n|raw|hujko's rating: 1320 &rarr; <strong>1304</strong><br />(-16 for losing)\n|l|\u2606hujko\n|player|p2|\n",
  "uploadtime": 1776098272,
  "views": 38,
  "formatid": "gen9championsvgc2026regma",
  "rating": 1304,
  "private": 0,
  "password": null
}