{
  "id": "gen9championsvgc2026regma-2584780671",
  "format": "[Gen 9 Champions] VGC 2026 Reg M-A",
  "players": [
    "amorjdhzdlfjdjs",
    "PolitoedXD"
  ],
  "log": "|j|\u2606amorjdhzdlfjdjs\n|j|\u2606PolitoedXD\n|t:|1776283161\n|gametype|doubles\n|player|p1|amorjdhzdlfjdjs|1|1086\n|player|p2|PolitoedXD|miku-flying|1000\n|gen|9\n|tier|[Gen 9 Champions] VGC 2026 Reg M-A\n|rated|\n|rule|Species Clause: Limit one of each Pok\u00e9mon\n|rule|Item Clause: Limit 1 of each item\n|clearpoke\n|poke|p1|Floette-Eternal, L50, F|\n|poke|p1|Dragonite, L50, F|\n|poke|p1|Scovillain, L50, M|\n|poke|p1|Basculegion, L50, M|\n|poke|p1|Aerodactyl, L50, M|\n|poke|p1|Espeon, L50, F|\n|poke|p2|Milotic, L50, F|\n|poke|p2|Meowscarada, L50, F|\n|poke|p2|Delphox, L50, F|\n|poke|p2|Maushold, L50|\n|poke|p2|Sylveon, L50, F|\n|poke|p2|Froslass, L50, F|\n|teampreview|4\namorjdhzdlfjdjs rejected open team sheets.\n|inactive|Battle timer is ON: inactive players will automatically lose when time's up. (requested by amorjdhzdlfjdjs)\n|\n|t:|1776283213\n|teamsize|p1|4\n|teamsize|p2|4\n|start\n|switch|p1a: Aerodactyl|Aerodactyl, L50, M|100/100\n|switch|p1b: Scovillain|Scovillain, L50, M|100/100\n|switch|p2a: Meowscarada|Meowscarada, L50, F, shiny|100/100\n|switch|p2b: Maushold|Maushold, L50|100/100\n|-ability|p1a: Aerodactyl|Unnerve\n|turn|1\n|inactive|amorjdhzdlfjdjs has 30 seconds left.\n|\n|t:|1776283242\n|detailschange|p1b: Scovillain|Scovillain-Mega, L50, M\n|-mega|p1b: Scovillain|Scovillain|Scovillainite\n|move|p2b: Maushold|Follow Me|p2b: Maushold\n|-singleturn|p2b: Maushold|move: Follow Me\n|move|p2a: Meowscarada|Triple Axel|p1a: Aerodactyl\n|-start|p2a: Meowscarada|typechange|Ice|[from] ability: Protean\n|-supereffective|p1a: Aerodactyl|1\n|-damage|p1a: Aerodactyl|66/100\n|-supereffective|p1a: Aerodactyl|1\n|-damage|p1a: Aerodactyl|0 fnt\n|faint|p1a: Aerodactyl\n|-hitcount|p1: Aerodactyl|2\n|move|p1b: Scovillain|Flamethrower|p2b: Maushold\n|-damage|p2b: Maushold|44/100\n|-enditem|p2b: Maushold|Sitrus Berry|[eat]\n|-heal|p2b: Maushold|69/100|[from] item: Sitrus Berry\n|-heal|p2b: Maushold|100/100|[from] ability: Cheek Pouch\n|\n|upkeep\n|\n|t:|1776283263\n|switch|p1a: Basculegion|Basculegion, L50, M|100/100\n|turn|2\n|inactive|PolitoedXD has 30 seconds left.\n|\n|t:|1776283289\n|switch|p2a: Milotic|Milotic, L50, F, shiny|100/100\n|move|p1b: Scovillain|Rage Powder|p1b: Scovillain\n|-singleturn|p1b: Scovillain|move: Rage Powder\n|move|p2b: Maushold|Super Fang|p1b: Scovillain\n|-damage|p1b: Scovillain|50/100\n|-status|p2b: Maushold|brn|[from] ability: Spicy Spray|[of] p1b: Scovillain\n|move|p1a: Basculegion|Liquidation|p2a: Milotic\n|-resisted|p2a: Milotic|1\n|-damage|p2a: Milotic|74/100\n|-unboost|p2a: Milotic|def|1\n|-ability|p2a: Milotic|Competitive|boost\n|-boost|p2a: Milotic|spa|2\n|\n|-heal|p2a: Milotic|80/100|[from] item: Leftovers\n|-damage|p2b: Maushold|94/100 brn|[from] brn\n|upkeep\n|turn|3\n|inactive|amorjdhzdlfjdjs has 30 seconds left.\n|\n|t:|1776283316\n|move|p2b: Maushold|Follow Me|p2b: Maushold\n|-singleturn|p2b: Maushold|move: Follow Me\n|move|p1b: Scovillain|Rage Powder|p1b: Scovillain\n|-singleturn|p1b: Scovillain|move: Rage Powder\n|move|p2a: Milotic|Scald|p1b: Scovillain\n|-damage|p1b: Scovillain|0 fnt\n|-status|p2a: Milotic|brn|[from] ability: Spicy Spray|[of] p1b: Scovillain\n|faint|p1b: Scovillain\n|move|p1a: Basculegion|Last Respects|p2b: Maushold\n|-immune|p2b: Maushold\n|\n|-heal|p2a: Milotic|86/100 brn|[from] item: Leftovers\n|-damage|p2b: Maushold|88/100 brn|[from] brn\n|-damage|p2a: Milotic|80/100 brn|[from] brn\n|upkeep\n|\n|t:|1776283332\n|switch|p1b: Dragonite|Dragonite, L50, F|100/100\n|turn|4\n|\n|t:|1776283344\n|move|p1a: Basculegion|Protect|p1a: Basculegion\n|-singleturn|p1a: Basculegion|Protect\n|move|p2b: Maushold|Super Fang|p1b: Dragonite|[miss]\n|-miss|p2b: Maushold|p1b: Dragonite\n|move|p1b: Dragonite|Dragon Dance|p1b: Dragonite\n|-boost|p1b: Dragonite|atk|1\n|-boost|p1b: Dragonite|spe|1\n|move|p2a: Milotic|Ice Beam|p1b: Dragonite\n|-supereffective|p1b: Dragonite|2\n|-damage|p1b: Dragonite|0 fnt\n|faint|p1b: Dragonite\n|\n|-heal|p2a: Milotic|86/100 brn|[from] item: Leftovers\n|-damage|p2b: Maushold|82/100 brn|[from] brn\n|-damage|p2a: Milotic|80/100 brn|[from] brn\n|upkeep\n|turn|5\n|\n|t:|1776283364\n|move|p2b: Maushold|Taunt|p1a: Basculegion\n|-start|p1a: Basculegion|move: Taunt\n|move|p2a: Milotic|Scald|p1a: Basculegion\n|-resisted|p1a: Basculegion|1\n|-damage|p1a: Basculegion|68/100\n|-status|p1a: Basculegion|brn\n|move|p1a: Basculegion|Liquidation|p2b: Maushold\n|-damage|p2b: Maushold|34/100 brn\n|\n|-heal|p2a: Milotic|86/100 brn|[from] item: Leftovers\n|-damage|p2b: Maushold|28/100 brn|[from] brn\n|-damage|p2a: Milotic|80/100 brn|[from] brn\n|-damage|p1a: Basculegion|62/100 brn|[from] brn\n|upkeep\n|turn|6\n|-message|amorjdhzdlfjdjs forfeited.\n|\n|win|PolitoedXD\n|raw|amorjdhzdlfjdjs's rating: 1086 &rarr; <strong>1058</strong><br />(-28 for losing)\n|raw|PolitoedXD's rating: 1000 &rarr; <strong>1050</strong><br />(+50 for winning)\n|l|\u2606amorjdhzdlfjdjs\n|player|p1|\n",
  "uploadtime": 1776283383,
  "views": 33,
  "formatid": "gen9championsvgc2026regma",
  "rating": 1050,
  "private": 0,
  "password": null
}