{
  "id": "gen9championsvgc2026regma-2581724698",
  "format": "[Gen 9 Champions] VGC 2026 Reg M-A",
  "players": [
    "biscotti5",
    "alexanderplatz.mp3"
  ],
  "log": "|j|\u2606biscotti5\n|j|\u2606alexanderplatz.mp3\n|t:|1776023587\n|gametype|doubles\n|player|p1|biscotti5|veteranf|1078\n|player|p2|alexanderplatz.mp3|266|1129\n|gen|9\n|tier|[Gen 9 Champions] VGC 2026 Reg M-A\n|rated|\n|rule|Species Clause: Limit one of each Pok\u00e9mon\n|rule|Item Clause: Limit 1 of each item\n|clearpoke\n|poke|p1|Politoed, L50, F|\n|poke|p1|Dragonite, L50, F|\n|poke|p1|Basculegion, L50, M|\n|poke|p1|Sneasler, L50, F|\n|poke|p1|Sinistcha, L50|\n|poke|p1|Goodra-Hisui, L50, M|\n|poke|p2|Starmie, L50|\n|poke|p2|Kangaskhan, L50, F|\n|poke|p2|Archaludon, L50, M|\n|poke|p2|Sinistcha, L50|\n|poke|p2|Pelipper, L50, F|\n|poke|p2|Sneasler, L50, F|\n|teampreview|4\n|inactive|Battle timer is ON: inactive players will automatically lose when time's up. (requested by biscotti5)\n|inactive|biscotti5 has 60 seconds left.\n|\n|t:|1776023628\n|teamsize|p1|4\n|teamsize|p2|4\n|start\n|switch|p1a: Billie|Sneasler, L50, F|100/100\n|switch|p1b: Ella|Dragonite, L50, F, shiny|100/100\n|switch|p2a: Starmie|Starmie, L50|100/100\n|switch|p2b: Archaludon|Archaludon, L50, M|100/100\n|turn|1\n|\n|t:|1776023650\n|detailschange|p2a: Starmie|Starmie-Mega, L50\n|-mega|p2a: Starmie|Starmie|Starminite\n|move|p2a: Starmie|Protect|p2a: Starmie\n|-singleturn|p2a: Starmie|Protect\n|move|p2b: Archaludon|Protect|p2b: Archaludon\n|-singleturn|p2b: Archaludon|Protect\n|move|p1a: Billie|Fake Out|p2a: Starmie\n|-activate|p2a: Starmie|move: Protect\n|move|p1b: Ella|Draco Meteor|p2a: Starmie\n|-activate|p2a: Starmie|move: Protect\n|\n|upkeep\n|turn|2\n|inactive|biscotti5 has 30 seconds left.\n|\n|t:|1776023681\n|detailschange|p1b: Ella|Dragonite-Mega, L50, F, shiny\n|-mega|p1b: Ella|Dragonite|Dragoninite\n|move|p1a: Billie|Close Combat|p2b: Archaludon\n|-supereffective|p2b: Archaludon|1\n|-ability|p2b: Archaludon|Sturdy\n|-damage|p2b: Archaludon|1/100\n|-unboost|p1a: Billie|def|1\n|-unboost|p1a: Billie|spd|1\n|move|p2a: Starmie|Flip Turn|p1a: Billie\n|-enditem|p1a: Billie|Focus Sash\n|-damage|p1a: Billie|1/100\n|\n|t:|1776023693\n|switch|p2a: Pelipper|Pelipper, L50, F|100/100|[from] Flip Turn\n|-weather|RainDance|[from] ability: Drizzle|[of] p2a: Pelipper\n|move|p1b: Ella|Draco Meteor|p2a: Pelipper\n|-enditem|p2a: Pelipper|Focus Sash\n|-damage|p2a: Pelipper|1/100\n|-unboost|p1b: Ella|spa|2\n|move|p2b: Archaludon|Electro Shot||[still]\n|-prepare|p2b: Archaludon|Electro Shot\n|-boost|p2b: Archaludon|spa|1\n|-anim|p2b: Archaludon|Electro Shot|p1b: Ella\n|-damage|p1b: Ella|71/100\n|\n|-weather|RainDance|[upkeep]\n|upkeep\n|turn|3\n|\n|t:|1776023715\n|move|p1b: Ella|Protect|p1b: Ella\n|-singleturn|p1b: Ella|Protect\n|move|p2b: Archaludon|Protect|p2b: Archaludon\n|-singleturn|p2b: Archaludon|Protect\n|move|p2a: Pelipper|Protect|p2a: Pelipper\n|-singleturn|p2a: Pelipper|Protect\n|move|p1a: Billie|Dire Claw|p2a: Pelipper\n|-activate|p2a: Pelipper|move: Protect\n|\n|-weather|RainDance|[upkeep]\n|upkeep\n|turn|4\n|inactive|alexanderplatz.mp3 has 30 seconds left.\n|\n|t:|1776023747\n|move|p1a: Billie|Dire Claw|p2a: Pelipper\n|-damage|p2a: Pelipper|0 fnt\n|faint|p2a: Pelipper\n|move|p1b: Ella|Tailwind|p1b: Ella\n|-sidestart|p1: biscotti5|move: Tailwind\n|move|p2b: Archaludon|Draco Meteor|p1b: Ella\n|-supereffective|p1b: Ella|1\n|-damage|p1b: Ella|0 fnt\n|-unboost|p2b: Archaludon|spa|2\n|faint|p1b: Ella\n|\n|-weather|RainDance|[upkeep]\n|upkeep\n|\n|t:|1776023764\n|switch|p1b: Louis|Goodra-Hisui, L50, M|100/100\n|switch|p2a: Starmie|Starmie-Mega, L50|100/100\n|turn|5\n|\n|t:|1776023788\n|move|p1a: Billie|Coaching|p1b: Louis\n|-boost|p1b: Louis|atk|1\n|-boost|p1b: Louis|def|1\n|move|p2a: Starmie|Liquidation|p1b: Louis\n|-resisted|p1b: Louis|1\n|-damage|p1b: Louis|69/100\n|move|p1b: Louis|Body Press|p2b: Archaludon\n|-supereffective|p2b: Archaludon|1\n|-damage|p2b: Archaludon|0 fnt\n|faint|p2b: Archaludon\n|\n|-weather|RainDance|[upkeep]\n|upkeep\n|\n|t:|1776023801\n|switch|p2b: Sinistcha|Sinistcha, L50|100/100\n|turn|6\n|\n|t:|1776023819\n|move|p2b: Sinistcha|Rage Powder|p2b: Sinistcha\n|-singleturn|p2b: Sinistcha|move: Rage Powder\n|move|p1a: Billie|Dire Claw|p2b: Sinistcha\n|-crit|p2b: Sinistcha\n|-damage|p2b: Sinistcha|47/100\n|-status|p2b: Sinistcha|par\n|-enditem|p2b: Sinistcha|Sitrus Berry|[eat]\n|-heal|p2b: Sinistcha|72/100 par|[from] item: Sitrus Berry\n|move|p2a: Starmie|Zen Headbutt|p1b: Louis\n|-resisted|p1b: Louis|1\n|-damage|p1b: Louis|48/100\n|cant|p1b: Louis|flinch\n|\n|-weather|none\n|upkeep\n|turn|7\n|\n|t:|1776023842\n|move|p1a: Billie|Coaching|p1b: Louis\n|-boost|p1b: Louis|atk|1\n|-boost|p1b: Louis|def|1\n|move|p2a: Starmie|Zen Headbutt|p1a: Billie\n|-supereffective|p1a: Billie|2\n|-damage|p1a: Billie|0 fnt\n|faint|p1a: Billie\n|move|p1b: Louis|Life Dew|p1b: Louis\n|-heal|p1b: Louis|73/100\n|move|p2b: Sinistcha|Life Dew||[still]|[spread] p2a,p2b\n|-fail|p2a: Starmie|heal\n|-heal|p2b: Sinistcha|97/100 par\n|\n|-sideend|p1: biscotti5|move: Tailwind\n|upkeep\n|\n|t:|1776023857\n|switch|p1a: Sir Duke|Basculegion, L50, M|100/100\n|turn|8\n|\n|t:|1776023866\n|move|p1a: Sir Duke|Last Respects|p2b: Sinistcha\n|-supereffective|p2b: Sinistcha|1\n|-crit|p2b: Sinistcha\n|-damage|p2b: Sinistcha|0 fnt\n|faint|p2b: Sinistcha\n|move|p2a: Starmie|Liquidation|p1a: Sir Duke\n|-resisted|p1a: Sir Duke|1\n|-damage|p1a: Sir Duke|53/100\n|move|p1b: Louis|Thunder Punch|p2a: Starmie\n|-supereffective|p2a: Starmie|1\n|-damage|p2a: Starmie|0 fnt\n|faint|p2a: Starmie\n|\n|win|biscotti5\n|raw|biscotti5's rating: 1078 &rarr; <strong>1110</strong><br />(+32 for winning)\n|raw|alexanderplatz.mp3's rating: 1129 &rarr; <strong>1100</strong><br />(-29 for losing)\n|l|\u2606alexanderplatz.mp3\n|player|p2|\n",
  "uploadtime": 1776023912,
  "views": 32,
  "formatid": "gen9championsvgc2026regma",
  "rating": 1100,
  "private": 0,
  "password": null
}