{
  "id": "gen9championsvgc2026regma-2588646247",
  "format": "[Gen 9 Champions] VGC 2026 Reg M-A",
  "players": [
    "snodlop",
    "ya boi roast beef"
  ],
  "log": "|j|\u2606snodlop\n|j|\u2606ya boi roast beef\n|t:|1776653411\n|gametype|doubles\n|player|p1|snodlop|lady-gen4|1069\n|player|p2|ya boi roast beef|xerosic|1000\n|gen|9\n|tier|[Gen 9 Champions] VGC 2026 Reg M-A\n|rated|\n|rule|Species Clause: Limit one of each Pok\u00e9mon\n|rule|Item Clause: Limit 1 of each item\n|clearpoke\n|poke|p1|Victreebel, L50, F|\n|poke|p1|Talonflame, L50, F|\n|poke|p1|Incineroar, L50, M|\n|poke|p1|Sneasler, L50, F|\n|poke|p1|Primarina, L50, M|\n|poke|p1|Kingambit, L50, F|\n|poke|p2|Gengar, L50, F|\n|poke|p2|Meganium, L50, M|\n|poke|p2|Incineroar, L50, F|\n|poke|p2|Aerodactyl, L50, F|\n|poke|p2|Maushold, L50|\n|poke|p2|Garchomp, L50, F|\n|teampreview|4\n|inactive|Battle timer is ON: inactive players will automatically lose when time's up. (requested by ya boi roast beef)\n|\n|t:|1776653437\n|teamsize|p1|4\n|teamsize|p2|4\n|start\n|switch|p1a: Kingambit|Kingambit, L50, F|100/100\n|switch|p1b: Incineroar|Incineroar, L50, M|100/100\n|switch|p2a: Aerodactyl|Aerodactyl, L50, F|100/100\n|switch|p2b: Garchomp|Garchomp, L50, F|100/100\n|-ability|p2a: Aerodactyl|Unnerve\n|-ability|p1b: Incineroar|Intimidate|boost\n|-unboost|p2a: Aerodactyl|atk|1\n|-unboost|p2b: Garchomp|atk|1\n|-enditem|p2b: Garchomp|White Herb\n|-clearnegativeboost|p2b: Garchomp|[silent]\n|turn|1\n|\n|t:|1776653458\n|move|p2a: Aerodactyl|Protect|p2a: Aerodactyl\n|-singleturn|p2a: Aerodactyl|Protect\n|move|p1b: Incineroar|Fake Out|p2b: Garchomp\n|-damage|p2b: Garchomp|87/100\n|-damage|p1b: Incineroar|88/100|[from] ability: Rough Skin|[of] p2b: Garchomp\n|cant|p2b: Garchomp|flinch\n|move|p1a: Kingambit|Swords Dance|p1a: Kingambit\n|-boost|p1a: Kingambit|atk|2\n|\n|upkeep\n|turn|2\n|\n|t:|1776653476\n|move|p2a: Aerodactyl|Tailwind|p2a: Aerodactyl\n|-sidestart|p2: ya boi roast beef|move: Tailwind\n|move|p2b: Garchomp|Earthquake|p1a: Kingambit|[spread] p1a,p1b\n|-immune|p2a: Aerodactyl\n|-supereffective|p1a: Kingambit|1\n|-crit|p1a: Kingambit\n|-supereffective|p1b: Incineroar|1\n|-damage|p1a: Kingambit|8/100\n|-damage|p1b: Incineroar|14/100\n|move|p1b: Incineroar|Parting Shot|p2b: Garchomp\n|-unboost|p2b: Garchomp|atk|1\n|-unboost|p2b: Garchomp|spa|1\n|\n|t:|1776653493\n|switch|p1b: Sneasler|Sneasler, L50, F|100/100|[from] Parting Shot\n|move|p1a: Kingambit|Iron Head|p2a: Aerodactyl\n|-supereffective|p2a: Aerodactyl|1\n|-enditem|p2a: Aerodactyl|Focus Sash\n|-damage|p2a: Aerodactyl|1/100\n|\n|-heal|p1a: Kingambit|14/100|[from] item: Leftovers\n|upkeep\n|turn|3\n|\n|t:|1776653515\n|switch|p2a: Maushold|Maushold, L50|100/100\n|switch|p2b: Meganium|Meganium, L50, M|100/100\n|move|p1b: Sneasler|Fake Out|p2b: Meganium\n|-damage|p2b: Meganium|89/100\n|move|p1a: Kingambit|Sucker Punch||[still]\n|-fail|p1a: Kingambit\n|\n|-heal|p1a: Kingambit|20/100|[from] item: Leftovers\n|upkeep\n|turn|4\n|\n|t:|1776653533\n|detailschange|p2b: Meganium|Meganium-Mega, L50, M\n|-mega|p2b: Meganium|Meganium|Meganiumite\n|move|p2a: Maushold|Follow Me|p2a: Maushold\n|-singleturn|p2a: Maushold|move: Follow Me\n|move|p1a: Kingambit|Sucker Punch||[still]\n|-fail|p1a: Kingambit\n|move|p2b: Meganium|Dazzling Gleam|p1b: Sneasler|[spread] p1a,p1b\n|-damage|p1a: Kingambit|0 fnt\n|-damage|p1b: Sneasler|55/100\n|faint|p1a: Kingambit\n|move|p1b: Sneasler|Close Combat|p2a: Maushold\n|-supereffective|p2a: Maushold|1\n|-enditem|p2a: Maushold|Chople Berry|[eat]\n|-enditem|p2a: Maushold|Chople Berry|[weaken]\n|-damage|p2a: Maushold|15/100\n|-unboost|p1b: Sneasler|def|1\n|-unboost|p1b: Sneasler|spd|1\n|-enditem|p1b: Sneasler|White Herb\n|-clearnegativeboost|p1b: Sneasler|[silent]\n|\n|upkeep\n|\n|t:|1776653549\n|switch|p1a: Incineroar|Incineroar, L50, M|14/100\n|-enditem|p1a: Incineroar|Sitrus Berry|[eat]\n|-heal|p1a: Incineroar|39/100|[from] item: Sitrus Berry\n|-ability|p1a: Incineroar|Intimidate|boost\n|-unboost|p2a: Maushold|atk|1\n|-unboost|p2b: Meganium|atk|1\n|turn|5\n|\n|t:|1776653567\n|move|p1a: Incineroar|Fake Out|p2a: Maushold\n|-damage|p2a: Maushold|0 fnt\n|faint|p2a: Maushold\n|move|p1b: Sneasler|Dire Claw|p2b: Meganium\n|-supereffective|p2b: Meganium|2\n|-damage|p2b: Meganium|0 fnt\n|faint|p2b: Meganium\n|\n|-sideend|p2: ya boi roast beef|move: Tailwind\n|upkeep\n|\n|t:|1776653579\n|switch|p2a: Aerodactyl|Aerodactyl, L50, F|1/100\n|switch|p2b: Garchomp|Garchomp, L50, F|87/100\n|-ability|p2a: Aerodactyl|Unnerve\n|turn|6\n|inactive|snodlop has 30 seconds left.\n|inactive|snodlop has 20 seconds left.\n|inactive|snodlop has 15 seconds left.\n|inactive|ya boi roast beef has 30 seconds left.\n|\n|t:|1776653626\n|move|p1b: Sneasler|Dire Claw|p2a: Aerodactyl\n|-resisted|p2a: Aerodactyl|1\n|-damage|p2a: Aerodactyl|0 fnt\n|faint|p2a: Aerodactyl\n|move|p2b: Garchomp|Earthquake|p1b: Sneasler|[spread] p1a,p1b\n|-supereffective|p1a: Incineroar|1\n|-supereffective|p1b: Sneasler|1\n|-crit|p1b: Sneasler\n|-damage|p1a: Incineroar|0 fnt\n|-damage|p1b: Sneasler|0 fnt\n|faint|p1a: Incineroar\n|faint|p1b: Sneasler\n|\n|upkeep\n|\n|t:|1776653634\n|switch|p1b: Victreebel|Victreebel, L50, F|100/100\n|turn|7\n|\n|t:|1776653642\n|detailschange|p1b: Victreebel|Victreebel-Mega, L50, F\n|-mega|p1b: Victreebel|Victreebel|Victreebelite\n|move|p2b: Garchomp|Dragon Claw|p1b: Victreebel\n|-damage|p1b: Victreebel|57/100\n|move|p1b: Victreebel|Strength Sap|p2b: Garchomp\n|-unboost|p2b: Garchomp|atk|1\n|-heal|p1b: Victreebel|100/100\n|\n|upkeep\n|turn|8\n|c|\u2606ya boi roast beef|shiiiii\n|\n|t:|1776653658\n|move|p2b: Garchomp|Dragon Claw|p1b: Victreebel\n|-damage|p1b: Victreebel|69/100\n|move|p1b: Victreebel|Sludge Bomb|p2b: Garchomp\n|-resisted|p2b: Garchomp|1\n|-damage|p2b: Garchomp|60/100\n|-status|p2b: Garchomp|psn\n|\n|-damage|p2b: Garchomp|47/100 psn|[from] psn\n|upkeep\n|turn|9\n|c|\u2606ya boi roast beef|gg\n|c|\u2606snodlop|yeap\n|\n|t:|1776653670\n|move|p2b: Garchomp|Dragon Claw|p1b: Victreebel\n|-damage|p1b: Victreebel|38/100\n|move|p1b: Victreebel|Strength Sap|p2b: Garchomp\n|-unboost|p2b: Garchomp|atk|1\n|-heal|p1b: Victreebel|100/100\n|\n|-damage|p2b: Garchomp|35/100 psn|[from] psn\n|upkeep\n|turn|10\n|\n|t:|1776653685\n|move|p2b: Garchomp|Dragon Claw|p1b: Victreebel\n|-damage|p1b: Victreebel|76/100\n|move|p1b: Victreebel|Sludge Bomb|p2b: Garchomp\n|-resisted|p2b: Garchomp|1\n|-damage|p2b: Garchomp|5/100 psn\n|\n|-damage|p2b: Garchomp|0 fnt|[from] psn\n|faint|p2b: Garchomp\n|\n|win|snodlop\n|raw|snodlop's rating: 1069 &rarr; <strong>1093</strong><br />(+24 for winning)\n|raw|ya boi roast beef's rating: 1000 &rarr; <strong>1000</strong><br />(+0 for losing)\n|l|\u2606ya boi roast beef\n|player|p2|\n",
  "uploadtime": 1776653703,
  "views": 2,
  "formatid": "gen9championsvgc2026regma",
  "rating": 1000,
  "private": 0,
  "password": null
}