{
  "id": "gen9championsvgc2026regma-2587776311",
  "format": "[Gen 9 Champions] VGC 2026 Reg M-A",
  "players": [
    "Kingz on top",
    "7ary"
  ],
  "log": "|j|\u2606Kingz on top\n|j|\u26067ary\n|t:|1776562857\n|gametype|doubles\n|player|p1|Kingz on top|266|1084\n|player|p2|7ary|266|1000\n|gen|9\n|tier|[Gen 9 Champions] VGC 2026 Reg M-A\n|rated|\n|rule|Species Clause: Limit one of each Pok\u00e9mon\n|rule|Item Clause: Limit 1 of each item\n|clearpoke\n|poke|p1|Abomasnow, L50, F|\n|poke|p1|Slowking-Galar, L50, M|\n|poke|p1|Incineroar, L50, M|\n|poke|p1|Sneasler, L50, M|\n|poke|p1|Starmie, L50|\n|poke|p1|Pelipper, L50, M|\n|poke|p2|Charizard, L50, M|\n|poke|p2|Incineroar, L50, F|\n|poke|p2|Whimsicott, L50, F|\n|poke|p2|Leafeon, L50, M|\n|poke|p2|Garchomp, L50, M|\n|poke|p2|Corviknight, L50, F|\n|teampreview|4\n|\n|t:|1776562876\n|teamsize|p1|4\n|teamsize|p2|4\n|start\n|switch|p1a: Sneasler|Sneasler, L50, M|100/100\n|switch|p1b: Pelipper|Pelipper, L50, M|100/100\n|switch|p2a: Whimsicott|Whimsicott, L50, F|100/100\n|switch|p2b: Corviknight|Corviknight, L50, F|100/100\n|-weather|RainDance|[from] ability: Drizzle|[of] p1b: Pelipper\n|turn|1\n|inactive|Battle timer is ON: inactive players will automatically lose when time's up. (requested by 7ary)\n|inactive|Kingz on top has 60 seconds left.\n|\n|t:|1776562932\n|move|p2a: Whimsicott|Tailwind|p2a: Whimsicott\n|-sidestart|p2: 7ary|move: Tailwind\n|move|p1a: Sneasler|Close Combat|p2b: Corviknight\n|-damage|p2b: Corviknight|42/100\n|-unboost|p1a: Sneasler|def|1\n|-unboost|p1a: Sneasler|spd|1\n|-immune|p2b: Corviknight\n|-enditem|p1a: Sneasler|White Herb\n|-clearnegativeboost|p1a: Sneasler|[silent]\n|move|p2b: Corviknight|Brave Bird|p1a: Sneasler\n|-supereffective|p1a: Sneasler|1\n|-crit|p1a: Sneasler\n|-damage|p1a: Sneasler|0 fnt\n|faint|p1a: Sneasler\n|-damage|p2b: Corviknight|11/100|[from] Recoil\n|move|p1b: Pelipper|Tailwind|p1b: Pelipper\n|-sidestart|p1: Kingz on top|move: Tailwind\n|\n|-weather|RainDance|[upkeep]\n|-heal|p2b: Corviknight|17/100|[from] item: Leftovers\n|upkeep\n|\n|t:|1776562948\n|switch|p1a: Incineroar|Incineroar, L50, M|100/100\n|-ability|p1a: Incineroar|Intimidate|boost\n|-unboost|p2a: Whimsicott|atk|1\n|-ability|p2b: Corviknight|Mirror Armor\n|-unboost|p1a: Incineroar|atk|1\n|turn|2\n|\n|t:|1776562970\n|move|p2b: Corviknight|Protect|p2b: Corviknight\n|-singleturn|p2b: Corviknight|Protect\n|move|p1a: Incineroar|Fake Out|p2b: Corviknight\n|-activate|p2b: Corviknight|move: Protect\n|move|p2a: Whimsicott|Encore|p1b: Pelipper\n|-start|p1b: Pelipper|Encore\n|move|p1b: Pelipper|Tailwind||[still]\n|-fail|p1b: Pelipper\n|\n|-weather|RainDance|[upkeep]\n|-heal|p2b: Corviknight|23/100|[from] item: Leftovers\n|upkeep\n|turn|3\n|\n|t:|1776562988\n|switch|p1b: Starmie|Starmie, L50|100/100\n|move|p2a: Whimsicott|Moonblast|p1a: Incineroar\n|-damage|p1a: Incineroar|78/100\n|move|p2b: Corviknight|Bulk Up|p2b: Corviknight\n|-boost|p2b: Corviknight|atk|1\n|-boost|p2b: Corviknight|def|1\n|move|p1a: Incineroar|Darkest Lariat|p2b: Corviknight\n|-damage|p2b: Corviknight|4/100\n|\n|-weather|RainDance|[upkeep]\n|-heal|p2b: Corviknight|10/100|[from] item: Leftovers\n|upkeep\n|turn|4\n|inactive|7ary has 30 seconds left.\n|\n|t:|1776563018\n|switch|p1b: Pelipper|Pelipper, L50, M|100/100\n|move|p2a: Whimsicott|Moonblast|p1a: Incineroar\n|-damage|p1a: Incineroar|56/100\n|move|p2b: Corviknight|Brave Bird|p1a: Incineroar\n|-damage|p1a: Incineroar|0 fnt\n|faint|p1a: Incineroar\n|-damage|p2b: Corviknight|0 fnt|[from] Recoil\n|faint|p2b: Corviknight\n|\n|-weather|RainDance|[upkeep]\n|-sideend|p1: Kingz on top|move: Tailwind\n|-sideend|p2: 7ary|move: Tailwind\n|upkeep\n|\n|t:|1776563034\n|switch|p2b: Charizard|Charizard, L50, M|100/100\n|switch|p1a: Starmie|Starmie, L50|100/100\n|turn|5\n|\n|t:|1776563051\n|detailschange|p1a: Starmie|Starmie-Mega, L50\n|-mega|p1a: Starmie|Starmie|Starminite\n|move|p2b: Charizard|Protect|p2b: Charizard\n|-singleturn|p2b: Charizard|Protect\n|move|p2a: Whimsicott|Tailwind|p2a: Whimsicott\n|-sidestart|p2: 7ary|move: Tailwind\n|move|p1a: Starmie|Liquidation|p2b: Charizard\n|-activate|p2b: Charizard|move: Protect\n|move|p1b: Pelipper|Hurricane|p2a: Whimsicott\n|-supereffective|p2a: Whimsicott|1\n|-crit|p2a: Whimsicott\n|-enditem|p2a: Whimsicott|Focus Sash\n|-damage|p2a: Whimsicott|1/100\n|\n|-weather|none\n|upkeep\n|turn|6\n|inactive|Kingz on top has 30 seconds left.\n|inactive|Kingz on top has 20 seconds left.\n|inactive|Kingz on top has 15 seconds left.\n|\n|t:|1776563095\n|detailschange|p2b: Charizard|Charizard-Mega-Y, L50, M\n|-mega|p2b: Charizard|Charizard|Charizardite Y\n|-weather|SunnyDay|[from] ability: Drought|[of] p2b: Charizard\n|move|p2a: Whimsicott|Protect|p2a: Whimsicott\n|-singleturn|p2a: Whimsicott|Protect\n|move|p2b: Charizard|Solar Beam||[still]\n|-prepare|p2b: Charizard|Solar Beam\n|-anim|p2b: Charizard|Solar Beam|p1a: Starmie\n|-supereffective|p1a: Starmie|1\n|-damage|p1a: Starmie|0 fnt\n|faint|p1a: Starmie\n|move|p1b: Pelipper|Tailwind|p1b: Pelipper\n|-sidestart|p1: Kingz on top|move: Tailwind\n|\n|-weather|SunnyDay|[upkeep]\n|upkeep\n|turn|7\n|\n|t:|1776563113\n|move|p2a: Whimsicott|Encore|p1b: Pelipper\n|-start|p1b: Pelipper|Encore\n|move|p2b: Charizard|Solar Beam||[still]\n|-prepare|p2b: Charizard|Solar Beam\n|-anim|p2b: Charizard|Solar Beam|p1b: Pelipper\n|-damage|p1b: Pelipper|39/100\n|move|p1b: Pelipper|Tailwind||[still]\n|-fail|p1b: Pelipper\n|\n|-weather|SunnyDay|[upkeep]\n|upkeep\n|turn|8\n|\n|t:|1776563128\n|move|p2a: Whimsicott|Moonblast|p1b: Pelipper\n|-damage|p1b: Pelipper|6/100\n|move|p2b: Charizard|Solar Beam||[still]\n|-prepare|p2b: Charizard|Solar Beam\n|-anim|p2b: Charizard|Solar Beam|p1b: Pelipper\n|-damage|p1b: Pelipper|0 fnt\n|faint|p1b: Pelipper\n|\n|win|7ary\n|raw|Kingz on top's rating: 1084 &rarr; <strong>1056</strong><br />(-28 for losing)\n|raw|7ary's rating: 1000 &rarr; <strong>1049</strong><br />(+49 for winning)\n|l|\u2606Kingz on top\n|player|p1|\n",
  "uploadtime": 1776563143,
  "views": 15,
  "formatid": "gen9championsvgc2026regma",
  "rating": 1049,
  "private": 0,
  "password": null
}