{
  "id": "gen9championsvgc2026regma-2582854587",
  "format": "[Gen 9 Champions] VGC 2026 Reg M-A",
  "players": [
    "Navicula",
    "frankdudu"
  ],
  "log": "|j|\u2606Navicula\n|j|\u2606frankdudu\n|t:|1776119367\n|gametype|doubles\n|player|p1|Navicula|scientist-gen4|1181\n|player|p2|frankdudu|fantina|1120\n|gen|9\n|tier|[Gen 9 Champions] VGC 2026 Reg M-A\n|rated|\n|rule|Species Clause: Limit one of each Pok\u00e9mon\n|rule|Item Clause: Limit 1 of each item\n|clearpoke\n|poke|p1|Audino, L50, F|\n|poke|p1|Kommo-o, L50, M|\n|poke|p1|Sinistcha, L50|\n|poke|p1|Lucario, L50, M|\n|poke|p1|Aegislash, L50, F|\n|poke|p1|Toucannon, L50, M|\n|poke|p2|Gengar, L50, F|\n|poke|p2|Whimsicott, L50, F|\n|poke|p2|Zoroark-Hisui, L50, F|\n|poke|p2|Incineroar, L50, M|\n|poke|p2|Maushold, L50|\n|poke|p2|Garchomp, L50, M|\n|teampreview|4\nfrankdudu rejected open team sheets.\n|inactive|Battle timer is ON: inactive players will automatically lose when time's up. (requested by frankdudu)\n|\n|t:|1776119409\n|teamsize|p1|4\n|teamsize|p2|4\n|start\n|switch|p1a: Moop|Audino, L50, F, shiny|100/100\n|switch|p1b: Rangus Bumclappa|Kommo-o, L50, M|100/100\n|switch|p2a: Gengar|Gengar, L50, F|100/100\n|switch|p2b: Garchomp|Garchomp, L50, M|100/100\n|turn|1\n|inactive|frankdudu has 30 seconds left.\n|inactive|frankdudu has 20 seconds left.\n|inactive|frankdudu has 15 seconds left.\n|\n|t:|1776119449\n|detailschange|p2a: Gengar|Gengar-Mega, L50, F\n|-mega|p2a: Gengar|Gengar|Gengarite\n|move|p2b: Garchomp|Trick|p1b: Rangus Bumclappa\n|-activate|p2b: Garchomp|move: Trick|[of] p1b: Rangus Bumclappa\n|-item|p1b: Rangus Bumclappa|Choice Scarf|[from] move: Trick\n|-item|p2b: Garchomp|Sitrus Berry|[from] move: Trick\n|move|p2a: Gengar|Sludge Bomb|p1a: Moop\n|-damage|p1a: Moop|49/100\n|move|p1b: Rangus Bumclappa|Clangorous Soul|p1b: Rangus Bumclappa\n|-boost|p1b: Rangus Bumclappa|atk|1\n|-boost|p1b: Rangus Bumclappa|def|1\n|-boost|p1b: Rangus Bumclappa|spa|1\n|-boost|p1b: Rangus Bumclappa|spd|1\n|-boost|p1b: Rangus Bumclappa|spe|1\n|-damage|p1b: Rangus Bumclappa|68/100\n|move|p1a: Moop|Wish|p1a: Moop\n|\n|upkeep\n|turn|2\n|inactive|Navicula has 30 seconds left.\n|inactive|frankdudu has 30 seconds left.\n|\n|t:|1776119482\n|move|p1b: Rangus Bumclappa|Clangorous Soul|p1b: Rangus Bumclappa\n|-boost|p1b: Rangus Bumclappa|atk|1\n|-boost|p1b: Rangus Bumclappa|def|1\n|-boost|p1b: Rangus Bumclappa|spa|1\n|-boost|p1b: Rangus Bumclappa|spd|1\n|-boost|p1b: Rangus Bumclappa|spe|1\n|-damage|p1b: Rangus Bumclappa|35/100\n|move|p2a: Gengar|Sludge Bomb|p1a: Moop\n|-damage|p1a: Moop|0 fnt\n|faint|p1a: Moop\n|move|p2b: Garchomp|Hyper Voice|p1b: Rangus Bumclappa\n|-immune|p1b: Rangus Bumclappa|[from] ability: Soundproof\n|\n|upkeep\n|\n|t:|1776119500\n|switch|p1a: Brewtwo|Sinistcha, L50|100/100\n|-heal|p1b: Rangus Bumclappa|59/100|[from] ability: Hospitality|[of] p1a: Brewtwo\n|turn|3\n|\n|t:|1776119512\n|move|p1b: Rangus Bumclappa|Clangorous Soul|p1b: Rangus Bumclappa\n|-boost|p1b: Rangus Bumclappa|atk|1\n|-boost|p1b: Rangus Bumclappa|def|1\n|-boost|p1b: Rangus Bumclappa|spa|1\n|-boost|p1b: Rangus Bumclappa|spd|1\n|-boost|p1b: Rangus Bumclappa|spe|1\n|-damage|p1b: Rangus Bumclappa|26/100\n|move|p2a: Gengar|Disable|p1b: Rangus Bumclappa\n|-start|p1b: Rangus Bumclappa|Disable|Clangorous Soul\n|move|p2b: Garchomp|Bitter Malice|p1a: Brewtwo\n|-supereffective|p1a: Brewtwo|1\n|-crit|p1a: Brewtwo\n|-enditem|p1a: Brewtwo|Focus Sash\n|-damage|p1a: Brewtwo|1/100\n|-unboost|p1a: Brewtwo|atk|1\n|move|p1a: Brewtwo|Psych Up|p1b: Rangus Bumclappa\n|-copyboost|p1a: Brewtwo|p1b: Rangus Bumclappa|[from] move: Psych Up\n|\n|upkeep\n|turn|4\n|inactive|Navicula has 30 seconds left.\n|inactive|frankdudu has 30 seconds left.\n|inactive|frankdudu has 20 seconds left.\n|inactive|frankdudu has 15 seconds left.\n|\n|t:|1776119555\n|-activate|p1b: Rangus Bumclappa|move: Struggle\n|move|p1b: Rangus Bumclappa|Struggle|p2a: Gengar\n|-damage|p2a: Gengar|59/100\n|-damage|p1b: Rangus Bumclappa|1/100|[from] recoil\n|move|p1a: Brewtwo|Matcha Gotcha|p2b: Garchomp|[spread] p2a,p2b\n|-resisted|p2a: Gengar|1\n|-damage|p2a: Gengar|27/100\n|-heal|p1a: Brewtwo|16/100|[from] drain|[of] p2a: Gengar\n|-damage|p2b: Garchomp|0 fnt\n|-heal|p1a: Brewtwo|53/100|[from] drain|[of] p2b: Garchomp\n|replace|p2b: Zoroark|Zoroark-Hisui, L50, F, shiny\n|-end|p2b: Zoroark|Illusion\n|faint|p2b: Zoroark\n|move|p2a: Gengar|Shadow Ball|p1a: Brewtwo\n|-supereffective|p1a: Brewtwo|1\n|-damage|p1a: Brewtwo|15/100\n|\n|upkeep\n|inactive|frankdudu has 30 seconds left.\n|\n|t:|1776119588\n|switch|p2b: Garchomp|Garchomp, L50, M|100/100\n|turn|5\n|\n|t:|1776119598\n|move|p2a: Gengar|Protect|p2a: Gengar\n|-singleturn|p2a: Gengar|Protect\n|-activate|p1b: Rangus Bumclappa|move: Struggle\n|move|p1b: Rangus Bumclappa|Struggle|p2b: Garchomp\n|-damage|p2b: Garchomp|82/100\n|-damage|p1b: Rangus Bumclappa|0 fnt|[from] ability: Rough Skin|[of] p2b: Garchomp\n|faint|p1b: Rangus Bumclappa\n|move|p1a: Brewtwo|Matcha Gotcha|p2b: Garchomp|[spread] p2b\n|-activate|p2a: Gengar|move: Protect\n|-damage|p2b: Garchomp|21/100\n|-heal|p1a: Brewtwo|52/100|[from] drain|[of] p2b: Garchomp\n|move|p2b: Garchomp|Dragon Claw|p1a: Brewtwo\n|-damage|p1a: Brewtwo|39/100\n|\n|-heal|p2b: Garchomp|27/100|[from] item: Leftovers\n|upkeep\n|\n|t:|1776119614\n|switch|p1b: Himothy Cool|Lucario, L50, M|100/100\n|turn|6\n|\n|t:|1776119623\n|detailschange|p1b: Himothy Cool|Lucario-Mega, L50, M\n|-mega|p1b: Himothy Cool|Lucario|Lucarionite\n|move|p1a: Brewtwo|Matcha Gotcha|p2a: Gengar|[spread] p2a,p2b\n|-resisted|p2a: Gengar|1\n|-damage|p2a: Gengar|0 fnt\n|-heal|p1a: Brewtwo|52/100|[from] drain|[of] p2a: Gengar\n|-damage|p2b: Garchomp|0 fnt\n|-heal|p1a: Brewtwo|68/100|[from] drain|[of] p2b: Garchomp\n|faint|p2a: Gengar\n|faint|p2b: Garchomp\n|move|p1b: Himothy Cool|Psych Up|p1a: Brewtwo\n|-copyboost|p1b: Himothy Cool|p1a: Brewtwo|[from] move: Psych Up\n|\n|upkeep\n|\n|t:|1776119630\n|switch|p2b: Maushold|Maushold, L50|100/100\n|turn|7\n|\n|t:|1776119640\n|move|p2b: Maushold|Protect|p2b: Maushold\n|-singleturn|p2b: Maushold|Protect\n|move|p1b: Himothy Cool|Drain Punch|p2b: Maushold\n|-activate|p2b: Maushold|move: Protect\n|move|p1a: Brewtwo|Matcha Gotcha|p2b: Maushold\n|-activate|p2b: Maushold|move: Protect\n|\n|upkeep\n|turn|8\n|-message|frankdudu forfeited.\n|\n|win|Navicula\n|raw|Navicula's rating: 1181 &rarr; <strong>1202</strong><br />(+21 for winning)\n|raw|frankdudu's rating: 1120 &rarr; <strong>1099</strong><br />(-21 for losing)\n|l|\u2606frankdudu\n|player|p2|\n",
  "uploadtime": 1776119696,
  "views": 10,
  "formatid": "gen9championsvgc2026regma",
  "rating": 1099,
  "private": 0,
  "password": null
}