{
  "id": "gen9championsvgc2026regma-2581665976",
  "format": "[Gen 9 Champions] VGC 2026 Reg M-A",
  "players": [
    "bleebobloop",
    "LGPESWEEPER"
  ],
  "log": "|j|\u2606bleebobloop\n|j|\u2606LGPESWEEPER\n|t:|1776019135\n|gametype|doubles\n|player|p1|bleebobloop|bruno|1074\n|player|p2|LGPESWEEPER|102|1069\n|gen|9\n|tier|[Gen 9 Champions] VGC 2026 Reg M-A\n|rated|\n|rule|Species Clause: Limit one of each Pok\u00e9mon\n|rule|Item Clause: Limit 1 of each item\n|clearpoke\n|poke|p1|Chimecho, L50, F|\n|poke|p1|Garchomp, L50, M|\n|poke|p1|Tyranitar, L50, F|\n|poke|p1|Araquanid, L50, M|\n|poke|p1|Sinistcha, L50|\n|poke|p1|Volcarona, L50, M|\n|poke|p2|Gyarados, L50, F|\n|poke|p2|Garchomp, L50, M|\n|poke|p2|Tinkaton, L50, F|\n|poke|p2|Sneasler, L50, F|\n|poke|p2|Sinistcha, L50|\n|poke|p2|Pelipper, L50, F|\n|teampreview|4\n|\n|t:|1776019162\n|teamsize|p1|4\n|teamsize|p2|4\n|start\n|switch|p1a: Chimecho|Chimecho, L50, F|100/100\n|switch|p1b: Garchomp|Garchomp, L50, M|100/100\n|switch|p2a: Gyarados|Gyarados, L50, F|100/100\n|switch|p2b: Sinistcha|Sinistcha, L50|100/100\n|-ability|p2a: Gyarados|Intimidate|boost\n|-unboost|p1a: Chimecho|atk|1\n|-unboost|p1b: Garchomp|atk|1\n|turn|1\n|\n|t:|1776019180\n|switch|p1b: Araquanid|Araquanid, L50, M|100/100\n|detailschange|p1a: Chimecho|Chimecho-Mega, L50, F\n|-mega|p1a: Chimecho|Chimecho|Chimechite\n|move|p1a: Chimecho|Protect|p1a: Chimecho\n|-singleturn|p1a: Chimecho|Protect\n|move|p2b: Sinistcha|Rage Powder|p2b: Sinistcha\n|-singleturn|p2b: Sinistcha|move: Rage Powder\n|move|p2a: Gyarados|Dragon Dance|p2a: Gyarados\n|-boost|p2a: Gyarados|atk|1\n|-boost|p2a: Gyarados|spe|1\n|\n|upkeep\n|turn|2\n|\n|t:|1776019204\n|move|p1b: Araquanid|Protect|p1b: Araquanid\n|-singleturn|p1b: Araquanid|Protect\n|move|p2b: Sinistcha|Rage Powder|p2b: Sinistcha\n|-singleturn|p2b: Sinistcha|move: Rage Powder\n|move|p2a: Gyarados|Dragon Dance|p2a: Gyarados\n|-boost|p2a: Gyarados|atk|1\n|-boost|p2a: Gyarados|spe|1\n|move|p1a: Chimecho|Psychic|p2b: Sinistcha\n|-damage|p2b: Sinistcha|49/100\n|\n|-heal|p2b: Sinistcha|56/100|[from] item: Leftovers\n|upkeep\n|turn|3\n|\n|t:|1776019221\n|switch|p1b: Tyranitar|Tyranitar, L50, F|100/100\n|-weather|Sandstorm|[from] ability: Sand Stream|[of] p1b: Tyranitar\n|detailschange|p2a: Gyarados|Gyarados-Mega, L50, F\n|-mega|p2a: Gyarados|Gyarados|Gyaradosite\n|-ability|p2a: Gyarados|Mold Breaker\n|move|p2b: Sinistcha|Rage Powder|p2b: Sinistcha\n|-singleturn|p2b: Sinistcha|move: Rage Powder\n|move|p2a: Gyarados|Crunch|p1a: Chimecho\n|-supereffective|p1a: Chimecho|1\n|-damage|p1a: Chimecho|0 fnt\n|faint|p1a: Chimecho\n|\n|-weather|Sandstorm|[upkeep]\n|-damage|p2a: Gyarados|94/100|[from] Sandstorm\n|-damage|p2b: Sinistcha|49/100|[from] Sandstorm\n|-heal|p2b: Sinistcha|56/100|[from] item: Leftovers\n|upkeep\n|\n|t:|1776019227\n|switch|p1a: Garchomp|Garchomp, L50, M|100/100\n|turn|4\n|\n|t:|1776019240\n|move|p1b: Tyranitar|Protect|p1b: Tyranitar\n|-singleturn|p1b: Tyranitar|Protect\n|move|p2b: Sinistcha|Rage Powder|p2b: Sinistcha\n|-singleturn|p2b: Sinistcha|move: Rage Powder\n|move|p2a: Gyarados|Waterfall|p1a: Garchomp\n|-damage|p1a: Garchomp|9/100\n|move|p1a: Garchomp|Dragon Claw|p2b: Sinistcha\n|-damage|p2b: Sinistcha|22/100\n|\n|-weather|Sandstorm|[upkeep]\n|-damage|p2a: Gyarados|88/100|[from] Sandstorm\n|-damage|p2b: Sinistcha|16/100|[from] Sandstorm\n|-heal|p2b: Sinistcha|22/100|[from] item: Leftovers\n|upkeep\n|turn|5\n|-message|bleebobloop forfeited.\n|\n|win|LGPESWEEPER\n|raw|bleebobloop's rating: 1074 &rarr; <strong>1053</strong><br />(-21 for losing)\n|raw|LGPESWEEPER's rating: 1069 &rarr; <strong>1099</strong><br />(+30 for winning)\n|l|\u2606bleebobloop\n|player|p1|\n",
  "uploadtime": 1776019254,
  "views": 14,
  "formatid": "gen9championsvgc2026regma",
  "rating": 1053,
  "private": 0,
  "password": null
}