{
  "id": "gen9championsvgc2026regma-2583642811",
  "format": "[Gen 9 Champions] VGC 2026 Reg M-A",
  "players": [
    "henitusec",
    "kallex931"
  ],
  "log": "|j|\u2606henitusec\n|j|\u2606kallex931\n|t:|1776188323\n|gametype|doubles\n|player|p1|henitusec|diantha|1132\n|player|p2|kallex931|266|1141\n|gen|9\n|tier|[Gen 9 Champions] VGC 2026 Reg M-A\n|rated|\n|rule|Species Clause: Limit one of each Pok\u00e9mon\n|rule|Item Clause: Limit 1 of each item\n|clearpoke\n|poke|p1|Gardevoir, L50, F|\n|poke|p1|Aegislash, L50, F|\n|poke|p1|Incineroar, L50, M|\n|poke|p1|Vivillon-Polar, L50, M|\n|poke|p1|Whimsicott, L50, F|\n|poke|p1|Tauros-Paldea-Aqua, L50, M|\n|poke|p2|Floette-Eternal, L50, F|\n|poke|p2|Incineroar, L50, M|\n|poke|p2|Sinistcha, L50|\n|poke|p2|Garchomp, L50, M|\n|poke|p2|Sneasler, L50, F|\n|poke|p2|Basculegion, L50, M|\n|teampreview|4\n|inactive|Battle timer is ON: inactive players will automatically lose when time's up. (requested by henitusec)\n|inactive|kallex931 has 60 seconds left.\n|\n|t:|1776188360\n|teamsize|p1|4\n|teamsize|p2|4\n|start\n|switch|p1a: Aegislash|Aegislash, L50, F|100/100\n|switch|p1b: Tauros|Tauros-Paldea-Aqua, L50, M|100/100\n|switch|p2a: Incineroar|Incineroar, L50, M|100/100\n|switch|p2b: Sneasler|Sneasler, L50, F|100/100\n|-ability|p1b: Tauros|Intimidate|boost\n|-unboost|p2a: Incineroar|atk|1\n|-unboost|p2b: Sneasler|atk|1\n|-ability|p2a: Incineroar|Intimidate|boost\n|-unboost|p1a: Aegislash|atk|1\n|-unboost|p1b: Tauros|atk|1\n|-enditem|p2b: Sneasler|White Herb\n|-clearnegativeboost|p2b: Sneasler|[silent]\n|-enditem|p1a: Aegislash|White Herb\n|-clearnegativeboost|p1a: Aegislash|[silent]\n|turn|1\n|inactive|kallex931 has 30 seconds left.\n|inactive|kallex931 has 20 seconds left.\n|inactive|kallex931 has 15 seconds left.\n|\n|t:|1776188411\n|move|p1b: Tauros|Protect|p1b: Tauros\n|-singleturn|p1b: Tauros|Protect\n|move|p2a: Incineroar|Fake Out|p1b: Tauros\n|-activate|p1b: Tauros|move: Protect\n|move|p2b: Sneasler|Dire Claw|p1b: Tauros\n|-activate|p1b: Tauros|move: Protect\n|-formechange|p1a: Aegislash|Aegislash-Blade|\n|move|p1a: Aegislash|Sacred Sword|p2a: Incineroar\n|-supereffective|p2a: Incineroar|1\n|-enditem|p2a: Incineroar|Chople Berry|[eat]\n|-enditem|p2a: Incineroar|Chople Berry|[weaken]\n|-damage|p2a: Incineroar|69/100\n|\n|upkeep\n|turn|2\n|inactive|henitusec has 30 seconds left.\n|\n|t:|1776188437\n|-formechange|p1a: Aegislash|Aegislash|\n|move|p1a: Aegislash|King's Shield|p1a: Aegislash\n|-singleturn|p1a: Aegislash|Protect\n|move|p2b: Sneasler|Dire Claw|p1b: Tauros\n|-damage|p1b: Tauros|59/100\n|-status|p1b: Tauros|par\n|move|p2a: Incineroar|Parting Shot|p1b: Tauros\n|-unboost|p1b: Tauros|atk|1\n|-unboost|p1b: Tauros|spa|1\n|\n|t:|1776188452\n|switch|p2a: Floette|Floette-Eternal, L50, F|100/100|[from] Parting Shot\n|move|p1b: Tauros|Wave Crash|p2a: Floette\n|-damage|p2a: Floette|44/100\n|-damage|p1b: Tauros|43/100 par|[from] Recoil\n|\n|upkeep\n|turn|3\n|\n|t:|1776188470\n|switch|p2b: Sinistcha|Sinistcha, L50|100/100\n|-heal|p2a: Floette|69/100|[from] ability: Hospitality|[of] p2b: Sinistcha\n|move|p2a: Floette|Protect|p2a: Floette\n|-singleturn|p2a: Floette|Protect\n|cant|p1b: Tauros|par\n|-formechange|p1a: Aegislash|Aegislash-Blade|\n|move|p1a: Aegislash|Iron Head|p2a: Floette\n|-activate|p2a: Floette|move: Protect\n|\n|upkeep\n|turn|4\n|\n|t:|1776188495\n|switch|p2a: Incineroar|Incineroar, L50, M|69/100\n|-ability|p2a: Incineroar|Intimidate|boost\n|-unboost|p1a: Aegislash|atk|1\n|-unboost|p1b: Tauros|atk|1\n|move|p1a: Aegislash|Poltergeist|p2b: Sinistcha\n|-activate|p2b: Sinistcha|move: Poltergeist|Sitrus Berry\n|-supereffective|p2b: Sinistcha|1\n|-crit|p2b: Sinistcha\n|-damage|p2b: Sinistcha|0 fnt\n|faint|p2b: Sinistcha\n|move|p1b: Tauros|Wave Crash|p2a: Incineroar\n|-supereffective|p2a: Incineroar|1\n|-damage|p2a: Incineroar|18/100\n|-damage|p1b: Tauros|24/100 par|[from] Recoil\n|\n|upkeep\n|\n|t:|1776188516\n|switch|p2b: Floette|Floette-Eternal, L50, F|69/100\n|turn|5\n|\n|t:|1776188529\n|detailschange|p2b: Floette|Floette-Mega, L50, F\n|-mega|p2b: Floette|Floette|Floettite\n|-ability|p2b: Floette|Fairy Aura\n|-formechange|p1a: Aegislash|Aegislash|\n|move|p1a: Aegislash|King's Shield|p1a: Aegislash\n|-singleturn|p1a: Aegislash|Protect\n|move|p1b: Tauros|Protect|p1b: Tauros\n|-singleturn|p1b: Tauros|Protect\n|move|p2a: Incineroar|Fake Out|p1b: Tauros\n|-activate|p1b: Tauros|move: Protect\n|move|p2b: Floette|Calm Mind|p2b: Floette\n|-boost|p2b: Floette|spa|1\n|-boost|p2b: Floette|spd|1\n|\n|upkeep\n|turn|6\n|inactive|kallex931 has 30 seconds left.\n|\n|t:|1776188555\n|move|p1b: Tauros|Aqua Jet|p2a: Incineroar\n|-supereffective|p2a: Incineroar|1\n|-damage|p2a: Incineroar|0 fnt\n|faint|p2a: Incineroar\n|move|p2b: Floette|Draining Kiss|p1b: Tauros\n|-supereffective|p1b: Tauros|1\n|-damage|p1b: Tauros|0 fnt\n|-heal|p2b: Floette|90/100|[from] drain|[of] p1b: Tauros\n|faint|p1b: Tauros\n|-formechange|p1a: Aegislash|Aegislash-Blade|\n|move|p1a: Aegislash|Iron Head|p2b: Floette\n|-supereffective|p2b: Floette|1\n|-damage|p2b: Floette|22/100\n|\n|upkeep\n|\n|t:|1776188569\n|switch|p1b: Whimsicott|Whimsicott, L50, F|100/100\n|switch|p2a: Sneasler|Sneasler, L50, F|100/100\n|turn|7\n|\n|t:|1776188586\n|move|p1b: Whimsicott|Tailwind|p1b: Whimsicott\n|-sidestart|p1: henitusec|move: Tailwind\n|move|p1a: Aegislash|Iron Head|p2b: Floette\n|-supereffective|p2b: Floette|1\n|-damage|p2b: Floette|0 fnt\n|faint|p2b: Floette\n|move|p2a: Sneasler|Dire Claw|p1b: Whimsicott\n|-supereffective|p1b: Whimsicott|2\n|-damage|p1b: Whimsicott|0 fnt\n|faint|p1b: Whimsicott\n|\n|upkeep\n|\n|t:|1776188595\n|switch|p1b: Gardevoir|Gardevoir, L50, F, shiny|100/100\n|-ability|p1b: Gardevoir|Unburden|Trace|[from] ability: Trace|[of] p2a: Sneasler\n|turn|8\n|c|\u2606henitusec|Gg\n|\n|t:|1776188609\n|detailschange|p1b: Gardevoir|Gardevoir-Mega, L50, F, shiny\n|-mega|p1b: Gardevoir|Gardevoir|Gardevoirite\n|move|p1b: Gardevoir|Psychic|p2a: Sneasler\n|-supereffective|p2a: Sneasler|2\n|-damage|p2a: Sneasler|0 fnt\n|faint|p2a: Sneasler\n|\n|win|henitusec\n|raw|henitusec's rating: 1132 &rarr; <strong>1158</strong><br />(+26 for winning)\n|raw|kallex931's rating: 1141 &rarr; <strong>1115</strong><br />(-26 for losing)\n",
  "uploadtime": 1776188613,
  "views": 14,
  "formatid": "gen9championsvgc2026regma",
  "rating": 1115,
  "private": 0,
  "password": null
}