{
  "id": "gen9championsvgc2026regma-2580574370",
  "format": "[Gen 9 Champions] VGC 2026 Reg M-A",
  "players": [
    "JmL94",
    "pits fiend"
  ],
  "log": "|j|\u2606JmL94\n|j|\u2606pits fiend\n|html|<table width=\"100%\"><tr><td align=\"left\">JmL94</td><td align=\"right\">pits fiend</tr><tr><td align=\"left\"><i class=\"fa fa-circle-o\"></i> <i class=\"fa fa-circle-o\"></i> </td><td align=\"right\"><i class=\"fa fa-circle-o\"></i> <i class=\"fa fa-circle-o\"></i> </tr></table>\n|uhtml|bestof|<h2><strong>Game 1</strong> of <a href=\"/game-bestof3-gen9championsvgc2026regma-2580574369\">a best-of-3</a></h2>\n|t:|1775914385\n|gametype|doubles\n|player|p1|JmL94|266|\n|player|p2|pits fiend|gwynn|\n|gen|9\n|tier|[Gen 9 Champions] VGC 2026 Reg M-A\n|rated|Tournament battle\n|rule|Species Clause: Limit one of each Pok\u00e9mon\n|rule|Item Clause: Limit 1 of each item\n|raw|<div class=\"infobox\"><details class=\"readmore\" open><summary><strong>2 custom rules:</strong></summary> Force Open Team Sheets, Best of = 3</details></div>\n|clearpoke\n|poke|p1|Charizard, L50, F|\n|poke|p1|Venusaur, L50, F|\n|poke|p1|Whimsicott, L50, M|\n|poke|p1|Incineroar, L50, F|\n|poke|p1|Kingambit, L50, M|\n|poke|p1|Garchomp, L50, F|\n|poke|p2|Gardevoir, L50, F|\n|poke|p2|Garchomp, L50, F|\n|poke|p2|Rotom-Wash, L50|\n|poke|p2|Tsareena, L50, F|\n|poke|p2|Incineroar, L50, M|\n|poke|p2|Sneasler, L50, M|\n|teampreview|4\n|showteam|p1|Charizard||CharizarditeY|SolarPower|HeatWave,DragonPulse,SolarBeam,Protect|||F|||50|]Venusaur||Leftovers|Chlorophyll|EarthPower,EnergyBall,SludgeBomb,Protect|||F|||50|]Whimsicott||FocusSash|Prankster|Tailwind,Moonblast,Encore,Protect|||M|||50|]Incineroar||SitrusBerry|Intimidate|Protect,PartingShot,FakeOut,FlareBlitz|||F|||50|]Kingambit||ChopleBerry|Defiant|IronHead,KowtowCleave,SuckerPunch,Protect|||M|||50|]Garchomp||HabanBerry|RoughSkin|RockSlide,Earthquake,DragonClaw,Protect|||F|||50|\n|showteam|p2|Gardevoir||Gardevoirite|Trace|HyperVoice,Psyshock,Protect,TrickRoom|||F|||50|]Garchomp||SoftSand|SandVeil|Earthquake,DragonClaw,StompingTantrum,Protect|||F|||50|]Rotom-Wash||ChoiceScarf|Levitate|Electroweb,VoltSwitch,Thunderbolt,HydroPump||||||50|]Tsareena||OccaBerry|QueenlyMajesty|TropKick,TripleAxel,Protect,HelpingHand|||F|||50|]Incineroar||SitrusBerry|Intimidate|FakeOut,ThroatChop,PartingShot,FlareBlitz|||M|||50|]Sneasler||WhiteHerb|Unburden|CloseCombat,DireClaw,FakeOut,Protect|||M|||50|\n|c|\u2606pits fiend|glhf!\n|j| WishMkrLucy\n|c|\u2606JmL94|gl\n|j| psychic system\n|j| I said NO FURRY\n|l| psychic system\n|\n|t:|1775914424\n|teamsize|p1|4\n|teamsize|p2|4\n|start\n|switch|p1a: Kingambit|Kingambit, L50, M|100/100\n|switch|p1b: Garchomp|Garchomp, L50, F|100/100\n|switch|p2a: Rotom|Rotom-Wash, L50|100/100\n|switch|p2b: Sneasler|Sneasler, L50, M|100/100\n|turn|1\n|j| FlygonkingVGC\n|\n|t:|1775914480\n|move|p1a: Kingambit|Protect|p1a: Kingambit\n|-singleturn|p1a: Kingambit|Protect\n|move|p2b: Sneasler|Fake Out|p1b: Garchomp\n|-damage|p1b: Garchomp|86/100\n|-damage|p2b: Sneasler|88/100|[from] ability: Rough Skin|[of] p1b: Garchomp\n|move|p2a: Rotom|Hydro Pump|p1b: Garchomp\n|-damage|p1b: Garchomp|36/100\n|cant|p1b: Garchomp|flinch\n|\n|upkeep\n|turn|2\n|\n|t:|1775914503\n|switch|p1a: Incineroar|Incineroar, L50, F|100/100\n|-ability|p1a: Incineroar|Intimidate|boost\n|-unboost|p2a: Rotom|atk|1\n|-unboost|p2b: Sneasler|atk|1\n|-enditem|p2b: Sneasler|White Herb\n|-clearnegativeboost|p2b: Sneasler|[silent]\n|move|p1b: Garchomp|Protect|p1b: Garchomp\n|-singleturn|p1b: Garchomp|Protect\n|move|p2b: Sneasler|Dire Claw|p1b: Garchomp\n|-activate|p1b: Garchomp|move: Protect\n|move|p2a: Rotom|Hydro Pump|p1b: Garchomp\n|-activate|p1b: Garchomp|move: Protect\n|\n|upkeep\n|turn|3\n|\n|t:|1775914536\n|move|p1a: Incineroar|Fake Out|p2b: Sneasler\n|-damage|p2b: Sneasler|64/100\n|cant|p2b: Sneasler|flinch\n|move|p2a: Rotom|Hydro Pump|p1b: Garchomp\n|-damage|p1b: Garchomp|0 fnt\n|faint|p1b: Garchomp\n|\n|upkeep\n|\n|t:|1775914548\n|switch|p1b: Charizard|Charizard, L50, F|100/100\n|turn|4\n|\n|t:|1775914569\n|switch|p2a: Garchomp|Garchomp, L50, F|100/100\n|detailschange|p1b: Charizard|Charizard-Mega-Y, L50, F\n|-mega|p1b: Charizard|Charizard|Charizardite Y\n|-weather|SunnyDay|[from] ability: Drought|[of] p1b: Charizard\n|move|p2b: Sneasler|Protect|p2b: Sneasler\n|-singleturn|p2b: Sneasler|Protect\n|move|p1b: Charizard|Solar Beam||[still]\n|-prepare|p1b: Charizard|Solar Beam\n|-anim|p1b: Charizard|Solar Beam|p2a: Garchomp\n|-damage|p2a: Garchomp|46/100\n|move|p1a: Incineroar|Flare Blitz|p2b: Sneasler\n|-activate|p2b: Sneasler|move: Protect\n|\n|-weather|SunnyDay|[upkeep]\n|upkeep\n|turn|5\n|\n|t:|1775914608\n|move|p2b: Sneasler|Dire Claw|p1b: Charizard\n|-damage|p1b: Charizard|47/100\n|-status|p1b: Charizard|psn\n|move|p2a: Garchomp|Dragon Claw|p1b: Charizard\n|-damage|p1b: Charizard|0 fnt\n|faint|p1b: Charizard\n|move|p1a: Incineroar|Flare Blitz|p2a: Garchomp\n|-resisted|p2a: Garchomp|1\n|-damage|p2a: Garchomp|2/100\n|-damage|p1a: Incineroar|87/100|[from] Recoil\n|\n|-weather|SunnyDay|[upkeep]\n|upkeep\n|\n|t:|1775914620\n|switch|p1b: Kingambit|Kingambit, L50, M|100/100\n|turn|6\n|j| angeallen455\n|\n|t:|1775914636\n|move|p2a: Garchomp|Protect|p2a: Garchomp\n|-singleturn|p2a: Garchomp|Protect\n|move|p1b: Kingambit|Sucker Punch||[still]\n|-fail|p1b: Kingambit\n|move|p2b: Sneasler|Close Combat|p1b: Kingambit\n|-supereffective|p1b: Kingambit|2\n|-enditem|p1b: Kingambit|Chople Berry|[eat]\n|-enditem|p1b: Kingambit|Chople Berry|[weaken]\n|-damage|p1b: Kingambit|13/100\n|-unboost|p2b: Sneasler|def|1\n|-unboost|p2b: Sneasler|spd|1\n|move|p1a: Incineroar|Flare Blitz|p2b: Sneasler\n|-damage|p2b: Sneasler|0 fnt\n|faint|p2b: Sneasler\n|-damage|p1a: Incineroar|71/100|[from] Recoil\n|\n|-weather|SunnyDay|[upkeep]\n|upkeep\n|\n|t:|1775914649\n|switch|p2b: Gardevoir|Gardevoir, L50, F, shiny|100/100\n|-ability|p2b: Gardevoir|Defiant|Trace|[from] ability: Trace|[of] p1b: Kingambit\n|turn|7\n|\n|t:|1775914660\n|switch|p2a: Rotom|Rotom-Wash, L50|100/100\n|detailschange|p2b: Gardevoir|Gardevoir-Mega, L50, F, shiny\n|-mega|p2b: Gardevoir|Gardevoir|Gardevoirite\n|move|p1b: Kingambit|Sucker Punch||[still]\n|-fail|p1b: Kingambit\n|move|p2b: Gardevoir|Hyper Voice|p1b: Kingambit|[spread] p1a,p1b\n|-damage|p1a: Incineroar|20/100\n|-damage|p1b: Kingambit|0 fnt\n|-enditem|p1a: Incineroar|Sitrus Berry|[eat]\n|-heal|p1a: Incineroar|45/100|[from] item: Sitrus Berry\n|faint|p1b: Kingambit\n|move|p1a: Incineroar|Flare Blitz|p2b: Gardevoir\n|-damage|p2b: Gardevoir|0 fnt\n|faint|p2b: Gardevoir\n|-damage|p1a: Incineroar|20/100|[from] Recoil\n|\n|-weather|SunnyDay|[upkeep]\n|upkeep\n|\n|t:|1775914668\n|switch|p2b: Garchomp|Garchomp, L50, F|2/100\n|turn|8\n|\n|t:|1775914678\n|move|p2a: Rotom|Thunderbolt|p1a: Incineroar\n|-damage|p1a: Incineroar|0 fnt\n|faint|p1a: Incineroar\n|\n|win|pits fiend\n",
  "uploadtime": 1775914678,
  "views": 11,
  "formatid": "gen9championsvgc2026regma",
  "rating": null,
  "private": 0,
  "password": null
}