{
  "id": "gen9championsvgc2026regma-2584296737",
  "format": "[Gen 9 Champions] VGC 2026 Reg M-A",
  "players": [
    "PowLarBeam",
    "Zhi2"
  ],
  "log": "|j|\u2606PowLarBeam\n|j|\u2606Zhi2\n|t:|1776248383\n|gametype|doubles\n|player|p1|PowLarBeam|veteran|1095\n|player|p2|Zhi2|266|1083\n|gen|9\n|tier|[Gen 9 Champions] VGC 2026 Reg M-A\n|rated|\n|rule|Species Clause: Limit one of each Pok\u00e9mon\n|rule|Item Clause: Limit 1 of each item\n|clearpoke\n|poke|p1|Farigiraf, L50, M|\n|poke|p1|Incineroar, L50, F|\n|poke|p1|Torkoal, L50, F|\n|poke|p1|Crabominable, L50, F|\n|poke|p1|Basculegion, L50, M|\n|poke|p1|Ninetales-Alola, L50, M|\n|poke|p2|Pelipper, L50, F|\n|poke|p2|Blastoise, L50, F|\n|poke|p2|Starmie, L50|\n|poke|p2|Sinistcha, L50|\n|poke|p2|Kingambit, L50, M|\n|poke|p2|Garchomp, L50, F|\n|teampreview|4\n|\n|t:|1776248480\n|teamsize|p1|4\n|teamsize|p2|4\n|start\n|switch|p1a: Farigiraf|Farigiraf, L50, M|100/100\n|switch|p1b: Incineroar|Incineroar, L50, F|100/100\n|switch|p2a: Kingambit|Kingambit, L50, M|100/100\n|switch|p2b: Garchomp|Garchomp, L50, F|100/100\n|-ability|p1b: Incineroar|Intimidate|boost\n|-unboost|p2a: Kingambit|atk|1\n|-ability|p2a: Kingambit|Defiant|boost\n|-boost|p2a: Kingambit|atk|2\n|-unboost|p2b: Garchomp|atk|1\n|turn|1\n|\n|t:|1776248503\n|move|p1b: Incineroar|Fake Out|p2a: Kingambit\n|-resisted|p2a: Kingambit|1\n|-damage|p2a: Kingambit|97/100\n|move|p2b: Garchomp|Rock Slide|p1a: Farigiraf|[spread] p1a,p1b\n|-supereffective|p1b: Incineroar|1\n|-damage|p1a: Farigiraf|89/100\n|-damage|p1b: Incineroar|75/100\n|cant|p2a: Kingambit|flinch\n|move|p1a: Farigiraf|Trick Room|p1a: Farigiraf\n|-fieldstart|move: Trick Room|[of] p1a: Farigiraf\n|\n|upkeep\n|turn|2\n|\n|t:|1776248536\n|switch|p2b: Sinistcha|Sinistcha, L50|100/100\n|-heal|p2a: Kingambit|100/100|[from] ability: Hospitality|[of] p2b: Sinistcha\n|move|p1a: Farigiraf|Helping Hand|p1b: Incineroar\n|-singleturn|p1b: Incineroar|Helping Hand|[of] p1a: Farigiraf\n|move|p2a: Kingambit|Brick Break|p1b: Incineroar\n|-supereffective|p1b: Incineroar|1\n|-enditem|p1b: Incineroar|Chople Berry|[eat]\n|-enditem|p1b: Incineroar|Chople Berry|[weaken]\n|-damage|p1b: Incineroar|38/100\n|move|p1b: Incineroar|Flare Blitz|p2a: Kingambit\n|-supereffective|p2a: Kingambit|1\n|-damage|p2a: Kingambit|0 fnt\n|faint|p2a: Kingambit\n|-damage|p1b: Incineroar|4/100|[from] Recoil\n|\n|upkeep\n|\n|t:|1776248553\n|switch|p2a: Starmie|Starmie, L50|100/100\n|turn|3\n|\n|t:|1776248572\n|detailschange|p2a: Starmie|Starmie-Mega, L50\n|-mega|p2a: Starmie|Starmie|Starminite\n|move|p2b: Sinistcha|Protect|p2b: Sinistcha\n|-singleturn|p2b: Sinistcha|Protect\n|move|p1a: Farigiraf|Psychic|p2a: Starmie\n|-resisted|p2a: Starmie|1\n|-damage|p2a: Starmie|80/100\n|-unboost|p2a: Starmie|spd|1\n|move|p1b: Incineroar|Will-O-Wisp|p2a: Starmie\n|-status|p2a: Starmie|brn\n|move|p2a: Starmie|Flip Turn|p1b: Incineroar\n|-supereffective|p1b: Incineroar|1\n|-damage|p1b: Incineroar|0 fnt\n|faint|p1b: Incineroar\n|\n|t:|1776248584\n|switch|p2a: Garchomp|Garchomp, L50, F|100/100|[from] Flip Turn\n|\n|upkeep\n|\n|t:|1776248588\n|switch|p1b: Crabominable|Crabominable, L50, F|100/100\n|turn|4\n|\n|t:|1776248599\n|switch|p2a: Starmie|Starmie-Mega, L50|80/100 brn\n|detailschange|p1b: Crabominable|Crabominable-Mega, L50, F\n|-mega|p1b: Crabominable|Crabominable|Crabominite\n|move|p1b: Crabominable|Ice Hammer|p2a: Starmie|[miss]\n|-miss|p1b: Crabominable|p2a: Starmie\n|move|p1a: Farigiraf|Psychic|p2b: Sinistcha\n|-damage|p2b: Sinistcha|70/100\n|move|p2b: Sinistcha|Trick Room|p2b: Sinistcha\n|-fieldend|move: Trick Room\n|\n|-damage|p2a: Starmie|74/100 brn|[from] brn\n|upkeep\n|turn|5\n|\n|t:|1776248630\n|move|p2a: Starmie|Liquidation|p1b: Crabominable\n|-damage|p1b: Crabominable|73/100\n|-unboost|p1b: Crabominable|def|1\n|move|p2b: Sinistcha|Matcha Gotcha|p1b: Crabominable|[spread] p1b\n|-miss|p2b: Sinistcha|p1a: Farigiraf\n|-damage|p1b: Crabominable|52/100\n|-heal|p2b: Sinistcha|83/100|[from] drain|[of] p1b: Crabominable\n|move|p1a: Farigiraf|Hyper Voice|p2a: Starmie|[spread] p2a\n|-immune|p2b: Sinistcha\n|-damage|p2a: Starmie|45/100 brn\n|move|p1b: Crabominable|Ice Hammer|p2b: Sinistcha\n|-supereffective|p2b: Sinistcha|1\n|-damage|p2b: Sinistcha|0 fnt\n|-unboost|p1b: Crabominable|spe|1\n|faint|p2b: Sinistcha\n|\n|-damage|p2a: Starmie|39/100 brn|[from] brn\n|upkeep\n|\n|t:|1776248645\n|switch|p2b: Garchomp|Garchomp, L50, F|100/100\n|turn|6\n|\n|t:|1776248668\n|move|p1b: Crabominable|Protect|p1b: Crabominable\n|-singleturn|p1b: Crabominable|Protect\n|move|p2b: Garchomp|Rock Slide|p1a: Farigiraf|[spread] p1a\n|-activate|p1b: Crabominable|move: Protect\n|-damage|p1a: Farigiraf|74/100\n|move|p2a: Starmie|Liquidation|p1b: Crabominable\n|-activate|p1b: Crabominable|move: Protect\n|move|p1a: Farigiraf|Trick Room|p1a: Farigiraf\n|-fieldstart|move: Trick Room|[of] p1a: Farigiraf\n|\n|-damage|p2a: Starmie|33/100 brn|[from] brn\n|upkeep\n|turn|7\n|\n|t:|1776248685\n|move|p1b: Crabominable|Ice Hammer|p2b: Garchomp\n|-supereffective|p2b: Garchomp|2\n|-damage|p2b: Garchomp|0 fnt\n|-unboost|p1b: Crabominable|spe|1\n|-damage|p1b: Crabominable|40/100|[from] ability: Rough Skin|[of] p2b: Garchomp\n|faint|p2b: Garchomp\n|move|p1a: Farigiraf|Hyper Voice|p2a: Starmie\n|-damage|p2a: Starmie|0 fnt\n|faint|p2a: Starmie\n|\n|win|PowLarBeam\n|raw|PowLarBeam's rating: 1095 &rarr; <strong>1120</strong><br />(+25 for winning)\n|raw|Zhi2's rating: 1083 &rarr; <strong>1061</strong><br />(-22 for losing)\n",
  "uploadtime": 1776248691,
  "views": 18,
  "formatid": "gen9championsvgc2026regma",
  "rating": 1061,
  "private": 0,
  "password": null
}