{
  "id": "gen9championsvgc2026regma-2589424070",
  "format": "[Gen 9 Champions] VGC 2026 Reg M-A",
  "players": [
    "IuseExeggutor",
    "KaueGinoza321"
  ],
  "log": "|j|\u2606IuseExeggutor\n|j|\u2606KaueGinoza321\n|t:|1776721778\n|gametype|doubles\n|player|p1|IuseExeggutor|psychic-gen3rs|1096\n|player|p2|KaueGinoza321|pokemaniac|1052\n|gen|9\n|tier|[Gen 9 Champions] VGC 2026 Reg M-A\n|rated|\n|rule|Species Clause: Limit one of each Pok\u00e9mon\n|rule|Item Clause: Limit 1 of each item\n|clearpoke\n|poke|p1|Whimsicott, L50, F|\n|poke|p1|Tyranitar, L50, M|\n|poke|p1|Incineroar, L50, M|\n|poke|p1|Floette-Eternal, L50, F|\n|poke|p1|Sinistcha, L50|\n|poke|p1|Milotic, L50, M|\n|poke|p2|Gengar, L50, M|\n|poke|p2|Sableye, L50, M|\n|poke|p2|Kingambit, L50, M|\n|poke|p2|Gyarados, L50, M|\n|poke|p2|Pelipper, L50, F|\n|poke|p2|Sinistcha, L50|\n|teampreview|4\n|\n|t:|1776721824\n|teamsize|p1|4\n|teamsize|p2|4\n|start\n|switch|p1a: Whimsicott|Whimsicott, L50, F|100/100\n|switch|p1b: Tyranitar|Tyranitar, L50, M|100/100\n|switch|p2a: Sableye|Sableye, L50, M|100/100\n|switch|p2b: Gengar|Gengar, L50, M|100/100\n|-weather|Sandstorm|[from] ability: Sand Stream|[of] p1b: Tyranitar\n|turn|1\n|inactive|Battle timer is ON: inactive players will automatically lose when time's up. (requested by KaueGinoza321)\n|\n|t:|1776721842\n|detailschange|p2b: Gengar|Gengar-Mega, L50, M\n|-mega|p2b: Gengar|Gengar|Gengarite\n|move|p2a: Sableye|Fake Out|p1b: Tyranitar\n|-resisted|p1b: Tyranitar|1\n|-damage|p1b: Tyranitar|97/100\n|move|p1a: Whimsicott|Tailwind|p1a: Whimsicott\n|-sidestart|p1: IuseExeggutor|move: Tailwind\n|cant|p1b: Tyranitar|flinch\n|move|p2b: Gengar|Perish Song|p2b: Gengar\n|-start|p1a: Whimsicott|perish3|[silent]\n|-start|p1b: Tyranitar|perish3|[silent]\n|-start|p2a: Sableye|perish3|[silent]\n|-start|p2b: Gengar|perish3|[silent]\n|-fieldactivate|move: Perish Song\n|\n|-weather|Sandstorm|[upkeep]\n|-damage|p1a: Whimsicott|95/100|[from] Sandstorm\n|-damage|p2b: Gengar|95/100|[from] Sandstorm\n|-damage|p2a: Sableye|95/100|[from] Sandstorm\n|-start|p1a: Whimsicott|perish3\n|-start|p1b: Tyranitar|perish3\n|-start|p2b: Gengar|perish3\n|-start|p2a: Sableye|perish3\n|upkeep\n|turn|2\n|\n|t:|1776721864\n|move|p2b: Gengar|Protect|p2b: Gengar\n|-singleturn|p2b: Gengar|Protect\n|move|p2a: Sableye|Encore|p1a: Whimsicott\n|-start|p1a: Whimsicott|Encore\n|move|p1a: Whimsicott|Tailwind||[still]\n|-fail|p1a: Whimsicott\n|move|p1b: Tyranitar|Dragon Dance|p1b: Tyranitar\n|-boost|p1b: Tyranitar|atk|1\n|-boost|p1b: Tyranitar|spe|1\n|\n|-weather|Sandstorm|[upkeep]\n|-damage|p1a: Whimsicott|89/100|[from] Sandstorm\n|-damage|p2b: Gengar|89/100|[from] Sandstorm\n|-damage|p2a: Sableye|89/100|[from] Sandstorm\n|-start|p1a: Whimsicott|perish2\n|-start|p1b: Tyranitar|perish2\n|-start|p2b: Gengar|perish2\n|-start|p2a: Sableye|perish2\n|upkeep\n|turn|3\n|c|\u2606IuseExeggutor|stop\n|inactive|KaueGinoza321 has 30 seconds left.\n|\n|t:|1776721892\n|switch|p2b: Kingambit|Kingambit, L50, M|100/100\n|move|p1a: Whimsicott|Tailwind||[still]\n|-fail|p1a: Whimsicott\n|move|p1b: Tyranitar|Knock Off|p2b: Kingambit\n|-resisted|p2b: Kingambit|1\n|-damage|p2b: Kingambit|73/100\n|-enditem|p2b: Kingambit|Black Glasses|[from] move: Knock Off|[of] p1b: Tyranitar\n|move|p2a: Sableye|Foul Play|p1b: Tyranitar\n|-resisted|p1b: Tyranitar|1\n|-damage|p1b: Tyranitar|59/100\n|\n|-weather|Sandstorm|[upkeep]\n|-damage|p1a: Whimsicott|83/100|[from] Sandstorm\n|-damage|p2a: Sableye|83/100|[from] Sandstorm\n|-start|p1a: Whimsicott|perish1\n|-start|p1b: Tyranitar|perish1\n|-start|p2a: Sableye|perish1\n|upkeep\n|turn|4\n|c|\u2606IuseExeggutor|why are you playing perish trap if you have enough of a brain to run encore\n|\n|t:|1776721916\n|switch|p1a: Milotic|Milotic, L50, M|100/100\n|switch|p2a: Gengar|Gengar-Mega, L50, M|89/100\n|move|p1b: Tyranitar|High Horsepower|p2b: Kingambit\n|-supereffective|p2b: Kingambit|1\n|-damage|p2b: Kingambit|0 fnt\n|faint|p2b: Kingambit\n|\n|-weather|Sandstorm|[upkeep]\n|-damage|p1a: Milotic|95/100|[from] Sandstorm\n|-damage|p2a: Gengar|83/100|[from] Sandstorm\n|-start|p1b: Tyranitar|perish0\n|-sideend|p1: IuseExeggutor|move: Tailwind\n|upkeep\n|faint|p1b: Tyranitar\n|\n|t:|1776721927\n|switch|p1b: Whimsicott|Whimsicott, L50, F|83/100\n|switch|p2b: Pelipper|Pelipper, L50, F|100/100\n|-weather|RainDance|[from] ability: Drizzle|[of] p2b: Pelipper\n|turn|5\n|\n|t:|1776721939\n|move|p1b: Whimsicott|Tailwind|p1b: Whimsicott\n|-sidestart|p1: IuseExeggutor|move: Tailwind\n|move|p1a: Milotic|Hypnosis|p2a: Gengar\n|-status|p2a: Gengar|slp|[from] move: Hypnosis\n|cant|p2a: Gengar|slp\n|move|p2b: Pelipper|Tailwind|p2b: Pelipper\n|-sidestart|p2: KaueGinoza321|move: Tailwind\n|\n|-weather|RainDance|[upkeep]\n|upkeep\n|turn|6\n|inactive|IuseExeggutor has 30 seconds left.\n|\n|t:|1776721967\n|switch|p2a: Sableye|Sableye, L50, M|83/100\n|move|p1b: Whimsicott|Helping Hand|p1a: Milotic\n|-singleturn|p1a: Milotic|Helping Hand|[of] p1b: Whimsicott\n|move|p1a: Milotic|Scald|p2a: Sableye\n|-damage|p2a: Sableye|0 fnt\n|faint|p2a: Sableye\n|move|p2b: Pelipper|Hurricane|p1b: Whimsicott\n|-supereffective|p1b: Whimsicott|1\n|-damage|p1b: Whimsicott|0 fnt\n|faint|p1b: Whimsicott\n|\n|-weather|RainDance|[upkeep]\n|upkeep\n|\n|t:|1776721988\n|switch|p1b: Floette|Floette-Eternal, L50, F|100/100\n|switch|p2a: Gengar|Gengar-Mega, L50, M|83/100 slp\n|turn|7\n|\n|t:|1776722007\n|detailschange|p1b: Floette|Floette-Mega, L50, F\n|-mega|p1b: Floette|Floette|Floettite\n|-ability|p1b: Floette|Fairy Aura\n|-curestatus|p2a: Gengar|slp|[msg]\n|move|p2a: Gengar|Sludge Wave|p1b: Floette|[spread] p2b,p1a,p1b\n|-supereffective|p1b: Floette|1\n|-damage|p2b: Pelipper|38/100\n|-damage|p1a: Milotic|63/100\n|-damage|p1b: Floette|24/100\n|-enditem|p2b: Pelipper|Sitrus Berry|[eat]\n|-heal|p2b: Pelipper|62/100|[from] item: Sitrus Berry\n|move|p1b: Floette|Calm Mind|p1b: Floette\n|-boost|p1b: Floette|spa|1\n|-boost|p1b: Floette|spd|1\n|move|p1a: Milotic|Scald|p2a: Gengar\n|-damage|p2a: Gengar|6/100\n|move|p2b: Pelipper|Hurricane|p1b: Floette\n|-damage|p1b: Floette|1/100\n|\n|-weather|RainDance|[upkeep]\n|upkeep\n|turn|8\n|c|\u2606IuseExeggutor|no burn\n|\n|t:|1776722030\n|move|p1b: Floette|Protect|p1b: Floette\n|-singleturn|p1b: Floette|Protect\n|move|p2a: Gengar|Sludge Wave|p1b: Floette|[spread] p2b,p1a\n|-activate|p1b: Floette|move: Protect\n|-damage|p2b: Pelipper|4/100\n|-damage|p1a: Milotic|32/100\n|move|p1a: Milotic|Icy Wind|p2b: Pelipper|[spread] p2a,p2b\n|-damage|p2a: Gengar|0 fnt\n|-damage|p2b: Pelipper|0 fnt\n|faint|p2a: Gengar\n|faint|p2b: Pelipper\n|\n|win|IuseExeggutor\n|raw|IuseExeggutor's rating: 1096 &rarr; <strong>1118</strong><br />(+22 for winning)\n|raw|KaueGinoza321's rating: 1052 &rarr; <strong>1036</strong><br />(-16 for losing)\n|l|\u2606KaueGinoza321\n|player|p2|\n",
  "uploadtime": 1776722042,
  "views": 3,
  "formatid": "gen9championsvgc2026regma",
  "rating": 1036,
  "private": 0,
  "password": null
}