{
  "id": "gen9championsvgc2026regma-2588238839",
  "format": "[Gen 9 Champions] VGC 2026 Reg M-A",
  "players": [
    "Yorinobunaga",
    "sdlt 2krl coolguy"
  ],
  "log": "|raw|<div class=\"broadcast-blue\"><strong>This battle is required to be public due to a player having a name starting with 'sdlt'.</div>\n|j|\u2606Yorinobunaga\n|j|\u2606sdlt 2krl coolguy\n|t:|1776617109\n|gametype|doubles\n|player|p1|Yorinobunaga|102|1362\n|player|p2|sdlt 2krl coolguy|leon-masters2|1286\n|gen|9\n|tier|[Gen 9 Champions] VGC 2026 Reg M-A\n|rated|\n|rule|Species Clause: Limit one of each Pok\u00e9mon\n|rule|Item Clause: Limit 1 of each item\n|clearpoke\n|poke|p1|Milotic, L50, F|\n|poke|p1|Ninetales-Alola, L50, M|\n|poke|p1|Incineroar, L50, M|\n|poke|p1|Delphox, L50, M, shiny|\n|poke|p1|Venusaur, L50, M, shiny|\n|poke|p1|Garchomp, L50, F|\n|poke|p2|Floette-Eternal, L50, F|\n|poke|p2|Incineroar, L50, M|\n|poke|p2|Sinistcha, L50|\n|poke|p2|Garchomp, L50, M|\n|poke|p2|Sneasler, L50, M|\n|poke|p2|Kingambit, L50, F|\n|teampreview|4\n|inactive|Battle timer is ON: inactive players will automatically lose when time's up. (requested by sdlt 2krl coolguy)\n|inactive|Yorinobunaga has 60 seconds left.\n|inactive|sdlt 2krl coolguy has 60 seconds left.\n|\n|t:|1776617155\n|teamsize|p1|4\n|teamsize|p2|4\n|start\n|switch|p1a: Delphox|Delphox, L50, M, shiny|100/100\n|switch|p1b: Milotic|Milotic, L50, F|100/100\n|switch|p2a: Incineroar|Incineroar, L50, M|100/100\n|switch|p2b: Floette|Floette-Eternal, L50, F|100/100\n|-ability|p2a: Incineroar|Intimidate|boost\n|-unboost|p1a: Delphox|atk|1\n|-unboost|p1b: Milotic|atk|1\n|-ability|p1b: Milotic|Competitive|boost\n|-boost|p1b: Milotic|spa|2\n|turn|1\n|\n|t:|1776617172\n|detailschange|p1a: Delphox|Delphox-Mega, L50, M, shiny\n|-mega|p1a: Delphox|Delphox|Delphoxite\n|detailschange|p2b: Floette|Floette-Mega, L50, F\n|-mega|p2b: Floette|Floette|Floettite\n|-ability|p2b: Floette|Fairy Aura\n|move|p1a: Delphox|Protect|p1a: Delphox\n|-singleturn|p1a: Delphox|Protect\n|move|p2a: Incineroar|Fake Out|p1b: Milotic\n|-damage|p1b: Milotic|88/100\n|move|p2b: Floette|Calm Mind|p2b: Floette\n|-boost|p2b: Floette|spa|1\n|-boost|p2b: Floette|spd|1\n|cant|p1b: Milotic|flinch\n|\n|-heal|p1b: Milotic|94/100|[from] item: Leftovers\n|upkeep\n|turn|2\n|\n|t:|1776617186\n|move|p1a: Delphox|Substitute|p1a: Delphox\n|-start|p1a: Delphox|Substitute\n|-damage|p1a: Delphox|76/100\n|move|p2b: Floette|Moonblast|p1b: Milotic\n|-damage|p1b: Milotic|5/100\n|move|p1b: Milotic|Icy Wind|p2a: Incineroar|[spread] p2a,p2b\n|-resisted|p2a: Incineroar|1\n|-damage|p2a: Incineroar|89/100\n|-damage|p2b: Floette|88/100\n|-unboost|p2a: Incineroar|spe|1\n|-unboost|p2b: Floette|spe|1\n|move|p2a: Incineroar|Parting Shot|p1a: Delphox\n|-unboost|p1a: Delphox|atk|1\n|-unboost|p1a: Delphox|spa|1\n|\n|t:|1776617196\n|switch|p2a: Kingambit|Kingambit, L50, F|100/100|[from] Parting Shot\n|\n|-heal|p1b: Milotic|11/100|[from] item: Leftovers\n|upkeep\n|turn|3\n|inactive|Yorinobunaga has 30 seconds left.\n|\n|t:|1776617222\n|switch|p1b: Incineroar|Incineroar, L50, M|100/100\n|-ability|p1b: Incineroar|Intimidate|boost\n|-unboost|p2a: Kingambit|atk|1\n|-ability|p2a: Kingambit|Defiant|boost\n|-boost|p2a: Kingambit|atk|2\n|-unboost|p2b: Floette|atk|1\n|move|p1a: Delphox|Protect|p1a: Delphox\n|-singleturn|p1a: Delphox|Protect\n|move|p2a: Kingambit|Protect|p2a: Kingambit\n|-singleturn|p2a: Kingambit|Protect\n|move|p2b: Floette|Dazzling Gleam|p1a: Delphox|[spread] p1b\n|-activate|p1a: Delphox|move: Protect\n|-damage|p1b: Incineroar|29/100\n|-enditem|p1b: Incineroar|Sitrus Berry|[eat]\n|-heal|p1b: Incineroar|54/100|[from] item: Sitrus Berry\n|\n|upkeep\n|turn|4\n|\n|t:|1776617247\n|switch|p2a: Incineroar|Incineroar, L50, M|89/100\n|-ability|p2a: Incineroar|Intimidate|boost\n|-immune|p1a: Delphox\n|-unboost|p1b: Incineroar|atk|1\n|move|p1b: Incineroar|Fake Out|p2b: Floette\n|-damage|p2b: Floette|81/100\n|move|p1a: Delphox|Heat Wave|p2a: Incineroar|[spread] p2b\n|-miss|p1a: Delphox|p2a: Incineroar\n|-damage|p2b: Floette|67/100\n|cant|p2b: Floette|flinch\n|\n|upkeep\n|turn|5\n|\n|t:|1776617265\n|move|p1a: Delphox|Heat Wave|p2b: Floette|[spread] p2a\n|-miss|p1a: Delphox|p2b: Floette\n|-resisted|p2a: Incineroar|1\n|-damage|p2a: Incineroar|76/100\n|move|p2a: Incineroar|Darkest Lariat|p1a: Delphox\n|-supereffective|p1a: Delphox|1\n|-end|p1a: Delphox|Substitute\n|move|p2b: Floette|Calm Mind|p2b: Floette\n|-boost|p2b: Floette|spa|1\n|-boost|p2b: Floette|spd|1\n|move|p1b: Incineroar|Parting Shot|p2b: Floette\n|-unboost|p2b: Floette|atk|1\n|-unboost|p2b: Floette|spa|1\n|\n|t:|1776617272\n|switch|p1b: Milotic|Milotic, L50, F|11/100|[from] Parting Shot\n|\n|-heal|p1b: Milotic|16/100|[from] item: Leftovers\n|upkeep\n|turn|6\n|\n|t:|1776617287\n|switch|p1a: Incineroar|Incineroar, L50, M|54/100\n|-ability|p1a: Incineroar|Intimidate|boost\n|-unboost|p2a: Incineroar|atk|1\n|-unboost|p2b: Floette|atk|1\n|move|p1b: Milotic|Recover|p1b: Milotic\n|-heal|p1b: Milotic|67/100\n|move|p2a: Incineroar|Darkest Lariat|p1a: Incineroar\n|-resisted|p1a: Incineroar|1\n|-damage|p1a: Incineroar|47/100\n|move|p2b: Floette|Dazzling Gleam|p1a: Incineroar|[spread] p1a,p1b\n|-damage|p1a: Incineroar|0 fnt\n|-damage|p1b: Milotic|12/100\n|faint|p1a: Incineroar\n|\n|-heal|p1b: Milotic|18/100|[from] item: Leftovers\n|upkeep\n|\n|t:|1776617294\n|switch|p1a: Ninetales|Ninetales-Alola, L50, M|100/100\n|-weather|Snowscape|[from] ability: Snow Warning|[of] p1a: Ninetales\n|turn|7\n|\n|t:|1776617304\n|move|p1a: Ninetales|Aurora Veil|p1a: Ninetales\n|-sidestart|p1: Yorinobunaga|move: Aurora Veil\n|move|p1b: Milotic|Recover|p1b: Milotic\n|-heal|p1b: Milotic|68/100\n|move|p2a: Incineroar|Flare Blitz|p1a: Ninetales\n|-supereffective|p1a: Ninetales|1\n|-damage|p1a: Ninetales|58/100\n|-damage|p2a: Incineroar|65/100|[from] Recoil\n|move|p2b: Floette|Moonblast|p1b: Milotic\n|-damage|p1b: Milotic|12/100\n|\n|-weather|Snowscape|[upkeep]\n|-heal|p1b: Milotic|18/100|[from] item: Leftovers\n|upkeep\n|turn|8\n|\n|t:|1776617318\n|move|p1a: Ninetales|Blizzard|p2b: Floette|[spread] p2a,p2b\n|-resisted|p2a: Incineroar|1\n|-damage|p2a: Incineroar|50/100\n|-damage|p2b: Floette|55/100\n|move|p1b: Milotic|Recover|p1b: Milotic\n|-heal|p1b: Milotic|68/100\n|move|p2a: Incineroar|Parting Shot|p1a: Ninetales\n|-unboost|p1a: Ninetales|atk|1\n|-unboost|p1a: Ninetales|spa|1\n|\n|t:|1776617326\n|switch|p2a: Sneasler|Sneasler, L50, M|100/100|[from] Parting Shot\n|move|p2b: Floette|Dazzling Gleam|p1a: Ninetales|[spread] p1a,p1b\n|-damage|p1a: Ninetales|0 fnt\n|-damage|p1b: Milotic|33/100\n|faint|p1a: Ninetales\n|\n|-weather|Snowscape|[upkeep]\n|-heal|p1b: Milotic|39/100|[from] item: Leftovers\n|upkeep\n|\n|t:|1776617329\n|switch|p1a: Delphox|Delphox-Mega, L50, M, shiny|76/100\n|turn|9\n|\n|t:|1776617336\n|move|p2a: Sneasler|Fake Out|p1a: Delphox\n|-damage|p1a: Delphox|61/100\n|cant|p1a: Delphox|flinch\n|move|p1b: Milotic|Scald|p2b: Floette\n|-damage|p2b: Floette|42/100\n|move|p2b: Floette|Moonblast|p1b: Milotic\n|-damage|p1b: Milotic|0 fnt\n|faint|p1b: Milotic\n|\n|-weather|Snowscape|[upkeep]\n|upkeep\n|turn|10\n|-message|Yorinobunaga forfeited.\n|\n|win|sdlt 2krl coolguy\n|raw|Yorinobunaga's rating: 1362 &rarr; <strong>1338</strong><br />(-24 for losing)\n|raw|sdlt 2krl coolguy's rating: 1286 &rarr; <strong>1316</strong><br />(+30 for winning)\n",
  "uploadtime": 1776617339,
  "views": 11,
  "formatid": "gen9championsvgc2026regma",
  "rating": 1316,
  "private": 0,
  "password": null
}