{
  "id": "gen9championsvgc2026regma-2581026759",
  "format": "[Gen 9 Champions] VGC 2026 Reg M-A",
  "players": [
    "fineluhshyt",
    "bdb3000"
  ],
  "log": "|j|\u2606fineluhshyt\n|j|\u2606bdb3000\n|t:|1775952985\n|gametype|doubles\n|player|p1|fineluhshyt|102|1054\n|player|p2|bdb3000|102|1109\n|gen|9\n|tier|[Gen 9 Champions] VGC 2026 Reg M-A\n|rated|\n|rule|Species Clause: Limit one of each Pok\u00e9mon\n|rule|Item Clause: Limit 1 of each item\n|clearpoke\n|poke|p1|Gliscor, L50, F|\n|poke|p1|Tyranitar, L50, M|\n|poke|p1|Heliolisk, L50, M|\n|poke|p1|Empoleon, L50, F|\n|poke|p1|Clefable, L50, M|\n|poke|p1|Arcanine-Hisui, L50, F|\n|poke|p2|Charizard, L50, F|\n|poke|p2|Whimsicott, L50, M|\n|poke|p2|Garchomp, L50, M|\n|poke|p2|Sneasler, L50, F|\n|poke|p2|Maushold, L50|\n|poke|p2|Incineroar, L50, F|\n|teampreview|4\n|\n|t:|1775953016\n|teamsize|p1|4\n|teamsize|p2|4\n|start\n|switch|p1a: Heliot Emil|Heliolisk, L50, M|100/100\n|switch|p1b: Terrence|Gliscor, L50, F|100/100\n|switch|p2a: Charizard|Charizard, L50, F|100/100\n|switch|p2b: Whimsicott|Whimsicott, L50, M|100/100\n|turn|1\n|\n|t:|1775953044\n|detailschange|p2a: Charizard|Charizard-Mega-Y, L50, F\n|-mega|p2a: Charizard|Charizard|Charizardite Y\n|-weather|SunnyDay|[from] ability: Drought|[of] p2a: Charizard\n|move|p2b: Whimsicott|Tailwind|p2b: Whimsicott\n|-sidestart|p2: bdb3000|move: Tailwind\n|move|p2a: Charizard|Heat Wave|p1b: Terrence|[spread] p1a,p1b\n|-damage|p1a: Heliot Emil|10/100\n|-damage|p1b: Terrence|17/100\n|move|p1a: Heliot Emil|Discharge|p2a: Charizard|[spread] p2a,p2b\n|-immune|p1b: Terrence\n|-supereffective|p2a: Charizard|1\n|-crit|p2a: Charizard\n|-resisted|p2b: Whimsicott|1\n|-damage|p2a: Charizard|23/100\n|-damage|p2b: Whimsicott|79/100\n|-status|p2a: Charizard|par\n|move|p1b: Terrence|Swords Dance|p1b: Terrence\n|-boost|p1b: Terrence|atk|2\n|\n|-weather|SunnyDay|[upkeep]\n|upkeep\n|turn|2\n|\n|t:|1775953065\n|move|p1b: Terrence|Protect|p1b: Terrence\n|-singleturn|p1b: Terrence|Protect\n|move|p2b: Whimsicott|Sunny Day||[still]\n|-fail|p2b: Whimsicott\n|move|p1a: Heliot Emil|Volt Switch|p2a: Charizard\n|-supereffective|p2a: Charizard|1\n|-damage|p2a: Charizard|0 fnt\n|faint|p2a: Charizard\n|\n|t:|1775953075\n|switch|p1a: The Tower|Tyranitar, L50, M|100/100|[from] Volt Switch\n|-weather|Sandstorm|[from] ability: Sand Stream|[of] p1a: The Tower\n|\n|-weather|Sandstorm|[upkeep]\n|-damage|p2b: Whimsicott|73/100|[from] Sandstorm\n|upkeep\n|\n|t:|1775953083\n|switch|p2a: Incineroar|Incineroar, L50, F|100/100\n|-ability|p2a: Incineroar|Intimidate|boost\n|-unboost|p1a: The Tower|atk|1\n|-unboost|p1b: Terrence|atk|1\n|turn|3\n|\n|t:|1775953108\n|move|p2a: Incineroar|Fake Out|p1a: The Tower\n|-resisted|p1a: The Tower|1\n|-damage|p1a: The Tower|96/100\n|move|p2b: Whimsicott|Moonblast|p1b: Terrence|[miss]\n|-miss|p2b: Whimsicott|p1b: Terrence\n|move|p1b: Terrence|Ice Fang|p2b: Whimsicott\n|-supereffective|p2b: Whimsicott|1\n|-damage|p2b: Whimsicott|0 fnt\n|faint|p2b: Whimsicott\n|cant|p1a: The Tower|flinch\n|\n|-weather|Sandstorm|[upkeep]\n|-damage|p2a: Incineroar|95/100|[from] Sandstorm\n|upkeep\n|\n|t:|1775953127\n|switch|p2b: Sneasler|Sneasler, L50, F|100/100\n|turn|4\n|\n|t:|1775953137\n|move|p1b: Terrence|Protect|p1b: Terrence\n|-singleturn|p1b: Terrence|Protect\n|move|p1a: The Tower|Protect|p1a: The Tower\n|-singleturn|p1a: The Tower|Protect\n|move|p2b: Sneasler|Close Combat|p1a: The Tower\n|-activate|p1a: The Tower|move: Protect\n|move|p2a: Incineroar|Darkest Lariat|p1b: Terrence\n|-activate|p1b: Terrence|move: Protect\n|\n|-weather|Sandstorm|[upkeep]\n|-damage|p2b: Sneasler|95/100|[from] Sandstorm\n|-damage|p2a: Incineroar|89/100|[from] Sandstorm\n|-sideend|p2: bdb3000|move: Tailwind\n|upkeep\n|turn|5\n|\n|t:|1775953155\n|switch|p1a: Madoka|Clefable, L50, M|100/100\n|move|p2b: Sneasler|Close Combat|p1a: Madoka\n|-resisted|p1a: Madoka|1\n|-damage|p1a: Madoka|75/100\n|-unboost|p2b: Sneasler|def|1\n|-unboost|p2b: Sneasler|spd|1\n|-enditem|p2b: Sneasler|White Herb\n|-clearnegativeboost|p2b: Sneasler|[silent]\n|move|p1b: Terrence|Earthquake|p2b: Sneasler|[spread] p1a,p2a,p2b\n|-supereffective|p2a: Incineroar|1\n|-supereffective|p2b: Sneasler|1\n|-damage|p1a: Madoka|43/100\n|-damage|p2a: Incineroar|26/100\n|-damage|p2b: Sneasler|0 fnt\n|-enditem|p2a: Incineroar|Sitrus Berry|[eat]\n|-heal|p2a: Incineroar|51/100|[from] item: Sitrus Berry\n|-enditem|p1a: Madoka|Sitrus Berry|[eat]\n|-heal|p1a: Madoka|67/100|[from] item: Sitrus Berry\n|faint|p2b: Sneasler\n|move|p2a: Incineroar|Darkest Lariat|p1b: Terrence\n|-damage|p1b: Terrence|0 fnt\n|faint|p1b: Terrence\n|\n|-weather|Sandstorm|[upkeep]\n|-damage|p2a: Incineroar|45/100|[from] Sandstorm\n|upkeep\n|\n|t:|1775953176\n|switch|p1b: The Tower|Tyranitar, L50, M|96/100\n|turn|6\n|-message|bdb3000 forfeited.\n|\n|win|fineluhshyt\n|raw|fineluhshyt's rating: 1054 &rarr; <strong>1091</strong><br />(+37 for winning)\n|raw|bdb3000's rating: 1109 &rarr; <strong>1080</strong><br />(-29 for losing)\n|l|\u2606fineluhshyt\n|player|p1|\n",
  "uploadtime": 1775953189,
  "views": 42,
  "formatid": "gen9championsvgc2026regma",
  "rating": 1080,
  "private": 0,
  "password": null
}