{
  "id": "gen9championsvgc2026regma-2588074046",
  "format": "[Gen 9 Champions] VGC 2026 Reg M-A",
  "players": [
    "Gallahallt",
    "Jay_Fluxx"
  ],
  "log": "|j|\u2606Gallahallt\n|j|\u2606Jay_Fluxx\n|t:|1776601207\n|gametype|doubles\n|player|p1|Gallahallt|birdkeeper-gen6|1198\n|player|p2|Jay_Fluxx|valerie|1230\n|gen|9\n|tier|[Gen 9 Champions] VGC 2026 Reg M-A\n|rated|\n|rule|Species Clause: Limit one of each Pok\u00e9mon\n|rule|Item Clause: Limit 1 of each item\n|clearpoke\n|poke|p1|Aerodactyl, L50, M|\n|poke|p1|Kommo-o, L50, M|\n|poke|p1|Sinistcha, L50|\n|poke|p1|Arcanine-Hisui, L50, M|\n|poke|p1|Ninetales-Alola, L50, F|\n|poke|p1|Basculegion, L50, M|\n|poke|p2|Crabominable, L50, F, shiny|\n|poke|p2|Vanilluxe, L50, M, shiny|\n|poke|p2|Sneasler, L50, M|\n|poke|p2|Sinistcha-Masterpiece, L50|\n|poke|p2|Incineroar, L50, F|\n|poke|p2|Milotic, L50, M|\n|teampreview|4\n|inactive|Battle timer is ON: inactive players will automatically lose when time's up. (requested by Jay_Fluxx)\nJay_Fluxx has agreed to open team sheets.\n|inactive|Gallahallt has 60 seconds left.\n|\n|t:|1776601244\n|teamsize|p1|4\n|teamsize|p2|4\n|start\n|switch|p1a: Ninetales|Ninetales-Alola, L50, F|100/100\n|switch|p1b: Basculegion|Basculegion, L50, M|100/100\n|switch|p2a: Vanilluxe|Vanilluxe, L50, M, shiny|100/100\n|switch|p2b: Milotic|Milotic, L50, M|100/100\n|-weather|Snowscape|[from] ability: Snow Warning|[of] p1a: Ninetales\n|turn|1\n|\n|t:|1776601254\n|move|p1b: Basculegion|Flip Turn|p2a: Vanilluxe\n|-damage|p2a: Vanilluxe|70/100\n|\n|t:|1776601258\n|switch|p1b: Aerodactyl|Aerodactyl, L50, M|100/100|[from] Flip Turn\n|-ability|p1b: Aerodactyl|Unnerve\n|move|p1a: Ninetales|Aurora Veil|p1a: Ninetales\n|-sidestart|p1: Gallahallt|move: Aurora Veil\n|move|p2b: Milotic|Coil|p2b: Milotic\n|-boost|p2b: Milotic|atk|1\n|-boost|p2b: Milotic|def|1\n|-boost|p2b: Milotic|accuracy|1\n|move|p2a: Vanilluxe|Aurora Veil|p2a: Vanilluxe\n|-sidestart|p2: Jay_Fluxx|move: Aurora Veil\n|\n|-weather|Snowscape|[upkeep]\n|upkeep\n|turn|2\n|\n|t:|1776601276\n|detailschange|p1b: Aerodactyl|Aerodactyl-Mega, L50, M\n|-mega|p1b: Aerodactyl|Aerodactyl|Aerodactylite\n|move|p1b: Aerodactyl|Rock Slide|p2a: Vanilluxe|[spread] p2a,p2b\n|-supereffective|p2a: Vanilluxe|1\n|-damage|p2a: Vanilluxe|40/100\n|-damage|p2b: Milotic|87/100\n|-enditem|p2a: Vanilluxe|Sitrus Berry|[eat]\n|-heal|p2a: Vanilluxe|65/100|[from] item: Sitrus Berry\n|move|p1a: Ninetales|Freeze-Dry|p2b: Milotic\n|-supereffective|p2b: Milotic|1\n|-damage|p2b: Milotic|67/100\n|cant|p2b: Milotic|flinch\n|move|p2a: Vanilluxe|Blizzard|p1a: Ninetales|[spread] p1a,p1b\n|-resisted|p1a: Ninetales|1\n|-supereffective|p1b: Aerodactyl|1\n|-damage|p1a: Ninetales|89/100\n|-damage|p1b: Aerodactyl|54/100\n|-status|p1b: Aerodactyl|frz\n|\n|-weather|Snowscape|[upkeep]\n|-heal|p2b: Milotic|73/100|[from] item: Leftovers\n|upkeep\n|turn|3\n|\n|t:|1776601295\n|cant|p1b: Aerodactyl|frz\n|move|p1a: Ninetales|Freeze-Dry|p2b: Milotic\n|-supereffective|p2b: Milotic|1\n|-damage|p2b: Milotic|55/100\n|move|p2b: Milotic|Coil|p2b: Milotic\n|-boost|p2b: Milotic|atk|1\n|-boost|p2b: Milotic|def|1\n|-boost|p2b: Milotic|accuracy|1\n|move|p2a: Vanilluxe|Blizzard|p1b: Aerodactyl|[spread] p1a,p1b\n|-resisted|p1a: Ninetales|1\n|-supereffective|p1b: Aerodactyl|1\n|-damage|p1a: Ninetales|76/100\n|-damage|p1b: Aerodactyl|4/100 frz\n|\n|-weather|Snowscape|[upkeep]\n|-heal|p2b: Milotic|61/100|[from] item: Leftovers\n|upkeep\n|turn|4\n|\n|t:|1776601309\n|move|p2b: Milotic|Protect|p2b: Milotic\n|-singleturn|p2b: Milotic|Protect\n|-curestatus|p1b: Aerodactyl|frz|[msg]\n|move|p1b: Aerodactyl|Rock Slide|p2a: Vanilluxe|[spread] p2a\n|-activate|p2b: Milotic|move: Protect\n|-supereffective|p2a: Vanilluxe|1\n|-damage|p2a: Vanilluxe|34/100\n|move|p1a: Ninetales|Freeze-Dry|p2b: Milotic\n|-activate|p2b: Milotic|move: Protect\n|cant|p2a: Vanilluxe|flinch\n|\n|-weather|Snowscape|[upkeep]\n|-heal|p2b: Milotic|67/100|[from] item: Leftovers\n|upkeep\n|turn|5\n|\n|t:|1776601327\n|switch|p2a: Sinistcha|Sinistcha-Masterpiece, L50|100/100\n|-heal|p2b: Milotic|92/100|[from] ability: Hospitality|[of] p2a: Sinistcha\n|move|p1b: Aerodactyl|Rock Slide|p2a: Sinistcha|[spread] p2a,p2b\n|-damage|p2a: Sinistcha|85/100\n|-damage|p2b: Milotic|80/100\n|move|p1a: Ninetales|Freeze-Dry|p2b: Milotic\n|-supereffective|p2b: Milotic|1\n|-damage|p2b: Milotic|58/100\n|move|p2b: Milotic|Muddy Water|p1a: Ninetales|[spread] p1a,p1b\n|-supereffective|p1b: Aerodactyl|1\n|-damage|p1a: Ninetales|57/100\n|-damage|p1b: Aerodactyl|0 fnt\n|faint|p1b: Aerodactyl\n|\n|-weather|none\n|-heal|p2b: Milotic|64/100|[from] item: Leftovers\n|-sideend|p1: Gallahallt|move: Aurora Veil\n|-sideend|p2: Jay_Fluxx|move: Aurora Veil\n|upkeep\n|\n|t:|1776601339\n|switch|p1b: Kommo-o|Kommo-o, L50, M|100/100\n|turn|6\n|\n|t:|1776601349\n|move|p2a: Sinistcha|Rage Powder|p2a: Sinistcha\n|-singleturn|p2a: Sinistcha|move: Rage Powder\n|move|p1a: Ninetales|Freeze-Dry|p2a: Sinistcha\n|-supereffective|p2a: Sinistcha|1\n|-damage|p2a: Sinistcha|27/100\n|move|p1b: Kommo-o|Iron Defense|p1b: Kommo-o\n|-boost|p1b: Kommo-o|def|2\n|move|p2b: Milotic|Hypnosis|p1b: Kommo-o\n|-status|p1b: Kommo-o|slp|[from] move: Hypnosis\n|\n|-heal|p2b: Milotic|70/100|[from] item: Leftovers\n|upkeep\n|turn|7\n|\n|t:|1776601368\n|move|p1a: Ninetales|Freeze-Dry|p2a: Sinistcha\n|-supereffective|p2a: Sinistcha|1\n|-damage|p2a: Sinistcha|0 fnt\n|faint|p2a: Sinistcha\n|cant|p1b: Kommo-o|slp\n|move|p2b: Milotic|Hypnosis|p1a: Ninetales\n|-status|p1a: Ninetales|slp|[from] move: Hypnosis\n|\n|-heal|p2b: Milotic|76/100|[from] item: Leftovers\n|upkeep\n|\n|t:|1776601376\n|switch|p2a: Vanilluxe|Vanilluxe, L50, M, shiny|34/100\n|-weather|Snowscape|[from] ability: Snow Warning|[of] p2a: Vanilluxe\n|turn|8\n|\n|t:|1776601381\n|cant|p1a: Ninetales|slp\n|cant|p1b: Kommo-o|slp\n|move|p2b: Milotic|Muddy Water|p1a: Ninetales|[spread] p1a,p1b\n|-resisted|p1b: Kommo-o|1\n|-damage|p1a: Ninetales|30/100 slp\n|-damage|p1b: Kommo-o|91/100 slp\n|move|p2a: Vanilluxe|Aurora Veil|p2a: Vanilluxe\n|-sidestart|p2: Jay_Fluxx|move: Aurora Veil\n|\n|-weather|Snowscape|[upkeep]\n|-heal|p1b: Kommo-o|97/100 slp|[from] item: Leftovers\n|-heal|p2b: Milotic|82/100|[from] item: Leftovers\n|upkeep\n|turn|9\n|\n|t:|1776601390\n|cant|p1a: Ninetales|slp\n|-curestatus|p1b: Kommo-o|slp|[msg]\n|move|p1b: Kommo-o|Body Press|p2a: Vanilluxe\n|-supereffective|p2a: Vanilluxe|1\n|-damage|p2a: Vanilluxe|0 fnt\n|faint|p2a: Vanilluxe\n|move|p2b: Milotic|Muddy Water|p1b: Kommo-o|[spread] p1a,p1b\n|-resisted|p1b: Kommo-o|1\n|-damage|p1a: Ninetales|4/100 slp\n|-damage|p1b: Kommo-o|86/100\n|-unboost|p1b: Kommo-o|accuracy|1\n|\n|-weather|Snowscape|[upkeep]\n|-heal|p1b: Kommo-o|92/100|[from] item: Leftovers\n|-heal|p2b: Milotic|88/100|[from] item: Leftovers\n|upkeep\n|\n|t:|1776601402\n|switch|p2a: Crabominable|Crabominable, L50, F, shiny|100/100\n|turn|10\n|\n|t:|1776601409\n|detailschange|p2a: Crabominable|Crabominable-Mega, L50, F, shiny\n|-mega|p2a: Crabominable|Crabominable|Crabominite\n|-curestatus|p1a: Ninetales|slp|[msg]\n|move|p1a: Ninetales|Aurora Veil|p1a: Ninetales\n|-sidestart|p1: Gallahallt|move: Aurora Veil\n|move|p1b: Kommo-o|Body Press|p2a: Crabominable|[miss]\n|-miss|p1b: Kommo-o|p2a: Crabominable\n|move|p2b: Milotic|Muddy Water|p1a: Ninetales|[spread] p1a,p1b\n|-resisted|p1b: Kommo-o|1\n|-damage|p1a: Ninetales|0 fnt\n|-damage|p1b: Kommo-o|85/100\n|-unboost|p1b: Kommo-o|accuracy|1\n|faint|p1a: Ninetales\n|move|p2a: Crabominable|Ice Hammer|p1b: Kommo-o|[miss]\n|-miss|p2a: Crabominable|p1b: Kommo-o\n|\n|-weather|Snowscape|[upkeep]\n|-heal|p1b: Kommo-o|91/100|[from] item: Leftovers\n|-heal|p2b: Milotic|94/100|[from] item: Leftovers\n|upkeep\n|\n|t:|1776601416\n|switch|p1a: Basculegion|Basculegion, L50, M|100/100\n|turn|11\n|\n|t:|1776601433\n|move|p2a: Crabominable|Protect|p2a: Crabominable\n|-singleturn|p2a: Crabominable|Protect\n|move|p1a: Basculegion|Last Respects|p2a: Crabominable\n|-activate|p2a: Crabominable|move: Protect\n|move|p1b: Kommo-o|Body Press|p2a: Crabominable\n|-activate|p2a: Crabominable|move: Protect\n|move|p2b: Milotic|Hypnosis|p1a: Basculegion\n|-status|p1a: Basculegion|slp|[from] move: Hypnosis\n|\n|-weather|Snowscape|[upkeep]\n|-heal|p1b: Kommo-o|97/100|[from] item: Leftovers\n|-heal|p2b: Milotic|99/100|[from] item: Leftovers\n|upkeep\n|turn|12\n|\n|t:|1776601447\n|cant|p1a: Basculegion|slp\n|move|p1b: Kommo-o|Body Press|p2a: Crabominable|[miss]\n|-miss|p1b: Kommo-o|p2a: Crabominable\n|move|p2b: Milotic|Muddy Water|p1a: Basculegion|[spread] p1a,p1b\n|-resisted|p1a: Basculegion|1\n|-resisted|p1b: Kommo-o|1\n|-damage|p1a: Basculegion|91/100 slp\n|-damage|p1b: Kommo-o|91/100\n|move|p2a: Crabominable|Ice Hammer|p1b: Kommo-o\n|-supereffective|p1b: Kommo-o|1\n|-damage|p1b: Kommo-o|64/100\n|-unboost|p2a: Crabominable|spe|1\n|\n|-weather|none\n|-heal|p1b: Kommo-o|70/100|[from] item: Leftovers\n|-heal|p2b: Milotic|100/100|[from] item: Leftovers\n|-sideend|p2: Jay_Fluxx|move: Aurora Veil\n|upkeep\n|turn|13\n|\n|t:|1776601466\n|-curestatus|p1a: Basculegion|slp|[msg]\n|move|p1a: Basculegion|Last Respects|p2b: Milotic\n|-damage|p2b: Milotic|50/100\n|move|p1b: Kommo-o|Body Press|p2a: Crabominable\n|-supereffective|p2a: Crabominable|1\n|-damage|p2a: Crabominable|0 fnt\n|faint|p2a: Crabominable\n|move|p2b: Milotic|Hypnosis|p1b: Kommo-o\n|-status|p1b: Kommo-o|slp|[from] move: Hypnosis\n|\n|-heal|p1b: Kommo-o|76/100 slp|[from] item: Leftovers\n|-heal|p2b: Milotic|56/100|[from] item: Leftovers\n|upkeep\n|turn|14\n|\n|t:|1776601480\n|move|p1a: Basculegion|Last Respects|p2b: Milotic\n|-damage|p2b: Milotic|9/100\n|cant|p1b: Kommo-o|slp\n|move|p2b: Milotic|Hypnosis|p1a: Basculegion\n|-status|p1a: Basculegion|slp|[from] move: Hypnosis\n|\n|-heal|p1b: Kommo-o|82/100 slp|[from] item: Leftovers\n|-heal|p2b: Milotic|15/100|[from] item: Leftovers\n|-sideend|p1: Gallahallt|move: Aurora Veil\n|upkeep\n|turn|15\n|\n|t:|1776601486\n|cant|p1a: Basculegion|slp\n|-curestatus|p1b: Kommo-o|slp|[msg]\n|move|p1b: Kommo-o|Iron Defense|p1b: Kommo-o\n|-boost|p1b: Kommo-o|def|2\n|move|p2b: Milotic|Muddy Water|p1b: Kommo-o|[spread] p1a,p1b\n|-resisted|p1a: Basculegion|1\n|-resisted|p1b: Kommo-o|1\n|-damage|p1a: Basculegion|77/100 slp\n|-damage|p1b: Kommo-o|72/100\n|-unboost|p1a: Basculegion|accuracy|1\n|\n|-heal|p1b: Kommo-o|78/100|[from] item: Leftovers\n|-heal|p2b: Milotic|21/100|[from] item: Leftovers\n|upkeep\n|turn|16\n|\n|t:|1776601499\n|-curestatus|p1a: Basculegion|slp|[msg]\n|move|p1a: Basculegion|Last Respects|p2b: Milotic\n|-damage|p2b: Milotic|0 fnt\n|faint|p2b: Milotic\n|\n|win|Gallahallt\n|raw|Gallahallt's rating: 1198 &rarr; <strong>1225</strong><br />(+27 for winning)\n|raw|Jay_Fluxx's rating: 1230 &rarr; <strong>1203</strong><br />(-27 for losing)\n|l|\u2606Jay_Fluxx\n|player|p2|\n",
  "uploadtime": 1776601527,
  "views": 12,
  "formatid": "gen9championsvgc2026regma",
  "rating": 1203,
  "private": 0,
  "password": null
}