{
  "id": "gen9championsvgc2026regma-2585971290",
  "format": "[Gen 9 Champions] VGC 2026 Reg M-A",
  "players": [
    "darthmorton",
    "proph3t_shin"
  ],
  "log": "|j|\u2606darthmorton\n|j|\u2606proph3t_shin\n|t:|1776386315\n|gametype|doubles\n|player|p1|darthmorton|dragontamer|1114\n|player|p2|proph3t_shin|1|1063\n|gen|9\n|tier|[Gen 9 Champions] VGC 2026 Reg M-A\n|rated|\n|rule|Species Clause: Limit one of each Pok\u00e9mon\n|rule|Item Clause: Limit 1 of each item\n|clearpoke\n|poke|p1|Incineroar, L50, M|\n|poke|p1|Sinistcha, L50|\n|poke|p1|Sneasler, L50, M|\n|poke|p1|Milotic, L50, M|\n|poke|p1|Scizor, L50, F|\n|poke|p1|Tyranitar, L50, F|\n|poke|p2|Gengar, L50, F|\n|poke|p2|Incineroar, L50, M|\n|poke|p2|Sinistcha-Masterpiece, L50|\n|poke|p2|Sneasler, L50, F|\n|poke|p2|Rotom-Wash, L50|\n|poke|p2|Whimsicott, L50, M|\n|teampreview|4\n|inactive|Battle timer is ON: inactive players will automatically lose when time's up. (requested by darthmorton)\n|inactive|proph3t_shin has 60 seconds left.\n|\n|t:|1776386357\n|teamsize|p1|4\n|teamsize|p2|4\n|start\n|switch|p1a: Milotic|Milotic, L50, M|100/100\n|switch|p1b: Scizor|Scizor, L50, F|100/100\n|switch|p2a: Gengar|Gengar, L50, F, shiny|100/100\n|switch|p2b: Sinistcha|Sinistcha-Masterpiece, L50, shiny|100/100\n|turn|1\n|inactive|darthmorton has 30 seconds left.\n|\n|t:|1776386389\n|detailschange|p2a: Gengar|Gengar-Mega, L50, F, shiny\n|-mega|p2a: Gengar|Gengar|Gengarite\n|detailschange|p1b: Scizor|Scizor-Mega, L50, F\n|-mega|p1b: Scizor|Scizor|Scizorite\n|move|p2b: Sinistcha|Rage Powder|p2b: Sinistcha\n|-singleturn|p2b: Sinistcha|move: Rage Powder\n|move|p2a: Gengar|Perish Song|p2a: Gengar\n|-start|p1a: Milotic|perish3|[silent]\n|-start|p1b: Scizor|perish3|[silent]\n|-start|p2a: Gengar|perish3|[silent]\n|-start|p2b: Sinistcha|perish3|[silent]\n|-fieldactivate|move: Perish Song\n|move|p1b: Scizor|Swords Dance|p1b: Scizor\n|-boost|p1b: Scizor|atk|2\n|move|p1a: Milotic|Icy Wind|p2b: Sinistcha|[spread] p2a,p2b\n|-supereffective|p2b: Sinistcha|1\n|-damage|p2a: Gengar|84/100\n|-damage|p2b: Sinistcha|78/100\n|-unboost|p2a: Gengar|spe|1\n|-unboost|p2b: Sinistcha|spe|1\n|\n|-start|p2a: Gengar|perish3\n|-start|p1b: Scizor|perish3\n|-start|p1a: Milotic|perish3\n|-start|p2b: Sinistcha|perish3\n|upkeep\n|turn|2\n|inactive|proph3t_shin has 30 seconds left.\n|\n|t:|1776386416\n|switch|p2b: Whimsicott|Whimsicott, L50, M, shiny|100/100\n|move|p2a: Gengar|Substitute|p2a: Gengar\n|-start|p2a: Gengar|Substitute\n|-damage|p2a: Gengar|59/100\n|move|p1b: Scizor|Dual Wingbeat|p2b: Whimsicott\n|-supereffective|p2b: Whimsicott|1\n|-damage|p2b: Whimsicott|18/100\n|-supereffective|p2b: Whimsicott|1\n|-damage|p2b: Whimsicott|0 fnt\n|faint|p2b: Whimsicott\n|-hitcount|p2: Whimsicott|2\n|move|p1a: Milotic|Scald|p2a: Gengar\n|-end|p2a: Gengar|Substitute\n|\n|-start|p2a: Gengar|perish2\n|-start|p1b: Scizor|perish2\n|-start|p1a: Milotic|perish2\n|upkeep\n|\n|t:|1776386429\n|switch|p2b: Sneasler|Sneasler, L50, F, shiny|100/100\n|turn|3\n|\n|t:|1776386449\n|move|p2a: Gengar|Protect|p2a: Gengar\n|-singleturn|p2a: Gengar|Protect\n|move|p2b: Sneasler|Fake Out|p1b: Scizor\n|-resisted|p1b: Scizor|1\n|-damage|p1b: Scizor|95/100\n|cant|p1b: Scizor|flinch\n|move|p1a: Milotic|Scald|p2a: Gengar\n|-activate|p2a: Gengar|move: Protect\n|\n|-start|p2a: Gengar|perish1\n|-start|p1b: Scizor|perish1\n|-start|p1a: Milotic|perish1\n|upkeep\n|turn|4\n|inactive|proph3t_shin has 30 seconds left.\n|\n|t:|1776386480\n|switch|p2a: Sinistcha|Sinistcha-Masterpiece, L50, shiny|78/100\n|move|p2b: Sneasler|Close Combat|p1b: Scizor\n|-damage|p1b: Scizor|39/100\n|-unboost|p2b: Sneasler|def|1\n|-unboost|p2b: Sneasler|spd|1\n|-enditem|p2b: Sneasler|White Herb\n|-clearnegativeboost|p2b: Sneasler|[silent]\n|move|p1b: Scizor|Dual Wingbeat|p2a: Sinistcha\n|-supereffective|p2a: Sinistcha|1\n|-damage|p2a: Sinistcha|0 fnt\n|faint|p2a: Sinistcha\n|-hitcount|p2: Sinistcha|1\n|move|p1a: Milotic|Icy Wind|p2b: Sneasler\n|-crit|p2b: Sneasler\n|-damage|p2b: Sneasler|72/100\n|-unboost|p2b: Sneasler|spe|1\n|\n|-start|p1b: Scizor|perish0\n|-start|p1a: Milotic|perish0\n|upkeep\n|faint|p1b: Scizor\n|faint|p1a: Milotic\n|\n|t:|1776386498\n|switch|p1b: Sinistcha|Sinistcha, L50|100/100\n|switch|p1a: Incineroar|Incineroar, L50, M|100/100\n|switch|p2a: Gengar|Gengar-Mega, L50, F, shiny|59/100\n|-ability|p1a: Incineroar|Intimidate|boost\n|-unboost|p2a: Gengar|atk|1\n|-unboost|p2b: Sneasler|atk|1\n|turn|5\n|\n|t:|1776386511\n|move|p1a: Incineroar|Fake Out|p2b: Sneasler\n|-damage|p2b: Sneasler|48/100\n|cant|p2b: Sneasler|flinch\n|move|p2a: Gengar|Shadow Ball|p1b: Sinistcha\n|-supereffective|p1b: Sinistcha|1\n|-damage|p1b: Sinistcha|6/100\n|-enditem|p1b: Sinistcha|Sitrus Berry|[eat]\n|-heal|p1b: Sinistcha|31/100|[from] item: Sitrus Berry\n|move|p1b: Sinistcha|Trick Room|p1b: Sinistcha\n|-fieldstart|move: Trick Room|[of] p1b: Sinistcha\n|\n|upkeep\n|turn|6\n|\n|t:|1776386534\n|move|p2a: Gengar|Protect|p2a: Gengar\n|-singleturn|p2a: Gengar|Protect\n|move|p1b: Sinistcha|Life Dew||[still]|[spread] p1a,p1b\n|-fail|p1a: Incineroar|heal\n|-heal|p1b: Sinistcha|56/100\n|move|p1a: Incineroar|Darkest Lariat|p2a: Gengar\n|-activate|p2a: Gengar|move: Protect\n|move|p2b: Sneasler|Close Combat|p1a: Incineroar\n|-supereffective|p1a: Incineroar|1\n|-enditem|p1a: Incineroar|Chople Berry|[eat]\n|-enditem|p1a: Incineroar|Chople Berry|[weaken]\n|-damage|p1a: Incineroar|54/100\n|-unboost|p2b: Sneasler|def|1\n|-unboost|p2b: Sneasler|spd|1\n|\n|upkeep\n|turn|7\n|inactive|proph3t_shin has 30 seconds left.\n|\n|t:|1776386560\n|move|p2a: Gengar|Protect||[still]\n|-fail|p2a: Gengar\n|move|p1b: Sinistcha|Rage Powder|p1b: Sinistcha\n|-singleturn|p1b: Sinistcha|move: Rage Powder\n|move|p1a: Incineroar|Darkest Lariat|p2a: Gengar\n|-supereffective|p2a: Gengar|1\n|-damage|p2a: Gengar|0 fnt\n|faint|p2a: Gengar\n|move|p2b: Sneasler|Close Combat|p1b: Sinistcha\n|-immune|p1b: Sinistcha\n|\n|upkeep\n|turn|8\n|-message|proph3t_shin forfeited.\n|\n|win|darthmorton\n|raw|darthmorton's rating: 1114 &rarr; <strong>1135</strong><br />(+21 for winning)\n|raw|proph3t_shin's rating: 1063 &rarr; <strong>1046</strong><br />(-17 for losing)\n",
  "uploadtime": 1776386574,
  "views": 16,
  "formatid": "gen9championsvgc2026regma",
  "rating": 1046,
  "private": 0,
  "password": null
}