{
  "id": "gen9championsvgc2026regma-2581918645",
  "format": "[Gen 9 Champions] VGC 2026 Reg M-A",
  "players": [
    "Powerdino1215",
    "taterstotz"
  ],
  "log": "|j|\u2606Powerdino1215\n|j|\u203dtaterstotz\n|t:|1776039687\n|gametype|doubles\n|player|p1|Powerdino1215|lucas|1173\n|player|p2|taterstotz|265|1087\n|gen|9\n|tier|[Gen 9 Champions] VGC 2026 Reg M-A\n|rated|\n|rule|Species Clause: Limit one of each Pok\u00e9mon\n|rule|Item Clause: Limit 1 of each item\n|clearpoke\n|poke|p1|Charizard, L50, M|\n|poke|p1|Venusaur, L50, F|\n|poke|p1|Garchomp, L50, M|\n|poke|p1|Rotom-Wash, L50|\n|poke|p1|Sneasler, L50, M|\n|poke|p1|Incineroar, L50, F|\n|poke|p2|Tyranitar, L50, M|\n|poke|p2|Excadrill, L50, M|\n|poke|p2|Farigiraf, L50, M|\n|poke|p2|Sinistcha-Masterpiece, L50|\n|poke|p2|Rotom-Wash, L50|\n|poke|p2|Hawlucha, L50, F|\n|teampreview|4\n|inactive|Battle timer is ON: inactive players will automatically lose when time's up. (requested by Powerdino1215)\n|\n|t:|1776039704\n|teamsize|p1|4\n|teamsize|p2|4\n|start\n|switch|p1a: Charizard|Charizard, L50, M|100/100\n|switch|p1b: Venusaur|Venusaur, L50, F|100/100\n|switch|p2a: Excadrill|Excadrill, L50, M|100/100\n|switch|p2b: Hawlucha|Hawlucha, L50, F|100/100\n|turn|1\n|\n|t:|1776039726\n|switch|p2b: Rotom|Rotom-Wash, L50|100/100\n|detailschange|p1a: Charizard|Charizard-Mega-Y, L50, M\n|-mega|p1a: Charizard|Charizard|Charizardite Y\n|-weather|SunnyDay|[from] ability: Drought|[of] p1a: Charizard\n|move|p2a: Excadrill|Protect|p2a: Excadrill\n|-singleturn|p2a: Excadrill|Protect\n|move|p1b: Venusaur|Sleep Powder|p2b: Rotom|[miss]\n|-miss|p1b: Venusaur|p2b: Rotom\n|move|p1a: Charizard|Heat Wave|p2a: Excadrill|[spread] p2b\n|-activate|p2a: Excadrill|move: Protect\n|-resisted|p2b: Rotom|1\n|-damage|p2b: Rotom|65/100\n|\n|-weather|SunnyDay|[upkeep]\n|-heal|p2b: Rotom|71/100|[from] item: Leftovers\n|upkeep\n|turn|2\n|inactive|taterstotz has 30 seconds left.\n|inactive|Powerdino1215 has 30 seconds left.\n|inactive|taterstotz has 20 seconds left.\n|inactive|taterstotz has 15 seconds left.\n|\n|t:|1776039772\n|switch|p1a: Garchomp|Garchomp, L50, M|100/100\n|switch|p2b: Tyranitar|Tyranitar, L50, M|100/100\n|-weather|Sandstorm|[from] ability: Sand Stream|[of] p2b: Tyranitar\n|move|p2a: Excadrill|Iron Head|p1b: Venusaur\n|-damage|p1b: Venusaur|33/100\n|cant|p1b: Venusaur|flinch\n|\n|-weather|Sandstorm|[upkeep]\n|-damage|p1b: Venusaur|27/100|[from] Sandstorm\n|upkeep\n|turn|3\n|\n|t:|1776039790\n|switch|p2a: Rotom|Rotom-Wash, L50|71/100\n|move|p1b: Venusaur|Protect|p1b: Venusaur\n|-singleturn|p1b: Venusaur|Protect\n|move|p2b: Tyranitar|Protect|p2b: Tyranitar\n|-singleturn|p2b: Tyranitar|Protect\n|move|p1a: Garchomp|Earthquake|p2b: Tyranitar|[spread] \n|-activate|p1b: Venusaur|move: Protect\n|-activate|p2b: Tyranitar|move: Protect\n|-immune|p2a: Rotom|[from] ability: Levitate\n|\n|-weather|Sandstorm|[upkeep]\n|-damage|p2a: Rotom|65/100|[from] Sandstorm\n|-damage|p1b: Venusaur|22/100|[from] Sandstorm\n|-heal|p2a: Rotom|71/100|[from] item: Leftovers\n|upkeep\n|turn|4\n|\n|t:|1776039821\n|switch|p2b: Hawlucha|Hawlucha, L50, F|100/100\n|move|p1a: Garchomp|Earthquake|p2b: Hawlucha|[spread] p1b\n|-immune|p2a: Rotom|[from] ability: Levitate\n|-immune|p2b: Hawlucha\n|-damage|p1b: Venusaur|0 fnt\n|faint|p1b: Venusaur\n|move|p2a: Rotom|Will-O-Wisp|p1a: Garchomp|[miss]\n|-miss|p2a: Rotom|p1a: Garchomp\n|\n|-weather|Sandstorm|[upkeep]\n|-damage|p2b: Hawlucha|95/100|[from] Sandstorm\n|-damage|p2a: Rotom|65/100|[from] Sandstorm\n|-heal|p2a: Rotom|71/100|[from] item: Leftovers\n|upkeep\n|\n|t:|1776039836\n|switch|p1b: Charizard|Charizard-Mega-Y, L50, M|100/100\n|-weather|SunnyDay|[from] ability: Drought|[of] p1b: Charizard\n|turn|5\n|inactive|taterstotz has 30 seconds left.\n|\n|t:|1776039862\n|switch|p1a: Incineroar|Incineroar, L50, F|100/100\n|-ability|p1a: Incineroar|Intimidate|boost\n|-unboost|p2a: Rotom|atk|1\n|-unboost|p2b: Hawlucha|atk|1\n|-enditem|p2b: Hawlucha|White Herb\n|-clearnegativeboost|p2b: Hawlucha|[silent]\n|move|p2b: Hawlucha|Close Combat|p1a: Incineroar\n|-supereffective|p1a: Incineroar|1\n|-damage|p1a: Incineroar|1/100\n|-unboost|p2b: Hawlucha|def|1\n|-unboost|p2b: Hawlucha|spd|1\n|-enditem|p1a: Incineroar|Sitrus Berry|[eat]\n|-heal|p1a: Incineroar|26/100|[from] item: Sitrus Berry\n|move|p1b: Charizard|Heat Wave|p2a: Rotom|[spread] p2a,p2b\n|-resisted|p2a: Rotom|1\n|-damage|p2a: Rotom|37/100\n|-damage|p2b: Hawlucha|0 fnt\n|faint|p2b: Hawlucha\n|move|p2a: Rotom|Thunderbolt|p1b: Charizard\n|-supereffective|p1b: Charizard|1\n|-damage|p1b: Charizard|29/100\n|\n|-weather|SunnyDay|[upkeep]\n|-heal|p2a: Rotom|43/100|[from] item: Leftovers\n|upkeep\n|\n|t:|1776039884\n|switch|p2b: Tyranitar|Tyranitar, L50, M|100/100\n|-weather|Sandstorm|[from] ability: Sand Stream|[of] p2b: Tyranitar\n|turn|6\n|\n|t:|1776039903\n|switch|p1b: Garchomp|Garchomp, L50, M|100/100\n|move|p2b: Tyranitar|Protect|p2b: Tyranitar\n|-singleturn|p2b: Tyranitar|Protect\n|move|p1a: Incineroar|Fake Out|p2b: Tyranitar\n|-activate|p2b: Tyranitar|move: Protect\n|move|p2a: Rotom|Thunderbolt|p1a: Incineroar\n|-damage|p1a: Incineroar|0 fnt\n|faint|p1a: Incineroar\n|\n|-weather|Sandstorm|[upkeep]\n|-damage|p2a: Rotom|37/100|[from] Sandstorm\n|-heal|p2a: Rotom|43/100|[from] item: Leftovers\n|upkeep\n|\n|t:|1776039916\n|switch|p1a: Charizard|Charizard-Mega-Y, L50, M|29/100\n|-weather|SunnyDay|[from] ability: Drought|[of] p1a: Charizard\n|turn|7\n|\n|t:|1776039930\n|detailschange|p2b: Tyranitar|Tyranitar-Mega, L50, M\n|-mega|p2b: Tyranitar|Tyranitar|Tyranitarite\n|-weather|Sandstorm|[from] ability: Sand Stream|[of] p2b: Tyranitar\n|move|p1b: Garchomp|Earthquake|p2a: Rotom|[spread] p2b\n|-immune|p1a: Charizard\n|-immune|p2a: Rotom|[from] ability: Levitate\n|-supereffective|p2b: Tyranitar|1\n|-damage|p2b: Tyranitar|48/100\n|move|p1a: Charizard|Solar Beam||[still]\n|-prepare|p1a: Charizard|Solar Beam\n|move|p2a: Rotom|Will-O-Wisp|p1b: Garchomp\n|-status|p1b: Garchomp|brn\n|move|p2b: Tyranitar|Knock Off|p1a: Charizard\n|-damage|p1a: Charizard|0 fnt\n|faint|p1a: Charizard\n|\n|-weather|Sandstorm|[upkeep]\n|-damage|p2a: Rotom|37/100|[from] Sandstorm\n|-heal|p2a: Rotom|43/100|[from] item: Leftovers\n|-damage|p1b: Garchomp|95/100 brn|[from] brn\n|upkeep\n|turn|8\n|-message|Powerdino1215 forfeited.\n|\n|win|taterstotz\n|raw|Powerdino1215's rating: 1173 &rarr; <strong>1142</strong><br />(-31 for losing)\n|raw|taterstotz's rating: 1087 &rarr; <strong>1120</strong><br />(+33 for winning)\n|l|\u2606Powerdino1215\n|player|p1|\n",
  "uploadtime": 1776040103,
  "views": 33,
  "formatid": "gen9championsvgc2026regma",
  "rating": 1120,
  "private": 0,
  "password": null
}