{
  "id": "gen9championsvgc2026regma-2583706583",
  "format": "[Gen 9 Champions] VGC 2026 Reg M-A",
  "players": [
    "meowski_007",
    "Preditorial"
  ],
  "log": "|j|\u2606meowski_007\n|j|\u2606Preditorial\n|t:|1776192254\n|gametype|doubles\n|player|p1|meowski_007|n|1038\n|player|p2|Preditorial|emmet|1069\n|gen|9\n|tier|[Gen 9 Champions] VGC 2026 Reg M-A\n|rated|\n|rule|Species Clause: Limit one of each Pok\u00e9mon\n|rule|Item Clause: Limit 1 of each item\n|clearpoke\n|poke|p1|Arcanine-Hisui, L50, F|\n|poke|p1|Banette, L50, F|\n|poke|p1|Zoroark-Hisui, L50, F|\n|poke|p1|Weavile, L50, M|\n|poke|p1|Goodra-Hisui, L50, F|\n|poke|p1|Tyranitar, L50, F|\n|poke|p2|Conkeldurr, L50, M|\n|poke|p2|Scovillain, L50, F|\n|poke|p2|Farigiraf, L50, M|\n|poke|p2|Passimian, L50, M|\n|poke|p2|Aegislash, L50, M|\n|poke|p2|Aurorus, L50, M|\n|teampreview|4\nPreditorial has agreed to open team sheets.\n|inactive|Battle timer is ON: inactive players will automatically lose when time's up. (requested by Preditorial)\n|\n|t:|1776192325\n|teamsize|p1|4\n|teamsize|p2|4\n|start\n|switch|p1a: Banette|Banette, L50, F|100/100\n|switch|p1b: Weavile|Weavile, L50, M|100/100\n|switch|p2a: Dr Livesey|Conkeldurr, L50, M, shiny|100/100\n|switch|p2b: Chipotle|Scovillain, L50, F|100/100\n|-ability|p1b: Weavile|Pressure\n|-item|p2a: Dr Livesey|Leftovers|[from] ability: Frisk|[of] p1a: Banette\n|-item|p2b: Chipotle|Scovillainite|[from] ability: Frisk|[of] p1a: Banette\n|turn|1\n|inactive|meowski_007 has 30 seconds left.\n|inactive|Preditorial has 30 seconds left.\n|inactive|meowski_007 has 20 seconds left.\n|\n|t:|1776192364\n|detailschange|p2b: Chipotle|Scovillain-Mega, L50, F\n|-mega|p2b: Chipotle|Scovillain|Scovillainite\n|detailschange|p1a: Banette|Banette-Mega, L50, F\n|-mega|p1a: Banette|Banette|Banettite\n|move|p1a: Banette|Helping Hand|p1b: Weavile\n|-singleturn|p1b: Weavile|Helping Hand|[of] p1a: Banette\n|move|p1b: Weavile|Icicle Crash|p2b: Chipotle\n|-damage|p2b: Chipotle|23/100\n|-status|p1b: Weavile|brn|[from] ability: Spicy Spray|[of] p2b: Chipotle\n|move|p2b: Chipotle|Flamethrower|p1b: Weavile\n|-supereffective|p1b: Weavile|1\n|-damage|p1b: Weavile|0 fnt\n|faint|p1b: Weavile\n|move|p2a: Dr Livesey|Earthquake|p1a: Banette|[spread] p2b,p1a\n|-damage|p2b: Chipotle|0 fnt\n|-damage|p1a: Banette|60/100\n|-status|p2a: Dr Livesey|brn|[from] ability: Spicy Spray|[of] p2b: Chipotle\n|faint|p2b: Chipotle\n|\n|-damage|p2a: Dr Livesey|94/100 brn|[from] brn\n|upkeep\n|\n|t:|1776192387\n|switch|p1b: Tyranitar|Tyranitar, L50, F|100/100\n|switch|p2b: fleself|Farigiraf, L50, M|100/100\n|turn|2\n|inactive|meowski_007 has 30 seconds left.\n|\n|t:|1776192412\n|move|p1b: Tyranitar|Protect|p1b: Tyranitar\n|-singleturn|p1b: Tyranitar|Protect\n|move|p1a: Banette|Poltergeist|p2a: Dr Livesey\n|-activate|p2a: Dr Livesey|move: Poltergeist|Leftovers\n|-crit|p2a: Dr Livesey\n|-damage|p2a: Dr Livesey|2/100 brn\n|move|p2a: Dr Livesey|Earthquake|p1b: Tyranitar|[spread] p2b,p1a\n|-activate|p1b: Tyranitar|move: Protect\n|-damage|p2b: fleself|58/100\n|-damage|p1a: Banette|0 fnt\n|faint|p1a: Banette\n|move|p2b: fleself|Trick Room|p2b: fleself\n|-fieldstart|move: Trick Room|[of] p2b: fleself\n|\n|-heal|p2a: Dr Livesey|9/100 brn|[from] item: Leftovers\n|-damage|p2a: Dr Livesey|2/100 brn|[from] brn\n|upkeep\n|\n|t:|1776192426\n|switch|p1a: Tyranitar|Tyranitar, L50, F|100/100\n|-weather|Sandstorm|[from] ability: Sand Stream|[of] p1a: Tyranitar\n|turn|3\n|\n|t:|1776192446\n|switch|p2b: Aurorus|Aurorus, L50, M|100/100\n|-weather|Snowscape|[from] ability: Snow Warning|[of] p2b: Aurorus\n|move|p2a: Dr Livesey|Drain Punch|p1a: Tyranitar\n|-supereffective|p1a: Tyranitar|2\n|-damage|p1a: Tyranitar|0 fnt\n|-heal|p2a: Dr Livesey|51/100 brn|[from] drain|[of] p1a: Tyranitar\n|faint|p1a: Tyranitar\n|move|p1b: Tyranitar|Focus Blast|p2b: Aurorus\n|-supereffective|p2b: Aurorus|2\n|-enditem|p2b: Aurorus|Chople Berry|[eat]\n|-enditem|p2b: Aurorus|Chople Berry|[weaken]\n|-damage|p2b: Aurorus|26/100\n|\n|-weather|Snowscape|[upkeep]\n|-heal|p2a: Dr Livesey|58/100 brn|[from] item: Leftovers\n|-damage|p2a: Dr Livesey|51/100 brn|[from] brn\n|upkeep\n|turn|4\n|inactive|Preditorial has 30 seconds left.\n|\n|t:|1776192472\n|move|p2a: Dr Livesey|Protect|p2a: Dr Livesey\n|-singleturn|p2a: Dr Livesey|Protect\n|move|p1b: Tyranitar|Protect|p1b: Tyranitar\n|-singleturn|p1b: Tyranitar|Protect\n|move|p2b: Aurorus|Blizzard|p1b: Tyranitar\n|-activate|p1b: Tyranitar|move: Protect\n|\n|-weather|Snowscape|[upkeep]\n|-heal|p2a: Dr Livesey|58/100 brn|[from] item: Leftovers\n|-damage|p2a: Dr Livesey|51/100 brn|[from] brn\n|upkeep\n|turn|5\n|\n|t:|1776192491\n|switch|p2a: fleself|Farigiraf, L50, M|58/100\n|move|p2b: Aurorus|Blizzard|p1b: Tyranitar\n|-damage|p1b: Tyranitar|4/100\n|replace|p1b: Zoroark|Zoroark-Hisui, L50, F\n|-end|p1b: Zoroark|Illusion\n|move|p1b: Zoroark|Hyper Voice|p2b: Aurorus|[spread] p2a,p2b\n|-resisted|p2b: Aurorus|1\n|-damage|p2a: fleself|18/100\n|-damage|p2b: Aurorus|12/100\n|\n|-weather|Snowscape|[upkeep]\n|upkeep\n|turn|6\n|inactive|Preditorial has 30 seconds left.\n|inactive|Preditorial has 20 seconds left.\n|\n|t:|1776192526\n|move|p2a: fleself|Protect|p2a: fleself\n|-singleturn|p2a: fleself|Protect\n|move|p2b: Aurorus|Aurora Veil|p2b: Aurorus\n|-sidestart|p2: Preditorial|move: Aurora Veil\n|move|p1b: Zoroark|Hyper Voice|p2b: Aurorus|[spread] p2b\n|-activate|p2a: fleself|move: Protect\n|-resisted|p2b: Aurorus|1\n|-damage|p2b: Aurorus|3/100\n|\n|-weather|Snowscape|[upkeep]\n|-fieldend|move: Trick Room\n|upkeep\n|turn|7\n|\n|t:|1776192549\n|move|p1b: Zoroark|Hyper Voice|p2b: Aurorus|[spread] p2a,p2b\n|-resisted|p2b: Aurorus|1\n|-damage|p2a: fleself|0 fnt\n|-damage|p2b: Aurorus|0 fnt\n|faint|p2a: fleself\n|faint|p2b: Aurorus\n|\n|-weather|none\n|upkeep\n|\n|t:|1776192552\n|switch|p2b: Dr Livesey|Conkeldurr, L50, M, shiny|51/100 brn\n|turn|8\n|inactive|meowski_007 has 30 seconds left.\n|inactive|meowski_007 has 20 seconds left.\n|inactive|meowski_007 has 15 seconds left.\n|\n|t:|1776192594\n|move|p1b: Zoroark|Shadow Ball|p2b: Dr Livesey\n|-damage|p2b: Dr Livesey|16/100 brn\n|move|p2b: Dr Livesey|Earthquake|p1b: Zoroark\n|-damage|p1b: Zoroark|0 fnt\n|faint|p1b: Zoroark\n|\n|win|Preditorial\n|raw|meowski_007's rating: 1038 &rarr; <strong>1024</strong><br />(-14 for losing)\n|raw|Preditorial's rating: 1069 &rarr; <strong>1096</strong><br />(+27 for winning)\n|l|\u2606meowski_007\n|player|p1|\n",
  "uploadtime": 1776194642,
  "views": 14,
  "formatid": "gen9championsvgc2026regma",
  "rating": 1024,
  "private": 0,
  "password": null
}