{
  "id": "gen9championsvgc2026regma-2583514221",
  "format": "[Gen 9 Champions] VGC 2026 Reg M-A",
  "players": [
    "1Neku",
    "testarossa<3"
  ],
  "log": "|j|\u26061Neku\n|j|\u2606testarossa<3\n|t:|1776180453\n|gametype|doubles\n|player|p1|1Neku|170|1057\n|player|p2|testarossa<3|clair|1037\n|gen|9\n|tier|[Gen 9 Champions] VGC 2026 Reg M-A\n|rated|\n|rule|Species Clause: Limit one of each Pok\u00e9mon\n|rule|Item Clause: Limit 1 of each item\n|clearpoke\n|poke|p1|Pelipper, L50, F|\n|poke|p1|Basculegion, L50, M|\n|poke|p1|Sinistcha, L50|\n|poke|p1|Archaludon, L50, F|\n|poke|p1|Sneasler, L50, M|\n|poke|p1|Dragonite, L50, F|\n|poke|p2|Tyranitar, L50, F|\n|poke|p2|Meowscarada, L50, F|\n|poke|p2|Steelix, L50, F|\n|poke|p2|Trevenant, L50, F|\n|poke|p2|Rotom-Mow, L50|\n|poke|p2|Camerupt, L50, F|\n|teampreview|4\n|inactive|Battle timer is ON: inactive players will automatically lose when time's up. (requested by testarossa<3)\n|\n|t:|1776180479\n|teamsize|p1|4\n|teamsize|p2|4\n|start\n|switch|p1a: Sneasler|Sneasler, L50, M|100/100\n|switch|p1b: Basculegion|Basculegion, L50, M|100/100\n|switch|p2a: Meowscarada|Meowscarada, L50, F|100/100\n|switch|p2b: Trevenant|Trevenant, L50, F|100/100\n|-item|p1a: Sneasler|White Herb|[from] ability: Frisk|[of] p2b: Trevenant\n|-item|p1b: Basculegion|Choice Scarf|[from] ability: Frisk|[of] p2b: Trevenant\n|turn|1\n|inactive|1Neku has 30 seconds left.\n|inactive|1Neku has 20 seconds left.\n|\n|t:|1776180521\n|move|p1a: Sneasler|Protect|p1a: Sneasler\n|-singleturn|p1a: Sneasler|Protect\n|move|p2a: Meowscarada|Flower Trick|p1b: Basculegion\n|-start|p2a: Meowscarada|typechange|Grass|[from] ability: Protean\n|-supereffective|p1b: Basculegion|1\n|-crit|p1b: Basculegion\n|-damage|p1b: Basculegion|0 fnt\n|faint|p1b: Basculegion\n|move|p2b: Trevenant|Trick Room|p2b: Trevenant\n|-fieldstart|move: Trick Room|[of] p2b: Trevenant\n|\n|upkeep\n|\n|t:|1776180533\n|switch|p1b: Pelipper|Pelipper, L50, F, shiny|100/100\n|-weather|RainDance|[from] ability: Drizzle|[of] p1b: Pelipper\n|turn|2\n|\n|t:|1776180546\n|move|p2b: Trevenant|Poltergeist|p1a: Sneasler\n|-activate|p1a: Sneasler|move: Poltergeist|White Herb\n|-damage|p1a: Sneasler|36/100\n|move|p1b: Pelipper|Hurricane|p2a: Meowscarada\n|-supereffective|p2a: Meowscarada|1\n|-damage|p2a: Meowscarada|0 fnt\n|faint|p2a: Meowscarada\n|move|p1a: Sneasler|Dire Claw|p2b: Trevenant\n|-damage|p2b: Trevenant|60/100\n|\n|-weather|RainDance|[upkeep]\n|upkeep\n|\n|t:|1776180562\n|switch|p2a: Steelix|Steelix, L50, F, shiny|100/100\n|turn|3\n|\n|t:|1776180577\n|detailschange|p2a: Steelix|Steelix-Mega, L50, F, shiny\n|-mega|p2a: Steelix|Steelix|Steelixite\n|move|p1b: Pelipper|Protect|p1b: Pelipper\n|-singleturn|p1b: Pelipper|Protect\n|move|p1a: Sneasler|Protect|p1a: Sneasler\n|-singleturn|p1a: Sneasler|Protect\n|move|p2a: Steelix|Rock Slide|p1b: Pelipper|[spread] \n|-activate|p1a: Sneasler|move: Protect\n|-activate|p1b: Pelipper|move: Protect\n|move|p2b: Trevenant|Poltergeist|p1a: Sneasler\n|-activate|p1a: Sneasler|move: Protect\n|\n|-weather|RainDance|[upkeep]\n|upkeep\n|turn|4\n|inactive|1Neku has 30 seconds left.\n|inactive|1Neku has 20 seconds left.\n|inactive|1Neku has 15 seconds left.\n|\n|t:|1776180621\n|switch|p1a: Archaludon|Archaludon, L50, F|100/100\n|move|p2a: Steelix|Rock Slide|p1b: Pelipper|[spread] p1a,p1b\n|-resisted|p1a: Archaludon|1\n|-supereffective|p1b: Pelipper|1\n|-damage|p1a: Archaludon|95/100\n|-damage|p1b: Pelipper|52/100\n|-ability|p1a: Archaludon|Stamina|boost\n|-boost|p1a: Archaludon|def|1\n|move|p2b: Trevenant|Poltergeist|p1a: Archaludon\n|-activate|p1a: Archaludon|move: Poltergeist|Leftovers\n|-damage|p1a: Archaludon|75/100\n|-ability|p1a: Archaludon|Stamina|boost\n|-boost|p1a: Archaludon|def|1\n|cant|p1b: Pelipper|flinch\n|\n|-weather|RainDance|[upkeep]\n|-heal|p1a: Archaludon|81/100|[from] item: Leftovers\n|upkeep\n|turn|5\n|inactive|1Neku has 30 seconds left.\n|inactive|1Neku has 20 seconds left.\n|\n|t:|1776180659\n|move|p1b: Pelipper|Protect|p1b: Pelipper\n|-singleturn|p1b: Pelipper|Protect\n|move|p2a: Steelix|Earthquake|p1a: Archaludon|[spread] p2b,p1a\n|-activate|p1b: Pelipper|move: Protect\n|-resisted|p2b: Trevenant|1\n|-supereffective|p1a: Archaludon|1\n|-damage|p2b: Trevenant|44/100\n|-damage|p1a: Archaludon|58/100\n|-ability|p1a: Archaludon|Stamina|boost\n|-boost|p1a: Archaludon|def|1\n|move|p2b: Trevenant|Poltergeist|p1b: Pelipper\n|-activate|p1b: Pelipper|move: Protect\n|move|p1a: Archaludon|Draco Meteor|p2a: Steelix\n|-resisted|p2a: Steelix|1\n|-damage|p2a: Steelix|64/100\n|-unboost|p1a: Archaludon|spa|2\n|\n|-weather|RainDance|[upkeep]\n|-heal|p1a: Archaludon|64/100|[from] item: Leftovers\n|-fieldend|move: Trick Room\n|upkeep\n|turn|6\n|inactive|1Neku has 30 seconds left.\n|inactive|1Neku has 20 seconds left.\n|inactive|1Neku has 15 seconds left.\n|inactive|1Neku has 10 seconds left.\n|\n|t:|1776180706\n|move|p1b: Pelipper|Hurricane|p2b: Trevenant\n|-supereffective|p2b: Trevenant|1\n|-damage|p2b: Trevenant|0 fnt\n|faint|p2b: Trevenant\n|move|p1a: Archaludon|Electro Shot||[still]\n|-prepare|p1a: Archaludon|Electro Shot\n|-boost|p1a: Archaludon|spa|1\n|-anim|p1a: Archaludon|Electro Shot|p2a: Steelix\n|-immune|p2a: Steelix\n|move|p2a: Steelix|Curse|p2a: Steelix\n|-unboost|p2a: Steelix|spe|1\n|-boost|p2a: Steelix|atk|1\n|-boost|p2a: Steelix|def|1\n|\n|-weather|none\n|-heal|p1a: Archaludon|70/100|[from] item: Leftovers\n|upkeep\n|\n|t:|1776180721\n|switch|p2b: Tyranitar|Tyranitar, L50, F|100/100\n|-weather|Sandstorm|[from] ability: Sand Stream|[of] p2b: Tyranitar\n|turn|7\n|\n|t:|1776180727\n|switch|p1b: Sneasler|Sneasler, L50, M|36/100\n|move|p1a: Archaludon|Protect|p1a: Archaludon\n|-singleturn|p1a: Archaludon|Protect\n|move|p2b: Tyranitar|Protect|p2b: Tyranitar\n|-singleturn|p2b: Tyranitar|Protect\n|move|p2a: Steelix|Earthquake|p1b: Sneasler|[spread] p1b\n|-activate|p2b: Tyranitar|move: Protect\n|-activate|p1a: Archaludon|move: Protect\n|-supereffective|p1b: Sneasler|1\n|-damage|p1b: Sneasler|0 fnt\n|faint|p1b: Sneasler\n|\n|-weather|Sandstorm|[upkeep]\n|-heal|p1a: Archaludon|76/100|[from] item: Leftovers\n|upkeep\n|\n|t:|1776180744\n|switch|p1b: Pelipper|Pelipper, L50, F, shiny|52/100\n|-weather|RainDance|[from] ability: Drizzle|[of] p1b: Pelipper\n|turn|8\n|inactive|1Neku has 30 seconds left.\n|\n|t:|1776180776\n|move|p1b: Pelipper|Weather Ball|p2b: Tyranitar\n|-supereffective|p2b: Tyranitar|1\n|-damage|p2b: Tyranitar|0 fnt\n|faint|p2b: Tyranitar\n|move|p1a: Archaludon|Flash Cannon|p2a: Steelix\n|-resisted|p2a: Steelix|1\n|-crit|p2a: Steelix\n|-damage|p2a: Steelix|34/100\n|move|p2a: Steelix|Rock Slide|p1a: Archaludon|[spread] p1a,p1b\n|-resisted|p1a: Archaludon|1\n|-supereffective|p1b: Pelipper|1\n|-damage|p1a: Archaludon|73/100\n|-damage|p1b: Pelipper|0 fnt\n|-ability|p1a: Archaludon|Stamina|boost\n|-boost|p1a: Archaludon|def|1\n|faint|p1b: Pelipper\n|\n|-weather|RainDance|[upkeep]\n|-heal|p1a: Archaludon|79/100|[from] item: Leftovers\n|upkeep\n|turn|9\n|inactive|1Neku has 30 seconds left.\n|inactive|testarossa<3 has 30 seconds left.\n|inactive|testarossa<3 has 20 seconds left.\n|\n|t:|1776180812\n|move|p1a: Archaludon|Flash Cannon|p2a: Steelix\n|-resisted|p2a: Steelix|1\n|-damage|p2a: Steelix|22/100\n|move|p2a: Steelix|Earthquake|p1a: Archaludon\n|-supereffective|p1a: Archaludon|1\n|-crit|p1a: Archaludon\n|-damage|p1a: Archaludon|0 fnt\n|faint|p1a: Archaludon\n|\n|win|testarossa<3\n|raw|1Neku's rating: 1057 &rarr; <strong>1037</strong><br />(-20 for losing)\n|raw|testarossa&lt;3's rating: 1037 &rarr; <strong>1073</strong><br />(+36 for winning)\n|l|\u2606testarossa<3\n|player|p2|\n",
  "uploadtime": 1776180869,
  "views": 19,
  "formatid": "gen9championsvgc2026regma",
  "rating": 1037,
  "private": 0,
  "password": null
}