{
  "id": "gen9championsvgc2026regma-2580738687",
  "format": "[Gen 9 Champions] VGC 2026 Reg M-A",
  "players": [
    "MigraineMan",
    "Vittoxx"
  ],
  "log": "|j|\u2606MigraineMan\n|j|\u2606Vittoxx\n|t:|1775928475\n|gametype|doubles\n|player|p1|MigraineMan|102|1161\n|player|p2|Vittoxx|iris-gen5bw2|1074\n|gen|9\n|tier|[Gen 9 Champions] VGC 2026 Reg M-A\n|rated|\n|rule|Species Clause: Limit one of each Pok\u00e9mon\n|rule|Item Clause: Limit 1 of each item\n|clearpoke\n|poke|p1|Alakazam, L50, M|\n|poke|p1|Meowstic, L50, M|\n|poke|p1|Maushold-Four, L50|\n|poke|p1|Lucario, L50, F|\n|poke|p1|Tyranitar, L50, M|\n|poke|p1|Excadrill, L50, F|\n|poke|p2|Gardevoir, L50, F|\n|poke|p2|Incineroar, L50, F|\n|poke|p2|Orthworm, L50, M|\n|poke|p2|Garchomp, L50, M|\n|poke|p2|Meowstic, L50, M|\n|poke|p2|Corviknight, L50, M|\n|teampreview|4\n|inactive|Battle timer is ON: inactive players will automatically lose when time's up. (requested by Vittoxx)\n|\n|t:|1775928502\n|teamsize|p1|4\n|teamsize|p2|4\n|start\n|switch|p1a: Lucario|Lucario, L50, F|100/100\n|switch|p1b: Meowstic|Meowstic, L50, M|100/100\n|switch|p2a: Gardevoir|Gardevoir, L50, F, shiny|100/100\n|switch|p2b: Meowstic|Meowstic, L50, M|100/100\n|turn|1\n|\n|t:|1775928517\n|move|p2b: Meowstic|Fake Out|p1b: Meowstic\n|-damage|p1b: Meowstic|93/100\n|cant|p1b: Meowstic|flinch\n|move|p1a: Lucario|Meteor Mash|p2a: Gardevoir\n|-supereffective|p2a: Gardevoir|1\n|-damage|p2a: Gardevoir|0 fnt\n|faint|p2a: Gardevoir\n|\n|upkeep\n|\n|t:|1775928526\n|switch|p2a: Corviknight|Corviknight, L50, M|100/100\n|-ability|p2a: Corviknight|Unnerve\n|turn|2\n|\n|t:|1775928534\n|move|p1b: Meowstic|Psychic Terrain|p1b: Meowstic\n|-fieldstart|move: Psychic Terrain\n|move|p2b: Meowstic|Psychic Terrain||[still]\n|-fail|p2b: Meowstic\n|move|p1a: Lucario|Meteor Mash|p2b: Meowstic\n|-damage|p2b: Meowstic|47/100\n|move|p2a: Corviknight|Tailwind|p2a: Corviknight\n|-sidestart|p2: Vittoxx|move: Tailwind\n|\n|upkeep\n|turn|3\n|\n|t:|1775928553\n|move|p2b: Meowstic|Expanding Force|p1b: Meowstic|[spread] p1a,p1b\n|-resisted|p1b: Meowstic|1\n|-damage|p1a: Lucario|30/100\n|-damage|p1b: Meowstic|58/100\n|move|p1a: Lucario|Meteor Mash|p2b: Meowstic\n|-damage|p2b: Meowstic|0 fnt\n|faint|p2b: Meowstic\n|move|p2a: Corviknight|Brave Bird|p1b: Meowstic\n|-damage|p1b: Meowstic|0 fnt\n|faint|p1b: Meowstic\n|-damage|p2a: Corviknight|86/100|[from] Recoil\n|\n|upkeep\n|\n|t:|1775928570\n|switch|p1b: Alakazam|Alakazam, L50, M, shiny|100/100\n|switch|p2b: Incineroar|Incineroar, L50, F|100/100\n|-ability|p2b: Incineroar|Intimidate|boost\n|-fail|p1a: Lucario|unboost|Attack|[from] ability: Inner Focus|[of] p1a: Lucario\n|-fail|p1b: Alakazam|unboost|Attack|[from] ability: Inner Focus|[of] p1b: Alakazam\n|turn|4\n|\n|t:|1775928591\n|switch|p1a: Maushold|Maushold-Four, L50|100/100\n|detailschange|p1b: Alakazam|Alakazam-Mega, L50, M, shiny\n|-mega|p1b: Alakazam|Alakazam|Alakazite\n|-ability|p1b: Alakazam|Intimidate|Trace|[from] ability: Trace|[of] p2b: Incineroar\n|-ability|p1b: Alakazam|Intimidate|boost\n|-unboost|p2a: Corviknight|atk|1\n|-unboost|p2b: Incineroar|atk|1\n|move|p1b: Alakazam|Protect|p1b: Alakazam\n|-singleturn|p1b: Alakazam|Protect\n|move|p2a: Corviknight|Brave Bird|p1a: Maushold\n|-damage|p1a: Maushold|54/100\n|-damage|p2a: Corviknight|71/100|[from] Recoil\n|move|p2b: Incineroar|Darkest Lariat|p1b: Alakazam\n|-activate|p1b: Alakazam|move: Protect\n|\n|upkeep\n|turn|5\n|\n|t:|1775928613\n|move|p1a: Maushold|Follow Me|p1a: Maushold\n|-singleturn|p1a: Maushold|move: Follow Me\n|move|p1b: Alakazam|Disable|p2b: Incineroar\n|-start|p2b: Incineroar|Disable|Darkest Lariat\n|move|p2a: Corviknight|Brave Bird|p1a: Maushold\n|-damage|p1a: Maushold|7/100\n|-damage|p2a: Corviknight|57/100|[from] Recoil\n|cant|p2b: Incineroar|Disable|Darkest Lariat\n|\n|-sideend|p2: Vittoxx|move: Tailwind\n|upkeep\n|turn|6\n|inactive|MigraineMan has 30 seconds left.\n|\n|t:|1775928639\n|move|p1b: Alakazam|Focus Blast|p2a: Corviknight|[miss]\n|-miss|p1b: Alakazam|p2a: Corviknight\n|move|p1a: Maushold|Encore|p2b: Incineroar\n|-start|p2b: Incineroar|Encore\n|move|p2a: Corviknight|Brave Bird|p1b: Alakazam\n|-damage|p1b: Alakazam|54/100\n|-damage|p2a: Corviknight|46/100|[from] Recoil\n|cant|p2b: Incineroar|Disable|Darkest Lariat\n|\n|-fieldend|move: Psychic Terrain\n|upkeep\n|turn|7\n|inactive|MigraineMan has 30 seconds left.\n|\n|t:|1775928667\n|switch|p1a: Lucario|Lucario, L50, F|30/100\n|move|p1b: Alakazam|Focus Blast|p2a: Corviknight\n|-damage|p2a: Corviknight|0 fnt\n|faint|p2a: Corviknight\n|-activate|p2b: Incineroar|move: Struggle\n|move|p2b: Incineroar|Struggle|p1b: Alakazam\n|-damage|p1b: Alakazam|32/100\n|-damage|p2b: Incineroar|75/100|[from] recoil\n|\n|upkeep\n|turn|8\n|\n|t:|1775928676\n|move|p1a: Lucario|Close Combat|p2b: Incineroar\n|-supereffective|p2b: Incineroar|1\n|-damage|p2b: Incineroar|0 fnt\n|-unboost|p1a: Lucario|def|1\n|-unboost|p1a: Lucario|spd|1\n|faint|p2b: Incineroar\n|\n|win|MigraineMan\n|raw|MigraineMan's rating: 1161 &rarr; <strong>1180</strong><br />(+19 for winning)\n|raw|Vittoxx's rating: 1074 &rarr; <strong>1058</strong><br />(-16 for losing)\n|l|\u2606Vittoxx\n|player|p2|\n",
  "uploadtime": 1775928682,
  "views": 19,
  "formatid": "gen9championsvgc2026regma",
  "rating": 1058,
  "private": 0,
  "password": null
}