{
  "id": "gen9championsvgc2026regma-2582911700",
  "format": "[Gen 9 Champions] VGC 2026 Reg M-A",
  "players": [
    "evil phamton",
    "Boshigoat"
  ],
  "log": "|j|\u2606evil phamton\n|j|\u2606Boshigoat\n|t:|1776124306\n|gametype|doubles\n|player|p1|evil phamton|aaron|1268\n|player|p2|Boshigoat|169|1218\n|gen|9\n|tier|[Gen 9 Champions] VGC 2026 Reg M-A\n|rated|\n|rule|Species Clause: Limit one of each Pok\u00e9mon\n|rule|Item Clause: Limit 1 of each item\n|clearpoke\n|poke|p1|Araquanid, L50, F|\n|poke|p1|Volcarona, L50, M|\n|poke|p1|Vivillon, L50, F|\n|poke|p1|Kleavor, L50, F|\n|poke|p1|Beedrill, L50, F|\n|poke|p1|Heracross, L50, F|\n|poke|p2|Meowstic, L50, M|\n|poke|p2|Alakazam, L50, F|\n|poke|p2|Sneasler, L50, F|\n|poke|p2|Whimsicott, L50, F|\n|poke|p2|Pelipper, L50, M|\n|poke|p2|Basculegion, L50, M|\n|teampreview|4\n|inactive|Battle timer is ON: inactive players will automatically lose when time's up. (requested by Boshigoat)\n|\n|t:|1776124374\n|teamsize|p1|4\n|teamsize|p2|4\n|start\n|switch|p1a: Vivillon|Vivillon, L50, F|100/100\n|switch|p1b: Kleavor|Kleavor, L50, F|100/100\n|switch|p2a: Meowstic|Meowstic, L50, M|100/100\n|switch|p2b: Alakazam|Alakazam, L50, F|100/100\n|turn|1\n|inactive|Boshigoat has 30 seconds left.\n|\n|t:|1776124407\n|detailschange|p2b: Alakazam|Alakazam-Mega, L50, F\n|-mega|p2b: Alakazam|Alakazam|Alakazite\n|-ability|p2b: Alakazam|Compound Eyes|Trace|[from] ability: Trace|[of] p1a: Vivillon\n|move|p2a: Meowstic|Psychic Terrain|p2a: Meowstic\n|-fieldstart|move: Psychic Terrain\n|move|p2b: Alakazam|Expanding Force|p1b: Kleavor|[spread] p1a,p1b\n|-enditem|p1a: Vivillon|Focus Sash\n|-damage|p1a: Vivillon|1/100\n|-damage|p1b: Kleavor|0 fnt\n|faint|p1b: Kleavor\n|move|p1a: Vivillon|Tailwind|p1a: Vivillon\n|-sidestart|p1: evil phamton|move: Tailwind\n|\n|upkeep\n|\n|t:|1776124422\n|switch|p1b: Volcarona|Volcarona, L50, M|100/100\n|turn|2\n|\n|t:|1776124435\n|switch|p2a: Whimsicott|Whimsicott, L50, F|100/100\n|move|p1a: Vivillon|Sleep Powder|p2b: Alakazam\n|-status|p2b: Alakazam|slp|[from] move: Sleep Powder\n|move|p1b: Volcarona|Quiver Dance|p1b: Volcarona\n|-boost|p1b: Volcarona|spa|1\n|-boost|p1b: Volcarona|spd|1\n|-boost|p1b: Volcarona|spe|1\n|cant|p2b: Alakazam|slp\n|\n|upkeep\n|turn|3\n|\n|t:|1776124449\n|move|p2a: Whimsicott|Tailwind|p2a: Whimsicott\n|-sidestart|p2: Boshigoat|move: Tailwind\n|-curestatus|p2b: Alakazam|slp|[msg]\n|move|p2b: Alakazam|Expanding Force|p1b: Volcarona|[spread] p1a,p1b\n|-damage|p1a: Vivillon|0 fnt\n|-damage|p1b: Volcarona|50/100\n|-enditem|p1b: Volcarona|Sitrus Berry|[eat]\n|-heal|p1b: Volcarona|75/100|[from] item: Sitrus Berry\n|faint|p1a: Vivillon\n|move|p1b: Volcarona|Heat Wave|p2b: Alakazam|[spread] p2a,p2b\n|-supereffective|p2a: Whimsicott|1\n|-enditem|p2a: Whimsicott|Focus Sash\n|-damage|p2a: Whimsicott|1/100\n|-damage|p2b: Alakazam|39/100\n|-status|p2b: Alakazam|brn\n|\n|-damage|p2b: Alakazam|33/100 brn|[from] brn\n|upkeep\n|\n|t:|1776124462\n|switch|p1a: Araquanid|Araquanid, L50, F|100/100\n|turn|4\n|\n|t:|1776124468\n|move|p2a: Whimsicott|Protect|p2a: Whimsicott\n|-singleturn|p2a: Whimsicott|Protect\n|move|p2b: Alakazam|Protect|p2b: Alakazam\n|-singleturn|p2b: Alakazam|Protect\n|move|p1a: Araquanid|Wide Guard|p1a: Araquanid\n|-singleturn|p1a: Araquanid|Wide Guard\n|move|p1b: Volcarona|Heat Wave|p2b: Alakazam|[spread] \n|-activate|p2a: Whimsicott|move: Protect\n|-activate|p2b: Alakazam|move: Protect\n|\n|-damage|p2b: Alakazam|27/100 brn|[from] brn\n|-sideend|p1: evil phamton|move: Tailwind\n|upkeep\n|turn|5\n|inactive|Boshigoat has 30 seconds left.\n|\n|t:|1776124501\n|move|p1a: Araquanid|Wide Guard|p1a: Araquanid\n|-singleturn|p1a: Araquanid|Wide Guard\n|move|p2a: Whimsicott|Tailwind||[still]\n|-fail|p2a: Whimsicott\n|move|p2b: Alakazam|Focus Blast|p1a: Araquanid\n|-resisted|p1a: Araquanid|1\n|-damage|p1a: Araquanid|80/100\n|move|p1b: Volcarona|Heat Wave|p2b: Alakazam|[spread] p2a\n|-miss|p1b: Volcarona|p2b: Alakazam\n|-supereffective|p2a: Whimsicott|1\n|-damage|p2a: Whimsicott|0 fnt\n|faint|p2a: Whimsicott\n|\n|-damage|p2b: Alakazam|21/100 brn|[from] brn\n|-fieldend|move: Psychic Terrain\n|upkeep\n|\n|t:|1776124511\n|switch|p2a: Sneasler|Sneasler, L50, F|100/100\n|turn|6\n|inactive|Boshigoat has 30 seconds left.\n|inactive|Boshigoat has 20 seconds left.\n|\n|t:|1776124547\n|switch|p2b: Meowstic|Meowstic, L50, M|100/100\n|move|p1b: Volcarona|Protect|p1b: Volcarona\n|-singleturn|p1b: Volcarona|Protect\n|move|p1a: Araquanid|Protect||[still]\n|-fail|p1a: Araquanid\n|move|p2a: Sneasler|Dire Claw|p1b: Volcarona\n|-activate|p1b: Volcarona|move: Protect\n|\n|-sideend|p2: Boshigoat|move: Tailwind\n|upkeep\n|turn|7\n|\n|t:|1776124569\n|move|p2b: Meowstic|Helping Hand|p2a: Sneasler\n|-singleturn|p2a: Sneasler|Helping Hand|[of] p2b: Meowstic\n|move|p1b: Volcarona|Quiver Dance|p1b: Volcarona\n|-boost|p1b: Volcarona|spa|1\n|-boost|p1b: Volcarona|spd|1\n|-boost|p1b: Volcarona|spe|1\n|move|p2a: Sneasler|Dire Claw|p1b: Volcarona\n|-damage|p1b: Volcarona|12/100\n|-status|p2a: Sneasler|brn|[from] ability: Flame Body|[of] p1b: Volcarona\n|move|p1a: Araquanid|Hydro Pump|p2a: Sneasler\n|-damage|p2a: Sneasler|12/100 brn\n|\n|-damage|p2a: Sneasler|6/100 brn|[from] brn\n|upkeep\n|turn|8\n|inactive|Boshigoat has 30 seconds left.\n|\n|t:|1776124597\n|move|p1b: Volcarona|Heat Wave|p2b: Meowstic|[spread] p2b\n|-miss|p1b: Volcarona|p2a: Sneasler\n|-damage|p2b: Meowstic|6/100\n|-status|p2b: Meowstic|brn\n|move|p2a: Sneasler|Close Combat|p1b: Volcarona\n|-resisted|p1b: Volcarona|1\n|-damage|p1b: Volcarona|0 fnt\n|-unboost|p2a: Sneasler|def|1\n|-unboost|p2a: Sneasler|spd|1\n|faint|p1b: Volcarona\n|-enditem|p2a: Sneasler|White Herb\n|-clearnegativeboost|p2a: Sneasler|[silent]\n|move|p2b: Meowstic|Expanding Force|p1a: Araquanid\n|-damage|p1a: Araquanid|50/100\n|move|p1a: Araquanid|Hydro Pump|p2b: Meowstic\n|-damage|p2b: Meowstic|0 fnt\n|faint|p2b: Meowstic\n|\n|-damage|p2a: Sneasler|0 fnt|[from] brn\n|faint|p2a: Sneasler\n|upkeep\n|\n|t:|1776124606\n|switch|p2b: Alakazam|Alakazam-Mega, L50, F|21/100 brn\n|-ability|p2b: Alakazam|Water Bubble|Trace|[from] ability: Trace|[of] p1a: Araquanid\n|-activate|p2b: Alakazam|ability: Water Bubble\n|-curestatus|p2b: Alakazam|brn|[msg]\n|turn|9\n|\n|t:|1776124617\n|move|p2b: Alakazam|Expanding Force|p1a: Araquanid\n|-damage|p1a: Araquanid|7/100\n|move|p1a: Araquanid|Ice Beam|p2b: Alakazam\n|-damage|p2b: Alakazam|0 fnt\n|faint|p2b: Alakazam\n|\n|win|evil phamton\n|raw|evil phamton's rating: 1268 &rarr; <strong>1289</strong><br />(+21 for winning)\n|raw|Boshigoat's rating: 1218 &rarr; <strong>1197</strong><br />(-21 for losing)\n",
  "uploadtime": 1776124627,
  "views": 22,
  "formatid": "gen9championsvgc2026regma",
  "rating": 1197,
  "private": 0,
  "password": null
}