{
  "id": "gen9championsvgc2026regma-2588625253",
  "format": "[Gen 9 Champions] VGC 2026 Reg M-A",
  "players": [
    "nk.luna",
    "zeuslag"
  ],
  "log": "|j|\u2606nk.luna\n|j|\u2606zeuslag\n|t:|1776651322\n|gametype|doubles\n|player|p1|nk.luna|marley|1119\n|player|p2|zeuslag|265|1114\n|gen|9\n|tier|[Gen 9 Champions] VGC 2026 Reg M-A\n|rated|\n|rule|Species Clause: Limit one of each Pok\u00e9mon\n|rule|Item Clause: Limit 1 of each item\n|clearpoke\n|poke|p1|Gardevoir, L50, F, shiny|\n|poke|p1|Whimsicott, L50, F|\n|poke|p1|Incineroar, L50, M|\n|poke|p1|Primarina, L50, F|\n|poke|p1|Meowstic, L50, M|\n|poke|p1|Farigiraf, L50, M|\n|poke|p2|Kommo-o, L50, F|\n|poke|p2|Incineroar, L50, M|\n|poke|p2|Primarina, L50, F|\n|poke|p2|Gengar, L50, F|\n|poke|p2|Heliolisk, L50, F, shiny|\n|poke|p2|Sableye, L50, M|\n|teampreview|4\n|inactive|Battle timer is ON: inactive players will automatically lose when time's up. (requested by nk.luna)\n|inactive|zeuslag has 60 seconds left.\n|\n|t:|1776651371\n|teamsize|p1|4\n|teamsize|p2|4\n|start\n|switch|p1a: fire bear|Incineroar, L50, M|100/100\n|switch|p1b: Farigiraf|Farigiraf, L50, M|100/100\n|switch|p2a: Gengar|Gengar, L50, F|100/100\n|switch|p2b: Incineroar|Incineroar, L50, M|100/100\n|-ability|p1a: fire bear|Intimidate|boost\n|-unboost|p2a: Gengar|atk|1\n|-unboost|p2b: Incineroar|atk|1\n|-ability|p2b: Incineroar|Intimidate|boost\n|-unboost|p1a: fire bear|atk|1\n|-unboost|p1b: Farigiraf|atk|1\n|turn|1\n|\n|t:|1776651392\n|detailschange|p2a: Gengar|Gengar-Mega, L50, F\n|-mega|p2a: Gengar|Gengar|Gengarite\n|move|p2a: Gengar|Protect|p2a: Gengar\n|-singleturn|p2a: Gengar|Protect\n|move|p2b: Incineroar|Protect|p2b: Incineroar\n|-singleturn|p2b: Incineroar|Protect\n|move|p1a: fire bear|Darkest Lariat|p2a: Gengar\n|-activate|p2a: Gengar|move: Protect\n|move|p1b: Farigiraf|Imprison|p1b: Farigiraf\n|-start|p1b: Farigiraf|move: Imprison\n|\n|upkeep\n|turn|2\n|inactive|zeuslag has 30 seconds left.\n|inactive|zeuslag has 20 seconds left.\n|inactive|zeuslag has 15 seconds left.\n|inactive|zeuslag has 10 seconds left.\n|inactive|zeuslag has 5 seconds left.\n|\n|t:|1776651443\n|move|p1b: Farigiraf|Protect|p1b: Farigiraf\n|-singleturn|p1b: Farigiraf|Protect\n|move|p2a: Gengar|Substitute|p2a: Gengar\n|-start|p2a: Gengar|Substitute\n|-damage|p2a: Gengar|75/100\n|move|p1a: fire bear|Darkest Lariat|p2a: Gengar\n|-supereffective|p2a: Gengar|1\n|-end|p2a: Gengar|Substitute\n|move|p2b: Incineroar|Throat Chop|p1b: Farigiraf\n|-activate|p1b: Farigiraf|move: Protect\n|\n|upkeep\n|turn|3\n|\n|t:|1776651463\n|switch|p2a: Primarina|Primarina, L50, F|100/100\n|move|p1a: fire bear|Darkest Lariat|p2a: Primarina\n|-resisted|p2a: Primarina|1\n|-damage|p2a: Primarina|91/100\n|move|p1b: Farigiraf|Hyper Voice|p2b: Incineroar|[spread] p2a,p2b\n|-damage|p2a: Primarina|63/100\n|-damage|p2b: Incineroar|69/100\n|move|p2b: Incineroar|Throat Chop|p1b: Farigiraf\n|-supereffective|p1b: Farigiraf|1\n|-enditem|p1b: Farigiraf|Colbur Berry|[eat]\n|-enditem|p1b: Farigiraf|Colbur Berry|[weaken]\n|-damage|p1b: Farigiraf|78/100\n|-start|p1b: Farigiraf|Throat Chop|[silent]\n|\n|-heal|p2b: Incineroar|75/100|[from] item: Leftovers\n|upkeep\n|turn|4\n|inactive|zeuslag has 30 seconds left.\n|inactive|zeuslag has 20 seconds left.\n|inactive|zeuslag has 15 seconds left.\n|inactive|zeuslag has 10 seconds left.\n|\n|t:|1776651511\n|move|p1b: Farigiraf|Protect|p1b: Farigiraf\n|-singleturn|p1b: Farigiraf|Protect\n|move|p1a: fire bear|Parting Shot|p2b: Incineroar\n|-unboost|p2b: Incineroar|atk|1\n|-unboost|p2b: Incineroar|spa|1\n|\n|t:|1776651517\n|switch|p1a: Gardevoir|Gardevoir, L50, F, shiny|100/100|[from] Parting Shot\n|move|p2b: Incineroar|Throat Chop|p1b: Farigiraf\n|-activate|p1b: Farigiraf|move: Protect\n|move|p2a: Primarina|Flip Turn|p1a: Gardevoir\n|-damage|p1a: Gardevoir|74/100\n|\n|t:|1776651538\n|switch|p2a: Gengar|Gengar-Mega, L50, F|75/100|[from] Flip Turn\n|\n|-heal|p2b: Incineroar|81/100|[from] item: Leftovers\n|-end|p1b: Farigiraf|Throat Chop|[silent]\n|upkeep\n|turn|5\n|inactive|zeuslag has 30 seconds left.\n|\n|t:|1776651563\n|switch|p2a: Primarina|Primarina, L50, F|63/100\n|detailschange|p1a: Gardevoir|Gardevoir-Mega, L50, F, shiny\n|-mega|p1a: Gardevoir|Gardevoir|Gardevoirite\n|move|p1a: Gardevoir|Expanding Force|p2a: Primarina\n|-damage|p2a: Primarina|25/100\n|-enditem|p2a: Primarina|Sitrus Berry|[eat]\n|-heal|p2a: Primarina|49/100|[from] item: Sitrus Berry\n|move|p1b: Farigiraf|Hyper Voice|p2b: Incineroar|[spread] p2a,p2b\n|-damage|p2a: Primarina|21/100\n|-damage|p2b: Incineroar|46/100\n|move|p2b: Incineroar|Parting Shot|p1b: Farigiraf\n|-unboost|p1b: Farigiraf|atk|1\n|-unboost|p1b: Farigiraf|spa|1\n|\n|t:|1776651576\n|switch|p2b: Sableye|Sableye, L50, M|100/100|[from] Parting Shot\n|\n|upkeep\n|turn|6\n|inactive|zeuslag has 30 seconds left.\n|inactive|zeuslag has 20 seconds left.\n|inactive|zeuslag has 15 seconds left.\n|inactive|zeuslag has 10 seconds left.\n|\n|t:|1776651625\n|switch|p1a: Meowstic|Meowstic, L50, M|100/100\n|move|p2b: Sableye|Disable||[still]\n|cant|p1b: Farigiraf|ability: Armor Tail|Disable|[of] p2b: Sableye\n|move|p1b: Farigiraf|Hyper Voice|p2b: Sableye|[spread] p2a\n|-immune|p2b: Sableye\n|-damage|p2a: Primarina|4/100\n|move|p2a: Primarina|Flip Turn|p1b: Farigiraf\n|-damage|p1b: Farigiraf|52/100\n|\n|t:|1776651639\n|switch|p2a: Incineroar|Incineroar, L50, M|46/100|[from] Flip Turn\n|-ability|p2a: Incineroar|Intimidate|boost\n|-unboost|p1a: Meowstic|atk|1\n|-unboost|p1b: Farigiraf|atk|1\n|\n|-heal|p2a: Incineroar|52/100|[from] item: Leftovers\n|upkeep\n|turn|7\n|inactive|zeuslag has 30 seconds left.\n|\n|t:|1776651670\n|move|p1b: Farigiraf|Protect|p1b: Farigiraf\n|-singleturn|p1b: Farigiraf|Protect\n|move|p1a: Meowstic|Psychic Terrain|p1a: Meowstic\n|-fieldstart|move: Psychic Terrain\n|move|p2b: Sableye|Disable||[still]\n|cant|p1b: Farigiraf|ability: Armor Tail|Disable|[of] p2b: Sableye\n|move|p2a: Incineroar|Throat Chop|p1a: Meowstic\n|-supereffective|p1a: Meowstic|1\n|-damage|p1a: Meowstic|34/100\n|-start|p1a: Meowstic|Throat Chop|[silent]\n|\n|-heal|p2a: Incineroar|58/100|[from] item: Leftovers\n|upkeep\n|turn|8\n|inactive|zeuslag has 30 seconds left.\n|inactive|zeuslag has 20 seconds left.\n|\n|t:|1776651705\n|switch|p2b: Primarina|Primarina, L50, F|4/100\n|move|p1a: Meowstic|Reflect|p1a: Meowstic\n|-sidestart|p1: nk.luna|Reflect\n|move|p1b: Farigiraf|Hyper Voice|p2b: Primarina|[spread] p2a,p2b\n|-damage|p2a: Incineroar|36/100\n|-damage|p2b: Primarina|0 fnt\n|faint|p2b: Primarina\n|move|p2a: Incineroar|Throat Chop|p1b: Farigiraf\n|-supereffective|p1b: Farigiraf|1\n|-damage|p1b: Farigiraf|8/100\n|-start|p1b: Farigiraf|Throat Chop|[silent]\n|\n|-heal|p2a: Incineroar|42/100|[from] item: Leftovers\n|-end|p1a: Meowstic|Throat Chop|[silent]\n|upkeep\n|\n|t:|1776651717\n|switch|p2b: Gengar|Gengar-Mega, L50, F|75/100\n|turn|9\n|inactive|zeuslag has 30 seconds left.\n|\n|t:|1776651744\n|move|p1b: Farigiraf|Protect|p1b: Farigiraf\n|-singleturn|p1b: Farigiraf|Protect\n|move|p2b: Gengar|Shadow Ball|p1a: Meowstic\n|-supereffective|p1a: Meowstic|1\n|-damage|p1a: Meowstic|0 fnt\n|faint|p1a: Meowstic\n|move|p2a: Incineroar|Throat Chop|p1b: Farigiraf\n|-activate|p1b: Farigiraf|move: Protect\n|\n|-heal|p2a: Incineroar|48/100|[from] item: Leftovers\n|-end|p1b: Farigiraf|Throat Chop|[silent]\n|upkeep\n|\n|t:|1776651761\n|switch|p1a: fire bear|Incineroar, L50, M|100/100\n|-ability|p1a: fire bear|Intimidate|boost\n|-unboost|p2a: Incineroar|atk|1\n|-unboost|p2b: Gengar|atk|1\n|turn|10\n|\n|t:|1776651783\n|switch|p2a: Sableye|Sableye, L50, M|100/100\n|move|p2b: Gengar|Shadow Ball|p1b: Farigiraf\n|-immune|p1b: Farigiraf\n|move|p1a: fire bear|Darkest Lariat|p2b: Gengar\n|-supereffective|p2b: Gengar|1\n|-damage|p2b: Gengar|0 fnt\n|faint|p2b: Gengar\n|move|p1b: Farigiraf|Hyper Voice|p2a: Sableye\n|-immune|p2a: Sableye\n|\n|upkeep\n|-message|zeuslag forfeited.\n|\n|win|nk.luna\n|raw|nk.luna's rating: 1119 &rarr; <strong>1144</strong><br />(+25 for winning)\n|raw|zeuslag's rating: 1114 &rarr; <strong>1089</strong><br />(-25 for losing)\n|l|\u2606zeuslag\n|player|p2|\n",
  "uploadtime": 1776651820,
  "views": 10,
  "formatid": "gen9championsvgc2026regma",
  "rating": 1089,
  "private": 0,
  "password": null
}