{
  "id": "gen9championsvgc2026regma-2588687804",
  "format": "[Gen 9 Champions] VGC 2026 Reg M-A",
  "players": [
    "poweredbynicotine",
    "km.hydrangea"
  ],
  "log": "|j|\u2606poweredbynicotine\n|j|\u2606km.hydrangea\n|t:|1776657848\n|gametype|doubles\n|player|p1|poweredbynicotine|guitarist|\n|player|p2|km.hydrangea|aaron|\n|gen|9\n|tier|[Gen 9 Champions] VGC 2026 Reg M-A\n|rule|Species Clause: Limit one of each Pok\u00e9mon\n|rule|Item Clause: Limit 1 of each item\n|clearpoke\n|poke|p1|Clefable, L50, F|\n|poke|p1|Tinkaton, L50, F|\n|poke|p1|Gardevoir, L50, F|\n|poke|p1|Primarina, L50, F|\n|poke|p1|Sneasler, L50, F|\n|poke|p1|Garchomp, L50, F|\n|poke|p2|Feraligatr, L50, M|\n|poke|p2|Pelipper, L50, F|\n|poke|p2|Sinistcha-Masterpiece, L50|\n|poke|p2|Manectric, L50, F|\n|poke|p2|Sneasler, L50, F|\n|poke|p2|Incineroar, L50, F|\n|teampreview|4\n|\n|t:|1776657896\n|teamsize|p1|4\n|teamsize|p2|4\n|start\n|switch|p1a: Clefable|Clefable, L50, F|100/100\n|switch|p1b: Tinkaton|Tinkaton, L50, F|100/100\n|switch|p2a: Sinistcha|Sinistcha-Masterpiece, L50|100/100\n|switch|p2b: Sneasler|Sneasler, L50, F|100/100\n|-ability|p1b: Tinkaton|Mold Breaker\n|turn|1\n|\n|t:|1776657915\n|detailschange|p1a: Clefable|Clefable-Mega, L50, F\n|-mega|p1a: Clefable|Clefable|Clefablite\n|move|p2b: Sneasler|Fake Out|p1a: Clefable\n|-damage|p1a: Clefable|85/100\n|move|p1b: Tinkaton|Fake Out|p2b: Sneasler\n|-damage|p2b: Sneasler|83/100\n|cant|p1a: Clefable|flinch\n|move|p2a: Sinistcha|Matcha Gotcha|p1b: Tinkaton|[spread] p1b\n|-miss|p2a: Sinistcha|p1a: Clefable\n|-resisted|p1b: Tinkaton|1\n|-damage|p1b: Tinkaton|86/100\n|\n|upkeep\n|turn|2\n|\n|t:|1776657938\n|move|p1a: Clefable|Protect|p1a: Clefable\n|-singleturn|p1a: Clefable|Protect\n|move|p2b: Sneasler|Dire Claw|p1a: Clefable\n|-activate|p1a: Clefable|move: Protect\n|move|p1b: Tinkaton|Swords Dance|p1b: Tinkaton\n|-boost|p1b: Tinkaton|atk|2\n|move|p2a: Sinistcha|Matcha Gotcha|p1a: Clefable|[spread] \n|-activate|p1a: Clefable|move: Protect\n|-miss|p2a: Sinistcha|p1b: Tinkaton\n|\n|upkeep\n|turn|3\n|\n|t:|1776657958\n|move|p1a: Clefable|Follow Me|p1a: Clefable\n|-singleturn|p1a: Clefable|move: Follow Me\n|move|p2b: Sneasler|Dire Claw|p1a: Clefable\n|-supereffective|p1a: Clefable|1\n|-damage|p1a: Clefable|1/100\n|move|p1b: Tinkaton|Swords Dance|p1b: Tinkaton\n|-boost|p1b: Tinkaton|atk|2\n|move|p2a: Sinistcha|Matcha Gotcha|p1a: Clefable|[spread] p1a,p1b\n|-resisted|p1a: Clefable|1\n|-resisted|p1b: Tinkaton|1\n|-damage|p1a: Clefable|0 fnt\n|-damage|p1b: Tinkaton|70/100\n|faint|p1a: Clefable\n|\n|upkeep\n|\n|t:|1776657981\n|switch|p1a: Garchomp|Garchomp, L50, F|100/100\n|turn|4\n|\n|t:|1776657996\n|move|p2b: Sneasler|U-turn|p1b: Tinkaton\n|-resisted|p1b: Tinkaton|2\n|-damage|p1b: Tinkaton|63/100\n|\n|t:|1776657999\n|switch|p2b: Incineroar|Incineroar, L50, F|100/100|[from] U-turn\n|-ability|p2b: Incineroar|Intimidate|boost\n|-unboost|p1a: Garchomp|atk|1\n|-unboost|p1b: Tinkaton|atk|1\n|move|p1a: Garchomp|Dragon Claw|p2b: Incineroar\n|-damage|p2b: Incineroar|66/100\n|move|p1b: Tinkaton|Gigaton Hammer|p2a: Sinistcha\n|-damage|p2a: Sinistcha|0 fnt\n|faint|p2a: Sinistcha\n|\n|upkeep\n|\n|t:|1776658011\n|switch|p2a: Sneasler|Sneasler, L50, F|83/100\n|turn|5\n|\n|t:|1776658033\n|switch|p1b: Gardevoir|Gardevoir, L50, F|100/100\n|move|p2a: Sneasler|Fake Out|p1a: Garchomp\n|-damage|p1a: Garchomp|86/100\n|-damage|p2a: Sneasler|71/100|[from] ability: Rough Skin|[of] p1a: Garchomp\n|cant|p1a: Garchomp|flinch\n|move|p2b: Incineroar|Flare Blitz|p1b: Gardevoir\n|-damage|p1b: Gardevoir|20/100\n|-damage|p2b: Incineroar|44/100|[from] Recoil\n|-enditem|p2b: Incineroar|Sitrus Berry|[eat]\n|-heal|p2b: Incineroar|69/100|[from] item: Sitrus Berry\n|\n|-heal|p1b: Gardevoir|26/100|[from] item: Leftovers\n|upkeep\n|turn|6\n|\n|t:|1776658053\n|move|p1b: Gardevoir|Protect|p1b: Gardevoir\n|-singleturn|p1b: Gardevoir|Protect\n|move|p2a: Sneasler|U-turn|p1b: Gardevoir\n|-activate|p1b: Gardevoir|move: Protect\n|move|p1a: Garchomp|Earthquake|p2a: Sneasler|[spread] p2a,p2b\n|-activate|p1b: Gardevoir|move: Protect\n|-supereffective|p2a: Sneasler|1\n|-crit|p2a: Sneasler\n|-supereffective|p2b: Incineroar|1\n|-damage|p2a: Sneasler|0 fnt\n|-damage|p2b: Incineroar|12/100\n|faint|p2a: Sneasler\n|move|p2b: Incineroar|Parting Shot|p1a: Garchomp\n|-unboost|p1a: Garchomp|atk|1\n|-unboost|p1a: Garchomp|spa|1\n|\n|t:|1776658065\n|switch|p2b: Feraligatr|Feraligatr, L50, M|100/100|[from] Parting Shot\n|\n|-heal|p1b: Gardevoir|31/100|[from] item: Leftovers\n|upkeep\n|\n|t:|1776658070\n|switch|p2a: Incineroar|Incineroar, L50, F|12/100\n|-ability|p2a: Incineroar|Intimidate|boost\n|-unboost|p1a: Garchomp|atk|1\n|-unboost|p1b: Gardevoir|atk|1\n|turn|7\n|\n|t:|1776658094\n|move|p1a: Garchomp|Protect|p1a: Garchomp\n|-singleturn|p1a: Garchomp|Protect\n|move|p2a: Incineroar|Fake Out|p1a: Garchomp\n|-activate|p1a: Garchomp|move: Protect\n|move|p1b: Gardevoir|Dazzling Gleam|p2b: Feraligatr|[spread] p2a,p2b\n|-damage|p2a: Incineroar|0 fnt\n|-damage|p2b: Feraligatr|59/100\n|faint|p2a: Incineroar\n|move|p2b: Feraligatr|Ice Punch|p1a: Garchomp\n|-activate|p1a: Garchomp|move: Protect\n|\n|-heal|p1b: Gardevoir|37/100|[from] item: Leftovers\n|upkeep\n|turn|8\n|\n|t:|1776658119\n|move|p1a: Garchomp|Dragon Claw|p2b: Feraligatr\n|-damage|p2b: Feraligatr|42/100\n|move|p1b: Gardevoir|Psychic Terrain|p1b: Gardevoir\n|-fieldstart|move: Psychic Terrain\n|move|p2b: Feraligatr|Ice Punch|p1a: Garchomp\n|-supereffective|p1a: Garchomp|2\n|-enditem|p1a: Garchomp|Yache Berry|[eat]\n|-enditem|p1a: Garchomp|Yache Berry|[weaken]\n|-damage|p1a: Garchomp|38/100\n|-damage|p2b: Feraligatr|30/100|[from] ability: Rough Skin|[of] p1a: Garchomp\n|\n|-heal|p1b: Gardevoir|42/100|[from] item: Leftovers\n|upkeep\n|turn|9\n|\n|t:|1776658139\n|move|p1a: Garchomp|Dragon Claw|p2b: Feraligatr\n|-damage|p2b: Feraligatr|13/100\n|move|p1b: Gardevoir|Expanding Force|p2b: Feraligatr\n|-damage|p2b: Feraligatr|0 fnt\n|faint|p2b: Feraligatr\n|\n|win|poweredbynicotine\n|l|\u2606km.hydrangea\n|player|p2|\n",
  "uploadtime": 1776658149,
  "views": 12,
  "formatid": "gen9championsvgc2026regma",
  "rating": null,
  "private": 0,
  "password": null
}