{
  "id": "gen9championsvgc2026regma-2582986827",
  "format": "[Gen 9 Champions] VGC 2026 Reg M-A",
  "players": [
    "MikeTitan",
    "Adicire"
  ],
  "log": "|j|\u2606MikeTitan\n|j|\u2606Adicire\n|t:|1776130982\n|gametype|doubles\n|player|p1|MikeTitan|blaine|1217\n|player|p2|Adicire|1|1284\n|gen|9\n|tier|[Gen 9 Champions] VGC 2026 Reg M-A\n|rated|\n|rule|Species Clause: Limit one of each Pok\u00e9mon\n|rule|Item Clause: Limit 1 of each item\n|clearpoke\n|poke|p1|Scizor, L50, F|\n|poke|p1|Glimmora, L50, F|\n|poke|p1|Basculegion, L50, M|\n|poke|p1|Incineroar, L50, F|\n|poke|p1|Sinistcha, L50|\n|poke|p1|Pelipper, L50, M|\n|poke|p2|Tyranitar, L50, M|\n|poke|p2|Floette-Eternal, L50, F|\n|poke|p2|Aegislash, L50, M|\n|poke|p2|Rotom-Wash, L50|\n|poke|p2|Kommo-o, L50, M|\n|poke|p2|Incineroar, L50, M|\n|teampreview|4\n|\n|t:|1776131022\n|teamsize|p1|4\n|teamsize|p2|4\n|start\n|switch|p1a: Incineroar|Incineroar, L50, F, shiny|100/100\n|switch|p1b: Glimmora|Glimmora, L50, F, shiny|100/100\n|switch|p2a: Rotom|Rotom-Wash, L50|100/100\n|switch|p2b: Incineroar|Incineroar, L50, M|100/100\n|-ability|p1a: Incineroar|Intimidate|boost\n|-unboost|p2a: Rotom|atk|1\n|-unboost|p2b: Incineroar|atk|1\n|-ability|p2b: Incineroar|Intimidate|boost\n|-unboost|p1a: Incineroar|atk|1\n|-unboost|p1b: Glimmora|atk|1\n|turn|1\n|\n|t:|1776131044\n|switch|p1b: Sinistcha|Sinistcha, L50|100/100\n|move|p1a: Incineroar|Fake Out|p2a: Rotom\n|-damage|p2a: Rotom|91/100\n|move|p2b: Incineroar|Fake Out|p1b: Sinistcha\n|-immune|p1b: Sinistcha\n|cant|p2a: Rotom|flinch\n|\n|upkeep\n|turn|2\n|\n|t:|1776131073\n|move|p2a: Rotom|Volt Switch|p1a: Incineroar\n|-damage|p1a: Incineroar|74/100\n|\n|t:|1776131079\n|switch|p2a: Floette|Floette-Eternal, L50, F|100/100|[from] Volt Switch\n|move|p1b: Sinistcha|Matcha Gotcha|p2b: Incineroar|[spread] p2a,p2b\n|-resisted|p2b: Incineroar|1\n|-damage|p2a: Floette|82/100\n|-damage|p2b: Incineroar|90/100\n|move|p1a: Incineroar|Parting Shot|p2b: Incineroar\n|-unboost|p2b: Incineroar|atk|1\n|-unboost|p2b: Incineroar|spa|1\n|\n|t:|1776131093\n|switch|p1a: Scizor|Scizor, L50, F, shiny|100/100|[from] Parting Shot\n|move|p2b: Incineroar|Parting Shot|p1b: Sinistcha\n|-unboost|p1b: Sinistcha|atk|1\n|-unboost|p1b: Sinistcha|spa|1\n|\n|t:|1776131099\n|switch|p2b: Rotom|Rotom-Wash, L50|91/100|[from] Parting Shot\n|\n|upkeep\n|turn|3\n|\n|t:|1776131121\n|switch|p1b: Glimmora|Glimmora, L50, F, shiny|100/100\n|detailschange|p2a: Floette|Floette-Mega, L50, F\n|-mega|p2a: Floette|Floette|Floettite\n|-ability|p2a: Floette|Fairy Aura\n|move|p2a: Floette|Protect|p2a: Floette\n|-singleturn|p2a: Floette|Protect\n|move|p1a: Scizor|Protect|p1a: Scizor\n|-singleturn|p1a: Scizor|Protect\n|move|p2b: Rotom|Will-O-Wisp|p1a: Scizor\n|-activate|p1a: Scizor|move: Protect\n|\n|upkeep\n|turn|4\n|\n|t:|1776131159\n|switch|p2b: Incineroar|Incineroar, L50, M|90/100\n|-ability|p2b: Incineroar|Intimidate|boost\n|-unboost|p1a: Scizor|atk|1\n|-unboost|p1b: Glimmora|atk|1\n|switch|p2a: Aegislash|Aegislash, L50, M|100/100\n|switch|p1a: Incineroar|Incineroar, L50, F, shiny|74/100\n|-ability|p1a: Incineroar|Intimidate|boost\n|-unboost|p2a: Aegislash|atk|1\n|-unboost|p2b: Incineroar|atk|1\n|move|p1b: Glimmora|Sludge Bomb|p2a: Aegislash\n|-immune|p2a: Aegislash\n|\n|upkeep\n|turn|5\n|\n|t:|1776131194\n|switch|p1a: Scizor|Scizor, L50, F, shiny|100/100\n|move|p2b: Incineroar|Fake Out|p1b: Glimmora\n|-resisted|p1b: Glimmora|1\n|-damage|p1b: Glimmora|96/100\n|-activate|p1b: Glimmora|ability: Toxic Debris\n|-sidestart|p2: Adicire|move: Toxic Spikes\n|cant|p1b: Glimmora|flinch\n|-formechange|p2a: Aegislash|Aegislash-Blade|\n|move|p2a: Aegislash|Iron Head|p1b: Glimmora\n|-supereffective|p1b: Glimmora|1\n|-damage|p1b: Glimmora|20/100\n|-activate|p1b: Glimmora|ability: Toxic Debris\n|-sidestart|p2: Adicire|move: Toxic Spikes\n|\n|upkeep\n|turn|6\n|\n|t:|1776131219\n|switch|p1b: Incineroar|Incineroar, L50, F, shiny|74/100\n|-ability|p1b: Incineroar|Intimidate|boost\n|-unboost|p2a: Aegislash|atk|1\n|-unboost|p2b: Incineroar|atk|1\n|detailschange|p1a: Scizor|Scizor-Mega, L50, F, shiny\n|-mega|p1a: Scizor|Scizor|Scizorite\n|move|p2a: Aegislash|Shadow Sneak|p1b: Incineroar\n|-resisted|p1b: Incineroar|1\n|-damage|p1b: Incineroar|68/100\n|move|p1a: Scizor|Swords Dance|p1a: Scizor\n|-boost|p1a: Scizor|atk|2\n|move|p2b: Incineroar|Flare Blitz|p1a: Scizor\n|-supereffective|p1a: Scizor|2\n|-damage|p1a: Scizor|37/100\n|-damage|p2b: Incineroar|72/100|[from] Recoil\n|\n|upkeep\n|turn|7\n|\n|t:|1776131257\n|switch|p2a: Rotom|Rotom-Wash, L50|91/100\n|move|p1a: Scizor|Bug Bite|p2b: Incineroar\n|-crit|p2b: Incineroar\n|-damage|p2b: Incineroar|0 fnt\n|-enditem|p2b: Incineroar|Sitrus Berry|[from] stealeat|[move] Bug Bite|[of] p1a: Scizor\n|-heal|p1a: Scizor|62/100|[from] item: Sitrus Berry\n|faint|p2b: Incineroar\n|move|p1b: Incineroar|Parting Shot|p2a: Rotom\n|-unboost|p2a: Rotom|atk|1\n|-unboost|p2a: Rotom|spa|1\n|\n|t:|1776131267\n|switch|p1b: Sinistcha|Sinistcha, L50|100/100|[from] Parting Shot\n|-heal|p1a: Scizor|87/100|[from] ability: Hospitality|[of] p1b: Sinistcha\n|\n|upkeep\n|\n|t:|1776131274\n|switch|p2b: Aegislash|Aegislash, L50, M|100/100\n|turn|8\n|\n|t:|1776131310\n|switch|p1b: Incineroar|Incineroar, L50, F, shiny|68/100\n|-ability|p1b: Incineroar|Intimidate|boost\n|-unboost|p2a: Rotom|atk|1\n|-unboost|p2b: Aegislash|atk|1\n|move|p2a: Rotom|Hydro Pump|p1b: Incineroar\n|-supereffective|p1b: Incineroar|1\n|-damage|p1b: Incineroar|7/100\n|-enditem|p1b: Incineroar|Sitrus Berry|[eat]\n|-heal|p1b: Incineroar|32/100|[from] item: Sitrus Berry\n|move|p1a: Scizor|Bug Bite|p2a: Rotom\n|-damage|p2a: Rotom|0 fnt\n|faint|p2a: Rotom\n|-formechange|p2b: Aegislash|Aegislash-Blade|\n|move|p2b: Aegislash|Poltergeist||[still]\n|-fail|p2b: Aegislash\n|\n|upkeep\n|\n|t:|1776131324\n|switch|p2a: Floette|Floette-Mega, L50, F|82/100\n|-status|p2a: Floette|tox\n|-ability|p2a: Floette|Fairy Aura\n|turn|9\n|-message|Adicire forfeited.\n|\n|win|MikeTitan\n|raw|MikeTitan's rating: 1217 &rarr; <strong>1247</strong><br />(+30 for winning)\n|raw|Adicire's rating: 1284 &rarr; <strong>1254</strong><br />(-30 for losing)\n|l|\u2606Adicire\n|player|p2|\n",
  "uploadtime": 1776131338,
  "views": 33,
  "formatid": "gen9championsvgc2026regma",
  "rating": 1247,
  "private": 0,
  "password": null
}