{
  "id": "gen9championsvgc2026regma-2580974120",
  "format": "[Gen 9 Champions] VGC 2026 Reg M-A",
  "players": [
    "jajajajajajajamon",
    "Hadeirko"
  ],
  "log": "|j|\u2606jajajajajajajamon\n|j|\u2606Hadeirko\n|t:|1775948098\n|gametype|doubles\n|player|p1|jajajajajajajamon|266|1112\n|player|p2|Hadeirko|265|1112\n|gen|9\n|tier|[Gen 9 Champions] VGC 2026 Reg M-A\n|rated|\n|rule|Species Clause: Limit one of each Pok\u00e9mon\n|rule|Item Clause: Limit 1 of each item\n|clearpoke\n|poke|p1|Whimsicott, L50, M|\n|poke|p1|Mudsdale, L50, F|\n|poke|p1|Hawlucha, L50, M|\n|poke|p1|Kingambit, L50, F|\n|poke|p1|Basculegion, L50, M|\n|poke|p1|Incineroar, L50, F|\n|poke|p2|Alakazam, L50, F|\n|poke|p2|Sinistcha, L50|\n|poke|p2|Kingambit, L50, M|\n|poke|p2|Araquanid, L50, F|\n|poke|p2|Maushold, L50|\n|poke|p2|Arcanine-Hisui, L50, F|\n|teampreview|4\n|\n|t:|1775948152\n|teamsize|p1|4\n|teamsize|p2|4\n|start\n|switch|p1a: Hawlucha|Hawlucha, L50, M|100/100\n|switch|p1b: Kingambit|Kingambit, L50, F|100/100\n|switch|p2a: Sinistcha|Sinistcha, L50|100/100\n|switch|p2b: Maushold|Maushold, L50|100/100\n|turn|1\n|\n|t:|1775948182\n|switch|p1b: Whimsicott|Whimsicott, L50, M|100/100\n|detailschange|p1a: Hawlucha|Hawlucha-Mega, L50, M\n|-mega|p1a: Hawlucha|Hawlucha|Hawluchanite\n|move|p1a: Hawlucha|Protect|p1a: Hawlucha\n|-singleturn|p1a: Hawlucha|Protect\n|move|p2b: Maushold|Follow Me|p2b: Maushold\n|-singleturn|p2b: Maushold|move: Follow Me\n|move|p2a: Sinistcha|Trick Room|p2a: Sinistcha\n|-fieldstart|move: Trick Room|[of] p2a: Sinistcha\n|\n|upkeep\n|turn|2\n|\n|t:|1775948220\n|switch|p2b: Araquanid|Araquanid, L50, F|100/100\n|switch|p1a: Mudsdale|Mudsdale, L50, F|100/100\n|move|p2a: Sinistcha|Shadow Ball|p1a: Mudsdale\n|-damage|p1a: Mudsdale|72/100\n|-ability|p1a: Mudsdale|Stamina|boost\n|-boost|p1a: Mudsdale|def|1\n|move|p1b: Whimsicott|Beat Up|p1a: Mudsdale\n|-damage|p1a: Mudsdale|70/100\n|-ability|p1a: Mudsdale|Stamina|boost\n|-boost|p1a: Mudsdale|def|1\n|-damage|p1a: Mudsdale|69/100\n|-ability|p1a: Mudsdale|Stamina|boost\n|-boost|p1a: Mudsdale|def|1\n|-damage|p1a: Mudsdale|68/100\n|-ability|p1a: Mudsdale|Stamina|boost\n|-boost|p1a: Mudsdale|def|1\n|-damage|p1a: Mudsdale|67/100\n|-ability|p1a: Mudsdale|Stamina|boost\n|-boost|p1a: Mudsdale|def|1\n|-hitcount|p1a: Mudsdale|4\n|\n|-heal|p1a: Mudsdale|72/100|[from] item: Leftovers\n|upkeep\n|turn|3\n|\n|t:|1775948251\n|move|p1b: Whimsicott|Helping Hand|p1a: Mudsdale\n|-singleturn|p1a: Mudsdale|Helping Hand|[of] p1b: Whimsicott\n|move|p2b: Araquanid|Liquidation|p1a: Mudsdale\n|-supereffective|p1a: Mudsdale|1\n|-damage|p1a: Mudsdale|38/100\n|-ability|p1a: Mudsdale|Stamina|boost\n|-boost|p1a: Mudsdale|def|1\n|move|p1a: Mudsdale|Body Press|p2b: Araquanid\n|-resisted|p2b: Araquanid|1\n|-damage|p2b: Araquanid|31/100\n|move|p2a: Sinistcha|Matcha Gotcha|p1b: Whimsicott|[spread] p1a,p1b\n|-supereffective|p1a: Mudsdale|1\n|-crit|p1a: Mudsdale\n|-resisted|p1b: Whimsicott|1\n|-damage|p1a: Mudsdale|0 fnt\n|-damage|p1b: Whimsicott|84/100\n|faint|p1a: Mudsdale\n|\n|upkeep\n|\n|t:|1775948264\n|switch|p1a: Kingambit|Kingambit, L50, F|100/100\n|turn|4\n|\n|t:|1775948284\n|switch|p2a: Maushold|Maushold, L50|100/100\n|move|p1a: Kingambit|Sucker Punch|p2b: Araquanid\n|-damage|p2b: Araquanid|0 fnt\n|faint|p2b: Araquanid\n|move|p1b: Whimsicott|Moonblast|p2a: Maushold\n|-damage|p2a: Maushold|71/100\n|\n|upkeep\n|\n|t:|1775948297\n|switch|p2b: Kingambit|Kingambit, L50, M|100/100\n|turn|5\n|\n|t:|1775948305\n|switch|p1b: Hawlucha|Hawlucha-Mega, L50, M|100/100\n|move|p1a: Kingambit|Protect|p1a: Kingambit\n|-singleturn|p1a: Kingambit|Protect\n|move|p2b: Kingambit|Low Kick|p1a: Kingambit\n|-activate|p1a: Kingambit|move: Protect\n|move|p2a: Maushold|Hyper Voice|p1a: Kingambit|[spread] p1b\n|-activate|p1a: Kingambit|move: Protect\n|-damage|p1b: Hawlucha|79/100\n|\n|-fieldend|move: Trick Room\n|upkeep\n|turn|6\n|\n|t:|1775948342\n|switch|p2b: Sinistcha|Sinistcha, L50|100/100\n|-heal|p2a: Maushold|96/100|[from] ability: Hospitality|[of] p2b: Sinistcha\n|move|p1b: Hawlucha|Entrainment|p1a: Kingambit\n|-ability|p1a: Kingambit|No Guard|Defiant|[from] move: Entrainment|[of] p1b: Hawlucha\n|move|p2a: Maushold|Hyper Voice|p1b: Hawlucha|[spread] p1a,p1b\n|-resisted|p1a: Kingambit|1\n|-damage|p1a: Kingambit|92/100\n|-damage|p1b: Hawlucha|53/100\n|move|p1a: Kingambit|Guillotine|p2b: Sinistcha\n|-immune|p2b: Sinistcha\n|\n|upkeep\n|turn|7\n|\n|t:|1775948367\n|move|p1b: Hawlucha|Protect|p1b: Hawlucha\n|-singleturn|p1b: Hawlucha|Protect\n|move|p2a: Maushold|Follow Me|p2a: Maushold\n|-singleturn|p2a: Maushold|move: Follow Me\n|move|p1a: Kingambit|Guillotine|p2a: Maushold\n|-damage|p2a: Maushold|0 fnt\n|faint|p2a: Maushold\n|-ohko\n|move|p2b: Sinistcha|Trick Room|p2b: Sinistcha\n|-fieldstart|move: Trick Room|[of] p2b: Sinistcha\n|\n|upkeep\n|\n|t:|1775948376\n|switch|p2a: Kingambit|Kingambit, L50, M|100/100\n|turn|8\n|\n|t:|1775948387\n|move|p1a: Kingambit|Protect|p1a: Kingambit\n|-singleturn|p1a: Kingambit|Protect\n|move|p2a: Kingambit|Kowtow Cleave|p1b: Hawlucha\n|-resisted|p1b: Hawlucha|1\n|-damage|p1b: Hawlucha|30/100\n|move|p2b: Sinistcha|Shadow Ball|p1b: Hawlucha\n|-damage|p1b: Hawlucha|0 fnt\n|faint|p1b: Hawlucha\n|\n|upkeep\n|\n|t:|1775948396\n|switch|p1b: Whimsicott|Whimsicott, L50, M|84/100\n|turn|9\n|\n|t:|1775948405\n|move|p2b: Sinistcha|Rage Powder|p2b: Sinistcha\n|-singleturn|p2b: Sinistcha|move: Rage Powder\n|move|p1a: Kingambit|Guillotine|p2b: Sinistcha\n|-immune|p2b: Sinistcha\n|move|p2a: Kingambit|Low Kick|p1a: Kingambit\n|-supereffective|p1a: Kingambit|2\n|-damage|p1a: Kingambit|1/100\n|move|p1b: Whimsicott|Moonblast|p2b: Sinistcha\n|-damage|p2b: Sinistcha|75/100\n|\n|upkeep\n|turn|10\n|-message|jajajajajajajamon forfeited.\n|\n|win|Hadeirko\n|raw|jajajajajajajamon's rating: 1112 &rarr; <strong>1087</strong><br />(-25 for losing)\n|raw|Hadeirko's rating: 1112 &rarr; <strong>1137</strong><br />(+25 for winning)\n|l|\u2606jajajajajajajamon\n|player|p1|\n",
  "uploadtime": 1775948420,
  "views": 15,
  "formatid": "gen9championsvgc2026regma",
  "rating": 1087,
  "private": 0,
  "password": null
}