{
  "id": "gen9championsvgc2026regma-2588573299",
  "format": "[Gen 9 Champions] VGC 2026 Reg M-A",
  "players": [
    "KengawaK",
    "rileyscott64"
  ],
  "log": "|j|\u2606KengawaK\n|j|\u2606rileyscott64\n|t:|1776646294\n|gametype|doubles\n|player|p1|KengawaK|1|1022\n|player|p2|rileyscott64|169|1027\n|gen|9\n|tier|[Gen 9 Champions] VGC 2026 Reg M-A\n|rated|\n|rule|Species Clause: Limit one of each Pok\u00e9mon\n|rule|Item Clause: Limit 1 of each item\n|clearpoke\n|poke|p1|Raichu, L50, F|\n|poke|p1|Meowstic, L50, M|\n|poke|p1|Gengar, L50, M|\n|poke|p1|Kingambit, L50, F|\n|poke|p1|Charizard, L50, M|\n|poke|p1|Venusaur, L50, F|\n|poke|p2|Golurk, L50|\n|poke|p2|Empoleon, L50, M|\n|poke|p2|Oranguru, L50, F|\n|poke|p2|Corviknight, L50, F|\n|poke|p2|Sinistcha, L50|\n|poke|p2|Arcanine-Hisui, L50, M|\n|teampreview|4\n|\n|t:|1776646372\n|teamsize|p1|4\n|teamsize|p2|4\n|start\n|switch|p1a: Charizard|Charizard, L50, M|100/100\n|switch|p1b: Meowstic|Meowstic, L50, M|100/100\n|switch|p2a: Arcanine|Arcanine-Hisui, L50, M|100/100\n|switch|p2b: Oranguru|Oranguru, L50, F|100/100\n|-ability|p2a: Arcanine|Intimidate|boost\n|-unboost|p1a: Charizard|atk|1\n|-unboost|p1b: Meowstic|atk|1\n|turn|1\n|\n|t:|1776646400\n|move|p1a: Charizard|Protect|p1a: Charizard\n|-singleturn|p1a: Charizard|Protect\n|move|p2a: Arcanine|Rock Slide|p1b: Meowstic|[spread] p1b\n|-activate|p1a: Charizard|move: Protect\n|-damage|p1b: Meowstic|66/100\n|cant|p1b: Meowstic|flinch\n|move|p2b: Oranguru|Trick Room|p2b: Oranguru\n|-fieldstart|move: Trick Room|[of] p2b: Oranguru\n|\n|upkeep\n|turn|2\n|\n|t:|1776646439\n|switch|p1a: Venusaur|Venusaur, L50, F|100/100\n|move|p1b: Meowstic|Reflect|p1b: Meowstic\n|-sidestart|p1: KengawaK|Reflect\n|move|p2b: Oranguru|Instruct|p2a: Arcanine\n|-singleturn|p2a: Arcanine|move: Instruct|[of] p2b: Oranguru\n|move|p2a: Arcanine|Rock Slide|p1b: Meowstic|[spread] p1a,p1b\n|-damage|p1a: Venusaur|80/100\n|-damage|p1b: Meowstic|40/100\n|move|p2a: Arcanine|Rock Slide|p1a: Venusaur|[spread] p1a,p1b\n|-damage|p1a: Venusaur|58/100\n|-damage|p1b: Meowstic|17/100\n|\n|-heal|p1a: Venusaur|64/100|[from] item: Leftovers\n|upkeep\n|turn|3\n|\n|t:|1776646461\n|move|p1b: Meowstic|Psychic Terrain|p1b: Meowstic\n|-fieldstart|move: Psychic Terrain\n|move|p2b: Oranguru|Psychic|p1a: Venusaur\n|-supereffective|p1a: Venusaur|1\n|-damage|p1a: Venusaur|3/100\n|move|p1a: Venusaur|Sleep Powder|p2a: Arcanine\n|-status|p2a: Arcanine|slp|[from] move: Sleep Powder\n|cant|p2a: Arcanine|slp\n|\n|-heal|p1a: Venusaur|9/100|[from] item: Leftovers\n|upkeep\n|turn|4\n|\n|t:|1776646500\n|switch|p1a: Kingambit|Kingambit, L50, F|100/100\n|move|p2b: Oranguru|Psychic|p1a: Kingambit\n|-immune|p1a: Kingambit\n|move|p1b: Meowstic|Psychic|p2a: Arcanine\n|-damage|p2a: Arcanine|55/100 slp\n|-curestatus|p2a: Arcanine|slp|[msg]\n|move|p2a: Arcanine|Rock Slide|p1b: Meowstic|[spread] p1a,p1b\n|-resisted|p1a: Kingambit|1\n|-damage|p1a: Kingambit|94/100\n|-damage|p1b: Meowstic|0 fnt\n|faint|p1b: Meowstic\n|\n|upkeep\n|\n|t:|1776646516\n|switch|p1b: Charizard|Charizard, L50, M|100/100\n|turn|5\n|\n|t:|1776646530\n|move|p1b: Charizard|Protect|p1b: Charizard\n|-singleturn|p1b: Charizard|Protect\n|move|p1a: Kingambit|Kowtow Cleave|p2b: Oranguru\n|-supereffective|p2b: Oranguru|1\n|-damage|p2b: Oranguru|33/100\n|move|p2b: Oranguru|Instruct|p2a: Arcanine\n|-singleturn|p2a: Arcanine|move: Instruct|[of] p2b: Oranguru\n|move|p2a: Arcanine|Rock Slide|p1b: Charizard|[spread] p1a\n|-activate|p1b: Charizard|move: Protect\n|-resisted|p1a: Kingambit|1\n|-damage|p1a: Kingambit|88/100\n|move|p2a: Arcanine|Flare Blitz|p1a: Kingambit\n|-supereffective|p1a: Kingambit|1\n|-damage|p1a: Kingambit|36/100\n|-status|p1a: Kingambit|brn\n|-damage|p2a: Arcanine|37/100|[from] Recoil\n|\n|-damage|p1a: Kingambit|30/100 brn|[from] brn\n|-fieldend|move: Trick Room\n|upkeep\n|turn|6\n|\n|t:|1776646557\n|detailschange|p1b: Charizard|Charizard-Mega-Y, L50, M\n|-mega|p1b: Charizard|Charizard|Charizardite Y\n|-weather|SunnyDay|[from] ability: Drought|[of] p1b: Charizard\n|move|p2b: Oranguru|Protect|p2b: Oranguru\n|-singleturn|p2b: Oranguru|Protect\n|move|p1a: Kingambit|Sucker Punch|p2a: Arcanine\n|-activate|p2a: Arcanine|move: Psychic Terrain\n|move|p1b: Charizard|Heat Wave|p2a: Arcanine|[spread] p2a\n|-activate|p2b: Oranguru|move: Protect\n|-resisted|p2a: Arcanine|2\n|-damage|p2a: Arcanine|14/100\n|move|p2a: Arcanine|Rock Slide|p1b: Charizard|[spread] p1a,p1b\n|-resisted|p1a: Kingambit|1\n|-supereffective|p1b: Charizard|2\n|-crit|p1b: Charizard\n|-damage|p1a: Kingambit|24/100 brn\n|-damage|p1b: Charizard|0 fnt\n|faint|p1b: Charizard\n|\n|-weather|SunnyDay|[upkeep]\n|-damage|p1a: Kingambit|18/100 brn|[from] brn\n|-sideend|p1: KengawaK|Reflect\n|upkeep\n|-message|KengawaK forfeited.\n|\n|win|rileyscott64\n|raw|KengawaK's rating: 1022 &rarr; <strong>1009</strong><br />(-13 for losing)\n|raw|rileyscott64's rating: 1027 &rarr; <strong>1062</strong><br />(+35 for winning)\n|l|\u2606KengawaK\n|player|p1|\n",
  "uploadtime": 1776646591,
  "views": 14,
  "formatid": "gen9championsvgc2026regma",
  "rating": 1009,
  "private": 0,
  "password": null
}