{
  "id": "gen9championsvgc2026regma-2586298430",
  "format": "[Gen 9 Champions] VGC 2026 Reg M-A",
  "players": [
    "dasabe\u76d6\u6b27\u5361\u4fa0",
    "TinoD"
  ],
  "log": "|j|\u2606dasabe\u76d6\u6b27\u5361\u4fa0\n|j|\u2606TinoD\n|t:|1776422713\n|gametype|doubles\n|player|p1|dasabe\u76d6\u6b27\u5361\u4fa0|may-masters4|1223\n|player|p2|TinoD|preschooler|1279\n|gen|9\n|tier|[Gen 9 Champions] VGC 2026 Reg M-A\n|rated|\n|rule|Species Clause: Limit one of each Pok\u00e9mon\n|rule|Item Clause: Limit 1 of each item\n|clearpoke\n|poke|p1|Froslass, L50, F|\n|poke|p1|Garchomp, L50, F|\n|poke|p1|Incineroar, L50, M|\n|poke|p1|Kommo-o, L50, F|\n|poke|p1|Kingambit, L50, M|\n|poke|p1|Aegislash, L50, M|\n|poke|p2|Dragonite, L50, M|\n|poke|p2|Incineroar, L50, F|\n|poke|p2|Pelipper, L50, F|\n|poke|p2|Garchomp, L50, F|\n|poke|p2|Basculegion, L50, M|\n|poke|p2|Rotom-Wash, L50|\n|teampreview|4\n|inactive|Battle timer is ON: inactive players will automatically lose when time's up. (requested by TinoD)\n|inactive|TinoD has 60 seconds left.\n|\n|t:|1776422749\n|teamsize|p1|4\n|teamsize|p2|4\n|start\n|switch|p1a: \u5996\u67e5\u4f60\u7684\u96ea|Froslass, L50, F, shiny|100/100\n|switch|p1b: \u5200\u5b98|Kingambit, L50, M, shiny|100/100\n|switch|p2a: Incineroar|Incineroar, L50, F|100/100\n|switch|p2b: Rotom|Rotom-Wash, L50|100/100\n|-ability|p2a: Incineroar|Intimidate|boost\n|-unboost|p1a: \u5996\u67e5\u4f60\u7684\u96ea|atk|1\n|-unboost|p1b: \u5200\u5b98|atk|1\n|-ability|p1b: \u5200\u5b98|Defiant|boost\n|-boost|p1b: \u5200\u5b98|atk|2\n|turn|1\n|inactive|TinoD has 30 seconds left.\n|inactive|TinoD has 20 seconds left.\n|inactive|TinoD has 15 seconds left.\n|\n|t:|1776422793\n|move|p1a: \u5996\u67e5\u4f60\u7684\u96ea|Protect|p1a: \u5996\u67e5\u4f60\u7684\u96ea\n|-singleturn|p1a: \u5996\u67e5\u4f60\u7684\u96ea|Protect\n|move|p1b: \u5200\u5b98|Protect|p1b: \u5200\u5b98\n|-singleturn|p1b: \u5200\u5b98|Protect\n|move|p2b: Rotom|Will-O-Wisp|p1b: \u5200\u5b98\n|-activate|p1b: \u5200\u5b98|move: Protect\n|move|p2a: Incineroar|Throat Chop|p1a: \u5996\u67e5\u4f60\u7684\u96ea\n|-activate|p1a: \u5996\u67e5\u4f60\u7684\u96ea|move: Protect\n|\n|upkeep\n|turn|2\n|\n|t:|1776422810\n|switch|p1b: \u629b\u5f00\u864e\u54e5\u54ee\u7a74|Incineroar, L50, M, shiny|100/100\n|-ability|p1b: \u629b\u5f00\u864e\u54e5\u54ee\u7a74|Intimidate|boost\n|-unboost|p2a: Incineroar|atk|1\n|-unboost|p2b: Rotom|atk|1\n|detailschange|p1a: \u5996\u67e5\u4f60\u7684\u96ea|Froslass-Mega, L50, F, shiny\n|-mega|p1a: \u5996\u67e5\u4f60\u7684\u96ea|Froslass|Froslassite\n|-weather|Snowscape|[from] ability: Snow Warning|[of] p1a: \u5996\u67e5\u4f60\u7684\u96ea\n|move|p1a: \u5996\u67e5\u4f60\u7684\u96ea|Aurora Veil|p1a: \u5996\u67e5\u4f60\u7684\u96ea\n|-sidestart|p1: dasabe\u76d6\u6b27\u5361\u4fa0|move: Aurora Veil\n|move|p2b: Rotom|Volt Switch|p1b: \u629b\u5f00\u864e\u54e5\u54ee\u7a74\n|-damage|p1b: \u629b\u5f00\u864e\u54e5\u54ee\u7a74|84/100\n|\n|t:|1776422822\n|switch|p2b: Pelipper|Pelipper, L50, F|100/100|[from] Volt Switch\n|-weather|RainDance|[from] ability: Drizzle|[of] p2b: Pelipper\n|move|p2a: Incineroar|Close Combat|p1b: \u629b\u5f00\u864e\u54e5\u54ee\u7a74\n|-supereffective|p1b: \u629b\u5f00\u864e\u54e5\u54ee\u7a74|1\n|-damage|p1b: \u629b\u5f00\u864e\u54e5\u54ee\u7a74|55/100\n|-unboost|p2a: Incineroar|def|1\n|-unboost|p2a: Incineroar|spd|1\n|\n|-weather|RainDance|[upkeep]\n|upkeep\n|turn|3\n|\n|t:|1776422832\n|switch|p2b: Rotom|Rotom-Wash, L50|100/100\n|move|p1b: \u629b\u5f00\u864e\u54e5\u54ee\u7a74|Fake Out|p2a: Incineroar\n|-damage|p2a: Incineroar|84/100\n|move|p1a: \u5996\u67e5\u4f60\u7684\u96ea|Blizzard|p2b: Rotom|[spread] \n|-miss|p1a: \u5996\u67e5\u4f60\u7684\u96ea|p2a: Incineroar\n|-miss|p1a: \u5996\u67e5\u4f60\u7684\u96ea|p2b: Rotom\n|cant|p2a: Incineroar|flinch\n|\n|-weather|RainDance|[upkeep]\n|-heal|p2a: Incineroar|90/100|[from] item: Leftovers\n|upkeep\n|turn|4\n|inactive|TinoD has 30 seconds left.\n|\n|t:|1776422859\n|switch|p1a: \u5200\u5b98|Kingambit, L50, M, shiny|100/100\n|move|p2b: Rotom|Electroweb|p1b: \u629b\u5f00\u864e\u54e5\u54ee\u7a74|[spread] p1a,p1b\n|-damage|p1a: \u5200\u5b98|90/100\n|-damage|p1b: \u629b\u5f00\u864e\u54e5\u54ee\u7a74|46/100\n|-unboost|p1a: \u5200\u5b98|spe|1\n|-ability|p1a: \u5200\u5b98|Defiant|boost\n|-boost|p1a: \u5200\u5b98|atk|2\n|-unboost|p1b: \u629b\u5f00\u864e\u54e5\u54ee\u7a74|spe|1\n|-enditem|p1b: \u629b\u5f00\u864e\u54e5\u54ee\u7a74|Sitrus Berry|[eat]\n|-heal|p1b: \u629b\u5f00\u864e\u54e5\u54ee\u7a74|70/100|[from] item: Sitrus Berry\n|move|p2a: Incineroar|Parting Shot|p1a: \u5200\u5b98\n|-unboost|p1a: \u5200\u5b98|atk|1\n|-ability|p1a: \u5200\u5b98|Defiant|boost\n|-boost|p1a: \u5200\u5b98|atk|2\n|-unboost|p1a: \u5200\u5b98|spa|1\n|-ability|p1a: \u5200\u5b98|Defiant|boost\n|-boost|p1a: \u5200\u5b98|atk|2\n|\n|t:|1776422871\n|switch|p2a: Garchomp|Garchomp, L50, F|100/100|[from] Parting Shot\n|move|p1b: \u629b\u5f00\u864e\u54e5\u54ee\u7a74|Parting Shot|p2b: Rotom\n|-unboost|p2b: Rotom|atk|1\n|-unboost|p2b: Rotom|spa|1\n|\n|t:|1776422880\n|switch|p1b: \u5996\u67e5\u4f60\u7684\u96ea|Froslass-Mega, L50, F, shiny|100/100|[from] Parting Shot\n|-weather|Snowscape|[from] ability: Snow Warning|[of] p1b: \u5996\u67e5\u4f60\u7684\u96ea\n|\n|-weather|Snowscape|[upkeep]\n|upkeep\n|turn|5\n|inactive|TinoD has 30 seconds left.\n|\n|t:|1776422908\n|move|p2a: Garchomp|Protect|p2a: Garchomp\n|-singleturn|p2a: Garchomp|Protect\n|move|p1a: \u5200\u5b98|Sucker Punch||[still]\n|-fail|p1a: \u5200\u5b98\n|move|p1b: \u5996\u67e5\u4f60\u7684\u96ea|Shadow Ball|p2b: Rotom\n|-damage|p2b: Rotom|58/100\n|move|p2b: Rotom|Volt Switch|p1b: \u5996\u67e5\u4f60\u7684\u96ea\n|-damage|p1b: \u5996\u67e5\u4f60\u7684\u96ea|88/100\n|\n|t:|1776422916\n|switch|p2b: Pelipper|Pelipper, L50, F|100/100|[from] Volt Switch\n|-weather|RainDance|[from] ability: Drizzle|[of] p2b: Pelipper\n|\n|-weather|RainDance|[upkeep]\n|upkeep\n|turn|6\n|\n|t:|1776422923\n|move|p1a: \u5200\u5b98|Sucker Punch|p2a: Garchomp\n|-damage|p2a: Garchomp|0 fnt\n|-damage|p1a: \u5200\u5b98|78/100|[from] ability: Rough Skin|[of] p2a: Garchomp\n|faint|p2a: Garchomp\n|move|p2b: Pelipper|Muddy Water|p1a: \u5200\u5b98|[spread] p1a\n|-miss|p2b: Pelipper|p1b: \u5996\u67e5\u4f60\u7684\u96ea\n|-damage|p1a: \u5200\u5b98|44/100\n|move|p1b: \u5996\u67e5\u4f60\u7684\u96ea|Shadow Ball|p2b: Pelipper\n|-damage|p2b: Pelipper|20/100\n|-unboost|p2b: Pelipper|spd|1\n|\n|-weather|RainDance|[upkeep]\n|-sideend|p1: dasabe\u76d6\u6b27\u5361\u4fa0|move: Aurora Veil\n|upkeep\n|-message|TinoD forfeited.\n|\n|win|dasabe\u76d6\u6b27\u5361\u4fa0\n|raw|dasabe\u76d6\u6b27\u5361\u4fa0's rating: 1223 &rarr; <strong>1252</strong><br />(+29 for winning)\n|raw|TinoD's rating: 1279 &rarr; <strong>1250</strong><br />(-29 for losing)\n|l|\u2606TinoD\n|player|p2|\n",
  "uploadtime": 1776422947,
  "views": 50,
  "formatid": "gen9championsvgc2026regma",
  "rating": 1250,
  "private": 0,
  "password": null
}