{
  "id": "gen9championsvgc2026regma-2587421223",
  "format": "[Gen 9 Champions] VGC 2026 Reg M-A",
  "players": [
    "Lenghong",
    "crapa"
  ],
  "log": "|j|\u2606Lenghong\n|j|\u2606crapa\n|t:|1776530388\n|gametype|doubles\n|player|p1|Lenghong|hilda|1263\n|player|p2|crapa|266|1228\n|gen|9\n|tier|[Gen 9 Champions] VGC 2026 Reg M-A\n|rated|\n|rule|Species Clause: Limit one of each Pok\u00e9mon\n|rule|Item Clause: Limit 1 of each item\n|clearpoke\n|poke|p1|Kommo-o, L50, F|\n|poke|p1|Heliolisk, L50, F|\n|poke|p1|Incineroar, L50, M|\n|poke|p1|Sableye, L50, F|\n|poke|p1|Sinistcha-Masterpiece, L50|\n|poke|p1|Venusaur, L50, F|\n|poke|p2|Froslass, L50, F|\n|poke|p2|Jolteon, L50, F|\n|poke|p2|Arcanine-Hisui, L50, M|\n|poke|p2|Sneasler, L50, F|\n|poke|p2|Hydreigon, L50, M|\n|poke|p2|Garchomp, L50, M|\n|teampreview|4\n|\n|t:|1776530440\n|teamsize|p1|4\n|teamsize|p2|4\n|start\n|switch|p1a: Incineroar|Incineroar, L50, M|100/100\n|switch|p1b: Venusaur|Venusaur, L50, F|100/100\n|switch|p2a: Froslass|Froslass, L50, F|100/100\n|switch|p2b: Garchomp|Garchomp, L50, M|100/100\n|-ability|p1a: Incineroar|Intimidate|boost\n|-unboost|p2a: Froslass|atk|1\n|-unboost|p2b: Garchomp|atk|1\n|turn|1\n|\n|t:|1776530457\n|detailschange|p2a: Froslass|Froslass-Mega, L50, F\n|-mega|p2a: Froslass|Froslass|Froslassite\n|-weather|Snowscape|[from] ability: Snow Warning|[of] p2a: Froslass\n|move|p1b: Venusaur|Protect|p1b: Venusaur\n|-singleturn|p1b: Venusaur|Protect\n|move|p2b: Garchomp|Stomping Tantrum|p1a: Incineroar\n|-supereffective|p1a: Incineroar|1\n|-damage|p1a: Incineroar|54/100\n|move|p2a: Froslass|Blizzard|p1b: Venusaur|[spread] p1a\n|-activate|p1b: Venusaur|move: Protect\n|-resisted|p1a: Incineroar|1\n|-damage|p1a: Incineroar|32/100\n|-enditem|p1a: Incineroar|Sitrus Berry|[eat]\n|-heal|p1a: Incineroar|57/100|[from] item: Sitrus Berry\n|move|p1a: Incineroar|Snarl|p2b: Garchomp|[spread] p2a,p2b\n|-supereffective|p2a: Froslass|1\n|-damage|p2a: Froslass|76/100\n|-damage|p2b: Garchomp|90/100\n|-unboost|p2a: Froslass|spa|1\n|-unboost|p2b: Garchomp|spa|1\n|\n|-weather|Snowscape|[upkeep]\n|upkeep\n|turn|2\n|\n|t:|1776530475\n|switch|p2a: Hydreigon|Hydreigon, L50, M|100/100\n|detailschange|p1b: Venusaur|Venusaur-Mega, L50, F\n|-mega|p1b: Venusaur|Venusaur|Venusaurite\n|move|p2b: Garchomp|Stomping Tantrum|p1a: Incineroar\n|-supereffective|p1a: Incineroar|1\n|-damage|p1a: Incineroar|12/100\n|move|p1b: Venusaur|Leech Seed|p2b: Garchomp\n|-start|p2b: Garchomp|move: Leech Seed\n|move|p1a: Incineroar|Parting Shot|p2b: Garchomp\n|-unboost|p2b: Garchomp|atk|1\n|-unboost|p2b: Garchomp|spa|1\n|\n|t:|1776530491\n|switch|p1a: Sableye|Sableye, L50, F|100/100|[from] Parting Shot\n|\n|-weather|Snowscape|[upkeep]\n|-damage|p2b: Garchomp|78/100|[from] Leech Seed|[of] p1b: Venusaur\n|upkeep\n|turn|3\n|\n|t:|1776530505\n|switch|p2b: Sneasler|Sneasler, L50, F|100/100\n|move|p1a: Sableye|Will-O-Wisp|p2b: Sneasler\n|-status|p2b: Sneasler|brn\n|move|p2a: Hydreigon|Snarl|p1b: Venusaur|[spread] p1a,p1b\n|-damage|p1a: Sableye|72/100\n|-damage|p1b: Venusaur|83/100\n|-unboost|p1a: Sableye|spa|1\n|-unboost|p1b: Venusaur|spa|1\n|move|p1b: Venusaur|Leech Seed|p2a: Hydreigon\n|-start|p2a: Hydreigon|move: Leech Seed\n|\n|-weather|Snowscape|[upkeep]\n|-damage|p2a: Hydreigon|88/100|[from] Leech Seed|[of] p1b: Venusaur\n|-heal|p1b: Venusaur|95/100|[silent]\n|-damage|p2b: Sneasler|95/100 brn|[from] brn\n|upkeep\n|turn|4\n|\n|t:|1776530536\n|switch|p1a: Incineroar|Incineroar, L50, M|12/100\n|-ability|p1a: Incineroar|Intimidate|boost\n|-unboost|p2a: Hydreigon|atk|1\n|-unboost|p2b: Sneasler|atk|1\n|-enditem|p2b: Sneasler|White Herb\n|-clearnegativeboost|p2b: Sneasler|[silent]\n|move|p2b: Sneasler|Dire Claw|p1a: Incineroar\n|-damage|p1a: Incineroar|0 fnt\n|faint|p1a: Incineroar\n|move|p2a: Hydreigon|Draco Meteor|p1b: Venusaur\n|-damage|p1b: Venusaur|47/100\n|-unboost|p2a: Hydreigon|spa|2\n|move|p1b: Venusaur|Earth Power|p2b: Sneasler\n|-supereffective|p2b: Sneasler|1\n|-damage|p2b: Sneasler|46/100 brn\n|\n|-weather|Snowscape|[upkeep]\n|-damage|p2a: Hydreigon|76/100|[from] Leech Seed|[of] p1b: Venusaur\n|-heal|p1b: Venusaur|59/100|[silent]\n|-damage|p2b: Sneasler|40/100 brn|[from] brn\n|upkeep\n|\n|t:|1776530548\n|switch|p1a: Sinistcha|Sinistcha-Masterpiece, L50|100/100\n|-heal|p1b: Venusaur|84/100|[from] ability: Hospitality|[of] p1a: Sinistcha\n|turn|5\n|\n|t:|1776530562\n|switch|p2a: Garchomp|Garchomp, L50, M|78/100\n|move|p2b: Sneasler|Dire Claw|p1a: Sinistcha\n|-damage|p1a: Sinistcha|81/100\n|move|p1b: Venusaur|Leech Seed|p2b: Sneasler\n|-start|p2b: Sneasler|move: Leech Seed\n|move|p1a: Sinistcha|Shadow Ball|p2a: Garchomp\n|-damage|p2a: Garchomp|43/100\n|\n|-weather|none\n|-damage|p2b: Sneasler|28/100 brn|[from] Leech Seed|[of] p1b: Venusaur\n|-heal|p1b: Venusaur|94/100|[silent]\n|-damage|p2b: Sneasler|22/100 brn|[from] brn\n|upkeep\n|turn|6\n|\n|t:|1776530581\n|switch|p2b: Hydreigon|Hydreigon, L50, M|76/100\n|move|p1a: Sinistcha|Rage Powder|p1a: Sinistcha\n|-singleturn|p1a: Sinistcha|move: Rage Powder\n|move|p2a: Garchomp|Dragon Claw|p1a: Sinistcha\n|-damage|p1a: Sinistcha|44/100\n|move|p1b: Venusaur|Leech Seed|p2a: Garchomp\n|-start|p2a: Garchomp|move: Leech Seed\n|\n|-damage|p2a: Garchomp|31/100|[from] Leech Seed|[of] p1b: Venusaur\n|-heal|p1b: Venusaur|100/100|[silent]\n|upkeep\n|turn|7\n|\n|t:|1776530605\n|switch|p1a: Sableye|Sableye, L50, F|72/100\n|move|p2a: Garchomp|Dragon Claw|p1b: Venusaur\n|-damage|p1b: Venusaur|65/100\n|move|p2b: Hydreigon|Draco Meteor|p1b: Venusaur\n|-damage|p1b: Venusaur|16/100\n|-unboost|p2b: Hydreigon|spa|2\n|move|p1b: Venusaur|Leech Seed|p2b: Hydreigon\n|-start|p2b: Hydreigon|move: Leech Seed\n|\n|-damage|p2a: Garchomp|19/100|[from] Leech Seed|[of] p1b: Venusaur\n|-heal|p1b: Venusaur|29/100|[silent]\n|-damage|p2b: Hydreigon|64/100|[from] Leech Seed|[of] p1b: Venusaur\n|-heal|p1b: Venusaur|41/100|[silent]\n|upkeep\n|turn|8\n|\n|t:|1776530618\n|switch|p2a: Sneasler|Sneasler, L50, F|22/100 brn\n|switch|p2b: Froslass|Froslass-Mega, L50, F|76/100\n|-weather|Snowscape|[from] ability: Snow Warning|[of] p2b: Froslass\n|move|p1b: Venusaur|Protect|p1b: Venusaur\n|-singleturn|p1b: Venusaur|Protect\n|move|p1a: Sableye|Will-O-Wisp|p2a: Sneasler|[miss]\n|-miss|p1a: Sableye|p2a: Sneasler\n|\n|-weather|Snowscape|[upkeep]\n|-damage|p2a: Sneasler|16/100 brn|[from] brn\n|upkeep\n|turn|9\n|\n|t:|1776530635\n|switch|p1a: Sinistcha|Sinistcha-Masterpiece, L50|44/100\n|-heal|p1b: Venusaur|65/100|[from] ability: Hospitality|[of] p1a: Sinistcha\n|move|p2b: Froslass|Blizzard|p1a: Sinistcha|[spread] p1a,p1b\n|-supereffective|p1a: Sinistcha|1\n|-crit|p1a: Sinistcha\n|-supereffective|p1b: Venusaur|1\n|-damage|p1a: Sinistcha|0 fnt\n|-damage|p1b: Venusaur|28/100\n|faint|p1a: Sinistcha\n|move|p2a: Sneasler|Dire Claw|p1b: Venusaur\n|-damage|p1b: Venusaur|9/100\n|move|p1b: Venusaur|Leech Seed|p2b: Froslass\n|-start|p2b: Froslass|move: Leech Seed\n|\n|-weather|Snowscape|[upkeep]\n|-damage|p2b: Froslass|63/100|[from] Leech Seed|[of] p1b: Venusaur\n|-heal|p1b: Venusaur|19/100|[silent]\n|-damage|p2a: Sneasler|10/100 brn|[from] brn\n|upkeep\n|\n|t:|1776530647\n|switch|p1a: Sableye|Sableye, L50, F|72/100\n|turn|10\n|\n|t:|1776530656\n|switch|p2b: Garchomp|Garchomp, L50, M|19/100\n|move|p1b: Venusaur|Protect|p1b: Venusaur\n|-singleturn|p1b: Venusaur|Protect\n|move|p1a: Sableye|Disable||[still]\n|-fail|p1a: Sableye\n|move|p2a: Sneasler|Dire Claw|p1a: Sableye\n|-resisted|p1a: Sableye|1\n|-damage|p1a: Sableye|58/100\n|\n|-weather|Snowscape|[upkeep]\n|-damage|p2a: Sneasler|4/100 brn|[from] brn\n|upkeep\n|turn|11\n|\n|t:|1776530678\n|move|p1b: Venusaur|Protect||[still]\n|-fail|p1b: Venusaur\n|move|p1a: Sableye|Will-O-Wisp|p2b: Garchomp\n|-status|p2b: Garchomp|brn\n|move|p2b: Garchomp|Stomping Tantrum|p1a: Sableye\n|-damage|p1a: Sableye|32/100\n|move|p2a: Sneasler|Dire Claw|p1a: Sableye\n|-resisted|p1a: Sableye|1\n|-damage|p1a: Sableye|18/100\n|-status|p1a: Sableye|slp\n|\n|-weather|Snowscape|[upkeep]\n|-damage|p2b: Garchomp|13/100 brn|[from] brn\n|-damage|p2a: Sneasler|0 fnt|[from] brn\n|faint|p2a: Sneasler\n|upkeep\n|\n|t:|1776530697\n|switch|p2a: Froslass|Froslass-Mega, L50, F|63/100\n|turn|12\n|\n|t:|1776530705\n|switch|p2b: Hydreigon|Hydreigon, L50, M|64/100\n|move|p1b: Venusaur|Protect|p1b: Venusaur\n|-singleturn|p1b: Venusaur|Protect\n|cant|p1a: Sableye|slp\n|move|p2a: Froslass|Blizzard|p1a: Sableye|[spread] p1a\n|-activate|p1b: Venusaur|move: Protect\n|-damage|p1a: Sableye|0 fnt\n|faint|p1a: Sableye\n|\n|-weather|none\n|upkeep\n|turn|13\n|\n|t:|1776530716\n|move|p2a: Froslass|Shadow Ball|p1b: Venusaur\n|-damage|p1b: Venusaur|0 fnt\n|faint|p1b: Venusaur\n|\n|win|crapa\n|raw|Lenghong's rating: 1236 &rarr; <strong>1210</strong><br />(-26 for losing)\n|raw|crapa's rating: 1228 &rarr; <strong>1254</strong><br />(+26 for winning)\n|l|\u2606Lenghong\n|player|p1|\n",
  "uploadtime": 1776530760,
  "views": 35,
  "formatid": "gen9championsvgc2026regma",
  "rating": 1210,
  "private": 0,
  "password": null
}