{
  "id": "gen9championsvgc2026regma-2583277466",
  "format": "[Gen 9 Champions] VGC 2026 Reg M-A",
  "players": [
    "Ryan96",
    "Markiito18"
  ],
  "log": "|j|\u2606Ryan96\n|j|\u2606Markiito18\n|t:|1776162371\n|gametype|doubles\n|player|p1|Ryan96|crasherwake|1068\n|player|p2|Markiito18|rood|1096\n|gen|9\n|tier|[Gen 9 Champions] VGC 2026 Reg M-A\n|rated|\n|rule|Species Clause: Limit one of each Pok\u00e9mon\n|rule|Item Clause: Limit 1 of each item\n|clearpoke\n|poke|p1|Starmie, L50|\n|poke|p1|Passimian, L50, F|\n|poke|p1|Klefki, L50, F|\n|poke|p1|Raichu, L50, F|\n|poke|p1|Tsareena, L50, F|\n|poke|p1|Incineroar, L50, M|\n|poke|p2|Farigiraf, L50, F|\n|poke|p2|Aerodactyl, L50, F|\n|poke|p2|Incineroar, L50, M|\n|poke|p2|Floette-Eternal, L50, F|\n|poke|p2|Milotic, L50, M|\n|poke|p2|Sinistcha, L50|\n|teampreview|4\n|inactive|Battle timer is ON: inactive players will automatically lose when time's up. (requested by Ryan96)\n|inactive|Markiito18 has 60 seconds left.\n|\n|t:|1776162537\n|teamsize|p1|4\n|teamsize|p2|4\n|start\n|switch|p1a: Passimian|Passimian, L50, F|100/100\n|switch|p1b: Klefki|Klefki, L50, F|100/100\n|switch|p2a: Farigiraf|Farigiraf, L50, F, shiny|100/100\n|switch|p2b: Floette|Floette-Eternal, L50, F|100/100\n|turn|1\n|\n|t:|1776162554\n|detailschange|p2b: Floette|Floette-Mega, L50, F\n|-mega|p2b: Floette|Floette|Floettite\n|-ability|p2b: Floette|Fairy Aura\n|move|p2b: Floette|Protect|p2b: Floette\n|-singleturn|p2b: Floette|Protect\n|move|p1a: Passimian|Gunk Shot|p2b: Floette\n|-activate|p2b: Floette|move: Protect\n|move|p1b: Klefki|Dazzling Gleam|p2a: Farigiraf|[spread] p2a\n|-activate|p2b: Floette|move: Protect\n|-damage|p2a: Farigiraf|79/100\n|move|p2a: Farigiraf|Trick Room|p2a: Farigiraf\n|-fieldstart|move: Trick Room|[of] p2a: Farigiraf\n|\n|upkeep\n|turn|2\n|inactive|Markiito18 has 30 seconds left.\n|inactive|Markiito18 has 20 seconds left.\n|inactive|Markiito18 has 15 seconds left.\n|inactive|Markiito18 has 10 seconds left.\n|inactive|Markiito18 has 5 seconds left.\n|\n|t:|1776162605\n|switch|p1a: W.W.E.|Incineroar, L50, M|100/100\n|-ability|p1a: W.W.E.|Intimidate|boost\n|-unboost|p2a: Farigiraf|atk|1\n|-unboost|p2b: Floette|atk|1\n|move|p2a: Farigiraf|Helping Hand|p2b: Floette\n|-singleturn|p2b: Floette|Helping Hand|[of] p2a: Farigiraf\n|move|p1b: Klefki|Dazzling Gleam|p2a: Farigiraf|[spread] p2a,p2b\n|-damage|p2a: Farigiraf|57/100\n|-damage|p2b: Floette|83/100\n|move|p2b: Floette|Dazzling Gleam|p1a: W.W.E.|[spread] p1a,p1b\n|-resisted|p1b: Klefki|1\n|-damage|p1a: W.W.E.|23/100\n|-damage|p1b: Klefki|62/100\n|-enditem|p1a: W.W.E.|Sitrus Berry|[eat]\n|-heal|p1a: W.W.E.|48/100|[from] item: Sitrus Berry\n|\n|-heal|p1b: Klefki|68/100|[from] item: Leftovers\n|upkeep\n|turn|3\n|\n|t:|1776162628\n|move|p2a: Farigiraf|Helping Hand|p2b: Floette\n|-singleturn|p2b: Floette|Helping Hand|[of] p2a: Farigiraf\n|move|p1a: W.W.E.|Flare Blitz|p2a: Farigiraf\n|-damage|p2a: Farigiraf|11/100\n|-damage|p1a: W.W.E.|31/100|[from] Recoil\n|move|p1b: Klefki|Dazzling Gleam|p2a: Farigiraf|[spread] p2a,p2b\n|-damage|p2a: Farigiraf|0 fnt\n|-damage|p2b: Floette|66/100\n|faint|p2a: Farigiraf\n|move|p2b: Floette|Dazzling Gleam|p1a: W.W.E.|[spread] p1a,p1b\n|-resisted|p1b: Klefki|1\n|-damage|p1a: W.W.E.|0 fnt\n|-damage|p1b: Klefki|32/100\n|faint|p1a: W.W.E.\n|\n|-heal|p1b: Klefki|38/100|[from] item: Leftovers\n|upkeep\n|\n|t:|1776162643\n|switch|p2a: Sinistcha|Sinistcha, L50|100/100\n|switch|p1a: Starmie|Starmie, L50|100/100\n|-heal|p2b: Floette|91/100|[from] ability: Hospitality|[of] p2a: Sinistcha\n|turn|4\n|inactive|Ryan96 has 30 seconds left.\n|inactive|Markiito18 has 30 seconds left.\n|inactive|Markiito18 has 20 seconds left.\n|\n|t:|1776162681\n|move|p1a: Starmie|Protect|p1a: Starmie\n|-singleturn|p1a: Starmie|Protect\n|move|p1b: Klefki|Thunder Wave|p2b: Floette\n|-status|p2b: Floette|par\n|move|p2b: Floette|Moonblast|p1a: Starmie\n|-activate|p1a: Starmie|move: Protect\n|move|p2a: Sinistcha|Matcha Gotcha|p1b: Klefki|[spread] p1b\n|-activate|p1a: Starmie|move: Protect\n|-resisted|p1b: Klefki|1\n|-damage|p1b: Klefki|26/100\n|\n|-heal|p1b: Klefki|32/100|[from] item: Leftovers\n|upkeep\n|turn|5\n|inactive|Ryan96 has 30 seconds left.\n|\n|t:|1776162711\n|switch|p1a: Passimian|Passimian, L50, F|100/100\n|move|p1b: Klefki|Thunder Wave|p2a: Sinistcha\n|-status|p2a: Sinistcha|par\n|move|p2a: Sinistcha|Matcha Gotcha|p1b: Klefki|[spread] p1a,p1b\n|-resisted|p1b: Klefki|1\n|-damage|p1a: Passimian|63/100\n|-damage|p1b: Klefki|19/100\n|move|p2b: Floette|Dazzling Gleam|p1a: Passimian|[spread] p1a,p1b\n|-supereffective|p1a: Passimian|1\n|-resisted|p1b: Klefki|1\n|-damage|p1a: Passimian|0 fnt\n|-damage|p1b: Klefki|0 fnt\n|faint|p1a: Passimian\n|faint|p1b: Klefki\n|\n|-fieldend|move: Trick Room\n|upkeep\n|\n|t:|1776162715\n|switch|p1a: Starmie|Starmie, L50|100/100\n|turn|6\n|inactive|Markiito18 has 30 seconds left.\n|inactive|Markiito18 has 20 seconds left.\n|inactive|Markiito18 has 15 seconds left.\n|inactive|Markiito18 has 10 seconds left.\n|inactive|Markiito18 has 5 seconds left.\n|\n|t:|1776162770\n|detailschange|p1a: Starmie|Starmie-Mega, L50\n|-mega|p1a: Starmie|Starmie|Starminite\n|move|p1a: Starmie|Zen Headbutt|p2a: Sinistcha\n|-damage|p2a: Sinistcha|48/100 par\n|-enditem|p2a: Sinistcha|Sitrus Berry|[eat]\n|-heal|p2a: Sinistcha|73/100 par|[from] item: Sitrus Berry\n|move|p2b: Floette|Light of Ruin|p1a: Starmie\n|-damage|p1a: Starmie|0 fnt\n|faint|p1a: Starmie\n|-damage|p2b: Floette|52/100 par|[from] Recoil\n|\n|win|Markiito18\n|raw|Ryan96's rating: 1068 &rarr; <strong>1049</strong><br />(-19 for losing)\n|raw|Markiito18's rating: 1096 &rarr; <strong>1120</strong><br />(+24 for winning)\n|l|\u2606Ryan96\n|player|p1|\n",
  "uploadtime": 1776162792,
  "views": 15,
  "formatid": "gen9championsvgc2026regma",
  "rating": 1049,
  "private": 0,
  "password": null
}