{
  "id": "gen9championsvgc2026regma-2587473859",
  "format": "[Gen 9 Champions] VGC 2026 Reg M-A",
  "players": [
    "TillDerDill",
    "crazyshit14"
  ],
  "log": "|j|\u2606TillDerDill\n|j|\u2606crazyshit14\n|t:|1776534832\n|gametype|doubles\n|player|p1|TillDerDill|169|1374\n|player|p2|crazyshit14|2|1318\n|gen|9\n|tier|[Gen 9 Champions] VGC 2026 Reg M-A\n|rated|\n|rule|Species Clause: Limit one of each Pok\u00e9mon\n|rule|Item Clause: Limit 1 of each item\n|clearpoke\n|poke|p1|Golurk, L50|\n|poke|p1|Farigiraf, L50, F|\n|poke|p1|Incineroar, L50, F|\n|poke|p1|Torkoal, L50, F|\n|poke|p1|Sneasler, L50, M|\n|poke|p1|Venusaur, L50, F|\n|poke|p2|Manectric, L50, F|\n|poke|p2|Incineroar, L50, M|\n|poke|p2|Sneasler, L50, M|\n|poke|p2|Snorlax, L50, F|\n|poke|p2|Mimikyu, L50, F|\n|poke|p2|Sinistcha, L50|\n|teampreview|4\nTillDerDill rejected open team sheets.\n|inactive|Battle timer is ON: inactive players will automatically lose when time's up. (requested by TillDerDill)\n|\n|t:|1776534880\n|teamsize|p1|4\n|teamsize|p2|4\n|start\n|switch|p1a: Farigiraf|Farigiraf, L50, F|100/100\n|switch|p1b: Incineroar|Incineroar, L50, F|100/100\n|switch|p2a: Manectric|Manectric, L50, F|100/100\n|switch|p2b: Incineroar|Incineroar, L50, M|100/100\n|-ability|p1b: Incineroar|Intimidate|boost\n|-unboost|p2a: Manectric|atk|1\n|-unboost|p2b: Incineroar|atk|1\n|-ability|p2b: Incineroar|Intimidate|boost\n|-unboost|p1a: Farigiraf|atk|1\n|-unboost|p1b: Incineroar|atk|1\n|turn|1\n|inactive|crazyshit14 has 30 seconds left.\n|inactive|crazyshit14 has 20 seconds left.\n|\n|t:|1776534920\n|detailschange|p2a: Manectric|Manectric-Mega, L50, F\n|-mega|p2a: Manectric|Manectric|Manectite\n|-ability|p2a: Manectric|Intimidate|boost\n|-unboost|p1a: Farigiraf|atk|1\n|-unboost|p1b: Incineroar|atk|1\n|move|p2a: Manectric|Volt Switch|p1a: Farigiraf\n|-damage|p1a: Farigiraf|66/100\n|\n|t:|1776534927\n|switch|p2a: Snorlax|Snorlax, L50, F|100/100|[from] Volt Switch\n|move|p1b: Incineroar|Parting Shot|p2a: Snorlax\n|-unboost|p2a: Snorlax|atk|1\n|-unboost|p2a: Snorlax|spa|1\n|\n|t:|1776534934\n|switch|p1b: Torkoal|Torkoal, L50, F|100/100|[from] Parting Shot\n|-weather|SunnyDay|[from] ability: Drought|[of] p1b: Torkoal\n|move|p2b: Incineroar|Snarl|p1b: Torkoal|[spread] p1a,p1b\n|-supereffective|p1a: Farigiraf|1\n|-damage|p1a: Farigiraf|47/100\n|-damage|p1b: Torkoal|87/100\n|-unboost|p1a: Farigiraf|spa|1\n|-unboost|p1b: Torkoal|spa|1\n|-enditem|p1a: Farigiraf|Sitrus Berry|[eat]\n|-heal|p1a: Farigiraf|72/100|[from] item: Sitrus Berry\n|move|p1a: Farigiraf|Trick Room|p1a: Farigiraf\n|-fieldstart|move: Trick Room|[of] p1a: Farigiraf\n|\n|-weather|SunnyDay|[upkeep]\n|upkeep\n|turn|2\n|\n|t:|1776534952\n|switch|p1a: Golurk|Golurk, L50|100/100\n|move|p1b: Torkoal|Eruption|p2b: Incineroar|[spread] p2a,p2b\n|-resisted|p2b: Incineroar|1\n|-damage|p2a: Snorlax|85/100\n|-damage|p2b: Incineroar|84/100\n|move|p2a: Snorlax|Belly Drum|p2a: Snorlax\n|-damage|p2a: Snorlax|35/100\n|-setboost|p2a: Snorlax|atk|6|[from] move: Belly Drum\n|-enditem|p2a: Snorlax|Sitrus Berry|[eat]\n|-heal|p2a: Snorlax|60/100|[from] item: Sitrus Berry\n|move|p2b: Incineroar|Snarl|p1a: Golurk|[spread] p1a,p1b\n|-supereffective|p1a: Golurk|1\n|-damage|p1a: Golurk|74/100\n|-damage|p1b: Torkoal|74/100\n|-unboost|p1a: Golurk|spa|1\n|-unboost|p1b: Torkoal|spa|1\n|\n|-weather|SunnyDay|[upkeep]\n|upkeep\n|turn|3\n|inactive|TillDerDill has 30 seconds left.\n|inactive|crazyshit14 has 30 seconds left.\n|\n|t:|1776534983\n|switch|p2b: Manectric|Manectric-Mega, L50, F|100/100\n|-ability|p2b: Manectric|Intimidate|boost\n|-unboost|p1a: Golurk|atk|1\n|-unboost|p1b: Torkoal|atk|1\n|detailschange|p1a: Golurk|Golurk-Mega, L50\n|-mega|p1a: Golurk|Golurk|Golurkite\n|move|p1b: Torkoal|Eruption|p2a: Snorlax|[spread] p2a,p2b\n|-damage|p2a: Snorlax|51/100\n|-damage|p2b: Manectric|55/100\n|move|p2a: Snorlax|Body Slam|p1b: Torkoal\n|-damage|p1b: Torkoal|0 fnt\n|faint|p1b: Torkoal\n|move|p1a: Golurk|Headlong Rush|p2a: Snorlax\n|-damage|p2a: Snorlax|9/100\n|-unboost|p1a: Golurk|def|1\n|-unboost|p1a: Golurk|spd|1\n|\n|-weather|SunnyDay|[upkeep]\n|upkeep\n|\n|t:|1776534993\n|switch|p1b: Farigiraf|Farigiraf, L50, F|72/100\n|turn|4\n|\n|t:|1776535006\n|switch|p2b: Sinistcha|Sinistcha, L50|100/100\n|-heal|p2a: Snorlax|34/100|[from] ability: Hospitality|[of] p2b: Sinistcha\n|move|p2a: Snorlax|Earthquake|p1a: Golurk|[spread] p2b,p1a,p1b\n|-resisted|p2b: Sinistcha|1\n|-damage|p2b: Sinistcha|65/100\n|-damage|p1a: Golurk|0 fnt\n|-damage|p1b: Farigiraf|4/100\n|faint|p1a: Golurk\n|move|p1b: Farigiraf|Hyper Voice|p2a: Snorlax|[spread] p2a\n|-immune|p2b: Sinistcha\n|-damage|p2a: Snorlax|19/100\n|\n|-weather|SunnyDay|[upkeep]\n|upkeep\n|\n|t:|1776535012\n|switch|p1a: Incineroar|Incineroar, L50, F|100/100\n|-ability|p1a: Incineroar|Intimidate|boost\n|-unboost|p2a: Snorlax|atk|1\n|-unboost|p2b: Sinistcha|atk|1\n|turn|5\n|-message|TillDerDill forfeited.\n|\n|win|crazyshit14\n|raw|TillDerDill's rating: 1374 &rarr; <strong>1351</strong><br />(-23 for losing)\n|raw|crazyshit14's rating: 1318 &rarr; <strong>1341</strong><br />(+23 for winning)\n|l|\u2606TillDerDill\n|player|p1|\n",
  "uploadtime": 1776535039,
  "views": 24,
  "formatid": "gen9championsvgc2026regma",
  "rating": 1341,
  "private": 0,
  "password": null
}