{
  "id": "gen9championsvgc2026regma-2584013956",
  "format": "[Gen 9 Champions] VGC 2026 Reg M-A",
  "players": [
    "Bananaramic",
    "pogchew"
  ],
  "log": "|j|\u2606Bananaramic\n|j|\u2606pogchew\n|t:|1776216832\n|gametype|doubles\n|player|p1|Bananaramic|169|\n|player|p2|pogchew|102|\n|gen|9\n|tier|[Gen 9 Champions] VGC 2026 Reg M-A\n|rule|Species Clause: Limit one of each Pok\u00e9mon\n|rule|Item Clause: Limit 1 of each item\n|clearpoke\n|poke|p1|Froslass, L50, F|\n|poke|p1|Slowking, L50, M|\n|poke|p1|Noivern, L50, F|\n|poke|p1|Trevenant, L50, M|\n|poke|p1|Primarina, L50, F|\n|poke|p1|Arcanine, L50, M|\n|poke|p2|Gardevoir, L50, F|\n|poke|p2|Milotic, L50, F|\n|poke|p2|Conkeldurr, L50, M|\n|poke|p2|Skarmory, L50, M|\n|poke|p2|Incineroar, L50, M|\n|poke|p2|Rotom-Mow, L50|\n|teampreview|4\npogchew rejected open team sheets.\n|j| DannyMelon\n|c| DannyMelon|Lock in big Ant\n|\n|t:|1776217031\n|teamsize|p1|4\n|teamsize|p2|4\n|start\n|switch|p1a: Noivern|Noivern, L50, F|100/100\n|switch|p1b: Slowking|Slowking, L50, M|100/100\n|switch|p2a: Monroe|Gardevoir, L50, F, shiny|100/100\n|switch|p2b: Cat|Incineroar, L50, M, shiny|100/100\n|-item|p2a: Monroe|Gardevoirite|[from] ability: Frisk|[of] p1a: Noivern\n|-item|p2b: Cat|Leftovers|[from] ability: Frisk|[of] p1a: Noivern\n|-ability|p2b: Cat|Intimidate|boost\n|-unboost|p1a: Noivern|atk|1\n|-unboost|p1b: Slowking|atk|1\n|turn|1\n|inactive|Battle timer is ON: inactive players will automatically lose when time's up. (requested by pogchew)\n|\n|t:|1776217129\n|switch|p1a: Froslass|Froslass, L50, F|100/100\n|detailschange|p2a: Monroe|Gardevoir-Mega, L50, F, shiny\n|-mega|p2a: Monroe|Gardevoir|Gardevoirite\n|move|p2b: Cat|Fake Out|p1b: Slowking\n|-damage|p1b: Slowking|90/100\n|move|p2a: Monroe|Hyper Voice|p1b: Slowking|[spread] p1a,p1b\n|-damage|p1a: Froslass|44/100\n|-damage|p1b: Slowking|54/100\n|-start|p2a: Monroe|Disable|Hyper Voice|[from] ability: Cursed Body|[of] p1a: Froslass\n|cant|p1b: Slowking|flinch\n|\n|upkeep\n|turn|2\n|inactive|Bananaramic has 30 seconds left.\n|inactive|pogchew has 30 seconds left.\n|inactive|Bananaramic has 20 seconds left.\n|inactive|Bananaramic has 15 seconds left.\n|inactiveoff|Battle timer is now OFF.\n|\n|t:|1776217172\n|detailschange|p1a: Froslass|Froslass-Mega, L50, F\n|-mega|p1a: Froslass|Froslass|Froslassite\n|-weather|Snowscape|[from] ability: Snow Warning|[of] p1a: Froslass\n|move|p1a: Froslass|Shadow Ball|p2a: Monroe\n|-supereffective|p2a: Monroe|1\n|-damage|p2a: Monroe|38/100\n|-unboost|p2a: Monroe|spd|1\n|move|p2a: Monroe|Icy Wind|p1b: Slowking|[spread] p1a,p1b\n|-resisted|p1a: Froslass|1\n|-resisted|p1b: Slowking|1\n|-damage|p1a: Froslass|37/100\n|-damage|p1b: Slowking|48/100\n|-unboost|p1a: Froslass|spe|1\n|-unboost|p1b: Slowking|spe|1\n|move|p2b: Cat|Taunt|p1a: Froslass\n|-start|p1a: Froslass|move: Taunt\n|move|p1b: Slowking|Scald|p2b: Cat\n|-supereffective|p2b: Cat|1\n|-damage|p2b: Cat|46/100\n|\n|-weather|Snowscape|[upkeep]\n|-heal|p2b: Cat|52/100|[from] item: Leftovers\n|upkeep\n|turn|3\n|\n|t:|1776217262\n|switch|p1b: Noivern|Noivern, L50, F|100/100\n|-item|p2a: Monroe|Gardevoirite|[from] ability: Frisk|[of] p1b: Noivern\n|-item|p2b: Cat|Leftovers|[from] ability: Frisk|[of] p1b: Noivern\n|move|p2a: Monroe|Protect|p2a: Monroe\n|-singleturn|p2a: Monroe|Protect\n|move|p1a: Froslass|Blizzard|p2a: Monroe|[spread] p2b\n|-activate|p2a: Monroe|move: Protect\n|-resisted|p2b: Cat|1\n|-damage|p2b: Cat|33/100\n|-status|p2b: Cat|frz\n|cant|p2b: Cat|frz\n|\n|-weather|Snowscape|[upkeep]\n|-heal|p2b: Cat|39/100 frz|[from] item: Leftovers\n|upkeep\n|turn|4\n|c|\u2606pogchew|LOL\n|\n|t:|1776217293\n|switch|p2a: Rainbow Dash|Milotic, L50, F, shiny|100/100\n|move|p1b: Noivern|Tailwind|p1b: Noivern\n|-sidestart|p1: Bananaramic|move: Tailwind\n|move|p1a: Froslass|Blizzard|p2a: Rainbow Dash|[spread] p2a,p2b\n|-resisted|p2a: Rainbow Dash|1\n|-resisted|p2b: Cat|1\n|-damage|p2a: Rainbow Dash|86/100\n|-damage|p2b: Cat|21/100 frz\n|-curestatus|p2b: Cat|frz|[from] move: Flare Blitz\n|move|p2b: Cat|Flare Blitz|p1a: Froslass\n|-supereffective|p1a: Froslass|1\n|-damage|p1a: Froslass|0 fnt\n|faint|p1a: Froslass\n|-damage|p2b: Cat|10/100|[from] Recoil\n|\n|-weather|Snowscape|[upkeep]\n|-heal|p2b: Cat|16/100|[from] item: Leftovers\n|upkeep\n|c|\u2606Bananaramic|WAT\n|\n|t:|1776217311\n|switch|p1a: Trevenant|Trevenant, L50, M|100/100\n|turn|5\n|\n|t:|1776217331\n|switch|p2b: Chores|Rotom-Mow, L50|100/100\n|move|p2a: Rainbow Dash|Protect|p2a: Rainbow Dash\n|-singleturn|p2a: Rainbow Dash|Protect\n|move|p1b: Noivern|Draco Meteor|p2b: Chores\n|-damage|p2b: Chores|12/100\n|-unboost|p1b: Noivern|spa|2\n|move|p1a: Trevenant|Wood Hammer|p2a: Rainbow Dash\n|-activate|p2a: Rainbow Dash|move: Protect\n|\n|-weather|Snowscape|[upkeep]\n|upkeep\n|turn|6\n|\n|t:|1776217400\n|switch|p2a: Cat|Incineroar, L50, M, shiny|16/100\n|-ability|p2a: Cat|Intimidate|boost\n|-unboost|p1a: Trevenant|atk|1\n|-unboost|p1b: Noivern|atk|1\n|move|p2b: Chores|Protect|p2b: Chores\n|-singleturn|p2b: Chores|Protect\n|move|p1b: Noivern|Draco Meteor|p2b: Chores\n|-activate|p2b: Chores|move: Protect\n|move|p1a: Trevenant|Wood Hammer|p2a: Cat\n|-resisted|p2a: Cat|1\n|-damage|p2a: Cat|1/100\n|-damage|p1a: Trevenant|95/100|[from] Recoil\n|\n|-weather|none\n|-heal|p2a: Cat|7/100|[from] item: Leftovers\n|upkeep\n|turn|7\n|\n|t:|1776217452\n|switch|p1a: Slowking|Slowking, L50, M|81/100\n|move|p2a: Cat|Fake Out|p1b: Noivern\n|-damage|p1b: Noivern|82/100\n|cant|p1b: Noivern|flinch\n|move|p2b: Chores|Thunderbolt|p1b: Noivern\n|-damage|p1b: Noivern|29/100\n|\n|-heal|p2a: Cat|13/100|[from] item: Leftovers\n|-sideend|p1: Bananaramic|move: Tailwind\n|upkeep\n|turn|8\n|\n|t:|1776217496\n|move|p1b: Noivern|U-turn|p2b: Chores\n|-supereffective|p2b: Chores|1\n|-damage|p2b: Chores|0 fnt\n|faint|p2b: Chores\n|\n|t:|1776217500\n|switch|p1b: Trevenant|Trevenant, L50, M|95/100|[from] U-turn\n|move|p2a: Cat|Darkest Lariat|p1a: Slowking\n|-supereffective|p1a: Slowking|1\n|-damage|p1a: Slowking|9/100\n|move|p1a: Slowking|Trick Room|p1a: Slowking\n|-fieldstart|move: Trick Room|[of] p1a: Slowking\n|\n|-heal|p2a: Cat|19/100|[from] item: Leftovers\n|upkeep\n|\n|t:|1776217521\n|switch|p2b: Monroe|Gardevoir-Mega, L50, F, shiny|38/100\n|turn|9\n|\n|t:|1776217529\n|switch|p2a: Rainbow Dash|Milotic, L50, F, shiny|86/100\n|move|p2b: Monroe|Protect|p2b: Monroe\n|-singleturn|p2b: Monroe|Protect\n|move|p1a: Slowking|Scald|p2a: Rainbow Dash\n|-resisted|p2a: Rainbow Dash|1\n|-damage|p2a: Rainbow Dash|76/100\n|-status|p2a: Rainbow Dash|brn\n|move|p1b: Trevenant|Wood Hammer|p2b: Monroe\n|-activate|p2b: Monroe|move: Protect\n|\n|-damage|p2a: Rainbow Dash|70/100 brn|[from] brn\n|upkeep\n|turn|10\n|\n|t:|1776217566\n|move|p2a: Rainbow Dash|Protect|p2a: Rainbow Dash\n|-singleturn|p2a: Rainbow Dash|Protect\n|move|p1a: Slowking|Shadow Ball|p2b: Monroe\n|-supereffective|p2b: Monroe|1\n|-damage|p2b: Monroe|4/100\n|move|p1b: Trevenant|Substitute|p1b: Trevenant\n|-start|p1b: Trevenant|Substitute\n|-damage|p1b: Trevenant|70/100\n|move|p2b: Monroe|Hyper Voice|p1b: Trevenant|[spread] p1a,p1b\n|-damage|p1a: Slowking|0 fnt\n|-damage|p1b: Trevenant|18/100\n|-enditem|p1b: Trevenant|Sitrus Berry|[eat]\n|-heal|p1b: Trevenant|43/100|[from] item: Sitrus Berry\n|faint|p1a: Slowking\n|\n|-damage|p2a: Rainbow Dash|64/100 brn|[from] brn\n|-item|p1b: Trevenant|Sitrus Berry|[from] ability: Harvest\n|upkeep\n|-enditem|p1b: Trevenant|Sitrus Berry|[eat]\n|-heal|p1b: Trevenant|68/100|[from] item: Sitrus Berry\n|c|\u2606Bananaramic|oh it hits behind sub\n|\n|t:|1776217582\n|switch|p1a: Noivern|Noivern, L50, F|29/100\n|-item|p2a: Rainbow Dash|Sitrus Berry|[from] ability: Frisk|[of] p1a: Noivern\n|-item|p2b: Monroe|Gardevoirite|[from] ability: Frisk|[of] p1a: Noivern\n|turn|11\n|\n|t:|1776217643\n|switch|p2a: Cat|Incineroar, L50, M, shiny|19/100\n|-ability|p2a: Cat|Intimidate|boost\n|-unboost|p1a: Noivern|atk|1\n|-immune|p1b: Trevenant\n|move|p2b: Monroe|Protect|p2b: Monroe\n|-singleturn|p2b: Monroe|Protect\n|move|p1b: Trevenant|Wood Hammer|p2a: Cat\n|-resisted|p2a: Cat|1\n|-damage|p2a: Cat|0 fnt\n|faint|p2a: Cat\n|-damage|p1b: Trevenant|62/100|[from] Recoil\n|move|p1a: Noivern|U-turn|p2b: Monroe\n|-activate|p2b: Monroe|move: Protect\n|\n|upkeep\n|\n|t:|1776217656\n|switch|p2a: Rainbow Dash|Milotic, L50, F, shiny|64/100 brn\n|turn|12\n|j| RyanMelon\n|\n|t:|1776217668\n|move|p2a: Rainbow Dash|Protect|p2a: Rainbow Dash\n|-singleturn|p2a: Rainbow Dash|Protect\n|move|p1b: Trevenant|Wood Hammer|p2b: Monroe\n|-damage|p2b: Monroe|0 fnt\n|faint|p2b: Monroe\n|-damage|p1b: Trevenant|61/100|[from] Recoil\n|move|p1a: Noivern|U-turn|p2a: Rainbow Dash\n|-activate|p2a: Rainbow Dash|move: Protect\n|\n|-damage|p2a: Rainbow Dash|58/100 brn|[from] brn\n|-fieldend|move: Trick Room\n|-item|p1b: Trevenant|Sitrus Berry|[from] ability: Harvest\n|upkeep\n|turn|13\n|\n|t:|1776217682\n|move|p1a: Noivern|Super Fang|p2a: Rainbow Dash\n|-damage|p2a: Rainbow Dash|29/100 brn\n|-enditem|p2a: Rainbow Dash|Sitrus Berry|[eat]\n|-heal|p2a: Rainbow Dash|54/100 brn|[from] item: Sitrus Berry\n|move|p2a: Rainbow Dash|Icy Wind|p1b: Trevenant|[spread] p1a,p1b\n|-supereffective|p1b: Trevenant|1\n|-activate|p1b: Trevenant|move: Substitute|[damage]\n|-supereffective|p1a: Noivern|2\n|-damage|p1a: Noivern|0 fnt\n|faint|p1a: Noivern\n|move|p1b: Trevenant|Wood Hammer|p2a: Rainbow Dash\n|-supereffective|p2a: Rainbow Dash|1\n|-damage|p2a: Rainbow Dash|0 fnt\n|faint|p2a: Rainbow Dash\n|-damage|p1b: Trevenant|42/100|[from] Recoil\n|-enditem|p1b: Trevenant|Sitrus Berry|[eat]\n|-heal|p1b: Trevenant|67/100|[from] item: Sitrus Berry\n|\n|win|Bananaramic\n|c|\u2606pogchew|nice\n|c|\u2606pogchew|go game 3\n|c| DannyMelon|GAME 3 BABY\n|c|\u2606Bananaramic|omg\n|c|\u2606Bananaramic|gg\n|l| DannyMelon\n|c| RyanMelon|IM JUST IN TIME\n|l|\u2606pogchew\n|player|p2|\n|l|\u2606Bananaramic\n|player|p1|\n|j|\u2606pogchew\n|player|p2|pogchew|102|\n",
  "uploadtime": 1776217717,
  "views": 35,
  "formatid": "gen9championsvgc2026regma",
  "rating": null,
  "private": 0,
  "password": null
}