{
  "id": "gen9championsvgc2026regma-2585408745",
  "format": "[Gen 9 Champions] VGC 2026 Reg M-A",
  "players": [
    "libenn",
    "thesinofsolace"
  ],
  "log": "|j|\u2606libenn\n|j|\u2606thesinofsolace\n|t:|1776345193\n|gametype|doubles\n|player|p1|libenn|169|1051\n|player|p2|thesinofsolace|hilbert|1084\n|gen|9\n|tier|[Gen 9 Champions] VGC 2026 Reg M-A\n|rated|\n|rule|Species Clause: Limit one of each Pok\u00e9mon\n|rule|Item Clause: Limit 1 of each item\n|clearpoke\n|poke|p1|Farigiraf, L50, M|\n|poke|p1|Sylveon, L50, M|\n|poke|p1|Drampa, L50, M|\n|poke|p1|Kingambit, L50, M|\n|poke|p1|Whimsicott, L50, M|\n|poke|p1|Sneasler, L50, M|\n|poke|p2|Delphox, L50, M|\n|poke|p2|Basculegion, L50, M|\n|poke|p2|Clefable, L50, F|\n|poke|p2|Kingambit, L50, M|\n|poke|p2|Dragonite, L50, M|\n|poke|p2|Sneasler, L50, M|\n|teampreview|4\n|\n|t:|1776345221\n|teamsize|p1|4\n|teamsize|p2|4\n|start\n|switch|p1a: Farigiraf|Farigiraf, L50, M|100/100\n|switch|p1b: Sylveon|Sylveon, L50, M|100/100\n|switch|p2a: Basculegion|Basculegion, L50, M, shiny|100/100\n|switch|p2b: Delphox|Delphox, L50, M, shiny|100/100\n|turn|1\n|inactive|Battle timer is ON: inactive players will automatically lose when time's up. (requested by libenn)\n|\n|t:|1776345262\n|detailschange|p2b: Delphox|Delphox-Mega, L50, M, shiny\n|-mega|p2b: Delphox|Delphox|Delphoxite\n|move|p1b: Sylveon|Protect|p1b: Sylveon\n|-singleturn|p1b: Sylveon|Protect\n|move|p2b: Delphox|Heat Wave|p1b: Sylveon|[spread] \n|-activate|p1b: Sylveon|move: Protect\n|-miss|p2b: Delphox|p1a: Farigiraf\n|move|p2a: Basculegion|Flip Turn|p1a: Farigiraf\n|-damage|p1a: Farigiraf|58/100\n|\n|t:|1776345275\n|switch|p2a: Sneasler|Sneasler, L50, M|100/100|[from] Flip Turn\n|move|p1a: Farigiraf|Trick Room|p1a: Farigiraf\n|-fieldstart|move: Trick Room|[of] p1a: Farigiraf\n|\n|-heal|p1a: Farigiraf|64/100|[from] item: Leftovers\n|upkeep\n|turn|2\n|inactive|thesinofsolace has 30 seconds left.\n|\n|t:|1776345300\n|move|p1a: Farigiraf|Helping Hand|p1b: Sylveon\n|-singleturn|p1b: Sylveon|Helping Hand|[of] p1a: Farigiraf\n|move|p1b: Sylveon|Shadow Ball|p2b: Delphox\n|-supereffective|p2b: Delphox|1\n|-damage|p2b: Delphox|16/100\n|move|p2a: Sneasler|Dire Claw|p1b: Sylveon\n|-supereffective|p1b: Sylveon|1\n|-damage|p1b: Sylveon|0 fnt\n|faint|p1b: Sylveon\n|move|p2b: Delphox|Substitute|p2b: Delphox\n|-fail|p2b: Delphox|move: Substitute|[weak]\n|\n|-heal|p1a: Farigiraf|71/100|[from] item: Leftovers\n|upkeep\n|\n|t:|1776345314\n|switch|p1b: Drampa|Drampa, L50, M|100/100\n|-ability|p1b: Drampa|Cloud Nine\n|turn|3\n|\n|t:|1776345330\n|detailschange|p1b: Drampa|Drampa-Mega, L50, M\n|-mega|p1b: Drampa|Drampa|Drampanite\n|move|p1b: Drampa|Draco Meteor|p2a: Sneasler\n|-damage|p2a: Sneasler|6/100\n|-unboost|p1b: Drampa|spa|2\n|move|p1a: Farigiraf|Shadow Ball|p2b: Delphox\n|-supereffective|p2b: Delphox|1\n|-damage|p2b: Delphox|0 fnt\n|faint|p2b: Delphox\n|move|p2a: Sneasler|Close Combat|p1b: Drampa\n|-supereffective|p1b: Drampa|1\n|-damage|p1b: Drampa|25/100\n|-unboost|p2a: Sneasler|def|1\n|-unboost|p2a: Sneasler|spd|1\n|-ability|p1b: Drampa|Berserk|boost\n|-boost|p1b: Drampa|spa|1\n|\n|-heal|p1a: Farigiraf|77/100|[from] item: Leftovers\n|upkeep\n|\n|t:|1776345352\n|switch|p2b: Clefable|Clefable, L50, F|100/100\n|turn|4\n|\n|t:|1776345373\n|move|p2b: Clefable|Follow Me|p2b: Clefable\n|-singleturn|p2b: Clefable|move: Follow Me\n|move|p1b: Drampa|Roost|p1b: Drampa\n|-heal|p1b: Drampa|75/100\n|-singleturn|p1b: Drampa|move: Roost\n|move|p1a: Farigiraf|Shadow Ball|p2b: Clefable\n|-damage|p2b: Clefable|81/100\n|move|p2a: Sneasler|Dire Claw|p1a: Farigiraf\n|-damage|p1a: Farigiraf|36/100\n|-status|p1a: Farigiraf|slp\n|\n|-heal|p1a: Farigiraf|42/100 slp|[from] item: Leftovers\n|upkeep\n|turn|5\n|inactive|libenn has 30 seconds left.\n|inactive|thesinofsolace has 30 seconds left.\n|\n|t:|1776345416\n|switch|p1b: Sneasler|Sneasler, L50, M|100/100\n|move|p2b: Clefable|Follow Me|p2b: Clefable\n|-singleturn|p2b: Clefable|move: Follow Me\n|cant|p1a: Farigiraf|slp\n|move|p2a: Sneasler|Dire Claw|p1b: Sneasler\n|-resisted|p1b: Sneasler|1\n|-damage|p1b: Sneasler|71/100\n|\n|-heal|p1a: Farigiraf|48/100 slp|[from] item: Leftovers\n|-fieldend|move: Trick Room\n|upkeep\n|turn|6\n|\n|t:|1776345437\n|move|p2a: Sneasler|Protect|p2a: Sneasler\n|-singleturn|p2a: Sneasler|Protect\n|move|p1b: Sneasler|Protect|p1b: Sneasler\n|-singleturn|p1b: Sneasler|Protect\n|move|p2b: Clefable|Moonblast|p1a: Farigiraf\n|-damage|p1a: Farigiraf|25/100 slp\n|-unboost|p1a: Farigiraf|spa|1\n|-curestatus|p1a: Farigiraf|slp|[msg]\n|move|p1a: Farigiraf|Trick Room|p1a: Farigiraf\n|-fieldstart|move: Trick Room|[of] p1a: Farigiraf\n|\n|-heal|p1a: Farigiraf|31/100|[from] item: Leftovers\n|upkeep\n|turn|7\n|inactive|thesinofsolace has 30 seconds left.\n|\n|t:|1776345464\n|move|p2b: Clefable|Follow Me|p2b: Clefable\n|-singleturn|p2b: Clefable|move: Follow Me\n|move|p1a: Farigiraf|Shadow Ball|p2b: Clefable\n|-damage|p2b: Clefable|60/100\n|-unboost|p2b: Clefable|spd|1\n|move|p1b: Sneasler|Dire Claw|p2b: Clefable\n|-supereffective|p2b: Clefable|1\n|-damage|p2b: Clefable|0 fnt\n|faint|p2b: Clefable\n|move|p2a: Sneasler|Close Combat|p1a: Farigiraf\n|-damage|p1a: Farigiraf|0 fnt\n|-unboost|p2a: Sneasler|def|1\n|-unboost|p2a: Sneasler|spd|1\n|faint|p1a: Farigiraf\n|\n|upkeep\n|\n|t:|1776345479\n|switch|p2b: Basculegion|Basculegion, L50, M, shiny|100/100\n|switch|p1a: Drampa|Drampa-Mega, L50, M|75/100\n|turn|8\n|inactive|thesinofsolace has 30 seconds left.\n|\n|t:|1776345505\n|move|p1b: Sneasler|Protect|p1b: Sneasler\n|-singleturn|p1b: Sneasler|Protect\n|move|p1a: Drampa|Draco Meteor|p2b: Basculegion\n|-damage|p2b: Basculegion|29/100\n|-unboost|p1a: Drampa|spa|2\n|move|p2a: Sneasler|Close Combat|p1a: Drampa\n|-supereffective|p1a: Drampa|1\n|-damage|p1a: Drampa|0 fnt\n|-unboost|p2a: Sneasler|def|1\n|-unboost|p2a: Sneasler|spd|1\n|faint|p1a: Drampa\n|move|p2b: Basculegion|Wave Crash|p1b: Sneasler\n|-activate|p1b: Sneasler|move: Protect\n|\n|upkeep\n|turn|9\n|\n|t:|1776345526\n|move|p1b: Sneasler|Dire Claw|p2a: Sneasler\n|-resisted|p2a: Sneasler|1\n|-crit|p2a: Sneasler\n|-damage|p2a: Sneasler|0 fnt\n|faint|p2a: Sneasler\n|move|p2b: Basculegion|Wave Crash|p1b: Sneasler\n|-damage|p1b: Sneasler|0 fnt\n|faint|p1b: Sneasler\n|-damage|p2b: Basculegion|7/100|[from] Recoil\n|\n|win|thesinofsolace\n|raw|libenn's rating: 1051 &rarr; <strong>1035</strong><br />(-16 for losing)\n|raw|thesinofsolace's rating: 1084 &rarr; <strong>1109</strong><br />(+25 for winning)\n|c|\u2606thesinofsolace|gg\n",
  "uploadtime": 1776345543,
  "views": 23,
  "formatid": "gen9championsvgc2026regma",
  "rating": 1035,
  "private": 0,
  "password": null
}