{
  "id": "gen9championsvgc2026regma-2586938210",
  "format": "[Gen 9 Champions] VGC 2026 Reg M-A",
  "players": [
    "dracule039",
    "Dudthestud"
  ],
  "log": "|j|\u2606dracule039\n|j|\u2606Dudthestud\n|t:|1776473644\n|gametype|doubles\n|player|p1|dracule039|102|1280\n|player|p2|Dudthestud|101|1372\n|gen|9\n|tier|[Gen 9 Champions] VGC 2026 Reg M-A\n|rated|\n|rule|Species Clause: Limit one of each Pok\u00e9mon\n|rule|Item Clause: Limit 1 of each item\n|clearpoke\n|poke|p1|Froslass, L50, F|\n|poke|p1|Dragonite, L50, M|\n|poke|p1|Kingambit, L50, F|\n|poke|p1|Volcarona, L50, M|\n|poke|p1|Whimsicott, L50, M|\n|poke|p1|Garchomp, L50, F|\n|poke|p2|Charizard, L50, M|\n|poke|p2|Milotic, L50, F|\n|poke|p2|Aegislash, L50, M|\n|poke|p2|Sneasler, L50, F|\n|poke|p2|Aerodactyl, L50, F|\n|poke|p2|Sylveon, L50, F|\n|teampreview|4\n|inactive|Battle timer is ON: inactive players will automatically lose when time's up. (requested by Dudthestud)\n|\n|t:|1776473671\n|teamsize|p1|4\n|teamsize|p2|4\n|start\n|switch|p1a: Whimsicott|Whimsicott, L50, M|100/100\n|switch|p1b: Dragonite|Dragonite, L50, M|100/100\n|switch|p2a: Sneasler|Sneasler, L50, F|100/100\n|switch|p2b: Aerodactyl|Aerodactyl, L50, F|100/100\n|-ability|p2b: Aerodactyl|Unnerve\n|turn|1\n|\n|t:|1776473690\n|move|p1a: Whimsicott|Taunt|p2b: Aerodactyl\n|-start|p2b: Aerodactyl|move: Taunt\n|move|p1b: Dragonite|Rock Slide|p2a: Sneasler|[spread] p2a,p2b\n|-resisted|p2a: Sneasler|1\n|-supereffective|p2b: Aerodactyl|1\n|-damage|p2a: Sneasler|84/100\n|-damage|p2b: Aerodactyl|36/100\n|cant|p2b: Aerodactyl|flinch\n|move|p2a: Sneasler|Dire Claw|p1a: Whimsicott\n|-supereffective|p1a: Whimsicott|2\n|-enditem|p1a: Whimsicott|Focus Sash\n|-damage|p1a: Whimsicott|1/100\n|\n|upkeep\n|turn|2\n|inactive|dracule039 has 30 seconds left.\n|\n|t:|1776473719\n|switch|p1a: Garchomp|Garchomp, L50, F|100/100\n|move|p1b: Dragonite|Rock Slide|p2a: Sneasler|[spread] p2a,p2b\n|-resisted|p2a: Sneasler|1\n|-supereffective|p2b: Aerodactyl|1\n|-damage|p2a: Sneasler|69/100\n|-damage|p2b: Aerodactyl|0 fnt\n|faint|p2b: Aerodactyl\n|cant|p2a: Sneasler|flinch\n|\n|upkeep\n|\n|t:|1776473724\n|switch|p2b: Sylveon|Sylveon, L50, F|100/100\n|turn|3\n|\n|t:|1776473734\n|move|p1b: Dragonite|Rock Slide|p2a: Sneasler|[spread] p2a,p2b\n|-resisted|p2a: Sneasler|1\n|-damage|p2a: Sneasler|53/100\n|-damage|p2b: Sylveon|77/100\n|move|p2a: Sneasler|Dire Claw|p1b: Dragonite\n|-damage|p1b: Dragonite|76/100\n|move|p1a: Garchomp|Iron Head|p2b: Sylveon\n|-supereffective|p2b: Sylveon|1\n|-damage|p2b: Sylveon|15/100\n|move|p2b: Sylveon|Hyper Voice|p1a: Garchomp|[spread] p1a,p1b\n|-supereffective|p1a: Garchomp|1\n|-supereffective|p1b: Dragonite|1\n|-crit|p1b: Dragonite\n|-damage|p1a: Garchomp|8/100\n|-damage|p1b: Dragonite|0 fnt\n|faint|p1b: Dragonite\n|\n|upkeep\n|inactive|dracule039 has 30 seconds left.\n|\n|t:|1776473760\n|switch|p1b: Froslass|Froslass, L50, F|100/100\n|turn|4\n|\n|t:|1776473784\n|detailschange|p1b: Froslass|Froslass-Mega, L50, F\n|-mega|p1b: Froslass|Froslass|Froslassite\n|-weather|Snowscape|[from] ability: Snow Warning|[of] p1b: Froslass\n|move|p2b: Sylveon|Quick Attack|p1a: Garchomp\n|-supereffective|p1a: Garchomp|1\n|-damage|p1a: Garchomp|0 fnt\n|-damage|p2b: Sylveon|3/100|[from] ability: Rough Skin|[of] p1a: Garchomp\n|faint|p1a: Garchomp\n|move|p2a: Sneasler|Dire Claw|p1b: Froslass\n|-resisted|p1b: Froslass|1\n|-crit|p1b: Froslass\n|-damage|p1b: Froslass|71/100\n|-status|p1b: Froslass|slp\n|cant|p1b: Froslass|slp\n|\n|-weather|Snowscape|[upkeep]\n|upkeep\n|c|\u2606dracule039|rufkm\n|\n|t:|1776473802\n|switch|p1a: Whimsicott|Whimsicott, L50, M|1/100\n|turn|5\n|\n|t:|1776473811\n|move|p1a: Whimsicott|Tailwind|p1a: Whimsicott\n|-sidestart|p1: dracule039|move: Tailwind\n|move|p2b: Sylveon|Quick Attack|p1a: Whimsicott\n|-damage|p1a: Whimsicott|0 fnt\n|faint|p1a: Whimsicott\n|-curestatus|p1b: Froslass|slp|[msg]\n|move|p1b: Froslass|Blizzard|p2b: Sylveon|[spread] p2a,p2b\n|-damage|p2a: Sneasler|0 fnt\n|-damage|p2b: Sylveon|0 fnt\n|faint|p2a: Sneasler\n|faint|p2b: Sylveon\n|\n|-weather|Snowscape|[upkeep]\n|upkeep\n|\n|t:|1776473817\n|switch|p2a: Charizard|Charizard, L50, M|100/100\n|turn|6\n|\n|t:|1776473838\n|detailschange|p2a: Charizard|Charizard-Mega-X, L50, M\n|-mega|p2a: Charizard|Charizard|Charizardite X\n|move|p1b: Froslass|Thunder|p2a: Charizard\n|-resisted|p2a: Charizard|1\n|-damage|p2a: Charizard|76/100\n|-status|p2a: Charizard|par\n|move|p2a: Charizard|Flare Blitz|p1b: Froslass\n|-supereffective|p1b: Froslass|1\n|-damage|p1b: Froslass|0 fnt\n|faint|p1b: Froslass\n|-damage|p2a: Charizard|58/100 par|[from] Recoil\n|\n|win|Dudthestud\n|raw|dracule039's rating: 1280 &rarr; <strong>1261</strong><br />(-19 for losing)\n|raw|Dudthestud's rating: 1372 &rarr; <strong>1387</strong><br />(+15 for winning)\n",
  "uploadtime": 1776473849,
  "views": 45,
  "formatid": "gen9championsvgc2026regma",
  "rating": 1261,
  "private": 0,
  "password": null
}