{
  "id": "gen9championsvgc2026regma-2584517628",
  "format": "[Gen 9 Champions] VGC 2026 Reg M-A",
  "players": [
    "larryzang",
    "TestingTestes123"
  ],
  "log": "|j|\u2606larryzang\n|j|\u2606TestingTestes123\n|t:|1776266088\n|gametype|doubles\n|player|p1|larryzang|101|1212\n|player|p2|TestingTestes123|265|1120\n|gen|9\n|tier|[Gen 9 Champions] VGC 2026 Reg M-A\n|rated|\n|rule|Species Clause: Limit one of each Pok\u00e9mon\n|rule|Item Clause: Limit 1 of each item\n|clearpoke\n|poke|p1|Archaludon, L50, F|\n|poke|p1|Pelipper, L50, M|\n|poke|p1|Banette, L50, M|\n|poke|p1|Scizor, L50, F|\n|poke|p1|Basculegion, L50, M|\n|poke|p1|Primarina, L50, F|\n|poke|p2|Gengar, L50, M|\n|poke|p2|Incineroar, L50, M|\n|poke|p2|Tyranitar, L50, F|\n|poke|p2|Sinistcha, L50|\n|poke|p2|Kingambit, L50, M|\n|poke|p2|Whimsicott, L50, F|\n|teampreview|4\n|inactive|Battle timer is ON: inactive players will automatically lose when time's up. (requested by TestingTestes123)\n|\n|t:|1776266114\n|teamsize|p1|4\n|teamsize|p2|4\n|start\n|switch|p1a: Basculegion|Basculegion, L50, M|100/100\n|switch|p1b: Archaludon|Archaludon, L50, F|100/100\n|switch|p2a: Gengar|Gengar, L50, M|100/100\n|switch|p2b: Whimsicott|Whimsicott, L50, F|100/100\n|turn|1\n|\n|t:|1776266132\n|switch|p1a: Scizor|Scizor, L50, F|100/100\n|detailschange|p2a: Gengar|Gengar-Mega, L50, M\n|-mega|p2a: Gengar|Gengar|Gengarite\n|move|p2b: Whimsicott|Protect|p2b: Whimsicott\n|-singleturn|p2b: Whimsicott|Protect\n|move|p2a: Gengar|Protect|p2a: Gengar\n|-singleturn|p2a: Gengar|Protect\n|move|p1b: Archaludon|Flash Cannon|p2b: Whimsicott\n|-activate|p2b: Whimsicott|move: Protect\n|\n|upkeep\n|turn|2\n|inactive|TestingTestes123 has 30 seconds left.\n|inactive|TestingTestes123 has 20 seconds left.\n|inactive|TestingTestes123 has 15 seconds left.\n|\n|t:|1776266173\n|switch|p2a: Incineroar|Incineroar, L50, M|100/100\n|-ability|p2a: Incineroar|Intimidate|boost\n|-unboost|p1a: Scizor|atk|1\n|-unboost|p1b: Archaludon|atk|1\n|detailschange|p1a: Scizor|Scizor-Mega, L50, F\n|-mega|p1a: Scizor|Scizor|Scizorite\n|move|p2b: Whimsicott|Tailwind|p2b: Whimsicott\n|-sidestart|p2: TestingTestes123|move: Tailwind\n|move|p1b: Archaludon|Flash Cannon|p2a: Incineroar\n|-resisted|p2a: Incineroar|1\n|-damage|p2a: Incineroar|84/100\n|move|p1a: Scizor|Dual Wingbeat|p2b: Whimsicott\n|-supereffective|p2b: Whimsicott|1\n|-damage|p2b: Whimsicott|52/100\n|-supereffective|p2b: Whimsicott|1\n|-damage|p2b: Whimsicott|3/100\n|-hitcount|p2b: Whimsicott|2\n|\n|upkeep\n|turn|3\n|\n|t:|1776266198\n|switch|p1b: Pelipper|Pelipper, L50, M|100/100\n|-weather|RainDance|[from] ability: Drizzle|[of] p1b: Pelipper\n|move|p2a: Incineroar|Fake Out|p1a: Scizor\n|-resisted|p1a: Scizor|1\n|-damage|p1a: Scizor|96/100\n|cant|p1a: Scizor|flinch\n|move|p2b: Whimsicott|Moonblast|p1b: Pelipper\n|-damage|p1b: Pelipper|43/100\n|\n|-weather|RainDance|[upkeep]\n|upkeep\n|turn|4\n|\n|t:|1776266215\n|switch|p2b: Tyranitar|Tyranitar, L50, F|100/100\n|-weather|Sandstorm|[from] ability: Sand Stream|[of] p2b: Tyranitar\n|move|p1a: Scizor|Bullet Punch|p2b: Tyranitar\n|-supereffective|p2b: Tyranitar|1\n|-damage|p2b: Tyranitar|56/100\n|move|p2a: Incineroar|Flare Blitz|p1a: Scizor\n|-supereffective|p1a: Scizor|2\n|-damage|p1a: Scizor|0 fnt\n|faint|p1a: Scizor\n|-damage|p2a: Incineroar|57/100|[from] Recoil\n|move|p1b: Pelipper|Weather Ball|p2a: Incineroar\n|-supereffective|p2a: Incineroar|1\n|-damage|p2a: Incineroar|9/100\n|\n|-weather|Sandstorm|[upkeep]\n|-damage|p2a: Incineroar|3/100|[from] Sandstorm\n|-damage|p1b: Pelipper|37/100|[from] Sandstorm\n|upkeep\n|\n|t:|1776266235\n|switch|p1a: Basculegion|Basculegion, L50, M|100/100\n|turn|5\n|inactive|larryzang has 30 seconds left.\n|\n|t:|1776266261\n|move|p2a: Incineroar|Protect|p2a: Incineroar\n|-singleturn|p2a: Incineroar|Protect\n|move|p2b: Tyranitar|Knock Off|p1a: Basculegion\n|-supereffective|p1a: Basculegion|1\n|-damage|p1a: Basculegion|0 fnt\n|-enditem|p1a: Basculegion|Choice Scarf|[from] move: Knock Off|[of] p2b: Tyranitar\n|faint|p1a: Basculegion\n|move|p1b: Pelipper|Weather Ball|p2a: Incineroar\n|-activate|p2a: Incineroar|move: Protect\n|\n|-weather|Sandstorm|[upkeep]\n|-damage|p2a: Incineroar|0 fnt|[from] Sandstorm\n|-damage|p1b: Pelipper|31/100|[from] Sandstorm\n|faint|p2a: Incineroar\n|-sideend|p2: TestingTestes123|move: Tailwind\n|upkeep\n|\n|t:|1776266276\n|switch|p1a: Archaludon|Archaludon, L50, F|100/100\n|switch|p2a: Whimsicott|Whimsicott, L50, F|3/100\n|turn|6\n|\n|t:|1776266293\n|move|p2a: Whimsicott|Protect|p2a: Whimsicott\n|-singleturn|p2a: Whimsicott|Protect\n|move|p2b: Tyranitar|Knock Off|p1b: Pelipper\n|-damage|p1b: Pelipper|0 fnt\n|-enditem|p1b: Pelipper|Focus Sash|[from] move: Knock Off|[of] p2b: Tyranitar\n|faint|p1b: Pelipper\n|move|p1a: Archaludon|Aura Sphere|p2b: Tyranitar\n|-supereffective|p2b: Tyranitar|2\n|-damage|p2b: Tyranitar|0 fnt\n|faint|p2b: Tyranitar\n|\n|-weather|Sandstorm|[upkeep]\n|-damage|p2a: Whimsicott|0 fnt|[from] Sandstorm\n|faint|p2a: Whimsicott\n|upkeep\n|\n|t:|1776266309\n|switch|p2b: Gengar|Gengar-Mega, L50, M|100/100\n|turn|7\n|\n|t:|1776266320\n|move|p2b: Gengar|Shadow Ball|p1a: Archaludon\n|-damage|p1a: Archaludon|41/100\n|-ability|p1a: Archaludon|Stamina|boost\n|-boost|p1a: Archaludon|def|1\n|-enditem|p1a: Archaludon|Sitrus Berry|[eat]\n|-heal|p1a: Archaludon|65/100|[from] item: Sitrus Berry\n|move|p1a: Archaludon|Dragon Pulse|p2b: Gengar\n|-damage|p2b: Gengar|33/100\n|\n|-weather|Sandstorm|[upkeep]\n|-damage|p2b: Gengar|27/100|[from] Sandstorm\n|upkeep\n|turn|8\n|\n|t:|1776266333\n|move|p2b: Gengar|Shadow Ball|p1a: Archaludon\n|-damage|p1a: Archaludon|11/100\n|-unboost|p1a: Archaludon|spd|1\n|-ability|p1a: Archaludon|Stamina|boost\n|-boost|p1a: Archaludon|def|1\n|move|p1a: Archaludon|Flash Cannon|p2b: Gengar\n|-damage|p2b: Gengar|0 fnt\n|faint|p2b: Gengar\n|\n|win|larryzang\n|raw|larryzang's rating: 1212 &rarr; <strong>1231</strong><br />(+19 for winning)\n|raw|TestingTestes123's rating: 1120 &rarr; <strong>1101</strong><br />(-19 for losing)\n|c|\u2606TestingTestes123|gg\n|l|\u2606TestingTestes123\n|player|p2|\n",
  "uploadtime": 1776266390,
  "views": 26,
  "formatid": "gen9championsvgc2026regma",
  "rating": 1101,
  "private": 0,
  "password": null
}