{
  "id": "gen9championsvgc2026regma-2583047850",
  "format": "[Gen 9 Champions] VGC 2026 Reg M-A",
  "players": [
    "Acodal",
    "magicalarcher57"
  ],
  "log": "|j|\u2606Acodal\n|j|\u2606magicalarcher57\n|t:|1776136491\n|gametype|doubles\n|player|p1|Acodal|2|\n|player|p2|magicalarcher57|cynthia-masters4|\n|gen|9\n|tier|[Gen 9 Champions] VGC 2026 Reg M-A\n|rated|Tournament battle\n|rule|Species Clause: Limit one of each Pok\u00e9mon\n|rule|Item Clause: Limit 1 of each item\n|raw|<div class=\"infobox\"><details class=\"readmore\" open><summary><strong>1 custom rule:</strong></summary> Force Open Team Sheets</details></div>\n|clearpoke\n|poke|p1|Kingambit, L50, F|\n|poke|p1|Kleavor, L50, F|\n|poke|p1|Scovillain, L50, M|\n|poke|p1|Alcremie, L50, F|\n|poke|p1|Garchomp, L50, M|\n|poke|p2|Kangaskhan, L50, F|\n|poke|p2|Farigiraf, L50, M|\n|poke|p2|Basculegion, L50, M|\n|poke|p2|Talonflame, L50, F|\n|poke|p2|Sneasler, L50, M|\n|poke|p2|Charizard, L50, M|\n|teampreview|4\n|showteam|p1|Kingambit||BlackGlasses|Defiant|SuckerPunch,KowtowCleave,SwordsDance,Protect|||F|||50|]Kleavor||QuickClaw|SheerForce|CloseCombat,Lunge,StoneEdge,Protect|||F|||50|]Scovillain||Scovillainite|Chlorophyll|RagePowder,SuperFang,LeafStorm,Overheat|||M|||50|]Alcremie||Leftovers|AromaVeil|Decorate,AlluringVoice,PainSplit,Protect|||F|||50|]Garchomp||ChoiceScarf|RoughSkin|Earthquake,RockSlide,StompingTantrum,DragonClaw|||M|||50|\n|showteam|p2|Kangaskhan||Kangaskhanite|Scrappy|FakeOut,HammerArm,DoubleEdge,Crunch|||F|||50|]Farigiraf||ColburBerry|ArmorTail|ShadowBall,HyperVoice,TrickRoom,Psychic|||M|||50|]Basculegion||MysticWater|Adaptability|WaveCrash,LastRespects,AquaJet,Protect|||M|||50|]Talonflame||SharpBeak|GaleWings|Tailwind,Taunt,BraveBird,FlareBlitz|||F|||50|]Sneasler||FocusSash|Unburden|FakeOut,CloseCombat,DireClaw,Protect|||M|||50|]Charizard||CharizarditeY|SolarPower|HeatWave,Protect,SolarBeam,Overheat|||M|||50|\n|j| volcaronavgc (\u2267\u25bd\u2266)\n|j|@Radio Free C-Side\n|c|\u2606magicalarcher57|glhf\n|c|\u2606Acodal|glhf\n|j| Happppyyyyyy\n|\n|t:|1776136520\n|teamsize|p1|4\n|teamsize|p2|4\n|start\n|switch|p1a: Kleavor|Kleavor, L50, F|100/100\n|switch|p1b: Scovillain|Scovillain, L50, M|100/100\n|switch|p2a: Ryoiki Tenkai|Farigiraf, L50, M, shiny|100/100\n|switch|p2b: Kangaskhan|Kangaskhan, L50, F, shiny|100/100\n|turn|1\n|l| Happppyyyyyy\n|-activate|p1a: Kleavor|item: Quick Claw\n|\n|t:|1776136533\n|detailschange|p1b: Scovillain|Scovillain-Mega, L50, M\n|-mega|p1b: Scovillain|Scovillain|Scovillainite\n|move|p2b: Kangaskhan|Fake Out|p1a: Kleavor\n|-resisted|p1a: Kleavor|1\n|-damage|p1a: Kleavor|88/100\n|move|p1b: Scovillain|Rage Powder|p1b: Scovillain\n|-singleturn|p1b: Scovillain|move: Rage Powder\n|cant|p1a: Kleavor|flinch\n|move|p2a: Ryoiki Tenkai|Trick Room|p2a: Ryoiki Tenkai\n|-fieldstart|move: Trick Room|[of] p2a: Ryoiki Tenkai\n|\n|upkeep\n|turn|2\n|\n|t:|1776136548\n|detailschange|p2b: Kangaskhan|Kangaskhan-Mega, L50, F, shiny\n|-mega|p2b: Kangaskhan|Kangaskhan|Kangaskhanite\n|move|p1b: Scovillain|Rage Powder|p1b: Scovillain\n|-singleturn|p1b: Scovillain|move: Rage Powder\n|move|p2a: Ryoiki Tenkai|Hyper Voice|p1a: Kleavor|[spread] p1a,p1b\n|-resisted|p1a: Kleavor|1\n|-damage|p1a: Kleavor|62/100\n|-damage|p1b: Scovillain|58/100\n|-status|p2a: Ryoiki Tenkai|brn|[from] ability: Spicy Spray|[of] p1b: Scovillain\n|move|p2b: Kangaskhan|Double-Edge|p1b: Scovillain\n|-damage|p1b: Scovillain|0 fnt\n|-status|p2b: Kangaskhan|brn|[from] ability: Spicy Spray|[of] p1b: Scovillain\n|faint|p1b: Scovillain\n|-hitcount|p1: Scovillain|1\n|-damage|p2b: Kangaskhan|85/100 brn|[from] Recoil\n|move|p1a: Kleavor|Lunge|p2a: Ryoiki Tenkai\n|-supereffective|p2a: Ryoiki Tenkai|1\n|-damage|p2a: Ryoiki Tenkai|0 fnt\n|faint|p2a: Ryoiki Tenkai\n|\n|-damage|p2b: Kangaskhan|79/100 brn|[from] brn\n|upkeep\n|\n|t:|1776136574\n|switch|p2a: Basculegion|Basculegion, L50, M, shiny|100/100\n|switch|p1b: Garchomp|Garchomp, L50, M|100/100\n|turn|3\n|j|+Hobbit\n|l|+Hobbit\n|\n|t:|1776136602\n|move|p2a: Basculegion|Wave Crash|p1b: Garchomp\n|-damage|p1b: Garchomp|0 fnt\n|-damage|p2a: Basculegion|88/100|[from] ability: Rough Skin|[of] p1b: Garchomp\n|faint|p1b: Garchomp\n|-damage|p2a: Basculegion|61/100|[from] Recoil\n|move|p2b: Kangaskhan|Hammer Arm|p1a: Kleavor\n|-damage|p1a: Kleavor|38/100\n|-unboost|p2b: Kangaskhan|spe|1\n|-damage|p1a: Kleavor|33/100\n|-unboost|p2b: Kangaskhan|spe|1\n|-hitcount|p1a: Kleavor|2\n|move|p1a: Kleavor|Stone Edge|p2a: Basculegion\n|-damage|p2a: Basculegion|5/100\n|\n|-damage|p2b: Kangaskhan|73/100 brn|[from] brn\n|upkeep\n|j| tomcheung22\n|\n|t:|1776136618\n|switch|p1b: Kingambit|Kingambit, L50, F|100/100\n|turn|4\n|\n|t:|1776136634\n|switch|p2a: Sneasler|Sneasler, L50, M, shiny|100/100\n|move|p1a: Kleavor|Protect|p1a: Kleavor\n|-singleturn|p1a: Kleavor|Protect\n|move|p2b: Kangaskhan|Hammer Arm|p1b: Kingambit|[miss]\n|-miss|p2b: Kangaskhan|p1b: Kingambit\n|move|p1b: Kingambit|Kowtow Cleave|p2a: Sneasler\n|-resisted|p2a: Sneasler|1\n|-damage|p2a: Sneasler|51/100\n|\n|-damage|p2b: Kangaskhan|67/100 brn|[from] brn\n|upkeep\n|turn|5\n|\n|t:|1776136680\n|move|p2a: Sneasler|Protect|p2a: Sneasler\n|-singleturn|p2a: Sneasler|Protect\n|move|p2b: Kangaskhan|Hammer Arm|p1b: Kingambit\n|-supereffective|p1b: Kingambit|2\n|-damage|p1b: Kingambit|39/100\n|-unboost|p2b: Kangaskhan|spe|1\n|-supereffective|p1b: Kingambit|2\n|-damage|p1b: Kingambit|24/100\n|-unboost|p2b: Kangaskhan|spe|1\n|-hitcount|p1b: Kingambit|2\n|move|p1b: Kingambit|Kowtow Cleave|p2a: Sneasler\n|-activate|p2a: Sneasler|move: Protect\n|move|p1a: Kleavor|Close Combat|p2b: Kangaskhan\n|-supereffective|p2b: Kangaskhan|1\n|-damage|p2b: Kangaskhan|1/100 brn\n|-unboost|p1a: Kleavor|def|1\n|-unboost|p1a: Kleavor|spd|1\n|\n|-damage|p2b: Kangaskhan|0 fnt|[from] brn\n|faint|p2b: Kangaskhan\n|-fieldend|move: Trick Room\n|upkeep\n|\n|t:|1776136683\n|switch|p2b: Basculegion|Basculegion, L50, M, shiny|5/100\n|turn|6\n|j| OnToTheOther\n|\n|t:|1776136697\n|move|p2b: Basculegion|Protect|p2b: Basculegion\n|-singleturn|p2b: Basculegion|Protect\n|move|p1b: Kingambit|Sucker Punch||[still]\n|-fail|p1b: Kingambit\n|move|p2a: Sneasler|Close Combat|p1b: Kingambit\n|-supereffective|p1b: Kingambit|2\n|-damage|p1b: Kingambit|0 fnt\n|-unboost|p2a: Sneasler|def|1\n|-unboost|p2a: Sneasler|spd|1\n|faint|p1b: Kingambit\n|move|p1a: Kleavor|Close Combat|p2a: Sneasler\n|-resisted|p2a: Sneasler|1\n|-damage|p2a: Sneasler|0 fnt\n|-unboost|p1a: Kleavor|def|1\n|-unboost|p1a: Kleavor|spd|1\n|faint|p2a: Sneasler\n|\n|upkeep\n|turn|7\n|c|\u2606magicalarcher57|gg\n|\n|t:|1776136717\n|move|p2b: Basculegion|Aqua Jet|p1a: Kleavor\n|-supereffective|p1a: Kleavor|1\n|-damage|p1a: Kleavor|0 fnt\n|faint|p1a: Kleavor\n|\n|win|magicalarcher57\n|n|\u2606Acodal|acodal\n|n|\u2606magicalarcher57|magicalarcher57\n|n| volcaronavgc (\u2267\u25bd\u2266)|volcaronavgc\n|n|+Radio Free C-Side|radiofreecside\n|n| tomcheung22|tomcheung22\n|n| OnToTheOther|ontotheother\n",
  "uploadtime": 1776136721,
  "views": 13,
  "formatid": "gen9championsvgc2026regma",
  "rating": null,
  "private": 0,
  "password": null
}