{
  "id": "gen9championsvgc2026regma-2580538028",
  "format": "[Gen 9 Champions] VGC 2026 Reg M-A",
  "players": [
    "Eiconik",
    "yamzinyobooty"
  ],
  "log": "|j|\u2606Eiconik\n|j|\u2606yamzinyobooty\n|t:|1775910351\n|gametype|doubles\n|player|p1|Eiconik|266|1032\n|player|p2|yamzinyobooty|2|1115\n|gen|9\n|tier|[Gen 9 Champions] VGC 2026 Reg M-A\n|rated|\n|rule|Species Clause: Limit one of each Pok\u00e9mon\n|rule|Item Clause: Limit 1 of each item\n|clearpoke\n|poke|p1|Incineroar, L50, F|\n|poke|p1|Gengar, L50, F|\n|poke|p1|Sinistcha, L50|\n|poke|p1|Kingambit, L50, M|\n|poke|p1|Tyranitar, L50, M|\n|poke|p1|Kommo-o, L50, F|\n|poke|p2|Tyranitar, L50, F|\n|poke|p2|Excadrill, L50, F|\n|poke|p2|Rotom-Wash, L50|\n|poke|p2|Basculegion, L50, M|\n|poke|p2|Meganium, L50, M|\n|poke|p2|Talonflame, L50, F|\n|teampreview|4\n|inactive|Battle timer is ON: inactive players will automatically lose when time's up. (requested by yamzinyobooty)\n|inactive|yamzinyobooty has 60 seconds left.\n|\n|t:|1775910385\n|teamsize|p1|4\n|teamsize|p2|4\n|start\n|switch|p1a: Incineroar|Incineroar, L50, F|100/100\n|switch|p1b: Gengar|Gengar, L50, F|100/100\n|switch|p2a: Rotom|Rotom-Wash, L50, shiny|100/100\n|switch|p2b: Basculegion|Basculegion, L50, M|100/100\n|-ability|p1a: Incineroar|Intimidate|boost\n|-unboost|p2a: Rotom|atk|1\n|-unboost|p2b: Basculegion|atk|1\n|turn|1\n|\n|t:|1775910398\n|move|p2a: Rotom|Protect|p2a: Rotom\n|-singleturn|p2a: Rotom|Protect\n|move|p1a: Incineroar|Fake Out|p2a: Rotom\n|-activate|p2a: Rotom|move: Protect\n|move|p2b: Basculegion|Flip Turn|p1a: Incineroar\n|-supereffective|p1a: Incineroar|1\n|-damage|p1a: Incineroar|55/100\n|\n|t:|1775910409\n|switch|p2b: Talonflame|Talonflame, L50, F, shiny|100/100|[from] Flip Turn\n|move|p1b: Gengar|Perish Song|p1b: Gengar\n|-start|p1a: Incineroar|perish3|[silent]\n|-start|p1b: Gengar|perish3|[silent]\n|-start|p2a: Rotom|perish3|[silent]\n|-start|p2b: Talonflame|perish3|[silent]\n|-fieldactivate|move: Perish Song\n|\n|-start|p2b: Talonflame|perish3\n|-start|p1b: Gengar|perish3\n|-start|p2a: Rotom|perish3\n|-start|p1a: Incineroar|perish3\n|upkeep\n|turn|2\n|\n|t:|1775910430\n|move|p2b: Talonflame|Tailwind|p2b: Talonflame\n|-sidestart|p2: yamzinyobooty|move: Tailwind\n|move|p2a: Rotom|Volt Switch|p1a: Incineroar\n|-damage|p1a: Incineroar|35/100\n|\n|t:|1775910436\n|switch|p2a: Basculegion|Basculegion, L50, M|100/100|[from] Volt Switch\n|move|p1b: Gengar|Substitute|p1b: Gengar\n|-start|p1b: Gengar|Substitute\n|-damage|p1b: Gengar|76/100\n|move|p1a: Incineroar|Parting Shot|p2b: Talonflame\n|-unboost|p2b: Talonflame|atk|1\n|-unboost|p2b: Talonflame|spa|1\n|\n|t:|1775910449\n|switch|p1a: Sinistcha|Sinistcha, L50|100/100|[from] Parting Shot\n|-heal|p1b: Gengar|100/100|[from] ability: Hospitality|[of] p1a: Sinistcha\n|\n|-start|p2b: Talonflame|perish2\n|-start|p1b: Gengar|perish2\n|upkeep\n|turn|3\n|\n|t:|1775910474\n|switch|p2b: Rotom|Rotom-Wash, L50, shiny|100/100\n|detailschange|p1b: Gengar|Gengar-Mega, L50, F\n|-mega|p1b: Gengar|Gengar|Gengarite\n|move|p1a: Sinistcha|Rage Powder|p1a: Sinistcha\n|-singleturn|p1a: Sinistcha|move: Rage Powder\n|move|p2a: Basculegion|Flip Turn|p1a: Sinistcha\n|-resisted|p1a: Sinistcha|1\n|-damage|p1a: Sinistcha|83/100\n|\n|t:|1775910483\n|switch|p2a: Talonflame|Talonflame, L50, F, shiny|100/100|[from] Flip Turn\n|move|p1b: Gengar|Shadow Ball|p2b: Rotom\n|-damage|p2b: Rotom|55/100\n|\n|-start|p1b: Gengar|perish1\n|upkeep\n|turn|4\n|inactive|Eiconik has 30 seconds left.\n|\n|t:|1775910514\n|switch|p1b: Tyranitar|Tyranitar, L50, M|100/100\n|-weather|Sandstorm|[from] ability: Sand Stream|[of] p1b: Tyranitar\n|move|p2a: Talonflame|Flare Blitz|p1a: Sinistcha\n|-supereffective|p1a: Sinistcha|1\n|-damage|p1a: Sinistcha|18/100\n|-enditem|p1a: Sinistcha|Sitrus Berry|[eat]\n|-heal|p1a: Sinistcha|43/100|[from] item: Sitrus Berry\n|-damage|p2a: Talonflame|80/100|[from] Recoil\n|move|p2b: Rotom|Hydro Pump|p1b: Tyranitar\n|-supereffective|p1b: Tyranitar|1\n|-damage|p1b: Tyranitar|46/100\n|move|p1a: Sinistcha|Matcha Gotcha|p2b: Rotom|[spread] p2a,p2b\n|-resisted|p2a: Talonflame|2\n|-supereffective|p2b: Rotom|1\n|-damage|p2a: Talonflame|72/100\n|-heal|p1a: Sinistcha|47/100|[from] drain|[of] p2a: Talonflame\n|-damage|p2b: Rotom|8/100\n|-heal|p1a: Sinistcha|65/100|[from] drain|[of] p2b: Rotom\n|-enditem|p2b: Rotom|Sitrus Berry|[eat]\n|-heal|p2b: Rotom|33/100|[from] item: Sitrus Berry\n|\n|-weather|Sandstorm|[upkeep]\n|-damage|p2a: Talonflame|66/100|[from] Sandstorm\n|-damage|p2b: Rotom|28/100|[from] Sandstorm\n|-damage|p1a: Sinistcha|59/100|[from] Sandstorm\n|-heal|p2a: Talonflame|72/100|[from] item: Leftovers\n|upkeep\n|turn|5\n|inactive|Eiconik has 30 seconds left.\n|inactive|yamzinyobooty has 30 seconds left.\n|inactive|Eiconik has 20 seconds left.\n|inactive|yamzinyobooty has 20 seconds left.\n|inactive|yamzinyobooty has 15 seconds left.\n|\n|t:|1775910557\n|move|p2b: Rotom|Protect|p2b: Rotom\n|-singleturn|p2b: Rotom|Protect\n|move|p1a: Sinistcha|Rage Powder|p1a: Sinistcha\n|-singleturn|p1a: Sinistcha|move: Rage Powder\n|move|p2a: Talonflame|Flare Blitz|p1a: Sinistcha\n|-supereffective|p1a: Sinistcha|1\n|-damage|p1a: Sinistcha|0 fnt\n|faint|p1a: Sinistcha\n|-damage|p2a: Talonflame|54/100|[from] Recoil\n|move|p1b: Tyranitar|Rock Slide|p2a: Talonflame|[spread] p2a\n|-activate|p2b: Rotom|move: Protect\n|-supereffective|p2a: Talonflame|2\n|-damage|p2a: Talonflame|0 fnt\n|faint|p2a: Talonflame\n|\n|-weather|Sandstorm|[upkeep]\n|-damage|p2b: Rotom|22/100|[from] Sandstorm\n|-sideend|p2: yamzinyobooty|move: Tailwind\n|upkeep\n|\n|t:|1775910576\n|switch|p2a: Basculegion|Basculegion, L50, M|100/100\n|switch|p1a: Gengar|Gengar-Mega, L50, F|100/100\n|turn|6\n|\n|t:|1775910592\n|move|p2a: Basculegion|Flip Turn|p1b: Tyranitar\n|-supereffective|p1b: Tyranitar|1\n|-crit|p1b: Tyranitar\n|-damage|p1b: Tyranitar|0 fnt\n|faint|p1b: Tyranitar\n|\n|t:|1775910595\n|switch|p2a: Meganium|Meganium, L50, M|100/100|[from] Flip Turn\n|move|p1a: Gengar|Perish Song|p1a: Gengar\n|-start|p1a: Gengar|perish3|[silent]\n|-start|p2a: Meganium|perish3|[silent]\n|-start|p2b: Rotom|perish3|[silent]\n|-fieldactivate|move: Perish Song\n|move|p2b: Rotom|Hydro Pump|p1a: Gengar\n|-damage|p1a: Gengar|52/100\n|\n|-weather|Sandstorm|[upkeep]\n|-damage|p1a: Gengar|46/100|[from] Sandstorm\n|-damage|p2b: Rotom|16/100|[from] Sandstorm\n|-damage|p2a: Meganium|95/100|[from] Sandstorm\n|-start|p1a: Gengar|perish3\n|-start|p2b: Rotom|perish3\n|-start|p2a: Meganium|perish3\n|upkeep\n|\n|t:|1775910608\n|switch|p1b: Incineroar|Incineroar, L50, F|35/100\n|-ability|p1b: Incineroar|Intimidate|boost\n|-unboost|p2a: Meganium|atk|1\n|-unboost|p2b: Rotom|atk|1\n|turn|7\n|\n|t:|1775910621\n|move|p1a: Gengar|Protect|p1a: Gengar\n|-singleturn|p1a: Gengar|Protect\n|move|p2b: Rotom|Protect|p2b: Rotom\n|-singleturn|p2b: Rotom|Protect\n|move|p2a: Meganium|Protect|p2a: Meganium\n|-singleturn|p2a: Meganium|Protect\n|move|p1b: Incineroar|Fake Out|p2a: Meganium\n|-activate|p2a: Meganium|move: Protect\n|\n|-weather|Sandstorm|[upkeep]\n|-damage|p1a: Gengar|40/100|[from] Sandstorm\n|-damage|p2b: Rotom|10/100|[from] Sandstorm\n|-damage|p2a: Meganium|89/100|[from] Sandstorm\n|-damage|p1b: Incineroar|29/100|[from] Sandstorm\n|-start|p1a: Gengar|perish2\n|-start|p2b: Rotom|perish2\n|-start|p2a: Meganium|perish2\n|upkeep\n|turn|8\n|inactive|yamzinyobooty has 30 seconds left.\n|inactive|yamzinyobooty has 20 seconds left.\n|inactive|yamzinyobooty has 15 seconds left.\n|inactive|yamzinyobooty has 10 seconds left.\n|\n|t:|1775910669\n|detailschange|p2a: Meganium|Meganium-Mega, L50, M\n|-mega|p2a: Meganium|Meganium|Meganiumite\n|move|p1a: Gengar|Shadow Ball|p2a: Meganium\n|-damage|p2a: Meganium|50/100\n|move|p2b: Rotom|Hydro Pump|p1a: Gengar\n|-damage|p1a: Gengar|0 fnt\n|faint|p1a: Gengar\n|move|p2a: Meganium|Dazzling Gleam|p1b: Incineroar\n|-damage|p1b: Incineroar|0 fnt\n|faint|p1b: Incineroar\n|\n|win|yamzinyobooty\n|raw|Eiconik's rating: 1032 &rarr; <strong>1021</strong><br />(-11 for losing)\n|raw|yamzinyobooty's rating: 1115 &rarr; <strong>1134</strong><br />(+19 for winning)\n",
  "uploadtime": 1775910670,
  "views": 13,
  "formatid": "gen9championsvgc2026regma",
  "rating": 1021,
  "private": 0,
  "password": null
}