{
  "id": "gen9championsvgc2026regma-2583838497",
  "format": "[Gen 9 Champions] VGC 2026 Reg M-A",
  "players": [
    "qmantra",
    "Qloser"
  ],
  "log": "|j|\u2606qmantra\n|j|\u2606Qloser\n|t:|1776201669\n|gametype|doubles\n|player|p1|qmantra|102|1181\n|player|p2|Qloser|norman|1182\n|gen|9\n|tier|[Gen 9 Champions] VGC 2026 Reg M-A\n|rated|\n|rule|Species Clause: Limit one of each Pok\u00e9mon\n|rule|Item Clause: Limit 1 of each item\n|clearpoke\n|poke|p1|Aromatisse, L50, F|\n|poke|p1|Scizor, L50, F|\n|poke|p1|Drampa, L50, M|\n|poke|p1|Sinistcha, L50|\n|poke|p1|Incineroar, L50, M|\n|poke|p1|Tauros-Paldea-Aqua, L50, M|\n|poke|p2|Charizard, L50, M|\n|poke|p2|Kingambit, L50, M|\n|poke|p2|Rotom-Wash, L50|\n|poke|p2|Tyranitar, L50, M|\n|poke|p2|Sinistcha, L50|\n|poke|p2|Excadrill, L50, M|\n|teampreview|4\n|inactive|Battle timer is ON: inactive players will automatically lose when time's up. (requested by Qloser)\n|inactive|qmantra also wants the timer to be on.\n|inactive|Qloser has 60 seconds left.\n|\n|t:|1776201713\n|teamsize|p1|4\n|teamsize|p2|4\n|start\n|switch|p1a: Aromatisse|Aromatisse, L50, F|100/100\n|switch|p1b: Tauros|Tauros-Paldea-Aqua, L50, M|100/100\n|switch|p2a: Kingambit|Kingambit, L50, M|100/100\n|switch|p2b: Charizard|Charizard, L50, M|100/100\n|-ability|p1b: Tauros|Intimidate|boost\n|-unboost|p2a: Kingambit|atk|1\n|-ability|p2a: Kingambit|Defiant|boost\n|-boost|p2a: Kingambit|atk|2\n|-unboost|p2b: Charizard|atk|1\n|turn|1\n|\n|t:|1776201735\n|switch|p2b: Sinistcha|Sinistcha, L50|100/100\n|move|p2a: Kingambit|Protect|p2a: Kingambit\n|-singleturn|p2a: Kingambit|Protect\n|move|p1b: Tauros|Close Combat|p2a: Kingambit\n|-activate|p2a: Kingambit|move: Protect\n|move|p1a: Aromatisse|Dazzling Gleam|p2b: Sinistcha|[spread] p2b\n|-activate|p2a: Kingambit|move: Protect\n|-damage|p2b: Sinistcha|80/100\n|\n|-heal|p2b: Sinistcha|86/100|[from] item: Leftovers\n|upkeep\n|turn|2\n|\n|t:|1776201749\n|switch|p1a: Incineroar|Incineroar, L50, M|100/100\n|-ability|p1a: Incineroar|Intimidate|boost\n|-unboost|p2a: Kingambit|atk|1\n|-ability|p2a: Kingambit|Defiant|boost\n|-boost|p2a: Kingambit|atk|2\n|-unboost|p2b: Sinistcha|atk|1\n|move|p1b: Tauros|Protect|p1b: Tauros\n|-singleturn|p1b: Tauros|Protect\n|move|p2b: Sinistcha|Rage Powder|p2b: Sinistcha\n|-singleturn|p2b: Sinistcha|move: Rage Powder\n|move|p2a: Kingambit|Iron Head|p1a: Incineroar\n|-resisted|p1a: Incineroar|1\n|-damage|p1a: Incineroar|58/100\n|\n|-heal|p2b: Sinistcha|93/100|[from] item: Leftovers\n|upkeep\n|turn|3\n|inactive|qmantra has 30 seconds left.\n|\n|t:|1776201780\n|switch|p1b: Scizor|Scizor, L50, F|100/100\n|move|p2a: Kingambit|Protect|p2a: Kingambit\n|-singleturn|p2a: Kingambit|Protect\n|move|p1a: Incineroar|Flare Blitz|p2a: Kingambit\n|-activate|p2a: Kingambit|move: Protect\n|move|p2b: Sinistcha|Strength Sap|p1b: Scizor\n|-unboost|p1b: Scizor|atk|1\n|-heal|p2b: Sinistcha|100/100\n|\n|upkeep\n|turn|4\n|inactive|Qloser has 30 seconds left.\n|\n|t:|1776201807\n|move|p1a: Incineroar|Flare Blitz|p2a: Kingambit\n|-supereffective|p2a: Kingambit|1\n|-damage|p2a: Kingambit|31/100\n|-damage|p1a: Incineroar|35/100|[from] Recoil\n|-enditem|p1a: Incineroar|Sitrus Berry|[eat]\n|-heal|p1a: Incineroar|59/100|[from] item: Sitrus Berry\n|move|p2b: Sinistcha|Strength Sap|p1b: Scizor\n|-unboost|p1b: Scizor|atk|1\n|move|p1b: Scizor|Bug Bite|p2a: Kingambit\n|-damage|p2a: Kingambit|10/100\n|move|p2a: Kingambit|Kowtow Cleave|p1a: Incineroar\n|-resisted|p1a: Incineroar|1\n|-damage|p1a: Incineroar|0 fnt\n|faint|p1a: Incineroar\n|\n|upkeep\n|\n|t:|1776201823\n|switch|p1a: Aromatisse|Aromatisse, L50, F|100/100\n|turn|5\n|\n|t:|1776201840\n|detailschange|p1b: Scizor|Scizor-Mega, L50, F\n|-mega|p1b: Scizor|Scizor|Scizorite\n|move|p2b: Sinistcha|Rage Powder|p2b: Sinistcha\n|-singleturn|p2b: Sinistcha|move: Rage Powder\n|move|p2a: Kingambit|Sucker Punch|p1a: Aromatisse\n|-resisted|p1a: Aromatisse|1\n|-damage|p1a: Aromatisse|61/100\n|move|p1b: Scizor|U-turn|p2b: Sinistcha\n|-crit|p2b: Sinistcha\n|-damage|p2b: Sinistcha|44/100\n|\n|t:|1776201849\n|switch|p1b: Tauros|Tauros-Paldea-Aqua, L50, M|100/100|[from] U-turn\n|-ability|p1b: Tauros|Intimidate|boost\n|-unboost|p2a: Kingambit|atk|1\n|-ability|p2a: Kingambit|Defiant|boost\n|-boost|p2a: Kingambit|atk|2\n|-unboost|p2b: Sinistcha|atk|1\n|move|p1a: Aromatisse|Dazzling Gleam|p2b: Sinistcha|[spread] p2a,p2b\n|-damage|p2a: Kingambit|0 fnt\n|-damage|p2b: Sinistcha|23/100\n|faint|p2a: Kingambit\n|\n|-heal|p2b: Sinistcha|29/100|[from] item: Leftovers\n|upkeep\n|\n|t:|1776201863\n|switch|p2a: Tyranitar|Tyranitar, L50, M|100/100\n|-weather|Sandstorm|[from] ability: Sand Stream|[of] p2a: Tyranitar\n|turn|6\n|\n|t:|1776201878\n|move|p1b: Tauros|Protect|p1b: Tauros\n|-singleturn|p1b: Tauros|Protect\n|move|p2a: Tyranitar|Rock Slide|p1b: Tauros|[spread] p1a\n|-activate|p1b: Tauros|move: Protect\n|-damage|p1a: Aromatisse|36/100\n|move|p2b: Sinistcha|Strength Sap|p1b: Tauros\n|-activate|p1b: Tauros|move: Protect\n|cant|p1a: Aromatisse|flinch\n|\n|-weather|Sandstorm|[upkeep]\n|-damage|p1b: Tauros|95/100|[from] Sandstorm\n|-damage|p2b: Sinistcha|23/100|[from] Sandstorm\n|-damage|p1a: Aromatisse|30/100|[from] Sandstorm\n|-heal|p2b: Sinistcha|29/100|[from] item: Leftovers\n|upkeep\n|turn|7\n|\n|t:|1776201901\n|switch|p1a: Scizor|Scizor-Mega, L50, F|100/100\n|move|p2a: Tyranitar|Rock Slide|p1a: Scizor|[spread] p1a,p1b\n|-resisted|p1b: Tauros|1\n|-damage|p1a: Scizor|75/100\n|-damage|p1b: Tauros|77/100\n|move|p1b: Tauros|Raging Bull|p2b: Sinistcha\n|-resisted|p2b: Sinistcha|1\n|-damage|p2b: Sinistcha|14/100\n|move|p2b: Sinistcha|Strength Sap|p1b: Tauros\n|-unboost|p1b: Tauros|atk|1\n|-heal|p2b: Sinistcha|100/100\n|\n|-weather|Sandstorm|[upkeep]\n|-damage|p1b: Tauros|71/100|[from] Sandstorm\n|-damage|p2b: Sinistcha|94/100|[from] Sandstorm\n|-heal|p2b: Sinistcha|100/100|[from] item: Leftovers\n|upkeep\n|turn|8\n|\n|t:|1776201921\n|move|p1a: Scizor|Bullet Punch|p2a: Tyranitar\n|-supereffective|p2a: Tyranitar|1\n|-damage|p2a: Tyranitar|29/100\n|move|p2a: Tyranitar|Rock Slide|p1b: Tauros|[spread] p1a,p1b\n|-resisted|p1b: Tauros|1\n|-damage|p1a: Scizor|51/100\n|-damage|p1b: Tauros|54/100\n|move|p1b: Tauros|Close Combat|p2a: Tyranitar\n|-supereffective|p2a: Tyranitar|2\n|-damage|p2a: Tyranitar|0 fnt\n|-unboost|p1b: Tauros|def|1\n|-unboost|p1b: Tauros|spd|1\n|faint|p2a: Tyranitar\n|move|p2b: Sinistcha|Matcha Gotcha|p1b: Tauros|[spread] p1a,p1b\n|-resisted|p1a: Scizor|2\n|-supereffective|p1b: Tauros|1\n|-damage|p1a: Scizor|46/100\n|-damage|p1b: Tauros|0 fnt\n|faint|p1b: Tauros\n|\n|-weather|Sandstorm|[upkeep]\n|-damage|p2b: Sinistcha|94/100|[from] Sandstorm\n|-heal|p2b: Sinistcha|100/100|[from] item: Leftovers\n|upkeep\n|\n|t:|1776201936\n|switch|p1b: Aromatisse|Aromatisse, L50, F|30/100\n|switch|p2a: Charizard|Charizard, L50, M|100/100\n|turn|9\n|\n|t:|1776201947\n|move|p1a: Scizor|Protect|p1a: Scizor\n|-singleturn|p1a: Scizor|Protect\n|move|p2b: Sinistcha|Rage Powder|p2b: Sinistcha\n|-singleturn|p2b: Sinistcha|move: Rage Powder\n|move|p2a: Charizard|Dragon Dance|p2a: Charizard\n|-boost|p2a: Charizard|atk|1\n|-boost|p2a: Charizard|spe|1\n|move|p1b: Aromatisse|Trick Room|p1b: Aromatisse\n|-fieldstart|move: Trick Room|[of] p1b: Aromatisse\n|\n|-weather|Sandstorm|[upkeep]\n|-damage|p1b: Aromatisse|24/100|[from] Sandstorm\n|-damage|p2b: Sinistcha|94/100|[from] Sandstorm\n|-damage|p2a: Charizard|95/100|[from] Sandstorm\n|-heal|p2b: Sinistcha|100/100|[from] item: Leftovers\n|upkeep\n|turn|10\n|\n|t:|1776201967\n|move|p2a: Charizard|Protect|p2a: Charizard\n|-singleturn|p2a: Charizard|Protect\n|move|p1b: Aromatisse|Dazzling Gleam|p2a: Charizard|[spread] p2b\n|-activate|p2a: Charizard|move: Protect\n|-damage|p2b: Sinistcha|78/100\n|move|p2b: Sinistcha|Matcha Gotcha|p1a: Scizor|[spread] p1a,p1b\n|-resisted|p1a: Scizor|2\n|-damage|p1a: Scizor|39/100\n|-heal|p2b: Sinistcha|82/100|[from] drain|[of] p1a: Scizor\n|-damage|p1b: Aromatisse|3/100\n|-heal|p2b: Sinistcha|94/100|[from] drain|[of] p1b: Aromatisse\n|move|p1a: Scizor|Bug Bite|p2a: Charizard\n|-activate|p2a: Charizard|move: Protect\n|\n|-weather|none\n|-heal|p2b: Sinistcha|100/100|[from] item: Leftovers\n|upkeep\n|turn|11\n|-message|qmantra forfeited.\n|\n|win|Qloser\n|raw|qmantra's rating: 1181 &rarr; <strong>1156</strong><br />(-25 for losing)\n|raw|Qloser's rating: 1182 &rarr; <strong>1207</strong><br />(+25 for winning)\n",
  "uploadtime": 1776201978,
  "views": 22,
  "formatid": "gen9championsvgc2026regma",
  "rating": 1156,
  "private": 0,
  "password": null
}