{
  "id": "gen9championsvgc2026regma-2583863993",
  "format": "[Gen 9 Champions] VGC 2026 Reg M-A",
  "players": [
    "Gsue03",
    "HappyW"
  ],
  "log": "|j|\u2606Gsue03\n|j|\u2606HappyW\n|t:|1776203673\n|gametype|doubles\n|player|p1|Gsue03|hugh|1405\n|player|p2|HappyW|akari|1299\n|gen|9\n|tier|[Gen 9 Champions] VGC 2026 Reg M-A\n|rated|\n|rule|Species Clause: Limit one of each Pok\u00e9mon\n|rule|Item Clause: Limit 1 of each item\n|clearpoke\n|poke|p1|Floette-Eternal, L50, F|\n|poke|p1|Basculegion, L50, M|\n|poke|p1|Gengar, L50, M|\n|poke|p1|Pelipper, L50, M|\n|poke|p1|Kingambit, L50, M|\n|poke|p1|Archaludon, L50, M|\n|poke|p2|Sneasler, L50, M|\n|poke|p2|Delphox, L50, M|\n|poke|p2|Whimsicott, L50, F|\n|poke|p2|Rotom-Wash, L50|\n|poke|p2|Kingambit, L50, M|\n|poke|p2|Dragonite, L50, F|\n|teampreview|4\n|inactive|Battle timer is ON: inactive players will automatically lose when time's up. (requested by HappyW)\n|\n|t:|1776203696\n|teamsize|p1|4\n|teamsize|p2|4\n|start\n|switch|p1a: Basculegion|Basculegion, L50, M|100/100\n|switch|p1b: Pelipper|Pelipper, L50, M|100/100\n|switch|p2a: Whimsicott|Whimsicott, L50, F, shiny|100/100\n|switch|p2b: Rotom|Rotom-Wash, L50, shiny|100/100\n|-weather|RainDance|[from] ability: Drizzle|[of] p1b: Pelipper\n|turn|1\n|inactive|Gsue03 has 30 seconds left.\n|inactive|Gsue03 has 20 seconds left.\n|\n|t:|1776203731\n|move|p1b: Pelipper|Protect|p1b: Pelipper\n|-singleturn|p1b: Pelipper|Protect\n|move|p2a: Whimsicott|Tailwind|p2a: Whimsicott\n|-sidestart|p2: HappyW|move: Tailwind\n|move|p2b: Rotom|Thunderbolt|p1a: Basculegion\n|-supereffective|p1a: Basculegion|1\n|-damage|p1a: Basculegion|0 fnt\n|faint|p1a: Basculegion\n|\n|-weather|RainDance|[upkeep]\n|upkeep\n|\n|t:|1776203748\n|switch|p1a: Gengar|Gengar, L50, M|100/100\n|turn|2\n|\n|t:|1776203759\n|move|p2a: Whimsicott|Encore|p1b: Pelipper\n|-start|p1b: Pelipper|Encore\n|move|p1b: Pelipper|Protect|p1b: Pelipper\n|-singleturn|p1b: Pelipper|Protect\n|move|p2b: Rotom|Hydro Pump|p1a: Gengar\n|-enditem|p1a: Gengar|Focus Sash\n|-damage|p1a: Gengar|1/100\n|-start|p2b: Rotom|Disable|Hydro Pump|[from] ability: Cursed Body|[of] p1a: Gengar\n|move|p1a: Gengar|Sludge Bomb|p2b: Rotom\n|-damage|p2b: Rotom|47/100\n|\n|-weather|RainDance|[upkeep]\n|-heal|p2b: Rotom|53/100|[from] item: Leftovers\n|upkeep\n|turn|3\n|\n|t:|1776203780\n|switch|p2b: Sneasler|Sneasler, L50, M|100/100\n|switch|p1b: Floette|Floette-Eternal, L50, F|100/100\n|move|p2a: Whimsicott|Moonblast|p1a: Gengar\n|-resisted|p1a: Gengar|1\n|-damage|p1a: Gengar|0 fnt\n|faint|p1a: Gengar\n|\n|-weather|RainDance|[upkeep]\n|upkeep\n|\n|t:|1776203785\n|switch|p1a: Pelipper|Pelipper, L50, M|100/100\n|turn|4\n|\n|t:|1776203800\n|detailschange|p1b: Floette|Floette-Mega, L50, F\n|-mega|p1b: Floette|Floette|Floettite\n|-ability|p1b: Floette|Fairy Aura\n|move|p2a: Whimsicott|Protect|p2a: Whimsicott\n|-singleturn|p2a: Whimsicott|Protect\n|move|p2b: Sneasler|Dire Claw|p1b: Floette\n|-supereffective|p1b: Floette|1\n|-damage|p1b: Floette|23/100\n|move|p1b: Floette|Calm Mind|p1b: Floette\n|-boost|p1b: Floette|spa|1\n|-boost|p1b: Floette|spd|1\n|move|p1a: Pelipper|Tailwind|p1a: Pelipper\n|-sidestart|p1: Gsue03|move: Tailwind\n|\n|-weather|RainDance|[upkeep]\n|-sideend|p2: HappyW|move: Tailwind\n|upkeep\n|turn|5\n|\n|t:|1776203825\n|move|p1b: Floette|Protect|p1b: Floette\n|-singleturn|p1b: Floette|Protect\n|move|p2b: Sneasler|Protect|p2b: Sneasler\n|-singleturn|p2b: Sneasler|Protect\n|move|p2a: Whimsicott|Encore|p1b: Floette\n|-activate|p1b: Floette|move: Protect\n|move|p1a: Pelipper|Hurricane|p2b: Sneasler\n|-activate|p2b: Sneasler|move: Protect\n|\n|-weather|none\n|upkeep\n|turn|6\n|\n|t:|1776203844\n|move|p2a: Whimsicott|Encore|p1b: Floette\n|-start|p1b: Floette|Encore\n|move|p1b: Floette|Protect|p1b: Floette\n|-singleturn|p1b: Floette|Protect\n|move|p1a: Pelipper|Muddy Water|p2a: Whimsicott|[spread] p2a,p2b\n|-resisted|p2a: Whimsicott|1\n|-damage|p2a: Whimsicott|82/100\n|-damage|p2b: Sneasler|72/100\n|move|p2b: Sneasler|Dire Claw|p1a: Pelipper\n|-crit|p1a: Pelipper\n|-damage|p1a: Pelipper|33/100\n|-status|p1a: Pelipper|par\n|-enditem|p1a: Pelipper|Sitrus Berry|[eat]\n|-heal|p1a: Pelipper|58/100 par|[from] item: Sitrus Berry\n|\n|upkeep\n|turn|7\n|-message|Gsue03 forfeited.\n|\n|win|HappyW\n|raw|Gsue03's rating: 1405 &rarr; <strong>1379</strong><br />(-26 for losing)\n|raw|HappyW's rating: 1299 &rarr; <strong>1331</strong><br />(+32 for winning)\n|l|\u2606Gsue03\n|player|p1|\n",
  "uploadtime": 1776203861,
  "views": 41,
  "formatid": "gen9championsvgc2026regma",
  "rating": 1331,
  "private": 0,
  "password": null
}