{
  "id": "gen9championsvgc2026regma-2581170743",
  "format": "[Gen 9 Champions] VGC 2026 Reg M-A",
  "players": [
    "RyushinYuki",
    "shadowluffy2002"
  ],
  "log": "|j|\u2606RyushinYuki\n|j|\u2606shadowluffy2002\n|t:|1775966810\n|gametype|doubles\n|player|p1|RyushinYuki|cynthia-masters|1372\n|player|p2|shadowluffy2002|101|1410\n|gen|9\n|tier|[Gen 9 Champions] VGC 2026 Reg M-A\n|rated|\n|rule|Species Clause: Limit one of each Pok\u00e9mon\n|rule|Item Clause: Limit 1 of each item\n|clearpoke\n|poke|p1|Corviknight, L50, F|\n|poke|p1|Tyranitar, L50, M|\n|poke|p1|Excadrill, L50, F|\n|poke|p1|Meganium, L50, F|\n|poke|p1|Sneasler, L50, F|\n|poke|p1|Rotom-Wash, L50|\n|poke|p2|Basculegion, L50, M|\n|poke|p2|Archaludon, L50, F|\n|poke|p2|Pelipper, L50, M|\n|poke|p2|Floette-Eternal, L50, F|\n|poke|p2|Farigiraf, L50, F|\n|poke|p2|Incineroar, L50, F|\n|teampreview|4\n|inactive|Battle timer is ON: inactive players will automatically lose when time's up. (requested by RyushinYuki)\n|inactive|shadowluffy2002 has 60 seconds left.\n|\n|t:|1775966874\n|teamsize|p1|4\n|teamsize|p2|4\n|start\n|switch|p1a: Sneasler|Sneasler, L50, F|100/100\n|switch|p1b: Meganium|Meganium, L50, F|100/100\n|switch|p2a: Incineroar|Incineroar, L50, F|100/100\n|switch|p2b: Basculegion|Basculegion, L50, M|100/100\n|-ability|p2a: Incineroar|Intimidate|boost\n|-unboost|p1a: Sneasler|atk|1\n|-unboost|p1b: Meganium|atk|1\n|-enditem|p1a: Sneasler|White Herb\n|-clearnegativeboost|p1a: Sneasler|[silent]\n|turn|1\n|inactive|RyushinYuki has 30 seconds left.\n|\n|t:|1775966907\n|switch|p2a: Pelipper|Pelipper, L50, M|100/100\n|-weather|RainDance|[from] ability: Drizzle|[of] p2a: Pelipper\n|move|p1a: Sneasler|Protect|p1a: Sneasler\n|-singleturn|p1a: Sneasler|Protect\n|move|p1b: Meganium|Protect|p1b: Meganium\n|-singleturn|p1b: Meganium|Protect\n|move|p2b: Basculegion|Wave Crash|p1a: Sneasler\n|-activate|p1a: Sneasler|move: Protect\n|\n|-weather|RainDance|[upkeep]\n|upkeep\n|turn|2\n|inactive|RyushinYuki has 30 seconds left.\n|inactive|shadowluffy2002 has 30 seconds left.\n|\n|t:|1775966933\n|switch|p2b: Archaludon|Archaludon, L50, F|100/100\n|detailschange|p1b: Meganium|Meganium-Mega, L50, F\n|-mega|p1b: Meganium|Meganium|Meganiumite\n|move|p1a: Sneasler|Dire Claw|p2a: Pelipper\n|-damage|p2a: Pelipper|43/100\n|move|p1b: Meganium|Solar Beam||[still]\n|-prepare|p1b: Meganium|Solar Beam\n|-activate|p1b: Meganium|ability: Mega Sol\n|-anim|p1b: Meganium|Solar Beam|p2b: Archaludon\n|-resisted|p2b: Archaludon|2\n|-damage|p2b: Archaludon|79/100\n|-ability|p2b: Archaludon|Stamina|boost\n|-boost|p2b: Archaludon|def|1\n|move|p2a: Pelipper|Tailwind|p2a: Pelipper\n|-sidestart|p2: shadowluffy2002|move: Tailwind\n|\n|-weather|RainDance|[upkeep]\n|upkeep\n|turn|3\n|inactive|shadowluffy2002 has 30 seconds left.\n|\n|t:|1775966962\n|switch|p2a: Incineroar|Incineroar, L50, F|100/100\n|-ability|p2a: Incineroar|Intimidate|boost\n|-unboost|p1a: Sneasler|atk|1\n|-unboost|p1b: Meganium|atk|1\n|switch|p1b: Tyranitar|Tyranitar, L50, M|100/100\n|-weather|Sandstorm|[from] ability: Sand Stream|[of] p1b: Tyranitar\n|move|p1a: Sneasler|Close Combat|p2b: Archaludon\n|-supereffective|p2b: Archaludon|1\n|-enditem|p2b: Archaludon|Chople Berry|[eat]\n|-enditem|p2b: Archaludon|Chople Berry|[weaken]\n|-damage|p2b: Archaludon|55/100\n|-unboost|p1a: Sneasler|def|1\n|-unboost|p1a: Sneasler|spd|1\n|-ability|p2b: Archaludon|Stamina|boost\n|-boost|p2b: Archaludon|def|1\n|move|p2b: Archaludon|Electro Shot||[still]\n|-prepare|p2b: Archaludon|Electro Shot\n|-boost|p2b: Archaludon|spa|1\n|\n|-weather|Sandstorm|[upkeep]\n|-damage|p1a: Sneasler|95/100|[from] Sandstorm\n|-damage|p2a: Incineroar|95/100|[from] Sandstorm\n|upkeep\n|turn|4\n|inactive|RyushinYuki has 30 seconds left.\n|\n|t:|1775966987\n|switch|p1a: Excadrill|Excadrill, L50, F|100/100\n|move|p2a: Incineroar|Fake Out|p1b: Tyranitar\n|-resisted|p1b: Tyranitar|1\n|-damage|p1b: Tyranitar|96/100\n|move|p2b: Archaludon|Electro Shot|p1a: Excadrill|[from] lockedmove\n|-immune|p1a: Excadrill\n|cant|p1b: Tyranitar|flinch\n|\n|-weather|Sandstorm|[upkeep]\n|-damage|p2a: Incineroar|89/100|[from] Sandstorm\n|upkeep\n|turn|5\n|\n|t:|1775967003\n|switch|p2a: Basculegion|Basculegion, L50, M|100/100\n|move|p2b: Archaludon|Protect|p2b: Archaludon\n|-singleturn|p2b: Archaludon|Protect\n|move|p1a: Excadrill|Earthquake|p2b: Archaludon|[spread] p1b,p2a\n|-activate|p2b: Archaludon|move: Protect\n|-supereffective|p1b: Tyranitar|1\n|-damage|p1b: Tyranitar|27/100\n|-damage|p2a: Basculegion|49/100\n|move|p1b: Tyranitar|Rock Slide|p2b: Archaludon|[spread] p2a\n|-activate|p2b: Archaludon|move: Protect\n|-damage|p2a: Basculegion|3/100\n|\n|-weather|Sandstorm|[upkeep]\n|-damage|p2a: Basculegion|0 fnt|[from] Sandstorm\n|faint|p2a: Basculegion\n|-sideend|p2: shadowluffy2002|move: Tailwind\n|upkeep\n|\n|t:|1775967013\n|switch|p2a: Pelipper|Pelipper, L50, M|43/100\n|-weather|RainDance|[from] ability: Drizzle|[of] p2a: Pelipper\n|turn|6\n|inactive|shadowluffy2002 has 30 seconds left.\n|\n|t:|1775967047\n|move|p2a: Pelipper|Protect|p2a: Pelipper\n|-singleturn|p2a: Pelipper|Protect\n|move|p1b: Tyranitar|Protect|p1b: Tyranitar\n|-singleturn|p1b: Tyranitar|Protect\n|move|p1a: Excadrill|Earthquake|p2b: Archaludon|[spread] p2b\n|-activate|p1b: Tyranitar|move: Protect\n|-activate|p2a: Pelipper|move: Protect\n|-supereffective|p2b: Archaludon|1\n|-damage|p2b: Archaludon|20/100\n|-ability|p2b: Archaludon|Stamina|boost\n|-boost|p2b: Archaludon|def|1\n|move|p2b: Archaludon|Electro Shot||[still]\n|-prepare|p2b: Archaludon|Electro Shot\n|-boost|p2b: Archaludon|spa|1\n|-anim|p2b: Archaludon|Electro Shot|p1b: Tyranitar\n|-activate|p1b: Tyranitar|move: Protect\n|\n|-weather|RainDance|[upkeep]\n|upkeep\n|turn|7\n|j| RedPlaysVGC\n|inactive|RyushinYuki has 30 seconds left.\n|\n|t:|1775967076\n|switch|p1b: Sneasler|Sneasler, L50, F|95/100\n|move|p2b: Archaludon|Protect|p2b: Archaludon\n|-singleturn|p2b: Archaludon|Protect\n|move|p1a: Excadrill|High Horsepower|p2b: Archaludon\n|-activate|p2b: Archaludon|move: Protect\n|move|p2a: Pelipper|Tailwind|p2a: Pelipper\n|-sidestart|p2: shadowluffy2002|move: Tailwind\n|\n|-weather|RainDance|[upkeep]\n|upkeep\n|turn|8\n|inactive|shadowluffy2002 has 30 seconds left.\n|\n|t:|1775967103\n|switch|p1b: Tyranitar|Tyranitar, L50, M|27/100\n|-weather|Sandstorm|[from] ability: Sand Stream|[of] p1b: Tyranitar\n|move|p1a: Excadrill|High Horsepower|p2b: Archaludon\n|-supereffective|p2b: Archaludon|1\n|-damage|p2b: Archaludon|0 fnt\n|faint|p2b: Archaludon\n|move|p2a: Pelipper|Weather Ball|p1a: Excadrill\n|-resisted|p1a: Excadrill|2\n|-damage|p1a: Excadrill|92/100\n|\n|-weather|Sandstorm|[upkeep]\n|-damage|p2a: Pelipper|37/100|[from] Sandstorm\n|upkeep\n|l| RedPlaysVGC\n|-message|shadowluffy2002 forfeited.\n|\n|win|RyushinYuki\n|raw|RyushinYuki's rating: 1372 &rarr; <strong>1394</strong><br />(+22 for winning)\n|raw|shadowluffy2002's rating: 1410 &rarr; <strong>1388</strong><br />(-22 for losing)\n|l|\u2606shadowluffy2002\n|player|p2|\n",
  "uploadtime": 1775967137,
  "views": 105,
  "formatid": "gen9championsvgc2026regma",
  "rating": 1388,
  "private": 0,
  "password": null
}