{
  "id": "gen9championsvgc2026regma-2584749863",
  "format": "[Gen 9 Champions] VGC 2026 Reg M-A",
  "players": [
    "Clebinho1423",
    "academic_idiot"
  ],
  "log": "|j|\u2606Clebinho1423\n|j|\u203dacademic_idiot\n|t:|1776280990\n|gametype|doubles\n|player|p1|Clebinho1423|li|1127\n|player|p2|academic_idiot|ethan|1118\n|gen|9\n|tier|[Gen 9 Champions] VGC 2026 Reg M-A\n|rated|\n|rule|Species Clause: Limit one of each Pok\u00e9mon\n|rule|Item Clause: Limit 1 of each item\n|clearpoke\n|poke|p1|Dragonite, L50, F|\n|poke|p1|Corviknight, L50, M|\n|poke|p1|Whimsicott, L50, F|\n|poke|p1|Arcanine, L50, M|\n|poke|p1|Froslass, L50, F|\n|poke|p1|Sinistcha, L50|\n|poke|p2|Gengar, L50, M|\n|poke|p2|Gyarados, L50, F|\n|poke|p2|Incineroar, L50, M|\n|poke|p2|Sinistcha, L50|\n|poke|p2|Sneasler, L50, F|\n|poke|p2|Kingambit, L50, F|\n|teampreview|4\n|\n|t:|1776281068\n|teamsize|p1|4\n|teamsize|p2|4\n|start\n|switch|p1a: Dragonite|Dragonite, L50, F, shiny|100/100\n|switch|p1b: Whimsicott|Whimsicott, L50, F, shiny|100/100\n|switch|p2a: Sneasler|Sneasler, L50, F|100/100\n|switch|p2b: Kingambit|Kingambit, L50, F|100/100\n|turn|1\n|\n|t:|1776281087\n|move|p1b: Whimsicott|Protect|p1b: Whimsicott\n|-singleturn|p1b: Whimsicott|Protect\n|move|p1a: Dragonite|Protect|p1a: Dragonite\n|-singleturn|p1a: Dragonite|Protect\n|move|p2b: Kingambit|Sucker Punch||[still]\n|-fail|p2b: Kingambit\n|move|p2a: Sneasler|Dire Claw|p1b: Whimsicott\n|-activate|p1b: Whimsicott|move: Protect\n|\n|upkeep\n|turn|2\n|\n|t:|1776281114\n|move|p1b: Whimsicott|Tailwind|p1b: Whimsicott\n|-sidestart|p1: Clebinho1423|move: Tailwind\n|move|p2b: Kingambit|Sucker Punch|p1a: Dragonite\n|-damage|p1a: Dragonite|44/100\n|move|p1a: Dragonite|Flamethrower|p2b: Kingambit\n|-supereffective|p2b: Kingambit|1\n|-damage|p2b: Kingambit|49/100\n|move|p2a: Sneasler|Dire Claw|p1b: Whimsicott\n|-supereffective|p1b: Whimsicott|2\n|-enditem|p1b: Whimsicott|Focus Sash\n|-damage|p1b: Whimsicott|1/100\n|\n|upkeep\n|turn|3\n|\n|t:|1776281141\n|move|p2a: Sneasler|Protect|p2a: Sneasler\n|-singleturn|p2a: Sneasler|Protect\n|move|p2b: Kingambit|Sucker Punch|p1a: Dragonite\n|-damage|p1a: Dragonite|0 fnt\n|faint|p1a: Dragonite\n|move|p1b: Whimsicott|Moonblast|p2b: Kingambit\n|-damage|p2b: Kingambit|20/100\n|\n|upkeep\n|\n|t:|1776281153\n|switch|p1a: Froslass|Froslass, L50, F, shiny|100/100\n|turn|4\n|\n|t:|1776281174\n|switch|p2a: Sinistcha|Sinistcha, L50|100/100\n|-heal|p2b: Kingambit|45/100|[from] ability: Hospitality|[of] p2a: Sinistcha\n|detailschange|p1a: Froslass|Froslass-Mega, L50, F, shiny\n|-mega|p1a: Froslass|Froslass|Froslassite\n|-weather|Snowscape|[from] ability: Snow Warning|[of] p1a: Froslass\n|move|p1b: Whimsicott|Protect|p1b: Whimsicott\n|-singleturn|p1b: Whimsicott|Protect\n|move|p1a: Froslass|Blizzard|p2a: Sinistcha|[spread] p2a,p2b\n|-supereffective|p2a: Sinistcha|1\n|-resisted|p2b: Kingambit|1\n|-damage|p2a: Sinistcha|13/100\n|-damage|p2b: Kingambit|25/100\n|move|p2b: Kingambit|Kowtow Cleave|p1a: Froslass\n|-supereffective|p1a: Froslass|1\n|-damage|p1a: Froslass|0 fnt\n|faint|p1a: Froslass\n|\n|-weather|Snowscape|[upkeep]\n|-heal|p2a: Sinistcha|19/100|[from] item: Leftovers\n|upkeep\n|\n|t:|1776281191\n|switch|p1a: Sinistcha|Sinistcha, L50|100/100\n|-heal|p1b: Whimsicott|26/100|[from] ability: Hospitality|[of] p1a: Sinistcha\n|turn|5\n|\n|t:|1776281213\n|move|p1b: Whimsicott|Moonblast|p2b: Kingambit\n|-damage|p2b: Kingambit|0 fnt\n|faint|p2b: Kingambit\n|move|p1a: Sinistcha|Shadow Ball|p2a: Sinistcha\n|-supereffective|p2a: Sinistcha|1\n|-damage|p2a: Sinistcha|0 fnt\n|faint|p2a: Sinistcha\n|\n|-weather|Snowscape|[upkeep]\n|-sideend|p1: Clebinho1423|move: Tailwind\n|upkeep\n|\n|t:|1776281224\n|switch|p2a: Gyarados|Gyarados, L50, F|100/100\n|switch|p2b: Sneasler|Sneasler, L50, F|100/100\n|-ability|p2a: Gyarados|Intimidate|boost\n|-unboost|p1a: Sinistcha|atk|1\n|-unboost|p1b: Whimsicott|atk|1\n|turn|6\n|\n|t:|1776281242\n|detailschange|p2a: Gyarados|Gyarados-Mega, L50, F\n|-mega|p2a: Gyarados|Gyarados|Gyaradosite\n|-ability|p2a: Gyarados|Mold Breaker\n|move|p1b: Whimsicott|Tailwind|p1b: Whimsicott\n|-sidestart|p1: Clebinho1423|move: Tailwind\n|move|p1a: Sinistcha|Reflect|p1a: Sinistcha\n|-sidestart|p1: Clebinho1423|Reflect\n|move|p2b: Sneasler|Dire Claw|p1b: Whimsicott\n|-supereffective|p1b: Whimsicott|2\n|-damage|p1b: Whimsicott|0 fnt\n|faint|p1b: Whimsicott\n|move|p2a: Gyarados|Crunch|p1a: Sinistcha\n|-supereffective|p1a: Sinistcha|1\n|-damage|p1a: Sinistcha|53/100\n|-unboost|p1a: Sinistcha|def|1\n|\n|-weather|Snowscape|[upkeep]\n|-heal|p1a: Sinistcha|59/100|[from] item: Leftovers\n|upkeep\n|turn|7\n|\n|t:|1776281264\n|move|p1a: Sinistcha|Matcha Gotcha|p2a: Gyarados|[spread] p2a,p2b\n|-supereffective|p2a: Gyarados|1\n|-resisted|p2b: Sneasler|1\n|-damage|p2a: Gyarados|68/100\n|-heal|p1a: Sinistcha|78/100|[from] drain|[of] p2a: Gyarados\n|-damage|p2b: Sneasler|84/100\n|-heal|p1a: Sinistcha|86/100|[from] drain|[of] p2b: Sneasler\n|move|p2b: Sneasler|Dire Claw|p1a: Sinistcha\n|-damage|p1a: Sinistcha|58/100\n|move|p2a: Gyarados|Crunch|p1a: Sinistcha\n|-supereffective|p1a: Sinistcha|1\n|-damage|p1a: Sinistcha|0 fnt\n|faint|p1a: Sinistcha\n|\n|win|academic_idiot\n|raw|Clebinho1423's rating: 1127 &rarr; <strong>1101</strong><br />(-26 for losing)\n|raw|academic_idiot's rating: 1118 &rarr; <strong>1144</strong><br />(+26 for winning)\n|l|\u2606Clebinho1423\n|player|p1|\n",
  "uploadtime": 1776281291,
  "views": 17,
  "formatid": "gen9championsvgc2026regma",
  "rating": 1101,
  "private": 0,
  "password": null
}