{
  "id": "gen9championsvgc2026regma-2582241919",
  "format": "[Gen 9 Champions] VGC 2026 Reg M-A",
  "players": [
    "rajyesh1",
    "Carminefiniarel"
  ],
  "log": "|j|\u2606rajyesh1\n|j|\u2606Carminefiniarel\n|t:|1776075229\n|gametype|doubles\n|player|p1|rajyesh1|lucas|1107\n|player|p2|Carminefiniarel|266|1165\n|gen|9\n|tier|[Gen 9 Champions] VGC 2026 Reg M-A\n|rated|\n|rule|Species Clause: Limit one of each Pok\u00e9mon\n|rule|Item Clause: Limit 1 of each item\n|clearpoke\n|poke|p1|Charizard, L50, M|\n|poke|p1|Venusaur, L50, F|\n|poke|p1|Garchomp, L50, M|\n|poke|p1|Rotom-Wash, L50|\n|poke|p1|Sneasler, L50, F|\n|poke|p1|Incineroar, L50, F|\n|poke|p2|Gengar, L50, F|\n|poke|p2|Incineroar, L50, F|\n|poke|p2|Tyranitar, L50, F|\n|poke|p2|Kingambit, L50, F|\n|poke|p2|Kommo-o, L50, F|\n|poke|p2|Sinistcha, L50|\n|teampreview|4\n|inactive|Battle timer is ON: inactive players will automatically lose when time's up. (requested by rajyesh1)\n|inactive|rajyesh1 has 60 seconds left.\n|inactive|Carminefiniarel has 60 seconds left.\n|\n|t:|1776075281\n|teamsize|p1|4\n|teamsize|p2|4\n|start\n|switch|p1a: Garchomp|Garchomp, L50, M|100/100\n|switch|p1b: Rotom|Rotom-Wash, L50|100/100\n|switch|p2a: Incineroar|Incineroar, L50, F|100/100\n|switch|p2b: Kommo-o|Kommo-o, L50, F|100/100\n|-ability|p2a: Incineroar|Intimidate|boost\n|-unboost|p1a: Garchomp|atk|1\n|-unboost|p1b: Rotom|atk|1\n|turn|1\n|inactive|rajyesh1 has 30 seconds left.\n|inactive|rajyesh1 has 20 seconds left.\n|inactive|rajyesh1 has 15 seconds left.\n|\n|t:|1776075322\n|move|p1b: Rotom|Protect|p1b: Rotom\n|-singleturn|p1b: Rotom|Protect\n|move|p2a: Incineroar|Fake Out|p1a: Garchomp\n|-damage|p1a: Garchomp|90/100\n|-damage|p2a: Incineroar|88/100|[from] ability: Rough Skin|[of] p1a: Garchomp\n|cant|p1a: Garchomp|flinch\n|move|p2b: Kommo-o|Clangorous Soul|p2b: Kommo-o\n|-boost|p2b: Kommo-o|atk|1\n|-boost|p2b: Kommo-o|def|1\n|-boost|p2b: Kommo-o|spa|1\n|-boost|p2b: Kommo-o|spd|1\n|-boost|p2b: Kommo-o|spe|1\n|-damage|p2b: Kommo-o|68/100\n|\n|-heal|p2b: Kommo-o|74/100|[from] item: Leftovers\n|upkeep\n|turn|2\n|inactive|rajyesh1 has 30 seconds left.\n|\n|t:|1776075347\n|switch|p2a: Sinistcha|Sinistcha, L50|100/100\n|-heal|p2b: Kommo-o|98/100|[from] ability: Hospitality|[of] p2a: Sinistcha\n|move|p1a: Garchomp|Dragon Claw|p2b: Kommo-o\n|-supereffective|p2b: Kommo-o|1\n|-damage|p2b: Kommo-o|61/100\n|move|p2b: Kommo-o|Clanging Scales|p1a: Garchomp|[spread] p1a,p1b\n|-supereffective|p1a: Garchomp|1\n|-damage|p1a: Garchomp|0 fnt\n|-damage|p1b: Rotom|53/100\n|faint|p1a: Garchomp\n|-unboost|p2b: Kommo-o|def|1\n|move|p1b: Rotom|Will-O-Wisp|p2b: Kommo-o\n|-status|p2b: Kommo-o|brn\n|\n|-heal|p2b: Kommo-o|68/100 brn|[from] item: Leftovers\n|-heal|p1b: Rotom|58/100|[from] item: Leftovers\n|-damage|p2b: Kommo-o|61/100 brn|[from] brn\n|upkeep\n|\n|t:|1776075362\n|switch|p1a: Charizard|Charizard, L50, M|100/100\n|turn|3\n|inactive|rajyesh1 has 30 seconds left.\n|\n|t:|1776075396\n|detailschange|p1a: Charizard|Charizard-Mega-Y, L50, M\n|-mega|p1a: Charizard|Charizard|Charizardite Y\n|-weather|SunnyDay|[from] ability: Drought|[of] p1a: Charizard\n|move|p2b: Kommo-o|Protect|p2b: Kommo-o\n|-singleturn|p2b: Kommo-o|Protect\n|move|p2a: Sinistcha|Protect|p2a: Sinistcha\n|-singleturn|p2a: Sinistcha|Protect\n|move|p1a: Charizard|Heat Wave|p2a: Sinistcha|[spread] \n|-activate|p2a: Sinistcha|move: Protect\n|-activate|p2b: Kommo-o|move: Protect\n|move|p1b: Rotom|Thunderbolt|p2b: Kommo-o\n|-activate|p2b: Kommo-o|move: Protect\n|\n|-weather|SunnyDay|[upkeep]\n|-heal|p2b: Kommo-o|68/100 brn|[from] item: Leftovers\n|-heal|p1b: Rotom|64/100|[from] item: Leftovers\n|-damage|p2b: Kommo-o|61/100 brn|[from] brn\n|upkeep\n|turn|4\n|inactive|Carminefiniarel has 30 seconds left.\n|inactive|rajyesh1 has 30 seconds left.\n|inactive|Carminefiniarel has 20 seconds left.\n|inactive|Carminefiniarel has 15 seconds left.\n|inactive|Carminefiniarel has 10 seconds left.\n|inactive|Carminefiniarel has 5 seconds left.\n|\n|t:|1776075447\n|switch|p2a: Tyranitar|Tyranitar, L50, F|100/100\n|-weather|Sandstorm|[from] ability: Sand Stream|[of] p2a: Tyranitar\n|move|p2b: Kommo-o|Clanging Scales|p1b: Rotom|[spread] p1a,p1b\n|-damage|p1a: Charizard|58/100\n|-damage|p1b: Rotom|20/100\n|-unboost|p2b: Kommo-o|def|1\n|move|p1a: Charizard|Heat Wave|p2b: Kommo-o|[spread] p2b\n|-miss|p1a: Charizard|p2a: Tyranitar\n|-resisted|p2b: Kommo-o|1\n|-damage|p2b: Kommo-o|47/100 brn\n|move|p1b: Rotom|Hydro Pump|p2a: Tyranitar\n|-supereffective|p2a: Tyranitar|1\n|-damage|p2a: Tyranitar|39/100\n|\n|-weather|Sandstorm|[upkeep]\n|-damage|p1a: Charizard|52/100|[from] Sandstorm\n|-damage|p1b: Rotom|15/100|[from] Sandstorm\n|-heal|p2b: Kommo-o|54/100 brn|[from] item: Leftovers\n|-heal|p1b: Rotom|20/100|[from] item: Leftovers\n|-damage|p2b: Kommo-o|47/100 brn|[from] brn\n|upkeep\n|turn|5\n|inactive|rajyesh1 has 30 seconds left.\n|inactive|Carminefiniarel has 30 seconds left.\n|inactive|rajyesh1 has 20 seconds left.\n|inactive|rajyesh1 has 15 seconds left.\n|\n|t:|1776075489\n|move|p2a: Tyranitar|Rock Slide|p1b: Rotom|[spread] p1b\n|-miss|p2a: Tyranitar|p1a: Charizard\n|-damage|p1b: Rotom|0 fnt\n|faint|p1b: Rotom\n|move|p2b: Kommo-o|Aura Sphere|p1a: Charizard\n|-resisted|p1a: Charizard|1\n|-damage|p1a: Charizard|31/100\n|move|p1a: Charizard|Solar Beam||[still]\n|-prepare|p1a: Charizard|Solar Beam\n|\n|-weather|Sandstorm|[upkeep]\n|-damage|p1a: Charizard|25/100|[from] Sandstorm\n|-heal|p2b: Kommo-o|54/100 brn|[from] item: Leftovers\n|-damage|p2b: Kommo-o|47/100 brn|[from] brn\n|upkeep\n|\n|t:|1776075500\n|switch|p1b: Venusaur|Venusaur, L50, F|100/100\n|turn|6\n|-message|rajyesh1 forfeited.\n|\n|win|Carminefiniarel\n|raw|rajyesh1's rating: 1107 &rarr; <strong>1086</strong><br />(-21 for losing)\n|raw|Carminefiniarel's rating: 1165 &rarr; <strong>1186</strong><br />(+21 for winning)\n|l|\u2606Carminefiniarel\n|player|p2|\n",
  "uploadtime": 1776075516,
  "views": 8,
  "formatid": "gen9championsvgc2026regma",
  "rating": 1086,
  "private": 0,
  "password": null
}