{
  "id": "gen9championsvgc2026regma-2588305342",
  "format": "[Gen 9 Champions] VGC 2026 Reg M-A",
  "players": [
    "shizukusamaaaa",
    "TheSmartFella"
  ],
  "log": "|j|\u2606shizukusamaaaa\n|j|\u2606TheSmartFella\n|t:|1776622618\n|gametype|doubles\n|player|p1|shizukusamaaaa|102|1040\n|player|p2|TheSmartFella|170|1007\n|gen|9\n|tier|[Gen 9 Champions] VGC 2026 Reg M-A\n|rated|\n|rule|Species Clause: Limit one of each Pok\u00e9mon\n|rule|Item Clause: Limit 1 of each item\n|clearpoke\n|poke|p1|Sneasler, L50, F|\n|poke|p1|Tinkaton, L50, F|\n|poke|p1|Gardevoir, L50, F|\n|poke|p1|Garchomp, L50, F|\n|poke|p1|Kleavor, L50, F|\n|poke|p1|Delphox, L50, F|\n|poke|p2|Meganium, L50, M|\n|poke|p2|Aerodactyl, L50, F, shiny|\n|poke|p2|Kangaskhan, L50, F|\n|poke|p2|Tauros-Paldea-Aqua, L50, M|\n|poke|p2|Archaludon, L50, F|\n|poke|p2|Typhlosion-Hisui, L50, F|\n|teampreview|4\n|\n|t:|1776622683\n|teamsize|p1|4\n|teamsize|p2|4\n|start\n|switch|p1a: Tinkaton|Tinkaton, L50, F|100/100\n|switch|p1b: Kleavor|Kleavor, L50, F|100/100\n|switch|p2a: Aerodactyl|Aerodactyl, L50, F, shiny|100/100\n|switch|p2b: Kangaskhan|Kangaskhan, L50, F|100/100\n|-ability|p2a: Aerodactyl|Unnerve\n|-ability|p1a: Tinkaton|Mold Breaker\n|turn|1\n|\n|t:|1776622727\n|detailschange|p2b: Kangaskhan|Kangaskhan-Mega, L50, F\n|-mega|p2b: Kangaskhan|Kangaskhan|Kangaskhanite\n|move|p1a: Tinkaton|Fake Out|p2b: Kangaskhan\n|-damage|p2b: Kangaskhan|91/100\n|move|p2a: Aerodactyl|Tailwind|p2a: Aerodactyl\n|-sidestart|p2: TheSmartFella|move: Tailwind\n|cant|p2b: Kangaskhan|flinch\n|move|p1b: Kleavor|Stone Axe|p2a: Aerodactyl\n|-supereffective|p2a: Aerodactyl|1\n|-enditem|p2a: Aerodactyl|Focus Sash\n|-damage|p2a: Aerodactyl|1/100\n|-sidestart|p2: TheSmartFella|move: Stealth Rock\n|\n|upkeep\n|turn|2\n|-activate|p1b: Kleavor|item: Quick Claw\n|\n|t:|1776622747\n|move|p1b: Kleavor|Tailwind|p1b: Kleavor\n|-sidestart|p1: shizukusamaaaa|move: Tailwind\n|move|p2a: Aerodactyl|Rock Slide|p1b: Kleavor|[spread] p1a,p1b\n|-resisted|p1a: Tinkaton|1\n|-supereffective|p1b: Kleavor|1\n|-damage|p1a: Tinkaton|87/100\n|-damage|p1b: Kleavor|37/100\n|move|p2b: Kangaskhan|Low Kick|p1a: Tinkaton\n|-damage|p1a: Tinkaton|51/100\n|-damage|p1a: Tinkaton|43/100\n|-hitcount|p1a: Tinkaton|2\n|move|p1a: Tinkaton|Swords Dance|p1a: Tinkaton\n|-boost|p1a: Tinkaton|atk|2\n|\n|upkeep\n|turn|3\n|\n|t:|1776622790\n|move|p2a: Aerodactyl|Rock Slide|p1a: Tinkaton|[spread] p1a\n|-miss|p2a: Aerodactyl|p1b: Kleavor\n|-resisted|p1a: Tinkaton|1\n|-damage|p1a: Tinkaton|29/100\n|move|p2b: Kangaskhan|Low Kick|p1a: Tinkaton\n|-damage|p1a: Tinkaton|0 fnt\n|faint|p1a: Tinkaton\n|-hitcount|p1: Tinkaton|1\n|move|p1b: Kleavor|U-turn|p2a: Aerodactyl\n|-resisted|p2a: Aerodactyl|1\n|-damage|p2a: Aerodactyl|0 fnt\n|faint|p2a: Aerodactyl\n|\n|t:|1776622804\n|switch|p1b: Gardevoir|Gardevoir, L50, F|100/100|[from] U-turn\n|\n|upkeep\n|\n|t:|1776622820\n|switch|p2a: Typhlosion|Typhlosion-Hisui, L50, F|100/100\n|switch|p1a: Delphox|Delphox, L50, F|100/100\n|-damage|p2a: Typhlosion|76/100|[from] Stealth Rock\n|-item|p1a: Delphox|Delphoxite|[from] ability: Frisk|[of] p2a: Typhlosion\n|-item|p1b: Gardevoir|Focus Sash|[from] ability: Frisk|[of] p2a: Typhlosion\n|turn|4\n|\n|t:|1776622854\n|detailschange|p1a: Delphox|Delphox-Mega, L50, F\n|-mega|p1a: Delphox|Delphox|Delphoxite\n|move|p1a: Delphox|Protect|p1a: Delphox\n|-singleturn|p1a: Delphox|Protect\n|move|p2b: Kangaskhan|Sucker Punch||[still]\n|-fail|p2b: Kangaskhan\n|move|p2a: Typhlosion|Shadow Ball|p1a: Delphox\n|-activate|p1a: Delphox|move: Protect\n|move|p1b: Gardevoir|Psychic Terrain|p1b: Gardevoir\n|-fieldstart|move: Psychic Terrain\n|\n|-sideend|p2: TheSmartFella|move: Tailwind\n|upkeep\n|turn|5\n|\n|t:|1776622878\n|move|p2b: Kangaskhan|Sucker Punch|p1a: Delphox\n|-hint|Psychic Terrain doesn't affect airborne Pok\u00e9mon.\n|-supereffective|p1a: Delphox|1\n|-damage|p1a: Delphox|24/100\n|-supereffective|p1a: Delphox|1\n|-damage|p1a: Delphox|6/100\n|-hitcount|p1a: Delphox|2\n|move|p1a: Delphox|Expanding Force|p2a: Typhlosion\n|-crit|p2a: Typhlosion\n|-damage|p2a: Typhlosion|0 fnt\n|faint|p2a: Typhlosion\n|move|p1b: Gardevoir|Expanding Force|p2b: Kangaskhan\n|-damage|p2b: Kangaskhan|8/100\n|\n|-sideend|p1: shizukusamaaaa|move: Tailwind\n|upkeep\n|\n|t:|1776622889\n|switch|p2a: Tauros|Tauros-Paldea-Aqua, L50, M|100/100\n|-damage|p2a: Tauros|95/100|[from] Stealth Rock\n|-ability|p2a: Tauros|Intimidate|boost\n|-unboost|p1a: Delphox|atk|1\n|-unboost|p1b: Gardevoir|atk|1\n|turn|6\n|\n|t:|1776622941\n|move|p1a: Delphox|Protect|p1a: Delphox\n|-singleturn|p1a: Delphox|Protect\n|move|p2a: Tauros|Aqua Jet|p1a: Delphox\n|-hint|Psychic Terrain doesn't affect airborne Pok\u00e9mon.\n|-activate|p1a: Delphox|move: Protect\n|move|p2b: Kangaskhan|Double-Edge|p1b: Gardevoir\n|-damage|p1b: Gardevoir|24/100\n|-damage|p1b: Gardevoir|5/100\n|-hitcount|p1b: Gardevoir|2\n|-damage|p2b: Kangaskhan|0 fnt|[from] Recoil\n|faint|p2b: Kangaskhan\n|move|p1b: Gardevoir|Expanding Force|p2a: Tauros\n|-supereffective|p2a: Tauros|1\n|-damage|p2a: Tauros|0 fnt\n|faint|p2a: Tauros\n|\n|win|shizukusamaaaa\n|raw|shizukusamaaaa's rating: 1040 &rarr; <strong>1071</strong><br />(+31 for winning)\n|raw|TheSmartFella's rating: 1007 &rarr; <strong>1000</strong><br />(-7 for losing)\n|l|\u2606TheSmartFella\n|player|p2|\n",
  "uploadtime": 1776622964,
  "views": 10,
  "formatid": "gen9championsvgc2026regma",
  "rating": 1000,
  "private": 0,
  "password": null
}