{
  "id": "gen9championsvgc2026regma-2582745002",
  "format": "[Gen 9 Champions] VGC 2026 Reg M-A",
  "players": [
    "Lemons Suck",
    "fizixes"
  ],
  "log": "|j|\u2606Lemons Suck\n|j|\u2606fizixes\n|t:|1776111150\n|gametype|doubles\n|player|p1|Lemons Suck|169|1223\n|player|p2|fizixes|266|1287\n|gen|9\n|tier|[Gen 9 Champions] VGC 2026 Reg M-A\n|rated|\n|rule|Species Clause: Limit one of each Pok\u00e9mon\n|rule|Item Clause: Limit 1 of each item\n|clearpoke\n|poke|p1|Starmie, L50|\n|poke|p1|Incineroar, L50, M|\n|poke|p1|Kingambit, L50, M|\n|poke|p1|Sylveon, L50, F|\n|poke|p1|Sneasler, L50, F|\n|poke|p1|Sinistcha, L50|\n|poke|p2|Weavile, L50, M|\n|poke|p2|Lucario, L50, M|\n|poke|p2|Gallade, L50, M|\n|poke|p2|Kleavor, L50, F|\n|poke|p2|Quaquaval, L50, F|\n|poke|p2|Gengar, L50, M|\n|teampreview|4\n|inactive|Battle timer is ON: inactive players will automatically lose when time's up. (requested by fizixes)\n|\n|t:|1776111178\n|teamsize|p1|4\n|teamsize|p2|4\n|start\n|switch|p1a: Sneasler|Sneasler, L50, F|100/100\n|switch|p1b: Starmie|Starmie, L50|100/100\n|switch|p2a: Weavile|Weavile, L50, M|100/100\n|switch|p2b: Kleavor|Kleavor, L50, F|100/100\n|-ability|p2a: Weavile|Pressure\n|turn|1\n|inactive|Lemons Suck has 30 seconds left.\n|\n|t:|1776111205\n|detailschange|p1b: Starmie|Starmie-Mega, L50\n|-mega|p1b: Starmie|Starmie|Starminite\n|move|p2a: Weavile|Fake Out|p1a: Sneasler\n|-damage|p1a: Sneasler|77/100\n|cant|p1a: Sneasler|flinch\n|move|p2b: Kleavor|X-Scissor|p1b: Starmie\n|-supereffective|p1b: Starmie|1\n|-damage|p1b: Starmie|0 fnt\n|faint|p1b: Starmie\n|\n|upkeep\n|c|\u2606Lemons Suck|oof\n|\n|t:|1776111221\n|switch|p1b: Incineroar|Incineroar, L50, M|100/100\n|-ability|p1b: Incineroar|Intimidate|boost\n|-unboost|p2a: Weavile|atk|1\n|-unboost|p2b: Kleavor|atk|1\n|turn|2\n|\n|t:|1776111233\n|switch|p2b: Lucario|Lucario, L50, M|100/100\n|move|p2a: Weavile|Protect|p2a: Weavile\n|-singleturn|p2a: Weavile|Protect\n|move|p1b: Incineroar|Fake Out|p2a: Weavile\n|-activate|p2a: Weavile|move: Protect\n|move|p1a: Sneasler|Rock Slide|p2a: Weavile|[spread] p2b\n|-activate|p2a: Weavile|move: Protect\n|-resisted|p2b: Lucario|2\n|-damage|p2b: Lucario|94/100\n|\n|upkeep\n|turn|3\n|\n|t:|1776111248\n|switch|p2a: Kleavor|Kleavor, L50, F|100/100\n|move|p1a: Sneasler|Close Combat|p2b: Lucario\n|-supereffective|p2b: Lucario|1\n|-enditem|p2b: Lucario|Chople Berry|[eat]\n|-enditem|p2b: Lucario|Chople Berry|[weaken]\n|-damage|p2b: Lucario|9/100\n|-unboost|p1a: Sneasler|def|1\n|-unboost|p1a: Sneasler|spd|1\n|move|p2b: Lucario|Close Combat|p1b: Incineroar\n|-supereffective|p1b: Incineroar|1\n|-damage|p1b: Incineroar|0 fnt\n|-unboost|p2b: Lucario|def|1\n|-unboost|p2b: Lucario|spd|1\n|faint|p1b: Incineroar\n|\n|upkeep\n|\n|t:|1776111262\n|switch|p1b: Sinistcha|Sinistcha, L50|100/100\n|-heal|p1a: Sneasler|100/100|[from] ability: Hospitality|[of] p1b: Sinistcha\n|turn|4\n|\n|t:|1776111272\n|move|p2b: Lucario|Extreme Speed|p1a: Sneasler\n|-damage|p1a: Sneasler|34/100\n|move|p1b: Sinistcha|Rage Powder|p1b: Sinistcha\n|-singleturn|p1b: Sinistcha|move: Rage Powder\n|move|p2a: Kleavor|Night Slash|p1b: Sinistcha\n|-supereffective|p1b: Sinistcha|1\n|-damage|p1b: Sinistcha|29/100\n|move|p1a: Sneasler|Rock Slide|p2b: Lucario|[spread] p2b\n|-miss|p1a: Sneasler|p2a: Kleavor\n|-resisted|p2b: Lucario|2\n|-damage|p2b: Lucario|0 fnt\n|faint|p2b: Lucario\n|\n|-heal|p1b: Sinistcha|36/100|[from] item: Leftovers\n|upkeep\n|\n|t:|1776111285\n|switch|p2b: Weavile|Weavile, L50, M|100/100\n|-ability|p2b: Weavile|Pressure\n|turn|5\n|\n|t:|1776111292\n|move|p2a: Kleavor|Night Slash|p1b: Sinistcha\n|-supereffective|p1b: Sinistcha|1\n|-damage|p1b: Sinistcha|0 fnt\n|faint|p1b: Sinistcha\n|move|p2b: Weavile|Triple Axel|p1a: Sneasler\n|-damage|p1a: Sneasler|11/100\n|-damage|p1a: Sneasler|0 fnt\n|faint|p1a: Sneasler\n|-hitcount|p1: Sneasler|2\n|\n|win|fizixes\n|raw|Lemons Suck's rating: 1223 &rarr; <strong>1203</strong><br />(-20 for losing)\n|raw|fizixes's rating: 1287 &rarr; <strong>1307</strong><br />(+20 for winning)\n|l|\u2606Lemons Suck\n|player|p1|\n",
  "uploadtime": 1776111394,
  "views": 23,
  "formatid": "gen9championsvgc2026regma",
  "rating": 1203,
  "private": 0,
  "password": null
}