{
  "id": "gen9championsvgc2026regma-2581004051",
  "format": "[Gen 9 Champions] VGC 2026 Reg M-A",
  "players": [
    "Kalaphant",
    "lunaforza49"
  ],
  "log": "|j|\u2606Kalaphant\n|j|\u2606lunaforza49\n|t:|1775950840\n|gametype|doubles\n|player|p1|Kalaphant|1|1000\n|player|p2|lunaforza49|170|1000\n|gen|9\n|tier|[Gen 9 Champions] VGC 2026 Reg M-A\n|rated|\n|rule|Species Clause: Limit one of each Pok\u00e9mon\n|rule|Item Clause: Limit 1 of each item\n|clearpoke\n|poke|p1|Gengar, L50, M|\n|poke|p1|Politoed, L50, M|\n|poke|p1|Whimsicott, L50, F|\n|poke|p1|Incineroar, L50, F|\n|poke|p1|Charizard, L50, F|\n|poke|p1|Sneasler, L50, F|\n|poke|p2|Excadrill, L50, F|\n|poke|p2|Tyranitar, L50, M|\n|poke|p2|Talonflame, L50, F|\n|poke|p2|Appletun, L50, M|\n|poke|p2|Incineroar, L50, F|\n|poke|p2|Lycanroc, L50, M|\n|teampreview|4\n|inactive|Battle timer is ON: inactive players will automatically lose when time's up. (requested by Kalaphant)\n|c|\u2606Kalaphant|glhf\nlunaforza49 has agreed to open team sheets.\nKalaphant has agreed to open team sheets.\n|showteam|p1|Gengar||Gengarite|CursedBody|Protect,PerishSong,WillOWisp,ShadowBall|||M|||50|]Politoed||SitrusBerry|Drizzle|PerishSong,Protect,WeatherBall,Encore|||M|||50|]Whimsicott||FocusSash|Prankster|Encore,Protect,LightScreen,Tailwind|||F|||50|]Incineroar||ChopleBerry|Intimidate|FakeOut,PartingShot,FlareBlitz,ThroatChop|||F|||50|]Charizard||CharizarditeY|SolarPower|WeatherBall,AirSlash,SolarBeam,ScorchingSands|||F|||50|]Sneasler||WhiteHerb|Unburden|CloseCombat,DireClaw,FakeOut,Protect|||F|||50|\n|showteam|p2|Excadrill||Excadrite|SandRush|IronHead,ShadowClaw,Protect,SwordsDance|||F|||50|]Tyranitar||Leftovers|SandStream|RockSlide,Protect,Crunch,DragonDance|||M|||50|]Talonflame||SharpBeak|GaleWings|Tailwind,BraveBird,FlareBlitz,Uturn|||F|||50|]Appletun||SitrusBerry|ThickFat|AppleAcid,DracoMeteor,Protect,LeechSeed|||M|||50|]Incineroar||LumBerry|Intimidate|FakeOut,PartingShot,FlareBlitz,DarkestLariat|||F|||50|]Lycanroc||HardStone|SandRush|Accelerock,RockSlide,Protect,CloseCombat|||M|||50|\n|c|\u2606lunaforza49|glhf\n|inactive|Kalaphant has 60 seconds left.\n|inactive|lunaforza49 has 60 seconds left.\n|\n|t:|1775950892\n|teamsize|p1|4\n|teamsize|p2|4\n|start\n|switch|p1a: Gengar|Gengar, L50, M|100/100\n|switch|p1b: Politoed|Politoed, L50, M|100/100\n|switch|p2a: Talonflame|Talonflame, L50, F|100/100\n|switch|p2b: Incineroar|Incineroar, L50, F|100/100\n|-ability|p2b: Incineroar|Intimidate|boost\n|-unboost|p1a: Gengar|atk|1\n|-unboost|p1b: Politoed|atk|1\n|-weather|RainDance|[from] ability: Drizzle|[of] p1b: Politoed\n|turn|1\n|inactive|Kalaphant has 30 seconds left.\n|\n|t:|1775950919\n|detailschange|p1a: Gengar|Gengar-Mega, L50, M\n|-mega|p1a: Gengar|Gengar|Gengarite\n|move|p2b: Incineroar|Fake Out|p1b: Politoed\n|-damage|p1b: Politoed|88/100\n|move|p2a: Talonflame|Tailwind|p2a: Talonflame\n|-sidestart|p2: lunaforza49|move: Tailwind\n|move|p1a: Gengar|Perish Song|p1a: Gengar\n|-start|p1a: Gengar|perish3|[silent]\n|-start|p1b: Politoed|perish3|[silent]\n|-start|p2a: Talonflame|perish3|[silent]\n|-start|p2b: Incineroar|perish3|[silent]\n|-fieldactivate|move: Perish Song\n|cant|p1b: Politoed|flinch\n|\n|-weather|RainDance|[upkeep]\n|-start|p2a: Talonflame|perish3\n|-start|p2b: Incineroar|perish3\n|-start|p1a: Gengar|perish3\n|-start|p1b: Politoed|perish3\n|upkeep\n|turn|2\n|inactive|Kalaphant has 30 seconds left.\n|inactive|lunaforza49 has 30 seconds left.\n|\n|t:|1775950945\n|move|p1a: Gengar|Protect|p1a: Gengar\n|-singleturn|p1a: Gengar|Protect\n|move|p2a: Talonflame|Brave Bird|p1a: Gengar\n|-activate|p1a: Gengar|move: Protect\n|move|p2b: Incineroar|Parting Shot|p1a: Gengar\n|-activate|p1a: Gengar|move: Protect\n|move|p1b: Politoed|Weather Ball|p2a: Talonflame\n|-supereffective|p2a: Talonflame|1\n|-damage|p2a: Talonflame|0 fnt\n|faint|p2a: Talonflame\n|\n|-weather|RainDance|[upkeep]\n|-start|p2b: Incineroar|perish2\n|-start|p1a: Gengar|perish2\n|-start|p1b: Politoed|perish2\n|upkeep\n|\n|t:|1775950951\n|switch|p2a: Tyranitar|Tyranitar, L50, M|100/100\n|-weather|Sandstorm|[from] ability: Sand Stream|[of] p2a: Tyranitar\n|turn|3\n|\n|t:|1775950974\n|move|p2b: Incineroar|Parting Shot|p1a: Gengar\n|-unboost|p1a: Gengar|atk|1\n|-unboost|p1a: Gengar|spa|1\n|\n|t:|1775950979\n|switch|p2b: Appletun|Appletun, L50, M, shiny|100/100|[from] Parting Shot\n|move|p2a: Tyranitar|Rock Slide|p1a: Gengar|[spread] p1a,p1b\n|-damage|p1a: Gengar|68/100\n|-damage|p1b: Politoed|61/100\n|cant|p1a: Gengar|flinch\n|cant|p1b: Politoed|flinch\n|\n|-weather|Sandstorm|[upkeep]\n|-damage|p1a: Gengar|62/100|[from] Sandstorm\n|-damage|p2b: Appletun|94/100|[from] Sandstorm\n|-damage|p1b: Politoed|55/100|[from] Sandstorm\n|-start|p1a: Gengar|perish1\n|-start|p1b: Politoed|perish1\n|upkeep\n|turn|4\n|\n|t:|1775951000\n|switch|p1a: Incineroar|Incineroar, L50, F|100/100\n|-ability|p1a: Incineroar|Intimidate|boost\n|-unboost|p2a: Tyranitar|atk|1\n|-unboost|p2b: Appletun|atk|1\n|switch|p1b: Sneasler|Sneasler, L50, F|100/100\n|move|p2a: Tyranitar|Dragon Dance|p2a: Tyranitar\n|-boost|p2a: Tyranitar|atk|1\n|-boost|p2a: Tyranitar|spe|1\n|move|p2b: Appletun|Apple Acid|p1b: Sneasler\n|-resisted|p1b: Sneasler|1\n|-damage|p1b: Sneasler|74/100\n|-unboost|p1b: Sneasler|spd|1\n|-enditem|p1b: Sneasler|White Herb\n|-clearnegativeboost|p1b: Sneasler|[silent]\n|\n|-weather|Sandstorm|[upkeep]\n|-damage|p1b: Sneasler|68/100|[from] Sandstorm\n|-damage|p2b: Appletun|88/100|[from] Sandstorm\n|-damage|p1a: Incineroar|95/100|[from] Sandstorm\n|-sideend|p2: lunaforza49|move: Tailwind\n|upkeep\n|turn|5\n|inactive|Kalaphant has 30 seconds left.\n|inactive|Kalaphant has 20 seconds left.\n|\n|t:|1775951036\n|switch|p2b: Incineroar|Incineroar, L50, F|100/100\n|-ability|p2b: Incineroar|Intimidate|boost\n|-unboost|p1a: Incineroar|atk|1\n|-unboost|p1b: Sneasler|atk|1\n|move|p2a: Tyranitar|Protect|p2a: Tyranitar\n|-singleturn|p2a: Tyranitar|Protect\n|move|p1a: Incineroar|Fake Out|p2b: Incineroar\n|-crit|p2b: Incineroar\n|-damage|p2b: Incineroar|85/100\n|move|p1b: Sneasler|Close Combat|p2a: Tyranitar\n|-activate|p2a: Tyranitar|move: Protect\n|\n|-weather|Sandstorm|[upkeep]\n|-damage|p1b: Sneasler|62/100|[from] Sandstorm\n|-damage|p2b: Incineroar|79/100|[from] Sandstorm\n|-damage|p1a: Incineroar|89/100|[from] Sandstorm\n|upkeep\n|turn|6\n|\n|t:|1775951054\n|move|p2b: Incineroar|Fake Out|p1b: Sneasler\n|-crit|p1b: Sneasler\n|-damage|p1b: Sneasler|23/100\n|cant|p1b: Sneasler|flinch\n|move|p2a: Tyranitar|Rock Slide|p1b: Sneasler|[spread] p1a\n|-miss|p2a: Tyranitar|p1b: Sneasler\n|-supereffective|p1a: Incineroar|1\n|-damage|p1a: Incineroar|41/100\n|move|p1a: Incineroar|Parting Shot|p2a: Tyranitar\n|-unboost|p2a: Tyranitar|atk|1\n|-unboost|p2a: Tyranitar|spa|1\n|\n|t:|1775951073\n|switch|p1a: Politoed|Politoed, L50, M|55/100|[from] Parting Shot\n|-weather|RainDance|[from] ability: Drizzle|[of] p1a: Politoed\n|\n|-weather|RainDance|[upkeep]\n|upkeep\n|turn|7\n|\n|t:|1775951085\n|switch|p1b: Gengar|Gengar-Mega, L50, M|62/100\n|switch|p2a: Appletun|Appletun, L50, M, shiny|88/100\n|move|p1a: Politoed|Perish Song|p1a: Politoed\n|-start|p1a: Politoed|perish3|[silent]\n|-start|p1b: Gengar|perish3|[silent]\n|-start|p2a: Appletun|perish3|[silent]\n|-start|p2b: Incineroar|perish3|[silent]\n|-fieldactivate|move: Perish Song\n|move|p2b: Incineroar|Flare Blitz|p1b: Gengar\n|-damage|p1b: Gengar|32/100\n|-damage|p2b: Incineroar|71/100|[from] Recoil\n|\n|-weather|RainDance|[upkeep]\n|-start|p1b: Gengar|perish3\n|-start|p2b: Incineroar|perish3\n|-start|p1a: Politoed|perish3\n|-start|p2a: Appletun|perish3\n|upkeep\n|turn|8\n|inactive|Kalaphant has 30 seconds left.\n|\n|t:|1775951110\n|move|p2a: Appletun|Protect|p2a: Appletun\n|-singleturn|p2a: Appletun|Protect\n|move|p1b: Gengar|Shadow Ball|p2a: Appletun\n|-activate|p2a: Appletun|move: Protect\n|move|p2b: Incineroar|Parting Shot|p1b: Gengar\n|-unboost|p1b: Gengar|atk|1\n|-unboost|p1b: Gengar|spa|1\n|\n|t:|1775951118\n|switch|p2b: Tyranitar|Tyranitar, L50, M|100/100|[from] Parting Shot\n|-weather|Sandstorm|[from] ability: Sand Stream|[of] p2b: Tyranitar\n|move|p1a: Politoed|Weather Ball|p2b: Tyranitar\n|-damage|p2b: Tyranitar|88/100\n|\n|-weather|Sandstorm|[upkeep]\n|-damage|p1b: Gengar|26/100|[from] Sandstorm\n|-damage|p1a: Politoed|49/100|[from] Sandstorm\n|-damage|p2a: Appletun|82/100|[from] Sandstorm\n|-enditem|p1a: Politoed|Sitrus Berry|[eat]\n|-heal|p1a: Politoed|74/100|[from] item: Sitrus Berry\n|-heal|p2b: Tyranitar|94/100|[from] item: Leftovers\n|-start|p1b: Gengar|perish2\n|-start|p1a: Politoed|perish2\n|-start|p2a: Appletun|perish2\n|upkeep\n|turn|9\n|\n|t:|1775951138\n|move|p1b: Gengar|Protect|p1b: Gengar\n|-singleturn|p1b: Gengar|Protect\n|move|p1a: Politoed|Encore|p2a: Appletun\n|-start|p2a: Appletun|Encore\n|move|p2a: Appletun|Protect||[still]\n|-fail|p2a: Appletun\n|move|p2b: Tyranitar|Rock Slide|p1b: Gengar|[spread] p1a\n|-activate|p1b: Gengar|move: Protect\n|-damage|p1a: Politoed|46/100\n|\n|-weather|Sandstorm|[upkeep]\n|-damage|p1b: Gengar|20/100|[from] Sandstorm\n|-damage|p1a: Politoed|40/100|[from] Sandstorm\n|-damage|p2a: Appletun|76/100|[from] Sandstorm\n|-heal|p2b: Tyranitar|100/100|[from] item: Leftovers\n|-start|p1b: Gengar|perish1\n|-start|p1a: Politoed|perish1\n|-start|p2a: Appletun|perish1\n|upkeep\n|turn|10\n|\n|t:|1775951154\n|switch|p1b: Incineroar|Incineroar, L50, F|41/100\n|-ability|p1b: Incineroar|Intimidate|boost\n|-unboost|p2a: Appletun|atk|1\n|-unboost|p2b: Tyranitar|atk|1\n|switch|p1a: Sneasler|Sneasler, L50, F|23/100\n|move|p2a: Appletun|Protect|p2a: Appletun\n|-singleturn|p2a: Appletun|Protect\n|move|p2b: Tyranitar|Rock Slide|p1a: Sneasler|[spread] p1a,p1b\n|-resisted|p1a: Sneasler|1\n|-supereffective|p1b: Incineroar|1\n|-damage|p1a: Sneasler|4/100\n|-damage|p1b: Incineroar|4/100\n|\n|-weather|Sandstorm|[upkeep]\n|-damage|p1a: Sneasler|0 fnt|[from] Sandstorm\n|-damage|p1b: Incineroar|0 fnt|[from] Sandstorm\n|-damage|p2a: Appletun|70/100|[from] Sandstorm\n|faint|p1a: Sneasler\n|faint|p1b: Incineroar\n|-start|p2a: Appletun|perish0\n|faint|p2a: Appletun\n|upkeep\n|\n|t:|1775951172\n|switch|p1a: Politoed|Politoed, L50, M|40/100\n|switch|p1b: Gengar|Gengar-Mega, L50, M|20/100\n|switch|p2a: Incineroar|Incineroar, L50, F|71/100\n|-ability|p2a: Incineroar|Intimidate|boost\n|-unboost|p1a: Politoed|atk|1\n|-unboost|p1b: Gengar|atk|1\n|-weather|RainDance|[from] ability: Drizzle|[of] p1a: Politoed\n|turn|11\n|\n|t:|1775951184\n|move|p1a: Politoed|Protect|p1a: Politoed\n|-singleturn|p1a: Politoed|Protect\n|move|p2a: Incineroar|Fake Out|p1a: Politoed\n|-activate|p1a: Politoed|move: Protect\n|move|p1b: Gengar|Perish Song|p1b: Gengar\n|-start|p1a: Politoed|perish3|[silent]\n|-start|p1b: Gengar|perish3|[silent]\n|-start|p2a: Incineroar|perish3|[silent]\n|-start|p2b: Tyranitar|perish3|[silent]\n|-fieldactivate|move: Perish Song\n|move|p2b: Tyranitar|Crunch|p1b: Gengar\n|-supereffective|p1b: Gengar|1\n|-damage|p1b: Gengar|0 fnt\n|faint|p1b: Gengar\n|\n|-weather|RainDance|[upkeep]\n|-start|p1a: Politoed|perish3\n|-start|p2a: Incineroar|perish3\n|-start|p2b: Tyranitar|perish3\n|upkeep\n|turn|12\n|\n|t:|1775951195\n|move|p1a: Politoed|Weather Ball|p2b: Tyranitar\n|-supereffective|p2b: Tyranitar|1\n|-damage|p2b: Tyranitar|15/100\n|move|p2a: Incineroar|Darkest Lariat|p1a: Politoed\n|-damage|p1a: Politoed|0 fnt\n|faint|p1a: Politoed\n|\n|win|lunaforza49\n|raw|Kalaphant's rating: 1000 &rarr; <strong>1000</strong><br />(+0 for losing)\n|raw|lunaforza49's rating: 1000 &rarr; <strong>1040</strong><br />(+40 for winning)\n",
  "uploadtime": 1775951196,
  "views": 9,
  "formatid": "gen9championsvgc2026regma",
  "rating": 1000,
  "private": 0,
  "password": null
}