{
  "id": "gen9championsvgc2026regma-2582008325",
  "format": "[Gen 9 Champions] VGC 2026 Reg M-A",
  "players": [
    "25th_mang",
    "aaaronsosunnoob777"
  ],
  "log": "|j|\u260625th_mang\n|j|\u2606aaaronsosunnoob777\n|t:|1776047874\n|gametype|doubles\n|player|p1|25th_mang|ballguy|1221\n|player|p2|aaaronsosunnoob777|fisherman-gen4|1220\n|gen|9\n|tier|[Gen 9 Champions] VGC 2026 Reg M-A\n|rated|\n|rule|Species Clause: Limit one of each Pok\u00e9mon\n|rule|Item Clause: Limit 1 of each item\n|clearpoke\n|poke|p1|Crabominable, L50, F|\n|poke|p1|Farigiraf, L50, F|\n|poke|p1|Incineroar, L50, M|\n|poke|p1|Archaludon, L50, M|\n|poke|p1|Pelipper, L50, F|\n|poke|p1|Sinistcha, L50|\n|poke|p2|Charizard, L50, M|\n|poke|p2|Garchomp, L50, M|\n|poke|p2|Venusaur, L50, F|\n|poke|p2|Sinistcha, L50|\n|poke|p2|Sneasler, L50, F|\n|poke|p2|Starmie, L50|\n|teampreview|4\n|inactive|Battle timer is ON: inactive players will automatically lose when time's up. (requested by 25th_mang)\n|inactive|aaaronsosunnoob777 has 60 seconds left.\n|\n|t:|1776047908\n|teamsize|p1|4\n|teamsize|p2|4\n|start\n|switch|p1a: Flip|Farigiraf, L50, F|100/100\n|switch|p1b: Roar|Incineroar, L50, M|100/100\n|switch|p2a: Charizard|Charizard, L50, M, shiny|100/100\n|switch|p2b: Sinistcha|Sinistcha, L50|100/100\n|-ability|p1b: Roar|Intimidate|boost\n|-unboost|p2a: Charizard|atk|1\n|-unboost|p2b: Sinistcha|atk|1\n|turn|1\n|inactive|aaaronsosunnoob777 has 30 seconds left.\n|inactive|aaaronsosunnoob777 has 20 seconds left.\n|\n|t:|1776047945\n|move|p2a: Charizard|Protect|p2a: Charizard\n|-singleturn|p2a: Charizard|Protect\n|move|p1b: Roar|Taunt|p2b: Sinistcha\n|-start|p2b: Sinistcha|move: Taunt\n|cant|p2b: Sinistcha|move: Taunt|Trick Room\n|move|p1a: Flip|Trick Room|p1a: Flip\n|-fieldstart|move: Trick Room|[of] p1a: Flip\n|\n|upkeep\n|turn|2\n|\n|t:|1776047961\n|switch|p2b: Garchomp|Garchomp, L50, M, shiny|100/100\n|detailschange|p2a: Charizard|Charizard-Mega-Y, L50, M, shiny\n|-mega|p2a: Charizard|Charizard|Charizardite Y\n|-weather|SunnyDay|[from] ability: Drought|[of] p2a: Charizard\n|move|p1a: Flip|Hyper Voice|p2a: Charizard|[spread] p2a,p2b\n|-damage|p2a: Charizard|73/100\n|-damage|p2b: Garchomp|74/100\n|move|p1b: Roar|Assurance|p2a: Charizard\n|-damage|p2a: Charizard|0 fnt\n|faint|p2a: Charizard\n|\n|-weather|SunnyDay|[upkeep]\n|upkeep\n|\n|t:|1776047976\n|switch|p2a: Sinistcha|Sinistcha, L50|100/100\n|-heal|p2b: Garchomp|99/100|[from] ability: Hospitality|[of] p2a: Sinistcha\n|turn|3\n|\n|t:|1776047988\n|move|p1a: Flip|Psychic|p2a: Sinistcha\n|-damage|p2a: Sinistcha|70/100\n|-unboost|p2a: Sinistcha|spd|1\n|move|p1b: Roar|Assurance|p2a: Sinistcha\n|-supereffective|p2a: Sinistcha|1\n|-damage|p2a: Sinistcha|0 fnt\n|faint|p2a: Sinistcha\n|move|p2b: Garchomp|Earthquake|p1b: Roar|[spread] p1a,p1b\n|-supereffective|p1b: Roar|1\n|-damage|p1a: Flip|67/100\n|-damage|p1b: Roar|26/100\n|\n|-weather|SunnyDay|[upkeep]\n|upkeep\n|\n|t:|1776048002\n|switch|p2a: Sneasler|Sneasler, L50, F|100/100\n|turn|4\n|\n|t:|1776048013\n|move|p2a: Sneasler|Protect|p2a: Sneasler\n|-singleturn|p2a: Sneasler|Protect\n|move|p1a: Flip|Hyper Voice|p2a: Sneasler|[spread] p2b\n|-activate|p2a: Sneasler|move: Protect\n|-damage|p2b: Garchomp|70/100\n|move|p1b: Roar|Assurance|p2b: Garchomp\n|-damage|p2b: Garchomp|1/100\n|-damage|p1b: Roar|13/100|[from] ability: Rough Skin|[of] p2b: Garchomp\n|move|p2b: Garchomp|Earthquake|p1b: Roar|[spread] p1a,p1b\n|-activate|p2a: Sneasler|move: Protect\n|-supereffective|p1b: Roar|1\n|-damage|p1a: Flip|38/100\n|-damage|p1b: Roar|0 fnt\n|faint|p1b: Roar\n|\n|-weather|SunnyDay|[upkeep]\n|upkeep\n|\n|t:|1776048027\n|switch|p1b: Hockey Reference|Crabominable, L50, F|100/100\n|turn|5\n|inactive|aaaronsosunnoob777 has 30 seconds left.\n|\n|t:|1776048056\n|detailschange|p1b: Hockey Reference|Crabominable-Mega, L50, F\n|-mega|p1b: Hockey Reference|Crabominable|Crabominite\n|move|p2b: Garchomp|Protect|p2b: Garchomp\n|-singleturn|p2b: Garchomp|Protect\n|move|p2a: Sneasler|Protect|p2a: Sneasler\n|-singleturn|p2a: Sneasler|Protect\n|move|p1b: Hockey Reference|Ice Hammer|p2a: Sneasler\n|-activate|p2a: Sneasler|move: Protect\n|move|p1a: Flip|Hyper Voice|p2a: Sneasler|[spread] \n|-activate|p2a: Sneasler|move: Protect\n|-activate|p2b: Garchomp|move: Protect\n|\n|-weather|SunnyDay|[upkeep]\n|-fieldend|move: Trick Room\n|upkeep\n|turn|6\n|inactive|25th_mang has 30 seconds left.\n|\n|t:|1776048086\n|switch|p1b: Stup!b|Pelipper, L50, F|100/100\n|-weather|RainDance|[from] ability: Drizzle|[of] p1b: Stup!b\n|move|p2a: Sneasler|Close Combat|p1b: Stup!b\n|-resisted|p1b: Stup!b|1\n|-damage|p1b: Stup!b|68/100\n|-unboost|p2a: Sneasler|def|1\n|-unboost|p2a: Sneasler|spd|1\n|-enditem|p2a: Sneasler|White Herb\n|-clearnegativeboost|p2a: Sneasler|[silent]\n|move|p2b: Garchomp|Dragon Claw|p1a: Flip\n|-damage|p1a: Flip|0 fnt\n|faint|p1a: Flip\n|\n|-weather|RainDance|[upkeep]\n|upkeep\n|\n|t:|1776048099\n|switch|p1a: Hockey Reference|Crabominable-Mega, L50, F|100/100\n|turn|7\n|\n|t:|1776048120\n|move|p1a: Hockey Reference|Protect|p1a: Hockey Reference\n|-singleturn|p1a: Hockey Reference|Protect\n|move|p2a: Sneasler|Close Combat|p1a: Hockey Reference\n|-activate|p1a: Hockey Reference|move: Protect\n|move|p2b: Garchomp|Dragon Claw|p1b: Stup!b\n|-damage|p1b: Stup!b|15/100\n|move|p1b: Stup!b|Hurricane|p2a: Sneasler\n|-supereffective|p2a: Sneasler|1\n|-damage|p2a: Sneasler|0 fnt\n|faint|p2a: Sneasler\n|\n|-weather|RainDance|[upkeep]\n|upkeep\n|turn|8\n|\n|t:|1776048139\n|move|p1b: Stup!b|Wide Guard|p1b: Stup!b\n|-singleturn|p1b: Stup!b|Wide Guard\n|move|p2b: Garchomp|Rock Slide|p1a: Hockey Reference|[spread] \n|-activate|p1a: Hockey Reference|move: Wide Guard\n|-activate|p1b: Stup!b|move: Wide Guard\n|move|p1a: Hockey Reference|Drain Punch|p2b: Garchomp\n|-damage|p2b: Garchomp|0 fnt\n|-damage|p1a: Hockey Reference|88/100|[from] ability: Rough Skin|[of] p2b: Garchomp\n|faint|p2b: Garchomp\n|\n|win|25th_mang\n|raw|25th_mang's rating: 1221 &rarr; <strong>1246</strong><br />(+25 for winning)\n|raw|aaaronsosunnoob777's rating: 1220 &rarr; <strong>1195</strong><br />(-25 for losing)\n|l|\u2606aaaronsosunnoob777\n|player|p2|\n",
  "uploadtime": 1776048148,
  "views": 12,
  "formatid": "gen9championsvgc2026regma",
  "rating": 1195,
  "private": 0,
  "password": null
}