{
  "id": "gen9championsvgc2026regma-2585497865",
  "format": "[Gen 9 Champions] VGC 2026 Reg M-A",
  "players": [
    "PhantomFighter300",
    "HyugaAnbu"
  ],
  "log": "|j|\u2606PhantomFighter300\n|j|\u2606HyugaAnbu\n|t:|1776351559\n|gametype|doubles\n|player|p1|PhantomFighter300|gambler|1140\n|player|p2|HyugaAnbu|101|1050\n|gen|9\n|tier|[Gen 9 Champions] VGC 2026 Reg M-A\n|rated|\n|rule|Species Clause: Limit one of each Pok\u00e9mon\n|rule|Item Clause: Limit 1 of each item\n|clearpoke\n|poke|p1|Chimecho, L50, M|\n|poke|p1|Pelipper, L50, F|\n|poke|p1|Sinistcha, L50|\n|poke|p1|Basculegion, L50, M|\n|poke|p1|Archaludon, L50, F|\n|poke|p1|Tauros-Paldea-Aqua, L50, M|\n|poke|p2|Kommo-o, L50, F|\n|poke|p2|Gengar, L50, F|\n|poke|p2|Primarina, L50, F|\n|poke|p2|Maushold-Four, L50|\n|poke|p2|Incineroar, L50, M|\n|poke|p2|Sinistcha, L50|\n|teampreview|4\n|\n|t:|1776351579\n|teamsize|p1|4\n|teamsize|p2|4\n|start\n|switch|p1a: Sinistcha|Sinistcha, L50|100/100\n|switch|p1b: Chimecho|Chimecho, L50, M|100/100\n|switch|p2a: Gengar|Gengar, L50, F|100/100\n|switch|p2b: Maushold|Maushold-Four, L50|100/100\n|turn|1\n|\n|t:|1776351598\n|detailschange|p1b: Chimecho|Chimecho-Mega, L50, M\n|-mega|p1b: Chimecho|Chimecho|Chimechite\n|move|p1a: Sinistcha|Rage Powder|p1a: Sinistcha\n|-singleturn|p1a: Sinistcha|move: Rage Powder\n|move|p2b: Maushold|Taunt|p1a: Sinistcha\n|-start|p1a: Sinistcha|move: Taunt\n|move|p2a: Gengar|Perish Song|p2a: Gengar\n|-start|p1a: Sinistcha|perish3|[silent]\n|-start|p1b: Chimecho|perish3|[silent]\n|-start|p2a: Gengar|perish3|[silent]\n|-start|p2b: Maushold|perish3|[silent]\n|-fieldactivate|move: Perish Song\n|move|p1b: Chimecho|Calm Mind|p1b: Chimecho\n|-boost|p1b: Chimecho|spa|1\n|-boost|p1b: Chimecho|spd|1\n|\n|-start|p2b: Maushold|perish3\n|-start|p2a: Gengar|perish3\n|-start|p1a: Sinistcha|perish3\n|-start|p1b: Chimecho|perish3\n|upkeep\n|turn|2\n|\n|t:|1776351623\n|detailschange|p2a: Gengar|Gengar-Mega, L50, F\n|-mega|p2a: Gengar|Gengar|Gengarite\n|move|p2a: Gengar|Protect|p2a: Gengar\n|-singleturn|p2a: Gengar|Protect\n|move|p2b: Maushold|Encore|p1b: Chimecho\n|-start|p1b: Chimecho|Encore\n|move|p1a: Sinistcha|Matcha Gotcha|p2b: Maushold|[spread] p2b\n|-activate|p2a: Gengar|move: Protect\n|-damage|p2b: Maushold|66/100\n|move|p1b: Chimecho|Calm Mind|p1b: Chimecho\n|-boost|p1b: Chimecho|spa|1\n|-boost|p1b: Chimecho|spd|1\n|\n|-start|p2b: Maushold|perish2\n|-start|p2a: Gengar|perish2\n|-start|p1a: Sinistcha|perish2\n|-start|p1b: Chimecho|perish2\n|upkeep\n|turn|3\n|\n|t:|1776351650\n|move|p2b: Maushold|Protect|p2b: Maushold\n|-singleturn|p2b: Maushold|Protect\n|move|p2a: Gengar|Disable|p1a: Sinistcha\n|-start|p1a: Sinistcha|Disable|Matcha Gotcha\n|cant|p1a: Sinistcha|Disable|Matcha Gotcha\n|move|p1b: Chimecho|Calm Mind|p1b: Chimecho\n|-boost|p1b: Chimecho|spa|1\n|-boost|p1b: Chimecho|spd|1\n|\n|-start|p2b: Maushold|perish1\n|-start|p2a: Gengar|perish1\n|-start|p1a: Sinistcha|perish1\n|-start|p1b: Chimecho|perish1\n|upkeep\n|turn|4\n|\n|t:|1776351672\n|switch|p2b: Incineroar|Incineroar, L50, M|100/100\n|-ability|p2b: Incineroar|Intimidate|boost\n|-unboost|p1a: Sinistcha|atk|1\n|-unboost|p1b: Chimecho|atk|1\n|switch|p2a: Sinistcha|Sinistcha, L50|100/100\n|move|p1a: Sinistcha|Shadow Ball|p2a: Sinistcha\n|-supereffective|p2a: Sinistcha|1\n|-damage|p2a: Sinistcha|5/100\n|move|p1b: Chimecho|Calm Mind|p1b: Chimecho\n|-boost|p1b: Chimecho|spa|1\n|-boost|p1b: Chimecho|spd|1\n|\n|-end|p1a: Sinistcha|move: Taunt\n|-end|p1b: Chimecho|Encore\n|-start|p1a: Sinistcha|perish0\n|-start|p1b: Chimecho|perish0\n|upkeep\n|faint|p1a: Sinistcha\n|faint|p1b: Chimecho\n|\n|t:|1776351682\n|switch|p1a: Pelipper|Pelipper, L50, F|100/100\n|switch|p1b: Basculegion|Basculegion, L50, M|100/100\n|-weather|RainDance|[from] ability: Drizzle|[of] p1a: Pelipper\n|turn|5\n|\n|t:|1776351704\n|move|p2b: Incineroar|Fake Out|p1a: Pelipper\n|-damage|p1a: Pelipper|85/100\n|move|p2a: Sinistcha|Rage Powder|p2a: Sinistcha\n|-singleturn|p2a: Sinistcha|move: Rage Powder\n|move|p1b: Basculegion|Wave Crash|p2a: Sinistcha\n|-resisted|p2a: Sinistcha|1\n|-damage|p2a: Sinistcha|0 fnt\n|faint|p2a: Sinistcha\n|-damage|p1b: Basculegion|99/100|[from] Recoil\n|cant|p1a: Pelipper|flinch\n|\n|-weather|RainDance|[upkeep]\n|upkeep\n|\n|t:|1776351712\n|switch|p2a: Gengar|Gengar-Mega, L50, F|100/100\n|turn|6\n|\n|t:|1776351719\n|move|p1b: Basculegion|Last Respects|p2a: Gengar\n|-supereffective|p2a: Gengar|1\n|-damage|p2a: Gengar|0 fnt\n|faint|p2a: Gengar\n|move|p1a: Pelipper|Weather Ball|p2b: Incineroar\n|-supereffective|p2b: Incineroar|1\n|-damage|p2b: Incineroar|0 fnt\n|faint|p2b: Incineroar\n|\n|-weather|RainDance|[upkeep]\n|upkeep\n|\n|t:|1776351724\n|switch|p2b: Maushold|Maushold-Four, L50|66/100\n|turn|7\n|\n|t:|1776351728\n|move|p2b: Maushold|Follow Me|p2b: Maushold\n|-singleturn|p2b: Maushold|move: Follow Me\n|move|p1b: Basculegion|Wave Crash|p2b: Maushold\n|-damage|p2b: Maushold|0 fnt\n|faint|p2b: Maushold\n|-damage|p1b: Basculegion|83/100|[from] Recoil\n|\n|win|PhantomFighter300\n|raw|PhantomFighter300's rating: 1140 &rarr; <strong>1159</strong><br />(+19 for winning)\n|raw|HyugaAnbu's rating: 1050 &rarr; <strong>1037</strong><br />(-13 for losing)\n|l|\u2606PhantomFighter300\n|player|p1|\n",
  "uploadtime": 1776351758,
  "views": 30,
  "formatid": "gen9championsvgc2026regma",
  "rating": 1037,
  "private": 0,
  "password": null
}