{
  "id": "gen9championsvgc2026regma-2588655002",
  "format": "[Gen 9 Champions] VGC 2026 Reg M-A",
  "players": [
    "bigbranonbampus",
    "MaK2012"
  ],
  "log": "|j|\u2606bigbranonbampus\n|j|\u2606MaK2012\n|t:|1776654303\n|gametype|doubles\n|player|p1|bigbranonbampus|hiker|1027\n|player|p2|MaK2012|102|1097\n|gen|9\n|tier|[Gen 9 Champions] VGC 2026 Reg M-A\n|rated|\n|rule|Species Clause: Limit one of each Pok\u00e9mon\n|rule|Item Clause: Limit 1 of each item\n|clearpoke\n|poke|p1|Alakazam, L50, F|\n|poke|p1|Gallade, L50, M|\n|poke|p1|Aggron, L50, F|\n|poke|p1|Farigiraf, L50, F|\n|poke|p1|Pelipper, L50, M|\n|poke|p1|Sinistcha, L50|\n|poke|p2|Noivern, L50, F|\n|poke|p2|Heracross, L50, M|\n|poke|p2|Chandelure, L50, F|\n|poke|p2|Farigiraf, L50, F|\n|poke|p2|Toxicroak, L50, F|\n|poke|p2|Primarina, L50, F|\n|teampreview|4\n|inactive|Battle timer is ON: inactive players will automatically lose when time's up. (requested by bigbranonbampus)\n|inactive|MaK2012 has 60 seconds left.\n|\n|t:|1776654352\n|teamsize|p1|4\n|teamsize|p2|4\n|start\n|switch|p1a: Farigiraf|Farigiraf, L50, F|100/100\n|switch|p1b: Gallade|Gallade, L50, M|100/100\n|switch|p2a: Chandelure|Chandelure, L50, F|100/100\n|switch|p2b: Noivern|Noivern, L50, F|100/100\n|turn|1\n|inactive|MaK2012 has 30 seconds left.\n|inactive|bigbranonbampus has 30 seconds left.\n|inactive|MaK2012 has 20 seconds left.\n|inactive|MaK2012 has 15 seconds left.\n|inactive|MaK2012 has 10 seconds left.\n|\n|t:|1776654398\n|detailschange|p1b: Gallade|Gallade-Mega, L50, M\n|-mega|p1b: Gallade|Gallade|Galladite\n|detailschange|p2a: Chandelure|Chandelure-Mega, L50, F\n|-mega|p2a: Chandelure|Chandelure|Chandelurite\n|move|p2b: Noivern|Draco Meteor|p1a: Farigiraf\n|-damage|p1a: Farigiraf|29/100\n|-unboost|p2b: Noivern|spa|2\n|move|p1b: Gallade|Psychic Terrain|p1b: Gallade\n|-fieldstart|move: Psychic Terrain\n|move|p1a: Farigiraf|Agility|p1a: Farigiraf\n|-boost|p1a: Farigiraf|spe|2\n|move|p2a: Chandelure|Shadow Ball|p1b: Gallade\n|-supereffective|p1b: Gallade|1\n|-damage|p1b: Gallade|0 fnt\n|faint|p1b: Gallade\n|\n|upkeep\n|\n|t:|1776654418\n|switch|p1b: Sinistcha|Sinistcha, L50|100/100\n|-heal|p1a: Farigiraf|54/100|[from] ability: Hospitality|[of] p1b: Sinistcha\n|turn|2\n|\n|t:|1776654431\n|move|p1a: Farigiraf|Expanding Force|p2a: Chandelure|[spread] p2a,p2b\n|-damage|p2a: Chandelure|48/100\n|-damage|p2b: Noivern|31/100\n|move|p2b: Noivern|U-turn|p1a: Farigiraf\n|-supereffective|p1a: Farigiraf|1\n|-damage|p1a: Farigiraf|22/100\n|\n|t:|1776654438\n|switch|p2b: Toxicroak|Toxicroak, L50, F|100/100|[from] U-turn\n|move|p2a: Chandelure|Flamethrower|p1b: Sinistcha\n|-supereffective|p1b: Sinistcha|1\n|-damage|p1b: Sinistcha|0 fnt\n|faint|p1b: Sinistcha\n|\n|upkeep\n|\n|t:|1776654447\n|switch|p1b: Pelipper|Pelipper, L50, M|100/100\n|-weather|RainDance|[from] ability: Drizzle|[of] p1b: Pelipper\n|turn|3\n|\n|t:|1776654470\n|move|p1a: Farigiraf|Protect|p1a: Farigiraf\n|-singleturn|p1a: Farigiraf|Protect\n|move|p2a: Chandelure|Protect|p2a: Chandelure\n|-singleturn|p2a: Chandelure|Protect\n|move|p1b: Pelipper|Weather Ball|p2a: Chandelure\n|-activate|p2a: Chandelure|move: Protect\n|move|p2b: Toxicroak|Poison Jab|p1a: Farigiraf\n|-activate|p1a: Farigiraf|move: Protect\n|\n|-weather|RainDance|[upkeep]\n|upkeep\n|turn|4\n|\n|t:|1776654486\n|switch|p2a: Primarina|Primarina, L50, F|100/100\n|move|p1a: Farigiraf|Expanding Force|p2b: Toxicroak|[spread] p2a,p2b\n|-supereffective|p2b: Toxicroak|2\n|-damage|p2a: Primarina|51/100\n|-damage|p2b: Toxicroak|0 fnt\n|faint|p2b: Toxicroak\n|move|p1b: Pelipper|Weather Ball|p2a: Primarina\n|-resisted|p2a: Primarina|1\n|-damage|p2a: Primarina|30/100\n|\n|-weather|RainDance|[upkeep]\n|upkeep\n|\n|t:|1776654496\n|switch|p2b: Noivern|Noivern, L50, F|31/100\n|turn|5\n|\n|t:|1776654506\n|move|p1a: Farigiraf|Protect|p1a: Farigiraf\n|-singleturn|p1a: Farigiraf|Protect\n|move|p1b: Pelipper|Weather Ball|p2b: Noivern\n|-resisted|p2b: Noivern|1\n|-damage|p2b: Noivern|0 fnt\n|faint|p2b: Noivern\n|move|p2a: Primarina|Hyper Voice|p1a: Farigiraf|[spread] p1b\n|-activate|p1a: Farigiraf|move: Protect\n|-resisted|p1b: Pelipper|1\n|-damage|p1b: Pelipper|47/100\n|\n|-weather|RainDance|[upkeep]\n|-fieldend|move: Psychic Terrain\n|upkeep\n|\n|t:|1776654523\n|switch|p2b: Chandelure|Chandelure-Mega, L50, F|48/100\n|turn|6\n|\n|t:|1776654540\n|move|p2b: Chandelure|Protect|p2b: Chandelure\n|-singleturn|p2b: Chandelure|Protect\n|move|p1a: Farigiraf|Thunder|p2a: Primarina\n|-supereffective|p2a: Primarina|1\n|-damage|p2a: Primarina|0 fnt\n|faint|p2a: Primarina\n|move|p1b: Pelipper|Weather Ball|p2b: Chandelure\n|-activate|p2b: Chandelure|move: Protect\n|\n|-weather|RainDance|[upkeep]\n|upkeep\n|turn|7\n|\n|t:|1776654562\n|move|p1a: Farigiraf|Expanding Force|p2b: Chandelure\n|-damage|p2b: Chandelure|10/100\n|move|p1b: Pelipper|Weather Ball|p2b: Chandelure\n|-supereffective|p2b: Chandelure|1\n|-damage|p2b: Chandelure|0 fnt\n|faint|p2b: Chandelure\n|\n|win|bigbranonbampus\n|raw|bigbranonbampus's rating: 1027 &rarr; <strong>1070</strong><br />(+43 for winning)\n|raw|MaK2012's rating: 1097 &rarr; <strong>1068</strong><br />(-29 for losing)\n",
  "uploadtime": 1776654596,
  "views": 13,
  "formatid": "gen9championsvgc2026regma",
  "rating": 1068,
  "private": 0,
  "password": null
}