{
  "id": "gen9championsvgc2026regma-2582730140",
  "format": "[Gen 9 Champions] VGC 2026 Reg M-A",
  "players": [
    "Capt_dx",
    "nikopik3l"
  ],
  "log": "|j|\u2606Capt_dx\n|j|\u2606nikopik3l\n|t:|1776110136\n|gametype|doubles\n|player|p1|Capt_dx|cynthia-gen4|1013\n|player|p2|nikopik3l|hilbert|1000\n|gen|9\n|tier|[Gen 9 Champions] VGC 2026 Reg M-A\n|rated|\n|rule|Species Clause: Limit one of each Pok\u00e9mon\n|rule|Item Clause: Limit 1 of each item\n|clearpoke\n|poke|p1|Slowbro, L50, F|\n|poke|p1|Azumarill, L50, F|\n|poke|p1|Sinistcha, L50|\n|poke|p1|Kingambit, L50, M|\n|poke|p1|Bellibolt, L50, F|\n|poke|p1|Alakazam, L50, F|\n|poke|p2|Reuniclus, L50, F|\n|poke|p2|Blastoise, L50, F|\n|poke|p2|Goodra-Hisui, L50, F|\n|poke|p2|Camerupt, L50, F|\n|poke|p2|Tyranitar, L50, M|\n|poke|p2|Chesnaught, L50, F|\n|teampreview|4\n|\n|t:|1776110165\n|teamsize|p1|4\n|teamsize|p2|4\n|start\n|switch|p1a: Bellibolt|Bellibolt, L50, F|100/100\n|switch|p1b: Alakazam|Alakazam, L50, F|100/100\n|switch|p2a: Reuniclus|Reuniclus, L50, F, shiny|100/100\n|switch|p2b: Blastoise|Blastoise, L50, F|100/100\n|turn|1\n|\n|t:|1776110186\n|move|p2b: Blastoise|Fake Out|p1a: Bellibolt\n|-crit|p1a: Bellibolt\n|-damage|p1a: Bellibolt|89/100\n|-start|p1a: Bellibolt|Charge|Fake Out|[from] ability: Electromorphosis\n|cant|p1a: Bellibolt|flinch\n|move|p1b: Alakazam|Trick Room|p1b: Alakazam\n|-fieldstart|move: Trick Room|[of] p1b: Alakazam\n|move|p2a: Reuniclus|Trick Room|p2a: Reuniclus\n|-fieldend|move: Trick Room\n|\n|upkeep\n|turn|2\n|\n|t:|1776110208\n|switch|p2b: Goodra|Goodra-Hisui, L50, F|100/100\n|move|p1b: Alakazam|Taunt|p2a: Reuniclus\n|-start|p2a: Reuniclus|move: Taunt\n|move|p1a: Bellibolt|Light Screen|p1a: Bellibolt\n|-sidestart|p1: Capt_dx|move: Light Screen\n|cant|p2a: Reuniclus|move: Taunt|Calm Mind\n|\n|upkeep\n|turn|3\n|inactive|Battle timer is ON: inactive players will automatically lose when time's up. (requested by nikopik3l)\n|\n|t:|1776110256\n|switch|p2a: Chesnaught|Chesnaught, L50, F, shiny|100/100\n|move|p2b: Goodra|Curse|p2b: Goodra\n|-unboost|p2b: Goodra|spe|1\n|-boost|p2b: Goodra|atk|1\n|-boost|p2b: Goodra|def|1\n|move|p1a: Bellibolt|Parabolic Charge|p2b: Goodra|[spread] p1b,p2a,p2b\n|-resisted|p2a: Chesnaught|1\n|-resisted|p2b: Goodra|1\n|-damage|p1b: Alakazam|63/100\n|-heal|p1a: Bellibolt|100/100|[from] drain|[of] p1b: Alakazam\n|-damage|p2a: Chesnaught|75/100\n|-damage|p2b: Goodra|88/100\n|-end|p1a: Bellibolt|Charge|[silent]\n|move|p1b: Alakazam|Trick Room|p1b: Alakazam\n|-fieldstart|move: Trick Room|[of] p1b: Alakazam\n|\n|-heal|p2b: Goodra|94/100|[from] item: Leftovers\n|upkeep\n|turn|4\n|inactive|nikopik3l has 30 seconds left.\n|\n|t:|1776110288\n|detailschange|p2a: Chesnaught|Chesnaught-Mega, L50, F, shiny\n|-mega|p2a: Chesnaught|Chesnaught|Chesnaughtite\n|move|p2a: Chesnaught|Spiky Shield|p2a: Chesnaught\n|-singleturn|p2a: Chesnaught|move: Protect\n|move|p2b: Goodra|Gyro Ball|p1b: Alakazam\n|-damage|p1b: Alakazam|0 fnt\n|faint|p1b: Alakazam\n|move|p1a: Bellibolt|Muddy Water|p2b: Goodra|[spread] p2b\n|-activate|p2a: Chesnaught|move: Protect\n|-resisted|p2b: Goodra|1\n|-damage|p2b: Goodra|90/100\n|\n|-heal|p2b: Goodra|96/100|[from] item: Leftovers\n|upkeep\n|\n|t:|1776110304\n|switch|p1b: Slowbro|Slowbro, L50, F|100/100\n|turn|5\n|\n|t:|1776110317\n|switch|p1a: Azumarill|Azumarill, L50, F|100/100\n|detailschange|p1b: Slowbro|Slowbro-Mega, L50, F\n|-mega|p1b: Slowbro|Slowbro|Slowbronite\n|move|p2b: Goodra|Curse|p2b: Goodra\n|-unboost|p2b: Goodra|spe|1\n|-boost|p2b: Goodra|atk|1\n|-boost|p2b: Goodra|def|1\n|move|p1b: Slowbro|Skill Swap|p1a: Azumarill\n|-activate|p1b: Slowbro|Skill Swap|||[of] p1a: Azumarill\n|move|p2a: Chesnaught|Wood Hammer|p1b: Slowbro\n|-supereffective|p1b: Slowbro|1\n|-damage|p1b: Slowbro|29/100\n|-damage|p2a: Chesnaught|51/100|[from] Recoil\n|\n|-heal|p2b: Goodra|100/100|[from] item: Leftovers\n|upkeep\n|turn|6\n|inactive|nikopik3l has 30 seconds left.\n|inactive|nikopik3l has 20 seconds left.\n|\n|t:|1776110356\n|move|p2b: Goodra|Gyro Ball|p1a: Azumarill\n|-damage|p1a: Azumarill|77/100\n|move|p1b: Slowbro|Earthquake|p2b: Goodra|[spread] p1a,p2a,p2b\n|-resisted|p2a: Chesnaught|1\n|-supereffective|p2b: Goodra|1\n|-damage|p1a: Azumarill|49/100\n|-damage|p2a: Chesnaught|40/100\n|-damage|p2b: Goodra|68/100\n|move|p1a: Azumarill|Knock Off|p2b: Goodra\n|-damage|p2b: Goodra|62/100\n|-enditem|p2b: Goodra|Leftovers|[from] move: Knock Off|[of] p1a: Azumarill\n|move|p2a: Chesnaught|Drain Punch|p1a: Azumarill\n|-resisted|p1a: Azumarill|1\n|-damage|p1a: Azumarill|32/100\n|-heal|p2a: Chesnaught|50/100|[from] drain|[of] p1a: Azumarill\n|\n|-sideend|p1: Capt_dx|move: Light Screen\n|upkeep\n|turn|7\n|inactive|Capt_dx has 30 seconds left.\n|inactive|nikopik3l has 30 seconds left.\n|inactive|Capt_dx has 20 seconds left.\n|inactive|nikopik3l has 20 seconds left.\n|inactive|Capt_dx has 15 seconds left.\n|inactive|nikopik3l has 15 seconds left.\n|inactive|Capt_dx has 10 seconds left.\n|inactive|nikopik3l has 10 seconds left.\n|inactive|Capt_dx has 5 seconds left.\n|inactive|nikopik3l has 5 seconds left.\n|-activate|p1a: Azumarill|item: Quick Claw\n|\n|t:|1776110410\n|move|p1a: Azumarill|Rest|p1a: Azumarill\n|-status|p1a: Azumarill|slp|[from] move: Rest\n|-heal|p1a: Azumarill|100/100 slp|[silent]\n|move|p2b: Goodra|Gyro Ball|p1b: Slowbro\n|-resisted|p1b: Slowbro|1\n|-damage|p1b: Slowbro|23/100\n|move|p1b: Slowbro|Earthquake|p2b: Goodra|[spread] p1a,p2a,p2b\n|-resisted|p2a: Chesnaught|1\n|-supereffective|p2b: Goodra|1\n|-crit|p2b: Goodra\n|-damage|p1a: Azumarill|72/100 slp\n|-damage|p2a: Chesnaught|40/100\n|-damage|p2b: Goodra|0 fnt\n|faint|p2b: Goodra\n|move|p2a: Chesnaught|Wood Hammer|p1b: Slowbro\n|-supereffective|p1b: Slowbro|1\n|-damage|p1b: Slowbro|0 fnt\n|faint|p1b: Slowbro\n|-damage|p2a: Chesnaught|33/100|[from] Recoil\n|\n|-fieldend|move: Trick Room\n|upkeep\n|\n|t:|1776110428\n|switch|p2b: Blastoise|Blastoise, L50, F|100/100\n|switch|p1b: Bellibolt|Bellibolt, L50, F|100/100\n|turn|8\n|-activate|p1a: Azumarill|item: Quick Claw\n|\n|t:|1776110453\n|cant|p1a: Azumarill|slp\n|move|p1a: Azumarill|Sleep Talk|p1a: Azumarill\n|move|p1a: Azumarill|Knock Off|p2b: Blastoise|[from] move: Sleep Talk\n|-damage|p2b: Blastoise|89/100\n|-enditem|p2b: Blastoise|Mystic Water|[from] move: Knock Off|[of] p1a: Azumarill\n|move|p2b: Blastoise|Iron Defense|p2b: Blastoise\n|-boost|p2b: Blastoise|def|2\n|move|p2a: Chesnaught|Poison Jab|p1a: Azumarill\n|-supereffective|p1a: Azumarill|1\n|-damage|p1a: Azumarill|21/100 slp\n|move|p1b: Bellibolt|Parabolic Charge|p2a: Chesnaught|[spread] p1a,p2a,p2b\n|-supereffective|p1a: Azumarill|1\n|-resisted|p2a: Chesnaught|1\n|-supereffective|p2b: Blastoise|1\n|-damage|p1a: Azumarill|0 fnt\n|-damage|p2a: Chesnaught|25/100\n|-damage|p2b: Blastoise|50/100\n|faint|p1a: Azumarill\n|\n|upkeep\n|turn|9\n|inactive|nikopik3l has 30 seconds left.\n|\n|t:|1776110481\n|move|p2b: Blastoise|Body Press|p1b: Bellibolt\n|-damage|p1b: Bellibolt|66/100\n|-start|p1b: Bellibolt|Charge|Body Press|[from] ability: Electromorphosis\n|move|p2a: Chesnaught|Drain Punch|p1b: Bellibolt\n|-damage|p1b: Bellibolt|31/100\n|-heal|p2a: Chesnaught|44/100|[from] drain|[of] p1b: Bellibolt\n|-start|p1b: Bellibolt|Charge|Drain Punch|[from] ability: Electromorphosis\n|move|p1b: Bellibolt|Parabolic Charge|p2a: Chesnaught|[spread] p2a,p2b\n|-resisted|p2a: Chesnaught|1\n|-supereffective|p2b: Blastoise|1\n|-damage|p2a: Chesnaught|27/100\n|-heal|p1b: Bellibolt|39/100|[from] drain|[of] p2a: Chesnaught\n|-damage|p2b: Blastoise|0 fnt\n|-heal|p1b: Bellibolt|57/100|[from] drain|[of] p2b: Blastoise\n|faint|p2b: Blastoise\n|-end|p1b: Bellibolt|Charge|[silent]\n|\n|upkeep\n|\n|t:|1776110498\n|switch|p2b: Reuniclus|Reuniclus, L50, F, shiny|100/100\n|turn|10\n|\n|t:|1776110514\n|move|p2a: Chesnaught|Drain Punch|p1b: Bellibolt\n|-damage|p1b: Bellibolt|24/100\n|-heal|p2a: Chesnaught|45/100|[from] drain|[of] p1b: Bellibolt\n|-start|p1b: Bellibolt|Charge|Drain Punch|[from] ability: Electromorphosis\n|move|p1b: Bellibolt|Parabolic Charge|p2a: Chesnaught|[spread] p2a,p2b\n|-resisted|p2a: Chesnaught|1\n|-damage|p2a: Chesnaught|28/100\n|-heal|p1b: Bellibolt|32/100|[from] drain|[of] p2a: Chesnaught\n|-damage|p2b: Reuniclus|60/100\n|-heal|p1b: Bellibolt|52/100|[from] drain|[of] p2b: Reuniclus\n|-end|p1b: Bellibolt|Charge|[silent]\n|move|p2b: Reuniclus|Calm Mind|p2b: Reuniclus\n|-boost|p2b: Reuniclus|spa|1\n|-boost|p2b: Reuniclus|spd|1\n|\n|upkeep\n|turn|11\n|\n|t:|1776110532\n|move|p2a: Chesnaught|Drain Punch|p1b: Bellibolt\n|-damage|p1b: Bellibolt|20/100\n|-heal|p2a: Chesnaught|46/100|[from] drain|[of] p1b: Bellibolt\n|-start|p1b: Bellibolt|Charge|Drain Punch|[from] ability: Electromorphosis\n|move|p1b: Bellibolt|Parabolic Charge|p2a: Chesnaught|[spread] p2a,p2b\n|-resisted|p2a: Chesnaught|1\n|-crit|p2b: Reuniclus\n|-damage|p2a: Chesnaught|28/100\n|-heal|p1b: Bellibolt|28/100|[from] drain|[of] p2a: Chesnaught\n|-damage|p2b: Reuniclus|0 fnt\n|-heal|p1b: Bellibolt|58/100|[from] drain|[of] p2b: Reuniclus\n|faint|p2b: Reuniclus\n|-end|p1b: Bellibolt|Charge|[silent]\n|\n|upkeep\n|turn|12\n|inactive|nikopik3l has 30 seconds left.\n|inactive|nikopik3l has 20 seconds left.\n|inactive|nikopik3l has 15 seconds left.\n|inactive|nikopik3l has 10 seconds left.\n|\n|t:|1776110582\n|move|p1b: Bellibolt|Protect|p1b: Bellibolt\n|-singleturn|p1b: Bellibolt|Protect\n|move|p2a: Chesnaught|Drain Punch|p1b: Bellibolt\n|-activate|p1b: Bellibolt|move: Protect\n|\n|upkeep\n|turn|13\n|\n|t:|1776110594\n|move|p2a: Chesnaught|Drain Punch|p1b: Bellibolt\n|-damage|p1b: Bellibolt|26/100\n|-heal|p2a: Chesnaught|46/100|[from] drain|[of] p1b: Bellibolt\n|-start|p1b: Bellibolt|Charge|Drain Punch|[from] ability: Electromorphosis\n|move|p1b: Bellibolt|Parabolic Charge|p2a: Chesnaught\n|-resisted|p2a: Chesnaught|1\n|-damage|p2a: Chesnaught|24/100\n|-heal|p1b: Bellibolt|36/100|[from] drain|[of] p2a: Chesnaught\n|-end|p1b: Bellibolt|Charge|[silent]\n|\n|upkeep\n|turn|14\n|\n|t:|1776110606\n|move|p1b: Bellibolt|Protect|p1b: Bellibolt\n|-singleturn|p1b: Bellibolt|Protect\n|move|p2a: Chesnaught|Drain Punch|p1b: Bellibolt\n|-activate|p1b: Bellibolt|move: Protect\n|\n|upkeep\n|turn|15\n|\n|t:|1776110618\n|move|p2a: Chesnaught|Drain Punch|p1b: Bellibolt\n|-damage|p1b: Bellibolt|0 fnt\n|-heal|p2a: Chesnaught|44/100|[from] drain|[of] p1b: Bellibolt\n|faint|p1b: Bellibolt\n|\n|win|nikopik3l\n|raw|Capt_dx's rating: 1013 &rarr; <strong>1001</strong><br />(-12 for losing)\n|raw|nikopik3l's rating: 1000 &rarr; <strong>1041</strong><br />(+41 for winning)\n|c|\u2606nikopik3l|gg dawg\n",
  "uploadtime": 1776110627,
  "views": 17,
  "formatid": "gen9championsvgc2026regma",
  "rating": 1001,
  "private": 0,
  "password": null
}