{
  "id": "gen9championsvgc2026regma-2583707815",
  "format": "[Gen 9 Champions] VGC 2026 Reg M-A",
  "players": [
    "Imnewnobully",
    "hanenwang"
  ],
  "log": "|j|\u2606Imnewnobully\n|j|\u2606hanenwang\n|t:|1776192332\n|gametype|doubles\n|player|p1|Imnewnobully|170|1046\n|player|p2|hanenwang|twins-gen4dp|1109\n|gen|9\n|tier|[Gen 9 Champions] VGC 2026 Reg M-A\n|rated|\n|rule|Species Clause: Limit one of each Pok\u00e9mon\n|rule|Item Clause: Limit 1 of each item\n|clearpoke\n|poke|p1|Alakazam, L50, F|\n|poke|p1|Torkoal, L50, M|\n|poke|p1|Golurk, L50|\n|poke|p1|Incineroar, L50, M|\n|poke|p1|Pelipper, L50, M|\n|poke|p1|Archaludon, L50, M|\n|poke|p2|Gengar, L50, M|\n|poke|p2|Incineroar, L50, F|\n|poke|p2|Clefable, L50, M|\n|poke|p2|Vivillon, L50, F|\n|poke|p2|Aegislash, L50, F|\n|poke|p2|Slowking, L50, F|\n|teampreview|4\n|inactive|Battle timer is ON: inactive players will automatically lose when time's up. (requested by hanenwang)\n|inactive|Imnewnobully has 60 seconds left.\n|\n|t:|1776192439\n|teamsize|p1|4\n|teamsize|p2|4\n|start\n|switch|p1a: Pelipper|Pelipper, L50, M|100/100\n|switch|p1b: Golurk|Golurk, L50|100/100\n|switch|p2a: Incineroar|Incineroar, L50, F|100/100\n|switch|p2b: Slowking|Slowking, L50, F|100/100\n|-weather|RainDance|[from] ability: Drizzle|[of] p1a: Pelipper\n|-ability|p2a: Incineroar|Intimidate|boost\n|-unboost|p1a: Pelipper|atk|1\n|-unboost|p1b: Golurk|atk|1\n|turn|1\n|inactive|Imnewnobully has 30 seconds left.\n|\n|t:|1776192473\n|detailschange|p1b: Golurk|Golurk-Mega, L50\n|-mega|p1b: Golurk|Golurk|Golurkite\n|move|p2a: Incineroar|Fake Out|p1a: Pelipper\n|-damage|p1a: Pelipper|92/100\n|cant|p1a: Pelipper|flinch\n|move|p1b: Golurk|Earthquake|p2b: Slowking|[spread] p2a,p2b\n|-immune|p1a: Pelipper\n|-supereffective|p2a: Incineroar|1\n|-damage|p2a: Incineroar|41/100\n|-damage|p2b: Slowking|68/100\n|-prepare|p2b: Slowking|Chilly Reception|[premajor]\n|move|p2b: Slowking|Chilly Reception|p2b: Slowking\n|-weather|Snowscape\n|\n|t:|1776192489\n|switch|p2b: Gengar|Gengar, L50, M|100/100|[from] Chilly Reception\n|\n|-weather|Snowscape|[upkeep]\n|upkeep\n|turn|2\n|\n|t:|1776192509\n|switch|p1b: Incineroar|Incineroar, L50, M|100/100\n|-ability|p1b: Incineroar|Intimidate|boost\n|-unboost|p2a: Incineroar|atk|1\n|-unboost|p2b: Gengar|atk|1\n|detailschange|p2b: Gengar|Gengar-Mega, L50, M\n|-mega|p2b: Gengar|Gengar|Gengarite\n|move|p2b: Gengar|Perish Song|p2b: Gengar\n|-start|p1a: Pelipper|perish3|[silent]\n|-start|p1b: Incineroar|perish3|[silent]\n|-start|p2a: Incineroar|perish3|[silent]\n|-start|p2b: Gengar|perish3|[silent]\n|-fieldactivate|move: Perish Song\n|move|p1a: Pelipper|Weather Ball|p2b: Gengar\n|-damage|p2b: Gengar|77/100\n|move|p2a: Incineroar|Parting Shot|p1b: Incineroar\n|-unboost|p1b: Incineroar|atk|1\n|-unboost|p1b: Incineroar|spa|1\n|\n|t:|1776192519\n|switch|p2a: Clefable|Clefable, L50, M|100/100|[from] Parting Shot\n|\n|-weather|Snowscape|[upkeep]\n|-start|p2b: Gengar|perish3\n|-start|p1b: Incineroar|perish3\n|-start|p1a: Pelipper|perish3\n|upkeep\n|turn|3\n|\n|t:|1776192545\n|switch|p2b: Incineroar|Incineroar, L50, F|41/100\n|-ability|p2b: Incineroar|Intimidate|boost\n|-unboost|p1a: Pelipper|atk|1\n|-unboost|p1b: Incineroar|atk|1\n|move|p1b: Incineroar|Flare Blitz|p2a: Clefable\n|-damage|p2a: Clefable|39/100\n|-enditem|p2a: Clefable|Sitrus Berry|[eat]\n|-heal|p2a: Clefable|64/100|[from] item: Sitrus Berry\n|-damage|p1b: Incineroar|80/100|[from] Recoil\n|move|p1a: Pelipper|Weather Ball|p2a: Clefable\n|-damage|p2a: Clefable|48/100\n|move|p2a: Clefable|Life Dew|p2a: Clefable|[spread] p2a,p2b\n|-heal|p2a: Clefable|73/100\n|-heal|p2b: Incineroar|66/100\n|\n|-weather|Snowscape|[upkeep]\n|-start|p1a: Pelipper|perish2\n|-start|p1b: Incineroar|perish2\n|upkeep\n|turn|4\n|\n|t:|1776192573\n|switch|p2b: Gengar|Gengar-Mega, L50, M|77/100\n|move|p1b: Incineroar|Parting Shot|p2a: Clefable\n|-unboost|p2a: Clefable|atk|1\n|-unboost|p2a: Clefable|spa|1\n|inactive|Imnewnobully has 30 seconds left.\n|\n|t:|1776192605\n|switch|p1b: Golurk|Golurk-Mega, L50|100/100|[from] Parting Shot\n|move|p1a: Pelipper|Weather Ball|p2a: Clefable\n|-damage|p2a: Clefable|56/100\n|move|p2a: Clefable|Life Dew|p2a: Clefable|[spread] p2a,p2b\n|-heal|p2a: Clefable|82/100\n|-heal|p2b: Gengar|100/100\n|\n|-weather|Snowscape|[upkeep]\n|-start|p1a: Pelipper|perish1\n|upkeep\n|turn|5\n|\n|t:|1776192622\n|move|p2b: Gengar|Shadow Ball|p1b: Golurk\n|-supereffective|p1b: Golurk|1\n|-damage|p1b: Golurk|29/100\n|move|p1a: Pelipper|Tailwind|p1a: Pelipper\n|-sidestart|p1: Imnewnobully|move: Tailwind\n|move|p1b: Golurk|Earthquake|p2a: Clefable|[spread] p2a,p2b\n|-immune|p1a: Pelipper\n|-supereffective|p2b: Gengar|1\n|-damage|p2a: Clefable|31/100\n|-damage|p2b: Gengar|0 fnt\n|faint|p2b: Gengar\n|move|p2a: Clefable|Moonblast|p1b: Golurk\n|-damage|p1b: Golurk|10/100\n|\n|-weather|none\n|-start|p1a: Pelipper|perish0\n|faint|p1a: Pelipper\n|upkeep\n|\n|t:|1776192634\n|switch|p2b: Slowking|Slowking, L50, F|100/100\n|switch|p1a: Incineroar|Incineroar, L50, M|80/100\n|-ability|p1a: Incineroar|Intimidate|boost\n|-unboost|p2a: Clefable|atk|1\n|-unboost|p2b: Slowking|atk|1\n|turn|6\n|\n|t:|1776192654\n|move|p2a: Clefable|Protect|p2a: Clefable\n|-singleturn|p2a: Clefable|Protect\n|move|p2b: Slowking|Protect|p2b: Slowking\n|-singleturn|p2b: Slowking|Protect\n|move|p1a: Incineroar|Fake Out|p2a: Clefable\n|-activate|p2a: Clefable|move: Protect\n|move|p1b: Golurk|High Horsepower|p2b: Slowking\n|-ability|p1b: Golurk|Unseen Fist\n|-zbroken|p2b: Slowking\n|-damage|p2b: Slowking|87/100\n|\n|upkeep\n|turn|7\n|\n|t:|1776192669\n|move|p1a: Incineroar|Flare Blitz|p2a: Clefable\n|-damage|p2a: Clefable|0 fnt\n|faint|p2a: Clefable\n|-damage|p1a: Incineroar|70/100|[from] Recoil\n|move|p1b: Golurk|High Horsepower|p2b: Slowking\n|-damage|p2b: Slowking|30/100\n|move|p2b: Slowking|Scald|p1b: Golurk\n|-supereffective|p1b: Golurk|1\n|-damage|p1b: Golurk|0 fnt\n|faint|p1b: Golurk\n|\n|upkeep\n|\n|t:|1776192678\n|switch|p1b: Archaludon|Archaludon, L50, M|100/100\n|switch|p2a: Incineroar|Incineroar, L50, F|66/100\n|-ability|p2a: Incineroar|Intimidate|boost\n|-unboost|p1a: Incineroar|atk|1\n|-unboost|p1b: Archaludon|atk|1\n|turn|8\n|inactive|hanenwang has 30 seconds left.\n|inactive|hanenwang has 20 seconds left.\n|inactive|hanenwang has 15 seconds left.\n|inactive|hanenwang has 10 seconds left.\n|\n|t:|1776192724\n|move|p1b: Archaludon|Protect|p1b: Archaludon\n|-singleturn|p1b: Archaludon|Protect\n|move|p2a: Incineroar|Fake Out|p1b: Archaludon\n|-activate|p1b: Archaludon|move: Protect\n|move|p1a: Incineroar|Flare Blitz|p2b: Slowking\n|-resisted|p2b: Slowking|1\n|-damage|p2b: Slowking|10/100\n|-damage|p1a: Incineroar|64/100|[from] Recoil\n|move|p2b: Slowking|Scald|p1a: Incineroar\n|-supereffective|p1a: Incineroar|1\n|-damage|p1a: Incineroar|13/100\n|\n|-sideend|p1: Imnewnobully|move: Tailwind\n|upkeep\n|turn|9\n|\n|t:|1776192737\n|move|p2b: Slowking|Protect|p2b: Slowking\n|-singleturn|p2b: Slowking|Protect\n|move|p1b: Archaludon|Dragon Pulse|p2b: Slowking\n|-activate|p2b: Slowking|move: Protect\n|move|p1a: Incineroar|Flare Blitz|p2b: Slowking\n|-activate|p2b: Slowking|move: Protect\n|move|p2a: Incineroar|Darkest Lariat|p1a: Incineroar\n|-resisted|p1a: Incineroar|1\n|-damage|p1a: Incineroar|0 fnt\n|faint|p1a: Incineroar\n|\n|upkeep\n|turn|10\n|\n|t:|1776192751\n|move|p1b: Archaludon|Dragon Pulse|p2b: Slowking\n|-damage|p2b: Slowking|0 fnt\n|faint|p2b: Slowking\n|move|p2a: Incineroar|Darkest Lariat|p1b: Archaludon\n|-damage|p1b: Archaludon|76/100\n|-ability|p1b: Archaludon|Stamina|boost\n|-boost|p1b: Archaludon|def|1\n|\n|-heal|p1b: Archaludon|82/100|[from] item: Leftovers\n|upkeep\n|turn|11\n|\n|t:|1776192755\n|move|p1b: Archaludon|Aura Sphere|p2a: Incineroar\n|-supereffective|p2a: Incineroar|1\n|-damage|p2a: Incineroar|33/100\n|move|p2a: Incineroar|Darkest Lariat|p1b: Archaludon\n|-damage|p1b: Archaludon|58/100\n|-ability|p1b: Archaludon|Stamina|boost\n|-boost|p1b: Archaludon|def|1\n|\n|-heal|p1b: Archaludon|64/100|[from] item: Leftovers\n|upkeep\n|turn|12\n|-message|hanenwang forfeited.\n|\n|win|Imnewnobully\n|raw|Imnewnobully's rating: 1046 &rarr; <strong>1085</strong><br />(+39 for winning)\n|raw|hanenwang's rating: 1109 &rarr; <strong>1080</strong><br />(-29 for losing)\n|l|\u2606hanenwang\n|player|p2|\n",
  "uploadtime": 1776192767,
  "views": 21,
  "formatid": "gen9championsvgc2026regma",
  "rating": 1080,
  "private": 0,
  "password": null
}