{
  "id": "gen9championsvgc2026regma-2584261352",
  "format": "[Gen 9 Champions] VGC 2026 Reg M-A",
  "players": [
    "v 15fb",
    "Noobilio"
  ],
  "log": "|j|\u2606v 15fb\n|j|\u2606Noobilio\n|t:|1776244479\n|gametype|doubles\n|player|p1|v 15fb|clown|1291\n|player|p2|Noobilio|nurse|1359\n|gen|9\n|tier|[Gen 9 Champions] VGC 2026 Reg M-A\n|rated|\n|rule|Species Clause: Limit one of each Pok\u00e9mon\n|rule|Item Clause: Limit 1 of each item\n|clearpoke\n|poke|p1|Snorlax, L50, F|\n|poke|p1|Floette-Eternal, L50, F|\n|poke|p1|Sinistcha, L50|\n|poke|p1|Incineroar, L50, F|\n|poke|p1|Clefable, L50, F|\n|poke|p1|Farigiraf, L50, M|\n|poke|p2|Hawlucha, L50, F|\n|poke|p2|Floette-Eternal, L50, F|\n|poke|p2|Incineroar, L50, F|\n|poke|p2|Sinistcha, L50|\n|poke|p2|Snorlax, L50, F|\n|poke|p2|Rotom-Wash, L50|\n|teampreview|4\n|inactive|Battle timer is ON: inactive players will automatically lose when time's up. (requested by v 15fb)\n|inactive|v 15fb has 60 seconds left.\n|inactive|Noobilio has 60 seconds left.\n|\n|t:|1776244519\n|teamsize|p1|4\n|teamsize|p2|4\n|start\n|switch|p1a: Snorlax|Snorlax, L50, F|100/100\n|switch|p1b: Sinistcha|Sinistcha, L50|100/100\n|switch|p2a: Incineroar|Incineroar, L50, F|100/100\n|switch|p2b: Floette|Floette-Eternal, L50, F, shiny|100/100\n|-ability|p2a: Incineroar|Intimidate|boost\n|-unboost|p1a: Snorlax|atk|1\n|-unboost|p1b: Sinistcha|atk|1\n|turn|1\n|\n|t:|1776244535\n|detailschange|p2b: Floette|Floette-Mega, L50, F, shiny\n|-mega|p2b: Floette|Floette|Floettite\n|-ability|p2b: Floette|Fairy Aura\n|move|p1a: Snorlax|Protect|p1a: Snorlax\n|-singleturn|p1a: Snorlax|Protect\n|move|p2b: Floette|Calm Mind|p2b: Floette\n|-boost|p2b: Floette|spa|1\n|-boost|p2b: Floette|spd|1\n|move|p2a: Incineroar|Darkest Lariat|p1b: Sinistcha\n|-supereffective|p1b: Sinistcha|1\n|-damage|p1b: Sinistcha|47/100\n|move|p1b: Sinistcha|Trick Room|p1b: Sinistcha\n|-fieldstart|move: Trick Room|[of] p1b: Sinistcha\n|\n|upkeep\n|turn|2\n|inactive|Noobilio has 30 seconds left.\n|\n|t:|1776244563\n|switch|p1b: Clefable|Clefable, L50, F|100/100\n|move|p1a: Snorlax|Belly Drum|p1a: Snorlax\n|-damage|p1a: Snorlax|50/100\n|-setboost|p1a: Snorlax|atk|6|[from] move: Belly Drum\n|-enditem|p1a: Snorlax|Sitrus Berry|[eat]\n|-heal|p1a: Snorlax|75/100|[from] item: Sitrus Berry\n|move|p2a: Incineroar|Darkest Lariat|p1b: Clefable\n|-resisted|p1b: Clefable|1\n|-damage|p1b: Clefable|86/100\n|move|p2b: Floette|Moonblast|p1a: Snorlax\n|-damage|p1a: Snorlax|1/100\n|\n|-heal|p1b: Clefable|92/100|[from] item: Leftovers\n|upkeep\n|turn|3\n|inactive|Noobilio has 30 seconds left.\n|\n|t:|1776244594\n|switch|p2a: Sinistcha|Sinistcha, L50|100/100\n|move|p2b: Floette|Protect|p2b: Floette\n|-singleturn|p2b: Floette|Protect\n|move|p1a: Snorlax|Facade|p2b: Floette\n|-activate|p2b: Floette|move: Protect\n|move|p1b: Clefable|Heal Pulse|p1a: Snorlax\n|-heal|p1a: Snorlax|51/100\n|\n|-heal|p1b: Clefable|98/100|[from] item: Leftovers\n|upkeep\n|turn|4\n|inactive|v 15fb has 30 seconds left.\n|\n|t:|1776244621\n|move|p1b: Clefable|Follow Me|p1b: Clefable\n|-singleturn|p1b: Clefable|move: Follow Me\n|move|p2a: Sinistcha|Rage Powder|p2a: Sinistcha\n|-singleturn|p2a: Sinistcha|move: Rage Powder\n|move|p1a: Snorlax|High Horsepower|p2a: Sinistcha\n|-resisted|p2a: Sinistcha|1\n|-damage|p2a: Sinistcha|55/100\n|move|p2b: Floette|Dazzling Gleam|p1b: Clefable|[spread] p1a,p1b\n|-damage|p1a: Snorlax|7/100\n|-damage|p1b: Clefable|50/100\n|\n|-heal|p1b: Clefable|55/100|[from] item: Leftovers\n|upkeep\n|turn|5\n|\n|t:|1776244644\n|move|p2b: Floette|Protect|p2b: Floette\n|-singleturn|p2b: Floette|Protect\n|move|p1a: Snorlax|High Horsepower|p2a: Sinistcha|[miss]\n|-miss|p1a: Snorlax|p2a: Sinistcha\n|move|p1b: Clefable|Moonblast|p2a: Sinistcha\n|-damage|p2a: Sinistcha|17/100\n|-enditem|p2a: Sinistcha|Sitrus Berry|[eat]\n|-heal|p2a: Sinistcha|42/100|[from] item: Sitrus Berry\n|move|p2a: Sinistcha|Matcha Gotcha|p1a: Snorlax|[spread] p1b\n|-miss|p2a: Sinistcha|p1a: Snorlax\n|-damage|p1b: Clefable|33/100\n|-heal|p2a: Sinistcha|55/100|[from] drain|[of] p1b: Clefable\n|-status|p1b: Clefable|brn\n|\n|-heal|p1b: Clefable|39/100 brn|[from] item: Leftovers\n|-damage|p1b: Clefable|33/100 brn|[from] brn\n|-fieldend|move: Trick Room\n|upkeep\n|turn|6\n|inactive|v 15fb has 30 seconds left.\n|\n|t:|1776244670\n|switch|p1b: Sinistcha|Sinistcha, L50|47/100\n|-heal|p1a: Snorlax|32/100|[from] ability: Hospitality|[of] p1b: Sinistcha\n|move|p2b: Floette|Dazzling Gleam|p1a: Snorlax|[spread] p1a,p1b\n|-damage|p1a: Snorlax|0 fnt\n|-damage|p1b: Sinistcha|0 fnt\n|faint|p1a: Snorlax\n|faint|p1b: Sinistcha\n|move|p2a: Sinistcha|Matcha Gotcha|p1: Snorlax|[notarget]\n|-fail|p2a: Sinistcha\n|\n|upkeep\n|\n|t:|1776244678\n|switch|p1b: Clefable|Clefable, L50, F|33/100 brn\n|switch|p1a: Floette|Floette-Eternal, L50, F|100/100\n|turn|7\n|\n|t:|1776244701\n|detailschange|p1a: Floette|Floette-Mega, L50, F\n|-mega|p1a: Floette|Floette|Floettite\n|-ability|p1a: Floette|Fairy Aura\n|move|p2a: Sinistcha|Rage Powder|p2a: Sinistcha\n|-singleturn|p2a: Sinistcha|move: Rage Powder\n|move|p1a: Floette|Moonblast|p2a: Sinistcha\n|-damage|p2a: Sinistcha|0 fnt\n|faint|p2a: Sinistcha\n|move|p2b: Floette|Moonblast|p1a: Floette\n|-damage|p1a: Floette|0 fnt\n|faint|p1a: Floette\n|move|p1b: Clefable|Moonblast|p2b: Floette\n|-damage|p2b: Floette|73/100\n|-unboost|p2b: Floette|spa|1\n|\n|-heal|p1b: Clefable|39/100 brn|[from] item: Leftovers\n|-damage|p1b: Clefable|33/100 brn|[from] brn\n|upkeep\n|-message|v 15fb forfeited.\n|\n|win|Noobilio\n|raw|v 15fb's rating: 1291 &rarr; <strong>1271</strong><br />(-20 for losing)\n|raw|Noobilio's rating: 1359 &rarr; <strong>1375</strong><br />(+16 for winning)\n|l|\u2606v 15fb\n|player|p1|\n",
  "uploadtime": 1776244714,
  "views": 37,
  "formatid": "gen9championsvgc2026regma",
  "rating": 1271,
  "private": 0,
  "password": null
}