{
  "id": "gen9championsvgc2026regma-2581852450",
  "format": "[Gen 9 Champions] VGC 2026 Reg M-A",
  "players": [
    "Mr.power",
    "Morrocan AXL BLAZE"
  ],
  "log": "|j|\u2606Mr.power\n|j|\u2606Morrocan AXL BLAZE\n|t:|1776033770\n|gametype|doubles\n|player|p1|Mr.power|volkner|1101\n|player|p2|Morrocan AXL BLAZE|nate|1043\n|gen|9\n|tier|[Gen 9 Champions] VGC 2026 Reg M-A\n|rated|\n|rule|Species Clause: Limit one of each Pok\u00e9mon\n|rule|Item Clause: Limit 1 of each item\n|clearpoke\n|poke|p1|Pelipper, L50, M|\n|poke|p1|Archaludon, L50, F|\n|poke|p1|Basculegion, L50, M|\n|poke|p1|Greninja-*, L50, M|\n|poke|p1|Meganium, L50, F|\n|poke|p1|Sneasler, L50, M|\n|poke|p2|Dragapult, L50, M|\n|poke|p2|Whimsicott, L50, F|\n|poke|p2|Incineroar, L50, M|\n|poke|p2|Lopunny, L50, M|\n|poke|p2|Clefable, L50, F|\n|poke|p2|Sinistcha, L50|\n|teampreview|4\nMorrocan AXL BLAZE has agreed to open team sheets.\n|\n|t:|1776033783\n|teamsize|p1|4\n|teamsize|p2|4\n|start\n|switch|p1a: Greninja|Greninja, L50, M|100/100\n|switch|p1b: Archaludon|Archaludon, L50, F|100/100\n|switch|p2a: Dragapult|Dragapult, L50, M, shiny|100/100\n|switch|p2b: Clefable|Clefable, L50, F|100/100\n|turn|1\n|\n|t:|1776033801\n|detailschange|p1a: Greninja|Greninja-Mega, L50, M\n|-mega|p1a: Greninja|Greninja|Greninjite\n|move|p2b: Clefable|Follow Me|p2b: Clefable\n|-singleturn|p2b: Clefable|move: Follow Me\n|move|p1a: Greninja|Sludge Wave|p2a: Dragapult|[spread] p2a,p2b\n|-start|p1a: Greninja|typechange|Poison|[from] ability: Protean\n|-immune|p1b: Archaludon\n|-resisted|p2a: Dragapult|1\n|-supereffective|p2b: Clefable|1\n|-damage|p2a: Dragapult|75/100\n|-damage|p2b: Clefable|33/100\n|-status|p2a: Dragapult|psn\n|move|p2a: Dragapult|Dragon Dance|p2a: Dragapult\n|-boost|p2a: Dragapult|atk|1\n|-boost|p2a: Dragapult|spe|1\n|move|p1b: Archaludon|Draco Meteor|p2b: Clefable\n|-immune|p2b: Clefable\n|\n|-heal|p2b: Clefable|39/100|[from] item: Leftovers\n|-damage|p2a: Dragapult|63/100 psn|[from] psn\n|upkeep\n|turn|2\n|\n|t:|1776033827\n|move|p1b: Archaludon|Protect|p1b: Archaludon\n|-singleturn|p1b: Archaludon|Protect\n|move|p2b: Clefable|Follow Me|p2b: Clefable\n|-singleturn|p2b: Clefable|move: Follow Me\n|move|p2a: Dragapult|Dragon Darts|p1a: Greninja\n|-damage|p1a: Greninja|37/100\n|-anim|p2a: Dragapult|Dragon Darts|p1a: Greninja\n|-damage|p1a: Greninja|0 fnt\n|faint|p1a: Greninja\n|\n|-heal|p2b: Clefable|45/100|[from] item: Leftovers\n|-damage|p2a: Dragapult|51/100 psn|[from] psn\n|upkeep\n|\n|t:|1776033840\n|switch|p1a: Pelipper|Pelipper, L50, M|100/100\n|-weather|RainDance|[from] ability: Drizzle|[of] p1a: Pelipper\n|turn|3\n|\n|t:|1776033849\n|move|p2b: Clefable|Follow Me|p2b: Clefable\n|-singleturn|p2b: Clefable|move: Follow Me\n|move|p2a: Dragapult|Dragon Darts|p1a: Pelipper\n|-damage|p1a: Pelipper|51/100\n|-anim|p2a: Dragapult|Dragon Darts|p1b: Archaludon\n|-damage|p1b: Archaludon|71/100\n|-ability|p1b: Archaludon|Stamina|boost\n|-boost|p1b: Archaludon|def|1\n|move|p1a: Pelipper|Tailwind|p1a: Pelipper\n|-sidestart|p1: Mr.power|move: Tailwind\n|move|p1b: Archaludon|Electro Shot||[still]\n|-prepare|p1b: Archaludon|Electro Shot\n|-boost|p1b: Archaludon|spa|1\n|-anim|p1b: Archaludon|Electro Shot|p2b: Clefable\n|-damage|p2b: Clefable|0 fnt\n|faint|p2b: Clefable\n|\n|-weather|RainDance|[upkeep]\n|-heal|p1b: Archaludon|77/100|[from] item: Leftovers\n|-damage|p2a: Dragapult|39/100 psn|[from] psn\n|upkeep\n|\n|t:|1776033856\n|switch|p2b: subhuman|Sinistcha, L50|100/100\n|-heal|p2a: Dragapult|64/100 psn|[from] ability: Hospitality|[of] p2b: subhuman\n|turn|4\n|\n|t:|1776033890\n|move|p2b: subhuman|Rage Powder|p2b: subhuman\n|-singleturn|p2b: subhuman|move: Rage Powder\n|move|p2a: Dragapult|Dragon Dance|p2a: Dragapult\n|-boost|p2a: Dragapult|atk|1\n|-boost|p2a: Dragapult|spe|1\n|move|p1a: Pelipper|Hurricane|p2b: subhuman\n|-supereffective|p2b: subhuman|1\n|-damage|p2b: subhuman|5/100\n|-enditem|p2b: subhuman|Sitrus Berry|[eat]\n|-heal|p2b: subhuman|29/100|[from] item: Sitrus Berry\n|move|p1b: Archaludon|Draco Meteor|p2b: subhuman\n|-damage|p2b: subhuman|0 fnt\n|-unboost|p1b: Archaludon|spa|2\n|faint|p2b: subhuman\n|\n|-weather|RainDance|[upkeep]\n|-heal|p1b: Archaludon|84/100|[from] item: Leftovers\n|-damage|p2a: Dragapult|51/100 psn|[from] psn\n|upkeep\n|\n|t:|1776033905\n|switch|p2b: Lopunny|Lopunny, L50, M, shiny|100/100\n|turn|5\n|inactive|Battle timer is ON: inactive players will automatically lose when time's up. (requested by Mr.power)\n|\n|t:|1776033952\n|detailschange|p2b: Lopunny|Lopunny-Mega, L50, M, shiny\n|-mega|p2b: Lopunny|Lopunny|Lopunnite\n|move|p2a: Dragapult|Protect|p2a: Dragapult\n|-singleturn|p2a: Dragapult|Protect\n|move|p1a: Pelipper|Wide Guard|p1a: Pelipper\n|-singleturn|p1a: Pelipper|Wide Guard\n|move|p1b: Archaludon|Electro Shot||[still]\n|-prepare|p1b: Archaludon|Electro Shot\n|-boost|p1b: Archaludon|spa|1\n|-anim|p1b: Archaludon|Electro Shot|p2a: Dragapult\n|-activate|p2a: Dragapult|move: Protect\n|move|p2b: Lopunny|Swords Dance|p2b: Lopunny\n|-boost|p2b: Lopunny|atk|2\n|\n|-weather|RainDance|[upkeep]\n|-heal|p1b: Archaludon|90/100|[from] item: Leftovers\n|-damage|p2a: Dragapult|39/100 psn|[from] psn\n|upkeep\n|turn|6\n|inactive|Mr.power has 30 seconds left.\n|inactive|Mr.power has 20 seconds left.\n|inactive|Mr.power has 15 seconds left.\n|inactive|Mr.power has 10 seconds left.\n|inactive|Mr.power has 5 seconds left.\n|\n|t:|1776034007\n|move|p1b: Archaludon|Protect|p1b: Archaludon\n|-singleturn|p1b: Archaludon|Protect\n|move|p2b: Lopunny|Protect|p2b: Lopunny\n|-singleturn|p2b: Lopunny|Protect\n|move|p2a: Dragapult|Dragon Darts|p1a: Pelipper\n|-damage|p1a: Pelipper|0 fnt\n|faint|p1a: Pelipper\n|\n|-weather|RainDance|[upkeep]\n|-heal|p1b: Archaludon|96/100|[from] item: Leftovers\n|-damage|p2a: Dragapult|27/100 psn|[from] psn\n|-sideend|p1: Mr.power|move: Tailwind\n|upkeep\n|\n|t:|1776034020\n|switch|p1a: Basculegion|Basculegion, L50, M|100/100\n|turn|7\n|inactive|Morrocan AXL BLAZE has 30 seconds left.\n|\n|t:|1776034054\n|move|p2a: Dragapult|Dragon Darts|p1a: Basculegion\n|-damage|p1a: Basculegion|30/100\n|-anim|p2a: Dragapult|Dragon Darts|p1b: Archaludon\n|-damage|p1b: Archaludon|68/100\n|-ability|p1b: Archaludon|Stamina|boost\n|-boost|p1b: Archaludon|def|1\n|move|p1a: Basculegion|Wave Crash|p2b: Lopunny\n|-damage|p2b: Lopunny|0 fnt\n|faint|p2b: Lopunny\n|-damage|p1a: Basculegion|4/100|[from] Recoil\n|move|p1b: Archaludon|Electro Shot||[still]\n|-prepare|p1b: Archaludon|Electro Shot\n|-boost|p1b: Archaludon|spa|1\n|-anim|p1b: Archaludon|Electro Shot|p2a: Dragapult\n|-resisted|p2a: Dragapult|1\n|-damage|p2a: Dragapult|0 fnt\n|faint|p2a: Dragapult\n|\n|win|Mr.power\n|raw|Mr.power's rating: 1101 &rarr; <strong>1122</strong><br />(+21 for winning)\n|raw|Morrocan AXL BLAZE's rating: 1043 &rarr; <strong>1029</strong><br />(-14 for losing)\n",
  "uploadtime": 1776034055,
  "views": 10,
  "formatid": "gen9championsvgc2026regma",
  "rating": 1029,
  "private": 0,
  "password": null
}