{
  "id": "gen9championsvgc2026regma-2589496518",
  "format": "[Gen 9 Champions] VGC 2026 Reg M-A",
  "players": [
    "scrambledegg62",
    "kkxurras"
  ],
  "log": "|j|\u2606scrambledegg62\n|j|\u2606kkxurras\n|t:|1776728266\n|gametype|doubles\n|player|p1|scrambledegg62|lance|1327\n|player|p2|kkxurras|red|1382\n|gen|9\n|tier|[Gen 9 Champions] VGC 2026 Reg M-A\n|rated|\n|rule|Species Clause: Limit one of each Pok\u00e9mon\n|rule|Item Clause: Limit 1 of each item\n|clearpoke\n|poke|p1|Talonflame, L50, M, shiny|\n|poke|p1|Floette-Eternal, L50, F|\n|poke|p1|Garchomp, L50, F, shiny|\n|poke|p1|Basculegion, L50, M, shiny|\n|poke|p1|Sneasler, L50, F|\n|poke|p1|Farigiraf, L50, F, shiny|\n|poke|p2|Floette-Eternal, L50, F|\n|poke|p2|Kingambit, L50, M|\n|poke|p2|Sneasler, L50, F|\n|poke|p2|Sinistcha, L50|\n|poke|p2|Incineroar, L50, F|\n|poke|p2|Basculegion, L50, M|\n|teampreview|4\n|inactive|Battle timer is ON: inactive players will automatically lose when time's up. (requested by scrambledegg62)\n|\n|t:|1776728289\n|teamsize|p1|4\n|teamsize|p2|4\n|start\n|switch|p1a: Talonflame|Talonflame, L50, M, shiny|100/100\n|switch|p1b: Garchomp|Garchomp, L50, F, shiny|100/100\n|switch|p2a: Sneasler|Sneasler, L50, F|100/100\n|switch|p2b: Floette|Floette-Eternal, L50, F|100/100\n|turn|1\n|inactive|scrambledegg62 has 30 seconds left.\n|\n|t:|1776728314\n|detailschange|p2b: Floette|Floette-Mega, L50, F\n|-mega|p2b: Floette|Floette|Floettite\n|-ability|p2b: Floette|Fairy Aura\n|move|p1a: Talonflame|Protect|p1a: Talonflame\n|-singleturn|p1a: Talonflame|Protect\n|move|p2a: Sneasler|Fake Out|p1a: Talonflame\n|-activate|p1a: Talonflame|move: Protect\n|move|p2b: Floette|Dazzling Gleam|p1a: Talonflame|[spread] p1b\n|-activate|p1a: Talonflame|move: Protect\n|-supereffective|p1b: Garchomp|1\n|-damage|p1b: Garchomp|3/100\n|move|p1b: Garchomp|Earthquake|p2b: Floette|[spread] p2a,p2b\n|-activate|p1a: Talonflame|move: Protect\n|-supereffective|p2a: Sneasler|1\n|-crit|p2a: Sneasler\n|-damage|p2a: Sneasler|0 fnt\n|-damage|p2b: Floette|35/100\n|faint|p2a: Sneasler\n|\n|upkeep\n|\n|t:|1776728334\n|switch|p2a: Sinistcha|Sinistcha, L50|100/100\n|-heal|p2b: Floette|59/100|[from] ability: Hospitality|[of] p2a: Sinistcha\n|turn|2\n|\n|t:|1776728355\n|move|p2b: Floette|Protect|p2b: Floette\n|-singleturn|p2b: Floette|Protect\n|move|p1b: Garchomp|Protect|p1b: Garchomp\n|-singleturn|p1b: Garchomp|Protect\n|move|p1a: Talonflame|Tailwind|p1a: Talonflame\n|-sidestart|p1: scrambledegg62|move: Tailwind\n|move|p2a: Sinistcha|Matcha Gotcha|p1b: Garchomp|[spread] p1a\n|-activate|p1b: Garchomp|move: Protect\n|-resisted|p1a: Talonflame|2\n|-damage|p1a: Talonflame|92/100\n|\n|upkeep\n|turn|3\n|\n|t:|1776728375\n|move|p2a: Sinistcha|Rage Powder|p2a: Sinistcha\n|-singleturn|p2a: Sinistcha|move: Rage Powder\n|move|p1a: Talonflame|Brave Bird|p2a: Sinistcha\n|-supereffective|p2a: Sinistcha|1\n|-damage|p2a: Sinistcha|3/100\n|-enditem|p2a: Sinistcha|Sitrus Berry|[eat]\n|-heal|p2a: Sinistcha|27/100|[from] item: Sitrus Berry\n|-damage|p1a: Talonflame|55/100|[from] Recoil\n|move|p1b: Garchomp|Earthquake|p2b: Floette|[spread] p2a,p2b\n|-immune|p1a: Talonflame\n|-resisted|p2a: Sinistcha|1\n|-damage|p2a: Sinistcha|6/100\n|-damage|p2b: Floette|0 fnt\n|faint|p2b: Floette\n|\n|upkeep\n|\n|t:|1776728389\n|switch|p2b: Kingambit|Kingambit, L50, M|100/100\n|turn|4\n|\n|t:|1776728396\n|move|p1b: Garchomp|Protect|p1b: Garchomp\n|-singleturn|p1b: Garchomp|Protect\n|move|p2b: Kingambit|Sucker Punch||[still]\n|-fail|p2b: Kingambit\n|move|p1a: Talonflame|Flare Blitz|p2b: Kingambit\n|-supereffective|p2b: Kingambit|1\n|-damage|p2b: Kingambit|32/100\n|-damage|p1a: Talonflame|27/100|[from] Recoil\n|move|p2a: Sinistcha|Life Dew|p2a: Sinistcha|[spread] p2a,p2b\n|-heal|p2a: Sinistcha|31/100\n|-heal|p2b: Kingambit|57/100\n|\n|upkeep\n|turn|5\n|inactive|scrambledegg62 has 30 seconds left.\n|\n|t:|1776728424\n|switch|p1b: Basculegion|Basculegion, L50, M, shiny|100/100\n|move|p1a: Talonflame|Protect|p1a: Talonflame\n|-singleturn|p1a: Talonflame|Protect\n|move|p2b: Kingambit|Protect|p2b: Kingambit\n|-singleturn|p2b: Kingambit|Protect\n|move|p2a: Sinistcha|Matcha Gotcha|p1b: Basculegion|[spread] \n|-activate|p1a: Talonflame|move: Protect\n|-miss|p2a: Sinistcha|p1b: Basculegion\n|\n|-sideend|p1: scrambledegg62|move: Tailwind\n|upkeep\n|turn|6\n|\n|t:|1776728447\n|switch|p1b: Garchomp|Garchomp, L50, F, shiny|3/100\n|move|p2a: Sinistcha|Rage Powder|p2a: Sinistcha\n|-singleturn|p2a: Sinistcha|move: Rage Powder\n|move|p2b: Kingambit|Sucker Punch||[still]\n|-fail|p2b: Kingambit\n|move|p1a: Talonflame|Tailwind|p1a: Talonflame\n|-sidestart|p1: scrambledegg62|move: Tailwind\n|\n|upkeep\n|turn|7\n|\n|t:|1776728462\n|move|p2b: Kingambit|Protect|p2b: Kingambit\n|-singleturn|p2b: Kingambit|Protect\n|move|p1a: Talonflame|Flare Blitz|p2b: Kingambit\n|-activate|p2b: Kingambit|move: Protect\n|move|p1b: Garchomp|Earthquake|p2b: Kingambit|[spread] p2a\n|-activate|p2b: Kingambit|move: Protect\n|-immune|p1a: Talonflame\n|-resisted|p2a: Sinistcha|1\n|-damage|p2a: Sinistcha|12/100\n|move|p2a: Sinistcha|Life Dew|p2a: Sinistcha|[spread] p2a,p2b\n|-heal|p2a: Sinistcha|37/100\n|-heal|p2b: Kingambit|82/100\n|\n|upkeep\n|turn|8\n|\n|t:|1776728492\n|move|p1b: Garchomp|Protect|p1b: Garchomp\n|-singleturn|p1b: Garchomp|Protect\n|move|p2b: Kingambit|Sucker Punch|p1a: Talonflame\n|-damage|p1a: Talonflame|0 fnt\n|faint|p1a: Talonflame\n|move|p2a: Sinistcha|Matcha Gotcha|p1b: Garchomp\n|-activate|p1b: Garchomp|move: Protect\n|\n|upkeep\n|\n|t:|1776728506\n|switch|p1a: Floette|Floette-Eternal, L50, F|100/100\n|turn|9\n|\n|t:|1776728527\n|detailschange|p1a: Floette|Floette-Mega, L50, F\n|-mega|p1a: Floette|Floette|Floettite\n|-ability|p1a: Floette|Fairy Aura\n|move|p2b: Kingambit|Sucker Punch|p1a: Floette\n|-resisted|p1a: Floette|1\n|-damage|p1a: Floette|66/100\n|move|p1a: Floette|Light of Ruin|p2b: Kingambit\n|-damage|p2b: Kingambit|0 fnt\n|faint|p2b: Kingambit\n|-damage|p1a: Floette|12/100|[from] Recoil\n|move|p1b: Garchomp|Stomping Tantrum|p2a: Sinistcha\n|-resisted|p2a: Sinistcha|1\n|-damage|p2a: Sinistcha|17/100\n|move|p2a: Sinistcha|Matcha Gotcha|p1a: Floette|[spread] p1a,p1b\n|-damage|p1a: Floette|0 fnt\n|-heal|p2a: Sinistcha|22/100|[from] drain|[of] p1a: Floette\n|-damage|p1b: Garchomp|0 fnt\n|-heal|p2a: Sinistcha|23/100|[from] drain|[of] p1b: Garchomp\n|faint|p1a: Floette\n|faint|p1b: Garchomp\n|\n|-sideend|p1: scrambledegg62|move: Tailwind\n|upkeep\n|\n|t:|1776728542\n|switch|p1b: Basculegion|Basculegion, L50, M, shiny|100/100\n|turn|10\n|\n|t:|1776728556\n|move|p2a: Sinistcha|Protect|p2a: Sinistcha\n|-singleturn|p2a: Sinistcha|Protect\n|move|p1b: Basculegion|Last Respects|p2a: Sinistcha\n|-activate|p2a: Sinistcha|move: Protect\n|\n|upkeep\n|turn|11\n|\n|t:|1776728563\n|move|p1b: Basculegion|Last Respects|p2a: Sinistcha\n|-supereffective|p2a: Sinistcha|1\n|-damage|p2a: Sinistcha|0 fnt\n|faint|p2a: Sinistcha\n|\n|win|scrambledegg62\n|raw|scrambledegg62's rating: 1327 &rarr; <strong>1350</strong><br />(+23 for winning)\n|raw|kkxurras's rating: 1382 &rarr; <strong>1359</strong><br />(-23 for losing)\n",
  "uploadtime": 1776728563,
  "views": 3,
  "formatid": "gen9championsvgc2026regma",
  "rating": 1350,
  "private": 0,
  "password": null
}