{
  "id": "gen9championsvgc2026regma-2583726106",
  "format": "[Gen 9 Champions] VGC 2026 Reg M-A",
  "players": [
    "Miau22cosas",
    "zaneami"
  ],
  "log": "|j|\u2606Miau22cosas\n|j|\u2606zaneami\n|t:|1776193507\n|gametype|doubles\n|player|p1|Miau22cosas|gentleman-gen4|1157\n|player|p2|zaneami|101|1065\n|gen|9\n|tier|[Gen 9 Champions] VGC 2026 Reg M-A\n|rated|\n|rule|Species Clause: Limit one of each Pok\u00e9mon\n|rule|Item Clause: Limit 1 of each item\n|clearpoke\n|poke|p1|Golurk, L50|\n|poke|p1|Decidueye-Hisui, L50, M|\n|poke|p1|Farigiraf, L50, F|\n|poke|p1|Milotic, L50, F|\n|poke|p1|Liepard, L50, F|\n|poke|p1|Garchomp, L50, M|\n|poke|p2|Archaludon, L50, M|\n|poke|p2|Crabominable, L50, M|\n|poke|p2|Dragonite, L50, M|\n|poke|p2|Politoed, L50, M|\n|poke|p2|Basculegion, L50, M|\n|poke|p2|Sinistcha, L50|\n|teampreview|4\n|inactive|Battle timer is ON: inactive players will automatically lose when time's up. (requested by Miau22cosas)\nzaneami has agreed to open team sheets.\n|inactive|Miau22cosas has 60 seconds left.\n|inactive|zaneami has 60 seconds left.\n|inactive|Miau22cosas has 30 seconds left.\n|\n|t:|1776193569\n|teamsize|p1|4\n|teamsize|p2|4\n|start\n|switch|p1a: Decidueye|Decidueye-Hisui, L50, M|100/100\n|switch|p1b: Liepard|Liepard, L50, F|100/100\n|switch|p2a: Politoed|Politoed, L50, M|100/100\n|switch|p2b: Sinistcha|Sinistcha, L50|100/100\n|-weather|RainDance|[from] ability: Drizzle|[of] p2a: Politoed\n|turn|1\n|\n|t:|1776193588\n|move|p2a: Politoed|Protect|p2a: Politoed\n|-singleturn|p2a: Politoed|Protect\n|move|p1b: Liepard|Fake Out|p2a: Politoed\n|-activate|p2a: Politoed|move: Protect\n|move|p1a: Decidueye|Taunt|p2b: Sinistcha\n|-start|p2b: Sinistcha|move: Taunt\n|cant|p2b: Sinistcha|move: Taunt|Trick Room\n|\n|-weather|RainDance|[upkeep]\n|upkeep\n|turn|2\n|inactive|Miau22cosas has 30 seconds left.\n|inactive|Miau22cosas has 20 seconds left.\n|\n|t:|1776193626\n|move|p1b: Liepard|Encore||[still]\n|-fail|p1b: Liepard\n|move|p2a: Politoed|Surf|p1a: Decidueye|[spread] p2b,p1a,p1b\n|-resisted|p2b: Sinistcha|1\n|-resisted|p1a: Decidueye|1\n|-damage|p2b: Sinistcha|81/100\n|-damage|p1a: Decidueye|86/100\n|-damage|p1b: Liepard|63/100\n|move|p2b: Sinistcha|Matcha Gotcha|p1a: Decidueye|[spread] p1a,p1b\n|-resisted|p1a: Decidueye|1\n|-damage|p1a: Decidueye|74/100\n|-heal|p2b: Sinistcha|88/100|[from] drain|[of] p1a: Decidueye\n|-damage|p1b: Liepard|35/100\n|-heal|p2b: Sinistcha|100/100|[from] drain|[of] p1b: Liepard\n|-status|p1a: Decidueye|brn\n|move|p1a: Decidueye|Leaf Blade|p2a: Politoed\n|-supereffective|p2a: Politoed|1\n|-damage|p2a: Politoed|50/100\n|\n|-weather|RainDance|[upkeep]\n|-heal|p2a: Politoed|56/100|[from] item: Leftovers\n|-damage|p1a: Decidueye|68/100 brn|[from] brn\n|upkeep\n|turn|3\n|c|\u2606Miau22cosas|Oops\n|inactive|Miau22cosas has 30 seconds left.\n|inactive|zaneami has 30 seconds left.\n|inactive|Miau22cosas has 20 seconds left.\n|inactive|zaneami has 20 seconds left.\n|inactive|Miau22cosas has 15 seconds left.\n|inactive|zaneami has 15 seconds left.\n|inactive|Miau22cosas has 10 seconds left.\n|\n|t:|1776193673\n|move|p1b: Liepard|Snarl|p2b: Sinistcha|[spread] p2a,p2b\n|-supereffective|p2b: Sinistcha|1\n|-damage|p2a: Politoed|48/100\n|-damage|p2b: Sinistcha|70/100\n|-unboost|p2a: Politoed|spa|1\n|-unboost|p2b: Sinistcha|spa|1\n|move|p2a: Politoed|Encore|p1b: Liepard\n|-start|p1b: Liepard|Encore\n|move|p2b: Sinistcha|Matcha Gotcha|p1a: Decidueye|[spread] p1a,p1b\n|-resisted|p1a: Decidueye|1\n|-damage|p1a: Decidueye|60/100 brn\n|-heal|p2b: Sinistcha|75/100|[from] drain|[of] p1a: Decidueye\n|-damage|p1b: Liepard|19/100\n|-heal|p2b: Sinistcha|83/100|[from] drain|[of] p1b: Liepard\n|move|p1a: Decidueye|Leaf Blade|p2a: Politoed\n|-supereffective|p2a: Politoed|1\n|-damage|p2a: Politoed|0 fnt\n|faint|p2a: Politoed\n|\n|-weather|RainDance|[upkeep]\n|-damage|p1a: Decidueye|54/100 brn|[from] brn\n|-end|p2b: Sinistcha|move: Taunt\n|upkeep\n|\n|t:|1776193690\n|switch|p2a: Archaludon|Archaludon, L50, M|100/100\n|turn|4\n|\n|t:|1776193703\n|move|p2b: Sinistcha|Protect|p2b: Sinistcha\n|-singleturn|p2b: Sinistcha|Protect\n|move|p2a: Archaludon|Flash Cannon|p1b: Liepard\n|-damage|p1b: Liepard|0 fnt\n|faint|p1b: Liepard\n|move|p1a: Decidueye|Taunt|p2b: Sinistcha\n|-activate|p2b: Sinistcha|move: Protect\n|\n|-weather|RainDance|[upkeep]\n|-damage|p1a: Decidueye|48/100 brn|[from] brn\n|upkeep\n|-enditem|p1a: Decidueye|Sitrus Berry|[eat]\n|-heal|p1a: Decidueye|72/100 brn|[from] item: Sitrus Berry\n|\n|t:|1776193712\n|switch|p1b: Garchomp|Garchomp, L50, M|100/100\n|turn|5\n|\n|t:|1776193723\n|move|p2b: Sinistcha|Rage Powder|p2b: Sinistcha\n|-singleturn|p2b: Sinistcha|move: Rage Powder\n|move|p1b: Garchomp|Earthquake|p2b: Sinistcha|[spread] p1a,p2a,p2b\n|-resisted|p1a: Decidueye|1\n|-supereffective|p2a: Archaludon|1\n|-resisted|p2b: Sinistcha|1\n|-damage|p1a: Decidueye|47/100 brn\n|-damage|p2a: Archaludon|27/100\n|-damage|p2b: Sinistcha|66/100\n|-ability|p2a: Archaludon|Stamina|boost\n|-boost|p2a: Archaludon|def|1\n|move|p2a: Archaludon|Draco Meteor|p1b: Garchomp\n|-supereffective|p1b: Garchomp|1\n|-damage|p1b: Garchomp|0 fnt\n|-unboost|p2a: Archaludon|spa|2\n|faint|p1b: Garchomp\n|move|p1a: Decidueye|Coaching|p1: Garchomp|[notarget]\n|-fail|p1a: Decidueye\n|\n|-weather|none\n|-damage|p1a: Decidueye|41/100 brn|[from] brn\n|upkeep\n|\n|t:|1776193727\n|switch|p1b: Farigiraf|Farigiraf, L50, F|100/100\n|turn|6\n|inactive|zaneami has 30 seconds left.\n|\n|t:|1776193753\n|move|p2a: Archaludon|Protect|p2a: Archaludon\n|-singleturn|p2a: Archaludon|Protect\n|move|p1a: Decidueye|Taunt|p2b: Sinistcha\n|-start|p2b: Sinistcha|move: Taunt\n|move|p1b: Farigiraf|Twin Beam|p2b: Sinistcha\n|-crit|p2b: Sinistcha\n|-damage|p2b: Sinistcha|35/100\n|-enditem|p2b: Sinistcha|Sitrus Berry|[eat]\n|-heal|p2b: Sinistcha|60/100|[from] item: Sitrus Berry\n|-damage|p2b: Sinistcha|42/100\n|-hitcount|p2b: Sinistcha|2\n|cant|p2b: Sinistcha|move: Taunt|Trick Room\n|\n|-damage|p1a: Decidueye|35/100 brn|[from] brn\n|upkeep\n|turn|7\n|inactive|Miau22cosas has 30 seconds left.\n|\n|t:|1776193781\n|move|p2a: Archaludon|Flash Cannon|p1a: Decidueye\n|-damage|p1a: Decidueye|13/100 brn\n|move|p2b: Sinistcha|Matcha Gotcha|p1a: Decidueye|[spread] p1a,p1b\n|-resisted|p1a: Decidueye|1\n|-damage|p1a: Decidueye|6/100 brn\n|-heal|p2b: Sinistcha|46/100|[from] drain|[of] p1a: Decidueye\n|-damage|p1b: Farigiraf|86/100\n|-heal|p2b: Sinistcha|56/100|[from] drain|[of] p1b: Farigiraf\n|move|p1a: Decidueye|Triple Arrows|p2a: Archaludon\n|-supereffective|p2a: Archaludon|1\n|-damage|p2a: Archaludon|0 fnt\n|faint|p2a: Archaludon\n|move|p1b: Farigiraf|Twin Beam|p2b: Sinistcha\n|-crit|p2b: Sinistcha\n|-damage|p2b: Sinistcha|26/100\n|-damage|p2b: Sinistcha|6/100\n|-hitcount|p2b: Sinistcha|2\n|\n|-damage|p1a: Decidueye|0 fnt|[from] brn\n|faint|p1a: Decidueye\n|upkeep\n|\n|t:|1776193793\n|switch|p2a: Crabominable|Crabominable, L50, M|100/100\n|turn|8\n|\n|t:|1776193807\n|detailschange|p2a: Crabominable|Crabominable-Mega, L50, M\n|-mega|p2a: Crabominable|Crabominable|Crabominite\n|move|p2b: Sinistcha|Matcha Gotcha|p1b: Farigiraf\n|-damage|p1b: Farigiraf|67/100\n|-heal|p2b: Sinistcha|18/100|[from] drain|[of] p1b: Farigiraf\n|-status|p1b: Farigiraf|brn\n|move|p1b: Farigiraf|Twin Beam|p2b: Sinistcha\n|-damage|p2b: Sinistcha|0 fnt\n|faint|p2b: Sinistcha\n|-hitcount|p2: Sinistcha|1\n|move|p2a: Crabominable|Ice Hammer|p1b: Farigiraf\n|-damage|p1b: Farigiraf|0 fnt\n|-unboost|p2a: Crabominable|spe|1\n|faint|p1b: Farigiraf\n|\n|win|zaneami\n|raw|Miau22cosas's rating: 1157 &rarr; <strong>1126</strong><br />(-31 for losing)\n|raw|zaneami's rating: 1065 &rarr; <strong>1103</strong><br />(+38 for winning)\n|l|\u2606Miau22cosas\n|player|p1|\n",
  "uploadtime": 1776193819,
  "views": 15,
  "formatid": "gen9championsvgc2026regma",
  "rating": 1103,
  "private": 0,
  "password": null
}