{
  "id": "gen9championsvgc2026regma-2586649762",
  "format": "[Gen 9 Champions] VGC 2026 Reg M-A",
  "players": [
    "SoftwareSuckers",
    "drillandchill"
  ],
  "log": "|j|\u2606SoftwareSuckers\n|j|\u2606drillandchill\n|t:|1776449390\n|gametype|doubles\n|player|p1|SoftwareSuckers|fisherman|1073\n|player|p2|drillandchill|1|1038\n|gen|9\n|tier|[Gen 9 Champions] VGC 2026 Reg M-A\n|rated|\n|rule|Species Clause: Limit one of each Pok\u00e9mon\n|rule|Item Clause: Limit 1 of each item\n|clearpoke\n|poke|p1|Aerodactyl, L50, M|\n|poke|p1|Meganium, L50, M|\n|poke|p1|Gengar, L50, M|\n|poke|p1|Aegislash, L50, F|\n|poke|p1|Kangaskhan, L50, F|\n|poke|p1|Tauros-Paldea-Aqua, L50, M|\n|poke|p2|Audino, L50, M|\n|poke|p2|Torterra, L50, F|\n|poke|p2|Vivillon-Fancy, L50, M|\n|poke|p2|Kommo-o, L50, F|\n|poke|p2|Sinistcha-Masterpiece, L50|\n|poke|p2|Espathra, L50, F|\n|teampreview|4\n|\n|t:|1776449422\n|teamsize|p1|4\n|teamsize|p2|4\n|start\n|switch|p1a: Aerodactyl|Aerodactyl, L50, M, shiny|100/100\n|switch|p1b: Gengar|Gengar, L50, M|100/100\n|switch|p2a: Audino|Audino, L50, M|100/100\n|switch|p2b: Kommo-o|Kommo-o, L50, F|100/100\n|-ability|p1a: Aerodactyl|Unnerve\n|turn|1\n|\n|t:|1776449446\n|detailschange|p2a: Audino|Audino-Mega, L50, M\n|-mega|p2a: Audino|Audino|Audinite\n|move|p2b: Kommo-o|Protect|p2b: Kommo-o\n|-singleturn|p2b: Kommo-o|Protect\n|move|p1b: Gengar|Taunt|p2b: Kommo-o\n|-activate|p2b: Kommo-o|move: Protect\n|move|p1a: Aerodactyl|Tailwind|p1a: Aerodactyl\n|-sidestart|p1: SoftwareSuckers|move: Tailwind\n|move|p2a: Audino|Simple Beam|p2b: Kommo-o\n|-activate|p2b: Kommo-o|move: Protect\n|\n|upkeep\n|turn|2\n|\n|t:|1776449481\n|move|p2a: Audino|Ally Switch|p2a: Audino\n|swap|p2a: Audino|1|[from] move: Ally Switch\n|move|p1b: Gengar|Taunt|p2a: Kommo-o\n|-start|p2a: Kommo-o|move: Taunt\n|move|p1a: Aerodactyl|Dual Wingbeat|p2b: Audino\n|-damage|p2b: Audino|89/100\n|-damage|p2b: Audino|76/100\n|-hitcount|p2b: Audino|2\n|cant|p2a: Kommo-o|move: Taunt|Clangorous Soul\n|\n|upkeep\n|turn|3\n|\n|t:|1776449506\n|switch|p1b: Kangaskhan|Kangaskhan, L50, F, shiny|100/100\n|move|p1a: Aerodactyl|Dual Wingbeat|p2b: Audino\n|-damage|p2b: Audino|62/100\n|-damage|p2b: Audino|49/100\n|-hitcount|p2b: Audino|2\n|move|p2a: Kommo-o|Breaking Swipe|p1a: Aerodactyl|[spread] p1a,p1b\n|-damage|p1a: Aerodactyl|71/100\n|-damage|p1b: Kangaskhan|75/100\n|-unboost|p1a: Aerodactyl|atk|1\n|-unboost|p1b: Kangaskhan|atk|1\n|move|p2b: Audino|Draining Kiss|p1a: Aerodactyl\n|-damage|p1a: Aerodactyl|50/100\n|-heal|p2b: Audino|62/100|[from] drain|[of] p1a: Aerodactyl\n|\n|upkeep\n|turn|4\n|\n|t:|1776449569\n|move|p1a: Aerodactyl|Protect|p1a: Aerodactyl\n|-singleturn|p1a: Aerodactyl|Protect\n|move|p1b: Kangaskhan|Double-Edge|p2b: Audino\n|-damage|p2b: Audino|37/100\n|-damage|p1b: Kangaskhan|66/100|[from] Recoil\n|move|p2a: Kommo-o|Breaking Swipe|p1a: Aerodactyl|[spread] p1b\n|-activate|p1a: Aerodactyl|move: Protect\n|-damage|p1b: Kangaskhan|42/100\n|-unboost|p1b: Kangaskhan|atk|1\n|move|p2b: Audino|Draining Kiss|p1a: Aerodactyl\n|-activate|p1a: Aerodactyl|move: Protect\n|\n|-end|p2a: Kommo-o|move: Taunt\n|-sideend|p1: SoftwareSuckers|move: Tailwind\n|upkeep\n|turn|5\n|\n|t:|1776449594\n|switch|p1b: Aegislash|Aegislash, L50, F, shiny|100/100\n|move|p1a: Aerodactyl|Dual Wingbeat|p2b: Audino\n|-damage|p2b: Audino|28/100\n|-damage|p2b: Audino|19/100\n|-hitcount|p2b: Audino|2\n|move|p2a: Kommo-o|Breaking Swipe|p1b: Aegislash|[spread] p1a,p1b\n|-resisted|p1b: Aegislash|1\n|-damage|p1a: Aerodactyl|15/100\n|-damage|p1b: Aegislash|92/100\n|-unboost|p1a: Aerodactyl|atk|1\n|-unboost|p1b: Aegislash|atk|1\n|move|p2b: Audino|Simple Beam|p2a: Kommo-o\n|-ability|p2a: Kommo-o|Simple|Bulletproof|[from] move: Simple Beam\n|\n|upkeep\n|turn|6\n|\n|t:|1776449642\n|move|p2b: Audino|Ally Switch|p2b: Audino\n|swap|p2b: Audino|0|[from] move: Ally Switch\n|move|p1a: Aerodactyl|Dual Wingbeat|p2a: Audino\n|-damage|p2a: Audino|12/100\n|-damage|p2a: Audino|6/100\n|-hitcount|p2a: Audino|2\n|move|p2b: Kommo-o|Clangorous Soul|p2b: Kommo-o\n|-boost|p2b: Kommo-o|atk|2\n|-boost|p2b: Kommo-o|def|2\n|-boost|p2b: Kommo-o|spa|2\n|-boost|p2b: Kommo-o|spd|2\n|-boost|p2b: Kommo-o|spe|2\n|-damage|p2b: Kommo-o|68/100\n|-formechange|p1b: Aegislash|Aegislash-Blade|\n|move|p1b: Aegislash|Iron Head|p2b: Kommo-o\n|-damage|p2b: Kommo-o|55/100\n|\n|-heal|p2b: Kommo-o|61/100|[from] item: Leftovers\n|upkeep\n|turn|7\n|\n|t:|1776449684\n|switch|p2a: Sinistcha|Sinistcha-Masterpiece, L50|100/100\n|-heal|p2b: Kommo-o|86/100|[from] ability: Hospitality|[of] p2a: Sinistcha\n|move|p1a: Aerodactyl|Protect|p1a: Aerodactyl\n|-singleturn|p1a: Aerodactyl|Protect\n|-formechange|p1b: Aegislash|Aegislash|\n|move|p1b: Aegislash|King's Shield|p1b: Aegislash\n|-singleturn|p1b: Aegislash|Protect\n|move|p2b: Kommo-o|Drain Punch|p1a: Aerodactyl\n|-activate|p1a: Aerodactyl|move: Protect\n|\n|-heal|p2b: Kommo-o|92/100|[from] item: Leftovers\n|upkeep\n|turn|8\n|\n|t:|1776449709\n|switch|p1b: Kangaskhan|Kangaskhan, L50, F, shiny|42/100\n|move|p2b: Kommo-o|Breaking Swipe|p1a: Aerodactyl|[spread] p1a,p1b\n|-damage|p1a: Aerodactyl|0 fnt\n|-damage|p1b: Kangaskhan|0 fnt\n|faint|p1a: Aerodactyl\n|faint|p1b: Kangaskhan\n|move|p2a: Sinistcha|Calm Mind|p2a: Sinistcha\n|-boost|p2a: Sinistcha|spa|1\n|-boost|p2a: Sinistcha|spd|1\n|\n|-heal|p2b: Kommo-o|98/100|[from] item: Leftovers\n|upkeep\n|c|\u2606SoftwareSuckers|gg\n|-message|SoftwareSuckers forfeited.\n|\n|win|drillandchill\n|raw|SoftwareSuckers's rating: 1073 &rarr; <strong>1050</strong><br />(-23 for losing)\n|raw|drillandchill's rating: 1038 &rarr; <strong>1076</strong><br />(+38 for winning)\n|l|\u2606SoftwareSuckers\n|player|p1|\n",
  "uploadtime": 1776449741,
  "views": 37,
  "formatid": "gen9championsvgc2026regma",
  "rating": 1050,
  "private": 0,
  "password": null
}