{
  "id": "gen9championsvgc2026regma-2580923305",
  "format": "[Gen 9 Champions] VGC 2026 Reg M-A",
  "players": [
    "Pitecus",
    "Yu0k1"
  ],
  "log": "|j|\u2606Pitecus\n|j|\u2606Yu0k1\n|t:|1775943678\n|gametype|doubles\n|player|p1|Pitecus|steven|1147\n|player|p2|Yu0k1|101|1109\n|gen|9\n|tier|[Gen 9 Champions] VGC 2026 Reg M-A\n|rated|\n|rule|Species Clause: Limit one of each Pok\u00e9mon\n|rule|Item Clause: Limit 1 of each item\n|clearpoke\n|poke|p1|Gengar, L50, M|\n|poke|p1|Toxapex, L50, M|\n|poke|p1|Goodra-Hisui, L50, F|\n|poke|p1|Incineroar, L50, F|\n|poke|p1|Politoed, L50, F|\n|poke|p1|Basculegion, L50, M|\n|poke|p2|Clefable, L50, M|\n|poke|p2|Sneasler, L50, M|\n|poke|p2|Delphox, L50, F|\n|poke|p2|Kingambit, L50, F|\n|poke|p2|Dragonite, L50, F|\n|poke|p2|Basculegion, L50, M|\n|teampreview|4\nYu0k1 has agreed to open team sheets.\n|inactive|Battle timer is ON: inactive players will automatically lose when time's up. (requested by Pitecus)\n|\n|t:|1775943714\n|teamsize|p1|4\n|teamsize|p2|4\n|start\n|switch|p1a: Gengar|Gengar, L50, M|100/100\n|switch|p1b: Incineroar|Incineroar, L50, F|100/100\n|switch|p2a: Kingambit|Kingambit, L50, F|100/100\n|switch|p2b: Sneasler|Sneasler, L50, M|100/100\n|-ability|p1b: Incineroar|Intimidate|boost\n|-unboost|p2a: Kingambit|atk|1\n|-ability|p2a: Kingambit|Defiant|boost\n|-boost|p2a: Kingambit|atk|2\n|-unboost|p2b: Sneasler|atk|1\n|turn|1\n|\n|t:|1775943736\n|detailschange|p1a: Gengar|Gengar-Mega, L50, M\n|-mega|p1a: Gengar|Gengar|Gengarite\n|move|p2b: Sneasler|Fake Out|p1b: Incineroar\n|-damage|p1b: Incineroar|94/100\n|cant|p1b: Incineroar|flinch\n|move|p1a: Gengar|Perish Song|p1a: Gengar\n|-start|p1a: Gengar|perish3|[silent]\n|-start|p1b: Incineroar|perish3|[silent]\n|-start|p2a: Kingambit|perish3|[silent]\n|-start|p2b: Sneasler|perish3|[silent]\n|-fieldactivate|move: Perish Song\n|move|p2a: Kingambit|Kowtow Cleave|p1a: Gengar\n|-supereffective|p1a: Gengar|1\n|-damage|p1a: Gengar|0 fnt\n|faint|p1a: Gengar\n|\n|-start|p2b: Sneasler|perish3\n|-start|p1b: Incineroar|perish3\n|-start|p2a: Kingambit|perish3\n|upkeep\n|inactive|Pitecus has 30 seconds left.\n|\n|t:|1775943765\n|switch|p1a: Politoed|Politoed, L50, F|100/100\n|-weather|RainDance|[from] ability: Drizzle|[of] p1a: Politoed\n|turn|2\n|-activate|p1b: Incineroar|item: Quick Claw\n|\n|t:|1775943777\n|switch|p2a: Dragonite|Dragonite, L50, F|100/100\n|move|p1a: Politoed|Protect|p1a: Politoed\n|-singleturn|p1a: Politoed|Protect\n|move|p1b: Incineroar|Parting Shot|p2a: Dragonite\n|-unboost|p2a: Dragonite|atk|1\n|-unboost|p2a: Dragonite|spa|1\n|\n|t:|1775943785\n|switch|p1b: Basculegion|Basculegion, L50, M|100/100|[from] Parting Shot\n|move|p2b: Sneasler|Close Combat|p1b: Basculegion\n|-immune|p1b: Basculegion\n|\n|-weather|RainDance|[upkeep]\n|-start|p2b: Sneasler|perish2\n|upkeep\n|turn|3\n|inactive|Pitecus has 30 seconds left.\n|\n|t:|1775943813\n|move|p1b: Basculegion|Wave Crash|p2b: Sneasler\n|-enditem|p2b: Sneasler|Focus Sash\n|-damage|p2b: Sneasler|1/100\n|-damage|p1b: Basculegion|75/100|[from] Recoil\n|move|p2b: Sneasler|Close Combat|p1a: Politoed\n|-crit|p1a: Politoed\n|-enditem|p1a: Politoed|Focus Sash\n|-damage|p1a: Politoed|1/100\n|-unboost|p2b: Sneasler|def|1\n|-unboost|p2b: Sneasler|spd|1\n|move|p2a: Dragonite|Haze|p2a: Dragonite\n|-clearallboost\n|move|p1a: Politoed|Encore|p2a: Dragonite\n|-start|p2a: Dragonite|Encore\n|\n|-weather|RainDance|[upkeep]\n|-start|p2b: Sneasler|perish1\n|upkeep\n|turn|4\n|inactive|Pitecus has 30 seconds left.\n|inactive|Yu0k1 has 30 seconds left.\n|inactive|Yu0k1 has 20 seconds left.\n|inactive|Yu0k1 has 15 seconds left.\n|\n|t:|1775943857\n|switch|p2a: Kingambit|Kingambit, L50, F|100/100\n|switch|p1a: Incineroar|Incineroar, L50, F|94/100\n|-ability|p1a: Incineroar|Intimidate|boost\n|-unboost|p2a: Kingambit|atk|1\n|-ability|p2a: Kingambit|Defiant|boost\n|-boost|p2a: Kingambit|atk|2\n|-unboost|p2b: Sneasler|atk|1\n|move|p2b: Sneasler|Dire Claw|p1b: Basculegion\n|-resisted|p1b: Basculegion|1\n|-damage|p1b: Basculegion|56/100\n|move|p1b: Basculegion|Flip Turn|p2a: Kingambit\n|-damage|p2a: Kingambit|61/100\n|\n|t:|1775943881\n|switch|p1b: Politoed|Politoed, L50, F|1/100|[from] Flip Turn\n|\n|-weather|RainDance|[upkeep]\n|-start|p2b: Sneasler|perish0\n|upkeep\n|faint|p2b: Sneasler\n|\n|t:|1775943890\n|switch|p2b: Dragonite|Dragonite, L50, F|100/100\n|turn|5\n|\n|t:|1775943907\n|move|p2a: Kingambit|Protect|p2a: Kingambit\n|-singleturn|p2a: Kingambit|Protect\n|move|p2b: Dragonite|Scale Shot|p1a: Incineroar\n|-damage|p1a: Incineroar|84/100\n|-damage|p1a: Incineroar|73/100\n|-damage|p1a: Incineroar|62/100\n|-damage|p1a: Incineroar|51/100\n|-damage|p1a: Incineroar|41/100\n|-hitcount|p1a: Incineroar|5\n|-unboost|p2b: Dragonite|def|1\n|-boost|p2b: Dragonite|spe|1\n|move|p1b: Politoed|Perish Song|p1b: Politoed\n|-start|p1a: Incineroar|perish3|[silent]\n|-start|p1b: Politoed|perish3|[silent]\n|-start|p2a: Kingambit|perish3|[silent]\n|-start|p2b: Dragonite|perish3|[silent]\n|-fieldactivate|move: Perish Song\n|move|p1a: Incineroar|Taunt|p2b: Dragonite\n|-start|p2b: Dragonite|move: Taunt\n|\n|-weather|RainDance|[upkeep]\n|-start|p2b: Dragonite|perish3\n|-start|p1b: Politoed|perish3\n|-start|p1a: Incineroar|perish3\n|-start|p2a: Kingambit|perish3\n|upkeep\n|turn|6\n|-activate|p1a: Incineroar|item: Quick Claw\n|\n|t:|1775943931\n|move|p1b: Politoed|Protect|p1b: Politoed\n|-singleturn|p1b: Politoed|Protect\n|move|p2b: Dragonite|Extreme Speed|p1a: Incineroar\n|-damage|p1a: Incineroar|19/100\n|move|p1a: Incineroar|Parting Shot|p2a: Kingambit\n|-unboost|p2a: Kingambit|atk|1\n|-ability|p2a: Kingambit|Defiant|boost\n|-boost|p2a: Kingambit|atk|2\n|-unboost|p2a: Kingambit|spa|1\n|-ability|p2a: Kingambit|Defiant|boost\n|-boost|p2a: Kingambit|atk|2\n|inactive|Pitecus has 30 seconds left.\n|\n|t:|1775943961\n|switch|p1a: Basculegion|Basculegion, L50, M|56/100|[from] Parting Shot\n|move|p2a: Kingambit|Kowtow Cleave|p1b: Politoed\n|-activate|p1b: Politoed|move: Protect\n|\n|-weather|none\n|-start|p2b: Dragonite|perish2\n|-start|p1b: Politoed|perish2\n|-start|p2a: Kingambit|perish2\n|upkeep\n|turn|7\n|\n|t:|1775943984\n|switch|p1b: Incineroar|Incineroar, L50, F|19/100\n|-ability|p1b: Incineroar|Intimidate|boost\n|-unboost|p2a: Kingambit|atk|1\n|-ability|p2a: Kingambit|Defiant|boost\n|-boost|p2a: Kingambit|atk|2\n|-unboost|p2b: Dragonite|atk|1\n|move|p1a: Basculegion|Protect|p1a: Basculegion\n|-singleturn|p1a: Basculegion|Protect\n|move|p2b: Dragonite|Extreme Speed|p1b: Incineroar\n|-damage|p1b: Incineroar|4/100\n|move|p2a: Kingambit|Kowtow Cleave|p1a: Basculegion\n|-activate|p1a: Basculegion|move: Protect\n|\n|-start|p2b: Dragonite|perish1\n|-start|p2a: Kingambit|perish1\n|upkeep\n|turn|8\n|\n|t:|1775944004\n|switch|p1b: Politoed|Politoed, L50, F|1/100\n|-weather|RainDance|[from] ability: Drizzle|[of] p1b: Politoed\n|move|p2b: Dragonite|Extreme Speed|p1b: Politoed\n|-damage|p1b: Politoed|0 fnt\n|faint|p1b: Politoed\n|move|p1a: Basculegion|Wave Crash|p2a: Kingambit\n|-damage|p2a: Kingambit|0 fnt\n|faint|p2a: Kingambit\n|-damage|p1a: Basculegion|35/100|[from] Recoil\n|\n|-weather|RainDance|[upkeep]\n|-end|p2b: Dragonite|move: Taunt\n|-start|p2b: Dragonite|perish0\n|upkeep\n|faint|p2b: Dragonite\n|\n|t:|1775944015\n|switch|p2b: Delphox|Delphox, L50, F|100/100\n|switch|p1b: Incineroar|Incineroar, L50, F|4/100\n|-ability|p1b: Incineroar|Intimidate|boost\n|-unboost|p2b: Delphox|atk|1\n|turn|9\n|inactive|Pitecus has 30 seconds left.\n|inactive|Pitecus has 20 seconds left.\n|inactive|Pitecus has 15 seconds left.\n|-activate|p1b: Incineroar|item: Quick Claw\n|\n|t:|1775944059\n|detailschange|p2b: Delphox|Delphox-Mega, L50, F\n|-mega|p2b: Delphox|Delphox|Delphoxite\n|move|p2b: Delphox|Protect|p2b: Delphox\n|-singleturn|p2b: Delphox|Protect\n|move|p1b: Incineroar|Fake Out|p2b: Delphox\n|-activate|p2b: Delphox|move: Protect\n|move|p1a: Basculegion|Wave Crash|p2b: Delphox\n|-activate|p2b: Delphox|move: Protect\n|\n|-weather|RainDance|[upkeep]\n|upkeep\n|turn|10\n|\n|t:|1775944076\n|move|p1a: Basculegion|Wave Crash|p2b: Delphox\n|-supereffective|p2b: Delphox|1\n|-damage|p2b: Delphox|0 fnt\n|faint|p2b: Delphox\n|-damage|p1a: Basculegion|10/100|[from] Recoil\n|\n|win|Pitecus\n|raw|Pitecus's rating: 1147 &rarr; <strong>1169</strong><br />(+22 for winning)\n|raw|Yu0k1's rating: 1109 &rarr; <strong>1087</strong><br />(-22 for losing)\n",
  "uploadtime": 1775944090,
  "views": 10,
  "formatid": "gen9championsvgc2026regma",
  "rating": 1087,
  "private": 0,
  "password": null
}