{
  "id": "gen9championsvgc2026regma-2580617128",
  "format": "[Gen 9 Champions] VGC 2026 Reg M-A",
  "players": [
    "user638468286",
    "Adricrack2090"
  ],
  "log": "|j|\u2606user638468286\n|j|\u2606Adricrack2090\n|t:|1775918463\n|gametype|doubles\n|player|p1|user638468286|101|1001\n|player|p2|Adricrack2090|bruno|1081\n|gen|9\n|tier|[Gen 9 Champions] VGC 2026 Reg M-A\n|rated|\n|rule|Species Clause: Limit one of each Pok\u00e9mon\n|rule|Item Clause: Limit 1 of each item\n|clearpoke\n|poke|p1|Scovillain, L50, M|\n|poke|p1|Conkeldurr, L50, F|\n|poke|p1|Sinistcha-Masterpiece, L50|\n|poke|p1|Sneasler, L50, F|\n|poke|p1|Hatterene, L50, F|\n|poke|p1|Meowstic, L50, M|\n|poke|p2|Charizard, L50, F|\n|poke|p2|Kingambit, L50, F|\n|poke|p2|Maushold-Four, L50|\n|poke|p2|Sneasler, L50, M|\n|poke|p2|Dragapult, L50, F|\n|poke|p2|Garchomp, L50, M|\n|teampreview|4\n|\n|t:|1775918514\n|teamsize|p1|4\n|teamsize|p2|4\n|start\n|switch|p1a: Scovillain|Scovillain, L50, M|100/100\n|switch|p1b: Conkeldurr|Conkeldurr, L50, F|100/100\n|switch|p2a: Sneasler|Sneasler, L50, M|100/100\n|switch|p2b: Dragapult|Dragapult, L50, F|100/100\n|turn|1\n|inactive|Battle timer is ON: inactive players will automatically lose when time's up. (requested by Adricrack2090)\n|\n|t:|1775918531\n|detailschange|p1a: Scovillain|Scovillain-Mega, L50, M\n|-mega|p1a: Scovillain|Scovillain|Scovillainite\n|move|p2a: Sneasler|Fake Out|p1a: Scovillain\n|-damage|p1a: Scovillain|87/100\n|-status|p2a: Sneasler|brn|[from] ability: Spicy Spray|[of] p1a: Scovillain\n|cant|p1a: Scovillain|flinch\n|move|p2b: Dragapult|Shadow Ball|p1b: Conkeldurr\n|-damage|p1b: Conkeldurr|70/100\n|move|p1b: Conkeldurr|Bulldoze|p2b: Dragapult|[spread] p1a,p2a,p2b\n|-supereffective|p2a: Sneasler|1\n|-damage|p1a: Scovillain|72/100\n|-damage|p2a: Sneasler|51/100 brn\n|-damage|p2b: Dragapult|81/100\n|-unboost|p1a: Scovillain|spe|1\n|-unboost|p2a: Sneasler|spe|1\n|-status|p1b: Conkeldurr|brn|[from] ability: Spicy Spray|[of] p1a: Scovillain\n|\n|-heal|p1b: Conkeldurr|76/100 brn|[from] item: Leftovers\n|-damage|p2a: Sneasler|45/100 brn|[from] brn\n|-damage|p1b: Conkeldurr|70/100 brn|[from] brn\n|upkeep\n|turn|2\n|inactive|user638468286 has 30 seconds left.\n|inactive|Adricrack2090 has 30 seconds left.\n|\n|t:|1775918560\n|switch|p1a: Sinistcha|Sinistcha-Masterpiece, L50|100/100\n|-heal|p1b: Conkeldurr|95/100 brn|[from] ability: Hospitality|[of] p1a: Sinistcha\n|move|p2b: Dragapult|Psychic Fangs|p1b: Conkeldurr\n|-supereffective|p1b: Conkeldurr|1\n|-damage|p1b: Conkeldurr|57/100 brn\n|move|p2a: Sneasler|Dire Claw|p1a: Sinistcha\n|-damage|p1a: Sinistcha|84/100\n|-status|p1a: Sinistcha|par\n|move|p1b: Conkeldurr|Drain Punch|p2a: Sneasler\n|-resisted|p2a: Sneasler|1\n|-damage|p2a: Sneasler|0 fnt\n|-heal|p1b: Conkeldurr|73/100 brn|[from] drain|[of] p2a: Sneasler\n|faint|p2a: Sneasler\n|\n|-heal|p1b: Conkeldurr|79/100 brn|[from] item: Leftovers\n|-damage|p1b: Conkeldurr|73/100 brn|[from] brn\n|upkeep\n|\n|t:|1775918574\n|switch|p2a: Maushold|Maushold-Four, L50|100/100\n|turn|3\n|\n|t:|1775918583\n|move|p2b: Dragapult|Shadow Ball|p1a: Sinistcha\n|-supereffective|p1a: Sinistcha|1\n|-damage|p1a: Sinistcha|6/100 par\n|move|p2a: Maushold|Super Fang|p1b: Conkeldurr\n|-damage|p1b: Conkeldurr|37/100 brn\n|move|p1b: Conkeldurr|Bulk Up|p1b: Conkeldurr\n|-boost|p1b: Conkeldurr|atk|1\n|-boost|p1b: Conkeldurr|def|1\n|move|p1a: Sinistcha|Trick Room|p1a: Sinistcha\n|-fieldstart|move: Trick Room|[of] p1a: Sinistcha\n|\n|-heal|p1b: Conkeldurr|43/100 brn|[from] item: Leftovers\n|-damage|p1b: Conkeldurr|37/100 brn|[from] brn\n|upkeep\n|turn|4\n|inactive|user638468286 has 30 seconds left.\n|\n|t:|1775918611\n|move|p2a: Maushold|Protect|p2a: Maushold\n|-singleturn|p2a: Maushold|Protect\n|cant|p1a: Sinistcha|par\n|move|p1b: Conkeldurr|Drain Punch|p2a: Maushold\n|-activate|p2a: Maushold|move: Protect\n|move|p2b: Dragapult|Draco Meteor|p1b: Conkeldurr\n|-damage|p1b: Conkeldurr|0 fnt\n|-unboost|p2b: Dragapult|spa|2\n|faint|p1b: Conkeldurr\n|\n|upkeep\n|\n|t:|1775918625\n|switch|p1b: Scovillain|Scovillain-Mega, L50, M|72/100\n|turn|5\n|\n|t:|1775918645\n|move|p1b: Scovillain|Rage Powder|p1b: Scovillain\n|-singleturn|p1b: Scovillain|move: Rage Powder\n|move|p2a: Maushold|Follow Me|p2a: Maushold\n|-singleturn|p2a: Maushold|move: Follow Me\n|move|p1a: Sinistcha|Matcha Gotcha|p2b: Dragapult|[spread] p2b\n|-miss|p1a: Sinistcha|p2a: Maushold\n|-resisted|p2b: Dragapult|1\n|-damage|p2b: Dragapult|65/100\n|-heal|p1a: Sinistcha|14/100 par|[from] drain|[of] p2b: Dragapult\n|-status|p2b: Dragapult|brn\n|-enditem|p2b: Dragapult|Lum Berry|[eat]\n|-curestatus|p2b: Dragapult|brn|[msg]\n|move|p2b: Dragapult|Shadow Ball|p1b: Scovillain\n|-damage|p1b: Scovillain|52/100\n|-status|p2b: Dragapult|brn|[from] ability: Spicy Spray|[of] p1b: Scovillain\n|\n|-damage|p2b: Dragapult|59/100 brn|[from] brn\n|upkeep\n|turn|6\n|\n|t:|1775918667\n|switch|p2a: Kingambit|Kingambit, L50, F|100/100\n|move|p1b: Scovillain|Helping Hand|p1a: Sinistcha\n|-singleturn|p1a: Sinistcha|Helping Hand|[of] p1b: Scovillain\n|move|p1a: Sinistcha|Matcha Gotcha|p2a: Kingambit|[spread] p2a,p2b\n|-resisted|p2a: Kingambit|1\n|-resisted|p2b: Dragapult|1\n|-damage|p2a: Kingambit|81/100\n|-heal|p1a: Sinistcha|25/100 par|[from] drain|[of] p2a: Kingambit\n|-damage|p2b: Dragapult|30/100 brn\n|-heal|p1a: Sinistcha|39/100 par|[from] drain|[of] p2b: Dragapult\n|-status|p2a: Kingambit|brn\n|move|p2b: Dragapult|Shadow Ball|p1a: Sinistcha\n|-supereffective|p1a: Sinistcha|1\n|-damage|p1a: Sinistcha|0 fnt\n|faint|p1a: Sinistcha\n|\n|-damage|p2a: Kingambit|75/100 brn|[from] brn\n|-damage|p2b: Dragapult|24/100 brn|[from] brn\n|upkeep\n|\n|t:|1775918680\n|switch|p1a: Sneasler|Sneasler, L50, F|100/100\n|turn|7\n|\n|t:|1775918705\n|move|p2a: Kingambit|Protect|p2a: Kingambit\n|-singleturn|p2a: Kingambit|Protect\n|move|p1b: Scovillain|Rage Powder|p1b: Scovillain\n|-singleturn|p1b: Scovillain|move: Rage Powder\n|move|p1a: Sneasler|Close Combat|p2a: Kingambit\n|-activate|p2a: Kingambit|move: Protect\n|move|p2b: Dragapult|Psychic Fangs|p1b: Scovillain\n|-damage|p1b: Scovillain|41/100\n|\n|-damage|p2a: Kingambit|69/100 brn|[from] brn\n|-damage|p2b: Dragapult|17/100 brn|[from] brn\n|-fieldend|move: Trick Room\n|upkeep\n|turn|8\n|\n|t:|1775918734\n|switch|p2b: Maushold|Maushold-Four, L50|100/100\n|move|p1b: Scovillain|Rage Powder|p1b: Scovillain\n|-singleturn|p1b: Scovillain|move: Rage Powder\n|move|p1a: Sneasler|Close Combat|p2a: Kingambit\n|-supereffective|p2a: Kingambit|2\n|-damage|p2a: Kingambit|0 fnt\n|-unboost|p1a: Sneasler|def|1\n|-unboost|p1a: Sneasler|spd|1\n|faint|p2a: Kingambit\n|-enditem|p1a: Sneasler|White Herb\n|-clearnegativeboost|p1a: Sneasler|[silent]\n|\n|upkeep\n|\n|t:|1775918744\n|switch|p2a: Dragapult|Dragapult, L50, F|17/100 brn\n|turn|9\n|\n|t:|1775918757\n|move|p2b: Maushold|Follow Me|p2b: Maushold\n|-singleturn|p2b: Maushold|move: Follow Me\n|move|p1b: Scovillain|Rage Powder|p1b: Scovillain\n|-singleturn|p1b: Scovillain|move: Rage Powder\n|move|p1a: Sneasler|Dire Claw|p2b: Maushold\n|-damage|p2b: Maushold|38/100\n|move|p2a: Dragapult|Draco Meteor|p1b: Scovillain\n|-damage|p1b: Scovillain|0 fnt\n|-unboost|p2a: Dragapult|spa|2\n|faint|p1b: Scovillain\n|\n|-damage|p2a: Dragapult|11/100 brn|[from] brn\n|upkeep\n|turn|10\n|\n|t:|1775918769\n|move|p1a: Sneasler|Protect|p1a: Sneasler\n|-singleturn|p1a: Sneasler|Protect\n|move|p2b: Maushold|Protect|p2b: Maushold\n|-singleturn|p2b: Maushold|Protect\n|move|p2a: Dragapult|Psychic Fangs|p1a: Sneasler\n|-activate|p1a: Sneasler|move: Protect\n|\n|-damage|p2a: Dragapult|5/100 brn|[from] brn\n|upkeep\n|turn|11\n|\n|t:|1775918780\n|move|p1a: Sneasler|Dire Claw|p2b: Maushold\n|-damage|p2b: Maushold|0 fnt\n|faint|p2b: Maushold\n|move|p2a: Dragapult|Psychic Fangs|p1a: Sneasler\n|-supereffective|p1a: Sneasler|2\n|-damage|p1a: Sneasler|26/100\n|\n|-damage|p2a: Dragapult|0 fnt|[from] brn\n|faint|p2a: Dragapult\n|\n|win|user638468286\n|raw|user638468286's rating: 1001 &rarr; <strong>1050</strong><br />(+49 for winning)\n|raw|Adricrack2090's rating: 1081 &rarr; <strong>1054</strong><br />(-27 for losing)\n|l|\u2606Adricrack2090\n|player|p2|\n",
  "uploadtime": 1775918797,
  "views": 17,
  "formatid": "gen9championsvgc2026regma",
  "rating": 1050,
  "private": 0,
  "password": null
}