{
  "id": "gen9championsvgc2026regma-2589399787",
  "format": "[Gen 9 Champions] VGC 2026 Reg M-A",
  "players": [
    "MimikyuBot",
    "Alesavecs"
  ],
  "log": "|j|\u2606MimikyuBot\n|j|\u2606Alesavecs\n|t:|1776719853\n|gametype|doubles\n|player|p1|MimikyuBot|266|1000\n|player|p2|Alesavecs|101|1091\n|gen|9\n|tier|[Gen 9 Champions] VGC 2026 Reg M-A\n|rated|\n|rule|Species Clause: Limit one of each Pok\u00e9mon\n|rule|Item Clause: Limit 1 of each item\n|clearpoke\n|poke|p1|Aegislash, L50, M, shiny|\n|poke|p1|Whimsicott, L50, M, shiny|\n|poke|p1|Gallade, L50, M, shiny|\n|poke|p1|Incineroar, L50, M, shiny|\n|poke|p1|Clefable, L50, F, shiny|\n|poke|p1|Milotic, L50, M, shiny|\n|poke|p2|Ceruledge, L50, M|\n|poke|p2|Milotic, L50, M|\n|poke|p2|Rotom-Mow, L50|\n|poke|p2|Lucario, L50, M|\n|poke|p2|Dragonite, L50, F|\n|poke|p2|Sneasler, L50, M|\n|teampreview|4\nMimikyuBot has agreed to open team sheets.\n|inactive|Battle timer is ON: inactive players will automatically lose when time's up. (requested by Alesavecs)\nAlesavecs has agreed to open team sheets.\n|showteam|p1|Aegislash||SpellTag|StanceChange|IronHead,KingsShield,Poltergeist,ShadowSneak|||M|||50|]Whimsicott||FocusSash|Prankster|Tailwind,Moonblast,SunnyDay,Encore|||M|||50|]Gallade||Galladite|Sharpness|PsychoCut,SacredSword,TripleAxel,Protect|||M|||50|]Incineroar||Leftovers|Intimidate|FlareBlitz,PartingShot,Snarl,FakeOut|||M|||50|]Clefable||SitrusBerry|Unaware|FollowMe,Moonblast,Protect,HelpingHand|||F|||50|]Milotic||MysticWater|Competitive|Scald,IcyWind,IceBeam,Protect|||M|||50|\n|showteam|p2|Ceruledge||FocusSash|FlashFire|ShadowSneak,BitterBlade,Protect,PhantomForce|||M|||50|]Milotic||SitrusBerry|Competitive|Protect,LifeDew,Scald,IcyWind|||M|||50|]Rotom-Mow||ChoiceScarf|Levitate|Trick,VoltSwitch,WillOWisp,LeafStorm||||||50|]Lucario||Lucarionite|InnerFocus|BulletPunch,Protect,CloseCombat,DrainPunch|||M|||50|]Dragonite||Dragoninite|InnerFocus|DragonPulse,Tailwind,Protect,Hurricane|||F|||50|]Sneasler||WhiteHerb|Unburden|DireClaw,CloseCombat,FakeOut,Protect|||M|||50|\n|\n|t:|1776719919\n|teamsize|p1|4\n|teamsize|p2|4\n|start\n|switch|p1a: Gallade|Gallade, L50, M, shiny|100/100\n|switch|p1b: Clefable|Clefable, L50, F, shiny|100/100\n|switch|p2a: Rotom|Rotom-Mow, L50|100/100\n|switch|p2b: Milotic|Milotic, L50, M|100/100\n|turn|1\n|inactive|MimikyuBot also wants the timer to be on.\n|inactive|Alesavecs no longer wants the timer on, but the timer is staying on because mimikyubot still does.\n|inactive|Alesavecs has 30 seconds left.\n|inactive|Alesavecs has 20 seconds left.\n|inactive|Alesavecs has 15 seconds left.\n|\n|t:|1776719962\n|move|p2a: Rotom|Volt Switch|p1a: Gallade\n|-damage|p1a: Gallade|69/100\n|\n|t:|1776719965\n|switch|p2a: Lucario|Lucario, L50, M|100/100|[from] Volt Switch\n|move|p1a: Gallade|Sacred Sword|p2a: Lucario\n|-supereffective|p2a: Lucario|1\n|-damage|p2a: Lucario|0 fnt\n|faint|p2a: Lucario\n|move|p2b: Milotic|Icy Wind|p1b: Clefable|[spread] p1a,p1b\n|-damage|p1a: Gallade|58/100\n|-damage|p1b: Clefable|90/100\n|-unboost|p1a: Gallade|spe|1\n|-unboost|p1b: Clefable|spe|1\n|move|p1b: Clefable|Moonblast|p2b: Milotic\n|-damage|p2b: Milotic|80/100\n|\n|upkeep\n|\n|t:|1776719983\n|switch|p2a: Rotom|Rotom-Mow, L50|100/100\n|turn|2\n|\n|t:|1776719990\n|move|p2a: Rotom|Leaf Storm|p1a: Gallade\n|-damage|p1a: Gallade|0 fnt\n|-unboost|p2a: Rotom|spa|2\n|faint|p1a: Gallade\n|move|p2b: Milotic|Life Dew||[still]|[spread] p2a,p2b\n|-fail|p2a: Rotom|heal\n|-heal|p2b: Milotic|100/100\n|move|p1b: Clefable|Moonblast|p2a: Rotom\n|-damage|p2a: Rotom|59/100\n|\n|upkeep\n|\n|t:|1776719990\n|switch|p1a: Aegislash|Aegislash, L50, M, shiny|100/100\n|turn|3\n|inactive|Alesavecs has 30 seconds left.\n|\n|t:|1776720016\n|switch|p2a: Sneasler|Sneasler, L50, M|100/100\n|-formechange|p1a: Aegislash|Aegislash-Blade|\n|move|p1a: Aegislash|Shadow Sneak|p2a: Sneasler\n|-damage|p2a: Sneasler|66/100\n|move|p2b: Milotic|Icy Wind|p1a: Aegislash|[spread] p1a,p1b\n|-resisted|p1a: Aegislash|1\n|-damage|p1a: Aegislash|91/100\n|-damage|p1b: Clefable|80/100\n|-unboost|p1a: Aegislash|spe|1\n|-unboost|p1b: Clefable|spe|1\n|move|p1b: Clefable|Moonblast|p2a: Sneasler\n|-damage|p2a: Sneasler|29/100\n|\n|upkeep\n|turn|4\n|inactive|Alesavecs has 30 seconds left.\n|\n|t:|1776720045\n|move|p2a: Sneasler|Protect|p2a: Sneasler\n|-singleturn|p2a: Sneasler|Protect\n|move|p1a: Aegislash|Shadow Sneak|p2a: Sneasler\n|-activate|p2a: Sneasler|move: Protect\n|move|p2b: Milotic|Life Dew||[still]|[spread] p2a,p2b\n|-heal|p2a: Sneasler|55/100\n|-fail|p2b: Milotic|heal\n|move|p1b: Clefable|Moonblast|p2a: Sneasler\n|-activate|p2a: Sneasler|move: Protect\n|\n|upkeep\n|turn|5\n|inactive|MimikyuBot has 30 seconds left.\n|inactive|MimikyuBot has 20 seconds left.\n|inactive|MimikyuBot has 15 seconds left.\n|inactive|MimikyuBot has 10 seconds left.\n|inactive|MimikyuBot has 5 seconds left.\n|\n|t:|1776720100\n|move|p1b: Clefable|Follow Me|p1b: Clefable\n|-singleturn|p1b: Clefable|move: Follow Me\n|move|p2a: Sneasler|Dire Claw|p1b: Clefable\n|-supereffective|p1b: Clefable|1\n|-damage|p1b: Clefable|19/100\n|-enditem|p1b: Clefable|Sitrus Berry|[eat]\n|-heal|p1b: Clefable|44/100|[from] item: Sitrus Berry\n|move|p2b: Milotic|Scald|p1b: Clefable\n|-damage|p1b: Clefable|12/100\n|-status|p1b: Clefable|brn\n|move|p1a: Aegislash|Iron Head|p2b: Milotic\n|-resisted|p2b: Milotic|1\n|-damage|p2b: Milotic|79/100\n|\n|-damage|p1b: Clefable|6/100 brn|[from] brn\n|upkeep\n|turn|6\n|\n|t:|1776720123\n|switch|p1b: Whimsicott|Whimsicott, L50, M, shiny|100/100\n|move|p2a: Sneasler|Protect|p2a: Sneasler\n|-singleturn|p2a: Sneasler|Protect\n|move|p2b: Milotic|Life Dew|p2b: Milotic|[spread] p2a,p2b\n|-heal|p2a: Sneasler|80/100\n|-heal|p2b: Milotic|100/100\n|move|p1a: Aegislash|Iron Head|p2a: Sneasler\n|-activate|p2a: Sneasler|move: Protect\n|\n|upkeep\n|turn|7\n|\n|t:|1776720138\n|move|p1b: Whimsicott|Moonblast|p2b: Milotic\n|-damage|p2b: Milotic|77/100\n|-unboost|p2b: Milotic|spa|1\n|-ability|p2b: Milotic|Competitive|boost\n|-boost|p2b: Milotic|spa|2\n|move|p2a: Sneasler|Dire Claw|p1b: Whimsicott\n|-supereffective|p1b: Whimsicott|2\n|-enditem|p1b: Whimsicott|Focus Sash\n|-damage|p1b: Whimsicott|1/100\n|-status|p1b: Whimsicott|psn\n|move|p2b: Milotic|Icy Wind|p1b: Whimsicott|[spread] p1a,p1b\n|-resisted|p1a: Aegislash|1\n|-supereffective|p1b: Whimsicott|1\n|-damage|p1a: Aegislash|76/100\n|-damage|p1b: Whimsicott|0 fnt\n|-unboost|p1a: Aegislash|spe|1\n|faint|p1b: Whimsicott\n|move|p1a: Aegislash|Iron Head|p2a: Sneasler\n|-damage|p2a: Sneasler|19/100\n|\n|upkeep\n|\n|t:|1776720138\n|switch|p1b: Clefable|Clefable, L50, F, shiny|6/100 brn\n|turn|8\n|\n|t:|1776720163\n|move|p2a: Sneasler|Protect|p2a: Sneasler\n|-singleturn|p2a: Sneasler|Protect\n|move|p2b: Milotic|Life Dew|p2b: Milotic|[spread] p2a,p2b\n|-heal|p2a: Sneasler|45/100\n|-heal|p2b: Milotic|100/100\n|move|p1b: Clefable|Moonblast|p2a: Sneasler\n|-activate|p2a: Sneasler|move: Protect\n|move|p1a: Aegislash|Poltergeist|p2b: Milotic\n|-activate|p2b: Milotic|move: Poltergeist|Sitrus Berry\n|-damage|p2b: Milotic|18/100\n|-enditem|p2b: Milotic|Sitrus Berry|[eat]\n|-heal|p2b: Milotic|43/100|[from] item: Sitrus Berry\n|\n|-damage|p1b: Clefable|0 fnt|[from] brn\n|faint|p1b: Clefable\n|upkeep\n|turn|9\n|inactive|Alesavecs has 30 seconds left.\n|inactive|Alesavecs has 20 seconds left.\n|inactive|Alesavecs has 15 seconds left.\n|inactive|Alesavecs has 10 seconds left.\n|inactive|Alesavecs has 5 seconds left.\n|\n|t:|1776720217\n|move|p2b: Milotic|Protect|p2b: Milotic\n|-singleturn|p2b: Milotic|Protect\n|move|p1a: Aegislash|Shadow Sneak|p2a: Sneasler\n|-damage|p2a: Sneasler|7/100\n|move|p2a: Sneasler|Close Combat|p1a: Aegislash\n|-immune|p1a: Aegislash\n|\n|upkeep\n|turn|10\n|\n|t:|1776720232\n|move|p1a: Aegislash|Shadow Sneak|p2a: Sneasler\n|-damage|p2a: Sneasler|0 fnt\n|faint|p2a: Sneasler\n|move|p2b: Milotic|Life Dew|p2b: Milotic\n|-heal|p2b: Milotic|68/100\n|\n|upkeep\n|\n|t:|1776720239\n|switch|p2a: Rotom|Rotom-Mow, L50|59/100\n|turn|11\n|\n|t:|1776720250\n|move|p2b: Milotic|Protect|p2b: Milotic\n|-singleturn|p2b: Milotic|Protect\n|move|p2a: Rotom|Will-O-Wisp|p1a: Aegislash\n|-status|p1a: Aegislash|brn\n|move|p1a: Aegislash|Poltergeist|p2a: Rotom\n|-activate|p2a: Rotom|move: Poltergeist|Choice Scarf\n|-damage|p2a: Rotom|8/100\n|\n|-damage|p1a: Aegislash|70/100 brn|[from] brn\n|upkeep\n|turn|12\n|\n|t:|1776720268\n|move|p1a: Aegislash|Shadow Sneak|p2a: Rotom\n|-damage|p2a: Rotom|0 fnt\n|faint|p2a: Rotom\n|move|p2b: Milotic|Life Dew|p2b: Milotic\n|-heal|p2b: Milotic|93/100\n|\n|-damage|p1a: Aegislash|64/100 brn|[from] brn\n|upkeep\n|turn|13\n|\n|t:|1776720277\n|move|p2b: Milotic|Protect|p2b: Milotic\n|-singleturn|p2b: Milotic|Protect\n|move|p1a: Aegislash|Poltergeist||[still]\n|-fail|p1a: Aegislash\n|\n|-damage|p1a: Aegislash|58/100 brn|[from] brn\n|upkeep\n|turn|14\n|\n|t:|1776720289\n|move|p2b: Milotic|Scald|p1a: Aegislash\n|-damage|p1a: Aegislash|0 fnt\n|faint|p1a: Aegislash\n|\n|win|Alesavecs\n",
  "uploadtime": 1776719921,
  "views": 5,
  "formatid": "gen9championsvgc2026regma",
  "rating": null,
  "private": 0,
  "password": null
}