{
  "id": "gen9championsvgc2026regma-2581855005",
  "format": "[Gen 9 Champions] VGC 2026 Reg M-A",
  "players": [
    "Theredapple",
    "GoTeamRedGG"
  ],
  "log": "|j|\u2606Theredapple\n|j|\u2606GoTeamRedGG\n|t:|1776033994\n|gametype|doubles\n|player|p1|Theredapple|266|1298\n|player|p2|GoTeamRedGG|lady|1252\n|gen|9\n|tier|[Gen 9 Champions] VGC 2026 Reg M-A\n|rated|\n|rule|Species Clause: Limit one of each Pok\u00e9mon\n|rule|Item Clause: Limit 1 of each item\n|clearpoke\n|poke|p1|Archaludon, L50, M|\n|poke|p1|Pelipper, L50, F|\n|poke|p1|Basculegion, L50, M|\n|poke|p1|Manectric, L50, F|\n|poke|p1|Beartic, L50, M|\n|poke|p1|Ditto, L50|\n|poke|p2|Floette-Eternal, L50, F|\n|poke|p2|Talonflame, L50, F|\n|poke|p2|Garchomp, L50, F|\n|poke|p2|Maushold, L50|\n|poke|p2|Rotom-Wash, L50|\n|poke|p2|Corviknight, L50, M|\n|teampreview|4\n|inactive|Battle timer is ON: inactive players will automatically lose when time's up. (requested by Theredapple)\n|inactive|Theredapple has 60 seconds left.\n|\n|t:|1776034053\n|teamsize|p1|4\n|teamsize|p2|4\n|start\n|switch|p1a: Archaludon|Archaludon, L50, M|100/100\n|switch|p1b: Pelipper|Pelipper, L50, F|100/100\n|switch|p2a: Talonflame|Talonflame, L50, F|100/100\n|switch|p2b: Rotom|Rotom-Wash, L50|100/100\n|-weather|RainDance|[from] ability: Drizzle|[of] p1b: Pelipper\n|turn|1\n|\n|t:|1776034068\n|switch|p2a: Garchomp|Garchomp, L50, F|100/100\n|move|p1b: Pelipper|Protect|p1b: Pelipper\n|-singleturn|p1b: Pelipper|Protect\n|move|p1a: Archaludon|Electro Shot||[still]\n|-prepare|p1a: Archaludon|Electro Shot\n|-boost|p1a: Archaludon|spa|1\n|-anim|p1a: Archaludon|Electro Shot|p2a: Garchomp\n|-immune|p2a: Garchomp\n|move|p2b: Rotom|Volt Switch|p1b: Pelipper\n|-activate|p1b: Pelipper|move: Protect\n|\n|-weather|RainDance|[upkeep]\n|upkeep\n|turn|2\n|\n|t:|1776034093\n|switch|p1b: Ditto|Ditto, L50|100/100\n|-transform|p1b: Ditto|p2a: Garchomp|[from] ability: Imposter\n|move|p2a: Garchomp|Earthquake|p1a: Archaludon|[spread] p1a,p1b\n|-immune|p2b: Rotom|[from] ability: Levitate\n|-supereffective|p1a: Archaludon|1\n|-crit|p1b: Ditto\n|-damage|p1a: Archaludon|17/100\n|-damage|p1b: Ditto|5/100\n|move|p1a: Archaludon|Dragon Pulse|p2a: Garchomp\n|-supereffective|p2a: Garchomp|1\n|-damage|p2a: Garchomp|0 fnt\n|faint|p2a: Garchomp\n|move|p2b: Rotom|Volt Switch|p1b: Ditto\n|-immune|p1b: Ditto\n|\n|-weather|RainDance|[upkeep]\n|-heal|p1a: Archaludon|23/100|[from] item: Leftovers\n|upkeep\n|\n|t:|1776034110\n|switch|p2a: Floette|Floette-Eternal, L50, F|100/100\n|turn|3\n|\n|t:|1776034134\n|detailschange|p2a: Floette|Floette-Mega, L50, F\n|-mega|p2a: Floette|Floette|Floettite\n|-ability|p2a: Floette|Fairy Aura\n|move|p1a: Archaludon|Protect|p1a: Archaludon\n|-singleturn|p1a: Archaludon|Protect\n|move|p2a: Floette|Protect|p2a: Floette\n|-singleturn|p2a: Floette|Protect\n|move|p1b: Ditto|Rock Slide|p2b: Rotom|[spread] p2b\n|-activate|p2a: Floette|move: Protect\n|-damage|p2b: Rotom|79/100\n|move|p2b: Rotom|Volt Switch|p1a: Archaludon\n|-activate|p1a: Archaludon|move: Protect\n|\n|-weather|RainDance|[upkeep]\n|-heal|p1a: Archaludon|29/100|[from] item: Leftovers\n|upkeep\n|turn|4\n|inactive|GoTeamRedGG has 30 seconds left.\n|\n|t:|1776034162\n|move|p1b: Ditto|Rock Slide|p2a: Floette|[spread] p2a,p2b\n|-damage|p2a: Floette|80/100\n|-damage|p2b: Rotom|55/100\n|move|p1a: Archaludon|Flash Cannon|p2a: Floette\n|-supereffective|p2a: Floette|1\n|-damage|p2a: Floette|0 fnt\n|faint|p2a: Floette\n|move|p2b: Rotom|Volt Switch|p1a: Archaludon\n|-resisted|p1a: Archaludon|1\n|-damage|p1a: Archaludon|5/100\n|\n|t:|1776034171\n|switch|p2b: Talonflame|Talonflame, L50, F|100/100|[from] Volt Switch\n|\n|-weather|RainDance|[upkeep]\n|-heal|p1a: Archaludon|11/100|[from] item: Leftovers\n|upkeep\n|\n|t:|1776034176\n|switch|p2a: Rotom|Rotom-Wash, L50|55/100\n|turn|5\n|\n|t:|1776034191\n|move|p2b: Talonflame|Protect|p2b: Talonflame\n|-singleturn|p2b: Talonflame|Protect\n|move|p1b: Ditto|Rock Slide|p2b: Talonflame|[spread] p2a\n|-activate|p2b: Talonflame|move: Protect\n|-damage|p2a: Rotom|33/100\n|-enditem|p2a: Rotom|Sitrus Berry|[eat]\n|-heal|p2a: Rotom|58/100|[from] item: Sitrus Berry\n|move|p1a: Archaludon|Electro Shot||[still]\n|-prepare|p1a: Archaludon|Electro Shot\n|-boost|p1a: Archaludon|spa|1\n|-anim|p1a: Archaludon|Electro Shot|p2b: Talonflame\n|-activate|p2b: Talonflame|move: Protect\n|move|p2a: Rotom|Hydro Pump|p1b: Ditto\n|-damage|p1b: Ditto|0 fnt\n|faint|p1b: Ditto\n|\n|-weather|none\n|-heal|p1a: Archaludon|17/100|[from] item: Leftovers\n|upkeep\n|\n|t:|1776034205\n|switch|p1b: Pelipper|Pelipper, L50, F|100/100\n|-weather|RainDance|[from] ability: Drizzle|[of] p1b: Pelipper\n|turn|6\n|\n|t:|1776034217\n|move|p2b: Talonflame|Tailwind|p2b: Talonflame\n|-sidestart|p2: GoTeamRedGG|move: Tailwind\n|move|p2a: Rotom|Hydro Pump|p1a: Archaludon\n|-resisted|p1a: Archaludon|1\n|-damage|p1a: Archaludon|0 fnt\n|faint|p1a: Archaludon\n|move|p1b: Pelipper|Weather Ball|p2b: Talonflame\n|-supereffective|p2b: Talonflame|1\n|-damage|p2b: Talonflame|0 fnt\n|faint|p2b: Talonflame\n|\n|-weather|RainDance|[upkeep]\n|upkeep\n|\n|t:|1776034239\n|switch|p1a: Basculegion|Basculegion, L50, M|100/100\n|turn|7\n|\n|t:|1776034248\n|move|p1a: Basculegion|Last Respects|p2a: Rotom\n|-damage|p2a: Rotom|0 fnt\n|faint|p2a: Rotom\n|\n|win|Theredapple\n|raw|Theredapple's rating: 1298 &rarr; <strong>1320</strong><br />(+22 for winning)\n|raw|GoTeamRedGG's rating: 1252 &rarr; <strong>1230</strong><br />(-22 for losing)\n|l|\u2606GoTeamRedGG\n|player|p2|\n|l|\u2606Theredapple\n|player|p1|\n",
  "uploadtime": 1776034667,
  "views": 31,
  "formatid": "gen9championsvgc2026regma",
  "rating": 1230,
  "private": 0,
  "password": null
}