{
  "id": "gen9championsvgc2026regma-2589546316",
  "format": "[Gen 9 Champions] VGC 2026 Reg M-A",
  "players": [
    "sdlt 2krl coolguy",
    "Saltwater7"
  ],
  "log": "|raw|<div class=\"broadcast-blue\"><strong>This battle is required to be public due to a player having a name starting with 'sdlt'.</div>\n|j|\u2606sdlt 2krl coolguy\n|j|\u2606Saltwater7\n|t:|1776732889\n|gametype|doubles\n|player|p1|sdlt 2krl coolguy|leon-masters2|1426\n|player|p2|Saltwater7|170|1444\n|gen|9\n|tier|[Gen 9 Champions] VGC 2026 Reg M-A\n|rated|\n|rule|Species Clause: Limit one of each Pok\u00e9mon\n|rule|Item Clause: Limit 1 of each item\n|clearpoke\n|poke|p1|Floette-Eternal, L50, F|\n|poke|p1|Incineroar, L50, M|\n|poke|p1|Sinistcha, L50|\n|poke|p1|Garchomp, L50, F|\n|poke|p1|Sneasler, L50, F|\n|poke|p1|Kingambit, L50, M|\n|poke|p2|Alakazam, L50, M|\n|poke|p2|Meowstic, L50, M|\n|poke|p2|Tyranitar, L50, F|\n|poke|p2|Chesnaught, L50, M|\n|poke|p2|Excadrill, L50, F|\n|poke|p2|Basculegion, L50, M, shiny|\n|teampreview|4\n|inactive|Battle timer is ON: inactive players will automatically lose when time's up. (requested by Saltwater7)\n|inactive|sdlt 2krl coolguy also wants the timer to be on.\n|inactive|sdlt 2krl coolguy has 60 seconds left.\n|\n|t:|1776732935\n|teamsize|p1|4\n|teamsize|p2|4\n|start\n|switch|p1a: Sinistcha|Sinistcha, L50|100/100\n|switch|p1b: Floette|Floette-Eternal, L50, F|100/100\n|switch|p2a: Chesnaught|Chesnaught, L50, M|100/100\n|switch|p2b: Excadrill|Excadrill, L50, F|100/100\n|turn|1\n|\n|t:|1776732955\n|switch|p1a: Incineroar|Incineroar, L50, M|100/100\n|-ability|p1a: Incineroar|Intimidate|boost\n|-unboost|p2a: Chesnaught|atk|1\n|-unboost|p2b: Excadrill|atk|1\n|detailschange|p1b: Floette|Floette-Mega, L50, F\n|-mega|p1b: Floette|Floette|Floettite\n|-ability|p1b: Floette|Fairy Aura\n|detailschange|p2a: Chesnaught|Chesnaught-Mega, L50, M\n|-mega|p2a: Chesnaught|Chesnaught|Chesnaughtite\n|move|p1b: Floette|Protect|p1b: Floette\n|-singleturn|p1b: Floette|Protect\n|move|p2b: Excadrill|Rock Slide|p1a: Incineroar|[spread] p1a\n|-activate|p1b: Floette|move: Protect\n|-supereffective|p1a: Incineroar|1\n|-damage|p1a: Incineroar|77/100\n|move|p2a: Chesnaught|Leech Seed|p1b: Floette\n|-activate|p1b: Floette|move: Protect\n|\n|upkeep\n|turn|2\n|inactive|Saltwater7 has 30 seconds left.\n|\n|t:|1776732987\n|switch|p2a: Tyranitar|Tyranitar, L50, F|100/100\n|-weather|Sandstorm|[from] ability: Sand Stream|[of] p2a: Tyranitar\n|move|p2b: Excadrill|Protect|p2b: Excadrill\n|-singleturn|p2b: Excadrill|Protect\n|move|p1a: Incineroar|Fake Out|p2b: Excadrill\n|-activate|p2b: Excadrill|move: Protect\n|move|p1b: Floette|Moonblast|p2a: Tyranitar\n|-supereffective|p2a: Tyranitar|1\n|-damage|p2a: Tyranitar|4/100\n|\n|-weather|Sandstorm|[upkeep]\n|-damage|p1b: Floette|94/100|[from] Sandstorm\n|-damage|p1a: Incineroar|71/100|[from] Sandstorm\n|upkeep\n|turn|3\n|\n|t:|1776733005\n|switch|p1a: Sinistcha|Sinistcha, L50|100/100\n|-heal|p1b: Floette|100/100|[from] ability: Hospitality|[of] p1a: Sinistcha\n|move|p1b: Floette|Protect|p1b: Floette\n|-singleturn|p1b: Floette|Protect\n|move|p2b: Excadrill|Iron Head|p1b: Floette\n|-activate|p1b: Floette|move: Protect\n|move|p2a: Tyranitar|Knock Off|p1a: Sinistcha\n|-supereffective|p1a: Sinistcha|1\n|-damage|p1a: Sinistcha|5/100\n|-enditem|p1a: Sinistcha|Sitrus Berry|[from] move: Knock Off|[of] p2a: Tyranitar\n|\n|-weather|Sandstorm|[upkeep]\n|-damage|p1b: Floette|94/100|[from] Sandstorm\n|-damage|p1a: Sinistcha|0 fnt|[from] Sandstorm\n|faint|p1a: Sinistcha\n|upkeep\n|\n|t:|1776733017\n|switch|p1a: Incineroar|Incineroar, L50, M|71/100\n|-ability|p1a: Incineroar|Intimidate|boost\n|-unboost|p2a: Tyranitar|atk|1\n|-unboost|p2b: Excadrill|atk|1\n|turn|4\n|\n|t:|1776733040\n|switch|p2b: Basculegion|Basculegion, L50, M, shiny|100/100\n|move|p1b: Floette|Dazzling Gleam|p2b: Basculegion|[spread] p2a,p2b\n|-supereffective|p2a: Tyranitar|1\n|-damage|p2a: Tyranitar|0 fnt\n|-damage|p2b: Basculegion|42/100\n|faint|p2a: Tyranitar\n|move|p1a: Incineroar|Flare Blitz|p2b: Basculegion\n|-resisted|p2b: Basculegion|1\n|-damage|p2b: Basculegion|11/100\n|-damage|p1a: Incineroar|61/100|[from] Recoil\n|\n|-weather|Sandstorm|[upkeep]\n|-damage|p2b: Basculegion|5/100|[from] Sandstorm\n|-damage|p1b: Floette|88/100|[from] Sandstorm\n|-damage|p1a: Incineroar|55/100|[from] Sandstorm\n|upkeep\n|\n|t:|1776733055\n|switch|p2a: Excadrill|Excadrill, L50, F|100/100\n|turn|5\n|\n|t:|1776733062\n|switch|p1a: Kingambit|Kingambit, L50, M|100/100\n|move|p1b: Floette|Protect|p1b: Floette\n|-singleturn|p1b: Floette|Protect\n|move|p2a: Excadrill|Iron Head|p1b: Floette\n|-activate|p1b: Floette|move: Protect\n|move|p2b: Basculegion|Flip Turn|p1a: Kingambit\n|-damage|p1a: Kingambit|70/100\n|\n|t:|1776733072\n|switch|p2b: Chesnaught|Chesnaught-Mega, L50, M|100/100|[from] Flip Turn\n|\n|-weather|Sandstorm|[upkeep]\n|-damage|p1b: Floette|82/100|[from] Sandstorm\n|-damage|p2b: Chesnaught|94/100|[from] Sandstorm\n|upkeep\n|turn|6\n|\n|t:|1776733089\n|switch|p1a: Incineroar|Incineroar, L50, M|55/100\n|-ability|p1a: Incineroar|Intimidate|boost\n|-unboost|p2a: Excadrill|atk|1\n|-unboost|p2b: Chesnaught|atk|1\n|move|p2a: Excadrill|Iron Head|p1b: Floette\n|-supereffective|p1b: Floette|1\n|-damage|p1b: Floette|19/100\n|move|p1b: Floette|Moonblast|p2b: Chesnaught\n|-supereffective|p2b: Chesnaught|1\n|-damage|p2b: Chesnaught|0 fnt\n|faint|p2b: Chesnaught\n|\n|-weather|none\n|upkeep\n|j| DankLad07\n|\n|t:|1776733102\n|switch|p2b: Basculegion|Basculegion, L50, M, shiny|5/100\n|turn|7\n|\n|t:|1776733114\n|move|p1a: Incineroar|Fake Out|p2a: Excadrill\n|-resisted|p2a: Excadrill|1\n|-damage|p2a: Excadrill|94/100\n|move|p2b: Basculegion|Aqua Jet|p1b: Floette\n|-damage|p1b: Floette|0 fnt\n|faint|p1b: Floette\n|cant|p2a: Excadrill|flinch\n|\n|upkeep\n|\n|t:|1776733120\n|switch|p1b: Kingambit|Kingambit, L50, M|70/100\n|turn|8\n|\n|t:|1776733132\n|move|p2b: Basculegion|Aqua Jet|p1a: Incineroar\n|-supereffective|p1a: Incineroar|1\n|-damage|p1a: Incineroar|13/100\n|move|p2a: Excadrill|High Horsepower|p1b: Kingambit\n|-supereffective|p1b: Kingambit|1\n|-damage|p1b: Kingambit|19/100\n|move|p1a: Incineroar|Flare Blitz|p2a: Excadrill\n|-supereffective|p2a: Excadrill|1\n|-damage|p2a: Excadrill|0 fnt\n|faint|p2a: Excadrill\n|-damage|p1a: Incineroar|0 fnt|[from] Recoil\n|faint|p1a: Incineroar\n|move|p1b: Kingambit|Kowtow Cleave|p2b: Basculegion\n|-supereffective|p2b: Basculegion|1\n|-damage|p2b: Basculegion|0 fnt\n|faint|p2b: Basculegion\n|\n|win|sdlt 2krl coolguy\n|raw|sdlt 2krl coolguy's rating: 1426 &rarr; <strong>1447</strong><br />(+21 for winning)\n|raw|Saltwater7's rating: 1444 &rarr; <strong>1423</strong><br />(-21 for losing)\n",
  "uploadtime": 1776733132,
  "views": 2,
  "formatid": "gen9championsvgc2026regma",
  "rating": 1423,
  "private": 0,
  "password": null
}