{
  "id": "gen9championsvgc2026regma-2586742045",
  "format": "[Gen 9 Champions] VGC 2026 Reg M-A",
  "players": [
    "Gahandi",
    "ManOnCorks"
  ],
  "log": "|j|\u2606Gahandi\n|j|\u2606ManOnCorks\n|t:|1776456338\n|gametype|doubles\n|player|p1|Gahandi|170|1040\n|player|p2|ManOnCorks|cynthia-gen4|1032\n|gen|9\n|tier|[Gen 9 Champions] VGC 2026 Reg M-A\n|rated|\n|rule|Species Clause: Limit one of each Pok\u00e9mon\n|rule|Item Clause: Limit 1 of each item\n|clearpoke\n|poke|p1|Drampa, L50, M|\n|poke|p1|Pelipper, L50, F|\n|poke|p1|Raichu, L50, F|\n|poke|p1|Garganacl, L50, F|\n|poke|p1|Sylveon, L50, M|\n|poke|p1|Slowking-Galar, L50, F|\n|poke|p2|Chimecho, L50, M|\n|poke|p2|Maushold-Four, L50|\n|poke|p2|Infernape, L50, M|\n|poke|p2|Sinistcha, L50|\n|poke|p2|Archaludon, L50, M|\n|poke|p2|Pelipper, L50, M|\n|teampreview|4\n|inactive|Battle timer is ON: inactive players will automatically lose when time's up. (requested by ManOnCorks)\n|\n|t:|1776456372\n|teamsize|p1|4\n|teamsize|p2|4\n|start\n|switch|p1a: Drampa|Drampa, L50, M|100/100\n|switch|p1b: Slowking|Slowking-Galar, L50, F|100/100\n|switch|p2a: Chimecho|Chimecho, L50, M|100/100\n|switch|p2b: Maushold|Maushold-Four, L50|100/100\n|turn|1\n|\n|t:|1776456389\n|detailschange|p2a: Chimecho|Chimecho-Mega, L50, M\n|-mega|p2a: Chimecho|Chimecho|Chimechite\n|detailschange|p1a: Drampa|Drampa-Mega, L50, M\n|-mega|p1a: Drampa|Drampa|Drampanite\n|move|p2b: Maushold|Population Bomb|p1b: Slowking\n|-damage|p1b: Slowking|92/100\n|-damage|p1b: Slowking|82/100\n|-hitcount|p1b: Slowking|2\n|move|p2a: Chimecho|Calm Mind|p2a: Chimecho\n|-boost|p2a: Chimecho|spa|1\n|-boost|p2a: Chimecho|spd|1\n|move|p1a: Drampa|Dragon Pulse|p2b: Maushold\n|-damage|p2b: Maushold|9/100\n|move|p1b: Slowking|Trick Room|p1b: Slowking\n|-fieldstart|move: Trick Room|[of] p1b: Slowking\n|\n|upkeep\n|turn|2\n|\n|t:|1776456409\n|move|p2b: Maushold|Helping Hand|p2a: Chimecho\n|-singleturn|p2a: Chimecho|Helping Hand|[of] p2b: Maushold\n|-prepare|p1b: Slowking|Chilly Reception|[premajor]\n|move|p1b: Slowking|Chilly Reception|p1b: Slowking\n|-weather|Snowscape\n|\n|t:|1776456420\n|switch|p1b: Sylveon|Sylveon, L50, M|100/100|[from] Chilly Reception\n|move|p1a: Drampa|Blizzard|p2b: Maushold|[spread] p2a,p2b\n|-resisted|p2a: Chimecho|1\n|-damage|p2a: Chimecho|93/100\n|-damage|p2b: Maushold|0 fnt\n|faint|p2b: Maushold\n|move|p2a: Chimecho|Boomburst|p1a: Drampa|[spread] p1a,p1b\n|-damage|p1a: Drampa|37/100\n|-damage|p1b: Sylveon|44/100\n|-ability|p1a: Drampa|Berserk|boost\n|-boost|p1a: Drampa|spa|1\n|\n|-weather|Snowscape|[upkeep]\n|upkeep\n|\n|t:|1776456430\n|switch|p2b: Infernape|Infernape, L50, M|100/100\n|turn|3\n|\n|t:|1776456448\n|move|p2b: Infernape|Fake Out|p1a: Drampa\n|-damage|p1a: Drampa|24/100\n|cant|p1a: Drampa|flinch\n|move|p1b: Sylveon|Mystical Fire|p2a: Chimecho\n|-supereffective|p2a: Chimecho|1\n|-damage|p2a: Chimecho|62/100\n|-unboost|p2a: Chimecho|spa|1\n|move|p2a: Chimecho|Boomburst|p1a: Drampa|[spread] p2b,p1a,p1b\n|-damage|p2b: Infernape|48/100\n|-damage|p1a: Drampa|0 fnt\n|-damage|p1b: Sylveon|21/100\n|faint|p1a: Drampa\n|\n|-weather|Snowscape|[upkeep]\n|upkeep\n|\n|t:|1776456465\n|switch|p1a: Slowking|Slowking-Galar, L50, F|100/100\n|turn|4\n|-activate|p1b: Sylveon|item: Quick Claw\n|\n|t:|1776456474\n|switch|p2b: Sinistcha|Sinistcha, L50|100/100\n|-heal|p2a: Chimecho|87/100|[from] ability: Hospitality|[of] p2b: Sinistcha\n|move|p1b: Sylveon|Mystical Fire|p2a: Chimecho\n|-supereffective|p2a: Chimecho|1\n|-damage|p2a: Chimecho|55/100\n|-unboost|p2a: Chimecho|spa|1\n|move|p1a: Slowking|Blizzard|p2a: Chimecho|[spread] p2a,p2b\n|-resisted|p2a: Chimecho|1\n|-supereffective|p2b: Sinistcha|1\n|-damage|p2a: Chimecho|48/100\n|-damage|p2b: Sinistcha|46/100\n|move|p2a: Chimecho|Calm Mind|p2a: Chimecho\n|-boost|p2a: Chimecho|spa|1\n|-boost|p2a: Chimecho|spd|1\n|\n|-weather|Snowscape|[upkeep]\n|-heal|p2b: Sinistcha|52/100|[from] item: Leftovers\n|upkeep\n|turn|5\n|-activate|p1b: Sylveon|item: Quick Claw\n|\n|t:|1776456497\n|move|p2a: Chimecho|Protect|p2a: Chimecho\n|-singleturn|p2a: Chimecho|Protect\n|move|p1b: Sylveon|Mystical Fire|p2a: Chimecho\n|-activate|p2a: Chimecho|move: Protect\n|move|p1a: Slowking|Blizzard|p2b: Sinistcha|[spread] p2b\n|-activate|p2a: Chimecho|move: Protect\n|-supereffective|p2b: Sinistcha|1\n|-damage|p2b: Sinistcha|0 fnt\n|faint|p2b: Sinistcha\n|\n|-weather|Snowscape|[upkeep]\n|-fieldend|move: Trick Room\n|upkeep\n|\n|t:|1776456504\n|switch|p2b: Infernape|Infernape, L50, M|48/100\n|turn|6\n|\n|t:|1776456524\n|move|p1b: Sylveon|Protect|p1b: Sylveon\n|-singleturn|p1b: Sylveon|Protect\n|move|p2b: Infernape|Fake Out|p1a: Slowking\n|-damage|p1a: Slowking|87/100\n|move|p2a: Chimecho|Boomburst|p1a: Slowking|[spread] p2b,p1a\n|-activate|p1b: Sylveon|move: Protect\n|-damage|p2b: Infernape|0 fnt\n|-damage|p1a: Slowking|60/100\n|faint|p2b: Infernape\n|cant|p1a: Slowking|flinch\n|\n|-weather|none\n|upkeep\n|turn|7\n|\n|t:|1776456548\n|move|p2a: Chimecho|Calm Mind|p2a: Chimecho\n|-boost|p2a: Chimecho|spa|1\n|-boost|p2a: Chimecho|spd|1\n|move|p1b: Sylveon|Mystical Fire|p2a: Chimecho\n|-supereffective|p2a: Chimecho|1\n|-damage|p2a: Chimecho|30/100\n|-unboost|p2a: Chimecho|spa|1\n|-prepare|p1a: Slowking|Chilly Reception|[premajor]\n|move|p1a: Slowking|Chilly Reception|p1a: Slowking\n|-weather|Snowscape\n|\n|t:|1776456558\n|switch|p1a: Raichu|Raichu, L50, F|100/100|[from] Chilly Reception\n|\n|-weather|Snowscape|[upkeep]\n|upkeep\n|turn|8\n|\n|t:|1776456570\n|move|p1a: Raichu|Encore|p2a: Chimecho\n|-start|p2a: Chimecho|Encore\n|move|p2a: Chimecho|Calm Mind|p2a: Chimecho\n|-boost|p2a: Chimecho|spa|1\n|-boost|p2a: Chimecho|spd|1\n|move|p1b: Sylveon|Mystical Fire|p2a: Chimecho\n|-supereffective|p2a: Chimecho|1\n|-damage|p2a: Chimecho|15/100\n|-unboost|p2a: Chimecho|spa|1\n|\n|-weather|Snowscape|[upkeep]\n|upkeep\n|turn|9\n|-message|ManOnCorks forfeited.\n|\n|win|Gahandi\n|raw|Gahandi's rating: 1040 &rarr; <strong>1073</strong><br />(+33 for winning)\n|raw|ManOnCorks's rating: 1032 &rarr; <strong>1018</strong><br />(-14 for losing)\n|l|\u2606ManOnCorks\n|player|p2|\n",
  "uploadtime": 1776456585,
  "views": 37,
  "formatid": "gen9championsvgc2026regma",
  "rating": 1018,
  "private": 0,
  "password": null
}