{
  "id": "gen9championsvgc2026regma-2587702622",
  "format": "[Gen 9 Champions] VGC 2026 Reg M-A",
  "players": [
    "ca10mdtp",
    "Jbucci"
  ],
  "log": "|j|\u2606ca10mdtp\n|j|\u2606Jbucci\n|t:|1776555458\n|gametype|doubles\n|player|p1|ca10mdtp|n|1235\n|player|p2|Jbucci|101|1307\n|gen|9\n|tier|[Gen 9 Champions] VGC 2026 Reg M-A\n|rated|\n|rule|Species Clause: Limit one of each Pok\u00e9mon\n|rule|Item Clause: Limit 1 of each item\n|clearpoke\n|poke|p1|Charizard, L50, M|\n|poke|p1|Venusaur, L50, M|\n|poke|p1|Sneasler, L50, M|\n|poke|p1|Garchomp, L50, F|\n|poke|p1|Milotic, L50, F|\n|poke|p1|Arcanine-Hisui, L50, M|\n|poke|p2|Meganium, L50, M|\n|poke|p2|Pelipper, L50, F|\n|poke|p2|Basculegion, L50, M|\n|poke|p2|Archaludon, L50, F|\n|poke|p2|Sneasler, L50, F|\n|poke|p2|Klefki, L50, F|\n|teampreview|4\n|\n|t:|1776555503\n|teamsize|p1|4\n|teamsize|p2|4\n|start\n|switch|p1a: Garchomp|Garchomp, L50, F|100/100\n|switch|p1b: Venusaur|Venusaur, L50, M|100/100\n|switch|p2a: Klefki|Klefki, L50, F|100/100\n|switch|p2b: Basculegion|Basculegion, L50, M|100/100\n|turn|1\n|\n|t:|1776555524\n|move|p2b: Basculegion|Flip Turn|p1a: Garchomp\n|-damage|p1a: Garchomp|59/100\n|-damage|p2b: Basculegion|88/100|[from] ability: Rough Skin|[of] p1a: Garchomp\n|\n|t:|1776555529\n|switch|p2b: Meganium|Meganium, L50, M|100/100|[from] Flip Turn\n|move|p1a: Garchomp|Stomping Tantrum|p2a: Klefki\n|-supereffective|p2a: Klefki|1\n|-damage|p2a: Klefki|11/100\n|move|p1b: Venusaur|Giga Drain|p2b: Meganium\n|-resisted|p2b: Meganium|1\n|-damage|p2b: Meganium|82/100\n|move|p2a: Klefki|Trick Room|p2a: Klefki\n|-fieldstart|move: Trick Room|[of] p2a: Klefki\n|\n|upkeep\n|turn|2\n|\n|t:|1776555557\n|switch|p1b: Charizard|Charizard, L50, M|100/100\n|detailschange|p2b: Meganium|Meganium-Mega, L50, M\n|-mega|p2b: Meganium|Meganium|Meganiumite\n|move|p2a: Klefki|Rain Dance|p2a: Klefki\n|-weather|RainDance\n|move|p2b: Meganium|Weather Ball|p1b: Charizard\n|-resisted|p1b: Charizard|1\n|-damage|p1b: Charizard|59/100\n|move|p1a: Garchomp|Earthquake|p2b: Meganium|[spread] p2a,p2b\n|-immune|p1b: Charizard\n|-supereffective|p2a: Klefki|1\n|-resisted|p2b: Meganium|1\n|-damage|p2a: Klefki|0 fnt\n|-damage|p2b: Meganium|65/100\n|faint|p2a: Klefki\n|\n|-weather|RainDance|[upkeep]\n|upkeep\n|\n|t:|1776555576\n|switch|p2a: Sneasler|Sneasler, L50, F|100/100\n|turn|3\n|\n|t:|1776555588\n|move|p1b: Charizard|Protect|p1b: Charizard\n|-singleturn|p1b: Charizard|Protect\n|move|p1a: Garchomp|Protect|p1a: Garchomp\n|-singleturn|p1a: Garchomp|Protect\n|move|p2b: Meganium|Dazzling Gleam|p1b: Charizard|[spread] \n|-activate|p1a: Garchomp|move: Protect\n|-activate|p1b: Charizard|move: Protect\n|move|p2a: Sneasler|Rock Tomb|p1b: Charizard\n|-activate|p1b: Charizard|move: Protect\n|\n|-weather|RainDance|[upkeep]\n|upkeep\n|turn|4\n|\n|t:|1776555621\n|switch|p1b: Sneasler|Sneasler, L50, M|100/100\n|switch|p1a: Venusaur|Venusaur, L50, M|100/100\n|move|p2b: Meganium|Dazzling Gleam|p1b: Sneasler|[spread] p1a,p1b\n|-resisted|p1a: Venusaur|1\n|-damage|p1a: Venusaur|80/100\n|-damage|p1b: Sneasler|46/100\n|move|p2a: Sneasler|Rock Tomb|p1b: Sneasler\n|-resisted|p1b: Sneasler|1\n|-damage|p1b: Sneasler|28/100\n|-unboost|p1b: Sneasler|spe|1\n|-enditem|p1b: Sneasler|White Herb\n|-clearnegativeboost|p1b: Sneasler|[silent]\n|\n|-weather|RainDance|[upkeep]\n|upkeep\n|turn|5\n|\n|t:|1776555650\n|switch|p2b: Basculegion|Basculegion, L50, M|88/100\n|move|p1b: Sneasler|Fake Out|p2b: Basculegion\n|-immune|p2b: Basculegion\n|move|p1a: Venusaur|Earth Power|p2a: Sneasler\n|-supereffective|p2a: Sneasler|1\n|-damage|p2a: Sneasler|23/100\n|move|p2a: Sneasler|Close Combat|p1b: Sneasler\n|-resisted|p1b: Sneasler|1\n|-damage|p1b: Sneasler|0 fnt\n|-unboost|p2a: Sneasler|def|1\n|-unboost|p2a: Sneasler|spd|1\n|faint|p1b: Sneasler\n|-enditem|p2a: Sneasler|White Herb\n|-clearnegativeboost|p2a: Sneasler|[silent]\n|\n|-weather|RainDance|[upkeep]\n|-fieldend|move: Trick Room\n|upkeep\n|\n|t:|1776555664\n|switch|p1b: Charizard|Charizard, L50, M|59/100\n|turn|6\n|\n|t:|1776555676\n|detailschange|p1b: Charizard|Charizard-Mega-Y, L50, M\n|-mega|p1b: Charizard|Charizard|Charizardite Y\n|-weather|SunnyDay|[from] ability: Drought|[of] p1b: Charizard\n|move|p2a: Sneasler|Rock Tomb|p1b: Charizard\n|-supereffective|p1b: Charizard|2\n|-damage|p1b: Charizard|0 fnt\n|faint|p1b: Charizard\n|move|p1a: Venusaur|Giga Drain|p2b: Basculegion\n|-supereffective|p2b: Basculegion|1\n|-damage|p2b: Basculegion|11/100\n|-heal|p1a: Venusaur|100/100|[from] drain|[of] p2b: Basculegion\n|move|p2b: Basculegion|Last Respects|p1a: Venusaur\n|-damage|p1a: Venusaur|18/100\n|\n|-weather|SunnyDay|[upkeep]\n|upkeep\n|\n|t:|1776555690\n|switch|p1b: Garchomp|Garchomp, L50, F|59/100\n|turn|7\n|\n|t:|1776555720\n|switch|p2b: Meganium|Meganium-Mega, L50, M|65/100\n|move|p2a: Sneasler|Close Combat|p1b: Garchomp\n|-damage|p1b: Garchomp|0 fnt\n|-unboost|p2a: Sneasler|def|1\n|-unboost|p2a: Sneasler|spd|1\n|-damage|p2a: Sneasler|11/100|[from] ability: Rough Skin|[of] p1b: Garchomp\n|faint|p1b: Garchomp\n|move|p1a: Venusaur|Giga Drain|p2b: Meganium\n|-resisted|p2b: Meganium|1\n|-damage|p2b: Meganium|50/100\n|-heal|p1a: Venusaur|27/100|[from] drain|[of] p2b: Meganium\n|\n|-weather|SunnyDay|[upkeep]\n|upkeep\n|turn|8\n|\n|t:|1776555739\n|move|p2a: Sneasler|Dire Claw|p1a: Venusaur\n|-damage|p1a: Venusaur|0 fnt\n|faint|p1a: Venusaur\n|\n|win|Jbucci\n|raw|ca10mdtp's rating: 1235 &rarr; <strong>1215</strong><br />(-20 for losing)\n|raw|Jbucci's rating: 1307 &rarr; <strong>1323</strong><br />(+16 for winning)\n|l|\u2606ca10mdtp\n|player|p1|\n",
  "uploadtime": 1776555747,
  "views": 23,
  "formatid": "gen9championsvgc2026regma",
  "rating": 1215,
  "private": 0,
  "password": null
}