{
  "id": "gen9championsvgc2026regma-2582170560",
  "format": "[Gen 9 Champions] VGC 2026 Reg M-A",
  "players": [
    "SeahagDiana",
    "Rengas"
  ],
  "log": "|j|\u2606SeahagDiana\n|j|\u2606Rengas\n|t:|1776066951\n|gametype|doubles\n|player|p1|SeahagDiana|clair|\n|player|p2|Rengas|266|\n|gen|9\n|tier|[Gen 9 Champions] VGC 2026 Reg M-A\n|rule|Species Clause: Limit one of each Pok\u00e9mon\n|rule|Item Clause: Limit 1 of each item\n|clearpoke\n|poke|p1|Politoed, L50, F|\n|poke|p1|Palafin, L50, F|\n|poke|p1|Sharpedo, L50, F|\n|poke|p1|Basculegion, L50, M|\n|poke|p1|Archaludon, L50, F|\n|poke|p1|Sneasler, L50, F|\n|poke|p2|Lopunny, L50, F|\n|poke|p2|Gardevoir, L50, F|\n|poke|p2|Tinkaton, L50, F|\n|poke|p2|Meowscarada, L50, F|\n|poke|p2|Noivern, L50, M|\n|poke|p2|Umbreon, L50, M|\n|teampreview|4\n|\n|t:|1776066980\n|teamsize|p1|4\n|teamsize|p2|4\n|start\n|switch|p1a: bitch booster|Politoed, L50, F|100/100\n|switch|p1b: jenn c lilly|Palafin, L50, F, shiny|100/100\n|switch|p2a: Lopunny|Lopunny, L50, F, shiny|100/100\n|switch|p2b: Tinkaton|Tinkaton, L50, F, shiny|100/100\n|-weather|RainDance|[from] ability: Drizzle|[of] p1a: bitch booster\n|turn|1\n|\n|t:|1776067045\n|switch|p1a: evil thing|Sneasler, L50, F, shiny|100/100\n|detailschange|p2a: Lopunny|Lopunny-Mega, L50, F, shiny\n|-mega|p2a: Lopunny|Lopunny|Lopunnite\n|move|p2b: Tinkaton|Fake Out|p1b: jenn c lilly\n|-damage|p1b: jenn c lilly|91/100\n|move|p2a: Lopunny|Close Combat|p1b: jenn c lilly\n|-damage|p1b: jenn c lilly|38/100\n|-unboost|p2a: Lopunny|def|1\n|-unboost|p2a: Lopunny|spd|1\n|cant|p1b: jenn c lilly|flinch\n|\n|-weather|RainDance|[upkeep]\n|upkeep\n|turn|2\n|\n|t:|1776067096\n|detailschange|p1b: jenn c lilly|Palafin-Hero, L50, F, shiny\n|switch|p1b: bitch booster|Politoed, L50, F|100/100\n|move|p2b: Tinkaton|Feint|p1a: evil thing\n|-damage|p1a: evil thing|89/100\n|move|p2a: Lopunny|Close Combat|p1a: evil thing\n|-resisted|p1a: evil thing|1\n|-damage|p1a: evil thing|29/100\n|-unboost|p2a: Lopunny|def|1\n|-unboost|p2a: Lopunny|spd|1\n|move|p1a: evil thing|Switcheroo|p2b: Tinkaton\n|-activate|p1a: evil thing|move: Trick|[of] p2b: Tinkaton\n|-item|p2b: Tinkaton|Poison Barb|[from] move: Switcheroo\n|-item|p1a: evil thing|Shuca Berry|[from] move: Switcheroo\n|\n|-weather|RainDance|[upkeep]\n|upkeep\n|turn|3\n|j| Fefepokeman\n|\n|t:|1776067140\n|switch|p2a: Umbreon|Umbreon, L50, M, shiny|100/100\n|switch|p1a: 1 hit point|Sharpedo, L50, F|100/100\n|move|p2b: Tinkaton|Protect|p2b: Tinkaton\n|-singleturn|p2b: Tinkaton|Protect\n|move|p1b: bitch booster|Weather Ball|p2b: Tinkaton\n|-activate|p2b: Tinkaton|move: Protect\n|\n|-weather|RainDance|[upkeep]\n|upkeep\n|turn|4\n|\n|t:|1776067176\n|move|p1a: 1 hit point|Protect|p1a: 1 hit point\n|-singleturn|p1a: 1 hit point|Protect\n|move|p2b: Tinkaton|Gigaton Hammer|p1a: 1 hit point\n|-activate|p1a: 1 hit point|move: Protect\n|move|p1b: bitch booster|Weather Ball|p2a: Umbreon\n|-damage|p2a: Umbreon|73/100\n|move|p2a: Umbreon|Reflect|p2a: Umbreon\n|-sidestart|p2: Rengas|Reflect\n|\n|-weather|RainDance|[upkeep]\n|-ability|p1a: 1 hit point|Speed Boost|boost\n|-boost|p1a: 1 hit point|spe|1\n|upkeep\n|turn|5\n|\n|t:|1776067206\n|switch|p1b: jenn c lilly|Palafin-Hero, L50, F, shiny|38/100\n|-activate|p1b: jenn c lilly|ability: Zero to Hero\n|detailschange|p1a: 1 hit point|Sharpedo-Mega, L50, F\n|-mega|p1a: 1 hit point|Sharpedo|Sharpedonite\n|move|p2b: Tinkaton|Protect|p2b: Tinkaton\n|-singleturn|p2b: Tinkaton|Protect\n|move|p1a: 1 hit point|Psychic Fangs|p2b: Tinkaton\n|-activate|p2b: Tinkaton|move: Protect\n|move|p2a: Umbreon|Foul Play|p1a: 1 hit point\n|-resisted|p1a: 1 hit point|1\n|-damage|p1a: 1 hit point|52/100\n|\n|-weather|none\n|upkeep\n|turn|6\n|\n|t:|1776067247\n|move|p1a: 1 hit point|Protect|p1a: 1 hit point\n|-singleturn|p1a: 1 hit point|Protect\n|move|p2b: Tinkaton|Gigaton Hammer|p1a: 1 hit point\n|-activate|p1a: 1 hit point|move: Protect\n|move|p1b: jenn c lilly|Close Combat|p2a: Umbreon\n|-supereffective|p2a: Umbreon|1\n|-damage|p2a: Umbreon|26/100\n|-unboost|p1b: jenn c lilly|def|1\n|-unboost|p1b: jenn c lilly|spd|1\n|-enditem|p2a: Umbreon|Sitrus Berry|[eat]\n|-heal|p2a: Umbreon|50/100|[from] item: Sitrus Berry\n|move|p2a: Umbreon|Foul Play|p1b: jenn c lilly\n|-damage|p1b: jenn c lilly|0 fnt\n|faint|p1b: jenn c lilly\n|\n|upkeep\n|\n|t:|1776067262\n|switch|p1b: bitch booster|Politoed, L50, F|100/100\n|-weather|RainDance|[from] ability: Drizzle|[of] p1b: bitch booster\n|turn|7\n|\n|t:|1776067303\n|switch|p1b: evil thing|Sneasler, L50, F, shiny|29/100\n|move|p2b: Tinkaton|Feint|p1a: 1 hit point\n|-damage|p1a: 1 hit point|39/100\n|move|p1a: 1 hit point|Psychic Fangs|p2a: Umbreon\n|-immune|p2a: Umbreon\n|move|p2a: Umbreon|Foul Play|p1a: 1 hit point\n|-resisted|p1a: 1 hit point|1\n|-damage|p1a: 1 hit point|0 fnt\n|faint|p1a: 1 hit point\n|\n|-weather|RainDance|[upkeep]\n|upkeep\n|\n|t:|1776067340\n|switch|p1a: bitch booster|Politoed, L50, F|100/100\n|turn|8\n|\n|t:|1776067374\n|move|p1b: evil thing|Dire Claw|p2a: Umbreon\n|-damage|p2a: Umbreon|28/100\n|move|p2b: Tinkaton|Gigaton Hammer|p1a: bitch booster\n|-resisted|p1a: bitch booster|1\n|-damage|p1a: bitch booster|79/100\n|move|p1a: bitch booster|Icy Wind|p2a: Umbreon|[spread] p2a,p2b\n|-resisted|p2b: Tinkaton|1\n|-damage|p2a: Umbreon|23/100\n|-damage|p2b: Tinkaton|96/100\n|-unboost|p2a: Umbreon|spe|1\n|-unboost|p2b: Tinkaton|spe|1\n|move|p2a: Umbreon|Foul Play|p1b: evil thing\n|-resisted|p1b: evil thing|1\n|-damage|p1b: evil thing|0 fnt\n|faint|p1b: evil thing\n|\n|-weather|RainDance|[upkeep]\n|-heal|p1a: bitch booster|85/100|[from] item: Leftovers\n|-sideend|p2: Rengas|Reflect\n|upkeep\n|turn|9\n|\n|t:|1776067405\n|move|p2b: Tinkaton|Protect|p2b: Tinkaton\n|-singleturn|p2b: Tinkaton|Protect\n|move|p1a: bitch booster|Weather Ball|p2a: Umbreon\n|-damage|p2a: Umbreon|0 fnt\n|faint|p2a: Umbreon\n|\n|-weather|RainDance|[upkeep]\n|-heal|p1a: bitch booster|91/100|[from] item: Leftovers\n|upkeep\n|\n|t:|1776067413\n|switch|p2a: Meowscarada|Meowscarada, L50, F|100/100\n|turn|10\n|\n|t:|1776067426\n|move|p2a: Meowscarada|Flower Trick|p1a: bitch booster\n|-supereffective|p1a: bitch booster|1\n|-crit|p1a: bitch booster\n|-damage|p1a: bitch booster|9/100\n|move|p2b: Tinkaton|Gigaton Hammer|p1a: bitch booster\n|-resisted|p1a: bitch booster|1\n|-damage|p1a: bitch booster|0 fnt\n|faint|p1a: bitch booster\n|\n|win|Rengas\n|l|\u2606SeahagDiana\n|player|p1|\n|l|\u2606Rengas\n|player|p2|\n",
  "uploadtime": 1776067495,
  "views": 19,
  "formatid": "gen9championsvgc2026regma",
  "rating": null,
  "private": 0,
  "password": null
}