{
  "id": "gen9championsvgc2026regma-2583485962",
  "format": "[Gen 9 Champions] VGC 2026 Reg M-A",
  "players": [
    "helpAger",
    "siunhanech"
  ],
  "log": "|j|\u2606helpAger\n|j|\u2606siunhanech\n|t:|1776178690\n|gametype|doubles\n|player|p1|helpAger|101|1288\n|player|p2|siunhanech|2|1366\n|gen|9\n|tier|[Gen 9 Champions] VGC 2026 Reg M-A\n|rated|\n|rule|Species Clause: Limit one of each Pok\u00e9mon\n|rule|Item Clause: Limit 1 of each item\n|clearpoke\n|poke|p1|Incineroar, L50, F|\n|poke|p1|Garchomp, L50, M|\n|poke|p1|Venusaur, L50, F|\n|poke|p1|Charizard, L50, F|\n|poke|p1|Gallade, L50, M|\n|poke|p1|Aerodactyl, L50, M|\n|poke|p2|Blastoise, L50, F|\n|poke|p2|Sableye, L50, M|\n|poke|p2|Basculegion, L50, M|\n|poke|p2|Sneasler, L50, M|\n|poke|p2|Sinistcha, L50|\n|poke|p2|Rotom-Wash, L50|\n|teampreview|4\n|inactive|Battle timer is ON: inactive players will automatically lose when time's up. (requested by siunhanech)\n|\n|t:|1776178718\n|teamsize|p1|4\n|teamsize|p2|4\n|start\n|switch|p1a: Aerodactyl|Aerodactyl, L50, M|100/100\n|switch|p1b: Garchomp|Garchomp, L50, M|100/100\n|switch|p2a: Sinh vi\u00ean|Sableye, L50, M|100/100\n|switch|p2b: Ch\u1ed3n l\u00f9i|Sneasler, L50, M|100/100\n|-ability|p1a: Aerodactyl|Unnerve\n|turn|1\n|inactive|siunhanech has 30 seconds left.\n|\n|t:|1776178743\n|move|p2b: Ch\u1ed3n l\u00f9i|Fake Out|p1b: Garchomp\n|-damage|p1b: Garchomp|86/100\n|-damage|p2b: Ch\u1ed3n l\u00f9i|88/100|[from] ability: Rough Skin|[of] p1b: Garchomp\n|move|p2a: Sinh vi\u00ean|Rain Dance|p2a: Sinh vi\u00ean\n|-weather|RainDance\n|move|p1a: Aerodactyl|Tailwind|p1a: Aerodactyl\n|-sidestart|p1: helpAger|move: Tailwind\n|cant|p1b: Garchomp|flinch\n|\n|-weather|RainDance|[upkeep]\n|upkeep\n|turn|2\n|inactive|helpAger has 30 seconds left.\n|\n|t:|1776178773\n|switch|p2b: Tr\u00e0 t\u1eeb tay|Sinistcha, L50|100/100\n|move|p2a: Sinh vi\u00ean|Encore|p1a: Aerodactyl\n|-start|p1a: Aerodactyl|Encore\n|-enditem|p1a: Aerodactyl|Mental Herb\n|-end|p1a: Aerodactyl|Encore\n|move|p1a: Aerodactyl|Rock Slide|p2a: Sinh vi\u00ean|[spread] p2a,p2b\n|-damage|p2a: Sinh vi\u00ean|79/100\n|-damage|p2b: Tr\u00e0 t\u1eeb tay|81/100\n|move|p1b: Garchomp|Earthquake|p2a: Sinh vi\u00ean|[spread] p2a,p2b\n|-immune|p1a: Aerodactyl\n|-resisted|p2b: Tr\u00e0 t\u1eeb tay|1\n|-damage|p2a: Sinh vi\u00ean|41/100\n|-damage|p2b: Tr\u00e0 t\u1eeb tay|64/100\n|\n|-weather|RainDance|[upkeep]\n|upkeep\n|turn|3\n|inactive|helpAger has 30 seconds left.\n|inactive|helpAger has 20 seconds left.\n|inactive|helpAger has 15 seconds left.\n|\n|t:|1776178816\n|move|p2a: Sinh vi\u00ean|Disable|p1b: Garchomp\n|-start|p1b: Garchomp|Disable|Earthquake\n|move|p1a: Aerodactyl|Rock Slide|p2a: Sinh vi\u00ean|[spread] \n|-miss|p1a: Aerodactyl|p2a: Sinh vi\u00ean\n|-miss|p1a: Aerodactyl|p2b: Tr\u00e0 t\u1eeb tay\n|cant|p1b: Garchomp|Disable|Earthquake\n|move|p2b: Tr\u00e0 t\u1eeb tay|Matcha Gotcha|p1a: Aerodactyl|[spread] p1a,p1b\n|-damage|p1a: Aerodactyl|69/100\n|-heal|p2b: Tr\u00e0 t\u1eeb tay|79/100|[from] drain|[of] p1a: Aerodactyl\n|-damage|p1b: Garchomp|60/100\n|-heal|p2b: Tr\u00e0 t\u1eeb tay|93/100|[from] drain|[of] p1b: Garchomp\n|\n|-weather|RainDance|[upkeep]\n|upkeep\n|turn|4\n|inactive|siunhanech has 30 seconds left.\n|\n|t:|1776178848\n|move|p2a: Sinh vi\u00ean|Disable|p1a: Aerodactyl\n|-start|p1a: Aerodactyl|Disable|Rock Slide\n|move|p1a: Aerodactyl|Dual Wingbeat|p2b: Tr\u00e0 t\u1eeb tay|[miss]\n|-miss|p1a: Aerodactyl|p2b: Tr\u00e0 t\u1eeb tay\n|move|p1b: Garchomp|Dragon Claw|p2a: Sinh vi\u00ean\n|-damage|p2a: Sinh vi\u00ean|0 fnt\n|faint|p2a: Sinh vi\u00ean\n|move|p2b: Tr\u00e0 t\u1eeb tay|Trick Room|p2b: Tr\u00e0 t\u1eeb tay\n|-fieldstart|move: Trick Room|[of] p2b: Tr\u00e0 t\u1eeb tay\n|\n|-weather|RainDance|[upkeep]\n|-sideend|p1: helpAger|move: Tailwind\n|upkeep\n|\n|t:|1776178863\n|switch|p2a: B\u1eafn t\u00f9m lum|Blastoise, L50, F|100/100\n|turn|5\n|\n|t:|1776178872\n|detailschange|p2a: B\u1eafn t\u00f9m lum|Blastoise-Mega, L50, F\n|-mega|p2a: B\u1eafn t\u00f9m lum|Blastoise|Blastoisinite\n|move|p2b: Tr\u00e0 t\u1eeb tay|Matcha Gotcha|p1b: Garchomp|[spread] p1a,p1b\n|-damage|p1a: Aerodactyl|38/100\n|-heal|p2b: Tr\u00e0 t\u1eeb tay|100/100|[from] drain|[of] p1a: Aerodactyl\n|-damage|p1b: Garchomp|34/100\n|move|p2a: B\u1eafn t\u00f9m lum|Water Spout|p1a: Aerodactyl|[spread] p1a,p1b\n|-supereffective|p1a: Aerodactyl|1\n|-damage|p1a: Aerodactyl|0 fnt\n|-damage|p1b: Garchomp|0 fnt\n|faint|p1a: Aerodactyl\n|faint|p1b: Garchomp\n|\n|-weather|none\n|upkeep\n|\n|t:|1776178882\n|switch|p1b: Charizard|Charizard, L50, F|100/100\n|switch|p1a: Gallade|Gallade, L50, M|100/100\n|turn|6\n|inactive|helpAger has 30 seconds left.\n|\n|t:|1776178912\n|detailschange|p1b: Charizard|Charizard-Mega-Y, L50, F\n|-mega|p1b: Charizard|Charizard|Charizardite Y\n|-weather|SunnyDay|[from] ability: Drought|[of] p1b: Charizard\n|move|p1b: Charizard|Protect|p1b: Charizard\n|-singleturn|p1b: Charizard|Protect\n|move|p2b: Tr\u00e0 t\u1eeb tay|Rage Powder|p2b: Tr\u00e0 t\u1eeb tay\n|-singleturn|p2b: Tr\u00e0 t\u1eeb tay|move: Rage Powder\n|move|p2a: B\u1eafn t\u00f9m lum|Water Spout|p1a: Gallade|[spread] p1a\n|-activate|p1b: Charizard|move: Protect\n|-damage|p1a: Gallade|65/100\n|move|p1a: Gallade|Leaf Blade|p2b: Tr\u00e0 t\u1eeb tay\n|-resisted|p2b: Tr\u00e0 t\u1eeb tay|1\n|-damage|p2b: Tr\u00e0 t\u1eeb tay|82/100\n|\n|-weather|SunnyDay|[upkeep]\n|upkeep\n|turn|7\n|inactive|siunhanech has 30 seconds left.\n|\n|t:|1776178941\n|move|p2b: Tr\u00e0 t\u1eeb tay|Rage Powder|p2b: Tr\u00e0 t\u1eeb tay\n|-singleturn|p2b: Tr\u00e0 t\u1eeb tay|move: Rage Powder\n|move|p2a: B\u1eafn t\u00f9m lum|Ice Beam|p1a: Gallade\n|-damage|p1a: Gallade|24/100\n|move|p1a: Gallade|Psycho Cut|p2b: Tr\u00e0 t\u1eeb tay\n|-crit|p2b: Tr\u00e0 t\u1eeb tay\n|-damage|p2b: Tr\u00e0 t\u1eeb tay|11/100\n|-enditem|p2b: Tr\u00e0 t\u1eeb tay|Sitrus Berry|[eat]\n|-heal|p2b: Tr\u00e0 t\u1eeb tay|35/100|[from] item: Sitrus Berry\n|move|p1b: Charizard|Heat Wave|p2a: B\u1eafn t\u00f9m lum|[spread] p2a,p2b\n|-resisted|p2a: B\u1eafn t\u00f9m lum|1\n|-supereffective|p2b: Tr\u00e0 t\u1eeb tay|1\n|-damage|p2a: B\u1eafn t\u00f9m lum|74/100\n|-damage|p2b: Tr\u00e0 t\u1eeb tay|0 fnt\n|faint|p2b: Tr\u00e0 t\u1eeb tay\n|\n|-weather|SunnyDay|[upkeep]\n|upkeep\n|\n|t:|1776178951\n|switch|p2b: Ch\u1ed3n l\u00f9i|Sneasler, L50, M|88/100\n|turn|8\n|\n|t:|1776178966\n|move|p2b: Ch\u1ed3n l\u00f9i|Fake Out|p1a: Gallade\n|-damage|p1a: Gallade|0 fnt\n|faint|p1a: Gallade\n|move|p2a: B\u1eafn t\u00f9m lum|Water Spout|p1b: Charizard\n|-supereffective|p1b: Charizard|1\n|-damage|p1b: Charizard|41/100\n|move|p1b: Charizard|Air Slash|p2b: Ch\u1ed3n l\u00f9i\n|-supereffective|p2b: Ch\u1ed3n l\u00f9i|1\n|-damage|p2b: Ch\u1ed3n l\u00f9i|0 fnt\n|faint|p2b: Ch\u1ed3n l\u00f9i\n|\n|-weather|SunnyDay|[upkeep]\n|-fieldend|move: Trick Room\n|upkeep\n|turn|9\n|\n|t:|1776178977\n|move|p1b: Charizard|Air Slash|p2a: B\u1eafn t\u00f9m lum\n|-damage|p2a: B\u1eafn t\u00f9m lum|34/100\n|move|p2a: B\u1eafn t\u00f9m lum|Shell Smash|p2a: B\u1eafn t\u00f9m lum\n|-unboost|p2a: B\u1eafn t\u00f9m lum|def|1\n|-unboost|p2a: B\u1eafn t\u00f9m lum|spd|1\n|-boost|p2a: B\u1eafn t\u00f9m lum|atk|2\n|-boost|p2a: B\u1eafn t\u00f9m lum|spa|2\n|-boost|p2a: B\u1eafn t\u00f9m lum|spe|2\n|\n|-weather|SunnyDay|[upkeep]\n|upkeep\n|turn|10\n|\n|t:|1776178984\n|move|p2a: B\u1eafn t\u00f9m lum|Ice Beam|p1b: Charizard\n|-damage|p1b: Charizard|0 fnt\n|faint|p1b: Charizard\n|\n|win|siunhanech\n|raw|helpAger's rating: 1288 &rarr; <strong>1269</strong><br />(-19 for losing)\n|raw|siunhanech's rating: 1366 &rarr; <strong>1382</strong><br />(+16 for winning)\n|l|\u2606helpAger\n|player|p1|\n",
  "uploadtime": 1776179001,
  "views": 21,
  "formatid": "gen9championsvgc2026regma",
  "rating": 1269,
  "private": 0,
  "password": null
}