{
  "id": "gen9championsvgc2026regma-2587208463",
  "format": "[Gen 9 Champions] VGC 2026 Reg M-A",
  "players": [
    "PotbellyDemon",
    "hfdhtfdh"
  ],
  "log": "|j|\u2606PotbellyDemon\n|j|\u2606hfdhtfdh\n|t:|1776509117\n|gametype|doubles\n|player|p1|PotbellyDemon|volkner|1092\n|player|p2|hfdhtfdh|169|1005\n|gen|9\n|tier|[Gen 9 Champions] VGC 2026 Reg M-A\n|rated|\n|rule|Species Clause: Limit one of each Pok\u00e9mon\n|rule|Item Clause: Limit 1 of each item\n|clearpoke\n|poke|p1|Gardevoir, L50, M|\n|poke|p1|Basculegion, L50, M|\n|poke|p1|Tsareena, L50, F|\n|poke|p1|Incineroar, L50, M|\n|poke|p1|Pelipper, L50, F|\n|poke|p1|Archaludon, L50, M|\n|poke|p2|Charizard, L50, F, shiny|\n|poke|p2|Whimsicott, L50, M, shiny|\n|poke|p2|Garchomp, L50, F|\n|poke|p2|Rotom-Wash, L50|\n|poke|p2|Gyarados, L50, M, shiny|\n|poke|p2|Incineroar, L50, M|\n|teampreview|4\nhfdhtfdh rejected open team sheets.\n|inactive|Battle timer is ON: inactive players will automatically lose when time's up. (requested by hfdhtfdh)\n|j| EnvySenpai\n|\n|t:|1776509156\n|teamsize|p1|4\n|teamsize|p2|4\n|start\n|switch|p1a: EVERY LAST DROP|Archaludon, L50, M|100/100\n|switch|p1b: Basculegion|Basculegion, L50, M|100/100\n|switch|p2a: Whimsicott|Whimsicott, L50, M, shiny|100/100\n|switch|p2b: Garchomp|Garchomp, L50, F|100/100\n|turn|1\n|\n|t:|1776509178\n|move|p1a: EVERY LAST DROP|Protect|p1a: EVERY LAST DROP\n|-singleturn|p1a: EVERY LAST DROP|Protect\n|move|p2a: Whimsicott|Tailwind|p2a: Whimsicott\n|-sidestart|p2: hfdhtfdh|move: Tailwind\n|move|p2b: Garchomp|Earthquake|p1a: EVERY LAST DROP|[spread] p2a,p1b\n|-activate|p1a: EVERY LAST DROP|move: Protect\n|-resisted|p2a: Whimsicott|1\n|-damage|p2a: Whimsicott|69/100\n|-damage|p1b: Basculegion|46/100\n|move|p1b: Basculegion|Flip Turn|p2b: Garchomp\n|-damage|p2b: Garchomp|65/100\n|-damage|p1b: Basculegion|34/100|[from] ability: Rough Skin|[of] p2b: Garchomp\n|\n|t:|1776509194\n|switch|p1b: Tsareena|Tsareena, L50, F|100/100|[from] Flip Turn\n|\n|upkeep\n|turn|2\n|\n|t:|1776509202\n|move|p2a: Whimsicott|Moonblast|p1a: EVERY LAST DROP\n|-damage|p1a: EVERY LAST DROP|48/100\n|move|p2b: Garchomp|Earthquake|p1b: Tsareena|[spread] p2a,p1a,p1b\n|-resisted|p2a: Whimsicott|1\n|-supereffective|p1a: EVERY LAST DROP|1\n|-resisted|p1b: Tsareena|1\n|-damage|p2a: Whimsicott|38/100\n|-damage|p1a: EVERY LAST DROP|0 fnt\n|-damage|p1b: Tsareena|82/100\n|faint|p1a: EVERY LAST DROP\n|move|p1b: Tsareena|Triple Axel|p2b: Garchomp\n|-supereffective|p2b: Garchomp|2\n|-damage|p2b: Garchomp|37/100\n|-damage|p1b: Tsareena|69/100|[from] ability: Rough Skin|[of] p2b: Garchomp\n|-hitcount|p2b: Garchomp|1\n|\n|upkeep\n|inactive|PotbellyDemon has 30 seconds left.\n|\n|t:|1776509228\n|switch|p1a: Bishow|Gardevoir, L50, M|100/100\n|turn|3\n|\n|t:|1776509256\n|move|p1a: Bishow|Protect|p1a: Bishow\n|-singleturn|p1a: Bishow|Protect\n|move|p2a: Whimsicott|Moonblast|p1b: Tsareena\n|-damage|p1b: Tsareena|37/100\n|-enditem|p1b: Tsareena|Sitrus Berry|[eat]\n|-heal|p1b: Tsareena|62/100|[from] item: Sitrus Berry\n|move|p2b: Garchomp|Poison Jab|p1a: Bishow\n|-activate|p1a: Bishow|move: Protect\n|move|p1b: Tsareena|Triple Axel|p2b: Garchomp|[miss]\n|-miss|p1b: Tsareena|p2b: Garchomp\n|\n|upkeep\n|turn|4\n|\n|t:|1776509279\n|move|p1a: Bishow|Protect|p1a: Bishow\n|-singleturn|p1a: Bishow|Protect\n|move|p2a: Whimsicott|Moonblast|p1a: Bishow\n|-activate|p1a: Bishow|move: Protect\n|move|p2b: Garchomp|Poison Jab|p1a: Bishow\n|-activate|p1a: Bishow|move: Protect\n|move|p1b: Tsareena|Triple Axel|p2b: Garchomp\n|-supereffective|p2b: Garchomp|2\n|-damage|p2b: Garchomp|9/100\n|-damage|p1b: Tsareena|50/100|[from] ability: Rough Skin|[of] p2b: Garchomp\n|-supereffective|p2b: Garchomp|2\n|-damage|p2b: Garchomp|0 fnt\n|-damage|p1b: Tsareena|37/100|[from] ability: Rough Skin|[of] p2b: Garchomp\n|faint|p2b: Garchomp\n|-hitcount|p2: Garchomp|2\n|\n|-sideend|p2: hfdhtfdh|move: Tailwind\n|upkeep\n|\n|t:|1776509285\n|switch|p2b: Charizard|Charizard, L50, F, shiny|100/100\n|turn|5\n|\n|t:|1776509303\n|detailschange|p2b: Charizard|Charizard-Mega-X, L50, F, shiny\n|-mega|p2b: Charizard|Charizard|Charizardite X\n|detailschange|p1a: Bishow|Gardevoir-Mega, L50, M\n|-mega|p1a: Bishow|Gardevoir|Gardevoirite\n|move|p2a: Whimsicott|Tailwind|p2a: Whimsicott\n|-sidestart|p2: hfdhtfdh|move: Tailwind\n|move|p2b: Charizard|Flare Blitz|p1a: Bishow\n|-damage|p1a: Bishow|0 fnt\n|faint|p1a: Bishow\n|-damage|p2b: Charizard|64/100|[from] Recoil\n|move|p1b: Tsareena|Triple Axel|p2b: Charizard\n|-damage|p2b: Charizard|56/100\n|-damage|p2b: Charizard|42/100\n|-hitcount|p2b: Charizard|2\n|\n|upkeep\n|\n|t:|1776509315\n|switch|p1a: Basculegion|Basculegion, L50, M|34/100\n|turn|6\n|\n|t:|1776509325\n|move|p1a: Basculegion|Aqua Jet|p2b: Charizard\n|-damage|p2b: Charizard|16/100\n|move|p2a: Whimsicott|Moonblast|p1a: Basculegion\n|-damage|p1a: Basculegion|0 fnt\n|faint|p1a: Basculegion\n|move|p2b: Charizard|Dragon Claw|p1b: Tsareena\n|-crit|p1b: Tsareena\n|-damage|p1b: Tsareena|0 fnt\n|faint|p1b: Tsareena\n|\n|win|hfdhtfdh\n",
  "uploadtime": 1776509122,
  "views": 13,
  "formatid": "gen9championsvgc2026regma",
  "rating": null,
  "private": 0,
  "password": null
}