{
  "id": "gen9championsvgc2026regma-2584530601",
  "format": "[Gen 9 Champions] VGC 2026 Reg M-A",
  "players": [
    "Loyd",
    "Mederain"
  ],
  "log": "|j|\u2606Loyd\n|j|\u2606Mederain\n|t:|1776266913\n|gametype|doubles\n|player|p1|Loyd|volkner|1086\n|player|p2|Mederain|norman|1013\n|gen|9\n|tier|[Gen 9 Champions] VGC 2026 Reg M-A\n|rated|\n|rule|Species Clause: Limit one of each Pok\u00e9mon\n|rule|Item Clause: Limit 1 of each item\n|clearpoke\n|poke|p1|Charizard, L50, F|\n|poke|p1|Incineroar, L50, F|\n|poke|p1|Whimsicott, L50, F|\n|poke|p1|Dragapult, L50, M|\n|poke|p1|Sylveon, L50, F|\n|poke|p1|Sneasler, L50, F|\n|poke|p2|Greninja-*, L50, F|\n|poke|p2|Meowscarada, L50, F|\n|poke|p2|Zoroark-Hisui, L50, M|\n|poke|p2|Incineroar, L50, M|\n|poke|p2|Farigiraf, L50, M|\n|poke|p2|Whimsicott, L50, F|\n|teampreview|4\n|inactive|Battle timer is ON: inactive players will automatically lose when time's up. (requested by Loyd)\n|\n|t:|1776266943\n|teamsize|p1|4\n|teamsize|p2|4\n|start\n|switch|p1a: Whimsicott|Whimsicott, L50, F|100/100\n|switch|p1b: Incineroar|Incineroar, L50, F|100/100\n|switch|p2a: Incineroar|Incineroar, L50, M|100/100\n|switch|p2b: Farigiraf|Farigiraf, L50, M|100/100\n|-ability|p2a: Incineroar|Intimidate|boost\n|-unboost|p1a: Whimsicott|atk|1\n|-unboost|p1b: Incineroar|atk|1\n|-ability|p1b: Incineroar|Intimidate|boost\n|-unboost|p2a: Incineroar|atk|1\n|-unboost|p2b: Farigiraf|atk|1\n|turn|1\n|\n|t:|1776266962\n|move|p2a: Incineroar|Fake Out|p1a: Whimsicott\n|-damage|p1a: Whimsicott|89/100\n|cant|p1a: Whimsicott|flinch\n|move|p2b: Farigiraf|Nasty Plot|p2b: Farigiraf\n|-boost|p2b: Farigiraf|spa|2\n|move|p1b: Incineroar|Throat Chop|p2b: Farigiraf\n|-supereffective|p2b: Farigiraf|1\n|-enditem|p2b: Farigiraf|Colbur Berry|[eat]\n|-enditem|p2b: Farigiraf|Colbur Berry|[weaken]\n|-damage|p2b: Farigiraf|61/100\n|-start|p2b: Farigiraf|Throat Chop|[silent]\n|replace|p2b: Zoroark|Zoroark-Hisui, L50, M\n|-end|p2b: Zoroark|Illusion\n|\n|upkeep\n|turn|2\n|inactive|Mederain has 30 seconds left.\n|inactive|Mederain has 20 seconds left.\n|\n|t:|1776267002\n|switch|p2a: Farigiraf|Farigiraf, L50, M|100/100\n|move|p1a: Whimsicott|Tailwind|p1a: Whimsicott\n|-sidestart|p1: Loyd|move: Tailwind\n|move|p2b: Zoroark|Bitter Malice|p1a: Whimsicott\n|-damage|p1a: Whimsicott|0 fnt\n|faint|p1a: Whimsicott\n|move|p1b: Incineroar|Throat Chop|p2b: Zoroark\n|-supereffective|p2b: Zoroark|1\n|-damage|p2b: Zoroark|0 fnt\n|faint|p2b: Zoroark\n|\n|upkeep\n|\n|t:|1776267020\n|switch|p1a: Charizard|Charizard, L50, F, shiny|100/100\n|switch|p2b: Incineroar|Incineroar, L50, M|100/100\n|-ability|p2b: Incineroar|Intimidate|boost\n|-unboost|p1a: Charizard|atk|1\n|-unboost|p1b: Incineroar|atk|1\n|turn|3\n|\n|t:|1776267036\n|detailschange|p1a: Charizard|Charizard-Mega-Y, L50, F, shiny\n|-mega|p1a: Charizard|Charizard|Charizardite Y\n|-weather|SunnyDay|[from] ability: Drought|[of] p1a: Charizard\n|move|p2b: Incineroar|Fake Out|p1a: Charizard\n|-damage|p1a: Charizard|85/100\n|cant|p1a: Charizard|flinch\n|move|p1b: Incineroar|Flare Blitz|p2a: Farigiraf\n|-damage|p2a: Farigiraf|72/100\n|-damage|p1b: Incineroar|91/100|[from] Recoil\n|move|p2a: Farigiraf|Trick Room|p2a: Farigiraf\n|-fieldstart|move: Trick Room|[of] p2a: Farigiraf\n|\n|-weather|SunnyDay|[upkeep]\n|upkeep\n|turn|4\n|\n|t:|1776267058\n|move|p1a: Charizard|Protect|p1a: Charizard\n|-singleturn|p1a: Charizard|Protect\n|move|p2a: Farigiraf|Hyper Voice|p1a: Charizard|[spread] p1b\n|-activate|p1a: Charizard|move: Protect\n|-damage|p1b: Incineroar|74/100\n|move|p2b: Incineroar|Parting Shot|p1a: Charizard\n|-activate|p1a: Charizard|move: Protect\n|move|p1b: Incineroar|Parting Shot|p2b: Incineroar\n|-unboost|p2b: Incineroar|atk|1\n|-unboost|p2b: Incineroar|spa|1\n|\n|t:|1776267068\n|switch|p1b: Sylveon|Sylveon, L50, F|100/100|[from] Parting Shot\n|\n|-weather|SunnyDay|[upkeep]\n|upkeep\n|turn|5\n|\n|t:|1776267079\n|switch|p1a: Incineroar|Incineroar, L50, F|74/100\n|-ability|p1a: Incineroar|Intimidate|boost\n|-unboost|p2a: Farigiraf|atk|1\n|-unboost|p2b: Incineroar|atk|1\n|move|p2b: Incineroar|Parting Shot|p1a: Incineroar\n|-unboost|p1a: Incineroar|atk|1\n|-unboost|p1a: Incineroar|spa|1\n|\n|t:|1776267087\n|switch|p2b: Greninja|Greninja, L50, F|100/100|[from] Parting Shot\n|move|p1b: Sylveon|Yawn|p2b: Greninja\n|-start|p2b: Greninja|move: Yawn|[of] p1b: Sylveon\n|move|p2a: Farigiraf|Trick Room|p2a: Farigiraf\n|-fieldend|move: Trick Room\n|\n|-weather|SunnyDay|[upkeep]\n|-sideend|p1: Loyd|move: Tailwind\n|upkeep\n|turn|6\n|\n|t:|1776267104\n|switch|p2b: Incineroar|Incineroar, L50, M|100/100\n|-ability|p2b: Incineroar|Intimidate|boost\n|-unboost|p1a: Incineroar|atk|1\n|-unboost|p1b: Sylveon|atk|1\n|move|p1b: Sylveon|Protect|p1b: Sylveon\n|-singleturn|p1b: Sylveon|Protect\n|move|p1a: Incineroar|Throat Chop|p2a: Farigiraf\n|-supereffective|p2a: Farigiraf|1\n|-damage|p2a: Farigiraf|47/100\n|-start|p2a: Farigiraf|Throat Chop|[silent]\n|cant|p2a: Farigiraf|move: Throat Chop\n|\n|-weather|SunnyDay|[upkeep]\n|upkeep\n|turn|7\n|\n|t:|1776267126\n|move|p2a: Farigiraf|Helping Hand|p2b: Incineroar\n|-singleturn|p2b: Incineroar|Helping Hand|[of] p2a: Farigiraf\n|move|p1a: Incineroar|Parting Shot|p2b: Incineroar\n|-unboost|p2b: Incineroar|atk|1\n|-unboost|p2b: Incineroar|spa|1\n|\n|t:|1776267131\n|switch|p1a: Charizard|Charizard-Mega-Y, L50, F, shiny|85/100|[from] Parting Shot\n|move|p2b: Incineroar|Flare Blitz|p1b: Sylveon\n|-damage|p1b: Sylveon|21/100\n|-damage|p2b: Incineroar|74/100|[from] Recoil\n|move|p1b: Sylveon|Hyper Voice|p2a: Farigiraf|[spread] p2a,p2b\n|-damage|p2a: Farigiraf|0 fnt\n|-damage|p2b: Incineroar|34/100\n|faint|p2a: Farigiraf\n|\n|-weather|none\n|-heal|p2b: Incineroar|40/100|[from] item: Leftovers\n|upkeep\n|\n|t:|1776267143\n|switch|p2a: Greninja|Greninja, L50, F|100/100\n|turn|8\n|\n|t:|1776267164\n|switch|p1a: Incineroar|Incineroar, L50, F|74/100\n|-ability|p1a: Incineroar|Intimidate|boost\n|-unboost|p2a: Greninja|atk|1\n|-unboost|p2b: Incineroar|atk|1\n|move|p1b: Sylveon|Protect|p1b: Sylveon\n|-singleturn|p1b: Sylveon|Protect\n|move|p2a: Greninja|Sludge Wave|p1a: Incineroar|[spread] p2b,p1a\n|-start|p2a: Greninja|typechange|Poison|[from] ability: Protean\n|-activate|p1b: Sylveon|move: Protect\n|-damage|p2b: Incineroar|15/100\n|-damage|p1a: Incineroar|49/100\n|-enditem|p1a: Incineroar|Sitrus Berry|[eat]\n|-heal|p1a: Incineroar|74/100|[from] item: Sitrus Berry\n|move|p2b: Incineroar|Parting Shot|p1a: Incineroar\n|-unboost|p1a: Incineroar|atk|1\n|-unboost|p1a: Incineroar|spa|1\n|\n|-heal|p2b: Incineroar|21/100|[from] item: Leftovers\n|upkeep\n|turn|9\n|inactive|Mederain has 30 seconds left.\n|\n|t:|1776267195\n|move|p2a: Greninja|Protect|p2a: Greninja\n|-singleturn|p2a: Greninja|Protect\n|move|p1a: Incineroar|Fake Out|p2a: Greninja\n|-activate|p2a: Greninja|move: Protect\n|move|p1b: Sylveon|Hyper Voice|p2b: Incineroar|[spread] p2b\n|-activate|p2a: Greninja|move: Protect\n|-damage|p2b: Incineroar|0 fnt\n|faint|p2b: Incineroar\n|\n|upkeep\n|turn|10\n|inactive|Loyd has 30 seconds left.\n|\n|t:|1776267222\n|detailschange|p2a: Greninja|Greninja-Mega, L50, F\n|-mega|p2a: Greninja|Greninja|Greninjite\n|move|p2a: Greninja|Flip Turn|p1a: Incineroar\n|-start|p2a: Greninja|typechange|Water|[from] ability: Protean\n|-supereffective|p1a: Incineroar|1\n|-damage|p1a: Incineroar|47/100\n|move|p1b: Sylveon|Hyper Voice|p2a: Greninja\n|-damage|p2a: Greninja|5/100\n|move|p1a: Incineroar|Parting Shot|p2a: Greninja\n|-unboost|p2a: Greninja|atk|1\n|-unboost|p2a: Greninja|spa|1\n|\n|t:|1776267232\n|switch|p1a: Charizard|Charizard-Mega-Y, L50, F, shiny|85/100|[from] Parting Shot\n|-weather|SunnyDay|[from] ability: Drought|[of] p1a: Charizard\n|\n|-weather|SunnyDay|[upkeep]\n|upkeep\n|turn|11\n|-message|Mederain forfeited.\n|\n|win|Loyd\n|raw|Loyd's rating: 1086 &rarr; <strong>1107</strong><br />(+21 for winning)\n|raw|Mederain's rating: 1013 &rarr; <strong>1004</strong><br />(-9 for losing)\n|l|\u2606Mederain\n|player|p2|\n",
  "uploadtime": 1776267239,
  "views": 20,
  "formatid": "gen9championsvgc2026regma",
  "rating": 1004,
  "private": 0,
  "password": null
}