{
  "id": "gen9championsvgc2026regma-2586206274",
  "format": "[Gen 9 Champions] VGC 2026 Reg M-A",
  "players": [
    "Pokeventurer",
    "happidoodledoo"
  ],
  "log": "|j|\u2606Pokeventurer\n|j|\u2606happidoodledoo\n|t:|1776412307\n|gametype|doubles\n|player|p1|Pokeventurer|170|1486\n|player|p2|happidoodledoo|ghetsis|1547\n|gen|9\n|tier|[Gen 9 Champions] VGC 2026 Reg M-A\n|rated|\n|rule|Species Clause: Limit one of each Pok\u00e9mon\n|rule|Item Clause: Limit 1 of each item\n|clearpoke\n|poke|p1|Talonflame, L50, F|\n|poke|p1|Kingambit, L50, M|\n|poke|p1|Garchomp, L50, M|\n|poke|p1|Basculegion, L50, M|\n|poke|p1|Floette-Eternal, L50, F|\n|poke|p1|Pelipper, L50, M|\n|poke|p2|Basculegion, L50, M|\n|poke|p2|Pelipper, L50, M|\n|poke|p2|Archaludon, L50, F|\n|poke|p2|Meganium, L50, F|\n|poke|p2|Glimmora, L50, F|\n|poke|p2|Tsareena, L50, F|\n|teampreview|4\n|inactive|Battle timer is ON: inactive players will automatically lose when time's up. (requested by Pokeventurer)\n|j| hazima\n|inactive|happidoodledoo has 60 seconds left.\n|j| Syachilove0408\n|inactive|happidoodledoo has 30 seconds left.\n|inactive|happidoodledoo has 20 seconds left.\n|j| RedCharonKnight\n|inactive|happidoodledoo has 15 seconds left.\n|inactive|happidoodledoo has 10 seconds left.\n|\n|t:|1776412398\n|teamsize|p1|4\n|teamsize|p2|4\n|start\n|switch|p1a: Garchomp|Garchomp, L50, M|100/100\n|switch|p1b: Talonflame|Talonflame, L50, F|100/100\n|switch|p2a: Pelipper|Pelipper, L50, M|100/100\n|switch|p2b: Archaludon|Archaludon, L50, F|100/100\n|-weather|RainDance|[from] ability: Drizzle|[of] p2a: Pelipper\n|turn|1\n|inactive|happidoodledoo has 30 seconds left.\n|inactive|happidoodledoo has 20 seconds left.\n|\n|t:|1776412435\n|move|p1b: Talonflame|Tailwind|p1b: Talonflame\n|-sidestart|p1: Pokeventurer|move: Tailwind\n|move|p1a: Garchomp|Earthquake|p2b: Archaludon|[spread] p2b\n|-immune|p1b: Talonflame\n|-immune|p2a: Pelipper\n|-supereffective|p2b: Archaludon|1\n|-damage|p2b: Archaludon|20/100\n|move|p2b: Archaludon|Draco Meteor|p1a: Garchomp\n|-supereffective|p1a: Garchomp|1\n|-damage|p1a: Garchomp|0 fnt\n|-unboost|p2b: Archaludon|spa|2\n|faint|p1a: Garchomp\n|move|p2a: Pelipper|Tailwind|p2a: Pelipper\n|-sidestart|p2: happidoodledoo|move: Tailwind\n|\n|-weather|RainDance|[upkeep]\n|upkeep\n|\n|t:|1776412452\n|switch|p1a: Floette|Floette-Eternal, L50, F|100/100\n|turn|2\n|\n|t:|1776412466\n|detailschange|p1a: Floette|Floette-Mega, L50, F\n|-mega|p1a: Floette|Floette|Floettite\n|-ability|p1a: Floette|Fairy Aura\n|move|p1b: Talonflame|Dual Wingbeat|p2a: Pelipper\n|-damage|p2a: Pelipper|76/100\n|-damage|p2a: Pelipper|52/100\n|-hitcount|p2a: Pelipper|2\n|move|p2b: Archaludon|Draco Meteor|p1b: Talonflame\n|-damage|p1b: Talonflame|50/100\n|-unboost|p2b: Archaludon|spa|2\n|move|p1a: Floette|Moonblast|p2a: Pelipper\n|-damage|p2a: Pelipper|0 fnt\n|faint|p2a: Pelipper\n|\n|-weather|RainDance|[upkeep]\n|upkeep\n|\n|t:|1776412477\n|switch|p2a: Glimmora|Glimmora, L50, F|100/100\n|turn|3\n|inactive|happidoodledoo has 30 seconds left.\n|inactive|happidoodledoo has 20 seconds left.\n|inactive|happidoodledoo has 15 seconds left.\n|inactive|happidoodledoo has 10 seconds left.\n|\n|t:|1776412523\n|switch|p1b: Kingambit|Kingambit, L50, M|100/100\n|detailschange|p2a: Glimmora|Glimmora-Mega, L50, F\n|-mega|p2a: Glimmora|Glimmora|Glimmoranite\n|move|p2b: Archaludon|Draco Meteor|p1b: Kingambit\n|-resisted|p1b: Kingambit|1\n|-damage|p1b: Kingambit|89/100\n|-unboost|p2b: Archaludon|spa|2\n|move|p2a: Glimmora|Sludge Wave|p1a: Floette|[spread] p1a\n|-immune|p2b: Archaludon\n|-immune|p1b: Kingambit\n|-supereffective|p1a: Floette|1\n|-damage|p1a: Floette|14/100\n|move|p1a: Floette|Psychic|p2a: Glimmora\n|-supereffective|p2a: Glimmora|1\n|-damage|p2a: Glimmora|18/100\n|\n|-weather|RainDance|[upkeep]\n|upkeep\n|turn|4\n|inactive|happidoodledoo has 30 seconds left.\n|inactive|happidoodledoo has 20 seconds left.\n|\n|t:|1776412568\n|move|p2a: Glimmora|Protect|p2a: Glimmora\n|-singleturn|p2a: Glimmora|Protect\n|move|p1b: Kingambit|Sucker Punch||[still]\n|-fail|p1b: Kingambit\n|move|p2b: Archaludon|Draco Meteor|p1b: Kingambit\n|-resisted|p1b: Kingambit|1\n|-damage|p1b: Kingambit|82/100\n|move|p1a: Floette|Dazzling Gleam|p2a: Glimmora|[spread] p2b\n|-activate|p2a: Glimmora|move: Protect\n|-damage|p2b: Archaludon|0 fnt\n|faint|p2b: Archaludon\n|\n|-weather|RainDance|[upkeep]\n|-sideend|p1: Pokeventurer|move: Tailwind\n|-sideend|p2: happidoodledoo|move: Tailwind\n|upkeep\n|\n|t:|1776412570\n|switch|p2b: Basculegion|Basculegion, L50, M|100/100\n|turn|5\n|\n|t:|1776412580\n|move|p2a: Glimmora|Protect|p2a: Glimmora\n|-singleturn|p2a: Glimmora|Protect\n|move|p1b: Kingambit|Sucker Punch||[still]\n|-fail|p1b: Kingambit\n|move|p2b: Basculegion|Wave Crash|p1b: Kingambit\n|-damage|p1b: Kingambit|10/100\n|-damage|p2b: Basculegion|75/100|[from] Recoil\n|move|p1a: Floette|Moonblast|p2b: Basculegion\n|-damage|p2b: Basculegion|0 fnt\n|faint|p2b: Basculegion\n|\n|-weather|none\n|upkeep\n|turn|6\n|-message|happidoodledoo forfeited.\n|\n|win|Pokeventurer\n|raw|Pokeventurer's rating: 1486 &rarr; <strong>1509</strong><br />(+23 for winning)\n|raw|happidoodledoo's rating: 1547 &rarr; <strong>1524</strong><br />(-23 for losing)\n|l|\u2606happidoodledoo\n|player|p2|\n|j| 1#MiraidonHater\n",
  "uploadtime": 1776412591,
  "views": 52,
  "formatid": "gen9championsvgc2026regma",
  "rating": 1509,
  "private": 0,
  "password": null
}