{
  "id": "gen9championsvgc2026regma-2585094619",
  "format": "[Gen 9 Champions] VGC 2026 Reg M-A",
  "players": [
    "Yeatlover20",
    "dkapflzksh"
  ],
  "log": "|j|\u2606Yeatlover20\n|j|\u2606dkapflzksh\n|t:|1776311165\n|gametype|doubles\n|player|p1|Yeatlover20|169|1363\n|player|p2|dkapflzksh|scientist-gen4dp|1383\n|gen|9\n|tier|[Gen 9 Champions] VGC 2026 Reg M-A\n|rated|\n|rule|Species Clause: Limit one of each Pok\u00e9mon\n|rule|Item Clause: Limit 1 of each item\n|clearpoke\n|poke|p1|Scovillain, L50, M|\n|poke|p1|Incineroar, L50, F|\n|poke|p1|Farigiraf, L50, M|\n|poke|p1|Gallade, L50, M|\n|poke|p1|Kingambit, L50, F|\n|poke|p1|Pelipper, L50, M|\n|poke|p2|Basculegion, L50, M|\n|poke|p2|Dragonite, L50, F|\n|poke|p2|Archaludon, L50, M|\n|poke|p2|Sableye, L50, F|\n|poke|p2|Scizor, L50, M|\n|poke|p2|Incineroar, L50, F|\n|teampreview|4\n|inactive|Battle timer is ON: inactive players will automatically lose when time's up. (requested by Yeatlover20)\n|\n|t:|1776311192\n|teamsize|p1|4\n|teamsize|p2|4\n|start\n|switch|p1a: Farigiraf|Farigiraf, L50, M, shiny|100/100\n|switch|p1b: Incineroar|Incineroar, L50, F, shiny|100/100\n|switch|p2a: Sableye|Sableye, L50, F|100/100\n|switch|p2b: Scizor|Scizor, L50, M|100/100\n|-ability|p1b: Incineroar|Intimidate|boost\n|-unboost|p2a: Sableye|atk|1\n|-unboost|p2b: Scizor|atk|1\n|turn|1\n|j| gamalvgc?\n|l| gamalvgc?\n|inactive|dkapflzksh has 30 seconds left.\n|\n|t:|1776311217\n|switch|p2b: Archaludon|Archaludon, L50, M, shiny|100/100\n|move|p2a: Sableye|Rain Dance|p2a: Sableye\n|-weather|RainDance\n|move|p1b: Incineroar|Darkest Lariat|p2a: Sableye\n|-damage|p2a: Sableye|38/100\n|move|p1a: Farigiraf|Trick Room|p1a: Farigiraf\n|-fieldstart|move: Trick Room|[of] p1a: Farigiraf\n|\n|-weather|RainDance|[upkeep]\n|upkeep\n|turn|2\n|j| CARtu348rjf90\n|\n|t:|1776311233\n|switch|p2a: Dragonite|Dragonite, L50, F, shiny|100/100\n|move|p1b: Incineroar|Close Combat|p2b: Archaludon\n|-supereffective|p2b: Archaludon|1\n|-damage|p2b: Archaludon|43/100\n|-unboost|p1b: Incineroar|def|1\n|-unboost|p1b: Incineroar|spd|1\n|-ability|p2b: Archaludon|Stamina|boost\n|-boost|p2b: Archaludon|def|1\n|-enditem|p1b: Incineroar|White Herb\n|-clearnegativeboost|p1b: Incineroar|[silent]\n|move|p1a: Farigiraf|Nasty Plot|p1a: Farigiraf\n|-boost|p1a: Farigiraf|spa|2\n|move|p2b: Archaludon|Electro Shot||[still]\n|-prepare|p2b: Archaludon|Electro Shot\n|-boost|p2b: Archaludon|spa|1\n|-anim|p2b: Archaludon|Electro Shot|p1b: Incineroar\n|-damage|p1b: Incineroar|42/100\n|\n|-weather|RainDance|[upkeep]\n|-heal|p2b: Archaludon|49/100|[from] item: Leftovers\n|upkeep\n|turn|3\n|l| CARtu348rjf90\n|inactive|Yeatlover20 has 30 seconds left.\n|\n|t:|1776311260\n|move|p2b: Archaludon|Protect|p2b: Archaludon\n|-singleturn|p2b: Archaludon|Protect\n|move|p2a: Dragonite|Protect|p2a: Dragonite\n|-singleturn|p2a: Dragonite|Protect\n|move|p1a: Farigiraf|Psychic|p2b: Archaludon\n|-activate|p2b: Archaludon|move: Protect\n|move|p1b: Incineroar|Darkest Lariat|p2a: Dragonite\n|-activate|p2a: Dragonite|move: Protect\n|\n|-weather|RainDance|[upkeep]\n|-heal|p2b: Archaludon|56/100|[from] item: Leftovers\n|upkeep\n|turn|4\n|j| gamalvgc?\n|l| gamalvgc?\n|inactive|dkapflzksh has 30 seconds left.\n|\n|t:|1776311288\n|switch|p2b: Sableye|Sableye, L50, F|38/100\n|detailschange|p2a: Dragonite|Dragonite-Mega, L50, F, shiny\n|-mega|p2a: Dragonite|Dragonite|Dragoninite\n|move|p1a: Farigiraf|Psychic|p2a: Dragonite\n|-damage|p2a: Dragonite|65/100\n|move|p1b: Incineroar|Darkest Lariat|p2b: Sableye\n|-damage|p2b: Sableye|0 fnt\n|faint|p2b: Sableye\n|move|p2a: Dragonite|Hurricane|p1a: Farigiraf\n|-damage|p1a: Farigiraf|48/100\n|-enditem|p1a: Farigiraf|Sitrus Berry|[eat]\n|-heal|p1a: Farigiraf|73/100|[from] item: Sitrus Berry\n|\n|-weather|RainDance|[upkeep]\n|upkeep\n|\n|t:|1776311312\n|switch|p2b: Scizor|Scizor, L50, M|100/100\n|turn|5\n|\n|t:|1776311330\n|switch|p1b: Gallade|Gallade, L50, M, shiny|100/100\n|move|p2b: Scizor|Protect|p2b: Scizor\n|-singleturn|p2b: Scizor|Protect\n|move|p2a: Dragonite|Protect|p2a: Dragonite\n|-singleturn|p2a: Dragonite|Protect\n|move|p1a: Farigiraf|Hyper Voice|p2b: Scizor|[spread] \n|-activate|p2a: Dragonite|move: Protect\n|-activate|p2b: Scizor|move: Protect\n|\n|-weather|none\n|-fieldend|move: Trick Room\n|upkeep\n|turn|6\n|\n|t:|1776311347\n|switch|p1b: Incineroar|Incineroar, L50, F, shiny|42/100\n|-ability|p1b: Incineroar|Intimidate|boost\n|-unboost|p2a: Dragonite|atk|1\n|-unboost|p2b: Scizor|atk|1\n|move|p2a: Dragonite|Hurricane|p1b: Incineroar\n|-damage|p1b: Incineroar|0 fnt\n|faint|p1b: Incineroar\n|move|p2b: Scizor|Dual Wingbeat|p1a: Farigiraf\n|-crit|p1a: Farigiraf\n|-damage|p1a: Farigiraf|40/100\n|-damage|p1a: Farigiraf|24/100\n|-hitcount|p1a: Farigiraf|2\n|move|p1a: Farigiraf|Trick Room|p1a: Farigiraf\n|-fieldstart|move: Trick Room|[of] p1a: Farigiraf\n|\n|upkeep\n|\n|t:|1776311361\n|switch|p1b: Kingambit|Kingambit, L50, F, shiny|100/100\n|turn|7\n|\n|t:|1776311375\n|move|p2b: Scizor|Protect|p2b: Scizor\n|-singleturn|p2b: Scizor|Protect\n|move|p2a: Dragonite|Protect|p2a: Dragonite\n|-singleturn|p2a: Dragonite|Protect\n|move|p1b: Kingambit|Swords Dance|p1b: Kingambit\n|-boost|p1b: Kingambit|atk|2\n|move|p1a: Farigiraf|Psychic|p2a: Dragonite\n|-activate|p2a: Dragonite|move: Protect\n|\n|upkeep\n|turn|8\n|\n|t:|1776311384\n|move|p1b: Kingambit|Kowtow Cleave|p2b: Scizor\n|-damage|p2b: Scizor|0 fnt\n|faint|p2b: Scizor\n|move|p1a: Farigiraf|Psychic|p2a: Dragonite\n|-damage|p2a: Dragonite|0 fnt\n|faint|p2a: Dragonite\n|\n|upkeep\n|-message|dkapflzksh forfeited.\n|\n|win|Yeatlover20\n|raw|Yeatlover20's rating: 1363 &rarr; <strong>1384</strong><br />(+21 for winning)\n|raw|dkapflzksh's rating: 1383 &rarr; <strong>1362</strong><br />(-21 for losing)\n",
  "uploadtime": 1776311392,
  "views": 41,
  "formatid": "gen9championsvgc2026regma",
  "rating": 1362,
  "private": 0,
  "password": null
}