{
  "id": "gen9championsvgc2026regma-2581072935",
  "format": "[Gen 9 Champions] VGC 2026 Reg M-A",
  "players": [
    "TheDrakovish",
    "miscUsernamme"
  ],
  "log": "|j|\u2606TheDrakovish\n|j|\u2606miscUsernamme\n|t:|1775957286\n|gametype|doubles\n|player|p1|TheDrakovish|bugcatcher-gen4dp|1096\n|player|p2|miscUsernamme|ethan|1000\n|gen|9\n|tier|[Gen 9 Champions] VGC 2026 Reg M-A\n|rated|\n|rule|Species Clause: Limit one of each Pok\u00e9mon\n|rule|Item Clause: Limit 1 of each item\n|clearpoke\n|poke|p1|Froslass, L50, F|\n|poke|p1|Tauros-Paldea-Blaze, L50, M|\n|poke|p1|Tsareena, L50, F|\n|poke|p1|Zoroark-Hisui, L50, F|\n|poke|p1|Kleavor, L50, F|\n|poke|p1|Whimsicott, L50, F|\n|poke|p2|Charizard, L50, F|\n|poke|p2|Gardevoir, L50, M|\n|poke|p2|Glimmora, L50, M|\n|poke|p2|Venusaur, L50, M|\n|poke|p2|Sneasler, L50, M|\n|poke|p2|Incineroar, L50, F|\n|teampreview|4\n|inactive|Battle timer is ON: inactive players will automatically lose when time's up. (requested by miscUsernamme)\n|inactive|TheDrakovish has 60 seconds left.\n|inactive|miscUsernamme has 60 seconds left.\n|\n|t:|1775957331\n|teamsize|p1|4\n|teamsize|p2|4\n|start\n|switch|p1a: Kleavor|Kleavor, L50, F, shiny|100/100\n|switch|p1b: Tauros|Tauros-Paldea-Blaze, L50, M|100/100\n|switch|p2a: Charizard|Charizard, L50, F|100/100\n|switch|p2b: Venusaur|Venusaur, L50, M|100/100\n|-ability|p1b: Tauros|Intimidate|boost\n|-unboost|p2a: Charizard|atk|1\n|-unboost|p2b: Venusaur|atk|1\n|turn|1\n|inactive|miscUsernamme has 30 seconds left.\n|inactive|miscUsernamme has 20 seconds left.\n|inactive|miscUsernamme has 15 seconds left.\n|\n|t:|1775957372\n|detailschange|p2a: Charizard|Charizard-Mega-Y, L50, F\n|-mega|p2a: Charizard|Charizard|Charizardite Y\n|-weather|SunnyDay|[from] ability: Drought|[of] p2a: Charizard\n|move|p1a: Kleavor|Detect|p1a: Kleavor\n|-singleturn|p1a: Kleavor|Protect\n|move|p1b: Tauros|Protect|p1b: Tauros\n|-singleturn|p1b: Tauros|Protect\n|move|p2b: Venusaur|Sleep Powder|p1a: Kleavor\n|-activate|p1a: Kleavor|move: Protect\n|move|p2a: Charizard|Scorching Sands|p1b: Tauros\n|-activate|p1b: Tauros|move: Protect\n|\n|-weather|SunnyDay|[upkeep]\n|upkeep\n|turn|2\n|inactive|TheDrakovish has 30 seconds left.\n|\n|t:|1775957403\n|switch|p1b: Tsareena|Tsareena, L50, F, shiny|100/100\n|move|p2b: Venusaur|Sleep Powder|p1a: Kleavor\n|-status|p1a: Kleavor|slp|[from] move: Sleep Powder\n|cant|p1a: Kleavor|slp\n|move|p2a: Charizard|Breaking Swipe|p1b: Tsareena|[spread] p1a,p1b\n|-damage|p1a: Kleavor|85/100 slp\n|-damage|p1b: Tsareena|93/100\n|-unboost|p1a: Kleavor|atk|1\n|-unboost|p1b: Tsareena|atk|1\n|replace|p1a: Zoroark|Zoroark-Hisui, L50, F, shiny\n|-end|p1a: Zoroark|Illusion\n|\n|-weather|SunnyDay|[upkeep]\n|upkeep\n|turn|3\n|inactive|TheDrakovish has 30 seconds left.\n|\n|t:|1775957428\n|-curestatus|p1a: Zoroark|slp|[msg]\n|move|p1a: Zoroark|Detect|p1a: Zoroark\n|-singleturn|p1a: Zoroark|Protect\n|move|p1b: Tsareena|Protect|p1b: Tsareena\n|-singleturn|p1b: Tsareena|Protect\n|move|p2b: Venusaur|Acid Spray|p1b: Tsareena\n|-activate|p1b: Tsareena|move: Protect\n|move|p2a: Charizard|Heat Wave|p1b: Tsareena|[spread] \n|-activate|p1a: Zoroark|move: Protect\n|-activate|p1b: Tsareena|move: Protect\n|\n|-weather|SunnyDay|[upkeep]\n|upkeep\n|turn|4\n|inactive|TheDrakovish has 30 seconds left.\n|\n|t:|1775957455\n|move|p2b: Venusaur|Acid Spray|p1a: Zoroark\n|-resisted|p1a: Zoroark|1\n|-damage|p1a: Zoroark|67/100\n|-unboost|p1a: Zoroark|spd|2\n|move|p1a: Zoroark|Icy Wind|p2a: Charizard|[spread] p2b\n|-miss|p1a: Zoroark|p2a: Charizard\n|-supereffective|p2b: Venusaur|1\n|-damage|p2b: Venusaur|70/100\n|-unboost|p2b: Venusaur|spe|1\n|move|p2a: Charizard|Heat Wave|p1b: Tsareena|[spread] p1a,p1b\n|-supereffective|p1b: Tsareena|1\n|-damage|p1a: Zoroark|0 fnt\n|-damage|p1b: Tsareena|0 fnt\n|faint|p1a: Zoroark\n|faint|p1b: Tsareena\n|\n|-weather|SunnyDay|[upkeep]\n|upkeep\n|\n|t:|1775957471\n|switch|p1a: Kleavor|Kleavor, L50, F, shiny|100/100\n|switch|p1b: Tauros|Tauros-Paldea-Blaze, L50, M|100/100\n|-ability|p1b: Tauros|Intimidate|boost\n|-unboost|p2a: Charizard|atk|1\n|-unboost|p2b: Venusaur|atk|1\n|turn|5\n|inactive|TheDrakovish has 30 seconds left.\n|inactive|TheDrakovish has 20 seconds left.\n|inactive|TheDrakovish has 15 seconds left.\n|\n|t:|1775957515\n|switch|p2b: Glimmora|Glimmora, L50, M|100/100\n|switch|p2a: Sneasler|Sneasler, L50, M|100/100\n|move|p1a: Kleavor|Stone Axe|p2a: Sneasler\n|-resisted|p2a: Sneasler|1\n|-crit|p2a: Sneasler\n|-damage|p2a: Sneasler|42/100\n|-sidestart|p2: miscUsernamme|move: Stealth Rock\n|move|p1b: Tauros|Flare Blitz|p2b: Glimmora\n|-resisted|p2b: Glimmora|1\n|-damage|p2b: Glimmora|53/100\n|-activate|p2b: Glimmora|ability: Toxic Debris\n|-sidestart|p1: TheDrakovish|move: Toxic Spikes\n|-damage|p1b: Tauros|82/100|[from] Recoil\n|-heal|p1b: Tauros|88/100|[from] item: Shell Bell|[of] p2b: Glimmora\n|\n|-weather|none\n|upkeep\n|turn|6\n|inactive|TheDrakovish has 30 seconds left.\n|inactive|miscUsernamme has 30 seconds left.\n|\n|t:|1775957544\n|move|p1b: Tauros|Protect|p1b: Tauros\n|-singleturn|p1b: Tauros|Protect\n|move|p1a: Kleavor|Stone Axe|p2a: Sneasler\n|-resisted|p2a: Sneasler|1\n|-damage|p2a: Sneasler|7/100\n|move|p2b: Glimmora|Acid Spray|p1b: Tauros\n|-activate|p1b: Tauros|move: Protect\n|move|p2a: Sneasler|Swords Dance|p2a: Sneasler\n|-boost|p2a: Sneasler|atk|2\n|\n|upkeep\n|turn|7\n|\n|t:|1775957568\n|move|p1a: Kleavor|Stone Axe|p2a: Sneasler\n|-resisted|p2a: Sneasler|1\n|-damage|p2a: Sneasler|0 fnt\n|faint|p2a: Sneasler\n|move|p2b: Glimmora|Acid Spray|p1b: Tauros\n|-damage|p1b: Tauros|48/100\n|-unboost|p1b: Tauros|spd|2\n|move|p1b: Tauros|Stomping Tantrum|p2b: Glimmora\n|-supereffective|p2b: Glimmora|2\n|-damage|p2b: Glimmora|0 fnt\n|-activate|p2b: Glimmora|ability: Toxic Debris\n|-sidestart|p1: TheDrakovish|move: Toxic Spikes\n|faint|p2b: Glimmora\n|-heal|p1b: Tauros|56/100|[from] item: Shell Bell|[of] p2: Glimmora\n|\n|upkeep\n|\n|t:|1775957584\n|switch|p2a: Charizard|Charizard-Mega-Y, L50, F|100/100\n|switch|p2b: Venusaur|Venusaur, L50, M|70/100\n|-damage|p2a: Charizard|50/100|[from] Stealth Rock\n|-weather|SunnyDay|[from] ability: Drought|[of] p2a: Charizard\n|-damage|p2b: Venusaur|58/100|[from] Stealth Rock\n|turn|8\n|\n|t:|1775957605\n|move|p2b: Venusaur|Sleep Powder|p1a: Kleavor|[miss]\n|-miss|p2b: Venusaur|p1a: Kleavor\n|move|p1a: Kleavor|Stone Axe|p2a: Charizard\n|-supereffective|p2a: Charizard|2\n|-damage|p2a: Charizard|0 fnt\n|faint|p2a: Charizard\n|move|p1b: Tauros|Flare Blitz|p2b: Venusaur\n|-supereffective|p2b: Venusaur|1\n|-crit|p2b: Venusaur\n|-damage|p2b: Venusaur|0 fnt\n|faint|p2b: Venusaur\n|-damage|p1b: Tauros|32/100|[from] Recoil\n|-heal|p1b: Tauros|41/100|[from] item: Shell Bell|[of] p2: Venusaur\n|\n|win|TheDrakovish\n|raw|TheDrakovish's rating: 1096 &rarr; <strong>1115</strong><br />(+19 for winning)\n|raw|miscUsernamme's rating: 1000 &rarr; <strong>1000</strong><br />(+0 for losing)\n|l|\u2606miscUsernamme\n|player|p2|\n|c|\u2606TheDrakovish|DYNAMIC DUO\n",
  "uploadtime": 1775957637,
  "views": 13,
  "formatid": "gen9championsvgc2026regma",
  "rating": 1000,
  "private": 0,
  "password": null
}