{
  "id": "gen9championsvgc2026regma-2581590419",
  "format": "[Gen 9 Champions] VGC 2026 Reg M-A",
  "players": [
    "23456ujhgrew",
    "DavidTIS"
  ],
  "log": "|j|\u260623456ujhgrew\n|j|\u2606DavidTIS\n|t:|1776013363\n|gametype|doubles\n|player|p1|23456ujhgrew|lucas|1070\n|player|p2|DavidTIS|volkner|1019\n|gen|9\n|tier|[Gen 9 Champions] VGC 2026 Reg M-A\n|rated|\n|rule|Species Clause: Limit one of each Pok\u00e9mon\n|rule|Item Clause: Limit 1 of each item\n|clearpoke\n|poke|p1|Charizard, L50, F|\n|poke|p1|Venusaur, L50, M|\n|poke|p1|Incineroar, L50, M|\n|poke|p1|Farigiraf, L50, F|\n|poke|p1|Conkeldurr, L50, F|\n|poke|p1|Garchomp, L50, M|\n|poke|p2|Garganacl, L50, M|\n|poke|p2|Mimikyu, L50, F|\n|poke|p2|Chimecho, L50, F|\n|poke|p2|Avalugg, L50, F|\n|poke|p2|Slowbro, L50, F|\n|poke|p2|Lucario, L50, M|\n|teampreview|4\n|inactive|Battle timer is ON: inactive players will automatically lose when time's up. (requested by DavidTIS)\n|inactive|23456ujhgrew has 60 seconds left.\n|\n|t:|1776013417\n|teamsize|p1|4\n|teamsize|p2|4\n|start\n|switch|p1a: Charizard|Charizard, L50, F|100/100\n|switch|p1b: Garchomp|Garchomp, L50, M|100/100\n|switch|p2a: Garganacl|Garganacl, L50, M|100/100\n|switch|p2b: Mimikyu|Mimikyu, L50, F|100/100\n|turn|1\n|\n|t:|1776013433\n|detailschange|p1a: Charizard|Charizard-Mega-Y, L50, F\n|-mega|p1a: Charizard|Charizard|Charizardite Y\n|-weather|SunnyDay|[from] ability: Drought|[of] p1a: Charizard\n|move|p1b: Garchomp|Stomping Tantrum|p2b: Mimikyu\n|-activate|p2b: Mimikyu|ability: Disguise\n|-damage|p2b: Mimikyu|100/100\n|detailschange|p2b: Mimikyu|Mimikyu-Busted, L50, F\n|-damage|p2b: Mimikyu|88/100|[from] pokemon: Mimikyu-Busted\n|move|p1a: Charizard|Weather Ball|p2b: Mimikyu\n|-damage|p2b: Mimikyu|0 fnt\n|faint|p2b: Mimikyu\n|move|p2a: Garganacl|Rock Slide|p1a: Charizard|[spread] p1a\n|-miss|p2a: Garganacl|p1b: Garchomp\n|-supereffective|p1a: Charizard|2\n|-damage|p1a: Charizard|0 fnt\n|faint|p1a: Charizard\n|\n|-weather|SunnyDay|[upkeep]\n|upkeep\n|\n|t:|1776013452\n|switch|p1a: Incineroar|Incineroar, L50, M|100/100\n|switch|p2b: Slowbro|Slowbro, L50, F|100/100\n|-ability|p1a: Incineroar|Intimidate|boost\n|-fail|p2a: Garganacl|unboost|[from] ability: Clear Body|[of] p2a: Garganacl\n|-unboost|p2b: Slowbro|atk|1\n|turn|2\n|inactive|23456ujhgrew has 30 seconds left.\n|-activate|p2a: Garganacl|item: Quick Claw\n|\n|t:|1776013479\n|move|p1a: Incineroar|Fake Out|p2b: Slowbro\n|-crit|p2b: Slowbro\n|-damage|p2b: Slowbro|83/100\n|move|p2a: Garganacl|Rock Slide|p1a: Incineroar|[spread] p1a,p1b\n|-supereffective|p1a: Incineroar|1\n|-resisted|p1b: Garchomp|1\n|-damage|p1a: Incineroar|56/100\n|-damage|p1b: Garchomp|89/100\n|cant|p1b: Garchomp|flinch\n|cant|p2b: Slowbro|flinch\n|\n|-weather|SunnyDay|[upkeep]\n|-heal|p2b: Slowbro|89/100|[from] item: Leftovers\n|upkeep\n|turn|3\n|\n|t:|1776013495\n|move|p1b: Garchomp|Stomping Tantrum|p2b: Slowbro\n|-damage|p2b: Slowbro|16/100\n|move|p1a: Incineroar|Darkest Lariat|p2b: Slowbro\n|-supereffective|p2b: Slowbro|1\n|-damage|p2b: Slowbro|0 fnt\n|faint|p2b: Slowbro\n|move|p2a: Garganacl|Avalanche|p1b: Garchomp\n|-supereffective|p1b: Garchomp|2\n|-damage|p1b: Garchomp|23/100\n|-damage|p2a: Garganacl|88/100|[from] ability: Rough Skin|[of] p1b: Garchomp\n|\n|-weather|SunnyDay|[upkeep]\n|upkeep\n|\n|t:|1776013507\n|switch|p2b: Chimecho|Chimecho, L50, F|100/100\n|turn|4\n|\n|t:|1776013524\n|detailschange|p2b: Chimecho|Chimecho-Mega, L50, F\n|-mega|p2b: Chimecho|Chimecho|Chimechite\n|move|p1b: Garchomp|Stomping Tantrum|p2a: Garganacl\n|-supereffective|p2a: Garganacl|1\n|-damage|p2a: Garganacl|37/100\n|move|p1a: Incineroar|Darkest Lariat|p2b: Chimecho\n|-supereffective|p2b: Chimecho|1\n|-damage|p2b: Chimecho|24/100\n|move|p2b: Chimecho|Psychic|p1b: Garchomp\n|-damage|p1b: Garchomp|0 fnt\n|faint|p1b: Garchomp\n|move|p2a: Garganacl|Body Press|p1a: Incineroar\n|-supereffective|p1a: Incineroar|1\n|-damage|p1a: Incineroar|2/100\n|\n|-weather|SunnyDay|[upkeep]\n|upkeep\n|\n|t:|1776013537\n|switch|p1b: Farigiraf|Farigiraf, L50, F|100/100\n|turn|5\n|\n|t:|1776013548\n|move|p1a: Incineroar|Darkest Lariat|p2b: Chimecho\n|-supereffective|p2b: Chimecho|1\n|-damage|p2b: Chimecho|0 fnt\n|faint|p2b: Chimecho\n|move|p1b: Farigiraf|Psychic|p2a: Garganacl\n|-damage|p2a: Garganacl|0 fnt\n|faint|p2a: Garganacl\n|\n|win|23456ujhgrew\n|raw|23456ujhgrew's rating: 1070 &rarr; <strong>1095</strong><br />(+25 for winning)\n|raw|DavidTIS's rating: 1019 &rarr; <strong>1008</strong><br />(-11 for losing)\n",
  "uploadtime": 1776013554,
  "views": 17,
  "formatid": "gen9championsvgc2026regma",
  "rating": 1008,
  "private": 0,
  "password": null
}