{
  "id": "gen9championsvgc2026regma-2584529203",
  "format": "[Gen 9 Champions] VGC 2026 Reg M-A",
  "players": [
    "MvillMpersonality",
    "fimmm"
  ],
  "log": "|j|\u2606MvillMpersonality\n|j|\u2606fimmm\n|t:|1776266821\n|gametype|doubles\n|player|p1|MvillMpersonality|pokemaniac|1265\n|player|p2|fimmm|whitney|1273\n|gen|9\n|tier|[Gen 9 Champions] VGC 2026 Reg M-A\n|rated|\n|rule|Species Clause: Limit one of each Pok\u00e9mon\n|rule|Item Clause: Limit 1 of each item\n|clearpoke\n|poke|p1|Scovillain, L50, F|\n|poke|p1|Sinistcha, L50|\n|poke|p1|Gallade, L50, M|\n|poke|p1|Kingambit, L50, F|\n|poke|p1|Rhyperior, L50, M|\n|poke|p1|Primarina, L50, F|\n|poke|p2|Aurorus, L50, M|\n|poke|p2|Aerodactyl, L50, M|\n|poke|p2|Tyranitar, L50, F|\n|poke|p2|Aegislash, L50, F|\n|poke|p2|Excadrill, L50, F|\n|poke|p2|Rotom-Mow, L50|\n|teampreview|4\n|inactive|Battle timer is ON: inactive players will automatically lose when time's up. (requested by fimmm)\n|inactive|MvillMpersonality has 60 seconds left.\n|inactive|fimmm has 60 seconds left.\n|c|\u2606MvillMpersonality|hf\n|inactive|fimmm has 30 seconds left.\n|\n|t:|1776266890\n|teamsize|p1|4\n|teamsize|p2|4\n|start\n|switch|p1a: Scovillain|Scovillain, L50, F|100/100\n|switch|p1b: Gallade|Gallade, L50, M|100/100\n|switch|p2a: Rotom|Rotom-Mow, L50|100/100\n|switch|p2b: Aegislash|Aegislash, L50, F|100/100\n|turn|1\n|inactive|MvillMpersonality has 30 seconds left.\n|\n|t:|1776266921\n|switch|p2b: Aurorus|Aurorus, L50, M|100/100\n|detailschange|p1a: Scovillain|Scovillain-Mega, L50, F\n|-mega|p1a: Scovillain|Scovillain|Scovillainite\n|move|p1a: Scovillain|Rage Powder|p1a: Scovillain\n|-singleturn|p1a: Scovillain|move: Rage Powder\n|move|p2a: Rotom|Trick|p1b: Gallade\n|-activate|p2a: Rotom|move: Trick|[of] p1b: Gallade\n|-item|p1b: Gallade|Choice Scarf|[from] move: Trick\n|-item|p2a: Rotom|Black Belt|[from] move: Trick\n|move|p1b: Gallade|Trick Room|p1b: Gallade\n|-fieldstart|move: Trick Room|[of] p1b: Gallade\n|\n|upkeep\n|turn|2\n|inactive|MvillMpersonality has 30 seconds left.\n|\n|t:|1776266951\n|switch|p1b: Primarina|Primarina, L50, F|100/100\n|move|p2b: Aurorus|Hyper Voice|p1a: Scovillain|[spread] p1a,p1b\n|-resisted|p1b: Primarina|1\n|-damage|p1a: Scovillain|65/100\n|-damage|p1b: Primarina|86/100\n|-status|p2b: Aurorus|brn|[from] ability: Spicy Spray|[of] p1a: Scovillain\n|move|p1a: Scovillain|Overheat|p2a: Rotom\n|-supereffective|p2a: Rotom|1\n|-crit|p2a: Rotom\n|-damage|p2a: Rotom|0 fnt\n|-unboost|p1a: Scovillain|spa|2\n|faint|p2a: Rotom\n|\n|-damage|p2b: Aurorus|94/100 brn|[from] brn\n|upkeep\n|\n|t:|1776266970\n|switch|p2a: Aegislash|Aegislash, L50, F|100/100\n|turn|3\n|\n|t:|1776266987\n|move|p1a: Scovillain|Rage Powder|p1a: Scovillain\n|-singleturn|p1a: Scovillain|move: Rage Powder\n|move|p1b: Primarina|Hyper Voice|p2b: Aurorus|[spread] p2a,p2b\n|-supereffective|p2b: Aurorus|1\n|-damage|p2a: Aegislash|66/100\n|-damage|p2b: Aurorus|16/100 brn\n|move|p2b: Aurorus|Hyper Voice|p1b: Primarina|[spread] p1a,p1b\n|-resisted|p1b: Primarina|1\n|-damage|p1a: Scovillain|27/100\n|-damage|p1b: Primarina|71/100\n|-formechange|p2a: Aegislash|Aegislash-Blade|\n|move|p2a: Aegislash|Poltergeist|p1a: Scovillain\n|-activate|p1a: Scovillain|move: Poltergeist|Scovillainite\n|-damage|p1a: Scovillain|0 fnt\n|-status|p2a: Aegislash|brn|[from] ability: Spicy Spray|[of] p1a: Scovillain\n|faint|p1a: Scovillain\n|\n|-damage|p2b: Aurorus|10/100 brn|[from] brn\n|-damage|p2a: Aegislash|60/100 brn|[from] brn\n|upkeep\n|\n|t:|1776267006\n|switch|p1a: Rhyperior|Rhyperior, L50, M|100/100\n|turn|4\n|\n|t:|1776267027\n|move|p1a: Rhyperior|Rock Slide|p2b: Aurorus|[spread] p2a,p2b\n|-resisted|p2a: Aegislash|1\n|-supereffective|p2b: Aurorus|1\n|-damage|p2a: Aegislash|20/100 brn\n|-damage|p2b: Aurorus|0 fnt\n|faint|p2b: Aurorus\n|move|p1b: Primarina|Calm Mind|p1b: Primarina\n|-boost|p1b: Primarina|spa|1\n|-boost|p1b: Primarina|spd|1\n|move|p2a: Aegislash|Sacred Sword|p1a: Rhyperior\n|-supereffective|p1a: Rhyperior|1\n|-damage|p1a: Rhyperior|79/100\n|\n|-damage|p2a: Aegislash|14/100 brn|[from] brn\n|upkeep\n|\n|t:|1776267029\n|switch|p2b: Excadrill|Excadrill, L50, F|100/100\n|turn|5\n|\n|t:|1776267049\n|move|p2a: Aegislash|Protect|p2a: Aegislash\n|-singleturn|p2a: Aegislash|Protect\n|move|p2b: Excadrill|Protect|p2b: Excadrill\n|-singleturn|p2b: Excadrill|Protect\n|move|p1a: Rhyperior|High Horsepower|p2b: Excadrill\n|-activate|p2b: Excadrill|move: Protect\n|move|p1b: Primarina|Hyper Voice|p2b: Excadrill|[spread] \n|-activate|p2a: Aegislash|move: Protect\n|-activate|p2b: Excadrill|move: Protect\n|\n|-damage|p2a: Aegislash|8/100 brn|[from] brn\n|-fieldend|move: Trick Room\n|upkeep\n|turn|6\n|inactive|MvillMpersonality has 30 seconds left.\n|inactive|MvillMpersonality has 20 seconds left.\n|\n|t:|1776267088\n|switch|p1a: Gallade|Gallade, L50, M|100/100\n|move|p2b: Excadrill|Iron Head|p1b: Primarina\n|-damage|p1b: Primarina|19/100\n|move|p2a: Aegislash|Poltergeist|p1b: Primarina\n|-activate|p1b: Primarina|move: Poltergeist|Mystic Water\n|-damage|p1b: Primarina|0 fnt\n|faint|p1b: Primarina\n|\n|-damage|p2a: Aegislash|2/100 brn|[from] brn\n|upkeep\n|\n|t:|1776267099\n|switch|p1b: Rhyperior|Rhyperior, L50, M|79/100\n|turn|7\n|\n|t:|1776267112\n|move|p2b: Excadrill|Iron Head|p1b: Rhyperior\n|-supereffective|p1b: Rhyperior|1\n|-damage|p1b: Rhyperior|25/100\n|move|p2a: Aegislash|Poltergeist|p1a: Gallade\n|-activate|p1a: Gallade|move: Poltergeist|Choice Scarf\n|-supereffective|p1a: Gallade|1\n|-damage|p1a: Gallade|8/100\n|move|p1b: Rhyperior|High Horsepower|p2b: Excadrill\n|-supereffective|p2b: Excadrill|1\n|-enditem|p2b: Excadrill|Focus Sash\n|-damage|p2b: Excadrill|1/100\n|move|p1a: Gallade|Trick Room|p1a: Gallade\n|-fieldstart|move: Trick Room|[of] p1a: Gallade\n|\n|-damage|p2a: Aegislash|0 fnt|[from] brn\n|faint|p2a: Aegislash\n|upkeep\n|turn|8\n|\n|t:|1776267135\n|move|p2b: Excadrill|Protect|p2b: Excadrill\n|-singleturn|p2b: Excadrill|Protect\n|move|p1b: Rhyperior|High Horsepower|p2b: Excadrill\n|-activate|p2b: Excadrill|move: Protect\n|move|p1a: Gallade|Trick Room|p1a: Gallade\n|-fieldend|move: Trick Room\n|\n|upkeep\n|turn|9\n|inactive|MvillMpersonality has 30 seconds left.\n|inactive|MvillMpersonality has 20 seconds left.\n|inactive|MvillMpersonality has 15 seconds left.\n|\n|t:|1776267176\n|move|p1b: Rhyperior|Protect|p1b: Rhyperior\n|-singleturn|p1b: Rhyperior|Protect\n|move|p2b: Excadrill|Iron Head|p1b: Rhyperior\n|-activate|p1b: Rhyperior|move: Protect\n|move|p1a: Gallade|Trick Room|p1a: Gallade\n|-fieldstart|move: Trick Room|[of] p1a: Gallade\n|\n|upkeep\n|turn|10\n|\n|t:|1776267193\n|move|p2b: Excadrill|Protect|p2b: Excadrill\n|-singleturn|p2b: Excadrill|Protect\n|move|p1b: Rhyperior|Swords Dance|p1b: Rhyperior\n|-boost|p1b: Rhyperior|atk|2\n|move|p1a: Gallade|Trick Room|p1a: Gallade\n|-fieldend|move: Trick Room\n|\n|upkeep\n|turn|11\n|\n|t:|1776267215\n|move|p2b: Excadrill|Rock Slide|p1b: Rhyperior|[spread] p1a,p1b\n|-resisted|p1a: Gallade|1\n|-crit|p1a: Gallade\n|-resisted|p1b: Rhyperior|1\n|-damage|p1a: Gallade|0 fnt\n|-damage|p1b: Rhyperior|16/100\n|faint|p1a: Gallade\n|move|p1b: Rhyperior|High Horsepower|p2b: Excadrill\n|-supereffective|p2b: Excadrill|1\n|-damage|p2b: Excadrill|0 fnt\n|faint|p2b: Excadrill\n|\n|win|MvillMpersonality\n|raw|MvillMpersonality's rating: 1265 &rarr; <strong>1291</strong><br />(+26 for winning)\n|raw|fimmm's rating: 1273 &rarr; <strong>1247</strong><br />(-26 for losing)\n|l|\u2606fimmm\n|player|p2|\n|c|\u2606MvillMpersonality|Great game\n",
  "uploadtime": 1776267253,
  "views": 43,
  "formatid": "gen9championsvgc2026regma",
  "rating": 1247,
  "private": 0,
  "password": null
}