{
  "id": "gen9championsvgc2026regma-2583636231",
  "format": "[Gen 9 Champions] VGC 2026 Reg M-A",
  "players": [
    "tunnelzx",
    "Mirthinion"
  ],
  "log": "|j|\u2606tunnelzx\n|j|\u2606Mirthinion\n|t:|1776187932\n|gametype|doubles\n|player|p1|tunnelzx|harlequin|1134\n|player|p2|Mirthinion|janitor|1182\n|gen|9\n|tier|[Gen 9 Champions] VGC 2026 Reg M-A\n|rated|\n|rule|Species Clause: Limit one of each Pok\u00e9mon\n|rule|Item Clause: Limit 1 of each item\n|clearpoke\n|poke|p1|Politoed, L50, M|\n|poke|p1|Sableye, L50, F|\n|poke|p1|Meganium, L50, M|\n|poke|p1|Toxicroak, L50, M|\n|poke|p1|Araquanid, L50, M|\n|poke|p1|Raichu, L50, F|\n|poke|p2|Tyranitar, L50, M|\n|poke|p2|Lycanroc, L50, M|\n|poke|p2|Primarina, L50, F|\n|poke|p2|Corviknight, L50, M|\n|poke|p2|Kommo-o, L50, M|\n|poke|p2|Incineroar, L50, M|\n|teampreview|4\n|inactive|Battle timer is ON: inactive players will automatically lose when time's up. (requested by Mirthinion)\n|j| cyusontheinternet\nMirthinion rejected open team sheets.\n|inactive|tunnelzx has 60 seconds left.\n|inactive|Mirthinion has 60 seconds left.\n|l| cyusontheinternet\n|\n|t:|1776187990\n|teamsize|p1|4\n|teamsize|p2|4\n|start\n|switch|p1a: stitch|Sableye, L50, F, shiny|100/100\n|switch|p1b: Toxicroak|Toxicroak, L50, M|100/100\n|switch|p2a: Kommo-o|Kommo-o, L50, M, shiny|100/100\n|switch|p2b: Corviknight|Corviknight, L50, M|100/100\n|turn|1\n|\n|t:|1776188009\n|move|p1b: Toxicroak|Fake Out|p2a: Kommo-o\n|-damage|p2a: Kommo-o|88/100\n|move|p1a: stitch|Rain Dance|p1a: stitch\n|-weather|RainDance\n|cant|p2a: Kommo-o|flinch\n|move|p2b: Corviknight|Brave Bird|p1b: Toxicroak\n|-supereffective|p1b: Toxicroak|1\n|-enditem|p1b: Toxicroak|Focus Sash\n|-damage|p1b: Toxicroak|1/100\n|-damage|p2b: Corviknight|75/100|[from] Recoil\n|\n|-weather|RainDance|[upkeep]\n|-heal|p1b: Toxicroak|14/100|[from] ability: Dry Skin\n|-heal|p2a: Kommo-o|94/100|[from] item: Leftovers\n|upkeep\n|turn|2\n|\n|t:|1776188030\n|move|p1a: stitch|Disable|p2b: Corviknight\n|-start|p2b: Corviknight|Disable|Brave Bird\n|move|p2a: Kommo-o|Clanging Scales|p1a: stitch|[spread] p1a,p1b\n|-damage|p1a: stitch|64/100\n|-damage|p1b: Toxicroak|0 fnt\n|faint|p1b: Toxicroak\n|-unboost|p2a: Kommo-o|def|1\n|move|p2b: Corviknight|Iron Head|p1a: stitch\n|-damage|p1a: stitch|34/100\n|\n|-weather|RainDance|[upkeep]\n|-heal|p2a: Kommo-o|100/100|[from] item: Leftovers\n|upkeep\n|\n|t:|1776188047\n|switch|p1b: Lesbian|Meganium, L50, M, shiny|100/100\n|turn|3\n|inactive|Mirthinion has 30 seconds left.\n|\n|t:|1776188074\n|detailschange|p1b: Lesbian|Meganium-Mega, L50, M, shiny\n|-mega|p1b: Lesbian|Meganium|Meganiumite\n|move|p1a: stitch|Encore|p2a: Kommo-o\n|-start|p2a: Kommo-o|Encore\n|move|p2a: Kommo-o|Clanging Scales|p1a: stitch|[spread] p1a\n|-immune|p1b: Lesbian\n|-damage|p1a: stitch|0 fnt\n|faint|p1a: stitch\n|-unboost|p2a: Kommo-o|def|1\n|move|p1b: Lesbian|Weather Ball|p2b: Corviknight\n|-supereffective|p2b: Corviknight|1\n|-damage|p2b: Corviknight|0 fnt\n|faint|p2b: Corviknight\n|\n|-weather|RainDance|[upkeep]\n|upkeep\n|\n|t:|1776188089\n|switch|p2b: Tyranitar|Tyranitar, L50, M|100/100\n|switch|p1a: Miranha|Araquanid, L50, M, shiny|100/100\n|-weather|Sandstorm|[from] ability: Sand Stream|[of] p2b: Tyranitar\n|turn|4\n|\n|t:|1776188110\n|detailschange|p2b: Tyranitar|Tyranitar-Mega, L50, M\n|-mega|p2b: Tyranitar|Tyranitar|Tyranitarite\n|move|p1a: Miranha|Protect|p1a: Miranha\n|-singleturn|p1a: Miranha|Protect\n|move|p2a: Kommo-o|Clanging Scales|p1b: Lesbian|[spread] \n|-activate|p1a: Miranha|move: Protect\n|-immune|p1b: Lesbian\n|move|p2b: Tyranitar|Knock Off|p1a: Miranha\n|-activate|p1a: Miranha|move: Protect\n|move|p1b: Lesbian|Solar Beam||[still]\n|-prepare|p1b: Lesbian|Solar Beam\n|-activate|p1b: Lesbian|ability: Mega Sol\n|-anim|p1b: Lesbian|Solar Beam|p2b: Tyranitar\n|-supereffective|p2b: Tyranitar|1\n|-damage|p2b: Tyranitar|2/100\n|\n|-weather|Sandstorm|[upkeep]\n|-damage|p2a: Kommo-o|94/100|[from] Sandstorm\n|-damage|p1b: Lesbian|95/100|[from] Sandstorm\n|-damage|p1a: Miranha|94/100|[from] Sandstorm\n|-heal|p2a: Kommo-o|100/100|[from] item: Leftovers\n|upkeep\n|turn|5\n|inactive|tunnelzx has 30 seconds left.\n|inactive|Mirthinion has 30 seconds left.\n|\n|t:|1776188144\n|move|p2a: Kommo-o|Clanging Scales|p1a: Miranha|[spread] p1a\n|-immune|p1b: Lesbian\n|-damage|p1a: Miranha|70/100\n|-unboost|p2a: Kommo-o|def|1\n|move|p2b: Tyranitar|Rock Slide|p1a: Miranha|[spread] p1a,p1b\n|-supereffective|p1a: Miranha|1\n|-damage|p1a: Miranha|0 fnt\n|-damage|p1b: Lesbian|60/100\n|faint|p1a: Miranha\n|cant|p1b: Lesbian|flinch\n|\n|-weather|Sandstorm|[upkeep]\n|-damage|p2a: Kommo-o|94/100|[from] Sandstorm\n|-damage|p1b: Lesbian|55/100|[from] Sandstorm\n|-heal|p2a: Kommo-o|100/100|[from] item: Leftovers\n|-end|p2a: Kommo-o|Encore\n|upkeep\n|turn|6\n|\n|t:|1776188163\n|move|p2a: Kommo-o|Aura Sphere|p1b: Lesbian\n|-resisted|p1b: Lesbian|1\n|-damage|p1b: Lesbian|43/100\n|move|p2b: Tyranitar|Rock Slide|p1b: Lesbian\n|-damage|p1b: Lesbian|1/100\n|cant|p1b: Lesbian|flinch\n|\n|-weather|Sandstorm|[upkeep]\n|-damage|p2a: Kommo-o|94/100|[from] Sandstorm\n|-damage|p1b: Lesbian|0 fnt|[from] Sandstorm\n|faint|p1b: Lesbian\n|\n|win|Mirthinion\n|raw|tunnelzx's rating: 1134 &rarr; <strong>1112</strong><br />(-22 for losing)\n|raw|Mirthinion's rating: 1182 &rarr; <strong>1204</strong><br />(+22 for winning)\n|l|\u2606tunnelzx\n|player|p1|\n",
  "uploadtime": 1776188175,
  "views": 36,
  "formatid": "gen9championsvgc2026regma",
  "rating": 1112,
  "private": 0,
  "password": null
}