{
  "id": "gen9championsvgc2026regma-2588205655",
  "format": "[Gen 9 Champions] VGC 2026 Reg M-A",
  "players": [
    "adaunus",
    "Raquaqua"
  ],
  "log": "|j|\u2606adaunus\n|j|\u2606Raquaqua\n|t:|1776614288\n|gametype|doubles\n|player|p1|adaunus|1|1075\n|player|p2|Raquaqua|169|1000\n|gen|9\n|tier|[Gen 9 Champions] VGC 2026 Reg M-A\n|rated|\n|rule|Species Clause: Limit one of each Pok\u00e9mon\n|rule|Item Clause: Limit 1 of each item\n|clearpoke\n|poke|p1|Golurk, L50|\n|poke|p1|Pelipper, L50, M|\n|poke|p1|Archaludon, L50, F|\n|poke|p1|Rotom-Wash, L50|\n|poke|p1|Basculegion, L50, M|\n|poke|p1|Feraligatr, L50, M|\n|poke|p2|Tyranitar, L50, M, shiny|\n|poke|p2|Arcanine, L50, M|\n|poke|p2|Sylveon, L50, F|\n|poke|p2|Whimsicott, L50, F, shiny|\n|poke|p2|Aggron, L50, M|\n|poke|p2|Drampa, L50, F|\n|teampreview|4\n|\n|t:|1776614338\n|teamsize|p1|4\n|teamsize|p2|4\n|start\n|switch|p1a: Golurk|Golurk, L50|100/100\n|switch|p1b: Rotom|Rotom-Wash, L50|100/100\n|switch|p2a: Drampa|Drampa, L50, F|100/100\n|switch|p2b: Whimsicott|Whimsicott, L50, F, shiny|100/100\n|turn|1\n|\n|t:|1776614356\n|detailschange|p1a: Golurk|Golurk-Mega, L50\n|-mega|p1a: Golurk|Golurk|Golurkite\n|move|p2a: Drampa|Protect|p2a: Drampa\n|-singleturn|p2a: Drampa|Protect\n|move|p2b: Whimsicott|Tailwind|p2b: Whimsicott\n|-sidestart|p2: Raquaqua|move: Tailwind\n|move|p1b: Rotom|Volt Switch|p2b: Whimsicott\n|-resisted|p2b: Whimsicott|1\n|-damage|p2b: Whimsicott|80/100\n|\n|t:|1776614365\n|switch|p1b: Pelipper|Pelipper, L50, M|100/100|[from] Volt Switch\n|-weather|RainDance|[from] ability: Drizzle|[of] p1b: Pelipper\n|move|p1a: Golurk|Poltergeist|p2b: Whimsicott\n|-activate|p2b: Whimsicott|move: Poltergeist|Mental Herb\n|-damage|p2b: Whimsicott|4/100\n|\n|-weather|RainDance|[upkeep]\n|upkeep\n|turn|2\n|\n|t:|1776614383\n|move|p2b: Whimsicott|Moonblast|p1a: Golurk\n|-damage|p1a: Golurk|75/100\n|move|p2a: Drampa|Draco Meteor|p1a: Golurk\n|-damage|p1a: Golurk|10/100\n|-unboost|p2a: Drampa|spa|2\n|move|p1a: Golurk|Close Combat|p2a: Drampa\n|-supereffective|p2a: Drampa|1\n|-damage|p2a: Drampa|1/100\n|-unboost|p1a: Golurk|def|1\n|-unboost|p1a: Golurk|spd|1\n|-ability|p2a: Drampa|Berserk|boost\n|-boost|p2a: Drampa|spa|1\n|move|p1b: Pelipper|U-turn|p2b: Whimsicott\n|-damage|p2b: Whimsicott|0 fnt\n|faint|p2b: Whimsicott\n|\n|t:|1776614398\n|switch|p1b: Rotom|Rotom-Wash, L50|100/100|[from] U-turn\n|\n|-weather|RainDance|[upkeep]\n|upkeep\n|\n|t:|1776614402\n|switch|p2b: Tyranitar|Tyranitar, L50, M, shiny|100/100\n|-weather|Sandstorm|[from] ability: Sand Stream|[of] p2b: Tyranitar\n|turn|3\n|\n|t:|1776614430\n|switch|p1a: Pelipper|Pelipper, L50, M|100/100\n|-weather|RainDance|[from] ability: Drizzle|[of] p1a: Pelipper\n|move|p2b: Tyranitar|Knock Off|p1a: Pelipper\n|-damage|p1a: Pelipper|46/100\n|-enditem|p1a: Pelipper|Wacan Berry|[from] move: Knock Off|[of] p2b: Tyranitar\n|move|p1b: Rotom|Volt Switch|p2a: Drampa\n|-resisted|p2a: Drampa|1\n|-damage|p2a: Drampa|0 fnt\n|faint|p2a: Drampa\n|\n|t:|1776614442\n|switch|p1b: Basculegion|Basculegion, L50, M|100/100|[from] Volt Switch\n|\n|-weather|RainDance|[upkeep]\n|upkeep\n|\n|t:|1776614447\n|switch|p2a: Sylveon|Sylveon, L50, F|100/100\n|turn|4\n|\n|t:|1776614456\n|move|p1b: Basculegion|Protect|p1b: Basculegion\n|-singleturn|p1b: Basculegion|Protect\n|move|p2b: Tyranitar|Knock Off|p1b: Basculegion\n|-activate|p1b: Basculegion|move: Protect\n|move|p2a: Sylveon|Hyper Voice|p1b: Basculegion|[spread] p1a\n|-activate|p1b: Basculegion|move: Protect\n|-damage|p1a: Pelipper|0 fnt\n|faint|p1a: Pelipper\n|\n|-weather|RainDance|[upkeep]\n|-sideend|p2: Raquaqua|move: Tailwind\n|upkeep\n|\n|t:|1776614472\n|switch|p1a: Rotom|Rotom-Wash, L50|100/100\n|turn|5\n|\n|t:|1776614485\n|detailschange|p2b: Tyranitar|Tyranitar-Mega, L50, M, shiny\n|-mega|p2b: Tyranitar|Tyranitar|Tyranitarite\n|-weather|Sandstorm|[from] ability: Sand Stream|[of] p2b: Tyranitar\n|move|p2a: Sylveon|Protect|p2a: Sylveon\n|-singleturn|p2a: Sylveon|Protect\n|move|p1b: Basculegion|Wave Crash|p2a: Sylveon\n|-activate|p2a: Sylveon|move: Protect\n|move|p1a: Rotom|Hydro Pump|p2b: Tyranitar|[miss]\n|-miss|p1a: Rotom|p2b: Tyranitar\n|move|p2b: Tyranitar|Knock Off|p1b: Basculegion\n|-supereffective|p1b: Basculegion|1\n|-damage|p1b: Basculegion|0 fnt\n|-enditem|p1b: Basculegion|Mystic Water|[from] move: Knock Off|[of] p2b: Tyranitar\n|faint|p1b: Basculegion\n|\n|-weather|Sandstorm|[upkeep]\n|-damage|p1a: Rotom|94/100|[from] Sandstorm\n|-damage|p2a: Sylveon|95/100|[from] Sandstorm\n|-heal|p1a: Rotom|100/100|[from] item: Leftovers\n|upkeep\n|\n|t:|1776614496\n|switch|p1b: Golurk|Golurk-Mega, L50|10/100\n|turn|6\n|\n|t:|1776614514\n|move|p1a: Rotom|Hydro Pump|p2b: Tyranitar|[miss]\n|-miss|p1a: Rotom|p2b: Tyranitar\n|move|p1b: Golurk|Close Combat|p2b: Tyranitar\n|-supereffective|p2b: Tyranitar|2\n|-damage|p2b: Tyranitar|0 fnt\n|-unboost|p1b: Golurk|def|1\n|-unboost|p1b: Golurk|spd|1\n|faint|p2b: Tyranitar\n|move|p2a: Sylveon|Hyper Beam|p1a: Rotom\n|-damage|p1a: Rotom|0 fnt\n|-mustrecharge|p2a: Sylveon\n|faint|p1a: Rotom\n|\n|-weather|Sandstorm|[upkeep]\n|-damage|p2a: Sylveon|89/100|[from] Sandstorm\n|upkeep\n|turn|7\n|\n|t:|1776614530\n|move|p1b: Golurk|Headlong Rush|p2a: Sylveon\n|-damage|p2a: Sylveon|0 fnt\n|-unboost|p1b: Golurk|def|1\n|-unboost|p1b: Golurk|spd|1\n|faint|p2a: Sylveon\n|\n|win|adaunus\n|raw|adaunus's rating: 1075 &rarr; <strong>1098</strong><br />(+23 for winning)\n|raw|Raquaqua's rating: 1000 &rarr; <strong>1000</strong><br />(+0 for losing)\n|l|\u2606Raquaqua\n|player|p2|\n",
  "uploadtime": 1776614683,
  "views": 10,
  "formatid": "gen9championsvgc2026regma",
  "rating": 1000,
  "private": 0,
  "password": null
}