{
  "id": "gen9championsvgc2026regma-2588113749",
  "format": "[Gen 9 Champions] VGC 2026 Reg M-A",
  "players": [
    "telegraphgo",
    "AsukaHikaru"
  ],
  "log": "|j|\u2606telegraphgo\n|j|\u2606AsukaHikaru\n|t:|1776605756\n|gametype|doubles\n|player|p1|telegraphgo|2|1394\n|player|p2|AsukaHikaru|volkner|1386\n|gen|9\n|tier|[Gen 9 Champions] VGC 2026 Reg M-A\n|rated|\n|rule|Species Clause: Limit one of each Pok\u00e9mon\n|rule|Item Clause: Limit 1 of each item\n|clearpoke\n|poke|p1|Tyranitar, L50, M|\n|poke|p1|Excadrill, L50, F|\n|poke|p1|Incineroar, L50, F|\n|poke|p1|Rotom-Wash, L50|\n|poke|p1|Corviknight, L50, F|\n|poke|p1|Sinistcha, L50|\n|poke|p2|Floette-Eternal, L50, F|\n|poke|p2|Incineroar, L50, M|\n|poke|p2|Aegislash, L50, M|\n|poke|p2|Garchomp, L50, F|\n|poke|p2|Delphox, L50, M|\n|poke|p2|Maushold-Four, L50|\n|teampreview|4\n|inactive|Battle timer is ON: inactive players will automatically lose when time's up. (requested by telegraphgo)\n|inactive|telegraphgo has 60 seconds left.\n|inactive|AsukaHikaru has 60 seconds left.\n|\n|t:|1776605817\n|teamsize|p1|4\n|teamsize|p2|4\n|start\n|switch|p1a: Tyranitar|Tyranitar, L50, M|100/100\n|switch|p1b: Excadrill|Excadrill, L50, F|100/100\n|switch|p2a: Garchomp|Garchomp, L50, F|100/100\n|switch|p2b: Aegislash|Aegislash, L50, M|100/100\n|-weather|Sandstorm|[from] ability: Sand Stream|[of] p1a: Tyranitar\n|turn|1\n|inactive|telegraphgo has 30 seconds left.\n|\n|t:|1776605849\n|switch|p1a: Corviknight|Corviknight, L50, F|100/100\n|move|p1b: Excadrill|Protect|p1b: Excadrill\n|-singleturn|p1b: Excadrill|Protect\n|move|p2b: Aegislash|King's Shield|p2b: Aegislash\n|-singleturn|p2b: Aegislash|Protect\n|move|p2a: Garchomp|Stomping Tantrum|p1b: Excadrill\n|-activate|p1b: Excadrill|move: Protect\n|\n|-weather|Sandstorm|[upkeep]\n|upkeep\n|turn|2\n|inactive|telegraphgo has 30 seconds left.\n|inactive|AsukaHikaru has 30 seconds left.\n|inactive|telegraphgo has 20 seconds left.\n|\n|t:|1776605885\n|move|p1b: Excadrill|Earthquake|p2a: Garchomp|[spread] p2a,p2b\n|-immune|p1a: Corviknight\n|-supereffective|p2b: Aegislash|1\n|-crit|p2b: Aegislash\n|-damage|p2a: Garchomp|61/100\n|-enditem|p2b: Aegislash|Focus Sash\n|-damage|p2b: Aegislash|1/100\n|move|p2a: Garchomp|Stomping Tantrum|p1b: Excadrill\n|-supereffective|p1b: Excadrill|1\n|-enditem|p1b: Excadrill|Focus Sash\n|-damage|p1b: Excadrill|1/100\n|-formechange|p2b: Aegislash|Aegislash-Blade|\n|move|p2b: Aegislash|Poltergeist|p1a: Corviknight\n|-activate|p1a: Corviknight|move: Poltergeist|Leftovers\n|-damage|p1a: Corviknight|58/100\n|move|p1a: Corviknight|Brave Bird|p2a: Garchomp\n|-damage|p2a: Garchomp|31/100\n|-damage|p1a: Corviknight|46/100|[from] ability: Rough Skin|[of] p2a: Garchomp\n|-enditem|p2a: Garchomp|Sitrus Berry|[eat]\n|-heal|p2a: Garchomp|55/100|[from] item: Sitrus Berry\n|-damage|p1a: Corviknight|36/100|[from] Recoil\n|\n|-weather|Sandstorm|[upkeep]\n|-heal|p1a: Corviknight|41/100|[from] item: Leftovers\n|upkeep\n|turn|3\n|inactive|telegraphgo has 30 seconds left.\n|inactive|AsukaHikaru has 30 seconds left.\n|\n|t:|1776605913\n|switch|p1b: Incineroar|Incineroar, L50, F|100/100\n|-ability|p1b: Incineroar|Intimidate|boost\n|-unboost|p2a: Garchomp|atk|1\n|-unboost|p2b: Aegislash|atk|1\n|switch|p2a: Incineroar|Incineroar, L50, M|100/100\n|-ability|p2a: Incineroar|Intimidate|boost\n|-ability|p1a: Corviknight|Mirror Armor\n|-unboost|p2a: Incineroar|atk|1\n|-unboost|p1b: Incineroar|atk|1\n|move|p2b: Aegislash|Shadow Sneak|p1b: Incineroar\n|-resisted|p1b: Incineroar|1\n|-damage|p1b: Incineroar|93/100\n|move|p1a: Corviknight|Roost|p1a: Corviknight\n|-heal|p1a: Corviknight|92/100\n|-singleturn|p1a: Corviknight|move: Roost\n|\n|-weather|Sandstorm|[upkeep]\n|-damage|p1b: Incineroar|87/100|[from] Sandstorm\n|-damage|p2a: Incineroar|95/100|[from] Sandstorm\n|-heal|p1a: Corviknight|98/100|[from] item: Leftovers\n|upkeep\n|turn|4\n|inactive|telegraphgo has 30 seconds left.\n|\n|t:|1776605944\n|switch|p2b: Delphox|Delphox, L50, M|100/100\n|move|p1b: Incineroar|Fake Out|p2a: Incineroar\n|-damage|p2a: Incineroar|86/100\n|cant|p2a: Incineroar|flinch\n|move|p1a: Corviknight|Bulk Up|p1a: Corviknight\n|-boost|p1a: Corviknight|atk|1\n|-boost|p1a: Corviknight|def|1\n|\n|-weather|Sandstorm|[upkeep]\n|-damage|p2b: Delphox|95/100|[from] Sandstorm\n|-damage|p1b: Incineroar|81/100|[from] Sandstorm\n|-damage|p2a: Incineroar|80/100|[from] Sandstorm\n|-heal|p1a: Corviknight|100/100|[from] item: Leftovers\n|upkeep\n|turn|5\n|inactive|telegraphgo has 30 seconds left.\n|inactive|telegraphgo has 20 seconds left.\n|inactive|telegraphgo has 15 seconds left.\n|inactive|telegraphgo has 10 seconds left.\n|\n|t:|1776605990\n|detailschange|p2b: Delphox|Delphox-Mega, L50, M\n|-mega|p2b: Delphox|Delphox|Delphoxite\n|move|p2b: Delphox|Nasty Plot|p2b: Delphox\n|-boost|p2b: Delphox|spa|2\n|move|p1a: Corviknight|Brave Bird|p2b: Delphox\n|-damage|p2b: Delphox|29/100\n|-damage|p1a: Corviknight|84/100|[from] Recoil\n|move|p1b: Incineroar|Throat Chop|p2b: Delphox\n|-supereffective|p2b: Delphox|1\n|-damage|p2b: Delphox|0 fnt\n|faint|p2b: Delphox\n|move|p2a: Incineroar|Parting Shot|p1b: Incineroar\n|-unboost|p1b: Incineroar|atk|1\n|-unboost|p1b: Incineroar|spa|1\n|\n|t:|1776606003\n|switch|p2a: Garchomp|Garchomp, L50, F|55/100|[from] Parting Shot\n|\n|-weather|none\n|-heal|p1a: Corviknight|90/100|[from] item: Leftovers\n|upkeep\n|\n|t:|1776606006\n|switch|p2b: Aegislash|Aegislash, L50, M|1/100\n|turn|6\n|inactive|telegraphgo has 30 seconds left.\n|\n|t:|1776606032\n|move|p2a: Garchomp|Rock Slide|p1b: Incineroar|[spread] p1a\n|-miss|p2a: Garchomp|p1b: Incineroar\n|-damage|p1a: Corviknight|81/100\n|-formechange|p2b: Aegislash|Aegislash-Blade|\n|move|p2b: Aegislash|Poltergeist|p1a: Corviknight\n|-activate|p1a: Corviknight|move: Poltergeist|Leftovers\n|-damage|p1a: Corviknight|57/100\n|cant|p1a: Corviknight|flinch\n|move|p1b: Incineroar|Parting Shot|p2a: Garchomp\n|-unboost|p2a: Garchomp|atk|1\n|-unboost|p2a: Garchomp|spa|1\n|\n|t:|1776606049\n|switch|p1b: Tyranitar|Tyranitar, L50, M|100/100|[from] Parting Shot\n|-weather|Sandstorm|[from] ability: Sand Stream|[of] p1b: Tyranitar\n|\n|-weather|Sandstorm|[upkeep]\n|-heal|p1a: Corviknight|62/100|[from] item: Leftovers\n|upkeep\n|turn|7\n|inactive|telegraphgo has 30 seconds left.\n|\n|t:|1776606079\n|switch|p2a: Incineroar|Incineroar, L50, M|80/100\n|-ability|p2a: Incineroar|Intimidate|boost\n|-ability|p1a: Corviknight|Mirror Armor\n|-unboost|p2a: Incineroar|atk|1\n|-unboost|p1b: Tyranitar|atk|1\n|detailschange|p1b: Tyranitar|Tyranitar-Mega, L50, M\n|-mega|p1b: Tyranitar|Tyranitar|Tyranitarite\n|move|p2b: Aegislash|Close Combat|p1b: Tyranitar\n|-supereffective|p1b: Tyranitar|2\n|-damage|p1b: Tyranitar|0 fnt\n|-unboost|p2b: Aegislash|def|1\n|-unboost|p2b: Aegislash|spd|1\n|faint|p1b: Tyranitar\n|move|p1a: Corviknight|Roost|p1a: Corviknight\n|-heal|p1a: Corviknight|100/100\n|-singleturn|p1a: Corviknight|move: Roost\n|\n|-weather|Sandstorm|[upkeep]\n|-damage|p2a: Incineroar|74/100|[from] Sandstorm\n|upkeep\n|\n|t:|1776606091\n|switch|p1b: Excadrill|Excadrill, L50, F|1/100\n|turn|8\n|\n|t:|1776606102\n|switch|p2b: Garchomp|Garchomp, L50, F|55/100\n|move|p1b: Excadrill|Protect|p1b: Excadrill\n|-singleturn|p1b: Excadrill|Protect\n|move|p1a: Corviknight|Brave Bird|p2a: Incineroar\n|-damage|p2a: Incineroar|23/100\n|-damage|p1a: Corviknight|84/100|[from] Recoil\n|move|p2a: Incineroar|Flare Blitz|p1a: Corviknight\n|-supereffective|p1a: Corviknight|1\n|-crit|p1a: Corviknight\n|-damage|p1a: Corviknight|0 fnt\n|faint|p1a: Corviknight\n|-damage|p2a: Incineroar|0 fnt|[from] Recoil\n|faint|p2a: Incineroar\n|\n|-weather|Sandstorm|[upkeep]\n|upkeep\n|\n|t:|1776606116\n|switch|p1a: Incineroar|Incineroar, L50, F|81/100\n|switch|p2a: Aegislash|Aegislash, L50, M|1/100\n|-ability|p1a: Incineroar|Intimidate|boost\n|-unboost|p2a: Aegislash|atk|1\n|-unboost|p2b: Garchomp|atk|1\n|turn|9\n|\n|t:|1776606140\n|move|p1b: Excadrill|Protect||[still]\n|-fail|p1b: Excadrill\n|-formechange|p2a: Aegislash|Aegislash-Blade|\n|move|p2a: Aegislash|Shadow Sneak|p1b: Excadrill\n|-crit|p1b: Excadrill\n|-damage|p1b: Excadrill|0 fnt\n|faint|p1b: Excadrill\n|move|p2b: Garchomp|Stomping Tantrum|p1a: Incineroar\n|-supereffective|p1a: Incineroar|1\n|-damage|p1a: Incineroar|31/100\n|move|p1a: Incineroar|Throat Chop|p2a: Aegislash\n|-supereffective|p2a: Aegislash|1\n|-damage|p2a: Aegislash|0 fnt\n|faint|p2a: Aegislash\n|\n|-weather|Sandstorm|[upkeep]\n|-damage|p1a: Incineroar|25/100|[from] Sandstorm\n|upkeep\n|turn|10\n|\n|t:|1776606159\n|move|p2b: Garchomp|Stomping Tantrum|p1a: Incineroar\n|-supereffective|p1a: Incineroar|1\n|-damage|p1a: Incineroar|0 fnt\n|faint|p1a: Incineroar\n|\n|win|AsukaHikaru\n|raw|telegraphgo's rating: 1394 &rarr; <strong>1374</strong><br />(-20 for losing)\n|raw|AsukaHikaru's rating: 1386 &rarr; <strong>1406</strong><br />(+20 for winning)\n|l|\u2606telegraphgo\n|player|p1|\n",
  "uploadtime": 1776606164,
  "views": 12,
  "formatid": "gen9championsvgc2026regma",
  "rating": 1374,
  "private": 0,
  "password": null
}