{
  "id": "gen9championsvgc2026regma-2581305910",
  "format": "[Gen 9 Champions] VGC 2026 Reg M-A",
  "players": [
    "moriganpipe",
    "evilkyatt"
  ],
  "log": "|j|\u2606moriganpipe\n|j|\u2606evilkyatt\n|t:|1775984215\n|gametype|doubles\n|player|p1|moriganpipe|1|1304\n|player|p2|evilkyatt|scientist-gen4dp|1294\n|gen|9\n|tier|[Gen 9 Champions] VGC 2026 Reg M-A\n|rated|\n|rule|Species Clause: Limit one of each Pok\u00e9mon\n|rule|Item Clause: Limit 1 of each item\n|clearpoke\n|poke|p1|Tyranitar, L50, M|\n|poke|p1|Excadrill, L50, M|\n|poke|p1|Incineroar, L50, M|\n|poke|p1|Sinistcha, L50|\n|poke|p1|Corviknight, L50, F|\n|poke|p1|Rotom-Wash, L50|\n|poke|p2|Alakazam, L50, F|\n|poke|p2|Whimsicott, L50, F|\n|poke|p2|Sneasler, L50, F|\n|poke|p2|Pelipper, L50, M|\n|poke|p2|Archaludon, L50, F|\n|poke|p2|Farigiraf, L50, F|\n|teampreview|4\n|inactive|Battle timer is ON: inactive players will automatically lose when time's up. (requested by evilkyatt)\n|j| gE1xjZRtuhW2DdT0AK\n|inactive|moriganpipe has 60 seconds left.\n|inactive|moriganpipe has 30 seconds left.\n|inactive|moriganpipe has 20 seconds left.\n|inactive|moriganpipe has 15 seconds left.\n|inactive|moriganpipe has 10 seconds left.\n|\n|t:|1775984298\n|teamsize|p1|4\n|teamsize|p2|4\n|start\n|switch|p1a: Tyranitar|Tyranitar, L50, M|100/100\n|switch|p1b: Rotom|Rotom-Wash, L50|100/100\n|switch|p2a: Farigiraf|Farigiraf, L50, F|100/100\n|switch|p2b: Sneasler|Sneasler, L50, F|100/100\n|-weather|Sandstorm|[from] ability: Sand Stream|[of] p1a: Tyranitar\n|turn|1\n|inactive|moriganpipe has 30 seconds left.\n|\n|t:|1775984333\n|move|p1a: Tyranitar|Protect|p1a: Tyranitar\n|-singleturn|p1a: Tyranitar|Protect\n|move|p1b: Rotom|Volt Switch|p2b: Sneasler\n|-damage|p2b: Sneasler|67/100\n|\n|t:|1775984342\n|switch|p1b: Excadrill|Excadrill, L50, M|100/100|[from] Volt Switch\n|move|p2b: Sneasler|Close Combat|p1a: Tyranitar\n|-activate|p1a: Tyranitar|move: Protect\n|move|p2a: Farigiraf|Psychic|p1b: Excadrill\n|-resisted|p1b: Excadrill|1\n|-damage|p1b: Excadrill|78/100\n|\n|-weather|Sandstorm|[upkeep]\n|-damage|p2b: Sneasler|62/100|[from] Sandstorm\n|-damage|p2a: Farigiraf|95/100|[from] Sandstorm\n|-heal|p2a: Farigiraf|100/100|[from] item: Leftovers\n|upkeep\n|turn|2\n|\n|t:|1775984353\n|switch|p1a: Rotom|Rotom-Wash, L50|100/100\n|switch|p2a: Pelipper|Pelipper, L50, M|100/100\n|-weather|RainDance|[from] ability: Drizzle|[of] p2a: Pelipper\n|move|p2b: Sneasler|Close Combat|p1b: Excadrill\n|-supereffective|p1b: Excadrill|1\n|-damage|p1b: Excadrill|0 fnt\n|-unboost|p2b: Sneasler|def|1\n|-unboost|p2b: Sneasler|spd|1\n|faint|p1b: Excadrill\n|\n|-weather|RainDance|[upkeep]\n|upkeep\n|\n|t:|1775984375\n|switch|p1b: Tyranitar|Tyranitar, L50, M|100/100\n|-weather|Sandstorm|[from] ability: Sand Stream|[of] p1b: Tyranitar\n|turn|3\n|\n|t:|1775984382\n|switch|p2b: Farigiraf|Farigiraf, L50, F|100/100\n|move|p1b: Tyranitar|Protect|p1b: Tyranitar\n|-singleturn|p1b: Tyranitar|Protect\n|move|p1a: Rotom|Discharge|p2b: Farigiraf|[spread] p2a,p2b\n|-activate|p1b: Tyranitar|move: Protect\n|-supereffective|p2a: Pelipper|2\n|-damage|p2a: Pelipper|0 fnt\n|-damage|p2b: Farigiraf|81/100\n|faint|p2a: Pelipper\n|\n|-weather|Sandstorm|[upkeep]\n|-damage|p1a: Rotom|95/100|[from] Sandstorm\n|-damage|p2b: Farigiraf|76/100|[from] Sandstorm\n|-heal|p2b: Farigiraf|81/100|[from] item: Leftovers\n|upkeep\n|\n|t:|1775984387\n|switch|p2a: Sneasler|Sneasler, L50, F|62/100\n|turn|4\n|\n|t:|1775984402\n|switch|p1b: Sinistcha|Sinistcha, L50|100/100\n|-heal|p1a: Rotom|100/100|[from] ability: Hospitality|[of] p1b: Sinistcha\n|move|p2b: Farigiraf|Ally Switch|p2b: Farigiraf\n|swap|p2b: Farigiraf|0|[from] move: Ally Switch\n|move|p1a: Rotom|Discharge|p2b: Sneasler|[spread] p1b,p2a,p2b\n|-resisted|p1b: Sinistcha|1\n|-damage|p1b: Sinistcha|92/100\n|-damage|p2a: Farigiraf|61/100\n|-damage|p2b: Sneasler|31/100\n|move|p2b: Sneasler|Close Combat|p1b: Sinistcha\n|-immune|p1b: Sinistcha\n|\n|-weather|Sandstorm|[upkeep]\n|-damage|p1a: Rotom|95/100|[from] Sandstorm\n|-damage|p2b: Sneasler|25/100|[from] Sandstorm\n|-damage|p1b: Sinistcha|85/100|[from] Sandstorm\n|-damage|p2a: Farigiraf|55/100|[from] Sandstorm\n|-heal|p2a: Farigiraf|61/100|[from] item: Leftovers\n|upkeep\n|turn|5\n|\n|t:|1775984421\n|switch|p2b: Archaludon|Archaludon, L50, F|100/100\n|move|p1a: Rotom|Discharge|p2b: Archaludon|[spread] p1b,p2a,p2b\n|-resisted|p1b: Sinistcha|1\n|-resisted|p2b: Archaludon|1\n|-damage|p1b: Sinistcha|77/100\n|-damage|p2a: Farigiraf|40/100\n|-damage|p2b: Archaludon|85/100\n|-status|p2a: Farigiraf|par\n|cant|p2a: Farigiraf|par\n|move|p1b: Sinistcha|Trick Room|p1b: Sinistcha\n|-fieldstart|move: Trick Room|[of] p1b: Sinistcha\n|\n|-weather|Sandstorm|[upkeep]\n|-damage|p2a: Farigiraf|34/100 par|[from] Sandstorm\n|-damage|p1b: Sinistcha|71/100|[from] Sandstorm\n|-damage|p1a: Rotom|89/100|[from] Sandstorm\n|-heal|p2a: Farigiraf|40/100 par|[from] item: Leftovers\n|upkeep\n|turn|6\n|inactive|moriganpipe has 30 seconds left.\n|\n|t:|1775984449\n|switch|p1a: Tyranitar|Tyranitar, L50, M|100/100\n|move|p1b: Sinistcha|Matcha Gotcha|p2a: Farigiraf|[spread] p2a\n|-miss|p1b: Sinistcha|p2b: Archaludon\n|-damage|p2a: Farigiraf|18/100 par\n|-heal|p1b: Sinistcha|85/100|[from] drain|[of] p2a: Farigiraf\n|move|p2b: Archaludon|Draco Meteor|p1b: Sinistcha\n|-damage|p1b: Sinistcha|26/100\n|-unboost|p2b: Archaludon|spa|2\n|-enditem|p2b: Archaludon|White Herb\n|-clearnegativeboost|p2b: Archaludon|[silent]\n|move|p2a: Farigiraf|Trick Room|p2a: Farigiraf\n|-fieldend|move: Trick Room\n|\n|-weather|Sandstorm|[upkeep]\n|-damage|p1b: Sinistcha|20/100|[from] Sandstorm\n|-damage|p2a: Farigiraf|12/100 par|[from] Sandstorm\n|-heal|p2a: Farigiraf|18/100 par|[from] item: Leftovers\n|upkeep\n|turn|7\n|inactive|moriganpipe has 30 seconds left.\n|inactive|moriganpipe has 20 seconds left.\n|inactive|moriganpipe has 15 seconds left.\n|inactive|moriganpipe has 10 seconds left.\n|\n|t:|1775984497\n|switch|p1b: Rotom|Rotom-Wash, L50|89/100\n|move|p1a: Tyranitar|Protect|p1a: Tyranitar\n|-singleturn|p1a: Tyranitar|Protect\n|move|p2a: Farigiraf|Ally Switch|p2a: Farigiraf\n|swap|p2a: Farigiraf|1|[from] move: Ally Switch\n|move|p2a: Archaludon|Draco Meteor|p1b: Rotom|[miss]\n|-miss|p2a: Archaludon|p1b: Rotom\n|\n|-weather|none\n|-heal|p2b: Farigiraf|24/100 par|[from] item: Leftovers\n|upkeep\n|turn|8\n|inactive|moriganpipe has 30 seconds left.\n|inactive|evilkyatt has 30 seconds left.\n|\n|t:|1775984529\n|detailschange|p1a: Tyranitar|Tyranitar-Mega, L50, M\n|-mega|p1a: Tyranitar|Tyranitar|Tyranitarite\n|-weather|Sandstorm|[from] ability: Sand Stream|[of] p1a: Tyranitar\n|move|p1b: Rotom|Discharge|p2a: Archaludon|[spread] p1a,p2a,p2b\n|-resisted|p2a: Archaludon|1\n|-damage|p1a: Tyranitar|91/100\n|-damage|p2a: Archaludon|70/100\n|-damage|p2b: Farigiraf|1/100 par\n|move|p2a: Archaludon|Draco Meteor|p1b: Rotom\n|-damage|p1b: Rotom|29/100\n|-unboost|p2a: Archaludon|spa|2\n|move|p1a: Tyranitar|Low Kick|p2a: Archaludon\n|-supereffective|p2a: Archaludon|1\n|-damage|p2a: Archaludon|21/100\n|move|p2b: Farigiraf|Psychic|p1b: Rotom\n|-damage|p1b: Rotom|0 fnt\n|faint|p1b: Rotom\n|\n|-weather|Sandstorm|[upkeep]\n|-damage|p2b: Farigiraf|0 fnt|[from] Sandstorm\n|faint|p2b: Farigiraf\n|upkeep\n|\n|t:|1775984546\n|switch|p1b: Sinistcha|Sinistcha, L50|20/100\n|switch|p2b: Sneasler|Sneasler, L50, F|25/100\n|-heal|p1a: Tyranitar|100/100|[from] ability: Hospitality|[of] p1b: Sinistcha\n|turn|9\n|\n|t:|1775984564\n|move|p1a: Tyranitar|Protect|p1a: Tyranitar\n|-singleturn|p1a: Tyranitar|Protect\n|move|p1b: Sinistcha|Protect|p1b: Sinistcha\n|-singleturn|p1b: Sinistcha|Protect\n|move|p2b: Sneasler|Fake Out|p1a: Tyranitar\n|-activate|p1a: Tyranitar|move: Protect\n|move|p2a: Archaludon|Draco Meteor|p1b: Sinistcha\n|-activate|p1b: Sinistcha|move: Protect\n|\n|-weather|Sandstorm|[upkeep]\n|-damage|p2b: Sneasler|20/100|[from] Sandstorm\n|-damage|p1b: Sinistcha|13/100|[from] Sandstorm\n|upkeep\n|turn|10\n|inactive|moriganpipe has 30 seconds left.\n|\n|t:|1775984591\n|move|p1b: Sinistcha|Rage Powder|p1b: Sinistcha\n|-singleturn|p1b: Sinistcha|move: Rage Powder\n|move|p2b: Sneasler|Close Combat|p1b: Sinistcha\n|-immune|p1b: Sinistcha\n|move|p2a: Archaludon|Flash Cannon|p1b: Sinistcha\n|-damage|p1b: Sinistcha|0 fnt\n|faint|p1b: Sinistcha\n|move|p1a: Tyranitar|Knock Off|p2b: Sneasler\n|-resisted|p2b: Sneasler|1\n|-damage|p2b: Sneasler|0 fnt\n|-enditem|p2b: Sneasler|Hard Stone|[from] move: Knock Off|[of] p1a: Tyranitar\n|faint|p2b: Sneasler\n|\n|-weather|Sandstorm|[upkeep]\n|upkeep\n|turn|11\n|\n|t:|1775984601\n|move|p2a: Archaludon|Flash Cannon|p1a: Tyranitar\n|-supereffective|p1a: Tyranitar|1\n|-damage|p1a: Tyranitar|83/100\n|move|p1a: Tyranitar|Low Kick|p2a: Archaludon\n|-supereffective|p2a: Archaludon|1\n|-damage|p2a: Archaludon|0 fnt\n|faint|p2a: Archaludon\n|\n|win|moriganpipe\n|raw|moriganpipe's rating: 1304 &rarr; <strong>1323</strong><br />(+19 for winning)\n|raw|evilkyatt's rating: 1294 &rarr; <strong>1270</strong><br />(-24 for losing)\n",
  "uploadtime": 1775984603,
  "views": 36,
  "formatid": "gen9championsvgc2026regma",
  "rating": 1270,
  "private": 0,
  "password": null
}