{
  "id": "gen9championsvgc2026regma-2583582378",
  "format": "[Gen 9 Champions] VGC 2026 Reg M-A",
  "players": [
    "MilkTeaWayGalaxy",
    "wolfstreans"
  ],
  "log": "|j|\u2606MilkTeaWayGalaxy\n|j|\u2606wolfstreans\n|t:|1776184701\n|gametype|doubles\n|player|p1|MilkTeaWayGalaxy|rosa-pokestar3|1169\n|player|p2|wolfstreans|170|1118\n|gen|9\n|tier|[Gen 9 Champions] VGC 2026 Reg M-A\n|rated|\n|rule|Species Clause: Limit one of each Pok\u00e9mon\n|rule|Item Clause: Limit 1 of each item\n|clearpoke\n|poke|p1|Froslass, L50, F|\n|poke|p1|Sinistcha, L50|\n|poke|p1|Kingambit, L50, F|\n|poke|p1|Sneasler, L50, F|\n|poke|p1|Incineroar, L50, F|\n|poke|p1|Basculegion, L50, M|\n|poke|p2|Zoroark-Hisui, L50, F|\n|poke|p2|Scovillain, L50, M|\n|poke|p2|Incineroar, L50, M|\n|poke|p2|Araquanid, L50, M|\n|poke|p2|Sinistcha, L50|\n|poke|p2|Drampa, L50, F|\n|teampreview|4\n|\n|t:|1776184735\n|teamsize|p1|4\n|teamsize|p2|4\n|start\n|switch|p1a: Froslass|Froslass, L50, F, shiny|100/100\n|switch|p1b: Incineroar|Incineroar, L50, F, shiny|100/100\n|switch|p2a: Incineroar|Incineroar, L50, M, shiny|100/100\n|switch|p2b: Scovillain|Scovillain, L50, M|100/100\n|-ability|p1b: Incineroar|Intimidate|boost\n|-unboost|p2a: Incineroar|atk|1\n|-unboost|p2b: Scovillain|atk|1\n|turn|1\n|\n|t:|1776184772\n|move|p1a: Froslass|Protect|p1a: Froslass\n|-singleturn|p1a: Froslass|Protect\n|move|p2b: Scovillain|Protect|p2b: Scovillain\n|-singleturn|p2b: Scovillain|Protect\n|move|p1b: Incineroar|Fake Out|p2b: Scovillain\n|-activate|p2b: Scovillain|move: Protect\n|move|p2a: Incineroar|Bitter Malice|p1a: Froslass\n|-activate|p1a: Froslass|move: Protect\n|\n|-ability|p2b: Scovillain|Moody|boost\n|-boost|p2b: Scovillain|spa|2\n|-unboost|p2b: Scovillain|atk|1\n|upkeep\n|turn|2\n|\n|t:|1776184803\n|detailschange|p1a: Froslass|Froslass-Mega, L50, F, shiny\n|-mega|p1a: Froslass|Froslass|Froslassite\n|-weather|Snowscape|[from] ability: Snow Warning|[of] p1a: Froslass\n|detailschange|p2b: Scovillain|Scovillain-Mega, L50, M\n|-mega|p2b: Scovillain|Scovillain|Scovillainite\n|move|p1a: Froslass|Aurora Veil|p1a: Froslass\n|-sidestart|p1: MilkTeaWayGalaxy|move: Aurora Veil\n|move|p2a: Incineroar|Hyper Voice|p1b: Incineroar|[spread] p1b\n|-immune|p1a: Froslass\n|-damage|p1b: Incineroar|82/100\n|move|p2b: Scovillain|Flamethrower|p1a: Froslass\n|-supereffective|p1a: Froslass|1\n|-damage|p1a: Froslass|0 fnt\n|faint|p1a: Froslass\n|move|p1b: Incineroar|Darkest Lariat|p2a: Incineroar\n|-supereffective|p2a: Incineroar|1\n|-crit|p2a: Incineroar\n|-enditem|p2a: Incineroar|Focus Sash\n|-damage|p2a: Incineroar|1/100\n|replace|p2a: Zoroark|Zoroark-Hisui, L50, F, shiny\n|-end|p2a: Zoroark|Illusion\n|\n|-weather|Snowscape|[upkeep]\n|-heal|p1b: Incineroar|87/100|[from] item: Leftovers\n|upkeep\n|\n|t:|1776184826\n|switch|p1a: Sinistcha|Sinistcha, L50|100/100\n|-heal|p1b: Incineroar|100/100|[from] ability: Hospitality|[of] p1a: Sinistcha\n|turn|3\n|\n|t:|1776184853\n|move|p2a: Zoroark|Protect|p2a: Zoroark\n|-singleturn|p2a: Zoroark|Protect\n|move|p2b: Scovillain|Protect|p2b: Scovillain\n|-singleturn|p2b: Scovillain|Protect\n|move|p1a: Sinistcha|Protect|p1a: Sinistcha\n|-singleturn|p1a: Sinistcha|Protect\n|move|p1b: Incineroar|Parting Shot|p2b: Scovillain\n|-activate|p2b: Scovillain|move: Protect\n|\n|-weather|Snowscape|[upkeep]\n|upkeep\n|turn|4\n|inactive|Battle timer is ON: inactive players will automatically lose when time's up. (requested by wolfstreans)\n|\n|t:|1776184882\n|switch|p1a: Basculegion|Basculegion, L50, M|100/100\n|move|p2a: Zoroark|Bitter Malice|p1a: Basculegion\n|-supereffective|p1a: Basculegion|1\n|-damage|p1a: Basculegion|58/100\n|-unboost|p1a: Basculegion|atk|1\n|move|p2b: Scovillain|Flamethrower|p1a: Basculegion\n|-resisted|p1a: Basculegion|1\n|-damage|p1a: Basculegion|31/100\n|move|p1b: Incineroar|Flare Blitz|p2b: Scovillain\n|-damage|p2b: Scovillain|45/100\n|-immune|p1b: Incineroar\n|-damage|p1b: Incineroar|85/100|[from] Recoil\n|\n|-weather|Snowscape|[upkeep]\n|-heal|p1b: Incineroar|91/100|[from] item: Leftovers\n|upkeep\n|turn|5\n|\n|t:|1776184903\n|move|p1a: Basculegion|Protect|p1a: Basculegion\n|-singleturn|p1a: Basculegion|Protect\n|move|p2b: Scovillain|Protect|p2b: Scovillain\n|-singleturn|p2b: Scovillain|Protect\n|move|p2a: Zoroark|Bitter Malice|p1a: Basculegion\n|-activate|p1a: Basculegion|move: Protect\n|move|p1b: Incineroar|Flare Blitz|p2b: Scovillain\n|-activate|p2b: Scovillain|move: Protect\n|\n|-weather|Snowscape|[upkeep]\n|-heal|p1b: Incineroar|97/100|[from] item: Leftovers\n|upkeep\n|turn|6\n|\n|t:|1776184920\n|move|p2a: Zoroark|Protect|p2a: Zoroark\n|-singleturn|p2a: Zoroark|Protect\n|move|p1a: Basculegion|Aqua Jet|p2a: Zoroark\n|-activate|p2a: Zoroark|move: Protect\n|move|p2b: Scovillain|Giga Drain|p1a: Basculegion\n|-supereffective|p1a: Basculegion|1\n|-damage|p1a: Basculegion|0 fnt\n|-heal|p2b: Scovillain|66/100|[from] drain|[of] p1a: Basculegion\n|faint|p1a: Basculegion\n|move|p1b: Incineroar|Flare Blitz|p2b: Scovillain\n|-damage|p2b: Scovillain|6/100\n|-immune|p1b: Incineroar\n|-damage|p1b: Incineroar|80/100|[from] Recoil\n|\n|-weather|none\n|-heal|p1b: Incineroar|86/100|[from] item: Leftovers\n|-sideend|p1: MilkTeaWayGalaxy|move: Aurora Veil\n|upkeep\n|\n|t:|1776184924\n|switch|p1a: Sinistcha|Sinistcha, L50|100/100\n|-heal|p1b: Incineroar|100/100|[from] ability: Hospitality|[of] p1a: Sinistcha\n|turn|7\n|\n|t:|1776184948\n|switch|p2a: Sinistcha|Sinistcha, L50|100/100\n|-heal|p2b: Scovillain|31/100|[from] ability: Hospitality|[of] p2a: Sinistcha\n|move|p1a: Sinistcha|Protect|p1a: Sinistcha\n|-singleturn|p1a: Sinistcha|Protect\n|move|p2b: Scovillain|Flamethrower|p1a: Sinistcha\n|-activate|p1a: Sinistcha|move: Protect\n|move|p1b: Incineroar|Flare Blitz|p2b: Scovillain\n|-damage|p2b: Scovillain|0 fnt\n|-immune|p1b: Incineroar\n|faint|p2b: Scovillain\n|-damage|p1b: Incineroar|92/100|[from] Recoil\n|\n|-heal|p1b: Incineroar|98/100|[from] item: Leftovers\n|upkeep\n|\n|t:|1776184963\n|switch|p2b: Incineroar|Incineroar, L50, M, shiny|1/100\n|turn|8\n|\n|t:|1776184972\n|move|p2b: Incineroar|Bitter Malice|p1a: Sinistcha\n|-supereffective|p1a: Sinistcha|1\n|-damage|p1a: Sinistcha|30/100\n|-unboost|p1a: Sinistcha|atk|1\n|-enditem|p1a: Sinistcha|Sitrus Berry|[eat]\n|-heal|p1a: Sinistcha|55/100|[from] item: Sitrus Berry\n|move|p2a: Sinistcha|Matcha Gotcha|p1b: Incineroar|[spread] p1a,p1b\n|-resisted|p1a: Sinistcha|1\n|-resisted|p1b: Incineroar|1\n|-damage|p1a: Sinistcha|39/100\n|-damage|p1b: Incineroar|82/100\n|move|p1a: Sinistcha|Matcha Gotcha|p2b: Incineroar|[spread] p2a,p2b\n|-resisted|p2a: Sinistcha|1\n|-damage|p2a: Sinistcha|86/100\n|-heal|p1a: Sinistcha|47/100|[from] drain|[of] p2a: Sinistcha\n|-damage|p2b: Incineroar|0 fnt\n|-heal|p1a: Sinistcha|47/100|[from] drain|[of] p2b: Incineroar\n|replace|p2b: Zoroark|Zoroark-Hisui, L50, F, shiny\n|-end|p2b: Zoroark|Illusion\n|faint|p2b: Zoroark\n|move|p1b: Incineroar|Flare Blitz|p2a: Sinistcha\n|-supereffective|p2a: Sinistcha|1\n|-damage|p2a: Sinistcha|0 fnt\n|faint|p2a: Sinistcha\n|-damage|p1b: Incineroar|57/100|[from] Recoil\n|\n|-heal|p1b: Incineroar|63/100|[from] item: Leftovers\n|upkeep\n|inactive|wolfstreans has 30 seconds left.\n|\n|t:|1776184999\n|switch|p2b: Incineroar|Incineroar, L50, M, shiny|100/100\n|-ability|p2b: Incineroar|Intimidate|boost\n|-unboost|p1a: Sinistcha|atk|1\n|-unboost|p1b: Incineroar|atk|1\n|turn|9\n|\n|t:|1776185009\n|move|p1a: Sinistcha|Protect|p1a: Sinistcha\n|-singleturn|p1a: Sinistcha|Protect\n|move|p1b: Incineroar|Parting Shot|p2b: Incineroar\n|-unboost|p2b: Incineroar|atk|1\n|-unboost|p2b: Incineroar|spa|1\n|move|p2b: Incineroar|Flare Blitz|p1a: Sinistcha\n|-activate|p1a: Sinistcha|move: Protect\n|\n|-heal|p1b: Incineroar|69/100|[from] item: Leftovers\n|upkeep\n|turn|10\n|\n|t:|1776185026\n|move|p1a: Sinistcha|Life Dew|p1a: Sinistcha|[spread] p1a,p1b\n|-heal|p1a: Sinistcha|72/100\n|-heal|p1b: Incineroar|94/100\n|move|p1b: Incineroar|Parting Shot|p2b: Incineroar\n|-unboost|p2b: Incineroar|atk|1\n|-unboost|p2b: Incineroar|spa|1\n|move|p2b: Incineroar|Flare Blitz|p1a: Sinistcha\n|-supereffective|p1a: Sinistcha|1\n|-damage|p1a: Sinistcha|25/100\n|-damage|p2b: Incineroar|87/100|[from] Recoil\n|\n|-heal|p1b: Incineroar|99/100|[from] item: Leftovers\n|upkeep\n|turn|11\n|-message|wolfstreans forfeited.\n|\n|win|MilkTeaWayGalaxy\n|raw|MilkTeaWayGalaxy's rating: 1169 &rarr; <strong>1190</strong><br />(+21 for winning)\n|raw|wolfstreans's rating: 1118 &rarr; <strong>1097</strong><br />(-21 for losing)\n|l|\u2606wolfstreans\n|player|p2|\n",
  "uploadtime": 1776185045,
  "views": 16,
  "formatid": "gen9championsvgc2026regma",
  "rating": 1097,
  "private": 0,
  "password": null
}