{
  "id": "gen9championsvgc2026regma-2580821463",
  "format": "[Gen 9 Champions] VGC 2026 Reg M-A",
  "players": [
    "pedricolul",
    "nakoharuno"
  ],
  "log": "|j|\u2606pedricolul\n|j|\u2606nakoharuno\n|t:|1775935230\n|gametype|doubles\n|player|p1|pedricolul|waiter-gen4|1056\n|player|p2|nakoharuno|dawn|1040\n|gen|9\n|tier|[Gen 9 Champions] VGC 2026 Reg M-A\n|rated|\n|rule|Species Clause: Limit one of each Pok\u00e9mon\n|rule|Item Clause: Limit 1 of each item\n|clearpoke\n|poke|p1|Beedrill, L50, F|\n|poke|p1|Whimsicott, L50, M|\n|poke|p1|Arcanine, L50, M|\n|poke|p1|Raichu, L50, M|\n|poke|p1|Chandelure, L50, M|\n|poke|p1|Aerodactyl, L50, M|\n|poke|p2|Feraligatr, L50, F|\n|poke|p2|Pelipper, L50, M|\n|poke|p2|Charizard, L50, M|\n|poke|p2|Typhlosion-Hisui, L50, M|\n|poke|p2|Sinistcha, L50|\n|poke|p2|Scizor, L50, M|\n|teampreview|4\n|\n|t:|1775935271\n|teamsize|p1|4\n|teamsize|p2|4\n|start\n|switch|p1a: satoru|Beedrill, L50, F, shiny|100/100\n|switch|p1b: Whimsicott|Whimsicott, L50, M|100/100\n|switch|p2a: Jacar\u00e9 v\u00e1 pra casa|Feraligatr, L50, F|100/100\n|switch|p2b: Pelipper|Pelipper, L50, M|100/100\n|-weather|RainDance|[from] ability: Drizzle|[of] p2b: Pelipper\n|turn|1\n|\n|t:|1775935314\n|move|p2a: Jacar\u00e9 v\u00e1 pra casa|Protect|p2a: Jacar\u00e9 v\u00e1 pra casa\n|-singleturn|p2a: Jacar\u00e9 v\u00e1 pra casa|Protect\n|move|p1b: Whimsicott|Tailwind|p1b: Whimsicott\n|-sidestart|p1: pedricolul|move: Tailwind\n|move|p1a: satoru|Poison Jab|p2b: Pelipper\n|-damage|p2b: Pelipper|66/100\n|-status|p2b: Pelipper|psn\n|move|p2b: Pelipper|Hurricane|p1b: Whimsicott\n|-supereffective|p1b: Whimsicott|1\n|-enditem|p1b: Whimsicott|Focus Sash\n|-damage|p1b: Whimsicott|1/100\n|\n|-weather|RainDance|[upkeep]\n|-damage|p2b: Pelipper|55/100 psn|[from] psn\n|upkeep\n|turn|2\n|\n|t:|1775935337\n|detailschange|p2a: Jacar\u00e9 v\u00e1 pra casa|Feraligatr-Mega, L50, F\n|-mega|p2a: Jacar\u00e9 v\u00e1 pra casa|Feraligatr|Feraligite\n|move|p1a: satoru|Protect|p1a: satoru\n|-singleturn|p1a: satoru|Protect\n|move|p1b: Whimsicott|Encore|p2a: Jacar\u00e9 v\u00e1 pra casa\n|-start|p2a: Jacar\u00e9 v\u00e1 pra casa|Encore\n|move|p2a: Jacar\u00e9 v\u00e1 pra casa|Protect||[still]\n|-fail|p2a: Jacar\u00e9 v\u00e1 pra casa\n|move|p2b: Pelipper|Tailwind|p2b: Pelipper\n|-sidestart|p2: nakoharuno|move: Tailwind\n|\n|-weather|RainDance|[upkeep]\n|-damage|p2b: Pelipper|43/100 psn|[from] psn\n|upkeep\n|turn|3\n|\n|t:|1775935379\n|switch|p2a: Scizor|Scizor, L50, M|100/100\n|detailschange|p1a: satoru|Beedrill-Mega, L50, F, shiny\n|-mega|p1a: satoru|Beedrill|Beedrillite\n|move|p1a: satoru|U-turn|p2a: Scizor\n|-resisted|p2a: Scizor|1\n|-damage|p2a: Scizor|72/100\n|l|\u2606nakoharuno\n|player|p2|\n|\n|t:|1775935392\n|switch|p1a: Raichu|Raichu, L50, M|100/100|[from] U-turn\n|move|p1b: Whimsicott|Moonblast|p2a: Scizor\n|-resisted|p2a: Scizor|1\n|-damage|p2a: Scizor|53/100\n|move|p2b: Pelipper|Hurricane|p1a: Raichu\n|-resisted|p1a: Raichu|1\n|-damage|p1a: Raichu|68/100\n|\n|-weather|RainDance|[upkeep]\n|-damage|p2b: Pelipper|31/100 psn|[from] psn\n|upkeep\n|turn|4\n|j|\u2606nakoharuno\n|player|p2|nakoharuno|dawn|\n|\n|t:|1775935436\n|switch|p2b: Sinistcha|Sinistcha, L50|100/100\n|-heal|p2a: Scizor|78/100|[from] ability: Hospitality|[of] p2b: Sinistcha\n|move|p1b: Whimsicott|Encore||[still]\n|-fail|p1b: Whimsicott\n|move|p2a: Scizor|Bullet Punch|p1b: Whimsicott\n|-supereffective|p1b: Whimsicott|1\n|-damage|p1b: Whimsicott|0 fnt\n|faint|p1b: Whimsicott\n|move|p1a: Raichu|Volt Switch|p2b: Sinistcha\n|-resisted|p2b: Sinistcha|1\n|-damage|p2b: Sinistcha|83/100\n|\n|t:|1775935448\n|switch|p1a: Aerodactyl|Aerodactyl, L50, M|100/100|[from] Volt Switch\n|-ability|p1a: Aerodactyl|Pressure\n|\n|-weather|RainDance|[upkeep]\n|-sideend|p1: pedricolul|move: Tailwind\n|upkeep\n|\n|t:|1775935456\n|switch|p1b: satoru|Beedrill-Mega, L50, F, shiny|100/100\n|turn|5\n|\n|t:|1775935478\n|move|p1b: satoru|Protect|p1b: satoru\n|-singleturn|p1b: satoru|Protect\n|move|p2b: Sinistcha|Rage Powder|p2b: Sinistcha\n|-singleturn|p2b: Sinistcha|move: Rage Powder\n|move|p1a: Aerodactyl|Tailwind|p1a: Aerodactyl\n|-sidestart|p1: pedricolul|move: Tailwind\n|move|p2a: Scizor|Dual Wingbeat|p1b: satoru\n|-activate|p1b: satoru|move: Protect\n|\n|-weather|none\n|-sideend|p2: nakoharuno|move: Tailwind\n|upkeep\n|turn|6\n|\n|t:|1775935500\n|move|p2b: Sinistcha|Rage Powder|p2b: Sinistcha\n|-singleturn|p2b: Sinistcha|move: Rage Powder\n|move|p1b: satoru|U-turn|p2b: Sinistcha\n|-damage|p2b: Sinistcha|37/100\n|-enditem|p2b: Sinistcha|Sitrus Berry|[eat]\n|-heal|p2b: Sinistcha|62/100|[from] item: Sitrus Berry\n|\n|t:|1775935506\n|switch|p1b: Raichu|Raichu, L50, M|68/100|[from] U-turn\n|move|p1a: Aerodactyl|Rock Slide|p2a: Scizor|[spread] p2a,p2b\n|-damage|p2a: Scizor|47/100\n|-damage|p2b: Sinistcha|40/100\n|cant|p2a: Scizor|flinch\n|\n|upkeep\n|turn|7\n|\n|t:|1775935527\n|move|p1b: Raichu|Fake Out|p2a: Scizor\n|-resisted|p2a: Scizor|1\n|-damage|p2a: Scizor|43/100\n|cant|p2a: Scizor|flinch\n|move|p1a: Aerodactyl|Rock Slide|p2b: Sinistcha|[spread] p2a,p2b\n|-damage|p2a: Scizor|15/100\n|-damage|p2b: Sinistcha|18/100\n|move|p2b: Sinistcha|Life Dew|p2b: Sinistcha|[spread] p2a,p2b\n|-heal|p2a: Scizor|40/100\n|-heal|p2b: Sinistcha|43/100\n|\n|upkeep\n|turn|8\n|\n|t:|1775935575\n|move|p2a: Scizor|Bullet Punch|p1a: Aerodactyl\n|-supereffective|p1a: Aerodactyl|1\n|-damage|p1a: Aerodactyl|0 fnt\n|faint|p1a: Aerodactyl\n|move|p1b: Raichu|Nasty Plot|p1b: Raichu\n|-boost|p1b: Raichu|spa|2\n|move|p2b: Sinistcha|Life Dew|p2b: Sinistcha|[spread] p2a,p2b\n|-heal|p2a: Scizor|65/100\n|-heal|p2b: Sinistcha|68/100\n|\n|-sideend|p1: pedricolul|move: Tailwind\n|upkeep\n|\n|t:|1775935586\n|switch|p1a: satoru|Beedrill-Mega, L50, F, shiny|100/100\n|turn|9\n|\n|t:|1775935610\n|move|p2a: Scizor|Bullet Punch|p1b: Raichu\n|-resisted|p1b: Raichu|1\n|-damage|p1b: Raichu|25/100\n|move|p1a: satoru|Poison Jab|p2b: Sinistcha\n|-damage|p2b: Sinistcha|8/100\n|move|p1b: Raichu|Thunderbolt|p2a: Scizor\n|-damage|p2a: Scizor|0 fnt\n|faint|p2a: Scizor\n|move|p2b: Sinistcha|Matcha Gotcha|p1b: Raichu|[spread] p1a\n|-miss|p2b: Sinistcha|p1b: Raichu\n|-resisted|p1a: satoru|2\n|-damage|p1a: satoru|91/100\n|-heal|p2b: Sinistcha|13/100|[from] drain|[of] p1a: satoru\n|-status|p1a: satoru|brn\n|\n|-damage|p1a: satoru|86/100 brn|[from] brn\n|upkeep\n|\n|t:|1775935632\n|switch|p2a: Pelipper|Pelipper, L50, M|31/100 psn\n|-weather|RainDance|[from] ability: Drizzle|[of] p2a: Pelipper\n|turn|10\n|\n|t:|1775935655\n|move|p1a: satoru|Protect|p1a: satoru\n|-singleturn|p1a: satoru|Protect\n|move|p2b: Sinistcha|Rage Powder|p2b: Sinistcha\n|-singleturn|p2b: Sinistcha|move: Rage Powder\n|move|p1b: Raichu|Thunderbolt|p2b: Sinistcha\n|-resisted|p2b: Sinistcha|1\n|-damage|p2b: Sinistcha|0 fnt\n|faint|p2b: Sinistcha\n|move|p2a: Pelipper|Tailwind|p2a: Pelipper\n|-sidestart|p2: nakoharuno|move: Tailwind\n|\n|-weather|RainDance|[upkeep]\n|-damage|p2a: Pelipper|19/100 psn|[from] psn\n|-damage|p1a: satoru|80/100 brn|[from] brn\n|upkeep\n|\n|t:|1775935669\n|switch|p2b: Jacar\u00e9 v\u00e1 pra casa|Feraligatr-Mega, L50, F|100/100\n|turn|11\n|\n|t:|1775935696\n|move|p2b: Jacar\u00e9 v\u00e1 pra casa|Liquidation|p1b: Raichu\n|-damage|p1b: Raichu|0 fnt\n|faint|p1b: Raichu\n|move|p1a: satoru|Poison Jab|p2b: Jacar\u00e9 v\u00e1 pra casa\n|-damage|p2b: Jacar\u00e9 v\u00e1 pra casa|73/100\n|-status|p2b: Jacar\u00e9 v\u00e1 pra casa|psn\n|move|p2a: Pelipper|Hurricane|p1a: satoru\n|-supereffective|p1a: satoru|1\n|-damage|p1a: satoru|0 fnt\n|faint|p1a: satoru\n|\n|win|nakoharuno\n|raw|pedricolul's rating: 1056 &rarr; <strong>1037</strong><br />(-19 for losing)\n|raw|nakoharuno's rating: 1040 &rarr; <strong>1076</strong><br />(+36 for winning)\n|l|\u2606pedricolul\n|player|p1|\n|c|\u2606nakoharuno|gg\n",
  "uploadtime": 1775935713,
  "views": 22,
  "formatid": "gen9championsvgc2026regma",
  "rating": 1037,
  "private": 0,
  "password": null
}