{
  "id": "gen9championsvgc2026regma-2582789571",
  "format": "[Gen 9 Champions] VGC 2026 Reg M-A",
  "players": [
    "lisarb660",
    "mofriu4334"
  ],
  "log": "|j|\u2606lisarb660\n|j|\u2606mofriu4334\n|html|<table width=\"100%\"><tr><td align=\"left\">lisarb660</td><td align=\"right\">mofriu4334</tr><tr><td align=\"left\"><i class=\"fa fa-circle\"></i> <i class=\"fa fa-circle-o\"></i> </td><td align=\"right\"><i class=\"fa fa-circle-o\"></i> <i class=\"fa fa-circle-o\"></i> </tr></table>\n|uhtml|bestof|<h2><strong>Game 2</strong> of <a href=\"/game-bestof3-gen9championsvgc2026regma-2582783757\">a best-of-3</a></h2>\n|t:|1776114279\n|gametype|doubles\n|player|p1|lisarb660|volkner|\n|player|p2|mofriu4334|bianca|\n|gen|9\n|tier|[Gen 9 Champions] VGC 2026 Reg M-A\n|rule|Species Clause: Limit one of each Pok\u00e9mon\n|rule|Item Clause: Limit 1 of each item\n|raw|<div class=\"infobox\"><details class=\"readmore\" open><summary><strong>1 custom rule:</strong></summary> Best of = 3</details></div>\n|clearpoke\n|poke|p1|Basculegion, L50, M|\n|poke|p1|Pelipper, L50, M|\n|poke|p1|Dragonite, L50, F|\n|poke|p1|Archaludon, L50, F|\n|poke|p1|Sneasler, L50, F|\n|poke|p1|Rotom-Heat, L50|\n|poke|p2|Scizor, L50, F|\n|poke|p2|Rotom-Wash, L50|\n|poke|p2|Garchomp, L50, M|\n|poke|p2|Dragonite, L50, M|\n|poke|p2|Sylveon, L50, F|\n|poke|p2|Gengar, L50, M|\n|teampreview|4\n|\n|t:|1776114377\n|teamsize|p1|4\n|teamsize|p2|4\n|start\n|switch|p1a: pelicano|Pelipper, L50, M|100/100\n|switch|p1b: lagartixa pan\u00e7uda|Dragonite, L50, F, shiny|100/100\n|switch|p2a: Garchomp|Garchomp, L50, M|100/100\n|switch|p2b: Scizor|Scizor, L50, F|100/100\n|-weather|RainDance|[from] ability: Drizzle|[of] p1a: pelicano\n|turn|1\n|\n|t:|1776114417\n|switch|p2b: Gengar|Gengar, L50, M|100/100\n|detailschange|p1b: lagartixa pan\u00e7uda|Dragonite-Mega, L50, F, shiny\n|-mega|p1b: lagartixa pan\u00e7uda|Dragonite|Dragoninite\n|move|p2a: Garchomp|Stealth Rock|p1b: lagartixa pan\u00e7uda\n|-sidestart|p1: lisarb660|move: Stealth Rock\n|move|p1b: lagartixa pan\u00e7uda|Dragon Pulse|p2a: Garchomp\n|-supereffective|p2a: Garchomp|1\n|-enditem|p2a: Garchomp|Focus Sash\n|-damage|p2a: Garchomp|1/100\n|move|p1a: pelicano|Tailwind|p1a: pelicano\n|-sidestart|p1: lisarb660|move: Tailwind\n|\n|-weather|RainDance|[upkeep]\n|upkeep\n|turn|2\n|j| jeanmixed\n|\n|t:|1776114446\n|move|p1b: lagartixa pan\u00e7uda|Thunder|p2b: Gengar\n|-damage|p2b: Gengar|38/100\n|-status|p2b: Gengar|par\n|move|p1a: pelicano|Weather Ball|p2a: Garchomp\n|-damage|p2a: Garchomp|0 fnt\n|faint|p2a: Garchomp\n|move|p2b: Gengar|Thunderbolt|p1b: lagartixa pan\u00e7uda\n|-damage|p1b: lagartixa pan\u00e7uda|86/100\n|\n|-weather|RainDance|[upkeep]\n|upkeep\n|\n|t:|1776114458\n|switch|p2a: Dragonite|Dragonite, L50, M|100/100\n|turn|3\n|\n|t:|1776114497\n|move|p1a: pelicano|Protect|p1a: pelicano\n|-singleturn|p1a: pelicano|Protect\n|move|p2a: Dragonite|Extreme Speed|p1b: lagartixa pan\u00e7uda\n|-damage|p1b: lagartixa pan\u00e7uda|54/100\n|move|p1b: lagartixa pan\u00e7uda|Dragon Pulse|p2a: Dragonite\n|-supereffective|p2a: Dragonite|1\n|-crit|p2a: Dragonite\n|-damage|p2a: Dragonite|27/100\n|move|p2b: Gengar|Destiny Bond|p2b: Gengar\n|-singlemove|p2b: Gengar|Destiny Bond\n|\n|-weather|RainDance|[upkeep]\n|upkeep\n|turn|4\n|\n|t:|1776114555\n|move|p2a: Dragonite|Extreme Speed|p1b: lagartixa pan\u00e7uda\n|-crit|p1b: lagartixa pan\u00e7uda\n|-damage|p1b: lagartixa pan\u00e7uda|12/100\n|move|p1b: lagartixa pan\u00e7uda|Thunder|p2b: Gengar\n|-damage|p2b: Gengar|0 fnt\n|faint|p2b: Gengar\n|-activate|p2b: Gengar|move: Destiny Bond\n|faint|p1b: lagartixa pan\u00e7uda\n|move|p1a: pelicano|Hurricane|p2a: Dragonite\n|-damage|p2a: Dragonite|0 fnt\n|faint|p2a: Dragonite\n|\n|-weather|RainDance|[upkeep]\n|-sideend|p1: lisarb660|move: Tailwind\n|upkeep\n|\n|t:|1776114568\n|switch|p1b: tubar\u00e3o|Basculegion, L50, M|100/100\n|switch|p2a: Scizor|Scizor, L50, F|100/100\n|-damage|p1b: tubar\u00e3o|88/100|[from] Stealth Rock\n|turn|5\n|\n|t:|1776114591\n|move|p1b: tubar\u00e3o|Wave Crash|p2a: Scizor\n|-damage|p2a: Scizor|0 fnt\n|faint|p2a: Scizor\n|-damage|p1b: tubar\u00e3o|59/100|[from] Recoil\n|\n|win|lisarb660\n",
  "uploadtime": 1776114602,
  "views": 24,
  "formatid": "gen9championsvgc2026regma",
  "rating": null,
  "private": 0,
  "password": null
}