{
  "id": "gen9championsvgc2026regma-2585825135",
  "format": "[Gen 9 Champions] VGC 2026 Reg M-A",
  "players": [
    "Hadrian Blue",
    "aztec_azzy"
  ],
  "log": "|j|\u2606Hadrian Blue\n|j|\u2606aztec_azzy\n|t:|1776373428\n|gametype|doubles\n|player|p1|Hadrian Blue|blue|1043\n|player|p2|aztec_azzy|n|1004\n|gen|9\n|tier|[Gen 9 Champions] VGC 2026 Reg M-A\n|rated|\n|rule|Species Clause: Limit one of each Pok\u00e9mon\n|rule|Item Clause: Limit 1 of each item\n|clearpoke\n|poke|p1|Arcanine-Hisui, L50, M|\n|poke|p1|Garchomp, L50, F|\n|poke|p1|Lucario, L50, M|\n|poke|p1|Aerodactyl, L50, F|\n|poke|p1|Kingambit, L50, M|\n|poke|p1|Incineroar, L50, F|\n|poke|p2|Aggron, L50, F|\n|poke|p2|Dragapult, L50, F|\n|poke|p2|Aerodactyl, L50, F|\n|poke|p2|Goodra-Hisui, L50, F|\n|poke|p2|Skarmory, L50, F|\n|poke|p2|Incineroar, L50, F|\n|teampreview|4\n|\n|t:|1776373482\n|teamsize|p1|4\n|teamsize|p2|4\n|start\n|switch|p1a: Incineroar|Incineroar, L50, F|100/100\n|switch|p1b: Gambit|Kingambit, L50, M|100/100\n|switch|p2a: Goodra|Goodra-Hisui, L50, F, shiny|100/100\n|switch|p2b: Incineroar|Incineroar, L50, F, shiny|100/100\n|-ability|p1a: Incineroar|Intimidate|boost\n|-unboost|p2a: Goodra|atk|1\n|-unboost|p2b: Incineroar|atk|1\n|-ability|p2b: Incineroar|Intimidate|boost\n|-unboost|p1a: Incineroar|atk|1\n|-unboost|p1b: Gambit|atk|1\n|-ability|p1b: Gambit|Defiant|boost\n|-boost|p1b: Gambit|atk|2\n|turn|1\n|\n|t:|1776373518\n|move|p1b: Gambit|Protect|p1b: Gambit\n|-singleturn|p1b: Gambit|Protect\n|move|p1a: Incineroar|Fake Out|p2a: Goodra\n|-resisted|p2a: Goodra|1\n|-damage|p2a: Goodra|97/100\n|-ability|p2a: Goodra|Gooey\n|-unboost|p1a: Incineroar|spe|1\n|move|p2b: Incineroar|Fake Out|p1a: Incineroar\n|-crit|p1a: Incineroar\n|-damage|p1a: Incineroar|88/100\n|cant|p2a: Goodra|flinch\n|\n|-heal|p2a: Goodra|100/100|[from] item: Leftovers\n|upkeep\n|turn|2\n|\n|t:|1776373577\n|move|p2a: Goodra|Protect|p2a: Goodra\n|-singleturn|p2a: Goodra|Protect\n|move|p1b: Gambit|Sucker Punch||[still]\n|-fail|p1b: Gambit\n|move|p2b: Incineroar|Parting Shot|p1b: Gambit\n|-unboost|p1b: Gambit|atk|1\n|-ability|p1b: Gambit|Defiant|boost\n|-boost|p1b: Gambit|atk|2\n|-unboost|p1b: Gambit|spa|1\n|-ability|p1b: Gambit|Defiant|boost\n|-boost|p1b: Gambit|atk|2\n|\n|t:|1776373597\n|switch|p2b: Skarmory|Skarmory, L50, F, shiny|100/100|[from] Parting Shot\n|move|p1a: Incineroar|Parting Shot|p2a: Goodra\n|-activate|p2a: Goodra|move: Protect\n|\n|upkeep\n|turn|3\n|\n|t:|1776373623\n|detailschange|p2b: Skarmory|Skarmory-Mega, L50, F, shiny\n|-mega|p2b: Skarmory|Skarmory|Skarmorite\n|move|p1b: Gambit|Sucker Punch|p2a: Goodra\n|-crit|p2a: Goodra\n|-damage|p2a: Goodra|0 fnt\n|-ability|p2a: Goodra|Gooey\n|-unboost|p1b: Gambit|spe|1\n|-ability|p1b: Gambit|Defiant|boost\n|-boost|p1b: Gambit|atk|2\n|faint|p2a: Goodra\n|move|p2b: Skarmory|Drill Run|p1b: Gambit\n|-supereffective|p1b: Gambit|1\n|-damage|p1b: Gambit|51/100\n|move|p1a: Incineroar|Flare Blitz|p2b: Skarmory\n|-supereffective|p2b: Skarmory|1\n|-crit|p2b: Skarmory\n|-damage|p2b: Skarmory|0 fnt\n|faint|p2b: Skarmory\n|-damage|p1a: Incineroar|65/100|[from] Recoil\n|\n|upkeep\n|\n|t:|1776373630\n|switch|p2b: Incineroar|Incineroar, L50, F, shiny|100/100\n|switch|p2a: Dragapult|Dragapult, L50, F, shiny|100/100\n|-ability|p2b: Incineroar|Intimidate|boost\n|-unboost|p1a: Incineroar|atk|1\n|-unboost|p1b: Gambit|atk|1\n|-ability|p1b: Gambit|Defiant|boost\n|-boost|p1b: Gambit|atk|1\n|turn|4\n|\n|t:|1776373659\n|move|p2b: Incineroar|Fake Out|p1b: Gambit\n|-resisted|p1b: Gambit|1\n|-damage|p1b: Gambit|47/100\n|cant|p1b: Gambit|flinch\n|move|p2a: Dragapult|Flamethrower|p1b: Gambit\n|-supereffective|p1b: Gambit|1\n|-damage|p1b: Gambit|0 fnt\n|faint|p1b: Gambit\n|move|p1a: Incineroar|Parting Shot|p2b: Incineroar\n|-unboost|p2b: Incineroar|atk|1\n|-unboost|p2b: Incineroar|spa|1\n|\n|t:|1776373688\n|switch|p1a: Lucas|Lucario, L50, M|100/100|[from] Parting Shot\n|\n|upkeep\n|\n|t:|1776373694\n|switch|p1b: Incineroar|Incineroar, L50, F|65/100\n|-ability|p1b: Incineroar|Intimidate|boost\n|-fail|p2a: Dragapult|unboost|[from] ability: Clear Body|[of] p2a: Dragapult\n|-unboost|p2b: Incineroar|atk|1\n|turn|5\n|inactive|Battle timer is ON: inactive players will automatically lose when time's up. (requested by Hadrian Blue)\n|inactive|aztec_azzy has 60 seconds left.\n|inactive|aztec_azzy has 30 seconds left.\n|inactive|aztec_azzy has 20 seconds left.\n|inactive|aztec_azzy has 15 seconds left.\n|inactive|aztec_azzy has 10 seconds left.\n|inactive|aztec_azzy has 5 seconds left.\n|\n|t:|1776373891\n|detailschange|p1a: Lucas|Lucario-Mega, L50, M\n|-mega|p1a: Lucas|Lucario|Lucarionite\n|move|p1a: Lucas|Protect|p1a: Lucas\n|-singleturn|p1a: Lucas|Protect\n|move|p2b: Incineroar|Fake Out||[still]\n|-hint|Fake Out only works on your first turn out.\n|-fail|p2b: Incineroar\n|move|p2a: Dragapult|Dragon Pulse|p1a: Lucas\n|-activate|p1a: Lucas|move: Protect\n|move|p1b: Incineroar|Darkest Lariat|p2a: Dragapult\n|-supereffective|p2a: Dragapult|1\n|-damage|p2a: Dragapult|12/100\n|\n|upkeep\n|turn|6\n|inactive|Hadrian Blue has 30 seconds left.\n|inactive|aztec_azzy has 30 seconds left.\n|inactive|aztec_azzy has 20 seconds left.\n|inactive|aztec_azzy has 15 seconds left.\n|inactive|aztec_azzy has 10 seconds left.\n|inactive|aztec_azzy has 5 seconds left.\n|\n|t:|1776373946\n|move|p1a: Lucas|Bullet Punch|p2a: Dragapult\n|-damage|p2a: Dragapult|0 fnt\n|faint|p2a: Dragapult\n|move|p1b: Incineroar|Parting Shot|p2b: Incineroar\n|-unboost|p2b: Incineroar|atk|1\n|-unboost|p2b: Incineroar|spa|1\n|\n|t:|1776373953\n|switch|p1b: Garcia|Garchomp, L50, F|100/100|[from] Parting Shot\n|move|p2b: Incineroar|Parting Shot|p1b: Garcia\n|-unboost|p1b: Garcia|atk|1\n|-unboost|p1b: Garcia|spa|1\n|\n|upkeep\n|turn|7\n|inactive|aztec_azzy has 30 seconds left.\n|inactive|aztec_azzy has 20 seconds left.\n|inactive|aztec_azzy has 15 seconds left.\n|inactive|aztec_azzy has 10 seconds left.\n|inactive|aztec_azzy has 5 seconds left.\n|\n|t:|1776374009\n|move|p1a: Lucas|Close Combat|p2b: Incineroar\n|-supereffective|p2b: Incineroar|1\n|-damage|p2b: Incineroar|0 fnt\n|-unboost|p1a: Lucas|def|1\n|-unboost|p1a: Lucas|spd|1\n|faint|p2b: Incineroar\n|\n|win|Hadrian Blue\n|raw|Hadrian Blue's rating: 1043 &rarr; <strong>1073</strong><br />(+30 for winning)\n|raw|aztec_azzy's rating: 1004 &rarr; <strong>1000</strong><br />(-4 for losing)\n",
  "uploadtime": 1776374022,
  "views": 19,
  "formatid": "gen9championsvgc2026regma",
  "rating": 1000,
  "private": 0,
  "password": null
}