{
  "id": "gen9championsvgc2026regma-2582935020",
  "format": "[Gen 9 Champions] VGC 2026 Reg M-A",
  "players": [
    "6tk-test",
    "BringDaNoize"
  ],
  "log": "|j|\u26066tk-test\n|j|\u2606BringDaNoize\n|t:|1776126393\n|gametype|doubles\n|player|p1|6tk-test|170|1135\n|player|p2|BringDaNoize|guitarist-gen4|1209\n|gen|9\n|tier|[Gen 9 Champions] VGC 2026 Reg M-A\n|rated|\n|rule|Species Clause: Limit one of each Pok\u00e9mon\n|rule|Item Clause: Limit 1 of each item\n|clearpoke\n|poke|p1|Charizard, L50, F|\n|poke|p1|Sinistcha, L50|\n|poke|p1|Milotic, L50, F|\n|poke|p1|Corviknight, L50, F|\n|poke|p1|Weavile, L50, M|\n|poke|p1|Golurk, L50|\n|poke|p2|Azumarill, L50, F|\n|poke|p2|Camerupt, L50, M|\n|poke|p2|Dragonite, L50, F|\n|poke|p2|Oranguru, L50, M|\n|poke|p2|Sinistcha, L50|\n|poke|p2|Tinkaton, L50, F|\n|teampreview|4\n|inactive|Battle timer is ON: inactive players will automatically lose when time's up. (requested by 6tk-test)\n|\n|t:|1776126502\n|teamsize|p1|4\n|teamsize|p2|4\n|start\n|switch|p1a: Weavile|Weavile, L50, M, shiny|100/100\n|switch|p1b: Milotic|Milotic, L50, F, shiny|100/100\n|switch|p2a: Oranguru|Oranguru, L50, M|100/100\n|switch|p2b: Azumarill|Azumarill, L50, F|100/100\n|turn|1\n|inactive|6tk-test has 30 seconds left.\n|\n|t:|1776126533\n|move|p1a: Weavile|Fake Out|p2b: Azumarill\n|-damage|p2b: Azumarill|88/100\n|move|p1b: Milotic|Hypnosis|p2a: Oranguru\n|-status|p2a: Oranguru|slp|[from] move: Hypnosis\n|cant|p2b: Azumarill|flinch\n|cant|p2a: Oranguru|slp\n|\n|upkeep\n|turn|2\n|c|\u26066tk-test|ayyyy\n|inactive|6tk-test has 30 seconds left.\n|\n|t:|1776126562\n|switch|p1a: Charizard|Charizard, L50, F|100/100\n|move|p1b: Milotic|Coil|p1b: Milotic\n|-boost|p1b: Milotic|atk|1\n|-boost|p1b: Milotic|def|1\n|-boost|p1b: Milotic|accuracy|1\n|move|p2b: Azumarill|Liquidation|p1a: Charizard\n|-supereffective|p1a: Charizard|1\n|-damage|p1a: Charizard|0 fnt\n|faint|p1a: Charizard\n|-curestatus|p2a: Oranguru|slp|[msg]\n|move|p2a: Oranguru|Trick Room|p2a: Oranguru\n|-fieldstart|move: Trick Room|[of] p2a: Oranguru\n|\n|upkeep\n|\n|t:|1776126579\n|switch|p1a: Weavile|Weavile, L50, M, shiny|100/100\n|turn|3\n|\n|t:|1776126596\n|switch|p2b: Camerupt|Camerupt, L50, M|100/100\n|move|p1a: Weavile|Fake Out|p2b: Camerupt\n|-damage|p2b: Camerupt|82/100\n|move|p2a: Oranguru|Encore|p1b: Milotic\n|-start|p1b: Milotic|Encore\n|move|p1b: Milotic|Coil|p1b: Milotic\n|-boost|p1b: Milotic|atk|1\n|-boost|p1b: Milotic|def|1\n|-boost|p1b: Milotic|accuracy|1\n|\n|upkeep\n|turn|4\n|\n|t:|1776126614\n|detailschange|p2b: Camerupt|Camerupt-Mega, L50, M\n|-mega|p2b: Camerupt|Camerupt|Cameruptite\n|move|p2b: Camerupt|Eruption|p1b: Milotic|[spread] p1a,p1b\n|-supereffective|p1a: Weavile|1\n|-resisted|p1b: Milotic|1\n|-enditem|p1a: Weavile|Focus Sash\n|-damage|p1a: Weavile|1/100\n|-damage|p1b: Milotic|84/100\n|move|p2a: Oranguru|Instruct|p2b: Camerupt\n|-singleturn|p2b: Camerupt|move: Instruct|[of] p2a: Oranguru\n|move|p2b: Camerupt|Eruption|p1b: Milotic|[spread] p1a,p1b\n|-supereffective|p1a: Weavile|1\n|-resisted|p1b: Milotic|1\n|-damage|p1a: Weavile|0 fnt\n|-damage|p1b: Milotic|68/100\n|faint|p1a: Weavile\n|move|p1b: Milotic|Coil|p1b: Milotic\n|-boost|p1b: Milotic|atk|1\n|-boost|p1b: Milotic|def|1\n|-boost|p1b: Milotic|accuracy|1\n|\n|-heal|p1b: Milotic|74/100|[from] item: Leftovers\n|upkeep\n|\n|t:|1776126624\n|switch|p1a: Golurk|Golurk, L50, shiny|100/100\n|turn|5\n|\n|t:|1776126649\n|detailschange|p1a: Golurk|Golurk-Mega, L50, shiny\n|-mega|p1a: Golurk|Golurk|Golurkite\n|move|p2b: Camerupt|Earth Power|p1b: Milotic\n|-damage|p1b: Milotic|35/100\n|move|p2a: Oranguru|Instruct|p2b: Camerupt\n|-singleturn|p2b: Camerupt|move: Instruct|[of] p2a: Oranguru\n|move|p2b: Camerupt|Earth Power|p1b: Milotic\n|-damage|p1b: Milotic|0 fnt\n|faint|p1b: Milotic\n|move|p1a: Golurk|Poltergeist|p2b: Camerupt\n|-activate|p2b: Camerupt|move: Poltergeist|Cameruptite\n|-crit|p2b: Camerupt\n|-damage|p2b: Camerupt|0 fnt\n|faint|p2b: Camerupt\n|\n|upkeep\n|\n|t:|1776126660\n|switch|p2b: Azumarill|Azumarill, L50, F|88/100\n|turn|6\n|\n|t:|1776126672\n|move|p2b: Azumarill|Liquidation|p1a: Golurk\n|-supereffective|p1a: Golurk|1\n|-damage|p1a: Golurk|0 fnt\n|faint|p1a: Golurk\n|\n|win|BringDaNoize\n|raw|6tk-test's rating: 1135 &rarr; <strong>1115</strong><br />(-20 for losing)\n|raw|BringDaNoize's rating: 1209 &rarr; <strong>1229</strong><br />(+20 for winning)\n|l|\u26066tk-test\n|player|p1|\n|c|\u2606BringDaNoize|ayyy\n",
  "uploadtime": 1776126839,
  "views": 25,
  "formatid": "gen9championsvgc2026regma",
  "rating": 1115,
  "private": 0,
  "password": null
}