{
  "id": "gen9championsvgc2026regma-2587192248",
  "format": "[Gen 9 Champions] VGC 2026 Reg M-A",
  "players": [
    "lynnax",
    "athebeing"
  ],
  "log": "|j|\u2606lynnax\n|j|\u2606athebeing\n|t:|1776506866\n|gametype|doubles\n|player|p1|lynnax|1|1077\n|player|p2|athebeing|steven|1148\n|gen|9\n|tier|[Gen 9 Champions] VGC 2026 Reg M-A\n|rated|\n|rule|Species Clause: Limit one of each Pok\u00e9mon\n|rule|Item Clause: Limit 1 of each item\n|clearpoke\n|poke|p1|Incineroar, L50, F|\n|poke|p1|Sneasler, L50, M|\n|poke|p1|Pelipper, L50, M|\n|poke|p1|Sinistcha-Masterpiece, L50|\n|poke|p1|Gengar, L50, M|\n|poke|p1|Basculegion, L50, M|\n|poke|p2|Scovillain, L50, F|\n|poke|p2|Torkoal, L50, M|\n|poke|p2|Milotic, L50, F|\n|poke|p2|Hydreigon, L50, M|\n|poke|p2|Golurk, L50|\n|poke|p2|Farigiraf, L50, F|\n|teampreview|4\n|inactive|Battle timer is ON: inactive players will automatically lose when time's up. (requested by athebeing)\n|inactive|athebeing has 60 seconds left.\n|\n|t:|1776506907\n|teamsize|p1|4\n|teamsize|p2|4\n|start\n|switch|p1a: Pelipper|Pelipper, L50, M|100/100\n|switch|p1b: Basculegion|Basculegion, L50, M|100/100\n|switch|p2a: Milotic|Milotic, L50, F|100/100\n|switch|p2b: Farigiraf|Farigiraf, L50, F|100/100\n|-weather|RainDance|[from] ability: Drizzle|[of] p1a: Pelipper\n|turn|1\n|inactive|lynnax has 30 seconds left.\n|inactive|athebeing has 30 seconds left.\n|\n|t:|1776506936\n|move|p2b: Farigiraf|Protect|p2b: Farigiraf\n|-singleturn|p2b: Farigiraf|Protect\n|move|p1b: Basculegion|Crunch|p2b: Farigiraf\n|-activate|p2b: Farigiraf|move: Protect\n|move|p2a: Milotic|Muddy Water|p1b: Basculegion|[spread] p1b\n|-miss|p2a: Milotic|p1a: Pelipper\n|-resisted|p1b: Basculegion|1\n|-damage|p1b: Basculegion|76/100\n|move|p1a: Pelipper|Tailwind|p1a: Pelipper\n|-sidestart|p1: lynnax|move: Tailwind\n|\n|-weather|RainDance|[upkeep]\n|upkeep\n|turn|2\n|inactive|lynnax has 30 seconds left.\n|\n|t:|1776506964\n|move|p1b: Basculegion|Crunch|p2b: Farigiraf\n|-supereffective|p2b: Farigiraf|1\n|-damage|p2b: Farigiraf|57/100\n|move|p1a: Pelipper|U-turn|p2b: Farigiraf\n|-supereffective|p2b: Farigiraf|1\n|-damage|p2b: Farigiraf|45/100\n|\n|t:|1776506974\n|switch|p1a: Gengar|Gengar, L50, M|100/100|[from] U-turn\n|move|p2a: Milotic|Muddy Water|p1b: Basculegion|[spread] p1a,p1b\n|-resisted|p1b: Basculegion|1\n|-damage|p1a: Gengar|26/100\n|-damage|p1b: Basculegion|50/100\n|move|p2b: Farigiraf|Trick Room|p2b: Farigiraf\n|-fieldstart|move: Trick Room|[of] p2b: Farigiraf\n|\n|-weather|RainDance|[upkeep]\n|upkeep\n|turn|3\n|\n|t:|1776506994\n|switch|p1b: Pelipper|Pelipper, L50, M|100/100\n|move|p2b: Farigiraf|Helping Hand|p2a: Milotic\n|-singleturn|p2a: Milotic|Helping Hand|[of] p2b: Farigiraf\n|move|p1a: Gengar|Protect|p1a: Gengar\n|-singleturn|p1a: Gengar|Protect\n|move|p2a: Milotic|Muddy Water|p1b: Pelipper|[spread] p1b\n|-activate|p1a: Gengar|move: Protect\n|-resisted|p1b: Pelipper|1\n|-damage|p1b: Pelipper|63/100\n|-unboost|p1b: Pelipper|accuracy|1\n|\n|-weather|RainDance|[upkeep]\n|-heal|p1b: Pelipper|69/100|[from] item: Leftovers\n|upkeep\n|turn|4\n|inactive|lynnax has 30 seconds left.\n|\n|t:|1776507020\n|move|p2b: Farigiraf|Helping Hand|p2a: Milotic\n|-singleturn|p2a: Milotic|Helping Hand|[of] p2b: Farigiraf\n|move|p1a: Gengar|Protect|p1a: Gengar\n|-singleturn|p1a: Gengar|Protect\n|move|p2a: Milotic|Muddy Water|p1b: Pelipper|[spread] p1b\n|-activate|p1a: Gengar|move: Protect\n|-resisted|p1b: Pelipper|1\n|-damage|p1b: Pelipper|34/100\n|move|p1b: Pelipper|U-turn|p2b: Farigiraf|[miss]\n|-miss|p1b: Pelipper|p2b: Farigiraf\n|\n|-weather|RainDance|[upkeep]\n|-heal|p1b: Pelipper|40/100|[from] item: Leftovers\n|-sideend|p1: lynnax|move: Tailwind\n|upkeep\n|turn|5\n|inactive|lynnax has 30 seconds left.\n|inactive|lynnax has 20 seconds left.\n|inactive|lynnax has 15 seconds left.\n|inactive|lynnax has 10 seconds left.\n|inactive|lynnax has 5 seconds left.\n|\n|t:|1776507075\n|switch|p1a: Basculegion|Basculegion, L50, M|50/100\n|move|p2b: Farigiraf|Psychic|p1b: Pelipper\n|-damage|p1b: Pelipper|3/100\n|move|p1b: Pelipper|U-turn|p2b: Farigiraf\n|-supereffective|p2b: Farigiraf|1\n|-damage|p2b: Farigiraf|33/100\n|\n|t:|1776507086\n|switch|p1b: Gengar|Gengar, L50, M|26/100|[from] U-turn\n|move|p2a: Milotic|Muddy Water|p1a: Basculegion|[spread] p1a,p1b\n|-resisted|p1a: Basculegion|1\n|-damage|p1a: Basculegion|24/100\n|-damage|p1b: Gengar|0 fnt\n|faint|p1b: Gengar\n|\n|-weather|none\n|upkeep\n|\n|t:|1776507098\n|switch|p1b: Pelipper|Pelipper, L50, M|3/100\n|-weather|RainDance|[from] ability: Drizzle|[of] p1b: Pelipper\n|turn|6\n|\n|t:|1776507119\n|move|p2b: Farigiraf|Psychic|p1a: Basculegion\n|-damage|p1a: Basculegion|0 fnt\n|faint|p1a: Basculegion\n|move|p1b: Pelipper|Surf|p2a: Milotic|[spread] p2a,p2b\n|-resisted|p2a: Milotic|1\n|-damage|p2a: Milotic|85/100\n|-damage|p2b: Farigiraf|0 fnt\n|faint|p2b: Farigiraf\n|move|p2a: Milotic|Muddy Water|p1b: Pelipper\n|-resisted|p1b: Pelipper|1\n|-damage|p1b: Pelipper|0 fnt\n|faint|p1b: Pelipper\n|\n|-weather|RainDance|[upkeep]\n|-fieldend|move: Trick Room\n|upkeep\n|\n|t:|1776507137\n|switch|p1b: Sneasler|Sneasler, L50, M|100/100\n|switch|p2b: Hydreigon|Hydreigon, L50, M|100/100\n|turn|7\n|\n|t:|1776507148\n|move|p2b: Hydreigon|Earth Power|p1b: Sneasler\n|-supereffective|p1b: Sneasler|1\n|-damage|p1b: Sneasler|11/100\n|move|p1b: Sneasler|Dire Claw|p2a: Milotic\n|-damage|p2a: Milotic|30/100\n|-enditem|p2a: Milotic|Sitrus Berry|[eat]\n|-heal|p2a: Milotic|55/100|[from] item: Sitrus Berry\n|move|p2a: Milotic|Alluring Voice|p1b: Sneasler\n|-damage|p1b: Sneasler|0 fnt\n|faint|p1b: Sneasler\n|\n|win|athebeing\n|raw|lynnax's rating: 1077 &rarr; <strong>1060</strong><br />(-17 for losing)\n|raw|athebeing's rating: 1148 &rarr; <strong>1168</strong><br />(+20 for winning)\n|l|\u2606athebeing\n|player|p2|\n",
  "uploadtime": 1776507162,
  "views": 31,
  "formatid": "gen9championsvgc2026regma",
  "rating": 1060,
  "private": 0,
  "password": null
}