{
  "id": "gen9championsvgc2026regma-2581765111",
  "format": "[Gen 9 Champions] VGC 2026 Reg M-A",
  "players": [
    "veguita",
    "Nomad3929"
  ],
  "log": "|j|\u2606veguita\n|j|\u2606Nomad3929\n|t:|1776026651\n|gametype|doubles\n|player|p1|veguita|170|1111\n|player|p2|Nomad3929|hilbert|1164\n|gen|9\n|tier|[Gen 9 Champions] VGC 2026 Reg M-A\n|rated|\n|rule|Species Clause: Limit one of each Pok\u00e9mon\n|rule|Item Clause: Limit 1 of each item\n|clearpoke\n|poke|p1|Crabominable, L50, M|\n|poke|p1|Mimikyu, L50, M|\n|poke|p1|Primarina, L50, M|\n|poke|p1|Incineroar, L50, M|\n|poke|p1|Kingambit, L50, F|\n|poke|p1|Slowking-Galar, L50, F|\n|poke|p2|Charizard, L50, F|\n|poke|p2|Venusaur, L50, M|\n|poke|p2|Garchomp, L50, F|\n|poke|p2|Rotom-Wash, L50|\n|poke|p2|Sneasler, L50, M|\n|poke|p2|Incineroar, L50, M|\n|teampreview|4\n|inactive|Battle timer is ON: inactive players will automatically lose when time's up. (requested by Nomad3929)\n|inactive|veguita has 60 seconds left.\n|\n|t:|1776026685\n|teamsize|p1|4\n|teamsize|p2|4\n|start\n|switch|p1a: Mimikyu|Mimikyu, L50, M|100/100\n|switch|p1b: Incineroar|Incineroar, L50, M|100/100\n|switch|p2a: Venusaur|Venusaur, L50, M|100/100\n|switch|p2b: Sneasler|Sneasler, L50, M|100/100\n|-ability|p1b: Incineroar|Intimidate|boost\n|-unboost|p2a: Venusaur|atk|1\n|-unboost|p2b: Sneasler|atk|1\n|-enditem|p2b: Sneasler|White Herb\n|-clearnegativeboost|p2b: Sneasler|[silent]\n|turn|1\n|\n|t:|1776026702\n|move|p2b: Sneasler|Fake Out|p1b: Incineroar\n|-damage|p1b: Incineroar|86/100\n|cant|p1b: Incineroar|flinch\n|move|p2a: Venusaur|Sleep Powder|p1a: Mimikyu|[miss]\n|-miss|p2a: Venusaur|p1a: Mimikyu\n|move|p1a: Mimikyu|Trick Room|p1a: Mimikyu\n|-fieldstart|move: Trick Room|[of] p1a: Mimikyu\n|\n|upkeep\n|turn|2\n|\n|t:|1776026727\n|move|p1b: Incineroar|Flare Blitz|p2a: Venusaur\n|-supereffective|p2a: Venusaur|1\n|-enditem|p2a: Venusaur|Focus Sash\n|-damage|p2a: Venusaur|1/100\n|-damage|p1b: Incineroar|59/100|[from] Recoil\n|move|p1a: Mimikyu|Will-O-Wisp|p2b: Sneasler\n|-status|p2b: Sneasler|brn\n|move|p2a: Venusaur|Sleep Powder|p1b: Incineroar\n|-status|p1b: Incineroar|slp|[from] move: Sleep Powder\n|move|p2b: Sneasler|Dire Claw|p1a: Mimikyu\n|-activate|p1a: Mimikyu|ability: Disguise\n|-damage|p1a: Mimikyu|100/100\n|-status|p1a: Mimikyu|slp\n|detailschange|p1a: Mimikyu|Mimikyu-Busted, L50, M\n|-damage|p1a: Mimikyu|88/100 slp|[from] pokemon: Mimikyu-Busted\n|\n|-damage|p2b: Sneasler|95/100 brn|[from] brn\n|upkeep\n|turn|3\n|inactive|Nomad3929 has 30 seconds left.\n|inactive|Nomad3929 has 20 seconds left.\n|inactive|Nomad3929 has 15 seconds left.\n|\n|t:|1776026770\n|switch|p2a: Charizard|Charizard, L50, F|100/100\n|switch|p2b: Garchomp|Garchomp, L50, F|100/100\n|cant|p1b: Incineroar|slp\n|cant|p1a: Mimikyu|slp\n|\n|upkeep\n|turn|4\n|\n|t:|1776026781\n|detailschange|p2a: Charizard|Charizard-Mega-Y, L50, F\n|-mega|p2a: Charizard|Charizard|Charizardite Y\n|-weather|SunnyDay|[from] ability: Drought|[of] p2a: Charizard\n|-curestatus|p1b: Incineroar|slp|[msg]\n|move|p1b: Incineroar|Parting Shot|p2a: Charizard\n|-unboost|p2a: Charizard|atk|1\n|-unboost|p2a: Charizard|spa|1\n|\n|t:|1776026798\n|switch|p1b: Kingambit|Kingambit, L50, F|100/100|[from] Parting Shot\n|cant|p1a: Mimikyu|slp\n|move|p2a: Charizard|Heat Wave|p1b: Kingambit|[spread] p1a,p1b\n|-supereffective|p1b: Kingambit|1\n|-damage|p1a: Mimikyu|45/100 slp\n|-damage|p1b: Kingambit|13/100\n|move|p2b: Garchomp|Earthquake|p1a: Mimikyu|[spread] p1a,p1b\n|-immune|p2a: Charizard\n|-supereffective|p1b: Kingambit|1\n|-damage|p1a: Mimikyu|0 fnt\n|-damage|p1b: Kingambit|0 fnt\n|faint|p1a: Mimikyu\n|faint|p1b: Kingambit\n|\n|-weather|SunnyDay|[upkeep]\n|upkeep\n|\n|t:|1776026808\n|switch|p1b: Incineroar|Incineroar, L50, M|59/100\n|switch|p1a: Crabominable|Crabominable, L50, M|100/100\n|-ability|p1b: Incineroar|Intimidate|boost\n|-unboost|p2a: Charizard|atk|1\n|-unboost|p2b: Garchomp|atk|1\n|turn|5\n|\n|t:|1776026824\n|switch|p2a: Venusaur|Venusaur, L50, M|1/100\n|switch|p2b: Sneasler|Sneasler, L50, M|95/100 brn\n|detailschange|p1a: Crabominable|Crabominable-Mega, L50, M\n|-mega|p1a: Crabominable|Crabominable|Crabominite\n|move|p1b: Incineroar|Fake Out|p2a: Venusaur\n|-damage|p2a: Venusaur|0 fnt\n|faint|p2a: Venusaur\n|move|p1a: Crabominable|Ice Punch|p2b: Sneasler\n|-damage|p2b: Sneasler|0 fnt\n|faint|p2b: Sneasler\n|\n|-weather|SunnyDay|[upkeep]\n|-fieldend|move: Trick Room\n|upkeep\n|\n|t:|1776026835\n|switch|p2b: Garchomp|Garchomp, L50, F|100/100\n|switch|p2a: Charizard|Charizard-Mega-Y, L50, F|100/100\n|turn|6\n|\n|t:|1776026842\n|move|p1a: Crabominable|Protect|p1a: Crabominable\n|-singleturn|p1a: Crabominable|Protect\n|move|p2b: Garchomp|Earthquake|p1a: Crabominable|[spread] p1b\n|-activate|p1a: Crabominable|move: Protect\n|-immune|p2a: Charizard\n|-supereffective|p1b: Incineroar|1\n|-damage|p1b: Incineroar|0 fnt\n|faint|p1b: Incineroar\n|move|p2a: Charizard|Heat Wave|p1a: Crabominable\n|-activate|p1a: Crabominable|move: Protect\n|\n|-weather|SunnyDay|[upkeep]\n|upkeep\n|turn|7\n|-message|veguita forfeited.\n|\n|win|Nomad3929\n|raw|veguita's rating: 1111 &rarr; <strong>1090</strong><br />(-21 for losing)\n|raw|Nomad3929's rating: 1164 &rarr; <strong>1185</strong><br />(+21 for winning)\n|l|\u2606veguita\n|player|p1|\n",
  "uploadtime": 1776026867,
  "views": 13,
  "formatid": "gen9championsvgc2026regma",
  "rating": 1090,
  "private": 0,
  "password": null
}