{
  "id": "gen9championsvgc2026regma-2587442542",
  "format": "[Gen 9 Champions] VGC 2026 Reg M-A",
  "players": [
    "Miguelon611",
    "leo234321"
  ],
  "log": "|j|\u2606Miguelon611\n|j|\u2606leo234321\n|t:|1776532179\n|gametype|doubles\n|player|p1|Miguelon611|169|1264\n|player|p2|leo234321|n|1288\n|gen|9\n|tier|[Gen 9 Champions] VGC 2026 Reg M-A\n|rated|\n|rule|Species Clause: Limit one of each Pok\u00e9mon\n|rule|Item Clause: Limit 1 of each item\n|clearpoke\n|poke|p1|Sinistcha, L50|\n|poke|p1|Hatterene, L50, F|\n|poke|p1|Aggron, L50, M|\n|poke|p1|Gallade, L50, M|\n|poke|p1|Farigiraf, L50, M|\n|poke|p1|Kangaskhan, L50, F|\n|poke|p2|Delphox, L50, M|\n|poke|p2|Sinistcha-Masterpiece, L50|\n|poke|p2|Sneasler, L50, F|\n|poke|p2|Tyranitar, L50, F|\n|poke|p2|Milotic, L50, M|\n|poke|p2|Hydreigon, L50, M|\n|teampreview|4\n|\n|t:|1776532211\n|teamsize|p1|4\n|teamsize|p2|4\n|start\n|switch|p1a: Kangaskhan|Kangaskhan, L50, F|100/100\n|switch|p1b: Farigiraf|Farigiraf, L50, M|100/100\n|switch|p2a: Sneasler|Sneasler, L50, F|100/100\n|switch|p2b: Delphox|Delphox, L50, M|100/100\n|turn|1\n|\n|t:|1776532236\n|switch|p2b: Hydreigon|Hydreigon, L50, M|100/100\n|move|p1a: Kangaskhan|Fake Out|p2a: Sneasler\n|-damage|p2a: Sneasler|63/100\n|cant|p2a: Sneasler|flinch\n|move|p1b: Farigiraf|Trick Room|p1b: Farigiraf\n|-fieldstart|move: Trick Room|[of] p1b: Farigiraf\n|\n|upkeep\n|turn|2\n|\n|t:|1776532252\n|switch|p2a: Sinistcha|Sinistcha-Masterpiece, L50|100/100\n|move|p1b: Farigiraf|Ally Switch|p1b: Farigiraf\n|swap|p1b: Farigiraf|0|[from] move: Ally Switch\n|move|p1b: Kangaskhan|Double-Edge|p2a: Sinistcha\n|-damage|p2a: Sinistcha|45/100\n|-damage|p1b: Kangaskhan|87/100|[from] Recoil\n|move|p2b: Hydreigon|Dark Pulse|p1b: Kangaskhan\n|-crit|p1b: Kangaskhan\n|-damage|p1b: Kangaskhan|20/100\n|\n|upkeep\n|turn|3\n|\n|t:|1776532271\n|switch|p1a: Aggron|Aggron, L50, M|100/100\n|move|p1b: Kangaskhan|Double-Edge|p2a: Sinistcha\n|-damage|p2a: Sinistcha|0 fnt\n|faint|p2a: Sinistcha\n|-damage|p1b: Kangaskhan|9/100|[from] Recoil\n|move|p2b: Hydreigon|Dark Pulse|p1a: Aggron\n|-damage|p1a: Aggron|54/100\n|\n|upkeep\n|\n|t:|1776532283\n|switch|p2a: Sneasler|Sneasler, L50, F|63/100\n|turn|4\n|\n|t:|1776532294\n|switch|p1b: Sinistcha|Sinistcha, L50|100/100\n|-heal|p1a: Aggron|79/100|[from] ability: Hospitality|[of] p1b: Sinistcha\n|detailschange|p1a: Aggron|Aggron-Mega, L50, M\n|-mega|p1a: Aggron|Aggron|Aggronite\n|move|p2a: Sneasler|Fake Out|p1b: Sinistcha\n|-immune|p1b: Sinistcha\n|move|p1a: Aggron|Body Press|p2b: Hydreigon\n|-supereffective|p2b: Hydreigon|1\n|-damage|p2b: Hydreigon|13/100\n|move|p2b: Hydreigon|Dark Pulse|p1a: Aggron\n|-damage|p1a: Aggron|39/100\n|\n|upkeep\n|turn|5\n|\n|t:|1776532323\n|move|p1a: Aggron|Rock Slide|p2b: Hydreigon|[spread] p2a,p2b\n|-resisted|p2a: Sneasler|1\n|-damage|p2a: Sneasler|48/100\n|-damage|p2b: Hydreigon|0 fnt\n|faint|p2b: Hydreigon\n|move|p1b: Sinistcha|Shadow Ball|p2a: Sneasler\n|-damage|p2a: Sneasler|0 fnt\n|faint|p2a: Sneasler\n|\n|-fieldend|move: Trick Room\n|upkeep\n|\n|t:|1776532331\n|switch|p2b: Delphox|Delphox, L50, M|100/100\n|turn|6\n|\n|t:|1776532346\n|detailschange|p2b: Delphox|Delphox-Mega, L50, M\n|-mega|p2b: Delphox|Delphox|Delphoxite\n|move|p2b: Delphox|Heat Wave|p1a: Aggron|[spread] p1a,p1b\n|-supereffective|p1a: Aggron|1\n|-supereffective|p1b: Sinistcha|1\n|-enditem|p1b: Sinistcha|Occa Berry|[eat]\n|-enditem|p1b: Sinistcha|Occa Berry|[weaken]\n|-damage|p1a: Aggron|0 fnt\n|-damage|p1b: Sinistcha|53/100\n|faint|p1a: Aggron\n|move|p1b: Sinistcha|Trick Room|p1b: Sinistcha\n|-fieldstart|move: Trick Room|[of] p1b: Sinistcha\n|\n|upkeep\n|\n|t:|1776532356\n|switch|p1a: Kangaskhan|Kangaskhan, L50, F|9/100\n|turn|7\n|\n|t:|1776532365\n|move|p1a: Kangaskhan|Fake Out|p2b: Delphox\n|-damage|p2b: Delphox|68/100\n|move|p1b: Sinistcha|Shadow Ball|p2b: Delphox\n|-supereffective|p2b: Delphox|1\n|-damage|p2b: Delphox|0 fnt\n|faint|p2b: Delphox\n|\n|win|Miguelon611\n|raw|Miguelon611's rating: 1264 &rarr; <strong>1291</strong><br />(+27 for winning)\n|raw|leo234321's rating: 1288 &rarr; <strong>1261</strong><br />(-27 for losing)\n|l|\u2606leo234321\n|player|p2|\n",
  "uploadtime": 1776532378,
  "views": 30,
  "formatid": "gen9championsvgc2026regma",
  "rating": 1261,
  "private": 0,
  "password": null
}