{
  "id": "gen9championsvgc2026regma-2581657359",
  "format": "[Gen 9 Champions] VGC 2026 Reg M-A",
  "players": [
    "gallium1005",
    "hellojeffimjj"
  ],
  "log": "|j|\u2606gallium1005\n|j|\u2606hellojeffimjj\n|t:|1776018491\n|gametype|doubles\n|player|p1|gallium1005|hilbert|1099\n|player|p2|hellojeffimjj|miku-ghost|1000\n|gen|9\n|tier|[Gen 9 Champions] VGC 2026 Reg M-A\n|rated|\n|rule|Species Clause: Limit one of each Pok\u00e9mon\n|rule|Item Clause: Limit 1 of each item\n|clearpoke\n|poke|p1|Sneasler, L50, M|\n|poke|p1|Delphox, L50, M|\n|poke|p1|Garchomp, L50, F|\n|poke|p1|Whimsicott, L50, F|\n|poke|p1|Rotom-Wash, L50|\n|poke|p1|Corviknight, L50, F|\n|poke|p2|Gengar, L50, M|\n|poke|p2|Kangaskhan, L50, F|\n|poke|p2|Altaria, L50, F|\n|poke|p2|Incineroar, L50, M|\n|poke|p2|Blastoise, L50, M|\n|poke|p2|Kommo-o, L50, F|\n|teampreview|4\n|j| Flamey736\n|l| Flamey736\n|\n|t:|1776018521\n|teamsize|p1|4\n|teamsize|p2|4\n|start\n|switch|p1a: Delphox|Delphox, L50, M|100/100\n|switch|p1b: Whimsicott|Whimsicott, L50, F|100/100\n|switch|p2a: Gengar|Gengar, L50, M, shiny|100/100\n|switch|p2b: Incineroar|Incineroar, L50, M|100/100\n|-ability|p2b: Incineroar|Intimidate|boost\n|-unboost|p1a: Delphox|atk|1\n|-unboost|p1b: Whimsicott|atk|1\n|turn|1\n|\n|t:|1776018558\n|detailschange|p2a: Gengar|Gengar-Mega, L50, M, shiny\n|-mega|p2a: Gengar|Gengar|Gengarite\n|detailschange|p1a: Delphox|Delphox-Mega, L50, M\n|-mega|p1a: Delphox|Delphox|Delphoxite\n|move|p2b: Incineroar|Fake Out|p1a: Delphox\n|-damage|p1a: Delphox|88/100\n|move|p1b: Whimsicott|Tailwind|p1b: Whimsicott\n|-sidestart|p1: gallium1005|move: Tailwind\n|cant|p1a: Delphox|flinch\n|move|p2a: Gengar|Substitute|p2a: Gengar\n|-start|p2a: Gengar|Substitute\n|-damage|p2a: Gengar|76/100\n|\n|upkeep\n|turn|2\n|\n|t:|1776018584\n|move|p2a: Gengar|Protect|p2a: Gengar\n|-singleturn|p2a: Gengar|Protect\n|move|p1a: Delphox|Heat Wave|p2a: Gengar|[spread] p2b\n|-activate|p2a: Gengar|move: Protect\n|-resisted|p2b: Incineroar|1\n|-damage|p2b: Incineroar|86/100\n|move|p1b: Whimsicott|Moonblast|p2a: Gengar\n|-activate|p2a: Gengar|move: Protect\n|move|p2b: Incineroar|Throat Chop|p1a: Delphox\n|-supereffective|p1a: Delphox|1\n|-damage|p1a: Delphox|12/100\n|-start|p1a: Delphox|Throat Chop|[silent]\n|\n|upkeep\n|turn|3\n|\n|t:|1776018631\n|move|p1a: Delphox|Heat Wave|p2a: Gengar|[spread] p2a,p2b\n|-end|p2a: Gengar|Substitute\n|-resisted|p2b: Incineroar|1\n|-damage|p2b: Incineroar|70/100\n|move|p1b: Whimsicott|Moonblast|p2b: Incineroar\n|-damage|p2b: Incineroar|49/100\n|move|p2a: Gengar|Shadow Ball|p1b: Whimsicott\n|-damage|p1b: Whimsicott|50/100\n|move|p2b: Incineroar|Throat Chop|p1a: Delphox\n|-supereffective|p1a: Delphox|1\n|-damage|p1a: Delphox|0 fnt\n|faint|p1a: Delphox\n|\n|upkeep\n|\n|t:|1776018644\n|switch|p1a: Garchomp|Garchomp, L50, F|100/100\n|turn|4\n|\n|t:|1776018703\n|move|p2a: Gengar|Protect|p2a: Gengar\n|-singleturn|p2a: Gengar|Protect\n|move|p2b: Incineroar|Protect|p2b: Incineroar\n|-singleturn|p2b: Incineroar|Protect\n|move|p1b: Whimsicott|Encore|p2a: Gengar\n|-activate|p2a: Gengar|move: Protect\n|move|p1a: Garchomp|Earthquake|p2a: Gengar|[spread] p1b\n|-activate|p2a: Gengar|move: Protect\n|-activate|p2b: Incineroar|move: Protect\n|-resisted|p1b: Whimsicott|1\n|-damage|p1b: Whimsicott|30/100\n|\n|-sideend|p1: gallium1005|move: Tailwind\n|upkeep\n|turn|5\n|\n|t:|1776018726\n|switch|p2a: Altaria|Altaria, L50, F, shiny|100/100\n|-ability|p2a: Altaria|Cloud Nine\n|switch|p2b: Blastoise|Blastoise, L50, M, shiny|100/100\n|move|p1b: Whimsicott|Tailwind|p1b: Whimsicott\n|-sidestart|p1: gallium1005|move: Tailwind\n|move|p1a: Garchomp|Earthquake|p2a: Altaria|[spread] p1b,p2b\n|-immune|p2a: Altaria\n|-resisted|p1b: Whimsicott|1\n|-damage|p1b: Whimsicott|10/100\n|-damage|p2b: Blastoise|69/100\n|\n|upkeep\n|turn|6\n|\n|t:|1776018750\n|move|p2b: Blastoise|Fake Out|p1b: Whimsicott\n|-damage|p1b: Whimsicott|1/100\n|move|p1a: Garchomp|Dragon Claw|p2a: Altaria\n|-supereffective|p2a: Altaria|1\n|-enditem|p2a: Altaria|Haban Berry|[eat]\n|-enditem|p2a: Altaria|Haban Berry|[weaken]\n|-damage|p2a: Altaria|58/100\n|cant|p1b: Whimsicott|flinch\n|move|p2a: Altaria|Dragon Pulse|p1a: Garchomp\n|-supereffective|p1a: Garchomp|1\n|-damage|p1a: Garchomp|60/100\n|\n|-heal|p1a: Garchomp|67/100|[from] item: Leftovers\n|upkeep\n|turn|7\n|\n|t:|1776018767\n|move|p2a: Altaria|Protect|p2a: Altaria\n|-singleturn|p2a: Altaria|Protect\n|move|p1b: Whimsicott|Encore|p2b: Blastoise\n|-start|p2b: Blastoise|Encore\n|move|p2b: Blastoise|Fake Out||[still]\n|-hint|Fake Out only works on your first turn out.\n|-fail|p2b: Blastoise\n|move|p1a: Garchomp|Dragon Claw|p2a: Altaria\n|-activate|p2a: Altaria|move: Protect\n|\n|-heal|p1a: Garchomp|73/100|[from] item: Leftovers\n|upkeep\n|turn|8\n|\n|t:|1776018808\n|switch|p2a: Incineroar|Incineroar, L50, M|49/100\n|-ability|p2a: Incineroar|Intimidate|boost\n|-unboost|p1a: Garchomp|atk|1\n|-unboost|p1b: Whimsicott|atk|1\n|move|p1a: Garchomp|Rock Slide|p2b: Blastoise|[spread] p2a,p2b\n|-supereffective|p2a: Incineroar|1\n|-damage|p2a: Incineroar|25/100\n|-damage|p2b: Blastoise|58/100\n|move|p1b: Whimsicott|Moonblast|p2b: Blastoise\n|-damage|p2b: Blastoise|37/100\n|cant|p2b: Blastoise|flinch\n|\n|-heal|p1a: Garchomp|79/100|[from] item: Leftovers\n|-sideend|p1: gallium1005|move: Tailwind\n|upkeep\n|turn|9\n|\n|t:|1776018831\n|switch|p2b: Altaria|Altaria, L50, F, shiny|58/100\n|-ability|p2b: Altaria|Cloud Nine\n|move|p2a: Incineroar|Fake Out|p1b: Whimsicott\n|-damage|p1b: Whimsicott|0 fnt\n|faint|p1b: Whimsicott\n|move|p1a: Garchomp|Earthquake|p2a: Incineroar|[spread] p2a\n|-immune|p2b: Altaria\n|-supereffective|p2a: Incineroar|1\n|-damage|p2a: Incineroar|0 fnt\n|faint|p2a: Incineroar\n|\n|-heal|p1a: Garchomp|85/100|[from] item: Leftovers\n|upkeep\n|\n|t:|1776018846\n|switch|p1b: Sneasler|Sneasler, L50, M|100/100\n|switch|p2a: Gengar|Gengar-Mega, L50, M, shiny|76/100\n|turn|10\n|\n|t:|1776018876\n|move|p2b: Altaria|Protect|p2b: Altaria\n|-singleturn|p2b: Altaria|Protect\n|move|p1b: Sneasler|Fake Out|p2b: Altaria\n|-activate|p2b: Altaria|move: Protect\n|move|p2a: Gengar|Perish Song|p2a: Gengar\n|-start|p1a: Garchomp|perish3|[silent]\n|-start|p1b: Sneasler|perish3|[silent]\n|-start|p2a: Gengar|perish3|[silent]\n|-start|p2b: Altaria|perish3|[silent]\n|-fieldactivate|move: Perish Song\n|move|p1a: Garchomp|Dragon Claw|p2a: Gengar\n|-damage|p2a: Gengar|38/100\n|\n|-heal|p1a: Garchomp|91/100|[from] item: Leftovers\n|-start|p2a: Gengar|perish3\n|-start|p1b: Sneasler|perish3\n|-start|p1a: Garchomp|perish3\n|-start|p2b: Altaria|perish3\n|upkeep\n|turn|11\n|\n|t:|1776018904\n|move|p2b: Altaria|Protect||[still]\n|-fail|p2b: Altaria\n|move|p2a: Gengar|Substitute|p2a: Gengar\n|-start|p2a: Gengar|Substitute\n|-damage|p2a: Gengar|14/100\n|move|p1b: Sneasler|Dire Claw|p2a: Gengar\n|-resisted|p2a: Gengar|2\n|-activate|p2a: Gengar|move: Substitute|[damage]\n|move|p1a: Garchomp|Dragon Claw|p2b: Altaria\n|-supereffective|p2b: Altaria|1\n|-damage|p2b: Altaria|4/100\n|\n|-heal|p1a: Garchomp|97/100|[from] item: Leftovers\n|-start|p2a: Gengar|perish2\n|-start|p1b: Sneasler|perish2\n|-start|p1a: Garchomp|perish2\n|-start|p2b: Altaria|perish2\n|upkeep\n|turn|12\n|\n|t:|1776018923\n|move|p2a: Gengar|Protect|p2a: Gengar\n|-singleturn|p2a: Gengar|Protect\n|move|p2b: Altaria|Protect|p2b: Altaria\n|-singleturn|p2b: Altaria|Protect\n|move|p1b: Sneasler|Dire Claw|p2a: Gengar\n|-activate|p2a: Gengar|move: Protect\n|move|p1a: Garchomp|Rock Slide|p2b: Altaria|[spread] \n|-activate|p2a: Gengar|move: Protect\n|-activate|p2b: Altaria|move: Protect\n|\n|-heal|p1a: Garchomp|100/100|[from] item: Leftovers\n|-start|p2a: Gengar|perish1\n|-start|p1b: Sneasler|perish1\n|-start|p1a: Garchomp|perish1\n|-start|p2b: Altaria|perish1\n|upkeep\n|turn|13\n|c|\u2606hellojeffimjj|gg\n|c|\u2606gallium1005|gg\n|\n|t:|1776018941\n|move|p2a: Gengar|Protect||[still]\n|-fail|p2a: Gengar\n|move|p2b: Altaria|Protect|p2b: Altaria\n|-singleturn|p2b: Altaria|Protect\n|move|p1b: Sneasler|Dire Claw|p2a: Gengar\n|-resisted|p2a: Gengar|2\n|-end|p2a: Gengar|Substitute\n|move|p1a: Garchomp|Rock Slide|p2b: Altaria|[spread] p2a\n|-activate|p2b: Altaria|move: Protect\n|-damage|p2a: Gengar|0 fnt\n|faint|p2a: Gengar\n|\n|-start|p1b: Sneasler|perish0\n|-start|p1a: Garchomp|perish0\n|-start|p2b: Altaria|perish0\n|faint|p1b: Sneasler\n|faint|p1a: Garchomp\n|faint|p2b: Altaria\n|\n|win|hellojeffimjj\n|raw|gallium1005's rating: 1099 &rarr; <strong>1067</strong><br />(-32 for losing)\n|raw|hellojeffimjj's rating: 1000 &rarr; <strong>1051</strong><br />(+51 for winning)\n",
  "uploadtime": 1776018948,
  "views": 14,
  "formatid": "gen9championsvgc2026regma",
  "rating": 1051,
  "private": 0,
  "password": null
}