{
  "id": "gen9championsvgc2026regma-2583832421",
  "format": "[Gen 9 Champions] VGC 2026 Reg M-A",
  "players": [
    "HawaiiCookieCo",
    "Sttaatatata"
  ],
  "log": "|j|\u2606HawaiiCookieCo\n|j|\u2606Sttaatatata\n|t:|1776201205\n|gametype|doubles\n|player|p1|HawaiiCookieCo|swimmer-gen4dp|1077\n|player|p2|Sttaatatata|1|1000\n|gen|9\n|tier|[Gen 9 Champions] VGC 2026 Reg M-A\n|rated|\n|rule|Species Clause: Limit one of each Pok\u00e9mon\n|rule|Item Clause: Limit 1 of each item\n|clearpoke\n|poke|p1|Volcarona, L50, M|\n|poke|p1|Incineroar, L50, M|\n|poke|p1|Mamoswine, L50, M|\n|poke|p1|Sinistcha, L50|\n|poke|p1|Sneasler, L50, F|\n|poke|p1|Tyranitar, L50, F|\n|poke|p2|Charizard, L50, F|\n|poke|p2|Basculegion, L50, M|\n|poke|p2|Incineroar, L50, M|\n|poke|p2|Sneasler, L50, F|\n|poke|p2|Garchomp, L50, F|\n|poke|p2|Venusaur, L50, F|\n|teampreview|4\n|inactive|Battle timer is ON: inactive players will automatically lose when time's up. (requested by HawaiiCookieCo)\n|inactive|Sttaatatata has 60 seconds left.\n|\n|t:|1776201260\n|teamsize|p1|4\n|teamsize|p2|4\n|start\n|switch|p1a: Mamoswine|Mamoswine, L50, M|100/100\n|switch|p1b: Sinistcha|Sinistcha, L50|100/100\n|switch|p2a: Charizard|Charizard, L50, F|100/100\n|switch|p2b: Sneasler|Sneasler, L50, F|100/100\n|turn|1\n|inactive|Sttaatatata has 30 seconds left.\n|inactive|HawaiiCookieCo has 30 seconds left.\n|inactive|Sttaatatata has 20 seconds left.\n|\n|t:|1776201300\n|switch|p1b: Tyranitar|Tyranitar, L50, F|100/100\n|-weather|Sandstorm|[from] ability: Sand Stream|[of] p1b: Tyranitar\n|detailschange|p2a: Charizard|Charizard-Mega-Y, L50, F\n|-mega|p2a: Charizard|Charizard|Charizardite Y\n|-weather|SunnyDay|[from] ability: Drought|[of] p2a: Charizard\n|move|p1a: Mamoswine|Protect|p1a: Mamoswine\n|-singleturn|p1a: Mamoswine|Protect\n|move|p2b: Sneasler|Dire Claw|p1b: Tyranitar\n|-resisted|p1b: Tyranitar|1\n|-damage|p1b: Tyranitar|81/100\n|move|p2a: Charizard|Solar Beam||[still]\n|-prepare|p2a: Charizard|Solar Beam\n|-anim|p2a: Charizard|Solar Beam|p1a: Mamoswine\n|-activate|p1a: Mamoswine|move: Protect\n|\n|-weather|SunnyDay|[upkeep]\n|upkeep\n|turn|2\n|inactive|Sttaatatata has 30 seconds left.\n|\n|t:|1776201329\n|switch|p1b: Sinistcha|Sinistcha, L50|100/100\n|move|p2b: Sneasler|Close Combat|p1b: Sinistcha\n|-immune|p1b: Sinistcha\n|move|p2a: Charizard|Heat Wave|p1a: Mamoswine|[spread] p1a,p1b\n|-supereffective|p1a: Mamoswine|1\n|-supereffective|p1b: Sinistcha|1\n|-enditem|p1b: Sinistcha|Occa Berry|[eat]\n|-enditem|p1b: Sinistcha|Occa Berry|[weaken]\n|-enditem|p1a: Mamoswine|Focus Sash\n|-damage|p1a: Mamoswine|1/100\n|-damage|p1b: Sinistcha|26/100\n|-status|p1b: Sinistcha|brn\n|move|p1a: Mamoswine|High Horsepower|p2b: Sneasler\n|-supereffective|p2b: Sneasler|1\n|-crit|p2b: Sneasler\n|-damage|p2b: Sneasler|0 fnt\n|faint|p2b: Sneasler\n|\n|-weather|SunnyDay|[upkeep]\n|-damage|p1b: Sinistcha|20/100 brn|[from] brn\n|upkeep\n|\n|t:|1776201353\n|switch|p2b: Basculegion|Basculegion, L50, M|100/100\n|turn|3\n|inactive|HawaiiCookieCo has 30 seconds left.\n|\n|t:|1776201395\n|switch|p1a: Tyranitar|Tyranitar, L50, F|81/100\n|-weather|Sandstorm|[from] ability: Sand Stream|[of] p1a: Tyranitar\n|switch|p1b: Volcarona|Volcarona, L50, M|100/100\n|move|p2a: Charizard|Protect|p2a: Charizard\n|-singleturn|p2a: Charizard|Protect\n|move|p2b: Basculegion|Flip Turn|p1a: Tyranitar\n|-supereffective|p1a: Tyranitar|1\n|-damage|p1a: Tyranitar|8/100\n|\n|t:|1776201413\n|switch|p2b: Garchomp|Garchomp, L50, F|100/100|[from] Flip Turn\n|\n|-weather|Sandstorm|[upkeep]\n|-damage|p2a: Charizard|95/100|[from] Sandstorm\n|-damage|p1b: Volcarona|95/100|[from] Sandstorm\n|-heal|p1b: Volcarona|100/100|[from] item: Leftovers\n|upkeep\n|turn|4\n|\n|t:|1776201433\n|move|p1a: Tyranitar|Protect|p1a: Tyranitar\n|-singleturn|p1a: Tyranitar|Protect\n|move|p2b: Garchomp|Earthquake|p1a: Tyranitar|[spread] p1b\n|-activate|p1a: Tyranitar|move: Protect\n|-immune|p2a: Charizard\n|-damage|p1b: Volcarona|59/100\n|move|p2a: Charizard|Air Slash|p1b: Volcarona\n|-supereffective|p1b: Volcarona|1\n|-damage|p1b: Volcarona|0 fnt\n|faint|p1b: Volcarona\n|\n|-weather|Sandstorm|[upkeep]\n|-damage|p2a: Charizard|89/100|[from] Sandstorm\n|upkeep\n|\n|t:|1776201447\n|switch|p1b: Sinistcha|Sinistcha, L50|20/100 brn\n|-heal|p1a: Tyranitar|33/100|[from] ability: Hospitality|[of] p1b: Sinistcha\n|turn|5\n|\n|t:|1776201462\n|move|p2b: Garchomp|Earthquake|p1b: Sinistcha|[spread] p1a,p1b\n|-immune|p2a: Charizard\n|-supereffective|p1a: Tyranitar|1\n|-resisted|p1b: Sinistcha|1\n|-damage|p1a: Tyranitar|0 fnt\n|-damage|p1b: Sinistcha|6/100 brn\n|faint|p1a: Tyranitar\n|move|p2a: Charizard|Heat Wave|p1b: Sinistcha\n|-supereffective|p1b: Sinistcha|1\n|-damage|p1b: Sinistcha|0 fnt\n|faint|p1b: Sinistcha\n|\n|-weather|Sandstorm|[upkeep]\n|-damage|p2a: Charizard|83/100|[from] Sandstorm\n|upkeep\n|-message|HawaiiCookieCo forfeited.\n|\n|win|Sttaatatata\n|raw|HawaiiCookieCo's rating: 1077 &rarr; <strong>1051</strong><br />(-26 for losing)\n|raw|Sttaatatata's rating: 1000 &rarr; <strong>1049</strong><br />(+49 for winning)\n",
  "uploadtime": 1776201473,
  "views": 17,
  "formatid": "gen9championsvgc2026regma",
  "rating": 1049,
  "private": 0,
  "password": null
}