{
  "id": "gen9championsvgc2026regma-2588678084",
  "format": "[Gen 9 Champions] VGC 2026 Reg M-A",
  "players": [
    "Fujimorista_2026",
    "sweetbabyfishin"
  ],
  "log": "|j|\u2606Fujimorista_2026\n|j|\u2606sweetbabyfishin\n|t:|1776656762\n|gametype|doubles\n|player|p1|Fujimorista_2026|n|1437\n|player|p2|sweetbabyfishin|fisherman-gen4|1495\n|gen|9\n|tier|[Gen 9 Champions] VGC 2026 Reg M-A\n|rated|\n|rule|Species Clause: Limit one of each Pok\u00e9mon\n|rule|Item Clause: Limit 1 of each item\n|clearpoke\n|poke|p1|Pelipper, L50, M|\n|poke|p1|Archaludon, L50, M|\n|poke|p1|Incineroar, L50, F|\n|poke|p1|Basculegion, L50, M|\n|poke|p1|Dragonite, L50, M|\n|poke|p1|Ditto, L50|\n|poke|p2|Charizard, L50, F|\n|poke|p2|Venusaur, L50, F|\n|poke|p2|Politoed, L50, F|\n|poke|p2|Dragapult, L50, F|\n|poke|p2|Steelix, L50, M|\n|poke|p2|Heliolisk, L50, M|\n|teampreview|4\n|\n|t:|1776656842\n|teamsize|p1|4\n|teamsize|p2|4\n|start\n|switch|p1a: Valera|Dragonite, L50, M|100/100\n|switch|p1b: El Tunche|Basculegion, L50, M|100/100\n|switch|p2a: Heliolisk|Heliolisk, L50, M|100/100\n|switch|p2b: Dragapult|Dragapult, L50, F|100/100\n|turn|1\n|\n|t:|1776656858\n|detailschange|p1a: Valera|Dragonite-Mega, L50, M\n|-mega|p1a: Valera|Dragonite|Dragoninite\n|move|p1b: El Tunche|Protect|p1b: El Tunche\n|-singleturn|p1b: El Tunche|Protect\n|move|p2a: Heliolisk|Electroweb|p1b: El Tunche|[spread] p1a\n|-activate|p1b: El Tunche|move: Protect\n|-damage|p1a: Valera|93/100\n|-unboost|p1a: Valera|spe|1\n|move|p2b: Dragapult|Draco Meteor|p1a: Valera\n|-supereffective|p1a: Valera|1\n|-damage|p1a: Valera|11/100\n|-unboost|p2b: Dragapult|spa|2\n|move|p1a: Valera|Draco Meteor|p2b: Dragapult\n|-supereffective|p2b: Dragapult|1\n|-enditem|p2b: Dragapult|Focus Sash\n|-damage|p2b: Dragapult|1/100\n|-unboost|p1a: Valera|spa|2\n|\n|upkeep\n|turn|2\n|\n|t:|1776656882\n|switch|p2b: Venusaur|Venusaur, L50, F|100/100\n|switch|p1b: Cuevita|Pelipper, L50, M|100/100\n|-weather|RainDance|[from] ability: Drizzle|[of] p1b: Cuevita\n|move|p1a: Valera|Extreme Speed|p2a: Heliolisk\n|-damage|p2a: Heliolisk|45/100\n|move|p2a: Heliolisk|Electroweb|p1b: Cuevita|[spread] p1a,p1b\n|-supereffective|p1b: Cuevita|2\n|-damage|p1a: Valera|0 fnt\n|-enditem|p1b: Cuevita|Focus Sash\n|-damage|p1b: Cuevita|1/100\n|-unboost|p1b: Cuevita|spe|1\n|faint|p1a: Valera\n|\n|-weather|RainDance|[upkeep]\n|upkeep\n|\n|t:|1776656898\n|switch|p1a: El Tunche|Basculegion, L50, M|100/100\n|turn|3\n|\n|t:|1776656907\n|move|p2a: Heliolisk|Electroweb|p1b: Cuevita|[spread] p1a,p1b\n|-supereffective|p1a: El Tunche|1\n|-supereffective|p1b: Cuevita|2\n|-damage|p1a: El Tunche|61/100\n|-damage|p1b: Cuevita|0 fnt\n|-unboost|p1a: El Tunche|spe|1\n|faint|p1b: Cuevita\n|move|p1a: El Tunche|Wave Crash|p2a: Heliolisk\n|-damage|p2a: Heliolisk|0 fnt\n|faint|p2a: Heliolisk\n|-damage|p1a: El Tunche|52/100|[from] Recoil\n|move|p2b: Venusaur|Sludge Bomb|p1a: El Tunche\n|-resisted|p1a: El Tunche|1\n|-damage|p1a: El Tunche|33/100\n|\n|-weather|RainDance|[upkeep]\n|upkeep\n|\n|t:|1776656921\n|switch|p2a: Charizard|Charizard, L50, F|100/100\n|switch|p1b: Ditto|Ditto, L50|100/100\n|-transform|p1b: Ditto|p2a: Charizard|[from] ability: Imposter\n|turn|4\n|\n|t:|1776656938\n|detailschange|p2a: Charizard|Charizard-Mega-Y, L50, F\n|-mega|p2a: Charizard|Charizard|Charizardite Y\n|-weather|SunnyDay|[from] ability: Drought|[of] p2a: Charizard\n|move|p2b: Venusaur|Protect|p2b: Venusaur\n|-singleturn|p2b: Venusaur|Protect\n|move|p1a: El Tunche|Protect|p1a: El Tunche\n|-singleturn|p1a: El Tunche|Protect\n|move|p1b: Ditto|Weather Ball|p2b: Venusaur\n|-activate|p2b: Venusaur|move: Protect\n|move|p2a: Charizard|Weather Ball|p1a: El Tunche\n|-activate|p1a: El Tunche|move: Protect\n|\n|-weather|SunnyDay|[upkeep]\n|upkeep\n|turn|5\n|\n|t:|1776656956\n|move|p2b: Venusaur|Sludge Bomb|p1b: Ditto\n|-damage|p1b: Ditto|50/100\n|move|p1b: Ditto|Weather Ball|p2b: Venusaur\n|-supereffective|p2b: Venusaur|1\n|-damage|p2b: Venusaur|0 fnt\n|faint|p2b: Venusaur\n|move|p2a: Charizard|Weather Ball|p1a: El Tunche\n|-resisted|p1a: El Tunche|1\n|-damage|p1a: El Tunche|0 fnt\n|faint|p1a: El Tunche\n|\n|-weather|SunnyDay|[upkeep]\n|upkeep\n|\n|t:|1776656962\n|switch|p2b: Dragapult|Dragapult, L50, F|1/100\n|turn|6\n|\n|t:|1776656971\n|move|p1b: Ditto|Weather Ball|p2b: Dragapult\n|-resisted|p2b: Dragapult|1\n|-damage|p2b: Dragapult|0 fnt\n|faint|p2b: Dragapult\n|move|p2a: Charizard|Weather Ball|p1b: Ditto\n|-resisted|p1b: Ditto|1\n|-damage|p1b: Ditto|0 fnt\n|faint|p1b: Ditto\n|\n|win|sweetbabyfishin\n|raw|Fujimorista_2026's rating: 1437 &rarr; <strong>1420</strong><br />(-17 for losing)\n|raw|sweetbabyfishin's rating: 1495 &rarr; <strong>1512</strong><br />(+17 for winning)\n|l|\u2606sweetbabyfishin\n|player|p2|\n",
  "uploadtime": 1776657130,
  "views": 7,
  "formatid": "gen9championsvgc2026regma",
  "rating": 1420,
  "private": 0,
  "password": null
}