{
  "id": "gen9championsvgc2026regma-2587189824",
  "format": "[Gen 9 Champions] VGC 2026 Reg M-A",
  "players": [
    "Azreal29",
    "Ranzurant"
  ],
  "log": "|j|\u2606Azreal29\n|j|\u2606Ranzurant\n|t:|1776506521\n|gametype|doubles\n|player|p1|Azreal29|unknown|1184\n|player|p2|Ranzurant|lucas|1134\n|gen|9\n|tier|[Gen 9 Champions] VGC 2026 Reg M-A\n|rated|\n|rule|Species Clause: Limit one of each Pok\u00e9mon\n|rule|Item Clause: Limit 1 of each item\n|clearpoke\n|poke|p1|Tyranitar, L50, M, shiny|\n|poke|p1|Excadrill, L50, M|\n|poke|p1|Corviknight, L50, M, shiny|\n|poke|p1|Primarina, L50, F|\n|poke|p1|Incineroar, L50, M|\n|poke|p1|Sinistcha, L50|\n|poke|p2|Incineroar, L50, F|\n|poke|p2|Milotic, L50, F|\n|poke|p2|Gengar, L50, F|\n|poke|p2|Kingambit, L50, M|\n|poke|p2|Gallade, L50, M|\n|poke|p2|Clefable, L50, M|\n|teampreview|4\n|inactive|Battle timer is ON: inactive players will automatically lose when time's up. (requested by Azreal29)\n|\n|t:|1776506549\n|teamsize|p1|4\n|teamsize|p2|4\n|start\n|switch|p1a: Primarina|Primarina, L50, F|100/100\n|switch|p1b: Incineroar|Incineroar, L50, M|100/100\n|switch|p2a: Gengar|Gengar, L50, F|100/100\n|switch|p2b: Gallade|Gallade, L50, M|100/100\n|-ability|p1b: Incineroar|Intimidate|boost\n|-unboost|p2a: Gengar|atk|1\n|-unboost|p2b: Gallade|atk|1\n|turn|1\n|l|\u2606Ranzurant\n|inactive|Ranzurant disconnected and has a minute to reconnect!\n|player|p2|\n|inactive|Ranzurant has 30 seconds left.\n|inactive|Ranzurant has 20 seconds left.\n|inactive|Ranzurant has 15 seconds left.\n|inactive|Ranzurant has 10 seconds left.\n|j|\u2606Ranzurant\n|inactive|Ranzurant reconnected and has 10 seconds left.\n|player|p2|Ranzurant|lucas|\n|inactive|Ranzurant has 5 seconds left.\n|\n|t:|1776506604\n|move|p1b: Incineroar|Fake Out|p2b: Gallade\n|-damage|p2b: Gallade|81/100\n|move|p2a: Gengar|Substitute|p2a: Gengar\n|-start|p2a: Gengar|Substitute\n|-damage|p2a: Gengar|76/100\n|cant|p2b: Gallade|flinch\n|move|p1a: Primarina|Moonblast|p2b: Gallade\n|-supereffective|p2b: Gallade|1\n|-damage|p2b: Gallade|0 fnt\n|faint|p2b: Gallade\n|\n|upkeep\n|inactive|Ranzurant has 30 seconds left.\n|\n|t:|1776506630\n|switch|p2b: Incineroar|Incineroar, L50, F|100/100\n|-ability|p2b: Incineroar|Intimidate|boost\n|-unboost|p1a: Primarina|atk|1\n|-unboost|p1b: Incineroar|atk|1\n|turn|2\n|\n|t:|1776506643\n|detailschange|p2a: Gengar|Gengar-Mega, L50, F\n|-mega|p2a: Gengar|Gengar|Gengarite\n|move|p2b: Incineroar|Fake Out|p1a: Primarina\n|-damage|p1a: Primarina|85/100\n|move|p2a: Gengar|Perish Song|p2a: Gengar\n|-start|p1a: Primarina|perish3|[silent]\n|-start|p1b: Incineroar|perish3|[silent]\n|-start|p2a: Gengar|perish3|[silent]\n|-start|p2b: Incineroar|perish3|[silent]\n|-fieldactivate|move: Perish Song\n|move|p1b: Incineroar|Darkest Lariat|p2a: Gengar\n|-supereffective|p2a: Gengar|1\n|-end|p2a: Gengar|Substitute\n|cant|p1a: Primarina|flinch\n|\n|-start|p2a: Gengar|perish3\n|-start|p1b: Incineroar|perish3\n|-start|p1a: Primarina|perish3\n|-start|p2b: Incineroar|perish3\n|upkeep\n|turn|3\n|\n|t:|1776506662\n|move|p2a: Gengar|Protect|p2a: Gengar\n|-singleturn|p2a: Gengar|Protect\n|move|p1b: Incineroar|Darkest Lariat|p2a: Gengar\n|-activate|p2a: Gengar|move: Protect\n|move|p1a: Primarina|Hyper Voice|p2b: Incineroar|[spread] p2b\n|-activate|p2a: Gengar|move: Protect\n|-supereffective|p2b: Incineroar|1\n|-enditem|p2b: Incineroar|Passho Berry|[eat]\n|-enditem|p2b: Incineroar|Passho Berry|[weaken]\n|-damage|p2b: Incineroar|75/100\n|move|p2b: Incineroar|Parting Shot|p1a: Primarina\n|-unboost|p1a: Primarina|atk|1\n|-unboost|p1a: Primarina|spa|1\n|\n|t:|1776506676\n|switch|p2b: Milotic|Milotic, L50, F|100/100|[from] Parting Shot\n|\n|-start|p2a: Gengar|perish2\n|-start|p1b: Incineroar|perish2\n|-start|p1a: Primarina|perish2\n|upkeep\n|turn|4\n|\n|t:|1776506685\n|move|p2b: Milotic|Protect|p2b: Milotic\n|-singleturn|p2b: Milotic|Protect\n|move|p2a: Gengar|Substitute|p2a: Gengar\n|-start|p2a: Gengar|Substitute\n|-damage|p2a: Gengar|51/100\n|move|p1b: Incineroar|Darkest Lariat|p2a: Gengar\n|-supereffective|p2a: Gengar|1\n|-end|p2a: Gengar|Substitute\n|move|p1a: Primarina|Haze|p1a: Primarina\n|-clearallboost\n|\n|-start|p2a: Gengar|perish1\n|-start|p1b: Incineroar|perish1\n|-start|p1a: Primarina|perish1\n|upkeep\n|turn|5\n|inactive|Ranzurant has 30 seconds left.\n|\n|t:|1776506711\n|switch|p2a: Incineroar|Incineroar, L50, F|75/100\n|-ability|p2a: Incineroar|Intimidate|boost\n|-unboost|p1a: Primarina|atk|1\n|-unboost|p1b: Incineroar|atk|1\n|move|p1b: Incineroar|Parting Shot|p2b: Milotic\n|-unboost|p2b: Milotic|atk|1\n|-ability|p2b: Milotic|Competitive|boost\n|-boost|p2b: Milotic|spa|2\n|-unboost|p2b: Milotic|spa|1\n|-ability|p2b: Milotic|Competitive|boost\n|-boost|p2b: Milotic|spa|2\n|\n|t:|1776506729\n|switch|p1b: Tyranitar|Tyranitar, L50, M, shiny|100/100|[from] Parting Shot\n|-weather|Sandstorm|[from] ability: Sand Stream|[of] p1b: Tyranitar\n|move|p1a: Primarina|Moonblast|p2b: Milotic\n|-damage|p2b: Milotic|60/100\n|move|p2b: Milotic|Muddy Water|p1b: Tyranitar|[spread] p1a,p1b\n|-resisted|p1a: Primarina|1\n|-supereffective|p1b: Tyranitar|1\n|-damage|p1a: Primarina|49/100\n|-damage|p1b: Tyranitar|9/100\n|\n|-weather|Sandstorm|[upkeep]\n|-damage|p1a: Primarina|43/100|[from] Sandstorm\n|-damage|p2b: Milotic|54/100|[from] Sandstorm\n|-damage|p2a: Incineroar|69/100|[from] Sandstorm\n|-heal|p2b: Milotic|60/100|[from] item: Leftovers\n|-start|p1a: Primarina|perish0\n|upkeep\n|faint|p1a: Primarina\n|\n|t:|1776506735\n|switch|p1a: Excadrill|Excadrill, L50, M|100/100\n|turn|6\n|\n|t:|1776506750\n|switch|p1b: Incineroar|Incineroar, L50, M|100/100\n|-ability|p1b: Incineroar|Intimidate|boost\n|-unboost|p2a: Incineroar|atk|1\n|-unboost|p2b: Milotic|atk|1\n|-ability|p2b: Milotic|Competitive|boost\n|-boost|p2b: Milotic|spa|2\n|move|p1a: Excadrill|Protect|p1a: Excadrill\n|-singleturn|p1a: Excadrill|Protect\n|move|p2a: Incineroar|Fake Out|p1a: Excadrill\n|-activate|p1a: Excadrill|move: Protect\n|move|p2b: Milotic|Muddy Water|p1b: Incineroar|[spread] \n|-activate|p1a: Excadrill|move: Protect\n|-miss|p2b: Milotic|p1b: Incineroar\n|\n|-weather|Sandstorm|[upkeep]\n|-damage|p1b: Incineroar|95/100|[from] Sandstorm\n|-damage|p2b: Milotic|54/100|[from] Sandstorm\n|-damage|p2a: Incineroar|63/100|[from] Sandstorm\n|-heal|p2b: Milotic|60/100|[from] item: Leftovers\n|upkeep\n|turn|7\n|\n|t:|1776506771\n|move|p2b: Milotic|Protect|p2b: Milotic\n|-singleturn|p2b: Milotic|Protect\n|move|p1b: Incineroar|Fake Out|p2b: Milotic\n|-activate|p2b: Milotic|move: Protect\n|move|p1a: Excadrill|High Horsepower|p2b: Milotic\n|-activate|p2b: Milotic|move: Protect\n|move|p2a: Incineroar|Attract|p1a: Excadrill\n|-start|p1a: Excadrill|Attract\n|\n|-weather|Sandstorm|[upkeep]\n|-damage|p1b: Incineroar|89/100|[from] Sandstorm\n|-damage|p2b: Milotic|54/100|[from] Sandstorm\n|-damage|p2a: Incineroar|57/100|[from] Sandstorm\n|-heal|p2b: Milotic|60/100|[from] item: Leftovers\n|upkeep\n|turn|8\n|inactive|Azreal29 has 30 seconds left.\n|inactive|Azreal29 has 20 seconds left.\n|inactive|Azreal29 has 15 seconds left.\n|inactive|Azreal29 has 10 seconds left.\n|\n|t:|1776506817\n|-activate|p1a: Excadrill|move: Attract|[of] p2a: Incineroar\n|move|p1a: Excadrill|Earthquake|p2a: Incineroar|[spread] p1b,p2a,p2b\n|-supereffective|p1b: Incineroar|1\n|-crit|p1b: Incineroar\n|-enditem|p1b: Incineroar|Shuca Berry|[eat]\n|-enditem|p1b: Incineroar|Shuca Berry|[weaken]\n|-supereffective|p2a: Incineroar|1\n|-damage|p1b: Incineroar|20/100\n|-damage|p2a: Incineroar|0 fnt\n|-damage|p2b: Milotic|13/100\n|faint|p2a: Incineroar\n|-end|p1a: Excadrill|Attract|[silent]\n|move|p1b: Incineroar|Darkest Lariat|p2b: Milotic\n|-damage|p2b: Milotic|0 fnt\n|faint|p2b: Milotic\n|\n|-weather|Sandstorm|[upkeep]\n|-damage|p1b: Incineroar|14/100|[from] Sandstorm\n|upkeep\n|\n|t:|1776506830\n|switch|p2b: Gengar|Gengar-Mega, L50, F|51/100\n|turn|9\n|\n|t:|1776506841\n|move|p2b: Gengar|Protect|p2b: Gengar\n|-singleturn|p2b: Gengar|Protect\n|move|p1a: Excadrill|High Horsepower|p2b: Gengar\n|-activate|p2b: Gengar|move: Protect\n|move|p1b: Incineroar|Parting Shot|p2b: Gengar\n|-activate|p2b: Gengar|move: Protect\n|\n|-weather|none\n|upkeep\n|turn|10\n|\n|t:|1776506869\n|move|p2b: Gengar|Substitute|p2b: Gengar\n|-start|p2b: Gengar|Substitute\n|-damage|p2b: Gengar|27/100\n|move|p1a: Excadrill|Earthquake|p2b: Gengar|[spread] p1b,p2b\n|-supereffective|p2b: Gengar|1\n|-end|p2b: Gengar|Substitute\n|-supereffective|p1b: Incineroar|1\n|-damage|p1b: Incineroar|0 fnt\n|faint|p1b: Incineroar\n|\n|upkeep\n|\n|t:|1776506876\n|switch|p1b: Tyranitar|Tyranitar, L50, M, shiny|9/100\n|-weather|Sandstorm|[from] ability: Sand Stream|[of] p1b: Tyranitar\n|turn|11\n|\n|t:|1776506885\n|move|p2b: Gengar|Protect|p2b: Gengar\n|-singleturn|p2b: Gengar|Protect\n|move|p1b: Tyranitar|Protect|p1b: Tyranitar\n|-singleturn|p1b: Tyranitar|Protect\n|move|p1a: Excadrill|Earthquake|p2b: Gengar|[spread] \n|-activate|p1b: Tyranitar|move: Protect\n|-activate|p2b: Gengar|move: Protect\n|\n|-weather|Sandstorm|[upkeep]\n|-damage|p2b: Gengar|21/100|[from] Sandstorm\n|upkeep\n|turn|12\n|\n|t:|1776506898\n|move|p1a: Excadrill|High Horsepower|p2b: Gengar\n|-supereffective|p2b: Gengar|1\n|-damage|p2b: Gengar|0 fnt\n|faint|p2b: Gengar\n|\n|win|Azreal29\n|raw|Azreal29's rating: 1184 &rarr; <strong>1205</strong><br />(+21 for winning)\n|raw|Ranzurant's rating: 1134 &rarr; <strong>1113</strong><br />(-21 for losing)\n|l|\u2606Ranzurant\n|player|p2|\n",
  "uploadtime": 1776506907,
  "views": 15,
  "formatid": "gen9championsvgc2026regma",
  "rating": 1113,
  "private": 0,
  "password": null
}