{
  "id": "gen9championsvgc2026regma-2583559979",
  "format": "[Gen 9 Champions] VGC 2026 Reg M-A",
  "players": [
    "mayomamainsk",
    "cammellio"
  ],
  "log": "|j|\u2606mayomamainsk\n|j|\u2606cammellio\n|t:|1776183325\n|gametype|doubles\n|player|p1|mayomamainsk|roxie|1107\n|player|p2|cammellio|170|1110\n|gen|9\n|tier|[Gen 9 Champions] VGC 2026 Reg M-A\n|rated|\n|rule|Species Clause: Limit one of each Pok\u00e9mon\n|rule|Item Clause: Limit 1 of each item\n|clearpoke\n|poke|p1|Aggron, L50, M|\n|poke|p1|Meowscarada, L50, F|\n|poke|p1|Talonflame, L50, M|\n|poke|p1|Empoleon, L50, M|\n|poke|p1|Medicham, L50, M|\n|poke|p1|Araquanid, L50, F|\n|poke|p2|Forretress, L50, F|\n|poke|p2|Starmie, L50|\n|poke|p2|Pelipper, L50, M|\n|poke|p2|Sinistcha, L50|\n|poke|p2|Incineroar, L50, F|\n|poke|p2|Farigiraf, L50, F|\n|teampreview|4\n|inactive|Battle timer is ON: inactive players will automatically lose when time's up. (requested by mayomamainsk)\n|inactive|mayomamainsk has 60 seconds left.\n|inactive|cammellio has 60 seconds left.\n|\n|t:|1776183362\n|teamsize|p1|4\n|teamsize|p2|4\n|start\n|switch|p1a: Meowscarada|Meowscarada, L50, F|100/100\n|switch|p1b: Empoleon|Empoleon, L50, M|100/100\n|switch|p2a: Forretress|Forretress, L50, F|100/100\n|switch|p2b: Starmie|Starmie, L50|100/100\n|turn|1\n|\n|t:|1776183383\n|switch|p1b: Medicham|Medicham, L50, M|100/100\n|detailschange|p2b: Starmie|Starmie-Mega, L50\n|-mega|p2b: Starmie|Starmie|Starminite\n|move|p1a: Meowscarada|Trick|p2a: Forretress\n|-start|p1a: Meowscarada|typechange|Psychic|[from] ability: Protean\n|-activate|p1a: Meowscarada|move: Trick|[of] p2a: Forretress\n|-item|p2a: Forretress|Choice Scarf|[from] move: Trick\n|-item|p1a: Meowscarada|Leftovers|[from] move: Trick\n|move|p2b: Starmie|Skill Swap|p2a: Forretress\n|-activate|p2b: Starmie|Skill Swap|||[of] p2a: Forretress\n|move|p2a: Forretress|Iron Defense|p2a: Forretress\n|-boost|p2a: Forretress|def|2\n|\n|upkeep\n|turn|2\n|inactive|mayomamainsk has 30 seconds left.\n|inactive|cammellio has 30 seconds left.\n|inactive|cammellio has 20 seconds left.\n|\n|t:|1776183420\n|switch|p2b: Pelipper|Pelipper, L50, M|100/100\n|-weather|RainDance|[from] ability: Drizzle|[of] p2b: Pelipper\n|switch|p2a: Sinistcha|Sinistcha, L50|100/100\n|move|p1b: Medicham|Fake Out|p2b: Pelipper\n|-damage|p2b: Pelipper|75/100\n|move|p1a: Meowscarada|Flower Trick|p2b: Pelipper\n|-crit|p2b: Pelipper\n|-damage|p2b: Pelipper|33/100\n|\n|-weather|RainDance|[upkeep]\n|upkeep\n|turn|3\n|\n|t:|1776183442\n|move|p2a: Sinistcha|Protect|p2a: Sinistcha\n|-singleturn|p2a: Sinistcha|Protect\n|move|p1a: Meowscarada|Knock Off|p2a: Sinistcha\n|-activate|p2a: Sinistcha|move: Protect\n|move|p2b: Pelipper|Tailwind|p2b: Pelipper\n|-sidestart|p2: cammellio|move: Tailwind\n|move|p1b: Medicham|Psycho Cut|p2b: Pelipper\n|-damage|p2b: Pelipper|0 fnt\n|faint|p2b: Pelipper\n|\n|-weather|RainDance|[upkeep]\n|upkeep\n|\n|t:|1776183455\n|switch|p2b: Forretress|Forretress, L50, F|100/100\n|turn|4\n|\n|t:|1776183474\n|move|p1a: Meowscarada|Knock Off|p2a: Sinistcha\n|-supereffective|p2a: Sinistcha|1\n|-damage|p2a: Sinistcha|58/100\n|-enditem|p2a: Sinistcha|Sitrus Berry|[from] move: Knock Off|[of] p1a: Meowscarada\n|move|p2a: Sinistcha|Matcha Gotcha|p1a: Meowscarada|[spread] p1a,p1b\n|-damage|p1a: Meowscarada|61/100\n|-heal|p2a: Sinistcha|75/100|[from] drain|[of] p1a: Meowscarada\n|-damage|p1b: Medicham|61/100\n|-heal|p2a: Sinistcha|92/100|[from] drain|[of] p1b: Medicham\n|-status|p1b: Medicham|brn\n|move|p2b: Forretress|Volt Switch|p1a: Meowscarada\n|-damage|p1a: Meowscarada|44/100\n|\n|t:|1776183489\n|switch|p2b: Starmie|Starmie-Mega, L50|100/100|[from] Volt Switch\n|move|p1b: Medicham|Psycho Cut|p2a: Sinistcha\n|-damage|p2a: Sinistcha|71/100\n|\n|-weather|RainDance|[upkeep]\n|-heal|p1a: Meowscarada|50/100|[from] item: Leftovers\n|-damage|p1b: Medicham|55/100 brn|[from] brn\n|upkeep\n|turn|5\n|\n|t:|1776183504\n|switch|p2b: Forretress|Forretress, L50, F|100/100\n|move|p1a: Meowscarada|Triple Axel|p2a: Sinistcha\n|-supereffective|p2a: Sinistcha|1\n|-damage|p2a: Sinistcha|61/100\n|-supereffective|p2a: Sinistcha|1\n|-damage|p2a: Sinistcha|43/100\n|-supereffective|p2a: Sinistcha|1\n|-damage|p2a: Sinistcha|16/100\n|-hitcount|p2a: Sinistcha|3\n|move|p2a: Sinistcha|Matcha Gotcha|p1a: Meowscarada|[spread] p1a,p1b\n|-damage|p1a: Meowscarada|12/100\n|-heal|p2a: Sinistcha|33/100|[from] drain|[of] p1a: Meowscarada\n|-damage|p1b: Medicham|14/100 brn\n|-heal|p2a: Sinistcha|49/100|[from] drain|[of] p1b: Medicham\n|move|p1b: Medicham|Psycho Cut|p2a: Sinistcha\n|-damage|p2a: Sinistcha|29/100\n|\n|-weather|RainDance|[upkeep]\n|-heal|p1a: Meowscarada|17/100|[from] item: Leftovers\n|-damage|p1b: Medicham|9/100 brn|[from] brn\n|upkeep\n|turn|6\n|inactive|mayomamainsk has 30 seconds left.\n|\n|t:|1776183536\n|switch|p1a: Aggron|Aggron, L50, M|100/100\n|move|p2a: Sinistcha|Protect|p2a: Sinistcha\n|-singleturn|p2a: Sinistcha|Protect\n|move|p2b: Forretress|Body Press|p1a: Aggron\n|-supereffective|p1a: Aggron|2\n|-damage|p1a: Aggron|26/100\n|move|p1b: Medicham|Close Combat|p2b: Forretress\n|-damage|p2b: Forretress|76/100\n|-unboost|p1b: Medicham|def|1\n|-unboost|p1b: Medicham|spd|1\n|\n|-weather|none\n|-damage|p1b: Medicham|3/100 brn|[from] brn\n|-sideend|p2: cammellio|move: Tailwind\n|upkeep\n|turn|7\n|inactive|mayomamainsk has 30 seconds left.\n|c|\u2606cammellio|Thanks for the scarf\n|\n|t:|1776183566\n|detailschange|p1b: Medicham|Medicham-Mega, L50, M\n|-mega|p1b: Medicham|Medicham|Medichamite\n|move|p1b: Medicham|Close Combat|p2b: Forretress\n|-damage|p2b: Forretress|47/100\n|-unboost|p1b: Medicham|def|1\n|-unboost|p1b: Medicham|spd|1\n|move|p2a: Sinistcha|Matcha Gotcha|p1b: Medicham|[spread] p1a,p1b\n|-damage|p1a: Aggron|2/100\n|-heal|p2a: Sinistcha|41/100|[from] drain|[of] p1a: Aggron\n|-damage|p1b: Medicham|0 fnt\n|-heal|p2a: Sinistcha|42/100|[from] drain|[of] p1b: Medicham\n|-status|p1a: Aggron|brn\n|faint|p1b: Medicham\n|move|p2b: Forretress|Body Press|p1a: Aggron\n|-supereffective|p1a: Aggron|2\n|-damage|p1a: Aggron|0 fnt\n|faint|p1a: Aggron\n|\n|upkeep\n|\n|t:|1776183580\n|switch|p1b: Meowscarada|Meowscarada, L50, F|17/100\n|switch|p1a: Empoleon|Empoleon, L50, M|100/100\n|turn|8\n|inactive|mayomamainsk has 30 seconds left.\n|inactive|mayomamainsk has 20 seconds left.\n|\n|t:|1776183616\n|move|p1b: Meowscarada|Flower Trick|p2b: Forretress\n|-start|p1b: Meowscarada|typechange|Grass|[from] ability: Protean\n|-resisted|p2b: Forretress|2\n|-crit|p2b: Forretress\n|-damage|p2b: Forretress|41/100\n|move|p2a: Sinistcha|Matcha Gotcha|p1b: Meowscarada|[spread] p1a,p1b\n|-resisted|p1b: Meowscarada|1\n|-damage|p1a: Empoleon|80/100\n|-heal|p2a: Sinistcha|53/100|[from] drain|[of] p1a: Empoleon\n|-damage|p1b: Meowscarada|0 fnt\n|-heal|p2a: Sinistcha|61/100|[from] drain|[of] p1b: Meowscarada\n|faint|p1b: Meowscarada\n|move|p2b: Forretress|Body Press|p1a: Empoleon\n|-supereffective|p1a: Empoleon|1\n|-damage|p1a: Empoleon|12/100\n|move|p1a: Empoleon|Water Pulse|p2b: Forretress\n|-damage|p2b: Forretress|0 fnt\n|faint|p2b: Forretress\n|\n|upkeep\n|-message|mayomamainsk forfeited.\n|\n|win|cammellio\n|raw|mayomamainsk's rating: 1107 &rarr; <strong>1082</strong><br />(-25 for losing)\n|raw|cammellio's rating: 1110 &rarr; <strong>1135</strong><br />(+25 for winning)\n|l|\u2606mayomamainsk\n|player|p1|\n|c|\u2606cammellio|It really\n|c|\u2606cammellio|Was nice\n",
  "uploadtime": 1776183644,
  "views": 12,
  "formatid": "gen9championsvgc2026regma",
  "rating": 1082,
  "private": 0,
  "password": null
}