{
  "id": "gen9championsvgc2026regma-2582548919",
  "format": "[Gen 9 Champions] VGC 2026 Reg M-A",
  "players": [
    "battle sim trainer",
    "I\u2764\ufe0f\u5a1c\u7984Forever"
  ],
  "log": "|j|\u2606battle sim trainer\n|j|\u2606I\u2764\ufe0f\u5a1c\u7984Forever\n|t:|1776098698\n|gametype|doubles\n|player|p1|battle sim trainer|turo|\n|player|p2|I\u2764\ufe0f\u5a1c\u7984Forever|youngcouple-gen4dp|\n|gen|9\n|tier|[Gen 9 Champions] VGC 2026 Reg M-A\n|rated|Tournament battle\n|rule|Species Clause: Limit one of each Pok\u00e9mon\n|rule|Item Clause: Limit 1 of each item\n|raw|<div class=\"infobox\"><details class=\"readmore\" open><summary><strong>1 custom rule:</strong></summary> Force Open Team Sheets</details></div>\n|clearpoke\n|poke|p1|Gallade, L50, M|\n|poke|p1|Torkoal, L50, F|\n|poke|p1|Crabominable, L50, M|\n|poke|p1|Farigiraf, L50, M|\n|poke|p1|Kangaskhan, L50, F|\n|poke|p1|Sinistcha-Masterpiece, L50|\n|poke|p2|Milotic, L50, F|\n|poke|p2|Sylveon, L50, M|\n|poke|p2|Wyrdeer, L50, M|\n|poke|p2|Lucario, L50, F|\n|poke|p2|Whimsicott, L50, M|\n|poke|p2|Feraligatr, L50, F|\n|teampreview|4\n|showteam|p1|Gallade||ScopeLens|Sharpness|SacredSword,PsychoCut,WideGuard,TrickRoom|||M|||50|]Torkoal||Charcoal|Drought|Eruption,WeatherBall,EarthPower,Protect|||F|||50|]Crabominable||Crabominite|HyperCutter|IcePunch,DrainPunch,ThunderPunch,MachPunch|||M|||50|]Farigiraf||SitrusBerry|ArmorTail|HyperVoice,Psyshock,NastyPlot,TrickRoom|||M|||50|]Kangaskhan||SilkScarf|Scrappy|FakeOut,LastResort|||F|||50|]Sinistcha-Masterpiece||FocusSash|Hospitality|Imprison,RagePowder,TrickRoom,ShadowBall||||||50|\n|showteam|p2|Milotic||Leftovers|Competitive|Scald,Protect,Substitute,IceBeam|||F|||50|]Sylveon||FairyFeather|Pixilate|HyperVoice,Protect,Psychic,QuickAttack|||M|||50|]Wyrdeer||SitrusBerry|Intimidate|Thunderbolt,EarthPower,Protect,Psychic|||M|||50|]Lucario||ChoiceScarf|InnerFocus|AuraSphere,FlashCannon,Psychic,PoisonJab|||F|||50|]Whimsicott||FocusSash|Prankster|Tailwind,TrickRoom,EnergyBall,Protect|||M|||50|]Feraligatr||Feraligite|Torrent|DoubleEdge,LowKick,PsychicFangs,Protect|||F|||50|\n|j| Sonicutopia\n|j| whizz whoosh\n|c|\u2606battle sim trainer|glhf\n|c|\u2606I\u2764\ufe0f\u5a1c\u7984Forever|glhf\n|c|\u2606battle sim trainer|i love the wyrdeer\n|\n|t:|1776098762\n|teamsize|p1|4\n|teamsize|p2|4\n|start\n|switch|p1a: Sinistcha|Sinistcha-Masterpiece, L50|100/100\n|switch|p1b: Farigiraf|Farigiraf, L50, M|100/100\n|switch|p2a: Neko Neko.NeNe|Sylveon, L50, M|100/100\n|switch|p2b: Feraligatr|Feraligatr, L50, F|100/100\n|turn|1\n|\n|t:|1776098789\n|detailschange|p2b: Feraligatr|Feraligatr-Mega, L50, F\n|-mega|p2b: Feraligatr|Feraligatr|Feraligite\n|move|p1a: Sinistcha|Rage Powder|p1a: Sinistcha\n|-singleturn|p1a: Sinistcha|move: Rage Powder\n|move|p2b: Feraligatr|Double-Edge|p1a: Sinistcha\n|-damage|p1a: Sinistcha|21/100\n|-damage|p2b: Feraligatr|76/100|[from] Recoil\n|move|p2a: Neko Neko.NeNe|Hyper Voice|p1a: Sinistcha|[spread] p1a,p1b\n|-damage|p1a: Sinistcha|0 fnt\n|-damage|p1b: Farigiraf|66/100\n|faint|p1a: Sinistcha\n|move|p1b: Farigiraf|Trick Room|p1b: Farigiraf\n|-fieldstart|move: Trick Room|[of] p1b: Farigiraf\n|\n|upkeep\n|c|\u2606battle sim trainer|ack i'm in trouble already\n|\n|t:|1776098824\n|switch|p1a: Torkoal|Torkoal, L50, F|100/100\n|-weather|SunnyDay|[from] ability: Drought|[of] p1a: Torkoal\n|turn|2\n|\n|t:|1776098851\n|move|p1a: Torkoal|Protect|p1a: Torkoal\n|-singleturn|p1a: Torkoal|Protect\n|move|p2a: Neko Neko.NeNe|Protect|p2a: Neko Neko.NeNe\n|-singleturn|p2a: Neko Neko.NeNe|Protect\n|move|p1b: Farigiraf|Nasty Plot|p1b: Farigiraf\n|-boost|p1b: Farigiraf|spa|2\n|move|p2b: Feraligatr|Double-Edge|p1a: Torkoal\n|-activate|p1a: Torkoal|move: Protect\n|\n|-weather|SunnyDay|[upkeep]\n|upkeep\n|turn|3\n|j| The Portal Master\n|\n|t:|1776098871\n|move|p1a: Torkoal|Eruption|p2a: Neko Neko.NeNe|[spread] p2a,p2b\n|-resisted|p2b: Feraligatr|2\n|-damage|p2a: Neko Neko.NeNe|40/100\n|-damage|p2b: Feraligatr|56/100\n|move|p1b: Farigiraf|Hyper Voice|p2a: Neko Neko.NeNe|[spread] p2a,p2b\n|-damage|p2a: Neko Neko.NeNe|5/100\n|-damage|p2b: Feraligatr|6/100\n|move|p2a: Neko Neko.NeNe|Hyper Voice|p1b: Farigiraf|[spread] p1a,p1b\n|-resisted|p1a: Torkoal|1\n|-damage|p1a: Torkoal|70/100\n|-damage|p1b: Farigiraf|33/100\n|-enditem|p1b: Farigiraf|Sitrus Berry|[eat]\n|-heal|p1b: Farigiraf|58/100|[from] item: Sitrus Berry\n|move|p2b: Feraligatr|Double-Edge|p1a: Torkoal\n|-damage|p1a: Torkoal|0 fnt\n|faint|p1a: Torkoal\n|-damage|p2b: Feraligatr|0 fnt|[from] Recoil\n|faint|p2b: Feraligatr\n|\n|-weather|SunnyDay|[upkeep]\n|upkeep\n|c|\u2606battle sim trainer|dang\n|\n|t:|1776098889\n|switch|p1a: Crabominable|Crabominable, L50, M|100/100\n|switch|p2b: Wyrdeer|Wyrdeer, L50, M|100/100\n|-ability|p2b: Wyrdeer|Intimidate|boost\n|-fail|p1a: Crabominable|unboost|Attack|[from] ability: Hyper Cutter|[of] p1a: Crabominable\n|-unboost|p1b: Farigiraf|atk|1\n|turn|4\n|\n|t:|1776098911\n|detailschange|p1a: Crabominable|Crabominable-Mega, L50, M\n|-mega|p1a: Crabominable|Crabominable|Crabominite\n|move|p2a: Neko Neko.NeNe|Protect|p2a: Neko Neko.NeNe\n|-singleturn|p2a: Neko Neko.NeNe|Protect\n|move|p1a: Crabominable|Drain Punch|p2b: Wyrdeer\n|-damage|p2b: Wyrdeer|37/100\n|-enditem|p2b: Wyrdeer|Sitrus Berry|[eat]\n|-heal|p2b: Wyrdeer|62/100|[from] item: Sitrus Berry\n|move|p1b: Farigiraf|Hyper Voice|p2b: Wyrdeer|[spread] p2b\n|-activate|p2a: Neko Neko.NeNe|move: Protect\n|-damage|p2b: Wyrdeer|12/100\n|move|p2b: Wyrdeer|Psychic|p1a: Crabominable\n|-supereffective|p1a: Crabominable|1\n|-damage|p1a: Crabominable|35/100\n|-unboost|p1a: Crabominable|spd|1\n|\n|-weather|SunnyDay|[upkeep]\n|upkeep\n|turn|5\n|\n|t:|1776098933\n|move|p2b: Wyrdeer|Protect|p2b: Wyrdeer\n|-singleturn|p2b: Wyrdeer|Protect\n|move|p1a: Crabominable|Drain Punch|p2b: Wyrdeer\n|-activate|p2b: Wyrdeer|move: Protect\n|move|p2a: Neko Neko.NeNe|Hyper Voice|p1b: Farigiraf|[spread] p1a,p1b\n|-supereffective|p1a: Crabominable|1\n|-damage|p1a: Crabominable|0 fnt\n|-damage|p1b: Farigiraf|23/100\n|faint|p1a: Crabominable\n|move|p1b: Farigiraf|Hyper Voice|p2a: Neko Neko.NeNe|[spread] p2a\n|-activate|p2b: Wyrdeer|move: Protect\n|-damage|p2a: Neko Neko.NeNe|0 fnt\n|faint|p2a: Neko Neko.NeNe\n|\n|-weather|SunnyDay|[upkeep]\n|-fieldend|move: Trick Room\n|upkeep\n|\n|t:|1776098938\n|switch|p2a: Lucario|Lucario, L50, F|100/100\n|turn|6\n|c|\u2606battle sim trainer|ahh i'm dumb\n|\n|t:|1776098953\n|move|p2a: Lucario|Flash Cannon|p1b: Farigiraf\n|-damage|p1b: Farigiraf|0 fnt\n|faint|p1b: Farigiraf\n|\n|win|I\u2764\ufe0f\u5a1c\u7984Forever\n|n|\u2606battle sim trainer|battlesimtrainer\n|n|\u2606I\u2764\ufe0f\u5a1c\u7984Forever|iforever\n|n| Sonicutopia|sonicutopia\n|n| whizz whoosh|whizzwhoosh\n|n| The Portal Master|theportalmaster\n|c|\u2606I\u2764\ufe0f\u5a1c\u7984Forever|ggwp\n|c|\u2606battle sim trainer|ggs\n",
  "uploadtime": 1776098957,
  "views": 11,
  "formatid": "gen9championsvgc2026regma",
  "rating": null,
  "private": 0,
  "password": null
}