{
  "id": "gen9championsvgc2026regma-2588285037",
  "format": "[Gen 9 Champions] VGC 2026 Reg M-A",
  "players": [
    "Kojiiii",
    "A5h3r"
  ],
  "log": "|j|\u2606Kojiiii\n|j|\u2606A5h3r\n|t:|1776620965\n|gametype|doubles\n|player|p1|Kojiiii|2|1192\n|player|p2|A5h3r|alder|1200\n|gen|9\n|tier|[Gen 9 Champions] VGC 2026 Reg M-A\n|rated|\n|rule|Species Clause: Limit one of each Pok\u00e9mon\n|rule|Item Clause: Limit 1 of each item\n|clearpoke\n|poke|p1|Pelipper, L50, F|\n|poke|p1|Basculegion, L50, M|\n|poke|p1|Sinistcha, L50|\n|poke|p1|Kangaskhan, L50, F|\n|poke|p1|Sneasler, L50, M|\n|poke|p1|Aegislash, L50, M|\n|poke|p2|Chandelure, L50, F, shiny|\n|poke|p2|Torkoal, L50, M|\n|poke|p2|Primarina, L50, M|\n|poke|p2|Kingambit, L50, M|\n|poke|p2|Venusaur, L50, M|\n|poke|p2|Vivillon-Sun, L50, F, shiny|\n|teampreview|4\n|c|\u2606A5h3r|glhf\n|\n|t:|1776621039\n|teamsize|p1|4\n|teamsize|p2|4\n|start\n|switch|p1a: Aegislash|Aegislash, L50, M|100/100\n|switch|p1b: Sneasler|Sneasler, L50, M|100/100\n|switch|p2a: Kingambit|Kingambit, L50, M|100/100\n|switch|p2b: Lucifer-Incarnate|Vivillon-Sun, L50, F, shiny|100/100\n|turn|1\n|\n|t:|1776621059\n|move|p2b: Lucifer-Incarnate|Protect|p2b: Lucifer-Incarnate\n|-singleturn|p2b: Lucifer-Incarnate|Protect\n|move|p1b: Sneasler|Fake Out|p2b: Lucifer-Incarnate\n|-activate|p2b: Lucifer-Incarnate|move: Protect\n|move|p2a: Kingambit|Sucker Punch|p1a: Aegislash\n|-supereffective|p1a: Aegislash|1\n|-enditem|p1a: Aegislash|Colbur Berry|[eat]\n|-enditem|p1a: Aegislash|Colbur Berry|[weaken]\n|-damage|p1a: Aegislash|64/100\n|-formechange|p1a: Aegislash|Aegislash-Blade|\n|move|p1a: Aegislash|Sacred Sword|p2a: Kingambit\n|-supereffective|p2a: Kingambit|2\n|-damage|p2a: Kingambit|16/100\n|\n|upkeep\n|turn|2\n|\n|t:|1776621100\n|-formechange|p1a: Aegislash|Aegislash|\n|move|p1a: Aegislash|King's Shield|p1a: Aegislash\n|-singleturn|p1a: Aegislash|Protect\n|move|p2a: Kingambit|Protect|p2a: Kingambit\n|-singleturn|p2a: Kingambit|Protect\n|move|p1b: Sneasler|Close Combat|p2a: Kingambit\n|-activate|p2a: Kingambit|move: Protect\n|move|p2b: Lucifer-Incarnate|Tailwind|p2b: Lucifer-Incarnate\n|-sidestart|p2: A5h3r|move: Tailwind\n|\n|upkeep\n|turn|3\n|\n|t:|1776621148\n|move|p2b: Lucifer-Incarnate|Rage Powder|p2b: Lucifer-Incarnate\n|-singleturn|p2b: Lucifer-Incarnate|move: Rage Powder\n|move|p2a: Kingambit|Sucker Punch|p1a: Aegislash\n|-supereffective|p1a: Aegislash|1\n|-damage|p1a: Aegislash|0 fnt\n|faint|p1a: Aegislash\n|move|p1b: Sneasler|Close Combat|p2b: Lucifer-Incarnate\n|-resisted|p2b: Lucifer-Incarnate|2\n|-damage|p2b: Lucifer-Incarnate|73/100\n|-unboost|p1b: Sneasler|def|1\n|-unboost|p1b: Sneasler|spd|1\n|\n|upkeep\n|\n|t:|1776621159\n|switch|p1a: Kangaskhan|Kangaskhan, L50, F|100/100\n|turn|4\n|\n|t:|1776621169\n|detailschange|p1a: Kangaskhan|Kangaskhan-Mega, L50, F\n|-mega|p1a: Kangaskhan|Kangaskhan|Kangaskhanite\n|move|p2b: Lucifer-Incarnate|Protect|p2b: Lucifer-Incarnate\n|-singleturn|p2b: Lucifer-Incarnate|Protect\n|move|p2a: Kingambit|Protect|p2a: Kingambit\n|-singleturn|p2a: Kingambit|Protect\n|move|p1a: Kangaskhan|Fake Out|p2b: Lucifer-Incarnate\n|-activate|p2b: Lucifer-Incarnate|move: Protect\n|move|p1b: Sneasler|Close Combat|p2a: Kingambit\n|-activate|p2a: Kingambit|move: Protect\n|\n|upkeep\n|turn|5\n|\n|t:|1776621191\n|switch|p2b: Chandelure|Chandelure, L50, F, shiny|100/100\n|move|p2a: Kingambit|Sucker Punch|p1a: Kangaskhan\n|-damage|p1a: Kangaskhan|61/100\n|move|p1b: Sneasler|Dire Claw|p2b: Chandelure\n|-resisted|p2b: Chandelure|1\n|-damage|p2b: Chandelure|77/100\n|-status|p1b: Sneasler|brn|[from] ability: Flame Body|[of] p2b: Chandelure\n|move|p1a: Kangaskhan|Drain Punch|p2a: Kingambit\n|-supereffective|p2a: Kingambit|2\n|-damage|p2a: Kingambit|0 fnt\n|-heal|p1a: Kangaskhan|69/100|[from] drain|[of] p2a: Kingambit\n|faint|p2a: Kingambit\n|-hitcount|p2: Kingambit|1\n|\n|-damage|p1b: Sneasler|95/100 brn|[from] brn\n|-sideend|p2: A5h3r|move: Tailwind\n|upkeep\n|\n|t:|1776621203\n|switch|p2a: Lucifer-Incarnate|Vivillon-Sun, L50, F, shiny|73/100\n|turn|6\n|\n|t:|1776621215\n|detailschange|p2b: Chandelure|Chandelure-Mega, L50, F, shiny\n|-mega|p2b: Chandelure|Chandelure|Chandelurite\n|move|p1a: Kangaskhan|Sucker Punch|p2b: Chandelure\n|-supereffective|p2b: Chandelure|1\n|-damage|p2b: Chandelure|44/100\n|-supereffective|p2b: Chandelure|1\n|-damage|p2b: Chandelure|36/100\n|-hitcount|p2b: Chandelure|2\n|move|p1b: Sneasler|Dire Claw|p2a: Lucifer-Incarnate\n|-damage|p2a: Lucifer-Incarnate|38/100\n|-status|p2a: Lucifer-Incarnate|psn\n|move|p2a: Lucifer-Incarnate|Tailwind|p2a: Lucifer-Incarnate\n|-sidestart|p2: A5h3r|move: Tailwind\n|move|p2b: Chandelure|Heat Wave|p1b: Sneasler|[spread] p1a,p1b\n|-damage|p1a: Kangaskhan|28/100\n|-damage|p1b: Sneasler|2/100 brn\n|\n|-damage|p2a: Lucifer-Incarnate|26/100 psn|[from] psn\n|-damage|p1b: Sneasler|0 fnt|[from] brn\n|faint|p1b: Sneasler\n|upkeep\n|\n|t:|1776621234\n|switch|p1b: Pelipper|Pelipper, L50, F|100/100\n|-weather|RainDance|[from] ability: Drizzle|[of] p1b: Pelipper\n|turn|7\n|\n|t:|1776621266\n|move|p1b: Pelipper|Wide Guard|p1b: Pelipper\n|-singleturn|p1b: Pelipper|Wide Guard\n|move|p2a: Lucifer-Incarnate|Pollen Puff|p2b: Chandelure\n|-heal|p2b: Chandelure|86/100\n|move|p2b: Chandelure|Shadow Ball|p1b: Pelipper\n|-damage|p1b: Pelipper|22/100\n|-unboost|p1b: Pelipper|spd|1\n|move|p1a: Kangaskhan|Drain Punch|p2a: Lucifer-Incarnate\n|-resisted|p2a: Lucifer-Incarnate|2\n|-damage|p2a: Lucifer-Incarnate|14/100 psn\n|-heal|p1a: Kangaskhan|33/100|[from] drain|[of] p2a: Lucifer-Incarnate\n|-resisted|p2a: Lucifer-Incarnate|2\n|-damage|p2a: Lucifer-Incarnate|12/100 psn\n|-heal|p1a: Kangaskhan|34/100|[from] drain|[of] p2a: Lucifer-Incarnate\n|-hitcount|p2a: Lucifer-Incarnate|2\n|\n|-weather|RainDance|[upkeep]\n|-damage|p2a: Lucifer-Incarnate|0 fnt|[from] psn\n|faint|p2a: Lucifer-Incarnate\n|upkeep\n|\n|t:|1776621280\n|switch|p2a: Primarina|Primarina, L50, M|100/100\n|turn|8\n|\n|t:|1776621292\n|move|p1a: Kangaskhan|Sucker Punch|p2b: Chandelure\n|-supereffective|p2b: Chandelure|1\n|-damage|p2b: Chandelure|42/100\n|-supereffective|p2b: Chandelure|1\n|-damage|p2b: Chandelure|30/100\n|-hitcount|p2b: Chandelure|2\n|move|p2b: Chandelure|Shadow Ball|p1b: Pelipper\n|-damage|p1b: Pelipper|0 fnt\n|faint|p1b: Pelipper\n|move|p2a: Primarina|Hyper Voice|p1a: Kangaskhan\n|-damage|p1a: Kangaskhan|0 fnt\n|faint|p1a: Kangaskhan\n|\n|win|A5h3r\n|raw|Kojiiii's rating: 1192 &rarr; <strong>1168</strong><br />(-24 for losing)\n|raw|A5h3r's rating: 1200 &rarr; <strong>1224</strong><br />(+24 for winning)\n|c|\u2606A5h3r|gg\n|l|\u2606Kojiiii\n|player|p1|\n",
  "uploadtime": 1776621337,
  "views": 12,
  "formatid": "gen9championsvgc2026regma",
  "rating": 1168,
  "private": 0,
  "password": null
}