{
  "id": "gen9championsvgc2026regma-2581273093",
  "format": "[Gen 9 Champions] VGC 2026 Reg M-A",
  "players": [
    "ConnerTEP",
    "RyushinYuki"
  ],
  "log": "|j|\u2606ConnerTEP\n|j|\u2606RyushinYuki\n|t:|1775979590\n|gametype|doubles\n|player|p1|ConnerTEP|acerola-masters2|1519\n|player|p2|RyushinYuki|cynthia-masters|1470\n|gen|9\n|tier|[Gen 9 Champions] VGC 2026 Reg M-A\n|rated|\n|rule|Species Clause: Limit one of each Pok\u00e9mon\n|rule|Item Clause: Limit 1 of each item\n|clearpoke\n|poke|p1|Aerodactyl, L50, M|\n|poke|p1|Garchomp, L50, M|\n|poke|p1|Gardevoir, L50, M|\n|poke|p1|Kingambit, L50, F|\n|poke|p1|Kangaskhan, L50, F|\n|poke|p1|Sinistcha, L50|\n|poke|p2|Corviknight, L50, M|\n|poke|p2|Tyranitar, L50, F|\n|poke|p2|Excadrill, L50, M|\n|poke|p2|Meganium, L50, M|\n|poke|p2|Sneasler, L50, F|\n|poke|p2|Rotom-Wash, L50|\n|teampreview|4\n|inactive|Battle timer is ON: inactive players will automatically lose when time's up. (requested by ConnerTEP)\n|inactive|ConnerTEP has 60 seconds left.\n|inactive|RyushinYuki has 60 seconds left.\n|j| gE1xjZRtuhW2DdT0AK\n|\n|t:|1775979647\n|teamsize|p1|4\n|teamsize|p2|4\n|start\n|switch|p1a: Aerodactyl|Aerodactyl, L50, M|100/100\n|switch|p1b: Garchomp|Garchomp, L50, M|100/100\n|switch|p2a: Corviknight|Corviknight, L50, M|100/100\n|switch|p2b: Rotom|Rotom-Wash, L50|100/100\n|-ability|p1a: Aerodactyl|Unnerve\n|turn|1\n|inactive|ConnerTEP has 30 seconds left.\n|inactive|ConnerTEP has 20 seconds left.\n|j| Baby Kunai\n|inactive|ConnerTEP has 15 seconds left.\n|\n|t:|1775979689\n|move|p1a: Aerodactyl|Rock Slide|p2a: Corviknight|[spread] p2a,p2b\n|-damage|p2a: Corviknight|80/100\n|-damage|p2b: Rotom|76/100\n|move|p1b: Garchomp|Dragon Claw|p2b: Rotom\n|-damage|p2b: Rotom|22/100\n|move|p2b: Rotom|Will-O-Wisp|p1b: Garchomp\n|-status|p1b: Garchomp|brn\n|move|p2a: Corviknight|Bulk Up|p2a: Corviknight\n|-boost|p2a: Corviknight|atk|1\n|-boost|p2a: Corviknight|def|1\n|\n|-heal|p2a: Corviknight|86/100|[from] item: Leftovers\n|-damage|p1b: Garchomp|95/100 brn|[from] brn\n|upkeep\n|turn|2\n|\n|t:|1775979704\n|switch|p1b: Sinistcha|Sinistcha, L50|100/100\n|move|p2b: Rotom|Protect|p2b: Rotom\n|-singleturn|p2b: Rotom|Protect\n|move|p1a: Aerodactyl|Rock Slide|p2b: Rotom|[spread] p2a\n|-activate|p2b: Rotom|move: Protect\n|-crit|p2a: Corviknight\n|-damage|p2a: Corviknight|56/100\n|cant|p2a: Corviknight|flinch\n|\n|-heal|p2a: Corviknight|62/100|[from] item: Leftovers\n|upkeep\n|turn|3\n|j| H4irashi\n|\n|t:|1775979719\n|switch|p2b: Meganium|Meganium, L50, M|100/100\n|move|p1a: Aerodactyl|Rock Slide|p2b: Meganium|[spread] p2b\n|-miss|p1a: Aerodactyl|p2a: Corviknight\n|-damage|p2b: Meganium|71/100\n|move|p2a: Corviknight|Brave Bird|p1b: Sinistcha\n|-supereffective|p1b: Sinistcha|1\n|-damage|p1b: Sinistcha|0 fnt\n|faint|p1b: Sinistcha\n|-damage|p2a: Corviknight|35/100|[from] Recoil\n|\n|-heal|p2a: Corviknight|40/100|[from] item: Leftovers\n|upkeep\n|\n|t:|1775979732\n|switch|p1b: Kingambit|Kingambit, L50, F|100/100\n|turn|4\n|inactive|RyushinYuki has 30 seconds left.\n|inactive|ConnerTEP has 30 seconds left.\n|\n|t:|1775979765\n|detailschange|p2b: Meganium|Meganium-Mega, L50, M\n|-mega|p2b: Meganium|Meganium|Meganiumite\n|move|p2b: Meganium|Protect|p2b: Meganium\n|-singleturn|p2b: Meganium|Protect\n|move|p1b: Kingambit|Sucker Punch||[still]\n|-fail|p1b: Kingambit\n|move|p1a: Aerodactyl|Dual Wingbeat|p2b: Meganium\n|-activate|p2b: Meganium|move: Protect\n|move|p2a: Corviknight|Tailwind|p2a: Corviknight\n|-sidestart|p2: RyushinYuki|move: Tailwind\n|\n|-heal|p2a: Corviknight|46/100|[from] item: Leftovers\n|upkeep\n|turn|5\n|\n|t:|1775979781\n|move|p1b: Kingambit|Protect|p1b: Kingambit\n|-singleturn|p1b: Kingambit|Protect\n|move|p2b: Meganium|Solar Beam||[still]\n|-prepare|p2b: Meganium|Solar Beam\n|-activate|p2b: Meganium|ability: Mega Sol\n|-anim|p2b: Meganium|Solar Beam|p1a: Aerodactyl\n|-damage|p1a: Aerodactyl|12/100\n|move|p2a: Corviknight|Body Press|p1b: Kingambit\n|-activate|p1b: Kingambit|move: Protect\n|move|p1a: Aerodactyl|Tailwind|p1a: Aerodactyl\n|-sidestart|p1: ConnerTEP|move: Tailwind\n|\n|-heal|p2a: Corviknight|52/100|[from] item: Leftovers\n|upkeep\n|turn|6\n|\n|t:|1775979802\n|switch|p1b: Garchomp|Garchomp, L50, M|95/100 brn\n|move|p2b: Meganium|Protect|p2b: Meganium\n|-singleturn|p2b: Meganium|Protect\n|move|p1a: Aerodactyl|Dual Wingbeat|p2b: Meganium\n|-activate|p2b: Meganium|move: Protect\n|move|p2a: Corviknight|Body Press|p1b: Garchomp\n|-damage|p1b: Garchomp|63/100 brn\n|-damage|p2a: Corviknight|40/100|[from] ability: Rough Skin|[of] p1b: Garchomp\n|\n|-heal|p2a: Corviknight|46/100|[from] item: Leftovers\n|-damage|p1b: Garchomp|57/100 brn|[from] brn\n|upkeep\n|turn|7\n|\n|t:|1775979822\n|switch|p2b: Rotom|Rotom-Wash, L50|22/100\n|move|p1a: Aerodactyl|Dual Wingbeat|p2b: Rotom\n|-resisted|p2b: Rotom|1\n|-damage|p2b: Rotom|12/100\n|-resisted|p2b: Rotom|1\n|-damage|p2b: Rotom|2/100\n|-hitcount|p2b: Rotom|2\n|move|p1b: Garchomp|Stomping Tantrum|p2b: Rotom\n|-immune|p2b: Rotom|[from] ability: Levitate\n|move|p2a: Corviknight|Body Press|p1a: Aerodactyl\n|-damage|p1a: Aerodactyl|0 fnt\n|-enditem|p2b: Rotom|Sitrus Berry|[eat]\n|-heal|p2b: Rotom|27/100|[from] item: Sitrus Berry\n|faint|p1a: Aerodactyl\n|\n|-heal|p2a: Corviknight|52/100|[from] item: Leftovers\n|-damage|p1b: Garchomp|51/100 brn|[from] brn\n|-sideend|p2: RyushinYuki|move: Tailwind\n|upkeep\n|\n|t:|1775979824\n|switch|p1a: Kingambit|Kingambit, L50, F|100/100\n|turn|8\n|c|\u2606ConnerTEP|gg\n|\n|t:|1775979844\n|move|p1a: Kingambit|Sucker Punch||[still]\n|-fail|p1a: Kingambit\n|move|p1b: Garchomp|Dragon Claw|p2b: Rotom\n|-damage|p2b: Rotom|2/100\n|move|p2b: Rotom|Thunderbolt|p1a: Kingambit\n|-damage|p1a: Kingambit|60/100\n|move|p2a: Corviknight|Tailwind|p2a: Corviknight\n|-sidestart|p2: RyushinYuki|move: Tailwind\n|\n|-heal|p2a: Corviknight|58/100|[from] item: Leftovers\n|-damage|p1b: Garchomp|45/100 brn|[from] brn\n|-sideend|p1: ConnerTEP|move: Tailwind\n|upkeep\n|turn|9\n|-message|ConnerTEP forfeited.\n|\n|win|RyushinYuki\n|raw|ConnerTEP's rating: 1519 &rarr; <strong>1496</strong><br />(-23 for losing)\n|raw|RyushinYuki's rating: 1470 &rarr; <strong>1493</strong><br />(+23 for winning)\n|l|\u2606ConnerTEP\n|player|p1|\n|c|\u2606RyushinYuki|ggs\n|l|\u2606RyushinYuki\n|player|p2|\n",
  "uploadtime": 1775979880,
  "views": 274,
  "formatid": "gen9championsvgc2026regma",
  "rating": 1493,
  "private": 0,
  "password": null
}