{
  "id": "gen9championsvgc2026regma-2582464129",
  "format": "[Gen 9 Champions] VGC 2026 Reg M-A",
  "players": [
    "faric",
    "SquishyGamerBoy"
  ],
  "log": "|j|\u2606faric\n|j|\u2606SquishyGamerBoy\n|t:|1776093380\n|gametype|doubles\n|player|p1|faric|266|1217\n|player|p2|SquishyGamerBoy|irida|1151\n|gen|9\n|tier|[Gen 9 Champions] VGC 2026 Reg M-A\n|rated|\n|rule|Species Clause: Limit one of each Pok\u00e9mon\n|rule|Item Clause: Limit 1 of each item\n|clearpoke\n|poke|p1|Charizard, L50, M|\n|poke|p1|Venusaur, L50, F|\n|poke|p1|Garchomp, L50, M|\n|poke|p1|Rotom-Wash, L50|\n|poke|p1|Incineroar, L50, F|\n|poke|p1|Sneasler, L50, F|\n|poke|p2|Lopunny, L50, F|\n|poke|p2|Meowscarada, L50, M|\n|poke|p2|Aerodactyl, L50, M|\n|poke|p2|Farigiraf, L50, F|\n|poke|p2|Dragapult, L50, F|\n|poke|p2|Sinistcha, L50|\n|teampreview|4\n|\n|t:|1776093417\n|teamsize|p1|4\n|teamsize|p2|4\n|start\n|switch|p1a: Incineroar|Incineroar, L50, F|100/100\n|switch|p1b: Rotom|Rotom-Wash, L50|100/100\n|switch|p2a: oh na na|Lopunny, L50, F|100/100\n|switch|p2b: Aerodactyl|Aerodactyl, L50, M|100/100\n|-ability|p2b: Aerodactyl|Unnerve\n|-ability|p1a: Incineroar|Intimidate|boost\n|-unboost|p2a: oh na na|atk|1\n|-unboost|p2b: Aerodactyl|atk|1\n|turn|1\n|inactive|Battle timer is ON: inactive players will automatically lose when time's up. (requested by faric)\n|inactive|SquishyGamerBoy has 60 seconds left.\n|\n|t:|1776093468\n|detailschange|p2a: oh na na|Lopunny-Mega, L50, F\n|-mega|p2a: oh na na|Lopunny|Lopunnite\n|move|p2a: oh na na|Fake Out|p1a: Incineroar\n|-damage|p1a: Incineroar|87/100\n|cant|p1a: Incineroar|flinch\n|move|p2b: Aerodactyl|Tailwind|p2b: Aerodactyl\n|-sidestart|p2: SquishyGamerBoy|move: Tailwind\n|move|p1b: Rotom|Thunderbolt|p2b: Aerodactyl\n|-supereffective|p2b: Aerodactyl|1\n|-damage|p2b: Aerodactyl|0 fnt\n|faint|p2b: Aerodactyl\n|\n|upkeep\n|\n|t:|1776093480\n|switch|p2b: Dragapult|Dragapult, L50, F, shiny|100/100\n|turn|2\n|\n|t:|1776093499\n|switch|p1a: Sneasler|Sneasler, L50, F|100/100\n|move|p2b: Dragapult|Draco Meteor|p1b: Rotom\n|-damage|p1b: Rotom|23/100\n|-unboost|p2b: Dragapult|spa|2\n|move|p2a: oh na na|Close Combat|p1a: Sneasler\n|-resisted|p1a: Sneasler|1\n|-damage|p1a: Sneasler|64/100\n|-unboost|p2a: oh na na|def|1\n|-unboost|p2a: oh na na|spd|1\n|move|p1b: Rotom|Will-O-Wisp|p2a: oh na na|[miss]\n|-miss|p1b: Rotom|p2a: oh na na\n|\n|-heal|p1b: Rotom|29/100|[from] item: Leftovers\n|upkeep\n|turn|3\n|inactive|faric has 30 seconds left.\n|\n|t:|1776093525\n|switch|p2b: Farigiraf|Farigiraf, L50, F|100/100\n|switch|p1b: Incineroar|Incineroar, L50, F|87/100\n|-ability|p1b: Incineroar|Intimidate|boost\n|-fail|p2a: oh na na|unboost|Attack|[from] ability: Scrappy|[of] p2a: oh na na\n|-unboost|p2b: Farigiraf|atk|1\n|move|p1a: Sneasler|Fake Out||[still]\n|cant|p2b: Farigiraf|ability: Armor Tail|Fake Out|[of] p1a: Sneasler\n|move|p2a: oh na na|Close Combat|p1b: Incineroar\n|-supereffective|p1b: Incineroar|1\n|-damage|p1b: Incineroar|10/100\n|-unboost|p2a: oh na na|def|1\n|-unboost|p2a: oh na na|spd|1\n|-enditem|p1b: Incineroar|Sitrus Berry|[eat]\n|-heal|p1b: Incineroar|35/100|[from] item: Sitrus Berry\n|\n|upkeep\n|turn|4\n|inactive|faric has 30 seconds left.\n|\n|t:|1776093553\n|switch|p2a: Dragapult|Dragapult, L50, F, shiny|100/100\n|move|p1a: Sneasler|Close Combat|p2b: Farigiraf\n|-damage|p2b: Farigiraf|43/100\n|-unboost|p1a: Sneasler|def|1\n|-unboost|p1a: Sneasler|spd|1\n|-enditem|p2b: Farigiraf|Sitrus Berry|[eat]\n|-heal|p2b: Farigiraf|68/100|[from] item: Sitrus Berry\n|-enditem|p1a: Sneasler|White Herb\n|-clearnegativeboost|p1a: Sneasler|[silent]\n|move|p2b: Farigiraf|Psychic|p1a: Sneasler\n|-supereffective|p1a: Sneasler|2\n|-damage|p1a: Sneasler|0 fnt\n|faint|p1a: Sneasler\n|move|p1b: Incineroar|Darkest Lariat|p2b: Farigiraf\n|-supereffective|p2b: Farigiraf|1\n|-damage|p2b: Farigiraf|0 fnt\n|faint|p2b: Farigiraf\n|\n|-sideend|p2: SquishyGamerBoy|move: Tailwind\n|upkeep\n|\n|t:|1776093574\n|switch|p1a: Rotom|Rotom-Wash, L50|29/100\n|switch|p2b: oh na na|Lopunny-Mega, L50, F|100/100\n|turn|5\n|\n|t:|1776093589\n|move|p2a: Dragapult|Shadow Ball|p1a: Rotom\n|-damage|p1a: Rotom|0 fnt\n|faint|p1a: Rotom\n|move|p2b: oh na na|Close Combat|p1b: Incineroar\n|-supereffective|p1b: Incineroar|1\n|-damage|p1b: Incineroar|0 fnt\n|-unboost|p2b: oh na na|def|1\n|-unboost|p2b: oh na na|spd|1\n|faint|p1b: Incineroar\n|\n|upkeep\n|\n|t:|1776093593\n|switch|p1b: Charizard|Charizard, L50, M|100/100\n|turn|6\n|\n|t:|1776093604\n|detailschange|p1b: Charizard|Charizard-Mega-Y, L50, M\n|-mega|p1b: Charizard|Charizard|Charizardite Y\n|-weather|SunnyDay|[from] ability: Drought|[of] p1b: Charizard\n|move|p2a: Dragapult|Draco Meteor|p1b: Charizard\n|-damage|p1b: Charizard|24/100\n|-unboost|p2a: Dragapult|spa|2\n|move|p2b: oh na na|Triple Axel|p1b: Charizard\n|-damage|p1b: Charizard|14/100\n|-damage|p1b: Charizard|0 fnt\n|faint|p1b: Charizard\n|-hitcount|p1: Charizard|2\n|\n|win|SquishyGamerBoy\n|raw|faric's rating: 1217 &rarr; <strong>1187</strong><br />(-30 for losing)\n|raw|SquishyGamerBoy's rating: 1151 &rarr; <strong>1181</strong><br />(+30 for winning)\n",
  "uploadtime": 1776093620,
  "views": 16,
  "formatid": "gen9championsvgc2026regma",
  "rating": 1181,
  "private": 0,
  "password": null
}