{
  "id": "gen9championsvgc2026regma-2587141630",
  "format": "[Gen 9 Champions] VGC 2026 Reg M-A",
  "players": [
    "SHyperdestroyerVGC",
    "zaulpokemonpro"
  ],
  "log": "|j|\u2606SHyperdestroyerVGC\n|j|\u2606zaulpokemonpro\n|t:|1776499476\n|gametype|doubles\n|player|p1|SHyperdestroyerVGC|lady|1300\n|player|p2|zaulpokemonpro|morty|1231\n|gen|9\n|tier|[Gen 9 Champions] VGC 2026 Reg M-A\n|rated|\n|rule|Species Clause: Limit one of each Pok\u00e9mon\n|rule|Item Clause: Limit 1 of each item\n|clearpoke\n|poke|p1|Charizard, L50, F|\n|poke|p1|Venusaur, L50, M|\n|poke|p1|Whimsicott, L50, F|\n|poke|p1|Kingambit, L50, M|\n|poke|p1|Kommo-o, L50, M|\n|poke|p1|Rotom-Wash, L50|\n|poke|p2|Froslass, L50, F|\n|poke|p2|Garchomp, L50, F|\n|poke|p2|Rotom-Frost, L50|\n|poke|p2|Empoleon, L50, M|\n|poke|p2|Incineroar, L50, F|\n|poke|p2|Kingambit, L50, M|\n|teampreview|4\nSHyperdestroyerVGC has agreed to open team sheets.\n|inactive|Battle timer is ON: inactive players will automatically lose when time's up. (requested by zaulpokemonpro)\nzaulpokemonpro has agreed to open team sheets.\n|showteam|p1|Charizard||CharizarditeY|SolarPower|HeatWave,Overheat,AirSlash,Protect|||F|||50|]Venusaur||Leftovers|Chlorophyll|SludgeBomb,SleepPowder,EarthPower,GigaDrain|||M|||50|]Whimsicott||FocusSash|Prankster|Encore,Tailwind,Moonblast,SunnyDay|||F|||50|]Kingambit||BlackGlasses|Defiant|KowtowCleave,SuckerPunch,LowKick,Protect|||M|||50|]Kommo-o||RoseliBerry|Soundproof|IronDefense,BodyPress,Flamethrower,Protect|||M|||50|]Rotom-Wash||ChoiceScarf|Levitate|VoltSwitch,HydroPump,Thunderbolt,Trick||||||50|\n|showteam|p2|Froslass||Froslassite|SnowCloak|Blizzard,ShadowBall,AuroraVeil,Protect|||F|||50|]Garchomp||WhiteHerb|RoughSkin|DragonClaw,Earthquake,RockSlide,Protect|||F|||50|]Rotom-Frost||ChoiceScarf|Levitate|Thunderbolt,Blizzard,Electroweb,VoltSwitch||||||50|]Empoleon||Leftovers|Competitive|WaterPulse,FlashCannon,Roar,Protect|||M|||50|]Incineroar||SitrusBerry|Intimidate|FlareBlitz,FakeOut,DarkestLariat,PartingShot|||F|||50|]Kingambit||FocusSash|Defiant|IronHead,LowKick,SuckerPunch,Protect|||M|||50|\n|c|\u2606zaulpokemonpro|idk why\n|c|\u2606zaulpokemonpro|but im so scared of u\n|c|\u2606zaulpokemonpro|i just started today go ez plz\n|inactive|zaulpokemonpro has 60 seconds left.\n|c|\u2606SHyperdestroyerVGC|GLHF\n|\n|t:|1776499545\n|teamsize|p1|4\n|teamsize|p2|4\n|start\n|switch|p1a: Charizard|Charizard, L50, F|100/100\n|switch|p1b: Whimsicott|Whimsicott, L50, F|100/100\n|switch|p2a: Incineroar|Incineroar, L50, F|100/100\n|switch|p2b: Garchomp|Garchomp, L50, F|100/100\n|-ability|p2a: Incineroar|Intimidate|boost\n|-unboost|p1a: Charizard|atk|1\n|-unboost|p1b: Whimsicott|atk|1\n|turn|1\n|inactive|SHyperdestroyerVGC has 30 seconds left.\n|inactive|zaulpokemonpro has 30 seconds left.\n|\n|t:|1776499578\n|switch|p1a: Rotom|Rotom-Wash, L50|100/100\n|move|p2a: Incineroar|Fake Out|p1b: Whimsicott\n|-damage|p1b: Whimsicott|86/100\n|move|p2b: Garchomp|Rock Slide|p1a: Rotom|[spread] p1a,p1b\n|-damage|p1a: Rotom|74/100\n|-damage|p1b: Whimsicott|63/100\n|cant|p1b: Whimsicott|flinch\n|\n|upkeep\n|turn|2\n|inactive|zaulpokemonpro has 30 seconds left.\n|inactive|SHyperdestroyerVGC has 30 seconds left.\n|\n|t:|1776499610\n|switch|p2b: Rotom|Rotom-Frost, L50|100/100\n|move|p1b: Whimsicott|Tailwind|p1b: Whimsicott\n|-sidestart|p1: SHyperdestroyerVGC|move: Tailwind\n|move|p1a: Rotom|Hydro Pump|p2a: Incineroar|[miss]\n|-miss|p1a: Rotom|p2a: Incineroar\n|move|p2a: Incineroar|Parting Shot|p1a: Rotom\n|-unboost|p1a: Rotom|atk|1\n|-unboost|p1a: Rotom|spa|1\n|\n|t:|1776499620\n|switch|p2a: Froslass|Froslass, L50, F|100/100|[from] Parting Shot\n|\n|upkeep\n|turn|3\n|\n|t:|1776499644\n|switch|p1a: Charizard|Charizard, L50, F|100/100\n|detailschange|p2a: Froslass|Froslass-Mega, L50, F\n|-mega|p2a: Froslass|Froslass|Froslassite\n|-weather|Snowscape|[from] ability: Snow Warning|[of] p2a: Froslass\n|move|p1b: Whimsicott|Sunny Day|p1b: Whimsicott\n|-weather|SunnyDay\n|move|p2b: Rotom|Blizzard|p1b: Whimsicott|[spread] p1a,p1b\n|-supereffective|p1b: Whimsicott|1\n|-damage|p1a: Charizard|52/100\n|-damage|p1b: Whimsicott|0 fnt\n|faint|p1b: Whimsicott\n|move|p2a: Froslass|Aurora Veil||[still]\n|-fail|p2a: Froslass\n|\n|-weather|SunnyDay|[upkeep]\n|-damage|p1a: Charizard|40/100|[from] ability: Solar Power|[of] p1a: Charizard\n|upkeep\n|\n|t:|1776499657\n|switch|p1b: Kingambit|Kingambit, L50, M|100/100\n|turn|4\n|inactive|zaulpokemonpro has 30 seconds left.\n|inactive|SHyperdestroyerVGC has 30 seconds left.\n|\n|t:|1776499688\n|switch|p2b: Incineroar|Incineroar, L50, F|100/100\n|-ability|p2b: Incineroar|Intimidate|boost\n|-unboost|p1a: Charizard|atk|1\n|-unboost|p1b: Kingambit|atk|1\n|-ability|p1b: Kingambit|Defiant|boost\n|-boost|p1b: Kingambit|atk|2\n|detailschange|p1a: Charizard|Charizard-Mega-Y, L50, F\n|-mega|p1a: Charizard|Charizard|Charizardite Y\n|move|p2a: Froslass|Protect|p2a: Froslass\n|-singleturn|p2a: Froslass|Protect\n|move|p1a: Charizard|Heat Wave|p2b: Incineroar|[spread] p2b\n|-activate|p2a: Froslass|move: Protect\n|-resisted|p2b: Incineroar|1\n|-damage|p2b: Incineroar|72/100\n|move|p1b: Kingambit|Low Kick|p2b: Incineroar\n|-supereffective|p2b: Incineroar|1\n|-damage|p2b: Incineroar|0 fnt\n|faint|p2b: Incineroar\n|\n|-weather|SunnyDay|[upkeep]\n|upkeep\n|\n|t:|1776499707\n|switch|p2b: Rotom|Rotom-Frost, L50|100/100\n|turn|5\n|\n|t:|1776499723\n|move|p1a: Charizard|Heat Wave|p2b: Rotom|[spread] p2a,p2b\n|-supereffective|p2a: Froslass|1\n|-supereffective|p2b: Rotom|1\n|-damage|p2a: Froslass|0 fnt\n|-damage|p2b: Rotom|0 fnt\n|faint|p2a: Froslass\n|faint|p2b: Rotom\n|move|p1b: Kingambit|Kowtow Cleave|p2: Froslass|[notarget]\n|-fail|p1b: Kingambit\n|\n|-weather|SunnyDay|[upkeep]\n|-sideend|p1: SHyperdestroyerVGC|move: Tailwind\n|upkeep\n|\n|t:|1776499735\n|switch|p2a: Garchomp|Garchomp, L50, F|100/100\n|turn|6\n|\n|t:|1776499743\n|move|p1b: Kingambit|Sucker Punch|p2a: Garchomp\n|-damage|p2a: Garchomp|36/100\n|-damage|p1b: Kingambit|88/100|[from] ability: Rough Skin|[of] p2a: Garchomp\n|move|p2a: Garchomp|Rock Slide|p1a: Charizard|[spread] p1a,p1b\n|-supereffective|p1a: Charizard|2\n|-resisted|p1b: Kingambit|1\n|-damage|p1a: Charizard|0 fnt\n|-damage|p1b: Kingambit|81/100\n|faint|p1a: Charizard\n|\n|-weather|SunnyDay|[upkeep]\n|upkeep\n|\n|t:|1776499749\n|switch|p1a: Rotom|Rotom-Wash, L50|74/100\n|turn|7\n|\n|t:|1776499761\n|move|p1b: Kingambit|Sucker Punch|p2a: Garchomp\n|-damage|p2a: Garchomp|0 fnt\n|-damage|p1b: Kingambit|68/100|[from] ability: Rough Skin|[of] p2a: Garchomp\n|faint|p2a: Garchomp\n|\n|win|SHyperdestroyerVGC\n|raw|SHyperdestroyerVGC's rating: 1300 &rarr; <strong>1320</strong><br />(+20 for winning)\n|raw|zaulpokemonpro's rating: 1231 &rarr; <strong>1211</strong><br />(-20 for losing)\n|c|\u2606zaulpokemonpro|GGGGGGGGGGG\n|c|\u2606SHyperdestroyerVGC|gg\n|l|\u2606zaulpokemonpro\n|player|p2|\n",
  "uploadtime": 1776499855,
  "views": 32,
  "formatid": "gen9championsvgc2026regma",
  "rating": 1211,
  "private": 0,
  "password": null
}