{
  "id": "gen9championsvgc2026regma-2587642757",
  "format": "[Gen 9 Champions] VGC 2026 Reg M-A",
  "players": [
    "138mysx",
    "thacrow"
  ],
  "log": "|j|\u2606138mysx\n|j|\u2606thacrow\n|html|<table width=\"100%\"><tr><td align=\"left\">138mysx</td><td align=\"right\">thacrow</tr><tr><td align=\"left\"><i class=\"fa fa-circle-o\"></i> <i class=\"fa fa-circle-o\"></i> </td><td align=\"right\"><i class=\"fa fa-circle-o\"></i> <i class=\"fa fa-circle\"></i> </tr></table>\n|uhtml|bestof|<h2><strong>Game 2</strong> of <a href=\"/game-bestof3-gen9championsvgc2026regma-2587640343\">a best-of-3</a></h2>\n|t:|1776549714\n|gametype|doubles\n|player|p1|138mysx|170|\n|player|p2|thacrow|#thacrow|\n|gen|9\n|tier|[Gen 9 Champions] VGC 2026 Reg M-A\n|rated|Tournament battle\n|rule|Species Clause: Limit one of each Pok\u00e9mon\n|rule|Item Clause: Limit 1 of each item\n|raw|<div class=\"infobox\"><details class=\"readmore\" open><summary><strong>2 custom rules:</strong></summary> Force Open Team Sheets, Best of = 3</details></div>\n|clearpoke\n|poke|p1|Garchomp, L50, F, shiny|\n|poke|p1|Gardevoir, L50, F, shiny|\n|poke|p1|Charizard, L50, M, shiny|\n|poke|p1|Milotic, L50, F|\n|poke|p1|Corviknight, L50, M|\n|poke|p1|Meowscarada, L50, F|\n|poke|p2|Garchomp, L50, F, shiny|\n|poke|p2|Milotic, L50, F|\n|poke|p2|Scovillain, L50, M|\n|poke|p2|Aegislash, L50, F|\n|poke|p2|Floette-Eternal, L50, F|\n|poke|p2|Sneasler, L50, M|\n|teampreview|4\n|showteam|p1|Garchomp||LumBerry|RoughSkin|RockSlide,Earthquake,DragonClaw,Protect|||F|||50|]Gardevoir||ChoiceScarf|Telepathy|Psyshock,Moonblast,DazzlingGleam,IcyWind|||F|||50|]Charizard||CharizarditeY|Blaze|WeatherBall,HeatWave,SolarBeam,Protect|||M|||50|]Milotic||SitrusBerry|Competitive|Scald,IceBeam,Recover,Protect|||F|||50|]Corviknight||SharpBeak|MirrorArmor|IronHead,DualWingbeat,Tailwind,Protect|||M|||50|]Meowscarada||FocusSash|Protean|KnockOff,TripleAxel,FlowerTrick,Protect|||F|||50|\n|showteam|p2|Garchomp||SitrusBerry|RoughSkin|StompingTantrum,RockSlide,SwordsDance,Protect|||F|||50|]Milotic||Leftovers|Competitive|Scald,IcyWind,LifeDew,Protect|||F|||50|]Scovillain||Scovillainite|Insomnia|RagePowder,Flamethrower,LeechSeed,Protect|||M|||50|]Aegislash||SpellTag|StanceChange|Poltergeist,SacredSword,ShadowSneak,KingsShield|||F|||50|]Floette-Eternal||Floettite|FlowerVeil|Moonblast,DazzlingGleam,LightofRuin,Protect|||F|||50|]Sneasler||WhiteHerb|Unburden|FakeOut,CloseCombat,GunkShot,Coaching|||M|||50|\n|j| christianfinity\n|j| howdy12345\n|\n|t:|1776549760\n|teamsize|p1|4\n|teamsize|p2|4\n|start\n|switch|p1a: Charizard|Charizard, L50, M, shiny|100/100\n|switch|p1b: Gardevoir|Gardevoir, L50, F, shiny|100/100\n|switch|p2a: Garchomp|Garchomp, L50, F, shiny|100/100\n|switch|p2b: Scovillain|Scovillain, L50, M|100/100\n|turn|1\n|j| keahi\n|\n|t:|1776549787\n|detailschange|p2b: Scovillain|Scovillain-Mega, L50, M\n|-mega|p2b: Scovillain|Scovillain|Scovillainite\n|move|p1a: Charizard|Protect|p1a: Charizard\n|-singleturn|p1a: Charizard|Protect\n|move|p2a: Garchomp|Protect|p2a: Garchomp\n|-singleturn|p2a: Garchomp|Protect\n|move|p1b: Gardevoir|Moonblast|p2a: Garchomp\n|-activate|p2a: Garchomp|move: Protect\n|move|p2b: Scovillain|Leech Seed|p1b: Gardevoir\n|-start|p1b: Gardevoir|move: Leech Seed\n|\n|-damage|p1b: Gardevoir|89/100|[from] Leech Seed|[of] p2b: Scovillain\n|upkeep\n|turn|2\n|\n|t:|1776549804\n|detailschange|p1a: Charizard|Charizard-Mega-Y, L50, M, shiny\n|-mega|p1a: Charizard|Charizard|Charizardite Y\n|-weather|SunnyDay|[from] ability: Drought|[of] p1a: Charizard\n|move|p2b: Scovillain|Rage Powder|p2b: Scovillain\n|-singleturn|p2b: Scovillain|move: Rage Powder\n|move|p1b: Gardevoir|Moonblast|p2b: Scovillain\n|-resisted|p2b: Scovillain|1\n|-damage|p2b: Scovillain|73/100\n|-status|p1b: Gardevoir|brn|[from] ability: Spicy Spray|[of] p2b: Scovillain\n|move|p1a: Charizard|Solar Beam||[still]\n|-prepare|p1a: Charizard|Solar Beam\n|-anim|p1a: Charizard|Solar Beam|p2b: Scovillain\n|-resisted|p2b: Scovillain|2\n|-damage|p2b: Scovillain|58/100\n|-immune|p1a: Charizard\n|move|p2a: Garchomp|Rock Slide|p1a: Charizard|[spread] p1a,p1b\n|-supereffective|p1a: Charizard|2\n|-damage|p1a: Charizard|0 fnt\n|-damage|p1b: Gardevoir|55/100 brn\n|faint|p1a: Charizard\n|\n|-weather|SunnyDay|[upkeep]\n|-damage|p1b: Gardevoir|43/100 brn|[from] Leech Seed|[of] p2b: Scovillain\n|-heal|p2b: Scovillain|68/100|[silent]\n|-damage|p1b: Gardevoir|38/100 brn|[from] brn\n|upkeep\n|\n|t:|1776549815\n|switch|p1a: Garchomp|Garchomp, L50, F, shiny|100/100\n|turn|3\n|\n|t:|1776549833\n|move|p2a: Garchomp|Protect|p2a: Garchomp\n|-singleturn|p2a: Garchomp|Protect\n|move|p1b: Gardevoir|Moonblast|p2a: Garchomp\n|-activate|p2a: Garchomp|move: Protect\n|move|p1a: Garchomp|Rock Slide|p2b: Scovillain|[spread] p2b\n|-activate|p2a: Garchomp|move: Protect\n|-supereffective|p2b: Scovillain|1\n|-damage|p2b: Scovillain|38/100\n|-status|p1a: Garchomp|brn|[from] ability: Spicy Spray|[of] p2b: Scovillain\n|-enditem|p1a: Garchomp|Lum Berry|[eat]\n|-curestatus|p1a: Garchomp|brn|[msg]\n|move|p2b: Scovillain|Leech Seed|p1a: Garchomp\n|-start|p1a: Garchomp|move: Leech Seed\n|\n|-weather|SunnyDay|[upkeep]\n|-damage|p1b: Gardevoir|26/100 brn|[from] Leech Seed|[of] p2b: Scovillain\n|-heal|p2b: Scovillain|48/100|[silent]\n|-damage|p1a: Garchomp|88/100|[from] Leech Seed|[of] p2b: Scovillain\n|-heal|p2b: Scovillain|60/100|[silent]\n|-damage|p1b: Gardevoir|20/100 brn|[from] brn\n|upkeep\n|turn|4\n|\n|t:|1776549850\n|move|p1a: Garchomp|Protect|p1a: Garchomp\n|-singleturn|p1a: Garchomp|Protect\n|move|p2b: Scovillain|Rage Powder|p2b: Scovillain\n|-singleturn|p2b: Scovillain|move: Rage Powder\n|move|p1b: Gardevoir|Moonblast|p2b: Scovillain\n|-resisted|p2b: Scovillain|1\n|-damage|p2b: Scovillain|34/100\n|move|p2a: Garchomp|Swords Dance|p2a: Garchomp\n|-boost|p2a: Garchomp|atk|2\n|\n|-weather|SunnyDay|[upkeep]\n|-damage|p1b: Gardevoir|8/100 brn|[from] Leech Seed|[of] p2b: Scovillain\n|-heal|p2b: Scovillain|44/100|[silent]\n|-damage|p1a: Garchomp|76/100|[from] Leech Seed|[of] p2b: Scovillain\n|-heal|p2b: Scovillain|56/100|[silent]\n|-damage|p1b: Gardevoir|3/100 brn|[from] brn\n|upkeep\n|turn|5\n|j| Snowball_seer\n|l| Snowball_seer\n|\n|t:|1776549863\n|switch|p1b: Meowscarada|Meowscarada, L50, F|100/100\n|move|p2b: Scovillain|Rage Powder|p2b: Scovillain\n|-singleturn|p2b: Scovillain|move: Rage Powder\n|move|p1a: Garchomp|Rock Slide|p2a: Garchomp|[spread] p2a,p2b\n|-resisted|p2a: Garchomp|1\n|-supereffective|p2b: Scovillain|1\n|-damage|p2a: Garchomp|92/100\n|-damage|p2b: Scovillain|20/100\n|-status|p1a: Garchomp|brn|[from] ability: Spicy Spray|[of] p2b: Scovillain\n|cant|p2a: Garchomp|flinch\n|\n|-weather|SunnyDay|[upkeep]\n|-damage|p1a: Garchomp|64/100 brn|[from] Leech Seed|[of] p2b: Scovillain\n|-heal|p2b: Scovillain|33/100|[silent]\n|-damage|p1a: Garchomp|58/100 brn|[from] brn\n|upkeep\n|turn|6\n|\n|t:|1776549896\n|switch|p1a: Gardevoir|Gardevoir, L50, F, shiny|3/100 brn\n|move|p2a: Garchomp|Protect|p2a: Garchomp\n|-singleturn|p2a: Garchomp|Protect\n|move|p2b: Scovillain|Protect|p2b: Scovillain\n|-singleturn|p2b: Scovillain|Protect\n|move|p1b: Meowscarada|Triple Axel|p2a: Garchomp\n|-start|p1b: Meowscarada|typechange|Ice|[from] ability: Protean\n|-activate|p2a: Garchomp|move: Protect\n|\n|-weather|none\n|-damage|p1a: Gardevoir|0 fnt|[from] brn\n|faint|p1a: Gardevoir\n|upkeep\n|\n|t:|1776549909\n|switch|p1a: Garchomp|Garchomp, L50, F, shiny|58/100 brn\n|turn|7\n|c|\u2606138mysx|I cant do anithing against that Pok\u00e9mon what\n|\n|t:|1776549947\n|move|p1b: Meowscarada|Protect|p1b: Meowscarada\n|-singleturn|p1b: Meowscarada|Protect\n|move|p2b: Scovillain|Rage Powder|p2b: Scovillain\n|-singleturn|p2b: Scovillain|move: Rage Powder\n|move|p1a: Garchomp|Rock Slide|p2a: Garchomp|[spread] p2a,p2b\n|-resisted|p2a: Garchomp|1\n|-supereffective|p2b: Scovillain|1\n|-damage|p2a: Garchomp|88/100\n|-damage|p2b: Scovillain|16/100\n|move|p2a: Garchomp|Stomping Tantrum|p1a: Garchomp\n|-damage|p1a: Garchomp|0 fnt\n|-damage|p2a: Garchomp|75/100|[from] ability: Rough Skin|[of] p1a: Garchomp\n|faint|p1a: Garchomp\n|\n|upkeep\n|turn|8\n|c|\u2606thacrow|yeah this scovillain pokemon is kinda op\n|c|\u2606138mysx|ggs\n|\n|t:|1776549963\n|move|p2b: Scovillain|Rage Powder|p2b: Scovillain\n|-singleturn|p2b: Scovillain|move: Rage Powder\n|move|p1b: Meowscarada|Triple Axel|p2b: Scovillain\n|-damage|p2b: Scovillain|7/100\n|-status|p1b: Meowscarada|brn|[from] ability: Spicy Spray|[of] p2b: Scovillain\n|-crit|p2b: Scovillain\n|-damage|p2b: Scovillain|0 fnt\n|faint|p2b: Scovillain\n|-hitcount|p2: Scovillain|2\n|move|p2a: Garchomp|Stomping Tantrum|p1b: Meowscarada\n|-enditem|p1b: Meowscarada|Focus Sash\n|-damage|p1b: Meowscarada|1/100 brn\n|\n|-damage|p1b: Meowscarada|0 fnt|[from] brn\n|faint|p1b: Meowscarada\n|\n|win|thacrow\n|c|\u2606thacrow|ggs\n|c|\u2606138mysx|It doesn't go down\n|c|\u2606thacrow|indeed\n|l|\u2606thacrow\n|player|p2|\n|l| christianfinity\n|j|\u2606thacrow\n|player|p2|thacrow|#thacrow|\n",
  "uploadtime": 1776550124,
  "views": 10,
  "formatid": "gen9championsvgc2026regma",
  "rating": null,
  "private": 0,
  "password": null
}