{
  "id": "gen9championsvgc2026regma-2583527250",
  "format": "[Gen 9 Champions] VGC 2026 Reg M-A",
  "players": [
    "maykeyjazz",
    "ydudz"
  ],
  "log": "|j|\u2606maykeyjazz\n|j|\u2606ydudz\n|t:|1776181276\n|gametype|doubles\n|player|p1|maykeyjazz|ghetsis|1152\n|player|p2|ydudz|gentleman|1187\n|gen|9\n|tier|[Gen 9 Champions] VGC 2026 Reg M-A\n|rated|\n|rule|Species Clause: Limit one of each Pok\u00e9mon\n|rule|Item Clause: Limit 1 of each item\n|clearpoke\n|poke|p1|Incineroar, L50, M|\n|poke|p1|Gengar, L50, M|\n|poke|p1|Whimsicott, L50, F|\n|poke|p1|Hydreigon, L50, M|\n|poke|p1|Sneasler, L50, M|\n|poke|p1|Gyarados, L50, M|\n|poke|p2|Froslass, L50, F|\n|poke|p2|Sneasler, L50, M|\n|poke|p2|Aerodactyl, L50, M|\n|poke|p2|Garchomp, L50, F|\n|poke|p2|Kingambit, L50, F|\n|poke|p2|Rotom-Wash, L50|\n|teampreview|4\n|inactive|Battle timer is ON: inactive players will automatically lose when time's up. (requested by ydudz)\n|inactive|maykeyjazz has 60 seconds left.\n|inactive|maykeyjazz has 30 seconds left.\n|\n|t:|1776181338\n|teamsize|p1|4\n|teamsize|p2|4\n|start\n|switch|p1a: Hydreigon|Hydreigon, L50, M, shiny|100/100\n|switch|p1b: Sneasler|Sneasler, L50, M|100/100\n|switch|p2a: Froslass|Froslass, L50, F|100/100\n|switch|p2b: Sneasler|Sneasler, L50, M|100/100\n|turn|1\n|inactive|maykeyjazz has 30 seconds left.\n|inactive|ydudz has 30 seconds left.\n|inactive|maykeyjazz has 20 seconds left.\n|inactive|ydudz has 20 seconds left.\n|inactive|maykeyjazz has 15 seconds left.\n|inactive|ydudz has 15 seconds left.\n|inactive|ydudz has 10 seconds left.\n|\n|t:|1776181387\n|detailschange|p2a: Froslass|Froslass-Mega, L50, F\n|-mega|p2a: Froslass|Froslass|Froslassite\n|-weather|Snowscape|[from] ability: Snow Warning|[of] p2a: Froslass\n|move|p2b: Sneasler|Fake Out|p1b: Sneasler\n|-damage|p1b: Sneasler|75/100\n|move|p1a: Hydreigon|Dark Pulse|p2a: Froslass\n|-supereffective|p2a: Froslass|1\n|-damage|p2a: Froslass|0 fnt\n|faint|p2a: Froslass\n|cant|p1b: Sneasler|flinch\n|\n|-weather|Snowscape|[upkeep]\n|upkeep\n|\n|t:|1776181397\n|switch|p2a: Rotom|Rotom-Wash, L50|100/100\n|turn|2\n|inactive|maykeyjazz has 30 seconds left.\n|inactive|maykeyjazz has 20 seconds left.\n|\n|t:|1776181435\n|switch|p1a: Gengar|Gengar, L50, M|100/100\n|move|p1b: Sneasler|Protect|p1b: Sneasler\n|-singleturn|p1b: Sneasler|Protect\n|move|p2a: Rotom|Electroweb|p1b: Sneasler|[spread] p1a\n|-activate|p1b: Sneasler|move: Protect\n|-damage|p1a: Gengar|70/100\n|-unboost|p1a: Gengar|spe|1\n|move|p2b: Sneasler|Close Combat|p1a: Gengar\n|-immune|p1a: Gengar\n|\n|-weather|Snowscape|[upkeep]\n|upkeep\n|turn|3\n|inactive|maykeyjazz has 30 seconds left.\n|inactive|maykeyjazz has 20 seconds left.\n|inactive|maykeyjazz has 15 seconds left.\n|inactive|maykeyjazz has 10 seconds left.\n|\n|t:|1776181482\n|switch|p1b: Whimsicott|Whimsicott, L50, F|100/100\n|detailschange|p1a: Gengar|Gengar-Mega, L50, M\n|-mega|p1a: Gengar|Gengar|Gengarite\n|move|p1a: Gengar|Protect|p1a: Gengar\n|-singleturn|p1a: Gengar|Protect\n|move|p2a: Rotom|Electroweb|p1a: Gengar|[spread] p1b\n|-activate|p1a: Gengar|move: Protect\n|-resisted|p1b: Whimsicott|1\n|-damage|p1b: Whimsicott|83/100\n|-unboost|p1b: Whimsicott|spe|1\n|move|p2b: Sneasler|Close Combat|p1b: Whimsicott\n|-resisted|p1b: Whimsicott|1\n|-damage|p1b: Whimsicott|28/100\n|-unboost|p2b: Sneasler|def|1\n|-unboost|p2b: Sneasler|spd|1\n|-enditem|p2b: Sneasler|White Herb\n|-clearnegativeboost|p2b: Sneasler|[silent]\n|\n|-weather|Snowscape|[upkeep]\n|upkeep\n|turn|4\n|inactive|maykeyjazz has 30 seconds left.\n|inactive|maykeyjazz has 20 seconds left.\n|\n|t:|1776181525\n|switch|p1a: Sneasler|Sneasler, L50, M|75/100\n|move|p1b: Whimsicott|Encore|p2b: Sneasler\n|-start|p2b: Sneasler|Encore\n|move|p2b: Sneasler|Close Combat|p1a: Sneasler\n|-resisted|p1a: Sneasler|1\n|-damage|p1a: Sneasler|13/100\n|-unboost|p2b: Sneasler|def|1\n|-unboost|p2b: Sneasler|spd|1\n|move|p2a: Rotom|Electroweb|p1b: Whimsicott|[spread] p1a,p1b\n|-resisted|p1b: Whimsicott|1\n|-damage|p1a: Sneasler|0 fnt\n|-damage|p1b: Whimsicott|11/100\n|-unboost|p1b: Whimsicott|spe|1\n|faint|p1a: Sneasler\n|\n|-weather|Snowscape|[upkeep]\n|upkeep\n|\n|t:|1776181547\n|switch|p1a: Hydreigon|Hydreigon, L50, M, shiny|100/100\n|turn|5\n|\n|t:|1776181569\n|move|p1b: Whimsicott|Tailwind|p1b: Whimsicott\n|-sidestart|p1: maykeyjazz|move: Tailwind\n|move|p1a: Hydreigon|Earth Power|p2b: Sneasler\n|-supereffective|p2b: Sneasler|1\n|-damage|p2b: Sneasler|0 fnt\n|faint|p2b: Sneasler\n|move|p2a: Rotom|Electroweb|p1b: Whimsicott|[spread] p1a,p1b\n|-resisted|p1a: Hydreigon|1\n|-resisted|p1b: Whimsicott|1\n|-damage|p1a: Hydreigon|90/100\n|-damage|p1b: Whimsicott|0 fnt\n|-unboost|p1a: Hydreigon|spe|1\n|faint|p1b: Whimsicott\n|\n|-weather|none\n|upkeep\n|\n|t:|1776181581\n|switch|p1b: Gengar|Gengar-Mega, L50, M|70/100\n|switch|p2b: Kingambit|Kingambit, L50, F|100/100\n|turn|6\n|\n|t:|1776181598\n|move|p1b: Gengar|Protect|p1b: Gengar\n|-singleturn|p1b: Gengar|Protect\n|move|p2b: Kingambit|Protect|p2b: Kingambit\n|-singleturn|p2b: Kingambit|Protect\n|move|p1a: Hydreigon|Earth Power|p2b: Kingambit\n|-activate|p2b: Kingambit|move: Protect\n|move|p2a: Rotom|Electroweb|p1a: Hydreigon|[spread] p1a\n|-activate|p1b: Gengar|move: Protect\n|-resisted|p1a: Hydreigon|1\n|-damage|p1a: Hydreigon|78/100\n|-unboost|p1a: Hydreigon|spe|1\n|\n|upkeep\n|turn|7\n|inactive|ydudz has 30 seconds left.\n|\n|t:|1776181631\n|move|p1b: Gengar|Disable|p2a: Rotom\n|-start|p2a: Rotom|Disable|Electroweb\n|move|p1a: Hydreigon|Earth Power|p2b: Kingambit\n|-supereffective|p2b: Kingambit|1\n|-damage|p2b: Kingambit|30/100\n|cant|p2a: Rotom|Disable|Electroweb\n|move|p2b: Kingambit|Kowtow Cleave|p1a: Hydreigon\n|-resisted|p1a: Hydreigon|1\n|-damage|p1a: Hydreigon|45/100\n|\n|upkeep\n|turn|8\n|\n|t:|1776181654\n|move|p1b: Gengar|Disable|p2b: Kingambit\n|-start|p2b: Kingambit|Disable|Kowtow Cleave\n|move|p1a: Hydreigon|Earth Power|p2b: Kingambit\n|-supereffective|p2b: Kingambit|1\n|-crit|p2b: Kingambit\n|-damage|p2b: Kingambit|0 fnt\n|faint|p2b: Kingambit\n|-activate|p2a: Rotom|move: Struggle\n|move|p2a: Rotom|Struggle|p1b: Gengar\n|-damage|p1b: Gengar|61/100\n|-damage|p2a: Rotom|75/100|[from] recoil\n|\n|-sideend|p1: maykeyjazz|move: Tailwind\n|upkeep\n|turn|9\n|-message|ydudz forfeited.\n|\n|win|maykeyjazz\n|raw|maykeyjazz's rating: 1152 &rarr; <strong>1180</strong><br />(+28 for winning)\n|raw|ydudz's rating: 1187 &rarr; <strong>1159</strong><br />(-28 for losing)\n|l|\u2606ydudz\n|player|p2|\n",
  "uploadtime": 1776181902,
  "views": 25,
  "formatid": "gen9championsvgc2026regma",
  "rating": 1159,
  "private": 0,
  "password": null
}