{
  "id": "gen9championsvgc2026regma-2585759873",
  "format": "[Gen 9 Champions] VGC 2026 Reg M-A",
  "players": [
    "doccor",
    "tonybravais"
  ],
  "log": "|j|\u2606doccor\n|j|\u2606tonybravais\n|t:|1776368667\n|gametype|doubles\n|player|p1|doccor|hilbert|1139\n|player|p2|tonybravais|101|1083\n|gen|9\n|tier|[Gen 9 Champions] VGC 2026 Reg M-A\n|rated|\n|rule|Species Clause: Limit one of each Pok\u00e9mon\n|rule|Item Clause: Limit 1 of each item\n|clearpoke\n|poke|p1|Aerodactyl, L50, M|\n|poke|p1|Kingambit, L50, M|\n|poke|p1|Garchomp, L50, M|\n|poke|p1|Sneasler, L50, M|\n|poke|p1|Gengar, L50, M|\n|poke|p1|Incineroar, L50, M|\n|poke|p2|Clefable, L50, M|\n|poke|p2|Garchomp, L50, F|\n|poke|p2|Sinistcha-Masterpiece, L50|\n|poke|p2|Salazzle, L50, F|\n|poke|p2|Lucario, L50, M|\n|poke|p2|Aurorus, L50, M|\n|teampreview|4\n|inactive|Battle timer is ON: inactive players will automatically lose when time's up. (requested by doccor)\n|inactive|doccor has 60 seconds left.\n|\n|t:|1776368711\n|teamsize|p1|4\n|teamsize|p2|4\n|start\n|switch|p1a: Incineroar|Incineroar, L50, M|100/100\n|switch|p1b: Gengar|Gengar, L50, M|100/100\n|switch|p2a: Lucario|Lucario, L50, M|100/100\n|switch|p2b: Salazzle|Salazzle, L50, F|100/100\n|-ability|p1a: Incineroar|Intimidate|boost\n|-fail|p2a: Lucario|unboost|Attack|[from] ability: Inner Focus|[of] p2a: Lucario\n|-fail|p2b: Salazzle|unboost|Attack|[from] ability: Oblivious|[of] p2b: Salazzle\n|turn|1\n|inactive|doccor has 30 seconds left.\n|\n|t:|1776368742\n|detailschange|p1b: Gengar|Gengar-Mega, L50, M\n|-mega|p1b: Gengar|Gengar|Gengarite\n|move|p1a: Incineroar|Fake Out|p2a: Lucario\n|-resisted|p2a: Lucario|1\n|-damage|p2a: Lucario|90/100\n|move|p1b: Gengar|Perish Song|p1b: Gengar\n|-start|p1a: Incineroar|perish3|[silent]\n|-start|p1b: Gengar|perish3|[silent]\n|-start|p2a: Lucario|perish3|[silent]\n|-start|p2b: Salazzle|perish3|[silent]\n|-fieldactivate|move: Perish Song\n|move|p2b: Salazzle|Taunt|p1b: Gengar\n|-start|p1b: Gengar|move: Taunt\n|move|p2a: Lucario|Close Combat|p1a: Incineroar\n|-supereffective|p1a: Incineroar|1\n|-damage|p1a: Incineroar|8/100\n|-unboost|p2a: Lucario|def|1\n|-unboost|p2a: Lucario|spd|1\n|\n|-heal|p1a: Incineroar|14/100|[from] item: Leftovers\n|-start|p1b: Gengar|perish3\n|-start|p2b: Salazzle|perish3\n|-start|p2a: Lucario|perish3\n|-start|p1a: Incineroar|perish3\n|upkeep\n|turn|2\n|inactive|doccor has 30 seconds left.\n|inactive|tonybravais has 30 seconds left.\n|inactive|doccor has 20 seconds left.\n|\n|t:|1776368780\n|switch|p1a: Garchomp|Garchomp, L50, M|100/100\n|detailschange|p2a: Lucario|Lucario-Mega, L50, M\n|-mega|p2a: Lucario|Lucario|Lucarionite\n|move|p1b: Gengar|Shadow Ball|p2b: Salazzle\n|-damage|p2b: Salazzle|15/100\n|move|p2b: Salazzle|Sludge Bomb|p1a: Garchomp\n|-resisted|p1a: Garchomp|1\n|-damage|p1a: Garchomp|78/100\n|move|p2a: Lucario|Meteor Mash|p1b: Gengar\n|-damage|p1b: Gengar|12/100\n|\n|-start|p1b: Gengar|perish2\n|-start|p2b: Salazzle|perish2\n|-start|p2a: Lucario|perish2\n|upkeep\n|turn|3\n|inactive|doccor has 30 seconds left.\n|inactive|tonybravais has 30 seconds left.\n|inactive|doccor has 20 seconds left.\n|inactive|doccor has 15 seconds left.\n|\n|t:|1776368821\n|switch|p1b: Kingambit|Kingambit, L50, M|100/100\n|move|p2a: Lucario|Bullet Punch|p1b: Kingambit\n|-resisted|p1b: Kingambit|1\n|-damage|p1b: Kingambit|90/100\n|move|p2b: Salazzle|Overheat|p1a: Garchomp\n|-resisted|p1a: Garchomp|1\n|-damage|p1a: Garchomp|45/100\n|-unboost|p2b: Salazzle|spa|2\n|move|p1a: Garchomp|Stomping Tantrum|p2a: Lucario\n|-supereffective|p2a: Lucario|1\n|-damage|p2a: Lucario|0 fnt\n|faint|p2a: Lucario\n|\n|-start|p2b: Salazzle|perish1\n|upkeep\n|\n|t:|1776368836\n|switch|p2a: Garchomp|Garchomp, L50, F|100/100\n|turn|4\n|\n|t:|1776368843\n|switch|p2b: Sinistcha|Sinistcha-Masterpiece, L50|100/100\n|move|p2a: Garchomp|Earthquake|p1a: Garchomp|[spread] p2b,p1a,p1b\n|-resisted|p2b: Sinistcha|1\n|-supereffective|p1b: Kingambit|1\n|-damage|p2b: Sinistcha|84/100\n|-damage|p1a: Garchomp|10/100\n|-damage|p1b: Kingambit|36/100\n|move|p1a: Garchomp|Dragon Claw|p2a: Garchomp\n|-supereffective|p2a: Garchomp|1\n|-damage|p2a: Garchomp|12/100\n|-damage|p1a: Garchomp|0 fnt|[from] ability: Rough Skin|[of] p2a: Garchomp\n|faint|p1a: Garchomp\n|move|p1b: Kingambit|Swords Dance|p1b: Kingambit\n|-boost|p1b: Kingambit|atk|2\n|\n|-heal|p2b: Sinistcha|90/100|[from] item: Leftovers\n|upkeep\n|\n|t:|1776368860\n|switch|p1a: Gengar|Gengar-Mega, L50, M|12/100\n|turn|5\n|\n|t:|1776368884\n|move|p2a: Garchomp|Protect|p2a: Garchomp\n|-singleturn|p2a: Garchomp|Protect\n|move|p1b: Kingambit|Sucker Punch||[still]\n|-fail|p1b: Kingambit\n|move|p1a: Gengar|Shadow Ball|p2b: Sinistcha\n|-supereffective|p2b: Sinistcha|1\n|-damage|p2b: Sinistcha|12/100\n|move|p2b: Sinistcha|Matcha Gotcha|p1a: Gengar|[spread] p1a,p1b\n|-resisted|p1a: Gengar|1\n|-resisted|p1b: Kingambit|1\n|-damage|p1a: Gengar|0 fnt\n|-heal|p2b: Sinistcha|17/100|[from] drain|[of] p1a: Gengar\n|-damage|p1b: Kingambit|25/100\n|-heal|p2b: Sinistcha|24/100|[from] drain|[of] p1b: Kingambit\n|faint|p1a: Gengar\n|\n|-heal|p2b: Sinistcha|30/100|[from] item: Leftovers\n|upkeep\n|\n|t:|1776368895\n|switch|p1a: Incineroar|Incineroar, L50, M|14/100\n|-ability|p1a: Incineroar|Intimidate|boost\n|-unboost|p2a: Garchomp|atk|1\n|-unboost|p2b: Sinistcha|atk|1\n|turn|6\n|inactive|tonybravais has 30 seconds left.\n|inactive|tonybravais has 20 seconds left.\n|\n|t:|1776368931\n|move|p1a: Incineroar|Fake Out|p2a: Garchomp\n|-damage|p2a: Garchomp|1/100\n|-damage|p1a: Incineroar|2/100|[from] ability: Rough Skin|[of] p2a: Garchomp\n|move|p2b: Sinistcha|Rage Powder|p2b: Sinistcha\n|-singleturn|p2b: Sinistcha|move: Rage Powder\n|move|p1b: Kingambit|Sucker Punch||[still]\n|-fail|p1b: Kingambit\n|cant|p2a: Garchomp|flinch\n|\n|-heal|p2b: Sinistcha|36/100|[from] item: Leftovers\n|-heal|p1a: Incineroar|8/100|[from] item: Leftovers\n|upkeep\n|turn|7\n|\n|t:|1776368945\n|move|p2a: Garchomp|Protect|p2a: Garchomp\n|-singleturn|p2a: Garchomp|Protect\n|move|p1b: Kingambit|Sucker Punch||[still]\n|-fail|p1b: Kingambit\n|move|p2b: Sinistcha|Matcha Gotcha|p1b: Kingambit|[spread] p1a,p1b\n|-resisted|p1a: Incineroar|1\n|-resisted|p1b: Kingambit|1\n|-damage|p1a: Incineroar|0 fnt\n|-heal|p2b: Sinistcha|41/100|[from] drain|[of] p1a: Incineroar\n|-damage|p1b: Kingambit|15/100\n|-heal|p2b: Sinistcha|47/100|[from] drain|[of] p1b: Kingambit\n|faint|p1a: Incineroar\n|\n|-heal|p2b: Sinistcha|53/100|[from] item: Leftovers\n|upkeep\n|turn|8\n|-message|doccor forfeited.\n|\n|win|tonybravais\n|raw|doccor's rating: 1139 &rarr; <strong>1110</strong><br />(-29 for losing)\n|raw|tonybravais's rating: 1083 &rarr; <strong>1115</strong><br />(+32 for winning)\n|l|\u2606doccor\n|player|p1|\n",
  "uploadtime": 1776368966,
  "views": 21,
  "formatid": "gen9championsvgc2026regma",
  "rating": 1110,
  "private": 0,
  "password": null
}