{
  "id": "gen9championsvgc2026regma-2584956900",
  "format": "[Gen 9 Champions] VGC 2026 Reg M-A",
  "players": [
    "Jedi0160",
    "rgeee"
  ],
  "log": "|j|\u2606Jedi0160\n|j|\u2606rgeee\n|t:|1776298020\n|gametype|doubles\n|player|p1|Jedi0160|lucas|1197\n|player|p2|rgeee|1|1228\n|gen|9\n|tier|[Gen 9 Champions] VGC 2026 Reg M-A\n|rated|\n|rule|Species Clause: Limit one of each Pok\u00e9mon\n|rule|Item Clause: Limit 1 of each item\n|clearpoke\n|poke|p1|Garchomp, L50, F|\n|poke|p1|Whimsicott, L50, M|\n|poke|p1|Incineroar, L50, M|\n|poke|p1|Gengar, L50, F|\n|poke|p1|Rotom-Wash, L50|\n|poke|p1|Farigiraf, L50, F|\n|poke|p2|Camerupt, L50, F|\n|poke|p2|Cofagrigus, L50, F|\n|poke|p2|Torkoal, L50, M|\n|poke|p2|Dragapult, L50, M|\n|poke|p2|Farigiraf, L50, F|\n|poke|p2|Kangaskhan, L50, F|\n|teampreview|4\n|inactive|Battle timer is ON: inactive players will automatically lose when time's up. (requested by Jedi0160)\n|inactive|Jedi0160 has 60 seconds left.\n|inactive|Jedi0160 has 30 seconds left.\n|inactive|Jedi0160 has 20 seconds left.\n|inactive|Jedi0160 has 15 seconds left.\n|inactive|Jedi0160 has 10 seconds left.\n|inactive|Jedi0160 has 5 seconds left.\n|\n|t:|1776298111\n|teamsize|p1|4\n|teamsize|p2|4\n|start\n|switch|p1a: Farigiraf|Farigiraf, L50, F|100/100\n|switch|p1b: Garchomp|Garchomp, L50, F|100/100\n|switch|p2a: Torkoal|Torkoal, L50, M|100/100\n|switch|p2b: Cofagrigus|Cofagrigus, L50, F|100/100\n|-weather|SunnyDay|[from] ability: Drought|[of] p2a: Torkoal\n|turn|1\n|\n|t:|1776298120\n|move|p2a: Torkoal|Protect|p2a: Torkoal\n|-singleturn|p2a: Torkoal|Protect\n|move|p1b: Garchomp|Stomping Tantrum|p2a: Torkoal\n|-activate|p2a: Torkoal|move: Protect\n|move|p1a: Farigiraf|Imprison|p1a: Farigiraf\n|-start|p1a: Farigiraf|move: Imprison\n|cant|p2b: Cofagrigus|move: Imprison|Trick Room\n|\n|-weather|SunnyDay|[upkeep]\n|upkeep\n|turn|2\n|\n|t:|1776298138\n|move|p1b: Garchomp|Stomping Tantrum|p2a: Torkoal\n|-supereffective|p2a: Torkoal|1\n|-damage|p2a: Torkoal|28/100\n|move|p1a: Farigiraf|Psychic|p2b: Cofagrigus\n|-damage|p2b: Cofagrigus|50/100\n|move|p2b: Cofagrigus|Fake Tears|p1b: Garchomp\n|-unboost|p1b: Garchomp|spd|2\n|move|p2a: Torkoal|Heat Wave|p1b: Garchomp|[spread] p1a,p1b\n|-resisted|p1b: Garchomp|1\n|-damage|p1a: Farigiraf|55/100\n|-damage|p1b: Garchomp|51/100\n|\n|-weather|SunnyDay|[upkeep]\n|upkeep\n|turn|3\n|\n|t:|1776298160\n|move|p1b: Garchomp|Stomping Tantrum|p2b: Cofagrigus\n|-damage|p2b: Cofagrigus|20/100\n|-activate|p2b: Cofagrigus|ability: Mummy|p1b: Garchomp|[ability] Rough Skin\n|move|p1a: Farigiraf|Psychic|p2a: Torkoal\n|-damage|p2a: Torkoal|0 fnt\n|faint|p2a: Torkoal\n|move|p2b: Cofagrigus|Body Press|p1a: Farigiraf\n|-damage|p1a: Farigiraf|22/100\n|\n|-weather|SunnyDay|[upkeep]\n|upkeep\n|\n|t:|1776298168\n|switch|p2a: Dragapult|Dragapult, L50, M|100/100\n|turn|4\n|inactive|Jedi0160 has 30 seconds left.\n|inactive|Jedi0160 has 20 seconds left.\n|inactive|Jedi0160 has 15 seconds left.\n|inactive|Jedi0160 has 10 seconds left.\n|inactive|Jedi0160 has 5 seconds left.\n|\n|t:|1776298220\n|switch|p1b: Incineroar|Incineroar, L50, M|100/100\n|-ability|p1b: Incineroar|Intimidate|boost\n|-fail|p2a: Dragapult|unboost|[from] ability: Clear Body|[of] p2a: Dragapult\n|-unboost|p2b: Cofagrigus|atk|1\n|move|p2a: Dragapult|Dragon Darts|p1b: Incineroar\n|-damage|p1b: Incineroar|76/100\n|-anim|p2a: Dragapult|Dragon Darts|p1a: Farigiraf\n|-damage|p1a: Farigiraf|0 fnt\n|faint|p1a: Farigiraf\n|move|p2b: Cofagrigus|Body Press|p1b: Incineroar\n|-supereffective|p1b: Incineroar|1\n|-damage|p1b: Incineroar|21/100\n|\n|-weather|SunnyDay|[upkeep]\n|upkeep\n|\n|t:|1776298231\n|switch|p1a: Gengar|Gengar, L50, F|100/100\n|turn|5\n|\n|t:|1776298244\n|detailschange|p1a: Gengar|Gengar-Mega, L50, F\n|-mega|p1a: Gengar|Gengar|Gengarite\n|move|p2a: Dragapult|Phantom Force||[still]\n|-prepare|p2a: Dragapult|Phantom Force\n|move|p1a: Gengar|Shadow Ball|p2a: Dragapult|[miss]\n|-miss|p1a: Gengar|p2a: Dragapult\n|move|p1b: Incineroar|Darkest Lariat|p2b: Cofagrigus\n|-supereffective|p2b: Cofagrigus|1\n|-crit|p2b: Cofagrigus\n|-enditem|p2b: Cofagrigus|Colbur Berry|[eat]\n|-enditem|p2b: Cofagrigus|Colbur Berry|[weaken]\n|-damage|p2b: Cofagrigus|0 fnt\n|-activate|p2b: Cofagrigus|ability: Mummy|p1b: Incineroar|[ability] Intimidate\n|faint|p2b: Cofagrigus\n|\n|-weather|none\n|upkeep\n|\n|t:|1776298254\n|switch|p2b: Camerupt|Camerupt, L50, F|100/100\n|turn|6\n|inactive|Jedi0160 has 30 seconds left.\n|\n|t:|1776298281\n|detailschange|p2b: Camerupt|Camerupt-Mega, L50, F\n|-mega|p2b: Camerupt|Camerupt|Cameruptite\n|move|p2a: Dragapult|Phantom Force|p1a: Gengar|[from] lockedmove\n|-supereffective|p1a: Gengar|1\n|-damage|p1a: Gengar|0 fnt\n|faint|p1a: Gengar\n|move|p1b: Incineroar|Darkest Lariat|p2a: Dragapult\n|-supereffective|p2a: Dragapult|1\n|-enditem|p2a: Dragapult|Focus Sash\n|-damage|p2a: Dragapult|1/100\n|move|p2b: Camerupt|High Horsepower|p1b: Incineroar\n|-supereffective|p1b: Incineroar|1\n|-crit|p1b: Incineroar\n|-damage|p1b: Incineroar|0 fnt\n|-activate|p1b: Incineroar|ability: Mummy|p2b: Camerupt|[ability] Sheer Force\n|faint|p1b: Incineroar\n|\n|upkeep\n|\n|t:|1776298291\n|switch|p1b: Garchomp|Garchomp, L50, F|51/100\n|turn|7\n|\n|t:|1776298306\n|move|p2a: Dragapult|Dragon Darts|p1b: Garchomp\n|-supereffective|p1b: Garchomp|1\n|-damage|p1b: Garchomp|4/100\n|-anim|p2a: Dragapult|Dragon Darts|p1b: Garchomp\n|-supereffective|p1b: Garchomp|1\n|-damage|p1b: Garchomp|0 fnt\n|faint|p1b: Garchomp\n|\n|win|rgeee\n|raw|Jedi0160's rating: 1197 &rarr; <strong>1174</strong><br />(-23 for losing)\n|raw|rgeee's rating: 1228 &rarr; <strong>1251</strong><br />(+23 for winning)\n",
  "uploadtime": 1776298310,
  "views": 20,
  "formatid": "gen9championsvgc2026regma",
  "rating": 1174,
  "private": 0,
  "password": null
}