{
  "id": "gen9championsvgc2026regma-2582370804",
  "format": "[Gen 9 Champions] VGC 2026 Reg M-A",
  "players": [
    "thomprox",
    "ZeroPops"
  ],
  "log": "|j|\u2606thomprox\n|j|\u2606ZeroPops\n|t:|1776087104\n|gametype|doubles\n|player|p1|thomprox|101|1154\n|player|p2|ZeroPops|102|1078\n|gen|9\n|tier|[Gen 9 Champions] VGC 2026 Reg M-A\n|rated|\n|rule|Species Clause: Limit one of each Pok\u00e9mon\n|rule|Item Clause: Limit 1 of each item\n|clearpoke\n|poke|p1|Glimmora, L50, M|\n|poke|p1|Weavile, L50, M|\n|poke|p1|Kommo-o, L50, F|\n|poke|p1|Sinistcha, L50|\n|poke|p1|Rotom-Wash, L50|\n|poke|p1|Corviknight, L50, F|\n|poke|p2|Floette-Eternal, L50, F|\n|poke|p2|Incineroar, L50, F|\n|poke|p2|Sneasler, L50, F|\n|poke|p2|Garchomp, L50, F|\n|poke|p2|Basculegion, L50, M|\n|poke|p2|Sinistcha, L50|\n|teampreview|4\n|\n|t:|1776087153\n|teamsize|p1|4\n|teamsize|p2|4\n|start\n|switch|p1a: Weavile|Weavile, L50, M|100/100\n|switch|p1b: Corviknight|Corviknight, L50, F|100/100\n|switch|p2a: Basculegion|Basculegion, L50, M|100/100\n|switch|p2b: Sneasler|Sneasler, L50, F|100/100\n|-ability|p1a: Weavile|Pressure\n|turn|1\n|\n|t:|1776087175\n|move|p1a: Weavile|Fake Out|p2b: Sneasler\n|-damage|p2b: Sneasler|76/100\n|cant|p2b: Sneasler|flinch\n|move|p2a: Basculegion|Flip Turn|p1a: Weavile\n|-damage|p1a: Weavile|39/100\n|\n|t:|1776087182\n|switch|p2a: Floette|Floette-Eternal, L50, F|100/100|[from] Flip Turn\n|move|p1b: Corviknight|Bulk Up|p1b: Corviknight\n|-boost|p1b: Corviknight|atk|1\n|-boost|p1b: Corviknight|def|1\n|\n|upkeep\n|turn|2\n|inactive|Battle timer is ON: inactive players will automatically lose when time's up. (requested by thomprox)\n|\n|t:|1776087203\n|detailschange|p2a: Floette|Floette-Mega, L50, F\n|-mega|p2a: Floette|Floette|Floettite\n|-ability|p2a: Floette|Fairy Aura\n|move|p2b: Sneasler|Protect|p2b: Sneasler\n|-singleturn|p2b: Sneasler|Protect\n|move|p1a: Weavile|Feint|p2a: Floette\n|-damage|p2a: Floette|86/100\n|move|p2a: Floette|Dazzling Gleam|p1a: Weavile|[spread] p1a,p1b\n|-supereffective|p1a: Weavile|1\n|-resisted|p1b: Corviknight|1\n|-damage|p1a: Weavile|0 fnt\n|-damage|p1b: Corviknight|82/100\n|faint|p1a: Weavile\n|move|p1b: Corviknight|Iron Head|p2a: Floette\n|-supereffective|p2a: Floette|1\n|-damage|p2a: Floette|0 fnt\n|faint|p2a: Floette\n|\n|upkeep\n|c|\u2606ZeroPops|oh wow\n|\n|t:|1776087224\n|switch|p1a: Sinistcha|Sinistcha, L50|100/100\n|switch|p2a: Sinistcha|Sinistcha, L50|100/100\n|-heal|p2b: Sneasler|100/100|[from] ability: Hospitality|[of] p2a: Sinistcha\n|-heal|p1b: Corviknight|100/100|[from] ability: Hospitality|[of] p1a: Sinistcha\n|turn|3\n|\n|t:|1776087244\n|switch|p2a: Basculegion|Basculegion, L50, M|100/100\n|move|p2b: Sneasler|Dire Claw|p1a: Sinistcha\n|-damage|p1a: Sinistcha|60/100\n|-status|p1a: Sinistcha|par\n|move|p1b: Corviknight|Bulk Up|p1b: Corviknight\n|-boost|p1b: Corviknight|atk|1\n|-boost|p1b: Corviknight|def|1\n|move|p1a: Sinistcha|Strength Sap|p2b: Sneasler\n|-unboost|p2b: Sneasler|atk|1\n|-heal|p1a: Sinistcha|100/100 par\n|-enditem|p2b: Sneasler|White Herb\n|-clearnegativeboost|p2b: Sneasler|[silent]\n|\n|upkeep\n|turn|4\n|\n|t:|1776087262\n|move|p2b: Sneasler|Dire Claw|p1a: Sinistcha\n|-damage|p1a: Sinistcha|62/100 par\n|move|p2a: Basculegion|Last Respects|p1a: Sinistcha\n|-supereffective|p1a: Sinistcha|1\n|-damage|p1a: Sinistcha|0 fnt\n|faint|p1a: Sinistcha\n|move|p1b: Corviknight|Dual Wingbeat|p2b: Sneasler\n|-supereffective|p2b: Sneasler|1\n|-damage|p2b: Sneasler|4/100\n|-supereffective|p2b: Sneasler|1\n|-damage|p2b: Sneasler|0 fnt\n|faint|p2b: Sneasler\n|-hitcount|p2: Sneasler|2\n|\n|upkeep\n|\n|t:|1776087274\n|switch|p2b: Sinistcha|Sinistcha, L50|100/100\n|switch|p1a: Glimmora|Glimmora, L50, M|100/100\n|turn|5\n|\n|t:|1776087289\n|detailschange|p1a: Glimmora|Glimmora-Mega, L50, M\n|-mega|p1a: Glimmora|Glimmora|Glimmoranite\n|move|p1a: Glimmora|Protect|p1a: Glimmora\n|-singleturn|p1a: Glimmora|Protect\n|move|p2b: Sinistcha|Rage Powder|p2b: Sinistcha\n|-singleturn|p2b: Sinistcha|move: Rage Powder\n|move|p2a: Basculegion|Last Respects|p1b: Corviknight\n|-damage|p1b: Corviknight|57/100\n|move|p1b: Corviknight|Dual Wingbeat|p2b: Sinistcha|[miss]\n|-miss|p1b: Corviknight|p2b: Sinistcha\n|\n|upkeep\n|turn|6\n|inactive|ZeroPops has 30 seconds left.\n|\n|t:|1776087317\n|move|p2a: Basculegion|Last Respects|p1a: Glimmora\n|-damage|p1a: Glimmora|3/100\n|move|p1a: Glimmora|Sludge Wave|p2b: Sinistcha|[spread] p2a,p2b\n|-immune|p1b: Corviknight\n|-resisted|p2a: Basculegion|1\n|-damage|p2a: Basculegion|70/100\n|-damage|p2b: Sinistcha|35/100\n|-enditem|p2b: Sinistcha|Sitrus Berry|[eat]\n|-heal|p2b: Sinistcha|60/100|[from] item: Sitrus Berry\n|move|p2b: Sinistcha|Matcha Gotcha|p1a: Glimmora|[spread] \n|-miss|p2b: Sinistcha|p1a: Glimmora\n|-miss|p2b: Sinistcha|p1b: Corviknight\n|move|p1b: Corviknight|Dual Wingbeat|p2b: Sinistcha\n|-supereffective|p2b: Sinistcha|1\n|-damage|p2b: Sinistcha|23/100\n|-supereffective|p2b: Sinistcha|1\n|-damage|p2b: Sinistcha|0 fnt\n|faint|p2b: Sinistcha\n|-hitcount|p2: Sinistcha|2\n|\n|upkeep\n|turn|7\n|inactive|thomprox has 30 seconds left.\n|\n|t:|1776087345\n|move|p2a: Basculegion|Last Respects|p1b: Corviknight\n|-damage|p1b: Corviknight|6/100\n|move|p1a: Glimmora|Power Gem|p2a: Basculegion\n|-damage|p2a: Basculegion|2/100\n|move|p1b: Corviknight|Dual Wingbeat|p2a: Basculegion\n|-damage|p2a: Basculegion|0 fnt\n|faint|p2a: Basculegion\n|-hitcount|p2: Basculegion|1\n|\n|win|thomprox\n|raw|thomprox's rating: 1154 &rarr; <strong>1174</strong><br />(+20 for winning)\n|raw|ZeroPops's rating: 1078 &rarr; <strong>1061</strong><br />(-17 for losing)\n",
  "uploadtime": 1776087351,
  "views": 12,
  "formatid": "gen9championsvgc2026regma",
  "rating": 1061,
  "private": 0,
  "password": null
}