{
  "id": "gen9championsvgc2026regma-2588733935",
  "format": "[Gen 9 Champions] VGC 2026 Reg M-A",
  "players": [
    "ALan0003",
    "Cindy HK"
  ],
  "log": "|j|\u2606ALan0003\n|j|\u2606Cindy HK\n|t:|1776663587\n|gametype|doubles\n|player|p1|ALan0003|101|1098\n|player|p2|Cindy HK|169|1121\n|gen|9\n|tier|[Gen 9 Champions] VGC 2026 Reg M-A\n|rated|\n|rule|Species Clause: Limit one of each Pok\u00e9mon\n|rule|Item Clause: Limit 1 of each item\n|clearpoke\n|poke|p1|Floette-Eternal, L50, F|\n|poke|p1|Maushold-Four, L50|\n|poke|p1|Talonflame, L50, F|\n|poke|p1|Garchomp, L50, F|\n|poke|p1|Rotom-Wash, L50|\n|poke|p1|Aegislash, L50, M|\n|poke|p2|Excadrill, L50, M|\n|poke|p2|Tyranitar, L50, M|\n|poke|p2|Corviknight, L50, M|\n|poke|p2|Hydreigon, L50, F|\n|poke|p2|Rotom-Wash, L50|\n|poke|p2|Mimikyu, L50, F|\n|teampreview|4\n|\n|t:|1776663623\n|teamsize|p1|4\n|teamsize|p2|4\n|start\n|switch|p1a: Rotom|Rotom-Wash, L50|100/100\n|switch|p1b: Garchomp|Garchomp, L50, F|100/100\n|switch|p2a: Hydreigon|Hydreigon, L50, F|100/100\n|switch|p2b: Excadrill|Excadrill, L50, M|100/100\n|turn|1\n|\n|t:|1776663675\n|move|p1a: Rotom|Helping Hand|p1b: Garchomp\n|-singleturn|p1b: Garchomp|Helping Hand|[of] p1a: Rotom\n|move|p2b: Excadrill|Protect|p2b: Excadrill\n|-singleturn|p2b: Excadrill|Protect\n|move|p2a: Hydreigon|Snarl|p1a: Rotom|[spread] p1a,p1b\n|-damage|p1a: Rotom|77/100\n|-damage|p1b: Garchomp|74/100\n|-unboost|p1a: Rotom|spa|1\n|-unboost|p1b: Garchomp|spa|1\n|move|p1b: Garchomp|Earthquake|p2a: Hydreigon|[spread] \n|-activate|p2b: Excadrill|move: Protect\n|-immune|p1a: Rotom|[from] ability: Levitate\n|-immune|p2a: Hydreigon|[from] ability: Levitate\n|\n|upkeep\n|turn|2\n|\n|t:|1776663699\n|switch|p2b: Mimikyu|Mimikyu, L50, F|100/100\n|move|p1b: Garchomp|Protect|p1b: Garchomp\n|-singleturn|p1b: Garchomp|Protect\n|move|p2a: Hydreigon|Snarl|p1b: Garchomp|[spread] p1a\n|-activate|p1b: Garchomp|move: Protect\n|-damage|p1a: Rotom|52/100\n|-unboost|p1a: Rotom|spa|1\n|move|p1a: Rotom|Hydro Pump|p2b: Mimikyu|[miss]\n|-miss|p1a: Rotom|p2b: Mimikyu\n|\n|upkeep\n|turn|3\n|\n|t:|1776663726\n|switch|p1b: Maushold|Maushold-Four, L50|100/100\n|switch|p1a: Floette|Floette-Eternal, L50, F|100/100\n|move|p2a: Hydreigon|Snarl|p1a: Floette|[spread] p1a,p1b\n|-resisted|p1a: Floette|1\n|-damage|p1a: Floette|94/100\n|-damage|p1b: Maushold|72/100\n|-unboost|p1a: Floette|spa|1\n|-unboost|p1b: Maushold|spa|1\n|move|p2b: Mimikyu|Play Rough|p1b: Maushold\n|-crit|p1b: Maushold\n|-damage|p1b: Maushold|0 fnt\n|faint|p1b: Maushold\n|\n|upkeep\n|\n|t:|1776663740\n|switch|p1b: Garchomp|Garchomp, L50, F|74/100\n|turn|4\n|inactive|Battle timer is ON: inactive players will automatically lose when time's up. (requested by Cindy HK)\n|\n|t:|1776663777\n|switch|p2a: Excadrill|Excadrill, L50, M|100/100\n|detailschange|p1a: Floette|Floette-Mega, L50, F\n|-mega|p1a: Floette|Floette|Floettite\n|-ability|p1a: Floette|Fairy Aura\n|move|p1b: Garchomp|Stomping Tantrum|p2b: Mimikyu\n|-activate|p2b: Mimikyu|ability: Disguise\n|-damage|p2b: Mimikyu|100/100\n|detailschange|p2b: Mimikyu|Mimikyu-Busted, L50, F\n|-damage|p2b: Mimikyu|88/100|[from] pokemon: Mimikyu-Busted\n|move|p2b: Mimikyu|Play Rough|p1b: Garchomp\n|-supereffective|p1b: Garchomp|1\n|-damage|p1b: Garchomp|0 fnt\n|-damage|p2b: Mimikyu|76/100|[from] ability: Rough Skin|[of] p1b: Garchomp\n|faint|p1b: Garchomp\n|move|p1a: Floette|Calm Mind|p1a: Floette\n|-boost|p1a: Floette|spa|1\n|-boost|p1a: Floette|spd|1\n|\n|upkeep\n|\n|t:|1776663794\n|switch|p1b: Rotom|Rotom-Wash, L50|52/100\n|turn|5\n|\n|t:|1776663806\n|move|p1b: Rotom|Helping Hand|p1a: Floette\n|-singleturn|p1a: Floette|Helping Hand|[of] p1b: Rotom\n|move|p2a: Excadrill|Protect|p2a: Excadrill\n|-singleturn|p2a: Excadrill|Protect\n|move|p2b: Mimikyu|Play Rough|p1b: Rotom\n|-damage|p1b: Rotom|0 fnt\n|faint|p1b: Rotom\n|move|p1a: Floette|Dazzling Gleam|p2b: Mimikyu|[spread] p2b\n|-activate|p2a: Excadrill|move: Protect\n|-damage|p2b: Mimikyu|0 fnt\n|faint|p2b: Mimikyu\n|\n|upkeep\n|\n|t:|1776663829\n|switch|p2b: Tyranitar|Tyranitar, L50, M|100/100\n|-weather|Sandstorm|[from] ability: Sand Stream|[of] p2b: Tyranitar\n|turn|6\n|\n|t:|1776663835\n|detailschange|p2b: Tyranitar|Tyranitar-Mega, L50, M\n|-mega|p2b: Tyranitar|Tyranitar|Tyranitarite\n|move|p2a: Excadrill|Iron Head|p1a: Floette\n|-supereffective|p1a: Floette|1\n|-damage|p1a: Floette|0 fnt\n|faint|p1a: Floette\n|\n|win|Cindy HK\n|raw|ALan0003's rating: 1098 &rarr; <strong>1075</strong><br />(-23 for losing)\n|raw|Cindy HK's rating: 1121 &rarr; <strong>1144</strong><br />(+23 for winning)\n|l|\u2606ALan0003\n|player|p1|\n|l|\u2606Cindy HK\n|player|p2|\n|j|\u2606Cindy HK\n|player|p2|Cindy HK|169|\n",
  "uploadtime": 1776663989,
  "views": 18,
  "formatid": "gen9championsvgc2026regma",
  "rating": 1075,
  "private": 0,
  "password": null
}