{
  "id": "gen9championsvgc2026regma-2581108318",
  "format": "[Gen 9 Champions] VGC 2026 Reg M-A",
  "players": [
    "shadowluffy2002",
    "TuffMangos67"
  ],
  "log": "|j|\u2606shadowluffy2002\n|j|\u2606TuffMangos67\n|t:|1775960636\n|gametype|doubles\n|player|p1|shadowluffy2002|101|1299\n|player|p2|TuffMangos67|1|1284\n|gen|9\n|tier|[Gen 9 Champions] VGC 2026 Reg M-A\n|rated|\n|rule|Species Clause: Limit one of each Pok\u00e9mon\n|rule|Item Clause: Limit 1 of each item\n|clearpoke\n|poke|p1|Basculegion, L50, M|\n|poke|p1|Archaludon, L50, F|\n|poke|p1|Pelipper, L50, M|\n|poke|p1|Floette-Eternal, L50, F|\n|poke|p1|Farigiraf, L50, F|\n|poke|p1|Incineroar, L50, F|\n|poke|p2|Blastoise, L50, M|\n|poke|p2|Pelipper, L50, F|\n|poke|p2|Sinistcha, L50|\n|poke|p2|Sneasler, L50, M|\n|poke|p2|Garchomp, L50, F|\n|poke|p2|Kingambit, L50, M|\n|teampreview|4\n|inactive|Battle timer is ON: inactive players will automatically lose when time's up. (requested by TuffMangos67)\n|inactive|shadowluffy2002 has 60 seconds left.\n|\n|t:|1775960675\n|teamsize|p1|4\n|teamsize|p2|4\n|start\n|switch|p1a: Incineroar|Incineroar, L50, F|100/100\n|switch|p1b: Floette|Floette-Eternal, L50, F|100/100\n|switch|p2a: Sneasler|Sneasler, L50, M|100/100\n|switch|p2b: Blastoise|Blastoise, L50, M|100/100\n|-ability|p1a: Incineroar|Intimidate|boost\n|-unboost|p2a: Sneasler|atk|1\n|-unboost|p2b: Blastoise|atk|1\n|turn|1\n|\n|t:|1775960695\n|switch|p1a: Basculegion|Basculegion, L50, M|100/100\n|detailschange|p2b: Blastoise|Blastoise-Mega, L50, M\n|-mega|p2b: Blastoise|Blastoise|Blastoisinite\n|move|p1b: Floette|Protect|p1b: Floette\n|-singleturn|p1b: Floette|Protect\n|move|p2a: Sneasler|Dire Claw|p1b: Floette\n|-activate|p1b: Floette|move: Protect\n|move|p2b: Blastoise|Water Spout|p1a: Basculegion|[spread] p1a\n|-activate|p1b: Floette|move: Protect\n|-resisted|p1a: Basculegion|1\n|-damage|p1a: Basculegion|65/100\n|\n|upkeep\n|turn|2\n|inactive|shadowluffy2002 has 30 seconds left.\n|inactive|shadowluffy2002 has 20 seconds left.\n|inactive|shadowluffy2002 has 15 seconds left.\n|inactive|shadowluffy2002 has 10 seconds left.\n|\n|t:|1775960744\n|detailschange|p1b: Floette|Floette-Mega, L50, F\n|-mega|p1b: Floette|Floette|Floettite\n|-ability|p1b: Floette|Fairy Aura\n|move|p1a: Basculegion|Wave Crash|p2b: Blastoise\n|-resisted|p2b: Blastoise|1\n|-damage|p2b: Blastoise|62/100\n|-damage|p1a: Basculegion|54/100|[from] Recoil\n|move|p2a: Sneasler|Dire Claw|p1b: Floette\n|-supereffective|p1b: Floette|1\n|-damage|p1b: Floette|24/100\n|-status|p1b: Floette|psn|[from] ability: Poison Touch|[of] p2a: Sneasler\n|move|p1b: Floette|Moonblast|p2b: Blastoise\n|-damage|p2b: Blastoise|0 fnt\n|faint|p2b: Blastoise\n|\n|-damage|p1b: Floette|12/100 psn|[from] psn\n|upkeep\n|\n|t:|1775960756\n|switch|p2b: Pelipper|Pelipper, L50, F|100/100\n|-weather|RainDance|[from] ability: Drizzle|[of] p2b: Pelipper\n|turn|3\n|\n|t:|1775960773\n|switch|p1b: Incineroar|Incineroar, L50, F|100/100\n|-ability|p1b: Incineroar|Intimidate|boost\n|-unboost|p2a: Sneasler|atk|1\n|-unboost|p2b: Pelipper|atk|1\n|move|p1a: Basculegion|Wave Crash|p2a: Sneasler\n|-enditem|p2a: Sneasler|Focus Sash\n|-damage|p2a: Sneasler|1/100\n|-damage|p1a: Basculegion|28/100|[from] Recoil\n|move|p2b: Pelipper|Hurricane|p1a: Basculegion\n|-damage|p1a: Basculegion|0 fnt\n|faint|p1a: Basculegion\n|move|p2a: Sneasler|Dire Claw|p1b: Incineroar\n|-damage|p1b: Incineroar|81/100\n|-status|p1b: Incineroar|par\n|-enditem|p1b: Incineroar|Lum Berry|[eat]\n|-curestatus|p1b: Incineroar|par|[msg]\n|-status|p1b: Incineroar|psn|[from] ability: Poison Touch|[of] p2a: Sneasler\n|\n|-weather|RainDance|[upkeep]\n|-damage|p1b: Incineroar|69/100 psn|[from] psn\n|upkeep\n|\n|t:|1775960788\n|switch|p1a: Pelipper|Pelipper, L50, M|100/100\n|turn|4\n|\n|t:|1775960798\n|move|p2a: Sneasler|Protect|p2a: Sneasler\n|-singleturn|p2a: Sneasler|Protect\n|move|p1b: Incineroar|Fake Out|p2b: Pelipper\n|-damage|p2b: Pelipper|87/100\n|cant|p2b: Pelipper|flinch\n|move|p1a: Pelipper|Tailwind|p1a: Pelipper\n|-sidestart|p1: shadowluffy2002|move: Tailwind\n|\n|-weather|RainDance|[upkeep]\n|-damage|p1b: Incineroar|56/100 psn|[from] psn\n|upkeep\n|turn|5\n|inactive|shadowluffy2002 has 30 seconds left.\n|\n|t:|1775960828\n|switch|p2a: Kingambit|Kingambit, L50, M|100/100\n|move|p1a: Pelipper|Hurricane|p2b: Pelipper\n|-damage|p2b: Pelipper|12/100\n|move|p2b: Pelipper|Hurricane|p1a: Pelipper\n|-damage|p1a: Pelipper|13/100\n|-start|p1a: Pelipper|confusion\n|move|p1b: Incineroar|Flare Blitz|p2a: Kingambit\n|-supereffective|p2a: Kingambit|1\n|-damage|p2a: Kingambit|69/100\n|-damage|p1b: Incineroar|45/100 psn|[from] Recoil\n|\n|-weather|RainDance|[upkeep]\n|-damage|p1b: Incineroar|33/100 psn|[from] psn\n|upkeep\n|turn|6\n|inactive|shadowluffy2002 has 30 seconds left.\n|inactive|shadowluffy2002 has 20 seconds left.\n|inactive|shadowluffy2002 has 15 seconds left.\n|inactive|shadowluffy2002 has 10 seconds left.\n|\n|t:|1775960873\n|move|p2a: Kingambit|Sucker Punch|p1a: Pelipper\n|-damage|p1a: Pelipper|0 fnt\n|faint|p1a: Pelipper\n|move|p2b: Pelipper|Hurricane|p1b: Incineroar\n|-damage|p1b: Incineroar|0 fnt\n|faint|p1b: Incineroar\n|\n|-weather|RainDance|[upkeep]\n|upkeep\n|\n|t:|1775960883\n|switch|p1b: Floette|Floette-Mega, L50, F|12/100 psn\n|-ability|p1b: Floette|Fairy Aura\n|turn|7\n|\n|t:|1775960892\n|move|p2a: Kingambit|Sucker Punch|p1b: Floette\n|-resisted|p1b: Floette|1\n|-damage|p1b: Floette|0 fnt\n|faint|p1b: Floette\n|\n|win|TuffMangos67\n|raw|shadowluffy2002's rating: 1299 &rarr; <strong>1273</strong><br />(-26 for losing)\n|raw|TuffMangos67's rating: 1284 &rarr; <strong>1310</strong><br />(+26 for winning)\n",
  "uploadtime": 1775960900,
  "views": 23,
  "formatid": "gen9championsvgc2026regma",
  "rating": 1273,
  "private": 0,
  "password": null
}