{
  "id": "gen9championsvgc2026regma-2584070561",
  "format": "[Gen 9 Champions] VGC 2026 Reg M-A",
  "players": [
    "thealex610",
    "Cosmitx"
  ],
  "log": "|j|\u2606thealex610\n|j|\u2606Cosmitx\n|t:|1776222143\n|gametype|doubles\n|player|p1|thealex610|265|1190\n|player|p2|Cosmitx|blue|1128\n|gen|9\n|tier|[Gen 9 Champions] VGC 2026 Reg M-A\n|rated|\n|rule|Species Clause: Limit one of each Pok\u00e9mon\n|rule|Item Clause: Limit 1 of each item\n|clearpoke\n|poke|p1|Sneasler, L50, M|\n|poke|p1|Talonflame, L50, F|\n|poke|p1|Milotic, L50, F|\n|poke|p1|Aegislash, L50, F|\n|poke|p1|Scizor, L50, F|\n|poke|p1|Tyranitar, L50, F|\n|poke|p2|Incineroar, L50, F|\n|poke|p2|Whimsicott, L50, M|\n|poke|p2|Rotom-Wash, L50|\n|poke|p2|Gallade, L50, M|\n|poke|p2|Pelipper, L50, M|\n|poke|p2|Manectric, L50, M|\n|teampreview|4\n|inactive|Battle timer is ON: inactive players will automatically lose when time's up. (requested by thealex610)\n|inactive|thealex610 has 60 seconds left.\n|inactive|Cosmitx has 60 seconds left.\n|\n|t:|1776222199\n|teamsize|p1|4\n|teamsize|p2|4\n|start\n|switch|p1a: Milotic|Milotic, L50, F|100/100\n|switch|p1b: Talonflame|Talonflame, L50, F|100/100\n|switch|p2a: Manectric|Manectric, L50, M, shiny|100/100\n|switch|p2b: Whimsicott|Whimsicott, L50, M, shiny|100/100\n|turn|1\n|inactive|thealex610 has 30 seconds left.\n|inactive|Cosmitx has 30 seconds left.\n|\n|t:|1776222233\n|move|p1a: Milotic|Protect|p1a: Milotic\n|-singleturn|p1a: Milotic|Protect\n|move|p1b: Talonflame|Brave Bird|p2b: Whimsicott\n|-supereffective|p2b: Whimsicott|1\n|-enditem|p2b: Whimsicott|Focus Sash\n|-damage|p2b: Whimsicott|1/100\n|-damage|p1b: Talonflame|73/100|[from] Recoil\n|move|p2b: Whimsicott|Tailwind|p2b: Whimsicott\n|-sidestart|p2: Cosmitx|move: Tailwind\n|move|p2a: Manectric|Thunderbolt|p1a: Milotic\n|-activate|p1a: Milotic|move: Protect\n|\n|upkeep\n|turn|2\n|inactive|thealex610 has 30 seconds left.\n|inactive|Cosmitx has 30 seconds left.\n|\n|t:|1776222265\n|switch|p1a: Tyranitar|Tyranitar, L50, F|100/100\n|-weather|Sandstorm|[from] ability: Sand Stream|[of] p1a: Tyranitar\n|move|p2b: Whimsicott|Protect|p2b: Whimsicott\n|-singleturn|p2b: Whimsicott|Protect\n|move|p1b: Talonflame|Protect|p1b: Talonflame\n|-singleturn|p1b: Talonflame|Protect\n|move|p2a: Manectric|Volt Switch|p1b: Talonflame\n|-activate|p1b: Talonflame|move: Protect\n|\n|-weather|Sandstorm|[upkeep]\n|-damage|p2b: Whimsicott|0 fnt|[from] Sandstorm\n|-damage|p2a: Manectric|94/100|[from] Sandstorm\n|-damage|p1b: Talonflame|67/100|[from] Sandstorm\n|faint|p2b: Whimsicott\n|upkeep\n|\n|t:|1776222274\n|switch|p2b: Pelipper|Pelipper, L50, M|100/100\n|-weather|RainDance|[from] ability: Drizzle|[of] p2b: Pelipper\n|turn|3\n|\n|t:|1776222297\n|switch|p1b: Sneasler|Sneasler, L50, M|100/100\n|detailschange|p2a: Manectric|Manectric-Mega, L50, M, shiny\n|-mega|p2a: Manectric|Manectric|Manectite\n|-ability|p2a: Manectric|Intimidate|boost\n|-unboost|p1a: Tyranitar|atk|1\n|-unboost|p1b: Sneasler|atk|1\n|-enditem|p1b: Sneasler|White Herb\n|-clearnegativeboost|p1b: Sneasler|[silent]\n|detailschange|p1a: Tyranitar|Tyranitar-Mega, L50, F\n|-mega|p1a: Tyranitar|Tyranitar|Tyranitarite\n|-weather|Sandstorm|[from] ability: Sand Stream|[of] p1a: Tyranitar\n|move|p2a: Manectric|Thunderbolt|p1b: Sneasler\n|-damage|p1b: Sneasler|36/100\n|move|p2b: Pelipper|Weather Ball|p1b: Sneasler\n|-resisted|p1b: Sneasler|1\n|-damage|p1b: Sneasler|17/100\n|move|p1a: Tyranitar|Rock Slide|p2a: Manectric|[spread] p2a,p2b\n|-supereffective|p2b: Pelipper|1\n|-damage|p2a: Manectric|55/100\n|-damage|p2b: Pelipper|38/100\n|\n|-weather|Sandstorm|[upkeep]\n|-damage|p2a: Manectric|49/100|[from] Sandstorm\n|-damage|p1b: Sneasler|11/100|[from] Sandstorm\n|-damage|p2b: Pelipper|32/100|[from] Sandstorm\n|upkeep\n|turn|4\n|inactive|thealex610 has 30 seconds left.\n|inactive|Cosmitx has 30 seconds left.\n|\n|t:|1776222330\n|switch|p2b: Gallade|Gallade, L50, M, shiny|100/100\n|move|p1a: Tyranitar|Protect|p1a: Tyranitar\n|-singleturn|p1a: Tyranitar|Protect\n|move|p1b: Sneasler|Fake Out|p2a: Manectric\n|-damage|p2a: Manectric|25/100\n|cant|p2a: Manectric|flinch\n|\n|-weather|Sandstorm|[upkeep]\n|-damage|p2a: Manectric|18/100|[from] Sandstorm\n|-damage|p2b: Gallade|95/100|[from] Sandstorm\n|-damage|p1b: Sneasler|5/100|[from] Sandstorm\n|-sideend|p2: Cosmitx|move: Tailwind\n|upkeep\n|turn|5\n|inactive|thealex610 has 30 seconds left.\n|inactive|Cosmitx has 30 seconds left.\n|\n|t:|1776222366\n|switch|p1b: Milotic|Milotic, L50, F|100/100\n|switch|p2a: Pelipper|Pelipper, L50, M|32/100\n|-weather|RainDance|[from] ability: Drizzle|[of] p2a: Pelipper\n|move|p2b: Gallade|Sacred Sword|p1a: Tyranitar\n|-supereffective|p1a: Tyranitar|2\n|-damage|p1a: Tyranitar|0 fnt\n|faint|p1a: Tyranitar\n|\n|-weather|RainDance|[upkeep]\n|upkeep\n|\n|t:|1776222378\n|switch|p1a: Sneasler|Sneasler, L50, M|5/100\n|turn|6\n|\n|t:|1776222389\n|switch|p2b: Manectric|Manectric-Mega, L50, M, shiny|18/100\n|-ability|p2b: Manectric|Intimidate|boost\n|-unboost|p1a: Sneasler|atk|1\n|-unboost|p1b: Milotic|atk|1\n|-ability|p1b: Milotic|Competitive|boost\n|-boost|p1b: Milotic|spa|2\n|move|p1a: Sneasler|Fake Out|p2b: Manectric\n|-damage|p2b: Manectric|3/100\n|move|p1b: Milotic|Icy Wind|p2a: Pelipper|[spread] p2a,p2b\n|-damage|p2a: Pelipper|0 fnt\n|-damage|p2b: Manectric|0 fnt\n|faint|p2a: Pelipper\n|faint|p2b: Manectric\n|\n|-weather|RainDance|[upkeep]\n|upkeep\n|\n|t:|1776222397\n|switch|p2b: Gallade|Gallade, L50, M, shiny|95/100\n|turn|7\n|\n|t:|1776222419\n|switch|p1a: Talonflame|Talonflame, L50, F|67/100\n|move|p2b: Gallade|Psycho Cut|p1a: Talonflame\n|-crit|p1a: Talonflame\n|-damage|p1a: Talonflame|0 fnt\n|faint|p1a: Talonflame\n|move|p1b: Milotic|Scald|p2b: Gallade\n|-damage|p2b: Gallade|0 fnt\n|faint|p2b: Gallade\n|\n|win|thealex610\n|raw|thealex610's rating: 1190 &rarr; <strong>1211</strong><br />(+21 for winning)\n|raw|Cosmitx's rating: 1128 &rarr; <strong>1107</strong><br />(-21 for losing)\n|l|\u2606Cosmitx\n|player|p2|\n",
  "uploadtime": 1776222434,
  "views": 22,
  "formatid": "gen9championsvgc2026regma",
  "rating": 1107,
  "private": 0,
  "password": null
}