{
  "id": "gen9championsvgc2026regma-2582360429",
  "format": "[Gen 9 Champions] VGC 2026 Reg M-A",
  "players": [
    "Hoppy11",
    "awwgdgj"
  ],
  "log": "|j|\u2606Hoppy11\n|j|\u2606awwgdgj\n|t:|1776086330\n|gametype|doubles\n|player|p1|Hoppy11|101|1159\n|player|p2|awwgdgj|wattson|1133\n|gen|9\n|tier|[Gen 9 Champions] VGC 2026 Reg M-A\n|rated|\n|rule|Species Clause: Limit one of each Pok\u00e9mon\n|rule|Item Clause: Limit 1 of each item\n|clearpoke\n|poke|p1|Incineroar, L50, M|\n|poke|p1|Farigiraf, L50, M|\n|poke|p1|Sinistcha, L50|\n|poke|p1|Snorlax, L50, F|\n|poke|p1|Blastoise, L50, F|\n|poke|p1|Kingambit, L50, F|\n|poke|p2|Aerodactyl, L50, F|\n|poke|p2|Tyranitar, L50, M|\n|poke|p2|Excadrill, L50, M|\n|poke|p2|Clefable, L50, M|\n|poke|p2|Hydreigon, L50, F|\n|poke|p2|Decidueye-Hisui, L50, M|\n|teampreview|4\n|inactive|Battle timer is ON: inactive players will automatically lose when time's up. (requested by awwgdgj)\nawwgdgj has agreed to open team sheets.\n|inactive|awwgdgj has 60 seconds left.\n|\n|t:|1776086380\n|teamsize|p1|4\n|teamsize|p2|4\n|start\n|switch|p1a: Incineroar|Incineroar, L50, M|100/100\n|switch|p1b: Farigiraf|Farigiraf, L50, M|100/100\n|switch|p2a: Decidueye|Decidueye-Hisui, L50, M|100/100\n|switch|p2b: Hydreigon|Hydreigon, L50, F|100/100\n|-ability|p1a: Incineroar|Intimidate|boost\n|-fail|p2a: Decidueye|unboost|Attack|[from] ability: Scrappy|[of] p2a: Decidueye\n|-unboost|p2b: Hydreigon|atk|1\n|turn|1\n|\n|t:|1776086400\n|move|p1a: Incineroar|Fake Out|p2b: Hydreigon\n|-damage|p2b: Hydreigon|89/100\n|cant|p2b: Hydreigon|flinch\n|move|p2a: Decidueye|Close Combat|p1a: Incineroar\n|-supereffective|p1a: Incineroar|1\n|-damage|p1a: Incineroar|0 fnt\n|-unboost|p2a: Decidueye|def|1\n|-unboost|p2a: Decidueye|spd|1\n|faint|p1a: Incineroar\n|move|p1b: Farigiraf|Trick Room|p1b: Farigiraf\n|-fieldstart|move: Trick Room|[of] p1b: Farigiraf\n|\n|upkeep\n|\n|t:|1776086412\n|switch|p1a: Blastoise|Blastoise, L50, F|100/100\n|turn|2\n|\n|t:|1776086425\n|detailschange|p1a: Blastoise|Blastoise-Mega, L50, F\n|-mega|p1a: Blastoise|Blastoise|Blastoisinite\n|move|p2a: Decidueye|Protect|p2a: Decidueye\n|-singleturn|p2a: Decidueye|Protect\n|move|p1b: Farigiraf|Hyper Voice|p2b: Hydreigon|[spread] p2b\n|-activate|p2a: Decidueye|move: Protect\n|-damage|p2b: Hydreigon|55/100\n|move|p1a: Blastoise|Ice Beam|p2a: Decidueye\n|-activate|p2a: Decidueye|move: Protect\n|move|p2b: Hydreigon|Dark Pulse|p1b: Farigiraf\n|-supereffective|p1b: Farigiraf|1\n|-enditem|p1b: Farigiraf|Colbur Berry|[eat]\n|-enditem|p1b: Farigiraf|Colbur Berry|[weaken]\n|-damage|p1b: Farigiraf|60/100\n|\n|upkeep\n|turn|3\n|\n|t:|1776086447\n|switch|p2a: Tyranitar|Tyranitar, L50, M|100/100\n|-weather|Sandstorm|[from] ability: Sand Stream|[of] p2a: Tyranitar\n|move|p1b: Farigiraf|Psychic|p2a: Tyranitar\n|-immune|p2a: Tyranitar\n|move|p1a: Blastoise|Ice Beam|p2b: Hydreigon\n|-supereffective|p2b: Hydreigon|1\n|-damage|p2b: Hydreigon|0 fnt\n|faint|p2b: Hydreigon\n|\n|-weather|Sandstorm|[upkeep]\n|-damage|p1b: Farigiraf|53/100|[from] Sandstorm\n|-damage|p1a: Blastoise|95/100|[from] Sandstorm\n|upkeep\n|\n|t:|1776086463\n|switch|p2b: Decidueye|Decidueye-Hisui, L50, M|100/100\n|turn|4\n|\n|t:|1776086481\n|detailschange|p2a: Tyranitar|Tyranitar-Mega, L50, M\n|-mega|p2a: Tyranitar|Tyranitar|Tyranitarite\n|move|p1b: Farigiraf|Psychic|p2b: Decidueye\n|-supereffective|p2b: Decidueye|1\n|-damage|p2b: Decidueye|17/100\n|move|p1a: Blastoise|Aura Sphere|p2a: Tyranitar\n|-supereffective|p2a: Tyranitar|2\n|-damage|p2a: Tyranitar|3/100\n|move|p2a: Tyranitar|Dragon Dance|p2a: Tyranitar\n|-boost|p2a: Tyranitar|atk|1\n|-boost|p2a: Tyranitar|spe|1\n|move|p2b: Decidueye|Leaf Blade|p1a: Blastoise\n|-supereffective|p1a: Blastoise|1\n|-damage|p1a: Blastoise|23/100\n|\n|-weather|Sandstorm|[upkeep]\n|-damage|p1b: Farigiraf|47/100|[from] Sandstorm\n|-damage|p1a: Blastoise|17/100|[from] Sandstorm\n|-damage|p2b: Decidueye|11/100|[from] Sandstorm\n|upkeep\n|turn|5\n|inactive|Hoppy11 has 30 seconds left.\n|\n|t:|1776086516\n|move|p2a: Tyranitar|Protect|p2a: Tyranitar\n|-singleturn|p2a: Tyranitar|Protect\n|move|p1b: Farigiraf|Hyper Voice|p2b: Decidueye|[spread] p2b\n|-activate|p2a: Tyranitar|move: Protect\n|-damage|p2b: Decidueye|0 fnt\n|faint|p2b: Decidueye\n|move|p1a: Blastoise|Aura Sphere|p2a: Tyranitar\n|-activate|p2a: Tyranitar|move: Protect\n|\n|-weather|Sandstorm|[upkeep]\n|-damage|p1b: Farigiraf|41/100|[from] Sandstorm\n|-damage|p1a: Blastoise|11/100|[from] Sandstorm\n|-fieldend|move: Trick Room\n|upkeep\n|\n|t:|1776086529\n|switch|p2b: Excadrill|Excadrill, L50, M|100/100\n|turn|6\n|\n|t:|1776086538\n|move|p2b: Excadrill|Iron Head|p1a: Blastoise\n|-resisted|p1a: Blastoise|1\n|-damage|p1a: Blastoise|0 fnt\n|faint|p1a: Blastoise\n|move|p2a: Tyranitar|Knock Off|p1b: Farigiraf\n|-supereffective|p1b: Farigiraf|1\n|-damage|p1b: Farigiraf|0 fnt\n|faint|p1b: Farigiraf\n|\n|-weather|Sandstorm|[upkeep]\n|upkeep\n|\n|t:|1776086544\n|switch|p1b: Snorlax|Snorlax, L50, F|100/100\n|turn|7\n|\n|t:|1776086553\n|move|p2b: Excadrill|Iron Head|p1b: Snorlax\n|-damage|p1b: Snorlax|55/100\n|move|p2a: Tyranitar|Knock Off|p1b: Snorlax\n|-damage|p1b: Snorlax|0 fnt\n|-enditem|p1b: Snorlax|Leftovers|[from] move: Knock Off|[of] p2a: Tyranitar\n|faint|p1b: Snorlax\n|\n|win|awwgdgj\n|raw|Hoppy11's rating: 1159 &rarr; <strong>1132</strong><br />(-27 for losing)\n|raw|awwgdgj's rating: 1133 &rarr; <strong>1160</strong><br />(+27 for winning)\n",
  "uploadtime": 1776086553,
  "views": 11,
  "formatid": "gen9championsvgc2026regma",
  "rating": 1132,
  "private": 0,
  "password": null
}