{
  "id": "gen9championsvgc2026regma-2584555845",
  "format": "[Gen 9 Champions] VGC 2026 Reg M-A",
  "players": [
    "Trigga1",
    "melon storme"
  ],
  "log": "|j|\u2606Trigga1\n|j|\u2606melon storme\n|t:|1776268504\n|gametype|doubles\n|player|p1|Trigga1|102|1151\n|player|p2|melon storme|kieran-festival|1116\n|gen|9\n|tier|[Gen 9 Champions] VGC 2026 Reg M-A\n|rated|\n|rule|Species Clause: Limit one of each Pok\u00e9mon\n|rule|Item Clause: Limit 1 of each item\n|clearpoke\n|poke|p1|Kangaskhan, L50, F|\n|poke|p1|Sneasler, L50, F|\n|poke|p1|Incineroar, L50, M|\n|poke|p1|Sinistcha, L50|\n|poke|p1|Milotic, L50, M|\n|poke|p1|Hydrapple, L50, F|\n|poke|p2|Floette-Eternal, L50, F|\n|poke|p2|Espathra, L50, M|\n|poke|p2|Sinistcha, L50|\n|poke|p2|Incineroar, L50, F|\n|poke|p2|Gallade, L50, M|\n|poke|p2|Palafin, L50, M|\n|teampreview|4\n|\n|t:|1776268533\n|teamsize|p1|4\n|teamsize|p2|4\n|start\n|switch|p1a: Kangaskhan|Kangaskhan, L50, F|100/100\n|switch|p1b: Sneasler|Sneasler, L50, F|100/100\n|switch|p2a: Floette|Floette-Eternal, L50, F|100/100\n|switch|p2b: Espathra|Espathra, L50, M|100/100\n|turn|1\n|\n|t:|1776268553\n|detailschange|p1a: Kangaskhan|Kangaskhan-Mega, L50, F\n|-mega|p1a: Kangaskhan|Kangaskhan|Kangaskhanite\n|move|p2b: Espathra|Protect|p2b: Espathra\n|-singleturn|p2b: Espathra|Protect\n|move|p2a: Floette|Protect|p2a: Floette\n|-singleturn|p2a: Floette|Protect\n|move|p1b: Sneasler|Coaching|p1a: Kangaskhan\n|-boost|p1a: Kangaskhan|atk|1\n|-boost|p1a: Kangaskhan|def|1\n|move|p1a: Kangaskhan|Crunch|p2b: Espathra\n|-activate|p2b: Espathra|move: Protect\n|\n|-ability|p2b: Espathra|Speed Boost|boost\n|-boost|p2b: Espathra|spe|1\n|upkeep\n|turn|2\n|\n|t:|1776268575\n|detailschange|p2a: Floette|Floette-Mega, L50, F\n|-mega|p2a: Floette|Floette|Floettite\n|-ability|p2a: Floette|Fairy Aura\n|move|p1a: Kangaskhan|Protect|p1a: Kangaskhan\n|-singleturn|p1a: Kangaskhan|Protect\n|move|p2b: Espathra|Skill Swap|p2a: Floette\n|-activate|p2b: Espathra|Skill Swap|||[of] p2a: Floette\n|-ability|p2b: Espathra|Fairy Aura\n|move|p1b: Sneasler|Dire Claw|p2a: Floette\n|-supereffective|p2a: Floette|1\n|-damage|p2a: Floette|2/100\n|move|p2a: Floette|Calm Mind|p2a: Floette\n|-boost|p2a: Floette|spa|1\n|-boost|p2a: Floette|spd|1\n|\n|-ability|p2a: Floette|Speed Boost|boost\n|-boost|p2a: Floette|spe|1\n|upkeep\n|turn|3\n|\n|t:|1776268606\n|move|p2a: Floette|Protect|p2a: Floette\n|-singleturn|p2a: Floette|Protect\n|move|p2b: Espathra|Dazzling Gleam|p1b: Sneasler|[spread] p1a,p1b\n|-damage|p1a: Kangaskhan|77/100\n|-damage|p1b: Sneasler|64/100\n|move|p1b: Sneasler|Dire Claw|p2a: Floette\n|-activate|p2a: Floette|move: Protect\n|move|p1a: Kangaskhan|Crunch|p2b: Espathra\n|-supereffective|p2b: Espathra|1\n|-enditem|p2b: Espathra|Focus Sash\n|-damage|p2b: Espathra|1/100\n|-supereffective|p2b: Espathra|1\n|-damage|p2b: Espathra|0 fnt\n|faint|p2b: Espathra\n|-hitcount|p2: Espathra|2\n|\n|-ability|p2a: Floette|Speed Boost|boost\n|-boost|p2a: Floette|spe|1\n|upkeep\n|\n|t:|1776268614\n|switch|p2b: Sinistcha|Sinistcha, L50|100/100\n|-heal|p2a: Floette|27/100|[from] ability: Hospitality|[of] p2b: Sinistcha\n|turn|4\n|\n|t:|1776268628\n|switch|p1b: Incineroar|Incineroar, L50, M|100/100\n|-ability|p1b: Incineroar|Intimidate|boost\n|-unboost|p2a: Floette|atk|1\n|-unboost|p2b: Sinistcha|atk|1\n|move|p2b: Sinistcha|Rage Powder|p2b: Sinistcha\n|-singleturn|p2b: Sinistcha|move: Rage Powder\n|move|p2a: Floette|Stored Power|p1b: Incineroar\n|-immune|p1b: Incineroar\n|move|p1a: Kangaskhan|Double-Edge|p2b: Sinistcha\n|-immune|p2b: Sinistcha\n|\n|-ability|p2a: Floette|Speed Boost|boost\n|-boost|p2a: Floette|spe|1\n|upkeep\n|turn|5\n|\n|t:|1776268646\n|move|p2a: Floette|Protect|p2a: Floette\n|-singleturn|p2a: Floette|Protect\n|move|p1b: Incineroar|Fake Out|p2a: Floette\n|-activate|p2a: Floette|move: Protect\n|move|p1a: Kangaskhan|Crunch|p2b: Sinistcha\n|-supereffective|p2b: Sinistcha|1\n|-damage|p2b: Sinistcha|36/100\n|-enditem|p2b: Sinistcha|Sitrus Berry|[eat]\n|-heal|p2b: Sinistcha|60/100|[from] item: Sitrus Berry\n|-supereffective|p2b: Sinistcha|1\n|-damage|p2b: Sinistcha|44/100\n|-unboost|p2b: Sinistcha|def|1\n|-hitcount|p2b: Sinistcha|2\n|move|p2b: Sinistcha|Life Dew|p2b: Sinistcha|[spread] p2a,p2b\n|-heal|p2a: Floette|52/100\n|-heal|p2b: Sinistcha|69/100\n|\n|-ability|p2a: Floette|Speed Boost|boost\n|-boost|p2a: Floette|spe|1\n|upkeep\n|turn|6\n|\n|t:|1776268671\n|move|p2b: Sinistcha|Rage Powder|p2b: Sinistcha\n|-singleturn|p2b: Sinistcha|move: Rage Powder\n|move|p2a: Floette|Calm Mind|p2a: Floette\n|-boost|p2a: Floette|spa|1\n|-boost|p2a: Floette|spd|1\n|move|p1a: Kangaskhan|Crunch|p2b: Sinistcha\n|-supereffective|p2b: Sinistcha|1\n|-damage|p2b: Sinistcha|0 fnt\n|faint|p2b: Sinistcha\n|-hitcount|p2: Sinistcha|1\n|move|p1b: Incineroar|Parting Shot|p2a: Floette\n|-unboost|p2a: Floette|atk|1\n|-unboost|p2a: Floette|spa|1\n|\n|t:|1776268680\n|switch|p1b: Sneasler|Sneasler, L50, F|64/100|[from] Parting Shot\n|\n|-ability|p2a: Floette|Speed Boost|boost\n|-boost|p2a: Floette|spe|1\n|upkeep\n|\n|t:|1776268683\n|switch|p2b: Palafin|Palafin, L50, M|100/100\n|turn|7\n|\n|t:|1776268709\n|switch|p1b: Incineroar|Incineroar, L50, M|100/100\n|-ability|p1b: Incineroar|Intimidate|boost\n|-unboost|p2a: Floette|atk|1\n|-unboost|p2b: Palafin|atk|1\n|move|p2a: Floette|Protect|p2a: Floette\n|-singleturn|p2a: Floette|Protect\n|move|p2b: Palafin|Drain Punch|p1a: Kangaskhan\n|-supereffective|p1a: Kangaskhan|1\n|-damage|p1a: Kangaskhan|64/100\n|move|p1a: Kangaskhan|Double-Edge|p2b: Palafin\n|-damage|p2b: Palafin|0 fnt\n|faint|p2b: Palafin\n|-hitcount|p2: Palafin|1\n|-damage|p1a: Kangaskhan|31/100|[from] Recoil\n|\n|-ability|p2a: Floette|Speed Boost|boost\n|-boost|p2a: Floette|spe|1\n|upkeep\n|turn|8\n|\n|t:|1776268723\n|move|p1b: Incineroar|Fake Out|p2a: Floette\n|-damage|p2a: Floette|39/100\n|cant|p2a: Floette|flinch\n|move|p1a: Kangaskhan|Double-Edge|p2a: Floette\n|-damage|p2a: Floette|0 fnt\n|faint|p2a: Floette\n|-hitcount|p2: Floette|1\n|-damage|p1a: Kangaskhan|20/100|[from] Recoil\n|\n|win|Trigga1\n|raw|Trigga1's rating: 1151 &rarr; <strong>1173</strong><br />(+22 for winning)\n|raw|melon storme's rating: 1116 &rarr; <strong>1094</strong><br />(-22 for losing)\n|c|\u2606Trigga1|gg\n",
  "uploadtime": 1776268733,
  "views": 20,
  "formatid": "gen9championsvgc2026regma",
  "rating": 1094,
  "private": 0,
  "password": null
}