{
  "id": "gen9championsvgc2026regma-2588745919",
  "format": "[Gen 9 Champions] VGC 2026 Reg M-A",
  "players": [
    "jeffman21",
    "testingjusttolose"
  ],
  "log": "|j|\u2606jeffman21\n|j|\u2606testingjusttolose\n|t:|1776665252\n|gametype|doubles\n|player|p1|jeffman21|caitlin|1231\n|player|p2|testingjusttolose|#meteordash|1235\n|gen|9\n|tier|[Gen 9 Champions] VGC 2026 Reg M-A\n|rated|\n|rule|Species Clause: Limit one of each Pok\u00e9mon\n|rule|Item Clause: Limit 1 of each item\n|clearpoke\n|poke|p1|Froslass, L50, F|\n|poke|p1|Sneasler, L50, F|\n|poke|p1|Aegislash, L50, M|\n|poke|p1|Talonflame, L50, F|\n|poke|p1|Basculegion, L50, M|\n|poke|p1|Garchomp, L50, M|\n|poke|p2|Dragonite, L50, M|\n|poke|p2|Sneasler, L50, F|\n|poke|p2|Pelipper, L50, M|\n|poke|p2|Basculegion, L50, M|\n|poke|p2|Kingambit, L50, M|\n|poke|p2|Sinistcha, L50|\n|teampreview|4\n|inactive|Battle timer is ON: inactive players will automatically lose when time's up. (requested by testingjusttolose)\n|inactive|testingjusttolose has 60 seconds left.\n|inactive|jeffman21 has 60 seconds left.\n|\n|t:|1776665294\n|teamsize|p1|4\n|teamsize|p2|4\n|start\n|switch|p1a: Froslass|Froslass, L50, F|100/100\n|switch|p1b: Garchomp|Garchomp, L50, M|100/100\n|switch|p2a: Kingambit|Kingambit, L50, M|100/100\n|switch|p2b: Pelipper|Pelipper, L50, M|100/100\n|-weather|RainDance|[from] ability: Drizzle|[of] p2b: Pelipper\n|turn|1\n|\n|t:|1776665301\n|detailschange|p1a: Froslass|Froslass-Mega, L50, F\n|-mega|p1a: Froslass|Froslass|Froslassite\n|-weather|Snowscape|[from] ability: Snow Warning|[of] p1a: Froslass\n|move|p1a: Froslass|Protect|p1a: Froslass\n|-singleturn|p1a: Froslass|Protect\n|move|p2b: Pelipper|Wide Guard|p2b: Pelipper\n|-singleturn|p2b: Pelipper|Wide Guard\n|move|p1b: Garchomp|Earthquake|p2a: Kingambit|[spread] \n|-activate|p2a: Kingambit|move: Wide Guard\n|-activate|p2b: Pelipper|move: Wide Guard\n|-activate|p1a: Froslass|move: Protect\n|move|p2a: Kingambit|Kowtow Cleave|p1a: Froslass\n|-activate|p1a: Froslass|move: Protect\n|\n|-weather|Snowscape|[upkeep]\n|upkeep\n|turn|2\n|\n|t:|1776665322\n|move|p2a: Kingambit|Protect|p2a: Kingambit\n|-singleturn|p2a: Kingambit|Protect\n|move|p1a: Froslass|Aurora Veil|p1a: Froslass\n|-sidestart|p1: jeffman21|move: Aurora Veil\n|move|p1b: Garchomp|Earthquake|p2a: Kingambit|[spread] p1a\n|-activate|p2a: Kingambit|move: Protect\n|-immune|p2b: Pelipper\n|-damage|p1a: Froslass|70/100\n|move|p2b: Pelipper|Weather Ball|p1b: Garchomp\n|-supereffective|p1b: Garchomp|2\n|-enditem|p1b: Garchomp|Yache Berry|[eat]\n|-enditem|p1b: Garchomp|Yache Berry|[weaken]\n|-damage|p1b: Garchomp|60/100\n|\n|-weather|Snowscape|[upkeep]\n|upkeep\n|turn|3\n|\n|t:|1776665341\n|move|p1a: Froslass|Protect|p1a: Froslass\n|-singleturn|p1a: Froslass|Protect\n|move|p2b: Pelipper|Wide Guard|p2b: Pelipper\n|-singleturn|p2b: Pelipper|Wide Guard\n|move|p1b: Garchomp|Dragon Claw|p2b: Pelipper\n|-damage|p2b: Pelipper|46/100\n|move|p2a: Kingambit|Kowtow Cleave|p1a: Froslass\n|-activate|p1a: Froslass|move: Protect\n|\n|-weather|Snowscape|[upkeep]\n|upkeep\n|turn|4\n|\n|t:|1776665359\n|switch|p1a: Talonflame|Talonflame, L50, F|100/100\n|move|p2b: Pelipper|Wide Guard|p2b: Pelipper\n|-singleturn|p2b: Pelipper|Wide Guard\n|move|p1b: Garchomp|Dragon Claw|p2b: Pelipper\n|-damage|p2b: Pelipper|0 fnt\n|faint|p2b: Pelipper\n|move|p2a: Kingambit|Kowtow Cleave|p1a: Talonflame\n|-damage|p1a: Talonflame|49/100\n|\n|-weather|Snowscape|[upkeep]\n|upkeep\n|\n|t:|1776665362\n|switch|p2b: Basculegion|Basculegion, L50, M|100/100\n|turn|5\n|\n|t:|1776665374\n|move|p2a: Kingambit|Protect|p2a: Kingambit\n|-singleturn|p2a: Kingambit|Protect\n|move|p2b: Basculegion|Wave Crash|p1b: Garchomp\n|-damage|p1b: Garchomp|24/100\n|-damage|p2b: Basculegion|88/100|[from] ability: Rough Skin|[of] p1b: Garchomp\n|-damage|p2b: Basculegion|76/100|[from] Recoil\n|move|p1a: Talonflame|Will-O-Wisp|p2a: Kingambit\n|-activate|p2a: Kingambit|move: Protect\n|move|p1b: Garchomp|Earthquake|p2a: Kingambit|[spread] p2b\n|-activate|p2a: Kingambit|move: Protect\n|-immune|p1a: Talonflame\n|-damage|p2b: Basculegion|26/100\n|\n|-weather|none\n|upkeep\n|turn|6\n|\n|t:|1776665395\n|switch|p2a: Dragonite|Dragonite, L50, M|100/100\n|move|p2b: Basculegion|Wave Crash|p1a: Talonflame\n|-supereffective|p1a: Talonflame|1\n|-damage|p1a: Talonflame|0 fnt\n|faint|p1a: Talonflame\n|-damage|p2b: Basculegion|12/100|[from] Recoil\n|move|p1b: Garchomp|Earthquake|p2b: Basculegion|[spread] p2b\n|-immune|p2a: Dragonite\n|-damage|p2b: Basculegion|0 fnt\n|faint|p2b: Basculegion\n|\n|-sideend|p1: jeffman21|move: Aurora Veil\n|upkeep\n|\n|t:|1776665409\n|switch|p1a: Froslass|Froslass-Mega, L50, F|70/100\n|switch|p2b: Kingambit|Kingambit, L50, M|100/100\n|-weather|Snowscape|[from] ability: Snow Warning|[of] p1a: Froslass\n|turn|7\n|\n|t:|1776665422\n|switch|p1a: Sneasler|Sneasler, L50, F|100/100\n|detailschange|p2a: Dragonite|Dragonite-Mega, L50, M\n|-mega|p2a: Dragonite|Dragonite|Dragoninite\n|move|p2b: Kingambit|Sucker Punch|p1b: Garchomp\n|-damage|p1b: Garchomp|0 fnt\n|-damage|p2b: Kingambit|88/100|[from] ability: Rough Skin|[of] p1b: Garchomp\n|faint|p1b: Garchomp\n|move|p2a: Dragonite|Hurricane|p1a: Sneasler\n|-supereffective|p1a: Sneasler|1\n|-damage|p1a: Sneasler|0 fnt\n|faint|p1a: Sneasler\n|\n|-weather|Snowscape|[upkeep]\n|upkeep\n|c|\u2606jeffman21|wp\n|c|\u2606jeffman21|ff\n|c|\u2606jeffman21|gg\n|c|\u2606testingjusttolose|gg\n|\n|t:|1776665438\n|switch|p1b: Froslass|Froslass-Mega, L50, F|70/100\n|turn|8\n|\n|t:|1776665443\n|move|p2b: Kingambit|Sucker Punch|p1b: Froslass\n|-supereffective|p1b: Froslass|1\n|-damage|p1b: Froslass|0 fnt\n|faint|p1b: Froslass\n|\n|win|testingjusttolose\n|raw|jeffman21's rating: 1231 &rarr; <strong>1206</strong><br />(-25 for losing)\n|raw|testingjusttolose's rating: 1235 &rarr; <strong>1260</strong><br />(+25 for winning)\n|c|\u2606jeffman21|called me tf out that turn\n|c|\u2606jeffman21|everything\n|c|\u2606testingjusttolose|haha\n",
  "uploadtime": 1776665454,
  "views": 19,
  "formatid": "gen9championsvgc2026regma",
  "rating": 1206,
  "private": 0,
  "password": null
}