{
  "id": "gen9championsvgc2026regma-2585058035",
  "format": "[Gen 9 Champions] VGC 2026 Reg M-A",
  "players": [
    "type nil",
    "Tempest Flute"
  ],
  "log": "|j|\u2606type nil\n|j|\u2606Tempest Flute\n|t:|1776307510\n|gametype|doubles\n|player|p1|type nil|supernerd|1377\n|player|p2|Tempest Flute|youngster-gen1rb|1496\n|gen|9\n|tier|[Gen 9 Champions] VGC 2026 Reg M-A\n|rated|\n|rule|Species Clause: Limit one of each Pok\u00e9mon\n|rule|Item Clause: Limit 1 of each item\n|clearpoke\n|poke|p1|Kingambit, L50, M|\n|poke|p1|Crabominable, L50, F|\n|poke|p1|Incineroar, L50, M|\n|poke|p1|Slowking-Galar, L50, F|\n|poke|p1|Primarina, L50, M|\n|poke|p1|Sinistcha, L50|\n|poke|p2|Corviknight, L50, M|\n|poke|p2|Tyranitar, L50, M|\n|poke|p2|Sinistcha, L50|\n|poke|p2|Basculegion, L50, M|\n|poke|p2|Excadrill, L50, M|\n|poke|p2|Rotom-Heat, L50|\n|teampreview|4\n|inactive|Battle timer is ON: inactive players will automatically lose when time's up. (requested by Tempest Flute)\n|inactive|Tempest Flute has 60 seconds left.\n|\n|t:|1776307550\n|teamsize|p1|4\n|teamsize|p2|4\n|start\n|switch|p1a: Slowking|Slowking-Galar, L50, F|100/100\n|switch|p1b: Incineroar|Incineroar, L50, M|100/100\n|switch|p2a: Rotom|Rotom-Heat, L50|100/100\n|switch|p2b: Corviknight|Corviknight, L50, M|100/100\n|-ability|p1b: Incineroar|Intimidate|boost\n|-unboost|p2a: Rotom|atk|1\n|-ability|p2b: Corviknight|Mirror Armor\n|-unboost|p1b: Incineroar|atk|1\n|turn|1\n|inactive|type nil has 30 seconds left.\n|inactive|type nil has 20 seconds left.\n|inactive|type nil has 15 seconds left.\n|inactive|type nil has 10 seconds left.\n|\n|t:|1776307598\n|move|p1b: Incineroar|Fake Out|p2b: Corviknight\n|-resisted|p2b: Corviknight|1\n|-damage|p2b: Corviknight|97/100\n|move|p2a: Rotom|Thunderbolt|p1b: Incineroar\n|-damage|p1b: Incineroar|63/100\n|cant|p2b: Corviknight|flinch\n|move|p1a: Slowking|Trick Room|p1a: Slowking\n|-fieldstart|move: Trick Room|[of] p1a: Slowking\n|\n|-heal|p2b: Corviknight|100/100|[from] item: Leftovers\n|upkeep\n|turn|2\n|\n|t:|1776307621\n|move|p2a: Rotom|Protect|p2a: Rotom\n|-singleturn|p2a: Rotom|Protect\n|-prepare|p1a: Slowking|Chilly Reception|[premajor]\n|move|p1a: Slowking|Chilly Reception|p1a: Slowking\n|-weather|Snowscape\n|\n|t:|1776307636\n|switch|p1a: Kingambit|Kingambit, L50, M|100/100|[from] Chilly Reception\n|move|p1b: Incineroar|Throat Chop|p2a: Rotom\n|-activate|p2a: Rotom|move: Protect\n|move|p2b: Corviknight|Body Press|p1b: Incineroar\n|-supereffective|p1b: Incineroar|1\n|-damage|p1b: Incineroar|25/100\n|-enditem|p1b: Incineroar|Sitrus Berry|[eat]\n|-heal|p1b: Incineroar|50/100|[from] item: Sitrus Berry\n|\n|-weather|Snowscape|[upkeep]\n|upkeep\n|turn|3\n|\n|t:|1776307658\n|move|p1a: Kingambit|Sucker Punch|p2b: Corviknight\n|-damage|p2b: Corviknight|63/100\n|move|p1b: Incineroar|Parting Shot|p2a: Rotom\n|-unboost|p2a: Rotom|atk|1\n|-unboost|p2a: Rotom|spa|1\n|\n|t:|1776307668\n|switch|p1b: Crabominable|Crabominable, L50, F|100/100|[from] Parting Shot\n|move|p2b: Corviknight|Body Press|p1a: Kingambit\n|-supereffective|p1a: Kingambit|2\n|-damage|p1a: Kingambit|43/100\n|move|p2a: Rotom|Will-O-Wisp|p1a: Kingambit\n|-status|p1a: Kingambit|brn\n|\n|-weather|Snowscape|[upkeep]\n|-heal|p2b: Corviknight|69/100|[from] item: Leftovers\n|-damage|p1a: Kingambit|37/100 brn|[from] brn\n|upkeep\n|turn|4\n|inactive|type nil has 30 seconds left.\n|inactive|Tempest Flute has 30 seconds left.\n|\n|t:|1776307695\n|detailschange|p1b: Crabominable|Crabominable-Mega, L50, F\n|-mega|p1b: Crabominable|Crabominable|Crabominite\n|move|p1a: Kingambit|Sucker Punch||[still]\n|-fail|p1a: Kingambit\n|move|p1b: Crabominable|Ice Hammer|p2b: Corviknight\n|-damage|p2b: Corviknight|0 fnt\n|-unboost|p1b: Crabominable|spe|1\n|faint|p2b: Corviknight\n|move|p2a: Rotom|Will-O-Wisp|p1b: Crabominable\n|-status|p1b: Crabominable|brn\n|\n|-weather|Snowscape|[upkeep]\n|-damage|p1b: Crabominable|95/100 brn|[from] brn\n|-damage|p1a: Kingambit|31/100 brn|[from] brn\n|upkeep\n|\n|t:|1776307712\n|switch|p2b: Tyranitar|Tyranitar, L50, M|100/100\n|-weather|Sandstorm|[from] ability: Sand Stream|[of] p2b: Tyranitar\n|turn|5\n|\n|t:|1776307730\n|switch|p1a: Slowking|Slowking-Galar, L50, F|100/100\n|move|p2b: Tyranitar|Protect|p2b: Tyranitar\n|-singleturn|p2b: Tyranitar|Protect\n|move|p2a: Rotom|Protect|p2a: Rotom\n|-singleturn|p2a: Rotom|Protect\n|move|p1b: Crabominable|Drain Punch|p2b: Tyranitar\n|-activate|p2b: Tyranitar|move: Protect\n|\n|-weather|Sandstorm|[upkeep]\n|-damage|p1b: Crabominable|89/100 brn|[from] Sandstorm\n|-damage|p1a: Slowking|95/100|[from] Sandstorm\n|-damage|p2a: Rotom|94/100|[from] Sandstorm\n|-damage|p1b: Crabominable|83/100 brn|[from] brn\n|-fieldend|move: Trick Room\n|upkeep\n|turn|6\n|inactive|Tempest Flute has 30 seconds left.\n|\n|t:|1776307757\n|switch|p2a: Sinistcha|Sinistcha, L50|100/100\n|detailschange|p2b: Tyranitar|Tyranitar-Mega, L50, M\n|-mega|p2b: Tyranitar|Tyranitar|Tyranitarite\n|move|p1b: Crabominable|Mach Punch|p2b: Tyranitar\n|-supereffective|p2b: Tyranitar|2\n|-damage|p2b: Tyranitar|60/100\n|move|p2b: Tyranitar|Knock Off|p1a: Slowking\n|-supereffective|p1a: Slowking|1\n|-enditem|p1a: Slowking|Colbur Berry|[eat]\n|-enditem|p1a: Slowking|Colbur Berry|[weaken]\n|-damage|p1a: Slowking|38/100\n|move|p1a: Slowking|Trick Room|p1a: Slowking\n|-fieldstart|move: Trick Room|[of] p1a: Slowking\n|\n|-weather|Sandstorm|[upkeep]\n|-damage|p1b: Crabominable|77/100 brn|[from] Sandstorm\n|-damage|p1a: Slowking|32/100|[from] Sandstorm\n|-damage|p2a: Sinistcha|95/100|[from] Sandstorm\n|-damage|p1b: Crabominable|71/100 brn|[from] brn\n|upkeep\n|turn|7\n|inactive|Tempest Flute has 30 seconds left.\n|\n|t:|1776307791\n|move|p2a: Sinistcha|Rage Powder|p2a: Sinistcha\n|-singleturn|p2a: Sinistcha|move: Rage Powder\n|move|p1b: Crabominable|Ice Hammer|p2a: Sinistcha\n|-supereffective|p2a: Sinistcha|1\n|-damage|p2a: Sinistcha|33/100\n|-unboost|p1b: Crabominable|spe|1\n|-enditem|p2a: Sinistcha|Sitrus Berry|[eat]\n|-heal|p2a: Sinistcha|57/100|[from] item: Sitrus Berry\n|-prepare|p1a: Slowking|Chilly Reception|[premajor]\n|move|p1a: Slowking|Chilly Reception|p1a: Slowking\n|-weather|Snowscape\n|\n|t:|1776307803\n|switch|p1a: Incineroar|Incineroar, L50, M|50/100|[from] Chilly Reception\n|-ability|p1a: Incineroar|Intimidate|boost\n|-unboost|p2a: Sinistcha|atk|1\n|-unboost|p2b: Tyranitar|atk|1\n|move|p2b: Tyranitar|Rock Slide|p1b: Crabominable|[spread] p1a,p1b\n|-supereffective|p1a: Incineroar|1\n|-damage|p1a: Incineroar|4/100\n|-damage|p1b: Crabominable|58/100 brn\n|\n|-weather|Snowscape|[upkeep]\n|-damage|p1b: Crabominable|52/100 brn|[from] brn\n|upkeep\n|turn|8\n|\n|t:|1776307825\n|switch|p2b: Rotom|Rotom-Heat, L50|94/100\n|move|p2a: Sinistcha|Rage Powder|p2a: Sinistcha\n|-singleturn|p2a: Sinistcha|move: Rage Powder\n|move|p1b: Crabominable|Drain Punch|p2a: Sinistcha\n|-immune|p2a: Sinistcha\n|move|p1a: Incineroar|Throat Chop|p2a: Sinistcha\n|-supereffective|p2a: Sinistcha|1\n|-damage|p2a: Sinistcha|8/100\n|-start|p2a: Sinistcha|Throat Chop|[silent]\n|\n|-weather|Snowscape|[upkeep]\n|-damage|p1b: Crabominable|46/100 brn|[from] brn\n|upkeep\n|turn|9\n|inactive|type nil has 30 seconds left.\n|inactive|Tempest Flute has 30 seconds left.\n|inactive|type nil has 20 seconds left.\n|inactive|type nil has 15 seconds left.\n|\n|t:|1776307867\n|switch|p1a: Slowking|Slowking-Galar, L50, F|65/100\n|move|p1b: Crabominable|Protect|p1b: Crabominable\n|-singleturn|p1b: Crabominable|Protect\n|move|p2a: Sinistcha|Rage Powder|p2a: Sinistcha\n|-singleturn|p2a: Sinistcha|move: Rage Powder\n|move|p2b: Rotom|Thunderbolt|p1b: Crabominable\n|-activate|p1b: Crabominable|move: Protect\n|\n|-weather|Snowscape|[upkeep]\n|-damage|p1b: Crabominable|40/100 brn|[from] brn\n|-end|p2a: Sinistcha|Throat Chop|[silent]\n|upkeep\n|turn|10\n|inactive|type nil has 30 seconds left.\n|inactive|type nil has 20 seconds left.\n|inactive|type nil has 15 seconds left.\n|\n|t:|1776307911\n|switch|p1a: Kingambit|Kingambit, L50, M|31/100 brn\n|move|p2b: Rotom|Protect|p2b: Rotom\n|-singleturn|p2b: Rotom|Protect\n|move|p1b: Crabominable|Ice Hammer|p2a: Sinistcha\n|-supereffective|p2a: Sinistcha|1\n|-damage|p2a: Sinistcha|0 fnt\n|-unboost|p1b: Crabominable|spe|1\n|faint|p2a: Sinistcha\n|\n|-weather|Snowscape|[upkeep]\n|-damage|p1b: Crabominable|34/100 brn|[from] brn\n|-damage|p1a: Kingambit|25/100 brn|[from] brn\n|-fieldend|move: Trick Room\n|upkeep\n|\n|t:|1776307919\n|switch|p2a: Tyranitar|Tyranitar-Mega, L50, M|60/100\n|-weather|Sandstorm|[from] ability: Sand Stream|[of] p2a: Tyranitar\n|turn|11\n|\n|t:|1776307938\n|move|p1b: Crabominable|Mach Punch|p2a: Tyranitar\n|-supereffective|p2a: Tyranitar|2\n|-damage|p2a: Tyranitar|19/100\n|move|p2b: Rotom|Thunderbolt|p1b: Crabominable\n|-damage|p1b: Crabominable|0 fnt\n|faint|p1b: Crabominable\n|move|p2a: Tyranitar|Low Kick|p1a: Kingambit\n|-supereffective|p1a: Kingambit|2\n|-damage|p1a: Kingambit|0 fnt\n|faint|p1a: Kingambit\n|\n|-weather|Sandstorm|[upkeep]\n|-damage|p2b: Rotom|88/100|[from] Sandstorm\n|upkeep\n|\n|t:|1776307949\n|switch|p1a: Incineroar|Incineroar, L50, M|4/100\n|switch|p1b: Slowking|Slowking-Galar, L50, F|98/100\n|-ability|p1a: Incineroar|Intimidate|boost\n|-unboost|p2a: Tyranitar|atk|1\n|-unboost|p2b: Rotom|atk|1\n|turn|12\n|inactive|type nil has 30 seconds left.\n|inactive|Tempest Flute has 30 seconds left.\n|inactive|type nil has 20 seconds left.\n|\n|t:|1776307989\n|move|p2a: Tyranitar|Protect|p2a: Tyranitar\n|-singleturn|p2a: Tyranitar|Protect\n|move|p1a: Incineroar|Fake Out|p2b: Rotom\n|-damage|p2b: Rotom|76/100\n|cant|p2b: Rotom|flinch\n|move|p1b: Slowking|Sludge Bomb|p2a: Tyranitar\n|-activate|p2a: Tyranitar|move: Protect\n|\n|-weather|Sandstorm|[upkeep]\n|-damage|p2b: Rotom|70/100|[from] Sandstorm\n|-damage|p1a: Incineroar|0 fnt|[from] Sandstorm\n|-damage|p1b: Slowking|92/100|[from] Sandstorm\n|faint|p1a: Incineroar\n|upkeep\n|turn|13\n|\n|t:|1776308003\n|move|p2b: Rotom|Thunderbolt|p1b: Slowking\n|-damage|p1b: Slowking|57/100\n|-status|p1b: Slowking|par\n|move|p2a: Tyranitar|Rock Slide|p1b: Slowking\n|-damage|p1b: Slowking|26/100 par\n|cant|p1b: Slowking|flinch\n|\n|-weather|Sandstorm|[upkeep]\n|-damage|p2b: Rotom|64/100|[from] Sandstorm\n|-damage|p1b: Slowking|20/100 par|[from] Sandstorm\n|upkeep\n|turn|14\n|\n|t:|1776308013\n|move|p2b: Rotom|Thunderbolt|p1b: Slowking\n|-damage|p1b: Slowking|0 fnt\n|faint|p1b: Slowking\n|\n|win|Tempest Flute\n|raw|type nil's rating: 1377 &rarr; <strong>1364</strong><br />(-13 for losing)\n|raw|Tempest Flute's rating: 1496 &rarr; <strong>1509</strong><br />(+13 for winning)\n",
  "uploadtime": 1776308017,
  "views": 34,
  "formatid": "gen9championsvgc2026regma",
  "rating": 1364,
  "private": 0,
  "password": null
}