{
  "id": "gen9championsvgc2026regma-2582918565",
  "format": "[Gen 9 Champions] VGC 2026 Reg M-A",
  "players": [
    "ZatX19",
    "Gil Marcelle"
  ],
  "log": "|j|\u2606ZatX19\n|j|\u2606Gil Marcelle\n|t:|1776124915\n|gametype|doubles\n|player|p1|ZatX19|n|1055\n|player|p2|Gil Marcelle|169|1000\n|gen|9\n|tier|[Gen 9 Champions] VGC 2026 Reg M-A\n|rated|\n|rule|Species Clause: Limit one of each Pok\u00e9mon\n|rule|Item Clause: Limit 1 of each item\n|clearpoke\n|poke|p1|Snorlax, L50, M|\n|poke|p1|Golurk, L50|\n|poke|p1|Aromatisse, L50, F|\n|poke|p1|Chimecho, L50, M|\n|poke|p1|Volcarona, L50, M|\n|poke|p1|Sinistcha-Masterpiece, L50|\n|poke|p2|Pidgeot, L50, M|\n|poke|p2|Sableye, L50, M|\n|poke|p2|Milotic, L50, F|\n|poke|p2|Decidueye, L50, M|\n|poke|p2|Dragapult, L50, M|\n|poke|p2|Ceruledge, L50, M|\n|teampreview|4\n|inactive|Battle timer is ON: inactive players will automatically lose when time's up. (requested by Gil Marcelle)\n|\n|t:|1776124942\n|teamsize|p1|4\n|teamsize|p2|4\n|start\n|switch|p1a: Volcarona|Volcarona, L50, M|100/100\n|switch|p1b: Aromatisse|Aromatisse, L50, F|100/100\n|switch|p2a: Sableye|Sableye, L50, M|100/100\n|switch|p2b: Pidgeot|Pidgeot, L50, M|100/100\n|turn|1\n|\n|t:|1776124961\n|detailschange|p2b: Pidgeot|Pidgeot-Mega, L50, M\n|-mega|p2b: Pidgeot|Pidgeot|Pidgeotite\n|move|p2a: Sableye|Fake Out|p1a: Volcarona\n|-damage|p1a: Volcarona|94/100\n|move|p2b: Pidgeot|Hurricane|p1a: Volcarona\n|-supereffective|p1a: Volcarona|1\n|-damage|p1a: Volcarona|0 fnt\n|faint|p1a: Volcarona\n|move|p1b: Aromatisse|Trick Room|p1b: Aromatisse\n|-fieldstart|move: Trick Room|[of] p1b: Aromatisse\n|\n|upkeep\n|\n|t:|1776124970\n|switch|p1a: Snorlax|Snorlax, L50, M|100/100\n|turn|2\n|\n|t:|1776124983\n|move|p2a: Sableye|Encore|p1b: Aromatisse\n|-block|p1b: Aromatisse|ability: Aroma Veil|[of] p1b: Aromatisse\n|move|p1b: Aromatisse|Light Screen|p1b: Aromatisse\n|-sidestart|p1: ZatX19|move: Light Screen\n|move|p1a: Snorlax|Belly Drum|p1a: Snorlax\n|-damage|p1a: Snorlax|51/100\n|-setboost|p1a: Snorlax|atk|6|[from] move: Belly Drum\n|move|p2b: Pidgeot|Heat Wave|p1a: Snorlax|[spread] p1a,p1b\n|-damage|p1a: Snorlax|41/100\n|-damage|p1b: Aromatisse|85/100\n|-enditem|p1a: Snorlax|Sitrus Berry|[eat]\n|-heal|p1a: Snorlax|66/100|[from] item: Sitrus Berry\n|\n|upkeep\n|turn|3\n|inactive|Gil Marcelle has 30 seconds left.\n|\n|t:|1776125009\n|switch|p2b: Ceruledge|Ceruledge, L50, M, shiny|100/100\n|move|p2a: Sableye|Encore|p1a: Snorlax\n|-block|p1a: Snorlax|ability: Aroma Veil|[of] p1b: Aromatisse\n|move|p1b: Aromatisse|Heal Pulse|p1a: Snorlax\n|-heal|p1a: Snorlax|100/100\n|move|p1a: Snorlax|Rock Slide|p2a: Sableye|[spread] p2a,p2b\n|-supereffective|p2b: Ceruledge|1\n|-damage|p2a: Sableye|18/100\n|-damage|p2b: Ceruledge|0 fnt\n|faint|p2b: Ceruledge\n|\n|upkeep\n|\n|t:|1776125019\n|switch|p2b: Decidueye|Decidueye, L50, M, shiny|100/100\n|turn|4\n|\n|t:|1776125033\n|move|p2a: Sableye|Sunny Day|p2a: Sableye\n|-weather|SunnyDay\n|move|p1b: Aromatisse|Reflect|p1b: Aromatisse\n|-sidestart|p1: ZatX19|Reflect\n|move|p1a: Snorlax|Gunk Shot|p2b: Decidueye\n|-enditem|p2b: Decidueye|Focus Sash\n|-damage|p2b: Decidueye|1/100\n|-status|p2b: Decidueye|psn\n|move|p2b: Decidueye|Leaf Blade|p1b: Aromatisse\n|-damage|p1b: Aromatisse|63/100\n|\n|-weather|SunnyDay|[upkeep]\n|-damage|p2b: Decidueye|0 fnt|[from] psn\n|faint|p2b: Decidueye\n|upkeep\n|\n|t:|1776125046\n|switch|p2b: Pidgeot|Pidgeot-Mega, L50, M|100/100\n|turn|5\n|\n|t:|1776125064\n|switch|p1b: Golurk|Golurk, L50|100/100\n|move|p2a: Sableye|Sunny Day||[still]\n|-fail|p2a: Sableye\n|move|p1a: Snorlax|Rock Slide|p2a: Sableye|[spread] p2a,p2b\n|-supereffective|p2b: Pidgeot|1\n|-damage|p2a: Sableye|0 fnt\n|-damage|p2b: Pidgeot|0 fnt\n|faint|p2a: Sableye\n|faint|p2b: Pidgeot\n|\n|win|ZatX19\n|raw|ZatX19's rating: 1055 &rarr; <strong>1082</strong><br />(+27 for winning)\n|raw|Gil Marcelle's rating: 1000 &rarr; <strong>1000</strong><br />(+0 for losing)\n|l|\u2606Gil Marcelle\n|player|p2|\n",
  "uploadtime": 1776125074,
  "views": 22,
  "formatid": "gen9championsvgc2026regma",
  "rating": 1000,
  "private": 0,
  "password": null
}