{
  "id": "gen9championsvgc2026regma-2587088858",
  "format": "[Gen 9 Champions] VGC 2026 Reg M-A",
  "players": [
    "koxicity",
    "Wulfo"
  ],
  "log": "|j|\u2606koxicity\n|j|\u2606Wulfo\n|t:|1776491810\n|gametype|doubles\n|player|p1|koxicity|1|1095\n|player|p2|Wulfo|pokemaniac|1107\n|gen|9\n|tier|[Gen 9 Champions] VGC 2026 Reg M-A\n|rated|\n|rule|Species Clause: Limit one of each Pok\u00e9mon\n|rule|Item Clause: Limit 1 of each item\n|clearpoke\n|poke|p1|Delphox, L50, M|\n|poke|p1|Rotom-Wash, L50|\n|poke|p1|Incineroar, L50, F|\n|poke|p1|Sinistcha-Masterpiece, L50|\n|poke|p1|Sneasler, L50, M|\n|poke|p1|Ninetales-Alola, L50, F|\n|poke|p2|Aerodactyl, L50, F|\n|poke|p2|Meganium, L50, F|\n|poke|p2|Tyranitar, L50, F|\n|poke|p2|Excadrill, L50, M|\n|poke|p2|Incineroar, L50, F|\n|poke|p2|Whimsicott, L50, F|\n|teampreview|4\n|\n|t:|1776491858\n|teamsize|p1|4\n|teamsize|p2|4\n|start\n|switch|p1a: Sneasler|Sneasler, L50, M|100/100\n|switch|p1b: Ninetales|Ninetales-Alola, L50, F|100/100\n|switch|p2a: Excadrill|Excadrill, L50, M|100/100\n|switch|p2b: Aerodactyl|Aerodactyl, L50, F|100/100\n|-ability|p2b: Aerodactyl|Unnerve\n|-weather|Snowscape|[from] ability: Snow Warning|[of] p1b: Ninetales\n|turn|1\n|\n|t:|1776491877\n|move|p1a: Sneasler|Fake Out|p2b: Aerodactyl\n|-resisted|p2b: Aerodactyl|1\n|-damage|p2b: Aerodactyl|88/100\n|cant|p2b: Aerodactyl|flinch\n|move|p1b: Ninetales|Aurora Veil|p1b: Ninetales\n|-sidestart|p1: koxicity|move: Aurora Veil\n|move|p2a: Excadrill|Iron Head|p1b: Ninetales\n|-supereffective|p1b: Ninetales|2\n|-enditem|p1b: Ninetales|Focus Sash\n|-damage|p1b: Ninetales|1/100\n|\n|-weather|Snowscape|[upkeep]\n|upkeep\n|turn|2\n|\n|t:|1776491902\n|move|p2b: Aerodactyl|Sandstorm|p2b: Aerodactyl\n|-weather|Sandstorm\n|move|p2a: Excadrill|Earthquake|p1b: Ninetales|[spread] p1a,p1b\n|-immune|p2b: Aerodactyl\n|-supereffective|p1a: Sneasler|1\n|-damage|p1a: Sneasler|5/100\n|-damage|p1b: Ninetales|0 fnt\n|faint|p1b: Ninetales\n|move|p1a: Sneasler|Close Combat|p2a: Excadrill\n|-supereffective|p2a: Excadrill|1\n|-damage|p2a: Excadrill|0 fnt\n|-unboost|p1a: Sneasler|def|1\n|-unboost|p1a: Sneasler|spd|1\n|faint|p2a: Excadrill\n|-enditem|p1a: Sneasler|White Herb\n|-clearnegativeboost|p1a: Sneasler|[silent]\n|\n|-weather|Sandstorm|[upkeep]\n|-damage|p1a: Sneasler|0 fnt|[from] Sandstorm\n|faint|p1a: Sneasler\n|upkeep\n|\n|t:|1776491922\n|switch|p1a: Rotom|Rotom-Wash, L50|100/100\n|switch|p1b: Delphox|Delphox, L50, M|100/100\n|switch|p2a: Whimsicott|Whimsicott, L50, F|100/100\n|turn|3\n|\n|t:|1776491944\n|detailschange|p1b: Delphox|Delphox-Mega, L50, M\n|-mega|p1b: Delphox|Delphox|Delphoxite\n|move|p2a: Whimsicott|Protect|p2a: Whimsicott\n|-singleturn|p2a: Whimsicott|Protect\n|move|p1b: Delphox|Encore|p2b: Aerodactyl\n|-start|p2b: Aerodactyl|Encore\n|move|p2b: Aerodactyl|Sandstorm||[still]\n|-fail|p2b: Aerodactyl\n|move|p1a: Rotom|Thunderbolt|p2b: Aerodactyl\n|-supereffective|p2b: Aerodactyl|1\n|-damage|p2b: Aerodactyl|12/100\n|\n|-weather|Sandstorm|[upkeep]\n|-damage|p1b: Delphox|94/100|[from] Sandstorm\n|-damage|p2a: Whimsicott|95/100|[from] Sandstorm\n|-damage|p1a: Rotom|95/100|[from] Sandstorm\n|upkeep\n|turn|4\n|\n|t:|1776491977\n|switch|p2b: Tyranitar|Tyranitar, L50, F|100/100\n|move|p2a: Whimsicott|Encore||[still]\n|-fail|p2a: Whimsicott\n|move|p1b: Delphox|Heat Wave|p2b: Tyranitar|[spread] p2a,p2b\n|-supereffective|p2a: Whimsicott|1\n|-resisted|p2b: Tyranitar|1\n|-damage|p2a: Whimsicott|0 fnt\n|-damage|p2b: Tyranitar|89/100\n|faint|p2a: Whimsicott\n|move|p1a: Rotom|Thunderbolt|p2b: Tyranitar\n|-damage|p2b: Tyranitar|64/100\n|\n|-weather|Sandstorm|[upkeep]\n|-damage|p1b: Delphox|88/100|[from] Sandstorm\n|-damage|p1a: Rotom|89/100|[from] Sandstorm\n|-heal|p2b: Tyranitar|70/100|[from] item: Leftovers\n|upkeep\n|\n|t:|1776491990\n|switch|p2a: Aerodactyl|Aerodactyl, L50, F|12/100\n|-ability|p2a: Aerodactyl|Unnerve\n|turn|5\n|\n|t:|1776492002\n|move|p1b: Delphox|Heat Wave|p2b: Tyranitar|[spread] p2a,p2b\n|-resisted|p2a: Aerodactyl|1\n|-resisted|p2b: Tyranitar|1\n|-damage|p2a: Aerodactyl|0 fnt\n|-damage|p2b: Tyranitar|59/100\n|faint|p2a: Aerodactyl\n|move|p1a: Rotom|Hydro Pump|p2b: Tyranitar\n|-supereffective|p2b: Tyranitar|1\n|-damage|p2b: Tyranitar|0 fnt\n|faint|p2b: Tyranitar\n|\n|win|koxicity\n|raw|koxicity's rating: 1095 &rarr; <strong>1122</strong><br />(+27 for winning)\n|raw|Wulfo's rating: 1107 &rarr; <strong>1081</strong><br />(-26 for losing)\n|l|\u2606Wulfo\n|player|p2|\n",
  "uploadtime": 1776492013,
  "views": 24,
  "formatid": "gen9championsvgc2026regma",
  "rating": 1081,
  "private": 0,
  "password": null
}