{
  "id": "gen9championsvgc2026regma-2587251686",
  "format": "[Gen 9 Champions] VGC 2026 Reg M-A",
  "players": [
    "Keltos",
    "campeondelfitness"
  ],
  "log": "|j|\u2606Keltos\n|j|\u2606campeondelfitness\n|t:|1776514580\n|gametype|doubles\n|player|p1|Keltos|266|1239\n|player|p2|campeondelfitness|swimmer|1148\n|gen|9\n|tier|[Gen 9 Champions] VGC 2026 Reg M-A\n|rated|\n|rule|Species Clause: Limit one of each Pok\u00e9mon\n|rule|Item Clause: Limit 1 of each item\n|clearpoke\n|poke|p1|Toxicroak, L50, F|\n|poke|p1|Pelipper, L50, F|\n|poke|p1|Archaludon, L50, M|\n|poke|p1|Meganium, L50, M|\n|poke|p1|Incineroar, L50, F|\n|poke|p1|Aerodactyl, L50, M|\n|poke|p2|Tyranitar, L50, F|\n|poke|p2|Garchomp, L50, F|\n|poke|p2|Heliolisk, L50, M|\n|poke|p2|Rotom-Heat, L50|\n|poke|p2|Orthworm, L50, M|\n|poke|p2|Aerodactyl, L50, F|\n|teampreview|4\n|inactive|Battle timer is ON: inactive players will automatically lose when time's up. (requested by campeondelfitness)\n|inactive|Keltos also wants the timer to be on.\n|inactive|campeondelfitness has 60 seconds left.\n|\n|t:|1776514622\n|teamsize|p1|4\n|teamsize|p2|4\n|start\n|switch|p1a: Toxicroak|Toxicroak, L50, F|100/100\n|switch|p1b: Meganium|Meganium, L50, M|100/100\n|switch|p2a: Aerodactyl|Aerodactyl, L50, F|100/100\n|switch|p2b: Rotom|Rotom-Heat, L50|100/100\n|-ability|p2a: Aerodactyl|Unnerve\n|turn|1\n|\n|t:|1776514652\n|switch|p1b: Pelipper|Pelipper, L50, F|100/100\n|-weather|RainDance|[from] ability: Drizzle|[of] p1b: Pelipper\n|move|p2a: Aerodactyl|Tailwind|p2a: Aerodactyl\n|-sidestart|p2: campeondelfitness|move: Tailwind\n|move|p2b: Rotom|Overheat|p1b: Pelipper\n|-resisted|p1b: Pelipper|1\n|-damage|p1b: Pelipper|81/100\n|-unboost|p2b: Rotom|spa|2\n|move|p1a: Toxicroak|Toxic|p2a: Aerodactyl\n|-status|p2a: Aerodactyl|tox\n|\n|-weather|RainDance|[upkeep]\n|-damage|p2a: Aerodactyl|95/100 tox|[from] psn\n|upkeep\n|turn|2\n|inactive|campeondelfitness has 30 seconds left.\n|\n|t:|1776514686\n|switch|p1a: Archaludon|Archaludon, L50, M|100/100\n|move|p2a: Aerodactyl|Dual Wingbeat|p1a: Archaludon\n|-resisted|p1a: Archaludon|1\n|-damage|p1a: Archaludon|93/100\n|-ability|p1a: Archaludon|Stamina|boost\n|-boost|p1a: Archaludon|def|1\n|-resisted|p1a: Archaludon|1\n|-damage|p1a: Archaludon|88/100\n|-ability|p1a: Archaludon|Stamina|boost\n|-boost|p1a: Archaludon|def|1\n|-hitcount|p1a: Archaludon|2\n|move|p2b: Rotom|Volt Switch|p1b: Pelipper\n|-supereffective|p1b: Pelipper|2\n|-damage|p1b: Pelipper|0 fnt\n|faint|p1b: Pelipper\n|\n|t:|1776514702\n|switch|p2b: Garchomp|Garchomp, L50, F|100/100|[from] Volt Switch\n|\n|-weather|RainDance|[upkeep]\n|-damage|p2a: Aerodactyl|83/100 tox|[from] psn\n|upkeep\n|\n|t:|1776514708\n|switch|p1b: Meganium|Meganium, L50, M|100/100\n|turn|3\n|\n|t:|1776514731\n|switch|p2b: Tyranitar|Tyranitar, L50, F|100/100\n|-weather|Sandstorm|[from] ability: Sand Stream|[of] p2b: Tyranitar\n|move|p1b: Meganium|Protect|p1b: Meganium\n|-singleturn|p1b: Meganium|Protect\n|move|p2a: Aerodactyl|Dual Wingbeat|p1b: Meganium\n|-activate|p1b: Meganium|move: Protect\n|move|p1a: Archaludon|Flash Cannon|p2a: Aerodactyl\n|-supereffective|p2a: Aerodactyl|1\n|-damage|p2a: Aerodactyl|21/100 tox\n|\n|-weather|Sandstorm|[upkeep]\n|-damage|p1b: Meganium|95/100|[from] Sandstorm\n|-damage|p2a: Aerodactyl|4/100 tox|[from] psn\n|upkeep\n|turn|4\n|\n|t:|1776514752\n|switch|p1b: Toxicroak|Toxicroak, L50, F|100/100\n|move|p2b: Tyranitar|Helping Hand|p2a: Aerodactyl\n|-singleturn|p2a: Aerodactyl|Helping Hand|[of] p2b: Tyranitar\n|move|p2a: Aerodactyl|Dual Wingbeat|p1b: Toxicroak\n|-supereffective|p1b: Toxicroak|1\n|-damage|p1b: Toxicroak|40/100\n|-supereffective|p1b: Toxicroak|1\n|-damage|p1b: Toxicroak|0 fnt\n|faint|p1b: Toxicroak\n|-hitcount|p1: Toxicroak|2\n|move|p1a: Archaludon|Flash Cannon|p2b: Tyranitar\n|-supereffective|p2b: Tyranitar|1\n|-damage|p2b: Tyranitar|67/100\n|\n|-weather|Sandstorm|[upkeep]\n|-damage|p2a: Aerodactyl|0 fnt|[from] psn\n|faint|p2a: Aerodactyl\n|-sideend|p2: campeondelfitness|move: Tailwind\n|upkeep\n|inactive|campeondelfitness has 30 seconds left.\n|\n|t:|1776514786\n|switch|p2a: Rotom|Rotom-Heat, L50|100/100\n|switch|p1b: Meganium|Meganium, L50, M|95/100\n|turn|5\n|\n|t:|1776514799\n|switch|p2b: Garchomp|Garchomp, L50, F|100/100\n|move|p1b: Meganium|Protect|p1b: Meganium\n|-singleturn|p1b: Meganium|Protect\n|move|p2a: Rotom|Overheat|p1b: Meganium\n|-activate|p1b: Meganium|move: Protect\n|move|p1a: Archaludon|Dragon Pulse|p2a: Rotom\n|-damage|p2a: Rotom|62/100\n|\n|-weather|Sandstorm|[upkeep]\n|-damage|p2a: Rotom|57/100|[from] Sandstorm\n|-damage|p1b: Meganium|89/100|[from] Sandstorm\n|upkeep\n|turn|6\n|\n|t:|1776514819\n|detailschange|p2b: Garchomp|Garchomp-Mega, L50, F\n|-mega|p2b: Garchomp|Garchomp|Garchompite\n|detailschange|p1b: Meganium|Meganium-Mega, L50, M\n|-mega|p1b: Meganium|Meganium|Meganiumite\n|move|p2b: Garchomp|Protect|p2b: Garchomp\n|-singleturn|p2b: Garchomp|Protect\n|move|p2a: Rotom|Overheat|p1b: Meganium|[miss]\n|-miss|p2a: Rotom|p1b: Meganium\n|move|p1b: Meganium|Dazzling Gleam|p2b: Garchomp|[spread] p2a\n|-activate|p2b: Garchomp|move: Protect\n|-resisted|p2a: Rotom|1\n|-damage|p2a: Rotom|38/100\n|move|p1a: Archaludon|Dragon Pulse|p2b: Garchomp\n|-activate|p2b: Garchomp|move: Protect\n|\n|-weather|Sandstorm|[upkeep]\n|-damage|p2a: Rotom|32/100|[from] Sandstorm\n|-damage|p1b: Meganium|83/100|[from] Sandstorm\n|upkeep\n|turn|7\n|inactive|campeondelfitness has 30 seconds left.\n|inactive|campeondelfitness has 20 seconds left.\n|inactive|campeondelfitness has 15 seconds left.\n|\n|t:|1776514864\n|move|p1b: Meganium|Protect|p1b: Meganium\n|-singleturn|p1b: Meganium|Protect\n|move|p2b: Garchomp|Earthquake|p1b: Meganium|[spread] p1a\n|-activate|p1b: Meganium|move: Protect\n|-immune|p2a: Rotom|[from] ability: Levitate\n|-supereffective|p1a: Archaludon|1\n|-enditem|p1a: Archaludon|Shuca Berry|[eat]\n|-enditem|p1a: Archaludon|Shuca Berry|[weaken]\n|-damage|p1a: Archaludon|66/100\n|-ability|p1a: Archaludon|Stamina|boost\n|-boost|p1a: Archaludon|def|1\n|move|p2a: Rotom|Overheat|p1a: Archaludon\n|-damage|p1a: Archaludon|25/100\n|-unboost|p2a: Rotom|spa|2\n|-ability|p1a: Archaludon|Stamina|boost\n|-boost|p1a: Archaludon|def|1\n|move|p1a: Archaludon|Dragon Pulse|p2a: Rotom\n|-damage|p2a: Rotom|0 fnt\n|faint|p2a: Rotom\n|\n|-weather|none\n|upkeep\n|\n|t:|1776514882\n|switch|p2a: Tyranitar|Tyranitar, L50, F|67/100\n|-weather|Sandstorm|[from] ability: Sand Stream|[of] p2a: Tyranitar\n|turn|8\n|inactive|campeondelfitness has 30 seconds left.\n|\n|t:|1776514915\n|move|p2b: Garchomp|Protect|p2b: Garchomp\n|-singleturn|p2b: Garchomp|Protect\n|move|p1b: Meganium|Dazzling Gleam|p2b: Garchomp|[spread] p2a\n|-activate|p2b: Garchomp|move: Protect\n|-supereffective|p2a: Tyranitar|1\n|-damage|p2a: Tyranitar|11/100\n|move|p1a: Archaludon|Flash Cannon|p2a: Tyranitar\n|-supereffective|p2a: Tyranitar|1\n|-damage|p2a: Tyranitar|0 fnt\n|faint|p2a: Tyranitar\n|\n|-weather|Sandstorm|[upkeep]\n|-damage|p1b: Meganium|78/100|[from] Sandstorm\n|upkeep\n|turn|9\n|\n|t:|1776514927\n|move|p2b: Garchomp|Earthquake|p1b: Meganium|[spread] p1a,p1b\n|-supereffective|p1a: Archaludon|1\n|-resisted|p1b: Meganium|1\n|-damage|p1a: Archaludon|0 fnt\n|-damage|p1b: Meganium|44/100\n|faint|p1a: Archaludon\n|move|p1b: Meganium|Dazzling Gleam|p2b: Garchomp\n|-supereffective|p2b: Garchomp|1\n|-damage|p2b: Garchomp|13/100\n|\n|-weather|Sandstorm|[upkeep]\n|-damage|p1b: Meganium|39/100|[from] Sandstorm\n|upkeep\n|turn|10\n|\n|t:|1776514936\n|move|p2b: Garchomp|Protect|p2b: Garchomp\n|-singleturn|p2b: Garchomp|Protect\n|move|p1b: Meganium|Dazzling Gleam|p2b: Garchomp\n|-activate|p2b: Garchomp|move: Protect\n|\n|-weather|Sandstorm|[upkeep]\n|-damage|p1b: Meganium|33/100|[from] Sandstorm\n|upkeep\n|turn|11\n|\n|t:|1776514944\n|move|p2b: Garchomp|Earthquake|p1b: Meganium\n|-resisted|p1b: Meganium|1\n|-damage|p1b: Meganium|0 fnt\n|faint|p1b: Meganium\n|\n|win|campeondelfitness\n|raw|Keltos's rating: 1239 &rarr; <strong>1208</strong><br />(-31 for losing)\n|raw|campeondelfitness's rating: 1148 &rarr; <strong>1179</strong><br />(+31 for winning)\n",
  "uploadtime": 1776514948,
  "views": 23,
  "formatid": "gen9championsvgc2026regma",
  "rating": 1179,
  "private": 0,
  "password": null
}