{
  "id": "gen9championsvgc2026regma-2581190430",
  "format": "[Gen 9 Champions] VGC 2026 Reg M-A",
  "players": [
    "A Psychic",
    "It'sJustKen VGC"
  ],
  "log": "|j|\u2606A Psychic\n|j|\u2606It'sJustKen VGC\n|t:|1775968919\n|gametype|doubles\n|player|p1|A Psychic|102|\n|player|p2|It'sJustKen VGC|player-go|\n|gen|9\n|tier|[Gen 9 Champions] VGC 2026 Reg M-A\n|rated|Tournament battle\n|rule|Species Clause: Limit one of each Pok\u00e9mon\n|rule|Item Clause: Limit 1 of each item\n|clearpoke\n|poke|p1|Floette-Eternal, L50, F|\n|poke|p1|Whimsicott, L50, M|\n|poke|p1|Incineroar, L50, F|\n|poke|p1|Garchomp, L50, F|\n|poke|p1|Sneasler, L50, M|\n|poke|p2|Farigiraf, L50, F|\n|poke|p2|Incineroar, L50, F|\n|poke|p2|Torkoal, L50, F|\n|poke|p2|Charizard, L50, M|\n|poke|p2|Dragonite, L50, M|\n|poke|p2|Typhlosion-Hisui, L50, F|\n|teampreview|4\n|inactive|Battle timer is ON: inactive players will automatically lose when time's up. (requested by A Psychic)\n|inactive|It'sJustKen VGC also wants the timer to be on.\n|inactive|A Psychic has 60 seconds left.\n|\n|t:|1775968960\n|teamsize|p1|4\n|teamsize|p2|4\n|start\n|switch|p1a: Floette|Floette-Eternal, L50, F|100/100\n|switch|p1b: Incineroar|Incineroar, L50, F|100/100\n|switch|p2a: I'm Done Hiding|Farigiraf, L50, F|100/100\n|switch|p2b: Now I'm Shining|Incineroar, L50, F|100/100\n|-ability|p1b: Incineroar|Intimidate|boost\n|-unboost|p2a: I'm Done Hiding|atk|1\n|-unboost|p2b: Now I'm Shining|atk|1\n|-ability|p2b: Now I'm Shining|Intimidate|boost\n|-unboost|p1a: Floette|atk|1\n|-unboost|p1b: Incineroar|atk|1\n|turn|1\n|\n|t:|1775968978\n|move|p1a: Floette|Protect|p1a: Floette\n|-singleturn|p1a: Floette|Protect\n|move|p2b: Now I'm Shining|Fake Out|p1a: Floette\n|-activate|p1a: Floette|move: Protect\n|move|p1b: Incineroar|Darkest Lariat|p2a: I'm Done Hiding\n|-supereffective|p2a: I'm Done Hiding|1\n|-damage|p2a: I'm Done Hiding|58/100\n|move|p2a: I'm Done Hiding|Trick Room|p2a: I'm Done Hiding\n|-fieldstart|move: Trick Room|[of] p2a: I'm Done Hiding\n|\n|upkeep\n|turn|2\n|inactive|A Psychic has 30 seconds left.\n|\n|t:|1775969011\n|detailschange|p1a: Floette|Floette-Mega, L50, F\n|-mega|p1a: Floette|Floette|Floettite\n|-ability|p1a: Floette|Fairy Aura\n|move|p2b: Now I'm Shining|Parting Shot|p1b: Incineroar\n|-unboost|p1b: Incineroar|atk|1\n|-unboost|p1b: Incineroar|spa|1\n|\n|t:|1775969017\n|switch|p2b: Like I'm|Torkoal, L50, F|100/100|[from] Parting Shot\n|-weather|SunnyDay|[from] ability: Drought|[of] p2b: Like I'm\n|move|p2a: I'm Done Hiding|Hyper Voice|p1a: Floette|[spread] p1a,p1b\n|-damage|p1a: Floette|72/100\n|-damage|p1b: Incineroar|75/100\n|move|p1b: Incineroar|Darkest Lariat|p2a: I'm Done Hiding\n|-supereffective|p2a: I'm Done Hiding|1\n|-damage|p2a: I'm Done Hiding|26/100\n|move|p1a: Floette|Moonblast|p2a: I'm Done Hiding\n|-damage|p2a: I'm Done Hiding|0 fnt\n|faint|p2a: I'm Done Hiding\n|\n|-weather|SunnyDay|[upkeep]\n|upkeep\n|\n|t:|1775969021\n|switch|p2a: Now I'm Shining|Incineroar, L50, F|100/100\n|-ability|p2a: Now I'm Shining|Intimidate|boost\n|-unboost|p1a: Floette|atk|1\n|-unboost|p1b: Incineroar|atk|1\n|turn|3\n|\n|t:|1775969031\n|move|p1a: Floette|Protect|p1a: Floette\n|-singleturn|p1a: Floette|Protect\n|move|p2b: Like I'm|Eruption|p1a: Floette|[spread] p1b\n|-activate|p1a: Floette|move: Protect\n|-resisted|p1b: Incineroar|1\n|-damage|p1b: Incineroar|41/100\n|-enditem|p1b: Incineroar|Sitrus Berry|[eat]\n|-heal|p1b: Incineroar|65/100|[from] item: Sitrus Berry\n|move|p2a: Now I'm Shining|Flare Blitz|p1b: Incineroar\n|-resisted|p1b: Incineroar|1\n|-damage|p1b: Incineroar|32/100\n|-damage|p2a: Now I'm Shining|90/100|[from] Recoil\n|move|p1b: Incineroar|Snarl|p2b: Like I'm|[spread] p2a,p2b\n|-resisted|p2a: Now I'm Shining|1\n|-damage|p2a: Now I'm Shining|86/100\n|-damage|p2b: Like I'm|90/100\n|-unboost|p2a: Now I'm Shining|spa|1\n|-unboost|p2b: Like I'm|spa|1\n|\n|-weather|SunnyDay|[upkeep]\n|upkeep\n|turn|4\n|\n|t:|1775969051\n|switch|p1a: Garchomp|Garchomp, L50, F|100/100\n|move|p2b: Like I'm|Eruption|p1a: Garchomp|[spread] p1a,p1b\n|-resisted|p1a: Garchomp|1\n|-resisted|p1b: Incineroar|1\n|-damage|p1a: Garchomp|74/100\n|-damage|p1b: Incineroar|13/100\n|move|p2a: Now I'm Shining|Flare Blitz|p1a: Garchomp\n|-resisted|p1a: Garchomp|1\n|-damage|p1a: Garchomp|29/100\n|-status|p1a: Garchomp|brn\n|-damage|p2a: Now I'm Shining|74/100|[from] ability: Rough Skin|[of] p1a: Garchomp\n|-damage|p2a: Now I'm Shining|60/100|[from] Recoil\n|move|p1b: Incineroar|Parting Shot|p2b: Like I'm\n|-unboost|p2b: Like I'm|atk|1\n|-unboost|p2b: Like I'm|spa|1\n|\n|t:|1775969066\n|switch|p1b: Floette|Floette-Mega, L50, F|72/100|[from] Parting Shot\n|-ability|p1b: Floette|Fairy Aura\n|\n|-weather|SunnyDay|[upkeep]\n|-damage|p1a: Garchomp|23/100 brn|[from] brn\n|upkeep\n|turn|5\n|\n|t:|1775969085\n|switch|p2b: Born To Be|Charizard, L50, M|100/100\n|move|p1b: Floette|Protect|p1b: Floette\n|-singleturn|p1b: Floette|Protect\n|move|p2a: Now I'm Shining|Flare Blitz|p1b: Floette\n|-activate|p1b: Floette|move: Protect\n|move|p1a: Garchomp|Stomping Tantrum|p2b: Born To Be\n|-immune|p2b: Born To Be\n|\n|-weather|SunnyDay|[upkeep]\n|-damage|p2b: Born To Be|88/100|[from] ability: Solar Power|[of] p2b: Born To Be\n|-damage|p1a: Garchomp|17/100 brn|[from] brn\n|-fieldend|move: Trick Room\n|upkeep\n|turn|6\n|\n|t:|1775969108\n|move|p1a: Garchomp|Stomping Tantrum|p2a: Now I'm Shining\n|-supereffective|p2a: Now I'm Shining|1\n|-damage|p2a: Now I'm Shining|0 fnt\n|faint|p2a: Now I'm Shining\n|move|p1b: Floette|Moonblast|p2b: Born To Be\n|-resisted|p2b: Born To Be|1\n|-damage|p2b: Born To Be|39/100\n|move|p2b: Born To Be|Weather Ball|p1b: Floette\n|-damage|p1b: Floette|0 fnt\n|faint|p1b: Floette\n|\n|-weather|none\n|-damage|p1a: Garchomp|11/100 brn|[from] brn\n|upkeep\n|\n|t:|1775969126\n|switch|p1b: Incineroar|Incineroar, L50, F|13/100\n|switch|p2a: Like I'm|Torkoal, L50, F|90/100\n|-ability|p1b: Incineroar|Intimidate|boost\n|-unboost|p2a: Like I'm|atk|1\n|-unboost|p2b: Born To Be|atk|1\n|-weather|SunnyDay|[from] ability: Drought|[of] p2a: Like I'm\n|turn|7\n|\n|t:|1775969133\n|move|p2b: Born To Be|Protect|p2b: Born To Be\n|-singleturn|p2b: Born To Be|Protect\n|move|p2a: Like I'm|Protect|p2a: Like I'm\n|-singleturn|p2a: Like I'm|Protect\n|move|p1b: Incineroar|Fake Out|p2b: Born To Be\n|-activate|p2b: Born To Be|move: Protect\n|move|p1a: Garchomp|Stomping Tantrum|p2a: Like I'm\n|-activate|p2a: Like I'm|move: Protect\n|\n|-weather|SunnyDay|[upkeep]\n|-damage|p2b: Born To Be|27/100|[from] ability: Solar Power|[of] p2b: Born To Be\n|-damage|p1a: Garchomp|5/100 brn|[from] brn\n|upkeep\n|turn|8\n|\n|t:|1775969145\n|move|p1a: Garchomp|Stomping Tantrum|p2a: Like I'm\n|-supereffective|p2a: Like I'm|1\n|-damage|p2a: Like I'm|60/100\n|move|p2b: Born To Be|Weather Ball|p1b: Incineroar\n|-resisted|p1b: Incineroar|1\n|-damage|p1b: Incineroar|0 fnt\n|faint|p1b: Incineroar\n|move|p2a: Like I'm|Weather Ball|p1a: Garchomp\n|-resisted|p1a: Garchomp|1\n|-damage|p1a: Garchomp|0 fnt\n|faint|p1a: Garchomp\n|\n|-weather|SunnyDay|[upkeep]\n|-damage|p2b: Born To Be|15/100|[from] ability: Solar Power|[of] p2b: Born To Be\n|upkeep\n|\n|t:|1775969153\n|switch|p1a: Sneasler|Sneasler, L50, M|100/100\n|turn|9\n|\n|t:|1775969165\n|move|p2b: Born To Be|Protect|p2b: Born To Be\n|-singleturn|p2b: Born To Be|Protect\n|move|p1a: Sneasler|Dire Claw|p2b: Born To Be\n|-activate|p2b: Born To Be|move: Protect\n|move|p2a: Like I'm|Weather Ball|p1a: Sneasler\n|-damage|p1a: Sneasler|0 fnt\n|faint|p1a: Sneasler\n|\n|win|It'sJustKen VGC\n|n|\u2606A Psychic|apsychic\n|n|\u2606It'sJustKen VGC|itsjustkenvgc\n|c|\u2606It'sJustKen VGC|gg wp\n",
  "uploadtime": 1775969168,
  "views": 18,
  "formatid": "gen9championsvgc2026regma",
  "rating": null,
  "private": 0,
  "password": null
}