{
  "id": "gen9championsvgc2026regma-2586845566",
  "format": "[Gen 9 Champions] VGC 2026 Reg M-A",
  "players": [
    "krangune\u2764",
    "W!5t testing 1"
  ],
  "log": "|j|\u2606krangune\u2764\n|j|\u2606W!5t testing 1\n|t:|1776464800\n|gametype|doubles\n|player|p1|krangune\u2764|arezu|\n|player|p2|W!5t testing 1|hilbert-wonderlauncher|\n|gen|9\n|tier|[Gen 9 Champions] VGC 2026 Reg M-A\n|rated|Tournament battle\n|rule|Species Clause: Limit one of each Pok\u00e9mon\n|rule|Item Clause: Limit 1 of each item\n|raw|<div class=\"infobox\"><details class=\"readmore\" open><summary><strong>1 custom rule:</strong></summary> !open team sheets</details></div>\n|clearpoke\n|poke|p1|Scovillain, L50, M|\n|poke|p1|Ninetales, L50, F|\n|poke|p1|Zoroark, L50, F|\n|poke|p1|Dragapult, L50, F|\n|poke|p1|Sneasler, L50, M|\n|poke|p1|Scizor, L50, M|\n|poke|p2|Delphox, L50, M|\n|poke|p2|Torkoal, L50, M|\n|poke|p2|Venusaur, L50, F|\n|poke|p2|Sneasler, L50, M|\n|poke|p2|Milotic, L50, F|\n|poke|p2|Aromatisse, L50, F|\n|teampreview|4\n|j| hatsune p2\n|j| Xmann0025\n|j| Anicredible\n|c|\u2606W!5t testing 1|Good luck!\n|j| 23456ujhgrew\n|j| yernforscytherbuff\n|c|\u2606krangune\u2764|glhf\n|j| Red Fang X\n|j| dodododobirdbird\n|j|+ToastNoButter\n|j| bulbasapo\n|\n|t:|1776464863\n|teamsize|p1|4\n|teamsize|p2|4\n|start\n|switch|p1a: Scovillain|Scovillain, L50, M|100/100\n|switch|p1b: Ninetales|Ninetales, L50, F|100/100\n|switch|p2a: Aromatisse|Aromatisse, L50, F|100/100\n|switch|p2b: Sneasler|Sneasler, L50, M|100/100\n|-weather|SunnyDay|[from] ability: Drought|[of] p1b: Ninetales\n|turn|1\n|\n|t:|1776464906\n|switch|p1a: Scizor|Scizor, L50, M|100/100\n|move|p2b: Sneasler|Close Combat|p1b: Ninetales\n|-damage|p1b: Ninetales|25/100\n|-unboost|p2b: Sneasler|def|1\n|-unboost|p2b: Sneasler|spd|1\n|-enditem|p2b: Sneasler|White Herb\n|-clearnegativeboost|p2b: Sneasler|[silent]\n|move|p1b: Ninetales|Heat Wave|p2b: Sneasler|[spread] p2a,p2b\n|-damage|p2a: Aromatisse|69/100\n|-damage|p2b: Sneasler|55/100\n|move|p2a: Aromatisse|Trick Room|p2a: Aromatisse\n|-fieldstart|move: Trick Room|[of] p2a: Aromatisse\n|\n|-weather|SunnyDay|[upkeep]\n|upkeep\n|turn|2\n|j| WenteBig\n|c| yernforscytherbuff|Rick Troom guest appearance\n|\n|t:|1776464935\n|switch|p2b: Torkoal|Torkoal, L50, M|100/100\n|detailschange|p1a: Scizor|Scizor-Mega, L50, M\n|-mega|p1a: Scizor|Scizor|Scizorite\n|move|p1a: Scizor|Bullet Punch|p2a: Aromatisse\n|-supereffective|p2a: Aromatisse|1\n|-damage|p2a: Aromatisse|10/100\n|move|p2a: Aromatisse|Moonblast|p1b: Ninetales\n|-resisted|p1b: Ninetales|1\n|-damage|p1b: Ninetales|3/100\n|move|p1b: Ninetales|Snarl|p2b: Torkoal|[spread] p2a,p2b\n|-resisted|p2a: Aromatisse|1\n|-damage|p2a: Aromatisse|7/100\n|-damage|p2b: Torkoal|89/100\n|-unboost|p2a: Aromatisse|spa|1\n|-unboost|p2b: Torkoal|spa|1\n|\n|-weather|SunnyDay|[upkeep]\n|upkeep\n|turn|3\n|j| Duelyst II\n|\n|t:|1776464963\n|move|p1a: Scizor|Protect|p1a: Scizor\n|-singleturn|p1a: Scizor|Protect\n|move|p1b: Ninetales|Protect|p1b: Ninetales\n|-singleturn|p1b: Ninetales|Protect\n|move|p2a: Aromatisse|Moonblast|p1b: Ninetales\n|-activate|p1b: Ninetales|move: Protect\n|move|p2b: Torkoal|Eruption|p1a: Scizor|[spread] \n|-activate|p1a: Scizor|move: Protect\n|-activate|p1b: Ninetales|move: Protect\n|\n|-weather|SunnyDay|[upkeep]\n|upkeep\n|turn|4\n|\n|t:|1776464998\n|switch|p1a: Scovillain|Scovillain, L50, M|100/100\n|move|p2a: Aromatisse|Moonblast|p1a: Scovillain\n|-resisted|p1a: Scovillain|1\n|-damage|p1a: Scovillain|76/100\n|move|p2b: Torkoal|Eruption|p1a: Scovillain|[spread] p1a,p1b\n|-resisted|p1b: Ninetales|1\n|-damage|p1a: Scovillain|0 fnt\n|-damage|p1b: Ninetales|0 fnt\n|faint|p1a: Scovillain\n|faint|p1b: Ninetales\n|\n|-weather|SunnyDay|[upkeep]\n|upkeep\n|\n|t:|1776465010\n|switch|p1a: Sneasler|Sneasler, L50, M|100/100\n|switch|p1b: Scizor|Scizor-Mega, L50, M|100/100\n|turn|5\n|n| Red Fang X|redfangx\n|l| dodododobirdbird\n|\n|t:|1776465068\n|switch|p2a: Sneasler|Sneasler, L50, M|55/100\n|move|p1b: Scizor|Protect|p1b: Scizor\n|-singleturn|p1b: Scizor|Protect\n|move|p2b: Torkoal|Eruption|p1a: Sneasler|[spread] p1a\n|-activate|p1b: Scizor|move: Protect\n|-damage|p1a: Sneasler|52/100\n|move|p1a: Sneasler|Gunk Shot|p2b: Torkoal\n|-damage|p2b: Torkoal|45/100\n|-enditem|p2b: Torkoal|Sitrus Berry|[eat]\n|-heal|p2b: Torkoal|70/100|[from] item: Sitrus Berry\n|\n|-weather|none\n|-fieldend|move: Trick Room\n|upkeep\n|turn|6\n|j| Joel_mon\n|\n|t:|1776465095\n|move|p1b: Scizor|Protect||[still]\n|-fail|p1b: Scizor\n|move|p2a: Sneasler|Fake Out|p1b: Scizor\n|-resisted|p1b: Scizor|1\n|-damage|p1b: Scizor|95/100\n|move|p1a: Sneasler|Close Combat|p2b: Torkoal\n|-damage|p2b: Torkoal|23/100\n|-unboost|p1a: Sneasler|def|1\n|-unboost|p1a: Sneasler|spd|1\n|-enditem|p1a: Sneasler|White Herb\n|-clearnegativeboost|p1a: Sneasler|[silent]\n|move|p2b: Torkoal|Eruption|p1a: Sneasler|[spread] p1a,p1b\n|-supereffective|p1b: Scizor|2\n|-damage|p1a: Sneasler|44/100\n|-damage|p1b: Scizor|66/100\n|\n|upkeep\n|turn|7\n|\n|t:|1776465122\n|move|p1b: Scizor|Bullet Punch|p2a: Sneasler\n|-damage|p2a: Sneasler|0 fnt\n|faint|p2a: Sneasler\n|move|p1a: Sneasler|Acrobatics|p2b: Torkoal\n|-damage|p2b: Torkoal|0 fnt\n|faint|p2b: Torkoal\n|\n|upkeep\n|\n|t:|1776465128\n|switch|p2a: Aromatisse|Aromatisse, L50, F|7/100\n|switch|p2b: Milotic|Milotic, L50, F|100/100\n|turn|8\n|\n|t:|1776465160\n|move|p2a: Aromatisse|Protect|p2a: Aromatisse\n|-singleturn|p2a: Aromatisse|Protect\n|move|p1a: Sneasler|Gunk Shot|p2b: Milotic\n|-damage|p2b: Milotic|34/100\n|move|p2b: Milotic|Scald|p1a: Sneasler\n|-damage|p1a: Sneasler|0 fnt\n|faint|p1a: Sneasler\n|move|p1b: Scizor|Dual Wingbeat|p2b: Milotic\n|-damage|p2b: Milotic|8/100\n|-damage|p2b: Milotic|0 fnt\n|faint|p2b: Milotic\n|-hitcount|p2: Milotic|2\n|\n|upkeep\n|turn|9\n|c|\u2606W!5t testing 1|Gg\n|c|\u2606krangune\u2764|gg\n|l| Joel_mon\n|c| yernforscytherbuff|that was a good one\n|\n|t:|1776465183\n|move|p1b: Scizor|Bullet Punch|p2a: Aromatisse\n|-supereffective|p2a: Aromatisse|1\n|-damage|p2a: Aromatisse|0 fnt\n|faint|p2a: Aromatisse\n|\n|win|krangune\u2764\n|n|\u2606krangune\u2764|krangune\n|n|\u2606W!5t testing 1|w5ttesting1\n|n| hatsune p2|hatsunep2\n|n| Xmann0025|xmann0025\n|n| Anicredible|anicredible\n|n| 23456ujhgrew|23456ujhgrew\n|n| yernforscytherbuff|yernforscytherbuff\n|n| Red Fang X|redfangx\n|n| ToastNoButter|toastnobutter\n|n| bulbasapo|bulbasapo\n|n| WenteBig|wentebig\n|n| Duelyst II|duelystii\n",
  "uploadtime": 1776465183,
  "views": 13,
  "formatid": "gen9championsvgc2026regma",
  "rating": null,
  "private": 0,
  "password": null
}