{
  "id": "gen9championsvgc2026regma-2585951446",
  "format": "[Gen 9 Champions] VGC 2026 Reg M-A",
  "players": [
    "ChainsPkmn",
    "freshveggies2"
  ],
  "log": "|j|\u2606ChainsPkmn\n|j|\u2606freshveggies2\n|html|<table width=\"100%\"><tr><td align=\"left\">ChainsPkmn</td><td align=\"right\">freshveggies2</tr><tr><td align=\"left\"><i class=\"fa fa-circle-o\"></i> <i class=\"fa fa-circle-o\"></i> </td><td align=\"right\"><i class=\"fa fa-circle-o\"></i> <i class=\"fa fa-circle-o\"></i> </tr></table>\n|uhtml|bestof|<h2><strong>Game 1</strong> of <a href=\"/game-bestof3-gen9championsvgc2026regma-2585951445\">a best-of-3</a></h2>\n|t:|1776384455\n|gametype|doubles\n|player|p1|ChainsPkmn|miku-water|\n|player|p2|freshveggies2|170|\n|gen|9\n|tier|[Gen 9 Champions] VGC 2026 Reg M-A\n|rule|Species Clause: Limit one of each Pok\u00e9mon\n|rule|Item Clause: Limit 1 of each item\n|raw|<div class=\"infobox\"><details class=\"readmore\" open><summary><strong>1 custom rule:</strong></summary> Best of = 3</details></div>\n|clearpoke\n|poke|p1|Gengar, L50, F|\n|poke|p1|Palafin, L50, M|\n|poke|p1|Politoed, L50, F|\n|poke|p1|Sableye, L50, F|\n|poke|p1|Skarmory, L50, F|\n|poke|p1|Gardevoir, L50, F|\n|poke|p2|Basculegion-F, L50, F|\n|poke|p2|Charizard, L50, M|\n|poke|p2|Tinkaton, L50, F|\n|poke|p2|Garchomp, L50, M|\n|poke|p2|Aerodactyl, L50, M|\n|poke|p2|Clefable, L50, F|\n|teampreview|4\n|c|\u2606freshveggies2|glhf\n|inactive|Battle timer is ON: inactive players will automatically lose when time's up. (requested by ChainsPkmn)\n|inactive|ChainsPkmn has 60 seconds left.\n|inactive|freshveggies2 has 60 seconds left.\n|\n|t:|1776384497\n|teamsize|p1|4\n|teamsize|p2|4\n|start\n|switch|p1a: Palafin|Palafin, L50, M|100/100\n|switch|p1b: Sableye|Sableye, L50, F|100/100\n|switch|p2a: Aerodactyl|Aerodactyl, L50, M|100/100\n|switch|p2b: Garchomp|Garchomp, L50, M|100/100\n|-ability|p2a: Aerodactyl|Unnerve\n|turn|1\n|inactive|ChainsPkmn has 30 seconds left.\n|inactive|freshveggies2 has 30 seconds left.\n|\n|t:|1776384531\n|move|p1b: Sableye|Reflect|p1b: Sableye\n|-sidestart|p1: ChainsPkmn|Reflect\n|move|p2a: Aerodactyl|Rock Slide|p1a: Palafin|[spread] p1b\n|-miss|p2a: Aerodactyl|p1a: Palafin\n|-damage|p1b: Sableye|85/100\n|move|p2b: Garchomp|Earthquake|p1a: Palafin|[spread] p1a,p1b\n|-immune|p2a: Aerodactyl\n|-damage|p1a: Palafin|67/100\n|-damage|p1b: Sableye|57/100\n|move|p1a: Palafin|Flip Turn|p2a: Aerodactyl\n|-supereffective|p2a: Aerodactyl|1\n|-damage|p2a: Aerodactyl|30/100\n|\n|t:|1776384550\n|detailschange|p1a: Palafin|Palafin-Hero, L50, M\n|switch|p1a: Politoed|Politoed, L50, F|100/100|[from] Flip Turn\n|-weather|RainDance|[from] ability: Drizzle|[of] p1a: Politoed\n|\n|-weather|RainDance|[upkeep]\n|upkeep\n|turn|2\n|\n|t:|1776384570\n|move|p2b: Garchomp|Protect|p2b: Garchomp\n|-singleturn|p2b: Garchomp|Protect\n|move|p2a: Aerodactyl|Tailwind|p2a: Aerodactyl\n|-sidestart|p2: freshveggies2|move: Tailwind\n|move|p1a: Politoed|Ice Beam|p2b: Garchomp\n|-activate|p2b: Garchomp|move: Protect\n|move|p1b: Sableye|Foul Play|p2a: Aerodactyl\n|-damage|p2a: Aerodactyl|0 fnt\n|faint|p2a: Aerodactyl\n|\n|-weather|RainDance|[upkeep]\n|upkeep\n|\n|t:|1776384572\n|switch|p2a: Charizard|Charizard, L50, M|100/100\n|turn|3\n|\n|t:|1776384590\n|switch|p1a: Palafin|Palafin-Hero, L50, M|67/100\n|-activate|p1a: Palafin|ability: Zero to Hero\n|detailschange|p2a: Charizard|Charizard-Mega-Y, L50, M\n|-mega|p2a: Charizard|Charizard|Charizardite Y\n|-weather|SunnyDay|[from] ability: Drought|[of] p2a: Charizard\n|move|p1b: Sableye|Light Screen|p1b: Sableye\n|-sidestart|p1: ChainsPkmn|move: Light Screen\n|move|p2b: Garchomp|Earthquake|p1b: Sableye|[spread] p1a,p1b\n|-immune|p2a: Charizard\n|-damage|p1a: Palafin|39/100\n|-damage|p1b: Sableye|29/100\n|move|p2a: Charizard|Solar Beam||[still]\n|-prepare|p2a: Charizard|Solar Beam\n|-anim|p2a: Charizard|Solar Beam|p1a: Palafin\n|-supereffective|p1a: Palafin|1\n|-damage|p1a: Palafin|0 fnt\n|faint|p1a: Palafin\n|\n|-weather|SunnyDay|[upkeep]\n|upkeep\n|inactive|ChainsPkmn has 30 seconds left.\n|\n|t:|1776384620\n|switch|p1a: Gengar|Gengar, L50, F|100/100\n|turn|4\n|\n|t:|1776384639\n|switch|p2a: Basculegion|Basculegion-F, L50, F|100/100\n|switch|p1b: Politoed|Politoed, L50, F|100/100\n|-weather|RainDance|[from] ability: Drizzle|[of] p1b: Politoed\n|detailschange|p1a: Gengar|Gengar-Mega, L50, F\n|-mega|p1a: Gengar|Gengar|Gengarite\n|move|p2b: Garchomp|Earthquake|p1a: Gengar|[spread] p2a,p1a,p1b\n|-supereffective|p1a: Gengar|1\n|-crit|p1b: Politoed\n|-damage|p2a: Basculegion|48/100\n|-damage|p1a: Gengar|30/100\n|-damage|p1b: Politoed|47/100\n|-enditem|p1b: Politoed|Sitrus Berry|[eat]\n|-heal|p1b: Politoed|72/100|[from] item: Sitrus Berry\n|move|p1a: Gengar|Perish Song|p1a: Gengar\n|-start|p1a: Gengar|perish3|[silent]\n|-start|p1b: Politoed|perish3|[silent]\n|-start|p2a: Basculegion|perish3|[silent]\n|-start|p2b: Garchomp|perish3|[silent]\n|-fieldactivate|move: Perish Song\n|\n|-weather|RainDance|[upkeep]\n|-start|p2a: Basculegion|perish3\n|-start|p2b: Garchomp|perish3\n|-start|p1a: Gengar|perish3\n|-start|p1b: Politoed|perish3\n|upkeep\n|turn|5\n|inactive|ChainsPkmn has 30 seconds left.\n|inactive|freshveggies2 has 30 seconds left.\n|inactive|freshveggies2 has 20 seconds left.\n|inactive|freshveggies2 has 15 seconds left.\n|\n|t:|1776384682\n|move|p1a: Gengar|Protect|p1a: Gengar\n|-singleturn|p1a: Gengar|Protect\n|move|p1b: Politoed|Protect|p1b: Politoed\n|-singleturn|p1b: Politoed|Protect\n|move|p2a: Basculegion|Flip Turn|p1b: Politoed\n|-activate|p1b: Politoed|move: Protect\n|move|p2b: Garchomp|Dragon Claw|p1a: Gengar\n|-activate|p1a: Gengar|move: Protect\n|\n|-weather|RainDance|[upkeep]\n|-start|p2a: Basculegion|perish2\n|-start|p2b: Garchomp|perish2\n|-start|p1a: Gengar|perish2\n|-start|p1b: Politoed|perish2\n|-sideend|p1: ChainsPkmn|Reflect\n|-sideend|p2: freshveggies2|move: Tailwind\n|upkeep\n|turn|6\n|inactive|ChainsPkmn has 30 seconds left.\n|inactive|ChainsPkmn has 20 seconds left.\n|\n|t:|1776384718\n|switch|p1a: Sableye|Sableye, L50, F|29/100\n|move|p2a: Basculegion|Flip Turn|p1b: Politoed\n|-resisted|p1b: Politoed|1\n|-damage|p1b: Politoed|54/100\n|\n|t:|1776384723\n|switch|p2a: Charizard|Charizard-Mega-Y, L50, M|100/100|[from] Flip Turn\n|-weather|SunnyDay|[from] ability: Drought|[of] p2a: Charizard\n|move|p2b: Garchomp|Earthquake|p1a: Sableye|[spread] p1a,p1b\n|-immune|p2a: Charizard\n|-damage|p1a: Sableye|0 fnt\n|-damage|p1b: Politoed|21/100\n|faint|p1a: Sableye\n|move|p1b: Politoed|Ice Beam|p2b: Garchomp\n|-supereffective|p2b: Garchomp|2\n|-damage|p2b: Garchomp|0 fnt\n|faint|p2b: Garchomp\n|\n|-weather|SunnyDay|[upkeep]\n|-start|p1b: Politoed|perish1\n|upkeep\n|\n|t:|1776384733\n|switch|p2b: Basculegion|Basculegion-F, L50, F|48/100\n|switch|p1a: Gengar|Gengar-Mega, L50, F|30/100\n|turn|7\n|\n|t:|1776384747\n|move|p2b: Basculegion|Last Respects|p1a: Gengar\n|-supereffective|p1a: Gengar|1\n|-damage|p1a: Gengar|0 fnt\n|faint|p1a: Gengar\n|move|p2a: Charizard|Solar Beam||[still]\n|-prepare|p2a: Charizard|Solar Beam\n|-anim|p2a: Charizard|Solar Beam|p1b: Politoed\n|-supereffective|p1b: Politoed|1\n|-damage|p1b: Politoed|0 fnt\n|faint|p1b: Politoed\n|\n|win|freshveggies2\n||freshveggies2 is ready for game 2.\n|inactive|ChainsPkmn has 30 seconds to confirm battle start!\n|inactive|ChainsPkmn has 20 seconds to confirm battle start!\n||ChainsPkmn is ready for game 2.\n|uhtml|next|Next: <a href=\"/battle-gen9championsvgc2026regma-2585954845\"><strong>Game 2 of 3</strong></a>\n",
  "uploadtime": 1776385430,
  "views": 30,
  "formatid": "gen9championsvgc2026regma",
  "rating": null,
  "private": 0,
  "password": null
}