{
  "id": "gen9championsvgc2026regma-2587134586",
  "format": "[Gen 9 Champions] VGC 2026 Reg M-A",
  "players": [
    "yyssummer",
    "koomsburg"
  ],
  "log": "|j|\u2606yyssummer\n|j|\u2606koomsburg\n|t:|1776498393\n|gametype|doubles\n|player|p1|yyssummer|169|1251\n|player|p2|koomsburg|clerk|1165\n|gen|9\n|tier|[Gen 9 Champions] VGC 2026 Reg M-A\n|rated|\n|rule|Species Clause: Limit one of each Pok\u00e9mon\n|rule|Item Clause: Limit 1 of each item\n|clearpoke\n|poke|p1|Aerodactyl, L50, F, shiny|\n|poke|p1|Farigiraf, L50, M, shiny|\n|poke|p1|Meowscarada, L50, M|\n|poke|p1|Charizard, L50, M|\n|poke|p1|Sneasler, L50, F|\n|poke|p1|Garchomp, L50, F|\n|poke|p2|Politoed, L50, F|\n|poke|p2|Archaludon, L50, M|\n|poke|p2|Blastoise, L50, F|\n|poke|p2|Sinistcha, L50|\n|poke|p2|Talonflame, L50, M|\n|poke|p2|Mudsdale, L50, M|\n|teampreview|4\n|\n|t:|1776498459\n|teamsize|p1|4\n|teamsize|p2|4\n|start\n|switch|p1a: Meowscarada|Meowscarada, L50, M|100/100\n|switch|p1b: Aerodactyl|Aerodactyl, L50, F, shiny|100/100\n|switch|p2a: Talonflame|Talonflame, L50, M|100/100\n|switch|p2b: Blastoise|Blastoise, L50, F|100/100\n|-ability|p1b: Aerodactyl|Unnerve\n|turn|1\n|\n|t:|1776498542\n|switch|p1b: Farigiraf|Farigiraf, L50, M, shiny|100/100\n|switch|p2b: Politoed|Politoed, L50, F|100/100\n|-weather|RainDance|[from] ability: Drizzle|[of] p2b: Politoed\n|move|p2a: Talonflame|Hurricane||[still]\n|cant|p1b: Farigiraf|ability: Armor Tail|Hurricane|[of] p2a: Talonflame\n|move|p1a: Meowscarada|Flower Trick|p2b: Politoed\n|-supereffective|p2b: Politoed|1\n|-crit|p2b: Politoed\n|-damage|p2b: Politoed|12/100\n|-enditem|p2b: Politoed|Sitrus Berry|[eat]\n|-heal|p2b: Politoed|37/100|[from] item: Sitrus Berry\n|\n|-weather|RainDance|[upkeep]\n|upkeep\n|turn|2\n|\n|t:|1776498601\n|move|p2a: Talonflame|Tailwind|p2a: Talonflame\n|-sidestart|p2: koomsburg|move: Tailwind\n|move|p1a: Meowscarada|Flower Trick|p2b: Politoed\n|-supereffective|p2b: Politoed|1\n|-crit|p2b: Politoed\n|-damage|p2b: Politoed|0 fnt\n|faint|p2b: Politoed\n|move|p1b: Farigiraf|Psychic|p2a: Talonflame\n|-damage|p2a: Talonflame|46/100\n|\n|-weather|RainDance|[upkeep]\n|upkeep\n|\n|t:|1776498610\n|switch|p2b: Blastoise|Blastoise, L50, F|100/100\n|turn|3\n|\n|t:|1776498648\n|detailschange|p2b: Blastoise|Blastoise-Mega, L50, F\n|-mega|p2b: Blastoise|Blastoise|Blastoisinite\n|move|p1a: Meowscarada|Protect|p1a: Meowscarada\n|-singleturn|p1a: Meowscarada|Protect\n|move|p2a: Talonflame|Hurricane|p1a: Meowscarada\n|-activate|p1a: Meowscarada|move: Protect\n|move|p2b: Blastoise|Water Spout|p1a: Meowscarada|[spread] p1b\n|-activate|p1a: Meowscarada|move: Protect\n|-damage|p1b: Farigiraf|0 fnt\n|faint|p1b: Farigiraf\n|\n|-weather|RainDance|[upkeep]\n|upkeep\n|\n|t:|1776498662\n|switch|p1b: Sneasler|Sneasler, L50, F|100/100\n|turn|4\n|\n|t:|1776498704\n|move|p2b: Blastoise|Protect|p2b: Blastoise\n|-singleturn|p2b: Blastoise|Protect\n|move|p1b: Sneasler|Fake Out|p2a: Talonflame\n|-damage|p2a: Talonflame|25/100\n|cant|p2a: Talonflame|flinch\n|move|p1a: Meowscarada|Knock Off|p2a: Talonflame\n|-damage|p2a: Talonflame|0 fnt\n|-enditem|p2a: Talonflame|Sharp Beak|[from] move: Knock Off|[of] p1a: Meowscarada\n|faint|p2a: Talonflame\n|\n|-weather|RainDance|[upkeep]\n|upkeep\n|\n|t:|1776498713\n|switch|p2a: Sinistcha|Sinistcha, L50|100/100\n|turn|5\n|inactive|Battle timer is ON: inactive players will automatically lose when time's up. (requested by koomsburg)\n|\n|t:|1776498739\n|switch|p1a: Aerodactyl|Aerodactyl, L50, F, shiny|100/100\n|-ability|p1a: Aerodactyl|Unnerve\n|move|p1b: Sneasler|Protect|p1b: Sneasler\n|-singleturn|p1b: Sneasler|Protect\n|move|p2b: Blastoise|Water Spout|p1a: Aerodactyl|[spread] p1a\n|-activate|p1b: Sneasler|move: Protect\n|-supereffective|p1a: Aerodactyl|1\n|-damage|p1a: Aerodactyl|0 fnt\n|faint|p1a: Aerodactyl\n|move|p2a: Sinistcha|Trick Room|p2a: Sinistcha\n|-fieldstart|move: Trick Room|[of] p2a: Sinistcha\n|\n|-weather|none\n|-sideend|p2: koomsburg|move: Tailwind\n|upkeep\n|\n|t:|1776498753\n|switch|p1a: Meowscarada|Meowscarada, L50, M|100/100\n|turn|6\n|inactive|yyssummer has 30 seconds left.\n|inactive|yyssummer has 20 seconds left.\n|inactive|yyssummer has 15 seconds left.\n|inactive|yyssummer has 10 seconds left.\n|inactive|yyssummer has 5 seconds left.\n|\n|t:|1776498806\n|move|p1b: Sneasler|Protect||[still]\n|-fail|p1b: Sneasler\n|move|p2a: Sinistcha|Matcha Gotcha|p1a: Meowscarada|[spread] p1a,p1b\n|-resisted|p1a: Meowscarada|1\n|-resisted|p1b: Sneasler|1\n|-damage|p1a: Meowscarada|81/100\n|-damage|p1b: Sneasler|81/100\n|-status|p1b: Sneasler|brn\n|move|p2b: Blastoise|Water Spout|p1a: Meowscarada|[spread] p1a,p1b\n|-resisted|p1a: Meowscarada|1\n|-damage|p1a: Meowscarada|28/100\n|-damage|p1b: Sneasler|0 fnt\n|faint|p1b: Sneasler\n|move|p1a: Meowscarada|Flower Trick|p2b: Blastoise\n|-supereffective|p2b: Blastoise|1\n|-crit|p2b: Blastoise\n|-damage|p2b: Blastoise|0 fnt\n|faint|p2b: Blastoise\n|\n|upkeep\n|turn|7\n|\n|t:|1776498826\n|move|p1a: Meowscarada|Protect|p1a: Meowscarada\n|-singleturn|p1a: Meowscarada|Protect\n|move|p2a: Sinistcha|Matcha Gotcha|p1a: Meowscarada\n|-activate|p1a: Meowscarada|move: Protect\n|\n|upkeep\n|turn|8\n|\n|t:|1776498836\n|move|p2a: Sinistcha|Matcha Gotcha|p1a: Meowscarada\n|-resisted|p1a: Meowscarada|1\n|-damage|p1a: Meowscarada|0 fnt\n|faint|p1a: Meowscarada\n|\n|win|koomsburg\n|raw|yyssummer's rating: 1251 &rarr; <strong>1220</strong><br />(-31 for losing)\n|raw|koomsburg's rating: 1165 &rarr; <strong>1196</strong><br />(+31 for winning)\n|l|\u2606koomsburg\n|player|p2|\n",
  "uploadtime": 1776498890,
  "views": 20,
  "formatid": "gen9championsvgc2026regma",
  "rating": 1196,
  "private": 0,
  "password": null
}