{
  "id": "gen9championsvgc2026regma-2583121030",
  "format": "[Gen 9 Champions] VGC 2026 Reg M-A",
  "players": [
    "volo gerentis",
    "eihei916"
  ],
  "log": "|j|\u2606volo gerentis\n|j|\u2606eihei916\n|t:|1776144495\n|gametype|doubles\n|player|p1|volo gerentis|2|1000\n|player|p2|eihei916|colress|1019\n|gen|9\n|tier|[Gen 9 Champions] VGC 2026 Reg M-A\n|rated|\n|rule|Species Clause: Limit one of each Pok\u00e9mon\n|rule|Item Clause: Limit 1 of each item\n|clearpoke\n|poke|p1|Tauros-Paldea-Blaze, L50, M|\n|poke|p1|Pinsir, L50, M|\n|poke|p1|Meowscarada, L50, F|\n|poke|p1|Farigiraf, L50, M|\n|poke|p1|Sylveon, L50, F|\n|poke|p1|Incineroar, L50, M|\n|poke|p2|Floette-Eternal, L50, F|\n|poke|p2|Kingambit, L50, M|\n|poke|p2|Aerodactyl, L50, M|\n|poke|p2|Sinistcha, L50|\n|poke|p2|Incineroar, L50, M|\n|poke|p2|Sneasler, L50, M|\n|teampreview|4\n|c|\u2606volo gerentis|glhf\n|\n|t:|1776144509\n|teamsize|p1|4\n|teamsize|p2|4\n|start\n|switch|p1a: Tauros|Tauros-Paldea-Blaze, L50, M|100/100\n|switch|p1b: Meowscarada|Meowscarada, L50, F|100/100\n|switch|p2a: Kingambit|Kingambit, L50, M|100/100\n|switch|p2b: Floette|Floette-Eternal, L50, F|100/100\n|turn|1\n|\n|t:|1776144529\n|switch|p2a: Incineroar|Incineroar, L50, M|100/100\n|-ability|p2a: Incineroar|Intimidate|boost\n|-unboost|p1a: Tauros|atk|1\n|-unboost|p1b: Meowscarada|atk|1\n|detailschange|p2b: Floette|Floette-Mega, L50, F\n|-mega|p2b: Floette|Floette|Floettite\n|-ability|p2b: Floette|Fairy Aura\n|move|p1b: Meowscarada|Flower Trick|p1a: Tauros\n|-resisted|p1a: Tauros|1\n|-crit|p1a: Tauros\n|-damage|p1a: Tauros|73/100\n|-setboost|p1a: Tauros|atk|6|[from] ability: Anger Point\n|move|p1a: Tauros|Flame Charge|p2b: Floette\n|-damage|p2b: Floette|24/100\n|-boost|p1a: Tauros|spe|1\n|-heal|p1a: Tauros|84/100|[from] item: Shell Bell|[of] p2b: Floette\n|move|p2b: Floette|Calm Mind|p2b: Floette\n|-boost|p2b: Floette|spa|1\n|-boost|p2b: Floette|spd|1\n|\n|upkeep\n|turn|2\n|\n|t:|1776144552\n|move|p2b: Floette|Protect|p2b: Floette\n|-singleturn|p2b: Floette|Protect\n|move|p2a: Incineroar|Fake Out|p1b: Meowscarada\n|-damage|p1b: Meowscarada|83/100\n|move|p1a: Tauros|Rock Slide|p2a: Incineroar|[spread] p2a\n|-activate|p2b: Floette|move: Protect\n|-supereffective|p2a: Incineroar|1\n|-damage|p2a: Incineroar|0 fnt\n|faint|p2a: Incineroar\n|-heal|p1a: Tauros|100/100|[from] item: Shell Bell|[of] p2b: Floette\n|cant|p1b: Meowscarada|flinch\n|\n|upkeep\n|\n|t:|1776144573\n|switch|p2a: Sinistcha|Sinistcha, L50, shiny|100/100\n|-heal|p2b: Floette|49/100|[from] ability: Hospitality|[of] p2a: Sinistcha\n|turn|3\n|\n|t:|1776144598\n|move|p1a: Tauros|Flame Charge|p2a: Sinistcha\n|-supereffective|p2a: Sinistcha|1\n|-damage|p2a: Sinistcha|0 fnt\n|-boost|p1a: Tauros|spe|1\n|faint|p2a: Sinistcha\n|move|p1b: Meowscarada|Psych Up|p1a: Tauros\n|-copyboost|p1b: Meowscarada|p1a: Tauros|[from] move: Psych Up\n|move|p2b: Floette|Moonblast|p1a: Tauros\n|-damage|p1a: Tauros|0 fnt\n|faint|p1a: Tauros\n|\n|upkeep\n|\n|t:|1776144610\n|switch|p1a: Farigiraf|Farigiraf, L50, M|100/100\n|switch|p2a: Kingambit|Kingambit, L50, M|100/100\n|turn|4\n|\n|t:|1776144627\n|move|p1a: Farigiraf|Ally Switch|p1a: Farigiraf\n|swap|p1a: Farigiraf|1|[from] move: Ally Switch\n|move|p2a: Kingambit|Sucker Punch||[still]\n|cant|p1b: Farigiraf|ability: Armor Tail|Sucker Punch|[of] p2a: Kingambit\n|move|p1a: Meowscarada|Flower Trick|p2b: Floette\n|-crit|p2b: Floette\n|-damage|p2b: Floette|0 fnt\n|faint|p2b: Floette\n|\n|upkeep\n|turn|5\n|-message|eihei916 forfeited.\n|\n|win|volo gerentis\n|raw|volo gerentis's rating: 1000 &rarr; <strong>1042</strong><br />(+42 for winning)\n|raw|eihei916's rating: 1019 &rarr; <strong>1005</strong><br />(-14 for losing)\n|l|\u2606eihei916\n|player|p2|\n",
  "uploadtime": 1776144695,
  "views": 20,
  "formatid": "gen9championsvgc2026regma",
  "rating": 1005,
  "private": 0,
  "password": null
}