{
  "id": "gen9championsvgc2026regma-2586533794",
  "format": "[Gen 9 Champions] VGC 2026 Reg M-A",
  "players": [
    "In Da Trickroom",
    "k4n3ky"
  ],
  "log": "|j|\u2606In Da Trickroom\n|j|\u2606k4n3ky\n|t:|1776441253\n|gametype|doubles\n|player|p1|In Da Trickroom|harlequin|1213\n|player|p2|k4n3ky|steven|1248\n|gen|9\n|tier|[Gen 9 Champions] VGC 2026 Reg M-A\n|rated|\n|rule|Species Clause: Limit one of each Pok\u00e9mon\n|rule|Item Clause: Limit 1 of each item\n|clearpoke\n|poke|p1|Blastoise, L50, M|\n|poke|p1|Aerodactyl, L50, M|\n|poke|p1|Maushold-Four, L50|\n|poke|p1|Sinistcha, L50|\n|poke|p1|Sneasler, L50, M|\n|poke|p1|Pelipper, L50, M|\n|poke|p2|Scizor, L50, F|\n|poke|p2|Politoed, L50, F|\n|poke|p2|Tyranitar, L50, F|\n|poke|p2|Excadrill, L50, M|\n|poke|p2|Delphox, L50, F|\n|poke|p2|Sylveon, L50, M|\n|teampreview|4\n|inactive|Battle timer is ON: inactive players will automatically lose when time's up. (requested by In Da Trickroom)\n|inactive|k4n3ky also wants the timer to be on.\n|inactive|In Da Trickroom has 60 seconds left.\n|inactive|k4n3ky has 60 seconds left.\n|inactive|k4n3ky has 30 seconds left.\n|\n|t:|1776441322\n|teamsize|p1|4\n|teamsize|p2|4\n|start\n|switch|p1a: Sneasler|Sneasler, L50, M|100/100\n|switch|p1b: Blastoise|Blastoise, L50, M|100/100\n|switch|p2a: Tyranitar|Tyranitar, L50, F|100/100\n|switch|p2b: Excadrill|Excadrill, L50, M|100/100\n|-weather|Sandstorm|[from] ability: Sand Stream|[of] p2a: Tyranitar\n|turn|1\n|inactive|In Da Trickroom has 30 seconds left.\n|\n|t:|1776441353\n|detailschange|p1b: Blastoise|Blastoise-Mega, L50, M\n|-mega|p1b: Blastoise|Blastoise|Blastoisinite\n|move|p2b: Excadrill|Protect|p2b: Excadrill\n|-singleturn|p2b: Excadrill|Protect\n|move|p2a: Tyranitar|Protect|p2a: Tyranitar\n|-singleturn|p2a: Tyranitar|Protect\n|move|p1a: Sneasler|Fake Out|p2b: Excadrill\n|-activate|p2b: Excadrill|move: Protect\n|move|p1b: Blastoise|Shell Smash|p1b: Blastoise\n|-unboost|p1b: Blastoise|def|1\n|-unboost|p1b: Blastoise|spd|1\n|-boost|p1b: Blastoise|atk|2\n|-boost|p1b: Blastoise|spa|2\n|-boost|p1b: Blastoise|spe|2\n|\n|-weather|Sandstorm|[upkeep]\n|-damage|p1b: Blastoise|95/100|[from] Sandstorm\n|-damage|p1a: Sneasler|95/100|[from] Sandstorm\n|upkeep\n|turn|2\n|inactive|k4n3ky has 30 seconds left.\n|\n|t:|1776441386\n|switch|p1a: Pelipper|Pelipper, L50, M|100/100\n|-weather|RainDance|[from] ability: Drizzle|[of] p1a: Pelipper\n|move|p1b: Blastoise|Water Spout|p2b: Excadrill|[spread] p2a,p2b\n|-supereffective|p2a: Tyranitar|1\n|-supereffective|p2b: Excadrill|1\n|-damage|p2a: Tyranitar|0 fnt\n|-enditem|p2b: Excadrill|Focus Sash\n|-damage|p2b: Excadrill|1/100\n|faint|p2a: Tyranitar\n|move|p2b: Excadrill|Earthquake|p1a: Pelipper|[spread] p1b\n|-immune|p1a: Pelipper\n|-damage|p1b: Blastoise|28/100\n|\n|-weather|RainDance|[upkeep]\n|upkeep\n|\n|t:|1776441401\n|switch|p2a: Scizor|Scizor, L50, F|100/100\n|turn|3\n|inactive|In Da Trickroom has 30 seconds left.\n|inactive|In Da Trickroom has 20 seconds left.\n|\n|t:|1776441441\n|switch|p1a: Sinistcha|Sinistcha, L50|100/100\n|-heal|p1b: Blastoise|52/100|[from] ability: Hospitality|[of] p1a: Sinistcha\n|detailschange|p2a: Scizor|Scizor-Mega, L50, F\n|-mega|p2a: Scizor|Scizor|Scizorite\n|move|p2a: Scizor|Bullet Punch|p1b: Blastoise\n|-resisted|p1b: Blastoise|1\n|-damage|p1b: Blastoise|23/100\n|move|p1b: Blastoise|Dark Pulse|p2b: Excadrill\n|-damage|p2b: Excadrill|0 fnt\n|faint|p2b: Excadrill\n|\n|-weather|RainDance|[upkeep]\n|upkeep\n|\n|t:|1776441452\n|switch|p2b: Delphox|Delphox, L50, F|100/100\n|turn|4\n|\n|t:|1776441465\n|move|p1a: Sinistcha|Rage Powder|p1a: Sinistcha\n|-singleturn|p1a: Sinistcha|move: Rage Powder\n|move|p2a: Scizor|Bullet Punch|p1a: Sinistcha\n|-damage|p1a: Sinistcha|66/100\n|move|p1b: Blastoise|Dark Pulse|p2b: Delphox\n|-supereffective|p2b: Delphox|1\n|-damage|p2b: Delphox|0 fnt\n|faint|p2b: Delphox\n|\n|-weather|RainDance|[upkeep]\n|upkeep\n|turn|5\n|-message|k4n3ky forfeited.\n|\n|win|In Da Trickroom\n|raw|In Da Trickroom's rating: 1213 &rarr; <strong>1241</strong><br />(+28 for winning)\n|raw|k4n3ky's rating: 1248 &rarr; <strong>1220</strong><br />(-28 for losing)\n|l|\u2606k4n3ky\n|player|p2|\n",
  "uploadtime": 1776441479,
  "views": 40,
  "formatid": "gen9championsvgc2026regma",
  "rating": 1220,
  "private": 0,
  "password": null
}