{
  "id": "gen9championsvgc2026regma-2584229923",
  "format": "[Gen 9 Champions] VGC 2026 Reg M-A",
  "players": [
    "SimMikaze",
    "zdekurom"
  ],
  "log": "|j|\u2606SimMikaze\n|j|\u2606zdekurom\n|t:|1776240902\n|gametype|doubles\n|player|p1|SimMikaze|miku-ghost|1324\n|player|p2|zdekurom|unknown|1224\n|gen|9\n|tier|[Gen 9 Champions] VGC 2026 Reg M-A\n|rated|\n|rule|Species Clause: Limit one of each Pok\u00e9mon\n|rule|Item Clause: Limit 1 of each item\n|clearpoke\n|poke|p1|Gengar, L50, M|\n|poke|p1|Maushold, L50|\n|poke|p1|Incineroar, L50, M|\n|poke|p1|Sinistcha, L50|\n|poke|p1|Kommo-o, L50, F|\n|poke|p1|Politoed, L50, F|\n|poke|p2|Empoleon, L50, M|\n|poke|p2|Cofagrigus, L50, M|\n|poke|p2|Oranguru, L50, M|\n|poke|p2|Sylveon, L50, F|\n|poke|p2|Rhyperior, L50, M|\n|poke|p2|Hydrapple, L50, M|\n|teampreview|4\n|inactive|Battle timer is ON: inactive players will automatically lose when time's up. (requested by zdekurom)\n|\n|t:|1776240967\n|teamsize|p1|4\n|teamsize|p2|4\n|start\n|switch|p1a: Gengar|Gengar, L50, M, shiny|100/100\n|switch|p1b: Maushold|Maushold, L50|100/100\n|switch|p2a: Empoleon|Empoleon, L50, M|100/100\n|switch|p2b: Cofagrigus|Cofagrigus, L50, M|100/100\n|turn|1\n|inactive|SimMikaze has 30 seconds left.\n|inactive|zdekurom has 30 seconds left.\n|\n|t:|1776241002\n|switch|p2a: Rhyperior|Rhyperior, L50, M|100/100\n|detailschange|p1a: Gengar|Gengar-Mega, L50, M, shiny\n|-mega|p1a: Gengar|Gengar|Gengarite\n|move|p1b: Maushold|Protect|p1b: Maushold\n|-singleturn|p1b: Maushold|Protect\n|move|p1a: Gengar|Shadow Ball|p2b: Cofagrigus\n|-supereffective|p2b: Cofagrigus|1\n|-damage|p2b: Cofagrigus|29/100\n|move|p2b: Cofagrigus|Trick Room|p2b: Cofagrigus\n|-fieldstart|move: Trick Room|[of] p2b: Cofagrigus\n|\n|upkeep\n|turn|2\n|inactive|SimMikaze has 30 seconds left.\n|\n|t:|1776241030\n|switch|p1b: Incineroar|Incineroar, L50, M, shiny|100/100\n|-ability|p1b: Incineroar|Intimidate|boost\n|-unboost|p2a: Rhyperior|atk|1\n|-unboost|p2b: Cofagrigus|atk|1\n|-enditem|p2a: Rhyperior|White Herb\n|-clearnegativeboost|p2a: Rhyperior|[silent]\n|move|p1a: Gengar|Protect|p1a: Gengar\n|-singleturn|p1a: Gengar|Protect\n|move|p2b: Cofagrigus|Body Press|p1b: Incineroar\n|-supereffective|p1b: Incineroar|1\n|-damage|p1b: Incineroar|55/100\n|move|p2a: Rhyperior|Earthquake|p1b: Incineroar|[spread] p2b,p1b\n|-activate|p1a: Gengar|move: Protect\n|-supereffective|p1b: Incineroar|1\n|-damage|p2b: Cofagrigus|0 fnt\n|-damage|p1b: Incineroar|0 fnt\n|faint|p2b: Cofagrigus\n|faint|p1b: Incineroar\n|\n|upkeep\n|\n|t:|1776241047\n|switch|p2b: Hydrapple|Hydrapple, L50, M|100/100\n|switch|p1b: Maushold|Maushold, L50|100/100\n|-ability|p2b: Hydrapple|Supersweet Syrup\n|-unboost|p1a: Gengar|evasion|1\n|-unboost|p1b: Maushold|evasion|1\n|turn|3\n|\n|t:|1776241070\n|move|p1b: Maushold|Follow Me|p1b: Maushold\n|-singleturn|p1b: Maushold|move: Follow Me\n|move|p2a: Rhyperior|High Horsepower|p1b: Maushold\n|-damage|p1b: Maushold|21/100\n|move|p2b: Hydrapple|Fickle Beam|p1b: Maushold\n|-damage|p1b: Maushold|0 fnt\n|faint|p1b: Maushold\n|move|p1a: Gengar|Perish Song|p1a: Gengar\n|-start|p1a: Gengar|perish3|[silent]\n|-start|p2a: Rhyperior|perish3|[silent]\n|-start|p2b: Hydrapple|perish3|[silent]\n|-fieldactivate|move: Perish Song\n|\n|-start|p2a: Rhyperior|perish3\n|-start|p2b: Hydrapple|perish3\n|-start|p1a: Gengar|perish3\n|upkeep\n|\n|t:|1776241079\n|switch|p1b: Politoed|Politoed, L50, F|100/100\n|-weather|RainDance|[from] ability: Drizzle|[of] p1b: Politoed\n|turn|4\n|\n|t:|1776241095\n|move|p1b: Politoed|Protect|p1b: Politoed\n|-singleturn|p1b: Politoed|Protect\n|move|p1a: Gengar|Protect|p1a: Gengar\n|-singleturn|p1a: Gengar|Protect\n|move|p2a: Rhyperior|High Horsepower|p1b: Politoed\n|-activate|p1b: Politoed|move: Protect\n|move|p2b: Hydrapple|Energy Ball|p1b: Politoed\n|-activate|p1b: Politoed|move: Protect\n|\n|-weather|RainDance|[upkeep]\n|-start|p2a: Rhyperior|perish2\n|-start|p2b: Hydrapple|perish2\n|-start|p1a: Gengar|perish2\n|upkeep\n|turn|5\n|\n|t:|1776241119\n|move|p2a: Rhyperior|High Horsepower|p1b: Politoed|[miss]\n|-miss|p2a: Rhyperior|p1b: Politoed\n|move|p2b: Hydrapple|Energy Ball|p1b: Politoed\n|-supereffective|p1b: Politoed|1\n|-damage|p1b: Politoed|11/100\n|move|p1b: Politoed|Weather Ball|p2a: Rhyperior\n|-supereffective|p2a: Rhyperior|2\n|-damage|p2a: Rhyperior|0 fnt\n|faint|p2a: Rhyperior\n|move|p1a: Gengar|Substitute|p1a: Gengar\n|-start|p1a: Gengar|Substitute\n|-damage|p1a: Gengar|76/100\n|\n|-weather|RainDance|[upkeep]\n|-heal|p1b: Politoed|17/100|[from] item: Leftovers\n|-start|p2b: Hydrapple|perish1\n|-start|p1a: Gengar|perish1\n|-fieldend|move: Trick Room\n|upkeep\n|\n|t:|1776241124\n|switch|p2a: Empoleon|Empoleon, L50, M|100/100\n|turn|6\n|inactive|SimMikaze has 30 seconds left.\n|inactive|SimMikaze has 20 seconds left.\n|inactive|SimMikaze has 15 seconds left.\n|inactive|SimMikaze has 10 seconds left.\n|\n|t:|1776241170\n|move|p1a: Gengar|Perish Song|p1a: Gengar\n|-start|p1b: Politoed|perish3|[silent]\n|-start|p2a: Empoleon|perish3|[silent]\n|-fieldactivate|move: Perish Song\n|move|p1b: Politoed|Encore||[still]\n|-fail|p1b: Politoed\n|move|p2a: Empoleon|Flash Cannon|p1b: Politoed\n|-resisted|p1b: Politoed|1\n|-damage|p1b: Politoed|0 fnt\n|faint|p1b: Politoed\n|move|p2b: Hydrapple|Fickle Beam|p1a: Gengar\n|-end|p1a: Gengar|Substitute\n|\n|-weather|RainDance|[upkeep]\n|-start|p1a: Gengar|perish0\n|-start|p2a: Empoleon|perish3\n|faint|p1a: Gengar\n|\n|win|zdekurom\n|raw|SimMikaze's rating: 1324 &rarr; <strong>1298</strong><br />(-26 for losing)\n|raw|zdekurom's rating: 1224 &rarr; <strong>1256</strong><br />(+32 for winning)\n|l|\u2606zdekurom\n|player|p2|\n",
  "uploadtime": 1776241174,
  "views": 40,
  "formatid": "gen9championsvgc2026regma",
  "rating": 1256,
  "private": 0,
  "password": null
}