{
  "id": "gen9championsvgc2026regma-2580701889",
  "format": "[Gen 9 Champions] VGC 2026 Reg M-A",
  "players": [
    "TheAbry",
    "vincy18"
  ],
  "log": "|j|\u2606TheAbry\n|j|\u2606vincy18\n|t:|1775925486\n|gametype|doubles\n|player|p1|TheAbry|169|1104\n|player|p2|vincy18|will|1147\n|gen|9\n|tier|[Gen 9 Champions] VGC 2026 Reg M-A\n|rated|\n|rule|Species Clause: Limit one of each Pok\u00e9mon\n|rule|Item Clause: Limit 1 of each item\n|clearpoke\n|poke|p1|Aerodactyl, L50, M|\n|poke|p1|Incineroar, L50, F|\n|poke|p1|Floette-Eternal, L50, F|\n|poke|p1|Basculegion, L50, M|\n|poke|p1|Garchomp, L50, M|\n|poke|p1|Sneasler, L50, F|\n|poke|p2|Froslass, L50, F|\n|poke|p2|Glaceon, L50, F|\n|poke|p2|Maushold-Four, L50|\n|poke|p2|Sneasler, L50, M|\n|poke|p2|Dragapult, L50, M|\n|poke|p2|Arcanine-Hisui, L50, F|\n|teampreview|4\n|inactive|Battle timer is ON: inactive players will automatically lose when time's up. (requested by vincy18)\nTheAbry has agreed to open team sheets.\nvincy18 has agreed to open team sheets.\n|showteam|p1|Aerodactyl||FocusSash|Unnerve|RockSlide,DualWingbeat,Protect,Tailwind|||M|||50|]Incineroar||SitrusBerry|Intimidate|FakeOut,HelpingHand,PartingShot,FlareBlitz|||F|||50|]Floette-Eternal||Floettite|FlowerVeil|DazzlingGleam,Moonblast,LightofRuin,Protect|||F|||50|]Basculegion||ChoiceScarf|Adaptability|LastRespects,FlipTurn,Liquidation,WaveCrash|||M|||50|]Garchomp||HabanBerry|RoughSkin|Earthquake,DragonClaw,RockSlide,Protect|||M|||50|]Sneasler||WhiteHerb|Unburden|CloseCombat,DireClaw,RockTomb,Protect|||F|||50|\n|showteam|p2|Froslass||Froslassite|CursedBody|AuroraVeil,Protect,ShadowBall,Blizzard|||F|||50|]Glaceon||NeverMeltIce|SnowCloak|Blizzard,FreezeDry,Protect,IceShard|||F|||50|]Maushold-Four||FocusSash|FriendGuard|SuperFang,FollowMe,Protect,Taunt||||||50|]Sneasler||WhiteHerb|Unburden|FakeOut,DireClaw,CloseCombat,Protect|||M|||50|]Dragapult||DragonFang|ClearBody|Protect,DragonDarts,PhantomForce,DragonDance|||M|||50|]Arcanine-Hisui||ChopleBerry|Intimidate|FlareBlitz,ExtremeSpeed,RockSlide,Protect|||F|||50|\n|inactive|TheAbry has 60 seconds left.\n|inactive|vincy18 has 60 seconds left.\n|inactive|TheAbry has 30 seconds left.\n|inactive|TheAbry has 20 seconds left.\n|inactive|TheAbry has 15 seconds left.\n|inactive|TheAbry has 10 seconds left.\n|\n|t:|1775925569\n|teamsize|p1|4\n|teamsize|p2|4\n|start\n|switch|p1a: Aerodactyl|Aerodactyl, L50, M|100/100\n|switch|p1b: Incineroar|Incineroar, L50, F|100/100\n|switch|p2a: Dragapult|Dragapult, L50, M|100/100\n|switch|p2b: Maushold|Maushold-Four, L50|100/100\n|-ability|p1a: Aerodactyl|Unnerve\n|-ability|p1b: Incineroar|Intimidate|boost\n|-fail|p2a: Dragapult|unboost|[from] ability: Clear Body|[of] p2a: Dragapult\n|-unboost|p2b: Maushold|atk|1\n|turn|1\n|inactive|TheAbry has 30 seconds left.\n|inactive|vincy18 has 30 seconds left.\n|\n|t:|1775925602\n|move|p2a: Dragapult|Phantom Force||[still]\n|-prepare|p2a: Dragapult|Phantom Force\n|move|p1a: Aerodactyl|Tailwind|p1a: Aerodactyl\n|-sidestart|p1: TheAbry|move: Tailwind\n|move|p2b: Maushold|Super Fang|p1b: Incineroar\n|-damage|p1b: Incineroar|50/100\n|-enditem|p1b: Incineroar|Sitrus Berry|[eat]\n|-heal|p1b: Incineroar|75/100|[from] item: Sitrus Berry\n|move|p1b: Incineroar|Parting Shot|p2a: Dragapult|[miss]\n|-miss|p1b: Incineroar|p2a: Dragapult\n|\n|upkeep\n|turn|2\n|\n|t:|1775925617\n|switch|p1b: Floette|Floette-Eternal, L50, F|100/100\n|move|p1a: Aerodactyl|Protect|p1a: Aerodactyl\n|-singleturn|p1a: Aerodactyl|Protect\n|move|p2a: Dragapult|Phantom Force|p1a: Aerodactyl|[from] lockedmove\n|-activate|p1a: Aerodactyl|move: Phantom Force|[broken]\n|-damage|p1a: Aerodactyl|29/100\n|move|p2b: Maushold|Super Fang|p1b: Floette\n|-damage|p1b: Floette|51/100\n|\n|upkeep\n|turn|3\n|inactive|vincy18 has 30 seconds left.\n|inactive|vincy18 has 20 seconds left.\n|\n|t:|1775925652\n|detailschange|p1b: Floette|Floette-Mega, L50, F\n|-mega|p1b: Floette|Floette|Floettite\n|-ability|p1b: Floette|Fairy Aura\n|move|p2a: Dragapult|Protect|p2a: Dragapult\n|-singleturn|p2a: Dragapult|Protect\n|move|p1a: Aerodactyl|Rock Slide|p2b: Maushold|[spread] p2b\n|-activate|p2a: Dragapult|move: Protect\n|-damage|p2b: Maushold|70/100\n|move|p1b: Floette|Dazzling Gleam|p2b: Maushold|[spread] p2b\n|-activate|p2a: Dragapult|move: Protect\n|-damage|p2b: Maushold|12/100\n|move|p2b: Maushold|Taunt|p1b: Floette\n|-start|p1b: Floette|move: Taunt\n|\n|upkeep\n|turn|4\n|inactive|vincy18 has 30 seconds left.\n|\n|t:|1775925687\n|move|p2a: Dragapult|Protect||[still]\n|-fail|p2a: Dragapult\n|move|p2b: Maushold|Protect|p2b: Maushold\n|-singleturn|p2b: Maushold|Protect\n|move|p1a: Aerodactyl|Rock Slide|p2b: Maushold|[spread] p2a\n|-activate|p2b: Maushold|move: Protect\n|-damage|p2a: Dragapult|74/100\n|move|p1b: Floette|Moonblast|p2a: Dragapult\n|-supereffective|p2a: Dragapult|1\n|-damage|p2a: Dragapult|0 fnt\n|faint|p2a: Dragapult\n|\n|-sideend|p1: TheAbry|move: Tailwind\n|upkeep\n|\n|t:|1775925698\n|switch|p2a: Sneasler|Sneasler, L50, M|100/100\n|turn|5\n|\n|t:|1775925713\n|switch|p1b: Incineroar|Incineroar, L50, F|75/100\n|-ability|p1b: Incineroar|Intimidate|boost\n|-unboost|p2a: Sneasler|atk|1\n|-unboost|p2b: Maushold|atk|1\n|-enditem|p2a: Sneasler|White Herb\n|-clearnegativeboost|p2a: Sneasler|[silent]\n|move|p1a: Aerodactyl|Protect|p1a: Aerodactyl\n|-singleturn|p1a: Aerodactyl|Protect\n|move|p2b: Maushold|Follow Me|p2b: Maushold\n|-singleturn|p2b: Maushold|move: Follow Me\n|move|p2a: Sneasler|Close Combat|p1a: Aerodactyl\n|-activate|p1a: Aerodactyl|move: Protect\n|\n|upkeep\n|turn|6\n|\n|t:|1775925729\n|move|p2a: Sneasler|Protect|p2a: Sneasler\n|-singleturn|p2a: Sneasler|Protect\n|move|p2b: Maushold|Protect|p2b: Maushold\n|-singleturn|p2b: Maushold|Protect\n|move|p1a: Aerodactyl|Tailwind|p1a: Aerodactyl\n|-sidestart|p1: TheAbry|move: Tailwind\n|move|p1b: Incineroar|Flare Blitz|p2a: Sneasler\n|-activate|p2a: Sneasler|move: Protect\n|\n|upkeep\n|turn|7\n|inactive|TheAbry has 30 seconds left.\n|\n|t:|1775925756\n|move|p1a: Aerodactyl|Protect|p1a: Aerodactyl\n|-singleturn|p1a: Aerodactyl|Protect\n|move|p2b: Maushold|Follow Me|p2b: Maushold\n|-singleturn|p2b: Maushold|move: Follow Me\n|move|p2a: Sneasler|Close Combat|p1b: Incineroar\n|-supereffective|p1b: Incineroar|1\n|-damage|p1b: Incineroar|0 fnt\n|-unboost|p2a: Sneasler|def|1\n|-unboost|p2a: Sneasler|spd|1\n|faint|p1b: Incineroar\n|\n|upkeep\n|\n|t:|1775925767\n|switch|p1b: Floette|Floette-Mega, L50, F|51/100\n|-ability|p1b: Floette|Fairy Aura\n|turn|8\n|\n|t:|1775925780\n|move|p2b: Maushold|Follow Me|p2b: Maushold\n|-singleturn|p2b: Maushold|move: Follow Me\n|move|p1a: Aerodactyl|Dual Wingbeat|p2b: Maushold\n|-damage|p2b: Maushold|0 fnt\n|faint|p2b: Maushold\n|-hitcount|p2: Maushold|1\n|move|p2a: Sneasler|Dire Claw|p1b: Floette\n|-supereffective|p1b: Floette|1\n|-damage|p1b: Floette|0 fnt\n|faint|p1b: Floette\n|\n|upkeep\n|\n|t:|1775925789\n|switch|p2b: Froslass|Froslass, L50, F, shiny|100/100\n|switch|p1b: Basculegion|Basculegion, L50, M|100/100\n|turn|9\n|\n|t:|1775925803\n|move|p2a: Sneasler|Protect|p2a: Sneasler\n|-singleturn|p2a: Sneasler|Protect\n|move|p2b: Froslass|Protect|p2b: Froslass\n|-singleturn|p2b: Froslass|Protect\n|move|p1b: Basculegion|Last Respects|p2b: Froslass\n|-activate|p2b: Froslass|move: Protect\n|move|p1a: Aerodactyl|Dual Wingbeat|p2a: Sneasler\n|-activate|p2a: Sneasler|move: Protect\n|\n|-sideend|p1: TheAbry|move: Tailwind\n|upkeep\n|turn|10\n|inactive|TheAbry has 30 seconds left.\n|\n|t:|1775925830\n|move|p1a: Aerodactyl|Protect|p1a: Aerodactyl\n|-singleturn|p1a: Aerodactyl|Protect\n|move|p2b: Froslass|Protect|p2b: Froslass\n|-singleturn|p2b: Froslass|Protect\n|move|p2a: Sneasler|Close Combat|p1a: Aerodactyl\n|-activate|p1a: Aerodactyl|move: Protect\n|move|p1b: Basculegion|Last Respects|p2a: Sneasler\n|-damage|p2a: Sneasler|0 fnt\n|faint|p2a: Sneasler\n|\n|upkeep\n|turn|11\n|\n|t:|1775925840\n|detailschange|p2b: Froslass|Froslass-Mega, L50, F, shiny\n|-mega|p2b: Froslass|Froslass|Froslassite\n|-weather|Snowscape|[from] ability: Snow Warning|[of] p2b: Froslass\n|move|p1b: Basculegion|Last Respects|p2b: Froslass\n|-supereffective|p2b: Froslass|1\n|-damage|p2b: Froslass|0 fnt\n|faint|p2b: Froslass\n|\n|win|TheAbry\n|raw|TheAbry's rating: 1104 &rarr; <strong>1132</strong><br />(+28 for winning)\n|raw|vincy18's rating: 1147 &rarr; <strong>1119</strong><br />(-28 for losing)\n|l|\u2606vincy18\n|player|p2|\n|c|\u2606TheAbry|gg\n",
  "uploadtime": 1775925840,
  "views": 14,
  "formatid": "gen9championsvgc2026regma",
  "rating": 1119,
  "private": 0,
  "password": null
}