{
  "id": "gen9championsvgc2026regma-2586000928",
  "format": "[Gen 9 Champions] VGC 2026 Reg M-A",
  "players": [
    "Orizor",
    "diegoncyl"
  ],
  "log": "|j|\u2606Orizor\n|j|\u2606diegoncyl\n|html|<table width=\"100%\"><tr><td align=\"left\">Orizor</td><td align=\"right\">diegoncyl</tr><tr><td align=\"left\"><i class=\"fa fa-circle\"></i> <i class=\"fa fa-circle-o\"></i> </td><td align=\"right\"><i class=\"fa fa-circle-o\"></i> <i class=\"fa fa-circle\"></i> </tr></table>\n|uhtml|bestof|<h2><strong>Game 3</strong> of <a href=\"/game-bestof3-gen9championsvgc2026regma-2585995293\">a best-of-3</a></h2>\n|t:|1776389088\n|gametype|doubles\n|player|p1|Orizor|hilbert-wonderlauncher|\n|player|p2|diegoncyl|hilbert-wonderlauncher|\n|gen|9\n|tier|[Gen 9 Champions] VGC 2026 Reg M-A\n|rule|Species Clause: Limit one of each Pok\u00e9mon\n|rule|Item Clause: Limit 1 of each item\n|raw|<div class=\"infobox\"><details class=\"readmore\" open><summary><strong>1 custom rule:</strong></summary> Best of = 3</details></div>\n|clearpoke\n|poke|p1|Garchomp, L50, F|\n|poke|p1|Gengar, L50, F|\n|poke|p1|Incineroar, L50, M|\n|poke|p1|Basculegion, L50, M|\n|poke|p1|Talonflame, L50, F|\n|poke|p1|Lucario, L50, M|\n|poke|p2|Dragonite, L50, F|\n|poke|p2|Sneasler, L50, M|\n|poke|p2|Pelipper, L50, M|\n|poke|p2|Basculegion, L50, M|\n|poke|p2|Sinistcha, L50|\n|poke|p2|Incineroar, L50, M|\n|teampreview|4\n|inactive|Battle timer is ON: inactive players will automatically lose when time's up. (requested by Orizor)\n|inactive|diegoncyl also wants the timer to be on.\n|inactive|Orizor has 60 seconds left.\n|inactive|diegoncyl has 60 seconds left.\n|\n|t:|1776389137\n|teamsize|p1|4\n|teamsize|p2|4\n|start\n|switch|p1a: Basculegion|Basculegion, L50, M|100/100\n|switch|p1b: Talonflame|Talonflame, L50, F|100/100\n|switch|p2a: Dragonite|Dragonite, L50, F, shiny|100/100\n|switch|p2b: Pelipper|Pelipper, L50, M|100/100\n|-weather|RainDance|[from] ability: Drizzle|[of] p2b: Pelipper\n|turn|1\n|\n|t:|1776389155\n|detailschange|p2a: Dragonite|Dragonite-Mega, L50, F, shiny\n|-mega|p2a: Dragonite|Dragonite|Dragoninite\n|move|p1b: Talonflame|Dual Wingbeat|p2a: Dragonite\n|-damage|p2a: Dragonite|92/100\n|-damage|p2a: Dragonite|74/100\n|-hitcount|p2a: Dragonite|2\n|move|p1a: Basculegion|Wave Crash|p2a: Dragonite\n|-resisted|p2a: Dragonite|1\n|-damage|p2a: Dragonite|19/100\n|-damage|p1a: Basculegion|85/100|[from] Recoil\n|move|p2a: Dragonite|Dragon Pulse|p1a: Basculegion\n|-damage|p1a: Basculegion|22/100\n|move|p2b: Pelipper|Tailwind|p2b: Pelipper\n|-sidestart|p2: diegoncyl|move: Tailwind\n|\n|-weather|RainDance|[upkeep]\n|upkeep\n|turn|2\n|\n|t:|1776389178\n|switch|p2a: Incineroar|Incineroar, L50, M, shiny|100/100\n|-ability|p2a: Incineroar|Intimidate|boost\n|-unboost|p1a: Basculegion|atk|1\n|-unboost|p1b: Talonflame|atk|1\n|move|p2b: Pelipper|Protect|p2b: Pelipper\n|-singleturn|p2b: Pelipper|Protect\n|move|p1b: Talonflame|Tailwind|p1b: Talonflame\n|-sidestart|p1: Orizor|move: Tailwind\n|move|p1a: Basculegion|Wave Crash|p2b: Pelipper\n|-activate|p2b: Pelipper|move: Protect\n|\n|-weather|RainDance|[upkeep]\n|upkeep\n|turn|3\n|inactive|diegoncyl has 30 seconds left.\n|inactive|diegoncyl has 20 seconds left.\n|inactive|diegoncyl has 15 seconds left.\n|\n|t:|1776389222\n|switch|p1b: Garchomp|Garchomp, L50, F|100/100\n|switch|p2a: Basculegion|Basculegion, L50, M, shiny|100/100\n|move|p1a: Basculegion|Wave Crash|p2a: Basculegion\n|-resisted|p2a: Basculegion|1\n|-damage|p2a: Basculegion|48/100\n|-damage|p1a: Basculegion|5/100|[from] Recoil\n|move|p2b: Pelipper|Weather Ball|p1b: Garchomp\n|-damage|p1b: Garchomp|24/100\n|\n|-weather|RainDance|[upkeep]\n|upkeep\n|turn|4\n|inactive|diegoncyl has 30 seconds left.\n|\n|t:|1776389247\n|move|p1b: Garchomp|Protect|p1b: Garchomp\n|-singleturn|p1b: Garchomp|Protect\n|move|p2a: Basculegion|Wave Crash|p1b: Garchomp\n|-activate|p1b: Garchomp|move: Protect\n|move|p1a: Basculegion|Wave Crash|p2a: Basculegion\n|-resisted|p2a: Basculegion|1\n|-damage|p2a: Basculegion|0 fnt\n|faint|p2a: Basculegion\n|-damage|p1a: Basculegion|0 fnt|[from] Recoil\n|faint|p1a: Basculegion\n|move|p2b: Pelipper|Weather Ball|p1b: Garchomp\n|-activate|p1b: Garchomp|move: Protect\n|\n|-weather|RainDance|[upkeep]\n|-sideend|p2: diegoncyl|move: Tailwind\n|upkeep\n|\n|t:|1776389259\n|switch|p2a: Incineroar|Incineroar, L50, M, shiny|100/100\n|switch|p1a: Gengar|Gengar, L50, F|100/100\n|-ability|p2a: Incineroar|Intimidate|boost\n|-unboost|p1a: Gengar|atk|1\n|-unboost|p1b: Garchomp|atk|1\n|-enditem|p1b: Garchomp|White Herb\n|-clearnegativeboost|p1b: Garchomp|[silent]\n|turn|5\n|inactive|Orizor has 30 seconds left.\n|inactive|diegoncyl has 30 seconds left.\n|\n|t:|1776389294\n|detailschange|p1a: Gengar|Gengar-Mega, L50, F\n|-mega|p1a: Gengar|Gengar|Gengarite\n|move|p2a: Incineroar|Fake Out|p1b: Garchomp\n|-damage|p1b: Garchomp|13/100\n|-damage|p2a: Incineroar|88/100|[from] ability: Rough Skin|[of] p1b: Garchomp\n|move|p1a: Gengar|Sludge Bomb|p2b: Pelipper\n|-damage|p2b: Pelipper|2/100\n|cant|p1b: Garchomp|flinch\n|move|p2b: Pelipper|Weather Ball|p1a: Gengar\n|-damage|p1a: Gengar|4/100\n|\n|-weather|none\n|-sideend|p1: Orizor|move: Tailwind\n|upkeep\n|turn|6\n|\n|t:|1776389317\n|move|p1a: Gengar|Sludge Bomb|p2b: Pelipper\n|-damage|p2b: Pelipper|0 fnt\n|faint|p2b: Pelipper\n|move|p1b: Garchomp|Stomping Tantrum|p2a: Incineroar\n|-supereffective|p2a: Incineroar|1\n|-damage|p2a: Incineroar|0 fnt\n|faint|p2a: Incineroar\n|\n|upkeep\n|\n|t:|1776389324\n|switch|p2b: Dragonite|Dragonite-Mega, L50, F, shiny|19/100\n|turn|7\n|\n|t:|1776389331\n|move|p1a: Gengar|Sludge Bomb|p2b: Dragonite\n|-damage|p2b: Dragonite|0 fnt\n|faint|p2b: Dragonite\n|\n|win|Orizor\n|c|\u2606Orizor|Ggwp\n",
  "uploadtime": 1776389341,
  "views": 14,
  "formatid": "gen9championsvgc2026regma",
  "rating": null,
  "private": 0,
  "password": null
}