{
  "id": "gen9championsvgc2026regma-2585837916",
  "format": "[Gen 9 Champions] VGC 2026 Reg M-A",
  "players": [
    "KarmicPines2002",
    "Perzeaus"
  ],
  "log": "|j|\u2606KarmicPines2002\n|j|\u2606Perzeaus\n|t:|1776374437\n|gametype|doubles\n|player|p1|KarmicPines2002|101|1167\n|player|p2|Perzeaus|fisherman-gen4|1136\n|gen|9\n|tier|[Gen 9 Champions] VGC 2026 Reg M-A\n|rated|\n|rule|Species Clause: Limit one of each Pok\u00e9mon\n|rule|Item Clause: Limit 1 of each item\n|clearpoke\n|poke|p1|Gardevoir, L50, M|\n|poke|p1|Incineroar, L50, M|\n|poke|p1|Aerodactyl, L50, M|\n|poke|p1|Sinistcha, L50|\n|poke|p1|Torkoal, L50, M|\n|poke|p1|Sneasler, L50, M|\n|poke|p2|Floette-Eternal, L50, F|\n|poke|p2|Meowscarada, L50, F|\n|poke|p2|Charizard, L50, M|\n|poke|p2|Garchomp, L50, M|\n|poke|p2|Kingambit, L50, F|\n|poke|p2|Maushold, L50|\n|teampreview|4\n|inactive|Battle timer is ON: inactive players will automatically lose when time's up. (requested by Perzeaus)\n|inactive|KarmicPines2002 has 60 seconds left.\n|\n|t:|1776374495\n|teamsize|p1|4\n|teamsize|p2|4\n|start\n|switch|p1a: Aerodactyl|Aerodactyl, L50, M|100/100\n|switch|p1b: Sneasler|Sneasler, L50, M|100/100\n|switch|p2a: Floette|Floette-Eternal, L50, F|100/100\n|switch|p2b: Meowscarada|Meowscarada, L50, F|100/100\n|-ability|p1a: Aerodactyl|Unnerve\n|turn|1\n|inactive|KarmicPines2002 has 30 seconds left.\n|inactive|KarmicPines2002 has 20 seconds left.\n|inactive|KarmicPines2002 has 15 seconds left.\n|\n|t:|1776374540\n|move|p2b: Meowscarada|Protect|p2b: Meowscarada\n|-start|p2b: Meowscarada|typechange|Normal|[from] ability: Protean\n|-singleturn|p2b: Meowscarada|Protect\n|move|p2a: Floette|Protect|p2a: Floette\n|-singleturn|p2a: Floette|Protect\n|move|p1b: Sneasler|Fake Out|p2b: Meowscarada\n|-activate|p2b: Meowscarada|move: Protect\n|move|p1a: Aerodactyl|Tailwind|p1a: Aerodactyl\n|-sidestart|p1: KarmicPines2002|move: Tailwind\n|\n|upkeep\n|turn|2\n|inactive|KarmicPines2002 has 30 seconds left.\n|\n|t:|1776374568\n|move|p2a: Floette|Helping Hand|p2b: Meowscarada\n|-singleturn|p2b: Meowscarada|Helping Hand|[of] p2a: Floette\n|move|p1a: Aerodactyl|Rock Slide|p2a: Floette|[spread] p2b\n|-miss|p1a: Aerodactyl|p2a: Floette\n|-damage|p2b: Meowscarada|64/100\n|move|p1b: Sneasler|Dire Claw|p2a: Floette\n|-supereffective|p2a: Floette|1\n|-crit|p2a: Floette\n|-damage|p2a: Floette|0 fnt\n|faint|p2a: Floette\n|move|p2b: Meowscarada|Triple Axel|p1a: Aerodactyl\n|-supereffective|p1a: Aerodactyl|1\n|-damage|p1a: Aerodactyl|70/100\n|-supereffective|p1a: Aerodactyl|1\n|-damage|p1a: Aerodactyl|5/100\n|-supereffective|p1a: Aerodactyl|1\n|-damage|p1a: Aerodactyl|0 fnt\n|faint|p1a: Aerodactyl\n|-hitcount|p1: Aerodactyl|3\n|\n|upkeep\n|inactive|KarmicPines2002 has 30 seconds left.\n|\n|t:|1776374596\n|switch|p1a: Gardevoir|Gardevoir, L50, M|100/100\n|switch|p2a: Charizard|Charizard, L50, M|100/100\n|-ability|p1a: Gardevoir|Protean|Trace|[from] ability: Trace|[of] p2b: Meowscarada\n|turn|3\n|\n|t:|1776374617\n|detailschange|p1a: Gardevoir|Gardevoir-Mega, L50, M\n|-mega|p1a: Gardevoir|Gardevoir|Gardevoirite\n|detailschange|p2a: Charizard|Charizard-Mega-Y, L50, M\n|-mega|p2a: Charizard|Charizard|Charizardite Y\n|-weather|SunnyDay|[from] ability: Drought|[of] p2a: Charizard\n|move|p2b: Meowscarada|Protect|p2b: Meowscarada\n|-singleturn|p2b: Meowscarada|Protect\n|move|p1b: Sneasler|Close Combat|p2b: Meowscarada\n|-activate|p2b: Meowscarada|move: Protect\n|move|p1a: Gardevoir|Psychic|p2a: Charizard\n|-damage|p2a: Charizard|42/100\n|move|p2a: Charizard|Air Slash|p1b: Sneasler\n|-supereffective|p1b: Sneasler|1\n|-damage|p1b: Sneasler|0 fnt\n|faint|p1b: Sneasler\n|\n|-weather|SunnyDay|[upkeep]\n|upkeep\n|\n|t:|1776374636\n|switch|p1b: Incineroar|Incineroar, L50, M|100/100\n|-ability|p1b: Incineroar|Intimidate|boost\n|-unboost|p2a: Charizard|atk|1\n|-unboost|p2b: Meowscarada|atk|1\n|turn|4\n|\n|t:|1776374654\n|move|p2a: Charizard|Protect|p2a: Charizard\n|-singleturn|p2a: Charizard|Protect\n|move|p1b: Incineroar|Fake Out|p2b: Meowscarada\n|-damage|p2b: Meowscarada|44/100\n|cant|p2b: Meowscarada|flinch\n|move|p1a: Gardevoir|Psychic|p2a: Charizard\n|-activate|p2a: Charizard|move: Protect\n|\n|-weather|SunnyDay|[upkeep]\n|-sideend|p1: KarmicPines2002|move: Tailwind\n|upkeep\n|turn|5\n|inactive|KarmicPines2002 has 30 seconds left.\n|\n|t:|1776374687\n|move|p2b: Meowscarada|Sucker Punch||[still]\n|-fail|p2b: Meowscarada\n|move|p2a: Charizard|Heat Wave|p1a: Gardevoir|[spread] p1a,p1b\n|-resisted|p1b: Incineroar|1\n|-damage|p1a: Gardevoir|51/100\n|-damage|p1b: Incineroar|72/100\n|-status|p1a: Gardevoir|brn\n|move|p1b: Incineroar|Flare Blitz|p2b: Meowscarada\n|-damage|p2b: Meowscarada|0 fnt\n|faint|p2b: Meowscarada\n|-damage|p1b: Incineroar|61/100|[from] Recoil\n|move|p1a: Gardevoir|Trick Room|p1a: Gardevoir\n|-fieldstart|move: Trick Room|[of] p1a: Gardevoir\n|\n|-weather|SunnyDay|[upkeep]\n|-damage|p1a: Gardevoir|45/100 brn|[from] brn\n|upkeep\n|\n|t:|1776374703\n|switch|p2b: Garchomp|Garchomp, L50, M|100/100\n|turn|6\n|\n|t:|1776374730\n|move|p2a: Charizard|Protect|p2a: Charizard\n|-singleturn|p2a: Charizard|Protect\n|move|p1b: Incineroar|Darkest Lariat|p2b: Garchomp\n|-damage|p2b: Garchomp|55/100\n|-damage|p1b: Incineroar|49/100|[from] ability: Rough Skin|[of] p2b: Garchomp\n|move|p1a: Gardevoir|Hyper Voice|p2b: Garchomp|[spread] p2b\n|-activate|p2a: Charizard|move: Protect\n|-supereffective|p2b: Garchomp|1\n|-damage|p2b: Garchomp|0 fnt\n|faint|p2b: Garchomp\n|\n|-weather|SunnyDay|[upkeep]\n|-damage|p1a: Gardevoir|39/100 brn|[from] brn\n|upkeep\n|turn|7\n|inactive|Perzeaus has 30 seconds left.\n|\n|t:|1776374757\n|move|p1b: Incineroar|Darkest Lariat|p2a: Charizard\n|-damage|p2a: Charizard|0 fnt\n|faint|p2a: Charizard\n|\n|win|KarmicPines2002\n|raw|KarmicPines2002's rating: 1167 &rarr; <strong>1190</strong><br />(+23 for winning)\n|raw|Perzeaus's rating: 1136 &rarr; <strong>1113</strong><br />(-23 for losing)\n",
  "uploadtime": 1776374763,
  "views": 15,
  "formatid": "gen9championsvgc2026regma",
  "rating": 1113,
  "private": 0,
  "password": null
}