{
  "id": "gen9championsvgc2026regma-2587444904",
  "format": "[Gen 9 Champions] VGC 2026 Reg M-A",
  "players": [
    "Mudkip_137",
    "WTsxsy"
  ],
  "log": "|j|\u2606Mudkip_137\n|j|\u2606WTsxsy\n|t:|1776532379\n|gametype|doubles\n|player|p1|Mudkip_137|jasmine|1103\n|player|p2|WTsxsy|1|1134\n|gen|9\n|tier|[Gen 9 Champions] VGC 2026 Reg M-A\n|rated|\n|rule|Species Clause: Limit one of each Pok\u00e9mon\n|rule|Item Clause: Limit 1 of each item\n|clearpoke\n|poke|p1|Starmie, L50|\n|poke|p1|Incineroar, L50, M|\n|poke|p1|Sneasler, L50, F|\n|poke|p1|Aegislash, L50, F|\n|poke|p1|Venusaur, L50, F|\n|poke|p1|Snorlax, L50, M|\n|poke|p2|Abomasnow, L50, F|\n|poke|p2|Armarouge, L50, F|\n|poke|p2|Farigiraf, L50, F|\n|poke|p2|Conkeldurr, L50, M|\n|poke|p2|Incineroar, L50, F|\n|poke|p2|Araquanid, L50, F|\n|teampreview|4\n|inactive|Battle timer is ON: inactive players will automatically lose when time's up. (requested by Mudkip_137)\n|\n|t:|1776532411\n|teamsize|p1|4\n|teamsize|p2|4\n|start\n|switch|p1a: Incineroar|Incineroar, L50, M|100/100\n|switch|p1b: Snorlax|Snorlax, L50, M|100/100\n|switch|p2a: Incineroar|Incineroar, L50, F|100/100\n|switch|p2b: Farigiraf|Farigiraf, L50, F|100/100\n|-ability|p1a: Incineroar|Intimidate|boost\n|-unboost|p2a: Incineroar|atk|1\n|-unboost|p2b: Farigiraf|atk|1\n|-ability|p2a: Incineroar|Intimidate|boost\n|-unboost|p1a: Incineroar|atk|1\n|-unboost|p1b: Snorlax|atk|1\n|turn|1\n|\n|t:|1776532435\n|move|p1a: Incineroar|Darkest Lariat|p2b: Farigiraf\n|-supereffective|p2b: Farigiraf|1\n|-damage|p2b: Farigiraf|55/100\n|move|p2a: Incineroar|Parting Shot|p1a: Incineroar\n|-unboost|p1a: Incineroar|atk|1\n|-unboost|p1a: Incineroar|spa|1\n|\n|t:|1776532444\n|switch|p2a: Abomasnow|Abomasnow, L50, F|100/100|[from] Parting Shot\n|-weather|Snowscape|[from] ability: Snow Warning|[of] p2a: Abomasnow\n|move|p1b: Snorlax|Crunch|p2b: Farigiraf\n|-supereffective|p2b: Farigiraf|1\n|-damage|p2b: Farigiraf|26/100\n|-unboost|p2b: Farigiraf|def|1\n|move|p2b: Farigiraf|Trick Room|p2b: Farigiraf\n|-fieldstart|move: Trick Room|[of] p2b: Farigiraf\n|\n|-weather|Snowscape|[upkeep]\n|upkeep\n|turn|2\n|\n|t:|1776532460\n|switch|p2b: Incineroar|Incineroar, L50, F|100/100\n|-ability|p2b: Incineroar|Intimidate|boost\n|-unboost|p1a: Incineroar|atk|1\n|-unboost|p1b: Snorlax|atk|1\n|switch|p1a: Aegislash|Aegislash, L50, F|100/100\n|detailschange|p2a: Abomasnow|Abomasnow-Mega, L50, F\n|-mega|p2a: Abomasnow|Abomasnow|Abomasite\n|move|p2a: Abomasnow|Aurora Veil|p2a: Abomasnow\n|-sidestart|p2: WTsxsy|move: Aurora Veil\n|move|p1b: Snorlax|Self-Destruct|p2a: Abomasnow|[spread] p2a,p2b\n|-immune|p1a: Aegislash\n|-damage|p2a: Abomasnow|85/100\n|-damage|p2b: Incineroar|78/100\n|faint|p1b: Snorlax\n|\n|-weather|Snowscape|[upkeep]\n|upkeep\n|\n|t:|1776532473\n|switch|p1b: Incineroar|Incineroar, L50, M|100/100\n|-ability|p1b: Incineroar|Intimidate|boost\n|-unboost|p2a: Abomasnow|atk|1\n|-unboost|p2b: Incineroar|atk|1\n|turn|3\n|\n|t:|1776532489\n|switch|p2a: Araquanid|Araquanid, L50, F|100/100\n|move|p2b: Incineroar|Parting Shot|p1a: Aegislash\n|-unboost|p1a: Aegislash|atk|1\n|-unboost|p1a: Aegislash|spa|1\n|\n|t:|1776532502\n|switch|p2b: Abomasnow|Abomasnow-Mega, L50, F|85/100|[from] Parting Shot\n|-formechange|p1a: Aegislash|Aegislash-Blade|\n|move|p1a: Aegislash|Sacred Sword|p2b: Abomasnow\n|-supereffective|p2b: Abomasnow|1\n|-damage|p2b: Abomasnow|64/100\n|move|p1b: Incineroar|Flare Blitz|p2a: Araquanid\n|-damage|p2a: Araquanid|76/100\n|-damage|p1b: Incineroar|93/100|[from] Recoil\n|\n|-weather|Snowscape|[upkeep]\n|upkeep\n|turn|4\n|inactive|WTsxsy has 30 seconds left.\n|\n|t:|1776532528\n|switch|p2b: Incineroar|Incineroar, L50, F|78/100\n|-ability|p2b: Incineroar|Intimidate|boost\n|-unboost|p1a: Aegislash|atk|1\n|-unboost|p1b: Incineroar|atk|1\n|-formechange|p1a: Aegislash|Aegislash|\n|move|p1a: Aegislash|King's Shield|p1a: Aegislash\n|-singleturn|p1a: Aegislash|Protect\n|move|p2a: Araquanid|Liquidation|p1a: Aegislash\n|-activate|p1a: Aegislash|move: Protect\n|-unboost|p2a: Araquanid|atk|1\n|move|p1b: Incineroar|Flare Blitz|p2b: Incineroar\n|-resisted|p2b: Incineroar|1\n|-damage|p2b: Incineroar|66/100\n|-damage|p1b: Incineroar|89/100|[from] Recoil\n|\n|-weather|Snowscape|[upkeep]\n|upkeep\n|turn|5\n|inactive|Mudkip_137 has 30 seconds left.\n|inactive|WTsxsy has 30 seconds left.\n|\n|t:|1776532563\n|switch|p2a: Farigiraf|Farigiraf, L50, F|26/100\n|switch|p1a: Starmie|Starmie, L50|100/100\n|move|p2b: Incineroar|Flare Blitz|p1a: Starmie\n|-resisted|p1a: Starmie|1\n|-damage|p1a: Starmie|65/100\n|-damage|p2b: Incineroar|58/100|[from] Recoil\n|move|p1b: Incineroar|Parting Shot|p2a: Farigiraf\n|-unboost|p2a: Farigiraf|atk|1\n|-unboost|p2a: Farigiraf|spa|1\n|\n|t:|1776532574\n|switch|p1b: Aegislash|Aegislash, L50, F|100/100|[from] Parting Shot\n|\n|-weather|none\n|-fieldend|move: Trick Room\n|upkeep\n|turn|6\n|l|\u2606WTsxsy\n|inactive|WTsxsy disconnected and has a minute to reconnect!\n|player|p2|\n|inactive|WTsxsy has 30 seconds left.\n|j|\u2606WTsxsy\n|inactive|WTsxsy reconnected and has 25 seconds left.\n|player|p2|WTsxsy|1|\n|inactive|WTsxsy has 20 seconds left.\n|inactive|WTsxsy has 15 seconds left.\n|inactive|WTsxsy has 10 seconds left.\n|inactive|WTsxsy has 5 seconds left.\n|\n|t:|1776532624\n|switch|p2b: Araquanid|Araquanid, L50, F|76/100\n|detailschange|p1a: Starmie|Starmie-Mega, L50\n|-mega|p1a: Starmie|Starmie|Starminite\n|move|p1a: Starmie|Liquidation|p2a: Farigiraf\n|-damage|p2a: Farigiraf|0 fnt\n|faint|p2a: Farigiraf\n|-formechange|p1b: Aegislash|Aegislash-Blade|\n|move|p1b: Aegislash|Sacred Sword|p2b: Araquanid\n|-resisted|p2b: Araquanid|1\n|-damage|p2b: Araquanid|62/100\n|\n|-sideend|p2: WTsxsy|move: Aurora Veil\n|upkeep\n|\n|t:|1776532634\n|switch|p2a: Incineroar|Incineroar, L50, F|58/100\n|-ability|p2a: Incineroar|Intimidate|boost\n|-unboost|p1a: Starmie|atk|1\n|-unboost|p1b: Aegislash|atk|1\n|turn|7\n|\n|t:|1776532651\n|switch|p1a: Incineroar|Incineroar, L50, M|89/100\n|-ability|p1a: Incineroar|Intimidate|boost\n|-unboost|p2a: Incineroar|atk|1\n|-unboost|p2b: Araquanid|atk|1\n|-formechange|p1b: Aegislash|Aegislash|\n|move|p1b: Aegislash|King's Shield|p1b: Aegislash\n|-singleturn|p1b: Aegislash|Protect\n|move|p2a: Incineroar|Fake Out|p1a: Incineroar\n|-damage|p1a: Incineroar|82/100\n|move|p2b: Araquanid|Lunge|p1a: Incineroar\n|-damage|p1a: Incineroar|62/100\n|-unboost|p1a: Incineroar|atk|1\n|\n|upkeep\n|turn|8\n|inactive|Mudkip_137 has 30 seconds left.\n|inactive|Mudkip_137 has 20 seconds left.\n|inactive|Mudkip_137 has 15 seconds left.\n|\n|t:|1776532692\n|switch|p1a: Starmie|Starmie-Mega, L50|65/100\n|-formechange|p1b: Aegislash|Aegislash-Blade|\n|move|p1b: Aegislash|Sacred Sword|p2a: Incineroar\n|-supereffective|p2a: Incineroar|1\n|-damage|p2a: Incineroar|15/100\n|-enditem|p2a: Incineroar|Sitrus Berry|[eat]\n|-heal|p2a: Incineroar|40/100|[from] item: Sitrus Berry\n|move|p2a: Incineroar|Parting Shot|p1b: Aegislash\n|-unboost|p1b: Aegislash|atk|1\n|-unboost|p1b: Aegislash|spa|1\n|\n|t:|1776532703\n|switch|p2a: Abomasnow|Abomasnow-Mega, L50, F|64/100|[from] Parting Shot\n|-weather|Snowscape|[from] ability: Snow Warning|[of] p2a: Abomasnow\n|move|p2b: Araquanid|Lunge|p1a: Starmie\n|-supereffective|p1a: Starmie|1\n|-damage|p1a: Starmie|8/100\n|-unboost|p1a: Starmie|atk|1\n|\n|-weather|Snowscape|[upkeep]\n|upkeep\n|turn|9\n|\n|t:|1776532719\n|switch|p1a: Incineroar|Incineroar, L50, M|62/100\n|-ability|p1a: Incineroar|Intimidate|boost\n|-unboost|p2a: Abomasnow|atk|1\n|-unboost|p2b: Araquanid|atk|1\n|-formechange|p1b: Aegislash|Aegislash|\n|move|p1b: Aegislash|King's Shield|p1b: Aegislash\n|-singleturn|p1b: Aegislash|Protect\n|move|p2a: Abomasnow|Protect|p2a: Abomasnow\n|-singleturn|p2a: Abomasnow|Protect\n|move|p2b: Araquanid|Lunge|p1a: Incineroar\n|-damage|p1a: Incineroar|47/100\n|-unboost|p1a: Incineroar|atk|1\n|-enditem|p1a: Incineroar|Sitrus Berry|[eat]\n|-heal|p1a: Incineroar|72/100|[from] item: Sitrus Berry\n|\n|-weather|Snowscape|[upkeep]\n|upkeep\n|turn|10\n|inactive|Mudkip_137 has 30 seconds left.\n|inactive|WTsxsy has 30 seconds left.\n|\n|t:|1776532751\n|switch|p2a: Incineroar|Incineroar, L50, F|40/100\n|-ability|p2a: Incineroar|Intimidate|boost\n|-unboost|p1a: Incineroar|atk|1\n|-unboost|p1b: Aegislash|atk|1\n|move|p1a: Incineroar|Parting Shot|p2b: Araquanid\n|-unboost|p2b: Araquanid|atk|1\n|-unboost|p2b: Araquanid|spa|1\n|\n|t:|1776532758\n|switch|p1a: Starmie|Starmie-Mega, L50|8/100|[from] Parting Shot\n|-formechange|p1b: Aegislash|Aegislash-Blade|\n|move|p1b: Aegislash|Sacred Sword|p2a: Incineroar\n|-supereffective|p2a: Incineroar|1\n|-damage|p2a: Incineroar|13/100\n|move|p2b: Araquanid|Crunch|p1b: Aegislash\n|-supereffective|p1b: Aegislash|1\n|-damage|p1b: Aegislash|69/100\n|-unboost|p1b: Aegislash|def|1\n|\n|-weather|Snowscape|[upkeep]\n|upkeep\n|turn|11\n|\n|t:|1776532777\n|move|p1a: Starmie|Protect|p1a: Starmie\n|-singleturn|p1a: Starmie|Protect\n|-formechange|p1b: Aegislash|Aegislash|\n|move|p1b: Aegislash|King's Shield|p1b: Aegislash\n|-singleturn|p1b: Aegislash|Protect\n|move|p2a: Incineroar|Fake Out|p1a: Starmie\n|-activate|p1a: Starmie|move: Protect\n|move|p2b: Araquanid|Lunge|p1b: Aegislash\n|-activate|p1b: Aegislash|move: Protect\n|-unboost|p2b: Araquanid|atk|1\n|\n|-weather|Snowscape|[upkeep]\n|upkeep\n|turn|12\n|inactive|Mudkip_137 has 30 seconds left.\n|inactive|WTsxsy has 30 seconds left.\n|\n|t:|1776532806\n|switch|p2a: Abomasnow|Abomasnow-Mega, L50, F|64/100\n|move|p1a: Starmie|Self-Destruct|p2a: Abomasnow|[spread] p2a,p2b\n|-immune|p1b: Aegislash\n|-damage|p2a: Abomasnow|11/100\n|-damage|p2b: Araquanid|0 fnt\n|faint|p1a: Starmie\n|faint|p2b: Araquanid\n|-formechange|p1b: Aegislash|Aegislash-Blade|\n|move|p1b: Aegislash|Poltergeist|p2a: Abomasnow\n|-activate|p2a: Abomasnow|move: Poltergeist|Abomasite\n|-damage|p2a: Abomasnow|0 fnt\n|faint|p2a: Abomasnow\n|\n|-weather|none\n|upkeep\n|-message|WTsxsy forfeited.\n|\n|win|Mudkip_137\n|raw|Mudkip_137's rating: 1125 &rarr; <strong>1151</strong><br />(+26 for winning)\n|raw|WTsxsy's rating: 1134 &rarr; <strong>1108</strong><br />(-26 for losing)\n|l|\u2606WTsxsy\n|player|p2|\n",
  "uploadtime": 1776532823,
  "views": 30,
  "formatid": "gen9championsvgc2026regma",
  "rating": 1108,
  "private": 0,
  "password": null
}