{
  "id": "gen9championsvgc2026regma-2586926823",
  "format": "[Gen 9 Champions] VGC 2026 Reg M-A",
  "players": [
    "shatterstars88",
    "alonez88"
  ],
  "log": "|j|\u2606shatterstars88\n|j|\u2606alonez88\n|t:|1776472540\n|gametype|doubles\n|player|p1|shatterstars88|chuck|1064\n|player|p2|alonez88|169|1106\n|gen|9\n|tier|[Gen 9 Champions] VGC 2026 Reg M-A\n|rated|\n|rule|Species Clause: Limit one of each Pok\u00e9mon\n|rule|Item Clause: Limit 1 of each item\n|clearpoke\n|poke|p1|Blastoise, L50, F|\n|poke|p1|Whimsicott, L50, M|\n|poke|p1|Meganium, L50, F|\n|poke|p1|Pelipper, L50, M|\n|poke|p1|Basculegion, L50, M|\n|poke|p1|Archaludon, L50, F|\n|poke|p2|Glimmora, L50, F|\n|poke|p2|Corviknight, L50, F|\n|poke|p2|Excadrill, L50, F|\n|poke|p2|Tyranitar, L50, M|\n|poke|p2|Rotom-Frost, L50|\n|poke|p2|Sinistcha, L50|\n|teampreview|4\n|\n|t:|1776472561\n|teamsize|p1|4\n|teamsize|p2|4\n|start\n|switch|p1a: Blastoise|Blastoise, L50, F|100/100\n|switch|p1b: Whimsicott|Whimsicott, L50, M|100/100\n|switch|p2a: Tyranitar|Tyranitar, L50, M|100/100\n|switch|p2b: Rotom|Rotom-Frost, L50|100/100\n|-weather|Sandstorm|[from] ability: Sand Stream|[of] p2a: Tyranitar\n|turn|1\n|\n|t:|1776472579\n|switch|p2a: Corviknight|Corviknight, L50, F|100/100\n|detailschange|p1a: Blastoise|Blastoise-Mega, L50, F\n|-mega|p1a: Blastoise|Blastoise|Blastoisinite\n|move|p1b: Whimsicott|Tailwind|p1b: Whimsicott\n|-sidestart|p1: shatterstars88|move: Tailwind\n|move|p1a: Blastoise|Water Spout|p2b: Rotom|[spread] p2a,p2b\n|-damage|p2a: Corviknight|43/100\n|-damage|p2b: Rotom|19/100\n|-enditem|p2a: Corviknight|Sitrus Berry|[eat]\n|-heal|p2a: Corviknight|68/100|[from] item: Sitrus Berry\n|move|p2b: Rotom|Electroweb|p1a: Blastoise|[spread] p1a,p1b\n|-supereffective|p1a: Blastoise|1\n|-resisted|p1b: Whimsicott|1\n|-damage|p1a: Blastoise|68/100\n|-damage|p1b: Whimsicott|87/100\n|-unboost|p1a: Blastoise|spe|1\n|-unboost|p1b: Whimsicott|spe|1\n|\n|-weather|Sandstorm|[upkeep]\n|-damage|p2b: Rotom|13/100|[from] Sandstorm\n|-damage|p1b: Whimsicott|82/100|[from] Sandstorm\n|-damage|p1a: Blastoise|62/100|[from] Sandstorm\n|upkeep\n|turn|2\n|\n|t:|1776472602\n|switch|p1b: Pelipper|Pelipper, L50, M|100/100\n|-weather|RainDance|[from] ability: Drizzle|[of] p1b: Pelipper\n|move|p2b: Rotom|Electroweb|p1b: Pelipper|[spread] p1a,p1b\n|-supereffective|p1a: Blastoise|1\n|-supereffective|p1b: Pelipper|2\n|-damage|p1a: Blastoise|26/100\n|-damage|p1b: Pelipper|0 fnt\n|-unboost|p1a: Blastoise|spe|1\n|faint|p1b: Pelipper\n|move|p1a: Blastoise|Water Spout|p2a: Corviknight|[spread] p2a,p2b\n|-damage|p2a: Corviknight|47/100\n|-damage|p2b: Rotom|0 fnt\n|faint|p2b: Rotom\n|move|p2a: Corviknight|Tailwind|p2a: Corviknight\n|-sidestart|p2: alonez88|move: Tailwind\n|\n|-weather|RainDance|[upkeep]\n|upkeep\n|\n|t:|1776472614\n|switch|p2b: Tyranitar|Tyranitar, L50, M|100/100\n|switch|p1b: Meganium|Meganium, L50, F|100/100\n|-weather|Sandstorm|[from] ability: Sand Stream|[of] p2b: Tyranitar\n|turn|3\n|\n|t:|1776472628\n|move|p1b: Meganium|Heal Pulse|p1a: Blastoise\n|-heal|p1a: Blastoise|76/100\n|move|p2a: Corviknight|Brave Bird|p1b: Meganium|[miss]\n|-miss|p2a: Corviknight|p1b: Meganium\n|move|p2b: Tyranitar|Ice Punch|p1b: Meganium|[miss]\n|-miss|p2b: Tyranitar|p1b: Meganium\n|move|p1a: Blastoise|Water Spout|p2a: Corviknight|[spread] p2a,p2b\n|-supereffective|p2b: Tyranitar|1\n|-damage|p2a: Corviknight|6/100\n|-damage|p2b: Tyranitar|39/100\n|\n|-weather|Sandstorm|[upkeep]\n|-damage|p1b: Meganium|95/100|[from] Sandstorm\n|-damage|p1a: Blastoise|70/100|[from] Sandstorm\n|upkeep\n|turn|4\n|c|\u2606shatterstars88|THATS\n|c|\u2606shatterstars88|CRAZY\n|c|\u2606alonez88|...welp\n|c|\u2606shatterstars88|hate to do it to a fellow 88 o7\n|c|\u2606alonez88|Its what it is. My karam for bright powder sinistcha on ladder\n|\n|t:|1776472715\n|move|p1b: Meganium|Heal Pulse|p1a: Blastoise\n|-heal|p1a: Blastoise|100/100\n|move|p2a: Corviknight|Tailwind||[still]\n|-fail|p2a: Corviknight\n|move|p2b: Tyranitar|Rock Slide|p1b: Meganium|[spread] p1a,p1b\n|-damage|p1a: Blastoise|73/100\n|-damage|p1b: Meganium|67/100\n|move|p1a: Blastoise|Water Spout|p2a: Corviknight|[spread] p2a,p2b\n|-supereffective|p2b: Tyranitar|1\n|-damage|p2a: Corviknight|0 fnt\n|-damage|p2b: Tyranitar|0 fnt\n|faint|p2a: Corviknight\n|faint|p2b: Tyranitar\n|\n|-weather|Sandstorm|[upkeep]\n|-damage|p1b: Meganium|62/100|[from] Sandstorm\n|-damage|p1a: Blastoise|67/100|[from] Sandstorm\n|-sideend|p1: shatterstars88|move: Tailwind\n|upkeep\n|\n|t:|1776472721\n|switch|p2b: Excadrill|Excadrill, L50, F|100/100\n|turn|5\n|\n|t:|1776472735\n|move|p2b: Excadrill|Earthquake|p1b: Meganium|[spread] p1a,p1b\n|-resisted|p1b: Meganium|1\n|-damage|p1a: Blastoise|26/100\n|-damage|p1b: Meganium|39/100\n|move|p1b: Meganium|Energy Ball|p2b: Excadrill\n|-damage|p2b: Excadrill|54/100\n|move|p1a: Blastoise|Water Spout|p2b: Excadrill\n|-supereffective|p2b: Excadrill|1\n|-damage|p2b: Excadrill|0 fnt\n|faint|p2b: Excadrill\n|\n|win|shatterstars88\n|raw|shatterstars88's rating: 1064 &rarr; <strong>1098</strong><br />(+34 for winning)\n|raw|alonez88's rating: 1106 &rarr; <strong>1078</strong><br />(-28 for losing)\n|c|\u2606shatterstars88|gg!\n|c|\u2606alonez88|And i misclicked yup meant to lose this game lmao\n|c|\u2606alonez88|Gg\n|l|\u2606alonez88\n|player|p2|\n",
  "uploadtime": 1776472882,
  "views": 33,
  "formatid": "gen9championsvgc2026regma",
  "rating": 1078,
  "private": 0,
  "password": null
}