{
  "id": "gen9championsvgc2026regma-2585023484",
  "format": "[Gen 9 Champions] VGC 2026 Reg M-A",
  "players": [
    "DubS SubD",
    "WaveVerano"
  ],
  "log": "|j|\u2606DubS SubD\n|j|\u2606WaveVerano\n|t:|1776304277\n|gametype|doubles\n|player|p1|DubS SubD|eusine|1051\n|player|p2|WaveVerano|266|1000\n|gen|9\n|tier|[Gen 9 Champions] VGC 2026 Reg M-A\n|rated|\n|rule|Species Clause: Limit one of each Pok\u00e9mon\n|rule|Item Clause: Limit 1 of each item\n|clearpoke\n|poke|p1|Floette-Eternal, L50, F|\n|poke|p1|Toucannon, L50, F|\n|poke|p1|Sinistcha, L50|\n|poke|p1|Incineroar, L50, M|\n|poke|p1|Emolga, L50, F|\n|poke|p1|Garchomp, L50, F|\n|poke|p2|Tyranitar, L50, M|\n|poke|p2|Garchomp, L50, F|\n|poke|p2|Aerodactyl, L50, M|\n|poke|p2|Ninetales, L50, M|\n|poke|p2|Rotom-Mow, L50|\n|poke|p2|Tauros-Paldea-Aqua, L50, M|\n|teampreview|4\n|inactive|Battle timer is ON: inactive players will automatically lose when time's up. (requested by WaveVerano)\n|inactive|DubS SubD has 60 seconds left.\n|inactive|WaveVerano has 60 seconds left.\n|\n|t:|1776304344\n|teamsize|p1|4\n|teamsize|p2|4\n|start\n|switch|p1a: Floette|Floette-Eternal, L50, F|100/100\n|switch|p1b: Emolga|Emolga, L50, F|100/100\n|switch|p2a: Aerodactyl|Aerodactyl, L50, M|100/100\n|switch|p2b: Tyranitar|Tyranitar, L50, M|100/100\n|-ability|p2a: Aerodactyl|Unnerve\n|-weather|Sandstorm|[from] ability: Sand Stream|[of] p2b: Tyranitar\n|turn|1\n|inactive|DubS SubD has 30 seconds left.\n|\n|t:|1776304371\n|detailschange|p1a: Floette|Floette-Mega, L50, F\n|-mega|p1a: Floette|Floette|Floettite\n|-ability|p1a: Floette|Fairy Aura\n|move|p2b: Tyranitar|Protect|p2b: Tyranitar\n|-singleturn|p2b: Tyranitar|Protect\n|move|p1b: Emolga|Nuzzle|p2a: Aerodactyl\n|-supereffective|p2a: Aerodactyl|1\n|-damage|p2a: Aerodactyl|88/100\n|-status|p2a: Aerodactyl|par\n|move|p1a: Floette|Calm Mind|p1a: Floette\n|-boost|p1a: Floette|spa|1\n|-boost|p1a: Floette|spd|1\n|move|p2a: Aerodactyl|Tailwind|p2a: Aerodactyl\n|-sidestart|p2: WaveVerano|move: Tailwind\n|\n|-weather|Sandstorm|[upkeep]\n|-damage|p1b: Emolga|94/100|[from] Sandstorm\n|-damage|p1a: Floette|94/100|[from] Sandstorm\n|-heal|p1b: Emolga|100/100|[from] item: Leftovers\n|upkeep\n|turn|2\n|inactive|DubS SubD has 30 seconds left.\n|inactive|WaveVerano has 30 seconds left.\n|inactive|WaveVerano has 20 seconds left.\n|\n|t:|1776304411\n|detailschange|p2b: Tyranitar|Tyranitar-Mega, L50, M\n|-mega|p2b: Tyranitar|Tyranitar|Tyranitarite\n|move|p1b: Emolga|Helping Hand|p1a: Floette\n|-singleturn|p1a: Floette|Helping Hand|[of] p1b: Emolga\n|move|p2b: Tyranitar|Iron Head|p1a: Floette\n|-supereffective|p1a: Floette|1\n|-damage|p1a: Floette|6/100\n|move|p1a: Floette|Dazzling Gleam|p2a: Aerodactyl|[spread] p2a,p2b\n|-supereffective|p2b: Tyranitar|1\n|-damage|p2a: Aerodactyl|2/100 par\n|-damage|p2b: Tyranitar|4/100\n|cant|p2a: Aerodactyl|par\n|\n|-weather|Sandstorm|[upkeep]\n|-damage|p1b: Emolga|94/100|[from] Sandstorm\n|-damage|p1a: Floette|0 fnt|[from] Sandstorm\n|faint|p1a: Floette\n|-heal|p1b: Emolga|100/100|[from] item: Leftovers\n|upkeep\n|\n|t:|1776304428\n|switch|p1a: Garchomp|Garchomp, L50, F|100/100\n|turn|3\n|\n|t:|1776304449\n|switch|p2b: Garchomp|Garchomp, L50, F|100/100\n|switch|p2a: Tauros|Tauros-Paldea-Aqua, L50, M|100/100\n|-ability|p2a: Tauros|Intimidate|boost\n|-unboost|p1a: Garchomp|atk|1\n|-unboost|p1b: Emolga|atk|1\n|move|p1b: Emolga|Protect|p1b: Emolga\n|-singleturn|p1b: Emolga|Protect\n|move|p1a: Garchomp|Rock Slide|p2a: Tauros|[spread] p2a,p2b\n|-resisted|p2a: Tauros|1\n|-resisted|p2b: Garchomp|1\n|-damage|p2a: Tauros|94/100\n|-damage|p2b: Garchomp|96/100\n|\n|-weather|Sandstorm|[upkeep]\n|-damage|p2a: Tauros|88/100|[from] Sandstorm\n|-damage|p1b: Emolga|94/100|[from] Sandstorm\n|-heal|p1b: Emolga|100/100|[from] item: Leftovers\n|upkeep\n|turn|4\n|inactive|WaveVerano has 30 seconds left.\n|\n|t:|1776304478\n|switch|p1a: Sinistcha|Sinistcha, L50|100/100\n|move|p2b: Garchomp|Rock Slide|p1b: Emolga|[spread] p1a\n|-miss|p2b: Garchomp|p1b: Emolga\n|-damage|p1a: Sinistcha|85/100\n|move|p2a: Tauros|Wave Crash|p1a: Sinistcha\n|-resisted|p1a: Sinistcha|1\n|-damage|p1a: Sinistcha|54/100\n|-damage|p2a: Tauros|76/100|[from] Recoil\n|move|p1b: Emolga|Nuzzle|p2a: Tauros\n|-supereffective|p2a: Tauros|1\n|-damage|p2a: Tauros|68/100\n|-status|p2a: Tauros|par\n|\n|-weather|Sandstorm|[upkeep]\n|-damage|p1b: Emolga|94/100|[from] Sandstorm\n|-damage|p2a: Tauros|62/100 par|[from] Sandstorm\n|-damage|p1a: Sinistcha|48/100|[from] Sandstorm\n|-heal|p1b: Emolga|100/100|[from] item: Leftovers\n|-sideend|p2: WaveVerano|move: Tailwind\n|upkeep\n|turn|5\n|inactive|WaveVerano has 30 seconds left.\n|\n|t:|1776304509\n|switch|p1a: Garchomp|Garchomp, L50, F|100/100\n|move|p1b: Emolga|Protect|p1b: Emolga\n|-singleturn|p1b: Emolga|Protect\n|move|p2b: Garchomp|Dragon Claw|p1a: Garchomp\n|-supereffective|p1a: Garchomp|1\n|-damage|p1a: Garchomp|21/100\n|-damage|p2b: Garchomp|84/100|[from] ability: Rough Skin|[of] p1a: Garchomp\n|move|p2a: Tauros|Lash Out|p1a: Garchomp\n|-damage|p1a: Garchomp|0 fnt\n|-damage|p2a: Tauros|50/100 par|[from] ability: Rough Skin|[of] p1a: Garchomp\n|faint|p1a: Garchomp\n|\n|-weather|none\n|upkeep\n|\n|t:|1776304522\n|switch|p1a: Sinistcha|Sinistcha, L50|48/100\n|turn|6\n|\n|t:|1776304538\n|switch|p2a: Tyranitar|Tyranitar-Mega, L50, M|4/100\n|-weather|Sandstorm|[from] ability: Sand Stream|[of] p2a: Tyranitar\n|move|p1b: Emolga|Encore||[still]\n|-fail|p1b: Emolga\n|move|p2b: Garchomp|Dragon Claw|p1a: Sinistcha\n|-damage|p1a: Sinistcha|11/100\n|move|p1a: Sinistcha|Strength Sap|p2b: Garchomp\n|-unboost|p2b: Garchomp|atk|1\n|-heal|p1a: Sinistcha|100/100\n|\n|-weather|Sandstorm|[upkeep]\n|-damage|p1b: Emolga|94/100|[from] Sandstorm\n|-damage|p1a: Sinistcha|94/100|[from] Sandstorm\n|-heal|p1b: Emolga|100/100|[from] item: Leftovers\n|upkeep\n|turn|7\n|inactive|WaveVerano has 30 seconds left.\n|inactive|WaveVerano has 20 seconds left.\n|inactive|WaveVerano has 15 seconds left.\n|\n|t:|1776304579\n|move|p1b: Emolga|Helping Hand|p1a: Sinistcha\n|-singleturn|p1a: Sinistcha|Helping Hand|[of] p1b: Emolga\n|move|p2b: Garchomp|Dragon Claw|p1a: Sinistcha\n|-damage|p1a: Sinistcha|70/100\n|move|p2a: Tyranitar|Thunder Punch|p1b: Emolga\n|-damage|p1b: Emolga|48/100\n|move|p1a: Sinistcha|Matcha Gotcha|p2a: Tyranitar|[spread] p2a,p2b\n|-supereffective|p2a: Tyranitar|1\n|-crit|p2a: Tyranitar\n|-damage|p2a: Tyranitar|0 fnt\n|-heal|p1a: Sinistcha|72/100|[from] drain|[of] p2a: Tyranitar\n|-damage|p2b: Garchomp|50/100\n|-heal|p1a: Sinistcha|90/100|[from] drain|[of] p2b: Garchomp\n|-status|p2b: Garchomp|brn\n|-enditem|p2b: Garchomp|Sitrus Berry|[eat]\n|-heal|p2b: Garchomp|75/100 brn|[from] item: Sitrus Berry\n|faint|p2a: Tyranitar\n|\n|-weather|Sandstorm|[upkeep]\n|-damage|p1b: Emolga|42/100|[from] Sandstorm\n|-damage|p1a: Sinistcha|84/100|[from] Sandstorm\n|-heal|p1b: Emolga|48/100|[from] item: Leftovers\n|-damage|p2b: Garchomp|69/100 brn|[from] brn\n|upkeep\n|\n|t:|1776304596\n|switch|p2a: Aerodactyl|Aerodactyl, L50, M|2/100 par\n|-ability|p2a: Aerodactyl|Unnerve\n|turn|8\n|\n|t:|1776304607\n|move|p1b: Emolga|Protect|p1b: Emolga\n|-singleturn|p1b: Emolga|Protect\n|move|p2b: Garchomp|Dragon Claw|p1a: Sinistcha\n|-damage|p1a: Sinistcha|71/100\n|move|p1a: Sinistcha|Matcha Gotcha|p2b: Garchomp|[spread] p2a,p2b\n|-damage|p2a: Aerodactyl|0 fnt\n|-heal|p1a: Sinistcha|71/100|[from] drain|[of] p2a: Aerodactyl\n|-damage|p2b: Garchomp|47/100 brn\n|-heal|p1a: Sinistcha|83/100|[from] drain|[of] p2b: Garchomp\n|faint|p2a: Aerodactyl\n|\n|-weather|Sandstorm|[upkeep]\n|-damage|p1b: Emolga|42/100|[from] Sandstorm\n|-damage|p1a: Sinistcha|76/100|[from] Sandstorm\n|-heal|p1b: Emolga|48/100|[from] item: Leftovers\n|-damage|p2b: Garchomp|41/100 brn|[from] brn\n|upkeep\n|\n|t:|1776304616\n|switch|p2a: Tauros|Tauros-Paldea-Aqua, L50, M|50/100 par\n|-ability|p2a: Tauros|Intimidate|boost\n|-unboost|p1a: Sinistcha|atk|1\n|-unboost|p1b: Emolga|atk|1\n|turn|9\n|\n|t:|1776304629\n|move|p1b: Emolga|Helping Hand|p1a: Sinistcha\n|-singleturn|p1a: Sinistcha|Helping Hand|[of] p1b: Emolga\n|move|p2b: Garchomp|Protect|p2b: Garchomp\n|-singleturn|p2b: Garchomp|Protect\n|move|p1a: Sinistcha|Matcha Gotcha|p2a: Tauros|[spread] p2a\n|-activate|p2b: Garchomp|move: Protect\n|-supereffective|p2a: Tauros|1\n|-enditem|p2a: Tauros|Rindo Berry|[eat]\n|-enditem|p2a: Tauros|Rindo Berry|[weaken]\n|-damage|p2a: Tauros|0 fnt\n|-heal|p1a: Sinistcha|97/100|[from] drain|[of] p2a: Tauros\n|faint|p2a: Tauros\n|\n|-weather|Sandstorm|[upkeep]\n|-damage|p1b: Emolga|42/100|[from] Sandstorm\n|-damage|p1a: Sinistcha|91/100|[from] Sandstorm\n|-heal|p1b: Emolga|48/100|[from] item: Leftovers\n|-damage|p2b: Garchomp|35/100 brn|[from] brn\n|upkeep\n|turn|10\n|\n|t:|1776304650\n|move|p1b: Emolga|Encore|p2b: Garchomp\n|-start|p2b: Garchomp|Encore\n|move|p2b: Garchomp|Protect|p2b: Garchomp\n|-singleturn|p2b: Garchomp|Protect\n|move|p1a: Sinistcha|Matcha Gotcha|p2b: Garchomp\n|-activate|p2b: Garchomp|move: Protect\n|\n|-weather|none\n|-heal|p1b: Emolga|54/100|[from] item: Leftovers\n|-damage|p2b: Garchomp|29/100 brn|[from] brn\n|upkeep\n|turn|11\n|\n|t:|1776304659\n|move|p1b: Emolga|Helping Hand|p1a: Sinistcha\n|-singleturn|p1a: Sinistcha|Helping Hand|[of] p1b: Emolga\n|move|p2b: Garchomp|Protect||[still]\n|-fail|p2b: Garchomp\n|move|p1a: Sinistcha|Hex|p2b: Garchomp\n|-damage|p2b: Garchomp|0 fnt\n|faint|p2b: Garchomp\n|\n|win|DubS SubD\n|raw|DubS SubD's rating: 1051 &rarr; <strong>1079</strong><br />(+28 for winning)\n|raw|WaveVerano's rating: 1000 &rarr; <strong>1000</strong><br />(+0 for losing)\n|l|\u2606WaveVerano\n|player|p2|\n|c|\u2606DubS SubD|gg\n",
  "uploadtime": 1776304672,
  "views": 22,
  "formatid": "gen9championsvgc2026regma",
  "rating": 1000,
  "private": 0,
  "password": null
}