{
  "id": "gen9championsvgc2026regma-2586085940",
  "format": "[Gen 9 Champions] VGC 2026 Reg M-A",
  "players": [
    "CBNUN003",
    "HeeHooNolyWoly"
  ],
  "log": "|j|\u2606CBNUN003\n|j|\u2606HeeHooNolyWoly\n|t:|1776397436\n|gametype|doubles\n|player|p1|CBNUN003|266|1109\n|player|p2|HeeHooNolyWoly|1|1159\n|gen|9\n|tier|[Gen 9 Champions] VGC 2026 Reg M-A\n|rated|\n|rule|Species Clause: Limit one of each Pok\u00e9mon\n|rule|Item Clause: Limit 1 of each item\n|clearpoke\n|poke|p1|Tyranitar, L50, F|\n|poke|p1|Gliscor, L50, F|\n|poke|p1|Aggron, L50, M|\n|poke|p1|Sableye, L50, M|\n|poke|p1|Sinistcha, L50|\n|poke|p1|Rotom-Wash, L50|\n|poke|p2|Sneasler, L50, M|\n|poke|p2|Floette-Eternal, L50, F|\n|poke|p2|Aerodactyl, L50, F|\n|poke|p2|Maushold-Four, L50|\n|poke|p2|Kingambit, L50, F|\n|poke|p2|Delphox, L50, F|\n|teampreview|4\n|\n|t:|1776397474\n|teamsize|p1|4\n|teamsize|p2|4\n|start\n|switch|p1a: Sableye|Sableye, L50, M|100/100\n|switch|p1b: Rotom|Rotom-Wash, L50|100/100\n|switch|p2a: Sneasler|Sneasler, L50, M|100/100\n|switch|p2b: Floette|Floette-Eternal, L50, F|100/100\n|turn|1\n|\n|t:|1776397495\n|detailschange|p2b: Floette|Floette-Mega, L50, F\n|-mega|p2b: Floette|Floette|Floettite\n|-ability|p2b: Floette|Fairy Aura\n|move|p2a: Sneasler|Fake Out|p1b: Rotom\n|-damage|p1b: Rotom|85/100\n|move|p1a: Sableye|Fake Out|p2a: Sneasler\n|-damage|p2a: Sneasler|87/100\n|cant|p1b: Rotom|flinch\n|move|p2b: Floette|Dazzling Gleam|p1b: Rotom|[spread] p1a,p1b\n|-supereffective|p1a: Sableye|1\n|-crit|p1a: Sableye\n|-damage|p1a: Sableye|0 fnt\n|-damage|p1b: Rotom|28/100\n|faint|p1a: Sableye\n|\n|upkeep\n|inactive|Battle timer is ON: inactive players will automatically lose when time's up. (requested by HeeHooNolyWoly)\n|\n|t:|1776397513\n|switch|p1a: Gliscor|Gliscor, L50, F|100/100\n|turn|2\n|\n|t:|1776397535\n|move|p1b: Rotom|Volt Switch|p2b: Floette\n|-damage|p2b: Floette|82/100\n|\n|t:|1776397540\n|switch|p1b: Aggron|Aggron, L50, M|100/100|[from] Volt Switch\n|move|p2a: Sneasler|Close Combat|p1a: Gliscor\n|-resisted|p1a: Gliscor|1\n|-damage|p1a: Gliscor|74/100\n|-unboost|p2a: Sneasler|def|1\n|-unboost|p2a: Sneasler|spd|1\n|-enditem|p2a: Sneasler|White Herb\n|-clearnegativeboost|p2a: Sneasler|[silent]\n|move|p2b: Floette|Dazzling Gleam|p1a: Gliscor|[spread] p1a,p1b\n|-resisted|p1b: Aggron|1\n|-damage|p1a: Gliscor|8/100\n|-damage|p1b: Aggron|69/100\n|move|p1a: Gliscor|Dual Wingbeat|p2a: Sneasler\n|-supereffective|p2a: Sneasler|1\n|-damage|p2a: Sneasler|25/100\n|-supereffective|p2a: Sneasler|1\n|-damage|p2a: Sneasler|0 fnt\n|faint|p2a: Sneasler\n|-hitcount|p2: Sneasler|2\n|\n|upkeep\n|\n|t:|1776397564\n|switch|p2a: Maushold|Maushold-Four, L50|100/100\n|turn|3\n|inactive|CBNUN003 has 30 seconds left.\n|\n|t:|1776397591\n|detailschange|p1b: Aggron|Aggron-Mega, L50, M\n|-mega|p1b: Aggron|Aggron|Aggronite\n|move|p2a: Maushold|Super Fang|p1b: Aggron\n|-damage|p1b: Aggron|35/100\n|move|p2b: Floette|Dazzling Gleam|p1b: Aggron|[spread] p1a,p1b\n|-resisted|p1b: Aggron|1\n|-damage|p1a: Gliscor|0 fnt\n|-damage|p1b: Aggron|7/100\n|faint|p1a: Gliscor\n|move|p1b: Aggron|Body Press|p2a: Maushold\n|-supereffective|p2a: Maushold|1\n|-enditem|p2a: Maushold|Chople Berry|[eat]\n|-enditem|p2a: Maushold|Chople Berry|[weaken]\n|-damage|p2a: Maushold|46/100\n|\n|upkeep\n|\n|t:|1776397606\n|switch|p1a: Rotom|Rotom-Wash, L50|28/100\n|turn|4\n|\n|t:|1776397616\n|move|p2a: Maushold|Helping Hand|p2b: Floette\n|-singleturn|p2b: Floette|Helping Hand|[of] p2a: Maushold\n|move|p1b: Aggron|Protect|p1b: Aggron\n|-singleturn|p1b: Aggron|Protect\n|move|p1a: Rotom|Thunderbolt|p2a: Maushold\n|-damage|p2a: Maushold|16/100\n|move|p2b: Floette|Dazzling Gleam|p1b: Aggron|[spread] p1a\n|-activate|p1b: Aggron|move: Protect\n|-damage|p1a: Rotom|0 fnt\n|faint|p1a: Rotom\n|\n|upkeep\n|turn|5\n|\n|t:|1776397632\n|move|p2a: Maushold|Follow Me|p2a: Maushold\n|-singleturn|p2a: Maushold|move: Follow Me\n|move|p2b: Floette|Moonblast|p1b: Aggron\n|-resisted|p1b: Aggron|1\n|-damage|p1b: Aggron|0 fnt\n|faint|p1b: Aggron\n|\n|win|HeeHooNolyWoly\n|raw|CBNUN003's rating: 1109 &rarr; <strong>1088</strong><br />(-21 for losing)\n|raw|HeeHooNolyWoly's rating: 1159 &rarr; <strong>1180</strong><br />(+21 for winning)\n|l|\u2606HeeHooNolyWoly\n|player|p2|\n",
  "uploadtime": 1776397641,
  "views": 21,
  "formatid": "gen9championsvgc2026regma",
  "rating": 1088,
  "private": 0,
  "password": null
}