{
  "id": "gen9championsvgc2026regma-2582623118",
  "format": "[Gen 9 Champions] VGC 2026 Reg M-A",
  "players": [
    "Eon_Edge",
    "raven69420"
  ],
  "log": "|j|\u2606Eon_Edge\n|j|\u2606raven69420\n|t:|1776103270\n|gametype|doubles\n|player|p1|Eon_Edge|coin|1106\n|player|p2|raven69420|elesa|1041\n|gen|9\n|tier|[Gen 9 Champions] VGC 2026 Reg M-A\n|rated|\n|rule|Species Clause: Limit one of each Pok\u00e9mon\n|rule|Item Clause: Limit 1 of each item\n|clearpoke\n|poke|p1|Banette, L50, F|\n|poke|p1|Aerodactyl, L50, M|\n|poke|p1|Empoleon, L50, F|\n|poke|p1|Garchomp, L50, M|\n|poke|p1|Charizard, L50, M|\n|poke|p1|Maushold, L50|\n|poke|p2|Archaludon, L50, M|\n|poke|p2|Pelipper, L50, M|\n|poke|p2|Sinistcha, L50|\n|poke|p2|Incineroar, L50, F|\n|poke|p2|Floette-Eternal, L50, F|\n|poke|p2|Meganium, L50, F|\n|teampreview|4\n|inactive|Battle timer is ON: inactive players will automatically lose when time's up. (requested by raven69420)\n|inactive|Eon_Edge has 60 seconds left.\n|\n|t:|1776103310\n|teamsize|p1|4\n|teamsize|p2|4\n|start\n|switch|p1a: Empoleon|Empoleon, L50, F|100/100\n|switch|p1b: Charizard|Charizard, L50, M|100/100\n|switch|p2a: Pelipper|Pelipper, L50, M|100/100\n|switch|p2b: Archaludon|Archaludon, L50, M|100/100\n|-weather|RainDance|[from] ability: Drizzle|[of] p2a: Pelipper\n|turn|1\n|inactive|raven69420 has 30 seconds left.\n|inactive|raven69420 has 20 seconds left.\n|inactive|raven69420 has 15 seconds left.\n|inactive|raven69420 has 10 seconds left.\n|\n|t:|1776103361\n|detailschange|p1b: Charizard|Charizard-Mega-Y, L50, M\n|-mega|p1b: Charizard|Charizard|Charizardite Y\n|-weather|SunnyDay|[from] ability: Drought|[of] p1b: Charizard\n|move|p1b: Charizard|Solar Beam||[still]\n|-prepare|p1b: Charizard|Solar Beam\n|-anim|p1b: Charizard|Solar Beam|p2a: Pelipper\n|-damage|p2a: Pelipper|20/100\n|move|p2b: Archaludon|Aura Sphere|p1a: Empoleon\n|-supereffective|p1a: Empoleon|1\n|-damage|p1a: Empoleon|46/100\n|move|p2a: Pelipper|Weather Ball|p1a: Empoleon\n|-damage|p1a: Empoleon|6/100\n|move|p1a: Empoleon|Hydro Pump|p2a: Pelipper\n|-resisted|p2a: Pelipper|1\n|-damage|p2a: Pelipper|1/100\n|\n|-weather|SunnyDay|[upkeep]\n|-heal|p1a: Empoleon|11/100|[from] item: Leftovers\n|upkeep\n|turn|2\n|inactive|Eon_Edge has 30 seconds left.\n|inactive|raven69420 has 30 seconds left.\n|\n|t:|1776103388\n|switch|p2a: Incineroar|Incineroar, L50, F|100/100\n|-ability|p2a: Incineroar|Intimidate|boost\n|-unboost|p1a: Empoleon|atk|1\n|-ability|p1a: Empoleon|Competitive|boost\n|-boost|p1a: Empoleon|spa|2\n|-unboost|p1b: Charizard|atk|1\n|move|p1a: Empoleon|Protect|p1a: Empoleon\n|-singleturn|p1a: Empoleon|Protect\n|move|p1b: Charizard|Heat Wave|p2a: Incineroar|[spread] p2a,p2b\n|-resisted|p2a: Incineroar|1\n|-damage|p2a: Incineroar|78/100\n|-damage|p2b: Archaludon|10/100\n|-ability|p2b: Archaludon|Stamina|boost\n|-boost|p2b: Archaludon|def|1\n|move|p2b: Archaludon|Aura Sphere|p1a: Empoleon\n|-activate|p1a: Empoleon|move: Protect\n|\n|-weather|SunnyDay|[upkeep]\n|-heal|p1a: Empoleon|17/100|[from] item: Leftovers\n|upkeep\n|turn|3\n|\n|t:|1776103411\n|switch|p1b: Garchomp|Garchomp, L50, M|100/100\n|move|p2a: Incineroar|Fake Out|p1b: Garchomp\n|-damage|p1b: Garchomp|90/100\n|-damage|p2a: Incineroar|65/100|[from] ability: Rough Skin|[of] p1b: Garchomp\n|move|p2b: Archaludon|Aura Sphere|p1a: Empoleon\n|-supereffective|p1a: Empoleon|1\n|-damage|p1a: Empoleon|0 fnt\n|faint|p1a: Empoleon\n|\n|-weather|SunnyDay|[upkeep]\n|upkeep\n|\n|t:|1776103419\n|switch|p1a: Maushold|Maushold, L50|100/100\n|turn|4\n|\n|t:|1776103427\n|move|p1a: Maushold|Encore|p2a: Incineroar\n|-start|p2a: Incineroar|Encore\n|move|p2a: Incineroar|Fake Out||[still]\n|-hint|Fake Out only works on your first turn out.\n|-fail|p2a: Incineroar\n|move|p1b: Garchomp|Stomping Tantrum|p2b: Archaludon\n|-supereffective|p2b: Archaludon|1\n|-damage|p2b: Archaludon|0 fnt\n|faint|p2b: Archaludon\n|\n|-weather|SunnyDay|[upkeep]\n|upkeep\n|\n|t:|1776103441\n|switch|p2b: Floette|Floette-Eternal, L50, F|100/100\n|turn|5\n|\n|t:|1776103465\n|switch|p2a: Pelipper|Pelipper, L50, M|1/100\n|-weather|RainDance|[from] ability: Drizzle|[of] p2a: Pelipper\n|detailschange|p2b: Floette|Floette-Mega, L50, F\n|-mega|p2b: Floette|Floette|Floettite\n|-ability|p2b: Floette|Fairy Aura\n|move|p1b: Garchomp|Protect|p1b: Garchomp\n|-singleturn|p1b: Garchomp|Protect\n|move|p1a: Maushold|Super Fang|p2b: Floette\n|-damage|p2b: Floette|51/100\n|move|p2b: Floette|Dazzling Gleam|p1b: Garchomp|[spread] p1a\n|-activate|p1b: Garchomp|move: Protect\n|-damage|p1a: Maushold|38/100\n|\n|-weather|RainDance|[upkeep]\n|upkeep\n|turn|6\n|inactive|Eon_Edge has 30 seconds left.\n|inactive|Eon_Edge has 20 seconds left.\n|\n|t:|1776103503\n|move|p1a: Maushold|Super Fang|p2b: Floette\n|-damage|p2b: Floette|26/100\n|move|p1b: Garchomp|Stomping Tantrum|p2b: Floette\n|-damage|p2b: Floette|0 fnt\n|faint|p2b: Floette\n|move|p2a: Pelipper|Tailwind|p2a: Pelipper\n|-sidestart|p2: raven69420|move: Tailwind\n|\n|-weather|RainDance|[upkeep]\n|upkeep\n|\n|t:|1776103524\n|switch|p2b: Incineroar|Incineroar, L50, F|65/100\n|-ability|p2b: Incineroar|Intimidate|boost\n|-unboost|p1a: Maushold|atk|1\n|-unboost|p1b: Garchomp|atk|1\n|-enditem|p1b: Garchomp|White Herb\n|-clearnegativeboost|p1b: Garchomp|[silent]\n|turn|7\n|\n|t:|1776103534\n|move|p1a: Maushold|Protect|p1a: Maushold\n|-singleturn|p1a: Maushold|Protect\n|move|p1b: Garchomp|Protect|p1b: Garchomp\n|-singleturn|p1b: Garchomp|Protect\n|move|p2a: Pelipper|Hurricane|p1b: Garchomp\n|-activate|p1b: Garchomp|move: Protect\n|move|p2b: Incineroar|Flare Blitz|p1a: Maushold\n|-activate|p1a: Maushold|move: Protect\n|\n|-weather|RainDance|[upkeep]\n|upkeep\n|turn|8\n|\n|t:|1776103544\n|move|p1a: Maushold|Follow Me|p1a: Maushold\n|-singleturn|p1a: Maushold|move: Follow Me\n|move|p2a: Pelipper|Hurricane|p1a: Maushold\n|-damage|p1a: Maushold|0 fnt\n|faint|p1a: Maushold\n|move|p1b: Garchomp|Dragon Claw|p2a: Pelipper\n|-damage|p2a: Pelipper|0 fnt\n|faint|p2a: Pelipper\n|move|p2b: Incineroar|Flare Blitz|p1b: Garchomp\n|-resisted|p1b: Garchomp|1\n|-damage|p1b: Garchomp|79/100\n|-damage|p2b: Incineroar|53/100|[from] ability: Rough Skin|[of] p1b: Garchomp\n|-damage|p2b: Incineroar|49/100|[from] Recoil\n|-enditem|p2b: Incineroar|Sitrus Berry|[eat]\n|-heal|p2b: Incineroar|74/100|[from] item: Sitrus Berry\n|\n|-weather|RainDance|[upkeep]\n|upkeep\n|\n|t:|1776103549\n|switch|p1a: Charizard|Charizard-Mega-Y, L50, M|100/100\n|-weather|SunnyDay|[from] ability: Drought|[of] p1a: Charizard\n|turn|9\n|\n|t:|1776103554\n|move|p1b: Garchomp|Protect|p1b: Garchomp\n|-singleturn|p1b: Garchomp|Protect\n|move|p1a: Charizard|Protect|p1a: Charizard\n|-singleturn|p1a: Charizard|Protect\n|move|p2b: Incineroar|Flare Blitz|p1b: Garchomp\n|-activate|p1b: Garchomp|move: Protect\n|\n|-weather|SunnyDay|[upkeep]\n|-sideend|p2: raven69420|move: Tailwind\n|upkeep\n|turn|10\n|\n|t:|1776103561\n|move|p1b: Garchomp|Earthquake|p2b: Incineroar|[spread] p2b\n|-immune|p1a: Charizard\n|-supereffective|p2b: Incineroar|1\n|-damage|p2b: Incineroar|2/100\n|move|p1a: Charizard|Scorching Sands|p2b: Incineroar\n|-supereffective|p2b: Incineroar|1\n|-damage|p2b: Incineroar|0 fnt\n|faint|p2b: Incineroar\n|\n|win|Eon_Edge\n|raw|Eon_Edge's rating: 1106 &rarr; <strong>1126</strong><br />(+20 for winning)\n|raw|raven69420's rating: 1041 &rarr; <strong>1028</strong><br />(-13 for losing)\n",
  "uploadtime": 1776103564,
  "views": 11,
  "formatid": "gen9championsvgc2026regma",
  "rating": 1028,
  "private": 0,
  "password": null
}