{
  "id": "gen9championsvgc2026regma-2581307877",
  "format": "[Gen 9 Champions] VGC 2026 Reg M-A",
  "players": [
    "Germanie",
    "miquellapolis"
  ],
  "log": "|badge|p1|bronze|gen9ubers|100-9\n|uhtml|medal-msg|<div class=\"broadcast-blue\">Curious what those medals under the avatar are? PS now has Ladder Seasons! For more information, check out the <a href=\"https://www.smogon.com/forums/threads/3740067/\">thread on Smogon.</a></div>\n|j|\u2606Germanie\n|j|\u2606miquellapolis\n|t:|1775984486\n|gametype|doubles\n|player|p1|Germanie|2|1413\n|player|p2|miquellapolis|clair|1382\n|gen|9\n|tier|[Gen 9 Champions] VGC 2026 Reg M-A\n|rated|\n|rule|Species Clause: Limit one of each Pok\u00e9mon\n|rule|Item Clause: Limit 1 of each item\n|clearpoke\n|poke|p1|Orthworm, L50, M|\n|poke|p1|Basculegion, L50, M|\n|poke|p1|Incineroar, L50, F|\n|poke|p1|Rotom-Frost, L50|\n|poke|p1|Froslass, L50, F|\n|poke|p1|Garchomp, L50, F|\n|poke|p2|Floette-Eternal, L50, F|\n|poke|p2|Incineroar, L50, F|\n|poke|p2|Whimsicott, L50, M|\n|poke|p2|Sneasler, L50, M|\n|poke|p2|Garchomp, L50, M|\n|poke|p2|Zoroark-Hisui, L50, F|\n|teampreview|4\n|inactive|Battle timer is ON: inactive players will automatically lose when time's up. (requested by miquellapolis)\n|inactive|Germanie has 60 seconds left.\n|\n|t:|1775984521\n|teamsize|p1|4\n|teamsize|p2|4\n|start\n|switch|p1a: Garchomp|Garchomp, L50, F|100/100\n|switch|p1b: Orthworm|Orthworm, L50, M|100/100\n|switch|p2a: Incineroar|Incineroar, L50, F|100/100\n|switch|p2b: Whimsicott|Whimsicott, L50, M|100/100\n|-ability|p2a: Incineroar|Intimidate|boost\n|-unboost|p1a: Garchomp|atk|1\n|-unboost|p1b: Orthworm|atk|1\n|turn|1\n|\n|t:|1775984541\n|move|p2a: Incineroar|Fake Out|p1a: Garchomp\n|-damage|p1a: Garchomp|90/100\n|-damage|p2a: Incineroar|88/100|[from] ability: Rough Skin|[of] p1a: Garchomp\n|move|p2b: Whimsicott|Dazzling Gleam|p1b: Orthworm|[spread] p1a,p1b\n|-supereffective|p1a: Garchomp|1\n|-resisted|p1b: Orthworm|1\n|-damage|p1a: Garchomp|45/100\n|-damage|p1b: Orthworm|89/100\n|cant|p1a: Garchomp|flinch\n|move|p1b: Orthworm|Heavy Slam|p2b: Whimsicott\n|-supereffective|p2b: Whimsicott|1\n|-damage|p2b: Whimsicott|25/100\n|\n|upkeep\n|turn|2\n|j| gE1xjZRtuhW2DdT0AK\n|inactive|Germanie has 30 seconds left.\n|\n|t:|1775984566\n|move|p1a: Garchomp|Protect|p1a: Garchomp\n|-singleturn|p1a: Garchomp|Protect\n|move|p2b: Whimsicott|Dazzling Gleam|p1a: Garchomp|[spread] p1b\n|-activate|p1a: Garchomp|move: Protect\n|-resisted|p1b: Orthworm|1\n|-damage|p1b: Orthworm|75/100\n|move|p1b: Orthworm|Body Press|p2a: Incineroar\n|-supereffective|p2a: Incineroar|1\n|-damage|p2a: Incineroar|32/100\n|-enditem|p2a: Incineroar|Sitrus Berry|[eat]\n|-heal|p2a: Incineroar|56/100|[from] item: Sitrus Berry\n|move|p2a: Incineroar|Flare Blitz|p1b: Orthworm\n|-supereffective|p1b: Orthworm|1\n|-damage|p1b: Orthworm|7/100\n|-enditem|p1b: Orthworm|Sitrus Berry|[eat]\n|-heal|p1b: Orthworm|32/100|[from] item: Sitrus Berry\n|-damage|p2a: Incineroar|37/100|[from] Recoil\n|\n|upkeep\n|turn|3\n|\n|t:|1775984591\n|switch|p2a: Floette|Floette-Eternal, L50, F|100/100\n|move|p2b: Whimsicott|Dazzling Gleam|p1b: Orthworm|[spread] p1a,p1b\n|-supereffective|p1a: Garchomp|1\n|-crit|p1a: Garchomp\n|-resisted|p1b: Orthworm|1\n|-crit|p1b: Orthworm\n|-damage|p1a: Garchomp|0 fnt\n|-damage|p1b: Orthworm|12/100\n|faint|p1a: Garchomp\n|move|p1b: Orthworm|Body Press|p2a: Floette\n|-immune|p2a: Floette\n|\n|upkeep\n|j| VC824\n|\n|t:|1775984601\n|switch|p1a: Froslass|Froslass, L50, F|100/100\n|turn|4\n|\n|t:|1775984612\n|detailschange|p1a: Froslass|Froslass-Mega, L50, F\n|-mega|p1a: Froslass|Froslass|Froslassite\n|-weather|Snowscape|[from] ability: Snow Warning|[of] p1a: Froslass\n|move|p2b: Whimsicott|Tailwind|p2b: Whimsicott\n|-sidestart|p2: miquellapolis|move: Tailwind\n|move|p2a: Floette|Shadow Ball|p1a: Froslass\n|-supereffective|p1a: Froslass|1\n|-damage|p1a: Froslass|7/100\n|move|p1a: Froslass|Blizzard|p2a: Floette|[spread] p2a,p2b\n|-supereffective|p2b: Whimsicott|1\n|-damage|p2a: Floette|4/100\n|-damage|p2b: Whimsicott|0 fnt\n|-status|p2a: Floette|frz\n|replace|p2a: Zoroark|Zoroark-Hisui, L50, F\n|-end|p2a: Zoroark|Illusion\n|faint|p2b: Whimsicott\n|move|p1b: Orthworm|Heavy Slam|p2a: Zoroark\n|-damage|p2a: Zoroark|0 fnt\n|faint|p2a: Zoroark\n|\n|-weather|Snowscape|[upkeep]\n|upkeep\n|\n|t:|1775984624\n|switch|p2b: Incineroar|Incineroar, L50, F|37/100\n|switch|p2a: Floette|Floette-Eternal, L50, F|100/100\n|-ability|p2b: Incineroar|Intimidate|boost\n|-unboost|p1a: Froslass|atk|1\n|-unboost|p1b: Orthworm|atk|1\n|turn|5\n|l| VC824\n|\n|t:|1775984640\n|detailschange|p2a: Floette|Floette-Mega, L50, F\n|-mega|p2a: Floette|Floette|Floettite\n|-ability|p2a: Floette|Fairy Aura\n|move|p1a: Froslass|Protect|p1a: Froslass\n|-singleturn|p1a: Froslass|Protect\n|move|p2b: Incineroar|Fake Out|p1b: Orthworm\n|-resisted|p1b: Orthworm|1\n|-damage|p1b: Orthworm|8/100\n|move|p2a: Floette|Dazzling Gleam|p1b: Orthworm|[spread] p1b\n|-activate|p1a: Froslass|move: Protect\n|-resisted|p1b: Orthworm|1\n|-damage|p1b: Orthworm|0 fnt\n|faint|p1b: Orthworm\n|\n|-weather|Snowscape|[upkeep]\n|upkeep\n|\n|t:|1775984648\n|switch|p1b: Basculegion|Basculegion, L50, M|100/100\n|turn|6\n|j| Andrey Koitrans\n|\n|t:|1775984660\n|move|p2a: Floette|Dazzling Gleam|p1b: Basculegion|[spread] p1a,p1b\n|-damage|p1a: Froslass|0 fnt\n|-damage|p1b: Basculegion|50/100\n|faint|p1a: Froslass\n|move|p1b: Basculegion|Last Respects|p2a: Floette\n|-damage|p2a: Floette|0 fnt\n|faint|p2a: Floette\n|move|p2b: Incineroar|Parting Shot|p1b: Basculegion\n|-unboost|p1b: Basculegion|atk|1\n|-unboost|p1b: Basculegion|spa|1\n|\n|-weather|Snowscape|[upkeep]\n|upkeep\n|turn|7\n|l| Andrey Koitrans\n|\n|t:|1775984673\n|move|p1b: Basculegion|Last Respects|p2b: Incineroar\n|-resisted|p2b: Incineroar|1\n|-damage|p2b: Incineroar|0 fnt\n|faint|p2b: Incineroar\n|\n|win|Germanie\n|raw|Germanie's rating: 1413 &rarr; <strong>1431</strong><br />(+18 for winning)\n|raw|miquellapolis's rating: 1382 &rarr; <strong>1364</strong><br />(-18 for losing)\n|l|\u2606miquellapolis\n|player|p2|\n|l|\u2606Germanie\n|player|p1|\n",
  "uploadtime": 1775984690,
  "views": 27,
  "formatid": "gen9championsvgc2026regma",
  "rating": 1364,
  "private": 0,
  "password": null
}