{
  "id": "gen9championsvgc2026regma-2588473229",
  "format": "[Gen 9 Champions] VGC 2026 Reg M-A",
  "players": [
    "fasboom",
    "chessin776"
  ],
  "log": "|j|\u2606fasboom\n|j|\u2606chessin776\n|t:|1776636652\n|gametype|doubles\n|player|p1|fasboom|colress|1082\n|player|p2|chessin776|cheryl|1090\n|gen|9\n|tier|[Gen 9 Champions] VGC 2026 Reg M-A\n|rated|\n|rule|Species Clause: Limit one of each Pok\u00e9mon\n|rule|Item Clause: Limit 1 of each item\n|clearpoke\n|poke|p1|Meganium, L50, F|\n|poke|p1|Sneasler, L50, F, shiny|\n|poke|p1|Basculegion, L50, M|\n|poke|p1|Pelipper, L50, M|\n|poke|p1|Sinistcha, L50|\n|poke|p1|Dragonite, L50, M, shiny|\n|poke|p2|Charizard, L50, M|\n|poke|p2|Venusaur, L50, M|\n|poke|p2|Clefable, L50, F|\n|poke|p2|Primarina, L50, F|\n|poke|p2|Farigiraf, L50, F|\n|poke|p2|Aegislash, L50, M|\n|teampreview|4\n|inactive|Battle timer is ON: inactive players will automatically lose when time's up. (requested by fasboom)\n|inactive|fasboom has 60 seconds left.\n|\n|t:|1776636702\n|teamsize|p1|4\n|teamsize|p2|4\n|start\n|switch|p1a: Sneasler|Sneasler, L50, F, shiny|100/100\n|switch|p1b: Basculegion|Basculegion, L50, M|100/100\n|switch|p2a: Giraffe|Farigiraf, L50, F|100/100\n|switch|p2b: Roaring Nature|Venusaur, L50, M|100/100\n|turn|1\n|inactive|fasboom has 30 seconds left.\n|inactive|chessin776 has 30 seconds left.\n|inactive|chessin776 has 20 seconds left.\n|inactive|chessin776 has 15 seconds left.\n|inactive|chessin776 has 10 seconds left.\n|\n|t:|1776636747\n|move|p2a: Giraffe|Protect|p2a: Giraffe\n|-singleturn|p2a: Giraffe|Protect\n|move|p1b: Basculegion|Wave Crash|p2a: Giraffe\n|-activate|p2a: Giraffe|move: Protect\n|move|p1a: Sneasler|Close Combat|p2a: Giraffe\n|-activate|p2a: Giraffe|move: Protect\n|move|p2b: Roaring Nature|Petal Blizzard|p1a: Sneasler|[spread] p1a,p1b\n|-activate|p2a: Giraffe|move: Protect\n|-resisted|p1a: Sneasler|1\n|-crit|p1a: Sneasler\n|-supereffective|p1b: Basculegion|1\n|-damage|p1a: Sneasler|59/100\n|-damage|p1b: Basculegion|12/100\n|\n|upkeep\n|turn|2\n|inactive|chessin776 has 30 seconds left.\n|inactive|chessin776 has 20 seconds left.\n|inactive|chessin776 has 15 seconds left.\n|inactive|chessin776 has 10 seconds left.\n|inactive|chessin776 has 5 seconds left.\n|\n|t:|1776636798\n|move|p1b: Basculegion|Wave Crash|p2a: Giraffe\n|-crit|p2a: Giraffe\n|-damage|p2a: Giraffe|0 fnt\n|faint|p2a: Giraffe\n|-damage|p1b: Basculegion|0 fnt|[from] Recoil\n|faint|p1b: Basculegion\n|move|p1a: Sneasler|Close Combat|p2b: Roaring Nature\n|-resisted|p2b: Roaring Nature|1\n|-damage|p2b: Roaring Nature|54/100\n|-unboost|p1a: Sneasler|def|1\n|-unboost|p1a: Sneasler|spd|1\n|-enditem|p1a: Sneasler|White Herb\n|-clearnegativeboost|p1a: Sneasler|[silent]\n|move|p2b: Roaring Nature|Petal Blizzard|p1a: Sneasler\n|-resisted|p1a: Sneasler|1\n|-damage|p1a: Sneasler|22/100\n|\n|upkeep\n|\n|t:|1776636815\n|switch|p1b: Pelipper|Pelipper, L50, M|100/100\n|switch|p2a: Roaring Water|Primarina, L50, F|100/100\n|-weather|RainDance|[from] ability: Drizzle|[of] p1b: Pelipper\n|turn|3\n|\n|t:|1776636836\n|move|p2a: Roaring Water|Protect|p2a: Roaring Water\n|-singleturn|p2a: Roaring Water|Protect\n|move|p1a: Sneasler|Dire Claw|p2a: Roaring Water\n|-activate|p2a: Roaring Water|move: Protect\n|move|p2b: Roaring Nature|Sleep Powder|p1a: Sneasler\n|-status|p1a: Sneasler|slp|[from] move: Sleep Powder\n|move|p1b: Pelipper|Tailwind|p1b: Pelipper\n|-sidestart|p1: fasboom|move: Tailwind\n|\n|-weather|RainDance|[upkeep]\n|upkeep\n|turn|4\n|inactive|chessin776 has 30 seconds left.\n|\n|t:|1776636862\n|cant|p1a: Sneasler|slp\n|move|p1b: Pelipper|Hurricane|p2b: Roaring Nature\n|-supereffective|p2b: Roaring Nature|1\n|-damage|p2b: Roaring Nature|0 fnt\n|faint|p2b: Roaring Nature\n|move|p2a: Roaring Water|Moonblast|p1a: Sneasler\n|-damage|p1a: Sneasler|0 fnt\n|faint|p1a: Sneasler\n|\n|-weather|RainDance|[upkeep]\n|upkeep\n|\n|t:|1776636874\n|switch|p1a: Meganium|Meganium, L50, F|100/100\n|switch|p2b: Roaring Flame|Charizard, L50, M|100/100\n|turn|5\n|inactive|fasboom has 30 seconds left.\n|inactive|chessin776 has 30 seconds left.\n|inactive|fasboom has 20 seconds left.\n|inactive|fasboom has 15 seconds left.\n|inactive|fasboom has 10 seconds left.\n|inactive|fasboom has 5 seconds left.\n|\n|t:|1776636929\n|detailschange|p2b: Roaring Flame|Charizard-Mega-Y, L50, M\n|-mega|p2b: Roaring Flame|Charizard|Charizardite Y\n|-weather|SunnyDay|[from] ability: Drought|[of] p2b: Roaring Flame\n|move|p2a: Roaring Water|Protect|p2a: Roaring Water\n|-singleturn|p2a: Roaring Water|Protect\n|move|p1b: Pelipper|Hurricane|p2a: Roaring Water\n|-activate|p2a: Roaring Water|move: Protect\n|move|p1a: Meganium|Dazzling Gleam|p2a: Roaring Water|[spread] p2b\n|-activate|p2a: Roaring Water|move: Protect\n|-resisted|p2b: Roaring Flame|1\n|-damage|p2b: Roaring Flame|91/100\n|move|p2b: Roaring Flame|Heat Wave|p1a: Meganium|[spread] p1a\n|-miss|p2b: Roaring Flame|p1b: Pelipper\n|-supereffective|p1a: Meganium|1\n|-damage|p1a: Meganium|0 fnt\n|faint|p1a: Meganium\n|\n|-weather|SunnyDay|[upkeep]\n|upkeep\n|turn|6\n|inactive|fasboom has 30 seconds left.\n|inactive|fasboom has 20 seconds left.\n|inactive|fasboom has 15 seconds left.\n|inactive|fasboom has 10 seconds left.\n|inactive|fasboom has 5 seconds left.\n|\n|t:|1776636985\n|move|p1b: Pelipper|Hurricane|p2b: Roaring Flame|[miss]\n|-miss|p1b: Pelipper|p2b: Roaring Flame\n|move|p2b: Roaring Flame|Solar Beam||[still]\n|-prepare|p2b: Roaring Flame|Solar Beam\n|-anim|p2b: Roaring Flame|Solar Beam|p1b: Pelipper\n|-damage|p1b: Pelipper|20/100\n|move|p2a: Roaring Water|Moonblast|p1b: Pelipper\n|-damage|p1b: Pelipper|0 fnt\n|faint|p1b: Pelipper\n|\n|win|chessin776\n|raw|fasboom's rating: 1082 &rarr; <strong>1060</strong><br />(-22 for losing)\n|raw|chessin776's rating: 1090 &rarr; <strong>1116</strong><br />(+26 for winning)\n|c|\u2606chessin776|ggs man thanks for the insight\n|l|\u2606fasboom\n|player|p1|\n",
  "uploadtime": 1776637024,
  "views": 11,
  "formatid": "gen9championsvgc2026regma",
  "rating": 1060,
  "private": 0,
  "password": null
}