{
  "id": "gen9championsvgc2026regma-2585211659",
  "format": "[Gen 9 Champions] VGC 2026 Reg M-A",
  "players": [
    "Sharkhy_",
    "MisterRai"
  ],
  "log": "|j|\u2606Sharkhy_\n|j|\u2606MisterRai\n|t:|1776325536\n|gametype|doubles\n|player|p1|Sharkhy_|170|1066\n|player|p2|MisterRai|265|1159\n|gen|9\n|tier|[Gen 9 Champions] VGC 2026 Reg M-A\n|rated|\n|rule|Species Clause: Limit one of each Pok\u00e9mon\n|rule|Item Clause: Limit 1 of each item\n|clearpoke\n|poke|p1|Charizard, L50, F|\n|poke|p1|Maushold-Four, L50|\n|poke|p1|Sneasler, L50, F|\n|poke|p1|Dragapult, L50, F|\n|poke|p1|Kingambit, L50, M|\n|poke|p1|Garchomp, L50, F|\n|poke|p2|Meganium, L50, M|\n|poke|p2|Arcanine, L50, F|\n|poke|p2|Sableye, L50, M|\n|poke|p2|Primarina, L50, M|\n|poke|p2|Bellibolt, L50, M|\n|poke|p2|Goodra-Hisui, L50, M|\n|teampreview|4\n|inactive|Battle timer is ON: inactive players will automatically lose when time's up. (requested by Sharkhy_)\n|\n|t:|1776325562\n|teamsize|p1|4\n|teamsize|p2|4\n|start\n|switch|p1a: Sneasler|Sneasler, L50, F|100/100\n|switch|p1b: Garchomp|Garchomp, L50, F|100/100\n|switch|p2a: Sableye|Sableye, L50, M|100/100\n|switch|p2b: Primarina|Primarina, L50, M|100/100\n|turn|1\n|inactive|Sharkhy_ has 30 seconds left.\n|inactive|MisterRai has 30 seconds left.\n|\n|t:|1776325595\n|move|p2b: Primarina|Protect|p2b: Primarina\n|-singleturn|p2b: Primarina|Protect\n|move|p2a: Sableye|Fake Out|p1b: Garchomp\n|-damage|p1b: Garchomp|94/100\n|-damage|p2a: Sableye|88/100|[from] ability: Rough Skin|[of] p1b: Garchomp\n|move|p1a: Sneasler|Feint|p2b: Primarina\n|-activate|p2b: Primarina|move: Feint\n|-damage|p2b: Primarina|87/100\n|cant|p1b: Garchomp|flinch\n|\n|upkeep\n|turn|2\n|\n|t:|1776325615\n|move|p2a: Sableye|Quash|p1a: Sneasler\n|-activate|p1a: Sneasler|move: Quash\n|move|p1b: Garchomp|Rock Slide|p2a: Sableye|[spread] p2a,p2b\n|-damage|p2a: Sableye|65/100\n|-damage|p2b: Primarina|61/100\n|move|p2b: Primarina|Moonblast|p1b: Garchomp\n|-supereffective|p1b: Garchomp|1\n|-damage|p1b: Garchomp|0 fnt\n|faint|p1b: Garchomp\n|move|p1a: Sneasler|Dire Claw|p2b: Primarina\n|-supereffective|p2b: Primarina|1\n|-damage|p2b: Primarina|0 fnt\n|faint|p2b: Primarina\n|\n|upkeep\n|\n|t:|1776325628\n|switch|p1b: Maushold|Maushold-Four, L50|100/100\n|switch|p2b: Bellibolt|Bellibolt, L50, M|100/100\n|turn|3\n|inactive|Sharkhy_ has 30 seconds left.\n|\n|t:|1776325662\n|switch|p1a: Charizard|Charizard, L50, F|100/100\n|switch|p2a: Goodra|Goodra-Hisui, L50, M|100/100\n|move|p1b: Maushold|Super Fang|p2b: Bellibolt\n|-damage|p2b: Bellibolt|50/100\n|-start|p2b: Bellibolt|Charge|Super Fang|[from] ability: Electromorphosis\n|move|p2b: Bellibolt|Parabolic Charge|p1b: Maushold|[spread] p2a,p1a,p1b\n|-resisted|p2a: Goodra|1\n|-supereffective|p1a: Charizard|1\n|-crit|p1b: Maushold\n|-damage|p2a: Goodra|82/100\n|-heal|p2b: Bellibolt|60/100|[from] drain|[of] p2a: Goodra\n|-damage|p1a: Charizard|7/100\n|-heal|p2b: Bellibolt|100/100|[from] drain|[of] p1a: Charizard\n|-damage|p1b: Maushold|0 fnt\n|faint|p1b: Maushold\n|-end|p2b: Bellibolt|Charge|[silent]\n|\n|-heal|p2a: Goodra|88/100|[from] item: Leftovers\n|upkeep\n|\n|t:|1776325680\n|switch|p1b: Sneasler|Sneasler, L50, F|100/100\n|turn|4\n|\n|t:|1776325695\n|detailschange|p1a: Charizard|Charizard-Mega-Y, L50, F\n|-mega|p1a: Charizard|Charizard|Charizardite Y\n|-weather|SunnyDay|[from] ability: Drought|[of] p1a: Charizard\n|move|p1a: Charizard|Protect|p1a: Charizard\n|-singleturn|p1a: Charizard|Protect\n|move|p2b: Bellibolt|Protect|p2b: Bellibolt\n|-singleturn|p2b: Bellibolt|Protect\n|move|p1b: Sneasler|Fake Out|p2a: Goodra\n|-resisted|p2a: Goodra|1\n|-damage|p2a: Goodra|83/100\n|cant|p2a: Goodra|flinch\n|\n|-weather|SunnyDay|[upkeep]\n|-heal|p2a: Goodra|89/100|[from] item: Leftovers\n|upkeep\n|turn|5\n|\n|t:|1776325716\n|move|p1b: Sneasler|Close Combat|p2a: Goodra\n|-supereffective|p2a: Goodra|1\n|-damage|p2a: Goodra|0 fnt\n|-unboost|p1b: Sneasler|def|1\n|-unboost|p1b: Sneasler|spd|1\n|faint|p2a: Goodra\n|move|p1a: Charizard|Heat Wave|p2b: Bellibolt\n|-damage|p2b: Bellibolt|18/100\n|-start|p2b: Bellibolt|Charge|Heat Wave|[from] ability: Electromorphosis\n|move|p2b: Bellibolt|Parabolic Charge|p1b: Sneasler|[spread] p1a,p1b\n|-supereffective|p1a: Charizard|1\n|-damage|p1a: Charizard|0 fnt\n|-heal|p2b: Bellibolt|22/100|[from] drain|[of] p1a: Charizard\n|-enditem|p1b: Sneasler|Focus Sash\n|-damage|p1b: Sneasler|1/100\n|-heal|p2b: Bellibolt|64/100|[from] drain|[of] p1b: Sneasler\n|faint|p1a: Charizard\n|-end|p2b: Bellibolt|Charge|[silent]\n|\n|-weather|SunnyDay|[upkeep]\n|upkeep\n|\n|t:|1776325735\n|switch|p2a: Sableye|Sableye, L50, M|65/100\n|turn|6\n|\n|t:|1776325747\n|move|p2a: Sableye|Fake Out|p1b: Sneasler\n|-damage|p1b: Sneasler|0 fnt\n|faint|p1b: Sneasler\n|\n|win|MisterRai\n|raw|Sharkhy_'s rating: 1066 &rarr; <strong>1051</strong><br />(-15 for losing)\n|raw|MisterRai's rating: 1159 &rarr; <strong>1177</strong><br />(+18 for winning)\n",
  "uploadtime": 1776325754,
  "views": 29,
  "formatid": "gen9championsvgc2026regma",
  "rating": 1051,
  "private": 0,
  "password": null
}