{
  "id": "gen9championsvgc2026regma-2583919104",
  "format": "[Gen 9 Champions] VGC 2026 Reg M-A",
  "players": [
    "oliveragaston14",
    "o1am1de"
  ],
  "log": "|j|\u2606oliveragaston14\n|j|\u2606o1am1de\n|t:|1776208291\n|gametype|doubles\n|player|p1|oliveragaston14|170|1105\n|player|p2|o1am1de|169|1152\n|gen|9\n|tier|[Gen 9 Champions] VGC 2026 Reg M-A\n|rated|\n|rule|Species Clause: Limit one of each Pok\u00e9mon\n|rule|Item Clause: Limit 1 of each item\n|clearpoke\n|poke|p1|Starmie, L50|\n|poke|p1|Aegislash, L50, M|\n|poke|p1|Sneasler, L50, M|\n|poke|p1|Pelipper, L50, M|\n|poke|p1|Archaludon, L50, F|\n|poke|p1|Maushold, L50|\n|poke|p2|Venusaur, L50, F|\n|poke|p2|Incineroar, L50, F|\n|poke|p2|Basculegion, L50, M|\n|poke|p2|Excadrill, L50, M|\n|poke|p2|Garchomp, L50, M|\n|poke|p2|Sneasler, L50, M|\n|teampreview|4\n|inactive|Battle timer is ON: inactive players will automatically lose when time's up. (requested by oliveragaston14)\no1am1de rejected open team sheets.\n|\n|t:|1776208315\n|teamsize|p1|4\n|teamsize|p2|4\n|start\n|switch|p1a: Maushold|Maushold, L50|100/100\n|switch|p1b: Starmie|Starmie, L50|100/100\n|switch|p2a: Venusaur|Venusaur, L50, F|100/100\n|switch|p2b: Incineroar|Incineroar, L50, F|100/100\n|-ability|p2b: Incineroar|Intimidate|boost\n|-unboost|p1a: Maushold|atk|1\n|-unboost|p1b: Starmie|atk|1\n|turn|1\n|\n|t:|1776208332\n|detailschange|p1b: Starmie|Starmie-Mega, L50\n|-mega|p1b: Starmie|Starmie|Starminite\n|detailschange|p2a: Venusaur|Venusaur-Mega, L50, F\n|-mega|p2a: Venusaur|Venusaur|Venusaurite\n|move|p2b: Incineroar|Fake Out|p1a: Maushold\n|-damage|p1a: Maushold|83/100\n|cant|p1a: Maushold|flinch\n|move|p1b: Starmie|Ice Spinner|p2a: Venusaur\n|-supereffective|p2a: Venusaur|1\n|-damage|p2a: Venusaur|74/100\n|move|p2a: Venusaur|Giga Drain|p1b: Starmie\n|-supereffective|p1b: Starmie|1\n|-damage|p1b: Starmie|44/100\n|-heal|p2a: Venusaur|95/100|[from] drain|[of] p1b: Starmie\n|\n|upkeep\n|turn|2\n|inactive|o1am1de has 30 seconds left.\n|\n|t:|1776208364\n|switch|p1a: Pelipper|Pelipper, L50, M|100/100\n|-weather|RainDance|[from] ability: Drizzle|[of] p1a: Pelipper\n|move|p1b: Starmie|Protect|p1b: Starmie\n|-singleturn|p1b: Starmie|Protect\n|move|p2a: Venusaur|Giga Drain|p1b: Starmie\n|-activate|p1b: Starmie|move: Protect\n|move|p2b: Incineroar|Flare Blitz|p1a: Pelipper\n|-resisted|p1a: Pelipper|1\n|-damage|p1a: Pelipper|81/100\n|-damage|p2b: Incineroar|95/100|[from] Recoil\n|\n|-weather|RainDance|[upkeep]\n|upkeep\n|turn|3\n|-activate|p2b: Incineroar|item: Quick Claw\n|\n|t:|1776208381\n|move|p1b: Starmie|Aqua Jet|p2b: Incineroar\n|-supereffective|p2b: Incineroar|1\n|-damage|p2b: Incineroar|2/100\n|move|p2b: Incineroar|Parting Shot|p1a: Pelipper\n|-unboost|p1a: Pelipper|atk|1\n|-unboost|p1a: Pelipper|spa|1\n|\n|t:|1776208389\n|switch|p2b: Basculegion|Basculegion, L50, M|100/100|[from] Parting Shot\n|move|p1a: Pelipper|Hurricane|p2a: Venusaur\n|-supereffective|p2a: Venusaur|1\n|-damage|p2a: Venusaur|55/100\n|move|p2a: Venusaur|Giga Drain|p1b: Starmie\n|-supereffective|p1b: Starmie|1\n|-damage|p1b: Starmie|0 fnt\n|-heal|p2a: Venusaur|71/100|[from] drain|[of] p1b: Starmie\n|faint|p1b: Starmie\n|\n|-weather|RainDance|[upkeep]\n|upkeep\n|\n|t:|1776208397\n|switch|p1b: Sneasler|Sneasler, L50, M|100/100\n|turn|4\n|\n|t:|1776208416\n|move|p1b: Sneasler|Fake Out|p2a: Venusaur\n|-damage|p2a: Venusaur|59/100\n|move|p2b: Basculegion|Wave Crash|p1b: Sneasler\n|-damage|p1b: Sneasler|0 fnt\n|faint|p1b: Sneasler\n|-damage|p2b: Basculegion|74/100|[from] Recoil\n|move|p1a: Pelipper|Hurricane|p2a: Venusaur\n|-supereffective|p2a: Venusaur|1\n|-damage|p2a: Venusaur|16/100\n|-start|p2a: Venusaur|confusion\n|cant|p2a: Venusaur|flinch\n|\n|-weather|RainDance|[upkeep]\n|upkeep\n|\n|t:|1776208422\n|switch|p1b: Maushold|Maushold, L50|83/100\n|turn|5\n|c|\u2606o1am1de|GG\n|\n|t:|1776208436\n|move|p1a: Pelipper|Protect|p1a: Pelipper\n|-singleturn|p1a: Pelipper|Protect\n|move|p1b: Maushold|Super Fang|p2b: Basculegion\n|-immune|p2b: Basculegion\n|move|p2b: Basculegion|Wave Crash|p1a: Pelipper\n|-activate|p1a: Pelipper|move: Protect\n|-activate|p2a: Venusaur|confusion\n|-damage|p2a: Venusaur|9/100|[from] confusion\n|\n|-weather|RainDance|[upkeep]\n|upkeep\n|turn|6\n|\n|t:|1776208449\n|move|p1b: Maushold|Follow Me|p1b: Maushold\n|-singleturn|p1b: Maushold|move: Follow Me\n|move|p2b: Basculegion|Wave Crash|p1b: Maushold\n|-damage|p1b: Maushold|0 fnt\n|faint|p1b: Maushold\n|-damage|p2b: Basculegion|49/100|[from] Recoil\n|move|p1a: Pelipper|Tailwind|p1a: Pelipper\n|-sidestart|p1: oliveragaston14|move: Tailwind\n|-activate|p2a: Venusaur|confusion\n|-damage|p2a: Venusaur|3/100|[from] confusion\n|\n|-weather|none\n|upkeep\n|turn|7\n|\n|t:|1776208465\n|move|p1a: Pelipper|Hurricane|p2a: Venusaur\n|-supereffective|p2a: Venusaur|1\n|-damage|p2a: Venusaur|0 fnt\n|faint|p2a: Venusaur\n|move|p2b: Basculegion|Last Respects|p1a: Pelipper\n|-damage|p1a: Pelipper|0 fnt\n|faint|p1a: Pelipper\n|\n|win|o1am1de\n|raw|oliveragaston14's rating: 1105 &rarr; <strong>1083</strong><br />(-22 for losing)\n|raw|o1am1de's rating: 1152 &rarr; <strong>1174</strong><br />(+22 for winning)\n|c|\u2606o1am1de|GG\n|c|\u2606oliveragaston14|C\u00f3mo concha me bajo a venasaur con este tema\n|c|\u2606oliveragaston14|Team*\n|c|\u2606o1am1de|lo siento\n|c|\u2606oliveragaston14|Es counter total no?\n|c|\u2606oliveragaston14|Hurricane + ice spiner quiz\u00e1s\n|c|\u2606oliveragaston14|Pero creo que no llega tampoco\n|c|\u2606oliveragaston14|Gg\n|c|\u2606o1am1de|Supongo que es una cuesti\u00f3n de habilidad.\n|c|\u2606o1am1de|Thick fat\n|l|\u2606oliveragaston14\n|player|p1|\n|c|\u2606o1am1de|aunque est\u00e1 en su forma mega\n",
  "uploadtime": 1776208575,
  "views": 19,
  "formatid": "gen9championsvgc2026regma",
  "rating": 1083,
  "private": 0,
  "password": null
}