{
  "id": "gen9championsvgc2026regma-2584900451",
  "format": "[Gen 9 Champions] VGC 2026 Reg M-A",
  "players": [
    "yuuki angel",
    "SkylerVampurr"
  ],
  "log": "|j|\u2606yuuki angel\n|j|\u2606SkylerVampurr\n|t:|1776292814\n|gametype|doubles\n|player|p1|yuuki angel|miku-fairy|1041\n|player|p2|SkylerVampurr|guitarist|1024\n|gen|9\n|tier|[Gen 9 Champions] VGC 2026 Reg M-A\n|rated|\n|rule|Species Clause: Limit one of each Pok\u00e9mon\n|rule|Item Clause: Limit 1 of each item\n|clearpoke\n|poke|p1|Araquanid, L50, M|\n|poke|p1|Alcremie-Salted-Cream, L50, F|\n|poke|p1|Sinistcha, L50|\n|poke|p1|Basculegion, L50, M|\n|poke|p1|Oranguru, L50, F|\n|poke|p1|Scizor, L50, F|\n|poke|p2|Meowstic, L50, M|\n|poke|p2|Alakazam, L50, F|\n|poke|p2|Aerodactyl, L50, F|\n|poke|p2|Sneasler, L50, M|\n|poke|p2|Zoroark-Hisui, L50, M|\n|poke|p2|Armarouge, L50, M|\n|teampreview|4\n|\n|t:|1776292837\n|teamsize|p1|4\n|teamsize|p2|4\n|start\n|switch|p1a: Sinistcha|Sinistcha, L50|100/100\n|switch|p1b: Alcremie|Alcremie-Salted-Cream, L50, F|100/100\n|switch|p2a: Meowstic|Meowstic, L50, M|100/100\n|switch|p2b: Alakazam|Alakazam, L50, F|100/100\n|turn|1\n|\n|t:|1776292867\n|detailschange|p2b: Alakazam|Alakazam-Mega, L50, F\n|-mega|p2b: Alakazam|Alakazam|Alakazite\n|-ability|p2b: Alakazam|Hospitality|Trace|[from] ability: Trace|[of] p1a: Sinistcha\n|move|p2a: Meowstic|Psychic Terrain|p2a: Meowstic\n|-fieldstart|move: Psychic Terrain\n|move|p2b: Alakazam|Expanding Force|p1b: Alcremie|[spread] p1a,p1b\n|-damage|p1a: Sinistcha|14/100\n|-damage|p1b: Alcremie|27/100\n|move|p1b: Alcremie|Decorate|p1a: Sinistcha\n|-boost|p1a: Sinistcha|atk|2\n|-boost|p1a: Sinistcha|spa|2\n|move|p1a: Sinistcha|Trick Room|p1a: Sinistcha\n|-fieldstart|move: Trick Room|[of] p1a: Sinistcha\n|\n|upkeep\n|turn|2\n|\n|t:|1776292882\n|move|p2b: Alakazam|Protect|p2b: Alakazam\n|-singleturn|p2b: Alakazam|Protect\n|move|p1b: Alcremie|Dazzling Gleam|p2b: Alakazam|[spread] p2a\n|-activate|p2b: Alakazam|move: Protect\n|-damage|p2a: Meowstic|76/100\n|move|p1a: Sinistcha|Matcha Gotcha|p2a: Meowstic|[spread] p2a\n|-activate|p2b: Alakazam|move: Protect\n|-damage|p2a: Meowstic|16/100\n|-heal|p1a: Sinistcha|39/100|[from] drain|[of] p2a: Meowstic\n|move|p2a: Meowstic|Expanding Force|p1a: Sinistcha|[spread] p1a,p1b\n|-damage|p1a: Sinistcha|0 fnt\n|-damage|p1b: Alcremie|0 fnt\n|faint|p1a: Sinistcha\n|faint|p1b: Alcremie\n|\n|upkeep\n|\n|t:|1776292890\n|switch|p1b: Basculegion|Basculegion, L50, M|100/100\n|switch|p1a: Araquanid|Araquanid, L50, M|100/100\n|turn|3\n|\n|t:|1776292916\n|move|p1a: Araquanid|Surf|p2a: Meowstic|[spread] p1b,p2a,p2b\n|-resisted|p1b: Basculegion|1\n|-damage|p1b: Basculegion|77/100\n|-damage|p2a: Meowstic|0 fnt\n|-damage|p2b: Alakazam|47/100\n|faint|p2a: Meowstic\n|move|p1b: Basculegion|Last Respects|p2b: Alakazam\n|-supereffective|p2b: Alakazam|1\n|-damage|p2b: Alakazam|0 fnt\n|faint|p2b: Alakazam\n|\n|upkeep\n|\n|t:|1776292924\n|switch|p2a: Aerodactyl|Aerodactyl, L50, F|100/100\n|switch|p2b: Zoroark|Zoroark-Hisui, L50, M|100/100\n|-ability|p2a: Aerodactyl|Pressure\n|turn|4\n|\n|t:|1776292937\n|move|p2a: Aerodactyl|Protect|p2a: Aerodactyl\n|-singleturn|p2a: Aerodactyl|Protect\n|move|p1a: Araquanid|Surf|p2a: Aerodactyl|[spread] p1b,p2b\n|-activate|p2a: Aerodactyl|move: Protect\n|-resisted|p1b: Basculegion|1\n|-damage|p1b: Basculegion|52/100\n|-damage|p2b: Zoroark|13/100\n|move|p2b: Zoroark|Shadow Ball|p1b: Basculegion\n|-supereffective|p1b: Basculegion|1\n|-damage|p1b: Basculegion|0 fnt\n|faint|p1b: Basculegion\n|\n|upkeep\n|turn|5\n|\n|t:|1776292955\n|move|p1a: Araquanid|Surf|p2a: Aerodactyl|[spread] p2a,p2b\n|-supereffective|p2a: Aerodactyl|1\n|-damage|p2a: Aerodactyl|0 fnt\n|-damage|p2b: Zoroark|0 fnt\n|faint|p2a: Aerodactyl\n|faint|p2b: Zoroark\n|\n|win|yuuki angel\n|raw|yuuki angel's rating: 1041 &rarr; <strong>1073</strong><br />(+32 for winning)\n|raw|SkylerVampurr's rating: 1024 &rarr; <strong>1011</strong><br />(-13 for losing)\n|c|\u2606SkylerVampurr|gg\n|c|\u2606yuuki angel|ggs\n",
  "uploadtime": 1776292964,
  "views": 17,
  "formatid": "gen9championsvgc2026regma",
  "rating": 1011,
  "private": 0,
  "password": null
}