{
  "id": "gen9championsvgc2026regma-2588400002",
  "format": "[Gen 9 Champions] VGC 2026 Reg M-A",
  "players": [
    "alienbugbug",
    "Acolyte15"
  ],
  "log": "|j|\u2606alienbugbug\n|j|\u2606Acolyte15\n|t:|1776630307\n|gametype|doubles\n|player|p1|alienbugbug|carmine-festival|1249\n|player|p2|Acolyte15|benga|1256\n|gen|9\n|tier|[Gen 9 Champions] VGC 2026 Reg M-A\n|rated|\n|rule|Species Clause: Limit one of each Pok\u00e9mon\n|rule|Item Clause: Limit 1 of each item\n|clearpoke\n|poke|p1|Scovillain, L50, M|\n|poke|p1|Milotic, L50, F|\n|poke|p1|Sinistcha, L50|\n|poke|p1|Kingambit, L50, F|\n|poke|p1|Dragonite, L50, F|\n|poke|p1|Tauros-Paldea-Aqua, L50, M|\n|poke|p2|Froslass, L50, F, shiny|\n|poke|p2|Garchomp, L50, M|\n|poke|p2|Rotom-Heat, L50|\n|poke|p2|Sneasler, L50, F|\n|poke|p2|Kingambit, L50, F|\n|poke|p2|Milotic, L50, F|\n|teampreview|4\n|\n|t:|1776630368\n|teamsize|p1|4\n|teamsize|p2|4\n|start\n|switch|p1a: Scovillain|Scovillain, L50, M|100/100\n|switch|p1b: Kingambit|Kingambit, L50, F|100/100\n|switch|p2a: Sneasler|Sneasler, L50, F|100/100\n|switch|p2b: Rotom|Rotom-Heat, L50|100/100\n|turn|1\n|\n|t:|1776630388\n|switch|p1b: Sinistcha|Sinistcha, L50|100/100\n|detailschange|p1a: Scovillain|Scovillain-Mega, L50, M\n|-mega|p1a: Scovillain|Scovillain|Scovillainite\n|move|p2a: Sneasler|Fake Out|p1b: Sinistcha\n|-immune|p1b: Sinistcha\n|move|p2b: Rotom|Trick||[still]\n|-fail|p2b: Rotom\n|move|p1a: Scovillain|Leech Seed|p2a: Sneasler\n|-start|p2a: Sneasler|move: Leech Seed\n|\n|-damage|p2a: Sneasler|88/100|[from] Leech Seed|[of] p1a: Scovillain\n|upkeep\n|turn|2\n|\n|t:|1776630422\n|switch|p2a: Kingambit|Kingambit, L50, F|100/100\n|move|p1a: Scovillain|Rage Powder|p1a: Scovillain\n|-singleturn|p1a: Scovillain|move: Rage Powder\n|move|p2b: Rotom|Trick||[still]\n|-fail|p2b: Rotom\n|move|p1b: Sinistcha|Reflect|p1b: Sinistcha\n|-sidestart|p1: alienbugbug|Reflect\n|\n|upkeep\n|turn|3\n|\n|t:|1776630438\n|move|p2a: Kingambit|Protect|p2a: Kingambit\n|-singleturn|p2a: Kingambit|Protect\n|move|p2b: Rotom|Trick|p1b: Sinistcha\n|-activate|p2b: Rotom|move: Trick|[of] p1b: Sinistcha\n|-item|p1b: Sinistcha|Choice Scarf|[from] move: Trick\n|-item|p2b: Rotom|Sitrus Berry|[from] move: Trick\n|move|p1b: Sinistcha|Matcha Gotcha|p2b: Rotom|[spread] p2b\n|-activate|p2a: Kingambit|move: Protect\n|-resisted|p2b: Rotom|1\n|-damage|p2b: Rotom|88/100\n|move|p1a: Scovillain|Overheat|p2a: Kingambit\n|-activate|p2a: Kingambit|move: Protect\n|\n|upkeep\n|turn|4\n|\n|t:|1776630491\n|move|p1a: Scovillain|Rage Powder|p1a: Scovillain\n|-singleturn|p1a: Scovillain|move: Rage Powder\n|move|p2b: Rotom|Overheat|p1a: Scovillain\n|-damage|p1a: Scovillain|48/100\n|-unboost|p2b: Rotom|spa|2\n|-immune|p2b: Rotom\n|move|p1b: Sinistcha|Matcha Gotcha|p2b: Rotom|[spread] p2a,p2b\n|-resisted|p2a: Kingambit|1\n|-resisted|p2b: Rotom|1\n|-damage|p2a: Kingambit|89/100\n|-damage|p2b: Rotom|74/100\n|-status|p2a: Kingambit|brn\n|move|p2a: Kingambit|Assurance|p1a: Scovillain\n|-damage|p1a: Scovillain|25/100\n|\n|-damage|p2a: Kingambit|83/100 brn|[from] brn\n|upkeep\n|turn|5\n|\n|t:|1776630522\n|switch|p1b: Milotic|Milotic, L50, F|100/100\n|switch|p2a: Sneasler|Sneasler, L50, F|88/100\n|move|p2b: Rotom|Overheat|p1a: Scovillain|[miss]\n|-miss|p2b: Rotom|p1a: Scovillain\n|move|p1a: Scovillain|Leech Seed|p2a: Sneasler\n|-start|p2a: Sneasler|move: Leech Seed\n|\n|-damage|p2a: Sneasler|76/100|[from] Leech Seed|[of] p1a: Scovillain\n|-heal|p1a: Scovillain|37/100|[silent]\n|upkeep\n|turn|6\n|\n|t:|1776630548\n|move|p1a: Scovillain|Protect|p1a: Scovillain\n|-singleturn|p1a: Scovillain|Protect\n|move|p2a: Sneasler|Fake Out|p1b: Milotic\n|-damage|p1b: Milotic|93/100\n|move|p2b: Rotom|Volt Switch|p1b: Milotic\n|-supereffective|p1b: Milotic|1\n|-damage|p1b: Milotic|75/100\n|\n|t:|1776630564\n|switch|p2b: Froslass|Froslass, L50, F, shiny|100/100|[from] Volt Switch\n|cant|p1b: Milotic|flinch\n|\n|-heal|p1b: Milotic|81/100|[from] item: Leftovers\n|-damage|p2a: Sneasler|64/100|[from] Leech Seed|[of] p1a: Scovillain\n|-heal|p1a: Scovillain|49/100|[silent]\n|-sideend|p1: alienbugbug|Reflect\n|upkeep\n|turn|7\n|\n|t:|1776630594\n|switch|p1a: Kingambit|Kingambit, L50, F|100/100\n|detailschange|p2b: Froslass|Froslass-Mega, L50, F, shiny\n|-mega|p2b: Froslass|Froslass|Froslassite\n|-weather|Snowscape|[from] ability: Snow Warning|[of] p2b: Froslass\n|move|p2b: Froslass|Blizzard|p1a: Kingambit|[spread] p1a,p1b\n|-resisted|p1a: Kingambit|1\n|-resisted|p1b: Milotic|1\n|-damage|p1a: Kingambit|80/100\n|-damage|p1b: Milotic|69/100\n|move|p2a: Sneasler|Close Combat|p1b: Milotic\n|-damage|p1b: Milotic|15/100\n|-unboost|p2a: Sneasler|def|1\n|-unboost|p2a: Sneasler|spd|1\n|-enditem|p2a: Sneasler|White Herb\n|-clearnegativeboost|p2a: Sneasler|[silent]\n|move|p1b: Milotic|Light Screen|p1b: Milotic\n|-sidestart|p1: alienbugbug|move: Light Screen\n|\n|-weather|Snowscape|[upkeep]\n|-heal|p1b: Milotic|21/100|[from] item: Leftovers\n|-damage|p2a: Sneasler|52/100|[from] Leech Seed|[of] p1a: Kingambit\n|-heal|p1a: Kingambit|90/100|[silent]\n|upkeep\n|turn|8\n|\n|t:|1776630626\n|move|p2b: Froslass|Protect|p2b: Froslass\n|-singleturn|p2b: Froslass|Protect\n|move|p2a: Sneasler|Close Combat|p1a: Kingambit\n|-supereffective|p1a: Kingambit|2\n|-enditem|p1a: Kingambit|Chople Berry|[eat]\n|-enditem|p1a: Kingambit|Chople Berry|[weaken]\n|-damage|p1a: Kingambit|5/100\n|-unboost|p2a: Sneasler|def|1\n|-unboost|p2a: Sneasler|spd|1\n|move|p1b: Milotic|Scald|p2a: Sneasler\n|-damage|p2a: Sneasler|2/100\n|move|p1a: Kingambit|Kowtow Cleave|p2b: Froslass\n|-activate|p2b: Froslass|move: Protect\n|\n|-weather|Snowscape|[upkeep]\n|-heal|p1b: Milotic|27/100|[from] item: Leftovers\n|-damage|p2a: Sneasler|0 fnt|[from] Leech Seed|[of] p1a: Kingambit\n|-heal|p1a: Kingambit|6/100|[silent]\n|faint|p2a: Sneasler\n|upkeep\n|\n|t:|1776630655\n|switch|p2a: Rotom|Rotom-Heat, L50|74/100\n|turn|9\n|\n|t:|1776630675\n|switch|p2b: Kingambit|Kingambit, L50, F|83/100 brn\n|move|p1a: Kingambit|Sucker Punch||[still]\n|-fail|p1a: Kingambit\n|move|p2a: Rotom|Electroweb|p1b: Milotic|[spread] p1a,p1b\n|-supereffective|p1b: Milotic|1\n|-damage|p1a: Kingambit|0 fnt\n|-damage|p1b: Milotic|15/100\n|-unboost|p1b: Milotic|spe|1\n|-ability|p1b: Milotic|Competitive|boost\n|-boost|p1b: Milotic|spa|2\n|faint|p1a: Kingambit\n|move|p1b: Milotic|Scald|p2a: Rotom\n|-supereffective|p2a: Rotom|1\n|-damage|p2a: Rotom|0 fnt\n|faint|p2a: Rotom\n|\n|-weather|Snowscape|[upkeep]\n|-heal|p1b: Milotic|21/100|[from] item: Leftovers\n|-damage|p2b: Kingambit|77/100 brn|[from] brn\n|upkeep\n|\n|t:|1776630693\n|switch|p2a: Froslass|Froslass-Mega, L50, F, shiny|100/100\n|switch|p1a: Scovillain|Scovillain-Mega, L50, M|49/100\n|turn|10\n|\n|t:|1776630715\n|move|p1a: Scovillain|Protect|p1a: Scovillain\n|-singleturn|p1a: Scovillain|Protect\n|move|p2b: Kingambit|Sucker Punch|p1b: Milotic\n|-damage|p1b: Milotic|3/100\n|move|p2a: Froslass|Blizzard|p1b: Milotic|[spread] p1b\n|-activate|p1a: Scovillain|move: Protect\n|-resisted|p1b: Milotic|1\n|-damage|p1b: Milotic|0 fnt\n|faint|p1b: Milotic\n|\n|-weather|Snowscape|[upkeep]\n|-damage|p2b: Kingambit|72/100 brn|[from] brn\n|upkeep\n|\n|t:|1776630726\n|switch|p1b: Sinistcha|Sinistcha, L50|100/100\n|-heal|p1a: Scovillain|74/100|[from] ability: Hospitality|[of] p1b: Sinistcha\n|turn|11\n|\n|t:|1776630756\n|move|p2a: Froslass|Blizzard|p1a: Scovillain|[spread] p1a,p1b\n|-supereffective|p1b: Sinistcha|1\n|-damage|p1a: Scovillain|51/100\n|-damage|p1b: Sinistcha|55/100\n|-status|p2a: Froslass|brn|[from] ability: Spicy Spray|[of] p1a: Scovillain\n|move|p1b: Sinistcha|Hex|p2a: Froslass\n|-supereffective|p2a: Froslass|1\n|-damage|p2a: Froslass|7/100 brn\n|move|p1a: Scovillain|Leech Seed|p2b: Kingambit\n|-start|p2b: Kingambit|move: Leech Seed\n|move|p2b: Kingambit|Assurance|p1b: Sinistcha\n|-supereffective|p1b: Sinistcha|1\n|-damage|p1b: Sinistcha|0 fnt\n|faint|p1b: Sinistcha\n|\n|-weather|none\n|-damage|p2b: Kingambit|59/100 brn|[from] Leech Seed|[of] p1a: Scovillain\n|-heal|p1a: Scovillain|66/100|[silent]\n|-damage|p2a: Froslass|1/100 brn|[from] brn\n|-damage|p2b: Kingambit|54/100 brn|[from] brn\n|-sideend|p1: alienbugbug|move: Light Screen\n|upkeep\n|turn|12\n|\n|t:|1776630784\n|move|p1a: Scovillain|Protect|p1a: Scovillain\n|-singleturn|p1a: Scovillain|Protect\n|move|p2a: Froslass|Blizzard|p1a: Scovillain\n|-activate|p1a: Scovillain|move: Protect\n|move|p2b: Kingambit|Assurance|p1a: Scovillain\n|-activate|p1a: Scovillain|move: Protect\n|\n|-damage|p2b: Kingambit|42/100 brn|[from] Leech Seed|[of] p1a: Scovillain\n|-heal|p1a: Scovillain|80/100|[silent]\n|-damage|p2a: Froslass|0 fnt|[from] brn\n|faint|p2a: Froslass\n|-damage|p2b: Kingambit|36/100 brn|[from] brn\n|upkeep\n|turn|13\n|\n|t:|1776630800\n|move|p1a: Scovillain|Overheat|p2b: Kingambit\n|-supereffective|p2b: Kingambit|1\n|-damage|p2b: Kingambit|0 fnt\n|-unboost|p1a: Scovillain|spa|2\n|faint|p2b: Kingambit\n|\n|win|alienbugbug\n|raw|alienbugbug's rating: 1249 &rarr; <strong>1275</strong><br />(+26 for winning)\n|raw|Acolyte15's rating: 1256 &rarr; <strong>1230</strong><br />(-26 for losing)\n",
  "uploadtime": 1776630804,
  "views": 15,
  "formatid": "gen9championsvgc2026regma",
  "rating": 1230,
  "private": 0,
  "password": null
}