{
  "id": "gen9championsvgc2026regma-2580538069",
  "format": "[Gen 9 Champions] VGC 2026 Reg M-A",
  "players": [
    "HL SIGNAL",
    "alpharax127"
  ],
  "log": "|j|\u2606HL SIGNAL\n|j|\u2606alpharax127\n|t:|1775910355\n|gametype|doubles\n|player|p1|HL SIGNAL|drayden|1068\n|player|p2|alpharax127|akari|1004\n|gen|9\n|tier|[Gen 9 Champions] VGC 2026 Reg M-A\n|rated|\n|rule|Species Clause: Limit one of each Pok\u00e9mon\n|rule|Item Clause: Limit 1 of each item\n|clearpoke\n|poke|p1|Lucario, L50, M|\n|poke|p1|Dragapult, L50, F|\n|poke|p1|Whimsicott, L50, M|\n|poke|p1|Incineroar, L50, M|\n|poke|p2|Starmie, L50|\n|poke|p2|Gardevoir, L50, M|\n|poke|p2|Incineroar, L50, M|\n|poke|p2|Sinistcha, L50|\n|poke|p2|Glimmora, L50, M|\n|poke|p2|Hawlucha, L50, M|\n|teampreview|4\n|inactive|Battle timer is ON: inactive players will automatically lose when time's up. (requested by alpharax127)\n|\n|t:|1775910378\n|teamsize|p1|4\n|teamsize|p2|4\n|start\n|switch|p1a: Lucario|Lucario, L50, M|100/100\n|switch|p1b: Dragapult|Dragapult, L50, F|100/100\n|switch|p2a: Starmie|Starmie, L50|100/100\n|switch|p2b: Gardevoir|Gardevoir, L50, M|100/100\n|turn|1\n|\n|t:|1775910393\n|switch|p2a: Incineroar|Incineroar, L50, M|100/100\n|move|p2b: Gardevoir|Moonblast|p1b: Dragapult\n|-supereffective|p1b: Dragapult|1\n|-damage|p1b: Dragapult|0 fnt\n|faint|p1b: Dragapult\n|move|p1a: Lucario|Meteor Mash|p2b: Gardevoir\n|-supereffective|p2b: Gardevoir|1\n|-damage|p2b: Gardevoir|0 fnt\n|faint|p2b: Gardevoir\n|\n|upkeep\n|\n|t:|1775910413\n|switch|p1b: Whimsicott|Whimsicott, L50, M|100/100\n|switch|p2b: Sinistcha|Sinistcha, L50|100/100\n|turn|2\n|\n|t:|1775910434\n|detailschange|p1a: Lucario|Lucario-Mega, L50, M\n|-mega|p1a: Lucario|Lucario|Lucarionite\n|move|p2a: Incineroar|Fake Out|p1b: Whimsicott\n|-damage|p1b: Whimsicott|85/100\n|cant|p1b: Whimsicott|flinch\n|move|p1a: Lucario|Ice Punch|p2b: Sinistcha\n|-supereffective|p2b: Sinistcha|1\n|-damage|p2b: Sinistcha|48/100\n|-enditem|p2b: Sinistcha|Sitrus Berry|[eat]\n|-heal|p2b: Sinistcha|72/100|[from] item: Sitrus Berry\n|move|p2b: Sinistcha|Matcha Gotcha|p1a: Lucario|[spread] p1a,p1b\n|-resisted|p1a: Lucario|1\n|-resisted|p1b: Whimsicott|1\n|-damage|p1a: Lucario|82/100\n|-heal|p2b: Sinistcha|80/100|[from] drain|[of] p1a: Lucario\n|-damage|p1b: Whimsicott|65/100\n|-heal|p2b: Sinistcha|88/100|[from] drain|[of] p1b: Whimsicott\n|-status|p1b: Whimsicott|brn\n|\n|-damage|p1b: Whimsicott|59/100 brn|[from] brn\n|upkeep\n|turn|3\n|inactive|HL SIGNAL has 30 seconds left.\n|inactive|alpharax127 has 30 seconds left.\n|inactive|HL SIGNAL has 20 seconds left.\n|inactive|alpharax127 has 20 seconds left.\n|inactive|alpharax127 has 15 seconds left.\n|\n|t:|1775910474\n|move|p2b: Sinistcha|Rage Powder|p2b: Sinistcha\n|-singleturn|p2b: Sinistcha|move: Rage Powder\n|move|p1b: Whimsicott|Moonblast|p2b: Sinistcha\n|-damage|p2b: Sinistcha|53/100\n|move|p1a: Lucario|Ice Punch|p2b: Sinistcha\n|-supereffective|p2b: Sinistcha|1\n|-damage|p2b: Sinistcha|1/100\n|-status|p2b: Sinistcha|frz\n|move|p2a: Incineroar|Flare Blitz|p1a: Lucario\n|-supereffective|p1a: Lucario|1\n|-damage|p1a: Lucario|0 fnt\n|faint|p1a: Lucario\n|-damage|p2a: Incineroar|80/100|[from] Recoil\n|\n|-damage|p1b: Whimsicott|53/100 brn|[from] brn\n|upkeep\n|\n|t:|1775910486\n|switch|p1a: Incineroar|Incineroar, L50, M|100/100\n|-ability|p1a: Incineroar|Intimidate|boost\n|-unboost|p2a: Incineroar|atk|1\n|-unboost|p2b: Sinistcha|atk|1\n|turn|4\n|\n|t:|1775910503\n|switch|p2a: Starmie|Starmie, L50|100/100\n|cant|p2b: Sinistcha|frz\n|move|p1b: Whimsicott|Moonblast|p2a: Starmie\n|-crit|p2a: Starmie\n|-damage|p2a: Starmie|25/100\n|move|p1a: Incineroar|Parting Shot|p2a: Starmie\n|-unboost|p2a: Starmie|atk|1\n|-unboost|p2a: Starmie|spa|1\n|\n|-damage|p1b: Whimsicott|47/100 brn|[from] brn\n|upkeep\n|turn|5\n|\n|t:|1775910522\n|detailschange|p2a: Starmie|Starmie-Mega, L50\n|-mega|p2a: Starmie|Starmie|Starminite\n|-curestatus|p2b: Sinistcha|frz|[msg]\n|move|p2b: Sinistcha|Rage Powder|p2b: Sinistcha\n|-singleturn|p2b: Sinistcha|move: Rage Powder\n|move|p1b: Whimsicott|Moonblast|p2b: Sinistcha\n|-damage|p2b: Sinistcha|0 fnt\n|faint|p2b: Sinistcha\n|move|p2a: Starmie|Self-Destruct|p1b: Whimsicott|[spread] p1a,p1b\n|-crit|p1a: Incineroar\n|-damage|p1a: Incineroar|0 fnt\n|-damage|p1b: Whimsicott|0 fnt\n|faint|p2a: Starmie\n|faint|p1a: Incineroar\n|faint|p1b: Whimsicott\n|\n|win|alpharax127\n|raw|HL SIGNAL's rating: 1068 &rarr; <strong>1044</strong><br />(-24 for losing)\n|raw|alpharax127's rating: 1004 &rarr; <strong>1051</strong><br />(+47 for winning)\n|l|\u2606HL SIGNAL\n|player|p1|\n|l|\u2606alpharax127\n|player|p2|\n|j|\u2606alpharax127\n|player|p2|alpharax127|akari|\n",
  "uploadtime": 1775910537,
  "views": 13,
  "formatid": "gen9championsvgc2026regma",
  "rating": 1044,
  "private": 0,
  "password": null
}