{
  "id": "gen9championsvgc2026regma-2585600334",
  "format": "[Gen 9 Champions] VGC 2026 Reg M-A",
  "players": [
    "ghytor",
    "soulo333"
  ],
  "log": "|j|\u2606ghytor\n|j|\u2606soulo333\n|t:|1776358099\n|gametype|doubles\n|player|p1|ghytor|lucas-gen4pt|1103\n|player|p2|soulo333|1|1177\n|gen|9\n|tier|[Gen 9 Champions] VGC 2026 Reg M-A\n|rated|\n|rule|Species Clause: Limit one of each Pok\u00e9mon\n|rule|Item Clause: Limit 1 of each item\n|clearpoke\n|poke|p1|Floette-Eternal, L50, F|\n|poke|p1|Sneasler, L50, F|\n|poke|p1|Pelipper, L50, M|\n|poke|p1|Incineroar, L50, F|\n|poke|p1|Basculegion, L50, M|\n|poke|p1|Sinistcha-Masterpiece, L50|\n|poke|p2|Charizard, L50, M|\n|poke|p2|Sneasler, L50, F|\n|poke|p2|Sinistcha, L50|\n|poke|p2|Incineroar, L50, M|\n|poke|p2|Milotic, L50, M|\n|poke|p2|Tyranitar, L50, M|\n|teampreview|4\n|\n|t:|1776358143\n|teamsize|p1|4\n|teamsize|p2|4\n|start\n|switch|p1a: Basculegion|Basculegion, L50, M|100/100\n|switch|p1b: Pelipper|Pelipper, L50, M|100/100\n|switch|p2a: Charizard|Charizard, L50, M|100/100\n|switch|p2b: Milotic|Milotic, L50, M|100/100\n|-weather|RainDance|[from] ability: Drizzle|[of] p1b: Pelipper\n|turn|1\n|\n|t:|1776358197\n|switch|p1b: Incineroar|Incineroar, L50, F|100/100\n|-ability|p1b: Incineroar|Intimidate|boost\n|-unboost|p2a: Charizard|atk|1\n|-unboost|p2b: Milotic|atk|1\n|-ability|p2b: Milotic|Competitive|boost\n|-boost|p2b: Milotic|spa|2\n|detailschange|p2a: Charizard|Charizard-Mega-X, L50, M\n|-mega|p2a: Charizard|Charizard|Charizardite X\n|move|p1a: Basculegion|Flip Turn|p2a: Charizard\n|-damage|p2a: Charizard|51/100\n|\n|t:|1776358209\n|switch|p1a: Pelipper|Pelipper, L50, M|100/100|[from] Flip Turn\n|move|p2a: Charizard|Dragon Claw|p1b: Incineroar\n|-damage|p1b: Incineroar|75/100\n|move|p2b: Milotic|Scald|p1b: Incineroar\n|-supereffective|p1b: Incineroar|1\n|-damage|p1b: Incineroar|0 fnt\n|faint|p1b: Incineroar\n|\n|-weather|RainDance|[upkeep]\n|upkeep\n|\n|t:|1776358222\n|switch|p1b: Basculegion|Basculegion, L50, M|100/100\n|turn|2\n|\n|t:|1776358249\n|switch|p2a: Sneasler|Sneasler, L50, F|100/100\n|move|p1b: Basculegion|Last Respects|p2b: Milotic\n|-damage|p2b: Milotic|37/100\n|move|p1a: Pelipper|Weather Ball|p2a: Sneasler\n|-damage|p2a: Sneasler|15/100\n|move|p2b: Milotic|Icy Wind|p1b: Basculegion|[spread] p1a,p1b\n|-crit|p1a: Pelipper\n|-resisted|p1b: Basculegion|1\n|-damage|p1a: Pelipper|47/100\n|-damage|p1b: Basculegion|91/100\n|-unboost|p1a: Pelipper|spe|1\n|-unboost|p1b: Basculegion|spe|1\n|\n|-weather|RainDance|[upkeep]\n|-heal|p2b: Milotic|43/100|[from] item: Leftovers\n|upkeep\n|turn|3\n|\n|t:|1776358279\n|switch|p2a: Incineroar|Incineroar, L50, M|100/100\n|-ability|p2a: Incineroar|Intimidate|boost\n|-unboost|p1a: Pelipper|atk|1\n|-unboost|p1b: Basculegion|atk|1\n|move|p1b: Basculegion|Last Respects|p2b: Milotic\n|-damage|p2b: Milotic|2/100\n|move|p2b: Milotic|Icy Wind|p1a: Pelipper|[spread] p1a,p1b\n|-resisted|p1b: Basculegion|1\n|-damage|p1a: Pelipper|12/100\n|-damage|p1b: Basculegion|80/100\n|-unboost|p1a: Pelipper|spe|1\n|-unboost|p1b: Basculegion|spe|1\n|move|p1a: Pelipper|Tailwind|p1a: Pelipper\n|-sidestart|p1: ghytor|move: Tailwind\n|\n|-weather|RainDance|[upkeep]\n|-heal|p2b: Milotic|8/100|[from] item: Leftovers\n|upkeep\n|turn|4\n|\n|t:|1776358296\n|move|p2b: Milotic|Protect|p2b: Milotic\n|-singleturn|p2b: Milotic|Protect\n|move|p1b: Basculegion|Last Respects|p2b: Milotic\n|-activate|p2b: Milotic|move: Protect\n|move|p1a: Pelipper|Weather Ball|p2a: Incineroar\n|-supereffective|p2a: Incineroar|1\n|-damage|p2a: Incineroar|13/100\n|-enditem|p2a: Incineroar|Sitrus Berry|[eat]\n|-heal|p2a: Incineroar|38/100|[from] item: Sitrus Berry\n|move|p2a: Incineroar|Throat Chop|p1b: Basculegion\n|-supereffective|p1b: Basculegion|1\n|-damage|p1b: Basculegion|0 fnt\n|faint|p1b: Basculegion\n|\n|-weather|RainDance|[upkeep]\n|-heal|p2b: Milotic|14/100|[from] item: Leftovers\n|upkeep\n|\n|t:|1776358310\n|switch|p1b: Sneasler|Sneasler, L50, F|100/100\n|turn|5\n|\n|t:|1776358327\n|move|p1b: Sneasler|Close Combat|p2b: Milotic\n|-damage|p2b: Milotic|0 fnt\n|-unboost|p1b: Sneasler|def|1\n|-unboost|p1b: Sneasler|spd|1\n|faint|p2b: Milotic\n|-enditem|p1b: Sneasler|White Herb\n|-clearnegativeboost|p1b: Sneasler|[silent]\n|move|p1a: Pelipper|Weather Ball|p2a: Incineroar\n|-supereffective|p2a: Incineroar|1\n|-damage|p2a: Incineroar|0 fnt\n|faint|p2a: Incineroar\n|\n|-weather|none\n|upkeep\n|\n|t:|1776358335\n|switch|p2b: Sneasler|Sneasler, L50, F|15/100\n|switch|p2a: Charizard|Charizard-Mega-X, L50, M|51/100\n|turn|6\n|-message|soulo333 forfeited.\n|\n|win|ghytor\n|raw|ghytor's rating: 1103 &rarr; <strong>1133</strong><br />(+30 for winning)\n|raw|soulo333's rating: 1177 &rarr; <strong>1147</strong><br />(-30 for losing)\n",
  "uploadtime": 1776358339,
  "views": 19,
  "formatid": "gen9championsvgc2026regma",
  "rating": 1133,
  "private": 0,
  "password": null
}