{
  "id": "gen9championsvgc2026regma-2584156031",
  "format": "[Gen 9 Champions] VGC 2026 Reg M-A",
  "players": [
    "MualaniThighs",
    "piedidiconkeldurr"
  ],
  "log": "|j|\u2606MualaniThighs\n|j|\u2606piedidiconkeldurr\n|t:|1776231835\n|gametype|doubles\n|player|p1|MualaniThighs|rosa|1240\n|player|p2|piedidiconkeldurr|170|1177\n|gen|9\n|tier|[Gen 9 Champions] VGC 2026 Reg M-A\n|rated|\n|rule|Species Clause: Limit one of each Pok\u00e9mon\n|rule|Item Clause: Limit 1 of each item\n|clearpoke\n|poke|p1|Incineroar, L50, M|\n|poke|p1|Chandelure, L50, F|\n|poke|p1|Sneasler, L50, M|\n|poke|p1|Farigiraf, L50, M|\n|poke|p1|Gardevoir, L50, F|\n|poke|p1|Ninetales-Alola, L50, M|\n|poke|p2|Corviknight, L50, F|\n|poke|p2|Tyranitar, L50, F|\n|poke|p2|Incineroar, L50, M|\n|poke|p2|Rotom-Wash, L50|\n|poke|p2|Garchomp, L50, F|\n|poke|p2|Sinistcha, L50|\n|teampreview|4\n|\n|t:|1776231898\n|teamsize|p1|4\n|teamsize|p2|4\n|start\n|switch|p1a: Farigiraf|Farigiraf, L50, M|100/100\n|switch|p1b: Incineroar|Incineroar, L50, M|100/100\n|switch|p2a: Incineroar|Incineroar, L50, M|100/100\n|switch|p2b: Corviknight|Corviknight, L50, F|100/100\n|-ability|p2a: Incineroar|Intimidate|boost\n|-unboost|p1a: Farigiraf|atk|1\n|-unboost|p1b: Incineroar|atk|1\n|-ability|p1b: Incineroar|Intimidate|boost\n|-unboost|p2a: Incineroar|atk|1\n|-ability|p2b: Corviknight|Mirror Armor\n|-unboost|p1b: Incineroar|atk|1\n|turn|1\n|\n|t:|1776231934\n|move|p2b: Corviknight|Iron Defense|p2b: Corviknight\n|-boost|p2b: Corviknight|def|2\n|move|p2a: Incineroar|Parting Shot|p1b: Incineroar\n|-unboost|p1b: Incineroar|atk|1\n|-unboost|p1b: Incineroar|spa|1\n|\n|t:|1776231940\n|switch|p2a: Tyranitar|Tyranitar, L50, F|100/100|[from] Parting Shot\n|-weather|Sandstorm|[from] ability: Sand Stream|[of] p2a: Tyranitar\n|move|p1b: Incineroar|Flare Blitz|p2b: Corviknight\n|-supereffective|p2b: Corviknight|1\n|-damage|p2b: Corviknight|79/100\n|-damage|p1b: Incineroar|93/100|[from] Recoil\n|move|p1a: Farigiraf|Double-Edge|p2a: Tyranitar\n|-resisted|p2a: Tyranitar|1\n|-damage|p2a: Tyranitar|88/100\n|-damage|p1a: Farigiraf|97/100|[from] Recoil\n|\n|-weather|Sandstorm|[upkeep]\n|-damage|p1b: Incineroar|87/100|[from] Sandstorm\n|-damage|p1a: Farigiraf|91/100|[from] Sandstorm\n|-heal|p2b: Corviknight|85/100|[from] item: Leftovers\n|upkeep\n|turn|2\n|\n|t:|1776231972\n|detailschange|p2a: Tyranitar|Tyranitar-Mega, L50, F\n|-mega|p2a: Tyranitar|Tyranitar|Tyranitarite\n|move|p2a: Tyranitar|Dragon Dance|p2a: Tyranitar\n|-boost|p2a: Tyranitar|atk|1\n|-boost|p2a: Tyranitar|spe|1\n|move|p2b: Corviknight|Tailwind|p2b: Corviknight\n|-sidestart|p2: piedidiconkeldurr|move: Tailwind\n|move|p1b: Incineroar|Parting Shot|p2b: Corviknight\n|-ability|p2b: Corviknight|Mirror Armor\n|-unboost|p1b: Incineroar|atk|1\n|-ability|p2b: Corviknight|Mirror Armor\n|-unboost|p1b: Incineroar|spa|1\n|\n|t:|1776231987\n|switch|p1b: Meitsuki|Gardevoir, L50, F, shiny|100/100|[from] Parting Shot\n|-ability|p1b: Meitsuki|Mirror Armor|Trace|[from] ability: Trace|[of] p2b: Corviknight\n|move|p1a: Farigiraf|Psychic Terrain|p1a: Farigiraf\n|-fieldstart|move: Psychic Terrain\n|\n|-weather|Sandstorm|[upkeep]\n|-damage|p1b: Meitsuki|95/100|[from] Sandstorm\n|-damage|p1a: Farigiraf|85/100|[from] Sandstorm\n|-heal|p2b: Corviknight|91/100|[from] item: Leftovers\n|upkeep\n|turn|3\n|\n|t:|1776232007\n|move|p1b: Meitsuki|Protect|p1b: Meitsuki\n|-singleturn|p1b: Meitsuki|Protect\n|move|p2a: Tyranitar|Crunch|p1b: Meitsuki\n|-activate|p1b: Meitsuki|move: Protect\n|move|p2b: Corviknight|Body Press|p1a: Farigiraf\n|-damage|p1a: Farigiraf|44/100\n|move|p1a: Farigiraf|Trick Room|p1a: Farigiraf\n|-fieldstart|move: Trick Room|[of] p1a: Farigiraf\n|\n|-weather|Sandstorm|[upkeep]\n|-damage|p1a: Farigiraf|38/100|[from] Sandstorm\n|-damage|p1b: Meitsuki|89/100|[from] Sandstorm\n|-heal|p2b: Corviknight|97/100|[from] item: Leftovers\n|upkeep\n|turn|4\n|\n|t:|1776232035\n|switch|p1a: Ninetales|Ninetales-Alola, L50, M|100/100\n|-weather|Snowscape|[from] ability: Snow Warning|[of] p1a: Ninetales\n|switch|p2b: Incineroar|Incineroar, L50, M|100/100\n|-ability|p2b: Incineroar|Intimidate|boost\n|-unboost|p1a: Ninetales|atk|1\n|-ability|p1b: Meitsuki|Mirror Armor\n|-unboost|p2b: Incineroar|atk|1\n|detailschange|p1b: Meitsuki|Gardevoir-Mega, L50, F, shiny\n|-mega|p1b: Meitsuki|Gardevoir|Gardevoirite\n|move|p2a: Tyranitar|Protect|p2a: Tyranitar\n|-singleturn|p2a: Tyranitar|Protect\n|move|p1b: Meitsuki|Hyper Voice|p2a: Tyranitar|[spread] p2b\n|-activate|p2a: Tyranitar|move: Protect\n|-damage|p2b: Incineroar|50/100\n|-enditem|p2b: Incineroar|Sitrus Berry|[eat]\n|-heal|p2b: Incineroar|74/100|[from] item: Sitrus Berry\n|\n|-weather|Snowscape|[upkeep]\n|upkeep\n|turn|5\n|\n|t:|1776232080\n|switch|p2a: Corviknight|Corviknight, L50, F|97/100\n|move|p1b: Meitsuki|Protect|p1b: Meitsuki\n|-singleturn|p1b: Meitsuki|Protect\n|move|p2b: Incineroar|Snarl|p1b: Meitsuki|[spread] p1a\n|-activate|p1b: Meitsuki|move: Protect\n|-resisted|p1a: Ninetales|1\n|-damage|p1a: Ninetales|95/100\n|-unboost|p1a: Ninetales|spa|1\n|move|p1a: Ninetales|Aurora Veil|p1a: Ninetales\n|-sidestart|p1: MualaniThighs|move: Aurora Veil\n|\n|-weather|Snowscape|[upkeep]\n|-heal|p2a: Corviknight|100/100|[from] item: Leftovers\n|-sideend|p2: piedidiconkeldurr|move: Tailwind\n|upkeep\n|turn|6\n|\n|t:|1776232112\n|move|p2b: Incineroar|Snarl|p1a: Ninetales|[spread] p1a,p1b\n|-resisted|p1a: Ninetales|1\n|-damage|p1a: Ninetales|91/100\n|-damage|p1b: Meitsuki|83/100\n|-unboost|p1a: Ninetales|spa|1\n|-unboost|p1b: Meitsuki|spa|1\n|move|p2a: Corviknight|Iron Head|p1b: Meitsuki\n|-supereffective|p1b: Meitsuki|1\n|-damage|p1b: Meitsuki|15/100\n|move|p1b: Meitsuki|Hyper Voice|p2a: Corviknight|[spread] p2a,p2b\n|-resisted|p2a: Corviknight|1\n|-damage|p2a: Corviknight|85/100\n|-damage|p2b: Incineroar|43/100\n|move|p1a: Ninetales|Moonblast|p2b: Incineroar\n|-damage|p2b: Incineroar|26/100\n|\n|-weather|Snowscape|[upkeep]\n|-heal|p2a: Corviknight|91/100|[from] item: Leftovers\n|-fieldend|move: Psychic Terrain\n|upkeep\n|turn|7\n|\n|t:|1776232150\n|switch|p1b: Incineroar|Incineroar, L50, M|87/100\n|-ability|p1b: Incineroar|Intimidate|boost\n|-ability|p2a: Corviknight|Mirror Armor\n|-unboost|p1b: Incineroar|atk|1\n|-unboost|p2b: Incineroar|atk|1\n|move|p1a: Ninetales|Protect|p1a: Ninetales\n|-singleturn|p1a: Ninetales|Protect\n|move|p2b: Incineroar|Flare Blitz|p1b: Incineroar\n|-resisted|p1b: Incineroar|1\n|-damage|p1b: Incineroar|78/100\n|-damage|p2b: Incineroar|23/100|[from] Recoil\n|move|p2a: Corviknight|Tailwind|p2a: Corviknight\n|-sidestart|p2: piedidiconkeldurr|move: Tailwind\n|\n|-weather|Snowscape|[upkeep]\n|-heal|p2a: Corviknight|97/100|[from] item: Leftovers\n|-fieldend|move: Trick Room\n|upkeep\n|turn|8\n|\n|t:|1776232185\n|move|p1b: Incineroar|Fake Out|p2a: Corviknight\n|-resisted|p2a: Corviknight|1\n|-damage|p2a: Corviknight|93/100\n|move|p1a: Ninetales|Moonblast|p2b: Incineroar\n|-damage|p2b: Incineroar|9/100\n|cant|p2a: Corviknight|flinch\n|move|p2b: Incineroar|Parting Shot|p1b: Incineroar\n|-unboost|p1b: Incineroar|atk|1\n|-unboost|p1b: Incineroar|spa|1\n|\n|t:|1776232199\n|switch|p2b: Tyranitar|Tyranitar-Mega, L50, F|88/100|[from] Parting Shot\n|-weather|Sandstorm|[from] ability: Sand Stream|[of] p2b: Tyranitar\n|\n|-weather|Sandstorm|[upkeep]\n|-damage|p1a: Ninetales|85/100|[from] Sandstorm\n|-damage|p1b: Incineroar|72/100|[from] Sandstorm\n|-heal|p2a: Corviknight|99/100|[from] item: Leftovers\n|upkeep\n|turn|9\n|\n|t:|1776232225\n|switch|p1a: Farigiraf|Farigiraf, L50, M|38/100\n|move|p2b: Tyranitar|Rock Slide|p1a: Farigiraf|[spread] p1a,p1b\n|-supereffective|p1b: Incineroar|1\n|-damage|p1a: Farigiraf|15/100\n|-damage|p1b: Incineroar|28/100\n|-enditem|p1b: Incineroar|Sitrus Berry|[eat]\n|-heal|p1b: Incineroar|52/100|[from] item: Sitrus Berry\n|move|p2a: Corviknight|Body Press|p1b: Incineroar\n|-supereffective|p1b: Incineroar|1\n|-damage|p1b: Incineroar|30/100\n|move|p1b: Incineroar|Parting Shot|p2b: Tyranitar\n|-unboost|p2b: Tyranitar|atk|1\n|-unboost|p2b: Tyranitar|spa|1\n|\n|t:|1776232242\n|switch|p1b: Meitsuki|Gardevoir-Mega, L50, F, shiny|15/100|[from] Parting Shot\n|\n|-weather|Sandstorm|[upkeep]\n|-damage|p1b: Meitsuki|10/100|[from] Sandstorm\n|-damage|p1a: Farigiraf|8/100|[from] Sandstorm\n|-heal|p2a: Corviknight|100/100|[from] item: Leftovers\n|-sideend|p1: MualaniThighs|move: Aurora Veil\n|upkeep\n|turn|10\n|\n|t:|1776232278\n|switch|p1a: Ninetales|Ninetales-Alola, L50, M|85/100\n|-weather|Snowscape|[from] ability: Snow Warning|[of] p1a: Ninetales\n|move|p2b: Tyranitar|Rock Slide|p1a: Ninetales|[spread] p1a,p1b\n|-supereffective|p1a: Ninetales|1\n|-damage|p1a: Ninetales|35/100\n|-damage|p1b: Meitsuki|0 fnt\n|faint|p1b: Meitsuki\n|move|p2a: Corviknight|Iron Head|p1a: Ninetales\n|-supereffective|p1a: Ninetales|2\n|-damage|p1a: Ninetales|0 fnt\n|faint|p1a: Ninetales\n|\n|-weather|Snowscape|[upkeep]\n|-sideend|p2: piedidiconkeldurr|move: Tailwind\n|upkeep\n|-message|MualaniThighs forfeited.\n|\n|win|piedidiconkeldurr\n|raw|MualaniThighs's rating: 1240 &rarr; <strong>1211</strong><br />(-29 for losing)\n|raw|piedidiconkeldurr's rating: 1177 &rarr; <strong>1206</strong><br />(+29 for winning)\n|l|\u2606MualaniThighs\n|player|p1|\n",
  "uploadtime": 1776232298,
  "views": 24,
  "formatid": "gen9championsvgc2026regma",
  "rating": 1206,
  "private": 0,
  "password": null
}