{
  "id": "gen9championsvgc2026regma-2583528335",
  "format": "[Gen 9 Champions] VGC 2026 Reg M-A",
  "players": [
    "firebird97631",
    "silvrvolt"
  ],
  "log": "|j|\u2606firebird97631\n|j|\u2606silvrvolt\n|html|<table width=\"100%\"><tr><td align=\"left\">firebird97631</td><td align=\"right\">silvrvolt</tr><tr><td align=\"left\"><i class=\"fa fa-circle-o\"></i> <i class=\"fa fa-circle-o\"></i> </td><td align=\"right\"><i class=\"fa fa-circle-o\"></i> <i class=\"fa fa-circle-o\"></i> </tr></table>\n|uhtml|bestof|<h2><strong>Game 1</strong> of <a href=\"/game-bestof3-gen9championsvgc2026regma-2583528334\">a best-of-3</a></h2>\n|t:|1776181342\n|gametype|doubles\n|player|p1|firebird97631|169|\n|player|p2|silvrvolt|2|\n|gen|9\n|tier|[Gen 9 Champions] VGC 2026 Reg M-A\n|rule|Species Clause: Limit one of each Pok\u00e9mon\n|rule|Item Clause: Limit 1 of each item\n|raw|<div class=\"infobox\"><details class=\"readmore\" open><summary><strong>1 custom rule:</strong></summary> Best of = 3</details></div>\n|clearpoke\n|poke|p1|Delphox, L50, F|\n|poke|p1|Incineroar, L50, F|\n|poke|p1|Dragonite, L50, M|\n|poke|p1|Whimsicott, L50, F|\n|poke|p1|Flapple, L50, F|\n|poke|p1|Blastoise, L50, F|\n|poke|p2|Serperior, L50, F|\n|poke|p2|Gliscor, L50, M|\n|poke|p2|Charizard, L50, F|\n|poke|p2|Azumarill, L50, M|\n|poke|p2|Archaludon, L50, F|\n|poke|p2|Raichu, L50, M|\n|teampreview|4\n|\n|t:|1776181367\n|teamsize|p1|4\n|teamsize|p2|4\n|start\n|switch|p1a: Flapple|Flapple, L50, F, shiny|100/100\n|switch|p1b: Blastoise|Blastoise, L50, F|100/100\n|switch|p2a: Azumarill|Azumarill, L50, M, shiny|100/100\n|switch|p2b: Charizard|Charizard, L50, F|100/100\n|turn|1\n|\n|t:|1776181387\n|detailschange|p2b: Charizard|Charizard-Mega-Y, L50, F\n|-mega|p2b: Charizard|Charizard|Charizardite Y\n|-weather|SunnyDay|[from] ability: Drought|[of] p2b: Charizard\n|move|p1a: Flapple|Grav Apple|p2a: Azumarill|[miss]\n|-miss|p1a: Flapple|p2a: Azumarill\n|move|p2b: Charizard|Hurricane|p1a: Flapple\n|-supereffective|p1a: Flapple|1\n|-damage|p1a: Flapple|0 fnt\n|faint|p1a: Flapple\n|move|p2a: Azumarill|Rain Dance|p2a: Azumarill\n|-weather|RainDance\n|move|p1b: Blastoise|Shell Smash|p1b: Blastoise\n|-unboost|p1b: Blastoise|def|1\n|-unboost|p1b: Blastoise|spd|1\n|-boost|p1b: Blastoise|atk|2\n|-boost|p1b: Blastoise|spa|2\n|-boost|p1b: Blastoise|spe|2\n|\n|-weather|RainDance|[upkeep]\n|upkeep\n|\n|t:|1776181408\n|switch|p1a: Dragonite|Dragonite, L50, M, shiny|100/100\n|turn|2\n|\n|t:|1776181425\n|move|p1b: Blastoise|Surf|p2b: Charizard|[spread] p1a,p2a,p2b\n|-resisted|p1a: Dragonite|1\n|-resisted|p2a: Azumarill|1\n|-supereffective|p2b: Charizard|1\n|-damage|p1a: Dragonite|77/100\n|-damage|p2a: Azumarill|49/100\n|-damage|p2b: Charizard|0 fnt\n|-enditem|p2a: Azumarill|Sitrus Berry|[eat]\n|-heal|p2a: Azumarill|74/100|[from] item: Sitrus Berry\n|faint|p2b: Charizard\n|move|p1a: Dragonite|Waterfall|p2a: Azumarill\n|-resisted|p2a: Azumarill|1\n|-damage|p2a: Azumarill|46/100\n|cant|p2a: Azumarill|flinch\n|\n|-weather|RainDance|[upkeep]\n|upkeep\n|\n|t:|1776181441\n|switch|p2b: Raichu|Raichu, L50, M, shiny|100/100\n|turn|3\n|\n|t:|1776181474\n|move|p2b: Raichu|Volt Switch|p1b: Blastoise\n|-supereffective|p1b: Blastoise|1\n|-enditem|p1b: Blastoise|Wacan Berry|[eat]\n|-enditem|p1b: Blastoise|Wacan Berry|[weaken]\n|-damage|p1b: Blastoise|51/100\n|\n|t:|1776181482\n|switch|p2b: Archaludon|Archaludon, L50, F, shiny|100/100|[from] Volt Switch\n|move|p1b: Blastoise|Surf|p2b: Archaludon|[spread] p1a,p2a,p2b\n|-resisted|p1a: Dragonite|1\n|-resisted|p2a: Azumarill|1\n|-resisted|p2b: Archaludon|1\n|-damage|p1a: Dragonite|31/100\n|-damage|p2a: Azumarill|0 fnt\n|-damage|p2b: Archaludon|60/100\n|-ability|p2b: Archaludon|Stamina|boost\n|-boost|p2b: Archaludon|def|1\n|faint|p2a: Azumarill\n|move|p1a: Dragonite|Waterfall|p2b: Archaludon\n|-resisted|p2b: Archaludon|1\n|-damage|p2b: Archaludon|48/100\n|-ability|p2b: Archaludon|Stamina|boost\n|-boost|p2b: Archaludon|def|1\n|\n|-weather|RainDance|[upkeep]\n|upkeep\n|\n|t:|1776181497\n|switch|p2a: Raichu|Raichu, L50, M, shiny|100/100\n|turn|4\n|\n|t:|1776181530\n|move|p2a: Raichu|Volt Switch|p1a: Dragonite\n|-damage|p1a: Dragonite|0 fnt\n|faint|p1a: Dragonite\n|move|p1b: Blastoise|Surf|p2a: Raichu|[spread] p2a,p2b\n|-resisted|p2b: Archaludon|1\n|-damage|p2a: Raichu|0 fnt\n|-damage|p2b: Archaludon|2/100\n|-ability|p2b: Archaludon|Stamina|boost\n|-boost|p2b: Archaludon|def|1\n|faint|p2a: Raichu\n|move|p2b: Archaludon|Dragon Tail|p1b: Blastoise\n|-damage|p1b: Blastoise|18/100\n|drag|p1b: Delphox|Delphox, L50, F, shiny|100/100\n|\n|-weather|RainDance|[upkeep]\n|upkeep\n|\n|t:|1776181543\n|switch|p1a: Blastoise|Blastoise, L50, F|18/100\n|turn|5\n|\n|t:|1776181553\n|detailschange|p1b: Delphox|Delphox-Mega, L50, F, shiny\n|-mega|p1b: Delphox|Delphox|Delphoxite\n|move|p1b: Delphox|Heat Wave|p2b: Archaludon\n|-damage|p2b: Archaludon|0 fnt\n|faint|p2b: Archaludon\n|\n|win|firebird97631\n",
  "uploadtime": 1776181561,
  "views": 20,
  "formatid": "gen9championsvgc2026regma",
  "rating": null,
  "private": 0,
  "password": null
}