{
  "id": "gen9championsvgc2026regma-2583905281",
  "format": "[Gen 9 Champions] VGC 2026 Reg M-A",
  "players": [
    "grape city",
    "23456ujhgrew"
  ],
  "log": "|j|\u2606grape city\n|j|\u260623456ujhgrew\n|t:|1776207084\n|gametype|doubles\n|player|p1|grape city|infielder|\n|player|p2|23456ujhgrew|lucas|\n|gen|9\n|tier|[Gen 9 Champions] VGC 2026 Reg M-A\n|rated|Tournament battle\n|rule|Species Clause: Limit one of each Pok\u00e9mon\n|rule|Item Clause: Limit 1 of each item\n|raw|<div class=\"infobox\"><details class=\"readmore\" open><summary><strong>1 custom rule:</strong></summary> Force Open Team Sheets</details></div>\n|clearpoke\n|poke|p1|Gengar, L50, F|\n|poke|p1|Kommo-o, L50, M|\n|poke|p1|Incineroar, L50, F|\n|poke|p1|Palafin, L50, F|\n|poke|p1|Maushold, L50|\n|poke|p1|Pelipper, L50, M|\n|poke|p2|Charizard, L50, F|\n|poke|p2|Venusaur, L50, M|\n|poke|p2|Incineroar, L50, F|\n|poke|p2|Farigiraf, L50, M|\n|poke|p2|Conkeldurr, L50, F|\n|poke|p2|Garchomp, L50, F|\n|teampreview|4\n|showteam|p1|Gengar||Gengarite|CursedBody|ShadowBall,SludgeBomb,IcyWind,Protect|||F|||50|]Kommo-o||DragonFang|Overcoat|ClangingScales,AuraSphere,ClangorousSoul,Protect|||M|||50|]Incineroar||PasshoBerry|Intimidate|FlareBlitz,ThroatChop,FakeOut,PartingShot|||F|||50|]Palafin||MysticWater|ZerotoHero|WaveCrash,JetPunch,CloseCombat,Protect|||F|||50|]Maushold||FocusSash|FriendGuard|SuperFang,FollowMe,Encore,Protect||||||50|]Pelipper||ChoiceScarf|Drizzle|Hurricane,MuddyWater,WeatherBall,Tailwind|||M|||50|\n|showteam|p2|Charizard||CharizarditeY|Blaze|WeatherBall,HeatWave,SolarBeam,Protect|||F|||50|]Venusaur||FocusSash|Chlorophyll|EnergyBall,SludgeBomb,SleepPowder,Protect|||M|||50|]Incineroar||LumBerry|Intimidate|FlareBlitz,DarkestLariat,FakeOut,PartingShot|||F|||50|]Farigiraf||SitrusBerry|ArmorTail|HyperVoice,Psychic,Thunder,TrickRoom|||M|||50|]Conkeldurr||WhiteHerb|SheerForce|CloseCombat,PoisonJab,IcePunch,MachPunch|||F|||50|]Garchomp||ChoiceScarf|RoughSkin|DragonClaw,StompingTantrum,Earthquake,RockSlide|||F|||50|\n|j|@Radio Free C-Side\n|j| Rolling Stonedge\n|l| Rolling Stonedge\n|\n|t:|1776207203\n|teamsize|p1|4\n|teamsize|p2|4\n|start\n|switch|p1a: Kommo-o|Kommo-o, L50, M|100/100\n|switch|p1b: Maushold|Maushold, L50|100/100\n|switch|p2a: Incineroar|Incineroar, L50, F|100/100\n|switch|p2b: Farigiraf|Farigiraf, L50, M|100/100\n|-ability|p2a: Incineroar|Intimidate|boost\n|-unboost|p1a: Kommo-o|atk|1\n|-unboost|p1b: Maushold|atk|1\n|turn|1\n|\n|t:|1776207249\n|move|p1b: Maushold|Protect|p1b: Maushold\n|-singleturn|p1b: Maushold|Protect\n|move|p1a: Kommo-o|Protect|p1a: Kommo-o\n|-singleturn|p1a: Kommo-o|Protect\n|move|p2a: Incineroar|Parting Shot|p1a: Kommo-o\n|-activate|p1a: Kommo-o|move: Protect\n|move|p2b: Farigiraf|Trick Room|p2b: Farigiraf\n|-fieldstart|move: Trick Room|[of] p2b: Farigiraf\n|\n|upkeep\n|turn|2\n|\n|t:|1776207259\n|move|p1b: Maushold|Follow Me|p1b: Maushold\n|-singleturn|p1b: Maushold|move: Follow Me\n|move|p2b: Farigiraf|Psychic|p1b: Maushold\n|-damage|p1b: Maushold|42/100\n|-unboost|p1b: Maushold|spd|1\n|move|p2a: Incineroar|Flare Blitz|p1b: Maushold\n|-damage|p1b: Maushold|0 fnt\n|faint|p1b: Maushold\n|-damage|p2a: Incineroar|88/100|[from] Recoil\n|move|p1a: Kommo-o|Clangorous Soul|p1a: Kommo-o\n|-boost|p1a: Kommo-o|atk|1\n|-boost|p1a: Kommo-o|def|1\n|-boost|p1a: Kommo-o|spa|1\n|-boost|p1a: Kommo-o|spd|1\n|-boost|p1a: Kommo-o|spe|1\n|-damage|p1a: Kommo-o|68/100\n|\n|upkeep\n|\n|t:|1776207269\n|switch|p1b: Incineroar|Incineroar, L50, F|100/100\n|-ability|p1b: Incineroar|Intimidate|boost\n|-unboost|p2a: Incineroar|atk|1\n|-unboost|p2b: Farigiraf|atk|1\n|turn|3\n|j| 21Kieran\n|\n|t:|1776207305\n|move|p1b: Incineroar|Throat Chop|p2b: Farigiraf\n|-supereffective|p2b: Farigiraf|1\n|-damage|p2b: Farigiraf|40/100\n|-start|p2b: Farigiraf|Throat Chop|[silent]\n|-enditem|p2b: Farigiraf|Sitrus Berry|[eat]\n|-heal|p2b: Farigiraf|65/100|[from] item: Sitrus Berry\n|move|p2b: Farigiraf|Psychic|p1a: Kommo-o\n|-supereffective|p1a: Kommo-o|1\n|-damage|p1a: Kommo-o|3/100\n|move|p2a: Incineroar|Parting Shot|p1b: Incineroar\n|-unboost|p1b: Incineroar|atk|1\n|-unboost|p1b: Incineroar|spa|1\n|\n|t:|1776207314\n|switch|p2a: Conkeldurr|Conkeldurr, L50, F|100/100|[from] Parting Shot\n|move|p1a: Kommo-o|Clanging Scales|p2a: Conkeldurr|[spread] p2a,p2b\n|-damage|p2a: Conkeldurr|28/100\n|-damage|p2b: Farigiraf|3/100\n|-unboost|p1a: Kommo-o|def|1\n|\n|upkeep\n|turn|4\n|l| 21Kieran\n|\n|t:|1776207345\n|switch|p1b: Pelipper|Pelipper, L50, M|100/100\n|-weather|RainDance|[from] ability: Drizzle|[of] p1b: Pelipper\n|move|p1a: Kommo-o|Protect|p1a: Kommo-o\n|-singleturn|p1a: Kommo-o|Protect\n|move|p2a: Conkeldurr|Close Combat|p1b: Pelipper\n|-resisted|p1b: Pelipper|1\n|-damage|p1b: Pelipper|55/100\n|-unboost|p2a: Conkeldurr|def|1\n|-unboost|p2a: Conkeldurr|spd|1\n|-enditem|p2a: Conkeldurr|White Herb\n|-clearnegativeboost|p2a: Conkeldurr|[silent]\n|move|p2b: Farigiraf|Psychic|p1a: Kommo-o\n|-activate|p1a: Kommo-o|move: Protect\n|\n|-weather|RainDance|[upkeep]\n|-end|p2b: Farigiraf|Throat Chop|[silent]\n|upkeep\n|turn|5\n|j| ShatteredTemp3st\n|\n|t:|1776207391\n|switch|p1a: Incineroar|Incineroar, L50, F|100/100\n|-ability|p1a: Incineroar|Intimidate|boost\n|-unboost|p2a: Conkeldurr|atk|1\n|-unboost|p2b: Farigiraf|atk|1\n|move|p2a: Conkeldurr|Poison Jab|p1b: Pelipper\n|-damage|p1b: Pelipper|20/100\n|move|p2b: Farigiraf|Hyper Voice|p1a: Incineroar|[spread] p1a,p1b\n|-damage|p1a: Incineroar|75/100\n|-damage|p1b: Pelipper|0 fnt\n|faint|p1b: Pelipper\n|\n|-weather|RainDance|[upkeep]\n|-fieldend|move: Trick Room\n|upkeep\n|\n|t:|1776207399\n|switch|p1b: Kommo-o|Kommo-o, L50, M|3/100\n|turn|6\n|\n|t:|1776207420\n|move|p2a: Conkeldurr|Mach Punch|p1b: Kommo-o\n|-damage|p1b: Kommo-o|0 fnt\n|faint|p1b: Kommo-o\n|move|p2b: Farigiraf|Hyper Voice|p1a: Incineroar\n|-damage|p1a: Incineroar|41/100\n|move|p1a: Incineroar|Throat Chop|p2a: Conkeldurr\n|-resisted|p2a: Conkeldurr|1\n|-damage|p2a: Conkeldurr|14/100\n|-start|p2a: Conkeldurr|Throat Chop|[silent]\n|\n|-weather|RainDance|[upkeep]\n|upkeep\n|turn|7\n|-message|grape city forfeited.\n|\n|win|23456ujhgrew\n|n|\u2606grape city|grapecity\n|n|\u260623456ujhgrew|23456ujhgrew\n|n|+Radio Free C-Side|radiofreecside\n|n| ShatteredTemp3st|shatteredtemp3st\n|c|\u2606grape city|gg\n",
  "uploadtime": 1776207428,
  "views": 22,
  "formatid": "gen9championsvgc2026regma",
  "rating": null,
  "private": 0,
  "password": null
}