{
  "id": "gen9championsvgc2026regma-2583949453",
  "format": "[Gen 9 Champions] VGC 2026 Reg M-A",
  "players": [
    "gallium1005",
    "wishawave"
  ],
  "log": "|j|\u2606gallium1005\n|j|\u2606wishawave\n|t:|1776210983\n|gametype|doubles\n|player|p1|gallium1005|hilbert|1112\n|player|p2|wishawave|102|1149\n|gen|9\n|tier|[Gen 9 Champions] VGC 2026 Reg M-A\n|rated|\n|rule|Species Clause: Limit one of each Pok\u00e9mon\n|rule|Item Clause: Limit 1 of each item\n|clearpoke\n|poke|p1|Sinistcha, L50|\n|poke|p1|Aggron, L50, M|\n|poke|p1|Archaludon, L50, M|\n|poke|p1|Incineroar, L50, M|\n|poke|p1|Farigiraf, L50, F|\n|poke|p1|Pelipper, L50, M|\n|poke|p2|Excadrill, L50, M|\n|poke|p2|Tyranitar, L50, M|\n|poke|p2|Meganium, L50, M|\n|poke|p2|Farigiraf, L50, F|\n|poke|p2|Kangaskhan, L50, F|\n|poke|p2|Basculegion, L50, M|\n|teampreview|4\n|\n|t:|1776211046\n|teamsize|p1|4\n|teamsize|p2|4\n|start\n|switch|p1a: Archaludon|Archaludon, L50, M|100/100\n|switch|p1b: Incineroar|Incineroar, L50, M|100/100\n|switch|p2a: Kangaskhan|Kangaskhan, L50, F|100/100\n|switch|p2b: Basculegion|Basculegion, L50, M|100/100\n|-ability|p1b: Incineroar|Intimidate|boost\n|-fail|p2a: Kangaskhan|unboost|Attack|[from] ability: Scrappy|[of] p2a: Kangaskhan\n|-unboost|p2b: Basculegion|atk|1\n|turn|1\n|\n|t:|1776211069\n|switch|p1b: Pelipper|Pelipper, L50, M|100/100\n|-weather|RainDance|[from] ability: Drizzle|[of] p1b: Pelipper\n|move|p2a: Kangaskhan|Fake Out|p1a: Archaludon\n|-resisted|p1a: Archaludon|1\n|-damage|p1a: Archaludon|92/100\n|move|p2b: Basculegion|Wave Crash|p1b: Pelipper\n|-resisted|p1b: Pelipper|1\n|-damage|p1b: Pelipper|63/100\n|-damage|p2b: Basculegion|90/100|[from] Recoil\n|cant|p1a: Archaludon|flinch\n|\n|-weather|RainDance|[upkeep]\n|upkeep\n|turn|2\n|\n|t:|1776211092\n|switch|p2b: Tyranitar|Tyranitar, L50, M|100/100\n|-weather|Sandstorm|[from] ability: Sand Stream|[of] p2b: Tyranitar\n|move|p1a: Archaludon|Electro Shot||[still]\n|-prepare|p1a: Archaludon|Electro Shot\n|-boost|p1a: Archaludon|spa|1\n|move|p2a: Kangaskhan|Last Resort|p1b: Pelipper\n|-damage|p1b: Pelipper|0 fnt\n|faint|p1b: Pelipper\n|\n|-weather|Sandstorm|[upkeep]\n|-damage|p2a: Kangaskhan|95/100|[from] Sandstorm\n|upkeep\n|\n|t:|1776211107\n|switch|p1b: Sinistcha|Sinistcha, L50|100/100\n|-heal|p1a: Archaludon|100/100|[from] ability: Hospitality|[of] p1b: Sinistcha\n|turn|3\n|\n|t:|1776211114\n|move|p1a: Archaludon|Electro Shot|p2b: Tyranitar|[from] lockedmove\n|-damage|p2b: Tyranitar|60/100\n|move|p2a: Kangaskhan|Last Resort|p1b: Sinistcha\n|-damage|p1b: Sinistcha|44/100\n|move|p2b: Tyranitar|Low Kick|p1a: Archaludon\n|-supereffective|p1a: Archaludon|1\n|-damage|p1a: Archaludon|50/100\n|move|p1b: Sinistcha|Matcha Gotcha|p2b: Tyranitar|[spread] p2a,p2b\n|-supereffective|p2b: Tyranitar|1\n|-damage|p2a: Kangaskhan|72/100\n|-heal|p1b: Sinistcha|57/100|[from] drain|[of] p2a: Kangaskhan\n|-damage|p2b: Tyranitar|29/100\n|-heal|p1b: Sinistcha|74/100|[from] drain|[of] p2b: Tyranitar\n|\n|-weather|Sandstorm|[upkeep]\n|-damage|p2a: Kangaskhan|67/100|[from] Sandstorm\n|-damage|p1b: Sinistcha|68/100|[from] Sandstorm\n|-heal|p1b: Sinistcha|74/100|[from] item: Leftovers\n|upkeep\n|turn|4\n|\n|t:|1776211135\n|switch|p1a: Incineroar|Incineroar, L50, M|100/100\n|-ability|p1a: Incineroar|Intimidate|boost\n|-fail|p2a: Kangaskhan|unboost|Attack|[from] ability: Scrappy|[of] p2a: Kangaskhan\n|-unboost|p2b: Tyranitar|atk|1\n|move|p2b: Tyranitar|Protect|p2b: Tyranitar\n|-singleturn|p2b: Tyranitar|Protect\n|move|p2a: Kangaskhan|Last Resort|p1b: Sinistcha\n|-damage|p1b: Sinistcha|15/100\n|move|p1b: Sinistcha|Matcha Gotcha|p2b: Tyranitar|[spread] p2a\n|-activate|p2b: Tyranitar|move: Protect\n|-damage|p2a: Kangaskhan|43/100\n|-heal|p1b: Sinistcha|29/100|[from] drain|[of] p2a: Kangaskhan\n|\n|-weather|Sandstorm|[upkeep]\n|-damage|p2a: Kangaskhan|37/100|[from] Sandstorm\n|-damage|p1b: Sinistcha|22/100|[from] Sandstorm\n|-damage|p1a: Incineroar|95/100|[from] Sandstorm\n|-heal|p1b: Sinistcha|29/100|[from] item: Leftovers\n|upkeep\n|turn|5\n|\n|t:|1776211154\n|switch|p2b: Excadrill|Excadrill, L50, M|100/100\n|move|p1a: Incineroar|Fake Out|p2a: Kangaskhan\n|-damage|p2a: Kangaskhan|27/100\n|cant|p2a: Kangaskhan|flinch\n|move|p1b: Sinistcha|Matcha Gotcha|p2b: Excadrill|[spread] p2a,p2b\n|-damage|p2a: Kangaskhan|2/100\n|-heal|p1b: Sinistcha|43/100|[from] drain|[of] p2a: Kangaskhan\n|-damage|p2b: Excadrill|70/100\n|-heal|p1b: Sinistcha|59/100|[from] drain|[of] p2b: Excadrill\n|\n|-weather|Sandstorm|[upkeep]\n|-damage|p2a: Kangaskhan|0 fnt|[from] Sandstorm\n|-damage|p1b: Sinistcha|53/100|[from] Sandstorm\n|-damage|p1a: Incineroar|89/100|[from] Sandstorm\n|faint|p2a: Kangaskhan\n|-heal|p1b: Sinistcha|59/100|[from] item: Leftovers\n|upkeep\n|\n|t:|1776211160\n|switch|p2a: Basculegion|Basculegion, L50, M|90/100\n|turn|6\n|\n|t:|1776211187\n|move|p1b: Sinistcha|Rage Powder|p1b: Sinistcha\n|-singleturn|p1b: Sinistcha|move: Rage Powder\n|move|p2b: Excadrill|High Horsepower|p1b: Sinistcha\n|-resisted|p1b: Sinistcha|1\n|-crit|p1b: Sinistcha\n|-damage|p1b: Sinistcha|27/100\n|move|p2a: Basculegion|Last Respects|p1b: Sinistcha\n|-supereffective|p1b: Sinistcha|1\n|-damage|p1b: Sinistcha|0 fnt\n|faint|p1b: Sinistcha\n|move|p1a: Incineroar|Flare Blitz|p2b: Excadrill\n|-supereffective|p2b: Excadrill|1\n|-damage|p2b: Excadrill|0 fnt\n|faint|p2b: Excadrill\n|-damage|p1a: Incineroar|67/100|[from] Recoil\n|\n|-weather|none\n|upkeep\n|\n|t:|1776211200\n|switch|p2b: Tyranitar|Tyranitar, L50, M|29/100\n|switch|p1b: Archaludon|Archaludon, L50, M|50/100\n|-weather|Sandstorm|[from] ability: Sand Stream|[of] p2b: Tyranitar\n|turn|7\n|\n|t:|1776211224\n|move|p2a: Basculegion|Last Respects|p1b: Archaludon\n|-damage|p1b: Archaludon|0 fnt\n|faint|p1b: Archaludon\n|move|p2b: Tyranitar|Rock Slide|p1a: Incineroar\n|-supereffective|p1a: Incineroar|1\n|-damage|p1a: Incineroar|0 fnt\n|faint|p1a: Incineroar\n|\n|win|wishawave\n|raw|gallium1005's rating: 1112 &rarr; <strong>1090</strong><br />(-22 for losing)\n|raw|wishawave's rating: 1149 &rarr; <strong>1171</strong><br />(+22 for winning)\n",
  "uploadtime": 1776211236,
  "views": 23,
  "formatid": "gen9championsvgc2026regma",
  "rating": 1090,
  "private": 0,
  "password": null
}