{
  "id": "gen9championsvgc2026regma-2582165947",
  "format": "[Gen 9 Champions] VGC 2026 Reg M-A",
  "players": [
    "It'sJustKen VGC",
    "Dr. Toughlove"
  ],
  "log": "|j|\u2606It'sJustKen VGC\n|j|\u2606Dr. Toughlove\n|t:|1776066399\n|gametype|doubles\n|player|p1|It'sJustKen VGC|265|1159\n|player|p2|Dr. Toughlove|hiker-gen4|1238\n|gen|9\n|tier|[Gen 9 Champions] VGC 2026 Reg M-A\n|rated|\n|rule|Species Clause: Limit one of each Pok\u00e9mon\n|rule|Item Clause: Limit 1 of each item\n|clearpoke\n|poke|p1|Kingambit, L50, M|\n|poke|p1|Clefable, L50, F|\n|poke|p1|Chimecho, L50, M|\n|poke|p1|Golurk, L50|\n|poke|p1|Torkoal, L50, F|\n|poke|p1|Hawlucha, L50, F|\n|poke|p2|Basculegion, L50, M|\n|poke|p2|Dragonite, L50, M|\n|poke|p2|Heliolisk, L50, F|\n|poke|p2|Maushold, L50|\n|poke|p2|Meganium, L50, M|\n|poke|p2|Politoed, L50, M|\n|teampreview|4\n|inactive|Battle timer is ON: inactive players will automatically lose when time's up. (requested by It'sJustKen VGC)\n|\n|t:|1776066429\n|teamsize|p1|4\n|teamsize|p2|4\n|start\n|switch|p1a: The Final Boss|Kingambit, L50, M|100/100\n|switch|p1b: Supportive Friend|Hawlucha, L50, F|100/100\n|switch|p2a: Basculegion|Basculegion, L50, M|100/100\n|switch|p2b: Meganium|Meganium, L50, M|100/100\n|-ability|p1b: Supportive Friend|Mold Breaker\n|turn|1\n|\n|t:|1776066454\n|detailschange|p1b: Supportive Friend|Hawlucha-Mega, L50, F\n|-mega|p1b: Supportive Friend|Hawlucha|Hawluchanite\n|detailschange|p2b: Meganium|Meganium-Mega, L50, M\n|-mega|p2b: Meganium|Meganium|Meganiumite\n|move|p1a: The Final Boss|Protect|p1a: The Final Boss\n|-singleturn|p1a: The Final Boss|Protect\n|move|p2a: Basculegion|Aqua Jet|p1b: Supportive Friend\n|-damage|p1b: Supportive Friend|75/100\n|move|p1b: Supportive Friend|Brave Bird|p2b: Meganium\n|-supereffective|p2b: Meganium|1\n|-damage|p2b: Meganium|0 fnt\n|faint|p2b: Meganium\n|-damage|p1b: Supportive Friend|35/100|[from] Recoil\n|\n|upkeep\n|\n|t:|1776066470\n|switch|p2b: Politoed|Politoed, L50, M|100/100\n|-weather|RainDance|[from] ability: Drizzle|[of] p2b: Politoed\n|turn|2\n|\n|t:|1776066492\n|switch|p1b: Main Character|Clefable, L50, F, shiny|100/100\n|move|p2a: Basculegion|Aqua Jet|p1b: Main Character\n|-damage|p1b: Main Character|72/100\n|move|p2b: Politoed|Weather Ball|p1a: The Final Boss\n|-damage|p1a: The Final Boss|61/100\n|move|p1a: The Final Boss|Kowtow Cleave|p2a: Basculegion\n|-supereffective|p2a: Basculegion|1\n|-damage|p2a: Basculegion|10/100\n|\n|-weather|RainDance|[upkeep]\n|-heal|p1b: Main Character|78/100|[from] item: Leftovers\n|upkeep\n|turn|3\n|\n|t:|1776066508\n|switch|p2a: Heliolisk|Heliolisk, L50, F|100/100\n|move|p1a: The Final Boss|Sucker Punch||[still]\n|-fail|p1a: The Final Boss\n|move|p2b: Politoed|Muddy Water|p1a: The Final Boss|[spread] p1a,p1b\n|-damage|p1a: The Final Boss|32/100\n|-damage|p1b: Main Character|48/100\n|-unboost|p1b: Main Character|accuracy|1\n|-enditem|p1a: The Final Boss|Sitrus Berry|[eat]\n|-heal|p1a: The Final Boss|57/100|[from] item: Sitrus Berry\n|move|p1b: Main Character|Heal Pulse|p1a: The Final Boss\n|-heal|p1a: The Final Boss|100/100\n|\n|-weather|RainDance|[upkeep]\n|-heal|p1b: Main Character|53/100|[from] item: Leftovers\n|upkeep\n|turn|4\n|inactive|It'sJustKen VGC has 30 seconds left.\n|inactive|It'sJustKen VGC has 20 seconds left.\n|inactive|It'sJustKen VGC has 15 seconds left.\n|inactive|It'sJustKen VGC has 10 seconds left.\n|\n|t:|1776066557\n|move|p1b: Main Character|Follow Me|p1b: Main Character\n|-singleturn|p1b: Main Character|move: Follow Me\n|move|p2a: Heliolisk|Thunder|p1b: Main Character\n|-crit|p1b: Main Character\n|-damage|p1b: Main Character|0 fnt\n|faint|p1b: Main Character\n|move|p2b: Politoed|Muddy Water|p1a: The Final Boss|[miss]\n|-miss|p2b: Politoed|p1a: The Final Boss\n|move|p1a: The Final Boss|Kowtow Cleave|p2a: Heliolisk\n|-damage|p2a: Heliolisk|22/100\n|\n|-weather|RainDance|[upkeep]\n|-heal|p2a: Heliolisk|34/100|[from] ability: Dry Skin\n|upkeep\n|\n|t:|1776066559\n|switch|p1b: Supportive Friend|Hawlucha-Mega, L50, F|35/100\n|turn|5\n|\n|t:|1776066567\n|move|p2a: Heliolisk|Protect|p2a: Heliolisk\n|-singleturn|p2a: Heliolisk|Protect\n|move|p1b: Supportive Friend|Entrainment|p1a: The Final Boss\n|-ability|p1a: The Final Boss|No Guard|Defiant|[from] move: Entrainment|[of] p1b: Supportive Friend\n|move|p2b: Politoed|Muddy Water|p1a: The Final Boss|[spread] p1a,p1b\n|-damage|p1a: The Final Boss|73/100\n|-damage|p1b: Supportive Friend|0 fnt\n|faint|p1b: Supportive Friend\n|move|p1a: The Final Boss|Guillotine|p2b: Politoed\n|-damage|p2b: Politoed|0 fnt\n|faint|p2b: Politoed\n|-ohko\n|\n|-weather|RainDance|[upkeep]\n|-heal|p2a: Heliolisk|46/100|[from] ability: Dry Skin\n|upkeep\n|\n|t:|1776066580\n|switch|p1b: Pet|Torkoal, L50, F, shiny|100/100\n|switch|p2b: Basculegion|Basculegion, L50, M|10/100\n|-weather|SunnyDay|[from] ability: Drought|[of] p1b: Pet\n|turn|6\n|c|\u2606Dr. Toughlove|Ugh\n|\n|t:|1776066596\n|move|p2b: Basculegion|Aqua Jet|p1a: The Final Boss\n|-damage|p1a: The Final Boss|67/100\n|move|p1a: The Final Boss|Sucker Punch||[still]\n|-fail|p1a: The Final Boss\n|move|p2a: Heliolisk|Thunder|p1a: The Final Boss\n|-damage|p1a: The Final Boss|25/100\n|move|p1b: Pet|Eruption|p2b: Basculegion|[spread] p2a,p2b\n|-resisted|p2b: Basculegion|1\n|-damage|p2a: Heliolisk|0 fnt\n|-damage|p2b: Basculegion|0 fnt\n|faint|p2a: Heliolisk\n|faint|p2b: Basculegion\n|\n|win|It'sJustKen VGC\n|raw|It&apos;sJustKen VGC's rating: 1182 &rarr; <strong>1211</strong><br />(+29 for winning)\n|raw|Dr. Toughlove's rating: 1238 &rarr; <strong>1209</strong><br />(-29 for losing)\n|c|\u2606It'sJustKen VGC|gg wp\n|c|\u2606Dr. Toughlove|Lol\n|c|\u2606Dr. Toughlove|sure\n|l|\u2606Dr. Toughlove\n|player|p2|\n|j|\u2606Dr. Toughlove\n|player|p2|Dr. Toughlove|hiker-gen4|\n",
  "uploadtime": 1776066604,
  "views": 20,
  "formatid": "gen9championsvgc2026regma",
  "rating": 1209,
  "private": 0,
  "password": null
}