{
  "id": "gen9championsvgc2026regma-2588621448",
  "format": "[Gen 9 Champions] VGC 2026 Reg M-A",
  "players": [
    "ChampionsmatchVGC",
    "slimeslatt252"
  ],
  "log": "|j|\u2606ChampionsmatchVGC\n|j|\u2606slimeslatt252\n|t:|1776650940\n|gametype|doubles\n|player|p1|ChampionsmatchVGC|265|1617\n|player|p2|slimeslatt252|101|1571\n|gen|9\n|tier|[Gen 9 Champions] VGC 2026 Reg M-A\n|rated|\n|rule|Species Clause: Limit one of each Pok\u00e9mon\n|rule|Item Clause: Limit 1 of each item\n|clearpoke\n|poke|p1|Garchomp, L50, M|\n|poke|p1|Floette-Eternal, L50, F|\n|poke|p1|Kingambit, L50, F|\n|poke|p1|Rotom-Wash, L50|\n|poke|p1|Corviknight, L50, F|\n|poke|p1|Delphox, L50, M|\n|poke|p2|Floette-Eternal, L50, F|\n|poke|p2|Delphox, L50, F|\n|poke|p2|Garchomp, L50, M|\n|poke|p2|Talonflame, L50, F|\n|poke|p2|Kingambit, L50, M|\n|poke|p2|Sneasler, L50, F|\n|teampreview|4\n|inactive|Battle timer is ON: inactive players will automatically lose when time's up. (requested by slimeslatt252)\n|inactive|ChampionsmatchVGC has 60 seconds left.\n|inactive|slimeslatt252 has 60 seconds left.\n|\n|t:|1776650987\n|teamsize|p1|4\n|teamsize|p2|4\n|start\n|switch|p1a: Garchomp|Garchomp, L50, M|100/100\n|switch|p1b: Rotom|Rotom-Wash, L50|100/100\n|switch|p2a: Kingambit|Kingambit, L50, M|100/100\n|switch|p2b: Delphox|Delphox, L50, F|100/100\n|turn|1\n|\n|t:|1776651011\n|detailschange|p2b: Delphox|Delphox-Mega, L50, F\n|-mega|p2b: Delphox|Delphox|Delphoxite\n|move|p2a: Kingambit|Protect|p2a: Kingambit\n|-singleturn|p2a: Kingambit|Protect\n|move|p2b: Delphox|Psychic|p1a: Garchomp\n|-damage|p1a: Garchomp|46/100\n|move|p1a: Garchomp|Rock Slide|p2b: Delphox|[spread] p2b\n|-activate|p2a: Kingambit|move: Protect\n|-supereffective|p2b: Delphox|1\n|-damage|p2b: Delphox|48/100\n|move|p1b: Rotom|Will-O-Wisp|p2a: Kingambit\n|-activate|p2a: Kingambit|move: Protect\n|\n|upkeep\n|turn|2\n|\n|t:|1776651032\n|switch|p2a: Talonflame|Talonflame, L50, F|100/100\n|move|p2b: Delphox|Psychic|p1a: Garchomp\n|-damage|p1a: Garchomp|0 fnt\n|faint|p1a: Garchomp\n|move|p1b: Rotom|Hydro Pump|p2b: Delphox\n|-supereffective|p2b: Delphox|1\n|-damage|p2b: Delphox|0 fnt\n|faint|p2b: Delphox\n|\n|upkeep\n|j| thruxytwo\n|\n|t:|1776651043\n|switch|p2b: Sneasler|Sneasler, L50, F|100/100\n|switch|p1a: Corviknight|Corviknight, L50, F|100/100\n|turn|3\n|\n|t:|1776651071\n|move|p2b: Sneasler|Fake Out|p1a: Corviknight\n|-resisted|p1a: Corviknight|1\n|-damage|p1a: Corviknight|94/100\n|move|p2a: Talonflame|Flare Blitz|p1a: Corviknight\n|-supereffective|p1a: Corviknight|1\n|-damage|p1a: Corviknight|16/100\n|-damage|p2a: Talonflame|68/100|[from] Recoil\n|move|p1b: Rotom|Thunderbolt|p2a: Talonflame\n|-supereffective|p2a: Talonflame|1\n|-damage|p2a: Talonflame|0 fnt\n|faint|p2a: Talonflame\n|cant|p1a: Corviknight|flinch\n|\n|-heal|p1a: Corviknight|22/100|[from] item: Leftovers\n|upkeep\n|\n|t:|1776651075\n|switch|p2a: Kingambit|Kingambit, L50, M|100/100\n|turn|4\n|\n|t:|1776651093\n|move|p2a: Kingambit|Sucker Punch||[still]\n|-fail|p2a: Kingambit\n|move|p2b: Sneasler|Close Combat|p1b: Rotom\n|-damage|p1b: Rotom|35/100\n|-unboost|p2b: Sneasler|def|1\n|-unboost|p2b: Sneasler|spd|1\n|-enditem|p1b: Rotom|Sitrus Berry|[eat]\n|-heal|p1b: Rotom|60/100|[from] item: Sitrus Berry\n|-enditem|p2b: Sneasler|White Herb\n|-clearnegativeboost|p2b: Sneasler|[silent]\n|move|p1b: Rotom|Will-O-Wisp|p2a: Kingambit\n|-status|p2a: Kingambit|brn\n|move|p1a: Corviknight|Tailwind|p1a: Corviknight\n|-sidestart|p1: ChampionsmatchVGC|move: Tailwind\n|\n|-heal|p1a: Corviknight|28/100|[from] item: Leftovers\n|-damage|p2a: Kingambit|95/100 brn|[from] brn\n|upkeep\n|turn|5\n|j| fulimba\n|\n|t:|1776651114\n|move|p2b: Sneasler|Protect|p2b: Sneasler\n|-singleturn|p2b: Sneasler|Protect\n|move|p1b: Rotom|Thunder Wave|p2b: Sneasler\n|-activate|p2b: Sneasler|move: Protect\n|move|p1a: Corviknight|Brave Bird|p2b: Sneasler\n|-activate|p2b: Sneasler|move: Protect\n|move|p2a: Kingambit|Kowtow Cleave|p1a: Corviknight\n|-damage|p1a: Corviknight|3/100\n|\n|-heal|p1a: Corviknight|9/100|[from] item: Leftovers\n|-damage|p2a: Kingambit|89/100 brn|[from] brn\n|upkeep\n|turn|6\n|inactive|ChampionsmatchVGC has 30 seconds left.\n|\n|t:|1776651141\n|move|p2a: Kingambit|Sucker Punch||[still]\n|-fail|p2a: Kingambit\n|move|p2b: Sneasler|Close Combat|p1b: Rotom\n|-damage|p1b: Rotom|0 fnt\n|-unboost|p2b: Sneasler|def|1\n|-unboost|p2b: Sneasler|spd|1\n|faint|p1b: Rotom\n|move|p1a: Corviknight|Bulk Up|p1a: Corviknight\n|-boost|p1a: Corviknight|atk|1\n|-boost|p1a: Corviknight|def|1\n|\n|-heal|p1a: Corviknight|15/100|[from] item: Leftovers\n|-damage|p2a: Kingambit|83/100 brn|[from] brn\n|upkeep\n|\n|t:|1776651143\n|switch|p1b: Delphox|Delphox, L50, M|100/100\n|turn|7\n|\n|t:|1776651165\n|detailschange|p1b: Delphox|Delphox-Mega, L50, M\n|-mega|p1b: Delphox|Delphox|Delphoxite\n|move|p2a: Kingambit|Sucker Punch||[still]\n|-fail|p2a: Kingambit\n|move|p1b: Delphox|Substitute|p1b: Delphox\n|-start|p1b: Delphox|Substitute\n|-damage|p1b: Delphox|76/100\n|move|p2b: Sneasler|Dire Claw|p1b: Delphox\n|-end|p1b: Delphox|Substitute\n|move|p1a: Corviknight|Brave Bird|p2b: Sneasler\n|-supereffective|p2b: Sneasler|1\n|-damage|p2b: Sneasler|0 fnt\n|faint|p2b: Sneasler\n|-damage|p1a: Corviknight|0 fnt|[from] Recoil\n|faint|p1a: Corviknight\n|\n|-damage|p2a: Kingambit|77/100 brn|[from] brn\n|-sideend|p1: ChampionsmatchVGC|move: Tailwind\n|upkeep\n|turn|8\n|\n|t:|1776651180\n|move|p1b: Delphox|Protect|p1b: Delphox\n|-singleturn|p1b: Delphox|Protect\n|move|p2a: Kingambit|Sucker Punch||[still]\n|-fail|p2a: Kingambit\n|\n|-damage|p2a: Kingambit|72/100 brn|[from] brn\n|upkeep\n|turn|9\n|\n|t:|1776651190\n|move|p1b: Delphox|Heat Wave|p2a: Kingambit\n|-supereffective|p2a: Kingambit|1\n|-damage|p2a: Kingambit|0 fnt\n|faint|p2a: Kingambit\n|\n|win|ChampionsmatchVGC\n|raw|ChampionsmatchVGC's rating: 1617 &rarr; <strong>1634</strong><br />(+17 for winning)\n|raw|slimeslatt252's rating: 1571 &rarr; <strong>1554</strong><br />(-17 for losing)\n|c|\u2606slimeslatt252|gg\n|c|\u2606ChampionsmatchVGC|gg\n|l|\u2606ChampionsmatchVGC\n|player|p1|\n",
  "uploadtime": 1776651207,
  "views": 6,
  "formatid": "gen9championsvgc2026regma",
  "rating": 1554,
  "private": 0,
  "password": null
}