{
  "id": "gen9championsvgc2026regma-2582768614",
  "format": "[Gen 9 Champions] VGC 2026 Reg M-A",
  "players": [
    "Aslerja",
    "colfox"
  ],
  "log": "|j|\u2606Aslerja\n|j|\u2606colfox\n|t:|1776112768\n|gametype|doubles\n|player|p1|Aslerja|lucas|1282\n|player|p2|colfox|170|1275\n|gen|9\n|tier|[Gen 9 Champions] VGC 2026 Reg M-A\n|rated|\n|rule|Species Clause: Limit one of each Pok\u00e9mon\n|rule|Item Clause: Limit 1 of each item\n|clearpoke\n|poke|p1|Kingambit, L50, M|\n|poke|p1|Pelipper, L50, F|\n|poke|p1|Basculegion, L50, M|\n|poke|p1|Sinistcha-Masterpiece, L50|\n|poke|p1|Dragonite, L50, F|\n|poke|p1|Sneasler, L50, F|\n|poke|p2|Ninetales, L50, F|\n|poke|p2|Dragonite, L50, F|\n|poke|p2|Sylveon, L50, M|\n|poke|p2|Milotic, L50, F|\n|poke|p2|Venusaur, L50, F|\n|poke|p2|Delphox, L50, M|\n|teampreview|4\n|inactive|Battle timer is ON: inactive players will automatically lose when time's up. (requested by Aslerja)\n|inactive|Aslerja has 60 seconds left.\n|inactive|colfox has 60 seconds left.\n|\n|t:|1776112832\n|teamsize|p1|4\n|teamsize|p2|4\n|start\n|switch|p1a: Sneasler|Sneasler, L50, F|100/100\n|switch|p1b: Dragonite|Dragonite, L50, F|100/100\n|switch|p2a: Delphox|Delphox, L50, M|100/100\n|switch|p2b: Sylveon|Sylveon, L50, M|100/100\n|turn|1\n|inactive|colfox has 30 seconds left.\n|\n|t:|1776112866\n|detailschange|p2a: Delphox|Delphox-Mega, L50, M\n|-mega|p2a: Delphox|Delphox|Delphoxite\n|detailschange|p1b: Dragonite|Dragonite-Mega, L50, F\n|-mega|p1b: Dragonite|Dragonite|Dragoninite\n|move|p1a: Sneasler|Protect|p1a: Sneasler\n|-singleturn|p1a: Sneasler|Protect\n|move|p2a: Delphox|Psychic|p1a: Sneasler\n|-activate|p1a: Sneasler|move: Protect\n|move|p1b: Dragonite|Draco Meteor|p2a: Delphox\n|-damage|p2a: Delphox|20/100\n|-unboost|p1b: Dragonite|spa|2\n|move|p2b: Sylveon|Hyper Voice|p1a: Sneasler|[spread] p1b\n|-activate|p1a: Sneasler|move: Protect\n|-supereffective|p1b: Dragonite|1\n|-damage|p1b: Dragonite|61/100\n|\n|upkeep\n|turn|2\n|\n|t:|1776112891\n|switch|p1a: Sinistcha|Sinistcha-Masterpiece, L50|100/100\n|-heal|p1b: Dragonite|86/100|[from] ability: Hospitality|[of] p1a: Sinistcha\n|move|p2a: Delphox|Protect|p2a: Delphox\n|-singleturn|p2a: Delphox|Protect\n|move|p1b: Dragonite|Draco Meteor|p2a: Delphox\n|-activate|p2a: Delphox|move: Protect\n|move|p2b: Sylveon|Hyper Voice|p1b: Dragonite|[spread] p1a,p1b\n|-supereffective|p1b: Dragonite|1\n|-damage|p1a: Sinistcha|58/100\n|-damage|p1b: Dragonite|9/100\n|\n|-heal|p1a: Sinistcha|65/100|[from] item: Leftovers\n|upkeep\n|turn|3\n|\n|t:|1776112915\n|switch|p2a: Ninetales|Ninetales, L50, F|100/100\n|-weather|SunnyDay|[from] ability: Drought|[of] p2a: Ninetales\n|move|p1b: Dragonite|Protect|p1b: Dragonite\n|-singleturn|p1b: Dragonite|Protect\n|move|p1a: Sinistcha|Matcha Gotcha|p2a: Ninetales|[spread] p2a,p2b\n|-resisted|p2a: Ninetales|1\n|-damage|p2a: Ninetales|88/100\n|-heal|p1a: Sinistcha|71/100|[from] drain|[of] p2a: Ninetales\n|-damage|p2b: Sylveon|82/100\n|-heal|p1a: Sinistcha|82/100|[from] drain|[of] p2b: Sylveon\n|move|p2b: Sylveon|Hyper Voice|p1a: Sinistcha|[spread] p1a\n|-activate|p1b: Dragonite|move: Protect\n|-damage|p1a: Sinistcha|36/100\n|\n|-weather|SunnyDay|[upkeep]\n|-heal|p1a: Sinistcha|43/100|[from] item: Leftovers\n|upkeep\n|turn|4\n|\n|t:|1776112937\n|switch|p1b: Pelipper|Pelipper, L50, F|100/100\n|-weather|RainDance|[from] ability: Drizzle|[of] p1b: Pelipper\n|move|p2a: Ninetales|Heat Wave|p1b: Pelipper|[spread] p1a,p1b\n|-supereffective|p1a: Sinistcha|1\n|-resisted|p1b: Pelipper|1\n|-damage|p1a: Sinistcha|25/100\n|-damage|p1b: Pelipper|94/100\n|move|p1a: Sinistcha|Life Dew|p1a: Sinistcha|[spread] p1a,p1b\n|-heal|p1a: Sinistcha|50/100\n|-heal|p1b: Pelipper|100/100\n|move|p2b: Sylveon|Hyper Voice|p1a: Sinistcha|[spread] p1a,p1b\n|-damage|p1a: Sinistcha|11/100\n|-damage|p1b: Pelipper|44/100\n|\n|-weather|RainDance|[upkeep]\n|-heal|p1a: Sinistcha|17/100|[from] item: Leftovers\n|upkeep\n|turn|5\n|\n|t:|1776112959\n|move|p2a: Ninetales|Helping Hand|p2b: Sylveon\n|-singleturn|p2b: Sylveon|Helping Hand|[of] p2a: Ninetales\n|move|p1a: Sinistcha|Life Dew|p1a: Sinistcha|[spread] p1a,p1b\n|-heal|p1a: Sinistcha|43/100\n|-heal|p1b: Pelipper|69/100\n|move|p1b: Pelipper|Weather Ball|p2a: Ninetales\n|-supereffective|p2a: Ninetales|1\n|-damage|p2a: Ninetales|0 fnt\n|faint|p2a: Ninetales\n|move|p2b: Sylveon|Hyper Voice|p1a: Sinistcha|[spread] p1a,p1b\n|-damage|p1a: Sinistcha|0 fnt\n|-damage|p1b: Pelipper|0 fnt\n|faint|p1a: Sinistcha\n|faint|p1b: Pelipper\n|\n|-weather|RainDance|[upkeep]\n|upkeep\n|\n|t:|1776112978\n|switch|p2a: Venusaur|Venusaur, L50, F|100/100\n|switch|p1a: Dragonite|Dragonite-Mega, L50, F|9/100\n|switch|p1b: Sneasler|Sneasler, L50, F|100/100\n|turn|6\n|\n|t:|1776112987\n|move|p2a: Venusaur|Protect|p2a: Venusaur\n|-singleturn|p2a: Venusaur|Protect\n|move|p2b: Sylveon|Protect|p2b: Sylveon\n|-singleturn|p2b: Sylveon|Protect\n|move|p1b: Sneasler|Dire Claw|p2b: Sylveon\n|-activate|p2b: Sylveon|move: Protect\n|move|p1a: Dragonite|Hurricane|p2a: Venusaur\n|-activate|p2a: Venusaur|move: Protect\n|\n|-weather|RainDance|[upkeep]\n|upkeep\n|turn|7\n|\n|t:|1776113022\n|move|p1a: Dragonite|Protect|p1a: Dragonite\n|-singleturn|p1a: Dragonite|Protect\n|move|p1b: Sneasler|Close Combat|p2a: Venusaur\n|-resisted|p2a: Venusaur|1\n|-damage|p2a: Venusaur|60/100\n|-unboost|p1b: Sneasler|def|1\n|-unboost|p1b: Sneasler|spd|1\n|-enditem|p1b: Sneasler|White Herb\n|-clearnegativeboost|p1b: Sneasler|[silent]\n|move|p2a: Venusaur|Sleep Powder|p1b: Sneasler|[miss]\n|-miss|p2a: Venusaur|p1b: Sneasler\n|move|p2b: Sylveon|Hyper Voice|p1b: Sneasler|[spread] p1b\n|-activate|p1a: Dragonite|move: Protect\n|-damage|p1b: Sneasler|36/100\n|\n|-weather|RainDance|[upkeep]\n|upkeep\n|turn|8\n|inactive|colfox has 30 seconds left.\n|\n|t:|1776113048\n|move|p1b: Sneasler|Dire Claw|p2b: Sylveon\n|-supereffective|p2b: Sylveon|1\n|-damage|p2b: Sylveon|0 fnt\n|faint|p2b: Sylveon\n|move|p2a: Venusaur|Giga Drain|p1b: Sneasler\n|-resisted|p1b: Sneasler|1\n|-damage|p1b: Sneasler|12/100\n|-heal|p2a: Venusaur|72/100|[from] drain|[of] p1b: Sneasler\n|move|p1a: Dragonite|Hurricane|p2a: Venusaur\n|-supereffective|p2a: Venusaur|1\n|-damage|p2a: Venusaur|0 fnt\n|faint|p2a: Venusaur\n|\n|-weather|none\n|upkeep\n|\n|t:|1776113064\n|switch|p2a: Delphox|Delphox-Mega, L50, M|20/100\n|turn|9\n|\n|t:|1776113072\n|move|p1b: Sneasler|Dire Claw|p2a: Delphox\n|-damage|p2a: Delphox|0 fnt\n|faint|p2a: Delphox\n|\n|win|Aslerja\n|raw|Aslerja's rating: 1282 &rarr; <strong>1306</strong><br />(+24 for winning)\n|raw|colfox's rating: 1275 &rarr; <strong>1251</strong><br />(-24 for losing)\n",
  "uploadtime": 1776113081,
  "views": 35,
  "formatid": "gen9championsvgc2026regma",
  "rating": 1251,
  "private": 0,
  "password": null
}