{
  "id": "gen9championsvgc2026regma-2583977383",
  "format": "[Gen 9 Champions] VGC 2026 Reg M-A",
  "players": [
    "HawaiiCookieCo",
    "Buttwhythow"
  ],
  "log": "|j|\u2606HawaiiCookieCo\n|j|\u2606Buttwhythow\n|t:|1776213540\n|gametype|doubles\n|player|p1|HawaiiCookieCo|swimmer-gen4dp|1083\n|player|p2|Buttwhythow|1|1081\n|gen|9\n|tier|[Gen 9 Champions] VGC 2026 Reg M-A\n|rated|\n|rule|Species Clause: Limit one of each Pok\u00e9mon\n|rule|Item Clause: Limit 1 of each item\n|clearpoke\n|poke|p1|Volcarona, L50, F|\n|poke|p1|Mamoswine, L50, M|\n|poke|p1|Tyranitar, L50, M|\n|poke|p1|Aegislash, L50, M|\n|poke|p1|Maushold, L50|\n|poke|p1|Incineroar, L50, M|\n|poke|p2|Altaria, L50, M|\n|poke|p2|Scizor, L50, M|\n|poke|p2|Incineroar, L50, M|\n|poke|p2|Tsareena, L50, F|\n|poke|p2|Basculegion, L50, M|\n|poke|p2|Aerodactyl, L50, F|\n|teampreview|4\n|inactive|Battle timer is ON: inactive players will automatically lose when time's up. (requested by HawaiiCookieCo)\n|inactive|Buttwhythow has 60 seconds left.\n|\n|t:|1776213596\n|teamsize|p1|4\n|teamsize|p2|4\n|start\n|switch|p1a: Tyranitar|Tyranitar, L50, M|100/100\n|switch|p1b: Maushold|Maushold, L50|100/100\n|switch|p2a: Tsareena|Tsareena, L50, F|100/100\n|switch|p2b: Aerodactyl|Aerodactyl, L50, F, shiny|100/100\n|-ability|p2b: Aerodactyl|Unnerve\n|-weather|Sandstorm|[from] ability: Sand Stream|[of] p1a: Tyranitar\n|turn|1\n|\n|t:|1776213611\n|move|p1b: Maushold|Follow Me|p1b: Maushold\n|-singleturn|p1b: Maushold|move: Follow Me\n|move|p2b: Aerodactyl|Tailwind|p2b: Aerodactyl\n|-sidestart|p2: Buttwhythow|move: Tailwind\n|move|p2a: Tsareena|Trop Kick|p1b: Maushold\n|-damage|p1b: Maushold|47/100\n|-unboost|p1b: Maushold|atk|1\n|move|p1a: Tyranitar|Dragon Dance|p1a: Tyranitar\n|-boost|p1a: Tyranitar|atk|1\n|-boost|p1a: Tyranitar|spe|1\n|\n|-weather|Sandstorm|[upkeep]\n|-damage|p2a: Tsareena|94/100|[from] Sandstorm\n|-damage|p1b: Maushold|41/100|[from] Sandstorm\n|upkeep\n|turn|2\n|\n|t:|1776213634\n|move|p1b: Maushold|Follow Me|p1b: Maushold\n|-singleturn|p1b: Maushold|move: Follow Me\n|move|p2b: Aerodactyl|Rock Slide|p1a: Tyranitar|[spread] p1a,p1b\n|-damage|p1a: Tyranitar|82/100\n|-damage|p1b: Maushold|11/100\n|move|p2a: Tsareena|Trop Kick|p1b: Maushold\n|-damage|p1b: Maushold|0 fnt\n|faint|p1b: Maushold\n|cant|p1a: Tyranitar|flinch\n|\n|-weather|Sandstorm|[upkeep]\n|-damage|p2a: Tsareena|88/100|[from] Sandstorm\n|upkeep\n|\n|t:|1776213649\n|switch|p1b: Aegislash|Aegislash, L50, M|100/100\n|turn|3\n|\n|t:|1776213666\n|move|p1a: Tyranitar|Protect|p1a: Tyranitar\n|-singleturn|p1a: Tyranitar|Protect\n|move|p2b: Aerodactyl|Wide Guard|p2b: Aerodactyl\n|-singleturn|p2b: Aerodactyl|Wide Guard\n|-formechange|p1b: Aegislash|Aegislash-Blade|\n|move|p1b: Aegislash|Shadow Sneak||[still]\n|cant|p2a: Tsareena|ability: Queenly Majesty|Shadow Sneak|[of] p1b: Aegislash\n|move|p2a: Tsareena|Trop Kick|p1a: Tyranitar\n|-activate|p1a: Tyranitar|move: Protect\n|\n|-weather|Sandstorm|[upkeep]\n|-damage|p2a: Tsareena|82/100|[from] Sandstorm\n|upkeep\n|turn|4\n|inactive|Buttwhythow has 30 seconds left.\n|inactive|Buttwhythow has 20 seconds left.\n|\n|t:|1776213707\n|switch|p2b: Altaria|Altaria, L50, M|100/100\n|-ability|p2b: Altaria|Cloud Nine\n|detailschange|p1a: Tyranitar|Tyranitar-Mega, L50, M\n|-mega|p1a: Tyranitar|Tyranitar|Tyranitarite\n|move|p2a: Tsareena|Trop Kick|p1a: Tyranitar\n|-supereffective|p1a: Tyranitar|1\n|-damage|p1a: Tyranitar|18/100\n|-unboost|p1a: Tyranitar|atk|1\n|move|p1a: Tyranitar|Knock Off|p2b: Altaria\n|-damage|p2b: Altaria|40/100\n|move|p1b: Aegislash|Iron Head|p2a: Tsareena\n|-damage|p2a: Tsareena|26/100\n|-enditem|p2a: Tsareena|Sitrus Berry|[eat]\n|-heal|p2a: Tsareena|51/100|[from] item: Sitrus Berry\n|\n|-weather|Sandstorm|[upkeep]\n|-sideend|p2: Buttwhythow|move: Tailwind\n|upkeep\n|turn|5\n|inactive|HawaiiCookieCo has 30 seconds left.\n|inactive|Buttwhythow has 30 seconds left.\n|\n|t:|1776213741\n|move|p2b: Altaria|Protect|p2b: Altaria\n|-singleturn|p2b: Altaria|Protect\n|-formechange|p1b: Aegislash|Aegislash|\n|move|p1b: Aegislash|King's Shield|p1b: Aegislash\n|-singleturn|p1b: Aegislash|Protect\n|move|p1a: Tyranitar|Rock Slide|p2a: Tsareena|[spread] p2a\n|-activate|p2b: Altaria|move: Protect\n|-damage|p2a: Tsareena|9/100\n|move|p2a: Tsareena|Trop Kick|p1a: Tyranitar\n|-supereffective|p1a: Tyranitar|1\n|-damage|p1a: Tyranitar|0 fnt\n|faint|p1a: Tyranitar\n|\n|-weather|none\n|upkeep\n|\n|t:|1776213754\n|switch|p1a: Mamoswine|Mamoswine, L50, M|100/100\n|turn|6\n|\n|t:|1776213774\n|detailschange|p2b: Altaria|Altaria-Mega, L50, M\n|-mega|p2b: Altaria|Altaria|Altarianite\n|move|p2b: Altaria|Hyper Voice|p1b: Aegislash|[spread] p1a,p1b\n|-resisted|p1b: Aegislash|1\n|-damage|p1a: Mamoswine|50/100\n|-damage|p1b: Aegislash|87/100\n|move|p1a: Mamoswine|Icicle Crash|p2a: Tsareena\n|-supereffective|p2a: Tsareena|1\n|-damage|p2a: Tsareena|0 fnt\n|faint|p2a: Tsareena\n|-formechange|p1b: Aegislash|Aegislash-Blade|\n|move|p1b: Aegislash|Iron Head|p2b: Altaria\n|-supereffective|p2b: Altaria|1\n|-crit|p2b: Altaria\n|-damage|p2b: Altaria|0 fnt\n|faint|p2b: Altaria\n|\n|upkeep\n|\n|t:|1776213783\n|switch|p2b: Aerodactyl|Aerodactyl, L50, F, shiny|100/100\n|switch|p2a: Basculegion|Basculegion, L50, M|100/100\n|-ability|p2b: Aerodactyl|Unnerve\n|turn|7\n|\n|t:|1776213803\n|move|p1a: Mamoswine|Protect|p1a: Mamoswine\n|-singleturn|p1a: Mamoswine|Protect\n|-formechange|p1b: Aegislash|Aegislash|\n|move|p1b: Aegislash|King's Shield|p1b: Aegislash\n|-singleturn|p1b: Aegislash|Protect\n|move|p2a: Basculegion|Last Respects|p1b: Aegislash\n|-activate|p1b: Aegislash|move: Protect\n|move|p2b: Aerodactyl|Tailwind|p2b: Aerodactyl\n|-sidestart|p2: Buttwhythow|move: Tailwind\n|\n|upkeep\n|turn|8\n|\n|t:|1776213822\n|move|p1a: Mamoswine|Ice Shard|p2b: Aerodactyl\n|-supereffective|p2b: Aerodactyl|1\n|-damage|p2b: Aerodactyl|18/100\n|-formechange|p1b: Aegislash|Aegislash-Blade|\n|move|p1b: Aegislash|Shadow Sneak|p2b: Aerodactyl\n|-damage|p2b: Aerodactyl|0 fnt\n|faint|p2b: Aerodactyl\n|move|p2a: Basculegion|Last Respects|p1b: Aegislash\n|-supereffective|p1b: Aegislash|1\n|-damage|p1b: Aegislash|0 fnt\n|faint|p1b: Aegislash\n|\n|upkeep\n|turn|9\n|\n|t:|1776213835\n|move|p1a: Mamoswine|Protect|p1a: Mamoswine\n|-singleturn|p1a: Mamoswine|Protect\n|move|p2a: Basculegion|Last Respects|p1a: Mamoswine\n|-activate|p1a: Mamoswine|move: Protect\n|\n|upkeep\n|turn|10\n|\n|t:|1776213841\n|move|p1a: Mamoswine|Protect||[still]\n|-fail|p1a: Mamoswine\n|move|p2a: Basculegion|Last Respects|p1a: Mamoswine\n|-damage|p1a: Mamoswine|0 fnt\n|faint|p1a: Mamoswine\n|\n|win|Buttwhythow\n|raw|HawaiiCookieCo's rating: 1083 &rarr; <strong>1060</strong><br />(-23 for losing)\n|raw|Buttwhythow's rating: 1081 &rarr; <strong>1109</strong><br />(+28 for winning)\n",
  "uploadtime": 1776213844,
  "views": 27,
  "formatid": "gen9championsvgc2026regma",
  "rating": 1060,
  "private": 0,
  "password": null
}