{
  "id": "gen9championsvgc2026regma-2584594400",
  "format": "[Gen 9 Champions] VGC 2026 Reg M-A",
  "players": [
    "taiils_x",
    "MaxiSilv"
  ],
  "log": "|j|\u2606taiils_x\n|j|\u2606MaxiSilv\n|t:|1776270958\n|gametype|doubles\n|player|p1|taiils_x|silver|1165\n|player|p2|MaxiSilv|102|1138\n|gen|9\n|tier|[Gen 9 Champions] VGC 2026 Reg M-A\n|rated|\n|rule|Species Clause: Limit one of each Pok\u00e9mon\n|rule|Item Clause: Limit 1 of each item\n|clearpoke\n|poke|p1|Froslass, L50, F|\n|poke|p1|Weavile, L50, F|\n|poke|p1|Milotic, L50, F|\n|poke|p1|Aerodactyl, L50, F|\n|poke|p1|Garchomp, L50, F|\n|poke|p1|Sneasler, L50, F|\n|poke|p2|Floette-Eternal, L50, F|\n|poke|p2|Sinistcha, L50|\n|poke|p2|Aerodactyl, L50, M|\n|poke|p2|Garchomp, L50, M|\n|poke|p2|Incineroar, L50, M|\n|poke|p2|Rotom-Wash, L50|\n|teampreview|4\nMaxiSilv has agreed to open team sheets.\ntaiils_x has agreed to open team sheets.\n|showteam|p1|Froslass||Froslassite|SnowCloak|AuroraVeil,Blizzard,ShadowBall,Protect|||F|||50|]Weavile||FocusSash|Pickpocket|FakeOut,IceSpinner,PsychoCut,Protect|||F|||50|]Milotic||Leftovers|Competitive|Scald,IceBeam,Recover,Protect|||F|||50|]Aerodactyl||SitrusBerry|RockHead|RockSlide,DualWingbeat,Tailwind,Protect|||F|||50|]Garchomp||LumBerry|RoughSkin|Earthquake,DragonClaw,RockSlide,Protect|||F|||50|]Sneasler||WhiteHerb|Pressure|FakeOut,CloseCombat,DireClaw,Protect|||F|||50|\n|showteam|p2|Floette-Eternal||Floettite|FlowerVeil|Moonblast,DazzlingGleam,CalmMind,Protect|||F|||50|]Sinistcha||OccaBerry|Hospitality|MatchaGotcha,LifeDew,RagePowder,TrickRoom||||||50|]Aerodactyl||FocusSash|Unnerve|RockSlide,DualWingbeat,Tailwind,WideGuard|||M|||50|]Garchomp||WhiteHerb|RoughSkin|DragonClaw,StompingTantrum,Earthquake,Protect|||M|||50|]Incineroar||ChopleBerry|Intimidate|FlareBlitz,ThroatChop,PartingShot,FakeOut|||M|||50|]Rotom-Wash||SitrusBerry|Levitate|VoltSwitch,Thunderbolt,HydroPump,WillOWisp||||||50|\n|\n|t:|1776271039\n|teamsize|p1|4\n|teamsize|p2|4\n|start\n|switch|p1a: Froslass|Froslass, L50, F|100/100\n|switch|p1b: Milotic|Milotic, L50, F|100/100\n|switch|p2a: Incineroar|Incineroar, L50, M|100/100\n|switch|p2b: Floette|Floette-Eternal, L50, F|100/100\n|-ability|p2a: Incineroar|Intimidate|boost\n|-unboost|p1a: Froslass|atk|1\n|-unboost|p1b: Milotic|atk|1\n|-ability|p1b: Milotic|Competitive|boost\n|-boost|p1b: Milotic|spa|2\n|turn|1\n|\n|t:|1776271093\n|detailschange|p2b: Floette|Floette-Mega, L50, F\n|-mega|p2b: Floette|Floette|Floettite\n|-ability|p2b: Floette|Fairy Aura\n|move|p1a: Froslass|Protect|p1a: Froslass\n|-singleturn|p1a: Froslass|Protect\n|move|p1b: Milotic|Protect|p1b: Milotic\n|-singleturn|p1b: Milotic|Protect\n|move|p2a: Incineroar|Fake Out|p1b: Milotic\n|-activate|p1b: Milotic|move: Protect\n|move|p2b: Floette|Calm Mind|p2b: Floette\n|-boost|p2b: Floette|spa|1\n|-boost|p2b: Floette|spd|1\n|\n|upkeep\n|turn|2\n|\n|t:|1776271127\n|detailschange|p1a: Froslass|Froslass-Mega, L50, F\n|-mega|p1a: Froslass|Froslass|Froslassite\n|-weather|Snowscape|[from] ability: Snow Warning|[of] p1a: Froslass\n|move|p1a: Froslass|Shadow Ball|p2b: Floette\n|-damage|p2b: Floette|79/100\n|move|p2b: Floette|Dazzling Gleam|p1a: Froslass|[spread] p1a,p1b\n|-damage|p1a: Froslass|16/100\n|-damage|p1b: Milotic|49/100\n|move|p1b: Milotic|Scald|p2b: Floette\n|-damage|p2b: Floette|47/100\n|-status|p2b: Floette|brn\n|move|p2a: Incineroar|Flare Blitz|p1a: Froslass\n|-supereffective|p1a: Froslass|1\n|-damage|p1a: Froslass|0 fnt\n|faint|p1a: Froslass\n|-damage|p2a: Incineroar|97/100|[from] Recoil\n|\n|-weather|Snowscape|[upkeep]\n|-heal|p1b: Milotic|54/100|[from] item: Leftovers\n|-damage|p2b: Floette|42/100 brn|[from] brn\n|upkeep\n|\n|t:|1776271133\n|switch|p1a: Sneasler|Sneasler, L50, F|100/100\n|-ability|p1a: Sneasler|Pressure\n|turn|3\n|\n|t:|1776271160\n|switch|p2a: Sinistcha|Sinistcha, L50|100/100\n|-heal|p2b: Floette|66/100 brn|[from] ability: Hospitality|[of] p2a: Sinistcha\n|move|p2b: Floette|Protect|p2b: Floette\n|-singleturn|p2b: Floette|Protect\n|move|p1a: Sneasler|Fake Out|p2b: Floette\n|-activate|p2b: Floette|move: Protect\n|move|p1b: Milotic|Scald|p2a: Sinistcha\n|-resisted|p2a: Sinistcha|1\n|-damage|p2a: Sinistcha|73/100\n|\n|-weather|Snowscape|[upkeep]\n|-heal|p1b: Milotic|60/100|[from] item: Leftovers\n|-damage|p2b: Floette|61/100 brn|[from] brn\n|upkeep\n|turn|4\n|\n|t:|1776271188\n|switch|p2a: Incineroar|Incineroar, L50, M|97/100\n|-ability|p2a: Incineroar|Intimidate|boost\n|-unboost|p1a: Sneasler|atk|1\n|-unboost|p1b: Milotic|atk|1\n|-ability|p1b: Milotic|Competitive|boost\n|-boost|p1b: Milotic|spa|2\n|-enditem|p1a: Sneasler|White Herb\n|-clearnegativeboost|p1a: Sneasler|[silent]\n|move|p1a: Sneasler|Protect|p1a: Sneasler\n|-singleturn|p1a: Sneasler|Protect\n|move|p2b: Floette|Moonblast|p1a: Sneasler\n|-activate|p1a: Sneasler|move: Protect\n|move|p1b: Milotic|Ice Beam|p2a: Incineroar\n|-resisted|p2a: Incineroar|1\n|-damage|p2a: Incineroar|67/100\n|\n|-weather|Snowscape|[upkeep]\n|-heal|p1b: Milotic|66/100|[from] item: Leftovers\n|-damage|p2b: Floette|55/100 brn|[from] brn\n|upkeep\n|turn|5\n|\n|t:|1776271219\n|switch|p1a: Weavile|Weavile, L50, F|100/100\n|move|p2a: Incineroar|Fake Out|p1a: Weavile\n|-damage|p1a: Weavile|88/100\n|move|p2b: Floette|Dazzling Gleam|p1a: Weavile|[spread] p1a,p1b\n|-supereffective|p1a: Weavile|1\n|-damage|p1a: Weavile|0 fnt\n|-damage|p1b: Milotic|21/100\n|faint|p1a: Weavile\n|move|p1b: Milotic|Recover|p1b: Milotic\n|-heal|p1b: Milotic|71/100\n|\n|-weather|Snowscape|[upkeep]\n|-heal|p1b: Milotic|77/100|[from] item: Leftovers\n|-damage|p2b: Floette|49/100 brn|[from] brn\n|upkeep\n|\n|t:|1776271222\n|switch|p1a: Sneasler|Sneasler, L50, F|100/100\n|-ability|p1a: Sneasler|Pressure\n|turn|6\n|\n|t:|1776271295\n|move|p2b: Floette|Protect|p2b: Floette\n|-singleturn|p2b: Floette|Protect\n|move|p1a: Sneasler|Dire Claw|p2b: Floette\n|-activate|p2b: Floette|move: Protect\n|move|p1b: Milotic|Scald|p2a: Incineroar\n|-supereffective|p2a: Incineroar|1\n|-damage|p2a: Incineroar|0 fnt\n|faint|p2a: Incineroar\n|\n|-weather|none\n|-heal|p1b: Milotic|83/100|[from] item: Leftovers\n|-damage|p2b: Floette|43/100 brn|[from] brn\n|upkeep\n|\n|t:|1776271310\n|switch|p2a: Sinistcha|Sinistcha, L50|73/100\n|-heal|p2b: Floette|68/100 brn|[from] ability: Hospitality|[of] p2a: Sinistcha\n|turn|7\n|\n|t:|1776271338\n|move|p1a: Sneasler|Protect|p1a: Sneasler\n|-singleturn|p1a: Sneasler|Protect\n|move|p2b: Floette|Moonblast|p1a: Sneasler\n|-activate|p1a: Sneasler|move: Protect\n|move|p1b: Milotic|Ice Beam|p2a: Sinistcha\n|-supereffective|p2a: Sinistcha|1\n|-damage|p2a: Sinistcha|0 fnt\n|faint|p2a: Sinistcha\n|\n|-heal|p1b: Milotic|89/100|[from] item: Leftovers\n|-damage|p2b: Floette|62/100 brn|[from] brn\n|upkeep\n|\n|t:|1776271346\n|switch|p2a: Rotom|Rotom-Wash, L50|100/100\n|turn|8\n|\n|t:|1776271376\n|move|p2b: Floette|Protect|p2b: Floette\n|-singleturn|p2b: Floette|Protect\n|move|p1a: Sneasler|Close Combat|p2a: Rotom\n|-damage|p2a: Rotom|42/100\n|-unboost|p1a: Sneasler|def|1\n|-unboost|p1a: Sneasler|spd|1\n|-enditem|p2a: Rotom|Sitrus Berry|[eat]\n|-heal|p2a: Rotom|67/100|[from] item: Sitrus Berry\n|move|p2a: Rotom|Will-O-Wisp|p1a: Sneasler\n|-status|p1a: Sneasler|brn\n|move|p1b: Milotic|Scald|p2a: Rotom\n|-resisted|p2a: Rotom|1\n|-damage|p2a: Rotom|12/100\n|-status|p2a: Rotom|brn\n|\n|-heal|p1b: Milotic|95/100|[from] item: Leftovers\n|-damage|p1a: Sneasler|95/100 brn|[from] brn\n|-damage|p2b: Floette|57/100 brn|[from] brn\n|-damage|p2a: Rotom|6/100 brn|[from] brn\n|upkeep\n|turn|9\n|\n|t:|1776271400\n|move|p1b: Milotic|Protect|p1b: Milotic\n|-singleturn|p1b: Milotic|Protect\n|move|p1a: Sneasler|Dire Claw|p2b: Floette\n|-supereffective|p2b: Floette|1\n|-damage|p2b: Floette|20/100 brn\n|move|p2b: Floette|Dazzling Gleam|p1a: Sneasler|[spread] p1a\n|-activate|p1b: Milotic|move: Protect\n|-damage|p1a: Sneasler|0 fnt\n|faint|p1a: Sneasler\n|move|p2a: Rotom|Thunderbolt|p1b: Milotic\n|-activate|p1b: Milotic|move: Protect\n|\n|-heal|p1b: Milotic|100/100|[from] item: Leftovers\n|-damage|p2b: Floette|14/100 brn|[from] brn\n|-damage|p2a: Rotom|0 fnt|[from] brn\n|faint|p2a: Rotom\n|upkeep\n|turn|10\n|c|\u2606MaxiSilv|gg\n|\n|t:|1776271422\n|move|p2b: Floette|Moonblast|p1b: Milotic\n|-damage|p1b: Milotic|27/100\n|move|p1b: Milotic|Scald|p2b: Floette\n|-damage|p2b: Floette|0 fnt\n|faint|p2b: Floette\n|\n|win|taiils_x\n|raw|taiils_x's rating: 1165 &rarr; <strong>1188</strong><br />(+23 for winning)\n|raw|MaxiSilv's rating: 1138 &rarr; <strong>1115</strong><br />(-23 for losing)\n|c|\u2606taiils_x|gg\n",
  "uploadtime": 1776271423,
  "views": 28,
  "formatid": "gen9championsvgc2026regma",
  "rating": 1115,
  "private": 0,
  "password": null
}