{
  "id": "gen9championsvgc2026regma-2585420839",
  "format": "[Gen 9 Champions] VGC 2026 Reg M-A",
  "players": [
    "iansb310oct",
    "DeShawn Banks"
  ],
  "log": "|j|\u2606iansb310oct\n|j|\u2606DeShawn Banks\n|t:|1776346094\n|gametype|doubles\n|player|p1|iansb310oct|infielder|1054\n|player|p2|DeShawn Banks|archie-gen6|1118\n|gen|9\n|tier|[Gen 9 Champions] VGC 2026 Reg M-A\n|rated|\n|rule|Species Clause: Limit one of each Pok\u00e9mon\n|rule|Item Clause: Limit 1 of each item\n|clearpoke\n|poke|p1|Palafin, L50, F|\n|poke|p1|Hatterene, L50, F|\n|poke|p1|Rhyperior, L50, M|\n|poke|p1|Kingambit, L50, M|\n|poke|p1|Torkoal, L50, M|\n|poke|p1|Venusaur, L50, F|\n|poke|p2|Golurk, L50|\n|poke|p2|Farigiraf, L50, M|\n|poke|p2|Torkoal, L50, M|\n|poke|p2|Sneasler, L50, M|\n|poke|p2|Appletun, L50, F|\n|poke|p2|Incineroar, L50, M|\n|teampreview|4\n|\n|t:|1776346106\n|teamsize|p1|4\n|teamsize|p2|4\n|start\n|switch|p1a: Palafin|Palafin, L50, F|100/100\n|switch|p1b: Hatterene|Hatterene, L50, F|100/100\n|switch|p2a: Farigiraf|Farigiraf, L50, M, shiny|100/100\n|switch|p2b: Sneasler|Sneasler, L50, M|100/100\n|turn|1\n|\n|t:|1776346125\n|move|p2b: Sneasler|Fake Out|p1b: Hatterene\n|-damage|p1b: Hatterene|84/100\n|move|p1a: Palafin|Flip Turn|p2a: Farigiraf\n|-crit|p2a: Farigiraf\n|-damage|p2a: Farigiraf|66/100\n|inactive|Battle timer is ON: inactive players will automatically lose when time's up. (requested by DeShawn Banks)\n|\n|t:|1776346131\n|detailschange|p1a: Palafin|Palafin-Hero, L50, F\n|switch|p1a: Rhyperior|Rhyperior, L50, M|100/100|[from] Flip Turn\n|cant|p1b: Hatterene|flinch\n|move|p2a: Farigiraf|Trick Room|p2a: Farigiraf\n|-fieldstart|move: Trick Room|[of] p2a: Farigiraf\n|\n|-heal|p2a: Farigiraf|72/100|[from] item: Leftovers\n|upkeep\n|turn|2\n|\n|t:|1776346149\n|move|p1b: Hatterene|Psychic Noise|p2b: Sneasler\n|-supereffective|p2b: Sneasler|2\n|-damage|p2b: Sneasler|0 fnt\n|faint|p2b: Sneasler\n|move|p1a: Rhyperior|Megahorn|p2a: Farigiraf\n|-supereffective|p2a: Farigiraf|1\n|-damage|p2a: Farigiraf|0 fnt\n|faint|p2a: Farigiraf\n|\n|upkeep\n|\n|t:|1776346153\n|switch|p2a: Golurk|Golurk, L50, shiny|100/100\n|switch|p2b: Torkoal|Torkoal, L50, M, shiny|100/100\n|-weather|SunnyDay|[from] ability: Drought|[of] p2b: Torkoal\n|turn|3\n|\n|t:|1776346170\n|detailschange|p2a: Golurk|Golurk-Mega, L50, shiny\n|-mega|p2a: Golurk|Golurk|Golurkite\n|move|p2b: Torkoal|Solar Beam||[still]\n|-prepare|p2b: Torkoal|Solar Beam\n|-anim|p2b: Torkoal|Solar Beam|p1a: Rhyperior\n|-supereffective|p1a: Rhyperior|2\n|-damage|p1a: Rhyperior|0 fnt\n|faint|p1a: Rhyperior\n|move|p1b: Hatterene|Psychic Noise|p2a: Golurk\n|-damage|p2a: Golurk|62/100\n|-start|p2a: Golurk|move: Heal Block\n|move|p2a: Golurk|Poltergeist|p1b: Hatterene\n|-activate|p1b: Hatterene|move: Poltergeist|Focus Sash\n|-supereffective|p1b: Hatterene|1\n|-damage|p1b: Hatterene|0 fnt\n|faint|p1b: Hatterene\n|\n|-weather|SunnyDay|[upkeep]\n|upkeep\n|\n|t:|1776346187\n|switch|p1b: Kingambit|Kingambit, L50, M|100/100\n|switch|p1a: Palafin|Palafin-Hero, L50, F|100/100\n|-activate|p1b: Kingambit|ability: Supreme Overlord\n|-start|p1b: Kingambit|fallen2|[silent]\n|-activate|p1a: Palafin|ability: Zero to Hero\n|turn|4\n|\n|t:|1776346210\n|move|p1b: Kingambit|Sucker Punch|p2b: Torkoal\n|-damage|p2b: Torkoal|60/100\n|move|p1a: Palafin|Jet Punch|p2a: Golurk\n|-supereffective|p2a: Golurk|1\n|-damage|p2a: Golurk|30/100\n|move|p2b: Torkoal|Eruption|p1a: Palafin|[spread] p1a,p1b\n|-resisted|p1a: Palafin|1\n|-supereffective|p1b: Kingambit|1\n|-damage|p1a: Palafin|72/100\n|-damage|p1b: Kingambit|0 fnt\n|faint|p1b: Kingambit\n|-end|p1b: Kingambit|fallen2|[silent]\n|move|p2a: Golurk|Ice Punch|p1a: Palafin\n|-resisted|p1a: Palafin|1\n|-damage|p1a: Palafin|54/100\n|\n|-weather|SunnyDay|[upkeep]\n|-end|p2a: Golurk|move: Heal Block\n|upkeep\n|turn|5\n|\n|t:|1776346225\n|move|p1a: Palafin|Jet Punch|p2a: Golurk\n|-supereffective|p2a: Golurk|1\n|-damage|p2a: Golurk|0 fnt\n|faint|p2a: Golurk\n|move|p2b: Torkoal|Solar Beam||[still]\n|-prepare|p2b: Torkoal|Solar Beam\n|-anim|p2b: Torkoal|Solar Beam|p1a: Palafin\n|-supereffective|p1a: Palafin|1\n|-damage|p1a: Palafin|0 fnt\n|faint|p1a: Palafin\n|\n|win|DeShawn Banks\n|raw|iansb310oct's rating: 1054 &rarr; <strong>1039</strong><br />(-15 for losing)\n|raw|DeShawn Banks's rating: 1118 &rarr; <strong>1138</strong><br />(+20 for winning)\n|l|\u2606iansb310oct\n|player|p1|\n",
  "uploadtime": 1776346235,
  "views": 26,
  "formatid": "gen9championsvgc2026regma",
  "rating": 1039,
  "private": 0,
  "password": null
}