{
  "id": "gen9championsvgc2026regma-2587340011",
  "format": "[Gen 9 Champions] VGC 2026 Reg M-A",
  "players": [
    "bleedingjarl",
    "Tunderboltz"
  ],
  "log": "|j|\u2606bleedingjarl\n|j|\u2606Tunderboltz\n|t:|1776523489\n|gametype|doubles\n|player|p1|bleedingjarl|wallace|1000\n|player|p2|Tunderboltz|drayton|1000\n|gen|9\n|tier|[Gen 9 Champions] VGC 2026 Reg M-A\n|rated|\n|rule|Species Clause: Limit one of each Pok\u00e9mon\n|rule|Item Clause: Limit 1 of each item\n|clearpoke\n|poke|p1|Starmie, L50|\n|poke|p1|Pelipper, L50, M|\n|poke|p1|Farigiraf, L50, M|\n|poke|p1|Meganium, L50, F|\n|poke|p1|Heliolisk, L50, F|\n|poke|p1|Sneasler, L50, M|\n|poke|p2|Archaludon, L50, M|\n|poke|p2|Garchomp, L50, M|\n|poke|p2|Gardevoir, L50, F, shiny|\n|poke|p2|Tyranitar, L50, M|\n|poke|p2|Aegislash, L50, M|\n|poke|p2|Talonflame, L50, F|\n|teampreview|4\n|inactive|Battle timer is ON: inactive players will automatically lose when time's up. (requested by Tunderboltz)\n|c|\u2606Tunderboltz|glhf\n|inactive|bleedingjarl has 60 seconds left.\n|inactive|Tunderboltz has 60 seconds left.\n|\n|t:|1776523533\n|teamsize|p1|4\n|teamsize|p2|4\n|start\n|switch|p1a: Starmie|Starmie, L50|100/100\n|switch|p1b: Sneasler|Sneasler, L50, M|100/100\n|switch|p2a: Talonflame|Talonflame, L50, F|100/100\n|switch|p2b: Archaludon|Archaludon, L50, M|100/100\n|turn|1\n|inactive|bleedingjarl has 30 seconds left.\n|inactive|bleedingjarl has 20 seconds left.\n|inactive|bleedingjarl has 15 seconds left.\n|inactive|bleedingjarl has 10 seconds left.\n|\n|t:|1776523581\n|switch|p2b: Aegislash|Aegislash, L50, M|100/100\n|detailschange|p1a: Starmie|Starmie-Mega, L50\n|-mega|p1a: Starmie|Starmie|Starminite\n|move|p2a: Talonflame|Tailwind|p2a: Talonflame\n|-sidestart|p2: Tunderboltz|move: Tailwind\n|move|p1b: Sneasler|Coaching|p1a: Starmie\n|-boost|p1a: Starmie|atk|1\n|-boost|p1a: Starmie|def|1\n|move|p1a: Starmie|Flip Turn|p2a: Talonflame\n|-supereffective|p2a: Talonflame|1\n|-damage|p2a: Talonflame|0 fnt\n|faint|p2a: Talonflame\n|\n|t:|1776523605\n|switch|p1a: Pelipper|Pelipper, L50, M|100/100|[from] Flip Turn\n|-weather|RainDance|[from] ability: Drizzle|[of] p1a: Pelipper\n|\n|-weather|RainDance|[upkeep]\n|upkeep\n|\n|t:|1776523613\n|switch|p2a: Archaludon|Archaludon, L50, M|100/100\n|turn|2\n|\n|t:|1776523628\n|switch|p1b: Starmie|Starmie-Mega, L50|100/100\n|move|p2a: Archaludon|Electro Shot||[still]\n|-prepare|p2a: Archaludon|Electro Shot\n|-boost|p2a: Archaludon|spa|1\n|-anim|p2a: Archaludon|Electro Shot|p1a: Pelipper\n|-supereffective|p1a: Pelipper|2\n|-enditem|p1a: Pelipper|Focus Sash\n|-damage|p1a: Pelipper|1/100\n|-formechange|p2b: Aegislash|Aegislash-Blade|\n|move|p2b: Aegislash|Poltergeist|p1b: Starmie\n|-activate|p1b: Starmie|move: Poltergeist|Starminite\n|-supereffective|p1b: Starmie|1\n|-damage|p1b: Starmie|0 fnt\n|faint|p1b: Starmie\n|move|p1a: Pelipper|Tailwind|p1a: Pelipper\n|-sidestart|p1: bleedingjarl|move: Tailwind\n|\n|-weather|RainDance|[upkeep]\n|upkeep\n|\n|t:|1776523650\n|switch|p1b: Sneasler|Sneasler, L50, M|100/100\n|turn|3\n|\n|t:|1776523662\n|move|p1b: Sneasler|Fake Out|p2a: Archaludon\n|-resisted|p2a: Archaludon|1\n|-damage|p2a: Archaludon|95/100\n|-ability|p2a: Archaludon|Stamina|boost\n|-boost|p2a: Archaludon|def|1\n|move|p2b: Aegislash|Shadow Sneak|p1a: Pelipper\n|-damage|p1a: Pelipper|0 fnt\n|faint|p1a: Pelipper\n|cant|p2a: Archaludon|flinch\n|\n|-weather|RainDance|[upkeep]\n|upkeep\n|\n|t:|1776523673\n|switch|p1a: Meganium|Meganium, L50, F|100/100\n|turn|4\n|\n|t:|1776523689\n|-formechange|p2b: Aegislash|Aegislash|\n|move|p2b: Aegislash|King's Shield|p2b: Aegislash\n|-singleturn|p2b: Aegislash|Protect\n|move|p1b: Sneasler|Fake Out||[still]\n|-hint|Fake Out only works on your first turn out.\n|-fail|p1b: Sneasler\n|move|p2a: Archaludon|Flash Cannon|p1a: Meganium\n|-damage|p1a: Meganium|46/100\n|move|p1a: Meganium|Weather Ball|p2b: Aegislash\n|-activate|p2b: Aegislash|move: Protect\n|\n|-weather|RainDance|[upkeep]\n|-sideend|p2: Tunderboltz|move: Tailwind\n|upkeep\n|turn|5\n|-message|bleedingjarl forfeited.\n|\n|win|Tunderboltz\n|raw|bleedingjarl's rating: 1000 &rarr; <strong>1000</strong><br />(+0 for losing)\n|raw|Tunderboltz's rating: 1000 &rarr; <strong>1040</strong><br />(+40 for winning)\n|l|\u2606bleedingjarl\n|player|p1|\n",
  "uploadtime": 1776523697,
  "views": 20,
  "formatid": "gen9championsvgc2026regma",
  "rating": 1000,
  "private": 0,
  "password": null
}