{
  "id": "gen9championsvgc2026regma-2582803424",
  "format": "[Gen 9 Champions] VGC 2026 Reg M-A",
  "players": [
    "Ika_Shinobi",
    "Vgcproto"
  ],
  "log": "|j|\u2606Ika_Shinobi\n|j|\u2606Vgcproto\n|t:|1776115316\n|gametype|doubles\n|player|p1|Ika_Shinobi|shadowtriad|1342\n|player|p2|Vgcproto|2|1349\n|gen|9\n|tier|[Gen 9 Champions] VGC 2026 Reg M-A\n|rated|\n|rule|Species Clause: Limit one of each Pok\u00e9mon\n|rule|Item Clause: Limit 1 of each item\n|clearpoke\n|poke|p1|Gallade, L50, M|\n|poke|p1|Kingambit, L50, F|\n|poke|p1|Incineroar, L50, M|\n|poke|p1|Farigiraf, L50, F|\n|poke|p1|Gardevoir, L50, F|\n|poke|p1|Torkoal, L50, M|\n|poke|p2|Tyranitar, L50, M|\n|poke|p2|Excadrill, L50, M|\n|poke|p2|Kleavor, L50, F|\n|poke|p2|Corviknight, L50, M|\n|poke|p2|Rotom-Heat, L50|\n|poke|p2|Sinistcha, L50|\n|teampreview|4\n|j| plicious\n|\n|t:|1776115381\n|teamsize|p1|4\n|teamsize|p2|4\n|start\n|switch|p1a: Gallade|Gallade, L50, M|100/100\n|switch|p1b: Incineroar|Incineroar, L50, M|100/100\n|switch|p2a: Tyranitar|Tyranitar, L50, M|100/100\n|switch|p2b: Excadrill|Excadrill, L50, M|100/100\n|-weather|Sandstorm|[from] ability: Sand Stream|[of] p2a: Tyranitar\n|-ability|p1b: Incineroar|Intimidate|boost\n|-unboost|p2a: Tyranitar|atk|1\n|-unboost|p2b: Excadrill|atk|1\n|turn|1\n|inactive|Battle timer is ON: inactive players will automatically lose when time's up. (requested by Vgcproto)\n|\n|t:|1776115408\n|move|p2b: Excadrill|Protect|p2b: Excadrill\n|-singleturn|p2b: Excadrill|Protect\n|move|p2a: Tyranitar|Protect|p2a: Tyranitar\n|-singleturn|p2a: Tyranitar|Protect\n|move|p1b: Incineroar|Fake Out|p2b: Excadrill\n|-activate|p2b: Excadrill|move: Protect\n|move|p1a: Gallade|Sacred Sword|p2a: Tyranitar\n|-activate|p2a: Tyranitar|move: Protect\n|\n|-weather|Sandstorm|[upkeep]\n|-damage|p1a: Gallade|95/100|[from] Sandstorm\n|-damage|p1b: Incineroar|95/100|[from] Sandstorm\n|upkeep\n|turn|2\n|\n|t:|1776115432\n|switch|p2a: Corviknight|Corviknight, L50, M|100/100\n|move|p2b: Excadrill|Iron Head|p1a: Gallade\n|-damage|p1a: Gallade|56/100\n|move|p1a: Gallade|Sacred Sword|p2a: Corviknight\n|-damage|p2a: Corviknight|43/100\n|move|p1b: Incineroar|Flare Blitz|p2b: Excadrill\n|-supereffective|p2b: Excadrill|1\n|-enditem|p2b: Excadrill|Focus Sash\n|-damage|p2b: Excadrill|1/100\n|-damage|p1b: Incineroar|64/100|[from] Recoil\n|\n|-weather|Sandstorm|[upkeep]\n|-damage|p1a: Gallade|51/100|[from] Sandstorm\n|-damage|p1b: Incineroar|58/100|[from] Sandstorm\n|-heal|p2a: Corviknight|49/100|[from] item: Leftovers\n|upkeep\n|turn|3\n|inactive|Ika_Shinobi has 30 seconds left.\n|inactive|Ika_Shinobi has 20 seconds left.\n|inactive|Ika_Shinobi has 15 seconds left.\n|inactive|Ika_Shinobi has 10 seconds left.\n|\n|t:|1776115478\n|move|p1a: Gallade|Protect|p1a: Gallade\n|-singleturn|p1a: Gallade|Protect\n|move|p2b: Excadrill|High Horsepower|p1b: Incineroar|[miss]\n|-miss|p2b: Excadrill|p1b: Incineroar\n|move|p2a: Corviknight|Brave Bird|p1a: Gallade\n|-activate|p1a: Gallade|move: Protect\n|move|p1b: Incineroar|Flare Blitz|p2a: Corviknight\n|-supereffective|p2a: Corviknight|1\n|-damage|p2a: Corviknight|0 fnt\n|faint|p2a: Corviknight\n|-damage|p1b: Incineroar|42/100|[from] Recoil\n|-enditem|p1b: Incineroar|Sitrus Berry|[eat]\n|-heal|p1b: Incineroar|67/100|[from] item: Sitrus Berry\n|\n|-weather|Sandstorm|[upkeep]\n|-damage|p1a: Gallade|45/100|[from] Sandstorm\n|-damage|p1b: Incineroar|61/100|[from] Sandstorm\n|upkeep\n|\n|t:|1776115484\n|switch|p2a: Rotom|Rotom-Heat, L50|100/100\n|turn|4\n|\n|t:|1776115500\n|move|p2b: Excadrill|High Horsepower|p1b: Incineroar\n|-supereffective|p1b: Incineroar|1\n|-damage|p1b: Incineroar|6/100\n|move|p2a: Rotom|Thunderbolt|p1a: Gallade\n|-damage|p1a: Gallade|12/100\n|move|p1b: Incineroar|Flare Blitz|p2b: Excadrill\n|-supereffective|p2b: Excadrill|1\n|-damage|p2b: Excadrill|0 fnt\n|faint|p2b: Excadrill\n|-damage|p1b: Incineroar|6/100|[from] Recoil\n|move|p1a: Gallade|Trick Room|p1a: Gallade\n|-fieldstart|move: Trick Room|[of] p1a: Gallade\n|\n|-weather|Sandstorm|[upkeep]\n|-damage|p1b: Incineroar|0 fnt|[from] Sandstorm\n|-damage|p1a: Gallade|7/100|[from] Sandstorm\n|-damage|p2a: Rotom|95/100|[from] Sandstorm\n|faint|p1b: Incineroar\n|upkeep\n|\n|t:|1776115515\n|switch|p1b: Kingambit|Kingambit, L50, F|100/100\n|switch|p2b: Tyranitar|Tyranitar, L50, M|100/100\n|turn|5\n|inactive|Vgcproto has 30 seconds left.\n|inactive|Vgcproto has 20 seconds left.\n|inactive|Vgcproto has 15 seconds left.\n|inactive|Vgcproto has 10 seconds left.\n|\n|t:|1776115565\n|detailschange|p2b: Tyranitar|Tyranitar-Mega, L50, M\n|-mega|p2b: Tyranitar|Tyranitar|Tyranitarite\n|move|p1b: Kingambit|Iron Head|p2b: Tyranitar\n|-supereffective|p2b: Tyranitar|1\n|-damage|p2b: Tyranitar|43/100\n|move|p1a: Gallade|Sacred Sword|p2a: Rotom\n|-damage|p2a: Rotom|16/100\n|cant|p2b: Tyranitar|flinch\n|move|p2a: Rotom|Thunderbolt|p1a: Gallade\n|-damage|p1a: Gallade|0 fnt\n|faint|p1a: Gallade\n|\n|-weather|none\n|upkeep\n|\n|t:|1776115574\n|switch|p1a: Gardevoir|Gardevoir, L50, F|100/100\n|turn|6\n|\n|t:|1776115587\n|detailschange|p1a: Gardevoir|Gardevoir-Mega, L50, F\n|-mega|p1a: Gardevoir|Gardevoir|Gardevoirite\n|move|p1b: Kingambit|Kowtow Cleave|p2a: Rotom\n|-damage|p2a: Rotom|0 fnt\n|faint|p2a: Rotom\n|move|p2b: Tyranitar|Rock Slide|p1a: Gardevoir|[spread] p1a,p1b\n|-resisted|p1b: Kingambit|1\n|-damage|p1a: Gardevoir|59/100\n|-damage|p1b: Kingambit|86/100\n|cant|p1a: Gardevoir|flinch\n|\n|upkeep\n|turn|7\n|\n|t:|1776115599\n|move|p1b: Kingambit|Iron Head|p2b: Tyranitar\n|-supereffective|p2b: Tyranitar|1\n|-damage|p2b: Tyranitar|0 fnt\n|faint|p2b: Tyranitar\n|\n|win|Ika_Shinobi\n|raw|Ika_Shinobi's rating: 1342 &rarr; <strong>1362</strong><br />(+20 for winning)\n|raw|Vgcproto's rating: 1349 &rarr; <strong>1329</strong><br />(-20 for losing)\n",
  "uploadtime": 1776115604,
  "views": 25,
  "formatid": "gen9championsvgc2026regma",
  "rating": 1329,
  "private": 0,
  "password": null
}