{
  "id": "gen9championsvgc2026regma-2585109746",
  "format": "[Gen 9 Champions] VGC 2026 Reg M-A",
  "players": [
    "Papaya4us",
    "Chill Talis"
  ],
  "log": "|j|\u2606Papaya4us\n|j|\u2606Chill Talis\n|t:|1776312851\n|gametype|doubles\n|player|p1|Papaya4us|102|1039\n|player|p2|Chill Talis|dawn-gen4pt|1135\n|gen|9\n|tier|[Gen 9 Champions] VGC 2026 Reg M-A\n|rated|\n|rule|Species Clause: Limit one of each Pok\u00e9mon\n|rule|Item Clause: Limit 1 of each item\n|clearpoke\n|poke|p1|Gengar, L50, M|\n|poke|p1|Sableye, L50, F|\n|poke|p1|Sinistcha, L50|\n|poke|p1|Incineroar, L50, M|\n|poke|p1|Kingambit, L50, M|\n|poke|p1|Clefable, L50, M|\n|poke|p2|Incineroar, L50, M|\n|poke|p2|Torkoal, L50, M|\n|poke|p2|Farigiraf, L50, M|\n|poke|p2|Sneasler, L50, F|\n|poke|p2|Hatterene, L50, F|\n|poke|p2|Crabominable, L50, M|\n|teampreview|4\n|inactive|Battle timer is ON: inactive players will automatically lose when time's up. (requested by Chill Talis)\nPapaya4us rejected open team sheets.\n|inactive|Chill Talis has 60 seconds left.\n|\n|t:|1776312886\n|teamsize|p1|4\n|teamsize|p2|4\n|start\n|switch|p1a: Gengar|Gengar, L50, M, shiny|100/100\n|switch|p1b: Sableye|Sableye, L50, F|100/100\n|switch|p2a: Sneasler|Sneasler, L50, F|100/100\n|switch|p2b: Farigiraf|Farigiraf, L50, M|100/100\n|turn|1\n|\n|t:|1776312901\n|detailschange|p1a: Gengar|Gengar-Mega, L50, M, shiny\n|-mega|p1a: Gengar|Gengar|Gengarite\n|move|p1b: Sableye|Will-O-Wisp||[still]\n|cant|p2b: Farigiraf|ability: Armor Tail|Will-O-Wisp|[of] p1b: Sableye\n|move|p1a: Gengar|Perish Song|p1a: Gengar\n|-start|p1a: Gengar|perish3|[silent]\n|-start|p1b: Sableye|perish3|[silent]\n|-start|p2a: Sneasler|perish3|[silent]\n|-start|p2b: Farigiraf|perish3|[silent]\n|-fieldactivate|move: Perish Song\n|move|p2a: Sneasler|Dire Claw|p1a: Gengar\n|-resisted|p1a: Gengar|2\n|-damage|p1a: Gengar|87/100\n|move|p2b: Farigiraf|Trick Room|p2b: Farigiraf\n|-fieldstart|move: Trick Room|[of] p2b: Farigiraf\n|\n|-start|p1b: Sableye|perish3\n|-start|p2b: Farigiraf|perish3\n|-start|p2a: Sneasler|perish3\n|-start|p1a: Gengar|perish3\n|upkeep\n|turn|2\n|inactive|Chill Talis has 30 seconds left.\n|\n|t:|1776312928\n|move|p1a: Gengar|Protect|p1a: Gengar\n|-singleturn|p1a: Gengar|Protect\n|move|p1b: Sableye|Foul Play|p2a: Sneasler\n|-resisted|p2a: Sneasler|1\n|-damage|p2a: Sneasler|57/100\n|move|p2b: Farigiraf|Expanding Force|p1a: Gengar\n|-activate|p1a: Gengar|move: Protect\n|move|p2a: Sneasler|Rock Slide|p1a: Gengar|[spread] p1b\n|-activate|p1a: Gengar|move: Protect\n|-damage|p1b: Sableye|71/100\n|\n|-start|p1b: Sableye|perish2\n|-start|p2b: Farigiraf|perish2\n|-start|p2a: Sneasler|perish2\n|-start|p1a: Gengar|perish2\n|upkeep\n|turn|3\n|inactive|Papaya4us has 30 seconds left.\n|\n|t:|1776312954\n|move|p1b: Sableye|Foul Play|p2a: Sneasler\n|-resisted|p2a: Sneasler|1\n|-damage|p2a: Sneasler|6/100\n|move|p2b: Farigiraf|Expanding Force|p1a: Gengar\n|-supereffective|p1a: Gengar|1\n|-damage|p1a: Gengar|0 fnt\n|faint|p1a: Gengar\n|move|p2a: Sneasler|Rock Slide|p1b: Sableye\n|-damage|p1b: Sableye|36/100\n|\n|-start|p1b: Sableye|perish1\n|-start|p2b: Farigiraf|perish1\n|-start|p2a: Sneasler|perish1\n|upkeep\n|\n|t:|1776312973\n|switch|p1a: Kingambit|Kingambit, L50, M|100/100\n|turn|4\n|\n|t:|1776312996\n|switch|p1b: Sinistcha|Sinistcha, L50|100/100\n|switch|p2a: Crabominable|Crabominable, L50, M|100/100\n|move|p1a: Kingambit|Kowtow Cleave|p2b: Farigiraf\n|-supereffective|p2b: Farigiraf|1\n|-damage|p2b: Farigiraf|0 fnt\n|faint|p2b: Farigiraf\n|\n|upkeep\n|\n|t:|1776313005\n|switch|p2b: Hatterene|Hatterene, L50, F|100/100\n|turn|5\n|\n|t:|1776313020\n|detailschange|p2a: Crabominable|Crabominable-Mega, L50, M\n|-mega|p2a: Crabominable|Crabominable|Crabominite\n|move|p2b: Hatterene|Protect|p2b: Hatterene\n|-singleturn|p2b: Hatterene|Protect\n|move|p1b: Sinistcha|Rage Powder|p1b: Sinistcha\n|-singleturn|p1b: Sinistcha|move: Rage Powder\n|move|p2a: Crabominable|Ice Hammer|p1b: Sinistcha\n|-supereffective|p1b: Sinistcha|1\n|-enditem|p1b: Sinistcha|Focus Sash\n|-damage|p1b: Sinistcha|1/100\n|-unboost|p2a: Crabominable|spe|1\n|move|p1a: Kingambit|Kowtow Cleave|p2b: Hatterene\n|-activate|p2b: Hatterene|move: Protect\n|\n|-fieldend|move: Trick Room\n|upkeep\n|turn|6\n|\n|t:|1776313039\n|move|p2a: Crabominable|Wide Guard|p2a: Crabominable\n|-singleturn|p2a: Crabominable|Wide Guard\n|move|p1b: Sinistcha|Rage Powder|p1b: Sinistcha\n|-singleturn|p1b: Sinistcha|move: Rage Powder\n|move|p1a: Kingambit|Kowtow Cleave|p2b: Hatterene\n|-damage|p2b: Hatterene|47/100\n|move|p2b: Hatterene|Trick Room|p2b: Hatterene\n|-fieldstart|move: Trick Room|[of] p2b: Hatterene\n|\n|upkeep\n|turn|7\n|\n|t:|1776313057\n|switch|p2a: Sneasler|Sneasler, L50, F|6/100\n|move|p2b: Hatterene|Dazzling Gleam|p1b: Sinistcha|[spread] p1a,p1b\n|-damage|p1a: Kingambit|64/100\n|-damage|p1b: Sinistcha|0 fnt\n|faint|p1b: Sinistcha\n|move|p1a: Kingambit|Kowtow Cleave|p2b: Hatterene\n|-damage|p2b: Hatterene|0 fnt\n|faint|p2b: Hatterene\n|\n|upkeep\n|\n|t:|1776313066\n|switch|p2b: Crabominable|Crabominable-Mega, L50, M|100/100\n|switch|p1b: Sableye|Sableye, L50, F|36/100\n|turn|8\n|inactive|Papaya4us has 30 seconds left.\n|\n|t:|1776313095\n|move|p1a: Kingambit|Protect|p1a: Kingambit\n|-singleturn|p1a: Kingambit|Protect\n|move|p2a: Sneasler|Fake Out|p1a: Kingambit\n|-activate|p1a: Kingambit|move: Protect\n|move|p1b: Sableye|Will-O-Wisp|p2b: Crabominable\n|-status|p2b: Crabominable|brn\n|move|p2b: Crabominable|Ice Hammer|p1b: Sableye\n|-damage|p1b: Sableye|0 fnt\n|-unboost|p2b: Crabominable|spe|1\n|faint|p1b: Sableye\n|\n|-damage|p2b: Crabominable|95/100 brn|[from] brn\n|upkeep\n|turn|9\n|\n|t:|1776313110\n|move|p1a: Kingambit|Sucker Punch|p2a: Sneasler\n|-resisted|p2a: Sneasler|1\n|-damage|p2a: Sneasler|0 fnt\n|faint|p2a: Sneasler\n|move|p2b: Crabominable|Drain Punch|p1a: Kingambit\n|-supereffective|p1a: Kingambit|2\n|-enditem|p1a: Kingambit|Chople Berry|[eat]\n|-enditem|p1a: Kingambit|Chople Berry|[weaken]\n|-damage|p1a: Kingambit|17/100\n|-heal|p2b: Crabominable|100/100 brn|[from] drain|[of] p1a: Kingambit\n|\n|-damage|p2b: Crabominable|95/100 brn|[from] brn\n|upkeep\n|turn|10\n|\n|t:|1776313122\n|move|p1a: Kingambit|Protect|p1a: Kingambit\n|-singleturn|p1a: Kingambit|Protect\n|move|p2b: Crabominable|Drain Punch|p1a: Kingambit\n|-activate|p1a: Kingambit|move: Protect\n|\n|-damage|p2b: Crabominable|89/100 brn|[from] brn\n|-fieldend|move: Trick Room\n|upkeep\n|turn|11\n|\n|t:|1776313139\n|move|p1a: Kingambit|Iron Head|p2b: Crabominable\n|-supereffective|p2b: Crabominable|1\n|-damage|p2b: Crabominable|17/100 brn\n|move|p2b: Crabominable|Drain Punch|p1a: Kingambit\n|-supereffective|p1a: Kingambit|2\n|-damage|p1a: Kingambit|0 fnt\n|-heal|p2b: Crabominable|26/100 brn|[from] drain|[of] p1a: Kingambit\n|faint|p1a: Kingambit\n|\n|win|Chill Talis\n|raw|Papaya4us's rating: 1039 &rarr; <strong>1027</strong><br />(-12 for losing)\n|raw|Chill Talis's rating: 1135 &rarr; <strong>1153</strong><br />(+18 for winning)\n",
  "uploadtime": 1776313147,
  "views": 18,
  "formatid": "gen9championsvgc2026regma",
  "rating": 1027,
  "private": 0,
  "password": null
}