{
  "id": "gen9championsvgc2026regma-2583790020",
  "format": "[Gen 9 Champions] VGC 2026 Reg M-A",
  "players": [
    "poopsled",
    "4564564561231a"
  ],
  "log": "|j|\u2606poopsled\n|j|\u26064564564561231a\n|t:|1776197879\n|gametype|doubles\n|player|p1|poopsled|266|1019\n|player|p2|4564564561231a|2|1041\n|gen|9\n|tier|[Gen 9 Champions] VGC 2026 Reg M-A\n|rated|\n|rule|Species Clause: Limit one of each Pok\u00e9mon\n|rule|Item Clause: Limit 1 of each item\n|clearpoke\n|poke|p1|Aerodactyl, L50, M|\n|poke|p1|Aggron, L50, M|\n|poke|p1|Sneasler, L50, M|\n|poke|p1|Tyranitar, L50, F|\n|poke|p1|Sinistcha, L50|\n|poke|p1|Hydreigon, L50, M|\n|poke|p2|Pelipper, L50, M|\n|poke|p2|Archaludon, L50, F|\n|poke|p2|Dragonite, L50, M|\n|poke|p2|Basculegion, L50, M|\n|poke|p2|Rotom-Mow, L50|\n|poke|p2|Tauros-Paldea-Blaze, L50, M|\n|teampreview|4\n|\n|t:|1776197934\n|teamsize|p1|4\n|teamsize|p2|4\n|start\n|switch|p1a: Sneasler|Sneasler, L50, M, shiny|100/100\n|switch|p1b: Aerodactyl|Aerodactyl, L50, M, shiny|100/100\n|switch|p2a: Tauros|Tauros-Paldea-Blaze, L50, M|100/100\n|switch|p2b: Rotom|Rotom-Mow, L50|100/100\n|-ability|p1b: Aerodactyl|Unnerve\n|-ability|p2a: Tauros|Intimidate|boost\n|-unboost|p1a: Sneasler|atk|1\n|-unboost|p1b: Aerodactyl|atk|1\n|-enditem|p1a: Sneasler|White Herb\n|-clearnegativeboost|p1a: Sneasler|[silent]\n|turn|1\n|\n|t:|1776197959\n|detailschange|p1b: Aerodactyl|Aerodactyl-Mega, L50, M, shiny\n|-mega|p1b: Aerodactyl|Aerodactyl|Aerodactylite\n|move|p1a: Sneasler|Fake Out|p2a: Tauros\n|-damage|p2a: Tauros|87/100\n|move|p1b: Aerodactyl|Dual Wingbeat|p2b: Rotom\n|-damage|p2b: Rotom|76/100\n|-damage|p2b: Rotom|54/100\n|-hitcount|p2b: Rotom|2\n|move|p2b: Rotom|Will-O-Wisp|p1b: Aerodactyl\n|-status|p1b: Aerodactyl|brn\n|cant|p2a: Tauros|flinch\n|\n|-damage|p1b: Aerodactyl|95/100 brn|[from] brn\n|upkeep\n|turn|2\n|\n|t:|1776197986\n|switch|p2b: Pelipper|Pelipper, L50, M|100/100\n|-weather|RainDance|[from] ability: Drizzle|[of] p2b: Pelipper\n|move|p1a: Sneasler|Coaching|p1b: Aerodactyl\n|-boost|p1b: Aerodactyl|atk|1\n|-boost|p1b: Aerodactyl|def|1\n|move|p1b: Aerodactyl|Dual Wingbeat|p2a: Tauros\n|-supereffective|p2a: Tauros|1\n|-damage|p2a: Tauros|59/100\n|-supereffective|p2a: Tauros|1\n|-damage|p2a: Tauros|35/100\n|-hitcount|p2a: Tauros|2\n|move|p2a: Tauros|Stomping Tantrum|p1a: Sneasler\n|-supereffective|p1a: Sneasler|1\n|-damage|p1a: Sneasler|0 fnt\n|faint|p1a: Sneasler\n|\n|-weather|RainDance|[upkeep]\n|-damage|p1b: Aerodactyl|89/100 brn|[from] brn\n|upkeep\n|\n|t:|1776198003\n|switch|p1a: Sinistcha|Sinistcha, L50|100/100\n|-heal|p1b: Aerodactyl|100/100 brn|[from] ability: Hospitality|[of] p1a: Sinistcha\n|turn|3\n|\n|t:|1776198013\n|move|p1a: Sinistcha|Rage Powder|p1a: Sinistcha\n|-singleturn|p1a: Sinistcha|move: Rage Powder\n|move|p1b: Aerodactyl|Rock Slide|p2a: Tauros|[spread] p2a,p2b\n|-supereffective|p2b: Pelipper|1\n|-damage|p2a: Tauros|20/100\n|-damage|p2b: Pelipper|72/100\n|move|p2a: Tauros|Raging Bull|p1a: Sinistcha\n|-supereffective|p1a: Sinistcha|1\n|-enditem|p1a: Sinistcha|Occa Berry|[eat]\n|-enditem|p1a: Sinistcha|Occa Berry|[weaken]\n|-damage|p1a: Sinistcha|80/100\n|move|p2b: Pelipper|Weather Ball|p1a: Sinistcha\n|-resisted|p1a: Sinistcha|1\n|-crit|p1a: Sinistcha\n|-damage|p1a: Sinistcha|38/100\n|\n|-weather|RainDance|[upkeep]\n|-damage|p1b: Aerodactyl|95/100 brn|[from] brn\n|upkeep\n|turn|4\n|\n|t:|1776198030\n|move|p1b: Aerodactyl|Rock Slide|p2a: Tauros|[spread] p2a,p2b\n|-supereffective|p2b: Pelipper|1\n|-damage|p2a: Tauros|7/100\n|-damage|p2b: Pelipper|46/100\n|cant|p2a: Tauros|flinch\n|move|p1a: Sinistcha|Life Dew|p1a: Sinistcha|[spread] p1a,p1b\n|-heal|p1a: Sinistcha|63/100\n|-heal|p1b: Aerodactyl|100/100 brn\n|cant|p2b: Pelipper|flinch\n|\n|-weather|RainDance|[upkeep]\n|-damage|p1b: Aerodactyl|95/100 brn|[from] brn\n|upkeep\n|turn|5\n|\n|t:|1776198046\n|move|p1b: Aerodactyl|Rock Slide|p2a: Tauros|[spread] p2a,p2b\n|-supereffective|p2b: Pelipper|1\n|-damage|p2a: Tauros|0 fnt\n|-damage|p2b: Pelipper|19/100\n|faint|p2a: Tauros\n|move|p1a: Sinistcha|Life Dew|p1a: Sinistcha|[spread] p1a,p1b\n|-heal|p1a: Sinistcha|89/100\n|-heal|p1b: Aerodactyl|100/100 brn\n|move|p2b: Pelipper|Hurricane|p1a: Sinistcha\n|-supereffective|p1a: Sinistcha|1\n|-damage|p1a: Sinistcha|4/100\n|\n|-weather|RainDance|[upkeep]\n|-damage|p1b: Aerodactyl|95/100 brn|[from] brn\n|upkeep\n|\n|t:|1776198052\n|switch|p2a: Rotom|Rotom-Mow, L50|54/100\n|turn|6\n|\n|t:|1776198072\n|move|p1b: Aerodactyl|Ice Fang|p2a: Rotom\n|-supereffective|p2a: Rotom|1\n|-damage|p2a: Rotom|20/100\n|move|p2a: Rotom|Thunderbolt|p1b: Aerodactyl\n|-supereffective|p1b: Aerodactyl|1\n|-damage|p1b: Aerodactyl|0 fnt\n|faint|p1b: Aerodactyl\n|move|p1a: Sinistcha|Matcha Gotcha|p2a: Rotom|[spread] p2a,p2b\n|-resisted|p2a: Rotom|1\n|-damage|p2a: Rotom|5/100\n|-heal|p1a: Sinistcha|11/100|[from] drain|[of] p2a: Rotom\n|-damage|p2b: Pelipper|0 fnt\n|-heal|p1a: Sinistcha|18/100|[from] drain|[of] p2b: Pelipper\n|faint|p2b: Pelipper\n|\n|-weather|none\n|upkeep\n|\n|t:|1776198087\n|switch|p1b: Aggron|Aggron, L50, M, shiny|100/100\n|switch|p2b: Basculegion|Basculegion, L50, M|100/100\n|turn|7\n|\n|t:|1776198098\n|move|p1a: Sinistcha|Rage Powder|p1a: Sinistcha\n|-singleturn|p1a: Sinistcha|move: Rage Powder\n|move|p2b: Basculegion|Last Respects|p1a: Sinistcha\n|-supereffective|p1a: Sinistcha|1\n|-damage|p1a: Sinistcha|0 fnt\n|faint|p1a: Sinistcha\n|move|p2a: Rotom|Will-O-Wisp|p1b: Aggron\n|-status|p1b: Aggron|brn\n|move|p1b: Aggron|Iron Defense|p1b: Aggron\n|-boost|p1b: Aggron|def|2\n|\n|-damage|p1b: Aggron|95/100 brn|[from] brn\n|upkeep\n|turn|8\n|\n|t:|1776198116\n|move|p2b: Basculegion|Last Respects|p1b: Aggron\n|-damage|p1b: Aggron|66/100 brn\n|move|p2a: Rotom|Thunderbolt|p1b: Aggron\n|-damage|p1b: Aggron|21/100 brn\n|move|p1b: Aggron|Heavy Slam|p2a: Rotom\n|-resisted|p2a: Rotom|1\n|-damage|p2a: Rotom|0 fnt\n|faint|p2a: Rotom\n|\n|-damage|p1b: Aggron|15/100 brn|[from] brn\n|upkeep\n|turn|9\n|-message|poopsled forfeited.\n|\n|win|4564564561231a\n|raw|poopsled's rating: 1019 &rarr; <strong>1007</strong><br />(-12 for losing)\n|raw|4564564561231a's rating: 1041 &rarr; <strong>1073</strong><br />(+32 for winning)\n|l|\u2606poopsled\n|player|p1|\n",
  "uploadtime": 1776198162,
  "views": 20,
  "formatid": "gen9championsvgc2026regma",
  "rating": 1007,
  "private": 0,
  "password": null
}