{
  "id": "gen9championsvgc2026regma-2586699351",
  "format": "[Gen 9 Champions] VGC 2026 Reg M-A",
  "players": [
    "Vizsla_falconer",
    "alexwindigo"
  ],
  "log": "|j|\u2606Vizsla_falconer\n|j|\u2606alexwindigo\n|t:|1776453127\n|gametype|doubles\n|player|p1|Vizsla_falconer|265|1125\n|player|p2|alexwindigo|265|1070\n|gen|9\n|tier|[Gen 9 Champions] VGC 2026 Reg M-A\n|rated|\n|rule|Species Clause: Limit one of each Pok\u00e9mon\n|rule|Item Clause: Limit 1 of each item\n|clearpoke\n|poke|p1|Excadrill, L50, F|\n|poke|p1|Tyranitar, L50, M|\n|poke|p1|Orthworm, L50, F|\n|poke|p1|Sinistcha, L50|\n|poke|p1|Delphox, L50, F|\n|poke|p1|Vivillon, L50, M|\n|poke|p2|Sableye, L50, F|\n|poke|p2|Gengar, L50, M|\n|poke|p2|Sinistcha-Masterpiece, L50|\n|poke|p2|Clefable, L50, F|\n|poke|p2|Incineroar, L50, M|\n|poke|p2|Medicham, L50, M|\n|teampreview|4\n|inactive|Battle timer is ON: inactive players will automatically lose when time's up. (requested by alexwindigo)\nalexwindigo rejected open team sheets.\n|c|\u2606alexwindigo|glhf\n|\n|t:|1776453191\n|teamsize|p1|4\n|teamsize|p2|4\n|start\n|switch|p1a: Tyranitar|Tyranitar, L50, M|100/100\n|switch|p1b: Excadrill|Excadrill, L50, F|100/100\n|switch|p2a: Gengar|Gengar, L50, M|100/100\n|switch|p2b: Sinistcha|Sinistcha-Masterpiece, L50|100/100\n|-weather|Sandstorm|[from] ability: Sand Stream|[of] p1a: Tyranitar\n|turn|1\n|inactive|Vizsla_falconer has 30 seconds left.\n|\n|t:|1776453224\n|detailschange|p2a: Gengar|Gengar-Mega, L50, M\n|-mega|p2a: Gengar|Gengar|Gengarite\n|move|p2b: Sinistcha|Rage Powder|p2b: Sinistcha\n|-singleturn|p2b: Sinistcha|move: Rage Powder\n|move|p1b: Excadrill|Rock Slide|p2b: Sinistcha|[spread] p2a,p2b\n|-damage|p2a: Gengar|71/100\n|-damage|p2b: Sinistcha|80/100\n|cant|p2a: Gengar|flinch\n|move|p1a: Tyranitar|Crunch|p2b: Sinistcha\n|-supereffective|p2b: Sinistcha|1\n|-damage|p2b: Sinistcha|3/100\n|\n|-weather|Sandstorm|[upkeep]\n|-damage|p2a: Gengar|65/100|[from] Sandstorm\n|-damage|p2b: Sinistcha|0 fnt|[from] Sandstorm\n|faint|p2b: Sinistcha\n|upkeep\n|\n|t:|1776453237\n|switch|p2b: Sableye|Sableye, L50, F|100/100\n|turn|2\n|\n|t:|1776453250\n|move|p1b: Excadrill|Protect|p1b: Excadrill\n|-singleturn|p1b: Excadrill|Protect\n|move|p2b: Sableye|Fake Out|p1b: Excadrill\n|-activate|p1b: Excadrill|move: Protect\n|move|p2a: Gengar|Perish Song|p2a: Gengar\n|-start|p1a: Tyranitar|perish3|[silent]\n|-start|p1b: Excadrill|perish3|[silent]\n|-start|p2a: Gengar|perish3|[silent]\n|-start|p2b: Sableye|perish3|[silent]\n|-fieldactivate|move: Perish Song\n|move|p1a: Tyranitar|Crunch|p2a: Gengar\n|-supereffective|p2a: Gengar|1\n|-damage|p2a: Gengar|0 fnt\n|faint|p2a: Gengar\n|\n|-weather|Sandstorm|[upkeep]\n|-damage|p2b: Sableye|95/100|[from] Sandstorm\n|-start|p1b: Excadrill|perish3\n|-start|p1a: Tyranitar|perish3\n|-start|p2b: Sableye|perish3\n|upkeep\n|\n|t:|1776453259\n|switch|p2a: Incineroar|Incineroar, L50, M|100/100\n|-ability|p2a: Incineroar|Intimidate|boost\n|-unboost|p1a: Tyranitar|atk|1\n|-unboost|p1b: Excadrill|atk|1\n|turn|3\n|\n|t:|1776453280\n|switch|p1b: Vivillon|Vivillon, L50, M|100/100\n|move|p2b: Sableye|Encore||[still]\n|-fail|p2b: Sableye\n|move|p1a: Tyranitar|Rock Slide|p2a: Incineroar|[spread] p2a,p2b\n|-supereffective|p2a: Incineroar|1\n|-damage|p2a: Incineroar|64/100\n|-damage|p2b: Sableye|73/100\n|move|p2a: Incineroar|Flare Blitz|p1b: Vivillon\n|-supereffective|p1b: Vivillon|1\n|-damage|p1b: Vivillon|0 fnt\n|faint|p1b: Vivillon\n|-damage|p2a: Incineroar|28/100|[from] Recoil\n|\n|-weather|Sandstorm|[upkeep]\n|-damage|p2a: Incineroar|22/100|[from] Sandstorm\n|-damage|p2b: Sableye|67/100|[from] Sandstorm\n|-start|p1a: Tyranitar|perish2\n|-start|p2b: Sableye|perish2\n|upkeep\n|\n|t:|1776453301\n|switch|p1b: Excadrill|Excadrill, L50, F|100/100\n|turn|4\n|\n|t:|1776453317\n|move|p1a: Tyranitar|Protect|p1a: Tyranitar\n|-singleturn|p1a: Tyranitar|Protect\n|move|p2b: Sableye|Disable|p1a: Tyranitar\n|-activate|p1a: Tyranitar|move: Protect\n|move|p1b: Excadrill|Earthquake|p2b: Sableye|[spread] p2a,p2b\n|-activate|p1a: Tyranitar|move: Protect\n|-supereffective|p2a: Incineroar|1\n|-damage|p2a: Incineroar|0 fnt\n|-damage|p2b: Sableye|11/100\n|faint|p2a: Incineroar\n|\n|-weather|Sandstorm|[upkeep]\n|-damage|p2b: Sableye|5/100|[from] Sandstorm\n|-start|p1a: Tyranitar|perish1\n|-start|p2b: Sableye|perish1\n|upkeep\n|turn|5\n|-message|alexwindigo forfeited.\n|\n|win|Vizsla_falconer\n|raw|Vizsla_falconer's rating: 1125 &rarr; <strong>1146</strong><br />(+21 for winning)\n|raw|alexwindigo's rating: 1070 &rarr; <strong>1053</strong><br />(-17 for losing)\n|l|\u2606alexwindigo\n|player|p2|\n",
  "uploadtime": 1776453341,
  "views": 41,
  "formatid": "gen9championsvgc2026regma",
  "rating": 1053,
  "private": 0,
  "password": null
}