{
  "id": "gen9championsvgc2026regma-2586086967",
  "format": "[Gen 9 Champions] VGC 2026 Reg M-A",
  "players": [
    "Blank_Playe_pract",
    "CaveoD"
  ],
  "log": "|j|\u2606Blank_Playe_pract\n|j|\u2606CaveoD\n|t:|1776397545\n|gametype|doubles\n|player|p1|Blank_Playe_pract|1|1088\n|player|p2|CaveoD|ethan|1075\n|gen|9\n|tier|[Gen 9 Champions] VGC 2026 Reg M-A\n|rated|\n|rule|Species Clause: Limit one of each Pok\u00e9mon\n|rule|Item Clause: Limit 1 of each item\n|clearpoke\n|poke|p1|Delphox, L50, F|\n|poke|p1|Torkoal, L50, M|\n|poke|p1|Aerodactyl, L50, M|\n|poke|p1|Weavile, L50, F|\n|poke|p1|Volcarona, L50, F|\n|poke|p1|Incineroar, L50, M|\n|poke|p2|Meganium, L50, F|\n|poke|p2|Aerodactyl, L50, F|\n|poke|p2|Feraligatr, L50, M|\n|poke|p2|Salazzle, L50, F|\n|poke|p2|Krookodile, L50, M|\n|poke|p2|Archaludon, L50, F|\n|teampreview|4\n|inactive|Battle timer is ON: inactive players will automatically lose when time's up. (requested by CaveoD)\n|inactive|Blank_Playe_pract also wants the timer to be on.\n|inactive|Blank_Playe_pract has 60 seconds left.\n|inactive|CaveoD has 60 seconds left.\n|inactive|CaveoD has 30 seconds left.\n|inactive|CaveoD has 20 seconds left.\n|inactive|CaveoD has 15 seconds left.\n|inactive|Blank_Playe_pract has 30 seconds left.\n|\n|t:|1776397637\n|teamsize|p1|4\n|teamsize|p2|4\n|start\n|switch|p1a: Delphox|Delphox, L50, F|100/100\n|switch|p1b: Torkoal|Torkoal, L50, M|100/100\n|switch|p2a: Dinosaurus|Krookodile, L50, M|100/100\n|switch|p2b: Don Pteranodon|Aerodactyl, L50, F|100/100\n|-ability|p2b: Don Pteranodon|Unnerve\n|-ability|p2a: Dinosaurus|Intimidate|boost\n|-unboost|p1a: Delphox|atk|1\n|-unboost|p1b: Torkoal|atk|1\n|-weather|SunnyDay|[from] ability: Drought|[of] p1b: Torkoal\n|turn|1\n|\n|t:|1776397646\n|detailschange|p1a: Delphox|Delphox-Mega, L50, F\n|-mega|p1a: Delphox|Delphox|Delphoxite\n|move|p1b: Torkoal|Helping Hand|p1a: Delphox\n|-singleturn|p1a: Delphox|Helping Hand|[of] p1b: Torkoal\n|move|p2a: Dinosaurus|Earthquake|p1a: Delphox|[spread] p1b\n|-immune|p2b: Don Pteranodon\n|-immune|p1a: Delphox|[from] ability: Levitate\n|-supereffective|p1b: Torkoal|1\n|-damage|p1b: Torkoal|53/100\n|move|p1a: Delphox|Heat Wave|p2b: Don Pteranodon|[spread] p2a,p2b\n|-resisted|p2b: Don Pteranodon|1\n|-damage|p2a: Dinosaurus|0 fnt\n|-damage|p2b: Don Pteranodon|33/100\n|faint|p2a: Dinosaurus\n|move|p2b: Don Pteranodon|Tailwind|p2b: Don Pteranodon\n|-sidestart|p2: CaveoD|move: Tailwind\n|\n|-weather|SunnyDay|[upkeep]\n|upkeep\n|\n|t:|1776397658\n|switch|p2a: Major Gator|Feraligatr, L50, M|100/100\n|turn|2\n|\n|t:|1776397673\n|detailschange|p2a: Major Gator|Feraligatr-Mega, L50, M\n|-mega|p2a: Major Gator|Feraligatr|Feraligite\n|move|p2b: Don Pteranodon|Rock Slide|p1a: Delphox|[spread] p1a\n|-miss|p2b: Don Pteranodon|p1b: Torkoal\n|-supereffective|p1a: Delphox|1\n|-damage|p1a: Delphox|20/100\n|move|p2a: Major Gator|Dragon Dance|p2a: Major Gator\n|-boost|p2a: Major Gator|atk|1\n|-boost|p2a: Major Gator|spe|1\n|move|p1a: Delphox|Heat Wave|p2a: Major Gator|[spread] p2b\n|-miss|p1a: Delphox|p2a: Major Gator\n|-resisted|p2b: Don Pteranodon|1\n|-damage|p2b: Don Pteranodon|0 fnt\n|faint|p2b: Don Pteranodon\n|move|p1b: Torkoal|Lava Plume|p2a: Major Gator|[spread] p1a,p2a\n|-resisted|p1a: Delphox|1\n|-resisted|p2a: Major Gator|2\n|-damage|p1a: Delphox|6/100\n|-damage|p2a: Major Gator|94/100\n|-status|p2a: Major Gator|brn\n|\n|-weather|SunnyDay|[upkeep]\n|-damage|p2a: Major Gator|87/100 brn|[from] brn\n|upkeep\n|\n|t:|1776397686\n|switch|p2b: Max Steel|Archaludon, L50, F|100/100\n|turn|3\n|\n|t:|1776397707\n|move|p1a: Delphox|Protect|p1a: Delphox\n|-singleturn|p1a: Delphox|Protect\n|move|p2a: Major Gator|Liquidation|p1b: Torkoal\n|-supereffective|p1b: Torkoal|1\n|-crit|p1b: Torkoal\n|-damage|p1b: Torkoal|15/100\n|-enditem|p1b: Torkoal|Sitrus Berry|[eat]\n|-heal|p1b: Torkoal|40/100|[from] item: Sitrus Berry\n|move|p2b: Max Steel|Flash Cannon|p1a: Delphox\n|-activate|p1a: Delphox|move: Protect\n|move|p1b: Torkoal|Body Press|p2b: Max Steel\n|-supereffective|p2b: Max Steel|1\n|-damage|p2b: Max Steel|53/100\n|-ability|p2b: Max Steel|Stamina|boost\n|-boost|p2b: Max Steel|def|1\n|\n|-weather|SunnyDay|[upkeep]\n|-damage|p2a: Major Gator|81/100 brn|[from] brn\n|upkeep\n|turn|4\n|\n|t:|1776397732\n|switch|p1a: Weavile|Weavile, L50, F|100/100\n|move|p2a: Major Gator|Liquidation|p1a: Weavile\n|-damage|p1a: Weavile|69/100\n|move|p2b: Max Steel|Aura Sphere|p1b: Torkoal\n|-damage|p1b: Torkoal|11/100\n|move|p1b: Torkoal|Lava Plume|p2b: Max Steel|[spread] p1a,p2a,p2b\n|-supereffective|p1a: Weavile|1\n|-resisted|p2a: Major Gator|2\n|-damage|p1a: Weavile|0 fnt\n|-damage|p2a: Major Gator|75/100 brn\n|-damage|p2b: Max Steel|22/100\n|-ability|p2b: Max Steel|Stamina|boost\n|-boost|p2b: Max Steel|def|1\n|faint|p1a: Weavile\n|\n|-weather|SunnyDay|[upkeep]\n|-damage|p2a: Major Gator|69/100 brn|[from] brn\n|-sideend|p2: CaveoD|move: Tailwind\n|upkeep\n|\n|t:|1776397750\n|switch|p1a: Volcarona|Volcarona, L50, F|100/100\n|turn|5\n|\n|t:|1776397759\n|move|p1b: Torkoal|Helping Hand|p1a: Volcarona\n|-singleturn|p1a: Volcarona|Helping Hand|[of] p1b: Torkoal\n|move|p2a: Major Gator|Dragon Dance|p2a: Major Gator\n|-boost|p2a: Major Gator|atk|1\n|-boost|p2a: Major Gator|spe|1\n|move|p1a: Volcarona|Fiery Dance|p2b: Max Steel\n|-damage|p2b: Max Steel|0 fnt\n|faint|p2b: Max Steel\n|\n|-weather|none\n|-damage|p2a: Major Gator|62/100 brn|[from] brn\n|upkeep\n|turn|6\n|\n|t:|1776397773\n|move|p1b: Torkoal|Helping Hand|p1a: Volcarona\n|-singleturn|p1a: Volcarona|Helping Hand|[of] p1b: Torkoal\n|move|p2a: Major Gator|Liquidation|p1a: Volcarona\n|-supereffective|p1a: Volcarona|1\n|-damage|p1a: Volcarona|0 fnt\n|faint|p1a: Volcarona\n|\n|-damage|p2a: Major Gator|56/100 brn|[from] brn\n|upkeep\n|\n|t:|1776397779\n|switch|p1a: Delphox|Delphox-Mega, L50, F|6/100\n|turn|7\n|inactive|CaveoD has 30 seconds left.\n|\n|t:|1776397813\n|move|p1b: Torkoal|Helping Hand|p1a: Delphox\n|-singleturn|p1a: Delphox|Helping Hand|[of] p1b: Torkoal\n|move|p2a: Major Gator|Liquidation|p1a: Delphox\n|-supereffective|p1a: Delphox|1\n|-damage|p1a: Delphox|0 fnt\n|faint|p1a: Delphox\n|\n|-damage|p2a: Major Gator|50/100 brn|[from] brn\n|upkeep\n|turn|8\n|-message|Blank_Playe_pract forfeited.\n|\n|win|CaveoD\n|raw|Blank_Playe_pract's rating: 1088 &rarr; <strong>1064</strong><br />(-24 for losing)\n|raw|CaveoD's rating: 1075 &rarr; <strong>1105</strong><br />(+30 for winning)\n|l|\u2606Blank_Playe_pract\n|player|p1|\n",
  "uploadtime": 1776397838,
  "views": 18,
  "formatid": "gen9championsvgc2026regma",
  "rating": 1064,
  "private": 0,
  "password": null
}