{
  "id": "gen9championsvgc2026regma-2586071063",
  "format": "[Gen 9 Champions] VGC 2026 Reg M-A",
  "players": [
    "Ghoulwhistle",
    "Mithozz"
  ],
  "log": "|j|\u2606Ghoulwhistle\n|j|\u2606Mithozz\n|t:|1776395887\n|gametype|doubles\n|player|p1|Ghoulwhistle|zinzolin|1028\n|player|p2|Mithozz|169|1011\n|gen|9\n|tier|[Gen 9 Champions] VGC 2026 Reg M-A\n|rated|\n|rule|Species Clause: Limit one of each Pok\u00e9mon\n|rule|Item Clause: Limit 1 of each item\n|clearpoke\n|poke|p1|Dragapult, L50, M|\n|poke|p1|Tinkaton, L50, F|\n|poke|p1|Mudsdale, L50, F|\n|poke|p1|Tauros-Paldea-Aqua, L50, M|\n|poke|p1|Scovillain, L50, M|\n|poke|p1|Torkoal, L50, F|\n|poke|p2|Meowstic, L50, M|\n|poke|p2|Venusaur, L50, F|\n|poke|p2|Torkoal, L50, M|\n|poke|p2|Milotic, L50, F|\n|poke|p2|Charizard, L50, M|\n|poke|p2|Typhlosion, L50, F|\n|teampreview|4\n|inactive|Battle timer is ON: inactive players will automatically lose when time's up. (requested by Ghoulwhistle)\n|\n|t:|1776395956\n|teamsize|p1|4\n|teamsize|p2|4\n|start\n|switch|p1a: The Father|Scovillain, L50, M, shiny|100/100\n|switch|p1b: The Evidence|Dragapult, L50, M, shiny|100/100\n|switch|p2a: Meowstic|Meowstic, L50, M|100/100\n|switch|p2b: Milotic|Milotic, L50, F|100/100\n|turn|1\n|\n|t:|1776395981\n|move|p2a: Meowstic|Fake Out|p1a: The Father\n|-crit|p1a: The Father\n|-damage|p1a: The Father|93/100\n|move|p1b: The Evidence|Dragon Darts|p2b: Milotic\n|-damage|p2b: Milotic|78/100\n|-anim|p1b: The Evidence|Dragon Darts|p2a: Meowstic\n|-crit|p2a: Meowstic\n|-damage|p2a: Meowstic|53/100\n|cant|p1a: The Father|flinch\n|move|p2b: Milotic|Ice Beam|p1b: The Evidence\n|-supereffective|p1b: The Evidence|1\n|-damage|p1b: The Evidence|40/100\n|\n|upkeep\n|turn|2\n|inactive|Ghoulwhistle has 30 seconds left.\n|inactive|Mithozz has 30 seconds left.\n|inactive|Ghoulwhistle has 20 seconds left.\n|inactive|Ghoulwhistle has 15 seconds left.\n|\n|t:|1776396023\n|detailschange|p1a: The Father|Scovillain-Mega, L50, M, shiny\n|-mega|p1a: The Father|Scovillain|Scovillainite\n|move|p1b: The Evidence|Phantom Force||[still]\n|-prepare|p1b: The Evidence|Phantom Force\n|move|p2a: Meowstic|Expanding Force|p1a: The Father\n|-damage|p1a: The Father|56/100\n|-status|p2a: Meowstic|brn|[from] ability: Spicy Spray|[of] p1a: The Father\n|move|p1a: The Father|Super Fang|p2b: Milotic\n|-damage|p2b: Milotic|39/100\n|-enditem|p2b: Milotic|Sitrus Berry|[eat]\n|-heal|p2b: Milotic|64/100|[from] item: Sitrus Berry\n|move|p2b: Milotic|Ice Beam|p1b: The Evidence|[miss]\n|-miss|p2b: Milotic|p1b: The Evidence\n|\n|-damage|p2a: Meowstic|47/100 brn|[from] brn\n|upkeep\n|turn|3\n|\n|t:|1776396048\n|move|p2a: Meowstic|Rain Dance|p2a: Meowstic\n|-weather|RainDance\n|move|p1b: The Evidence|Phantom Force|p2a: Meowstic|[from] lockedmove\n|-supereffective|p2a: Meowstic|1\n|-damage|p2a: Meowstic|0 fnt\n|faint|p2a: Meowstic\n|move|p1a: The Father|Spicy Extract|p1b: The Evidence\n|-fail|p1b: The Evidence|unboost|[from] ability: Clear Body|[of] p1b: The Evidence\n|-boost|p1b: The Evidence|atk|2\n|move|p2b: Milotic|Weather Ball|p1a: The Father\n|-damage|p1a: The Father|0 fnt\n|-status|p2b: Milotic|brn|[from] ability: Spicy Spray|[of] p1a: The Father\n|faint|p1a: The Father\n|\n|-weather|RainDance|[upkeep]\n|-damage|p2b: Milotic|58/100 brn|[from] brn\n|upkeep\n|\n|t:|1776396068\n|switch|p2a: Venusaur|Venusaur, L50, F, shiny|100/100\n|switch|p1a: The Steed|Mudsdale, L50, F, shiny|100/100\n|turn|4\n|\n|t:|1776396083\n|detailschange|p2a: Venusaur|Venusaur-Mega, L50, F, shiny\n|-mega|p2a: Venusaur|Venusaur|Venusaurite\n|move|p1b: The Evidence|Baton Pass|p1b: The Evidence\n|\n|t:|1776396087\n|switch|p1b: The Rage|Tauros-Paldea-Aqua, L50, M, shiny|100/100|[from] Baton Pass\n|-ability|p1b: The Rage|Intimidate|boost\n|-unboost|p2a: Venusaur|atk|1\n|-unboost|p2b: Milotic|atk|1\n|-ability|p2b: Milotic|Competitive|boost\n|-boost|p2b: Milotic|spa|2\n|move|p2a: Venusaur|Weather Ball|p1a: The Steed\n|-supereffective|p1a: The Steed|1\n|-damage|p1a: The Steed|24/100\n|move|p2b: Milotic|Weather Ball|p1b: The Rage\n|-resisted|p1b: The Rage|1\n|-damage|p1b: The Rage|0 fnt\n|faint|p1b: The Rage\n|move|p1a: The Steed|High Horsepower|p2a: Venusaur\n|-damage|p2a: Venusaur|66/100\n|\n|-weather|RainDance|[upkeep]\n|-heal|p1a: The Steed|30/100|[from] item: Leftovers\n|-damage|p2b: Milotic|52/100 brn|[from] brn\n|upkeep\n|\n|t:|1776396104\n|switch|p1b: The Evidence|Dragapult, L50, M, shiny|40/100\n|turn|5\n|\n|t:|1776396117\n|move|p1a: The Steed|Protect|p1a: The Steed\n|-singleturn|p1a: The Steed|Protect\n|move|p1b: The Evidence|Phantom Force||[still]\n|-prepare|p1b: The Evidence|Phantom Force\n|move|p2a: Venusaur|Giga Drain|p1a: The Steed\n|-activate|p1a: The Steed|move: Protect\n|move|p2b: Milotic|Weather Ball|p1b: The Evidence|[miss]\n|-miss|p2b: Milotic|p1b: The Evidence\n|\n|-weather|RainDance|[upkeep]\n|-heal|p1a: The Steed|36/100|[from] item: Leftovers\n|-damage|p2b: Milotic|46/100 brn|[from] brn\n|upkeep\n|turn|6\n|\n|t:|1776396142\n|move|p1a: The Steed|Protect|p1a: The Steed\n|-singleturn|p1a: The Steed|Protect\n|move|p1b: The Evidence|Phantom Force|p2b: Milotic|[from] lockedmove\n|-damage|p2b: Milotic|10/100 brn\n|move|p2a: Venusaur|Weather Ball|p1a: The Steed\n|-activate|p1a: The Steed|move: Protect\n|move|p2b: Milotic|Ice Beam|p1b: The Evidence\n|-supereffective|p1b: The Evidence|1\n|-damage|p1b: The Evidence|0 fnt\n|faint|p1b: The Evidence\n|\n|-weather|RainDance|[upkeep]\n|-heal|p1a: The Steed|42/100|[from] item: Leftovers\n|-damage|p2b: Milotic|4/100 brn|[from] brn\n|upkeep\n|turn|7\n|\n|t:|1776396162\n|move|p1a: The Steed|Protect||[still]\n|-fail|p1a: The Steed\n|move|p2a: Venusaur|Weather Ball|p1a: The Steed\n|-supereffective|p1a: The Steed|1\n|-damage|p1a: The Steed|0 fnt\n|faint|p1a: The Steed\n|\n|win|Mithozz\n|raw|Ghoulwhistle's rating: 1028 &rarr; <strong>1013</strong><br />(-15 for losing)\n|raw|Mithozz's rating: 1011 &rarr; <strong>1051</strong><br />(+40 for winning)\n|l|\u2606Ghoulwhistle\n|player|p1|\n",
  "uploadtime": 1776396174,
  "views": 17,
  "formatid": "gen9championsvgc2026regma",
  "rating": 1013,
  "private": 0,
  "password": null
}