{
  "id": "gen9championsvgc2026regma-2588541568",
  "format": "[Gen 9 Champions] VGC 2026 Reg M-A",
  "players": [
    "Baws381",
    "Sahea"
  ],
  "log": "|j|\u2606Baws381\n|j|\u2606Sahea\n|html|<table width=\"100%\"><tr><td align=\"left\">Baws381</td><td align=\"right\">Sahea</tr><tr><td align=\"left\"><i class=\"fa fa-circle-o\"></i> <i class=\"fa fa-circle-o\"></i> </td><td align=\"right\"><i class=\"fa fa-circle-o\"></i> <i class=\"fa fa-circle-o\"></i> </tr></table>\n|uhtml|bestof|<h2><strong>Game 1</strong> of <a href=\"/game-bestof3-gen9championsvgc2026regma-2588541567\">a best-of-3</a></h2>\n|t:|1776643177\n|gametype|doubles\n|player|p1|Baws381|steven|\n|player|p2|Sahea|169|\n|gen|9\n|tier|[Gen 9 Champions] VGC 2026 Reg M-A\n|rule|Species Clause: Limit one of each Pok\u00e9mon\n|rule|Item Clause: Limit 1 of each item\n|raw|<div class=\"infobox\"><details class=\"readmore\" open><summary><strong>1 custom rule:</strong></summary> Best of = 3</details></div>\n|clearpoke\n|poke|p1|Charizard, L50, M|\n|poke|p1|Venusaur, L50, M|\n|poke|p1|Farigiraf, L50, F|\n|poke|p1|Kingambit, L50, M|\n|poke|p1|Golurk, L50|\n|poke|p1|Vaporeon, L50, M|\n|poke|p2|Floette-Eternal, L50, F, shiny|\n|poke|p2|Garchomp, L50, M, shiny|\n|poke|p2|Aerodactyl, L50, F, shiny|\n|poke|p2|Rotom-Heat, L50, shiny|\n|poke|p2|Meowscarada, L50, F, shiny|\n|poke|p2|Tinkaton, L50, F, shiny|\n|teampreview|4\n|c|\u2606Sahea|glhf!\nSahea rejected open team sheets.\n|c|\u2606Baws381|Glhf\n|j| Midbus1\n|\n|t:|1776643256\n|teamsize|p1|4\n|teamsize|p2|4\n|start\n|switch|p1a: Farigiraf|Farigiraf, L50, F|100/100\n|switch|p1b: Kingambit|Kingambit, L50, M|100/100\n|switch|p2a: Aerodactyl|Aerodactyl, L50, F, shiny|100/100\n|switch|p2b: Tinkaton|Tinkaton, L50, F, shiny|100/100\n|-ability|p2a: Aerodactyl|Unnerve\n|-ability|p2b: Tinkaton|Mold Breaker\n|turn|1\n|\n|t:|1776643299\n|switch|p2a: Rotom|Rotom-Heat, L50, shiny|100/100\n|move|p2b: Tinkaton|Fake Out|p1a: Farigiraf\n|-damage|p1a: Farigiraf|93/100\n|move|p1b: Kingambit|Swords Dance|p1b: Kingambit\n|-boost|p1b: Kingambit|atk|2\n|cant|p1a: Farigiraf|flinch\n|\n|upkeep\n|turn|2\n|\n|t:|1776643337\n|switch|p2a: Floette|Floette-Eternal, L50, F, shiny|100/100\n|move|p1b: Kingambit|Sucker Punch||[still]\n|-fail|p1b: Kingambit\n|move|p2b: Tinkaton|Encore|p1b: Kingambit\n|-start|p1b: Kingambit|Encore\n|move|p1a: Farigiraf|Trick Room|p1a: Farigiraf\n|-fieldstart|move: Trick Room|[of] p1a: Farigiraf\n|\n|upkeep\n|turn|3\n|\n|t:|1776643388\n|detailschange|p2a: Floette|Floette-Mega, L50, F, shiny\n|-mega|p2a: Floette|Floette|Floettite\n|-ability|p2a: Floette|Fairy Aura\n|move|p1b: Kingambit|Sucker Punch||[still]\n|-fail|p1b: Kingambit\n|move|p1a: Farigiraf|Dazzling Gleam|p2a: Floette|[spread] p2a,p2b\n|-resisted|p2b: Tinkaton|1\n|-damage|p2a: Floette|83/100\n|-damage|p2b: Tinkaton|92/100\n|move|p2b: Tinkaton|Endeavor|p1b: Kingambit\n|-damage|p1b: Kingambit|88/100\n|move|p2a: Floette|Calm Mind|p2a: Floette\n|-boost|p2a: Floette|spa|1\n|-boost|p2a: Floette|spd|1\n|\n|upkeep\n|turn|4\n|\n|t:|1776643427\n|switch|p1b: Charizard|Charizard, L50, M|100/100\n|switch|p2b: Rotom|Rotom-Heat, L50, shiny|100/100\n|move|p1a: Farigiraf|Dazzling Gleam|p2b: Rotom|[spread] p2a,p2b\n|-resisted|p2b: Rotom|1\n|-damage|p2a: Floette|72/100\n|-damage|p2b: Rotom|88/100\n|move|p2a: Floette|Calm Mind|p2a: Floette\n|-boost|p2a: Floette|spa|1\n|-boost|p2a: Floette|spd|1\n|\n|upkeep\n|turn|5\n|\n|t:|1776643485\n|detailschange|p1b: Charizard|Charizard-Mega-Y, L50, M\n|-mega|p1b: Charizard|Charizard|Charizardite Y\n|-weather|SunnyDay|[from] ability: Drought|[of] p1b: Charizard\n|move|p1a: Farigiraf|Helping Hand|p1b: Charizard\n|-singleturn|p1b: Charizard|Helping Hand|[of] p1a: Farigiraf\n|move|p2b: Rotom|Thunderbolt|p1b: Charizard\n|-supereffective|p1b: Charizard|1\n|-damage|p1b: Charizard|14/100\n|move|p1b: Charizard|Weather Ball|p2a: Floette\n|-damage|p2a: Floette|18/100\n|move|p2a: Floette|Dazzling Gleam|p1b: Charizard|[spread] p1a,p1b\n|-resisted|p1b: Charizard|1\n|-damage|p1a: Farigiraf|19/100\n|-damage|p1b: Charizard|0 fnt\n|faint|p1b: Charizard\n|\n|-weather|SunnyDay|[upkeep]\n|upkeep\n|\n|t:|1776643513\n|switch|p1b: Golurk|Golurk, L50|100/100\n|turn|6\n|\n|t:|1776643578\n|switch|p2a: Tinkaton|Tinkaton, L50, F, shiny|92/100\n|-ability|p2a: Tinkaton|Mold Breaker\n|move|p1b: Golurk|Poltergeist|p2b: Rotom\n|-activate|p2b: Rotom|move: Poltergeist|White Herb\n|-damage|p2b: Rotom|12/100\n|move|p1a: Farigiraf|Psychic|p2b: Rotom\n|-damage|p2b: Rotom|0 fnt\n|faint|p2b: Rotom\n|\n|-weather|SunnyDay|[upkeep]\n|-fieldend|move: Trick Room\n|upkeep\n|\n|t:|1776643597\n|switch|p2b: Floette|Floette-Mega, L50, F, shiny|18/100\n|-ability|p2b: Floette|Fairy Aura\n|turn|7\n|\n|t:|1776643613\n|move|p2a: Tinkaton|Helping Hand|p2b: Floette\n|-singleturn|p2b: Floette|Helping Hand|[of] p2a: Tinkaton\n|move|p1b: Golurk|Protect|p1b: Golurk\n|-singleturn|p1b: Golurk|Protect\n|move|p2b: Floette|Dazzling Gleam|p1a: Farigiraf|[spread] p1a\n|-activate|p1b: Golurk|move: Protect\n|-damage|p1a: Farigiraf|0 fnt\n|faint|p1a: Farigiraf\n|\n|-weather|SunnyDay|[upkeep]\n|upkeep\n|\n|t:|1776643625\n|switch|p1a: Kingambit|Kingambit, L50, M|88/100\n|turn|8\n|\n|t:|1776643669\n|move|p2b: Floette|Protect|p2b: Floette\n|-singleturn|p2b: Floette|Protect\n|move|p2a: Tinkaton|Encore|p1b: Golurk\n|-start|p1b: Golurk|Encore\n|move|p1b: Golurk|Protect|p1b: Golurk\n|-singleturn|p1b: Golurk|Protect\n|move|p1a: Kingambit|Iron Head|p2b: Floette\n|-activate|p2b: Floette|move: Protect\n|\n|-weather|SunnyDay|[upkeep]\n|upkeep\n|turn|9\n|\n|t:|1776643721\n|switch|p2b: Aerodactyl|Aerodactyl, L50, F, shiny|100/100\n|-ability|p2b: Aerodactyl|Unnerve\n|move|p1b: Golurk|Protect||[still]\n|-fail|p1b: Golurk\n|move|p2a: Tinkaton|Encore|p1a: Kingambit\n|-start|p1a: Kingambit|Encore\n|move|p1a: Kingambit|Iron Head|p2a: Tinkaton\n|-damage|p2a: Tinkaton|46/100\n|\n|-weather|none\n|upkeep\n|turn|10\n|\n|t:|1776643752\n|move|p1b: Golurk|Protect|p1b: Golurk\n|-singleturn|p1b: Golurk|Protect\n|move|p2b: Aerodactyl|Rock Slide|p1a: Kingambit|[spread] \n|-activate|p1b: Golurk|move: Protect\n|-miss|p2b: Aerodactyl|p1a: Kingambit\n|move|p2a: Tinkaton|Endeavor|p1a: Kingambit\n|-damage|p1a: Kingambit|44/100\n|move|p1a: Kingambit|Iron Head|p2a: Tinkaton\n|-damage|p2a: Tinkaton|0 fnt\n|faint|p2a: Tinkaton\n|\n|-end|p1b: Golurk|Encore\n|upkeep\n|\n|t:|1776643761\n|switch|p2a: Floette|Floette-Mega, L50, F, shiny|18/100\n|-ability|p2a: Floette|Fairy Aura\n|turn|11\n|\n|t:|1776643789\n|move|p2b: Aerodactyl|Dual Wingbeat|p1b: Golurk\n|-damage|p1b: Golurk|77/100\n|-damage|p1b: Golurk|54/100\n|-hitcount|p1b: Golurk|2\n|move|p2a: Floette|Dazzling Gleam|p1a: Kingambit|[spread] p1a,p1b\n|-damage|p1a: Kingambit|5/100\n|-damage|p1b: Golurk|6/100\n|move|p1b: Golurk|Ice Punch|p2a: Floette\n|-damage|p2a: Floette|0 fnt\n|faint|p2a: Floette\n|move|p1a: Kingambit|Iron Head|p2b: Aerodactyl\n|-supereffective|p2b: Aerodactyl|1\n|-damage|p2b: Aerodactyl|0 fnt\n|faint|p2b: Aerodactyl\n|\n|win|Baws381\n|inactive|Baws381 has 30 seconds to confirm battle start!\n|inactive|Sahea has 30 seconds to confirm battle start!\n||Sahea is ready for game 2.\n||Baws381 is ready for game 2.\n|uhtml|next|Next: <a href=\"/battle-gen9championsvgc2026regma-2588547912\"><strong>Game 2 of 3</strong></a>\n|l| Midbus1\n|l|\u2606Sahea\n|player|p2|\n",
  "uploadtime": 1776643971,
  "views": 16,
  "formatid": "gen9championsvgc2026regma",
  "rating": null,
  "private": 0,
  "password": null
}