{
  "id": "gen9championsvgc2026regma-2585867181",
  "format": "[Gen 9 Champions] VGC 2026 Reg M-A",
  "players": [
    "yavyy",
    "vnunesp12"
  ],
  "log": "|j|\u2606yavyy\n|j|\u2606vnunesp12\n|t:|1776376818\n|gametype|doubles\n|player|p1|yavyy|169|1083\n|player|p2|vnunesp12|red|1118\n|gen|9\n|tier|[Gen 9 Champions] VGC 2026 Reg M-A\n|rated|\n|rule|Species Clause: Limit one of each Pok\u00e9mon\n|rule|Item Clause: Limit 1 of each item\n|clearpoke\n|poke|p1|Arcanine, L50, F|\n|poke|p1|Rotom-Wash, L50|\n|poke|p1|Garchomp, L50, F|\n|poke|p1|Venusaur, L50, M|\n|poke|p1|Corviknight, L50, M|\n|poke|p1|Sneasler, L50, F|\n|poke|p2|Manectric, L50, M|\n|poke|p2|Pelipper, L50, M|\n|poke|p2|Basculegion, L50, M|\n|poke|p2|Sneasler, L50, M|\n|poke|p2|Kingambit, L50, M|\n|poke|p2|Archaludon, L50, M|\n|teampreview|4\n|inactive|Battle timer is ON: inactive players will automatically lose when time's up. (requested by vnunesp12)\n|inactive|yavyy has 60 seconds left.\n|\n|t:|1776376864\n|teamsize|p1|4\n|teamsize|p2|4\n|start\n|switch|p1a: Garchomp|Garchomp, L50, F|100/100\n|switch|p1b: Sneasler|Sneasler, L50, F|100/100\n|switch|p2a: Luciano Juba|Manectric, L50, M|100/100\n|switch|p2b: \u00c9verton Ribeiro|Pelipper, L50, M|100/100\n|-weather|RainDance|[from] ability: Drizzle|[of] p2b: \u00c9verton Ribeiro\n|turn|1\n|\n|t:|1776376887\n|detailschange|p2a: Luciano Juba|Manectric-Mega, L50, M\n|-mega|p2a: Luciano Juba|Manectric|Manectite\n|-ability|p2a: Luciano Juba|Intimidate|boost\n|-unboost|p1a: Garchomp|atk|1\n|-unboost|p1b: Sneasler|atk|1\n|-enditem|p1a: Garchomp|White Herb\n|-clearnegativeboost|p1a: Garchomp|[silent]\n|move|p2a: Luciano Juba|Protect|p2a: Luciano Juba\n|-singleturn|p2a: Luciano Juba|Protect\n|move|p1b: Sneasler|Fake Out|p2a: Luciano Juba\n|-activate|p2a: Luciano Juba|move: Protect\n|move|p1a: Garchomp|Stone Edge|p2b: \u00c9verton Ribeiro\n|-supereffective|p2b: \u00c9verton Ribeiro|1\n|-damage|p2b: \u00c9verton Ribeiro|23/100\n|move|p2b: \u00c9verton Ribeiro|Tailwind|p2b: \u00c9verton Ribeiro\n|-sidestart|p2: vnunesp12|move: Tailwind\n|\n|-weather|RainDance|[upkeep]\n|upkeep\n|turn|2\n|inactive|yavyy has 30 seconds left.\n|inactive|vnunesp12 has 30 seconds left.\n|inactive|yavyy has 20 seconds left.\n|inactive|yavyy has 15 seconds left.\n|\n|t:|1776376930\n|move|p2b: \u00c9verton Ribeiro|Protect|p2b: \u00c9verton Ribeiro\n|-singleturn|p2b: \u00c9verton Ribeiro|Protect\n|move|p2a: Luciano Juba|Volt Switch|p1b: Sneasler\n|-damage|p1b: Sneasler|48/100\n|\n|t:|1776376938\n|switch|p2a: Jean Lucas|Basculegion, L50, M|100/100|[from] Volt Switch\n|move|p1b: Sneasler|Dire Claw|p2b: \u00c9verton Ribeiro\n|-activate|p2b: \u00c9verton Ribeiro|move: Protect\n|move|p1a: Garchomp|Dragon Claw|p2a: Jean Lucas\n|-damage|p2a: Jean Lucas|47/100\n|\n|-weather|RainDance|[upkeep]\n|upkeep\n|turn|3\n|inactive|yavyy has 30 seconds left.\n|inactive|yavyy has 20 seconds left.\n|inactive|yavyy has 15 seconds left.\n|\n|t:|1776376982\n|switch|p2b: Luciano Juba|Manectric-Mega, L50, M|100/100\n|-ability|p2b: Luciano Juba|Intimidate|boost\n|-unboost|p1a: Garchomp|atk|1\n|-unboost|p1b: Sneasler|atk|1\n|switch|p1b: Venusaur|Venusaur, L50, M|100/100\n|switch|p1a: Arcanine|Arcanine, L50, F|100/100\n|-ability|p1a: Arcanine|Intimidate|boost\n|-unboost|p2a: Jean Lucas|atk|1\n|-unboost|p2b: Luciano Juba|atk|1\n|move|p2a: Jean Lucas|Flip Turn|p1a: Arcanine\n|-supereffective|p1a: Arcanine|1\n|-damage|p1a: Arcanine|36/100\n|-enditem|p1a: Arcanine|Sitrus Berry|[eat]\n|-heal|p1a: Arcanine|60/100|[from] item: Sitrus Berry\n|\n|t:|1776376998\n|switch|p2a: Pulga|Sneasler, L50, M|100/100|[from] Flip Turn\n|\n|-weather|RainDance|[upkeep]\n|upkeep\n|turn|4\n|\n|t:|1776377015\n|move|p1a: Arcanine|Protect|p1a: Arcanine\n|-singleturn|p1a: Arcanine|Protect\n|move|p1b: Venusaur|Protect|p1b: Venusaur\n|-singleturn|p1b: Venusaur|Protect\n|move|p2a: Pulga|Fake Out|p1b: Venusaur\n|-activate|p1b: Venusaur|move: Protect\n|move|p2b: Luciano Juba|Volt Switch|p1a: Arcanine\n|-activate|p1a: Arcanine|move: Protect\n|\n|-weather|RainDance|[upkeep]\n|-sideend|p2: vnunesp12|move: Tailwind\n|upkeep\n|turn|5\n|inactive|yavyy has 30 seconds left.\n|inactive|vnunesp12 has 30 seconds left.\n|\n|t:|1776377043\n|switch|p1b: Garchomp|Garchomp, L50, F|100/100\n|move|p2b: Luciano Juba|Volt Switch|p1b: Garchomp\n|-immune|p1b: Garchomp\n|move|p2a: Pulga|Close Combat|p1a: Arcanine\n|-damage|p1a: Arcanine|0 fnt\n|-unboost|p2a: Pulga|def|1\n|-unboost|p2a: Pulga|spd|1\n|faint|p1a: Arcanine\n|-enditem|p2a: Pulga|White Herb\n|-clearnegativeboost|p2a: Pulga|[silent]\n|\n|-weather|none\n|upkeep\n|\n|t:|1776377058\n|switch|p1a: Venusaur|Venusaur, L50, M|100/100\n|turn|6\n|inactive|yavyy has 30 seconds left.\n|\n|t:|1776377088\n|detailschange|p1a: Venusaur|Venusaur-Mega, L50, M\n|-mega|p1a: Venusaur|Venusaur|Venusaurite\n|move|p2b: Luciano Juba|Protect|p2b: Luciano Juba\n|-singleturn|p2b: Luciano Juba|Protect\n|move|p1a: Venusaur|Protect|p1a: Venusaur\n|-singleturn|p1a: Venusaur|Protect\n|move|p2a: Pulga|Dire Claw|p1b: Garchomp\n|-resisted|p1b: Garchomp|1\n|-damage|p1b: Garchomp|82/100\n|-status|p1b: Garchomp|slp\n|-damage|p2a: Pulga|88/100|[from] ability: Rough Skin|[of] p1b: Garchomp\n|cant|p1b: Garchomp|slp\n|\n|upkeep\n|turn|7\n|inactive|yavyy has 30 seconds left.\n|\n|t:|1776377125\n|move|p2a: Pulga|Close Combat|p1b: Garchomp\n|-damage|p1b: Garchomp|29/100 slp\n|-unboost|p2a: Pulga|def|1\n|-unboost|p2a: Pulga|spd|1\n|-damage|p2a: Pulga|76/100|[from] ability: Rough Skin|[of] p1b: Garchomp\n|move|p2b: Luciano Juba|Volt Switch|p1a: Venusaur\n|-resisted|p1a: Venusaur|1\n|-damage|p1a: Venusaur|86/100\n|\n|t:|1776377134\n|switch|p2b: \u00c9verton Ribeiro|Pelipper, L50, M|23/100|[from] Volt Switch\n|-weather|RainDance|[from] ability: Drizzle|[of] p2b: \u00c9verton Ribeiro\n|cant|p1b: Garchomp|slp\n|move|p1a: Venusaur|Leech Seed|p2b: \u00c9verton Ribeiro\n|-start|p2b: \u00c9verton Ribeiro|move: Leech Seed\n|\n|-weather|RainDance|[upkeep]\n|-damage|p2b: \u00c9verton Ribeiro|11/100|[from] Leech Seed|[of] p1a: Venusaur\n|-heal|p1a: Venusaur|96/100|[silent]\n|upkeep\n|turn|8\n|inactive|yavyy has 30 seconds left.\n|inactive|vnunesp12 has 30 seconds left.\n|\n|t:|1776377160\n|move|p2a: Pulga|Close Combat|p1b: Garchomp\n|-damage|p1b: Garchomp|0 fnt\n|-unboost|p2a: Pulga|def|1\n|-unboost|p2a: Pulga|spd|1\n|-damage|p2a: Pulga|64/100|[from] ability: Rough Skin|[of] p1b: Garchomp\n|faint|p1b: Garchomp\n|move|p2b: \u00c9verton Ribeiro|Hurricane|p1a: Venusaur\n|-supereffective|p1a: Venusaur|1\n|-damage|p1a: Venusaur|43/100\n|move|p1a: Venusaur|Leech Seed|p2a: Pulga\n|-start|p2a: Pulga|move: Leech Seed\n|\n|-weather|RainDance|[upkeep]\n|-damage|p2a: Pulga|51/100|[from] Leech Seed|[of] p1a: Venusaur\n|-heal|p1a: Venusaur|53/100|[silent]\n|-damage|p2b: \u00c9verton Ribeiro|0 fnt|[from] Leech Seed|[of] p1a: Venusaur\n|-heal|p1a: Venusaur|62/100|[silent]\n|faint|p2b: \u00c9verton Ribeiro\n|upkeep\n|\n|t:|1776377178\n|switch|p1b: Sneasler|Sneasler, L50, F|48/100\n|switch|p2b: Jean Lucas|Basculegion, L50, M|47/100\n|turn|9\n|inactive|yavyy has 30 seconds left.\n|inactive|yavyy has 20 seconds left.\n|\n|t:|1776377217\n|move|p2a: Pulga|Protect|p2a: Pulga\n|-singleturn|p2a: Pulga|Protect\n|move|p1a: Venusaur|Protect|p1a: Venusaur\n|-singleturn|p1a: Venusaur|Protect\n|move|p1b: Sneasler|Fake Out|p2a: Pulga\n|-activate|p2a: Pulga|move: Protect\n|move|p2b: Jean Lucas|Last Respects|p1b: Sneasler\n|-damage|p1b: Sneasler|0 fnt\n|faint|p1b: Sneasler\n|\n|-weather|RainDance|[upkeep]\n|-damage|p2a: Pulga|39/100|[from] Leech Seed|[of] p1a: Venusaur\n|-heal|p1a: Venusaur|72/100|[silent]\n|upkeep\n|turn|10\n|\n|t:|1776377239\n|move|p2b: Jean Lucas|Last Respects|p1a: Venusaur\n|-damage|p1a: Venusaur|34/100\n|move|p2a: Pulga|Dire Claw|p1a: Venusaur\n|-damage|p1a: Venusaur|3/100\n|move|p1a: Venusaur|Giga Drain|p2b: Jean Lucas\n|-supereffective|p2b: Jean Lucas|1\n|-damage|p2b: Jean Lucas|0 fnt\n|-heal|p1a: Venusaur|27/100|[from] drain|[of] p2b: Jean Lucas\n|faint|p2b: Jean Lucas\n|\n|-weather|RainDance|[upkeep]\n|-damage|p2a: Pulga|27/100|[from] Leech Seed|[of] p1a: Venusaur\n|-heal|p1a: Venusaur|37/100|[silent]\n|upkeep\n|\n|t:|1776377254\n|switch|p2b: Luciano Juba|Manectric-Mega, L50, M|100/100\n|-ability|p2b: Luciano Juba|Intimidate|boost\n|-unboost|p1a: Venusaur|atk|1\n|turn|11\n|\n|t:|1776377266\n|move|p2b: Luciano Juba|Protect|p2b: Luciano Juba\n|-singleturn|p2b: Luciano Juba|Protect\n|move|p2a: Pulga|Dire Claw|p1a: Venusaur\n|-damage|p1a: Venusaur|7/100\n|move|p1a: Venusaur|Leech Seed|p2b: Luciano Juba\n|-activate|p2b: Luciano Juba|move: Protect\n|\n|-weather|none\n|-damage|p2a: Pulga|15/100|[from] Leech Seed|[of] p1a: Venusaur\n|-heal|p1a: Venusaur|17/100|[silent]\n|upkeep\n|turn|12\n|\n|t:|1776377280\n|move|p1a: Venusaur|Protect|p1a: Venusaur\n|-singleturn|p1a: Venusaur|Protect\n|move|p2a: Pulga|Dire Claw|p1a: Venusaur\n|-activate|p1a: Venusaur|move: Protect\n|move|p2b: Luciano Juba|Flamethrower|p1a: Venusaur\n|-activate|p1a: Venusaur|move: Protect\n|\n|-damage|p2a: Pulga|2/100|[from] Leech Seed|[of] p1a: Venusaur\n|-heal|p1a: Venusaur|27/100|[silent]\n|upkeep\n|turn|13\n|\n|t:|1776377300\n|move|p1a: Venusaur|Protect||[still]\n|-fail|p1a: Venusaur\n|move|p2a: Pulga|Dire Claw|p1a: Venusaur\n|-damage|p1a: Venusaur|0 fnt\n|faint|p1a: Venusaur\n|\n|win|vnunesp12\n|raw|yavyy's rating: 1083 &rarr; <strong>1063</strong><br />(-20 for losing)\n|raw|vnunesp12's rating: 1118 &rarr; <strong>1140</strong><br />(+22 for winning)\n|l|\u2606yavyy\n|player|p1|\n",
  "uploadtime": 1776377312,
  "views": 28,
  "formatid": "gen9championsvgc2026regma",
  "rating": 1063,
  "private": 0,
  "password": null
}