{
  "id": "gen9championsvgc2026regma-2584807724",
  "format": "[Gen 9 Champions] VGC 2026 Reg M-A",
  "players": [
    "Butter_Dawg0279",
    "IanIsBored"
  ],
  "log": "|j|\u2606Butter_Dawg0279\n|j|\u2606IanIsBored\n|t:|1776285153\n|gametype|doubles\n|player|p1|Butter_Dawg0279|preschooler|1136\n|player|p2|IanIsBored|ethan|1160\n|gen|9\n|tier|[Gen 9 Champions] VGC 2026 Reg M-A\n|rated|\n|rule|Species Clause: Limit one of each Pok\u00e9mon\n|rule|Item Clause: Limit 1 of each item\n|clearpoke\n|poke|p1|Basculegion, L50, M|\n|poke|p1|Skarmory, L50, F|\n|poke|p1|Pelipper, L50, F|\n|poke|p1|Raichu, L50, F|\n|poke|p1|Meowscarada, L50, F|\n|poke|p1|Glimmora, L50, M|\n|poke|p2|Farigiraf, L50, F|\n|poke|p2|Kingambit, L50, F|\n|poke|p2|Sinistcha, L50|\n|poke|p2|Incineroar, L50, F|\n|poke|p2|Golurk, L50|\n|poke|p2|Primarina, L50, F|\n|teampreview|4\n|inactive|Battle timer is ON: inactive players will automatically lose when time's up. (requested by IanIsBored)\n|c|\u2606IanIsBored|glhf\n|inactive|Butter_Dawg0279 has 60 seconds left.\n|c|\u2606Butter_Dawg0279|hf\n|c|\u2606Butter_Dawg0279|can't wish my opponent luck\n|c|\u2606Butter_Dawg0279|unless it's bad\n|c|\u2606IanIsBored|haha that's fair\n|inactive|Butter_Dawg0279 has 30 seconds left.\n|inactive|Butter_Dawg0279 has 20 seconds left.\n|\n|t:|1776285224\n|teamsize|p1|4\n|teamsize|p2|4\n|start\n|switch|p1a: Glimmora|Glimmora, L50, M|100/100\n|switch|p1b: Raichu|Raichu, L50, F|100/100\n|switch|p2a: Longboi Slim|Farigiraf, L50, F|100/100\n|switch|p2b: Litty Kitty|Incineroar, L50, F|100/100\n|-ability|p2b: Litty Kitty|Intimidate|boost\n|-unboost|p1a: Glimmora|atk|1\n|-unboost|p1b: Raichu|atk|1\n|turn|1\n|\n|t:|1776285240\n|move|p1b: Raichu|Fake Out||[still]\n|cant|p2a: Longboi Slim|ability: Armor Tail|Fake Out|[of] p1b: Raichu\n|move|p2b: Litty Kitty|Fake Out|p1a: Glimmora\n|-resisted|p1a: Glimmora|1\n|-damage|p1a: Glimmora|95/100\n|-activate|p1a: Glimmora|ability: Toxic Debris\n|-sidestart|p2: IanIsBored|move: Toxic Spikes\n|cant|p1a: Glimmora|flinch\n|move|p2a: Longboi Slim|Trick Room|p2a: Longboi Slim\n|-fieldstart|move: Trick Room|[of] p2a: Longboi Slim\n|\n|upkeep\n|turn|2\n|c|\u2606Butter_Dawg0279|oh\n|c|\u2606Butter_Dawg0279|right\n|c|\u2606Butter_Dawg0279|okay stupidity on my part\n|\n|t:|1776285262\n|switch|p1a: Meowscarada|Meowscarada, L50, F|100/100\n|move|p2a: Longboi Slim|Psychic|p1a: Meowscarada\n|-immune|p1a: Meowscarada\n|move|p2b: Litty Kitty|Snarl|p1b: Raichu|[spread] p1a,p1b\n|-resisted|p1a: Meowscarada|1\n|-damage|p1a: Meowscarada|86/100\n|-damage|p1b: Raichu|73/100\n|-unboost|p1a: Meowscarada|spa|1\n|-unboost|p1b: Raichu|spa|1\n|move|p1b: Raichu|Encore|p2a: Longboi Slim\n|-start|p2a: Longboi Slim|Encore\n|\n|upkeep\n|turn|3\n|\n|t:|1776285281\n|switch|p2a: Superman|Golurk, L50|100/100\n|-status|p2a: Superman|psn\n|switch|p1b: Basculegion|Basculegion, L50, M|100/100\n|switch|p1a: Glimmora|Glimmora, L50, M|95/100\n|move|p2b: Litty Kitty|Flamethrower|p1a: Glimmora\n|-resisted|p1a: Glimmora|1\n|-damage|p1a: Glimmora|63/100\n|\n|-damage|p2a: Superman|88/100 psn|[from] psn\n|upkeep\n|turn|4\n|inactive|Butter_Dawg0279 has 30 seconds left.\n|\n|t:|1776285313\n|detailschange|p2a: Superman|Golurk-Mega, L50\n|-mega|p2a: Superman|Golurk|Golurkite\n|move|p1b: Basculegion|Protect|p1b: Basculegion\n|-singleturn|p1b: Basculegion|Protect\n|move|p1a: Glimmora|Spiky Shield|p1a: Glimmora\n|-singleturn|p1a: Glimmora|move: Protect\n|move|p2a: Superman|Headlong Rush|p1a: Glimmora\n|-supereffective|p1a: Glimmora|2\n|-ability|p2a: Superman|Unseen Fist\n|-zbroken|p1a: Glimmora\n|-damage|p1a: Glimmora|0 fnt\n|-unboost|p2a: Superman|def|1\n|-unboost|p2a: Superman|spd|1\n|-activate|p1a: Glimmora|ability: Toxic Debris\n|-sidestart|p2: IanIsBored|move: Toxic Spikes\n|faint|p1a: Glimmora\n|move|p2b: Litty Kitty|Parting Shot|p1b: Basculegion\n|-activate|p1b: Basculegion|move: Protect\n|\n|-damage|p2a: Superman|76/100 psn|[from] psn\n|upkeep\n|c|\u2606Butter_Dawg0279|IT GETS HEADLONG\n|c|\u2606Butter_Dawg0279|AWESOME\n|inactive|Butter_Dawg0279 has 30 seconds left.\n|\n|t:|1776285338\n|switch|p1a: Raichu|Raichu, L50, F|73/100\n|turn|5\n|c|\u2606IanIsBored|yeah dude mega golurk is my guy lmaooo\n|\n|t:|1776285356\n|move|p2a: Superman|Thunder Punch|p1a: Raichu\n|-activate|p1a: Raichu|ability: Lightning Rod\n|-ability|p1a: Raichu|Lightning Rod|boost\n|-boost|p1a: Raichu|spa|1\n|move|p2b: Litty Kitty|Flamethrower|p1a: Raichu\n|-damage|p1a: Raichu|1/100\n|move|p1b: Basculegion|Wave Crash|p2b: Litty Kitty\n|-supereffective|p2b: Litty Kitty|1\n|-damage|p2b: Litty Kitty|0 fnt\n|faint|p2b: Litty Kitty\n|-damage|p1b: Basculegion|72/100|[from] Recoil\n|move|p1a: Raichu|Volt Switch|p2a: Superman\n|-immune|p2a: Superman\n|\n|-damage|p2a: Superman|64/100 psn|[from] psn\n|-fieldend|move: Trick Room\n|upkeep\n|c|\u2606IanIsBored|I forgot about lightning rod lmaooooo\n|\n|t:|1776285378\n|switch|p2b: Longboi Slim|Farigiraf, L50, F|100/100\n|-status|p2b: Longboi Slim|tox\n|turn|6\n|c|\u2606Butter_Dawg0279|so we both forgot about an ability\n|c|\u2606Butter_Dawg0279|now we're even\n|inactive|Butter_Dawg0279 has 30 seconds left.\n|inactive|IanIsBored has 30 seconds left.\n|\n|t:|1776285411\n|move|p1a: Raichu|Thunderbolt|p2b: Longboi Slim\n|-damage|p2b: Longboi Slim|53/100 tox\n|move|p1b: Basculegion|Wave Crash|p2b: Longboi Slim\n|-damage|p2b: Longboi Slim|0 fnt\n|faint|p2b: Longboi Slim\n|-damage|p1b: Basculegion|55/100|[from] Recoil\n|move|p2a: Superman|Iron Head|p1a: Raichu\n|-resisted|p1a: Raichu|1\n|-damage|p1a: Raichu|0 fnt\n|faint|p1a: Raichu\n|\n|-damage|p2a: Superman|52/100 psn|[from] psn\n|upkeep\n|c|\u2606IanIsBored|yeah that was a good kill lol\n|\n|t:|1776285427\n|switch|p1a: Meowscarada|Meowscarada, L50, F|86/100\n|switch|p2b: The Emperor|Kingambit, L50, F|100/100\n|turn|7\n|\n|t:|1776285448\n|move|p1b: Basculegion|Protect|p1b: Basculegion\n|-singleturn|p1b: Basculegion|Protect\n|move|p2b: The Emperor|Sucker Punch||[still]\n|-fail|p2b: The Emperor\n|move|p1a: Meowscarada|Knock Off|p2a: Superman\n|-start|p1a: Meowscarada|typechange|Dark|[from] ability: Protean\n|-supereffective|p2a: Superman|1\n|-damage|p2a: Superman|0 fnt\n|faint|p2a: Superman\n|\n|upkeep\n|turn|8\n|\n|t:|1776285461\n|move|p1b: Basculegion|Aqua Jet|p2b: The Emperor\n|-damage|p2b: The Emperor|75/100\n|move|p2b: The Emperor|Sucker Punch||[still]\n|-fail|p2b: The Emperor\n|move|p1a: Meowscarada|Knock Off|p2b: The Emperor\n|-resisted|p2b: The Emperor|1\n|-damage|p2b: The Emperor|58/100\n|-enditem|p2b: The Emperor|Black Glasses|[from] move: Knock Off|[of] p1a: Meowscarada\n|\n|upkeep\n|turn|9\n|\n|t:|1776285467\n|move|p1a: Meowscarada|Knock Off|p2b: The Emperor\n|-resisted|p2b: The Emperor|1\n|-damage|p2b: The Emperor|46/100\n|move|p1b: Basculegion|Wave Crash|p2b: The Emperor\n|-damage|p2b: The Emperor|0 fnt\n|faint|p2b: The Emperor\n|-damage|p1b: Basculegion|42/100|[from] Recoil\n|\n|win|Butter_Dawg0279\n|raw|Butter_Dawg0279's rating: 1136 &rarr; <strong>1163</strong><br />(+27 for winning)\n|raw|IanIsBored's rating: 1160 &rarr; <strong>1133</strong><br />(-27 for losing)\n|c|\u2606Butter_Dawg0279|Gg\n|c|\u2606IanIsBored|ggs!\n|c|\u2606Butter_Dawg0279|Wp\n|c|\u2606IanIsBored|thanks for the game\n|c|\u2606Butter_Dawg0279|Likewise\n|c|\u2606Butter_Dawg0279|Was fun\n|c|\u2606Butter_Dawg0279|Have a nice day\n|c|\u2606IanIsBored|agreed\n|c|\u2606IanIsBored|you too!\n",
  "uploadtime": 1776285487,
  "views": 20,
  "formatid": "gen9championsvgc2026regma",
  "rating": 1133,
  "private": 0,
  "password": null
}