{
  "id": "gen9championsvgc2026regma-2587543994",
  "format": "[Gen 9 Champions] VGC 2026 Reg M-A",
  "players": [
    "Braute",
    "MaxDouille"
  ],
  "log": "|j|\u2606Braute\n|j|\u2606MaxDouille\n|t:|1776540907\n|gametype|doubles\n|player|p1|Braute|miku-fire|1197\n|player|p2|MaxDouille|volkner|1256\n|gen|9\n|tier|[Gen 9 Champions] VGC 2026 Reg M-A\n|rated|\n|rule|Species Clause: Limit one of each Pok\u00e9mon\n|rule|Item Clause: Limit 1 of each item\n|clearpoke\n|poke|p1|Glimmora, L50, F|\n|poke|p1|Talonflame, L50, F, shiny|\n|poke|p1|Ninetales-Alola, L50, F|\n|poke|p1|Basculegion, L50, M, shiny|\n|poke|p1|Incineroar, L50, F, shiny|\n|poke|p1|Kommo-o, L50, M|\n|poke|p2|Kangaskhan, L50, F|\n|poke|p2|Aegislash, L50, M|\n|poke|p2|Incineroar, L50, M|\n|poke|p2|Garchomp, L50, M|\n|poke|p2|Sinistcha-Masterpiece, L50|\n|poke|p2|Milotic, L50, M|\n|teampreview|4\n|inactive|Battle timer is ON: inactive players will automatically lose when time's up. (requested by Braute)\nMaxDouille rejected open team sheets.\n|inactive|MaxDouille has 60 seconds left.\n|\n|t:|1776540950\n|teamsize|p1|4\n|teamsize|p2|4\n|start\n|switch|p1a: Glimmora|Glimmora, L50, F|100/100\n|switch|p1b: Basculegion|Basculegion, L50, M, shiny|100/100\n|switch|p2a: Incineroar|Incineroar, L50, M|100/100\n|switch|p2b: Garchomp|Garchomp, L50, M|100/100\n|-ability|p2a: Incineroar|Intimidate|boost\n|-unboost|p1a: Glimmora|atk|1\n|-unboost|p1b: Basculegion|atk|1\n|turn|1\n|\n|t:|1776540975\n|move|p1a: Glimmora|Spiky Shield|p1a: Glimmora\n|-singleturn|p1a: Glimmora|move: Protect\n|move|p2b: Garchomp|Stomping Tantrum|p1a: Glimmora\n|-activate|p1a: Glimmora|move: Protect\n|-damage|p2b: Garchomp|88/100|[from] Spiky Shield|[of] p1a: Glimmora\n|move|p1b: Basculegion|Flip Turn|p2a: Incineroar\n|-supereffective|p2a: Incineroar|1\n|-damage|p2a: Incineroar|55/100\n|\n|t:|1776540986\n|switch|p1b: Kommo-o|Kommo-o, L50, M|100/100|[from] Flip Turn\n|move|p2a: Incineroar|Parting Shot|p1b: Kommo-o\n|-immune|p1b: Kommo-o|[from] ability: Soundproof\n|\n|upkeep\n|turn|2\n|inactive|MaxDouille has 30 seconds left.\n|\n|t:|1776541015\n|switch|p1a: Basculegion|Basculegion, L50, M, shiny|100/100\n|switch|p2a: Aegislash|Aegislash, L50, M|100/100\n|move|p2b: Garchomp|Stomping Tantrum|p1a: Basculegion\n|-damage|p1a: Basculegion|50/100\n|move|p1b: Kommo-o|Clangorous Soul|p1b: Kommo-o\n|-boost|p1b: Kommo-o|atk|1\n|-boost|p1b: Kommo-o|def|1\n|-boost|p1b: Kommo-o|spa|1\n|-boost|p1b: Kommo-o|spd|1\n|-boost|p1b: Kommo-o|spe|1\n|-damage|p1b: Kommo-o|68/100\n|\n|-heal|p1b: Kommo-o|73/100|[from] item: Leftovers\n|upkeep\n|turn|3\n|inactive|MaxDouille has 30 seconds left.\n|\n|t:|1776541046\n|move|p2b: Garchomp|Stomping Tantrum|p1a: Basculegion\n|-damage|p1a: Basculegion|0 fnt\n|faint|p1a: Basculegion\n|move|p1b: Kommo-o|Clanging Scales|p2a: Aegislash|[spread] p2a,p2b\n|-resisted|p2a: Aegislash|1\n|-supereffective|p2b: Garchomp|1\n|-damage|p2a: Aegislash|76/100\n|-damage|p2b: Garchomp|0 fnt\n|faint|p2b: Garchomp\n|-unboost|p1b: Kommo-o|def|1\n|-formechange|p2a: Aegislash|Aegislash-Blade|\n|move|p2a: Aegislash|Poltergeist|p1b: Kommo-o\n|-activate|p1b: Kommo-o|move: Poltergeist|Leftovers\n|-damage|p1b: Kommo-o|13/100\n|\n|-heal|p1b: Kommo-o|19/100|[from] item: Leftovers\n|-heal|p2a: Aegislash|82/100|[from] item: Leftovers\n|upkeep\n|\n|t:|1776541061\n|switch|p2b: Kangaskhan|Kangaskhan, L50, F|100/100\n|switch|p1a: Glimmora|Glimmora, L50, F|100/100\n|turn|4\n|\n|t:|1776541070\n|detailschange|p2b: Kangaskhan|Kangaskhan-Mega, L50, F\n|-mega|p2b: Kangaskhan|Kangaskhan|Kangaskhanite\n|move|p1b: Kommo-o|Protect|p1b: Kommo-o\n|-singleturn|p1b: Kommo-o|Protect\n|move|p1a: Glimmora|Spiky Shield|p1a: Glimmora\n|-singleturn|p1a: Glimmora|move: Protect\n|move|p2b: Kangaskhan|Fake Out|p1b: Kommo-o\n|-activate|p1b: Kommo-o|move: Protect\n|move|p2a: Aegislash|Iron Head|p1a: Glimmora\n|-activate|p1a: Glimmora|move: Protect\n|-damage|p2a: Aegislash|70/100|[from] Spiky Shield|[of] p1a: Glimmora\n|\n|-heal|p1b: Kommo-o|25/100|[from] item: Leftovers\n|-heal|p2a: Aegislash|76/100|[from] item: Leftovers\n|upkeep\n|turn|5\n|\n|t:|1776541086\n|detailschange|p1a: Glimmora|Glimmora-Mega, L50, F\n|-mega|p1a: Glimmora|Glimmora|Glimmoranite\n|move|p2b: Kangaskhan|Sucker Punch|p1b: Kommo-o\n|-resisted|p1b: Kommo-o|1\n|-damage|p1b: Kommo-o|14/100\n|-resisted|p1b: Kommo-o|1\n|-damage|p1b: Kommo-o|11/100\n|-hitcount|p1b: Kommo-o|2\n|move|p1b: Kommo-o|Aura Sphere|p2b: Kangaskhan\n|-supereffective|p2b: Kangaskhan|1\n|-damage|p2b: Kangaskhan|0 fnt\n|faint|p2b: Kangaskhan\n|move|p1a: Glimmora|Earth Power|p2a: Aegislash\n|-supereffective|p2a: Aegislash|1\n|-damage|p2a: Aegislash|0 fnt\n|faint|p2a: Aegislash\n|\n|-heal|p1b: Kommo-o|17/100|[from] item: Leftovers\n|upkeep\n|-message|MaxDouille forfeited.\n|\n|win|Braute\n|raw|Braute's rating: 1197 &rarr; <strong>1226</strong><br />(+29 for winning)\n|raw|MaxDouille's rating: 1256 &rarr; <strong>1227</strong><br />(-29 for losing)\n",
  "uploadtime": 1776541098,
  "views": 18,
  "formatid": "gen9championsvgc2026regma",
  "rating": 1226,
  "private": 0,
  "password": null
}