{
  "id": "gen9championsvgc2026regma-2587790441",
  "format": "[Gen 9 Champions] VGC 2026 Reg M-A",
  "players": [
    "Rworwo",
    "telegraphgo"
  ],
  "log": "|j|\u2606Rworwo\n|j|\u2606telegraphgo\n|t:|1776564290\n|gametype|doubles\n|player|p1|Rworwo|pokefan|1423\n|player|p2|telegraphgo|170|1419\n|gen|9\n|tier|[Gen 9 Champions] VGC 2026 Reg M-A\n|rated|\n|rule|Species Clause: Limit one of each Pok\u00e9mon\n|rule|Item Clause: Limit 1 of each item\n|clearpoke\n|poke|p1|Ampharos, L50, F, shiny|\n|poke|p1|Farigiraf, L50, F, shiny|\n|poke|p1|Basculegion, L50, M, shiny|\n|poke|p1|Lucario, L50, F, shiny|\n|poke|p1|Pelipper, L50, F, shiny|\n|poke|p1|Volcarona, L50, M|\n|poke|p2|Gengar, L50, M|\n|poke|p2|Whimsicott, L50, F|\n|poke|p2|Infernape, L50, M|\n|poke|p2|Basculegion, L50, M|\n|poke|p2|Incineroar, L50, F|\n|poke|p2|Politoed, L50, F|\n|teampreview|4\n|inactive|Battle timer is ON: inactive players will automatically lose when time's up. (requested by Rworwo)\n|inactive|Rworwo has 60 seconds left.\n|inactive|telegraphgo has 60 seconds left.\n|j| jasonrfry\n|l| jasonrfry\n|\n|t:|1776564349\n|teamsize|p1|4\n|teamsize|p2|4\n|start\n|switch|p1a: Farigiraf|Farigiraf, L50, F, shiny|100/100\n|switch|p1b: Ampharos|Ampharos, L50, F, shiny|100/100\n|switch|p2a: Infernape|Infernape, L50, M|100/100\n|switch|p2b: Basculegion|Basculegion, L50, M|100/100\n|turn|1\n|\n|t:|1776564364\n|detailschange|p1b: Ampharos|Ampharos-Mega, L50, F, shiny\n|-mega|p1b: Ampharos|Ampharos|Ampharosite\n|-ability|p1b: Ampharos|Mold Breaker\n|move|p2a: Infernape|U-turn|p1a: Farigiraf\n|-supereffective|p1a: Farigiraf|1\n|-damage|p1a: Farigiraf|70/100\n|\n|t:|1776564367\n|switch|p2a: Politoed|Politoed, L50, F|100/100|[from] U-turn\n|-weather|RainDance|[from] ability: Drizzle|[of] p2a: Politoed\n|move|p2b: Basculegion|Wave Crash|p1a: Farigiraf\n|-damage|p1a: Farigiraf|10/100\n|-enditem|p1a: Farigiraf|Sitrus Berry|[eat]\n|-heal|p1a: Farigiraf|34/100|[from] item: Sitrus Berry\n|-damage|p2b: Basculegion|78/100|[from] Recoil\n|move|p1a: Farigiraf|Psychic|p2a: Politoed\n|-damage|p2a: Politoed|77/100\n|move|p1b: Ampharos|Volt Switch|p2b: Basculegion\n|-supereffective|p2b: Basculegion|1\n|-damage|p2b: Basculegion|0 fnt\n|faint|p2b: Basculegion\n|\n|t:|1776564384\n|switch|p1b: Basculegion|Basculegion, L50, M, shiny|100/100|[from] Volt Switch\n|\n|-weather|RainDance|[upkeep]\n|-heal|p2a: Politoed|83/100|[from] item: Leftovers\n|upkeep\n|\n|t:|1776564395\n|switch|p2b: Gengar|Gengar, L50, M|100/100\n|turn|2\n|\n|t:|1776564420\n|detailschange|p2b: Gengar|Gengar-Mega, L50, M\n|-mega|p2b: Gengar|Gengar|Gengarite\n|move|p2b: Gengar|Protect|p2b: Gengar\n|-singleturn|p2b: Gengar|Protect\n|move|p1b: Basculegion|Flip Turn|p2b: Gengar\n|-activate|p2b: Gengar|move: Protect\n|move|p2a: Politoed|Icy Wind|p1a: Farigiraf|[spread] p1a,p1b\n|-resisted|p1b: Basculegion|1\n|-damage|p1a: Farigiraf|26/100\n|-damage|p1b: Basculegion|96/100\n|-unboost|p1a: Farigiraf|spe|1\n|-unboost|p1b: Basculegion|spe|1\n|move|p1a: Farigiraf|Trick Room|p1a: Farigiraf\n|-fieldstart|move: Trick Room|[of] p1a: Farigiraf\n|\n|-weather|RainDance|[upkeep]\n|-heal|p2a: Politoed|89/100|[from] item: Leftovers\n|upkeep\n|turn|3\n|inactive|Rworwo has 30 seconds left.\n|\n|t:|1776564450\n|move|p1a: Farigiraf|Psychic|p2b: Gengar\n|-supereffective|p2b: Gengar|1\n|-damage|p2b: Gengar|10/100\n|move|p2a: Politoed|Weather Ball|p1a: Farigiraf\n|-damage|p1a: Farigiraf|0 fnt\n|faint|p1a: Farigiraf\n|move|p1b: Basculegion|Flip Turn|p2b: Gengar\n|-damage|p2b: Gengar|0 fnt\n|faint|p2b: Gengar\n|\n|t:|1776564463\n|switch|p1b: Volcarona|Volcarona, L50, M|100/100|[from] Flip Turn\n|\n|-weather|RainDance|[upkeep]\n|-heal|p2a: Politoed|95/100|[from] item: Leftovers\n|upkeep\n|\n|t:|1776564465\n|switch|p1a: Ampharos|Ampharos-Mega, L50, F, shiny|100/100\n|switch|p2b: Infernape|Infernape, L50, M|100/100\n|-ability|p1a: Ampharos|Mold Breaker\n|turn|4\n|\n|t:|1776564487\n|move|p1b: Volcarona|Rage Powder|p1b: Volcarona\n|-singleturn|p1b: Volcarona|move: Rage Powder\n|move|p1a: Ampharos|Thunder|p2a: Politoed\n|-supereffective|p2a: Politoed|1\n|-damage|p2a: Politoed|0 fnt\n|faint|p2a: Politoed\n|move|p2b: Infernape|Drain Punch|p1b: Volcarona\n|-resisted|p1b: Volcarona|1\n|-crit|p1b: Volcarona\n|-damage|p1b: Volcarona|73/100\n|\n|-weather|RainDance|[upkeep]\n|-heal|p1b: Volcarona|79/100|[from] item: Leftovers\n|upkeep\n|turn|5\n|-message|telegraphgo forfeited.\n|\n|win|Rworwo\n|raw|Rworwo's rating: 1423 &rarr; <strong>1443</strong><br />(+20 for winning)\n|raw|telegraphgo's rating: 1419 &rarr; <strong>1399</strong><br />(-20 for losing)\n|l|\u2606telegraphgo\n|player|p2|\n|l|\u2606Rworwo\n|player|p1|\n",
  "uploadtime": 1776564597,
  "views": 16,
  "formatid": "gen9championsvgc2026regma",
  "rating": 1399,
  "private": 0,
  "password": null
}