{
  "id": "gen9championsvgc2026regma-2581500735",
  "format": "[Gen 9 Champions] VGC 2026 Reg M-A",
  "players": [
    "Chikitriskis",
    "LamestAmos"
  ],
  "log": "|j|\u2606Chikitriskis\n|j|\u2606LamestAmos\n|t:|1776006157\n|gametype|doubles\n|player|p1|Chikitriskis|canari|1179\n|player|p2|LamestAmos|veteran|1201\n|gen|9\n|tier|[Gen 9 Champions] VGC 2026 Reg M-A\n|rated|\n|rule|Species Clause: Limit one of each Pok\u00e9mon\n|rule|Item Clause: Limit 1 of each item\n|clearpoke\n|poke|p1|Venusaur, L50, M|\n|poke|p1|Toxapex, L50, F|\n|poke|p1|Farigiraf, L50, F|\n|poke|p1|Arcanine-Hisui, L50, M|\n|poke|p1|Ninetales-Alola, L50, M|\n|poke|p1|Basculegion, L50, M|\n|poke|p2|Aggron, L50, F|\n|poke|p2|Sinistcha-Masterpiece, L50|\n|poke|p2|Incineroar, L50, F|\n|poke|p2|Sneasler, L50, F|\n|poke|p2|Politoed, L50, M|\n|poke|p2|Garchomp, L50, F|\n|teampreview|4\n|inactive|Battle timer is ON: inactive players will automatically lose when time's up. (requested by Chikitriskis)\n|c|\u2606Chikitriskis|THE WALL\n|c|\u2606LamestAmos|HE\"S COMING\n|c|\u2606Chikitriskis|MUST RESPECT\n|inactive|LamestAmos has 60 seconds left.\n|c|\u2606Chikitriskis|DA WALL\n|c|\u2606LamestAmos|CANT'T OUTSTAL DA WALL\n|\n|t:|1776006209\n|teamsize|p1|4\n|teamsize|p2|4\n|start\n|switch|p1a: Venusaur|Venusaur, L50, M, shiny|100/100\n|switch|p1b: Toxapex|Toxapex, L50, F|100/100\n|switch|p2a: The Wall|Aggron, L50, F|100/100\n|switch|p2b: Incineroar|Incineroar, L50, F|100/100\n|-ability|p2b: Incineroar|Intimidate|boost\n|-unboost|p1a: Venusaur|atk|1\n|-unboost|p1b: Toxapex|atk|1\n|turn|1\n|c|\u2606Chikitriskis|STALL VS STALL\n|\n|t:|1776006226\n|switch|p1b: Farigiraf|Farigiraf, L50, F|100/100\n|detailschange|p1a: Venusaur|Venusaur-Mega, L50, M, shiny\n|-mega|p1a: Venusaur|Venusaur|Venusaurite\n|detailschange|p2a: The Wall|Aggron-Mega, L50, F\n|-mega|p2a: The Wall|Aggron|Aggronite\n|move|p1a: Venusaur|Leech Seed|p2a: The Wall\n|-start|p2a: The Wall|move: Leech Seed\n|move|p2b: Incineroar|Parting Shot|p1a: Venusaur\n|-unboost|p1a: Venusaur|atk|1\n|-unboost|p1a: Venusaur|spa|1\n|\n|t:|1776006237\n|switch|p2b: Sinistcha|Sinistcha-Masterpiece, L50|100/100|[from] Parting Shot\n|move|p2a: The Wall|Iron Defense|p2a: The Wall\n|-boost|p2a: The Wall|def|2\n|\n|-damage|p2a: The Wall|88/100|[from] Leech Seed|[of] p1a: Venusaur\n|upkeep\n|turn|2\n|\n|t:|1776006258\n|switch|p1b: Toxapex|Toxapex, L50, F|100/100\n|move|p1a: Venusaur|Sludge Bomb|p2b: Sinistcha\n|-damage|p2b: Sinistcha|77/100\n|move|p2b: Sinistcha|Life Dew|p2b: Sinistcha|[spread] p2a,p2b\n|-heal|p2a: The Wall|100/100\n|-heal|p2b: Sinistcha|100/100\n|move|p2a: The Wall|Body Press|p1b: Toxapex\n|-resisted|p1b: Toxapex|1\n|-damage|p1b: Toxapex|73/100\n|\n|-heal|p1b: Toxapex|79/100|[from] item: Leftovers\n|-damage|p2a: The Wall|88/100|[from] Leech Seed|[of] p1a: Venusaur\n|upkeep\n|turn|3\n|l|\u2606LamestAmos\n|inactive|LamestAmos disconnected and has a minute to reconnect!\n|player|p2|\n|inactive|LamestAmos has 30 seconds left.\n|inactive|LamestAmos has 20 seconds left.\n|inactive|LamestAmos has 15 seconds left.\n|j|\u2606LamestAmos\n|inactive|LamestAmos reconnected and has 15 seconds left.\n|player|p2|LamestAmos|veteran|\n|inactive|LamestAmos has 10 seconds left.\n|inactive|LamestAmos has 5 seconds left.\n|\n|t:|1776006312\n|switch|p2b: Incineroar|Incineroar, L50, F|100/100\n|-ability|p2b: Incineroar|Intimidate|boost\n|-unboost|p1a: Venusaur|atk|1\n|-unboost|p1b: Toxapex|atk|1\n|move|p1a: Venusaur|Sludge Bomb|p2b: Incineroar\n|-damage|p2b: Incineroar|81/100\n|move|p2a: The Wall|Body Press|p1b: Toxapex\n|-resisted|p1b: Toxapex|1\n|-damage|p1b: Toxapex|48/100\n|move|p1b: Toxapex|Infestation|p2b: Incineroar\n|-damage|p2b: Incineroar|79/100\n|-activate|p2b: Incineroar|move: Infestation|[of] p1b: Toxapex\n|\n|-heal|p1b: Toxapex|54/100|[from] item: Leftovers\n|-damage|p2a: The Wall|76/100|[from] Leech Seed|[of] p1a: Venusaur\n|-damage|p2b: Incineroar|66/100|[from] move: Infestation|[partiallytrapped]\n|upkeep\n|turn|4\n|\n|t:|1776006332\n|move|p1a: Venusaur|Protect|p1a: Venusaur\n|-singleturn|p1a: Venusaur|Protect\n|move|p2a: The Wall|Protect|p2a: The Wall\n|-singleturn|p2a: The Wall|Protect\n|move|p2b: Incineroar|Parting Shot|p1b: Toxapex\n|-unboost|p1b: Toxapex|atk|1\n|-unboost|p1b: Toxapex|spa|1\n|\n|t:|1776006340\n|switch|p2b: Sinistcha|Sinistcha-Masterpiece, L50|100/100|[from] Parting Shot\n|-heal|p2a: The Wall|100/100|[from] ability: Hospitality|[of] p2b: Sinistcha\n|move|p1b: Toxapex|Toxic Spikes|p2a: The Wall\n|-sidestart|p2: LamestAmos|move: Toxic Spikes\n|\n|-heal|p1b: Toxapex|60/100|[from] item: Leftovers\n|-damage|p2a: The Wall|88/100|[from] Leech Seed|[of] p1a: Venusaur\n|upkeep\n|turn|5\n|\n|t:|1776006355\n|switch|p2b: Incineroar|Incineroar, L50, F|66/100\n|-status|p2b: Incineroar|psn\n|-ability|p2b: Incineroar|Intimidate|boost\n|-unboost|p1a: Venusaur|atk|1\n|-unboost|p1b: Toxapex|atk|1\n|switch|p2a: Sneasler|Sneasler, L50, F|100/100\n|-sideend|p2: LamestAmos|move: Toxic Spikes|[of] p2a: Sneasler\n|move|p1a: Venusaur|Sludge Bomb|p2b: Incineroar\n|-damage|p2b: Incineroar|44/100 psn\n|-enditem|p2b: Incineroar|Sitrus Berry|[eat]\n|-heal|p2b: Incineroar|69/100 psn|[from] item: Sitrus Berry\n|move|p1b: Toxapex|Infestation|p2b: Incineroar\n|-damage|p2b: Incineroar|67/100 psn\n|-activate|p2b: Incineroar|move: Infestation|[of] p1b: Toxapex\n|\n|-heal|p1b: Toxapex|65/100|[from] item: Leftovers\n|-damage|p2b: Incineroar|55/100 psn|[from] psn\n|-damage|p2b: Incineroar|43/100 psn|[from] move: Infestation|[partiallytrapped]\n|upkeep\n|turn|6\n|c|\u2606LamestAmos|oh shit\n|inactive|LamestAmos has 30 seconds left.\n|\n|t:|1776006380\n|move|p1a: Venusaur|Protect|p1a: Venusaur\n|-singleturn|p1a: Venusaur|Protect\n|move|p2a: Sneasler|Dire Claw|p1a: Venusaur\n|-activate|p1a: Venusaur|move: Protect\n|move|p2b: Incineroar|Parting Shot|p1b: Toxapex\n|-unboost|p1b: Toxapex|atk|1\n|-unboost|p1b: Toxapex|spa|1\n|c|\u2606Chikitriskis|speeds\n|\n|t:|1776006390\n|switch|p2b: The Wall|Aggron-Mega, L50, F|88/100|[from] Parting Shot\n|move|p1b: Toxapex|Toxic Spikes|p2a: Sneasler\n|-sidestart|p2: LamestAmos|move: Toxic Spikes\n|\n|-heal|p1b: Toxapex|71/100|[from] item: Leftovers\n|upkeep\n|turn|7\n|\n|t:|1776006399\n|move|p2a: Sneasler|Dire Claw|p1a: Venusaur\n|-damage|p1a: Venusaur|70/100\n|move|p1a: Venusaur|Leech Seed|p2a: Sneasler\n|-start|p2a: Sneasler|move: Leech Seed\n|move|p2b: The Wall|Iron Defense|p2b: The Wall\n|-boost|p2b: The Wall|def|2\n|move|p1b: Toxapex|Infestation|p2a: Sneasler\n|-resisted|p2a: Sneasler|2\n|-damage|p2a: Sneasler|99/100\n|-activate|p2a: Sneasler|move: Infestation|[of] p1b: Toxapex\n|\n|-heal|p1b: Toxapex|77/100|[from] item: Leftovers\n|-damage|p2a: Sneasler|88/100|[from] Leech Seed|[of] p1a: Venusaur\n|-heal|p1a: Venusaur|80/100|[silent]\n|-damage|p2a: Sneasler|75/100|[from] move: Infestation|[partiallytrapped]\n|upkeep\n|turn|8\n|\n|t:|1776006413\n|move|p2a: Sneasler|Dire Claw|p1b: Toxapex\n|-resisted|p1b: Toxapex|1\n|-damage|p1b: Toxapex|60/100\n|move|p1a: Venusaur|Leech Seed|p2b: The Wall\n|-start|p2b: The Wall|move: Leech Seed\n|move|p2b: The Wall|Body Press|p1a: Venusaur\n|-resisted|p1a: Venusaur|1\n|-damage|p1a: Venusaur|58/100\n|move|p1b: Toxapex|Infestation|p2b: The Wall\n|-resisted|p2b: The Wall|1\n|-damage|p2b: The Wall|88/100\n|-activate|p2b: The Wall|move: Infestation|[of] p1b: Toxapex\n|\n|-heal|p1b: Toxapex|65/100|[from] item: Leftovers\n|-damage|p2a: Sneasler|63/100|[from] Leech Seed|[of] p1a: Venusaur\n|-heal|p1a: Venusaur|68/100|[silent]\n|-damage|p2b: The Wall|75/100|[from] Leech Seed|[of] p1a: Venusaur\n|-heal|p1a: Venusaur|80/100|[silent]\n|-damage|p2a: Sneasler|51/100|[from] move: Infestation|[partiallytrapped]\n|-damage|p2b: The Wall|63/100|[from] move: Infestation|[partiallytrapped]\n|upkeep\n|turn|9\n|inactive|Chikitriskis has 30 seconds left.\n|\n|t:|1776006440\n|move|p2a: Sneasler|Dire Claw|p1a: Venusaur\n|-damage|p1a: Venusaur|49/100\n|move|p1a: Venusaur|Giga Drain|p2a: Sneasler\n|-resisted|p2a: Sneasler|1\n|-damage|p2a: Sneasler|35/100\n|-heal|p1a: Venusaur|55/100|[from] drain|[of] p2a: Sneasler\n|move|p2b: The Wall|Iron Defense|p2b: The Wall\n|-boost|p2b: The Wall|def|2\n|move|p1b: Toxapex|Lunge|p2a: Sneasler\n|-resisted|p2a: Sneasler|2\n|-damage|p2a: Sneasler|33/100\n|-unboost|p2a: Sneasler|atk|1\n|-enditem|p2a: Sneasler|White Herb\n|-clearnegativeboost|p2a: Sneasler|[silent]\n|\n|-heal|p1b: Toxapex|71/100|[from] item: Leftovers\n|-damage|p2a: Sneasler|21/100|[from] Leech Seed|[of] p1a: Venusaur\n|-heal|p1a: Venusaur|65/100|[silent]\n|-damage|p2b: The Wall|50/100|[from] Leech Seed|[of] p1a: Venusaur\n|-heal|p1a: Venusaur|77/100|[silent]\n|-damage|p2a: Sneasler|9/100|[from] move: Infestation|[partiallytrapped]\n|-damage|p2b: The Wall|38/100|[from] move: Infestation|[partiallytrapped]\n|upkeep\n|turn|10\n|inactive|Chikitriskis has 30 seconds left.\n|\n|t:|1776006466\n|switch|p1b: Arcanine|Arcanine-Hisui, L50, M|100/100\n|-ability|p1b: Arcanine|Intimidate|boost\n|-unboost|p2a: Sneasler|atk|1\n|-unboost|p2b: The Wall|atk|1\n|move|p1a: Venusaur|Protect|p1a: Venusaur\n|-singleturn|p1a: Venusaur|Protect\n|move|p2a: Sneasler|Dire Claw|p1a: Venusaur\n|-activate|p1a: Venusaur|move: Protect\n|move|p2b: The Wall|Body Press|p1b: Arcanine\n|-supereffective|p1b: Arcanine|1\n|-damage|p1b: Arcanine|0 fnt\n|faint|p1b: Arcanine\n|\n|-damage|p2a: Sneasler|0 fnt|[from] Leech Seed|[of] p1a: Venusaur\n|-heal|p1a: Venusaur|84/100|[silent]\n|faint|p2a: Sneasler\n|-damage|p2b: The Wall|25/100|[from] Leech Seed|[of] p1a: Venusaur\n|-heal|p1a: Venusaur|96/100|[silent]\n|-end|p2b: The Wall|Infestation|[partiallytrapped]|[silent]\n|upkeep\n|\n|t:|1776006485\n|switch|p2a: Incineroar|Incineroar, L50, F|43/100 psn\n|switch|p1b: Farigiraf|Farigiraf, L50, F|100/100\n|-ability|p2a: Incineroar|Intimidate|boost\n|-unboost|p1a: Venusaur|atk|1\n|-unboost|p1b: Farigiraf|atk|1\n|turn|11\n|\n|t:|1776006504\n|move|p1a: Venusaur|Sludge Bomb|p2a: Incineroar\n|-damage|p2a: Incineroar|23/100 psn\n|move|p1b: Farigiraf|Psychic|p2a: Incineroar\n|-immune|p2a: Incineroar\n|move|p2a: Incineroar|Flare Blitz|p1a: Venusaur\n|-supereffective|p1a: Venusaur|1\n|-damage|p1a: Venusaur|64/100\n|-damage|p2a: Incineroar|13/100 psn|[from] Recoil\n|move|p2b: The Wall|Body Press|p1b: Farigiraf\n|-damage|p1b: Farigiraf|3/100\n|-enditem|p1b: Farigiraf|Sitrus Berry|[eat]\n|-heal|p1b: Farigiraf|27/100|[from] item: Sitrus Berry\n|\n|-damage|p2b: The Wall|13/100|[from] Leech Seed|[of] p1a: Venusaur\n|-heal|p1a: Venusaur|75/100|[silent]\n|-damage|p2a: Incineroar|0 fnt|[from] psn\n|faint|p2a: Incineroar\n|upkeep\n|\n|t:|1776006521\n|switch|p2a: Sinistcha|Sinistcha-Masterpiece, L50|100/100\n|-status|p2a: Sinistcha|psn\n|-heal|p2b: The Wall|38/100|[from] ability: Hospitality|[of] p2a: Sinistcha\n|turn|12\n|\n|t:|1776006530\n|move|p1a: Venusaur|Protect|p1a: Venusaur\n|-singleturn|p1a: Venusaur|Protect\n|move|p2a: Sinistcha|Life Dew||[still]|[spread] p2a,p2b\n|-fail|p2a: Sinistcha|heal\n|-heal|p2b: The Wall|63/100\n|move|p1b: Farigiraf|Psychic|p2a: Sinistcha\n|-damage|p2a: Sinistcha|68/100 psn\n|move|p2b: The Wall|Body Press|p1a: Venusaur\n|-activate|p1a: Venusaur|move: Protect\n|\n|-damage|p2b: The Wall|50/100|[from] Leech Seed|[of] p1a: Venusaur\n|-heal|p1a: Venusaur|87/100|[silent]\n|-damage|p2a: Sinistcha|56/100 psn|[from] psn\n|upkeep\n|turn|13\n|\n|t:|1776006540\n|move|p1a: Venusaur|Sludge Bomb|p2a: Sinistcha\n|-damage|p2a: Sinistcha|34/100 psn\n|move|p2a: Sinistcha|Life Dew|p2a: Sinistcha|[spread] p2a,p2b\n|-heal|p2a: Sinistcha|59/100 psn\n|-heal|p2b: The Wall|75/100\n|move|p1b: Farigiraf|Psychic|p2a: Sinistcha\n|-damage|p2a: Sinistcha|29/100 psn\n|move|p2b: The Wall|Body Press|p1a: Venusaur\n|-resisted|p1a: Venusaur|1\n|-damage|p1a: Venusaur|54/100\n|\n|-damage|p2b: The Wall|63/100|[from] Leech Seed|[of] p1a: Venusaur\n|-heal|p1a: Venusaur|66/100|[silent]\n|-damage|p2a: Sinistcha|17/100 psn|[from] psn\n|upkeep\n|turn|14\n|inactive|LamestAmos has 30 seconds left.\n|\n|t:|1776006566\n|switch|p1b: Toxapex|Toxapex, L50, F|100/100\n|move|p1a: Venusaur|Sludge Bomb|p2a: Sinistcha\n|-damage|p2a: Sinistcha|0 fnt\n|faint|p2a: Sinistcha\n|move|p2b: The Wall|Body Press|p1a: Venusaur\n|-resisted|p1a: Venusaur|1\n|-damage|p1a: Venusaur|29/100\n|\n|-damage|p2b: The Wall|50/100|[from] Leech Seed|[of] p1a: Venusaur\n|-heal|p1a: Venusaur|41/100|[silent]\n|upkeep\n|turn|15\n|c|\u2606LamestAmos|well done\n|c|\u2606Chikitriskis|thx\n|c|\u2606Chikitriskis|ggs\n|inactive|LamestAmos has 30 seconds left.\n|c|\u2606LamestAmos|you've iutstalled the wall\n|c|\u2606LamestAmos|*outstall\n|c|\u2606Chikitriskis|Wall vs wall\n|inactive|LamestAmos has 20 seconds left.\n|c|\u2606LamestAmos|but he'll be back\n|\n|t:|1776006605\n|move|p1a: Venusaur|Protect|p1a: Venusaur\n|-singleturn|p1a: Venusaur|Protect\n|move|p2b: The Wall|Body Press|p1a: Venusaur\n|-activate|p1a: Venusaur|move: Protect\n|move|p1b: Toxapex|Infestation|p2b: The Wall\n|-resisted|p2b: The Wall|1\n|-damage|p2b: The Wall|49/100\n|-activate|p2b: The Wall|move: Infestation|[of] p1b: Toxapex\n|\n|-damage|p2b: The Wall|37/100|[from] Leech Seed|[of] p1a: Venusaur\n|-heal|p1a: Venusaur|52/100|[silent]\n|-damage|p2b: The Wall|24/100|[from] move: Infestation|[partiallytrapped]\n|upkeep\n|turn|16\n|c|\u2606Chikitriskis|im sure\n|\n|t:|1776006621\n|move|p1a: Venusaur|Protect||[still]\n|-fail|p1a: Venusaur\n|move|p2b: The Wall|Body Press|p1a: Venusaur\n|-resisted|p1a: Venusaur|1\n|-damage|p1a: Venusaur|20/100\n|move|p1b: Toxapex|Lunge|p2b: The Wall\n|-resisted|p2b: The Wall|1\n|-damage|p2b: The Wall|23/100\n|-unboost|p2b: The Wall|atk|1\n|\n|-damage|p2b: The Wall|11/100|[from] Leech Seed|[of] p1a: Venusaur\n|-heal|p1a: Venusaur|32/100|[silent]\n|-damage|p2b: The Wall|0 fnt|[from] move: Infestation|[partiallytrapped]\n|faint|p2b: The Wall\n|\n|win|Chikitriskis\n|raw|Chikitriskis's rating: 1179 &rarr; <strong>1206</strong><br />(+27 for winning)\n|raw|LamestAmos's rating: 1201 &rarr; <strong>1174</strong><br />(-27 for losing)\n",
  "uploadtime": 1776006623,
  "views": 24,
  "formatid": "gen9championsvgc2026regma",
  "rating": 1174,
  "private": 0,
  "password": null
}