{
  "id": "gen9championsvgc2026regma-2588248897",
  "format": "[Gen 9 Champions] VGC 2026 Reg M-A",
  "players": [
    "kirby magolor",
    "bullgod4ever"
  ],
  "log": "|j|\u2606kirby magolor\n|j|\u2606bullgod4ever\n|t:|1776617950\n|gametype|doubles\n|player|p1|kirby magolor|265|1351\n|player|p2|bullgod4ever|2|1383\n|gen|9\n|tier|[Gen 9 Champions] VGC 2026 Reg M-A\n|rated|\n|rule|Species Clause: Limit one of each Pok\u00e9mon\n|rule|Item Clause: Limit 1 of each item\n|clearpoke\n|poke|p1|Floette-Eternal, L50, F|\n|poke|p1|Maushold, L50, shiny|\n|poke|p1|Aerodactyl, L50, M|\n|poke|p1|Sneasler, L50, F|\n|poke|p1|Delphox, L50, F, shiny|\n|poke|p1|Garchomp, L50, F, shiny|\n|poke|p2|Charizard, L50, F|\n|poke|p2|Garchomp, L50, F|\n|poke|p2|Venusaur, L50, F|\n|poke|p2|Basculegion, L50, M|\n|poke|p2|Incineroar, L50, F|\n|poke|p2|Scizor, L50, M|\n|teampreview|4\n|\n|t:|1776617988\n|teamsize|p1|4\n|teamsize|p2|4\n|start\n|switch|p1a: Direita|Aerodactyl, L50, M|100/100\n|switch|p1b: Za hando|Sneasler, L50, F|100/100\n|switch|p2a: Scizor|Scizor, L50, M|100/100\n|switch|p2b: Basculegion|Basculegion, L50, M|100/100\n|-ability|p1a: Direita|Unnerve\n|turn|1\n|\n|t:|1776618006\n|move|p1b: Za hando|Fake Out|p2a: Scizor\n|-resisted|p2a: Scizor|1\n|-damage|p2a: Scizor|93/100\n|cant|p2a: Scizor|flinch\n|move|p2b: Basculegion|Flip Turn|p1a: Direita\n|-supereffective|p1a: Direita|1\n|-enditem|p1a: Direita|Focus Sash\n|-damage|p1a: Direita|1/100\n|\n|t:|1776618017\n|switch|p2b: Venusaur|Venusaur, L50, F|100/100|[from] Flip Turn\n|move|p1a: Direita|Tailwind|p1a: Direita\n|-sidestart|p1: kirby magolor|move: Tailwind\n|\n|upkeep\n|turn|2\n|\n|t:|1776618031\n|move|p2b: Venusaur|Protect|p2b: Venusaur\n|-singleturn|p2b: Venusaur|Protect\n|move|p2a: Scizor|Bullet Punch|p1a: Direita\n|-supereffective|p1a: Direita|1\n|-damage|p1a: Direita|0 fnt\n|faint|p1a: Direita\n|move|p1b: Za hando|Dire Claw|p2b: Venusaur\n|-activate|p2b: Venusaur|move: Protect\n|\n|upkeep\n|\n|t:|1776618035\n|switch|p1a: Ralsei|Delphox, L50, F, shiny|100/100\n|turn|3\n|\n|t:|1776618063\n|switch|p2b: Basculegion|Basculegion, L50, M|100/100\n|detailschange|p1a: Ralsei|Delphox-Mega, L50, F, shiny\n|-mega|p1a: Ralsei|Delphox|Delphoxite\n|move|p2a: Scizor|Bullet Punch|p1b: Za hando\n|-damage|p1b: Za hando|50/100\n|move|p1a: Ralsei|Heat Wave|p2b: Basculegion|[spread] p2a\n|-miss|p1a: Ralsei|p2b: Basculegion\n|-supereffective|p2a: Scizor|2\n|-damage|p2a: Scizor|0 fnt\n|faint|p2a: Scizor\n|move|p1b: Za hando|Dire Claw|p2b: Basculegion\n|-resisted|p2b: Basculegion|1\n|-damage|p2b: Basculegion|72/100\n|\n|upkeep\n|\n|t:|1776618080\n|switch|p2a: Charizard|Charizard, L50, F|100/100\n|turn|4\n|\n|t:|1776618090\n|move|p2a: Charizard|Protect|p2a: Charizard\n|-singleturn|p2a: Charizard|Protect\n|move|p1a: Ralsei|Heat Wave|p2a: Charizard|[spread] p2b\n|-activate|p2a: Charizard|move: Protect\n|-resisted|p2b: Basculegion|1\n|-damage|p2b: Basculegion|49/100\n|move|p1b: Za hando|Dire Claw|p2b: Basculegion\n|-resisted|p2b: Basculegion|1\n|-damage|p2b: Basculegion|23/100\n|-status|p2b: Basculegion|slp\n|cant|p2b: Basculegion|slp\n|\n|-sideend|p1: kirby magolor|move: Tailwind\n|upkeep\n|turn|5\n|\n|t:|1776618119\n|detailschange|p2a: Charizard|Charizard-Mega-Y, L50, F\n|-mega|p2a: Charizard|Charizard|Charizardite Y\n|-weather|SunnyDay|[from] ability: Drought|[of] p2a: Charizard\n|-curestatus|p2b: Basculegion|slp|[msg]\n|move|p2b: Basculegion|Last Respects|p1a: Ralsei\n|-supereffective|p1a: Ralsei|1\n|-damage|p1a: Ralsei|0 fnt\n|faint|p1a: Ralsei\n|move|p1b: Za hando|Dire Claw|p2b: Basculegion\n|-resisted|p2b: Basculegion|1\n|-damage|p2b: Basculegion|0 fnt\n|faint|p2b: Basculegion\n|move|p2a: Charizard|Heat Wave|p1b: Za hando\n|-damage|p1b: Za hando|0 fnt\n|faint|p1b: Za hando\n|\n|-weather|SunnyDay|[upkeep]\n|upkeep\n|\n|t:|1776618136\n|switch|p1b: Mahoraga|Garchomp, L50, F, shiny|100/100\n|switch|p2b: Venusaur|Venusaur, L50, F|100/100\n|turn|6\n|\n|t:|1776618143\n|move|p2a: Charizard|Protect|p2a: Charizard\n|-singleturn|p2a: Charizard|Protect\n|move|p2b: Venusaur|Sleep Powder|p1b: Mahoraga|[miss]\n|-miss|p2b: Venusaur|p1b: Mahoraga\n|move|p1b: Mahoraga|Rock Slide|p2b: Venusaur|[spread] p2b\n|-activate|p2a: Charizard|move: Protect\n|-damage|p2b: Venusaur|74/100\n|\n|-weather|SunnyDay|[upkeep]\n|upkeep\n|turn|7\n|\n|t:|1776618157\n|move|p2b: Venusaur|Sleep Powder|p1b: Mahoraga|[miss]\n|-miss|p2b: Venusaur|p1b: Mahoraga\n|move|p1b: Mahoraga|Rock Slide|p2a: Charizard|[spread] p2a,p2b\n|-supereffective|p2a: Charizard|2\n|-damage|p2a: Charizard|0 fnt\n|-damage|p2b: Venusaur|48/100\n|faint|p2a: Charizard\n|\n|-weather|SunnyDay|[upkeep]\n|upkeep\n|turn|8\n|\n|t:|1776618169\n|move|p2b: Venusaur|Sleep Powder|p1b: Mahoraga\n|-status|p1b: Mahoraga|slp|[from] move: Sleep Powder\n|cant|p1b: Mahoraga|slp\n|\n|-weather|SunnyDay|[upkeep]\n|upkeep\n|turn|9\n|\n|t:|1776618177\n|move|p2b: Venusaur|Energy Ball|p1b: Mahoraga\n|-damage|p1b: Mahoraga|57/100 slp\n|-curestatus|p1b: Mahoraga|slp|[msg]\n|move|p1b: Mahoraga|Rock Slide|p2b: Venusaur\n|-damage|p2b: Venusaur|9/100\n|\n|-weather|none\n|upkeep\n|turn|10\n|c|\u2606bullgod4ever|Haha ur luck is insane! Gg fun to watch\n|\n|t:|1776618198\n|move|p1b: Mahoraga|Rock Slide|p2b: Venusaur\n|-damage|p2b: Venusaur|0 fnt\n|faint|p2b: Venusaur\n|\n|win|kirby magolor\n|raw|kirby magolor's rating: 1351 &rarr; <strong>1373</strong><br />(+22 for winning)\n|raw|bullgod4ever's rating: 1383 &rarr; <strong>1361</strong><br />(-22 for losing)\n|c|\u2606kirby magolor|Ggs\n|c|\u2606kirby magolor|2 solar beans guaranteed ohko btw\n|l|\u2606kirby magolor\n|player|p1|\n|j|\u2606kirby magolor\n|player|p1|kirby magolor|265|\n|c|\u2606bullgod4ever|I mean i hit either sleep u lose haha\n",
  "uploadtime": 1776618239,
  "views": 12,
  "formatid": "gen9championsvgc2026regma",
  "rating": 1361,
  "private": 0,
  "password": null
}