{
  "id": "gen9championsvgc2026regma-2587105193",
  "format": "[Gen 9 Champions] VGC 2026 Reg M-A",
  "players": [
    "quocdep",
    "PogChester"
  ],
  "log": "|j|\u2606quocdep\n|j|\u2606PogChester\n|t:|1776494089\n|gametype|doubles\n|player|p1|quocdep|1|1167\n|player|p2|PogChester|169|1126\n|gen|9\n|tier|[Gen 9 Champions] VGC 2026 Reg M-A\n|rated|\n|rule|Species Clause: Limit one of each Pok\u00e9mon\n|rule|Item Clause: Limit 1 of each item\n|clearpoke\n|poke|p1|Slowbro, L50, M|\n|poke|p1|Sinistcha, L50|\n|poke|p1|Meowstic, L50, M|\n|poke|p1|Gardevoir, L50, M|\n|poke|p1|Kingambit, L50, M|\n|poke|p1|Conkeldurr, L50, M|\n|poke|p2|Charizard, L50, F, shiny|\n|poke|p2|Basculegion, L50, M|\n|poke|p2|Incineroar, L50, M|\n|poke|p2|Sneasler, L50, F|\n|poke|p2|Garchomp, L50, F|\n|poke|p2|Venusaur, L50, F|\n|teampreview|4\n|\n|t:|1776494135\n|teamsize|p1|4\n|teamsize|p2|4\n|start\n|switch|p1a: boykisser|Meowstic, L50, M|100/100\n|switch|p1b: jimi hendrix|Slowbro, L50, M|100/100\n|switch|p2a: Charizard|Charizard, L50, F, shiny|100/100\n|switch|p2b: Incineroar|Incineroar, L50, M|100/100\n|-ability|p2b: Incineroar|Intimidate|boost\n|-unboost|p1a: boykisser|atk|1\n|-unboost|p1b: jimi hendrix|atk|1\n|turn|1\n|inactive|Battle timer is ON: inactive players will automatically lose when time's up. (requested by PogChester)\n|\n|t:|1776494153\n|detailschange|p2a: Charizard|Charizard-Mega-Y, L50, F, shiny\n|-mega|p2a: Charizard|Charizard|Charizardite Y\n|-weather|SunnyDay|[from] ability: Drought|[of] p2a: Charizard\n|detailschange|p1b: jimi hendrix|Slowbro-Mega, L50, M\n|-mega|p1b: jimi hendrix|Slowbro|Slowbronite\n|move|p1a: boykisser|Fake Out|p2b: Incineroar\n|-damage|p2b: Incineroar|97/100\n|move|p2a: Charizard|Air Slash|p1a: boykisser\n|-damage|p1a: boykisser|51/100\n|cant|p2b: Incineroar|flinch\n|move|p1b: jimi hendrix|Calm Mind|p1b: jimi hendrix\n|-boost|p1b: jimi hendrix|spa|1\n|-boost|p1b: jimi hendrix|spd|1\n|\n|-weather|SunnyDay|[upkeep]\n|upkeep\n|turn|2\n|\n|t:|1776494176\n|move|p2a: Charizard|Air Slash|p1b: jimi hendrix\n|-damage|p1b: jimi hendrix|72/100\n|move|p2b: Incineroar|Throat Chop|p1b: jimi hendrix\n|-supereffective|p1b: jimi hendrix|1\n|-damage|p1b: jimi hendrix|32/100\n|-start|p1b: jimi hendrix|Throat Chop|[silent]\n|move|p1b: jimi hendrix|Scald|p2b: Incineroar\n|-supereffective|p2b: Incineroar|1\n|-damage|p2b: Incineroar|46/100\n|-enditem|p2b: Incineroar|Sitrus Berry|[eat]\n|-heal|p2b: Incineroar|70/100|[from] item: Sitrus Berry\n|move|p1a: boykisser|Trick Room|p1a: boykisser\n|-fieldstart|move: Trick Room|[of] p1a: boykisser\n|\n|-weather|SunnyDay|[upkeep]\n|upkeep\n|turn|3\n|inactive|quocdep has 30 seconds left.\n|\n|t:|1776494205\n|switch|p1a: labubu master|Sinistcha, L50|100/100\n|-heal|p1b: jimi hendrix|57/100|[from] ability: Hospitality|[of] p1a: labubu master\n|move|p1b: jimi hendrix|Slack Off|p1b: jimi hendrix\n|-heal|p1b: jimi hendrix|100/100\n|move|p2b: Incineroar|Throat Chop|p1b: jimi hendrix\n|-supereffective|p1b: jimi hendrix|1\n|-damage|p1b: jimi hendrix|62/100\n|move|p2a: Charizard|Weather Ball|p1a: labubu master\n|-supereffective|p1a: labubu master|1\n|-damage|p1a: labubu master|0 fnt\n|faint|p1a: labubu master\n|\n|-weather|SunnyDay|[upkeep]\n|-end|p1b: jimi hendrix|Throat Chop|[silent]\n|upkeep\n|\n|t:|1776494218\n|switch|p1a: unc|Conkeldurr, L50, M|100/100\n|turn|4\n|\n|t:|1776494226\n|move|p1b: jimi hendrix|Calm Mind|p1b: jimi hendrix\n|-boost|p1b: jimi hendrix|spa|1\n|-boost|p1b: jimi hendrix|spd|1\n|move|p1a: unc|Close Combat|p2b: Incineroar\n|-supereffective|p2b: Incineroar|1\n|-damage|p2b: Incineroar|0 fnt\n|-unboost|p1a: unc|def|1\n|-unboost|p1a: unc|spd|1\n|faint|p2b: Incineroar\n|-enditem|p1a: unc|White Herb\n|-clearnegativeboost|p1a: unc|[silent]\n|move|p2a: Charizard|Air Slash|p1a: unc\n|-supereffective|p1a: unc|1\n|-damage|p1a: unc|0 fnt\n|faint|p1a: unc\n|\n|-weather|SunnyDay|[upkeep]\n|upkeep\n|\n|t:|1776494241\n|switch|p1a: boykisser|Meowstic, L50, M|51/100\n|switch|p2b: Venusaur|Venusaur, L50, F|100/100\n|turn|5\n|\n|t:|1776494252\n|move|p1a: boykisser|Psychic Terrain|p1a: boykisser\n|-fieldstart|move: Psychic Terrain\n|move|p1b: jimi hendrix|Expanding Force|p2a: Charizard|[spread] p2a,p2b\n|-supereffective|p2b: Venusaur|1\n|-damage|p2a: Charizard|0 fnt\n|-enditem|p2b: Venusaur|Focus Sash\n|-damage|p2b: Venusaur|1/100\n|faint|p2a: Charizard\n|move|p2b: Venusaur|Sleep Powder|p1b: jimi hendrix\n|-status|p1b: jimi hendrix|slp|[from] move: Sleep Powder\n|\n|-weather|none\n|upkeep\n|\n|t:|1776494262\n|switch|p2a: Sneasler|Sneasler, L50, F|100/100\n|turn|6\n|\n|t:|1776494284\n|cant|p1b: jimi hendrix|slp\n|move|p1a: boykisser|Expanding Force|p2b: Venusaur|[spread] p2a,p2b\n|-supereffective|p2a: Sneasler|2\n|-supereffective|p2b: Venusaur|1\n|-damage|p2a: Sneasler|0 fnt\n|-damage|p2b: Venusaur|0 fnt\n|faint|p2a: Sneasler\n|faint|p2b: Venusaur\n|\n|win|quocdep\n|raw|quocdep's rating: 1167 &rarr; <strong>1189</strong><br />(+22 for winning)\n|raw|PogChester's rating: 1126 &rarr; <strong>1104</strong><br />(-22 for losing)\n",
  "uploadtime": 1776494375,
  "views": 19,
  "formatid": "gen9championsvgc2026regma",
  "rating": 1104,
  "private": 0,
  "password": null
}