{
  "id": "gen9championsvgc2026regma-2589514046",
  "format": "[Gen 9 Champions] VGC 2026 Reg M-A",
  "players": [
    "gwen.everest1997",
    "SeekerRanger02"
  ],
  "log": "|j|\u2606gwen.everest1997\n|j|\u2606SeekerRanger02\n|t:|1776729877\n|gametype|doubles\n|player|p1|gwen.everest1997|rosa|1054\n|player|p2|SeekerRanger02|266|1109\n|gen|9\n|tier|[Gen 9 Champions] VGC 2026 Reg M-A\n|rated|\n|rule|Species Clause: Limit one of each Pok\u00e9mon\n|rule|Item Clause: Limit 1 of each item\n|clearpoke\n|poke|p1|Aerodactyl, L50, M|\n|poke|p1|Sinistcha, L50|\n|poke|p1|Froslass, L50, F|\n|poke|p1|Kingambit, L50, M|\n|poke|p1|Sneasler, L50, F|\n|poke|p1|Rotom-Wash, L50|\n|poke|p2|Charizard, L50, F, shiny|\n|poke|p2|Venusaur, L50, M|\n|poke|p2|Basculegion, L50, M|\n|poke|p2|Farigiraf, L50, F|\n|poke|p2|Incineroar, L50, F|\n|poke|p2|Rhyperior, L50, M|\n|teampreview|4\n|inactive|Battle timer is ON: inactive players will automatically lose when time's up. (requested by gwen.everest1997)\ngwen.everest1997 has agreed to open team sheets.\nSeekerRanger02 rejected open team sheets.\n|\n|t:|1776729907\n|teamsize|p1|4\n|teamsize|p2|4\n|start\n|switch|p1a: Aerodactyl|Aerodactyl, L50, M|100/100\n|switch|p1b: Froslass|Froslass, L50, F|100/100\n|switch|p2a: Farigiraf|Farigiraf, L50, F|100/100\n|switch|p2b: Rhyperior|Rhyperior, L50, M|100/100\n|-ability|p1a: Aerodactyl|Unnerve\n|turn|1\n|\n|t:|1776729931\n|detailschange|p1b: Froslass|Froslass-Mega, L50, F\n|-mega|p1b: Froslass|Froslass|Froslassite\n|-weather|Snowscape|[from] ability: Snow Warning|[of] p1b: Froslass\n|move|p2b: Rhyperior|Protect|p2b: Rhyperior\n|-singleturn|p2b: Rhyperior|Protect\n|move|p1a: Aerodactyl|Rock Slide|p2a: Farigiraf|[spread] \n|-activate|p2b: Rhyperior|move: Protect\n|-miss|p1a: Aerodactyl|p2a: Farigiraf\n|move|p1b: Froslass|Blizzard|p2b: Rhyperior|[spread] p2a\n|-activate|p2b: Rhyperior|move: Protect\n|-damage|p2a: Farigiraf|58/100\n|move|p2a: Farigiraf|Trick Room|p2a: Farigiraf\n|-fieldstart|move: Trick Room|[of] p2a: Farigiraf\n|\n|-weather|Snowscape|[upkeep]\n|upkeep\n|turn|2\n|inactive|gwen.everest1997 has 30 seconds left.\n|inactive|gwen.everest1997 has 20 seconds left.\n|\n|t:|1776729966\n|move|p2b: Rhyperior|Ice Punch|p1a: Aerodactyl\n|-supereffective|p1a: Aerodactyl|1\n|-damage|p1a: Aerodactyl|35/100\n|move|p2a: Farigiraf|Psychic|p1b: Froslass\n|-damage|p1b: Froslass|60/100\n|move|p1b: Froslass|Blizzard|p2b: Rhyperior|[spread] p2a,p2b\n|-supereffective|p2b: Rhyperior|1\n|-damage|p2a: Farigiraf|18/100\n|-damage|p2b: Rhyperior|42/100\n|move|p1a: Aerodactyl|Dual Wingbeat|p2a: Farigiraf\n|-damage|p2a: Farigiraf|6/100\n|-damage|p2a: Farigiraf|0 fnt\n|faint|p2a: Farigiraf\n|-hitcount|p2: Farigiraf|2\n|\n|-weather|Snowscape|[upkeep]\n|-heal|p2b: Rhyperior|48/100|[from] item: Leftovers\n|upkeep\n|\n|t:|1776729981\n|switch|p2a: Basculegion|Basculegion, L50, M|100/100\n|turn|3\n|\n|t:|1776729996\n|move|p2b: Rhyperior|Protect|p2b: Rhyperior\n|-singleturn|p2b: Rhyperior|Protect\n|move|p1b: Froslass|Shadow Ball|p2a: Basculegion\n|-supereffective|p2a: Basculegion|1\n|-damage|p2a: Basculegion|3/100\n|move|p2a: Basculegion|Phantom Force||[still]\n|-prepare|p2a: Basculegion|Phantom Force\n|move|p1a: Aerodactyl|Dual Wingbeat|p2a: Basculegion|[miss]\n|-miss|p1a: Aerodactyl|p2a: Basculegion\n|\n|-weather|Snowscape|[upkeep]\n|-heal|p2b: Rhyperior|54/100|[from] item: Leftovers\n|upkeep\n|turn|4\n|\n|t:|1776730014\n|move|p1b: Froslass|Protect|p1b: Froslass\n|-singleturn|p1b: Froslass|Protect\n|move|p2b: Rhyperior|Ice Punch|p1a: Aerodactyl\n|-supereffective|p1a: Aerodactyl|1\n|-damage|p1a: Aerodactyl|0 fnt\n|faint|p1a: Aerodactyl\n|move|p2a: Basculegion|Phantom Force|p1b: Froslass|[from] lockedmove\n|-activate|p1b: Froslass|move: Phantom Force|[broken]\n|-supereffective|p1b: Froslass|1\n|-damage|p1b: Froslass|0 fnt\n|faint|p1b: Froslass\n|\n|-weather|Snowscape|[upkeep]\n|-heal|p2b: Rhyperior|60/100|[from] item: Leftovers\n|upkeep\n|\n|t:|1776730027\n|switch|p1b: Sinistcha|Sinistcha, L50|100/100\n|switch|p1a: Sneasler|Sneasler, L50, F|100/100\n|turn|5\n|\n|t:|1776730046\n|move|p1a: Sneasler|Protect|p1a: Sneasler\n|-singleturn|p1a: Sneasler|Protect\n|move|p2b: Rhyperior|High Horsepower|p1a: Sneasler\n|-activate|p1a: Sneasler|move: Protect\n|move|p1b: Sinistcha|Matcha Gotcha|p2a: Basculegion|[spread] p2a,p2b\n|-supereffective|p2a: Basculegion|1\n|-supereffective|p2b: Rhyperior|2\n|-crit|p2b: Rhyperior\n|-damage|p2a: Basculegion|0 fnt\n|-damage|p2b: Rhyperior|0 fnt\n|faint|p2a: Basculegion\n|faint|p2b: Rhyperior\n|\n|-weather|none\n|-fieldend|move: Trick Room\n|upkeep\n|\n|t:|1776730061\n|switch|p2b: Charizard|Charizard, L50, F, shiny|100/100\n|turn|6\n|\n|t:|1776730083\n|detailschange|p2b: Charizard|Charizard-Mega-Y, L50, F, shiny\n|-mega|p2b: Charizard|Charizard|Charizardite Y\n|-weather|SunnyDay|[from] ability: Drought|[of] p2b: Charizard\n|move|p1b: Sinistcha|Rage Powder|p1b: Sinistcha\n|-singleturn|p1b: Sinistcha|move: Rage Powder\n|move|p1a: Sneasler|Dire Claw|p2b: Charizard\n|-damage|p2b: Charizard|44/100\n|move|p2b: Charizard|Heat Wave|p1b: Sinistcha|[spread] p1a,p1b\n|-supereffective|p1b: Sinistcha|1\n|-damage|p1a: Sneasler|8/100\n|-damage|p1b: Sinistcha|0 fnt\n|faint|p1b: Sinistcha\n|\n|-weather|SunnyDay|[upkeep]\n|upkeep\n|turn|7\n|\n|t:|1776730101\n|move|p1a: Sneasler|Dire Claw|p2b: Charizard\n|-damage|p2b: Charizard|0 fnt\n|faint|p2b: Charizard\n|\n|win|gwen.everest1997\n|raw|gwen.everest1997's rating: 1054 &rarr; <strong>1091</strong><br />(+37 for winning)\n|raw|SeekerRanger02's rating: 1109 &rarr; <strong>1080</strong><br />(-29 for losing)\n|c|\u2606gwen.everest1997|ggwp\n",
  "uploadtime": 1776730105,
  "views": 3,
  "formatid": "gen9championsvgc2026regma",
  "rating": 1080,
  "private": 0,
  "password": null
}