{
  "id": "gen9championsvgc2026regma-2588675742",
  "format": "[Gen 9 Champions] VGC 2026 Reg M-A",
  "players": [
    "200liam",
    "MilkTeaWayGalaxy"
  ],
  "log": "|j|\u2606200liam\n|j|\u2606MilkTeaWayGalaxy\n|t:|1776656501\n|gametype|doubles\n|player|p1|200liam|lucas|1369\n|player|p2|MilkTeaWayGalaxy|rosa-pokestar3|1460\n|gen|9\n|tier|[Gen 9 Champions] VGC 2026 Reg M-A\n|rated|\n|rule|Species Clause: Limit one of each Pok\u00e9mon\n|rule|Item Clause: Limit 1 of each item\n|clearpoke\n|poke|p1|Kingambit, L50, M|\n|poke|p1|Farigiraf, L50, F|\n|poke|p1|Clefable, L50, M|\n|poke|p1|Crabominable, L50, M|\n|poke|p1|Basculegion, L50, M|\n|poke|p1|Tyranitar, L50, M|\n|poke|p2|Froslass, L50, F|\n|poke|p2|Milotic, L50, M|\n|poke|p2|Sneasler, L50, M|\n|poke|p2|Kangaskhan, L50, F|\n|poke|p2|Aerodactyl, L50, M|\n|poke|p2|Sinistcha, L50|\n|teampreview|4\n|\n|t:|1776656553\n|teamsize|p1|4\n|teamsize|p2|4\n|start\n|switch|p1a: Farigiraf|Farigiraf, L50, F|100/100\n|switch|p1b: Clefable|Clefable, L50, M|100/100\n|switch|p2a: Froslass|Froslass, L50, F|100/100\n|switch|p2b: Kangaskhan|Kangaskhan, L50, F|100/100\n|turn|1\n|\n|t:|1776656568\n|detailschange|p2a: Froslass|Froslass-Mega, L50, F\n|-mega|p2a: Froslass|Froslass|Froslassite\n|-weather|Snowscape|[from] ability: Snow Warning|[of] p2a: Froslass\n|move|p1b: Clefable|Follow Me|p1b: Clefable\n|-singleturn|p1b: Clefable|move: Follow Me\n|move|p2a: Froslass|Aurora Veil|p2a: Froslass\n|-sidestart|p2: MilkTeaWayGalaxy|move: Aurora Veil\n|move|p2b: Kangaskhan|Double-Edge|p1b: Clefable\n|-damage|p1b: Clefable|58/100\n|-damage|p2b: Kangaskhan|87/100|[from] Recoil\n|move|p1a: Farigiraf|Trick Room|p1a: Farigiraf\n|-fieldstart|move: Trick Room|[of] p1a: Farigiraf\n|\n|-weather|Snowscape|[upkeep]\n|upkeep\n|turn|2\n|\n|t:|1776656589\n|move|p1a: Farigiraf|Psychic|p2a: Froslass\n|-damage|p2a: Froslass|72/100\n|move|p1b: Clefable|Moonlight|p1b: Clefable\n|-heal|p1b: Clefable|83/100\n|move|p2b: Kangaskhan|Double-Edge|p1a: Farigiraf\n|-damage|p1a: Farigiraf|61/100\n|-damage|p2b: Kangaskhan|75/100|[from] Recoil\n|move|p2a: Froslass|Blizzard|p1b: Clefable|[spread] p1a,p1b\n|-damage|p1a: Farigiraf|11/100\n|-damage|p1b: Clefable|44/100\n|\n|-weather|Snowscape|[upkeep]\n|upkeep\n|turn|3\n|\n|t:|1776656612\n|move|p2a: Froslass|Protect|p2a: Froslass\n|-singleturn|p2a: Froslass|Protect\n|move|p1a: Farigiraf|Psychic|p2a: Froslass\n|-activate|p2a: Froslass|move: Protect\n|move|p1b: Clefable|Moonblast|p2a: Froslass\n|-activate|p2a: Froslass|move: Protect\n|move|p2b: Kangaskhan|Double-Edge|p1a: Farigiraf\n|-damage|p1a: Farigiraf|0 fnt\n|faint|p1a: Farigiraf\n|-damage|p2b: Kangaskhan|72/100|[from] Recoil\n|\n|-weather|Snowscape|[upkeep]\n|upkeep\n|\n|t:|1776656620\n|switch|p1a: Crabominable|Crabominable, L50, M|100/100\n|turn|4\n|\n|t:|1776656637\n|detailschange|p1a: Crabominable|Crabominable-Mega, L50, M\n|-mega|p1a: Crabominable|Crabominable|Crabominite\n|move|p1a: Crabominable|Drain Punch|p2b: Kangaskhan\n|-supereffective|p2b: Kangaskhan|1\n|-crit|p2b: Kangaskhan\n|-damage|p2b: Kangaskhan|0 fnt\n|faint|p2b: Kangaskhan\n|move|p1b: Clefable|Moonlight|p1b: Clefable\n|-heal|p1b: Clefable|69/100\n|move|p2a: Froslass|Blizzard|p1b: Clefable|[spread] p1a,p1b\n|-resisted|p1a: Crabominable|1\n|-damage|p1a: Crabominable|83/100\n|-damage|p1b: Clefable|28/100\n|-status|p1b: Clefable|frz\n|\n|-weather|Snowscape|[upkeep]\n|upkeep\n|\n|t:|1776656647\n|switch|p2b: Sneasler|Sneasler, L50, M|100/100\n|turn|5\n|\n|t:|1776656664\n|move|p2b: Sneasler|Fake Out|p1a: Crabominable\n|-damage|p1a: Crabominable|76/100\n|cant|p1b: Clefable|frz\n|cant|p1a: Crabominable|flinch\n|move|p2a: Froslass|Blizzard|p1b: Clefable|[spread] p1a,p1b\n|-resisted|p1a: Crabominable|1\n|-damage|p1a: Crabominable|60/100\n|-damage|p1b: Clefable|0 fnt\n|faint|p1b: Clefable\n|\n|-weather|none\n|-sideend|p2: MilkTeaWayGalaxy|move: Aurora Veil\n|-fieldend|move: Trick Room\n|upkeep\n|\n|t:|1776656673\n|switch|p1b: Tyranitar|Tyranitar, L50, M|100/100\n|-weather|Sandstorm|[from] ability: Sand Stream|[of] p1b: Tyranitar\n|turn|6\n|\n|t:|1776656684\n|switch|p2a: Milotic|Milotic, L50, M|100/100\n|move|p2b: Sneasler|Protect|p2b: Sneasler\n|-singleturn|p2b: Sneasler|Protect\n|move|p1b: Tyranitar|Rock Slide|p2a: Milotic|[spread] p2a\n|-activate|p2b: Sneasler|move: Protect\n|-damage|p2a: Milotic|72/100\n|move|p1a: Crabominable|Ice Hammer|p2b: Sneasler\n|-activate|p2b: Sneasler|move: Protect\n|\n|-weather|Sandstorm|[upkeep]\n|-damage|p2b: Sneasler|94/100|[from] Sandstorm\n|-damage|p2a: Milotic|66/100|[from] Sandstorm\n|-damage|p1a: Crabominable|54/100|[from] Sandstorm\n|upkeep\n|turn|7\n|\n|t:|1776656700\n|move|p2b: Sneasler|Close Combat|p1a: Crabominable\n|-supereffective|p1a: Crabominable|1\n|-damage|p1a: Crabominable|0 fnt\n|-unboost|p2b: Sneasler|def|1\n|-unboost|p2b: Sneasler|spd|1\n|faint|p1a: Crabominable\n|-enditem|p2b: Sneasler|White Herb\n|-clearnegativeboost|p2b: Sneasler|[silent]\n|move|p2a: Milotic|Scald|p1b: Tyranitar\n|-supereffective|p1b: Tyranitar|1\n|-damage|p1b: Tyranitar|66/100\n|-status|p1b: Tyranitar|brn\n|move|p1b: Tyranitar|Knock Off|p2a: Milotic\n|-damage|p2a: Milotic|44/100\n|-enditem|p2a: Milotic|Sitrus Berry|[from] move: Knock Off|[of] p1b: Tyranitar\n|\n|-weather|Sandstorm|[upkeep]\n|-damage|p2b: Sneasler|88/100|[from] Sandstorm\n|-damage|p2a: Milotic|38/100|[from] Sandstorm\n|-damage|p1b: Tyranitar|60/100 brn|[from] brn\n|upkeep\n|turn|8\n|-message|200liam forfeited.\n|\n|win|MilkTeaWayGalaxy\n|raw|200liam's rating: 1369 &rarr; <strong>1354</strong><br />(-15 for losing)\n|raw|MilkTeaWayGalaxy's rating: 1460 &rarr; <strong>1475</strong><br />(+15 for winning)\n|l|\u2606200liam\n|player|p1|\n",
  "uploadtime": 1776656715,
  "views": 8,
  "formatid": "gen9championsvgc2026regma",
  "rating": 1354,
  "private": 0,
  "password": null
}