{
  "id": "gen9championsvgc2026regma-2585916630",
  "format": "[Gen 9 Champions] VGC 2026 Reg M-A",
  "players": [
    "sc1erotized",
    "mickeyfang"
  ],
  "log": "|j|\u2606sc1erotized\n|j|\u2606mickeyfang\n|t:|1776381211\n|gametype|doubles\n|player|p1|sc1erotized|worker|1117\n|player|p2|mickeyfang|1|1111\n|gen|9\n|tier|[Gen 9 Champions] VGC 2026 Reg M-A\n|rated|\n|rule|Species Clause: Limit one of each Pok\u00e9mon\n|rule|Item Clause: Limit 1 of each item\n|clearpoke\n|poke|p1|Heracross, L50, M|\n|poke|p1|Archaludon, L50, F|\n|poke|p1|Aerodactyl, L50, M|\n|poke|p1|Sinistcha, L50|\n|poke|p1|Delphox, L50, F|\n|poke|p1|Rotom-Wash, L50|\n|poke|p2|Alakazam, L50, M|\n|poke|p2|Meowstic, L50, M|\n|poke|p2|Talonflame, L50, M|\n|poke|p2|Garchomp, L50, M|\n|poke|p2|Rotom-Wash, L50|\n|poke|p2|Pangoro, L50, F|\n|teampreview|4\n|inactive|Battle timer is ON: inactive players will automatically lose when time's up. (requested by sc1erotized)\nsc1erotized rejected open team sheets.\n|\n|t:|1776381268\n|teamsize|p1|4\n|teamsize|p2|4\n|start\n|switch|p1a: Rephitition|Heracross, L50, M|100/100\n|switch|p1b: Lil' Guy|Sinistcha, L50, shiny|100/100\n|switch|p2a: Talonflame|Talonflame, L50, M|100/100\n|switch|p2b: Rotom|Rotom-Wash, L50|100/100\n|turn|1\n|\n|t:|1776381290\n|detailschange|p1a: Rephitition|Heracross-Mega, L50, M\n|-mega|p1a: Rephitition|Heracross|Heracronite\n|move|p1b: Lil' Guy|Rage Powder|p1b: Lil' Guy\n|-singleturn|p1b: Lil' Guy|move: Rage Powder\n|move|p2a: Talonflame|Brave Bird|p1b: Lil' Guy\n|-supereffective|p1b: Lil' Guy|1\n|-damage|p1b: Lil' Guy|26/100\n|-damage|p2a: Talonflame|75/100|[from] Recoil\n|move|p2b: Rotom|Volt Switch|p1b: Lil' Guy\n|-resisted|p1b: Lil' Guy|1\n|-damage|p1b: Lil' Guy|12/100\n|\n|t:|1776381307\n|switch|p2b: Garchomp|Garchomp, L50, M|100/100|[from] Volt Switch\n|move|p1a: Rephitition|Rock Blast|p2a: Talonflame\n|-supereffective|p2a: Talonflame|2\n|-enditem|p2a: Talonflame|Charti Berry|[eat]\n|-enditem|p2a: Talonflame|Charti Berry|[weaken]\n|-damage|p2a: Talonflame|42/100\n|-supereffective|p2a: Talonflame|2\n|-damage|p2a: Talonflame|0 fnt\n|faint|p2a: Talonflame\n|-hitcount|p2: Talonflame|2\n|\n|-heal|p1b: Lil' Guy|18/100|[from] item: Leftovers\n|upkeep\n|\n|t:|1776381325\n|switch|p2a: Rotom|Rotom-Wash, L50|100/100\n|turn|2\n|inactive|sc1erotized has 30 seconds left.\n|inactive|sc1erotized has 20 seconds left.\n|inactive|sc1erotized has 15 seconds left.\n|\n|t:|1776381366\n|switch|p1b: m/s^2|Aerodactyl, L50, M|100/100\n|move|p2b: Garchomp|Earthquake|p1b: m/s^2|[spread] p1a\n|-immune|p2a: Rotom|[from] ability: Levitate\n|-immune|p1b: m/s^2\n|-resisted|p1a: Rephitition|1\n|-damage|p1a: Rephitition|77/100\n|move|p2a: Rotom|Thunderbolt|p1a: Rephitition\n|-damage|p1a: Rephitition|32/100\n|move|p1a: Rephitition|Pin Missile|p2b: Garchomp\n|-damage|p2b: Garchomp|80/100\n|-damage|p2b: Garchomp|63/100\n|-damage|p2b: Garchomp|45/100\n|-damage|p2b: Garchomp|25/100\n|-damage|p2b: Garchomp|5/100\n|-hitcount|p2b: Garchomp|5\n|\n|upkeep\n|turn|3\n|inactive|sc1erotized has 30 seconds left.\n|inactive|mickeyfang has 30 seconds left.\n|inactive|sc1erotized has 20 seconds left.\n|inactive|sc1erotized has 15 seconds left.\n|\n|t:|1776381407\n|move|p2b: Garchomp|Earthquake|p1a: Rephitition|[spread] p1a\n|-immune|p2a: Rotom|[from] ability: Levitate\n|-immune|p1b: m/s^2\n|-resisted|p1a: Rephitition|1\n|-damage|p1a: Rephitition|9/100\n|move|p1b: m/s^2|Tailwind|p1b: m/s^2\n|-sidestart|p1: sc1erotized|move: Tailwind\n|move|p1a: Rephitition|Pin Missile|p2b: Garchomp\n|-damage|p2b: Garchomp|0 fnt\n|faint|p2b: Garchomp\n|-hitcount|p2: Garchomp|1\n|move|p2a: Rotom|Thunderbolt|p1b: m/s^2\n|-supereffective|p1b: m/s^2|1\n|-enditem|p1b: m/s^2|Focus Sash\n|-damage|p1b: m/s^2|1/100\n|\n|upkeep\n|\n|t:|1776381421\n|switch|p2b: Pangoro|Pangoro, L50, F, shiny|100/100\n|-ability|p2b: Pangoro|Mold Breaker\n|turn|4\n|inactive|sc1erotized has 30 seconds left.\n|inactive|sc1erotized has 20 seconds left.\n|inactive|sc1erotized has 15 seconds left.\n|\n|t:|1776381462\n|move|p1b: m/s^2|Roost|p1b: m/s^2\n|-heal|p1b: m/s^2|51/100\n|-singleturn|p1b: m/s^2|move: Roost\n|move|p1a: Rephitition|Close Combat|p2b: Pangoro\n|-supereffective|p2b: Pangoro|1\n|-damage|p2b: Pangoro|0 fnt\n|-unboost|p1a: Rephitition|def|1\n|-unboost|p1a: Rephitition|spd|1\n|faint|p2b: Pangoro\n|move|p2a: Rotom|Thunderbolt|p1a: Rephitition\n|-damage|p1a: Rephitition|0 fnt\n|faint|p1a: Rephitition\n|\n|upkeep\n|\n|t:|1776381474\n|switch|p1a: Lil' Guy|Sinistcha, L50, shiny|18/100\n|-heal|p1b: m/s^2|76/100|[from] ability: Hospitality|[of] p1a: Lil' Guy\n|turn|5\n|\n|t:|1776381489\n|move|p1b: m/s^2|Rock Slide|p2a: Rotom\n|-damage|p2a: Rotom|57/100\n|move|p1a: Lil' Guy|Matcha Gotcha|p2a: Rotom\n|-supereffective|p2a: Rotom|1\n|-damage|p2a: Rotom|0 fnt\n|-heal|p1a: Lil' Guy|38/100|[from] drain|[of] p2a: Rotom\n|faint|p2a: Rotom\n|\n|win|sc1erotized\n|raw|sc1erotized's rating: 1117 &rarr; <strong>1142</strong><br />(+25 for winning)\n|raw|mickeyfang's rating: 1111 &rarr; <strong>1086</strong><br />(-25 for losing)\n|c|\u2606sc1erotized|gg\n|l|\u2606mickeyfang\n|player|p2|\n",
  "uploadtime": 1776381503,
  "views": 27,
  "formatid": "gen9championsvgc2026regma",
  "rating": 1086,
  "private": 0,
  "password": null
}