{
  "id": "gen9championsvgc2026regma-2584772274",
  "format": "[Gen 9 Champions] VGC 2026 Reg M-A",
  "players": [
    "charlypg",
    "yuriimon"
  ],
  "log": "|j|\u2606charlypg\n|j|\u2606yuriimon\n|t:|1776282580\n|gametype|doubles\n|player|p1|charlypg|101|1109\n|player|p2|yuriimon|waitress-gen4|1085\n|gen|9\n|tier|[Gen 9 Champions] VGC 2026 Reg M-A\n|rated|\n|rule|Species Clause: Limit one of each Pok\u00e9mon\n|rule|Item Clause: Limit 1 of each item\n|clearpoke\n|poke|p1|Crabominable, L50, F|\n|poke|p1|Sinistcha, L50|\n|poke|p1|Pelipper, L50, M|\n|poke|p1|Incineroar, L50, F|\n|poke|p1|Skarmory, L50, M|\n|poke|p1|Kleavor, L50, F|\n|poke|p2|Glimmora, L50, F|\n|poke|p2|Incineroar, L50, M|\n|poke|p2|Archaludon, L50, F|\n|poke|p2|Politoed, L50, M|\n|poke|p2|Basculegion, L50, M|\n|poke|p2|Chesnaught, L50, F|\n|teampreview|4\n|inactive|Battle timer is ON: inactive players will automatically lose when time's up. (requested by yuriimon)\n|inactive|yuriimon has 60 seconds left.\n|\n|t:|1776282613\n|teamsize|p1|4\n|teamsize|p2|4\n|start\n|switch|p1a: Crabominable|Crabominable, L50, F|100/100\n|switch|p1b: Kleavor|Kleavor, L50, F|100/100\n|switch|p2a: Chesnaught|Chesnaught, L50, F|100/100\n|switch|p2b: Incineroar|Incineroar, L50, M|100/100\n|-ability|p2b: Incineroar|Intimidate|boost\n|-fail|p1a: Crabominable|unboost|Attack|[from] ability: Hyper Cutter|[of] p1a: Crabominable\n|-unboost|p1b: Kleavor|atk|1\n|turn|1\n|\n|t:|1776282631\n|detailschange|p2a: Chesnaught|Chesnaught-Mega, L50, F\n|-mega|p2a: Chesnaught|Chesnaught|Chesnaughtite\n|detailschange|p1a: Crabominable|Crabominable-Mega, L50, F\n|-mega|p1a: Crabominable|Crabominable|Crabominite\n|move|p2b: Incineroar|Fake Out|p1a: Crabominable\n|-damage|p1a: Crabominable|91/100\n|move|p1b: Kleavor|Rock Slide|p2a: Chesnaught|[spread] p2b\n|-miss|p1b: Kleavor|p2a: Chesnaught\n|-supereffective|p2b: Incineroar|1\n|-damage|p2b: Incineroar|55/100\n|move|p2a: Chesnaught|Iron Defense|p2a: Chesnaught\n|-boost|p2a: Chesnaught|def|2\n|cant|p1a: Crabominable|flinch\n|\n|upkeep\n|turn|2\n|\n|t:|1776282656\n|move|p1a: Crabominable|Protect|p1a: Crabominable\n|-singleturn|p1a: Crabominable|Protect\n|move|p1b: Kleavor|Rock Slide|p2b: Incineroar|[spread] p2a,p2b\n|-resisted|p2a: Chesnaught|1\n|-supereffective|p2b: Incineroar|1\n|-damage|p2a: Chesnaught|97/100\n|-damage|p2b: Incineroar|15/100\n|-enditem|p2b: Incineroar|Sitrus Berry|[eat]\n|-heal|p2b: Incineroar|40/100|[from] item: Sitrus Berry\n|move|p2b: Incineroar|Parting Shot|p1b: Kleavor\n|-unboost|p1b: Kleavor|atk|1\n|-unboost|p1b: Kleavor|spa|1\n|\n|t:|1776282669\n|switch|p2b: Archaludon|Archaludon, L50, F|100/100|[from] Parting Shot\n|move|p2a: Chesnaught|Body Press|p1a: Crabominable\n|-activate|p1a: Crabominable|move: Protect\n|\n|upkeep\n|turn|3\n|\n|t:|1776282687\n|switch|p1b: Incineroar|Incineroar, L50, F|100/100\n|-ability|p1b: Incineroar|Intimidate|boost\n|-unboost|p2a: Chesnaught|atk|1\n|-unboost|p2b: Archaludon|atk|1\n|switch|p1a: Sinistcha|Sinistcha, L50|100/100\n|move|p2b: Archaludon|Flash Cannon|p1b: Incineroar\n|-resisted|p1b: Incineroar|1\n|-crit|p1b: Incineroar\n|-damage|p1b: Incineroar|77/100\n|move|p2a: Chesnaught|Body Press|p1a: Sinistcha\n|-immune|p1a: Sinistcha\n|\n|-heal|p1b: Incineroar|83/100|[from] item: Leftovers\n|upkeep\n|turn|4\n|inactive|charlypg has 30 seconds left.\n|\n|t:|1776282715\n|switch|p1a: Kleavor|Kleavor, L50, F|100/100\n|move|p2a: Chesnaught|Protect|p2a: Chesnaught\n|-singleturn|p2a: Chesnaught|Protect\n|move|p1b: Incineroar|Fake Out|p2a: Chesnaught\n|-activate|p2a: Chesnaught|move: Protect\n|move|p2b: Archaludon|Draco Meteor|p1a: Kleavor\n|-damage|p1a: Kleavor|0 fnt\n|-unboost|p2b: Archaludon|spa|2\n|faint|p1a: Kleavor\n|\n|-heal|p1b: Incineroar|89/100|[from] item: Leftovers\n|upkeep\n|\n|t:|1776282720\n|switch|p1a: Crabominable|Crabominable-Mega, L50, F|91/100\n|turn|5\n|-message|charlypg forfeited.\n|\n|win|yuriimon\n|raw|charlypg's rating: 1109 &rarr; <strong>1082</strong><br />(-27 for losing)\n|raw|yuriimon's rating: 1085 &rarr; <strong>1114</strong><br />(+29 for winning)\n|l|\u2606charlypg\n|player|p1|\n",
  "uploadtime": 1776282733,
  "views": 16,
  "formatid": "gen9championsvgc2026regma",
  "rating": 1082,
  "private": 0,
  "password": null
}