{
  "id": "gen9championsvgc2026regma-2583197432",
  "format": "[Gen 9 Champions] VGC 2026 Reg M-A",
  "players": [
    "CeddyVGC",
    "baisheng"
  ],
  "log": "|j|\u2606CeddyVGC\n|j|\u2606baisheng\n|t:|1776153668\n|gametype|doubles\n|player|p1|CeddyVGC|2|1141\n|player|p2|baisheng|1|1240\n|gen|9\n|tier|[Gen 9 Champions] VGC 2026 Reg M-A\n|rated|\n|rule|Species Clause: Limit one of each Pok\u00e9mon\n|rule|Item Clause: Limit 1 of each item\n|clearpoke\n|poke|p1|Scovillain, L50, M|\n|poke|p1|Primarina, L50, M|\n|poke|p1|Sneasler, L50, M|\n|poke|p1|Aerodactyl, L50, F|\n|poke|p1|Sinistcha, L50|\n|poke|p1|Garchomp, L50, M|\n|poke|p2|Gardevoir, L50, M|\n|poke|p2|Kingambit, L50, M|\n|poke|p2|Sinistcha, L50|\n|poke|p2|Rotom-Wash, L50|\n|poke|p2|Sneasler, L50, M|\n|poke|p2|Aerodactyl, L50, M|\n|teampreview|4\n|inactive|Battle timer is ON: inactive players will automatically lose when time's up. (requested by CeddyVGC)\n|inactive|baisheng has 60 seconds left.\n|\n|t:|1776153719\n|teamsize|p1|4\n|teamsize|p2|4\n|start\n|switch|p1a: Scovillain|Scovillain, L50, M|100/100\n|switch|p1b: Primarina|Primarina, L50, M|100/100\n|switch|p2a: Sneasler|Sneasler, L50, M|100/100\n|switch|p2b: Gardevoir|Gardevoir, L50, M|100/100\n|-ability|p2b: Gardevoir|Liquid Voice|Trace|[from] ability: Trace|[of] p1b: Primarina\n|turn|1\n|inactive|CeddyVGC has 30 seconds left.\n|inactive|baisheng has 30 seconds left.\n|inactive|CeddyVGC has 20 seconds left.\n|inactive|CeddyVGC has 15 seconds left.\n|\n|t:|1776153763\n|detailschange|p2b: Gardevoir|Gardevoir-Mega, L50, M\n|-mega|p2b: Gardevoir|Gardevoir|Gardevoirite\n|move|p1a: Scovillain|Protect|p1a: Scovillain\n|-singleturn|p1a: Scovillain|Protect\n|move|p2a: Sneasler|Dire Claw|p1b: Primarina\n|-supereffective|p1b: Primarina|1\n|-damage|p1b: Primarina|0 fnt\n|faint|p1b: Primarina\n|move|p2b: Gardevoir|Psychic|p1a: Scovillain\n|-activate|p1a: Scovillain|move: Protect\n|\n|-ability|p1a: Scovillain|Moody|boost\n|-boost|p1a: Scovillain|spd|2\n|-unboost|p1a: Scovillain|atk|1\n|upkeep\n|\n|t:|1776153780\n|switch|p1b: Sneasler|Sneasler, L50, M|100/100\n|turn|2\n|\n|t:|1776153793\n|detailschange|p1a: Scovillain|Scovillain-Mega, L50, M\n|-mega|p1a: Scovillain|Scovillain|Scovillainite\n|move|p1a: Scovillain|Rage Powder|p1a: Scovillain\n|-singleturn|p1a: Scovillain|move: Rage Powder\n|move|p2a: Sneasler|Dire Claw|p1a: Scovillain\n|-supereffective|p1a: Scovillain|1\n|-damage|p1a: Scovillain|12/100\n|-status|p2a: Sneasler|brn|[from] ability: Spicy Spray|[of] p1a: Scovillain\n|move|p1b: Sneasler|Dire Claw|p2b: Gardevoir\n|-supereffective|p2b: Gardevoir|1\n|-damage|p2b: Gardevoir|0 fnt\n|faint|p2b: Gardevoir\n|\n|-damage|p2a: Sneasler|95/100 brn|[from] brn\n|upkeep\n|\n|t:|1776153807\n|switch|p2b: Sinistcha|Sinistcha, L50|100/100\n|-heal|p2a: Sneasler|100/100 brn|[from] ability: Hospitality|[of] p2b: Sinistcha\n|turn|3\n|inactive|CeddyVGC has 30 seconds left.\n|\n|t:|1776153833\n|move|p2a: Sneasler|Dire Claw|p1a: Scovillain\n|-supereffective|p1a: Scovillain|1\n|-damage|p1a: Scovillain|0 fnt\n|faint|p1a: Scovillain\n|move|p1b: Sneasler|Dire Claw|p2b: Sinistcha\n|-damage|p2b: Sinistcha|68/100\n|move|p2b: Sinistcha|Matcha Gotcha|p1b: Sneasler\n|-resisted|p1b: Sneasler|1\n|-damage|p1b: Sneasler|79/100\n|-heal|p2b: Sinistcha|78/100|[from] drain|[of] p1b: Sneasler\n|-status|p1b: Sneasler|brn\n|\n|-damage|p2a: Sneasler|95/100 brn|[from] brn\n|-damage|p1b: Sneasler|74/100 brn|[from] brn\n|upkeep\n|\n|t:|1776153842\n|switch|p1a: Aerodactyl|Aerodactyl, L50, F|100/100\n|-ability|p1a: Aerodactyl|Unnerve\n|turn|4\n|\n|t:|1776153862\n|move|p1b: Sneasler|Protect|p1b: Sneasler\n|-singleturn|p1b: Sneasler|Protect\n|move|p1a: Aerodactyl|Dual Wingbeat|p2a: Sneasler\n|-supereffective|p2a: Sneasler|1\n|-damage|p2a: Sneasler|32/100 brn\n|-supereffective|p2a: Sneasler|1\n|-damage|p2a: Sneasler|0 fnt\n|faint|p2a: Sneasler\n|-hitcount|p2: Sneasler|2\n|move|p2b: Sinistcha|Trick Room|p2b: Sinistcha\n|-fieldstart|move: Trick Room|[of] p2b: Sinistcha\n|\n|-damage|p1b: Sneasler|68/100 brn|[from] brn\n|upkeep\n|\n|t:|1776153867\n|switch|p2a: Rotom|Rotom-Wash, L50|100/100\n|turn|5\n|\n|t:|1776153883\n|move|p2b: Sinistcha|Matcha Gotcha|p1b: Sneasler|[spread] p1a,p1b\n|-resisted|p1b: Sneasler|1\n|-damage|p1a: Aerodactyl|68/100\n|-heal|p2b: Sinistcha|93/100|[from] drain|[of] p1a: Aerodactyl\n|-damage|p1b: Sneasler|53/100 brn\n|-heal|p2b: Sinistcha|99/100|[from] drain|[of] p1b: Sneasler\n|move|p2a: Rotom|Thunderbolt|p1a: Aerodactyl\n|-supereffective|p1a: Aerodactyl|1\n|-damage|p1a: Aerodactyl|0 fnt\n|faint|p1a: Aerodactyl\n|move|p1b: Sneasler|Close Combat|p2a: Rotom\n|-damage|p2a: Rotom|64/100\n|-unboost|p1b: Sneasler|def|1\n|-unboost|p1b: Sneasler|spd|1\n|-enditem|p1b: Sneasler|White Herb\n|-clearnegativeboost|p1b: Sneasler|[silent]\n|\n|-heal|p2a: Rotom|70/100|[from] item: Leftovers\n|-damage|p1b: Sneasler|47/100 brn|[from] brn\n|upkeep\n|turn|6\n|-message|CeddyVGC forfeited.\n|\n|win|baisheng\n|raw|CeddyVGC's rating: 1141 &rarr; <strong>1123</strong><br />(-18 for losing)\n|raw|baisheng's rating: 1240 &rarr; <strong>1258</strong><br />(+18 for winning)\n|l|\u2606CeddyVGC\n|player|p1|\n",
  "uploadtime": 1776153902,
  "views": 26,
  "formatid": "gen9championsvgc2026regma",
  "rating": 1123,
  "private": 0,
  "password": null
}