{
  "id": "gen9championsvgc2026regma-2583080494",
  "format": "[Gen 9 Champions] VGC 2026 Reg M-A",
  "players": [
    "zedxxyasuo",
    "Goblin728"
  ],
  "log": "|j|\u2606zedxxyasuo\n|j|\u2606Goblin728\n|t:|1776139768\n|gametype|doubles\n|player|p1|zedxxyasuo|2|1101\n|player|p2|Goblin728|riley|1000\n|gen|9\n|tier|[Gen 9 Champions] VGC 2026 Reg M-A\n|rated|\n|rule|Species Clause: Limit one of each Pok\u00e9mon\n|rule|Item Clause: Limit 1 of each item\n|clearpoke\n|poke|p1|Incineroar, L50, F|\n|poke|p1|Gengar, L50, M|\n|poke|p1|Floette-Eternal, L50, F|\n|poke|p1|Politoed, L50, F|\n|poke|p1|Whimsicott, L50, F|\n|poke|p1|Kommo-o, L50, M|\n|poke|p2|Starmie, L50|\n|poke|p2|Pikachu, L50, F|\n|poke|p2|Incineroar, L50, M|\n|poke|p2|Whimsicott, L50, M|\n|poke|p2|Mr. Rime, L50, F|\n|poke|p2|Hawlucha, L50, F|\n|teampreview|4\n|\n|t:|1776139812\n|teamsize|p1|4\n|teamsize|p2|4\n|start\n|switch|p1a: Gengar|Gengar, L50, M|100/100\n|switch|p1b: Incineroar|Incineroar, L50, F|100/100\n|switch|p2a: Whimsicott|Whimsicott, L50, M|100/100\n|switch|p2b: Mr. Rime|Mr. Rime, L50, F|100/100\n|-ability|p1b: Incineroar|Intimidate|boost\n|-unboost|p2a: Whimsicott|atk|1\n|-unboost|p2b: Mr. Rime|atk|1\n|turn|1\n|\n|t:|1776139834\n|switch|p2b: Incineroar|Incineroar, L50, M|100/100\n|-ability|p2b: Incineroar|Intimidate|boost\n|-unboost|p1a: Gengar|atk|1\n|-unboost|p1b: Incineroar|atk|1\n|detailschange|p1a: Gengar|Gengar-Mega, L50, M\n|-mega|p1a: Gengar|Gengar|Gengarite\n|move|p1a: Gengar|Sludge Bomb|p2a: Whimsicott\n|-supereffective|p2a: Whimsicott|2\n|-enditem|p2a: Whimsicott|Focus Sash\n|-damage|p2a: Whimsicott|1/100\n|move|p1b: Incineroar|Throat Chop|p2b: Incineroar\n|-resisted|p2b: Incineroar|1\n|-damage|p2b: Incineroar|91/100\n|-start|p2b: Incineroar|Throat Chop|[silent]\n|move|p2a: Whimsicott|Trick Room|p2a: Whimsicott\n|-fieldstart|move: Trick Room|[of] p2a: Whimsicott\n|\n|upkeep\n|turn|2\n|\n|t:|1776139862\n|move|p1a: Gengar|Protect|p1a: Gengar\n|-singleturn|p1a: Gengar|Protect\n|move|p2b: Incineroar|Flare Blitz|p1a: Gengar\n|-activate|p1a: Gengar|move: Protect\n|move|p1b: Incineroar|Throat Chop|p2a: Whimsicott\n|-resisted|p2a: Whimsicott|1\n|-damage|p2a: Whimsicott|0 fnt\n|faint|p2a: Whimsicott\n|\n|-end|p2b: Incineroar|Throat Chop|[silent]\n|upkeep\n|\n|t:|1776139872\n|switch|p2a: Hawlucha|Hawlucha, L50, F|100/100\n|turn|3\n|\n|t:|1776139886\n|switch|p1b: Kommo-o|Kommo-o, L50, M|100/100\n|detailschange|p2a: Hawlucha|Hawlucha-Mega, L50, F\n|-mega|p2a: Hawlucha|Hawlucha|Hawluchanite\n|move|p2b: Incineroar|Parting Shot|p1a: Gengar\n|-unboost|p1a: Gengar|atk|1\n|-unboost|p1a: Gengar|spa|1\n|\n|t:|1776139892\n|switch|p2b: Mr. Rime|Mr. Rime, L50, F|100/100|[from] Parting Shot\n|move|p2a: Hawlucha|Entrainment|p2b: Mr. Rime\n|-ability|p2b: Mr. Rime|No Guard|Screen Cleaner|[from] move: Entrainment|[of] p2a: Hawlucha\n|move|p1a: Gengar|Perish Song|p1a: Gengar\n|-start|p1a: Gengar|perish3|[silent]\n|-start|p1b: Kommo-o|perish3|[silent]\n|-start|p2a: Hawlucha|perish3|[silent]\n|-start|p2b: Mr. Rime|perish3|[silent]\n|-fieldactivate|move: Perish Song\n|\n|-start|p1b: Kommo-o|perish3\n|-start|p2b: Mr. Rime|perish3\n|-start|p2a: Hawlucha|perish3\n|-start|p1a: Gengar|perish3\n|upkeep\n|turn|4\n|\n|t:|1776139913\n|switch|p1b: Incineroar|Incineroar, L50, F|100/100\n|-ability|p1b: Incineroar|Intimidate|boost\n|-unboost|p2a: Hawlucha|atk|1\n|-unboost|p2b: Mr. Rime|atk|1\n|move|p1a: Gengar|Protect|p1a: Gengar\n|-singleturn|p1a: Gengar|Protect\n|move|p2b: Mr. Rime|Sheer Cold|p1b: Incineroar\n|-damage|p1b: Incineroar|0 fnt\n|faint|p1b: Incineroar\n|-ohko\n|move|p2a: Hawlucha|Brave Bird|p1a: Gengar\n|-activate|p1a: Gengar|move: Protect\n|\n|-start|p2b: Mr. Rime|perish2\n|-start|p2a: Hawlucha|perish2\n|-start|p1a: Gengar|perish2\n|upkeep\n|\n|t:|1776139927\n|switch|p1b: Kommo-o|Kommo-o, L50, M|100/100\n|turn|5\n|\n|t:|1776139942\n|move|p1b: Kommo-o|Clanging Scales|p2a: Hawlucha|[spread] p2a,p2b\n|-damage|p2a: Hawlucha|58/100\n|-damage|p2b: Mr. Rime|58/100\n|-unboost|p1b: Kommo-o|def|1\n|move|p2b: Mr. Rime|Sheer Cold|p1a: Gengar\n|-damage|p1a: Gengar|0 fnt\n|faint|p1a: Gengar\n|-ohko\n|move|p2a: Hawlucha|Brave Bird|p1b: Kommo-o\n|-supereffective|p1b: Kommo-o|1\n|-damage|p1b: Kommo-o|18/100\n|-damage|p2a: Hawlucha|26/100|[from] Recoil\n|\n|-start|p2b: Mr. Rime|perish1\n|-start|p2a: Hawlucha|perish1\n|-fieldend|move: Trick Room\n|upkeep\n|\n|t:|1776139948\n|switch|p1a: Whimsicott|Whimsicott, L50, F|100/100\n|turn|6\n|-message|zedxxyasuo forfeited.\n|\n|win|Goblin728\n|raw|zedxxyasuo's rating: 1101 &rarr; <strong>1069</strong><br />(-32 for losing)\n|raw|Goblin728's rating: 1000 &rarr; <strong>1051</strong><br />(+51 for winning)\n|l|\u2606zedxxyasuo\n|player|p1|\n",
  "uploadtime": 1776139972,
  "views": 25,
  "formatid": "gen9championsvgc2026regma",
  "rating": 1051,
  "private": 0,
  "password": null
}