{
  "id": "gen9championsvgc2026regma-2584707628",
  "format": "[Gen 9 Champions] VGC 2026 Reg M-A",
  "players": [
    "Catalystic",
    "Typespammer"
  ],
  "log": "|j|\u2606Catalystic\n|j|\u2606Typespammer\n|t:|1776278139\n|gametype|doubles\n|player|p1|Catalystic|266|1131\n|player|p2|Typespammer|265|1072\n|gen|9\n|tier|[Gen 9 Champions] VGC 2026 Reg M-A\n|rated|\n|rule|Species Clause: Limit one of each Pok\u00e9mon\n|rule|Item Clause: Limit 1 of each item\n|clearpoke\n|poke|p1|Aerodactyl, L50, M|\n|poke|p1|Basculegion, L50, M|\n|poke|p1|Sneasler, L50, F|\n|poke|p1|Maushold, L50|\n|poke|p1|Kingambit, L50, F|\n|poke|p1|Gardevoir, L50, M|\n|poke|p2|Dragapult, L50, F|\n|poke|p2|Froslass, L50, F|\n|poke|p2|Hatterene, L50, F|\n|poke|p2|Kingambit, L50, F|\n|poke|p2|Machamp, L50, M|\n|poke|p2|Milotic, L50, F|\n|teampreview|4\n|inactive|Battle timer is ON: inactive players will automatically lose when time's up. (requested by Typespammer)\n|\n|t:|1776278175\n|teamsize|p1|4\n|teamsize|p2|4\n|start\n|switch|p1a: Kingambit|Kingambit, L50, F|100/100\n|switch|p1b: Gardevoir|Gardevoir, L50, M|100/100\n|switch|p2a: Dragapult|Dragapult, L50, F, shiny|100/100\n|switch|p2b: Machamp|Machamp, L50, M, shiny|100/100\n|-ability|p1b: Gardevoir|No Guard|Trace|[from] ability: Trace|[of] p2b: Machamp\n|turn|1\n|\n|t:|1776278190\n|detailschange|p1b: Gardevoir|Gardevoir-Mega, L50, M\n|-mega|p1b: Gardevoir|Gardevoir|Gardevoirite\n|move|p2b: Machamp|Wide Guard|p2b: Machamp\n|-singleturn|p2b: Machamp|Wide Guard\n|move|p1a: Kingambit|Sucker Punch||[still]\n|-fail|p1a: Kingambit\n|move|p2a: Dragapult|Will-O-Wisp|p1a: Kingambit\n|-status|p1a: Kingambit|brn\n|move|p1b: Gardevoir|Hyper Voice|p2b: Machamp|[spread] \n|-activate|p2a: Dragapult|move: Wide Guard\n|-activate|p2b: Machamp|move: Wide Guard\n|\n|-damage|p1a: Kingambit|94/100 brn|[from] brn\n|upkeep\n|turn|2\n|\n|t:|1776278213\n|switch|p1b: Maushold|Maushold, L50|100/100\n|switch|p1a: Basculegion|Basculegion, L50, M|100/100\n|move|p2a: Dragapult|Disable||[still]\n|-fail|p2a: Dragapult\n|move|p2b: Machamp|Dynamic Punch|p1a: Basculegion\n|-immune|p1a: Basculegion\n|\n|upkeep\n|turn|3\n|inactive|Catalystic has 30 seconds left.\n|\n|t:|1776278246\n|switch|p2a: Kingambit|Kingambit, L50, F, shiny|100/100\n|move|p1b: Maushold|Helping Hand|p1a: Basculegion\n|-singleturn|p1a: Basculegion|Helping Hand|[of] p1b: Maushold\n|move|p1a: Basculegion|Last Respects|p2a: Kingambit\n|-resisted|p2a: Kingambit|1\n|-damage|p2a: Kingambit|84/100\n|move|p2b: Machamp|Dynamic Punch|p1b: Maushold\n|-supereffective|p1b: Maushold|1\n|-enditem|p1b: Maushold|Chople Berry|[eat]\n|-enditem|p1b: Maushold|Chople Berry|[weaken]\n|-damage|p1b: Maushold|8/100\n|-start|p1b: Maushold|confusion\n|\n|upkeep\n|turn|4\n|inactive|Typespammer has 30 seconds left.\n|\n|t:|1776278275\n|switch|p1a: Kingambit|Kingambit, L50, F|94/100 brn\n|move|p2b: Machamp|Bullet Punch|p1b: Maushold\n|-damage|p1b: Maushold|0 fnt\n|faint|p1b: Maushold\n|move|p2a: Kingambit|Kowtow Cleave|p1a: Kingambit\n|-resisted|p1a: Kingambit|1\n|-damage|p1a: Kingambit|71/100 brn\n|\n|-damage|p1a: Kingambit|65/100 brn|[from] brn\n|upkeep\n|\n|t:|1776278288\n|switch|p1b: Gardevoir|Gardevoir-Mega, L50, M|100/100\n|turn|5\n|\n|t:|1776278300\n|move|p2b: Machamp|Wide Guard|p2b: Machamp\n|-singleturn|p2b: Machamp|Wide Guard\n|move|p1b: Gardevoir|Psychic|p2b: Machamp\n|-supereffective|p2b: Machamp|1\n|-damage|p2b: Machamp|0 fnt\n|faint|p2b: Machamp\n|move|p1a: Kingambit|Iron Head|p2a: Kingambit\n|-resisted|p2a: Kingambit|1\n|-damage|p2a: Kingambit|76/100\n|move|p2a: Kingambit|Iron Head|p1b: Gardevoir\n|-supereffective|p1b: Gardevoir|1\n|-damage|p1b: Gardevoir|0 fnt\n|faint|p1b: Gardevoir\n|\n|-damage|p1a: Kingambit|59/100 brn|[from] brn\n|upkeep\n|\n|t:|1776278313\n|switch|p1b: Basculegion|Basculegion, L50, M|100/100\n|switch|p2b: Dragapult|Dragapult, L50, F, shiny|100/100\n|turn|6\n|\n|t:|1776278328\n|move|p1b: Basculegion|Last Respects|p2b: Dragapult\n|-supereffective|p2b: Dragapult|1\n|-damage|p2b: Dragapult|0 fnt\n|faint|p2b: Dragapult\n|move|p1a: Kingambit|Iron Head|p2a: Kingambit\n|-resisted|p2a: Kingambit|1\n|-damage|p2a: Kingambit|68/100\n|move|p2a: Kingambit|Kowtow Cleave|p1b: Basculegion\n|-supereffective|p1b: Basculegion|1\n|-damage|p1b: Basculegion|0 fnt\n|faint|p1b: Basculegion\n|\n|-damage|p1a: Kingambit|53/100 brn|[from] brn\n|upkeep\n|\n|t:|1776278337\n|switch|p2b: Froslass|Froslass, L50, F, shiny|100/100\n|turn|7\n|\n|t:|1776278343\n|detailschange|p2b: Froslass|Froslass-Mega, L50, F, shiny\n|-mega|p2b: Froslass|Froslass|Froslassite\n|-weather|Snowscape|[from] ability: Snow Warning|[of] p2b: Froslass\n|move|p2b: Froslass|Blizzard|p1a: Kingambit\n|-resisted|p1a: Kingambit|1\n|-damage|p1a: Kingambit|22/100 brn\n|move|p1a: Kingambit|Iron Head|p2b: Froslass\n|-supereffective|p2b: Froslass|1\n|-damage|p2b: Froslass|49/100\n|move|p2a: Kingambit|Kowtow Cleave|p1a: Kingambit\n|-resisted|p1a: Kingambit|1\n|-damage|p1a: Kingambit|0 fnt\n|faint|p1a: Kingambit\n|\n|win|Typespammer\n|raw|Catalystic's rating: 1131 &rarr; <strong>1102</strong><br />(-29 for losing)\n|raw|Typespammer's rating: 1072 &rarr; <strong>1106</strong><br />(+34 for winning)\n",
  "uploadtime": 1776278353,
  "views": 24,
  "formatid": "gen9championsvgc2026regma",
  "rating": 1102,
  "private": 0,
  "password": null
}