{
  "id": "gen9championsvgc2026regma-2583848708",
  "format": "[Gen 9 Champions] VGC 2026 Reg M-A",
  "players": [
    "piedi nei piedi",
    "Wolfe Flick"
  ],
  "log": "|j|\u2606piedi nei piedi\n|j|\u2606Wolfe Flick\n|t:|1776202465\n|gametype|doubles\n|player|p1|piedi nei piedi|zinnia|1533\n|player|p2|Wolfe Flick|leon-tower|1524\n|gen|9\n|tier|[Gen 9 Champions] VGC 2026 Reg M-A\n|rated|\n|rule|Species Clause: Limit one of each Pok\u00e9mon\n|rule|Item Clause: Limit 1 of each item\n|clearpoke\n|poke|p1|Maushold, L50|\n|poke|p1|Sneasler, L50, F|\n|poke|p1|Froslass, L50, F|\n|poke|p1|Samurott-Hisui, L50, M|\n|poke|p1|Arcanine-Hisui, L50, M|\n|poke|p1|Milotic, L50, F|\n|poke|p2|Pelipper, L50, M|\n|poke|p2|Meganium, L50, M|\n|poke|p2|Basculegion, L50, M|\n|poke|p2|Archaludon, L50, M|\n|poke|p2|Glimmora, L50, F|\n|poke|p2|Sableye, L50, F|\n|teampreview|4\n|\n|t:|1776202501\n|teamsize|p1|4\n|teamsize|p2|4\n|start\n|switch|p1a: Samurottium|Samurott-Hisui, L50, M|100/100\n|switch|p1b: Froslasso|Froslass, L50, F|100/100\n|switch|p2a: Glimmora|Glimmora, L50, F, shiny|100/100\n|switch|p2b: Pelipper|Pelipper, L50, M, shiny|100/100\n|-weather|RainDance|[from] ability: Drizzle|[of] p2b: Pelipper\n|turn|1\n|\n|t:|1776202550\n|move|p1b: Froslasso|Protect|p1b: Froslasso\n|-singleturn|p1b: Froslasso|Protect\n|move|p2a: Glimmora|Spiky Shield|p2a: Glimmora\n|-singleturn|p2a: Glimmora|move: Protect\n|move|p1a: Samurottium|Ceaseless Edge|p2a: Glimmora\n|-activate|p2a: Glimmora|move: Protect\n|-damage|p1a: Samurottium|88/100|[from] Spiky Shield|[of] p2a: Glimmora\n|move|p2b: Pelipper|Tailwind|p2b: Pelipper\n|-sidestart|p2: Wolfe Flick|move: Tailwind\n|\n|-weather|RainDance|[upkeep]\n|upkeep\n|turn|2\n|\n|t:|1776202574\n|switch|p1b: Maushold|Maushold, L50|100/100\n|detailschange|p2a: Glimmora|Glimmora-Mega, L50, F, shiny\n|-mega|p2a: Glimmora|Glimmora|Glimmoranite\n|move|p2a: Glimmora|Power Gem|p1a: Samurottium\n|-damage|p1a: Samurottium|14/100\n|move|p2b: Pelipper|Hurricane|p1a: Samurottium\n|-damage|p1a: Samurottium|0 fnt\n|faint|p1a: Samurottium\n|\n|-weather|RainDance|[upkeep]\n|upkeep\n|\n|t:|1776202589\n|switch|p1a: Sneaslerux|Sneasler, L50, F|100/100\n|turn|3\n|\n|t:|1776202601\n|switch|p2b: Basculegion|Basculegion, L50, M|100/100\n|move|p2a: Glimmora|Spiky Shield|p2a: Glimmora\n|-singleturn|p2a: Glimmora|move: Protect\n|move|p1a: Sneaslerux|Fake Out|p2b: Basculegion\n|-immune|p2b: Basculegion\n|move|p1b: Maushold|Follow Me|p1b: Maushold\n|-singleturn|p1b: Maushold|move: Follow Me\n|\n|-weather|RainDance|[upkeep]\n|upkeep\n|turn|4\n|\n|t:|1776202627\n|move|p1a: Sneaslerux|Protect|p1a: Sneaslerux\n|-singleturn|p1a: Sneaslerux|Protect\n|move|p1b: Maushold|Protect|p1b: Maushold\n|-singleturn|p1b: Maushold|Protect\n|move|p2b: Basculegion|Flip Turn|p1a: Sneaslerux\n|-activate|p1a: Sneaslerux|move: Protect\n|move|p2a: Glimmora|Sludge Bomb|p1a: Sneaslerux\n|-activate|p1a: Sneaslerux|move: Protect\n|\n|-weather|RainDance|[upkeep]\n|-sideend|p2: Wolfe Flick|move: Tailwind\n|upkeep\n|turn|5\n|\n|t:|1776202643\n|move|p1b: Maushold|Follow Me|p1b: Maushold\n|-singleturn|p1b: Maushold|move: Follow Me\n|move|p2b: Basculegion|Flip Turn|p1b: Maushold\n|-damage|p1b: Maushold|45/100\n|\n|t:|1776202653\n|switch|p2b: Archaludon|Archaludon, L50, M, shiny|100/100|[from] Flip Turn\n|move|p1a: Sneaslerux|Close Combat|p2a: Glimmora\n|-damage|p2a: Glimmora|36/100\n|-unboost|p1a: Sneaslerux|def|1\n|-unboost|p1a: Sneaslerux|spd|1\n|-enditem|p1a: Sneaslerux|White Herb\n|-clearnegativeboost|p1a: Sneaslerux|[silent]\n|move|p2a: Glimmora|Sludge Bomb|p1b: Maushold\n|-damage|p1b: Maushold|0 fnt\n|faint|p1b: Maushold\n|\n|-weather|none\n|upkeep\n|j| yuichi\n|\n|t:|1776202659\n|switch|p1b: Froslasso|Froslass, L50, F|100/100\n|turn|6\n|\n|t:|1776202686\n|move|p2a: Glimmora|Spiky Shield|p2a: Glimmora\n|-singleturn|p2a: Glimmora|move: Protect\n|move|p1a: Sneaslerux|Close Combat|p2b: Archaludon\n|-supereffective|p2b: Archaludon|1\n|-ability|p2b: Archaludon|Sturdy\n|-damage|p2b: Archaludon|1/100\n|-unboost|p1a: Sneaslerux|def|1\n|-unboost|p1a: Sneaslerux|spd|1\n|move|p1b: Froslasso|Shadow Ball|p2a: Glimmora\n|-activate|p2a: Glimmora|move: Protect\n|move|p2b: Archaludon|Draco Meteor|p1a: Sneaslerux\n|-damage|p1a: Sneaslerux|0 fnt\n|-unboost|p2b: Archaludon|spa|2\n|faint|p1a: Sneaslerux\n|-enditem|p2b: Archaludon|White Herb\n|-clearnegativeboost|p2b: Archaludon|[silent]\n|\n|upkeep\n|turn|7\n|\n|t:|1776202704\n|move|p1b: Froslasso|Blizzard|p2b: Archaludon|[spread] p2b\n|-miss|p1b: Froslasso|p2a: Glimmora\n|-damage|p2b: Archaludon|0 fnt\n|faint|p2b: Archaludon\n|move|p2a: Glimmora|Power Gem|p1b: Froslasso\n|-supereffective|p1b: Froslasso|1\n|-damage|p1b: Froslasso|0 fnt\n|-start|p2a: Glimmora|Disable|Power Gem|[from] ability: Cursed Body|[of] p1b: Froslasso\n|faint|p1b: Froslasso\n|\n|win|Wolfe Flick\n|raw|piedi nei piedi's rating: 1533 &rarr; <strong>1512</strong><br />(-21 for losing)\n|raw|Wolfe Flick's rating: 1524 &rarr; <strong>1545</strong><br />(+21 for winning)\n|l|\u2606Wolfe Flick\n|player|p2|\n",
  "uploadtime": 1776202716,
  "views": 91,
  "formatid": "gen9championsvgc2026regma",
  "rating": 1512,
  "private": 0,
  "password": null
}