{
  "id": "gen9championsvgc2026regma-2583108817",
  "format": "[Gen 9 Champions] VGC 2026 Reg M-A",
  "players": [
    "rasalius",
    "kantinevgc"
  ],
  "log": "|j|\u2606rasalius\n|j|\u2606kantinevgc\n|t:|1776143009\n|gametype|doubles\n|player|p1|rasalius|169|1101\n|player|p2|kantinevgc|roughneck-gen4|1194\n|gen|9\n|tier|[Gen 9 Champions] VGC 2026 Reg M-A\n|rated|\n|rule|Species Clause: Limit one of each Pok\u00e9mon\n|rule|Item Clause: Limit 1 of each item\n|clearpoke\n|poke|p1|Farigiraf, L50, F|\n|poke|p1|Incineroar, L50, M|\n|poke|p1|Crabominable, L50, F|\n|poke|p1|Torkoal, L50, F|\n|poke|p1|Sinistcha, L50|\n|poke|p1|Ampharos, L50, M|\n|poke|p2|Chesnaught, L50, M|\n|poke|p2|Slowking-Galar, L50, F|\n|poke|p2|Incineroar, L50, F|\n|poke|p2|Ninetales-Alola, L50, M|\n|poke|p2|Kleavor, L50, M|\n|poke|p2|Aegislash, L50, F|\n|teampreview|4\n|\n|t:|1776143022\n|teamsize|p1|4\n|teamsize|p2|4\n|start\n|switch|p1a: Incineroar|Incineroar, L50, M|100/100\n|switch|p1b: Farigiraf|Farigiraf, L50, F|100/100\n|switch|p2a: Chesnaught|Chesnaught, L50, M|100/100\n|switch|p2b: Kleavor|Kleavor, L50, M|100/100\n|-ability|p1a: Incineroar|Intimidate|boost\n|-unboost|p2a: Chesnaught|atk|1\n|-unboost|p2b: Kleavor|atk|1\n|turn|1\n|\n|t:|1776143038\n|detailschange|p2a: Chesnaught|Chesnaught-Mega, L50, M\n|-mega|p2a: Chesnaught|Chesnaught|Chesnaughtite\n|move|p1a: Incineroar|Fake Out|p2b: Kleavor\n|-resisted|p2b: Kleavor|1\n|-damage|p2b: Kleavor|92/100\n|cant|p2b: Kleavor|flinch\n|move|p2a: Chesnaught|Body Press|p1b: Farigiraf\n|-damage|p1b: Farigiraf|46/100\n|move|p1b: Farigiraf|Trick Room|p1b: Farigiraf\n|-fieldstart|move: Trick Room|[of] p1b: Farigiraf\n|\n|upkeep\n|turn|2\n|\n|t:|1776143057\n|move|p2a: Chesnaught|Spiky Shield|p2a: Chesnaught\n|-singleturn|p2a: Chesnaught|move: Protect\n|move|p1b: Farigiraf|Twin Beam|p2a: Chesnaught\n|-activate|p2a: Chesnaught|move: Protect\n|move|p1a: Incineroar|Parting Shot|p2b: Kleavor\n|-unboost|p2b: Kleavor|atk|1\n|-unboost|p2b: Kleavor|spa|1\n|\n|t:|1776143068\n|switch|p1a: Crabominable|Crabominable, L50, F|100/100|[from] Parting Shot\n|move|p2b: Kleavor|U-turn|p1b: Farigiraf\n|-supereffective|p1b: Farigiraf|1\n|-damage|p1b: Farigiraf|1/100\n|\n|t:|1776143073\n|switch|p2b: Incineroar|Incineroar, L50, F|100/100|[from] U-turn\n|-ability|p2b: Incineroar|Intimidate|boost\n|-unboost|p1a: Crabominable|atk|1\n|-unboost|p1b: Farigiraf|atk|1\n|\n|upkeep\n|turn|3\n|\n|t:|1776143085\n|switch|p2a: Kleavor|Kleavor, L50, M|92/100\n|detailschange|p1a: Crabominable|Crabominable-Mega, L50, F\n|-mega|p1a: Crabominable|Crabominable|Crabominite\n|move|p1b: Farigiraf|Protect|p1b: Farigiraf\n|-singleturn|p1b: Farigiraf|Protect\n|move|p1a: Crabominable|Close Combat|p2b: Incineroar\n|-supereffective|p2b: Incineroar|1\n|-damage|p2b: Incineroar|1/100\n|-unboost|p1a: Crabominable|def|1\n|-unboost|p1a: Crabominable|spd|1\n|-enditem|p2b: Incineroar|Sitrus Berry|[eat]\n|-heal|p2b: Incineroar|26/100|[from] item: Sitrus Berry\n|move|p2b: Incineroar|Parting Shot|p1a: Crabominable\n|-unboost|p1a: Crabominable|atk|1\n|-unboost|p1a: Crabominable|spa|1\n|\n|t:|1776143100\n|switch|p2b: Chesnaught|Chesnaught-Mega, L50, M|100/100|[from] Parting Shot\n|\n|upkeep\n|turn|4\n|\n|t:|1776143114\n|switch|p1a: Incineroar|Incineroar, L50, M|100/100\n|-ability|p1a: Incineroar|Intimidate|boost\n|-unboost|p2a: Kleavor|atk|1\n|-unboost|p2b: Chesnaught|atk|1\n|switch|p1b: Torkoal|Torkoal, L50, F|100/100\n|-weather|SunnyDay|[from] ability: Drought|[of] p1b: Torkoal\n|switch|p2a: Incineroar|Incineroar, L50, F|26/100\n|-ability|p2a: Incineroar|Intimidate|boost\n|-unboost|p1a: Incineroar|atk|1\n|-unboost|p1b: Torkoal|atk|1\n|-enditem|p1a: Incineroar|White Herb\n|-clearnegativeboost|p1a: Incineroar|[silent]\n|move|p2b: Chesnaught|Body Press|p1a: Incineroar\n|-supereffective|p1a: Incineroar|1\n|-damage|p1a: Incineroar|0 fnt\n|faint|p1a: Incineroar\n|\n|-weather|SunnyDay|[upkeep]\n|upkeep\n|\n|t:|1776143121\n|switch|p1a: Farigiraf|Farigiraf, L50, F|1/100\n|turn|5\n|\n|t:|1776143128\n|move|p2b: Chesnaught|Spiky Shield|p2b: Chesnaught\n|-singleturn|p2b: Chesnaught|move: Protect\n|move|p1b: Torkoal|Eruption|p2b: Chesnaught|[spread] p2a\n|-activate|p2b: Chesnaught|move: Protect\n|-resisted|p2a: Incineroar|1\n|-damage|p2a: Incineroar|0 fnt\n|faint|p2a: Incineroar\n|move|p1a: Farigiraf|Hyper Voice|p2b: Chesnaught\n|-activate|p2b: Chesnaught|move: Protect\n|\n|-weather|SunnyDay|[upkeep]\n|-fieldend|move: Trick Room\n|upkeep\n|\n|t:|1776143133\n|switch|p2a: Kleavor|Kleavor, L50, M|92/100\n|turn|6\n|\n|t:|1776143143\n|move|p2a: Kleavor|Stone Axe|p1b: Torkoal\n|-supereffective|p1b: Torkoal|1\n|-damage|p1b: Torkoal|18/100\n|-sidestart|p1: rasalius|move: Stealth Rock\n|move|p1a: Farigiraf|Twin Beam|p2b: Chesnaught\n|-supereffective|p2b: Chesnaught|1\n|-damage|p2b: Chesnaught|72/100\n|-supereffective|p2b: Chesnaught|1\n|-damage|p2b: Chesnaught|40/100\n|-hitcount|p2b: Chesnaught|2\n|move|p2b: Chesnaught|Body Press|p1a: Farigiraf\n|-damage|p1a: Farigiraf|0 fnt\n|faint|p1a: Farigiraf\n|move|p1b: Torkoal|Weather Ball|p2b: Chesnaught\n|-immune|p2b: Chesnaught|[from] ability: Bulletproof\n|\n|-weather|SunnyDay|[upkeep]\n|upkeep\n|\n|t:|1776143155\n|switch|p1a: Crabominable|Crabominable-Mega, L50, F|100/100\n|-damage|p1a: Crabominable|88/100|[from] Stealth Rock\n|turn|7\n|l|\u2606rasalius\n|player|p1|\n|inactive|Battle timer is ON: inactive players will automatically lose when time's up. (requested by kantinevgc)\n|l|\u2606kantinevgc\n|inactive|kantinevgc disconnected and has a minute to reconnect!\n|player|p2|\n|j|\u2606kantinevgc\n|inactive|kantinevgc reconnected.\n|player|p2|kantinevgc|roughneck-gen4|\n|inactive|rasalius has 30 seconds to reconnect!\n|inactive|rasalius has 20 seconds to reconnect!\n|inactive|rasalius has 15 seconds to reconnect!\n|inactive|rasalius has 10 seconds to reconnect!\n|inactive|rasalius has 5 seconds to reconnect!\n|-message|rasalius lost due to inactivity.\n|\n|win|kantinevgc\n|raw|rasalius's rating: 1101 &rarr; <strong>1083</strong><br />(-18 for losing)\n|raw|kantinevgc's rating: 1194 &rarr; <strong>1212</strong><br />(+18 for winning)\n",
  "uploadtime": 1776143236,
  "views": 29,
  "formatid": "gen9championsvgc2026regma",
  "rating": 1083,
  "private": 0,
  "password": null
}