{
  "id": "gen9championsvgc2026regma-2582148102",
  "format": "[Gen 9 Champions] VGC 2026 Reg M-A",
  "players": [
    "Timeline Lugia",
    "cataclyst03"
  ],
  "log": "|j|\u2606Timeline Lugia\n|j|\u2606cataclyst03\n|t:|1776064190\n|gametype|doubles\n|player|p1|Timeline Lugia|cynthia|1209\n|player|p2|cataclyst03|hilbert|1185\n|gen|9\n|tier|[Gen 9 Champions] VGC 2026 Reg M-A\n|rated|\n|rule|Species Clause: Limit one of each Pok\u00e9mon\n|rule|Item Clause: Limit 1 of each item\n|clearpoke\n|poke|p1|Froslass, L50, F|\n|poke|p1|Garchomp, L50, M|\n|poke|p1|Kingambit, L50, F|\n|poke|p1|Sinistcha, L50|\n|poke|p1|Aerodactyl, L50, M|\n|poke|p1|Primarina, L50, M|\n|poke|p2|Farigiraf, L50, M|\n|poke|p2|Golurk, L50|\n|poke|p2|Armarouge, L50, M|\n|poke|p2|Hatterene, L50, F|\n|poke|p2|Torkoal, L50, F|\n|poke|p2|Incineroar, L50, F|\n|teampreview|4\n|inactive|Battle timer is ON: inactive players will automatically lose when time's up. (requested by cataclyst03)\n|inactive|Timeline Lugia also wants the timer to be on.\n|inactive|cataclyst03 has 60 seconds left.\n|\n|t:|1776064238\n|teamsize|p1|4\n|teamsize|p2|4\n|start\n|switch|p1a: Aerodactyl|Aerodactyl, L50, M|100/100\n|switch|p1b: Primarina|Primarina, L50, M|100/100\n|switch|p2a: Farigiraf|Farigiraf, L50, M|100/100\n|switch|p2b: Armarouge|Armarouge, L50, M|100/100\n|-ability|p1a: Aerodactyl|Unnerve\n|turn|1\n|\n|t:|1776064259\n|move|p2b: Armarouge|Protect|p2b: Armarouge\n|-singleturn|p2b: Armarouge|Protect\n|move|p1a: Aerodactyl|Rock Tomb|p2b: Armarouge\n|-activate|p2b: Armarouge|move: Protect\n|move|p1b: Primarina|Hyper Voice|p2b: Armarouge|[spread] p2a\n|-activate|p2b: Armarouge|move: Protect\n|-damage|p2a: Farigiraf|63/100\n|move|p2a: Farigiraf|Trick Room|p2a: Farigiraf\n|-fieldstart|move: Trick Room|[of] p2a: Farigiraf\n|\n|-heal|p2a: Farigiraf|70/100|[from] item: Leftovers\n|upkeep\n|turn|2\n|\n|t:|1776064282\n|move|p1a: Aerodactyl|Wide Guard|p1a: Aerodactyl\n|-singleturn|p1a: Aerodactyl|Wide Guard\n|move|p2a: Farigiraf|Psychic|p1b: Primarina\n|-damage|p1b: Primarina|67/100\n|move|p2b: Armarouge|Psychic|p1b: Primarina\n|-damage|p1b: Primarina|13/100\n|-enditem|p1b: Primarina|Sitrus Berry|[eat]\n|-heal|p1b: Primarina|38/100|[from] item: Sitrus Berry\n|move|p1b: Primarina|Hyper Voice|p2a: Farigiraf|[spread] p2a,p2b\n|-supereffective|p2b: Armarouge|1\n|-damage|p2a: Farigiraf|30/100\n|-damage|p2b: Armarouge|19/100\n|\n|-heal|p2a: Farigiraf|36/100|[from] item: Leftovers\n|upkeep\n|turn|3\n|inactive|Timeline Lugia has 30 seconds left.\n|\n|t:|1776064312\n|move|p1b: Primarina|Protect|p1b: Primarina\n|-singleturn|p1b: Primarina|Protect\n|move|p2a: Farigiraf|Psychic|p1a: Aerodactyl\n|-damage|p1a: Aerodactyl|54/100\n|move|p2b: Armarouge|Psychic|p1b: Primarina\n|-activate|p1b: Primarina|move: Protect\n|move|p1a: Aerodactyl|Rock Slide|p2b: Armarouge|[spread] p2a\n|-miss|p1a: Aerodactyl|p2b: Armarouge\n|-damage|p2a: Farigiraf|18/100\n|\n|-heal|p2a: Farigiraf|24/100|[from] item: Leftovers\n|upkeep\n|turn|4\n|inactive|cataclyst03 has 30 seconds left.\n|\n|t:|1776064341\n|move|p2a: Farigiraf|Hyper Voice|p1b: Primarina|[spread] p1a,p1b\n|-resisted|p1a: Aerodactyl|1\n|-damage|p1a: Aerodactyl|37/100\n|-damage|p1b: Primarina|15/100\n|move|p2b: Armarouge|Armor Cannon|p1b: Primarina\n|-resisted|p1b: Primarina|1\n|-damage|p1b: Primarina|0 fnt\n|-unboost|p2b: Armarouge|def|1\n|-unboost|p2b: Armarouge|spd|1\n|faint|p1b: Primarina\n|move|p1a: Aerodactyl|Rock Slide|p2b: Armarouge|[spread] p2a,p2b\n|-supereffective|p2b: Armarouge|1\n|-damage|p2a: Farigiraf|7/100\n|-damage|p2b: Armarouge|0 fnt\n|faint|p2b: Armarouge\n|\n|-heal|p2a: Farigiraf|13/100|[from] item: Leftovers\n|upkeep\n|\n|t:|1776064360\n|switch|p2b: Hatterene|Hatterene, L50, F|100/100\n|switch|p1b: Froslass|Froslass, L50, F|100/100\n|turn|5\n|\n|t:|1776064376\n|detailschange|p1b: Froslass|Froslass-Mega, L50, F\n|-mega|p1b: Froslass|Froslass|Froslassite\n|-weather|Snowscape|[from] ability: Snow Warning|[of] p1b: Froslass\n|move|p1b: Froslass|Protect|p1b: Froslass\n|-singleturn|p1b: Froslass|Protect\n|move|p1a: Aerodactyl|Rock Slide|p2b: Hatterene|[spread] p2a,p2b\n|-damage|p2a: Farigiraf|0 fnt\n|-damage|p2b: Hatterene|81/100\n|faint|p2a: Farigiraf\n|move|p2b: Hatterene|Trick Room|p2b: Hatterene\n|-fieldend|move: Trick Room\n|\n|-weather|Snowscape|[upkeep]\n|upkeep\n|\n|t:|1776064385\n|switch|p2a: Golurk|Golurk, L50|100/100\n|turn|6\n|\n|t:|1776064403\n|move|p2a: Golurk|Protect|p2a: Golurk\n|-singleturn|p2a: Golurk|Protect\n|move|p1a: Aerodactyl|Rock Slide|p2a: Golurk|[spread] p2b\n|-activate|p2a: Golurk|move: Protect\n|-damage|p2b: Hatterene|59/100\n|move|p1b: Froslass|Blizzard|p2b: Hatterene|[spread] p2b\n|-activate|p2a: Golurk|move: Protect\n|-damage|p2b: Hatterene|22/100\n|cant|p2b: Hatterene|flinch\n|\n|-weather|Snowscape|[upkeep]\n|upkeep\n|turn|7\n|\n|t:|1776064418\n|detailschange|p2a: Golurk|Golurk-Mega, L50\n|-mega|p2a: Golurk|Golurk|Golurkite\n|move|p2b: Hatterene|Protect|p2b: Hatterene\n|-singleturn|p2b: Hatterene|Protect\n|move|p1a: Aerodactyl|Rock Slide|p2b: Hatterene|[spread] p2a\n|-activate|p2b: Hatterene|move: Protect\n|-resisted|p2a: Golurk|1\n|-damage|p2a: Golurk|89/100\n|move|p1b: Froslass|Blizzard|p2b: Hatterene|[spread] p2a\n|-activate|p2b: Hatterene|move: Protect\n|-supereffective|p2a: Golurk|1\n|-damage|p2a: Golurk|24/100\n|cant|p2a: Golurk|flinch\n|\n|-weather|Snowscape|[upkeep]\n|upkeep\n|turn|8\n|c|\u2606cataclyst03|K\n|c|\u2606cataclyst03|I stg\n|inactive|cataclyst03 has 30 seconds left.\n|c|\u2606cataclyst03|Rock slide flinch is 90%\n|c|\u2606cataclyst03|Like jesus\n|-message|cataclyst03 forfeited.\n|\n|win|Timeline Lugia\n|raw|Timeline Lugia's rating: 1209 &rarr; <strong>1232</strong><br />(+23 for winning)\n|raw|cataclyst03's rating: 1185 &rarr; <strong>1162</strong><br />(-23 for losing)\n|l|\u2606cataclyst03\n|player|p2|\n",
  "uploadtime": 1776064467,
  "views": 52,
  "formatid": "gen9championsvgc2026regma",
  "rating": 1162,
  "private": 0,
  "password": null
}