{
  "id": "gen9championsvgc2026regma-2580832120",
  "format": "[Gen 9 Champions] VGC 2026 Reg M-A",
  "players": [
    "savemelivie",
    "Peperoni_P1zza"
  ],
  "log": "|j|\u2606savemelivie\n|j|\u2606Peperoni_P1zza\n|t:|1775936107\n|gametype|doubles\n|player|p1|savemelivie|swimmerf-gen4|1040\n|player|p2|Peperoni_P1zza|dawn|1000\n|gen|9\n|tier|[Gen 9 Champions] VGC 2026 Reg M-A\n|rated|\n|rule|Species Clause: Limit one of each Pok\u00e9mon\n|rule|Item Clause: Limit 1 of each item\n|clearpoke\n|poke|p1|Skarmory, L50, M|\n|poke|p1|Tyranitar, L50, M|\n|poke|p1|Sinistcha, L50|\n|poke|p1|Chimecho, L50, M|\n|poke|p1|Garchomp, L50, M|\n|poke|p1|Primarina, L50, M|\n|poke|p2|Altaria, L50, F|\n|poke|p2|Ninetales-Alola, L50, F|\n|poke|p2|Froslass, L50, F|\n|poke|p2|Sneasler, L50, F|\n|poke|p2|Sinistcha, L50|\n|poke|p2|Whimsicott, L50, F|\n|teampreview|4\n|inactive|Battle timer is ON: inactive players will automatically lose when time's up. (requested by savemelivie)\n|inactive|Peperoni_P1zza has 60 seconds left.\n|inactive|Peperoni_P1zza has 30 seconds left.\nsavemelivie rejected open team sheets.\n|inactive|Peperoni_P1zza has 20 seconds left.\n|inactive|Peperoni_P1zza has 15 seconds left.\n|inactive|Peperoni_P1zza has 10 seconds left.\n|inactive|Peperoni_P1zza has 5 seconds left.\n|\n|t:|1775936289\n|teamsize|p1|4\n|teamsize|p2|4\n|start\n|switch|p1a: Skarmory|Skarmory, L50, M|100/100\n|switch|p1b: Tyranitar|Tyranitar, L50, M|100/100\n|switch|p2a: Altaria|Altaria, L50, F, shiny|100/100\n|switch|p2b: Ninetales|Ninetales-Alola, L50, F, shiny|100/100\n|-ability|p2a: Altaria|Cloud Nine\n|-weather|Snowscape|[from] ability: Snow Warning|[of] p2b: Ninetales\n|-weather|Sandstorm|[from] ability: Sand Stream|[of] p1b: Tyranitar\n|turn|1\n|inactive|Peperoni_P1zza has 30 seconds left.\n|inactive|Peperoni_P1zza has 20 seconds left.\n|inactive|Peperoni_P1zza has 15 seconds left.\n|inactive|savemelivie has 30 seconds left.\n|inactive|Peperoni_P1zza has 10 seconds left.\n|\n|t:|1775936338\n|detailschange|p1a: Skarmory|Skarmory-Mega, L50, M\n|-mega|p1a: Skarmory|Skarmory|Skarmorite\n|move|p1a: Skarmory|Tailwind|p1a: Skarmory\n|-sidestart|p1: savemelivie|move: Tailwind\n|move|p1b: Tyranitar|Rock Slide|p2b: Ninetales|[spread] p2a,p2b\n|-supereffective|p2a: Altaria|1\n|-supereffective|p2b: Ninetales|1\n|-damage|p2a: Altaria|20/100\n|-damage|p2b: Ninetales|27/100\n|move|p2a: Altaria|Dragon Dance|p2a: Altaria\n|-boost|p2a: Altaria|atk|1\n|-boost|p2a: Altaria|spe|1\n|cant|p2b: Ninetales|flinch\n|\n|-weather|Sandstorm|[upkeep]\n|upkeep\n|turn|2\n|inactive|Peperoni_P1zza has 30 seconds left.\n|inactive|savemelivie has 30 seconds left.\n|\n|t:|1775936371\n|move|p1a: Skarmory|Iron Head|p2b: Ninetales\n|-supereffective|p2b: Ninetales|2\n|-damage|p2b: Ninetales|0 fnt\n|faint|p2b: Ninetales\n|move|p2a: Altaria|Double-Edge|p1b: Tyranitar\n|-resisted|p1b: Tyranitar|1\n|-damage|p1b: Tyranitar|82/100\n|-damage|p2a: Altaria|12/100|[from] Recoil\n|move|p1b: Tyranitar|Rock Slide|p2a: Altaria\n|-supereffective|p2a: Altaria|1\n|-damage|p2a: Altaria|0 fnt\n|faint|p2a: Altaria\n|\n|-weather|Sandstorm|[upkeep]\n|upkeep\n|\n|t:|1775936386\n|switch|p2a: Sneasler|Sneasler, L50, F, shiny|100/100\n|switch|p2b: Froslass|Froslass, L50, F, shiny|100/100\n|turn|3\n|\n|t:|1775936397\n|detailschange|p2b: Froslass|Froslass-Mega, L50, F, shiny\n|-mega|p2b: Froslass|Froslass|Froslassite\n|-weather|Snowscape|[from] ability: Snow Warning|[of] p2b: Froslass\n|move|p1a: Skarmory|Iron Head|p2b: Froslass\n|-supereffective|p2b: Froslass|1\n|-damage|p2b: Froslass|1/100\n|move|p2b: Froslass|Blizzard|p1b: Tyranitar|[spread] p1a,p1b\n|-damage|p1a: Skarmory|35/100\n|-damage|p1b: Tyranitar|36/100\n|move|p2a: Sneasler|Close Combat|p1b: Tyranitar\n|-supereffective|p1b: Tyranitar|2\n|-damage|p1b: Tyranitar|0 fnt\n|-unboost|p2a: Sneasler|def|1\n|-unboost|p2a: Sneasler|spd|1\n|faint|p1b: Tyranitar\n|\n|-weather|Snowscape|[upkeep]\n|upkeep\n|\n|t:|1775936411\n|switch|p1b: Primarina|Primarina, L50, M|100/100\n|turn|4\n|\n|t:|1775936420\n|move|p2b: Froslass|Protect|p2b: Froslass\n|-singleturn|p2b: Froslass|Protect\n|move|p1a: Skarmory|Brave Bird|p2a: Sneasler\n|-supereffective|p2a: Sneasler|1\n|-crit|p2a: Sneasler\n|-damage|p2a: Sneasler|0 fnt\n|faint|p2a: Sneasler\n|-damage|p1a: Skarmory|0 fnt|[from] Recoil\n|faint|p1a: Skarmory\n|move|p1b: Primarina|Hyper Voice|p2b: Froslass\n|-activate|p2b: Froslass|move: Protect\n|\n|-weather|Snowscape|[upkeep]\n|-sideend|p1: savemelivie|move: Tailwind\n|upkeep\n|\n|t:|1775936434\n|switch|p1a: Garchomp|Garchomp, L50, M|100/100\n|turn|5\n|\n|t:|1775936452\n|move|p2b: Froslass|Blizzard|p1b: Primarina|[spread] p1a,p1b\n|-supereffective|p1a: Garchomp|2\n|-resisted|p1b: Primarina|1\n|-damage|p1a: Garchomp|0 fnt\n|-damage|p1b: Primarina|79/100\n|-status|p1b: Primarina|frz\n|faint|p1a: Garchomp\n|cant|p1b: Primarina|frz\n|\n|-weather|Snowscape|[upkeep]\n|-heal|p1b: Primarina|84/100 frz|[from] item: Leftovers\n|upkeep\n|turn|6\n|\n|t:|1775936463\n|move|p2b: Froslass|Shadow Ball|p1b: Primarina\n|-damage|p1b: Primarina|48/100 frz\n|cant|p1b: Primarina|frz\n|\n|-weather|Snowscape|[upkeep]\n|-heal|p1b: Primarina|53/100 frz|[from] item: Leftovers\n|upkeep\n|turn|7\n|\n|t:|1775936480\n|move|p2b: Froslass|Shadow Ball|p1b: Primarina\n|-damage|p1b: Primarina|13/100 frz\n|-unboost|p1b: Primarina|spd|1\n|-curestatus|p1b: Primarina|frz|[msg]\n|move|p1b: Primarina|Hyper Voice|p2b: Froslass\n|-damage|p2b: Froslass|0 fnt\n|faint|p2b: Froslass\n|\n|win|savemelivie\n|raw|savemelivie's rating: 1040 &rarr; <strong>1070</strong><br />(+30 for winning)\n|raw|Peperoni_P1zza's rating: 1000 &rarr; <strong>1000</strong><br />(+0 for losing)\n",
  "uploadtime": 1775936491,
  "views": 20,
  "formatid": "gen9championsvgc2026regma",
  "rating": 1000,
  "private": 0,
  "password": null
}