{
  "id": "gen9championsvgc2026regma-2585847757",
  "format": "[Gen 9 Champions] VGC 2026 Reg M-A",
  "players": [
    "itsjustsomni",
    "Big Kahuna Tuna"
  ],
  "log": "|j|\u2606itsjustsomni\n|j|\u2606Big Kahuna Tuna\n|t:|1776375219\n|gametype|doubles\n|player|p1|itsjustsomni|cyrus|1145\n|player|p2|Big Kahuna Tuna|169|1058\n|gen|9\n|tier|[Gen 9 Champions] VGC 2026 Reg M-A\n|rated|\n|rule|Species Clause: Limit one of each Pok\u00e9mon\n|rule|Item Clause: Limit 1 of each item\n|clearpoke\n|poke|p1|Aggron, L50, F|\n|poke|p1|Sinistcha, L50|\n|poke|p1|Hydreigon, L50, M|\n|poke|p1|Incineroar, L50, F|\n|poke|p1|Rotom-Wash, L50|\n|poke|p1|Gyarados, L50, F|\n|poke|p2|Rotom-Wash, L50|\n|poke|p2|Incineroar, L50, M|\n|poke|p2|Aegislash, L50, M|\n|poke|p2|Sneasler, L50, M|\n|poke|p2|Tsareena, L50, F|\n|poke|p2|Floette-Eternal, L50, F|\n|teampreview|4\n|inactive|Battle timer is ON: inactive players will automatically lose when time's up. (requested by itsjustsomni)\n|inactive|itsjustsomni has 60 seconds left.\n|inactive|Big Kahuna Tuna has 60 seconds left.\n|\n|t:|1776375260\n|teamsize|p1|4\n|teamsize|p2|4\n|start\n|switch|p1a: Hydreigon|Hydreigon, L50, M|100/100\n|switch|p1b: Incineroar|Incineroar, L50, F|100/100\n|switch|p2a: Sneasler|Sneasler, L50, M|100/100\n|switch|p2b: Rotom|Rotom-Wash, L50|100/100\n|-ability|p1b: Incineroar|Intimidate|boost\n|-unboost|p2a: Sneasler|atk|1\n|-unboost|p2b: Rotom|atk|1\n|-enditem|p2a: Sneasler|White Herb\n|-clearnegativeboost|p2a: Sneasler|[silent]\n|turn|1\n|inactive|itsjustsomni has 30 seconds left.\n|inactive|Big Kahuna Tuna has 30 seconds left.\n|inactive|itsjustsomni has 20 seconds left.\n|inactive|itsjustsomni has 15 seconds left.\n|\n|t:|1776375304\n|move|p2a: Sneasler|Fake Out|p1a: Hydreigon\n|-damage|p1a: Hydreigon|82/100\n|move|p1b: Incineroar|Fake Out|p2b: Rotom\n|-damage|p2b: Rotom|89/100\n|cant|p1a: Hydreigon|flinch\n|cant|p2b: Rotom|flinch\n|\n|-heal|p2b: Rotom|95/100|[from] item: Leftovers\n|upkeep\n|turn|2\n|\n|t:|1776375320\n|move|p2a: Sneasler|Close Combat|p1a: Hydreigon\n|-supereffective|p1a: Hydreigon|1\n|-damage|p1a: Hydreigon|0 fnt\n|-unboost|p2a: Sneasler|def|1\n|-unboost|p2a: Sneasler|spd|1\n|faint|p1a: Hydreigon\n|move|p2b: Rotom|Volt Switch|p1b: Incineroar\n|-damage|p1b: Incineroar|80/100\n|\n|t:|1776375334\n|switch|p2b: Floette|Floette-Eternal, L50, F|100/100|[from] Volt Switch\n|move|p1b: Incineroar|Parting Shot|p2b: Floette\n|-unboost|p2b: Floette|atk|1\n|-unboost|p2b: Floette|spa|1\n|\n|t:|1776375340\n|switch|p1b: Aggron|Aggron, L50, F|100/100|[from] Parting Shot\n|\n|upkeep\n|\n|t:|1776375345\n|switch|p1a: Incineroar|Incineroar, L50, F|80/100\n|-ability|p1a: Incineroar|Intimidate|boost\n|-unboost|p2a: Sneasler|atk|1\n|-unboost|p2b: Floette|atk|1\n|turn|3\n|\n|t:|1776375354\n|switch|p2a: Rotom|Rotom-Wash, L50|95/100\n|switch|p2b: Aegislash|Aegislash, L50, M|100/100\n|detailschange|p1b: Aggron|Aggron-Mega, L50, F\n|-mega|p1b: Aggron|Aggron|Aggronite\n|move|p1a: Incineroar|Fake Out|p2b: Aegislash\n|-immune|p2b: Aegislash\n|move|p1b: Aggron|Body Press|p2b: Aegislash\n|-immune|p2b: Aegislash\n|\n|-heal|p2a: Rotom|100/100|[from] item: Leftovers\n|upkeep\n|turn|4\n|inactive|itsjustsomni has 30 seconds left.\n|inactive|Big Kahuna Tuna has 30 seconds left.\n|inactive|Big Kahuna Tuna has 20 seconds left.\n|inactive|itsjustsomni has 20 seconds left.\n|inactive|itsjustsomni has 15 seconds left.\n|inactive|itsjustsomni has 10 seconds left.\n|\n|t:|1776375406\n|move|p2b: Aegislash|King's Shield|p2b: Aegislash\n|-singleturn|p2b: Aegislash|Protect\n|move|p1b: Aggron|Protect|p1b: Aggron\n|-singleturn|p1b: Aggron|Protect\n|move|p2a: Rotom|Will-O-Wisp|p1b: Aggron\n|-activate|p1b: Aggron|move: Protect\n|move|p1a: Incineroar|Flare Blitz|p2b: Aegislash\n|-activate|p2b: Aegislash|move: Protect\n|-unboost|p1a: Incineroar|atk|1\n|\n|upkeep\n|turn|5\n|\n|t:|1776375428\n|switch|p1b: Sinistcha|Sinistcha, L50|100/100\n|-heal|p1a: Incineroar|100/100|[from] ability: Hospitality|[of] p1b: Sinistcha\n|move|p2a: Rotom|Volt Switch|p1a: Incineroar\n|-damage|p1a: Incineroar|81/100\n|\n|t:|1776375437\n|switch|p2a: Sneasler|Sneasler, L50, M|100/100|[from] Volt Switch\n|move|p1a: Incineroar|Parting Shot|p2a: Sneasler\n|-unboost|p2a: Sneasler|atk|1\n|-unboost|p2a: Sneasler|spa|1\n|\n|t:|1776375443\n|switch|p1a: Aggron|Aggron-Mega, L50, F|100/100|[from] Parting Shot\n|-formechange|p2b: Aegislash|Aegislash-Blade|\n|move|p2b: Aegislash|Poltergeist|p1b: Sinistcha\n|-activate|p1b: Sinistcha|move: Poltergeist|Leftovers\n|-supereffective|p1b: Sinistcha|1\n|-damage|p1b: Sinistcha|0 fnt\n|faint|p1b: Sinistcha\n|\n|upkeep\n|\n|t:|1776375454\n|switch|p1b: Incineroar|Incineroar, L50, F|81/100\n|-ability|p1b: Incineroar|Intimidate|boost\n|-unboost|p2a: Sneasler|atk|1\n|-unboost|p2b: Aegislash|atk|1\n|turn|6\n|\n|t:|1776375478\n|switch|p2b: Rotom|Rotom-Wash, L50|100/100\n|move|p1a: Aggron|Protect|p1a: Aggron\n|-singleturn|p1a: Aggron|Protect\n|move|p2a: Sneasler|Fake Out|p1a: Aggron\n|-activate|p1a: Aggron|move: Protect\n|move|p1b: Incineroar|Fake Out|p2b: Rotom\n|-damage|p2b: Rotom|88/100\n|\n|-heal|p2b: Rotom|94/100|[from] item: Leftovers\n|upkeep\n|turn|7\n|\n|t:|1776375503\n|switch|p2a: Aegislash|Aegislash, L50, M|100/100\n|move|p2b: Rotom|Will-O-Wisp|p1a: Aggron\n|-status|p1a: Aggron|brn\n|move|p1b: Incineroar|Flare Blitz|p2b: Rotom\n|-resisted|p2b: Rotom|1\n|-damage|p2b: Rotom|69/100\n|-damage|p1b: Incineroar|75/100|[from] Recoil\n|move|p1a: Aggron|Body Press|p2b: Rotom\n|-damage|p2b: Rotom|48/100\n|\n|-heal|p2b: Rotom|55/100|[from] item: Leftovers\n|-damage|p1a: Aggron|94/100 brn|[from] brn\n|upkeep\n|turn|8\n|-message|itsjustsomni forfeited.\n|\n|win|Big Kahuna Tuna\n|raw|itsjustsomni's rating: 1145 &rarr; <strong>1117</strong><br />(-28 for losing)\n|raw|Big Kahuna Tuna's rating: 1097 &rarr; <strong>1126</strong><br />(+29 for winning)\n",
  "uploadtime": 1776375522,
  "views": 29,
  "formatid": "gen9championsvgc2026regma",
  "rating": 1117,
  "private": 0,
  "password": null
}