{
  "id": "gen9championsvgc2026regma-2587594100",
  "format": "[Gen 9 Champions] VGC 2026 Reg M-A",
  "players": [
    "PM77Switch",
    "rocketluckyy"
  ],
  "log": "|j|\u2606PM77Switch\n|j|\u2606rocketluckyy\n|t:|1776545294\n|gametype|doubles\n|player|p1|PM77Switch|may-masters3|1269\n|player|p2|rocketluckyy|2|1184\n|gen|9\n|tier|[Gen 9 Champions] VGC 2026 Reg M-A\n|rated|\n|rule|Species Clause: Limit one of each Pok\u00e9mon\n|rule|Item Clause: Limit 1 of each item\n|clearpoke\n|poke|p1|Blastoise, L50, M|\n|poke|p1|Kingambit, L50, F|\n|poke|p1|Sneasler, L50, M|\n|poke|p1|Aerodactyl, L50, F|\n|poke|p1|Sinistcha, L50|\n|poke|p1|Incineroar, L50, M|\n|poke|p2|Snorlax, L50, M|\n|poke|p2|Oranguru, L50, M|\n|poke|p2|Incineroar, L50, F|\n|poke|p2|Sinistcha, L50|\n|poke|p2|Froslass, L50, F|\n|poke|p2|Rotom-Wash, L50|\n|teampreview|4\n|inactive|Battle timer is ON: inactive players will automatically lose when time's up. (requested by PM77Switch)\n|inactive|rocketluckyy also wants the timer to be on.\n|\n|t:|1776545321\n|teamsize|p1|4\n|teamsize|p2|4\n|start\n|switch|p1a: Kingambit|Kingambit, L50, F|100/100\n|switch|p1b: Incineroar|Incineroar, L50, M|100/100\n|switch|p2a: Snorlax|Snorlax, L50, M|100/100\n|switch|p2b: Oranguru|Oranguru, L50, M|100/100\n|-ability|p1b: Incineroar|Intimidate|boost\n|-unboost|p2a: Snorlax|atk|1\n|-fail|p2b: Oranguru|unboost|Attack|[from] ability: Inner Focus|[of] p2b: Oranguru\n|turn|1\n|\n|t:|1776545343\n|switch|p2b: Incineroar|Incineroar, L50, F|100/100\n|-ability|p2b: Incineroar|Intimidate|boost\n|-unboost|p1a: Kingambit|atk|1\n|-ability|p1a: Kingambit|Defiant|boost\n|-boost|p1a: Kingambit|atk|2\n|-unboost|p1b: Incineroar|atk|1\n|move|p1a: Kingambit|Kowtow Cleave|p2b: Incineroar\n|-resisted|p2b: Incineroar|1\n|-damage|p2b: Incineroar|72/100\n|move|p1b: Incineroar|Darkest Lariat|p2b: Incineroar\n|-resisted|p2b: Incineroar|1\n|-damage|p2b: Incineroar|62/100\n|move|p2a: Snorlax|Body Press|p1a: Kingambit\n|-supereffective|p1a: Kingambit|2\n|-enditem|p1a: Kingambit|Chople Berry|[eat]\n|-enditem|p1a: Kingambit|Chople Berry|[weaken]\n|-damage|p1a: Kingambit|73/100\n|\n|upkeep\n|turn|2\n|inactive|rocketluckyy has 30 seconds left.\n|\n|t:|1776545375\n|move|p1a: Kingambit|Protect|p1a: Kingambit\n|-singleturn|p1a: Kingambit|Protect\n|move|p2b: Incineroar|Fake Out|p1b: Incineroar\n|-damage|p1b: Incineroar|92/100\n|cant|p1b: Incineroar|flinch\n|move|p2a: Snorlax|Body Press|p1a: Kingambit\n|-activate|p1a: Kingambit|move: Protect\n|\n|upkeep\n|turn|3\n|\n|t:|1776545396\n|switch|p1b: Sinistcha|Sinistcha, L50|100/100\n|-heal|p1a: Kingambit|98/100|[from] ability: Hospitality|[of] p1b: Sinistcha\n|move|p1a: Kingambit|Kowtow Cleave|p2a: Snorlax\n|-damage|p2a: Snorlax|61/100\n|move|p2b: Incineroar|Flare Blitz|p1a: Kingambit\n|-supereffective|p1a: Kingambit|1\n|-damage|p1a: Kingambit|31/100\n|-damage|p2b: Incineroar|39/100|[from] Recoil\n|-enditem|p2b: Incineroar|Sitrus Berry|[eat]\n|-heal|p2b: Incineroar|64/100|[from] item: Sitrus Berry\n|move|p2a: Snorlax|Body Press|p1a: Kingambit\n|-supereffective|p1a: Kingambit|2\n|-damage|p1a: Kingambit|0 fnt\n|faint|p1a: Kingambit\n|\n|-heal|p2a: Snorlax|67/100|[from] item: Leftovers\n|upkeep\n|\n|t:|1776545410\n|switch|p1a: Blastoise|Blastoise, L50, M|100/100\n|turn|4\n|\n|t:|1776545417\n|switch|p2b: Sinistcha|Sinistcha, L50|100/100\n|-heal|p2a: Snorlax|92/100|[from] ability: Hospitality|[of] p2b: Sinistcha\n|detailschange|p1a: Blastoise|Blastoise-Mega, L50, M\n|-mega|p1a: Blastoise|Blastoise|Blastoisinite\n|move|p1a: Blastoise|Water Spout|p2a: Snorlax|[spread] p2a,p2b\n|-resisted|p2b: Sinistcha|1\n|-damage|p2a: Snorlax|58/100\n|-damage|p2b: Sinistcha|72/100\n|move|p1b: Sinistcha|Matcha Gotcha|p2b: Sinistcha|[spread] p2a,p2b\n|-resisted|p2b: Sinistcha|1\n|-damage|p2a: Snorlax|43/100\n|-damage|p2b: Sinistcha|62/100\n|-status|p2b: Sinistcha|brn\n|move|p2a: Snorlax|Stockpile|p2a: Snorlax\n|-start|p2a: Snorlax|stockpile1\n|-boost|p2a: Snorlax|def|1\n|-boost|p2a: Snorlax|spd|1\n|\n|-heal|p2a: Snorlax|49/100|[from] item: Leftovers\n|-damage|p2b: Sinistcha|56/100 brn|[from] brn\n|upkeep\n|turn|5\n|inactive|rocketluckyy has 30 seconds left.\n|\n|t:|1776545443\n|move|p1a: Blastoise|Ice Beam|p2b: Sinistcha\n|-supereffective|p2b: Sinistcha|1\n|-damage|p2b: Sinistcha|0 fnt\n|faint|p2b: Sinistcha\n|move|p1b: Sinistcha|Matcha Gotcha|p2a: Snorlax\n|-damage|p2a: Snorlax|34/100\n|-status|p2a: Snorlax|brn\n|move|p2a: Snorlax|Stockpile|p2a: Snorlax\n|-start|p2a: Snorlax|stockpile2\n|-boost|p2a: Snorlax|def|1\n|-boost|p2a: Snorlax|spd|1\n|\n|-heal|p2a: Snorlax|40/100 brn|[from] item: Leftovers\n|-damage|p2a: Snorlax|34/100 brn|[from] brn\n|upkeep\n|\n|t:|1776545447\n|switch|p2b: Oranguru|Oranguru, L50, M|100/100\n|turn|6\n|-message|rocketluckyy forfeited.\n|\n|win|PM77Switch\n|raw|PM77Switch's rating: 1269 &rarr; <strong>1288</strong><br />(+19 for winning)\n|raw|rocketluckyy's rating: 1184 &rarr; <strong>1165</strong><br />(-19 for losing)\n|l|\u2606rocketluckyy\n|player|p2|\n",
  "uploadtime": 1776545454,
  "views": 11,
  "formatid": "gen9championsvgc2026regma",
  "rating": 1165,
  "private": 0,
  "password": null
}