{
  "id": "gen9championsvgc2026regma-2584247706",
  "format": "[Gen 9 Champions] VGC 2026 Reg M-A",
  "players": [
    "Luismg712",
    "RandomGuyInSchool"
  ],
  "log": "|j|\u2606Luismg712\n|j|\u2606RandomGuyInSchool\n|t:|1776242913\n|gametype|doubles\n|player|p1|Luismg712|1|1089\n|player|p2|RandomGuyInSchool|schoolkid-gen4|1010\n|gen|9\n|tier|[Gen 9 Champions] VGC 2026 Reg M-A\n|rated|\n|rule|Species Clause: Limit one of each Pok\u00e9mon\n|rule|Item Clause: Limit 1 of each item\n|clearpoke\n|poke|p1|Floette-Eternal, L50, F|\n|poke|p1|Garchomp, L50, F|\n|poke|p1|Sneasler, L50, M|\n|poke|p1|Rotom-Wash, L50|\n|poke|p1|Aerodactyl, L50, M|\n|poke|p1|Incineroar, L50, M|\n|poke|p2|Tyranitar, L50, F|\n|poke|p2|Excadrill, L50, F|\n|poke|p2|Aerodactyl, L50, F|\n|poke|p2|Sinistcha, L50|\n|poke|p2|Incineroar, L50, F|\n|poke|p2|Rotom-Wash, L50|\n|teampreview|4\n|inactive|Battle timer is ON: inactive players will automatically lose when time's up. (requested by RandomGuyInSchool)\nRandomGuyInSchool rejected open team sheets.\n|c|\u2606RandomGuyInSchool|glhf\n|inactive|Luismg712 has 60 seconds left.\n|inactive|RandomGuyInSchool has 60 seconds left.\n|\n|t:|1776242955\n|teamsize|p1|4\n|teamsize|p2|4\n|start\n|switch|p1a: Floette|Floette-Eternal, L50, F|100/100\n|switch|p1b: Aerodactyl|Aerodactyl, L50, M|100/100\n|switch|p2a: Rotom|Rotom-Wash, L50|100/100\n|switch|p2b: Incineroar|Incineroar, L50, F|100/100\n|-ability|p1b: Aerodactyl|Unnerve\n|-ability|p2b: Incineroar|Intimidate|boost\n|-unboost|p1a: Floette|atk|1\n|-unboost|p1b: Aerodactyl|atk|1\n|turn|1\n|\n|t:|1776242971\n|detailschange|p1a: Floette|Floette-Mega, L50, F\n|-mega|p1a: Floette|Floette|Floettite\n|-ability|p1a: Floette|Fairy Aura\n|move|p1b: Aerodactyl|Tailwind|p1b: Aerodactyl\n|-sidestart|p1: Luismg712|move: Tailwind\n|move|p1a: Floette|Calm Mind|p1a: Floette\n|-boost|p1a: Floette|spa|1\n|-boost|p1a: Floette|spd|1\n|move|p2a: Rotom|Volt Switch|p1b: Aerodactyl\n|-supereffective|p1b: Aerodactyl|1\n|-enditem|p1b: Aerodactyl|Focus Sash\n|-damage|p1b: Aerodactyl|1/100\n|\n|t:|1776242987\n|switch|p2a: Excadrill|Excadrill, L50, F|100/100|[from] Volt Switch\n|move|p2b: Incineroar|Parting Shot|p1a: Floette\n|-unboost|p1a: Floette|atk|1\n|-unboost|p1a: Floette|spa|1\n|\n|t:|1776243003\n|switch|p2b: Rotom|Rotom-Wash, L50|100/100|[from] Parting Shot\n|\n|upkeep\n|turn|2\n|\n|t:|1776243013\n|switch|p1b: Sneasler|Sneasler, L50, M|100/100\n|move|p1a: Floette|Protect|p1a: Floette\n|-singleturn|p1a: Floette|Protect\n|move|p2b: Rotom|Volt Switch|p1b: Sneasler\n|-damage|p1b: Sneasler|52/100\n|\n|t:|1776243021\n|switch|p2b: Incineroar|Incineroar, L50, F|100/100|[from] Volt Switch\n|-ability|p2b: Incineroar|Intimidate|boost\n|-unboost|p1a: Floette|atk|1\n|-unboost|p1b: Sneasler|atk|1\n|-enditem|p1b: Sneasler|White Herb\n|-clearnegativeboost|p1b: Sneasler|[silent]\n|move|p2a: Excadrill|Iron Head|p1a: Floette\n|-activate|p1a: Floette|move: Protect\n|\n|upkeep\n|turn|3\n|inactive|Luismg712 has 30 seconds left.\n|\n|t:|1776243048\n|move|p2a: Excadrill|Protect|p2a: Excadrill\n|-singleturn|p2a: Excadrill|Protect\n|move|p1b: Sneasler|Close Combat|p2a: Excadrill\n|-activate|p2a: Excadrill|move: Protect\n|move|p1a: Floette|Dazzling Gleam|p2a: Excadrill|[spread] p2b\n|-activate|p2a: Excadrill|move: Protect\n|-damage|p2b: Incineroar|58/100\n|move|p2b: Incineroar|Flare Blitz|p1a: Floette\n|-damage|p1a: Floette|57/100\n|-damage|p2b: Incineroar|46/100|[from] Recoil\n|\n|upkeep\n|turn|4\n|inactive|RandomGuyInSchool has 30 seconds left.\n|\n|t:|1776243075\n|switch|p2a: Rotom|Rotom-Wash, L50|100/100\n|move|p1b: Sneasler|Close Combat|p2a: Rotom\n|-damage|p2a: Rotom|30/100\n|-unboost|p1b: Sneasler|def|1\n|-unboost|p1b: Sneasler|spd|1\n|move|p1a: Floette|Dazzling Gleam|p2b: Incineroar|[spread] p2a,p2b\n|-damage|p2a: Rotom|0 fnt\n|-damage|p2b: Incineroar|0 fnt\n|faint|p2a: Rotom\n|faint|p2b: Incineroar\n|\n|-sideend|p1: Luismg712|move: Tailwind\n|upkeep\n|\n|t:|1776243086\n|switch|p2a: Tyranitar|Tyranitar, L50, F|100/100\n|switch|p2b: Excadrill|Excadrill, L50, F|100/100\n|-weather|Sandstorm|[from] ability: Sand Stream|[of] p2a: Tyranitar\n|turn|5\n|inactive|RandomGuyInSchool has 30 seconds left.\n|\n|t:|1776243113\n|move|p1a: Floette|Protect|p1a: Floette\n|-singleturn|p1a: Floette|Protect\n|move|p2a: Tyranitar|Protect|p2a: Tyranitar\n|-singleturn|p2a: Tyranitar|Protect\n|move|p1b: Sneasler|Close Combat|p2a: Tyranitar\n|-activate|p2a: Tyranitar|move: Protect\n|move|p2b: Excadrill|Earthquake|p1a: Floette|[spread] p1b\n|-activate|p2a: Tyranitar|move: Protect\n|-activate|p1a: Floette|move: Protect\n|-supereffective|p1b: Sneasler|1\n|-damage|p1b: Sneasler|0 fnt\n|faint|p1b: Sneasler\n|\n|-weather|Sandstorm|[upkeep]\n|-damage|p1a: Floette|51/100|[from] Sandstorm\n|upkeep\n|\n|t:|1776243131\n|switch|p1b: Rotom|Rotom-Wash, L50|100/100\n|turn|6\n|l|\u2606Luismg712\n|inactive|Luismg712 disconnected and has a minute to reconnect!\n|player|p1|\n|j|\u2606Luismg712\n|inactive|Luismg712 reconnected and has 50 seconds left.\n|player|p1|Luismg712|1|\n|inactive|Luismg712 has 30 seconds left.\n|\n|t:|1776243159\n|switch|p1a: Aerodactyl|Aerodactyl, L50, M|1/100\n|-ability|p1a: Aerodactyl|Unnerve\n|detailschange|p2a: Tyranitar|Tyranitar-Mega, L50, F\n|-mega|p2a: Tyranitar|Tyranitar|Tyranitarite\n|move|p2b: Excadrill|Iron Head|p1a: Aerodactyl\n|-supereffective|p1a: Aerodactyl|1\n|-damage|p1a: Aerodactyl|0 fnt\n|faint|p1a: Aerodactyl\n|move|p1b: Rotom|Hydro Pump|p2a: Tyranitar\n|-supereffective|p2a: Tyranitar|1\n|-damage|p2a: Tyranitar|62/100\n|move|p2a: Tyranitar|Knock Off|p1b: Rotom\n|-damage|p1b: Rotom|25/100\n|-enditem|p1b: Rotom|Choice Scarf|[from] move: Knock Off|[of] p2a: Tyranitar\n|\n|-weather|Sandstorm|[upkeep]\n|-damage|p1b: Rotom|19/100|[from] Sandstorm\n|upkeep\n|\n|t:|1776243175\n|switch|p1a: Floette|Floette-Mega, L50, F|51/100\n|-ability|p1a: Floette|Fairy Aura\n|turn|7\n|\n|t:|1776243193\n|move|p2b: Excadrill|Protect|p2b: Excadrill\n|-singleturn|p2b: Excadrill|Protect\n|move|p1b: Rotom|Will-O-Wisp|p2b: Excadrill\n|-activate|p2b: Excadrill|move: Protect\n|move|p1a: Floette|Moonblast|p2a: Tyranitar\n|-supereffective|p2a: Tyranitar|1\n|-damage|p2a: Tyranitar|0 fnt\n|faint|p2a: Tyranitar\n|\n|-weather|Sandstorm|[upkeep]\n|-damage|p1b: Rotom|13/100|[from] Sandstorm\n|-damage|p1a: Floette|45/100|[from] Sandstorm\n|upkeep\n|turn|8\n|inactive|Luismg712 has 30 seconds left.\n|\n|t:|1776243218\n|move|p1a: Floette|Protect|p1a: Floette\n|-singleturn|p1a: Floette|Protect\n|move|p2b: Excadrill|Iron Head|p1b: Rotom\n|-resisted|p1b: Rotom|2\n|-damage|p1b: Rotom|2/100\n|move|p1b: Rotom|Hydro Pump|p2b: Excadrill\n|-supereffective|p2b: Excadrill|1\n|-damage|p2b: Excadrill|8/100\n|\n|-weather|Sandstorm|[upkeep]\n|-damage|p1b: Rotom|0 fnt|[from] Sandstorm\n|-damage|p1a: Floette|39/100|[from] Sandstorm\n|faint|p1b: Rotom\n|upkeep\n|turn|9\n|\n|t:|1776243238\n|move|p2b: Excadrill|Iron Head|p1a: Floette\n|-supereffective|p1a: Floette|1\n|-damage|p1a: Floette|0 fnt\n|faint|p1a: Floette\n|\n|win|RandomGuyInSchool\n|raw|Luismg712's rating: 1089 &rarr; <strong>1060</strong><br />(-29 for losing)\n|raw|RandomGuyInSchool's rating: 1010 &rarr; <strong>1057</strong><br />(+47 for winning)\n",
  "uploadtime": 1776243241,
  "views": 18,
  "formatid": "gen9championsvgc2026regma",
  "rating": 1057,
  "private": 0,
  "password": null
}