{
  "id": "gen9championsvgc2026regma-2589561245",
  "format": "[Gen 9 Champions] VGC 2026 Reg M-A",
  "players": [
    "duvay",
    "ricky2148"
  ],
  "log": "|j|\u2606duvay\n|j|\u2606ricky2148\n|t:|1776734284\n|gametype|doubles\n|player|p1|duvay|102|1161\n|player|p2|ricky2148|266|1092\n|gen|9\n|tier|[Gen 9 Champions] VGC 2026 Reg M-A\n|rated|\n|rule|Species Clause: Limit one of each Pok\u00e9mon\n|rule|Item Clause: Limit 1 of each item\n|clearpoke\n|poke|p1|Tyrantrum, L50, F|\n|poke|p1|Talonflame, L50, M|\n|poke|p1|Sinistcha, L50|\n|poke|p1|Milotic, L50, M|\n|poke|p1|Gardevoir, L50, M|\n|poke|p1|Sneasler, L50, F|\n|poke|p2|Kleavor, L50, M|\n|poke|p2|Basculegion, L50, M|\n|poke|p2|Milotic, L50, F|\n|poke|p2|Pelipper, L50, F|\n|poke|p2|Meowscarada, L50, M|\n|poke|p2|Scizor, L50, M|\n|teampreview|4\n|inactive|Battle timer is ON: inactive players will automatically lose when time's up. (requested by duvay)\nduvay rejected open team sheets.\n|inactive|duvay has 60 seconds left.\n|inactive|ricky2148 has 60 seconds left.\n|\n|t:|1776734338\n|teamsize|p1|4\n|teamsize|p2|4\n|start\n|switch|p1a: Milotic|Milotic, L50, M|100/100\n|switch|p1b: Talonflame|Talonflame, L50, M|100/100\n|switch|p2a: Kleavor|Kleavor, L50, M|100/100\n|switch|p2b: Pelipper|Pelipper, L50, F|100/100\n|-weather|RainDance|[from] ability: Drizzle|[of] p2b: Pelipper\n|turn|1\n|inactive|ricky2148 has 30 seconds left.\n|\n|t:|1776734370\n|move|p1b: Talonflame|Tailwind|p1b: Talonflame\n|-sidestart|p1: duvay|move: Tailwind\n|move|p2a: Kleavor|Stone Axe|p1b: Talonflame\n|-supereffective|p1b: Talonflame|2\n|-damage|p1b: Talonflame|0 fnt\n|-sidestart|p1: duvay|move: Stealth Rock\n|faint|p1b: Talonflame\n|move|p1a: Milotic|Muddy Water|p2a: Kleavor|[spread] p2a,p2b\n|-supereffective|p2a: Kleavor|1\n|-resisted|p2b: Pelipper|1\n|-damage|p2a: Kleavor|0 fnt\n|-damage|p2b: Pelipper|66/100\n|-unboost|p2b: Pelipper|accuracy|1\n|faint|p2a: Kleavor\n|move|p2b: Pelipper|Tailwind|p2b: Pelipper\n|-sidestart|p2: ricky2148|move: Tailwind\n|\n|-weather|RainDance|[upkeep]\n|upkeep\n|\n|t:|1776734386\n|switch|p1b: Sinistcha|Sinistcha, L50|100/100\n|switch|p2a: Basculegion|Basculegion, L50, M|100/100\n|-damage|p1b: Sinistcha|88/100|[from] Stealth Rock\n|turn|2\n|inactive|duvay has 30 seconds left.\n|\n|t:|1776734415\n|switch|p1b: Tyrantrum|Tyrantrum, L50, F|100/100\n|-damage|p1b: Tyrantrum|88/100|[from] Stealth Rock\n|move|p2b: Pelipper|Wide Guard|p2b: Pelipper\n|-singleturn|p2b: Pelipper|Wide Guard\n|move|p2a: Basculegion|Last Respects|p1b: Tyrantrum\n|-damage|p1b: Tyrantrum|44/100\n|move|p1a: Milotic|Coil|p1a: Milotic\n|-boost|p1a: Milotic|atk|1\n|-boost|p1a: Milotic|def|1\n|-boost|p1a: Milotic|accuracy|1\n|\n|-weather|RainDance|[upkeep]\n|upkeep\n|turn|3\n|inactive|ricky2148 has 30 seconds left.\n|\n|t:|1776734443\n|move|p1b: Tyrantrum|Protect|p1b: Tyrantrum\n|-singleturn|p1b: Tyrantrum|Protect\n|move|p2b: Pelipper|Wide Guard|p2b: Pelipper\n|-singleturn|p2b: Pelipper|Wide Guard\n|move|p2a: Basculegion|Last Respects|p1a: Milotic\n|-damage|p1a: Milotic|65/100\n|move|p1a: Milotic|Hypnosis|p2a: Basculegion|[miss]\n|-miss|p1a: Milotic|p2a: Basculegion\n|\n|-weather|RainDance|[upkeep]\n|-heal|p1a: Milotic|71/100|[from] item: Leftovers\n|upkeep\n|turn|4\n|inactive|duvay has 30 seconds left.\n|inactive|ricky2148 has 30 seconds left.\n|inactive|duvay has 20 seconds left.\n|inactive|ricky2148 has 20 seconds left.\n|\n|t:|1776734481\n|switch|p1b: Sinistcha|Sinistcha, L50|88/100\n|-damage|p1b: Sinistcha|76/100|[from] Stealth Rock\n|-heal|p1a: Milotic|96/100|[from] ability: Hospitality|[of] p1b: Sinistcha\n|move|p2a: Basculegion|Last Respects|p1a: Milotic\n|-damage|p1a: Milotic|59/100\n|move|p1a: Milotic|Coil|p1a: Milotic\n|-boost|p1a: Milotic|atk|1\n|-boost|p1a: Milotic|def|1\n|-boost|p1a: Milotic|accuracy|1\n|move|p2b: Pelipper|Weather Ball|p1a: Milotic\n|-resisted|p1a: Milotic|1\n|-damage|p1a: Milotic|43/100\n|\n|-weather|RainDance|[upkeep]\n|-heal|p1a: Milotic|49/100|[from] item: Leftovers\n|-sideend|p1: duvay|move: Tailwind\n|-sideend|p2: ricky2148|move: Tailwind\n|upkeep\n|turn|5\n|inactive|duvay has 30 seconds left.\n|\n|t:|1776734508\n|move|p2a: Basculegion|Last Respects|p1b: Sinistcha\n|-supereffective|p1b: Sinistcha|1\n|-damage|p1b: Sinistcha|0 fnt\n|faint|p1b: Sinistcha\n|move|p1a: Milotic|Hypnosis|p2a: Basculegion\n|-status|p2a: Basculegion|slp|[from] move: Hypnosis\n|move|p2b: Pelipper|Weather Ball|p1a: Milotic\n|-resisted|p1a: Milotic|1\n|-damage|p1a: Milotic|29/100\n|\n|-weather|none\n|-heal|p1a: Milotic|35/100|[from] item: Leftovers\n|upkeep\n|\n|t:|1776734515\n|switch|p1b: Tyrantrum|Tyrantrum, L50, F|44/100\n|-damage|p1b: Tyrantrum|32/100|[from] Stealth Rock\n|turn|6\n|inactive|duvay has 30 seconds left.\n|inactive|duvay has 20 seconds left.\n|\n|t:|1776734551\n|switch|p2a: Scizor|Scizor, L50, M|100/100\n|move|p1a: Milotic|Icy Wind|p2a: Scizor|[spread] p2a,p2b\n|-resisted|p2a: Scizor|1\n|-damage|p2a: Scizor|92/100\n|-damage|p2b: Pelipper|48/100\n|-unboost|p2a: Scizor|spe|1\n|-unboost|p2b: Pelipper|spe|1\n|-enditem|p2b: Pelipper|Sitrus Berry|[eat]\n|-heal|p2b: Pelipper|73/100|[from] item: Sitrus Berry\n|move|p1b: Tyrantrum|Head Smash|p2b: Pelipper\n|-supereffective|p2b: Pelipper|1\n|-damage|p2b: Pelipper|0 fnt\n|faint|p2b: Pelipper\n|\n|-heal|p1a: Milotic|41/100|[from] item: Leftovers\n|upkeep\n|\n|t:|1776734562\n|switch|p2b: Basculegion|Basculegion, L50, M|100/100 slp\n|turn|7\n|\n|t:|1776734583\n|detailschange|p2a: Scizor|Scizor-Mega, L50, M\n|-mega|p2a: Scizor|Scizor|Scizorite\n|move|p1b: Tyrantrum|Protect|p1b: Tyrantrum\n|-singleturn|p1b: Tyrantrum|Protect\n|cant|p2b: Basculegion|slp\n|move|p1a: Milotic|Hypnosis|p2a: Scizor\n|-status|p2a: Scizor|slp|[from] move: Hypnosis\n|cant|p2a: Scizor|slp\n|\n|-heal|p1a: Milotic|47/100|[from] item: Leftovers\n|upkeep\n|turn|8\n|inactive|duvay has 30 seconds left.\n|\n|t:|1776734609\n|cant|p2a: Scizor|slp\n|-curestatus|p2b: Basculegion|slp|[msg]\n|move|p2b: Basculegion|Last Respects|p1a: Milotic\n|-damage|p1a: Milotic|5/100\n|move|p1a: Milotic|Muddy Water|p2a: Scizor|[spread] p2a,p2b\n|-resisted|p2b: Basculegion|1\n|-damage|p2a: Scizor|52/100 slp\n|-damage|p2b: Basculegion|85/100\n|-unboost|p2a: Scizor|accuracy|1\n|-unboost|p2b: Basculegion|accuracy|1\n|move|p1b: Tyrantrum|Head Smash|p2b: Basculegion\n|-damage|p2b: Basculegion|0 fnt\n|faint|p2b: Basculegion\n|\n|-heal|p1a: Milotic|11/100|[from] item: Leftovers\n|upkeep\n|turn|9\n|inactive|duvay has 30 seconds left.\n|\n|t:|1776734636\n|-curestatus|p2a: Scizor|slp|[msg]\n|move|p2a: Scizor|Bullet Punch|p1a: Milotic\n|-resisted|p1a: Milotic|1\n|-damage|p1a: Milotic|1/100\n|move|p1a: Milotic|Muddy Water|p2a: Scizor\n|-damage|p2a: Scizor|0 fnt\n|faint|p2a: Scizor\n|\n|win|duvay\n|raw|duvay's rating: 1161 &rarr; <strong>1181</strong><br />(+20 for winning)\n|raw|ricky2148's rating: 1092 &rarr; <strong>1073</strong><br />(-19 for losing)\n",
  "uploadtime": 1776734643,
  "views": 3,
  "formatid": "gen9championsvgc2026regma",
  "rating": 1073,
  "private": 0,
  "password": null
}