{
  "id": "gen9championsvgc2026regma-2582626739",
  "format": "[Gen 9 Champions] VGC 2026 Reg M-A",
  "players": [
    "MarinaSquido02",
    "shin-tv07"
  ],
  "log": "|j|\u2606MarinaSquido02\n|j|\u2606shin-tv07\n|t:|1776103503\n|gametype|doubles\n|player|p1|MarinaSquido02|265|1033\n|player|p2|shin-tv07|twins-gen4dp|1064\n|gen|9\n|tier|[Gen 9 Champions] VGC 2026 Reg M-A\n|rated|\n|rule|Species Clause: Limit one of each Pok\u00e9mon\n|rule|Item Clause: Limit 1 of each item\n|clearpoke\n|poke|p1|Meganium, L50, F|\n|poke|p1|Pelipper, L50, F|\n|poke|p1|Archaludon, L50, M|\n|poke|p1|Ampharos, L50, F|\n|poke|p1|Meowstic, L50, M|\n|poke|p1|Basculegion, L50, M|\n|poke|p2|Tauros-Paldea-Aqua, L50, M|\n|poke|p2|Froslass, L50, F|\n|poke|p2|Whimsicott, L50, M|\n|poke|p2|Incineroar, L50, F|\n|poke|p2|Palafin, L50, F|\n|poke|p2|Floette-Eternal, L50, F|\n|teampreview|4\nshin-tv07 rejected open team sheets.\n|\n|t:|1776103529\n|teamsize|p1|4\n|teamsize|p2|4\n|start\n|switch|p1a: Archaludon|Archaludon, L50, M|100/100\n|switch|p1b: Pelipper|Pelipper, L50, F|100/100\n|switch|p2a: Tauros|Tauros-Paldea-Aqua, L50, M|100/100\n|switch|p2b: Froslass|Froslass, L50, F|100/100\n|-weather|RainDance|[from] ability: Drizzle|[of] p1b: Pelipper\n|turn|1\n|\n|t:|1776103546\n|switch|p1b: Meganium|Meganium, L50, F|100/100\n|move|p2b: Froslass|Frost Breath|p2a: Tauros\n|-resisted|p2a: Tauros|1\n|-crit|p2a: Tauros\n|-damage|p2a: Tauros|86/100\n|-setboost|p2a: Tauros|atk|6|[from] ability: Anger Point\n|move|p2a: Tauros|Close Combat|p1a: Archaludon\n|-supereffective|p1a: Archaludon|1\n|-damage|p1a: Archaludon|0 fnt\n|-unboost|p2a: Tauros|def|1\n|-unboost|p2a: Tauros|spd|1\n|faint|p1a: Archaludon\n|\n|-weather|RainDance|[upkeep]\n|upkeep\n|\n|t:|1776103559\n|switch|p1a: Pelipper|Pelipper, L50, F|100/100\n|turn|2\n|\n|t:|1776103593\n|switch|p2a: Palafin|Palafin, L50, F|100/100\n|detailschange|p2b: Froslass|Froslass-Mega, L50, F\n|-mega|p2b: Froslass|Froslass|Froslassite\n|-weather|Snowscape|[from] ability: Snow Warning|[of] p2b: Froslass\n|detailschange|p1b: Meganium|Meganium-Mega, L50, F\n|-mega|p1b: Meganium|Meganium|Meganiumite\n|move|p2b: Froslass|Aurora Veil|p2b: Froslass\n|-sidestart|p2: shin-tv07|move: Aurora Veil\n|move|p1a: Pelipper|Tailwind|p1a: Pelipper\n|-sidestart|p1: MarinaSquido02|move: Tailwind\n|move|p1b: Meganium|Dazzling Gleam|p2b: Froslass|[spread] p2a,p2b\n|-damage|p2a: Palafin|61/100\n|-damage|p2b: Froslass|77/100\n|\n|-weather|Snowscape|[upkeep]\n|upkeep\n|turn|3\n|\n|t:|1776103612\n|switch|p1a: Basculegion|Basculegion, L50, M|100/100\n|move|p1b: Meganium|Protect|p1b: Meganium\n|-singleturn|p1b: Meganium|Protect\n|move|p2a: Palafin|Flip Turn|p1b: Meganium\n|-activate|p1b: Meganium|move: Protect\n|move|p2b: Froslass|Blizzard|p1a: Basculegion|[spread] p1a\n|-activate|p1b: Meganium|move: Protect\n|-resisted|p1a: Basculegion|1\n|-damage|p1a: Basculegion|78/100\n|-status|p1a: Basculegion|frz\n|\n|-weather|Snowscape|[upkeep]\n|upkeep\n|turn|4\n|\n|t:|1776103643\n|cant|p1a: Basculegion|frz\n|move|p2a: Palafin|Flip Turn|p1b: Meganium\n|-resisted|p1b: Meganium|1\n|-damage|p1b: Meganium|92/100\n|\n|t:|1776103648\n|detailschange|p2a: Palafin|Palafin-Hero, L50, F\n|switch|p2a: Whimsicott|Whimsicott, L50, M|100/100|[from] Flip Turn\n|move|p1b: Meganium|Dazzling Gleam|p2b: Froslass|[spread] p2a,p2b\n|-damage|p2a: Whimsicott|62/100\n|-damage|p2b: Froslass|54/100\n|move|p2b: Froslass|Blizzard|p1a: Basculegion|[spread] p1a,p1b\n|-resisted|p1a: Basculegion|1\n|-crit|p1a: Basculegion\n|-supereffective|p1b: Meganium|1\n|-damage|p1a: Basculegion|43/100 frz\n|-damage|p1b: Meganium|25/100\n|\n|-weather|Snowscape|[upkeep]\n|upkeep\n|turn|5\n|\n|t:|1776103664\n|move|p1b: Meganium|Protect|p1b: Meganium\n|-singleturn|p1b: Meganium|Protect\n|move|p2a: Whimsicott|Tailwind|p2a: Whimsicott\n|-sidestart|p2: shin-tv07|move: Tailwind\n|-curestatus|p1a: Basculegion|frz|[msg]\n|move|p1a: Basculegion|Crunch|p2b: Froslass\n|-supereffective|p2b: Froslass|1\n|-damage|p2b: Froslass|18/100\n|move|p2b: Froslass|Blizzard|p1b: Meganium|[spread] p1a\n|-activate|p1b: Meganium|move: Protect\n|-resisted|p1a: Basculegion|1\n|-damage|p1a: Basculegion|22/100\n|\n|-weather|Snowscape|[upkeep]\n|-sideend|p1: MarinaSquido02|move: Tailwind\n|upkeep\n|turn|6\n|c|\u2606shin-tv07|you really shouldve just ran weather ball on meganium\n|\n|t:|1776103685\n|switch|p2a: Tauros|Tauros-Paldea-Aqua, L50, M|86/100\n|move|p2b: Froslass|Blizzard|p1b: Meganium|[spread] p1a,p1b\n|-resisted|p1a: Basculegion|1\n|-supereffective|p1b: Meganium|1\n|-damage|p1a: Basculegion|0 fnt\n|-damage|p1b: Meganium|0 fnt\n|faint|p1a: Basculegion\n|faint|p1b: Meganium\n|\n|-weather|none\n|-sideend|p2: shin-tv07|move: Aurora Veil\n|upkeep\n|\n|t:|1776103705\n|switch|p1b: Pelipper|Pelipper, L50, F|100/100\n|-weather|RainDance|[from] ability: Drizzle|[of] p1b: Pelipper\n|turn|7\n|-message|MarinaSquido02 forfeited.\n|\n|win|shin-tv07\n|raw|MarinaSquido02's rating: 1033 &rarr; <strong>1019</strong><br />(-14 for losing)\n|raw|shin-tv07's rating: 1064 &rarr; <strong>1092</strong><br />(+28 for winning)\n|l|\u2606MarinaSquido02\n|player|p1|\n",
  "uploadtime": 1776103736,
  "views": 14,
  "formatid": "gen9championsvgc2026regma",
  "rating": 1019,
  "private": 0,
  "password": null
}