{
  "id": "gen9championsvgc2026regma-2580896538",
  "format": "[Gen 9 Champions] VGC 2026 Reg M-A",
  "players": [
    "1%ofGamblers",
    "visino bianco"
  ],
  "log": "|j|\u26061%ofGamblers\n|j|\u2606visino bianco\n|t:|1775941404\n|gametype|doubles\n|player|p1|1%ofGamblers|2|1181\n|player|p2|visino bianco|169|1146\n|gen|9\n|tier|[Gen 9 Champions] VGC 2026 Reg M-A\n|rated|\n|rule|Species Clause: Limit one of each Pok\u00e9mon\n|rule|Item Clause: Limit 1 of each item\n|clearpoke\n|poke|p1|Maushold, L50|\n|poke|p1|Blastoise, L50, M|\n|poke|p1|Sinistcha, L50|\n|poke|p1|Archaludon, L50, M|\n|poke|p1|Farigiraf, L50, F|\n|poke|p1|Pelipper, L50, M|\n|poke|p2|Aggron, L50, F|\n|poke|p2|Sinistcha, L50|\n|poke|p2|Hydreigon, L50, M|\n|poke|p2|Milotic, L50, M|\n|poke|p2|Raichu-Alola, L50, M|\n|poke|p2|Manectric, L50, F|\n|teampreview|4\n|inactive|Battle timer is ON: inactive players will automatically lose when time's up. (requested by visino bianco)\n|\n|t:|1775941430\n|teamsize|p1|4\n|teamsize|p2|4\n|start\n|switch|p1a: Maushold|Maushold, L50|100/100\n|switch|p1b: Blastoise|Blastoise, L50, M|100/100\n|switch|p2a: Raichu|Raichu-Alola, L50, M, shiny|100/100\n|switch|p2b: Manectric|Manectric, L50, F, shiny|100/100\n|turn|1\n|inactive|1%ofGamblers has 30 seconds left.\n|\n|t:|1775941459\n|detailschange|p2b: Manectric|Manectric-Mega, L50, F, shiny\n|-mega|p2b: Manectric|Manectric|Manectite\n|-ability|p2b: Manectric|Intimidate|boost\n|-unboost|p1a: Maushold|atk|1\n|-unboost|p1b: Blastoise|atk|1\n|move|p1b: Blastoise|Protect|p1b: Blastoise\n|-singleturn|p1b: Blastoise|Protect\n|move|p2a: Raichu|Fake Out|p1b: Blastoise\n|-activate|p1b: Blastoise|move: Protect\n|move|p2b: Manectric|Electric Terrain|p2b: Manectric\n|-fieldstart|move: Electric Terrain\n|move|p1a: Maushold|Population Bomb|p2a: Raichu\n|-damage|p2a: Raichu|83/100\n|-damage|p2a: Raichu|67/100\n|-damage|p2a: Raichu|49/100\n|-hitcount|p2a: Raichu|3\n|\n|upkeep\n|turn|2\n|\n|t:|1775941483\n|switch|p1b: Sinistcha|Sinistcha, L50|100/100\n|move|p2a: Raichu|Rising Voltage|p1a: Maushold\n|-hint|Rising Voltage's BP doubled on grounded target.\n|-enditem|p1a: Maushold|Focus Sash\n|-damage|p1a: Maushold|1/100\n|move|p2b: Manectric|Rising Voltage|p1b: Sinistcha\n|-hint|Rising Voltage's BP doubled on grounded target.\n|-resisted|p1b: Sinistcha|1\n|-damage|p1b: Sinistcha|37/100\n|-enditem|p1b: Sinistcha|Sitrus Berry|[eat]\n|-heal|p1b: Sinistcha|62/100|[from] item: Sitrus Berry\n|move|p1a: Maushold|Population Bomb|p2a: Raichu\n|-damage|p2a: Raichu|34/100\n|-damage|p2a: Raichu|16/100\n|-damage|p2a: Raichu|0 fnt\n|faint|p2a: Raichu\n|-hitcount|p2: Raichu|3\n|\n|upkeep\n|\n|t:|1775941500\n|switch|p2a: Hydreigon|Hydreigon, L50, M, shiny|100/100\n|turn|3\n|inactive|1%ofGamblers has 30 seconds left.\n|inactive|1%ofGamblers has 20 seconds left.\n|inactive|1%ofGamblers has 15 seconds left.\n|inactive|1%ofGamblers has 10 seconds left.\n|inactive|1%ofGamblers has 5 seconds left.\n|\n|t:|1775941552\n|switch|p1a: Pelipper|Pelipper, L50, M|100/100\n|-weather|RainDance|[from] ability: Drizzle|[of] p1a: Pelipper\n|move|p2a: Hydreigon|Heat Wave|p1a: Pelipper|[spread] p1a\n|-miss|p2a: Hydreigon|p1b: Sinistcha\n|-resisted|p1a: Pelipper|1\n|-damage|p1a: Pelipper|90/100\n|move|p2b: Manectric|Rising Voltage|p1b: Sinistcha\n|-hint|Rising Voltage's BP doubled on grounded target.\n|-resisted|p1b: Sinistcha|1\n|-damage|p1b: Sinistcha|4/100\n|move|p1b: Sinistcha|Trick Room|p1b: Sinistcha\n|-fieldstart|move: Trick Room|[of] p1b: Sinistcha\n|\n|-weather|RainDance|[upkeep]\n|upkeep\n|turn|4\n|\n|t:|1775941571\n|switch|p2b: Sinistcha|Sinistcha, L50|100/100\n|move|p1b: Sinistcha|Matcha Gotcha|p2b: Sinistcha|[spread] p2a,p2b\n|-resisted|p2a: Hydreigon|1\n|-resisted|p2b: Sinistcha|1\n|-damage|p2a: Hydreigon|85/100\n|-heal|p1b: Sinistcha|12/100|[from] drain|[of] p2a: Hydreigon\n|-damage|p2b: Sinistcha|86/100\n|-heal|p1b: Sinistcha|20/100|[from] drain|[of] p2b: Sinistcha\n|move|p1a: Pelipper|Weather Ball|p2b: Sinistcha\n|-resisted|p2b: Sinistcha|1\n|-damage|p2b: Sinistcha|53/100\n|move|p2a: Hydreigon|Heat Wave|p1b: Sinistcha|[spread] p1a,p1b\n|-resisted|p1a: Pelipper|1\n|-supereffective|p1b: Sinistcha|1\n|-damage|p1a: Pelipper|80/100\n|-damage|p1b: Sinistcha|0 fnt\n|faint|p1b: Sinistcha\n|\n|-weather|RainDance|[upkeep]\n|upkeep\n|inactive|1%ofGamblers has 30 seconds left.\n|\n|t:|1775941596\n|switch|p1b: Maushold|Maushold, L50|1/100\n|turn|5\n|\n|t:|1775941611\n|move|p1b: Maushold|Follow Me|p1b: Maushold\n|-singleturn|p1b: Maushold|move: Follow Me\n|move|p2b: Sinistcha|Matcha Gotcha|p1a: Pelipper|[spread] p1a,p1b\n|-damage|p1a: Pelipper|40/100\n|-heal|p2b: Sinistcha|69/100|[from] drain|[of] p1a: Pelipper\n|-damage|p1b: Maushold|0 fnt\n|-heal|p2b: Sinistcha|70/100|[from] drain|[of] p1b: Maushold\n|faint|p1b: Maushold\n|move|p1a: Pelipper|Hurricane|p2b: Sinistcha\n|-supereffective|p2b: Sinistcha|1\n|-damage|p2b: Sinistcha|0 fnt\n|faint|p2b: Sinistcha\n|move|p2a: Hydreigon|Heat Wave|p1a: Pelipper\n|-resisted|p1a: Pelipper|1\n|-damage|p1a: Pelipper|27/100\n|\n|-weather|RainDance|[upkeep]\n|-fieldend|move: Electric Terrain\n|upkeep\n|\n|t:|1775941630\n|switch|p2b: Manectric|Manectric-Mega, L50, F, shiny|100/100\n|switch|p1b: Blastoise|Blastoise, L50, M|100/100\n|-ability|p2b: Manectric|Intimidate|boost\n|-unboost|p1a: Pelipper|atk|1\n|-unboost|p1b: Blastoise|atk|1\n|turn|6\n|\n|t:|1775941640\n|detailschange|p1b: Blastoise|Blastoise-Mega, L50, M\n|-mega|p1b: Blastoise|Blastoise|Blastoisinite\n|move|p2b: Manectric|Protect|p2b: Manectric\n|-singleturn|p2b: Manectric|Protect\n|move|p1a: Pelipper|Hurricane|p2a: Hydreigon\n|-damage|p2a: Hydreigon|28/100\n|-start|p2a: Hydreigon|confusion\n|move|p1b: Blastoise|Water Spout|p2a: Hydreigon|[spread] p2a\n|-activate|p2b: Manectric|move: Protect\n|-resisted|p2a: Hydreigon|1\n|-damage|p2a: Hydreigon|0 fnt\n|faint|p2a: Hydreigon\n|\n|-weather|RainDance|[upkeep]\n|upkeep\n|turn|7\n|\n|t:|1775941660\n|move|p2b: Manectric|Protect|p2b: Manectric\n|-singleturn|p2b: Manectric|Protect\n|move|p1a: Pelipper|Weather Ball|p2b: Manectric\n|-activate|p2b: Manectric|move: Protect\n|move|p1b: Blastoise|Water Spout|p2b: Manectric\n|-activate|p2b: Manectric|move: Protect\n|\n|-weather|none\n|-fieldend|move: Trick Room\n|upkeep\n|turn|8\n|\n|t:|1775941673\n|move|p1b: Blastoise|Protect|p1b: Blastoise\n|-singleturn|p1b: Blastoise|Protect\n|move|p2b: Manectric|Rising Voltage|p1b: Blastoise\n|-activate|p1b: Blastoise|move: Protect\n|move|p1a: Pelipper|Tailwind|p1a: Pelipper\n|-sidestart|p1: 1%ofGamblers|move: Tailwind\n|\n|upkeep\n|turn|9\n|\n|t:|1775941687\n|move|p1b: Blastoise|Water Spout|p2b: Manectric\n|-damage|p2b: Manectric|0 fnt\n|faint|p2b: Manectric\n|\n|win|1%ofGamblers\n|raw|1%ofGamblers's rating: 1181 &rarr; <strong>1203</strong><br />(+22 for winning)\n|raw|visino bianco's rating: 1146 &rarr; <strong>1124</strong><br />(-22 for losing)\n|l|\u2606visino bianco\n|player|p2|\n",
  "uploadtime": 1775941698,
  "views": 20,
  "formatid": "gen9championsvgc2026regma",
  "rating": 1124,
  "private": 0,
  "password": null
}