{
  "id": "gen9championsvgc2026regma-2588335517",
  "format": "[Gen 9 Champions] VGC 2026 Reg M-A",
  "players": [
    "yuriimon",
    "mrfelicia"
  ],
  "log": "|j|\u2606yuriimon\n|j|\u2606mrfelicia\n|t:|1776625078\n|gametype|doubles\n|player|p1|yuriimon|waitress-gen4|1198\n|player|p2|mrfelicia|266|1301\n|gen|9\n|tier|[Gen 9 Champions] VGC 2026 Reg M-A\n|rated|\n|rule|Species Clause: Limit one of each Pok\u00e9mon\n|rule|Item Clause: Limit 1 of each item\n|clearpoke\n|poke|p1|Glimmora, L50, F|\n|poke|p1|Archaludon, L50, F|\n|poke|p1|Politoed, L50, M|\n|poke|p1|Chesnaught, L50, F|\n|poke|p1|Incineroar, L50, M|\n|poke|p1|Garchomp, L50, F|\n|poke|p2|Floette-Eternal, L50, F|\n|poke|p2|Garchomp, L50, M|\n|poke|p2|Kingambit, L50, M|\n|poke|p2|Basculegion, L50, M|\n|poke|p2|Sneasler, L50, M|\n|poke|p2|Froslass, L50, F|\n|teampreview|4\n|inactive|Battle timer is ON: inactive players will automatically lose when time's up. (requested by yuriimon)\n|inactive|mrfelicia has 60 seconds left.\n|\n|t:|1776625115\n|teamsize|p1|4\n|teamsize|p2|4\n|start\n|switch|p1a: Chesnaught|Chesnaught, L50, F|100/100\n|switch|p1b: Garchomp|Garchomp, L50, F|100/100\n|switch|p2a: Sneasler|Sneasler, L50, M|100/100\n|switch|p2b: Basculegion|Basculegion, L50, M|100/100\n|turn|1\n|\n|t:|1776625134\n|detailschange|p1a: Chesnaught|Chesnaught-Mega, L50, F\n|-mega|p1a: Chesnaught|Chesnaught|Chesnaughtite\n|move|p1a: Chesnaught|Spiky Shield|p1a: Chesnaught\n|-singleturn|p1a: Chesnaught|move: Protect\n|move|p1b: Garchomp|Earthquake|p2a: Sneasler|[spread] p2a,p2b\n|-activate|p1a: Chesnaught|move: Protect\n|-supereffective|p2a: Sneasler|1\n|-crit|p2a: Sneasler\n|-enditem|p2a: Sneasler|Focus Sash\n|-damage|p2a: Sneasler|1/100\n|-damage|p2b: Basculegion|51/100\n|move|p2a: Sneasler|Dire Claw|p1a: Chesnaught\n|-activate|p1a: Chesnaught|move: Protect\n|-damage|p2a: Sneasler|0 fnt|[from] Spiky Shield|[of] p1a: Chesnaught\n|faint|p2a: Sneasler\n|move|p2b: Basculegion|Wave Crash|p1b: Garchomp\n|-damage|p1b: Garchomp|10/100\n|-damage|p2b: Basculegion|39/100|[from] ability: Rough Skin|[of] p1b: Garchomp\n|-enditem|p2b: Basculegion|Sitrus Berry|[eat]\n|-heal|p2b: Basculegion|64/100|[from] item: Sitrus Berry\n|-damage|p2b: Basculegion|38/100|[from] Recoil\n|\n|upkeep\n|\n|t:|1776625155\n|switch|p2a: Floette|Floette-Eternal, L50, F|100/100\n|turn|2\n|\n|t:|1776625165\n|switch|p1a: Archaludon|Archaludon, L50, F|100/100\n|detailschange|p2a: Floette|Floette-Mega, L50, F\n|-mega|p2a: Floette|Floette|Floettite\n|-ability|p2a: Floette|Fairy Aura\n|move|p2b: Basculegion|Protect|p2b: Basculegion\n|-singleturn|p2b: Basculegion|Protect\n|move|p1b: Garchomp|Earthquake|p2b: Basculegion|[spread] p1a,p2a\n|-activate|p2b: Basculegion|move: Protect\n|-supereffective|p1a: Archaludon|1\n|-damage|p1a: Archaludon|27/100\n|-damage|p2a: Floette|45/100\n|move|p2a: Floette|Dazzling Gleam|p1a: Archaludon|[spread] p1a,p1b\n|-supereffective|p1b: Garchomp|1\n|-damage|p1a: Archaludon|0 fnt\n|-damage|p1b: Garchomp|0 fnt\n|faint|p1a: Archaludon\n|faint|p1b: Garchomp\n|\n|upkeep\n|\n|t:|1776625179\n|switch|p1b: Incineroar|Incineroar, L50, M|100/100\n|switch|p1a: Chesnaught|Chesnaught-Mega, L50, F|100/100\n|-ability|p1b: Incineroar|Intimidate|boost\n|-unboost|p2a: Floette|atk|1\n|-unboost|p2b: Basculegion|atk|1\n|turn|3\n|\n|t:|1776625193\n|move|p2a: Floette|Protect|p2a: Floette\n|-singleturn|p2a: Floette|Protect\n|move|p2b: Basculegion|Wave Crash|p1b: Incineroar\n|-supereffective|p1b: Incineroar|1\n|-damage|p1b: Incineroar|9/100\n|-enditem|p1b: Incineroar|Sitrus Berry|[eat]\n|-heal|p1b: Incineroar|33/100|[from] item: Sitrus Berry\n|-damage|p2b: Basculegion|14/100|[from] Recoil\n|move|p1b: Incineroar|Darkest Lariat|p2b: Basculegion\n|-supereffective|p2b: Basculegion|1\n|-damage|p2b: Basculegion|0 fnt\n|faint|p2b: Basculegion\n|move|p1a: Chesnaught|Iron Defense|p1a: Chesnaught\n|-boost|p1a: Chesnaught|def|2\n|\n|upkeep\n|\n|t:|1776625206\n|switch|p2b: Kingambit|Kingambit, L50, M|100/100\n|turn|4\n|\n|t:|1776625223\n|move|p2a: Floette|Dazzling Gleam|p1a: Chesnaught|[spread] p1a,p1b\n|-supereffective|p1a: Chesnaught|1\n|-damage|p1a: Chesnaught|22/100\n|-damage|p1b: Incineroar|0 fnt\n|faint|p1b: Incineroar\n|move|p2b: Kingambit|Low Kick|p1a: Chesnaught\n|-damage|p1a: Chesnaught|13/100\n|move|p1a: Chesnaught|Body Press|p2a: Floette\n|-resisted|p2a: Floette|1\n|-damage|p2a: Floette|0 fnt\n|faint|p2a: Floette\n|\n|upkeep\n|turn|5\n|\n|t:|1776625245\n|move|p2b: Kingambit|Protect|p2b: Kingambit\n|-singleturn|p2b: Kingambit|Protect\n|move|p1a: Chesnaught|Body Press|p2b: Kingambit\n|-activate|p2b: Kingambit|move: Protect\n|\n|upkeep\n|turn|6\n|\n|t:|1776625257\n|move|p2b: Kingambit|Kowtow Cleave|p1a: Chesnaught\n|-resisted|p1a: Chesnaught|1\n|-damage|p1a: Chesnaught|7/100\n|move|p1a: Chesnaught|Body Press|p2b: Kingambit\n|-supereffective|p2b: Kingambit|2\n|-enditem|p2b: Kingambit|Chople Berry|[eat]\n|-enditem|p2b: Kingambit|Chople Berry|[weaken]\n|-damage|p2b: Kingambit|0 fnt\n|faint|p2b: Kingambit\n|\n|win|yuriimon\n|raw|yuriimon's rating: 1198 &rarr; <strong>1230</strong><br />(+32 for winning)\n|raw|mrfelicia's rating: 1301 &rarr; <strong>1275</strong><br />(-26 for losing)\n|c|\u2606yuriimon|gg\n|l|\u2606mrfelicia\n|player|p2|\n",
  "uploadtime": 1776625269,
  "views": 10,
  "formatid": "gen9championsvgc2026regma",
  "rating": 1230,
  "private": 0,
  "password": null
}