{
  "id": "gen9championsvgc2026regma-2581972619",
  "format": "[Gen 9 Champions] VGC 2026 Reg M-A",
  "players": [
    "SwirledX",
    "alee81846"
  ],
  "log": "|j|\u2606SwirledX\n|j|\u2606alee81846\n|t:|1776044549\n|gametype|doubles\n|player|p1|SwirledX|102|1040\n|player|p2|alee81846|265|1038\n|gen|9\n|tier|[Gen 9 Champions] VGC 2026 Reg M-A\n|rated|\n|rule|Species Clause: Limit one of each Pok\u00e9mon\n|rule|Item Clause: Limit 1 of each item\n|clearpoke\n|poke|p1|Charizard, L50, F|\n|poke|p1|Venusaur, L50, M|\n|poke|p1|Garchomp, L50, F|\n|poke|p1|Rotom-Wash, L50|\n|poke|p1|Sneasler, L50, F|\n|poke|p1|Incineroar, L50, F|\n|poke|p2|Floette-Eternal, L50, F|\n|poke|p2|Maushold, L50|\n|poke|p2|Garchomp, L50, M|\n|poke|p2|Archaludon, L50, F|\n|poke|p2|Incineroar, L50, M|\n|poke|p2|Sinistcha, L50|\n|teampreview|4\nSwirledX has agreed to open team sheets.\n|inactive|Battle timer is ON: inactive players will automatically lose when time's up. (requested by alee81846)\nalee81846 has agreed to open team sheets.\n|showteam|p1|Charizard||CharizarditeY|Blaze|HeatWave,SolarBeam,WeatherBall,Protect|||F|||50|]Venusaur||FocusSash|Chlorophyll|SleepPowder,LeafStorm,SludgeBomb,Protect|||M|||50|]Garchomp||ChoiceScarf|SandVeil|RockSlide,Earthquake,DragonClaw,Bulldoze|||F|||50|]Rotom-Wash||Leftovers|Levitate|HydroPump,Thunderbolt,WillOWisp,Protect||||||50|]Sneasler||WhiteHerb|Unburden|FakeOut,CloseCombat,DireClaw,RockTomb|||F|||50|]Incineroar||SitrusBerry|Intimidate|FakeOut,FlareBlitz,DarkestLariat,PartingShot|||F|||50|\n|showteam|p2|Floette-Eternal||Floettite|FlowerVeil|DazzlingGleam,Moonblast,CalmMind,Protect|||F|||50|]Maushold||FocusSash|FriendGuard|SuperFang,FollowMe,RainDance,Protect||||||50|]Garchomp||SoftSand|RoughSkin|Earthquake,StompingTantrum,StoneEdge,Protect|||M|||50|]Archaludon||Leftovers|Stamina|ElectroShot,DracoMeteor,FlashCannon,Protect|||F|||50|]Incineroar||ChopleBerry|Intimidate|FlareBlitz,PartingShot,FakeOut,WillOWisp|||M|||50|]Sinistcha||CobaBerry|Hospitality|MatchaGotcha,ShadowBall,TrickRoom,RagePowder||||||50|\n|l|\u2606alee81846\n|inactive|alee81846 disconnected and has a minute to reconnect!\n|player|p2|\n|j|\u2606alee81846\n|inactive|alee81846 reconnected.\n|player|p2|alee81846|265|\n|inactive|SwirledX has 60 seconds left.\n|inactive|SwirledX has 30 seconds left.\n|inactive|SwirledX has 20 seconds left.\n|\n|t:|1776044673\n|teamsize|p1|4\n|teamsize|p2|4\n|start\n|switch|p1a: Charizard|Charizard, L50, F|100/100\n|switch|p1b: Garchomp|Garchomp, L50, F|100/100\n|switch|p2a: Incineroar|Incineroar, L50, M|100/100\n|switch|p2b: Garchomp|Garchomp, L50, M|100/100\n|-ability|p2a: Incineroar|Intimidate|boost\n|-unboost|p1a: Charizard|atk|1\n|-unboost|p1b: Garchomp|atk|1\n|turn|1\n|inactive|SwirledX has 30 seconds left.\n|\n|t:|1776044698\n|detailschange|p1a: Charizard|Charizard-Mega-Y, L50, F\n|-mega|p1a: Charizard|Charizard|Charizardite Y\n|-weather|SunnyDay|[from] ability: Drought|[of] p1a: Charizard\n|move|p1a: Charizard|Protect|p1a: Charizard\n|-singleturn|p1a: Charizard|Protect\n|move|p2a: Incineroar|Fake Out|p1b: Garchomp\n|-damage|p1b: Garchomp|89/100\n|cant|p1b: Garchomp|flinch\n|move|p2b: Garchomp|Stone Edge|p1a: Charizard\n|-activate|p1a: Charizard|move: Protect\n|\n|-weather|SunnyDay|[upkeep]\n|upkeep\n|turn|2\n|inactive|SwirledX has 30 seconds left.\n|\n|t:|1776044724\n|switch|p1b: Venusaur|Venusaur, L50, M|100/100\n|switch|p1a: Sneasler|Sneasler, L50, F|100/100\n|move|p2b: Garchomp|Stone Edge|p1a: Sneasler\n|-resisted|p1a: Sneasler|1\n|-damage|p1a: Sneasler|69/100\n|move|p2a: Incineroar|Will-O-Wisp|p1b: Venusaur\n|-status|p1b: Venusaur|brn\n|\n|-weather|SunnyDay|[upkeep]\n|-damage|p1b: Venusaur|95/100 brn|[from] brn\n|upkeep\n|turn|3\n|\n|t:|1776044748\n|move|p1a: Sneasler|Fake Out|p2a: Incineroar\n|-damage|p2a: Incineroar|87/100\n|move|p1b: Venusaur|Sleep Powder|p2b: Garchomp\n|-status|p2b: Garchomp|slp|[from] move: Sleep Powder\n|cant|p2b: Garchomp|slp\n|cant|p2a: Incineroar|flinch\n|\n|-weather|SunnyDay|[upkeep]\n|-damage|p1b: Venusaur|89/100 brn|[from] brn\n|upkeep\n|turn|4\n|\n|t:|1776044767\n|move|p1b: Venusaur|Leaf Storm|p2b: Garchomp\n|-damage|p2b: Garchomp|31/100 slp\n|-unboost|p1b: Venusaur|spa|2\n|move|p1a: Sneasler|Close Combat|p2a: Incineroar\n|-supereffective|p2a: Incineroar|1\n|-enditem|p2a: Incineroar|Chople Berry|[eat]\n|-enditem|p2a: Incineroar|Chople Berry|[weaken]\n|-damage|p2a: Incineroar|27/100\n|-unboost|p1a: Sneasler|def|1\n|-unboost|p1a: Sneasler|spd|1\n|-enditem|p1a: Sneasler|White Herb\n|-clearnegativeboost|p1a: Sneasler|[silent]\n|cant|p2b: Garchomp|slp\n|move|p2a: Incineroar|Parting Shot|p1b: Venusaur\n|-unboost|p1b: Venusaur|atk|1\n|-unboost|p1b: Venusaur|spa|1\n|\n|t:|1776044783\n|switch|p2a: Sinistcha|Sinistcha, L50|100/100|[from] Parting Shot\n|-heal|p2b: Garchomp|56/100 slp|[from] ability: Hospitality|[of] p2a: Sinistcha\n|\n|-weather|SunnyDay|[upkeep]\n|-damage|p1b: Venusaur|83/100 brn|[from] brn\n|upkeep\n|turn|5\n|inactive|SwirledX has 30 seconds left.\n|inactive|SwirledX has 20 seconds left.\n|inactive|SwirledX has 15 seconds left.\n|inactive|SwirledX has 10 seconds left.\n|\n|t:|1776044828\n|switch|p1a: Garchomp|Garchomp, L50, F|89/100\n|-curestatus|p2b: Garchomp|slp|[msg]\n|move|p2b: Garchomp|Protect|p2b: Garchomp\n|-singleturn|p2b: Garchomp|Protect\n|move|p1b: Venusaur|Sludge Bomb|p2a: Sinistcha\n|-damage|p2a: Sinistcha|86/100\n|move|p2a: Sinistcha|Trick Room|p2a: Sinistcha\n|-fieldstart|move: Trick Room|[of] p2a: Sinistcha\n|\n|-weather|none\n|-damage|p1b: Venusaur|77/100 brn|[from] brn\n|upkeep\n|turn|6\n|\n|t:|1776044851\n|switch|p1b: Charizard|Charizard-Mega-Y, L50, F|100/100\n|-weather|SunnyDay|[from] ability: Drought|[of] p1b: Charizard\n|move|p2a: Sinistcha|Matcha Gotcha|p1b: Charizard|[spread] p1a,p1b\n|-resisted|p1b: Charizard|2\n|-damage|p1a: Garchomp|63/100\n|-heal|p2a: Sinistcha|99/100|[from] drain|[of] p1a: Garchomp\n|-damage|p1b: Charizard|95/100\n|-heal|p2a: Sinistcha|100/100|[from] drain|[of] p1b: Charizard\n|move|p2b: Garchomp|Stomping Tantrum|p1b: Charizard\n|-immune|p1b: Charizard\n|move|p1a: Garchomp|Earthquake|p2b: Garchomp|[spread] p2a,p2b\n|-immune|p1b: Charizard\n|-resisted|p2a: Sinistcha|1\n|-damage|p2a: Sinistcha|82/100\n|-damage|p2b: Garchomp|17/100\n|\n|-weather|SunnyDay|[upkeep]\n|upkeep\n|turn|7\n|\n|t:|1776044876\n|move|p1b: Charizard|Protect|p1b: Charizard\n|-singleturn|p1b: Charizard|Protect\n|move|p2a: Sinistcha|Matcha Gotcha|p1a: Garchomp|[spread] p1a\n|-activate|p1b: Charizard|move: Protect\n|-damage|p1a: Garchomp|35/100\n|-heal|p2a: Sinistcha|97/100|[from] drain|[of] p1a: Garchomp\n|move|p2b: Garchomp|Stone Edge|p1b: Charizard\n|-activate|p1b: Charizard|move: Protect\n|move|p1a: Garchomp|Earthquake|p2a: Sinistcha|[spread] p2a,p2b\n|-activate|p1b: Charizard|move: Protect\n|-resisted|p2a: Sinistcha|1\n|-damage|p2a: Sinistcha|78/100\n|-damage|p2b: Garchomp|0 fnt\n|faint|p2b: Garchomp\n|\n|-weather|SunnyDay|[upkeep]\n|upkeep\n|inactive|alee81846 has 30 seconds left.\n|\n|t:|1776044905\n|switch|p2b: Floette|Floette-Eternal, L50, F|100/100\n|turn|8\n|\n|t:|1776044926\n|switch|p2a: Incineroar|Incineroar, L50, M|27/100\n|-ability|p2a: Incineroar|Intimidate|boost\n|-unboost|p1a: Garchomp|atk|1\n|-unboost|p1b: Charizard|atk|1\n|switch|p1a: Venusaur|Venusaur, L50, M|77/100 brn\n|detailschange|p2b: Floette|Floette-Mega, L50, F\n|-mega|p2b: Floette|Floette|Floettite\n|-ability|p2b: Floette|Fairy Aura\n|move|p2b: Floette|Calm Mind|p2b: Floette\n|-boost|p2b: Floette|spa|1\n|-boost|p2b: Floette|spd|1\n|move|p1b: Charizard|Heat Wave|p2b: Floette|[spread] p2a,p2b\n|-resisted|p2a: Incineroar|1\n|-damage|p2a: Incineroar|3/100\n|-damage|p2b: Floette|67/100\n|\n|-weather|SunnyDay|[upkeep]\n|-damage|p1a: Venusaur|72/100 brn|[from] brn\n|upkeep\n|turn|9\n|inactive|alee81846 has 30 seconds left.\n|\n|t:|1776044954\n|move|p1b: Charizard|Protect|p1b: Charizard\n|-singleturn|p1b: Charizard|Protect\n|move|p2a: Incineroar|Flare Blitz|p1a: Venusaur\n|-supereffective|p1a: Venusaur|1\n|-damage|p1a: Venusaur|0 fnt\n|faint|p1a: Venusaur\n|-damage|p2a: Incineroar|0 fnt|[from] Recoil\n|faint|p2a: Incineroar\n|move|p2b: Floette|Moonblast|p1b: Charizard\n|-activate|p1b: Charizard|move: Protect\n|\n|-weather|SunnyDay|[upkeep]\n|-fieldend|move: Trick Room\n|upkeep\n|\n|t:|1776044965\n|switch|p1a: Sneasler|Sneasler, L50, F|69/100\n|switch|p2a: Sinistcha|Sinistcha, L50|78/100\n|-heal|p2b: Floette|92/100|[from] ability: Hospitality|[of] p2a: Sinistcha\n|turn|10\n|\n|t:|1776044975\n|move|p1a: Sneasler|Fake Out|p2b: Floette\n|-damage|p2b: Floette|77/100\n|move|p2a: Sinistcha|Rage Powder|p2a: Sinistcha\n|-singleturn|p2a: Sinistcha|move: Rage Powder\n|move|p1b: Charizard|Heat Wave|p2b: Floette|[spread] p2a\n|-miss|p1b: Charizard|p2b: Floette\n|-supereffective|p2a: Sinistcha|1\n|-damage|p2a: Sinistcha|0 fnt\n|faint|p2a: Sinistcha\n|cant|p2b: Floette|flinch\n|\n|-weather|none\n|upkeep\n|turn|11\n|\n|t:|1776044991\n|move|p1a: Sneasler|Dire Claw|p2b: Floette\n|-supereffective|p2b: Floette|1\n|-damage|p2b: Floette|0 fnt\n|faint|p2b: Floette\n|\n|win|SwirledX\n|raw|SwirledX's rating: 1040 &rarr; <strong>1074</strong><br />(+34 for winning)\n|raw|alee81846's rating: 1038 &rarr; <strong>1022</strong><br />(-16 for losing)\n|l|\u2606alee81846\n|player|p2|\n",
  "uploadtime": 1776044997,
  "views": 16,
  "formatid": "gen9championsvgc2026regma",
  "rating": 1022,
  "private": 0,
  "password": null
}