{
  "id": "gen9championsvgc2026regma-2586820611",
  "format": "[Gen 9 Champions] VGC 2026 Reg M-A",
  "players": [
    "PoodleMon",
    "firjiwater"
  ],
  "log": "|j|\u2606PoodleMon\n|j|\u2606firjiwater\n|t:|1776462631\n|gametype|doubles\n|player|p1|PoodleMon|2|1135\n|player|p2|firjiwater|cheryl|1063\n|gen|9\n|tier|[Gen 9 Champions] VGC 2026 Reg M-A\n|rated|\n|rule|Species Clause: Limit one of each Pok\u00e9mon\n|rule|Item Clause: Limit 1 of each item\n|clearpoke\n|poke|p1|Torkoal, L50, F|\n|poke|p1|Kangaskhan, L50, F|\n|poke|p1|Incineroar, L50, F|\n|poke|p1|Farigiraf, L50, M|\n|poke|p1|Sinistcha, L50|\n|poke|p1|Kingambit, L50, F|\n|poke|p2|Primarina, L50, M|\n|poke|p2|Garchomp, L50, F|\n|poke|p2|Corviknight, L50, F|\n|poke|p2|Rotom-Wash, L50|\n|poke|p2|Incineroar, L50, F|\n|poke|p2|Sinistcha, L50|\n|teampreview|4\n|inactive|Battle timer is ON: inactive players will automatically lose when time's up. (requested by firjiwater)\n|\n|t:|1776462655\n|teamsize|p1|4\n|teamsize|p2|4\n|start\n|switch|p1a: Kangaskhan|Kangaskhan, L50, F|100/100\n|switch|p1b: Farigiraf|Farigiraf, L50, M|100/100\n|switch|p2a: Air Nomads|Corviknight, L50, F|100/100\n|switch|p2b: Water Nation|Primarina, L50, M|100/100\n|turn|1\n|\n|t:|1776462675\n|detailschange|p1a: Kangaskhan|Kangaskhan-Mega, L50, F\n|-mega|p1a: Kangaskhan|Kangaskhan|Kangaskhanite\n|move|p1a: Kangaskhan|Fake Out|p2b: Water Nation\n|-damage|p2b: Water Nation|75/100\n|-damage|p2b: Water Nation|70/100\n|-hitcount|p2b: Water Nation|2\n|move|p2a: Air Nomads|Reflect|p2a: Air Nomads\n|-sidestart|p2: firjiwater|Reflect\n|cant|p2b: Water Nation|flinch\n|move|p1b: Farigiraf|Trick Room|p1b: Farigiraf\n|-fieldstart|move: Trick Room|[of] p1b: Farigiraf\n|\n|upkeep\n|turn|2\n|inactive|PoodleMon has 30 seconds left.\n|\n|t:|1776462700\n|switch|p1b: Torkoal|Torkoal, L50, F|100/100\n|-weather|SunnyDay|[from] ability: Drought|[of] p1b: Torkoal\n|move|p2b: Water Nation|Calm Mind|p2b: Water Nation\n|-boost|p2b: Water Nation|spa|1\n|-boost|p2b: Water Nation|spd|1\n|move|p2a: Air Nomads|U-turn|p1b: Torkoal\n|-resisted|p1b: Torkoal|1\n|-damage|p1b: Torkoal|95/100\n|\n|t:|1776462711\n|switch|p2a: Fire Nation|Incineroar, L50, F|100/100|[from] U-turn\n|-ability|p2a: Fire Nation|Intimidate|boost\n|-unboost|p1a: Kangaskhan|atk|1\n|-unboost|p1b: Torkoal|atk|1\n|move|p1a: Kangaskhan|Double-Edge|p2b: Water Nation\n|-damage|p2b: Water Nation|37/100\n|-damage|p2b: Water Nation|30/100\n|-hitcount|p2b: Water Nation|2\n|-damage|p1a: Kangaskhan|91/100|[from] Recoil\n|\n|-weather|SunnyDay|[upkeep]\n|upkeep\n|turn|3\n|\n|t:|1776462733\n|switch|p1a: Farigiraf|Farigiraf, L50, M|100/100\n|move|p1b: Torkoal|Eruption|p2b: Water Nation|[spread] p2a,p2b\n|-resisted|p2a: Fire Nation|1\n|-resisted|p2b: Water Nation|1\n|-damage|p2a: Fire Nation|58/100\n|-damage|p2b: Water Nation|4/100\n|move|p2a: Fire Nation|Flare Blitz|p1a: Farigiraf\n|-damage|p1a: Farigiraf|5/100\n|-damage|p2a: Fire Nation|22/100|[from] Recoil\n|move|p2b: Water Nation|Hyper Voice|p1a: Farigiraf|[spread] p1a,p1b\n|-supereffective|p1b: Torkoal|1\n|-damage|p1a: Farigiraf|0 fnt\n|-damage|p1b: Torkoal|26/100\n|faint|p1a: Farigiraf\n|\n|-weather|SunnyDay|[upkeep]\n|upkeep\n|\n|t:|1776462751\n|switch|p1a: Sinistcha|Sinistcha, L50|100/100\n|-heal|p1b: Torkoal|51/100|[from] ability: Hospitality|[of] p1a: Sinistcha\n|turn|4\n|\n|t:|1776462770\n|switch|p2a: Iroh|Sinistcha, L50|100/100\n|-heal|p2b: Water Nation|29/100|[from] ability: Hospitality|[of] p2a: Iroh\n|switch|p1a: Kangaskhan|Kangaskhan-Mega, L50, F|91/100\n|move|p2b: Water Nation|Protect|p2b: Water Nation\n|-singleturn|p2b: Water Nation|Protect\n|move|p1b: Torkoal|Eruption|p2b: Water Nation|[spread] p2a\n|-activate|p2b: Water Nation|move: Protect\n|-supereffective|p2a: Iroh|1\n|-damage|p2a: Iroh|9/100\n|\n|-weather|SunnyDay|[upkeep]\n|upkeep\n|turn|5\n|inactive|PoodleMon has 30 seconds left.\n|inactive|firjiwater has 30 seconds left.\n|\n|t:|1776462798\n|switch|p2b: Fire Nation|Incineroar, L50, F|22/100\n|-ability|p2b: Fire Nation|Intimidate|boost\n|-unboost|p1a: Kangaskhan|atk|1\n|-unboost|p1b: Torkoal|atk|1\n|move|p1a: Kangaskhan|Fake Out|p2b: Fire Nation\n|-damage|p2b: Fire Nation|12/100\n|-damage|p2b: Fire Nation|10/100\n|-hitcount|p2b: Fire Nation|2\n|move|p1b: Torkoal|Eruption|p2b: Fire Nation|[spread] p2a,p2b\n|-supereffective|p2a: Iroh|1\n|-resisted|p2b: Fire Nation|1\n|-damage|p2a: Iroh|0 fnt\n|-damage|p2b: Fire Nation|0 fnt\n|faint|p2a: Iroh\n|faint|p2b: Fire Nation\n|\n|-weather|SunnyDay|[upkeep]\n|-sideend|p2: firjiwater|Reflect\n|-fieldend|move: Trick Room\n|upkeep\n|\n|t:|1776462815\n|switch|p2a: Water Nation|Primarina, L50, M|29/100\n|switch|p2b: Air Nomads|Corviknight, L50, F|100/100\n|turn|6\n|\n|t:|1776462831\n|switch|p1a: Sinistcha|Sinistcha, L50|100/100\n|-heal|p1b: Torkoal|76/100|[from] ability: Hospitality|[of] p1a: Sinistcha\n|move|p2b: Air Nomads|Reflect|p2b: Air Nomads\n|-sidestart|p2: firjiwater|Reflect\n|move|p2a: Water Nation|Hyper Voice|p1b: Torkoal|[spread] p1a,p1b\n|-resisted|p1a: Sinistcha|1\n|-supereffective|p1b: Torkoal|1\n|-damage|p1a: Sinistcha|90/100\n|-damage|p1b: Torkoal|28/100\n|move|p1b: Torkoal|Weather Ball|p2b: Air Nomads\n|-supereffective|p2b: Air Nomads|1\n|-damage|p2b: Air Nomads|0 fnt\n|faint|p2b: Air Nomads\n|\n|-weather|none\n|-heal|p1a: Sinistcha|96/100|[from] item: Leftovers\n|upkeep\n|turn|7\n|\n|t:|1776462855\n|move|p1a: Sinistcha|Matcha Gotcha|p2a: Water Nation\n|-supereffective|p2a: Water Nation|1\n|-damage|p2a: Water Nation|0 fnt\n|-heal|p1a: Sinistcha|100/100|[from] drain|[of] p2a: Water Nation\n|faint|p2a: Water Nation\n|\n|win|PoodleMon\n|raw|PoodleMon's rating: 1135 &rarr; <strong>1155</strong><br />(+20 for winning)\n|raw|firjiwater's rating: 1063 &rarr; <strong>1048</strong><br />(-15 for losing)\n",
  "uploadtime": 1776462862,
  "views": 19,
  "formatid": "gen9championsvgc2026regma",
  "rating": 1048,
  "private": 0,
  "password": null
}