{
  "id": "gen9championsvgc2026regma-2586026185",
  "format": "[Gen 9 Champions] VGC 2026 Reg M-A",
  "players": [
    "Victir987",
    "antimetaservant"
  ],
  "log": "|j|\u2606Victir987\n|j|\u2606antimetaservant\n|t:|1776391497\n|gametype|doubles\n|player|p1|Victir987|cynthia|1064\n|player|p2|antimetaservant|unknown|1005\n|gen|9\n|tier|[Gen 9 Champions] VGC 2026 Reg M-A\n|rated|\n|rule|Species Clause: Limit one of each Pok\u00e9mon\n|rule|Item Clause: Limit 1 of each item\n|clearpoke\n|poke|p1|Tsareena, L50, F|\n|poke|p1|Basculegion, L50, M|\n|poke|p1|Tyranitar, L50, M|\n|poke|p1|Gardevoir, L50, F|\n|poke|p1|Incineroar, L50, M|\n|poke|p1|Farigiraf, L50, F|\n|poke|p2|Gengar, L50, F|\n|poke|p2|Kingambit, L50, F|\n|poke|p2|Incineroar, L50, F|\n|poke|p2|Palafin, L50, M|\n|poke|p2|Politoed, L50, F|\n|poke|p2|Sableye, L50, F|\n|teampreview|4\n|inactive|Battle timer is ON: inactive players will automatically lose when time's up. (requested by Victir987)\n|inactive|antimetaservant has 60 seconds left.\n|inactive|Victir987 has 60 seconds left.\n|\n|t:|1776391539\n|teamsize|p1|4\n|teamsize|p2|4\n|start\n|switch|p1a: Tsareena|Tsareena, L50, F|100/100\n|switch|p1b: Farigiraf|Farigiraf, L50, F|100/100\n|switch|p2a: Politoed|Politoed, L50, F|100/100\n|switch|p2b: Incineroar|Incineroar, L50, F|100/100\n|-weather|RainDance|[from] ability: Drizzle|[of] p2a: Politoed\n|-ability|p2b: Incineroar|Intimidate|boost\n|-unboost|p1a: Tsareena|atk|1\n|-unboost|p1b: Farigiraf|atk|1\n|turn|1\n|\n|t:|1776391555\n|move|p1a: Tsareena|Power Whip|p2a: Politoed\n|-supereffective|p2a: Politoed|1\n|-crit|p2a: Politoed\n|-damage|p2a: Politoed|0 fnt\n|faint|p2a: Politoed\n|move|p2b: Incineroar|Darkest Lariat|p1b: Farigiraf\n|-supereffective|p1b: Farigiraf|1\n|-damage|p1b: Farigiraf|37/100\n|move|p1b: Farigiraf|Trick Room|p1b: Farigiraf\n|-fieldstart|move: Trick Room|[of] p1b: Farigiraf\n|\n|-weather|RainDance|[upkeep]\n|-heal|p1b: Farigiraf|43/100|[from] item: Leftovers\n|upkeep\n|\n|t:|1776391568\n|switch|p2a: Kingambit|Kingambit, L50, F|100/100\n|turn|2\n|\n|t:|1776391585\n|move|p2a: Kingambit|Sucker Punch||[still]\n|cant|p1b: Farigiraf|ability: Armor Tail|Sucker Punch|[of] p2a: Kingambit\n|move|p1b: Farigiraf|Hyper Voice|p2a: Kingambit|[spread] p2a,p2b\n|-resisted|p2a: Kingambit|1\n|-damage|p2a: Kingambit|83/100\n|-damage|p2b: Incineroar|78/100\n|move|p2b: Incineroar|Parting Shot|p1a: Tsareena\n|-unboost|p1a: Tsareena|atk|1\n|-unboost|p1a: Tsareena|spa|1\n|\n|t:|1776391592\n|switch|p2b: Gengar|Gengar, L50, F|100/100|[from] Parting Shot\n|move|p1a: Tsareena|Taunt|p2a: Kingambit\n|-start|p2a: Kingambit|move: Taunt\n|\n|-weather|RainDance|[upkeep]\n|-heal|p1b: Farigiraf|50/100|[from] item: Leftovers\n|upkeep\n|turn|3\n|\n|t:|1776391605\n|switch|p1a: Tyranitar|Tyranitar, L50, M|100/100\n|-weather|Sandstorm|[from] ability: Sand Stream|[of] p1a: Tyranitar\n|detailschange|p2b: Gengar|Gengar-Mega, L50, F\n|-mega|p2b: Gengar|Gengar|Gengarite\n|move|p2b: Gengar|Protect|p2b: Gengar\n|-singleturn|p2b: Gengar|Protect\n|move|p1b: Farigiraf|Psychic|p2b: Gengar\n|-activate|p2b: Gengar|move: Protect\n|move|p2a: Kingambit|Kowtow Cleave|p1b: Farigiraf\n|-supereffective|p1b: Farigiraf|1\n|-damage|p1b: Farigiraf|0 fnt\n|faint|p1b: Farigiraf\n|\n|-weather|Sandstorm|[upkeep]\n|-damage|p2b: Gengar|95/100|[from] Sandstorm\n|upkeep\n|\n|t:|1776391620\n|switch|p1b: Tsareena|Tsareena, L50, F|100/100\n|turn|4\n|\n|t:|1776391636\n|switch|p2a: Incineroar|Incineroar, L50, F|78/100\n|-ability|p2a: Incineroar|Intimidate|boost\n|-unboost|p1a: Tyranitar|atk|1\n|-unboost|p1b: Tsareena|atk|1\n|detailschange|p1a: Tyranitar|Tyranitar-Mega, L50, M\n|-mega|p1a: Tyranitar|Tyranitar|Tyranitarite\n|move|p2b: Gengar|Protect|p2b: Gengar\n|-singleturn|p2b: Gengar|Protect\n|move|p1a: Tyranitar|High Horsepower|p2a: Incineroar\n|-supereffective|p2a: Incineroar|1\n|-damage|p2a: Incineroar|34/100\n|move|p1b: Tsareena|Taunt|p2b: Gengar\n|-activate|p2b: Gengar|move: Protect\n|\n|-weather|Sandstorm|[upkeep]\n|-damage|p2a: Incineroar|28/100|[from] Sandstorm\n|-damage|p1b: Tsareena|94/100|[from] Sandstorm\n|-damage|p2b: Gengar|89/100|[from] Sandstorm\n|-heal|p2a: Incineroar|34/100|[from] item: Leftovers\n|upkeep\n|turn|5\n|inactive|antimetaservant has 30 seconds left.\n|\n|t:|1776391663\n|move|p2a: Incineroar|Fake Out||[still]\n|cant|p1b: Tsareena|ability: Queenly Majesty|Fake Out|[of] p2a: Incineroar\n|move|p1a: Tyranitar|Rock Slide|p2a: Incineroar|[spread] p2a,p2b\n|-supereffective|p2a: Incineroar|1\n|-damage|p2a: Incineroar|0 fnt\n|-damage|p2b: Gengar|59/100\n|faint|p2a: Incineroar\n|move|p1b: Tsareena|Taunt|p2b: Gengar\n|-start|p2b: Gengar|move: Taunt\n|cant|p2b: Gengar|move: Taunt|Perish Song\n|\n|-weather|Sandstorm|[upkeep]\n|-damage|p1b: Tsareena|88/100|[from] Sandstorm\n|-damage|p2b: Gengar|53/100|[from] Sandstorm\n|-fieldend|move: Trick Room\n|upkeep\n|\n|t:|1776391673\n|switch|p2a: Kingambit|Kingambit, L50, F|83/100\n|turn|6\n|c|\u2606antimetaservant|oof man\n|\n|t:|1776391686\n|move|p2b: Gengar|Shadow Ball|p1b: Tsareena\n|-damage|p1b: Tsareena|33/100\n|move|p1b: Tsareena|Triple Axel|p2b: Gengar\n|-damage|p2b: Gengar|47/100\n|-damage|p2b: Gengar|37/100\n|-damage|p2b: Gengar|20/100\n|-hitcount|p2b: Gengar|3\n|move|p2a: Kingambit|Low Kick|p1a: Tyranitar\n|-supereffective|p1a: Tyranitar|2\n|-damage|p1a: Tyranitar|0 fnt\n|faint|p1a: Tyranitar\n|\n|-weather|Sandstorm|[upkeep]\n|-damage|p2b: Gengar|14/100|[from] Sandstorm\n|-damage|p1b: Tsareena|27/100|[from] Sandstorm\n|upkeep\n|c|\u2606antimetaservant|your trickroom is really awesome dude\n|\n|t:|1776391697\n|switch|p1a: Basculegion|Basculegion, L50, M|100/100\n|turn|7\n|\n|t:|1776391708\n|move|p2a: Kingambit|Sucker Punch||[still]\n|cant|p1b: Tsareena|ability: Queenly Majesty|Sucker Punch|[of] p2a: Kingambit\n|move|p1a: Basculegion|Last Respects|p2b: Gengar\n|-supereffective|p2b: Gengar|1\n|-damage|p2b: Gengar|0 fnt\n|faint|p2b: Gengar\n|move|p1b: Tsareena|Power Whip|p2a: Kingambit\n|-resisted|p2a: Kingambit|1\n|-damage|p2a: Kingambit|63/100\n|\n|-weather|none\n|upkeep\n|turn|8\n|\n|t:|1776391720\n|move|p1a: Basculegion|Last Respects|p2a: Kingambit\n|-resisted|p2a: Kingambit|1\n|-damage|p2a: Kingambit|24/100\n|move|p1b: Tsareena|Power Whip|p2a: Kingambit|[miss]\n|-miss|p1b: Tsareena|p2a: Kingambit\n|move|p2a: Kingambit|Kowtow Cleave|p1a: Basculegion\n|-supereffective|p1a: Basculegion|1\n|-damage|p1a: Basculegion|0 fnt\n|faint|p1a: Basculegion\n|\n|upkeep\n|turn|9\n|c|\u2606antimetaservant|welp gg\n|\n|t:|1776391733\n|move|p2a: Kingambit|Protect|p2a: Kingambit\n|-singleturn|p2a: Kingambit|Protect\n|move|p1b: Tsareena|Power Whip|p2a: Kingambit\n|-activate|p2a: Kingambit|move: Protect\n|\n|upkeep\n|turn|10\n|\n|t:|1776391740\n|move|p1b: Tsareena|Power Whip|p2a: Kingambit\n|-resisted|p2a: Kingambit|1\n|-damage|p2a: Kingambit|2/100\n|move|p2a: Kingambit|Kowtow Cleave|p1b: Tsareena\n|-damage|p1b: Tsareena|0 fnt\n|faint|p1b: Tsareena\n|\n|win|antimetaservant\n|raw|Victir987's rating: 1064 &rarr; <strong>1041</strong><br />(-23 for losing)\n|raw|antimetaservant's rating: 1005 &rarr; <strong>1051</strong><br />(+46 for winning)\n|c|\u2606antimetaservant|COME ON\n|c|\u2606antimetaservant|YES\n|c|\u2606antimetaservant|gg\n|c|\u2606Victir987|Roll\n|c|\u2606Victir987|XDD\n|c|\u2606Victir987|Gg\n|c|\u2606antimetaservant|yeah\n|c|\u2606antimetaservant|your team was scary\n|c|\u2606antimetaservant|gg mane\n|l|\u2606Victir987\n|player|p1|\n",
  "uploadtime": 1776391776,
  "views": 21,
  "formatid": "gen9championsvgc2026regma",
  "rating": 1041,
  "private": 0,
  "password": null
}