{
  "id": "gen9championsvgc2026regma-2583138498",
  "format": "[Gen 9 Champions] VGC 2026 Reg M-A",
  "players": [
    "Kwiper",
    "CookHurlin"
  ],
  "log": "|j|\u2606Kwiper\n|j|\u2606CookHurlin\n|t:|1776146681\n|gametype|doubles\n|player|p1|Kwiper|sycamore|1189\n|player|p2|CookHurlin|102|1262\n|gen|9\n|tier|[Gen 9 Champions] VGC 2026 Reg M-A\n|rated|\n|rule|Species Clause: Limit one of each Pok\u00e9mon\n|rule|Item Clause: Limit 1 of each item\n|clearpoke\n|poke|p1|Charizard, L50, M|\n|poke|p1|Farigiraf, L50, F|\n|poke|p1|Torkoal, L50, F|\n|poke|p1|Garchomp, L50, F|\n|poke|p1|Venusaur, L50, F|\n|poke|p1|Incineroar, L50, M|\n|poke|p2|Corviknight, L50, F|\n|poke|p2|Floette-Eternal, L50, F|\n|poke|p2|Garchomp, L50, M|\n|poke|p2|Tyranitar, L50, M|\n|poke|p2|Incineroar, L50, F|\n|poke|p2|Sinistcha, L50|\n|teampreview|4\n|inactive|Battle timer is ON: inactive players will automatically lose when time's up. (requested by Kwiper)\n|inactive|Kwiper has 60 seconds left.\n|inactive|CookHurlin has 60 seconds left.\n|inactive|CookHurlin has 30 seconds left.\n|inactive|CookHurlin has 20 seconds left.\n|inactive|CookHurlin has 15 seconds left.\n|inactive|CookHurlin has 10 seconds left.\n|\n|t:|1776146766\n|teamsize|p1|4\n|teamsize|p2|4\n|start\n|switch|p1a: Charizard|Charizard, L50, M|100/100\n|switch|p1b: Garchomp|Garchomp, L50, F|100/100\n|switch|p2a: Incineroar|Incineroar, L50, F|100/100\n|switch|p2b: Garchomp|Garchomp, L50, M|100/100\n|-ability|p2a: Incineroar|Intimidate|boost\n|-unboost|p1a: Charizard|atk|1\n|-unboost|p1b: Garchomp|atk|1\n|-enditem|p1b: Garchomp|White Herb\n|-clearnegativeboost|p1b: Garchomp|[silent]\n|turn|1\n|inactive|CookHurlin has 30 seconds left.\n|\n|t:|1776146793\n|switch|p1a: Farigiraf|Farigiraf, L50, F|100/100\n|move|p2a: Incineroar|Fake Out||[still]\n|cant|p1a: Farigiraf|ability: Armor Tail|Fake Out|[of] p2a: Incineroar\n|move|p1b: Garchomp|Earthquake|p2b: Garchomp|[spread] p1a,p2a,p2b\n|-supereffective|p2a: Incineroar|1\n|-crit|p2a: Incineroar\n|-enditem|p2a: Incineroar|Shuca Berry|[eat]\n|-enditem|p2a: Incineroar|Shuca Berry|[weaken]\n|-damage|p1a: Farigiraf|70/100\n|-damage|p2a: Incineroar|53/100\n|-damage|p2b: Garchomp|58/100\n|move|p2b: Garchomp|Dragon Claw|p1b: Garchomp\n|-supereffective|p1b: Garchomp|1\n|-damage|p1b: Garchomp|23/100\n|-damage|p2b: Garchomp|46/100|[from] ability: Rough Skin|[of] p1b: Garchomp\n|\n|-heal|p1a: Farigiraf|76/100|[from] item: Leftovers\n|upkeep\n|turn|2\n|inactive|Kwiper has 30 seconds left.\n|inactive|CookHurlin has 30 seconds left.\n|inactive|CookHurlin has 20 seconds left.\n|inactive|CookHurlin has 15 seconds left.\n|inactive|CookHurlin has 10 seconds left.\n|\n|t:|1776146842\n|switch|p2a: Sinistcha|Sinistcha, L50|100/100\n|-heal|p2b: Garchomp|71/100|[from] ability: Hospitality|[of] p2a: Sinistcha\n|move|p1b: Garchomp|Dragon Claw|p2b: Garchomp\n|-supereffective|p2b: Garchomp|1\n|-damage|p2b: Garchomp|0 fnt\n|-damage|p1b: Garchomp|10/100|[from] ability: Rough Skin|[of] p2b: Garchomp\n|faint|p2b: Garchomp\n|move|p1a: Farigiraf|Hyper Voice|p2a: Sinistcha\n|-immune|p2a: Sinistcha\n|\n|-heal|p1a: Farigiraf|82/100|[from] item: Leftovers\n|upkeep\n|inactive|CookHurlin has 30 seconds left.\n|\n|t:|1776146873\n|switch|p2b: Tyranitar|Tyranitar, L50, M|100/100\n|-weather|Sandstorm|[from] ability: Sand Stream|[of] p2b: Tyranitar\n|turn|3\n|inactive|CookHurlin has 30 seconds left.\n|\n|t:|1776146903\n|move|p2b: Tyranitar|Protect|p2b: Tyranitar\n|-singleturn|p2b: Tyranitar|Protect\n|move|p1a: Farigiraf|Protect|p1a: Farigiraf\n|-singleturn|p1a: Farigiraf|Protect\n|move|p1b: Garchomp|Earthquake|p2b: Tyranitar|[spread] p2a\n|-activate|p1a: Farigiraf|move: Protect\n|-activate|p2b: Tyranitar|move: Protect\n|-resisted|p2a: Sinistcha|1\n|-damage|p2a: Sinistcha|85/100\n|move|p2a: Sinistcha|Matcha Gotcha|p1a: Farigiraf|[spread] p1b\n|-activate|p1a: Farigiraf|move: Protect\n|-damage|p1b: Garchomp|0 fnt\n|-heal|p2a: Sinistcha|90/100|[from] drain|[of] p1b: Garchomp\n|faint|p1b: Garchomp\n|\n|-weather|Sandstorm|[upkeep]\n|-damage|p2a: Sinistcha|84/100|[from] Sandstorm\n|-damage|p1a: Farigiraf|76/100|[from] Sandstorm\n|-heal|p1a: Farigiraf|82/100|[from] item: Leftovers\n|upkeep\n|\n|t:|1776146908\n|switch|p1b: Charizard|Charizard, L50, M|100/100\n|turn|4\n|c|\u2606Kwiper|um what\n|inactive|Kwiper has 30 seconds left.\n|inactive|CookHurlin has 30 seconds left.\n|c|\u2606Kwiper|oh right i didn't mega hahahaha\n|inactive|CookHurlin has 20 seconds left.\n|inactive|CookHurlin has 15 seconds left.\n|inactive|CookHurlin has 10 seconds left.\n|inactive|CookHurlin has 5 seconds left.\n|\n|t:|1776146961\n|switch|p2a: Incineroar|Incineroar, L50, F|53/100\n|-ability|p2a: Incineroar|Intimidate|boost\n|-unboost|p1a: Farigiraf|atk|1\n|-unboost|p1b: Charizard|atk|1\n|detailschange|p1b: Charizard|Charizard-Mega-Y, L50, M\n|-mega|p1b: Charizard|Charizard|Charizardite Y\n|-weather|SunnyDay|[from] ability: Drought|[of] p1b: Charizard\n|detailschange|p2b: Tyranitar|Tyranitar-Mega, L50, M\n|-mega|p2b: Tyranitar|Tyranitar|Tyranitarite\n|-weather|Sandstorm|[from] ability: Sand Stream|[of] p2b: Tyranitar\n|move|p1b: Charizard|Solar Beam||[still]\n|-prepare|p1b: Charizard|Solar Beam\n|move|p2b: Tyranitar|Rock Slide|p1a: Farigiraf|[spread] p1a\n|-miss|p2b: Tyranitar|p1b: Charizard\n|-damage|p1a: Farigiraf|54/100\n|move|p1a: Farigiraf|Hyper Voice|p2b: Tyranitar|[spread] p2a,p2b\n|-crit|p2a: Incineroar\n|-resisted|p2b: Tyranitar|1\n|-damage|p2a: Incineroar|19/100\n|-damage|p2b: Tyranitar|93/100\n|\n|-weather|Sandstorm|[upkeep]\n|-damage|p1b: Charizard|94/100|[from] Sandstorm\n|-damage|p2a: Incineroar|13/100|[from] Sandstorm\n|-damage|p1a: Farigiraf|48/100|[from] Sandstorm\n|-heal|p1a: Farigiraf|54/100|[from] item: Leftovers\n|upkeep\n|turn|5\n|inactive|CookHurlin has 30 seconds left.\n|inactive|CookHurlin has 20 seconds left.\n|inactive|CookHurlin has 15 seconds left.\n|inactive|CookHurlin has 10 seconds left.\n|inactive|CookHurlin has 5 seconds left.\n|\n|t:|1776147015\n|switch|p2b: Sinistcha|Sinistcha, L50|84/100\n|-heal|p2a: Incineroar|38/100|[from] ability: Hospitality|[of] p2b: Sinistcha\n|switch|p1a: Torkoal|Torkoal, L50, F|100/100\n|-weather|SunnyDay|[from] ability: Drought|[of] p1a: Torkoal\n|move|p1b: Charizard|Solar Beam|p2b: Sinistcha|[from] lockedmove\n|-resisted|p2b: Sinistcha|1\n|-damage|p2b: Sinistcha|61/100\n|move|p2a: Incineroar|Throat Chop|p1a: Torkoal\n|-damage|p1a: Torkoal|78/100\n|-start|p1a: Torkoal|Throat Chop|[silent]\n|\n|-weather|SunnyDay|[upkeep]\n|upkeep\n|turn|6\n|inactive|CookHurlin has 30 seconds left.\n|inactive|CookHurlin has 20 seconds left.\n|inactive|CookHurlin has 15 seconds left.\n|inactive|CookHurlin has 10 seconds left.\n|inactive|CookHurlin has 5 seconds left.\n|\n|t:|1776147066\n|switch|p1b: Farigiraf|Farigiraf, L50, F|54/100\n|switch|p2b: Tyranitar|Tyranitar-Mega, L50, M|93/100\n|-weather|Sandstorm|[from] ability: Sand Stream|[of] p2b: Tyranitar\n|move|p2a: Incineroar|Parting Shot|p1b: Farigiraf\n|-unboost|p1b: Farigiraf|atk|1\n|-unboost|p1b: Farigiraf|spa|1\n|\n|t:|1776147082\n|switch|p2a: Sinistcha|Sinistcha, L50|61/100|[from] Parting Shot\n|-heal|p2b: Tyranitar|100/100|[from] ability: Hospitality|[of] p2a: Sinistcha\n|move|p1a: Torkoal|Earth Power|p2a: Sinistcha\n|-resisted|p2a: Sinistcha|1\n|-damage|p2a: Sinistcha|50/100\n|-enditem|p2a: Sinistcha|Sitrus Berry|[eat]\n|-heal|p2a: Sinistcha|75/100|[from] item: Sitrus Berry\n|\n|-weather|Sandstorm|[upkeep]\n|-damage|p2a: Sinistcha|68/100|[from] Sandstorm\n|-damage|p1b: Farigiraf|48/100|[from] Sandstorm\n|-damage|p1a: Torkoal|72/100|[from] Sandstorm\n|-heal|p1b: Farigiraf|54/100|[from] item: Leftovers\n|-end|p1a: Torkoal|Throat Chop|[silent]\n|upkeep\n|turn|7\n|\n|t:|1776147103\n|switch|p2b: Incineroar|Incineroar, L50, F|38/100\n|-ability|p2b: Incineroar|Intimidate|boost\n|-unboost|p1a: Torkoal|atk|1\n|-unboost|p1b: Farigiraf|atk|1\n|move|p1a: Torkoal|Protect|p1a: Torkoal\n|-singleturn|p1a: Torkoal|Protect\n|move|p2a: Sinistcha|Life Dew|p2a: Sinistcha|[spread] p2a,p2b\n|-heal|p2a: Sinistcha|94/100\n|-heal|p2b: Incineroar|63/100\n|move|p1b: Farigiraf|Trick Room|p1b: Farigiraf\n|-fieldstart|move: Trick Room|[of] p1b: Farigiraf\n|\n|-weather|Sandstorm|[upkeep]\n|-damage|p1a: Torkoal|65/100|[from] Sandstorm\n|-damage|p1b: Farigiraf|48/100|[from] Sandstorm\n|-damage|p2b: Incineroar|57/100|[from] Sandstorm\n|-damage|p2a: Sinistcha|88/100|[from] Sandstorm\n|-heal|p1b: Farigiraf|54/100|[from] item: Leftovers\n|upkeep\n|turn|8\n|inactive|CookHurlin has 30 seconds left.\n|inactive|CookHurlin has 20 seconds left.\n|inactive|CookHurlin has 15 seconds left.\n|\n|t:|1776147144\n|switch|p2a: Tyranitar|Tyranitar-Mega, L50, M|100/100\n|move|p2b: Incineroar|Fake Out||[still]\n|cant|p1b: Farigiraf|ability: Armor Tail|Fake Out|[of] p2b: Incineroar\n|move|p1a: Torkoal|Earth Power|p2b: Incineroar\n|-supereffective|p2b: Incineroar|1\n|-damage|p2b: Incineroar|10/100\n|move|p1b: Farigiraf|Psychic|p2a: Tyranitar\n|-immune|p2a: Tyranitar\n|\n|-weather|Sandstorm|[upkeep]\n|-damage|p1a: Torkoal|59/100|[from] Sandstorm\n|-damage|p1b: Farigiraf|48/100|[from] Sandstorm\n|-damage|p2b: Incineroar|4/100|[from] Sandstorm\n|-heal|p1b: Farigiraf|54/100|[from] item: Leftovers\n|upkeep\n|turn|9\n|inactive|Kwiper has 30 seconds left.\n|inactive|CookHurlin has 30 seconds left.\n|inactive|CookHurlin has 20 seconds left.\n|inactive|CookHurlin has 15 seconds left.\n|\n|t:|1776147188\n|move|p1a: Torkoal|Eruption|p2a: Tyranitar|[spread] p2a,p2b\n|-resisted|p2a: Tyranitar|1\n|-resisted|p2b: Incineroar|1\n|-damage|p2a: Tyranitar|91/100\n|-damage|p2b: Incineroar|0 fnt\n|faint|p2b: Incineroar\n|move|p1b: Farigiraf|Psychic|p2a: Tyranitar\n|-immune|p2a: Tyranitar\n|move|p2a: Tyranitar|Rock Slide|p1a: Torkoal|[spread] p1b\n|-miss|p2a: Tyranitar|p1a: Torkoal\n|-damage|p1b: Farigiraf|24/100\n|\n|-weather|Sandstorm|[upkeep]\n|-damage|p1a: Torkoal|53/100|[from] Sandstorm\n|-damage|p1b: Farigiraf|18/100|[from] Sandstorm\n|-heal|p1b: Farigiraf|24/100|[from] item: Leftovers\n|upkeep\n|inactive|CookHurlin has 30 seconds left this turn.\n|inactive|CookHurlin has 20 seconds left.\n|inactive|CookHurlin has 15 seconds left.\n|\n|t:|1776147205\n|switch|p2b: Sinistcha|Sinistcha, L50|88/100\n|-heal|p2a: Tyranitar|100/100|[from] ability: Hospitality|[of] p2b: Sinistcha\n|turn|10\n|inactive|CookHurlin has 15 seconds left this turn.\n|inactive|CookHurlin has 10 seconds left.\n|\n|t:|1776147215\n|move|p2b: Sinistcha|Rage Powder|p2b: Sinistcha\n|-singleturn|p2b: Sinistcha|move: Rage Powder\n|move|p1a: Torkoal|Eruption|p2a: Tyranitar|[spread] p2a,p2b\n|-resisted|p2a: Tyranitar|1\n|-supereffective|p2b: Sinistcha|1\n|-damage|p2a: Tyranitar|92/100\n|-damage|p2b: Sinistcha|34/100\n|move|p1b: Farigiraf|Psychic|p2b: Sinistcha\n|-damage|p2b: Sinistcha|10/100\n|move|p2a: Tyranitar|Rock Slide|p1a: Torkoal|[spread] p1a,p1b\n|-supereffective|p1a: Torkoal|1\n|-damage|p1a: Torkoal|0 fnt\n|-damage|p1b: Farigiraf|0 fnt\n|faint|p1a: Torkoal\n|faint|p1b: Farigiraf\n|\n|-weather|none\n|upkeep\n|\n|t:|1776147217\n|switch|p1b: Charizard|Charizard-Mega-Y, L50, M|94/100\n|-weather|SunnyDay|[from] ability: Drought|[of] p1b: Charizard\n|turn|11\n|inactive|CookHurlin has 10 seconds left this turn.\n|inactive|CookHurlin has 5 seconds left.\n|\n|t:|1776147225\n|move|p1b: Charizard|Protect|p1b: Charizard\n|-singleturn|p1b: Charizard|Protect\n|move|p2b: Sinistcha|Rage Powder|p2b: Sinistcha\n|-singleturn|p2b: Sinistcha|move: Rage Powder\n|move|p2a: Tyranitar|Rock Slide|p1b: Charizard\n|-activate|p1b: Charizard|move: Protect\n|\n|-weather|SunnyDay|[upkeep]\n|-fieldend|move: Trick Room\n|upkeep\n|turn|12\n|inactive|CookHurlin has 5 seconds left this turn.\n|\n|t:|1776147229\n|move|p1b: Charizard|Heat Wave|p2a: Tyranitar|[spread] p2a,p2b\n|-resisted|p2a: Tyranitar|1\n|-supereffective|p2b: Sinistcha|1\n|-damage|p2a: Tyranitar|67/100\n|-damage|p2b: Sinistcha|0 fnt\n|faint|p2b: Sinistcha\n|move|p2a: Tyranitar|Rock Slide|p1b: Charizard\n|-supereffective|p1b: Charizard|2\n|-damage|p1b: Charizard|0 fnt\n|faint|p1b: Charizard\n|\n|win|CookHurlin\n|raw|Kwiper's rating: 1189 &rarr; <strong>1169</strong><br />(-20 for losing)\n|raw|CookHurlin's rating: 1262 &rarr; <strong>1282</strong><br />(+20 for winning)\n",
  "uploadtime": 1776147229,
  "views": 18,
  "formatid": "gen9championsvgc2026regma",
  "rating": 1169,
  "private": 0,
  "password": null
}