{
  "id": "gen9championsvgc2026regma-2582556909",
  "format": "[Gen 9 Champions] VGC 2026 Reg M-A",
  "players": [
    "mightyskyattack",
    "JoeCool12"
  ],
  "log": "|j|\u2606mightyskyattack\n|j|\u2606JoeCool12\n|t:|1776099191\n|gametype|doubles\n|player|p1|mightyskyattack|winona|1050\n|player|p2|JoeCool12|101|1084\n|gen|9\n|tier|[Gen 9 Champions] VGC 2026 Reg M-A\n|rated|\n|rule|Species Clause: Limit one of each Pok\u00e9mon\n|rule|Item Clause: Limit 1 of each item\n|clearpoke\n|poke|p1|Altaria, L50, M|\n|poke|p1|Blastoise, L50, F|\n|poke|p1|Incineroar, L50, M|\n|poke|p1|Dragonite, L50, M|\n|poke|p1|Kingambit, L50, F|\n|poke|p1|Slowbro-Galar, L50, M|\n|poke|p2|Charizard, L50, M|\n|poke|p2|Venusaur, L50, M|\n|poke|p2|Garchomp, L50, M|\n|poke|p2|Sylveon, L50, F|\n|poke|p2|Incineroar, L50, M|\n|poke|p2|Farigiraf, L50, M|\n|teampreview|4\nmightyskyattack rejected open team sheets.\n|\n|t:|1776099223\n|teamsize|p1|4\n|teamsize|p2|4\n|start\n|switch|p1a: Altaria|Altaria, L50, M|100/100\n|switch|p1b: Slowbro|Slowbro-Galar, L50, M|100/100\n|switch|p2a: Sylveon|Sylveon, L50, F|100/100\n|switch|p2b: Charizard|Charizard, L50, M|100/100\n|-ability|p1a: Altaria|Cloud Nine\n|turn|1\n|-activate|p1b: Slowbro|ability: Quick Draw\n|\n|t:|1776099262\n|detailschange|p2b: Charizard|Charizard-Mega-Y, L50, M\n|-mega|p2b: Charizard|Charizard|Charizardite Y\n|-weather|SunnyDay|[from] ability: Drought|[of] p2b: Charizard\n|move|p1a: Altaria|Helping Hand|p1b: Slowbro\n|-singleturn|p1b: Slowbro|Helping Hand|[of] p1a: Altaria\n|move|p1b: Slowbro|Liquidation|p2b: Charizard\n|-supereffective|p2b: Charizard|1\n|-damage|p2b: Charizard|0 fnt\n|faint|p2b: Charizard\n|move|p2a: Sylveon|Hyper Voice|p1a: Altaria|[spread] p1a,p1b\n|-supereffective|p1a: Altaria|1\n|-resisted|p1b: Slowbro|1\n|-damage|p1a: Altaria|14/100\n|-damage|p1b: Slowbro|79/100\n|\n|-weather|SunnyDay|[upkeep]\n|upkeep\n|\n|t:|1776099283\n|switch|p2b: Garchomp|Garchomp, L50, M|100/100\n|turn|2\n|\n|t:|1776099312\n|move|p1a: Altaria|Helping Hand|p1b: Slowbro\n|-singleturn|p1b: Slowbro|Helping Hand|[of] p1a: Altaria\n|move|p2a: Sylveon|Protect|p2a: Sylveon\n|-singleturn|p2a: Sylveon|Protect\n|move|p2b: Garchomp|Rock Slide|p1a: Altaria|[spread] p1a,p1b\n|-supereffective|p1a: Altaria|1\n|-crit|p1a: Altaria\n|-damage|p1a: Altaria|0 fnt\n|-damage|p1b: Slowbro|59/100\n|faint|p1a: Altaria\n|move|p1b: Slowbro|Shell Side Arm|p2a: Sylveon|[anim] Shell Side Arm Physical\n|-activate|p2a: Sylveon|move: Protect\n|\n|-weather|SunnyDay|[upkeep]\n|upkeep\n|\n|t:|1776099317\n|switch|p1a: Incineroar|Incineroar, L50, M|100/100\n|-ability|p1a: Incineroar|Intimidate|boost\n|-unboost|p2a: Sylveon|atk|1\n|-unboost|p2b: Garchomp|atk|1\n|turn|3\n|\n|t:|1776099345\n|switch|p2a: Farigiraf|Farigiraf, L50, M|100/100\n|move|p1a: Incineroar|Fake Out||[still]\n|cant|p2a: Farigiraf|ability: Armor Tail|Fake Out|[of] p1a: Incineroar\n|move|p2b: Garchomp|Earthquake|p1b: Slowbro|[spread] p2a,p1a,p1b\n|-supereffective|p1a: Incineroar|1\n|-supereffective|p1b: Slowbro|1\n|-damage|p2a: Farigiraf|79/100\n|-damage|p1a: Incineroar|40/100\n|-damage|p1b: Slowbro|5/100\n|move|p1b: Slowbro|Ice Punch|p2b: Garchomp\n|-supereffective|p2b: Garchomp|2\n|-enditem|p2b: Garchomp|Yache Berry|[eat]\n|-enditem|p2b: Garchomp|Yache Berry|[weaken]\n|-damage|p2b: Garchomp|56/100\n|-damage|p1b: Slowbro|0 fnt|[from] ability: Rough Skin|[of] p2b: Garchomp\n|faint|p1b: Slowbro\n|\n|-weather|SunnyDay|[upkeep]\n|upkeep\n|\n|t:|1776099350\n|switch|p1b: Blastoise|Blastoise, L50, F|100/100\n|turn|4\n|\n|t:|1776099375\n|switch|p2b: Sylveon|Sylveon, L50, F|100/100\n|detailschange|p1b: Blastoise|Blastoise-Mega, L50, F\n|-mega|p1b: Blastoise|Blastoise|Blastoisinite\n|move|p1b: Blastoise|Shell Smash|p1b: Blastoise\n|-unboost|p1b: Blastoise|def|1\n|-unboost|p1b: Blastoise|spd|1\n|-boost|p1b: Blastoise|atk|2\n|-boost|p1b: Blastoise|spa|2\n|-boost|p1b: Blastoise|spe|2\n|move|p1a: Incineroar|Darkest Lariat|p2a: Farigiraf\n|-supereffective|p2a: Farigiraf|1\n|-damage|p2a: Farigiraf|4/100\n|-enditem|p2a: Farigiraf|Sitrus Berry|[eat]\n|-heal|p2a: Farigiraf|29/100|[from] item: Sitrus Berry\n|move|p2a: Farigiraf|Hyper Voice|p1b: Blastoise|[spread] p1a,p1b\n|-damage|p1a: Incineroar|15/100\n|-damage|p1b: Blastoise|69/100\n|\n|-weather|SunnyDay|[upkeep]\n|upkeep\n|turn|5\n|\n|t:|1776099402\n|move|p2b: Sylveon|Quick Attack|p1b: Blastoise\n|-crit|p1b: Blastoise\n|-damage|p1b: Blastoise|49/100\n|move|p1b: Blastoise|Muddy Water|p2b: Sylveon|[spread] p2a\n|-miss|p1b: Blastoise|p2b: Sylveon\n|-damage|p2a: Farigiraf|0 fnt\n|faint|p2a: Farigiraf\n|move|p1a: Incineroar|Flare Blitz|p2b: Sylveon\n|-damage|p2b: Sylveon|0 fnt\n|faint|p2b: Sylveon\n|-damage|p1a: Incineroar|0 fnt|[from] Recoil\n|faint|p1a: Incineroar\n|\n|-weather|none\n|upkeep\n|\n|t:|1776099408\n|switch|p2b: Garchomp|Garchomp, L50, M|56/100\n|turn|6\n|\n|t:|1776099422\n|move|p1b: Blastoise|Blizzard|p2b: Garchomp\n|-supereffective|p2b: Garchomp|2\n|-damage|p2b: Garchomp|0 fnt\n|faint|p2b: Garchomp\n|\n|win|mightyskyattack\n|raw|mightyskyattack's rating: 1050 &rarr; <strong>1086</strong><br />(+36 for winning)\n|raw|JoeCool12's rating: 1084 &rarr; <strong>1059</strong><br />(-25 for losing)\n",
  "uploadtime": 1776099423,
  "views": 8,
  "formatid": "gen9championsvgc2026regma",
  "rating": 1059,
  "private": 0,
  "password": null
}