{
  "id": "gen9championsvgc2026regma-2584143937",
  "format": "[Gen 9 Champions] VGC 2026 Reg M-A",
  "players": [
    "potaajyu_jv",
    "Skadoty"
  ],
  "log": "|j|\u2606potaajyu_jv\n|j|\u2606Skadoty\n|t:|1776230234\n|gametype|doubles\n|player|p1|potaajyu_jv|cheryl|1165\n|player|p2|Skadoty|2|1080\n|gen|9\n|tier|[Gen 9 Champions] VGC 2026 Reg M-A\n|rated|\n|rule|Species Clause: Limit one of each Pok\u00e9mon\n|rule|Item Clause: Limit 1 of each item\n|clearpoke\n|poke|p1|Primarina, L50, M|\n|poke|p1|Drampa, L50, F|\n|poke|p1|Sneasler, L50, F|\n|poke|p1|Sinistcha, L50|\n|poke|p1|Farigiraf, L50, M|\n|poke|p1|Crabominable, L50, F|\n|poke|p2|Tyranitar, L50, M|\n|poke|p2|Farigiraf, L50, F|\n|poke|p2|Torkoal, L50, M|\n|poke|p2|Crabominable, L50, M|\n|poke|p2|Kingambit, L50, M|\n|poke|p2|Dragonite, L50, F|\n|teampreview|4\n|inactive|Battle timer is ON: inactive players will automatically lose when time's up. (requested by Skadoty)\n|\n|t:|1776230256\n|teamsize|p1|4\n|teamsize|p2|4\n|start\n|switch|p1a: \u30a2\u30b7\u30ec\u30fc\u30cc|Primarina, L50, M|100/100\n|switch|p1b: \u30ea\u30ad\u30ad\u30ea\u30f3|Farigiraf, L50, M|100/100\n|switch|p2a: Farigiraf|Farigiraf, L50, F|100/100\n|switch|p2b: Dragonite|Dragonite, L50, F|100/100\n|turn|1\n|\n|t:|1776230274\n|switch|p2b: Kingambit|Kingambit, L50, M|100/100\n|move|p1b: \u30ea\u30ad\u30ad\u30ea\u30f3|Helping Hand|p1a: \u30a2\u30b7\u30ec\u30fc\u30cc\n|-singleturn|p1a: \u30a2\u30b7\u30ec\u30fc\u30cc|Helping Hand|[of] p1b: \u30ea\u30ad\u30ad\u30ea\u30f3\n|move|p1a: \u30a2\u30b7\u30ec\u30fc\u30cc|Moonblast|p2b: Kingambit\n|-damage|p2b: Kingambit|31/100\n|move|p2a: Farigiraf|Trick Room|p2a: Farigiraf\n|-fieldstart|move: Trick Room|[of] p2a: Farigiraf\n|\n|upkeep\n|turn|2\n|inactive|Skadoty has 30 seconds left.\n|\n|t:|1776230299\n|move|p2a: Farigiraf|Helping Hand|p2b: Kingambit\n|-singleturn|p2b: Kingambit|Helping Hand|[of] p2a: Farigiraf\n|move|p1b: \u30ea\u30ad\u30ad\u30ea\u30f3|Ally Switch|p1b: \u30ea\u30ad\u30ad\u30ea\u30f3\n|swap|p1b: \u30ea\u30ad\u30ad\u30ea\u30f3|0|[from] move: Ally Switch\n|move|p2b: Kingambit|Kowtow Cleave|p1a: \u30ea\u30ad\u30ad\u30ea\u30f3\n|-supereffective|p1a: \u30ea\u30ad\u30ad\u30ea\u30f3|1\n|-damage|p1a: \u30ea\u30ad\u30ad\u30ea\u30f3|0 fnt\n|faint|p1a: \u30ea\u30ad\u30ad\u30ea\u30f3\n|move|p1b: \u30a2\u30b7\u30ec\u30fc\u30cc|Hyper Voice|p2a: Farigiraf|[spread] p2a,p2b\n|-damage|p2a: Farigiraf|65/100\n|-damage|p2b: Kingambit|0 fnt\n|faint|p2b: Kingambit\n|\n|upkeep\n|\n|t:|1776230320\n|switch|p2b: Torkoal|Torkoal, L50, M|100/100\n|switch|p1a: \u30b8\u30b8\u30fc\u30ed\u30f3|Drampa, L50, F|100/100\n|-weather|SunnyDay|[from] ability: Drought|[of] p2b: Torkoal\n|-ability|p1a: \u30b8\u30b8\u30fc\u30ed\u30f3|Cloud Nine\n|turn|3\n|\n|t:|1776230334\n|switch|p2b: Dragonite|Dragonite, L50, F|100/100\n|move|p1a: \u30b8\u30b8\u30fc\u30ed\u30f3|Hyper Voice|p2b: Dragonite|[spread] p2a,p2b\n|-crit|p2b: Dragonite\n|-damage|p2a: Farigiraf|37/100\n|-damage|p2b: Dragonite|60/100\n|move|p2a: Farigiraf|Dazzling Gleam|p1a: \u30b8\u30b8\u30fc\u30ed\u30f3|[spread] p1a,p1b\n|-supereffective|p1a: \u30b8\u30b8\u30fc\u30ed\u30f3|1\n|-damage|p1a: \u30b8\u30b8\u30fc\u30ed\u30f3|77/100\n|-damage|p1b: \u30a2\u30b7\u30ec\u30fc\u30cc|86/100\n|move|p1b: \u30a2\u30b7\u30ec\u30fc\u30cc|Hyper Voice|p2b: Dragonite|[spread] p2a,p2b\n|-resisted|p2b: Dragonite|1\n|-damage|p2a: Farigiraf|4/100\n|-damage|p2b: Dragonite|43/100\n|\n|-weather|SunnyDay|[upkeep]\n|upkeep\n|turn|4\n|inactive|potaajyu_jv has 30 seconds left.\n|inactive|Skadoty has 30 seconds left.\n|\n|t:|1776230364\n|move|p2a: Farigiraf|Helping Hand|p2b: Dragonite\n|-singleturn|p2b: Dragonite|Helping Hand|[of] p2a: Farigiraf\n|move|p2b: Dragonite|Extreme Speed|p1a: \u30b8\u30b8\u30fc\u30ed\u30f3\n|-damage|p1a: \u30b8\u30b8\u30fc\u30ed\u30f3|26/100\n|move|p1a: \u30b8\u30b8\u30fc\u30ed\u30f3|Hyper Voice|p2b: Dragonite|[spread] p2a,p2b\n|-damage|p2a: Farigiraf|0 fnt\n|-damage|p2b: Dragonite|15/100\n|faint|p2a: Farigiraf\n|move|p1b: \u30a2\u30b7\u30ec\u30fc\u30cc|Moonblast|p2b: Dragonite\n|-supereffective|p2b: Dragonite|1\n|-damage|p2b: Dragonite|0 fnt\n|faint|p2b: Dragonite\n|\n|-weather|SunnyDay|[upkeep]\n|upkeep\n|\n|t:|1776230379\n|switch|p2b: Torkoal|Torkoal, L50, M|100/100\n|turn|5\n|\n|t:|1776230386\n|move|p1a: \u30b8\u30b8\u30fc\u30ed\u30f3|Protect|p1a: \u30b8\u30b8\u30fc\u30ed\u30f3\n|-singleturn|p1a: \u30b8\u30b8\u30fc\u30ed\u30f3|Protect\n|move|p2b: Torkoal|Eruption|p1a: \u30b8\u30b8\u30fc\u30ed\u30f3|[spread] p1b\n|-activate|p1a: \u30b8\u30b8\u30fc\u30ed\u30f3|move: Protect\n|-resisted|p1b: \u30a2\u30b7\u30ec\u30fc\u30cc|1\n|-damage|p1b: \u30a2\u30b7\u30ec\u30fc\u30cc|55/100\n|move|p1b: \u30a2\u30b7\u30ec\u30fc\u30cc|Hyper Voice|p2b: Torkoal\n|-supereffective|p2b: Torkoal|1\n|-damage|p2b: Torkoal|0 fnt\n|faint|p2b: Torkoal\n|\n|win|potaajyu_jv\n|raw|potaajyu_jv's rating: 1165 &rarr; <strong>1184</strong><br />(+19 for winning)\n|raw|Skadoty's rating: 1080 &rarr; <strong>1063</strong><br />(-17 for losing)\n|l|\u2606Skadoty\n|player|p2|\n|c|\u2606potaajyu_jv|gg\n",
  "uploadtime": 1776230509,
  "views": 19,
  "formatid": "gen9championsvgc2026regma",
  "rating": 1063,
  "private": 0,
  "password": null
}