{
  "id": "gen9championsvgc2026regma-2584935704",
  "format": "[Gen 9 Champions] VGC 2026 Reg M-A",
  "players": [
    "hydromonk",
    "Kalaphant"
  ],
  "log": "|j|\u2606hydromonk\n|j|\u2606Kalaphant\n|t:|1776296045\n|gametype|doubles\n|player|p1|hydromonk|colress|1113\n|player|p2|Kalaphant|1|1211\n|gen|9\n|tier|[Gen 9 Champions] VGC 2026 Reg M-A\n|rated|\n|rule|Species Clause: Limit one of each Pok\u00e9mon\n|rule|Item Clause: Limit 1 of each item\n|clearpoke\n|poke|p1|Meganium, L50, M|\n|poke|p1|Archaludon, L50, F|\n|poke|p1|Pelipper, L50, M|\n|poke|p1|Basculegion, L50, M|\n|poke|p1|Sneasler, L50, F|\n|poke|p1|Sinistcha, L50|\n|poke|p2|Gengar, L50, M|\n|poke|p2|Politoed, L50, F|\n|poke|p2|Sinistcha, L50|\n|poke|p2|Incineroar, L50, M|\n|poke|p2|Charizard, L50, F|\n|poke|p2|Sneasler, L50, M|\n|teampreview|4\n|inactive|Battle timer is ON: inactive players will automatically lose when time's up. (requested by Kalaphant)\n|c|\u2606Kalaphant|glhf\nKalaphant has agreed to open team sheets.\n|c|\u2606hydromonk|glhf\nhydromonk has agreed to open team sheets.\n|showteam|p1|Meganium||Meganiumite|Overgrow|SolarBeam,WeatherBall,DazzlingGleam,Synthesis|||M|||50|]Archaludon||SitrusBerry|Stamina|Snarl,ElectroShot,DracoMeteor,Protect|||F|||50|]Pelipper||FocusSash|Drizzle|Tailwind,Hurricane,WeatherBall,Protect|||M|||50|]Basculegion||ChoiceScarf|Adaptability|FlipTurn,LastRespects,WaveCrash,PsychicFangs|||M|||50|]Sneasler||PoisonBarb|PoisonTouch|DireClaw,CloseCombat,Protect,FakeOut|||F|||50|]Sinistcha||Leftovers|Hospitality|MatchaGotcha,Hex,Protect,TrickRoom||||||50|\n|showteam|p2|Gengar||Gengarite|CursedBody|Protect,PerishSong,WillOWisp,ShadowBall|||M|||50|]Politoed||SitrusBerry|Drizzle|PerishSong,Protect,WeatherBall,Encore|||F|||50|]Sinistcha||Leftovers|Hospitality|MatchaGotcha,RagePowder,LifeDew,StrengthSap||||||50|]Incineroar||ChopleBerry|Intimidate|FakeOut,PartingShot,FlareBlitz,ThroatChop|||M|||50|]Charizard||CharizarditeY|SolarPower|WeatherBall,AirSlash,SolarBeam,HeatWave|||F|||50|]Sneasler||WhiteHerb|Unburden|CloseCombat,DireClaw,FakeOut,Protect|||M|||50|\n|inactive|hydromonk has 60 seconds left.\n|inactive|Kalaphant has 60 seconds left.\n|\n|t:|1776296097\n|teamsize|p1|4\n|teamsize|p2|4\n|start\n|switch|p1a: Pelipper|Pelipper, L50, M|100/100\n|switch|p1b: Basculegion|Basculegion, L50, M|100/100\n|switch|p2a: Gengar|Gengar, L50, M|100/100\n|switch|p2b: Incineroar|Incineroar, L50, M|100/100\n|-weather|RainDance|[from] ability: Drizzle|[of] p1a: Pelipper\n|-ability|p2b: Incineroar|Intimidate|boost\n|-unboost|p1a: Pelipper|atk|1\n|-unboost|p1b: Basculegion|atk|1\n|turn|1\n|inactive|hydromonk has 30 seconds left.\n|inactive|Kalaphant has 30 seconds left.\n|inactive|Kalaphant has 20 seconds left.\n|inactive|Kalaphant has 15 seconds left.\n|\n|t:|1776296140\n|detailschange|p2a: Gengar|Gengar-Mega, L50, M\n|-mega|p2a: Gengar|Gengar|Gengarite\n|move|p1a: Pelipper|Protect|p1a: Pelipper\n|-singleturn|p1a: Pelipper|Protect\n|move|p1b: Basculegion|Last Respects|p2a: Gengar\n|-supereffective|p2a: Gengar|1\n|-damage|p2a: Gengar|48/100\n|move|p2a: Gengar|Perish Song|p2a: Gengar\n|-start|p1a: Pelipper|perish3|[silent]\n|-start|p1b: Basculegion|perish3|[silent]\n|-start|p2a: Gengar|perish3|[silent]\n|-start|p2b: Incineroar|perish3|[silent]\n|-fieldactivate|move: Perish Song\n|move|p2b: Incineroar|Parting Shot|p1b: Basculegion\n|-unboost|p1b: Basculegion|atk|1\n|-unboost|p1b: Basculegion|spa|1\n|\n|t:|1776296152\n|switch|p2b: Sinistcha|Sinistcha, L50|100/100|[from] Parting Shot\n|-heal|p2a: Gengar|72/100|[from] ability: Hospitality|[of] p2b: Sinistcha\n|\n|-weather|RainDance|[upkeep]\n|-start|p1b: Basculegion|perish3\n|-start|p2a: Gengar|perish3\n|-start|p1a: Pelipper|perish3\n|upkeep\n|turn|2\n|inactive|hydromonk has 30 seconds left.\n|\n|t:|1776296179\n|move|p2a: Gengar|Protect|p2a: Gengar\n|-singleturn|p2a: Gengar|Protect\n|move|p1b: Basculegion|Last Respects|p2a: Gengar\n|-activate|p2a: Gengar|move: Protect\n|move|p1a: Pelipper|Weather Ball|p2a: Gengar\n|-activate|p2a: Gengar|move: Protect\n|move|p2b: Sinistcha|Strength Sap|p1b: Basculegion\n|-unboost|p1b: Basculegion|atk|1\n|\n|-weather|RainDance|[upkeep]\n|-start|p1b: Basculegion|perish2\n|-start|p2a: Gengar|perish2\n|-start|p1a: Pelipper|perish2\n|upkeep\n|turn|3\n|inactive|Kalaphant has 30 seconds left.\n|\n|t:|1776296206\n|switch|p2a: Incineroar|Incineroar, L50, M|100/100\n|-ability|p2a: Incineroar|Intimidate|boost\n|-unboost|p1a: Pelipper|atk|1\n|-unboost|p1b: Basculegion|atk|1\n|move|p1b: Basculegion|Last Respects|p2a: Incineroar\n|-resisted|p2a: Incineroar|1\n|-damage|p2a: Incineroar|96/100\n|move|p1a: Pelipper|Weather Ball|p2a: Incineroar\n|-supereffective|p2a: Incineroar|1\n|-damage|p2a: Incineroar|0 fnt\n|faint|p2a: Incineroar\n|move|p2b: Sinistcha|Matcha Gotcha|p1a: Pelipper|[spread] p1a,p1b\n|-supereffective|p1b: Basculegion|1\n|-damage|p1a: Pelipper|54/100\n|-damage|p1b: Basculegion|45/100\n|-status|p1b: Basculegion|brn\n|\n|-weather|RainDance|[upkeep]\n|-damage|p1b: Basculegion|39/100 brn|[from] brn\n|-start|p1b: Basculegion|perish1\n|-start|p1a: Pelipper|perish1\n|upkeep\n|\n|t:|1776296225\n|switch|p2a: Gengar|Gengar-Mega, L50, M|72/100\n|turn|4\n|\n|t:|1776296238\n|move|p2b: Sinistcha|Rage Powder|p2b: Sinistcha\n|-singleturn|p2b: Sinistcha|move: Rage Powder\n|move|p1b: Basculegion|Last Respects|p2b: Sinistcha\n|-supereffective|p2b: Sinistcha|1\n|-damage|p2b: Sinistcha|92/100\n|move|p2a: Gengar|Perish Song|p2a: Gengar\n|-start|p2a: Gengar|perish3|[silent]\n|-start|p2b: Sinistcha|perish3|[silent]\n|-fieldactivate|move: Perish Song\n|move|p1a: Pelipper|Tailwind|p1a: Pelipper\n|-sidestart|p1: hydromonk|move: Tailwind\n|\n|-weather|RainDance|[upkeep]\n|-heal|p2b: Sinistcha|98/100|[from] item: Leftovers\n|-damage|p1b: Basculegion|33/100 brn|[from] brn\n|-start|p1b: Basculegion|perish0\n|-start|p1a: Pelipper|perish0\n|-start|p2a: Gengar|perish3\n|faint|p1b: Basculegion\n|faint|p1a: Pelipper\n|-start|p2b: Sinistcha|perish3\n|upkeep\n|\n|t:|1776296254\n|switch|p1b: Archaludon|Archaludon, L50, F|100/100\n|switch|p1a: Meganium|Meganium, L50, M|100/100\n|turn|5\n|inactive|hydromonk has 30 seconds left.\n|inactive|hydromonk has 20 seconds left.\n|inactive|hydromonk has 15 seconds left.\n|\n|t:|1776296297\n|detailschange|p1a: Meganium|Meganium-Mega, L50, M\n|-mega|p1a: Meganium|Meganium|Meganiumite\n|move|p1a: Meganium|Weather Ball|p2b: Sinistcha\n|-supereffective|p2b: Sinistcha|1\n|-damage|p2b: Sinistcha|0 fnt\n|faint|p2b: Sinistcha\n|move|p1b: Archaludon|Snarl|p2a: Gengar\n|-supereffective|p2a: Gengar|1\n|-damage|p2a: Gengar|36/100\n|-unboost|p2a: Gengar|spa|1\n|move|p2a: Gengar|Perish Song|p2a: Gengar\n|-start|p1a: Meganium|perish3|[silent]\n|-start|p1b: Archaludon|perish3|[silent]\n|-fieldactivate|move: Perish Song\n|\n|-weather|none\n|-start|p1a: Meganium|perish3\n|-start|p1b: Archaludon|perish3\n|-start|p2a: Gengar|perish2\n|upkeep\n|inactive|Kalaphant has 30 seconds left.\n|\n|t:|1776296326\n|switch|p2b: Politoed|Politoed, L50, F|100/100\n|-weather|RainDance|[from] ability: Drizzle|[of] p2b: Politoed\n|turn|6\n|inactive|Kalaphant has 30 seconds left.\n|inactive|Kalaphant has 20 seconds left.\n|\n|t:|1776296361\n|move|p2a: Gengar|Protect|p2a: Gengar\n|-singleturn|p2a: Gengar|Protect\n|move|p2b: Politoed|Protect|p2b: Politoed\n|-singleturn|p2b: Politoed|Protect\n|move|p1a: Meganium|Solar Beam||[still]\n|-prepare|p1a: Meganium|Solar Beam\n|-activate|p1a: Meganium|ability: Mega Sol\n|-anim|p1a: Meganium|Solar Beam|p2b: Politoed\n|-activate|p2b: Politoed|move: Protect\n|move|p1b: Archaludon|Electro Shot||[still]\n|-prepare|p1b: Archaludon|Electro Shot\n|-boost|p1b: Archaludon|spa|1\n|-anim|p1b: Archaludon|Electro Shot|p2a: Gengar\n|-activate|p2a: Gengar|move: Protect\n|\n|-weather|RainDance|[upkeep]\n|-start|p1a: Meganium|perish2\n|-start|p1b: Archaludon|perish2\n|-start|p2a: Gengar|perish1\n|upkeep\n|turn|7\n|inactive|Kalaphant has 30 seconds left.\n|\n|t:|1776296388\n|move|p1a: Meganium|Solar Beam||[still]\n|-prepare|p1a: Meganium|Solar Beam\n|-activate|p1a: Meganium|ability: Mega Sol\n|-anim|p1a: Meganium|Solar Beam|p2b: Politoed\n|-supereffective|p2b: Politoed|1\n|-damage|p2b: Politoed|0 fnt\n|faint|p2b: Politoed\n|move|p1b: Archaludon|Electro Shot||[still]\n|-prepare|p1b: Archaludon|Electro Shot\n|-boost|p1b: Archaludon|spa|1\n|-anim|p1b: Archaludon|Electro Shot|p2a: Gengar\n|-damage|p2a: Gengar|0 fnt\n|faint|p2a: Gengar\n|\n|win|hydromonk\n|raw|hydromonk's rating: 1113 &rarr; <strong>1145</strong><br />(+32 for winning)\n|raw|Kalaphant's rating: 1211 &rarr; <strong>1179</strong><br />(-32 for losing)\n",
  "uploadtime": 1776296389,
  "views": 18,
  "formatid": "gen9championsvgc2026regma",
  "rating": 1145,
  "private": 0,
  "password": null
}