{
  "id": "gen9championsvgc2026regma-2586079479",
  "format": "[Gen 9 Champions] VGC 2026 Reg M-A",
  "players": [
    "pigronauta",
    "Alcamaster10"
  ],
  "log": "|j|\u2606pigronauta\n|j|\u2606Alcamaster10\n|html|<table width=\"100%\"><tr><td align=\"left\">pigronauta</td><td align=\"right\">Alcamaster10</tr><tr><td align=\"left\"><i class=\"fa fa-circle\"></i> <i class=\"fa fa-circle-o\"></i> </td><td align=\"right\"><i class=\"fa fa-circle-o\"></i> <i class=\"fa fa-circle-o\"></i> </tr></table>\n|uhtml|bestof|<h2><strong>Game 2</strong> of <a href=\"/game-bestof3-gen9championsvgc2026regma-2586077451\">a best-of-3</a></h2>\n|t:|1776396755\n|gametype|doubles\n|player|p1|pigronauta|169|\n|player|p2|Alcamaster10|marlon|\n|gen|9\n|tier|[Gen 9 Champions] VGC 2026 Reg M-A\n|rule|Species Clause: Limit one of each Pok\u00e9mon\n|rule|Item Clause: Limit 1 of each item\n|raw|<div class=\"infobox\"><details class=\"readmore\" open><summary><strong>1 custom rule:</strong></summary> Best of = 3</details></div>\n|clearpoke\n|poke|p1|Meganium, L50, M|\n|poke|p1|Tyranitar, L50, F|\n|poke|p1|Gyarados, L50, F|\n|poke|p1|Excadrill, L50, M|\n|poke|p1|Corviknight, L50, M|\n|poke|p1|Rotom-Heat, L50|\n|poke|p2|Excadrill, L50, F|\n|poke|p2|Aerodactyl, L50, M|\n|poke|p2|Palafin, L50, M|\n|poke|p2|Arcanine, L50, F|\n|poke|p2|Jolteon, L50, M|\n|poke|p2|Dragonite, L50, M|\n|teampreview|4\npigronauta has agreed to open team sheets.\nAlcamaster10 has agreed to open team sheets.\n|showteam|p1|Meganium||Meganiumite|Overgrow|SolarBeam,DazzlingGleam,WeatherBall,Protect|||M|||50|]Tyranitar||Tyranitarite|SandStream|RockSlide,KnockOff,IcePunch,Protect|||F|||50|]Gyarados||SitrusBerry|Intimidate|Waterfall,ThunderWave,Taunt,Protect|||F|||50|]Excadrill||FocusSash|SandRush|HighHorsepower,IronHead,Earthquake,Protect|||M|||50|]Corviknight||Leftovers|MirrorArmor|DualWingbeat,IronHead,Tailwind,Roost|||M|||50|]Rotom-Heat||ChoiceScarf|Levitate|Thunderbolt,Overheat,Electroweb,VoltSwitch||||||50|\n|showteam|p2|Excadrill||FocusSash|SandForce|Earthquake,Protect,IronHead,RockSlide|||F|||50|]Aerodactyl||Aerodactylite|Unnerve|Earthquake,RockSlide,Tailwind,Protect|||M|||50|]Palafin||WhiteHerb|ZerotoHero|Haze,IcePunch,JetPunch,Protect|||M|||50|]Arcanine||Leftovers|Intimidate|WillOWisp,FlareBlitz,ExtremeSpeed,Protect|||F|||50|]Jolteon||ShucaBerry|VoltAbsorb|Electroweb,MetalSound,Protect,Discharge|||M|||50|]Dragonite||Dragoninite|Multiscale|Roost,DracoMeteor,IceBeam,Thunder|||M|||50|\n|\n|t:|1776396855\n|teamsize|p1|4\n|teamsize|p2|4\n|start\n|switch|p1a: Tyranitar|Tyranitar, L50, F|100/100\n|switch|p1b: Excadrill|Excadrill, L50, M|100/100\n|switch|p2a: Aerodactyl|Aerodactyl, L50, M|100/100\n|switch|p2b: Chocman|Palafin, L50, M|100/100\n|-ability|p2a: Aerodactyl|Unnerve\n|-weather|Sandstorm|[from] ability: Sand Stream|[of] p1a: Tyranitar\n|turn|1\n|\n|t:|1776396924\n|detailschange|p2a: Aerodactyl|Aerodactyl-Mega, L50, M\n|-mega|p2a: Aerodactyl|Aerodactyl|Aerodactylite\n|detailschange|p1a: Tyranitar|Tyranitar-Mega, L50, F\n|-mega|p1a: Tyranitar|Tyranitar|Tyranitarite\n|move|p2b: Chocman|Protect|p2b: Chocman\n|-singleturn|p2b: Chocman|Protect\n|move|p1b: Excadrill|Iron Head|p2b: Chocman\n|-activate|p2b: Chocman|move: Protect\n|move|p2a: Aerodactyl|Earthquake|p1b: Excadrill|[spread] p1a,p1b\n|-activate|p2b: Chocman|move: Protect\n|-supereffective|p1a: Tyranitar|1\n|-supereffective|p1b: Excadrill|1\n|-damage|p1a: Tyranitar|66/100\n|-damage|p1b: Excadrill|30/100\n|move|p1a: Tyranitar|Rock Slide|p2a: Aerodactyl|[spread] \n|-activate|p2b: Chocman|move: Protect\n|-miss|p1a: Tyranitar|p2a: Aerodactyl\n|\n|-weather|Sandstorm|[upkeep]\n|-damage|p2b: Chocman|95/100|[from] Sandstorm\n|upkeep\n|turn|2\n|\n|t:|1776396959\n|switch|p2a: Arcanine|Arcanine, L50, F|100/100\n|-ability|p2a: Arcanine|Intimidate|boost\n|-unboost|p1a: Tyranitar|atk|1\n|-unboost|p1b: Excadrill|atk|1\n|move|p1b: Excadrill|Protect|p1b: Excadrill\n|-singleturn|p1b: Excadrill|Protect\n|move|p2b: Chocman|Jet Punch|p1b: Excadrill\n|-activate|p1b: Excadrill|move: Protect\n|move|p1a: Tyranitar|Rock Slide|p2a: Arcanine|[spread] p2a\n|-miss|p1a: Tyranitar|p2b: Chocman\n|-supereffective|p2a: Arcanine|1\n|-damage|p2a: Arcanine|44/100\n|\n|-weather|Sandstorm|[upkeep]\n|-damage|p2a: Arcanine|38/100|[from] Sandstorm\n|-damage|p2b: Chocman|89/100|[from] Sandstorm\n|-heal|p2a: Arcanine|44/100|[from] item: Leftovers\n|upkeep\n|turn|3\n|\n|t:|1776396985\n|switch|p1b: Gyarados|Gyarados, L50, F|100/100\n|-ability|p1b: Gyarados|Intimidate|boost\n|-unboost|p2a: Arcanine|atk|1\n|-unboost|p2b: Chocman|atk|1\n|-enditem|p2b: Chocman|White Herb\n|-clearnegativeboost|p2b: Chocman|[silent]\n|move|p2a: Arcanine|Protect|p2a: Arcanine\n|-singleturn|p2a: Arcanine|Protect\n|move|p2b: Chocman|Jet Punch|p1b: Gyarados\n|-resisted|p1b: Gyarados|1\n|-damage|p1b: Gyarados|87/100\n|move|p1a: Tyranitar|Knock Off|p2a: Arcanine\n|-activate|p2a: Arcanine|move: Protect\n|\n|-weather|Sandstorm|[upkeep]\n|-damage|p2a: Arcanine|38/100|[from] Sandstorm\n|-damage|p2b: Chocman|83/100|[from] Sandstorm\n|-damage|p1b: Gyarados|81/100|[from] Sandstorm\n|-heal|p2a: Arcanine|44/100|[from] item: Leftovers\n|upkeep\n|turn|4\n|\n|t:|1776397040\n|detailschange|p2b: Chocman|Palafin-Hero, L50, M\n|switch|p2b: Excadrill|Excadrill, L50, F|100/100\n|move|p2a: Arcanine|Will-O-Wisp|p1b: Gyarados|[miss]\n|-miss|p2a: Arcanine|p1b: Gyarados\n|move|p1b: Gyarados|Thunder Wave|p2b: Excadrill\n|-immune|p2b: Excadrill\n|move|p1a: Tyranitar|Knock Off|p2a: Arcanine\n|-damage|p2a: Arcanine|1/100\n|-enditem|p2a: Arcanine|Leftovers|[from] move: Knock Off|[of] p1a: Tyranitar\n|\n|-weather|Sandstorm|[upkeep]\n|-damage|p2a: Arcanine|0 fnt|[from] Sandstorm\n|-damage|p1b: Gyarados|75/100|[from] Sandstorm\n|faint|p2a: Arcanine\n|upkeep\n|\n|t:|1776397054\n|switch|p2a: Aerodactyl|Aerodactyl-Mega, L50, M|100/100\n|turn|5\n|\n|t:|1776397101\n|switch|p2a: Chocman|Palafin-Hero, L50, M|83/100\n|-activate|p2a: Chocman|ability: Zero to Hero\n|move|p2b: Excadrill|Rock Slide|p1b: Gyarados|[spread] p1a,p1b\n|-supereffective|p1b: Gyarados|1\n|-damage|p1a: Tyranitar|48/100\n|-damage|p1b: Gyarados|22/100\n|-enditem|p1b: Gyarados|Sitrus Berry|[eat]\n|-heal|p1b: Gyarados|47/100|[from] item: Sitrus Berry\n|move|p1b: Gyarados|Taunt|p2a: Chocman\n|-start|p2a: Chocman|move: Taunt\n|cant|p1a: Tyranitar|flinch\n|\n|-weather|none\n|upkeep\n|turn|6\n|\n|t:|1776397135\n|move|p2b: Excadrill|Rock Slide|p1a: Tyranitar|[spread] p1a,p1b\n|-supereffective|p1b: Gyarados|1\n|-crit|p1b: Gyarados\n|-damage|p1a: Tyranitar|36/100\n|-damage|p1b: Gyarados|0 fnt\n|faint|p1b: Gyarados\n|move|p2a: Chocman|Ice Punch|p1a: Tyranitar\n|-damage|p1a: Tyranitar|15/100\n|move|p1a: Tyranitar|Knock Off|p2b: Excadrill\n|-damage|p2b: Excadrill|36/100\n|-enditem|p2b: Excadrill|Focus Sash|[from] move: Knock Off|[of] p1a: Tyranitar\n|\n|upkeep\n|\n|t:|1776397149\n|switch|p1b: Rotom|Rotom-Heat, L50|100/100\n|turn|7\n|\n|t:|1776397163\n|move|p1a: Tyranitar|Protect|p1a: Tyranitar\n|-singleturn|p1a: Tyranitar|Protect\n|move|p2a: Chocman|Jet Punch|p1b: Rotom\n|-supereffective|p1b: Rotom|1\n|-damage|p1b: Rotom|13/100\n|move|p1b: Rotom|Volt Switch|p2a: Chocman\n|-supereffective|p2a: Chocman|1\n|-damage|p2a: Chocman|25/100\n|\n|t:|1776397170\n|switch|p1b: Excadrill|Excadrill, L50, M|30/100|[from] Volt Switch\n|move|p2b: Excadrill|Iron Head|p1a: Tyranitar\n|-activate|p1a: Tyranitar|move: Protect\n|\n|-end|p2a: Chocman|move: Taunt\n|upkeep\n|turn|8\n|\n|t:|1776397189\n|switch|p1a: Rotom|Rotom-Heat, L50|13/100\n|move|p2b: Excadrill|Protect|p2b: Excadrill\n|-singleturn|p2b: Excadrill|Protect\n|move|p2a: Chocman|Jet Punch|p1b: Excadrill\n|-supereffective|p1b: Excadrill|1\n|-damage|p1b: Excadrill|0 fnt\n|faint|p1b: Excadrill\n|\n|upkeep\n|\n|t:|1776397195\n|switch|p1b: Tyranitar|Tyranitar-Mega, L50, F|15/100\n|-weather|Sandstorm|[from] ability: Sand Stream|[of] p1b: Tyranitar\n|turn|9\n|\n|t:|1776397213\n|move|p2a: Chocman|Jet Punch|p1a: Rotom\n|-supereffective|p1a: Rotom|1\n|-damage|p1a: Rotom|0 fnt\n|faint|p1a: Rotom\n|move|p2b: Excadrill|Rock Slide|p1b: Tyranitar\n|-damage|p1b: Tyranitar|0 fnt\n|faint|p1b: Tyranitar\n|\n|win|Alcamaster10\n|inactive|pigronauta has 30 seconds to confirm battle start!\n|inactive|Alcamaster10 has 30 seconds to confirm battle start!\n",
  "uploadtime": 1776397224,
  "views": 30,
  "formatid": "gen9championsvgc2026regma",
  "rating": null,
  "private": 0,
  "password": null
}