{
  "id": "gen9championsvgc2026regma-2581880616",
  "format": "[Gen 9 Champions] VGC 2026 Reg M-A",
  "players": [
    "Morrocan AXL BLAZE",
    "hypno321"
  ],
  "log": "|j|\u2606Morrocan AXL BLAZE\n|j|\u2606hypno321\n|t:|1776036258\n|gametype|doubles\n|player|p1|Morrocan AXL BLAZE|nate|1069\n|player|p2|hypno321|266|1041\n|gen|9\n|tier|[Gen 9 Champions] VGC 2026 Reg M-A\n|rated|\n|rule|Species Clause: Limit one of each Pok\u00e9mon\n|rule|Item Clause: Limit 1 of each item\n|clearpoke\n|poke|p1|Arcanine-Hisui, L50, F|\n|poke|p1|Palafin, L50, F|\n|poke|p1|Sinistcha, L50|\n|poke|p1|Talonflame, L50, F|\n|poke|p1|Froslass, L50, F|\n|poke|p1|Ninetales-Alola, L50, F|\n|poke|p2|Gengar, L50, F|\n|poke|p2|Incineroar, L50, F|\n|poke|p2|Sinistcha, L50|\n|poke|p2|Kingambit, L50, M|\n|poke|p2|Tyranitar, L50, F|\n|poke|p2|Kommo-o, L50, F|\n|teampreview|4\nMorrocan AXL BLAZE has agreed to open team sheets.\n|\n|t:|1776036291\n|teamsize|p1|4\n|teamsize|p2|4\n|start\n|switch|p1a: htn|Palafin, L50, F, shiny|100/100\n|switch|p1b: true eve|Froslass, L50, F|100/100\n|switch|p2a: Tyranitar|Tyranitar, L50, F|100/100\n|switch|p2b: Kingambit|Kingambit, L50, M|100/100\n|-weather|Sandstorm|[from] ability: Sand Stream|[of] p2a: Tyranitar\n|turn|1\n|\n|t:|1776036310\n|detailschange|p1a: htn|Palafin-Hero, L50, F, shiny\n|switch|p1a: subhuman|Sinistcha, L50|100/100\n|switch|p2b: Incineroar|Incineroar, L50, F|100/100\n|-ability|p2b: Incineroar|Intimidate|boost\n|-unboost|p1a: subhuman|atk|1\n|-unboost|p1b: true eve|atk|1\n|move|p1b: true eve|Protect|p1b: true eve\n|-singleturn|p1b: true eve|Protect\n|move|p2a: Tyranitar|Rock Slide|p1b: true eve|[spread] p1a\n|-activate|p1b: true eve|move: Protect\n|-damage|p1a: subhuman|76/100\n|\n|-weather|Sandstorm|[upkeep]\n|-damage|p1b: true eve|94/100|[from] Sandstorm\n|-damage|p1a: subhuman|70/100|[from] Sandstorm\n|-damage|p2b: Incineroar|95/100|[from] Sandstorm\n|upkeep\n|turn|2\n|\n|t:|1776036323\n|switch|p1a: Chad|Arcanine-Hisui, L50, F|100/100\n|-ability|p1a: Chad|Intimidate|boost\n|-unboost|p2a: Tyranitar|atk|1\n|-unboost|p2b: Incineroar|atk|1\n|detailschange|p1b: true eve|Froslass-Mega, L50, F\n|-mega|p1b: true eve|Froslass|Froslassite\n|-weather|Snowscape|[from] ability: Snow Warning|[of] p1b: true eve\n|move|p2b: Incineroar|Protect|p2b: Incineroar\n|-singleturn|p2b: Incineroar|Protect\n|move|p2a: Tyranitar|Rock Slide|p1a: Chad|[spread] p1b\n|-miss|p2a: Tyranitar|p1a: Chad\n|-supereffective|p1b: true eve|1\n|-damage|p1b: true eve|64/100\n|move|p1b: true eve|Nasty Plot|p1b: true eve\n|-boost|p1b: true eve|spa|2\n|\n|-weather|Snowscape|[upkeep]\n|upkeep\n|turn|3\n|\n|t:|1776036342\n|switch|p2a: Gengar|Gengar, L50, F|100/100\n|move|p1b: true eve|Protect|p1b: true eve\n|-singleturn|p1b: true eve|Protect\n|move|p1a: Chad|Rock Slide|p2a: Gengar|[spread] p2a,p2b\n|-supereffective|p2b: Incineroar|1\n|-damage|p2a: Gengar|62/100\n|-damage|p2b: Incineroar|47/100\n|-start|p1a: Chad|Disable|Rock Slide|[from] ability: Cursed Body|[of] p2a: Gengar\n|move|p2b: Incineroar|Parting Shot|p1b: true eve\n|-activate|p1b: true eve|move: Protect\n|\n|-weather|Snowscape|[upkeep]\n|upkeep\n|turn|4\n|\n|t:|1776036360\n|switch|p2b: Tyranitar|Tyranitar, L50, F|100/100\n|-weather|Sandstorm|[from] ability: Sand Stream|[of] p2b: Tyranitar\n|detailschange|p2a: Gengar|Gengar-Mega, L50, F\n|-mega|p2a: Gengar|Gengar|Gengarite\n|move|p2a: Gengar|Protect|p2a: Gengar\n|-singleturn|p2a: Gengar|Protect\n|move|p1b: true eve|Blizzard|p2b: Tyranitar|[spread] \n|-activate|p2a: Gengar|move: Protect\n|-miss|p1b: true eve|p2b: Tyranitar\n|move|p1a: Chad|Flare Blitz|p2a: Gengar\n|-activate|p2a: Gengar|move: Protect\n|\n|-weather|Sandstorm|[upkeep]\n|-damage|p2a: Gengar|56/100|[from] Sandstorm\n|-damage|p1b: true eve|58/100|[from] Sandstorm\n|upkeep\n|turn|5\n|\n|t:|1776036378\n|switch|p1b: subhuman|Sinistcha, L50|70/100\n|move|p2a: Gengar|Shadow Ball|p1b: subhuman\n|-supereffective|p1b: subhuman|1\n|-damage|p1b: subhuman|0 fnt\n|faint|p1b: subhuman\n|move|p2b: Tyranitar|Stone Edge|p1a: Chad\n|-supereffective|p1a: Chad|1\n|-crit|p1a: Chad\n|-damage|p1a: Chad|0 fnt\n|faint|p1a: Chad\n|\n|-weather|Sandstorm|[upkeep]\n|-damage|p2a: Gengar|50/100|[from] Sandstorm\n|upkeep\n|\n|t:|1776036383\n|switch|p1a: htn|Palafin-Hero, L50, F, shiny|100/100\n|switch|p1b: true eve|Froslass-Mega, L50, F|58/100\n|-weather|Snowscape|[from] ability: Snow Warning|[of] p1b: true eve\n|-activate|p1a: htn|ability: Zero to Hero\n|turn|6\n|\n|t:|1776036393\n|move|p2a: Gengar|Protect|p2a: Gengar\n|-singleturn|p2a: Gengar|Protect\n|move|p1a: htn|Jet Punch|p2a: Gengar\n|-activate|p2a: Gengar|move: Protect\n|move|p2b: Tyranitar|Stone Edge|p1b: true eve|[miss]\n|-miss|p2b: Tyranitar|p1b: true eve\n|move|p1b: true eve|Nasty Plot|p1b: true eve\n|-boost|p1b: true eve|spa|2\n|\n|-weather|Snowscape|[upkeep]\n|upkeep\n|turn|7\n|\n|t:|1776036409\n|switch|p2b: Incineroar|Incineroar, L50, F|47/100\n|-ability|p2b: Incineroar|Intimidate|boost\n|-unboost|p1a: htn|atk|1\n|-unboost|p1b: true eve|atk|1\n|move|p1b: true eve|Protect|p1b: true eve\n|-singleturn|p1b: true eve|Protect\n|move|p2a: Gengar|Shadow Ball|p1b: true eve\n|-activate|p1b: true eve|move: Protect\n|move|p1a: htn|Wave Crash|p2a: Gengar\n|-crit|p2a: Gengar\n|-damage|p2a: Gengar|0 fnt\n|faint|p2a: Gengar\n|-damage|p1a: htn|85/100|[from] Recoil\n|\n|-weather|Snowscape|[upkeep]\n|upkeep\n|\n|t:|1776036424\n|switch|p2a: Kingambit|Kingambit, L50, M|100/100\n|turn|8\n|\n|t:|1776036430\n|move|p2b: Incineroar|Fake Out|p1a: htn\n|-damage|p1a: htn|74/100\n|move|p1b: true eve|Nasty Plot|p1b: true eve\n|-boost|p1b: true eve|spa|2\n|cant|p1a: htn|flinch\n|move|p2a: Kingambit|Iron Head|p1b: true eve\n|-supereffective|p1b: true eve|1\n|-damage|p1b: true eve|0 fnt\n|faint|p1b: true eve\n|\n|-weather|Snowscape|[upkeep]\n|upkeep\n|turn|9\n|\n|t:|1776036445\n|move|p2a: Kingambit|Sucker Punch|p1a: htn\n|-damage|p1a: htn|38/100\n|move|p1a: htn|Close Combat|p2a: Kingambit\n|-supereffective|p2a: Kingambit|2\n|-enditem|p2a: Kingambit|Chople Berry|[eat]\n|-enditem|p2a: Kingambit|Chople Berry|[weaken]\n|-damage|p2a: Kingambit|55/100\n|-unboost|p1a: htn|def|1\n|-unboost|p1a: htn|spd|1\n|move|p2b: Incineroar|Throat Chop|p1a: htn\n|-damage|p1a: htn|0 fnt\n|faint|p1a: htn\n|\n|win|hypno321\n|raw|Morrocan AXL BLAZE's rating: 1069 &rarr; <strong>1047</strong><br />(-22 for losing)\n|raw|hypno321's rating: 1041 &rarr; <strong>1078</strong><br />(+37 for winning)\n|l|\u2606hypno321\n|player|p2|\n",
  "uploadtime": 1776036445,
  "views": 10,
  "formatid": "gen9championsvgc2026regma",
  "rating": 1047,
  "private": 0,
  "password": null
}