{
  "id": "gen9championsvgc2026regma-2580891624",
  "format": "[Gen 9 Champions] VGC 2026 Reg M-A",
  "players": [
    "Jah_08",
    "SleepyPiess"
  ],
  "log": "|j|\u2606Jah_08\n|j|\u2606SleepyPiess\n|t:|1775940994\n|gametype|doubles\n|player|p1|Jah_08|2|1028\n|player|p2|SleepyPiess|mars|1082\n|gen|9\n|tier|[Gen 9 Champions] VGC 2026 Reg M-A\n|rated|\n|rule|Species Clause: Limit one of each Pok\u00e9mon\n|rule|Item Clause: Limit 1 of each item\n|clearpoke\n|poke|p1|Vanilluxe, L50, F|\n|poke|p1|Krookodile, L50, M|\n|poke|p1|Chandelure, L50, F|\n|poke|p1|Whimsicott, L50, F|\n|poke|p1|Conkeldurr, L50, M|\n|poke|p1|Zoroark-Hisui, L50, F|\n|poke|p2|Charizard, L50, M|\n|poke|p2|Venusaur, L50, F|\n|poke|p2|Garchomp, L50, F|\n|poke|p2|Gardevoir, L50, F|\n|poke|p2|Milotic, L50, M|\n|poke|p2|Incineroar, L50, M|\n|teampreview|4\n|\n|t:|1775941031\n|teamsize|p1|4\n|teamsize|p2|4\n|start\n|switch|p1a: Krookodile|Krookodile, L50, M|100/100\n|switch|p1b: Chandelure|Chandelure, L50, F|100/100\n|switch|p2a: Incineroar|Incineroar, L50, M, shiny|100/100\n|switch|p2b: Charizard|Charizard, L50, M, shiny|100/100\n|-ability|p1a: Krookodile|Intimidate|boost\n|-unboost|p2a: Incineroar|atk|1\n|-unboost|p2b: Charizard|atk|1\n|-ability|p2a: Incineroar|Intimidate|boost\n|-unboost|p1a: Krookodile|atk|1\n|-unboost|p1b: Chandelure|atk|1\n|turn|1\n|\n|t:|1775941056\n|detailschange|p2b: Charizard|Charizard-Mega-Y, L50, M, shiny\n|-mega|p2b: Charizard|Charizard|Charizardite Y\n|-weather|SunnyDay|[from] ability: Drought|[of] p2b: Charizard\n|detailschange|p1b: Chandelure|Chandelure-Mega, L50, F\n|-mega|p1b: Chandelure|Chandelure|Chandelurite\n|move|p2b: Charizard|Protect|p2b: Charizard\n|-singleturn|p2b: Charizard|Protect\n|move|p2a: Incineroar|Fake Out|p1a: Krookodile\n|-damage|p1a: Krookodile|90/100\n|cant|p1a: Krookodile|flinch\n|move|p1b: Chandelure|Fire Blast|p2b: Charizard\n|-activate|p2b: Charizard|move: Protect\n|\n|-weather|SunnyDay|[upkeep]\n|upkeep\n|turn|2\n|\n|t:|1775941082\n|switch|p2b: Milotic|Milotic, L50, M, shiny|100/100\n|move|p1a: Krookodile|Rock Slide|p2a: Incineroar|[spread] p2a,p2b\n|-supereffective|p2a: Incineroar|1\n|-damage|p2a: Incineroar|79/100\n|-damage|p2b: Milotic|89/100\n|move|p1b: Chandelure|Fire Blast|p2a: Incineroar\n|-resisted|p2a: Incineroar|1\n|-damage|p2a: Incineroar|25/100\n|-enditem|p2a: Incineroar|Sitrus Berry|[eat]\n|-heal|p2a: Incineroar|50/100|[from] item: Sitrus Berry\n|cant|p2a: Incineroar|flinch\n|\n|-weather|SunnyDay|[upkeep]\n|-heal|p2b: Milotic|95/100|[from] item: Leftovers\n|upkeep\n|turn|3\n|\n|t:|1775941133\n|move|p1a: Krookodile|Rock Slide|p2b: Milotic|[spread] p2b\n|-miss|p1a: Krookodile|p2a: Incineroar\n|-damage|p2b: Milotic|85/100\n|move|p1b: Chandelure|Energy Ball|p2b: Milotic\n|-supereffective|p2b: Milotic|1\n|-crit|p2b: Milotic\n|-damage|p2b: Milotic|0 fnt\n|faint|p2b: Milotic\n|move|p2a: Incineroar|Parting Shot|p1b: Chandelure\n|-unboost|p1b: Chandelure|atk|1\n|-unboost|p1b: Chandelure|spa|1\n|\n|t:|1775941147\n|switch|p2a: Venusaur|Venusaur, L50, F, shiny|100/100|[from] Parting Shot\n|\n|-weather|SunnyDay|[upkeep]\n|upkeep\n|\n|t:|1775941152\n|switch|p2b: Charizard|Charizard-Mega-Y, L50, M, shiny|100/100\n|turn|4\n|\n|t:|1775941164\n|move|p2a: Venusaur|Sleep Powder|p1b: Chandelure\n|-status|p1b: Chandelure|slp|[from] move: Sleep Powder\n|move|p1a: Krookodile|Rock Slide|p2b: Charizard|[spread] p2a,p2b\n|-supereffective|p2b: Charizard|2\n|-damage|p2a: Venusaur|84/100\n|-damage|p2b: Charizard|30/100\n|move|p2b: Charizard|Solar Beam||[still]\n|-prepare|p2b: Charizard|Solar Beam\n|-anim|p2b: Charizard|Solar Beam|p1a: Krookodile\n|-supereffective|p1a: Krookodile|1\n|-damage|p1a: Krookodile|0 fnt\n|faint|p1a: Krookodile\n|cant|p1b: Chandelure|slp\n|\n|-weather|SunnyDay|[upkeep]\n|upkeep\n|\n|t:|1775941181\n|switch|p1a: Vanilluxe|Vanilluxe, L50, F|100/100\n|-weather|Snowscape|[from] ability: Snow Warning|[of] p1a: Vanilluxe\n|turn|5\n|\n|t:|1775941196\n|switch|p2a: Incineroar|Incineroar, L50, M, shiny|50/100\n|-ability|p2a: Incineroar|Intimidate|boost\n|-unboost|p1a: Vanilluxe|atk|1\n|-unboost|p1b: Chandelure|atk|1\n|move|p2b: Charizard|Protect|p2b: Charizard\n|-singleturn|p2b: Charizard|Protect\n|cant|p1b: Chandelure|slp\n|move|p1a: Vanilluxe|Blizzard|p2b: Charizard|[spread] p2a\n|-activate|p2b: Charizard|move: Protect\n|-resisted|p2a: Incineroar|1\n|-damage|p2a: Incineroar|31/100\n|\n|-weather|Snowscape|[upkeep]\n|upkeep\n|turn|6\n|\n|t:|1775941221\n|switch|p2b: Venusaur|Venusaur, L50, F, shiny|84/100\n|move|p1a: Vanilluxe|Protect|p1a: Vanilluxe\n|-singleturn|p1a: Vanilluxe|Protect\n|move|p2a: Incineroar|Fake Out|p1a: Vanilluxe\n|-activate|p1a: Vanilluxe|move: Protect\n|-curestatus|p1b: Chandelure|slp|[msg]\n|move|p1b: Chandelure|Fire Blast|p2a: Incineroar\n|-resisted|p2a: Incineroar|1\n|-damage|p2a: Incineroar|10/100\n|\n|-weather|Snowscape|[upkeep]\n|upkeep\n|turn|7\n|\n|t:|1775941246\n|move|p2b: Venusaur|Protect|p2b: Venusaur\n|-singleturn|p2b: Venusaur|Protect\n|move|p1b: Chandelure|Heat Wave|p2b: Venusaur|[spread] p2a\n|-activate|p2b: Venusaur|move: Protect\n|-resisted|p2a: Incineroar|1\n|-damage|p2a: Incineroar|0 fnt\n|faint|p2a: Incineroar\n|move|p1a: Vanilluxe|Blizzard|p2b: Venusaur\n|-activate|p2b: Venusaur|move: Protect\n|\n|-weather|Snowscape|[upkeep]\n|upkeep\n|\n|t:|1775941258\n|switch|p2a: Charizard|Charizard-Mega-Y, L50, M, shiny|30/100\n|-weather|SunnyDay|[from] ability: Drought|[of] p2a: Charizard\n|turn|8\n|\n|t:|1775941290\n|switch|p1a: Vanilluxe|Vanilluxe, L50, F|100/100\n|move|p2b: Venusaur|Sleep Powder|p1b: Chandelure\n|-status|p1b: Chandelure|slp|[from] move: Sleep Powder\n|move|p2a: Charizard|Overheat|p1a: Vanilluxe\n|-enditem|p1a: Vanilluxe|Focus Sash\n|-damage|p1a: Vanilluxe|1/100\n|-unboost|p2a: Charizard|spa|2\n|replace|p1a: Zoroark|Zoroark-Hisui, L50, F\n|-end|p1a: Zoroark|Illusion\n|cant|p1b: Chandelure|slp\n|\n|-weather|SunnyDay|[upkeep]\n|upkeep\n|turn|9\n|\n|t:|1775941316\n|move|p2b: Venusaur|Sludge Bomb|p1b: Chandelure\n|-resisted|p1b: Chandelure|1\n|-damage|p1b: Chandelure|77/100 slp\n|move|p1a: Zoroark|Icy Wind|p2a: Charizard|[spread] p2a,p2b\n|-supereffective|p2b: Venusaur|1\n|-damage|p2a: Charizard|14/100\n|-damage|p2b: Venusaur|51/100\n|-unboost|p2a: Charizard|spe|1\n|-unboost|p2b: Venusaur|spe|1\n|-curestatus|p1b: Chandelure|slp|[msg]\n|move|p1b: Chandelure|Heat Wave|p2b: Venusaur|[spread] p2a,p2b\n|-resisted|p2a: Charizard|1\n|-supereffective|p2b: Venusaur|1\n|-damage|p2a: Charizard|0 fnt\n|-damage|p2b: Venusaur|0 fnt\n|faint|p2a: Charizard\n|faint|p2b: Venusaur\n|\n|win|Jah_08\n|raw|Jah_08's rating: 1028 &rarr; <strong>1069</strong><br />(+41 for winning)\n|raw|SleepyPiess's rating: 1082 &rarr; <strong>1056</strong><br />(-26 for losing)\n|l|\u2606SleepyPiess\n|player|p2|\n",
  "uploadtime": 1775941333,
  "views": 14,
  "formatid": "gen9championsvgc2026regma",
  "rating": 1056,
  "private": 0,
  "password": null
}