{
  "id": "gen9championsvgc2026regma-2582000874",
  "format": "[Gen 9 Champions] VGC 2026 Reg M-A",
  "players": [
    "pegabeavercorn",
    "GGGianG"
  ],
  "log": "|j|\u2606pegabeavercorn\n|j|\u2606GGGianG\n|t:|1776047163\n|gametype|doubles\n|player|p1|pegabeavercorn|102|1332\n|player|p2|GGGianG|101|1244\n|gen|9\n|tier|[Gen 9 Champions] VGC 2026 Reg M-A\n|rated|\n|rule|Species Clause: Limit one of each Pok\u00e9mon\n|rule|Item Clause: Limit 1 of each item\n|clearpoke\n|poke|p1|Feraligatr, L50, M|\n|poke|p1|Klefki, L50, F|\n|poke|p1|Sneasler, L50, M|\n|poke|p1|Corviknight, L50, F|\n|poke|p1|Tyranitar, L50, M|\n|poke|p1|Sinistcha, L50|\n|poke|p2|Aerodactyl, L50, M|\n|poke|p2|Basculegion, L50, M|\n|poke|p2|Floette-Eternal, L50, F|\n|poke|p2|Garchomp, L50, F|\n|poke|p2|Incineroar, L50, F|\n|poke|p2|Orthworm, L50, M|\n|teampreview|4\n|\n|t:|1776047190\n|teamsize|p1|4\n|teamsize|p2|4\n|start\n|switch|p1a: Corviknight|Corviknight, L50, F|100/100\n|switch|p1b: Feraligatr|Feraligatr, L50, M|100/100\n|switch|p2a: Aerodactyl|Aerodactyl, L50, M|100/100\n|switch|p2b: Incineroar|Incineroar, L50, F|100/100\n|-ability|p2a: Aerodactyl|Unnerve\n|-ability|p2b: Incineroar|Intimidate|boost\n|-ability|p1a: Corviknight|Mirror Armor\n|-unboost|p2b: Incineroar|atk|1\n|-unboost|p1b: Feraligatr|atk|1\n|turn|1\n|\n|t:|1776047211\n|move|p1b: Feraligatr|Protect|p1b: Feraligatr\n|-singleturn|p1b: Feraligatr|Protect\n|move|p2b: Incineroar|Fake Out|p1b: Feraligatr\n|-activate|p1b: Feraligatr|move: Protect\n|move|p2a: Aerodactyl|Tailwind|p2a: Aerodactyl\n|-sidestart|p2: GGGianG|move: Tailwind\n|move|p1a: Corviknight|Tailwind|p1a: Corviknight\n|-sidestart|p1: pegabeavercorn|move: Tailwind\n|\n|upkeep\n|turn|2\n|\n|t:|1776047229\n|detailschange|p1b: Feraligatr|Feraligatr-Mega, L50, M\n|-mega|p1b: Feraligatr|Feraligatr|Feraligite\n|move|p2a: Aerodactyl|Protect|p2a: Aerodactyl\n|-singleturn|p2a: Aerodactyl|Protect\n|move|p1b: Feraligatr|Flip Turn|p2a: Aerodactyl\n|-activate|p2a: Aerodactyl|move: Protect\n|move|p2b: Incineroar|Parting Shot|p1b: Feraligatr\n|-unboost|p1b: Feraligatr|atk|1\n|-unboost|p1b: Feraligatr|spa|1\n|\n|t:|1776047242\n|switch|p2b: Basculegion|Basculegion, L50, M|100/100|[from] Parting Shot\n|move|p1a: Corviknight|Iron Head|p2a: Aerodactyl\n|-activate|p2a: Aerodactyl|move: Protect\n|\n|upkeep\n|turn|3\n|\n|t:|1776047264\n|switch|p2a: Incineroar|Incineroar, L50, F|100/100\n|-ability|p2a: Incineroar|Intimidate|boost\n|-ability|p1a: Corviknight|Mirror Armor\n|-unboost|p2a: Incineroar|atk|1\n|-unboost|p1b: Feraligatr|atk|1\n|move|p2b: Basculegion|Flip Turn|p1a: Corviknight\n|-damage|p1a: Corviknight|69/100\n|\n|t:|1776047272\n|switch|p2b: Aerodactyl|Aerodactyl, L50, M|100/100|[from] Flip Turn\n|-ability|p2b: Aerodactyl|Unnerve\n|move|p1b: Feraligatr|Flip Turn|p2a: Incineroar\n|-supereffective|p2a: Incineroar|1\n|-damage|p2a: Incineroar|70/100\n|\n|t:|1776047281\n|switch|p1b: Sinistcha|Sinistcha, L50|100/100|[from] Flip Turn\n|-heal|p1a: Corviknight|94/100|[from] ability: Hospitality|[of] p1b: Sinistcha\n|move|p1a: Corviknight|Brave Bird|p2b: Aerodactyl\n|-resisted|p2b: Aerodactyl|1\n|-damage|p2b: Aerodactyl|67/100\n|-damage|p1a: Corviknight|86/100|[from] Recoil\n|\n|upkeep\n|turn|4\n|\n|t:|1776047296\n|move|p1b: Sinistcha|Protect|p1b: Sinistcha\n|-singleturn|p1b: Sinistcha|Protect\n|move|p2a: Incineroar|Fake Out|p1a: Corviknight\n|-resisted|p1a: Corviknight|1\n|-damage|p1a: Corviknight|83/100\n|move|p2b: Aerodactyl|Dual Wingbeat|p1b: Sinistcha\n|-activate|p1b: Sinistcha|move: Protect\n|cant|p1a: Corviknight|flinch\n|\n|-sideend|p1: pegabeavercorn|move: Tailwind\n|-sideend|p2: GGGianG|move: Tailwind\n|upkeep\n|turn|5\n|\n|t:|1776047312\n|switch|p1b: Feraligatr|Feraligatr-Mega, L50, M|100/100\n|move|p2b: Aerodactyl|Dual Wingbeat|p1b: Feraligatr\n|-damage|p1b: Feraligatr|86/100\n|-damage|p1b: Feraligatr|72/100\n|-hitcount|p1b: Feraligatr|2\n|move|p2a: Incineroar|Flare Blitz|p1a: Corviknight\n|-supereffective|p1a: Corviknight|1\n|-damage|p1a: Corviknight|29/100\n|-damage|p2a: Incineroar|52/100|[from] Recoil\n|move|p1a: Corviknight|Iron Head|p2b: Aerodactyl\n|-supereffective|p2b: Aerodactyl|1\n|-damage|p2b: Aerodactyl|0 fnt\n|faint|p2b: Aerodactyl\n|\n|upkeep\n|\n|t:|1776047338\n|switch|p2b: Basculegion|Basculegion, L50, M|100/100\n|turn|6\n|\n|t:|1776047350\n|switch|p1a: Sneasler|Sneasler, L50, M|100/100\n|move|p2b: Basculegion|Flip Turn|p1a: Sneasler\n|-damage|p1a: Sneasler|31/100\n|\n|t:|1776047355\n|switch|p2b: Floette|Floette-Eternal, L50, F|100/100|[from] Flip Turn\n|move|p1b: Feraligatr|Double-Edge|p2b: Floette\n|-immune|p2b: Floette\n|move|p2a: Incineroar|Parting Shot|p1b: Feraligatr\n|-unboost|p1b: Feraligatr|atk|1\n|-unboost|p1b: Feraligatr|spa|1\n|\n|t:|1776047361\n|switch|p2a: Basculegion|Basculegion, L50, M|100/100|[from] Parting Shot\n|\n|upkeep\n|turn|7\n|\n|t:|1776047384\n|move|p2b: Floette|Protect|p2b: Floette\n|-singleturn|p2b: Floette|Protect\n|move|p1a: Sneasler|Fake Out|p2b: Floette\n|-activate|p2b: Floette|move: Protect\n|move|p2a: Basculegion|Flip Turn|p1a: Sneasler\n|-damage|p1a: Sneasler|0 fnt\n|faint|p1a: Sneasler\n|\n|t:|1776047392\n|switch|p2a: Incineroar|Incineroar, L50, F|52/100|[from] Flip Turn\n|-ability|p2a: Incineroar|Intimidate|boost\n|-unboost|p1b: Feraligatr|atk|1\n|move|p1b: Feraligatr|Flip Turn|p2b: Floette\n|-activate|p2b: Floette|move: Protect\n|\n|upkeep\n|-message|pegabeavercorn forfeited.\n|\n|win|GGGianG\n|raw|pegabeavercorn's rating: 1332 &rarr; <strong>1307</strong><br />(-25 for losing)\n|raw|GGGianG's rating: 1244 &rarr; <strong>1275</strong><br />(+31 for winning)\n|l|\u2606pegabeavercorn\n|player|p1|\n",
  "uploadtime": 1776047408,
  "views": 38,
  "formatid": "gen9championsvgc2026regma",
  "rating": 1275,
  "private": 0,
  "password": null
}