{
  "id": "gen9championsvgc2026regma-2588062642",
  "format": "[Gen 9 Champions] VGC 2026 Reg M-A",
  "players": [
    "Haosang",
    "variskano"
  ],
  "log": "|j|\u2606Haosang\n|j|\u2606variskano\n|t:|1776599762\n|gametype|doubles\n|player|p1|Haosang|dawn|1121\n|player|p2|variskano|169|1214\n|gen|9\n|tier|[Gen 9 Champions] VGC 2026 Reg M-A\n|rated|\n|rule|Species Clause: Limit one of each Pok\u00e9mon\n|rule|Item Clause: Limit 1 of each item\n|clearpoke\n|poke|p1|Spiritomb, L50, F|\n|poke|p1|Chimecho, L50, F|\n|poke|p1|Audino, L50, M|\n|poke|p1|Incineroar, L50, F|\n|poke|p1|Milotic, L50, M|\n|poke|p1|Torkoal, L50, M|\n|poke|p2|Sneasler, L50, F|\n|poke|p2|Meowscarada, L50, F|\n|poke|p2|Floette-Eternal, L50, F|\n|poke|p2|Whimsicott, L50, M|\n|poke|p2|Primarina, L50, F|\n|poke|p2|Incineroar, L50, F|\n|teampreview|4\n|inactive|Battle timer is ON: inactive players will automatically lose when time's up. (requested by variskano)\n|\n|t:|1776599782\n|teamsize|p1|4\n|teamsize|p2|4\n|start\n|switch|p1a: Spiritomb|Spiritomb, L50, F|100/100\n|switch|p1b: Incineroar|Incineroar, L50, F|100/100\n|switch|p2a: Floette|Floette-Eternal, L50, F|100/100\n|switch|p2b: Primarina|Primarina, L50, F|100/100\n|-ability|p1b: Incineroar|Intimidate|boost\n|-unboost|p2a: Floette|atk|1\n|-unboost|p2b: Primarina|atk|1\n|-ability|p1a: Spiritomb|Pressure\n|turn|1\n|\n|t:|1776599795\n|detailschange|p2a: Floette|Floette-Mega, L50, F\n|-mega|p2a: Floette|Floette|Floettite\n|-ability|p2a: Floette|Fairy Aura\n|move|p1b: Incineroar|Fake Out|p2a: Floette\n|-damage|p2a: Floette|85/100\n|cant|p2a: Floette|flinch\n|move|p2b: Primarina|Moonblast|p1a: Spiritomb\n|-supereffective|p1a: Spiritomb|1\n|-damage|p1a: Spiritomb|0 fnt\n|faint|p1a: Spiritomb\n|\n|upkeep\n|\n|t:|1776599809\n|switch|p1a: Torkoal|Torkoal, L50, M|100/100\n|-weather|SunnyDay|[from] ability: Drought|[of] p1a: Torkoal\n|turn|2\n|\n|t:|1776599817\n|move|p2a: Floette|Dazzling Gleam|p1a: Torkoal|[spread] p1a,p1b\n|-resisted|p1a: Torkoal|1\n|-damage|p1a: Torkoal|70/100\n|-damage|p1b: Incineroar|67/100\n|move|p2b: Primarina|Hyper Voice|p1a: Torkoal|[spread] p1a,p1b\n|-supereffective|p1a: Torkoal|1\n|-supereffective|p1b: Incineroar|1\n|-enditem|p1b: Incineroar|Passho Berry|[eat]\n|-enditem|p1b: Incineroar|Passho Berry|[weaken]\n|-damage|p1a: Torkoal|16/100\n|-damage|p1b: Incineroar|50/100\n|move|p1b: Incineroar|Parting Shot|p2a: Floette\n|-unboost|p2a: Floette|atk|1\n|-unboost|p2a: Floette|spa|1\n|\n|t:|1776599828\n|switch|p1b: Chimecho|Chimecho, L50, F|100/100|[from] Parting Shot\n|move|p1a: Torkoal|Eruption|p2a: Floette|[spread] p2a,p2b\n|-resisted|p2b: Primarina|1\n|-damage|p2a: Floette|77/100\n|-damage|p2b: Primarina|96/100\n|\n|-weather|SunnyDay|[upkeep]\n|upkeep\n|turn|3\n|\n|t:|1776599847\n|detailschange|p1b: Chimecho|Chimecho-Mega, L50, F\n|-mega|p1b: Chimecho|Chimecho|Chimechite\n|move|p1a: Torkoal|Helping Hand|p1b: Chimecho\n|-singleturn|p1b: Chimecho|Helping Hand|[of] p1a: Torkoal\n|move|p2a: Floette|Moonblast|p1b: Chimecho\n|-resisted|p1b: Chimecho|1\n|-damage|p1b: Chimecho|80/100\n|-unboost|p1b: Chimecho|spa|1\n|move|p2b: Primarina|Hyper Voice|p1b: Chimecho|[spread] p1a,p1b\n|-supereffective|p1a: Torkoal|1\n|-damage|p1a: Torkoal|0 fnt\n|-damage|p1b: Chimecho|62/100\n|faint|p1a: Torkoal\n|move|p1b: Chimecho|Boomburst|p2a: Floette|[spread] p2a,p2b\n|-damage|p2a: Floette|44/100\n|-damage|p2b: Primarina|59/100\n|\n|-weather|SunnyDay|[upkeep]\n|upkeep\n|\n|t:|1776599862\n|switch|p1a: Incineroar|Incineroar, L50, F|50/100\n|-ability|p1a: Incineroar|Intimidate|boost\n|-unboost|p2a: Floette|atk|1\n|-unboost|p2b: Primarina|atk|1\n|turn|4\n|\n|t:|1776599869\n|move|p2a: Floette|Protect|p2a: Floette\n|-singleturn|p2a: Floette|Protect\n|move|p2b: Primarina|Protect|p2b: Primarina\n|-singleturn|p2b: Primarina|Protect\n|move|p1a: Incineroar|Fake Out|p2b: Primarina\n|-activate|p2b: Primarina|move: Protect\n|move|p1b: Chimecho|Boomburst|p2b: Primarina|[spread] p1a\n|-activate|p2a: Floette|move: Protect\n|-activate|p2b: Primarina|move: Protect\n|-damage|p1a: Incineroar|28/100\n|\n|-weather|SunnyDay|[upkeep]\n|upkeep\n|turn|5\n|-message|Haosang forfeited.\n|\n|win|variskano\n|raw|Haosang's rating: 1121 &rarr; <strong>1103</strong><br />(-18 for losing)\n|raw|variskano's rating: 1214 &rarr; <strong>1232</strong><br />(+18 for winning)\n|l|\u2606Haosang\n|player|p1|\n",
  "uploadtime": 1776599915,
  "views": 10,
  "formatid": "gen9championsvgc2026regma",
  "rating": 1103,
  "private": 0,
  "password": null
}