{
  "id": "gen9championsvgc2026regma-2582800333",
  "format": "[Gen 9 Champions] VGC 2026 Reg M-A",
  "players": [
    "NivekGamer28",
    "KogaAF1219"
  ],
  "log": "|j|\u2606NivekGamer28\n|j|\u2606KogaAF1219\n|t:|1776115082\n|gametype|doubles\n|player|p1|NivekGamer28|cynthia-gen4|1343\n|player|p2|KogaAF1219|koga|1251\n|gen|9\n|tier|[Gen 9 Champions] VGC 2026 Reg M-A\n|rated|\n|rule|Species Clause: Limit one of each Pok\u00e9mon\n|rule|Item Clause: Limit 1 of each item\n|clearpoke\n|poke|p1|Gardevoir, L50, F|\n|poke|p1|Sneasler, L50, M|\n|poke|p1|Incineroar, L50, F|\n|poke|p1|Skarmory, L50, M|\n|poke|p1|Garchomp, L50, F|\n|poke|p1|Whimsicott, L50, M|\n|poke|p2|Torkoal, L50, M|\n|poke|p2|Rotom-Fan, L50|\n|poke|p2|Excadrill, L50, F|\n|poke|p2|Venusaur, L50, F|\n|poke|p2|Dragapult, L50, M|\n|poke|p2|Incineroar, L50, F|\n|teampreview|4\nKogaAF1219 has agreed to open team sheets.\n|\n|t:|1776115134\n|teamsize|p1|4\n|teamsize|p2|4\n|start\n|switch|p1a: Gardevoir|Gardevoir, L50, F, shiny|100/100\n|switch|p1b: Incineroar|Incineroar, L50, F|100/100\n|switch|p2a: Rotom|Rotom-Fan, L50|100/100\n|switch|p2b: Dragapult|Dragapult, L50, M|100/100\n|-ability|p1a: Gardevoir|Levitate|Trace|[from] ability: Trace|[of] p2a: Rotom\n|-ability|p1b: Incineroar|Intimidate|boost\n|-unboost|p2a: Rotom|atk|1\n|-fail|p2b: Dragapult|unboost|[from] ability: Clear Body|[of] p2b: Dragapult\n|turn|1\n|\n|t:|1776115154\n|detailschange|p1a: Gardevoir|Gardevoir-Mega, L50, F, shiny\n|-mega|p1a: Gardevoir|Gardevoir|Gardevoirite\n|move|p1b: Incineroar|Fake Out|p2a: Rotom\n|-damage|p2a: Rotom|90/100\n|cant|p2a: Rotom|flinch\n|move|p2b: Dragapult|Shadow Ball|p1a: Gardevoir\n|-supereffective|p1a: Gardevoir|1\n|-damage|p1a: Gardevoir|28/100\n|move|p1a: Gardevoir|Hyper Voice|p2b: Dragapult|[spread] p2a,p2b\n|-supereffective|p2b: Dragapult|1\n|-damage|p2a: Rotom|39/100\n|-damage|p2b: Dragapult|0 fnt\n|faint|p2b: Dragapult\n|\n|upkeep\n|\n|t:|1776115164\n|switch|p2b: Excadrill|Excadrill, L50, F|100/100\n|-ability|p2b: Excadrill|Mold Breaker\n|turn|2\n|\n|t:|1776115187\n|move|p1a: Gardevoir|Protect|p1a: Gardevoir\n|-singleturn|p1a: Gardevoir|Protect\n|move|p2a: Rotom|Volt Switch|p1b: Incineroar\n|-damage|p1b: Incineroar|78/100\n|\n|t:|1776115194\n|switch|p2a: Incineroar|Incineroar, L50, F|100/100|[from] Volt Switch\n|-ability|p2a: Incineroar|Intimidate|boost\n|-unboost|p1a: Gardevoir|atk|1\n|-unboost|p1b: Incineroar|atk|1\n|move|p2b: Excadrill|Earthquake|p1a: Gardevoir|[spread] p2a,p1b\n|-activate|p1a: Gardevoir|move: Protect\n|-supereffective|p2a: Incineroar|1\n|-supereffective|p1b: Incineroar|1\n|-crit|p1b: Incineroar\n|-damage|p2a: Incineroar|20/100\n|-damage|p1b: Incineroar|0 fnt\n|faint|p1b: Incineroar\n|\n|upkeep\n|\n|t:|1776115200\n|switch|p1b: Garchomp|Garchomp, L50, F|100/100\n|turn|3\n|\n|t:|1776115227\n|switch|p2a: Rotom|Rotom-Fan, L50|39/100\n|move|p1b: Garchomp|Earthquake|p2a: Rotom|[spread] p1a,p2b\n|-immune|p2a: Rotom\n|-supereffective|p2b: Excadrill|1\n|-crit|p2b: Excadrill\n|-damage|p1a: Gardevoir|0 fnt\n|-enditem|p2b: Excadrill|Focus Sash\n|-damage|p2b: Excadrill|1/100\n|faint|p1a: Gardevoir\n|move|p2b: Excadrill|Earthquake|p1b: Garchomp|[spread] p1b\n|-immune|p2a: Rotom\n|-damage|p1b: Garchomp|60/100\n|\n|upkeep\n|\n|t:|1776115232\n|switch|p1a: Sneasler|Sneasler, L50, M|100/100\n|turn|4\n|\n|t:|1776115247\n|switch|p2a: Incineroar|Incineroar, L50, F|20/100\n|-ability|p2a: Incineroar|Intimidate|boost\n|-unboost|p1a: Sneasler|atk|1\n|-unboost|p1b: Garchomp|atk|1\n|-enditem|p1a: Sneasler|White Herb\n|-clearnegativeboost|p1a: Sneasler|[silent]\n|move|p2b: Excadrill|Protect|p2b: Excadrill\n|-singleturn|p2b: Excadrill|Protect\n|move|p1a: Sneasler|Close Combat|p2a: Incineroar\n|-supereffective|p2a: Incineroar|1\n|-damage|p2a: Incineroar|0 fnt\n|-unboost|p1a: Sneasler|def|1\n|-unboost|p1a: Sneasler|spd|1\n|faint|p2a: Incineroar\n|move|p1b: Garchomp|Earthquake|p2b: Excadrill|[spread] p1a\n|-activate|p2b: Excadrill|move: Protect\n|-supereffective|p1a: Sneasler|1\n|-damage|p1a: Sneasler|0 fnt\n|faint|p1a: Sneasler\n|\n|upkeep\n|\n|t:|1776115258\n|switch|p2a: Rotom|Rotom-Fan, L50|39/100\n|turn|5\n|-message|NivekGamer28 forfeited.\n|\n|win|KogaAF1219\n|raw|NivekGamer28's rating: 1343 &rarr; <strong>1318</strong><br />(-25 for losing)\n|raw|KogaAF1219's rating: 1251 &rarr; <strong>1282</strong><br />(+31 for winning)\n|l|\u2606NivekGamer28\n|player|p1|\n",
  "uploadtime": 1776115261,
  "views": 41,
  "formatid": "gen9championsvgc2026regma",
  "rating": 1282,
  "private": 0,
  "password": null
}