{
  "id": "gen9championsvgc2026regma-2581374281",
  "format": "[Gen 9 Champions] VGC 2026 Reg M-A",
  "players": [
    "bogur",
    "Manaaim"
  ],
  "log": "|j|\u2606bogur\n|j|\u2606Manaaim\n|t:|1775993334\n|gametype|doubles\n|player|p1|bogur|102|1062\n|player|p2|Manaaim|102|1043\n|gen|9\n|tier|[Gen 9 Champions] VGC 2026 Reg M-A\n|rated|\n|rule|Species Clause: Limit one of each Pok\u00e9mon\n|rule|Item Clause: Limit 1 of each item\n|clearpoke\n|poke|p1|Kangaskhan, L50, F|\n|poke|p1|Sneasler, L50, M|\n|poke|p1|Hydreigon, L50, F|\n|poke|p1|Arcanine, L50, F|\n|poke|p1|Aegislash, L50, F|\n|poke|p1|Gyarados, L50, F|\n|poke|p2|Kangaskhan, L50, F|\n|poke|p2|Incineroar, L50, M|\n|poke|p2|Sinistcha, L50|\n|poke|p2|Volcarona, L50, M|\n|poke|p2|Kommo-o, L50, F|\n|poke|p2|Milotic, L50, F|\n|teampreview|4\n|\n|t:|1775993367\n|teamsize|p1|4\n|teamsize|p2|4\n|start\n|switch|p1a: Kangaskhan|Kangaskhan, L50, F|100/100\n|switch|p1b: Hydreigon|Hydreigon, L50, F|100/100\n|switch|p2a: Volcarona|Volcarona, L50, M|100/100\n|switch|p2b: Kommo-o|Kommo-o, L50, F|100/100\n|turn|1\n|\n|t:|1775993382\n|detailschange|p1a: Kangaskhan|Kangaskhan-Mega, L50, F\n|-mega|p1a: Kangaskhan|Kangaskhan|Kangaskhanite\n|move|p2b: Kommo-o|Protect|p2b: Kommo-o\n|-singleturn|p2b: Kommo-o|Protect\n|move|p1a: Kangaskhan|Fake Out|p2b: Kommo-o\n|-activate|p2b: Kommo-o|move: Protect\n|move|p1b: Hydreigon|Tailwind|p1b: Hydreigon\n|-sidestart|p1: bogur|move: Tailwind\n|move|p2a: Volcarona|Tailwind|p2a: Volcarona\n|-sidestart|p2: Manaaim|move: Tailwind\n|\n|upkeep\n|turn|2\n|\n|t:|1775993393\n|move|p2a: Volcarona|Rage Powder|p2a: Volcarona\n|-singleturn|p2a: Volcarona|move: Rage Powder\n|move|p1a: Kangaskhan|Double-Edge|p2a: Volcarona\n|-damage|p2a: Volcarona|46/100\n|-damage|p2a: Volcarona|33/100\n|-status|p1a: Kangaskhan|brn|[from] ability: Flame Body|[of] p2a: Volcarona\n|-hitcount|p2a: Volcarona|2\n|-damage|p1a: Kangaskhan|77/100 brn|[from] Recoil\n|move|p1b: Hydreigon|Draco Meteor|p2a: Volcarona\n|-damage|p2a: Volcarona|0 fnt\n|-unboost|p1b: Hydreigon|spa|2\n|faint|p2a: Volcarona\n|move|p2b: Kommo-o|Clangorous Soul|p2b: Kommo-o\n|-boost|p2b: Kommo-o|atk|1\n|-boost|p2b: Kommo-o|def|1\n|-boost|p2b: Kommo-o|spa|1\n|-boost|p2b: Kommo-o|spd|1\n|-boost|p2b: Kommo-o|spe|1\n|-damage|p2b: Kommo-o|68/100\n|\n|-heal|p2b: Kommo-o|74/100|[from] item: Leftovers\n|-damage|p1a: Kangaskhan|71/100 brn|[from] brn\n|upkeep\n|\n|t:|1775993401\n|switch|p2a: Incineroar|Incineroar, L50, M|100/100\n|-ability|p2a: Incineroar|Intimidate|boost\n|-unboost|p1a: Kangaskhan|atk|1\n|-unboost|p1b: Hydreigon|atk|1\n|turn|3\n|\n|t:|1775993424\n|move|p1b: Hydreigon|Protect|p1b: Hydreigon\n|-singleturn|p1b: Hydreigon|Protect\n|move|p2a: Incineroar|Fake Out|p1b: Hydreigon\n|-activate|p1b: Hydreigon|move: Protect\n|move|p2b: Kommo-o|Clanging Scales|p1a: Kangaskhan|[spread] p1a\n|-activate|p1b: Hydreigon|move: Protect\n|-damage|p1a: Kangaskhan|14/100 brn\n|-unboost|p2b: Kommo-o|def|1\n|move|p1a: Kangaskhan|Drain Punch|p2a: Incineroar\n|-supereffective|p2a: Incineroar|1\n|-enditem|p2a: Incineroar|Chople Berry|[eat]\n|-enditem|p2a: Incineroar|Chople Berry|[weaken]\n|-damage|p2a: Incineroar|93/100\n|-heal|p1a: Kangaskhan|19/100 brn|[from] drain|[of] p2a: Incineroar\n|-supereffective|p2a: Incineroar|1\n|-damage|p2a: Incineroar|89/100\n|-heal|p1a: Kangaskhan|21/100 brn|[from] drain|[of] p2a: Incineroar\n|-hitcount|p2a: Incineroar|2\n|\n|-heal|p2b: Kommo-o|80/100|[from] item: Leftovers\n|-damage|p1a: Kangaskhan|15/100 brn|[from] brn\n|upkeep\n|turn|4\n|\n|t:|1775993446\n|switch|p1b: Aegislash|Aegislash, L50, F|100/100\n|move|p2b: Kommo-o|Clanging Scales|p1b: Aegislash|[spread] p1a,p1b\n|-resisted|p1b: Aegislash|1\n|-damage|p1a: Kangaskhan|0 fnt\n|-damage|p1b: Aegislash|78/100\n|faint|p1a: Kangaskhan\n|-unboost|p2b: Kommo-o|def|1\n|move|p2a: Incineroar|Parting Shot|p1b: Aegislash\n|-unboost|p1b: Aegislash|atk|1\n|-unboost|p1b: Aegislash|spa|1\n|\n|t:|1775993452\n|switch|p2a: Kangaskhan|Kangaskhan, L50, F|100/100|[from] Parting Shot\n|\n|-heal|p2b: Kommo-o|86/100|[from] item: Leftovers\n|-heal|p1b: Aegislash|84/100|[from] item: Leftovers\n|-sideend|p1: bogur|move: Tailwind\n|-sideend|p2: Manaaim|move: Tailwind\n|upkeep\n|\n|t:|1775993462\n|switch|p1a: Sneasler|Sneasler, L50, M|100/100\n|turn|5\n|\n|t:|1775993492\n|detailschange|p2a: Kangaskhan|Kangaskhan-Mega, L50, F\n|-mega|p2a: Kangaskhan|Kangaskhan|Kangaskhanite\n|move|p1a: Sneasler|Fake Out|p2a: Kangaskhan\n|-damage|p2a: Kangaskhan|85/100\n|cant|p2a: Kangaskhan|flinch\n|move|p1b: Aegislash|Wide Guard|p1b: Aegislash\n|-singleturn|p1b: Aegislash|Wide Guard\n|move|p2b: Kommo-o|Clangorous Soul|p2b: Kommo-o\n|-boost|p2b: Kommo-o|atk|1\n|-boost|p2b: Kommo-o|def|1\n|-boost|p2b: Kommo-o|spa|1\n|-boost|p2b: Kommo-o|spd|1\n|-boost|p2b: Kommo-o|spe|1\n|-damage|p2b: Kommo-o|53/100\n|\n|-heal|p2b: Kommo-o|60/100|[from] item: Leftovers\n|-heal|p1b: Aegislash|91/100|[from] item: Leftovers\n|upkeep\n|turn|6\n|\n|t:|1775993519\n|move|p2a: Kangaskhan|Sucker Punch|p1a: Sneasler\n|-resisted|p1a: Sneasler|1\n|-damage|p1a: Sneasler|79/100\n|-resisted|p1a: Sneasler|1\n|-damage|p1a: Sneasler|74/100\n|-hitcount|p1a: Sneasler|2\n|move|p2b: Kommo-o|Aura Sphere|p1a: Sneasler\n|-resisted|p1a: Sneasler|1\n|-damage|p1a: Sneasler|22/100\n|move|p1a: Sneasler|Close Combat|p2a: Kangaskhan\n|-supereffective|p2a: Kangaskhan|1\n|-crit|p2a: Kangaskhan\n|-damage|p2a: Kangaskhan|0 fnt\n|-unboost|p1a: Sneasler|def|1\n|-unboost|p1a: Sneasler|spd|1\n|faint|p2a: Kangaskhan\n|-enditem|p1a: Sneasler|White Herb\n|-clearnegativeboost|p1a: Sneasler|[silent]\n|-formechange|p1b: Aegislash|Aegislash-Blade|\n|move|p1b: Aegislash|Flash Cannon|p2b: Kommo-o\n|-damage|p2b: Kommo-o|41/100\n|\n|-heal|p2b: Kommo-o|47/100|[from] item: Leftovers\n|-heal|p1b: Aegislash|97/100|[from] item: Leftovers\n|upkeep\n|\n|t:|1775993528\n|switch|p2a: Incineroar|Incineroar, L50, M|89/100\n|-ability|p2a: Incineroar|Intimidate|boost\n|-unboost|p1a: Sneasler|atk|1\n|-unboost|p1b: Aegislash|atk|1\n|turn|7\n|\n|t:|1775993546\n|move|p1a: Sneasler|Protect|p1a: Sneasler\n|-singleturn|p1a: Sneasler|Protect\n|move|p2b: Kommo-o|Protect|p2b: Kommo-o\n|-singleturn|p2b: Kommo-o|Protect\n|-formechange|p1b: Aegislash|Aegislash|\n|move|p1b: Aegislash|King's Shield|p1b: Aegislash\n|-singleturn|p1b: Aegislash|Protect\n|move|p2a: Incineroar|Fake Out|p1a: Sneasler\n|-activate|p1a: Sneasler|move: Protect\n|\n|-heal|p2b: Kommo-o|53/100|[from] item: Leftovers\n|-heal|p1b: Aegislash|100/100|[from] item: Leftovers\n|upkeep\n|turn|8\n|\n|t:|1775993561\n|switch|p1a: Hydreigon|Hydreigon, L50, F|100/100\n|move|p2b: Kommo-o|Clanging Scales|p1a: Hydreigon|[spread] p1a,p1b\n|-supereffective|p1a: Hydreigon|1\n|-resisted|p1b: Aegislash|1\n|-enditem|p1a: Hydreigon|Focus Sash\n|-damage|p1a: Hydreigon|1/100\n|-damage|p1b: Aegislash|71/100\n|-unboost|p2b: Kommo-o|def|1\n|-formechange|p1b: Aegislash|Aegislash-Blade|\n|move|p1b: Aegislash|Shadow Ball|p2b: Kommo-o\n|-damage|p2b: Kommo-o|37/100\n|move|p2a: Incineroar|Flare Blitz|p1b: Aegislash\n|-supereffective|p1b: Aegislash|1\n|-damage|p1b: Aegislash|0 fnt\n|faint|p1b: Aegislash\n|-damage|p2a: Incineroar|71/100|[from] Recoil\n|\n|-heal|p2b: Kommo-o|43/100|[from] item: Leftovers\n|upkeep\n|\n|t:|1775993566\n|switch|p1b: Sneasler|Sneasler, L50, M|22/100\n|turn|9\n|\n|t:|1775993576\n|move|p2b: Kommo-o|Protect|p2b: Kommo-o\n|-singleturn|p2b: Kommo-o|Protect\n|move|p1b: Sneasler|Close Combat|p2a: Incineroar\n|-supereffective|p2a: Incineroar|1\n|-damage|p2a: Incineroar|0 fnt\n|-unboost|p1b: Sneasler|def|1\n|-unboost|p1b: Sneasler|spd|1\n|faint|p2a: Incineroar\n|move|p1a: Hydreigon|Tailwind|p1a: Hydreigon\n|-sidestart|p1: bogur|move: Tailwind\n|\n|-heal|p2b: Kommo-o|49/100|[from] item: Leftovers\n|upkeep\n|turn|10\n|\n|t:|1775993588\n|move|p1b: Sneasler|Close Combat|p2b: Kommo-o\n|-damage|p2b: Kommo-o|0 fnt\n|-unboost|p1b: Sneasler|def|1\n|-unboost|p1b: Sneasler|spd|1\n|faint|p2b: Kommo-o\n|\n|win|bogur\n|raw|bogur's rating: 1062 &rarr; <strong>1091</strong><br />(+29 for winning)\n|raw|Manaaim's rating: 1043 &rarr; <strong>1027</strong><br />(-16 for losing)\n|l|\u2606Manaaim\n|player|p2|\n",
  "uploadtime": 1775993625,
  "views": 21,
  "formatid": "gen9championsvgc2026regma",
  "rating": 1027,
  "private": 0,
  "password": null
}