{
  "id": "gen9championsvgc2026regma-2582139437",
  "format": "[Gen 9 Champions] VGC 2026 Reg M-A",
  "players": [
    "ChampionsmatchVGC",
    "Niko highway"
  ],
  "log": "|j|\u2606ChampionsmatchVGC\n|j|\u2606Niko highway\n|t:|1776063076\n|gametype|doubles\n|player|p1|ChampionsmatchVGC|2|1338\n|player|p2|Niko highway|266|1349\n|gen|9\n|tier|[Gen 9 Champions] VGC 2026 Reg M-A\n|rated|\n|rule|Species Clause: Limit one of each Pok\u00e9mon\n|rule|Item Clause: Limit 1 of each item\n|clearpoke\n|poke|p1|Garchomp, L50, F|\n|poke|p1|Delphox, L50, M|\n|poke|p1|Floette-Eternal, L50, F|\n|poke|p1|Incineroar, L50, F|\n|poke|p1|Sinistcha, L50|\n|poke|p1|Sneasler, L50, M|\n|poke|p2|Incineroar, L50, M|\n|poke|p2|Conkeldurr, L50, M|\n|poke|p2|Sinistcha, L50|\n|poke|p2|Cofagrigus, L50, M|\n|poke|p2|Drampa, L50, M|\n|poke|p2|Aggron, L50, F|\n|teampreview|4\n|\n|t:|1776063093\n|teamsize|p1|4\n|teamsize|p2|4\n|start\n|switch|p1a: Delphox|Delphox, L50, M|100/100\n|switch|p1b: Sneasler|Sneasler, L50, M|100/100\n|switch|p2a: Incineroar|Incineroar, L50, M|100/100\n|switch|p2b: Cofagrigus|Cofagrigus, L50, M|100/100\n|-ability|p2a: Incineroar|Intimidate|boost\n|-unboost|p1a: Delphox|atk|1\n|-unboost|p1b: Sneasler|atk|1\n|-enditem|p1b: Sneasler|White Herb\n|-clearnegativeboost|p1b: Sneasler|[silent]\n|turn|1\n|\n|t:|1776063105\n|detailschange|p1a: Delphox|Delphox-Mega, L50, M\n|-mega|p1a: Delphox|Delphox|Delphoxite\n|move|p1a: Delphox|Protect|p1a: Delphox\n|-singleturn|p1a: Delphox|Protect\n|move|p2a: Incineroar|Fake Out|p1b: Sneasler\n|-damage|p1b: Sneasler|76/100\n|cant|p1b: Sneasler|flinch\n|move|p2b: Cofagrigus|Trick Room|p2b: Cofagrigus\n|-fieldstart|move: Trick Room|[of] p2b: Cofagrigus\n|\n|upkeep\n|turn|2\n|j| Nanshan\n|\n|t:|1776063116\n|switch|p1a: Incineroar|Incineroar, L50, F|100/100\n|-ability|p1a: Incineroar|Intimidate|boost\n|-unboost|p2a: Incineroar|atk|1\n|-unboost|p2b: Cofagrigus|atk|1\n|move|p2b: Cofagrigus|Will-O-Wisp|p1b: Sneasler|[miss]\n|-miss|p2b: Cofagrigus|p1b: Sneasler\n|move|p2a: Incineroar|Throat Chop|p1a: Incineroar\n|-resisted|p1a: Incineroar|1\n|-damage|p1a: Incineroar|89/100\n|-start|p1a: Incineroar|Throat Chop|[silent]\n|move|p1b: Sneasler|Close Combat|p2a: Incineroar\n|-supereffective|p2a: Incineroar|1\n|-damage|p2a: Incineroar|0 fnt\n|-unboost|p1b: Sneasler|def|1\n|-unboost|p1b: Sneasler|spd|1\n|faint|p2a: Incineroar\n|\n|upkeep\n|\n|t:|1776063123\n|switch|p2a: Conkeldurr|Conkeldurr, L50, M|100/100\n|turn|3\n|\n|t:|1776063138\n|switch|p1b: Delphox|Delphox-Mega, L50, M|100/100\n|move|p2b: Cofagrigus|Shadow Ball|p1b: Delphox\n|-supereffective|p1b: Delphox|1\n|-damage|p1b: Delphox|48/100\n|move|p2a: Conkeldurr|Drain Punch|p1a: Incineroar\n|-supereffective|p1a: Incineroar|1\n|-enditem|p1a: Incineroar|Chople Berry|[eat]\n|-enditem|p1a: Incineroar|Chople Berry|[weaken]\n|-damage|p1a: Incineroar|35/100\n|move|p1a: Incineroar|Throat Chop|p2b: Cofagrigus\n|-supereffective|p2b: Cofagrigus|1\n|-damage|p2b: Cofagrigus|59/100\n|-start|p2b: Cofagrigus|Throat Chop|[silent]\n|-activate|p2b: Cofagrigus|ability: Mummy|p1a: Incineroar|[ability] Intimidate\n|\n|-heal|p2b: Cofagrigus|65/100|[from] item: Leftovers\n|-end|p1a: Incineroar|Throat Chop|[silent]\n|upkeep\n|turn|4\n|l| Nanshan\n|\n|t:|1776063153\n|switch|p1a: Sneasler|Sneasler, L50, M|76/100\n|move|p1b: Delphox|Protect|p1b: Delphox\n|-singleturn|p1b: Delphox|Protect\n|move|p2b: Cofagrigus|Shadow Ball|p1b: Delphox\n|-activate|p1b: Delphox|move: Protect\n|move|p2a: Conkeldurr|Drain Punch|p1a: Sneasler\n|-resisted|p1a: Sneasler|1\n|-damage|p1a: Sneasler|21/100\n|\n|-heal|p2b: Cofagrigus|72/100|[from] item: Leftovers\n|-end|p2b: Cofagrigus|Throat Chop|[silent]\n|upkeep\n|turn|5\n|\n|t:|1776063179\n|switch|p1b: Incineroar|Incineroar, L50, F|35/100\n|-ability|p1b: Incineroar|Intimidate|boost\n|-unboost|p2a: Conkeldurr|atk|1\n|-unboost|p2b: Cofagrigus|atk|1\n|move|p1a: Sneasler|Fake Out|p2b: Cofagrigus\n|-immune|p2b: Cofagrigus\n|move|p2b: Cofagrigus|Body Press|p1b: Incineroar\n|-supereffective|p1b: Incineroar|1\n|-damage|p1b: Incineroar|0 fnt\n|faint|p1b: Incineroar\n|move|p2a: Conkeldurr|Drain Punch|p1a: Sneasler\n|-resisted|p1a: Sneasler|1\n|-damage|p1a: Sneasler|0 fnt\n|faint|p1a: Sneasler\n|\n|-heal|p2b: Cofagrigus|78/100|[from] item: Leftovers\n|-fieldend|move: Trick Room\n|upkeep\n|\n|t:|1776063185\n|switch|p1a: Delphox|Delphox-Mega, L50, M|48/100\n|switch|p1b: Garchomp|Garchomp, L50, F|100/100\n|turn|6\n|\n|t:|1776063192\n|move|p2a: Conkeldurr|Wide Guard|p2a: Conkeldurr\n|-singleturn|p2a: Conkeldurr|Wide Guard\n|move|p1a: Delphox|Heat Wave|p2b: Cofagrigus|[spread] \n|-activate|p2a: Conkeldurr|move: Wide Guard\n|-activate|p2b: Cofagrigus|move: Wide Guard\n|move|p1b: Garchomp|Earthquake|p2a: Conkeldurr|[spread] \n|-activate|p2a: Conkeldurr|move: Wide Guard\n|-activate|p2b: Cofagrigus|move: Wide Guard\n|-immune|p1a: Delphox|[from] ability: Levitate\n|move|p2b: Cofagrigus|Trick Room|p2b: Cofagrigus\n|-fieldstart|move: Trick Room|[of] p2b: Cofagrigus\n|\n|-heal|p2b: Cofagrigus|84/100|[from] item: Leftovers\n|upkeep\n|turn|7\n|-message|ChampionsmatchVGC forfeited.\n|\n|win|Niko highway\n|raw|ChampionsmatchVGC's rating: 1338 &rarr; <strong>1319</strong><br />(-19 for losing)\n|raw|Niko highway's rating: 1349 &rarr; <strong>1368</strong><br />(+19 for winning)\n|l|\u2606ChampionsmatchVGC\n|player|p1|\n",
  "uploadtime": 1776063200,
  "views": 66,
  "formatid": "gen9championsvgc2026regma",
  "rating": 1319,
  "private": 0,
  "password": null
}