{
  "id": "gen9championsvgc2026regma-2580605498",
  "format": "[Gen 9 Champions] VGC 2026 Reg M-A",
  "players": [
    "V3rziel",
    "makoyouidiot"
  ],
  "log": "|j|\u2606V3rziel\n|j|\u2606makoyouidiot\n|t:|1775917406\n|gametype|doubles\n|player|p1|V3rziel|plasmagruntf-gen5bw|1073\n|player|p2|makoyouidiot|acetrainersnow|1085\n|gen|9\n|tier|[Gen 9 Champions] VGC 2026 Reg M-A\n|rated|\n|rule|Species Clause: Limit one of each Pok\u00e9mon\n|rule|Item Clause: Limit 1 of each item\n|clearpoke\n|poke|p1|Skarmory, L50, F|\n|poke|p1|Garchomp, L50, F|\n|poke|p1|Incineroar, L50, F|\n|poke|p1|Kommo-o, L50, F|\n|poke|p1|Gardevoir, L50, F|\n|poke|p1|Maushold, L50|\n|poke|p2|Charizard, L50, M|\n|poke|p2|Aerodactyl, L50, F|\n|poke|p2|Serperior, L50, F|\n|poke|p2|Tyrantrum, L50, F|\n|poke|p2|Oranguru, L50, F|\n|poke|p2|Torkoal, L50, F|\n|teampreview|4\n|inactive|Battle timer is ON: inactive players will automatically lose when time's up. (requested by makoyouidiot)\n|\n|t:|1775917478\n|teamsize|p1|4\n|teamsize|p2|4\n|start\n|switch|p1a: Garchomp|Garchomp, L50, F|100/100\n|switch|p1b: Incineroar|Incineroar, L50, F|100/100\n|switch|p2a: Charizard|Charizard, L50, M|100/100\n|switch|p2b: Aerodactyl|Aerodactyl, L50, F|100/100\n|-ability|p2b: Aerodactyl|Unnerve\n|-ability|p1b: Incineroar|Intimidate|boost\n|-unboost|p2a: Charizard|atk|1\n|-unboost|p2b: Aerodactyl|atk|1\n|turn|1\n|inactive|makoyouidiot has 30 seconds left.\n|\n|t:|1775917509\n|switch|p2a: Serperior|Serperior, L50, F|100/100\n|move|p2b: Aerodactyl|Protect|p2b: Aerodactyl\n|-singleturn|p2b: Aerodactyl|Protect\n|move|p1b: Incineroar|Fake Out|p2b: Aerodactyl\n|-activate|p2b: Aerodactyl|move: Protect\n|move|p1a: Garchomp|Stone Edge|p2b: Aerodactyl\n|-activate|p2b: Aerodactyl|move: Protect\n|\n|upkeep\n|turn|2\n|inactive|V3rziel has 30 seconds left.\n|inactive|V3rziel has 20 seconds left.\n|inactive|V3rziel has 15 seconds left.\n|\n|t:|1775917552\n|move|p2b: Aerodactyl|Tailwind|p2b: Aerodactyl\n|-sidestart|p2: makoyouidiot|move: Tailwind\n|move|p2a: Serperior|Leaf Storm|p1a: Garchomp\n|-damage|p1a: Garchomp|33/100\n|-boost|p2a: Serperior|spa|2\n|move|p1a: Garchomp|Stone Edge|p2b: Aerodactyl\n|-supereffective|p2b: Aerodactyl|1\n|-enditem|p2b: Aerodactyl|Focus Sash\n|-damage|p2b: Aerodactyl|1/100\n|move|p1b: Incineroar|Darkest Lariat|p2b: Aerodactyl\n|-damage|p2b: Aerodactyl|0 fnt\n|faint|p2b: Aerodactyl\n|\n|upkeep\n|\n|t:|1775917568\n|switch|p2b: Tyrantrum|Tyrantrum, L50, F|100/100\n|turn|3\n|\n|t:|1775917580\n|move|p1a: Garchomp|Protect|p1a: Garchomp\n|-singleturn|p1a: Garchomp|Protect\n|move|p2a: Serperior|Leaf Storm|p1a: Garchomp\n|-activate|p1a: Garchomp|move: Protect\n|move|p2b: Tyrantrum|Head Smash|p1b: Incineroar\n|-supereffective|p1b: Incineroar|1\n|-damage|p1b: Incineroar|0 fnt\n|faint|p1b: Incineroar\n|\n|upkeep\n|\n|t:|1775917598\n|switch|p1b: Maushold|Maushold, L50|100/100\n|turn|4\n|\n|t:|1775917607\n|switch|p1a: Gardevoir|Gardevoir, L50, F|100/100\n|move|p1b: Maushold|Follow Me|p1b: Maushold\n|-singleturn|p1b: Maushold|move: Follow Me\n|move|p2a: Serperior|Leaf Storm|p1b: Maushold\n|-enditem|p1b: Maushold|Focus Sash\n|-damage|p1b: Maushold|1/100\n|-boost|p2a: Serperior|spa|2\n|move|p2b: Tyrantrum|Dragon Claw|p1b: Maushold\n|-damage|p1b: Maushold|0 fnt\n|faint|p1b: Maushold\n|\n|upkeep\n|\n|t:|1775917619\n|switch|p1b: Garchomp|Garchomp, L50, F|33/100\n|turn|5\n|\n|t:|1775917633\n|detailschange|p1a: Gardevoir|Gardevoir-Mega, L50, F\n|-mega|p1a: Gardevoir|Gardevoir|Gardevoirite\n|move|p1b: Garchomp|Protect|p1b: Garchomp\n|-singleturn|p1b: Garchomp|Protect\n|move|p1a: Gardevoir|Protect|p1a: Gardevoir\n|-singleturn|p1a: Gardevoir|Protect\n|move|p2a: Serperior|Leaf Storm|p1b: Garchomp\n|-activate|p1b: Garchomp|move: Protect\n|move|p2b: Tyrantrum|Head Smash|p1a: Gardevoir\n|-activate|p1a: Gardevoir|move: Protect\n|\n|-sideend|p2: makoyouidiot|move: Tailwind\n|upkeep\n|turn|6\n|\n|t:|1775917652\n|move|p1b: Garchomp|Protect||[still]\n|-fail|p1b: Garchomp\n|move|p2b: Tyrantrum|Protect|p2b: Tyrantrum\n|-singleturn|p2b: Tyrantrum|Protect\n|move|p2a: Serperior|Leaf Storm|p1b: Garchomp\n|-damage|p1b: Garchomp|0 fnt\n|-boost|p2a: Serperior|spa|2\n|faint|p1b: Garchomp\n|move|p1a: Gardevoir|Hyper Voice|p2b: Tyrantrum|[spread] p2a\n|-activate|p2b: Tyrantrum|move: Protect\n|-damage|p2a: Serperior|44/100\n|\n|upkeep\n|turn|7\n|\n|t:|1775917669\n|move|p2a: Serperior|Leaf Storm|p1a: Gardevoir\n|-damage|p1a: Gardevoir|0 fnt\n|faint|p1a: Gardevoir\n|\n|win|makoyouidiot\n|raw|V3rziel's rating: 1073 &rarr; <strong>1053</strong><br />(-20 for losing)\n|raw|makoyouidiot's rating: 1085 &rarr; <strong>1111</strong><br />(+26 for winning)\n",
  "uploadtime": 1775917676,
  "views": 27,
  "formatid": "gen9championsvgc2026regma",
  "rating": 1053,
  "private": 0,
  "password": null
}