{
  "id": "gen9championsvgc2026regma-2583065355",
  "format": "[Gen 9 Champions] VGC 2026 Reg M-A",
  "players": [
    "CarajilloMan",
    "something123"
  ],
  "log": "|j|\u2606CarajilloMan\n|j|\u2606something123\n|t:|1776138203\n|gametype|doubles\n|player|p1|CarajilloMan|ninjaboy|1454\n|player|p2|something123|170|1513\n|gen|9\n|tier|[Gen 9 Champions] VGC 2026 Reg M-A\n|rated|\n|rule|Species Clause: Limit one of each Pok\u00e9mon\n|rule|Item Clause: Limit 1 of each item\n|clearpoke\n|poke|p1|Aggron, L50, M|\n|poke|p1|Sinistcha, L50|\n|poke|p1|Incineroar, L50, F|\n|poke|p1|Dragapult, L50, F|\n|poke|p1|Glimmora, L50, M|\n|poke|p1|Gyarados, L50, F|\n|poke|p2|Froslass, L50, F|\n|poke|p2|Kingambit, L50, M|\n|poke|p2|Sneasler, L50, F|\n|poke|p2|Palafin, L50, F|\n|poke|p2|Sinistcha, L50|\n|poke|p2|Arcanine-Hisui, L50, F|\n|teampreview|4\n|\n|t:|1776138254\n|teamsize|p1|4\n|teamsize|p2|4\n|start\n|switch|p1a: Gyarados|Gyarados, L50, F|100/100\n|switch|p1b: Dragapult|Dragapult, L50, F|100/100\n|switch|p2a: Kingambit|Kingambit, L50, M|100/100\n|switch|p2b: Sneasler|Sneasler, L50, F|100/100\n|-ability|p1a: Gyarados|Intimidate|boost\n|-unboost|p2a: Kingambit|atk|1\n|-ability|p2a: Kingambit|Defiant|boost\n|-boost|p2a: Kingambit|atk|2\n|-unboost|p2b: Sneasler|atk|1\n|-enditem|p2b: Sneasler|White Herb\n|-clearnegativeboost|p2b: Sneasler|[silent]\n|turn|1\n|\n|t:|1776138277\n|move|p1a: Gyarados|Protect|p1a: Gyarados\n|-singleturn|p1a: Gyarados|Protect\n|move|p2b: Sneasler|Fake Out|p1a: Gyarados\n|-activate|p1a: Gyarados|move: Protect\n|move|p2a: Kingambit|Sucker Punch||[still]\n|-fail|p2a: Kingambit\n|move|p1b: Dragapult|Reflect|p1b: Dragapult\n|-sidestart|p1: CarajilloMan|Reflect\n|\n|upkeep\n|turn|2\n|\n|t:|1776138294\n|switch|p2b: Palafin|Palafin, L50, F|100/100\n|move|p1b: Dragapult|Thunder Wave|p2b: Palafin\n|-status|p2b: Palafin|par\n|move|p1a: Gyarados|Dragon Dance|p1a: Gyarados\n|-boost|p1a: Gyarados|atk|1\n|-boost|p1a: Gyarados|spe|1\n|move|p2a: Kingambit|Kowtow Cleave|p1a: Gyarados\n|-damage|p1a: Gyarados|42/100\n|\n|upkeep\n|turn|3\n|\n|t:|1776138324\n|switch|p1b: Sinistcha|Sinistcha, L50|100/100\n|-heal|p1a: Gyarados|66/100|[from] ability: Hospitality|[of] p1b: Sinistcha\n|detailschange|p2b: Palafin|Palafin-Hero, L50, F\n|switch|p2b: Sneasler|Sneasler, L50, F|100/100\n|move|p1a: Gyarados|Waterfall|p2a: Kingambit\n|-damage|p2a: Kingambit|51/100\n|move|p2a: Kingambit|Kowtow Cleave|p1a: Gyarados\n|-damage|p1a: Gyarados|6/100\n|\n|upkeep\n|turn|4\n|\n|t:|1776138341\n|move|p1a: Gyarados|Protect|p1a: Gyarados\n|-singleturn|p1a: Gyarados|Protect\n|move|p1b: Sinistcha|Protect|p1b: Sinistcha\n|-singleturn|p1b: Sinistcha|Protect\n|move|p2b: Sneasler|Fake Out|p1a: Gyarados\n|-activate|p1a: Gyarados|move: Protect\n|move|p2a: Kingambit|Kowtow Cleave|p1b: Sinistcha\n|-activate|p1b: Sinistcha|move: Protect\n|\n|upkeep\n|turn|5\n|\n|t:|1776138357\n|move|p2a: Kingambit|Protect|p2a: Kingambit\n|-singleturn|p2a: Kingambit|Protect\n|move|p1b: Sinistcha|Rage Powder|p1b: Sinistcha\n|-singleturn|p1b: Sinistcha|move: Rage Powder\n|move|p1a: Gyarados|Waterfall|p2b: Sneasler\n|-damage|p2b: Sneasler|17/100\n|move|p2b: Sneasler|Dire Claw|p1b: Sinistcha\n|-damage|p1b: Sinistcha|80/100\n|\n|-sideend|p1: CarajilloMan|Reflect\n|upkeep\n|turn|6\n|\n|t:|1776138377\n|move|p1b: Sinistcha|Rage Powder|p1b: Sinistcha\n|-singleturn|p1b: Sinistcha|move: Rage Powder\n|move|p1a: Gyarados|Waterfall|p2a: Kingambit\n|-damage|p2a: Kingambit|3/100\n|move|p2b: Sneasler|Dire Claw|p1b: Sinistcha\n|-damage|p1b: Sinistcha|49/100\n|-status|p1b: Sinistcha|par\n|-enditem|p1b: Sinistcha|Sitrus Berry|[eat]\n|-heal|p1b: Sinistcha|74/100 par|[from] item: Sitrus Berry\n|cant|p2a: Kingambit|flinch\n|\n|upkeep\n|turn|7\n|c|\u2606something123|smh\n|\n|t:|1776138396\n|move|p2b: Sneasler|Protect|p2b: Sneasler\n|-singleturn|p2b: Sneasler|Protect\n|move|p1b: Sinistcha|Rage Powder|p1b: Sinistcha\n|-singleturn|p1b: Sinistcha|move: Rage Powder\n|move|p1a: Gyarados|Waterfall|p2b: Sneasler\n|-activate|p2b: Sneasler|move: Protect\n|move|p2a: Kingambit|Kowtow Cleave|p1b: Sinistcha\n|-supereffective|p1b: Sinistcha|1\n|-damage|p1b: Sinistcha|0 fnt\n|faint|p1b: Sinistcha\n|\n|upkeep\n|\n|t:|1776138402\n|switch|p1b: Dragapult|Dragapult, L50, F|100/100\n|turn|8\n|\n|t:|1776138447\n|move|p2a: Kingambit|Protect|p2a: Kingambit\n|-singleturn|p2a: Kingambit|Protect\n|move|p1b: Dragapult|Dragon Darts|p2b: Sneasler\n|-crit|p2b: Sneasler\n|-damage|p2b: Sneasler|0 fnt\n|faint|p2b: Sneasler\n|move|p1a: Gyarados|Waterfall|p2a: Kingambit\n|-activate|p2a: Kingambit|move: Protect\n|\n|upkeep\n|\n|t:|1776138453\n|switch|p2b: Palafin|Palafin-Hero, L50, F|100/100 par\n|-activate|p2b: Palafin|ability: Zero to Hero\n|turn|9\n|\n|t:|1776138465\n|move|p1a: Gyarados|Protect|p1a: Gyarados\n|-singleturn|p1a: Gyarados|Protect\n|move|p2a: Kingambit|Sucker Punch|p1b: Dragapult\n|-supereffective|p1b: Dragapult|1\n|-enditem|p1b: Dragapult|Colbur Berry|[eat]\n|-enditem|p1b: Dragapult|Colbur Berry|[weaken]\n|-damage|p1b: Dragapult|26/100\n|move|p2b: Palafin|Jet Punch|p1a: Gyarados\n|-activate|p1a: Gyarados|move: Protect\n|move|p1b: Dragapult|Dragon Darts|p2a: Kingambit\n|-resisted|p2a: Kingambit|1\n|-damage|p2a: Kingambit|0 fnt\n|-anim|p1b: Dragapult|Dragon Darts|p2b: Palafin\n|-damage|p2b: Palafin|80/100 par\n|faint|p2a: Kingambit\n|\n|upkeep\n|\n|t:|1776138476\n|switch|p2a: Froslass|Froslass, L50, F|100/100\n|turn|10\n|\n|t:|1776138498\n|detailschange|p2a: Froslass|Froslass-Mega, L50, F\n|-mega|p2a: Froslass|Froslass|Froslassite\n|-weather|Snowscape|[from] ability: Snow Warning|[of] p2a: Froslass\n|cant|p2b: Palafin|par\n|move|p1b: Dragapult|Light Screen|p1b: Dragapult\n|-sidestart|p1: CarajilloMan|move: Light Screen\n|move|p1a: Gyarados|Crunch|p2a: Froslass\n|-supereffective|p2a: Froslass|1\n|-damage|p2a: Froslass|28/100\n|move|p2a: Froslass|Blizzard|p1b: Dragapult|[spread] p1a,p1b\n|-supereffective|p1b: Dragapult|1\n|-damage|p1a: Gyarados|0 fnt\n|-damage|p1b: Dragapult|0 fnt\n|faint|p1a: Gyarados\n|faint|p1b: Dragapult\n|\n|-weather|Snowscape|[upkeep]\n|upkeep\n|\n|t:|1776138508\n|switch|p1b: Aggron|Aggron, L50, M|100/100\n|turn|11\n|\n|t:|1776138517\n|detailschange|p1b: Aggron|Aggron-Mega, L50, M\n|-mega|p1b: Aggron|Aggron|Aggronite\n|move|p2a: Froslass|Shadow Ball|p1b: Aggron\n|-damage|p1b: Aggron|80/100\n|move|p2b: Palafin|Wave Crash|p1b: Aggron\n|-damage|p1b: Aggron|36/100\n|-damage|p2b: Palafin|68/100 par|[from] Recoil\n|move|p1b: Aggron|Heavy Slam|p2a: Froslass\n|-supereffective|p2a: Froslass|1\n|-crit|p2a: Froslass\n|-damage|p2a: Froslass|0 fnt\n|faint|p2a: Froslass\n|\n|-weather|Snowscape|[upkeep]\n|upkeep\n|turn|12\n|\n|t:|1776138527\n|move|p2b: Palafin|Wave Crash|p1b: Aggron\n|-damage|p1b: Aggron|0 fnt\n|faint|p1b: Aggron\n|-damage|p2b: Palafin|58/100 par|[from] Recoil\n|\n|win|something123\n|raw|CarajilloMan's rating: 1454 &rarr; <strong>1437</strong><br />(-17 for losing)\n|raw|something123's rating: 1513 &rarr; <strong>1530</strong><br />(+17 for winning)\n|l|\u2606CarajilloMan\n|player|p1|\n",
  "uploadtime": 1776138533,
  "views": 46,
  "formatid": "gen9championsvgc2026regma",
  "rating": 1437,
  "private": 0,
  "password": null
}