{
  "id": "gen9championsvgc2026regma-2583997545",
  "format": "[Gen 9 Champions] VGC 2026 Reg M-A",
  "players": [
    "sisi1",
    "Na04"
  ],
  "log": "|j|\u2606sisi1\n|j|\u2606Na04\n|t:|1776215330\n|gametype|doubles\n|player|p1|sisi1|dawn|1094\n|player|p2|Na04|lucas|1063\n|gen|9\n|tier|[Gen 9 Champions] VGC 2026 Reg M-A\n|rated|\n|rule|Species Clause: Limit one of each Pok\u00e9mon\n|rule|Item Clause: Limit 1 of each item\n|clearpoke\n|poke|p1|Maushold, L50|\n|poke|p1|Meowstic, L50, M|\n|poke|p1|Talonflame, L50, F|\n|poke|p1|Gallade, L50, M|\n|poke|p1|Alakazam, L50, F|\n|poke|p1|Ninetales-Alola, L50, M|\n|poke|p2|Pelipper, L50, M|\n|poke|p2|Lucario, L50, F|\n|poke|p2|Manectric, L50, F|\n|poke|p2|Simipour, L50, M|\n|poke|p2|Basculegion, L50, M|\n|poke|p2|Archaludon, L50, M|\n|teampreview|4\n|\n|t:|1776215358\n|teamsize|p1|4\n|teamsize|p2|4\n|start\n|switch|p1a: Meowstic|Meowstic, L50, M|100/100\n|switch|p1b: Maushold|Maushold, L50|100/100\n|switch|p2a: Basculegion|Basculegion, L50, M|100/100\n|switch|p2b: Simipour|Simipour, L50, M|100/100\n|turn|1\n|\n|t:|1776215372\n|move|p2b: Simipour|Fake Out|p1a: Meowstic\n|-damage|p1a: Meowstic|92/100\n|cant|p1a: Meowstic|flinch\n|move|p2a: Basculegion|Flip Turn|p1b: Maushold\n|-damage|p1b: Maushold|44/100\n|\n|t:|1776215380\n|switch|p2a: Pelipper|Pelipper, L50, M|100/100|[from] Flip Turn\n|-weather|RainDance|[from] ability: Drizzle|[of] p2a: Pelipper\n|move|p1b: Maushold|Population Bomb|p2b: Simipour\n|-damage|p2b: Simipour|79/100\n|-damage|p2b: Simipour|57/100\n|-damage|p2b: Simipour|35/100\n|-damage|p2b: Simipour|12/100\n|-damage|p2b: Simipour|0 fnt\n|faint|p2b: Simipour\n|-hitcount|p2: Simipour|5\n|\n|-weather|RainDance|[upkeep]\n|upkeep\n|\n|t:|1776215391\n|switch|p2b: Basculegion|Basculegion, L50, M|100/100\n|turn|2\n|\n|t:|1776215413\n|switch|p1a: Ninetales|Ninetales-Alola, L50, M|100/100\n|-weather|Snowscape|[from] ability: Snow Warning|[of] p1a: Ninetales\n|move|p2b: Basculegion|Flip Turn|p1a: Ninetales\n|-damage|p1a: Ninetales|70/100\n|\n|t:|1776215420\n|switch|p2b: Lucario|Lucario, L50, F|100/100|[from] Flip Turn\n|move|p1b: Maushold|Population Bomb|p2a: Pelipper\n|-damage|p2a: Pelipper|86/100\n|-damage|p2a: Pelipper|71/100\n|-damage|p2a: Pelipper|57/100\n|-damage|p2a: Pelipper|44/100\n|-enditem|p2a: Pelipper|Sitrus Berry|[eat]\n|-heal|p2a: Pelipper|68/100|[from] item: Sitrus Berry\n|-damage|p2a: Pelipper|55/100\n|-damage|p2a: Pelipper|40/100\n|-damage|p2a: Pelipper|26/100\n|-damage|p2a: Pelipper|11/100\n|-damage|p2a: Pelipper|0 fnt\n|faint|p2a: Pelipper\n|-hitcount|p2: Pelipper|9\n|\n|-weather|Snowscape|[upkeep]\n|-heal|p1a: Ninetales|76/100|[from] item: Leftovers\n|upkeep\n|\n|t:|1776215437\n|switch|p2a: Basculegion|Basculegion, L50, M|100/100\n|turn|3\n|\n|t:|1776215447\n|detailschange|p2b: Lucario|Lucario-Mega, L50, F\n|-mega|p2b: Lucario|Lucario|Lucarionite\n|move|p1b: Maushold|Follow Me|p1b: Maushold\n|-singleturn|p1b: Maushold|move: Follow Me\n|move|p2a: Basculegion|Wave Crash|p1b: Maushold\n|-crit|p1b: Maushold\n|-damage|p1b: Maushold|0 fnt\n|faint|p1b: Maushold\n|-damage|p2a: Basculegion|90/100|[from] Recoil\n|move|p2b: Lucario|Meteor Mash|p1a: Ninetales\n|-supereffective|p1a: Ninetales|2\n|-damage|p1a: Ninetales|0 fnt\n|faint|p1a: Ninetales\n|\n|-weather|Snowscape|[upkeep]\n|upkeep\n|\n|t:|1776215460\n|switch|p1b: Alakazam|Alakazam, L50, F|100/100\n|switch|p1a: Meowstic|Meowstic, L50, M|92/100\n|turn|4\n|\n|t:|1776215470\n|detailschange|p1b: Alakazam|Alakazam-Mega, L50, F\n|-mega|p1b: Alakazam|Alakazam|Alakazite\n|-ability|p1b: Alakazam|Adaptability|Trace|[from] ability: Trace|[of] p2a: Basculegion\n|move|p1b: Alakazam|Protect|p1b: Alakazam\n|-singleturn|p1b: Alakazam|Protect\n|move|p2b: Lucario|Bullet Punch|p1b: Alakazam\n|-activate|p1b: Alakazam|move: Protect\n|move|p1a: Meowstic|Psychic Terrain|p1a: Meowstic\n|-fieldstart|move: Psychic Terrain\n|move|p2a: Basculegion|Wave Crash|p1b: Alakazam\n|-activate|p1b: Alakazam|move: Protect\n|\n|-weather|Snowscape|[upkeep]\n|upkeep\n|turn|5\n|\n|t:|1776215488\n|move|p1a: Meowstic|Helping Hand|p1b: Alakazam\n|-singleturn|p1b: Alakazam|Helping Hand|[of] p1a: Meowstic\n|move|p1b: Alakazam|Expanding Force|p2a: Basculegion|[spread] p2a,p2b\n|-damage|p2a: Basculegion|0 fnt\n|-damage|p2b: Lucario|0 fnt\n|faint|p2a: Basculegion\n|faint|p2b: Lucario\n|\n|win|sisi1\n|raw|sisi1's rating: 1094 &rarr; <strong>1118</strong><br />(+24 for winning)\n|raw|Na04's rating: 1063 &rarr; <strong>1045</strong><br />(-18 for losing)\n|l|\u2606Na04\n|player|p2|\n",
  "uploadtime": 1776215496,
  "views": 33,
  "formatid": "gen9championsvgc2026regma",
  "rating": 1045,
  "private": 0,
  "password": null
}