{
  "id": "gen9championsvgc2026regma-2583945581",
  "format": "[Gen 9 Champions] VGC 2026 Reg M-A",
  "players": [
    "Foolafetti",
    "h2obama"
  ],
  "log": "|j|\u2606Foolafetti\n|j|\u2606h2obama\n|t:|1776210638\n|gametype|doubles\n|player|p1|Foolafetti|170|1135\n|player|p2|h2obama|170|1213\n|gen|9\n|tier|[Gen 9 Champions] VGC 2026 Reg M-A\n|rated|\n|rule|Species Clause: Limit one of each Pok\u00e9mon\n|rule|Item Clause: Limit 1 of each item\n|clearpoke\n|poke|p1|Tauros-Paldea-Aqua, L50, M|\n|poke|p1|Meganium, L50, M|\n|poke|p1|Archaludon, L50, F|\n|poke|p1|Pelipper, L50, M|\n|poke|p1|Aerodactyl, L50, F|\n|poke|p1|Raichu, L50, F|\n|poke|p2|Scovillain, L50, M|\n|poke|p2|Tyranitar, L50, F|\n|poke|p2|Aegislash, L50, M|\n|poke|p2|Milotic, L50, M|\n|poke|p2|Aerodactyl, L50, F|\n|poke|p2|Basculegion, L50, M|\n|teampreview|4\n|inactive|Battle timer is ON: inactive players will automatically lose when time's up. (requested by Foolafetti)\n|\n|t:|1776210688\n|teamsize|p1|4\n|teamsize|p2|4\n|start\n|switch|p1a: Raichu|Raichu, L50, F|100/100\n|switch|p1b: Aerodactyl|Aerodactyl, L50, F|100/100\n|switch|p2a: Tyranitar|Tyranitar, L50, F|100/100\n|switch|p2b: Aegislash|Aegislash, L50, M|100/100\n|-weather|Sandstorm|[from] ability: Sand Stream|[of] p2a: Tyranitar\n|turn|1\n|\n|t:|1776210708\n|move|p1a: Raichu|Fake Out|p2a: Tyranitar\n|-resisted|p2a: Tyranitar|1\n|-damage|p2a: Tyranitar|97/100\n|move|p1b: Aerodactyl|Tailwind|p1b: Aerodactyl\n|-sidestart|p1: Foolafetti|move: Tailwind\n|cant|p2a: Tyranitar|flinch\n|-formechange|p2b: Aegislash|Aegislash-Blade|\n|move|p2b: Aegislash|Shadow Ball|p1b: Aerodactyl\n|-damage|p1b: Aerodactyl|51/100\n|\n|-weather|Sandstorm|[upkeep]\n|-damage|p1a: Raichu|95/100|[from] Sandstorm\n|upkeep\n|turn|2\n|\n|t:|1776210724\n|move|p2a: Tyranitar|Protect|p2a: Tyranitar\n|-singleturn|p2a: Tyranitar|Protect\n|-formechange|p2b: Aegislash|Aegislash|\n|move|p2b: Aegislash|King's Shield|p2b: Aegislash\n|-singleturn|p2b: Aegislash|Protect\n|move|p1b: Aerodactyl|Iron Head|p2a: Tyranitar\n|-activate|p2a: Tyranitar|move: Protect\n|move|p1a: Raichu|Volt Switch|p2b: Aegislash\n|-activate|p2b: Aegislash|move: Protect\n|\n|-weather|Sandstorm|[upkeep]\n|-damage|p1a: Raichu|89/100|[from] Sandstorm\n|upkeep\n|turn|3\n|\n|t:|1776210743\n|switch|p2a: Scovillain|Scovillain, L50, M|100/100\n|move|p1b: Aerodactyl|Iron Head|p2a: Scovillain\n|-resisted|p2a: Scovillain|1\n|-damage|p2a: Scovillain|89/100\n|move|p1a: Raichu|Volt Switch|p2a: Scovillain\n|-resisted|p2a: Scovillain|1\n|-damage|p2a: Scovillain|64/100\n|\n|t:|1776210748\n|switch|p1a: Pelipper|Pelipper, L50, M|100/100|[from] Volt Switch\n|-weather|RainDance|[from] ability: Drizzle|[of] p1a: Pelipper\n|-formechange|p2b: Aegislash|Aegislash-Blade|\n|move|p2b: Aegislash|Shadow Ball|p1b: Aerodactyl\n|-damage|p1b: Aerodactyl|0 fnt\n|faint|p1b: Aerodactyl\n|\n|-weather|RainDance|[upkeep]\n|-ability|p2a: Scovillain|Moody|boost\n|-boost|p2a: Scovillain|def|2\n|-unboost|p2a: Scovillain|spd|1\n|upkeep\n|\n|t:|1776210753\n|switch|p1b: Meganium|Meganium, L50, M, shiny|100/100\n|turn|4\n|inactive|h2obama has 30 seconds left.\n|\n|t:|1776210785\n|switch|p2b: Tyranitar|Tyranitar, L50, F|97/100\n|-weather|Sandstorm|[from] ability: Sand Stream|[of] p2b: Tyranitar\n|detailschange|p1b: Meganium|Meganium-Mega, L50, M, shiny\n|-mega|p1b: Meganium|Meganium|Meganiumite\n|move|p2a: Scovillain|Protect|p2a: Scovillain\n|-singleturn|p2a: Scovillain|Protect\n|move|p1b: Meganium|Weather Ball|p2a: Scovillain\n|-activate|p2a: Scovillain|move: Protect\n|move|p1a: Pelipper|Hurricane|p2b: Tyranitar\n|-resisted|p2b: Tyranitar|1\n|-damage|p2b: Tyranitar|80/100\n|\n|-weather|Sandstorm|[upkeep]\n|-damage|p1b: Meganium|95/100|[from] Sandstorm\n|-damage|p1a: Pelipper|95/100|[from] Sandstorm\n|-damage|p2a: Scovillain|59/100|[from] Sandstorm\n|-sideend|p1: Foolafetti|move: Tailwind\n|-ability|p2a: Scovillain|Moody|boost\n|-boost|p2a: Scovillain|spa|2\n|-unboost|p2a: Scovillain|atk|1\n|upkeep\n|turn|5\n|\n|t:|1776210808\n|move|p2b: Tyranitar|Rock Slide|p1a: Pelipper|[spread] p1a,p1b\n|-supereffective|p1a: Pelipper|1\n|-damage|p1a: Pelipper|29/100\n|-damage|p1b: Meganium|72/100\n|move|p1b: Meganium|Solar Beam||[still]\n|-prepare|p1b: Meganium|Solar Beam\n|-activate|p1b: Meganium|ability: Mega Sol\n|-anim|p1b: Meganium|Solar Beam|p2b: Tyranitar\n|-supereffective|p2b: Tyranitar|1\n|-damage|p2b: Tyranitar|0 fnt\n|faint|p2b: Tyranitar\n|move|p2a: Scovillain|Flamethrower|p1b: Meganium\n|-supereffective|p1b: Meganium|1\n|-damage|p1b: Meganium|0 fnt\n|faint|p1b: Meganium\n|move|p1a: Pelipper|U-turn|p2a: Scovillain\n|-damage|p2a: Scovillain|54/100\n|\n|t:|1776210818\n|switch|p1a: Raichu|Raichu, L50, F|89/100|[from] U-turn\n|\n|-weather|Sandstorm|[upkeep]\n|-damage|p1a: Raichu|83/100|[from] Sandstorm\n|-damage|p2a: Scovillain|48/100|[from] Sandstorm\n|-ability|p2a: Scovillain|Moody|boost\n|-boost|p2a: Scovillain|spa|2\n|-unboost|p2a: Scovillain|spd|1\n|upkeep\n|\n|t:|1776210828\n|switch|p2b: Aerodactyl|Aerodactyl, L50, F|100/100\n|switch|p1b: Pelipper|Pelipper, L50, M|29/100\n|-ability|p2b: Aerodactyl|Unnerve\n|-weather|RainDance|[from] ability: Drizzle|[of] p1b: Pelipper\n|turn|6\n|\n|t:|1776210842\n|move|p2b: Aerodactyl|Protect|p2b: Aerodactyl\n|-singleturn|p2b: Aerodactyl|Protect\n|move|p2a: Scovillain|Protect|p2a: Scovillain\n|-singleturn|p2a: Scovillain|Protect\n|move|p1a: Raichu|Fake Out|p2b: Aerodactyl\n|-activate|p2b: Aerodactyl|move: Protect\n|move|p1b: Pelipper|Hurricane|p2a: Scovillain\n|-activate|p2a: Scovillain|move: Protect\n|\n|-weather|RainDance|[upkeep]\n|-ability|p2a: Scovillain|Moody|boost\n|-boost|p2a: Scovillain|atk|2\n|-unboost|p2a: Scovillain|spe|1\n|upkeep\n|turn|7\n|\n|t:|1776210852\n|detailschange|p2a: Scovillain|Scovillain-Mega, L50, M\n|-mega|p2a: Scovillain|Scovillain|Scovillainite\n|move|p2a: Scovillain|Rage Powder|p2a: Scovillain\n|-singleturn|p2a: Scovillain|move: Rage Powder\n|move|p2b: Aerodactyl|Rock Slide|p1b: Pelipper|[spread] p1a,p1b\n|-supereffective|p1b: Pelipper|1\n|-damage|p1a: Raichu|24/100\n|-damage|p1b: Pelipper|0 fnt\n|faint|p1b: Pelipper\n|move|p1a: Raichu|Electroweb|p2b: Aerodactyl|[spread] p2a,p2b\n|-resisted|p2a: Scovillain|1\n|-supereffective|p2b: Aerodactyl|1\n|-damage|p2a: Scovillain|24/100\n|-damage|p2b: Aerodactyl|42/100\n|-unboost|p2a: Scovillain|spe|1\n|-unboost|p2b: Aerodactyl|spe|1\n|-status|p1a: Raichu|brn|[from] ability: Spicy Spray|[of] p2a: Scovillain\n|\n|-weather|RainDance|[upkeep]\n|-damage|p1a: Raichu|18/100 brn|[from] brn\n|upkeep\n|turn|8\n|-message|Foolafetti forfeited.\n|\n|win|h2obama\n|raw|Foolafetti's rating: 1135 &rarr; <strong>1116</strong><br />(-19 for losing)\n|raw|h2obama's rating: 1213 &rarr; <strong>1232</strong><br />(+19 for winning)\n|l|\u2606Foolafetti\n|player|p1|\n",
  "uploadtime": 1776210872,
  "views": 21,
  "formatid": "gen9championsvgc2026regma",
  "rating": 1116,
  "private": 0,
  "password": null
}