{
  "id": "gen9championsvgc2026regma-2586367255",
  "format": "[Gen 9 Champions] VGC 2026 Reg M-A",
  "players": [
    "blankk22",
    "KittyPrincess194"
  ],
  "log": "|j|\u2606blankk22\n|j|\u2606KittyPrincess194\n|t:|1776429304\n|gametype|doubles\n|player|p1|blankk22|koga|1130\n|player|p2|KittyPrincess194|2|1118\n|gen|9\n|tier|[Gen 9 Champions] VGC 2026 Reg M-A\n|rated|\n|rule|Species Clause: Limit one of each Pok\u00e9mon\n|rule|Item Clause: Limit 1 of each item\n|clearpoke\n|poke|p1|Charizard, L50, F|\n|poke|p1|Whimsicott, L50, F|\n|poke|p1|Sneasler, L50, F|\n|poke|p1|Garchomp, L50, M|\n|poke|p1|Rotom-Wash, L50|\n|poke|p1|Incineroar, L50, M|\n|poke|p2|Froslass, L50, F|\n|poke|p2|Incineroar, L50, F|\n|poke|p2|Whimsicott, L50, M|\n|poke|p2|Kommo-o, L50, M|\n|poke|p2|Basculegion, L50, M|\n|poke|p2|Archaludon, L50, F|\n|teampreview|4\nblankk22 has agreed to open team sheets.\n|\n|t:|1776429339\n|teamsize|p1|4\n|teamsize|p2|4\n|start\n|switch|p1a: Rotom|Rotom-Wash, L50|100/100\n|switch|p1b: Garchomp|Garchomp, L50, M|100/100\n|switch|p2a: Incineroar|Incineroar, L50, F|100/100\n|switch|p2b: Froslass|Froslass, L50, F|100/100\n|-ability|p2a: Incineroar|Intimidate|boost\n|-unboost|p1a: Rotom|atk|1\n|-unboost|p1b: Garchomp|atk|1\n|turn|1\n|\n|t:|1776429356\n|detailschange|p2b: Froslass|Froslass-Mega, L50, F\n|-mega|p2b: Froslass|Froslass|Froslassite\n|-weather|Snowscape|[from] ability: Snow Warning|[of] p2b: Froslass\n|move|p2a: Incineroar|Fake Out|p1a: Rotom\n|-damage|p1a: Rotom|86/100\n|move|p2b: Froslass|Blizzard|p1a: Rotom|[spread] p1a,p1b\n|-resisted|p1a: Rotom|1\n|-supereffective|p1b: Garchomp|2\n|-damage|p1a: Rotom|66/100\n|-damage|p1b: Garchomp|0 fnt\n|faint|p1b: Garchomp\n|cant|p1a: Rotom|flinch\n|\n|-weather|Snowscape|[upkeep]\n|-heal|p1a: Rotom|72/100|[from] item: Leftovers\n|upkeep\n|\n|t:|1776429374\n|switch|p1b: Charizard|Charizard, L50, F|100/100\n|turn|2\n|\n|t:|1776429386\n|detailschange|p1b: Charizard|Charizard-Mega-Y, L50, F\n|-mega|p1b: Charizard|Charizard|Charizardite Y\n|-weather|SunnyDay|[from] ability: Drought|[of] p1b: Charizard\n|move|p2b: Froslass|Aurora Veil||[still]\n|-fail|p2b: Froslass\n|move|p1b: Charizard|Heat Wave|p2a: Incineroar|[spread] p2a,p2b\n|-resisted|p2a: Incineroar|1\n|-supereffective|p2b: Froslass|1\n|-damage|p2a: Incineroar|71/100\n|-damage|p2b: Froslass|0 fnt\n|faint|p2b: Froslass\n|move|p1a: Rotom|Hydro Pump|p2a: Incineroar\n|-supereffective|p2a: Incineroar|1\n|-damage|p2a: Incineroar|36/100\n|move|p2a: Incineroar|Throat Chop|p1b: Charizard\n|-damage|p1b: Charizard|40/100\n|-start|p1b: Charizard|Throat Chop|[silent]\n|\n|-weather|SunnyDay|[upkeep]\n|-heal|p1a: Rotom|77/100|[from] item: Leftovers\n|upkeep\n|\n|t:|1776429403\n|switch|p2b: Whimsicott|Whimsicott, L50, M|100/100\n|turn|3\n|\n|t:|1776429430\n|move|p2b: Whimsicott|Tailwind|p2b: Whimsicott\n|-sidestart|p2: KittyPrincess194|move: Tailwind\n|move|p2a: Incineroar|Throat Chop|p1b: Charizard\n|-damage|p1b: Charizard|0 fnt\n|faint|p1b: Charizard\n|move|p1a: Rotom|Hydro Pump|p2a: Incineroar\n|-supereffective|p2a: Incineroar|1\n|-damage|p2a: Incineroar|0 fnt\n|faint|p2a: Incineroar\n|\n|-weather|SunnyDay|[upkeep]\n|-heal|p1a: Rotom|83/100|[from] item: Leftovers\n|upkeep\n|inactive|Battle timer is ON: inactive players will automatically lose when time's up. (requested by blankk22)\n|\n|t:|1776429455\n|switch|p1b: Whimsicott|Whimsicott, L50, F|100/100\n|switch|p2a: Kommo-o|Kommo-o, L50, M|100/100\n|turn|4\n|\n|t:|1776429468\n|move|p2b: Whimsicott|Encore|p1a: Rotom\n|-start|p1a: Rotom|Encore\n|move|p1b: Whimsicott|Tailwind|p1b: Whimsicott\n|-sidestart|p1: blankk22|move: Tailwind\n|move|p2a: Kommo-o|Flash Cannon|p1b: Whimsicott\n|-supereffective|p1b: Whimsicott|1\n|-damage|p1b: Whimsicott|42/100\n|move|p1a: Rotom|Hydro Pump|p2b: Whimsicott|[miss]\n|-miss|p1a: Rotom|p2b: Whimsicott\n|\n|-weather|SunnyDay|[upkeep]\n|-heal|p1a: Rotom|88/100|[from] item: Leftovers\n|upkeep\n|turn|5\n|\n|t:|1776429484\n|move|p2b: Whimsicott|Encore|p1b: Whimsicott\n|-start|p1b: Whimsicott|Encore\n|move|p1b: Whimsicott|Tailwind||[still]\n|-fail|p1b: Whimsicott\n|move|p2a: Kommo-o|Flash Cannon|p1b: Whimsicott\n|-supereffective|p1b: Whimsicott|1\n|-damage|p1b: Whimsicott|0 fnt\n|faint|p1b: Whimsicott\n|move|p1a: Rotom|Hydro Pump|p2a: Kommo-o\n|-resisted|p2a: Kommo-o|1\n|-damage|p2a: Kommo-o|90/100\n|\n|-weather|SunnyDay|[upkeep]\n|-heal|p1a: Rotom|94/100|[from] item: Leftovers\n|upkeep\n|turn|6\n|\n|t:|1776429505\n|move|p2b: Whimsicott|Encore||[still]\n|-fail|p2b: Whimsicott\n|move|p2a: Kommo-o|Flash Cannon|p1a: Rotom\n|-resisted|p1a: Rotom|2\n|-crit|p1a: Rotom\n|-damage|p1a: Rotom|87/100\n|move|p1a: Rotom|Hydro Pump|p2a: Kommo-o\n|-resisted|p2a: Kommo-o|1\n|-damage|p2a: Kommo-o|79/100\n|\n|-weather|none\n|-heal|p1a: Rotom|92/100|[from] item: Leftovers\n|-end|p1a: Rotom|Encore\n|-sideend|p2: KittyPrincess194|move: Tailwind\n|upkeep\n|turn|7\n|\n|t:|1776429520\n|move|p2b: Whimsicott|Encore|p1a: Rotom\n|-start|p1a: Rotom|Encore\n|move|p1a: Rotom|Hydro Pump|p2a: Kommo-o|[miss]\n|-miss|p1a: Rotom|p2a: Kommo-o\n|move|p2a: Kommo-o|Flash Cannon|p1a: Rotom\n|-resisted|p1a: Rotom|2\n|-damage|p1a: Rotom|88/100\n|\n|-heal|p1a: Rotom|93/100|[from] item: Leftovers\n|-sideend|p1: blankk22|move: Tailwind\n|upkeep\n|turn|8\n|\n|t:|1776429535\n|move|p2b: Whimsicott|Tailwind|p2b: Whimsicott\n|-sidestart|p2: KittyPrincess194|move: Tailwind\n|move|p2a: Kommo-o|Flash Cannon|p1a: Rotom\n|-resisted|p1a: Rotom|2\n|-damage|p1a: Rotom|88/100\n|move|p1a: Rotom|Hydro Pump|p2a: Kommo-o\n|-resisted|p2a: Kommo-o|1\n|-damage|p2a: Kommo-o|58/100\n|\n|-heal|p1a: Rotom|94/100|[from] item: Leftovers\n|upkeep\n|turn|9\n|\n|t:|1776429556\n|move|p2b: Whimsicott|Tailwind||[still]\n|-fail|p2b: Whimsicott\n|move|p2a: Kommo-o|Flash Cannon|p1a: Rotom\n|-resisted|p1a: Rotom|2\n|-damage|p1a: Rotom|89/100\n|move|p1a: Rotom|Hydro Pump|p2a: Kommo-o\n|-resisted|p2a: Kommo-o|1\n|-damage|p2a: Kommo-o|37/100\n|\n|-heal|p1a: Rotom|95/100|[from] item: Leftovers\n|-end|p1a: Rotom|Encore\n|upkeep\n|turn|10\n|inactive|KittyPrincess194 has 30 seconds left.\n|inactive|KittyPrincess194 has 20 seconds left.\n|inactive|KittyPrincess194 has 15 seconds left.\n|inactive|KittyPrincess194 has 10 seconds left.\n|\n|t:|1776429603\n|move|p2b: Whimsicott|Encore||[still]\n|-fail|p2b: Whimsicott\n|move|p2a: Kommo-o|Flash Cannon|p1a: Rotom\n|-resisted|p1a: Rotom|2\n|-damage|p1a: Rotom|90/100\n|move|p1a: Rotom|Will-O-Wisp|p2a: Kommo-o|[miss]\n|-miss|p1a: Rotom|p2a: Kommo-o\n|\n|-heal|p1a: Rotom|96/100|[from] item: Leftovers\n|upkeep\n|turn|11\n|\n|t:|1776429620\n|move|p2b: Whimsicott|Encore|p1a: Rotom\n|-start|p1a: Rotom|Encore\n|move|p2a: Kommo-o|Flash Cannon|p1a: Rotom\n|-resisted|p1a: Rotom|2\n|-damage|p1a: Rotom|91/100\n|move|p1a: Rotom|Will-O-Wisp|p2a: Kommo-o\n|-status|p2a: Kommo-o|brn\n|\n|-heal|p1a: Rotom|96/100|[from] item: Leftovers\n|-damage|p2a: Kommo-o|32/100 brn|[from] brn\n|-sideend|p2: KittyPrincess194|move: Tailwind\n|upkeep\n|turn|12\n|\n|t:|1776429634\n|move|p2b: Whimsicott|Encore||[still]\n|-fail|p2b: Whimsicott\n|move|p2a: Kommo-o|Flash Cannon|p1a: Rotom\n|-resisted|p1a: Rotom|2\n|-crit|p1a: Rotom\n|-damage|p1a: Rotom|90/100\n|move|p1a: Rotom|Will-O-Wisp|p2b: Whimsicott\n|-status|p2b: Whimsicott|brn\n|\n|-heal|p1a: Rotom|96/100|[from] item: Leftovers\n|-damage|p2a: Kommo-o|26/100 brn|[from] brn\n|-damage|p2b: Whimsicott|95/100 brn|[from] brn\n|upkeep\n|turn|13\n|\n|t:|1776429647\n|move|p2b: Whimsicott|Tailwind|p2b: Whimsicott\n|-sidestart|p2: KittyPrincess194|move: Tailwind\n|move|p2a: Kommo-o|Flash Cannon|p1a: Rotom\n|-resisted|p1a: Rotom|2\n|-damage|p1a: Rotom|91/100\n|move|p1a: Rotom|Will-O-Wisp|p2a: Kommo-o\n|-fail|p2a: Kommo-o|brn\n|\n|-heal|p1a: Rotom|96/100|[from] item: Leftovers\n|-damage|p2a: Kommo-o|20/100 brn|[from] brn\n|-damage|p2b: Whimsicott|89/100 brn|[from] brn\n|-end|p1a: Rotom|Encore\n|upkeep\n|turn|14\n|\n|t:|1776429662\n|move|p1a: Rotom|Protect|p1a: Rotom\n|-singleturn|p1a: Rotom|Protect\n|move|p2b: Whimsicott|Encore|p1a: Rotom\n|-activate|p1a: Rotom|move: Protect\n|move|p2a: Kommo-o|Flash Cannon|p1a: Rotom\n|-activate|p1a: Rotom|move: Protect\n|\n|-heal|p1a: Rotom|100/100|[from] item: Leftovers\n|-damage|p2a: Kommo-o|14/100 brn|[from] brn\n|-damage|p2b: Whimsicott|83/100 brn|[from] brn\n|upkeep\n|turn|15\n|\n|t:|1776429676\n|move|p2a: Kommo-o|Flash Cannon|p1a: Rotom\n|-resisted|p1a: Rotom|2\n|-damage|p1a: Rotom|96/100\n|move|p2b: Whimsicott|Endeavor|p1a: Rotom\n|-immune|p1a: Rotom\n|move|p1a: Rotom|Discharge|p2b: Whimsicott|[spread] p2a,p2b\n|-resisted|p2a: Kommo-o|1\n|-resisted|p2b: Whimsicott|1\n|-damage|p2a: Kommo-o|3/100 brn\n|-damage|p2b: Whimsicott|67/100 brn\n|\n|-heal|p1a: Rotom|100/100|[from] item: Leftovers\n|-damage|p2a: Kommo-o|0 fnt|[from] brn\n|faint|p2a: Kommo-o\n|-damage|p2b: Whimsicott|61/100 brn|[from] brn\n|upkeep\n|turn|16\n|\n|t:|1776429691\n|move|p2b: Whimsicott|Endeavor|p1a: Rotom\n|-damage|p1a: Rotom|81/100\n|move|p1a: Rotom|Discharge|p2b: Whimsicott\n|-resisted|p2b: Whimsicott|1\n|-damage|p2b: Whimsicott|41/100 brn\n|\n|-heal|p1a: Rotom|87/100|[from] item: Leftovers\n|-damage|p2b: Whimsicott|35/100 brn|[from] brn\n|-sideend|p2: KittyPrincess194|move: Tailwind\n|upkeep\n|turn|17\n|\n|t:|1776429700\n|move|p2b: Whimsicott|Endeavor|p1a: Rotom\n|-damage|p1a: Rotom|47/100\n|move|p1a: Rotom|Discharge|p2b: Whimsicott\n|-resisted|p2b: Whimsicott|1\n|-damage|p2b: Whimsicott|12/100 brn\n|\n|-heal|p1a: Rotom|52/100|[from] item: Leftovers\n|-damage|p2b: Whimsicott|6/100 brn|[from] brn\n|upkeep\n|turn|18\n|\n|t:|1776429710\n|move|p1a: Rotom|Protect|p1a: Rotom\n|-singleturn|p1a: Rotom|Protect\n|move|p2b: Whimsicott|Endeavor|p1a: Rotom\n|-activate|p1a: Rotom|move: Protect\n|\n|-heal|p1a: Rotom|58/100|[from] item: Leftovers\n|-damage|p2b: Whimsicott|0 fnt|[from] brn\n|faint|p2b: Whimsicott\n|\n|win|blankk22\n|raw|blankk22's rating: 1130 &rarr; <strong>1154</strong><br />(+24 for winning)\n|raw|KittyPrincess194's rating: 1118 &rarr; <strong>1094</strong><br />(-24 for losing)\n|l|\u2606KittyPrincess194\n|player|p2|\n|c|\u2606blankk22|ggs\n",
  "uploadtime": 1776429723,
  "views": 31,
  "formatid": "gen9championsvgc2026regma",
  "rating": 1094,
  "private": 0,
  "password": null
}