{
  "id": "gen9championsvgc2026regma-2581160861",
  "format": "[Gen 9 Champions] VGC 2026 Reg M-A",
  "players": [
    "lumi091",
    "AgsAllDay12"
  ],
  "log": "|j|\u2606lumi091\n|j|\u2606AgsAllDay12\n|t:|1775965783\n|gametype|doubles\n|player|p1|lumi091|102|1087\n|player|p2|AgsAllDay12|170|1133\n|gen|9\n|tier|[Gen 9 Champions] VGC 2026 Reg M-A\n|rated|\n|rule|Species Clause: Limit one of each Pok\u00e9mon\n|rule|Item Clause: Limit 1 of each item\n|clearpoke\n|poke|p1|Charizard, L50, M|\n|poke|p1|Venusaur, L50, F|\n|poke|p1|Garchomp, L50, M|\n|poke|p1|Rotom-Wash, L50|\n|poke|p1|Sneasler, L50, F|\n|poke|p1|Incineroar, L50, F|\n|poke|p2|Floette-Eternal, L50, F|\n|poke|p2|Delphox, L50, F|\n|poke|p2|Incineroar, L50, M|\n|poke|p2|Aerodactyl, L50, F|\n|poke|p2|Maushold, L50|\n|poke|p2|Garchomp, L50, F|\n|teampreview|4\n|inactive|Battle timer is ON: inactive players will automatically lose when time's up. (requested by lumi091)\n|inactive|AgsAllDay12 has 60 seconds left.\n|\n|t:|1775965840\n|teamsize|p1|4\n|teamsize|p2|4\n|start\n|switch|p1a: Charizard|Charizard, L50, M|100/100\n|switch|p1b: Venusaur|Venusaur, L50, F|100/100\n|switch|p2a: Delphox|Delphox, L50, F|100/100\n|switch|p2b: Maushold|Maushold, L50|100/100\n|turn|1\n|inactive|lumi091 has 30 seconds left.\n|\n|t:|1775965868\n|switch|p1b: Garchomp|Garchomp, L50, M|100/100\n|detailschange|p2a: Delphox|Delphox-Mega, L50, F\n|-mega|p2a: Delphox|Delphox|Delphoxite\n|move|p2b: Maushold|Follow Me|p2b: Maushold\n|-singleturn|p2b: Maushold|move: Follow Me\n|move|p2a: Delphox|Substitute|p2a: Delphox\n|-start|p2a: Delphox|Substitute\n|-damage|p2a: Delphox|76/100\n|move|p1a: Charizard|Heat Wave|p2a: Delphox|[spread] p2a\n|-miss|p1a: Charizard|p2b: Maushold\n|-resisted|p2a: Delphox|1\n|-activate|p2a: Delphox|move: Substitute|[damage]\n|\n|upkeep\n|turn|2\n|inactive|AgsAllDay12 has 30 seconds left.\n|\n|t:|1775965897\n|move|p1b: Garchomp|Earthquake|p2a: Delphox|[spread] p2b\n|-immune|p1a: Charizard\n|-immune|p2a: Delphox|[from] ability: Levitate\n|-damage|p2b: Maushold|50/100\n|move|p2a: Delphox|Psychic|p1a: Charizard\n|-damage|p1a: Charizard|37/100\n|move|p2b: Maushold|Super Fang|p1b: Garchomp\n|-damage|p1b: Garchomp|51/100\n|-damage|p2b: Maushold|38/100|[from] ability: Rough Skin|[of] p1b: Garchomp\n|move|p1a: Charizard|Heat Wave|p2a: Delphox|[spread] p2a\n|-miss|p1a: Charizard|p2b: Maushold\n|-resisted|p2a: Delphox|1\n|-activate|p2a: Delphox|move: Substitute|[damage]\n|\n|upkeep\n|turn|3\n|inactive|AgsAllDay12 has 30 seconds left.\n|\n|t:|1775965923\n|switch|p1b: Rotom|Rotom-Wash, L50|100/100\n|move|p2b: Maushold|Protect|p2b: Maushold\n|-singleturn|p2b: Maushold|Protect\n|move|p1a: Charizard|Protect|p1a: Charizard\n|-singleturn|p1a: Charizard|Protect\n|move|p2a: Delphox|Psychic|p1a: Charizard\n|-activate|p1a: Charizard|move: Protect\n|\n|upkeep\n|turn|4\n|inactive|AgsAllDay12 has 30 seconds left.\n|\n|t:|1775965956\n|detailschange|p1a: Charizard|Charizard-Mega-Y, L50, M\n|-mega|p1a: Charizard|Charizard|Charizardite Y\n|-weather|SunnyDay|[from] ability: Drought|[of] p1a: Charizard\n|move|p2b: Maushold|Follow Me|p2b: Maushold\n|-singleturn|p2b: Maushold|move: Follow Me\n|move|p2a: Delphox|Psychic|p1b: Rotom\n|-damage|p1b: Rotom|36/100\n|move|p1a: Charizard|Weather Ball|p2b: Maushold\n|-damage|p2b: Maushold|0 fnt\n|faint|p2b: Maushold\n|move|p1b: Rotom|Hydro Pump|p2a: Delphox\n|-supereffective|p2a: Delphox|1\n|-end|p2a: Delphox|Substitute\n|\n|-weather|SunnyDay|[upkeep]\n|upkeep\n|\n|t:|1775965981\n|switch|p2b: Aerodactyl|Aerodactyl, L50, F|100/100\n|-ability|p2b: Aerodactyl|Unnerve\n|turn|5\n|\n|t:|1775965993\n|move|p2a: Delphox|Heat Wave|p1a: Charizard|[spread] p1a,p1b\n|-resisted|p1a: Charizard|1\n|-resisted|p1b: Rotom|1\n|-damage|p1a: Charizard|10/100\n|-damage|p1b: Rotom|0 fnt\n|faint|p1b: Rotom\n|move|p2b: Aerodactyl|Rock Slide|p1a: Charizard\n|-supereffective|p1a: Charizard|2\n|-crit|p1a: Charizard\n|-damage|p1a: Charizard|0 fnt\n|faint|p1a: Charizard\n|\n|-weather|SunnyDay|[upkeep]\n|upkeep\n|\n|t:|1775966003\n|switch|p1a: Venusaur|Venusaur, L50, F|100/100\n|switch|p1b: Garchomp|Garchomp, L50, M|51/100\n|turn|6\n|inactive|AgsAllDay12 has 30 seconds left.\n|inactive|AgsAllDay12 has 20 seconds left.\n|inactive|AgsAllDay12 has 15 seconds left.\n|inactive|AgsAllDay12 has 10 seconds left.\n|inactive|AgsAllDay12 has 5 seconds left.\n|\n|t:|1775966055\n|move|p1a: Venusaur|Sleep Powder|p2a: Delphox|[miss]\n|-miss|p1a: Venusaur|p2a: Delphox\n|move|p1b: Garchomp|Rock Slide|p2a: Delphox|[spread] p2a,p2b\n|-supereffective|p2a: Delphox|1\n|-supereffective|p2b: Aerodactyl|1\n|-damage|p2a: Delphox|22/100\n|-damage|p2b: Aerodactyl|37/100\n|cant|p2a: Delphox|flinch\n|cant|p2b: Aerodactyl|flinch\n|\n|-weather|SunnyDay|[upkeep]\n|upkeep\n|turn|7\n|\n|t:|1775966074\n|move|p1a: Venusaur|Sleep Powder|p2a: Delphox\n|-status|p2a: Delphox|slp|[from] move: Sleep Powder\n|move|p1b: Garchomp|Rock Slide|p2a: Delphox|[spread] p2a,p2b\n|-supereffective|p2a: Delphox|1\n|-supereffective|p2b: Aerodactyl|1\n|-damage|p2a: Delphox|0 fnt\n|-damage|p2b: Aerodactyl|0 fnt\n|faint|p2a: Delphox\n|faint|p2b: Aerodactyl\n|\n|-weather|SunnyDay|[upkeep]\n|upkeep\n|c|\u2606AgsAllDay12|loser\n|c|\u2606lumi091|??\n|\n|t:|1775966091\n|switch|p2b: Garchomp|Garchomp, L50, F|100/100\n|turn|8\n|\n|t:|1775966098\n|move|p2b: Garchomp|Protect|p2b: Garchomp\n|-singleturn|p2b: Garchomp|Protect\n|move|p1a: Venusaur|Leaf Storm|p2b: Garchomp\n|-activate|p2b: Garchomp|move: Protect\n|move|p1b: Garchomp|Rock Slide|p2b: Garchomp\n|-activate|p2b: Garchomp|move: Protect\n|\n|-weather|none\n|upkeep\n|turn|9\n|\n|t:|1775966111\n|move|p1b: Garchomp|Rock Slide|p2b: Garchomp\n|-resisted|p2b: Garchomp|1\n|-damage|p2b: Garchomp|86/100\n|move|p2b: Garchomp|Earthquake|p1a: Venusaur|[spread] p1a,p1b\n|-damage|p1a: Venusaur|51/100\n|-damage|p1b: Garchomp|14/100\n|move|p1a: Venusaur|Leaf Storm|p2b: Garchomp\n|-damage|p2b: Garchomp|11/100\n|-unboost|p1a: Venusaur|spa|2\n|\n|upkeep\n|turn|10\n|\n|t:|1775966124\n|move|p1b: Garchomp|Rock Slide|p2b: Garchomp\n|-resisted|p2b: Garchomp|1\n|-damage|p2b: Garchomp|0 fnt\n|faint|p2b: Garchomp\n|\n|win|lumi091\n",
  "uploadtime": 1775965785,
  "views": 12,
  "formatid": "gen9championsvgc2026regma",
  "rating": null,
  "private": 0,
  "password": null
}