{
  "id": "gen9championsvgc2026regma-2586984231",
  "format": "[Gen 9 Champions] VGC 2026 Reg M-A",
  "players": [
    "siunhanech",
    "Senpai_1987"
  ],
  "log": "|j|\u2606siunhanech\n|j|\u2606Senpai_1987\n|t:|1776478253\n|gametype|doubles\n|player|p1|siunhanech|cynthia-gen4|1354\n|player|p2|Senpai_1987|aromalady|1418\n|gen|9\n|tier|[Gen 9 Champions] VGC 2026 Reg M-A\n|rated|\n|rule|Species Clause: Limit one of each Pok\u00e9mon\n|rule|Item Clause: Limit 1 of each item\n|clearpoke\n|poke|p1|Blastoise, L50, F|\n|poke|p1|Sableye, L50, M|\n|poke|p1|Sneasler, L50, M|\n|poke|p1|Sinistcha, L50|\n|poke|p1|Espathra, L50, M|\n|poke|p1|Basculegion-F, L50, F|\n|poke|p2|Floette-Eternal, L50, F|\n|poke|p2|Incineroar, L50, M|\n|poke|p2|Pelipper, L50, M|\n|poke|p2|Sneasler, L50, F|\n|poke|p2|Sinistcha, L50|\n|poke|p2|Chesnaught, L50, F|\n|teampreview|4\n|inactive|Battle timer is ON: inactive players will automatically lose when time's up. (requested by siunhanech)\n|\n|t:|1776478278\n|teamsize|p1|4\n|teamsize|p2|4\n|start\n|switch|p1a: Sinh vi\u00ean|Sableye, L50, M|100/100\n|switch|p1b: \u0110\u00e0 \u0111i\u1ec3u|Espathra, L50, M|100/100\n|switch|p2a: The Story Is True|Chesnaught, L50, F, shiny|100/100\n|switch|p2b: Moonchild|Floette-Eternal, L50, F, shiny|100/100\n|turn|1\n|\n|t:|1776478296\n|switch|p2a: Woh Oh Oh Oh|Incineroar, L50, M|100/100\n|-ability|p2a: Woh Oh Oh Oh|Intimidate|boost\n|-unboost|p1a: Sinh vi\u00ean|atk|1\n|-unboost|p1b: \u0110\u00e0 \u0111i\u1ec3u|atk|1\n|move|p1a: Sinh vi\u00ean|Fake Out|p2a: Woh Oh Oh Oh\n|-damage|p2a: Woh Oh Oh Oh|97/100\n|move|p1b: \u0110\u00e0 \u0111i\u1ec3u|Calm Mind|p1b: \u0110\u00e0 \u0111i\u1ec3u\n|-boost|p1b: \u0110\u00e0 \u0111i\u1ec3u|spa|1\n|-boost|p1b: \u0110\u00e0 \u0111i\u1ec3u|spd|1\n|move|p2b: Moonchild|Calm Mind|p2b: Moonchild\n|-boost|p2b: Moonchild|spa|1\n|-boost|p2b: Moonchild|spd|1\n|\n|-ability|p1b: \u0110\u00e0 \u0111i\u1ec3u|Speed Boost|boost\n|-boost|p1b: \u0110\u00e0 \u0111i\u1ec3u|spe|1\n|upkeep\n|turn|2\n|inactive|Senpai_1987 has 30 seconds left.\n|\n|t:|1776478325\n|detailschange|p2b: Moonchild|Floette-Mega, L50, F, shiny\n|-mega|p2b: Moonchild|Floette|Floettite\n|-ability|p2b: Moonchild|Fairy Aura\n|move|p1b: \u0110\u00e0 \u0111i\u1ec3u|Protect|p1b: \u0110\u00e0 \u0111i\u1ec3u\n|-singleturn|p1b: \u0110\u00e0 \u0111i\u1ec3u|Protect\n|move|p1a: Sinh vi\u00ean|Encore|p2b: Moonchild\n|-start|p2b: Moonchild|Encore\n|move|p2b: Moonchild|Calm Mind|p2b: Moonchild\n|-boost|p2b: Moonchild|spa|1\n|-boost|p2b: Moonchild|spd|1\n|move|p2a: Woh Oh Oh Oh|Throat Chop|p1b: \u0110\u00e0 \u0111i\u1ec3u\n|-activate|p1b: \u0110\u00e0 \u0111i\u1ec3u|move: Protect\n|\n|-ability|p1b: \u0110\u00e0 \u0111i\u1ec3u|Speed Boost|boost\n|-boost|p1b: \u0110\u00e0 \u0111i\u1ec3u|spe|1\n|upkeep\n|turn|3\n|\n|t:|1776478349\n|move|p1a: Sinh vi\u00ean|Disable|p2b: Moonchild\n|-start|p2b: Moonchild|Disable|Calm Mind\n|move|p1b: \u0110\u00e0 \u0111i\u1ec3u|Baton Pass|p1b: \u0110\u00e0 \u0111i\u1ec3u\n|\n|t:|1776478362\n|switch|p1b: B\u1eafn t\u00f9m lum|Blastoise, L50, F|100/100|[from] Baton Pass\n|cant|p2b: Moonchild|Disable|Calm Mind\n|move|p2a: Woh Oh Oh Oh|Throat Chop|p1b: B\u1eafn t\u00f9m lum\n|-damage|p1b: B\u1eafn t\u00f9m lum|69/100\n|-start|p1b: B\u1eafn t\u00f9m lum|Throat Chop|[silent]\n|\n|upkeep\n|turn|4\n|\n|t:|1776478379\n|switch|p1a: Tr\u00e0 t\u1eeb tay|Sinistcha, L50|100/100\n|-heal|p1b: B\u1eafn t\u00f9m lum|94/100|[from] ability: Hospitality|[of] p1a: Tr\u00e0 t\u1eeb tay\n|detailschange|p1b: B\u1eafn t\u00f9m lum|Blastoise-Mega, L50, F\n|-mega|p1b: B\u1eafn t\u00f9m lum|Blastoise|Blastoisinite\n|move|p1b: B\u1eafn t\u00f9m lum|Water Spout|p2a: Woh Oh Oh Oh|[spread] p2a,p2b\n|-supereffective|p2a: Woh Oh Oh Oh|1\n|-damage|p2a: Woh Oh Oh Oh|0 fnt\n|-damage|p2b: Moonchild|67/100\n|faint|p2a: Woh Oh Oh Oh\n|-activate|p2b: Moonchild|move: Struggle\n|move|p2b: Moonchild|Struggle|p1b: B\u1eafn t\u00f9m lum\n|-damage|p1b: B\u1eafn t\u00f9m lum|86/100\n|-damage|p2b: Moonchild|42/100|[from] recoil\n|\n|-end|p2b: Moonchild|Encore\n|-end|p1b: B\u1eafn t\u00f9m lum|Throat Chop|[silent]\n|upkeep\n|\n|t:|1776478394\n|switch|p2a: Number 10|Sinistcha, L50, shiny|100/100\n|-heal|p2b: Moonchild|67/100|[from] ability: Hospitality|[of] p2a: Number 10\n|turn|5\n|\n|t:|1776478409\n|move|p1b: B\u1eafn t\u00f9m lum|Protect|p1b: B\u1eafn t\u00f9m lum\n|-singleturn|p1b: B\u1eafn t\u00f9m lum|Protect\n|move|p2b: Moonchild|Protect|p2b: Moonchild\n|-singleturn|p2b: Moonchild|Protect\n|move|p1a: Tr\u00e0 t\u1eeb tay|Life Dew||[still]|[spread] p1a,p1b\n|-fail|p1a: Tr\u00e0 t\u1eeb tay|heal\n|-heal|p1b: B\u1eafn t\u00f9m lum|100/100\n|move|p2a: Number 10|Matcha Gotcha|p1b: B\u1eafn t\u00f9m lum|[spread] p1a\n|-activate|p1b: B\u1eafn t\u00f9m lum|move: Protect\n|-resisted|p1a: Tr\u00e0 t\u1eeb tay|1\n|-damage|p1a: Tr\u00e0 t\u1eeb tay|90/100\n|\n|upkeep\n|turn|6\n|\n|t:|1776478428\n|move|p1b: B\u1eafn t\u00f9m lum|Ice Beam|p2a: Number 10\n|-supereffective|p2a: Number 10|1\n|-damage|p2a: Number 10|8/100\n|move|p2b: Moonchild|Dazzling Gleam|p1b: B\u1eafn t\u00f9m lum|[spread] p1a,p1b\n|-damage|p1a: Tr\u00e0 t\u1eeb tay|0 fnt\n|-damage|p1b: B\u1eafn t\u00f9m lum|43/100\n|faint|p1a: Tr\u00e0 t\u1eeb tay\n|move|p2a: Number 10|Trick Room|p2a: Number 10\n|-fieldstart|move: Trick Room|[of] p2a: Number 10\n|\n|-end|p2b: Moonchild|Disable\n|upkeep\n|\n|t:|1776478439\n|switch|p1a: Sinh vi\u00ean|Sableye, L50, M|100/100\n|turn|7\n|\n|t:|1776478452\n|move|p2a: Number 10|Rage Powder|p2a: Number 10\n|-singleturn|p2a: Number 10|move: Rage Powder\n|move|p1a: Sinh vi\u00ean|Disable|p2a: Number 10\n|-start|p2a: Number 10|Disable|Rage Powder\n|move|p2b: Moonchild|Dazzling Gleam|p1b: B\u1eafn t\u00f9m lum|[spread] p1a,p1b\n|-supereffective|p1a: Sinh vi\u00ean|1\n|-enditem|p1a: Sinh vi\u00ean|Focus Sash\n|-damage|p1a: Sinh vi\u00ean|1/100\n|-damage|p1b: B\u1eafn t\u00f9m lum|0 fnt\n|faint|p1b: B\u1eafn t\u00f9m lum\n|\n|upkeep\n|\n|t:|1776478456\n|switch|p1b: \u0110\u00e0 \u0111i\u1ec3u|Espathra, L50, M|100/100\n|turn|8\n|\n|t:|1776478474\n|move|p1a: Sinh vi\u00ean|Disable|p2b: Moonchild\n|-start|p2b: Moonchild|Disable|Dazzling Gleam\n|move|p2a: Number 10|Matcha Gotcha|p1b: \u0110\u00e0 \u0111i\u1ec3u|[spread] p1a,p1b\n|-damage|p1a: Sinh vi\u00ean|0 fnt\n|-heal|p2a: Number 10|9/100|[from] drain|[of] p1a: Sinh vi\u00ean\n|-damage|p1b: \u0110\u00e0 \u0111i\u1ec3u|69/100\n|-heal|p2a: Number 10|27/100|[from] drain|[of] p1b: \u0110\u00e0 \u0111i\u1ec3u\n|-status|p1b: \u0110\u00e0 \u0111i\u1ec3u|brn\n|faint|p1a: Sinh vi\u00ean\n|cant|p2b: Moonchild|Disable|Dazzling Gleam\n|move|p1b: \u0110\u00e0 \u0111i\u1ec3u|Calm Mind|p1b: \u0110\u00e0 \u0111i\u1ec3u\n|-boost|p1b: \u0110\u00e0 \u0111i\u1ec3u|spa|1\n|-boost|p1b: \u0110\u00e0 \u0111i\u1ec3u|spd|1\n|\n|-damage|p1b: \u0110\u00e0 \u0111i\u1ec3u|63/100 brn|[from] brn\n|-ability|p1b: \u0110\u00e0 \u0111i\u1ec3u|Speed Boost|boost\n|-boost|p1b: \u0110\u00e0 \u0111i\u1ec3u|spe|1\n|upkeep\n|turn|9\n|inactive|siunhanech has 30 seconds left.\n|\n|t:|1776478500\n|move|p2a: Number 10|Matcha Gotcha|p1b: \u0110\u00e0 \u0111i\u1ec3u\n|-damage|p1b: \u0110\u00e0 \u0111i\u1ec3u|32/100 brn\n|-heal|p2a: Number 10|45/100|[from] drain|[of] p1b: \u0110\u00e0 \u0111i\u1ec3u\n|move|p2b: Moonchild|Moonblast|p1b: \u0110\u00e0 \u0111i\u1ec3u\n|-damage|p1b: \u0110\u00e0 \u0111i\u1ec3u|0 fnt\n|faint|p1b: \u0110\u00e0 \u0111i\u1ec3u\n|\n|win|Senpai_1987\n|raw|siunhanech's rating: 1354 &rarr; <strong>1338</strong><br />(-16 for losing)\n|raw|Senpai_1987's rating: 1418 &rarr; <strong>1434</strong><br />(+16 for winning)\n|l|\u2606siunhanech\n|player|p1|\n",
  "uploadtime": 1776478512,
  "views": 26,
  "formatid": "gen9championsvgc2026regma",
  "rating": 1338,
  "private": 0,
  "password": null
}