{
  "id": "gen9championsvgc2026regma-2583069938",
  "format": "[Gen 9 Champions] VGC 2026 Reg M-A",
  "players": [
    "kingming",
    "Nico67"
  ],
  "log": "|j|\u2606kingming\n|j|\u2606Nico67\n|t:|1776138672\n|gametype|doubles\n|player|p1|kingming|170|1203\n|player|p2|Nico67|265|1152\n|gen|9\n|tier|[Gen 9 Champions] VGC 2026 Reg M-A\n|rated|\n|rule|Species Clause: Limit one of each Pok\u00e9mon\n|rule|Item Clause: Limit 1 of each item\n|clearpoke\n|poke|p1|Gengar, L50, F|\n|poke|p1|Incineroar, L50, F|\n|poke|p1|Gyarados, L50, F|\n|poke|p1|Sableye, L50, M|\n|poke|p1|Politoed, L50, F|\n|poke|p1|Kingambit, L50, M|\n|poke|p2|Tyranitar, L50, M|\n|poke|p2|Excadrill, L50, F|\n|poke|p2|Milotic, L50, F|\n|poke|p2|Meganium, L50, M|\n|poke|p2|Rotom-Heat, L50|\n|poke|p2|Whimsicott, L50, F|\n|teampreview|4\n|inactive|Battle timer is ON: inactive players will automatically lose when time's up. (requested by Nico67)\n|inactive|Nico67 has 60 seconds left.\n|\n|t:|1776138707\n|teamsize|p1|4\n|teamsize|p2|4\n|start\n|switch|p1a: Politoed|Politoed, L50, F|100/100\n|switch|p1b: Gyarados|Gyarados, L50, F|100/100\n|switch|p2a: Excadrill|Excadrill, L50, F|100/100\n|switch|p2b: Whimsicott|Whimsicott, L50, F|100/100\n|-weather|RainDance|[from] ability: Drizzle|[of] p1a: Politoed\n|-ability|p1b: Gyarados|Intimidate|boost\n|-unboost|p2a: Excadrill|atk|1\n|-unboost|p2b: Whimsicott|atk|1\n|turn|1\n|inactive|kingming has 30 seconds left.\n|\n|t:|1776138738\n|move|p2a: Excadrill|Protect|p2a: Excadrill\n|-singleturn|p2a: Excadrill|Protect\n|move|p2b: Whimsicott|Tailwind|p2b: Whimsicott\n|-sidestart|p2: Nico67|move: Tailwind\n|move|p1a: Politoed|Hydro Pump|p2a: Excadrill\n|-activate|p2a: Excadrill|move: Protect\n|move|p1b: Gyarados|Thunder Wave|p2b: Whimsicott\n|-status|p2b: Whimsicott|par\n|\n|-weather|RainDance|[upkeep]\n|upkeep\n|turn|2\n|\n|t:|1776138755\n|switch|p2a: Meganium|Meganium, L50, M|100/100\n|move|p1a: Politoed|Protect|p1a: Politoed\n|-singleturn|p1a: Politoed|Protect\n|move|p2b: Whimsicott|Encore|p1b: Gyarados\n|-start|p1b: Gyarados|Encore\n|move|p1b: Gyarados|Thunder Wave|p2b: Whimsicott\n|-fail|p2b: Whimsicott|par\n|\n|-weather|RainDance|[upkeep]\n|upkeep\n|turn|3\n|inactive|Nico67 has 30 seconds left.\n|\n|t:|1776138788\n|switch|p1a: Incineroar|Incineroar, L50, F|100/100\n|-ability|p1a: Incineroar|Intimidate|boost\n|-unboost|p2a: Meganium|atk|1\n|-unboost|p2b: Whimsicott|atk|1\n|switch|p1b: Gengar|Gengar, L50, F|100/100\n|detailschange|p2a: Meganium|Meganium-Mega, L50, M\n|-mega|p2a: Meganium|Meganium|Meganiumite\n|move|p2b: Whimsicott|Taunt|p1b: Gengar\n|-start|p1b: Gengar|move: Taunt\n|move|p2a: Meganium|Solar Beam||[still]\n|-prepare|p2a: Meganium|Solar Beam\n|-activate|p2a: Meganium|ability: Mega Sol\n|-anim|p2a: Meganium|Solar Beam|p1a: Incineroar\n|-resisted|p1a: Incineroar|1\n|-crit|p1a: Incineroar\n|-damage|p1a: Incineroar|58/100\n|\n|-weather|RainDance|[upkeep]\n|upkeep\n|turn|4\n|inactive|kingming has 30 seconds left.\n|\n|t:|1776138815\n|switch|p2a: Tyranitar|Tyranitar, L50, M|100/100\n|-weather|Sandstorm|[from] ability: Sand Stream|[of] p2a: Tyranitar\n|switch|p2b: Excadrill|Excadrill, L50, F|100/100\n|detailschange|p1b: Gengar|Gengar-Mega, L50, F\n|-mega|p1b: Gengar|Gengar|Gengarite\n|move|p1a: Incineroar|Fake Out|p2a: Tyranitar\n|-resisted|p2a: Tyranitar|1\n|-crit|p2a: Tyranitar\n|-damage|p2a: Tyranitar|94/100\n|move|p1b: Gengar|Shadow Ball|p2a: Tyranitar\n|-resisted|p2a: Tyranitar|1\n|-damage|p2a: Tyranitar|83/100\n|-unboost|p2a: Tyranitar|spd|1\n|\n|-weather|Sandstorm|[upkeep]\n|-damage|p1b: Gengar|95/100|[from] Sandstorm\n|-damage|p1a: Incineroar|52/100|[from] Sandstorm\n|-sideend|p2: Nico67|move: Tailwind\n|upkeep\n|turn|5\n|inactive|kingming has 30 seconds left.\n|inactive|Nico67 has 30 seconds left.\n|inactive|Nico67 has 20 seconds left.\n|inactive|Nico67 has 15 seconds left.\n|inactive|Nico67 has 10 seconds left.\n|\n|t:|1776138861\n|switch|p1b: Politoed|Politoed, L50, F|100/100\n|-weather|RainDance|[from] ability: Drizzle|[of] p1b: Politoed\n|switch|p1a: Gyarados|Gyarados, L50, F|100/100\n|-ability|p1a: Gyarados|Intimidate|boost\n|-unboost|p2a: Tyranitar|atk|1\n|-unboost|p2b: Excadrill|atk|1\n|move|p2b: Excadrill|High Horsepower|p1a: Gyarados\n|-immune|p1a: Gyarados\n|move|p2a: Tyranitar|Knock Off|p1a: Gyarados\n|-damage|p1a: Gyarados|66/100\n|-enditem|p1a: Gyarados|Mystic Water|[from] move: Knock Off|[of] p2a: Tyranitar\n|\n|-weather|RainDance|[upkeep]\n|upkeep\n|turn|6\n|inactive|kingming has 30 seconds left.\n|inactive|kingming has 20 seconds left.\n|\n|t:|1776138897\n|switch|p2a: Whimsicott|Whimsicott, L50, F|100/100 par\n|move|p2b: Excadrill|Protect|p2b: Excadrill\n|-singleturn|p2b: Excadrill|Protect\n|move|p1b: Politoed|Perish Song|p1b: Politoed\n|-start|p1a: Gyarados|perish3|[silent]\n|-start|p1b: Politoed|perish3|[silent]\n|-start|p2a: Whimsicott|perish3|[silent]\n|-start|p2b: Excadrill|perish3|[silent]\n|-fieldactivate|move: Perish Song\n|move|p1a: Gyarados|Waterfall|p2b: Excadrill\n|-activate|p2b: Excadrill|move: Protect\n|\n|-weather|RainDance|[upkeep]\n|-start|p2b: Excadrill|perish3\n|-start|p1b: Politoed|perish3\n|-start|p1a: Gyarados|perish3\n|-start|p2a: Whimsicott|perish3\n|upkeep\n|turn|7\n|inactive|kingming has 30 seconds left.\n|inactive|Nico67 has 30 seconds left.\n|inactive|Nico67 has 20 seconds left.\n|\n|t:|1776138940\n|switch|p2b: Meganium|Meganium-Mega, L50, M|100/100\n|switch|p1b: Incineroar|Incineroar, L50, F|52/100\n|-ability|p1b: Incineroar|Intimidate|boost\n|-unboost|p2a: Whimsicott|atk|1\n|-unboost|p2b: Meganium|atk|1\n|move|p2a: Whimsicott|Tailwind|p2a: Whimsicott\n|-sidestart|p2: Nico67|move: Tailwind\n|move|p1a: Gyarados|Waterfall|p2b: Meganium\n|-resisted|p2b: Meganium|1\n|-damage|p2b: Meganium|75/100\n|\n|-weather|RainDance|[upkeep]\n|-start|p2a: Whimsicott|perish2\n|-start|p1a: Gyarados|perish2\n|upkeep\n|turn|8\n|inactive|Nico67 has 30 seconds left.\n|\n|t:|1776138971\n|switch|p2b: Tyranitar|Tyranitar, L50, M|83/100\n|-weather|Sandstorm|[from] ability: Sand Stream|[of] p2b: Tyranitar\n|switch|p2a: Excadrill|Excadrill, L50, F|100/100\n|move|p1b: Incineroar|Fake Out|p2b: Tyranitar\n|-resisted|p2b: Tyranitar|1\n|-damage|p2b: Tyranitar|79/100\n|move|p1a: Gyarados|Thunder Wave|p2b: Tyranitar\n|-status|p2b: Tyranitar|par\n|\n|-weather|Sandstorm|[upkeep]\n|-damage|p1a: Gyarados|60/100|[from] Sandstorm\n|-damage|p1b: Incineroar|47/100|[from] Sandstorm\n|-enditem|p1b: Incineroar|Sitrus Berry|[eat]\n|-heal|p1b: Incineroar|71/100|[from] item: Sitrus Berry\n|-start|p1a: Gyarados|perish1\n|upkeep\n|turn|9\n|\n|t:|1776138994\n|switch|p1a: Politoed|Politoed, L50, F|100/100\n|-weather|RainDance|[from] ability: Drizzle|[of] p1a: Politoed\n|move|p2a: Excadrill|High Horsepower|p1b: Incineroar\n|-supereffective|p1b: Incineroar|1\n|-damage|p1b: Incineroar|0 fnt\n|faint|p1b: Incineroar\n|move|p2b: Tyranitar|Rock Slide|p1a: Politoed\n|-damage|p1a: Politoed|52/100\n|\n|-weather|RainDance|[upkeep]\n|-heal|p1a: Politoed|58/100|[from] item: Leftovers\n|upkeep\n|\n|t:|1776139001\n|switch|p1b: Gyarados|Gyarados, L50, F|60/100\n|-ability|p1b: Gyarados|Intimidate|boost\n|-unboost|p2a: Excadrill|atk|1\n|-unboost|p2b: Tyranitar|atk|1\n|turn|10\n|\n|t:|1776139017\n|switch|p1a: Gengar|Gengar-Mega, L50, F|95/100\n|switch|p2b: Whimsicott|Whimsicott, L50, F|100/100 par\n|move|p2a: Excadrill|Protect|p2a: Excadrill\n|-singleturn|p2a: Excadrill|Protect\n|move|p1b: Gyarados|Waterfall|p2a: Excadrill\n|-activate|p2a: Excadrill|move: Protect\n|\n|-weather|RainDance|[upkeep]\n|-sideend|p2: Nico67|move: Tailwind\n|upkeep\n|turn|11\n|inactive|Nico67 has 30 seconds left.\n|\n|t:|1776139048\n|move|p2b: Whimsicott|Taunt|p1a: Gengar\n|-start|p1a: Gengar|move: Taunt\n|cant|p1a: Gengar|move: Taunt|Substitute\n|move|p2a: Excadrill|Rock Slide|p1b: Gyarados|[spread] p1a,p1b\n|-supereffective|p1b: Gyarados|1\n|-damage|p1a: Gengar|77/100\n|-damage|p1b: Gyarados|30/100\n|move|p1b: Gyarados|Waterfall|p2a: Excadrill\n|-supereffective|p2a: Excadrill|1\n|-crit|p2a: Excadrill\n|-enditem|p2a: Excadrill|Focus Sash\n|-damage|p2a: Excadrill|1/100\n|\n|-weather|RainDance|[upkeep]\n|upkeep\n|turn|12\n|inactive|Nico67 has 30 seconds left.\n|inactive|kingming has 30 seconds left.\n|inactive|kingming has 20 seconds left.\n|\n|t:|1776139095\n|move|p2a: Excadrill|Protect|p2a: Excadrill\n|-singleturn|p2a: Excadrill|Protect\n|move|p2b: Whimsicott|Tailwind|p2b: Whimsicott\n|-sidestart|p2: Nico67|move: Tailwind\n|move|p1a: Gengar|Shadow Ball|p2b: Whimsicott\n|-damage|p2b: Whimsicott|43/100 par\n|-unboost|p2b: Whimsicott|spd|1\n|move|p1b: Gyarados|Waterfall|p2b: Whimsicott\n|-resisted|p2b: Whimsicott|1\n|-damage|p2b: Whimsicott|14/100 par\n|\n|-weather|RainDance|[upkeep]\n|upkeep\n|turn|13\n|\n|t:|1776139110\n|switch|p1a: Politoed|Politoed, L50, F|58/100\n|move|p2a: Excadrill|High Horsepower|p1a: Politoed\n|-damage|p1a: Politoed|18/100\n|move|p2b: Whimsicott|Moonblast|p1b: Gyarados\n|-damage|p1b: Gyarados|12/100\n|move|p1b: Gyarados|Waterfall|p2a: Excadrill\n|-supereffective|p2a: Excadrill|1\n|-damage|p2a: Excadrill|0 fnt\n|faint|p2a: Excadrill\n|\n|-weather|none\n|-heal|p1a: Politoed|24/100|[from] item: Leftovers\n|upkeep\n|\n|t:|1776139123\n|switch|p2a: Tyranitar|Tyranitar, L50, M|79/100 par\n|-weather|Sandstorm|[from] ability: Sand Stream|[of] p2a: Tyranitar\n|turn|14\n|\n|t:|1776139139\n|move|p1a: Politoed|Protect|p1a: Politoed\n|-singleturn|p1a: Politoed|Protect\n|move|p1b: Gyarados|Protect|p1b: Gyarados\n|-singleturn|p1b: Gyarados|Protect\n|move|p2b: Whimsicott|Taunt|p1a: Politoed\n|-activate|p1a: Politoed|move: Protect\n|move|p2a: Tyranitar|Knock Off|p1b: Gyarados\n|-activate|p1b: Gyarados|move: Protect\n|\n|-weather|Sandstorm|[upkeep]\n|-damage|p2b: Whimsicott|8/100 par|[from] Sandstorm\n|-damage|p1a: Politoed|18/100|[from] Sandstorm\n|-damage|p1b: Gyarados|6/100|[from] Sandstorm\n|-heal|p1a: Politoed|24/100|[from] item: Leftovers\n|upkeep\n|turn|15\n|\n|t:|1776139156\n|cant|p2a: Tyranitar|par\n|move|p2b: Whimsicott|Encore|p1a: Politoed\n|-start|p1a: Politoed|Encore\n|move|p1a: Politoed|Protect|p1a: Politoed\n|-singleturn|p1a: Politoed|Protect\n|move|p1b: Gyarados|Waterfall|p2a: Tyranitar\n|-supereffective|p2a: Tyranitar|1\n|-damage|p2a: Tyranitar|27/100 par\n|\n|-weather|Sandstorm|[upkeep]\n|-damage|p2b: Whimsicott|2/100 par|[from] Sandstorm\n|-damage|p1a: Politoed|18/100|[from] Sandstorm\n|-damage|p1b: Gyarados|0 fnt|[from] Sandstorm\n|faint|p1b: Gyarados\n|-heal|p1a: Politoed|24/100|[from] item: Leftovers\n|-sideend|p2: Nico67|move: Tailwind\n|upkeep\n|\n|t:|1776139161\n|switch|p1b: Gengar|Gengar-Mega, L50, F|77/100\n|turn|16\n|\n|t:|1776139174\n|move|p1a: Politoed|Protect||[still]\n|-fail|p1a: Politoed\n|move|p2b: Whimsicott|Tailwind|p2b: Whimsicott\n|-sidestart|p2: Nico67|move: Tailwind\n|move|p1b: Gengar|Substitute|p1b: Gengar\n|-start|p1b: Gengar|Substitute\n|-damage|p1b: Gengar|53/100\n|move|p2a: Tyranitar|Knock Off|p1b: Gengar\n|-supereffective|p1b: Gengar|1\n|-end|p1b: Gengar|Substitute\n|\n|-weather|Sandstorm|[upkeep]\n|-damage|p1b: Gengar|47/100|[from] Sandstorm\n|-damage|p2b: Whimsicott|0 fnt|[from] Sandstorm\n|-damage|p1a: Politoed|18/100|[from] Sandstorm\n|faint|p2b: Whimsicott\n|-heal|p1a: Politoed|24/100|[from] item: Leftovers\n|upkeep\n|\n|t:|1776139181\n|switch|p2b: Meganium|Meganium-Mega, L50, M|75/100\n|turn|17\n|\n|t:|1776139189\n|move|p1b: Gengar|Protect|p1b: Gengar\n|-singleturn|p1b: Gengar|Protect\n|move|p1a: Politoed|Protect|p1a: Politoed\n|-singleturn|p1a: Politoed|Protect\n|move|p2b: Meganium|Weather Ball|p1b: Gengar\n|-activate|p1b: Gengar|move: Protect\n|move|p2a: Tyranitar|Knock Off|p1a: Politoed\n|-activate|p1a: Politoed|move: Protect\n|\n|-weather|Sandstorm|[upkeep]\n|-damage|p2b: Meganium|69/100|[from] Sandstorm\n|-damage|p1b: Gengar|41/100|[from] Sandstorm\n|-damage|p1a: Politoed|18/100|[from] Sandstorm\n|-heal|p1a: Politoed|24/100|[from] item: Leftovers\n|-end|p1a: Politoed|Encore\n|upkeep\n|turn|18\n|inactive|kingming has 30 seconds left.\n|\n|t:|1776139215\n|move|p2b: Meganium|Weather Ball|p1b: Gengar\n|-damage|p1b: Gengar|0 fnt\n|faint|p1b: Gengar\n|move|p1a: Politoed|Hydro Pump|p2a: Tyranitar\n|-supereffective|p2a: Tyranitar|1\n|-damage|p2a: Tyranitar|0 fnt\n|faint|p2a: Tyranitar\n|\n|-weather|none\n|-heal|p1a: Politoed|30/100|[from] item: Leftovers\n|upkeep\n|turn|19\n|\n|t:|1776139221\n|move|p1a: Politoed|Protect|p1a: Politoed\n|-singleturn|p1a: Politoed|Protect\n|move|p2b: Meganium|Solar Beam||[still]\n|-prepare|p2b: Meganium|Solar Beam\n|-activate|p2b: Meganium|ability: Mega Sol\n|-anim|p2b: Meganium|Solar Beam|p1a: Politoed\n|-activate|p1a: Politoed|move: Protect\n|\n|-heal|p1a: Politoed|36/100|[from] item: Leftovers\n|-sideend|p2: Nico67|move: Tailwind\n|upkeep\n|turn|20\n|\n|t:|1776139228\n|move|p2b: Meganium|Solar Beam||[still]\n|-prepare|p2b: Meganium|Solar Beam\n|-activate|p2b: Meganium|ability: Mega Sol\n|-anim|p2b: Meganium|Solar Beam|p1a: Politoed\n|-supereffective|p1a: Politoed|1\n|-damage|p1a: Politoed|0 fnt\n|faint|p1a: Politoed\n|\n|win|Nico67\n|raw|kingming's rating: 1203 &rarr; <strong>1174</strong><br />(-29 for losing)\n|raw|Nico67's rating: 1152 &rarr; <strong>1181</strong><br />(+29 for winning)\n|c|\u2606Nico67|Gg\n|l|\u2606kingming\n|player|p1|\n",
  "uploadtime": 1776139248,
  "views": 15,
  "formatid": "gen9championsvgc2026regma",
  "rating": 1174,
  "private": 0,
  "password": null
}