{
  "id": "gen9championsvgc2026regma-2588630346",
  "format": "[Gen 9 Champions] VGC 2026 Reg M-A",
  "players": [
    "Tabula Rasa (TB)",
    "ample_apostle"
  ],
  "log": "|j|\u2606Tabula Rasa (TB)\n|j|\u2606ample_apostle\n|t:|1776651823\n|gametype|doubles\n|player|p1|Tabula Rasa (TB)|zinzolin|1103\n|player|p2|ample_apostle|1|1109\n|gen|9\n|tier|[Gen 9 Champions] VGC 2026 Reg M-A\n|rated|\n|rule|Species Clause: Limit one of each Pok\u00e9mon\n|rule|Item Clause: Limit 1 of each item\n|clearpoke\n|poke|p1|Sableye, L50, M, shiny|\n|poke|p1|Sinistcha-Masterpiece, L50, shiny|\n|poke|p1|Orthworm, L50, M, shiny|\n|poke|p1|Incineroar, L50, M, shiny|\n|poke|p1|Kommo-o, L50, M, shiny|\n|poke|p1|Gengar, L50, M, shiny|\n|poke|p2|Aerodactyl, L50, F|\n|poke|p2|Tyranitar, L50, F|\n|poke|p2|Manectric, L50, M|\n|poke|p2|Sinistcha, L50|\n|poke|p2|Hydreigon, L50, M|\n|poke|p2|Excadrill, L50, M|\n|teampreview|4\n|inactive|Battle timer is ON: inactive players will automatically lose when time's up. (requested by Tabula Rasa (TB))\n|inactive|Tabula Rasa (TB) has 60 seconds left.\n|inactive|ample_apostle has 60 seconds left.\n|\n|t:|1776651859\n|teamsize|p1|4\n|teamsize|p2|4\n|start\n|switch|p1a: King Kwei|Kommo-o, L50, M, shiny|100/100\n|switch|p1b: Hero|Incineroar, L50, M, shiny|100/100\n|switch|p2a: Manectric|Manectric, L50, M|100/100\n|switch|p2b: Aerodactyl|Aerodactyl, L50, F|100/100\n|-ability|p2b: Aerodactyl|Unnerve\n|-ability|p1b: Hero|Intimidate|boost\n|-unboost|p2a: Manectric|atk|1\n|-unboost|p2b: Aerodactyl|atk|1\n|turn|1\n|inactive|ample_apostle has 30 seconds left.\n|inactive|ample_apostle has 20 seconds left.\n|inactive|ample_apostle has 15 seconds left.\n|\n|t:|1776651899\n|detailschange|p2a: Manectric|Manectric-Mega, L50, M\n|-mega|p2a: Manectric|Manectric|Manectite\n|-ability|p2a: Manectric|Intimidate|boost\n|-unboost|p1a: King Kwei|atk|1\n|-unboost|p1b: Hero|atk|1\n|move|p1b: Hero|Fake Out|p2a: Manectric\n|-damage|p2a: Manectric|90/100\n|move|p2b: Aerodactyl|Dual Wingbeat|p1a: King Kwei\n|-supereffective|p1a: King Kwei|1\n|-damage|p1a: King Kwei|84/100\n|-supereffective|p1a: King Kwei|1\n|-damage|p1a: King Kwei|68/100\n|-hitcount|p1a: King Kwei|2\n|cant|p2a: Manectric|flinch\n|move|p1a: King Kwei|Clangorous Soul|p1a: King Kwei\n|-boost|p1a: King Kwei|atk|1\n|-boost|p1a: King Kwei|def|1\n|-boost|p1a: King Kwei|spa|1\n|-boost|p1a: King Kwei|spd|1\n|-boost|p1a: King Kwei|spe|1\n|-damage|p1a: King Kwei|35/100\n|\n|-heal|p1a: King Kwei|41/100|[from] item: Leftovers\n|upkeep\n|turn|2\n|inactive|ample_apostle has 30 seconds left.\n|\n|t:|1776651928\n|move|p1a: King Kwei|Protect|p1a: King Kwei\n|-singleturn|p1a: King Kwei|Protect\n|move|p2b: Aerodactyl|Tailwind|p2b: Aerodactyl\n|-sidestart|p2: ample_apostle|move: Tailwind\n|move|p2a: Manectric|Thunderbolt|p1a: King Kwei\n|-activate|p1a: King Kwei|move: Protect\n|move|p1b: Hero|Will-O-Wisp|p2b: Aerodactyl\n|-status|p2b: Aerodactyl|brn\n|\n|-heal|p1a: King Kwei|47/100|[from] item: Leftovers\n|-damage|p2b: Aerodactyl|95/100 brn|[from] brn\n|upkeep\n|turn|3\n|\n|t:|1776651953\n|switch|p1b: Jumanji|Sinistcha-Masterpiece, L50, shiny|100/100\n|-heal|p1a: King Kwei|71/100|[from] ability: Hospitality|[of] p1b: Jumanji\n|move|p2b: Aerodactyl|Rock Slide|p1a: King Kwei|[spread] p1a,p1b\n|-resisted|p1a: King Kwei|1\n|-damage|p1a: King Kwei|70/100\n|-damage|p1b: Jumanji|92/100\n|move|p2a: Manectric|Volt Switch|p1a: King Kwei\n|-resisted|p1a: King Kwei|1\n|-damage|p1a: King Kwei|57/100\n|\n|t:|1776651969\n|switch|p2a: Hydreigon|Hydreigon, L50, M|100/100|[from] Volt Switch\n|move|p1a: King Kwei|Clanging Scales|p2a: Hydreigon|[spread] p2a,p2b\n|-supereffective|p2a: Hydreigon|1\n|-damage|p2a: Hydreigon|0 fnt\n|-damage|p2b: Aerodactyl|33/100 brn\n|faint|p2a: Hydreigon\n|-unboost|p1a: King Kwei|def|1\n|\n|-heal|p1a: King Kwei|63/100|[from] item: Leftovers\n|-damage|p2b: Aerodactyl|27/100 brn|[from] brn\n|upkeep\n|\n|t:|1776651976\n|switch|p2a: Manectric|Manectric-Mega, L50, M|90/100\n|-ability|p2a: Manectric|Intimidate|boost\n|-unboost|p1a: King Kwei|atk|1\n|-unboost|p1b: Jumanji|atk|1\n|turn|4\n|\n|t:|1776651985\n|switch|p1b: Hero|Incineroar, L50, M, shiny|100/100\n|-ability|p1b: Hero|Intimidate|boost\n|-unboost|p2a: Manectric|atk|1\n|-unboost|p2b: Aerodactyl|atk|1\n|move|p1a: King Kwei|Protect|p1a: King Kwei\n|-singleturn|p1a: King Kwei|Protect\n|move|p2b: Aerodactyl|Dual Wingbeat|p1a: King Kwei\n|-activate|p1a: King Kwei|move: Protect\n|move|p2a: Manectric|Flamethrower|p1b: Hero\n|-resisted|p1b: Hero|1\n|-damage|p1b: Hero|88/100\n|\n|-heal|p1a: King Kwei|69/100|[from] item: Leftovers\n|-damage|p2b: Aerodactyl|22/100 brn|[from] brn\n|upkeep\n|turn|5\n|\n|t:|1776651998\n|move|p1b: Hero|Fake Out|p2a: Manectric\n|-damage|p2a: Manectric|74/100\n|move|p2b: Aerodactyl|Dual Wingbeat|p1a: King Kwei\n|-supereffective|p1a: King Kwei|1\n|-damage|p1a: King Kwei|62/100\n|-supereffective|p1a: King Kwei|1\n|-damage|p1a: King Kwei|57/100\n|-hitcount|p1a: King Kwei|2\n|cant|p2a: Manectric|flinch\n|move|p1a: King Kwei|Clanging Scales|p2a: Manectric|[spread] p2a,p2b\n|-crit|p2a: Manectric\n|-damage|p2a: Manectric|0 fnt\n|-damage|p2b: Aerodactyl|0 fnt\n|faint|p2a: Manectric\n|faint|p2b: Aerodactyl\n|-unboost|p1a: King Kwei|def|1\n|\n|-heal|p1a: King Kwei|63/100|[from] item: Leftovers\n|-sideend|p2: ample_apostle|move: Tailwind\n|upkeep\n|\n|t:|1776652012\n|switch|p2b: Tyranitar|Tyranitar, L50, F|100/100\n|-weather|Sandstorm|[from] ability: Sand Stream|[of] p2b: Tyranitar\n|turn|6\n|-message|ample_apostle forfeited.\n|\n|win|Tabula Rasa (TB)\n|raw|Tabula Rasa (TB)'s rating: 1103 &rarr; <strong>1128</strong><br />(+25 for winning)\n|raw|ample_apostle's rating: 1109 &rarr; <strong>1084</strong><br />(-25 for losing)\n|l|\u2606ample_apostle\n|player|p2|\n",
  "uploadtime": 1776652024,
  "views": 9,
  "formatid": "gen9championsvgc2026regma",
  "rating": 1084,
  "private": 0,
  "password": null
}