{
  "id": "gen9championsvgc2026regma-2584442779",
  "format": "[Gen 9 Champions] VGC 2026 Reg M-A",
  "players": [
    "artyyyyy",
    "GeNHellFire"
  ],
  "log": "|j|\u2606artyyyyy\n|j|\u2606GeNHellFire\n|t:|1776261194\n|gametype|doubles\n|player|p1|artyyyyy|roxie|1278\n|player|p2|GeNHellFire|clown|1256\n|gen|9\n|tier|[Gen 9 Champions] VGC 2026 Reg M-A\n|rated|\n|rule|Species Clause: Limit one of each Pok\u00e9mon\n|rule|Item Clause: Limit 1 of each item\n|clearpoke\n|poke|p1|Tyranitar, L50, M|\n|poke|p1|Excadrill, L50, M|\n|poke|p1|Rotom-Wash, L50|\n|poke|p1|Sinistcha, L50|\n|poke|p1|Garchomp, L50, F|\n|poke|p1|Farigiraf, L50, F|\n|poke|p2|Aggron, L50, M|\n|poke|p2|Incineroar, L50, M|\n|poke|p2|Sinistcha, L50|\n|poke|p2|Tyranitar, L50, M|\n|poke|p2|Sneasler, L50, F|\n|poke|p2|Lycanroc, L50, F|\n|teampreview|4\n|inactive|Battle timer is ON: inactive players will automatically lose when time's up. (requested by artyyyyy)\n|\n|t:|1776261224\n|teamsize|p1|4\n|teamsize|p2|4\n|start\n|switch|p1a: Rotom|Rotom-Wash, L50, shiny|100/100\n|switch|p1b: Sinistcha|Sinistcha, L50|100/100\n|switch|p2a: THE WALL|Aggron, L50, M, shiny|100/100\n|switch|p2b: Tyranitar|Tyranitar, L50, M|100/100\n|-weather|Sandstorm|[from] ability: Sand Stream|[of] p2b: Tyranitar\n|turn|1\n|\n|t:|1776261239\n|detailschange|p2a: THE WALL|Aggron-Mega, L50, M, shiny\n|-mega|p2a: THE WALL|Aggron|Aggronite\n|move|p1a: Rotom|Will-O-Wisp|p2a: THE WALL\n|-status|p2a: THE WALL|brn\n|move|p1b: Sinistcha|Matcha Gotcha|p2a: THE WALL|[spread] p2a,p2b\n|-resisted|p2a: THE WALL|1\n|-crit|p2a: THE WALL\n|-supereffective|p2b: Tyranitar|1\n|-damage|p2a: THE WALL|79/100 brn\n|-damage|p2b: Tyranitar|69/100\n|move|p2b: Tyranitar|Crunch|p1b: Sinistcha\n|-supereffective|p1b: Sinistcha|1\n|-damage|p1b: Sinistcha|13/100\n|move|p2a: THE WALL|Iron Defense|p2a: THE WALL\n|-boost|p2a: THE WALL|def|2\n|\n|-weather|Sandstorm|[upkeep]\n|-damage|p1a: Rotom|95/100|[from] Sandstorm\n|-damage|p1b: Sinistcha|7/100|[from] Sandstorm\n|-heal|p1b: Sinistcha|13/100|[from] item: Leftovers\n|-damage|p2a: THE WALL|74/100 brn|[from] brn\n|upkeep\n|turn|2\n|inactive|artyyyyy has 30 seconds left.\n|inactive|GeNHellFire has 30 seconds left.\n|inactive|artyyyyy has 20 seconds left.\n|inactive|artyyyyy has 15 seconds left.\n|inactive|artyyyyy has 10 seconds left.\n|inactive|artyyyyy has 5 seconds left.\n|\n|t:|1776261294\n|switch|p2b: Sinistcha|Sinistcha, L50|100/100\n|-heal|p2a: THE WALL|98/100 brn|[from] ability: Hospitality|[of] p2b: Sinistcha\n|move|p1a: Rotom|Volt Switch|p2a: THE WALL\n|-damage|p2a: THE WALL|64/100 brn\n|\n|t:|1776261310\n|switch|p1a: Garchomp|Garchomp, L50, F|100/100|[from] Volt Switch\n|move|p1b: Sinistcha|Matcha Gotcha|p2a: THE WALL|[spread] p2a,p2b\n|-resisted|p2a: THE WALL|1\n|-resisted|p2b: Sinistcha|1\n|-damage|p2a: THE WALL|50/100 brn\n|-heal|p1b: Sinistcha|21/100|[from] drain|[of] p2a: THE WALL\n|-damage|p2b: Sinistcha|88/100\n|-heal|p1b: Sinistcha|28/100|[from] drain|[of] p2b: Sinistcha\n|move|p2a: THE WALL|Body Press|p1a: Garchomp\n|-damage|p1a: Garchomp|60/100\n|\n|-weather|Sandstorm|[upkeep]\n|-damage|p2b: Sinistcha|82/100|[from] Sandstorm\n|-damage|p1b: Sinistcha|22/100|[from] Sandstorm\n|-heal|p1b: Sinistcha|28/100|[from] item: Leftovers\n|-damage|p2a: THE WALL|44/100 brn|[from] brn\n|upkeep\n|turn|3\n|\n|t:|1776261332\n|move|p1a: Garchomp|Protect|p1a: Garchomp\n|-singleturn|p1a: Garchomp|Protect\n|move|p2a: THE WALL|Protect|p2a: THE WALL\n|-singleturn|p2a: THE WALL|Protect\n|move|p1b: Sinistcha|Life Dew|p1b: Sinistcha|[spread] p1a,p1b\n|-heal|p1a: Garchomp|85/100\n|-heal|p1b: Sinistcha|53/100\n|move|p2b: Sinistcha|Life Dew|p2b: Sinistcha|[spread] p2a,p2b\n|-heal|p2a: THE WALL|70/100 brn\n|-heal|p2b: Sinistcha|100/100\n|\n|-weather|Sandstorm|[upkeep]\n|-damage|p2b: Sinistcha|94/100|[from] Sandstorm\n|-damage|p1b: Sinistcha|47/100|[from] Sandstorm\n|-heal|p1b: Sinistcha|53/100|[from] item: Leftovers\n|-damage|p2a: THE WALL|64/100 brn|[from] brn\n|upkeep\n|turn|4\n|inactive|GeNHellFire has 30 seconds left.\n|\n|t:|1776261363\n|switch|p2b: Tyranitar|Tyranitar, L50, M|69/100\n|move|p1a: Garchomp|Earthquake|p2b: Tyranitar|[spread] p1b,p2a,p2b\n|-resisted|p1b: Sinistcha|1\n|-supereffective|p2a: THE WALL|1\n|-supereffective|p2b: Tyranitar|1\n|-damage|p1b: Sinistcha|36/100\n|-damage|p2a: THE WALL|53/100 brn\n|-damage|p2b: Tyranitar|6/100\n|move|p1b: Sinistcha|Matcha Gotcha|p2b: Tyranitar|[spread] p2a,p2b\n|-resisted|p2a: THE WALL|1\n|-supereffective|p2b: Tyranitar|1\n|-damage|p2a: THE WALL|39/100 brn\n|-heal|p1b: Sinistcha|44/100|[from] drain|[of] p2a: THE WALL\n|-damage|p2b: Tyranitar|0 fnt\n|-heal|p1b: Sinistcha|48/100|[from] drain|[of] p2b: Tyranitar\n|faint|p2b: Tyranitar\n|move|p2a: THE WALL|Body Press|p1a: Garchomp\n|-damage|p1a: Garchomp|45/100\n|\n|-weather|Sandstorm|[upkeep]\n|-damage|p1b: Sinistcha|42/100|[from] Sandstorm\n|-heal|p1b: Sinistcha|48/100|[from] item: Leftovers\n|-damage|p2a: THE WALL|33/100 brn|[from] brn\n|upkeep\n|\n|t:|1776261384\n|switch|p2b: Sinistcha|Sinistcha, L50|94/100\n|-heal|p2a: THE WALL|58/100 brn|[from] ability: Hospitality|[of] p2b: Sinistcha\n|turn|5\n|\n|t:|1776261393\n|move|p1a: Garchomp|Protect|p1a: Garchomp\n|-singleturn|p1a: Garchomp|Protect\n|move|p2b: Sinistcha|Life Dew|p2b: Sinistcha|[spread] p2a,p2b\n|-heal|p2a: THE WALL|83/100 brn\n|-heal|p2b: Sinistcha|100/100\n|move|p1b: Sinistcha|Life Dew|p1b: Sinistcha|[spread] p1a,p1b\n|-heal|p1a: Garchomp|70/100\n|-heal|p1b: Sinistcha|74/100\n|move|p2a: THE WALL|Iron Defense|p2a: THE WALL\n|-boost|p2a: THE WALL|def|2\n|\n|-weather|none\n|-heal|p1b: Sinistcha|80/100|[from] item: Leftovers\n|-damage|p2a: THE WALL|77/100 brn|[from] brn\n|upkeep\n|turn|6\n|\n|t:|1776261418\n|switch|p1a: Rotom|Rotom-Wash, L50, shiny|95/100\n|move|p1b: Sinistcha|Rage Powder|p1b: Sinistcha\n|-singleturn|p1b: Sinistcha|move: Rage Powder\n|move|p2b: Sinistcha|Matcha Gotcha|p1a: Rotom|[spread] p1a,p1b\n|-supereffective|p1a: Rotom|1\n|-resisted|p1b: Sinistcha|1\n|-damage|p1a: Rotom|26/100\n|-damage|p1b: Sinistcha|66/100\n|-status|p1b: Sinistcha|brn\n|-enditem|p1a: Rotom|Sitrus Berry|[eat]\n|-heal|p1a: Rotom|51/100|[from] item: Sitrus Berry\n|move|p2a: THE WALL|Body Press|p1b: Sinistcha\n|-immune|p1b: Sinistcha\n|\n|-heal|p1b: Sinistcha|72/100 brn|[from] item: Leftovers\n|-damage|p1b: Sinistcha|66/100 brn|[from] brn\n|-damage|p2a: THE WALL|71/100 brn|[from] brn\n|upkeep\n|turn|7\n|inactive|GeNHellFire has 30 seconds left.\n|inactive|GeNHellFire has 20 seconds left.\n|\n|t:|1776261456\n|move|p1a: Rotom|Volt Switch|p2a: THE WALL\n|-damage|p2a: THE WALL|32/100 brn\n|c|\u2606artyyyyy|big ups the wall\n|\n|t:|1776261460\n|switch|p1a: Garchomp|Garchomp, L50, F|70/100|[from] Volt Switch\n|move|p2b: Sinistcha|Life Dew||[still]|[spread] p2a,p2b\n|-heal|p2a: THE WALL|57/100 brn\n|-fail|p2b: Sinistcha|heal\n|move|p1b: Sinistcha|Matcha Gotcha|p2b: Sinistcha|[spread] p2a,p2b\n|-resisted|p2a: THE WALL|1\n|-resisted|p2b: Sinistcha|1\n|-damage|p2a: THE WALL|43/100 brn\n|-heal|p1b: Sinistcha|74/100 brn|[from] drain|[of] p2a: THE WALL\n|-damage|p2b: Sinistcha|88/100\n|-heal|p1b: Sinistcha|82/100 brn|[from] drain|[of] p2b: Sinistcha\n|move|p2a: THE WALL|Heavy Slam|p1b: Sinistcha\n|-damage|p1b: Sinistcha|58/100 brn\n|\n|-heal|p1b: Sinistcha|64/100 brn|[from] item: Leftovers\n|-damage|p1b: Sinistcha|58/100 brn|[from] brn\n|-damage|p2a: THE WALL|37/100 brn|[from] brn\n|upkeep\n|turn|8\n|inactive|GeNHellFire has 30 seconds left.\n|\n|t:|1776261487\n|move|p1a: Garchomp|Dragon Claw|p2b: Sinistcha\n|-damage|p2b: Sinistcha|32/100\n|move|p2b: Sinistcha|Life Dew|p2b: Sinistcha|[spread] p2a,p2b\n|-heal|p2a: THE WALL|62/100 brn\n|-heal|p2b: Sinistcha|57/100\n|move|p1b: Sinistcha|Life Dew|p1b: Sinistcha|[spread] p1a,p1b\n|-heal|p1a: Garchomp|95/100\n|-heal|p1b: Sinistcha|83/100 brn\n|move|p2a: THE WALL|Body Press|p1a: Garchomp\n|-damage|p1a: Garchomp|37/100\n|\n|-heal|p1b: Sinistcha|90/100 brn|[from] item: Leftovers\n|-damage|p1b: Sinistcha|83/100 brn|[from] brn\n|-damage|p2a: THE WALL|56/100 brn|[from] brn\n|upkeep\n|turn|9\n|inactive|GeNHellFire has 30 seconds left.\n|\n|t:|1776261517\n|move|p1a: Garchomp|Dragon Claw|p2b: Sinistcha\n|-damage|p2b: Sinistcha|4/100\n|move|p2b: Sinistcha|Matcha Gotcha|p1b: Sinistcha|[spread] p1a,p1b\n|-resisted|p1b: Sinistcha|1\n|-damage|p1a: Garchomp|2/100\n|-heal|p2b: Sinistcha|23/100|[from] drain|[of] p1a: Garchomp\n|-damage|p1b: Sinistcha|69/100 brn\n|-heal|p2b: Sinistcha|30/100|[from] drain|[of] p1b: Sinistcha\n|move|p1b: Sinistcha|Matcha Gotcha|p2a: THE WALL|[spread] p2a,p2b\n|-resisted|p2a: THE WALL|1\n|-resisted|p2b: Sinistcha|1\n|-damage|p2a: THE WALL|42/100 brn\n|-heal|p1b: Sinistcha|77/100 brn|[from] drain|[of] p2a: THE WALL\n|-damage|p2b: Sinistcha|18/100\n|-heal|p1b: Sinistcha|84/100 brn|[from] drain|[of] p2b: Sinistcha\n|move|p2a: THE WALL|Heavy Slam|p1a: Garchomp\n|-damage|p1a: Garchomp|0 fnt\n|faint|p1a: Garchomp\n|\n|-heal|p1b: Sinistcha|90/100 brn|[from] item: Leftovers\n|-damage|p1b: Sinistcha|84/100 brn|[from] brn\n|-damage|p2a: THE WALL|36/100 brn|[from] brn\n|upkeep\n|\n|t:|1776261527\n|switch|p1a: Rotom|Rotom-Wash, L50, shiny|51/100\n|turn|10\n|\n|t:|1776261546\n|move|p2a: THE WALL|Protect|p2a: THE WALL\n|-singleturn|p2a: THE WALL|Protect\n|move|p1a: Rotom|Volt Switch|p2b: Sinistcha\n|-resisted|p2b: Sinistcha|1\n|-damage|p2b: Sinistcha|1/100\n|\n|t:|1776261549\n|switch|p1a: Farigiraf|Farigiraf, L50, F, shiny|100/100|[from] Volt Switch\n|move|p2b: Sinistcha|Life Dew|p2b: Sinistcha|[spread] p2a,p2b\n|-heal|p2a: THE WALL|61/100 brn\n|-heal|p2b: Sinistcha|26/100\n|move|p1b: Sinistcha|Life Dew||[still]|[spread] p1a,p1b\n|-fail|p1a: Farigiraf|heal\n|-heal|p1b: Sinistcha|100/100 brn\n|\n|-damage|p1b: Sinistcha|94/100 brn|[from] brn\n|-damage|p2a: THE WALL|55/100 brn|[from] brn\n|upkeep\n|turn|11\n|\n|t:|1776261570\n|move|p1b: Sinistcha|Rage Powder|p1b: Sinistcha\n|-singleturn|p1b: Sinistcha|move: Rage Powder\n|move|p2b: Sinistcha|Life Dew|p2b: Sinistcha|[spread] p2a,p2b\n|-heal|p2a: THE WALL|81/100 brn\n|-heal|p2b: Sinistcha|52/100\n|move|p1a: Farigiraf|Twin Beam|p2b: Sinistcha\n|-damage|p2b: Sinistcha|33/100\n|-damage|p2b: Sinistcha|15/100\n|-hitcount|p2b: Sinistcha|2\n|move|p2a: THE WALL|Body Press|p1b: Sinistcha\n|-immune|p1b: Sinistcha\n|\n|-heal|p1b: Sinistcha|100/100 brn|[from] item: Leftovers\n|-damage|p1b: Sinistcha|94/100 brn|[from] brn\n|-damage|p2a: THE WALL|75/100 brn|[from] brn\n|upkeep\n|turn|12\n|\n|t:|1776261592\n|move|p1b: Sinistcha|Matcha Gotcha|p2a: THE WALL|[spread] p2b\n|-miss|p1b: Sinistcha|p2a: THE WALL\n|-resisted|p2b: Sinistcha|1\n|-damage|p2b: Sinistcha|4/100\n|-heal|p1b: Sinistcha|100/100 brn|[from] drain|[of] p2b: Sinistcha\n|move|p2b: Sinistcha|Matcha Gotcha|p1a: Farigiraf|[spread] p1a,p1b\n|-resisted|p1b: Sinistcha|1\n|-damage|p1a: Farigiraf|76/100\n|-heal|p2b: Sinistcha|18/100|[from] drain|[of] p1a: Farigiraf\n|-damage|p1b: Sinistcha|85/100 brn\n|-heal|p2b: Sinistcha|25/100|[from] drain|[of] p1b: Sinistcha\n|move|p1a: Farigiraf|Twin Beam|p2b: Sinistcha\n|-damage|p2b: Sinistcha|8/100\n|-damage|p2b: Sinistcha|0 fnt\n|faint|p2b: Sinistcha\n|-hitcount|p2: Sinistcha|2\n|move|p2a: THE WALL|Heavy Slam|p1b: Sinistcha\n|-damage|p1b: Sinistcha|62/100 brn\n|\n|-heal|p1b: Sinistcha|68/100 brn|[from] item: Leftovers\n|-damage|p1b: Sinistcha|62/100 brn|[from] brn\n|-damage|p2a: THE WALL|69/100 brn|[from] brn\n|upkeep\n|\n|t:|1776261614\n|switch|p2b: Sneasler|Sneasler, L50, F|100/100\n|turn|13\n|\n|t:|1776261628\n|move|p1b: Sinistcha|Rage Powder|p1b: Sinistcha\n|-singleturn|p1b: Sinistcha|move: Rage Powder\n|move|p2b: Sneasler|Dire Claw|p1b: Sinistcha\n|-damage|p1b: Sinistcha|19/100 brn\n|move|p1a: Farigiraf|Twin Beam|p2b: Sneasler\n|-supereffective|p2b: Sneasler|2\n|-damage|p2b: Sneasler|14/100\n|-supereffective|p2b: Sneasler|2\n|-damage|p2b: Sneasler|0 fnt\n|faint|p2b: Sneasler\n|-hitcount|p2: Sneasler|2\n|move|p2a: THE WALL|Body Press|p1b: Sinistcha\n|-immune|p1b: Sinistcha\n|\n|-heal|p1b: Sinistcha|25/100 brn|[from] item: Leftovers\n|-damage|p1b: Sinistcha|19/100 brn|[from] brn\n|-damage|p2a: THE WALL|63/100 brn|[from] brn\n|upkeep\n|turn|14\n|\n|t:|1776261649\n|move|p1b: Sinistcha|Life Dew|p1b: Sinistcha|[spread] p1a,p1b\n|-heal|p1a: Farigiraf|100/100\n|-heal|p1b: Sinistcha|44/100 brn\n|move|p1a: Farigiraf|Hyper Voice|p2a: THE WALL\n|-resisted|p2a: THE WALL|1\n|-damage|p2a: THE WALL|41/100 brn\n|move|p2a: THE WALL|Heavy Slam|p1b: Sinistcha\n|-damage|p1b: Sinistcha|18/100 brn\n|\n|-heal|p1b: Sinistcha|24/100 brn|[from] item: Leftovers\n|-damage|p1b: Sinistcha|18/100 brn|[from] brn\n|-damage|p2a: THE WALL|36/100 brn|[from] brn\n|upkeep\n|turn|15\n|-message|GeNHellFire forfeited.\n|\n|win|artyyyyy\n|raw|artyyyyy's rating: 1278 &rarr; <strong>1301</strong><br />(+23 for winning)\n|raw|GeNHellFire's rating: 1256 &rarr; <strong>1233</strong><br />(-23 for losing)\n|l|\u2606GeNHellFire\n|player|p2|\n",
  "uploadtime": 1776261673,
  "views": 45,
  "formatid": "gen9championsvgc2026regma",
  "rating": 1233,
  "private": 0,
  "password": null
}