{
  "id": "gen9championsvgc2026regma-2581681885",
  "format": "[Gen 9 Champions] VGC 2026 Reg M-A",
  "players": [
    "rauliito_adh",
    "I Am Boxxy"
  ],
  "log": "|j|\u2606rauliito_adh\n|j|\u2606I Am Boxxy\n|t:|1776020327\n|gametype|doubles\n|player|p1|rauliito_adh|2|1140\n|player|p2|I Am Boxxy|2|1181\n|gen|9\n|tier|[Gen 9 Champions] VGC 2026 Reg M-A\n|rated|\n|rule|Species Clause: Limit one of each Pok\u00e9mon\n|rule|Item Clause: Limit 1 of each item\n|clearpoke\n|poke|p1|Arcanine, L50, F|\n|poke|p1|Rotom-Wash, L50|\n|poke|p1|Garchomp, L50, F|\n|poke|p1|Venusaur, L50, F|\n|poke|p1|Corviknight, L50, F|\n|poke|p1|Sneasler, L50, F|\n|poke|p2|Floette-Eternal, L50, F|\n|poke|p2|Sneasler, L50, F|\n|poke|p2|Incineroar, L50, M|\n|poke|p2|Excadrill, L50, M|\n|poke|p2|Dragonite, L50, M|\n|poke|p2|Palafin, L50, M|\n|teampreview|4\n|\n|t:|1776020374\n|teamsize|p1|4\n|teamsize|p2|4\n|start\n|switch|p1a: Rotom|Rotom-Wash, L50|100/100\n|switch|p1b: Garchomp|Garchomp, L50, F|100/100\n|switch|p2a: Dragonite|Dragonite, L50, M|100/100\n|switch|p2b: Incineroar|Incineroar, L50, M|100/100\n|-ability|p2b: Incineroar|Intimidate|boost\n|-unboost|p1a: Rotom|atk|1\n|-unboost|p1b: Garchomp|atk|1\n|-enditem|p1b: Garchomp|White Herb\n|-clearnegativeboost|p1b: Garchomp|[silent]\n|turn|1\n|inactive|Battle timer is ON: inactive players will automatically lose when time's up. (requested by rauliito_adh)\n|\n|t:|1776020388\n|move|p2b: Incineroar|Fake Out|p1b: Garchomp\n|-damage|p1b: Garchomp|89/100\n|-damage|p2b: Incineroar|88/100|[from] ability: Rough Skin|[of] p1b: Garchomp\n|move|p1a: Rotom|Discharge|p2a: Dragonite|[spread] p2a,p2b\n|-immune|p1b: Garchomp\n|-damage|p2a: Dragonite|84/100\n|-damage|p2b: Incineroar|59/100\n|cant|p1b: Garchomp|flinch\n|move|p2a: Dragonite|Tailwind|p2a: Dragonite\n|-sidestart|p2: I Am Boxxy|move: Tailwind\n|\n|upkeep\n|turn|2\n|\n|t:|1776020404\n|move|p1b: Garchomp|Protect|p1b: Garchomp\n|-singleturn|p1b: Garchomp|Protect\n|move|p2a: Dragonite|Scale Shot|p1b: Garchomp\n|-activate|p1b: Garchomp|move: Protect\n|move|p2b: Incineroar|Parting Shot|p1a: Rotom\n|-unboost|p1a: Rotom|atk|1\n|-unboost|p1a: Rotom|spa|1\n|\n|t:|1776020409\n|switch|p2b: Excadrill|Excadrill, L50, M|100/100|[from] Parting Shot\n|-ability|p2b: Excadrill|Mold Breaker\n|move|p1a: Rotom|Discharge|p2b: Excadrill|[spread] p2a\n|-activate|p1b: Garchomp|move: Protect\n|-immune|p2b: Excadrill\n|-damage|p2a: Dragonite|64/100\n|\n|upkeep\n|turn|3\n|\n|t:|1776020423\n|switch|p1b: Corviknight|Corviknight, L50, F|100/100\n|move|p2b: Excadrill|Earthquake|p1a: Rotom|[spread] p1a\n|-immune|p2a: Dragonite\n|-immune|p1b: Corviknight\n|-supereffective|p1a: Rotom|1\n|-damage|p1a: Rotom|0 fnt\n|faint|p1a: Rotom\n|move|p2a: Dragonite|Scale Shot|p1b: Corviknight\n|-resisted|p1b: Corviknight|1\n|-crit|p1b: Corviknight\n|-damage|p1b: Corviknight|92/100\n|-resisted|p1b: Corviknight|1\n|-damage|p1b: Corviknight|85/100\n|-resisted|p1b: Corviknight|1\n|-damage|p1b: Corviknight|80/100\n|-hitcount|p1b: Corviknight|3\n|-unboost|p2a: Dragonite|def|1\n|-boost|p2a: Dragonite|spe|1\n|-enditem|p2a: Dragonite|White Herb\n|-clearnegativeboost|p2a: Dragonite|[silent]\n|\n|-heal|p1b: Corviknight|85/100|[from] item: Leftovers\n|upkeep\n|\n|t:|1776020445\n|switch|p1a: Venusaur|Venusaur, L50, F|100/100\n|turn|4\n|\n|t:|1776020454\n|switch|p2b: Incineroar|Incineroar, L50, M|59/100\n|-ability|p2b: Incineroar|Intimidate|boost\n|-unboost|p1a: Venusaur|atk|1\n|-ability|p1b: Corviknight|Mirror Armor\n|-unboost|p2b: Incineroar|atk|1\n|detailschange|p1a: Venusaur|Venusaur-Mega, L50, F\n|-mega|p1a: Venusaur|Venusaur|Venusaurite\n|move|p2a: Dragonite|Protect|p2a: Dragonite\n|-singleturn|p2a: Dragonite|Protect\n|move|p1a: Venusaur|Leech Seed|p2a: Dragonite\n|-activate|p2a: Dragonite|move: Protect\n|move|p1b: Corviknight|Tailwind|p1b: Corviknight\n|-sidestart|p1: rauliito_adh|move: Tailwind\n|\n|-heal|p1b: Corviknight|91/100|[from] item: Leftovers\n|-sideend|p2: I Am Boxxy|move: Tailwind\n|upkeep\n|turn|5\n|inactive|rauliito_adh has 30 seconds left.\n|\n|t:|1776020484\n|move|p1a: Venusaur|Leech Seed|p2a: Dragonite\n|-start|p2a: Dragonite|move: Leech Seed\n|move|p2a: Dragonite|Tailwind|p2a: Dragonite\n|-sidestart|p2: I Am Boxxy|move: Tailwind\n|move|p2b: Incineroar|Flare Blitz|p1a: Venusaur\n|-supereffective|p1a: Venusaur|1\n|-damage|p1a: Venusaur|71/100\n|-damage|p2b: Incineroar|50/100|[from] Recoil\n|-enditem|p2b: Incineroar|Sitrus Berry|[eat]\n|-heal|p2b: Incineroar|75/100|[from] item: Sitrus Berry\n|move|p1b: Corviknight|Brave Bird|p2b: Incineroar\n|-damage|p2b: Incineroar|35/100\n|-damage|p1b: Corviknight|78/100|[from] Recoil\n|\n|-heal|p1b: Corviknight|84/100|[from] item: Leftovers\n|-damage|p2a: Dragonite|52/100|[from] Leech Seed|[of] p1a: Venusaur\n|-heal|p1a: Venusaur|81/100|[silent]\n|upkeep\n|turn|6\n|inactive|rauliito_adh has 30 seconds left.\n|inactive|rauliito_adh has 20 seconds left.\n|inactive|rauliito_adh has 15 seconds left.\n|\n|t:|1776020529\n|move|p2a: Dragonite|Scale Shot|p1a: Venusaur\n|-damage|p1a: Venusaur|69/100\n|-damage|p1a: Venusaur|57/100\n|-damage|p1a: Venusaur|46/100\n|-hitcount|p1a: Venusaur|3\n|-unboost|p2a: Dragonite|def|1\n|-boost|p2a: Dragonite|spe|1\n|move|p1a: Venusaur|Sludge Bomb|p2b: Incineroar\n|-damage|p2b: Incineroar|0 fnt\n|faint|p2b: Incineroar\n|move|p1b: Corviknight|Brave Bird|p2a: Dragonite\n|-damage|p2a: Dragonite|0 fnt\n|faint|p2a: Dragonite\n|-damage|p1b: Corviknight|70/100|[from] Recoil\n|\n|-heal|p1b: Corviknight|76/100|[from] item: Leftovers\n|upkeep\n|\n|t:|1776020542\n|switch|p2a: Floette|Floette-Eternal, L50, F|100/100\n|switch|p2b: Excadrill|Excadrill, L50, M|100/100\n|-ability|p2b: Excadrill|Mold Breaker\n|turn|7\n|\n|t:|1776020555\n|detailschange|p2a: Floette|Floette-Mega, L50, F\n|-mega|p2a: Floette|Floette|Floettite\n|-ability|p2a: Floette|Fairy Aura\n|move|p2b: Excadrill|Rock Slide|p1b: Corviknight|[spread] p1b\n|-miss|p2b: Excadrill|p1a: Venusaur\n|-damage|p1b: Corviknight|58/100\n|move|p2a: Floette|Psychic|p1a: Venusaur\n|-supereffective|p1a: Venusaur|1\n|-damage|p1a: Venusaur|0 fnt\n|faint|p1a: Venusaur\n|cant|p1b: Corviknight|flinch\n|\n|-heal|p1b: Corviknight|64/100|[from] item: Leftovers\n|-sideend|p1: rauliito_adh|move: Tailwind\n|upkeep\n|\n|t:|1776020567\n|switch|p1a: Garchomp|Garchomp, L50, F|89/100\n|turn|8\n|\n|t:|1776020579\n|move|p1a: Garchomp|Protect|p1a: Garchomp\n|-singleturn|p1a: Garchomp|Protect\n|move|p2b: Excadrill|Rock Slide|p1b: Corviknight|[spread] p1b\n|-activate|p1a: Garchomp|move: Protect\n|-damage|p1b: Corviknight|46/100\n|move|p2a: Floette|Moonblast|p1a: Garchomp\n|-activate|p1a: Garchomp|move: Protect\n|move|p1b: Corviknight|Tailwind|p1b: Corviknight\n|-sidestart|p1: rauliito_adh|move: Tailwind\n|\n|-heal|p1b: Corviknight|52/100|[from] item: Leftovers\n|-sideend|p2: I Am Boxxy|move: Tailwind\n|upkeep\n|turn|9\n|\n|t:|1776020597\n|move|p1a: Garchomp|Earthquake|p2a: Floette|[spread] p2a,p2b\n|-immune|p1b: Corviknight\n|-supereffective|p2b: Excadrill|1\n|-damage|p2a: Floette|50/100\n|-damage|p2b: Excadrill|0 fnt\n|faint|p2b: Excadrill\n|move|p1b: Corviknight|Iron Head|p2a: Floette\n|-supereffective|p2a: Floette|1\n|-damage|p2a: Floette|0 fnt\n|faint|p2a: Floette\n|\n|win|rauliito_adh\n|raw|rauliito_adh's rating: 1140 &rarr; <strong>1168</strong><br />(+28 for winning)\n|raw|I Am Boxxy's rating: 1181 &rarr; <strong>1153</strong><br />(-28 for losing)\n",
  "uploadtime": 1776020608,
  "views": 16,
  "formatid": "gen9championsvgc2026regma",
  "rating": 1153,
  "private": 0,
  "password": null
}