{
  "id": "gen9championsvgc2026regma-2581482372",
  "format": "[Gen 9 Champions] VGC 2026 Reg M-A",
  "players": [
    "XcRunner",
    "zan81"
  ],
  "log": "|j|\u2606XcRunner\n|j|\u2606zan81\n|t:|1776004587\n|gametype|doubles\n|player|p1|XcRunner|1|1310\n|player|p2|zan81|101|1343\n|gen|9\n|tier|[Gen 9 Champions] VGC 2026 Reg M-A\n|rated|\n|rule|Species Clause: Limit one of each Pok\u00e9mon\n|rule|Item Clause: Limit 1 of each item\n|clearpoke\n|poke|p1|Floette-Eternal, L50, F|\n|poke|p1|Garchomp, L50, F|\n|poke|p1|Talonflame, L50, M|\n|poke|p1|Ninetales-Alola, L50, F|\n|poke|p1|Rotom-Wash, L50|\n|poke|p1|Farigiraf, L50, F|\n|poke|p2|Kingambit, L50, F|\n|poke|p2|Sneasler, L50, F|\n|poke|p2|Basculegion, L50, M|\n|poke|p2|Froslass, L50, F|\n|poke|p2|Delphox, L50, F|\n|poke|p2|Whimsicott, L50, F|\n|teampreview|4\n|inactive|Battle timer is ON: inactive players will automatically lose when time's up. (requested by zan81)\n|j| Bridge_08\n|inactive|XcRunner has 60 seconds left.\n|inactive|XcRunner has 30 seconds left.\n|\n|t:|1776004657\n|teamsize|p1|4\n|teamsize|p2|4\n|start\n|switch|p1a: Talonflame|Talonflame, L50, M|100/100\n|switch|p1b: Floette|Floette-Eternal, L50, F|100/100\n|switch|p2a: Froslass|Froslass, L50, F|100/100\n|switch|p2b: Whimsicott|Whimsicott, L50, F|100/100\n|turn|1\n|inactive|zan81 has 30 seconds left.\n|inactive|XcRunner has 30 seconds left.\n|\n|t:|1776004694\n|detailschange|p2a: Froslass|Froslass-Mega, L50, F\n|-mega|p2a: Froslass|Froslass|Froslassite\n|-weather|Snowscape|[from] ability: Snow Warning|[of] p2a: Froslass\n|detailschange|p1b: Floette|Floette-Mega, L50, F\n|-mega|p1b: Floette|Floette|Floettite\n|-ability|p1b: Floette|Fairy Aura\n|move|p2b: Whimsicott|Helping Hand|p2a: Froslass\n|-singleturn|p2a: Froslass|Helping Hand|[of] p2b: Whimsicott\n|move|p1a: Talonflame|Tailwind|p1a: Talonflame\n|-sidestart|p1: XcRunner|move: Tailwind\n|move|p1b: Floette|Light of Ruin|p2a: Froslass\n|-damage|p2a: Froslass|0 fnt\n|faint|p2a: Froslass\n|-damage|p1b: Floette|52/100|[from] Recoil\n|\n|-weather|Snowscape|[upkeep]\n|upkeep\n|\n|t:|1776004710\n|switch|p2a: Basculegion|Basculegion, L50, M|100/100\n|turn|2\n|\n|t:|1776004728\n|move|p1b: Floette|Protect|p1b: Floette\n|-singleturn|p1b: Floette|Protect\n|move|p1a: Talonflame|Acrobatics|p2b: Whimsicott\n|-supereffective|p2b: Whimsicott|1\n|-damage|p2b: Whimsicott|20/100\n|move|p2b: Whimsicott|Tailwind|p2b: Whimsicott\n|-sidestart|p2: zan81|move: Tailwind\n|move|p2a: Basculegion|Wave Crash|p1b: Floette\n|-activate|p1b: Floette|move: Protect\n|\n|-weather|Snowscape|[upkeep]\n|upkeep\n|turn|3\n|inactive|zan81 has 30 seconds left.\n|\n|t:|1776004754\n|switch|p1b: Rotom|Rotom-Wash, L50|100/100\n|move|p1a: Talonflame|Acrobatics|p2b: Whimsicott\n|-supereffective|p2b: Whimsicott|1\n|-damage|p2b: Whimsicott|0 fnt\n|faint|p2b: Whimsicott\n|move|p2a: Basculegion|Wave Crash|p1b: Rotom\n|-resisted|p1b: Rotom|1\n|-damage|p1b: Rotom|60/100\n|-damage|p2a: Basculegion|90/100|[from] Recoil\n|\n|-weather|Snowscape|[upkeep]\n|upkeep\n|\n|t:|1776004764\n|switch|p2b: Sneasler|Sneasler, L50, F|100/100\n|turn|4\n|\n|t:|1776004778\n|move|p1a: Talonflame|Protect|p1a: Talonflame\n|-singleturn|p1a: Talonflame|Protect\n|move|p2a: Basculegion|Wave Crash|p1a: Talonflame\n|-activate|p1a: Talonflame|move: Protect\n|move|p2b: Sneasler|Close Combat|p1b: Rotom\n|-crit|p1b: Rotom\n|-damage|p1b: Rotom|0 fnt\n|-unboost|p2b: Sneasler|def|1\n|-unboost|p2b: Sneasler|spd|1\n|faint|p1b: Rotom\n|-enditem|p2b: Sneasler|White Herb\n|-clearnegativeboost|p2b: Sneasler|[silent]\n|\n|-weather|Snowscape|[upkeep]\n|-sideend|p1: XcRunner|move: Tailwind\n|upkeep\n|\n|t:|1776004791\n|switch|p1b: Garchomp|Garchomp, L50, F|100/100\n|turn|5\n|\n|t:|1776004808\n|move|p2b: Sneasler|Protect|p2b: Sneasler\n|-singleturn|p2b: Sneasler|Protect\n|move|p1a: Talonflame|Acrobatics|p2b: Sneasler\n|-activate|p2b: Sneasler|move: Protect\n|move|p2a: Basculegion|Wave Crash|p1a: Talonflame\n|-supereffective|p1a: Talonflame|1\n|-damage|p1a: Talonflame|0 fnt\n|faint|p1a: Talonflame\n|-damage|p2a: Basculegion|64/100|[from] Recoil\n|move|p1b: Garchomp|Earthquake|p2b: Sneasler|[spread] p2a\n|-activate|p2b: Sneasler|move: Protect\n|-damage|p2a: Basculegion|15/100\n|\n|-weather|none\n|-sideend|p2: zan81|move: Tailwind\n|upkeep\n|\n|t:|1776004822\n|switch|p1a: Floette|Floette-Mega, L50, F|52/100\n|-ability|p1a: Floette|Fairy Aura\n|turn|6\n|\n|t:|1776004845\n|move|p1a: Floette|Protect|p1a: Floette\n|-singleturn|p1a: Floette|Protect\n|move|p2b: Sneasler|Close Combat|p1b: Garchomp\n|-damage|p1b: Garchomp|34/100\n|-unboost|p2b: Sneasler|def|1\n|-unboost|p2b: Sneasler|spd|1\n|-damage|p2b: Sneasler|88/100|[from] ability: Rough Skin|[of] p1b: Garchomp\n|move|p2a: Basculegion|Wave Crash|p1b: Garchomp\n|-damage|p1b: Garchomp|0 fnt\n|-damage|p2a: Basculegion|3/100|[from] ability: Rough Skin|[of] p1b: Garchomp\n|faint|p1b: Garchomp\n|-damage|p2a: Basculegion|0 fnt|[from] Recoil\n|faint|p2a: Basculegion\n|\n|upkeep\n|turn|7\n|c|\u2606zan81|GG\n|l| Bridge_08\n|\n|t:|1776004864\n|move|p2b: Sneasler|Dire Claw|p1a: Floette\n|-supereffective|p1a: Floette|1\n|-damage|p1a: Floette|0 fnt\n|faint|p1a: Floette\n|\n|win|zan81\n|raw|XcRunner's rating: 1310 &rarr; <strong>1292</strong><br />(-18 for losing)\n|raw|zan81's rating: 1343 &rarr; <strong>1361</strong><br />(+18 for winning)\n|c|\u2606XcRunner|Gg\n",
  "uploadtime": 1776004879,
  "views": 33,
  "formatid": "gen9championsvgc2026regma",
  "rating": 1292,
  "private": 0,
  "password": null
}