{
  "id": "gen9championsvgc2026regma-2586965750",
  "format": "[Gen 9 Champions] VGC 2026 Reg M-A",
  "players": [
    "Smile expression",
    "Todo CCT"
  ],
  "log": "|j|\u2606Smile expression\n|j|\u2606Todo CCT\n|t:|1776476377\n|gametype|doubles\n|player|p1|Smile expression|lucas|1333\n|player|p2|Todo CCT|giovanni|1454\n|gen|9\n|tier|[Gen 9 Champions] VGC 2026 Reg M-A\n|rated|\n|rule|Species Clause: Limit one of each Pok\u00e9mon\n|rule|Item Clause: Limit 1 of each item\n|clearpoke\n|poke|p1|Manectric, L50, F|\n|poke|p1|Blastoise, L50, F|\n|poke|p1|Pelipper, L50, F|\n|poke|p1|Orthworm, L50, F|\n|poke|p1|Sinistcha, L50|\n|poke|p1|Garchomp, L50, F|\n|poke|p2|Sneasler, L50, M|\n|poke|p2|Kingambit, L50, M|\n|poke|p2|Farigiraf, L50, M|\n|poke|p2|Torkoal, L50, M|\n|poke|p2|Whimsicott, L50, M|\n|poke|p2|Floette-Eternal, L50, F|\n|teampreview|4\n|\n|t:|1776476425\n|teamsize|p1|4\n|teamsize|p2|4\n|start\n|switch|p1a: Manectric|Manectric, L50, F|100/100\n|switch|p1b: Orthworm|Orthworm, L50, F, shiny|100/100\n|switch|p2a: Whimsicott|Whimsicott, L50, M|100/100\n|switch|p2b: Floette|Floette-Eternal, L50, F|100/100\n|turn|1\n|\n|t:|1776476447\n|detailschange|p1a: Manectric|Manectric-Mega, L50, F\n|-mega|p1a: Manectric|Manectric|Manectite\n|-ability|p1a: Manectric|Intimidate|boost\n|-block|p2a: Whimsicott|ability: Flower Veil|[of] p2b: Floette\n|-unboost|p2b: Floette|atk|1\n|detailschange|p2b: Floette|Floette-Mega, L50, F\n|-mega|p2b: Floette|Floette|Floettite\n|-ability|p2b: Floette|Fairy Aura\n|move|p1b: Orthworm|Protect|p1b: Orthworm\n|-singleturn|p1b: Orthworm|Protect\n|move|p2a: Whimsicott|Fake Tears|p1b: Orthworm\n|-activate|p1b: Orthworm|move: Protect\n|move|p1a: Manectric|Snarl|p2b: Floette|[spread] p2a,p2b\n|-resisted|p2a: Whimsicott|1\n|-resisted|p2b: Floette|1\n|-damage|p2a: Whimsicott|89/100\n|-damage|p2b: Floette|94/100\n|-unboost|p2a: Whimsicott|spa|1\n|-unboost|p2b: Floette|spa|1\n|move|p2b: Floette|Moonblast|p1b: Orthworm\n|-activate|p1b: Orthworm|move: Protect\n|\n|upkeep\n|turn|2\n|\n|t:|1776476469\n|switch|p2b: Kingambit|Kingambit, L50, M|100/100\n|move|p2a: Whimsicott|Encore|p1b: Orthworm\n|-start|p1b: Orthworm|Encore\n|move|p1b: Orthworm|Protect||[still]\n|-fail|p1b: Orthworm\n|move|p1a: Manectric|Snarl|p2a: Whimsicott|[spread] p2a\n|-miss|p1a: Manectric|p2b: Kingambit\n|-resisted|p2a: Whimsicott|1\n|-damage|p2a: Whimsicott|76/100\n|-unboost|p2a: Whimsicott|spa|1\n|\n|upkeep\n|turn|3\n|\n|t:|1776476495\n|switch|p1b: Blastoise|Blastoise, L50, F, shiny|100/100\n|move|p2a: Whimsicott|Encore|p1a: Manectric\n|-start|p1a: Manectric|Encore\n|move|p1a: Manectric|Snarl|p2a: Whimsicott|[spread] p2a,p2b\n|-resisted|p2a: Whimsicott|1\n|-resisted|p2b: Kingambit|1\n|-damage|p2a: Whimsicott|63/100\n|-damage|p2b: Kingambit|93/100\n|-unboost|p2a: Whimsicott|spa|1\n|-unboost|p2b: Kingambit|spa|1\n|-ability|p2b: Kingambit|Defiant|boost\n|-boost|p2b: Kingambit|atk|2\n|move|p2b: Kingambit|Low Kick|p1b: Blastoise\n|-damage|p1b: Blastoise|30/100\n|\n|upkeep\n|turn|4\n|\n|t:|1776476519\n|switch|p1a: Orthworm|Orthworm, L50, F, shiny|100/100\n|move|p1b: Blastoise|Protect|p1b: Blastoise\n|-singleturn|p1b: Blastoise|Protect\n|move|p2a: Whimsicott|Tailwind|p2a: Whimsicott\n|-sidestart|p2: Todo CCT|move: Tailwind\n|move|p2b: Kingambit|Kowtow Cleave|p1b: Blastoise\n|-activate|p1b: Blastoise|move: Protect\n|\n|upkeep\n|turn|5\n|\n|t:|1776476539\n|switch|p1b: Manectric|Manectric-Mega, L50, F|100/100\n|-ability|p1b: Manectric|Intimidate|boost\n|-unboost|p2a: Whimsicott|atk|1\n|-unboost|p2b: Kingambit|atk|1\n|-ability|p2b: Kingambit|Defiant|boost\n|-boost|p2b: Kingambit|atk|2\n|move|p2a: Whimsicott|Encore||[still]\n|-fail|p2a: Whimsicott\n|move|p2b: Kingambit|Low Kick|p1a: Orthworm\n|-supereffective|p1a: Orthworm|1\n|-damage|p1a: Orthworm|0 fnt\n|faint|p1a: Orthworm\n|\n|upkeep\n|\n|t:|1776476556\n|switch|p1a: Blastoise|Blastoise, L50, F, shiny|30/100\n|turn|6\n|\n|t:|1776476563\n|move|p2b: Kingambit|Sucker Punch|p1b: Manectric\n|-damage|p1b: Manectric|0 fnt\n|faint|p1b: Manectric\n|move|p2a: Whimsicott|Moonblast|p1a: Blastoise\n|-damage|p1a: Blastoise|14/100\n|move|p1a: Blastoise|Muddy Water|p2b: Kingambit|[spread] p2a,p2b\n|-resisted|p2a: Whimsicott|1\n|-damage|p2a: Whimsicott|19/100\n|-damage|p2b: Kingambit|44/100\n|-unboost|p2a: Whimsicott|accuracy|1\n|\n|upkeep\n|\n|t:|1776476575\n|switch|p1b: Pelipper|Pelipper, L50, F, shiny|100/100\n|-weather|RainDance|[from] ability: Drizzle|[of] p1b: Pelipper\n|turn|7\n|\n|t:|1776476591\n|move|p2b: Kingambit|Sucker Punch||[still]\n|-fail|p2b: Kingambit\n|move|p2a: Whimsicott|Moonblast|p1a: Blastoise\n|-damage|p1a: Blastoise|0 fnt\n|faint|p1a: Blastoise\n|move|p1b: Pelipper|Tailwind|p1b: Pelipper\n|-sidestart|p1: Smile expression|move: Tailwind\n|\n|-weather|RainDance|[upkeep]\n|-sideend|p2: Todo CCT|move: Tailwind\n|upkeep\n|turn|8\n|-message|Smile expression forfeited.\n|\n|win|Todo CCT\n|raw|Smile expression's rating: 1333 &rarr; <strong>1320</strong><br />(-13 for losing)\n|raw|Todo CCT's rating: 1454 &rarr; <strong>1467</strong><br />(+13 for winning)\n|l|\u2606Smile expression\n|player|p1|\n",
  "uploadtime": 1776476600,
  "views": 36,
  "formatid": "gen9championsvgc2026regma",
  "rating": 1320,
  "private": 0,
  "password": null
}