{
  "id": "gen9championsvgc2026regma-2589593299",
  "format": "[Gen 9 Champions] VGC 2026 Reg M-A",
  "players": [
    "corrinel6",
    "dontbeasackwhanny"
  ],
  "log": "|init|battle\n|title|corrinel6 vs. dontbeasackwhanny\n|j|\u2606corrinel6\n|j|\u2606dontbeasackwhanny\n|t:|1776737276\n|gametype|doubles\n|player|p1|corrinel6|101|1050\n|player|p2|dontbeasackwhanny|170|1062\n|gen|9\n|tier|[Gen 9 Champions] VGC 2026 Reg M-A\n|rated|\n|rule|Species Clause: Limit one of each Pok\u00e9mon\n|rule|Item Clause: Limit 1 of each item\n|clearpoke\n|poke|p1|Pelipper, L50, M|\n|poke|p1|Dragonite, L50, M, shiny|\n|poke|p1|Archaludon, L50, F|\n|poke|p1|Basculegion, L50, M|\n|poke|p1|Sneasler, L50, M|\n|poke|p1|Rotom-Heat, L50|\n|poke|p2|Alakazam, L50, F|\n|poke|p2|Aggron, L50, M|\n|poke|p2|Hatterene, L50, F|\n|poke|p2|Armarouge, L50, F|\n|poke|p2|Greninja, L50, F|\n|poke|p2|Whimsicott, L50, F|\n|teampreview|4\n|inactive|Battle timer is ON: inactive players will automatically lose when time's up. (requested by corrinel6)\n|\n|t:|1776737290\n|teamsize|p1|4\n|teamsize|p2|4\n|start\n|switch|p1a: Dragonite|Dragonite, L50, M, shiny|100/100\n|switch|p1b: Rotom|Rotom-Heat, L50|100/100\n|switch|p2a: Alakazam|Alakazam, L50, F|100/100\n|switch|p2b: Whimsicott|Whimsicott, L50, F|100/100\n|turn|1\n|inactive|corrinel6 has 30 seconds left.\n|\n|t:|1776737316\n|detailschange|p2a: Alakazam|Alakazam-Mega, L50, F\n|-mega|p2a: Alakazam|Alakazam|Alakazite\n|-ability|p2a: Alakazam|Levitate|Trace|[from] ability: Trace|[of] p1b: Rotom\n|detailschange|p1a: Dragonite|Dragonite-Mega, L50, M, shiny\n|-mega|p1a: Dragonite|Dragonite|Dragoninite\n|move|p2b: Whimsicott|Tailwind|p2b: Whimsicott\n|-sidestart|p2: dontbeasackwhanny|move: Tailwind\n|move|p2a: Alakazam|Psychic Terrain|p2a: Alakazam\n|-fieldstart|move: Psychic Terrain\n|move|p1b: Rotom|Overheat|p2b: Whimsicott\n|-supereffective|p2b: Whimsicott|1\n|-enditem|p2b: Whimsicott|Focus Sash\n|-damage|p2b: Whimsicott|1/100\n|-unboost|p1b: Rotom|spa|2\n|move|p1a: Dragonite|Tailwind|p1a: Dragonite\n|-sidestart|p1: corrinel6|move: Tailwind\n|\n|upkeep\n|turn|2\n|\n|t:|1776737334\n|move|p1b: Rotom|Overheat|p2b: Whimsicott|[miss]\n|-miss|p1b: Rotom|p2b: Whimsicott\n|move|p2a: Alakazam|Expanding Force|p1b: Rotom\n|-damage|p1b: Rotom|23/100\n|move|p1a: Dragonite|Hurricane|p2a: Alakazam\n|-damage|p2a: Alakazam|5/100\n|-start|p2a: Alakazam|confusion\n|move|p2b: Whimsicott|Dazzling Gleam|p1a: Dragonite|[spread] p1a,p1b\n|-supereffective|p1a: Dragonite|1\n|-resisted|p1b: Rotom|1\n|-damage|p1a: Dragonite|86/100\n|-damage|p1b: Rotom|11/100\n|\n|upkeep\n|turn|3\n|inactive|dontbeasackwhanny has 30 seconds left.\n|\n|t:|1776737360\n|move|p1b: Rotom|Overheat|p2a: Alakazam\n|-damage|p2a: Alakazam|0 fnt\n|-unboost|p1b: Rotom|spa|2\n|faint|p2a: Alakazam\n|move|p1a: Dragonite|Hurricane|p2b: Whimsicott\n|-supereffective|p2b: Whimsicott|1\n|-damage|p2b: Whimsicott|0 fnt\n|faint|p2b: Whimsicott\n|\n|upkeep\n|\n|t:|1776737368\n|switch|p2a: Armarouge|Armarouge, L50, F|100/100\n|switch|p2b: Aggron|Aggron, L50, M|100/100\n|turn|4\n|\n|t:|1776737377\n|switch|p1b: Pelipper|Pelipper, L50, M|100/100\n|-weather|RainDance|[from] ability: Drizzle|[of] p1b: Pelipper\n|move|p1a: Dragonite|Thunder|p2b: Aggron\n|-damage|p2b: Aggron|19/100\n|-enditem|p2b: Aggron|Sitrus Berry|[eat]\n|-heal|p2b: Aggron|44/100|[from] item: Sitrus Berry\n|move|p2a: Armarouge|Expanding Force|p1a: Dragonite|[spread] p1a,p1b\n|-damage|p1a: Dragonite|31/100\n|-enditem|p1b: Pelipper|Focus Sash\n|-damage|p1b: Pelipper|1/100\n|move|p2b: Aggron|Head Smash|p1a: Dragonite\n|-supereffective|p1a: Dragonite|1\n|-damage|p1a: Dragonite|0 fnt\n|faint|p1a: Dragonite\n|\n|-weather|RainDance|[upkeep]\n|-sideend|p1: corrinel6|move: Tailwind\n|-sideend|p2: dontbeasackwhanny|move: Tailwind\n|upkeep\n|\n|t:|1776737389\n|switch|p1a: Archaludon|Archaludon, L50, F|100/100\n|turn|5\n|\n|t:|1776737401\n|move|p2a: Armarouge|Expanding Force|p1b: Pelipper|[spread] p1a,p1b\n|-resisted|p1a: Archaludon|1\n|-damage|p1a: Archaludon|73/100\n|-damage|p1b: Pelipper|0 fnt\n|-ability|p1a: Archaludon|Stamina|boost\n|-boost|p1a: Archaludon|def|1\n|faint|p1b: Pelipper\n|move|p1a: Archaludon|Electro Shot||[still]\n|-prepare|p1a: Archaludon|Electro Shot\n|-boost|p1a: Archaludon|spa|1\n|-anim|p1a: Archaludon|Electro Shot|p2b: Aggron\n|-crit|p2b: Aggron\n|-damage|p2b: Aggron|0 fnt\n|faint|p2b: Aggron\n|\n|-weather|RainDance|[upkeep]\n|-heal|p1a: Archaludon|79/100|[from] item: Leftovers\n|-fieldend|move: Psychic Terrain\n|upkeep\n|\n|t:|1776737414\n|switch|p1b: Rotom|Rotom-Heat, L50|11/100\n|turn|6\n|\n|t:|1776737420\n|move|p1b: Rotom|Thunderbolt|p2a: Armarouge\n|-damage|p2a: Armarouge|44/100\n|move|p2a: Armarouge|Focus Blast|p1a: Archaludon\n|-supereffective|p1a: Archaludon|1\n|-crit|p1a: Archaludon\n|-damage|p1a: Archaludon|0 fnt\n|faint|p1a: Archaludon\n|\n|-weather|RainDance|[upkeep]\n|upkeep\n|turn|7\n|\n|t:|1776737430\n|move|p1b: Rotom|Thunderbolt|p2a: Armarouge\n|-damage|p2a: Armarouge|0 fnt\n|faint|p2a: Armarouge\n|\n|win|corrinel6",
  "uploadtime": 1776737430,
  "rating": 1062,
  "source": "spectated"
}