{
  "id": "gen9championsvgc2026regma-2582873008",
  "format": "[Gen 9 Champions] VGC 2026 Reg M-A",
  "players": [
    "RNNF",
    "chichinitz"
  ],
  "log": "|j|\u2606RNNF\n|j|\u2606chichinitz\n|t:|1776120933\n|gametype|doubles\n|player|p1|RNNF|2|1129\n|player|p2|chichinitz|psychic-gen4|1178\n|gen|9\n|tier|[Gen 9 Champions] VGC 2026 Reg M-A\n|rated|\n|rule|Species Clause: Limit one of each Pok\u00e9mon\n|rule|Item Clause: Limit 1 of each item\n|clearpoke\n|poke|p1|Meganium, L50, F|\n|poke|p1|Pelipper, L50, F|\n|poke|p1|Milotic, L50, M|\n|poke|p1|Klefki, L50, F|\n|poke|p1|Aegislash, L50, F|\n|poke|p1|Kleavor, L50, M|\n|poke|p2|Meganium, L50, F|\n|poke|p2|Pelipper, L50, M|\n|poke|p2|Basculegion, L50, M|\n|poke|p2|Archaludon, L50, F|\n|poke|p2|Sinistcha, L50|\n|poke|p2|Manectric, L50, M|\n|teampreview|4\n|inactive|Battle timer is ON: inactive players will automatically lose when time's up. (requested by RNNF)\n|inactive|chichinitz has 60 seconds left.\n|inactive|chichinitz has 30 seconds left.\n|\n|t:|1776121006\n|teamsize|p1|4\n|teamsize|p2|4\n|start\n|switch|p1a: Kleavor|Kleavor, L50, M|100/100\n|switch|p1b: Aegislash|Aegislash, L50, F|100/100\n|switch|p2a: Pelipper|Pelipper, L50, M|100/100\n|switch|p2b: Archaludon|Archaludon, L50, F|100/100\n|-weather|RainDance|[from] ability: Drizzle|[of] p2a: Pelipper\n|turn|1\n|\n|t:|1776121024\n|move|p1a: Kleavor|Stone Axe|p2a: Pelipper\n|-supereffective|p2a: Pelipper|1\n|-crit|p2a: Pelipper\n|-enditem|p2a: Pelipper|Focus Sash\n|-damage|p2a: Pelipper|1/100\n|-sidestart|p2: chichinitz|move: Stealth Rock\n|move|p2a: Pelipper|Tailwind|p2a: Pelipper\n|-sidestart|p2: chichinitz|move: Tailwind\n|move|p2b: Archaludon|Electro Shot||[still]\n|-prepare|p2b: Archaludon|Electro Shot\n|-boost|p2b: Archaludon|spa|1\n|-anim|p2b: Archaludon|Electro Shot|p1a: Kleavor\n|-damage|p1a: Kleavor|0 fnt\n|faint|p1a: Kleavor\n|-formechange|p1b: Aegislash|Aegislash-Blade|\n|move|p1b: Aegislash|Sacred Sword|p2b: Archaludon\n|-supereffective|p2b: Archaludon|1\n|-damage|p2b: Archaludon|48/100\n|-enditem|p2b: Archaludon|Sitrus Berry|[eat]\n|-heal|p2b: Archaludon|73/100|[from] item: Sitrus Berry\n|\n|-weather|RainDance|[upkeep]\n|upkeep\n|\n|t:|1776121041\n|switch|p1a: Klefki|Klefki, L50, F|100/100\n|turn|2\n|\n|t:|1776121062\n|move|p1a: Klefki|Light Screen|p1a: Klefki\n|-sidestart|p1: RNNF|move: Light Screen\n|move|p1b: Aegislash|Shadow Sneak|p2a: Pelipper\n|-damage|p2a: Pelipper|0 fnt\n|faint|p2a: Pelipper\n|move|p2b: Archaludon|Electro Shot||[still]\n|-prepare|p2b: Archaludon|Electro Shot\n|-boost|p2b: Archaludon|spa|1\n|-anim|p2b: Archaludon|Electro Shot|p1b: Aegislash\n|-damage|p1b: Aegislash|5/100\n|\n|-weather|RainDance|[upkeep]\n|upkeep\n|\n|t:|1776121078\n|switch|p2a: Sinistcha|Sinistcha, L50|100/100\n|-damage|p2a: Sinistcha|88/100|[from] Stealth Rock\n|-heal|p2b: Archaludon|97/100|[from] ability: Hospitality|[of] p2a: Sinistcha\n|turn|3\n|inactive|chichinitz has 30 seconds left.\n|\n|t:|1776121107\n|move|p2a: Sinistcha|Rage Powder|p2a: Sinistcha\n|-singleturn|p2a: Sinistcha|move: Rage Powder\n|move|p2b: Archaludon|Electro Shot||[still]\n|-prepare|p2b: Archaludon|Electro Shot\n|-boost|p2b: Archaludon|spa|1\n|-anim|p2b: Archaludon|Electro Shot|p1b: Aegislash\n|-damage|p1b: Aegislash|0 fnt\n|faint|p1b: Aegislash\n|move|p1a: Klefki|Foul Play|p2a: Sinistcha\n|-supereffective|p2a: Sinistcha|1\n|-damage|p2a: Sinistcha|66/100\n|\n|-weather|RainDance|[upkeep]\n|upkeep\n|\n|t:|1776121116\n|switch|p1b: Meganium|Meganium, L50, F, shiny|100/100\n|turn|4\n|inactive|chichinitz has 30 seconds left.\n|\n|t:|1776121143\n|detailschange|p1b: Meganium|Meganium-Mega, L50, F, shiny\n|-mega|p1b: Meganium|Meganium|Meganiumite\n|move|p2b: Archaludon|Flash Cannon|p1b: Meganium\n|-supereffective|p1b: Meganium|1\n|-damage|p1b: Meganium|4/100\n|move|p2a: Sinistcha|Life Dew|p2a: Sinistcha|[spread] p2a,p2b\n|-heal|p2a: Sinistcha|91/100\n|-heal|p2b: Archaludon|100/100\n|move|p1b: Meganium|Weather Ball|p2a: Sinistcha\n|-supereffective|p2a: Sinistcha|1\n|-damage|p2a: Sinistcha|0 fnt\n|faint|p2a: Sinistcha\n|move|p1a: Klefki|Foul Play|p2b: Archaludon\n|-crit|p2b: Archaludon\n|-damage|p2b: Archaludon|78/100\n|\n|-weather|RainDance|[upkeep]\n|-sideend|p2: chichinitz|move: Tailwind\n|upkeep\n|\n|t:|1776121158\n|switch|p2a: Meganium|Meganium, L50, F|100/100\n|-damage|p2a: Meganium|88/100|[from] Stealth Rock\n|turn|5\n|inactive|chichinitz has 30 seconds left.\n|inactive|chichinitz has 20 seconds left.\n|inactive|chichinitz has 15 seconds left.\n|inactive|chichinitz has 10 seconds left.\n|\n|t:|1776121205\n|detailschange|p2a: Meganium|Meganium-Mega, L50, F\n|-mega|p2a: Meganium|Meganium|Meganiumite\n|move|p2b: Archaludon|Electro Shot||[still]\n|-prepare|p2b: Archaludon|Electro Shot\n|-boost|p2b: Archaludon|spa|1\n|-anim|p2b: Archaludon|Electro Shot|p1b: Meganium\n|-resisted|p1b: Meganium|1\n|-damage|p1b: Meganium|0 fnt\n|faint|p1b: Meganium\n|move|p2a: Meganium|Weather Ball|p1a: Klefki\n|-supereffective|p1a: Klefki|1\n|-damage|p1a: Klefki|25/100\n|move|p1a: Klefki|Foul Play|p2b: Archaludon\n|-damage|p2b: Archaludon|63/100\n|\n|-weather|none\n|upkeep\n|turn|6\n|l|\u2606RNNF\n|inactive|RNNF disconnected and has a minute to reconnect!\n|player|p1|\n|inactive|RNNF has 30 seconds left.\n|inactive|RNNF has 20 seconds left.\n|inactive|RNNF has 15 seconds left.\n|inactive|RNNF has 10 seconds left.\n|inactive|RNNF has 5 seconds left.\n|-message|RNNF lost due to inactivity.\n|\n|win|chichinitz\n|raw|RNNF's rating: 1129 &rarr; <strong>1108</strong><br />(-21 for losing)\n|raw|chichinitz's rating: 1178 &rarr; <strong>1199</strong><br />(+21 for winning)\n",
  "uploadtime": 1776121263,
  "views": 26,
  "formatid": "gen9championsvgc2026regma",
  "rating": 1108,
  "private": 0,
  "password": null
}