{
  "id": "gen9championsvgc2026regma-2585524198",
  "format": "[Gen 9 Champions] VGC 2026 Reg M-A",
  "players": [
    "Josh5445",
    "sixthsavior"
  ],
  "log": "|j|\u2606Josh5445\n|j|\u2606sixthsavior\n|t:|1776353272\n|gametype|doubles\n|player|p1|Josh5445|1|1100\n|player|p2|sixthsavior|265|1136\n|gen|9\n|tier|[Gen 9 Champions] VGC 2026 Reg M-A\n|rated|\n|rule|Species Clause: Limit one of each Pok\u00e9mon\n|rule|Item Clause: Limit 1 of each item\n|clearpoke\n|poke|p1|Aerodactyl, L50, F|\n|poke|p1|Arcanine-Hisui, L50, M|\n|poke|p1|Snorlax, L50, F|\n|poke|p1|Ampharos, L50, M|\n|poke|p1|Garchomp, L50, F|\n|poke|p1|Alakazam, L50, F|\n|poke|p2|Charizard, L50, F|\n|poke|p2|Venusaur, L50, F|\n|poke|p2|Rotom-Wash, L50|\n|poke|p2|Garchomp, L50, F|\n|poke|p2|Talonflame, L50, F|\n|poke|p2|Dragonite, L50, M|\n|teampreview|4\n|inactive|Battle timer is ON: inactive players will automatically lose when time's up. (requested by Josh5445)\n|\n|t:|1776353298\n|teamsize|p1|4\n|teamsize|p2|4\n|start\n|switch|p1a: Arcanine|Arcanine-Hisui, L50, M|100/100\n|switch|p1b: Snorlax|Snorlax, L50, F|100/100\n|switch|p2a: Rotom|Rotom-Wash, L50|100/100\n|switch|p2b: Talonflame|Talonflame, L50, F|100/100\n|turn|1\n|inactive|sixthsavior has 30 seconds left.\n|\n|t:|1776353328\n|move|p2b: Talonflame|Tailwind|p2b: Talonflame\n|-sidestart|p2: sixthsavior|move: Tailwind\n|move|p2a: Rotom|Hydro Pump|p1a: Arcanine\n|-supereffective|p1a: Arcanine|2\n|-damage|p1a: Arcanine|0 fnt\n|faint|p1a: Arcanine\n|move|p1b: Snorlax|Body Slam|p2a: Rotom\n|-damage|p2a: Rotom|62/100\n|\n|upkeep\n|\n|t:|1776353336\n|switch|p1a: Alakazam|Alakazam, L50, F|100/100\n|turn|2\n|\n|t:|1776353346\n|move|p1a: Alakazam|Protect|p1a: Alakazam\n|-singleturn|p1a: Alakazam|Protect\n|move|p2b: Talonflame|Brave Bird|p1a: Alakazam\n|-activate|p1a: Alakazam|move: Protect\n|move|p2a: Rotom|Electroweb|p1a: Alakazam|[spread] p1b\n|-activate|p1a: Alakazam|move: Protect\n|-damage|p1b: Snorlax|88/100\n|-unboost|p1b: Snorlax|spe|1\n|move|p1b: Snorlax|Stockpile|p1b: Snorlax\n|-start|p1b: Snorlax|stockpile1\n|-boost|p1b: Snorlax|def|1\n|-boost|p1b: Snorlax|spd|1\n|\n|-heal|p1b: Snorlax|94/100|[from] item: Leftovers\n|upkeep\n|turn|3\n|\n|t:|1776353366\n|move|p2b: Talonflame|Brave Bird|p1a: Alakazam\n|-damage|p1a: Alakazam|0 fnt\n|faint|p1a: Alakazam\n|-damage|p2b: Talonflame|72/100|[from] Recoil\n|move|p2a: Rotom|Electroweb|p1b: Snorlax\n|-crit|p1b: Snorlax\n|-damage|p1b: Snorlax|69/100\n|-unboost|p1b: Snorlax|spe|1\n|move|p1b: Snorlax|Stockpile|p1b: Snorlax\n|-start|p1b: Snorlax|stockpile2\n|-boost|p1b: Snorlax|def|1\n|-boost|p1b: Snorlax|spd|1\n|\n|-heal|p1b: Snorlax|75/100|[from] item: Leftovers\n|upkeep\n|\n|t:|1776353375\n|switch|p1a: Ampharos|Ampharos, L50, M|100/100\n|turn|4\n|\n|t:|1776353382\n|detailschange|p1a: Ampharos|Ampharos-Mega, L50, M\n|-mega|p1a: Ampharos|Ampharos|Ampharosite\n|-ability|p1a: Ampharos|Mold Breaker\n|move|p2b: Talonflame|Brave Bird|p1a: Ampharos\n|-resisted|p1a: Ampharos|1\n|-damage|p1a: Ampharos|74/100\n|-damage|p2b: Talonflame|62/100|[from] Recoil\n|move|p2a: Rotom|Volt Switch|p1b: Snorlax\n|-damage|p1b: Snorlax|65/100\n|\n|t:|1776353401\n|switch|p2a: Dragonite|Dragonite, L50, M|100/100|[from] Volt Switch\n|move|p1a: Ampharos|Discharge|p2a: Dragonite|[spread] p1b,p2a,p2b\n|-supereffective|p2b: Talonflame|1\n|-damage|p1b: Snorlax|53/100\n|-damage|p2a: Dragonite|63/100\n|-damage|p2b: Talonflame|0 fnt\n|-status|p1b: Snorlax|par\n|faint|p2b: Talonflame\n|move|p1b: Snorlax|Stockpile|p1b: Snorlax\n|-start|p1b: Snorlax|stockpile3\n|-boost|p1b: Snorlax|def|1\n|-boost|p1b: Snorlax|spd|1\n|\n|-heal|p1b: Snorlax|59/100 par|[from] item: Leftovers\n|-sideend|p2: sixthsavior|move: Tailwind\n|upkeep\n|\n|t:|1776353404\n|switch|p2b: Garchomp|Garchomp, L50, F|100/100\n|turn|5\n|\n|t:|1776353421\n|move|p2b: Garchomp|Earthquake|p1a: Ampharos|[spread] p1a,p1b\n|-immune|p2a: Dragonite\n|-supereffective|p1a: Ampharos|1\n|-damage|p1a: Ampharos|4/100\n|-damage|p1b: Snorlax|48/100 par\n|move|p2a: Dragonite|Outrage|p1a: Ampharos\n|-supereffective|p1a: Ampharos|1\n|-damage|p1a: Ampharos|0 fnt\n|faint|p1a: Ampharos\n|move|p1b: Snorlax|Rest|p1b: Snorlax\n|-status|p1b: Snorlax|slp|[from] move: Rest\n|-heal|p1b: Snorlax|100/100 slp|[silent]\n|\n|upkeep\n|turn|6\n|\n|t:|1776353436\n|move|p2b: Garchomp|Earthquake|p1b: Snorlax|[spread] p1b\n|-immune|p2a: Dragonite\n|-damage|p1b: Snorlax|89/100 slp\n|move|p2a: Dragonite|Outrage|p1b: Snorlax|[from] lockedmove\n|-damage|p1b: Snorlax|71/100 slp\n|cant|p1b: Snorlax|slp\n|\n|-heal|p1b: Snorlax|77/100 slp|[from] item: Leftovers\n|upkeep\n|turn|7\n|\n|t:|1776353447\n|move|p2b: Garchomp|Earthquake|p1b: Snorlax|[spread] p1b\n|-immune|p2a: Dragonite\n|-damage|p1b: Snorlax|65/100 slp\n|move|p2a: Dragonite|Outrage|p1b: Snorlax|[from] lockedmove\n|-damage|p1b: Snorlax|46/100 slp\n|-start|p2a: Dragonite|confusion|[fatigue]\n|-enditem|p2a: Dragonite|Lum Berry|[eat]\n|-end|p2a: Dragonite|confusion\n|cant|p1b: Snorlax|slp\n|\n|-heal|p1b: Snorlax|52/100 slp|[from] item: Leftovers\n|upkeep\n|turn|8\n|\n|t:|1776353456\n|move|p2b: Garchomp|Earthquake|p1b: Snorlax|[spread] p1b\n|-immune|p2a: Dragonite\n|-damage|p1b: Snorlax|41/100 slp\n|move|p2a: Dragonite|Low Kick|p1b: Snorlax\n|-supereffective|p1b: Snorlax|1\n|-damage|p1b: Snorlax|16/100 slp\n|-curestatus|p1b: Snorlax|slp|[msg]\n|move|p1b: Snorlax|Counter|p2a: Dragonite\n|-damage|p2a: Dragonite|0 fnt\n|faint|p2a: Dragonite\n|\n|-heal|p1b: Snorlax|22/100|[from] item: Leftovers\n|upkeep\n|\n|t:|1776353463\n|switch|p2a: Rotom|Rotom-Wash, L50|62/100\n|turn|9\n|\n|t:|1776353468\n|move|p2b: Garchomp|Earthquake|p1b: Snorlax|[spread] p1b\n|-immune|p2a: Rotom|[from] ability: Levitate\n|-damage|p1b: Snorlax|12/100\n|move|p2a: Rotom|Discharge|p1b: Snorlax|[spread] p1b\n|-immune|p2b: Garchomp\n|-damage|p1b: Snorlax|5/100\n|move|p1b: Snorlax|Rest|p1b: Snorlax\n|-status|p1b: Snorlax|slp|[from] move: Rest\n|-heal|p1b: Snorlax|100/100 slp|[silent]\n|\n|upkeep\n|turn|10\n|\n|t:|1776353481\n|move|p2b: Garchomp|Earthquake|p1b: Snorlax|[spread] p1b\n|-immune|p2a: Rotom|[from] ability: Levitate\n|-damage|p1b: Snorlax|89/100 slp\n|move|p2a: Rotom|Hydro Pump|p1b: Snorlax\n|-damage|p1b: Snorlax|75/100 slp\n|cant|p1b: Snorlax|slp\n|\n|-heal|p1b: Snorlax|81/100 slp|[from] item: Leftovers\n|upkeep\n|turn|11\n|\n|t:|1776353492\n|move|p2b: Garchomp|Earthquake|p1b: Snorlax|[spread] p1b\n|-immune|p2a: Rotom|[from] ability: Levitate\n|-damage|p1b: Snorlax|71/100 slp\n|move|p2a: Rotom|Hydro Pump|p1b: Snorlax\n|-damage|p1b: Snorlax|59/100 slp\n|cant|p1b: Snorlax|slp\n|\n|-heal|p1b: Snorlax|65/100 slp|[from] item: Leftovers\n|upkeep\n|turn|12\n|\n|t:|1776353498\n|move|p2b: Garchomp|Earthquake|p1b: Snorlax|[spread] p1b\n|-immune|p2a: Rotom|[from] ability: Levitate\n|-damage|p1b: Snorlax|53/100 slp\n|move|p2a: Rotom|Hydro Pump|p1b: Snorlax\n|-damage|p1b: Snorlax|41/100 slp\n|-curestatus|p1b: Snorlax|slp|[msg]\n|move|p1b: Snorlax|Counter|p2b: Garchomp\n|-damage|p2b: Garchomp|67/100\n|-damage|p1b: Snorlax|28/100|[from] ability: Rough Skin|[of] p2b: Garchomp\n|\n|-heal|p1b: Snorlax|34/100|[from] item: Leftovers\n|upkeep\n|turn|13\n|\n|t:|1776353513\n|move|p2b: Garchomp|Earthquake|p1b: Snorlax|[spread] p1b\n|-immune|p2a: Rotom|[from] ability: Levitate\n|-damage|p1b: Snorlax|23/100\n|move|p2a: Rotom|Hydro Pump|p1b: Snorlax\n|-damage|p1b: Snorlax|11/100\n|move|p1b: Snorlax|Counter|p2b: Garchomp\n|-damage|p2b: Garchomp|35/100\n|-damage|p1b: Snorlax|0 fnt|[from] ability: Rough Skin|[of] p2b: Garchomp\n|faint|p1b: Snorlax\n|\n|win|sixthsavior\n|raw|Josh5445's rating: 1100 &rarr; <strong>1078</strong><br />(-22 for losing)\n|raw|sixthsavior's rating: 1136 &rarr; <strong>1158</strong><br />(+22 for winning)\n",
  "uploadtime": 1776353528,
  "views": 22,
  "formatid": "gen9championsvgc2026regma",
  "rating": 1078,
  "private": 0,
  "password": null
}