{
  "id": "gen9championsvgc2026regma-2586624044",
  "format": "[Gen 9 Champions] VGC 2026 Reg M-A",
  "players": [
    "alexzarded",
    "Thatboydin"
  ],
  "log": "|j|\u2606alexzarded\n|j|\u2606Thatboydin\n|t:|1776447639\n|gametype|doubles\n|player|p1|alexzarded|blackbelt-gen4|1000\n|player|p2|Thatboydin|aromalady|1043\n|gen|9\n|tier|[Gen 9 Champions] VGC 2026 Reg M-A\n|rated|\n|rule|Species Clause: Limit one of each Pok\u00e9mon\n|rule|Item Clause: Limit 1 of each item\n|clearpoke\n|poke|p1|Golurk, L50|\n|poke|p1|Farigiraf, L50, M|\n|poke|p1|Incineroar, L50, F|\n|poke|p1|Torkoal, L50, F|\n|poke|p1|Sneasler, L50, F|\n|poke|p1|Venusaur, L50, M|\n|poke|p2|Archaludon, L50, F|\n|poke|p2|Zoroark-Hisui, L50, F|\n|poke|p2|Crabominable, L50, F|\n|poke|p2|Farigiraf, L50, F|\n|poke|p2|Scovillain, L50, M|\n|poke|p2|Incineroar, L50, M|\n|teampreview|4\n|inactive|Battle timer is ON: inactive players will automatically lose when time's up. (requested by alexzarded)\nalexzarded rejected open team sheets.\n|\n|t:|1776447690\n|teamsize|p1|4\n|teamsize|p2|4\n|start\n|switch|p1a: Incineroar|Incineroar, L50, F|100/100\n|switch|p1b: Farigiraf|Farigiraf, L50, M|100/100\n|switch|p2a: HIMcineroar|Incineroar, L50, M|100/100\n|switch|p2b: BIG MAMA!!!|Farigiraf, L50, F, shiny|100/100\n|-ability|p1a: Incineroar|Intimidate|boost\n|-unboost|p2a: HIMcineroar|atk|1\n|-unboost|p2b: BIG MAMA!!!|atk|1\n|-ability|p2a: HIMcineroar|Intimidate|boost\n|-unboost|p1a: Incineroar|atk|1\n|-unboost|p1b: Farigiraf|atk|1\n|turn|1\n|inactive|alexzarded has 30 seconds left.\n|\n|t:|1776447721\n|move|p2b: BIG MAMA!!!|Ally Switch|p2b: BIG MAMA!!!\n|swap|p2b: BIG MAMA!!!|0|[from] move: Ally Switch\n|move|p1a: Incineroar|Throat Chop|p2b: HIMcineroar\n|-resisted|p2b: HIMcineroar|1\n|-damage|p2b: HIMcineroar|92/100\n|-start|p2b: HIMcineroar|Throat Chop|[silent]\n|cant|p2b: HIMcineroar|move: Throat Chop\n|move|p1b: Farigiraf|Trick Room|p1b: Farigiraf\n|-fieldstart|move: Trick Room|[of] p1b: Farigiraf\n|\n|upkeep\n|turn|2\n|inactive|Thatboydin has 30 seconds left.\n|\n|t:|1776447754\n|move|p2a: BIG MAMA!!!|Twin Beam|p1b: Farigiraf\n|-resisted|p1b: Farigiraf|1\n|-damage|p1b: Farigiraf|93/100\n|-resisted|p1b: Farigiraf|1\n|-damage|p1b: Farigiraf|86/100\n|-hitcount|p1b: Farigiraf|2\n|move|p2b: HIMcineroar|Flare Blitz|p1b: Farigiraf\n|-damage|p1b: Farigiraf|57/100\n|-damage|p2b: HIMcineroar|81/100|[from] Recoil\n|move|p1b: Farigiraf|Hyper Voice|p2b: HIMcineroar|[spread] p2a,p2b\n|-damage|p2a: BIG MAMA!!!|75/100\n|-damage|p2b: HIMcineroar|58/100\n|move|p1a: Incineroar|Throat Chop|p2a: BIG MAMA!!!\n|-supereffective|p2a: BIG MAMA!!!|1\n|-damage|p2a: BIG MAMA!!!|39/100\n|-start|p2a: BIG MAMA!!!|Throat Chop|[silent]\n|\n|-end|p2b: HIMcineroar|Throat Chop|[silent]\n|upkeep\n|turn|3\n|inactive|alexzarded has 30 seconds left.\n|inactive|alexzarded has 20 seconds left.\n|\n|t:|1776447792\n|move|p2b: HIMcineroar|Throat Chop|p1b: Farigiraf\n|-supereffective|p1b: Farigiraf|1\n|-damage|p1b: Farigiraf|20/100\n|-start|p1b: Farigiraf|Throat Chop|[silent]\n|-enditem|p1b: Farigiraf|Sitrus Berry|[eat]\n|-heal|p1b: Farigiraf|44/100|[from] item: Sitrus Berry\n|cant|p1b: Farigiraf|move: Throat Chop\n|move|p1a: Incineroar|Parting Shot|p2b: HIMcineroar\n|-unboost|p2b: HIMcineroar|atk|1\n|-unboost|p2b: HIMcineroar|spa|1\n|\n|t:|1776447800\n|switch|p1a: Golurk|Golurk, L50, shiny|100/100|[from] Parting Shot\n|move|p2a: BIG MAMA!!!|Trick Room|p2a: BIG MAMA!!!\n|-fieldend|move: Trick Room\n|\n|-end|p2a: BIG MAMA!!!|Throat Chop|[silent]\n|upkeep\n|turn|4\n|inactive|Thatboydin has 30 seconds left.\n|\n|t:|1776447825\n|detailschange|p1a: Golurk|Golurk-Mega, L50, shiny\n|-mega|p1a: Golurk|Golurk|Golurkite\n|move|p1a: Golurk|Headlong Rush|p2b: HIMcineroar\n|-supereffective|p2b: HIMcineroar|1\n|-damage|p2b: HIMcineroar|0 fnt\n|-unboost|p1a: Golurk|def|1\n|-unboost|p1a: Golurk|spd|1\n|faint|p2b: HIMcineroar\n|move|p2a: BIG MAMA!!!|Shadow Ball|p1a: Golurk\n|-supereffective|p1a: Golurk|1\n|-damage|p1a: Golurk|43/100\n|move|p1b: Farigiraf|Trick Room|p1b: Farigiraf\n|-fieldstart|move: Trick Room|[of] p1b: Farigiraf\n|\n|-end|p1b: Farigiraf|Throat Chop|[silent]\n|upkeep\n|\n|t:|1776447834\n|switch|p2b: Eugene Krabs|Crabominable, L50, F, shiny|100/100\n|turn|5\n|\n|t:|1776447851\n|switch|p1b: Torkoal|Torkoal, L50, F|100/100\n|-weather|SunnyDay|[from] ability: Drought|[of] p1b: Torkoal\n|detailschange|p2b: Eugene Krabs|Crabominable-Mega, L50, F, shiny\n|-mega|p2b: Eugene Krabs|Crabominable|Crabominite\n|move|p1a: Golurk|Protect|p1a: Golurk\n|-singleturn|p1a: Golurk|Protect\n|move|p2b: Eugene Krabs|Knock Off|p1b: Torkoal\n|-damage|p1b: Torkoal|68/100\n|-enditem|p1b: Torkoal|Charcoal|[from] move: Knock Off|[of] p2b: Eugene Krabs\n|move|p2a: BIG MAMA!!!|Shadow Ball|p1a: Golurk\n|-activate|p1a: Golurk|move: Protect\n|\n|-weather|SunnyDay|[upkeep]\n|upkeep\n|turn|6\n|inactive|Thatboydin has 30 seconds left.\n|\n|t:|1776447877\n|move|p2b: Eugene Krabs|Mach Punch|p1b: Torkoal\n|-damage|p1b: Torkoal|42/100\n|move|p1b: Torkoal|Eruption|p2b: Eugene Krabs|[spread] p2a,p2b\n|-supereffective|p2b: Eugene Krabs|1\n|-damage|p2a: BIG MAMA!!!|12/100\n|-damage|p2b: Eugene Krabs|53/100\n|move|p1a: Golurk|Headlong Rush|p2a: BIG MAMA!!!\n|-damage|p2a: BIG MAMA!!!|0 fnt\n|-unboost|p1a: Golurk|def|1\n|-unboost|p1a: Golurk|spd|1\n|faint|p2a: BIG MAMA!!!\n|\n|-weather|SunnyDay|[upkeep]\n|upkeep\n|\n|t:|1776447887\n|switch|p2a: Eugene Krabs|Crabominable-Mega, L50, F, shiny|100/100\n|turn|7\n|\n|t:|1776447911\n|move|p1b: Torkoal|Weather Ball|p2b: Eugene Krabs\n|-supereffective|p2b: Eugene Krabs|1\n|-damage|p2b: Eugene Krabs|0 fnt\n|faint|p2b: Eugene Krabs\n|move|p1a: Golurk|Poltergeist|p2a: Eugene Krabs\n|-immune|p2a: Eugene Krabs\n|move|p2a: Eugene Krabs|Hyper Voice|p1a: Golurk|[spread] p1b\n|-immune|p1a: Golurk\n|-damage|p1b: Torkoal|0 fnt\n|faint|p1b: Torkoal\n|\n|-weather|SunnyDay|[upkeep]\n|upkeep\n|\n|t:|1776447924\n|switch|p1b: Incineroar|Incineroar, L50, F|100/100\n|-ability|p1b: Incineroar|Intimidate|boost\n|-unboost|p2a: Eugene Krabs|atk|1\n|turn|8\n|\n|t:|1776447949\n|move|p1a: Golurk|Headlong Rush|p2a: Eugene Krabs\n|-damage|p2a: Eugene Krabs|0 fnt\n|-unboost|p1a: Golurk|def|1\n|-unboost|p1a: Golurk|spd|1\n|replace|p2a: Zydrunas|Zoroark-Hisui, L50, F, shiny\n|-end|p2a: Zydrunas|Illusion\n|faint|p2a: Zydrunas\n|\n|win|alexzarded\n|raw|alexzarded's rating: 1000 &rarr; <strong>1045</strong><br />(+45 for winning)\n|raw|Thatboydin's rating: 1043 &rarr; <strong>1025</strong><br />(-18 for losing)\n|l|\u2606alexzarded\n|player|p1|\n",
  "uploadtime": 1776447963,
  "views": 27,
  "formatid": "gen9championsvgc2026regma",
  "rating": 1025,
  "private": 0,
  "password": null
}