{
  "id": "gen9championsvgc2026regma-2585234145",
  "format": "[Gen 9 Champions] VGC 2026 Reg M-A",
  "players": [
    "jbayyybeee",
    "thefakephrog"
  ],
  "log": "|j|\u2606jbayyybeee\n|j|\u2606thefakephrog\n|t:|1776328142\n|gametype|doubles\n|player|p1|jbayyybeee|shadowtriad|1048\n|player|p2|thefakephrog|266|1059\n|gen|9\n|tier|[Gen 9 Champions] VGC 2026 Reg M-A\n|rated|\n|rule|Species Clause: Limit one of each Pok\u00e9mon\n|rule|Item Clause: Limit 1 of each item\n|clearpoke\n|poke|p1|Jolteon, L50, M|\n|poke|p1|Dragonite, L50, M|\n|poke|p1|Sinistcha, L50|\n|poke|p1|Ceruledge, L50, F|\n|poke|p1|Glimmora, L50, F|\n|poke|p1|Meowstic, L50, M|\n|poke|p2|Gardevoir, L50, F|\n|poke|p2|Scizor, L50, M|\n|poke|p2|Whimsicott, L50, M|\n|poke|p2|Basculegion, L50, M|\n|poke|p2|Orthworm, L50, F|\n|poke|p2|Garchomp, L50, F|\n|teampreview|4\n|j| majayong03\n|l| majayong03\nthefakephrog rejected open team sheets.\n|inactive|Battle timer is ON: inactive players will automatically lose when time's up. (requested by thefakephrog)\n|inactive|jbayyybeee has 60 seconds left.\n|\n|t:|1776328226\n|teamsize|p1|4\n|teamsize|p2|4\n|start\n|switch|p1a: Meowstic|Meowstic, L50, M|100/100\n|switch|p1b: Jolteon|Jolteon, L50, M|100/100\n|switch|p2a: Whimsicott|Whimsicott, L50, M|100/100\n|switch|p2b: Gardevoir|Gardevoir, L50, F, shiny|100/100\n|turn|1\n|inactive|jbayyybeee has 30 seconds left.\n|inactive|jbayyybeee has 20 seconds left.\n|inactive|jbayyybeee has 15 seconds left.\n|\n|t:|1776328269\n|detailschange|p2b: Gardevoir|Gardevoir-Mega, L50, F, shiny\n|-mega|p2b: Gardevoir|Gardevoir|Gardevoirite\n|move|p1a: Meowstic|Protect|p1a: Meowstic\n|-singleturn|p1a: Meowstic|Protect\n|move|p2a: Whimsicott|Tailwind|p2a: Whimsicott\n|-sidestart|p2: thefakephrog|move: Tailwind\n|move|p2b: Gardevoir|Shadow Ball|p1a: Meowstic\n|-activate|p1a: Meowstic|move: Protect\n|move|p1b: Jolteon|Electroweb|p2a: Whimsicott|[spread] p2b\n|-miss|p1b: Jolteon|p2a: Whimsicott\n|-damage|p2b: Gardevoir|83/100\n|-unboost|p2b: Gardevoir|spe|1\n|\n|upkeep\n|turn|2\n|inactive|jbayyybeee has 30 seconds left.\n|inactive|thefakephrog has 30 seconds left.\n|\n|t:|1776328301\n|move|p2a: Whimsicott|Worry Seed|p1a: Meowstic\n|-ability|p1a: Meowstic|Insomnia|Prankster|[from] move: Worry Seed\n|move|p2b: Gardevoir|Shadow Ball|p1a: Meowstic\n|-supereffective|p1a: Meowstic|1\n|-damage|p1a: Meowstic|30/100\n|move|p1b: Jolteon|Yawn|p2a: Whimsicott\n|-start|p2a: Whimsicott|move: Yawn|[of] p1b: Jolteon\n|move|p1a: Meowstic|Skill Swap|p2b: Gardevoir\n|-activate|p1a: Meowstic|Skill Swap|Pixilate|Insomnia|[of] p2b: Gardevoir\n|\n|upkeep\n|turn|3\n|inactive|jbayyybeee has 30 seconds left.\n|inactive|thefakephrog has 30 seconds left.\n|inactive|jbayyybeee has 20 seconds left.\n|inactive|thefakephrog has 20 seconds left.\n|inactive|jbayyybeee has 15 seconds left.\n|inactive|thefakephrog has 15 seconds left.\n|\n|t:|1776328346\n|move|p2a: Whimsicott|Encore|p1a: Meowstic\n|-start|p1a: Meowstic|Encore\n|-enditem|p1a: Meowstic|Mental Herb\n|-end|p1a: Meowstic|Encore\n|move|p2b: Gardevoir|Psychic|p1b: Jolteon\n|-damage|p1b: Jolteon|31/100\n|move|p1b: Jolteon|Yawn|p2b: Gardevoir\n|-immune|p2b: Gardevoir|[from] ability: Insomnia\n|move|p1a: Meowstic|Skill Swap|p2a: Whimsicott\n|-activate|p1a: Meowstic|Skill Swap|Prankster|Pixilate|[of] p2a: Whimsicott\n|\n|-end|p2a: Whimsicott|move: Yawn|[silent]\n|-status|p2a: Whimsicott|slp\n|upkeep\n|turn|4\n|inactive|thefakephrog has 30 seconds left.\n|\n|t:|1776328380\n|move|p1b: Jolteon|Protect|p1b: Jolteon\n|-singleturn|p1b: Jolteon|Protect\n|move|p1a: Meowstic|Light Screen|p1a: Meowstic\n|-sidestart|p1: jbayyybeee|move: Light Screen\n|cant|p2a: Whimsicott|slp\n|move|p2b: Gardevoir|Hyper Voice|p1a: Meowstic|[spread] p1a\n|-activate|p1b: Jolteon|move: Protect\n|-damage|p1a: Meowstic|9/100\n|\n|-sideend|p2: thefakephrog|move: Tailwind\n|upkeep\n|turn|5\n|\n|t:|1776328397\n|move|p1b: Jolteon|Electroweb|p2b: Gardevoir|[spread] p2a,p2b\n|-resisted|p2a: Whimsicott|1\n|-crit|p2b: Gardevoir\n|-damage|p2a: Whimsicott|90/100 slp\n|-damage|p2b: Gardevoir|58/100\n|-unboost|p2a: Whimsicott|spe|1\n|-unboost|p2b: Gardevoir|spe|1\n|move|p1a: Meowstic|Psychic Noise|p2a: Whimsicott\n|-damage|p2a: Whimsicott|62/100 slp\n|-start|p2a: Whimsicott|move: Heal Block\n|-enditem|p2a: Whimsicott|Mental Herb\n|-end|p2a: Whimsicott|move: Heal Block\n|cant|p2a: Whimsicott|slp\n|move|p2b: Gardevoir|Hyper Voice|p1a: Meowstic|[spread] p1a,p1b\n|-damage|p1a: Meowstic|0 fnt\n|-damage|p1b: Jolteon|7/100\n|faint|p1a: Meowstic\n|\n|upkeep\n|\n|t:|1776328414\n|switch|p1a: Glimmora|Glimmora, L50, F, shiny|100/100\n|turn|6\n|\n|t:|1776328423\n|detailschange|p1a: Glimmora|Glimmora-Mega, L50, F, shiny\n|-mega|p1a: Glimmora|Glimmora|Glimmoranite\n|move|p1b: Jolteon|Protect|p1b: Jolteon\n|-singleturn|p1b: Jolteon|Protect\n|move|p1a: Glimmora|Sludge Wave|p2a: Whimsicott|[spread] p2a,p2b\n|-activate|p1b: Jolteon|move: Protect\n|-supereffective|p2a: Whimsicott|2\n|-supereffective|p2b: Gardevoir|1\n|-damage|p2a: Whimsicott|0 fnt\n|-damage|p2b: Gardevoir|0 fnt\n|faint|p2a: Whimsicott\n|faint|p2b: Gardevoir\n|\n|upkeep\n|\n|t:|1776328437\n|switch|p2b: purple guy|Basculegion, L50, M, shiny|100/100\n|switch|p2a: Garchomp|Garchomp, L50, F|100/100\n|turn|7\n|\n|t:|1776328454\n|move|p1a: Glimmora|Spiky Shield|p1a: Glimmora\n|-singleturn|p1a: Glimmora|move: Protect\n|move|p2b: purple guy|Last Respects|p1a: Glimmora\n|-activate|p1a: Glimmora|move: Protect\n|move|p1b: Jolteon|Electroweb|p2a: Garchomp|[spread] p2b\n|-immune|p2a: Garchomp\n|-supereffective|p2b: purple guy|1\n|-damage|p2b: purple guy|60/100\n|-unboost|p2b: purple guy|spe|1\n|move|p2a: Garchomp|Earthquake|p1a: Glimmora|[spread] p2b,p1b\n|-activate|p1a: Glimmora|move: Protect\n|-supereffective|p1b: Jolteon|1\n|-damage|p2b: purple guy|11/100\n|-damage|p1b: Jolteon|0 fnt\n|faint|p1b: Jolteon\n|\n|upkeep\n|\n|t:|1776328469\n|switch|p1b: Ceruledge|Ceruledge, L50, F|100/100\n|turn|8\n|inactive|jbayyybeee has 30 seconds left.\n|inactive|jbayyybeee has 20 seconds left.\n|inactive|jbayyybeee has 15 seconds left.\n|inactive|jbayyybeee has 10 seconds left.\n|inactive|jbayyybeee has 5 seconds left.\n|\n|t:|1776328522\n|move|p2a: Garchomp|Protect|p2a: Garchomp\n|-singleturn|p2a: Garchomp|Protect\n|move|p1a: Glimmora|Earth Power|p2b: purple guy\n|-damage|p2b: purple guy|0 fnt\n|faint|p2b: purple guy\n|move|p1b: Ceruledge|Will-O-Wisp|p2a: Garchomp\n|-activate|p2a: Garchomp|move: Protect\n|\n|-sideend|p1: jbayyybeee|move: Light Screen\n|upkeep\n|turn|9\n|\n|t:|1776328542\n|move|p1a: Glimmora|Spiky Shield|p1a: Glimmora\n|-singleturn|p1a: Glimmora|move: Protect\n|move|p2a: Garchomp|Earthquake|p1b: Ceruledge|[spread] p1b\n|-activate|p1a: Glimmora|move: Protect\n|-supereffective|p1b: Ceruledge|1\n|-crit|p1b: Ceruledge\n|-damage|p1b: Ceruledge|0 fnt\n|faint|p1b: Ceruledge\n|\n|upkeep\n|turn|10\n|\n|t:|1776328555\n|move|p2a: Garchomp|Earthquake|p1a: Glimmora\n|-supereffective|p1a: Glimmora|2\n|-damage|p1a: Glimmora|0 fnt\n|faint|p1a: Glimmora\n|\n|win|thefakephrog\n|raw|jbayyybeee's rating: 1048 &rarr; <strong>1031</strong><br />(-17 for losing)\n|raw|thefakephrog's rating: 1059 &rarr; <strong>1089</strong><br />(+30 for winning)\n",
  "uploadtime": 1776328564,
  "views": 32,
  "formatid": "gen9championsvgc2026regma",
  "rating": 1031,
  "private": 0,
  "password": null
}