{
  "id": "gen9championsvgc2026regma-2585830736",
  "format": "[Gen 9 Champions] VGC 2026 Reg M-A",
  "players": [
    "KUTF1",
    "queenb01"
  ],
  "log": "|j|\u2606KUTF1\n|j|\u2606queenb01\n|t:|1776373862\n|gametype|doubles\n|player|p1|KUTF1|harlequin|1368\n|player|p2|queenb01|169|1370\n|gen|9\n|tier|[Gen 9 Champions] VGC 2026 Reg M-A\n|rated|\n|rule|Species Clause: Limit one of each Pok\u00e9mon\n|rule|Item Clause: Limit 1 of each item\n|clearpoke\n|poke|p1|Drampa, L50, F|\n|poke|p1|Emboar, L50, M|\n|poke|p1|Decidueye-Hisui, L50, F|\n|poke|p1|Kingambit, L50, F|\n|poke|p1|Farigiraf, L50, M|\n|poke|p1|Incineroar, L50, M|\n|poke|p2|Charizard, L50, F|\n|poke|p2|Garchomp, L50, F|\n|poke|p2|Venusaur, L50, F|\n|poke|p2|Incineroar, L50, M|\n|poke|p2|Milotic, L50, M|\n|poke|p2|Aegislash, L50, F|\n|teampreview|4\n|inactive|Battle timer is ON: inactive players will automatically lose when time's up. (requested by KUTF1)\n|inactive|queenb01 has 60 seconds left.\n|\n|t:|1776373898\n|teamsize|p1|4\n|teamsize|p2|4\n|start\n|switch|p1a: The Gourd|Incineroar, L50, M|100/100\n|switch|p1b: Yoo Mira|Farigiraf, L50, M|100/100\n|switch|p2a: Milotic|Milotic, L50, M|100/100\n|switch|p2b: Garchomp|Garchomp, L50, F|100/100\n|-ability|p1a: The Gourd|Intimidate|boost\n|-unboost|p2a: Milotic|atk|1\n|-ability|p2a: Milotic|Competitive|boost\n|-boost|p2a: Milotic|spa|2\n|-unboost|p2b: Garchomp|atk|1\n|turn|1\n|\n|t:|1776373910\n|switch|p2b: Incineroar|Incineroar, L50, M|100/100\n|-ability|p2b: Incineroar|Intimidate|boost\n|-unboost|p1a: The Gourd|atk|1\n|-unboost|p1b: Yoo Mira|atk|1\n|move|p2a: Milotic|Protect|p2a: Milotic\n|-singleturn|p2a: Milotic|Protect\n|move|p1a: The Gourd|Fake Out|p2b: Incineroar\n|-damage|p2b: Incineroar|92/100\n|move|p1b: Yoo Mira|Trick Room|p1b: Yoo Mira\n|-fieldstart|move: Trick Room|[of] p1b: Yoo Mira\n|\n|upkeep\n|turn|2\n|\n|t:|1776373928\n|move|p1b: Yoo Mira|Psychic|p2a: Milotic\n|-damage|p2a: Milotic|78/100\n|move|p1a: The Gourd|Darkest Lariat|p2a: Milotic\n|-damage|p2a: Milotic|52/100\n|move|p2b: Incineroar|Throat Chop|p1b: Yoo Mira\n|-supereffective|p1b: Yoo Mira|1\n|-damage|p1b: Yoo Mira|47/100\n|-start|p1b: Yoo Mira|Throat Chop|[silent]\n|move|p2a: Milotic|Scald|p1b: Yoo Mira\n|-damage|p1b: Yoo Mira|0 fnt\n|faint|p1b: Yoo Mira\n|\n|upkeep\n|\n|t:|1776373941\n|switch|p1b: Yeoui|Decidueye-Hisui, L50, F|100/100\n|turn|3\n|\n|t:|1776373950\n|move|p2a: Milotic|Protect|p2a: Milotic\n|-singleturn|p2a: Milotic|Protect\n|move|p1b: Yeoui|Triple Arrows|p2b: Incineroar\n|-supereffective|p2b: Incineroar|1\n|-damage|p2b: Incineroar|16/100\n|-unboost|p2b: Incineroar|def|1\n|move|p1a: The Gourd|Parting Shot|p2b: Incineroar\n|-unboost|p2b: Incineroar|atk|1\n|-unboost|p2b: Incineroar|spa|1\n|\n|t:|1776373956\n|switch|p1a: Guendoowun|Drampa, L50, F, shiny|100/100|[from] Parting Shot\n|-ability|p1a: Guendoowun|Cloud Nine\n|cant|p2b: Incineroar|flinch\n|\n|upkeep\n|turn|4\n|\n|t:|1776373971\n|move|p1a: Guendoowun|Hyper Voice|p2a: Milotic|[spread] p2a,p2b\n|-damage|p2a: Milotic|20/100\n|-damage|p2b: Incineroar|0 fnt\n|-enditem|p2a: Milotic|Sitrus Berry|[eat]\n|-heal|p2a: Milotic|45/100|[from] item: Sitrus Berry\n|faint|p2b: Incineroar\n|move|p1b: Yeoui|Leaf Blade|p2a: Milotic\n|-supereffective|p2a: Milotic|1\n|-damage|p2a: Milotic|0 fnt\n|faint|p2a: Milotic\n|\n|upkeep\n|\n|t:|1776373981\n|switch|p2b: Charizard|Charizard, L50, F|100/100\n|switch|p2a: Garchomp|Garchomp, L50, F|100/100\n|turn|5\n|\n|t:|1776373988\n|move|p2b: Charizard|Protect|p2b: Charizard\n|-singleturn|p2b: Charizard|Protect\n|move|p2a: Garchomp|Protect|p2a: Garchomp\n|-singleturn|p2a: Garchomp|Protect\n|move|p1b: Yeoui|Sucker Punch||[still]\n|-fail|p1b: Yeoui\n|move|p1a: Guendoowun|Hyper Voice|p2b: Charizard|[spread] \n|-activate|p2a: Garchomp|move: Protect\n|-activate|p2b: Charizard|move: Protect\n|\n|-fieldend|move: Trick Room\n|upkeep\n|turn|6\n|inactive|queenb01 has 30 seconds left.\n|inactive|queenb01 has 20 seconds left.\n|inactive|queenb01 has 15 seconds left.\n|inactive|queenb01 has 10 seconds left.\n|\n|t:|1776374033\n|switch|p1a: The Gourd|Incineroar, L50, M|100/100\n|-ability|p1a: The Gourd|Intimidate|boost\n|-unboost|p2a: Garchomp|atk|1\n|-unboost|p2b: Charizard|atk|1\n|detailschange|p2b: Charizard|Charizard-Mega-Y, L50, F\n|-mega|p2b: Charizard|Charizard|Charizardite Y\n|-weather|SunnyDay|[from] ability: Drought|[of] p2b: Charizard\n|move|p1b: Yeoui|Sucker Punch|p2a: Garchomp\n|-damage|p2a: Garchomp|76/100\n|-damage|p1b: Yeoui|88/100|[from] ability: Rough Skin|[of] p2a: Garchomp\n|move|p2a: Garchomp|Dragon Claw|p1a: The Gourd\n|-damage|p1a: The Gourd|73/100\n|move|p2b: Charizard|Heat Wave|p1b: Yeoui|[spread] p1a,p1b\n|-resisted|p1a: The Gourd|1\n|-supereffective|p1b: Yeoui|1\n|-damage|p1a: The Gourd|42/100\n|-damage|p1b: Yeoui|0 fnt\n|-enditem|p1a: The Gourd|Sitrus Berry|[eat]\n|-heal|p1a: The Gourd|67/100|[from] item: Sitrus Berry\n|faint|p1b: Yeoui\n|\n|-weather|SunnyDay|[upkeep]\n|upkeep\n|\n|t:|1776374041\n|switch|p1b: Guendoowun|Drampa, L50, F, shiny|100/100\n|-ability|p1b: Guendoowun|Cloud Nine\n|turn|7\n|\n|t:|1776374062\n|move|p1a: The Gourd|Fake Out|p2a: Garchomp\n|-damage|p2a: Garchomp|61/100\n|-damage|p1a: The Gourd|54/100|[from] ability: Rough Skin|[of] p2a: Garchomp\n|cant|p2a: Garchomp|flinch\n|move|p2b: Charizard|Heat Wave|p1a: The Gourd|[spread] \n|-miss|p2b: Charizard|p1a: The Gourd\n|-miss|p2b: Charizard|p1b: Guendoowun\n|move|p1b: Guendoowun|Draco Meteor|p2b: Charizard\n|-damage|p2b: Charizard|34/100\n|-unboost|p1b: Guendoowun|spa|2\n|\n|-weather|SunnyDay|[upkeep]\n|upkeep\n|turn|8\n|\n|t:|1776374075\n|detailschange|p1b: Guendoowun|Drampa-Mega, L50, F, shiny\n|-mega|p1b: Guendoowun|Drampa|Drampanite\n|move|p2a: Garchomp|Dragon Claw|p1b: Guendoowun\n|-supereffective|p1b: Guendoowun|1\n|-damage|p1b: Guendoowun|55/100\n|move|p2b: Charizard|Heat Wave|p1b: Guendoowun|[spread] p1a,p1b\n|-resisted|p1a: The Gourd|1\n|-resisted|p1b: Guendoowun|1\n|-damage|p1a: The Gourd|23/100\n|-damage|p1b: Guendoowun|28/100\n|-ability|p1b: Guendoowun|Berserk|boost\n|-boost|p1b: Guendoowun|spa|1\n|move|p1a: The Gourd|Flare Blitz|p2b: Charizard\n|-resisted|p2b: Charizard|1\n|-crit|p2b: Charizard\n|-damage|p2b: Charizard|0 fnt\n|faint|p2b: Charizard\n|-damage|p1a: The Gourd|13/100|[from] Recoil\n|move|p1b: Guendoowun|Draco Meteor|p2a: Garchomp\n|-supereffective|p2a: Garchomp|1\n|-damage|p2a: Garchomp|0 fnt\n|-unboost|p1b: Guendoowun|spa|2\n|faint|p2a: Garchomp\n|\n|win|KUTF1\n|raw|KUTF1's rating: 1368 &rarr; <strong>1388</strong><br />(+20 for winning)\n|raw|queenb01's rating: 1370 &rarr; <strong>1350</strong><br />(-20 for losing)\n",
  "uploadtime": 1776374079,
  "views": 31,
  "formatid": "gen9championsvgc2026regma",
  "rating": 1350,
  "private": 0,
  "password": null
}