{
  "id": "gen9championsvgc2026regma-2588324551",
  "format": "[Gen 9 Champions] VGC 2026 Reg M-A",
  "players": [
    "DBWaffles",
    "Murphy's kitchen"
  ],
  "log": "|j|\u2606DBWaffles\n|j|\u2606Murphy's kitchen\n|t:|1776624177\n|gametype|doubles\n|player|p1|DBWaffles|swimmer-gen4dp|1483\n|player|p2|Murphy's kitchen|170|1636\n|gen|9\n|tier|[Gen 9 Champions] VGC 2026 Reg M-A\n|rated|\n|rule|Species Clause: Limit one of each Pok\u00e9mon\n|rule|Item Clause: Limit 1 of each item\n|clearpoke\n|poke|p1|Floette-Eternal, L50, F|\n|poke|p1|Garchomp, L50, M|\n|poke|p1|Corviknight, L50, M|\n|poke|p1|Incineroar, L50, M|\n|poke|p1|Whimsicott, L50, F|\n|poke|p1|Rotom-Wash, L50|\n|poke|p2|Aerodactyl, L50, F|\n|poke|p2|Dragapult, L50, M|\n|poke|p2|Primarina, L50, M|\n|poke|p2|Scizor, L50, M|\n|poke|p2|Scovillain, L50, F|\n|poke|p2|Sneasler, L50, M|\n|teampreview|4\n|inactive|Battle timer is ON: inactive players will automatically lose when time's up. (requested by DBWaffles)\n|j| hazima\n|inactive|DBWaffles has 60 seconds left.\n|inactive|Murphy's kitchen has 60 seconds left.\n|\n|t:|1776624235\n|teamsize|p1|4\n|teamsize|p2|4\n|start\n|switch|p1a: Garchomp|Garchomp, L50, M|100/100\n|switch|p1b: Rotom|Rotom-Wash, L50|100/100\n|switch|p2a: Scovillain|Scovillain, L50, F|100/100\n|switch|p2b: Primarina|Primarina, L50, M|100/100\n|turn|1\n|\n|t:|1776624248\n|switch|p1a: Incineroar|Incineroar, L50, M|100/100\n|-ability|p1a: Incineroar|Intimidate|boost\n|-unboost|p2a: Scovillain|atk|1\n|-unboost|p2b: Primarina|atk|1\n|move|p2a: Scovillain|Protect|p2a: Scovillain\n|-singleturn|p2a: Scovillain|Protect\n|move|p2b: Primarina|Protect|p2b: Primarina\n|-singleturn|p2b: Primarina|Protect\n|move|p1b: Rotom|Hydro Pump|p2a: Scovillain\n|-activate|p2a: Scovillain|move: Protect\n|\n|-ability|p2a: Scovillain|Moody|boost\n|-boost|p2a: Scovillain|spd|2\n|-unboost|p2a: Scovillain|atk|1\n|upkeep\n|turn|2\n|inactive|Murphy's kitchen has 30 seconds left.\n|inactive|Murphy's kitchen has 20 seconds left.\n|\n|t:|1776624285\n|detailschange|p2a: Scovillain|Scovillain-Mega, L50, F\n|-mega|p2a: Scovillain|Scovillain|Scovillainite\n|move|p1b: Rotom|Hydro Pump|p2a: Scovillain|[miss]\n|-miss|p1b: Rotom|p2a: Scovillain\n|move|p2a: Scovillain|Leaf Storm|p1b: Rotom\n|-supereffective|p1b: Rotom|1\n|-damage|p1b: Rotom|0 fnt\n|-unboost|p2a: Scovillain|spa|2\n|faint|p1b: Rotom\n|move|p2b: Primarina|Calm Mind|p2b: Primarina\n|-boost|p2b: Primarina|spa|1\n|-boost|p2b: Primarina|spd|1\n|move|p1a: Incineroar|Flare Blitz|p2a: Scovillain\n|-damage|p2a: Scovillain|63/100\n|-immune|p1a: Incineroar\n|-damage|p1a: Incineroar|90/100|[from] Recoil\n|\n|upkeep\n|\n|t:|1776624303\n|switch|p1b: Floette|Floette-Eternal, L50, F|100/100\n|turn|3\n|\n|t:|1776624315\n|detailschange|p1b: Floette|Floette-Mega, L50, F\n|-mega|p1b: Floette|Floette|Floettite\n|-ability|p1b: Floette|Fairy Aura\n|move|p2a: Scovillain|Rage Powder|p2a: Scovillain\n|-singleturn|p2a: Scovillain|move: Rage Powder\n|move|p1b: Floette|Dazzling Gleam|p2b: Primarina|[spread] p2a,p2b\n|-resisted|p2a: Scovillain|1\n|-damage|p2a: Scovillain|50/100\n|-damage|p2b: Primarina|72/100\n|-status|p1b: Floette|brn|[from] ability: Spicy Spray|[of] p2a: Scovillain\n|move|p2b: Primarina|Hyper Voice|p1b: Floette|[spread] p1a,p1b\n|-supereffective|p1a: Incineroar|1\n|-damage|p1a: Incineroar|18/100\n|-damage|p1b: Floette|60/100 brn\n|-enditem|p1a: Incineroar|Sitrus Berry|[eat]\n|-heal|p1a: Incineroar|43/100|[from] item: Sitrus Berry\n|move|p1a: Incineroar|Flare Blitz|p2a: Scovillain\n|-damage|p2a: Scovillain|12/100\n|-immune|p1a: Incineroar\n|-damage|p1a: Incineroar|32/100|[from] Recoil\n|\n|-heal|p2b: Primarina|78/100|[from] item: Leftovers\n|-damage|p1b: Floette|54/100 brn|[from] brn\n|upkeep\n|turn|4\n|inactive|Murphy's kitchen has 30 seconds left.\n|\n|t:|1776624342\n|move|p2a: Scovillain|Rage Powder|p2a: Scovillain\n|-singleturn|p2a: Scovillain|move: Rage Powder\n|move|p1b: Floette|Dazzling Gleam|p2b: Primarina|[spread] p2a,p2b\n|-resisted|p2a: Scovillain|1\n|-damage|p2a: Scovillain|0 fnt\n|-damage|p2b: Primarina|47/100\n|faint|p2a: Scovillain\n|move|p2b: Primarina|Hyper Voice|p1a: Incineroar|[spread] p1a,p1b\n|-supereffective|p1a: Incineroar|1\n|-damage|p1a: Incineroar|0 fnt\n|-damage|p1b: Floette|14/100 brn\n|faint|p1a: Incineroar\n|\n|-heal|p2b: Primarina|53/100|[from] item: Leftovers\n|-damage|p1b: Floette|8/100 brn|[from] brn\n|upkeep\n|\n|t:|1776624363\n|switch|p2a: Sneasler|Sneasler, L50, M|100/100\n|switch|p1a: Garchomp|Garchomp, L50, M|100/100\n|turn|5\n|\n|t:|1776624378\n|move|p2a: Sneasler|Fake Out|p1a: Garchomp\n|-damage|p1a: Garchomp|87/100\n|-damage|p2a: Sneasler|88/100|[from] ability: Rough Skin|[of] p1a: Garchomp\n|cant|p1a: Garchomp|flinch\n|move|p1b: Floette|Moonblast|p2b: Primarina\n|-damage|p2b: Primarina|5/100\n|move|p2b: Primarina|Hyper Voice|p1a: Garchomp|[spread] p1a,p1b\n|-damage|p1a: Garchomp|32/100\n|-damage|p1b: Floette|0 fnt\n|faint|p1b: Floette\n|\n|-heal|p2b: Primarina|11/100|[from] item: Leftovers\n|upkeep\n|turn|6\n|inactive|Murphy's kitchen has 30 seconds left.\n|\n|t:|1776624403\n|move|p1a: Garchomp|Earthquake|p2a: Sneasler|[spread] p2a,p2b\n|-supereffective|p2a: Sneasler|1\n|-damage|p2a: Sneasler|0 fnt\n|-damage|p2b: Primarina|0 fnt\n|faint|p2a: Sneasler\n|faint|p2b: Primarina\n|\n|upkeep\n|\n|t:|1776624410\n|switch|p2a: Dragapult|Dragapult, L50, M|100/100\n|turn|7\n|\n|t:|1776624416\n|move|p1a: Garchomp|Earthquake|p2a: Dragapult\n|-damage|p2a: Dragapult|18/100\n|move|p2a: Dragapult|Shadow Ball|p1a: Garchomp\n|-damage|p1a: Garchomp|0 fnt\n|faint|p1a: Garchomp\n|\n|win|Murphy's kitchen\n|raw|DBWaffles's rating: 1483 &rarr; <strong>1471</strong><br />(-12 for losing)\n|raw|Murphy&apos;s kitchen's rating: 1636 &rarr; <strong>1648</strong><br />(+12 for winning)\n|l|\u2606DBWaffles\n|player|p1|\n",
  "uploadtime": 1776624430,
  "views": 21,
  "formatid": "gen9championsvgc2026regma",
  "rating": 1471,
  "private": 0,
  "password": null
}