{
  "id": "gen9championsvgc2026regma-2588353073",
  "format": "[Gen 9 Champions] VGC 2026 Reg M-A",
  "players": [
    "1#MiraidonHater",
    "shunosaurus"
  ],
  "log": "|j|\u26061#MiraidonHater\n|j|\u2606shunosaurus\n|t:|1776626494\n|gametype|doubles\n|player|p1|1#MiraidonHater|volkner|1518\n|player|p2|shunosaurus|psychic-gen4|1490\n|gen|9\n|tier|[Gen 9 Champions] VGC 2026 Reg M-A\n|rated|\n|rule|Species Clause: Limit one of each Pok\u00e9mon\n|rule|Item Clause: Limit 1 of each item\n|clearpoke\n|poke|p1|Gardevoir, L50, M|\n|poke|p1|Basculegion, L50, M|\n|poke|p1|Tsareena, L50, F|\n|poke|p1|Incineroar, L50, F|\n|poke|p1|Pelipper, L50, F|\n|poke|p1|Archaludon, L50, F|\n|poke|p2|Excadrill, L50, F|\n|poke|p2|Tyranitar, L50, M|\n|poke|p2|Sinistcha, L50|\n|poke|p2|Primarina, L50, M|\n|poke|p2|Dragapult, L50, M|\n|poke|p2|Rotom-Heat, L50|\n|teampreview|4\n|c|\u2606shunosaurus|glhf\n|c|\u26061#MiraidonHater|u2\n|\n|t:|1776626543\n|teamsize|p1|4\n|teamsize|p2|4\n|start\n|switch|p1a: Killer Queen|Tsareena, L50, F|100/100\n|switch|p1b: Dop Dururum|Basculegion, L50, M|100/100\n|switch|p2a: Dragapult|Dragapult, L50, M|100/100\n|switch|p2b: Tyranitar|Tyranitar, L50, M|100/100\n|-weather|Sandstorm|[from] ability: Sand Stream|[of] p2b: Tyranitar\n|turn|1\n|\n|t:|1776626562\n|move|p2b: Tyranitar|Protect|p2b: Tyranitar\n|-singleturn|p2b: Tyranitar|Protect\n|move|p1b: Dop Dururum|Flip Turn|p2b: Tyranitar\n|-activate|p2b: Tyranitar|move: Protect\n|move|p2a: Dragapult|Shadow Ball|p1b: Dop Dururum\n|-supereffective|p1b: Dop Dururum|1\n|-damage|p1b: Dop Dururum|8/100\n|move|p1a: Killer Queen|Triple Axel|p2a: Dragapult\n|-supereffective|p2a: Dragapult|1\n|-damage|p2a: Dragapult|83/100\n|-supereffective|p2a: Dragapult|1\n|-damage|p2a: Dragapult|54/100\n|-supereffective|p2a: Dragapult|1\n|-damage|p2a: Dragapult|2/100\n|-hitcount|p2a: Dragapult|3\n|\n|-weather|Sandstorm|[upkeep]\n|-damage|p1b: Dop Dururum|2/100|[from] Sandstorm\n|-damage|p2a: Dragapult|0 fnt|[from] Sandstorm\n|-damage|p1a: Killer Queen|94/100|[from] Sandstorm\n|faint|p2a: Dragapult\n|upkeep\n|\n|t:|1776626578\n|switch|p2a: Sinistcha|Sinistcha, L50|100/100\n|turn|2\n|\n|t:|1776626599\n|switch|p1b: Teaser|Incineroar, L50, F|100/100\n|-ability|p1b: Teaser|Intimidate|boost\n|-unboost|p2a: Sinistcha|atk|1\n|-unboost|p2b: Tyranitar|atk|1\n|switch|p2b: Primarina|Primarina, L50, M|100/100\n|move|p1a: Killer Queen|Low Kick|p2b: Primarina\n|-resisted|p2b: Primarina|1\n|-damage|p2b: Primarina|91/100\n|move|p2a: Sinistcha|Trick Room|p2a: Sinistcha\n|-fieldstart|move: Trick Room|[of] p2a: Sinistcha\n|\n|-weather|Sandstorm|[upkeep]\n|-damage|p2b: Primarina|86/100|[from] Sandstorm\n|-damage|p1b: Teaser|95/100|[from] Sandstorm\n|-damage|p2a: Sinistcha|94/100|[from] Sandstorm\n|-damage|p1a: Killer Queen|88/100|[from] Sandstorm\n|upkeep\n|turn|3\n|\n|t:|1776626620\n|move|p2b: Primarina|Protect|p2b: Primarina\n|-singleturn|p2b: Primarina|Protect\n|move|p1b: Teaser|Fake Out|p2b: Primarina\n|-activate|p2b: Primarina|move: Protect\n|move|p2a: Sinistcha|Matcha Gotcha|p1a: Killer Queen|[spread] p1a,p1b\n|-resisted|p1a: Killer Queen|1\n|-resisted|p1b: Teaser|1\n|-damage|p1a: Killer Queen|77/100\n|-heal|p2a: Sinistcha|99/100|[from] drain|[of] p1a: Killer Queen\n|-damage|p1b: Teaser|84/100\n|-heal|p2a: Sinistcha|100/100|[from] drain|[of] p1b: Teaser\n|move|p1a: Killer Queen|Triple Axel|p2a: Sinistcha\n|-supereffective|p2a: Sinistcha|1\n|-damage|p2a: Sinistcha|92/100\n|-supereffective|p2a: Sinistcha|1\n|-damage|p2a: Sinistcha|76/100\n|-hitcount|p2a: Sinistcha|2\n|\n|-weather|Sandstorm|[upkeep]\n|-damage|p2b: Primarina|80/100|[from] Sandstorm\n|-damage|p1b: Teaser|78/100|[from] Sandstorm\n|-damage|p2a: Sinistcha|70/100|[from] Sandstorm\n|-damage|p1a: Killer Queen|71/100|[from] Sandstorm\n|upkeep\n|turn|4\n|j| porygon-epilepz\n|\n|t:|1776626641\n|move|p2b: Primarina|Moonblast|p1a: Killer Queen\n|-damage|p1a: Killer Queen|19/100\n|-unboost|p1a: Killer Queen|spa|1\n|-enditem|p1a: Killer Queen|Sitrus Berry|[eat]\n|-heal|p1a: Killer Queen|44/100|[from] item: Sitrus Berry\n|move|p1b: Teaser|Parting Shot|p2b: Primarina\n|-unboost|p2b: Primarina|atk|1\n|-unboost|p2b: Primarina|spa|1\n|\n|t:|1776626651\n|switch|p1b: Bohemian Rhapsody|Pelipper, L50, F|100/100|[from] Parting Shot\n|-weather|RainDance|[from] ability: Drizzle|[of] p1b: Bohemian Rhapsody\n|move|p2a: Sinistcha|Matcha Gotcha|p1a: Killer Queen|[spread] p1a,p1b\n|-resisted|p1a: Killer Queen|1\n|-damage|p1a: Killer Queen|32/100\n|-heal|p2a: Sinistcha|76/100|[from] drain|[of] p1a: Killer Queen\n|-damage|p1b: Bohemian Rhapsody|58/100\n|-heal|p2a: Sinistcha|92/100|[from] drain|[of] p1b: Bohemian Rhapsody\n|-status|p1b: Bohemian Rhapsody|brn\n|move|p1a: Killer Queen|Trop Kick|p2b: Primarina\n|-supereffective|p2b: Primarina|1\n|-damage|p2b: Primarina|2/100\n|-unboost|p2b: Primarina|atk|1\n|\n|-weather|RainDance|[upkeep]\n|-damage|p1b: Bohemian Rhapsody|52/100 brn|[from] brn\n|upkeep\n|turn|5\n|\n|t:|1776626686\n|move|p1b: Bohemian Rhapsody|Wide Guard|p1b: Bohemian Rhapsody\n|-singleturn|p1b: Bohemian Rhapsody|Wide Guard\n|move|p2b: Primarina|Moonblast|p1a: Killer Queen\n|-damage|p1a: Killer Queen|0 fnt\n|faint|p1a: Killer Queen\n|move|p2a: Sinistcha|Matcha Gotcha|p1b: Bohemian Rhapsody\n|-activate|p1b: Bohemian Rhapsody|move: Wide Guard\n|\n|-weather|RainDance|[upkeep]\n|-damage|p1b: Bohemian Rhapsody|46/100 brn|[from] brn\n|upkeep\n|\n|t:|1776626697\n|switch|p1a: Teaser|Incineroar, L50, F|78/100\n|-ability|p1a: Teaser|Intimidate|boost\n|-unboost|p2a: Sinistcha|atk|1\n|-unboost|p2b: Primarina|atk|1\n|turn|6\n|\n|t:|1776626707\n|switch|p2b: Tyranitar|Tyranitar, L50, M|100/100\n|-weather|Sandstorm|[from] ability: Sand Stream|[of] p2b: Tyranitar\n|move|p2a: Sinistcha|Protect|p2a: Sinistcha\n|-singleturn|p2a: Sinistcha|Protect\n|move|p1a: Teaser|Fake Out|p2b: Tyranitar\n|-resisted|p2b: Tyranitar|1\n|-damage|p2b: Tyranitar|96/100\n|move|p1b: Bohemian Rhapsody|Wide Guard||[still]\n|-fail|p1b: Bohemian Rhapsody\n|\n|-weather|Sandstorm|[upkeep]\n|-damage|p1a: Teaser|72/100|[from] Sandstorm\n|-damage|p2a: Sinistcha|86/100|[from] Sandstorm\n|-damage|p1b: Bohemian Rhapsody|40/100 brn|[from] Sandstorm\n|-damage|p1b: Bohemian Rhapsody|34/100 brn|[from] brn\n|-fieldend|move: Trick Room\n|upkeep\n|turn|7\n|\n|t:|1776626732\n|switch|p2a: Primarina|Primarina, L50, M|2/100\n|detailschange|p2b: Tyranitar|Tyranitar-Mega, L50, M\n|-mega|p2b: Tyranitar|Tyranitar|Tyranitarite\n|move|p1b: Bohemian Rhapsody|Wide Guard|p1b: Bohemian Rhapsody\n|-singleturn|p1b: Bohemian Rhapsody|Wide Guard\n|move|p2b: Tyranitar|Knock Off|p1b: Bohemian Rhapsody\n|-damage|p1b: Bohemian Rhapsody|0 fnt\n|-enditem|p1b: Bohemian Rhapsody|Focus Sash|[from] move: Knock Off|[of] p2b: Tyranitar\n|faint|p1b: Bohemian Rhapsody\n|move|p1a: Teaser|Flare Blitz|p2a: Primarina\n|-resisted|p2a: Primarina|1\n|-damage|p2a: Primarina|0 fnt\n|faint|p2a: Primarina\n|-damage|p1a: Teaser|72/100|[from] Recoil\n|\n|-weather|Sandstorm|[upkeep]\n|-damage|p1a: Teaser|66/100|[from] Sandstorm\n|upkeep\n|\n|t:|1776626744\n|switch|p1b: Dop Dururum|Basculegion, L50, M|2/100\n|switch|p2a: Sinistcha|Sinistcha, L50|86/100\n|-heal|p2b: Tyranitar|100/100|[from] ability: Hospitality|[of] p2a: Sinistcha\n|turn|8\n|\n|t:|1776626757\n|move|p2b: Tyranitar|Protect|p2b: Tyranitar\n|-singleturn|p2b: Tyranitar|Protect\n|move|p2a: Sinistcha|Protect|p2a: Sinistcha\n|-singleturn|p2a: Sinistcha|Protect\n|move|p1b: Dop Dururum|Wave Crash|p2b: Tyranitar\n|-activate|p2b: Tyranitar|move: Protect\n|move|p1a: Teaser|Flare Blitz|p2a: Sinistcha\n|-activate|p2a: Sinistcha|move: Protect\n|\n|-weather|Sandstorm|[upkeep]\n|-damage|p1b: Dop Dururum|0 fnt|[from] Sandstorm\n|-damage|p2a: Sinistcha|80/100|[from] Sandstorm\n|-damage|p1a: Teaser|60/100|[from] Sandstorm\n|faint|p1b: Dop Dururum\n|upkeep\n|turn|9\n|c|\u26061#MiraidonHater|ggs\n|-message|1#MiraidonHater forfeited.\n|\n|win|shunosaurus\n|raw|1#MiraidonHater's rating: 1518 &rarr; <strong>1496</strong><br />(-22 for losing)\n|raw|shunosaurus's rating: 1490 &rarr; <strong>1512</strong><br />(+22 for winning)\n|c|\u2606shunosaurus|gg\n|l|\u26061#MiraidonHater\n|player|p1|\n|l|\u2606shunosaurus\n|player|p2|\n",
  "uploadtime": 1776626496,
  "views": 29,
  "formatid": "gen9championsvgc2026regma",
  "rating": 1496,
  "private": 0,
  "password": null
}