{
  "id": "gen9championsvgc2026regma-2587294808",
  "format": "[Gen 9 Champions] VGC 2026 Reg M-A",
  "players": [
    "Forblaze On Em",
    "vyori"
  ],
  "log": "|j|\u2606Forblaze On Em\n|j|\u2606vyori\n|t:|1776519251\n|gametype|doubles\n|player|p1|Forblaze On Em|grimsley|1040\n|player|p2|vyori|265|1000\n|gen|9\n|tier|[Gen 9 Champions] VGC 2026 Reg M-A\n|rated|\n|rule|Species Clause: Limit one of each Pok\u00e9mon\n|rule|Item Clause: Limit 1 of each item\n|clearpoke\n|poke|p1|Aerodactyl, L50, F|\n|poke|p1|Sneasler, L50, F|\n|poke|p1|Kingambit, L50, F|\n|poke|p1|Sinistcha, L50|\n|poke|p1|Primarina, L50, M|\n|poke|p1|Zoroark-Hisui, L50, M|\n|poke|p2|Charizard, L50, M|\n|poke|p2|Absol, L50, F|\n|poke|p2|Whimsicott, L50, M, shiny|\n|poke|p2|Gallade, L50, M, shiny|\n|poke|p2|Arcanine-Hisui, L50, M, shiny|\n|poke|p2|Torkoal, L50, F|\n|teampreview|4\n|\n|t:|1776519271\n|teamsize|p1|4\n|teamsize|p2|4\n|start\n|switch|p1a: Kingambit|Kingambit, L50, F|100/100\n|switch|p1b: Primarina|Primarina, L50, M|100/100\n|switch|p2a: Why am I here|Gallade, L50, M, shiny|100/100\n|switch|p2b: BUM|Whimsicott, L50, M, shiny|100/100\n|turn|1\n|\n|t:|1776519294\n|move|p2a: Why am I here|Protect|p2a: Why am I here\n|-singleturn|p2a: Why am I here|Protect\n|move|p2b: BUM|Tailwind|p2b: BUM\n|-sidestart|p2: vyori|move: Tailwind\n|move|p1a: Kingambit|Round|p2a: Why am I here\n|-activate|p2a: Why am I here|move: Protect\n|move|p1b: Primarina|Round|p2a: Why am I here|[from] move: Round\n|-activate|p2a: Why am I here|move: Protect\n|\n|upkeep\n|turn|2\n|\n|t:|1776519318\n|move|p2a: Why am I here|Close Combat|p1a: Kingambit\n|-immune|p1a: Kingambit\n|move|p2b: BUM|Beat Up|p1b: Primarina\n|-resisted|p1b: Primarina|1\n|-damage|p1b: Primarina|99/100\n|-resisted|p1b: Primarina|1\n|-damage|p1b: Primarina|98/100\n|-resisted|p1b: Primarina|1\n|-damage|p1b: Primarina|96/100\n|-resisted|p1b: Primarina|1\n|-damage|p1b: Primarina|95/100\n|-hitcount|p1b: Primarina|4\n|move|p1a: Kingambit|Round|p2a: Why am I here\n|-damage|p2a: Why am I here|66/100\n|move|p1b: Primarina|Round|p2a: Why am I here|[from] move: Round\n|-damage|p2a: Why am I here|0 fnt\n|faint|p2a: Why am I here\n|\n|upkeep\n|\n|t:|1776519332\n|switch|p2a: Crime|Arcanine-Hisui, L50, M, shiny|100/100\n|turn|3\n|\n|t:|1776519351\n|move|p2a: Crime|Head Smash|p1b: Primarina\n|-damage|p1b: Primarina|14/100\n|move|p2b: BUM|Moonblast|p1a: Kingambit\n|-damage|p1a: Kingambit|45/100\n|replace|p1a: Zoroark|Zoroark-Hisui, L50, M\n|-end|p1a: Zoroark|Illusion\n|move|p1a: Zoroark|Round|p2b: BUM\n|-damage|p2b: BUM|63/100\n|move|p1b: Primarina|Round|p2a: Crime|[from] move: Round\n|-supereffective|p2a: Crime|2\n|-damage|p2a: Crime|0 fnt\n|faint|p2a: Crime\n|\n|upkeep\n|\n|t:|1776519364\n|switch|p2a: Guess|Charizard, L50, M|100/100\n|turn|4\n|\n|t:|1776519398\n|detailschange|p2a: Guess|Charizard-Mega-X, L50, M\n|-mega|p2a: Guess|Charizard|Charizardite X\n|move|p1b: Primarina|Protect|p1b: Primarina\n|-singleturn|p1b: Primarina|Protect\n|move|p2a: Guess|Swords Dance|p2a: Guess\n|-boost|p2a: Guess|atk|2\n|move|p2b: BUM|Moonblast|p1b: Primarina\n|-activate|p1b: Primarina|move: Protect\n|move|p1a: Zoroark|Round|p2b: BUM\n|-damage|p2b: BUM|25/100\n|\n|-sideend|p2: vyori|move: Tailwind\n|upkeep\n|turn|5\n|\n|t:|1776519422\n|move|p2a: Guess|Protect|p2a: Guess\n|-singleturn|p2a: Guess|Protect\n|move|p2b: BUM|Tailwind|p2b: BUM\n|-sidestart|p2: vyori|move: Tailwind\n|move|p1a: Zoroark|Round|p2b: BUM\n|-damage|p2b: BUM|0 fnt\n|faint|p2b: BUM\n|move|p1b: Primarina|Round|p2a: Guess|[from] move: Round\n|-activate|p2a: Guess|move: Protect\n|\n|upkeep\n|turn|6\n|\n|t:|1776519441\n|move|p1b: Primarina|Protect|p1b: Primarina\n|-singleturn|p1b: Primarina|Protect\n|move|p2a: Guess|Flare Blitz|p1a: Zoroark\n|-damage|p1a: Zoroark|0 fnt\n|faint|p1a: Zoroark\n|-damage|p2a: Guess|88/100|[from] Recoil\n|\n|upkeep\n|\n|t:|1776519446\n|switch|p1a: Kingambit|Kingambit, L50, F|100/100\n|turn|7\n|\n|t:|1776519454\n|move|p1b: Primarina|Protect|p1b: Primarina\n|-singleturn|p1b: Primarina|Protect\n|move|p1a: Kingambit|Protect|p1a: Kingambit\n|-singleturn|p1a: Kingambit|Protect\n|move|p2a: Guess|Flare Blitz|p1a: Kingambit\n|-activate|p1a: Kingambit|move: Protect\n|\n|upkeep\n|turn|8\n|\n|t:|1776519464\n|move|p1a: Kingambit|Sucker Punch|p2a: Guess\n|-damage|p2a: Guess|43/100\n|move|p2a: Guess|Flare Blitz|p1a: Kingambit\n|-supereffective|p1a: Kingambit|1\n|-damage|p1a: Kingambit|0 fnt\n|faint|p1a: Kingambit\n|-damage|p2a: Guess|0 fnt|[from] Recoil\n|faint|p2a: Guess\n|\n|win|Forblaze On Em\n|raw|Forblaze On Em's rating: 1040 &rarr; <strong>1070</strong><br />(+30 for winning)\n|raw|vyori's rating: 1000 &rarr; <strong>1000</strong><br />(+0 for losing)\n|l|\u2606vyori\n|player|p2|\n",
  "uploadtime": 1776519475,
  "views": 18,
  "formatid": "gen9championsvgc2026regma",
  "rating": 1000,
  "private": 0,
  "password": null
}