{
  "id": "gen9championsvgc2026regma-2581448962",
  "format": "[Gen 9 Champions] VGC 2026 Reg M-A",
  "players": [
    "yuriimon",
    "MIURZECHI"
  ],
  "log": "|j|\u2606yuriimon\n|j|\u2606MIURZECHI\n|t:|1776001485\n|gametype|doubles\n|player|p1|yuriimon|waitress-gen4|1040\n|player|p2|MIURZECHI|265|1073\n|gen|9\n|tier|[Gen 9 Champions] VGC 2026 Reg M-A\n|rated|\n|rule|Species Clause: Limit one of each Pok\u00e9mon\n|rule|Item Clause: Limit 1 of each item\n|clearpoke\n|poke|p1|Feraligatr, L50, M|\n|poke|p1|Gallade, L50, M|\n|poke|p1|Pelipper, L50, M|\n|poke|p1|Raichu, L50, F|\n|poke|p1|Arcanine-Hisui, L50, F|\n|poke|p1|Clefable, L50, F|\n|poke|p2|Gengar, L50, F|\n|poke|p2|Incineroar, L50, F|\n|poke|p2|Basculegion, L50, M|\n|poke|p2|Garchomp, L50, F|\n|poke|p2|Whimsicott, L50, F|\n|poke|p2|Politoed, L50, M|\n|teampreview|4\n|inactive|Battle timer is ON: inactive players will automatically lose when time's up. (requested by yuriimon)\n|\n|t:|1776001515\n|teamsize|p1|4\n|teamsize|p2|4\n|start\n|switch|p1a: Raichu|Raichu, L50, F|100/100\n|switch|p1b: Gallade|Gallade, L50, M|100/100\n|switch|p2a: Gengar|Gengar, L50, F|100/100\n|switch|p2b: Incineroar|Incineroar, L50, F|100/100\n|-ability|p2b: Incineroar|Intimidate|boost\n|-unboost|p1a: Raichu|atk|1\n|-unboost|p1b: Gallade|atk|1\n|turn|1\n|inactive|MIURZECHI has 30 seconds left.\n|\n|t:|1776001547\n|detailschange|p2a: Gengar|Gengar-Mega, L50, F\n|-mega|p2a: Gengar|Gengar|Gengarite\n|move|p1a: Raichu|Fake Out|p2b: Incineroar\n|-damage|p2b: Incineroar|95/100\n|cant|p2b: Incineroar|flinch\n|move|p2a: Gengar|Shadow Ball|p1a: Raichu\n|-damage|p1a: Raichu|34/100\n|move|p1b: Gallade|Psycho Cut|p2a: Gengar\n|-supereffective|p2a: Gengar|1\n|-damage|p2a: Gengar|7/100\n|\n|upkeep\n|turn|2\n|\n|t:|1776001564\n|move|p2a: Gengar|Protect|p2a: Gengar\n|-singleturn|p2a: Gengar|Protect\n|move|p1a: Raichu|Volt Switch|p2a: Gengar\n|-activate|p2a: Gengar|move: Protect\n|move|p2b: Incineroar|Parting Shot|p1b: Gallade\n|-unboost|p1b: Gallade|atk|1\n|-unboost|p1b: Gallade|spa|1\n|\n|t:|1776001573\n|switch|p2b: Politoed|Politoed, L50, M|100/100|[from] Parting Shot\n|-weather|RainDance|[from] ability: Drizzle|[of] p2b: Politoed\n|move|p1b: Gallade|Trick Room|p1b: Gallade\n|-fieldstart|move: Trick Room|[of] p1b: Gallade\n|\n|-weather|RainDance|[upkeep]\n|upkeep\n|turn|3\n|inactive|MIURZECHI has 30 seconds left.\n|\n|t:|1776001600\n|move|p1b: Gallade|Psycho Cut|p2a: Gengar\n|-supereffective|p2a: Gengar|1\n|-damage|p2a: Gengar|0 fnt\n|faint|p2a: Gengar\n|move|p2b: Politoed|Encore|p1b: Gallade\n|-start|p1b: Gallade|Encore\n|move|p1a: Raichu|Volt Switch|p2b: Politoed\n|-supereffective|p2b: Politoed|1\n|-damage|p2b: Politoed|50/100\n|\n|t:|1776001608\n|switch|p1a: Feraligatr|Feraligatr, L50, M|100/100|[from] Volt Switch\n|\n|-weather|RainDance|[upkeep]\n|-heal|p2b: Politoed|56/100|[from] item: Leftovers\n|upkeep\n|\n|t:|1776001617\n|switch|p2a: Basculegion|Basculegion, L50, M|100/100\n|turn|4\n|\n|t:|1776001631\n|switch|p1b: Raichu|Raichu, L50, F|34/100\n|detailschange|p1a: Feraligatr|Feraligatr-Mega, L50, M\n|-mega|p1a: Feraligatr|Feraligatr|Feraligite\n|move|p1a: Feraligatr|Body Slam|p2a: Basculegion\n|-crit|p2a: Basculegion\n|-damage|p2a: Basculegion|0 fnt\n|faint|p2a: Basculegion\n|move|p2b: Politoed|Perish Song|p2b: Politoed\n|-start|p1a: Feraligatr|perish3|[silent]\n|-start|p1b: Raichu|perish3|[silent]\n|-start|p2b: Politoed|perish3|[silent]\n|-fieldactivate|move: Perish Song\n|\n|-weather|RainDance|[upkeep]\n|-heal|p2b: Politoed|62/100|[from] item: Leftovers\n|-start|p1a: Feraligatr|perish3\n|-start|p2b: Politoed|perish3\n|-start|p1b: Raichu|perish3\n|upkeep\n|\n|t:|1776001645\n|switch|p2a: Incineroar|Incineroar, L50, F|95/100\n|-ability|p2a: Incineroar|Intimidate|boost\n|-unboost|p1a: Feraligatr|atk|1\n|-unboost|p1b: Raichu|atk|1\n|turn|5\n|\n|t:|1776001663\n|switch|p1b: Clefable|Clefable, L50, F|100/100\n|move|p1a: Feraligatr|Protect|p1a: Feraligatr\n|-singleturn|p1a: Feraligatr|Protect\n|move|p2a: Incineroar|Fake Out|p1b: Clefable\n|-damage|p1b: Clefable|89/100\n|move|p2b: Politoed|Encore|p1a: Feraligatr\n|-activate|p1a: Feraligatr|move: Protect\n|\n|-weather|RainDance|[upkeep]\n|-heal|p2b: Politoed|68/100|[from] item: Leftovers\n|-start|p1a: Feraligatr|perish2\n|-start|p2b: Politoed|perish2\n|upkeep\n|turn|6\n|\n|t:|1776001682\n|move|p2a: Incineroar|Protect|p2a: Incineroar\n|-singleturn|p2a: Incineroar|Protect\n|move|p1b: Clefable|Follow Me|p1b: Clefable\n|-singleturn|p1b: Clefable|move: Follow Me\n|move|p1a: Feraligatr|Body Slam|p2b: Politoed\n|-damage|p2b: Politoed|8/100\n|-status|p2b: Politoed|par\n|move|p2b: Politoed|Weather Ball|p1b: Clefable\n|-damage|p1b: Clefable|38/100\n|-enditem|p1b: Clefable|Sitrus Berry|[eat]\n|-heal|p1b: Clefable|62/100|[from] item: Sitrus Berry\n|\n|-weather|none\n|-heal|p2b: Politoed|14/100 par|[from] item: Leftovers\n|-start|p2b: Politoed|perish1\n|-start|p1a: Feraligatr|perish1\n|-fieldend|move: Trick Room\n|upkeep\n|turn|7\n|inactive|MIURZECHI has 30 seconds left.\n|\n|t:|1776001711\n|switch|p1a: Raichu|Raichu, L50, F|34/100\n|move|p1b: Clefable|Follow Me|p1b: Clefable\n|-singleturn|p1b: Clefable|move: Follow Me\n|move|p2a: Incineroar|Parting Shot|p1b: Clefable\n|-unboost|p1b: Clefable|atk|1\n|-unboost|p1b: Clefable|spa|1\n|move|p2b: Politoed|Weather Ball|p1b: Clefable\n|-damage|p1b: Clefable|50/100\n|\n|-heal|p2b: Politoed|20/100 par|[from] item: Leftovers\n|-start|p2b: Politoed|perish0\n|upkeep\n|faint|p2b: Politoed\n|turn|8\n|\n|t:|1776001730\n|switch|p1b: Feraligatr|Feraligatr-Mega, L50, M|100/100\n|move|p1a: Raichu|Fake Out|p2a: Incineroar\n|-damage|p2a: Incineroar|88/100\n|cant|p2a: Incineroar|flinch\n|\n|upkeep\n|turn|9\n|inactive|MIURZECHI has 30 seconds left.\n|\n|t:|1776001758\n|move|p1a: Raichu|Volt Switch|p2a: Incineroar\n|-damage|p2a: Incineroar|67/100\n|\n|t:|1776001765\n|switch|p1a: Clefable|Clefable, L50, F|50/100|[from] Volt Switch\n|move|p2a: Incineroar|Darkest Lariat|p1a: Clefable\n|-resisted|p1a: Clefable|1\n|-damage|p1a: Clefable|32/100\n|move|p1b: Feraligatr|Swords Dance|p1b: Feraligatr\n|-boost|p1b: Feraligatr|atk|2\n|\n|upkeep\n|turn|10\n|\n|t:|1776001773\n|move|p1a: Clefable|Follow Me|p1a: Clefable\n|-singleturn|p1a: Clefable|move: Follow Me\n|move|p2a: Incineroar|Darkest Lariat|p1a: Clefable\n|-resisted|p1a: Clefable|1\n|-damage|p1a: Clefable|15/100\n|move|p1b: Feraligatr|Liquidation|p2a: Incineroar\n|-supereffective|p2a: Incineroar|1\n|-damage|p2a: Incineroar|0 fnt\n|faint|p2a: Incineroar\n|\n|win|yuriimon\n|raw|yuriimon's rating: 1040 &rarr; <strong>1077</strong><br />(+37 for winning)\n|raw|MIURZECHI's rating: 1073 &rarr; <strong>1050</strong><br />(-23 for losing)\n|c|\u2606yuriimon|gg\n|l|\u2606MIURZECHI\n|player|p2|\n",
  "uploadtime": 1776001785,
  "views": 16,
  "formatid": "gen9championsvgc2026regma",
  "rating": 1050,
  "private": 0,
  "password": null
}