{
  "id": "gen9championsvgc2026regma-2587557303",
  "format": "[Gen 9 Champions] VGC 2026 Reg M-A",
  "players": [
    "sushiflower",
    "BotsuanaKing"
  ],
  "log": "|j|\u2606sushiflower\n|j|\u2606BotsuanaKing\n|t:|1776542069\n|gametype|doubles\n|player|p1|sushiflower|volkner|1194\n|player|p2|BotsuanaKing|101|1127\n|gen|9\n|tier|[Gen 9 Champions] VGC 2026 Reg M-A\n|rated|\n|rule|Species Clause: Limit one of each Pok\u00e9mon\n|rule|Item Clause: Limit 1 of each item\n|clearpoke\n|poke|p1|Ariados, L50, F|\n|poke|p1|Floette-Eternal, L50, F|\n|poke|p1|Snorlax, L50, F|\n|poke|p1|Incineroar, L50, M|\n|poke|p1|Basculegion, L50, M|\n|poke|p1|Kommo-o, L50, M|\n|poke|p2|Altaria, L50, F|\n|poke|p2|Venusaur, L50, M|\n|poke|p2|Incineroar, L50, M|\n|poke|p2|Aegislash, L50, F|\n|poke|p2|Corviknight, L50, F|\n|poke|p2|Rotom-Wash, L50|\n|teampreview|4\n|inactive|Battle timer is ON: inactive players will automatically lose when time's up. (requested by sushiflower)\n|\n|t:|1776542100\n|teamsize|p1|4\n|teamsize|p2|4\n|start\n|switch|p1a: Snorlax|Snorlax, L50, F|100/100\n|switch|p1b: Incineroar|Incineroar, L50, M|100/100\n|switch|p2a: Incineroar|Incineroar, L50, M|100/100\n|switch|p2b: Corviknight|Corviknight, L50, F|100/100\n|-ability|p2a: Incineroar|Intimidate|boost\n|-unboost|p1a: Snorlax|atk|1\n|-unboost|p1b: Incineroar|atk|1\n|-ability|p1b: Incineroar|Intimidate|boost\n|-unboost|p2a: Incineroar|atk|1\n|-ability|p2b: Corviknight|Mirror Armor\n|-unboost|p1b: Incineroar|atk|1\n|turn|1\n|\n|t:|1776542112\n|move|p2a: Incineroar|Fake Out|p1a: Snorlax\n|-damage|p1a: Snorlax|95/100\n|move|p2b: Corviknight|Tailwind|p2b: Corviknight\n|-sidestart|p2: BotsuanaKing|move: Tailwind\n|move|p1b: Incineroar|Parting Shot|p2a: Incineroar\n|-unboost|p2a: Incineroar|atk|1\n|-unboost|p2a: Incineroar|spa|1\n|\n|t:|1776542118\n|switch|p1b: Basculegion|Basculegion, L50, M|100/100|[from] Parting Shot\n|cant|p1a: Snorlax|flinch\n|\n|upkeep\n|turn|2\n|\n|t:|1776542132\n|switch|p2a: Aegislash|Aegislash, L50, F|100/100\n|move|p1b: Basculegion|Protect|p1b: Basculegion\n|-singleturn|p1b: Basculegion|Protect\n|move|p2b: Corviknight|Brave Bird|p1b: Basculegion\n|-activate|p1b: Basculegion|move: Protect\n|move|p1a: Snorlax|Yawn|p2b: Corviknight\n|-start|p2b: Corviknight|move: Yawn|[of] p1a: Snorlax\n|\n|upkeep\n|turn|3\n|\n|t:|1776542144\n|switch|p2b: Incineroar|Incineroar, L50, M|100/100\n|-ability|p2b: Incineroar|Intimidate|boost\n|-unboost|p1a: Snorlax|atk|1\n|-unboost|p1b: Basculegion|atk|1\n|switch|p1b: Incineroar|Incineroar, L50, M|100/100\n|-ability|p1b: Incineroar|Intimidate|boost\n|-unboost|p2a: Aegislash|atk|1\n|-unboost|p2b: Incineroar|atk|1\n|-formechange|p2a: Aegislash|Aegislash-Blade|\n|move|p2a: Aegislash|Shadow Ball|p1b: Incineroar\n|-resisted|p1b: Incineroar|1\n|-damage|p1b: Incineroar|80/100\n|move|p1a: Snorlax|Crunch|p2a: Aegislash\n|-supereffective|p2a: Aegislash|1\n|-damage|p2a: Aegislash|51/100\n|-unboost|p2a: Aegislash|def|1\n|\n|-heal|p2a: Aegislash|58/100|[from] item: Leftovers\n|upkeep\n|turn|4\n|\n|t:|1776542166\n|switch|p2a: Corviknight|Corviknight, L50, F|100/100\n|move|p2b: Incineroar|Fake Out|p1b: Incineroar\n|-damage|p1b: Incineroar|73/100\n|cant|p1b: Incineroar|flinch\n|move|p1a: Snorlax|Yawn|p2b: Incineroar\n|-start|p2b: Incineroar|move: Yawn|[of] p1a: Snorlax\n|\n|-sideend|p2: BotsuanaKing|move: Tailwind\n|upkeep\n|turn|5\n|inactive|sushiflower has 30 seconds left.\n|\n|t:|1776542191\n|move|p1a: Snorlax|Helping Hand|p1b: Incineroar\n|-singleturn|p1b: Incineroar|Helping Hand|[of] p1a: Snorlax\n|move|p2a: Corviknight|Protect|p2a: Corviknight\n|-singleturn|p2a: Corviknight|Protect\n|move|p2b: Incineroar|Parting Shot|p1b: Incineroar\n|-unboost|p1b: Incineroar|atk|1\n|-unboost|p1b: Incineroar|spa|1\n|\n|t:|1776542199\n|switch|p2b: Aegislash|Aegislash, L50, F|58/100|[from] Parting Shot\n|move|p1b: Incineroar|Flare Blitz|p2a: Corviknight\n|-activate|p2a: Corviknight|move: Protect\n|\n|-heal|p2b: Aegislash|64/100|[from] item: Leftovers\n|upkeep\n|turn|6\n|\n|t:|1776542205\n|move|p2a: Corviknight|Brave Bird|p1b: Incineroar\n|-damage|p1b: Incineroar|34/100\n|-enditem|p1b: Incineroar|Sitrus Berry|[eat]\n|-heal|p1b: Incineroar|59/100|[from] item: Sitrus Berry\n|-damage|p2a: Corviknight|88/100|[from] Recoil\n|move|p1b: Incineroar|Parting Shot|p2a: Corviknight\n|-ability|p2a: Corviknight|Mirror Armor\n|-unboost|p1b: Incineroar|atk|1\n|-ability|p2a: Corviknight|Mirror Armor\n|-unboost|p1b: Incineroar|spa|1\n|\n|t:|1776542214\n|switch|p1b: Basculegion|Basculegion, L50, M|100/100|[from] Parting Shot\n|-formechange|p2b: Aegislash|Aegislash-Blade|\n|move|p2b: Aegislash|Sacred Sword|p1b: Basculegion\n|-immune|p1b: Basculegion\n|move|p1a: Snorlax|Crunch|p2b: Aegislash\n|-supereffective|p2b: Aegislash|1\n|-damage|p2b: Aegislash|16/100\n|\n|-heal|p2b: Aegislash|22/100|[from] item: Leftovers\n|upkeep\n|turn|7\n|\n|t:|1776542229\n|-formechange|p2b: Aegislash|Aegislash|\n|move|p2b: Aegislash|King's Shield|p2b: Aegislash\n|-singleturn|p2b: Aegislash|Protect\n|move|p1b: Basculegion|Wave Crash|p2b: Aegislash\n|-activate|p2b: Aegislash|move: Protect\n|-unboost|p1b: Basculegion|atk|1\n|move|p2a: Corviknight|Tailwind|p2a: Corviknight\n|-sidestart|p2: BotsuanaKing|move: Tailwind\n|move|p1a: Snorlax|Yawn|p2a: Corviknight\n|-start|p2a: Corviknight|move: Yawn|[of] p1a: Snorlax\n|\n|-heal|p2b: Aegislash|28/100|[from] item: Leftovers\n|upkeep\n|turn|8\n|\n|t:|1776542242\n|switch|p2a: Incineroar|Incineroar, L50, M|100/100\n|-ability|p2a: Incineroar|Intimidate|boost\n|-unboost|p1a: Snorlax|atk|1\n|-unboost|p1b: Basculegion|atk|1\n|switch|p1b: Incineroar|Incineroar, L50, M|59/100\n|-ability|p1b: Incineroar|Intimidate|boost\n|-unboost|p2a: Incineroar|atk|1\n|-unboost|p2b: Aegislash|atk|1\n|-formechange|p2b: Aegislash|Aegislash-Blade|\n|move|p2b: Aegislash|Sacred Sword|p1a: Snorlax\n|-supereffective|p1a: Snorlax|1\n|-enditem|p1a: Snorlax|Chople Berry|[eat]\n|-enditem|p1a: Snorlax|Chople Berry|[weaken]\n|-damage|p1a: Snorlax|79/100\n|move|p1a: Snorlax|Yawn|p2b: Aegislash\n|-start|p2b: Aegislash|move: Yawn|[of] p1a: Snorlax\n|\n|-heal|p2b: Aegislash|34/100|[from] item: Leftovers\n|upkeep\n|turn|9\n|\n|t:|1776542259\n|switch|p2b: Corviknight|Corviknight, L50, F|88/100\n|move|p2a: Incineroar|Fake Out|p1b: Incineroar\n|-damage|p1b: Incineroar|51/100\n|cant|p1b: Incineroar|flinch\n|move|p1a: Snorlax|Crunch|p2b: Corviknight\n|-damage|p2b: Corviknight|80/100\n|\n|upkeep\n|turn|10\n|inactive|BotsuanaKing has 30 seconds left.\n|\n|t:|1776542284\n|move|p2a: Incineroar|Parting Shot|p1a: Snorlax\n|-unboost|p1a: Snorlax|atk|1\n|-unboost|p1a: Snorlax|spa|1\n|\n|t:|1776542287\n|switch|p2a: Aegislash|Aegislash, L50, F|34/100|[from] Parting Shot\n|move|p2b: Corviknight|Brave Bird|p1b: Incineroar\n|-damage|p1b: Incineroar|8/100\n|-damage|p2b: Corviknight|67/100|[from] Recoil\n|move|p1b: Incineroar|Parting Shot|p2a: Aegislash\n|-unboost|p2a: Aegislash|atk|1\n|-unboost|p2a: Aegislash|spa|1\n|\n|t:|1776542295\n|switch|p1b: Basculegion|Basculegion, L50, M|100/100|[from] Parting Shot\n|move|p1a: Snorlax|Yawn|p2b: Corviknight\n|-start|p2b: Corviknight|move: Yawn|[of] p1a: Snorlax\n|\n|-heal|p2a: Aegislash|40/100|[from] item: Leftovers\n|-sideend|p2: BotsuanaKing|move: Tailwind\n|upkeep\n|turn|11\n|\n|t:|1776542304\n|switch|p2b: Incineroar|Incineroar, L50, M|100/100\n|-ability|p2b: Incineroar|Intimidate|boost\n|-unboost|p1a: Snorlax|atk|1\n|-unboost|p1b: Basculegion|atk|1\n|move|p1b: Basculegion|Protect|p1b: Basculegion\n|-singleturn|p1b: Basculegion|Protect\n|move|p2a: Aegislash|King's Shield|p2a: Aegislash\n|-singleturn|p2a: Aegislash|Protect\n|move|p1a: Snorlax|Self-Destruct|p2a: Aegislash|[spread] p2b\n|-activate|p1b: Basculegion|move: Protect\n|-activate|p2a: Aegislash|move: Protect\n|-damage|p2b: Incineroar|82/100\n|faint|p1a: Snorlax\n|\n|-heal|p2a: Aegislash|47/100|[from] item: Leftovers\n|upkeep\n|\n|t:|1776542308\n|switch|p1a: Floette|Floette-Eternal, L50, F|100/100\n|turn|12\n|\n|t:|1776542325\n|detailschange|p1a: Floette|Floette-Mega, L50, F\n|-mega|p1a: Floette|Floette|Floettite\n|-ability|p1a: Floette|Fairy Aura\n|move|p1a: Floette|Moonblast|p2b: Incineroar\n|-damage|p2b: Incineroar|14/100\n|-unboost|p2b: Incineroar|spa|1\n|-enditem|p2b: Incineroar|Sitrus Berry|[eat]\n|-heal|p2b: Incineroar|38/100|[from] item: Sitrus Berry\n|move|p1b: Basculegion|Last Respects|p2a: Aegislash\n|-supereffective|p2a: Aegislash|1\n|-damage|p2a: Aegislash|0 fnt\n|faint|p2a: Aegislash\n|move|p2b: Incineroar|Darkest Lariat|p1b: Basculegion\n|-supereffective|p1b: Basculegion|1\n|-damage|p1b: Basculegion|12/100\n|\n|upkeep\n|\n|t:|1776542339\n|switch|p2a: Corviknight|Corviknight, L50, F|67/100\n|turn|13\n|\n|t:|1776542349\n|move|p1a: Floette|Moonblast|p2b: Incineroar\n|-damage|p2b: Incineroar|0 fnt\n|faint|p2b: Incineroar\n|move|p1b: Basculegion|Wave Crash|p2a: Corviknight\n|-damage|p2a: Corviknight|41/100\n|-damage|p1b: Basculegion|4/100|[from] Recoil\n|move|p2a: Corviknight|Tailwind|p2a: Corviknight\n|-sidestart|p2: BotsuanaKing|move: Tailwind\n|\n|upkeep\n|\n|t:|1776542351\n|switch|p2b: Venusaur|Venusaur, L50, M|100/100\n|turn|14\n|\n|t:|1776542356\n|switch|p1b: Incineroar|Incineroar, L50, M|8/100\n|-ability|p1b: Incineroar|Intimidate|boost\n|-ability|p2a: Corviknight|Mirror Armor\n|-unboost|p1b: Incineroar|atk|1\n|-unboost|p2b: Venusaur|atk|1\n|detailschange|p2b: Venusaur|Venusaur-Mega, L50, M\n|-mega|p2b: Venusaur|Venusaur|Venusaurite\n|move|p1a: Floette|Protect|p1a: Floette\n|-singleturn|p1a: Floette|Protect\n|move|p2b: Venusaur|Giga Drain|p1b: Incineroar\n|-resisted|p1b: Incineroar|1\n|-damage|p1b: Incineroar|0 fnt\n|faint|p1b: Incineroar\n|move|p2a: Corviknight|Iron Head|p1a: Floette\n|-activate|p1a: Floette|move: Protect\n|\n|upkeep\n|\n|t:|1776542359\n|switch|p1b: Basculegion|Basculegion, L50, M|4/100\n|turn|15\n|\n|t:|1776542374\n|move|p2b: Venusaur|Giga Drain|p1b: Basculegion\n|-supereffective|p1b: Basculegion|1\n|-damage|p1b: Basculegion|0 fnt\n|faint|p1b: Basculegion\n|move|p2a: Corviknight|Iron Head|p1a: Floette\n|-supereffective|p1a: Floette|1\n|-damage|p1a: Floette|31/100\n|cant|p1a: Floette|flinch\n|\n|upkeep\n|turn|16\n|-message|sushiflower forfeited.\n|\n|win|BotsuanaKing\n|raw|sushiflower's rating: 1194 &rarr; <strong>1164</strong><br />(-30 for losing)\n|raw|BotsuanaKing's rating: 1127 &rarr; <strong>1157</strong><br />(+30 for winning)\n|l|\u2606sushiflower\n|player|p1|\n",
  "uploadtime": 1776542386,
  "views": 16,
  "formatid": "gen9championsvgc2026regma",
  "rating": 1157,
  "private": 0,
  "password": null
}