{
  "id": "gen9championsvgc2026regma-2587624219",
  "format": "[Gen 9 Champions] VGC 2026 Reg M-A",
  "players": [
    "Warehouse User",
    "Randomzonks"
  ],
  "log": "|j|\u2606Warehouse User\n|j|\u2606Randomzonks\n|t:|1776547981\n|gametype|doubles\n|player|p1|Warehouse User|169|1042\n|player|p2|Randomzonks|169|1057\n|gen|9\n|tier|[Gen 9 Champions] VGC 2026 Reg M-A\n|rated|\n|rule|Species Clause: Limit one of each Pok\u00e9mon\n|rule|Item Clause: Limit 1 of each item\n|clearpoke\n|poke|p1|Aegislash, L50, M|\n|poke|p1|Maushold-Four, L50|\n|poke|p1|Azumarill, L50, F|\n|poke|p1|Whimsicott, L50, F|\n|poke|p1|Beedrill, L50, F|\n|poke|p1|Castform, L50, M|\n|poke|p2|Scovillain, L50, F|\n|poke|p2|Sneasler, L50, M|\n|poke|p2|Primarina, L50, F|\n|poke|p2|Kingambit, L50, M|\n|poke|p2|Aerodactyl, L50, M|\n|poke|p2|Garchomp, L50, M|\n|teampreview|4\n|inactive|Battle timer is ON: inactive players will automatically lose when time's up. (requested by Randomzonks)\n|\n|t:|1776548007\n|teamsize|p1|4\n|teamsize|p2|4\n|start\n|switch|p1a: Aegislash|Aegislash, L50, M|100/100\n|switch|p1b: Maushold|Maushold-Four, L50|100/100\n|switch|p2a: Scovillain|Scovillain, L50, F|100/100\n|switch|p2b: Sneasler|Sneasler, L50, M|100/100\n|turn|1\n|\n|t:|1776548031\n|move|p1b: Maushold|Protect|p1b: Maushold\n|-singleturn|p1b: Maushold|Protect\n|move|p2a: Scovillain|Protect|p2a: Scovillain\n|-singleturn|p2a: Scovillain|Protect\n|move|p2b: Sneasler|Fake Out|p1b: Maushold\n|-activate|p1b: Maushold|move: Protect\n|move|p1a: Aegislash|Swords Dance|p1a: Aegislash\n|-boost|p1a: Aegislash|atk|2\n|\n|-ability|p2a: Scovillain|Moody|boost\n|-boost|p2a: Scovillain|def|2\n|-unboost|p2a: Scovillain|spd|1\n|upkeep\n|turn|2\n|inactive|Warehouse User has 30 seconds left.\n|\n|t:|1776548060\n|switch|p2b: Kingambit|Kingambit, L50, M|100/100\n|detailschange|p2a: Scovillain|Scovillain-Mega, L50, F\n|-mega|p2a: Scovillain|Scovillain|Scovillainite\n|move|p2a: Scovillain|Rage Powder|p2a: Scovillain\n|-singleturn|p2a: Scovillain|move: Rage Powder\n|-formechange|p1a: Aegislash|Aegislash-Blade|\n|move|p1a: Aegislash|Shadow Sneak|p2a: Scovillain\n|-damage|p2a: Scovillain|73/100\n|-status|p1a: Aegislash|brn|[from] ability: Spicy Spray|[of] p2a: Scovillain\n|move|p1b: Maushold|Super Fang|p2a: Scovillain\n|-damage|p2a: Scovillain|37/100\n|-status|p1b: Maushold|brn|[from] ability: Spicy Spray|[of] p2a: Scovillain\n|\n|-damage|p1b: Maushold|94/100 brn|[from] brn\n|-damage|p1a: Aegislash|95/100 brn|[from] brn\n|upkeep\n|turn|3\n|inactive|Randomzonks has 30 seconds left.\n|\n|t:|1776548087\n|move|p1b: Maushold|Follow Me|p1b: Maushold\n|-singleturn|p1b: Maushold|move: Follow Me\n|move|p2a: Scovillain|Leech Seed|p1b: Maushold|[miss]\n|-miss|p2a: Scovillain|p1b: Maushold\n|move|p1a: Aegislash|Swords Dance|p1a: Aegislash\n|-boost|p1a: Aegislash|atk|2\n|move|p2b: Kingambit|Swords Dance|p2b: Kingambit\n|-boost|p2b: Kingambit|atk|2\n|\n|-damage|p1b: Maushold|88/100 brn|[from] brn\n|-damage|p1a: Aegislash|89/100 brn|[from] brn\n|upkeep\n|turn|4\n|inactive|Warehouse User has 30 seconds left.\n|inactive|Randomzonks has 30 seconds left.\n|\n|t:|1776548117\n|move|p1b: Maushold|Follow Me|p1b: Maushold\n|-singleturn|p1b: Maushold|move: Follow Me\n|move|p1a: Aegislash|Shadow Sneak|p2a: Scovillain\n|-damage|p2a: Scovillain|16/100\n|move|p2a: Scovillain|Flamethrower|p1b: Maushold\n|-damage|p1b: Maushold|34/100 brn\n|move|p2b: Kingambit|Kowtow Cleave|p1b: Maushold\n|-damage|p1b: Maushold|0 fnt\n|faint|p1b: Maushold\n|\n|-damage|p1a: Aegislash|83/100 brn|[from] brn\n|upkeep\n|\n|t:|1776548132\n|switch|p1b: Azumarill|Azumarill, L50, F|100/100\n|turn|5\n|\n|t:|1776548140\n|move|p1a: Aegislash|Shadow Sneak|p2b: Kingambit\n|-resisted|p2b: Kingambit|1\n|-crit|p2b: Kingambit\n|-damage|p2b: Kingambit|77/100\n|move|p1b: Azumarill|Aqua Jet|p2a: Scovillain\n|-crit|p2a: Scovillain\n|-damage|p2a: Scovillain|0 fnt\n|-status|p1b: Azumarill|brn|[from] ability: Spicy Spray|[of] p2a: Scovillain\n|faint|p2a: Scovillain\n|move|p2b: Kingambit|Kowtow Cleave|p1a: Aegislash\n|-supereffective|p1a: Aegislash|1\n|-damage|p1a: Aegislash|0 fnt\n|faint|p1a: Aegislash\n|\n|-damage|p1b: Azumarill|95/100 brn|[from] brn\n|upkeep\n|\n|t:|1776548158\n|switch|p2a: Sneasler|Sneasler, L50, M|100/100\n|switch|p1a: Whimsicott|Whimsicott, L50, F|100/100\n|turn|6\n|\n|t:|1776548176\n|move|p1b: Azumarill|Protect|p1b: Azumarill\n|-singleturn|p1b: Azumarill|Protect\n|move|p1a: Whimsicott|Encore|p2b: Kingambit\n|-hint|Since gen 7, Dark is immune to Prankster moves.\n|-immune|p2b: Kingambit\n|move|p2a: Sneasler|Dire Claw|p1a: Whimsicott\n|-supereffective|p1a: Whimsicott|2\n|-enditem|p1a: Whimsicott|Focus Sash\n|-damage|p1a: Whimsicott|1/100\n|move|p2b: Kingambit|Kowtow Cleave|p1a: Whimsicott\n|-resisted|p1a: Whimsicott|1\n|-damage|p1a: Whimsicott|0 fnt\n|faint|p1a: Whimsicott\n|\n|-damage|p1b: Azumarill|89/100 brn|[from] brn\n|upkeep\n|turn|7\n|\n|t:|1776548191\n|move|p1b: Azumarill|Aqua Jet|p2b: Kingambit\n|-damage|p2b: Kingambit|68/100\n|move|p2a: Sneasler|Dire Claw|p1b: Azumarill\n|-supereffective|p1b: Azumarill|1\n|-damage|p1b: Azumarill|10/100 brn\n|-enditem|p1b: Azumarill|Sitrus Berry|[eat]\n|-heal|p1b: Azumarill|35/100 brn|[from] item: Sitrus Berry\n|move|p2b: Kingambit|Kowtow Cleave|p1b: Azumarill\n|-resisted|p1b: Azumarill|1\n|-damage|p1b: Azumarill|0 fnt\n|faint|p1b: Azumarill\n|\n|win|Randomzonks\n|raw|Warehouse User's rating: 1042 &rarr; <strong>1026</strong><br />(-16 for losing)\n|raw|Randomzonks's rating: 1057 &rarr; <strong>1087</strong><br />(+30 for winning)\n",
  "uploadtime": 1776548196,
  "views": 11,
  "formatid": "gen9championsvgc2026regma",
  "rating": 1026,
  "private": 0,
  "password": null
}