{
  "id": "gen9championsvgc2026regma-2588434785",
  "format": "[Gen 9 Champions] VGC 2026 Reg M-A",
  "players": [
    "BestPessoa",
    "busterbunner"
  ],
  "log": "|j|\u2606BestPessoa\n|j|\u2606busterbunner\n|t:|1776633247\n|gametype|doubles\n|player|p1|BestPessoa|cynthia-gen4|1367\n|player|p2|busterbunner|grimsley|1381\n|gen|9\n|tier|[Gen 9 Champions] VGC 2026 Reg M-A\n|rated|\n|rule|Species Clause: Limit one of each Pok\u00e9mon\n|rule|Item Clause: Limit 1 of each item\n|clearpoke\n|poke|p1|Sneasler, L50, F|\n|poke|p1|Politoed, L50, F|\n|poke|p1|Farigiraf, L50, F|\n|poke|p1|Skarmory, L50, F|\n|poke|p1|Feraligatr, L50, M|\n|poke|p1|Sableye, L50, F|\n|poke|p2|Farigiraf, L50, M|\n|poke|p2|Golurk, L50|\n|poke|p2|Pelipper, L50, M|\n|poke|p2|Kingambit, L50, M|\n|poke|p2|Gardevoir, L50, F|\n|poke|p2|Incineroar, L50, F|\n|teampreview|4\n|inactive|Battle timer is ON: inactive players will automatically lose when time's up. (requested by busterbunner)\n|inactive|BestPessoa has 60 seconds left.\n|\n|t:|1776633296\n|teamsize|p1|4\n|teamsize|p2|4\n|start\n|switch|p1a: Farigiraf|Farigiraf, L50, F|100/100\n|switch|p1b: Feraligatr|Feraligatr, L50, M|100/100\n|switch|p2a: Incineroar|Incineroar, L50, F|100/100\n|switch|p2b: Gardevoir|Gardevoir, L50, F|100/100\n|-ability|p2b: Gardevoir|Torrent|Trace|[from] ability: Trace|[of] p1b: Feraligatr\n|-ability|p2a: Incineroar|Intimidate|boost\n|-unboost|p1a: Farigiraf|atk|1\n|-unboost|p1b: Feraligatr|atk|1\n|turn|1\n|inactive|BestPessoa has 30 seconds left.\n|\n|t:|1776633328\n|detailschange|p2b: Gardevoir|Gardevoir-Mega, L50, F\n|-mega|p2b: Gardevoir|Gardevoir|Gardevoirite\n|move|p1a: Farigiraf|Protect|p1a: Farigiraf\n|-singleturn|p1a: Farigiraf|Protect\n|move|p1b: Feraligatr|Dragon Dance|p1b: Feraligatr\n|-boost|p1b: Feraligatr|atk|1\n|-boost|p1b: Feraligatr|spe|1\n|move|p2b: Gardevoir|Hyper Voice|p1a: Farigiraf|[spread] p1b\n|-activate|p1a: Farigiraf|move: Protect\n|-damage|p1b: Feraligatr|44/100\n|move|p2a: Incineroar|Parting Shot|p1b: Feraligatr\n|-unboost|p1b: Feraligatr|atk|1\n|-unboost|p1b: Feraligatr|spa|1\n|\n|t:|1776633339\n|switch|p2a: Farigiraf|Farigiraf, L50, M|100/100|[from] Parting Shot\n|\n|upkeep\n|turn|2\n|\n|t:|1776633355\n|switch|p1b: Politoed|Politoed, L50, F|100/100\n|-weather|RainDance|[from] ability: Drizzle|[of] p1b: Politoed\n|move|p2b: Gardevoir|Hyper Voice|p1a: Farigiraf|[spread] p1a,p1b\n|-damage|p1a: Farigiraf|58/100\n|-damage|p1b: Politoed|64/100\n|move|p1a: Farigiraf|Imprison|p1a: Farigiraf\n|-start|p1a: Farigiraf|move: Imprison\n|cant|p2a: Farigiraf|move: Imprison|Hyper Voice\n|\n|-weather|RainDance|[upkeep]\n|-heal|p1b: Politoed|70/100|[from] item: Leftovers\n|upkeep\n|turn|3\n|inactive|BestPessoa has 30 seconds left.\n|inactive|busterbunner has 30 seconds left.\n|\n|t:|1776633386\n|move|p2b: Gardevoir|Psychic|p1b: Politoed\n|-damage|p1b: Politoed|25/100\n|move|p1b: Politoed|Encore||[still]\n|-fail|p1b: Politoed\n|move|p1a: Farigiraf|Hyper Voice|p2a: Farigiraf|[spread] p2a,p2b\n|-damage|p2a: Farigiraf|79/100\n|-damage|p2b: Gardevoir|82/100\n|move|p2a: Farigiraf|Psychic|p1b: Politoed\n|-damage|p1b: Politoed|0 fnt\n|faint|p1b: Politoed\n|\n|-weather|RainDance|[upkeep]\n|upkeep\n|\n|t:|1776633399\n|switch|p1b: Sneasler|Sneasler, L50, F|100/100\n|turn|4\n|\n|t:|1776633408\n|switch|p2b: Incineroar|Incineroar, L50, F|100/100\n|-ability|p2b: Incineroar|Intimidate|boost\n|-unboost|p1a: Farigiraf|atk|1\n|-unboost|p1b: Sneasler|atk|1\n|move|p1b: Sneasler|Dire Claw|p2b: Incineroar\n|-damage|p2b: Incineroar|76/100\n|move|p1a: Farigiraf|Hyper Voice|p2a: Farigiraf|[spread] p2a,p2b\n|-damage|p2a: Farigiraf|60/100\n|-damage|p2b: Incineroar|53/100\n|move|p2a: Farigiraf|Psychic|p1b: Sneasler\n|-supereffective|p1b: Sneasler|2\n|-enditem|p1b: Sneasler|Focus Sash\n|-damage|p1b: Sneasler|1/100\n|\n|-weather|RainDance|[upkeep]\n|upkeep\n|turn|5\n|inactive|busterbunner has 30 seconds left.\n|inactive|busterbunner has 20 seconds left.\n|\n|t:|1776633444\n|switch|p2b: Gardevoir|Gardevoir-Mega, L50, F|82/100\n|move|p1b: Sneasler|Protect|p1b: Sneasler\n|-singleturn|p1b: Sneasler|Protect\n|move|p1a: Farigiraf|Hyper Voice|p2b: Gardevoir|[spread] p2a,p2b\n|-damage|p2a: Farigiraf|37/100\n|-damage|p2b: Gardevoir|65/100\n|-enditem|p2a: Farigiraf|Sitrus Berry|[eat]\n|-heal|p2a: Farigiraf|62/100|[from] item: Sitrus Berry\n|move|p2a: Farigiraf|Psychic|p1b: Sneasler\n|-activate|p1b: Sneasler|move: Protect\n|\n|-weather|RainDance|[upkeep]\n|upkeep\n|turn|6\n|\n|t:|1776633463\n|switch|p2b: Incineroar|Incineroar, L50, F|53/100\n|-ability|p2b: Incineroar|Intimidate|boost\n|-unboost|p1a: Farigiraf|atk|1\n|-unboost|p1b: Sneasler|atk|1\n|move|p1b: Sneasler|Dire Claw|p2b: Incineroar\n|-damage|p2b: Incineroar|35/100\n|move|p2a: Farigiraf|Psychic|p1a: Farigiraf\n|-resisted|p1a: Farigiraf|1\n|-damage|p1a: Farigiraf|41/100\n|-enditem|p1a: Farigiraf|Sitrus Berry|[eat]\n|-heal|p1a: Farigiraf|66/100|[from] item: Sitrus Berry\n|move|p1a: Farigiraf|Hyper Voice|p2b: Incineroar|[spread] p2a,p2b\n|-damage|p2a: Farigiraf|40/100\n|-damage|p2b: Incineroar|10/100\n|\n|-weather|none\n|upkeep\n|turn|7\n|\n|t:|1776633483\n|move|p1b: Sneasler|Dire Claw|p2a: Farigiraf\n|-damage|p2a: Farigiraf|22/100\n|move|p2b: Incineroar|Flare Blitz|p1a: Farigiraf\n|-damage|p1a: Farigiraf|23/100\n|-damage|p2b: Incineroar|0 fnt|[from] Recoil\n|faint|p2b: Incineroar\n|move|p1a: Farigiraf|Hyper Voice|p2a: Farigiraf\n|-damage|p2a: Farigiraf|0 fnt\n|faint|p2a: Farigiraf\n|\n|upkeep\n|\n|t:|1776633490\n|switch|p2a: Kingambit|Kingambit, L50, M|100/100\n|switch|p2b: Gardevoir|Gardevoir-Mega, L50, F|65/100\n|turn|8\n|inactive|BestPessoa has 30 seconds left.\n|\n|t:|1776633518\n|move|p1a: Farigiraf|Protect|p1a: Farigiraf\n|-singleturn|p1a: Farigiraf|Protect\n|move|p1b: Sneasler|Dire Claw|p2b: Gardevoir\n|-supereffective|p2b: Gardevoir|1\n|-damage|p2b: Gardevoir|20/100\n|move|p2b: Gardevoir|Psychic|p1a: Farigiraf\n|-activate|p1a: Farigiraf|move: Protect\n|move|p2a: Kingambit|Kowtow Cleave|p1b: Sneasler\n|-resisted|p1b: Sneasler|1\n|-damage|p1b: Sneasler|0 fnt\n|faint|p1b: Sneasler\n|\n|upkeep\n|\n|t:|1776633530\n|switch|p1b: Feraligatr|Feraligatr, L50, M|44/100\n|turn|9\n|inactive|BestPessoa has 30 seconds left.\n|inactive|BestPessoa has 20 seconds left.\n|\n|t:|1776633566\n|detailschange|p1b: Feraligatr|Feraligatr-Mega, L50, M\n|-mega|p1b: Feraligatr|Feraligatr|Feraligite\n|move|p1b: Feraligatr|Liquidation|p2a: Kingambit\n|-damage|p2a: Kingambit|67/100\n|-unboost|p2a: Kingambit|def|1\n|-ability|p2a: Kingambit|Defiant|boost\n|-boost|p2a: Kingambit|atk|2\n|move|p2b: Gardevoir|Psychic|p1b: Feraligatr\n|-damage|p1b: Feraligatr|0 fnt\n|faint|p1b: Feraligatr\n|move|p1a: Farigiraf|Hyper Voice|p2a: Kingambit|[spread] p2a,p2b\n|-resisted|p2a: Kingambit|1\n|-damage|p2a: Kingambit|56/100\n|-damage|p2b: Gardevoir|0 fnt\n|faint|p2b: Gardevoir\n|move|p2a: Kingambit|Kowtow Cleave|p1a: Farigiraf\n|-supereffective|p1a: Farigiraf|1\n|-damage|p1a: Farigiraf|0 fnt\n|faint|p1a: Farigiraf\n|\n|win|busterbunner\n|raw|BestPessoa's rating: 1367 &rarr; <strong>1348</strong><br />(-19 for losing)\n|raw|busterbunner's rating: 1381 &rarr; <strong>1400</strong><br />(+19 for winning)\n|l|\u2606BestPessoa\n|player|p1|\n",
  "uploadtime": 1776633589,
  "views": 12,
  "formatid": "gen9championsvgc2026regma",
  "rating": 1348,
  "private": 0,
  "password": null
}