{
  "id": "gen9championsvgc2026regma-2582156900",
  "format": "[Gen 9 Champions] VGC 2026 Reg M-A",
  "players": [
    "lerry27",
    "Holibrand"
  ],
  "log": "|j|\u2606lerry27\n|j|\u2606Holibrand\n|t:|1776065292\n|gametype|doubles\n|player|p1|lerry27|169|1101\n|player|p2|Holibrand|pokemonbreeder-gen4|1165\n|gen|9\n|tier|[Gen 9 Champions] VGC 2026 Reg M-A\n|rated|\n|rule|Species Clause: Limit one of each Pok\u00e9mon\n|rule|Item Clause: Limit 1 of each item\n|clearpoke\n|poke|p1|Gengar, L50, M|\n|poke|p1|Palafin, L50, F|\n|poke|p1|Dragonite, L50, M|\n|poke|p1|Pelipper, L50, F|\n|poke|p1|Archaludon, L50, F|\n|poke|p1|Farigiraf, L50, M|\n|poke|p2|Gyarados, L50, F|\n|poke|p2|Milotic, L50, F|\n|poke|p2|Tyranitar, L50, M|\n|poke|p2|Excadrill, L50, F|\n|poke|p2|Sinistcha, L50|\n|poke|p2|Sneasler, L50, M|\n|teampreview|4\n|inactive|Battle timer is ON: inactive players will automatically lose when time's up. (requested by Holibrand)\nlerry27 has agreed to open team sheets.\n|inactive|lerry27 has 60 seconds left.\n|inactive|Holibrand has 60 seconds left.\n|\n|t:|1776065337\n|teamsize|p1|4\n|teamsize|p2|4\n|start\n|switch|p1a: Palafin|Palafin, L50, F|100/100\n|switch|p1b: Archaludon|Archaludon, L50, F|100/100\n|switch|p2a: Sneasler|Sneasler, L50, M|100/100\n|switch|p2b: Sinistcha|Sinistcha, L50|100/100\n|turn|1\n|\n|t:|1776065358\n|move|p1b: Archaludon|Protect|p1b: Archaludon\n|-singleturn|p1b: Archaludon|Protect\n|move|p2a: Sneasler|Close Combat|p1a: Palafin\n|-damage|p1a: Palafin|26/100\n|-unboost|p2a: Sneasler|def|1\n|-unboost|p2a: Sneasler|spd|1\n|-enditem|p2a: Sneasler|White Herb\n|-clearnegativeboost|p2a: Sneasler|[silent]\n|move|p1a: Palafin|Flip Turn|p2b: Sinistcha\n|-resisted|p2b: Sinistcha|1\n|-damage|p2b: Sinistcha|86/100\n|\n|t:|1776065364\n|detailschange|p1a: Palafin|Palafin-Hero, L50, F\n|switch|p1a: Pelipper|Pelipper, L50, F|100/100|[from] Flip Turn\n|-weather|RainDance|[from] ability: Drizzle|[of] p1a: Pelipper\n|move|p2b: Sinistcha|Shadow Ball|p1b: Archaludon\n|-activate|p1b: Archaludon|move: Protect\n|\n|-weather|RainDance|[upkeep]\n|upkeep\n|turn|2\n|\n|t:|1776065382\n|switch|p1b: Dragonite|Dragonite, L50, M|100/100\n|switch|p2b: Tyranitar|Tyranitar, L50, M, shiny|100/100\n|-weather|Sandstorm|[from] ability: Sand Stream|[of] p2b: Tyranitar\n|move|p2a: Sneasler|Coaching|p2b: Tyranitar\n|-boost|p2b: Tyranitar|atk|1\n|-boost|p2b: Tyranitar|def|1\n|move|p1a: Pelipper|Hurricane|p2a: Sneasler\n|-supereffective|p2a: Sneasler|1\n|-damage|p2a: Sneasler|0 fnt\n|faint|p2a: Sneasler\n|\n|-weather|Sandstorm|[upkeep]\n|-damage|p1b: Dragonite|95/100|[from] Sandstorm\n|-damage|p1a: Pelipper|95/100|[from] Sandstorm\n|upkeep\n|\n|t:|1776065399\n|switch|p2a: Excadrill|Excadrill, L50, F|100/100\n|turn|3\n|\n|t:|1776065410\n|switch|p1a: Archaludon|Archaludon, L50, F|100/100\n|detailschange|p1b: Dragonite|Dragonite-Mega, L50, M\n|-mega|p1b: Dragonite|Dragonite|Dragoninite\n|move|p2a: Excadrill|Iron Head|p1b: Dragonite\n|-damage|p1b: Dragonite|53/100\n|move|p1b: Dragonite|Draco Meteor|p2b: Tyranitar|[miss]\n|-miss|p1b: Dragonite|p2b: Tyranitar\n|move|p2b: Tyranitar|Dragon Dance|p2b: Tyranitar\n|-boost|p2b: Tyranitar|atk|1\n|-boost|p2b: Tyranitar|spe|1\n|\n|-weather|Sandstorm|[upkeep]\n|-damage|p1b: Dragonite|48/100|[from] Sandstorm\n|upkeep\n|turn|4\n|inactive|lerry27 has 30 seconds left.\n|inactive|Holibrand has 30 seconds left.\n|\n|t:|1776065440\n|detailschange|p2b: Tyranitar|Tyranitar-Mega, L50, M, shiny\n|-mega|p2b: Tyranitar|Tyranitar|Tyranitarite\n|move|p2a: Excadrill|Rock Slide|p1b: Dragonite|[spread] p1b\n|-miss|p2a: Excadrill|p1a: Archaludon\n|-supereffective|p1b: Dragonite|1\n|-damage|p1b: Dragonite|1/100\n|move|p2b: Tyranitar|Knock Off|p1a: Archaludon\n|-damage|p1a: Archaludon|15/100\n|-ability|p1a: Archaludon|Stamina|boost\n|-boost|p1a: Archaludon|def|1\n|-enditem|p1a: Archaludon|White Herb|[from] move: Knock Off|[of] p2b: Tyranitar\n|cant|p1b: Dragonite|flinch\n|move|p1a: Archaludon|Draco Meteor|p2b: Tyranitar\n|-damage|p2b: Tyranitar|68/100\n|-unboost|p1a: Archaludon|spa|2\n|\n|-weather|Sandstorm|[upkeep]\n|-damage|p1b: Dragonite|0 fnt|[from] Sandstorm\n|faint|p1b: Dragonite\n|upkeep\n|\n|t:|1776065463\n|switch|p1b: Palafin|Palafin-Hero, L50, F|26/100\n|-activate|p1b: Palafin|ability: Zero to Hero\n|turn|5\n|\n|t:|1776065472\n|switch|p1a: Pelipper|Pelipper, L50, F|95/100\n|-weather|RainDance|[from] ability: Drizzle|[of] p1a: Pelipper\n|move|p1b: Palafin|Jet Punch|p2b: Tyranitar\n|-supereffective|p2b: Tyranitar|1\n|-damage|p2b: Tyranitar|9/100\n|move|p2b: Tyranitar|Knock Off|p1a: Pelipper\n|-damage|p1a: Pelipper|0 fnt\n|-enditem|p1a: Pelipper|Focus Sash|[from] move: Knock Off|[of] p2b: Tyranitar\n|faint|p1a: Pelipper\n|move|p2a: Excadrill|Rock Slide|p1b: Palafin|[miss]\n|-miss|p2a: Excadrill|p1b: Palafin\n|\n|-weather|RainDance|[upkeep]\n|upkeep\n|\n|t:|1776065482\n|switch|p1a: Archaludon|Archaludon, L50, F|15/100\n|turn|6\n|\n|t:|1776065491\n|switch|p2b: Sinistcha|Sinistcha, L50|86/100\n|move|p1b: Palafin|Jet Punch|p2b: Sinistcha\n|-resisted|p2b: Sinistcha|1\n|-crit|p2b: Sinistcha\n|-damage|p2b: Sinistcha|29/100\n|move|p2a: Excadrill|Earthquake|p1b: Palafin|[spread] p2b,p1a,p1b\n|-resisted|p2b: Sinistcha|1\n|-supereffective|p1a: Archaludon|1\n|-damage|p2b: Sinistcha|7/100\n|-damage|p1a: Archaludon|0 fnt\n|-damage|p1b: Palafin|0 fnt\n|faint|p1a: Archaludon\n|faint|p1b: Palafin\n|\n|win|Holibrand\n|raw|lerry27's rating: 1101 &rarr; <strong>1081</strong><br />(-20 for losing)\n|raw|Holibrand's rating: 1165 &rarr; <strong>1185</strong><br />(+20 for winning)\n|l|\u2606lerry27\n|player|p1|\n",
  "uploadtime": 1776065509,
  "views": 11,
  "formatid": "gen9championsvgc2026regma",
  "rating": 1081,
  "private": 0,
  "password": null
}