{
  "id": "gen9championsvgc2026regma-2586474224",
  "format": "[Gen 9 Champions] VGC 2026 Reg M-A",
  "players": [
    "michaelolisemessi",
    "rainman2561$"
  ],
  "log": "|j|\u2606michaelolisemessi\n|j|\u2606rainman2561$\n|t:|1776437169\n|gametype|doubles\n|player|p1|michaelolisemessi|265|1037\n|player|p2|rainman2561$|volkner|1129\n|gen|9\n|tier|[Gen 9 Champions] VGC 2026 Reg M-A\n|rated|\n|rule|Species Clause: Limit one of each Pok\u00e9mon\n|rule|Item Clause: Limit 1 of each item\n|clearpoke\n|poke|p1|Gengar, L50, F|\n|poke|p1|Incineroar, L50, F|\n|poke|p1|Polteageist-Antique, L50|\n|poke|p1|Milotic, L50, F|\n|poke|p1|Aegislash, L50, M|\n|poke|p1|Cofagrigus, L50, M|\n|poke|p2|Golurk, L50|\n|poke|p2|Kingambit, L50, M|\n|poke|p2|Drampa, L50, M|\n|poke|p2|Farigiraf, L50, F|\n|poke|p2|Torkoal, L50, M|\n|poke|p2|Slowbro, L50, M|\n|teampreview|4\n|\n|t:|1776437217\n|teamsize|p1|4\n|teamsize|p2|4\n|start\n|switch|p1a: Gengar|Gengar, L50, F, shiny|100/100\n|switch|p1b: garfield|Incineroar, L50, F, shiny|100/100\n|switch|p2a: Farigiraf|Farigiraf, L50, F|100/100\n|switch|p2b: Drampa|Drampa, L50, M|100/100\n|turn|1\n|\n|t:|1776437243\n|detailschange|p1a: Gengar|Gengar-Mega, L50, F, shiny\n|-mega|p1a: Gengar|Gengar|Gengarite\n|move|p2a: Farigiraf|Protect|p2a: Farigiraf\n|-singleturn|p2a: Farigiraf|Protect\n|move|p1a: Gengar|Perish Song|p1a: Gengar\n|-start|p1a: Gengar|perish3|[silent]\n|-start|p1b: garfield|perish3|[silent]\n|-start|p2a: Farigiraf|perish3|[silent]\n|-start|p2b: Drampa|perish3|[silent]\n|-fieldactivate|move: Perish Song\n|move|p1b: garfield|Parting Shot|p2b: Drampa\n|-unboost|p2b: Drampa|atk|1\n|-unboost|p2b: Drampa|spa|1\n|\n|t:|1776437257\n|switch|p1b: Milotic|Milotic, L50, F, shiny|100/100|[from] Parting Shot\n|move|p2b: Drampa|Dragon Pulse|p1a: Gengar\n|-damage|p1a: Gengar|60/100\n|\n|-start|p1a: Gengar|perish3\n|-start|p2a: Farigiraf|perish3\n|-start|p2b: Drampa|perish3\n|upkeep\n|turn|2\n|\n|t:|1776437277\n|detailschange|p2b: Drampa|Drampa-Mega, L50, M\n|-mega|p2b: Drampa|Drampa|Drampanite\n|move|p2a: Farigiraf|Helping Hand|p2b: Drampa\n|-singleturn|p2b: Drampa|Helping Hand|[of] p2a: Farigiraf\n|move|p1a: Gengar|Protect|p1a: Gengar\n|-singleturn|p1a: Gengar|Protect\n|move|p1b: Milotic|Light Screen|p1b: Milotic\n|-sidestart|p1: michaelolisemessi|move: Light Screen\n|move|p2b: Drampa|Dragon Pulse|p1b: Milotic\n|-damage|p1b: Milotic|79/100\n|\n|-start|p1a: Gengar|perish2\n|-start|p2a: Farigiraf|perish2\n|-start|p2b: Drampa|perish2\n|upkeep\n|turn|3\n|\n|t:|1776437308\n|move|p2a: Farigiraf|Helping Hand|p2b: Drampa\n|-singleturn|p2b: Drampa|Helping Hand|[of] p2a: Farigiraf\n|move|p1a: Gengar|Gunk Shot|p2a: Farigiraf\n|-damage|p2a: Farigiraf|75/100\n|-status|p2a: Farigiraf|psn\n|move|p1b: Milotic|Life Dew|p1b: Milotic|[spread] p1a,p1b\n|-heal|p1a: Gengar|86/100\n|-heal|p1b: Milotic|100/100\n|move|p2b: Drampa|Dragon Pulse|p1a: Gengar\n|-damage|p1a: Gengar|42/100\n|\n|-damage|p2a: Farigiraf|63/100 psn|[from] psn\n|-start|p1a: Gengar|perish1\n|-start|p2a: Farigiraf|perish1\n|-start|p2b: Drampa|perish1\n|upkeep\n|turn|4\n|\n|t:|1776437337\n|switch|p1a: garfield|Incineroar, L50, F, shiny|100/100\n|move|p1b: Milotic|Protect|p1b: Milotic\n|-singleturn|p1b: Milotic|Protect\n|move|p2b: Drampa|Dragon Pulse|p1a: garfield\n|-damage|p1a: garfield|77/100\n|move|p2a: Farigiraf|Trick Room|p2a: Farigiraf\n|-fieldstart|move: Trick Room|[of] p2a: Farigiraf\n|\n|-heal|p1a: garfield|83/100|[from] item: Leftovers\n|-damage|p2a: Farigiraf|51/100 psn|[from] psn\n|-start|p2b: Drampa|perish0\n|-start|p2a: Farigiraf|perish0\n|faint|p2b: Drampa\n|faint|p2a: Farigiraf\n|upkeep\n|\n|t:|1776437351\n|switch|p2b: Kingambit|Kingambit, L50, M|100/100\n|switch|p2a: Golurk|Golurk, L50|100/100\n|turn|5\n|\n|t:|1776437365\n|move|p2b: Kingambit|Kowtow Cleave|p1b: Milotic\n|-damage|p1b: Milotic|35/100\n|move|p2a: Golurk|Headlong Rush|p1a: garfield\n|-supereffective|p1a: garfield|1\n|-damage|p1a: garfield|0 fnt\n|-unboost|p2a: Golurk|def|1\n|-unboost|p2a: Golurk|spd|1\n|faint|p1a: garfield\n|move|p1b: Milotic|Life Dew|p1b: Milotic\n|-heal|p1b: Milotic|60/100\n|\n|upkeep\n|\n|t:|1776437378\n|switch|p1a: Gengar|Gengar-Mega, L50, F, shiny|42/100\n|turn|6\n|\n|t:|1776437412\n|move|p1a: Gengar|Protect|p1a: Gengar\n|-singleturn|p1a: Gengar|Protect\n|move|p2b: Kingambit|Kowtow Cleave|p1b: Milotic\n|-damage|p1b: Milotic|0 fnt\n|faint|p1b: Milotic\n|move|p2a: Golurk|Poltergeist|p1a: Gengar\n|-activate|p1a: Gengar|move: Protect\n|\n|-sideend|p1: michaelolisemessi|move: Light Screen\n|upkeep\n|\n|t:|1776437423\n|switch|p1b: Aegislash|Aegislash, L50, M, shiny|100/100\n|turn|7\n|\n|t:|1776437439\n|move|p2b: Kingambit|Kowtow Cleave|p1a: Gengar\n|-supereffective|p1a: Gengar|1\n|-damage|p1a: Gengar|0 fnt\n|faint|p1a: Gengar\n|move|p2a: Golurk|Poltergeist|p1b: Aegislash\n|-activate|p1b: Aegislash|move: Poltergeist|Bright Powder\n|-supereffective|p1b: Aegislash|1\n|-crit|p1b: Aegislash\n|-damage|p1b: Aegislash|0 fnt\n|faint|p1b: Aegislash\n|\n|win|rainman2561$\n|raw|michaelolisemessi's rating: 1037 &rarr; <strong>1025</strong><br />(-12 for losing)\n|raw|rainman2561$'s rating: 1129 &rarr; <strong>1148</strong><br />(+19 for winning)\n|l|\u2606michaelolisemessi\n|player|p1|\n|c|\u2606rainman2561$|nice Parish song GG\n",
  "uploadtime": 1776437477,
  "views": 23,
  "formatid": "gen9championsvgc2026regma",
  "rating": 1025,
  "private": 0,
  "password": null
}