{
  "id": "gen9championsvgc2026regma-2582697122",
  "format": "[Gen 9 Champions] VGC 2026 Reg M-A",
  "players": [
    "yuriimon",
    "hctr_02"
  ],
  "log": "|j|\u2606yuriimon\n|j|\u2606hctr_02\n|t:|1776107957\n|gametype|doubles\n|player|p1|yuriimon|waitress-gen4|1107\n|player|p2|hctr_02|smasher|1023\n|gen|9\n|tier|[Gen 9 Champions] VGC 2026 Reg M-A\n|rated|\n|rule|Species Clause: Limit one of each Pok\u00e9mon\n|rule|Item Clause: Limit 1 of each item\n|clearpoke\n|poke|p1|Feraligatr, L50, M|\n|poke|p1|Aerodactyl, L50, F|\n|poke|p1|Sneasler, L50, F|\n|poke|p1|Mimikyu, L50, F|\n|poke|p1|Camerupt, L50, M|\n|poke|p1|Kingambit, L50, M|\n|poke|p2|Meganium, L50, F|\n|poke|p2|Pelipper, L50, M|\n|poke|p2|Archaludon, L50, M|\n|poke|p2|Basculegion, L50, M|\n|poke|p2|Incineroar, L50, M|\n|poke|p2|Maushold, L50|\n|teampreview|4\n|inactive|Battle timer is ON: inactive players will automatically lose when time's up. (requested by yuriimon)\n|\n|t:|1776107982\n|teamsize|p1|4\n|teamsize|p2|4\n|start\n|switch|p1a: Sneasler|Sneasler, L50, F|100/100\n|switch|p1b: Mimikyu|Mimikyu, L50, F|100/100\n|switch|p2a: Meganium|Meganium, L50, F, shiny|100/100\n|switch|p2b: Pelipper|Pelipper, L50, M|100/100\n|-weather|RainDance|[from] ability: Drizzle|[of] p2b: Pelipper\n|turn|1\n|\n|t:|1776108005\n|move|p2a: Meganium|Protect|p2a: Meganium\n|-singleturn|p2a: Meganium|Protect\n|move|p1a: Sneasler|Dire Claw|p2a: Meganium\n|-activate|p2a: Meganium|move: Protect\n|move|p2b: Pelipper|Tailwind|p2b: Pelipper\n|-sidestart|p2: hctr_02|move: Tailwind\n|move|p1b: Mimikyu|Trick Room|p1b: Mimikyu\n|-fieldstart|move: Trick Room|[of] p1b: Mimikyu\n|\n|-weather|RainDance|[upkeep]\n|upkeep\n|turn|2\n|inactive|hctr_02 has 30 seconds left.\n|inactive|hctr_02 has 20 seconds left.\n|\n|t:|1776108041\n|switch|p2a: Archaludon|Archaludon, L50, M|100/100\n|move|p1b: Mimikyu|Sunny Day|p1b: Mimikyu\n|-weather|SunnyDay\n|move|p1a: Sneasler|Dire Claw|p2a: Archaludon\n|-immune|p2a: Archaludon\n|move|p2b: Pelipper|Hurricane|p1a: Sneasler\n|-supereffective|p1a: Sneasler|1\n|-enditem|p1a: Sneasler|Focus Sash\n|-damage|p1a: Sneasler|1/100\n|\n|-weather|SunnyDay|[upkeep]\n|upkeep\n|turn|3\n|inactive|hctr_02 has 30 seconds left.\n|inactive|hctr_02 has 20 seconds left.\n|\n|t:|1776108078\n|switch|p1b: Camerupt|Camerupt, L50, M|100/100\n|move|p2a: Archaludon|Flash Cannon|p1b: Camerupt\n|-resisted|p1b: Camerupt|1\n|-damage|p1b: Camerupt|72/100\n|move|p2b: Pelipper|Weather Ball|p1a: Sneasler\n|-damage|p1a: Sneasler|0 fnt\n|faint|p1a: Sneasler\n|\n|-weather|SunnyDay|[upkeep]\n|upkeep\n|\n|t:|1776108086\n|switch|p1a: Kingambit|Kingambit, L50, M|100/100\n|turn|4\n|\n|t:|1776108102\n|switch|p2b: Incineroar|Incineroar, L50, M|100/100\n|-ability|p2b: Incineroar|Intimidate|boost\n|-unboost|p1a: Kingambit|atk|1\n|-ability|p1a: Kingambit|Defiant|boost\n|-boost|p1a: Kingambit|atk|2\n|-unboost|p1b: Camerupt|atk|1\n|detailschange|p1b: Camerupt|Camerupt-Mega, L50, M\n|-mega|p1b: Camerupt|Camerupt|Cameruptite\n|move|p2a: Archaludon|Protect|p2a: Archaludon\n|-singleturn|p2a: Archaludon|Protect\n|move|p1b: Camerupt|Earth Power|p2a: Archaludon\n|-activate|p2a: Archaludon|move: Protect\n|move|p1a: Kingambit|Swords Dance|p1a: Kingambit\n|-boost|p1a: Kingambit|atk|2\n|\n|-weather|SunnyDay|[upkeep]\n|-sideend|p2: hctr_02|move: Tailwind\n|upkeep\n|turn|5\n|inactive|yuriimon has 30 seconds left.\n|inactive|hctr_02 has 30 seconds left.\n|inactive|yuriimon has 20 seconds left.\n|inactive|hctr_02 has 20 seconds left.\n|\n|t:|1776108140\n|switch|p2a: Pelipper|Pelipper, L50, M|100/100\n|-weather|RainDance|[from] ability: Drizzle|[of] p2a: Pelipper\n|move|p1b: Camerupt|Protect|p1b: Camerupt\n|-singleturn|p1b: Camerupt|Protect\n|move|p2b: Incineroar|Fake Out|p1a: Kingambit\n|-resisted|p1a: Kingambit|1\n|-damage|p1a: Kingambit|97/100\n|cant|p1a: Kingambit|flinch\n|\n|-weather|RainDance|[upkeep]\n|-fieldend|move: Trick Room\n|upkeep\n|turn|6\n|inactive|hctr_02 has 30 seconds left.\n|inactive|hctr_02 has 20 seconds left.\n|inactive|hctr_02 has 15 seconds left.\n|inactive|hctr_02 has 10 seconds left.\n|inactive|hctr_02 has 5 seconds left.\n|\n|t:|1776108195\n|switch|p1b: Mimikyu|Mimikyu, L50, F|100/100\n|move|p2a: Pelipper|Weather Ball|p1b: Mimikyu\n|-activate|p1b: Mimikyu|ability: Disguise\n|-damage|p1b: Mimikyu|100/100\n|detailschange|p1b: Mimikyu|Mimikyu-Busted, L50, F\n|-damage|p1b: Mimikyu|88/100|[from] pokemon: Mimikyu-Busted\n|move|p2b: Incineroar|Parting Shot|p1a: Kingambit\n|-unboost|p1a: Kingambit|atk|1\n|-ability|p1a: Kingambit|Defiant|boost\n|-boost|p1a: Kingambit|atk|2\n|-unboost|p1a: Kingambit|spa|1\n|-ability|p1a: Kingambit|Defiant|boost\n|-boost|p1a: Kingambit|atk|2\n|\n|t:|1776108213\n|switch|p2b: Meganium|Meganium, L50, F, shiny|100/100|[from] Parting Shot\n|move|p1a: Kingambit|Kowtow Cleave|p2a: Pelipper\n|-enditem|p2a: Pelipper|Focus Sash\n|-damage|p2a: Pelipper|1/100\n|\n|-weather|RainDance|[upkeep]\n|upkeep\n|turn|7\n|inactive|yuriimon has 30 seconds left.\n|inactive|hctr_02 has 30 seconds left.\n|\n|t:|1776108245\n|move|p2b: Meganium|Protect|p2b: Meganium\n|-singleturn|p2b: Meganium|Protect\n|move|p1b: Mimikyu|Shadow Sneak|p2a: Pelipper\n|-crit|p2a: Pelipper\n|-damage|p2a: Pelipper|0 fnt\n|faint|p2a: Pelipper\n|move|p1a: Kingambit|Sucker Punch||[still]\n|-fail|p1a: Kingambit\n|\n|-weather|RainDance|[upkeep]\n|upkeep\n|\n|t:|1776108256\n|switch|p2a: Archaludon|Archaludon, L50, M|100/100\n|turn|8\n|\n|t:|1776108278\n|switch|p2b: Incineroar|Incineroar, L50, M|100/100\n|-ability|p2b: Incineroar|Intimidate|boost\n|-unboost|p1a: Kingambit|atk|1\n|-ability|p1a: Kingambit|Defiant|boost\n|-boost|p1a: Kingambit|atk|1\n|-unboost|p1b: Mimikyu|atk|1\n|move|p1a: Kingambit|Sucker Punch|p2a: Archaludon\n|-crit|p2a: Archaludon\n|-damage|p2a: Archaludon|0 fnt\n|faint|p2a: Archaludon\n|move|p1b: Mimikyu|Trick Room|p1b: Mimikyu\n|-fieldstart|move: Trick Room|[of] p1b: Mimikyu\n|\n|-weather|RainDance|[upkeep]\n|upkeep\n|\n|t:|1776108295\n|switch|p2a: Meganium|Meganium, L50, F, shiny|100/100\n|turn|9\n|\n|t:|1776108320\n|detailschange|p2a: Meganium|Meganium-Mega, L50, F, shiny\n|-mega|p2a: Meganium|Meganium|Meganiumite\n|move|p1a: Kingambit|Sucker Punch|p2a: Meganium\n|-resisted|p2a: Meganium|1\n|-damage|p2a: Meganium|27/100\n|move|p2b: Incineroar|Flare Blitz|p1a: Kingambit\n|-supereffective|p1a: Kingambit|1\n|-damage|p1a: Kingambit|66/100\n|-damage|p2b: Incineroar|91/100|[from] Recoil\n|move|p1b: Mimikyu|Sunny Day|p1b: Mimikyu\n|-weather|SunnyDay\n|move|p2a: Meganium|Dazzling Gleam|p1a: Kingambit|[spread] p1a,p1b\n|-damage|p1a: Kingambit|25/100\n|-damage|p1b: Mimikyu|51/100\n|\n|-weather|SunnyDay|[upkeep]\n|upkeep\n|turn|10\n|inactive|hctr_02 has 30 seconds left.\n|inactive|yuriimon has 30 seconds left.\n|\n|t:|1776108359\n|switch|p1b: Camerupt|Camerupt-Mega, L50, M|72/100\n|move|p2a: Meganium|Protect|p2a: Meganium\n|-singleturn|p2a: Meganium|Protect\n|move|p1a: Kingambit|Iron Head|p2b: Incineroar\n|-resisted|p2b: Incineroar|1\n|-damage|p2b: Incineroar|0 fnt\n|faint|p2b: Incineroar\n|\n|-weather|SunnyDay|[upkeep]\n|upkeep\n|turn|11\n|-message|hctr_02 forfeited.\n|\n|win|yuriimon\n|raw|yuriimon's rating: 1107 &rarr; <strong>1126</strong><br />(+19 for winning)\n|raw|hctr_02's rating: 1023 &rarr; <strong>1013</strong><br />(-10 for losing)\n|l|\u2606hctr_02\n|player|p2|\n",
  "uploadtime": 1776108377,
  "views": 9,
  "formatid": "gen9championsvgc2026regma",
  "rating": 1013,
  "private": 0,
  "password": null
}