{
  "id": "gen9championsvgc2026regma-2585434270",
  "format": "[Gen 9 Champions] VGC 2026 Reg M-A",
  "players": [
    "endershovel",
    "spreckz"
  ],
  "log": "|j|\u2606endershovel\n|j|\u2606spreckz\n|t:|1776347035\n|gametype|doubles\n|player|p1|endershovel|266|1113\n|player|p2|spreckz|miku-ghost|1210\n|gen|9\n|tier|[Gen 9 Champions] VGC 2026 Reg M-A\n|rated|\n|rule|Species Clause: Limit one of each Pok\u00e9mon\n|rule|Item Clause: Limit 1 of each item\n|clearpoke\n|poke|p1|Starmie, L50|\n|poke|p1|Sneasler, L50, F|\n|poke|p1|Krookodile, L50, F|\n|poke|p1|Politoed, L50, F|\n|poke|p1|Talonflame, L50, M|\n|poke|p1|Raichu, L50, M|\n|poke|p2|Chesnaught, L50, M|\n|poke|p2|Drampa, L50, M|\n|poke|p2|Cofagrigus, L50, M|\n|poke|p2|Incineroar, L50, M|\n|poke|p2|Kingambit, L50, M|\n|poke|p2|Milotic, L50, F|\n|teampreview|4\n|\n|t:|1776347056\n|teamsize|p1|4\n|teamsize|p2|4\n|start\n|switch|p1a: Talonflame|Talonflame, L50, M|100/100\n|switch|p1b: Sneasler|Sneasler, L50, F|100/100\n|switch|p2a: Incineroar|Incineroar, L50, M|100/100\n|switch|p2b: Cofagrigus|Cofagrigus, L50, M, shiny|100/100\n|-ability|p2a: Incineroar|Intimidate|boost\n|-unboost|p1a: Talonflame|atk|1\n|-unboost|p1b: Sneasler|atk|1\n|-enditem|p1b: Sneasler|White Herb\n|-clearnegativeboost|p1b: Sneasler|[silent]\n|turn|1\n|\n|t:|1776347083\n|move|p1a: Talonflame|Quick Guard|p1a: Talonflame\n|-singleturn|p1a: Talonflame|Quick Guard\n|move|p2a: Incineroar|Fake Out|p1b: Sneasler\n|-activate|p1b: Sneasler|move: Quick Guard\n|move|p1b: Sneasler|Dire Claw|p2a: Incineroar\n|-damage|p2a: Incineroar|58/100\n|-status|p2a: Incineroar|psn\n|move|p2b: Cofagrigus|Trick Room|p2b: Cofagrigus\n|-fieldstart|move: Trick Room|[of] p2b: Cofagrigus\n|\n|-damage|p2a: Incineroar|46/100 psn|[from] psn\n|upkeep\n|turn|2\n|\n|t:|1776347108\n|move|p1a: Talonflame|Brave Bird|p2a: Incineroar\n|-damage|p2a: Incineroar|11/100 psn\n|-damage|p1a: Talonflame|85/100|[from] Recoil\n|move|p2b: Cofagrigus|Substitute|p2b: Cofagrigus\n|-start|p2b: Cofagrigus|Substitute\n|-damage|p2b: Cofagrigus|76/100\n|move|p2a: Incineroar|Parting Shot|p1b: Sneasler\n|-unboost|p1b: Sneasler|atk|1\n|-unboost|p1b: Sneasler|spa|1\n|\n|t:|1776347119\n|switch|p2a: Drampa|Drampa, L50, M, shiny|100/100|[from] Parting Shot\n|-ability|p2a: Drampa|Cloud Nine\n|move|p1b: Sneasler|Close Combat|p2a: Drampa\n|-supereffective|p2a: Drampa|1\n|-damage|p2a: Drampa|5/100\n|-unboost|p1b: Sneasler|def|1\n|-unboost|p1b: Sneasler|spd|1\n|\n|-heal|p2b: Cofagrigus|82/100|[from] item: Leftovers\n|upkeep\n|turn|3\n|\n|t:|1776347141\n|detailschange|p2a: Drampa|Drampa-Mega, L50, M, shiny\n|-mega|p2a: Drampa|Drampa|Drampanite\n|move|p2b: Cofagrigus|Dark Pulse|p1b: Sneasler\n|-resisted|p1b: Sneasler|1\n|-damage|p1b: Sneasler|84/100\n|move|p2a: Drampa|Hyper Voice|p1b: Sneasler|[spread] p1a,p1b\n|-damage|p1a: Talonflame|20/100\n|-damage|p1b: Sneasler|7/100\n|move|p1a: Talonflame|Brave Bird|p2b: Cofagrigus\n|-end|p2b: Cofagrigus|Substitute\n|-damage|p1a: Talonflame|11/100|[from] Recoil|[of] p2b: Cofagrigus\n|move|p1b: Sneasler|Dire Claw|p2b: Cofagrigus\n|-resisted|p2b: Cofagrigus|1\n|-damage|p2b: Cofagrigus|71/100\n|-status|p2b: Cofagrigus|slp\n|-activate|p2b: Cofagrigus|ability: Mummy|p1b: Sneasler|[ability] Unburden\n|\n|-heal|p2b: Cofagrigus|77/100 slp|[from] item: Leftovers\n|upkeep\n|turn|4\n|\n|t:|1776347166\n|cant|p2b: Cofagrigus|slp\n|move|p2a: Drampa|Hyper Voice|p1b: Sneasler|[spread] p1a,p1b\n|-damage|p1a: Talonflame|0 fnt\n|-damage|p1b: Sneasler|0 fnt\n|faint|p1a: Talonflame\n|faint|p1b: Sneasler\n|\n|-heal|p2b: Cofagrigus|83/100 slp|[from] item: Leftovers\n|upkeep\n|\n|t:|1776347176\n|switch|p1b: Raichu|Raichu, L50, M|100/100\n|switch|p1a: Starmie|Starmie, L50|100/100\n|turn|5\n|\n|t:|1776347193\n|detailschange|p1a: Starmie|Starmie-Mega, L50\n|-mega|p1a: Starmie|Starmie|Starminite\n|move|p1b: Raichu|Fake Out|p2a: Drampa\n|-damage|p2a: Drampa|0 fnt\n|faint|p2a: Drampa\n|cant|p2b: Cofagrigus|slp\n|move|p1a: Starmie|Liquidation|p2b: Cofagrigus\n|-damage|p2b: Cofagrigus|24/100 slp\n|-activate|p2b: Cofagrigus|ability: Mummy|p1a: Starmie|[ability] Huge Power\n|\n|-heal|p2b: Cofagrigus|30/100 slp|[from] item: Leftovers\n|-fieldend|move: Trick Room\n|upkeep\n|\n|t:|1776347200\n|switch|p2a: Incineroar|Incineroar, L50, M|11/100 psn\n|-ability|p2a: Incineroar|Intimidate|boost\n|-unboost|p1a: Starmie|atk|1\n|-unboost|p1b: Raichu|atk|1\n|turn|6\n|\n|t:|1776347213\n|move|p1a: Starmie|Protect|p1a: Starmie\n|-singleturn|p1a: Starmie|Protect\n|move|p2a: Incineroar|Fake Out|p1b: Raichu\n|-damage|p1b: Raichu|70/100\n|cant|p1b: Raichu|flinch\n|-curestatus|p2b: Cofagrigus|slp|[msg]\n|move|p2b: Cofagrigus|Trick Room|p2b: Cofagrigus\n|-fieldstart|move: Trick Room|[of] p2b: Cofagrigus\n|\n|-heal|p2b: Cofagrigus|36/100|[from] item: Leftovers\n|-damage|p2a: Incineroar|0 fnt|[from] psn\n|faint|p2a: Incineroar\n|upkeep\n|\n|t:|1776347225\n|switch|p2a: Chesnaught|Chesnaught, L50, M|100/100\n|turn|7\n|\n|t:|1776347237\n|move|p2b: Cofagrigus|Substitute|p2b: Cofagrigus\n|-start|p2b: Cofagrigus|Substitute\n|-damage|p2b: Cofagrigus|11/100\n|move|p2a: Chesnaught|Wood Hammer|p1a: Starmie\n|-supereffective|p1a: Starmie|1\n|-damage|p1a: Starmie|0 fnt\n|-activate|p1a: Starmie|ability: Mummy|p2a: Chesnaught|[ability] Overgrow\n|faint|p1a: Starmie\n|-damage|p2a: Chesnaught|77/100|[from] Recoil\n|move|p1b: Raichu|Volt Switch|p2b: Cofagrigus\n|-activate|p2b: Cofagrigus|move: Substitute|[damage]\n|\n|-heal|p2b: Cofagrigus|17/100|[from] item: Leftovers\n|upkeep\n|turn|8\n|-message|endershovel forfeited.\n|\n|win|spreckz\n|raw|endershovel's rating: 1113 &rarr; <strong>1095</strong><br />(-18 for losing)\n|raw|spreckz's rating: 1210 &rarr; <strong>1228</strong><br />(+18 for winning)\n|l|\u2606endershovel\n|player|p1|\n",
  "uploadtime": 1776347256,
  "views": 20,
  "formatid": "gen9championsvgc2026regma",
  "rating": 1095,
  "private": 0,
  "password": null
}