{
  "id": "gen9championsvgc2026regma-2580818116",
  "format": "[Gen 9 Champions] VGC 2026 Reg M-A",
  "players": [
    "MediocreCook",
    "Vompo"
  ],
  "log": "|j|\u2606MediocreCook\n|j|\u2606Vompo\n|t:|1775934955\n|gametype|doubles\n|player|p1|MediocreCook|alder|1126\n|player|p2|Vompo|1|1088\n|gen|9\n|tier|[Gen 9 Champions] VGC 2026 Reg M-A\n|rated|\n|rule|Species Clause: Limit one of each Pok\u00e9mon\n|rule|Item Clause: Limit 1 of each item\n|clearpoke\n|poke|p1|Beedrill, L50, M|\n|poke|p1|Palafin, L50, M|\n|poke|p1|Kingambit, L50, M|\n|poke|p1|Rotom-Wash, L50|\n|poke|p1|Incineroar, L50, M|\n|poke|p1|Whimsicott, L50, M|\n|poke|p2|Dragapult, L50, M|\n|poke|p2|Alakazam, L50, M|\n|poke|p2|Incineroar, L50, F|\n|poke|p2|Garchomp, L50, F|\n|poke|p2|Gengar, L50, M|\n|poke|p2|Blastoise, L50, F|\n|teampreview|4\n|inactive|Battle timer is ON: inactive players will automatically lose when time's up. (requested by MediocreCook)\n|inactive|Vompo has 60 seconds left.\n|inactive|Vompo has 30 seconds left.\n|\n|t:|1775935020\n|teamsize|p1|4\n|teamsize|p2|4\n|start\n|switch|p1a: Palafin|Palafin, L50, M, shiny|100/100\n|switch|p1b: Whimsicott|Whimsicott, L50, M, shiny|100/100\n|switch|p2a: Incineroar|Incineroar, L50, F|100/100\n|switch|p2b: Gengar|Gengar, L50, M|100/100\n|-ability|p2a: Incineroar|Intimidate|boost\n|-unboost|p1a: Palafin|atk|1\n|-unboost|p1b: Whimsicott|atk|1\n|turn|1\n|inactive|Vompo has 30 seconds left.\n|\n|t:|1775935047\n|detailschange|p2b: Gengar|Gengar-Mega, L50, M\n|-mega|p2b: Gengar|Gengar|Gengarite\n|move|p2a: Incineroar|Fake Out|p1a: Palafin\n|-damage|p1a: Palafin|85/100\n|move|p2b: Gengar|Perish Song|p2b: Gengar\n|-start|p1a: Palafin|perish3|[silent]\n|-start|p1b: Whimsicott|perish3|[silent]\n|-start|p2a: Incineroar|perish3|[silent]\n|-start|p2b: Gengar|perish3|[silent]\n|-fieldactivate|move: Perish Song\n|move|p1b: Whimsicott|Moonblast|p2b: Gengar\n|-resisted|p2b: Gengar|1\n|-damage|p2b: Gengar|75/100\n|cant|p1a: Palafin|flinch\n|\n|-start|p2b: Gengar|perish3\n|-start|p1b: Whimsicott|perish3\n|-start|p1a: Palafin|perish3\n|-start|p2a: Incineroar|perish3\n|upkeep\n|turn|2\n|\n|t:|1775935068\n|move|p2b: Gengar|Protect|p2b: Gengar\n|-singleturn|p2b: Gengar|Protect\n|move|p1b: Whimsicott|Encore|p2b: Gengar\n|-activate|p2b: Gengar|move: Protect\n|move|p1a: Palafin|Flip Turn|p2b: Gengar\n|-activate|p2b: Gengar|move: Protect\n|move|p2a: Incineroar|Parting Shot|p1a: Palafin\n|-unboost|p1a: Palafin|atk|1\n|-unboost|p1a: Palafin|spa|1\n|\n|t:|1775935087\n|switch|p2a: Blastoise|Blastoise, L50, F|100/100|[from] Parting Shot\n|\n|-start|p2b: Gengar|perish2\n|-start|p1b: Whimsicott|perish2\n|-start|p1a: Palafin|perish2\n|upkeep\n|turn|3\n|\n|t:|1775935103\n|move|p2a: Blastoise|Fake Out|p1a: Palafin\n|-damage|p1a: Palafin|75/100\n|move|p1b: Whimsicott|Encore|p2b: Gengar\n|-start|p2b: Gengar|Encore\n|move|p2b: Gengar|Protect|p2b: Gengar\n|-singleturn|p2b: Gengar|Protect\n|cant|p1a: Palafin|flinch\n|\n|-start|p2b: Gengar|perish1\n|-start|p1b: Whimsicott|perish1\n|-start|p1a: Palafin|perish1\n|upkeep\n|turn|4\n|\n|t:|1775935125\n|switch|p2b: Incineroar|Incineroar, L50, F|100/100\n|-ability|p2b: Incineroar|Intimidate|boost\n|-unboost|p1a: Palafin|atk|1\n|-unboost|p1b: Whimsicott|atk|1\n|move|p2a: Blastoise|Protect|p2a: Blastoise\n|-singleturn|p2a: Blastoise|Protect\n|move|p1b: Whimsicott|Tailwind|p1b: Whimsicott\n|-sidestart|p1: MediocreCook|move: Tailwind\n|move|p1a: Palafin|Flip Turn|p2b: Incineroar\n|-supereffective|p2b: Incineroar|1\n|-damage|p2b: Incineroar|83/100\n|\n|t:|1775935137\n|detailschange|p1a: Palafin|Palafin-Hero, L50, M, shiny\n|switch|p1a: Beedrill|Beedrill, L50, M, shiny|100/100|[from] Flip Turn\n|\n|-heal|p2b: Incineroar|89/100|[from] item: Leftovers\n|-start|p1b: Whimsicott|perish0\n|faint|p1b: Whimsicott\n|upkeep\n|\n|t:|1775935140\n|switch|p1b: Palafin|Palafin-Hero, L50, M, shiny|75/100\n|-activate|p1b: Palafin|ability: Zero to Hero\n|turn|5\n|\n|t:|1775935159\n|switch|p2a: Dragapult|Dragapult, L50, M|100/100\n|move|p1a: Beedrill|Protect|p1a: Beedrill\n|-singleturn|p1a: Beedrill|Protect\n|move|p2b: Incineroar|Fake Out|p1b: Palafin\n|-damage|p1b: Palafin|63/100\n|cant|p1b: Palafin|flinch\n|\n|-heal|p2b: Incineroar|95/100|[from] item: Leftovers\n|upkeep\n|turn|6\n|inactive|MediocreCook has 30 seconds left.\n|\n|t:|1775935189\n|detailschange|p1a: Beedrill|Beedrill-Mega, L50, M, shiny\n|-mega|p1a: Beedrill|Beedrill|Beedrillite\n|move|p1a: Beedrill|Poison Jab|p2a: Dragapult\n|-resisted|p2a: Dragapult|1\n|-damage|p2a: Dragapult|59/100\n|move|p1b: Palafin|Ice Punch|p2a: Dragapult\n|-supereffective|p2a: Dragapult|1\n|-damage|p2a: Dragapult|0 fnt\n|faint|p2a: Dragapult\n|move|p2b: Incineroar|Parting Shot|p1b: Palafin\n|-unboost|p1b: Palafin|atk|1\n|-unboost|p1b: Palafin|spa|1\n|\n|t:|1775935204\n|switch|p2b: Blastoise|Blastoise, L50, F|100/100|[from] Parting Shot\n|\n|upkeep\n|\n|t:|1775935214\n|switch|p2a: Gengar|Gengar-Mega, L50, M|75/100\n|turn|7\n|\n|t:|1775935228\n|move|p2b: Blastoise|Fake Out|p1b: Palafin\n|-damage|p1b: Palafin|55/100\n|move|p1a: Beedrill|U-turn|p2a: Gengar\n|-resisted|p2a: Gengar|2\n|-damage|p2a: Gengar|55/100\n|\n|t:|1775935231\n|switch|p1a: Kingambit|Kingambit, L50, M, shiny|100/100|[from] U-turn\n|cant|p1b: Palafin|flinch\n|move|p2a: Gengar|Perish Song|p2a: Gengar\n|-start|p1a: Kingambit|perish3|[silent]\n|-start|p1b: Palafin|perish3|[silent]\n|-start|p2a: Gengar|perish3|[silent]\n|-start|p2b: Blastoise|perish3|[silent]\n|-fieldactivate|move: Perish Song\n|\n|-start|p1b: Palafin|perish3\n|-start|p2a: Gengar|perish3\n|-start|p1a: Kingambit|perish3\n|-start|p2b: Blastoise|perish3\n|-sideend|p1: MediocreCook|move: Tailwind\n|upkeep\n|turn|8\n|\n|t:|1775935251\n|switch|p2b: Incineroar|Incineroar, L50, F|95/100\n|-ability|p2b: Incineroar|Intimidate|boost\n|-unboost|p1a: Kingambit|atk|1\n|-ability|p1a: Kingambit|Defiant|boost\n|-boost|p1a: Kingambit|atk|2\n|-unboost|p1b: Palafin|atk|1\n|move|p2a: Gengar|Protect|p2a: Gengar\n|-singleturn|p2a: Gengar|Protect\n|move|p1b: Palafin|Flip Turn|p2a: Gengar\n|-activate|p2a: Gengar|move: Protect\n|move|p1a: Kingambit|Kowtow Cleave|p2b: Incineroar\n|-resisted|p2b: Incineroar|1\n|-damage|p2b: Incineroar|50/100\n|\n|-heal|p2b: Incineroar|56/100|[from] item: Leftovers\n|-start|p2a: Gengar|perish2\n|-start|p1b: Palafin|perish2\n|-start|p1a: Kingambit|perish2\n|upkeep\n|turn|9\n|inactive|Vompo has 30 seconds left.\n|\n|t:|1775935285\n|switch|p2a: Blastoise|Blastoise, L50, F|100/100\n|move|p1b: Palafin|Flip Turn|p2a: Blastoise\n|-resisted|p2a: Blastoise|1\n|-damage|p2a: Blastoise|91/100\n|\n|t:|1775935290\n|switch|p1b: Beedrill|Beedrill-Mega, L50, M, shiny|100/100|[from] Flip Turn\n|move|p2b: Incineroar|Flare Blitz|p1a: Kingambit\n|-supereffective|p1a: Kingambit|1\n|-damage|p1a: Kingambit|36/100\n|-damage|p2b: Incineroar|35/100|[from] Recoil\n|move|p1a: Kingambit|Kowtow Cleave|p2a: Blastoise\n|-damage|p2a: Blastoise|21/100\n|\n|-heal|p2b: Incineroar|41/100|[from] item: Leftovers\n|-start|p1a: Kingambit|perish1\n|upkeep\n|turn|10\n|inactive|Vompo has 30 seconds left.\n|\n|t:|1775935317\n|switch|p1a: Palafin|Palafin-Hero, L50, M, shiny|55/100\n|move|p1b: Beedrill|Protect|p1b: Beedrill\n|-singleturn|p1b: Beedrill|Protect\n|move|p2a: Blastoise|Life Dew|p2a: Blastoise|[spread] p2a,p2b\n|-heal|p2a: Blastoise|47/100\n|-heal|p2b: Incineroar|66/100\n|move|p2b: Incineroar|Darkest Lariat|p1a: Palafin\n|-damage|p1a: Palafin|19/100\n|\n|-heal|p2b: Incineroar|72/100|[from] item: Leftovers\n|upkeep\n|turn|11\n|inactive|Vompo has 30 seconds left.\n|\n|t:|1775935347\n|move|p1b: Beedrill|Poison Jab|p2a: Blastoise\n|-damage|p2a: Blastoise|0 fnt\n|faint|p2a: Blastoise\n|move|p1a: Palafin|Close Combat|p2b: Incineroar\n|-supereffective|p2b: Incineroar|1\n|-damage|p2b: Incineroar|0 fnt\n|-unboost|p1a: Palafin|def|1\n|-unboost|p1a: Palafin|spd|1\n|faint|p2b: Incineroar\n|\n|upkeep\n|\n|t:|1775935354\n|switch|p2b: Gengar|Gengar-Mega, L50, M|55/100\n|turn|12\n|\n|t:|1775935367\n|move|p1a: Palafin|Jet Punch|p2b: Gengar\n|-damage|p2b: Gengar|0 fnt\n|faint|p2b: Gengar\n|\n|win|MediocreCook\n|raw|MediocreCook's rating: 1126 &rarr; <strong>1148</strong><br />(+22 for winning)\n|raw|Vompo's rating: 1088 &rarr; <strong>1067</strong><br />(-21 for losing)\n|l|\u2606Vompo\n|player|p2|\n",
  "uploadtime": 1775935373,
  "views": 14,
  "formatid": "gen9championsvgc2026regma",
  "rating": 1067,
  "private": 0,
  "password": null
}