{
  "id": "gen9championsvgc2026regma-2585127120",
  "format": "[Gen 9 Champions] VGC 2026 Reg M-A",
  "players": [
    "OnToTheOther",
    "Wixxez"
  ],
  "log": "|j|\u2606OnToTheOther\n|j|\u2606Wixxez\n|t:|1776314965\n|gametype|doubles\n|player|p1|OnToTheOther|biker-gen4|\n|player|p2|Wixxez|flannery|\n|gen|9\n|tier|[Gen 9 Champions] VGC 2026 Reg M-A\n|rated|Tournament battle\n|rule|Species Clause: Limit one of each Pok\u00e9mon\n|rule|Item Clause: Limit 1 of each item\n|clearpoke\n|poke|p1|Chimecho, L50, M|\n|poke|p1|Espathra, L50, F|\n|poke|p1|Sinistcha, L50|\n|poke|p1|Archaludon, L50, M|\n|poke|p1|Primarina, L50, F|\n|poke|p1|Decidueye-Hisui, L50, F|\n|poke|p2|Delphox, L50, F|\n|poke|p2|Hydreigon, L50, F|\n|poke|p2|Sneasler, L50, F|\n|poke|p2|Heracross, L50, M|\n|poke|p2|Klefki, L50, F|\n|poke|p2|Gyarados, L50, F|\n|teampreview|4\n|inactive|Battle timer is ON: inactive players will automatically lose when time's up. (requested by Wixxez)\n|j| Easy L's\n|j| flavortown500\nOnToTheOther has agreed to open team sheets.\n|inactive|OnToTheOther has 60 seconds left.\n|inactive|Wixxez has 60 seconds left.\n|inactive|OnToTheOther has 30 seconds left.\n|\n|t:|1776315029\n|teamsize|p1|4\n|teamsize|p2|4\n|start\n|switch|p1a: Primarina|Primarina, L50, F|100/100\n|switch|p1b: Espathra|Espathra, L50, F|100/100\n|switch|p2a: Sneasler|Sneasler, L50, F|100/100\n|switch|p2b: Hydreigon|Hydreigon, L50, F|100/100\n|turn|1\n|-activate|p1a: Primarina|item: Quick Claw\n|\n|t:|1776315046\n|move|p1a: Primarina|Protect|p1a: Primarina\n|-singleturn|p1a: Primarina|Protect\n|move|p1b: Espathra|Protect|p1b: Espathra\n|-singleturn|p1b: Espathra|Protect\n|move|p2a: Sneasler|Fake Out|p1a: Primarina\n|-activate|p1a: Primarina|move: Protect\n|move|p2b: Hydreigon|Tailwind|p2b: Hydreigon\n|-sidestart|p2: Wixxez|move: Tailwind\n|\n|-ability|p1b: Espathra|Speed Boost|boost\n|-boost|p1b: Espathra|spe|1\n|upkeep\n|turn|2\n|j| lteg\n|l| lteg\n|inactive|OnToTheOther has 30 seconds left.\n|inactive|OnToTheOther has 20 seconds left.\n|inactive|OnToTheOther has 15 seconds left.\n|inactive|OnToTheOther has 10 seconds left.\n|inactive|OnToTheOther has 5 seconds left.\n|\n|t:|1776315098\n|switch|p1b: Archaludon|Archaludon, L50, M|100/100\n|move|p2a: Sneasler|Dire Claw|p1a: Primarina\n|-supereffective|p1a: Primarina|1\n|-crit|p1a: Primarina\n|-damage|p1a: Primarina|0 fnt\n|faint|p1a: Primarina\n|move|p2b: Hydreigon|Dark Pulse|p1b: Archaludon\n|-damage|p1b: Archaludon|42/100\n|\n|-heal|p1b: Archaludon|48/100|[from] item: Leftovers\n|upkeep\n|\n|t:|1776315103\n|switch|p1a: Sinistcha|Sinistcha, L50|100/100\n|-heal|p1b: Archaludon|73/100|[from] ability: Hospitality|[of] p1a: Sinistcha\n|turn|3\n|inactive|Wixxez has 30 seconds left.\n|inactive|Wixxez has 20 seconds left.\n|inactive|OnToTheOther has 30 seconds left.\n|inactive|Wixxez has 15 seconds left.\n|j| Scapegoat11\n|inactive|OnToTheOther has 20 seconds left.\n|inactive|Wixxez has 10 seconds left.\n|\n|t:|1776315160\n|move|p1b: Archaludon|Protect|p1b: Archaludon\n|-singleturn|p1b: Archaludon|Protect\n|move|p2a: Sneasler|Dire Claw|p1a: Sinistcha\n|-damage|p1a: Sinistcha|63/100\n|move|p2b: Hydreigon|Draco Meteor|p1b: Archaludon\n|-activate|p1b: Archaludon|move: Protect\n|move|p1a: Sinistcha|Strength Sap|p2a: Sneasler\n|-unboost|p2a: Sneasler|atk|1\n|-heal|p1a: Sinistcha|100/100\n|\n|-heal|p1b: Archaludon|79/100|[from] item: Leftovers\n|upkeep\n|turn|4\n|j| gambitofking\n|c| gambitofking|oh nah\n|c| gambitofking|its mega chimecho\n|inactive|Wixxez has 30 seconds left.\n|\n|t:|1776315193\n|switch|p2a: Klefki|Klefki, L50, F|100/100\n|move|p1a: Sinistcha|Rage Powder|p1a: Sinistcha\n|-singleturn|p1a: Sinistcha|move: Rage Powder\n|move|p2b: Hydreigon|Draco Meteor|p1a: Sinistcha\n|-damage|p1a: Sinistcha|26/100\n|-unboost|p2b: Hydreigon|spa|2\n|-enditem|p1a: Sinistcha|Sitrus Berry|[eat]\n|-heal|p1a: Sinistcha|50/100|[from] item: Sitrus Berry\n|move|p1b: Archaludon|Dragon Pulse|p2b: Hydreigon\n|-supereffective|p2b: Hydreigon|1\n|-damage|p2b: Hydreigon|3/100\n|\n|-heal|p1b: Archaludon|85/100|[from] item: Leftovers\n|-sideend|p2: Wixxez|move: Tailwind\n|upkeep\n|turn|5\n|j| pesky9\n|inactive|OnToTheOther has 30 seconds left.\n|inactive|Wixxez has 30 seconds left.\n|\n|t:|1776315221\n|switch|p2b: Sneasler|Sneasler, L50, F|100/100\n|move|p1b: Archaludon|Protect|p1b: Archaludon\n|-singleturn|p1b: Archaludon|Protect\n|move|p2a: Klefki|Light Screen|p2a: Klefki\n|-sidestart|p2: Wixxez|move: Light Screen\n|move|p1a: Sinistcha|Matcha Gotcha|p2a: Klefki|[spread] p2a,p2b\n|-resisted|p2a: Klefki|1\n|-resisted|p2b: Sneasler|1\n|-damage|p2a: Klefki|94/100\n|-heal|p1a: Sinistcha|53/100|[from] drain|[of] p2a: Klefki\n|-damage|p2b: Sneasler|90/100\n|-heal|p1a: Sinistcha|58/100|[from] drain|[of] p2b: Sneasler\n|\n|-heal|p1b: Archaludon|91/100|[from] item: Leftovers\n|upkeep\n|turn|6\n|inactive|OnToTheOther has 30 seconds left.\n|inactive|Wixxez has 30 seconds left.\n|j| Bman3111\n|inactive|Wixxez has 20 seconds left.\n|inactive|OnToTheOther has 20 seconds left.\n|inactive|OnToTheOther has 15 seconds left.\n|\n|t:|1776315270\n|switch|p2b: Delphox|Delphox, L50, F, shiny|100/100\n|switch|p1b: Espathra|Espathra, L50, F|100/100\n|move|p1a: Sinistcha|Strength Sap|p2b: Delphox\n|-unboost|p2b: Delphox|atk|1\n|-heal|p1a: Sinistcha|100/100\n|move|p2a: Klefki|Dazzling Gleam|p1b: Espathra|[spread] p1a,p1b\n|-damage|p1a: Sinistcha|87/100\n|-damage|p1b: Espathra|71/100\n|\n|upkeep\n|turn|7\n|j| FBISurveillanceMan\n|\n|t:|1776315294\n|switch|p1a: Archaludon|Archaludon, L50, M|91/100\n|detailschange|p2b: Delphox|Delphox-Mega, L50, F, shiny\n|-mega|p2b: Delphox|Delphox|Delphoxite\n|move|p2a: Klefki|Sunny Day|p2a: Klefki\n|-weather|SunnyDay\n|move|p2b: Delphox|Heat Wave|p1b: Espathra|[spread] p1a,p1b\n|-damage|p1a: Archaludon|4/100\n|-damage|p1b: Espathra|0 fnt\n|faint|p1b: Espathra\n|\n|-weather|SunnyDay|[upkeep]\n|-heal|p1a: Archaludon|10/100|[from] item: Leftovers\n|upkeep\n|\n|t:|1776315301\n|switch|p1b: Sinistcha|Sinistcha, L50|87/100\n|-heal|p1a: Archaludon|35/100|[from] ability: Hospitality|[of] p1b: Sinistcha\n|turn|8\n|n| Bman311|bman3111\n|inactive|OnToTheOther has 30 seconds left.\n|\n|t:|1776315331\n|move|p2b: Delphox|Heat Wave|p1a: Archaludon|[spread] p1a,p1b\n|-supereffective|p1b: Sinistcha|1\n|-damage|p1a: Archaludon|0 fnt\n|-damage|p1b: Sinistcha|0 fnt\n|faint|p1a: Archaludon\n|faint|p1b: Sinistcha\n|\n|win|Wixxez\n|n|\u2606OnToTheOther|ontotheother\n|n|\u2606Wixxez|wixxez\n|n| Easy L's|easyls\n|n| flavortown500|flavortown500\n|n| Scapegoat11|scapegoat11\n|n| gambitofking|gambitofking\n|n| pesky9|pesky9\n|n| FBISurveillanceMan|fbisurveillanceman\n|n| Bman311|bman311\n|c|\u2606Wixxez|gg\n|c|\u2606OnToTheOther|gg\n|l| gambitofking\n|l| Bman311\n|l| Scapegoat11\n|l| pesky9\n|l| flavortown500\n",
  "uploadtime": 1776315950,
  "views": 23,
  "formatid": "gen9championsvgc2026regma",
  "rating": null,
  "private": 0,
  "password": null
}