{
  "id": "gen9championsvgc2026regma-2587800712",
  "format": "[Gen 9 Champions] VGC 2026 Reg M-A",
  "players": [
    "GGEZYOURSOBAD",
    "Duho"
  ],
  "log": "|j|\u2606GGEZYOURSOBAD\n|j|\u2606Duho\n|t:|1776565324\n|gametype|doubles\n|player|p1|GGEZYOURSOBAD|170|1036\n|player|p2|Duho|whitney|1103\n|gen|9\n|tier|[Gen 9 Champions] VGC 2026 Reg M-A\n|rated|\n|rule|Species Clause: Limit one of each Pok\u00e9mon\n|rule|Item Clause: Limit 1 of each item\n|clearpoke\n|poke|p1|Camerupt, L50, F|\n|poke|p1|Alakazam, L50, M|\n|poke|p1|Archaludon, L50, F|\n|poke|p1|Incineroar, L50, M|\n|poke|p1|Drampa, L50, F|\n|poke|p1|Sinistcha, L50|\n|poke|p2|Alakazam, L50, F|\n|poke|p2|Espathra, L50, M|\n|poke|p2|Sableye, L50, M|\n|poke|p2|Milotic, L50, F|\n|poke|p2|Mamoswine, L50, M|\n|poke|p2|Meowstic, L50, M|\n|teampreview|4\n|inactive|Battle timer is ON: inactive players will automatically lose when time's up. (requested by Duho)\n|\n|t:|1776565355\n|teamsize|p1|4\n|teamsize|p2|4\n|start\n|switch|p1a: Camerupt|Camerupt, L50, F|100/100\n|switch|p1b: Alakazam|Alakazam, L50, M|100/100\n|switch|p2a: Sableye|Sableye, L50, M|100/100\n|switch|p2b: Espathra|Espathra, L50, M|100/100\n|turn|1\n|\n|t:|1776565372\n|detailschange|p1a: Camerupt|Camerupt-Mega, L50, F\n|-mega|p1a: Camerupt|Camerupt|Cameruptite\n|move|p2a: Sableye|Fake Out|p1a: Camerupt\n|-damage|p1a: Camerupt|92/100\n|move|p1b: Alakazam|Speed Swap|p1a: Camerupt\n|-activate|p1b: Alakazam|move: Speed Swap|[of] p1a: Camerupt\n|cant|p1a: Camerupt|flinch\n|move|p2b: Espathra|Lumina Crash|p1a: Camerupt\n|-damage|p1a: Camerupt|58/100\n|-unboost|p1a: Camerupt|spd|2\n|\n|-ability|p2b: Espathra|Speed Boost|boost\n|-boost|p2b: Espathra|spe|1\n|upkeep\n|turn|2\n|\n|t:|1776565387\n|move|p2a: Sableye|Gravity|p2a: Sableye\n|-fieldstart|move: Gravity\n|move|p2b: Espathra|Hypnosis|p1a: Camerupt\n|-status|p1a: Camerupt|slp|[from] move: Hypnosis\n|cant|p1a: Camerupt|slp\n|move|p1b: Alakazam|Light Screen|p1b: Alakazam\n|-sidestart|p1: GGEZYOURSOBAD|move: Light Screen\n|\n|-ability|p2b: Espathra|Speed Boost|boost\n|-boost|p2b: Espathra|spe|1\n|upkeep\n|turn|3\n|\n|t:|1776565401\n|switch|p1a: Archaludon|Archaludon, L50, F|100/100\n|switch|p1b: Incineroar|Incineroar, L50, M|100/100\n|-ability|p1b: Incineroar|Intimidate|boost\n|-unboost|p2a: Sableye|atk|1\n|-unboost|p2b: Espathra|atk|1\n|move|p2a: Sableye|Encore|p1b: Incineroar\n|-hint|Since gen 7, Dark is immune to Prankster moves.\n|-immune|p1b: Incineroar\n|move|p2b: Espathra|Lumina Crash|p1a: Archaludon\n|-resisted|p1a: Archaludon|1\n|-damage|p1a: Archaludon|85/100\n|-unboost|p1a: Archaludon|spd|2\n|\n|-heal|p1a: Archaludon|91/100|[from] item: Leftovers\n|-ability|p2b: Espathra|Speed Boost|boost\n|-boost|p2b: Espathra|spe|1\n|upkeep\n|turn|4\n|\n|t:|1776565426\n|switch|p1a: Camerupt|Camerupt-Mega, L50, F|58/100 slp\n|switch|p2a: Milotic|Milotic, L50, F|100/100\n|move|p2b: Espathra|Protect|p2b: Espathra\n|-singleturn|p2b: Espathra|Protect\n|move|p1b: Incineroar|Darkest Lariat|p2b: Espathra\n|-activate|p2b: Espathra|move: Protect\n|\n|-ability|p2b: Espathra|Speed Boost|boost\n|-boost|p2b: Espathra|spe|1\n|upkeep\n|turn|5\n|\n|t:|1776565447\n|switch|p1a: Archaludon|Archaludon, L50, F|91/100\n|move|p1b: Incineroar|Protect|p1b: Incineroar\n|-singleturn|p1b: Incineroar|Protect\n|move|p2b: Espathra|Hypnosis|p1b: Incineroar\n|-activate|p1b: Incineroar|move: Protect\n|move|p2a: Milotic|Scald|p1a: Archaludon\n|-resisted|p1a: Archaludon|1\n|-damage|p1a: Archaludon|78/100\n|\n|-heal|p1a: Archaludon|84/100|[from] item: Leftovers\n|-ability|p2b: Espathra|Speed Boost|boost\n|-boost|p2b: Espathra|spe|1\n|upkeep\n|turn|6\n|\n|t:|1776565467\n|move|p2b: Espathra|Hypnosis|p1a: Archaludon\n|-status|p1a: Archaludon|slp|[from] move: Hypnosis\n|cant|p1a: Archaludon|slp\n|move|p1b: Incineroar|Darkest Lariat|p2b: Espathra\n|-supereffective|p2b: Espathra|1\n|-enditem|p2b: Espathra|Focus Sash\n|-damage|p2b: Espathra|1/100\n|move|p2a: Milotic|Hypnosis|p1b: Incineroar\n|-status|p1b: Incineroar|slp|[from] move: Hypnosis\n|\n|-heal|p1a: Archaludon|90/100 slp|[from] item: Leftovers\n|-sideend|p1: GGEZYOURSOBAD|move: Light Screen\n|-fieldend|move: Gravity\n|-ability|p2b: Espathra|Speed Boost|boost\n|-boost|p2b: Espathra|spe|1\n|upkeep\n|turn|7\n|\n|t:|1776565492\n|switch|p1b: Alakazam|Alakazam, L50, M|100/100\n|move|p2b: Espathra|Psychic Terrain|p2b: Espathra\n|-fieldstart|move: Psychic Terrain\n|cant|p1a: Archaludon|slp\n|move|p2a: Milotic|Scald|p1b: Alakazam\n|-damage|p1b: Alakazam|62/100\n|\n|-heal|p1a: Archaludon|96/100 slp|[from] item: Leftovers\n|upkeep\n|turn|8\n|\n|t:|1776565513\n|move|p2b: Espathra|Hypnosis|p1b: Alakazam\n|-status|p1b: Alakazam|slp|[from] move: Hypnosis\n|cant|p1b: Alakazam|slp\n|-curestatus|p1a: Archaludon|slp|[msg]\n|move|p1a: Archaludon|Thunderbolt|p2a: Milotic\n|-supereffective|p2a: Milotic|1\n|-damage|p2a: Milotic|51/100\n|move|p2a: Milotic|Icy Wind|p1b: Alakazam|[spread] p1a,p1b\n|-damage|p1a: Archaludon|82/100\n|-damage|p1b: Alakazam|49/100 slp\n|-unboost|p1a: Archaludon|spe|1\n|-unboost|p1b: Alakazam|spe|1\n|\n|-heal|p1a: Archaludon|88/100|[from] item: Leftovers\n|upkeep\n|turn|9\n|c|\u2606GGEZYOURSOBAD|Israel thank you\ud83d\ude4f\ud83d\ude4f\ud83d\ude4f\n|inactive|GGEZYOURSOBAD has 30 seconds left.\n|\n|t:|1776565542\n|switch|p1b: Incineroar|Incineroar, L50, M|100/100 slp\n|-ability|p1b: Incineroar|Intimidate|boost\n|-unboost|p2a: Milotic|atk|1\n|-ability|p2a: Milotic|Competitive|boost\n|-boost|p2a: Milotic|spa|2\n|-unboost|p2b: Espathra|atk|1\n|move|p2b: Espathra|Hypnosis|p1a: Archaludon\n|-status|p1a: Archaludon|slp|[from] move: Hypnosis\n|move|p2a: Milotic|Icy Wind|p1b: Incineroar|[spread] p1a,p1b\n|-resisted|p1b: Incineroar|1\n|-damage|p1a: Archaludon|61/100 slp\n|-damage|p1b: Incineroar|90/100 slp\n|-unboost|p1a: Archaludon|spe|1\n|-unboost|p1b: Incineroar|spe|1\n|cant|p1a: Archaludon|slp\n|\n|-heal|p1a: Archaludon|67/100 slp|[from] item: Leftovers\n|upkeep\n|turn|10\n|n|!GGEZYOURSOBAD|ggezyoursobad\n|inactive|GGEZYOURSOBAD has 30 seconds left.\n|\n|t:|1776565567\n|move|p2b: Espathra|Lumina Crash|p1a: Archaludon\n|-resisted|p1a: Archaludon|1\n|-damage|p1a: Archaludon|37/100 slp\n|-unboost|p1a: Archaludon|spd|2\n|move|p2a: Milotic|Icy Wind|p1a: Archaludon|[spread] p1a,p1b\n|-resisted|p1b: Incineroar|1\n|-damage|p1a: Archaludon|0 fnt\n|-damage|p1b: Incineroar|79/100 slp\n|-unboost|p1b: Incineroar|spe|1\n|faint|p1a: Archaludon\n|cant|p1b: Incineroar|slp\n|\n|upkeep\n|\n|t:|1776565571\n|switch|p1a: Camerupt|Camerupt-Mega, L50, F|58/100 slp\n|turn|11\n|\n|t:|1776565581\n|move|p2b: Espathra|Protect|p2b: Espathra\n|-singleturn|p2b: Espathra|Protect\n|cant|p1a: Camerupt|slp\n|move|p2a: Milotic|Scald|p1a: Camerupt\n|-supereffective|p1a: Camerupt|2\n|-damage|p1a: Camerupt|0 fnt\n|faint|p1a: Camerupt\n|-curestatus|p1b: Incineroar|slp|[msg]\n|move|p1b: Incineroar|Darkest Lariat|p2a: Milotic\n|-damage|p2a: Milotic|20/100\n|-enditem|p2a: Milotic|Sitrus Berry|[eat]\n|-heal|p2a: Milotic|45/100|[from] item: Sitrus Berry\n|\n|-fieldend|move: Psychic Terrain\n|upkeep\n|\n|t:|1776565588\n|switch|p1a: Alakazam|Alakazam, L50, M|49/100 slp\n|turn|12\n|inactive|GGEZYOURSOBAD has 30 seconds left.\n|\n|t:|1776565614\n|move|p2b: Espathra|Psychic Terrain|p2b: Espathra\n|-fieldstart|move: Psychic Terrain\n|-curestatus|p1a: Alakazam|slp|[msg]\n|move|p1a: Alakazam|Speed Swap|p1b: Incineroar\n|-activate|p1a: Alakazam|move: Speed Swap|[of] p1b: Incineroar\n|move|p2a: Milotic|Scald|p1b: Incineroar\n|-supereffective|p1b: Incineroar|1\n|-damage|p1b: Incineroar|0 fnt\n|faint|p1b: Incineroar\n|\n|upkeep\n|turn|13\n|-message|GGEZYOURSOBAD forfeited.\n|\n|win|Duho\n",
  "uploadtime": 1776565558,
  "views": 7,
  "formatid": "gen9championsvgc2026regma",
  "rating": null,
  "private": 0,
  "password": null
}