{
  "id": "gen9championsvgc2026regma-2584498882",
  "format": "[Gen 9 Champions] VGC 2026 Reg M-A",
  "players": [
    "marciocamper",
    "Marius595"
  ],
  "log": "|j|\u2606marciocamper\n|j|\u2606Marius595\n|t:|1776264864\n|gametype|doubles\n|player|p1|marciocamper|265|1027\n|player|p2|Marius595|koga|1000\n|gen|9\n|tier|[Gen 9 Champions] VGC 2026 Reg M-A\n|rated|\n|rule|Species Clause: Limit one of each Pok\u00e9mon\n|rule|Item Clause: Limit 1 of each item\n|clearpoke\n|poke|p1|Kangaskhan, L50, F|\n|poke|p1|Gyarados, L50, F|\n|poke|p1|Garchomp, L50, F|\n|poke|p1|Typhlosion-Hisui, L50, M|\n|poke|p1|Sneasler, L50, F|\n|poke|p1|Aerodactyl, L50, F|\n|poke|p2|Feraligatr, L50, F|\n|poke|p2|Pelipper, L50, M|\n|poke|p2|Scizor, L50, F|\n|poke|p2|Sneasler, L50, M|\n|poke|p2|Basculegion, L50, M|\n|poke|p2|Samurott-Hisui, L50, M|\n|teampreview|4\n|\n|t:|1776264882\n|teamsize|p1|4\n|teamsize|p2|4\n|start\n|switch|p1a: Aerodactyl|Aerodactyl, L50, F|100/100\n|switch|p1b: Kangaskhan|Kangaskhan, L50, F|100/100\n|switch|p2a: Pelipper|Pelipper, L50, M|100/100\n|switch|p2b: Feraligatr|Feraligatr, L50, F|100/100\n|-weather|RainDance|[from] ability: Drizzle|[of] p2a: Pelipper\n|turn|1\n|\n|t:|1776264913\n|detailschange|p1b: Kangaskhan|Kangaskhan-Mega, L50, F\n|-mega|p1b: Kangaskhan|Kangaskhan|Kangaskhanite\n|detailschange|p2b: Feraligatr|Feraligatr-Mega, L50, F\n|-mega|p2b: Feraligatr|Feraligatr|Feraligite\n|move|p2b: Feraligatr|Protect|p2b: Feraligatr\n|-singleturn|p2b: Feraligatr|Protect\n|move|p1b: Kangaskhan|Fake Out|p2a: Pelipper\n|-damage|p2a: Pelipper|79/100\n|-damage|p2a: Pelipper|73/100\n|-hitcount|p2a: Pelipper|2\n|move|p1a: Aerodactyl|Tailwind|p1a: Aerodactyl\n|-sidestart|p1: marciocamper|move: Tailwind\n|cant|p2a: Pelipper|flinch\n|\n|-weather|RainDance|[upkeep]\n|upkeep\n|turn|2\n|\n|t:|1776264947\n|switch|p2b: Basculegion|Basculegion, L50, M|100/100\n|move|p1a: Aerodactyl|Rock Slide|p2b: Basculegion|[spread] p2a,p2b\n|-supereffective|p2a: Pelipper|1\n|-damage|p2a: Pelipper|6/100\n|-damage|p2b: Basculegion|68/100\n|-enditem|p2a: Pelipper|Sitrus Berry|[eat]\n|-heal|p2a: Pelipper|31/100|[from] item: Sitrus Berry\n|move|p1b: Kangaskhan|Body Slam|p2a: Pelipper\n|-damage|p2a: Pelipper|0 fnt\n|faint|p2a: Pelipper\n|-hitcount|p2: Pelipper|1\n|\n|-weather|RainDance|[upkeep]\n|upkeep\n|\n|t:|1776264960\n|switch|p2a: Sneasler|Sneasler, L50, M|100/100\n|turn|3\n|\n|t:|1776264974\n|move|p2a: Sneasler|Fake Out|p1a: Aerodactyl\n|-resisted|p1a: Aerodactyl|1\n|-damage|p1a: Aerodactyl|89/100\n|cant|p1a: Aerodactyl|flinch\n|move|p1b: Kangaskhan|Body Slam|p2a: Sneasler\n|-damage|p2a: Sneasler|37/100\n|-damage|p2a: Sneasler|23/100\n|-hitcount|p2a: Sneasler|2\n|move|p2b: Basculegion|Last Respects|p1a: Aerodactyl\n|-damage|p1a: Aerodactyl|0 fnt\n|faint|p1a: Aerodactyl\n|\n|-weather|RainDance|[upkeep]\n|upkeep\n|\n|t:|1776264990\n|switch|p1a: Sneasler|Sneasler, L50, F|100/100\n|turn|4\n|\n|t:|1776265008\n|switch|p2a: Feraligatr|Feraligatr-Mega, L50, F|100/100\n|move|p1a: Sneasler|Fake Out|p2a: Feraligatr\n|-damage|p2a: Feraligatr|85/100\n|move|p1b: Kangaskhan|Bite|p2b: Basculegion\n|-supereffective|p2b: Basculegion|1\n|-damage|p2b: Basculegion|25/100\n|-supereffective|p2b: Basculegion|1\n|-damage|p2b: Basculegion|15/100\n|-hitcount|p2b: Basculegion|2\n|move|p2b: Basculegion|Last Respects|p1a: Sneasler\n|-enditem|p1a: Sneasler|Focus Sash\n|-damage|p1a: Sneasler|1/100\n|\n|-weather|RainDance|[upkeep]\n|-sideend|p1: marciocamper|move: Tailwind\n|upkeep\n|turn|5\n|inactive|Battle timer is ON: inactive players will automatically lose when time's up. (requested by Marius595)\n|\n|t:|1776265060\n|move|p1a: Sneasler|Dire Claw|p2a: Feraligatr\n|-damage|p2a: Feraligatr|43/100\n|move|p2b: Basculegion|Last Respects|p1a: Sneasler\n|-damage|p1a: Sneasler|0 fnt\n|faint|p1a: Sneasler\n|move|p1b: Kangaskhan|Bite|p2b: Basculegion\n|-supereffective|p2b: Basculegion|1\n|-damage|p2b: Basculegion|0 fnt\n|faint|p2b: Basculegion\n|-hitcount|p2: Basculegion|1\n|move|p2a: Feraligatr|Body Slam|p1b: Kangaskhan\n|-damage|p1b: Kangaskhan|41/100\n|\n|-weather|none\n|upkeep\n|\n|t:|1776265076\n|switch|p1a: Garchomp|Garchomp, L50, F|100/100\n|switch|p2b: Sneasler|Sneasler, L50, M|23/100\n|turn|6\n|inactive|marciocamper has 30 seconds left.\n|c|\u2606Marius595|ggs\n|inactive|marciocamper has 20 seconds left.\n|c|\u2606Marius595|i don't know if I win\n|inactive|marciocamper has 15 seconds left.\n|\n|t:|1776265116\n|move|p2b: Sneasler|Close Combat|p1b: Kangaskhan\n|-supereffective|p1b: Kangaskhan|1\n|-damage|p1b: Kangaskhan|0 fnt\n|-unboost|p2b: Sneasler|def|1\n|-unboost|p2b: Sneasler|spd|1\n|faint|p1b: Kangaskhan\n|-enditem|p2b: Sneasler|White Herb\n|-clearnegativeboost|p2b: Sneasler|[silent]\n|move|p1a: Garchomp|Earthquake|p2b: Sneasler|[spread] p2a,p2b\n|-supereffective|p2b: Sneasler|1\n|-damage|p2a: Feraligatr|5/100\n|-damage|p2b: Sneasler|0 fnt\n|faint|p2b: Sneasler\n|move|p2a: Feraligatr|Body Slam|p1a: Garchomp\n|-supereffective|p1a: Garchomp|1\n|-damage|p1a: Garchomp|0 fnt\n|-damage|p2a: Feraligatr|0 fnt|[from] ability: Rough Skin|[of] p1a: Garchomp\n|faint|p1a: Garchomp\n|faint|p2a: Feraligatr\n|\n|win|Marius595\n|raw|marciocamper's rating: 1027 &rarr; <strong>1012</strong><br />(-15 for losing)\n|raw|Marius595's rating: 1000 &rarr; <strong>1043</strong><br />(+43 for winning)\n|c|\u2606Marius595|GGS\n|l|\u2606marciocamper\n|player|p1|\n|c|\u2606Marius595|good game\n",
  "uploadtime": 1776265135,
  "views": 22,
  "formatid": "gen9championsvgc2026regma",
  "rating": 1012,
  "private": 0,
  "password": null
}