{
  "id": "gen9championsvgc2026regma-2588237789",
  "format": "[Gen 9 Champions] VGC 2026 Reg M-A",
  "players": [
    "UltraHatrick",
    "donbeedo"
  ],
  "log": "|j|\u2606UltraHatrick\n|j|\u2606donbeedo\n|t:|1776617022\n|gametype|doubles\n|player|p1|UltraHatrick|steven|1073\n|player|p2|donbeedo|sage|1000\n|gen|9\n|tier|[Gen 9 Champions] VGC 2026 Reg M-A\n|rated|\n|rule|Species Clause: Limit one of each Pok\u00e9mon\n|rule|Item Clause: Limit 1 of each item\n|clearpoke\n|poke|p1|Floette-Eternal, L50, F|\n|poke|p1|Aerodactyl, L50, F|\n|poke|p1|Ninetales-Alola, L50, F|\n|poke|p1|Garchomp, L50, M|\n|poke|p1|Rotom-Frost, L50|\n|poke|p1|Gengar, L50, M|\n|poke|p2|Trevenant, L50, F|\n|poke|p2|Araquanid, L50, M|\n|poke|p2|Delphox, L50, M|\n|poke|p2|Klefki, L50, F|\n|poke|p2|Garchomp, L50, M|\n|poke|p2|Sneasler, L50, M|\n|teampreview|4\n|inactive|Battle timer is ON: inactive players will automatically lose when time's up. (requested by donbeedo)\n|inactive|UltraHatrick has 60 seconds left.\n|\n|t:|1776617060\n|teamsize|p1|4\n|teamsize|p2|4\n|start\n|switch|p1a: Floette|Floette-Eternal, L50, F|100/100\n|switch|p1b: Aerodactyl|Aerodactyl, L50, F|100/100\n|switch|p2a: Klefki|Klefki, L50, F|100/100\n|switch|p2b: Sneasler|Sneasler, L50, M|100/100\n|-ability|p1b: Aerodactyl|Unnerve\n|turn|1\n|\n|t:|1776617075\n|move|p1a: Floette|Protect|p1a: Floette\n|-singleturn|p1a: Floette|Protect\n|move|p2a: Klefki|Switcheroo|p1b: Aerodactyl\n|-activate|p2a: Klefki|move: Trick|[of] p1b: Aerodactyl\n|-item|p1b: Aerodactyl|Choice Scarf|[from] move: Switcheroo\n|-item|p2a: Klefki|Charti Berry|[from] move: Switcheroo\n|move|p1b: Aerodactyl|Dual Wingbeat|p2b: Sneasler\n|-supereffective|p2b: Sneasler|1\n|-damage|p2b: Sneasler|43/100\n|-supereffective|p2b: Sneasler|1\n|-damage|p2b: Sneasler|0 fnt\n|faint|p2b: Sneasler\n|-hitcount|p2: Sneasler|2\n|\n|upkeep\n|\n|t:|1776617086\n|switch|p2b: Delphox|Delphox, L50, M|100/100\n|turn|2\n|\n|t:|1776617101\n|detailschange|p2b: Delphox|Delphox-Mega, L50, M\n|-mega|p2b: Delphox|Delphox|Delphoxite\n|detailschange|p1a: Floette|Floette-Mega, L50, F\n|-mega|p1a: Floette|Floette|Floettite\n|-ability|p1a: Floette|Fairy Aura\n|move|p2a: Klefki|Thunder Wave|p1a: Floette\n|-status|p1a: Floette|par\n|move|p1b: Aerodactyl|Dual Wingbeat|p2b: Delphox\n|-damage|p2b: Delphox|74/100\n|-crit|p2b: Delphox\n|-damage|p2b: Delphox|34/100\n|-hitcount|p2b: Delphox|2\n|move|p2b: Delphox|Nasty Plot|p2b: Delphox\n|-boost|p2b: Delphox|spa|2\n|move|p1a: Floette|Moonblast|p2b: Delphox\n|-resisted|p2b: Delphox|1\n|-damage|p2b: Delphox|0 fnt\n|faint|p2b: Delphox\n|\n|upkeep\n|\n|t:|1776617118\n|switch|p2b: Garchomp|Garchomp, L50, M|100/100\n|turn|3\n|\n|t:|1776617130\n|move|p1b: Aerodactyl|Dual Wingbeat|p2b: Garchomp\n|-damage|p2b: Garchomp|85/100\n|-damage|p2b: Garchomp|70/100\n|-hitcount|p2b: Garchomp|2\n|move|p2b: Garchomp|Stealth Rock|p1a: Floette\n|-sidestart|p1: UltraHatrick|move: Stealth Rock\n|move|p2a: Klefki|Dazzling Gleam|p1a: Floette|[spread] p1a,p1b\n|-damage|p1a: Floette|76/100 par\n|-damage|p1b: Aerodactyl|62/100\n|cant|p1a: Floette|par\n|\n|upkeep\n|turn|4\n|\n|t:|1776617144\n|move|p2a: Klefki|Thunder Wave|p1b: Aerodactyl\n|-status|p1b: Aerodactyl|par\n|move|p1b: Aerodactyl|Dual Wingbeat|p2b: Garchomp\n|-damage|p2b: Garchomp|56/100\n|-damage|p2b: Garchomp|40/100\n|-hitcount|p2b: Garchomp|2\n|move|p1a: Floette|Moonblast|p2b: Garchomp\n|-supereffective|p2b: Garchomp|1\n|-damage|p2b: Garchomp|0 fnt\n|faint|p2b: Garchomp\n|\n|upkeep\n|turn|5\n|\n|t:|1776617156\n|move|p1b: Aerodactyl|Dual Wingbeat|p2a: Klefki\n|-resisted|p2a: Klefki|1\n|-damage|p2a: Klefki|93/100\n|-resisted|p2a: Klefki|1\n|-damage|p2a: Klefki|84/100\n|-hitcount|p2a: Klefki|2\n|move|p2a: Klefki|Dazzling Gleam|p1a: Floette|[spread] p1a,p1b\n|-damage|p1a: Floette|54/100 par\n|-damage|p1b: Aerodactyl|27/100 par\n|move|p1a: Floette|Moonblast|p2a: Klefki\n|-resisted|p2a: Klefki|1\n|-damage|p2a: Klefki|33/100\n|\n|upkeep\n|turn|6\n|\n|t:|1776617162\n|move|p1b: Aerodactyl|Dual Wingbeat|p2a: Klefki\n|-resisted|p2a: Klefki|1\n|-damage|p2a: Klefki|25/100\n|-resisted|p2a: Klefki|1\n|-damage|p2a: Klefki|16/100\n|-hitcount|p2a: Klefki|2\n|move|p2a: Klefki|Dazzling Gleam|p1b: Aerodactyl|[spread] p1a,p1b\n|-damage|p1a: Floette|29/100 par\n|-damage|p1b: Aerodactyl|0 fnt\n|faint|p1b: Aerodactyl\n|move|p1a: Floette|Moonblast|p2a: Klefki\n|-resisted|p2a: Klefki|1\n|-crit|p2a: Klefki\n|-damage|p2a: Klefki|0 fnt\n|faint|p2a: Klefki\n|\n|win|UltraHatrick\n|raw|UltraHatrick's rating: 1073 &rarr; <strong>1096</strong><br />(+23 for winning)\n|raw|donbeedo's rating: 1000 &rarr; <strong>1000</strong><br />(+0 for losing)\n|l|\u2606donbeedo\n|player|p2|\n",
  "uploadtime": 1776617173,
  "views": 12,
  "formatid": "gen9championsvgc2026regma",
  "rating": 1000,
  "private": 0,
  "password": null
}