{
  "id": "gen9championsvgc2026regma-2589461366",
  "format": "[Gen 9 Champions] VGC 2026 Reg M-A",
  "players": [
    "tomi7002",
    "zeranogamer147"
  ],
  "log": "|j|\u2606tomi7002\n|j|\u2606zeranogamer147\n|t:|1776725022\n|gametype|doubles\n|player|p1|tomi7002|wattson|\n|player|p2|zeranogamer147|benga|\n|gen|9\n|tier|[Gen 9 Champions] VGC 2026 Reg M-A\n|rule|Species Clause: Limit one of each Pok\u00e9mon\n|rule|Item Clause: Limit 1 of each item\n|clearpoke\n|poke|p1|Meganium, L50, M|\n|poke|p1|Politoed, L50, F|\n|poke|p1|Basculegion-F, L50, F, shiny|\n|poke|p1|Toxicroak, L50, F|\n|poke|p1|Archaludon, L50, F|\n|poke|p1|Maushold, L50|\n|poke|p2|Archaludon, L50, F|\n|poke|p2|Politoed, L50, F|\n|poke|p2|Toxicroak, L50, M|\n|poke|p2|Corviknight, L50, M|\n|poke|p2|Chimecho, L50, M|\n|poke|p2|Basculegion-F, L50, F|\n|teampreview|4\n|j| zCamii\n|\n|t:|1776725070\n|teamsize|p1|4\n|teamsize|p2|4\n|start\n|switch|p1a: Politoed|Politoed, L50, F|100/100\n|switch|p1b: Basculegion|Basculegion-F, L50, F, shiny|100/100\n|switch|p2a: Basculegion|Basculegion-F, L50, F|100/100\n|switch|p2b: Politoed|Politoed, L50, F|100/100\n|-weather|RainDance|[from] ability: Drizzle|[of] p2b: Politoed\n|turn|1\n|c|\u2606zeranogamer147|!showteam\n|c| zeranogamer147|/raw <div class=\"infobox\"><details><summary>View team</summary>Archaludon @ Dragon Fang  <br />Ability: Stamina  <br />Level: 50  <br />EVs: 27 HP &#x2f; 32 SpA &#x2f; 7 Spe  <br />Timid Nature  <br />- Draco Meteor  <br />- Electro Shot  <br />- Flash Cannon  <br />- Protect  <br /><br />Politoed @ Sitrus Berry  <br />Ability: Drizzle  <br />Level: 50  <br />EVs: 32 HP &#x2f; 6 Def &#x2f; 13 SpA &#x2f; 15 SpD  <br />Modest Nature  <br />- Protect  <br />- Weather Ball  <br />- Hypnosis  <br />- Encore  <br /><br />Toxicroak @ Poison Barb  <br />Ability: Dry Skin  <br />Level: 50  <br />EVs: 32 Atk &#x2f; 2 SpD &#x2f; 32 Spe  <br />Jolly Nature  <br />- Fake Out  <br />- Close Combat  <br />- Coaching  <br />- Gunk Shot  <br /><br />Corviknight @ Leftovers  <br />Ability: Mirror Armor  <br />Level: 50  <br />EVs: 32 HP &#x2f; 18 Atk &#x2f; 7 Def &#x2f; 9 SpD  <br />Impish Nature  <br />- Tailwind  <br />- Brave Bird  <br />- Roost  <br />- Taunt  <br /><br />Chimecho @ Chimechite  <br />Ability: Levitate  <br />Level: 50  <br />EVs: 32 HP &#x2f; 20 Def &#x2f; 14 SpD  <br />Calm Nature  <br />- Psychic  <br />- Cosmic Power  <br />- Recover  <br />- Baton Pass  <br /><br />Basculegion (Basculegion-F) (F) @ Mystic Water  <br />Ability: Adaptability  <br />Level: 50  <br />EVs: 2 Def &#x2f; 32 SpA &#x2f; 32 Spe  <br />Modest Nature  <br />- Icy Wind  <br />- Shadow Ball  <br />- Surf  <br />- Protect  <br /><br /></details></div>\n|c|\u2606tomi7002|!showteam\n|c| tomi7002|/raw <div class=\"infobox\"><details><summary>View team</summary>Meganium @ Meganiumite  <br />Ability: Overgrow  <br />Level: 50  <br />EVs: 32 HP &#x2f; 32 SpA &#x2f; 2 SpD  <br />Modest Nature  <br />- Weather Ball  <br />- Protect  <br />- Solar Beam  <br />- Synthesis  <br /><br />Politoed @ Sitrus Berry  <br />Ability: Drizzle  <br />Level: 50  <br />EVs: 32 HP &#x2f; 6 Def &#x2f; 13 SpA &#x2f; 15 SpD  <br />Modest Nature  <br />- Protect  <br />- Weather Ball  <br />- Hypnosis  <br />- Encore  <br /><br />Basculegion (Basculegion-F) (F) @ Mystic Water  <br />Ability: Adaptability  <br />Level: 50  <br />Shiny: Yes  <br />EVs: 2 Def &#x2f; 32 SpA &#x2f; 32 Spe  <br />Modest Nature  <br />- Icy Wind  <br />- Shadow Ball  <br />- Surf  <br />- Protect  <br /><br />Toxicroak @ Poison Barb  <br />Ability: Dry Skin  <br />Level: 50  <br />EVs: 32 Atk &#x2f; 2 SpD &#x2f; 32 Spe  <br />Jolly Nature  <br />- Fake Out  <br />- Close Combat  <br />- Coaching  <br />- Gunk Shot  <br /><br />Archaludon @ Dragon Fang  <br />Ability: Stamina  <br />Level: 50  <br />EVs: 27 HP &#x2f; 32 SpA &#x2f; 7 Spe  <br />Timid Nature  <br />- Draco Meteor  <br />- Electro Shot  <br />- Flash Cannon  <br />- Protect  <br /><br />Maushold @ Chople Berry  <br />Ability: Friend Guard  <br />Level: 50  <br />EVs: 32 Atk &#x2f; 2 SpD &#x2f; 32 Spe  <br />Jolly Nature  <br />- Follow Me  <br />- Population Bomb  <br />- Super Fang  <br />- Helping Hand  <br /><br /></details></div>\n|\n|t:|1776725101\n|move|p2a: Basculegion|Protect|p2a: Basculegion\n|-singleturn|p2a: Basculegion|Protect\n|move|p1b: Basculegion|Shadow Ball|p2a: Basculegion\n|-activate|p2a: Basculegion|move: Protect\n|move|p2b: Politoed|Hypnosis|p1a: Politoed\n|-status|p1a: Politoed|slp|[from] move: Hypnosis\n|cant|p1a: Politoed|slp\n|\n|-weather|RainDance|[upkeep]\n|upkeep\n|turn|2\n|\n|t:|1776725122\n|move|p2a: Basculegion|Shadow Ball|p1b: Basculegion\n|-supereffective|p1b: Basculegion|1\n|-damage|p1b: Basculegion|0 fnt\n|faint|p1b: Basculegion\n|move|p2b: Politoed|Weather Ball|p1a: Politoed\n|-resisted|p1a: Politoed|1\n|-damage|p1a: Politoed|77/100 slp\n|cant|p1a: Politoed|slp\n|\n|-weather|RainDance|[upkeep]\n|upkeep\n|\n|t:|1776725126\n|switch|p1b: Archaludon|Archaludon, L50, F|100/100\n|turn|3\n|\n|t:|1776725164\n|move|p2a: Basculegion|Icy Wind|p1a: Politoed|[spread] p1a,p1b\n|-resisted|p1a: Politoed|1\n|-crit|p1a: Politoed\n|-crit|p1b: Archaludon\n|-damage|p1a: Politoed|70/100 slp\n|-damage|p1b: Archaludon|74/100\n|-unboost|p1a: Politoed|spe|1\n|-unboost|p1b: Archaludon|spe|1\n|-ability|p1b: Archaludon|Stamina|boost\n|-boost|p1b: Archaludon|def|1\n|move|p2b: Politoed|Hypnosis|p1b: Archaludon|[miss]\n|-miss|p2b: Politoed|p1b: Archaludon\n|move|p1b: Archaludon|Electro Shot||[still]\n|-prepare|p1b: Archaludon|Electro Shot\n|-boost|p1b: Archaludon|spa|1\n|-anim|p1b: Archaludon|Electro Shot|p2a: Basculegion\n|-supereffective|p2a: Basculegion|1\n|-damage|p2a: Basculegion|0 fnt\n|faint|p2a: Basculegion\n|-curestatus|p1a: Politoed|slp|[msg]\n|move|p1a: Politoed|Hypnosis|p2b: Politoed\n|-status|p2b: Politoed|slp|[from] move: Hypnosis\n|\n|-weather|RainDance|[upkeep]\n|upkeep\n|\n|t:|1776725178\n|switch|p2a: Archaludon|Archaludon, L50, F|100/100\n|turn|4\n|\n|t:|1776725190\n|move|p1b: Archaludon|Protect|p1b: Archaludon\n|-singleturn|p1b: Archaludon|Protect\n|move|p2a: Archaludon|Electro Shot||[still]\n|-prepare|p2a: Archaludon|Electro Shot\n|-boost|p2a: Archaludon|spa|1\n|-anim|p2a: Archaludon|Electro Shot|p1a: Politoed\n|-supereffective|p1a: Politoed|1\n|-crit|p1a: Politoed\n|-damage|p1a: Politoed|0 fnt\n|faint|p1a: Politoed\n|cant|p2b: Politoed|slp\n|\n|-weather|RainDance|[upkeep]\n|upkeep\n|\n|t:|1776725196\n|switch|p1a: Maushold|Maushold, L50|100/100\n|turn|5\n|\n|t:|1776725228\n|move|p2a: Archaludon|Protect|p2a: Archaludon\n|-singleturn|p2a: Archaludon|Protect\n|move|p1a: Maushold|Follow Me|p1a: Maushold\n|-singleturn|p1a: Maushold|move: Follow Me\n|cant|p2b: Politoed|slp\n|move|p1b: Archaludon|Draco Meteor|p2a: Archaludon\n|-activate|p2a: Archaludon|move: Protect\n|\n|-weather|none\n|upkeep\n|turn|6\n|\n|t:|1776725246\n|switch|p2a: Chimecho|Chimecho, L50, M|100/100\n|move|p1a: Maushold|Helping Hand|p1b: Archaludon\n|-singleturn|p1b: Archaludon|Helping Hand|[of] p1a: Maushold\n|-curestatus|p2b: Politoed|slp|[msg]\n|move|p2b: Politoed|Hypnosis|p1a: Maushold\n|-status|p1a: Maushold|slp|[from] move: Hypnosis\n|move|p1b: Archaludon|Electro Shot||[still]\n|-prepare|p1b: Archaludon|Electro Shot\n|-boost|p1b: Archaludon|spa|1\n|\n|upkeep\n|turn|7\n|\n|t:|1776725272\n|detailschange|p2a: Chimecho|Chimecho-Mega, L50, M\n|-mega|p2a: Chimecho|Chimecho|Chimechite\n|move|p2b: Politoed|Protect|p2b: Politoed\n|-singleturn|p2b: Politoed|Protect\n|cant|p1a: Maushold|slp\n|move|p2a: Chimecho|Cosmic Power|p2a: Chimecho\n|-boost|p2a: Chimecho|def|1\n|-boost|p2a: Chimecho|spd|1\n|move|p1b: Archaludon|Electro Shot|p2a: Chimecho|[from] lockedmove\n|-damage|p2a: Chimecho|58/100\n|\n|upkeep\n|turn|8\n|\n|t:|1776725321\n|cant|p1a: Maushold|slp\n|move|p2b: Politoed|Encore|p1b: Archaludon\n|-start|p1b: Archaludon|Encore\n|move|p2a: Chimecho|Psychic|p1a: Maushold\n|-damage|p1a: Maushold|40/100 slp\n|move|p1b: Archaludon|Electro Shot||[still]\n|-prepare|p1b: Archaludon|Electro Shot\n|-boost|p1b: Archaludon|spa|1\n|\n|upkeep\n|turn|9\n|\n|t:|1776725343\n|-curestatus|p1a: Maushold|slp|[msg]\n|move|p1a: Maushold|Super Fang|p2b: Politoed\n|-damage|p2b: Politoed|51/100\n|move|p2b: Politoed|Hypnosis|p1a: Maushold\n|-status|p1a: Maushold|slp|[from] move: Hypnosis\n|move|p2a: Chimecho|Psychic|p1a: Maushold\n|-damage|p1a: Maushold|0 fnt\n|faint|p1a: Maushold\n|move|p1b: Archaludon|Electro Shot|p2b: Politoed|[from] lockedmove\n|-supereffective|p2b: Politoed|1\n|-damage|p2b: Politoed|0 fnt\n|faint|p2b: Politoed\n|\n|upkeep\n|\n|t:|1776725347\n|switch|p2b: Archaludon|Archaludon, L50, F|100/100\n|turn|10\n|\n|t:|1776725359\n|move|p2b: Archaludon|Draco Meteor|p1b: Archaludon\n|-damage|p1b: Archaludon|0 fnt\n|-unboost|p2b: Archaludon|spa|2\n|faint|p1b: Archaludon\n|\n|win|zeranogamer147\n|l|\u2606tomi7002\n|player|p1|\n",
  "uploadtime": 1776725404,
  "views": 4,
  "formatid": "gen9championsvgc2026regma",
  "rating": null,
  "private": 0,
  "password": null
}