{
  "id": "gen9championsvgc2026regma-2585866557",
  "format": "[Gen 9 Champions] VGC 2026 Reg M-A",
  "players": [
    "nngf\u9b3c\u8749\u4fa0",
    "iliasdelm"
  ],
  "log": "|j|\u2606nngf\u9b3c\u8749\u4fa0\n|j|\u2606iliasdelm\n|t:|1776376763\n|gametype|doubles\n|player|p1|nngf\u9b3c\u8749\u4fa0|bugsy|1285\n|player|p2|iliasdelm|gambler|1312\n|gen|9\n|tier|[Gen 9 Champions] VGC 2026 Reg M-A\n|rated|\n|rule|Species Clause: Limit one of each Pok\u00e9mon\n|rule|Item Clause: Limit 1 of each item\n|clearpoke\n|poke|p1|Sinistcha, L50|\n|poke|p1|Ampharos, L50, M|\n|poke|p1|Kangaskhan, L50, F|\n|poke|p1|Basculegion, L50, M|\n|poke|p1|Politoed, L50, M|\n|poke|p1|Whimsicott, L50, M|\n|poke|p2|Heracross, L50, M|\n|poke|p2|Politoed, L50, F|\n|poke|p2|Archaludon, L50, F|\n|poke|p2|Sneasler, L50, F|\n|poke|p2|Basculegion, L50, M|\n|poke|p2|Kingambit, L50, F|\n|teampreview|4\n|\n|t:|1776376783\n|teamsize|p1|4\n|teamsize|p2|4\n|start\n|switch|p1a: Whimsicott|Whimsicott, L50, M|100/100\n|switch|p1b: Kangaskhan|Kangaskhan, L50, F|100/100\n|switch|p2a: Archaludon|Archaludon, L50, F|100/100\n|switch|p2b: Sneasler|Sneasler, L50, F|100/100\n|turn|1\n|\n|t:|1776376795\n|move|p2b: Sneasler|Fake Out|p1a: Whimsicott\n|-damage|p1a: Whimsicott|84/100\n|move|p1b: Kangaskhan|Fake Out|p2b: Sneasler\n|-damage|p2b: Sneasler|73/100\n|cant|p1a: Whimsicott|flinch\n|move|p2a: Archaludon|Flash Cannon|p1a: Whimsicott\n|-supereffective|p1a: Whimsicott|1\n|-damage|p1a: Whimsicott|8/100\n|\n|upkeep\n|turn|2\n|\n|t:|1776376813\n|detailschange|p1b: Kangaskhan|Kangaskhan-Mega, L50, F\n|-mega|p1b: Kangaskhan|Kangaskhan|Kangaskhanite\n|move|p1a: Whimsicott|Encore|p2b: Sneasler\n|-start|p2b: Sneasler|Encore\n|-enditem|p2b: Sneasler|Mental Herb\n|-end|p2b: Sneasler|Encore\n|move|p2b: Sneasler|Dire Claw|p1a: Whimsicott\n|-supereffective|p1a: Whimsicott|2\n|-damage|p1a: Whimsicott|0 fnt\n|faint|p1a: Whimsicott\n|move|p1b: Kangaskhan|Last Resort|p2a: Archaludon\n|-resisted|p2a: Archaludon|1\n|-damage|p2a: Archaludon|75/100\n|-ability|p2a: Archaludon|Stamina|boost\n|-boost|p2a: Archaludon|def|1\n|-resisted|p2a: Archaludon|1\n|-damage|p2a: Archaludon|71/100\n|-ability|p2a: Archaludon|Stamina|boost\n|-boost|p2a: Archaludon|def|1\n|-hitcount|p2a: Archaludon|2\n|move|p2a: Archaludon|Flash Cannon|p1b: Kangaskhan\n|-damage|p1b: Kangaskhan|69/100\n|\n|upkeep\n|\n|t:|1776376825\n|switch|p1a: Sinistcha|Sinistcha, L50|100/100\n|-heal|p1b: Kangaskhan|94/100|[from] ability: Hospitality|[of] p1a: Sinistcha\n|turn|3\n|\n|t:|1776376842\n|switch|p2b: Politoed|Politoed, L50, F|100/100\n|-weather|RainDance|[from] ability: Drizzle|[of] p2b: Politoed\n|switch|p1b: Basculegion|Basculegion, L50, M|100/100\n|move|p2a: Archaludon|Electro Shot||[still]\n|-prepare|p2a: Archaludon|Electro Shot\n|-boost|p2a: Archaludon|spa|1\n|-anim|p2a: Archaludon|Electro Shot|p1a: Sinistcha\n|-resisted|p1a: Sinistcha|1\n|-damage|p1a: Sinistcha|72/100\n|move|p1a: Sinistcha|Trick Room|p1a: Sinistcha\n|-fieldstart|move: Trick Room|[of] p1a: Sinistcha\n|\n|-weather|RainDance|[upkeep]\n|-heal|p1a: Sinistcha|78/100|[from] item: Leftovers\n|upkeep\n|turn|4\n|\n|t:|1776376866\n|switch|p2b: Sneasler|Sneasler, L50, F|73/100\n|move|p1a: Sinistcha|Matcha Gotcha|p2a: Archaludon|[spread] p2a,p2b\n|-resisted|p2a: Archaludon|2\n|-resisted|p2b: Sneasler|1\n|-damage|p2a: Archaludon|65/100\n|-heal|p1a: Sinistcha|81/100|[from] drain|[of] p2a: Archaludon\n|-damage|p2b: Sneasler|57/100\n|-heal|p1a: Sinistcha|89/100|[from] drain|[of] p2b: Sneasler\n|-ability|p2a: Archaludon|Stamina|boost\n|-boost|p2a: Archaludon|def|1\n|move|p2a: Archaludon|Electro Shot||[still]\n|-prepare|p2a: Archaludon|Electro Shot\n|-boost|p2a: Archaludon|spa|1\n|-anim|p2a: Archaludon|Electro Shot|p1b: Basculegion\n|-supereffective|p1b: Basculegion|1\n|-damage|p1b: Basculegion|0 fnt\n|faint|p1b: Basculegion\n|\n|-weather|RainDance|[upkeep]\n|-heal|p1a: Sinistcha|95/100|[from] item: Leftovers\n|upkeep\n|\n|t:|1776376879\n|switch|p1b: Kangaskhan|Kangaskhan-Mega, L50, F|94/100\n|turn|5\n|-message|nngf\u9b3c\u8749\u4fa0 forfeited.\n|\n|win|iliasdelm\n|raw|nngf\u9b3c\u8749\u4fa0's rating: 1285 &rarr; <strong>1262</strong><br />(-23 for losing)\n|raw|iliasdelm's rating: 1312 &rarr; <strong>1330</strong><br />(+18 for winning)\n",
  "uploadtime": 1776376884,
  "views": 35,
  "formatid": "gen9championsvgc2026regma",
  "rating": 1262,
  "private": 0,
  "password": null
}