{
  "id": "gen9championsvgc2026regma-2581411448",
  "format": "[Gen 9 Champions] VGC 2026 Reg M-A",
  "players": [
    "Bbshdhdjf",
    "TroolyGhoulie"
  ],
  "log": "|j|\u2606Bbshdhdjf\n|j|\u2606TroolyGhoulie\n|t:|1775997690\n|gametype|doubles\n|player|p1|Bbshdhdjf|266|1046\n|player|p2|TroolyGhoulie|mina|1000\n|gen|9\n|tier|[Gen 9 Champions] VGC 2026 Reg M-A\n|rated|\n|rule|Species Clause: Limit one of each Pok\u00e9mon\n|rule|Item Clause: Limit 1 of each item\n|clearpoke\n|poke|p1|Charizard, L50, M|\n|poke|p1|Venusaur, L50, M|\n|poke|p1|Palafin, L50, M|\n|poke|p1|Farigiraf, L50, F|\n|poke|p1|Corviknight, L50, M|\n|poke|p1|Skeledirge, L50, M|\n|poke|p2|Drampa, L50, M|\n|poke|p2|Hatterene, L50, F|\n|poke|p2|Torkoal, L50, F|\n|poke|p2|Araquanid, L50, M|\n|poke|p2|Golurk, L50|\n|poke|p2|Mimikyu, L50, M|\n|teampreview|4\n|c|\u2606TroolyGhoulie|gl hf\n|inactive|Battle timer is ON: inactive players will automatically lose when time's up. (requested by TroolyGhoulie)\n|\n|t:|1775997714\n|teamsize|p1|4\n|teamsize|p2|4\n|start\n|switch|p1a: Charizard|Charizard, L50, M|100/100\n|switch|p1b: Skeledirge|Skeledirge, L50, M|100/100\n|switch|p2a: Drampa|Drampa, L50, M|100/100\n|switch|p2b: Hatterene|Hatterene, L50, F|100/100\n|turn|1\n|inactive|Bbshdhdjf has 30 seconds left.\n|\n|t:|1775997747\n|detailschange|p1a: Charizard|Charizard-Mega-Y, L50, M\n|-mega|p1a: Charizard|Charizard|Charizardite Y\n|-weather|SunnyDay|[from] ability: Drought|[of] p1a: Charizard\n|detailschange|p2a: Drampa|Drampa-Mega, L50, M\n|-mega|p2a: Drampa|Drampa|Drampanite\n|move|p1a: Charizard|Dragon Pulse|p2a: Drampa\n|-supereffective|p2a: Drampa|1\n|-damage|p2a: Drampa|40/100\n|-ability|p2a: Drampa|Berserk|boost\n|-boost|p2a: Drampa|spa|1\n|move|p1b: Skeledirge|Shadow Ball|p2b: Hatterene\n|-supereffective|p2b: Hatterene|1\n|-damage|p2b: Hatterene|26/100\n|move|p2a: Drampa|Draco Meteor|p1b: Skeledirge|[miss]\n|-miss|p2a: Drampa|p1b: Skeledirge\n|move|p2b: Hatterene|Trick Room|p2b: Hatterene\n|-fieldstart|move: Trick Room|[of] p2b: Hatterene\n|\n|-weather|SunnyDay|[upkeep]\n|upkeep\n|turn|2\n|inactive|Bbshdhdjf has 30 seconds left.\n|inactive|Bbshdhdjf has 20 seconds left.\n|inactive|Bbshdhdjf has 15 seconds left.\n|\n|t:|1775997788\n|switch|p1a: Farigiraf|Farigiraf, L50, F|100/100\n|move|p2b: Hatterene|Heal Pulse|p2a: Drampa\n|-heal|p2a: Drampa|90/100\n|move|p2a: Drampa|Hyper Voice|p1a: Farigiraf|[spread] p1a\n|-immune|p1b: Skeledirge\n|-damage|p1a: Farigiraf|49/100\n|move|p1b: Skeledirge|Shadow Ball|p2b: Hatterene\n|-supereffective|p2b: Hatterene|1\n|-damage|p2b: Hatterene|0 fnt\n|faint|p2b: Hatterene\n|\n|-weather|SunnyDay|[upkeep]\n|upkeep\n|\n|t:|1775997802\n|switch|p2b: Golurk|Golurk, L50|100/100\n|turn|3\n|\n|t:|1775997812\n|move|p2a: Drampa|Hyper Voice|p1b: Skeledirge|[spread] p1a\n|-immune|p1b: Skeledirge\n|-damage|p1a: Farigiraf|0 fnt\n|faint|p1a: Farigiraf\n|move|p2b: Golurk|Poltergeist|p1b: Skeledirge\n|-activate|p1b: Skeledirge|move: Poltergeist|Charcoal\n|-supereffective|p1b: Skeledirge|1\n|-damage|p1b: Skeledirge|0 fnt\n|faint|p1b: Skeledirge\n|\n|-weather|SunnyDay|[upkeep]\n|upkeep\n|\n|t:|1775997824\n|switch|p1a: Corviknight|Corviknight, L50, M|100/100\n|switch|p1b: Charizard|Charizard-Mega-Y, L50, M|100/100\n|turn|4\n|\n|t:|1775997845\n|move|p2a: Drampa|Fire Blast|p1a: Corviknight\n|-supereffective|p1a: Corviknight|1\n|-enditem|p1a: Corviknight|Occa Berry|[eat]\n|-enditem|p1a: Corviknight|Occa Berry|[weaken]\n|-damage|p1a: Corviknight|0 fnt\n|faint|p1a: Corviknight\n|move|p2b: Golurk|Dynamic Punch|p1b: Charizard\n|-resisted|p1b: Charizard|1\n|-damage|p1b: Charizard|71/100\n|-start|p1b: Charizard|confusion\n|-activate|p1b: Charizard|confusion\n|move|p1b: Charizard|Solar Beam||[still]\n|-prepare|p1b: Charizard|Solar Beam\n|-anim|p1b: Charizard|Solar Beam|p2b: Golurk\n|-supereffective|p2b: Golurk|1\n|-damage|p2b: Golurk|0 fnt\n|faint|p2b: Golurk\n|\n|-weather|SunnyDay|[upkeep]\n|upkeep\n|c|\u2606TroolyGhoulie|damn thats with occa\n|\n|t:|1775997858\n|switch|p2b: Araquanid|Araquanid, L50, M|100/100\n|turn|5\n|c|\u2606TroolyGhoulie|gg wp\n|\n|t:|1775997879\n|move|p2a: Drampa|Hyper Voice|p1b: Charizard\n|-damage|p1b: Charizard|0 fnt\n|faint|p1b: Charizard\n|\n|win|TroolyGhoulie\n|raw|Bbshdhdjf's rating: 1046 &rarr; <strong>1027</strong><br />(-19 for losing)\n|raw|TroolyGhoulie's rating: 1000 &rarr; <strong>1045</strong><br />(+45 for winning)\n|l|\u2606Bbshdhdjf\n|player|p1|\n",
  "uploadtime": 1775997926,
  "views": 20,
  "formatid": "gen9championsvgc2026regma",
  "rating": 1027,
  "private": 0,
  "password": null
}