{
  "id": "gen9championsvgc2026regma-2586849921",
  "format": "[Gen 9 Champions] VGC 2026 Reg M-A",
  "players": [
    "Unpuzzled",
    "segretari4"
  ],
  "log": "|j|\u2606Unpuzzled\n|j|\u2606segretari4\n|t:|1776465189\n|gametype|doubles\n|player|p1|Unpuzzled|102|1165\n|player|p2|segretari4|clerkf|1246\n|gen|9\n|tier|[Gen 9 Champions] VGC 2026 Reg M-A\n|rated|\n|rule|Species Clause: Limit one of each Pok\u00e9mon\n|rule|Item Clause: Limit 1 of each item\n|clearpoke\n|poke|p1|Aerodactyl, L50, F|\n|poke|p1|Hydreigon, L50, F|\n|poke|p1|Excadrill, L50, F|\n|poke|p1|Tauros-Paldea-Aqua, L50, M|\n|poke|p1|Scovillain, L50, F|\n|poke|p1|Azumarill, L50, M|\n|poke|p2|Pelipper, L50, F|\n|poke|p2|Manectric, L50, F|\n|poke|p2|Basculegion, L50, M|\n|poke|p2|Sinistcha, L50|\n|poke|p2|Sneasler, L50, F|\n|poke|p2|Incineroar, L50, F|\n|teampreview|4\n|\n|t:|1776465243\n|teamsize|p1|4\n|teamsize|p2|4\n|start\n|switch|p1a: Hydreigon|Hydreigon, L50, F|100/100\n|switch|p1b: Excadrill|Excadrill, L50, F|100/100\n|switch|p2a: Pelipper|Pelipper, L50, F|100/100\n|switch|p2b: Incineroar|Incineroar, L50, F|100/100\n|-weather|RainDance|[from] ability: Drizzle|[of] p2a: Pelipper\n|-ability|p2b: Incineroar|Intimidate|boost\n|-unboost|p1a: Hydreigon|atk|1\n|-unboost|p1b: Excadrill|atk|1\n|turn|1\n|inactive|Battle timer is ON: inactive players will automatically lose when time's up. (requested by Unpuzzled)\n|\n|t:|1776465284\n|detailschange|p1b: Excadrill|Excadrill-Mega, L50, F\n|-mega|p1b: Excadrill|Excadrill|Excadrite\n|move|p2b: Incineroar|Fake Out|p1a: Hydreigon\n|-damage|p1a: Hydreigon|86/100\n|cant|p1a: Hydreigon|flinch\n|move|p1b: Excadrill|Rock Slide|p2a: Pelipper|[spread] p2a,p2b\n|-supereffective|p2a: Pelipper|1\n|-supereffective|p2b: Incineroar|1\n|-damage|p2a: Pelipper|58/100\n|-damage|p2b: Incineroar|68/100\n|move|p2a: Pelipper|U-turn|p1b: Excadrill\n|-resisted|p1b: Excadrill|1\n|-damage|p1b: Excadrill|97/100\n|\n|t:|1776465296\n|switch|p2a: Basculegion|Basculegion, L50, M|100/100|[from] U-turn\n|\n|-weather|RainDance|[upkeep]\n|upkeep\n|turn|2\n|\n|t:|1776465321\n|switch|p2b: Sinistcha|Sinistcha, L50|100/100\n|move|p2a: Basculegion|Substitute|p2a: Basculegion\n|-start|p2a: Basculegion|Substitute\n|-damage|p2a: Basculegion|75/100\n|move|p1a: Hydreigon|Dark Pulse|p2a: Basculegion\n|-supereffective|p2a: Basculegion|1\n|-end|p2a: Basculegion|Substitute\n|move|p1b: Excadrill|Earthquake|p2a: Basculegion|[spread] p2a,p2b\n|-immune|p1a: Hydreigon|[from] ability: Levitate\n|-resisted|p2b: Sinistcha|1\n|-damage|p2a: Basculegion|33/100\n|-damage|p2b: Sinistcha|86/100\n|\n|-weather|RainDance|[upkeep]\n|-heal|p2a: Basculegion|39/100|[from] item: Leftovers\n|upkeep\n|turn|3\n|inactive|Unpuzzled has 30 seconds left.\n|inactive|segretari4 has 30 seconds left.\n|inactive|segretari4 has 20 seconds left.\n|inactive|segretari4 has 15 seconds left.\n|\n|t:|1776465368\n|move|p2b: Sinistcha|Protect|p2b: Sinistcha\n|-singleturn|p2b: Sinistcha|Protect\n|move|p2a: Basculegion|Wave Crash|p1b: Excadrill\n|-supereffective|p1b: Excadrill|1\n|-damage|p1b: Excadrill|0 fnt\n|faint|p1b: Excadrill\n|-damage|p2a: Basculegion|11/100|[from] Recoil\n|move|p1a: Hydreigon|Dark Pulse|p2b: Sinistcha\n|-activate|p2b: Sinistcha|move: Protect\n|\n|-weather|RainDance|[upkeep]\n|-heal|p2a: Basculegion|17/100|[from] item: Leftovers\n|upkeep\n|\n|t:|1776465384\n|switch|p1b: Aerodactyl|Aerodactyl, L50, F|100/100\n|-ability|p1b: Aerodactyl|Unnerve\n|turn|4\n|\n|t:|1776465393\n|switch|p2b: Incineroar|Incineroar, L50, F|68/100\n|-ability|p2b: Incineroar|Intimidate|boost\n|-unboost|p1a: Hydreigon|atk|1\n|-unboost|p1b: Aerodactyl|atk|1\n|move|p2a: Basculegion|Protect|p2a: Basculegion\n|-singleturn|p2a: Basculegion|Protect\n|move|p1a: Hydreigon|Dark Pulse|p2b: Incineroar\n|-resisted|p2b: Incineroar|1\n|-damage|p2b: Incineroar|51/100\n|move|p1b: Aerodactyl|Tailwind|p1b: Aerodactyl\n|-sidestart|p1: Unpuzzled|move: Tailwind\n|\n|-weather|RainDance|[upkeep]\n|-heal|p2a: Basculegion|24/100|[from] item: Leftovers\n|upkeep\n|turn|5\n|inactive|segretari4 has 30 seconds left.\n|inactive|segretari4 has 20 seconds left.\n|inactive|segretari4 has 15 seconds left.\n|inactive|segretari4 has 10 seconds left.\n|\n|t:|1776465440\n|switch|p2a: Pelipper|Pelipper, L50, F|58/100\n|switch|p2b: Sinistcha|Sinistcha, L50|86/100\n|-heal|p2a: Pelipper|83/100|[from] ability: Hospitality|[of] p2b: Sinistcha\n|move|p1a: Hydreigon|Dark Pulse|p2a: Pelipper\n|-damage|p2a: Pelipper|13/100\n|move|p1b: Aerodactyl|Rock Slide|p2b: Sinistcha|[spread] p2a,p2b\n|-supereffective|p2a: Pelipper|1\n|-damage|p2a: Pelipper|0 fnt\n|-damage|p2b: Sinistcha|71/100\n|faint|p2a: Pelipper\n|\n|-weather|none\n|upkeep\n|\n|t:|1776465455\n|switch|p2a: Incineroar|Incineroar, L50, F|51/100\n|-ability|p2a: Incineroar|Intimidate|boost\n|-unboost|p1a: Hydreigon|atk|1\n|-unboost|p1b: Aerodactyl|atk|1\n|turn|6\n|\n|t:|1776465467\n|move|p2a: Incineroar|Fake Out|p1a: Hydreigon\n|-damage|p1a: Hydreigon|72/100\n|cant|p1a: Hydreigon|flinch\n|move|p1b: Aerodactyl|Dual Wingbeat|p2b: Sinistcha\n|-supereffective|p2b: Sinistcha|1\n|-crit|p2b: Sinistcha\n|-damage|p2b: Sinistcha|23/100\n|-supereffective|p2b: Sinistcha|1\n|-damage|p2b: Sinistcha|6/100\n|-hitcount|p2b: Sinistcha|2\n|move|p2b: Sinistcha|Matcha Gotcha|p1a: Hydreigon|[spread] p1a,p1b\n|-resisted|p1a: Hydreigon|1\n|-damage|p1a: Hydreigon|57/100\n|-heal|p2b: Sinistcha|13/100|[from] drain|[of] p1a: Hydreigon\n|-damage|p1b: Aerodactyl|64/100\n|-heal|p2b: Sinistcha|29/100|[from] drain|[of] p1b: Aerodactyl\n|-status|p1b: Aerodactyl|brn\n|\n|-damage|p1b: Aerodactyl|58/100 brn|[from] brn\n|upkeep\n|turn|7\n|-message|segretari4 forfeited.\n|\n|win|Unpuzzled\n|raw|Unpuzzled's rating: 1165 &rarr; <strong>1196</strong><br />(+31 for winning)\n|raw|segretari4's rating: 1246 &rarr; <strong>1215</strong><br />(-31 for losing)\n|l|\u2606segretari4\n|player|p2|\n",
  "uploadtime": 1776465561,
  "views": 24,
  "formatid": "gen9championsvgc2026regma",
  "rating": 1196,
  "private": 0,
  "password": null
}