{
  "id": "gen9championsvgc2026regma-2585964047",
  "format": "[Gen 9 Champions] VGC 2026 Reg M-A",
  "players": [
    "e1savage",
    "clpb"
  ],
  "log": "|j|\u2606e1savage\n|j|\u2606clpb\n|t:|1776385635\n|gametype|doubles\n|player|p1|e1savage|bruno|1139\n|player|p2|clpb|2|1043\n|gen|9\n|tier|[Gen 9 Champions] VGC 2026 Reg M-A\n|rated|\n|rule|Species Clause: Limit one of each Pok\u00e9mon\n|rule|Item Clause: Limit 1 of each item\n|clearpoke\n|poke|p1|Floette-Eternal, L50, F|\n|poke|p1|Aerodactyl, L50, F|\n|poke|p1|Basculegion, L50, M|\n|poke|p1|Incineroar, L50, M|\n|poke|p1|Garchomp, L50, M|\n|poke|p1|Rotom-Wash, L50|\n|poke|p2|Tinkaton, L50, F|\n|poke|p2|Altaria, L50, F|\n|poke|p2|Basculegion, L50, M|\n|poke|p2|Excadrill, L50, F|\n|poke|p2|Floette-Eternal, L50, F|\n|poke|p2|Rotom-Wash, L50|\n|teampreview|4\n|inactive|Battle timer is ON: inactive players will automatically lose when time's up. (requested by clpb)\n|\n|t:|1776385662\n|teamsize|p1|4\n|teamsize|p2|4\n|start\n|switch|p1a: Aerodactyl|Aerodactyl, L50, F|100/100\n|switch|p1b: Rotom|Rotom-Wash, L50, shiny|100/100\n|switch|p2a: Altaria|Altaria, L50, F|100/100\n|switch|p2b: Tinkaton|Tinkaton, L50, F|100/100\n|-ability|p1a: Aerodactyl|Unnerve\n|-ability|p2a: Altaria|Cloud Nine\n|turn|1\n|inactive|e1savage has 30 seconds left.\n|\n|t:|1776385693\n|move|p1a: Aerodactyl|Protect|p1a: Aerodactyl\n|-singleturn|p1a: Aerodactyl|Protect\n|move|p2b: Tinkaton|Fake Out|p1a: Aerodactyl\n|-activate|p1a: Aerodactyl|move: Protect\n|move|p2a: Altaria|Tailwind|p2a: Altaria\n|-sidestart|p2: clpb|move: Tailwind\n|move|p1b: Rotom|Volt Switch|p2b: Tinkaton\n|-damage|p2b: Tinkaton|58/100\n|\n|t:|1776385702\n|switch|p1b: Basculegion|Basculegion, L50, M|100/100|[from] Volt Switch\n|\n|upkeep\n|turn|2\n|\n|t:|1776385726\n|move|p2b: Tinkaton|Gigaton Hammer|p1a: Aerodactyl\n|-supereffective|p1a: Aerodactyl|1\n|-enditem|p1a: Aerodactyl|Focus Sash\n|-damage|p1a: Aerodactyl|1/100\n|move|p2a: Altaria|Draco Meteor|p1a: Aerodactyl\n|-damage|p1a: Aerodactyl|0 fnt\n|-unboost|p2a: Altaria|spa|2\n|faint|p1a: Aerodactyl\n|move|p1b: Basculegion|Flip Turn|p2b: Tinkaton\n|-damage|p2b: Tinkaton|12/100\n|\n|t:|1776385737\n|switch|p1b: Rotom|Rotom-Wash, L50, shiny|100/100|[from] Flip Turn\n|\n|upkeep\n|\n|t:|1776385740\n|switch|p1a: Basculegion|Basculegion, L50, M|100/100\n|turn|3\n|\n|t:|1776385749\n|move|p2a: Altaria|Helping Hand|p2b: Tinkaton\n|-singleturn|p2b: Tinkaton|Helping Hand|[of] p2a: Altaria\n|move|p1a: Basculegion|Aqua Jet|p2b: Tinkaton\n|-damage|p2b: Tinkaton|0 fnt\n|faint|p2b: Tinkaton\n|move|p1b: Rotom|Thunderbolt|p2a: Altaria\n|-damage|p2a: Altaria|58/100\n|\n|upkeep\n|\n|t:|1776385754\n|switch|p2b: Excadrill|Excadrill, L50, F|100/100\n|turn|4\n|\n|t:|1776385774\n|switch|p2a: Rotom|Rotom-Wash, L50|100/100\n|detailschange|p2b: Excadrill|Excadrill-Mega, L50, F\n|-mega|p2b: Excadrill|Excadrill|Excadrite\n|move|p1a: Basculegion|Aqua Jet|p2b: Excadrill\n|-supereffective|p2b: Excadrill|1\n|-damage|p2b: Excadrill|51/100\n|move|p2b: Excadrill|Earthquake|p1a: Basculegion|[spread] p1a\n|-immune|p2a: Rotom|[from] ability: Levitate\n|-immune|p1b: Rotom|[from] ability: Levitate\n|-damage|p1a: Basculegion|41/100\n|move|p1b: Rotom|Volt Switch|p2a: Rotom\n|-damage|p2a: Rotom|48/100\n|\n|t:|1776385787\n|switch|p1b: Floette|Floette-Eternal, L50, F|100/100|[from] Volt Switch\n|\n|-heal|p2a: Rotom|53/100|[from] item: Leftovers\n|-sideend|p2: clpb|move: Tailwind\n|upkeep\n|turn|5\n|\n|t:|1776385808\n|switch|p2b: Altaria|Altaria, L50, F|58/100\n|-ability|p2b: Altaria|Cloud Nine\n|detailschange|p1b: Floette|Floette-Mega, L50, F\n|-mega|p1b: Floette|Floette|Floettite\n|-ability|p1b: Floette|Fairy Aura\n|move|p1b: Floette|Protect|p1b: Floette\n|-singleturn|p1b: Floette|Protect\n|move|p1a: Basculegion|Aqua Jet|p2b: Altaria\n|-resisted|p2b: Altaria|1\n|-damage|p2b: Altaria|41/100\n|move|p2a: Rotom|Volt Switch|p1a: Basculegion\n|-supereffective|p1a: Basculegion|1\n|-damage|p1a: Basculegion|0 fnt\n|faint|p1a: Basculegion\n|\n|t:|1776385823\n|switch|p2a: Excadrill|Excadrill-Mega, L50, F|51/100|[from] Volt Switch\n|\n|upkeep\n|\n|t:|1776385826\n|switch|p1a: Rotom|Rotom-Wash, L50, shiny|100/100\n|turn|6\n|inactive|clpb has 30 seconds left.\n|\n|t:|1776385854\n|move|p2a: Excadrill|Iron Head|p1b: Floette\n|-supereffective|p1b: Floette|1\n|-damage|p1b: Floette|0 fnt\n|faint|p1b: Floette\n|move|p2b: Altaria|Draco Meteor|p1a: Rotom\n|-crit|p1a: Rotom\n|-damage|p1a: Rotom|43/100\n|-unboost|p2b: Altaria|spa|2\n|move|p1a: Rotom|Hydro Pump|p2a: Excadrill\n|-supereffective|p2a: Excadrill|1\n|-damage|p2a: Excadrill|0 fnt\n|faint|p2a: Excadrill\n|\n|upkeep\n|\n|t:|1776385864\n|switch|p2a: Rotom|Rotom-Wash, L50|53/100\n|turn|7\n|c|\u2606e1savage|lucky crit\n|-message|e1savage forfeited.\n|\n|win|clpb\n|raw|e1savage's rating: 1139 &rarr; <strong>1107</strong><br />(-32 for losing)\n|raw|clpb's rating: 1043 &rarr; <strong>1086</strong><br />(+43 for winning)\n|l|\u2606e1savage\n|player|p1|\n",
  "uploadtime": 1776386019,
  "views": 18,
  "formatid": "gen9championsvgc2026regma",
  "rating": 1086,
  "private": 0,
  "password": null
}