{
  "id": "gen9championsvgc2026regma-2587149368",
  "format": "[Gen 9 Champions] VGC 2026 Reg M-A",
  "players": [
    "GodzDance",
    "Shadyapple132"
  ],
  "log": "|j|\u2606GodzDance\n|j|\u2606Shadyapple132\n|t:|1776500651\n|gametype|doubles\n|player|p1|GodzDance|1|1069\n|player|p2|Shadyapple132|hilbert-wonderlauncher|1069\n|gen|9\n|tier|[Gen 9 Champions] VGC 2026 Reg M-A\n|rated|\n|rule|Species Clause: Limit one of each Pok\u00e9mon\n|rule|Item Clause: Limit 1 of each item\n|clearpoke\n|poke|p1|Volcarona, L50, M|\n|poke|p1|Farigiraf, L50, F|\n|poke|p1|Corviknight, L50, M|\n|poke|p1|Crabominable, L50, M|\n|poke|p1|Incineroar, L50, F|\n|poke|p1|Greninja, L50, F|\n|poke|p2|Gyarados, L50, F, shiny|\n|poke|p2|Pelipper, L50, M|\n|poke|p2|Sinistcha, L50|\n|poke|p2|Scizor, L50, M|\n|poke|p2|Toxapex, L50, F|\n|poke|p2|Blastoise, L50, F|\n|teampreview|4\n|inactive|Battle timer is ON: inactive players will automatically lose when time's up. (requested by Shadyapple132)\n|inactive|GodzDance has 60 seconds left.\n|\n|t:|1776500698\n|teamsize|p1|4\n|teamsize|p2|4\n|start\n|switch|p1a: Farigiraf|Farigiraf, L50, F|100/100\n|switch|p1b: Greninja|Greninja, L50, F|100/100\n|switch|p2a: Blastoise|Blastoise, L50, F|100/100\n|switch|p2b: Pelipper|Pelipper, L50, M|100/100\n|-weather|RainDance|[from] ability: Drizzle|[of] p2b: Pelipper\n|turn|1\n|inactive|Shadyapple132 has 30 seconds left.\n|\n|t:|1776500724\n|move|p1b: Greninja|Dark Pulse|p2b: Pelipper\n|-start|p1b: Greninja|typechange|Dark|[from] ability: Protean\n|-damage|p2b: Pelipper|32/100\n|-enditem|p2b: Pelipper|Sitrus Berry|[eat]\n|-heal|p2b: Pelipper|56/100|[from] item: Sitrus Berry\n|move|p2b: Pelipper|Tailwind|p2b: Pelipper\n|-sidestart|p2: Shadyapple132|move: Tailwind\n|move|p2a: Blastoise|Muddy Water|p1a: Farigiraf|[spread] p1a,p1b\n|-damage|p1a: Farigiraf|67/100\n|-damage|p1b: Greninja|28/100\n|move|p1a: Farigiraf|Trick Room|p1a: Farigiraf\n|-fieldstart|move: Trick Room|[of] p1a: Farigiraf\n|\n|-weather|RainDance|[upkeep]\n|upkeep\n|turn|2\n|inactive|GodzDance has 30 seconds left.\n|inactive|Shadyapple132 has 30 seconds left.\n|\n|t:|1776500754\n|move|p2b: Pelipper|Protect|p2b: Pelipper\n|-singleturn|p2b: Pelipper|Protect\n|move|p1a: Farigiraf|Psychic|p2a: Blastoise\n|-damage|p2a: Blastoise|65/100\n|move|p1b: Greninja|Dark Pulse|p2a: Blastoise\n|-damage|p2a: Blastoise|33/100\n|move|p2a: Blastoise|Blizzard|p1a: Farigiraf|[spread] p1a,p1b\n|-damage|p1a: Farigiraf|48/100\n|-damage|p1b: Greninja|0 fnt\n|faint|p1b: Greninja\n|\n|-weather|RainDance|[upkeep]\n|-heal|p2a: Blastoise|39/100|[from] ability: Rain Dish\n|upkeep\n|\n|t:|1776500769\n|switch|p1b: Crabominable|Crabominable, L50, M|100/100\n|turn|3\n|inactive|Shadyapple132 has 30 seconds left.\n|\n|t:|1776500798\n|move|p1b: Crabominable|Ice Hammer|p2b: Pelipper\n|-damage|p2b: Pelipper|0 fnt\n|-unboost|p1b: Crabominable|spe|1\n|faint|p2b: Pelipper\n|move|p1a: Farigiraf|Hyper Voice|p2a: Blastoise\n|-damage|p2a: Blastoise|7/100\n|move|p2a: Blastoise|Muddy Water|p1b: Crabominable|[spread] p1a\n|-miss|p2a: Blastoise|p1b: Crabominable\n|-damage|p1a: Farigiraf|13/100\n|-unboost|p1a: Farigiraf|accuracy|1\n|\n|-weather|RainDance|[upkeep]\n|-heal|p2a: Blastoise|13/100|[from] ability: Rain Dish\n|upkeep\n|\n|t:|1776500816\n|switch|p2b: Gyarados|Gyarados, L50, F, shiny|100/100\n|-ability|p2b: Gyarados|Intimidate|boost\n|-unboost|p1a: Farigiraf|atk|1\n|-unboost|p1b: Crabominable|atk|1\n|turn|4\n|\n|t:|1776500829\n|detailschange|p2b: Gyarados|Gyarados-Mega, L50, F, shiny\n|-mega|p2b: Gyarados|Gyarados|Gyaradosite\n|-ability|p2b: Gyarados|Mold Breaker\n|move|p1b: Crabominable|Ice Hammer|p2b: Gyarados\n|-resisted|p2b: Gyarados|1\n|-damage|p2b: Gyarados|79/100\n|-unboost|p1b: Crabominable|spe|1\n|move|p1a: Farigiraf|Hyper Voice|p2a: Blastoise|[spread] p2b\n|-miss|p1a: Farigiraf|p2a: Blastoise\n|-damage|p2b: Gyarados|56/100\n|move|p2a: Blastoise|Hydro Cannon|p1b: Crabominable\n|-damage|p1b: Crabominable|0 fnt\n|-mustrecharge|p2a: Blastoise\n|faint|p1b: Crabominable\n|move|p2b: Gyarados|Waterfall|p1a: Farigiraf\n|-damage|p1a: Farigiraf|0 fnt\n|faint|p1a: Farigiraf\n|\n|-weather|RainDance|[upkeep]\n|-heal|p2a: Blastoise|19/100|[from] ability: Rain Dish\n|-sideend|p2: Shadyapple132|move: Tailwind\n|upkeep\n|\n|t:|1776500852\n|switch|p1a: Corviknight|Corviknight, L50, M|100/100\n|turn|5\n|\n|t:|1776500861\n|move|p1a: Corviknight|Body Press|p2b: Gyarados\n|-supereffective|p2b: Gyarados|1\n|-damage|p2b: Gyarados|2/100\n|cant|p2a: Blastoise|recharge\n|move|p2b: Gyarados|Waterfall|p1a: Corviknight\n|-damage|p1a: Corviknight|55/100\n|\n|-weather|none\n|-heal|p1a: Corviknight|60/100|[from] item: Leftovers\n|-fieldend|move: Trick Room\n|upkeep\n|turn|6\n|\n|t:|1776500881\n|move|p2b: Gyarados|Waterfall|p1a: Corviknight\n|-damage|p1a: Corviknight|31/100\n|move|p2a: Blastoise|Hydro Cannon|p1a: Corviknight\n|-damage|p1a: Corviknight|0 fnt\n|-mustrecharge|p2a: Blastoise\n|faint|p1a: Corviknight\n|\n|win|Shadyapple132\n|raw|GodzDance's rating: 1069 &rarr; <strong>1049</strong><br />(-20 for losing)\n|raw|Shadyapple132's rating: 1069 &rarr; <strong>1099</strong><br />(+30 for winning)\n|l|\u2606GodzDance\n|player|p1|\n",
  "uploadtime": 1776500901,
  "views": 13,
  "formatid": "gen9championsvgc2026regma",
  "rating": 1049,
  "private": 0,
  "password": null
}