{
  "id": "gen9championsvgc2026regma-2584667650",
  "format": "[Gen 9 Champions] VGC 2026 Reg M-A",
  "players": [
    "mksgms",
    "DryIceBros"
  ],
  "log": "|j|\u2606mksgms\n|j|\u2606DryIceBros\n|t:|1776275550\n|gametype|doubles\n|player|p1|mksgms|102|1305\n|player|p2|DryIceBros|mars|1288\n|gen|9\n|tier|[Gen 9 Champions] VGC 2026 Reg M-A\n|rated|\n|rule|Species Clause: Limit one of each Pok\u00e9mon\n|rule|Item Clause: Limit 1 of each item\n|clearpoke\n|poke|p1|Floette-Eternal, L50, F|\n|poke|p1|Sneasler, L50, M|\n|poke|p1|Garchomp, L50, M|\n|poke|p1|Talonflame, L50, M|\n|poke|p1|Rotom-Wash, L50|\n|poke|p1|Kingambit, L50, M|\n|poke|p2|Crabominable, L50, M|\n|poke|p2|Slowking-Galar, L50, M|\n|poke|p2|Incineroar, L50, F|\n|poke|p2|Sinistcha, L50|\n|poke|p2|Primarina, L50, M|\n|poke|p2|Kingambit, L50, F|\n|teampreview|4\n|inactive|Battle timer is ON: inactive players will automatically lose when time's up. (requested by mksgms)\n|inactive|mksgms has 60 seconds left.\n|inactive|DryIceBros has 60 seconds left.\n|\n|t:|1776275610\n|teamsize|p1|4\n|teamsize|p2|4\n|start\n|switch|p1a: Talonflame|Talonflame, L50, M|100/100\n|switch|p1b: Sneasler|Sneasler, L50, M|100/100\n|switch|p2a: Slowking|Slowking-Galar, L50, M|100/100\n|switch|p2b: Kingambit|Kingambit, L50, F|100/100\n|turn|1\n|\n|t:|1776275625\n|move|p2b: Kingambit|Protect|p2b: Kingambit\n|-singleturn|p2b: Kingambit|Protect\n|move|p1b: Sneasler|Fake Out|p2b: Kingambit\n|-activate|p2b: Kingambit|move: Protect\n|move|p1a: Talonflame|Taunt|p2a: Slowking\n|-start|p2a: Slowking|move: Taunt\n|cant|p2a: Slowking|move: Taunt|Trick Room\n|\n|upkeep\n|turn|2\n|inactive|mksgms has 30 seconds left.\n|inactive|mksgms has 20 seconds left.\n|\n|t:|1776275660\n|switch|p1b: Kingambit|Kingambit, L50, M|100/100\n|switch|p2b: Primarina|Primarina, L50, M|100/100\n|move|p1a: Talonflame|Tailwind|p1a: Talonflame\n|-sidestart|p1: mksgms|move: Tailwind\n|move|p2a: Slowking|Psychic|p1b: Kingambit\n|-immune|p1b: Kingambit\n|\n|upkeep\n|turn|3\n|inactive|mksgms has 30 seconds left.\n|inactive|DryIceBros has 30 seconds left.\n|\n|t:|1776275694\n|switch|p2a: Kingambit|Kingambit, L50, F|100/100\n|move|p2b: Primarina|Protect|p2b: Primarina\n|-singleturn|p2b: Primarina|Protect\n|move|p1a: Talonflame|Dual Wingbeat|p2b: Primarina\n|-activate|p2b: Primarina|move: Protect\n|move|p1b: Kingambit|Iron Head|p2b: Primarina\n|-activate|p2b: Primarina|move: Protect\n|\n|upkeep\n|turn|4\n|\n|t:|1776275703\n|move|p2a: Kingambit|Protect|p2a: Kingambit\n|-singleturn|p2a: Kingambit|Protect\n|move|p1a: Talonflame|Dual Wingbeat|p2b: Primarina|[miss]\n|-miss|p1a: Talonflame|p2b: Primarina\n|move|p1b: Kingambit|Low Kick|p2a: Kingambit\n|-activate|p2a: Kingambit|move: Protect\n|move|p2b: Primarina|Hyper Voice|p1a: Talonflame|[spread] p1a,p1b\n|-supereffective|p1a: Talonflame|1\n|-crit|p1a: Talonflame\n|-enditem|p1a: Talonflame|Focus Sash\n|-damage|p1a: Talonflame|1/100\n|-damage|p1b: Kingambit|65/100\n|\n|upkeep\n|turn|5\n|inactive|DryIceBros has 30 seconds left.\n|\n|t:|1776275730\n|switch|p2a: Slowking|Slowking-Galar, L50, M|100/100\n|move|p1a: Talonflame|Dual Wingbeat|p2b: Primarina\n|-damage|p2b: Primarina|83/100\n|-damage|p2b: Primarina|65/100\n|-hitcount|p2b: Primarina|2\n|move|p1b: Kingambit|Iron Head|p2b: Primarina\n|-crit|p2b: Primarina\n|-damage|p2b: Primarina|0 fnt\n|faint|p2b: Primarina\n|\n|-sideend|p1: mksgms|move: Tailwind\n|upkeep\n|\n|t:|1776275739\n|switch|p2b: Kingambit|Kingambit, L50, F|100/100\n|turn|6\n|inactive|mksgms has 30 seconds left.\n|\n|t:|1776275766\n|switch|p1b: Floette|Floette-Eternal, L50, F|100/100\n|move|p2b: Kingambit|Protect|p2b: Kingambit\n|-singleturn|p2b: Kingambit|Protect\n|move|p1a: Talonflame|Taunt|p2a: Slowking\n|-start|p2a: Slowking|move: Taunt\n|cant|p2a: Slowking|move: Taunt|Trick Room\n|\n|upkeep\n|turn|7\n|inactive|mksgms has 30 seconds left.\n|inactive|mksgms has 20 seconds left.\n|\n|t:|1776275803\n|detailschange|p1b: Floette|Floette-Mega, L50, F\n|-mega|p1b: Floette|Floette|Floettite\n|-ability|p1b: Floette|Fairy Aura\n|move|p1a: Talonflame|Dual Wingbeat|p2a: Slowking\n|-damage|p2a: Slowking|87/100\n|-damage|p2a: Slowking|72/100\n|-hitcount|p2a: Slowking|2\n|move|p1b: Floette|Moonblast|p2b: Kingambit\n|-damage|p2b: Kingambit|15/100\n|move|p2b: Kingambit|Iron Head|p1b: Floette\n|-supereffective|p1b: Floette|1\n|-damage|p1b: Floette|0 fnt\n|faint|p1b: Floette\n|move|p2a: Slowking|Sludge Bomb|p1a: Talonflame\n|-damage|p1a: Talonflame|0 fnt\n|faint|p1a: Talonflame\n|\n|upkeep\n|\n|t:|1776275818\n|switch|p1a: Kingambit|Kingambit, L50, M|65/100\n|switch|p1b: Sneasler|Sneasler, L50, M|100/100\n|turn|8\n|\n|t:|1776275841\n|move|p1b: Sneasler|Fake Out|p2b: Kingambit\n|-resisted|p2b: Kingambit|1\n|-damage|p2b: Kingambit|9/100\n|cant|p2b: Kingambit|flinch\n|move|p1a: Kingambit|Iron Head|p2a: Slowking\n|-damage|p2a: Slowking|29/100\n|move|p2a: Slowking|Psychic|p1b: Sneasler\n|-supereffective|p1b: Sneasler|2\n|-damage|p1b: Sneasler|0 fnt\n|faint|p1b: Sneasler\n|\n|-end|p2a: Slowking|move: Taunt\n|upkeep\n|turn|9\n|\n|t:|1776275866\n|move|p2b: Kingambit|Low Kick|p1a: Kingambit\n|-supereffective|p1a: Kingambit|2\n|-enditem|p1a: Kingambit|Chople Berry|[eat]\n|-enditem|p1a: Kingambit|Chople Berry|[weaken]\n|-damage|p1a: Kingambit|8/100\n|move|p1a: Kingambit|Low Kick|p2b: Kingambit\n|-supereffective|p2b: Kingambit|2\n|-damage|p2b: Kingambit|0 fnt\n|faint|p2b: Kingambit\n|move|p2a: Slowking|Trick Room|p2a: Slowking\n|-fieldstart|move: Trick Room|[of] p2a: Slowking\n|\n|upkeep\n|\n|t:|1776275872\n|switch|p2b: Crabominable|Crabominable, L50, M|100/100\n|turn|10\n|-message|mksgms forfeited.\n|l|\u2606mksgms\n|inactive|mksgms disconnected and has a minute to reconnect!\n|player|p1|\n|\n|win|DryIceBros\n|raw|mksgms's rating: 1305 &rarr; <strong>1284</strong><br />(-21 for losing)\n|raw|DryIceBros's rating: 1288 &rarr; <strong>1314</strong><br />(+26 for winning)\n",
  "uploadtime": 1776275882,
  "views": 37,
  "formatid": "gen9championsvgc2026regma",
  "rating": 1284,
  "private": 0,
  "password": null
}