{
  "id": "gen9championsvgc2026regma-2580523210",
  "format": "[Gen 9 Champions] VGC 2026 Reg M-A",
  "players": [
    "Lyph88",
    "ajaihaja"
  ],
  "log": "|j|\u2606Lyph88\n|j|\u2606ajaihaja\n|t:|1775908495\n|gametype|doubles\n|player|p1|Lyph88|lucas-gen4pt|1078\n|player|p2|ajaihaja|169|1000\n|gen|9\n|tier|[Gen 9 Champions] VGC 2026 Reg M-A\n|rated|\n|rule|Species Clause: Limit one of each Pok\u00e9mon\n|rule|Item Clause: Limit 1 of each item\n|clearpoke\n|poke|p1|Incineroar, L50, M|\n|poke|p1|Kingambit, L50, M|\n|poke|p1|Sinistcha, L50|\n|poke|p1|Gengar, L50, M|\n|poke|p1|Tyranitar, L50, M|\n|poke|p1|Basculegion, L50, M|\n|poke|p2|Floette-Eternal, L50, F|\n|poke|p2|Garchomp, L50, M|\n|poke|p2|Sinistcha, L50|\n|poke|p2|Incineroar, L50, F|\n|poke|p2|Rotom-Wash, L50|\n|poke|p2|Talonflame, L50, F|\n|teampreview|4\n|\n|t:|1775908542\n|teamsize|p1|4\n|teamsize|p2|4\n|start\n|switch|p1a: Gengar|Gengar, L50, M|100/100\n|switch|p1b: Incineroar|Incineroar, L50, M|100/100\n|switch|p2a: Garchomp|Garchomp, L50, M|100/100\n|switch|p2b: Incineroar|Incineroar, L50, F|100/100\n|-ability|p2b: Incineroar|Intimidate|boost\n|-unboost|p1a: Gengar|atk|1\n|-unboost|p1b: Incineroar|atk|1\n|-ability|p1b: Incineroar|Intimidate|boost\n|-unboost|p2a: Garchomp|atk|1\n|-unboost|p2b: Incineroar|atk|1\n|-enditem|p2a: Garchomp|White Herb\n|-clearnegativeboost|p2a: Garchomp|[silent]\n|turn|1\n|\n|t:|1775908589\n|detailschange|p1a: Gengar|Gengar-Mega, L50, M\n|-mega|p1a: Gengar|Gengar|Gengarite\n|move|p2a: Garchomp|Protect|p2a: Garchomp\n|-singleturn|p2a: Garchomp|Protect\n|move|p1b: Incineroar|Fake Out|p2a: Garchomp\n|-activate|p2a: Garchomp|move: Protect\n|move|p1a: Gengar|Perish Song|p1a: Gengar\n|-start|p1a: Gengar|perish3|[silent]\n|-start|p1b: Incineroar|perish3|[silent]\n|-start|p2a: Garchomp|perish3|[silent]\n|-start|p2b: Incineroar|perish3|[silent]\n|-fieldactivate|move: Perish Song\n|move|p2b: Incineroar|Parting Shot|p1a: Gengar\n|-unboost|p1a: Gengar|atk|1\n|-unboost|p1a: Gengar|spa|1\n|\n|t:|1775908601\n|switch|p2b: Rotom|Rotom-Wash, L50|100/100|[from] Parting Shot\n|\n|-start|p1a: Gengar|perish3\n|-start|p2a: Garchomp|perish3\n|-start|p1b: Incineroar|perish3\n|upkeep\n|turn|2\n|\n|t:|1775908637\n|move|p1a: Gengar|Protect|p1a: Gengar\n|-singleturn|p1a: Gengar|Protect\n|move|p1b: Incineroar|Protect|p1b: Incineroar\n|-singleturn|p1b: Incineroar|Protect\n|move|p2b: Rotom|Volt Switch|p1a: Gengar\n|-activate|p1a: Gengar|move: Protect\n|move|p2a: Garchomp|Earthquake|p1b: Incineroar|[spread] \n|-activate|p1a: Gengar|move: Protect\n|-activate|p1b: Incineroar|move: Protect\n|-immune|p2b: Rotom|[from] ability: Levitate\n|\n|-start|p1a: Gengar|perish2\n|-start|p2a: Garchomp|perish2\n|-start|p1b: Incineroar|perish2\n|upkeep\n|turn|3\n|\n|t:|1775908666\n|switch|p1a: Sinistcha|Sinistcha, L50|100/100\n|move|p2b: Rotom|Volt Switch|p1b: Incineroar\n|-damage|p1b: Incineroar|73/100\n|\n|t:|1775908673\n|switch|p2b: Incineroar|Incineroar, L50, F|100/100|[from] Volt Switch\n|-ability|p2b: Incineroar|Intimidate|boost\n|-unboost|p1a: Sinistcha|atk|1\n|-unboost|p1b: Incineroar|atk|1\n|move|p2a: Garchomp|Earthquake|p1b: Incineroar|[spread] p2b,p1a,p1b\n|-supereffective|p2b: Incineroar|1\n|-resisted|p1a: Sinistcha|1\n|-supereffective|p1b: Incineroar|1\n|-enditem|p1b: Incineroar|Shuca Berry|[eat]\n|-enditem|p1b: Incineroar|Shuca Berry|[weaken]\n|-damage|p2b: Incineroar|44/100\n|-damage|p1a: Sinistcha|82/100\n|-damage|p1b: Incineroar|41/100\n|move|p1b: Incineroar|Parting Shot|p2b: Incineroar\n|-unboost|p2b: Incineroar|atk|1\n|-unboost|p2b: Incineroar|spa|1\n|\n|t:|1775908687\n|switch|p1b: Gengar|Gengar-Mega, L50, M|100/100|[from] Parting Shot\n|\n|-start|p2a: Garchomp|perish1\n|upkeep\n|turn|4\n|\n|t:|1775908720\n|switch|p1a: Incineroar|Incineroar, L50, M|41/100\n|-ability|p1a: Incineroar|Intimidate|boost\n|-unboost|p2a: Garchomp|atk|1\n|-unboost|p2b: Incineroar|atk|1\n|move|p1b: Gengar|Protect|p1b: Gengar\n|-singleturn|p1b: Gengar|Protect\n|move|p2a: Garchomp|Stomping Tantrum|p1b: Gengar\n|-activate|p1b: Gengar|move: Protect\n|move|p2b: Incineroar|Darkest Lariat|p1b: Gengar\n|-activate|p1b: Gengar|move: Protect\n|\n|-start|p2a: Garchomp|perish0\n|faint|p2a: Garchomp\n|upkeep\n|\n|t:|1775908725\n|switch|p2a: Rotom|Rotom-Wash, L50|100/100\n|turn|5\n|\n|t:|1775908771\n|move|p1a: Incineroar|Fake Out|p2a: Rotom\n|-damage|p2a: Rotom|87/100\n|cant|p2a: Rotom|flinch\n|move|p1b: Gengar|Shadow Ball|p2a: Rotom\n|-damage|p2a: Rotom|27/100\n|-unboost|p2a: Rotom|spd|1\n|move|p2b: Incineroar|Darkest Lariat|p1b: Gengar\n|-supereffective|p1b: Gengar|1\n|-damage|p1b: Gengar|55/100\n|\n|upkeep\n|turn|6\n|\n|t:|1775908798\n|switch|p1b: Kingambit|Kingambit, L50, M|100/100\n|move|p2a: Rotom|Volt Switch|p1a: Incineroar\n|-damage|p1a: Incineroar|12/100\n|\n|t:|1775908804\n|switch|p2a: Floette|Floette-Eternal, L50, F|100/100|[from] Volt Switch\n|move|p2b: Incineroar|Parting Shot|p1b: Kingambit\n|-unboost|p1b: Kingambit|atk|1\n|-ability|p1b: Kingambit|Defiant|boost\n|-boost|p1b: Kingambit|atk|2\n|-unboost|p1b: Kingambit|spa|1\n|-ability|p1b: Kingambit|Defiant|boost\n|-boost|p1b: Kingambit|atk|2\n|\n|t:|1775908814\n|switch|p2b: Rotom|Rotom-Wash, L50|27/100|[from] Parting Shot\n|move|p1a: Incineroar|Parting Shot|p1b: Kingambit\n|-unboost|p1b: Kingambit|atk|1\n|-unboost|p1b: Kingambit|spa|1\n|\n|t:|1775908829\n|switch|p1a: Sinistcha|Sinistcha, L50|82/100|[from] Parting Shot\n|\n|upkeep\n|turn|7\n|\n|t:|1775908860\n|switch|p2b: Incineroar|Incineroar, L50, F|44/100\n|-ability|p2b: Incineroar|Intimidate|boost\n|-unboost|p1a: Sinistcha|atk|1\n|-unboost|p1b: Kingambit|atk|1\n|-ability|p1b: Kingambit|Defiant|boost\n|-boost|p1b: Kingambit|atk|2\n|move|p1a: Sinistcha|Rage Powder|p1a: Sinistcha\n|-singleturn|p1a: Sinistcha|move: Rage Powder\n|move|p2a: Floette|Calm Mind|p2a: Floette\n|-boost|p2a: Floette|spa|1\n|-boost|p2a: Floette|spd|1\n|move|p1b: Kingambit|Iron Head|p2a: Floette\n|-supereffective|p2a: Floette|1\n|-damage|p2a: Floette|0 fnt\n|faint|p2a: Floette\n|\n|upkeep\n|-message|ajaihaja forfeited.\n|\n|win|Lyph88\n|raw|Lyph88's rating: 1078 &rarr; <strong>1100</strong><br />(+22 for winning)\n|raw|ajaihaja's rating: 1000 &rarr; <strong>1000</strong><br />(+0 for losing)\n|l|\u2606ajaihaja\n|player|p2|\n",
  "uploadtime": 1775908950,
  "views": 12,
  "formatid": "gen9championsvgc2026regma",
  "rating": 1000,
  "private": 0,
  "password": null
}