{
  "id": "gen9championsvgc2026regma-2582422886",
  "format": "[Gen 9 Champions] VGC 2026 Reg M-A",
  "players": [
    "airi love",
    "PokeHys"
  ],
  "log": "|j|\u2606airi love\n|j|\u2606PokeHys\n|t:|1776090696\n|gametype|doubles\n|player|p1|airi love|dawn|1399\n|player|p2|PokeHys|blackbelt-gen4dp|1505\n|gen|9\n|tier|[Gen 9 Champions] VGC 2026 Reg M-A\n|rated|\n|rule|Species Clause: Limit one of each Pok\u00e9mon\n|rule|Item Clause: Limit 1 of each item\n|clearpoke\n|poke|p1|Floette-Eternal, L50, F|\n|poke|p1|Tyranitar, L50, F|\n|poke|p1|Excadrill, L50, M|\n|poke|p1|Noivern, L50, M|\n|poke|p1|Sneasler, L50, F|\n|poke|p1|Rotom-Wash, L50|\n|poke|p2|Torkoal, L50, F|\n|poke|p2|Farigiraf, L50, F|\n|poke|p2|Venusaur, L50, M|\n|poke|p2|Golurk, L50|\n|poke|p2|Incineroar, L50, M|\n|poke|p2|Charizard, L50, F|\n|teampreview|4\n|inactive|Battle timer is ON: inactive players will automatically lose when time's up. (requested by PokeHys)\n|inactive|airi love has 60 seconds left.\n|\n|t:|1776090727\n|teamsize|p1|4\n|teamsize|p2|4\n|start\n|switch|p1a: Sneasler|Sneasler, L50, F|100/100\n|switch|p1b: Noivern|Noivern, L50, M|100/100\n|switch|p2a: Incineroar|Incineroar, L50, M|100/100\n|switch|p2b: Farigiraf|Farigiraf, L50, F|100/100\n|-item|p2a: Incineroar|White Herb|[from] ability: Frisk|[of] p1b: Noivern\n|-item|p2b: Farigiraf|Silk Scarf|[from] ability: Frisk|[of] p1b: Noivern\n|-ability|p2a: Incineroar|Intimidate|boost\n|-unboost|p1a: Sneasler|atk|1\n|-unboost|p1b: Noivern|atk|1\n|-enditem|p1a: Sneasler|White Herb\n|-clearnegativeboost|p1a: Sneasler|[silent]\n|turn|1\n|j| Blueaquajet3\n|inactive|airi love has 30 seconds left.\n|inactive|PokeHys has 30 seconds left.\n|j| Trickyleg\n|\n|t:|1776090762\n|switch|p1a: Tyranitar|Tyranitar, L50, F|100/100\n|-weather|Sandstorm|[from] ability: Sand Stream|[of] p1a: Tyranitar\n|move|p2a: Incineroar|Fake Out|p1a: Tyranitar\n|-resisted|p1a: Tyranitar|1\n|-damage|p1a: Tyranitar|95/100\n|move|p1b: Noivern|Draco Meteor|p2a: Incineroar\n|-damage|p2a: Incineroar|51/100\n|-unboost|p1b: Noivern|spa|2\n|move|p2b: Farigiraf|Trick Room|p2b: Farigiraf\n|-fieldstart|move: Trick Room|[of] p2b: Farigiraf\n|\n|-weather|Sandstorm|[upkeep]\n|-damage|p2b: Farigiraf|95/100|[from] Sandstorm\n|-damage|p2a: Incineroar|45/100|[from] Sandstorm\n|-damage|p1b: Noivern|94/100|[from] Sandstorm\n|upkeep\n|turn|2\n|inactive|airi love has 30 seconds left.\n|\n|t:|1776090787\n|detailschange|p1a: Tyranitar|Tyranitar-Mega, L50, F\n|-mega|p1a: Tyranitar|Tyranitar|Tyranitarite\n|move|p2b: Farigiraf|Psychic|p1b: Noivern\n|-damage|p1b: Noivern|42/100\n|-enditem|p1b: Noivern|Sitrus Berry|[eat]\n|-heal|p1b: Noivern|67/100|[from] item: Sitrus Berry\n|move|p2a: Incineroar|Close Combat|p1a: Tyranitar\n|-supereffective|p1a: Tyranitar|2\n|-damage|p1a: Tyranitar|0 fnt\n|-unboost|p2a: Incineroar|def|1\n|-unboost|p2a: Incineroar|spd|1\n|faint|p1a: Tyranitar\n|-enditem|p2a: Incineroar|White Herb\n|-clearnegativeboost|p2a: Incineroar|[silent]\n|move|p1b: Noivern|Draco Meteor|p2b: Farigiraf\n|-damage|p2b: Farigiraf|65/100\n|-unboost|p1b: Noivern|spa|2\n|\n|-weather|Sandstorm|[upkeep]\n|-damage|p2b: Farigiraf|60/100|[from] Sandstorm\n|-damage|p2a: Incineroar|39/100|[from] Sandstorm\n|-damage|p1b: Noivern|61/100|[from] Sandstorm\n|upkeep\n|\n|t:|1776090803\n|switch|p1a: Excadrill|Excadrill, L50, M|100/100\n|turn|3\n|l| Trickyleg\n|\n|t:|1776090811\n|move|p1a: Excadrill|Protect|p1a: Excadrill\n|-singleturn|p1a: Excadrill|Protect\n|move|p2b: Farigiraf|Hyper Voice|p1a: Excadrill|[spread] p1b\n|-activate|p1a: Excadrill|move: Protect\n|-damage|p1b: Noivern|5/100\n|move|p2a: Incineroar|Close Combat|p1a: Excadrill\n|-activate|p1a: Excadrill|move: Protect\n|move|p1b: Noivern|Draco Meteor|p2b: Farigiraf\n|-damage|p2b: Farigiraf|40/100\n|-unboost|p1b: Noivern|spa|2\n|\n|-weather|Sandstorm|[upkeep]\n|-damage|p2b: Farigiraf|35/100|[from] Sandstorm\n|-damage|p2a: Incineroar|33/100|[from] Sandstorm\n|-damage|p1b: Noivern|0 fnt|[from] Sandstorm\n|faint|p1b: Noivern\n|upkeep\n|\n|t:|1776090820\n|switch|p1b: Sneasler|Sneasler, L50, F|100/100\n|turn|4\n|\n|t:|1776090829\n|move|p1b: Sneasler|Protect|p1b: Sneasler\n|-singleturn|p1b: Sneasler|Protect\n|move|p2b: Farigiraf|Hyper Voice|p1a: Excadrill|[spread] p1a\n|-activate|p1b: Sneasler|move: Protect\n|-resisted|p1a: Excadrill|1\n|-damage|p1a: Excadrill|76/100\n|move|p2a: Incineroar|Close Combat|p1a: Excadrill\n|-supereffective|p1a: Excadrill|1\n|-damage|p1a: Excadrill|0 fnt\n|-unboost|p2a: Incineroar|def|1\n|-unboost|p2a: Incineroar|spd|1\n|faint|p1a: Excadrill\n|\n|-weather|Sandstorm|[upkeep]\n|-damage|p2b: Farigiraf|29/100|[from] Sandstorm\n|-damage|p2a: Incineroar|27/100|[from] Sandstorm\n|-damage|p1b: Sneasler|95/100|[from] Sandstorm\n|upkeep\n|turn|5\n|-message|airi love forfeited.\n|\n|win|PokeHys\n|raw|airi love's rating: 1399 &rarr; <strong>1385</strong><br />(-14 for losing)\n|raw|PokeHys's rating: 1505 &rarr; <strong>1519</strong><br />(+14 for winning)\n",
  "uploadtime": 1776090841,
  "views": 47,
  "formatid": "gen9championsvgc2026regma",
  "rating": 1385,
  "private": 0,
  "password": null
}