{
  "id": "gen9championsvgc2026regma-2586937269",
  "format": "[Gen 9 Champions] VGC 2026 Reg M-A",
  "players": [
    "ForgotToFlush",
    "SnivyPwnz"
  ],
  "log": "|j|\u2606ForgotToFlush\n|j|\u2606SnivyPwnz\n|t:|1776473551\n|gametype|doubles\n|player|p1|ForgotToFlush|giovanni|\n|player|p2|SnivyPwnz|blue|\n|gen|9\n|tier|[Gen 9 Champions] VGC 2026 Reg M-A\n|rule|Species Clause: Limit one of each Pok\u00e9mon\n|rule|Item Clause: Limit 1 of each item\n|clearpoke\n|poke|p1|Orthworm, L50, M|\n|poke|p1|Garchomp, L50, M|\n|poke|p1|Rotom-Heat, L50|\n|poke|p1|Sneasler, L50, M|\n|poke|p1|Blastoise, L50, F|\n|poke|p1|Sinistcha-Masterpiece, L50|\n|poke|p2|Basculegion, L50, M|\n|poke|p2|Dragapult, L50, F|\n|poke|p2|Meganium, L50, F|\n|poke|p2|Pelipper, L50, M|\n|poke|p2|Sneasler, L50, M|\n|poke|p2|Aggron, L50, M|\n|teampreview|4\n|\n|t:|1776473601\n|teamsize|p1|4\n|teamsize|p2|4\n|start\n|switch|p1a: Orthworm|Orthworm, L50, M|100/100\n|switch|p1b: Garchomp|Garchomp, L50, M|100/100\n|switch|p2a: Dragapult|Dragapult, L50, F|100/100\n|switch|p2b: Pelipper|Pelipper, L50, M|100/100\n|-weather|RainDance|[from] ability: Drizzle|[of] p2b: Pelipper\n|turn|1\n|inactive|Battle timer is ON: inactive players will automatically lose when time's up. (requested by ForgotToFlush)\n|\n|t:|1776473622\n|move|p1b: Garchomp|Protect|p1b: Garchomp\n|-singleturn|p1b: Garchomp|Protect\n|move|p2a: Dragapult|Draco Meteor|p1a: Orthworm\n|-resisted|p1a: Orthworm|1\n|-damage|p1a: Orthworm|44/100\n|-unboost|p2a: Dragapult|spa|2\n|-enditem|p1a: Orthworm|Sitrus Berry|[eat]\n|-heal|p1a: Orthworm|69/100|[from] item: Sitrus Berry\n|move|p2b: Pelipper|Tailwind|p2b: Pelipper\n|-sidestart|p2: SnivyPwnz|move: Tailwind\n|move|p1a: Orthworm|Smack Down|p2b: Pelipper\n|-supereffective|p2b: Pelipper|1\n|-damage|p2b: Pelipper|77/100\n|-start|p2b: Pelipper|Smack Down\n|\n|-weather|RainDance|[upkeep]\n|upkeep\n|turn|2\n|\n|t:|1776473643\n|move|p1a: Orthworm|Helping Hand|p1b: Garchomp\n|-singleturn|p1b: Garchomp|Helping Hand|[of] p1a: Orthworm\n|move|p2a: Dragapult|Dragon Darts|p1b: Garchomp\n|-supereffective|p1b: Garchomp|1\n|-damage|p1b: Garchomp|55/100\n|-anim|p2a: Dragapult|Dragon Darts|p1a: Orthworm\n|-resisted|p1a: Orthworm|1\n|-damage|p1a: Orthworm|62/100\n|move|p2b: Pelipper|Hurricane|p1b: Garchomp\n|-damage|p1b: Garchomp|13/100\n|-start|p1b: Garchomp|confusion\n|-activate|p1b: Garchomp|confusion\n|move|p1b: Garchomp|Earthquake|p2a: Dragapult|[spread] p2a,p2b\n|-heal|p1a: Orthworm|87/100|[from] ability: Earth Eater|[of] p1b: Garchomp\n|-damage|p2a: Dragapult|28/100\n|-damage|p2b: Pelipper|19/100\n|\n|-weather|RainDance|[upkeep]\n|upkeep\n|turn|3\n|inactive|SnivyPwnz has 30 seconds left.\n|\n|t:|1776473670\n|-activate|p1b: Garchomp|confusion\n|-damage|p1b: Garchomp|0 fnt|[from] confusion\n|faint|p1b: Garchomp\n|move|p2a: Dragapult|Dragon Darts|p1a: Orthworm\n|-resisted|p1a: Orthworm|1\n|-damage|p1a: Orthworm|81/100\n|-anim|p2a: Dragapult|Dragon Darts|p1a: Orthworm\n|-resisted|p1a: Orthworm|1\n|-damage|p1a: Orthworm|74/100\n|move|p2b: Pelipper|U-turn|p1a: Orthworm\n|-resisted|p1a: Orthworm|1\n|-damage|p1a: Orthworm|72/100\n|\n|t:|1776473681\n|switch|p2b: Meganium|Meganium, L50, F|100/100|[from] U-turn\n|move|p1a: Orthworm|Shed Tail|p1a: Orthworm\n|-start|p1a: Orthworm|Substitute|[from] move: Shed Tail\n|-damage|p1a: Orthworm|22/100\n|\n|t:|1776473687\n|switch|p1a: Blastoise|Blastoise, L50, F|100/100|[from] Shed Tail\n|\n|-weather|RainDance|[upkeep]\n|upkeep\n|\n|t:|1776473692\n|switch|p1b: Sinistcha|Sinistcha-Masterpiece, L50|100/100\n|turn|4\n|\n|t:|1776473711\n|switch|p2a: Pelipper|Pelipper, L50, M|19/100\n|detailschange|p2b: Meganium|Meganium-Mega, L50, F\n|-mega|p2b: Meganium|Meganium|Meganiumite\n|detailschange|p1a: Blastoise|Blastoise-Mega, L50, F\n|-mega|p1a: Blastoise|Blastoise|Blastoisinite\n|move|p1b: Sinistcha|Rage Powder|p1b: Sinistcha\n|-singleturn|p1b: Sinistcha|move: Rage Powder\n|move|p2b: Meganium|Solar Beam||[still]\n|-prepare|p2b: Meganium|Solar Beam\n|-activate|p2b: Meganium|ability: Mega Sol\n|-anim|p2b: Meganium|Solar Beam|p1a: Blastoise\n|-supereffective|p1a: Blastoise|1\n|-end|p1a: Blastoise|Substitute\n|move|p1a: Blastoise|Shell Smash|p1a: Blastoise\n|-unboost|p1a: Blastoise|def|1\n|-unboost|p1a: Blastoise|spd|1\n|-boost|p1a: Blastoise|atk|2\n|-boost|p1a: Blastoise|spa|2\n|-boost|p1a: Blastoise|spe|2\n|\n|-weather|RainDance|[upkeep]\n|-sideend|p2: SnivyPwnz|move: Tailwind\n|upkeep\n|turn|5\n|inactive|ForgotToFlush has 30 seconds left.\n|\n|t:|1776473743\n|move|p1b: Sinistcha|Rage Powder|p1b: Sinistcha\n|-singleturn|p1b: Sinistcha|move: Rage Powder\n|move|p1a: Blastoise|Ice Beam|p2b: Meganium\n|-supereffective|p2b: Meganium|1\n|-damage|p2b: Meganium|0 fnt\n|faint|p2b: Meganium\n|move|p2a: Pelipper|Tailwind|p2a: Pelipper\n|-sidestart|p2: SnivyPwnz|move: Tailwind\n|\n|-weather|none\n|upkeep\n|\n|t:|1776473751\n|switch|p2b: Dragapult|Dragapult, L50, F|28/100\n|turn|6\n|\n|t:|1776473766\n|move|p1b: Sinistcha|Rage Powder|p1b: Sinistcha\n|-singleturn|p1b: Sinistcha|move: Rage Powder\n|move|p2b: Dragapult|Draco Meteor|p1b: Sinistcha\n|-damage|p1b: Sinistcha|15/100\n|-unboost|p2b: Dragapult|spa|2\n|move|p2a: Pelipper|Hurricane|p1b: Sinistcha\n|-supereffective|p1b: Sinistcha|1\n|-damage|p1b: Sinistcha|0 fnt\n|faint|p1b: Sinistcha\n|move|p1a: Blastoise|Ice Beam|p2b: Dragapult\n|-supereffective|p2b: Dragapult|1\n|-damage|p2b: Dragapult|0 fnt\n|faint|p2b: Dragapult\n|\n|upkeep\n|\n|t:|1776473778\n|switch|p2b: Basculegion|Basculegion, L50, M|100/100\n|switch|p1b: Orthworm|Orthworm, L50, M|22/100\n|turn|7\n|inactive|ForgotToFlush has 30 seconds left.\n|\n|t:|1776473812\n|move|p2b: Basculegion|Last Respects|p1a: Blastoise\n|-damage|p1a: Blastoise|0 fnt\n|faint|p1a: Blastoise\n|move|p2a: Pelipper|Hurricane|p1b: Orthworm|[miss]\n|-miss|p2a: Pelipper|p1b: Orthworm\n|move|p1b: Orthworm|Smack Down|p2a: Pelipper\n|-supereffective|p2a: Pelipper|1\n|-crit|p2a: Pelipper\n|-damage|p2a: Pelipper|0 fnt\n|faint|p2a: Pelipper\n|\n|upkeep\n|turn|8\n|\n|t:|1776473830\n|move|p2b: Basculegion|Last Respects|p1b: Orthworm\n|-damage|p1b: Orthworm|0 fnt\n|faint|p1b: Orthworm\n|\n|win|SnivyPwnz\n|l|\u2606ForgotToFlush\n|player|p1|\n",
  "uploadtime": 1776473897,
  "views": 19,
  "formatid": "gen9championsvgc2026regma",
  "rating": null,
  "private": 0,
  "password": null
}