{
  "id": "gen9championsvgc2026regma-2584620645",
  "format": "[Gen 9 Champions] VGC 2026 Reg M-A",
  "players": [
    "BFO Ethanol",
    "pokemon_oofer"
  ],
  "log": "|j|\u2606BFO Ethanol\n|j|\u2606pokemon_oofer\n|t:|1776272604\n|gametype|doubles\n|player|p1|BFO Ethanol|wallace-gen6|1204\n|player|p2|pokemon_oofer|miku-ground|1195\n|gen|9\n|tier|[Gen 9 Champions] VGC 2026 Reg M-A\n|rated|\n|rule|Species Clause: Limit one of each Pok\u00e9mon\n|rule|Item Clause: Limit 1 of each item\n|clearpoke\n|poke|p1|Glimmora, L50, M|\n|poke|p1|Rotom-Wash, L50|\n|poke|p1|Incineroar, L50, M|\n|poke|p1|Farigiraf, L50, M|\n|poke|p1|Ninetales-Alola, L50, F|\n|poke|p1|Garchomp, L50, M|\n|poke|p2|Chandelure, L50, M|\n|poke|p2|Rotom-Wash, L50|\n|poke|p2|Aerodactyl, L50, F|\n|poke|p2|Garchomp, L50, M|\n|poke|p2|Lopunny, L50, M|\n|poke|p2|Sinistcha-Masterpiece, L50|\n|teampreview|4\n|\n|t:|1776272658\n|teamsize|p1|4\n|teamsize|p2|4\n|start\n|switch|p1a: Incineroar|Incineroar, L50, M|100/100\n|switch|p1b: Ninetales|Ninetales-Alola, L50, F|100/100\n|switch|p2a: Aerodactyl|Aerodactyl, L50, F|100/100\n|switch|p2b: Garchomp|Garchomp, L50, M|100/100\n|-ability|p2a: Aerodactyl|Pressure\n|-weather|Snowscape|[from] ability: Snow Warning|[of] p1b: Ninetales\n|-ability|p1a: Incineroar|Intimidate|boost\n|-unboost|p2a: Aerodactyl|atk|1\n|-unboost|p2b: Garchomp|atk|1\n|turn|1\n|\n|t:|1776272699\n|move|p2b: Garchomp|Protect|p2b: Garchomp\n|-singleturn|p2b: Garchomp|Protect\n|move|p1a: Incineroar|Fake Out|p2a: Aerodactyl\n|-resisted|p2a: Aerodactyl|1\n|-damage|p2a: Aerodactyl|91/100\n|cant|p2a: Aerodactyl|flinch\n|move|p1b: Ninetales|Blizzard|p2b: Garchomp|[spread] p2a\n|-activate|p2b: Garchomp|move: Protect\n|-supereffective|p2a: Aerodactyl|1\n|-damage|p2a: Aerodactyl|0 fnt\n|faint|p2a: Aerodactyl\n|\n|-weather|Snowscape|[upkeep]\n|upkeep\n|\n|t:|1776272719\n|switch|p2a: Lopunny|Lopunny, L50, M|100/100\n|turn|2\n|\n|t:|1776272729\n|detailschange|p2a: Lopunny|Lopunny-Mega, L50, M\n|-mega|p2a: Lopunny|Lopunny|Lopunnite\n|move|p1b: Ninetales|Protect|p1b: Ninetales\n|-singleturn|p1b: Ninetales|Protect\n|move|p2a: Lopunny|Fake Out|p1b: Ninetales\n|-activate|p1b: Ninetales|move: Protect\n|move|p2b: Garchomp|Poison Jab|p1b: Ninetales\n|-activate|p1b: Ninetales|move: Protect\n|move|p1a: Incineroar|Parting Shot|p2a: Lopunny\n|-unboost|p2a: Lopunny|atk|1\n|-unboost|p2a: Lopunny|spa|1\n|\n|t:|1776272741\n|switch|p1a: Garchomp|Garchomp, L50, M|100/100|[from] Parting Shot\n|\n|-weather|Snowscape|[upkeep]\n|upkeep\n|turn|3\n|\n|t:|1776272751\n|move|p2b: Garchomp|Protect|p2b: Garchomp\n|-singleturn|p2b: Garchomp|Protect\n|move|p2a: Lopunny|Ice Punch|p1a: Garchomp\n|-supereffective|p1a: Garchomp|2\n|-damage|p1a: Garchomp|27/100\n|-damage|p2a: Lopunny|89/100|[from] ability: Rough Skin|[of] p1a: Garchomp\n|move|p1b: Ninetales|Aurora Veil|p1b: Ninetales\n|-sidestart|p1: BFO Ethanol|move: Aurora Veil\n|move|p1a: Garchomp|Dragon Claw|p2a: Lopunny\n|-damage|p2a: Lopunny|34/100\n|\n|-weather|Snowscape|[upkeep]\n|-heal|p1a: Garchomp|33/100|[from] item: Leftovers\n|upkeep\n|turn|4\n|\n|t:|1776272779\n|switch|p2a: Sinistcha|Sinistcha-Masterpiece, L50|100/100\n|move|p1a: Garchomp|Protect|p1a: Garchomp\n|-singleturn|p1a: Garchomp|Protect\n|move|p1b: Ninetales|Blizzard|p2b: Garchomp|[spread] p2a,p2b\n|-supereffective|p2a: Sinistcha|1\n|-supereffective|p2b: Garchomp|2\n|-damage|p2a: Sinistcha|50/100\n|-damage|p2b: Garchomp|0 fnt\n|faint|p2b: Garchomp\n|\n|-weather|Snowscape|[upkeep]\n|-heal|p1a: Garchomp|39/100|[from] item: Leftovers\n|-heal|p2a: Sinistcha|56/100|[from] item: Leftovers\n|upkeep\n|\n|t:|1776272785\n|switch|p2b: Lopunny|Lopunny-Mega, L50, M|34/100\n|turn|5\n|\n|t:|1776272799\n|switch|p1a: Farigiraf|Farigiraf, L50, M|100/100\n|move|p2b: Lopunny|Protect|p2b: Lopunny\n|-singleturn|p2b: Lopunny|Protect\n|move|p1b: Ninetales|Blizzard|p2a: Sinistcha|[spread] p2a\n|-activate|p2b: Lopunny|move: Protect\n|-supereffective|p2a: Sinistcha|1\n|-crit|p2a: Sinistcha\n|-damage|p2a: Sinistcha|0 fnt\n|faint|p2a: Sinistcha\n|\n|-weather|none\n|upkeep\n|turn|6\n|c|\u2606pokemon_oofer|gg\n|c|\u2606BFO Ethanol|gg\n|-message|pokemon_oofer forfeited.\n|\n|win|BFO Ethanol\n|raw|BFO Ethanol's rating: 1204 &rarr; <strong>1228</strong><br />(+24 for winning)\n|raw|pokemon_oofer's rating: 1195 &rarr; <strong>1171</strong><br />(-24 for losing)\n|l|\u2606pokemon_oofer\n|player|p2|\n",
  "uploadtime": 1776272816,
  "views": 45,
  "formatid": "gen9championsvgc2026regma",
  "rating": 1171,
  "private": 0,
  "password": null
}