{
  "id": "gen9championsvgc2026regma-2586903030",
  "format": "[Gen 9 Champions] VGC 2026 Reg M-A",
  "players": [
    "Ayomidx",
    "NathanaelW19"
  ],
  "log": "|j|\u2606Ayomidx\n|j|\u2606NathanaelW19\n|t:|1776470215\n|gametype|doubles\n|player|p1|Ayomidx|101|1106\n|player|p2|NathanaelW19|dragontamer|1051\n|gen|9\n|tier|[Gen 9 Champions] VGC 2026 Reg M-A\n|rated|\n|rule|Species Clause: Limit one of each Pok\u00e9mon\n|rule|Item Clause: Limit 1 of each item\n|clearpoke\n|poke|p1|Kangaskhan, L50, F|\n|poke|p1|Scizor, L50, F|\n|poke|p1|Aerodactyl, L50, M|\n|poke|p1|Farigiraf, L50, F|\n|poke|p1|Rotom-Wash, L50|\n|poke|p1|Incineroar, L50, M|\n|poke|p2|Medicham, L50, F|\n|poke|p2|Banette, L50, F|\n|poke|p2|Ninetales-Alola, L50, M|\n|poke|p2|Arcanine-Hisui, L50, F|\n|poke|p2|Kommo-o, L50, F|\n|poke|p2|Corviknight, L50, M|\n|teampreview|4\n|inactive|Battle timer is ON: inactive players will automatically lose when time's up. (requested by NathanaelW19)\n|inactive|Ayomidx has 60 seconds left.\n|\n|t:|1776470261\n|teamsize|p1|4\n|teamsize|p2|4\n|start\n|switch|p1a: Incineroar|Incineroar, L50, M|100/100\n|switch|p1b: Aerodactyl|Aerodactyl, L50, M|100/100\n|switch|p2a: Arcanine|Arcanine-Hisui, L50, F|100/100\n|switch|p2b: Kommo-o|Kommo-o, L50, F|100/100\n|-ability|p2a: Arcanine|Intimidate|boost\n|-unboost|p1a: Incineroar|atk|1\n|-unboost|p1b: Aerodactyl|atk|1\n|-ability|p1b: Aerodactyl|Pressure\n|-ability|p1a: Incineroar|Intimidate|boost\n|-unboost|p2a: Arcanine|atk|1\n|-unboost|p2b: Kommo-o|atk|1\n|turn|1\n|inactive|Ayomidx has 30 seconds left.\n|\n|t:|1776470287\n|move|p1a: Incineroar|Fake Out|p2a: Arcanine\n|-resisted|p2a: Arcanine|1\n|-damage|p2a: Arcanine|95/100\n|cant|p2a: Arcanine|flinch\n|move|p1b: Aerodactyl|Dual Wingbeat|p2b: Kommo-o\n|-supereffective|p2b: Kommo-o|1\n|-damage|p2b: Kommo-o|81/100\n|-supereffective|p2b: Kommo-o|1\n|-damage|p2b: Kommo-o|58/100\n|-hitcount|p2b: Kommo-o|2\n|move|p2b: Kommo-o|Clanging Scales|p1a: Incineroar|[spread] p1a,p1b\n|-damage|p1a: Incineroar|60/100\n|-damage|p1b: Aerodactyl|44/100\n|-unboost|p2b: Kommo-o|def|1\n|\n|upkeep\n|turn|2\n|\n|t:|1776470305\n|move|p2a: Arcanine|Rock Slide|p1a: Incineroar|[spread] p1a,p1b\n|-supereffective|p1a: Incineroar|1\n|-supereffective|p1b: Aerodactyl|1\n|-damage|p1a: Incineroar|27/100\n|-damage|p1b: Aerodactyl|0 fnt\n|faint|p1b: Aerodactyl\n|move|p2b: Kommo-o|Aura Sphere|p1a: Incineroar\n|-supereffective|p1a: Incineroar|1\n|-damage|p1a: Incineroar|0 fnt\n|faint|p1a: Incineroar\n|\n|upkeep\n|\n|t:|1776470310\n|switch|p1b: Scizor|Scizor, L50, F|100/100\n|switch|p1a: Rotom|Rotom-Wash, L50|100/100\n|turn|3\n|\n|t:|1776470319\n|switch|p2a: Medicham|Medicham, L50, F, shiny|100/100\n|detailschange|p1b: Scizor|Scizor-Mega, L50, F\n|-mega|p1b: Scizor|Scizor|Scizorite\n|move|p1b: Scizor|Protect|p1b: Scizor\n|-singleturn|p1b: Scizor|Protect\n|move|p2b: Kommo-o|Clanging Scales|p1b: Scizor|[spread] p1a\n|-activate|p1b: Scizor|move: Protect\n|-damage|p1a: Rotom|53/100\n|-unboost|p2b: Kommo-o|def|1\n|move|p1a: Rotom|Hydro Pump|p2a: Medicham|[miss]\n|-miss|p1a: Rotom|p2a: Medicham\n|\n|-heal|p1a: Rotom|59/100|[from] item: Leftovers\n|upkeep\n|turn|4\n|\n|t:|1776470340\n|move|p2a: Medicham|Fake Out|p1b: Scizor\n|-resisted|p1b: Scizor|1\n|-damage|p1b: Scizor|94/100\n|move|p2b: Kommo-o|Clanging Scales|p1a: Rotom|[spread] p1a,p1b\n|-resisted|p1b: Scizor|1\n|-damage|p1a: Rotom|16/100\n|-damage|p1b: Scizor|72/100\n|-unboost|p2b: Kommo-o|def|1\n|move|p1a: Rotom|Hydro Pump|p2b: Kommo-o\n|-resisted|p2b: Kommo-o|1\n|-damage|p2b: Kommo-o|33/100\n|cant|p1b: Scizor|flinch\n|\n|-heal|p1a: Rotom|22/100|[from] item: Leftovers\n|upkeep\n|turn|5\n|\n|t:|1776470358\n|switch|p2a: Arcanine|Arcanine-Hisui, L50, F|95/100\n|-ability|p2a: Arcanine|Intimidate|boost\n|-unboost|p1a: Rotom|atk|1\n|-unboost|p1b: Scizor|atk|1\n|move|p2b: Kommo-o|Vacuum Wave|p1a: Rotom\n|-damage|p1a: Rotom|0 fnt\n|faint|p1a: Rotom\n|move|p1b: Scizor|Knock Off|p2a: Arcanine\n|-damage|p2a: Arcanine|56/100\n|-enditem|p2a: Arcanine|Choice Scarf|[from] move: Knock Off|[of] p1b: Scizor\n|\n|upkeep\n|turn|6\n|\n|t:|1776470375\n|move|p2b: Kommo-o|Vacuum Wave|p1b: Scizor\n|-damage|p1b: Scizor|54/100\n|move|p2a: Arcanine|Flare Blitz|p1b: Scizor\n|-supereffective|p1b: Scizor|2\n|-damage|p1b: Scizor|0 fnt\n|faint|p1b: Scizor\n|-damage|p2a: Arcanine|38/100|[from] Recoil\n|\n|win|NathanaelW19\n|raw|Ayomidx's rating: 1137 &rarr; <strong>1106</strong><br />(-31 for losing)\n|raw|NathanaelW19's rating: 1051 &rarr; <strong>1091</strong><br />(+40 for winning)\n|l|\u2606Ayomidx\n|player|p1|\n",
  "uploadtime": 1776470385,
  "views": 18,
  "formatid": "gen9championsvgc2026regma",
  "rating": 1091,
  "private": 0,
  "password": null
}