{
  "id": "gen9championsvgc2026regma-2583343773",
  "format": "[Gen 9 Champions] VGC 2026 Reg M-A",
  "players": [
    "freeeds",
    "Jah_08"
  ],
  "log": "|j|\u2606freeeds\n|j|\u2606Jah_08\n|t:|1776168694\n|gametype|doubles\n|player|p1|freeeds|cynthia|1335\n|player|p2|Jah_08|alder|1407\n|gen|9\n|tier|[Gen 9 Champions] VGC 2026 Reg M-A\n|rated|\n|rule|Species Clause: Limit one of each Pok\u00e9mon\n|rule|Item Clause: Limit 1 of each item\n|clearpoke\n|poke|p1|Gardevoir, L50, M|\n|poke|p1|Incineroar, L50, F|\n|poke|p1|Sinistcha, L50|\n|poke|p1|Rotom-Wash, L50|\n|poke|p1|Corviknight, L50, M|\n|poke|p1|Garchomp, L50, F|\n|poke|p2|Excadrill, L50, M|\n|poke|p2|Whimsicott, L50, M|\n|poke|p2|Chandelure, L50, M|\n|poke|p2|Zoroark-Hisui, L50, M|\n|poke|p2|Basculegion, L50, M|\n|poke|p2|Conkeldurr, L50, M|\n|teampreview|4\n|\n|t:|1776168777\n|teamsize|p1|4\n|teamsize|p2|4\n|start\n|switch|p1a: Incineroar|Incineroar, L50, F|100/100\n|switch|p1b: Gardevoir|Gardevoir, L50, M|100/100\n|switch|p2a: Basculegion|Basculegion, L50, M|100/100\n|switch|p2b: Chandelure|Chandelure, L50, M, shiny|100/100\n|-ability|p1b: Gardevoir|Flash Fire|Trace|[from] ability: Trace|[of] p2b: Chandelure\n|-ability|p1a: Incineroar|Intimidate|boost\n|-unboost|p2a: Basculegion|atk|1\n|-unboost|p2b: Chandelure|atk|1\n|turn|1\n|\n|t:|1776168816\n|detailschange|p2b: Chandelure|Chandelure-Mega, L50, M, shiny\n|-mega|p2b: Chandelure|Chandelure|Chandelurite\n|detailschange|p1b: Gardevoir|Gardevoir-Mega, L50, M\n|-mega|p1b: Gardevoir|Gardevoir|Gardevoirite\n|move|p2b: Chandelure|Protect|p2b: Chandelure\n|-singleturn|p2b: Chandelure|Protect\n|move|p2a: Basculegion|Flip Turn|p1a: Incineroar\n|-supereffective|p1a: Incineroar|1\n|-crit|p1a: Incineroar\n|-damage|p1a: Incineroar|9/100\n|\n|t:|1776168830\n|switch|p2a: Whimsicott|Whimsicott, L50, M, shiny|100/100|[from] Flip Turn\n|move|p1b: Gardevoir|Hyper Voice|p2b: Chandelure|[spread] p2a\n|-activate|p2b: Chandelure|move: Protect\n|-damage|p2a: Whimsicott|37/100\n|move|p1a: Incineroar|Throat Chop|p2b: Chandelure\n|-activate|p2b: Chandelure|move: Protect\n|\n|upkeep\n|turn|2\n|\n|t:|1776168872\n|switch|p1b: Sinistcha|Sinistcha, L50|100/100\n|-heal|p1a: Incineroar|34/100|[from] ability: Hospitality|[of] p1b: Sinistcha\n|move|p2a: Whimsicott|Tailwind|p2a: Whimsicott\n|-sidestart|p2: Jah_08|move: Tailwind\n|move|p2b: Chandelure|Heat Wave|p1a: Incineroar|[spread] p1a,p1b\n|-resisted|p1a: Incineroar|1\n|-supereffective|p1b: Sinistcha|1\n|-damage|p1a: Incineroar|12/100\n|-damage|p1b: Sinistcha|16/100\n|-enditem|p1b: Sinistcha|Sitrus Berry|[eat]\n|-heal|p1b: Sinistcha|41/100|[from] item: Sitrus Berry\n|move|p1a: Incineroar|Parting Shot|p2b: Chandelure\n|-unboost|p2b: Chandelure|atk|1\n|-unboost|p2b: Chandelure|spa|1\n|\n|t:|1776168879\n|switch|p1a: Gardevoir|Gardevoir-Mega, L50, M|100/100|[from] Parting Shot\n|\n|upkeep\n|turn|3\n|\n|t:|1776168909\n|switch|p1b: Rotom|Rotom-Wash, L50|100/100\n|move|p2b: Chandelure|Heat Wave|p1b: Rotom|[spread] p1a,p1b\n|-resisted|p1b: Rotom|1\n|-damage|p1a: Gardevoir|77/100\n|-damage|p1b: Rotom|85/100\n|move|p2a: Whimsicott|Moonblast|p1a: Gardevoir\n|-damage|p1a: Gardevoir|45/100\n|move|p1a: Gardevoir|Hyper Voice|p2b: Chandelure|[spread] p2a,p2b\n|-resisted|p2b: Chandelure|1\n|-damage|p2a: Whimsicott|0 fnt\n|-damage|p2b: Chandelure|72/100\n|faint|p2a: Whimsicott\n|\n|-heal|p1b: Rotom|91/100|[from] item: Leftovers\n|upkeep\n|\n|t:|1776168931\n|switch|p2a: Excadrill|Excadrill, L50, M|100/100\n|-ability|p2a: Excadrill|Mold Breaker\n|turn|4\n|\n|t:|1776168961\n|switch|p1b: Sinistcha|Sinistcha, L50|41/100\n|-heal|p1a: Gardevoir|70/100|[from] ability: Hospitality|[of] p1b: Sinistcha\n|move|p1a: Gardevoir|Protect|p1a: Gardevoir\n|-singleturn|p1a: Gardevoir|Protect\n|move|p2b: Chandelure|Shadow Ball|p1a: Gardevoir\n|-activate|p1a: Gardevoir|move: Protect\n|move|p2a: Excadrill|High Horsepower|p1b: Sinistcha|[miss]\n|-miss|p2a: Excadrill|p1b: Sinistcha\n|\n|upkeep\n|turn|5\n|\n|t:|1776168989\n|switch|p1a: Rotom|Rotom-Wash, L50|91/100\n|move|p1b: Sinistcha|Protect|p1b: Sinistcha\n|-singleturn|p1b: Sinistcha|Protect\n|move|p2b: Chandelure|Shadow Ball|p1b: Sinistcha\n|-activate|p1b: Sinistcha|move: Protect\n|move|p2a: Excadrill|High Horsepower|p1a: Rotom\n|-supereffective|p1a: Rotom|1\n|-crit|p1a: Rotom\n|-damage|p1a: Rotom|0 fnt\n|faint|p1a: Rotom\n|\n|-sideend|p2: Jah_08|move: Tailwind\n|upkeep\n|\n|t:|1776169006\n|switch|p1a: Incineroar|Incineroar, L50, F|12/100\n|-ability|p1a: Incineroar|Intimidate|boost\n|-unboost|p2a: Excadrill|atk|1\n|-unboost|p2b: Chandelure|atk|1\n|turn|6\n|j| imshaw\n|\n|t:|1776169024\n|move|p2a: Excadrill|Protect|p2a: Excadrill\n|-singleturn|p2a: Excadrill|Protect\n|move|p1a: Incineroar|Fake Out|p2a: Excadrill\n|-activate|p2a: Excadrill|move: Protect\n|move|p2b: Chandelure|Heat Wave|p1b: Sinistcha|[spread] p1a,p1b\n|-resisted|p1a: Incineroar|1\n|-supereffective|p1b: Sinistcha|1\n|-damage|p1a: Incineroar|0 fnt\n|-damage|p1b: Sinistcha|0 fnt\n|faint|p1a: Incineroar\n|faint|p1b: Sinistcha\n|\n|upkeep\n|-message|freeeds forfeited.\n|\n|win|Jah_08\n|raw|freeeds's rating: 1335 &rarr; <strong>1319</strong><br />(-16 for losing)\n|raw|Jah_08's rating: 1407 &rarr; <strong>1423</strong><br />(+16 for winning)\n|l|\u2606freeeds\n|player|p1|\n|l| imshaw\n",
  "uploadtime": 1776169039,
  "views": 21,
  "formatid": "gen9championsvgc2026regma",
  "rating": 1319,
  "private": 0,
  "password": null
}