{
  "id": "gen9championsvgc2026regma-2581578415",
  "format": "[Gen 9 Champions] VGC 2026 Reg M-A",
  "players": [
    "tailamatong",
    "BushGaming41"
  ],
  "log": "|j|\u2606tailamatong\n|j|\u2606BushGaming41\n|t:|1776012429\n|gametype|doubles\n|player|p1|tailamatong|iris|1040\n|player|p2|BushGaming41|102|1000\n|gen|9\n|tier|[Gen 9 Champions] VGC 2026 Reg M-A\n|rated|\n|rule|Species Clause: Limit one of each Pok\u00e9mon\n|rule|Item Clause: Limit 1 of each item\n|clearpoke\n|poke|p1|Gengar, L50, M|\n|poke|p1|Kingambit, L50, F|\n|poke|p1|Sneasler, L50, M|\n|poke|p1|Incineroar, L50, M|\n|poke|p1|Farigiraf, L50, F|\n|poke|p1|Maushold-Four, L50|\n|poke|p2|Simipour, L50, F|\n|poke|p2|Simisage, L50, M|\n|poke|p2|Simisear, L50, M|\n|poke|p2|Drampa, L50, F|\n|poke|p2|Wyrdeer, L50, F|\n|poke|p2|Zoroark-Hisui, L50, F|\n|teampreview|4\n|\n|t:|1776012462\n|teamsize|p1|4\n|teamsize|p2|4\n|start\n|switch|p1a: Gengar|Gengar, L50, M|100/100\n|switch|p1b: Kingambit|Kingambit, L50, F|100/100\n|switch|p2a: Simisage|Simisage, L50, M|100/100\n|switch|p2b: Simipour|Simipour, L50, F|100/100\n|turn|1\n|\n|t:|1776012490\n|detailschange|p1a: Gengar|Gengar-Mega, L50, M\n|-mega|p1a: Gengar|Gengar|Gengarite\n|move|p2a: Simisage|Fake Out|p1b: Kingambit\n|-resisted|p1b: Kingambit|1\n|-damage|p1b: Kingambit|96/100\n|move|p1a: Gengar|Perish Song|p1a: Gengar\n|-start|p1a: Gengar|perish3|[silent]\n|-start|p1b: Kingambit|perish3|[silent]\n|-start|p2a: Simisage|perish3|[silent]\n|-start|p2b: Simipour|perish3|[silent]\n|-fieldactivate|move: Perish Song\n|move|p2b: Simipour|Bitter Malice|p1a: Gengar\n|-supereffective|p1a: Gengar|1\n|-damage|p1a: Gengar|14/100\n|-unboost|p1a: Gengar|atk|1\n|cant|p1b: Kingambit|flinch\n|\n|-start|p1a: Gengar|perish3\n|-start|p2b: Simipour|perish3\n|-start|p2a: Simisage|perish3\n|-start|p1b: Kingambit|perish3\n|upkeep\n|turn|2\n|\n|t:|1776012514\n|move|p1a: Gengar|Protect|p1a: Gengar\n|-singleturn|p1a: Gengar|Protect\n|move|p2b: Simipour|Bitter Malice|p1a: Gengar\n|-activate|p1a: Gengar|move: Protect\n|move|p2a: Simisage|Seed Bomb|p1b: Kingambit\n|-resisted|p1b: Kingambit|1\n|-damage|p1b: Kingambit|79/100\n|move|p1b: Kingambit|Kowtow Cleave|p2b: Simipour\n|-supereffective|p2b: Simipour|1\n|-enditem|p2b: Simipour|Focus Sash\n|-damage|p2b: Simipour|1/100\n|replace|p2b: Zoroark|Zoroark-Hisui, L50, F\n|-end|p2b: Zoroark|Illusion\n|\n|-start|p1a: Gengar|perish2\n|-start|p2b: Zoroark|perish2\n|-start|p2a: Simisage|perish2\n|-start|p1b: Kingambit|perish2\n|upkeep\n|turn|3\n|\n|t:|1776012541\n|move|p1b: Kingambit|Sucker Punch|p2b: Zoroark\n|-supereffective|p2b: Zoroark|1\n|-damage|p2b: Zoroark|0 fnt\n|faint|p2b: Zoroark\n|move|p1a: Gengar|Shadow Ball|p2a: Simisage\n|-damage|p2a: Simisage|24/100\n|move|p2a: Simisage|Crunch|p1a: Gengar\n|-supereffective|p1a: Gengar|1\n|-damage|p1a: Gengar|0 fnt\n|faint|p1a: Gengar\n|\n|-start|p2a: Simisage|perish1\n|-start|p1b: Kingambit|perish1\n|upkeep\n|\n|t:|1776012558\n|switch|p1a: Sneasler|Sneasler, L50, M|100/100\n|switch|p2b: Simipour|Simipour, L50, F|100/100\n|turn|4\n|\n|t:|1776012573\n|switch|p2a: Drampa|Drampa, L50, F|100/100\n|switch|p1b: Incineroar|Incineroar, L50, M|100/100\n|-ability|p1b: Incineroar|Intimidate|boost\n|-unboost|p2a: Drampa|atk|1\n|-unboost|p2b: Simipour|atk|1\n|move|p1a: Sneasler|Fake Out|p2b: Simipour\n|-damage|p2b: Simipour|75/100\n|cant|p2b: Simipour|flinch\n|\n|upkeep\n|turn|5\n|\n|t:|1776012603\n|detailschange|p2a: Drampa|Drampa-Mega, L50, F\n|-mega|p2a: Drampa|Drampa|Drampanite\n|move|p2a: Drampa|Protect|p2a: Drampa\n|-singleturn|p2a: Drampa|Protect\n|move|p1a: Sneasler|Close Combat|p2a: Drampa\n|-activate|p2a: Drampa|move: Protect\n|move|p2b: Simipour|Scald|p1b: Incineroar\n|-supereffective|p1b: Incineroar|1\n|-damage|p1b: Incineroar|43/100\n|-enditem|p1b: Incineroar|Sitrus Berry|[eat]\n|-heal|p1b: Incineroar|68/100|[from] item: Sitrus Berry\n|move|p1b: Incineroar|Parting Shot|p2b: Simipour\n|-unboost|p2b: Simipour|atk|1\n|-unboost|p2b: Simipour|spa|1\n|\n|t:|1776012619\n|switch|p1b: Kingambit|Kingambit, L50, F|79/100|[from] Parting Shot\n|\n|upkeep\n|turn|6\n|\n|t:|1776012629\n|switch|p2b: Simisage|Simisage, L50, M|24/100\n|move|p1a: Sneasler|Close Combat|p2a: Drampa\n|-supereffective|p2a: Drampa|1\n|-damage|p2a: Drampa|0 fnt\n|-unboost|p1a: Sneasler|def|1\n|-unboost|p1a: Sneasler|spd|1\n|faint|p2a: Drampa\n|move|p1b: Kingambit|Kowtow Cleave|p2b: Simisage\n|-damage|p2b: Simisage|0 fnt\n|faint|p2b: Simisage\n|\n|upkeep\n|\n|t:|1776012635\n|switch|p2b: Simipour|Simipour, L50, F|75/100\n|turn|7\n|c|\u2606BushGaming41|should've brought Wyrdeer\n|c|\u2606BushGaming41|not saying I would've won if I did, probably not, but I would've been able to put up a better fight\n|\n|t:|1776012663\n|move|p2b: Simipour|Fake Out|p1a: Sneasler\n|-damage|p1a: Sneasler|79/100\n|move|p1b: Kingambit|Sucker Punch||[still]\n|-fail|p1b: Kingambit\n|cant|p1a: Sneasler|flinch\n|\n|upkeep\n|turn|8\n|\n|t:|1776012679\n|move|p1b: Kingambit|Sucker Punch|p2b: Simipour\n|-damage|p2b: Simipour|0 fnt\n|faint|p2b: Simipour\n|\n|win|tailamatong\n|raw|tailamatong's rating: 1040 &rarr; <strong>1070</strong><br />(+30 for winning)\n|raw|BushGaming41's rating: 1000 &rarr; <strong>1000</strong><br />(+0 for losing)\n|l|\u2606BushGaming41\n|player|p2|\n",
  "uploadtime": 1776012691,
  "views": 12,
  "formatid": "gen9championsvgc2026regma",
  "rating": 1000,
  "private": 0,
  "password": null
}