{
  "id": "gen9championsvgc2026regma-2582744567",
  "format": "[Gen 9 Champions] VGC 2026 Reg M-A",
  "players": [
    "hectorretaaa81",
    "loklastaji"
  ],
  "log": "|j|\u2606hectorretaaa81\n|j|\u2606loklastaji\n|t:|1776111118\n|gametype|doubles\n|player|p1|hectorretaaa81|2|1350\n|player|p2|loklastaji|102|1365\n|gen|9\n|tier|[Gen 9 Champions] VGC 2026 Reg M-A\n|rated|\n|rule|Species Clause: Limit one of each Pok\u00e9mon\n|rule|Item Clause: Limit 1 of each item\n|clearpoke\n|poke|p1|Gardevoir, L50, F|\n|poke|p1|Charizard, L50, M|\n|poke|p1|Venusaur, L50, M|\n|poke|p1|Garchomp, L50, M|\n|poke|p1|Milotic, L50, M|\n|poke|p1|Incineroar, L50, M|\n|poke|p2|Samurott-Hisui, L50, F|\n|poke|p2|Mamoswine, L50, M|\n|poke|p2|Delphox, L50, F|\n|poke|p2|Tsareena, L50, F|\n|poke|p2|Corviknight, L50, F|\n|poke|p2|Altaria, L50, F|\n|teampreview|4\n|\n|t:|1776111174\n|teamsize|p1|4\n|teamsize|p2|4\n|start\n|switch|p1a: Incineroar|Incineroar, L50, M|100/100\n|switch|p1b: Charizard|Charizard, L50, M|100/100\n|switch|p2a: Mamoswine|Mamoswine, L50, M|100/100\n|switch|p2b: Tsareena|Tsareena, L50, F|100/100\n|-ability|p1a: Incineroar|Intimidate|boost\n|-fail|p2a: Mamoswine|unboost|Attack|[from] ability: Oblivious|[of] p2a: Mamoswine\n|-unboost|p2b: Tsareena|atk|1\n|turn|1\n|l|\u2606loklastaji\n|player|p2|\n|j|\u2606loklastaji\n|player|p2|loklastaji|102|\n|inactive|Battle timer is ON: inactive players will automatically lose when time's up. (requested by loklastaji)\n|l|\u2606loklastaji\n|inactive|loklastaji disconnected and has a minute to reconnect!\n|player|p2|\n|inactive|hectorretaaa81 has 60 seconds left.\n|\n|t:|1776111252\n|detailschange|p1b: Charizard|Charizard-Mega-Y, L50, M\n|-mega|p1b: Charizard|Charizard|Charizardite Y\n|-weather|SunnyDay|[from] ability: Drought|[of] p1b: Charizard\n|move|p2a: Mamoswine|Rock Slide|p1b: Charizard|[spread] p1b\n|-miss|p2a: Mamoswine|p1a: Incineroar\n|-supereffective|p1b: Charizard|2\n|-damage|p1b: Charizard|5/100\n|move|p1b: Charizard|Heat Wave|p2b: Tsareena|[spread] p2a,p2b\n|-supereffective|p2a: Mamoswine|1\n|-supereffective|p2b: Tsareena|1\n|-damage|p2a: Mamoswine|0 fnt\n|-enditem|p2b: Tsareena|Focus Sash\n|-damage|p2b: Tsareena|1/100\n|faint|p2a: Mamoswine\n|move|p2b: Tsareena|High Jump Kick|p1a: Incineroar\n|-supereffective|p1a: Incineroar|1\n|-damage|p1a: Incineroar|40/100\n|-enditem|p1a: Incineroar|Sitrus Berry|[eat]\n|-heal|p1a: Incineroar|65/100|[from] item: Sitrus Berry\n|move|p1a: Incineroar|Parting Shot|p2b: Tsareena\n|-unboost|p2b: Tsareena|atk|1\n|-unboost|p2b: Tsareena|spa|1\n|j|\u2606loklastaji\n|inactive|loklastaji reconnected.\n|player|p2|loklastaji|102|\n|\n|t:|1776111270\n|switch|p1a: Venusaur|Venusaur, L50, M|100/100|[from] Parting Shot\n|\n|-weather|SunnyDay|[upkeep]\n|upkeep\n|inactive|loklastaji has 30 seconds left.\n|j| Koiman\n|inactive|loklastaji has 20 seconds left.\n|\n|t:|1776111309\n|switch|p2a: Delphox|Delphox, L50, F|100/100\n|turn|2\n|\n|t:|1776111319\n|switch|p2b: Altaria|Altaria, L50, F|100/100\n|-ability|p2b: Altaria|Cloud Nine\n|detailschange|p2a: Delphox|Delphox-Mega, L50, F\n|-mega|p2a: Delphox|Delphox|Delphoxite\n|move|p2a: Delphox|Heat Wave|p1a: Venusaur|[spread] p1a,p1b\n|-supereffective|p1a: Venusaur|1\n|-resisted|p1b: Charizard|1\n|-damage|p1a: Venusaur|1/100\n|-damage|p1b: Charizard|0 fnt\n|faint|p1b: Charizard\n|move|p1a: Venusaur|Sleep Powder|p2a: Delphox\n|-status|p2a: Delphox|slp|[from] move: Sleep Powder\n|\n|-weather|SunnyDay|[upkeep]\n|upkeep\n|\n|t:|1776111327\n|switch|p1b: Milotic|Milotic, L50, M|100/100\n|turn|3\n|inactive|loklastaji has 30 seconds left.\n|inactive|loklastaji has 20 seconds left.\n|inactive|loklastaji has 15 seconds left.\n|inactive|loklastaji has 10 seconds left.\n|\n|t:|1776111376\n|move|p1a: Venusaur|Protect|p1a: Venusaur\n|-singleturn|p1a: Venusaur|Protect\n|cant|p2a: Delphox|slp\n|move|p2b: Altaria|Hyper Voice|p1a: Venusaur|[spread] p1b\n|-activate|p1a: Venusaur|move: Protect\n|-damage|p1b: Milotic|89/100\n|move|p1b: Milotic|Ice Beam|p2b: Altaria\n|-supereffective|p2b: Altaria|2\n|-damage|p2b: Altaria|0 fnt\n|faint|p2b: Altaria\n|\n|-weather|SunnyDay|[upkeep]\n|-heal|p1b: Milotic|95/100|[from] item: Leftovers\n|upkeep\n|\n|t:|1776111391\n|switch|p2b: Tsareena|Tsareena, L50, F|1/100\n|turn|4\n|\n|t:|1776111409\n|move|p1a: Venusaur|Sludge Bomb|p2b: Tsareena\n|-supereffective|p2b: Tsareena|1\n|-damage|p2b: Tsareena|0 fnt\n|faint|p2b: Tsareena\n|cant|p2a: Delphox|slp\n|move|p1b: Milotic|Scald|p2a: Delphox\n|-supereffective|p2a: Delphox|1\n|-damage|p2a: Delphox|68/100 slp\n|\n|-weather|SunnyDay|[upkeep]\n|-heal|p1b: Milotic|100/100|[from] item: Leftovers\n|upkeep\n|turn|5\n|\n|t:|1776111427\n|move|p1b: Milotic|Protect|p1b: Milotic\n|-singleturn|p1b: Milotic|Protect\n|move|p1a: Venusaur|Sludge Bomb|p2a: Delphox\n|-damage|p2a: Delphox|26/100 slp\n|-curestatus|p2a: Delphox|slp|[msg]\n|move|p2a: Delphox|Grass Knot|p1b: Milotic\n|-activate|p1b: Milotic|move: Protect\n|\n|-weather|none\n|upkeep\n|turn|6\n|\n|t:|1776111442\n|move|p2a: Delphox|Heat Wave|p1a: Venusaur|[spread] p1a,p1b\n|-supereffective|p1a: Venusaur|1\n|-resisted|p1b: Milotic|1\n|-damage|p1a: Venusaur|0 fnt\n|-damage|p1b: Milotic|84/100\n|faint|p1a: Venusaur\n|move|p1b: Milotic|Scald|p2a: Delphox\n|-supereffective|p2a: Delphox|1\n|-damage|p2a: Delphox|0 fnt\n|faint|p2a: Delphox\n|\n|win|hectorretaaa81\n|raw|hectorretaaa81's rating: 1350 &rarr; <strong>1371</strong><br />(+21 for winning)\n|raw|loklastaji's rating: 1365 &rarr; <strong>1344</strong><br />(-21 for losing)\n",
  "uploadtime": 1776111452,
  "views": 24,
  "formatid": "gen9championsvgc2026regma",
  "rating": 1344,
  "private": 0,
  "password": null
}