{
  "id": "gen9championsvgc2026regma-2584224897",
  "format": "[Gen 9 Champions] VGC 2026 Reg M-A",
  "players": [
    "shjwlwlwlw",
    "Kdkddddd"
  ],
  "log": "|j|\u2606shjwlwlwlw\n|j|\u2606Kdkddddd\n|t:|1776240317\n|gametype|doubles\n|player|p1|shjwlwlwlw|170|1048\n|player|p2|Kdkddddd|170|1134\n|gen|9\n|tier|[Gen 9 Champions] VGC 2026 Reg M-A\n|rated|\n|rule|Species Clause: Limit one of each Pok\u00e9mon\n|rule|Item Clause: Limit 1 of each item\n|clearpoke\n|poke|p1|Gengar, L50, F|\n|poke|p1|Maushold-Four, L50|\n|poke|p1|Hydreigon, L50, M|\n|poke|p1|Politoed, L50, M|\n|poke|p1|Incineroar, L50, M|\n|poke|p1|Meganium, L50, F|\n|poke|p2|Sableye, L50, F|\n|poke|p2|Corviknight, L50, M|\n|poke|p2|Luxray, L50, M|\n|poke|p2|Aggron, L50, M|\n|poke|p2|Tyranitar, L50, M|\n|poke|p2|Bellibolt, L50, M|\n|teampreview|4\n|inactive|Battle timer is ON: inactive players will automatically lose when time's up. (requested by shjwlwlwlw)\n|inactive|shjwlwlwlw has 60 seconds left.\n|\n|t:|1776240378\n|teamsize|p1|4\n|teamsize|p2|4\n|start\n|switch|p1a: Hydreigon|Hydreigon, L50, M|100/100\n|switch|p1b: Meganium|Meganium, L50, F|100/100\n|switch|p2a: Aggron|Aggron, L50, M, shiny|100/100\n|switch|p2b: Luxray|Luxray, L50, M, shiny|100/100\n|-ability|p2b: Luxray|Intimidate|boost\n|-unboost|p1a: Hydreigon|atk|1\n|-unboost|p1b: Meganium|atk|1\n|turn|1\n|inactive|Kdkddddd has 30 seconds left.\n|\n|t:|1776240403\n|detailschange|p1b: Meganium|Meganium-Mega, L50, F\n|-mega|p1b: Meganium|Meganium|Meganiumite\n|detailschange|p2a: Aggron|Aggron-Mega, L50, M, shiny\n|-mega|p2a: Aggron|Aggron|Aggronite\n|move|p1a: Hydreigon|Tailwind|p1a: Hydreigon\n|-sidestart|p1: shjwlwlwlw|move: Tailwind\n|move|p1b: Meganium|Weather Ball|p2a: Aggron\n|-supereffective|p2a: Aggron|1\n|-damage|p2a: Aggron|27/100\n|move|p2b: Luxray|Volt Switch|p1b: Meganium\n|-resisted|p1b: Meganium|1\n|-damage|p1b: Meganium|89/100\n|\n|t:|1776240406\n|switch|p2b: Tyranitar|Tyranitar, L50, M, shiny|100/100|[from] Volt Switch\n|-weather|Sandstorm|[from] ability: Sand Stream|[of] p2b: Tyranitar\n|move|p2a: Aggron|Heavy Slam|p1b: Meganium\n|-supereffective|p1b: Meganium|1\n|-damage|p1b: Meganium|46/100\n|\n|-weather|Sandstorm|[upkeep]\n|-damage|p1a: Hydreigon|94/100|[from] Sandstorm\n|-damage|p1b: Meganium|40/100|[from] Sandstorm\n|upkeep\n|turn|2\n|\n|t:|1776240426\n|switch|p1a: Politoed|Politoed, L50, M|100/100\n|-weather|RainDance|[from] ability: Drizzle|[of] p1a: Politoed\n|move|p1b: Meganium|Protect|p1b: Meganium\n|-singleturn|p1b: Meganium|Protect\n|move|p2b: Tyranitar|Rock Slide|p1b: Meganium|[spread] p1a\n|-activate|p1b: Meganium|move: Protect\n|-damage|p1a: Politoed|62/100\n|move|p2a: Aggron|Body Press|p1a: Politoed\n|-damage|p1a: Politoed|15/100\n|\n|-weather|RainDance|[upkeep]\n|-heal|p1a: Politoed|21/100|[from] item: Leftovers\n|upkeep\n|turn|3\n|\n|t:|1776240448\n|move|p2a: Aggron|Protect|p2a: Aggron\n|-singleturn|p2a: Aggron|Protect\n|move|p1b: Meganium|Weather Ball|p2a: Aggron\n|-activate|p2a: Aggron|move: Protect\n|move|p1a: Politoed|Weather Ball|p2b: Tyranitar\n|-supereffective|p2b: Tyranitar|1\n|-damage|p2b: Tyranitar|0 fnt\n|faint|p2b: Tyranitar\n|\n|-weather|RainDance|[upkeep]\n|-heal|p1a: Politoed|27/100|[from] item: Leftovers\n|upkeep\n|\n|t:|1776240454\n|switch|p2b: Bellibolt|Bellibolt, L50, M, shiny|100/100\n|turn|4\n|\n|t:|1776240463\n|switch|p2a: Luxray|Luxray, L50, M, shiny|100/100\n|-ability|p2a: Luxray|Intimidate|boost\n|-unboost|p1a: Politoed|atk|1\n|-unboost|p1b: Meganium|atk|1\n|move|p1b: Meganium|Weather Ball|p2a: Luxray\n|-damage|p2a: Luxray|30/100\n|move|p1a: Politoed|Perish Song|p1a: Politoed\n|-start|p1a: Politoed|perish3|[silent]\n|-start|p1b: Meganium|perish3|[silent]\n|-start|p2a: Luxray|perish3|[silent]\n|-start|p2b: Bellibolt|perish3|[silent]\n|-fieldactivate|move: Perish Song\n|move|p2b: Bellibolt|Parabolic Charge|p1a: Politoed|[spread] p2a,p1a,p1b\n|-resisted|p2a: Luxray|1\n|-supereffective|p1a: Politoed|1\n|-resisted|p1b: Meganium|1\n|-damage|p2a: Luxray|18/100\n|-damage|p1a: Politoed|0 fnt\n|-damage|p1b: Meganium|33/100\n|faint|p1a: Politoed\n|\n|-weather|RainDance|[upkeep]\n|-start|p1b: Meganium|perish3\n|-start|p2a: Luxray|perish3\n|-start|p2b: Bellibolt|perish3\n|-sideend|p1: shjwlwlwlw|move: Tailwind\n|upkeep\n|\n|t:|1776240482\n|switch|p1a: Maushold|Maushold-Four, L50|100/100\n|turn|5\n|\n|t:|1776240495\n|move|p2a: Luxray|Volt Switch|p1a: Maushold\n|-damage|p1a: Maushold|72/100\n|\n|t:|1776240499\n|switch|p2a: Aggron|Aggron-Mega, L50, M, shiny|27/100|[from] Volt Switch\n|move|p1a: Maushold|Super Fang|p2b: Bellibolt\n|-damage|p2b: Bellibolt|50/100\n|-start|p2b: Bellibolt|Charge|Super Fang|[from] ability: Electromorphosis\n|-enditem|p2b: Bellibolt|Sitrus Berry|[eat]\n|-heal|p2b: Bellibolt|75/100|[from] item: Sitrus Berry\n|move|p1b: Meganium|Weather Ball|p2a: Aggron\n|-supereffective|p2a: Aggron|1\n|-damage|p2a: Aggron|0 fnt\n|faint|p2a: Aggron\n|move|p2b: Bellibolt|Acid Spray|p1b: Meganium\n|-supereffective|p1b: Meganium|2\n|-crit|p1b: Meganium\n|-damage|p1b: Meganium|0 fnt\n|faint|p1b: Meganium\n|\n|-weather|RainDance|[upkeep]\n|-start|p2b: Bellibolt|perish2\n|upkeep\n|\n|t:|1776240514\n|switch|p1b: Hydreigon|Hydreigon, L50, M|94/100\n|switch|p2a: Luxray|Luxray, L50, M, shiny|18/100\n|-ability|p2a: Luxray|Intimidate|boost\n|-unboost|p1a: Maushold|atk|1\n|-unboost|p1b: Hydreigon|atk|1\n|turn|6\n|\n|t:|1776240531\n|move|p1a: Maushold|Protect|p1a: Maushold\n|-singleturn|p1a: Maushold|Protect\n|move|p1b: Hydreigon|Dark Pulse|p2a: Luxray\n|-damage|p2a: Luxray|0 fnt\n|faint|p2a: Luxray\n|move|p2b: Bellibolt|Parabolic Charge|p1a: Maushold|[spread] p1b\n|-activate|p1a: Maushold|move: Protect\n|-resisted|p1b: Hydreigon|1\n|-damage|p1b: Hydreigon|81/100\n|-heal|p2b: Bellibolt|82/100|[from] drain|[of] p1b: Hydreigon\n|-end|p2b: Bellibolt|Charge|[silent]\n|\n|-weather|none\n|-start|p2b: Bellibolt|perish1\n|upkeep\n|turn|7\n|-message|Kdkddddd forfeited.\n|\n|win|shjwlwlwlw\n|raw|shjwlwlwlw's rating: 1048 &rarr; <strong>1089</strong><br />(+41 for winning)\n|raw|Kdkddddd's rating: 1134 &rarr; <strong>1103</strong><br />(-31 for losing)\n|l|\u2606Kdkddddd\n|player|p2|\n",
  "uploadtime": 1776240549,
  "views": 18,
  "formatid": "gen9championsvgc2026regma",
  "rating": 1089,
  "private": 0,
  "password": null
}