{
  "id": "gen9championsvgc2026regma-2583120316",
  "format": "[Gen 9 Champions] VGC 2026 Reg M-A",
  "players": [
    "sethwell",
    "lolumo"
  ],
  "log": "|j|\u2606sethwell\n|j|\u203dlolumo\n|t:|1776144403\n|gametype|doubles\n|player|p1|sethwell|blue|1233\n|player|p2|lolumo|n|1268\n|gen|9\n|tier|[Gen 9 Champions] VGC 2026 Reg M-A\n|rated|\n|rule|Species Clause: Limit one of each Pok\u00e9mon\n|rule|Item Clause: Limit 1 of each item\n|clearpoke\n|poke|p1|Blastoise, L50, F|\n|poke|p1|Whimsicott, L50, M|\n|poke|p1|Incineroar, L50, M|\n|poke|p1|Sneasler, L50, F|\n|poke|p1|Kingambit, L50, M|\n|poke|p1|Sinistcha, L50|\n|poke|p2|Floette-Eternal, L50, F|\n|poke|p2|Aerodactyl, L50, M|\n|poke|p2|Sneasler, L50, M|\n|poke|p2|Garchomp, L50, M|\n|poke|p2|Incineroar, L50, F|\n|poke|p2|Basculegion, L50, M|\n|teampreview|4\n|inactive|Battle timer is ON: inactive players will automatically lose when time's up. (requested by sethwell)\nlolumo has agreed to open team sheets.\n|inactive|sethwell has 60 seconds left.\n|inactive|sethwell has 30 seconds left.\n|inactive|sethwell has 20 seconds left.\n|inactive|sethwell has 15 seconds left.\n|\n|t:|1776144487\n|teamsize|p1|4\n|teamsize|p2|4\n|start\n|switch|p1a: Sneasler|Sneasler, L50, F|100/100\n|switch|p1b: Incineroar|Incineroar, L50, M|100/100\n|switch|p2a: Floette|Floette-Eternal, L50, F|100/100\n|switch|p2b: Aerodactyl|Aerodactyl, L50, M|100/100\n|-ability|p2b: Aerodactyl|Unnerve\n|-ability|p1b: Incineroar|Intimidate|boost\n|-unboost|p2a: Floette|atk|1\n|-unboost|p2b: Aerodactyl|atk|1\n|turn|1\n|\n|t:|1776144509\n|detailschange|p2a: Floette|Floette-Mega, L50, F\n|-mega|p2a: Floette|Floette|Floettite\n|-ability|p2a: Floette|Fairy Aura\n|move|p2a: Floette|Protect|p2a: Floette\n|-singleturn|p2a: Floette|Protect\n|move|p1b: Incineroar|Fake Out|p2b: Aerodactyl\n|-resisted|p2b: Aerodactyl|1\n|-damage|p2b: Aerodactyl|89/100\n|cant|p2b: Aerodactyl|flinch\n|move|p1a: Sneasler|Dire Claw|p2a: Floette\n|-activate|p2a: Floette|move: Protect\n|\n|upkeep\n|turn|2\n|inactive|sethwell has 30 seconds left.\n|\n|t:|1776144542\n|switch|p2a: Sneasler|Sneasler, L50, M|100/100\n|move|p2b: Aerodactyl|Tailwind|p2b: Aerodactyl\n|-sidestart|p2: lolumo|move: Tailwind\n|move|p1a: Sneasler|Dire Claw|p2a: Sneasler\n|-resisted|p2a: Sneasler|1\n|-damage|p2a: Sneasler|60/100\n|move|p1b: Incineroar|Parting Shot|p2b: Aerodactyl\n|-unboost|p2b: Aerodactyl|atk|1\n|-unboost|p2b: Aerodactyl|spa|1\n|\n|t:|1776144560\n|switch|p1b: Blastoise|Blastoise, L50, F|100/100|[from] Parting Shot\n|\n|upkeep\n|turn|3\n|inactive|lolumo has 30 seconds left.\n|\n|t:|1776144592\n|switch|p2b: Floette|Floette-Mega, L50, F|100/100\n|-ability|p2b: Floette|Fairy Aura\n|detailschange|p1b: Blastoise|Blastoise-Mega, L50, F\n|-mega|p1b: Blastoise|Blastoise|Blastoisinite\n|move|p2a: Sneasler|Fake Out|p1a: Sneasler\n|-damage|p1a: Sneasler|77/100\n|cant|p1a: Sneasler|flinch\n|move|p1b: Blastoise|Water Spout|p2a: Sneasler|[spread] p2a,p2b\n|-damage|p2a: Sneasler|0 fnt\n|-damage|p2b: Floette|50/100\n|faint|p2a: Sneasler\n|\n|upkeep\n|\n|t:|1776144598\n|switch|p2a: Aerodactyl|Aerodactyl, L50, M|89/100\n|-ability|p2a: Aerodactyl|Unnerve\n|turn|4\n|\n|t:|1776144620\n|switch|p1a: Incineroar|Incineroar, L50, M|100/100\n|-ability|p1a: Incineroar|Intimidate|boost\n|-unboost|p2a: Aerodactyl|atk|1\n|-unboost|p2b: Floette|atk|1\n|move|p1b: Blastoise|Protect|p1b: Blastoise\n|-singleturn|p1b: Blastoise|Protect\n|move|p2a: Aerodactyl|Dual Wingbeat|p1a: Incineroar\n|-damage|p1a: Incineroar|88/100\n|-damage|p1a: Incineroar|77/100\n|-hitcount|p1a: Incineroar|2\n|move|p2b: Floette|Moonblast|p1a: Incineroar\n|-damage|p1a: Incineroar|11/100\n|\n|upkeep\n|turn|5\n|\n|t:|1776144638\n|move|p1a: Incineroar|Fake Out|p2b: Floette\n|-damage|p2b: Floette|31/100\n|move|p2a: Aerodactyl|Rock Slide|p1b: Blastoise|[spread] p1a,p1b\n|-supereffective|p1a: Incineroar|1\n|-damage|p1a: Incineroar|0 fnt\n|-damage|p1b: Blastoise|84/100\n|faint|p1a: Incineroar\n|cant|p2b: Floette|flinch\n|cant|p1b: Blastoise|flinch\n|\n|-sideend|p2: lolumo|move: Tailwind\n|upkeep\n|\n|t:|1776144653\n|switch|p1a: Sinistcha|Sinistcha, L50|100/100\n|-heal|p1b: Blastoise|100/100|[from] ability: Hospitality|[of] p1a: Sinistcha\n|turn|6\n|inactive|lolumo has 30 seconds left.\n|\n|t:|1776144681\n|move|p1b: Blastoise|Protect|p1b: Blastoise\n|-singleturn|p1b: Blastoise|Protect\n|move|p2a: Aerodactyl|Dual Wingbeat|p1a: Sinistcha\n|-supereffective|p1a: Sinistcha|1\n|-damage|p1a: Sinistcha|77/100\n|-supereffective|p1a: Sinistcha|1\n|-damage|p1a: Sinistcha|52/100\n|-hitcount|p1a: Sinistcha|2\n|move|p2b: Floette|Light of Ruin|p1b: Blastoise\n|-activate|p1b: Blastoise|move: Protect\n|move|p1a: Sinistcha|Trick Room|p1a: Sinistcha\n|-fieldstart|move: Trick Room|[of] p1a: Sinistcha\n|\n|upkeep\n|turn|7\n|\n|t:|1776144701\n|move|p2b: Floette|Protect|p2b: Floette\n|-singleturn|p2b: Floette|Protect\n|move|p2a: Aerodactyl|Protect|p2a: Aerodactyl\n|-singleturn|p2a: Aerodactyl|Protect\n|move|p1a: Sinistcha|Rage Powder|p1a: Sinistcha\n|-singleturn|p1a: Sinistcha|move: Rage Powder\n|move|p1b: Blastoise|Water Spout|p2b: Floette|[spread] \n|-activate|p2a: Aerodactyl|move: Protect\n|-activate|p2b: Floette|move: Protect\n|\n|upkeep\n|turn|8\n|\n|t:|1776144715\n|move|p1a: Sinistcha|Rage Powder|p1a: Sinistcha\n|-singleturn|p1a: Sinistcha|move: Rage Powder\n|move|p1b: Blastoise|Water Spout|p2b: Floette|[spread] p2a,p2b\n|-supereffective|p2a: Aerodactyl|1\n|-damage|p2a: Aerodactyl|0 fnt\n|-damage|p2b: Floette|0 fnt\n|faint|p2a: Aerodactyl\n|faint|p2b: Floette\n|\n|upkeep\n|\n|t:|1776144721\n|switch|p2a: Basculegion|Basculegion, L50, M|100/100\n|turn|9\n|\n|t:|1776144727\n|move|p1a: Sinistcha|Matcha Gotcha|p2a: Basculegion\n|-supereffective|p2a: Basculegion|1\n|-damage|p2a: Basculegion|19/100\n|-heal|p1a: Sinistcha|97/100|[from] drain|[of] p2a: Basculegion\n|move|p1b: Blastoise|Water Pulse|p2a: Basculegion\n|-resisted|p2a: Basculegion|1\n|-damage|p2a: Basculegion|0 fnt\n|faint|p2a: Basculegion\n|\n|win|sethwell\n|raw|sethwell's rating: 1233 &rarr; <strong>1261</strong><br />(+28 for winning)\n|raw|lolumo's rating: 1268 &rarr; <strong>1240</strong><br />(-28 for losing)\n|l|\u203dlolumo\n|player|p2|\n",
  "uploadtime": 1776144738,
  "views": 39,
  "formatid": "gen9championsvgc2026regma",
  "rating": 1240,
  "private": 0,
  "password": null
}