{
  "id": "gen9championsvgc2026regma-2585215102",
  "format": "[Gen 9 Champions] VGC 2026 Reg M-A",
  "players": [
    "xurox",
    "Machinationz"
  ],
  "log": "|j|\u2606xurox\n|j|\u2606Machinationz\n|t:|1776325930\n|gametype|doubles\n|player|p1|xurox|giovanni|1128\n|player|p2|Machinationz|1|1041\n|gen|9\n|tier|[Gen 9 Champions] VGC 2026 Reg M-A\n|rated|\n|rule|Species Clause: Limit one of each Pok\u00e9mon\n|rule|Item Clause: Limit 1 of each item\n|clearpoke\n|poke|p1|Farigiraf, L50, M|\n|poke|p1|Torkoal, L50, F|\n|poke|p1|Camerupt, L50, M|\n|poke|p1|Sinistcha, L50|\n|poke|p1|Meowscarada, L50, F|\n|poke|p1|Hatterene, L50, F|\n|poke|p2|Oranguru, L50, F|\n|poke|p2|Incineroar, L50, F|\n|poke|p2|Crabominable, L50, F|\n|poke|p2|Kangaskhan, L50, F|\n|poke|p2|Aerodactyl, L50, M|\n|poke|p2|Milotic, L50, M|\n|teampreview|4\n|\n|t:|1776325978\n|teamsize|p1|4\n|teamsize|p2|4\n|start\n|switch|p1a: Meowscarada|Meowscarada, L50, F|100/100\n|switch|p1b: Camerupt|Camerupt, L50, M|100/100\n|switch|p2a: Incineroar|Incineroar, L50, F|100/100\n|switch|p2b: Crabominable|Crabominable, L50, F|100/100\n|-ability|p2a: Incineroar|Intimidate|boost\n|-unboost|p1a: Meowscarada|atk|1\n|-unboost|p1b: Camerupt|atk|1\n|turn|1\n|\n|t:|1776326029\n|switch|p1a: Farigiraf|Farigiraf, L50, M|100/100\n|detailschange|p1b: Camerupt|Camerupt-Mega, L50, M\n|-mega|p1b: Camerupt|Camerupt|Cameruptite\n|move|p2a: Incineroar|Fake Out||[still]\n|cant|p1a: Farigiraf|ability: Armor Tail|Fake Out|[of] p2a: Incineroar\n|move|p2b: Crabominable|Drain Punch|p1a: Farigiraf\n|-damage|p1a: Farigiraf|65/100\n|move|p1b: Camerupt|Flamethrower|p2b: Crabominable\n|-supereffective|p2b: Crabominable|1\n|-damage|p2b: Crabominable|0 fnt\n|faint|p2b: Crabominable\n|\n|upkeep\n|\n|t:|1776326038\n|switch|p2b: Milotic|Milotic, L50, M|100/100\n|turn|2\n|\n|t:|1776326062\n|move|p1a: Farigiraf|Protect|p1a: Farigiraf\n|-singleturn|p1a: Farigiraf|Protect\n|move|p2b: Milotic|Scald|p1b: Camerupt\n|-supereffective|p1b: Camerupt|2\n|-damage|p1b: Camerupt|0 fnt\n|faint|p1b: Camerupt\n|move|p2a: Incineroar|Darkest Lariat|p1a: Farigiraf\n|-activate|p1a: Farigiraf|move: Protect\n|\n|upkeep\n|\n|t:|1776326070\n|switch|p1b: Meowscarada|Meowscarada, L50, F|100/100\n|turn|3\n|\n|t:|1776326080\n|move|p2b: Milotic|Protect|p2b: Milotic\n|-singleturn|p2b: Milotic|Protect\n|move|p1b: Meowscarada|Flower Trick|p2b: Milotic\n|-start|p1b: Meowscarada|typechange|Grass|[from] ability: Protean\n|-activate|p2b: Milotic|move: Protect\n|move|p2a: Incineroar|Flare Blitz|p1b: Meowscarada\n|-supereffective|p1b: Meowscarada|1\n|-damage|p1b: Meowscarada|0 fnt\n|faint|p1b: Meowscarada\n|-damage|p2a: Incineroar|76/100|[from] Recoil\n|move|p1a: Farigiraf|Trick Room|p1a: Farigiraf\n|-fieldstart|move: Trick Room|[of] p1a: Farigiraf\n|\n|upkeep\n|\n|t:|1776326093\n|switch|p1b: Torkoal|Torkoal, L50, F|100/100\n|-weather|SunnyDay|[from] ability: Drought|[of] p1b: Torkoal\n|turn|4\n|\n|t:|1776326107\n|move|p1b: Torkoal|Solar Beam||[still]\n|-prepare|p1b: Torkoal|Solar Beam\n|-anim|p1b: Torkoal|Solar Beam|p2b: Milotic\n|-supereffective|p2b: Milotic|1\n|-damage|p2b: Milotic|58/100\n|move|p1a: Farigiraf|Psychic|p2b: Milotic\n|-damage|p2b: Milotic|36/100\n|move|p2a: Incineroar|Darkest Lariat|p1b: Torkoal\n|-damage|p1b: Torkoal|76/100\n|move|p2b: Milotic|Scald|p1b: Torkoal\n|-supereffective|p1b: Torkoal|1\n|-damage|p1b: Torkoal|41/100\n|\n|-weather|SunnyDay|[upkeep]\n|-heal|p2b: Milotic|42/100|[from] item: Leftovers\n|upkeep\n|turn|5\n|-message|xurox forfeited.\n|\n|win|Machinationz\n|raw|xurox's rating: 1128 &rarr; <strong>1097</strong><br />(-31 for losing)\n|raw|Machinationz's rating: 1041 &rarr; <strong>1083</strong><br />(+42 for winning)\n|l|\u2606xurox\n|player|p1|\n",
  "uploadtime": 1776326132,
  "views": 21,
  "formatid": "gen9championsvgc2026regma",
  "rating": 1083,
  "private": 0,
  "password": null
}