{
  "id": "gen9championsvgc2026regma-2584861430",
  "format": "[Gen 9 Champions] VGC 2026 Reg M-A",
  "players": [
    "eigenvalue22",
    "YonkoLouis"
  ],
  "log": "|j|\u2606eigenvalue22\n|j|\u2606YonkoLouis\n|t:|1776289475\n|gametype|doubles\n|player|p1|eigenvalue22|1|1071\n|player|p2|YonkoLouis|sabrina-frlg|1032\n|gen|9\n|tier|[Gen 9 Champions] VGC 2026 Reg M-A\n|rated|\n|rule|Species Clause: Limit one of each Pok\u00e9mon\n|rule|Item Clause: Limit 1 of each item\n|clearpoke\n|poke|p1|Kangaskhan, L50, F|\n|poke|p1|Archaludon, L50, F|\n|poke|p1|Aerodactyl, L50, F|\n|poke|p1|Tauros-Paldea-Aqua, L50, M|\n|poke|p1|Meganium, L50, F|\n|poke|p1|Basculegion, L50, M|\n|poke|p2|Floette-Eternal, L50, F|\n|poke|p2|Whimsicott, L50, F|\n|poke|p2|Tyranitar, L50, F|\n|poke|p2|Excadrill, L50, F|\n|poke|p2|Primarina, L50, F|\n|poke|p2|Goodra-Hisui, L50, F|\n|teampreview|4\n|c|\u2606YonkoLouis|wolf team\n|c|\u2606YonkoLouis|great\nYonkoLouis rejected open team sheets.\n|\n|t:|1776289502\n|teamsize|p1|4\n|teamsize|p2|4\n|start\n|switch|p1a: Aerodactyl|Aerodactyl, L50, F|100/100\n|switch|p1b: Basculegion|Basculegion, L50, M|100/100\n|switch|p2a: Lil Xern|Floette-Eternal, L50, F|100/100\n|switch|p2b: LA FLAME|Whimsicott, L50, F, shiny|100/100\n|-ability|p1a: Aerodactyl|Unnerve\n|turn|1\n|\n|t:|1776289535\n|detailschange|p2a: Lil Xern|Floette-Mega, L50, F\n|-mega|p2a: Lil Xern|Floette|Floettite\n|-ability|p2a: Lil Xern|Fairy Aura\n|move|p2b: LA FLAME|Tailwind|p2b: LA FLAME\n|-sidestart|p2: YonkoLouis|move: Tailwind\n|move|p2a: Lil Xern|Dazzling Gleam|p1b: Basculegion|[spread] p1a,p1b\n|-damage|p1a: Aerodactyl|34/100\n|-damage|p1b: Basculegion|43/100\n|move|p1b: Basculegion|Flip Turn|p2a: Lil Xern\n|-damage|p2a: Lil Xern|52/100\n|\n|t:|1776289552\n|switch|p1b: Archaludon|Archaludon, L50, F|100/100|[from] Flip Turn\n|move|p1a: Aerodactyl|Tailwind|p1a: Aerodactyl\n|-sidestart|p1: eigenvalue22|move: Tailwind\n|\n|upkeep\n|turn|2\n|\n|t:|1776289588\n|move|p2a: Lil Xern|Protect|p2a: Lil Xern\n|-singleturn|p2a: Lil Xern|Protect\n|move|p2b: LA FLAME|Encore|p1a: Aerodactyl\n|-start|p1a: Aerodactyl|Encore\n|move|p1a: Aerodactyl|Tailwind||[still]\n|-fail|p1a: Aerodactyl\n|move|p1b: Archaludon|Flash Cannon|p2a: Lil Xern\n|-activate|p2a: Lil Xern|move: Protect\n|\n|upkeep\n|turn|3\n|\n|t:|1776289619\n|switch|p1a: Meganium|Meganium, L50, F|100/100\n|move|p2b: LA FLAME|Helping Hand|p2a: Lil Xern\n|-singleturn|p2a: Lil Xern|Helping Hand|[of] p2b: LA FLAME\n|move|p1b: Archaludon|Protect|p1b: Archaludon\n|-singleturn|p1b: Archaludon|Protect\n|move|p2a: Lil Xern|Dazzling Gleam|p1b: Archaludon|[spread] p1a\n|-activate|p1b: Archaludon|move: Protect\n|-damage|p1a: Meganium|55/100\n|\n|upkeep\n|turn|4\n|\n|t:|1776289682\n|detailschange|p1a: Meganium|Meganium-Mega, L50, F\n|-mega|p1a: Meganium|Meganium|Meganiumite\n|move|p2a: Lil Xern|Protect|p2a: Lil Xern\n|-singleturn|p2a: Lil Xern|Protect\n|move|p2b: LA FLAME|Encore|p1b: Archaludon\n|-start|p1b: Archaludon|Encore\n|move|p1b: Archaludon|Protect||[still]\n|-fail|p1b: Archaludon\n|move|p1a: Meganium|Weather Ball|p2b: LA FLAME\n|-supereffective|p2b: LA FLAME|1\n|-damage|p2b: LA FLAME|0 fnt\n|faint|p2b: LA FLAME\n|\n|-sideend|p1: eigenvalue22|move: Tailwind\n|-sideend|p2: YonkoLouis|move: Tailwind\n|upkeep\n|\n|t:|1776289717\n|switch|p2b: Small Hand|Tyranitar, L50, F|100/100\n|-weather|Sandstorm|[from] ability: Sand Stream|[of] p2b: Small Hand\n|turn|5\n|\n|t:|1776289755\n|switch|p1b: Aerodactyl|Aerodactyl, L50, F|34/100\n|-ability|p1b: Aerodactyl|Unnerve\n|move|p1a: Meganium|Protect|p1a: Meganium\n|-singleturn|p1a: Meganium|Protect\n|move|p2a: Lil Xern|Calm Mind|p2a: Lil Xern\n|-boost|p2a: Lil Xern|spa|1\n|-boost|p2a: Lil Xern|spd|1\n|move|p2b: Small Hand|Low Kick|p1b: Aerodactyl\n|-damage|p1b: Aerodactyl|0 fnt\n|faint|p1b: Aerodactyl\n|\n|-weather|Sandstorm|[upkeep]\n|-damage|p2a: Lil Xern|46/100|[from] Sandstorm\n|-damage|p1a: Meganium|49/100|[from] Sandstorm\n|upkeep\n|\n|t:|1776289776\n|switch|p1b: Basculegion|Basculegion, L50, M|43/100\n|turn|6\n|\n|t:|1776289802\n|move|p2a: Lil Xern|Protect|p2a: Lil Xern\n|-singleturn|p2a: Lil Xern|Protect\n|move|p1b: Basculegion|Flip Turn|p2b: Small Hand\n|-supereffective|p2b: Small Hand|1\n|-damage|p2b: Small Hand|32/100\n|\n|t:|1776289810\n|switch|p1b: Archaludon|Archaludon, L50, F|100/100|[from] Flip Turn\n|move|p2b: Small Hand|Low Kick|p1a: Meganium\n|-resisted|p1a: Meganium|1\n|-damage|p1a: Meganium|29/100\n|move|p1a: Meganium|Solar Beam||[still]\n|-prepare|p1a: Meganium|Solar Beam\n|-activate|p1a: Meganium|ability: Mega Sol\n|-anim|p1a: Meganium|Solar Beam|p2a: Lil Xern\n|-activate|p2a: Lil Xern|move: Protect\n|\n|-weather|Sandstorm|[upkeep]\n|-damage|p2a: Lil Xern|40/100|[from] Sandstorm\n|-damage|p1a: Meganium|23/100|[from] Sandstorm\n|upkeep\n|turn|7\n|\n|t:|1776289859\n|move|p1a: Meganium|Protect|p1a: Meganium\n|-singleturn|p1a: Meganium|Protect\n|move|p2a: Lil Xern|Dazzling Gleam|p1a: Meganium|[spread] p1b\n|-activate|p1a: Meganium|move: Protect\n|-ability|p1b: Archaludon|Sturdy\n|-damage|p1b: Archaludon|1/100\n|move|p2b: Small Hand|Low Kick|p1b: Archaludon\n|-supereffective|p1b: Archaludon|1\n|-damage|p1b: Archaludon|0 fnt\n|faint|p1b: Archaludon\n|\n|-weather|Sandstorm|[upkeep]\n|-damage|p2a: Lil Xern|34/100|[from] Sandstorm\n|-damage|p1a: Meganium|17/100|[from] Sandstorm\n|upkeep\n|\n|t:|1776289877\n|switch|p1b: Basculegion|Basculegion, L50, M|43/100\n|turn|8\n|\n|t:|1776289894\n|move|p1b: Basculegion|Wave Crash|p2b: Small Hand\n|-supereffective|p2b: Small Hand|1\n|-damage|p2b: Small Hand|0 fnt\n|faint|p2b: Small Hand\n|-damage|p1b: Basculegion|32/100|[from] Recoil\n|move|p2a: Lil Xern|Dazzling Gleam|p1b: Basculegion|[spread] p1a,p1b\n|-damage|p1a: Meganium|0 fnt\n|-damage|p1b: Basculegion|0 fnt\n|faint|p1a: Meganium\n|faint|p1b: Basculegion\n|\n|win|YonkoLouis\n|raw|eigenvalue22's rating: 1071 &rarr; <strong>1048</strong><br />(-23 for losing)\n|raw|YonkoLouis's rating: 1032 &rarr; <strong>1071</strong><br />(+39 for winning)\n|c|\u2606YonkoLouis|gg\n",
  "uploadtime": 1776289908,
  "views": 24,
  "formatid": "gen9championsvgc2026regma",
  "rating": 1048,
  "private": 0,
  "password": null
}