{
  "id": "gen9championsvgc2026regma-2582570562",
  "format": "[Gen 9 Champions] VGC 2026 Reg M-A",
  "players": [
    "JakeJohnJackson",
    "FlockOfCows"
  ],
  "log": "|j|\u2606JakeJohnJackson\n|j|\u2606FlockOfCows\n|t:|1776100043\n|gametype|doubles\n|player|p1|JakeJohnJackson|gardenia|1099\n|player|p2|FlockOfCows|169|1000\n|gen|9\n|tier|[Gen 9 Champions] VGC 2026 Reg M-A\n|rated|\n|rule|Species Clause: Limit one of each Pok\u00e9mon\n|rule|Item Clause: Limit 1 of each item\n|clearpoke\n|poke|p1|Weavile, L50, M|\n|poke|p1|Chesnaught, L50, M|\n|poke|p1|Lopunny, L50, F|\n|poke|p1|Lucario, L50, M|\n|poke|p1|Gengar, L50, M|\n|poke|p1|Noivern, L50, M|\n|poke|p2|Oranguru, L50, M|\n|poke|p2|Torkoal, L50, M|\n|poke|p2|Venusaur, L50, M|\n|poke|p2|Chandelure, L50, F|\n|poke|p2|Gyarados, L50, F|\n|poke|p2|Whimsicott, L50, M|\n|teampreview|4\n|inactive|Battle timer is ON: inactive players will automatically lose when time's up. (requested by JakeJohnJackson)\n|\n|t:|1776100058\n|teamsize|p1|4\n|teamsize|p2|4\n|start\n|switch|p1a: Gengar|Gengar, L50, M|100/100\n|switch|p1b: Noivern|Noivern, L50, M|100/100\n|switch|p2a: Oranguru|Oranguru, L50, M|100/100\n|switch|p2b: Torkoal|Torkoal, L50, M|100/100\n|-weather|SunnyDay|[from] ability: Drought|[of] p2b: Torkoal\n|turn|1\n|\n|t:|1776100076\n|detailschange|p1a: Gengar|Gengar-Mega, L50, M\n|-mega|p1a: Gengar|Gengar|Gengarite\n|move|p2b: Torkoal|Protect|p2b: Torkoal\n|-singleturn|p2b: Torkoal|Protect\n|move|p1a: Gengar|Sludge Wave|p2b: Torkoal|[spread] p2a\n|-activate|p2b: Torkoal|move: Protect\n|-activate|p1b: Noivern|ability: Telepathy\n|-damage|p2a: Oranguru|65/100\n|move|p1b: Noivern|Boomburst|p2b: Torkoal|[spread] p2a\n|-activate|p2b: Torkoal|move: Protect\n|-immune|p1a: Gengar\n|-damage|p2a: Oranguru|38/100\n|move|p2a: Oranguru|Trick Room|p2a: Oranguru\n|-fieldstart|move: Trick Room|[of] p2a: Oranguru\n|\n|-weather|SunnyDay|[upkeep]\n|upkeep\n|turn|2\n|\n|t:|1776100097\n|move|p1a: Gengar|Protect|p1a: Gengar\n|-singleturn|p1a: Gengar|Protect\n|move|p2b: Torkoal|Eruption|p1a: Gengar|[spread] p1b\n|-activate|p1a: Gengar|move: Protect\n|-resisted|p1b: Noivern|1\n|-damage|p1b: Noivern|47/100\n|move|p2a: Oranguru|Instruct|p2b: Torkoal\n|-singleturn|p2b: Torkoal|move: Instruct|[of] p2a: Oranguru\n|move|p2b: Torkoal|Eruption|p1b: Noivern|[spread] p1b\n|-activate|p1a: Gengar|move: Protect\n|-resisted|p1b: Noivern|1\n|-damage|p1b: Noivern|0 fnt\n|faint|p1b: Noivern\n|\n|-weather|SunnyDay|[upkeep]\n|upkeep\n|\n|t:|1776100116\n|switch|p1b: Weavile|Weavile, L50, M|100/100\n|turn|3\n|\n|t:|1776100128\n|move|p2b: Torkoal|Protect|p2b: Torkoal\n|-singleturn|p2b: Torkoal|Protect\n|move|p1b: Weavile|Fake Out|p2b: Torkoal\n|-activate|p2b: Torkoal|move: Protect\n|move|p2a: Oranguru|Instruct|p1b: Weavile\n|-singleturn|p1b: Weavile|move: Instruct|[of] p2a: Oranguru\n|move|p1b: Weavile|Fake Out||[still]\n|-hint|Fake Out only works on your first turn out.\n|-fail|p1b: Weavile\n|move|p1a: Gengar|Shadow Ball|p2b: Torkoal\n|-activate|p2b: Torkoal|move: Protect\n|\n|-weather|SunnyDay|[upkeep]\n|upkeep\n|turn|4\n|\n|t:|1776100153\n|move|p1a: Gengar|Protect|p1a: Gengar\n|-singleturn|p1a: Gengar|Protect\n|move|p2b: Torkoal|Eruption|p1b: Weavile|[spread] p1b\n|-activate|p1a: Gengar|move: Protect\n|-supereffective|p1b: Weavile|1\n|-enditem|p1b: Weavile|Focus Sash\n|-damage|p1b: Weavile|1/100\n|move|p2a: Oranguru|Instruct|p2b: Torkoal\n|-singleturn|p2b: Torkoal|move: Instruct|[of] p2a: Oranguru\n|move|p2b: Torkoal|Eruption|p1b: Weavile|[spread] p1b\n|-activate|p1a: Gengar|move: Protect\n|-supereffective|p1b: Weavile|1\n|-damage|p1b: Weavile|0 fnt\n|faint|p1b: Weavile\n|\n|-weather|SunnyDay|[upkeep]\n|upkeep\n|\n|t:|1776100171\n|switch|p1b: Lucario|Lucario, L50, M|100/100\n|turn|5\n|-message|JakeJohnJackson forfeited.\n|\n|win|FlockOfCows\n|raw|JakeJohnJackson's rating: 1099 &rarr; <strong>1067</strong><br />(-32 for losing)\n|raw|FlockOfCows's rating: 1000 &rarr; <strong>1051</strong><br />(+51 for winning)\n|l|\u2606JakeJohnJackson\n|player|p1|\n",
  "uploadtime": 1776100182,
  "views": 32,
  "formatid": "gen9championsvgc2026regma",
  "rating": 1051,
  "private": 0,
  "password": null
}