{
  "id": "gen9championsvgc2026regma-2587736097",
  "format": "[Gen 9 Champions] VGC 2026 Reg M-A",
  "players": [
    "homieflexual",
    "derpybaits"
  ],
  "log": "|j|\u2606homieflexual\n|j|\u2606derpybaits\n|t:|1776558809\n|gametype|doubles\n|player|p1|homieflexual|266|1200\n|player|p2|derpybaits|170|1224\n|gen|9\n|tier|[Gen 9 Champions] VGC 2026 Reg M-A\n|rated|\n|rule|Species Clause: Limit one of each Pok\u00e9mon\n|rule|Item Clause: Limit 1 of each item\n|clearpoke\n|poke|p1|Kangaskhan, L50, F|\n|poke|p1|Sinistcha, L50|\n|poke|p1|Kommo-o, L50, F|\n|poke|p1|Milotic, L50, F|\n|poke|p1|Aerodactyl, L50, F|\n|poke|p1|Kingambit, L50, F|\n|poke|p2|Blastoise, L50, M|\n|poke|p2|Pelipper, L50, F|\n|poke|p2|Sinistcha, L50|\n|poke|p2|Sableye, L50, M|\n|poke|p2|Garchomp, L50, F|\n|poke|p2|Kingambit, L50, M|\n|teampreview|4\n|inactive|Battle timer is ON: inactive players will automatically lose when time's up. (requested by derpybaits)\nderpybaits rejected open team sheets.\n|inactive|homieflexual has 60 seconds left.\n|\n|t:|1776558882\n|teamsize|p1|4\n|teamsize|p2|4\n|start\n|switch|p1a: Sinistcha|Sinistcha, L50|100/100\n|switch|p1b: Aerodactyl|Aerodactyl, L50, F|100/100\n|switch|p2a: Blastoise|Blastoise, L50, M|100/100\n|switch|p2b: Sableye|Sableye, L50, M|100/100\n|-ability|p1b: Aerodactyl|Unnerve\n|turn|1\n|\n|t:|1776558903\n|detailschange|p2a: Blastoise|Blastoise-Mega, L50, M\n|-mega|p2a: Blastoise|Blastoise|Blastoisinite\n|move|p2b: Sableye|Fake Out|p1a: Sinistcha\n|-immune|p1a: Sinistcha\n|move|p1b: Aerodactyl|Tailwind|p1b: Aerodactyl\n|-sidestart|p1: homieflexual|move: Tailwind\n|move|p1a: Sinistcha|Matcha Gotcha|p2b: Sableye|[spread] p2a,p2b\n|-supereffective|p2a: Blastoise|1\n|-crit|p2b: Sableye\n|-damage|p2a: Blastoise|54/100\n|-damage|p2b: Sableye|48/100\n|-status|p2b: Sableye|brn\n|move|p2a: Blastoise|Shell Smash|p2a: Blastoise\n|-unboost|p2a: Blastoise|def|1\n|-unboost|p2a: Blastoise|spd|1\n|-boost|p2a: Blastoise|atk|2\n|-boost|p2a: Blastoise|spa|2\n|-boost|p2a: Blastoise|spe|2\n|\n|-damage|p2b: Sableye|42/100 brn|[from] brn\n|upkeep\n|turn|2\n|\n|t:|1776558923\n|switch|p1b: Milotic|Milotic, L50, F|100/100\n|move|p1a: Sinistcha|Rage Powder|p1a: Sinistcha\n|-singleturn|p1a: Sinistcha|move: Rage Powder\n|move|p2b: Sableye|Encore|p1a: Sinistcha\n|-start|p1a: Sinistcha|Encore\n|move|p2a: Blastoise|Water Spout|p1b: Milotic|[spread] p1a,p1b\n|-resisted|p1a: Sinistcha|1\n|-resisted|p1b: Milotic|1\n|-damage|p1a: Sinistcha|68/100\n|-damage|p1b: Milotic|72/100\n|\n|-damage|p2b: Sableye|37/100 brn|[from] brn\n|upkeep\n|turn|3\n|\n|t:|1776558946\n|switch|p2b: Sinistcha|Sinistcha, L50|100/100\n|-heal|p2a: Blastoise|78/100|[from] ability: Hospitality|[of] p2b: Sinistcha\n|move|p1a: Sinistcha|Rage Powder|p1a: Sinistcha\n|-singleturn|p1a: Sinistcha|move: Rage Powder\n|move|p1b: Milotic|Icy Wind|p2b: Sinistcha|[spread] p2a,p2b\n|-resisted|p2a: Blastoise|1\n|-supereffective|p2b: Sinistcha|1\n|-damage|p2a: Blastoise|70/100\n|-damage|p2b: Sinistcha|78/100\n|-unboost|p2a: Blastoise|spe|1\n|-unboost|p2b: Sinistcha|spe|1\n|move|p2a: Blastoise|Ice Beam|p1a: Sinistcha\n|-supereffective|p1a: Sinistcha|1\n|-damage|p1a: Sinistcha|0 fnt\n|faint|p1a: Sinistcha\n|\n|upkeep\n|\n|t:|1776558958\n|switch|p1a: Kangaskhan|Kangaskhan, L50, F|100/100\n|turn|4\n|\n|t:|1776558970\n|move|p2a: Blastoise|Protect|p2a: Blastoise\n|-singleturn|p2a: Blastoise|Protect\n|move|p1a: Kangaskhan|Fake Out|p2b: Sinistcha\n|-damage|p2b: Sinistcha|59/100\n|move|p1b: Milotic|Icy Wind|p2a: Blastoise|[spread] p2b\n|-activate|p2a: Blastoise|move: Protect\n|-supereffective|p2b: Sinistcha|1\n|-damage|p2b: Sinistcha|34/100\n|-unboost|p2b: Sinistcha|spe|1\n|cant|p2b: Sinistcha|flinch\n|\n|-sideend|p1: homieflexual|move: Tailwind\n|upkeep\n|turn|5\n|\n|t:|1776558987\n|move|p1a: Kangaskhan|Protect|p1a: Kangaskhan\n|-singleturn|p1a: Kangaskhan|Protect\n|move|p2b: Sinistcha|Rage Powder|p2b: Sinistcha\n|-singleturn|p2b: Sinistcha|move: Rage Powder\n|move|p2a: Blastoise|Water Spout|p1b: Milotic|[spread] p1b\n|-activate|p1a: Kangaskhan|move: Protect\n|-resisted|p1b: Milotic|1\n|-damage|p1b: Milotic|38/100\n|move|p1b: Milotic|Icy Wind|p2b: Sinistcha|[spread] p2a,p2b\n|-resisted|p2a: Blastoise|1\n|-supereffective|p2b: Sinistcha|1\n|-damage|p2a: Blastoise|63/100\n|-damage|p2b: Sinistcha|8/100\n|-unboost|p2a: Blastoise|spe|1\n|-unboost|p2b: Sinistcha|spe|1\n|\n|upkeep\n|turn|6\n|\n|t:|1776559000\n|switch|p2b: Sableye|Sableye, L50, M|37/100 brn\n|detailschange|p1a: Kangaskhan|Kangaskhan-Mega, L50, F\n|-mega|p1a: Kangaskhan|Kangaskhan|Kangaskhanite\n|move|p2a: Blastoise|Protect|p2a: Blastoise\n|-singleturn|p2a: Blastoise|Protect\n|move|p1b: Milotic|Icy Wind|p2a: Blastoise|[spread] p2b\n|-activate|p2a: Blastoise|move: Protect\n|-damage|p2b: Sableye|23/100 brn\n|-unboost|p2b: Sableye|spe|1\n|move|p1a: Kangaskhan|Double-Edge|p2a: Blastoise\n|-activate|p2a: Blastoise|move: Protect\n|\n|-damage|p2b: Sableye|18/100 brn|[from] brn\n|upkeep\n|turn|7\n|\n|t:|1776559018\n|move|p2b: Sableye|Fake Out|p1a: Kangaskhan\n|-damage|p1a: Kangaskhan|97/100\n|move|p1b: Milotic|Icy Wind|p2a: Blastoise|[spread] p2a,p2b\n|-resisted|p2a: Blastoise|1\n|-damage|p2a: Blastoise|56/100\n|-damage|p2b: Sableye|4/100 brn\n|-unboost|p2a: Blastoise|spe|1\n|-unboost|p2b: Sableye|spe|1\n|cant|p1a: Kangaskhan|flinch\n|move|p2a: Blastoise|Water Spout|p1b: Milotic|[spread] p1a,p1b\n|-resisted|p1b: Milotic|1\n|-damage|p1a: Kangaskhan|31/100\n|-damage|p1b: Milotic|9/100\n|\n|-damage|p2b: Sableye|0 fnt|[from] brn\n|faint|p2b: Sableye\n|upkeep\n|\n|t:|1776559025\n|switch|p2b: Sinistcha|Sinistcha, L50|8/100\n|-heal|p2a: Blastoise|80/100|[from] ability: Hospitality|[of] p2b: Sinistcha\n|turn|8\n|inactive|homieflexual has 30 seconds left.\n|\n|t:|1776559055\n|move|p2b: Sinistcha|Rage Powder|p2b: Sinistcha\n|-singleturn|p2b: Sinistcha|move: Rage Powder\n|move|p1b: Milotic|Icy Wind|p2a: Blastoise|[spread] p2a,p2b\n|-resisted|p2a: Blastoise|1\n|-supereffective|p2b: Sinistcha|1\n|-damage|p2a: Blastoise|72/100\n|-damage|p2b: Sinistcha|0 fnt\n|-unboost|p2a: Blastoise|spe|1\n|faint|p2b: Sinistcha\n|move|p1a: Kangaskhan|Double-Edge|p2a: Blastoise\n|-damage|p2a: Blastoise|0 fnt\n|faint|p2a: Blastoise\n|-hitcount|p2: Blastoise|1\n|-damage|p1a: Kangaskhan|11/100|[from] Recoil\n|\n|upkeep\n|\n|t:|1776559064\n|switch|p2b: Kingambit|Kingambit, L50, M|100/100\n|turn|9\n|\n|t:|1776559074\n|switch|p1b: Aerodactyl|Aerodactyl, L50, F|100/100\n|-ability|p1b: Aerodactyl|Unnerve\n|move|p1a: Kangaskhan|Protect|p1a: Kangaskhan\n|-singleturn|p1a: Kangaskhan|Protect\n|move|p2b: Kingambit|Sucker Punch||[still]\n|-fail|p2b: Kingambit\n|\n|upkeep\n|turn|10\n|\n|t:|1776559090\n|switch|p1a: Milotic|Milotic, L50, F|9/100\n|move|p1b: Aerodactyl|Protect|p1b: Aerodactyl\n|-singleturn|p1b: Aerodactyl|Protect\n|move|p2b: Kingambit|Kowtow Cleave|p1a: Milotic\n|-damage|p1a: Milotic|0 fnt\n|faint|p1a: Milotic\n|\n|upkeep\n|\n|t:|1776559097\n|switch|p1a: Kangaskhan|Kangaskhan-Mega, L50, F|11/100\n|turn|11\n|\n|t:|1776559104\n|move|p2b: Kingambit|Protect|p2b: Kingambit\n|-singleturn|p2b: Kingambit|Protect\n|move|p1a: Kangaskhan|Fake Out|p2b: Kingambit\n|-activate|p2b: Kingambit|move: Protect\n|move|p1b: Aerodactyl|Dual Wingbeat|p2b: Kingambit\n|-activate|p2b: Kingambit|move: Protect\n|\n|upkeep\n|turn|12\n|\n|t:|1776559128\n|move|p1a: Kangaskhan|Protect|p1a: Kangaskhan\n|-singleturn|p1a: Kangaskhan|Protect\n|move|p1b: Aerodactyl|Dual Wingbeat|p2b: Kingambit\n|-resisted|p2b: Kingambit|1\n|-damage|p2b: Kingambit|94/100\n|-resisted|p2b: Kingambit|1\n|-damage|p2b: Kingambit|87/100\n|-hitcount|p2b: Kingambit|2\n|move|p2b: Kingambit|Iron Head|p1b: Aerodactyl\n|-supereffective|p1b: Aerodactyl|1\n|-enditem|p1b: Aerodactyl|Focus Sash\n|-damage|p1b: Aerodactyl|1/100\n|\n|upkeep\n|turn|13\n|\n|t:|1776559146\n|move|p2b: Kingambit|Sucker Punch|p1a: Kangaskhan\n|-damage|p1a: Kangaskhan|0 fnt\n|faint|p1a: Kangaskhan\n|move|p1b: Aerodactyl|Rock Slide|p2b: Kingambit\n|-resisted|p2b: Kingambit|1\n|-crit|p2b: Kingambit\n|-damage|p2b: Kingambit|70/100\n|\n|upkeep\n|turn|14\n|\n|t:|1776559155\n|move|p1b: Aerodactyl|Protect|p1b: Aerodactyl\n|-singleturn|p1b: Aerodactyl|Protect\n|move|p2b: Kingambit|Kowtow Cleave|p1b: Aerodactyl\n|-activate|p1b: Aerodactyl|move: Protect\n|\n|upkeep\n|turn|15\n|\n|t:|1776559160\n|move|p2b: Kingambit|Sucker Punch|p1b: Aerodactyl\n|-damage|p1b: Aerodactyl|0 fnt\n|faint|p1b: Aerodactyl\n|\n|win|derpybaits\n|raw|homieflexual's rating: 1200 &rarr; <strong>1177</strong><br />(-23 for losing)\n|raw|derpybaits's rating: 1224 &rarr; <strong>1247</strong><br />(+23 for winning)\n",
  "uploadtime": 1776559163,
  "views": 12,
  "formatid": "gen9championsvgc2026regma",
  "rating": 1177,
  "private": 0,
  "password": null
}