{
  "id": "gen9championsvgc2026regma-2583148594",
  "format": "[Gen 9 Champions] VGC 2026 Reg M-A",
  "players": [
    "ziviz",
    "Froth OClock"
  ],
  "log": "|j|\u2606ziviz\n|j|\u2606Froth OClock\n|t:|1776147936\n|gametype|doubles\n|player|p1|ziviz|169|1395\n|player|p2|Froth OClock|crasherwake|1516\n|gen|9\n|tier|[Gen 9 Champions] VGC 2026 Reg M-A\n|rated|\n|rule|Species Clause: Limit one of each Pok\u00e9mon\n|rule|Item Clause: Limit 1 of each item\n|clearpoke\n|poke|p1|Talonflame, L50, F|\n|poke|p1|Garchomp, L50, F|\n|poke|p1|Hydreigon, L50, M|\n|poke|p1|Sneasler, L50, M|\n|poke|p1|Skarmory, L50, F|\n|poke|p1|Rotom-Wash, L50|\n|poke|p2|Delphox, L50, M|\n|poke|p2|Garchomp, L50, F|\n|poke|p2|Primarina, L50, M|\n|poke|p2|Sneasler, L50, F|\n|poke|p2|Ninetales-Alola, L50, F|\n|poke|p2|Incineroar, L50, F|\n|teampreview|4\n|inactive|Battle timer is ON: inactive players will automatically lose when time's up. (requested by ziviz)\n|\n|t:|1776147997\n|teamsize|p1|4\n|teamsize|p2|4\n|start\n|switch|p1a: Talonflame|Talonflame, L50, F, shiny|100/100\n|switch|p1b: Garchomp|Garchomp, L50, F, shiny|100/100\n|switch|p2a: The Sneas|Sneasler, L50, F|100/100\n|switch|p2b: The Prim|Primarina, L50, M|100/100\n|turn|1\n|\n|t:|1776148015\n|move|p1a: Talonflame|Upper Hand|p2a: The Sneas\n|-resisted|p2a: The Sneas|1\n|-damage|p2a: The Sneas|86/100\n|cant|p2a: The Sneas|flinch\n|move|p1b: Garchomp|Earthquake|p2b: The Prim|[spread] p2a,p2b\n|-immune|p1a: Talonflame\n|-supereffective|p2a: The Sneas|1\n|-damage|p2a: The Sneas|0 fnt\n|-damage|p2b: The Prim|64/100\n|faint|p2a: The Sneas\n|move|p2b: The Prim|Calm Mind|p2b: The Prim\n|-boost|p2b: The Prim|spa|1\n|-boost|p2b: The Prim|spd|1\n|\n|-heal|p2b: The Prim|69/100|[from] item: Leftovers\n|upkeep\n|\n|t:|1776148019\n|switch|p2a: Incineroar|Incineroar, L50, F|100/100\n|-ability|p2a: Incineroar|Intimidate|boost\n|-unboost|p1a: Talonflame|atk|1\n|-unboost|p1b: Garchomp|atk|1\n|turn|2\n|\n|t:|1776148041\n|move|p1a: Talonflame|Upper Hand||[still]\n|-fail|p1a: Talonflame\n|move|p1b: Garchomp|Earthquake|p2b: The Prim|[spread] p2a,p2b\n|-immune|p1a: Talonflame\n|-supereffective|p2a: Incineroar|1\n|-damage|p2a: Incineroar|50/100\n|-damage|p2b: The Prim|45/100\n|-enditem|p2a: Incineroar|Sitrus Berry|[eat]\n|-heal|p2a: Incineroar|75/100|[from] item: Sitrus Berry\n|move|p2a: Incineroar|Parting Shot|p1a: Talonflame\n|-unboost|p1a: Talonflame|atk|1\n|-unboost|p1a: Talonflame|spa|1\n|\n|t:|1776148052\n|switch|p2a: The Phox|Delphox, L50, M|100/100|[from] Parting Shot\n|move|p2b: The Prim|Moonblast|p1b: Garchomp\n|-supereffective|p1b: Garchomp|1\n|-enditem|p1b: Garchomp|Focus Sash\n|-damage|p1b: Garchomp|1/100\n|-unboost|p1b: Garchomp|spa|1\n|\n|-heal|p2b: The Prim|51/100|[from] item: Leftovers\n|upkeep\n|turn|3\n|\n|t:|1776148070\n|move|p2a: The Phox|Protect|p2a: The Phox\n|-singleturn|p2a: The Phox|Protect\n|move|p1a: Talonflame|Tailwind|p1a: Talonflame\n|-sidestart|p1: ziviz|move: Tailwind\n|move|p1b: Garchomp|Rock Slide|p2b: The Prim|[spread] p2b\n|-activate|p2a: The Phox|move: Protect\n|-damage|p2b: The Prim|38/100\n|move|p2b: The Prim|Hyper Voice|p1b: Garchomp|[spread] p1a,p1b\n|-supereffective|p1a: Talonflame|1\n|-damage|p1a: Talonflame|0 fnt\n|-damage|p1b: Garchomp|0 fnt\n|faint|p1a: Talonflame\n|faint|p1b: Garchomp\n|\n|-heal|p2b: The Prim|44/100|[from] item: Leftovers\n|upkeep\n|\n|t:|1776148088\n|switch|p1a: Hydreigon|Hydreigon, L50, M, shiny|100/100\n|switch|p1b: Sneasler|Sneasler, L50, M|100/100\n|turn|4\n|\n|t:|1776148103\n|switch|p2a: Incineroar|Incineroar, L50, F|75/100\n|-ability|p2a: Incineroar|Intimidate|boost\n|-unboost|p1a: Hydreigon|atk|1\n|-unboost|p1b: Sneasler|atk|1\n|-enditem|p1b: Sneasler|White Herb\n|-clearnegativeboost|p1b: Sneasler|[silent]\n|move|p2b: The Prim|Protect|p2b: The Prim\n|-singleturn|p2b: The Prim|Protect\n|move|p1b: Sneasler|Dire Claw|p2b: The Prim\n|-activate|p2b: The Prim|move: Protect\n|move|p1a: Hydreigon|Dark Pulse|p2a: Incineroar\n|-resisted|p2a: Incineroar|1\n|-damage|p2a: Incineroar|54/100\n|\n|-heal|p2b: The Prim|50/100|[from] item: Leftovers\n|upkeep\n|turn|5\n|inactive|ziviz has 30 seconds left.\n|inactive|ziviz has 20 seconds left.\n|\n|t:|1776148139\n|move|p2a: Incineroar|Fake Out|p1b: Sneasler\n|-damage|p1b: Sneasler|75/100\n|cant|p1b: Sneasler|flinch\n|move|p1a: Hydreigon|Dark Pulse|p2b: The Prim\n|-resisted|p2b: The Prim|1\n|-damage|p2b: The Prim|37/100\n|move|p2b: The Prim|Moonblast|p1a: Hydreigon\n|-supereffective|p1a: Hydreigon|2\n|-damage|p1a: Hydreigon|0 fnt\n|faint|p1a: Hydreigon\n|\n|-heal|p2b: The Prim|43/100|[from] item: Leftovers\n|upkeep\n|turn|6\n|\n|t:|1776148157\n|move|p1b: Sneasler|Close Combat|p2a: Incineroar\n|-supereffective|p2a: Incineroar|1\n|-damage|p2a: Incineroar|0 fnt\n|-unboost|p1b: Sneasler|def|1\n|-unboost|p1b: Sneasler|spd|1\n|faint|p2a: Incineroar\n|move|p2b: The Prim|Moonblast|p1b: Sneasler\n|-crit|p1b: Sneasler\n|-damage|p1b: Sneasler|0 fnt\n|faint|p1b: Sneasler\n|\n|win|Froth OClock\n|raw|ziviz's rating: 1395 &rarr; <strong>1382</strong><br />(-13 for losing)\n|raw|Froth OClock's rating: 1516 &rarr; <strong>1529</strong><br />(+13 for winning)\n|l|\u2606ziviz\n|player|p1|\n|l|\u2606Froth OClock\n|player|p2|\n",
  "uploadtime": 1776148175,
  "views": 41,
  "formatid": "gen9championsvgc2026regma",
  "rating": 1382,
  "private": 0,
  "password": null
}