{
  "id": "gen9championsvgc2026regma-2587277216",
  "format": "[Gen 9 Champions] VGC 2026 Reg M-A",
  "players": [
    "plixim",
    "Username sd"
  ],
  "log": "|j|\u2606plixim\n|j|\u2606Username sd\n|t:|1776517476\n|gametype|doubles\n|player|p1|plixim|265|1101\n|player|p2|Username sd|1|1126\n|gen|9\n|tier|[Gen 9 Champions] VGC 2026 Reg M-A\n|rated|\n|rule|Species Clause: Limit one of each Pok\u00e9mon\n|rule|Item Clause: Limit 1 of each item\n|clearpoke\n|poke|p1|Maushold, L50|\n|poke|p1|Zoroark-Hisui, L50, M|\n|poke|p1|Glalie, L50, M, shiny|\n|poke|p1|Froslass, L50, F|\n|poke|p1|Diggersby, L50, M|\n|poke|p1|Kingambit, L50, M|\n|poke|p2|Snorlax, L50, M|\n|poke|p2|Glimmora, L50, F|\n|poke|p2|Incineroar, L50, M|\n|poke|p2|Whimsicott, L50, F|\n|poke|p2|Basculegion, L50, M|\n|poke|p2|Dragonite, L50, M|\n|teampreview|4\n|inactive|Battle timer is ON: inactive players will automatically lose when time's up. (requested by plixim)\n|inactive|plixim has 60 seconds left.\n|inactive|Username sd has 60 seconds left.\n|\n|t:|1776517533\n|teamsize|p1|4\n|teamsize|p2|4\n|start\n|switch|p1a: Wonel|Glalie, L50, M, shiny|100/100\n|switch|p1b: Froslass|Froslass, L50, F|100/100\n|switch|p2a: Incineroar|Incineroar, L50, M|100/100\n|switch|p2b: Snorlax|Snorlax, L50, M|100/100\n|-ability|p2a: Incineroar|Intimidate|boost\n|-unboost|p1a: Wonel|atk|1\n|-unboost|p1b: Froslass|atk|1\n|turn|1\n|\n|t:|1776517550\n|detailschange|p1b: Froslass|Froslass-Mega, L50, F\n|-mega|p1b: Froslass|Froslass|Froslassite\n|-weather|Snowscape|[from] ability: Snow Warning|[of] p1b: Froslass\n|move|p2a: Incineroar|Fake Out|p1a: Wonel\n|-immune|p1a: Wonel\n|move|p1b: Froslass|Aurora Veil|p1b: Froslass\n|-sidestart|p1: plixim|move: Aurora Veil\n|move|p1a: Wonel|Will-O-Wisp|p2b: Snorlax\n|-status|p2b: Snorlax|brn\n|move|p2b: Snorlax|Hammer Arm|p1a: Wonel\n|-immune|p1a: Wonel\n|\n|-weather|Snowscape|[upkeep]\n|-damage|p2b: Snorlax|95/100 brn|[from] brn\n|upkeep\n|turn|2\n|inactive|plixim has 30 seconds left.\n|inactive|Username sd has 30 seconds left.\n|\n|t:|1776517578\n|switch|p1b: Maushold|Maushold, L50|100/100\n|move|p1a: Wonel|U-turn|p2a: Incineroar\n|-damage|p2a: Incineroar|87/100\n|\n|t:|1776517584\n|switch|p1a: Wonel|Glalie, L50, M, shiny|100/100|[from] U-turn\n|move|p2a: Incineroar|Flare Blitz|p1b: Maushold\n|-damage|p1b: Maushold|71/100\n|-damage|p2a: Incineroar|78/100|[from] Recoil\n|move|p2b: Snorlax|Fissure|p1a: Wonel|[miss]\n|-miss|p2b: Snorlax|p1a: Wonel\n|\n|-weather|Snowscape|[upkeep]\n|-damage|p2b: Snorlax|89/100 brn|[from] brn\n|-ability|p1a: Wonel|Moody|boost\n|-boost|p1a: Wonel|def|2\n|-unboost|p1a: Wonel|atk|1\n|upkeep\n|turn|3\n|inactive|Username sd has 30 seconds left.\n|\n|t:|1776517614\n|move|p1b: Maushold|Follow Me|p1b: Maushold\n|-singleturn|p1b: Maushold|move: Follow Me\n|move|p1a: Wonel|Substitute|p1a: Wonel\n|-start|p1a: Wonel|Substitute\n|-damage|p1a: Wonel|76/100\n|move|p2a: Incineroar|Parting Shot|p1b: Maushold\n|-unboost|p1b: Maushold|atk|1\n|-unboost|p1b: Maushold|spa|1\n|\n|t:|1776517627\n|switch|p2a: Glimmora|Glimmora, L50, F|100/100|[from] Parting Shot\n|move|p2b: Snorlax|Fissure|p1b: Maushold\n|-damage|p1b: Maushold|0 fnt\n|faint|p1b: Maushold\n|-ohko\n|\n|-weather|Snowscape|[upkeep]\n|-heal|p1a: Wonel|82/100|[from] item: Leftovers\n|-damage|p2b: Snorlax|83/100 brn|[from] brn\n|-ability|p1a: Wonel|Moody|boost\n|-boost|p1a: Wonel|spa|2\n|-unboost|p1a: Wonel|def|1\n|upkeep\n|\n|t:|1776517645\n|switch|p1b: Froslass|Froslass-Mega, L50, F|100/100\n|turn|4\n|\n|t:|1776517658\n|detailschange|p2a: Glimmora|Glimmora-Mega, L50, F\n|-mega|p2a: Glimmora|Glimmora|Glimmoranite\n|move|p1b: Froslass|Blizzard|p2a: Glimmora|[spread] p2a,p2b\n|-damage|p2a: Glimmora|68/100\n|-damage|p2b: Snorlax|71/100 brn\n|move|p2a: Glimmora|Power Gem|p1b: Froslass\n|-supereffective|p1b: Froslass|1\n|-damage|p1b: Froslass|25/100\n|move|p1a: Wonel|Double Team|p1a: Wonel\n|-boost|p1a: Wonel|evasion|1\n|move|p2b: Snorlax|Hammer Arm|p1a: Wonel\n|-supereffective|p1a: Wonel|1\n|-activate|p1a: Wonel|move: Substitute|[damage]\n|-unboost|p2b: Snorlax|spe|1\n|\n|-weather|Snowscape|[upkeep]\n|-heal|p1a: Wonel|88/100|[from] item: Leftovers\n|-damage|p2b: Snorlax|65/100 brn|[from] brn\n|-ability|p1a: Wonel|Moody|boost\n|-boost|p1a: Wonel|spe|2\n|-unboost|p1a: Wonel|spd|1\n|upkeep\n|turn|5\n|inactive|plixim has 30 seconds left.\n|inactive|plixim has 20 seconds left.\n|\n|t:|1776517697\n|switch|p1b: Froslass|Froslass-Mega, L50, F|100/100\n|move|p1a: Wonel|Double Team|p1a: Wonel\n|-boost|p1a: Wonel|evasion|1\n|move|p2a: Glimmora|Power Gem|p1b: Froslass\n|-damage|p1b: Froslass|23/100\n|replace|p1b: Zoroark|Zoroark-Hisui, L50, M\n|-end|p1b: Zoroark|Illusion\n|move|p2b: Snorlax|Hammer Arm|p1a: Wonel|[miss]\n|-miss|p2b: Snorlax|p1a: Wonel\n|\n|-weather|none\n|-heal|p1a: Wonel|94/100|[from] item: Leftovers\n|-damage|p2b: Snorlax|59/100 brn|[from] brn\n|-sideend|p1: plixim|move: Aurora Veil\n|-ability|p1a: Wonel|Moody|boost\n|-boost|p1a: Wonel|spd|2\n|-unboost|p1a: Wonel|def|1\n|upkeep\n|turn|6\n|inactive|plixim has 30 seconds left.\n|inactive|Username sd has 30 seconds left.\n|\n|t:|1776517727\n|move|p1a: Wonel|Double Team|p1a: Wonel\n|-boost|p1a: Wonel|evasion|1\n|move|p1b: Zoroark|Will-O-Wisp|p2a: Glimmora|[miss]\n|-miss|p1b: Zoroark|p2a: Glimmora\n|move|p2a: Glimmora|Power Gem|p1b: Zoroark\n|-damage|p1b: Zoroark|0 fnt\n|faint|p1b: Zoroark\n|move|p2b: Snorlax|Hammer Arm|p1a: Wonel|[miss]\n|-miss|p2b: Snorlax|p1a: Wonel\n|\n|-heal|p1a: Wonel|100/100|[from] item: Leftovers\n|-damage|p2b: Snorlax|53/100 brn|[from] brn\n|-ability|p1a: Wonel|Moody|boost\n|-boost|p1a: Wonel|spa|2\n|-unboost|p1a: Wonel|atk|1\n|upkeep\n|\n|t:|1776517735\n|switch|p1b: Froslass|Froslass-Mega, L50, F|25/100\n|-weather|Snowscape|[from] ability: Snow Warning|[of] p1b: Froslass\n|turn|7\n|\n|t:|1776517748\n|move|p1a: Wonel|Double Team|p1a: Wonel\n|-boost|p1a: Wonel|evasion|1\n|move|p1b: Froslass|Aurora Veil|p1b: Froslass\n|-sidestart|p1: plixim|move: Aurora Veil\n|move|p2a: Glimmora|Power Gem|p1b: Froslass\n|-supereffective|p1b: Froslass|1\n|-damage|p1b: Froslass|0 fnt\n|faint|p1b: Froslass\n|move|p2b: Snorlax|Hammer Arm|p1a: Wonel|[miss]\n|-miss|p2b: Snorlax|p1a: Wonel\n|\n|-weather|Snowscape|[upkeep]\n|-damage|p2b: Snorlax|47/100 brn|[from] brn\n|-ability|p1a: Wonel|Moody|boost\n|-boost|p1a: Wonel|def|2\n|-unboost|p1a: Wonel|spe|1\n|upkeep\n|turn|8\n|\n|t:|1776517770\n|move|p2a: Glimmora|Power Gem|p1a: Wonel\n|-supereffective|p1a: Wonel|1\n|-end|p1a: Wonel|Substitute\n|move|p1a: Wonel|Double Team|p1a: Wonel\n|-boost|p1a: Wonel|evasion|1\n|move|p2b: Snorlax|Hammer Arm|p1a: Wonel\n|-supereffective|p1a: Wonel|1\n|-crit|p1a: Wonel\n|-damage|p1a: Wonel|68/100\n|-unboost|p2b: Snorlax|spe|1\n|\n|-weather|Snowscape|[upkeep]\n|-heal|p1a: Wonel|74/100|[from] item: Leftovers\n|-damage|p2b: Snorlax|41/100 brn|[from] brn\n|-ability|p1a: Wonel|Moody|boost\n|-boost|p1a: Wonel|atk|2\n|-unboost|p1a: Wonel|spa|1\n|upkeep\n|turn|9\n|\n|t:|1776517787\n|move|p2a: Glimmora|Power Gem|p1a: Wonel|[miss]\n|-miss|p2a: Glimmora|p1a: Wonel\n|move|p1a: Wonel|Substitute|p1a: Wonel\n|-start|p1a: Wonel|Substitute\n|-damage|p1a: Wonel|49/100\n|move|p2b: Snorlax|Fissure|p1a: Wonel|[miss]\n|-miss|p2b: Snorlax|p1a: Wonel\n|\n|-weather|Snowscape|[upkeep]\n|-heal|p1a: Wonel|55/100|[from] item: Leftovers\n|-damage|p2b: Snorlax|35/100 brn|[from] brn\n|-ability|p1a: Wonel|Moody|boost\n|-boost|p1a: Wonel|spd|2\n|-unboost|p1a: Wonel|atk|1\n|upkeep\n|turn|10\n|inactive|Username sd has 30 seconds left.\n|\n|t:|1776517822\n|move|p2a: Glimmora|Power Gem|p1a: Wonel|[miss]\n|-miss|p2a: Glimmora|p1a: Wonel\n|move|p1a: Wonel|Double Team|p1a: Wonel\n|-boost|p1a: Wonel|evasion|1\n|move|p2b: Snorlax|Fissure|p1a: Wonel\n|-ohko\n|-end|p1a: Wonel|Substitute\n|\n|-weather|Snowscape|[upkeep]\n|-heal|p1a: Wonel|62/100|[from] item: Leftovers\n|-damage|p2b: Snorlax|29/100 brn|[from] brn\n|-ability|p1a: Wonel|Moody|boost\n|-boost|p1a: Wonel|atk|2\n|-unboost|p1a: Wonel|spa|1\n|upkeep\n|turn|11\n|\n|t:|1776517838\n|move|p2a: Glimmora|Power Gem|p1a: Wonel\n|-supereffective|p1a: Wonel|1\n|-damage|p1a: Wonel|30/100\n|move|p1a: Wonel|Substitute|p1a: Wonel\n|-start|p1a: Wonel|Substitute\n|-damage|p1a: Wonel|5/100\n|move|p2b: Snorlax|Fissure|p1a: Wonel\n|-ohko\n|-end|p1a: Wonel|Substitute\n|\n|-weather|none\n|-heal|p1a: Wonel|11/100|[from] item: Leftovers\n|-damage|p2b: Snorlax|23/100 brn|[from] brn\n|-sideend|p1: plixim|move: Aurora Veil\n|-ability|p1a: Wonel|Moody|boost\n|-boost|p1a: Wonel|spd|2\n|-unboost|p1a: Wonel|def|1\n|upkeep\n|turn|12\n|\n|t:|1776517856\n|move|p2a: Glimmora|Power Gem|p1a: Wonel\n|-supereffective|p1a: Wonel|1\n|-damage|p1a: Wonel|0 fnt\n|faint|p1a: Wonel\n|\n|win|Username sd\n|raw|plixim's rating: 1101 &rarr; <strong>1078</strong><br />(-23 for losing)\n|raw|Username sd's rating: 1126 &rarr; <strong>1149</strong><br />(+23 for winning)\n|l|\u2606Username sd\n|player|p2|\n",
  "uploadtime": 1776517864,
  "views": 16,
  "formatid": "gen9championsvgc2026regma",
  "rating": 1078,
  "private": 0,
  "password": null
}