{
  "id": "gen9championsvgc2026regma-2584268621",
  "format": "[Gen 9 Champions] VGC 2026 Reg M-A",
  "players": [
    "Desyyy",
    "Bio_Hazz"
  ],
  "log": "|j|\u2606Desyyy\n|j|\u2606Bio_Hazz\n|t:|1776245300\n|gametype|doubles\n|player|p1|Desyyy|265|1188\n|player|p2|Bio_Hazz|lucas|1109\n|gen|9\n|tier|[Gen 9 Champions] VGC 2026 Reg M-A\n|rated|\n|rule|Species Clause: Limit one of each Pok\u00e9mon\n|rule|Item Clause: Limit 1 of each item\n|clearpoke\n|poke|p1|Blastoise, L50, M|\n|poke|p1|Whimsicott, L50, M|\n|poke|p1|Tsareena, L50, F|\n|poke|p1|Typhlosion, L50, M|\n|poke|p1|Glimmora, L50, M|\n|poke|p1|Sinistcha, L50|\n|poke|p2|Crabominable, L50, M|\n|poke|p2|Slowking, L50, M|\n|poke|p2|Incineroar, L50, M|\n|poke|p2|Camerupt, L50, F|\n|poke|p2|Sneasler, L50, M|\n|poke|p2|Hatterene, L50, F|\n|teampreview|4\n|inactive|Battle timer is ON: inactive players will automatically lose when time's up. (requested by Desyyy)\n|\n|t:|1776245328\n|teamsize|p1|4\n|teamsize|p2|4\n|start\n|switch|p1a: Tsareena|Tsareena, L50, F|100/100\n|switch|p1b: Whimsicott|Whimsicott, L50, M|100/100\n|switch|p2a: Incineroar|Incineroar, L50, M|100/100\n|switch|p2b: Slowking|Slowking, L50, M|100/100\n|-ability|p2a: Incineroar|Intimidate|boost\n|-unboost|p1a: Tsareena|atk|1\n|-unboost|p1b: Whimsicott|atk|1\n|turn|1\n|\n|t:|1776245342\n|move|p1b: Whimsicott|Tailwind|p1b: Whimsicott\n|-sidestart|p1: Desyyy|move: Tailwind\n|move|p1a: Tsareena|Trop Kick|p2b: Slowking\n|-supereffective|p2b: Slowking|1\n|-damage|p2b: Slowking|62/100\n|-unboost|p2b: Slowking|atk|1\n|move|p2a: Incineroar|Flare Blitz|p1a: Tsareena\n|-supereffective|p1a: Tsareena|1\n|-damage|p1a: Tsareena|0 fnt\n|faint|p1a: Tsareena\n|-damage|p2a: Incineroar|76/100|[from] Recoil\n|move|p2b: Slowking|Trick Room|p2b: Slowking\n|-fieldstart|move: Trick Room|[of] p2b: Slowking\n|\n|upkeep\n|\n|t:|1776245358\n|switch|p1a: Blastoise|Blastoise, L50, M|100/100\n|turn|2\n|\n|t:|1776245377\n|detailschange|p1a: Blastoise|Blastoise-Mega, L50, M\n|-mega|p1a: Blastoise|Blastoise|Blastoisinite\n|move|p2b: Slowking|Psychic|p1a: Blastoise\n|-damage|p1a: Blastoise|70/100\n|-unboost|p1a: Blastoise|spd|1\n|move|p2a: Incineroar|Darkest Lariat|p1a: Blastoise\n|-damage|p1a: Blastoise|24/100\n|move|p1a: Blastoise|Dragon Pulse|p2b: Slowking\n|-damage|p2b: Slowking|22/100\n|move|p1b: Whimsicott|Trick Room|p1b: Whimsicott\n|-fieldend|move: Trick Room\n|\n|upkeep\n|turn|3\n|\n|t:|1776245393\n|switch|p1b: Sinistcha|Sinistcha, L50|100/100\n|-heal|p1a: Blastoise|49/100|[from] ability: Hospitality|[of] p1b: Sinistcha\n|move|p1a: Blastoise|Aura Sphere|p2a: Incineroar\n|-supereffective|p2a: Incineroar|1\n|-damage|p2a: Incineroar|0 fnt\n|faint|p2a: Incineroar\n|move|p2b: Slowking|Trick Room|p2b: Slowking\n|-fieldstart|move: Trick Room|[of] p2b: Slowking\n|\n|upkeep\n|\n|t:|1776245401\n|switch|p2a: Hatterene|Hatterene, L50, F|100/100\n|turn|4\n|\n|t:|1776245410\n|move|p1a: Blastoise|Protect|p1a: Blastoise\n|-singleturn|p1a: Blastoise|Protect\n|move|p2a: Hatterene|Dazzling Gleam|p1b: Sinistcha|[spread] p1b\n|-activate|p1a: Blastoise|move: Protect\n|-damage|p1b: Sinistcha|63/100\n|move|p2b: Slowking|Psychic|p1a: Blastoise\n|-activate|p1a: Blastoise|move: Protect\n|move|p1b: Sinistcha|Life Dew|p1b: Sinistcha|[spread] p1a,p1b\n|-heal|p1a: Blastoise|74/100\n|-heal|p1b: Sinistcha|88/100\n|\n|-sideend|p1: Desyyy|move: Tailwind\n|upkeep\n|turn|5\n|\n|t:|1776245427\n|switch|p1a: Whimsicott|Whimsicott, L50, M|100/100\n|move|p2a: Hatterene|Dazzling Gleam|p1a: Whimsicott|[spread] p1a,p1b\n|-damage|p1a: Whimsicott|42/100\n|-damage|p1b: Sinistcha|51/100\n|move|p2b: Slowking|Psychic|p1a: Whimsicott\n|-damage|p1a: Whimsicott|0 fnt\n|faint|p1a: Whimsicott\n|move|p1b: Sinistcha|Trick Room|p1b: Sinistcha\n|-fieldend|move: Trick Room\n|\n|upkeep\n|\n|t:|1776245436\n|switch|p1a: Blastoise|Blastoise-Mega, L50, M|74/100\n|turn|6\n|\n|t:|1776245447\n|move|p1a: Blastoise|Water Spout|p2a: Hatterene|[spread] p2a,p2b\n|-resisted|p2b: Slowking|1\n|-damage|p2a: Hatterene|53/100\n|-damage|p2b: Slowking|3/100\n|move|p1b: Sinistcha|Life Dew|p1b: Sinistcha|[spread] p1a,p1b\n|-heal|p1a: Blastoise|99/100\n|-heal|p1b: Sinistcha|76/100\n|move|p2b: Slowking|Psychic|p1b: Sinistcha\n|-damage|p1b: Sinistcha|47/100\n|-unboost|p1b: Sinistcha|spd|1\n|-enditem|p1b: Sinistcha|Sitrus Berry|[eat]\n|-heal|p1b: Sinistcha|72/100|[from] item: Sitrus Berry\n|move|p2a: Hatterene|Trick Room|p2a: Hatterene\n|-fieldstart|move: Trick Room|[of] p2a: Hatterene\n|\n|upkeep\n|turn|7\n|\n|t:|1776245471\n|move|p1b: Sinistcha|Rage Powder|p1b: Sinistcha\n|-singleturn|p1b: Sinistcha|move: Rage Powder\n|move|p2a: Hatterene|Psychic|p1b: Sinistcha\n|-damage|p1b: Sinistcha|0 fnt\n|faint|p1b: Sinistcha\n|move|p2b: Slowking|Psychic|p1a: Blastoise\n|-damage|p1a: Blastoise|66/100\n|move|p1a: Blastoise|Water Spout|p2a: Hatterene|[spread] p2a,p2b\n|-resisted|p2b: Slowking|1\n|-damage|p2a: Hatterene|11/100\n|-damage|p2b: Slowking|0 fnt\n|faint|p2b: Slowking\n|\n|upkeep\n|\n|t:|1776245479\n|switch|p2b: Crabominable|Crabominable, L50, M|100/100\n|turn|8\n|\n|t:|1776245487\n|detailschange|p2b: Crabominable|Crabominable-Mega, L50, M\n|-mega|p2b: Crabominable|Crabominable|Crabominite\n|move|p1a: Blastoise|Protect|p1a: Blastoise\n|-singleturn|p1a: Blastoise|Protect\n|move|p2b: Crabominable|Thunder Punch|p1a: Blastoise\n|-activate|p1a: Blastoise|move: Protect\n|move|p2a: Hatterene|Psychic|p1a: Blastoise\n|-activate|p1a: Blastoise|move: Protect\n|\n|upkeep\n|turn|9\n|\n|t:|1776245500\n|move|p2b: Crabominable|Thunder Punch|p1a: Blastoise\n|-supereffective|p1a: Blastoise|1\n|-damage|p1a: Blastoise|0 fnt\n|faint|p1a: Blastoise\n|\n|win|Bio_Hazz\n|raw|Desyyy's rating: 1188 &rarr; <strong>1157</strong><br />(-31 for losing)\n|raw|Bio_Hazz's rating: 1109 &rarr; <strong>1140</strong><br />(+31 for winning)\n",
  "uploadtime": 1776245505,
  "views": 22,
  "formatid": "gen9championsvgc2026regma",
  "rating": 1140,
  "private": 0,
  "password": null
}