{
  "id": "gen9championsvgc2026regma-2582784174",
  "format": "[Gen 9 Champions] VGC 2026 Reg M-A",
  "players": [
    "sirae",
    "Jamyrok"
  ],
  "log": "|j|\u2606sirae\n|j|\u2606Jamyrok\n|t:|1776113878\n|gametype|doubles\n|player|p1|sirae|caitlin|1235\n|player|p2|Jamyrok|2|1151\n|gen|9\n|tier|[Gen 9 Champions] VGC 2026 Reg M-A\n|rated|\n|rule|Species Clause: Limit one of each Pok\u00e9mon\n|rule|Item Clause: Limit 1 of each item\n|clearpoke\n|poke|p1|Floette-Eternal, L50, F|\n|poke|p1|Sylveon, L50, F|\n|poke|p1|Tyranitar, L50, F|\n|poke|p1|Excadrill, L50, F|\n|poke|p1|Sableye, L50, F|\n|poke|p1|Incineroar, L50, F|\n|poke|p2|Clefable, L50, F|\n|poke|p2|Kingambit, L50, F|\n|poke|p2|Kangaskhan, L50, F|\n|poke|p2|Talonflame, L50, F|\n|poke|p2|Rotom-Wash, L50|\n|poke|p2|Kommo-o, L50, M|\n|teampreview|4\n|inactive|Battle timer is ON: inactive players will automatically lose when time's up. (requested by sirae)\n|inactive|sirae has 60 seconds left.\n|inactive|Jamyrok has 60 seconds left.\n|\n|t:|1776113928\n|teamsize|p1|4\n|teamsize|p2|4\n|start\n|switch|p1a: #1 Best pokemon|Incineroar, L50, F|100/100\n|switch|p1b: Just this once|Floette-Eternal, L50, F|100/100\n|switch|p2a: Talonflame|Talonflame, L50, F|100/100\n|switch|p2b: Kommo-o|Kommo-o, L50, M|100/100\n|-ability|p1a: #1 Best pokemon|Intimidate|boost\n|-unboost|p2a: Talonflame|atk|1\n|-unboost|p2b: Kommo-o|atk|1\n|turn|1\n|inactive|Jamyrok has 30 seconds left.\n|\n|t:|1776113957\n|switch|p2b: Clefable|Clefable, L50, F|100/100\n|detailschange|p1b: Just this once|Floette-Mega, L50, F\n|-mega|p1b: Just this once|Floette|Floettite\n|-ability|p1b: Just this once|Fairy Aura\n|move|p2a: Talonflame|Upper Hand|p1a: #1 Best pokemon\n|-supereffective|p1a: #1 Best pokemon|1\n|-damage|p1a: #1 Best pokemon|80/100\n|cant|p1a: #1 Best pokemon|flinch\n|move|p1b: Just this once|Moonblast|p2b: Clefable\n|-damage|p2b: Clefable|36/100\n|-enditem|p2b: Clefable|Sitrus Berry|[eat]\n|-heal|p2b: Clefable|61/100|[from] item: Sitrus Berry\n|\n|upkeep\n|turn|2\n|\n|t:|1776113981\n|move|p2a: Talonflame|Tailwind|p2a: Talonflame\n|-sidestart|p2: Jamyrok|move: Tailwind\n|move|p2b: Clefable|Moonblast|p1a: #1 Best pokemon\n|-damage|p1a: #1 Best pokemon|41/100\n|move|p1b: Just this once|Moonblast|p2b: Clefable\n|-damage|p2b: Clefable|0 fnt\n|faint|p2b: Clefable\n|move|p1a: #1 Best pokemon|Darkest Lariat|p2a: Talonflame\n|-damage|p2a: Talonflame|34/100\n|\n|upkeep\n|\n|t:|1776113993\n|switch|p2b: Kangaskhan|Kangaskhan, L50, F|100/100\n|turn|3\n|\n|t:|1776114018\n|switch|p1a: the exception OU|Tyranitar, L50, F, shiny|100/100\n|-weather|Sandstorm|[from] ability: Sand Stream|[of] p1a: the exception OU\n|detailschange|p2b: Kangaskhan|Kangaskhan-Mega, L50, F\n|-mega|p2b: Kangaskhan|Kangaskhan|Kangaskhanite\n|move|p1b: Just this once|Protect|p1b: Just this once\n|-singleturn|p1b: Just this once|Protect\n|move|p2a: Talonflame|Dual Wingbeat|p1a: the exception OU\n|-resisted|p1a: the exception OU|1\n|-damage|p1a: the exception OU|96/100\n|-resisted|p1a: the exception OU|1\n|-damage|p1a: the exception OU|92/100\n|-hitcount|p1a: the exception OU|2\n|move|p2b: Kangaskhan|Low Kick|p1a: the exception OU\n|-supereffective|p1a: the exception OU|2\n|-damage|p1a: the exception OU|0 fnt\n|faint|p1a: the exception OU\n|-hitcount|p1: the exception OU|1\n|\n|-weather|Sandstorm|[upkeep]\n|-damage|p2a: Talonflame|28/100|[from] Sandstorm\n|-damage|p2b: Kangaskhan|94/100|[from] Sandstorm\n|-damage|p1b: Just this once|94/100|[from] Sandstorm\n|upkeep\n|\n|t:|1776114036\n|switch|p1a: #1 Best pokemon|Incineroar, L50, F|41/100\n|-ability|p1a: #1 Best pokemon|Intimidate|boost\n|-unboost|p2a: Talonflame|atk|1\n|-unboost|p2b: Kangaskhan|atk|1\n|turn|4\n|\n|t:|1776114047\n|move|p2a: Talonflame|Upper Hand|p1a: #1 Best pokemon\n|-supereffective|p1a: #1 Best pokemon|1\n|-damage|p1a: #1 Best pokemon|25/100\n|cant|p1a: #1 Best pokemon|flinch\n|move|p2b: Kangaskhan|Double-Edge|p1b: Just this once\n|-damage|p1b: Just this once|52/100\n|-damage|p1b: Just this once|39/100\n|-hitcount|p1b: Just this once|2\n|-damage|p2b: Kangaskhan|82/100|[from] Recoil\n|move|p1b: Just this once|Moonblast|p2b: Kangaskhan\n|-damage|p2b: Kangaskhan|22/100\n|\n|-weather|Sandstorm|[upkeep]\n|-damage|p2a: Talonflame|22/100|[from] Sandstorm\n|-damage|p2b: Kangaskhan|16/100|[from] Sandstorm\n|-damage|p1b: Just this once|33/100|[from] Sandstorm\n|-damage|p1a: #1 Best pokemon|19/100|[from] Sandstorm\n|upkeep\n|turn|5\n|inactive|Jamyrok has 30 seconds left.\n|\n|t:|1776114078\n|switch|p2b: Kommo-o|Kommo-o, L50, M|100/100\n|switch|p1a: Transgender|Sylveon, L50, F|100/100\n|move|p1b: Just this once|Protect|p1b: Just this once\n|-singleturn|p1b: Just this once|Protect\n|move|p2a: Talonflame|Dual Wingbeat|p1a: Transgender\n|-damage|p1a: Transgender|89/100\n|-damage|p1a: Transgender|77/100\n|-hitcount|p1a: Transgender|2\n|\n|-weather|Sandstorm|[upkeep]\n|-damage|p2a: Talonflame|17/100|[from] Sandstorm\n|-damage|p2b: Kommo-o|94/100|[from] Sandstorm\n|-damage|p1a: Transgender|71/100|[from] Sandstorm\n|-damage|p1b: Just this once|27/100|[from] Sandstorm\n|-sideend|p2: Jamyrok|move: Tailwind\n|upkeep\n|turn|6\n|\n|t:|1776114103\n|switch|p1b: #1 Best pokemon|Incineroar, L50, F|19/100\n|-ability|p1b: #1 Best pokemon|Intimidate|boost\n|-unboost|p2a: Talonflame|atk|1\n|-unboost|p2b: Kommo-o|atk|1\n|move|p2a: Talonflame|Tailwind|p2a: Talonflame\n|-sidestart|p2: Jamyrok|move: Tailwind\n|move|p2b: Kommo-o|Aura Sphere|p1a: Transgender\n|-resisted|p1a: Transgender|1\n|-damage|p1a: Transgender|55/100\n|move|p1a: Transgender|Hyper Voice|p2a: Talonflame|[spread] p2a\n|-immune|p2b: Kommo-o|[from] ability: Soundproof\n|-resisted|p2a: Talonflame|1\n|-damage|p2a: Talonflame|0 fnt\n|faint|p2a: Talonflame\n|\n|-weather|Sandstorm|[upkeep]\n|-damage|p2b: Kommo-o|88/100|[from] Sandstorm\n|-damage|p1a: Transgender|49/100|[from] Sandstorm\n|-damage|p1b: #1 Best pokemon|13/100|[from] Sandstorm\n|upkeep\n|\n|t:|1776114123\n|switch|p2a: Kangaskhan|Kangaskhan-Mega, L50, F|16/100\n|turn|7\n|\n|t:|1776114141\n|switch|p1a: Just this once|Floette-Mega, L50, F|27/100\n|-ability|p1a: Just this once|Fairy Aura\n|move|p2a: Kangaskhan|Protect|p2a: Kangaskhan\n|-singleturn|p2a: Kangaskhan|Protect\n|move|p1b: #1 Best pokemon|Fake Out|p2a: Kangaskhan\n|-activate|p2a: Kangaskhan|move: Protect\n|move|p2b: Kommo-o|Aura Sphere|p1b: #1 Best pokemon\n|-supereffective|p1b: #1 Best pokemon|1\n|-damage|p1b: #1 Best pokemon|0 fnt\n|faint|p1b: #1 Best pokemon\n|\n|-weather|none\n|upkeep\n|\n|t:|1776114148\n|switch|p1b: Transgender|Sylveon, L50, F|49/100\n|turn|8\n|\n|t:|1776114162\n|move|p1a: Just this once|Protect|p1a: Just this once\n|-singleturn|p1a: Just this once|Protect\n|move|p2a: Kangaskhan|Double-Edge|p1a: Just this once\n|-activate|p1a: Just this once|move: Protect\n|move|p2b: Kommo-o|Aura Sphere|p1b: Transgender\n|-resisted|p1b: Transgender|1\n|-damage|p1b: Transgender|33/100\n|move|p1b: Transgender|Hyper Beam|p2b: Kommo-o\n|-supereffective|p2b: Kommo-o|2\n|-enditem|p2b: Kommo-o|Roseli Berry|[eat]\n|-enditem|p2b: Kommo-o|Roseli Berry|[weaken]\n|-damage|p2b: Kommo-o|0 fnt\n|-mustrecharge|p1b: Transgender\n|faint|p2b: Kommo-o\n|\n|upkeep\n|turn|9\n|\n|t:|1776114179\n|move|p2a: Kangaskhan|Double-Edge|p1a: Just this once\n|-damage|p1a: Just this once|0 fnt\n|faint|p1a: Just this once\n|-hitcount|p1: Just this once|1\n|-damage|p2a: Kangaskhan|10/100|[from] Recoil\n|cant|p1b: Transgender|recharge\n|\n|-sideend|p2: Jamyrok|move: Tailwind\n|upkeep\n|turn|10\n|\n|t:|1776114187\n|move|p1b: Transgender|Hyper Beam|p2a: Kangaskhan\n|-damage|p2a: Kangaskhan|0 fnt\n|-mustrecharge|p1b: Transgender\n|faint|p2a: Kangaskhan\n|\n|win|sirae\n|raw|sirae's rating: 1235 &rarr; <strong>1254</strong><br />(+19 for winning)\n|raw|Jamyrok's rating: 1151 &rarr; <strong>1132</strong><br />(-19 for losing)\n|l|\u2606Jamyrok\n|player|p2|\n",
  "uploadtime": 1776114203,
  "views": 18,
  "formatid": "gen9championsvgc2026regma",
  "rating": 1132,
  "private": 0,
  "password": null
}