{
  "id": "gen9championsvgc2026regma-2584277851",
  "format": "[Gen 9 Champions] VGC 2026 Reg M-A",
  "players": [
    "henitusec",
    "henlajihenlajiao"
  ],
  "log": "|j|\u2606henitusec\n|j|\u2606henlajihenlajiao\n|t:|1776246316\n|gametype|doubles\n|player|p1|henitusec|diantha|1037\n|player|p2|henlajihenlajiao|elesa|1013\n|gen|9\n|tier|[Gen 9 Champions] VGC 2026 Reg M-A\n|rated|\n|rule|Species Clause: Limit one of each Pok\u00e9mon\n|rule|Item Clause: Limit 1 of each item\n|clearpoke\n|poke|p1|Gardevoir, L50, F|\n|poke|p1|Aegislash, L50, F|\n|poke|p1|Incineroar, L50, F|\n|poke|p1|Vivillon-Polar, L50, F|\n|poke|p1|Whimsicott, L50, F|\n|poke|p1|Tauros-Paldea-Aqua, L50, M|\n|poke|p2|Clefable, L50, F|\n|poke|p2|Orthworm, L50, F|\n|poke|p2|Scovillain, L50, F|\n|poke|p2|Skeledirge, L50, F|\n|poke|p2|Basculegion-F, L50, F|\n|poke|p2|Aerodactyl, L50, F|\n|teampreview|4\n|inactive|Battle timer is ON: inactive players will automatically lose when time's up. (requested by henitusec)\n|inactive|henlajihenlajiao has 60 seconds left.\n|\n|t:|1776246362\n|teamsize|p1|4\n|teamsize|p2|4\n|start\n|switch|p1a: Gardevoir|Gardevoir, L50, F, shiny|100/100\n|switch|p1b: Whimsicott|Whimsicott, L50, F|100/100\n|switch|p2a: Scovillain|Scovillain, L50, F, shiny|100/100\n|switch|p2b: Aerodactyl|Aerodactyl, L50, F, shiny|100/100\n|-ability|p1a: Gardevoir|Rock Head|Trace|[from] ability: Trace|[of] p2b: Aerodactyl\n|turn|1\n|inactive|henitusec has 30 seconds left.\n|\n|t:|1776246388\n|detailschange|p1a: Gardevoir|Gardevoir-Mega, L50, F, shiny\n|-mega|p1a: Gardevoir|Gardevoir|Gardevoirite\n|detailschange|p2a: Scovillain|Scovillain-Mega, L50, F, shiny\n|-mega|p2a: Scovillain|Scovillain|Scovillainite\n|move|p1b: Whimsicott|Light Screen|p1b: Whimsicott\n|-sidestart|p1: henitusec|move: Light Screen\n|move|p2b: Aerodactyl|Tailwind|p2b: Aerodactyl\n|-sidestart|p2: henlajihenlajiao|move: Tailwind\n|move|p2a: Scovillain|Leech Seed|p1a: Gardevoir\n|-start|p1a: Gardevoir|move: Leech Seed\n|move|p1a: Gardevoir|Calm Mind|p1a: Gardevoir\n|-boost|p1a: Gardevoir|spa|1\n|-boost|p1a: Gardevoir|spd|1\n|\n|-damage|p1a: Gardevoir|88/100|[from] Leech Seed|[of] p2a: Scovillain\n|upkeep\n|turn|2\n|\n|t:|1776246412\n|switch|p2b: Skeledirge|Skeledirge, L50, F, shiny|100/100\n|move|p2a: Scovillain|Rage Powder|p2a: Scovillain\n|-singleturn|p2a: Scovillain|move: Rage Powder\n|move|p1b: Whimsicott|Encore|p2a: Scovillain\n|-start|p2a: Scovillain|Encore\n|move|p1a: Gardevoir|Hyper Voice|p2a: Scovillain|[spread] p2a,p2b\n|-resisted|p2a: Scovillain|1\n|-resisted|p2b: Skeledirge|1\n|-damage|p2a: Scovillain|64/100\n|-damage|p2b: Skeledirge|81/100\n|-status|p1a: Gardevoir|brn|[from] ability: Spicy Spray|[of] p2a: Scovillain\n|\n|-heal|p2b: Skeledirge|87/100|[from] item: Leftovers\n|-damage|p1a: Gardevoir|76/100 brn|[from] Leech Seed|[of] p2a: Scovillain\n|-heal|p2a: Scovillain|76/100|[silent]\n|-damage|p1a: Gardevoir|71/100 brn|[from] brn\n|upkeep\n|turn|3\n|inactive|henlajihenlajiao has 30 seconds left.\n|\n|t:|1776246440\n|move|p2a: Scovillain|Rage Powder|p2a: Scovillain\n|-singleturn|p2a: Scovillain|move: Rage Powder\n|move|p1b: Whimsicott|Tailwind|p1b: Whimsicott\n|-sidestart|p1: henitusec|move: Tailwind\n|move|p1a: Gardevoir|Hyper Voice|p2b: Skeledirge|[spread] p2a,p2b\n|-resisted|p2a: Scovillain|1\n|-resisted|p2b: Skeledirge|1\n|-damage|p2a: Scovillain|42/100\n|-damage|p2b: Skeledirge|64/100\n|move|p2b: Skeledirge|Torch Song|p1b: Whimsicott\n|-supereffective|p1b: Whimsicott|1\n|-damage|p1b: Whimsicott|48/100\n|-boost|p2b: Skeledirge|spa|1\n|\n|-heal|p2b: Skeledirge|71/100|[from] item: Leftovers\n|-damage|p1a: Gardevoir|59/100 brn|[from] Leech Seed|[of] p2a: Scovillain\n|-heal|p2a: Scovillain|55/100|[silent]\n|-damage|p1a: Gardevoir|53/100 brn|[from] brn\n|upkeep\n|turn|4\n|\n|t:|1776246459\n|move|p2a: Scovillain|Rage Powder|p2a: Scovillain\n|-singleturn|p2a: Scovillain|move: Rage Powder\n|move|p1b: Whimsicott|Moonblast|p2a: Scovillain\n|-resisted|p2a: Scovillain|1\n|-damage|p2a: Scovillain|41/100\n|-status|p1b: Whimsicott|brn|[from] ability: Spicy Spray|[of] p2a: Scovillain\n|move|p1a: Gardevoir|Hyper Voice|p2a: Scovillain|[spread] p2a,p2b\n|-resisted|p2a: Scovillain|1\n|-resisted|p2b: Skeledirge|1\n|-damage|p2a: Scovillain|10/100\n|-damage|p2b: Skeledirge|49/100\n|move|p2b: Skeledirge|Hex|p1a: Gardevoir\n|-supereffective|p1a: Gardevoir|1\n|-damage|p1a: Gardevoir|0 fnt\n|faint|p1a: Gardevoir\n|\n|-heal|p2b: Skeledirge|55/100|[from] item: Leftovers\n|-damage|p1b: Whimsicott|42/100 brn|[from] brn\n|-sideend|p2: henlajihenlajiao|move: Tailwind\n|upkeep\n|\n|t:|1776246482\n|switch|p1a: Tauros|Tauros-Paldea-Aqua, L50, M|100/100\n|-ability|p1a: Tauros|Intimidate|boost\n|-unboost|p2a: Scovillain|atk|1\n|-unboost|p2b: Skeledirge|atk|1\n|turn|5\n|inactive|henlajihenlajiao has 30 seconds left.\n|\n|t:|1776246512\n|switch|p2a: Aerodactyl|Aerodactyl, L50, F, shiny|100/100\n|move|p2b: Skeledirge|Protect|p2b: Skeledirge\n|-singleturn|p2b: Skeledirge|Protect\n|move|p1b: Whimsicott|Moonblast|p2a: Aerodactyl\n|-damage|p2a: Aerodactyl|62/100\n|move|p1a: Tauros|Wave Crash|p2b: Skeledirge\n|-activate|p2b: Skeledirge|move: Protect\n|\n|-heal|p2b: Skeledirge|62/100|[from] item: Leftovers\n|-damage|p1b: Whimsicott|36/100 brn|[from] brn\n|-sideend|p1: henitusec|move: Light Screen\n|upkeep\n|turn|6\n|inactive|henitusec has 30 seconds left.\n|\n|t:|1776246540\n|switch|p2b: Scovillain|Scovillain-Mega, L50, F, shiny|10/100\n|move|p1b: Whimsicott|Encore||[still]\n|-fail|p1b: Whimsicott\n|move|p1a: Tauros|Wave Crash|p2a: Aerodactyl\n|-supereffective|p2a: Aerodactyl|1\n|-damage|p2a: Aerodactyl|0 fnt\n|faint|p2a: Aerodactyl\n|-damage|p1a: Tauros|83/100|[from] Recoil\n|\n|-damage|p1b: Whimsicott|30/100 brn|[from] brn\n|-sideend|p1: henitusec|move: Tailwind\n|upkeep\n|\n|t:|1776246551\n|switch|p2a: Basculegion|Basculegion-F, L50, F, shiny|100/100\n|turn|7\n|\n|t:|1776246574\n|move|p2b: Scovillain|Rage Powder|p2b: Scovillain\n|-singleturn|p2b: Scovillain|move: Rage Powder\n|move|p1b: Whimsicott|Tailwind|p1b: Whimsicott\n|-sidestart|p1: henitusec|move: Tailwind\n|move|p1a: Tauros|Wave Crash|p2b: Scovillain\n|-damage|p2b: Scovillain|0 fnt\n|-status|p1a: Tauros|brn|[from] ability: Spicy Spray|[of] p2b: Scovillain\n|faint|p2b: Scovillain\n|-damage|p1a: Tauros|80/100 brn|[from] Recoil\n|move|p2a: Basculegion|Muddy Water|p1b: Whimsicott|[spread] p1a,p1b\n|-resisted|p1a: Tauros|1\n|-resisted|p1b: Whimsicott|1\n|-damage|p1a: Tauros|55/100 brn\n|-damage|p1b: Whimsicott|4/100 brn\n|\n|-damage|p1b: Whimsicott|0 fnt|[from] brn\n|faint|p1b: Whimsicott\n|-damage|p1a: Tauros|49/100 brn|[from] brn\n|upkeep\n|\n|t:|1776246589\n|switch|p1b: Aegislash|Aegislash, L50, F|100/100\n|switch|p2b: Skeledirge|Skeledirge, L50, F, shiny|62/100\n|turn|8\n|\n|t:|1776246601\n|move|p2b: Skeledirge|Protect|p2b: Skeledirge\n|-singleturn|p2b: Skeledirge|Protect\n|move|p1a: Tauros|Wave Crash|p2a: Basculegion\n|-resisted|p2a: Basculegion|1\n|-damage|p2a: Basculegion|81/100\n|-damage|p1a: Tauros|42/100 brn|[from] Recoil\n|-formechange|p1b: Aegislash|Aegislash-Blade|\n|move|p1b: Aegislash|Poltergeist|p2a: Basculegion\n|-activate|p2a: Basculegion|move: Poltergeist|Choice Scarf\n|-supereffective|p2a: Basculegion|1\n|-damage|p2a: Basculegion|0 fnt\n|faint|p2a: Basculegion\n|\n|-heal|p2b: Skeledirge|68/100|[from] item: Leftovers\n|-damage|p1a: Tauros|36/100 brn|[from] brn\n|upkeep\n|turn|9\n|\n|t:|1776246617\n|move|p1a: Tauros|Wave Crash|p2b: Skeledirge\n|-supereffective|p2b: Skeledirge|1\n|-damage|p2b: Skeledirge|16/100\n|-damage|p1a: Tauros|16/100 brn|[from] Recoil\n|move|p1b: Aegislash|Poltergeist|p2b: Skeledirge\n|-activate|p2b: Skeledirge|move: Poltergeist|Leftovers\n|-supereffective|p2b: Skeledirge|1\n|-damage|p2b: Skeledirge|0 fnt\n|faint|p2b: Skeledirge\n|\n|win|henitusec\n|raw|henitusec's rating: 1037 &rarr; <strong>1069</strong><br />(+32 for winning)\n|raw|henlajihenlajiao's rating: 1013 &rarr; <strong>1002</strong><br />(-11 for losing)\n",
  "uploadtime": 1776246625,
  "views": 23,
  "formatid": "gen9championsvgc2026regma",
  "rating": 1002,
  "private": 0,
  "password": null
}