{
  "id": "gen9championsvgc2026regma-2584664434",
  "format": "[Gen 9 Champions] VGC 2026 Reg M-A",
  "players": [
    "Rimebliss",
    "Tulkkas"
  ],
  "log": "|j|\u2606Rimebliss\n|j|\u2606Tulkkas\n|t:|1776275346\n|gametype|doubles\n|player|p1|Rimebliss|lady-gen4|1034\n|player|p2|Tulkkas|169|1100\n|gen|9\n|tier|[Gen 9 Champions] VGC 2026 Reg M-A\n|rated|\n|rule|Species Clause: Limit one of each Pok\u00e9mon\n|rule|Item Clause: Limit 1 of each item\n|clearpoke\n|poke|p1|Farigiraf, L50, M|\n|poke|p1|Whimsicott, L50, F|\n|poke|p1|Charizard, L50, M|\n|poke|p1|Incineroar, L50, M|\n|poke|p1|Garchomp, L50, M|\n|poke|p1|Empoleon, L50, F|\n|poke|p2|Charizard, L50, F|\n|poke|p2|Venusaur, L50, M|\n|poke|p2|Sneasler, L50, M|\n|poke|p2|Kingambit, L50, F|\n|poke|p2|Farigiraf, L50, M|\n|poke|p2|Garchomp, L50, M|\n|teampreview|4\n|\n|t:|1776275369\n|teamsize|p1|4\n|teamsize|p2|4\n|start\n|switch|p1a: Farigiraf|Farigiraf, L50, M|100/100\n|switch|p1b: Whimsicott|Whimsicott, L50, F|100/100\n|switch|p2a: Sneasler|Sneasler, L50, M|100/100\n|switch|p2b: Farigiraf|Farigiraf, L50, M|100/100\n|turn|1\n|inactive|Battle timer is ON: inactive players will automatically lose when time's up. (requested by Tulkkas)\n|\n|t:|1776275383\n|move|p1b: Whimsicott|Tailwind|p1b: Whimsicott\n|-sidestart|p1: Rimebliss|move: Tailwind\n|move|p1a: Farigiraf|Twin Beam|p2a: Sneasler\n|-supereffective|p2a: Sneasler|2\n|-damage|p2a: Sneasler|20/100\n|-supereffective|p2a: Sneasler|2\n|-damage|p2a: Sneasler|0 fnt\n|faint|p2a: Sneasler\n|-hitcount|p2: Sneasler|2\n|move|p2b: Farigiraf|Hyper Voice|p1b: Whimsicott|[spread] p1a,p1b\n|-damage|p1a: Farigiraf|79/100\n|-damage|p1b: Whimsicott|75/100\n|\n|upkeep\n|\n|t:|1776275395\n|switch|p2a: Charizard|Charizard, L50, F|100/100\n|turn|2\n|\n|t:|1776275416\n|switch|p1b: Garchomp|Garchomp, L50, M|100/100\n|detailschange|p2a: Charizard|Charizard-Mega-Y, L50, F\n|-mega|p2a: Charizard|Charizard|Charizardite Y\n|-weather|SunnyDay|[from] ability: Drought|[of] p2a: Charizard\n|move|p2b: Farigiraf|Helping Hand|p2a: Charizard\n|-singleturn|p2a: Charizard|Helping Hand|[of] p2b: Farigiraf\n|move|p1a: Farigiraf|Twin Beam|p2a: Charizard\n|-damage|p2a: Charizard|84/100\n|-damage|p2a: Charizard|69/100\n|-hitcount|p2a: Charizard|2\n|move|p2a: Charizard|Heat Wave|p1a: Farigiraf|[spread] p1a,p1b\n|-resisted|p1b: Garchomp|1\n|-damage|p1a: Farigiraf|0 fnt\n|-damage|p1b: Garchomp|52/100\n|faint|p1a: Farigiraf\n|\n|-weather|SunnyDay|[upkeep]\n|upkeep\n|\n|t:|1776275423\n|switch|p1a: Charizard|Charizard, L50, M|100/100\n|turn|3\n|\n|t:|1776275437\n|move|p2a: Charizard|Protect|p2a: Charizard\n|-singleturn|p2a: Charizard|Protect\n|move|p1b: Garchomp|Rock Slide|p2b: Farigiraf|[spread] p2b\n|-activate|p2a: Charizard|move: Protect\n|-damage|p2b: Farigiraf|88/100\n|move|p1a: Charizard|Heat Wave|p2a: Charizard|[spread] p2b\n|-activate|p2a: Charizard|move: Protect\n|-damage|p2b: Farigiraf|2/100\n|-enditem|p2b: Farigiraf|Sitrus Berry|[eat]\n|-heal|p2b: Farigiraf|27/100|[from] item: Sitrus Berry\n|move|p2b: Farigiraf|Psychic|p1b: Garchomp\n|-damage|p1b: Garchomp|20/100\n|\n|-weather|SunnyDay|[upkeep]\n|-damage|p1a: Charizard|88/100|[from] ability: Solar Power|[of] p1a: Charizard\n|upkeep\n|turn|4\n|\n|t:|1776275456\n|move|p2a: Charizard|Protect||[still]\n|-fail|p2a: Charizard\n|move|p1b: Garchomp|Rock Slide|p2b: Farigiraf|[spread] p2a,p2b\n|-supereffective|p2a: Charizard|2\n|-damage|p2a: Charizard|0 fnt\n|-damage|p2b: Farigiraf|14/100\n|faint|p2a: Charizard\n|move|p1a: Charizard|Heat Wave|p2b: Farigiraf\n|-damage|p2b: Farigiraf|0 fnt\n|faint|p2b: Farigiraf\n|\n|-weather|SunnyDay|[upkeep]\n|-damage|p1a: Charizard|76/100|[from] ability: Solar Power|[of] p1a: Charizard\n|-sideend|p1: Rimebliss|move: Tailwind\n|upkeep\n|\n|t:|1776275462\n|switch|p2a: Garchomp|Garchomp, L50, M|100/100\n|turn|5\n|\n|t:|1776275475\n|detailschange|p1a: Charizard|Charizard-Mega-Y, L50, M\n|-mega|p1a: Charizard|Charizard|Charizardite Y\n|move|p1b: Garchomp|Rock Slide|p2a: Garchomp\n|-resisted|p2a: Garchomp|1\n|-damage|p2a: Garchomp|89/100\n|move|p2a: Garchomp|Rock Slide|p1b: Garchomp|[spread] p1a,p1b\n|-supereffective|p1a: Charizard|2\n|-resisted|p1b: Garchomp|1\n|-damage|p1a: Charizard|0 fnt\n|-damage|p1b: Garchomp|12/100\n|faint|p1a: Charizard\n|\n|-weather|SunnyDay|[upkeep]\n|upkeep\n|\n|t:|1776275480\n|switch|p1a: Whimsicott|Whimsicott, L50, F|75/100\n|turn|6\n|\n|t:|1776275488\n|move|p1a: Whimsicott|Tailwind|p1a: Whimsicott\n|-sidestart|p1: Rimebliss|move: Tailwind\n|move|p1b: Garchomp|Rock Slide|p2a: Garchomp\n|-resisted|p2a: Garchomp|1\n|-damage|p2a: Garchomp|77/100\n|move|p2a: Garchomp|Rock Slide|p1a: Whimsicott|[spread] p1a\n|-miss|p2a: Garchomp|p1b: Garchomp\n|-damage|p1a: Whimsicott|51/100\n|\n|-weather|none\n|upkeep\n|turn|7\n|\n|t:|1776275497\n|move|p1b: Garchomp|Rock Slide|p2a: Garchomp\n|-resisted|p2a: Garchomp|1\n|-damage|p2a: Garchomp|67/100\n|move|p1a: Whimsicott|Moonblast|p2a: Garchomp\n|-supereffective|p2a: Garchomp|1\n|-damage|p2a: Garchomp|9/100\n|move|p2a: Garchomp|Rock Slide|p1a: Whimsicott|[spread] p1a,p1b\n|-resisted|p1b: Garchomp|1\n|-damage|p1a: Whimsicott|26/100\n|-damage|p1b: Garchomp|3/100\n|\n|upkeep\n|turn|8\n|-message|Tulkkas forfeited.\n|\n|win|Rimebliss\n|raw|Rimebliss's rating: 1034 &rarr; <strong>1075</strong><br />(+41 for winning)\n|raw|Tulkkas's rating: 1100 &rarr; <strong>1070</strong><br />(-30 for losing)\n|l|\u2606Tulkkas\n|player|p2|\n",
  "uploadtime": 1776275522,
  "views": 15,
  "formatid": "gen9championsvgc2026regma",
  "rating": 1070,
  "private": 0,
  "password": null
}