{
  "id": "gen9championsvgc2026regma-2586893429",
  "format": "[Gen 9 Champions] VGC 2026 Reg M-A",
  "players": [
    "soudess",
    "LessThanPoggers"
  ],
  "log": "|j|\u2606soudess\n|j|\u2606LessThanPoggers\n|t:|1776469271\n|gametype|doubles\n|player|p1|soudess|harlequin|1136\n|player|p2|LessThanPoggers|1|1172\n|gen|9\n|tier|[Gen 9 Champions] VGC 2026 Reg M-A\n|rated|\n|rule|Species Clause: Limit one of each Pok\u00e9mon\n|rule|Item Clause: Limit 1 of each item\n|clearpoke\n|poke|p1|Victreebel, L50, F|\n|poke|p1|Mamoswine, L50, M|\n|poke|p1|Aerodactyl, L50, M|\n|poke|p1|Gyarados, L50, M|\n|poke|p1|Pelipper, L50, M|\n|poke|p1|Sneasler, L50, M|\n|poke|p2|Sneasler, L50, F|\n|poke|p2|Rotom-Wash, L50|\n|poke|p2|Incineroar, L50, M|\n|poke|p2|Aerodactyl, L50, F|\n|poke|p2|Kingambit, L50, F|\n|poke|p2|Gardevoir, L50, F|\n|teampreview|4\n|inactive|Battle timer is ON: inactive players will automatically lose when time's up. (requested by soudess)\nsoudess rejected open team sheets.\n|\n|t:|1776469291\n|teamsize|p1|4\n|teamsize|p2|4\n|start\n|switch|p1a: Victreebel|Victreebel, L50, F|100/100\n|switch|p1b: Gyarados|Gyarados, L50, M|100/100\n|switch|p2a: Aerodactyl|Aerodactyl, L50, F|100/100\n|switch|p2b: Sneasler|Sneasler, L50, F|100/100\n|-ability|p2a: Aerodactyl|Unnerve\n|-ability|p1b: Gyarados|Intimidate|boost\n|-unboost|p2a: Aerodactyl|atk|1\n|-unboost|p2b: Sneasler|atk|1\n|-enditem|p2b: Sneasler|White Herb\n|-clearnegativeboost|p2b: Sneasler|[silent]\n|turn|1\n|inactive|soudess has 30 seconds left.\n|\n|t:|1776469322\n|detailschange|p1a: Victreebel|Victreebel-Mega, L50, F\n|-mega|p1a: Victreebel|Victreebel|Victreebelite\n|move|p2b: Sneasler|Fake Out|p1b: Gyarados\n|-damage|p1b: Gyarados|87/100\n|move|p2a: Aerodactyl|Tailwind|p2a: Aerodactyl\n|-sidestart|p2: LessThanPoggers|move: Tailwind\n|cant|p1b: Gyarados|flinch\n|move|p1a: Victreebel|Energy Ball|p2a: Aerodactyl\n|-damage|p2a: Aerodactyl|20/100\n|\n|upkeep\n|turn|2\n|\n|t:|1776469343\n|move|p2b: Sneasler|Dire Claw|p1b: Gyarados\n|-damage|p1b: Gyarados|50/100\n|-status|p1b: Gyarados|psn\n|move|p2a: Aerodactyl|Dual Wingbeat|p1a: Victreebel\n|-supereffective|p1a: Victreebel|1\n|-damage|p1a: Victreebel|74/100\n|-supereffective|p1a: Victreebel|1\n|-damage|p1a: Victreebel|49/100\n|-hitcount|p1a: Victreebel|2\n|move|p1b: Gyarados|Thunder Wave|p2b: Sneasler\n|-status|p2b: Sneasler|par\n|move|p1a: Victreebel|Sludge Bomb|p2a: Aerodactyl\n|-resisted|p2a: Aerodactyl|1\n|-damage|p2a: Aerodactyl|0 fnt\n|-enditem|p1b: Gyarados|Lum Berry|[eat]\n|-curestatus|p1b: Gyarados|psn|[msg]\n|faint|p2a: Aerodactyl\n|\n|upkeep\n|\n|t:|1776469365\n|switch|p2a: Kingambit|Kingambit, L50, F|100/100\n|turn|3\n|inactive|soudess has 30 seconds left.\n|\n|t:|1776469399\n|move|p2b: Sneasler|Dire Claw|p1b: Gyarados\n|-damage|p1b: Gyarados|10/100\n|move|p2a: Kingambit|Swords Dance|p2a: Kingambit\n|-boost|p2a: Kingambit|atk|2\n|move|p1b: Gyarados|Thunder Wave|p2a: Kingambit\n|-status|p2a: Kingambit|par\n|move|p1a: Victreebel|Strength Sap|p2a: Kingambit\n|-unboost|p2a: Kingambit|atk|1\n|-ability|p2a: Kingambit|Defiant|boost\n|-boost|p2a: Kingambit|atk|2\n|-heal|p1a: Victreebel|100/100\n|\n|upkeep\n|turn|4\n|inactive|soudess has 30 seconds left.\n|\n|t:|1776469424\n|move|p1b: Gyarados|Protect|p1b: Gyarados\n|-singleturn|p1b: Gyarados|Protect\n|move|p1a: Victreebel|Protect|p1a: Victreebel\n|-singleturn|p1a: Victreebel|Protect\n|move|p2a: Kingambit|Sucker Punch||[still]\n|-fail|p2a: Kingambit\n|move|p2b: Sneasler|Dire Claw|p1a: Victreebel\n|-activate|p1a: Victreebel|move: Protect\n|\n|-sideend|p2: LessThanPoggers|move: Tailwind\n|upkeep\n|turn|5\n|\n|t:|1776469449\n|move|p2a: Kingambit|Sucker Punch|p1b: Gyarados\n|-damage|p1b: Gyarados|0 fnt\n|faint|p1b: Gyarados\n|move|p2b: Sneasler|Dire Claw|p1a: Victreebel\n|-damage|p1a: Victreebel|57/100\n|move|p1a: Victreebel|Sludge Bomb|p2b: Sneasler\n|-resisted|p2b: Sneasler|1\n|-damage|p2b: Sneasler|62/100 par\n|\n|upkeep\n|\n|t:|1776469465\n|switch|p1b: Pelipper|Pelipper, L50, M|100/100\n|-weather|RainDance|[from] ability: Drizzle|[of] p1b: Pelipper\n|turn|6\n|\n|t:|1776469477\n|move|p1b: Pelipper|Protect|p1b: Pelipper\n|-singleturn|p1b: Pelipper|Protect\n|move|p2a: Kingambit|Sucker Punch||[still]\n|-fail|p2a: Kingambit\n|move|p2b: Sneasler|Dire Claw|p1b: Pelipper\n|-activate|p1b: Pelipper|move: Protect\n|move|p1a: Victreebel|Strength Sap|p2b: Sneasler\n|-unboost|p2b: Sneasler|atk|1\n|-heal|p1a: Victreebel|100/100\n|\n|-weather|RainDance|[upkeep]\n|upkeep\n|turn|7\n|inactive|soudess has 30 seconds left.\n|\n|t:|1776469506\n|switch|p2b: Gardevoir|Gardevoir, L50, F|100/100\n|move|p2a: Kingambit|Sucker Punch|p1a: Victreebel\n|-crit|p1a: Victreebel\n|-damage|p1a: Victreebel|0 fnt\n|-damage|p2a: Kingambit|14/100 par|[from] ability: Innards Out|[of] p1a: Victreebel\n|faint|p1a: Victreebel\n|move|p1b: Pelipper|Hurricane|p2b: Gardevoir\n|-crit|p2b: Gardevoir\n|-damage|p2b: Gardevoir|36/100\n|\n|-weather|RainDance|[upkeep]\n|upkeep\n|\n|t:|1776469516\n|switch|p1a: Mamoswine|Mamoswine, L50, M|100/100\n|turn|8\n|inactive|LessThanPoggers has 30 seconds left.\n|inactive|LessThanPoggers has 20 seconds left.\n|\n|t:|1776469552\n|detailschange|p2b: Gardevoir|Gardevoir-Mega, L50, F\n|-mega|p2b: Gardevoir|Gardevoir|Gardevoirite\n|move|p2a: Kingambit|Sucker Punch|p1b: Pelipper\n|-damage|p1b: Pelipper|19/100\n|-enditem|p1b: Pelipper|Sitrus Berry|[eat]\n|-heal|p1b: Pelipper|44/100|[from] item: Sitrus Berry\n|move|p2b: Gardevoir|Hyper Voice|p1a: Mamoswine|[spread] p1a,p1b\n|-damage|p1a: Mamoswine|39/100\n|-damage|p1b: Pelipper|0 fnt\n|faint|p1b: Pelipper\n|move|p1a: Mamoswine|Earthquake|p2a: Kingambit|[spread] p2a,p2b\n|-supereffective|p2a: Kingambit|1\n|-damage|p2a: Kingambit|0 fnt\n|-damage|p2b: Gardevoir|0 fnt\n|faint|p2a: Kingambit\n|faint|p2b: Gardevoir\n|\n|-weather|RainDance|[upkeep]\n|upkeep\n|\n|t:|1776469573\n|switch|p2b: Sneasler|Sneasler, L50, F|62/100 par\n|turn|9\n|\n|t:|1776469580\n|move|p2b: Sneasler|Fake Out|p1a: Mamoswine\n|-damage|p1a: Mamoswine|25/100\n|cant|p1a: Mamoswine|flinch\n|\n|-weather|RainDance|[upkeep]\n|upkeep\n|turn|10\n|\n|t:|1776469586\n|move|p1a: Mamoswine|Earthquake|p2b: Sneasler\n|-supereffective|p2b: Sneasler|1\n|-damage|p2b: Sneasler|0 fnt\n|faint|p2b: Sneasler\n|\n|win|soudess\n|raw|soudess's rating: 1136 &rarr; <strong>1164</strong><br />(+28 for winning)\n|raw|LessThanPoggers's rating: 1172 &rarr; <strong>1144</strong><br />(-28 for losing)\n",
  "uploadtime": 1776469592,
  "views": 24,
  "formatid": "gen9championsvgc2026regma",
  "rating": 1144,
  "private": 0,
  "password": null
}