{
  "id": "gen9championsvgc2026regma-2581318225",
  "format": "[Gen 9 Champions] VGC 2026 Reg M-A",
  "players": [
    "syn001",
    "Cynda5436"
  ],
  "log": "|j|\u2606syn001\n|j|\u2606Cynda5436\n|t:|1775985918\n|gametype|doubles\n|player|p1|syn001|cynthia-gen4|1163\n|player|p2|Cynda5436|waitress-gen4|1152\n|gen|9\n|tier|[Gen 9 Champions] VGC 2026 Reg M-A\n|rated|\n|rule|Species Clause: Limit one of each Pok\u00e9mon\n|rule|Item Clause: Limit 1 of each item\n|clearpoke\n|poke|p1|Charizard, L50, M|\n|poke|p1|Whimsicott, L50, F|\n|poke|p1|Venusaur, L50, M|\n|poke|p1|Aerodactyl, L50, M|\n|poke|p1|Tinkaton, L50, F|\n|poke|p1|Basculegion, L50, M|\n|poke|p2|Floette-Eternal, L50, F|\n|poke|p2|Froslass, L50, F|\n|poke|p2|Orthworm, L50, F|\n|poke|p2|Incineroar, L50, F|\n|poke|p2|Garchomp, L50, F|\n|poke|p2|Sneasler, L50, F|\n|teampreview|4\n|\n|t:|1775985939\n|teamsize|p1|4\n|teamsize|p2|4\n|start\n|switch|p1a: Charizard|Charizard, L50, M, shiny|100/100\n|switch|p1b: Tinkaton|Tinkaton, L50, F|100/100\n|switch|p2a: Incineroar|Incineroar, L50, F|100/100\n|switch|p2b: Garchomp|Garchomp, L50, F|100/100\n|-ability|p2a: Incineroar|Intimidate|boost\n|-unboost|p1a: Charizard|atk|1\n|-fail|p1b: Tinkaton|unboost|Attack|[from] ability: Own Tempo|[of] p1b: Tinkaton\n|turn|1\n|\n|t:|1775985965\n|detailschange|p1a: Charizard|Charizard-Mega-Y, L50, M, shiny\n|-mega|p1a: Charizard|Charizard|Charizardite Y\n|-weather|SunnyDay|[from] ability: Drought|[of] p1a: Charizard\n|move|p1b: Tinkaton|Fake Out|p2b: Garchomp\n|-damage|p2b: Garchomp|92/100\n|-damage|p1b: Tinkaton|88/100|[from] ability: Rough Skin|[of] p2b: Garchomp\n|move|p2a: Incineroar|Fake Out|p1b: Tinkaton\n|-resisted|p1b: Tinkaton|1\n|-damage|p1b: Tinkaton|82/100\n|move|p1a: Charizard|Solar Beam||[still]\n|-prepare|p1a: Charizard|Solar Beam\n|-anim|p1a: Charizard|Solar Beam|p2b: Garchomp\n|-damage|p2b: Garchomp|36/100\n|cant|p2b: Garchomp|flinch\n|\n|-weather|SunnyDay|[upkeep]\n|upkeep\n|turn|2\n|\n|t:|1775985992\n|switch|p2b: Sneasler|Sneasler, L50, F|100/100\n|move|p1a: Charizard|Protect|p1a: Charizard\n|-singleturn|p1a: Charizard|Protect\n|move|p1b: Tinkaton|Play Rough|p2b: Sneasler\n|-damage|p2b: Sneasler|55/100\n|move|p2a: Incineroar|Parting Shot|p1a: Charizard\n|-activate|p1a: Charizard|move: Protect\n|\n|-weather|SunnyDay|[upkeep]\n|upkeep\n|turn|3\n|\n|t:|1775986023\n|switch|p1a: Aerodactyl|Aerodactyl, L50, M|100/100\n|-ability|p1a: Aerodactyl|Unnerve\n|move|p2b: Sneasler|Fake Out|p1a: Aerodactyl\n|-resisted|p1a: Aerodactyl|1\n|-damage|p1a: Aerodactyl|89/100\n|move|p1b: Tinkaton|Gigaton Hammer|p2b: Sneasler\n|-damage|p2b: Sneasler|0 fnt\n|faint|p2b: Sneasler\n|move|p2a: Incineroar|Parting Shot|p1a: Aerodactyl\n|-unboost|p1a: Aerodactyl|atk|1\n|-unboost|p1a: Aerodactyl|spa|1\n|\n|t:|1775986035\n|switch|p2a: Froslass|Froslass, L50, F|100/100|[from] Parting Shot\n|-enditem|p1a: Aerodactyl|White Herb\n|-clearnegativeboost|p1a: Aerodactyl|[silent]\n|\n|-weather|SunnyDay|[upkeep]\n|upkeep\n|\n|t:|1775986044\n|switch|p2b: Incineroar|Incineroar, L50, F|100/100\n|-ability|p2b: Incineroar|Intimidate|boost\n|-unboost|p1a: Aerodactyl|atk|1\n|-fail|p1b: Tinkaton|unboost|Attack|[from] ability: Own Tempo|[of] p1b: Tinkaton\n|turn|4\n|\n|t:|1775986053\n|detailschange|p2a: Froslass|Froslass-Mega, L50, F\n|-mega|p2a: Froslass|Froslass|Froslassite\n|-weather|Snowscape|[from] ability: Snow Warning|[of] p2a: Froslass\n|move|p2b: Incineroar|Fake Out|p1a: Aerodactyl\n|-resisted|p1a: Aerodactyl|1\n|-damage|p1a: Aerodactyl|81/100\n|cant|p1a: Aerodactyl|flinch\n|move|p2a: Froslass|Blizzard|p1a: Aerodactyl|[spread] p1a,p1b\n|-supereffective|p1a: Aerodactyl|1\n|-resisted|p1b: Tinkaton|1\n|-damage|p1a: Aerodactyl|0 fnt\n|-damage|p1b: Tinkaton|61/100\n|faint|p1a: Aerodactyl\n|move|p1b: Tinkaton|Knock Off|p2a: Froslass\n|-supereffective|p2a: Froslass|1\n|-damage|p2a: Froslass|72/100\n|\n|-weather|Snowscape|[upkeep]\n|upkeep\n|\n|t:|1775986071\n|switch|p1a: Charizard|Charizard-Mega-Y, L50, M, shiny|100/100\n|-weather|SunnyDay|[from] ability: Drought|[of] p1a: Charizard\n|turn|5\n|\n|t:|1775986097\n|switch|p2a: Garchomp|Garchomp, L50, F|36/100\n|move|p1a: Charizard|Heat Wave|p2b: Incineroar|[spread] p2a\n|-miss|p1a: Charizard|p2b: Incineroar\n|-resisted|p2a: Garchomp|1\n|-damage|p2a: Garchomp|1/100\n|move|p1b: Tinkaton|Gigaton Hammer|p2a: Garchomp\n|-damage|p2a: Garchomp|0 fnt\n|faint|p2a: Garchomp\n|move|p2b: Incineroar|Parting Shot|p1a: Charizard\n|-unboost|p1a: Charizard|atk|1\n|-unboost|p1a: Charizard|spa|1\n|\n|t:|1775986108\n|switch|p2b: Froslass|Froslass-Mega, L50, F|72/100|[from] Parting Shot\n|-weather|Snowscape|[from] ability: Snow Warning|[of] p2b: Froslass\n|\n|-weather|Snowscape|[upkeep]\n|upkeep\n|\n|t:|1775986109\n|switch|p2a: Incineroar|Incineroar, L50, F|100/100\n|-ability|p2a: Incineroar|Intimidate|boost\n|-unboost|p1a: Charizard|atk|1\n|-fail|p1b: Tinkaton|unboost|Attack|[from] ability: Own Tempo|[of] p1b: Tinkaton\n|turn|6\n|\n|t:|1775986122\n|switch|p1b: Basculegion|Basculegion, L50, M|100/100\n|move|p1a: Charizard|Protect|p1a: Charizard\n|-singleturn|p1a: Charizard|Protect\n|move|p2a: Incineroar|Fake Out|p1a: Charizard\n|-activate|p1a: Charizard|move: Protect\n|move|p2b: Froslass|Aurora Veil|p2b: Froslass\n|-sidestart|p2: Cynda5436|move: Aurora Veil\n|\n|-weather|Snowscape|[upkeep]\n|upkeep\n|turn|7\n|\n|t:|1775986140\n|switch|p1a: Tinkaton|Tinkaton, L50, F|61/100\n|move|p1b: Basculegion|Flip Turn|p2a: Incineroar|[miss]\n|-miss|p1b: Basculegion|p2a: Incineroar\n|move|p2b: Froslass|Shadow Ball|p1b: Basculegion\n|-supereffective|p1b: Basculegion|1\n|-damage|p1b: Basculegion|0 fnt\n|faint|p1b: Basculegion\n|move|p2a: Incineroar|Flare Blitz|p1a: Tinkaton|[miss]\n|-miss|p2a: Incineroar|p1a: Tinkaton\n|\n|-weather|Snowscape|[upkeep]\n|upkeep\n|\n|t:|1775986148\n|switch|p1b: Charizard|Charizard-Mega-Y, L50, M, shiny|100/100\n|-weather|SunnyDay|[from] ability: Drought|[of] p1b: Charizard\n|turn|8\n|\n|t:|1775986158\n|move|p2b: Froslass|Protect|p2b: Froslass\n|-singleturn|p2b: Froslass|Protect\n|move|p1a: Tinkaton|Fake Out|p2a: Incineroar\n|-damage|p2a: Incineroar|95/100\n|move|p1b: Charizard|Heat Wave|p2b: Froslass|[spread] p2a\n|-activate|p2b: Froslass|move: Protect\n|-resisted|p2a: Incineroar|1\n|-damage|p2a: Incineroar|81/100\n|cant|p2a: Incineroar|flinch\n|\n|-weather|SunnyDay|[upkeep]\n|upkeep\n|turn|9\n|\n|t:|1775986178\n|move|p2b: Froslass|Blizzard|p1b: Charizard|[spread] p1a,p1b\n|-resisted|p1a: Tinkaton|1\n|-damage|p1a: Tinkaton|40/100\n|-damage|p1b: Charizard|54/100\n|move|p1b: Charizard|Heat Wave|p2a: Incineroar|[spread] p2a\n|-miss|p1b: Charizard|p2b: Froslass\n|-resisted|p2a: Incineroar|1\n|-damage|p2a: Incineroar|66/100\n|move|p1a: Tinkaton|Gigaton Hammer|p2b: Froslass\n|-supereffective|p2b: Froslass|1\n|-crit|p2b: Froslass\n|-damage|p2b: Froslass|0 fnt\n|faint|p2b: Froslass\n|move|p2a: Incineroar|Flare Blitz|p1a: Tinkaton\n|-supereffective|p1a: Tinkaton|1\n|-damage|p1a: Tinkaton|0 fnt\n|faint|p1a: Tinkaton\n|-damage|p2a: Incineroar|55/100|[from] Recoil\n|\n|-weather|SunnyDay|[upkeep]\n|upkeep\n|turn|10\n|\n|t:|1775986207\n|move|p1b: Charizard|Protect|p1b: Charizard\n|-singleturn|p1b: Charizard|Protect\n|move|p2a: Incineroar|Flare Blitz|p1b: Charizard\n|-activate|p1b: Charizard|move: Protect\n|\n|-weather|SunnyDay|[upkeep]\n|-sideend|p2: Cynda5436|move: Aurora Veil\n|upkeep\n|turn|11\n|\n|t:|1775986216\n|move|p1b: Charizard|Air Slash|p2a: Incineroar\n|-damage|p2a: Incineroar|22/100\n|move|p2a: Incineroar|Flare Blitz|p1b: Charizard\n|-resisted|p1b: Charizard|1\n|-damage|p1b: Charizard|9/100\n|-damage|p2a: Incineroar|11/100|[from] Recoil\n|\n|-weather|SunnyDay|[upkeep]\n|upkeep\n|turn|12\n|\n|t:|1775986223\n|move|p2a: Incineroar|Protect|p2a: Incineroar\n|-singleturn|p2a: Incineroar|Protect\n|move|p1b: Charizard|Air Slash|p2a: Incineroar\n|-activate|p2a: Incineroar|move: Protect\n|\n|-weather|none\n|upkeep\n|turn|13\n|\n|t:|1775986226\n|move|p1b: Charizard|Air Slash|p2a: Incineroar\n|-damage|p2a: Incineroar|0 fnt\n|faint|p2a: Incineroar\n|\n|win|syn001\n|raw|syn001's rating: 1163 &rarr; <strong>1187</strong><br />(+24 for winning)\n|raw|Cynda5436's rating: 1152 &rarr; <strong>1128</strong><br />(-24 for losing)\n|l|\u2606Cynda5436\n|player|p2|\n",
  "uploadtime": 1775986244,
  "views": 20,
  "formatid": "gen9championsvgc2026regma",
  "rating": 1128,
  "private": 0,
  "password": null
}