{
  "id": "gen9championsvgc2026regma-2582204857",
  "format": "[Gen 9 Champions] VGC 2026 Reg M-A",
  "players": [
    "hey my g",
    "storm93ita"
  ],
  "log": "|j|\u2606hey my g\n|j|\u2606storm93ita\n|t:|1776071038\n|gametype|doubles\n|player|p1|hey my g|266|1064\n|player|p2|storm93ita|volkner|1159\n|gen|9\n|tier|[Gen 9 Champions] VGC 2026 Reg M-A\n|rated|\n|rule|Species Clause: Limit one of each Pok\u00e9mon\n|rule|Item Clause: Limit 1 of each item\n|clearpoke\n|poke|p1|Crabominable, L50, M|\n|poke|p1|Slowking, L50, F|\n|poke|p1|Incineroar, L50, F|\n|poke|p1|Torkoal, L50, F|\n|poke|p1|Gengar, L50, M|\n|poke|p1|Hatterene, L50, F|\n|poke|p2|Gardevoir, L50, M|\n|poke|p2|Aerodactyl, L50, M|\n|poke|p2|Basculegion, L50, M|\n|poke|p2|Sneasler, L50, F|\n|poke|p2|Garchomp, L50, F|\n|poke|p2|Kingambit, L50, F|\n|teampreview|4\n|inactive|Battle timer is ON: inactive players will automatically lose when time's up. (requested by storm93ita)\n|inactive|storm93ita has 60 seconds left.\nhey my g has agreed to open team sheets.\n|\n|t:|1776071084\n|teamsize|p1|4\n|teamsize|p2|4\n|start\n|switch|p1a: Incineroar|Incineroar, L50, F|100/100\n|switch|p1b: Slowking|Slowking, L50, F|100/100\n|switch|p2a: Aerodactyl|Aerodactyl, L50, M|100/100\n|switch|p2b: Kingambit|Kingambit, L50, F|100/100\n|-ability|p1a: Incineroar|Intimidate|boost\n|-unboost|p2a: Aerodactyl|atk|1\n|-unboost|p2b: Kingambit|atk|1\n|turn|1\n|\n|t:|1776071105\n|move|p2a: Aerodactyl|Protect|p2a: Aerodactyl\n|-singleturn|p2a: Aerodactyl|Protect\n|move|p2b: Kingambit|Protect|p2b: Kingambit\n|-singleturn|p2b: Kingambit|Protect\n|move|p1a: Incineroar|Fake Out|p2a: Aerodactyl\n|-activate|p2a: Aerodactyl|move: Protect\n|move|p1b: Slowking|Trick Room|p1b: Slowking\n|-fieldstart|move: Trick Room|[of] p1b: Slowking\n|\n|upkeep\n|turn|2\n|\n|t:|1776071125\n|move|p2b: Kingambit|Sucker Punch|p1b: Slowking\n|-supereffective|p1b: Slowking|1\n|-enditem|p1b: Slowking|Colbur Berry|[eat]\n|-enditem|p1b: Slowking|Colbur Berry|[weaken]\n|-damage|p1b: Slowking|78/100\n|move|p1b: Slowking|Scald|p2b: Kingambit\n|-damage|p2b: Kingambit|75/100\n|-status|p2b: Kingambit|brn\n|move|p1a: Incineroar|Parting Shot|p2a: Aerodactyl\n|-unboost|p2a: Aerodactyl|atk|1\n|-unboost|p2a: Aerodactyl|spa|1\n|\n|t:|1776071138\n|switch|p1a: Crabominable|Crabominable, L50, M|100/100|[from] Parting Shot\n|move|p2a: Aerodactyl|Rock Slide|p1b: Slowking|[spread] \n|-miss|p2a: Aerodactyl|p1a: Crabominable\n|-miss|p2a: Aerodactyl|p1b: Slowking\n|\n|-damage|p2b: Kingambit|70/100 brn|[from] brn\n|upkeep\n|turn|3\n|\n|t:|1776071162\n|detailschange|p1a: Crabominable|Crabominable-Mega, L50, M\n|-mega|p1a: Crabominable|Crabominable|Crabominite\n|move|p1a: Crabominable|Drain Punch|p2b: Kingambit\n|-supereffective|p2b: Kingambit|2\n|-enditem|p2b: Kingambit|Chople Berry|[eat]\n|-enditem|p2b: Kingambit|Chople Berry|[weaken]\n|-damage|p2b: Kingambit|0 fnt\n|faint|p2b: Kingambit\n|-end|p2b: Kingambit|fallenundefined|[silent]\n|move|p1b: Slowking|Scald|p2a: Aerodactyl\n|-supereffective|p2a: Aerodactyl|1\n|-damage|p2a: Aerodactyl|24/100\n|move|p2a: Aerodactyl|Dual Wingbeat|p1a: Crabominable\n|-supereffective|p1a: Crabominable|1\n|-damage|p1a: Crabominable|86/100\n|-supereffective|p1a: Crabominable|1\n|-damage|p1a: Crabominable|73/100\n|-hitcount|p1a: Crabominable|2\n|\n|upkeep\n|\n|t:|1776071177\n|switch|p2b: Garchomp|Garchomp, L50, F|100/100\n|turn|4\n|\n|t:|1776071186\n|move|p2b: Garchomp|Protect|p2b: Garchomp\n|-singleturn|p2b: Garchomp|Protect\n|move|p2a: Aerodactyl|Protect|p2a: Aerodactyl\n|-singleturn|p2a: Aerodactyl|Protect\n|move|p1a: Crabominable|Ice Hammer|p2b: Garchomp\n|-activate|p2b: Garchomp|move: Protect\n|move|p1b: Slowking|Scald|p2a: Aerodactyl\n|-activate|p2a: Aerodactyl|move: Protect\n|\n|upkeep\n|turn|5\n|\n|t:|1776071205\n|switch|p2b: Gardevoir|Gardevoir, L50, M|100/100\n|move|p1a: Crabominable|Ice Hammer|p2b: Gardevoir\n|-damage|p2b: Gardevoir|0 fnt\n|-unboost|p1a: Crabominable|spe|1\n|faint|p2b: Gardevoir\n|move|p1b: Slowking|Scald|p2a: Aerodactyl\n|-supereffective|p2a: Aerodactyl|1\n|-damage|p2a: Aerodactyl|0 fnt\n|faint|p2a: Aerodactyl\n|\n|-fieldend|move: Trick Room\n|upkeep\n|\n|t:|1776071217\n|switch|p2b: Garchomp|Garchomp, L50, F|100/100\n|turn|6\n|\n|t:|1776071226\n|move|p2b: Garchomp|Earthquake|p1b: Slowking|[spread] p1a,p1b\n|-damage|p1a: Crabominable|35/100\n|-damage|p1b: Slowking|42/100\n|move|p1a: Crabominable|Ice Hammer|p2b: Garchomp\n|-supereffective|p2b: Garchomp|2\n|-damage|p2b: Garchomp|0 fnt\n|-unboost|p1a: Crabominable|spe|1\n|-damage|p1a: Crabominable|23/100|[from] ability: Rough Skin|[of] p2b: Garchomp\n|faint|p2b: Garchomp\n|\n|win|hey my g\n|raw|hey my g's rating: 1064 &rarr; <strong>1103</strong><br />(+39 for winning)\n|raw|storm93ita's rating: 1159 &rarr; <strong>1127</strong><br />(-32 for losing)\n|l|\u2606hey my g\n|player|p1|\n",
  "uploadtime": 1776071243,
  "views": 12,
  "formatid": "gen9championsvgc2026regma",
  "rating": 1103,
  "private": 0,
  "password": null
}