{
  "id": "gen9championsvgc2026regma-2583379936",
  "format": "[Gen 9 Champions] VGC 2026 Reg M-A",
  "players": [
    "heartbreaker7",
    "game a"
  ],
  "log": "|j|\u2606heartbreaker7\n|j|\u2606game a\n|t:|1776171581\n|gametype|doubles\n|player|p1|heartbreaker7|red-masters2|\n|player|p2|game a|skierf|\n|gen|9\n|tier|[Gen 9 Champions] VGC 2026 Reg M-A\n|rule|Species Clause: Limit one of each Pok\u00e9mon\n|rule|Item Clause: Limit 1 of each item\n|clearpoke\n|poke|p1|Arcanine, L50, M|\n|poke|p1|Gyarados, L50, M|\n|poke|p1|Venusaur, L50, M|\n|poke|p1|Alcremie-Rainbow-Swirl, L50, F|\n|poke|p1|Garchomp, L50, M|\n|poke|p1|Zoroark-Hisui, L50, F|\n|poke|p2|Glimmora, L50, M|\n|poke|p2|Skeledirge, L50, M|\n|poke|p2|Goodra, L50, M|\n|poke|p2|Vivillon-Garden, L50, M|\n|poke|p2|Alcremie, L50, F|\n|poke|p2|Samurott, L50, M|\n|teampreview|4\n|\n|t:|1776171617\n|teamsize|p1|4\n|teamsize|p2|4\n|start\n|switch|p1a: Apollo|Arcanine, L50, M|100/100\n|switch|p1b: Swishy|Alcremie-Rainbow-Swirl, L50, F|100/100\n|switch|p2a: Glimmora|Glimmora, L50, M|100/100\n|switch|p2b: Samurott|Samurott, L50, M|100/100\n|turn|1\n|\n|t:|1776171644\n|switch|p1a: Hammerhead|Garchomp, L50, M|100/100\n|move|p2a: Glimmora|Stealth Rock|p1a: Hammerhead\n|-sidestart|p1: heartbreaker7|move: Stealth Rock\n|move|p2b: Samurott|Swords Dance|p2b: Samurott\n|-boost|p2b: Samurott|atk|2\n|move|p1b: Swishy|Decorate|p1a: Hammerhead\n|-boost|p1a: Hammerhead|atk|2\n|-boost|p1a: Hammerhead|spa|2\n|\n|upkeep\n|turn|2\n|\n|t:|1776171674\n|move|p1b: Swishy|Protect|p1b: Swishy\n|-singleturn|p1b: Swishy|Protect\n|move|p1a: Hammerhead|Earthquake|p2a: Glimmora|[spread] p2a,p2b\n|-activate|p1b: Swishy|move: Protect\n|-supereffective|p2a: Glimmora|2\n|-enditem|p2a: Glimmora|Focus Sash\n|-damage|p2a: Glimmora|1/100\n|-damage|p2b: Samurott|17/100\n|-activate|p2a: Glimmora|ability: Toxic Debris\n|-sidestart|p1: heartbreaker7|move: Toxic Spikes\n|move|p2a: Glimmora|Mortal Spin|p1b: Swishy|[spread] p1a\n|-activate|p1b: Swishy|move: Protect\n|-resisted|p1a: Hammerhead|1\n|-damage|p1a: Hammerhead|98/100\n|-status|p1a: Hammerhead|psn\n|-damage|p2a: Glimmora|0 fnt|[from] ability: Rough Skin|[of] p1a: Hammerhead\n|faint|p2a: Glimmora\n|move|p2b: Samurott|Waterfall|p1a: Hammerhead\n|-damage|p1a: Hammerhead|21/100 psn\n|-damage|p2b: Samurott|4/100|[from] ability: Rough Skin|[of] p1a: Hammerhead\n|\n|-damage|p1a: Hammerhead|9/100 psn|[from] psn\n|upkeep\n|\n|t:|1776171697\n|switch|p2a: Skeledirge|Skeledirge, L50, M|100/100\n|turn|3\n|\n|t:|1776171705\n|switch|p1b: Apollo|Arcanine, L50, M|100/100\n|-damage|p1b: Apollo|76/100|[from] Stealth Rock\n|-status|p1b: Apollo|psn\n|-ability|p1b: Apollo|Intimidate|boost\n|-unboost|p2a: Skeledirge|atk|1\n|-unboost|p2b: Samurott|atk|1\n|move|p2b: Samurott|Aqua Jet|p1a: Hammerhead\n|-damage|p1a: Hammerhead|0 fnt\n|-damage|p2b: Samurott|0 fnt|[from] ability: Rough Skin|[of] p1a: Hammerhead\n|faint|p1a: Hammerhead\n|faint|p2b: Samurott\n|move|p2a: Skeledirge|Torch Song|p1b: Apollo\n|-resisted|p1b: Apollo|1\n|-crit|p1b: Apollo\n|-damage|p1b: Apollo|54/100 psn\n|-boost|p2a: Skeledirge|spa|1\n|\n|-damage|p1b: Apollo|42/100 psn|[from] psn\n|upkeep\n|-enditem|p1b: Apollo|Sitrus Berry|[eat]\n|-heal|p1b: Apollo|67/100 psn|[from] item: Sitrus Berry\n|\n|t:|1776171724\n|switch|p1a: Swishy|Alcremie-Rainbow-Swirl, L50, F|100/100\n|switch|p2b: Alcremie|Alcremie, L50, F|100/100\n|-damage|p1a: Swishy|88/100|[from] Stealth Rock\n|-status|p1a: Swishy|psn\n|turn|4\n|\n|t:|1776171738\n|move|p1b: Apollo|Helping Hand|p1a: Swishy\n|-singleturn|p1a: Swishy|Helping Hand|[of] p1b: Apollo\n|move|p2b: Alcremie|Helping Hand|p2a: Skeledirge\n|-singleturn|p2a: Skeledirge|Helping Hand|[of] p2b: Alcremie\n|move|p1a: Swishy|Shadow Ball|p2a: Skeledirge\n|-supereffective|p2a: Skeledirge|1\n|-damage|p2a: Skeledirge|0 fnt\n|faint|p2a: Skeledirge\n|\n|-damage|p1a: Swishy|76/100 psn|[from] psn\n|-damage|p1b: Apollo|55/100 psn|[from] psn\n|upkeep\n|turn|5\n|\n|t:|1776171753\n|move|p1b: Apollo|Helping Hand|p1a: Swishy\n|-singleturn|p1a: Swishy|Helping Hand|[of] p1b: Apollo\n|move|p1a: Swishy|Shadow Ball|p2b: Alcremie\n|-damage|p2b: Alcremie|41/100\n|move|p2b: Alcremie|Dazzling Gleam|p1a: Swishy|[spread] p1a,p1b\n|-resisted|p1b: Apollo|1\n|-damage|p1a: Swishy|13/100 psn\n|-damage|p1b: Apollo|44/100 psn\n|replace|p1a: Daybreak|Zoroark-Hisui, L50, F\n|-end|p1a: Daybreak|Illusion\n|\n|-damage|p1a: Daybreak|0 fnt|[from] psn\n|faint|p1a: Daybreak\n|-damage|p1b: Apollo|32/100 psn|[from] psn\n|upkeep\n|\n|t:|1776171767\n|switch|p1a: Swishy|Alcremie-Rainbow-Swirl, L50, F|100/100\n|-damage|p1a: Swishy|88/100|[from] Stealth Rock\n|-status|p1a: Swishy|psn\n|turn|6\n|\n|t:|1776171776\n|move|p1a: Swishy|Helping Hand|p1b: Apollo\n|-singleturn|p1b: Apollo|Helping Hand|[of] p1a: Swishy\n|move|p1b: Apollo|Extreme Speed|p2b: Alcremie\n|-damage|p2b: Alcremie|0 fnt\n|faint|p2b: Alcremie\n|\n|win|heartbreaker7\n",
  "uploadtime": 1776171783,
  "views": 23,
  "formatid": "gen9championsvgc2026regma",
  "rating": null,
  "private": 0,
  "password": null
}