{
  "id": "gen9championsvgc2026regma-2584694706",
  "format": "[Gen 9 Champions] VGC 2026 Reg M-A",
  "players": [
    "ydfyfyyffyyf",
    "tonybravais"
  ],
  "log": "|j|\u2606ydfyfyyffyyf\n|j|\u2606tonybravais\n|t:|1776277292\n|gametype|doubles\n|player|p1|ydfyfyyffyyf|2|1055\n|player|p2|tonybravais|170|1107\n|gen|9\n|tier|[Gen 9 Champions] VGC 2026 Reg M-A\n|rated|\n|rule|Species Clause: Limit one of each Pok\u00e9mon\n|rule|Item Clause: Limit 1 of each item\n|clearpoke\n|poke|p1|Charizard, L50, M|\n|poke|p1|Venusaur, L50, M|\n|poke|p1|Garchomp, L50, F|\n|poke|p1|Rotom-Wash, L50|\n|poke|p1|Incineroar, L50, M|\n|poke|p1|Sneasler, L50, F|\n|poke|p2|Talonflame, L50, M|\n|poke|p2|Garchomp, L50, F|\n|poke|p2|Araquanid, L50, F|\n|poke|p2|Aurorus, L50, F|\n|poke|p2|Gardevoir, L50, F|\n|poke|p2|Sinistcha-Masterpiece, L50|\n|teampreview|4\n|inactive|Battle timer is ON: inactive players will automatically lose when time's up. (requested by ydfyfyyffyyf)\n|\n|t:|1776277358\n|teamsize|p1|4\n|teamsize|p2|4\n|start\n|switch|p1a: Weavsler|Sneasler, L50, F, shiny|100/100\n|switch|p1b: Motor|Rotom-Wash, L50, shiny|100/100\n|switch|p2a: Araquanid|Araquanid, L50, F, shiny|100/100\n|switch|p2b: Talonflame|Talonflame, L50, M|100/100\n|turn|1\n|\n|t:|1776277377\n|move|p2b: Talonflame|Upper Hand|p1a: Weavsler\n|-resisted|p1a: Weavsler|1\n|-damage|p1a: Weavsler|88/100\n|cant|p1a: Weavsler|flinch\n|move|p1b: Motor|Thunderbolt|p2b: Talonflame\n|-supereffective|p2b: Talonflame|1\n|-damage|p2b: Talonflame|0 fnt\n|faint|p2b: Talonflame\n|move|p2a: Araquanid|Liquidation|p1a: Weavsler\n|-damage|p1a: Weavsler|0 fnt\n|faint|p1a: Weavsler\n|\n|upkeep\n|\n|t:|1776277394\n|switch|p2b: Garchomp|Garchomp, L50, F|100/100\n|switch|p1a: Sakura|Garchomp, L50, F|100/100\n|turn|2\n|\n|t:|1776277409\n|move|p2b: Garchomp|Protect|p2b: Garchomp\n|-singleturn|p2b: Garchomp|Protect\n|move|p1a: Sakura|Dragon Claw|p2b: Garchomp\n|-activate|p2b: Garchomp|move: Protect\n|move|p1b: Motor|Thunderbolt|p2a: Araquanid\n|-supereffective|p2a: Araquanid|1\n|-damage|p2a: Araquanid|34/100\n|move|p2a: Araquanid|Lunge|p1a: Sakura\n|-damage|p1a: Sakura|71/100\n|-unboost|p1a: Sakura|atk|1\n|-damage|p2a: Araquanid|22/100|[from] ability: Rough Skin|[of] p1a: Sakura\n|\n|upkeep\n|turn|3\n|\n|t:|1776277428\n|move|p1a: Sakura|Dragon Claw|p2a: Araquanid\n|-crit|p2a: Araquanid\n|-damage|p2a: Araquanid|0 fnt\n|faint|p2a: Araquanid\n|move|p2b: Garchomp|Dragon Claw|p1a: Sakura\n|-supereffective|p1a: Sakura|1\n|-damage|p1a: Sakura|0 fnt\n|-damage|p2b: Garchomp|88/100|[from] ability: Rough Skin|[of] p1a: Sakura\n|faint|p1a: Sakura\n|move|p1b: Motor|Will-O-Wisp|p2b: Garchomp|[miss]\n|-miss|p1b: Motor|p2b: Garchomp\n|\n|upkeep\n|\n|t:|1776277442\n|switch|p1a: King Charles|Charizard, L50, M|100/100\n|switch|p2a: Aurorus|Aurorus, L50, F, shiny|100/100\n|-weather|Snowscape|[from] ability: Snow Warning|[of] p2a: Aurorus\n|turn|4\n|\n|t:|1776277464\n|move|p2b: Garchomp|Rock Slide|p1b: Motor|[spread] p1a,p1b\n|-supereffective|p1a: King Charles|2\n|-damage|p1a: King Charles|0 fnt\n|-damage|p1b: Motor|81/100\n|faint|p1a: King Charles\n|cant|p1b: Motor|flinch\n|move|p2a: Aurorus|Ancient Power|p1b: Motor\n|-damage|p1b: Motor|52/100\n|-boost|p2a: Aurorus|atk|1\n|-boost|p2a: Aurorus|def|1\n|-boost|p2a: Aurorus|spa|1\n|-boost|p2a: Aurorus|spd|1\n|-boost|p2a: Aurorus|spe|1\n|\n|-weather|Snowscape|[upkeep]\n|upkeep\n|turn|5\n|inactive|ydfyfyyffyyf has 30 seconds left.\n|inactive|ydfyfyyffyyf has 20 seconds left.\n|inactive|ydfyfyyffyyf has 15 seconds left.\n|inactive|ydfyfyyffyyf has 10 seconds left.\n|inactive|ydfyfyyffyyf has 5 seconds left.\n|\n|t:|1776277522\n|move|p2b: Garchomp|Dragon Claw|p1b: Motor\n|-damage|p1b: Motor|14/100\n|move|p2a: Aurorus|Thunderbolt|p1b: Motor\n|-damage|p1b: Motor|0 fnt\n|faint|p1b: Motor\n|\n|win|tonybravais\n|raw|ydfyfyyffyyf's rating: 1038 &rarr; <strong>1025</strong><br />(-13 for losing)\n|raw|tonybravais's rating: 1107 &rarr; <strong>1127</strong><br />(+20 for winning)\n",
  "uploadtime": 1776277530,
  "views": 23,
  "formatid": "gen9championsvgc2026regma",
  "rating": 1025,
  "private": 0,
  "password": null
}