{
  "id": "gen9championsvgc2026regma-2582867238",
  "format": "[Gen 9 Champions] VGC 2026 Reg M-A",
  "players": [
    "nijum",
    "CapocchioneFresco"
  ],
  "log": "|j|\u2606nijum\n|j|\u2606CapocchioneFresco\n|t:|1776120439\n|gametype|doubles\n|player|p1|nijum|1|1066\n|player|p2|CapocchioneFresco|169|1020\n|gen|9\n|tier|[Gen 9 Champions] VGC 2026 Reg M-A\n|rated|\n|rule|Species Clause: Limit one of each Pok\u00e9mon\n|rule|Item Clause: Limit 1 of each item\n|clearpoke\n|poke|p1|Starmie, L50|\n|poke|p1|Garchomp, L50, F|\n|poke|p1|Tyranitar, L50, M|\n|poke|p1|Incineroar, L50, M|\n|poke|p1|Aegislash, L50, F|\n|poke|p1|Aerodactyl, L50, M|\n|poke|p2|Incineroar, L50, M|\n|poke|p2|Sneasler, L50, M|\n|poke|p2|Feraligatr, L50, F|\n|poke|p2|Gardevoir, L50, M|\n|poke|p2|Garchomp, L50, M|\n|poke|p2|Whimsicott, L50, F|\n|teampreview|4\n|inactive|Battle timer is ON: inactive players will automatically lose when time's up. (requested by CapocchioneFresco)\nCapocchioneFresco has agreed to open team sheets.\n|inactive|nijum has 60 seconds left.\n|\n|t:|1776120470\n|teamsize|p1|4\n|teamsize|p2|4\n|start\n|switch|p1a: Starmie|Starmie, L50, shiny|100/100\n|switch|p1b: Incineroar|Incineroar, L50, M|100/100\n|switch|p2a: Sneasler|Sneasler, L50, M|100/100\n|switch|p2b: Feraligatr|Feraligatr, L50, F|100/100\n|-ability|p1b: Incineroar|Intimidate|boost\n|-unboost|p2a: Sneasler|atk|1\n|-unboost|p2b: Feraligatr|atk|1\n|turn|1\n|\n|t:|1776120492\n|detailschange|p1a: Starmie|Starmie-Mega, L50, shiny\n|-mega|p1a: Starmie|Starmie|Starminite\n|move|p1a: Starmie|Protect|p1a: Starmie\n|-singleturn|p1a: Starmie|Protect\n|move|p2a: Sneasler|Fake Out|p1a: Starmie\n|-activate|p1a: Starmie|move: Protect\n|move|p1b: Incineroar|Fake Out|p2a: Sneasler\n|-damage|p2a: Sneasler|82/100\n|move|p2b: Feraligatr|Dragon Dance|p2b: Feraligatr\n|-boost|p2b: Feraligatr|atk|1\n|-boost|p2b: Feraligatr|spe|1\n|\n|upkeep\n|turn|2\n|inactive|nijum has 30 seconds left.\n|\n|t:|1776120525\n|switch|p1a: Garchomp|Garchomp, L50, F|100/100\n|move|p2b: Feraligatr|Dragon Dance|p2b: Feraligatr\n|-boost|p2b: Feraligatr|atk|1\n|-boost|p2b: Feraligatr|spe|1\n|move|p2a: Sneasler|Night Slash|p1a: Garchomp\n|-damage|p1a: Garchomp|84/100\n|move|p1b: Incineroar|Parting Shot|p2b: Feraligatr\n|-unboost|p2b: Feraligatr|atk|1\n|-unboost|p2b: Feraligatr|spa|1\n|inactive|nijum has 30 seconds left.\n|\n|t:|1776120552\n|switch|p1b: Starmie|Starmie-Mega, L50, shiny|100/100|[from] Parting Shot\n|\n|upkeep\n|turn|3\n|\n|t:|1776120573\n|switch|p2a: Incineroar|Incineroar, L50, M|100/100\n|-ability|p2a: Incineroar|Intimidate|boost\n|-unboost|p1a: Garchomp|atk|1\n|-unboost|p1b: Starmie|atk|1\n|move|p2b: Feraligatr|Dragon Dance|p2b: Feraligatr\n|-boost|p2b: Feraligatr|atk|1\n|-boost|p2b: Feraligatr|spe|1\n|move|p1b: Starmie|Skill Swap|p1a: Garchomp\n|-activate|p1b: Starmie|Skill Swap|||[of] p1a: Garchomp\n|move|p1a: Garchomp|Earthquake|p2a: Incineroar|[spread] p1b,p2a,p2b\n|-supereffective|p2a: Incineroar|1\n|-crit|p2a: Incineroar\n|-damage|p1b: Starmie|38/100\n|-damage|p2a: Incineroar|0 fnt\n|-damage|p2b: Feraligatr|35/100\n|faint|p2a: Incineroar\n|\n|upkeep\n|\n|t:|1776120587\n|switch|p2a: Sneasler|Sneasler, L50, M|82/100\n|turn|4\n|\n|t:|1776120597\n|move|p1b: Starmie|Protect|p1b: Starmie\n|-singleturn|p1b: Starmie|Protect\n|move|p2b: Feraligatr|Ice Punch|p1a: Garchomp\n|-supereffective|p1a: Garchomp|2\n|-damage|p1a: Garchomp|0 fnt\n|faint|p1a: Garchomp\n|move|p2a: Sneasler|Night Slash|p1b: Starmie\n|-activate|p1b: Starmie|move: Protect\n|\n|upkeep\n|\n|t:|1776120606\n|switch|p1a: Incineroar|Incineroar, L50, M|100/100\n|-ability|p1a: Incineroar|Intimidate|boost\n|-unboost|p2a: Sneasler|atk|1\n|-unboost|p2b: Feraligatr|atk|1\n|turn|5\n|\n|t:|1776120631\n|move|p1a: Incineroar|Fake Out|p2b: Feraligatr\n|-damage|p2b: Feraligatr|24/100\n|cant|p2b: Feraligatr|flinch\n|move|p2a: Sneasler|Night Slash|p1b: Starmie\n|-supereffective|p1b: Starmie|1\n|-damage|p1b: Starmie|3/100\n|move|p1b: Starmie|Liquidation|p2a: Sneasler\n|-damage|p2a: Sneasler|44/100\n|\n|upkeep\n|turn|6\n|inactive|nijum has 30 seconds left.\n|\n|t:|1776120657\n|switch|p1b: Aegislash|Aegislash, L50, F, shiny|100/100\n|move|p2b: Feraligatr|Liquidation|p1a: Incineroar\n|-supereffective|p1a: Incineroar|1\n|-damage|p1a: Incineroar|0 fnt\n|faint|p1a: Incineroar\n|move|p2a: Sneasler|Night Slash|p1b: Aegislash\n|-supereffective|p1b: Aegislash|1\n|-crit|p1b: Aegislash\n|-damage|p1b: Aegislash|41/100\n|\n|-heal|p1b: Aegislash|47/100|[from] item: Leftovers\n|upkeep\n|\n|t:|1776120669\n|switch|p1a: Starmie|Starmie-Mega, L50, shiny|3/100\n|turn|7\n|\n|t:|1776120679\n|move|p1b: Aegislash|King's Shield|p1b: Aegislash\n|-singleturn|p1b: Aegislash|Protect\n|move|p2b: Feraligatr|Liquidation|p1b: Aegislash\n|-activate|p1b: Aegislash|move: Protect\n|-unboost|p2b: Feraligatr|atk|1\n|move|p2a: Sneasler|Night Slash|p1a: Starmie\n|-supereffective|p1a: Starmie|1\n|-crit|p1a: Starmie\n|-damage|p1a: Starmie|0 fnt\n|faint|p1a: Starmie\n|\n|-heal|p1b: Aegislash|53/100|[from] item: Leftovers\n|upkeep\n|turn|8\n|-message|nijum forfeited.\n|\n|win|CapocchioneFresco\n|raw|nijum's rating: 1066 &rarr; <strong>1043</strong><br />(-23 for losing)\n|raw|CapocchioneFresco's rating: 1020 &rarr; <strong>1062</strong><br />(+42 for winning)\n|l|\u2606nijum\n|player|p1|\n",
  "uploadtime": 1776120706,
  "views": 13,
  "formatid": "gen9championsvgc2026regma",
  "rating": 1043,
  "private": 0,
  "password": null
}