{
  "id": "gen9championsvgc2026regma-2582805067",
  "format": "[Gen 9 Champions] VGC 2026 Reg M-A",
  "players": [
    "angstmacher>)",
    "loklastaji"
  ],
  "log": "|j|\u2606angstmacher>)\n|j|\u2606loklastaji\n|t:|1776115436\n|gametype|doubles\n|player|p1|angstmacher>)|harlequin|1285\n|player|p2|loklastaji|102|1287\n|gen|9\n|tier|[Gen 9 Champions] VGC 2026 Reg M-A\n|rated|\n|rule|Species Clause: Limit one of each Pok\u00e9mon\n|rule|Item Clause: Limit 1 of each item\n|clearpoke\n|poke|p1|Torkoal, L50, M|\n|poke|p1|Farigiraf, L50, F|\n|poke|p1|Sneasler, L50, M|\n|poke|p1|Venusaur, L50, F|\n|poke|p1|Golurk, L50|\n|poke|p1|Incineroar, L50, F|\n|poke|p2|Samurott-Hisui, L50, M|\n|poke|p2|Mamoswine, L50, M|\n|poke|p2|Delphox, L50, M|\n|poke|p2|Tsareena, L50, F|\n|poke|p2|Corviknight, L50, F|\n|poke|p2|Altaria, L50, M|\n|teampreview|4\n|inactive|Battle timer is ON: inactive players will automatically lose when time's up. (requested by angstmacher>))\n|\n|t:|1776115485\n|teamsize|p1|4\n|teamsize|p2|4\n|start\n|switch|p1a: Torkoal|Torkoal, L50, M|100/100\n|switch|p1b: Venusaur|Venusaur, L50, F|100/100\n|switch|p2a: Samurott|Samurott-Hisui, L50, M|100/100\n|switch|p2b: Mamoswine|Mamoswine, L50, M|100/100\n|-weather|SunnyDay|[from] ability: Drought|[of] p1a: Torkoal\n|turn|1\n|inactive|loklastaji has 30 seconds left.\n|\n|t:|1776115511\n|move|p2b: Mamoswine|Ice Shard|p1b: Venusaur\n|-supereffective|p1b: Venusaur|1\n|-damage|p1b: Venusaur|39/100\n|move|p1b: Venusaur|Sleep Powder|p2a: Samurott\n|-status|p2a: Samurott|slp|[from] move: Sleep Powder\n|cant|p2a: Samurott|slp\n|move|p1a: Torkoal|Heat Wave|p2a: Samurott|[spread] p2a,p2b\n|-resisted|p2a: Samurott|1\n|-supereffective|p2b: Mamoswine|1\n|-damage|p2a: Samurott|60/100 slp\n|-damage|p2b: Mamoswine|0 fnt\n|faint|p2b: Mamoswine\n|\n|-weather|SunnyDay|[upkeep]\n|upkeep\n|\n|t:|1776115527\n|switch|p2b: Tsareena|Tsareena, L50, F|100/100\n|turn|2\n|\n|t:|1776115547\n|move|p2b: Tsareena|Protect|p2b: Tsareena\n|-singleturn|p2b: Tsareena|Protect\n|-curestatus|p2a: Samurott|slp|[msg]\n|move|p2a: Samurott|Sucker Punch|p1b: Venusaur\n|-damage|p1b: Venusaur|0 fnt\n|faint|p1b: Venusaur\n|move|p1a: Torkoal|Eruption|p2b: Tsareena|[spread] p2a\n|-activate|p2b: Tsareena|move: Protect\n|-resisted|p2a: Samurott|1\n|-damage|p2a: Samurott|0 fnt\n|faint|p2a: Samurott\n|\n|-weather|SunnyDay|[upkeep]\n|upkeep\n|\n|t:|1776115561\n|switch|p1b: Sneasler|Sneasler, L50, M|100/100\n|switch|p2a: Delphox|Delphox, L50, M|100/100\n|turn|3\n|\n|t:|1776115573\n|detailschange|p2a: Delphox|Delphox-Mega, L50, M\n|-mega|p2a: Delphox|Delphox|Delphoxite\n|move|p2a: Delphox|Heat Wave|p1b: Sneasler|[spread] p1a,p1b\n|-resisted|p1a: Torkoal|1\n|-damage|p1a: Torkoal|57/100\n|-damage|p1b: Sneasler|4/100\n|move|p1b: Sneasler|Dire Claw|p2a: Delphox\n|-damage|p2a: Delphox|40/100\n|move|p2b: Tsareena|High Jump Kick|p1a: Torkoal\n|-damage|p1a: Torkoal|22/100\n|move|p1a: Torkoal|Eruption|p2a: Delphox|[spread] p2a,p2b\n|-resisted|p2a: Delphox|1\n|-supereffective|p2b: Tsareena|1\n|-damage|p2a: Delphox|32/100\n|-damage|p2b: Tsareena|54/100\n|\n|-weather|SunnyDay|[upkeep]\n|upkeep\n|turn|4\n|inactive|loklastaji has 30 seconds left.\n|\n|t:|1776115604\n|move|p2b: Tsareena|Protect|p2b: Tsareena\n|-singleturn|p2b: Tsareena|Protect\n|move|p2a: Delphox|Heat Wave|p1a: Torkoal|[spread] p1a\n|-miss|p2a: Delphox|p1b: Sneasler\n|-resisted|p1a: Torkoal|1\n|-damage|p1a: Torkoal|0 fnt\n|faint|p1a: Torkoal\n|move|p1b: Sneasler|Dire Claw|p2a: Delphox\n|-damage|p2a: Delphox|0 fnt\n|faint|p2a: Delphox\n|\n|-weather|SunnyDay|[upkeep]\n|upkeep\n|\n|t:|1776115606\n|switch|p1a: Golurk|Golurk, L50|100/100\n|turn|5\n|\n|t:|1776115627\n|detailschange|p1a: Golurk|Golurk-Mega, L50\n|-mega|p1a: Golurk|Golurk|Golurkite\n|move|p1b: Sneasler|Dire Claw|p2b: Tsareena\n|-supereffective|p2b: Tsareena|1\n|-damage|p2b: Tsareena|0 fnt\n|faint|p2b: Tsareena\n|\n|win|angstmacher>)\n|raw|angstmacher&gt;)'s rating: 1285 &rarr; <strong>1310</strong><br />(+25 for winning)\n|raw|loklastaji's rating: 1287 &rarr; <strong>1262</strong><br />(-25 for losing)\n|l|\u2606angstmacher>)\n|player|p1|\n",
  "uploadtime": 1776115635,
  "views": 22,
  "formatid": "gen9championsvgc2026regma",
  "rating": 1262,
  "private": 0,
  "password": null
}