{
  "id": "gen9championsvgc2026regma-2582340914",
  "format": "[Gen 9 Champions] VGC 2026 Reg M-A",
  "players": [
    "Osdkiller",
    "tsukifrombilllie"
  ],
  "log": "|j|\u2606Osdkiller\n|j|\u2606tsukifrombilllie\n|t:|1776084785\n|gametype|doubles\n|player|p1|Osdkiller|roxanne|1091\n|player|p2|tsukifrombilllie|lyra|1122\n|gen|9\n|tier|[Gen 9 Champions] VGC 2026 Reg M-A\n|rated|\n|rule|Species Clause: Limit one of each Pok\u00e9mon\n|rule|Item Clause: Limit 1 of each item\n|clearpoke\n|poke|p1|Froslass, L50, F|\n|poke|p1|Incineroar, L50, M|\n|poke|p1|Rotom-Frost, L50|\n|poke|p1|Garchomp, L50, M|\n|poke|p1|Basculegion, L50, M|\n|poke|p1|Orthworm, L50, M|\n|poke|p2|Charizard, L50, F|\n|poke|p2|Venusaur, L50, M|\n|poke|p2|Garchomp, L50, M|\n|poke|p2|Rotom-Wash, L50|\n|poke|p2|Sneasler, L50, M|\n|poke|p2|Incineroar, L50, F|\n|teampreview|4\n|\n|t:|1776084817\n|teamsize|p1|4\n|teamsize|p2|4\n|start\n|switch|p1a: Incineroar|Incineroar, L50, M|100/100\n|switch|p1b: Garchomp|Garchomp, L50, M|100/100\n|switch|p2a: Venusaur|Venusaur, L50, M|100/100\n|switch|p2b: Charizard|Charizard, L50, F, shiny|100/100\n|-ability|p1a: Incineroar|Intimidate|boost\n|-unboost|p2a: Venusaur|atk|1\n|-unboost|p2b: Charizard|atk|1\n|turn|1\n|\n|t:|1776084837\n|detailschange|p2b: Charizard|Charizard-Mega-Y, L50, F, shiny\n|-mega|p2b: Charizard|Charizard|Charizardite Y\n|-weather|SunnyDay|[from] ability: Drought|[of] p2b: Charizard\n|move|p2a: Venusaur|Protect|p2a: Venusaur\n|-singleturn|p2a: Venusaur|Protect\n|move|p1a: Incineroar|Fake Out|p2a: Venusaur\n|-activate|p2a: Venusaur|move: Protect\n|move|p1b: Garchomp|Rock Slide|p2a: Venusaur|[spread] p2b\n|-activate|p2a: Venusaur|move: Protect\n|-supereffective|p2b: Charizard|2\n|-damage|p2b: Charizard|0 fnt\n|faint|p2b: Charizard\n|\n|-weather|SunnyDay|[upkeep]\n|upkeep\n|\n|t:|1776084851\n|switch|p2b: Sneasler|Sneasler, L50, M|100/100\n|turn|2\n|\n|t:|1776084872\n|move|p2a: Venusaur|Sleep Powder|p1b: Garchomp\n|-status|p1b: Garchomp|slp|[from] move: Sleep Powder\n|move|p2b: Sneasler|Close Combat|p1a: Incineroar\n|-supereffective|p1a: Incineroar|1\n|-damage|p1a: Incineroar|0 fnt\n|-unboost|p2b: Sneasler|def|1\n|-unboost|p2b: Sneasler|spd|1\n|faint|p1a: Incineroar\n|-enditem|p2b: Sneasler|White Herb\n|-clearnegativeboost|p2b: Sneasler|[silent]\n|cant|p1b: Garchomp|slp\n|\n|-weather|SunnyDay|[upkeep]\n|upkeep\n|\n|t:|1776084881\n|switch|p1a: Froslass|Froslass, L50, F, shiny|100/100\n|turn|3\n|\n|t:|1776084900\n|detailschange|p1a: Froslass|Froslass-Mega, L50, F, shiny\n|-mega|p1a: Froslass|Froslass|Froslassite\n|-weather|Snowscape|[from] ability: Snow Warning|[of] p1a: Froslass\n|move|p2b: Sneasler|Rock Tomb|p1a: Froslass\n|-supereffective|p1a: Froslass|1\n|-damage|p1a: Froslass|53/100\n|-unboost|p1a: Froslass|spe|1\n|cant|p1b: Garchomp|slp\n|move|p2a: Venusaur|Sludge Bomb|p1a: Froslass\n|-resisted|p1a: Froslass|1\n|-damage|p1a: Froslass|28/100\n|-status|p1a: Froslass|psn\n|move|p1a: Froslass|Blizzard|p2b: Sneasler|[spread] p2a,p2b\n|-supereffective|p2a: Venusaur|1\n|-damage|p2a: Venusaur|3/100\n|-damage|p2b: Sneasler|34/100\n|\n|-weather|Snowscape|[upkeep]\n|-damage|p1a: Froslass|16/100 psn|[from] psn\n|upkeep\n|turn|4\n|\n|t:|1776084931\n|move|p2a: Venusaur|Protect|p2a: Venusaur\n|-singleturn|p2a: Venusaur|Protect\n|move|p1a: Froslass|Protect|p1a: Froslass\n|-singleturn|p1a: Froslass|Protect\n|move|p2b: Sneasler|Close Combat|p1b: Garchomp\n|-damage|p1b: Garchomp|40/100 slp\n|-unboost|p2b: Sneasler|def|1\n|-unboost|p2b: Sneasler|spd|1\n|-damage|p2b: Sneasler|22/100|[from] ability: Rough Skin|[of] p1b: Garchomp\n|-curestatus|p1b: Garchomp|slp|[msg]\n|move|p1b: Garchomp|Earthquake|p2a: Venusaur|[spread] p2b\n|-activate|p1a: Froslass|move: Protect\n|-activate|p2a: Venusaur|move: Protect\n|-supereffective|p2b: Sneasler|1\n|-damage|p2b: Sneasler|0 fnt\n|faint|p2b: Sneasler\n|\n|-weather|Snowscape|[upkeep]\n|-damage|p1a: Froslass|4/100 psn|[from] psn\n|upkeep\n|\n|t:|1776084949\n|switch|p2b: Garchomp|Garchomp, L50, M|100/100\n|turn|5\n|\n|t:|1776084972\n|move|p1b: Garchomp|Protect|p1b: Garchomp\n|-singleturn|p1b: Garchomp|Protect\n|move|p2a: Venusaur|Protect|p2a: Venusaur\n|-singleturn|p2a: Venusaur|Protect\n|move|p2b: Garchomp|Earthquake|p1a: Froslass|[spread] p1a\n|-activate|p2a: Venusaur|move: Protect\n|-activate|p1b: Garchomp|move: Protect\n|-damage|p1a: Froslass|0 fnt\n|faint|p1a: Froslass\n|\n|-weather|Snowscape|[upkeep]\n|upkeep\n|\n|t:|1776084981\n|switch|p1a: Rotom|Rotom-Frost, L50|100/100\n|turn|6\n|\n|t:|1776084993\n|move|p2b: Garchomp|Earthquake|p1b: Garchomp|[spread] p2a,p1b\n|-immune|p1a: Rotom|[from] ability: Levitate\n|-damage|p2a: Venusaur|0 fnt\n|-damage|p1b: Garchomp|1/100\n|faint|p2a: Venusaur\n|move|p1b: Garchomp|Earthquake|p2b: Garchomp|[spread] p2b\n|-immune|p1a: Rotom|[from] ability: Levitate\n|-damage|p2b: Garchomp|61/100\n|move|p1a: Rotom|Blizzard|p2b: Garchomp\n|-supereffective|p2b: Garchomp|2\n|-damage|p2b: Garchomp|0 fnt\n|faint|p2b: Garchomp\n|\n|win|Osdkiller\n|raw|Osdkiller's rating: 1091 &rarr; <strong>1120</strong><br />(+29 for winning)\n|raw|tsukifrombilllie's rating: 1122 &rarr; <strong>1095</strong><br />(-27 for losing)\n",
  "uploadtime": 1776085008,
  "views": 27,
  "formatid": "gen9championsvgc2026regma",
  "rating": 1095,
  "private": 0,
  "password": null
}