{
  "id": "gen9championsvgc2026regma-2582935949",
  "format": "[Gen 9 Champions] VGC 2026 Reg M-A",
  "players": [
    "kuanyou",
    "irelfangirl"
  ],
  "log": "|j|\u2606kuanyou\n|j|\u2606irelfangirl\n|t:|1776126478\n|gametype|doubles\n|player|p1|kuanyou|169|1128\n|player|p2|irelfangirl|nurse|1114\n|gen|9\n|tier|[Gen 9 Champions] VGC 2026 Reg M-A\n|rated|\n|rule|Species Clause: Limit one of each Pok\u00e9mon\n|rule|Item Clause: Limit 1 of each item\n|clearpoke\n|poke|p1|Scovillain, L50, F|\n|poke|p1|Sneasler, L50, M|\n|poke|p1|Primarina, L50, M|\n|poke|p1|Kingambit, L50, F|\n|poke|p1|Aerodactyl, L50, M|\n|poke|p1|Garchomp, L50, M|\n|poke|p2|Torkoal, L50, F|\n|poke|p2|Venusaur, L50, M|\n|poke|p2|Hatterene, L50, F|\n|poke|p2|Incineroar, L50, F|\n|poke|p2|Oranguru, L50, M|\n|poke|p2|Meganium, L50, M|\n|teampreview|4\n|\n|t:|1776126523\n|teamsize|p1|4\n|teamsize|p2|4\n|start\n|switch|p1a: Sneasler|Sneasler, L50, M|100/100\n|switch|p1b: Primarina|Primarina, L50, M|100/100\n|switch|p2a: Incineroar|Incineroar, L50, F|100/100\n|switch|p2b: Oranguru|Oranguru, L50, M|100/100\n|-ability|p2a: Incineroar|Intimidate|boost\n|-unboost|p1a: Sneasler|atk|1\n|-unboost|p1b: Primarina|atk|1\n|-enditem|p1a: Sneasler|White Herb\n|-clearnegativeboost|p1a: Sneasler|[silent]\n|turn|1\n|inactive|Battle timer is ON: inactive players will automatically lose when time's up. (requested by kuanyou)\n|\n|t:|1776126544\n|move|p2b: Oranguru|Protect|p2b: Oranguru\n|-singleturn|p2b: Oranguru|Protect\n|move|p1a: Sneasler|Fake Out|p2a: Incineroar\n|-damage|p2a: Incineroar|86/100\n|cant|p2a: Incineroar|flinch\n|move|p1b: Primarina|Calm Mind|p1b: Primarina\n|-boost|p1b: Primarina|spa|1\n|-boost|p1b: Primarina|spd|1\n|\n|upkeep\n|turn|2\n|\n|t:|1776126561\n|move|p1a: Sneasler|Close Combat|p2a: Incineroar\n|-supereffective|p2a: Incineroar|1\n|-damage|p2a: Incineroar|0 fnt\n|-unboost|p1a: Sneasler|def|1\n|-unboost|p1a: Sneasler|spd|1\n|faint|p2a: Incineroar\n|move|p1b: Primarina|Calm Mind|p1b: Primarina\n|-boost|p1b: Primarina|spa|1\n|-boost|p1b: Primarina|spd|1\n|move|p2b: Oranguru|Psychic|p1a: Sneasler\n|-supereffective|p1a: Sneasler|2\n|-damage|p1a: Sneasler|0 fnt\n|faint|p1a: Sneasler\n|\n|upkeep\n|\n|t:|1776126578\n|switch|p1a: Aerodactyl|Aerodactyl, L50, M|100/100\n|switch|p2a: Hatterene|Hatterene, L50, F|100/100\n|-ability|p1a: Aerodactyl|Unnerve\n|turn|3\n|\n|t:|1776126587\n|move|p2a: Hatterene|Protect|p2a: Hatterene\n|-singleturn|p2a: Hatterene|Protect\n|move|p1a: Aerodactyl|Rock Slide|p2a: Hatterene|[spread] p2b\n|-activate|p2a: Hatterene|move: Protect\n|-damage|p2b: Oranguru|82/100\n|move|p1b: Primarina|Hyper Voice|p2b: Oranguru|[spread] p2b\n|-activate|p2a: Hatterene|move: Protect\n|-damage|p2b: Oranguru|25/100\n|move|p2b: Oranguru|Trick Room|p2b: Oranguru\n|-fieldstart|move: Trick Room|[of] p2b: Oranguru\n|\n|upkeep\n|turn|4\n|inactive|irelfangirl has 30 seconds left.\n|\n|t:|1776126617\n|move|p1a: Aerodactyl|Wide Guard|p1a: Aerodactyl\n|-singleturn|p1a: Aerodactyl|Wide Guard\n|move|p2a: Hatterene|Dazzling Gleam|p1a: Aerodactyl|[spread] \n|-activate|p1a: Aerodactyl|move: Wide Guard\n|-activate|p1b: Primarina|move: Wide Guard\n|move|p2b: Oranguru|Instruct|p2a: Hatterene\n|-singleturn|p2a: Hatterene|move: Instruct|[of] p2b: Oranguru\n|move|p2a: Hatterene|Dazzling Gleam|p1b: Primarina|[spread] \n|-activate|p1a: Aerodactyl|move: Wide Guard\n|-activate|p1b: Primarina|move: Wide Guard\n|move|p1b: Primarina|Hyper Voice|p2a: Hatterene|[spread] p2a,p2b\n|-damage|p2a: Hatterene|23/100\n|-damage|p2b: Oranguru|0 fnt\n|faint|p2b: Oranguru\n|\n|-heal|p2a: Hatterene|29/100|[from] item: Leftovers\n|upkeep\n|\n|t:|1776126633\n|switch|p2b: Torkoal|Torkoal, L50, F|100/100\n|-weather|SunnyDay|[from] ability: Drought|[of] p2b: Torkoal\n|turn|5\n|\n|t:|1776126648\n|move|p1a: Aerodactyl|Wide Guard|p1a: Aerodactyl\n|-singleturn|p1a: Aerodactyl|Wide Guard\n|move|p2b: Torkoal|Earth Power|p1b: Primarina\n|-damage|p1b: Primarina|89/100\n|move|p2a: Hatterene|Psychic|p1a: Aerodactyl\n|-damage|p1a: Aerodactyl|19/100\n|move|p1b: Primarina|Hyper Voice|p2b: Torkoal|[spread] p2a,p2b\n|-supereffective|p2b: Torkoal|1\n|-damage|p2a: Hatterene|0 fnt\n|-damage|p2b: Torkoal|15/100\n|faint|p2a: Hatterene\n|\n|-weather|SunnyDay|[upkeep]\n|-heal|p1b: Primarina|95/100|[from] item: Leftovers\n|upkeep\n|turn|6\n|\n|t:|1776126662\n|move|p1b: Primarina|Protect|p1b: Primarina\n|-singleturn|p1b: Primarina|Protect\n|move|p1a: Aerodactyl|Protect||[still]\n|-fail|p1a: Aerodactyl\n|move|p2b: Torkoal|Eruption|p1a: Aerodactyl|[spread] p1a\n|-activate|p1b: Primarina|move: Protect\n|-resisted|p1a: Aerodactyl|1\n|-damage|p1a: Aerodactyl|10/100\n|\n|-weather|SunnyDay|[upkeep]\n|-heal|p1b: Primarina|100/100|[from] item: Leftovers\n|upkeep\n|turn|7\n|\n|t:|1776126676\n|move|p2b: Torkoal|Earth Power|p1b: Primarina\n|-damage|p1b: Primarina|90/100\n|move|p1b: Primarina|Hyper Voice|p2b: Torkoal\n|-supereffective|p2b: Torkoal|1\n|-damage|p2b: Torkoal|0 fnt\n|faint|p2b: Torkoal\n|\n|win|kuanyou\n|raw|kuanyou's rating: 1128 &rarr; <strong>1152</strong><br />(+24 for winning)\n|raw|irelfangirl's rating: 1114 &rarr; <strong>1090</strong><br />(-24 for losing)\n",
  "uploadtime": 1776126676,
  "views": 9,
  "formatid": "gen9championsvgc2026regma",
  "rating": 1090,
  "private": 0,
  "password": null
}