{
  "id": "gen9championsvgc2026regma-2589514610",
  "format": "[Gen 9 Champions] VGC 2026 Reg M-A",
  "players": [
    "Bowman10454",
    "dizzypants"
  ],
  "log": "|j|\u2606Bowman10454\n|j|\u2606dizzypants\n|t:|1776729929\n|gametype|doubles\n|player|p1|Bowman10454|265|1110\n|player|p2|dizzypants|lance-lgpe|1142\n|gen|9\n|tier|[Gen 9 Champions] VGC 2026 Reg M-A\n|rated|\n|rule|Species Clause: Limit one of each Pok\u00e9mon\n|rule|Item Clause: Limit 1 of each item\n|clearpoke\n|poke|p1|Venusaur, L50, M|\n|poke|p1|Corviknight, L50, M|\n|poke|p1|Rotom-Heat, L50|\n|poke|p1|Tyranitar, L50, M|\n|poke|p1|Garchomp, L50, M|\n|poke|p1|Primarina, L50, F|\n|poke|p2|Toxicroak, L50, M|\n|poke|p2|Pelipper, L50, F|\n|poke|p2|Archaludon, L50, F|\n|poke|p2|Maushold, L50|\n|poke|p2|Basculegion, L50, M|\n|poke|p2|Meganium, L50, F|\n|teampreview|4\n|j| dodingo\n|l| dodingo\n|inactive|Battle timer is ON: inactive players will automatically lose when time's up. (requested by dizzypants)\n|\n|t:|1776730007\n|teamsize|p1|4\n|teamsize|p2|4\n|start\n|switch|p1a: Corviknight|Corviknight, L50, M|100/100\n|switch|p1b: Rotom|Rotom-Heat, L50|100/100\n|switch|p2a: Maushold|Maushold, L50|100/100\n|switch|p2b: Meganium|Meganium, L50, F|100/100\n|turn|1\n|inactive|Bowman10454 has 30 seconds left.\n|\n|t:|1776730033\n|detailschange|p2b: Meganium|Meganium-Mega, L50, F\n|-mega|p2b: Meganium|Meganium|Meganiumite\n|move|p2a: Maushold|Follow Me|p2a: Maushold\n|-singleturn|p2a: Maushold|move: Follow Me\n|move|p1b: Rotom|Overheat|p2a: Maushold\n|-damage|p2a: Maushold|30/100\n|-unboost|p1b: Rotom|spa|2\n|move|p2b: Meganium|Weather Ball|p1a: Corviknight\n|-supereffective|p1a: Corviknight|1\n|-damage|p1a: Corviknight|0 fnt\n|faint|p1a: Corviknight\n|\n|upkeep\n|\n|t:|1776730046\n|switch|p1a: Venusaur|Venusaur, L50, M|100/100\n|turn|2\n|\n|t:|1776730060\n|detailschange|p1a: Venusaur|Venusaur-Mega, L50, M\n|-mega|p1a: Venusaur|Venusaur|Venusaurite\n|move|p2a: Maushold|Follow Me|p2a: Maushold\n|-singleturn|p2a: Maushold|move: Follow Me\n|move|p1b: Rotom|Overheat|p2a: Maushold\n|-damage|p2a: Maushold|0 fnt\n|-unboost|p1b: Rotom|spa|2\n|faint|p2a: Maushold\n|move|p1a: Venusaur|Sludge Bomb|p2b: Meganium\n|-supereffective|p2b: Meganium|2\n|-damage|p2b: Meganium|0 fnt\n|faint|p2b: Meganium\n|\n|upkeep\n|\n|t:|1776730072\n|switch|p2a: Basculegion|Basculegion, L50, M|100/100\n|switch|p2b: Pelipper|Pelipper, L50, F|100/100\n|-weather|RainDance|[from] ability: Drizzle|[of] p2b: Pelipper\n|turn|3\n|\n|t:|1776730082\n|switch|p1b: Garchomp|Garchomp, L50, M|100/100\n|move|p1a: Venusaur|Protect|p1a: Venusaur\n|-singleturn|p1a: Venusaur|Protect\n|move|p2a: Basculegion|Last Respects|p1a: Venusaur\n|-activate|p1a: Venusaur|move: Protect\n|move|p2b: Pelipper|Hurricane|p1a: Venusaur\n|-activate|p1a: Venusaur|move: Protect\n|\n|-weather|RainDance|[upkeep]\n|upkeep\n|turn|4\n|inactive|Bowman10454 has 30 seconds left.\n|inactive|dizzypants has 30 seconds left.\n|\n|t:|1776730111\n|move|p2a: Basculegion|Wave Crash|p1b: Garchomp\n|-damage|p1b: Garchomp|0 fnt\n|-damage|p2a: Basculegion|88/100|[from] ability: Rough Skin|[of] p1b: Garchomp\n|faint|p1b: Garchomp\n|-damage|p2a: Basculegion|57/100|[from] Recoil\n|move|p2b: Pelipper|Hurricane|p1a: Venusaur\n|-supereffective|p1a: Venusaur|1\n|-damage|p1a: Venusaur|20/100\n|move|p1a: Venusaur|Giga Drain|p2b: Pelipper\n|-damage|p2b: Pelipper|34/100\n|-heal|p1a: Venusaur|45/100|[from] drain|[of] p2b: Pelipper\n|\n|-weather|RainDance|[upkeep]\n|upkeep\n|\n|t:|1776730115\n|switch|p1b: Rotom|Rotom-Heat, L50|100/100\n|turn|5\n|\n|t:|1776730129\n|move|p1a: Venusaur|Protect|p1a: Venusaur\n|-singleturn|p1a: Venusaur|Protect\n|move|p2a: Basculegion|Wave Crash|p1b: Rotom\n|-supereffective|p1b: Rotom|1\n|-damage|p1b: Rotom|0 fnt\n|faint|p1b: Rotom\n|-damage|p2a: Basculegion|34/100|[from] Recoil\n|move|p2b: Pelipper|Hurricane|p1a: Venusaur\n|-activate|p1a: Venusaur|move: Protect\n|\n|-weather|RainDance|[upkeep]\n|upkeep\n|turn|6\n|\n|t:|1776730142\n|move|p2a: Basculegion|Last Respects|p1a: Venusaur\n|-damage|p1a: Venusaur|0 fnt\n|faint|p1a: Venusaur\n|\n|win|dizzypants\n|raw|Bowman10454's rating: 1110 &rarr; <strong>1087</strong><br />(-23 for losing)\n|raw|dizzypants's rating: 1142 &rarr; <strong>1165</strong><br />(+23 for winning)\n|l|\u2606Bowman10454\n|player|p1|\n",
  "uploadtime": 1776730149,
  "views": 5,
  "formatid": "gen9championsvgc2026regma",
  "rating": 1087,
  "private": 0,
  "password": null
}