{
  "id": "gen9championsvgc2026regma-2581628459",
  "format": "[Gen 9 Champions] VGC 2026 Reg M-A",
  "players": [
    "flaemm",
    "deanking654"
  ],
  "log": "|j|\u2606flaemm\n|j|\u2606deanking654\n|t:|1776016319\n|gametype|doubles\n|player|p1|flaemm|alder|1160\n|player|p2|deanking654|101|1201\n|gen|9\n|tier|[Gen 9 Champions] VGC 2026 Reg M-A\n|rated|\n|rule|Species Clause: Limit one of each Pok\u00e9mon\n|rule|Item Clause: Limit 1 of each item\n|clearpoke\n|poke|p1|Crabominable, L50, M|\n|poke|p1|Torkoal, L50, M|\n|poke|p1|Venusaur, L50, M|\n|poke|p1|Incineroar, L50, F|\n|poke|p1|Farigiraf, L50, M|\n|poke|p1|Arcanine-Hisui, L50, F|\n|poke|p2|Aerodactyl, L50, M|\n|poke|p2|Floette-Eternal, L50, F|\n|poke|p2|Milotic, L50, F|\n|poke|p2|Garchomp, L50, M|\n|poke|p2|Incineroar, L50, F|\n|poke|p2|Scizor, L50, F|\n|teampreview|4\ndeanking654 rejected open team sheets.\n|\n|t:|1776016349\n|teamsize|p1|4\n|teamsize|p2|4\n|start\n|switch|p1a: Venusaur|Venusaur, L50, M|100/100\n|switch|p1b: Farigiraf|Farigiraf, L50, M|100/100\n|switch|p2a: Aerodactyl|Aerodactyl, L50, M, shiny|100/100\n|switch|p2b: Incineroar|Incineroar, L50, F, shiny|100/100\n|-ability|p2a: Aerodactyl|Unnerve\n|-ability|p2b: Incineroar|Intimidate|boost\n|-unboost|p1a: Venusaur|atk|1\n|-unboost|p1b: Farigiraf|atk|1\n|turn|1\n|\n|t:|1776016373\n|move|p2b: Incineroar|Fake Out||[still]\n|cant|p1b: Farigiraf|ability: Armor Tail|Fake Out|[of] p2b: Incineroar\n|move|p2a: Aerodactyl|Dual Wingbeat|p1a: Venusaur\n|-supereffective|p1a: Venusaur|1\n|-damage|p1a: Venusaur|51/100\n|-supereffective|p1a: Venusaur|1\n|-damage|p1a: Venusaur|4/100\n|-hitcount|p1a: Venusaur|2\n|move|p1a: Venusaur|Sleep Powder|p2b: Incineroar\n|-status|p2b: Incineroar|slp|[from] move: Sleep Powder\n|move|p1b: Farigiraf|Trick Room|p1b: Farigiraf\n|-fieldstart|move: Trick Room|[of] p1b: Farigiraf\n|\n|upkeep\n|turn|2\n|\n|t:|1776016400\n|switch|p1b: Crabominable|Crabominable, L50, M|100/100\n|switch|p1a: Torkoal|Torkoal, L50, M|100/100\n|-weather|SunnyDay|[from] ability: Drought|[of] p1a: Torkoal\n|cant|p2b: Incineroar|slp\n|move|p2a: Aerodactyl|Rock Slide|p1a: Torkoal|[spread] p1a,p1b\n|-supereffective|p1a: Torkoal|1\n|-damage|p1a: Torkoal|62/100\n|-damage|p1b: Crabominable|71/100\n|\n|-weather|SunnyDay|[upkeep]\n|upkeep\n|turn|3\n|\n|t:|1776016422\n|switch|p2b: Milotic|Milotic, L50, F, shiny|100/100\n|detailschange|p1b: Crabominable|Crabominable-Mega, L50, M\n|-mega|p1b: Crabominable|Crabominable|Crabominite\n|move|p2a: Aerodactyl|Protect|p2a: Aerodactyl\n|-singleturn|p2a: Aerodactyl|Protect\n|move|p1a: Torkoal|Eruption|p2b: Milotic|[spread] p2b\n|-activate|p2a: Aerodactyl|move: Protect\n|-resisted|p2b: Milotic|1\n|-damage|p2b: Milotic|88/100\n|move|p1b: Crabominable|Drain Punch|p2b: Milotic\n|-damage|p2b: Milotic|33/100\n|-heal|p1b: Crabominable|98/100|[from] drain|[of] p2b: Milotic\n|\n|-weather|SunnyDay|[upkeep]\n|-heal|p2b: Milotic|39/100|[from] item: Leftovers\n|upkeep\n|turn|4\n|\n|t:|1776016471\n|switch|p2a: Incineroar|Incineroar, L50, F, shiny|100/100 slp\n|-ability|p2a: Incineroar|Intimidate|boost\n|-unboost|p1a: Torkoal|atk|1\n|-unboost|p1b: Crabominable|atk|1\n|move|p2b: Milotic|Protect|p2b: Milotic\n|-singleturn|p2b: Milotic|Protect\n|move|p1a: Torkoal|Eruption|p2a: Incineroar|[spread] p2a\n|-activate|p2b: Milotic|move: Protect\n|-resisted|p2a: Incineroar|1\n|-damage|p2a: Incineroar|85/100 slp\n|move|p1b: Crabominable|Drain Punch|p2a: Incineroar\n|-supereffective|p2a: Incineroar|1\n|-damage|p2a: Incineroar|18/100 slp\n|-heal|p1b: Crabominable|100/100|[from] drain|[of] p2a: Incineroar\n|-enditem|p2a: Incineroar|Sitrus Berry|[eat]\n|-heal|p2a: Incineroar|43/100 slp|[from] item: Sitrus Berry\n|\n|-weather|SunnyDay|[upkeep]\n|-heal|p2b: Milotic|45/100|[from] item: Leftovers\n|upkeep\n|turn|5\n|\n|t:|1776016490\n|cant|p2a: Incineroar|slp\n|move|p1a: Torkoal|Eruption|p2b: Milotic|[spread] p2a,p2b\n|-resisted|p2a: Incineroar|1\n|-resisted|p2b: Milotic|1\n|-damage|p2a: Incineroar|25/100 slp\n|-damage|p2b: Milotic|29/100\n|move|p1b: Crabominable|Drain Punch|p2a: Incineroar\n|-supereffective|p2a: Incineroar|1\n|-damage|p2a: Incineroar|0 fnt\n|faint|p2a: Incineroar\n|move|p2b: Milotic|Life Dew|p2b: Milotic\n|-heal|p2b: Milotic|54/100\n|\n|-weather|SunnyDay|[upkeep]\n|-heal|p2b: Milotic|60/100|[from] item: Leftovers\n|-fieldend|move: Trick Room\n|upkeep\n|\n|t:|1776016502\n|switch|p2a: Aerodactyl|Aerodactyl, L50, M, shiny|100/100\n|-ability|p2a: Aerodactyl|Unnerve\n|turn|6\n|\n|t:|1776016537\n|move|p2a: Aerodactyl|Dual Wingbeat|p1b: Crabominable\n|-supereffective|p1b: Crabominable|1\n|-damage|p1b: Crabominable|73/100\n|-supereffective|p1b: Crabominable|1\n|-damage|p1b: Crabominable|46/100\n|-hitcount|p1b: Crabominable|2\n|move|p2b: Milotic|Muddy Water|p1b: Crabominable|[spread] p1a,p1b\n|-supereffective|p1a: Torkoal|1\n|-damage|p1a: Torkoal|30/100\n|-damage|p1b: Crabominable|38/100\n|move|p1b: Crabominable|Ice Hammer|p2a: Aerodactyl|[miss]\n|-miss|p1b: Crabominable|p2a: Aerodactyl\n|move|p1a: Torkoal|Heat Wave|p2a: Aerodactyl|[spread] p2a,p2b\n|-resisted|p2a: Aerodactyl|1\n|-resisted|p2b: Milotic|1\n|-damage|p2a: Aerodactyl|68/100\n|-damage|p2b: Milotic|45/100\n|\n|-weather|none\n|-heal|p2b: Milotic|51/100|[from] item: Leftovers\n|upkeep\n|turn|7\n|c|\u2606flaemm|sigh\n|c|\u2606flaemm|the hammer\n|\n|t:|1776016565\n|switch|p1a: Farigiraf|Farigiraf, L50, M|100/100\n|move|p1b: Crabominable|Protect|p1b: Crabominable\n|-singleturn|p1b: Crabominable|Protect\n|move|p2a: Aerodactyl|Dual Wingbeat|p1b: Crabominable\n|-activate|p1b: Crabominable|move: Protect\n|move|p2b: Milotic|Life Dew|p2b: Milotic|[spread] p2a,p2b\n|-heal|p2a: Aerodactyl|93/100\n|-heal|p2b: Milotic|76/100\n|\n|-heal|p2b: Milotic|82/100|[from] item: Leftovers\n|upkeep\n|turn|8\n|\n|t:|1776016577\n|switch|p1b: Torkoal|Torkoal, L50, M|30/100\n|-weather|SunnyDay|[from] ability: Drought|[of] p1b: Torkoal\n|move|p2a: Aerodactyl|Dual Wingbeat|p1b: Torkoal|[miss]\n|-miss|p2a: Aerodactyl|p1b: Torkoal\n|move|p2b: Milotic|Muddy Water|p1b: Torkoal|[spread] p1a,p1b\n|-supereffective|p1b: Torkoal|1\n|-damage|p1a: Farigiraf|91/100\n|-damage|p1b: Torkoal|0 fnt\n|-unboost|p1a: Farigiraf|accuracy|1\n|faint|p1b: Torkoal\n|move|p1a: Farigiraf|Trick Room|p1a: Farigiraf\n|-fieldstart|move: Trick Room|[of] p1a: Farigiraf\n|\n|-weather|SunnyDay|[upkeep]\n|-heal|p2b: Milotic|88/100|[from] item: Leftovers\n|upkeep\n|\n|t:|1776016580\n|switch|p1b: Crabominable|Crabominable-Mega, L50, M|38/100\n|turn|9\n|\n|t:|1776016625\n|move|p1b: Crabominable|Drain Punch|p2a: Aerodactyl\n|-damage|p2a: Aerodactyl|6/100\n|-heal|p1b: Crabominable|71/100|[from] drain|[of] p2a: Aerodactyl\n|move|p1a: Farigiraf|Psychic|p2a: Aerodactyl\n|-damage|p2a: Aerodactyl|0 fnt\n|faint|p2a: Aerodactyl\n|move|p2b: Milotic|Muddy Water|p1a: Farigiraf|[spread] p1a\n|-miss|p2b: Milotic|p1b: Crabominable\n|-crit|p1a: Farigiraf\n|-damage|p1a: Farigiraf|75/100\n|-unboost|p1a: Farigiraf|accuracy|1\n|\n|-weather|SunnyDay|[upkeep]\n|-heal|p2b: Milotic|94/100|[from] item: Leftovers\n|upkeep\n|\n|t:|1776016636\n|switch|p2a: Floette|Floette-Eternal, L50, F, shiny|100/100\n|turn|10\n|\n|t:|1776016653\n|detailschange|p2a: Floette|Floette-Mega, L50, F, shiny\n|-mega|p2a: Floette|Floette|Floettite\n|-ability|p2a: Floette|Fairy Aura\n|move|p1a: Farigiraf|Helping Hand|p1b: Crabominable\n|-singleturn|p1b: Crabominable|Helping Hand|[of] p1a: Farigiraf\n|move|p1b: Crabominable|Ice Hammer|p2a: Floette\n|-damage|p2a: Floette|0 fnt\n|-unboost|p1b: Crabominable|spe|1\n|faint|p2a: Floette\n|move|p2b: Milotic|Muddy Water|p1b: Crabominable|[spread] p1a,p1b\n|-damage|p1a: Farigiraf|65/100\n|-damage|p1b: Crabominable|62/100\n|\n|-weather|SunnyDay|[upkeep]\n|-heal|p2b: Milotic|99/100|[from] item: Leftovers\n|upkeep\n|turn|11\n|\n|t:|1776016665\n|move|p1a: Farigiraf|Helping Hand|p1b: Crabominable\n|-singleturn|p1b: Crabominable|Helping Hand|[of] p1a: Farigiraf\n|move|p1b: Crabominable|Drain Punch|p2b: Milotic\n|-damage|p2b: Milotic|21/100\n|-heal|p1b: Crabominable|100/100|[from] drain|[of] p2b: Milotic\n|move|p2b: Milotic|Icy Wind|p1a: Farigiraf|[spread] p1a,p1b\n|-resisted|p1b: Crabominable|1\n|-damage|p1a: Farigiraf|56/100\n|-damage|p1b: Crabominable|97/100\n|-unboost|p1a: Farigiraf|spe|1\n|-unboost|p1b: Crabominable|spe|1\n|\n|-weather|SunnyDay|[upkeep]\n|-heal|p2b: Milotic|27/100|[from] item: Leftovers\n|upkeep\n|turn|12\n|-message|deanking654 forfeited.\n|\n|win|flaemm\n|raw|flaemm's rating: 1160 &rarr; <strong>1188</strong><br />(+28 for winning)\n|raw|deanking654's rating: 1201 &rarr; <strong>1173</strong><br />(-28 for losing)\n|l|\u2606deanking654\n|player|p2|\n",
  "uploadtime": 1776016673,
  "views": 35,
  "formatid": "gen9championsvgc2026regma",
  "rating": 1173,
  "private": 0,
  "password": null
}