{
  "id": "gen9championsvgc2026regma-2587742683",
  "format": "[Gen 9 Champions] VGC 2026 Reg M-A",
  "players": [
    "Joshy897",
    "Ikhnner"
  ],
  "log": "|j|\u2606Joshy897\n|j|\u2606Ikhnner\n|t:|1776559477\n|gametype|doubles\n|player|p1|Joshy897|265|1214\n|player|p2|Ikhnner|wattson|1267\n|gen|9\n|tier|[Gen 9 Champions] VGC 2026 Reg M-A\n|rated|\n|rule|Species Clause: Limit one of each Pok\u00e9mon\n|rule|Item Clause: Limit 1 of each item\n|clearpoke\n|poke|p1|Incineroar, L50, M|\n|poke|p1|Delphox, L50, F, shiny|\n|poke|p1|Garchomp, L50, F|\n|poke|p1|Skarmory, L50, F|\n|poke|p1|Sneasler, L50, F|\n|poke|p1|Whimsicott, L50, M|\n|poke|p2|Manectric, L50, M, shiny|\n|poke|p2|Pelipper, L50, M|\n|poke|p2|Weavile, L50, F|\n|poke|p2|Whimsicott, L50, F|\n|poke|p2|Sinistcha-Masterpiece, L50|\n|poke|p2|Basculegion, L50, M|\n|teampreview|4\n|inactive|Battle timer is ON: inactive players will automatically lose when time's up. (requested by Ikhnner)\n|\n|t:|1776559504\n|teamsize|p1|4\n|teamsize|p2|4\n|start\n|switch|p1a: Sneasler|Sneasler, L50, F|100/100\n|switch|p1b: Whimsicott|Whimsicott, L50, M|100/100\n|switch|p2a: Manectric|Manectric, L50, M, shiny|100/100\n|switch|p2b: Weavile|Weavile, L50, F|100/100\n|turn|1\n|\n|t:|1776559519\n|move|p2b: Weavile|Fake Out|p1a: Sneasler\n|-damage|p1a: Sneasler|74/100\n|move|p1b: Whimsicott|Tailwind|p1b: Whimsicott\n|-sidestart|p1: Joshy897|move: Tailwind\n|cant|p1a: Sneasler|flinch\n|move|p2a: Manectric|Volt Switch|p1a: Sneasler\n|-damage|p1a: Sneasler|30/100\n|\n|t:|1776559528\n|switch|p2a: Whimsicott|Whimsicott, L50, F|100/100|[from] Volt Switch\n|\n|upkeep\n|turn|2\n|inactive|Ikhnner has 30 seconds left.\n|\n|t:|1776559556\n|switch|p2b: Pelipper|Pelipper, L50, M|100/100\n|-weather|RainDance|[from] ability: Drizzle|[of] p2b: Pelipper\n|move|p1a: Sneasler|Protect|p1a: Sneasler\n|-singleturn|p1a: Sneasler|Protect\n|move|p2a: Whimsicott|Encore|p1b: Whimsicott\n|-start|p1b: Whimsicott|Encore\n|move|p1b: Whimsicott|Tailwind||[still]\n|-fail|p1b: Whimsicott\n|\n|-weather|RainDance|[upkeep]\n|upkeep\n|turn|3\n|\n|t:|1776559575\n|switch|p1b: Delphox|Delphox, L50, F, shiny|100/100\n|move|p1a: Sneasler|Dire Claw|p2a: Whimsicott\n|-supereffective|p2a: Whimsicott|2\n|-damage|p2a: Whimsicott|0 fnt\n|faint|p2a: Whimsicott\n|move|p2b: Pelipper|Hurricane|p1b: Delphox\n|-damage|p1b: Delphox|44/100\n|\n|-weather|RainDance|[upkeep]\n|upkeep\n|\n|t:|1776559585\n|switch|p2a: Weavile|Weavile, L50, F|100/100\n|turn|4\n|\n|t:|1776559594\n|detailschange|p1b: Delphox|Delphox-Mega, L50, F, shiny\n|-mega|p1b: Delphox|Delphox|Delphoxite\n|move|p1b: Delphox|Protect|p1b: Delphox\n|-singleturn|p1b: Delphox|Protect\n|move|p1a: Sneasler|Protect|p1a: Sneasler\n|-singleturn|p1a: Sneasler|Protect\n|move|p2a: Weavile|Fake Out|p1a: Sneasler\n|-activate|p1a: Sneasler|move: Protect\n|move|p2b: Pelipper|Hurricane|p1b: Delphox\n|-activate|p1b: Delphox|move: Protect\n|\n|-weather|RainDance|[upkeep]\n|-sideend|p1: Joshy897|move: Tailwind\n|upkeep\n|turn|5\n|\n|t:|1776559609\n|switch|p1b: Whimsicott|Whimsicott, L50, M|100/100\n|move|p2b: Pelipper|Hurricane|p1b: Whimsicott\n|-supereffective|p1b: Whimsicott|1\n|-enditem|p1b: Whimsicott|Focus Sash\n|-damage|p1b: Whimsicott|1/100\n|move|p2a: Weavile|Triple Axel|p1a: Sneasler|[miss]\n|-miss|p2a: Weavile|p1a: Sneasler\n|move|p1a: Sneasler|Close Combat|p2a: Weavile\n|-supereffective|p2a: Weavile|2\n|-enditem|p2a: Weavile|Focus Sash\n|-damage|p2a: Weavile|1/100\n|-unboost|p1a: Sneasler|def|1\n|-unboost|p1a: Sneasler|spd|1\n|-enditem|p1a: Sneasler|White Herb|[silent]|[from] ability: Pickpocket|[of] p1a: Sneasler\n|-item|p2a: Weavile|White Herb|[from] ability: Pickpocket|[of] p1a: Sneasler\n|\n|-weather|RainDance|[upkeep]\n|upkeep\n|turn|6\n|\n|t:|1776559633\n|move|p1b: Whimsicott|Tailwind|p1b: Whimsicott\n|-sidestart|p1: Joshy897|move: Tailwind\n|move|p1a: Sneasler|Dire Claw|p2a: Weavile\n|-damage|p2a: Weavile|0 fnt\n|faint|p2a: Weavile\n|move|p2b: Pelipper|Hurricane|p1a: Sneasler\n|-supereffective|p1a: Sneasler|1\n|-damage|p1a: Sneasler|0 fnt\n|faint|p1a: Sneasler\n|\n|-weather|none\n|upkeep\n|\n|t:|1776559647\n|switch|p2a: Manectric|Manectric, L50, M, shiny|100/100\n|switch|p1a: Garchomp|Garchomp, L50, F|100/100\n|turn|7\n|\n|t:|1776559658\n|detailschange|p2a: Manectric|Manectric-Mega, L50, M, shiny\n|-mega|p2a: Manectric|Manectric|Manectite\n|-ability|p2a: Manectric|Intimidate|boost\n|-unboost|p1a: Garchomp|atk|1\n|-unboost|p1b: Whimsicott|atk|1\n|move|p1b: Whimsicott|Protect|p1b: Whimsicott\n|-singleturn|p1b: Whimsicott|Protect\n|move|p1a: Garchomp|Earthquake|p2b: Pelipper|[spread] p2a\n|-activate|p1b: Whimsicott|move: Protect\n|-immune|p2b: Pelipper\n|-supereffective|p2a: Manectric|1\n|-damage|p2a: Manectric|30/100\n|move|p2a: Manectric|Rain Dance|p2a: Manectric\n|-weather|RainDance\n|move|p2b: Pelipper|Hurricane|p1a: Garchomp\n|-damage|p1a: Garchomp|50/100\n|-start|p1a: Garchomp|confusion\n|\n|-weather|RainDance|[upkeep]\n|upkeep\n|turn|8\n|\n|t:|1776559679\n|move|p2a: Manectric|Protect|p2a: Manectric\n|-singleturn|p2a: Manectric|Protect\n|move|p1b: Whimsicott|Encore|p2a: Manectric\n|-activate|p2a: Manectric|move: Protect\n|-activate|p1a: Garchomp|confusion\n|move|p1a: Garchomp|Earthquake|p2a: Manectric|[spread] p1b\n|-activate|p2a: Manectric|move: Protect\n|-immune|p2b: Pelipper\n|-resisted|p1b: Whimsicott|1\n|-damage|p1b: Whimsicott|0 fnt\n|faint|p1b: Whimsicott\n|move|p2b: Pelipper|Hurricane|p1a: Garchomp\n|-damage|p1a: Garchomp|0 fnt\n|faint|p1a: Garchomp\n|\n|-weather|RainDance|[upkeep]\n|upkeep\n|\n|t:|1776559685\n|switch|p1b: Delphox|Delphox-Mega, L50, F, shiny|44/100\n|turn|9\n|\n|t:|1776559695\n|move|p1b: Delphox|Psychic|p2a: Manectric\n|-damage|p2a: Manectric|0 fnt\n|faint|p2a: Manectric\n|move|p2b: Pelipper|Hurricane|p1b: Delphox\n|-damage|p1b: Delphox|0 fnt\n|faint|p1b: Delphox\n|\n|win|Ikhnner\n|raw|Joshy897's rating: 1214 &rarr; <strong>1193</strong><br />(-21 for losing)\n|raw|Ikhnner's rating: 1267 &rarr; <strong>1288</strong><br />(+21 for winning)\n|l|\u2606Joshy897\n|player|p1|\n",
  "uploadtime": 1776559712,
  "views": 10,
  "formatid": "gen9championsvgc2026regma",
  "rating": 1193,
  "private": 0,
  "password": null
}