{
  "id": "gen9championsvgc2026regma-2589579610",
  "format": "[Gen 9 Champions] VGC 2026 Reg M-A",
  "players": [
    "abr202",
    "Pinwuinito"
  ],
  "log": "|j|\u2606abr202\n|j|\u2606Pinwuinito\n|t:|1776735971\n|gametype|doubles\n|player|p1|abr202|thorton|1199\n|player|p2|Pinwuinito|blue|1221\n|gen|9\n|tier|[Gen 9 Champions] VGC 2026 Reg M-A\n|rated|\n|rule|Species Clause: Limit one of each Pok\u00e9mon\n|rule|Item Clause: Limit 1 of each item\n|clearpoke\n|poke|p1|Lopunny, L50, F|\n|poke|p1|Empoleon, L50, M|\n|poke|p1|Garchomp, L50, F|\n|poke|p1|Tyranitar, L50, M|\n|poke|p1|Froslass, L50, F|\n|poke|p1|Whimsicott, L50, F|\n|poke|p2|Kommo-o, L50, F|\n|poke|p2|Bastiodon, L50, M|\n|poke|p2|Gourgeist-Super, L50, M|\n|poke|p2|Sinistcha, L50|\n|poke|p2|Aegislash, L50, F|\n|poke|p2|Tyranitar, L50, M|\n|teampreview|4\n|inactive|Battle timer is ON: inactive players will automatically lose when time's up. (requested by abr202)\nabr202 has agreed to open team sheets.\n|inactive|abr202 has 60 seconds left.\n|\n|t:|1776736004\n|teamsize|p1|4\n|teamsize|p2|4\n|start\n|switch|p1a: Lopunny|Lopunny, L50, F|100/100\n|switch|p1b: Empoleon|Empoleon, L50, M|100/100\n|switch|p2a: Gourgeist|Gourgeist-Super, L50, M|100/100\n|switch|p2b: Bastiodon|Bastiodon, L50, M|100/100\n|-item|p1a: Lopunny|Lopunnite|[from] ability: Frisk|[of] p2a: Gourgeist\n|-item|p1b: Empoleon|Leftovers|[from] ability: Frisk|[of] p2a: Gourgeist\n|turn|1\n|\n|t:|1776736018\n|detailschange|p1a: Lopunny|Lopunny-Mega, L50, F\n|-mega|p1a: Lopunny|Lopunny|Lopunnite\n|move|p1a: Lopunny|Fake Out|p2a: Gourgeist\n|-damage|p2a: Gourgeist|83/100\n|move|p1b: Empoleon|Icy Wind|p2a: Gourgeist|[spread] p2a,p2b\n|-supereffective|p2a: Gourgeist|1\n|-resisted|p2b: Bastiodon|1\n|-damage|p2a: Gourgeist|58/100\n|-damage|p2b: Bastiodon|96/100\n|-unboost|p2a: Gourgeist|spe|1\n|-unboost|p2b: Bastiodon|spe|1\n|move|p2b: Bastiodon|Iron Defense|p2b: Bastiodon\n|-boost|p2b: Bastiodon|def|2\n|cant|p2a: Gourgeist|flinch\n|\n|-heal|p2a: Gourgeist|64/100|[from] item: Leftovers\n|upkeep\n|turn|2\n|\n|t:|1776736039\n|move|p1a: Lopunny|Triple Axel|p2a: Gourgeist\n|-supereffective|p2a: Gourgeist|1\n|-damage|p2a: Gourgeist|52/100\n|-supereffective|p2a: Gourgeist|1\n|-damage|p2a: Gourgeist|31/100\n|-supereffective|p2a: Gourgeist|1\n|-damage|p2a: Gourgeist|0 fnt\n|faint|p2a: Gourgeist\n|-hitcount|p2: Gourgeist|3\n|move|p1b: Empoleon|Hydro Pump|p2b: Bastiodon\n|-supereffective|p2b: Bastiodon|1\n|-damage|p2b: Bastiodon|20/100\n|move|p2b: Bastiodon|Body Press|p1a: Lopunny\n|-supereffective|p1a: Lopunny|1\n|-damage|p1a: Lopunny|0 fnt\n|faint|p1a: Lopunny\n|\n|upkeep\n|\n|t:|1776736060\n|switch|p1a: Garchomp|Garchomp, L50, F|100/100\n|switch|p2a: Tyranitar|Tyranitar, L50, M|100/100\n|-weather|Sandstorm|[from] ability: Sand Stream|[of] p2a: Tyranitar\n|turn|3\n|\n|t:|1776736077\n|detailschange|p2a: Tyranitar|Tyranitar-Mega, L50, M\n|-mega|p2a: Tyranitar|Tyranitar|Tyranitarite\n|move|p1a: Garchomp|Protect|p1a: Garchomp\n|-singleturn|p1a: Garchomp|Protect\n|move|p2a: Tyranitar|Low Kick|p1b: Empoleon\n|-supereffective|p1b: Empoleon|1\n|-damage|p1b: Empoleon|26/100\n|move|p1b: Empoleon|Hydro Pump|p2b: Bastiodon|[miss]\n|-miss|p1b: Empoleon|p2b: Bastiodon\n|move|p2b: Bastiodon|Body Press|p1b: Empoleon\n|-supereffective|p1b: Empoleon|1\n|-damage|p1b: Empoleon|0 fnt\n|faint|p1b: Empoleon\n|\n|-weather|Sandstorm|[upkeep]\n|upkeep\n|\n|t:|1776736086\n|switch|p1b: Whimsicott|Whimsicott, L50, F|100/100\n|turn|4\n|\n|t:|1776736102\n|move|p2b: Bastiodon|Protect|p2b: Bastiodon\n|-singleturn|p2b: Bastiodon|Protect\n|move|p1b: Whimsicott|Tailwind|p1b: Whimsicott\n|-sidestart|p1: abr202|move: Tailwind\n|move|p1a: Garchomp|Earthquake|p2b: Bastiodon|[spread] p1b,p2a\n|-activate|p2b: Bastiodon|move: Protect\n|-resisted|p1b: Whimsicott|1\n|-supereffective|p2a: Tyranitar|1\n|-damage|p1b: Whimsicott|83/100\n|-damage|p2a: Tyranitar|54/100\n|move|p2a: Tyranitar|Rock Slide|p1b: Whimsicott|[spread] p1a,p1b\n|-resisted|p1a: Garchomp|1\n|-damage|p1a: Garchomp|83/100\n|-damage|p1b: Whimsicott|54/100\n|\n|-weather|Sandstorm|[upkeep]\n|-damage|p1b: Whimsicott|48/100|[from] Sandstorm\n|upkeep\n|turn|5\n|inactive|Pinwuinito has 30 seconds left.\n|inactive|Pinwuinito has 20 seconds left.\n|\n|t:|1776736138\n|move|p2b: Bastiodon|Wide Guard|p2b: Bastiodon\n|-singleturn|p2b: Bastiodon|Wide Guard\n|move|p1b: Whimsicott|Encore|p2b: Bastiodon\n|-start|p2b: Bastiodon|Encore\n|move|p1a: Garchomp|Earthquake|p2a: Tyranitar|[spread] p1b\n|-activate|p2a: Tyranitar|move: Wide Guard\n|-activate|p2b: Bastiodon|move: Wide Guard\n|-resisted|p1b: Whimsicott|1\n|-damage|p1b: Whimsicott|32/100\n|move|p2a: Tyranitar|Rock Slide|p1b: Whimsicott|[spread] p1a\n|-miss|p2a: Tyranitar|p1b: Whimsicott\n|-resisted|p1a: Garchomp|1\n|-damage|p1a: Garchomp|64/100\n|\n|-weather|Sandstorm|[upkeep]\n|-damage|p1b: Whimsicott|26/100|[from] Sandstorm\n|upkeep\n|turn|6\n|\n|t:|1776736157\n|move|p2b: Bastiodon|Wide Guard|p2b: Bastiodon\n|-singleturn|p2b: Bastiodon|Wide Guard\n|move|p1a: Garchomp|Dragon Claw|p2a: Tyranitar\n|-damage|p2a: Tyranitar|26/100\n|move|p1b: Whimsicott|Moonblast|p2a: Tyranitar\n|-supereffective|p2a: Tyranitar|1\n|-damage|p2a: Tyranitar|2/100\n|move|p2a: Tyranitar|Low Kick|p1a: Garchomp|[miss]\n|-miss|p2a: Tyranitar|p1a: Garchomp\n|\n|-weather|Sandstorm|[upkeep]\n|-damage|p1b: Whimsicott|20/100|[from] Sandstorm\n|upkeep\n|turn|7\n|c|\u2606Pinwuinito|daaaaaamn\n|inactive|Pinwuinito has 30 seconds left.\n|inactive|Pinwuinito has 20 seconds left.\n|\n|t:|1776736197\n|move|p2a: Tyranitar|Protect|p2a: Tyranitar\n|-singleturn|p2a: Tyranitar|Protect\n|move|p2b: Bastiodon|Wide Guard|p2b: Bastiodon\n|-singleturn|p2b: Bastiodon|Wide Guard\n|move|p1b: Whimsicott|Taunt|p2b: Bastiodon\n|-start|p2b: Bastiodon|move: Taunt\n|move|p1a: Garchomp|Dragon Claw|p2a: Tyranitar\n|-activate|p2a: Tyranitar|move: Protect\n|\n|-weather|none\n|-sideend|p1: abr202|move: Tailwind\n|upkeep\n|turn|8\n|\n|t:|1776736217\n|switch|p2a: Aegislash|Aegislash, L50, F|100/100\n|move|p1b: Whimsicott|Encore||[still]\n|-fail|p1b: Whimsicott\n|move|p1a: Garchomp|Dragon Claw|p2a: Aegislash\n|-resisted|p2a: Aegislash|1\n|-damage|p2a: Aegislash|83/100\n|-activate|p2b: Bastiodon|move: Struggle\n|move|p2b: Bastiodon|Struggle|p1a: Garchomp\n|-damage|p1a: Garchomp|57/100\n|-damage|p2b: Bastiodon|0 fnt|[from] recoil\n|faint|p2b: Bastiodon\n|\n|upkeep\n|\n|t:|1776736227\n|switch|p2b: Tyranitar|Tyranitar-Mega, L50, M|2/100\n|-weather|Sandstorm|[from] ability: Sand Stream|[of] p2b: Tyranitar\n|turn|9\n|\n|t:|1776736237\n|move|p2b: Tyranitar|Protect|p2b: Tyranitar\n|-singleturn|p2b: Tyranitar|Protect\n|move|p2a: Aegislash|King's Shield|p2a: Aegislash\n|-singleturn|p2a: Aegislash|Protect\n|move|p1b: Whimsicott|Tailwind|p1b: Whimsicott\n|-sidestart|p1: abr202|move: Tailwind\n|move|p1a: Garchomp|Rock Slide|p2a: Aegislash|[spread] \n|-activate|p2a: Aegislash|move: Protect\n|-activate|p2b: Tyranitar|move: Protect\n|\n|-weather|Sandstorm|[upkeep]\n|-damage|p1b: Whimsicott|14/100|[from] Sandstorm\n|upkeep\n|turn|10\n|\n|t:|1776736258\n|move|p1b: Whimsicott|Encore|p2a: Aegislash\n|-start|p2a: Aegislash|Encore\n|move|p2a: Aegislash|King's Shield||[still]\n|-fail|p2a: Aegislash\n|move|p1a: Garchomp|Dragon Claw|p2b: Tyranitar\n|-damage|p2b: Tyranitar|0 fnt\n|faint|p2b: Tyranitar\n|\n|-weather|Sandstorm|[upkeep]\n|-damage|p1b: Whimsicott|8/100|[from] Sandstorm\n|upkeep\n|turn|11\n|\n|t:|1776736267\n|move|p2a: Aegislash|King's Shield|p2a: Aegislash\n|-singleturn|p2a: Aegislash|Protect\n|move|p1b: Whimsicott|Taunt|p2a: Aegislash\n|-start|p2a: Aegislash|move: Taunt\n|move|p1a: Garchomp|Earthquake|p2a: Aegislash|[spread] p1b\n|-activate|p2a: Aegislash|move: Protect\n|-resisted|p1b: Whimsicott|1\n|-damage|p1b: Whimsicott|0 fnt\n|faint|p1b: Whimsicott\n|\n|-weather|Sandstorm|[upkeep]\n|upkeep\n|turn|12\n|c|\u2606abr202|GG\n|\n|t:|1776736278\n|move|p1a: Garchomp|Earthquake|p2a: Aegislash\n|-supereffective|p2a: Aegislash|1\n|-damage|p2a: Aegislash|7/100\n|-activate|p2a: Aegislash|move: Struggle\n|-formechange|p2a: Aegislash|Aegislash-Blade|\n|move|p2a: Aegislash|Struggle|p1a: Garchomp\n|-damage|p1a: Garchomp|40/100\n|-damage|p2a: Aegislash|0 fnt|[from] recoil\n|faint|p2a: Aegislash\n|\n|win|abr202\n|raw|abr202's rating: 1199 &rarr; <strong>1226</strong><br />(+27 for winning)\n|raw|Pinwuinito's rating: 1221 &rarr; <strong>1194</strong><br />(-27 for losing)\n",
  "uploadtime": 1776736282,
  "views": 11,
  "formatid": "gen9championsvgc2026regma",
  "rating": 1194,
  "private": 0,
  "password": null
}