{
  "id": "gen9championsvgc2026regma-2588582751",
  "format": "[Gen 9 Champions] VGC 2026 Reg M-A",
  "players": [
    "regidragon12138",
    "Hydreigon Indulger"
  ],
  "log": "|j|\u2606regidragon12138\n|j|\u2606Hydreigon Indulger\n|t:|1776647217\n|gametype|doubles\n|player|p1|regidragon12138|cynthia-gen4|1473\n|player|p2|Hydreigon Indulger|n|1399\n|gen|9\n|tier|[Gen 9 Champions] VGC 2026 Reg M-A\n|rated|\n|rule|Species Clause: Limit one of each Pok\u00e9mon\n|rule|Item Clause: Limit 1 of each item\n|clearpoke\n|poke|p1|Kangaskhan, L50, F|\n|poke|p1|Talonflame, L50, M|\n|poke|p1|Sinistcha-Masterpiece, L50|\n|poke|p1|Kingambit, L50, F|\n|poke|p1|Garchomp, L50, F|\n|poke|p1|Delphox, L50, F|\n|poke|p2|Delphox, L50, M|\n|poke|p2|Sneasler, L50, F|\n|poke|p2|Kingambit, L50, F|\n|poke|p2|Basculegion, L50, M|\n|poke|p2|Garchomp, L50, M|\n|poke|p2|Whimsicott, L50, F|\n|teampreview|4\n|inactive|Battle timer is ON: inactive players will automatically lose when time's up. (requested by regidragon12138)\n|inactive|regidragon12138 has 60 seconds left.\n|inactive|Hydreigon Indulger has 60 seconds left.\n|inactive|Hydreigon Indulger has 30 seconds left.\n|inactive|Hydreigon Indulger has 20 seconds left.\n|\n|t:|1776647294\n|teamsize|p1|4\n|teamsize|p2|4\n|start\n|switch|p1a: Talonflame|Talonflame, L50, M|100/100\n|switch|p1b: Garchomp|Garchomp, L50, F|100/100\n|switch|p2a: Garchomp|Garchomp, L50, M|100/100\n|switch|p2b: Sneasler|Sneasler, L50, F|100/100\n|turn|1\n|\n|t:|1776647305\n|move|p1a: Talonflame|Protect|p1a: Talonflame\n|-singleturn|p1a: Talonflame|Protect\n|move|p1b: Garchomp|Protect|p1b: Garchomp\n|-singleturn|p1b: Garchomp|Protect\n|move|p2b: Sneasler|Fake Out|p1b: Garchomp\n|-activate|p1b: Garchomp|move: Protect\n|move|p2a: Garchomp|Rock Slide|p1b: Garchomp|[spread] \n|-activate|p1a: Talonflame|move: Protect\n|-activate|p1b: Garchomp|move: Protect\n|\n|upkeep\n|turn|2\n|\n|t:|1776647314\n|move|p2b: Sneasler|Protect|p2b: Sneasler\n|-singleturn|p2b: Sneasler|Protect\n|move|p1a: Talonflame|Tailwind|p1a: Talonflame\n|-sidestart|p1: regidragon12138|move: Tailwind\n|move|p1b: Garchomp|Earthquake|p2b: Sneasler|[spread] p2a\n|-activate|p2b: Sneasler|move: Protect\n|-immune|p1a: Talonflame\n|-damage|p2a: Garchomp|59/100\n|move|p2a: Garchomp|Rock Slide|p1b: Garchomp|[spread] p1a,p1b\n|-supereffective|p1a: Talonflame|2\n|-resisted|p1b: Garchomp|1\n|-damage|p1a: Talonflame|0 fnt\n|-damage|p1b: Garchomp|91/100\n|faint|p1a: Talonflame\n|\n|upkeep\n|\n|t:|1776647325\n|switch|p1a: Kangaskhan|Kangaskhan, L50, F|100/100\n|turn|3\n|\n|t:|1776647340\n|detailschange|p1a: Kangaskhan|Kangaskhan-Mega, L50, F\n|-mega|p1a: Kangaskhan|Kangaskhan|Kangaskhanite\n|move|p1b: Garchomp|Dragon Claw|p2a: Garchomp\n|-supereffective|p2a: Garchomp|1\n|-damage|p2a: Garchomp|0 fnt\n|-damage|p1b: Garchomp|79/100|[from] ability: Rough Skin|[of] p2a: Garchomp\n|faint|p2a: Garchomp\n|move|p1a: Kangaskhan|Double-Edge|p2b: Sneasler\n|-damage|p2b: Sneasler|0 fnt\n|faint|p2b: Sneasler\n|-hitcount|p2: Sneasler|1\n|-damage|p1a: Kangaskhan|75/100|[from] Recoil\n|\n|upkeep\n|\n|t:|1776647346\n|switch|p2b: Whimsicott|Whimsicott, L50, F|100/100\n|switch|p2a: Delphox|Delphox, L50, M|100/100\n|turn|4\n|\n|t:|1776647357\n|detailschange|p2a: Delphox|Delphox-Mega, L50, M\n|-mega|p2a: Delphox|Delphox|Delphoxite\n|move|p2b: Whimsicott|Tailwind|p2b: Whimsicott\n|-sidestart|p2: Hydreigon Indulger|move: Tailwind\n|move|p2a: Delphox|Encore|p1a: Kangaskhan\n|-start|p1a: Kangaskhan|Encore\n|move|p1b: Garchomp|Stomping Tantrum|p2a: Delphox\n|-immune|p2a: Delphox|[from] ability: Levitate\n|move|p1a: Kangaskhan|Double-Edge|p2b: Whimsicott\n|-damage|p2b: Whimsicott|8/100\n|-damage|p2b: Whimsicott|0 fnt\n|faint|p2b: Whimsicott\n|-hitcount|p2: Whimsicott|2\n|-damage|p1a: Kangaskhan|52/100|[from] Recoil\n|\n|upkeep\n|turn|5\n|\n|t:|1776647374\n|move|p2a: Delphox|Heat Wave|p1a: Kangaskhan|[spread] \n|-miss|p2a: Delphox|p1a: Kangaskhan\n|-miss|p2a: Delphox|p1b: Garchomp\n|move|p1b: Garchomp|Dragon Claw|p2a: Delphox\n|-damage|p2a: Delphox|41/100\n|move|p1a: Kangaskhan|Double-Edge|p2a: Delphox\n|-damage|p2a: Delphox|0 fnt\n|faint|p2a: Delphox\n|-hitcount|p2: Delphox|1\n|-damage|p1a: Kangaskhan|43/100|[from] Recoil\n|\n|win|regidragon12138\n|raw|regidragon12138's rating: 1473 &rarr; <strong>1489</strong><br />(+16 for winning)\n|raw|Hydreigon Indulger's rating: 1399 &rarr; <strong>1383</strong><br />(-16 for losing)\n",
  "uploadtime": 1776647379,
  "views": 9,
  "formatid": "gen9championsvgc2026regma",
  "rating": 1383,
  "private": 0,
  "password": null
}