{
  "id": "gen9championsvgc2026regma-2587018495",
  "format": "[Gen 9 Champions] VGC 2026 Reg M-A",
  "players": [
    "Senpai_1987",
    "dogethenoob"
  ],
  "log": "|j|\u2606Senpai_1987\n|j|\u2606dogethenoob\n|t:|1776481772\n|gametype|doubles\n|player|p1|Senpai_1987|aromalady|1336\n|player|p2|dogethenoob|burglar-gen1rb|1315\n|gen|9\n|tier|[Gen 9 Champions] VGC 2026 Reg M-A\n|rated|\n|rule|Species Clause: Limit one of each Pok\u00e9mon\n|rule|Item Clause: Limit 1 of each item\n|clearpoke\n|poke|p1|Floette-Eternal, L50, F|\n|poke|p1|Incineroar, L50, M|\n|poke|p1|Pelipper, L50, M|\n|poke|p1|Sneasler, L50, F|\n|poke|p1|Sinistcha, L50|\n|poke|p1|Chesnaught, L50, F|\n|poke|p2|Skarmory, L50, M|\n|poke|p2|Pelipper, L50, F|\n|poke|p2|Garchomp, L50, F|\n|poke|p2|Kingambit, L50, F|\n|poke|p2|Sneasler, L50, M|\n|poke|p2|Palafin, L50, M|\n|teampreview|4\n|inactive|Battle timer is ON: inactive players will automatically lose when time's up. (requested by Senpai_1987)\n|inactive|dogethenoob has 60 seconds left.\n|\n|t:|1776481834\n|teamsize|p1|4\n|teamsize|p2|4\n|start\n|switch|p1a: Moonchild|Floette-Eternal, L50, F, shiny|100/100\n|switch|p1b: The Story Is True|Chesnaught, L50, F, shiny|100/100\n|switch|p2a: Skarmory|Skarmory, L50, M|100/100\n|switch|p2b: Garchomp|Garchomp, L50, F|100/100\n|turn|1\n|inactive|dogethenoob has 30 seconds left.\n|\n|t:|1776481861\n|detailschange|p2a: Skarmory|Skarmory-Mega, L50, M\n|-mega|p2a: Skarmory|Skarmory|Skarmorite\n|move|p2b: Garchomp|Protect|p2b: Garchomp\n|-singleturn|p2b: Garchomp|Protect\n|move|p1a: Moonchild|Protect|p1a: Moonchild\n|-singleturn|p1a: Moonchild|Protect\n|move|p2a: Skarmory|Iron Head|p1a: Moonchild\n|-activate|p1a: Moonchild|move: Protect\n|move|p1b: The Story Is True|Iron Defense|p1b: The Story Is True\n|-boost|p1b: The Story Is True|def|2\n|\n|upkeep\n|turn|2\n|inactive|Senpai_1987 has 30 seconds left.\n|inactive|dogethenoob has 30 seconds left.\n|\n|t:|1776481898\n|switch|p2b: Pelipper|Pelipper, L50, F|100/100\n|-weather|RainDance|[from] ability: Drizzle|[of] p2b: Pelipper\n|switch|p1a: Woh Oh Oh Oh|Incineroar, L50, M|100/100\n|-ability|p1a: Woh Oh Oh Oh|Intimidate|boost\n|-unboost|p2a: Skarmory|atk|1\n|-unboost|p2b: Pelipper|atk|1\n|detailschange|p1b: The Story Is True|Chesnaught-Mega, L50, F, shiny\n|-mega|p1b: The Story Is True|Chesnaught|Chesnaughtite\n|move|p2a: Skarmory|Brave Bird|p1b: The Story Is True\n|-supereffective|p1b: The Story Is True|2\n|-damage|p1b: The Story Is True|51/100\n|-damage|p2a: Skarmory|78/100|[from] Recoil\n|move|p1b: The Story Is True|Iron Defense|p1b: The Story Is True\n|-boost|p1b: The Story Is True|def|2\n|\n|-weather|RainDance|[upkeep]\n|upkeep\n|turn|3\n|inactive|Senpai_1987 has 30 seconds left.\n|\n|t:|1776481932\n|move|p2a: Skarmory|Protect|p2a: Skarmory\n|-singleturn|p2a: Skarmory|Protect\n|move|p2b: Pelipper|Protect|p2b: Pelipper\n|-singleturn|p2b: Pelipper|Protect\n|move|p1a: Woh Oh Oh Oh|Fake Out|p2b: Pelipper\n|-activate|p2b: Pelipper|move: Protect\n|move|p1b: The Story Is True|Body Press|p2a: Skarmory\n|-activate|p2a: Skarmory|move: Protect\n|\n|-weather|RainDance|[upkeep]\n|upkeep\n|turn|4\n|inactive|Senpai_1987 has 30 seconds left.\n|\n|t:|1776481964\n|switch|p1a: Number 10|Sinistcha, L50, shiny|100/100\n|-heal|p1b: The Story Is True|76/100|[from] ability: Hospitality|[of] p1a: Number 10\n|move|p2a: Skarmory|Feint|p1b: The Story Is True\n|-damage|p1b: The Story Is True|74/100\n|move|p2b: Pelipper|Hurricane|p1b: The Story Is True\n|-supereffective|p1b: The Story Is True|2\n|-damage|p1b: The Story Is True|0 fnt\n|faint|p1b: The Story Is True\n|\n|-weather|RainDance|[upkeep]\n|upkeep\n|\n|t:|1776481974\n|switch|p1b: Woh Oh Oh Oh|Incineroar, L50, M|100/100\n|-ability|p1b: Woh Oh Oh Oh|Intimidate|boost\n|-unboost|p2a: Skarmory|atk|1\n|-unboost|p2b: Pelipper|atk|1\n|turn|5\n|\n|t:|1776481989\n|switch|p2a: Garchomp|Garchomp, L50, F|100/100\n|move|p2b: Pelipper|Protect|p2b: Pelipper\n|-singleturn|p2b: Pelipper|Protect\n|move|p1b: Woh Oh Oh Oh|Parting Shot|p2b: Pelipper\n|-activate|p2b: Pelipper|move: Protect\n|move|p1a: Number 10|Trick Room|p1a: Number 10\n|-fieldstart|move: Trick Room|[of] p1a: Number 10\n|\n|-weather|RainDance|[upkeep]\n|upkeep\n|turn|6\n|\n|t:|1776482009\n|switch|p2a: Skarmory|Skarmory-Mega, L50, M|78/100\n|move|p1b: Woh Oh Oh Oh|Throat Chop|p2b: Pelipper\n|-damage|p2b: Pelipper|56/100\n|-start|p2b: Pelipper|Throat Chop|[silent]\n|move|p1a: Number 10|Matcha Gotcha|p2a: Skarmory|[spread] p2a,p2b\n|-resisted|p2a: Skarmory|2\n|-damage|p2a: Skarmory|70/100\n|-damage|p2b: Pelipper|17/100\n|move|p2b: Pelipper|Hurricane|p1a: Number 10\n|-supereffective|p1a: Number 10|1\n|-damage|p1a: Number 10|2/100\n|\n|-weather|none\n|upkeep\n|turn|7\n|\n|t:|1776482032\n|switch|p1b: Moonchild|Floette-Eternal, L50, F, shiny|100/100\n|switch|p2b: Garchomp|Garchomp, L50, F|100/100\n|move|p2a: Skarmory|Protect|p2a: Skarmory\n|-singleturn|p2a: Skarmory|Protect\n|move|p1a: Number 10|Rage Powder|p1a: Number 10\n|-singleturn|p1a: Number 10|move: Rage Powder\n|\n|upkeep\n|turn|8\n|\n|t:|1776482053\n|switch|p1a: Woh Oh Oh Oh|Incineroar, L50, M|100/100\n|-ability|p1a: Woh Oh Oh Oh|Intimidate|boost\n|-unboost|p2a: Skarmory|atk|1\n|-unboost|p2b: Garchomp|atk|1\n|move|p1b: Moonchild|Protect|p1b: Moonchild\n|-singleturn|p1b: Moonchild|Protect\n|move|p2b: Garchomp|Earthquake|p1a: Woh Oh Oh Oh|[spread] p1a\n|-activate|p1b: Moonchild|move: Protect\n|-immune|p2a: Skarmory\n|-supereffective|p1a: Woh Oh Oh Oh|1\n|-damage|p1a: Woh Oh Oh Oh|52/100\n|move|p2a: Skarmory|Iron Head|p1b: Moonchild\n|-activate|p1b: Moonchild|move: Protect\n|\n|upkeep\n|turn|9\n|\n|t:|1776482074\n|move|p2b: Garchomp|Protect|p2b: Garchomp\n|-singleturn|p2b: Garchomp|Protect\n|move|p1a: Woh Oh Oh Oh|Fake Out|p2a: Skarmory\n|-resisted|p2a: Skarmory|1\n|-damage|p2a: Skarmory|63/100\n|move|p1b: Moonchild|Dazzling Gleam|p2b: Garchomp|[spread] p2a\n|-activate|p2b: Garchomp|move: Protect\n|-resisted|p2a: Skarmory|1\n|-damage|p2a: Skarmory|41/100\n|cant|p2a: Skarmory|flinch\n|\n|-fieldend|move: Trick Room\n|upkeep\n|turn|10\n|\n|t:|1776482096\n|switch|p1b: Number 10|Sinistcha, L50, shiny|2/100\n|-heal|p1a: Woh Oh Oh Oh|77/100|[from] ability: Hospitality|[of] p1b: Number 10\n|move|p2a: Skarmory|Iron Head|p1b: Number 10\n|-damage|p1b: Number 10|0 fnt\n|faint|p1b: Number 10\n|move|p2b: Garchomp|Earthquake|p1a: Woh Oh Oh Oh|[spread] p1a\n|-immune|p2a: Skarmory\n|-supereffective|p1a: Woh Oh Oh Oh|1\n|-damage|p1a: Woh Oh Oh Oh|34/100\n|-enditem|p1a: Woh Oh Oh Oh|Sitrus Berry|[eat]\n|-heal|p1a: Woh Oh Oh Oh|59/100|[from] item: Sitrus Berry\n|move|p1a: Woh Oh Oh Oh|Parting Shot|p2b: Garchomp\n|-unboost|p2b: Garchomp|atk|1\n|-unboost|p2b: Garchomp|spa|1\n|\n|t:|1776482107\n|switch|p1a: Moonchild|Floette-Eternal, L50, F, shiny|100/100|[from] Parting Shot\n|\n|upkeep\n|\n|t:|1776482108\n|switch|p1b: Woh Oh Oh Oh|Incineroar, L50, M|59/100\n|-ability|p1b: Woh Oh Oh Oh|Intimidate|boost\n|-unboost|p2a: Skarmory|atk|1\n|-unboost|p2b: Garchomp|atk|1\n|turn|11\n|\n|t:|1776482122\n|switch|p2a: Pelipper|Pelipper, L50, F|17/100\n|-weather|RainDance|[from] ability: Drizzle|[of] p2a: Pelipper\n|move|p2b: Garchomp|Protect|p2b: Garchomp\n|-singleturn|p2b: Garchomp|Protect\n|move|p1a: Moonchild|Calm Mind|p1a: Moonchild\n|-boost|p1a: Moonchild|spa|1\n|-boost|p1a: Moonchild|spd|1\n|move|p1b: Woh Oh Oh Oh|Throat Chop|p2a: Pelipper\n|-damage|p2a: Pelipper|0 fnt\n|faint|p2a: Pelipper\n|\n|-weather|RainDance|[upkeep]\n|upkeep\n|\n|t:|1776482136\n|switch|p2a: Sneasler|Sneasler, L50, M|100/100\n|turn|12\n|\n|t:|1776482145\n|switch|p2b: Skarmory|Skarmory-Mega, L50, M|41/100\n|move|p1b: Woh Oh Oh Oh|Protect|p1b: Woh Oh Oh Oh\n|-singleturn|p1b: Woh Oh Oh Oh|Protect\n|move|p2a: Sneasler|Close Combat|p1b: Woh Oh Oh Oh\n|-activate|p1b: Woh Oh Oh Oh|move: Protect\n|move|p1a: Moonchild|Dazzling Gleam|p2b: Skarmory|[spread] p2a,p2b\n|-crit|p2a: Sneasler\n|-resisted|p2b: Skarmory|1\n|-damage|p2a: Sneasler|0 fnt\n|-damage|p2b: Skarmory|9/100\n|faint|p2a: Sneasler\n|\n|-weather|RainDance|[upkeep]\n|upkeep\n|\n|t:|1776482154\n|switch|p2a: Garchomp|Garchomp, L50, F|100/100\n|turn|13\n|\n|t:|1776482165\n|move|p1a: Moonchild|Protect|p1a: Moonchild\n|-singleturn|p1a: Moonchild|Protect\n|move|p2b: Skarmory|Iron Head|p1a: Moonchild\n|-activate|p1a: Moonchild|move: Protect\n|move|p2a: Garchomp|Rock Slide|p1a: Moonchild|[spread] p1b\n|-activate|p1a: Moonchild|move: Protect\n|-supereffective|p1b: Woh Oh Oh Oh|1\n|-damage|p1b: Woh Oh Oh Oh|27/100\n|move|p1b: Woh Oh Oh Oh|Throat Chop|p2b: Skarmory\n|-damage|p2b: Skarmory|0 fnt\n|faint|p2b: Skarmory\n|\n|-weather|RainDance|[upkeep]\n|upkeep\n|turn|14\n|\n|t:|1776482175\n|move|p2a: Garchomp|Rock Slide|p1b: Woh Oh Oh Oh|[spread] p1a,p1b\n|-supereffective|p1b: Woh Oh Oh Oh|1\n|-crit|p1b: Woh Oh Oh Oh\n|-damage|p1a: Moonchild|73/100\n|-damage|p1b: Woh Oh Oh Oh|0 fnt\n|faint|p1b: Woh Oh Oh Oh\n|move|p1a: Moonchild|Moonblast|p2a: Garchomp\n|-supereffective|p2a: Garchomp|1\n|-damage|p2a: Garchomp|0 fnt\n|faint|p2a: Garchomp\n|\n|win|Senpai_1987\n|raw|Senpai_1987's rating: 1336 &rarr; <strong>1355</strong><br />(+19 for winning)\n|raw|dogethenoob's rating: 1315 &rarr; <strong>1296</strong><br />(-19 for losing)\n",
  "uploadtime": 1776482187,
  "views": 24,
  "formatid": "gen9championsvgc2026regma",
  "rating": 1296,
  "private": 0,
  "password": null
}