{
  "id": "gen9championsvgc2026regma-2588065027",
  "format": "[Gen 9 Champions] VGC 2026 Reg M-A",
  "players": [
    "test123vgc456",
    "Croking"
  ],
  "log": "|j|\u2606test123vgc456\n|j|\u2606Croking\n|t:|1776600067\n|gametype|doubles\n|player|p1|test123vgc456|266|1290\n|player|p2|Croking|266|1231\n|gen|9\n|tier|[Gen 9 Champions] VGC 2026 Reg M-A\n|rated|\n|rule|Species Clause: Limit one of each Pok\u00e9mon\n|rule|Item Clause: Limit 1 of each item\n|clearpoke\n|poke|p1|Delphox, L50, F|\n|poke|p1|Sneasler, L50, M|\n|poke|p1|Pelipper, L50, M|\n|poke|p1|Basculegion, L50, M|\n|poke|p1|Dragonite, L50, F|\n|poke|p1|Kingambit, L50, M|\n|poke|p2|Tyranitar, L50, F|\n|poke|p2|Meganium, L50, M|\n|poke|p2|Incineroar, L50, F|\n|poke|p2|Aerodactyl, L50, F|\n|poke|p2|Milotic, L50, F|\n|poke|p2|Aegislash, L50, F|\n|teampreview|4\n|c|\u2606test123vgc456|Glhf\n|inactive|Battle timer is ON: inactive players will automatically lose when time's up. (requested by Croking)\n|c|\u2606Croking|glhf\n|inactive|test123vgc456 has 60 seconds left.\n|inactive|test123vgc456 has 30 seconds left.\n|\n|t:|1776600145\n|teamsize|p1|4\n|teamsize|p2|4\n|start\n|switch|p1a: Kingambit|Kingambit, L50, M|100/100\n|switch|p1b: Basculegion|Basculegion, L50, M|100/100\n|switch|p2a: Aerodactyl|Aerodactyl, L50, F|100/100\n|switch|p2b: Tyranitar|Tyranitar, L50, F|100/100\n|-ability|p2a: Aerodactyl|Unnerve\n|-weather|Sandstorm|[from] ability: Sand Stream|[of] p2b: Tyranitar\n|turn|1\n|inactive|Croking has 30 seconds left.\n|\n|t:|1776600178\n|move|p1b: Basculegion|Flip Turn|p2a: Aerodactyl\n|-supereffective|p2a: Aerodactyl|1\n|-enditem|p2a: Aerodactyl|Focus Sash\n|-damage|p2a: Aerodactyl|1/100\n|\n|t:|1776600183\n|switch|p1b: Pelipper|Pelipper, L50, M|100/100|[from] Flip Turn\n|-weather|RainDance|[from] ability: Drizzle|[of] p1b: Pelipper\n|move|p2a: Aerodactyl|Tailwind|p2a: Aerodactyl\n|-sidestart|p2: Croking|move: Tailwind\n|move|p2b: Tyranitar|Crunch|p1b: Pelipper\n|-crit|p1b: Pelipper\n|-damage|p1b: Pelipper|13/100\n|move|p1a: Kingambit|Low Kick|p2b: Tyranitar\n|-supereffective|p2b: Tyranitar|2\n|-damage|p2b: Tyranitar|0 fnt\n|faint|p2b: Tyranitar\n|\n|-weather|RainDance|[upkeep]\n|upkeep\n|\n|t:|1776600193\n|switch|p2b: Milotic|Milotic, L50, F|100/100\n|turn|2\n|\n|t:|1776600210\n|move|p1a: Kingambit|Protect|p1a: Kingambit\n|-singleturn|p1a: Kingambit|Protect\n|move|p2a: Aerodactyl|Rock Slide|p1a: Kingambit|[spread] p1b\n|-activate|p1a: Kingambit|move: Protect\n|-supereffective|p1b: Pelipper|1\n|-damage|p1b: Pelipper|0 fnt\n|faint|p1b: Pelipper\n|move|p2b: Milotic|Scald|p1a: Kingambit\n|-activate|p1a: Kingambit|move: Protect\n|\n|-weather|RainDance|[upkeep]\n|upkeep\n|\n|t:|1776600223\n|switch|p1b: Basculegion|Basculegion, L50, M|100/100\n|turn|3\n|\n|t:|1776600245\n|move|p2a: Aerodactyl|Protect|p2a: Aerodactyl\n|-singleturn|p2a: Aerodactyl|Protect\n|move|p1a: Kingambit|Sucker Punch||[still]\n|-fail|p1a: Kingambit\n|move|p1b: Basculegion|Last Respects|p2b: Milotic\n|-damage|p2b: Milotic|60/100\n|move|p2b: Milotic|Scald|p1a: Kingambit\n|-damage|p1a: Kingambit|58/100\n|\n|-weather|RainDance|[upkeep]\n|-heal|p2b: Milotic|66/100|[from] item: Leftovers\n|upkeep\n|turn|4\n|\n|t:|1776600265\n|switch|p2a: Aegislash|Aegislash, L50, F|100/100\n|move|p1a: Kingambit|Sucker Punch|p2b: Milotic\n|-damage|p2b: Milotic|34/100\n|move|p1b: Basculegion|Last Respects|p2b: Milotic\n|-damage|p2b: Milotic|0 fnt\n|faint|p2b: Milotic\n|\n|-weather|RainDance|[upkeep]\n|-sideend|p2: Croking|move: Tailwind\n|upkeep\n|\n|t:|1776600271\n|switch|p2b: Aerodactyl|Aerodactyl, L50, F|1/100\n|-ability|p2b: Aerodactyl|Unnerve\n|turn|5\n|\n|t:|1776600280\n|move|p1a: Kingambit|Sucker Punch|p2a: Aegislash\n|-supereffective|p2a: Aegislash|1\n|-damage|p2a: Aegislash|42/100\n|move|p1b: Basculegion|Last Respects|p2b: Aerodactyl\n|-damage|p2b: Aerodactyl|0 fnt\n|faint|p2b: Aerodactyl\n|-formechange|p2a: Aegislash|Aegislash-Blade|\n|move|p2a: Aegislash|Sacred Sword|p1a: Kingambit\n|-supereffective|p1a: Kingambit|2\n|-enditem|p1a: Kingambit|Chople Berry|[eat]\n|-enditem|p1a: Kingambit|Chople Berry|[weaken]\n|-damage|p1a: Kingambit|14/100\n|\n|-weather|none\n|upkeep\n|turn|6\n|-message|Croking forfeited.\n|\n|win|test123vgc456\n|raw|test123vgc456's rating: 1290 &rarr; <strong>1311</strong><br />(+21 for winning)\n|raw|Croking's rating: 1231 &rarr; <strong>1210</strong><br />(-21 for losing)\n|l|\u2606Croking\n|player|p2|\n",
  "uploadtime": 1776600298,
  "views": 14,
  "formatid": "gen9championsvgc2026regma",
  "rating": 1210,
  "private": 0,
  "password": null
}