{
  "id": "gen9championsvgc2026regma-2588421063",
  "format": "[Gen 9 Champions] VGC 2026 Reg M-A",
  "players": [
    "t9g",
    "umbreo589"
  ],
  "log": "|j|\u2606t9g\n|j|\u2606umbreo589\n|t:|1776632073\n|gametype|doubles\n|player|p1|t9g|1|1109\n|player|p2|umbreo589|hilbert|1053\n|gen|9\n|tier|[Gen 9 Champions] VGC 2026 Reg M-A\n|rated|\n|rule|Species Clause: Limit one of each Pok\u00e9mon\n|rule|Item Clause: Limit 1 of each item\n|clearpoke\n|poke|p1|Dragapult, L50, M|\n|poke|p1|Clefable, L50, M|\n|poke|p1|Garchomp, L50, F|\n|poke|p1|Rotom-Wash, L50|\n|poke|p1|Incineroar, L50, M|\n|poke|p1|Whimsicott, L50, F|\n|poke|p2|Pelipper, L50, M|\n|poke|p2|Archaludon, L50, M|\n|poke|p2|Dragonite, L50, M, shiny|\n|poke|p2|Lucario, L50, M, shiny|\n|poke|p2|Basculegion, L50, M|\n|poke|p2|Sylveon, L50, F, shiny|\n|teampreview|4\nt9g rejected open team sheets.\n|inactive|Battle timer is ON: inactive players will automatically lose when time's up. (requested by t9g)\n|inactive|umbreo589 has 60 seconds left.\n|\n|t:|1776632132\n|teamsize|p1|4\n|teamsize|p2|4\n|start\n|switch|p1a: Whimsicott|Whimsicott, L50, F|100/100\n|switch|p1b: Dragapult|Dragapult, L50, M|100/100\n|switch|p2a: Sylveon|Sylveon, L50, F, shiny|100/100\n|switch|p2b: Basculegion|Basculegion, L50, M|100/100\n|turn|1\n|\n|t:|1776632152\n|switch|p2b: Pelipper|Pelipper, L50, M|100/100\n|-weather|RainDance|[from] ability: Drizzle|[of] p2b: Pelipper\n|move|p1a: Whimsicott|Tailwind|p1a: Whimsicott\n|-sidestart|p1: t9g|move: Tailwind\n|move|p1b: Dragapult|Phantom Force||[still]\n|-prepare|p1b: Dragapult|Phantom Force\n|move|p2a: Sylveon|Hyper Voice|p1b: Dragapult|[spread] p1a\n|-miss|p2a: Sylveon|p1b: Dragapult\n|-damage|p1a: Whimsicott|27/100\n|\n|-weather|RainDance|[upkeep]\n|upkeep\n|turn|2\n|\n|t:|1776632172\n|move|p1b: Dragapult|Phantom Force|p2b: Pelipper|[from] lockedmove\n|-damage|p2b: Pelipper|33/100\n|move|p1a: Whimsicott|Hurricane|p2b: Pelipper\n|-damage|p2b: Pelipper|0 fnt\n|faint|p2b: Pelipper\n|move|p2a: Sylveon|Hyper Voice|p1a: Whimsicott|[spread] p1a,p1b\n|-supereffective|p1b: Dragapult|1\n|-damage|p1a: Whimsicott|0 fnt\n|-damage|p1b: Dragapult|0 fnt\n|faint|p1a: Whimsicott\n|faint|p1b: Dragapult\n|\n|-weather|RainDance|[upkeep]\n|upkeep\n|\n|t:|1776632184\n|switch|p1b: Clefable|Clefable, L50, M|100/100\n|switch|p1a: Rotom|Rotom-Wash, L50|100/100\n|switch|p2b: Archaludon|Archaludon, L50, M|100/100\n|turn|3\n|\n|t:|1776632206\n|detailschange|p1b: Clefable|Clefable-Mega, L50, M\n|-mega|p1b: Clefable|Clefable|Clefablite\n|move|p1a: Rotom|Hydro Pump|p2a: Sylveon\n|-damage|p2a: Sylveon|50/100\n|move|p1b: Clefable|Thunderbolt|p2a: Sylveon\n|-damage|p2a: Sylveon|27/100\n|move|p2b: Archaludon|Flash Cannon|p1b: Clefable\n|-supereffective|p1b: Clefable|1\n|-damage|p1b: Clefable|47/100\n|move|p2a: Sylveon|Hyper Voice|p1b: Clefable|[spread] p1a,p1b\n|-damage|p1a: Rotom|44/100\n|-damage|p1b: Clefable|10/100\n|\n|-weather|RainDance|[upkeep]\n|upkeep\n|turn|4\n|inactive|umbreo589 has 30 seconds left.\n|\n|t:|1776632234\n|move|p2a: Sylveon|Quick Attack|p1b: Clefable\n|-damage|p1b: Clefable|0 fnt\n|faint|p1b: Clefable\n|move|p1a: Rotom|Hydro Pump|p2a: Sylveon\n|-damage|p2a: Sylveon|0 fnt\n|faint|p2a: Sylveon\n|move|p2b: Archaludon|Snarl|p1a: Rotom\n|-damage|p1a: Rotom|22/100\n|-unboost|p1a: Rotom|spa|1\n|\n|-weather|RainDance|[upkeep]\n|-sideend|p1: t9g|move: Tailwind\n|upkeep\n|\n|t:|1776632241\n|switch|p2a: Basculegion|Basculegion, L50, M|100/100\n|turn|5\n|\n|t:|1776632247\n|move|p2a: Basculegion|Protect|p2a: Basculegion\n|-singleturn|p2a: Basculegion|Protect\n|move|p1a: Rotom|Discharge|p2b: Archaludon|[spread] p2b\n|-activate|p2a: Basculegion|move: Protect\n|-resisted|p2b: Archaludon|1\n|-damage|p2b: Archaludon|91/100\n|-ability|p2b: Archaludon|Stamina|boost\n|-boost|p2b: Archaludon|def|1\n|move|p2b: Archaludon|Dragon Pulse|p1a: Rotom\n|-damage|p1a: Rotom|0 fnt\n|faint|p1a: Rotom\n|\n|win|umbreo589\n|raw|t9g's rating: 1109 &rarr; <strong>1080</strong><br />(-29 for losing)\n|raw|umbreo589's rating: 1053 &rarr; <strong>1090</strong><br />(+37 for winning)\n|l|\u2606t9g\n|player|p1|\n",
  "uploadtime": 1776632272,
  "views": 15,
  "formatid": "gen9championsvgc2026regma",
  "rating": 1080,
  "private": 0,
  "password": null
}