{
  "id": "gen9championsvgc2026regma-2584540576",
  "format": "[Gen 9 Champions] VGC 2026 Reg M-A",
  "players": [
    "JasmineThia",
    "terraria wyvern"
  ],
  "log": "|j|\u2606JasmineThia\n|j|\u2606terraria wyvern\n|t:|1776267540\n|gametype|doubles\n|player|p1|JasmineThia|selene-masters2|1165\n|player|p2|terraria wyvern|harlequin|1066\n|gen|9\n|tier|[Gen 9 Champions] VGC 2026 Reg M-A\n|rated|\n|rule|Species Clause: Limit one of each Pok\u00e9mon\n|rule|Item Clause: Limit 1 of each item\n|clearpoke\n|poke|p1|Chandelure, L50, F|\n|poke|p1|Talonflame, L50, M|\n|poke|p1|Quaquaval, L50, M|\n|poke|p1|Kangaskhan, L50, F|\n|poke|p1|Glimmora, L50, M|\n|poke|p1|Rotom-Mow, L50|\n|poke|p2|Alcremie-Matcha-Cream, L50, F|\n|poke|p2|Whimsicott, L50, M|\n|poke|p2|Starmie, L50|\n|poke|p2|Incineroar, L50, M|\n|poke|p2|Dragapult, L50, M|\n|poke|p2|Alakazam, L50, M|\n|teampreview|4\n|inactive|Battle timer is ON: inactive players will automatically lose when time's up. (requested by JasmineThia)\n|\n|t:|1776267559\n|teamsize|p1|4\n|teamsize|p2|4\n|start\n|switch|p1a: Quaquaval|Quaquaval, L50, M|100/100\n|switch|p1b: Rotom|Rotom-Mow, L50|100/100\n|switch|p2a: Potential strat 2|Dragapult, L50, M|100/100\n|switch|p2b: Potential strat 1|Starmie, L50|100/100\n|turn|1\n|\n|t:|1776267573\n|detailschange|p2b: Potential strat 1|Starmie-Mega, L50\n|-mega|p2b: Potential strat 1|Starmie|Starminite\n|move|p1b: Rotom|Leaf Storm|p2b: Potential strat 1|[miss]\n|-miss|p1b: Rotom|p2b: Potential strat 1\n|move|p2a: Potential strat 2|Dragon Dance|p2a: Potential strat 2\n|-boost|p2a: Potential strat 2|atk|1\n|-boost|p2a: Potential strat 2|spe|1\n|move|p2b: Potential strat 1|Skill Swap|p2a: Potential strat 2\n|-activate|p2b: Potential strat 1|Skill Swap|||[of] p2a: Potential strat 2\n|move|p1a: Quaquaval|Aqua Step|p2a: Potential strat 2\n|-resisted|p2a: Potential strat 2|1\n|-damage|p2a: Potential strat 2|71/100\n|-boost|p1a: Quaquaval|spe|1\n|\n|upkeep\n|turn|2\n|\n|t:|1776267595\n|move|p2a: Potential strat 2|Phantom Force||[still]\n|-prepare|p2a: Potential strat 2|Phantom Force\n|move|p1b: Rotom|Leaf Storm|p2b: Potential strat 1\n|-supereffective|p2b: Potential strat 1|1\n|-damage|p2b: Potential strat 1|0 fnt\n|-unboost|p1b: Rotom|spa|2\n|faint|p2b: Potential strat 1\n|move|p1a: Quaquaval|Aqua Step|p2a: Potential strat 2|[miss]\n|-miss|p1a: Quaquaval|p2a: Potential strat 2\n|\n|upkeep\n|\n|t:|1776267607\n|switch|p2b: Jeffrey-nyan|Incineroar, L50, M|100/100\n|-ability|p2b: Jeffrey-nyan|Intimidate|boost\n|-unboost|p1a: Quaquaval|atk|1\n|-unboost|p1b: Rotom|atk|1\n|-enditem|p1a: Quaquaval|White Herb\n|-clearnegativeboost|p1a: Quaquaval|[silent]\n|turn|3\n|\n|t:|1776267616\n|switch|p1b: Kangaskhan|Kangaskhan, L50, F|100/100\n|move|p1a: Quaquaval|Upper Hand|p2b: Jeffrey-nyan\n|-supereffective|p2b: Jeffrey-nyan|1\n|-damage|p2b: Jeffrey-nyan|26/100\n|cant|p2b: Jeffrey-nyan|flinch\n|move|p2a: Potential strat 2|Phantom Force|p1b: Kangaskhan|[from] lockedmove\n|-immune|p1b: Kangaskhan\n|\n|upkeep\n|turn|4\n|\n|t:|1776267639\n|move|p1b: Kangaskhan|Fake Out|p2a: Potential strat 2\n|-damage|p2a: Potential strat 2|51/100\n|cant|p2a: Potential strat 2|flinch\n|move|p1a: Quaquaval|Aqua Step|p2b: Jeffrey-nyan\n|-supereffective|p2b: Jeffrey-nyan|1\n|-damage|p2b: Jeffrey-nyan|0 fnt\n|-boost|p1a: Quaquaval|spe|1\n|faint|p2b: Jeffrey-nyan\n|-ability|p1a: Quaquaval|Moxie|boost\n|-boost|p1a: Quaquaval|atk|1\n|\n|upkeep\n|\n|t:|1776267652\n|switch|p2b: Halo boss|Alakazam, L50, M|100/100\n|turn|5\n|inactive|terraria wyvern has 30 seconds left.\n|\n|t:|1776267681\n|switch|p1b: Rotom|Rotom-Mow, L50|100/100\n|move|p2a: Potential strat 2|Phantom Force||[still]\n|-prepare|p2a: Potential strat 2|Phantom Force\n|move|p1a: Quaquaval|Aqua Step|p2b: Halo boss\n|-damage|p2b: Halo boss|0 fnt\n|-boost|p1a: Quaquaval|spe|1\n|faint|p2b: Halo boss\n|-ability|p1a: Quaquaval|Moxie|boost\n|-boost|p1a: Quaquaval|atk|1\n|\n|upkeep\n|turn|6\n|\n|t:|1776267693\n|move|p1a: Quaquaval|Aqua Step|p2a: Potential strat 2|[miss]\n|-miss|p1a: Quaquaval|p2a: Potential strat 2\n|move|p2a: Potential strat 2|Phantom Force|p1a: Quaquaval|[from] lockedmove\n|-damage|p1a: Quaquaval|0 fnt\n|faint|p1a: Quaquaval\n|move|p1b: Rotom|Volt Switch|p2a: Potential strat 2\n|-resisted|p2a: Potential strat 2|1\n|-damage|p2a: Potential strat 2|29/100\n|\n|t:|1776267696\n|switch|p1b: Kangaskhan|Kangaskhan, L50, F|100/100|[from] Volt Switch\n|\n|upkeep\n|\n|t:|1776267703\n|switch|p1a: Glimmora|Glimmora, L50, M|100/100\n|turn|7\n|\n|t:|1776267712\n|move|p1b: Kangaskhan|Fake Out|p2a: Potential strat 2\n|-crit|p2a: Potential strat 2\n|-damage|p2a: Potential strat 2|0 fnt\n|faint|p2a: Potential strat 2\n|\n|win|JasmineThia\n|raw|JasmineThia's rating: 1165 &rarr; <strong>1183</strong><br />(+18 for winning)\n|raw|terraria wyvern's rating: 1066 &rarr; <strong>1052</strong><br />(-14 for losing)\n",
  "uploadtime": 1776267718,
  "views": 22,
  "formatid": "gen9championsvgc2026regma",
  "rating": 1052,
  "private": 0,
  "password": null
}