{
  "id": "gen9championsvgc2026regma-2582230785",
  "format": "[Gen 9 Champions] VGC 2026 Reg M-A",
  "players": [
    "Tukin005",
    "rajyesh1"
  ],
  "log": "|j|\u2606Tukin005\n|j|\u2606rajyesh1\n|t:|1776073986\n|gametype|doubles\n|player|p1|Tukin005|backpacker|1066\n|player|p2|rajyesh1|lucas|1113\n|gen|9\n|tier|[Gen 9 Champions] VGC 2026 Reg M-A\n|rated|\n|rule|Species Clause: Limit one of each Pok\u00e9mon\n|rule|Item Clause: Limit 1 of each item\n|clearpoke\n|poke|p1|Garchomp, L50, M|\n|poke|p1|Tyranitar, L50, M|\n|poke|p1|Aegislash, L50, F|\n|poke|p1|Aerodactyl, L50, M|\n|poke|p1|Starmie, L50|\n|poke|p1|Rotom-Heat, L50|\n|poke|p2|Charizard, L50, F|\n|poke|p2|Venusaur, L50, M|\n|poke|p2|Garchomp, L50, M|\n|poke|p2|Rotom-Wash, L50|\n|poke|p2|Sneasler, L50, F|\n|poke|p2|Incineroar, L50, F|\n|teampreview|4\n|inactive|Battle timer is ON: inactive players will automatically lose when time's up. (requested by rajyesh1)\n|inactive|Tukin005 also wants the timer to be on.\n|inactive|Tukin005 has 60 seconds left.\n|inactive|rajyesh1 has 60 seconds left.\n|inactive|rajyesh1 has 30 seconds left.\n|\n|t:|1776074056\n|teamsize|p1|4\n|teamsize|p2|4\n|start\n|switch|p1a: Garchomp|Garchomp, L50, M|100/100\n|switch|p1b: Aerodactyl|Aerodactyl, L50, M|100/100\n|switch|p2a: Garchomp|Garchomp, L50, M|100/100\n|switch|p2b: Charizard|Charizard, L50, F|100/100\n|-ability|p1b: Aerodactyl|Unnerve\n|turn|1\n|inactive|rajyesh1 has 30 seconds left.\n|\n|t:|1776074090\n|switch|p2b: Rotom|Rotom-Wash, L50|100/100\n|move|p2a: Garchomp|Rock Slide|p1b: Aerodactyl|[spread] p1b\n|-miss|p2a: Garchomp|p1a: Garchomp\n|-supereffective|p1b: Aerodactyl|1\n|-damage|p1b: Aerodactyl|29/100\n|move|p1b: Aerodactyl|Tailwind|p1b: Aerodactyl\n|-sidestart|p1: Tukin005|move: Tailwind\n|move|p1a: Garchomp|Dragon Claw|p2a: Garchomp\n|-supereffective|p2a: Garchomp|1\n|-damage|p2a: Garchomp|19/100\n|-damage|p1a: Garchomp|88/100|[from] ability: Rough Skin|[of] p2a: Garchomp\n|\n|upkeep\n|turn|2\n|inactive|Tukin005 has 30 seconds left.\n|inactive|rajyesh1 has 30 seconds left.\n|inactive|Tukin005 has 20 seconds left.\n|inactive|rajyesh1 has 20 seconds left.\n|inactive|Tukin005 has 15 seconds left.\n|inactive|rajyesh1 has 15 seconds left.\n|\n|t:|1776074131\n|move|p1b: Aerodactyl|Rock Slide|p2a: Garchomp|[spread] p2a,p2b\n|-resisted|p2a: Garchomp|1\n|-damage|p2a: Garchomp|6/100\n|-damage|p2b: Rotom|78/100\n|move|p1a: Garchomp|Dragon Claw|p2a: Garchomp\n|-supereffective|p2a: Garchomp|1\n|-damage|p2a: Garchomp|0 fnt\n|-damage|p1a: Garchomp|76/100|[from] ability: Rough Skin|[of] p2a: Garchomp\n|faint|p2a: Garchomp\n|move|p2b: Rotom|Will-O-Wisp|p1a: Garchomp\n|-status|p1a: Garchomp|brn\n|\n|-heal|p2b: Rotom|83/100|[from] item: Leftovers\n|-damage|p1a: Garchomp|70/100 brn|[from] brn\n|upkeep\n|\n|t:|1776074146\n|switch|p2a: Sneasler|Sneasler, L50, F|100/100\n|turn|3\n|\n|t:|1776074167\n|move|p1b: Aerodactyl|Protect|p1b: Aerodactyl\n|-singleturn|p1b: Aerodactyl|Protect\n|move|p2a: Sneasler|Fake Out|p1a: Garchomp\n|-damage|p1a: Garchomp|57/100 brn\n|cant|p1a: Garchomp|flinch\n|move|p2b: Rotom|Thunderbolt|p1b: Aerodactyl\n|-activate|p1b: Aerodactyl|move: Protect\n|\n|-heal|p2b: Rotom|89/100|[from] item: Leftovers\n|-damage|p1a: Garchomp|51/100 brn|[from] brn\n|upkeep\n|turn|4\n|\n|t:|1776074190\n|move|p2b: Rotom|Protect|p2b: Rotom\n|-singleturn|p2b: Rotom|Protect\n|move|p1b: Aerodactyl|Dual Wingbeat|p2a: Sneasler\n|-supereffective|p2a: Sneasler|1\n|-damage|p2a: Sneasler|37/100\n|-supereffective|p2a: Sneasler|1\n|-damage|p2a: Sneasler|0 fnt\n|faint|p2a: Sneasler\n|-hitcount|p2: Sneasler|2\n|move|p1a: Garchomp|Earthquake|p2b: Rotom|[spread] \n|-activate|p2b: Rotom|move: Protect\n|-immune|p1b: Aerodactyl\n|\n|-heal|p2b: Rotom|95/100|[from] item: Leftovers\n|-damage|p1a: Garchomp|45/100 brn|[from] brn\n|-sideend|p1: Tukin005|move: Tailwind\n|upkeep\n|\n|t:|1776074199\n|switch|p2a: Charizard|Charizard, L50, F|100/100\n|turn|5\n|\n|t:|1776074217\n|detailschange|p2a: Charizard|Charizard-Mega-Y, L50, F\n|-mega|p2a: Charizard|Charizard|Charizardite Y\n|-weather|SunnyDay|[from] ability: Drought|[of] p2a: Charizard\n|move|p1b: Aerodactyl|Tailwind|p1b: Aerodactyl\n|-sidestart|p1: Tukin005|move: Tailwind\n|move|p1a: Garchomp|Iron Head|p2b: Rotom\n|-resisted|p2b: Rotom|2\n|-damage|p2b: Rotom|92/100\n|move|p2a: Charizard|Heat Wave|p1b: Aerodactyl|[spread] p1a,p1b\n|-resisted|p1a: Garchomp|1\n|-resisted|p1b: Aerodactyl|1\n|-damage|p1a: Garchomp|8/100 brn\n|-damage|p1b: Aerodactyl|0 fnt\n|faint|p1b: Aerodactyl\n|move|p2b: Rotom|Hydro Pump|p1a: Garchomp\n|-damage|p1a: Garchomp|0 fnt\n|faint|p1a: Garchomp\n|\n|-weather|SunnyDay|[upkeep]\n|-heal|p2b: Rotom|98/100|[from] item: Leftovers\n|upkeep\n|\n|t:|1776074239\n|switch|p1b: Starmie|Starmie, L50|100/100\n|switch|p1a: Tyranitar|Tyranitar, L50, M|100/100\n|-weather|Sandstorm|[from] ability: Sand Stream|[of] p1a: Tyranitar\n|turn|6\n|\n|t:|1776074257\n|detailschange|p1b: Starmie|Starmie-Mega, L50\n|-mega|p1b: Starmie|Starmie|Starminite\n|move|p2a: Charizard|Protect|p2a: Charizard\n|-singleturn|p2a: Charizard|Protect\n|move|p1b: Starmie|Skill Swap|p1a: Tyranitar\n|-activate|p1b: Starmie|Skill Swap|||[of] p1a: Tyranitar\n|move|p1a: Tyranitar|Rock Slide|p2b: Rotom|[spread] p2b\n|-activate|p2a: Charizard|move: Protect\n|-damage|p2b: Rotom|44/100\n|move|p2b: Rotom|Will-O-Wisp|p1a: Tyranitar\n|-status|p1a: Tyranitar|brn\n|\n|-weather|Sandstorm|[upkeep]\n|-damage|p1b: Starmie|94/100|[from] Sandstorm\n|-damage|p2a: Charizard|95/100|[from] Sandstorm\n|-damage|p2b: Rotom|38/100|[from] Sandstorm\n|-heal|p2b: Rotom|44/100|[from] item: Leftovers\n|-damage|p1a: Tyranitar|95/100 brn|[from] brn\n|upkeep\n|turn|7\n|inactive|Tukin005 has 30 seconds left.\n|inactive|rajyesh1 has 30 seconds left.\n|inactive|Tukin005 has 20 seconds left.\n|\n|t:|1776074297\n|move|p2b: Rotom|Protect|p2b: Rotom\n|-singleturn|p2b: Rotom|Protect\n|move|p1b: Starmie|Liquidation|p2a: Charizard\n|-supereffective|p2a: Charizard|1\n|-damage|p2a: Charizard|4/100\n|move|p1a: Tyranitar|Rock Slide|p2a: Charizard|[spread] p2a\n|-activate|p2b: Rotom|move: Protect\n|-supereffective|p2a: Charizard|2\n|-damage|p2a: Charizard|0 fnt\n|faint|p2a: Charizard\n|\n|-weather|Sandstorm|[upkeep]\n|-damage|p1b: Starmie|88/100|[from] Sandstorm\n|-damage|p2b: Rotom|38/100|[from] Sandstorm\n|-heal|p2b: Rotom|44/100|[from] item: Leftovers\n|-damage|p1a: Tyranitar|89/100 brn|[from] brn\n|upkeep\n|turn|8\n|-message|rajyesh1 forfeited.\n|\n|win|Tukin005\n|raw|Tukin005's rating: 1066 &rarr; <strong>1100</strong><br />(+34 for winning)\n|raw|rajyesh1's rating: 1113 &rarr; <strong>1085</strong><br />(-28 for losing)\n",
  "uploadtime": 1776074314,
  "views": 15,
  "formatid": "gen9championsvgc2026regma",
  "rating": 1085,
  "private": 0,
  "password": null
}