{
  "id": "gen9championsvgc2026regma-2582782557",
  "format": "[Gen 9 Champions] VGC 2026 Reg M-A",
  "players": [
    "robbilover",
    "vanilla4-4"
  ],
  "log": "|j|\u2606robbilover\n|j|\u2606vanilla4-4\n|t:|1776113759\n|gametype|doubles\n|player|p1|robbilover|scientistf|1292\n|player|p2|vanilla4-4|1|1276\n|gen|9\n|tier|[Gen 9 Champions] VGC 2026 Reg M-A\n|rated|\n|rule|Species Clause: Limit one of each Pok\u00e9mon\n|rule|Item Clause: Limit 1 of each item\n|clearpoke\n|poke|p1|Excadrill, L50, F|\n|poke|p1|Tyranitar, L50, F|\n|poke|p1|Garchomp, L50, F|\n|poke|p1|Corviknight, L50, F|\n|poke|p1|Gyarados, L50, M|\n|poke|p1|Sinistcha, L50|\n|poke|p2|Tyranitar, L50, F|\n|poke|p2|Excadrill, L50, F|\n|poke|p2|Sinistcha, L50|\n|poke|p2|Arcanine, L50, M|\n|poke|p2|Corviknight, L50, F|\n|poke|p2|Sneasler, L50, F|\n|teampreview|4\n|inactive|Battle timer is ON: inactive players will automatically lose when time's up. (requested by vanilla4-4)\n|j| Rck20x\n|inactive|vanilla4-4 has 60 seconds left.\n|\n|t:|1776113798\n|teamsize|p1|4\n|teamsize|p2|4\n|start\n|switch|p1a: mi coraz\u00f3n|Corviknight, L50, F|100/100\n|switch|p1b: mi preciosa|Sinistcha, L50|100/100\n|switch|p2a: Corviknight|Corviknight, L50, F|100/100\n|switch|p2b: Sneasler|Sneasler, L50, F|100/100\n|turn|1\n|\n|t:|1776113810\n|move|p2b: Sneasler|Fake Out|p1a: mi coraz\u00f3n\n|-resisted|p1a: mi coraz\u00f3n|1\n|-damage|p1a: mi coraz\u00f3n|95/100\n|cant|p1a: mi coraz\u00f3n|flinch\n|move|p2a: Corviknight|Brave Bird|p1b: mi preciosa\n|-supereffective|p1b: mi preciosa|1\n|-damage|p1b: mi preciosa|18/100\n|-enditem|p1b: mi preciosa|Sitrus Berry|[eat]\n|-heal|p1b: mi preciosa|43/100|[from] item: Sitrus Berry\n|-damage|p2a: Corviknight|77/100|[from] Recoil\n|move|p1b: mi preciosa|Trick Room|p1b: mi preciosa\n|-fieldstart|move: Trick Room|[of] p1b: mi preciosa\n|\n|-heal|p2a: Corviknight|83/100|[from] item: Leftovers\n|-heal|p1a: mi coraz\u00f3n|100/100|[from] item: Leftovers\n|upkeep\n|turn|2\n|inactive|vanilla4-4 has 30 seconds left.\n|\n|t:|1776113840\n|switch|p1b: mi vida|Gyarados, L50, M|100/100\n|-ability|p1b: mi vida|Intimidate|boost\n|-ability|p2a: Corviknight|Mirror Armor\n|-unboost|p1b: mi vida|atk|1\n|-unboost|p2b: Sneasler|atk|1\n|-enditem|p2b: Sneasler|White Herb\n|-clearnegativeboost|p2b: Sneasler|[silent]\n|switch|p2b: Excadrill|Excadrill, L50, F|100/100\n|move|p2a: Corviknight|Brave Bird|p1b: mi vida\n|-damage|p1b: mi vida|42/100\n|-damage|p2a: Corviknight|65/100|[from] Recoil\n|move|p1a: mi coraz\u00f3n|Brave Bird|p2b: Excadrill\n|-resisted|p2b: Excadrill|1\n|-damage|p2b: Excadrill|72/100\n|-damage|p1a: mi coraz\u00f3n|92/100|[from] Recoil\n|\n|-heal|p2a: Corviknight|71/100|[from] item: Leftovers\n|-heal|p1a: mi coraz\u00f3n|98/100|[from] item: Leftovers\n|upkeep\n|turn|3\n|\n|t:|1776113861\n|move|p2a: Corviknight|Roost|p2a: Corviknight\n|-heal|p2a: Corviknight|100/100\n|-singleturn|p2a: Corviknight|move: Roost\n|move|p1a: mi coraz\u00f3n|Body Press|p2b: Excadrill\n|-supereffective|p2b: Excadrill|1\n|-damage|p2b: Excadrill|4/100\n|move|p1b: mi vida|Thunder Wave|p2a: Corviknight\n|-status|p2a: Corviknight|par\n|move|p2b: Excadrill|Iron Head|p1b: mi vida\n|-resisted|p1b: mi vida|1\n|-crit|p1b: mi vida\n|-damage|p1b: mi vida|0 fnt\n|faint|p1b: mi vida\n|\n|-heal|p1a: mi coraz\u00f3n|100/100|[from] item: Leftovers\n|upkeep\n|\n|t:|1776113877\n|switch|p1b: mi preciosa|Sinistcha, L50|43/100\n|turn|4\n|\n|t:|1776113886\n|move|p2b: Excadrill|Protect|p2b: Excadrill\n|-singleturn|p2b: Excadrill|Protect\n|move|p2a: Corviknight|Brave Bird|p1b: mi preciosa\n|-supereffective|p1b: mi preciosa|1\n|-damage|p1b: mi preciosa|0 fnt\n|faint|p1b: mi preciosa\n|-damage|p2a: Corviknight|88/100 par|[from] Recoil\n|move|p1a: mi coraz\u00f3n|Body Press|p2b: Excadrill\n|-activate|p2b: Excadrill|move: Protect\n|\n|-heal|p2a: Corviknight|94/100 par|[from] item: Leftovers\n|upkeep\n|\n|t:|1776113892\n|switch|p1b: mi amor|Garchomp, L50, F|100/100\n|turn|5\n|inactive|vanilla4-4 has 30 seconds left.\n|\n|t:|1776113921\n|move|p2a: Corviknight|Brave Bird|p1b: mi amor\n|-damage|p1b: mi amor|48/100\n|-damage|p2a: Corviknight|79/100 par|[from] Recoil\n|move|p1a: mi coraz\u00f3n|Brave Bird|p2b: Excadrill\n|-resisted|p2b: Excadrill|1\n|-damage|p2b: Excadrill|0 fnt\n|faint|p2b: Excadrill\n|-damage|p1a: mi coraz\u00f3n|99/100|[from] Recoil\n|move|p1b: mi amor|Rock Slide|p2a: Corviknight\n|-damage|p2a: Corviknight|57/100 par\n|\n|-heal|p2a: Corviknight|63/100 par|[from] item: Leftovers\n|-heal|p1a: mi coraz\u00f3n|100/100|[from] item: Leftovers\n|-fieldend|move: Trick Room\n|upkeep\n|\n|t:|1776113932\n|switch|p2b: Sinistcha|Sinistcha, L50|100/100\n|-heal|p2a: Corviknight|88/100 par|[from] ability: Hospitality|[of] p2b: Sinistcha\n|turn|6\n|\n|t:|1776113940\n|move|p1b: mi amor|Protect|p1b: mi amor\n|-singleturn|p1b: mi amor|Protect\n|move|p2b: Sinistcha|Protect|p2b: Sinistcha\n|-singleturn|p2b: Sinistcha|Protect\n|move|p1a: mi coraz\u00f3n|Brave Bird|p2b: Sinistcha\n|-activate|p2b: Sinistcha|move: Protect\n|move|p2a: Corviknight|Brave Bird|p1b: mi amor\n|-activate|p1b: mi amor|move: Protect\n|\n|-heal|p2a: Corviknight|94/100 par|[from] item: Leftovers\n|upkeep\n|turn|7\n|\n|t:|1776113952\n|move|p1b: mi amor|Rock Slide|p2b: Sinistcha|[spread] p2a,p2b\n|-damage|p2a: Corviknight|79/100 par\n|-damage|p2b: Sinistcha|82/100\n|move|p1a: mi coraz\u00f3n|Brave Bird|p2b: Sinistcha\n|-supereffective|p2b: Sinistcha|1\n|-damage|p2b: Sinistcha|11/100\n|-enditem|p2b: Sinistcha|Sitrus Berry|[eat]\n|-heal|p2b: Sinistcha|36/100|[from] item: Sitrus Berry\n|-damage|p1a: mi coraz\u00f3n|80/100|[from] Recoil\n|cant|p2b: Sinistcha|flinch\n|cant|p2a: Corviknight|par\n|\n|-heal|p1a: mi coraz\u00f3n|86/100|[from] item: Leftovers\n|-heal|p2a: Corviknight|84/100 par|[from] item: Leftovers\n|upkeep\n|turn|8\n|\n|t:|1776113967\n|move|p2b: Sinistcha|Protect|p2b: Sinistcha\n|-singleturn|p2b: Sinistcha|Protect\n|move|p1b: mi amor|Rock Slide|p2a: Corviknight|[spread] p2a\n|-activate|p2b: Sinistcha|move: Protect\n|-damage|p2a: Corviknight|68/100 par\n|move|p1a: mi coraz\u00f3n|Brave Bird|p2b: Sinistcha\n|-activate|p2b: Sinistcha|move: Protect\n|cant|p2a: Corviknight|flinch\n|\n|-heal|p1a: mi coraz\u00f3n|92/100|[from] item: Leftovers\n|-heal|p2a: Corviknight|74/100 par|[from] item: Leftovers\n|upkeep\n|turn|9\n|\n|t:|1776113982\n|move|p1b: mi amor|Protect|p1b: mi amor\n|-singleturn|p1b: mi amor|Protect\n|move|p2b: Sinistcha|Protect||[still]\n|-fail|p2b: Sinistcha\n|move|p1a: mi coraz\u00f3n|Brave Bird|p2b: Sinistcha\n|-supereffective|p2b: Sinistcha|1\n|-crit|p2b: Sinistcha\n|-damage|p2b: Sinistcha|0 fnt\n|faint|p2b: Sinistcha\n|-damage|p1a: mi coraz\u00f3n|81/100|[from] Recoil\n|move|p2a: Corviknight|Brave Bird|p1b: mi amor\n|-activate|p1b: mi amor|move: Protect\n|\n|-heal|p1a: mi coraz\u00f3n|87/100|[from] item: Leftovers\n|-heal|p2a: Corviknight|80/100 par|[from] item: Leftovers\n|upkeep\n|\n|t:|1776113984\n|switch|p2b: Sneasler|Sneasler, L50, F|100/100\n|turn|10\n|\n|t:|1776113993\n|move|p2b: Sneasler|Fake Out|p1a: mi coraz\u00f3n\n|-resisted|p1a: mi coraz\u00f3n|1\n|-damage|p1a: mi coraz\u00f3n|82/100\n|move|p1b: mi amor|Rock Slide|p2a: Corviknight|[spread] p2a,p2b\n|-resisted|p2b: Sneasler|1\n|-damage|p2a: Corviknight|63/100 par\n|-damage|p2b: Sneasler|85/100\n|cant|p1a: mi coraz\u00f3n|flinch\n|move|p2a: Corviknight|Brave Bird|p1b: mi amor\n|-damage|p1b: mi amor|0 fnt\n|faint|p1b: mi amor\n|-damage|p2a: Corviknight|49/100 par|[from] Recoil\n|\n|-heal|p1a: mi coraz\u00f3n|88/100|[from] item: Leftovers\n|-heal|p2a: Corviknight|55/100 par|[from] item: Leftovers\n|upkeep\n|turn|11\n|\n|t:|1776114008\n|move|p2b: Sneasler|Close Combat|p1a: mi coraz\u00f3n\n|-damage|p1a: mi coraz\u00f3n|43/100\n|-unboost|p2b: Sneasler|def|1\n|-unboost|p2b: Sneasler|spd|1\n|move|p1a: mi coraz\u00f3n|Brave Bird|p2b: Sneasler\n|-supereffective|p2b: Sneasler|1\n|-damage|p2b: Sneasler|0 fnt\n|faint|p2b: Sneasler\n|-damage|p1a: mi coraz\u00f3n|22/100|[from] Recoil\n|move|p2a: Corviknight|Iron Head|p1a: mi coraz\u00f3n\n|-resisted|p1a: mi coraz\u00f3n|1\n|-damage|p1a: mi coraz\u00f3n|11/100\n|\n|-heal|p1a: mi coraz\u00f3n|17/100|[from] item: Leftovers\n|-heal|p2a: Corviknight|60/100 par|[from] item: Leftovers\n|upkeep\n|turn|12\n|\n|t:|1776114023\n|move|p1a: mi coraz\u00f3n|Protect|p1a: mi coraz\u00f3n\n|-singleturn|p1a: mi coraz\u00f3n|Protect\n|move|p2a: Corviknight|Roost|p2a: Corviknight\n|-heal|p2a: Corviknight|100/100 par\n|-singleturn|p2a: Corviknight|move: Roost\n|\n|-heal|p1a: mi coraz\u00f3n|23/100|[from] item: Leftovers\n|upkeep\n|turn|13\n|\n|t:|1776114034\n|move|p1a: mi coraz\u00f3n|Body Press|p2a: Corviknight\n|-damage|p2a: Corviknight|81/100 par\n|cant|p2a: Corviknight|par\n|\n|-heal|p1a: mi coraz\u00f3n|29/100|[from] item: Leftovers\n|-heal|p2a: Corviknight|87/100 par|[from] item: Leftovers\n|upkeep\n|turn|14\n|\n|t:|1776114042\n|move|p1a: mi coraz\u00f3n|Body Press|p2a: Corviknight\n|-damage|p2a: Corviknight|67/100 par\n|move|p2a: Corviknight|Iron Head|p1a: mi coraz\u00f3n\n|-resisted|p1a: mi coraz\u00f3n|1\n|-damage|p1a: mi coraz\u00f3n|18/100\n|\n|-heal|p1a: mi coraz\u00f3n|24/100|[from] item: Leftovers\n|-heal|p2a: Corviknight|73/100 par|[from] item: Leftovers\n|upkeep\n|turn|15\n|\n|t:|1776114057\n|move|p1a: mi coraz\u00f3n|Body Press|p2a: Corviknight\n|-damage|p2a: Corviknight|52/100 par\n|move|p2a: Corviknight|Tailwind|p2a: Corviknight\n|-sidestart|p2: vanilla4-4|move: Tailwind\n|\n|-heal|p1a: mi coraz\u00f3n|30/100|[from] item: Leftovers\n|-heal|p2a: Corviknight|58/100 par|[from] item: Leftovers\n|upkeep\n|turn|16\n|\n|t:|1776114068\n|move|p1a: mi coraz\u00f3n|Body Press|p2a: Corviknight\n|-damage|p2a: Corviknight|37/100 par\n|move|p2a: Corviknight|Roost|p2a: Corviknight\n|-heal|p2a: Corviknight|87/100 par\n|-singleturn|p2a: Corviknight|move: Roost\n|\n|-heal|p1a: mi coraz\u00f3n|36/100|[from] item: Leftovers\n|-heal|p2a: Corviknight|93/100 par|[from] item: Leftovers\n|upkeep\n|turn|17\n|\n|t:|1776114077\n|move|p1a: mi coraz\u00f3n|Body Press|p2a: Corviknight\n|-damage|p2a: Corviknight|71/100 par\n|move|p2a: Corviknight|Brave Bird|p1a: mi coraz\u00f3n\n|-resisted|p1a: mi coraz\u00f3n|1\n|-damage|p1a: mi coraz\u00f3n|18/100\n|-damage|p2a: Corviknight|65/100 par|[from] Recoil\n|\n|-heal|p1a: mi coraz\u00f3n|24/100|[from] item: Leftovers\n|-heal|p2a: Corviknight|71/100 par|[from] item: Leftovers\n|upkeep\n|turn|18\n|\n|t:|1776114086\n|move|p1a: mi coraz\u00f3n|Protect|p1a: mi coraz\u00f3n\n|-singleturn|p1a: mi coraz\u00f3n|Protect\n|move|p2a: Corviknight|Iron Head|p1a: mi coraz\u00f3n\n|-activate|p1a: mi coraz\u00f3n|move: Protect\n|\n|-heal|p1a: mi coraz\u00f3n|30/100|[from] item: Leftovers\n|-heal|p2a: Corviknight|77/100 par|[from] item: Leftovers\n|-sideend|p2: vanilla4-4|move: Tailwind\n|upkeep\n|turn|19\n|\n|t:|1776114090\n|move|p1a: mi coraz\u00f3n|Brave Bird|p2a: Corviknight\n|-resisted|p2a: Corviknight|1\n|-damage|p2a: Corviknight|60/100 par\n|-damage|p1a: mi coraz\u00f3n|24/100|[from] Recoil\n|move|p2a: Corviknight|Iron Head|p1a: mi coraz\u00f3n\n|-resisted|p1a: mi coraz\u00f3n|1\n|-damage|p1a: mi coraz\u00f3n|12/100\n|\n|-heal|p1a: mi coraz\u00f3n|18/100|[from] item: Leftovers\n|-heal|p2a: Corviknight|65/100 par|[from] item: Leftovers\n|upkeep\n|turn|20\n|\n|t:|1776114099\n|move|p1a: mi coraz\u00f3n|Protect|p1a: mi coraz\u00f3n\n|-singleturn|p1a: mi coraz\u00f3n|Protect\n|move|p2a: Corviknight|Tailwind|p2a: Corviknight\n|-sidestart|p2: vanilla4-4|move: Tailwind\n|\n|-heal|p1a: mi coraz\u00f3n|24/100|[from] item: Leftovers\n|-heal|p2a: Corviknight|71/100 par|[from] item: Leftovers\n|upkeep\n|turn|21\n|\n|t:|1776114107\n|move|p1a: mi coraz\u00f3n|Body Press|p2a: Corviknight\n|-crit|p2a: Corviknight\n|-damage|p2a: Corviknight|42/100 par\n|move|p2a: Corviknight|Iron Head|p1a: mi coraz\u00f3n\n|-resisted|p1a: mi coraz\u00f3n|1\n|-damage|p1a: mi coraz\u00f3n|14/100\n|\n|-heal|p1a: mi coraz\u00f3n|20/100|[from] item: Leftovers\n|-heal|p2a: Corviknight|48/100 par|[from] item: Leftovers\n|upkeep\n|turn|22\n|\n|t:|1776114114\n|move|p1a: mi coraz\u00f3n|Body Press|p2a: Corviknight\n|-damage|p2a: Corviknight|28/100 par\n|move|p2a: Corviknight|Roost|p2a: Corviknight\n|-heal|p2a: Corviknight|78/100 par\n|-singleturn|p2a: Corviknight|move: Roost\n|\n|-heal|p1a: mi coraz\u00f3n|25/100|[from] item: Leftovers\n|-heal|p2a: Corviknight|84/100 par|[from] item: Leftovers\n|upkeep\n|turn|23\n|\n|t:|1776114126\n|move|p1a: mi coraz\u00f3n|Body Press|p2a: Corviknight\n|-damage|p2a: Corviknight|65/100 par\n|move|p2a: Corviknight|Roost|p2a: Corviknight\n|-heal|p2a: Corviknight|100/100 par\n|-singleturn|p2a: Corviknight|move: Roost\n|\n|-heal|p1a: mi coraz\u00f3n|31/100|[from] item: Leftovers\n|-sideend|p2: vanilla4-4|move: Tailwind\n|upkeep\n|turn|24\n|\n|t:|1776114139\n|move|p1a: mi coraz\u00f3n|Body Press|p2a: Corviknight\n|-damage|p2a: Corviknight|81/100 par\n|move|p2a: Corviknight|Iron Head|p1a: mi coraz\u00f3n\n|-resisted|p1a: mi coraz\u00f3n|1\n|-damage|p1a: mi coraz\u00f3n|20/100\n|\n|-heal|p1a: mi coraz\u00f3n|25/100|[from] item: Leftovers\n|-heal|p2a: Corviknight|87/100 par|[from] item: Leftovers\n|upkeep\n|turn|25\n|\n|t:|1776114147\n|move|p1a: mi coraz\u00f3n|Body Press|p2a: Corviknight\n|-damage|p2a: Corviknight|64/100 par\n|move|p2a: Corviknight|Iron Head|p1a: mi coraz\u00f3n\n|-resisted|p1a: mi coraz\u00f3n|1\n|-damage|p1a: mi coraz\u00f3n|15/100\n|\n|-heal|p1a: mi coraz\u00f3n|21/100|[from] item: Leftovers\n|-heal|p2a: Corviknight|70/100 par|[from] item: Leftovers\n|upkeep\n|turn|26\n|l| Rck20x\n|\n|t:|1776114158\n|move|p1a: mi coraz\u00f3n|Protect|p1a: mi coraz\u00f3n\n|-singleturn|p1a: mi coraz\u00f3n|Protect\n|move|p2a: Corviknight|Iron Head|p1a: mi coraz\u00f3n\n|-activate|p1a: mi coraz\u00f3n|move: Protect\n|\n|-heal|p1a: mi coraz\u00f3n|27/100|[from] item: Leftovers\n|-heal|p2a: Corviknight|76/100 par|[from] item: Leftovers\n|upkeep\n|turn|27\n|\n|t:|1776114163\n|move|p1a: mi coraz\u00f3n|Light Screen|p1a: mi coraz\u00f3n\n|-sidestart|p1: robbilover|move: Light Screen\n|move|p2a: Corviknight|Iron Head|p1a: mi coraz\u00f3n\n|-resisted|p1a: mi coraz\u00f3n|1\n|-damage|p1a: mi coraz\u00f3n|15/100\n|\n|-heal|p1a: mi coraz\u00f3n|21/100|[from] item: Leftovers\n|-heal|p2a: Corviknight|82/100 par|[from] item: Leftovers\n|upkeep\n|turn|28\n|\n|t:|1776114171\n|move|p1a: mi coraz\u00f3n|Protect|p1a: mi coraz\u00f3n\n|-singleturn|p1a: mi coraz\u00f3n|Protect\n|move|p2a: Corviknight|Iron Head|p1a: mi coraz\u00f3n\n|-activate|p1a: mi coraz\u00f3n|move: Protect\n|\n|-heal|p1a: mi coraz\u00f3n|27/100|[from] item: Leftovers\n|-heal|p2a: Corviknight|88/100 par|[from] item: Leftovers\n|upkeep\n|turn|29\n|\n|t:|1776114178\n|move|p1a: mi coraz\u00f3n|Light Screen||[still]\n|-fail|p1a: mi coraz\u00f3n\n|move|p2a: Corviknight|Iron Head|p1a: mi coraz\u00f3n\n|-resisted|p1a: mi coraz\u00f3n|1\n|-damage|p1a: mi coraz\u00f3n|16/100\n|\n|-heal|p1a: mi coraz\u00f3n|22/100|[from] item: Leftovers\n|-heal|p2a: Corviknight|94/100 par|[from] item: Leftovers\n|upkeep\n|turn|30\n|\n|t:|1776114185\n|move|p1a: mi coraz\u00f3n|Light Screen||[still]\n|-fail|p1a: mi coraz\u00f3n\n|move|p2a: Corviknight|Tailwind|p2a: Corviknight\n|-sidestart|p2: vanilla4-4|move: Tailwind\n|\n|-heal|p1a: mi coraz\u00f3n|27/100|[from] item: Leftovers\n|-heal|p2a: Corviknight|99/100 par|[from] item: Leftovers\n|upkeep\n|turn|31\n|\n|t:|1776114190\n|move|p1a: mi coraz\u00f3n|Light Screen||[still]\n|-fail|p1a: mi coraz\u00f3n\n|move|p2a: Corviknight|Tailwind||[still]\n|-fail|p2a: Corviknight\n|\n|-heal|p1a: mi coraz\u00f3n|33/100|[from] item: Leftovers\n|-heal|p2a: Corviknight|100/100 par|[from] item: Leftovers\n|-sideend|p1: robbilover|move: Light Screen\n|upkeep\n|turn|32\n|\n|t:|1776114195\n|move|p1a: mi coraz\u00f3n|Light Screen|p1a: mi coraz\u00f3n\n|-sidestart|p1: robbilover|move: Light Screen\n|cant|p2a: Corviknight|par\n|\n|-heal|p1a: mi coraz\u00f3n|39/100|[from] item: Leftovers\n|upkeep\n|turn|33\n|\n|t:|1776114200\n|move|p1a: mi coraz\u00f3n|Light Screen||[still]\n|-fail|p1a: mi coraz\u00f3n\n|move|p2a: Corviknight|Iron Head|p1a: mi coraz\u00f3n\n|-resisted|p1a: mi coraz\u00f3n|1\n|-damage|p1a: mi coraz\u00f3n|28/100\n|\n|-heal|p1a: mi coraz\u00f3n|34/100|[from] item: Leftovers\n|-sideend|p2: vanilla4-4|move: Tailwind\n|upkeep\n|turn|34\n|\n|t:|1776114209\n|move|p1a: mi coraz\u00f3n|Light Screen||[still]\n|-fail|p1a: mi coraz\u00f3n\n|move|p2a: Corviknight|Iron Head|p1a: mi coraz\u00f3n\n|-resisted|p1a: mi coraz\u00f3n|1\n|-crit|p1a: mi coraz\u00f3n\n|-damage|p1a: mi coraz\u00f3n|19/100\n|\n|-heal|p1a: mi coraz\u00f3n|25/100|[from] item: Leftovers\n|upkeep\n|turn|35\n|\n|t:|1776114212\n|move|p1a: mi coraz\u00f3n|Protect|p1a: mi coraz\u00f3n\n|-singleturn|p1a: mi coraz\u00f3n|Protect\n|move|p2a: Corviknight|Iron Head|p1a: mi coraz\u00f3n\n|-activate|p1a: mi coraz\u00f3n|move: Protect\n|\n|-heal|p1a: mi coraz\u00f3n|31/100|[from] item: Leftovers\n|upkeep\n|turn|36\n|\n|t:|1776114218\n|move|p1a: mi coraz\u00f3n|Light Screen||[still]\n|-fail|p1a: mi coraz\u00f3n\n|move|p2a: Corviknight|Tailwind|p2a: Corviknight\n|-sidestart|p2: vanilla4-4|move: Tailwind\n|\n|-heal|p1a: mi coraz\u00f3n|37/100|[from] item: Leftovers\n|-sideend|p1: robbilover|move: Light Screen\n|upkeep\n|turn|37\n|\n|t:|1776114224\n|move|p1a: mi coraz\u00f3n|Light Screen|p1a: mi coraz\u00f3n\n|-sidestart|p1: robbilover|move: Light Screen\n|cant|p2a: Corviknight|par\n|\n|-heal|p1a: mi coraz\u00f3n|43/100|[from] item: Leftovers\n|upkeep\n|turn|38\n|\n|t:|1776114230\n|move|p1a: mi coraz\u00f3n|Light Screen||[still]\n|-fail|p1a: mi coraz\u00f3n\n|move|p2a: Corviknight|Tailwind||[still]\n|-fail|p2a: Corviknight\n|\n|-heal|p1a: mi coraz\u00f3n|49/100|[from] item: Leftovers\n|upkeep\n|turn|39\n|\n|t:|1776114235\n|move|p1a: mi coraz\u00f3n|Light Screen||[still]\n|-fail|p1a: mi coraz\u00f3n\n|move|p2a: Corviknight|Tailwind||[still]\n|-fail|p2a: Corviknight\n|\n|-heal|p1a: mi coraz\u00f3n|54/100|[from] item: Leftovers\n|-sideend|p2: vanilla4-4|move: Tailwind\n|upkeep\n|turn|40\n|\n|t:|1776114237\n|move|p1a: mi coraz\u00f3n|Light Screen||[still]\n|-fail|p1a: mi coraz\u00f3n\n|move|p2a: Corviknight|Tailwind|p2a: Corviknight\n|-sidestart|p2: vanilla4-4|move: Tailwind\n|\n|-heal|p1a: mi coraz\u00f3n|60/100|[from] item: Leftovers\n|upkeep\n|turn|41\n|\n|t:|1776114238\n|move|p1a: mi coraz\u00f3n|Light Screen||[still]\n|-fail|p1a: mi coraz\u00f3n\n|move|p2a: Corviknight|Tailwind||[still]\n|-fail|p2a: Corviknight\n|\n|-heal|p1a: mi coraz\u00f3n|66/100|[from] item: Leftovers\n|-sideend|p1: robbilover|move: Light Screen\n|upkeep\n|turn|42\n|\n|t:|1776114240\n|move|p1a: mi coraz\u00f3n|Light Screen|p1a: mi coraz\u00f3n\n|-sidestart|p1: robbilover|move: Light Screen\n|move|p2a: Corviknight|Tailwind||[still]\n|-fail|p2a: Corviknight\n|\n|-heal|p1a: mi coraz\u00f3n|72/100|[from] item: Leftovers\n|upkeep\n|turn|43\n|\n|t:|1776114243\n|move|p1a: mi coraz\u00f3n|Light Screen||[still]\n|-fail|p1a: mi coraz\u00f3n\n|move|p2a: Corviknight|Tailwind||[still]\n|-fail|p2a: Corviknight\n|\n|-heal|p1a: mi coraz\u00f3n|78/100|[from] item: Leftovers\n|-sideend|p2: vanilla4-4|move: Tailwind\n|upkeep\n|turn|44\n|\n|t:|1776114253\n|move|p1a: mi coraz\u00f3n|Light Screen||[still]\n|-fail|p1a: mi coraz\u00f3n\n|move|p2a: Corviknight|Tailwind|p2a: Corviknight\n|-sidestart|p2: vanilla4-4|move: Tailwind\n|\n|-heal|p1a: mi coraz\u00f3n|84/100|[from] item: Leftovers\n|upkeep\n|turn|45\n|\n|t:|1776114258\n|move|p1a: mi coraz\u00f3n|Light Screen||[still]\n|-fail|p1a: mi coraz\u00f3n\n|move|p2a: Corviknight|Iron Head|p1a: mi coraz\u00f3n\n|-resisted|p1a: mi coraz\u00f3n|1\n|-damage|p1a: mi coraz\u00f3n|74/100\n|\n|-heal|p1a: mi coraz\u00f3n|79/100|[from] item: Leftovers\n|upkeep\n|turn|46\n|\n|t:|1776114263\n|move|p1a: mi coraz\u00f3n|Light Screen||[still]\n|-fail|p1a: mi coraz\u00f3n\n|move|p2a: Corviknight|Iron Head|p1a: mi coraz\u00f3n\n|-resisted|p1a: mi coraz\u00f3n|1\n|-damage|p1a: mi coraz\u00f3n|69/100\n|\n|-heal|p1a: mi coraz\u00f3n|75/100|[from] item: Leftovers\n|-sideend|p1: robbilover|move: Light Screen\n|upkeep\n|turn|47\n|\n|t:|1776114267\n|move|p1a: mi coraz\u00f3n|Light Screen|p1a: mi coraz\u00f3n\n|-sidestart|p1: robbilover|move: Light Screen\n|move|p2a: Corviknight|Tailwind||[still]\n|-fail|p2a: Corviknight\n|\n|-heal|p1a: mi coraz\u00f3n|81/100|[from] item: Leftovers\n|-sideend|p2: vanilla4-4|move: Tailwind\n|upkeep\n|turn|48\n|\n|t:|1776114269\n|move|p1a: mi coraz\u00f3n|Light Screen||[still]\n|-fail|p1a: mi coraz\u00f3n\n|move|p2a: Corviknight|Brave Bird|p1a: mi coraz\u00f3n\n|-resisted|p1a: mi coraz\u00f3n|1\n|-damage|p1a: mi coraz\u00f3n|65/100\n|-damage|p2a: Corviknight|95/100 par|[from] Recoil\n|\n|-heal|p1a: mi coraz\u00f3n|71/100|[from] item: Leftovers\n|-heal|p2a: Corviknight|100/100 par|[from] item: Leftovers\n|upkeep\n|turn|49\n|\n|t:|1776114275\n|move|p1a: mi coraz\u00f3n|Protect|p1a: mi coraz\u00f3n\n|-singleturn|p1a: mi coraz\u00f3n|Protect\n|move|p2a: Corviknight|Brave Bird|p1a: mi coraz\u00f3n\n|-activate|p1a: mi coraz\u00f3n|move: Protect\n|\n|-heal|p1a: mi coraz\u00f3n|76/100|[from] item: Leftovers\n|upkeep\n|turn|50\n|\n|t:|1776114283\n|move|p1a: mi coraz\u00f3n|Brave Bird|p2a: Corviknight\n|-resisted|p2a: Corviknight|1\n|-damage|p2a: Corviknight|84/100 par\n|-damage|p1a: mi coraz\u00f3n|71/100|[from] Recoil\n|cant|p2a: Corviknight|par\n|\n|-heal|p1a: mi coraz\u00f3n|77/100|[from] item: Leftovers\n|-heal|p2a: Corviknight|90/100 par|[from] item: Leftovers\n|upkeep\n|turn|51\n|\n|t:|1776114290\n|move|p1a: mi coraz\u00f3n|Brave Bird|p2a: Corviknight\n|-resisted|p2a: Corviknight|1\n|-damage|p2a: Corviknight|75/100 par\n|-damage|p1a: mi coraz\u00f3n|72/100|[from] Recoil\n|move|p2a: Corviknight|Tailwind|p2a: Corviknight\n|-sidestart|p2: vanilla4-4|move: Tailwind\n|\n|-heal|p1a: mi coraz\u00f3n|78/100|[from] item: Leftovers\n|-heal|p2a: Corviknight|81/100 par|[from] item: Leftovers\n|-sideend|p1: robbilover|move: Light Screen\n|upkeep\n|turn|52\n|\n|t:|1776114293\n|move|p1a: mi coraz\u00f3n|Brave Bird|p2a: Corviknight\n|-resisted|p2a: Corviknight|1\n|-damage|p2a: Corviknight|67/100 par\n|-damage|p1a: mi coraz\u00f3n|73/100|[from] Recoil\n|move|p2a: Corviknight|Tailwind||[still]\n|-fail|p2a: Corviknight\n|\n|-heal|p1a: mi coraz\u00f3n|79/100|[from] item: Leftovers\n|-heal|p2a: Corviknight|73/100 par|[from] item: Leftovers\n|upkeep\n|turn|53\n|\n|t:|1776114297\n|move|p1a: mi coraz\u00f3n|Brave Bird|p2a: Corviknight\n|-resisted|p2a: Corviknight|1\n|-crit|p2a: Corviknight\n|-damage|p2a: Corviknight|49/100 par\n|-damage|p1a: mi coraz\u00f3n|71/100|[from] Recoil\n|move|p2a: Corviknight|Tailwind||[still]\n|-fail|p2a: Corviknight\n|\n|-heal|p1a: mi coraz\u00f3n|77/100|[from] item: Leftovers\n|-heal|p2a: Corviknight|55/100 par|[from] item: Leftovers\n|upkeep\n|turn|54\n|\n|t:|1776114304\n|move|p1a: mi coraz\u00f3n|Brave Bird|p2a: Corviknight\n|-resisted|p2a: Corviknight|1\n|-damage|p2a: Corviknight|40/100 par\n|-damage|p1a: mi coraz\u00f3n|72/100|[from] Recoil\n|move|p2a: Corviknight|Roost|p2a: Corviknight\n|-heal|p2a: Corviknight|90/100 par\n|-singleturn|p2a: Corviknight|move: Roost\n|\n|-heal|p1a: mi coraz\u00f3n|77/100|[from] item: Leftovers\n|-heal|p2a: Corviknight|96/100 par|[from] item: Leftovers\n|-sideend|p2: vanilla4-4|move: Tailwind\n|upkeep\n|turn|55\n|\n|t:|1776114312\n|move|p1a: mi coraz\u00f3n|Brave Bird|p2a: Corviknight\n|-resisted|p2a: Corviknight|1\n|-damage|p2a: Corviknight|80/100 par\n|-damage|p1a: mi coraz\u00f3n|72/100|[from] Recoil\n|move|p2a: Corviknight|Brave Bird|p1a: mi coraz\u00f3n\n|-resisted|p1a: mi coraz\u00f3n|1\n|-damage|p1a: mi coraz\u00f3n|55/100\n|-damage|p2a: Corviknight|74/100 par|[from] Recoil\n|\n|-heal|p1a: mi coraz\u00f3n|61/100|[from] item: Leftovers\n|-heal|p2a: Corviknight|80/100 par|[from] item: Leftovers\n|upkeep\n|turn|56\n|\n|t:|1776114320\n|move|p1a: mi coraz\u00f3n|Brave Bird|p2a: Corviknight\n|-resisted|p2a: Corviknight|1\n|-damage|p2a: Corviknight|64/100 par\n|-damage|p1a: mi coraz\u00f3n|56/100|[from] Recoil\n|move|p2a: Corviknight|Brave Bird|p1a: mi coraz\u00f3n\n|-resisted|p1a: mi coraz\u00f3n|1\n|-crit|p1a: mi coraz\u00f3n\n|-damage|p1a: mi coraz\u00f3n|33/100\n|-damage|p2a: Corviknight|57/100 par|[from] Recoil\n|\n|-heal|p1a: mi coraz\u00f3n|39/100|[from] item: Leftovers\n|-heal|p2a: Corviknight|62/100 par|[from] item: Leftovers\n|upkeep\n|turn|57\n|\n|t:|1776114327\n|move|p1a: mi coraz\u00f3n|Brave Bird|p2a: Corviknight\n|-resisted|p2a: Corviknight|1\n|-damage|p2a: Corviknight|46/100 par\n|-damage|p1a: mi coraz\u00f3n|34/100|[from] Recoil\n|move|p2a: Corviknight|Brave Bird|p1a: mi coraz\u00f3n\n|-resisted|p1a: mi coraz\u00f3n|1\n|-damage|p1a: mi coraz\u00f3n|17/100\n|-damage|p2a: Corviknight|40/100 par|[from] Recoil\n|\n|-heal|p1a: mi coraz\u00f3n|23/100|[from] item: Leftovers\n|-heal|p2a: Corviknight|46/100 par|[from] item: Leftovers\n|upkeep\n|turn|58\n|\n|t:|1776114337\n|move|p1a: mi coraz\u00f3n|Protect|p1a: mi coraz\u00f3n\n|-singleturn|p1a: mi coraz\u00f3n|Protect\n|move|p2a: Corviknight|Roost|p2a: Corviknight\n|-heal|p2a: Corviknight|96/100 par\n|-singleturn|p2a: Corviknight|move: Roost\n|\n|-heal|p1a: mi coraz\u00f3n|28/100|[from] item: Leftovers\n|-heal|p2a: Corviknight|100/100 par|[from] item: Leftovers\n|upkeep\n|turn|59\n|\n|t:|1776114342\n|-activate|p1a: mi coraz\u00f3n|move: Struggle\n|move|p1a: mi coraz\u00f3n|Struggle|p2a: Corviknight\n|-damage|p2a: Corviknight|92/100 par\n|-damage|p1a: mi coraz\u00f3n|3/100|[from] recoil\n|move|p2a: Corviknight|Brave Bird|p1a: mi coraz\u00f3n\n|-resisted|p1a: mi coraz\u00f3n|1\n|-damage|p1a: mi coraz\u00f3n|0 fnt\n|faint|p1a: mi coraz\u00f3n\n|-damage|p2a: Corviknight|91/100 par|[from] Recoil\n|\n|win|vanilla4-4\n|raw|robbilover's rating: 1292 &rarr; <strong>1266</strong><br />(-26 for losing)\n|raw|vanilla4-4's rating: 1276 &rarr; <strong>1302</strong><br />(+26 for winning)\n|l|\u2606robbilover\n|player|p1|\n",
  "uploadtime": 1776114356,
  "views": 40,
  "formatid": "gen9championsvgc2026regma",
  "rating": 1266,
  "private": 0,
  "password": null
}