{
  "id": "gen9championsvgc2026regma-2586180613",
  "format": "[Gen 9 Champions] VGC 2026 Reg M-A",
  "players": [
    "Gulptubus",
    "nikos321"
  ],
  "log": "|j|\u2606Gulptubus\n|j|\u2606nikos321\n|t:|1776409229\n|gametype|doubles\n|player|p1|Gulptubus|pokemonranger-gen4|1132\n|player|p2|nikos321|170|1057\n|gen|9\n|tier|[Gen 9 Champions] VGC 2026 Reg M-A\n|rated|\n|rule|Species Clause: Limit one of each Pok\u00e9mon\n|rule|Item Clause: Limit 1 of each item\n|clearpoke\n|poke|p1|Tyranitar, L50, F|\n|poke|p1|Aerodactyl, L50, F|\n|poke|p1|Garchomp, L50, F|\n|poke|p1|Incineroar, L50, F|\n|poke|p1|Sinistcha, L50|\n|poke|p1|Milotic, L50, F|\n|poke|p2|Skarmory, L50, M|\n|poke|p2|Milotic, L50, F|\n|poke|p2|Garchomp, L50, F|\n|poke|p2|Gyarados, L50, M|\n|poke|p2|Meganium, L50, M|\n|poke|p2|Aggron, L50, F|\n|teampreview|4\n|inactive|Battle timer is ON: inactive players will automatically lose when time's up. (requested by nikos321)\n|\n|t:|1776409257\n|teamsize|p1|4\n|teamsize|p2|4\n|start\n|switch|p1a: Aerodactyl|Aerodactyl, L50, F|100/100\n|switch|p1b: Garchomp|Garchomp, L50, F|100/100\n|switch|p2a: Skarmory|Skarmory, L50, M|100/100\n|switch|p2b: Meganium|Meganium, L50, M|100/100\n|-ability|p1a: Aerodactyl|Unnerve\n|turn|1\n|inactive|Gulptubus has 30 seconds left.\n|inactive|nikos321 has 30 seconds left.\n|inactive|Gulptubus has 20 seconds left.\n|inactive|nikos321 has 20 seconds left.\n|inactive|nikos321 has 15 seconds left.\n|\n|t:|1776409301\n|switch|p1b: Sinistcha|Sinistcha, L50|100/100\n|detailschange|p2b: Meganium|Meganium-Mega, L50, M\n|-mega|p2b: Meganium|Meganium|Meganiumite\n|move|p1a: Aerodactyl|Tailwind|p1a: Aerodactyl\n|-sidestart|p1: Gulptubus|move: Tailwind\n|move|p2a: Skarmory|Stealth Rock|p1a: Aerodactyl\n|-sidestart|p1: Gulptubus|move: Stealth Rock\n|move|p2b: Meganium|Dragon Tail|p1b: Sinistcha\n|-damage|p1b: Sinistcha|91/100\n|drag|p1b: Garchomp|Garchomp, L50, F|100/100\n|-damage|p1b: Garchomp|94/100|[from] Stealth Rock\n|\n|upkeep\n|turn|2\n|\n|t:|1776409319\n|switch|p1b: Sinistcha|Sinistcha, L50|91/100\n|-damage|p1b: Sinistcha|79/100|[from] Stealth Rock\n|move|p1a: Aerodactyl|Rock Slide|p2b: Meganium|[spread] p2a,p2b\n|-crit|p2b: Meganium\n|-damage|p2a: Skarmory|84/100\n|-damage|p2b: Meganium|73/100\n|move|p2a: Skarmory|Spikes|p1a: Aerodactyl\n|-sidestart|p1: Gulptubus|Spikes\n|move|p2b: Meganium|Dragon Tail|p1b: Sinistcha\n|-damage|p1b: Sinistcha|69/100\n|drag|p1b: Tyranitar|Tyranitar, L50, F|100/100\n|-damage|p1b: Tyranitar|88/100|[from] Stealth Rock\n|-damage|p1b: Tyranitar|76/100|[from] Spikes\n|-weather|Sandstorm|[from] ability: Sand Stream|[of] p1b: Tyranitar\n|\n|-weather|Sandstorm|[upkeep]\n|-damage|p2b: Meganium|67/100|[from] Sandstorm\n|-heal|p2a: Skarmory|90/100|[from] item: Leftovers\n|upkeep\n|turn|3\n|inactive|nikos321 has 30 seconds left.\n|\n|t:|1776409345\n|detailschange|p1b: Tyranitar|Tyranitar-Mega, L50, F\n|-mega|p1b: Tyranitar|Tyranitar|Tyranitarite\n|move|p2a: Skarmory|Protect|p2a: Skarmory\n|-singleturn|p2a: Skarmory|Protect\n|move|p1a: Aerodactyl|Rock Slide|p2b: Meganium|[spread] p2b\n|-activate|p2a: Skarmory|move: Protect\n|-damage|p2b: Meganium|50/100\n|move|p1b: Tyranitar|Rock Slide|p2a: Skarmory|[spread] p2b\n|-activate|p2a: Skarmory|move: Protect\n|-damage|p2b: Meganium|24/100\n|move|p2b: Meganium|Giga Drain|p1b: Tyranitar\n|-supereffective|p1b: Tyranitar|1\n|-damage|p1b: Tyranitar|21/100\n|-heal|p2b: Meganium|53/100|[from] drain|[of] p1b: Tyranitar\n|\n|-weather|Sandstorm|[upkeep]\n|-damage|p2b: Meganium|48/100|[from] Sandstorm\n|-heal|p2a: Skarmory|96/100|[from] item: Leftovers\n|upkeep\n|turn|4\n|\n|t:|1776409365\n|move|p2b: Meganium|Protect|p2b: Meganium\n|-singleturn|p2b: Meganium|Protect\n|move|p1a: Aerodactyl|Rock Slide|p2b: Meganium|[spread] p2a\n|-activate|p2b: Meganium|move: Protect\n|-damage|p2a: Skarmory|81/100\n|move|p1b: Tyranitar|Rock Slide|p2b: Meganium|[spread] p2a\n|-activate|p2b: Meganium|move: Protect\n|-damage|p2a: Skarmory|59/100\n|move|p2a: Skarmory|Whirlwind|p1b: Tyranitar\n|drag|p1b: Sinistcha|Sinistcha, L50|69/100\n|-damage|p1b: Sinistcha|57/100|[from] Stealth Rock\n|-damage|p1b: Sinistcha|44/100|[from] Spikes\n|-enditem|p1b: Sinistcha|Sitrus Berry|[eat]\n|-heal|p1b: Sinistcha|69/100|[from] item: Sitrus Berry\n|\n|-weather|Sandstorm|[upkeep]\n|-damage|p1b: Sinistcha|63/100|[from] Sandstorm\n|-damage|p2b: Meganium|42/100|[from] Sandstorm\n|-heal|p2a: Skarmory|64/100|[from] item: Leftovers\n|-sideend|p1: Gulptubus|move: Tailwind\n|upkeep\n|turn|5\n|inactive|nikos321 has 30 seconds left.\n|\n|t:|1776409392\n|move|p1b: Sinistcha|Rage Powder|p1b: Sinistcha\n|-singleturn|p1b: Sinistcha|move: Rage Powder\n|move|p1a: Aerodactyl|Dual Wingbeat|p2b: Meganium\n|-supereffective|p2b: Meganium|1\n|-damage|p2b: Meganium|15/100\n|-supereffective|p2b: Meganium|1\n|-damage|p2b: Meganium|0 fnt\n|faint|p2b: Meganium\n|-hitcount|p2: Meganium|2\n|move|p2a: Skarmory|Spikes|p1a: Aerodactyl\n|-sidestart|p1: Gulptubus|Spikes\n|\n|-weather|Sandstorm|[upkeep]\n|-damage|p1b: Sinistcha|57/100|[from] Sandstorm\n|-heal|p2a: Skarmory|70/100|[from] item: Leftovers\n|upkeep\n|\n|t:|1776409405\n|switch|p2b: Aggron|Aggron, L50, F|100/100\n|turn|6\n|\n|t:|1776409420\n|move|p1a: Aerodactyl|Rock Slide|p2a: Skarmory|[spread] p2a,p2b\n|-resisted|p2b: Aggron|1\n|-damage|p2a: Skarmory|56/100\n|-damage|p2b: Aggron|93/100\n|move|p1b: Sinistcha|Matcha Gotcha|p2b: Aggron|[spread] p2a\n|-miss|p1b: Sinistcha|p2b: Aggron\n|-resisted|p2a: Skarmory|2\n|-damage|p2a: Skarmory|49/100\n|-heal|p1b: Sinistcha|60/100|[from] drain|[of] p2a: Skarmory\n|move|p2a: Skarmory|Whirlwind|p1b: Sinistcha\n|drag|p1b: Garchomp|Garchomp, L50, F|94/100\n|-damage|p1b: Garchomp|88/100|[from] Stealth Rock\n|-damage|p1b: Garchomp|72/100|[from] Spikes\n|move|p2b: Aggron|Roar|p1b: Garchomp\n|drag|p1b: Sinistcha|Sinistcha, L50|60/100\n|-damage|p1b: Sinistcha|48/100|[from] Stealth Rock\n|-damage|p1b: Sinistcha|31/100|[from] Spikes\n|\n|-weather|none\n|-heal|p2a: Skarmory|55/100|[from] item: Leftovers\n|upkeep\n|turn|7\n|inactive|nikos321 has 30 seconds left.\n|inactive|nikos321 has 20 seconds left.\n|\n|t:|1776409457\n|move|p1a: Aerodactyl|Rock Slide|p2b: Aggron|[spread] p2a,p2b\n|-crit|p2a: Skarmory\n|-resisted|p2b: Aggron|1\n|-damage|p2a: Skarmory|32/100\n|-damage|p2b: Aggron|86/100\n|cant|p2a: Skarmory|flinch\n|move|p1b: Sinistcha|Matcha Gotcha|p2a: Skarmory|[spread] p2a,p2b\n|-resisted|p2a: Skarmory|2\n|-damage|p2a: Skarmory|25/100\n|-heal|p1b: Sinistcha|35/100|[from] drain|[of] p2a: Skarmory\n|-damage|p2b: Aggron|62/100\n|-heal|p1b: Sinistcha|47/100|[from] drain|[of] p2b: Aggron\n|cant|p2b: Aggron|flinch\n|\n|-heal|p2a: Skarmory|31/100|[from] item: Leftovers\n|upkeep\n|turn|8\n|\n|t:|1776409478\n|move|p1a: Aerodactyl|Rock Slide|p2b: Aggron|[spread] p2a,p2b\n|-resisted|p2b: Aggron|1\n|-damage|p2a: Skarmory|14/100\n|-damage|p2b: Aggron|54/100\n|move|p1b: Sinistcha|Matcha Gotcha|p2a: Skarmory|[spread] p2b\n|-miss|p1b: Sinistcha|p2a: Skarmory\n|-damage|p2b: Aggron|29/100\n|-heal|p1b: Sinistcha|60/100|[from] drain|[of] p2b: Aggron\n|cant|p2a: Skarmory|flinch\n|move|p2b: Aggron|Roar|p1b: Sinistcha\n|drag|p1b: Tyranitar|Tyranitar-Mega, L50, F|21/100\n|-damage|p1b: Tyranitar|9/100|[from] Stealth Rock\n|-damage|p1b: Tyranitar|0 fnt|[from] Spikes\n|faint|p1b: Tyranitar\n|\n|-heal|p2a: Skarmory|20/100|[from] item: Leftovers\n|upkeep\n|\n|t:|1776409492\n|switch|p1b: Garchomp|Garchomp, L50, F|72/100\n|-damage|p1b: Garchomp|66/100|[from] Stealth Rock\n|-damage|p1b: Garchomp|50/100|[from] Spikes\n|turn|9\n|inactive|nikos321 has 30 seconds left.\n|\n|t:|1776409518\n|move|p2b: Aggron|Protect|p2b: Aggron\n|-singleturn|p2b: Aggron|Protect\n|move|p1a: Aerodactyl|Rock Slide|p2a: Skarmory|[spread] p2a\n|-activate|p2b: Aggron|move: Protect\n|-damage|p2a: Skarmory|5/100\n|move|p1b: Garchomp|Earthquake|p2b: Aggron|[spread] \n|-activate|p2b: Aggron|move: Protect\n|-immune|p1a: Aerodactyl\n|-immune|p2a: Skarmory\n|cant|p2a: Skarmory|flinch\n|\n|-heal|p2a: Skarmory|10/100|[from] item: Leftovers\n|upkeep\n|turn|10\n|c|\u2606nikos321|FFA\n|c|\u2606nikos321|FFS\n|c|\u2606Gulptubus|yikes\n|inactive|nikos321 has 30 seconds left.\n|\n|t:|1776409548\n|move|p2a: Skarmory|Protect|p2a: Skarmory\n|-singleturn|p2a: Skarmory|Protect\n|move|p1a: Aerodactyl|Rock Slide|p2b: Aggron|[spread] p2b\n|-activate|p2a: Skarmory|move: Protect\n|-resisted|p2b: Aggron|1\n|-damage|p2b: Aggron|21/100\n|move|p1b: Garchomp|Earthquake|p2a: Skarmory|[spread] p2b\n|-activate|p2a: Skarmory|move: Protect\n|-immune|p1a: Aerodactyl\n|-supereffective|p2b: Aggron|2\n|-damage|p2b: Aggron|0 fnt\n|faint|p2b: Aggron\n|\n|-heal|p2a: Skarmory|16/100|[from] item: Leftovers\n|upkeep\n|\n|t:|1776409558\n|switch|p2b: Garchomp|Garchomp, L50, F|100/100\n|turn|11\n|\n|t:|1776409567\n|move|p1b: Garchomp|Protect|p1b: Garchomp\n|-singleturn|p1b: Garchomp|Protect\n|move|p1a: Aerodactyl|Tailwind|p1a: Aerodactyl\n|-sidestart|p1: Gulptubus|move: Tailwind\n|move|p2b: Garchomp|Rock Slide|p1a: Aerodactyl|[spread] p1a\n|-activate|p1b: Garchomp|move: Protect\n|-supereffective|p1a: Aerodactyl|1\n|-damage|p1a: Aerodactyl|50/100\n|move|p2a: Skarmory|Whirlwind|p1b: Garchomp\n|drag|p1b: Sinistcha|Sinistcha, L50|60/100\n|-damage|p1b: Sinistcha|48/100|[from] Stealth Rock\n|-damage|p1b: Sinistcha|31/100|[from] Spikes\n|-heal|p1a: Aerodactyl|74/100|[from] ability: Hospitality|[of] p1b: Sinistcha\n|\n|-heal|p2a: Skarmory|22/100|[from] item: Leftovers\n|upkeep\n|turn|12\n|\n|t:|1776409591\n|move|p2a: Skarmory|Protect|p2a: Skarmory\n|-singleturn|p2a: Skarmory|Protect\n|move|p1a: Aerodactyl|Rock Slide|p2b: Garchomp|[spread] p2b\n|-activate|p2a: Skarmory|move: Protect\n|-resisted|p2b: Garchomp|1\n|-damage|p2b: Garchomp|94/100\n|move|p1b: Sinistcha|Matcha Gotcha|p2a: Skarmory|[spread] p2b\n|-activate|p2a: Skarmory|move: Protect\n|-damage|p2b: Garchomp|68/100\n|-heal|p1b: Sinistcha|47/100|[from] drain|[of] p2b: Garchomp\n|move|p2b: Garchomp|Rock Slide|p1b: Sinistcha|[spread] p1a,p1b\n|-supereffective|p1a: Aerodactyl|1\n|-damage|p1a: Aerodactyl|18/100\n|-damage|p1b: Sinistcha|34/100\n|\n|-heal|p2a: Skarmory|28/100|[from] item: Leftovers\n|upkeep\n|turn|13\n|\n|t:|1776409610\n|move|p1a: Aerodactyl|Rock Slide|p2b: Garchomp|[spread] p2a,p2b\n|-resisted|p2b: Garchomp|1\n|-damage|p2a: Skarmory|12/100\n|-damage|p2b: Garchomp|60/100\n|move|p1b: Sinistcha|Matcha Gotcha|p2a: Skarmory|[spread] p2a\n|-miss|p1b: Sinistcha|p2b: Garchomp\n|-resisted|p2a: Skarmory|2\n|-damage|p2a: Skarmory|5/100\n|-heal|p1b: Sinistcha|37/100|[from] drain|[of] p2a: Skarmory\n|move|p2b: Garchomp|Rock Slide|p1a: Aerodactyl|[spread] \n|-miss|p2b: Garchomp|p1a: Aerodactyl\n|-miss|p2b: Garchomp|p1b: Sinistcha\n|cant|p2a: Skarmory|flinch\n|\n|-heal|p2a: Skarmory|11/100|[from] item: Leftovers\n|upkeep\n|turn|14\n|c|\u2606nikos321|NAAA\n|c|\u2606nikos321|NAAAAA\n|c|\u2606nikos321|NAAAAAAAA\n|\n|t:|1776409635\n|move|p2a: Skarmory|Protect|p2a: Skarmory\n|-singleturn|p2a: Skarmory|Protect\n|move|p1a: Aerodactyl|Rock Slide|p2b: Garchomp|[spread] p2b\n|-activate|p2a: Skarmory|move: Protect\n|-resisted|p2b: Garchomp|1\n|-damage|p2b: Garchomp|53/100\n|move|p1b: Sinistcha|Matcha Gotcha|p2b: Garchomp|[spread] p2b\n|-activate|p2a: Skarmory|move: Protect\n|-damage|p2b: Garchomp|29/100\n|-heal|p1b: Sinistcha|52/100|[from] drain|[of] p2b: Garchomp\n|cant|p2b: Garchomp|flinch\n|\n|-heal|p2a: Skarmory|17/100|[from] item: Leftovers\n|-sideend|p1: Gulptubus|move: Tailwind\n|upkeep\n|turn|15\n|c|\u2606nikos321|Fk this game man\n|c|\u2606nikos321|nooo\n|c|\u2606nikos321|NO WAY\n|c|\u2606Gulptubus|rock slide is a funny move\n|\n|t:|1776409660\n|move|p2b: Garchomp|Protect|p2b: Garchomp\n|-singleturn|p2b: Garchomp|Protect\n|move|p1a: Aerodactyl|Tailwind|p1a: Aerodactyl\n|-sidestart|p1: Gulptubus|move: Tailwind\n|move|p1b: Sinistcha|Matcha Gotcha|p2a: Skarmory|[spread] p2a\n|-activate|p2b: Garchomp|move: Protect\n|-resisted|p2a: Skarmory|2\n|-damage|p2a: Skarmory|9/100\n|-heal|p1b: Sinistcha|56/100|[from] drain|[of] p2a: Skarmory\n|move|p2a: Skarmory|Whirlwind|p1b: Sinistcha\n|drag|p1b: Garchomp|Garchomp, L50, F|50/100\n|-damage|p1b: Garchomp|44/100|[from] Stealth Rock\n|-damage|p1b: Garchomp|27/100|[from] Spikes\n|\n|-heal|p2a: Skarmory|15/100|[from] item: Leftovers\n|upkeep\n|turn|16\n|\n|t:|1776409682\n|move|p1a: Aerodactyl|Rock Slide|p2a: Skarmory|[spread] p2b\n|-miss|p1a: Aerodactyl|p2a: Skarmory\n|-resisted|p2b: Garchomp|1\n|-damage|p2b: Garchomp|22/100\n|move|p1b: Garchomp|Dragon Claw|p2b: Garchomp\n|-supereffective|p2b: Garchomp|1\n|-damage|p2b: Garchomp|0 fnt\n|faint|p2b: Garchomp\n|move|p2a: Skarmory|Whirlwind|p1b: Garchomp\n|drag|p1b: Sinistcha|Sinistcha, L50|56/100\n|-damage|p1b: Sinistcha|43/100|[from] Stealth Rock\n|-damage|p1b: Sinistcha|27/100|[from] Spikes\n|-heal|p1a: Aerodactyl|43/100|[from] ability: Hospitality|[of] p1b: Sinistcha\n|\n|-heal|p2a: Skarmory|21/100|[from] item: Leftovers\n|upkeep\n|turn|17\n|c|\u2606nikos321|gg\n|c|\u2606Gulptubus|gg\n|\n|t:|1776409698\n|move|p1a: Aerodactyl|Dual Wingbeat|p2a: Skarmory\n|-resisted|p2a: Skarmory|1\n|-damage|p2a: Skarmory|15/100\n|-resisted|p2a: Skarmory|1\n|-damage|p2a: Skarmory|10/100\n|-hitcount|p2a: Skarmory|2\n|move|p1b: Sinistcha|Matcha Gotcha|p2a: Skarmory\n|-resisted|p2a: Skarmory|2\n|-damage|p2a: Skarmory|0 fnt\n|-heal|p1b: Sinistcha|31/100|[from] drain|[of] p2a: Skarmory\n|faint|p2a: Skarmory\n|\n|win|Gulptubus\n|raw|Gulptubus's rating: 1132 &rarr; <strong>1152</strong><br />(+20 for winning)\n|raw|nikos321's rating: 1057 &rarr; <strong>1042</strong><br />(-15 for losing)\n|c|\u2606Gulptubus|nice team\n|c|\u2606nikos321|ty\n|c|\u2606nikos321|all rng it seems\n|c|\u2606nikos321|:P\n|c|\u2606Gulptubus|the hax gonna hax\n|c|\u2606Gulptubus|lol\n",
  "uploadtime": 1776409708,
  "views": 21,
  "formatid": "gen9championsvgc2026regma",
  "rating": 1042,
  "private": 0,
  "password": null
}