{
  "id": "gen9championsvgc2026regma-2585517909",
  "format": "[Gen 9 Champions] VGC 2026 Reg M-A",
  "players": [
    "jaisha4",
    "O1AM1DE"
  ],
  "log": "|j|\u2606jaisha4\n|j|\u2606O1AM1DE\n|t:|1776352868\n|gametype|doubles\n|player|p1|jaisha4|ghetsis-gen5bw|\n|player|p2|O1AM1DE|cynthia-gen4|\n|gen|9\n|tier|[Gen 9 Champions] VGC 2026 Reg M-A\n|rule|Species Clause: Limit one of each Pok\u00e9mon\n|rule|Item Clause: Limit 1 of each item\n|clearpoke\n|poke|p1|Sneasler, L50, M|\n|poke|p1|Chandelure, L50, M|\n|poke|p1|Talonflame, L50, M|\n|poke|p1|Starmie, L50|\n|poke|p1|Garchomp, L50, F|\n|poke|p1|Ninetales-Alola, L50, F|\n|poke|p2|Venusaur, L50, F|\n|poke|p2|Incineroar, L50, F|\n|poke|p2|Basculegion, L50, M|\n|poke|p2|Garchomp, L50, M|\n|poke|p2|Sneasler, L50, F|\n|poke|p2|Aerodactyl, L50, M|\n|teampreview|4\n|l|\u2606jaisha4\n|player|p1|\n|j|\u2606jaisha4\n|player|p1|jaisha4|ghetsis-gen5bw|\n|\n|t:|1776352922\n|teamsize|p1|4\n|teamsize|p2|4\n|start\n|switch|p1a: Sneasler|Sneasler, L50, M|100/100\n|switch|p1b: Talonflame|Talonflame, L50, M|100/100\n|switch|p2a: Aerodactyl|Aerodactyl, L50, M|100/100\n|switch|p2b: Sneasler|Sneasler, L50, F|100/100\n|turn|1\n|l|\u2606O1AM1DE\n|player|p2|\n|j|\u2606O1AM1DE\n|player|p2|O1AM1DE|cynthia-gen4|\n|\n|t:|1776352975\n|detailschange|p2a: Aerodactyl|Aerodactyl-Mega, L50, M\n|-mega|p2a: Aerodactyl|Aerodactyl|Aerodactylite\n|move|p1a: Sneasler|Protect|p1a: Sneasler\n|-singleturn|p1a: Sneasler|Protect\n|move|p1b: Talonflame|Protect|p1b: Talonflame\n|-singleturn|p1b: Talonflame|Protect\n|move|p2b: Sneasler|Fake Out|p1a: Sneasler\n|-activate|p1a: Sneasler|move: Protect\n|move|p2a: Aerodactyl|Stone Edge|p1b: Talonflame\n|-activate|p1b: Talonflame|move: Protect\n|\n|upkeep\n|turn|2\n|\n|t:|1776352992\n|move|p1b: Talonflame|Acrobatics|p2b: Sneasler\n|-supereffective|p2b: Sneasler|1\n|-damage|p2b: Sneasler|0 fnt\n|faint|p2b: Sneasler\n|move|p2a: Aerodactyl|Stone Edge|p1b: Talonflame|[miss]\n|-miss|p2a: Aerodactyl|p1b: Talonflame\n|move|p1a: Sneasler|Close Combat|p2a: Aerodactyl\n|-damage|p2a: Aerodactyl|8/100\n|-unboost|p1a: Sneasler|def|1\n|-unboost|p1a: Sneasler|spd|1\n|\n|upkeep\n|\n|t:|1776353003\n|switch|p2b: Garchomp|Garchomp, L50, M|100/100\n|turn|3\n|\n|t:|1776353009\n|move|p1b: Talonflame|Acrobatics|p2a: Aerodactyl\n|-resisted|p2a: Aerodactyl|1\n|-damage|p2a: Aerodactyl|0 fnt\n|faint|p2a: Aerodactyl\n|move|p1a: Sneasler|Close Combat|p2b: Garchomp\n|-damage|p2b: Garchomp|26/100\n|-unboost|p1a: Sneasler|def|1\n|-unboost|p1a: Sneasler|spd|1\n|move|p2b: Garchomp|Rock Slide|p1b: Talonflame|[spread] p1b\n|-miss|p2b: Garchomp|p1a: Sneasler\n|-supereffective|p1b: Talonflame|2\n|-crit|p1b: Talonflame\n|-damage|p1b: Talonflame|0 fnt\n|faint|p1b: Talonflame\n|\n|upkeep\n|l|\u2606O1AM1DE\n|player|p2|\n|j|\u2606O1AM1DE\n|player|p2|O1AM1DE|cynthia-gen4|\n|\n|t:|1776353043\n|switch|p2a: Basculegion|Basculegion, L50, M|100/100\n|switch|p1b: Starmie|Starmie, L50|100/100\n|turn|4\n|\n|t:|1776353052\n|detailschange|p1b: Starmie|Starmie-Mega, L50\n|-mega|p1b: Starmie|Starmie|Starminite\n|move|p1b: Starmie|Zen Headbutt|p2a: Basculegion|[miss]\n|-miss|p1b: Starmie|p2a: Basculegion\n|move|p1a: Sneasler|Close Combat|p2b: Garchomp\n|-damage|p2b: Garchomp|0 fnt\n|-unboost|p1a: Sneasler|def|1\n|-unboost|p1a: Sneasler|spd|1\n|faint|p2b: Garchomp\n|move|p2a: Basculegion|Last Respects|p1b: Starmie\n|-supereffective|p1b: Starmie|1\n|-damage|p1b: Starmie|0 fnt\n|faint|p1b: Starmie\n|\n|upkeep\n|\n|t:|1776353065\n|switch|p1b: Garchomp|Garchomp, L50, F|100/100\n|turn|5\n|\n|t:|1776353077\n|move|p1a: Sneasler|Dire Claw|p2a: Basculegion\n|-resisted|p2a: Basculegion|1\n|-damage|p2a: Basculegion|73/100\n|move|p1b: Garchomp|Dragon Rush|p2a: Basculegion\n|-damage|p2a: Basculegion|3/100\n|move|p2a: Basculegion|Last Respects|p1a: Sneasler\n|-enditem|p1a: Sneasler|Focus Sash\n|-damage|p1a: Sneasler|1/100\n|\n|upkeep\n|turn|6\n|\n|t:|1776353091\n|move|p2a: Basculegion|Aqua Jet|p1b: Garchomp\n|-damage|p1b: Garchomp|68/100\n|-damage|p2a: Basculegion|0 fnt|[from] ability: Rough Skin|[of] p1b: Garchomp\n|faint|p2a: Basculegion\n|\n|win|jaisha4\n|l|\u2606O1AM1DE\n|player|p2|\n",
  "uploadtime": 1776353098,
  "views": 19,
  "formatid": "gen9championsvgc2026regma",
  "rating": null,
  "private": 0,
  "password": null
}