{
  "id": "gen9championsvgc2026regma-2581530067",
  "format": "[Gen 9 Champions] VGC 2026 Reg M-A",
  "players": [
    "j99101",
    "smthcreative2.0"
  ],
  "log": "|j|\u2606j99101\n|j|\u2606smthcreative2.0\n|t:|1776008566\n|gametype|doubles\n|player|p1|j99101|swimmer-gen4|1000\n|player|p2|smthcreative2.0|policeman-gen4|1000\n|gen|9\n|tier|[Gen 9 Champions] VGC 2026 Reg M-A\n|rated|\n|rule|Species Clause: Limit one of each Pok\u00e9mon\n|rule|Item Clause: Limit 1 of each item\n|clearpoke\n|poke|p1|Incineroar, L50, F|\n|poke|p1|Hawlucha, L50, F|\n|poke|p1|Sableye, L50, M|\n|poke|p1|Gengar, L50, F|\n|poke|p1|Sneasler, L50, M|\n|poke|p1|Ditto, L50|\n|poke|p2|Liepard, L50, F|\n|poke|p2|Beedrill, L50, F|\n|poke|p2|Clefable, L50, F|\n|poke|p2|Sneasler, L50, M|\n|poke|p2|Orthworm, L50, F|\n|poke|p2|Garchomp, L50, M|\n|teampreview|4\n|inactive|Battle timer is ON: inactive players will automatically lose when time's up. (requested by j99101)\n|inactive|smthcreative2.0 also wants the timer to be on.\n|\n|t:|1776008589\n|teamsize|p1|4\n|teamsize|p2|4\n|start\n|switch|p1a: Hawlucha|Hawlucha, L50, F|100/100\n|switch|p1b: Sneasler|Sneasler, L50, M|100/100\n|switch|p2a: Liepard|Liepard, L50, F|100/100\n|switch|p2b: Sneasler|Sneasler, L50, M|100/100\n|-ability|p2b: Sneasler|Pressure\n|turn|1\n|inactive|j99101 has 30 seconds left.\n|\n|t:|1776008620\n|move|p2a: Liepard|Taunt|p1a: Hawlucha\n|-start|p1a: Hawlucha|move: Taunt\n|move|p2b: Sneasler|Rock Tomb|p1b: Sneasler\n|-resisted|p1b: Sneasler|1\n|-damage|p1b: Sneasler|82/100\n|-unboost|p1b: Sneasler|spe|1\n|move|p1a: Hawlucha|Close Combat|p2a: Liepard\n|-supereffective|p2a: Liepard|1\n|-enditem|p2a: Liepard|Focus Sash\n|-damage|p2a: Liepard|1/100\n|-unboost|p1a: Hawlucha|def|1\n|-unboost|p1a: Hawlucha|spd|1\n|-enditem|p1a: Hawlucha|White Herb\n|-clearnegativeboost|p1a: Hawlucha|[silent]\n|move|p1b: Sneasler|Fling|p2a: Liepard\n|-resisted|p2a: Liepard|1\n|-damage|p2a: Liepard|0 fnt\n|-enditem|p1b: Sneasler|King's Rock|[from] move: Fling\n|faint|p2a: Liepard\n|\n|upkeep\n|\n|t:|1776008637\n|switch|p2a: Garchomp|Garchomp, L50, M|100/100\n|turn|2\n|\n|t:|1776008653\n|move|p1a: Hawlucha|Acrobatics|p2b: Sneasler\n|-supereffective|p2b: Sneasler|1\n|-damage|p2b: Sneasler|0 fnt\n|faint|p2b: Sneasler\n|move|p2a: Garchomp|Rock Slide|p1a: Hawlucha|[spread] p1a,p1b\n|-resisted|p1b: Sneasler|1\n|-crit|p1b: Sneasler\n|-damage|p1a: Hawlucha|70/100\n|-damage|p1b: Sneasler|59/100\n|move|p1b: Sneasler|Close Combat|p2a: Garchomp\n|-damage|p2a: Garchomp|36/100\n|-unboost|p1b: Sneasler|def|1\n|-unboost|p1b: Sneasler|spd|1\n|-damage|p1b: Sneasler|47/100|[from] ability: Rough Skin|[of] p2a: Garchomp\n|\n|upkeep\n|\n|t:|1776008663\n|switch|p2b: Beedrill|Beedrill, L50, F|100/100\n|turn|3\n|\n|t:|1776008672\n|detailschange|p2b: Beedrill|Beedrill-Mega, L50, F\n|-mega|p2b: Beedrill|Beedrill|Beedrillite\n|move|p2b: Beedrill|Protect|p2b: Beedrill\n|-singleturn|p2b: Beedrill|Protect\n|move|p1a: Hawlucha|Acrobatics|p2b: Beedrill\n|-activate|p2b: Beedrill|move: Protect\n|move|p2a: Garchomp|Rock Slide|p1b: Sneasler|[spread] p1a,p1b\n|-crit|p1a: Hawlucha\n|-resisted|p1b: Sneasler|1\n|-damage|p1a: Hawlucha|26/100\n|-damage|p1b: Sneasler|22/100\n|cant|p1b: Sneasler|flinch\n|\n|-end|p1a: Hawlucha|move: Taunt\n|upkeep\n|turn|4\n|\n|t:|1776008690\n|move|p1a: Hawlucha|Acrobatics|p2b: Beedrill\n|-supereffective|p2b: Beedrill|1\n|-damage|p2b: Beedrill|0 fnt\n|faint|p2b: Beedrill\n|move|p2a: Garchomp|Rock Slide|p1b: Sneasler|[spread] p1a,p1b\n|-resisted|p1b: Sneasler|1\n|-damage|p1a: Hawlucha|0 fnt\n|-damage|p1b: Sneasler|0 fnt\n|faint|p1a: Hawlucha\n|faint|p1b: Sneasler\n|\n|upkeep\n|\n|t:|1776008696\n|switch|p1b: Sableye|Sableye, L50, M|100/100\n|switch|p1a: Gengar|Gengar, L50, F|100/100\n|turn|5\n|\n|t:|1776008707\n|detailschange|p1a: Gengar|Gengar-Mega, L50, F\n|-mega|p1a: Gengar|Gengar|Gengarite\n|move|p1b: Sableye|Quash|p2a: Garchomp\n|-activate|p2a: Garchomp|move: Quash\n|move|p1a: Gengar|Shadow Ball|p2a: Garchomp\n|-damage|p2a: Garchomp|0 fnt\n|faint|p2a: Garchomp\n|\n|win|j99101\n|raw|j99101's rating: 1000 &rarr; <strong>1040</strong><br />(+40 for winning)\n|raw|smthcreative2.0's rating: 1000 &rarr; <strong>1000</strong><br />(+0 for losing)\n",
  "uploadtime": 1776008711,
  "views": 18,
  "formatid": "gen9championsvgc2026regma",
  "rating": 1000,
  "private": 0,
  "password": null
}