{
  "id": "gen9championsvgc2026regma-2587612953",
  "format": "[Gen 9 Champions] VGC 2026 Reg M-A",
  "players": [
    "Henryy_404",
    "DEATHxxENIGMA"
  ],
  "log": "|j|\u2606Henryy_404\n|j|\u2606DEATHxxENIGMA\n|t:|1776546978\n|gametype|doubles\n|player|p1|Henryy_404|1|1171\n|player|p2|DEATHxxENIGMA|1|1130\n|gen|9\n|tier|[Gen 9 Champions] VGC 2026 Reg M-A\n|rated|\n|rule|Species Clause: Limit one of each Pok\u00e9mon\n|rule|Item Clause: Limit 1 of each item\n|clearpoke\n|poke|p1|Snorlax, L50, M, shiny|\n|poke|p1|Hawlucha, L50, M, shiny|\n|poke|p1|Oranguru, L50, M, shiny|\n|poke|p1|Zoroark-Hisui, L50, M, shiny|\n|poke|p1|Sinistcha-Masterpiece, L50|\n|poke|p1|Incineroar, L50, M, shiny|\n|poke|p2|Altaria, L50, M, shiny|\n|poke|p2|Noivern, L50, F, shiny|\n|poke|p2|Appletun, L50, F, shiny|\n|poke|p2|Garchomp, L50, M|\n|poke|p2|Dragapult, L50, M, shiny|\n|poke|p2|Kommo-o, L50, F|\n|teampreview|4\n|inactive|Battle timer is ON: inactive players will automatically lose when time's up. (requested by DEATHxxENIGMA)\n|inactive|DEATHxxENIGMA has 60 seconds left.\nHenryy_404 rejected open team sheets.\n|inactive|DEATHxxENIGMA has 30 seconds left.\n|inactive|DEATHxxENIGMA has 20 seconds left.\n|inactive|DEATHxxENIGMA has 15 seconds left.\n|\n|t:|1776547055\n|teamsize|p1|4\n|teamsize|p2|4\n|start\n|switch|p1a: Snorlax|Snorlax, L50, M, shiny|100/100\n|switch|p1b: Hawlucha|Hawlucha, L50, M, shiny|100/100\n|switch|p2a: Dragapult|Dragapult, L50, M, shiny|100/100\n|switch|p2b: Kommo-o|Kommo-o, L50, F|100/100\n|turn|1\n|\n|t:|1776547070\n|move|p1b: Hawlucha|Icy Wind|p2b: Kommo-o|[spread] p2a\n|-miss|p1b: Hawlucha|p2b: Kommo-o\n|-supereffective|p2a: Dragapult|1\n|-damage|p2a: Dragapult|73/100\n|move|p2a: Dragapult|Dragon Darts|p1b: Hawlucha\n|-damage|p1b: Hawlucha|50/100\n|replace|p1b: Zoroark|Zoroark-Hisui, L50, M, shiny\n|-end|p1b: Zoroark|Illusion\n|-anim|p2a: Dragapult|Dragon Darts|p1a: Snorlax\n|-damage|p1a: Snorlax|84/100\n|move|p2b: Kommo-o|Iron Defense|p2b: Kommo-o\n|-boost|p2b: Kommo-o|def|2\n|move|p1a: Snorlax|Stockpile|p1a: Snorlax\n|-start|p1a: Snorlax|stockpile1\n|-boost|p1a: Snorlax|def|1\n|-boost|p1a: Snorlax|spd|1\n|\n|-heal|p1a: Snorlax|90/100|[from] item: Leftovers\n|upkeep\n|turn|2\n|inactive|DEATHxxENIGMA has 30 seconds left.\n|\n|t:|1776547096\n|move|p1b: Zoroark|Icy Wind|p2b: Kommo-o|[spread] p2a,p2b\n|-supereffective|p2a: Dragapult|1\n|-crit|p2a: Dragapult\n|-supereffective|p2b: Kommo-o|1\n|-damage|p2a: Dragapult|28/100\n|-damage|p2b: Kommo-o|81/100\n|-unboost|p2b: Kommo-o|spe|1\n|move|p2a: Dragapult|Disable|p1b: Zoroark\n|-start|p1b: Zoroark|Disable|Icy Wind\n|move|p2b: Kommo-o|Body Press|p1a: Snorlax\n|-supereffective|p1a: Snorlax|1\n|-damage|p1a: Snorlax|27/100\n|move|p1a: Snorlax|Stockpile|p1a: Snorlax\n|-start|p1a: Snorlax|stockpile2\n|-boost|p1a: Snorlax|def|1\n|-boost|p1a: Snorlax|spd|1\n|\n|-heal|p2b: Kommo-o|87/100|[from] item: Leftovers\n|-heal|p1a: Snorlax|33/100|[from] item: Leftovers\n|upkeep\n|turn|3\n|inactive|Henryy_404 has 30 seconds left.\n|\n|t:|1776547125\n|switch|p1b: Oranguru|Oranguru, L50, M, shiny|100/100\n|move|p1a: Snorlax|Protect|p1a: Snorlax\n|-singleturn|p1a: Snorlax|Protect\n|move|p2a: Dragapult|Dragon Darts|p1b: Oranguru\n|-damage|p1b: Oranguru|79/100\n|-anim|p2a: Dragapult|Dragon Darts|p1b: Oranguru\n|-damage|p1b: Oranguru|59/100\n|move|p2b: Kommo-o|Body Press|p1a: Snorlax\n|-activate|p1a: Snorlax|move: Protect\n|\n|-heal|p2b: Kommo-o|92/100|[from] item: Leftovers\n|-heal|p1a: Snorlax|39/100|[from] item: Leftovers\n|upkeep\n|turn|4\n|\n|t:|1776547147\n|move|p1a: Snorlax|Protect|p1a: Snorlax\n|-singleturn|p1a: Snorlax|Protect\n|move|p2a: Dragapult|Dragon Darts|p1b: Oranguru\n|-damage|p1b: Oranguru|41/100\n|-anim|p2a: Dragapult|Dragon Darts|p1b: Oranguru\n|-damage|p1b: Oranguru|22/100\n|move|p2b: Kommo-o|Body Press|p1b: Oranguru\n|-damage|p1b: Oranguru|0 fnt\n|faint|p1b: Oranguru\n|\n|-heal|p2b: Kommo-o|98/100|[from] item: Leftovers\n|-heal|p1a: Snorlax|45/100|[from] item: Leftovers\n|upkeep\n|\n|t:|1776547161\n|switch|p1b: Hawlucha|Hawlucha, L50, M, shiny|50/100\n|turn|5\n|\n|t:|1776547175\n|move|p1b: Hawlucha|Icy Wind|p2a: Dragapult|[spread] p2a,p2b\n|-supereffective|p2a: Dragapult|1\n|-supereffective|p2b: Kommo-o|1\n|-crit|p2b: Kommo-o\n|-damage|p2a: Dragapult|0 fnt\n|-damage|p2b: Kommo-o|66/100\n|-unboost|p2b: Kommo-o|spe|1\n|faint|p2a: Dragapult\n|move|p2b: Kommo-o|Body Press|p1a: Snorlax\n|-supereffective|p1a: Snorlax|1\n|-damage|p1a: Snorlax|0 fnt\n|faint|p1a: Snorlax\n|\n|-heal|p2b: Kommo-o|71/100|[from] item: Leftovers\n|upkeep\n|\n|t:|1776547189\n|switch|p2a: Altaria|Altaria, L50, M, shiny|100/100\n|switch|p1a: Hawlucha|Hawlucha, L50, M, shiny|100/100\n|-ability|p2a: Altaria|Cloud Nine\n|turn|6\n|\n|t:|1776547202\n|detailschange|p1a: Hawlucha|Hawlucha-Mega, L50, M, shiny\n|-mega|p1a: Hawlucha|Hawlucha|Hawluchanite\n|detailschange|p2a: Altaria|Altaria-Mega, L50, M, shiny\n|-mega|p2a: Altaria|Altaria|Altarianite\n|move|p1b: Hawlucha|Icy Wind|p2b: Kommo-o|[spread] p2a,p2b\n|-supereffective|p2a: Altaria|1\n|-supereffective|p2b: Kommo-o|1\n|-damage|p2a: Altaria|77/100\n|-damage|p2b: Kommo-o|52/100\n|-unboost|p2a: Altaria|spe|1\n|-unboost|p2b: Kommo-o|spe|1\n|move|p1a: Hawlucha|Brave Bird|p2b: Kommo-o\n|-supereffective|p2b: Kommo-o|1\n|-damage|p2b: Kommo-o|5/100\n|-damage|p1a: Hawlucha|84/100|[from] Recoil\n|move|p2a: Altaria|Hyper Voice|p1b: Hawlucha|[spread] p1a,p1b\n|-supereffective|p1a: Hawlucha|1\n|-damage|p1a: Hawlucha|0 fnt\n|-damage|p1b: Hawlucha|0 fnt\n|replace|p1b: Zoroark|Zoroark-Hisui, L50, M, shiny\n|-end|p1b: Zoroark|Illusion\n|faint|p1a: Hawlucha\n|faint|p1b: Zoroark\n|\n|win|DEATHxxENIGMA\n|raw|Henryy_404's rating: 1171 &rarr; <strong>1143</strong><br />(-28 for losing)\n|raw|DEATHxxENIGMA's rating: 1130 &rarr; <strong>1158</strong><br />(+28 for winning)\n|l|\u2606Henryy_404\n|player|p1|\n",
  "uploadtime": 1776547224,
  "views": 10,
  "formatid": "gen9championsvgc2026regma",
  "rating": 1143,
  "private": 0,
  "password": null
}