{
  "id": "gen9championsvgc2026regma-2586999586",
  "format": "[Gen 9 Champions] VGC 2026 Reg M-A",
  "players": [
    "hydragraphica",
    "Phonx_Ghost"
  ],
  "log": "|j|\u2606hydragraphica\n|j|\u2606Phonx_Ghost\n|t:|1776479804\n|gametype|doubles\n|player|p1|hydragraphica|n|1000\n|player|p2|Phonx_Ghost|will|1081\n|gen|9\n|tier|[Gen 9 Champions] VGC 2026 Reg M-A\n|rated|\n|rule|Species Clause: Limit one of each Pok\u00e9mon\n|rule|Item Clause: Limit 1 of each item\n|clearpoke\n|poke|p1|Scovillain, L50, M|\n|poke|p1|Dragapult, L50, F|\n|poke|p1|Tyranitar, L50, F|\n|poke|p1|Excadrill, L50, M|\n|poke|p1|Incineroar, L50, F|\n|poke|p1|Sinistcha, L50|\n|poke|p2|Golurk, L50|\n|poke|p2|Kingambit, L50, F|\n|poke|p2|Sneasler, L50, F|\n|poke|p2|Sinistcha-Masterpiece, L50|\n|poke|p2|Spiritomb, L50, M|\n|poke|p2|Incineroar, L50, F|\n|teampreview|4\nhydragraphica has agreed to open team sheets.\n|inactive|Battle timer is ON: inactive players will automatically lose when time's up. (requested by hydragraphica)\n|\n|t:|1776479846\n|teamsize|p1|4\n|teamsize|p2|4\n|start\n|switch|p1a: Scovillain|Scovillain, L50, M|100/100\n|switch|p1b: Dragapult|Dragapult, L50, F|100/100\n|switch|p2a: Reginaldo-Prime|Golurk, L50, shiny|100/100\n|switch|p2b: Cynthia v2|Spiritomb, L50, M, shiny|100/100\n|turn|1\n|inactive|hydragraphica has 30 seconds left.\n|\n|t:|1776479875\n|detailschange|p2a: Reginaldo-Prime|Golurk-Mega, L50, shiny\n|-mega|p2a: Reginaldo-Prime|Golurk|Golurkite\n|move|p1a: Scovillain|Protect|p1a: Scovillain\n|-singleturn|p1a: Scovillain|Protect\n|move|p2a: Reginaldo-Prime|Protect|p2a: Reginaldo-Prime\n|-singleturn|p2a: Reginaldo-Prime|Protect\n|move|p1b: Dragapult|Reflect|p1b: Dragapult\n|-sidestart|p1: hydragraphica|Reflect\n|move|p2b: Cynthia v2|Trick Room|p2b: Cynthia v2\n|-fieldstart|move: Trick Room|[of] p2b: Cynthia v2\n|\n|-ability|p1a: Scovillain|Moody|boost\n|-boost|p1a: Scovillain|spa|2\n|-unboost|p1a: Scovillain|def|1\n|upkeep\n|turn|2\n|inactive|hydragraphica has 30 seconds left.\n|\n|t:|1776479907\n|detailschange|p1a: Scovillain|Scovillain-Mega, L50, M\n|-mega|p1a: Scovillain|Scovillain|Scovillainite\n|move|p2b: Cynthia v2|Snarl|p1b: Dragapult|[spread] p1b\n|-miss|p2b: Cynthia v2|p1a: Scovillain\n|-supereffective|p1b: Dragapult|1\n|-damage|p1b: Dragapult|64/100\n|-unboost|p1b: Dragapult|spa|1\n|move|p2a: Reginaldo-Prime|Earthquake|p1b: Dragapult|[spread] p2b,p1a,p1b\n|-crit|p1b: Dragapult\n|-damage|p2b: Cynthia v2|45/100\n|-damage|p1a: Scovillain|53/100\n|-damage|p1b: Dragapult|0 fnt\n|-status|p2a: Reginaldo-Prime|brn|[from] ability: Spicy Spray|[of] p1a: Scovillain\n|-enditem|p2b: Cynthia v2|Sitrus Berry|[eat]\n|-heal|p2b: Cynthia v2|70/100|[from] item: Sitrus Berry\n|faint|p1b: Dragapult\n|move|p1a: Scovillain|Leech Seed|p2a: Reginaldo-Prime\n|-start|p2a: Reginaldo-Prime|move: Leech Seed\n|\n|-damage|p2a: Reginaldo-Prime|88/100 brn|[from] Leech Seed|[of] p1a: Scovillain\n|-heal|p1a: Scovillain|66/100|[silent]\n|-damage|p2a: Reginaldo-Prime|82/100 brn|[from] brn\n|upkeep\n|\n|t:|1776479925\n|switch|p1b: Tyranitar|Tyranitar, L50, F|100/100\n|-weather|Sandstorm|[from] ability: Sand Stream|[of] p1b: Tyranitar\n|turn|3\n|\n|t:|1776479934\n|switch|p1b: Excadrill|Excadrill, L50, M|100/100\n|move|p1a: Scovillain|Rage Powder|p1a: Scovillain\n|-singleturn|p1a: Scovillain|move: Rage Powder\n|move|p2a: Reginaldo-Prime|Drain Punch|p1a: Scovillain\n|-crit|p1a: Scovillain\n|-damage|p1a: Scovillain|32/100\n|-heal|p2a: Reginaldo-Prime|98/100 brn|[from] drain|[of] p1a: Scovillain\n|move|p2b: Cynthia v2|Trick Room|p2b: Cynthia v2\n|-fieldend|move: Trick Room\n|\n|-weather|Sandstorm|[upkeep]\n|-damage|p1a: Scovillain|27/100|[from] Sandstorm\n|-damage|p2b: Cynthia v2|64/100|[from] Sandstorm\n|-damage|p2a: Reginaldo-Prime|85/100 brn|[from] Leech Seed|[of] p1a: Scovillain\n|-heal|p1a: Scovillain|40/100|[silent]\n|-damage|p2a: Reginaldo-Prime|79/100 brn|[from] brn\n|upkeep\n|turn|4\n|\n|t:|1776479958\n|move|p1a: Scovillain|Protect|p1a: Scovillain\n|-singleturn|p1a: Scovillain|Protect\n|move|p2a: Reginaldo-Prime|Protect|p2a: Reginaldo-Prime\n|-singleturn|p2a: Reginaldo-Prime|Protect\n|move|p1b: Excadrill|Iron Head|p2a: Reginaldo-Prime\n|-activate|p2a: Reginaldo-Prime|move: Protect\n|move|p2b: Cynthia v2|Trick Room|p2b: Cynthia v2\n|-fieldstart|move: Trick Room|[of] p2b: Cynthia v2\n|\n|-weather|Sandstorm|[upkeep]\n|-damage|p2b: Cynthia v2|59/100|[from] Sandstorm\n|-damage|p1a: Scovillain|34/100|[from] Sandstorm\n|-damage|p2a: Reginaldo-Prime|67/100 brn|[from] Leech Seed|[of] p1a: Scovillain\n|-heal|p1a: Scovillain|48/100|[silent]\n|-damage|p2a: Reginaldo-Prime|61/100 brn|[from] brn\n|upkeep\n|turn|5\n|c|\u2606Phonx_Ghost|ops\n|\n|t:|1776479976\n|move|p1b: Excadrill|Protect|p1b: Excadrill\n|-singleturn|p1b: Excadrill|Protect\n|move|p2b: Cynthia v2|Snarl|p1a: Scovillain|[spread] p1a\n|-activate|p1b: Excadrill|move: Protect\n|-crit|p1a: Scovillain\n|-damage|p1a: Scovillain|25/100\n|-unboost|p1a: Scovillain|spa|1\n|-status|p2b: Cynthia v2|brn|[from] ability: Spicy Spray|[of] p1a: Scovillain\n|move|p2a: Reginaldo-Prime|Drain Punch|p1b: Excadrill\n|-supereffective|p1b: Excadrill|1\n|-ability|p2a: Reginaldo-Prime|Unseen Fist\n|-zbroken|p1b: Excadrill\n|-damage|p1b: Excadrill|93/100\n|-heal|p2a: Reginaldo-Prime|65/100 brn|[from] drain|[of] p1b: Excadrill\n|move|p1a: Scovillain|Giga Drain|p2a: Reginaldo-Prime\n|-supereffective|p2a: Reginaldo-Prime|1\n|-damage|p2a: Reginaldo-Prime|0 fnt\n|-heal|p1a: Scovillain|60/100|[from] drain|[of] p2a: Reginaldo-Prime\n|faint|p2a: Reginaldo-Prime\n|\n|-weather|Sandstorm|[upkeep]\n|-damage|p2b: Cynthia v2|53/100 brn|[from] Sandstorm\n|-damage|p1a: Scovillain|54/100|[from] Sandstorm\n|-damage|p2b: Cynthia v2|48/100 brn|[from] brn\n|-sideend|p1: hydragraphica|Reflect\n|upkeep\n|\n|t:|1776479998\n|switch|p2a: ch\u00e1|Sinistcha-Masterpiece, L50, shiny|100/100\n|-heal|p2b: Cynthia v2|72/100 brn|[from] ability: Hospitality|[of] p2a: ch\u00e1\n|turn|6\n|\n|t:|1776480019\n|move|p1a: Scovillain|Rage Powder|p1a: Scovillain\n|-singleturn|p1a: Scovillain|move: Rage Powder\n|move|p2b: Cynthia v2|Snarl|p1b: Excadrill|[spread] p1a,p1b\n|-damage|p1a: Scovillain|38/100\n|-damage|p1b: Excadrill|69/100\n|-unboost|p1a: Scovillain|spa|1\n|-unboost|p1b: Excadrill|spa|1\n|move|p2a: ch\u00e1|Matcha Gotcha|p1a: Scovillain|[spread] p1a,p1b\n|-resisted|p1a: Scovillain|2\n|-damage|p1a: Scovillain|32/100\n|-damage|p1b: Excadrill|34/100\n|-status|p2a: ch\u00e1|brn|[from] ability: Spicy Spray|[of] p1a: Scovillain\n|move|p1b: Excadrill|Iron Head|p2b: Cynthia v2\n|-damage|p2b: Cynthia v2|0 fnt\n|faint|p2b: Cynthia v2\n|\n|-weather|Sandstorm|[upkeep]\n|-damage|p2a: ch\u00e1|95/100 brn|[from] Sandstorm\n|-damage|p1a: Scovillain|27/100|[from] Sandstorm\n|-heal|p2a: ch\u00e1|100/100 brn|[from] item: Leftovers\n|-damage|p2a: ch\u00e1|95/100 brn|[from] brn\n|upkeep\n|\n|t:|1776480039\n|switch|p2b: Zez\u00e3o|Sneasler, L50, F, shiny|100/100\n|turn|7\n|\n|t:|1776480047\n|switch|p1b: Tyranitar|Tyranitar, L50, F|100/100\n|move|p1a: Scovillain|Protect|p1a: Scovillain\n|-singleturn|p1a: Scovillain|Protect\n|move|p2b: Zez\u00e3o|Fake Out|p1a: Scovillain\n|-activate|p1a: Scovillain|move: Protect\n|move|p2a: ch\u00e1|Matcha Gotcha|p1a: Scovillain|[spread] p1b\n|-activate|p1a: Scovillain|move: Protect\n|-supereffective|p1b: Tyranitar|1\n|-damage|p1b: Tyranitar|68/100\n|-heal|p2a: ch\u00e1|100/100 brn|[from] drain|[of] p1b: Tyranitar\n|\n|-weather|none\n|-damage|p2a: ch\u00e1|95/100 brn|[from] brn\n|upkeep\n|turn|8\n|inactive|hydragraphica has 30 seconds left.\n|\n|t:|1776480079\n|move|p1b: Tyranitar|Rock Slide|p2a: ch\u00e1|[spread] p2a,p2b\n|-resisted|p2b: Zez\u00e3o|1\n|-damage|p2a: ch\u00e1|64/100 brn\n|-damage|p2b: Zez\u00e3o|75/100\n|move|p2a: ch\u00e1|Matcha Gotcha|p1a: Scovillain|[spread] p1a,p1b\n|-resisted|p1a: Scovillain|2\n|-supereffective|p1b: Tyranitar|1\n|-damage|p1a: Scovillain|21/100\n|-heal|p2a: ch\u00e1|67/100 brn|[from] drain|[of] p1a: Scovillain\n|-damage|p1b: Tyranitar|17/100\n|-heal|p2a: ch\u00e1|98/100 brn|[from] drain|[of] p1b: Tyranitar\n|move|p1a: Scovillain|Leech Seed|p2b: Zez\u00e3o\n|-start|p2b: Zez\u00e3o|move: Leech Seed\n|cant|p2b: Zez\u00e3o|flinch\n|\n|-heal|p2a: ch\u00e1|100/100 brn|[from] item: Leftovers\n|-damage|p2b: Zez\u00e3o|63/100|[from] Leech Seed|[of] p1a: Scovillain\n|-heal|p1a: Scovillain|32/100|[silent]\n|-damage|p2a: ch\u00e1|95/100 brn|[from] brn\n|-fieldend|move: Trick Room\n|upkeep\n|turn|9\n|\n|t:|1776480100\n|switch|p1b: Excadrill|Excadrill, L50, M|34/100\n|move|p1a: Scovillain|Protect|p1a: Scovillain\n|-singleturn|p1a: Scovillain|Protect\n|move|p2b: Zez\u00e3o|Dire Claw|p1a: Scovillain\n|-activate|p1a: Scovillain|move: Protect\n|move|p2a: ch\u00e1|Matcha Gotcha|p1b: Excadrill|[spread] p1b\n|-activate|p1a: Scovillain|move: Protect\n|-damage|p1b: Excadrill|0 fnt\n|-heal|p2a: ch\u00e1|100/100 brn|[from] drain|[of] p1b: Excadrill\n|faint|p1b: Excadrill\n|\n|-damage|p2b: Zez\u00e3o|51/100|[from] Leech Seed|[of] p1a: Scovillain\n|-heal|p1a: Scovillain|43/100|[silent]\n|-damage|p2a: ch\u00e1|95/100 brn|[from] brn\n|upkeep\n|-message|hydragraphica forfeited.\n|\n|win|Phonx_Ghost\n|raw|hydragraphica's rating: 1000 &rarr; <strong>1000</strong><br />(+0 for losing)\n|raw|Phonx_Ghost's rating: 1081 &rarr; <strong>1102</strong><br />(+21 for winning)\n|l|\u2606hydragraphica\n|player|p1|\n",
  "uploadtime": 1776480118,
  "views": 18,
  "formatid": "gen9championsvgc2026regma",
  "rating": 1000,
  "private": 0,
  "password": null
}