{
  "id": "gen9championsvgc2026regma-2587470507",
  "format": "[Gen 9 Champions] VGC 2026 Reg M-A",
  "players": [
    "irishsnowman",
    "owningace4"
  ],
  "log": "|j|\u2606irishsnowman\n|j|\u2606owningace4\n|t:|1776534549\n|gametype|doubles\n|player|p1|irishsnowman|265|1040\n|player|p2|owningace4|2|1108\n|gen|9\n|tier|[Gen 9 Champions] VGC 2026 Reg M-A\n|rated|\n|rule|Species Clause: Limit one of each Pok\u00e9mon\n|rule|Item Clause: Limit 1 of each item\n|clearpoke\n|poke|p1|Talonflame, L50, F|\n|poke|p1|Milotic, L50, M|\n|poke|p1|Meganium, L50, M|\n|poke|p1|Espathra, L50, M|\n|poke|p1|Hydreigon, L50, M|\n|poke|p1|Medicham, L50, M|\n|poke|p2|Alakazam, L50, F|\n|poke|p2|Golurk, L50|\n|poke|p2|Sneasler, L50, M|\n|poke|p2|Azumarill, L50, F|\n|poke|p2|Aerodactyl, L50, F|\n|poke|p2|Venusaur, L50, M|\n|teampreview|4\n|\n|t:|1776534584\n|teamsize|p1|4\n|teamsize|p2|4\n|start\n|switch|p1a: Espathra|Espathra, L50, M|100/100\n|switch|p1b: Milotic|Milotic, L50, M|100/100\n|switch|p2a: Sneasler|Sneasler, L50, M|100/100\n|switch|p2b: Aerodactyl|Aerodactyl, L50, F|100/100\n|turn|1\n|inactive|Battle timer is ON: inactive players will automatically lose when time's up. (requested by owningace4)\n|\n|t:|1776534605\n|detailschange|p2b: Aerodactyl|Aerodactyl-Mega, L50, F\n|-mega|p2b: Aerodactyl|Aerodactyl|Aerodactylite\n|move|p2a: Sneasler|Fake Out|p1b: Milotic\n|-damage|p1b: Milotic|89/100\n|move|p2b: Aerodactyl|Dual Wingbeat|p1a: Espathra\n|-damage|p1a: Espathra|62/100\n|-damage|p1a: Espathra|20/100\n|-hitcount|p1a: Espathra|2\n|move|p1a: Espathra|Calm Mind|p1a: Espathra\n|-boost|p1a: Espathra|spa|1\n|-boost|p1a: Espathra|spd|1\n|cant|p1b: Milotic|flinch\n|\n|-heal|p1b: Milotic|95/100|[from] item: Leftovers\n|-ability|p1a: Espathra|Speed Boost|boost\n|-boost|p1a: Espathra|spe|1\n|upkeep\n|turn|2\n|\n|t:|1776534627\n|switch|p2a: Azumarill|Azumarill, L50, F|100/100\n|move|p1a: Espathra|Protect|p1a: Espathra\n|-singleturn|p1a: Espathra|Protect\n|move|p2b: Aerodactyl|Protect|p2b: Aerodactyl\n|-singleturn|p2b: Aerodactyl|Protect\n|move|p1b: Milotic|Icy Wind|p2b: Aerodactyl|[spread] p2a\n|-activate|p2b: Aerodactyl|move: Protect\n|-resisted|p2a: Azumarill|1\n|-damage|p2a: Azumarill|96/100\n|-unboost|p2a: Azumarill|spe|1\n|\n|-heal|p1b: Milotic|100/100|[from] item: Leftovers\n|-ability|p1a: Espathra|Speed Boost|boost\n|-boost|p1a: Espathra|spe|1\n|upkeep\n|turn|3\n|\n|t:|1776534642\n|switch|p2b: Venusaur|Venusaur, L50, M|100/100\n|move|p1a: Espathra|Calm Mind|p1a: Espathra\n|-boost|p1a: Espathra|spa|1\n|-boost|p1a: Espathra|spd|1\n|move|p1b: Milotic|Scald|p2b: Venusaur\n|-resisted|p2b: Venusaur|1\n|-damage|p2b: Venusaur|88/100\n|-status|p2b: Venusaur|brn\n|move|p2a: Azumarill|Belly Drum|p2a: Azumarill\n|-damage|p2a: Azumarill|46/100\n|-setboost|p2a: Azumarill|atk|6|[from] move: Belly Drum\n|-enditem|p2a: Azumarill|Sitrus Berry|[eat]\n|-heal|p2a: Azumarill|71/100|[from] item: Sitrus Berry\n|\n|-damage|p2b: Venusaur|82/100 brn|[from] brn\n|-ability|p1a: Espathra|Speed Boost|boost\n|-boost|p1a: Espathra|spe|1\n|upkeep\n|turn|4\n|\n|t:|1776534663\n|move|p2a: Azumarill|Aqua Jet|p1a: Espathra\n|-damage|p1a: Espathra|0 fnt\n|faint|p1a: Espathra\n|move|p2b: Venusaur|Sleep Powder|p1b: Milotic\n|-status|p1b: Milotic|slp|[from] move: Sleep Powder\n|cant|p1b: Milotic|slp\n|\n|-damage|p2b: Venusaur|76/100 brn|[from] brn\n|upkeep\n|\n|t:|1776534669\n|switch|p1a: Medicham|Medicham, L50, M|100/100\n|turn|5\n|\n|t:|1776534678\n|detailschange|p1a: Medicham|Medicham-Mega, L50, M\n|-mega|p1a: Medicham|Medicham|Medichamite\n|move|p2a: Azumarill|Protect|p2a: Azumarill\n|-singleturn|p2a: Azumarill|Protect\n|move|p1a: Medicham|Zen Headbutt|p2a: Azumarill\n|-activate|p2a: Azumarill|move: Protect\n|move|p2b: Venusaur|Sleep Powder|p1a: Medicham\n|-status|p1a: Medicham|slp|[from] move: Sleep Powder\n|cant|p1b: Milotic|slp\n|\n|-damage|p2b: Venusaur|70/100 brn|[from] brn\n|upkeep\n|turn|6\n|-message|irishsnowman forfeited.\n|\n|win|owningace4\n|raw|irishsnowman's rating: 1040 &rarr; <strong>1027</strong><br />(-13 for losing)\n|raw|owningace4's rating: 1108 &rarr; <strong>1128</strong><br />(+20 for winning)\n|l|\u2606irishsnowman\n|player|p1|\n",
  "uploadtime": 1776534690,
  "views": 13,
  "formatid": "gen9championsvgc2026regma",
  "rating": 1027,
  "private": 0,
  "password": null
}