{
  "id": "gen9championsvgc2026regma-2581842072",
  "format": "[Gen 9 Champions] VGC 2026 Reg M-A",
  "players": [
    "doledragon",
    "SweetNyxiePie"
  ],
  "log": "|j|\u2606doledragon\n|j|\u2606SweetNyxiePie\n|t:|1776032892\n|gametype|doubles\n|player|p1|doledragon|juggler|1084\n|player|p2|SweetNyxiePie|clerkf|1140\n|gen|9\n|tier|[Gen 9 Champions] VGC 2026 Reg M-A\n|rated|\n|rule|Species Clause: Limit one of each Pok\u00e9mon\n|rule|Item Clause: Limit 1 of each item\n|clearpoke\n|poke|p1|Glimmora, L50, F|\n|poke|p1|Kingambit, L50, M|\n|poke|p1|Tyranitar, L50, M|\n|poke|p1|Incineroar, L50, M|\n|poke|p1|Meganium, L50, F|\n|poke|p1|Aerodactyl, L50, M|\n|poke|p2|Abomasnow, L50, M|\n|poke|p2|Hatterene, L50, F|\n|poke|p2|Sylveon, L50, F|\n|poke|p2|Incineroar, L50, F|\n|poke|p2|Azumarill, L50, M|\n|poke|p2|Umbreon, L50, F|\n|teampreview|4\nSweetNyxiePie has agreed to open team sheets.\n|inactive|Battle timer is ON: inactive players will automatically lose when time's up. (requested by SweetNyxiePie)\n|\n|t:|1776032967\n|teamsize|p1|4\n|teamsize|p2|4\n|start\n|switch|p1a: Magnus Carlson|Kingambit, L50, M|100/100\n|switch|p1b: Regina George|Glimmora, L50, F, shiny|100/100\n|switch|p2a: Hatterene|Hatterene, L50, F, shiny|100/100\n|switch|p2b: Incineroar|Incineroar, L50, F|100/100\n|-ability|p2b: Incineroar|Intimidate|boost\n|-unboost|p1a: Magnus Carlson|atk|1\n|-ability|p1a: Magnus Carlson|Defiant|boost\n|-boost|p1a: Magnus Carlson|atk|2\n|-unboost|p1b: Regina George|atk|1\n|turn|1\n|\n|t:|1776032988\n|move|p2b: Incineroar|Fake Out|p1a: Magnus Carlson\n|-resisted|p1a: Magnus Carlson|1\n|-damage|p1a: Magnus Carlson|97/100\n|move|p1b: Regina George|Sludge Bomb|p2a: Hatterene\n|-supereffective|p2a: Hatterene|1\n|-enditem|p2a: Hatterene|Kebia Berry|[eat]\n|-enditem|p2a: Hatterene|Kebia Berry|[weaken]\n|-damage|p2a: Hatterene|57/100\n|cant|p1a: Magnus Carlson|flinch\n|move|p2a: Hatterene|Trick Room|p2a: Hatterene\n|-fieldstart|move: Trick Room|[of] p2a: Hatterene\n|\n|upkeep\n|turn|2\n|inactive|doledragon has 30 seconds left.\n|\n|t:|1776033017\n|switch|p1b: Wolfey|Incineroar, L50, M|100/100\n|-ability|p1b: Wolfey|Intimidate|boost\n|-unboost|p2a: Hatterene|atk|1\n|-unboost|p2b: Incineroar|atk|1\n|move|p1a: Magnus Carlson|Protect|p1a: Magnus Carlson\n|-singleturn|p1a: Magnus Carlson|Protect\n|move|p2a: Hatterene|Mystical Fire|p1a: Magnus Carlson\n|-activate|p1a: Magnus Carlson|move: Protect\n|move|p2b: Incineroar|Flare Blitz|p1a: Magnus Carlson\n|-activate|p1a: Magnus Carlson|move: Protect\n|\n|upkeep\n|turn|3\n|inactive|doledragon has 30 seconds left.\n|inactive|doledragon has 20 seconds left.\n|inactive|doledragon has 15 seconds left.\n|inactive|doledragon has 10 seconds left.\n|\n|t:|1776033064\n|switch|p1a: Regina George|Glimmora, L50, F, shiny|100/100\n|move|p2a: Hatterene|Dazzling Gleam|p1b: Wolfey|[spread] p1a,p1b\n|-resisted|p1a: Regina George|1\n|-damage|p1a: Regina George|83/100\n|-damage|p1b: Wolfey|83/100\n|move|p1b: Wolfey|Parting Shot|p2a: Hatterene\n|move|p2a: Hatterene|Parting Shot|p1b: Wolfey|[from] ability: Magic Bounce\n|-unboost|p1b: Wolfey|atk|1\n|-unboost|p1b: Wolfey|spa|1\n|\n|t:|1776033079\n|switch|p2a: Azumarill|Azumarill, L50, M|100/100|[from] Parting Shot\n|move|p2b: Incineroar|Flare Blitz|p1a: Regina George\n|-resisted|p1a: Regina George|1\n|-damage|p1a: Regina George|64/100\n|-activate|p1a: Regina George|ability: Toxic Debris\n|-sidestart|p2: SweetNyxiePie|move: Toxic Spikes\n|-damage|p2b: Incineroar|96/100|[from] Recoil\n|\n|upkeep\n|turn|4\n|inactive|doledragon has 30 seconds left.\n|\n|t:|1776033108\n|switch|p1b: Magnus Carlson|Kingambit, L50, M|97/100\n|move|p1a: Regina George|Spiky Shield|p1a: Regina George\n|-singleturn|p1a: Regina George|move: Protect\n|move|p2a: Azumarill|Superpower|p1b: Magnus Carlson\n|-supereffective|p1b: Magnus Carlson|2\n|-damage|p1b: Magnus Carlson|0 fnt\n|-unboost|p2a: Azumarill|atk|1\n|-unboost|p2a: Azumarill|def|1\n|faint|p1b: Magnus Carlson\n|-enditem|p2a: Azumarill|White Herb\n|-clearnegativeboost|p2a: Azumarill|[silent]\n|move|p2b: Incineroar|Snarl|p1a: Regina George\n|-activate|p1a: Regina George|move: Protect\n|\n|upkeep\n|\n|t:|1776033126\n|switch|p1b: Wolfey|Incineroar, L50, M|83/100\n|-ability|p1b: Wolfey|Intimidate|boost\n|-unboost|p2a: Azumarill|atk|1\n|-unboost|p2b: Incineroar|atk|1\n|turn|5\n|\n|t:|1776033147\n|move|p1b: Wolfey|Fake Out|p2a: Azumarill\n|-damage|p2a: Azumarill|91/100\n|cant|p2a: Azumarill|flinch\n|move|p2b: Incineroar|Parting Shot|p1a: Regina George\n|-unboost|p1a: Regina George|atk|1\n|-unboost|p1a: Regina George|spa|1\n|\n|t:|1776033151\n|switch|p2b: Hatterene|Hatterene, L50, F, shiny|57/100|[from] Parting Shot\n|-status|p2b: Hatterene|psn\n|move|p1a: Regina George|Power Gem|p2b: Hatterene\n|-damage|p2b: Hatterene|32/100 psn\n|\n|-damage|p2b: Hatterene|20/100 psn|[from] psn\n|-fieldend|move: Trick Room\n|upkeep\n|turn|6\n|\n|t:|1776033170\n|move|p1a: Regina George|Sludge Bomb|p2a: Azumarill\n|-supereffective|p2a: Azumarill|1\n|-damage|p2a: Azumarill|21/100\n|-status|p2a: Azumarill|psn\n|move|p1b: Wolfey|Darkest Lariat|p2b: Hatterene\n|-damage|p2b: Hatterene|0 fnt\n|faint|p2b: Hatterene\n|move|p2a: Azumarill|Belly Drum||[still]\n|-fail|p2a: Azumarill\n|\n|-damage|p2a: Azumarill|9/100 psn|[from] psn\n|upkeep\n|\n|t:|1776033175\n|switch|p2b: Incineroar|Incineroar, L50, F|96/100\n|-status|p2b: Incineroar|psn\n|-ability|p2b: Incineroar|Intimidate|boost\n|-unboost|p1a: Regina George|atk|1\n|-unboost|p1b: Wolfey|atk|1\n|turn|7\n|\n|t:|1776033197\n|move|p1a: Regina George|Spiky Shield|p1a: Regina George\n|-singleturn|p1a: Regina George|move: Protect\n|move|p2b: Incineroar|Fake Out|p1b: Wolfey\n|-damage|p1b: Wolfey|73/100\n|move|p2a: Azumarill|Aqua Jet|p1a: Regina George\n|-activate|p1a: Regina George|move: Protect\n|-damage|p2a: Azumarill|0 fnt|[from] Spiky Shield|[of] p1a: Regina George\n|faint|p2a: Azumarill\n|cant|p1b: Wolfey|flinch\n|\n|-damage|p2b: Incineroar|83/100 psn|[from] psn\n|upkeep\n|\n|t:|1776033200\n|switch|p2a: Abomasnow|Abomasnow, L50, M|100/100\n|-status|p2a: Abomasnow|psn\n|-weather|Snowscape|[from] ability: Snow Warning|[of] p2a: Abomasnow\n|turn|8\n|c|\u2606SweetNyxiePie|That was a nice play, ggwp! <3\n|inactive|doledragon has 30 seconds left.\n|inactive|doledragon has 20 seconds left.\n|\n|t:|1776033237\n|detailschange|p2a: Abomasnow|Abomasnow-Mega, L50, M\n|-mega|p2a: Abomasnow|Abomasnow|Abomasite\n|move|p1b: Wolfey|Helping Hand|p1a: Regina George\n|-singleturn|p1a: Regina George|Helping Hand|[of] p1b: Wolfey\n|move|p1a: Regina George|Power Gem|p2a: Abomasnow\n|-supereffective|p2a: Abomasnow|1\n|-damage|p2a: Abomasnow|30/100 psn\n|move|p2b: Incineroar|Flare Blitz|p1a: Regina George\n|-resisted|p1a: Regina George|1\n|-damage|p1a: Regina George|34/100\n|-activate|p1a: Regina George|ability: Toxic Debris\n|-sidestart|p2: SweetNyxiePie|move: Toxic Spikes\n|-damage|p2b: Incineroar|75/100 psn|[from] Recoil\n|move|p2a: Abomasnow|Blizzard|p1b: Wolfey|[spread] p1a,p1b\n|-resisted|p1b: Wolfey|1\n|-damage|p1a: Regina George|0 fnt\n|-damage|p1b: Wolfey|58/100\n|faint|p1a: Regina George\n|\n|-weather|Snowscape|[upkeep]\n|-damage|p2b: Incineroar|63/100 psn|[from] psn\n|-damage|p2a: Abomasnow|18/100 psn|[from] psn\n|upkeep\n|\n|t:|1776033255\n|switch|p1a: Little Foot|Meganium, L50, F, shiny|100/100\n|turn|9\n|\n|t:|1776033271\n|detailschange|p1a: Little Foot|Meganium-Mega, L50, F, shiny\n|-mega|p1a: Little Foot|Meganium|Meganiumite\n|move|p1a: Little Foot|Protect|p1a: Little Foot\n|-singleturn|p1a: Little Foot|Protect\n|move|p1b: Wolfey|Darkest Lariat|p2a: Abomasnow\n|-damage|p2a: Abomasnow|3/100 psn\n|move|p2b: Incineroar|Flare Blitz|p1a: Little Foot\n|-activate|p1a: Little Foot|move: Protect\n|move|p2a: Abomasnow|Rock Slide|p1a: Little Foot|[spread] p1b\n|-activate|p1a: Little Foot|move: Protect\n|-supereffective|p1b: Wolfey|1\n|-damage|p1b: Wolfey|26/100\n|-enditem|p1b: Wolfey|Sitrus Berry|[eat]\n|-heal|p1b: Wolfey|51/100|[from] item: Sitrus Berry\n|\n|-weather|Snowscape|[upkeep]\n|-damage|p2b: Incineroar|50/100 psn|[from] psn\n|-damage|p2a: Abomasnow|0 fnt|[from] psn\n|faint|p2a: Abomasnow\n|upkeep\n|-enditem|p2b: Incineroar|Sitrus Berry|[eat]\n|-heal|p2b: Incineroar|75/100 psn|[from] item: Sitrus Berry\n|turn|10\n|inactive|doledragon has 30 seconds left.\n|inactive|doledragon has 20 seconds left.\n|inactive|doledragon has 15 seconds left.\n|\n|t:|1776033315\n|move|p1b: Wolfey|Helping Hand|p1a: Little Foot\n|-singleturn|p1a: Little Foot|Helping Hand|[of] p1b: Wolfey\n|move|p1a: Little Foot|Dazzling Gleam|p2b: Incineroar\n|-damage|p2b: Incineroar|17/100 psn\n|move|p2b: Incineroar|Flare Blitz|p1a: Little Foot\n|-supereffective|p1a: Little Foot|1\n|-damage|p1a: Little Foot|25/100\n|-status|p1a: Little Foot|brn\n|-damage|p2b: Incineroar|0 fnt|[from] Recoil\n|faint|p2b: Incineroar\n|\n|win|doledragon\n|raw|doledragon's rating: 1084 &rarr; <strong>1116</strong><br />(+32 for winning)\n|raw|SweetNyxiePie's rating: 1140 &rarr; <strong>1111</strong><br />(-29 for losing)\n|l|\u2606SweetNyxiePie\n|player|p2|\n",
  "uploadtime": 1776033329,
  "views": 13,
  "formatid": "gen9championsvgc2026regma",
  "rating": 1111,
  "private": 0,
  "password": null
}