{
  "id": "gen9championsvgc2026regma-2583709970",
  "format": "[Gen 9 Champions] VGC 2026 Reg M-A",
  "players": [
    "HeavyLobsterAlf",
    "Dremtrin"
  ],
  "log": "|j|\u2606HeavyLobsterAlf\n|j|\u203dDremtrin\n|t:|1776192466\n|gametype|doubles\n|player|p1|HeavyLobsterAlf|phoebe-masters|1123\n|player|p2|Dremtrin|1|1099\n|gen|9\n|tier|[Gen 9 Champions] VGC 2026 Reg M-A\n|rated|\n|rule|Species Clause: Limit one of each Pok\u00e9mon\n|rule|Item Clause: Limit 1 of each item\n|clearpoke\n|poke|p1|Meowstic, L50, M|\n|poke|p1|Floette-Eternal, L50, F|\n|poke|p1|Sinistcha, L50|\n|poke|p1|Incineroar, L50, M|\n|poke|p1|Basculegion, L50, M|\n|poke|p1|Kingambit, L50, M|\n|poke|p2|Camerupt, L50, F|\n|poke|p2|Sinistcha, L50|\n|poke|p2|Sableye, L50, M|\n|poke|p2|Araquanid, L50, F|\n|poke|p2|Ampharos, L50, M|\n|poke|p2|Oranguru, L50, F|\n|teampreview|4\n|inactive|Battle timer is ON: inactive players will automatically lose when time's up. (requested by Dremtrin)\n|inactive|Dremtrin has 60 seconds left.\n|\n|t:|1776192516\n|teamsize|p1|4\n|teamsize|p2|4\n|start\n|switch|p1a: Meowstic|Meowstic, L50, M|100/100\n|switch|p1b: Floette|Floette-Eternal, L50, F|100/100\n|switch|p2a: Oranguru|Oranguru, L50, F|100/100\n|switch|p2b: Sinistcha|Sinistcha, L50|100/100\n|turn|1\n|inactive|HeavyLobsterAlf has 30 seconds left.\n|inactive|Dremtrin has 30 seconds left.\n|inactive|Dremtrin has 20 seconds left.\n|\n|t:|1776192556\n|detailschange|p1b: Floette|Floette-Mega, L50, F\n|-mega|p1b: Floette|Floette|Floettite\n|-ability|p1b: Floette|Fairy Aura\n|move|p1a: Meowstic|Fake Tears|p2a: Oranguru\n|-unboost|p2a: Oranguru|spd|2\n|move|p1b: Floette|Moonblast|p2a: Oranguru\n|-damage|p2a: Oranguru|0 fnt\n|faint|p2a: Oranguru\n|move|p2b: Sinistcha|Trick Room|p2b: Sinistcha\n|-fieldstart|move: Trick Room|[of] p2b: Sinistcha\n|\n|upkeep\n|\n|t:|1776192569\n|switch|p2a: Camerupt|Camerupt, L50, F|100/100\n|turn|2\n|inactive|HeavyLobsterAlf has 30 seconds left.\n|\n|t:|1776192606\n|switch|p2b: Ampharos|Ampharos, L50, M|100/100\n|switch|p1a: Incineroar|Incineroar, L50, M|100/100\n|-ability|p1a: Incineroar|Intimidate|boost\n|-unboost|p2a: Camerupt|atk|1\n|-unboost|p2b: Ampharos|atk|1\n|detailschange|p2a: Camerupt|Camerupt-Mega, L50, F\n|-mega|p2a: Camerupt|Camerupt|Cameruptite\n|move|p1b: Floette|Protect|p1b: Floette\n|-singleturn|p1b: Floette|Protect\n|move|p2a: Camerupt|Eruption|p1a: Incineroar|[spread] p1a\n|-activate|p1b: Floette|move: Protect\n|-resisted|p1a: Incineroar|1\n|-damage|p1a: Incineroar|75/100\n|\n|upkeep\n|turn|3\n|\n|t:|1776192621\n|move|p2a: Camerupt|Protect|p2a: Camerupt\n|-singleturn|p2a: Camerupt|Protect\n|move|p1a: Incineroar|Fake Out|p2a: Camerupt\n|-activate|p2a: Camerupt|move: Protect\n|move|p2b: Ampharos|Power Gem|p1a: Incineroar\n|-supereffective|p1a: Incineroar|1\n|-damage|p1a: Incineroar|39/100\n|-enditem|p1a: Incineroar|Sitrus Berry|[eat]\n|-heal|p1a: Incineroar|63/100|[from] item: Sitrus Berry\n|move|p1b: Floette|Calm Mind|p1b: Floette\n|-boost|p1b: Floette|spa|1\n|-boost|p1b: Floette|spd|1\n|\n|upkeep\n|turn|4\n|\n|t:|1776192642\n|move|p1b: Floette|Protect|p1b: Floette\n|-singleturn|p1b: Floette|Protect\n|move|p2a: Camerupt|Eruption|p1a: Incineroar|[spread] p1a\n|-activate|p1b: Floette|move: Protect\n|-resisted|p1a: Incineroar|1\n|-damage|p1a: Incineroar|41/100\n|move|p2b: Ampharos|Discharge|p1a: Incineroar|[spread] p1a\n|-activate|p1b: Floette|move: Protect\n|-immune|p2a: Camerupt\n|-damage|p1a: Incineroar|20/100\n|move|p1a: Incineroar|Parting Shot|p2a: Camerupt\n|-unboost|p2a: Camerupt|atk|1\n|-unboost|p2a: Camerupt|spa|1\n|\n|t:|1776192649\n|switch|p1a: Meowstic|Meowstic, L50, M|100/100|[from] Parting Shot\n|\n|upkeep\n|turn|5\n|\n|t:|1776192658\n|move|p1a: Meowstic|Fake Out|p2a: Camerupt\n|-crit|p2a: Camerupt\n|-damage|p2a: Camerupt|93/100\n|cant|p2a: Camerupt|flinch\n|move|p2b: Ampharos|Discharge|p1b: Floette|[spread] p1a,p1b\n|-immune|p2a: Camerupt\n|-damage|p1a: Meowstic|76/100\n|-damage|p1b: Floette|82/100\n|move|p1b: Floette|Dazzling Gleam|p2b: Ampharos|[spread] p2a,p2b\n|-resisted|p2a: Camerupt|1\n|-damage|p2a: Camerupt|62/100\n|-damage|p2b: Ampharos|30/100\n|\n|-fieldend|move: Trick Room\n|upkeep\n|turn|6\n|-message|Dremtrin forfeited.\n|\n|win|HeavyLobsterAlf\n|raw|HeavyLobsterAlf's rating: 1123 &rarr; <strong>1146</strong><br />(+23 for winning)\n|raw|Dremtrin's rating: 1099 &rarr; <strong>1076</strong><br />(-23 for losing)\n|l|\u203dDremtrin\n|player|p2|\n",
  "uploadtime": 1776192665,
  "views": 13,
  "formatid": "gen9championsvgc2026regma",
  "rating": 1076,
  "private": 0,
  "password": null
}