{
  "id": "gen9championsvgc2026regma-2585360912",
  "format": "[Gen 9 Champions] VGC 2026 Reg M-A",
  "players": [
    "Kaazuma",
    "Triplo su Presenza"
  ],
  "log": "|j|\u2606Kaazuma\n|j|\u2606Triplo su Presenza\n|t:|1776341280\n|gametype|doubles\n|player|p1|Kaazuma|ethan|1364\n|player|p2|Triplo su Presenza|266|1449\n|gen|9\n|tier|[Gen 9 Champions] VGC 2026 Reg M-A\n|rated|\n|rule|Species Clause: Limit one of each Pok\u00e9mon\n|rule|Item Clause: Limit 1 of each item\n|clearpoke\n|poke|p1|Charizard, L50, F|\n|poke|p1|Whimsicott, L50, F|\n|poke|p1|Farigiraf, L50, M|\n|poke|p1|Sneasler, L50, M|\n|poke|p1|Garchomp, L50, F|\n|poke|p1|Kingambit, L50, F|\n|poke|p2|Excadrill, L50, M|\n|poke|p2|Tyranitar, L50, M|\n|poke|p2|Sneasler, L50, M|\n|poke|p2|Floette-Eternal, L50, F|\n|poke|p2|Corviknight, L50, F|\n|poke|p2|Rotom-Wash, L50|\n|teampreview|4\n|inactive|Battle timer is ON: inactive players will automatically lose when time's up. (requested by Kaazuma)\n|inactive|Triplo su Presenza has 60 seconds left.\n|\n|t:|1776341312\n|teamsize|p1|4\n|teamsize|p2|4\n|start\n|switch|p1a: Sneasler|Sneasler, L50, M|100/100\n|switch|p1b: Whimsicott|Whimsicott, L50, F|100/100\n|switch|p2a: Sneasler|Sneasler, L50, M|100/100\n|switch|p2b: Excadrill|Excadrill, L50, M|100/100\n|-ability|p2a: Sneasler|Pressure\n|turn|1\n|\n|t:|1776341329\n|move|p2a: Sneasler|Fake Out|p1a: Sneasler\n|-damage|p1a: Sneasler|77/100\n|cant|p1a: Sneasler|flinch\n|move|p1b: Whimsicott|Tailwind|p1b: Whimsicott\n|-sidestart|p1: Kaazuma|move: Tailwind\n|move|p2b: Excadrill|High Horsepower|p1a: Sneasler|[miss]\n|-miss|p2b: Excadrill|p1a: Sneasler\n|\n|upkeep\n|turn|2\n|c|\u2606Triplo su Presenza|GG\n|c|\u2606Kaazuma|nah\n|\n|t:|1776341352\n|move|p2b: Excadrill|Protect|p2b: Excadrill\n|-singleturn|p2b: Excadrill|Protect\n|move|p1b: Whimsicott|Encore|p2a: Sneasler\n|-start|p2a: Sneasler|Encore\n|move|p2a: Sneasler|Fake Out||[still]\n|-hint|Fake Out only works on your first turn out.\n|-fail|p2a: Sneasler\n|move|p1a: Sneasler|Close Combat|p2b: Excadrill\n|-activate|p2b: Excadrill|move: Protect\n|\n|upkeep\n|turn|3\n|c|\u2606Kaazuma|ok now maybe\n|\n|t:|1776341369\n|switch|p2a: Tyranitar|Tyranitar, L50, M|100/100\n|-weather|Sandstorm|[from] ability: Sand Stream|[of] p2a: Tyranitar\n|switch|p2b: Corviknight|Corviknight, L50, F|100/100\n|move|p1b: Whimsicott|Encore||[still]\n|-fail|p1b: Whimsicott\n|move|p1a: Sneasler|Close Combat|p2b: Corviknight\n|-damage|p2b: Corviknight|46/100\n|-unboost|p1a: Sneasler|def|1\n|-unboost|p1a: Sneasler|spd|1\n|-enditem|p1a: Sneasler|White Herb\n|-clearnegativeboost|p1a: Sneasler|[silent]\n|\n|-weather|Sandstorm|[upkeep]\n|-damage|p1a: Sneasler|71/100|[from] Sandstorm\n|-damage|p1b: Whimsicott|95/100|[from] Sandstorm\n|-heal|p2b: Corviknight|51/100|[from] item: Leftovers\n|upkeep\n|turn|4\n|inactive|Triplo su Presenza has 30 seconds left.\n|inactive|Triplo su Presenza has 20 seconds left.\n|inactive|Triplo su Presenza has 15 seconds left.\n|\n|t:|1776341410\n|switch|p2a: Sneasler|Sneasler, L50, M|100/100\n|-ability|p2a: Sneasler|Pressure\n|move|p1a: Sneasler|Protect|p1a: Sneasler\n|-singleturn|p1a: Sneasler|Protect\n|move|p1b: Whimsicott|Sunny Day|p1b: Whimsicott\n|-weather|SunnyDay\n|move|p2b: Corviknight|Brave Bird|p1b: Whimsicott\n|-supereffective|p1b: Whimsicott|1\n|-damage|p1b: Whimsicott|0 fnt\n|faint|p1b: Whimsicott\n|-damage|p2b: Corviknight|30/100|[from] Recoil\n|\n|-weather|SunnyDay|[upkeep]\n|-heal|p2b: Corviknight|36/100|[from] item: Leftovers\n|-sideend|p1: Kaazuma|move: Tailwind\n|upkeep\n|c|\u2606Kaazuma|gg\n|\n|t:|1776341429\n|switch|p1b: Charizard|Charizard, L50, F|100/100\n|turn|5\n|\n|t:|1776341448\n|switch|p1a: Kingambit|Kingambit, L50, F|100/100\n|move|p1b: Charizard|Protect|p1b: Charizard\n|-singleturn|p1b: Charizard|Protect\n|move|p2a: Sneasler|Fake Out|p1b: Charizard\n|-activate|p1b: Charizard|move: Protect\n|move|p2b: Corviknight|Tailwind|p2b: Corviknight\n|-sidestart|p2: Triplo su Presenza|move: Tailwind\n|\n|-weather|SunnyDay|[upkeep]\n|-damage|p1b: Charizard|88/100|[from] ability: Solar Power|[of] p1b: Charizard\n|-heal|p2b: Corviknight|42/100|[from] item: Leftovers\n|upkeep\n|turn|6\n|\n|t:|1776341466\n|move|p2a: Sneasler|Close Combat|p1a: Kingambit\n|-supereffective|p1a: Kingambit|2\n|-damage|p1a: Kingambit|0 fnt\n|-unboost|p2a: Sneasler|def|1\n|-unboost|p2a: Sneasler|spd|1\n|faint|p1a: Kingambit\n|-enditem|p2a: Sneasler|White Herb\n|-clearnegativeboost|p2a: Sneasler|[silent]\n|move|p2b: Corviknight|Brave Bird|p1b: Charizard\n|-damage|p1b: Charizard|15/100\n|-damage|p2b: Corviknight|23/100|[from] Recoil\n|move|p1b: Charizard|Heat Wave|p2a: Sneasler|[spread] p2a,p2b\n|-supereffective|p2b: Corviknight|1\n|-damage|p2a: Sneasler|8/100\n|-damage|p2b: Corviknight|0 fnt\n|faint|p2b: Corviknight\n|\n|-weather|SunnyDay|[upkeep]\n|-damage|p1b: Charizard|2/100|[from] ability: Solar Power|[of] p1b: Charizard\n|upkeep\n|\n|t:|1776341485\n|switch|p2b: Tyranitar|Tyranitar, L50, M|100/100\n|switch|p1a: Sneasler|Sneasler, L50, M|71/100\n|-weather|Sandstorm|[from] ability: Sand Stream|[of] p2b: Tyranitar\n|turn|7\n|\n|t:|1776341502\n|detailschange|p2b: Tyranitar|Tyranitar-Mega, L50, M\n|-mega|p2b: Tyranitar|Tyranitar|Tyranitarite\n|detailschange|p1b: Charizard|Charizard-Mega-Y, L50, F\n|-mega|p1b: Charizard|Charizard|Charizardite Y\n|-weather|SunnyDay|[from] ability: Drought|[of] p1b: Charizard\n|move|p2a: Sneasler|Feint|p1b: Charizard\n|-damage|p1b: Charizard|0 fnt\n|faint|p1b: Charizard\n|move|p2b: Tyranitar|Knock Off|p1a: Sneasler\n|-resisted|p1a: Sneasler|1\n|-damage|p1a: Sneasler|33/100\n|move|p1a: Sneasler|Close Combat|p2b: Tyranitar\n|-supereffective|p2b: Tyranitar|2\n|-damage|p2b: Tyranitar|0 fnt\n|-unboost|p1a: Sneasler|def|1\n|-unboost|p1a: Sneasler|spd|1\n|faint|p2b: Tyranitar\n|\n|-weather|SunnyDay|[upkeep]\n|upkeep\n|\n|t:|1776341515\n|switch|p2b: Excadrill|Excadrill, L50, M|100/100\n|turn|8\n|-message|Kaazuma forfeited.\n|\n|win|Triplo su Presenza\n|raw|Kaazuma's rating: 1364 &rarr; <strong>1349</strong><br />(-15 for losing)\n|raw|Triplo su Presenza's rating: 1449 &rarr; <strong>1464</strong><br />(+15 for winning)\n|l|\u2606Kaazuma\n|player|p1|\n",
  "uploadtime": 1776341524,
  "views": 45,
  "formatid": "gen9championsvgc2026regma",
  "rating": 1349,
  "private": 0,
  "password": null
}