{
  "id": "gen9championsvgc2026regma-2583059862",
  "format": "[Gen 9 Champions] VGC 2026 Reg M-A",
  "players": [
    "something123",
    "Sprite T"
  ],
  "log": "|j|\u2606something123\n|j|\u2606Sprite T\n|t:|1776137649\n|gametype|doubles\n|player|p1|something123|170|1462\n|player|p2|Sprite T|1|1597\n|gen|9\n|tier|[Gen 9 Champions] VGC 2026 Reg M-A\n|rated|\n|rule|Species Clause: Limit one of each Pok\u00e9mon\n|rule|Item Clause: Limit 1 of each item\n|clearpoke\n|poke|p1|Froslass, L50, F|\n|poke|p1|Kingambit, L50, M|\n|poke|p1|Sneasler, L50, M|\n|poke|p1|Palafin, L50, F|\n|poke|p1|Sinistcha, L50|\n|poke|p1|Arcanine-Hisui, L50, F|\n|poke|p2|Gengar, L50, M|\n|poke|p2|Incineroar, L50, F|\n|poke|p2|Blastoise, L50, F|\n|poke|p2|Sinistcha, L50|\n|poke|p2|Drampa, L50, F|\n|poke|p2|Kommo-o, L50, M|\n|teampreview|4\n|inactive|Battle timer is ON: inactive players will automatically lose when time's up. (requested by Sprite T)\nSprite T has agreed to open team sheets.\n|inactive|something123 has 60 seconds left.\n|inactive|something123 has 30 seconds left.\n|inactive|something123 has 20 seconds left.\n|inactive|something123 has 15 seconds left.\n|\n|t:|1776137726\n|teamsize|p1|4\n|teamsize|p2|4\n|start\n|switch|p1a: Froslass|Froslass, L50, F|100/100\n|switch|p1b: Palafin|Palafin, L50, F|100/100\n|switch|p2a: Gengar|Gengar, L50, M, shiny|100/100\n|switch|p2b: Blastoise|Blastoise, L50, F|100/100\n|turn|1\n|j| tsetse\n|\n|t:|1776137747\n|switch|p1a: Kingambit|Kingambit, L50, M|100/100\n|detailschange|p1b: Palafin|Palafin-Hero, L50, F\n|switch|p1b: Sneasler|Sneasler, L50, M|100/100\n|detailschange|p2a: Gengar|Gengar-Mega, L50, M, shiny\n|-mega|p2a: Gengar|Gengar|Gengarite\n|move|p2a: Gengar|Shadow Ball|p1a: Kingambit\n|-resisted|p1a: Kingambit|1\n|-damage|p1a: Kingambit|79/100\n|move|p2b: Blastoise|Flip Turn|p1b: Sneasler\n|-damage|p1b: Sneasler|70/100\n|\n|t:|1776137752\n|switch|p2b: Kommo-o|Kommo-o, L50, M|100/100|[from] Flip Turn\n|\n|upkeep\n|turn|2\n|\n|t:|1776137766\n|switch|p2b: Blastoise|Blastoise, L50, F|100/100\n|move|p2a: Gengar|Protect|p2a: Gengar\n|-singleturn|p2a: Gengar|Protect\n|move|p1b: Sneasler|Fake Out|p2b: Blastoise\n|-damage|p2b: Blastoise|91/100\n|move|p1a: Kingambit|Kowtow Cleave|p2a: Gengar\n|-activate|p2a: Gengar|move: Protect\n|\n|upkeep\n|turn|3\n|j| Omps\n|\n|t:|1776137786\n|move|p2b: Blastoise|Fake Out|p1a: Kingambit\n|-resisted|p1a: Kingambit|1\n|-damage|p1a: Kingambit|76/100\n|move|p2a: Gengar|Perish Song|p2a: Gengar\n|-start|p1a: Kingambit|perish3|[silent]\n|-start|p1b: Sneasler|perish3|[silent]\n|-start|p2a: Gengar|perish3|[silent]\n|-start|p2b: Blastoise|perish3|[silent]\n|-fieldactivate|move: Perish Song\n|move|p1b: Sneasler|Close Combat|p2b: Blastoise\n|-damage|p2b: Blastoise|46/100\n|-unboost|p1b: Sneasler|def|1\n|-unboost|p1b: Sneasler|spd|1\n|-enditem|p1b: Sneasler|White Herb\n|-clearnegativeboost|p1b: Sneasler|[silent]\n|cant|p1a: Kingambit|flinch\n|\n|-start|p1b: Sneasler|perish3\n|-start|p2a: Gengar|perish3\n|-start|p2b: Blastoise|perish3\n|-start|p1a: Kingambit|perish3\n|upkeep\n|turn|4\n|\n|t:|1776137806\n|switch|p2a: Kommo-o|Kommo-o, L50, M|100/100\n|move|p1b: Sneasler|Close Combat|p2b: Blastoise\n|-damage|p2b: Blastoise|6/100\n|-unboost|p1b: Sneasler|def|1\n|-unboost|p1b: Sneasler|spd|1\n|move|p2b: Blastoise|Flip Turn|p1a: Kingambit\n|-damage|p1a: Kingambit|53/100\n|\n|t:|1776137812\n|switch|p2b: Gengar|Gengar-Mega, L50, M, shiny|100/100|[from] Flip Turn\n|move|p1a: Kingambit|Iron Head|p2b: Gengar\n|-damage|p2b: Gengar|40/100\n|\n|-start|p1b: Sneasler|perish2\n|-start|p1a: Kingambit|perish2\n|upkeep\n|turn|5\n|inactive|something123 has 30 seconds left.\n|\n|t:|1776137847\n|move|p2b: Gengar|Protect|p2b: Gengar\n|-singleturn|p2b: Gengar|Protect\n|move|p2a: Kommo-o|Protect|p2a: Kommo-o\n|-singleturn|p2a: Kommo-o|Protect\n|move|p1b: Sneasler|Close Combat|p2a: Kommo-o\n|-activate|p2a: Kommo-o|move: Protect\n|move|p1a: Kingambit|Iron Head|p2a: Kommo-o\n|-activate|p2a: Kommo-o|move: Protect\n|\n|-start|p1b: Sneasler|perish1\n|-start|p1a: Kingambit|perish1\n|upkeep\n|turn|6\n|\n|t:|1776137866\n|switch|p2b: Blastoise|Blastoise, L50, F|6/100\n|switch|p2a: Sinistcha|Sinistcha, L50|100/100\n|-heal|p2b: Blastoise|31/100|[from] ability: Hospitality|[of] p2a: Sinistcha\n|move|p1b: Sneasler|Close Combat|p2a: Sinistcha\n|-immune|p2a: Sinistcha\n|move|p1a: Kingambit|Iron Head|p2a: Sinistcha\n|-damage|p2a: Sinistcha|62/100\n|\n|-start|p1b: Sneasler|perish0\n|-start|p1a: Kingambit|perish0\n|upkeep\n|faint|p1b: Sneasler\n|faint|p1a: Kingambit\n|\n|t:|1776137875\n|switch|p1b: Froslass|Froslass, L50, F|100/100\n|switch|p1a: Palafin|Palafin-Hero, L50, F|100/100\n|-activate|p1a: Palafin|ability: Zero to Hero\n|turn|7\n|\n|t:|1776137892\n|detailschange|p1b: Froslass|Froslass-Mega, L50, F\n|-mega|p1b: Froslass|Froslass|Froslassite\n|-weather|Snowscape|[from] ability: Snow Warning|[of] p1b: Froslass\n|move|p2a: Sinistcha|Protect|p2a: Sinistcha\n|-singleturn|p2a: Sinistcha|Protect\n|move|p1b: Froslass|Blizzard|p2b: Blastoise|[spread] p2b\n|-activate|p2a: Sinistcha|move: Protect\n|-resisted|p2b: Blastoise|1\n|-damage|p2b: Blastoise|15/100\n|move|p1a: Palafin|Wave Crash|p2b: Blastoise\n|-resisted|p2b: Blastoise|1\n|-damage|p2b: Blastoise|0 fnt\n|faint|p2b: Blastoise\n|-damage|p1a: Palafin|96/100|[from] Recoil\n|\n|-weather|Snowscape|[upkeep]\n|upkeep\n|\n|t:|1776137899\n|switch|p2b: Gengar|Gengar-Mega, L50, M, shiny|40/100\n|turn|8\n|\n|t:|1776137924\n|move|p2a: Sinistcha|Rage Powder|p2a: Sinistcha\n|-singleturn|p2a: Sinistcha|move: Rage Powder\n|move|p2b: Gengar|Shadow Ball|p1b: Froslass\n|-supereffective|p1b: Froslass|1\n|-damage|p1b: Froslass|16/100\n|move|p1b: Froslass|Blizzard|p2b: Gengar|[spread] p2a,p2b\n|-supereffective|p2a: Sinistcha|1\n|-damage|p2a: Sinistcha|0 fnt\n|-damage|p2b: Gengar|2/100\n|faint|p2a: Sinistcha\n|move|p1a: Palafin|Wave Crash|p2b: Gengar\n|-damage|p2b: Gengar|0 fnt\n|faint|p2b: Gengar\n|-damage|p1a: Palafin|96/100|[from] Recoil\n|\n|-weather|Snowscape|[upkeep]\n|upkeep\n|\n|t:|1776137929\n|switch|p2b: Kommo-o|Kommo-o, L50, M|100/100\n|turn|9\n|\n|t:|1776137935\n|move|p1b: Froslass|Blizzard|p2b: Kommo-o\n|-supereffective|p2b: Kommo-o|1\n|-crit|p2b: Kommo-o\n|-damage|p2b: Kommo-o|0 fnt\n|faint|p2b: Kommo-o\n|\n|win|something123\n|raw|something123's rating: 1462 &rarr; <strong>1489</strong><br />(+27 for winning)\n|raw|Sprite T's rating: 1597 &rarr; <strong>1570</strong><br />(-27 for losing)\n",
  "uploadtime": 1776137937,
  "views": 127,
  "formatid": "gen9championsvgc2026regma",
  "rating": 1489,
  "private": 0,
  "password": null
}