{
  "id": "gen9championsvgc2026regma-2580837707",
  "format": "[Gen 9 Champions] VGC 2026 Reg M-A",
  "players": [
    "anonymous_snorlax",
    "tmans3"
  ],
  "log": "|j|\u2606anonymous_snorlax\n|j|\u2606tmans3\n|t:|1775936564\n|gametype|doubles\n|player|p1|anonymous_snorlax|169|1000\n|player|p2|tmans3|169|1000\n|gen|9\n|tier|[Gen 9 Champions] VGC 2026 Reg M-A\n|rated|\n|rule|Species Clause: Limit one of each Pok\u00e9mon\n|rule|Item Clause: Limit 1 of each item\n|clearpoke\n|poke|p1|Sinistcha, L50|\n|poke|p1|Snorlax, L50, M|\n|poke|p1|Incineroar, L50, M|\n|poke|p1|Rotom-Wash, L50|\n|poke|p1|Floette-Eternal, L50, F|\n|poke|p1|Hawlucha, L50, F|\n|poke|p2|Meganium, L50, F|\n|poke|p2|Pelipper, L50, M|\n|poke|p2|Archaludon, L50, F|\n|poke|p2|Basculegion, L50, M|\n|poke|p2|Incineroar, L50, M|\n|poke|p2|Greninja-*, L50, F|\n|teampreview|4\n|\n|t:|1775936583\n|teamsize|p1|4\n|teamsize|p2|4\n|start\n|switch|p1a: Snorlax|Snorlax, L50, M|100/100\n|switch|p1b: Hawlucha|Hawlucha, L50, F|100/100\n|switch|p2a: Pelipper|Pelipper, L50, M|100/100\n|switch|p2b: Meganium|Meganium, L50, F|100/100\n|-weather|RainDance|[from] ability: Drizzle|[of] p2a: Pelipper\n|turn|1\n|inactive|Battle timer is ON: inactive players will automatically lose when time's up. (requested by anonymous_snorlax)\n|inactive|tmans3 has 60 seconds left.\n|inactive|tmans3 has 30 seconds left.\n|\n|t:|1775936689\n|detailschange|p1b: Hawlucha|Hawlucha-Mega, L50, F\n|-mega|p1b: Hawlucha|Hawlucha|Hawluchanite\n|move|p2b: Meganium|Protect|p2b: Meganium\n|-singleturn|p2b: Meganium|Protect\n|move|p1b: Hawlucha|Entrainment|p1a: Snorlax\n|-ability|p1a: Snorlax|No Guard|Thick Fat|[from] move: Entrainment|[of] p1b: Hawlucha\n|move|p2a: Pelipper|Tailwind|p2a: Pelipper\n|-sidestart|p2: tmans3|move: Tailwind\n|move|p1a: Snorlax|Fissure|p2b: Meganium\n|-activate|p2b: Meganium|move: Protect\n|\n|-weather|RainDance|[upkeep]\n|upkeep\n|turn|2\n|\n|t:|1775936708\n|switch|p1b: Rotom|Rotom-Wash, L50|100/100\n|detailschange|p2b: Meganium|Meganium-Mega, L50, F\n|-mega|p2b: Meganium|Meganium|Meganiumite\n|move|p2b: Meganium|Weather Ball|p1b: Rotom\n|-resisted|p1b: Rotom|1\n|-damage|p1b: Rotom|79/100\n|move|p2a: Pelipper|Hurricane|p1b: Rotom\n|-resisted|p1b: Rotom|1\n|-damage|p1b: Rotom|56/100\n|move|p1a: Snorlax|Fissure|p2b: Meganium\n|-damage|p2b: Meganium|0 fnt\n|faint|p2b: Meganium\n|-ohko\n|\n|-weather|RainDance|[upkeep]\n|upkeep\n|\n|t:|1775936720\n|switch|p2b: Incineroar|Incineroar, L50, M|100/100\n|-ability|p2b: Incineroar|Intimidate|boost\n|-unboost|p1a: Snorlax|atk|1\n|-unboost|p1b: Rotom|atk|1\n|turn|3\n|inactive|anonymous_snorlax has 30 seconds left.\n|inactive|anonymous_snorlax has 20 seconds left.\n|\n|t:|1775936757\n|move|p1a: Snorlax|Protect|p1a: Snorlax\n|-singleturn|p1a: Snorlax|Protect\n|move|p2b: Incineroar|Fake Out|p1a: Snorlax\n|-activate|p1a: Snorlax|move: Protect\n|move|p2a: Pelipper|Hurricane|p1a: Snorlax\n|-activate|p1a: Snorlax|move: Protect\n|move|p1b: Rotom|Volt Switch|p2a: Pelipper\n|-supereffective|p2a: Pelipper|2\n|-enditem|p2a: Pelipper|Focus Sash\n|-damage|p2a: Pelipper|1/100\n|\n|t:|1775936774\n|switch|p1b: Hawlucha|Hawlucha-Mega, L50, F|100/100|[from] Volt Switch\n|\n|-weather|RainDance|[upkeep]\n|upkeep\n|turn|4\n|\n|t:|1775936790\n|move|p1b: Hawlucha|Protect|p1b: Hawlucha\n|-singleturn|p1b: Hawlucha|Protect\n|move|p2a: Pelipper|Hurricane|p1b: Hawlucha\n|-activate|p1b: Hawlucha|move: Protect\n|move|p2b: Incineroar|Close Combat|p1a: Snorlax\n|-supereffective|p1a: Snorlax|1\n|-damage|p1a: Snorlax|58/100\n|-unboost|p2b: Incineroar|def|1\n|-unboost|p2b: Incineroar|spd|1\n|move|p1a: Snorlax|Fissure|p2b: Incineroar\n|-damage|p2b: Incineroar|0 fnt\n|faint|p2b: Incineroar\n|-ohko\n|\n|-weather|RainDance|[upkeep]\n|-heal|p1a: Snorlax|64/100|[from] item: Leftovers\n|-sideend|p2: tmans3|move: Tailwind\n|upkeep\n|\n|t:|1775936796\n|switch|p2b: Archaludon|Archaludon, L50, F|100/100\n|turn|5\n|\n|t:|1775936809\n|move|p2b: Archaludon|Protect|p2b: Archaludon\n|-singleturn|p2b: Archaludon|Protect\n|move|p1b: Hawlucha|Brave Bird|p2a: Pelipper\n|-damage|p2a: Pelipper|0 fnt\n|faint|p2a: Pelipper\n|-damage|p1b: Hawlucha|99/100|[from] Recoil\n|move|p1a: Snorlax|Fissure|p2b: Archaludon\n|-activate|p2b: Archaludon|move: Protect\n|\n|-weather|none\n|-heal|p1a: Snorlax|70/100|[from] item: Leftovers\n|upkeep\n|turn|6\n|\n|t:|1775936816\n|move|p1b: Hawlucha|Close Combat|p2b: Archaludon\n|-supereffective|p2b: Archaludon|1\n|-damage|p2b: Archaludon|0 fnt\n|-unboost|p1b: Hawlucha|def|1\n|-unboost|p1b: Hawlucha|spd|1\n|faint|p2b: Archaludon\n|\n|win|anonymous_snorlax\n|raw|anonymous_snorlax's rating: 1000 &rarr; <strong>1040</strong><br />(+40 for winning)\n|raw|tmans3's rating: 1000 &rarr; <strong>1000</strong><br />(+0 for losing)\n",
  "uploadtime": 1775936817,
  "views": 19,
  "formatid": "gen9championsvgc2026regma",
  "rating": 1000,
  "private": 0,
  "password": null
}