{
  "id": "gen9championsvgc2026regma-2585180240",
  "format": "[Gen 9 Champions] VGC 2026 Reg M-A",
  "players": [
    "acemanyo",
    "orionsayshi"
  ],
  "log": "|j|\u2606acemanyo\n|j|\u2606orionsayshi\n|t:|1776321773\n|gametype|doubles\n|player|p1|acemanyo|265|1000\n|player|p2|orionsayshi|elesa|1068\n|gen|9\n|tier|[Gen 9 Champions] VGC 2026 Reg M-A\n|rated|\n|rule|Species Clause: Limit one of each Pok\u00e9mon\n|rule|Item Clause: Limit 1 of each item\n|clearpoke\n|poke|p1|Aggron, L50, M|\n|poke|p1|Pelipper, L50, F|\n|poke|p1|Basculegion, L50, M|\n|poke|p1|Farigiraf, L50, M|\n|poke|p1|Rotom-Wash, L50|\n|poke|p1|Hatterene, L50, F|\n|poke|p2|Incineroar, L50, F|\n|poke|p2|Gengar, L50, F|\n|poke|p2|Sableye, L50, M|\n|poke|p2|Arcanine-Hisui, L50, F|\n|poke|p2|Bellibolt, L50, M|\n|poke|p2|Sinistcha, L50|\n|teampreview|4\n|inactive|Battle timer is ON: inactive players will automatically lose when time's up. (requested by orionsayshi)\n|\n|t:|1776321815\n|teamsize|p1|4\n|teamsize|p2|4\n|start\n|switch|p1a: Pelipper|Pelipper, L50, F, shiny|100/100\n|switch|p1b: Farigiraf|Farigiraf, L50, M, shiny|100/100\n|switch|p2a: Gengar|Gengar, L50, F|100/100\n|switch|p2b: Bellibolt|Bellibolt, L50, M|100/100\n|-weather|RainDance|[from] ability: Drizzle|[of] p1a: Pelipper\n|turn|1\n|inactive|acemanyo has 30 seconds left.\n|\n|t:|1776321842\n|detailschange|p2a: Gengar|Gengar-Mega, L50, F\n|-mega|p2a: Gengar|Gengar|Gengarite\n|move|p2a: Gengar|Protect|p2a: Gengar\n|-singleturn|p2a: Gengar|Protect\n|move|p1a: Pelipper|Protect|p1a: Pelipper\n|-singleturn|p1a: Pelipper|Protect\n|move|p2b: Bellibolt|Volt Switch|p1a: Pelipper\n|-activate|p1a: Pelipper|move: Protect\n|move|p1b: Farigiraf|Trick Room|p1b: Farigiraf\n|-fieldstart|move: Trick Room|[of] p1b: Farigiraf\n|\n|-weather|RainDance|[upkeep]\n|upkeep\n|turn|2\n|inactive|acemanyo has 30 seconds left.\n|\n|t:|1776321872\n|switch|p2a: Sinistcha|Sinistcha, L50|100/100\n|move|p2b: Bellibolt|Parabolic Charge|p1b: Farigiraf|[spread] p2a,p1a,p1b\n|-resisted|p2a: Sinistcha|1\n|-supereffective|p1a: Pelipper|2\n|-enditem|p1a: Pelipper|Wacan Berry|[eat]\n|-enditem|p1a: Pelipper|Wacan Berry|[weaken]\n|-damage|p2a: Sinistcha|87/100\n|-damage|p1a: Pelipper|29/100\n|-damage|p1b: Farigiraf|82/100\n|move|p1b: Farigiraf|Psychic|p2a: Sinistcha\n|-damage|p2a: Sinistcha|48/100\n|move|p1a: Pelipper|Hurricane|p2a: Sinistcha\n|-supereffective|p2a: Sinistcha|1\n|-damage|p2a: Sinistcha|0 fnt\n|faint|p2a: Sinistcha\n|\n|-weather|RainDance|[upkeep]\n|upkeep\n|\n|t:|1776321885\n|switch|p2a: Incineroar|Incineroar, L50, F|100/100\n|-ability|p2a: Incineroar|Intimidate|boost\n|-unboost|p1a: Pelipper|atk|1\n|-unboost|p1b: Farigiraf|atk|1\n|turn|3\n|inactive|acemanyo has 30 seconds left.\n|\n|t:|1776321915\n|switch|p1a: WALL|Aggron, L50, M, shiny|100/100\n|move|p1b: Farigiraf|Protect|p1b: Farigiraf\n|-singleturn|p1b: Farigiraf|Protect\n|move|p2b: Bellibolt|Parabolic Charge|p1a: WALL|[spread] p2a,p1a\n|-activate|p1b: Farigiraf|move: Protect\n|-damage|p2a: Incineroar|79/100\n|-damage|p1a: WALL|68/100\n|move|p2a: Incineroar|Throat Chop|p1b: Farigiraf\n|-activate|p1b: Farigiraf|move: Protect\n|\n|-weather|RainDance|[upkeep]\n|upkeep\n|turn|4\n|inactive|acemanyo has 30 seconds left.\n|\n|t:|1776321945\n|switch|p1b: Hatterene|Hatterene, L50, F, shiny|100/100\n|detailschange|p1a: WALL|Aggron-Mega, L50, M, shiny\n|-mega|p1a: WALL|Aggron|Aggronite\n|move|p1a: WALL|Iron Defense|p1a: WALL\n|-boost|p1a: WALL|def|2\n|move|p2b: Bellibolt|Parabolic Charge|p1a: WALL|[spread] p2a,p1a,p1b\n|-damage|p2a: Incineroar|58/100\n|-damage|p1a: WALL|39/100\n|-damage|p1b: Hatterene|70/100\n|move|p2a: Incineroar|Throat Chop|p1b: Hatterene\n|-damage|p1b: Hatterene|33/100\n|-start|p1b: Hatterene|Throat Chop|[silent]\n|\n|-weather|RainDance|[upkeep]\n|upkeep\n|turn|5\n|\n|t:|1776321961\n|move|p2a: Incineroar|Protect|p2a: Incineroar\n|-singleturn|p2a: Incineroar|Protect\n|move|p1b: Hatterene|Dazzling Gleam|p2a: Incineroar|[spread] p2b\n|-activate|p2a: Incineroar|move: Protect\n|-damage|p2b: Bellibolt|66/100\n|-start|p2b: Bellibolt|Charge|Dazzling Gleam|[from] ability: Electromorphosis\n|move|p1a: WALL|Rest|p1a: WALL\n|-status|p1a: WALL|slp|[from] move: Rest\n|-heal|p1a: WALL|100/100 slp|[silent]\n|move|p2b: Bellibolt|Parabolic Charge|p1b: Hatterene|[spread] p1a,p1b\n|-activate|p2a: Incineroar|move: Protect\n|-damage|p1a: WALL|46/100 slp\n|-heal|p2b: Bellibolt|88/100|[from] drain|[of] p1a: WALL\n|-damage|p1b: Hatterene|0 fnt\n|-heal|p2b: Bellibolt|99/100|[from] drain|[of] p1b: Hatterene\n|faint|p1b: Hatterene\n|-end|p2b: Bellibolt|Charge|[silent]\n|\n|-weather|none\n|-heal|p2b: Bellibolt|100/100|[from] item: Leftovers\n|-fieldend|move: Trick Room\n|upkeep\n|\n|t:|1776321981\n|switch|p1b: Farigiraf|Farigiraf, L50, M, shiny|82/100\n|turn|6\n|\n|t:|1776321995\n|move|p2a: Incineroar|Throat Chop|p1b: Farigiraf\n|-supereffective|p1b: Farigiraf|1\n|-damage|p1b: Farigiraf|7/100\n|-start|p1b: Farigiraf|Throat Chop|[silent]\n|cant|p1b: Farigiraf|move: Throat Chop\n|move|p2b: Bellibolt|Parabolic Charge|p1a: WALL|[spread] p2a,p1a,p1b\n|-damage|p2a: Incineroar|37/100\n|-damage|p1a: WALL|16/100 slp\n|-damage|p1b: Farigiraf|0 fnt\n|faint|p1b: Farigiraf\n|cant|p1a: WALL|slp\n|\n|upkeep\n|\n|t:|1776322003\n|switch|p1b: Pelipper|Pelipper, L50, F, shiny|29/100\n|-weather|RainDance|[from] ability: Drizzle|[of] p1b: Pelipper\n|turn|7\n|\n|t:|1776322010\n|move|p2a: Incineroar|Throat Chop|p1a: WALL\n|-damage|p1a: WALL|7/100 slp\n|-start|p1a: WALL|Throat Chop|[silent]\n|move|p1b: Pelipper|Tailwind|p1b: Pelipper\n|-sidestart|p1: acemanyo|move: Tailwind\n|cant|p1a: WALL|slp\n|move|p2b: Bellibolt|Parabolic Charge|p1b: Pelipper|[spread] p2a,p1a,p1b\n|-supereffective|p1b: Pelipper|2\n|-damage|p2a: Incineroar|15/100\n|-damage|p1a: WALL|0 fnt\n|-damage|p1b: Pelipper|0 fnt\n|faint|p1a: WALL\n|faint|p1b: Pelipper\n|\n|win|orionsayshi\n|raw|acemanyo's rating: 1000 &rarr; <strong>1000</strong><br />(+0 for losing)\n|raw|orionsayshi's rating: 1068 &rarr; <strong>1092</strong><br />(+24 for winning)\n|l|\u2606acemanyo\n|player|p1|\n",
  "uploadtime": 1776322025,
  "views": 51,
  "formatid": "gen9championsvgc2026regma",
  "rating": 1000,
  "private": 0,
  "password": null
}