{
  "id": "gen9championsvgc2026regma-2583157511",
  "format": "[Gen 9 Champions] VGC 2026 Reg M-A",
  "players": [
    "RevenClop",
    "CementTheBlock"
  ],
  "log": "|j|\u2606RevenClop\n|j|\u2606CementTheBlock\n|t:|1776149013\n|gametype|doubles\n|player|p1|RevenClop|gentleman-gen4|1200\n|player|p2|CementTheBlock|pokefanf|1177\n|gen|9\n|tier|[Gen 9 Champions] VGC 2026 Reg M-A\n|rated|\n|rule|Species Clause: Limit one of each Pok\u00e9mon\n|rule|Item Clause: Limit 1 of each item\n|clearpoke\n|poke|p1|Corviknight, L50, M|\n|poke|p1|Pelipper, L50, M|\n|poke|p1|Sinistcha, L50|\n|poke|p1|Incineroar, L50, F|\n|poke|p1|Tyranitar, L50, M|\n|poke|p1|Excadrill, L50, M|\n|poke|p2|Gardevoir, L50, F|\n|poke|p2|Palafin, L50, M|\n|poke|p2|Talonflame, L50, F|\n|poke|p2|Scizor, L50, F|\n|poke|p2|Farigiraf, L50, F|\n|poke|p2|Hydreigon, L50, F|\n|teampreview|4\n|\n|t:|1776149033\n|teamsize|p1|4\n|teamsize|p2|4\n|start\n|switch|p1a: Corviknight|Corviknight, L50, M|100/100\n|switch|p1b: Tyranitar|Tyranitar, L50, M|100/100\n|switch|p2a: Palafin|Palafin, L50, M|100/100\n|switch|p2b: Talonflame|Talonflame, L50, F|100/100\n|-weather|Sandstorm|[from] ability: Sand Stream|[of] p1b: Tyranitar\n|turn|1\n|\n|t:|1776149053\n|detailschange|p2a: Palafin|Palafin-Hero, L50, M\n|switch|p2a: Hydreigon|Hydreigon, L50, F|100/100\n|detailschange|p1b: Tyranitar|Tyranitar-Mega, L50, M\n|-mega|p1b: Tyranitar|Tyranitar|Tyranitarite\n|move|p2b: Talonflame|Flare Blitz|p1a: Corviknight\n|-supereffective|p1a: Corviknight|1\n|-damage|p1a: Corviknight|41/100\n|-damage|p2b: Talonflame|78/100|[from] Recoil\n|move|p1b: Tyranitar|Rock Slide|p2a: Hydreigon|[spread] p2a\n|-miss|p1b: Tyranitar|p2b: Talonflame\n|-damage|p2a: Hydreigon|65/100\n|move|p1a: Corviknight|Iron Defense|p1a: Corviknight\n|-boost|p1a: Corviknight|def|2\n|\n|-weather|Sandstorm|[upkeep]\n|-damage|p2b: Talonflame|72/100|[from] Sandstorm\n|-damage|p2a: Hydreigon|59/100|[from] Sandstorm\n|-heal|p1a: Corviknight|47/100|[from] item: Leftovers\n|upkeep\n|turn|2\n|\n|t:|1776149084\n|switch|p1b: Pelipper|Pelipper, L50, M|100/100\n|-weather|RainDance|[from] ability: Drizzle|[of] p1b: Pelipper\n|move|p2b: Talonflame|Flare Blitz|p1a: Corviknight\n|-supereffective|p1a: Corviknight|1\n|-damage|p1a: Corviknight|30/100\n|-damage|p2b: Talonflame|66/100|[from] Recoil\n|move|p2a: Hydreigon|Dark Pulse|p1a: Corviknight\n|-damage|p1a: Corviknight|0 fnt\n|faint|p1a: Corviknight\n|\n|-weather|RainDance|[upkeep]\n|upkeep\n|\n|t:|1776149097\n|switch|p1a: Tyranitar|Tyranitar-Mega, L50, M|100/100\n|-weather|Sandstorm|[from] ability: Sand Stream|[of] p1a: Tyranitar\n|turn|3\n|\n|t:|1776149112\n|move|p2b: Talonflame|Tailwind|p2b: Talonflame\n|-sidestart|p2: CementTheBlock|move: Tailwind\n|move|p2a: Hydreigon|Draco Meteor|p1a: Tyranitar|[miss]\n|-miss|p2a: Hydreigon|p1a: Tyranitar\n|move|p1a: Tyranitar|Stone Edge|p2b: Talonflame\n|-supereffective|p2b: Talonflame|2\n|-damage|p2b: Talonflame|0 fnt\n|faint|p2b: Talonflame\n|move|p1b: Pelipper|Muddy Water|p2a: Hydreigon\n|-resisted|p2a: Hydreigon|1\n|-damage|p2a: Hydreigon|40/100\n|\n|-weather|Sandstorm|[upkeep]\n|-damage|p2a: Hydreigon|34/100|[from] Sandstorm\n|-damage|p1b: Pelipper|95/100|[from] Sandstorm\n|upkeep\n|inactive|Battle timer is ON: inactive players will automatically lose when time's up. (requested by RevenClop)\n|\n|t:|1776149127\n|switch|p2b: Gardevoir|Gardevoir, L50, F|100/100\n|turn|4\n|\n|t:|1776149144\n|switch|p1b: Incineroar|Incineroar, L50, F|100/100\n|-ability|p1b: Incineroar|Intimidate|boost\n|-unboost|p2a: Hydreigon|atk|1\n|-unboost|p2b: Gardevoir|atk|1\n|detailschange|p2b: Gardevoir|Gardevoir-Mega, L50, F\n|-mega|p2b: Gardevoir|Gardevoir|Gardevoirite\n|move|p2b: Gardevoir|Hyper Voice|p1b: Incineroar|[spread] p1a,p1b\n|-supereffective|p1a: Tyranitar|1\n|-crit|p1b: Incineroar\n|-damage|p1a: Tyranitar|38/100\n|-damage|p1b: Incineroar|18/100\n|-enditem|p1b: Incineroar|Sitrus Berry|[eat]\n|-heal|p1b: Incineroar|43/100|[from] item: Sitrus Berry\n|move|p2a: Hydreigon|Dark Pulse|p1b: Incineroar\n|-resisted|p1b: Incineroar|1\n|-damage|p1b: Incineroar|15/100\n|move|p1a: Tyranitar|Knock Off|p2b: Gardevoir\n|-damage|p2b: Gardevoir|35/100\n|\n|-weather|Sandstorm|[upkeep]\n|-damage|p2b: Gardevoir|30/100|[from] Sandstorm\n|-damage|p2a: Hydreigon|28/100|[from] Sandstorm\n|-damage|p1b: Incineroar|9/100|[from] Sandstorm\n|upkeep\n|turn|5\n|inactive|RevenClop has 30 seconds left.\n|\n|t:|1776149172\n|move|p2b: Gardevoir|Protect|p2b: Gardevoir\n|-singleturn|p2b: Gardevoir|Protect\n|move|p2a: Hydreigon|Protect|p2a: Hydreigon\n|-singleturn|p2a: Hydreigon|Protect\n|move|p1b: Incineroar|Fake Out|p2b: Gardevoir\n|-activate|p2b: Gardevoir|move: Protect\n|move|p1a: Tyranitar|Rock Slide|p2b: Gardevoir|[spread] \n|-activate|p2a: Hydreigon|move: Protect\n|-activate|p2b: Gardevoir|move: Protect\n|\n|-weather|Sandstorm|[upkeep]\n|-damage|p2b: Gardevoir|24/100|[from] Sandstorm\n|-damage|p2a: Hydreigon|22/100|[from] Sandstorm\n|-damage|p1b: Incineroar|3/100|[from] Sandstorm\n|upkeep\n|turn|6\n|\n|t:|1776149193\n|switch|p1b: Pelipper|Pelipper, L50, M|95/100\n|-weather|RainDance|[from] ability: Drizzle|[of] p1b: Pelipper\n|move|p2b: Gardevoir|Hyper Voice|p1a: Tyranitar|[spread] p1a,p1b\n|-supereffective|p1a: Tyranitar|1\n|-damage|p1a: Tyranitar|0 fnt\n|-damage|p1b: Pelipper|3/100\n|faint|p1a: Tyranitar\n|move|p2a: Hydreigon|Dark Pulse|p1b: Pelipper\n|-damage|p1b: Pelipper|0 fnt\n|faint|p1b: Pelipper\n|\n|-weather|RainDance|[upkeep]\n|-sideend|p2: CementTheBlock|move: Tailwind\n|upkeep\n|\n|t:|1776149210\n|switch|p1b: Incineroar|Incineroar, L50, F|3/100\n|-ability|p1b: Incineroar|Intimidate|boost\n|-unboost|p2a: Hydreigon|atk|1\n|-unboost|p2b: Gardevoir|atk|1\n|turn|7\n|\n|t:|1776149216\n|move|p2b: Gardevoir|Protect|p2b: Gardevoir\n|-singleturn|p2b: Gardevoir|Protect\n|move|p2a: Hydreigon|Protect|p2a: Hydreigon\n|-singleturn|p2a: Hydreigon|Protect\n|move|p1b: Incineroar|Fake Out|p2b: Gardevoir\n|-activate|p2b: Gardevoir|move: Protect\n|\n|-weather|RainDance|[upkeep]\n|upkeep\n|turn|8\n|-message|RevenClop forfeited.\n|\n|win|CementTheBlock\n|raw|RevenClop's rating: 1200 &rarr; <strong>1173</strong><br />(-27 for losing)\n|raw|CementTheBlock's rating: 1177 &rarr; <strong>1204</strong><br />(+27 for winning)\n|l|\u2606RevenClop\n|player|p1|\n",
  "uploadtime": 1776149233,
  "views": 17,
  "formatid": "gen9championsvgc2026regma",
  "rating": 1173,
  "private": 0,
  "password": null
}