{
  "id": "gen9championsvgc2026regma-2583290161",
  "format": "[Gen 9 Champions] VGC 2026 Reg M-A",
  "players": [
    "Itayg",
    "ironman3168"
  ],
  "log": "|j|\u2606Itayg\n|j|\u2606ironman3168\n|t:|1776163659\n|gametype|doubles\n|player|p1|Itayg|li|1119\n|player|p2|ironman3168|ash|1166\n|gen|9\n|tier|[Gen 9 Champions] VGC 2026 Reg M-A\n|rated|\n|rule|Species Clause: Limit one of each Pok\u00e9mon\n|rule|Item Clause: Limit 1 of each item\n|clearpoke\n|poke|p1|Vivillon, L50, F|\n|poke|p1|Sneasler, L50, F|\n|poke|p1|Incineroar, L50, F|\n|poke|p1|Aggron, L50, F|\n|poke|p1|Tyranitar, L50, F|\n|poke|p1|Sinistcha, L50|\n|poke|p2|Charizard, L50, F|\n|poke|p2|Venusaur, L50, M|\n|poke|p2|Milotic, L50, M|\n|poke|p2|Archaludon, L50, M|\n|poke|p2|Whimsicott, L50, M|\n|poke|p2|Sneasler, L50, M|\n|teampreview|4\n|\n|t:|1776163713\n|teamsize|p1|4\n|teamsize|p2|4\n|start\n|switch|p1a: Sneasler|Sneasler, L50, F|100/100\n|switch|p1b: Aggron|Aggron, L50, F|100/100\n|switch|p2a: Milotic|Milotic, L50, M|100/100\n|switch|p2b: Whimsicott|Whimsicott, L50, M|100/100\n|turn|1\n|inactive|Battle timer is ON: inactive players will automatically lose when time's up. (requested by ironman3168)\n|\n|t:|1776163735\n|switch|p2b: Archaludon|Archaludon, L50, M|100/100\n|move|p1a: Sneasler|Fake Out|p2a: Milotic\n|-crit|p2a: Milotic\n|-damage|p2a: Milotic|78/100\n|cant|p2a: Milotic|flinch\n|move|p1b: Aggron|Heavy Slam|p2b: Archaludon\n|-resisted|p2b: Archaludon|1\n|-damage|p2b: Archaludon|79/100\n|-ability|p2b: Archaludon|Stamina|boost\n|-boost|p2b: Archaludon|def|1\n|\n|-heal|p2a: Milotic|84/100|[from] item: Leftovers\n|upkeep\n|turn|2\n|\n|t:|1776163755\n|detailschange|p1b: Aggron|Aggron-Mega, L50, F\n|-mega|p1b: Aggron|Aggron|Aggronite\n|move|p1a: Sneasler|Protect|p1a: Sneasler\n|-singleturn|p1a: Sneasler|Protect\n|move|p2b: Archaludon|Aura Sphere|p1b: Aggron\n|-supereffective|p1b: Aggron|1\n|-damage|p1b: Aggron|51/100\n|move|p2a: Milotic|Scald|p1a: Sneasler\n|-activate|p1a: Sneasler|move: Protect\n|move|p1b: Aggron|Iron Defense|p1b: Aggron\n|-boost|p1b: Aggron|def|2\n|\n|-heal|p2a: Milotic|90/100|[from] item: Leftovers\n|upkeep\n|turn|3\n|\n|t:|1776163774\n|switch|p1a: Tyranitar|Tyranitar, L50, F|100/100\n|-weather|Sandstorm|[from] ability: Sand Stream|[of] p1a: Tyranitar\n|move|p2b: Archaludon|Aura Sphere|p1b: Aggron\n|-supereffective|p1b: Aggron|1\n|-damage|p1b: Aggron|0 fnt\n|faint|p1b: Aggron\n|move|p2a: Milotic|Scald|p1a: Tyranitar\n|-supereffective|p1a: Tyranitar|1\n|-damage|p1a: Tyranitar|64/100\n|\n|-weather|Sandstorm|[upkeep]\n|-damage|p2a: Milotic|84/100|[from] Sandstorm\n|-heal|p2a: Milotic|90/100|[from] item: Leftovers\n|upkeep\n|\n|t:|1776163782\n|switch|p1b: Vivillon|Vivillon, L50, F|100/100\n|turn|4\n|\n|t:|1776163802\n|switch|p2b: Whimsicott|Whimsicott, L50, M|100/100\n|move|p1b: Vivillon|Sleep Powder|p2b: Whimsicott\n|-immune|p2b: Whimsicott\n|move|p1a: Tyranitar|Dragon Dance|p1a: Tyranitar\n|-boost|p1a: Tyranitar|atk|1\n|-boost|p1a: Tyranitar|spe|1\n|move|p2a: Milotic|Icy Wind|p1a: Tyranitar|[spread] p1a,p1b\n|-supereffective|p1b: Vivillon|1\n|-damage|p1a: Tyranitar|58/100\n|-damage|p1b: Vivillon|69/100\n|-unboost|p1a: Tyranitar|spe|1\n|-unboost|p1b: Vivillon|spe|1\n|\n|-weather|Sandstorm|[upkeep]\n|-damage|p2b: Whimsicott|95/100|[from] Sandstorm\n|-damage|p1b: Vivillon|64/100|[from] Sandstorm\n|-damage|p2a: Milotic|84/100|[from] Sandstorm\n|-heal|p2a: Milotic|90/100|[from] item: Leftovers\n|upkeep\n|turn|5\n|inactive|Itayg has 30 seconds left.\n|inactive|ironman3168 has 30 seconds left.\n|inactive|ironman3168 has 20 seconds left.\n|\n|t:|1776163841\n|switch|p1b: Sneasler|Sneasler, L50, F|100/100\n|move|p2b: Whimsicott|Encore|p1a: Tyranitar\n|-hint|Since gen 7, Dark is immune to Prankster moves.\n|-immune|p1a: Tyranitar\n|move|p1a: Tyranitar|Rock Slide|p2b: Whimsicott|[spread] p2a,p2b\n|-damage|p2a: Milotic|38/100\n|-damage|p2b: Whimsicott|22/100\n|cant|p2a: Milotic|flinch\n|\n|-weather|Sandstorm|[upkeep]\n|-damage|p2b: Whimsicott|17/100|[from] Sandstorm\n|-damage|p1b: Sneasler|95/100|[from] Sandstorm\n|-damage|p2a: Milotic|32/100|[from] Sandstorm\n|-heal|p2a: Milotic|38/100|[from] item: Leftovers\n|upkeep\n|turn|6\n|\n|t:|1776163859\n|switch|p2b: Archaludon|Archaludon, L50, M|79/100\n|move|p1b: Sneasler|Fake Out|p2a: Milotic\n|-damage|p2a: Milotic|19/100\n|move|p1a: Tyranitar|Dragon Dance|p1a: Tyranitar\n|-boost|p1a: Tyranitar|atk|1\n|-boost|p1a: Tyranitar|spe|1\n|cant|p2a: Milotic|flinch\n|\n|-weather|Sandstorm|[upkeep]\n|-damage|p1b: Sneasler|89/100|[from] Sandstorm\n|-damage|p2a: Milotic|13/100|[from] Sandstorm\n|-heal|p2a: Milotic|19/100|[from] item: Leftovers\n|upkeep\n|turn|7\n|\n|t:|1776163876\n|move|p2b: Archaludon|Aura Sphere|p1a: Tyranitar\n|-supereffective|p1a: Tyranitar|2\n|-enditem|p1a: Tyranitar|Chople Berry|[eat]\n|-enditem|p1a: Tyranitar|Chople Berry|[weaken]\n|-damage|p1a: Tyranitar|24/100\n|move|p1b: Sneasler|Close Combat|p2b: Archaludon\n|-supereffective|p2b: Archaludon|1\n|-damage|p2b: Archaludon|0 fnt\n|-unboost|p1b: Sneasler|def|1\n|-unboost|p1b: Sneasler|spd|1\n|faint|p2b: Archaludon\n|-enditem|p1b: Sneasler|White Herb\n|-clearnegativeboost|p1b: Sneasler|[silent]\n|move|p1a: Tyranitar|Rock Slide|p2a: Milotic\n|-crit|p2a: Milotic\n|-damage|p2a: Milotic|0 fnt\n|faint|p2a: Milotic\n|\n|-weather|none\n|upkeep\n|\n|t:|1776163884\n|switch|p2b: Charizard|Charizard, L50, F, shiny|100/100\n|switch|p2a: Whimsicott|Whimsicott, L50, M|17/100\n|turn|8\n|inactive|Itayg has 30 seconds left.\n|inactive|ironman3168 has 30 seconds left.\n|\n|t:|1776163918\n|move|p1a: Tyranitar|Protect|p1a: Tyranitar\n|-singleturn|p1a: Tyranitar|Protect\n|move|p2b: Charizard|Protect|p2b: Charizard\n|-singleturn|p2b: Charizard|Protect\n|move|p2a: Whimsicott|Tailwind|p2a: Whimsicott\n|-sidestart|p2: ironman3168|move: Tailwind\n|move|p1b: Sneasler|Dire Claw|p2a: Whimsicott\n|-supereffective|p2a: Whimsicott|2\n|-damage|p2a: Whimsicott|0 fnt\n|faint|p2a: Whimsicott\n|\n|upkeep\n|turn|9\n|\n|t:|1776163937\n|switch|p1a: Vivillon|Vivillon, L50, F|64/100\n|detailschange|p2b: Charizard|Charizard-Mega-X, L50, F, shiny\n|-mega|p2b: Charizard|Charizard|Charizardite X\n|move|p1b: Sneasler|Protect|p1b: Sneasler\n|-singleturn|p1b: Sneasler|Protect\n|move|p2b: Charizard|Dragon Claw|p1a: Vivillon\n|-damage|p1a: Vivillon|0 fnt\n|faint|p1a: Vivillon\n|\n|upkeep\n|\n|t:|1776163947\n|switch|p1a: Tyranitar|Tyranitar, L50, F|24/100\n|-weather|Sandstorm|[from] ability: Sand Stream|[of] p1a: Tyranitar\n|turn|10\n|\n|t:|1776163956\n|move|p1a: Tyranitar|Protect|p1a: Tyranitar\n|-singleturn|p1a: Tyranitar|Protect\n|move|p1b: Sneasler|Close Combat|p2b: Charizard\n|-damage|p2b: Charizard|43/100\n|-unboost|p1b: Sneasler|def|1\n|-unboost|p1b: Sneasler|spd|1\n|move|p2b: Charizard|Dragon Claw|p1b: Sneasler\n|-damage|p1b: Sneasler|0 fnt\n|faint|p1b: Sneasler\n|\n|-weather|Sandstorm|[upkeep]\n|-damage|p2b: Charizard|37/100|[from] Sandstorm\n|upkeep\n|turn|11\n|inactive|Itayg has 30 seconds left.\n|\n|t:|1776163982\n|move|p2b: Charizard|Dragon Claw|p1a: Tyranitar\n|-damage|p1a: Tyranitar|0 fnt\n|faint|p1a: Tyranitar\n|\n|win|ironman3168\n|raw|Itayg's rating: 1119 &rarr; <strong>1097</strong><br />(-22 for losing)\n|raw|ironman3168's rating: 1166 &rarr; <strong>1188</strong><br />(+22 for winning)\n",
  "uploadtime": 1776163986,
  "views": 13,
  "formatid": "gen9championsvgc2026regma",
  "rating": 1097,
  "private": 0,
  "password": null
}