{
  "id": "gen9championsvgc2026regma-2585153353",
  "format": "[Gen 9 Champions] VGC 2026 Reg M-A",
  "players": [
    "Phillip Blevin",
    "reggie333"
  ],
  "log": "|j|\u2606Phillip Blevin\n|j|\u2606reggie333\n|t:|1776318363\n|gametype|doubles\n|player|p1|Phillip Blevin|cynthia-masters4|1137\n|player|p2|reggie333|2|1197\n|gen|9\n|tier|[Gen 9 Champions] VGC 2026 Reg M-A\n|rated|\n|rule|Species Clause: Limit one of each Pok\u00e9mon\n|rule|Item Clause: Limit 1 of each item\n|clearpoke\n|poke|p1|Ceruledge, L50, F|\n|poke|p1|Corviknight, L50, F|\n|poke|p1|Garchomp, L50, M|\n|poke|p1|Arcanine-Hisui, L50, M|\n|poke|p1|Froslass, L50, F|\n|poke|p1|Rotom-Wash, L50|\n|poke|p2|Gengar, L50, F|\n|poke|p2|Rotom-Wash, L50|\n|poke|p2|Incineroar, L50, M|\n|poke|p2|Garchomp, L50, F|\n|poke|p2|Whimsicott, L50, F|\n|poke|p2|Orthworm, L50, F|\n|teampreview|4\n|inactive|Battle timer is ON: inactive players will automatically lose when time's up. (requested by Phillip Blevin)\nPhillip Blevin has agreed to open team sheets.\nreggie333 has agreed to open team sheets.\n|showteam|p1|Ceruledge||FocusSash|FlashFire|ShadowSneak,Poltergeist,BitterBlade,Protect|||F|||50|]Corviknight||SitrusBerry|MirrorArmor|BraveBird,BodyPress,BulkUp,Roost|||F|||50|]Garchomp||SoftSand|RoughSkin|Earthquake,DragonClaw,RockSlide,Protect|||M|||50|]Arcanine-Hisui||WhiteHerb|Intimidate|ExtremeSpeed,FlareBlitz,RockSlide,Protect|||M|||50|]Froslass||Froslassite|CursedBody|Blizzard,IceBeam,ShadowBall,Protect|||F|||50|]Rotom-Wash||ChoiceScarf|Levitate|HydroPump,WillOWisp,Electroweb,VoltSwitch||||||50|\n|showteam|p2|Gengar||Gengarite|CursedBody|Protect,IcyWind,ShadowBall,SludgeBomb|||F|||50|]Rotom-Wash||SitrusBerry|Levitate|Protect,WillOWisp,Thunderbolt,HydroPump||||||50|]Incineroar||ChopleBerry|Intimidate|PartingShot,FakeOut,DarkestLariat,FlareBlitz|||M|||50|]Garchomp||WhiteHerb|RoughSkin|Protect,RockSlide,StompingTantrum,Earthquake|||F|||50|]Whimsicott||FocusSash|Prankster|Protect,Tailwind,LightScreen,Moonblast|||F|||50|]Orthworm||Leftovers|EarthEater|Protect,IronDefense,ShedTail,BodyPress|||F|||50|\n|inactive|Phillip Blevin has 60 seconds left.\n|inactive|reggie333 has 60 seconds left.\n|\n|t:|1776318403\n|teamsize|p1|4\n|teamsize|p2|4\n|start\n|switch|p1a: Arcanine|Arcanine-Hisui, L50, M|100/100\n|switch|p1b: Rotom|Rotom-Wash, L50|100/100\n|switch|p2a: Incineroar|Incineroar, L50, M|100/100\n|switch|p2b: Orthworm|Orthworm, L50, F|100/100\n|-ability|p1a: Arcanine|Intimidate|boost\n|-unboost|p2a: Incineroar|atk|1\n|-unboost|p2b: Orthworm|atk|1\n|-ability|p2a: Incineroar|Intimidate|boost\n|-unboost|p1a: Arcanine|atk|1\n|-unboost|p1b: Rotom|atk|1\n|-enditem|p1a: Arcanine|White Herb\n|-clearnegativeboost|p1a: Arcanine|[silent]\n|turn|1\n|\n|t:|1776318423\n|switch|p2a: Rotom|Rotom-Wash, L50|100/100\n|move|p2b: Orthworm|Protect|p2b: Orthworm\n|-singleturn|p2b: Orthworm|Protect\n|move|p1b: Rotom|Volt Switch|p2a: Rotom\n|-damage|p2a: Rotom|76/100\n|\n|t:|1776318432\n|switch|p1b: Ceruledge|Ceruledge, L50, F|100/100|[from] Volt Switch\n|move|p1a: Arcanine|Flare Blitz|p2b: Orthworm\n|-activate|p2b: Orthworm|move: Protect\n|\n|upkeep\n|turn|2\n|\n|t:|1776318444\n|switch|p2b: Incineroar|Incineroar, L50, M|100/100\n|-ability|p2b: Incineroar|Intimidate|boost\n|-unboost|p1a: Arcanine|atk|1\n|-unboost|p1b: Ceruledge|atk|1\n|move|p1a: Arcanine|Rock Slide|p2b: Incineroar|[spread] p2a,p2b\n|-supereffective|p2b: Incineroar|1\n|-damage|p2a: Rotom|57/100\n|-damage|p2b: Incineroar|64/100\n|move|p1b: Ceruledge|Poltergeist|p2a: Rotom|[miss]\n|-miss|p1b: Ceruledge|p2a: Rotom\n|move|p2a: Rotom|Hydro Pump|p1a: Arcanine\n|-supereffective|p1a: Arcanine|2\n|-damage|p1a: Arcanine|0 fnt\n|faint|p1a: Arcanine\n|\n|upkeep\n|\n|t:|1776318454\n|switch|p1a: Rotom|Rotom-Wash, L50|100/100\n|turn|3\n|\n|t:|1776318467\n|move|p2b: Incineroar|Fake Out|p1a: Rotom\n|-damage|p1a: Rotom|86/100\n|cant|p1a: Rotom|flinch\n|move|p1b: Ceruledge|Poltergeist|p2a: Rotom\n|-activate|p2a: Rotom|move: Poltergeist|Sitrus Berry\n|-damage|p2a: Rotom|16/100\n|-enditem|p2a: Rotom|Sitrus Berry|[eat]\n|-heal|p2a: Rotom|41/100|[from] item: Sitrus Berry\n|move|p2a: Rotom|Hydro Pump|p1b: Ceruledge\n|-supereffective|p1b: Ceruledge|1\n|-enditem|p1b: Ceruledge|Focus Sash\n|-damage|p1b: Ceruledge|1/100\n|\n|upkeep\n|turn|4\n|inactive|Phillip Blevin has 30 seconds left.\n|\n|t:|1776318493\n|move|p1b: Ceruledge|Protect|p1b: Ceruledge\n|-singleturn|p1b: Ceruledge|Protect\n|move|p2a: Rotom|Protect|p2a: Rotom\n|-singleturn|p2a: Rotom|Protect\n|move|p1a: Rotom|Hydro Pump|p2b: Incineroar\n|-supereffective|p2b: Incineroar|1\n|-damage|p2b: Incineroar|0 fnt\n|faint|p2b: Incineroar\n|\n|upkeep\n|\n|t:|1776318503\n|switch|p2b: Garchomp|Garchomp, L50, F|100/100\n|turn|5\n|\n|t:|1776318516\n|move|p1b: Ceruledge|Shadow Sneak|p2a: Rotom\n|-damage|p2a: Rotom|23/100\n|move|p1a: Rotom|Hydro Pump|p2a: Rotom\n|-resisted|p2a: Rotom|1\n|-damage|p2a: Rotom|6/100\n|move|p2b: Garchomp|Rock Slide|p1a: Rotom|[spread] p1a,p1b\n|-supereffective|p1b: Ceruledge|1\n|-crit|p1b: Ceruledge\n|-damage|p1a: Rotom|67/100\n|-damage|p1b: Ceruledge|0 fnt\n|faint|p1b: Ceruledge\n|move|p2a: Rotom|Thunderbolt|p1a: Rotom\n|-damage|p1a: Rotom|26/100\n|\n|upkeep\n|\n|t:|1776318520\n|switch|p1b: Corviknight|Corviknight, L50, F|100/100\n|turn|6\n|\n|t:|1776318532\n|move|p2a: Rotom|Protect|p2a: Rotom\n|-singleturn|p2a: Rotom|Protect\n|move|p1a: Rotom|Hydro Pump|p2a: Rotom\n|-activate|p2a: Rotom|move: Protect\n|move|p2b: Garchomp|Rock Slide|p1b: Corviknight|[spread] p1a,p1b\n|-damage|p1a: Rotom|6/100\n|-damage|p1b: Corviknight|89/100\n|move|p1b: Corviknight|Bulk Up|p1b: Corviknight\n|-boost|p1b: Corviknight|atk|1\n|-boost|p1b: Corviknight|def|1\n|\n|upkeep\n|turn|7\n|\n|t:|1776318545\n|switch|p2a: Orthworm|Orthworm, L50, F|100/100\n|move|p1a: Rotom|Hydro Pump|p2a: Orthworm\n|-damage|p2a: Orthworm|52/100\n|move|p2b: Garchomp|Rock Slide|p1a: Rotom|[spread] p1a,p1b\n|-crit|p1a: Rotom\n|-damage|p1a: Rotom|0 fnt\n|-damage|p1b: Corviknight|80/100\n|faint|p1a: Rotom\n|move|p1b: Corviknight|Brave Bird|p2b: Garchomp\n|-damage|p2b: Garchomp|38/100\n|-damage|p1b: Corviknight|68/100|[from] ability: Rough Skin|[of] p2b: Garchomp\n|-damage|p1b: Corviknight|49/100|[from] Recoil\n|-enditem|p1b: Corviknight|Sitrus Berry|[eat]\n|-heal|p1b: Corviknight|74/100|[from] item: Sitrus Berry\n|\n|-heal|p2a: Orthworm|58/100|[from] item: Leftovers\n|upkeep\n|turn|8\n|\n|t:|1776318563\n|move|p2b: Garchomp|Rock Slide|p1b: Corviknight\n|-damage|p1b: Corviknight|63/100\n|move|p1b: Corviknight|Body Press|p2a: Orthworm\n|-supereffective|p2a: Orthworm|1\n|-damage|p2a: Orthworm|7/100\n|move|p2a: Orthworm|Shed Tail|p2a: Orthworm\n|-fail|p2a: Orthworm|move: Shed Tail|[weak]\n|\n|-heal|p2a: Orthworm|14/100|[from] item: Leftovers\n|upkeep\n|turn|9\n|\n|t:|1776318576\n|move|p2b: Garchomp|Rock Slide|p1b: Corviknight\n|-damage|p1b: Corviknight|52/100\n|move|p1b: Corviknight|Roost|p1b: Corviknight\n|-heal|p1b: Corviknight|100/100\n|-singleturn|p1b: Corviknight|move: Roost\n|move|p2a: Orthworm|Iron Defense|p2a: Orthworm\n|-boost|p2a: Orthworm|def|2\n|\n|-heal|p2a: Orthworm|20/100|[from] item: Leftovers\n|upkeep\n|turn|10\n|\n|t:|1776318589\n|move|p2b: Garchomp|Rock Slide|p1b: Corviknight\n|-damage|p1b: Corviknight|90/100\n|move|p1b: Corviknight|Body Press|p2a: Orthworm\n|-supereffective|p2a: Orthworm|1\n|-damage|p2a: Orthworm|0 fnt\n|faint|p2a: Orthworm\n|\n|upkeep\n|\n|t:|1776318596\n|switch|p2a: Rotom|Rotom-Wash, L50|6/100\n|turn|11\n|\n|t:|1776318600\n|move|p2b: Garchomp|Rock Slide|p1b: Corviknight|[miss]\n|-miss|p2b: Garchomp|p1b: Corviknight\n|move|p2a: Rotom|Thunderbolt|p1b: Corviknight\n|-supereffective|p1b: Corviknight|1\n|-damage|p1b: Corviknight|22/100\n|move|p1b: Corviknight|Body Press|p2a: Rotom\n|-damage|p2a: Rotom|0 fnt\n|faint|p2a: Rotom\n|\n|upkeep\n|turn|12\n|\n|t:|1776318611\n|move|p2b: Garchomp|Rock Slide|p1b: Corviknight\n|-damage|p1b: Corviknight|12/100\n|move|p1b: Corviknight|Roost|p1b: Corviknight\n|-heal|p1b: Corviknight|62/100\n|-singleturn|p1b: Corviknight|move: Roost\n|\n|upkeep\n|turn|13\n|\n|t:|1776318615\n|move|p2b: Garchomp|Rock Slide|p1b: Corviknight\n|-damage|p1b: Corviknight|51/100\n|cant|p1b: Corviknight|flinch\n|\n|upkeep\n|turn|14\n|\n|t:|1776318619\n|move|p2b: Garchomp|Rock Slide|p1b: Corviknight\n|-damage|p1b: Corviknight|40/100\n|cant|p1b: Corviknight|flinch\n|\n|upkeep\n|turn|15\n|\n|t:|1776318625\n|move|p2b: Garchomp|Rock Slide|p1b: Corviknight\n|-damage|p1b: Corviknight|30/100\n|cant|p1b: Corviknight|flinch\n|\n|upkeep\n|turn|16\n|\n|t:|1776318630\n|move|p2b: Garchomp|Rock Slide|p1b: Corviknight|[miss]\n|-miss|p2b: Garchomp|p1b: Corviknight\n|move|p1b: Corviknight|Roost|p1b: Corviknight\n|-heal|p1b: Corviknight|80/100\n|-singleturn|p1b: Corviknight|move: Roost\n|\n|upkeep\n|turn|17\n|-message|reggie333 forfeited.\n|\n|win|Phillip Blevin\n|raw|Phillip Blevin's rating: 1137 &rarr; <strong>1166</strong><br />(+29 for winning)\n|raw|reggie333's rating: 1197 &rarr; <strong>1168</strong><br />(-29 for losing)\n",
  "uploadtime": 1776318635,
  "views": 32,
  "formatid": "gen9championsvgc2026regma",
  "rating": 1166,
  "private": 0,
  "password": null
}