{
  "id": "gen9championsvgc2026regma-2587609496",
  "format": "[Gen 9 Champions] VGC 2026 Reg M-A",
  "players": [
    "dman12352",
    "porygon-epilepz"
  ],
  "log": "|j|\u2606dman12352\n|j|\u2606porygon-epilepz\n|t:|1776546671\n|gametype|doubles\n|player|p1|dman12352|hoopster|\n|player|p2|porygon-epilepz|hiker-gen4|\n|gen|9\n|tier|[Gen 9 Champions] VGC 2026 Reg M-A\n|rated|Tournament battle\n|rule|Species Clause: Limit one of each Pok\u00e9mon\n|rule|Item Clause: Limit 1 of each item\n|clearpoke\n|poke|p1|Starmie, L50|\n|poke|p1|Pelipper, L50, M|\n|poke|p1|Sneasler, L50, M|\n|poke|p1|Garchomp, L50, F|\n|poke|p1|Kingambit, L50, M|\n|poke|p1|Meganium, L50, F|\n|poke|p2|Floette-Eternal, L50, F|\n|poke|p2|Incineroar, L50, M|\n|poke|p2|Garchomp, L50, M|\n|poke|p2|Aerodactyl, L50, F|\n|poke|p2|Sneasler, L50, M|\n|poke|p2|Basculegion, L50, M|\n|teampreview|4\n|inactive|Battle timer is ON: inactive players will automatically lose when time's up. (requested by dman12352)\n|j| christianfinity\n|j| chlok!\n|inactive|porygon-epilepz has 60 seconds left.\n|\n|t:|1776546704\n|teamsize|p1|4\n|teamsize|p2|4\n|start\n|switch|p1a: Sneasler|Sneasler, L50, M|100/100\n|switch|p1b: Garchomp|Garchomp, L50, F|100/100\n|switch|p2a: Sandy Claws|Sneasler, L50, M|100/100\n|switch|p2b: Quetza|Aerodactyl, L50, F|100/100\n|-ability|p2b: Quetza|Unnerve\n|turn|1\n|j|@Radio Free C-Side\n|\n|t:|1776546719\n|move|p2b: Quetza|Protect|p2b: Quetza\n|-singleturn|p2b: Quetza|Protect\n|move|p2a: Sandy Claws|Protect|p2a: Sandy Claws\n|-singleturn|p2a: Sandy Claws|Protect\n|move|p1a: Sneasler|Fake Out|p2b: Quetza\n|-activate|p2b: Quetza|move: Protect\n|move|p1b: Garchomp|Rock Slide|p2a: Sandy Claws|[spread] \n|-activate|p2a: Sandy Claws|move: Protect\n|-activate|p2b: Quetza|move: Protect\n|\n|upkeep\n|turn|2\n|\n|t:|1776546727\n|move|p1b: Garchomp|Rock Slide|p2a: Sandy Claws|[spread] p2a,p2b\n|-resisted|p2a: Sandy Claws|1\n|-supereffective|p2b: Quetza|1\n|-damage|p2a: Sandy Claws|85/100\n|-damage|p2b: Quetza|33/100\n|move|p2b: Quetza|Dual Wingbeat|p1a: Sneasler\n|-supereffective|p1a: Sneasler|1\n|-damage|p1a: Sneasler|50/100\n|-supereffective|p1a: Sneasler|1\n|-damage|p1a: Sneasler|0 fnt\n|faint|p1a: Sneasler\n|-hitcount|p1: Sneasler|2\n|move|p2a: Sandy Claws|Close Combat|p1b: Garchomp\n|-damage|p1b: Garchomp|29/100\n|-unboost|p2a: Sandy Claws|def|1\n|-unboost|p2a: Sandy Claws|spd|1\n|-damage|p2a: Sandy Claws|73/100|[from] ability: Rough Skin|[of] p1b: Garchomp\n|-enditem|p2a: Sandy Claws|White Herb\n|-clearnegativeboost|p2a: Sandy Claws|[silent]\n|\n|upkeep\n|\n|t:|1776546737\n|switch|p1a: Starmie|Starmie, L50|100/100\n|turn|3\n|\n|t:|1776546742\n|detailschange|p1a: Starmie|Starmie-Mega, L50\n|-mega|p1a: Starmie|Starmie|Starminite\n|move|p1a: Starmie|Aqua Jet|p2b: Quetza\n|-supereffective|p2b: Quetza|1\n|-damage|p2b: Quetza|0 fnt\n|faint|p2b: Quetza\n|move|p2a: Sandy Claws|Close Combat|p1b: Garchomp\n|-damage|p1b: Garchomp|0 fnt\n|-unboost|p2a: Sandy Claws|def|1\n|-unboost|p2a: Sandy Claws|spd|1\n|-damage|p2a: Sandy Claws|61/100|[from] ability: Rough Skin|[of] p1b: Garchomp\n|faint|p1b: Garchomp\n|\n|upkeep\n|j| 1#MiraidonHater\n|\n|t:|1776546752\n|switch|p2b: Mary Poppins|Floette-Eternal, L50, F|100/100\n|switch|p1b: Pelipper|Pelipper, L50, M|100/100\n|-weather|RainDance|[from] ability: Drizzle|[of] p1b: Pelipper\n|turn|4\n|\n|t:|1776546761\n|detailschange|p2b: Mary Poppins|Floette-Mega, L50, F\n|-mega|p2b: Mary Poppins|Floette|Floettite\n|-ability|p2b: Mary Poppins|Fairy Aura\n|move|p1a: Starmie|Aqua Jet|p2a: Sandy Claws\n|-damage|p2a: Sandy Claws|0 fnt\n|faint|p2a: Sandy Claws\n|move|p2b: Mary Poppins|Moonblast|p1a: Starmie\n|-damage|p1a: Starmie|0 fnt\n|faint|p1a: Starmie\n|move|p1b: Pelipper|Hurricane|p2b: Mary Poppins\n|-damage|p2b: Mary Poppins|66/100\n|-start|p2b: Mary Poppins|confusion\n|\n|-weather|RainDance|[upkeep]\n|upkeep\n|\n|t:|1776546768\n|switch|p2a: Dead fih|Basculegion, L50, M|100/100\n|turn|5\n|\n|t:|1776546777\n|move|p2a: Dead fih|Last Respects|p1b: Pelipper\n|-enditem|p1b: Pelipper|Focus Sash\n|-damage|p1b: Pelipper|1/100\n|-activate|p2b: Mary Poppins|confusion\n|move|p2b: Mary Poppins|Moonblast|p1b: Pelipper\n|-crit|p1b: Pelipper\n|-damage|p1b: Pelipper|0 fnt\n|faint|p1b: Pelipper\n|\n|win|porygon-epilepz\n|n|\u2606dman12352|dman12352\n|n|\u2606porygon-epilepz|porygonepilepz\n|n| christianfinity|christianfinity\n|n|+Radio Free C-Side|radiofreecside\n|n| 1#MiraidonHater|1miraidonhater\n",
  "uploadtime": 1776546674,
  "views": 13,
  "formatid": "gen9championsvgc2026regma",
  "rating": null,
  "private": 0,
  "password": null
}