{
  "id": "gen9championsvgc2026regma-2585567255",
  "format": "[Gen 9 Champions] VGC 2026 Reg M-A",
  "players": [
    "thebeast4895",
    "BrotadYT"
  ],
  "log": "|j|\u2606thebeast4895\n|j|\u2606BrotadYT\n|t:|1776356005\n|gametype|doubles\n|player|p1|thebeast4895|1|1255\n|player|p2|BrotadYT|2|1236\n|gen|9\n|tier|[Gen 9 Champions] VGC 2026 Reg M-A\n|rated|\n|rule|Species Clause: Limit one of each Pok\u00e9mon\n|rule|Item Clause: Limit 1 of each item\n|clearpoke\n|poke|p1|Oranguru, L50, F|\n|poke|p1|Slowbro, L50, M|\n|poke|p1|Crabominable, L50, F|\n|poke|p1|Sinistcha, L50|\n|poke|p1|Incineroar, L50, F|\n|poke|p1|Palafin, L50, F|\n|poke|p2|Sinistcha, L50|\n|poke|p2|Farigiraf, L50, M|\n|poke|p2|Kingambit, L50, F|\n|poke|p2|Primarina, L50, M|\n|poke|p2|Tyranitar, L50, F|\n|poke|p2|Aggron, L50, F|\n|teampreview|4\n|inactive|Battle timer is ON: inactive players will automatically lose when time's up. (requested by BrotadYT)\n|\n|t:|1776356032\n|teamsize|p1|4\n|teamsize|p2|4\n|start\n|switch|p1a: Oranguru|Oranguru, L50, F|100/100\n|switch|p1b: Slowbro|Slowbro, L50, M|100/100\n|switch|p2a: Farigiraf|Farigiraf, L50, M, shiny|100/100\n|switch|p2b: Kingambit|Kingambit, L50, F, shiny|100/100\n|turn|1\n|\n|t:|1776356055\n|move|p1b: Slowbro|Protect|p1b: Slowbro\n|-singleturn|p1b: Slowbro|Protect\n|move|p2a: Farigiraf|Psychic|p1b: Slowbro\n|-activate|p1b: Slowbro|move: Protect\n|move|p2b: Kingambit|Kowtow Cleave|p1a: Oranguru\n|-supereffective|p1a: Oranguru|1\n|-crit|p1a: Oranguru\n|-damage|p1a: Oranguru|0 fnt\n|faint|p1a: Oranguru\n|\n|upkeep\n|c|\u2606thebeast4895|bro crit we so fr\n|\n|t:|1776356069\n|switch|p1a: Sinistcha|Sinistcha, L50|100/100\n|turn|2\n|\n|t:|1776356080\n|detailschange|p1b: Slowbro|Slowbro-Mega, L50, M\n|-mega|p1b: Slowbro|Slowbro|Slowbronite\n|move|p1a: Sinistcha|Protect|p1a: Sinistcha\n|-singleturn|p1a: Sinistcha|Protect\n|move|p2a: Farigiraf|Psychic|p1a: Sinistcha\n|-activate|p1a: Sinistcha|move: Protect\n|move|p2b: Kingambit|Kowtow Cleave|p1a: Sinistcha\n|-activate|p1a: Sinistcha|move: Protect\n|move|p1b: Slowbro|Scald|p2b: Kingambit\n|-damage|p2b: Kingambit|56/100\n|-status|p2b: Kingambit|brn\n|\n|-damage|p2b: Kingambit|50/100 brn|[from] brn\n|upkeep\n|turn|3\n|c|\u2606thebeast4895|okay I have a chance\n|\n|t:|1776356103\n|move|p2a: Farigiraf|Helping Hand|p2b: Kingambit\n|-singleturn|p2b: Kingambit|Helping Hand|[of] p2a: Farigiraf\n|move|p2b: Kingambit|Kowtow Cleave|p1a: Sinistcha\n|-supereffective|p1a: Sinistcha|1\n|-damage|p1a: Sinistcha|19/100\n|-enditem|p1a: Sinistcha|Sitrus Berry|[eat]\n|-heal|p1a: Sinistcha|44/100|[from] item: Sitrus Berry\n|move|p1b: Slowbro|Calm Mind|p1b: Slowbro\n|-boost|p1b: Slowbro|spa|1\n|-boost|p1b: Slowbro|spd|1\n|move|p1a: Sinistcha|Trick Room|p1a: Sinistcha\n|-fieldstart|move: Trick Room|[of] p1a: Sinistcha\n|\n|-damage|p2b: Kingambit|44/100 brn|[from] brn\n|upkeep\n|turn|4\n|\n|t:|1776356125\n|move|p2a: Farigiraf|Protect|p2a: Farigiraf\n|-singleturn|p2a: Farigiraf|Protect\n|move|p1a: Sinistcha|Protect|p1a: Sinistcha\n|-singleturn|p1a: Sinistcha|Protect\n|move|p2b: Kingambit|Sucker Punch|p1b: Slowbro\n|-supereffective|p1b: Slowbro|1\n|-damage|p1b: Slowbro|73/100\n|move|p1b: Slowbro|Scald|p2b: Kingambit\n|-damage|p2b: Kingambit|0 fnt\n|faint|p2b: Kingambit\n|\n|upkeep\n|\n|t:|1776356137\n|switch|p2b: Aggron|Aggron, L50, F, shiny|100/100\n|turn|5\n|\n|t:|1776356155\n|switch|p1a: Incineroar|Incineroar, L50, F|100/100\n|-ability|p1a: Incineroar|Intimidate|boost\n|-unboost|p2a: Farigiraf|atk|1\n|-unboost|p2b: Aggron|atk|1\n|detailschange|p2b: Aggron|Aggron-Mega, L50, F, shiny\n|-mega|p2b: Aggron|Aggron|Aggronite\n|move|p1b: Slowbro|Scald|p2b: Aggron\n|-damage|p2b: Aggron|20/100\n|move|p2b: Aggron|Rock Slide|p1a: Incineroar|[spread] p1b\n|-miss|p2b: Aggron|p1a: Incineroar\n|-damage|p1b: Slowbro|67/100\n|move|p2a: Farigiraf|Psychic|p1a: Incineroar\n|-immune|p1a: Incineroar\n|\n|upkeep\n|turn|6\n|c|\u2606thebeast4895|slowbro goes burrr\n|inactive|thebeast4895 has 30 seconds left.\n|\n|t:|1776356183\n|move|p2b: Aggron|Protect|p2b: Aggron\n|-singleturn|p2b: Aggron|Protect\n|move|p1b: Slowbro|Scald|p2b: Aggron\n|-activate|p2b: Aggron|move: Protect\n|move|p1a: Incineroar|Darkest Lariat|p2a: Farigiraf\n|-supereffective|p2a: Farigiraf|1\n|-damage|p2a: Farigiraf|24/100\n|move|p2a: Farigiraf|Trick Room|p2a: Farigiraf\n|-fieldend|move: Trick Room\n|\n|-heal|p2a: Farigiraf|30/100|[from] item: Leftovers\n|upkeep\n|turn|7\n|\n|t:|1776356202\n|move|p1b: Slowbro|Protect|p1b: Slowbro\n|-singleturn|p1b: Slowbro|Protect\n|move|p1a: Incineroar|Flare Blitz|p2b: Aggron\n|-supereffective|p2b: Aggron|1\n|-damage|p2b: Aggron|0 fnt\n|faint|p2b: Aggron\n|-damage|p1a: Incineroar|96/100|[from] Recoil\n|move|p2a: Farigiraf|Psychic|p1b: Slowbro\n|-activate|p1b: Slowbro|move: Protect\n|\n|-heal|p2a: Farigiraf|36/100|[from] item: Leftovers\n|-heal|p1a: Incineroar|100/100|[from] item: Leftovers\n|upkeep\n|\n|t:|1776356207\n|switch|p2b: Primarina|Primarina, L50, M, shiny|100/100\n|turn|8\n|\n|t:|1776356225\n|move|p2a: Farigiraf|Helping Hand|p2b: Primarina\n|-singleturn|p2b: Primarina|Helping Hand|[of] p2a: Farigiraf\n|move|p1a: Incineroar|Parting Shot|p2b: Primarina\n|-unboost|p2b: Primarina|atk|1\n|-unboost|p2b: Primarina|spa|1\n|\n|t:|1776356230\n|switch|p1a: Sinistcha|Sinistcha, L50|44/100|[from] Parting Shot\n|-heal|p1b: Slowbro|91/100|[from] ability: Hospitality|[of] p1a: Sinistcha\n|move|p2b: Primarina|Hyper Voice|p1b: Slowbro|[spread] p1a,p1b\n|-resisted|p1a: Sinistcha|1\n|-crit|p1a: Sinistcha\n|-resisted|p1b: Slowbro|1\n|-damage|p1a: Sinistcha|0 fnt\n|-damage|p1b: Slowbro|77/100\n|faint|p1a: Sinistcha\n|move|p1b: Slowbro|Scald|p2a: Farigiraf\n|-damage|p2a: Farigiraf|0 fnt\n|faint|p2a: Farigiraf\n|\n|upkeep\n|\n|t:|1776356243\n|switch|p1a: Incineroar|Incineroar, L50, F|100/100\n|-ability|p1a: Incineroar|Intimidate|boost\n|-unboost|p2b: Primarina|atk|1\n|turn|9\n|c|\u2606BrotadYT|Gg\n|c|\u2606thebeast4895|gg\n|-message|BrotadYT forfeited.\n|\n|win|thebeast4895\n|raw|thebeast4895's rating: 1255 &rarr; <strong>1279</strong><br />(+24 for winning)\n|raw|BrotadYT's rating: 1236 &rarr; <strong>1212</strong><br />(-24 for losing)\n|c|\u2606thebeast4895|slowbro is doing so good\n|l|\u2606BrotadYT\n|player|p2|\n|c|\u2606thebeast4895|I dont even know why\n",
  "uploadtime": 1776356263,
  "views": 30,
  "formatid": "gen9championsvgc2026regma",
  "rating": 1212,
  "private": 0,
  "password": null
}