{
  "id": "gen9championsvgc2026regma-2582070242",
  "format": "[Gen 9 Champions] VGC 2026 Reg M-A",
  "players": [
    "joumon doki",
    "williat9"
  ],
  "log": "|j|\u2606joumon doki\n|j|\u2606williat9\n|t:|1776054208\n|gametype|doubles\n|player|p1|joumon doki|swimmerf-gen4|1094\n|player|p2|williat9|1|1196\n|gen|9\n|tier|[Gen 9 Champions] VGC 2026 Reg M-A\n|rated|\n|rule|Species Clause: Limit one of each Pok\u00e9mon\n|rule|Item Clause: Limit 1 of each item\n|clearpoke\n|poke|p1|Ceruledge, L50, M|\n|poke|p1|Scizor, L50, M|\n|poke|p1|Kommo-o, L50, M|\n|poke|p1|Ninetales-Alola, L50, F|\n|poke|p1|Sneasler, L50, M|\n|poke|p1|Kangaskhan, L50, F|\n|poke|p2|Kingambit, L50, F|\n|poke|p2|Starmie, L50|\n|poke|p2|Incineroar, L50, M|\n|poke|p2|Sylveon, L50, M|\n|poke|p2|Sneasler, L50, F|\n|poke|p2|Sinistcha, L50|\n|teampreview|4\n|inactive|Battle timer is ON: inactive players will automatically lose when time's up. (requested by williat9)\n|inactive|joumon doki has 60 seconds left.\n|inactive|joumon doki has 30 seconds left.\n|\n|t:|1776054276\n|teamsize|p1|4\n|teamsize|p2|4\n|start\n|switch|p1a: Sneasler|Sneasler, L50, M|100/100\n|switch|p1b: Ceruledge|Ceruledge, L50, M|100/100\n|switch|p2a: Starmie|Starmie, L50|100/100\n|switch|p2b: Sneasler|Sneasler, L50, F|100/100\n|turn|1\n|j| sabj\n|inactive|joumon doki has 30 seconds left.\n|j| Leafyarrow\n|inactive|williat9 has 30 seconds left.\n|inactive|joumon doki has 20 seconds left.\n|inactive|joumon doki has 15 seconds left.\n|\n|t:|1776054320\n|detailschange|p2a: Starmie|Starmie-Mega, L50\n|-mega|p2a: Starmie|Starmie|Starminite\n|move|p1a: Sneasler|Protect|p1a: Sneasler\n|-singleturn|p1a: Sneasler|Protect\n|move|p1b: Ceruledge|Poltergeist|p2a: Starmie\n|-activate|p2a: Starmie|move: Poltergeist|Starminite\n|-supereffective|p2a: Starmie|1\n|-damage|p2a: Starmie|0 fnt\n|faint|p2a: Starmie\n|move|p2b: Sneasler|Coaching|p2: Starmie|[notarget]\n|-fail|p2b: Sneasler\n|\n|upkeep\n|\n|t:|1776054329\n|switch|p2a: Incineroar|Incineroar, L50, M|100/100\n|-ability|p2a: Incineroar|Intimidate|boost\n|-unboost|p1a: Sneasler|atk|1\n|-unboost|p1b: Ceruledge|atk|1\n|-enditem|p1a: Sneasler|White Herb\n|-clearnegativeboost|p1a: Sneasler|[silent]\n|turn|2\n|\n|t:|1776054353\n|switch|p1b: Scizor|Scizor, L50, M|100/100\n|move|p1a: Sneasler|Coaching|p1b: Scizor\n|-boost|p1b: Scizor|atk|1\n|-boost|p1b: Scizor|def|1\n|move|p2b: Sneasler|Rock Slide|p1a: Sneasler|[spread] p1a,p1b\n|-resisted|p1a: Sneasler|1\n|-damage|p1a: Sneasler|85/100\n|-damage|p1b: Scizor|88/100\n|move|p2a: Incineroar|Parting Shot|p1b: Scizor\n|-unboost|p1b: Scizor|atk|1\n|-unboost|p1b: Scizor|spa|1\n|\n|t:|1776054358\n|switch|p2a: Sinistcha|Sinistcha, L50|100/100|[from] Parting Shot\n|\n|upkeep\n|turn|3\n|\n|t:|1776054379\n|switch|p2a: Incineroar|Incineroar, L50, M|100/100\n|-ability|p2a: Incineroar|Intimidate|boost\n|-unboost|p1a: Sneasler|atk|1\n|-unboost|p1b: Scizor|atk|1\n|detailschange|p1b: Scizor|Scizor-Mega, L50, M\n|-mega|p1b: Scizor|Scizor|Scizorite\n|move|p1a: Sneasler|Coaching|p1b: Scizor\n|-boost|p1b: Scizor|atk|1\n|-boost|p1b: Scizor|def|1\n|move|p2b: Sneasler|Coaching|p2a: Incineroar\n|-boost|p2a: Incineroar|atk|1\n|-boost|p2a: Incineroar|def|1\n|move|p1b: Scizor|Swords Dance|p1b: Scizor\n|-boost|p1b: Scizor|atk|2\n|\n|upkeep\n|turn|4\n|\n|t:|1776054406\n|move|p1a: Sneasler|Close Combat|p2a: Incineroar\n|-supereffective|p2a: Incineroar|1\n|-damage|p2a: Incineroar|52/100\n|-unboost|p1a: Sneasler|def|1\n|-unboost|p1a: Sneasler|spd|1\n|move|p2b: Sneasler|Coaching|p2a: Incineroar\n|-boost|p2a: Incineroar|atk|1\n|-boost|p2a: Incineroar|def|1\n|move|p1b: Scizor|Bug Bite|p2a: Incineroar\n|-damage|p2a: Incineroar|0 fnt\n|-enditem|p2a: Incineroar|Sitrus Berry|[from] stealeat|[move] Bug Bite|[of] p1b: Scizor\n|-heal|p1b: Scizor|100/100|[from] item: Sitrus Berry\n|faint|p2a: Incineroar\n|\n|upkeep\n|\n|t:|1776054415\n|switch|p2a: Sinistcha|Sinistcha, L50|100/100\n|turn|5\n|-message|williat9 forfeited.\n|\n|win|joumon doki\n|raw|joumon doki's rating: 1094 &rarr; <strong>1127</strong><br />(+33 for winning)\n|raw|williat9's rating: 1196 &rarr; <strong>1164</strong><br />(-32 for losing)\n|l|\u2606williat9\n|player|p2|\n|l| Leafyarrow\n|l| sabj\n",
  "uploadtime": 1776056984,
  "views": 25,
  "formatid": "gen9championsvgc2026regma",
  "rating": 1127,
  "private": 0,
  "password": null
}