{
  "id": "gen9championsvgc2026regma-2583489214",
  "format": "[Gen 9 Champions] VGC 2026 Reg M-A",
  "players": [
    "Viviexists",
    "Elkod/3"
  ],
  "log": "|j|\u2606Viviexists\n|j|\u2606Elkod/3\n|t:|1776178895\n|gametype|doubles\n|player|p1|Viviexists|mela|1087\n|player|p2|Elkod/3|101|1012\n|gen|9\n|tier|[Gen 9 Champions] VGC 2026 Reg M-A\n|rated|\n|rule|Species Clause: Limit one of each Pok\u00e9mon\n|rule|Item Clause: Limit 1 of each item\n|clearpoke\n|poke|p1|Whimsicott, L50, M|\n|poke|p1|Palafin, L50, F|\n|poke|p1|Farigiraf, L50, M|\n|poke|p1|Incineroar, L50, F|\n|poke|p1|Garchomp, L50, F|\n|poke|p1|Delphox, L50, F|\n|poke|p2|Hawlucha, L50, F|\n|poke|p2|Mr. Rime, L50, M|\n|poke|p2|Oranguru, L50, F|\n|poke|p2|Garganacl, L50, F|\n|poke|p2|Sinistcha, L50|\n|poke|p2|Incineroar, L50, F|\n|teampreview|4\n|\n|t:|1776178931\n|teamsize|p1|4\n|teamsize|p2|4\n|start\n|switch|p1a: Palafin|Palafin, L50, F, shiny|100/100\n|switch|p1b: Delphox|Delphox, L50, F|100/100\n|switch|p2a: Hawlucha|Hawlucha, L50, F|100/100\n|switch|p2b: Mr. Rime|Mr. Rime, L50, M|100/100\n|-ability|p2a: Hawlucha|Mold Breaker\n|turn|1\n|\n|t:|1776178956\n|detailschange|p1a: Palafin|Palafin-Hero, L50, F, shiny\n|switch|p1a: Farigiraf|Farigiraf, L50, M|100/100\n|detailschange|p2a: Hawlucha|Hawlucha-Mega, L50, F\n|-mega|p2a: Hawlucha|Hawlucha|Hawluchanite\n|detailschange|p1b: Delphox|Delphox-Mega, L50, F\n|-mega|p1b: Delphox|Delphox|Delphoxite\n|move|p1b: Delphox|Psychic|p2a: Hawlucha\n|-supereffective|p2a: Hawlucha|1\n|-damage|p2a: Hawlucha|0 fnt\n|faint|p2a: Hawlucha\n|move|p2b: Mr. Rime|Sheer Cold|p1b: Delphox\n|-damage|p1b: Delphox|0 fnt\n|faint|p1b: Delphox\n|-ohko\n|\n|upkeep\n|\n|t:|1776178979\n|switch|p1b: Palafin|Palafin-Hero, L50, F, shiny|100/100\n|switch|p2a: Incineroar|Incineroar, L50, F|100/100\n|-activate|p1b: Palafin|ability: Zero to Hero\n|-ability|p2a: Incineroar|Intimidate|boost\n|-unboost|p1a: Farigiraf|atk|1\n|-unboost|p1b: Palafin|atk|1\n|turn|2\n|\n|t:|1776179005\n|move|p2a: Incineroar|Fake Out||[still]\n|cant|p1a: Farigiraf|ability: Armor Tail|Fake Out|[of] p2a: Incineroar\n|move|p1b: Palafin|Wave Crash|p2a: Incineroar\n|-supereffective|p2a: Incineroar|1\n|-damage|p2a: Incineroar|0 fnt\n|faint|p2a: Incineroar\n|-damage|p1b: Palafin|73/100|[from] Recoil\n|move|p2b: Mr. Rime|Freeze-Dry|p1b: Palafin\n|-supereffective|p1b: Palafin|1\n|-crit|p1b: Palafin\n|-damage|p1b: Palafin|3/100\n|move|p1a: Farigiraf|Thunderbolt|p2b: Mr. Rime\n|-damage|p2b: Mr. Rime|82/100\n|\n|upkeep\n|\n|t:|1776179020\n|switch|p2a: Oranguru|Oranguru, L50, F|100/100\n|turn|3\n|\n|t:|1776179049\n|switch|p1b: Whimsicott|Whimsicott, L50, M|100/100\n|move|p2a: Oranguru|Calm Mind|p2a: Oranguru\n|-boost|p2a: Oranguru|spa|1\n|-boost|p2a: Oranguru|spd|1\n|move|p2b: Mr. Rime|Trick Room|p2b: Mr. Rime\n|-fieldstart|move: Trick Room|[of] p2b: Mr. Rime\n|move|p1a: Farigiraf|Trick Room|p1a: Farigiraf\n|-fieldend|move: Trick Room\n|\n|upkeep\n|turn|4\n|\n|t:|1776179068\n|move|p1b: Whimsicott|Encore|p2b: Mr. Rime\n|-start|p2b: Mr. Rime|Encore\n|move|p2a: Oranguru|Psychic|p1a: Farigiraf\n|-resisted|p1a: Farigiraf|1\n|-damage|p1a: Farigiraf|71/100\n|move|p2b: Mr. Rime|Trick Room|p2b: Mr. Rime\n|-fieldstart|move: Trick Room|[of] p2b: Mr. Rime\n|move|p1a: Farigiraf|Trick Room|p1a: Farigiraf\n|-fieldend|move: Trick Room\n|\n|-heal|p1a: Farigiraf|78/100|[from] item: Leftovers\n|upkeep\n|turn|5\n|-activate|p2a: Oranguru|item: Quick Claw\n|\n|t:|1776179083\n|move|p2a: Oranguru|Psychic|p1b: Whimsicott\n|-damage|p1b: Whimsicott|9/100\n|move|p1b: Whimsicott|Moonblast|p2b: Mr. Rime\n|-damage|p2b: Mr. Rime|55/100\n|move|p2b: Mr. Rime|Trick Room|p2b: Mr. Rime\n|-fieldstart|move: Trick Room|[of] p2b: Mr. Rime\n|move|p1a: Farigiraf|Trick Room|p1a: Farigiraf\n|-fieldend|move: Trick Room\n|\n|-heal|p1a: Farigiraf|84/100|[from] item: Leftovers\n|upkeep\n|turn|6\n|\n|t:|1776179106\n|move|p1b: Whimsicott|Moonblast|p2b: Mr. Rime\n|-damage|p2b: Mr. Rime|25/100\n|move|p2a: Oranguru|Psychic|p1b: Whimsicott\n|-damage|p1b: Whimsicott|0 fnt\n|faint|p1b: Whimsicott\n|move|p1a: Farigiraf|Thunderbolt|p2b: Mr. Rime\n|-damage|p2b: Mr. Rime|4/100\n|-status|p2b: Mr. Rime|par\n|cant|p2b: Mr. Rime|par\n|\n|-heal|p1a: Farigiraf|90/100|[from] item: Leftovers\n|-end|p2b: Mr. Rime|Encore\n|upkeep\n|\n|t:|1776179118\n|switch|p1b: Palafin|Palafin-Hero, L50, F, shiny|3/100\n|turn|7\n|\n|t:|1776179139\n|move|p1b: Palafin|Protect|p1b: Palafin\n|-singleturn|p1b: Palafin|Protect\n|move|p2b: Mr. Rime|Protect|p2b: Mr. Rime\n|-singleturn|p2b: Mr. Rime|Protect\n|move|p2a: Oranguru|Psychic|p1b: Palafin\n|-activate|p1b: Palafin|move: Protect\n|move|p1a: Farigiraf|Thunderbolt|p2b: Mr. Rime\n|-activate|p2b: Mr. Rime|move: Protect\n|\n|-heal|p1a: Farigiraf|96/100|[from] item: Leftovers\n|upkeep\n|turn|8\n|\n|t:|1776179184\n|move|p1b: Palafin|Jet Punch|p2b: Mr. Rime\n|-damage|p2b: Mr. Rime|0 fnt\n|faint|p2b: Mr. Rime\n|move|p2a: Oranguru|Psychic|p1b: Palafin\n|-damage|p1b: Palafin|0 fnt\n|faint|p1b: Palafin\n|move|p1a: Farigiraf|Thunderbolt|p2a: Oranguru\n|-damage|p2a: Oranguru|85/100\n|\n|-heal|p1a: Farigiraf|100/100|[from] item: Leftovers\n|upkeep\n|turn|9\n|\n|t:|1776179196\n|move|p2a: Oranguru|Calm Mind|p2a: Oranguru\n|-boost|p2a: Oranguru|spa|1\n|-boost|p2a: Oranguru|spd|1\n|move|p1a: Farigiraf|Thunderbolt|p2a: Oranguru\n|-damage|p2a: Oranguru|72/100\n|\n|upkeep\n|turn|10\n|\n|t:|1776179207\n|move|p2a: Oranguru|Instruct|p1a: Farigiraf\n|-singleturn|p1a: Farigiraf|move: Instruct|[of] p2a: Oranguru\n|move|p1a: Farigiraf|Thunderbolt|p2a: Oranguru\n|-damage|p2a: Oranguru|60/100\n|move|p1a: Farigiraf|Psychic Noise|p2a: Oranguru\n|-resisted|p2a: Oranguru|1\n|-damage|p2a: Oranguru|53/100\n|-start|p2a: Oranguru|move: Heal Block\n|\n|upkeep\n|turn|11\n|\n|t:|1776179222\n|move|p2a: Oranguru|Psychic|p1a: Farigiraf\n|-resisted|p1a: Farigiraf|1\n|-damage|p1a: Farigiraf|65/100\n|move|p1a: Farigiraf|Thunderbolt|p2a: Oranguru\n|-damage|p2a: Oranguru|42/100\n|\n|-heal|p1a: Farigiraf|71/100|[from] item: Leftovers\n|-end|p2a: Oranguru|move: Heal Block\n|upkeep\n|turn|12\n|\n|t:|1776179239\n|move|p2a: Oranguru|Psychic|p1a: Farigiraf\n|-resisted|p1a: Farigiraf|1\n|-damage|p1a: Farigiraf|31/100\n|move|p1a: Farigiraf|Thunderbolt|p2a: Oranguru\n|-damage|p2a: Oranguru|30/100\n|\n|-heal|p1a: Farigiraf|38/100|[from] item: Leftovers\n|upkeep\n|turn|13\n|-activate|p2a: Oranguru|item: Quick Claw\n|\n|t:|1776179249\n|move|p2a: Oranguru|Psychic|p1a: Farigiraf\n|-resisted|p1a: Farigiraf|1\n|-damage|p1a: Farigiraf|2/100\n|move|p1a: Farigiraf|Thunderbolt|p2a: Oranguru\n|-damage|p2a: Oranguru|17/100\n|\n|-heal|p1a: Farigiraf|8/100|[from] item: Leftovers\n|upkeep\n|turn|14\n|\n|t:|1776179261\n|move|p2a: Oranguru|Psychic|p1a: Farigiraf\n|-resisted|p1a: Farigiraf|1\n|-damage|p1a: Farigiraf|0 fnt\n|faint|p1a: Farigiraf\n|\n|win|Elkod/3\n|raw|Viviexists's rating: 1087 &rarr; <strong>1059</strong><br />(-28 for losing)\n|raw|Elkod&#x2f;3's rating: 1012 &rarr; <strong>1058</strong><br />(+46 for winning)\n|l|\u2606Elkod/3\n|player|p2|\n",
  "uploadtime": 1776179282,
  "views": 26,
  "formatid": "gen9championsvgc2026regma",
  "rating": 1058,
  "private": 0,
  "password": null
}