{
  "id": "gen9championsvgc2026regma-2581290906",
  "format": "[Gen 9 Champions] VGC 2026 Reg M-A",
  "players": [
    "vanruffle",
    "calacadura"
  ],
  "log": "|j|\u2606vanruffle\n|j|\u2606calacadura\n|t:|1775982124\n|gametype|doubles\n|player|p1|vanruffle|morty|1000\n|player|p2|calacadura|102|1074\n|gen|9\n|tier|[Gen 9 Champions] VGC 2026 Reg M-A\n|rated|\n|rule|Species Clause: Limit one of each Pok\u00e9mon\n|rule|Item Clause: Limit 1 of each item\n|clearpoke\n|poke|p1|Flapple, L50, M|\n|poke|p1|Sableye, L50, M|\n|poke|p1|Altaria, L50, F|\n|poke|p1|Golurk, L50|\n|poke|p2|Sneasler, L50, M|\n|poke|p2|Farigiraf, L50, M|\n|poke|p2|Basculegion, L50, M|\n|poke|p2|Dragonite, L50, M|\n|poke|p2|Sinistcha, L50|\n|poke|p2|Incineroar, L50, M|\n|teampreview|4\n|inactive|Battle timer is ON: inactive players will automatically lose when time's up. (requested by vanruffle)\n|\n|t:|1775982145\n|teamsize|p1|4\n|teamsize|p2|4\n|start\n|switch|p1a: Sableye|Sableye, L50, M|100/100\n|switch|p1b: Altaria|Altaria, L50, F|100/100\n|switch|p2a: Kitten|Incineroar, L50, M, shiny|100/100\n|switch|p2b: Basculegion|Basculegion, L50, M|100/100\n|-ability|p1b: Altaria|Cloud Nine\n|-ability|p2a: Kitten|Intimidate|boost\n|-unboost|p1a: Sableye|atk|1\n|-unboost|p1b: Altaria|atk|1\n|turn|1\n|inactive|vanruffle has 30 seconds left.\n|\n|t:|1775982176\n|switch|p2a: Dragonite|Dragonite, L50, M|100/100\n|move|p1a: Sableye|Fake Out|p2a: Dragonite\n|-damage|p2a: Dragonite|97/100\n|move|p2b: Basculegion|Flip Turn|p1a: Sableye\n|-crit|p1a: Sableye\n|-damage|p1a: Sableye|15/100\n|\n|t:|1775982179\n|switch|p2b: Kitten|Incineroar, L50, M, shiny|100/100|[from] Flip Turn\n|-ability|p2b: Kitten|Intimidate|boost\n|-unboost|p1a: Sableye|atk|1\n|-unboost|p1b: Altaria|atk|1\n|move|p1b: Altaria|Tailwind|p1b: Altaria\n|-sidestart|p1: vanruffle|move: Tailwind\n|\n|-heal|p2a: Dragonite|100/100|[from] item: Leftovers\n|-heal|p1a: Sableye|21/100|[from] item: Leftovers\n|upkeep\n|turn|2\n|inactive|vanruffle has 30 seconds left.\n|inactive|vanruffle has 20 seconds left.\n|\n|t:|1775982216\n|switch|p1a: Golurk|Golurk, L50, shiny|100/100\n|detailschange|p1b: Altaria|Altaria-Mega, L50, F\n|-mega|p1b: Altaria|Altaria|Altarianite\n|move|p1b: Altaria|Hyper Voice|p2a: Dragonite|[spread] p2a,p2b\n|-supereffective|p2a: Dragonite|1\n|-damage|p2a: Dragonite|66/100\n|-damage|p2b: Kitten|78/100\n|move|p2a: Dragonite|Dragon Claw|p1b: Altaria\n|-immune|p1b: Altaria\n|move|p2b: Kitten|Parting Shot|p1a: Golurk\n|-unboost|p1a: Golurk|atk|1\n|-unboost|p1a: Golurk|spa|1\n|\n|t:|1775982221\n|switch|p2b: Tiny|Sinistcha, L50, shiny|100/100|[from] Parting Shot\n|-heal|p2a: Dragonite|91/100|[from] ability: Hospitality|[of] p2b: Tiny\n|\n|-heal|p2a: Dragonite|97/100|[from] item: Leftovers\n|upkeep\n|turn|3\n|\n|t:|1775982245\n|switch|p2a: Kitten|Incineroar, L50, M, shiny|78/100\n|-ability|p2a: Kitten|Intimidate|boost\n|-unboost|p1a: Golurk|atk|1\n|-unboost|p1b: Altaria|atk|1\n|move|p1b: Altaria|Hyper Voice|p2a: Kitten|[spread] p2a,p2b\n|-damage|p2a: Kitten|56/100\n|-damage|p2b: Tiny|65/100\n|move|p1a: Golurk|Poltergeist|p2b: Tiny\n|-activate|p2b: Tiny|move: Poltergeist|Bright Powder\n|-supereffective|p2b: Tiny|1\n|-damage|p2b: Tiny|21/100\n|move|p2b: Tiny|Calm Mind|p2b: Tiny\n|-boost|p2b: Tiny|spa|1\n|-boost|p2b: Tiny|spd|1\n|\n|upkeep\n|turn|4\n|inactive|calacadura has 30 seconds left.\n|\n|t:|1775982273\n|move|p2a: Kitten|Fake Out|p1b: Altaria\n|-damage|p1b: Altaria|91/100\n|cant|p1b: Altaria|flinch\n|move|p1a: Golurk|Poltergeist|p2b: Tiny\n|-activate|p2b: Tiny|move: Poltergeist|Bright Powder\n|-supereffective|p2b: Tiny|1\n|-damage|p2b: Tiny|0 fnt\n|faint|p2b: Tiny\n|\n|-sideend|p1: vanruffle|move: Tailwind\n|upkeep\n|\n|t:|1775982276\n|switch|p2b: Dragonite|Dragonite, L50, M|97/100\n|turn|5\n|\n|t:|1775982293\n|move|p2b: Dragonite|Ice Spinner|p1b: Altaria\n|-supereffective|p1b: Altaria|1\n|-damage|p1b: Altaria|38/100\n|move|p1b: Altaria|Hyper Voice|p2b: Dragonite|[spread] p2a,p2b\n|-supereffective|p2b: Dragonite|1\n|-damage|p2a: Kitten|34/100\n|-damage|p2b: Dragonite|28/100\n|-enditem|p2a: Kitten|Sitrus Berry|[eat]\n|-heal|p2a: Kitten|58/100|[from] item: Sitrus Berry\n|move|p1a: Golurk|Poltergeist|p2b: Dragonite|[miss]\n|-miss|p1a: Golurk|p2b: Dragonite\n|move|p2a: Kitten|Will-O-Wisp|p1a: Golurk\n|-status|p1a: Golurk|brn\n|\n|-heal|p2b: Dragonite|34/100|[from] item: Leftovers\n|-damage|p1a: Golurk|94/100 brn|[from] brn\n|upkeep\n|turn|6\n|inactive|calacadura has 30 seconds left.\n|\n|t:|1775982319\n|switch|p1a: Sableye|Sableye, L50, M|21/100\n|move|p2b: Dragonite|Dragon Dance|p2b: Dragonite\n|-boost|p2b: Dragonite|atk|1\n|-boost|p2b: Dragonite|spe|1\n|move|p1b: Altaria|Hyper Voice|p2b: Dragonite|[spread] p2a,p2b\n|-supereffective|p2b: Dragonite|1\n|-damage|p2a: Kitten|37/100\n|-damage|p2b: Dragonite|0 fnt\n|faint|p2b: Dragonite\n|move|p2a: Kitten|Parting Shot|p1a: Sableye\n|-unboost|p1a: Sableye|atk|1\n|-unboost|p1a: Sableye|spa|1\n|\n|t:|1775982320\n|switch|p2a: Basculegion|Basculegion, L50, M|100/100|[from] Parting Shot\n|\n|-heal|p1a: Sableye|27/100|[from] item: Leftovers\n|upkeep\n|\n|t:|1775982323\n|switch|p2b: Kitten|Incineroar, L50, M, shiny|37/100\n|-ability|p2b: Kitten|Intimidate|boost\n|-unboost|p1a: Sableye|atk|1\n|-unboost|p1b: Altaria|atk|1\n|turn|7\n|inactive|vanruffle has 30 seconds left.\n|inactive|vanruffle has 20 seconds left.\n|\n|t:|1775982359\n|move|p1a: Sableye|Will-O-Wisp|p2a: Basculegion\n|-status|p2a: Basculegion|brn\n|move|p2a: Basculegion|Last Respects|p1b: Altaria\n|-damage|p1b: Altaria|0 fnt\n|faint|p1b: Altaria\n|move|p2b: Kitten|Flare Blitz|p1a: Sableye\n|-crit|p1a: Sableye\n|-damage|p1a: Sableye|0 fnt\n|faint|p1a: Sableye\n|-damage|p2b: Kitten|30/100|[from] Recoil\n|\n|-damage|p2a: Basculegion|94/100 brn|[from] brn\n|upkeep\n|\n|t:|1775982374\n|switch|p1b: Golurk|Golurk, L50, shiny|94/100 brn\n|switch|p1a: Flapple|Flapple, L50, M|100/100\n|turn|8\n|l|\u2606calacadura\n|inactive|calacadura disconnected and has a minute to reconnect!\n|player|p2|\n|inactive|calacadura has 30 seconds left.\n|j|\u2606calacadura\n|inactive|calacadura reconnected and has 30 seconds left.\n|player|p2|calacadura|102|\n|inactive|calacadura has 20 seconds left.\n|\n|t:|1775982416\n|move|p2a: Basculegion|Last Respects|p1b: Golurk\n|-supereffective|p1b: Golurk|1\n|-damage|p1b: Golurk|0 fnt\n|faint|p1b: Golurk\n|move|p1a: Flapple|Grav Apple|p2a: Basculegion\n|-supereffective|p2a: Basculegion|1\n|-damage|p2a: Basculegion|0 fnt\n|faint|p2a: Basculegion\n|move|p2b: Kitten|Will-O-Wisp|p1a: Flapple\n|-status|p1a: Flapple|brn\n|\n|-damage|p1a: Flapple|94/100 brn|[from] brn\n|upkeep\n|turn|9\n|inactive|vanruffle has 30 seconds left.\n|\n|t:|1775982441\n|move|p1a: Flapple|Dual Wingbeat|p2b: Kitten\n|-damage|p2b: Kitten|22/100\n|-damage|p2b: Kitten|14/100\n|-hitcount|p2b: Kitten|2\n|move|p2b: Kitten|Flare Blitz|p1a: Flapple\n|-damage|p1a: Flapple|26/100 brn\n|-damage|p2b: Kitten|0 fnt|[from] Recoil\n|faint|p2b: Kitten\n|\n|win|vanruffle\n|raw|vanruffle's rating: 1000 &rarr; <strong>1048</strong><br />(+48 for winning)\n|raw|calacadura's rating: 1074 &rarr; <strong>1048</strong><br />(-26 for losing)\n",
  "uploadtime": 1775982450,
  "views": 14,
  "formatid": "gen9championsvgc2026regma",
  "rating": 1048,
  "private": 0,
  "password": null
}