{
  "id": "gen9championsvgc2026regma-2586716799",
  "format": "[Gen 9 Champions] VGC 2026 Reg M-A",
  "players": [
    "zbeach",
    "MiifaVT"
  ],
  "log": "|j|\u2606zbeach\n|j|\u2606MiifaVT\n|t:|1776454430\n|gametype|doubles\n|player|p1|zbeach|2|1205\n|player|p2|MiifaVT|170|1212\n|gen|9\n|tier|[Gen 9 Champions] VGC 2026 Reg M-A\n|rated|\n|rule|Species Clause: Limit one of each Pok\u00e9mon\n|rule|Item Clause: Limit 1 of each item\n|clearpoke\n|poke|p1|Excadrill, L50, M|\n|poke|p1|Milotic, L50, M|\n|poke|p1|Vanilluxe, L50, M|\n|poke|p1|Hawlucha, L50, F|\n|poke|p1|Sinistcha, L50|\n|poke|p1|Incineroar, L50, F|\n|poke|p2|Whimsicott, L50, F|\n|poke|p2|Venusaur, L50, F|\n|poke|p2|Charizard, L50, M|\n|poke|p2|Glimmora, L50, F|\n|poke|p2|Incineroar, L50, F|\n|poke|p2|Froslass, L50, F|\n|teampreview|4\n|\n|t:|1776454470\n|teamsize|p1|4\n|teamsize|p2|4\n|start\n|switch|p1a: Sinistcha|Sinistcha, L50|100/100\n|switch|p1b: Milotic|Milotic, L50, M, shiny|100/100\n|switch|p2a: Glimmora|Glimmora, L50, F|100/100\n|switch|p2b: Incineroar|Incineroar, L50, F|100/100\n|-ability|p2b: Incineroar|Intimidate|boost\n|-unboost|p1a: Sinistcha|atk|1\n|-unboost|p1b: Milotic|atk|1\n|-ability|p1b: Milotic|Competitive|boost\n|-boost|p1b: Milotic|spa|2\n|turn|1\n|inactive|Battle timer is ON: inactive players will automatically lose when time's up. (requested by zbeach)\n|\n|t:|1776454487\n|move|p1b: Milotic|Protect|p1b: Milotic\n|-singleturn|p1b: Milotic|Protect\n|move|p2b: Incineroar|Fake Out|p1b: Milotic\n|-activate|p1b: Milotic|move: Protect\n|move|p1a: Sinistcha|Rage Powder|p1a: Sinistcha\n|-singleturn|p1a: Sinistcha|move: Rage Powder\n|move|p2a: Glimmora|Sludge Bomb|p1a: Sinistcha\n|-damage|p1a: Sinistcha|58/100\n|\n|upkeep\n|turn|2\n|inactive|zbeach has 30 seconds left.\n|\n|t:|1776454514\n|switch|p2b: Whimsicott|Whimsicott, L50, F|100/100\n|move|p2a: Glimmora|Mortal Spin|p1a: Sinistcha|[spread] p1a,p1b\n|-damage|p1a: Sinistcha|53/100\n|-damage|p1b: Milotic|96/100\n|-status|p1a: Sinistcha|psn\n|-status|p1b: Milotic|psn\n|move|p1b: Milotic|Scald|p2b: Whimsicott\n|-resisted|p2b: Whimsicott|1\n|-damage|p2b: Whimsicott|68/100\n|-status|p2b: Whimsicott|brn\n|move|p1a: Sinistcha|Life Dew|p1a: Sinistcha|[spread] p1a,p1b\n|-heal|p1a: Sinistcha|78/100 psn\n|-heal|p1b: Milotic|100/100 psn\n|\n|-damage|p1b: Milotic|88/100 psn|[from] psn\n|-damage|p1a: Sinistcha|66/100 psn|[from] psn\n|-damage|p2b: Whimsicott|62/100 brn|[from] brn\n|upkeep\n|turn|3\n|inactive|MiifaVT has 30 seconds left.\n|\n|t:|1776454546\n|move|p2b: Whimsicott|Encore|p1b: Milotic\n|-start|p1b: Milotic|Encore\n|move|p2a: Glimmora|Sludge Bomb|p1a: Sinistcha\n|-damage|p1a: Sinistcha|20/100 psn\n|-enditem|p1a: Sinistcha|Sitrus Berry|[eat]\n|-heal|p1a: Sinistcha|45/100 psn|[from] item: Sitrus Berry\n|move|p1b: Milotic|Scald|p2b: Whimsicott\n|-resisted|p2b: Whimsicott|1\n|-damage|p2b: Whimsicott|30/100 brn\n|move|p1a: Sinistcha|Life Dew|p1a: Sinistcha|[spread] p1a,p1b\n|-heal|p1a: Sinistcha|70/100 psn\n|-heal|p1b: Milotic|100/100 psn\n|\n|-damage|p1b: Milotic|88/100 psn|[from] psn\n|-damage|p1a: Sinistcha|58/100 psn|[from] psn\n|-damage|p2b: Whimsicott|24/100 brn|[from] brn\n|upkeep\n|turn|4\n|\n|t:|1776454566\n|move|p1a: Sinistcha|Rage Powder|p1a: Sinistcha\n|-singleturn|p1a: Sinistcha|move: Rage Powder\n|move|p2b: Whimsicott|Endeavor|p1b: Milotic\n|-damage|p1b: Milotic|20/100 psn\n|move|p2a: Glimmora|Sludge Bomb|p1a: Sinistcha\n|-damage|p1a: Sinistcha|13/100 psn\n|move|p1b: Milotic|Scald|p2a: Glimmora\n|-supereffective|p2a: Glimmora|1\n|-enditem|p2a: Glimmora|Focus Sash\n|-damage|p2a: Glimmora|1/100\n|\n|-heal|p1b: Milotic|26/100 psn|[from] item: Leftovers\n|-damage|p1b: Milotic|13/100 psn|[from] psn\n|-damage|p1a: Sinistcha|1/100 psn|[from] psn\n|-damage|p2b: Whimsicott|18/100 brn|[from] brn\n|upkeep\n|turn|5\n|\n|t:|1776454587\n|move|p1a: Sinistcha|Rage Powder|p1a: Sinistcha\n|-singleturn|p1a: Sinistcha|move: Rage Powder\n|move|p2b: Whimsicott|Tailwind|p2b: Whimsicott\n|-sidestart|p2: MiifaVT|move: Tailwind\n|move|p2a: Glimmora|Sludge Bomb|p1a: Sinistcha\n|-damage|p1a: Sinistcha|0 fnt\n|faint|p1a: Sinistcha\n|move|p1b: Milotic|Scald|p2a: Glimmora\n|-supereffective|p2a: Glimmora|1\n|-damage|p2a: Glimmora|0 fnt\n|faint|p2a: Glimmora\n|\n|-heal|p1b: Milotic|19/100 psn|[from] item: Leftovers\n|-damage|p1b: Milotic|7/100 psn|[from] psn\n|-damage|p2b: Whimsicott|12/100 brn|[from] brn\n|-end|p1b: Milotic|Encore\n|upkeep\n|\n|t:|1776454603\n|switch|p2a: Froslass|Froslass, L50, F|100/100\n|switch|p1a: Incineroar|Incineroar, L50, F|100/100\n|-ability|p1a: Incineroar|Intimidate|boost\n|-unboost|p2a: Froslass|atk|1\n|-unboost|p2b: Whimsicott|atk|1\n|turn|6\n|inactive|zbeach has 30 seconds left.\n|\n|t:|1776454630\n|detailschange|p2a: Froslass|Froslass-Mega, L50, F\n|-mega|p2a: Froslass|Froslass|Froslassite\n|-weather|Snowscape|[from] ability: Snow Warning|[of] p2a: Froslass\n|move|p1a: Incineroar|Fake Out|p2b: Whimsicott\n|-damage|p2b: Whimsicott|0 fnt\n|faint|p2b: Whimsicott\n|move|p2a: Froslass|Blizzard|p1a: Incineroar|[spread] p1a,p1b\n|-resisted|p1a: Incineroar|1\n|-resisted|p1b: Milotic|1\n|-damage|p1a: Incineroar|79/100\n|-damage|p1b: Milotic|0 fnt\n|faint|p1b: Milotic\n|\n|-weather|Snowscape|[upkeep]\n|upkeep\n|\n|t:|1776454641\n|switch|p2b: Incineroar|Incineroar, L50, F|100/100\n|switch|p1b: Excadrill|Excadrill, L50, M|100/100\n|-ability|p2b: Incineroar|Intimidate|boost\n|-unboost|p1a: Incineroar|atk|1\n|-unboost|p1b: Excadrill|atk|1\n|-ability|p1b: Excadrill|Mold Breaker\n|turn|7\n|\n|t:|1776454661\n|move|p1b: Excadrill|Protect|p1b: Excadrill\n|-singleturn|p1b: Excadrill|Protect\n|move|p2a: Froslass|Hex|p1b: Excadrill\n|-activate|p1b: Excadrill|move: Protect\n|move|p2b: Incineroar|Darkest Lariat|p1b: Excadrill\n|-activate|p1b: Excadrill|move: Protect\n|move|p1a: Incineroar|Darkest Lariat|p2a: Froslass\n|-supereffective|p2a: Froslass|1\n|-damage|p2a: Froslass|50/100\n|\n|-weather|Snowscape|[upkeep]\n|upkeep\n|turn|8\n|\n|t:|1776454680\n|detailschange|p1b: Excadrill|Excadrill-Mega, L50, M\n|-mega|p1b: Excadrill|Excadrill|Excadrite\n|move|p2a: Froslass|Blizzard|p1b: Excadrill|[spread] p1a,p1b\n|-resisted|p1a: Incineroar|1\n|-damage|p1a: Incineroar|59/100\n|-damage|p1b: Excadrill|42/100\n|-status|p1b: Excadrill|frz\n|move|p2b: Incineroar|Darkest Lariat|p1a: Incineroar\n|-resisted|p1a: Incineroar|1\n|-damage|p1a: Incineroar|45/100\n|cant|p1b: Excadrill|frz\n|move|p1a: Incineroar|Darkest Lariat|p2a: Froslass\n|-supereffective|p2a: Froslass|1\n|-damage|p2a: Froslass|0 fnt\n|faint|p2a: Froslass\n|\n|-weather|Snowscape|[upkeep]\n|-sideend|p2: MiifaVT|move: Tailwind\n|upkeep\n|turn|9\n|\n|t:|1776454696\n|cant|p1b: Excadrill|frz\n|move|p2b: Incineroar|Darkest Lariat|p1b: Excadrill\n|-damage|p1b: Excadrill|3/100 frz\n|move|p1a: Incineroar|Parting Shot|p2b: Incineroar\n|-unboost|p2b: Incineroar|atk|1\n|-unboost|p2b: Incineroar|spa|1\n|\n|-weather|Snowscape|[upkeep]\n|upkeep\n|turn|10\n|\n|t:|1776454711\n|-curestatus|p1b: Excadrill|frz|[msg]\n|move|p1b: Excadrill|Horn Drill|p2b: Incineroar|[miss]\n|-miss|p1b: Excadrill|p2b: Incineroar\n|move|p2b: Incineroar|Darkest Lariat|p1b: Excadrill\n|-damage|p1b: Excadrill|0 fnt\n|faint|p1b: Excadrill\n|move|p1a: Incineroar|Parting Shot|p2b: Incineroar\n|-unboost|p2b: Incineroar|atk|1\n|-unboost|p2b: Incineroar|spa|1\n|\n|-weather|none\n|upkeep\n|turn|11\n|\n|t:|1776454723\n|move|p2b: Incineroar|Darkest Lariat|p1a: Incineroar\n|-resisted|p1a: Incineroar|1\n|-damage|p1a: Incineroar|37/100\n|move|p1a: Incineroar|Darkest Lariat|p2b: Incineroar\n|-resisted|p2b: Incineroar|1\n|-damage|p2b: Incineroar|87/100\n|\n|upkeep\n|turn|12\n|\n|t:|1776454730\n|move|p2b: Incineroar|Darkest Lariat|p1a: Incineroar\n|-resisted|p1a: Incineroar|1\n|-damage|p1a: Incineroar|30/100\n|move|p1a: Incineroar|Darkest Lariat|p2b: Incineroar\n|-resisted|p2b: Incineroar|1\n|-damage|p2b: Incineroar|74/100\n|\n|upkeep\n|turn|13\n|\n|t:|1776454740\n|move|p2b: Incineroar|Darkest Lariat|p1a: Incineroar\n|-resisted|p1a: Incineroar|1\n|-crit|p1a: Incineroar\n|-damage|p1a: Incineroar|7/100\n|move|p1a: Incineroar|Flare Blitz|p2b: Incineroar\n|-resisted|p2b: Incineroar|1\n|-damage|p2b: Incineroar|57/100\n|-damage|p1a: Incineroar|2/100|[from] Recoil\n|\n|upkeep\n|turn|14\n|-message|zbeach forfeited.\n|\n|win|MiifaVT\n|raw|zbeach's rating: 1205 &rarr; <strong>1181</strong><br />(-24 for losing)\n|raw|MiifaVT's rating: 1212 &rarr; <strong>1236</strong><br />(+24 for winning)\n|l|\u2606zbeach\n|player|p1|\n",
  "uploadtime": 1776454754,
  "views": 33,
  "formatid": "gen9championsvgc2026regma",
  "rating": 1181,
  "private": 0,
  "password": null
}