{
  "id": "gen9championsvgc2026regma-2585231765",
  "format": "[Gen 9 Champions] VGC 2026 Reg M-A",
  "players": [
    "isabellissima",
    "RPOJUGEPOJER"
  ],
  "log": "|j|\u2606isabellissima\n|j|\u2606RPOJUGEPOJER\n|t:|1776327878\n|gametype|doubles\n|player|p1|isabellissima|265|1107\n|player|p2|RPOJUGEPOJER|2|1058\n|gen|9\n|tier|[Gen 9 Champions] VGC 2026 Reg M-A\n|rated|\n|rule|Species Clause: Limit one of each Pok\u00e9mon\n|rule|Item Clause: Limit 1 of each item\n|clearpoke\n|poke|p1|Incineroar, L50, F|\n|poke|p1|Gengar, L50, M|\n|poke|p1|Sneasler, L50, F|\n|poke|p1|Maushold-Four, L50|\n|poke|p1|Kommo-o, L50, M|\n|poke|p1|Politoed, L50, M|\n|poke|p2|Meganium, L50, F|\n|poke|p2|Pelipper, L50, F|\n|poke|p2|Aerodactyl, L50, F|\n|poke|p2|Basculegion, L50, M|\n|poke|p2|Incineroar, L50, M|\n|poke|p2|Aggron, L50, M|\n|teampreview|4\n|inactive|Battle timer is ON: inactive players will automatically lose when time's up. (requested by isabellissima)\n|inactive|RPOJUGEPOJER has 60 seconds left.\n|\n|t:|1776327945\n|teamsize|p1|4\n|teamsize|p2|4\n|start\n|switch|p1a: Incineroar|Incineroar, L50, F, shiny|100/100\n|switch|p1b: Gengar|Gengar, L50, M, shiny|100/100\n|switch|p2a: Basculegion|Basculegion, L50, M|100/100\n|switch|p2b: Incineroar|Incineroar, L50, M, shiny|100/100\n|-ability|p2b: Incineroar|Intimidate|boost\n|-unboost|p1a: Incineroar|atk|1\n|-unboost|p1b: Gengar|atk|1\n|-ability|p1a: Incineroar|Intimidate|boost\n|-unboost|p2a: Basculegion|atk|1\n|-unboost|p2b: Incineroar|atk|1\n|turn|1\n|\n|t:|1776327965\n|switch|p1b: Maushold|Maushold-Four, L50|100/100\n|move|p2a: Basculegion|Last Respects|p1b: Maushold\n|-immune|p1b: Maushold\n|move|p2b: Incineroar|Throat Chop|p1b: Maushold\n|-damage|p1b: Maushold|66/100\n|-start|p1b: Maushold|Throat Chop|[silent]\n|move|p1a: Incineroar|Parting Shot|p2a: Basculegion\n|-unboost|p2a: Basculegion|atk|1\n|-unboost|p2a: Basculegion|spa|1\n|\n|t:|1776327974\n|switch|p1a: Gengar|Gengar, L50, M, shiny|100/100|[from] Parting Shot\n|\n|upkeep\n|turn|2\n|\n|t:|1776327987\n|detailschange|p1a: Gengar|Gengar-Mega, L50, M, shiny\n|-mega|p1a: Gengar|Gengar|Gengarite\n|move|p1b: Maushold|Follow Me|p1b: Maushold\n|-singleturn|p1b: Maushold|move: Follow Me\n|move|p1a: Gengar|Shadow Ball|p2a: Basculegion\n|-supereffective|p2a: Basculegion|1\n|-damage|p2a: Basculegion|0 fnt\n|faint|p2a: Basculegion\n|move|p2b: Incineroar|Throat Chop|p1b: Maushold\n|-damage|p1b: Maushold|31/100\n|\n|-end|p1b: Maushold|Throat Chop|[silent]\n|upkeep\n|\n|t:|1776328004\n|switch|p2a: Aggron|Aggron, L50, M|100/100\n|turn|3\n|\n|t:|1776328021\n|move|p1b: Maushold|Follow Me|p1b: Maushold\n|-singleturn|p1b: Maushold|move: Follow Me\n|move|p1a: Gengar|Perish Song|p1a: Gengar\n|-start|p1a: Gengar|perish3|[silent]\n|-start|p1b: Maushold|perish3|[silent]\n|-start|p2a: Aggron|perish3|[silent]\n|-start|p2b: Incineroar|perish3|[silent]\n|-fieldactivate|move: Perish Song\n|move|p2b: Incineroar|Throat Chop|p1b: Maushold\n|-crit|p1b: Maushold\n|-damage|p1b: Maushold|0 fnt\n|faint|p1b: Maushold\n|move|p2a: Aggron|Iron Defense|p2a: Aggron\n|-boost|p2a: Aggron|def|2\n|\n|-start|p1a: Gengar|perish3\n|-start|p2b: Incineroar|perish3\n|-start|p2a: Aggron|perish3\n|upkeep\n|\n|t:|1776328041\n|switch|p1b: Incineroar|Incineroar, L50, F, shiny|100/100\n|-ability|p1b: Incineroar|Intimidate|boost\n|-unboost|p2a: Aggron|atk|1\n|-unboost|p2b: Incineroar|atk|1\n|turn|4\n|\n|t:|1776328056\n|move|p1a: Gengar|Protect|p1a: Gengar\n|-singleturn|p1a: Gengar|Protect\n|move|p1b: Incineroar|Protect|p1b: Incineroar\n|-singleturn|p1b: Incineroar|Protect\n|move|p2b: Incineroar|Throat Chop|p1a: Gengar\n|-activate|p1a: Gengar|move: Protect\n|move|p2a: Aggron|Body Press|p1b: Incineroar\n|-activate|p1b: Incineroar|move: Protect\n|\n|-start|p1a: Gengar|perish2\n|-start|p2b: Incineroar|perish2\n|-start|p2a: Aggron|perish2\n|upkeep\n|turn|5\n|inactive|RPOJUGEPOJER has 30 seconds left.\n|\n|t:|1776328083\n|switch|p1a: Sneasler|Sneasler, L50, F|100/100\n|move|p2b: Incineroar|Parting Shot|p1a: Sneasler\n|-unboost|p1a: Sneasler|atk|1\n|-unboost|p1a: Sneasler|spa|1\n|\n|t:|1776328091\n|switch|p2b: Aerodactyl|Aerodactyl, L50, F|100/100|[from] Parting Shot\n|-enditem|p1a: Sneasler|White Herb\n|-clearnegativeboost|p1a: Sneasler|[silent]\n|-ability|p2b: Aerodactyl|Unnerve\n|move|p2a: Aggron|Body Press|p1b: Incineroar\n|-supereffective|p1b: Incineroar|1\n|-damage|p1b: Incineroar|0 fnt\n|faint|p1b: Incineroar\n|\n|-start|p2a: Aggron|perish1\n|upkeep\n|\n|t:|1776328102\n|switch|p1b: Gengar|Gengar-Mega, L50, M, shiny|100/100\n|turn|6\n|inactive|RPOJUGEPOJER has 30 seconds left.\n|inactive|RPOJUGEPOJER has 20 seconds left.\n|inactive|RPOJUGEPOJER has 15 seconds left.\n|inactive|RPOJUGEPOJER has 10 seconds left.\n|inactive|RPOJUGEPOJER has 5 seconds left.\n|\n|t:|1776328155\n|move|p1a: Sneasler|Fake Out|p2b: Aerodactyl\n|-resisted|p2b: Aerodactyl|1\n|-damage|p2b: Aerodactyl|87/100\n|cant|p2b: Aerodactyl|flinch\n|move|p1b: Gengar|Substitute|p1b: Gengar\n|-start|p1b: Gengar|Substitute\n|-damage|p1b: Gengar|76/100\n|move|p2a: Aggron|Body Press|p1a: Sneasler\n|-resisted|p1a: Sneasler|1\n|-damage|p1a: Sneasler|37/100\n|\n|-start|p2a: Aggron|perish0\n|upkeep\n|faint|p2a: Aggron\n|\n|t:|1776328164\n|switch|p2a: Incineroar|Incineroar, L50, M, shiny|100/100\n|-ability|p2a: Incineroar|Intimidate|boost\n|-unboost|p1a: Sneasler|atk|1\n|-immune|p1b: Gengar\n|turn|7\n|\n|t:|1776328180\n|move|p2a: Incineroar|Fake Out|p1a: Sneasler\n|-damage|p1a: Sneasler|20/100\n|cant|p1a: Sneasler|flinch\n|move|p2b: Aerodactyl|Dual Wingbeat|p1a: Sneasler\n|-supereffective|p1a: Sneasler|1\n|-damage|p1a: Sneasler|0 fnt\n|faint|p1a: Sneasler\n|-hitcount|p1: Sneasler|1\n|move|p1b: Gengar|Shadow Ball|p2b: Aerodactyl\n|-damage|p2b: Aerodactyl|12/100\n|\n|upkeep\n|turn|8\n|\n|t:|1776328203\n|move|p2b: Aerodactyl|Protect|p2b: Aerodactyl\n|-singleturn|p2b: Aerodactyl|Protect\n|move|p1b: Gengar|Shadow Ball|p2b: Aerodactyl\n|-activate|p2b: Aerodactyl|move: Protect\n|move|p2a: Incineroar|Throat Chop|p1b: Gengar\n|-supereffective|p1b: Gengar|1\n|-end|p1b: Gengar|Substitute\n|\n|upkeep\n|turn|9\n|\n|t:|1776328216\n|move|p2b: Aerodactyl|Tailwind|p2b: Aerodactyl\n|-sidestart|p2: RPOJUGEPOJER|move: Tailwind\n|move|p2a: Incineroar|Throat Chop|p1b: Gengar\n|-supereffective|p1b: Gengar|1\n|-damage|p1b: Gengar|0 fnt\n|faint|p1b: Gengar\n|\n|win|RPOJUGEPOJER\n|raw|isabellissima's rating: 1107 &rarr; <strong>1078</strong><br />(-29 for losing)\n|raw|RPOJUGEPOJER's rating: 1058 &rarr; <strong>1094</strong><br />(+36 for winning)\n",
  "uploadtime": 1776328220,
  "views": 57,
  "formatid": "gen9championsvgc2026regma",
  "rating": 1078,
  "private": 0,
  "password": null
}