{
  "id": "gen9championsvgc2026regma-2583824951",
  "format": "[Gen 9 Champions] VGC 2026 Reg M-A",
  "players": [
    "lentux",
    "Disfrazdetigre"
  ],
  "log": "|j|\u2606lentux\n|j|\u2606Disfrazdetigre\n|t:|1776200633\n|gametype|doubles\n|player|p1|lentux|thorton|1226\n|player|p2|Disfrazdetigre|170|1158\n|gen|9\n|tier|[Gen 9 Champions] VGC 2026 Reg M-A\n|rated|\n|rule|Species Clause: Limit one of each Pok\u00e9mon\n|rule|Item Clause: Limit 1 of each item\n|clearpoke\n|poke|p1|Milotic, L50, F|\n|poke|p1|Excadrill, L50, M|\n|poke|p1|Tyranitar, L50, M|\n|poke|p1|Gengar, L50, M|\n|poke|p1|Sinistcha, L50|\n|poke|p1|Weavile, L50, F|\n|poke|p2|Sableye, L50, F|\n|poke|p2|Sinistcha, L50|\n|poke|p2|Medicham, L50, M|\n|poke|p2|Vanilluxe, L50, F|\n|poke|p2|Blastoise, L50, M|\n|poke|p2|Kingambit, L50, F|\n|teampreview|4\n|inactive|Battle timer is ON: inactive players will automatically lose when time's up. (requested by Disfrazdetigre)\n|\n|t:|1776200662\n|teamsize|p1|4\n|teamsize|p2|4\n|start\n|switch|p1a: Gengar|Gengar, L50, M|100/100\n|switch|p1b: Weavile|Weavile, L50, F|100/100\n|switch|p2a: Sableye|Sableye, L50, F|100/100\n|switch|p2b: Blastoise|Blastoise, L50, M|100/100\n|-ability|p1b: Weavile|Pressure\n|turn|1\n|inactive|lentux has 30 seconds left.\n|inactive|Disfrazdetigre has 30 seconds left.\n|\n|t:|1776200696\n|switch|p2b: Sinistcha|Sinistcha, L50|100/100\n|detailschange|p1a: Gengar|Gengar-Mega, L50, M\n|-mega|p1a: Gengar|Gengar|Gengarite\n|move|p1a: Gengar|Shadow Ball|p2a: Sableye\n|-damage|p2a: Sableye|44/100\n|-enditem|p2a: Sableye|Sitrus Berry|[eat]\n|-heal|p2a: Sableye|69/100|[from] item: Sitrus Berry\n|move|p1b: Weavile|Knock Off|p2a: Sableye\n|-damage|p2a: Sableye|23/100\n|move|p2a: Sableye|Knock Off|p1a: Gengar\n|-supereffective|p1a: Gengar|1\n|-damage|p1a: Gengar|42/100\n|\n|upkeep\n|turn|2\n|inactive|lentux has 30 seconds left.\n|inactive|Disfrazdetigre has 30 seconds left.\n|\n|t:|1776200726\n|switch|p1a: Tyranitar|Tyranitar, L50, M|100/100\n|-weather|Sandstorm|[from] ability: Sand Stream|[of] p1a: Tyranitar\n|switch|p2a: Kingambit|Kingambit, L50, F|100/100\n|move|p1b: Weavile|Knock Off|p2b: Sinistcha\n|-supereffective|p2b: Sinistcha|1\n|-damage|p2b: Sinistcha|30/100\n|-enditem|p2b: Sinistcha|Bright Powder|[from] move: Knock Off|[of] p1b: Weavile\n|move|p2b: Sinistcha|Matcha Gotcha|p1b: Weavile|[spread] p1a,p1b\n|-supereffective|p1a: Tyranitar|1\n|-damage|p1a: Tyranitar|65/100\n|-heal|p2b: Sinistcha|47/100|[from] drain|[of] p1a: Tyranitar\n|-damage|p1b: Weavile|68/100\n|-heal|p2b: Sinistcha|61/100|[from] drain|[of] p1b: Weavile\n|\n|-weather|Sandstorm|[upkeep]\n|-damage|p1b: Weavile|62/100|[from] Sandstorm\n|-damage|p2b: Sinistcha|54/100|[from] Sandstorm\n|upkeep\n|turn|3\n|inactive|Disfrazdetigre has 30 seconds left.\n|\n|t:|1776200756\n|switch|p1b: Sinistcha|Sinistcha, L50|100/100\n|-heal|p1a: Tyranitar|90/100|[from] ability: Hospitality|[of] p1b: Sinistcha\n|move|p1a: Tyranitar|Protect|p1a: Tyranitar\n|-singleturn|p1a: Tyranitar|Protect\n|move|p2a: Kingambit|Protect|p2a: Kingambit\n|-singleturn|p2a: Kingambit|Protect\n|move|p2b: Sinistcha|Matcha Gotcha|p1b: Sinistcha|[spread] p1b\n|-activate|p1a: Tyranitar|move: Protect\n|-resisted|p1b: Sinistcha|1\n|-damage|p1b: Sinistcha|90/100\n|-heal|p2b: Sinistcha|59/100|[from] drain|[of] p1b: Sinistcha\n|\n|-weather|Sandstorm|[upkeep]\n|-damage|p2b: Sinistcha|53/100|[from] Sandstorm\n|-damage|p1b: Sinistcha|84/100|[from] Sandstorm\n|upkeep\n|turn|4\n|\n|t:|1776200779\n|move|p1b: Sinistcha|Rage Powder|p1b: Sinistcha\n|-singleturn|p1b: Sinistcha|move: Rage Powder\n|move|p1a: Tyranitar|Knock Off|p2b: Sinistcha\n|-supereffective|p2b: Sinistcha|1\n|-damage|p2b: Sinistcha|2/100\n|move|p2b: Sinistcha|Life Dew||[still]|[spread] p2a,p2b\n|-fail|p2a: Kingambit|heal\n|-heal|p2b: Sinistcha|27/100\n|move|p2a: Kingambit|Kowtow Cleave|p1b: Sinistcha\n|-supereffective|p1b: Sinistcha|1\n|-damage|p1b: Sinistcha|0 fnt\n|faint|p1b: Sinistcha\n|\n|-weather|Sandstorm|[upkeep]\n|-damage|p2b: Sinistcha|21/100|[from] Sandstorm\n|upkeep\n|\n|t:|1776200792\n|switch|p1b: Weavile|Weavile, L50, F|62/100\n|-ability|p1b: Weavile|Pressure\n|turn|5\n|\n|t:|1776200811\n|move|p1b: Weavile|Fake Out|p2a: Kingambit\n|-resisted|p2a: Kingambit|1\n|-damage|p2a: Kingambit|95/100\n|move|p2b: Sinistcha|Rage Powder|p2b: Sinistcha\n|-singleturn|p2b: Sinistcha|move: Rage Powder\n|move|p1a: Tyranitar|Dragon Dance|p1a: Tyranitar\n|-boost|p1a: Tyranitar|atk|1\n|-boost|p1a: Tyranitar|spe|1\n|cant|p2a: Kingambit|flinch\n|\n|-weather|Sandstorm|[upkeep]\n|-damage|p1b: Weavile|56/100|[from] Sandstorm\n|-damage|p2b: Sinistcha|15/100|[from] Sandstorm\n|upkeep\n|turn|6\n|\n|t:|1776200833\n|move|p2a: Kingambit|Protect|p2a: Kingambit\n|-singleturn|p2a: Kingambit|Protect\n|move|p1b: Weavile|Knock Off|p2a: Kingambit\n|-activate|p2a: Kingambit|move: Protect\n|move|p1a: Tyranitar|Rock Slide|p2a: Kingambit|[spread] p2b\n|-activate|p2a: Kingambit|move: Protect\n|-damage|p2b: Sinistcha|0 fnt\n|faint|p2b: Sinistcha\n|\n|-weather|none\n|upkeep\n|\n|t:|1776200843\n|switch|p2b: Sableye|Sableye, L50, F|23/100\n|turn|7\n|\n|t:|1776200857\n|move|p2b: Sableye|Fake Out|p1b: Weavile\n|-damage|p1b: Weavile|43/100\n|cant|p1b: Weavile|flinch\n|move|p1a: Tyranitar|Rock Slide|p2b: Sableye|[spread] p2b\n|-miss|p1a: Tyranitar|p2a: Kingambit\n|-damage|p2b: Sableye|0 fnt\n|faint|p2b: Sableye\n|move|p2a: Kingambit|Iron Head|p1b: Weavile\n|-supereffective|p1b: Weavile|1\n|-damage|p1b: Weavile|0 fnt\n|faint|p1b: Weavile\n|\n|upkeep\n|\n|t:|1776200870\n|switch|p1b: Gengar|Gengar-Mega, L50, M|42/100\n|switch|p2b: Blastoise|Blastoise, L50, M|100/100\n|turn|8\n|\n|t:|1776200879\n|move|p1a: Tyranitar|Protect|p1a: Tyranitar\n|-singleturn|p1a: Tyranitar|Protect\n|move|p2a: Kingambit|Sucker Punch|p1b: Gengar\n|-supereffective|p1b: Gengar|1\n|-damage|p1b: Gengar|0 fnt\n|faint|p1b: Gengar\n|move|p2b: Blastoise|Water Spout|p1a: Tyranitar\n|-activate|p1a: Tyranitar|move: Protect\n|\n|upkeep\n|turn|9\n|-message|lentux forfeited.\n|\n|win|Disfrazdetigre\n|raw|lentux's rating: 1226 &rarr; <strong>1196</strong><br />(-30 for losing)\n|raw|Disfrazdetigre's rating: 1158 &rarr; <strong>1188</strong><br />(+30 for winning)\n|l|\u2606lentux\n|player|p1|\n",
  "uploadtime": 1776200898,
  "views": 18,
  "formatid": "gen9championsvgc2026regma",
  "rating": 1188,
  "private": 0,
  "password": null
}