{
  "id": "gen9championsvgc2026regma-2582233971",
  "format": "[Gen 9 Champions] VGC 2026 Reg M-A",
  "players": [
    "ysaw411",
    "blue schucle"
  ],
  "log": "|j|\u2606ysaw411\n|j|\u2606blue schucle\n|t:|1776074341\n|gametype|doubles\n|player|p1|ysaw411|1|1113\n|player|p2|blue schucle|lance|1154\n|gen|9\n|tier|[Gen 9 Champions] VGC 2026 Reg M-A\n|rated|\n|rule|Species Clause: Limit one of each Pok\u00e9mon\n|rule|Item Clause: Limit 1 of each item\n|clearpoke\n|poke|p1|Milotic, L50, F|\n|poke|p1|Delphox, L50, M|\n|poke|p1|Garchomp, L50, M|\n|poke|p1|Aerodactyl, L50, M|\n|poke|p1|Sneasler, L50, M|\n|poke|p1|Aegislash, L50, F|\n|poke|p2|Incineroar, L50, M|\n|poke|p2|Kingambit, L50, F|\n|poke|p2|Milotic, L50, F|\n|poke|p2|Aerodactyl, L50, F|\n|poke|p2|Sneasler, L50, M|\n|poke|p2|Sinistcha, L50|\n|teampreview|4\nysaw411 rejected open team sheets.\n|inactive|Battle timer is ON: inactive players will automatically lose when time's up. (requested by ysaw411)\n|inactive|ysaw411 has 60 seconds left.\n|\n|t:|1776074403\n|teamsize|p1|4\n|teamsize|p2|4\n|start\n|switch|p1a: Aerodactyl|Aerodactyl, L50, M|100/100\n|switch|p1b: Delphox|Delphox, L50, M|100/100\n|switch|p2a: Aerodactyl|Aerodactyl, L50, F|100/100\n|switch|p2b: Incineroar|Incineroar, L50, M|100/100\n|-ability|p2a: Aerodactyl|Unnerve\n|-ability|p1a: Aerodactyl|Unnerve\n|-ability|p2b: Incineroar|Intimidate|boost\n|-unboost|p1a: Aerodactyl|atk|1\n|-unboost|p1b: Delphox|atk|1\n|turn|1\n|inactive|blue schucle has 30 seconds left.\n|\n|t:|1776074434\n|detailschange|p2a: Aerodactyl|Aerodactyl-Mega, L50, F\n|-mega|p2a: Aerodactyl|Aerodactyl|Aerodactylite\n|detailschange|p1b: Delphox|Delphox-Mega, L50, M\n|-mega|p1b: Delphox|Delphox|Delphoxite\n|move|p1b: Delphox|Protect|p1b: Delphox\n|-singleturn|p1b: Delphox|Protect\n|move|p2b: Incineroar|Fake Out|p1a: Aerodactyl\n|-resisted|p1a: Aerodactyl|1\n|-damage|p1a: Aerodactyl|92/100\n|move|p2a: Aerodactyl|Rock Slide|p1b: Delphox|[spread] p1a\n|-activate|p1b: Delphox|move: Protect\n|-supereffective|p1a: Aerodactyl|1\n|-crit|p1a: Aerodactyl\n|-damage|p1a: Aerodactyl|0 fnt\n|faint|p1a: Aerodactyl\n|\n|upkeep\n|inactive|ysaw411 has 30 seconds left.\n|\n|t:|1776074468\n|switch|p1a: Sneasler|Sneasler, L50, M|100/100\n|turn|2\n|\n|t:|1776074487\n|move|p2a: Aerodactyl|Protect|p2a: Aerodactyl\n|-singleturn|p2a: Aerodactyl|Protect\n|move|p1b: Delphox|Psychic|p2a: Aerodactyl\n|-activate|p2a: Aerodactyl|move: Protect\n|move|p1a: Sneasler|Close Combat|p2b: Incineroar\n|-supereffective|p2b: Incineroar|1\n|-damage|p2b: Incineroar|20/100\n|-unboost|p1a: Sneasler|def|1\n|-unboost|p1a: Sneasler|spd|1\n|-enditem|p2b: Incineroar|Sitrus Berry|[eat]\n|-heal|p2b: Incineroar|45/100|[from] item: Sitrus Berry\n|-enditem|p1a: Sneasler|White Herb\n|-clearnegativeboost|p1a: Sneasler|[silent]\n|move|p2b: Incineroar|Will-O-Wisp|p1a: Sneasler\n|-status|p1a: Sneasler|brn\n|\n|-damage|p1a: Sneasler|95/100 brn|[from] brn\n|upkeep\n|turn|3\n|inactive|ysaw411 has 30 seconds left.\n|inactive|blue schucle has 30 seconds left.\n|\n|t:|1776074516\n|switch|p1b: Garchomp|Garchomp, L50, M|100/100\n|switch|p2b: Milotic|Milotic, L50, F|100/100\n|move|p1a: Sneasler|Close Combat|p2b: Milotic\n|-damage|p2b: Milotic|78/100\n|-unboost|p1a: Sneasler|def|1\n|-unboost|p1a: Sneasler|spd|1\n|move|p2a: Aerodactyl|Rock Slide|p1a: Sneasler|[spread] p1a,p1b\n|-resisted|p1a: Sneasler|1\n|-resisted|p1b: Garchomp|1\n|-damage|p1a: Sneasler|58/100 brn\n|-damage|p1b: Garchomp|85/100\n|\n|-heal|p2b: Milotic|84/100|[from] item: Leftovers\n|-damage|p1a: Sneasler|52/100 brn|[from] brn\n|upkeep\n|turn|4\n|\n|t:|1776074539\n|switch|p2a: Incineroar|Incineroar, L50, M|45/100\n|-ability|p2a: Incineroar|Intimidate|boost\n|-unboost|p1a: Sneasler|atk|1\n|-unboost|p1b: Garchomp|atk|1\n|move|p1a: Sneasler|Dire Claw|p2b: Milotic\n|-damage|p2b: Milotic|74/100\n|move|p1b: Garchomp|Thunder Fang|p2a: Incineroar|[miss]\n|-miss|p1b: Garchomp|p2a: Incineroar\n|move|p2b: Milotic|Icy Wind|p1b: Garchomp|[spread] p1a,p1b\n|-supereffective|p1b: Garchomp|2\n|-damage|p1a: Sneasler|30/100 brn\n|-damage|p1b: Garchomp|44/100\n|-unboost|p1a: Sneasler|spe|1\n|-unboost|p1b: Garchomp|spe|1\n|\n|-heal|p2b: Milotic|80/100|[from] item: Leftovers\n|-damage|p1a: Sneasler|24/100 brn|[from] brn\n|upkeep\n|turn|5\n|\n|t:|1776074562\n|switch|p1a: Delphox|Delphox-Mega, L50, M|100/100\n|move|p2a: Incineroar|Fake Out|p1a: Delphox\n|-damage|p1a: Delphox|85/100\n|move|p1b: Garchomp|Thunder Fang|p2b: Milotic\n|-supereffective|p2b: Milotic|1\n|-damage|p2b: Milotic|56/100\n|move|p2b: Milotic|Icy Wind|p1a: Delphox|[spread] p1a,p1b\n|-resisted|p1a: Delphox|1\n|-supereffective|p1b: Garchomp|2\n|-damage|p1a: Delphox|81/100\n|-damage|p1b: Garchomp|0 fnt\n|-unboost|p1a: Delphox|spe|1\n|faint|p1b: Garchomp\n|\n|-heal|p2b: Milotic|62/100|[from] item: Leftovers\n|upkeep\n|\n|t:|1776074577\n|switch|p1b: Sneasler|Sneasler, L50, M|24/100 brn\n|turn|6\n|-message|ysaw411 forfeited.\n|\n|win|blue schucle\n|raw|ysaw411's rating: 1113 &rarr; <strong>1091</strong><br />(-22 for losing)\n|raw|blue schucle's rating: 1154 &rarr; <strong>1176</strong><br />(+22 for winning)\n|l|\u2606ysaw411\n|player|p1|\n",
  "uploadtime": 1776074603,
  "views": 20,
  "formatid": "gen9championsvgc2026regma",
  "rating": 1091,
  "private": 0,
  "password": null
}