{
  "id": "gen9championsvgc2026regma-2586891755",
  "format": "[Gen 9 Champions] VGC 2026 Reg M-A",
  "players": [
    "IUltimateMage",
    "satanisdaddy"
  ],
  "log": "|j|\u2606IUltimateMage\n|j|\u2606satanisdaddy\n|t:|1776469111\n|gametype|doubles\n|player|p1|IUltimateMage|266|1135\n|player|p2|satanisdaddy|boarder|1096\n|gen|9\n|tier|[Gen 9 Champions] VGC 2026 Reg M-A\n|rated|\n|rule|Species Clause: Limit one of each Pok\u00e9mon\n|rule|Item Clause: Limit 1 of each item\n|clearpoke\n|poke|p1|Gengar, L50, M|\n|poke|p1|Incineroar, L50, M|\n|poke|p1|Whimsicott, L50, F|\n|poke|p1|Sneasler, L50, M|\n|poke|p1|Primarina, L50, F|\n|poke|p1|Farigiraf, L50, F|\n|poke|p2|Tyranitar, L50, F|\n|poke|p2|Oranguru, L50, M|\n|poke|p2|Primarina, L50, F|\n|poke|p2|Gallade, L50, M|\n|poke|p2|Steelix, L50, M|\n|poke|p2|Trevenant, L50, M|\n|teampreview|4\n|\n|t:|1776469158\n|teamsize|p1|4\n|teamsize|p2|4\n|start\n|switch|p1a: Moo|Farigiraf, L50, F|100/100\n|switch|p1b: Primarina|Primarina, L50, F|100/100\n|switch|p2a: Tyranitar|Tyranitar, L50, F|100/100\n|switch|p2b: Oranguru|Oranguru, L50, M|100/100\n|-weather|Sandstorm|[from] ability: Sand Stream|[of] p2a: Tyranitar\n|turn|1\n|\n|t:|1776469200\n|detailschange|p2a: Tyranitar|Tyranitar-Mega, L50, F\n|-mega|p2a: Tyranitar|Tyranitar|Tyranitarite\n|move|p2a: Tyranitar|Knock Off|p1a: Moo\n|-supereffective|p1a: Moo|1\n|-damage|p1a: Moo|0 fnt\n|-enditem|p1a: Moo|Sitrus Berry|[from] move: Knock Off|[of] p2a: Tyranitar\n|faint|p1a: Moo\n|move|p2b: Oranguru|Instruct|p2a: Tyranitar\n|-singleturn|p2a: Tyranitar|move: Instruct|[of] p2b: Oranguru\n|move|p2a: Tyranitar|Knock Off|p1b: Primarina\n|-resisted|p1b: Primarina|1\n|-damage|p1b: Primarina|71/100\n|-enditem|p1b: Primarina|Leftovers|[from] move: Knock Off|[of] p2a: Tyranitar\n|move|p1b: Primarina|Moonblast|p2a: Tyranitar\n|-supereffective|p2a: Tyranitar|1\n|-damage|p2a: Tyranitar|49/100\n|\n|-weather|Sandstorm|[upkeep]\n|-damage|p2b: Oranguru|95/100|[from] Sandstorm\n|-damage|p1b: Primarina|65/100|[from] Sandstorm\n|upkeep\n|\n|t:|1776469214\n|switch|p1a: Sneasler|Sneasler, L50, M|100/100\n|turn|2\n|\n|t:|1776469227\n|move|p2a: Tyranitar|Protect|p2a: Tyranitar\n|-singleturn|p2a: Tyranitar|Protect\n|move|p1a: Sneasler|Close Combat|p2a: Tyranitar\n|-activate|p2a: Tyranitar|move: Protect\n|move|p1b: Primarina|Moonblast|p2b: Oranguru\n|-damage|p2b: Oranguru|57/100\n|move|p2b: Oranguru|Trick Room|p2b: Oranguru\n|-fieldstart|move: Trick Room|[of] p2b: Oranguru\n|\n|-weather|Sandstorm|[upkeep]\n|-damage|p2b: Oranguru|51/100|[from] Sandstorm\n|-damage|p1b: Primarina|59/100|[from] Sandstorm\n|-damage|p1a: Sneasler|95/100|[from] Sandstorm\n|upkeep\n|turn|3\n|\n|t:|1776469247\n|switch|p2a: Steelix|Steelix, L50, M, shiny|100/100\n|move|p1b: Primarina|Moonblast|p2a: Steelix\n|-resisted|p2a: Steelix|1\n|-damage|p2a: Steelix|67/100\n|move|p2b: Oranguru|Psychic Noise|p1a: Sneasler\n|-supereffective|p1a: Sneasler|2\n|-damage|p1a: Sneasler|0 fnt\n|faint|p1a: Sneasler\n|\n|-weather|Sandstorm|[upkeep]\n|-damage|p2b: Oranguru|45/100|[from] Sandstorm\n|-damage|p1b: Primarina|53/100|[from] Sandstorm\n|upkeep\n|\n|t:|1776469262\n|switch|p1a: Gengar|Gengar, L50, M|100/100\n|turn|4\n|\n|t:|1776469273\n|detailschange|p1a: Gengar|Gengar-Mega, L50, M\n|-mega|p1a: Gengar|Gengar|Gengarite\n|move|p1a: Gengar|Protect|p1a: Gengar\n|-singleturn|p1a: Gengar|Protect\n|move|p2a: Steelix|Iron Head|p1b: Primarina\n|-damage|p1b: Primarina|0 fnt\n|faint|p1b: Primarina\n|move|p2b: Oranguru|Psychic Noise|p1a: Gengar\n|-activate|p1a: Gengar|move: Protect\n|\n|-weather|Sandstorm|[upkeep]\n|-damage|p2b: Oranguru|39/100|[from] Sandstorm\n|-damage|p1a: Gengar|94/100|[from] Sandstorm\n|upkeep\n|turn|5\n|\n|t:|1776469286\n|move|p2a: Steelix|Stomping Tantrum|p1a: Gengar\n|-supereffective|p1a: Gengar|1\n|-damage|p1a: Gengar|0 fnt\n|faint|p1a: Gengar\n|\n|win|satanisdaddy\n|raw|IUltimateMage's rating: 1135 &rarr; <strong>1107</strong><br />(-28 for losing)\n|raw|satanisdaddy's rating: 1096 &rarr; <strong>1124</strong><br />(+28 for winning)\n|l|\u2606IUltimateMage\n|player|p1|\n",
  "uploadtime": 1776469298,
  "views": 34,
  "formatid": "gen9championsvgc2026regma",
  "rating": 1107,
  "private": 0,
  "password": null
}