{
  "id": "gen9championsvgc2026regma-2581913977",
  "format": "[Gen 9 Champions] VGC 2026 Reg M-A",
  "players": [
    "Rafa1250",
    "QuantumTwinSpark"
  ],
  "log": "|j|\u2606Rafa1250\n|j|\u2606QuantumTwinSpark\n|t:|1776039264\n|gametype|doubles\n|player|p1|Rafa1250|palmer|1070\n|player|p2|QuantumTwinSpark|cress|1113\n|gen|9\n|tier|[Gen 9 Champions] VGC 2026 Reg M-A\n|rated|\n|rule|Species Clause: Limit one of each Pok\u00e9mon\n|rule|Item Clause: Limit 1 of each item\n|clearpoke\n|poke|p1|Froslass, L50, F|\n|poke|p1|Incineroar, L50, F|\n|poke|p1|Krookodile, L50, M|\n|poke|p1|Whimsicott, L50, F|\n|poke|p1|Umbreon, L50, M|\n|poke|p1|Weavile, L50, F|\n|poke|p2|Scovillain, L50, M|\n|poke|p2|Drampa, L50, M|\n|poke|p2|Empoleon, L50, M|\n|poke|p2|Meowscarada, L50, F|\n|poke|p2|Dragapult, L50, F|\n|poke|p2|Salazzle, L50, F|\n|teampreview|4\n|inactive|Battle timer is ON: inactive players will automatically lose when time's up. (requested by Rafa1250)\nQuantumTwinSpark rejected open team sheets.\n|inactive|Rafa1250 has 60 seconds left.\n|inactive|QuantumTwinSpark has 60 seconds left.\n|\n|t:|1776039299\n|teamsize|p1|4\n|teamsize|p2|4\n|start\n|switch|p1a: Froslass|Froslass, L50, F|100/100\n|switch|p1b: Whimsicott|Whimsicott, L50, F|100/100\n|switch|p2a: Drampa|Drampa, L50, M|100/100\n|switch|p2b: Empoleon|Empoleon, L50, M|100/100\n|-ability|p2a: Drampa|Cloud Nine\n|turn|1\n|inactive|Rafa1250 has 30 seconds left.\n|inactive|QuantumTwinSpark has 30 seconds left.\n|inactive|QuantumTwinSpark has 20 seconds left.\n|\n|t:|1776039338\n|detailschange|p1a: Froslass|Froslass-Mega, L50, F\n|-mega|p1a: Froslass|Froslass|Froslassite\n|-weather|Snowscape|[from] ability: Snow Warning|[of] p1a: Froslass\n|move|p1b: Whimsicott|Taunt|p2b: Empoleon\n|-start|p2b: Empoleon|move: Taunt\n|move|p1a: Froslass|Blizzard|p2a: Drampa|[spread] p2a\n|-miss|p1a: Froslass|p2b: Empoleon\n|-supereffective|p2a: Drampa|1\n|-damage|p2a: Drampa|5/100\n|-enditem|p2a: Drampa|Sitrus Berry|[eat]\n|-heal|p2a: Drampa|30/100|[from] item: Sitrus Berry\n|move|p2b: Empoleon|Flash Cannon|p1a: Froslass\n|-supereffective|p1a: Froslass|1\n|-damage|p1a: Froslass|4/100\n|move|p2a: Drampa|Hyper Voice|p1a: Froslass|[spread] p1b\n|-immune|p1a: Froslass\n|-damage|p1b: Whimsicott|57/100\n|\n|-weather|Snowscape|[upkeep]\n|upkeep\n|turn|2\n|inactive|Rafa1250 has 30 seconds left.\n|inactive|QuantumTwinSpark has 30 seconds left.\n|inactive|QuantumTwinSpark has 20 seconds left.\n|inactive|QuantumTwinSpark has 15 seconds left.\n|\n|t:|1776039381\n|switch|p1a: Incineroar|Incineroar, L50, F|100/100\n|-ability|p1a: Incineroar|Intimidate|boost\n|-unboost|p2a: Drampa|atk|1\n|-unboost|p2b: Empoleon|atk|1\n|-ability|p2b: Empoleon|Competitive|boost\n|-boost|p2b: Empoleon|spa|2\n|switch|p2a: Meowscarada|Meowscarada, L50, F|100/100\n|move|p1b: Whimsicott|Moonblast|p2a: Meowscarada\n|-supereffective|p2a: Meowscarada|1\n|-damage|p2a: Meowscarada|24/100\n|move|p2b: Empoleon|Flash Cannon|p1a: Incineroar\n|-resisted|p1a: Incineroar|1\n|-damage|p1a: Incineroar|60/100\n|\n|-weather|Snowscape|[upkeep]\n|upkeep\n|turn|3\n|inactive|Rafa1250 has 30 seconds left.\n|inactive|QuantumTwinSpark has 30 seconds left.\n|inactive|Rafa1250 has 20 seconds left.\n|inactive|QuantumTwinSpark has 20 seconds left.\n|inactive|QuantumTwinSpark has 15 seconds left.\n|\n|t:|1776039421\n|move|p1a: Incineroar|Fake Out|p2b: Empoleon\n|-resisted|p2b: Empoleon|1\n|-damage|p2b: Empoleon|93/100\n|move|p2a: Meowscarada|U-turn|p1b: Whimsicott\n|-start|p2a: Meowscarada|typechange|Bug|[from] ability: Protean\n|-damage|p1b: Whimsicott|28/100\n|\n|t:|1776039429\n|switch|p2a: Scovillain|Scovillain, L50, M|100/100|[from] U-turn\n|cant|p1b: Whimsicott|flinch\n|cant|p2b: Empoleon|flinch\n|\n|-weather|Snowscape|[upkeep]\n|-heal|p2b: Empoleon|99/100|[from] item: Leftovers\n|-end|p2b: Empoleon|move: Taunt\n|upkeep\n|turn|4\n|\n|t:|1776039453\n|detailschange|p2a: Scovillain|Scovillain-Mega, L50, M\n|-mega|p2a: Scovillain|Scovillain|Scovillainite\n|move|p2a: Scovillain|Rage Powder|p2a: Scovillain\n|-singleturn|p2a: Scovillain|move: Rage Powder\n|move|p1b: Whimsicott|Encore|p2b: Empoleon\n|-start|p2b: Empoleon|Encore\n|move|p2b: Empoleon|Flash Cannon|p1a: Incineroar\n|-resisted|p1a: Incineroar|1\n|-damage|p1a: Incineroar|21/100\n|-enditem|p1a: Incineroar|Sitrus Berry|[eat]\n|-heal|p1a: Incineroar|46/100|[from] item: Sitrus Berry\n|move|p1a: Incineroar|Flare Blitz|p2a: Scovillain\n|-damage|p2a: Scovillain|31/100\n|-immune|p1a: Incineroar\n|-damage|p1a: Incineroar|30/100|[from] Recoil\n|\n|-weather|Snowscape|[upkeep]\n|-heal|p2b: Empoleon|100/100|[from] item: Leftovers\n|upkeep\n|turn|5\n|inactive|Rafa1250 has 30 seconds left.\n|\n|t:|1776039485\n|switch|p2a: Drampa|Drampa, L50, M|30/100\n|-ability|p2a: Drampa|Cloud Nine\n|move|p1b: Whimsicott|Taunt|p2a: Drampa\n|-start|p2a: Drampa|move: Taunt\n|move|p1a: Incineroar|Flare Blitz|p2a: Drampa\n|-resisted|p2a: Drampa|1\n|-damage|p2a: Drampa|0 fnt\n|faint|p2a: Drampa\n|-damage|p1a: Incineroar|21/100|[from] Recoil\n|move|p2b: Empoleon|Flash Cannon|p1b: Whimsicott\n|-supereffective|p1b: Whimsicott|1\n|-damage|p1b: Whimsicott|0 fnt\n|faint|p1b: Whimsicott\n|\n|-weather|none\n|upkeep\n|\n|t:|1776039503\n|switch|p1b: Froslass|Froslass-Mega, L50, F|4/100\n|switch|p2a: Meowscarada|Meowscarada, L50, F|24/100\n|-weather|Snowscape|[from] ability: Snow Warning|[of] p1b: Froslass\n|turn|6\n|inactive|Rafa1250 has 30 seconds left.\n|inactive|Rafa1250 has 20 seconds left.\n|\n|t:|1776039539\n|move|p1b: Froslass|Protect|p1b: Froslass\n|-singleturn|p1b: Froslass|Protect\n|move|p2a: Meowscarada|Sucker Punch||[still]\n|-fail|p2a: Meowscarada\n|move|p1a: Incineroar|Flare Blitz|p2a: Meowscarada\n|-supereffective|p2a: Meowscarada|1\n|-damage|p2a: Meowscarada|0 fnt\n|faint|p2a: Meowscarada\n|-damage|p1a: Incineroar|15/100|[from] Recoil\n|move|p2b: Empoleon|Flash Cannon|p1b: Froslass\n|-activate|p1b: Froslass|move: Protect\n|\n|-weather|Snowscape|[upkeep]\n|-end|p2b: Empoleon|Encore\n|upkeep\n|\n|t:|1776039545\n|switch|p2a: Scovillain|Scovillain-Mega, L50, M|31/100\n|turn|7\n|\n|t:|1776039557\n|move|p2b: Empoleon|Vacuum Wave|p1a: Incineroar\n|-supereffective|p1a: Incineroar|1\n|-damage|p1a: Incineroar|0 fnt\n|faint|p1a: Incineroar\n|move|p1b: Froslass|Aurora Veil|p1b: Froslass\n|-sidestart|p1: Rafa1250|move: Aurora Veil\n|move|p2a: Scovillain|Flamethrower|p1b: Froslass\n|-supereffective|p1b: Froslass|1\n|-damage|p1b: Froslass|0 fnt\n|faint|p1b: Froslass\n|\n|-weather|Snowscape|[upkeep]\n|upkeep\n|\n|t:|1776039564\n|switch|p1b: Weavile|Weavile, L50, F|100/100\n|-ability|p1b: Weavile|Pressure\n|turn|8\n|\n|t:|1776039582\n|move|p2b: Empoleon|Vacuum Wave|p1b: Weavile\n|-supereffective|p1b: Weavile|2\n|-enditem|p1b: Weavile|Focus Sash\n|-damage|p1b: Weavile|1/100\n|move|p1b: Weavile|Knock Off|p2a: Scovillain\n|-damage|p2a: Scovillain|0 fnt\n|-status|p1b: Weavile|brn|[from] ability: Spicy Spray|[of] p2a: Scovillain\n|faint|p2a: Scovillain\n|\n|-weather|Snowscape|[upkeep]\n|-damage|p1b: Weavile|0 fnt|[from] brn\n|faint|p1b: Weavile\n|\n|win|QuantumTwinSpark\n|raw|Rafa1250's rating: 1070 &rarr; <strong>1052</strong><br />(-18 for losing)\n|raw|QuantumTwinSpark's rating: 1113 &rarr; <strong>1135</strong><br />(+22 for winning)\n|c|\u2606QuantumTwinSpark|gg\n",
  "uploadtime": 1776039609,
  "views": 35,
  "formatid": "gen9championsvgc2026regma",
  "rating": 1052,
  "private": 0,
  "password": null
}