{
  "id": "gen9championsvgc2026regma-2585685548",
  "format": "[Gen 9 Champions] VGC 2026 Reg M-A",
  "players": [
    "captainbader224",
    "Talistic"
  ],
  "log": "|j|\u2606captainbader224\n|j|\u2606Talistic\n|t:|1776363658\n|gametype|doubles\n|player|p1|captainbader224|102|1076\n|player|p2|Talistic|265|1056\n|gen|9\n|tier|[Gen 9 Champions] VGC 2026 Reg M-A\n|rated|\n|rule|Species Clause: Limit one of each Pok\u00e9mon\n|rule|Item Clause: Limit 1 of each item\n|clearpoke\n|poke|p1|Hawlucha, L50, F|\n|poke|p1|Krookodile, L50, M|\n|poke|p1|Whimsicott, L50, F|\n|poke|p1|Charizard, L50, F|\n|poke|p1|Typhlosion-Hisui, L50, M|\n|poke|p1|Weavile, L50, F|\n|poke|p2|Excadrill, L50, M|\n|poke|p2|Tyranitar, L50, M|\n|poke|p2|Typhlosion-Hisui, L50, M|\n|poke|p2|Gyarados, L50, F|\n|poke|p2|Meganium, L50, F|\n|poke|p2|Whimsicott, L50, F|\n|teampreview|4\ncaptainbader224 rejected open team sheets.\n|\n|t:|1776363702\n|teamsize|p1|4\n|teamsize|p2|4\n|start\n|switch|p1a: Whimsicott|Whimsicott, L50, F|100/100\n|switch|p1b: Weavile|Weavile, L50, F|100/100\n|switch|p2a: Gyarados|Gyarados, L50, F|100/100\n|switch|p2b: Whimsicott|Whimsicott, L50, F|100/100\n|-ability|p2a: Gyarados|Intimidate|boost\n|-unboost|p1a: Whimsicott|atk|1\n|-unboost|p1b: Weavile|atk|1\n|turn|1\n|\n|t:|1776363734\n|switch|p1a: Krookodile|Krookodile, L50, M|100/100\n|-ability|p1a: Krookodile|Intimidate|boost\n|-unboost|p2a: Gyarados|atk|1\n|-unboost|p2b: Whimsicott|atk|1\n|move|p1b: Weavile|Fake Out|p2a: Gyarados\n|-damage|p2a: Gyarados|90/100\n|move|p2b: Whimsicott|Tailwind|p2b: Whimsicott\n|-sidestart|p2: Talistic|move: Tailwind\n|cant|p2a: Gyarados|flinch\n|\n|upkeep\n|turn|2\n|\n|t:|1776363751\n|switch|p1a: Whimsicott|Whimsicott, L50, F|100/100\n|move|p1b: Weavile|Protect|p1b: Weavile\n|-singleturn|p1b: Weavile|Protect\n|move|p2b: Whimsicott|Encore|p1b: Weavile\n|-activate|p1b: Weavile|move: Protect\n|move|p2a: Gyarados|Waterfall|p1a: Whimsicott\n|-resisted|p1a: Whimsicott|1\n|-damage|p1a: Whimsicott|89/100\n|\n|upkeep\n|turn|3\n|\n|t:|1776363783\n|switch|p2a: Excadrill|Excadrill, L50, M|100/100\n|move|p1a: Whimsicott|Tailwind|p1a: Whimsicott\n|-sidestart|p1: captainbader224|move: Tailwind\n|move|p1b: Weavile|Triple Axel|p2b: Whimsicott\n|-supereffective|p2b: Whimsicott|1\n|-damage|p2b: Whimsicott|78/100\n|-supereffective|p2b: Whimsicott|1\n|-damage|p2b: Whimsicott|38/100\n|-supereffective|p2b: Whimsicott|1\n|-damage|p2b: Whimsicott|0 fnt\n|faint|p2b: Whimsicott\n|-hitcount|p2: Whimsicott|3\n|\n|upkeep\n|\n|t:|1776363795\n|switch|p2b: Tyranitar|Tyranitar, L50, M|100/100\n|-weather|Sandstorm|[from] ability: Sand Stream|[of] p2b: Tyranitar\n|turn|4\n|\n|t:|1776363806\n|switch|p1b: Krookodile|Krookodile, L50, M|100/100\n|-ability|p1b: Krookodile|Intimidate|boost\n|-unboost|p2a: Excadrill|atk|1\n|-unboost|p2b: Tyranitar|atk|1\n|-enditem|p2a: Excadrill|White Herb\n|-clearnegativeboost|p2a: Excadrill|[silent]\n|move|p1a: Whimsicott|Sunny Day|p1a: Whimsicott\n|-weather|SunnyDay\n|move|p2a: Excadrill|Rock Slide|p1b: Krookodile|[spread] p1a,p1b\n|-resisted|p1b: Krookodile|1\n|-damage|p1a: Whimsicott|70/100\n|-damage|p1b: Krookodile|89/100\n|move|p2b: Tyranitar|Rock Slide|p1b: Krookodile|[spread] p1a\n|-miss|p2b: Tyranitar|p1b: Krookodile\n|-damage|p1a: Whimsicott|51/100\n|\n|-weather|SunnyDay|[upkeep]\n|-heal|p1b: Krookodile|95/100|[from] item: Leftovers\n|-sideend|p2: Talistic|move: Tailwind\n|upkeep\n|turn|5\n|\n|t:|1776363851\n|switch|p1a: Hawlucha|Hawlucha, L50, F|100/100\n|switch|p2b: Gyarados|Gyarados, L50, F|90/100\n|-ability|p2b: Gyarados|Intimidate|boost\n|-unboost|p1a: Hawlucha|atk|1\n|-unboost|p1b: Krookodile|atk|1\n|move|p1b: Krookodile|Earthquake|p2a: Excadrill|[spread] p2a\n|-immune|p1a: Hawlucha\n|-immune|p2b: Gyarados\n|-supereffective|p2a: Excadrill|1\n|-damage|p2a: Excadrill|43/100\n|move|p2a: Excadrill|Iron Head|p1a: Hawlucha\n|-damage|p1a: Hawlucha|40/100\n|\n|-weather|SunnyDay|[upkeep]\n|-heal|p1b: Krookodile|100/100|[from] item: Leftovers\n|upkeep\n|turn|6\n|\n|t:|1776363891\n|detailschange|p1a: Hawlucha|Hawlucha-Mega, L50, F\n|-mega|p1a: Hawlucha|Hawlucha|Hawluchanite\n|move|p2a: Excadrill|Protect|p2a: Excadrill\n|-singleturn|p2a: Excadrill|Protect\n|move|p1a: Hawlucha|Entrainment|p1b: Krookodile\n|-ability|p1b: Krookodile|No Guard|Intimidate|[from] move: Entrainment|[of] p1a: Hawlucha\n|move|p1b: Krookodile|Fissure|p2a: Excadrill\n|-activate|p2a: Excadrill|move: Protect\n|move|p2b: Gyarados|Waterfall|p1b: Krookodile\n|-supereffective|p1b: Krookodile|1\n|-damage|p1b: Krookodile|52/100\n|\n|-weather|SunnyDay|[upkeep]\n|-heal|p1b: Krookodile|58/100|[from] item: Leftovers\n|-sideend|p1: captainbader224|move: Tailwind\n|upkeep\n|turn|7\n|\n|t:|1776363929\n|switch|p1a: Whimsicott|Whimsicott, L50, F|51/100\n|switch|p2b: Tyranitar|Tyranitar, L50, M|100/100\n|-weather|Sandstorm|[from] ability: Sand Stream|[of] p2b: Tyranitar\n|move|p1b: Krookodile|Protect|p1b: Krookodile\n|-singleturn|p1b: Krookodile|Protect\n|move|p2a: Excadrill|High Horsepower|p1b: Krookodile\n|-activate|p1b: Krookodile|move: Protect\n|\n|-weather|Sandstorm|[upkeep]\n|-damage|p1a: Whimsicott|45/100|[from] Sandstorm\n|-heal|p1b: Krookodile|64/100|[from] item: Leftovers\n|upkeep\n|turn|8\n|\n|t:|1776363963\n|move|p1a: Whimsicott|Sunny Day|p1a: Whimsicott\n|-weather|SunnyDay\n|move|p1b: Krookodile|Fissure|p2a: Excadrill\n|-damage|p2a: Excadrill|0 fnt\n|faint|p2a: Excadrill\n|-ohko\n|move|p2b: Tyranitar|Dragon Dance|p2b: Tyranitar\n|-boost|p2b: Tyranitar|atk|1\n|-boost|p2b: Tyranitar|spe|1\n|\n|-weather|SunnyDay|[upkeep]\n|-heal|p1b: Krookodile|70/100|[from] item: Leftovers\n|upkeep\n|\n|t:|1776363972\n|switch|p2a: Gyarados|Gyarados, L50, F|90/100\n|-ability|p2a: Gyarados|Intimidate|boost\n|-unboost|p1a: Whimsicott|atk|1\n|-unboost|p1b: Krookodile|atk|1\n|turn|9\n|\n|t:|1776364002\n|move|p1a: Whimsicott|Tailwind|p1a: Whimsicott\n|-sidestart|p1: captainbader224|move: Tailwind\n|move|p1b: Krookodile|Fissure|p2b: Tyranitar\n|-damage|p2b: Tyranitar|0 fnt\n|faint|p2b: Tyranitar\n|-ohko\n|move|p2a: Gyarados|Iron Head|p1a: Whimsicott\n|-supereffective|p1a: Whimsicott|1\n|-damage|p1a: Whimsicott|0 fnt\n|faint|p1a: Whimsicott\n|\n|-weather|SunnyDay|[upkeep]\n|-heal|p1b: Krookodile|76/100|[from] item: Leftovers\n|upkeep\n|c|\u2606Talistic|i goofed\n|\n|t:|1776364012\n|switch|p1a: Weavile|Weavile, L50, F|100/100\n|turn|10\n|\n|t:|1776364023\n|move|p1a: Weavile|Fake Out|p2a: Gyarados\n|-damage|p2a: Gyarados|75/100\n|move|p1b: Krookodile|Smack Down|p2a: Gyarados\n|-supereffective|p2a: Gyarados|1\n|-damage|p2a: Gyarados|60/100\n|-start|p2a: Gyarados|Smack Down\n|cant|p2a: Gyarados|flinch\n|\n|-weather|SunnyDay|[upkeep]\n|-heal|p1b: Krookodile|82/100|[from] item: Leftovers\n|upkeep\n|turn|11\n|-message|Talistic forfeited.\n|\n|win|captainbader224\n|raw|captainbader224's rating: 1076 &rarr; <strong>1103</strong><br />(+27 for winning)\n|raw|Talistic's rating: 1056 &rarr; <strong>1039</strong><br />(-17 for losing)\n|l|\u2606Talistic\n|player|p2|\n",
  "uploadtime": 1776364043,
  "views": 25,
  "formatid": "gen9championsvgc2026regma",
  "rating": 1039,
  "private": 0,
  "password": null
}