{
  "id": "gen9championsvgc2026regma-2584029816",
  "format": "[Gen 9 Champions] VGC 2026 Reg M-A",
  "players": [
    "superboy245",
    "yumimoto"
  ],
  "log": "|j|\u2606superboy245\n|j|\u2606yumimoto\n|t:|1776218287\n|gametype|doubles\n|player|p1|superboy245|buck|1249\n|player|p2|yumimoto|lucas|1328\n|gen|9\n|tier|[Gen 9 Champions] VGC 2026 Reg M-A\n|rated|\n|rule|Species Clause: Limit one of each Pok\u00e9mon\n|rule|Item Clause: Limit 1 of each item\n|clearpoke\n|poke|p1|Greninja-*, L50, M|\n|poke|p1|Politoed, L50, M|\n|poke|p1|Basculegion, L50, M|\n|poke|p1|Lucario, L50, M|\n|poke|p1|Sinistcha, L50|\n|poke|p1|Toxicroak, L50, M|\n|poke|p2|Charizard, L50, M|\n|poke|p2|Milotic, L50, M|\n|poke|p2|Garchomp, L50, M|\n|poke|p2|Aegislash, L50, M|\n|poke|p2|Kingambit, L50, M|\n|poke|p2|Basculegion, L50, M|\n|teampreview|4\nsuperboy245 rejected open team sheets.\n|\n|t:|1776218330\n|teamsize|p1|4\n|teamsize|p2|4\n|start\n|switch|p1a: Greninja|Greninja, L50, M|100/100\n|switch|p1b: Basculegion|Basculegion, L50, M|100/100\n|switch|p2a: Charizard|Charizard, L50, M|100/100\n|switch|p2b: Aegislash|Aegislash, L50, M|100/100\n|turn|1\n|j| Kuroitenshi17\n|inactive|Battle timer is ON: inactive players will automatically lose when time's up. (requested by superboy245)\n|\n|t:|1776218368\n|detailschange|p2a: Charizard|Charizard-Mega-Y, L50, M\n|-mega|p2a: Charizard|Charizard|Charizardite Y\n|-weather|SunnyDay|[from] ability: Drought|[of] p2a: Charizard\n|move|p1a: Greninja|Protect|p1a: Greninja\n|-start|p1a: Greninja|typechange|Normal|[from] ability: Protean\n|-singleturn|p1a: Greninja|Protect\n|-formechange|p2b: Aegislash|Aegislash-Blade|\n|move|p2b: Aegislash|Shadow Sneak|p1b: Basculegion\n|-supereffective|p1b: Basculegion|1\n|-damage|p1b: Basculegion|27/100\n|move|p2a: Charizard|Solar Beam||[still]\n|-prepare|p2a: Charizard|Solar Beam\n|-anim|p2a: Charizard|Solar Beam|p1a: Greninja\n|-activate|p1a: Greninja|move: Protect\n|move|p1b: Basculegion|Flip Turn|p2a: Charizard\n|-supereffective|p2a: Charizard|1\n|-damage|p2a: Charizard|64/100\n|\n|t:|1776218383\n|switch|p1b: Politoed|Politoed, L50, M|100/100|[from] Flip Turn\n|-weather|RainDance|[from] ability: Drizzle|[of] p1b: Politoed\n|\n|-weather|RainDance|[upkeep]\n|upkeep\n|turn|2\n|\n|t:|1776218395\n|switch|p2a: Basculegion|Basculegion, L50, M|100/100\n|detailschange|p1a: Greninja|Greninja-Mega, L50, M\n|-mega|p1a: Greninja|Greninja|Greninjite\n|move|p1b: Politoed|Helping Hand|p1a: Greninja\n|-singleturn|p1a: Greninja|Helping Hand|[of] p1b: Politoed\n|move|p1a: Greninja|Surf|p2b: Aegislash|[spread] p1b,p2a,p2b\n|-start|p1a: Greninja|typechange|Water|[from] ability: Protean\n|-resisted|p1b: Politoed|1\n|-resisted|p2a: Basculegion|1\n|-crit|p2b: Aegislash\n|-damage|p1b: Politoed|74/100\n|-damage|p2a: Basculegion|57/100\n|-damage|p2b: Aegislash|0 fnt\n|faint|p2b: Aegislash\n|\n|-weather|RainDance|[upkeep]\n|upkeep\n|\n|t:|1776218409\n|switch|p2b: Charizard|Charizard-Mega-Y, L50, M|64/100\n|-weather|SunnyDay|[from] ability: Drought|[of] p2b: Charizard\n|turn|3\n|\n|t:|1776218425\n|switch|p1b: Basculegion|Basculegion, L50, M|27/100\n|move|p1a: Greninja|Protect|p1a: Greninja\n|-singleturn|p1a: Greninja|Protect\n|move|p2a: Basculegion|Last Respects|p1a: Greninja\n|-activate|p1a: Greninja|move: Protect\n|move|p2b: Charizard|Solar Beam||[still]\n|-prepare|p2b: Charizard|Solar Beam\n|-anim|p2b: Charizard|Solar Beam|p1b: Basculegion\n|-supereffective|p1b: Basculegion|1\n|-damage|p1b: Basculegion|0 fnt\n|faint|p1b: Basculegion\n|\n|-weather|SunnyDay|[upkeep]\n|upkeep\n|\n|t:|1776218438\n|switch|p1b: Politoed|Politoed, L50, M|74/100\n|-weather|RainDance|[from] ability: Drizzle|[of] p1b: Politoed\n|turn|4\n|\n|t:|1776218450\n|switch|p2b: Kingambit|Kingambit, L50, M|100/100\n|move|p2a: Basculegion|Last Respects|p1a: Greninja\n|-damage|p1a: Greninja|8/100\n|move|p1a: Greninja|Dark Pulse|p2a: Basculegion\n|-supereffective|p2a: Basculegion|1\n|-damage|p2a: Basculegion|0 fnt\n|faint|p2a: Basculegion\n|move|p1b: Politoed|Weather Ball|p2b: Kingambit\n|-damage|p2b: Kingambit|47/100\n|\n|-weather|RainDance|[upkeep]\n|upkeep\n|\n|t:|1776218462\n|switch|p2a: Charizard|Charizard-Mega-Y, L50, M|64/100\n|-weather|SunnyDay|[from] ability: Drought|[of] p2a: Charizard\n|turn|5\n|\n|t:|1776218475\n|switch|p1b: Toxicroak|Toxicroak, L50, M|100/100\n|move|p1a: Greninja|Protect|p1a: Greninja\n|-singleturn|p1a: Greninja|Protect\n|move|p2a: Charizard|Heat Wave|p1b: Toxicroak|[spread] p1b\n|-activate|p1a: Greninja|move: Protect\n|-enditem|p1b: Toxicroak|Focus Sash\n|-damage|p1b: Toxicroak|1/100\n|move|p2b: Kingambit|Kowtow Cleave|p1b: Toxicroak\n|-resisted|p1b: Toxicroak|1\n|-damage|p1b: Toxicroak|0 fnt\n|faint|p1b: Toxicroak\n|\n|-weather|SunnyDay|[upkeep]\n|upkeep\n|\n|t:|1776218481\n|switch|p1b: Politoed|Politoed, L50, M|74/100\n|-weather|RainDance|[from] ability: Drizzle|[of] p1b: Politoed\n|turn|6\n|\n|t:|1776218500\n|move|p2b: Kingambit|Sucker Punch|p1a: Greninja\n|-damage|p1a: Greninja|0 fnt\n|faint|p1a: Greninja\n|move|p2a: Charizard|Solar Beam||[still]\n|-prepare|p2a: Charizard|Solar Beam\n|move|p1b: Politoed|Weather Ball|p2b: Kingambit\n|-damage|p2b: Kingambit|0 fnt\n|faint|p2b: Kingambit\n|\n|-weather|RainDance|[upkeep]\n|upkeep\n|turn|7\n|\n|t:|1776218510\n|move|p1b: Politoed|Protect|p1b: Politoed\n|-singleturn|p1b: Politoed|Protect\n|move|p2a: Charizard|Solar Beam|p1b: Politoed|[from] lockedmove\n|-activate|p1b: Politoed|move: Protect\n|\n|-weather|RainDance|[upkeep]\n|upkeep\n|turn|8\n|c|\u2606superboy245|Ggs\n|\n|t:|1776218521\n|move|p2a: Charizard|Protect|p2a: Charizard\n|-singleturn|p2a: Charizard|Protect\n|move|p1b: Politoed|Weather Ball|p2a: Charizard\n|-activate|p2a: Charizard|move: Protect\n|\n|-weather|RainDance|[upkeep]\n|upkeep\n|turn|9\n|\n|t:|1776218532\n|move|p2a: Charizard|Protect|p2a: Charizard\n|-singleturn|p2a: Charizard|Protect\n|move|p1b: Politoed|Weather Ball|p2a: Charizard\n|-activate|p2a: Charizard|move: Protect\n|\n|-weather|RainDance|[upkeep]\n|upkeep\n|turn|10\n|\n|t:|1776218539\n|move|p2a: Charizard|Protect|p2a: Charizard\n|-singleturn|p2a: Charizard|Protect\n|move|p1b: Politoed|Weather Ball|p2a: Charizard\n|-activate|p2a: Charizard|move: Protect\n|\n|-weather|none\n|upkeep\n|turn|11\n|\n|t:|1776218551\n|move|p2a: Charizard|Heat Wave|p1b: Politoed\n|-resisted|p1b: Politoed|1\n|-damage|p1b: Politoed|55/100\n|move|p1b: Politoed|Ice Beam|p2a: Charizard\n|-damage|p2a: Charizard|45/100\n|\n|upkeep\n|turn|12\n|c|\u2606superboy245|Gg\n|c|\u2606superboy245|Accept your defeat\n|\n|t:|1776218566\n|move|p2a: Charizard|Heat Wave|p1b: Politoed\n|-resisted|p1b: Politoed|1\n|-damage|p1b: Politoed|37/100\n|-enditem|p1b: Politoed|Sitrus Berry|[eat]\n|-heal|p1b: Politoed|61/100|[from] item: Sitrus Berry\n|move|p1b: Politoed|Ice Beam|p2a: Charizard\n|-damage|p2a: Charizard|26/100\n|\n|upkeep\n|turn|13\n|\n|t:|1776218585\n|move|p2a: Charizard|Heat Wave|p1b: Politoed\n|-resisted|p1b: Politoed|1\n|-damage|p1b: Politoed|43/100\n|move|p1b: Politoed|Ice Beam|p2a: Charizard\n|-damage|p2a: Charizard|7/100\n|\n|upkeep\n|turn|14\n|c|\u2606yumimoto|\u8179\u7acb\u3064\u306a\u3066\u3081\u3048\n|\n|t:|1776218602\n|move|p2a: Charizard|Heat Wave|p1b: Politoed|[miss]\n|-miss|p2a: Charizard|p1b: Politoed\n|move|p1b: Politoed|Ice Beam|p2a: Charizard\n|-damage|p2a: Charizard|0 fnt\n|faint|p2a: Charizard\n|\n|win|superboy245\n|raw|superboy245's rating: 1249 &rarr; <strong>1280</strong><br />(+31 for winning)\n|raw|yumimoto's rating: 1328 &rarr; <strong>1304</strong><br />(-24 for losing)\n",
  "uploadtime": 1776218606,
  "views": 39,
  "formatid": "gen9championsvgc2026regma",
  "rating": 1280,
  "private": 0,
  "password": null
}