{
  "id": "gen9championsvgc2026regma-2583064950",
  "format": "[Gen 9 Champions] VGC 2026 Reg M-A",
  "players": [
    "lonoVGC",
    "02xygen_"
  ],
  "log": "|j|\u2606lonoVGC\n|j|\u260602xygen_\n|t:|1776138163\n|gametype|doubles\n|player|p1|lonoVGC|unknownf|1302\n|player|p2|02xygen_|265|1331\n|gen|9\n|tier|[Gen 9 Champions] VGC 2026 Reg M-A\n|rated|\n|rule|Species Clause: Limit one of each Pok\u00e9mon\n|rule|Item Clause: Limit 1 of each item\n|clearpoke\n|poke|p1|Incineroar, L50, M|\n|poke|p1|Charizard, L50, F|\n|poke|p1|Whimsicott, L50, F|\n|poke|p1|Rotom-Wash, L50|\n|poke|p1|Garchomp, L50, M|\n|poke|p1|Sneasler, L50, M|\n|poke|p2|Incineroar, L50, F|\n|poke|p2|Oranguru, L50, M|\n|poke|p2|Crabominable, L50, M|\n|poke|p2|Pelipper, L50, M|\n|poke|p2|Basculegion, L50, M|\n|poke|p2|Dragonite, L50, F|\n|teampreview|4\n|\n|t:|1776138234\n|teamsize|p1|4\n|teamsize|p2|4\n|start\n|switch|p1a: Charizard|Charizard, L50, F, shiny|100/100\n|switch|p1b: Garchomp|Garchomp, L50, M|100/100\n|switch|p2a: Incineroar|Incineroar, L50, F|100/100\n|switch|p2b: Oranguru|Oranguru, L50, M|100/100\n|-ability|p2a: Incineroar|Intimidate|boost\n|-unboost|p1a: Charizard|atk|1\n|-unboost|p1b: Garchomp|atk|1\n|turn|1\n|inactive|Battle timer is ON: inactive players will automatically lose when time's up. (requested by 02xygen_)\n|\n|t:|1776138258\n|detailschange|p1a: Charizard|Charizard-Mega-Y, L50, F, shiny\n|-mega|p1a: Charizard|Charizard|Charizardite Y\n|-weather|SunnyDay|[from] ability: Drought|[of] p1a: Charizard\n|move|p2a: Incineroar|Fake Out|p1b: Garchomp\n|-damage|p1b: Garchomp|85/100\n|-damage|p2a: Incineroar|88/100|[from] ability: Rough Skin|[of] p1b: Garchomp\n|cant|p1b: Garchomp|flinch\n|move|p1a: Charizard|Heat Wave|p2b: Oranguru|[spread] p2a,p2b\n|-resisted|p2a: Incineroar|1\n|-damage|p2a: Incineroar|58/100\n|-damage|p2b: Oranguru|56/100\n|move|p2b: Oranguru|Trick Room|p2b: Oranguru\n|-fieldstart|move: Trick Room|[of] p2b: Oranguru\n|\n|-weather|SunnyDay|[upkeep]\n|upkeep\n|turn|2\n|inactive|02xygen_ has 30 seconds left.\n|\n|t:|1776138284\n|move|p2b: Oranguru|Psychic|p1b: Garchomp\n|-damage|p1b: Garchomp|54/100\n|move|p2a: Incineroar|Flare Blitz|p1a: Charizard\n|-resisted|p1a: Charizard|1\n|-damage|p1a: Charizard|47/100\n|-damage|p2a: Incineroar|41/100|[from] Recoil\n|move|p1a: Charizard|Heat Wave|p2a: Incineroar|[spread] p2a,p2b\n|-resisted|p2a: Incineroar|1\n|-damage|p2a: Incineroar|7/100\n|-damage|p2b: Oranguru|9/100\n|move|p1b: Garchomp|Earthquake|p2a: Incineroar|[spread] p2a,p2b\n|-immune|p1a: Charizard\n|-supereffective|p2a: Incineroar|1\n|-damage|p2a: Incineroar|0 fnt\n|-damage|p2b: Oranguru|0 fnt\n|faint|p2a: Incineroar\n|faint|p2b: Oranguru\n|\n|-weather|SunnyDay|[upkeep]\n|upkeep\n|\n|t:|1776138290\n|switch|p2b: Pelipper|Pelipper, L50, M|100/100\n|switch|p2a: Crabominable|Crabominable, L50, M|100/100\n|-weather|RainDance|[from] ability: Drizzle|[of] p2b: Pelipper\n|turn|3\n|\n|t:|1776138314\n|switch|p1a: Rotom|Rotom-Wash, L50|100/100\n|detailschange|p2a: Crabominable|Crabominable-Mega, L50, M\n|-mega|p2a: Crabominable|Crabominable|Crabominite\n|move|p2a: Crabominable|Ice Hammer|p1b: Garchomp\n|-supereffective|p1b: Garchomp|2\n|-damage|p1b: Garchomp|0 fnt\n|-unboost|p2a: Crabominable|spe|1\n|-damage|p2a: Crabominable|88/100|[from] ability: Rough Skin|[of] p1b: Garchomp\n|faint|p1b: Garchomp\n|move|p2b: Pelipper|Weather Ball|p1a: Rotom\n|-resisted|p1a: Rotom|1\n|-damage|p1a: Rotom|64/100\n|\n|-weather|RainDance|[upkeep]\n|-heal|p1a: Rotom|70/100|[from] item: Leftovers\n|upkeep\n|\n|t:|1776138322\n|switch|p1b: Charizard|Charizard-Mega-Y, L50, F, shiny|47/100\n|-weather|SunnyDay|[from] ability: Drought|[of] p1b: Charizard\n|turn|4\n|inactive|02xygen_ has 30 seconds left.\n|inactive|02xygen_ has 20 seconds left.\n|inactive|02xygen_ has 15 seconds left.\n|inactive|02xygen_ has 10 seconds left.\n|\n|t:|1776138369\n|move|p1a: Rotom|Protect|p1a: Rotom\n|-singleturn|p1a: Rotom|Protect\n|move|p1b: Charizard|Protect|p1b: Charizard\n|-singleturn|p1b: Charizard|Protect\n|move|p2a: Crabominable|Drain Punch|p1a: Rotom\n|-activate|p1a: Rotom|move: Protect\n|move|p2b: Pelipper|Weather Ball|p1b: Charizard\n|-activate|p1b: Charizard|move: Protect\n|\n|-weather|SunnyDay|[upkeep]\n|-heal|p1a: Rotom|76/100|[from] item: Leftovers\n|upkeep\n|turn|5\n|\n|t:|1776138391\n|switch|p1b: Whimsicott|Whimsicott, L50, F|100/100\n|move|p2a: Crabominable|Drain Punch|p1a: Rotom\n|-damage|p1a: Rotom|16/100\n|-heal|p2a: Crabominable|100/100|[from] drain|[of] p1a: Rotom\n|move|p2b: Pelipper|Hurricane|p1b: Whimsicott|[miss]\n|-miss|p2b: Pelipper|p1b: Whimsicott\n|move|p1a: Rotom|Thunderbolt|p2b: Pelipper\n|-supereffective|p2b: Pelipper|2\n|-enditem|p2b: Pelipper|Focus Sash\n|-damage|p2b: Pelipper|1/100\n|-status|p2b: Pelipper|par\n|\n|-weather|SunnyDay|[upkeep]\n|-heal|p1a: Rotom|22/100|[from] item: Leftovers\n|-fieldend|move: Trick Room\n|upkeep\n|turn|6\n|\n|t:|1776138414\n|move|p2a: Crabominable|Mach Punch|p1a: Rotom\n|-damage|p1a: Rotom|0 fnt\n|faint|p1a: Rotom\n|move|p1b: Whimsicott|Moonblast|p2a: Crabominable\n|-supereffective|p2a: Crabominable|1\n|-damage|p2a: Crabominable|42/100\n|move|p2b: Pelipper|Tailwind|p2b: Pelipper\n|-sidestart|p2: 02xygen_|move: Tailwind\n|\n|-weather|SunnyDay|[upkeep]\n|upkeep\n|\n|t:|1776138423\n|switch|p1a: Charizard|Charizard-Mega-Y, L50, F, shiny|47/100\n|turn|7\n|\n|t:|1776138443\n|move|p2b: Pelipper|Wide Guard|p2b: Pelipper\n|-singleturn|p2b: Pelipper|Wide Guard\n|move|p1b: Whimsicott|Tailwind|p1b: Whimsicott\n|-sidestart|p1: lonoVGC|move: Tailwind\n|move|p1a: Charizard|Heat Wave|p2a: Crabominable|[spread] \n|-activate|p2a: Crabominable|move: Wide Guard\n|-activate|p2b: Pelipper|move: Wide Guard\n|move|p2a: Crabominable|Ice Hammer|p1b: Whimsicott\n|-supereffective|p1b: Whimsicott|1\n|-enditem|p1b: Whimsicott|Focus Sash\n|-damage|p1b: Whimsicott|1/100\n|-unboost|p2a: Crabominable|spe|1\n|\n|-weather|SunnyDay|[upkeep]\n|upkeep\n|turn|8\n|inactive|lonoVGC has 30 seconds left.\n|\n|t:|1776138469\n|move|p2a: Crabominable|Mach Punch|p1b: Whimsicott\n|-resisted|p1b: Whimsicott|1\n|-damage|p1b: Whimsicott|0 fnt\n|faint|p1b: Whimsicott\n|move|p1a: Charizard|Weather Ball|p2a: Crabominable\n|-supereffective|p2a: Crabominable|1\n|-damage|p2a: Crabominable|0 fnt\n|faint|p2a: Crabominable\n|move|p2b: Pelipper|Hurricane|p1a: Charizard\n|-damage|p1a: Charizard|0 fnt\n|faint|p1a: Charizard\n|\n|win|02xygen_\n|raw|lonoVGC's rating: 1302 &rarr; <strong>1284</strong><br />(-18 for losing)\n|raw|02xygen_'s rating: 1331 &rarr; <strong>1349</strong><br />(+18 for winning)\n|c|\u260602xygen_|yikes\n",
  "uploadtime": 1776138481,
  "views": 24,
  "formatid": "gen9championsvgc2026regma",
  "rating": 1284,
  "private": 0,
  "password": null
}