{
  "id": "gen9championsvgc2026regma-2585407502",
  "format": "[Gen 9 Champions] VGC 2026 Reg M-A",
  "players": [
    "G3N13",
    "FUCYOSHUCKLE"
  ],
  "log": "|j|\u2606G3N13\n|j|\u2606FUCYOSHUCKLE\n|t:|1776345100\n|gametype|doubles\n|player|p1|G3N13|n|1048\n|player|p2|FUCYOSHUCKLE|102|1014\n|gen|9\n|tier|[Gen 9 Champions] VGC 2026 Reg M-A\n|rated|\n|rule|Species Clause: Limit one of each Pok\u00e9mon\n|rule|Item Clause: Limit 1 of each item\n|clearpoke\n|poke|p1|Incineroar, L50, M|\n|poke|p1|Farigiraf, L50, M|\n|poke|p1|Torkoal, L50, M|\n|poke|p1|Gardevoir, L50, M|\n|poke|p1|Sinistcha, L50|\n|poke|p1|Corviknight, L50, F|\n|poke|p2|Altaria, L50, F|\n|poke|p2|Umbreon, L50, M|\n|poke|p2|Kangaskhan, L50, F|\n|poke|p2|Aegislash, L50, F|\n|poke|p2|Incineroar, L50, M|\n|poke|p2|Alakazam, L50, F|\n|teampreview|4\n|\n|t:|1776345132\n|teamsize|p1|4\n|teamsize|p2|4\n|start\n|switch|p1a: Sinistcha|Sinistcha, L50|100/100\n|switch|p1b: Gardevoir|Gardevoir, L50, M, shiny|100/100\n|switch|p2a: Umbreon|Umbreon, L50, M|100/100\n|switch|p2b: Incineroar|Incineroar, L50, M|100/100\n|-ability|p1b: Gardevoir|Intimidate|Trace|[from] ability: Trace|[of] p2b: Incineroar\n|-ability|p1b: Gardevoir|Intimidate|boost\n|-fail|p2a: Umbreon|unboost|Attack|[from] ability: Inner Focus|[of] p2a: Umbreon\n|-unboost|p2b: Incineroar|atk|1\n|-ability|p2b: Incineroar|Intimidate|boost\n|-unboost|p1a: Sinistcha|atk|1\n|-unboost|p1b: Gardevoir|atk|1\n|turn|1\n|\n|t:|1776345148\n|switch|p1a: Torkoal|Torkoal, L50, M, shiny|100/100\n|-weather|SunnyDay|[from] ability: Drought|[of] p1a: Torkoal\n|detailschange|p1b: Gardevoir|Gardevoir-Mega, L50, M, shiny\n|-mega|p1b: Gardevoir|Gardevoir|Gardevoirite\n|move|p2b: Incineroar|Fake Out|p1b: Gardevoir\n|-damage|p1b: Gardevoir|91/100\n|cant|p1b: Gardevoir|flinch\n|move|p2a: Umbreon|Toxic|p1b: Gardevoir\n|-status|p1b: Gardevoir|tox\n|\n|-weather|SunnyDay|[upkeep]\n|-damage|p1b: Gardevoir|86/100 tox|[from] psn\n|upkeep\n|turn|2\n|inactive|Battle timer is ON: inactive players will automatically lose when time's up. (requested by FUCYOSHUCKLE)\n|\n|t:|1776345168\n|move|p2a: Umbreon|Protect|p2a: Umbreon\n|-singleturn|p2a: Umbreon|Protect\n|move|p1a: Torkoal|Protect|p1a: Torkoal\n|-singleturn|p1a: Torkoal|Protect\n|move|p2b: Incineroar|Parting Shot|p1b: Gardevoir\n|-unboost|p1b: Gardevoir|atk|1\n|-unboost|p1b: Gardevoir|spa|1\n|\n|t:|1776345182\n|switch|p2b: Altaria|Altaria, L50, F|100/100|[from] Parting Shot\n|-ability|p2b: Altaria|Cloud Nine\n|move|p1b: Gardevoir|Trick Room|p1b: Gardevoir\n|-fieldstart|move: Trick Room|[of] p1b: Gardevoir\n|\n|-weather|SunnyDay|[upkeep]\n|-damage|p1b: Gardevoir|74/100 tox|[from] psn\n|upkeep\n|turn|3\n|\n|t:|1776345200\n|switch|p1b: Incineroar|Incineroar, L50, M, shiny|100/100\n|-ability|p1b: Incineroar|Intimidate|boost\n|-fail|p2a: Umbreon|unboost|Attack|[from] ability: Inner Focus|[of] p2a: Umbreon\n|-unboost|p2b: Altaria|atk|1\n|move|p2b: Altaria|Protect|p2b: Altaria\n|-singleturn|p2b: Altaria|Protect\n|move|p1a: Torkoal|Eruption|p2a: Umbreon|[spread] p2a\n|-activate|p2b: Altaria|move: Protect\n|-damage|p2a: Umbreon|70/100\n|move|p2a: Umbreon|Snarl|p1a: Torkoal|[spread] p1a,p1b\n|-resisted|p1b: Incineroar|1\n|-damage|p1a: Torkoal|88/100\n|-damage|p1b: Incineroar|96/100\n|-unboost|p1a: Torkoal|spa|1\n|-unboost|p1b: Incineroar|spa|1\n|\n|-weather|SunnyDay|[upkeep]\n|-heal|p1b: Incineroar|100/100|[from] item: Leftovers\n|-heal|p2a: Umbreon|76/100|[from] item: Leftovers\n|upkeep\n|turn|4\n|\n|t:|1776345221\n|move|p2a: Umbreon|Protect|p2a: Umbreon\n|-singleturn|p2a: Umbreon|Protect\n|move|p1b: Incineroar|Fake Out|p2b: Altaria\n|-crit|p2b: Altaria\n|-damage|p2b: Altaria|82/100\n|move|p1a: Torkoal|Eruption|p2b: Altaria|[spread] p2b\n|-activate|p2a: Umbreon|move: Protect\n|-resisted|p2b: Altaria|1\n|-damage|p2b: Altaria|71/100\n|cant|p2b: Altaria|flinch\n|\n|-weather|SunnyDay|[upkeep]\n|-heal|p2a: Umbreon|82/100|[from] item: Leftovers\n|upkeep\n|turn|5\n|\n|t:|1776345245\n|switch|p1a: Gardevoir|Gardevoir-Mega, L50, M, shiny|74/100 tox\n|move|p1b: Incineroar|Flare Blitz|p2a: Umbreon\n|-damage|p2a: Umbreon|45/100\n|-damage|p1b: Incineroar|87/100|[from] Recoil\n|move|p2a: Umbreon|Toxic|p1a: Gardevoir|[miss]\n|-miss|p2a: Umbreon|p1a: Gardevoir\n|move|p2b: Altaria|Feather Dance|p1b: Incineroar\n|-unboost|p1b: Incineroar|atk|2\n|\n|-weather|none\n|-heal|p1b: Incineroar|93/100|[from] item: Leftovers\n|-heal|p2a: Umbreon|50/100|[from] item: Leftovers\n|-damage|p1a: Gardevoir|68/100 tox|[from] psn\n|upkeep\n|turn|6\n|inactive|G3N13 has 30 seconds left.\n|inactive|FUCYOSHUCKLE has 30 seconds left.\n|\n|t:|1776345272\n|switch|p1b: Sinistcha|Sinistcha, L50|100/100\n|-heal|p1a: Gardevoir|93/100 tox|[from] ability: Hospitality|[of] p1b: Sinistcha\n|switch|p2a: Incineroar|Incineroar, L50, M|100/100\n|-ability|p2a: Incineroar|Intimidate|boost\n|-unboost|p1a: Gardevoir|atk|1\n|-unboost|p1b: Sinistcha|atk|1\n|move|p2b: Altaria|Fire Spin|p1a: Gardevoir\n|-damage|p1a: Gardevoir|88/100 tox\n|-activate|p1a: Gardevoir|move: Fire Spin|[of] p2b: Altaria\n|move|p1a: Gardevoir|Hyper Voice|p2a: Incineroar|[spread] p2a,p2b\n|-supereffective|p2b: Altaria|1\n|-damage|p2a: Incineroar|61/100\n|-damage|p2b: Altaria|0 fnt\n|faint|p2b: Altaria\n|\n|-damage|p1a: Gardevoir|76/100 tox|[from] psn\n|-end|p1a: Gardevoir|Fire Spin|[partiallytrapped]|[silent]\n|-fieldend|move: Trick Room\n|upkeep\n|\n|t:|1776345286\n|switch|p2b: Kangaskhan|Kangaskhan, L50, F|100/100\n|turn|7\n|\n|t:|1776345300\n|detailschange|p2b: Kangaskhan|Kangaskhan-Mega, L50, F\n|-mega|p2b: Kangaskhan|Kangaskhan|Kangaskhanite\n|move|p1b: Sinistcha|Rage Powder|p1b: Sinistcha\n|-singleturn|p1b: Sinistcha|move: Rage Powder\n|move|p2b: Kangaskhan|Body Slam|p1b: Sinistcha\n|-immune|p1b: Sinistcha\n|move|p1a: Gardevoir|Hyper Voice|p2a: Incineroar|[spread] p2a,p2b\n|-damage|p2a: Incineroar|20/100\n|-damage|p2b: Kangaskhan|47/100\n|-enditem|p2a: Incineroar|Sitrus Berry|[eat]\n|-heal|p2a: Incineroar|45/100|[from] item: Sitrus Berry\n|move|p2a: Incineroar|Darkest Lariat|p1b: Sinistcha\n|-supereffective|p1b: Sinistcha|1\n|-damage|p1b: Sinistcha|42/100\n|-enditem|p1b: Sinistcha|Sitrus Berry|[eat]\n|-heal|p1b: Sinistcha|67/100|[from] item: Sitrus Berry\n|\n|-damage|p1a: Gardevoir|59/100 tox|[from] psn\n|upkeep\n|turn|8\n|-message|FUCYOSHUCKLE forfeited.\n|\n|win|G3N13\n|raw|G3N13's rating: 1048 &rarr; <strong>1078</strong><br />(+30 for winning)\n|raw|FUCYOSHUCKLE's rating: 1014 &rarr; <strong>1003</strong><br />(-11 for losing)\n|l|\u2606FUCYOSHUCKLE\n|player|p2|\n",
  "uploadtime": 1776345321,
  "views": 24,
  "formatid": "gen9championsvgc2026regma",
  "rating": 1003,
  "private": 0,
  "password": null
}