{
  "id": "gen9championsvgc2026regma-2580747104",
  "format": "[Gen 9 Champions] VGC 2026 Reg M-A",
  "players": [
    "jukasinjakudo",
    "dennis ultimate"
  ],
  "log": "|j|\u2606jukasinjakudo\n|j|\u2606dennis ultimate\n|t:|1775929167\n|gametype|doubles\n|player|p1|jukasinjakudo|n|1048\n|player|p2|dennis ultimate|blaine|1065\n|gen|9\n|tier|[Gen 9 Champions] VGC 2026 Reg M-A\n|rated|\n|rule|Species Clause: Limit one of each Pok\u00e9mon\n|rule|Item Clause: Limit 1 of each item\n|clearpoke\n|poke|p1|Farigiraf, L50, M|\n|poke|p1|Sylveon, L50, F|\n|poke|p1|Torkoal, L50, M|\n|poke|p1|Crabominable, L50, M|\n|poke|p1|Incineroar, L50, M|\n|poke|p1|Kingambit, L50, M|\n|poke|p2|Scovillain, L50, M|\n|poke|p2|Incineroar, L50, M|\n|poke|p2|Whimsicott, L50, M|\n|poke|p2|Samurott-Hisui, L50, M|\n|poke|p2|Floette-Eternal, L50, F|\n|poke|p2|Scizor, L50, M|\n|teampreview|4\ndennis ultimate has agreed to open team sheets.\n|inactive|Battle timer is ON: inactive players will automatically lose when time's up. (requested by dennis ultimate)\n|\n|t:|1775929199\n|teamsize|p1|4\n|teamsize|p2|4\n|start\n|switch|p1a: Farigiraf|Farigiraf, L50, M|100/100\n|switch|p1b: Sylveon|Sylveon, L50, F|100/100\n|switch|p2a: Incineroar|Incineroar, L50, M|100/100\n|switch|p2b: Floette|Floette-Eternal, L50, F|100/100\n|-ability|p2a: Incineroar|Intimidate|boost\n|-unboost|p1a: Farigiraf|atk|1\n|-unboost|p1b: Sylveon|atk|1\n|turn|1\n|\n|t:|1775929221\n|detailschange|p2b: Floette|Floette-Mega, L50, F\n|-mega|p2b: Floette|Floette|Floettite\n|-ability|p2b: Floette|Fairy Aura\n|move|p2a: Incineroar|Fake Out||[still]\n|cant|p1a: Farigiraf|ability: Armor Tail|Fake Out|[of] p2a: Incineroar\n|move|p2b: Floette|Dazzling Gleam|p1a: Farigiraf|[spread] p1a,p1b\n|-damage|p1a: Farigiraf|64/100\n|-damage|p1b: Sylveon|66/100\n|move|p1b: Sylveon|Hyper Voice|p2b: Floette|[spread] p2a,p2b\n|-crit|p2a: Incineroar\n|-damage|p2a: Incineroar|13/100\n|-damage|p2b: Floette|41/100\n|-enditem|p2a: Incineroar|Sitrus Berry|[eat]\n|-heal|p2a: Incineroar|38/100|[from] item: Sitrus Berry\n|move|p1a: Farigiraf|Trick Room|p1a: Farigiraf\n|-fieldstart|move: Trick Room|[of] p1a: Farigiraf\n|\n|upkeep\n|turn|2\n|inactive|dennis ultimate has 30 seconds left.\n|inactive|dennis ultimate has 20 seconds left.\n|inactive|dennis ultimate has 15 seconds left.\n|inactive|dennis ultimate has 10 seconds left.\n|\n|t:|1775929270\n|move|p1a: Farigiraf|Helping Hand|p1b: Sylveon\n|-singleturn|p1b: Sylveon|Helping Hand|[of] p1a: Farigiraf\n|move|p1b: Sylveon|Hyper Voice|p2b: Floette|[spread] p2a,p2b\n|-damage|p2a: Incineroar|0 fnt\n|-damage|p2b: Floette|0 fnt\n|faint|p2a: Incineroar\n|faint|p2b: Floette\n|\n|upkeep\n|\n|t:|1775929275\n|switch|p2a: Scizor|Scizor, L50, M|100/100\n|switch|p2b: Samurott|Samurott-Hisui, L50, M|100/100\n|turn|3\n|\n|t:|1775929287\n|move|p1a: Farigiraf|Helping Hand|p1b: Sylveon\n|-singleturn|p1b: Sylveon|Helping Hand|[of] p1a: Farigiraf\n|move|p2a: Scizor|Protect|p2a: Scizor\n|-singleturn|p2a: Scizor|Protect\n|move|p1b: Sylveon|Hyper Voice|p2a: Scizor|[spread] p2b\n|-activate|p2a: Scizor|move: Protect\n|-supereffective|p2b: Samurott|1\n|-enditem|p2b: Samurott|Focus Sash\n|-damage|p2b: Samurott|1/100\n|move|p2b: Samurott|Ceaseless Edge|p1a: Farigiraf\n|-supereffective|p1a: Farigiraf|1\n|-enditem|p1a: Farigiraf|Colbur Berry|[eat]\n|-enditem|p1a: Farigiraf|Colbur Berry|[weaken]\n|-damage|p1a: Farigiraf|17/100\n|-sidestart|p1: jukasinjakudo|Spikes\n|\n|upkeep\n|turn|4\n|inactive|dennis ultimate has 30 seconds left.\n|inactive|dennis ultimate has 20 seconds left.\n|\n|t:|1775929327\n|move|p1a: Farigiraf|Helping Hand|p1b: Sylveon\n|-singleturn|p1b: Sylveon|Helping Hand|[of] p1a: Farigiraf\n|move|p1b: Sylveon|Hyper Voice|p2b: Samurott|[spread] p2a,p2b\n|-resisted|p2a: Scizor|1\n|-supereffective|p2b: Samurott|1\n|-damage|p2a: Scizor|68/100\n|-damage|p2b: Samurott|0 fnt\n|faint|p2b: Samurott\n|move|p2a: Scizor|U-turn|p1a: Farigiraf\n|-supereffective|p1a: Farigiraf|1\n|-damage|p1a: Farigiraf|0 fnt\n|faint|p1a: Farigiraf\n|\n|upkeep\n|\n|t:|1775929342\n|switch|p1a: Torkoal|Torkoal, L50, M|100/100\n|-damage|p1a: Torkoal|88/100|[from] Spikes\n|-weather|SunnyDay|[from] ability: Drought|[of] p1a: Torkoal\n|turn|5\n|-message|dennis ultimate forfeited.\n|\n|win|jukasinjakudo\n|raw|jukasinjakudo's rating: 1048 &rarr; <strong>1082</strong><br />(+34 for winning)\n|raw|dennis ultimate's rating: 1065 &rarr; <strong>1044</strong><br />(-21 for losing)\n|l|\u2606dennis ultimate\n|player|p2|\n",
  "uploadtime": 1775929346,
  "views": 18,
  "formatid": "gen9championsvgc2026regma",
  "rating": 1044,
  "private": 0,
  "password": null
}