{
  "id": "gen9championsvgc2026regma-2582303742",
  "format": "[Gen 9 Champions] VGC 2026 Reg M-A",
  "players": [
    "SimMikaze",
    "zan81"
  ],
  "log": "|j|\u2606SimMikaze\n|j|\u2606zan81\n|t:|1776081544\n|gametype|doubles\n|player|p1|SimMikaze|miku-ghost|1358\n|player|p2|zan81|1|1439\n|gen|9\n|tier|[Gen 9 Champions] VGC 2026 Reg M-A\n|rated|\n|rule|Species Clause: Limit one of each Pok\u00e9mon\n|rule|Item Clause: Limit 1 of each item\n|clearpoke\n|poke|p1|Gardevoir, L50, F|\n|poke|p1|Garchomp, L50, F|\n|poke|p1|Incineroar, L50, M|\n|poke|p1|Sneasler, L50, M|\n|poke|p1|Corviknight, L50, M|\n|poke|p1|Basculegion, L50, M|\n|poke|p2|Kingambit, L50, F|\n|poke|p2|Sneasler, L50, F|\n|poke|p2|Basculegion, L50, M|\n|poke|p2|Froslass, L50, F|\n|poke|p2|Delphox, L50, F|\n|poke|p2|Whimsicott, L50, M|\n|teampreview|4\n|inactive|Battle timer is ON: inactive players will automatically lose when time's up. (requested by zan81)\n|inactive|SimMikaze has 60 seconds left.\n|inactive|zan81 has 60 seconds left.\nzan81 rejected open team sheets.\n|inactive|SimMikaze has 30 seconds left.\n|j| tuken\n|\n|t:|1776081612\n|teamsize|p1|4\n|teamsize|p2|4\n|start\n|switch|p1a: Sneasler|Sneasler, L50, M|100/100\n|switch|p1b: Gardevoir|Gardevoir, L50, F, shiny|100/100\n|switch|p2a: Delphox|Delphox, L50, F|100/100\n|switch|p2b: Kingambit|Kingambit, L50, F|100/100\n|-ability|p1b: Gardevoir|Magician|Trace|[from] ability: Trace|[of] p2a: Delphox\n|turn|1\n|inactive|SimMikaze has 30 seconds left.\n|inactive|zan81 has 30 seconds left.\n|inactive|zan81 has 20 seconds left.\n|\n|t:|1776081656\n|detailschange|p1b: Gardevoir|Gardevoir-Mega, L50, F, shiny\n|-mega|p1b: Gardevoir|Gardevoir|Gardevoirite\n|move|p1a: Sneasler|Fake Out|p2a: Delphox\n|-damage|p2a: Delphox|80/100\n|move|p2b: Kingambit|Sucker Punch||[still]\n|-fail|p2b: Kingambit\n|cant|p2a: Delphox|flinch\n|move|p1b: Gardevoir|Calm Mind|p1b: Gardevoir\n|-boost|p1b: Gardevoir|spa|1\n|-boost|p1b: Gardevoir|spd|1\n|\n|upkeep\n|turn|2\n|\n|t:|1776081678\n|move|p2a: Delphox|Protect|p2a: Delphox\n|-singleturn|p2a: Delphox|Protect\n|move|p1a: Sneasler|Close Combat|p2b: Kingambit\n|-supereffective|p2b: Kingambit|2\n|-damage|p2b: Kingambit|0 fnt\n|-unboost|p1a: Sneasler|def|1\n|-unboost|p1a: Sneasler|spd|1\n|faint|p2b: Kingambit\n|-enditem|p1a: Sneasler|White Herb\n|-clearnegativeboost|p1a: Sneasler|[silent]\n|move|p1b: Gardevoir|Hyper Voice|p2a: Delphox\n|-activate|p2a: Delphox|move: Protect\n|\n|upkeep\n|\n|t:|1776081691\n|switch|p2b: Sneasler|Sneasler, L50, F|100/100\n|turn|3\n|j| GoodraSweetheart76\n|\n|t:|1776081715\n|move|p1a: Sneasler|Protect|p1a: Sneasler\n|-singleturn|p1a: Sneasler|Protect\n|move|p1b: Gardevoir|Protect|p1b: Gardevoir\n|-singleturn|p1b: Gardevoir|Protect\n|move|p2b: Sneasler|Dire Claw|p1b: Gardevoir\n|-activate|p1b: Gardevoir|move: Protect\n|move|p2a: Delphox|Psychic|p1a: Sneasler\n|-activate|p1a: Sneasler|move: Protect\n|\n|upkeep\n|turn|4\n|inactive|SimMikaze has 30 seconds left.\n|inactive|SimMikaze has 20 seconds left.\n|\n|t:|1776081751\n|move|p1a: Sneasler|Dire Claw|p2a: Delphox\n|-damage|p2a: Delphox|15/100\n|move|p2b: Sneasler|Dire Claw|p1b: Gardevoir\n|-supereffective|p1b: Gardevoir|1\n|-damage|p1b: Gardevoir|0 fnt\n|faint|p1b: Gardevoir\n|move|p2a: Delphox|Psychic|p1a: Sneasler\n|-supereffective|p1a: Sneasler|2\n|-damage|p1a: Sneasler|0 fnt\n|faint|p1a: Sneasler\n|\n|upkeep\n|l| tuken\n|\n|t:|1776081759\n|switch|p1a: Corviknight|Corviknight, L50, M, shiny|100/100\n|switch|p1b: Basculegion|Basculegion, L50, M|100/100\n|-ability|p1a: Corviknight|Pressure\n|turn|5\n|inactive|zan81 has 30 seconds left.\n|inactive|zan81 has 20 seconds left.\n|inactive|zan81 has 15 seconds left.\n|\n|t:|1776081802\n|move|p2a: Delphox|Protect|p2a: Delphox\n|-singleturn|p2a: Delphox|Protect\n|move|p1b: Basculegion|Last Respects|p2b: Sneasler\n|-damage|p2b: Sneasler|0 fnt\n|faint|p2b: Sneasler\n|move|p1a: Corviknight|Tailwind|p1a: Corviknight\n|-sidestart|p1: SimMikaze|move: Tailwind\n|\n|upkeep\n|\n|t:|1776081810\n|switch|p2b: Basculegion|Basculegion, L50, M|100/100\n|turn|6\n|\n|t:|1776081824\n|detailschange|p2a: Delphox|Delphox-Mega, L50, F\n|-mega|p2a: Delphox|Delphox|Delphoxite\n|move|p1b: Basculegion|Last Respects|p2b: Basculegion\n|-supereffective|p2b: Basculegion|1\n|-damage|p2b: Basculegion|0 fnt\n|faint|p2b: Basculegion\n|move|p2a: Delphox|Encore|p1a: Corviknight\n|-start|p1a: Corviknight|Encore\n|move|p1a: Corviknight|Tailwind||[still]\n|-fail|p1a: Corviknight\n|\n|upkeep\n|turn|7\n|-message|zan81 forfeited.\n|\n|win|SimMikaze\n|raw|SimMikaze's rating: 1358 &rarr; <strong>1383</strong><br />(+25 for winning)\n|raw|zan81's rating: 1439 &rarr; <strong>1414</strong><br />(-25 for losing)\n|l|\u2606zan81\n|player|p2|\n",
  "uploadtime": 1776081832,
  "views": 26,
  "formatid": "gen9championsvgc2026regma",
  "rating": 1383,
  "private": 0,
  "password": null
}