{
  "id": "gen9championsvgc2026regma-2588382302",
  "format": "[Gen 9 Champions] VGC 2026 Reg M-A",
  "players": [
    "thelllgrin",
    "melon storme"
  ],
  "log": "|j|\u2606thelllgrin\n|j|\u2606melon storme\n|t:|1776628854\n|gametype|doubles\n|player|p1|thelllgrin|cheren|1225\n|player|p2|melon storme|kieran-festival|1277\n|gen|9\n|tier|[Gen 9 Champions] VGC 2026 Reg M-A\n|rated|\n|rule|Species Clause: Limit one of each Pok\u00e9mon\n|rule|Item Clause: Limit 1 of each item\n|clearpoke\n|poke|p1|Blastoise, L50, M|\n|poke|p1|Sinistcha, L50|\n|poke|p1|Corviknight, L50, M|\n|poke|p1|Sneasler, L50, F|\n|poke|p1|Basculegion, L50, M|\n|poke|p1|Garchomp, L50, M|\n|poke|p2|Kingambit, L50, F|\n|poke|p2|Zoroark-Hisui, L50, M|\n|poke|p2|Froslass, L50, F|\n|poke|p2|Primarina, L50, M|\n|poke|p2|Sneasler, L50, F|\n|poke|p2|Volcarona, L50, M|\n|teampreview|4\n|\n|t:|1776628906\n|teamsize|p1|4\n|teamsize|p2|4\n|start\n|switch|p1a: Basculegion|Basculegion, L50, M|100/100\n|switch|p1b: Blastoise|Blastoise, L50, M|100/100\n|switch|p2a: Froslass|Froslass, L50, F|100/100\n|switch|p2b: Sneasler|Sneasler, L50, F|100/100\n|turn|1\n|\n|t:|1776628937\n|switch|p1b: Corviknight|Corviknight, L50, M|100/100\n|move|p2b: Sneasler|Fake Out|p1b: Corviknight\n|-resisted|p1b: Corviknight|1\n|-damage|p1b: Corviknight|94/100\n|move|p1a: Basculegion|Last Respects|p2a: Froslass\n|-immune|p2a: Froslass\n|move|p2a: Froslass|Shadow Ball|p1a: Basculegion\n|-supereffective|p1a: Basculegion|1\n|-damage|p1a: Basculegion|12/100\n|\n|-heal|p1b: Corviknight|99/100|[from] item: Leftovers\n|upkeep\n|turn|2\n|\n|t:|1776628983\n|switch|p1a: Blastoise|Blastoise, L50, M|100/100\n|move|p2a: Froslass|Taunt|p1b: Corviknight\n|-start|p1b: Corviknight|move: Taunt\n|move|p2b: Sneasler|Close Combat|p1b: Corviknight\n|-damage|p1b: Corviknight|49/100\n|-unboost|p2b: Sneasler|def|1\n|-unboost|p2b: Sneasler|spd|1\n|-enditem|p2b: Sneasler|White Herb\n|-clearnegativeboost|p2b: Sneasler|[silent]\n|cant|p1b: Corviknight|move: Taunt|Tailwind\n|\n|-heal|p1b: Corviknight|55/100|[from] item: Leftovers\n|upkeep\n|turn|3\n|\n|t:|1776629016\n|detailschange|p1a: Blastoise|Blastoise-Mega, L50, M\n|-mega|p1a: Blastoise|Blastoise|Blastoisinite\n|move|p2b: Sneasler|Protect|p2b: Sneasler\n|-singleturn|p2b: Sneasler|Protect\n|move|p1a: Blastoise|Fake Out|p2b: Sneasler\n|-activate|p2b: Sneasler|move: Protect\n|move|p2a: Froslass|Hyper Voice|p1b: Corviknight|[spread] p1a,p1b\n|-resisted|p1b: Corviknight|1\n|-damage|p1a: Blastoise|71/100\n|-damage|p1b: Corviknight|38/100\n|move|p1b: Corviknight|Brave Bird|p2b: Sneasler\n|-activate|p2b: Sneasler|move: Protect\n|\n|-heal|p1b: Corviknight|44/100|[from] item: Leftovers\n|upkeep\n|turn|4\n|\n|t:|1776629031\n|move|p2b: Sneasler|Close Combat|p1a: Blastoise\n|-damage|p1a: Blastoise|14/100\n|-unboost|p2b: Sneasler|def|1\n|-unboost|p2b: Sneasler|spd|1\n|move|p2a: Froslass|Flamethrower|p1b: Corviknight\n|-supereffective|p1b: Corviknight|1\n|-damage|p1b: Corviknight|0 fnt\n|faint|p1b: Corviknight\n|move|p1a: Blastoise|Water Pulse|p2a: Froslass\n|-enditem|p2a: Froslass|Focus Sash\n|-damage|p2a: Froslass|1/100\n|-start|p2a: Froslass|confusion\n|replace|p2a: Zoroark|Zoroark-Hisui, L50, M\n|-end|p2a: Zoroark|Illusion\n|\n|upkeep\n|\n|t:|1776629042\n|switch|p1b: Garchomp|Garchomp, L50, M|100/100\n|turn|5\n|\n|t:|1776629049\n|move|p2b: Sneasler|Protect|p2b: Sneasler\n|-singleturn|p2b: Sneasler|Protect\n|-activate|p2a: Zoroark|confusion\n|move|p2a: Zoroark|Hyper Voice|p1a: Blastoise|[spread] p1a,p1b\n|-damage|p1a: Blastoise|0 fnt\n|-damage|p1b: Garchomp|62/100\n|faint|p1a: Blastoise\n|move|p1b: Garchomp|Rock Slide|p2a: Zoroark|[spread] \n|-activate|p2b: Sneasler|move: Protect\n|-miss|p1b: Garchomp|p2a: Zoroark\n|\n|upkeep\n|\n|t:|1776629055\n|switch|p1a: Basculegion|Basculegion, L50, M|12/100\n|turn|6\n|\n|t:|1776629066\n|move|p2b: Sneasler|Dire Claw|p1a: Basculegion\n|-resisted|p1a: Basculegion|1\n|-damage|p1a: Basculegion|0 fnt\n|faint|p1a: Basculegion\n|-activate|p2a: Zoroark|confusion\n|move|p2a: Zoroark|Shadow Ball|p1b: Garchomp\n|-damage|p1b: Garchomp|19/100\n|move|p1b: Garchomp|Rock Slide|p2a: Zoroark|[spread] p2a,p2b\n|-resisted|p2b: Sneasler|1\n|-damage|p2a: Zoroark|0 fnt\n|-damage|p2b: Sneasler|76/100\n|faint|p2a: Zoroark\n|\n|upkeep\n|\n|t:|1776629076\n|switch|p2a: Froslass|Froslass, L50, F|100/100\n|turn|7\n|\n|t:|1776629082\n|detailschange|p2a: Froslass|Froslass-Mega, L50, F\n|-mega|p2a: Froslass|Froslass|Froslassite\n|-weather|Snowscape|[from] ability: Snow Warning|[of] p2a: Froslass\n|move|p2b: Sneasler|Close Combat|p1b: Garchomp\n|-damage|p1b: Garchomp|0 fnt\n|-unboost|p2b: Sneasler|def|1\n|-unboost|p2b: Sneasler|spd|1\n|-damage|p2b: Sneasler|64/100|[from] ability: Rough Skin|[of] p1b: Garchomp\n|faint|p1b: Garchomp\n|\n|win|melon storme\n|raw|thelllgrin's rating: 1225 &rarr; <strong>1204</strong><br />(-21 for losing)\n|raw|melon storme's rating: 1277 &rarr; <strong>1298</strong><br />(+21 for winning)\n|c|\u2606melon storme|ggs\n|l|\u2606thelllgrin\n|player|p1|\n",
  "uploadtime": 1776629095,
  "views": 14,
  "formatid": "gen9championsvgc2026regma",
  "rating": 1204,
  "private": 0,
  "password": null
}