{
  "id": "gen9championsvgc2026regma-2581600429",
  "format": "[Gen 9 Champions] VGC 2026 Reg M-A",
  "players": [
    "yuta21",
    "smooth719"
  ],
  "log": "|j|\u2606yuta21\n|j|\u2606smooth719\n|t:|1776014153\n|gametype|doubles\n|player|p1|yuta21|1|1126\n|player|p2|smooth719|petrel|1119\n|gen|9\n|tier|[Gen 9 Champions] VGC 2026 Reg M-A\n|rated|\n|rule|Species Clause: Limit one of each Pok\u00e9mon\n|rule|Item Clause: Limit 1 of each item\n|clearpoke\n|poke|p1|Arcanine, L50, M|\n|poke|p1|Rotom-Wash, L50|\n|poke|p1|Garchomp, L50, M|\n|poke|p1|Venusaur, L50, F|\n|poke|p1|Corviknight, L50, F|\n|poke|p1|Sneasler, L50, M|\n|poke|p2|Aggron, L50, F|\n|poke|p2|Salazzle, L50, F|\n|poke|p2|Tauros-Paldea-Aqua, L50, M|\n|poke|p2|Cofagrigus, L50, M|\n|poke|p2|Lycanroc-Dusk, L50, M|\n|poke|p2|Sinistcha, L50|\n|teampreview|4\nyuta21 has agreed to open team sheets.\nsmooth719 has agreed to open team sheets.\n|showteam|p1|Arcanine||SitrusBerry|Intimidate|FlareBlitz,Snarl,WillOWisp,Protect|||M|||50|]Rotom-Wash||ChoiceScarf|Levitate|HydroPump,Thunderbolt,Discharge,VoltSwitch||||||50|]Garchomp||WhiteHerb|RoughSkin|Earthquake,DragonClaw,StoneEdge,Protect|||M|||50|]Venusaur||Venusaurite|Chlorophyll|SludgeBomb,GigaDrain,LeechSeed,Protect|||F|||50|]Corviknight||Leftovers|MirrorArmor|BraveBird,IronHead,Tailwind,Protect|||F|||50|]Sneasler||FocusSash|Unburden|FakeOut,CloseCombat,DireClaw,Coaching|||M|||50|\n|showteam|p2|Aggron||Aggronite|Sturdy|BodyPress,IronDefense,SleepTalk,Rest|||F|||50|]Salazzle||ChoiceScarf|Corrosion|Toxic,SludgeWave,Overheat,DragonTail|||F|||50|]Tauros-Paldea-Aqua||MysticWater|Intimidate|RagingBull,CloseCombat,AquaJet,HighHorsepower|||M|||50|]Cofagrigus||Leftovers|Mummy|TrickRoom,DestinyBond,WillOWisp,ToxicSpikes|||M|||50|]Lycanroc-Dusk||KingsRock|ToughClaws|Accelerock,PlayRough,RockSlide,CloseCombat|||M|||50|]Sinistcha||MentalHerb|Hospitality|RagePowder,LifeDew,MatchaGotcha,StrengthSap||||||50|\n|\n|t:|1776014206\n|teamsize|p1|4\n|teamsize|p2|4\n|start\n|switch|p1a: Garchomp|Garchomp, L50, M|100/100\n|switch|p1b: Sneasler|Sneasler, L50, M|100/100\n|switch|p2a: Cofagrigus|Cofagrigus, L50, M|100/100\n|switch|p2b: Salazzle|Salazzle, L50, F|100/100\n|turn|1\n|\n|t:|1776014239\n|move|p1a: Garchomp|Protect|p1a: Garchomp\n|-singleturn|p1a: Garchomp|Protect\n|move|p1b: Sneasler|Coaching|p1a: Garchomp\n|-boost|p1a: Garchomp|atk|1\n|-boost|p1a: Garchomp|def|1\n|move|p2b: Salazzle|Dragon Tail|p1a: Garchomp\n|-activate|p1a: Garchomp|move: Protect\n|move|p2a: Cofagrigus|Trick Room|p2a: Cofagrigus\n|-fieldstart|move: Trick Room|[of] p2a: Cofagrigus\n|\n|upkeep\n|turn|2\n|\n|t:|1776014255\n|switch|p1b: Rotom|Rotom-Wash, L50|100/100\n|move|p2a: Cofagrigus|Will-O-Wisp|p1b: Rotom\n|-status|p1b: Rotom|brn\n|move|p1a: Garchomp|Earthquake|p2a: Cofagrigus|[spread] p2a,p2b\n|-immune|p1b: Rotom|[from] ability: Levitate\n|-supereffective|p2b: Salazzle|2\n|-damage|p2a: Cofagrigus|69/100\n|-damage|p2b: Salazzle|0 fnt\n|faint|p2b: Salazzle\n|\n|-heal|p2a: Cofagrigus|75/100|[from] item: Leftovers\n|-damage|p1b: Rotom|95/100 brn|[from] brn\n|upkeep\n|\n|t:|1776014266\n|switch|p2b: THE WALL|Aggron, L50, F|100/100\n|turn|3\n|\n|t:|1776014276\n|detailschange|p2b: THE WALL|Aggron-Mega, L50, F\n|-mega|p2b: THE WALL|Aggron|Aggronite\n|move|p2a: Cofagrigus|Will-O-Wisp|p1a: Garchomp\n|-status|p1a: Garchomp|brn\n|move|p2b: THE WALL|Iron Defense|p2b: THE WALL\n|-boost|p2b: THE WALL|def|2\n|move|p1a: Garchomp|Earthquake|p2b: THE WALL|[spread] p2a,p2b\n|-immune|p1b: Rotom|[from] ability: Levitate\n|-supereffective|p2b: THE WALL|1\n|-damage|p2a: Cofagrigus|57/100\n|-damage|p2b: THE WALL|90/100\n|move|p1b: Rotom|Hydro Pump|p2b: THE WALL\n|-damage|p2b: THE WALL|47/100\n|\n|-heal|p2a: Cofagrigus|64/100|[from] item: Leftovers\n|-damage|p1a: Garchomp|95/100 brn|[from] brn\n|-damage|p1b: Rotom|89/100 brn|[from] brn\n|upkeep\n|turn|4\n|\n|t:|1776014299\n|switch|p2a: Sinistcha|Sinistcha, L50|100/100\n|-heal|p2b: THE WALL|72/100|[from] ability: Hospitality|[of] p2a: Sinistcha\n|move|p2b: THE WALL|Body Press|p1b: Rotom\n|-damage|p1b: Rotom|0 fnt\n|faint|p1b: Rotom\n|move|p1a: Garchomp|Earthquake|p2a: Sinistcha|[spread] p2a,p2b\n|-resisted|p2a: Sinistcha|1\n|-supereffective|p2b: THE WALL|1\n|-damage|p2a: Sinistcha|88/100\n|-damage|p2b: THE WALL|61/100\n|\n|-damage|p1a: Garchomp|89/100 brn|[from] brn\n|upkeep\n|\n|t:|1776014309\n|switch|p1b: Venusaur|Venusaur, L50, F|100/100\n|turn|5\n|\n|t:|1776014323\n|detailschange|p1b: Venusaur|Venusaur-Mega, L50, F\n|-mega|p1b: Venusaur|Venusaur|Venusaurite\n|move|p1b: Venusaur|Protect|p1b: Venusaur\n|-singleturn|p1b: Venusaur|Protect\n|move|p2b: THE WALL|Body Press|p1a: Garchomp\n|-damage|p1a: Garchomp|35/100 brn\n|-damage|p2b: THE WALL|49/100|[from] ability: Rough Skin|[of] p1a: Garchomp\n|move|p2a: Sinistcha|Life Dew|p2a: Sinistcha|[spread] p2a,p2b\n|-heal|p2a: Sinistcha|100/100\n|-heal|p2b: THE WALL|73/100\n|move|p1a: Garchomp|Earthquake|p2b: THE WALL|[spread] p2a,p2b\n|-activate|p1b: Venusaur|move: Protect\n|-resisted|p2a: Sinistcha|1\n|-supereffective|p2b: THE WALL|1\n|-damage|p2a: Sinistcha|88/100\n|-damage|p2b: THE WALL|63/100\n|\n|-damage|p1a: Garchomp|29/100 brn|[from] brn\n|-fieldend|move: Trick Room\n|upkeep\n|turn|6\n|\n|t:|1776014342\n|switch|p2a: Cofagrigus|Cofagrigus, L50, M|64/100\n|move|p1a: Garchomp|Earthquake|p2a: Cofagrigus|[spread] p1b,p2a,p2b\n|-supereffective|p2b: THE WALL|1\n|-damage|p1b: Venusaur|79/100\n|-damage|p2a: Cofagrigus|47/100\n|-damage|p2b: THE WALL|52/100\n|move|p1b: Venusaur|Leech Seed|p2b: THE WALL\n|-start|p2b: THE WALL|move: Leech Seed\n|move|p2b: THE WALL|Body Press|p1a: Garchomp\n|-damage|p1a: Garchomp|0 fnt\n|-damage|p2b: THE WALL|39/100|[from] ability: Rough Skin|[of] p1a: Garchomp\n|faint|p1a: Garchomp\n|\n|-heal|p2a: Cofagrigus|53/100|[from] item: Leftovers\n|-damage|p2b: THE WALL|27/100|[from] Leech Seed|[of] p1b: Venusaur\n|-heal|p1b: Venusaur|90/100|[silent]\n|upkeep\n|\n|t:|1776014354\n|switch|p1a: Sneasler|Sneasler, L50, M|100/100\n|turn|7\n|\n|t:|1776014371\n|switch|p2b: Sinistcha|Sinistcha, L50|88/100\n|-heal|p2a: Cofagrigus|77/100|[from] ability: Hospitality|[of] p2b: Sinistcha\n|move|p1a: Sneasler|Close Combat|p2b: Sinistcha\n|-immune|p2b: Sinistcha\n|move|p1b: Venusaur|Giga Drain|p2a: Cofagrigus\n|-damage|p2a: Cofagrigus|37/100\n|-heal|p1b: Venusaur|100/100|[from] drain|[of] p2a: Cofagrigus\n|move|p2a: Cofagrigus|Trick Room|p2a: Cofagrigus\n|-fieldstart|move: Trick Room|[of] p2a: Cofagrigus\n|\n|-heal|p2a: Cofagrigus|44/100|[from] item: Leftovers\n|upkeep\n|turn|8\n|\n|t:|1776014389\n|move|p2a: Cofagrigus|Will-O-Wisp|p1b: Venusaur|[miss]\n|-miss|p2a: Cofagrigus|p1b: Venusaur\n|move|p2b: Sinistcha|Strength Sap|p1a: Sneasler\n|-unboost|p1a: Sneasler|atk|1\n|-heal|p2b: Sinistcha|100/100\n|move|p1b: Venusaur|Sludge Bomb|p2b: Sinistcha\n|-damage|p2b: Sinistcha|63/100\n|move|p1a: Sneasler|Dire Claw|p2b: Sinistcha\n|-damage|p2b: Sinistcha|38/100\n|\n|-heal|p2a: Cofagrigus|50/100|[from] item: Leftovers\n|upkeep\n|turn|9\n|\n|t:|1776014413\n|move|p2a: Cofagrigus|Will-O-Wisp|p1a: Sneasler|[miss]\n|-miss|p2a: Cofagrigus|p1a: Sneasler\n|move|p2b: Sinistcha|Life Dew|p2b: Sinistcha|[spread] p2a,p2b\n|-heal|p2a: Cofagrigus|74/100\n|-heal|p2b: Sinistcha|63/100\n|move|p1b: Venusaur|Leech Seed|p2a: Cofagrigus\n|-start|p2a: Cofagrigus|move: Leech Seed\n|move|p1a: Sneasler|Coaching|p1b: Venusaur\n|-boost|p1b: Venusaur|atk|1\n|-boost|p1b: Venusaur|def|1\n|\n|-heal|p2a: Cofagrigus|80/100|[from] item: Leftovers\n|-damage|p2a: Cofagrigus|68/100|[from] Leech Seed|[of] p1b: Venusaur\n|upkeep\n|turn|10\n|\n|t:|1776014430\n|move|p2a: Cofagrigus|Will-O-Wisp|p1a: Sneasler\n|-status|p1a: Sneasler|brn\n|move|p2b: Sinistcha|Matcha Gotcha|p1b: Venusaur|[spread] p1a,p1b\n|-resisted|p1a: Sneasler|1\n|-resisted|p1b: Venusaur|2\n|-damage|p1a: Sneasler|84/100 brn\n|-heal|p2b: Sinistcha|70/100|[from] drain|[of] p1a: Sneasler\n|-damage|p1b: Venusaur|96/100\n|-heal|p2b: Sinistcha|73/100|[from] drain|[of] p1b: Venusaur\n|move|p1b: Venusaur|Sludge Bomb|p2b: Sinistcha\n|-damage|p2b: Sinistcha|34/100\n|move|p1a: Sneasler|Coaching|p1b: Venusaur\n|-boost|p1b: Venusaur|atk|1\n|-boost|p1b: Venusaur|def|1\n|\n|-heal|p2a: Cofagrigus|74/100|[from] item: Leftovers\n|-damage|p2a: Cofagrigus|62/100|[from] Leech Seed|[of] p1b: Venusaur\n|-heal|p1b: Venusaur|100/100|[silent]\n|-damage|p1a: Sneasler|78/100 brn|[from] brn\n|upkeep\n|turn|11\n|\n|t:|1776014455\n|move|p2a: Cofagrigus|Will-O-Wisp|p1b: Venusaur\n|-status|p1b: Venusaur|brn\n|move|p2b: Sinistcha|Strength Sap|p1a: Sneasler\n|-unboost|p1a: Sneasler|atk|1\n|-heal|p2b: Sinistcha|100/100\n|move|p1b: Venusaur|Giga Drain|p2a: Cofagrigus\n|-damage|p2a: Cofagrigus|26/100\n|move|p1a: Sneasler|Coaching|p1b: Venusaur\n|-boost|p1b: Venusaur|atk|1\n|-boost|p1b: Venusaur|def|1\n|\n|-heal|p2a: Cofagrigus|32/100|[from] item: Leftovers\n|-damage|p2a: Cofagrigus|20/100|[from] Leech Seed|[of] p1b: Venusaur\n|-damage|p1b: Venusaur|95/100 brn|[from] brn\n|-damage|p1a: Sneasler|72/100 brn|[from] brn\n|-fieldend|move: Trick Room\n|upkeep\n|turn|12\n|\n|t:|1776014472\n|switch|p2b: THE WALL|Aggron-Mega, L50, F|27/100\n|move|p1a: Sneasler|Coaching|p1b: Venusaur\n|-boost|p1b: Venusaur|atk|1\n|-boost|p1b: Venusaur|def|1\n|move|p1b: Venusaur|Giga Drain|p2a: Cofagrigus\n|-damage|p2a: Cofagrigus|0 fnt\n|-heal|p1b: Venusaur|100/100 brn|[from] drain|[of] p2a: Cofagrigus\n|faint|p2a: Cofagrigus\n|\n|-damage|p1a: Sneasler|67/100 brn|[from] brn\n|-damage|p1b: Venusaur|95/100 brn|[from] brn\n|upkeep\n|\n|t:|1776014481\n|switch|p2a: Sinistcha|Sinistcha, L50|100/100\n|-heal|p2b: THE WALL|52/100|[from] ability: Hospitality|[of] p2a: Sinistcha\n|turn|13\n|\n|t:|1776014487\n|move|p1a: Sneasler|Close Combat|p2b: THE WALL\n|-supereffective|p2b: THE WALL|1\n|-damage|p2b: THE WALL|41/100\n|-unboost|p1a: Sneasler|def|1\n|-unboost|p1a: Sneasler|spd|1\n|move|p1b: Venusaur|Leech Seed|p2b: THE WALL\n|-start|p2b: THE WALL|move: Leech Seed\n|move|p2a: Sinistcha|Life Dew||[still]|[spread] p2a,p2b\n|-fail|p2a: Sinistcha|heal\n|-heal|p2b: THE WALL|65/100\n|move|p2b: THE WALL|Iron Defense|p2b: THE WALL\n|-boost|p2b: THE WALL|def|2\n|\n|-damage|p2b: THE WALL|53/100|[from] Leech Seed|[of] p1b: Venusaur\n|-heal|p1b: Venusaur|100/100 brn|[silent]\n|-damage|p1a: Sneasler|61/100 brn|[from] brn\n|-damage|p1b: Venusaur|95/100 brn|[from] brn\n|upkeep\n|turn|14\n|\n|t:|1776014508\n|move|p1a: Sneasler|Coaching|p1b: Venusaur\n|-boost|p1b: Venusaur|atk|1\n|-boost|p1b: Venusaur|def|1\n|move|p1b: Venusaur|Sludge Bomb|p2a: Sinistcha\n|-crit|p2a: Sinistcha\n|-damage|p2a: Sinistcha|46/100\n|move|p2a: Sinistcha|Life Dew|p2a: Sinistcha|[spread] p2a,p2b\n|-heal|p2a: Sinistcha|71/100\n|-heal|p2b: THE WALL|78/100\n|move|p2b: THE WALL|Iron Defense|p2b: THE WALL\n|-boost|p2b: THE WALL|def|2\n|\n|-damage|p2b: THE WALL|65/100|[from] Leech Seed|[of] p1b: Venusaur\n|-heal|p1b: Venusaur|100/100 brn|[silent]\n|-damage|p1a: Sneasler|55/100 brn|[from] brn\n|-damage|p1b: Venusaur|95/100 brn|[from] brn\n|upkeep\n|turn|15\n|\n|t:|1776014521\n|move|p1a: Sneasler|Close Combat|p2b: THE WALL\n|-supereffective|p2b: THE WALL|1\n|-damage|p2b: THE WALL|62/100\n|-unboost|p1a: Sneasler|def|1\n|-unboost|p1a: Sneasler|spd|1\n|move|p1b: Venusaur|Sludge Bomb|p2a: Sinistcha\n|-damage|p2a: Sinistcha|33/100\n|-status|p2a: Sinistcha|psn\n|move|p2a: Sinistcha|Life Dew|p2a: Sinistcha|[spread] p2a,p2b\n|-heal|p2a: Sinistcha|58/100 psn\n|-heal|p2b: THE WALL|86/100\n|move|p2b: THE WALL|Body Press|p1b: Venusaur\n|-resisted|p1b: Venusaur|1\n|-damage|p1b: Venusaur|81/100 brn\n|\n|-damage|p2b: THE WALL|74/100|[from] Leech Seed|[of] p1b: Venusaur\n|-heal|p1b: Venusaur|93/100 brn|[silent]\n|-damage|p2a: Sinistcha|45/100 psn|[from] psn\n|-damage|p1a: Sneasler|50/100 brn|[from] brn\n|-damage|p1b: Venusaur|87/100 brn|[from] brn\n|upkeep\n|turn|16\n|\n|t:|1776014543\n|move|p1a: Sneasler|Coaching|p1b: Venusaur\n|-boost|p1b: Venusaur|atk|1\n|-boost|p1b: Venusaur|def|1\n|move|p1b: Venusaur|Sludge Bomb|p2a: Sinistcha\n|-damage|p2a: Sinistcha|11/100 psn\n|move|p2a: Sinistcha|Life Dew|p2a: Sinistcha|[spread] p2a,p2b\n|-heal|p2a: Sinistcha|36/100 psn\n|-heal|p2b: THE WALL|99/100\n|move|p2b: THE WALL|Body Press|p1b: Venusaur\n|-resisted|p1b: Venusaur|1\n|-damage|p1b: Venusaur|76/100 brn\n|\n|-damage|p2b: THE WALL|86/100|[from] Leech Seed|[of] p1b: Venusaur\n|-heal|p1b: Venusaur|88/100 brn|[silent]\n|-damage|p2a: Sinistcha|24/100 psn|[from] psn\n|-damage|p1a: Sneasler|44/100 brn|[from] brn\n|-damage|p1b: Venusaur|82/100 brn|[from] brn\n|upkeep\n|turn|17\n|\n|t:|1776014568\n|move|p1a: Sneasler|Close Combat|p2b: THE WALL\n|-supereffective|p2b: THE WALL|1\n|-damage|p2b: THE WALL|82/100\n|-unboost|p1a: Sneasler|def|1\n|-unboost|p1a: Sneasler|spd|1\n|move|p1b: Venusaur|Sludge Bomb|p2a: Sinistcha\n|-damage|p2a: Sinistcha|0 fnt\n|faint|p2a: Sinistcha\n|move|p2b: THE WALL|Body Press|p1a: Sneasler\n|-resisted|p1a: Sneasler|1\n|-damage|p1a: Sneasler|0 fnt\n|faint|p1a: Sneasler\n|\n|-damage|p2b: THE WALL|70/100|[from] Leech Seed|[of] p1b: Venusaur\n|-heal|p1b: Venusaur|94/100 brn|[silent]\n|-damage|p1b: Venusaur|88/100 brn|[from] brn\n|upkeep\n|turn|18\n|c|\u2606smooth719|you cant outstall the wall\n|\n|t:|1776014591\n|move|p1b: Venusaur|Giga Drain|p2b: THE WALL\n|-resisted|p2b: THE WALL|1\n|-damage|p2b: THE WALL|56/100\n|-heal|p1b: Venusaur|94/100 brn|[from] drain|[of] p2b: THE WALL\n|move|p2b: THE WALL|Body Press|p1b: Venusaur\n|-resisted|p1b: Venusaur|1\n|-damage|p1b: Venusaur|83/100 brn\n|\n|-damage|p2b: THE WALL|44/100|[from] Leech Seed|[of] p1b: Venusaur\n|-heal|p1b: Venusaur|95/100 brn|[silent]\n|-damage|p1b: Venusaur|89/100 brn|[from] brn\n|upkeep\n|turn|19\n|\n|t:|1776014610\n|move|p1b: Venusaur|Giga Drain|p2b: THE WALL\n|-resisted|p2b: THE WALL|1\n|-damage|p2b: THE WALL|29/100\n|-heal|p1b: Venusaur|97/100 brn|[from] drain|[of] p2b: THE WALL\n|move|p2b: THE WALL|Rest|p2b: THE WALL\n|-status|p2b: THE WALL|slp|[from] move: Rest\n|-heal|p2b: THE WALL|100/100 slp|[silent]\n|\n|-damage|p2b: THE WALL|88/100 slp|[from] Leech Seed|[of] p1b: Venusaur\n|-heal|p1b: Venusaur|100/100 brn|[silent]\n|-damage|p1b: Venusaur|95/100 brn|[from] brn\n|upkeep\n|turn|20\n|\n|t:|1776014615\n|move|p1b: Venusaur|Giga Drain|p2b: THE WALL\n|-resisted|p2b: THE WALL|1\n|-damage|p2b: THE WALL|73/100 slp\n|-heal|p1b: Venusaur|100/100 brn|[from] drain|[of] p2b: THE WALL\n|cant|p2b: THE WALL|slp\n|move|p2b: THE WALL|Sleep Talk|p2b: THE WALL\n|move|p2b: THE WALL|Rest||[from] move: Sleep Talk|[still]\n|-fail|p2b: THE WALL\n|\n|-damage|p2b: THE WALL|60/100 slp|[from] Leech Seed|[of] p1b: Venusaur\n|-damage|p1b: Venusaur|95/100 brn|[from] brn\n|upkeep\n|turn|21\n|\n|t:|1776014622\n|move|p1b: Venusaur|Giga Drain|p2b: THE WALL\n|-resisted|p2b: THE WALL|1\n|-damage|p2b: THE WALL|47/100 slp\n|-heal|p1b: Venusaur|100/100 brn|[from] drain|[of] p2b: THE WALL\n|cant|p2b: THE WALL|slp\n|move|p2b: THE WALL|Sleep Talk|p2b: THE WALL\n|move|p2b: THE WALL|Body Press|p1b: Venusaur|[from] move: Sleep Talk\n|-resisted|p1b: Venusaur|1\n|-damage|p1b: Venusaur|90/100 brn\n|\n|-damage|p2b: THE WALL|34/100 slp|[from] Leech Seed|[of] p1b: Venusaur\n|-heal|p1b: Venusaur|100/100 brn|[silent]\n|-damage|p1b: Venusaur|95/100 brn|[from] brn\n|upkeep\n|turn|22\n|\n|t:|1776014632\n|move|p1b: Venusaur|Giga Drain|p2b: THE WALL\n|-resisted|p2b: THE WALL|1\n|-damage|p2b: THE WALL|19/100 slp\n|-heal|p1b: Venusaur|100/100 brn|[from] drain|[of] p2b: THE WALL\n|-curestatus|p2b: THE WALL|slp|[msg]\n|move|p2b: THE WALL|Rest|p2b: THE WALL\n|-status|p2b: THE WALL|slp|[from] move: Rest\n|-heal|p2b: THE WALL|100/100 slp|[silent]\n|\n|-damage|p2b: THE WALL|88/100 slp|[from] Leech Seed|[of] p1b: Venusaur\n|-damage|p1b: Venusaur|95/100 brn|[from] brn\n|upkeep\n|turn|23\n|\n|t:|1776014641\n|move|p1b: Venusaur|Giga Drain|p2b: THE WALL\n|-resisted|p2b: THE WALL|1\n|-damage|p2b: THE WALL|72/100 slp\n|-heal|p1b: Venusaur|100/100 brn|[from] drain|[of] p2b: THE WALL\n|cant|p2b: THE WALL|slp\n|move|p2b: THE WALL|Sleep Talk|p2b: THE WALL\n|move|p2b: THE WALL|Rest||[from] move: Sleep Talk|[still]\n|-fail|p2b: THE WALL\n|\n|-damage|p2b: THE WALL|60/100 slp|[from] Leech Seed|[of] p1b: Venusaur\n|-damage|p1b: Venusaur|95/100 brn|[from] brn\n|upkeep\n|turn|24\n|\n|t:|1776014648\n|move|p1b: Venusaur|Giga Drain|p2b: THE WALL\n|-resisted|p2b: THE WALL|1\n|-damage|p2b: THE WALL|45/100 slp\n|-heal|p1b: Venusaur|100/100 brn|[from] drain|[of] p2b: THE WALL\n|cant|p2b: THE WALL|slp\n|move|p2b: THE WALL|Sleep Talk|p2b: THE WALL\n|move|p2b: THE WALL|Iron Defense|p2b: THE WALL|[from] move: Sleep Talk\n|-boost|p2b: THE WALL|def|2\n|\n|-damage|p2b: THE WALL|33/100 slp|[from] Leech Seed|[of] p1b: Venusaur\n|-damage|p1b: Venusaur|95/100 brn|[from] brn\n|upkeep\n|turn|25\n|\n|t:|1776014657\n|move|p1b: Venusaur|Giga Drain|p2b: THE WALL\n|-resisted|p2b: THE WALL|1\n|-damage|p2b: THE WALL|17/100 slp\n|-heal|p1b: Venusaur|100/100 brn|[from] drain|[of] p2b: THE WALL\n|-curestatus|p2b: THE WALL|slp|[msg]\n|move|p2b: THE WALL|Rest|p2b: THE WALL\n|-status|p2b: THE WALL|slp|[from] move: Rest\n|-heal|p2b: THE WALL|100/100 slp|[silent]\n|\n|-damage|p2b: THE WALL|88/100 slp|[from] Leech Seed|[of] p1b: Venusaur\n|-damage|p1b: Venusaur|95/100 brn|[from] brn\n|upkeep\n|turn|26\n|c|\u2606yuta21|bro i just need a crit wtf\n|c|\u2606yuta21|0 crit in all game\n|\n|t:|1776014671\n|move|p1b: Venusaur|Giga Drain|p2b: THE WALL\n|-resisted|p2b: THE WALL|1\n|-damage|p2b: THE WALL|72/100 slp\n|-heal|p1b: Venusaur|100/100 brn|[from] drain|[of] p2b: THE WALL\n|cant|p2b: THE WALL|slp\n|move|p2b: THE WALL|Sleep Talk|p2b: THE WALL\n|move|p2b: THE WALL|Body Press|p1b: Venusaur|[from] move: Sleep Talk\n|-resisted|p1b: Venusaur|1\n|-damage|p1b: Venusaur|86/100 brn\n|\n|-damage|p2b: THE WALL|60/100 slp|[from] Leech Seed|[of] p1b: Venusaur\n|-heal|p1b: Venusaur|97/100 brn|[silent]\n|-damage|p1b: Venusaur|91/100 brn|[from] brn\n|upkeep\n|turn|27\n|\n|t:|1776014681\n|move|p1b: Venusaur|Sludge Bomb|p2b: THE WALL\n|-immune|p2b: THE WALL\n|cant|p2b: THE WALL|slp\n|move|p2b: THE WALL|Sleep Talk|p2b: THE WALL\n|move|p2b: THE WALL|Rest||[from] move: Sleep Talk|[still]\n|-fail|p2b: THE WALL\n|\n|-damage|p2b: THE WALL|47/100 slp|[from] Leech Seed|[of] p1b: Venusaur\n|-heal|p1b: Venusaur|100/100 brn|[silent]\n|-damage|p1b: Venusaur|95/100 brn|[from] brn\n|upkeep\n|turn|28\n|inactive|Battle timer is ON: inactive players will automatically lose when time's up. (requested by smooth719)\n|\n|t:|1776014689\n|move|p1b: Venusaur|Sludge Bomb|p2b: THE WALL\n|-immune|p2b: THE WALL\n|-curestatus|p2b: THE WALL|slp|[msg]\n|move|p2b: THE WALL|Sleep Talk||[still]\n|-fail|p2b: THE WALL\n|\n|-damage|p2b: THE WALL|35/100|[from] Leech Seed|[of] p1b: Venusaur\n|-heal|p1b: Venusaur|100/100 brn|[silent]\n|-damage|p1b: Venusaur|95/100 brn|[from] brn\n|upkeep\n|turn|29\n|\n|t:|1776014695\n|move|p1b: Venusaur|Protect|p1b: Venusaur\n|-singleturn|p1b: Venusaur|Protect\n|move|p2b: THE WALL|Rest|p2b: THE WALL\n|-status|p2b: THE WALL|slp|[from] move: Rest\n|-heal|p2b: THE WALL|100/100 slp|[silent]\n|\n|-damage|p2b: THE WALL|88/100 slp|[from] Leech Seed|[of] p1b: Venusaur\n|-heal|p1b: Venusaur|100/100 brn|[silent]\n|-damage|p1b: Venusaur|95/100 brn|[from] brn\n|upkeep\n|turn|30\n|\n|t:|1776014701\n|move|p1b: Venusaur|Leech Seed||[still]\n|-fail|p1b: Venusaur\n|cant|p2b: THE WALL|slp\n|move|p2b: THE WALL|Sleep Talk|p2b: THE WALL\n|move|p2b: THE WALL|Iron Defense|p2b: THE WALL|[from] move: Sleep Talk\n|-boost|p2b: THE WALL|def|0\n|\n|-damage|p2b: THE WALL|76/100 slp|[from] Leech Seed|[of] p1b: Venusaur\n|-heal|p1b: Venusaur|100/100 brn|[silent]\n|-damage|p1b: Venusaur|95/100 brn|[from] brn\n|upkeep\n|turn|31\n|\n|t:|1776014715\n|move|p1b: Venusaur|Leech Seed||[still]\n|-fail|p1b: Venusaur\n|cant|p2b: THE WALL|slp\n|move|p2b: THE WALL|Sleep Talk|p2b: THE WALL\n|move|p2b: THE WALL|Rest||[from] move: Sleep Talk|[still]\n|-fail|p2b: THE WALL\n|\n|-damage|p2b: THE WALL|63/100 slp|[from] Leech Seed|[of] p1b: Venusaur\n|-heal|p1b: Venusaur|100/100 brn|[silent]\n|-damage|p1b: Venusaur|95/100 brn|[from] brn\n|upkeep\n|turn|32\n|\n|t:|1776014729\n|move|p1b: Venusaur|Leech Seed|p2b: THE WALL|[miss]\n|-miss|p1b: Venusaur|p2b: THE WALL\n|-curestatus|p2b: THE WALL|slp|[msg]\n|move|p2b: THE WALL|Body Press|p1b: Venusaur\n|-resisted|p1b: Venusaur|1\n|-damage|p1b: Venusaur|79/100 brn\n|\n|-damage|p2b: THE WALL|51/100|[from] Leech Seed|[of] p1b: Venusaur\n|-heal|p1b: Venusaur|91/100 brn|[silent]\n|-damage|p1b: Venusaur|85/100 brn|[from] brn\n|upkeep\n|turn|33\n|\n|t:|1776014751\n|move|p1b: Venusaur|Leech Seed||[still]\n|-fail|p1b: Venusaur\n|move|p2b: THE WALL|Iron Defense|p2b: THE WALL\n|-boost|p2b: THE WALL|def|0\n|\n|-damage|p2b: THE WALL|38/100|[from] Leech Seed|[of] p1b: Venusaur\n|-heal|p1b: Venusaur|97/100 brn|[silent]\n|-damage|p1b: Venusaur|91/100 brn|[from] brn\n|upkeep\n|turn|34\n|\n|t:|1776014759\n|move|p1b: Venusaur|Sludge Bomb|p2b: THE WALL\n|-immune|p2b: THE WALL\n|move|p2b: THE WALL|Rest|p2b: THE WALL\n|-status|p2b: THE WALL|slp|[from] move: Rest\n|-heal|p2b: THE WALL|100/100 slp|[silent]\n|\n|-damage|p2b: THE WALL|88/100 slp|[from] Leech Seed|[of] p1b: Venusaur\n|-heal|p1b: Venusaur|100/100 brn|[silent]\n|-damage|p1b: Venusaur|95/100 brn|[from] brn\n|upkeep\n|turn|35\n|\n|t:|1776014770\n|move|p1b: Venusaur|Sludge Bomb|p2b: THE WALL\n|-immune|p2b: THE WALL\n|cant|p2b: THE WALL|slp\n|move|p2b: THE WALL|Sleep Talk|p2b: THE WALL\n|move|p2b: THE WALL|Iron Defense|p2b: THE WALL|[from] move: Sleep Talk\n|-boost|p2b: THE WALL|def|0\n|\n|-damage|p2b: THE WALL|76/100 slp|[from] Leech Seed|[of] p1b: Venusaur\n|-heal|p1b: Venusaur|100/100 brn|[silent]\n|-damage|p1b: Venusaur|95/100 brn|[from] brn\n|upkeep\n|turn|36\n|\n|t:|1776014780\n|move|p1b: Venusaur|Sludge Bomb|p2b: THE WALL\n|-immune|p2b: THE WALL\n|cant|p2b: THE WALL|slp\n|move|p2b: THE WALL|Sleep Talk|p2b: THE WALL\n|move|p2b: THE WALL|Body Press|p1b: Venusaur|[from] move: Sleep Talk\n|-resisted|p1b: Venusaur|1\n|-damage|p1b: Venusaur|80/100 brn\n|\n|-damage|p2b: THE WALL|63/100 slp|[from] Leech Seed|[of] p1b: Venusaur\n|-heal|p1b: Venusaur|91/100 brn|[silent]\n|-damage|p1b: Venusaur|86/100 brn|[from] brn\n|upkeep\n|turn|37\n|inactive|smooth719 has 30 seconds left.\n|\n|t:|1776014806\n|move|p1b: Venusaur|Sludge Bomb|p2b: THE WALL\n|-immune|p2b: THE WALL\n|-curestatus|p2b: THE WALL|slp|[msg]\n|move|p2b: THE WALL|Body Press|p1b: Venusaur\n|-resisted|p1b: Venusaur|1\n|-damage|p1b: Venusaur|71/100 brn\n|\n|-damage|p2b: THE WALL|51/100|[from] Leech Seed|[of] p1b: Venusaur\n|-heal|p1b: Venusaur|82/100 brn|[silent]\n|-damage|p1b: Venusaur|76/100 brn|[from] brn\n|upkeep\n|turn|38\n|inactive|yuta21 has 30 seconds left.\n|inactive|yuta21 has 20 seconds left.\n|inactive|yuta21 has 15 seconds left.\n|\n|t:|1776014851\n|move|p1b: Venusaur|Leech Seed||[still]\n|-fail|p1b: Venusaur\n|move|p2b: THE WALL|Body Press|p1b: Venusaur\n|-resisted|p1b: Venusaur|1\n|-damage|p1b: Venusaur|62/100 brn\n|\n|-damage|p2b: THE WALL|38/100|[from] Leech Seed|[of] p1b: Venusaur\n|-heal|p1b: Venusaur|74/100 brn|[silent]\n|-damage|p1b: Venusaur|68/100 brn|[from] brn\n|upkeep\n|turn|39\n|\n|t:|1776014862\n|move|p1b: Venusaur|Protect|p1b: Venusaur\n|-singleturn|p1b: Venusaur|Protect\n|move|p2b: THE WALL|Rest|p2b: THE WALL\n|-status|p2b: THE WALL|slp|[from] move: Rest\n|-heal|p2b: THE WALL|100/100 slp|[silent]\n|\n|-damage|p2b: THE WALL|88/100 slp|[from] Leech Seed|[of] p1b: Venusaur\n|-heal|p1b: Venusaur|80/100 brn|[silent]\n|-damage|p1b: Venusaur|74/100 brn|[from] brn\n|upkeep\n|turn|40\n|\n|t:|1776014870\n|move|p1b: Venusaur|Leech Seed||[still]\n|-fail|p1b: Venusaur\n|cant|p2b: THE WALL|slp\n|\n|-damage|p2b: THE WALL|76/100 slp|[from] Leech Seed|[of] p1b: Venusaur\n|-heal|p1b: Venusaur|86/100 brn|[silent]\n|-damage|p1b: Venusaur|80/100 brn|[from] brn\n|upkeep\n|turn|41\n|\n|t:|1776014876\n|move|p1b: Venusaur|Protect|p1b: Venusaur\n|-singleturn|p1b: Venusaur|Protect\n|cant|p2b: THE WALL|slp\n|\n|-damage|p2b: THE WALL|63/100 slp|[from] Leech Seed|[of] p1b: Venusaur\n|-heal|p1b: Venusaur|91/100 brn|[silent]\n|-damage|p1b: Venusaur|86/100 brn|[from] brn\n|upkeep\n|turn|42\n|\n|t:|1776014883\n|move|p1b: Venusaur|Leech Seed||[still]\n|-fail|p1b: Venusaur\n|-curestatus|p2b: THE WALL|slp|[msg]\n|move|p2b: THE WALL|Body Press|p1b: Venusaur\n|-resisted|p1b: Venusaur|1\n|-crit|p1b: Venusaur\n|-damage|p1b: Venusaur|0 fnt\n|faint|p1b: Venusaur\n|\n|win|smooth719\n|raw|yuta21's rating: 1126 &rarr; <strong>1100</strong><br />(-26 for losing)\n|raw|smooth719's rating: 1119 &rarr; <strong>1145</strong><br />(+26 for winning)\n|c|\u2606smooth719|lol\n|c|\u2606smooth719|gg\n|c|\u2606yuta21|haha\n|c|\u2606yuta21|gg\n",
  "uploadtime": 1776014903,
  "views": 15,
  "formatid": "gen9championsvgc2026regma",
  "rating": 1100,
  "private": 0,
  "password": null
}