{
  "id": "gen9championsvgc2026regma-2584862815",
  "format": "[Gen 9 Champions] VGC 2026 Reg M-A",
  "players": [
    "jiren2026",
    "Missed Ledgedash"
  ],
  "log": "|j|\u2606jiren2026\n|j|\u2606Missed Ledgedash\n|t:|1776289592\n|gametype|doubles\n|player|p1|jiren2026|102|1082\n|player|p2|Missed Ledgedash|juan-gen3|1172\n|gen|9\n|tier|[Gen 9 Champions] VGC 2026 Reg M-A\n|rated|\n|rule|Species Clause: Limit one of each Pok\u00e9mon\n|rule|Item Clause: Limit 1 of each item\n|clearpoke\n|poke|p1|Charizard, L50, F|\n|poke|p1|Venusaur, L50, F|\n|poke|p1|Sableye, L50, F|\n|poke|p1|Sneasler, L50, F|\n|poke|p1|Aerodactyl, L50, F|\n|poke|p1|Hydreigon, L50, F|\n|poke|p2|Incineroar, L50, M|\n|poke|p2|Gengar, L50, F|\n|poke|p2|Gyarados, L50, M|\n|poke|p2|Tyranitar, L50, M|\n|poke|p2|Sneasler, L50, M|\n|poke|p2|Excadrill, L50, M|\n|teampreview|4\n|inactive|Battle timer is ON: inactive players will automatically lose when time's up. (requested by jiren2026)\n|\n|t:|1776289629\n|teamsize|p1|4\n|teamsize|p2|4\n|start\n|switch|p1a: Sneasler|Sneasler, L50, F|100/100\n|switch|p1b: Sableye|Sableye, L50, F|100/100\n|switch|p2a: Incineroar|Incineroar, L50, M|100/100\n|switch|p2b: Gengar|Gengar, L50, F|100/100\n|-ability|p2a: Incineroar|Intimidate|boost\n|-unboost|p1a: Sneasler|atk|1\n|-unboost|p1b: Sableye|atk|1\n|-enditem|p1a: Sneasler|White Herb\n|-clearnegativeboost|p1a: Sneasler|[silent]\n|turn|1\n|\n|t:|1776289644\n|detailschange|p2b: Gengar|Gengar-Mega, L50, F\n|-mega|p2b: Gengar|Gengar|Gengarite\n|move|p1a: Sneasler|Upper Hand|p2a: Incineroar\n|-supereffective|p2a: Incineroar|1\n|-damage|p2a: Incineroar|49/100\n|cant|p2a: Incineroar|flinch\n|move|p2b: Gengar|Shadow Ball|p1a: Sneasler\n|-damage|p1a: Sneasler|34/100\n|move|p1b: Sableye|Foul Play|p2b: Gengar\n|-supereffective|p2b: Gengar|1\n|-damage|p2b: Gengar|51/100\n|\n|upkeep\n|turn|2\n|\n|t:|1776289660\n|move|p1a: Sneasler|Close Combat|p2a: Incineroar\n|-supereffective|p2a: Incineroar|1\n|-damage|p2a: Incineroar|0 fnt\n|-unboost|p1a: Sneasler|def|1\n|-unboost|p1a: Sneasler|spd|1\n|faint|p2a: Incineroar\n|move|p2b: Gengar|Shadow Ball|p1a: Sneasler\n|-damage|p1a: Sneasler|0 fnt\n|faint|p1a: Sneasler\n|move|p1b: Sableye|Foul Play|p2b: Gengar\n|-supereffective|p2b: Gengar|1\n|-damage|p2b: Gengar|0 fnt\n|faint|p2b: Gengar\n|\n|upkeep\n|inactive|jiren2026 has 30 seconds left.\n|\n|t:|1776289685\n|switch|p2b: Gyarados|Gyarados, L50, M|100/100\n|switch|p1a: Charizard|Charizard, L50, F|100/100\n|switch|p2a: Tyranitar|Tyranitar, L50, M|100/100\n|-ability|p2b: Gyarados|Intimidate|boost\n|-unboost|p1a: Charizard|atk|1\n|-unboost|p1b: Sableye|atk|1\n|-weather|Sandstorm|[from] ability: Sand Stream|[of] p2a: Tyranitar\n|turn|3\n|\n|t:|1776289700\n|detailschange|p1a: Charizard|Charizard-Mega-Y, L50, F\n|-mega|p1a: Charizard|Charizard|Charizardite Y\n|-weather|SunnyDay|[from] ability: Drought|[of] p1a: Charizard\n|move|p2a: Tyranitar|Protect|p2a: Tyranitar\n|-singleturn|p2a: Tyranitar|Protect\n|move|p1a: Charizard|Solar Beam||[still]\n|-prepare|p1a: Charizard|Solar Beam\n|-anim|p1a: Charizard|Solar Beam|p2a: Tyranitar\n|-activate|p2a: Tyranitar|move: Protect\n|move|p2b: Gyarados|Thunder Wave|p1a: Charizard\n|-status|p1a: Charizard|par\n|move|p1b: Sableye|Foul Play|p2a: Tyranitar\n|-activate|p2a: Tyranitar|move: Protect\n|\n|-weather|SunnyDay|[upkeep]\n|upkeep\n|turn|4\n|\n|t:|1776289715\n|move|p1b: Sableye|Quash|p2a: Tyranitar\n|-hint|Since gen 7, Dark is immune to Prankster moves.\n|-immune|p2a: Tyranitar\n|move|p2b: Gyarados|Waterfall|p1a: Charizard\n|-supereffective|p1a: Charizard|1\n|-damage|p1a: Charizard|47/100 par\n|move|p2a: Tyranitar|Rock Slide|p1a: Charizard|[spread] p1a,p1b\n|-supereffective|p1a: Charizard|2\n|-damage|p1a: Charizard|0 fnt\n|-damage|p1b: Sableye|52/100\n|faint|p1a: Charizard\n|\n|-weather|SunnyDay|[upkeep]\n|upkeep\n|\n|t:|1776289726\n|switch|p1a: Hydreigon|Hydreigon, L50, F|100/100\n|turn|5\n|\n|t:|1776289737\n|move|p2a: Tyranitar|Protect|p2a: Tyranitar\n|-singleturn|p2a: Tyranitar|Protect\n|move|p1a: Hydreigon|Draco Meteor|p2b: Gyarados\n|-damage|p2b: Gyarados|28/100\n|-unboost|p1a: Hydreigon|spa|2\n|-enditem|p2b: Gyarados|Sitrus Berry|[eat]\n|-heal|p2b: Gyarados|52/100|[from] item: Sitrus Berry\n|move|p2b: Gyarados|Thunder Wave|p1a: Hydreigon\n|-status|p1a: Hydreigon|par\n|move|p1b: Sableye|Foul Play|p2b: Gyarados\n|-damage|p2b: Gyarados|0 fnt\n|faint|p2b: Gyarados\n|\n|-weather|SunnyDay|[upkeep]\n|upkeep\n|turn|6\n|\n|t:|1776289749\n|move|p1a: Hydreigon|Draco Meteor|p2a: Tyranitar\n|-damage|p2a: Tyranitar|70/100\n|-unboost|p1a: Hydreigon|spa|2\n|move|p2a: Tyranitar|Rock Slide|p1a: Hydreigon|[spread] p1a,p1b\n|-damage|p1a: Hydreigon|62/100 par\n|-damage|p1b: Sableye|6/100\n|-enditem|p1b: Sableye|Sitrus Berry|[eat]\n|-heal|p1b: Sableye|31/100|[from] item: Sitrus Berry\n|cant|p1b: Sableye|flinch\n|\n|-weather|SunnyDay|[upkeep]\n|upkeep\n|turn|7\n|\n|t:|1776289760\n|move|p1a: Hydreigon|Draco Meteor|p2a: Tyranitar\n|-damage|p2a: Tyranitar|48/100\n|-unboost|p1a: Hydreigon|spa|2\n|move|p2a: Tyranitar|Rock Slide|p1b: Sableye|[spread] p1a,p1b\n|-damage|p1a: Hydreigon|23/100 par\n|-damage|p1b: Sableye|0 fnt\n|faint|p1b: Sableye\n|\n|-weather|none\n|upkeep\n|turn|8\n|\n|t:|1776289768\n|move|p1a: Hydreigon|Draco Meteor|p2a: Tyranitar\n|-damage|p2a: Tyranitar|32/100\n|move|p2a: Tyranitar|Low Kick|p1a: Hydreigon\n|-supereffective|p1a: Hydreigon|1\n|-damage|p1a: Hydreigon|0 fnt\n|faint|p1a: Hydreigon\n|\n|win|Missed Ledgedash\n|raw|jiren2026's rating: 1082 &rarr; <strong>1065</strong><br />(-17 for losing)\n|raw|Missed Ledgedash's rating: 1172 &rarr; <strong>1191</strong><br />(+19 for winning)\n",
  "uploadtime": 1776289768,
  "views": 18,
  "formatid": "gen9championsvgc2026regma",
  "rating": 1065,
  "private": 0,
  "password": null
}