{
  "id": "gen9championsvgc2026regma-2584915841",
  "format": "[Gen 9 Champions] VGC 2026 Reg M-A",
  "players": [
    "condors anoose",
    "Pevar_8"
  ],
  "log": "|j|\u2606condors anoose\n|j|\u2606Pevar_8\n|t:|1776294197\n|gametype|doubles\n|player|p1|condors anoose|2|1000\n|player|p2|Pevar_8|266|1098\n|gen|9\n|tier|[Gen 9 Champions] VGC 2026 Reg M-A\n|rated|\n|rule|Species Clause: Limit one of each Pok\u00e9mon\n|rule|Item Clause: Limit 1 of each item\n|clearpoke\n|poke|p1|Garchomp, L50, M|\n|poke|p1|Aerodactyl, L50, F|\n|poke|p1|Venusaur, L50, M|\n|poke|p1|Torkoal, L50, F|\n|poke|p1|Kingambit, L50, M|\n|poke|p1|Basculegion-F, L50, F|\n|poke|p2|Incineroar, L50, F|\n|poke|p2|Gengar, L50, M|\n|poke|p2|Kingambit, L50, M|\n|poke|p2|Corviknight, L50, M|\n|poke|p2|Maushold, L50|\n|poke|p2|Ninetales-Alola, L50, M|\n|teampreview|4\n|inactive|Battle timer is ON: inactive players will automatically lose when time's up. (requested by condors anoose)\n|\n|t:|1776294224\n|teamsize|p1|4\n|teamsize|p2|4\n|start\n|switch|p1a: Torkoal|Torkoal, L50, F|100/100\n|switch|p1b: Basculegion|Basculegion-F, L50, F|100/100\n|switch|p2a: Gengar|Gengar, L50, M, shiny|100/100\n|switch|p2b: Maushold|Maushold, L50|100/100\n|-weather|SunnyDay|[from] ability: Drought|[of] p1a: Torkoal\n|turn|1\n|inactive|Pevar_8 has 30 seconds left.\n|\n|t:|1776294250\n|switch|p1b: Aerodactyl|Aerodactyl, L50, F|100/100\n|-ability|p1b: Aerodactyl|Unnerve\n|detailschange|p2a: Gengar|Gengar-Mega, L50, M, shiny\n|-mega|p2a: Gengar|Gengar|Gengarite\n|move|p2b: Maushold|Follow Me|p2b: Maushold\n|-singleturn|p2b: Maushold|move: Follow Me\n|move|p2a: Gengar|Perish Song|p2a: Gengar\n|-start|p1a: Torkoal|perish3|[silent]\n|-start|p1b: Aerodactyl|perish3|[silent]\n|-start|p2a: Gengar|perish3|[silent]\n|-start|p2b: Maushold|perish3|[silent]\n|-fieldactivate|move: Perish Song\n|move|p1a: Torkoal|Eruption|p2b: Maushold|[spread] p2a,p2b\n|-damage|p2a: Gengar|49/100\n|-damage|p2b: Maushold|14/100\n|\n|-weather|SunnyDay|[upkeep]\n|-start|p2b: Maushold|perish3\n|-start|p1b: Aerodactyl|perish3\n|-start|p2a: Gengar|perish3\n|-start|p1a: Torkoal|perish3\n|upkeep\n|turn|2\n|inactive|Pevar_8 has 30 seconds left.\n|\n|t:|1776294276\n|switch|p2b: Ninetales|Ninetales-Alola, L50, M|100/100\n|-weather|Snowscape|[from] ability: Snow Warning|[of] p2b: Ninetales\n|detailschange|p1b: Aerodactyl|Aerodactyl-Mega, L50, F\n|-mega|p1b: Aerodactyl|Aerodactyl|Aerodactylite\n|move|p1b: Aerodactyl|Rock Slide|p2b: Ninetales|[spread] p2b\n|-miss|p1b: Aerodactyl|p2a: Gengar\n|-supereffective|p2b: Ninetales|1\n|-damage|p2b: Ninetales|48/100\n|move|p2a: Gengar|Disable|p1a: Torkoal\n|-start|p1a: Torkoal|Disable|Eruption\n|cant|p1a: Torkoal|Disable|Eruption\n|\n|-weather|Snowscape|[upkeep]\n|-start|p1b: Aerodactyl|perish2\n|-start|p2a: Gengar|perish2\n|-start|p1a: Torkoal|perish2\n|upkeep\n|turn|3\n|inactive|Pevar_8 has 30 seconds left.\n|\n|t:|1776294308\n|move|p2a: Gengar|Protect|p2a: Gengar\n|-singleturn|p2a: Gengar|Protect\n|move|p2b: Ninetales|Protect|p2b: Ninetales\n|-singleturn|p2b: Ninetales|Protect\n|move|p1b: Aerodactyl|Rock Slide|p2b: Ninetales|[spread] \n|-activate|p2a: Gengar|move: Protect\n|-activate|p2b: Ninetales|move: Protect\n|move|p1a: Torkoal|Heat Wave|p2b: Ninetales|[spread] \n|-activate|p2a: Gengar|move: Protect\n|-activate|p2b: Ninetales|move: Protect\n|\n|-weather|Snowscape|[upkeep]\n|-start|p1b: Aerodactyl|perish1\n|-start|p2a: Gengar|perish1\n|-start|p1a: Torkoal|perish1\n|upkeep\n|turn|4\n|\n|t:|1776294328\n|switch|p2a: Maushold|Maushold, L50|14/100\n|move|p1b: Aerodactyl|Tailwind|p1b: Aerodactyl\n|-sidestart|p1: condors anoose|move: Tailwind\n|move|p2b: Ninetales|Aurora Veil|p2b: Ninetales\n|-sidestart|p2: Pevar_8|move: Aurora Veil\n|move|p1a: Torkoal|Heat Wave|p2b: Ninetales|[spread] p2a,p2b\n|-supereffective|p2b: Ninetales|1\n|-enditem|p2b: Ninetales|Occa Berry|[eat]\n|-enditem|p2b: Ninetales|Occa Berry|[weaken]\n|-damage|p2a: Maushold|0 fnt\n|-damage|p2b: Ninetales|34/100\n|faint|p2a: Maushold\n|\n|-weather|Snowscape|[upkeep]\n|-start|p1b: Aerodactyl|perish0\n|-start|p1a: Torkoal|perish0\n|faint|p1b: Aerodactyl\n|faint|p1a: Torkoal\n|upkeep\n|\n|t:|1776294341\n|switch|p1b: Kingambit|Kingambit, L50, M|100/100\n|switch|p2a: Gengar|Gengar-Mega, L50, M, shiny|49/100\n|switch|p1a: Basculegion|Basculegion-F, L50, F|100/100\n|turn|5\n|inactive|Pevar_8 has 30 seconds left.\n|inactive|condors anoose has 30 seconds left.\n|inactive|Pevar_8 has 20 seconds left.\n|inactive|Pevar_8 has 15 seconds left.\n|\n|t:|1776294384\n|move|p1b: Kingambit|Sucker Punch||[still]\n|-fail|p1b: Kingambit\n|move|p1a: Basculegion|Muddy Water|p2b: Ninetales|[spread] p2a,p2b\n|-damage|p2a: Gengar|20/100\n|-damage|p2b: Ninetales|5/100\n|-unboost|p2a: Gengar|accuracy|1\n|move|p2a: Gengar|Perish Song|p2a: Gengar\n|-start|p1a: Basculegion|perish3|[silent]\n|-start|p1b: Kingambit|perish3|[silent]\n|-start|p2a: Gengar|perish3|[silent]\n|-start|p2b: Ninetales|perish3|[silent]\n|-fieldactivate|move: Perish Song\n|move|p2b: Ninetales|Encore|p1a: Basculegion\n|-start|p1a: Basculegion|Encore\n|\n|-weather|Snowscape|[upkeep]\n|-start|p1a: Basculegion|perish3\n|-start|p2a: Gengar|perish3\n|-start|p2b: Ninetales|perish3\n|-start|p1b: Kingambit|perish3\n|upkeep\n|turn|6\n|\n|t:|1776294407\n|move|p2a: Gengar|Protect|p2a: Gengar\n|-singleturn|p2a: Gengar|Protect\n|move|p2b: Ninetales|Protect|p2b: Ninetales\n|-singleturn|p2b: Ninetales|Protect\n|move|p1b: Kingambit|Sucker Punch||[still]\n|-fail|p1b: Kingambit\n|move|p1a: Basculegion|Muddy Water|p2a: Gengar|[spread] \n|-activate|p2a: Gengar|move: Protect\n|-activate|p2b: Ninetales|move: Protect\n|\n|-weather|none\n|-start|p1a: Basculegion|perish2\n|-start|p2a: Gengar|perish2\n|-start|p2b: Ninetales|perish2\n|-start|p1b: Kingambit|perish2\n|upkeep\n|turn|7\n|inactive|Pevar_8 has 30 seconds left.\n|\n|t:|1776294434\n|move|p1b: Kingambit|Sucker Punch||[still]\n|-fail|p1b: Kingambit\n|move|p1a: Basculegion|Muddy Water|p2a: Gengar|[spread] p2b\n|-miss|p1a: Basculegion|p2a: Gengar\n|-damage|p2b: Ninetales|0 fnt\n|faint|p2b: Ninetales\n|move|p2a: Gengar|Disable|p1a: Basculegion\n|-start|p1a: Basculegion|Disable|Muddy Water\n|\n|-start|p1a: Basculegion|perish1\n|-start|p2a: Gengar|perish1\n|-start|p1b: Kingambit|perish1\n|-sideend|p1: condors anoose|move: Tailwind\n|upkeep\n|\n|t:|1776294447\n|switch|p2b: Kingambit|Kingambit, L50, M|100/100\n|turn|8\n|\n|t:|1776294454\n|move|p2a: Gengar|Protect|p2a: Gengar\n|-singleturn|p2a: Gengar|Protect\n|move|p2b: Kingambit|Protect|p2b: Kingambit\n|-singleturn|p2b: Kingambit|Protect\n|-activate|p1a: Basculegion|move: Struggle\n|move|p1a: Basculegion|Struggle|p2b: Kingambit\n|-activate|p2b: Kingambit|move: Protect\n|move|p1b: Kingambit|Low Kick|p2b: Kingambit\n|-activate|p2b: Kingambit|move: Protect\n|\n|-end|p1a: Basculegion|Encore\n|-start|p1a: Basculegion|perish0\n|-start|p2a: Gengar|perish0\n|-start|p1b: Kingambit|perish0\n|-sideend|p2: Pevar_8|move: Aurora Veil\n|faint|p1a: Basculegion\n|faint|p2a: Gengar\n|faint|p1b: Kingambit\n|\n|win|Pevar_8\n|raw|condors anoose's rating: 1000 &rarr; <strong>1000</strong><br />(+0 for losing)\n|raw|Pevar_8's rating: 1098 &rarr; <strong>1116</strong><br />(+18 for winning)\n|l|\u2606condors anoose\n|player|p1|\n",
  "uploadtime": 1776294473,
  "views": 21,
  "formatid": "gen9championsvgc2026regma",
  "rating": 1000,
  "private": 0,
  "password": null
}