{
  "id": "gen9championsvgc2026regma-2580561213",
  "format": "[Gen 9 Champions] VGC 2026 Reg M-A",
  "players": [
    "davidrobinz",
    "MajoSmash"
  ],
  "log": "|j|\u2606davidrobinz\n|j|\u2606MajoSmash\n|t:|1775913007\n|gametype|doubles\n|player|p1|davidrobinz|101|1162\n|player|p2|MajoSmash|lucas|1159\n|gen|9\n|tier|[Gen 9 Champions] VGC 2026 Reg M-A\n|rated|\n|rule|Species Clause: Limit one of each Pok\u00e9mon\n|rule|Item Clause: Limit 1 of each item\n|clearpoke\n|poke|p1|Floette-Eternal, L50, F|\n|poke|p1|Maushold, L50|\n|poke|p1|Garchomp, L50, M|\n|poke|p1|Talonflame, L50, M|\n|poke|p1|Rotom-Wash, L50|\n|poke|p1|Aegislash, L50, F|\n|poke|p2|Gardevoir, L50, F|\n|poke|p2|Milotic, L50, M|\n|poke|p2|Incineroar, L50, M|\n|poke|p2|Maushold-Four, L50|\n|poke|p2|Corviknight, L50, M|\n|poke|p2|Typhlosion-Hisui, L50, F|\n|teampreview|4\n|inactive|Battle timer is ON: inactive players will automatically lose when time's up. (requested by davidrobinz)\n|j| ddddddabai\n|inactive|davidrobinz has 60 seconds left.\n|inactive|davidrobinz has 30 seconds left.\n|\n|t:|1775913070\n|teamsize|p1|4\n|teamsize|p2|4\n|start\n|switch|p1a: Talonflame|Talonflame, L50, M|100/100\n|switch|p1b: Rotom|Rotom-Wash, L50|100/100\n|switch|p2a: Gardevoir|Gardevoir, L50, F|100/100\n|switch|p2b: Incineroar|Incineroar, L50, M|100/100\n|-ability|p2b: Incineroar|Intimidate|boost\n|-unboost|p1a: Talonflame|atk|1\n|-unboost|p1b: Rotom|atk|1\n|turn|1\n|l| ddddddabai\n|inactive|davidrobinz has 30 seconds left.\n|inactive|davidrobinz has 20 seconds left.\n|inactive|davidrobinz has 15 seconds left.\n|inactive|davidrobinz has 10 seconds left.\n|\n|t:|1775913120\n|detailschange|p2a: Gardevoir|Gardevoir-Mega, L50, F\n|-mega|p2a: Gardevoir|Gardevoir|Gardevoirite\n|move|p2b: Incineroar|Fake Out|p1a: Talonflame\n|-damage|p1a: Talonflame|81/100\n|cant|p1a: Talonflame|flinch\n|move|p2a: Gardevoir|Psyshock|p1a: Talonflame\n|-damage|p1a: Talonflame|2/100\n|move|p1b: Rotom|Volt Switch|p2a: Gardevoir\n|-damage|p2a: Gardevoir|70/100\n|\n|t:|1775913133\n|switch|p1b: Floette|Floette-Eternal, L50, F|100/100|[from] Volt Switch\n|\n|upkeep\n|turn|2\n|\n|t:|1775913150\n|move|p1a: Talonflame|Protect|p1a: Talonflame\n|-singleturn|p1a: Talonflame|Protect\n|move|p2a: Gardevoir|Protect|p2a: Gardevoir\n|-singleturn|p2a: Gardevoir|Protect\n|move|p1b: Floette|Calm Mind|p1b: Floette\n|-boost|p1b: Floette|spa|1\n|-boost|p1b: Floette|spd|1\n|move|p2b: Incineroar|Snarl|p1a: Talonflame|[spread] p1b\n|-activate|p1a: Talonflame|move: Protect\n|-resisted|p1b: Floette|1\n|-damage|p1b: Floette|97/100\n|-unboost|p1b: Floette|spa|1\n|\n|upkeep\n|turn|3\n|inactive|davidrobinz has 30 seconds left.\n|\n|t:|1775913184\n|switch|p2a: Maushold|Maushold-Four, L50|100/100\n|move|p1a: Talonflame|Tailwind|p1a: Talonflame\n|-sidestart|p1: davidrobinz|move: Tailwind\n|move|p1b: Floette|Calm Mind|p1b: Floette\n|-boost|p1b: Floette|spa|1\n|-boost|p1b: Floette|spd|1\n|move|p2b: Incineroar|Snarl|p1b: Floette|[spread] p1a,p1b\n|-resisted|p1b: Floette|1\n|-damage|p1a: Talonflame|0 fnt\n|-damage|p1b: Floette|95/100\n|-unboost|p1b: Floette|spa|1\n|faint|p1a: Talonflame\n|\n|upkeep\n|\n|t:|1775913199\n|switch|p1a: Rotom|Rotom-Wash, L50|100/100\n|turn|4\n|\n|t:|1775913217\n|move|p1a: Rotom|Hydro Pump|p2b: Incineroar\n|-supereffective|p2b: Incineroar|1\n|-damage|p2b: Incineroar|24/100\n|-enditem|p2b: Incineroar|Sitrus Berry|[eat]\n|-heal|p2b: Incineroar|49/100|[from] item: Sitrus Berry\n|move|p1b: Floette|Moonblast|p2b: Incineroar\n|-damage|p2b: Incineroar|14/100\n|move|p2a: Maushold|Super Fang|p1b: Floette\n|-damage|p1b: Floette|48/100\n|move|p2b: Incineroar|Parting Shot|p1a: Rotom\n|-unboost|p1a: Rotom|atk|1\n|-unboost|p1a: Rotom|spa|1\n|\n|t:|1775913232\n|switch|p2b: Gardevoir|Gardevoir-Mega, L50, F|70/100|[from] Parting Shot\n|\n|upkeep\n|turn|5\n|\n|t:|1775913252\n|move|p2a: Maushold|Follow Me|p2a: Maushold\n|-singleturn|p2a: Maushold|move: Follow Me\n|move|p1a: Rotom|Thunderbolt|p2a: Maushold\n|-damage|p2a: Maushold|67/100\n|move|p1b: Floette|Calm Mind|p1b: Floette\n|-boost|p1b: Floette|spa|1\n|-boost|p1b: Floette|spd|1\n|move|p2b: Gardevoir|Psyshock|p1b: Floette\n|-damage|p1b: Floette|0 fnt\n|faint|p1b: Floette\n|\n|upkeep\n|\n|t:|1775913264\n|switch|p1b: Garchomp|Garchomp, L50, M|100/100\n|turn|6\n|\n|t:|1775913290\n|move|p2b: Gardevoir|Protect|p2b: Gardevoir\n|-singleturn|p2b: Gardevoir|Protect\n|move|p1b: Garchomp|Earth Power|p2b: Gardevoir\n|-activate|p2b: Gardevoir|move: Protect\n|move|p1a: Rotom|Thunderbolt|p2b: Gardevoir\n|-activate|p2b: Gardevoir|move: Protect\n|move|p2a: Maushold|Fake Tears|p1b: Garchomp\n|-unboost|p1b: Garchomp|spd|2\n|\n|-sideend|p1: davidrobinz|move: Tailwind\n|upkeep\n|turn|7\n|\n|t:|1775913305\n|move|p2a: Maushold|Fake Tears|p1a: Rotom\n|-unboost|p1a: Rotom|spd|2\n|move|p1b: Garchomp|Earth Power|p2b: Gardevoir\n|-damage|p2b: Gardevoir|50/100\n|move|p2b: Gardevoir|Hyper Voice|p1a: Rotom|[spread] p1a,p1b\n|-supereffective|p1b: Garchomp|1\n|-damage|p1a: Rotom|0 fnt\n|-damage|p1b: Garchomp|0 fnt\n|faint|p1a: Rotom\n|faint|p1b: Garchomp\n|\n|win|MajoSmash\n|raw|davidrobinz's rating: 1162 &rarr; <strong>1137</strong><br />(-25 for losing)\n|raw|MajoSmash's rating: 1159 &rarr; <strong>1184</strong><br />(+25 for winning)\n|l|\u2606davidrobinz\n|player|p1|\n",
  "uploadtime": 1775913322,
  "views": 20,
  "formatid": "gen9championsvgc2026regma",
  "rating": 1137,
  "private": 0,
  "password": null
}