{
  "id": "gen9championsvgc2026regma-2584286396",
  "format": "[Gen 9 Champions] VGC 2026 Reg M-A",
  "players": [
    "the same as here",
    "Adomince"
  ],
  "log": "|j|\u2606the same as here\n|j|\u2606Adomince\n|t:|1776247241\n|gametype|doubles\n|player|p1|the same as here|janitor|1149\n|player|p2|Adomince|n|1114\n|gen|9\n|tier|[Gen 9 Champions] VGC 2026 Reg M-A\n|rated|\n|rule|Species Clause: Limit one of each Pok\u00e9mon\n|rule|Item Clause: Limit 1 of each item\n|clearpoke\n|poke|p1|Floette-Eternal, L50, F|\n|poke|p1|Sinistcha, L50|\n|poke|p1|Incineroar, L50, F|\n|poke|p1|Gyarados, L50, F|\n|poke|p1|Garchomp, L50, M|\n|poke|p1|Glimmora, L50, F|\n|poke|p2|Froslass, L50, F|\n|poke|p2|Sneasler, L50, M|\n|poke|p2|Kingambit, L50, M|\n|poke|p2|Whimsicott, L50, M|\n|poke|p2|Garchomp, L50, F|\n|poke|p2|Milotic, L50, M|\n|teampreview|4\n|\n|t:|1776247278\n|teamsize|p1|4\n|teamsize|p2|4\n|start\n|switch|p1a: The difference|Incineroar, L50, F|100/100\n|switch|p1b: Problems|Sinistcha, L50|100/100\n|switch|p2a: Fakeout Spam|Sneasler, L50, M|100/100\n|switch|p2b: Lil Fluffy|Whimsicott, L50, M|100/100\n|-ability|p2a: Fakeout Spam|Pressure\n|-ability|p1a: The difference|Intimidate|boost\n|-unboost|p2a: Fakeout Spam|atk|1\n|-unboost|p2b: Lil Fluffy|atk|1\n|turn|1\n|\n|t:|1776247303\n|move|p1a: The difference|Fake Out|p2b: Lil Fluffy\n|-damage|p2b: Lil Fluffy|88/100\n|cant|p2b: Lil Fluffy|flinch\n|move|p2a: Fakeout Spam|Close Combat|p1a: The difference\n|-supereffective|p1a: The difference|1\n|-damage|p1a: The difference|37/100\n|-unboost|p2a: Fakeout Spam|def|1\n|-unboost|p2a: Fakeout Spam|spd|1\n|move|p1b: Problems|Stun Spore|p2a: Fakeout Spam\n|-status|p2a: Fakeout Spam|par\n|\n|upkeep\n|turn|2\n|\n|t:|1776247357\n|switch|p1a: Piano|Garchomp, L50, M|100/100\n|move|p2a: Fakeout Spam|Protect|p2a: Fakeout Spam\n|-singleturn|p2a: Fakeout Spam|Protect\n|move|p2b: Lil Fluffy|Tailwind|p2b: Lil Fluffy\n|-sidestart|p2: Adomince|move: Tailwind\n|move|p1b: Problems|Matcha Gotcha|p2b: Lil Fluffy|[spread] p2b\n|-activate|p2a: Fakeout Spam|move: Protect\n|-resisted|p2b: Lil Fluffy|1\n|-damage|p2b: Lil Fluffy|72/100\n|-status|p2b: Lil Fluffy|brn\n|\n|-damage|p2b: Lil Fluffy|66/100 brn|[from] brn\n|upkeep\n|turn|3\n|\n|t:|1776247387\n|move|p1a: Piano|Protect|p1a: Piano\n|-singleturn|p1a: Piano|Protect\n|move|p2b: Lil Fluffy|Moonblast|p1a: Piano\n|-activate|p1a: Piano|move: Protect\n|cant|p2a: Fakeout Spam|par\n|move|p1b: Problems|Hex|p2a: Fakeout Spam\n|-damage|p2a: Fakeout Spam|0 fnt\n|faint|p2a: Fakeout Spam\n|\n|-damage|p2b: Lil Fluffy|60/100 brn|[from] brn\n|upkeep\n|\n|t:|1776247400\n|switch|p2a: Cold Oni|Froslass, L50, F|100/100\n|turn|4\n|\n|t:|1776247415\n|detailschange|p2a: Cold Oni|Froslass-Mega, L50, F\n|-mega|p2a: Cold Oni|Froslass|Froslassite\n|-weather|Snowscape|[from] ability: Snow Warning|[of] p2a: Cold Oni\n|move|p2b: Lil Fluffy|Moonblast|p1a: Piano\n|-supereffective|p1a: Piano|1\n|-damage|p1a: Piano|27/100\n|move|p2a: Cold Oni|Shadow Ball|p1b: Problems\n|-supereffective|p1b: Problems|1\n|-damage|p1b: Problems|12/100\n|-enditem|p1b: Problems|Sitrus Berry|[eat]\n|-heal|p1b: Problems|36/100|[from] item: Sitrus Berry\n|move|p1a: Piano|Rock Slide|p2b: Lil Fluffy|[spread] p2a,p2b\n|-supereffective|p2a: Cold Oni|1\n|-damage|p2a: Cold Oni|68/100\n|-damage|p2b: Lil Fluffy|38/100 brn\n|move|p1b: Problems|Stun Spore|p2a: Cold Oni\n|-status|p2a: Cold Oni|par\n|\n|-weather|Snowscape|[upkeep]\n|-damage|p2b: Lil Fluffy|32/100 brn|[from] brn\n|upkeep\n|turn|5\n|\n|t:|1776247441\n|switch|p1b: The difference|Incineroar, L50, F|37/100\n|-ability|p1b: The difference|Intimidate|boost\n|-unboost|p2a: Cold Oni|atk|1\n|-unboost|p2b: Lil Fluffy|atk|1\n|move|p1a: Piano|Protect|p1a: Piano\n|-singleturn|p1a: Piano|Protect\n|move|p2b: Lil Fluffy|Moonblast|p1a: Piano\n|-activate|p1a: Piano|move: Protect\n|cant|p2a: Cold Oni|par\n|\n|-weather|Snowscape|[upkeep]\n|-damage|p2b: Lil Fluffy|26/100 brn|[from] brn\n|-sideend|p2: Adomince|move: Tailwind\n|upkeep\n|turn|6\n|\n|t:|1776247461\n|switch|p2a: Dictator|Kingambit, L50, M|100/100\n|move|p1b: The difference|Fake Out|p2b: Lil Fluffy\n|-damage|p2b: Lil Fluffy|13/100 brn\n|move|p1a: Piano|Rock Slide|p2b: Lil Fluffy|[spread] p2a,p2b\n|-resisted|p2a: Dictator|1\n|-damage|p2a: Dictator|94/100\n|-damage|p2b: Lil Fluffy|0 fnt\n|faint|p2b: Lil Fluffy\n|\n|-weather|Snowscape|[upkeep]\n|upkeep\n|\n|t:|1776247472\n|switch|p2b: Cold Oni|Froslass-Mega, L50, F|68/100 par\n|turn|7\n|\n|t:|1776247504\n|move|p2b: Cold Oni|Protect|p2b: Cold Oni\n|-singleturn|p2b: Cold Oni|Protect\n|move|p2a: Dictator|Sucker Punch|p1b: The difference\n|-resisted|p1b: The difference|1\n|-damage|p1b: The difference|16/100\n|move|p1a: Piano|Stomping Tantrum|p2a: Dictator\n|-supereffective|p2a: Dictator|1\n|-damage|p2a: Dictator|27/100\n|move|p1b: The difference|Flare Blitz|p2b: Cold Oni\n|-activate|p2b: Cold Oni|move: Protect\n|\n|-weather|Snowscape|[upkeep]\n|upkeep\n|turn|8\n|\n|t:|1776247518\n|move|p2a: Dictator|Sucker Punch|p1b: The difference\n|-resisted|p1b: The difference|1\n|-damage|p1b: The difference|0 fnt\n|faint|p1b: The difference\n|move|p1a: Piano|Rock Slide|p2a: Dictator|[spread] p2a,p2b\n|-resisted|p2a: Dictator|1\n|-supereffective|p2b: Cold Oni|1\n|-damage|p2a: Dictator|20/100\n|-damage|p2b: Cold Oni|35/100 par\n|move|p2b: Cold Oni|Aurora Veil|p2b: Cold Oni\n|-sidestart|p2: Adomince|move: Aurora Veil\n|\n|-weather|none\n|upkeep\n|\n|t:|1776247523\n|switch|p1b: Eden Hazards|Glimmora, L50, F|100/100\n|turn|9\n|\n|t:|1776247539\n|detailschange|p1b: Eden Hazards|Glimmora-Mega, L50, F\n|-mega|p1b: Eden Hazards|Glimmora|Glimmoranite\n|move|p2b: Cold Oni|Protect|p2b: Cold Oni\n|-singleturn|p2b: Cold Oni|Protect\n|move|p2a: Dictator|Sucker Punch|p1a: Piano\n|-damage|p1a: Piano|0 fnt\n|-damage|p2a: Dictator|8/100|[from] ability: Rough Skin|[of] p1a: Piano\n|faint|p1a: Piano\n|move|p1b: Eden Hazards|Earth Power|p2a: Dictator\n|-supereffective|p2a: Dictator|1\n|-damage|p2a: Dictator|0 fnt\n|faint|p2a: Dictator\n|\n|upkeep\n|\n|t:|1776247545\n|switch|p1a: Problems|Sinistcha, L50|36/100\n|turn|10\n|\n|t:|1776247557\n|move|p1b: Eden Hazards|Power Gem|p2b: Cold Oni\n|-supereffective|p2b: Cold Oni|1\n|-damage|p2b: Cold Oni|0 fnt\n|faint|p2b: Cold Oni\n|\n|win|the same as here\n|raw|the same as here's rating: 1149 &rarr; <strong>1171</strong><br />(+22 for winning)\n|raw|Adomince's rating: 1114 &rarr; <strong>1092</strong><br />(-22 for losing)\n",
  "uploadtime": 1776247560,
  "views": 19,
  "formatid": "gen9championsvgc2026regma",
  "rating": 1092,
  "private": 0,
  "password": null
}