{
  "id": "gen9championsvgc2026regma-2585890519",
  "format": "[Gen 9 Champions] VGC 2026 Reg M-A",
  "players": [
    "Royher",
    "Palmeirinthianense"
  ],
  "log": "|j|\u2606Royher\n|j|\u2606Palmeirinthianense\n|t:|1776378830\n|gametype|doubles\n|player|p1|Royher|zinzolin|1346\n|player|p2|Palmeirinthianense|swimmer-gen4dp|1395\n|gen|9\n|tier|[Gen 9 Champions] VGC 2026 Reg M-A\n|rated|\n|rule|Species Clause: Limit one of each Pok\u00e9mon\n|rule|Item Clause: Limit 1 of each item\n|clearpoke\n|poke|p1|Delphox, L50, M|\n|poke|p1|Garchomp, L50, F|\n|poke|p1|Whimsicott, L50, F|\n|poke|p1|Sneasler, L50, M|\n|poke|p1|Floette-Eternal, L50, F|\n|poke|p1|Milotic, L50, F|\n|poke|p2|Maushold-Four, L50|\n|poke|p2|Blastoise, L50, F|\n|poke|p2|Gengar, L50, F|\n|poke|p2|Ninetales-Alola, L50, M|\n|poke|p2|Sinistcha, L50|\n|poke|p2|Incineroar, L50, F|\n|teampreview|4\n|l|\u2606Palmeirinthianense\n|player|p2|\n|j|\u2606Palmeirinthianense\n|player|p2|Palmeirinthianense|swimmer-gen4dp|\n|inactive|Battle timer is ON: inactive players will automatically lose when time's up. (requested by Palmeirinthianense)\n|inactive|Royher has 60 seconds left.\n|inactive|Palmeirinthianense has 60 seconds left.\n|\n|t:|1776378896\n|teamsize|p1|4\n|teamsize|p2|4\n|start\n|switch|p1a: Milotic|Milotic, L50, F, shiny|100/100\n|switch|p1b: Garchomp|Garchomp, L50, F|100/100\n|switch|p2a: Ninetales|Ninetales-Alola, L50, M|100/100\n|switch|p2b: Gengar|Gengar, L50, F|100/100\n|-weather|Snowscape|[from] ability: Snow Warning|[of] p2a: Ninetales\n|turn|1\n|\n|t:|1776378915\n|detailschange|p2b: Gengar|Gengar-Mega, L50, F\n|-mega|p2b: Gengar|Gengar|Gengarite\n|move|p2b: Gengar|Protect|p2b: Gengar\n|-singleturn|p2b: Gengar|Protect\n|move|p1b: Garchomp|Rock Slide|p2b: Gengar|[spread] p2a\n|-activate|p2b: Gengar|move: Protect\n|-supereffective|p2a: Ninetales|1\n|-damage|p2a: Ninetales|73/100\n|cant|p2a: Ninetales|flinch\n|move|p1a: Milotic|Scald|p2b: Gengar\n|-activate|p2b: Gengar|move: Protect\n|\n|-weather|Snowscape|[upkeep]\n|-heal|p2a: Ninetales|79/100|[from] item: Leftovers\n|upkeep\n|turn|2\n|\n|t:|1776378936\n|move|p1b: Garchomp|Rock Slide|p2a: Ninetales|[spread] p2b\n|-miss|p1b: Garchomp|p2a: Ninetales\n|-damage|p2b: Gengar|76/100\n|move|p2b: Gengar|Disable|p1b: Garchomp\n|-start|p1b: Garchomp|Disable|Rock Slide\n|move|p2a: Ninetales|Encore|p1b: Garchomp\n|-start|p1b: Garchomp|Encore\n|move|p1a: Milotic|Icy Wind|p2b: Gengar|[spread] p2a,p2b\n|-resisted|p2a: Ninetales|1\n|-crit|p2b: Gengar\n|-damage|p2a: Ninetales|75/100\n|-damage|p2b: Gengar|61/100\n|-unboost|p2a: Ninetales|spe|1\n|-unboost|p2b: Gengar|spe|1\n|\n|-weather|Snowscape|[upkeep]\n|-heal|p2a: Ninetales|80/100|[from] item: Leftovers\n|upkeep\n|turn|3\n|\n|t:|1776378953\n|-activate|p1b: Garchomp|move: Struggle\n|move|p1b: Garchomp|Struggle|p2b: Gengar\n|-damage|p2b: Gengar|39/100\n|-damage|p1b: Garchomp|75/100|[from] recoil\n|move|p2b: Gengar|Disable|p1a: Milotic\n|-start|p1a: Milotic|Disable|Icy Wind\n|move|p2a: Ninetales|Encore|p1a: Milotic\n|-start|p1a: Milotic|Encore\n|cant|p1a: Milotic|Disable|Icy Wind\n|\n|-weather|Snowscape|[upkeep]\n|-heal|p2a: Ninetales|86/100|[from] item: Leftovers\n|upkeep\n|turn|4\n|j| Choklit Milk\n|l| Choklit Milk\n|\n|t:|1776378971\n|move|p2b: Gengar|Protect|p2b: Gengar\n|-singleturn|p2b: Gengar|Protect\n|-activate|p1b: Garchomp|move: Struggle\n|move|p1b: Garchomp|Struggle|p2a: Ninetales\n|-damage|p2a: Ninetales|72/100\n|-damage|p1b: Garchomp|50/100|[from] recoil\n|move|p2a: Ninetales|Blizzard|p1a: Milotic|[spread] p1a,p1b\n|-resisted|p1a: Milotic|1\n|-supereffective|p1b: Garchomp|2\n|-damage|p1a: Milotic|93/100\n|-damage|p1b: Garchomp|0 fnt\n|faint|p1b: Garchomp\n|-activate|p1a: Milotic|move: Struggle\n|move|p1a: Milotic|Struggle|p2b: Gengar\n|-activate|p2b: Gengar|move: Protect\n|\n|-weather|Snowscape|[upkeep]\n|-heal|p2a: Ninetales|78/100|[from] item: Leftovers\n|-heal|p1a: Milotic|99/100|[from] item: Leftovers\n|upkeep\n|j| Choklit Milk\n|\n|t:|1776378974\n|switch|p1b: Sneasler|Sneasler, L50, M, shiny|100/100\n|turn|5\n|l| Choklit Milk\n|\n|t:|1776378987\n|switch|p2a: Sinistcha|Sinistcha, L50|100/100\n|-heal|p2b: Gengar|64/100|[from] ability: Hospitality|[of] p2a: Sinistcha\n|move|p1b: Sneasler|Protect|p1b: Sneasler\n|-singleturn|p1b: Sneasler|Protect\n|move|p2b: Gengar|Perish Song|p2b: Gengar\n|-start|p1a: Milotic|perish3|[silent]\n|-start|p1b: Sneasler|perish3|[silent]\n|-start|p2a: Sinistcha|perish3|[silent]\n|-start|p2b: Gengar|perish3|[silent]\n|-fieldactivate|move: Perish Song\n|-activate|p1a: Milotic|move: Struggle\n|move|p1a: Milotic|Struggle|p2a: Sinistcha\n|-damage|p2a: Sinistcha|94/100\n|-damage|p1a: Milotic|74/100|[from] recoil\n|\n|-weather|none\n|-heal|p1a: Milotic|80/100|[from] item: Leftovers\n|-end|p1a: Milotic|Encore\n|-start|p1b: Sneasler|perish3\n|-start|p2b: Gengar|perish3\n|-start|p1a: Milotic|perish3\n|-start|p2a: Sinistcha|perish3\n|upkeep\n|turn|6\n|\n|t:|1776379012\n|switch|p2a: Incineroar|Incineroar, L50, F, shiny|100/100\n|-ability|p2a: Incineroar|Intimidate|boost\n|-unboost|p1a: Milotic|atk|1\n|-ability|p1a: Milotic|Competitive|boost\n|-boost|p1a: Milotic|spa|2\n|-unboost|p1b: Sneasler|atk|1\n|-enditem|p1b: Sneasler|White Herb\n|-clearnegativeboost|p1b: Sneasler|[silent]\n|move|p1b: Sneasler|Dire Claw|p2a: Incineroar\n|-damage|p2a: Incineroar|62/100\n|move|p2b: Gengar|Disable|p1b: Sneasler\n|-start|p1b: Sneasler|Disable|Dire Claw\n|move|p1a: Milotic|Scald|p2a: Incineroar\n|-supereffective|p2a: Incineroar|1\n|-damage|p2a: Incineroar|0 fnt\n|faint|p2a: Incineroar\n|\n|-heal|p1a: Milotic|86/100|[from] item: Leftovers\n|-end|p1a: Milotic|Disable\n|-start|p1b: Sneasler|perish2\n|-start|p2b: Gengar|perish2\n|-start|p1a: Milotic|perish2\n|upkeep\n|\n|t:|1776379035\n|switch|p2a: Ninetales|Ninetales-Alola, L50, M|78/100\n|-weather|Snowscape|[from] ability: Snow Warning|[of] p2a: Ninetales\n|turn|7\n|\n|t:|1776379049\n|move|p2b: Gengar|Protect|p2b: Gengar\n|-singleturn|p2b: Gengar|Protect\n|move|p1b: Sneasler|Rock Tomb|p2a: Ninetales\n|-supereffective|p2a: Ninetales|1\n|-damage|p2a: Ninetales|44/100\n|-unboost|p2a: Ninetales|spe|1\n|move|p2a: Ninetales|Aurora Veil|p2a: Ninetales\n|-sidestart|p2: Palmeirinthianense|move: Aurora Veil\n|move|p1a: Milotic|Scald|p2a: Ninetales\n|-damage|p2a: Ninetales|8/100\n|\n|-weather|Snowscape|[upkeep]\n|-heal|p2a: Ninetales|14/100|[from] item: Leftovers\n|-heal|p1a: Milotic|92/100|[from] item: Leftovers\n|-start|p1b: Sneasler|perish1\n|-start|p2b: Gengar|perish1\n|-start|p1a: Milotic|perish1\n|upkeep\n|turn|8\n|\n|t:|1776379066\n|switch|p2b: Sinistcha|Sinistcha, L50|94/100\n|-heal|p2a: Ninetales|39/100|[from] ability: Hospitality|[of] p2b: Sinistcha\n|move|p2a: Ninetales|Protect|p2a: Ninetales\n|-singleturn|p2a: Ninetales|Protect\n|move|p1b: Sneasler|Rock Tomb|p2a: Ninetales\n|-activate|p2a: Ninetales|move: Protect\n|move|p1a: Milotic|Weather Ball|p2b: Sinistcha\n|-supereffective|p2b: Sinistcha|1\n|-damage|p2b: Sinistcha|40/100\n|-enditem|p2b: Sinistcha|Sitrus Berry|[eat]\n|-heal|p2b: Sinistcha|65/100|[from] item: Sitrus Berry\n|\n|-weather|Snowscape|[upkeep]\n|-heal|p2a: Ninetales|45/100|[from] item: Leftovers\n|-heal|p1a: Milotic|98/100|[from] item: Leftovers\n|-start|p1b: Sneasler|perish0\n|-start|p1a: Milotic|perish0\n|faint|p1b: Sneasler\n|faint|p1a: Milotic\n|upkeep\n|\n|t:|1776379072\n|switch|p1b: Floette|Floette-Eternal, L50, F|100/100\n|turn|9\n|inactive|Palmeirinthianense has 30 seconds left.\n|\n|t:|1776379105\n|switch|p2b: Gengar|Gengar-Mega, L50, F|64/100\n|detailschange|p1b: Floette|Floette-Mega, L50, F\n|-mega|p1b: Floette|Floette|Floettite\n|-ability|p1b: Floette|Fairy Aura\n|move|p1b: Floette|Calm Mind|p1b: Floette\n|-boost|p1b: Floette|spa|1\n|-boost|p1b: Floette|spd|1\n|move|p2a: Ninetales|Encore|p1b: Floette\n|-start|p1b: Floette|Encore\n|\n|-weather|Snowscape|[upkeep]\n|-heal|p2a: Ninetales|50/100|[from] item: Leftovers\n|upkeep\n|turn|10\n|\n|t:|1776379124\n|move|p2b: Gengar|Disable|p1b: Floette\n|-start|p1b: Floette|Disable|Calm Mind\n|cant|p1b: Floette|Disable|Calm Mind\n|move|p2a: Ninetales|Blizzard|p1b: Floette\n|-damage|p1b: Floette|80/100\n|\n|-weather|Snowscape|[upkeep]\n|-heal|p2a: Ninetales|56/100|[from] item: Leftovers\n|upkeep\n|turn|11\n|\n|t:|1776379142\n|switch|p2a: Sinistcha|Sinistcha, L50|65/100\n|-heal|p2b: Gengar|89/100|[from] ability: Hospitality|[of] p2a: Sinistcha\n|move|p2b: Gengar|Perish Song|p2b: Gengar\n|-start|p1b: Floette|perish3|[silent]\n|-start|p2a: Sinistcha|perish3|[silent]\n|-start|p2b: Gengar|perish3|[silent]\n|-fieldactivate|move: Perish Song\n|-activate|p1b: Floette|move: Struggle\n|move|p1b: Floette|Struggle|p2a: Sinistcha\n|-damage|p2a: Sinistcha|60/100\n|-damage|p1b: Floette|55/100|[from] recoil\n|\n|-weather|none\n|-start|p2b: Gengar|perish3\n|-start|p1b: Floette|perish3\n|-start|p2a: Sinistcha|perish3\n|-sideend|p2: Palmeirinthianense|move: Aurora Veil\n|upkeep\n|turn|12\n|\n|t:|1776379159\n|move|p2b: Gengar|Shadow Ball|p1b: Floette\n|-damage|p1b: Floette|29/100\n|-activate|p1b: Floette|move: Struggle\n|move|p1b: Floette|Struggle|p2b: Gengar\n|-damage|p2b: Gengar|78/100\n|-damage|p1b: Floette|4/100|[from] recoil\n|move|p2a: Sinistcha|Matcha Gotcha|p1b: Floette\n|-damage|p1b: Floette|0 fnt\n|-heal|p2a: Sinistcha|62/100|[from] drain|[of] p1b: Floette\n|faint|p1b: Floette\n|\n|win|Palmeirinthianense\n|raw|Royher's rating: 1320 &rarr; <strong>1304</strong><br />(-16 for losing)\n|raw|Palmeirinthianense's rating: 1395 &rarr; <strong>1411</strong><br />(+16 for winning)\n|l|\u2606Royher\n|player|p1|\n",
  "uploadtime": 1776379171,
  "views": 32,
  "formatid": "gen9championsvgc2026regma",
  "rating": 1304,
  "private": 0,
  "password": null
}