{
  "id": "gen9championsvgc2026regma-2586249771",
  "format": "[Gen 9 Champions] VGC 2026 Reg M-A",
  "players": [
    "DVDGamer19",
    "Hoshinaaa"
  ],
  "log": "|j|\u203dDVDGamer19\n|j|\u2606Hoshinaaa\n|t:|1776417303\n|gametype|doubles\n|player|p1|DVDGamer19|falkner|1496\n|player|p2|Hoshinaaa|rosa|1565\n|gen|9\n|tier|[Gen 9 Champions] VGC 2026 Reg M-A\n|rated|\n|rule|Species Clause: Limit one of each Pok\u00e9mon\n|rule|Item Clause: Limit 1 of each item\n|clearpoke\n|poke|p1|Floette-Eternal, L50, F|\n|poke|p1|Maushold, L50|\n|poke|p1|Garchomp, L50, F|\n|poke|p1|Kingambit, L50, M|\n|poke|p1|Basculegion, L50, M|\n|poke|p1|Aerodactyl, L50, M|\n|poke|p2|Starmie, L50|\n|poke|p2|Incineroar, L50, F|\n|poke|p2|Klefki, L50, F|\n|poke|p2|Sinistcha-Masterpiece, L50|\n|poke|p2|Kingambit, L50, M|\n|poke|p2|Glimmora, L50, F|\n|teampreview|4\n|inactive|Battle timer is ON: inactive players will automatically lose when time's up. (requested by Hoshinaaa)\n|j| gokua2\n|inactive|DVDGamer19 has 60 seconds left.\n|inactive|Hoshinaaa has 60 seconds left.\n|inactive|DVDGamer19 has 30 seconds left.\n|\n|t:|1776417366\n|teamsize|p1|4\n|teamsize|p2|4\n|start\n|switch|p1a: Aerodactyl|Aerodactyl, L50, M|100/100\n|switch|p1b: Kingambit|Kingambit, L50, M|100/100\n|switch|p2a: Kingambit|Kingambit, L50, M|100/100\n|switch|p2b: Sinistcha|Sinistcha-Masterpiece, L50|100/100\n|-ability|p1a: Aerodactyl|Unnerve\n|turn|1\n|\n|t:|1776417380\n|move|p1a: Aerodactyl|Tailwind|p1a: Aerodactyl\n|-sidestart|p1: DVDGamer19|move: Tailwind\n|move|p1b: Kingambit|Kowtow Cleave|p2b: Sinistcha\n|-supereffective|p2b: Sinistcha|1\n|-damage|p2b: Sinistcha|18/100\n|move|p2b: Sinistcha|Strength Sap|p1a: Aerodactyl\n|-unboost|p1a: Aerodactyl|atk|1\n|-heal|p2b: Sinistcha|100/100\n|move|p2a: Kingambit|Low Kick|p1b: Kingambit\n|-supereffective|p1b: Kingambit|2\n|-damage|p1b: Kingambit|0 fnt\n|faint|p1b: Kingambit\n|\n|upkeep\n|\n|t:|1776417395\n|switch|p1b: Garchomp|Garchomp, L50, F|100/100\n|turn|2\n|\n|t:|1776417404\n|move|p1a: Aerodactyl|Dual Wingbeat|p2b: Sinistcha\n|-supereffective|p2b: Sinistcha|1\n|-damage|p2b: Sinistcha|79/100\n|-supereffective|p2b: Sinistcha|1\n|-damage|p2b: Sinistcha|59/100\n|-hitcount|p2b: Sinistcha|2\n|move|p1b: Garchomp|Earthquake|p2a: Kingambit|[spread] p2a,p2b\n|-immune|p1a: Aerodactyl\n|-supereffective|p2a: Kingambit|1\n|-resisted|p2b: Sinistcha|1\n|-damage|p2a: Kingambit|42/100\n|-damage|p2b: Sinistcha|46/100\n|move|p2b: Sinistcha|Strength Sap|p1b: Garchomp\n|-unboost|p1b: Garchomp|atk|1\n|-heal|p2b: Sinistcha|100/100\n|-enditem|p1b: Garchomp|White Herb\n|-clearnegativeboost|p1b: Garchomp|[silent]\n|move|p2a: Kingambit|Iron Head|p1a: Aerodactyl\n|-supereffective|p1a: Aerodactyl|1\n|-enditem|p1a: Aerodactyl|Focus Sash\n|-damage|p1a: Aerodactyl|1/100\n|\n|upkeep\n|turn|3\n|inactive|DVDGamer19 has 30 seconds left.\n|\n|t:|1776417438\n|move|p1a: Aerodactyl|Protect|p1a: Aerodactyl\n|-singleturn|p1a: Aerodactyl|Protect\n|move|p2a: Kingambit|Sucker Punch||[still]\n|-fail|p2a: Kingambit\n|move|p1b: Garchomp|Earthquake|p2a: Kingambit|[spread] p2a,p2b\n|-activate|p1a: Aerodactyl|move: Protect\n|-supereffective|p2a: Kingambit|1\n|-resisted|p2b: Sinistcha|1\n|-damage|p2a: Kingambit|0 fnt\n|-damage|p2b: Sinistcha|87/100\n|faint|p2a: Kingambit\n|move|p2b: Sinistcha|Strength Sap|p1b: Garchomp\n|-unboost|p1b: Garchomp|atk|1\n|-heal|p2b: Sinistcha|100/100\n|\n|upkeep\n|\n|t:|1776417453\n|switch|p2a: Starmie|Starmie, L50|100/100\n|turn|4\n|\n|t:|1776417469\n|detailschange|p2a: Starmie|Starmie-Mega, L50\n|-mega|p2a: Starmie|Starmie|Starminite\n|move|p2a: Starmie|Aqua Jet|p1a: Aerodactyl\n|-supereffective|p1a: Aerodactyl|1\n|-damage|p1a: Aerodactyl|0 fnt\n|faint|p1a: Aerodactyl\n|move|p1b: Garchomp|Earthquake|p2b: Sinistcha|[spread] p2a,p2b\n|-resisted|p2b: Sinistcha|1\n|-damage|p2a: Starmie|68/100\n|-damage|p2b: Sinistcha|90/100\n|move|p2b: Sinistcha|Matcha Gotcha|p1b: Garchomp\n|-damage|p1b: Garchomp|64/100\n|-heal|p2b: Sinistcha|100/100|[from] drain|[of] p1b: Garchomp\n|\n|-sideend|p1: DVDGamer19|move: Tailwind\n|upkeep\n|\n|t:|1776417475\n|switch|p1a: Basculegion|Basculegion, L50, M|100/100\n|turn|5\n|inactive|Hoshinaaa has 30 seconds left.\n|\n|t:|1776417504\n|move|p2b: Sinistcha|Rage Powder|p2b: Sinistcha\n|-singleturn|p2b: Sinistcha|move: Rage Powder\n|move|p1a: Basculegion|Last Respects|p2b: Sinistcha\n|-supereffective|p2b: Sinistcha|1\n|-damage|p2b: Sinistcha|0 fnt\n|faint|p2b: Sinistcha\n|move|p2a: Starmie|Ice Spinner|p1b: Garchomp\n|-supereffective|p1b: Garchomp|2\n|-damage|p1b: Garchomp|0 fnt\n|-damage|p2a: Starmie|55/100|[from] ability: Rough Skin|[of] p1b: Garchomp\n|faint|p1b: Garchomp\n|\n|upkeep\n|\n|t:|1776417516\n|switch|p2b: Glimmora|Glimmora, L50, F|100/100\n|turn|6\n|\n|t:|1776417528\n|move|p2a: Starmie|Aqua Jet|p1a: Basculegion\n|-resisted|p1a: Basculegion|1\n|-damage|p1a: Basculegion|77/100\n|move|p1a: Basculegion|Last Respects|p2a: Starmie\n|-supereffective|p2a: Starmie|1\n|-damage|p2a: Starmie|0 fnt\n|faint|p2a: Starmie\n|move|p2b: Glimmora|Power Gem|p1a: Basculegion\n|-damage|p1a: Basculegion|28/100\n|\n|upkeep\n|turn|7\n|\n|t:|1776417540\n|move|p1a: Basculegion|Last Respects|p2b: Glimmora\n|-enditem|p2b: Glimmora|Focus Sash\n|-damage|p2b: Glimmora|1/100\n|-activate|p2b: Glimmora|ability: Toxic Debris\n|-sidestart|p1: DVDGamer19|move: Toxic Spikes\n|move|p2b: Glimmora|Power Gem|p1a: Basculegion\n|-damage|p1a: Basculegion|0 fnt\n|faint|p1a: Basculegion\n|\n|win|Hoshinaaa\n|raw|DVDGamer19's rating: 1496 &rarr; <strong>1480</strong><br />(-16 for losing)\n|raw|Hoshinaaa's rating: 1565 &rarr; <strong>1581</strong><br />(+16 for winning)\n|l|\u203dDVDGamer19\n|player|p1|\n|l|\u2606Hoshinaaa\n|player|p2|\n",
  "uploadtime": 1776417556,
  "views": 66,
  "formatid": "gen9championsvgc2026regma",
  "rating": 1480,
  "private": 0,
  "password": null
}