{
  "id": "gen9championsvgc2026regma-2588730213",
  "format": "[Gen 9 Champions] VGC 2026 Reg M-A",
  "players": [
    "NotThePinkReaper",
    "MilkTeaWayGalaxy"
  ],
  "log": "|j|\u2606NotThePinkReaper\n|j|\u2606MilkTeaWayGalaxy\n|t:|1776663077\n|gametype|doubles\n|player|p1|NotThePinkReaper|maylene|1437\n|player|p2|MilkTeaWayGalaxy|rosa-pokestar3|1390\n|gen|9\n|tier|[Gen 9 Champions] VGC 2026 Reg M-A\n|rated|\n|rule|Species Clause: Limit one of each Pok\u00e9mon\n|rule|Item Clause: Limit 1 of each item\n|clearpoke\n|poke|p1|Gardevoir, L50, F|\n|poke|p1|Sylveon, L50, M|\n|poke|p1|Mimikyu, L50, M|\n|poke|p1|Sinistcha-Masterpiece, L50|\n|poke|p1|Camerupt, L50, F|\n|poke|p1|Conkeldurr, L50, M|\n|poke|p2|Froslass, L50, F, shiny|\n|poke|p2|Sinistcha, L50|\n|poke|p2|Kingambit, L50, M|\n|poke|p2|Sneasler, L50, M|\n|poke|p2|Incineroar, L50, F, shiny|\n|poke|p2|Basculegion, L50, M|\n|teampreview|4\n|inactive|Battle timer is ON: inactive players will automatically lose when time's up. (requested by NotThePinkReaper)\n|\n|t:|1776663129\n|teamsize|p1|4\n|teamsize|p2|4\n|start\n|switch|p1a: Conkeldurr|Conkeldurr, L50, M|100/100\n|switch|p1b: Mimikyu|Mimikyu, L50, M|100/100\n|switch|p2a: Incineroar|Incineroar, L50, F, shiny|100/100\n|switch|p2b: Froslass|Froslass, L50, F, shiny|100/100\n|-ability|p2a: Incineroar|Intimidate|boost\n|-unboost|p1a: Conkeldurr|atk|1\n|-unboost|p1b: Mimikyu|atk|1\n|turn|1\n|\n|t:|1776663159\n|detailschange|p2b: Froslass|Froslass-Mega, L50, F, shiny\n|-mega|p2b: Froslass|Froslass|Froslassite\n|-weather|Snowscape|[from] ability: Snow Warning|[of] p2b: Froslass\n|move|p1a: Conkeldurr|Wide Guard|p1a: Conkeldurr\n|-singleturn|p1a: Conkeldurr|Wide Guard\n|move|p2b: Froslass|Aurora Veil|p2b: Froslass\n|-sidestart|p2: MilkTeaWayGalaxy|move: Aurora Veil\n|move|p2a: Incineroar|Parting Shot|p1a: Conkeldurr\n|-unboost|p1a: Conkeldurr|atk|1\n|-unboost|p1a: Conkeldurr|spa|1\n|\n|t:|1776663171\n|switch|p2a: Basculegion|Basculegion, L50, M|100/100|[from] Parting Shot\n|move|p1b: Mimikyu|Trick Room|p1b: Mimikyu\n|-fieldstart|move: Trick Room|[of] p1b: Mimikyu\n|\n|-weather|Snowscape|[upkeep]\n|upkeep\n|turn|2\n|\n|t:|1776663195\n|move|p2a: Basculegion|Aqua Jet|p1b: Mimikyu\n|-activate|p1b: Mimikyu|ability: Disguise\n|-damage|p1b: Mimikyu|100/100\n|detailschange|p1b: Mimikyu|Mimikyu-Busted, L50, M\n|-damage|p1b: Mimikyu|88/100|[from] pokemon: Mimikyu-Busted\n|move|p1a: Conkeldurr|Knock Off|p2a: Basculegion\n|-supereffective|p2a: Basculegion|1\n|-damage|p2a: Basculegion|67/100\n|-enditem|p2a: Basculegion|Choice Scarf|[from] move: Knock Off|[of] p1a: Conkeldurr\n|move|p1b: Mimikyu|Shadow Claw|p2a: Basculegion\n|-supereffective|p2a: Basculegion|1\n|-damage|p2a: Basculegion|34/100\n|move|p2b: Froslass|Shadow Ball|p1b: Mimikyu\n|-supereffective|p1b: Mimikyu|1\n|-damage|p1b: Mimikyu|9/100\n|\n|-weather|Snowscape|[upkeep]\n|upkeep\n|turn|3\n|\n|t:|1776663213\n|move|p2a: Basculegion|Aqua Jet|p1b: Mimikyu\n|-crit|p1b: Mimikyu\n|-damage|p1b: Mimikyu|0 fnt\n|faint|p1b: Mimikyu\n|move|p1a: Conkeldurr|Rock Slide|p2a: Basculegion|[spread] p2a\n|-miss|p1a: Conkeldurr|p2b: Froslass\n|-damage|p2a: Basculegion|25/100\n|move|p2b: Froslass|Blizzard|p1a: Conkeldurr\n|-damage|p1a: Conkeldurr|39/100\n|\n|-weather|Snowscape|[upkeep]\n|-heal|p1a: Conkeldurr|45/100|[from] item: Leftovers\n|upkeep\n|\n|t:|1776663219\n|switch|p1b: Sylveon|Sylveon, L50, M|100/100\n|turn|4\n|\n|t:|1776663231\n|switch|p1a: Gardevoir|Gardevoir, L50, F|100/100\n|-ability|p1a: Gardevoir|Adaptability|Trace|[from] ability: Trace|[of] p2a: Basculegion\n|switch|p2a: Incineroar|Incineroar, L50, F, shiny|100/100\n|-ability|p2a: Incineroar|Intimidate|boost\n|-unboost|p1a: Gardevoir|atk|1\n|-unboost|p1b: Sylveon|atk|1\n|move|p1b: Sylveon|Hyper Voice|p2a: Incineroar|[spread] p2a,p2b\n|-damage|p2a: Incineroar|74/100\n|-damage|p2b: Froslass|65/100\n|move|p2b: Froslass|Shadow Ball|p1a: Gardevoir\n|-supereffective|p1a: Gardevoir|1\n|-damage|p1a: Gardevoir|25/100\n|\n|-weather|Snowscape|[upkeep]\n|-heal|p2a: Incineroar|80/100|[from] item: Leftovers\n|upkeep\n|turn|5\n|\n|t:|1776663248\n|detailschange|p1a: Gardevoir|Gardevoir-Mega, L50, F\n|-mega|p1a: Gardevoir|Gardevoir|Gardevoirite\n|move|p2a: Incineroar|Fake Out|p1a: Gardevoir\n|-damage|p1a: Gardevoir|9/100\n|move|p1b: Sylveon|Hyper Voice|p2a: Incineroar|[spread] p2a,p2b\n|-damage|p2a: Incineroar|55/100\n|-damage|p2b: Froslass|23/100\n|cant|p1a: Gardevoir|flinch\n|move|p2b: Froslass|Blizzard|p1a: Gardevoir|[spread] p1a,p1b\n|-damage|p1a: Gardevoir|0 fnt\n|-damage|p1b: Sylveon|69/100\n|faint|p1a: Gardevoir\n|\n|-weather|none\n|-heal|p2a: Incineroar|61/100|[from] item: Leftovers\n|-sideend|p2: MilkTeaWayGalaxy|move: Aurora Veil\n|-fieldend|move: Trick Room\n|upkeep\n|\n|t:|1776663252\n|switch|p1a: Conkeldurr|Conkeldurr, L50, M|45/100\n|turn|6\n|\n|t:|1776663261\n|move|p2b: Froslass|Shadow Ball|p1a: Conkeldurr\n|-damage|p1a: Conkeldurr|0 fnt\n|faint|p1a: Conkeldurr\n|move|p2a: Incineroar|Parting Shot|p1b: Sylveon\n|-unboost|p1b: Sylveon|atk|1\n|-unboost|p1b: Sylveon|spa|1\n|\n|t:|1776663265\n|switch|p2a: Kingambit|Kingambit, L50, M|100/100|[from] Parting Shot\n|move|p1b: Sylveon|Hyper Voice|p2a: Kingambit|[spread] p2a,p2b\n|-damage|p2a: Kingambit|73/100\n|-damage|p2b: Froslass|0 fnt\n|faint|p2b: Froslass\n|\n|upkeep\n|\n|t:|1776663268\n|switch|p2b: Incineroar|Incineroar, L50, F, shiny|61/100\n|-ability|p2b: Incineroar|Intimidate|boost\n|-unboost|p1b: Sylveon|atk|1\n|turn|7\n|-message|NotThePinkReaper forfeited.\n|\n|win|MilkTeaWayGalaxy\n|raw|NotThePinkReaper's rating: 1437 &rarr; <strong>1414</strong><br />(-23 for losing)\n|raw|MilkTeaWayGalaxy's rating: 1390 &rarr; <strong>1413</strong><br />(+23 for winning)\n|l|\u2606NotThePinkReaper\n|player|p1|\n",
  "uploadtime": 1776663272,
  "views": 10,
  "formatid": "gen9championsvgc2026regma",
  "rating": 1413,
  "private": 0,
  "password": null
}