{
  "id": "gen9championsvgc2026regma-2583581207",
  "format": "[Gen 9 Champions] VGC 2026 Reg M-A",
  "players": [
    "notasquiremario",
    "Rulrus"
  ],
  "log": "|j|\u2606notasquiremario\n|j|\u2606Rulrus\n|t:|1776184628\n|gametype|doubles\n|player|p1|notasquiremario|burglar|1179\n|player|p2|Rulrus|zinzolin|1080\n|gen|9\n|tier|[Gen 9 Champions] VGC 2026 Reg M-A\n|rated|\n|rule|Species Clause: Limit one of each Pok\u00e9mon\n|rule|Item Clause: Limit 1 of each item\n|clearpoke\n|poke|p1|Sneasler, L50, M|\n|poke|p1|Torkoal, L50, F|\n|poke|p1|Delphox, L50, M|\n|poke|p1|Kingambit, L50, M|\n|poke|p1|Sinistcha, L50|\n|poke|p1|Farigiraf, L50, F|\n|poke|p2|Sinistcha, L50|\n|poke|p2|Talonflame, L50, F|\n|poke|p2|Sneasler, L50, M|\n|poke|p2|Blastoise, L50, F|\n|poke|p2|Incineroar, L50, M|\n|poke|p2|Aerodactyl, L50, F|\n|teampreview|4\n|inactive|Battle timer is ON: inactive players will automatically lose when time's up. (requested by Rulrus)\nnotasquiremario has agreed to open team sheets.\n|j| SENSHOO\n|c|\u2606notasquiremario|hello o7\n|c|\u2606Rulrus|hi\n|c|\u2606Rulrus|glhf\n|inactive|notasquiremario has 60 seconds left.\n|inactive|Rulrus has 60 seconds left.\nRulrus has agreed to open team sheets.\n|showteam|p1|Sneasler||WhiteHerb|Unburden|CloseCombat,DireClaw,FakeOut,Uturn|||M|||50|]Torkoal||Charcoal|Drought|Eruption,Protect,Flamethrower,SolarBeam|||F|||50|]Delphox||Delphoxite|Blaze|Flamethrower,HeatWave,GrassKnot,Protect|||M|||50|]Kingambit||ChopleBerry|SupremeOverlord|SuckerPunch,KowtowCleave,IronHead,Protect|||M|||50|]Sinistcha||ShellBell|Hospitality|MatchaGotcha,Protect,ShadowBall,StrengthSap||||||50|]Farigiraf||SitrusBerry|ArmorTail|FoulPlay,TrickRoom,HyperVoice,Protect|||F|||50|\n|showteam|p2|Sinistcha||Leftovers|Hospitality|MatchaGotcha,RagePowder,TrickRoom,StrengthSap||||||50|]Talonflame||FocusSash|GaleWings|Tailwind,DualWingbeat,Protect,QuickGuard|||F|||50|]Sneasler||WhiteHerb|Unburden|FakeOut,CloseCombat,DireClaw,Protect|||M|||50|]Blastoise||Blastoisinite|RainDish|AuraSphere,WaterSpout,Protect,IceBeam|||F|||50|]Incineroar||SitrusBerry|Intimidate|FakeOut,PartingShot,FlareBlitz,Taunt|||M|||50|]Aerodactyl||Aerodactylite|Pressure|RockSlide,DualWingbeat,Tailwind,Protect|||F|||50|\n|\n|t:|1776184681\n|teamsize|p1|4\n|teamsize|p2|4\n|start\n|switch|p1a: Sneasler|Sneasler, L50, M|100/100\n|switch|p1b: Farigiraf|Farigiraf, L50, F, shiny|100/100\n|switch|p2a: Incineroar|Incineroar, L50, M|100/100\n|switch|p2b: Sinistcha|Sinistcha, L50|100/100\n|-ability|p2a: Incineroar|Intimidate|boost\n|-unboost|p1a: Sneasler|atk|1\n|-unboost|p1b: Farigiraf|atk|1\n|-enditem|p1a: Sneasler|White Herb\n|-clearnegativeboost|p1a: Sneasler|[silent]\n|turn|1\n|inactive|Rulrus has 30 seconds left.\n|\n|t:|1776184707\n|switch|p2a: Sneasler|Sneasler, L50, M|100/100\n|move|p1a: Sneasler|Close Combat|p2a: Sneasler\n|-resisted|p2a: Sneasler|1\n|-damage|p2a: Sneasler|47/100\n|-unboost|p1a: Sneasler|def|1\n|-unboost|p1a: Sneasler|spd|1\n|move|p2b: Sinistcha|Matcha Gotcha|p1a: Sneasler|[spread] p1a,p1b\n|-resisted|p1a: Sneasler|1\n|-crit|p1a: Sneasler\n|-damage|p1a: Sneasler|60/100\n|-damage|p1b: Farigiraf|77/100\n|move|p1b: Farigiraf|Foul Play|p2b: Sinistcha\n|-supereffective|p2b: Sinistcha|1\n|-damage|p2b: Sinistcha|76/100\n|\n|-heal|p2b: Sinistcha|82/100|[from] item: Leftovers\n|upkeep\n|turn|2\n|\n|t:|1776184729\n|switch|p2a: Incineroar|Incineroar, L50, M|100/100\n|-ability|p2a: Incineroar|Intimidate|boost\n|-unboost|p1a: Sneasler|atk|1\n|-unboost|p1b: Farigiraf|atk|1\n|move|p1a: Sneasler|U-turn|p2b: Sinistcha\n|-damage|p2b: Sinistcha|67/100\n|\n|t:|1776184735\n|switch|p1a: Kingambit|Kingambit, L50, M|100/100|[from] U-turn\n|move|p2b: Sinistcha|Matcha Gotcha|p1a: Kingambit|[spread] p1a,p1b\n|-resisted|p1a: Kingambit|1\n|-damage|p1a: Kingambit|87/100\n|-heal|p2b: Sinistcha|75/100|[from] drain|[of] p1a: Kingambit\n|-damage|p1b: Farigiraf|51/100\n|-heal|p2b: Sinistcha|90/100|[from] drain|[of] p1b: Farigiraf\n|move|p1b: Farigiraf|Trick Room|p1b: Farigiraf\n|-fieldstart|move: Trick Room|[of] p1b: Farigiraf\n|\n|-heal|p2b: Sinistcha|96/100|[from] item: Leftovers\n|upkeep\n|turn|3\n|\n|t:|1776184751\n|switch|p2b: Sneasler|Sneasler, L50, M|47/100\n|move|p1a: Kingambit|Kowtow Cleave|p2b: Sneasler\n|-resisted|p2b: Sneasler|1\n|-damage|p2b: Sneasler|4/100\n|move|p1b: Farigiraf|Hyper Voice|p2b: Sneasler|[spread] p2a,p2b\n|-damage|p2a: Incineroar|81/100\n|-damage|p2b: Sneasler|0 fnt\n|faint|p2b: Sneasler\n|move|p2a: Incineroar|Flare Blitz|p1a: Kingambit\n|-supereffective|p1a: Kingambit|1\n|-damage|p1a: Kingambit|12/100\n|-damage|p2a: Incineroar|55/100|[from] Recoil\n|\n|upkeep\n|\n|t:|1776184760\n|switch|p2b: Sinistcha|Sinistcha, L50|96/100\n|-heal|p2a: Incineroar|80/100|[from] ability: Hospitality|[of] p2b: Sinistcha\n|turn|4\n|\n|t:|1776184771\n|move|p1a: Kingambit|Kowtow Cleave|p2b: Sinistcha\n|-supereffective|p2b: Sinistcha|1\n|-damage|p2b: Sinistcha|21/100\n|move|p1b: Farigiraf|Foul Play|p2a: Incineroar\n|-resisted|p2a: Incineroar|1\n|-damage|p2a: Incineroar|67/100\n|move|p2a: Incineroar|Flare Blitz|p1a: Kingambit\n|-supereffective|p1a: Kingambit|1\n|-damage|p1a: Kingambit|0 fnt\n|faint|p1a: Kingambit\n|-end|p1a: Kingambit|fallenundefined|[silent]\n|-damage|p2a: Incineroar|63/100|[from] Recoil\n|move|p2b: Sinistcha|Matcha Gotcha|p1b: Farigiraf\n|-damage|p1b: Farigiraf|22/100\n|-heal|p2b: Sinistcha|37/100|[from] drain|[of] p1b: Farigiraf\n|-enditem|p1b: Farigiraf|Sitrus Berry|[eat]\n|-heal|p1b: Farigiraf|47/100|[from] item: Sitrus Berry\n|\n|-heal|p2b: Sinistcha|43/100|[from] item: Leftovers\n|upkeep\n|\n|t:|1776184778\n|switch|p1a: Delphox|Delphox, L50, M|100/100\n|turn|5\n|\n|t:|1776184790\n|detailschange|p1a: Delphox|Delphox-Mega, L50, M\n|-mega|p1a: Delphox|Delphox|Delphoxite\n|move|p2a: Incineroar|Parting Shot|p1a: Delphox\n|-unboost|p1a: Delphox|atk|1\n|-unboost|p1a: Delphox|spa|1\n|\n|t:|1776184793\n|switch|p2a: Blastoise|Blastoise, L50, F|100/100|[from] Parting Shot\n|move|p2b: Sinistcha|Matcha Gotcha|p1b: Farigiraf|[spread] p1a,p1b\n|-resisted|p1a: Delphox|1\n|-damage|p1a: Delphox|86/100\n|-heal|p2b: Sinistcha|49/100|[from] drain|[of] p1a: Delphox\n|-damage|p1b: Farigiraf|24/100\n|-heal|p2b: Sinistcha|62/100|[from] drain|[of] p1b: Farigiraf\n|move|p1a: Delphox|Heat Wave|p2a: Blastoise|[spread] p2a,p2b\n|-resisted|p2a: Blastoise|1\n|-supereffective|p2b: Sinistcha|1\n|-damage|p2a: Blastoise|84/100\n|-damage|p2b: Sinistcha|0 fnt\n|faint|p2b: Sinistcha\n|move|p1b: Farigiraf|Trick Room|p1b: Farigiraf\n|-fieldend|move: Trick Room\n|\n|upkeep\n|\n|t:|1776184803\n|switch|p2b: Incineroar|Incineroar, L50, M|63/100\n|-ability|p2b: Incineroar|Intimidate|boost\n|-unboost|p1a: Delphox|atk|1\n|-unboost|p1b: Farigiraf|atk|1\n|turn|6\n|\n|t:|1776184815\n|move|p2a: Blastoise|Protect|p2a: Blastoise\n|-singleturn|p2a: Blastoise|Protect\n|move|p1a: Delphox|Grass Knot|p2a: Blastoise\n|-activate|p2a: Blastoise|move: Protect\n|move|p2b: Incineroar|Flare Blitz|p1b: Farigiraf\n|-damage|p1b: Farigiraf|0 fnt\n|faint|p1b: Farigiraf\n|-damage|p2b: Incineroar|55/100|[from] Recoil\n|\n|upkeep\n|\n|t:|1776184818\n|switch|p1b: Sneasler|Sneasler, L50, M|60/100\n|turn|7\n|\n|t:|1776184833\n|detailschange|p2a: Blastoise|Blastoise-Mega, L50, F\n|-mega|p2a: Blastoise|Blastoise|Blastoisinite\n|move|p1a: Delphox|Grass Knot|p2a: Blastoise\n|-supereffective|p2a: Blastoise|1\n|-damage|p2a: Blastoise|27/100\n|move|p1b: Sneasler|Close Combat|p2b: Incineroar\n|-supereffective|p2b: Incineroar|1\n|-damage|p2b: Incineroar|0 fnt\n|-unboost|p1b: Sneasler|def|1\n|-unboost|p1b: Sneasler|spd|1\n|faint|p2b: Incineroar\n|move|p2a: Blastoise|Ice Beam|p1b: Sneasler\n|-damage|p1b: Sneasler|0 fnt\n|faint|p1b: Sneasler\n|\n|upkeep\n|turn|8\n|\n|t:|1776184846\n|move|p1a: Delphox|Grass Knot|p2a: Blastoise\n|-supereffective|p2a: Blastoise|1\n|-damage|p2a: Blastoise|0 fnt\n|faint|p2a: Blastoise\n|\n|win|notasquiremario\n|raw|notasquiremario's rating: 1179 &rarr; <strong>1197</strong><br />(+18 for winning)\n|raw|Rulrus's rating: 1080 &rarr; <strong>1064</strong><br />(-16 for losing)\n",
  "uploadtime": 1776184847,
  "views": 12,
  "formatid": "gen9championsvgc2026regma",
  "rating": 1064,
  "private": 0,
  "password": null
}