{
  "id": "gen9championsvgc2026regma-2584721875",
  "format": "[Gen 9 Champions] VGC 2026 Reg M-A",
  "players": [
    "gutinhu",
    "warges"
  ],
  "log": "|j|\u2606gutinhu\n|j|\u2606warges\n|t:|1776279056\n|gametype|doubles\n|player|p1|gutinhu|170|1111\n|player|p2|warges|1|1076\n|gen|9\n|tier|[Gen 9 Champions] VGC 2026 Reg M-A\n|rated|\n|rule|Species Clause: Limit one of each Pok\u00e9mon\n|rule|Item Clause: Limit 1 of each item\n|clearpoke\n|poke|p1|Incineroar, L50, F|\n|poke|p1|Froslass, L50, F|\n|poke|p1|Whimsicott, L50, M|\n|poke|p1|Milotic, L50, M|\n|poke|p1|Orthworm, L50, F|\n|poke|p1|Garchomp, L50, M|\n|poke|p2|Archaludon, L50, F|\n|poke|p2|Dragonite, L50, F|\n|poke|p2|Sinistcha, L50|\n|poke|p2|Basculegion, L50, M|\n|poke|p2|Pelipper, L50, F|\n|poke|p2|Kingambit, L50, M|\n|teampreview|4\n|inactive|Battle timer is ON: inactive players will automatically lose when time's up. (requested by gutinhu)\n|inactive|gutinhu has 60 seconds left.\n|\n|t:|1776279106\n|teamsize|p1|4\n|teamsize|p2|4\n|start\n|switch|p1a: Orthworm|Orthworm, L50, F|100/100\n|switch|p1b: Whimsicott|Whimsicott, L50, M|100/100\n|switch|p2a: Kingambit|Kingambit, L50, M|100/100\n|switch|p2b: Dragonite|Dragonite, L50, F|100/100\n|turn|1\n|inactive|warges has 30 seconds left.\n|\n|t:|1776279134\n|detailschange|p2b: Dragonite|Dragonite-Mega, L50, F\n|-mega|p2b: Dragonite|Dragonite|Dragoninite\n|move|p1b: Whimsicott|Moonblast|p2b: Dragonite\n|-supereffective|p2b: Dragonite|1\n|-damage|p2b: Dragonite|79/100\n|move|p2b: Dragonite|Hurricane|p1b: Whimsicott\n|-supereffective|p1b: Whimsicott|1\n|-enditem|p1b: Whimsicott|Focus Sash\n|-damage|p1b: Whimsicott|1/100\n|-start|p1b: Whimsicott|confusion\n|move|p1a: Orthworm|Body Press|p2a: Kingambit\n|-supereffective|p2a: Kingambit|2\n|-damage|p2a: Kingambit|14/100\n|move|p2a: Kingambit|Swords Dance|p2a: Kingambit\n|-boost|p2a: Kingambit|atk|2\n|\n|upkeep\n|turn|2\n|inactive|gutinhu has 30 seconds left.\n|inactive|warges has 30 seconds left.\n|inactive|warges has 20 seconds left.\n|inactive|warges has 15 seconds left.\n|inactive|gutinhu has 20 seconds left.\n|inactive|warges has 10 seconds left.\n|inactive|gutinhu has 15 seconds left.\n|\n|t:|1776279184\n|switch|p2b: Sinistcha|Sinistcha, L50|100/100\n|-heal|p2a: Kingambit|38/100|[from] ability: Hospitality|[of] p2b: Sinistcha\n|-activate|p1b: Whimsicott|confusion\n|move|p1b: Whimsicott|Tailwind|p1b: Whimsicott\n|-sidestart|p1: gutinhu|move: Tailwind\n|move|p1a: Orthworm|Body Press|p2a: Kingambit\n|-supereffective|p2a: Kingambit|2\n|-damage|p2a: Kingambit|0 fnt\n|faint|p2a: Kingambit\n|\n|upkeep\n|\n|t:|1776279196\n|switch|p2a: Basculegion|Basculegion, L50, M|100/100\n|turn|3\n|\n|t:|1776279218\n|switch|p1b: Garchomp|Garchomp, L50, M|100/100\n|move|p2b: Sinistcha|Rage Powder|p2b: Sinistcha\n|-singleturn|p2b: Sinistcha|move: Rage Powder\n|move|p2a: Basculegion|Flip Turn|p1b: Garchomp\n|-damage|p1b: Garchomp|65/100\n|-damage|p2a: Basculegion|88/100|[from] ability: Rough Skin|[of] p1b: Garchomp\n|\n|t:|1776279226\n|switch|p2a: Dragonite|Dragonite-Mega, L50, F|79/100|[from] Flip Turn\n|move|p1a: Orthworm|Heavy Slam|p2b: Sinistcha\n|-damage|p2b: Sinistcha|70/100\n|\n|upkeep\n|turn|4\n|\n|t:|1776279247\n|switch|p1b: Whimsicott|Whimsicott, L50, M|1/100\n|move|p2a: Dragonite|Protect|p2a: Dragonite\n|-singleturn|p2a: Dragonite|Protect\n|move|p1a: Orthworm|Shed Tail|p1a: Orthworm\n|-start|p1a: Orthworm|Substitute|[from] move: Shed Tail\n|-damage|p1a: Orthworm|50/100\n|-enditem|p1a: Orthworm|Sitrus Berry|[eat]\n|-heal|p1a: Orthworm|75/100|[from] item: Sitrus Berry\n|\n|t:|1776279256\n|switch|p1a: Froslass|Froslass, L50, F|100/100|[from] Shed Tail\n|move|p2b: Sinistcha|Matcha Gotcha|p1a: Froslass|[spread] p1a,p1b\n|-end|p1a: Froslass|Substitute\n|-heal|p2b: Sinistcha|82/100|[from] drain|[of] p1a: Froslass\n|-resisted|p1b: Whimsicott|1\n|-damage|p1b: Whimsicott|0 fnt\n|-heal|p2b: Sinistcha|83/100|[from] drain|[of] p1b: Whimsicott\n|faint|p1b: Whimsicott\n|\n|upkeep\n|\n|t:|1776279268\n|switch|p1b: Garchomp|Garchomp, L50, M|65/100\n|turn|5\n|\n|t:|1776279286\n|detailschange|p1a: Froslass|Froslass-Mega, L50, F\n|-mega|p1a: Froslass|Froslass|Froslassite\n|-weather|Snowscape|[from] ability: Snow Warning|[of] p1a: Froslass\n|move|p2b: Sinistcha|Rage Powder|p2b: Sinistcha\n|-singleturn|p2b: Sinistcha|move: Rage Powder\n|move|p1b: Garchomp|Thunder Fang|p2b: Sinistcha\n|-resisted|p2b: Sinistcha|1\n|-damage|p2b: Sinistcha|74/100\n|move|p1a: Froslass|Blizzard|p2b: Sinistcha|[spread] p2a,p2b\n|-supereffective|p2a: Dragonite|2\n|-supereffective|p2b: Sinistcha|1\n|-damage|p2a: Dragonite|0 fnt\n|-damage|p2b: Sinistcha|0 fnt\n|faint|p2a: Dragonite\n|faint|p2b: Sinistcha\n|\n|-weather|Snowscape|[upkeep]\n|-sideend|p1: gutinhu|move: Tailwind\n|upkeep\n|-message|warges forfeited.\n|\n|win|gutinhu\n|raw|gutinhu's rating: 1111 &rarr; <strong>1133</strong><br />(+22 for winning)\n|raw|warges's rating: 1076 &rarr; <strong>1057</strong><br />(-19 for losing)\n|l|\u2606warges\n|player|p2|\n",
  "uploadtime": 1776279301,
  "views": 15,
  "formatid": "gen9championsvgc2026regma",
  "rating": 1057,
  "private": 0,
  "password": null
}