{
  "id": "gen9championsvgc2026regma-2589455926",
  "format": "[Gen 9 Champions] VGC 2026 Reg M-A",
  "players": [
    "e4mence",
    "aeronash"
  ],
  "log": "|j|\u2606e4mence\n|j|\u2606aeronash\n|t:|1776724528\n|gametype|doubles\n|player|p1|e4mence|266|1118\n|player|p2|aeronash|raihan-masters|1156\n|gen|9\n|tier|[Gen 9 Champions] VGC 2026 Reg M-A\n|rated|\n|rule|Species Clause: Limit one of each Pok\u00e9mon\n|rule|Item Clause: Limit 1 of each item\n|clearpoke\n|poke|p1|Scovillain, L50, F|\n|poke|p1|Sneasler, L50, M|\n|poke|p1|Aerodactyl, L50, M|\n|poke|p1|Incineroar, L50, F|\n|poke|p1|Basculegion, L50, M|\n|poke|p1|Garchomp, L50, M|\n|poke|p2|Hydreigon, L50, M, shiny|\n|poke|p2|Tyranitar, L50, M, shiny|\n|poke|p2|Excadrill, L50, M, shiny|\n|poke|p2|Mimikyu, L50, F, shiny|\n|poke|p2|Rotom-Wash, L50, shiny|\n|poke|p2|Corviknight, L50, F, shiny|\n|teampreview|4\n|inactive|Battle timer is ON: inactive players will automatically lose when time's up. (requested by aeronash)\n|\n|t:|1776724562\n|teamsize|p1|4\n|teamsize|p2|4\n|start\n|switch|p1a: Scovillain|Scovillain, L50, F|100/100\n|switch|p1b: Aerodactyl|Aerodactyl, L50, M|100/100\n|switch|p2a: Disguise|Mimikyu, L50, F, shiny|100/100\n|switch|p2b: Plasma|Rotom-Wash, L50, shiny|100/100\n|-ability|p1b: Aerodactyl|Unnerve\n|turn|1\n|\n|t:|1776724583\n|move|p1b: Aerodactyl|Protect|p1b: Aerodactyl\n|-singleturn|p1b: Aerodactyl|Protect\n|move|p2a: Disguise|Protect|p2a: Disguise\n|-singleturn|p2a: Disguise|Protect\n|move|p1a: Scovillain|Protect|p1a: Scovillain\n|-singleturn|p1a: Scovillain|Protect\n|move|p2b: Plasma|Will-O-Wisp|p1b: Aerodactyl\n|-activate|p1b: Aerodactyl|move: Protect\n|\n|-ability|p1a: Scovillain|Moody|boost\n|-boost|p1a: Scovillain|def|2\n|-unboost|p1a: Scovillain|spd|1\n|upkeep\n|turn|2\n|\n|t:|1776724606\n|detailschange|p1a: Scovillain|Scovillain-Mega, L50, F\n|-mega|p1a: Scovillain|Scovillain|Scovillainite\n|move|p1a: Scovillain|Rage Powder|p1a: Scovillain\n|-singleturn|p1a: Scovillain|move: Rage Powder\n|move|p1b: Aerodactyl|Rock Slide|p2a: Disguise|[spread] p2a,p2b\n|-activate|p2a: Disguise|ability: Disguise\n|-damage|p2a: Disguise|100/100\n|-damage|p2b: Plasma|81/100\n|detailschange|p2a: Disguise|Mimikyu-Busted, L50, F, shiny\n|-damage|p2a: Disguise|88/100|[from] pokemon: Mimikyu-Busted\n|move|p2a: Disguise|Play Rough|p1a: Scovillain\n|-resisted|p1a: Scovillain|1\n|-damage|p1a: Scovillain|92/100\n|-status|p2a: Disguise|brn|[from] ability: Spicy Spray|[of] p1a: Scovillain\n|cant|p2b: Plasma|flinch\n|\n|-damage|p2a: Disguise|82/100 brn|[from] brn\n|upkeep\n|turn|3\n|\n|t:|1776724630\n|move|p1b: Aerodactyl|Protect|p1b: Aerodactyl\n|-singleturn|p1b: Aerodactyl|Protect\n|move|p2a: Disguise|Shadow Sneak|p1b: Aerodactyl\n|-activate|p1b: Aerodactyl|move: Protect\n|move|p2b: Plasma|Hydro Pump|p1a: Scovillain\n|-damage|p1a: Scovillain|32/100\n|-status|p2b: Plasma|brn|[from] ability: Spicy Spray|[of] p1a: Scovillain\n|move|p1a: Scovillain|Leech Seed|p2b: Plasma\n|-start|p2b: Plasma|move: Leech Seed\n|\n|-damage|p2b: Plasma|69/100 brn|[from] Leech Seed|[of] p1a: Scovillain\n|-heal|p1a: Scovillain|44/100|[silent]\n|-damage|p2a: Disguise|76/100 brn|[from] brn\n|-damage|p2b: Plasma|64/100 brn|[from] brn\n|upkeep\n|turn|4\n|\n|t:|1776724653\n|move|p2a: Disguise|Protect|p2a: Disguise\n|-singleturn|p2a: Disguise|Protect\n|move|p1b: Aerodactyl|Rock Slide|p2b: Plasma|[spread] p2b\n|-activate|p2a: Disguise|move: Protect\n|-damage|p2b: Plasma|44/100 brn\n|move|p2b: Plasma|Hydro Pump|p1a: Scovillain\n|-damage|p1a: Scovillain|0 fnt\n|faint|p1a: Scovillain\n|\n|-damage|p2a: Disguise|70/100 brn|[from] brn\n|-damage|p2b: Plasma|39/100 brn|[from] brn\n|upkeep\n|\n|t:|1776724669\n|switch|p1a: Garchomp|Garchomp, L50, M|100/100\n|turn|5\n|\n|t:|1776724683\n|move|p1b: Aerodactyl|Rock Slide|p2a: Disguise|[spread] p2a\n|-miss|p1b: Aerodactyl|p2b: Plasma\n|-damage|p2a: Disguise|31/100 brn\n|cant|p2a: Disguise|flinch\n|move|p1a: Garchomp|Stomping Tantrum|p2a: Disguise\n|-damage|p2a: Disguise|0 fnt\n|faint|p2a: Disguise\n|move|p2b: Plasma|Will-O-Wisp|p1a: Garchomp\n|-status|p1a: Garchomp|brn\n|\n|-damage|p2b: Plasma|27/100 brn|[from] Leech Seed|[of] p1a: Garchomp\n|-damage|p1a: Garchomp|95/100 brn|[from] brn\n|-damage|p2b: Plasma|21/100 brn|[from] brn\n|upkeep\n|\n|t:|1776724694\n|switch|p2a: Armor|Tyranitar, L50, M, shiny|100/100\n|-weather|Sandstorm|[from] ability: Sand Stream|[of] p2a: Armor\n|turn|6\n|\n|t:|1776724705\n|detailschange|p2a: Armor|Tyranitar-Mega, L50, M, shiny\n|-mega|p2a: Armor|Tyranitar|Tyranitarite\n|move|p1b: Aerodactyl|Tailwind|p1b: Aerodactyl\n|-sidestart|p1: e4mence|move: Tailwind\n|move|p1a: Garchomp|Earthquake|p2b: Plasma|[spread] p2a\n|-immune|p1b: Aerodactyl\n|-immune|p2b: Plasma|[from] ability: Levitate\n|-supereffective|p2a: Armor|1\n|-damage|p2a: Armor|76/100\n|move|p2b: Plasma|Will-O-Wisp|p1b: Aerodactyl\n|-status|p1b: Aerodactyl|brn\n|move|p2a: Armor|Rock Slide|p1b: Aerodactyl|[spread] p1a,p1b\n|-resisted|p1a: Garchomp|1\n|-supereffective|p1b: Aerodactyl|1\n|-damage|p1a: Garchomp|73/100 brn\n|-enditem|p1b: Aerodactyl|Focus Sash\n|-damage|p1b: Aerodactyl|1/100 brn\n|\n|-weather|Sandstorm|[upkeep]\n|-damage|p2b: Plasma|15/100 brn|[from] Sandstorm\n|-damage|p2b: Plasma|3/100 brn|[from] Leech Seed|[of] p1a: Garchomp\n|-heal|p1a: Garchomp|84/100 brn|[silent]\n|-damage|p1b: Aerodactyl|0 fnt|[from] brn\n|faint|p1b: Aerodactyl\n|-damage|p1a: Garchomp|78/100 brn|[from] brn\n|-damage|p2b: Plasma|0 fnt|[from] brn\n|faint|p2b: Plasma\n|upkeep\n|\n|t:|1776724720\n|switch|p1b: Basculegion|Basculegion, L50, M|100/100\n|switch|p2b: Subterrene|Excadrill, L50, M, shiny|100/100\n|turn|7\n|\n|t:|1776724727\n|move|p1b: Basculegion|Wave Crash|p2a: Armor\n|-supereffective|p2a: Armor|1\n|-damage|p2a: Armor|0 fnt\n|faint|p2a: Armor\n|-damage|p1b: Basculegion|75/100|[from] Recoil\n|move|p1a: Garchomp|Stomping Tantrum|p2b: Subterrene\n|-supereffective|p2b: Subterrene|1\n|-damage|p2b: Subterrene|38/100\n|move|p2b: Subterrene|Rock Slide|p1a: Garchomp|[spread] p1a,p1b\n|-resisted|p1a: Garchomp|1\n|-damage|p1a: Garchomp|67/100 brn\n|-damage|p1b: Basculegion|46/100\n|\n|-weather|Sandstorm|[upkeep]\n|-damage|p1b: Basculegion|40/100|[from] Sandstorm\n|-damage|p1a: Garchomp|61/100 brn|[from] brn\n|upkeep\n|turn|8\n|\n|t:|1776724739\n|move|p1b: Basculegion|Wave Crash|p2b: Subterrene\n|-supereffective|p2b: Subterrene|1\n|-damage|p2b: Subterrene|0 fnt\n|faint|p2b: Subterrene\n|-damage|p1b: Basculegion|28/100|[from] Recoil\n|\n|win|e4mence\n|raw|e4mence's rating: 1118 &rarr; <strong>1146</strong><br />(+28 for winning)\n|raw|aeronash's rating: 1156 &rarr; <strong>1128</strong><br />(-28 for losing)\n|l|\u2606aeronash\n|player|p2|\n",
  "uploadtime": 1776724749,
  "views": 11,
  "formatid": "gen9championsvgc2026regma",
  "rating": 1128,
  "private": 0,
  "password": null
}