{
  "id": "gen9championsvgc2026regma-2582733197",
  "format": "[Gen 9 Champions] VGC 2026 Reg M-A",
  "players": [
    "Wendall555",
    "GeneticIvy"
  ],
  "log": "|j|\u2606Wendall555\n|j|\u2606GeneticIvy\n|html|<table width=\"100%\"><tr><td align=\"left\">Wendall555</td><td align=\"right\">GeneticIvy</tr><tr><td align=\"left\"><i class=\"fa fa-circle-o\"></i> <i class=\"fa fa-circle-o\"></i> </td><td align=\"right\"><i class=\"fa fa-circle-o\"></i> <i class=\"fa fa-circle\"></i> </tr></table>\n|uhtml|bestof|<h2><strong>Game 2</strong> of <a href=\"/game-bestof3-gen9championsvgc2026regma-2582729882\">a best-of-3</a></h2>\n|t:|1776110342\n|gametype|doubles\n|player|p1|Wendall555|lucas-gen4pt|\n|player|p2|GeneticIvy|beauty-gen6xy|\n|gen|9\n|tier|[Gen 9 Champions] VGC 2026 Reg M-A\n|rule|Species Clause: Limit one of each Pok\u00e9mon\n|rule|Item Clause: Limit 1 of each item\n|raw|<div class=\"infobox\"><details class=\"readmore\" open><summary><strong>1 custom rule:</strong></summary> Best of = 3</details></div>\n|clearpoke\n|poke|p1|Golurk, L50|\n|poke|p1|Rotom-Wash, L50|\n|poke|p1|Oranguru, L50, F|\n|poke|p1|Torkoal, L50, M|\n|poke|p1|Liepard, L50, M|\n|poke|p1|Sylveon, L50, M|\n|poke|p2|Medicham, L50, F|\n|poke|p2|Tyranitar, L50, F|\n|poke|p2|Milotic, L50, F|\n|poke|p2|Sinistcha, L50|\n|poke|p2|Maushold, L50|\n|poke|p2|Meowscarada, L50, F|\n|teampreview|4\nWendall555 rejected open team sheets.\n|\n|t:|1776110384\n|teamsize|p1|4\n|teamsize|p2|4\n|start\n|switch|p1a: Sylveon|Sylveon, L50, M|100/100\n|switch|p1b: Liepard|Liepard, L50, M|100/100\n|switch|p2a: Meowdy|Meowscarada, L50, F, shiny|100/100\n|switch|p2b: Mildred|Tyranitar, L50, F, shiny|100/100\n|-weather|Sandstorm|[from] ability: Sand Stream|[of] p2b: Mildred\n|turn|1\n|\n|t:|1776110408\n|switch|p2a: Millie|Milotic, L50, F, shiny|100/100\n|move|p2b: Mildred|Protect|p2b: Mildred\n|-singleturn|p2b: Mildred|Protect\n|move|p1b: Liepard|Fake Out|p2a: Millie\n|-damage|p2a: Millie|91/100\n|move|p1a: Sylveon|Hyper Voice|p2a: Millie|[spread] p2a\n|-activate|p2b: Mildred|move: Protect\n|-damage|p2a: Millie|62/100\n|\n|-weather|Sandstorm|[upkeep]\n|-damage|p1b: Liepard|95/100|[from] Sandstorm\n|-damage|p2a: Millie|56/100|[from] Sandstorm\n|-damage|p1a: Sylveon|95/100|[from] Sandstorm\n|-heal|p2a: Millie|62/100|[from] item: Leftovers\n|upkeep\n|turn|2\n|\n|t:|1776110430\n|move|p1b: Liepard|Taunt|p2a: Millie\n|-start|p2a: Millie|move: Taunt\n|cant|p2a: Millie|move: Taunt|Light Screen\n|move|p2b: Mildred|Knock Off|p1a: Sylveon\n|-resisted|p1a: Sylveon|1\n|-damage|p1a: Sylveon|56/100\n|-enditem|p1a: Sylveon|Fairy Feather|[from] move: Knock Off|[of] p2b: Mildred\n|move|p1a: Sylveon|Hyper Voice|p2a: Millie|[spread] p2a,p2b\n|-supereffective|p2b: Mildred|1\n|-damage|p2a: Millie|37/100\n|-damage|p2b: Mildred|57/100\n|\n|-weather|Sandstorm|[upkeep]\n|-damage|p1b: Liepard|89/100|[from] Sandstorm\n|-damage|p2a: Millie|31/100|[from] Sandstorm\n|-damage|p1a: Sylveon|50/100|[from] Sandstorm\n|-heal|p2a: Millie|37/100|[from] item: Leftovers\n|upkeep\n|turn|3\n|\n|t:|1776110448\n|move|p1a: Sylveon|Detect|p1a: Sylveon\n|-singleturn|p1a: Sylveon|Protect\n|move|p1b: Liepard|U-turn|p2b: Mildred\n|-supereffective|p2b: Mildred|1\n|-damage|p2b: Mildred|34/100\n|\n|t:|1776110454\n|switch|p1b: Rotom|Rotom-Wash, L50|100/100|[from] U-turn\n|move|p2a: Millie|Scald|p1a: Sylveon\n|-activate|p1a: Sylveon|move: Protect\n|move|p2b: Mildred|Rock Slide|p1a: Sylveon|[spread] p1b\n|-activate|p1a: Sylveon|move: Protect\n|-damage|p1b: Rotom|64/100\n|\n|-weather|Sandstorm|[upkeep]\n|-damage|p1b: Rotom|58/100|[from] Sandstorm\n|-damage|p2a: Millie|31/100|[from] Sandstorm\n|-damage|p1a: Sylveon|44/100|[from] Sandstorm\n|-heal|p2a: Millie|37/100|[from] item: Leftovers\n|upkeep\n|turn|4\n|\n|t:|1776110471\n|switch|p1a: Golurk|Golurk, L50|100/100\n|move|p1b: Rotom|Discharge|p2a: Millie|[spread] p2a,p2b\n|-immune|p1a: Golurk\n|-supereffective|p2a: Millie|1\n|-damage|p2a: Millie|9/100\n|-damage|p2b: Mildred|17/100\n|move|p2a: Millie|Scald|p1a: Golurk\n|-supereffective|p1a: Golurk|1\n|-damage|p1a: Golurk|44/100\n|move|p2b: Mildred|Rock Slide|p1b: Rotom|[spread] p1a\n|-miss|p2b: Mildred|p1b: Rotom\n|-resisted|p1a: Golurk|1\n|-damage|p1a: Golurk|28/100\n|\n|-weather|Sandstorm|[upkeep]\n|-damage|p1b: Rotom|53/100|[from] Sandstorm\n|-damage|p2a: Millie|3/100|[from] Sandstorm\n|-heal|p2a: Millie|9/100|[from] item: Leftovers\n|-end|p2a: Millie|move: Taunt\n|upkeep\n|turn|5\n|\n|t:|1776110496\n|switch|p2a: Meowdy|Meowscarada, L50, F, shiny|100/100\n|detailschange|p1a: Golurk|Golurk-Mega, L50\n|-mega|p1a: Golurk|Golurk|Golurkite\n|move|p1a: Golurk|Protect|p1a: Golurk\n|-singleturn|p1a: Golurk|Protect\n|move|p1b: Rotom|Discharge|p2b: Mildred|[spread] p2a,p2b\n|-activate|p1a: Golurk|move: Protect\n|-resisted|p2a: Meowdy|1\n|-damage|p2a: Meowdy|82/100\n|-damage|p2b: Mildred|1/100\n|move|p2b: Mildred|Knock Off|p1a: Golurk\n|-activate|p1a: Golurk|move: Protect\n|\n|-weather|none\n|upkeep\n|turn|6\n|\n|t:|1776110515\n|switch|p1a: Liepard|Liepard, L50, M|89/100\n|move|p1b: Rotom|Protect|p1b: Rotom\n|-singleturn|p1b: Rotom|Protect\n|move|p2a: Meowdy|Flower Trick|p1b: Rotom\n|-start|p2a: Meowdy|typechange|Grass|[from] ability: Protean\n|-activate|p1b: Rotom|move: Protect\n|move|p2b: Mildred|Knock Off|p1a: Liepard\n|-resisted|p1a: Liepard|1\n|-damage|p1a: Liepard|39/100\n|-enditem|p1a: Liepard|Focus Sash|[from] move: Knock Off|[of] p2b: Mildred\n|\n|upkeep\n|turn|7\n|\n|t:|1776110535\n|switch|p2a: Millie|Milotic, L50, F, shiny|9/100\n|move|p1a: Liepard|Fake Out|p2a: Millie\n|-damage|p2a: Millie|0 fnt\n|faint|p2a: Millie\n|move|p1b: Rotom|Discharge|p2b: Mildred|[spread] p1a,p2b\n|-damage|p1a: Liepard|0 fnt\n|-damage|p2b: Mildred|0 fnt\n|faint|p1a: Liepard\n|faint|p2b: Mildred\n|\n|upkeep\n|\n|t:|1776110551\n|switch|p1a: Sylveon|Sylveon, L50, M|44/100\n|switch|p2a: Meowdy|Meowscarada, L50, F, shiny|82/100\n|switch|p2b: Moxie|Medicham, L50, F|100/100\n|turn|8\n|\n|t:|1776110559\n|detailschange|p2b: Moxie|Medicham-Mega, L50, F\n|-mega|p2b: Moxie|Medicham|Medichamite\n|move|p2b: Moxie|Fake Out|p1b: Rotom\n|-damage|p1b: Rotom|28/100\n|-enditem|p1b: Rotom|Sitrus Berry|[eat]\n|-heal|p1b: Rotom|53/100|[from] item: Sitrus Berry\n|move|p2a: Meowdy|Flower Trick|p1a: Sylveon\n|-start|p2a: Meowdy|typechange|Grass|[from] ability: Protean\n|-crit|p1a: Sylveon\n|-damage|p1a: Sylveon|0 fnt\n|faint|p1a: Sylveon\n|cant|p1b: Rotom|flinch\n|\n|upkeep\n|\n|t:|1776110567\n|switch|p1a: Golurk|Golurk-Mega, L50|28/100\n|turn|9\n|\n|t:|1776110576\n|move|p2a: Meowdy|Flower Trick|p1b: Rotom\n|-supereffective|p1b: Rotom|1\n|-crit|p1b: Rotom\n|-damage|p1b: Rotom|0 fnt\n|faint|p1b: Rotom\n|move|p2b: Moxie|Zen Headbutt|p1a: Golurk\n|-damage|p1a: Golurk|0 fnt\n|faint|p1a: Golurk\n|\n|win|GeneticIvy\n|c|\u2606Wendall555|gg\n|c|\u2606GeneticIvy|ggs\n|l|\u2606Wendall555\n|player|p1|\n",
  "uploadtime": 1776110620,
  "views": 36,
  "formatid": "gen9championsvgc2026regma",
  "rating": null,
  "private": 0,
  "password": null
}