{
  "id": "gen9championsvgc2026regma-2588537625",
  "format": "[Gen 9 Champions] VGC 2026 Reg M-A",
  "players": [
    "orionvgc_08",
    "flubberhater85"
  ],
  "log": "|j|\u2606orionvgc_08\n|j|\u2606flubberhater85\n|t:|1776642799\n|gametype|doubles\n|player|p1|orionvgc_08|102|1069\n|player|p2|flubberhater85|sailor|1136\n|gen|9\n|tier|[Gen 9 Champions] VGC 2026 Reg M-A\n|rated|\n|rule|Species Clause: Limit one of each Pok\u00e9mon\n|rule|Item Clause: Limit 1 of each item\n|clearpoke\n|poke|p1|Incineroar, L50, F|\n|poke|p1|Gyarados, L50, M, shiny|\n|poke|p1|Sinistcha-Masterpiece, L50|\n|poke|p1|Farigiraf, L50, M|\n|poke|p1|Sneasler, L50, M|\n|poke|p1|Aegislash, L50, F|\n|poke|p2|Aerodactyl, L50, M|\n|poke|p2|Hydrapple, L50, F|\n|poke|p2|Weavile, L50, F|\n|poke|p2|Milotic, L50, F|\n|poke|p2|Tauros-Paldea-Blaze, L50, M|\n|poke|p2|Ninetales-Alola, L50, F|\n|teampreview|4\norionvgc_08 has agreed to open team sheets.\n|inactive|Battle timer is ON: inactive players will automatically lose when time's up. (requested by flubberhater85)\n|\n|t:|1776642826\n|teamsize|p1|4\n|teamsize|p2|4\n|start\n|switch|p1a: Sneasler|Sneasler, L50, M|100/100\n|switch|p1b: Gyarados|Gyarados, L50, M, shiny|100/100\n|switch|p2a: Milotic|Milotic, L50, F|100/100\n|switch|p2b: Ninetales|Ninetales-Alola, L50, F|100/100\n|-weather|Snowscape|[from] ability: Snow Warning|[of] p2b: Ninetales\n|-ability|p1b: Gyarados|Intimidate|boost\n|-unboost|p2a: Milotic|atk|1\n|-ability|p2a: Milotic|Competitive|boost\n|-boost|p2a: Milotic|spa|2\n|-unboost|p2b: Ninetales|atk|1\n|turn|1\n|\n|t:|1776642838\n|move|p2b: Ninetales|Aurora Veil|p2b: Ninetales\n|-sidestart|p2: flubberhater85|move: Aurora Veil\n|move|p1a: Sneasler|Rock Tomb|p2b: Ninetales|[miss]\n|-miss|p1a: Sneasler|p2b: Ninetales\n|move|p1b: Gyarados|Dragon Dance|p1b: Gyarados\n|-boost|p1b: Gyarados|atk|1\n|-boost|p1b: Gyarados|spe|1\n|move|p2a: Milotic|Icy Wind|p1b: Gyarados|[spread] p1a\n|-miss|p2a: Milotic|p1b: Gyarados\n|-damage|p1a: Sneasler|65/100\n|-unboost|p1a: Sneasler|spe|1\n|-enditem|p1a: Sneasler|White Herb\n|-clearnegativeboost|p1a: Sneasler|[silent]\n|\n|-weather|Snowscape|[upkeep]\n|upkeep\n|turn|2\n|inactive|orionvgc_08 has 30 seconds left.\n|\n|t:|1776642869\n|switch|p1a: Farigiraf|Farigiraf, L50, M|100/100\n|move|p1b: Gyarados|Dragon Dance|p1b: Gyarados\n|-boost|p1b: Gyarados|atk|1\n|-boost|p1b: Gyarados|spe|1\n|move|p2a: Milotic|Icy Wind|p1a: Farigiraf|[spread] p1a,p1b\n|-damage|p1a: Farigiraf|75/100\n|-damage|p1b: Gyarados|78/100\n|-unboost|p1a: Farigiraf|spe|1\n|-unboost|p1b: Gyarados|spe|1\n|move|p2b: Ninetales|Roar|p1b: Gyarados\n|drag|p1b: Sinistcha|Sinistcha-Masterpiece, L50|100/100\n|-heal|p1a: Farigiraf|99/100|[from] ability: Hospitality|[of] p1b: Sinistcha\n|\n|-weather|Snowscape|[upkeep]\n|upkeep\n|turn|3\n|inactive|orionvgc_08 has 30 seconds left.\n|\n|t:|1776642895\n|switch|p1b: Sneasler|Sneasler, L50, M|65/100\n|move|p2b: Ninetales|Blizzard|p1b: Sneasler|[spread] p1a,p1b\n|-damage|p1a: Farigiraf|71/100\n|-damage|p1b: Sneasler|24/100\n|move|p2a: Milotic|Scald|p1a: Farigiraf\n|-damage|p1a: Farigiraf|0 fnt\n|faint|p1a: Farigiraf\n|\n|-weather|Snowscape|[upkeep]\n|upkeep\n|\n|t:|1776642906\n|switch|p1a: Sinistcha|Sinistcha-Masterpiece, L50|100/100\n|-heal|p1b: Sneasler|49/100|[from] ability: Hospitality|[of] p1a: Sinistcha\n|turn|4\n|\n|t:|1776642915\n|move|p2b: Ninetales|Blizzard|p1a: Sinistcha|[spread] p1a,p1b\n|-supereffective|p1a: Sinistcha|1\n|-damage|p1a: Sinistcha|42/100\n|-damage|p1b: Sneasler|8/100\n|-status|p1a: Sinistcha|frz\n|-status|p1b: Sneasler|frz\n|cant|p1b: Sneasler|frz\n|move|p2a: Milotic|Icy Wind|p1b: Sneasler|[spread] p1a,p1b\n|-supereffective|p1a: Sinistcha|1\n|-damage|p1a: Sinistcha|0 fnt\n|-damage|p1b: Sneasler|0 fnt\n|faint|p1a: Sinistcha\n|faint|p1b: Sneasler\n|\n|-weather|Snowscape|[upkeep]\n|upkeep\n|\n|t:|1776642932\n|switch|p1b: Gyarados|Gyarados, L50, M, shiny|78/100\n|-ability|p1b: Gyarados|Intimidate|boost\n|-unboost|p2a: Milotic|atk|1\n|-ability|p2a: Milotic|Competitive|boost\n|-boost|p2a: Milotic|spa|2\n|-unboost|p2b: Ninetales|atk|1\n|turn|5\n|\n|t:|1776642940\n|detailschange|p1b: Gyarados|Gyarados-Mega, L50, M, shiny\n|-mega|p1b: Gyarados|Gyarados|Gyaradosite\n|-ability|p1b: Gyarados|Mold Breaker\n|move|p2b: Ninetales|Moonblast|p1b: Gyarados\n|-supereffective|p1b: Gyarados|1\n|-damage|p1b: Gyarados|27/100\n|move|p1b: Gyarados|Earthquake|p2a: Milotic|[spread] p2a,p2b\n|-crit|p2a: Milotic\n|-damage|p2a: Milotic|57/100\n|-damage|p2b: Ninetales|82/100\n|move|p2a: Milotic|Scald|p1b: Gyarados\n|-resisted|p1b: Gyarados|1\n|-damage|p1b: Gyarados|0 fnt\n|faint|p1b: Gyarados\n|\n|win|flubberhater85\n|raw|orionvgc_08's rating: 1069 &rarr; <strong>1053</strong><br />(-16 for losing)\n|raw|flubberhater85's rating: 1136 &rarr; <strong>1156</strong><br />(+20 for winning)\n|c|\u2606orionvgc_08|gg\n|l|\u2606orionvgc_08\n|player|p1|\n",
  "uploadtime": 1776642956,
  "views": 12,
  "formatid": "gen9championsvgc2026regma",
  "rating": 1053,
  "private": 0,
  "password": null
}