{
  "id": "gen9championsvgc2026regma-2584728298",
  "format": "[Gen 9 Champions] VGC 2026 Reg M-A",
  "players": [
    "Ketchup216",
    "5wamp"
  ],
  "log": "|j|\u2606Ketchup216\n|j|\u26065wamp\n|t:|1776279479\n|gametype|doubles\n|player|p1|Ketchup216|benga|1152\n|player|p2|5wamp|iono-masters|1183\n|gen|9\n|tier|[Gen 9 Champions] VGC 2026 Reg M-A\n|rated|\n|rule|Species Clause: Limit one of each Pok\u00e9mon\n|rule|Item Clause: Limit 1 of each item\n|clearpoke\n|poke|p1|Incineroar, L50, F|\n|poke|p1|Sneasler, L50, F|\n|poke|p1|Garchomp, L50, F|\n|poke|p1|Charizard, L50, F|\n|poke|p1|Sinistcha, L50|\n|poke|p1|Corviknight, L50, F|\n|poke|p2|Floette-Eternal, L50, F|\n|poke|p2|Sneasler, L50, F|\n|poke|p2|Aerodactyl, L50, F|\n|poke|p2|Delphox, L50, M|\n|poke|p2|Garchomp, L50, F|\n|poke|p2|Kingambit, L50, F|\n|teampreview|4\n|inactive|Battle timer is ON: inactive players will automatically lose when time's up. (requested by 5wamp)\n|inactive|Ketchup216 has 60 seconds left.\n|inactive|5wamp has 60 seconds left.\n|\n|t:|1776279512\n|teamsize|p1|4\n|teamsize|p2|4\n|start\n|switch|p1a: Garchomp|Garchomp, L50, F|100/100\n|switch|p1b: Corviknight|Corviknight, L50, F|100/100\n|switch|p2a: Sneasler|Sneasler, L50, F|100/100\n|switch|p2b: Aerodactyl|Aerodactyl, L50, F|100/100\n|-ability|p2b: Aerodactyl|Unnerve\n|turn|1\n|inactive|5wamp has 30 seconds left.\n|\n|t:|1776279539\n|move|p1a: Garchomp|Protect|p1a: Garchomp\n|-singleturn|p1a: Garchomp|Protect\n|move|p2b: Aerodactyl|Dual Wingbeat|p1a: Garchomp\n|-activate|p1a: Garchomp|move: Protect\n|move|p2a: Sneasler|Close Combat|p1a: Garchomp\n|-activate|p1a: Garchomp|move: Protect\n|move|p1b: Corviknight|Tailwind|p1b: Corviknight\n|-sidestart|p1: Ketchup216|move: Tailwind\n|\n|upkeep\n|turn|2\n|\n|t:|1776279561\n|move|p2a: Sneasler|Protect|p2a: Sneasler\n|-singleturn|p2a: Sneasler|Protect\n|move|p1a: Garchomp|Earthquake|p2a: Sneasler|[spread] \n|-activate|p2a: Sneasler|move: Protect\n|-immune|p1b: Corviknight\n|-immune|p2b: Aerodactyl\n|move|p2b: Aerodactyl|Tailwind|p2b: Aerodactyl\n|-sidestart|p2: 5wamp|move: Tailwind\n|move|p1b: Corviknight|Brave Bird|p2a: Sneasler\n|-activate|p2a: Sneasler|move: Protect\n|\n|upkeep\n|turn|3\n|\n|t:|1776279582\n|switch|p2a: Garchomp|Garchomp, L50, F|100/100\n|move|p2b: Aerodactyl|Rock Slide|p1b: Corviknight|[spread] p1a,p1b\n|-resisted|p1a: Garchomp|1\n|-damage|p1a: Garchomp|87/100\n|-damage|p1b: Corviknight|83/100\n|cant|p1a: Garchomp|flinch\n|move|p1b: Corviknight|Brave Bird|p2a: Garchomp\n|-damage|p2a: Garchomp|62/100\n|-damage|p1b: Corviknight|71/100|[from] ability: Rough Skin|[of] p2a: Garchomp\n|-damage|p1b: Corviknight|57/100|[from] Recoil\n|\n|upkeep\n|turn|4\n|\n|t:|1776279606\n|switch|p1b: Sinistcha|Sinistcha, L50|100/100\n|-heal|p1a: Garchomp|100/100|[from] ability: Hospitality|[of] p1b: Sinistcha\n|move|p1a: Garchomp|Protect|p1a: Garchomp\n|-singleturn|p1a: Garchomp|Protect\n|move|p2b: Aerodactyl|Rock Slide|p1a: Garchomp|[spread] p1b\n|-activate|p1a: Garchomp|move: Protect\n|-damage|p1b: Sinistcha|80/100\n|move|p2a: Garchomp|Dragon Claw|p1b: Sinistcha\n|-damage|p1b: Sinistcha|44/100\n|\n|-heal|p1b: Sinistcha|50/100|[from] item: Leftovers\n|-sideend|p1: Ketchup216|move: Tailwind\n|upkeep\n|turn|5\n|\n|t:|1776279630\n|move|p2b: Aerodactyl|Dual Wingbeat|p1b: Sinistcha\n|-supereffective|p1b: Sinistcha|1\n|-damage|p1b: Sinistcha|20/100\n|-supereffective|p1b: Sinistcha|1\n|-damage|p1b: Sinistcha|0 fnt\n|faint|p1b: Sinistcha\n|-hitcount|p1: Sinistcha|2\n|move|p2a: Garchomp|Dragon Claw|p1a: Garchomp\n|-supereffective|p1a: Garchomp|1\n|-damage|p1a: Garchomp|12/100\n|-damage|p2a: Garchomp|49/100|[from] ability: Rough Skin|[of] p1a: Garchomp\n|move|p1a: Garchomp|Dragon Claw|p2a: Garchomp\n|-supereffective|p2a: Garchomp|1\n|-damage|p2a: Garchomp|0 fnt\n|-damage|p1a: Garchomp|0 fnt|[from] ability: Rough Skin|[of] p2a: Garchomp\n|faint|p2a: Garchomp\n|faint|p1a: Garchomp\n|\n|-sideend|p2: 5wamp|move: Tailwind\n|upkeep\n|\n|t:|1776279647\n|switch|p2a: Delphox|Delphox, L50, M|100/100\n|switch|p1a: Charizard|Charizard, L50, F, shiny|100/100\n|switch|p1b: Corviknight|Corviknight, L50, F|57/100\n|turn|6\n|\n|t:|1776279665\n|detailschange|p2a: Delphox|Delphox-Mega, L50, M\n|-mega|p2a: Delphox|Delphox|Delphoxite\n|detailschange|p1a: Charizard|Charizard-Mega-Y, L50, F, shiny\n|-mega|p1a: Charizard|Charizard|Charizardite Y\n|-weather|SunnyDay|[from] ability: Drought|[of] p1a: Charizard\n|move|p1a: Charizard|Protect|p1a: Charizard\n|-singleturn|p1a: Charizard|Protect\n|move|p2a: Delphox|Heat Wave|p1a: Charizard|[spread] p1b\n|-activate|p1a: Charizard|move: Protect\n|-supereffective|p1b: Corviknight|1\n|-damage|p1b: Corviknight|0 fnt\n|faint|p1b: Corviknight\n|move|p2b: Aerodactyl|Tailwind|p2b: Aerodactyl\n|-sidestart|p2: 5wamp|move: Tailwind\n|\n|-weather|SunnyDay|[upkeep]\n|upkeep\n|turn|7\n|\n|t:|1776279682\n|move|p2a: Delphox|Psychic|p1a: Charizard\n|-damage|p1a: Charizard|48/100\n|move|p2b: Aerodactyl|Rock Slide|p1a: Charizard\n|-supereffective|p1a: Charizard|2\n|-damage|p1a: Charizard|0 fnt\n|faint|p1a: Charizard\n|\n|win|5wamp\n|raw|Ketchup216's rating: 1152 &rarr; <strong>1129</strong><br />(-23 for losing)\n|raw|5wamp's rating: 1183 &rarr; <strong>1206</strong><br />(+23 for winning)\n",
  "uploadtime": 1776279682,
  "views": 17,
  "formatid": "gen9championsvgc2026regma",
  "rating": 1129,
  "private": 0,
  "password": null
}