{
  "id": "gen9championsvgc2026regma-2583623313",
  "format": "[Gen 9 Champions] VGC 2026 Reg M-A",
  "players": [
    "bsobsjsje",
    "davidelgafe"
  ],
  "log": "|j|\u2606bsobsjsje\n|j|\u2606davidelgafe\n|t:|1776187166\n|gametype|doubles\n|player|p1|bsobsjsje|102|1000\n|player|p2|davidelgafe|blue|1042\n|gen|9\n|tier|[Gen 9 Champions] VGC 2026 Reg M-A\n|rated|\n|rule|Species Clause: Limit one of each Pok\u00e9mon\n|rule|Item Clause: Limit 1 of each item\n|clearpoke\n|poke|p1|Drampa, L50, F|\n|poke|p1|Alakazam, L50, M|\n|poke|p1|Sinistcha, L50|\n|poke|p1|Infernape, L50, M|\n|poke|p1|Golurk, L50|\n|poke|p1|Rotom-Heat, L50|\n|poke|p2|Charizard, L50, F|\n|poke|p2|Venusaur, L50, F|\n|poke|p2|Garchomp, L50, F|\n|poke|p2|Sneasler, L50, M|\n|poke|p2|Farigiraf, L50, M|\n|poke|p2|Tauros-Paldea-Aqua, L50, M|\n|teampreview|4\nbsobsjsje rejected open team sheets.\n|\n|t:|1776187197\n|teamsize|p1|4\n|teamsize|p2|4\n|start\n|switch|p1a: Drampa|Drampa, L50, F|100/100\n|switch|p1b: Alakazam|Alakazam, L50, M|100/100\n|switch|p2a: Charizard|Charizard, L50, F|100/100\n|switch|p2b: Garchomp|Garchomp, L50, F|100/100\n|-ability|p1a: Drampa|Cloud Nine\n|turn|1\n|\n|t:|1776187207\n|detailschange|p2a: Charizard|Charizard-Mega-Y, L50, F\n|-mega|p2a: Charizard|Charizard|Charizardite Y\n|-weather|SunnyDay|[from] ability: Drought|[of] p2a: Charizard\n|detailschange|p1a: Drampa|Drampa-Mega, L50, F\n|-mega|p1a: Drampa|Drampa|Drampanite\n|move|p1b: Alakazam|Speed Swap|p1a: Drampa\n|-activate|p1b: Alakazam|move: Speed Swap|[of] p1a: Drampa\n|move|p1a: Drampa|Ice Beam|p2b: Garchomp\n|-supereffective|p2b: Garchomp|2\n|-damage|p2b: Garchomp|0 fnt\n|faint|p2b: Garchomp\n|move|p2a: Charizard|Heat Wave|p1b: Alakazam|[spread] \n|-miss|p2a: Charizard|p1a: Drampa\n|-miss|p2a: Charizard|p1b: Alakazam\n|\n|-weather|SunnyDay|[upkeep]\n|upkeep\n|j| c00lness\n|j| little_pichu1\n|c|\u2606bsobsjsje|watch t1 pichu\n|inactive|Battle timer is ON: inactive players will automatically lose when time's up. (requested by bsobsjsje)\n|\n|t:|1776187253\n|switch|p2b: Venusaur|Venusaur, L50, F|100/100\n|turn|2\n|c| c00lness|lol\n|inactive|bsobsjsje has 30 seconds left.\n|inactive|bsobsjsje has 20 seconds left.\n|inactive|bsobsjsje has 15 seconds left.\n|\n|t:|1776187295\n|move|p1a: Drampa|Ice Beam|p2b: Venusaur\n|-supereffective|p2b: Venusaur|1\n|-damage|p2b: Venusaur|6/100\n|move|p2a: Charizard|Heat Wave|p1b: Alakazam|[spread] p1a,p1b\n|-resisted|p1a: Drampa|1\n|-damage|p1a: Drampa|71/100\n|-damage|p1b: Alakazam|4/100\n|move|p2b: Venusaur|Sleep Powder|p1a: Drampa\n|-status|p1a: Drampa|slp|[from] move: Sleep Powder\n|move|p1b: Alakazam|Light Screen|p1b: Alakazam\n|-sidestart|p1: bsobsjsje|move: Light Screen\n|\n|-weather|SunnyDay|[upkeep]\n|upkeep\n|turn|3\n|c| c00lness|your not beating my boy bsob\n|c|\u2606bsobsjsje|lol\n|c| little_pichu1|he isnt clorrophyl\n|inactive|davidelgafe has 30 seconds left.\n|c| little_pichu1|clorophyll\n|c|\u2606bsobsjsje|LOL\n|inactive|davidelgafe has 20 seconds left.\n|c|\u2606bsobsjsje|bro watched skraws vid and forgot\n|\n|t:|1776187337\n|cant|p1a: Drampa|slp\n|move|p2a: Charizard|Heat Wave|p1b: Alakazam|[spread] p1a,p1b\n|-resisted|p1a: Drampa|1\n|-damage|p1a: Drampa|49/100 slp\n|-damage|p1b: Alakazam|0 fnt\n|faint|p1b: Alakazam\n|-ability|p1a: Drampa|Berserk|boost\n|-boost|p1a: Drampa|spa|1\n|move|p2b: Venusaur|Sludge Bomb|p1a: Drampa\n|-damage|p1a: Drampa|21/100 slp\n|\n|-weather|SunnyDay|[upkeep]\n|upkeep\n|\n|t:|1776187343\n|switch|p1b: Sinistcha|Sinistcha, L50|100/100\n|-heal|p1a: Drampa|46/100 slp|[from] ability: Hospitality|[of] p1b: Sinistcha\n|turn|4\n|c|\u2606bsobsjsje|gng\n|c|\u2606bsobsjsje|i had this planned\n|c|\u2606bsobsjsje|besides spore\n|inactive|davidelgafe has 30 seconds left.\n|\n|t:|1776187371\n|cant|p1a: Drampa|slp\n|move|p2a: Charizard|Heat Wave|p1b: Sinistcha|[spread] p1a,p1b\n|-resisted|p1a: Drampa|1\n|-supereffective|p1b: Sinistcha|1\n|-enditem|p1b: Sinistcha|Occa Berry|[eat]\n|-enditem|p1b: Sinistcha|Occa Berry|[weaken]\n|-damage|p1a: Drampa|27/100 slp\n|-damage|p1b: Sinistcha|54/100\n|move|p2b: Venusaur|Sludge Bomb|p1a: Drampa\n|-damage|p1a: Drampa|0 fnt\n|faint|p1a: Drampa\n|move|p1b: Sinistcha|Life Dew|p1b: Sinistcha\n|-heal|p1b: Sinistcha|79/100\n|\n|-weather|SunnyDay|[upkeep]\n|upkeep\n|c|\u2606bsobsjsje|bruz\n|c|\u2606bsobsjsje|srsly\n|\n|t:|1776187386\n|switch|p1a: Rotom|Rotom-Heat, L50|100/100\n|turn|5\n|c|\u2606bsobsjsje|pure luck\n|\n|t:|1776187404\n|move|p2b: Venusaur|Protect|p2b: Venusaur\n|-singleturn|p2b: Venusaur|Protect\n|move|p2a: Charizard|Heat Wave|p1b: Sinistcha|[spread] \n|-miss|p2a: Charizard|p1a: Rotom\n|-miss|p2a: Charizard|p1b: Sinistcha\n|move|p1a: Rotom|Volt Switch|p2a: Charizard\n|-supereffective|p2a: Charizard|1\n|-damage|p2a: Charizard|48/100\n|move|p1b: Sinistcha|Matcha Gotcha|p2b: Venusaur|[spread] p2a\n|-activate|p2b: Venusaur|move: Protect\n|-resisted|p2a: Charizard|2\n|-damage|p2a: Charizard|41/100\n|-heal|p1b: Sinistcha|83/100|[from] drain|[of] p2a: Charizard\n|\n|-weather|none\n|upkeep\n|turn|6\n|\n|t:|1776187421\n|switch|p2a: Farigiraf|Farigiraf, L50, M|100/100\n|move|p2b: Venusaur|Sleep Powder|p1a: Rotom\n|-status|p1a: Rotom|slp|[from] move: Sleep Powder\n|cant|p1a: Rotom|slp\n|move|p1b: Sinistcha|Trick Room|p1b: Sinistcha\n|-fieldstart|move: Trick Room|[of] p1b: Sinistcha\n|\n|-sideend|p1: bsobsjsje|move: Light Screen\n|upkeep\n|turn|7\n|c|\u2606davidelgafe|Forget to put chlorophyll.\n|inactive|davidelgafe has 30 seconds left.\n|c|\u2606bsobsjsje|zard cant kill rotom i think\n|c|\u2606bsobsjsje|rip david\n|inactive|davidelgafe has 20 seconds left.\n|inactive|davidelgafe has 15 seconds left.\n|inactive|davidelgafe has 10 seconds left.\n|\n|t:|1776187468\n|move|p1b: Sinistcha|Matcha Gotcha|p2a: Farigiraf|[spread] p2a\n|-miss|p1b: Sinistcha|p2b: Venusaur\n|-damage|p2a: Farigiraf|75/100\n|-heal|p1b: Sinistcha|100/100|[from] drain|[of] p2a: Farigiraf\n|move|p2a: Farigiraf|Psychic|p1a: Rotom\n|-crit|p1a: Rotom\n|-damage|p1a: Rotom|35/100 slp\n|-curestatus|p1a: Rotom|slp|[msg]\n|move|p1a: Rotom|Volt Switch|p2a: Farigiraf\n|-damage|p2a: Farigiraf|51/100\n|move|p2b: Venusaur|Sludge Bomb|p1b: Sinistcha\n|-damage|p1b: Sinistcha|49/100\n|\n|-heal|p1a: Rotom|40/100|[from] item: Leftovers\n|upkeep\n|turn|8\n|inactive|bsobsjsje has 30 seconds left.\n|inactive|davidelgafe has 30 seconds left.\n|\n|t:|1776187498\n|move|p2b: Venusaur|Protect|p2b: Venusaur\n|-singleturn|p2b: Venusaur|Protect\n|move|p1b: Sinistcha|Shadow Ball|p2b: Venusaur\n|-activate|p2b: Venusaur|move: Protect\n|move|p2a: Farigiraf|Psychic|p1a: Rotom\n|-damage|p1a: Rotom|0 fnt\n|faint|p1a: Rotom\n|\n|upkeep\n|turn|9\n|c|\u2606bsobsjsje|rigged rng\n|-message|bsobsjsje forfeited.\n|\n|win|davidelgafe\n|raw|bsobsjsje's rating: 1000 &rarr; <strong>1000</strong><br />(+0 for losing)\n|raw|davidelgafe's rating: 1042 &rarr; <strong>1072</strong><br />(+30 for winning)\n|l|\u2606bsobsjsje\n|player|p1|\n|l| c00lness\n|l|\u2606davidelgafe\n|player|p2|\n|j|\u2606davidelgafe\n|player|p2|davidelgafe|blue|\n",
  "uploadtime": 1776187561,
  "views": 24,
  "formatid": "gen9championsvgc2026regma",
  "rating": 1000,
  "private": 0,
  "password": null
}