{
  "id": "gen9championsvgc2026regma-2582558062",
  "format": "[Gen 9 Champions] VGC 2026 Reg M-A",
  "players": [
    "jayjoejoesabadu",
    "Jah_08"
  ],
  "log": "|j|\u2606jayjoejoesabadu\n|j|\u2606Jah_08\n|t:|1776099263\n|gametype|doubles\n|player|p1|jayjoejoesabadu|265|1296\n|player|p2|Jah_08|alder|1397\n|gen|9\n|tier|[Gen 9 Champions] VGC 2026 Reg M-A\n|rated|\n|rule|Species Clause: Limit one of each Pok\u00e9mon\n|rule|Item Clause: Limit 1 of each item\n|clearpoke\n|poke|p1|Froslass, L50, F|\n|poke|p1|Kingambit, L50, F|\n|poke|p1|Sneasler, L50, F|\n|poke|p1|Garchomp, L50, F|\n|poke|p1|Rotom-Wash, L50|\n|poke|p1|Talonflame, L50, F|\n|poke|p2|Excadrill, L50, F|\n|poke|p2|Whimsicott, L50, M|\n|poke|p2|Volcarona, L50, M|\n|poke|p2|Zoroark-Hisui, L50, F|\n|poke|p2|Basculegion, L50, M|\n|poke|p2|Conkeldurr, L50, F|\n|teampreview|4\n|inactive|Battle timer is ON: inactive players will automatically lose when time's up. (requested by Jah_08)\n|\n|t:|1776099311\n|teamsize|p1|4\n|teamsize|p2|4\n|start\n|switch|p1a: Garchomp|Garchomp, L50, F|100/100\n|switch|p1b: Rotom|Rotom-Wash, L50|100/100\n|switch|p2a: Whimsicott|Whimsicott, L50, M, shiny|100/100\n|switch|p2b: Excadrill|Excadrill, L50, F|100/100\n|-ability|p2b: Excadrill|Mold Breaker\n|turn|1\n|inactive|jayjoejoesabadu has 30 seconds left.\n|inactive|jayjoejoesabadu has 20 seconds left.\n|\n|t:|1776099348\n|move|p2b: Excadrill|Protect|p2b: Excadrill\n|-singleturn|p2b: Excadrill|Protect\n|move|p1a: Garchomp|Earthquake|p2a: Whimsicott|[spread] p2a\n|-activate|p2b: Excadrill|move: Protect\n|-immune|p1b: Rotom|[from] ability: Levitate\n|-resisted|p2a: Whimsicott|1\n|-damage|p2a: Whimsicott|77/100\n|move|p2a: Whimsicott|Moonblast|p1a: Garchomp\n|-supereffective|p1a: Garchomp|1\n|-damage|p1a: Garchomp|16/100\n|move|p1b: Rotom|Hydro Pump|p2b: Excadrill\n|-activate|p2b: Excadrill|move: Protect\n|\n|upkeep\n|turn|2\n|inactive|Jah_08 has 30 seconds left.\n|inactive|Jah_08 has 20 seconds left.\n|inactive|Jah_08 has 15 seconds left.\n|inactive|Jah_08 has 10 seconds left.\n|\n|t:|1776099394\n|switch|p2b: Conkeldurr|Conkeldurr, L50, F, shiny|100/100\n|move|p1a: Garchomp|Earthquake|p2b: Conkeldurr|[spread] p2a,p2b\n|-immune|p1b: Rotom|[from] ability: Levitate\n|-resisted|p2a: Whimsicott|1\n|-damage|p2a: Whimsicott|51/100\n|-damage|p2b: Conkeldurr|59/100\n|move|p2a: Whimsicott|Moonblast|p1a: Garchomp\n|-supereffective|p1a: Garchomp|1\n|-damage|p1a: Garchomp|0 fnt\n|faint|p1a: Garchomp\n|move|p1b: Rotom|Discharge|p2b: Conkeldurr|[spread] p2a,p2b\n|-resisted|p2a: Whimsicott|1\n|-crit|p2a: Whimsicott\n|-damage|p2a: Whimsicott|32/100\n|-damage|p2b: Conkeldurr|38/100\n|-status|p2a: Whimsicott|par\n|\n|upkeep\n|\n|t:|1776099401\n|switch|p1a: Froslass|Froslass, L50, F|100/100\n|turn|3\n|inactive|Jah_08 has 30 seconds left.\n|\n|t:|1776099432\n|move|p1a: Froslass|Protect|p1a: Froslass\n|-singleturn|p1a: Froslass|Protect\n|move|p2a: Whimsicott|Tailwind|p2a: Whimsicott\n|-sidestart|p2: Jah_08|move: Tailwind\n|move|p2b: Conkeldurr|Knock Off|p1a: Froslass\n|-activate|p1a: Froslass|move: Protect\n|move|p1b: Rotom|Discharge|p2b: Conkeldurr|[spread] p2a,p2b\n|-activate|p1a: Froslass|move: Protect\n|-resisted|p2a: Whimsicott|1\n|-damage|p2a: Whimsicott|17/100 par\n|-damage|p2b: Conkeldurr|18/100\n|\n|upkeep\n|turn|4\n|\n|t:|1776099456\n|detailschange|p1a: Froslass|Froslass-Mega, L50, F\n|-mega|p1a: Froslass|Froslass|Froslassite\n|-weather|Snowscape|[from] ability: Snow Warning|[of] p1a: Froslass\n|move|p2a: Whimsicott|Encore|p1a: Froslass\n|-start|p1a: Froslass|Encore\n|move|p1a: Froslass|Protect||[still]\n|-fail|p1a: Froslass\n|move|p2b: Conkeldurr|Drain Punch|p1b: Rotom\n|-damage|p1b: Rotom|47/100\n|-heal|p2b: Conkeldurr|41/100|[from] drain|[of] p1b: Rotom\n|-enditem|p1b: Rotom|Sitrus Berry|[eat]\n|-heal|p1b: Rotom|72/100|[from] item: Sitrus Berry\n|move|p1b: Rotom|Discharge|p2b: Conkeldurr|[spread] p1a,p2a,p2b\n|-resisted|p2a: Whimsicott|1\n|-damage|p1a: Froslass|76/100\n|-damage|p2a: Whimsicott|2/100 par\n|-damage|p2b: Conkeldurr|18/100\n|\n|-weather|Snowscape|[upkeep]\n|upkeep\n|turn|5\n|inactive|Jah_08 has 30 seconds left.\n|\n|t:|1776099483\n|move|p1a: Froslass|Protect|p1a: Froslass\n|-singleturn|p1a: Froslass|Protect\n|move|p2a: Whimsicott|Light Screen|p2a: Whimsicott\n|-sidestart|p2: Jah_08|move: Light Screen\n|move|p2b: Conkeldurr|Drain Punch|p1b: Rotom\n|-damage|p1b: Rotom|22/100\n|-heal|p2b: Conkeldurr|40/100|[from] drain|[of] p1b: Rotom\n|move|p1b: Rotom|Discharge|p2a: Whimsicott|[spread] p2a,p2b\n|-activate|p1a: Froslass|move: Protect\n|-resisted|p2a: Whimsicott|1\n|-damage|p2a: Whimsicott|0 fnt\n|-damage|p2b: Conkeldurr|25/100\n|faint|p2a: Whimsicott\n|\n|-weather|Snowscape|[upkeep]\n|upkeep\n|\n|t:|1776099502\n|switch|p2a: Excadrill|Excadrill, L50, F|100/100\n|-ability|p2a: Excadrill|Mold Breaker\n|turn|6\n|\n|t:|1776099514\n|switch|p1a: Kingambit|Kingambit, L50, F, shiny|100/100\n|move|p2a: Excadrill|High Horsepower|p1b: Rotom\n|-supereffective|p1b: Rotom|1\n|-damage|p1b: Rotom|0 fnt\n|faint|p1b: Rotom\n|move|p2b: Conkeldurr|Knock Off|p1a: Kingambit\n|-resisted|p1a: Kingambit|1\n|-damage|p1a: Kingambit|86/100\n|-enditem|p1a: Kingambit|Black Glasses|[from] move: Knock Off|[of] p2b: Conkeldurr\n|\n|-weather|Snowscape|[upkeep]\n|-sideend|p2: Jah_08|move: Tailwind\n|upkeep\n|\n|t:|1776099524\n|switch|p1b: Froslass|Froslass-Mega, L50, F|76/100\n|turn|7\n|\n|t:|1776099540\n|detailschange|p2a: Excadrill|Excadrill-Mega, L50, F\n|-mega|p2a: Excadrill|Excadrill|Excadrite\n|move|p1a: Kingambit|Sucker Punch|p2a: Excadrill\n|-damage|p2a: Excadrill|58/100\n|move|p2b: Conkeldurr|Mach Punch|p1a: Kingambit\n|-supereffective|p1a: Kingambit|2\n|-damage|p1a: Kingambit|0 fnt\n|faint|p1a: Kingambit\n|move|p1b: Froslass|Blizzard|p2a: Excadrill|[spread] p2a,p2b\n|-damage|p2a: Excadrill|18/100\n|-damage|p2b: Conkeldurr|0 fnt\n|faint|p2b: Conkeldurr\n|move|p2a: Excadrill|Iron Head|p1b: Froslass\n|-supereffective|p1b: Froslass|1\n|-damage|p1b: Froslass|0 fnt\n|faint|p1b: Froslass\n|\n|win|Jah_08\n|raw|jayjoejoesabadu's rating: 1296 &rarr; <strong>1278</strong><br />(-18 for losing)\n|raw|Jah_08's rating: 1397 &rarr; <strong>1411</strong><br />(+14 for winning)\n|l|\u2606jayjoejoesabadu\n|player|p1|\n",
  "uploadtime": 1776099562,
  "views": 27,
  "formatid": "gen9championsvgc2026regma",
  "rating": 1278,
  "private": 0,
  "password": null
}