{
  "id": "gen9championsvgc2026regma-2583379354",
  "format": "[Gen 9 Champions] VGC 2026 Reg M-A",
  "players": [
    "TheStrategys",
    "gurbederbeste"
  ],
  "log": "|j|\u2606TheStrategys\n|j|\u2606gurbederbeste\n|t:|1776171535\n|gametype|doubles\n|player|p1|TheStrategys|169|1110\n|player|p2|gurbederbeste|pryce|1102\n|gen|9\n|tier|[Gen 9 Champions] VGC 2026 Reg M-A\n|rated|\n|rule|Species Clause: Limit one of each Pok\u00e9mon\n|rule|Item Clause: Limit 1 of each item\n|clearpoke\n|poke|p1|Tyranitar, L50, F|\n|poke|p1|Whimsicott, L50, F|\n|poke|p1|Rotom-Wash, L50|\n|poke|p1|Excadrill, L50, F|\n|poke|p1|Volcarona, L50, F|\n|poke|p1|Sneasler, L50, F|\n|poke|p2|Aggron, L50, M|\n|poke|p2|Sinistcha, L50|\n|poke|p2|Incineroar, L50, M|\n|poke|p2|Kleavor, L50, F|\n|poke|p2|Alakazam, L50, F|\n|teampreview|4\n|inactive|Battle timer is ON: inactive players will automatically lose when time's up. (requested by TheStrategys)\n|\n|t:|1776171556\n|teamsize|p1|4\n|teamsize|p2|4\n|start\n|switch|p1a: Tyranitar|Tyranitar, L50, F, shiny|100/100\n|switch|p1b: Excadrill|Excadrill, L50, F, shiny|100/100\n|switch|p2a: Aggron|Aggron, L50, M|100/100\n|switch|p2b: Alakazam|Alakazam, L50, F|100/100\n|-weather|Sandstorm|[from] ability: Sand Stream|[of] p1a: Tyranitar\n|turn|1\n|\n|t:|1776171567\n|detailschange|p1a: Tyranitar|Tyranitar-Mega, L50, F, shiny\n|-mega|p1a: Tyranitar|Tyranitar|Tyranitarite\n|detailschange|p2a: Aggron|Aggron-Mega, L50, M\n|-mega|p2a: Aggron|Aggron|Aggronite\n|move|p1b: Excadrill|Drill Run|p2a: Aggron\n|-supereffective|p2a: Aggron|1\n|-damage|p2a: Aggron|60/100\n|move|p2b: Alakazam|Reflect|p2b: Alakazam\n|-sidestart|p2: gurbederbeste|Reflect\n|move|p1a: Tyranitar|Knock Off|p2b: Alakazam\n|-supereffective|p2b: Alakazam|1\n|-damage|p2b: Alakazam|0 fnt\n|faint|p2b: Alakazam\n|move|p2a: Aggron|Body Press|p1a: Tyranitar\n|-supereffective|p1a: Tyranitar|2\n|-damage|p1a: Tyranitar|0 fnt\n|faint|p1a: Tyranitar\n|\n|-weather|Sandstorm|[upkeep]\n|upkeep\n|\n|t:|1776171583\n|switch|p2b: Sinistcha|Sinistcha, L50|100/100\n|switch|p1a: Volcarona|Volcarona, L50, F, shiny|100/100\n|-heal|p2a: Aggron|85/100|[from] ability: Hospitality|[of] p2b: Sinistcha\n|turn|2\n|\n|t:|1776171607\n|move|p1b: Excadrill|Protect|p1b: Excadrill\n|-singleturn|p1b: Excadrill|Protect\n|move|p1a: Volcarona|Fiery Dance|p2b: Sinistcha\n|-supereffective|p2b: Sinistcha|1\n|-damage|p2b: Sinistcha|30/100\n|move|p2a: Aggron|Iron Defense|p2a: Aggron\n|-boost|p2a: Aggron|def|2\n|move|p2b: Sinistcha|Trick Room|p2b: Sinistcha\n|-fieldstart|move: Trick Room|[of] p2b: Sinistcha\n|\n|-weather|Sandstorm|[upkeep]\n|-damage|p2b: Sinistcha|24/100|[from] Sandstorm\n|-damage|p1a: Volcarona|95/100|[from] Sandstorm\n|upkeep\n|turn|3\n|inactive|gurbederbeste has 30 seconds left.\n|\n|t:|1776171639\n|switch|p2b: Incineroar|Incineroar, L50, M|100/100\n|-ability|p2b: Incineroar|Intimidate|boost\n|-unboost|p1a: Volcarona|atk|1\n|-unboost|p1b: Excadrill|atk|1\n|move|p2a: Aggron|Body Press|p1a: Volcarona\n|-resisted|p1a: Volcarona|1\n|-damage|p1a: Volcarona|41/100\n|-enditem|p1a: Volcarona|Sitrus Berry|[eat]\n|-heal|p1a: Volcarona|66/100|[from] item: Sitrus Berry\n|move|p1a: Volcarona|Fiery Dance|p2a: Aggron\n|-supereffective|p2a: Aggron|1\n|-crit|p2a: Aggron\n|-damage|p2a: Aggron|5/100\n|move|p1b: Excadrill|Iron Head|p2b: Incineroar\n|-resisted|p2b: Incineroar|1\n|-damage|p2b: Incineroar|91/100\n|\n|-weather|Sandstorm|[upkeep]\n|-damage|p2b: Incineroar|85/100|[from] Sandstorm\n|-damage|p1a: Volcarona|60/100|[from] Sandstorm\n|upkeep\n|turn|4\n|inactive|TheStrategys has 30 seconds left.\n|inactive|gurbederbeste has 30 seconds left.\n|\n|t:|1776171671\n|switch|p1a: Rotom|Rotom-Wash, L50, shiny|100/100\n|move|p1b: Excadrill|Protect|p1b: Excadrill\n|-singleturn|p1b: Excadrill|Protect\n|move|p2b: Incineroar|Fake Out|p1a: Rotom\n|-damage|p1a: Rotom|89/100\n|move|p2a: Aggron|Iron Defense|p2a: Aggron\n|-boost|p2a: Aggron|def|2\n|\n|-weather|Sandstorm|[upkeep]\n|-damage|p2b: Incineroar|79/100|[from] Sandstorm\n|-damage|p1a: Rotom|83/100|[from] Sandstorm\n|upkeep\n|turn|5\n|\n|t:|1776171695\n|switch|p2b: Sinistcha|Sinistcha, L50|24/100\n|-heal|p2a: Aggron|30/100|[from] ability: Hospitality|[of] p2b: Sinistcha\n|move|p2a: Aggron|Body Press|p1a: Rotom\n|-damage|p1a: Rotom|0 fnt\n|faint|p1a: Rotom\n|move|p1b: Excadrill|Rock Slide|p2a: Aggron|[spread] p2a,p2b\n|-resisted|p2a: Aggron|1\n|-damage|p2a: Aggron|29/100\n|-damage|p2b: Sinistcha|15/100\n|\n|-weather|none\n|-sideend|p2: gurbederbeste|Reflect\n|upkeep\n|\n|t:|1776171707\n|switch|p1a: Volcarona|Volcarona, L50, F, shiny|60/100\n|turn|6\n|\n|t:|1776171716\n|move|p1b: Excadrill|Protect|p1b: Excadrill\n|-singleturn|p1b: Excadrill|Protect\n|move|p2a: Aggron|Body Press|p1a: Volcarona\n|-resisted|p1a: Volcarona|1\n|-damage|p1a: Volcarona|0 fnt\n|faint|p1a: Volcarona\n|move|p2b: Sinistcha|Life Dew|p2b: Sinistcha|[spread] p2a,p2b\n|-heal|p2a: Aggron|54/100\n|-heal|p2b: Sinistcha|40/100\n|\n|-fieldend|move: Trick Room\n|upkeep\n|turn|7\n|-message|TheStrategys forfeited.\n|\n|win|gurbederbeste\n|raw|TheStrategys's rating: 1110 &rarr; <strong>1084</strong><br />(-26 for losing)\n|raw|gurbederbeste's rating: 1102 &rarr; <strong>1128</strong><br />(+26 for winning)\n|l|\u2606TheStrategys\n|player|p1|\n",
  "uploadtime": 1776171731,
  "views": 21,
  "formatid": "gen9championsvgc2026regma",
  "rating": 1084,
  "private": 0,
  "password": null
}