{
  "id": "gen9championsvgc2026regma-2589571281",
  "format": "[Gen 9 Champions] VGC 2026 Reg M-A",
  "players": [
    "HirotoHondasVoice",
    "Jonyko"
  ],
  "log": "|j|\u2606HirotoHondasVoice\n|j|\u2606Jonyko\n|t:|1776735204\n|gametype|doubles\n|player|p1|HirotoHondasVoice|266|1208\n|player|p2|Jonyko|lucas-contest|1136\n|gen|9\n|tier|[Gen 9 Champions] VGC 2026 Reg M-A\n|rated|\n|rule|Species Clause: Limit one of each Pok\u00e9mon\n|rule|Item Clause: Limit 1 of each item\n|clearpoke\n|poke|p1|Typhlosion-Hisui, L50, F|\n|poke|p1|Ninetales-Alola, L50, F|\n|poke|p1|Blastoise, L50, F|\n|poke|p1|Raichu, L50, M|\n|poke|p1|Kommo-o, L50, F|\n|poke|p1|Sinistcha, L50|\n|poke|p2|Medicham, L50, M|\n|poke|p2|Ninetales, L50, F|\n|poke|p2|Aerodactyl, L50, M|\n|poke|p2|Milotic, L50, F|\n|poke|p2|Tinkaton, L50, F|\n|poke|p2|Beedrill, L50, M|\n|teampreview|4\nHirotoHondasVoice has agreed to open team sheets.\n|l|\u2606Jonyko\n|player|p2|\n|j|\u2606Jonyko\n|player|p2|Jonyko|lucas-contest|\n|\n|t:|1776735287\n|teamsize|p1|4\n|teamsize|p2|4\n|start\n|switch|p1a: Typhlosion|Typhlosion-Hisui, L50, F|100/100\n|switch|p1b: Kommo-o|Kommo-o, L50, F|100/100\n|switch|p2a: Beedrill|Beedrill, L50, M|100/100\n|switch|p2b: Aerodactyl|Aerodactyl, L50, M|100/100\n|-ability|p2b: Aerodactyl|Unnerve\n|-item|p2a: Beedrill|Beedrillite|[from] ability: Frisk|[of] p1a: Typhlosion\n|-item|p2b: Aerodactyl|Focus Sash|[from] ability: Frisk|[of] p1a: Typhlosion\n|turn|1\n|\n|t:|1776735344\n|detailschange|p2a: Beedrill|Beedrill-Mega, L50, M\n|-mega|p2a: Beedrill|Beedrill|Beedrillite\n|move|p2a: Beedrill|Protect|p2a: Beedrill\n|-singleturn|p2a: Beedrill|Protect\n|move|p1a: Typhlosion|Eruption|p2b: Aerodactyl|[spread] p2b\n|-activate|p2a: Beedrill|move: Protect\n|-resisted|p2b: Aerodactyl|1\n|-damage|p2b: Aerodactyl|54/100\n|move|p2b: Aerodactyl|Tailwind|p2b: Aerodactyl\n|-sidestart|p2: Jonyko|move: Tailwind\n|move|p1b: Kommo-o|Iron Defense|p1b: Kommo-o\n|-boost|p1b: Kommo-o|def|2\n|\n|upkeep\n|turn|2\n|\n|t:|1776735370\n|switch|p1a: Sinistcha|Sinistcha, L50|100/100\n|move|p2a: Beedrill|Drill Run|p1a: Sinistcha\n|-resisted|p1a: Sinistcha|1\n|-damage|p1a: Sinistcha|87/100\n|move|p2b: Aerodactyl|Rock Slide|p1b: Kommo-o|[spread] p1a,p1b\n|-resisted|p1b: Kommo-o|1\n|-damage|p1a: Sinistcha|63/100\n|-damage|p1b: Kommo-o|96/100\n|move|p1b: Kommo-o|Iron Defense|p1b: Kommo-o\n|-boost|p1b: Kommo-o|def|2\n|\n|-heal|p1b: Kommo-o|100/100|[from] item: Leftovers\n|upkeep\n|turn|3\n|\n|t:|1776735397\n|move|p2a: Beedrill|U-turn|p1a: Sinistcha\n|-damage|p1a: Sinistcha|11/100\n|\n|t:|1776735400\n|switch|p2a: Tinkaton|Tinkaton, L50, F|100/100|[from] U-turn\n|move|p2b: Aerodactyl|Dual Wingbeat|p1b: Kommo-o|[miss]\n|-miss|p2b: Aerodactyl|p1b: Kommo-o\n|move|p1b: Kommo-o|Substitute|p1b: Kommo-o\n|-start|p1b: Kommo-o|Substitute\n|-damage|p1b: Kommo-o|76/100\n|move|p1a: Sinistcha|Trick Room|p1a: Sinistcha\n|-fieldstart|move: Trick Room|[of] p1a: Sinistcha\n|\n|-heal|p1b: Kommo-o|82/100|[from] item: Leftovers\n|upkeep\n|turn|4\n|\n|t:|1776735428\n|move|p1a: Sinistcha|Matcha Gotcha|p2a: Tinkaton|[spread] p2a,p2b\n|-resisted|p2a: Tinkaton|1\n|-crit|p2a: Tinkaton\n|-damage|p2a: Tinkaton|83/100\n|-heal|p1a: Sinistcha|20/100|[from] drain|[of] p2a: Tinkaton\n|-damage|p2b: Aerodactyl|20/100\n|-heal|p1a: Sinistcha|35/100|[from] drain|[of] p2b: Aerodactyl\n|-status|p2a: Tinkaton|brn\n|move|p1b: Kommo-o|Body Press|p2a: Tinkaton\n|-damage|p2a: Tinkaton|0 fnt\n|faint|p2a: Tinkaton\n|move|p2b: Aerodactyl|Dual Wingbeat|p1a: Sinistcha\n|-supereffective|p1a: Sinistcha|1\n|-damage|p1a: Sinistcha|0 fnt\n|faint|p1a: Sinistcha\n|-hitcount|p1: Sinistcha|1\n|\n|-heal|p1b: Kommo-o|88/100|[from] item: Leftovers\n|-sideend|p2: Jonyko|move: Tailwind\n|upkeep\n|\n|t:|1776735447\n|switch|p1a: Blastoise|Blastoise, L50, F|100/100\n|switch|p2a: Ninetales|Ninetales, L50, F|100/100\n|-weather|SunnyDay|[from] ability: Drought|[of] p2a: Ninetales\n|turn|5\n|\n|t:|1776735459\n|detailschange|p1a: Blastoise|Blastoise-Mega, L50, F\n|-mega|p1a: Blastoise|Blastoise|Blastoisinite\n|move|p2a: Ninetales|Protect|p2a: Ninetales\n|-singleturn|p2a: Ninetales|Protect\n|move|p1b: Kommo-o|Body Press|p2a: Ninetales\n|-activate|p2a: Ninetales|move: Protect\n|move|p1a: Blastoise|Water Spout|p2a: Ninetales|[spread] p2b\n|-activate|p2a: Ninetales|move: Protect\n|-supereffective|p2b: Aerodactyl|1\n|-damage|p2b: Aerodactyl|0 fnt\n|faint|p2b: Aerodactyl\n|\n|-weather|SunnyDay|[upkeep]\n|-heal|p1b: Kommo-o|94/100|[from] item: Leftovers\n|upkeep\n|\n|t:|1776735470\n|switch|p2b: Beedrill|Beedrill-Mega, L50, M|100/100\n|turn|6\n|-message|Jonyko forfeited.\n|\n|win|HirotoHondasVoice\n|raw|HirotoHondasVoice's rating: 1208 &rarr; <strong>1228</strong><br />(+20 for winning)\n|raw|Jonyko's rating: 1136 &rarr; <strong>1116</strong><br />(-20 for losing)\n|l|\u2606Jonyko\n|player|p2|\n",
  "uploadtime": 1776735476,
  "views": 8,
  "formatid": "gen9championsvgc2026regma",
  "rating": 1116,
  "private": 0,
  "password": null
}