{
  "id": "gen9championsvgc2026regma-2582698832",
  "format": "[Gen 9 Champions] VGC 2026 Reg M-A",
  "players": [
    "mizetto3",
    "ruinationn"
  ],
  "log": "|j|\u2606mizetto3\n|j|\u2606ruinationn\n|t:|1776108071\n|gametype|doubles\n|player|p1|mizetto3|flannery|1194\n|player|p2|ruinationn|cyrus-masters|1114\n|gen|9\n|tier|[Gen 9 Champions] VGC 2026 Reg M-A\n|rated|\n|rule|Species Clause: Limit one of each Pok\u00e9mon\n|rule|Item Clause: Limit 1 of each item\n|clearpoke\n|poke|p1|Pelipper, L50, F|\n|poke|p1|Archaludon, L50, F|\n|poke|p1|Incineroar, L50, F|\n|poke|p1|Sinistcha, L50|\n|poke|p1|Gardevoir, L50, M|\n|poke|p1|Greninja-*, L50, F|\n|poke|p2|Meowstic, L50, M|\n|poke|p2|Archaludon, L50, F|\n|poke|p2|Sneasler, L50, M|\n|poke|p2|Alakazam, L50, F|\n|poke|p2|Floette-Eternal, L50, F|\n|poke|p2|Incineroar, L50, F|\n|teampreview|4\n|inactive|Battle timer is ON: inactive players will automatically lose when time's up. (requested by mizetto3)\n|inactive|ruinationn has 60 seconds left.\n|\n|t:|1776108111\n|teamsize|p1|4\n|teamsize|p2|4\n|start\n|switch|p1a: Pelipper|Pelipper, L50, F|100/100\n|switch|p1b: Archaludon|Archaludon, L50, F|100/100\n|switch|p2a: Sneasler|Sneasler, L50, M|100/100\n|switch|p2b: Floette|Floette-Eternal, L50, F|100/100\n|-weather|RainDance|[from] ability: Drizzle|[of] p1a: Pelipper\n|turn|1\n|\n|t:|1776108135\n|move|p2b: Floette|Protect|p2b: Floette\n|-singleturn|p2b: Floette|Protect\n|move|p2a: Sneasler|Close Combat|p1b: Archaludon\n|-supereffective|p1b: Archaludon|1\n|-damage|p1b: Archaludon|17/100\n|-unboost|p2a: Sneasler|def|1\n|-unboost|p2a: Sneasler|spd|1\n|move|p1b: Archaludon|Flash Cannon|p2b: Floette\n|-activate|p2b: Floette|move: Protect\n|move|p1a: Pelipper|Hurricane|p2a: Sneasler\n|-supereffective|p2a: Sneasler|1\n|-enditem|p2a: Sneasler|Focus Sash\n|-activate|p2b: Floette|ability: Symbiosis|Sitrus Berry|[of] p2a: Sneasler\n|-damage|p2a: Sneasler|1/100\n|-enditem|p2a: Sneasler|Sitrus Berry|[eat]\n|-heal|p2a: Sneasler|26/100|[from] item: Sitrus Berry\n|\n|-weather|RainDance|[upkeep]\n|-heal|p1b: Archaludon|23/100|[from] item: Leftovers\n|upkeep\n|turn|2\n|inactive|mizetto3 has 30 seconds left.\n|inactive|ruinationn has 30 seconds left.\n|\n|t:|1776108166\n|move|p2a: Sneasler|Rock Slide|p1a: Pelipper|[spread] p1a,p1b\n|-supereffective|p1a: Pelipper|1\n|-resisted|p1b: Archaludon|1\n|-damage|p1a: Pelipper|54/100\n|-damage|p1b: Archaludon|15/100\n|move|p2b: Floette|Calm Mind|p2b: Floette\n|-boost|p2b: Floette|spa|1\n|-boost|p2b: Floette|spd|1\n|move|p1b: Archaludon|Flash Cannon|p2b: Floette\n|-supereffective|p2b: Floette|1\n|-damage|p2b: Floette|68/100\n|move|p1a: Pelipper|Hurricane|p2a: Sneasler\n|-supereffective|p2a: Sneasler|1\n|-damage|p2a: Sneasler|0 fnt\n|faint|p2a: Sneasler\n|\n|-weather|RainDance|[upkeep]\n|-heal|p1b: Archaludon|21/100|[from] item: Leftovers\n|upkeep\n|\n|t:|1776108179\n|switch|p2a: Meowstic|Meowstic, L50, M|100/100\n|turn|3\n|\n|t:|1776108193\n|move|p2a: Meowstic|Fake Out|p1b: Archaludon\n|-resisted|p1b: Archaludon|1\n|-damage|p1b: Archaludon|20/100\n|move|p2b: Floette|Calm Mind|p2b: Floette\n|-boost|p2b: Floette|spa|1\n|-boost|p2b: Floette|spd|1\n|cant|p1b: Archaludon|flinch\n|move|p1a: Pelipper|Tailwind|p1a: Pelipper\n|-sidestart|p1: mizetto3|move: Tailwind\n|\n|-weather|RainDance|[upkeep]\n|-heal|p1b: Archaludon|26/100|[from] item: Leftovers\n|upkeep\n|turn|4\n|inactive|ruinationn has 30 seconds left.\n|\n|t:|1776108225\n|move|p2a: Meowstic|Psychic Terrain|p2a: Meowstic\n|-fieldstart|move: Psychic Terrain\n|move|p1b: Archaludon|Electro Shot||[still]\n|-prepare|p1b: Archaludon|Electro Shot\n|-boost|p1b: Archaludon|spa|1\n|-anim|p1b: Archaludon|Electro Shot|p2b: Floette\n|-damage|p2b: Floette|48/100\n|move|p1a: Pelipper|Hurricane|p2b: Floette\n|-damage|p2b: Floette|30/100\n|-start|p2b: Floette|confusion\n|-activate|p2b: Floette|confusion\n|move|p2b: Floette|Dazzling Gleam|p1b: Archaludon|[spread] p1a,p1b\n|-damage|p1a: Pelipper|0 fnt\n|-damage|p1b: Archaludon|0 fnt\n|faint|p1a: Pelipper\n|faint|p1b: Archaludon\n|\n|-weather|RainDance|[upkeep]\n|upkeep\n|\n|t:|1776108243\n|switch|p1b: Gardevoir|Gardevoir, L50, M|100/100\n|switch|p1a: Greninja|Greninja, L50, F|100/100\n|turn|5\n|inactive|ruinationn has 30 seconds left.\n|inactive|ruinationn has 20 seconds left.\n|inactive|ruinationn has 15 seconds left.\n|inactive|ruinationn has 10 seconds left.\n|\n|t:|1776108289\n|detailschange|p1b: Gardevoir|Gardevoir-Mega, L50, M\n|-mega|p1b: Gardevoir|Gardevoir|Gardevoirite\n|-end|p2b: Floette|confusion\n|move|p2b: Floette|Protect|p2b: Floette\n|-singleturn|p2b: Floette|Protect\n|move|p1a: Greninja|Haze|p1a: Greninja\n|-start|p1a: Greninja|typechange|Ice|[from] ability: Protean\n|-clearallboost\n|move|p1b: Gardevoir|Hyper Voice|p2b: Floette|[spread] p2a\n|-activate|p2b: Floette|move: Protect\n|-damage|p2a: Meowstic|56/100\n|move|p2a: Meowstic|Expanding Force|p1a: Greninja|[spread] p1a,p1b\n|-resisted|p1b: Gardevoir|1\n|-damage|p1a: Greninja|43/100\n|-damage|p1b: Gardevoir|84/100\n|\n|-weather|none\n|upkeep\n|turn|6\n|\n|t:|1776108312\n|move|p2b: Floette|Protect||[still]\n|-fail|p2b: Floette\n|move|p1a: Greninja|Dark Pulse|p2a: Meowstic\n|-supereffective|p2a: Meowstic|1\n|-damage|p2a: Meowstic|5/100\n|move|p1b: Gardevoir|Hyper Voice|p2a: Meowstic|[spread] p2a,p2b\n|-damage|p2a: Meowstic|0 fnt\n|-damage|p2b: Floette|0 fnt\n|faint|p2a: Meowstic\n|faint|p2b: Floette\n|\n|-sideend|p1: mizetto3|move: Tailwind\n|upkeep\n|\n|t:|1776108319\n|switch|p2b: Alakazam|Alakazam, L50, F|100/100\n|turn|7\n|\n|t:|1776108338\n|detailschange|p2b: Alakazam|Alakazam-Mega, L50, F\n|-mega|p2b: Alakazam|Alakazam|Alakazite\n|-ability|p2b: Alakazam|Protean|Trace|[from] ability: Trace|[of] p1a: Greninja\n|move|p2b: Alakazam|Expanding Force|p1a: Greninja|[spread] p1a,p1b\n|-resisted|p1b: Gardevoir|1\n|-damage|p1a: Greninja|0 fnt\n|-damage|p1b: Gardevoir|49/100\n|faint|p1a: Greninja\n|move|p1b: Gardevoir|Hyper Voice|p2b: Alakazam\n|-damage|p2b: Alakazam|14/100\n|\n|upkeep\n|turn|8\n|\n|t:|1776108362\n|move|p1b: Gardevoir|Protect|p1b: Gardevoir\n|-singleturn|p1b: Gardevoir|Protect\n|move|p2b: Alakazam|Expanding Force|p1b: Gardevoir\n|-activate|p1b: Gardevoir|move: Protect\n|\n|-fieldend|move: Psychic Terrain\n|upkeep\n|turn|9\n|\n|t:|1776108374\n|move|p2b: Alakazam|Dazzling Gleam|p1b: Gardevoir\n|-start|p2b: Alakazam|typechange|Fairy|[from] ability: Protean\n|-damage|p1b: Gardevoir|5/100\n|move|p1b: Gardevoir|Hyper Voice|p2b: Alakazam\n|-damage|p2b: Alakazam|0 fnt\n|faint|p2b: Alakazam\n|\n|win|mizetto3\n|raw|mizetto3's rating: 1194 &rarr; <strong>1213</strong><br />(+19 for winning)\n|raw|ruinationn's rating: 1114 &rarr; <strong>1095</strong><br />(-19 for losing)\n|c|\u2606ruinationn|gg\n|c|\u2606mizetto3|GG\n",
  "uploadtime": 1776108389,
  "views": 9,
  "formatid": "gen9championsvgc2026regma",
  "rating": 1095,
  "private": 0,
  "password": null
}