{
  "id": "gen9championsvgc2026regma-2583609307",
  "format": "[Gen 9 Champions] VGC 2026 Reg M-A",
  "players": [
    "Skols",
    "debouls"
  ],
  "log": "|j|\u2606Skols\n|j|\u2606debouls\n|t:|1776186327\n|gametype|doubles\n|player|p1|Skols|1|1251\n|player|p2|debouls|2|1299\n|gen|9\n|tier|[Gen 9 Champions] VGC 2026 Reg M-A\n|rated|\n|rule|Species Clause: Limit one of each Pok\u00e9mon\n|rule|Item Clause: Limit 1 of each item\n|clearpoke\n|poke|p1|Aegislash, L50, F|\n|poke|p1|Tyranitar, L50, M|\n|poke|p1|Gyarados, L50, F|\n|poke|p1|Garchomp, L50, M|\n|poke|p1|Meganium, L50, M|\n|poke|p1|Rotom-Heat, L50|\n|poke|p2|Arcanine, L50, F|\n|poke|p2|Rotom-Wash, L50|\n|poke|p2|Garchomp, L50, M|\n|poke|p2|Venusaur, L50, M|\n|poke|p2|Corviknight, L50, F|\n|poke|p2|Sneasler, L50, F|\n|teampreview|4\n|inactive|Battle timer is ON: inactive players will automatically lose when time's up. (requested by Skols)\n|inactive|Skols has 60 seconds left.\n|\n|t:|1776186362\n|teamsize|p1|4\n|teamsize|p2|4\n|start\n|switch|p1a: Gyarados|Gyarados, L50, F|100/100\n|switch|p1b: Rotom|Rotom-Heat, L50|100/100\n|switch|p2a: Rotom|Rotom-Wash, L50|100/100\n|switch|p2b: Garchomp|Garchomp, L50, M|100/100\n|-ability|p1a: Gyarados|Intimidate|boost\n|-unboost|p2a: Rotom|atk|1\n|-unboost|p2b: Garchomp|atk|1\n|-enditem|p2b: Garchomp|White Herb\n|-clearnegativeboost|p2b: Garchomp|[silent]\n|turn|1\n|inactive|Skols has 30 seconds left.\n|\n|t:|1776186391\n|switch|p1b: Aegislash|Aegislash, L50, F|100/100\n|switch|p1a: Tyranitar|Tyranitar, L50, M|100/100\n|-weather|Sandstorm|[from] ability: Sand Stream|[of] p1a: Tyranitar\n|move|p2a: Rotom|Discharge|p1b: Aegislash|[spread] p1a,p1b\n|-immune|p2b: Garchomp\n|-damage|p1a: Tyranitar|83/100\n|-damage|p1b: Aegislash|78/100\n|move|p2b: Garchomp|Dragon Claw|p1b: Aegislash\n|-resisted|p1b: Aegislash|1\n|-damage|p1b: Aegislash|65/100\n|\n|-weather|Sandstorm|[upkeep]\n|-damage|p2a: Rotom|95/100|[from] Sandstorm\n|-heal|p1b: Aegislash|71/100|[from] item: Leftovers\n|upkeep\n|turn|2\n|\n|t:|1776186414\n|detailschange|p1a: Tyranitar|Tyranitar-Mega, L50, M\n|-mega|p1a: Tyranitar|Tyranitar|Tyranitarite\n|move|p1b: Aegislash|Wide Guard|p1b: Aegislash\n|-singleturn|p1b: Aegislash|Wide Guard\n|move|p2a: Rotom|Discharge|p1b: Aegislash|[spread] \n|-activate|p1a: Tyranitar|move: Wide Guard\n|-activate|p1b: Aegislash|move: Wide Guard\n|-immune|p2b: Garchomp\n|move|p2b: Garchomp|Earthquake|p1a: Tyranitar|[spread] \n|-activate|p1a: Tyranitar|move: Wide Guard\n|-activate|p1b: Aegislash|move: Wide Guard\n|-immune|p2a: Rotom|[from] ability: Levitate\n|move|p1a: Tyranitar|Icy Wind|p2b: Garchomp|[spread] p2a,p2b\n|-resisted|p2a: Rotom|1\n|-supereffective|p2b: Garchomp|2\n|-damage|p2a: Rotom|89/100\n|-damage|p2b: Garchomp|66/100\n|-unboost|p2a: Rotom|spe|1\n|-unboost|p2b: Garchomp|spe|1\n|\n|-weather|Sandstorm|[upkeep]\n|-damage|p2a: Rotom|84/100|[from] Sandstorm\n|-heal|p1b: Aegislash|77/100|[from] item: Leftovers\n|upkeep\n|turn|3\n|inactive|Skols has 30 seconds left.\n|\n|t:|1776186446\n|switch|p2a: Arcanine|Arcanine, L50, F|100/100\n|-ability|p2a: Arcanine|Intimidate|boost\n|-unboost|p1a: Tyranitar|atk|1\n|-unboost|p1b: Aegislash|atk|1\n|move|p2b: Garchomp|Protect|p2b: Garchomp\n|-singleturn|p2b: Garchomp|Protect\n|move|p1b: Aegislash|Wide Guard|p1b: Aegislash\n|-singleturn|p1b: Aegislash|Wide Guard\n|move|p1a: Tyranitar|Knock Off|p2b: Garchomp\n|-activate|p2b: Garchomp|move: Protect\n|\n|-weather|Sandstorm|[upkeep]\n|-damage|p2a: Arcanine|94/100|[from] Sandstorm\n|-heal|p1b: Aegislash|83/100|[from] item: Leftovers\n|upkeep\n|turn|4\n|inactive|debouls has 30 seconds left.\n|inactive|debouls has 20 seconds left.\n|inactive|debouls has 15 seconds left.\n|\n|t:|1776186486\n|switch|p2b: Rotom|Rotom-Wash, L50|84/100\n|switch|p1b: Gyarados|Gyarados, L50, F|100/100\n|-ability|p1b: Gyarados|Intimidate|boost\n|-unboost|p2a: Arcanine|atk|1\n|-unboost|p2b: Rotom|atk|1\n|move|p2a: Arcanine|Will-O-Wisp|p1a: Tyranitar\n|-status|p1a: Tyranitar|brn\n|move|p1a: Tyranitar|Rock Slide|p2a: Arcanine|[spread] p2a,p2b\n|-supereffective|p2a: Arcanine|1\n|-damage|p2a: Arcanine|69/100\n|-damage|p2b: Rotom|67/100\n|\n|-weather|Sandstorm|[upkeep]\n|-damage|p2b: Rotom|62/100|[from] Sandstorm\n|-damage|p2a: Arcanine|62/100|[from] Sandstorm\n|-damage|p1b: Gyarados|95/100|[from] Sandstorm\n|-damage|p1a: Tyranitar|77/100 brn|[from] brn\n|upkeep\n|turn|5\n|inactive|Skols has 30 seconds left.\n|inactive|debouls has 30 seconds left.\n|\n|t:|1776186519\n|switch|p2a: Garchomp|Garchomp, L50, M|66/100\n|move|p1b: Gyarados|Protect|p1b: Gyarados\n|-singleturn|p1b: Gyarados|Protect\n|move|p2b: Rotom|Thunderbolt|p1b: Gyarados\n|-activate|p1b: Gyarados|move: Protect\n|move|p1a: Tyranitar|Rock Slide|p2a: Garchomp|[spread] p2a,p2b\n|-resisted|p2a: Garchomp|1\n|-damage|p2a: Garchomp|61/100\n|-damage|p2b: Rotom|45/100\n|\n|-weather|none\n|-damage|p1a: Tyranitar|71/100 brn|[from] brn\n|upkeep\n|turn|6\n|\n|t:|1776186543\n|switch|p2a: Venusaur|Venusaur, L50, M|100/100\n|switch|p1b: Rotom|Rotom-Heat, L50|100/100\n|move|p2b: Rotom|Thunderbolt|p1b: Rotom\n|-resisted|p1b: Rotom|1\n|-damage|p1b: Rotom|75/100\n|move|p1a: Tyranitar|Icy Wind|p2a: Venusaur|[spread] p2a,p2b\n|-supereffective|p2a: Venusaur|1\n|-resisted|p2b: Rotom|1\n|-damage|p2a: Venusaur|83/100\n|-damage|p2b: Rotom|40/100\n|-unboost|p2a: Venusaur|spe|1\n|-unboost|p2b: Rotom|spe|1\n|\n|-damage|p1a: Tyranitar|65/100 brn|[from] brn\n|upkeep\n|turn|7\n|inactive|Skols has 30 seconds left.\n|inactive|debouls has 30 seconds left.\n|inactive|Skols has 20 seconds left.\n|inactive|debouls has 20 seconds left.\n|inactive|Skols has 15 seconds left.\n|\n|t:|1776186583\n|switch|p2b: Arcanine|Arcanine, L50, F|62/100\n|-ability|p2b: Arcanine|Intimidate|boost\n|-unboost|p1a: Tyranitar|atk|1\n|-unboost|p1b: Rotom|atk|1\n|detailschange|p2a: Venusaur|Venusaur-Mega, L50, M\n|-mega|p2a: Venusaur|Venusaur|Venusaurite\n|move|p1b: Rotom|Overheat|p2a: Venusaur\n|-supereffective|p2a: Venusaur|1\n|-damage|p2a: Venusaur|32/100\n|-unboost|p1b: Rotom|spa|2\n|move|p1a: Tyranitar|Rock Slide|p2a: Venusaur|[spread] p2a,p2b\n|-supereffective|p2b: Arcanine|1\n|-damage|p2a: Venusaur|26/100\n|-damage|p2b: Arcanine|43/100\n|-enditem|p2b: Arcanine|Sitrus Berry|[eat]\n|-heal|p2b: Arcanine|68/100|[from] item: Sitrus Berry\n|move|p2a: Venusaur|Leech Seed|p1b: Rotom\n|-start|p1b: Rotom|move: Leech Seed\n|\n|-damage|p1b: Rotom|63/100|[from] Leech Seed|[of] p2a: Venusaur\n|-heal|p2a: Venusaur|36/100|[silent]\n|-damage|p1a: Tyranitar|59/100 brn|[from] brn\n|upkeep\n|turn|8\n|inactive|debouls has 30 seconds left.\n|\n|t:|1776186615\n|switch|p1a: Gyarados|Gyarados, L50, F|95/100\n|-ability|p1a: Gyarados|Intimidate|boost\n|-unboost|p2a: Venusaur|atk|1\n|-unboost|p2b: Arcanine|atk|1\n|move|p2b: Arcanine|Will-O-Wisp|p1b: Rotom\n|-immune|p1b: Rotom\n|move|p1b: Rotom|Electroweb|p2a: Venusaur|[spread] p2a,p2b\n|-resisted|p2a: Venusaur|1\n|-damage|p2a: Venusaur|32/100\n|-damage|p2b: Arcanine|55/100\n|-unboost|p2a: Venusaur|spe|1\n|-unboost|p2b: Arcanine|spe|1\n|move|p2a: Venusaur|Giga Drain|p1a: Gyarados\n|-damage|p1a: Gyarados|65/100\n|-heal|p2a: Venusaur|48/100|[from] drain|[of] p1a: Gyarados\n|\n|-damage|p1b: Rotom|51/100|[from] Leech Seed|[of] p2a: Venusaur\n|-heal|p2a: Venusaur|58/100|[silent]\n|upkeep\n|turn|9\n|inactive|debouls has 30 seconds left.\n|inactive|debouls has 20 seconds left.\n|inactive|debouls has 15 seconds left.\n|\n|t:|1776186657\n|switch|p1b: Aegislash|Aegislash, L50, F|83/100\n|move|p2a: Venusaur|Protect|p2a: Venusaur\n|-singleturn|p2a: Venusaur|Protect\n|move|p1a: Gyarados|Waterfall|p2b: Arcanine\n|-supereffective|p2b: Arcanine|1\n|-damage|p2b: Arcanine|0 fnt\n|faint|p2b: Arcanine\n|\n|-heal|p1b: Aegislash|89/100|[from] item: Leftovers\n|upkeep\n|\n|t:|1776186670\n|switch|p2b: Rotom|Rotom-Wash, L50|40/100\n|turn|10\n|\n|t:|1776186688\n|switch|p1b: Rotom|Rotom-Heat, L50|51/100\n|move|p1a: Gyarados|Protect|p1a: Gyarados\n|-singleturn|p1a: Gyarados|Protect\n|move|p2b: Rotom|Volt Switch|p1a: Gyarados\n|-activate|p1a: Gyarados|move: Protect\n|move|p2a: Venusaur|Leech Seed|p1b: Rotom\n|-start|p1b: Rotom|move: Leech Seed\n|\n|-damage|p1b: Rotom|39/100|[from] Leech Seed|[of] p2a: Venusaur\n|-heal|p2a: Venusaur|68/100|[silent]\n|upkeep\n|turn|11\n|\n|t:|1776186710\n|switch|p1a: Aegislash|Aegislash, L50, F|89/100\n|switch|p2a: Garchomp|Garchomp, L50, M|61/100\n|move|p2b: Rotom|Volt Switch|p1a: Aegislash\n|-damage|p1a: Aegislash|62/100\n|\n|t:|1776186717\n|switch|p2b: Venusaur|Venusaur-Mega, L50, M|68/100|[from] Volt Switch\n|move|p1b: Rotom|Overheat|p2a: Garchomp\n|-resisted|p2a: Garchomp|1\n|-damage|p2a: Garchomp|29/100\n|-unboost|p1b: Rotom|spa|2\n|\n|-heal|p1a: Aegislash|68/100|[from] item: Leftovers\n|-damage|p1b: Rotom|27/100|[from] Leech Seed|[of] p2a: Garchomp\n|-heal|p2a: Garchomp|39/100|[silent]\n|upkeep\n|turn|12\n|inactive|debouls has 30 seconds left.\n|\n|t:|1776186752\n|switch|p1b: Tyranitar|Tyranitar-Mega, L50, M|59/100 brn\n|-weather|Sandstorm|[from] ability: Sand Stream|[of] p1b: Tyranitar\n|switch|p1a: Gyarados|Gyarados, L50, F|65/100\n|-ability|p1a: Gyarados|Intimidate|boost\n|-unboost|p2a: Garchomp|atk|1\n|-unboost|p2b: Venusaur|atk|1\n|move|p2a: Garchomp|Dragon Claw|p1b: Tyranitar\n|-damage|p1b: Tyranitar|42/100 brn\n|move|p2b: Venusaur|Leech Seed|p1a: Gyarados|[miss]\n|-miss|p2b: Venusaur|p1a: Gyarados\n|\n|-weather|Sandstorm|[upkeep]\n|-damage|p2b: Venusaur|62/100|[from] Sandstorm\n|-damage|p1a: Gyarados|59/100|[from] Sandstorm\n|-damage|p1b: Tyranitar|36/100 brn|[from] brn\n|upkeep\n|turn|13\n|inactive|debouls has 30 seconds left.\n|\n|t:|1776186778\n|move|p2b: Venusaur|Protect|p2b: Venusaur\n|-singleturn|p2b: Venusaur|Protect\n|move|p2a: Garchomp|Earthquake|p1a: Gyarados|[spread] p1b\n|-activate|p2b: Venusaur|move: Protect\n|-immune|p1a: Gyarados\n|-supereffective|p1b: Tyranitar|1\n|-damage|p1b: Tyranitar|4/100 brn\n|move|p1a: Gyarados|Taunt|p2b: Venusaur\n|-activate|p2b: Venusaur|move: Protect\n|move|p1b: Tyranitar|Icy Wind|p2a: Garchomp|[spread] p2a\n|-activate|p2b: Venusaur|move: Protect\n|-supereffective|p2a: Garchomp|2\n|-damage|p2a: Garchomp|5/100\n|-unboost|p2a: Garchomp|spe|1\n|\n|-weather|Sandstorm|[upkeep]\n|-damage|p2b: Venusaur|56/100|[from] Sandstorm\n|-damage|p1a: Gyarados|53/100|[from] Sandstorm\n|-damage|p1b: Tyranitar|0 fnt|[from] brn\n|faint|p1b: Tyranitar\n|upkeep\n|\n|t:|1776186800\n|switch|p1b: Rotom|Rotom-Heat, L50|27/100\n|turn|14\n|inactive|debouls has 30 seconds left.\n|inactive|debouls has 20 seconds left.\n|\n|t:|1776186839\n|switch|p2b: Rotom|Rotom-Wash, L50|40/100\n|move|p2a: Garchomp|Protect|p2a: Garchomp\n|-singleturn|p2a: Garchomp|Protect\n|move|p1b: Rotom|Electroweb|p2a: Garchomp|[spread] p2b\n|-activate|p2a: Garchomp|move: Protect\n|-damage|p2b: Rotom|7/100\n|-unboost|p2b: Rotom|spe|1\n|move|p1a: Gyarados|Waterfall|p2a: Garchomp\n|-activate|p2a: Garchomp|move: Protect\n|\n|-weather|Sandstorm|[upkeep]\n|-damage|p2b: Rotom|1/100|[from] Sandstorm\n|-damage|p1b: Rotom|21/100|[from] Sandstorm\n|-damage|p1a: Gyarados|47/100|[from] Sandstorm\n|-enditem|p1a: Gyarados|Sitrus Berry|[eat]\n|-heal|p1a: Gyarados|72/100|[from] item: Sitrus Berry\n|upkeep\n|turn|15\n|inactive|debouls has 30 seconds left.\n|inactive|debouls has 20 seconds left.\n|inactive|debouls has 15 seconds left.\n|inactive|debouls has 10 seconds left.\n|\n|t:|1776186866\n|move|p1b: Rotom|Protect|p1b: Rotom\n|-singleturn|p1b: Rotom|Protect\n|move|p1a: Gyarados|Protect|p1a: Gyarados\n|-singleturn|p1a: Gyarados|Protect\n|move|p2b: Rotom|Discharge|p1a: Gyarados|[spread] \n|-activate|p1a: Gyarados|move: Protect\n|-activate|p1b: Rotom|move: Protect\n|-immune|p2a: Garchomp\n|move|p2a: Garchomp|Earthquake|p1b: Rotom|[spread] \n|-activate|p1a: Gyarados|move: Protect\n|-activate|p1b: Rotom|move: Protect\n|-immune|p2b: Rotom|[from] ability: Levitate\n|\n|-weather|Sandstorm|[upkeep]\n|-damage|p2b: Rotom|0 fnt|[from] Sandstorm\n|-damage|p1b: Rotom|15/100|[from] Sandstorm\n|-damage|p1a: Gyarados|66/100|[from] Sandstorm\n|faint|p2b: Rotom\n|upkeep\n|inactive|debouls has 10 seconds left this turn.\n|inactive|debouls has 5 seconds left.\n|\n|t:|1776186874\n|switch|p2b: Venusaur|Venusaur-Mega, L50, M|56/100\n|turn|16\n|inactive|debouls has 5 seconds left this turn.\n|-message|debouls lost due to inactivity.\n|\n|win|Skols\n|raw|Skols's rating: 1251 &rarr; <strong>1279</strong><br />(+28 for winning)\n|raw|debouls's rating: 1299 &rarr; <strong>1271</strong><br />(-28 for losing)\n|l|\u2606Skols\n|player|p1|\n",
  "uploadtime": 1776186891,
  "views": 22,
  "formatid": "gen9championsvgc2026regma",
  "rating": 1271,
  "private": 0,
  "password": null
}