{
  "id": "gen9championsvgc2026regma-2586147152",
  "format": "[Gen 9 Champions] VGC 2026 Reg M-A",
  "players": [
    "kuanyou",
    "hexagonfoot"
  ],
  "log": "|j|\u2606kuanyou\n|j|\u2606hexagonfoot\n|t:|1776404942\n|gametype|doubles\n|player|p1|kuanyou|266|1261\n|player|p2|hexagonfoot|101|1218\n|gen|9\n|tier|[Gen 9 Champions] VGC 2026 Reg M-A\n|rated|\n|rule|Species Clause: Limit one of each Pok\u00e9mon\n|rule|Item Clause: Limit 1 of each item\n|clearpoke\n|poke|p1|Kangaskhan, L50, F|\n|poke|p1|Aerodactyl, L50, M|\n|poke|p1|Garchomp, L50, M|\n|poke|p1|Basculegion, L50, M|\n|poke|p1|Sylveon, L50, M|\n|poke|p1|Incineroar, L50, M|\n|poke|p2|Archaludon, L50, F|\n|poke|p2|Gengar, L50, M|\n|poke|p2|Incineroar, L50, M|\n|poke|p2|Pelipper, L50, F|\n|poke|p2|Scovillain, L50, F|\n|poke|p2|Sneasler, L50, F|\n|teampreview|4\n|inactive|Battle timer is ON: inactive players will automatically lose when time's up. (requested by hexagonfoot)\n|\n|t:|1776404967\n|teamsize|p1|4\n|teamsize|p2|4\n|start\n|switch|p1a: Kangaskhan|Kangaskhan, L50, F|100/100\n|switch|p1b: Aerodactyl|Aerodactyl, L50, M|100/100\n|switch|p2a: Scovillain|Scovillain, L50, F|100/100\n|switch|p2b: Incineroar|Incineroar, L50, M|100/100\n|-ability|p1b: Aerodactyl|Unnerve\n|-ability|p2b: Incineroar|Intimidate|boost\n|-fail|p1a: Kangaskhan|unboost|Attack|[from] ability: Scrappy|[of] p1a: Kangaskhan\n|-unboost|p1b: Aerodactyl|atk|1\n|turn|1\n|inactive|kuanyou has 30 seconds left.\n|inactive|hexagonfoot has 30 seconds left.\n|\n|t:|1776405001\n|detailschange|p1a: Kangaskhan|Kangaskhan-Mega, L50, F\n|-mega|p1a: Kangaskhan|Kangaskhan|Kangaskhanite\n|detailschange|p2a: Scovillain|Scovillain-Mega, L50, F\n|-mega|p2a: Scovillain|Scovillain|Scovillainite\n|move|p2a: Scovillain|Rage Powder|p2a: Scovillain\n|-singleturn|p2a: Scovillain|move: Rage Powder\n|move|p1b: Aerodactyl|Tailwind|p1b: Aerodactyl\n|-sidestart|p1: kuanyou|move: Tailwind\n|move|p1a: Kangaskhan|Double-Edge|p2a: Scovillain\n|-damage|p2a: Scovillain|27/100\n|-status|p1a: Kangaskhan|brn|[from] ability: Spicy Spray|[of] p2a: Scovillain\n|-crit|p2a: Scovillain\n|-damage|p2a: Scovillain|12/100\n|-hitcount|p2a: Scovillain|2\n|-damage|p1a: Kangaskhan|77/100 brn|[from] Recoil\n|move|p2b: Incineroar|Parting Shot|p1b: Aerodactyl\n|-unboost|p1b: Aerodactyl|atk|1\n|-unboost|p1b: Aerodactyl|spa|1\n|\n|t:|1776405018\n|switch|p2b: Gengar|Gengar, L50, M|100/100|[from] Parting Shot\n|\n|-damage|p1a: Kangaskhan|71/100 brn|[from] brn\n|upkeep\n|turn|2\n|\n|t:|1776405040\n|move|p1b: Aerodactyl|Protect|p1b: Aerodactyl\n|-singleturn|p1b: Aerodactyl|Protect\n|move|p2a: Scovillain|Protect|p2a: Scovillain\n|-singleturn|p2a: Scovillain|Protect\n|move|p1a: Kangaskhan|Double-Edge|p2a: Scovillain\n|-activate|p2a: Scovillain|move: Protect\n|move|p2b: Gengar|Icy Wind|p1b: Aerodactyl|[spread] p1a\n|-activate|p1b: Aerodactyl|move: Protect\n|-damage|p1a: Kangaskhan|59/100 brn\n|-unboost|p1a: Kangaskhan|spe|1\n|\n|-damage|p1a: Kangaskhan|53/100 brn|[from] brn\n|upkeep\n|turn|3\n|\n|t:|1776405061\n|switch|p2a: Incineroar|Incineroar, L50, M|100/100\n|-ability|p2a: Incineroar|Intimidate|boost\n|-unboost|p1a: Kangaskhan|atk|1\n|-unboost|p1b: Aerodactyl|atk|1\n|move|p1b: Aerodactyl|Dual Wingbeat|p2b: Gengar\n|-damage|p2b: Gengar|85/100\n|-start|p1b: Aerodactyl|Disable|Dual Wingbeat|[from] ability: Cursed Body|[of] p2b: Gengar\n|-damage|p2b: Gengar|70/100\n|-hitcount|p2b: Gengar|2\n|move|p2b: Gengar|Icy Wind|p1b: Aerodactyl|[spread] p1a,p1b\n|-supereffective|p1b: Aerodactyl|1\n|-damage|p1a: Kangaskhan|41/100 brn\n|-damage|p1b: Aerodactyl|57/100\n|-unboost|p1a: Kangaskhan|spe|1\n|-unboost|p1b: Aerodactyl|spe|1\n|move|p1a: Kangaskhan|Double-Edge|p2a: Incineroar\n|-damage|p2a: Incineroar|77/100\n|-damage|p2a: Incineroar|72/100\n|-hitcount|p2a: Incineroar|2\n|-damage|p1a: Kangaskhan|32/100 brn|[from] Recoil\n|\n|-damage|p1a: Kangaskhan|25/100 brn|[from] brn\n|upkeep\n|turn|4\n|inactive|kuanyou has 30 seconds left.\n|inactive|hexagonfoot has 30 seconds left.\n|\n|t:|1776405095\n|move|p2a: Incineroar|Fake Out|p1b: Aerodactyl\n|-resisted|p1b: Aerodactyl|1\n|-damage|p1b: Aerodactyl|49/100\n|cant|p1b: Aerodactyl|flinch\n|move|p2b: Gengar|Icy Wind|p1b: Aerodactyl|[spread] p1a,p1b\n|-supereffective|p1b: Aerodactyl|1\n|-damage|p1a: Kangaskhan|13/100 brn\n|-damage|p1b: Aerodactyl|4/100\n|-unboost|p1a: Kangaskhan|spe|1\n|-unboost|p1b: Aerodactyl|spe|1\n|move|p1a: Kangaskhan|Low Kick|p2a: Incineroar\n|-supereffective|p2a: Incineroar|1\n|-damage|p2a: Incineroar|50/100\n|-supereffective|p2a: Incineroar|1\n|-damage|p2a: Incineroar|46/100\n|-hitcount|p2a: Incineroar|2\n|\n|-damage|p1a: Kangaskhan|7/100 brn|[from] brn\n|-sideend|p1: kuanyou|move: Tailwind\n|upkeep\n|turn|5\n|\n|t:|1776405114\n|switch|p2a: Scovillain|Scovillain-Mega, L50, F|12/100\n|move|p1a: Kangaskhan|Sucker Punch|p2b: Gengar\n|-supereffective|p2b: Gengar|1\n|-damage|p2b: Gengar|36/100\n|-supereffective|p2b: Gengar|1\n|-damage|p2b: Gengar|27/100\n|-hitcount|p2b: Gengar|2\n|move|p2b: Gengar|Icy Wind|p1b: Aerodactyl|[spread] p1a,p1b\n|-supereffective|p1b: Aerodactyl|1\n|-damage|p1a: Kangaskhan|0 fnt\n|-damage|p1b: Aerodactyl|0 fnt\n|faint|p1a: Kangaskhan\n|faint|p1b: Aerodactyl\n|\n|upkeep\n|\n|t:|1776405138\n|switch|p1b: Basculegion|Basculegion, L50, M|100/100\n|switch|p1a: Garchomp|Garchomp, L50, M|100/100\n|turn|6\n|\n|t:|1776405156\n|move|p2b: Gengar|Protect|p2b: Gengar\n|-singleturn|p2b: Gengar|Protect\n|move|p1a: Garchomp|Protect|p1a: Garchomp\n|-singleturn|p1a: Garchomp|Protect\n|move|p2a: Scovillain|Rage Powder|p2a: Scovillain\n|-singleturn|p2a: Scovillain|move: Rage Powder\n|move|p1b: Basculegion|Last Respects|p2a: Scovillain\n|-damage|p2a: Scovillain|0 fnt\n|-status|p1b: Basculegion|brn|[from] ability: Spicy Spray|[of] p2a: Scovillain\n|faint|p2a: Scovillain\n|\n|-damage|p1b: Basculegion|94/100 brn|[from] brn\n|upkeep\n|\n|t:|1776405176\n|switch|p2a: Incineroar|Incineroar, L50, M|46/100\n|-ability|p2a: Incineroar|Intimidate|boost\n|-unboost|p1a: Garchomp|atk|1\n|-unboost|p1b: Basculegion|atk|1\n|-enditem|p1a: Garchomp|White Herb\n|-clearnegativeboost|p1a: Garchomp|[silent]\n|turn|7\n|\n|t:|1776405195\n|move|p1b: Basculegion|Last Respects|p2b: Gengar\n|-supereffective|p2b: Gengar|1\n|-damage|p2b: Gengar|0 fnt\n|faint|p2b: Gengar\n|move|p1a: Garchomp|Stomping Tantrum|p2a: Incineroar\n|-supereffective|p2a: Incineroar|1\n|-enditem|p2a: Incineroar|Shuca Berry|[eat]\n|-enditem|p2a: Incineroar|Shuca Berry|[weaken]\n|-damage|p2a: Incineroar|8/100\n|move|p2a: Incineroar|Throat Chop|p1b: Basculegion\n|-supereffective|p1b: Basculegion|1\n|-damage|p1b: Basculegion|20/100 brn\n|-start|p1b: Basculegion|Throat Chop|[silent]\n|\n|-damage|p1b: Basculegion|14/100 brn|[from] brn\n|upkeep\n|\n|t:|1776405198\n|switch|p2b: Sneasler|Sneasler, L50, F|100/100\n|turn|8\n|\n|t:|1776405215\n|move|p2b: Sneasler|Protect|p2b: Sneasler\n|-singleturn|p2b: Sneasler|Protect\n|move|p2a: Incineroar|Protect|p2a: Incineroar\n|-singleturn|p2a: Incineroar|Protect\n|move|p1b: Basculegion|Last Respects|p2a: Incineroar\n|-activate|p2a: Incineroar|move: Protect\n|move|p1a: Garchomp|Earthquake|p2a: Incineroar|[spread] p1b\n|-activate|p2a: Incineroar|move: Protect\n|-activate|p2b: Sneasler|move: Protect\n|-damage|p1b: Basculegion|0 fnt\n|faint|p1b: Basculegion\n|\n|upkeep\n|turn|9\n|\n|t:|1776405233\n|move|p2b: Sneasler|Dire Claw|p1a: Garchomp\n|-resisted|p1a: Garchomp|1\n|-damage|p1a: Garchomp|80/100\n|move|p1a: Garchomp|Earthquake|p2b: Sneasler|[spread] p2a,p2b\n|-supereffective|p2a: Incineroar|1\n|-supereffective|p2b: Sneasler|1\n|-damage|p2a: Incineroar|0 fnt\n|-damage|p2b: Sneasler|0 fnt\n|faint|p2a: Incineroar\n|faint|p2b: Sneasler\n|\n|win|kuanyou\n|raw|kuanyou's rating: 1261 &rarr; <strong>1283</strong><br />(+22 for winning)\n|raw|hexagonfoot's rating: 1218 &rarr; <strong>1196</strong><br />(-22 for losing)\n",
  "uploadtime": 1776405234,
  "views": 17,
  "formatid": "gen9championsvgc2026regma",
  "rating": 1196,
  "private": 0,
  "password": null
}