{
  "id": "gen9championsvgc2026regma-2587464723",
  "format": "[Gen 9 Champions] VGC 2026 Reg M-A",
  "players": [
    "joosesooto01",
    "prob.ink"
  ],
  "log": "|j|\u2606joosesooto01\n|j|\u2606prob.ink\n|t:|1776534057\n|gametype|doubles\n|player|p1|joosesooto01|169|1067\n|player|p2|prob.ink|carmine-festival|1098\n|gen|9\n|tier|[Gen 9 Champions] VGC 2026 Reg M-A\n|rated|\n|rule|Species Clause: Limit one of each Pok\u00e9mon\n|rule|Item Clause: Limit 1 of each item\n|clearpoke\n|poke|p1|Floette-Eternal, L50, F, shiny|\n|poke|p1|Garchomp, L50, M, shiny|\n|poke|p1|Kingambit, L50, F, shiny|\n|poke|p1|Basculegion, L50, M, shiny|\n|poke|p1|Sneasler, L50, M, shiny|\n|poke|p1|Froslass, L50, F, shiny|\n|poke|p2|Charizard, L50, M, shiny|\n|poke|p2|Typhlosion-Hisui, L50, M, shiny|\n|poke|p2|Dragapult, L50, F, shiny|\n|poke|p2|Venusaur, L50, M|\n|poke|p2|Talonflame, L50, M, shiny|\n|poke|p2|Sinistcha, L50|\n|teampreview|4\n|inactive|Battle timer is ON: inactive players will automatically lose when time's up. (requested by prob.ink)\njoosesooto01 has agreed to open team sheets.\n|inactive|joosesooto01 has 60 seconds left.\n|\n|t:|1776534089\n|teamsize|p1|4\n|teamsize|p2|4\n|start\n|switch|p1a: Garchomp|Garchomp, L50, M, shiny|100/100\n|switch|p1b: Froslass|Froslass, L50, F, shiny|100/100\n|switch|p2a: Talonflame|Talonflame, L50, M, shiny|100/100\n|switch|p2b: Typhlosion|Typhlosion-Hisui, L50, M, shiny|100/100\n|turn|1\n|inactive|prob.ink has 30 seconds left.\n|\n|t:|1776534118\n|switch|p2b: Venusaur|Venusaur, L50, M|100/100\n|switch|p1b: Basculegion|Basculegion, L50, M, shiny|100/100\n|move|p2a: Talonflame|Tailwind|p2a: Talonflame\n|-sidestart|p2: prob.ink|move: Tailwind\n|move|p1a: Garchomp|Rock Slide|p2b: Venusaur|[spread] p2a,p2b\n|-supereffective|p2a: Talonflame|2\n|-enditem|p2a: Talonflame|Charti Berry|[eat]\n|-enditem|p2a: Talonflame|Charti Berry|[weaken]\n|-damage|p2a: Talonflame|41/100\n|-damage|p2b: Venusaur|75/100\n|\n|-heal|p2b: Venusaur|81/100|[from] item: Leftovers\n|upkeep\n|turn|2\n|inactive|joosesooto01 has 30 seconds left.\n|\n|t:|1776534144\n|switch|p2a: Charizard|Charizard, L50, M, shiny|100/100\n|move|p2b: Venusaur|Protect|p2b: Venusaur\n|-singleturn|p2b: Venusaur|Protect\n|move|p1b: Basculegion|Aqua Jet|p2a: Charizard\n|-supereffective|p2a: Charizard|1\n|-damage|p2a: Charizard|13/100\n|move|p1a: Garchomp|Dragon Claw|p2b: Venusaur\n|-activate|p2b: Venusaur|move: Protect\n|\n|-heal|p2b: Venusaur|87/100|[from] item: Leftovers\n|upkeep\n|turn|3\n|\n|t:|1776534166\n|detailschange|p2a: Charizard|Charizard-Mega-Y, L50, M, shiny\n|-mega|p2a: Charizard|Charizard|Charizardite Y\n|-weather|SunnyDay|[from] ability: Drought|[of] p2a: Charizard\n|move|p2a: Charizard|Protect|p2a: Charizard\n|-singleturn|p2a: Charizard|Protect\n|move|p1b: Basculegion|Aqua Jet|p2a: Charizard\n|-activate|p2a: Charizard|move: Protect\n|move|p2b: Venusaur|Solar Beam||[still]\n|-prepare|p2b: Venusaur|Solar Beam\n|-anim|p2b: Venusaur|Solar Beam|p1b: Basculegion\n|-supereffective|p1b: Basculegion|1\n|-damage|p1b: Basculegion|0 fnt\n|faint|p1b: Basculegion\n|move|p1a: Garchomp|Dragon Claw|p2b: Venusaur\n|-damage|p2b: Venusaur|43/100\n|\n|-weather|SunnyDay|[upkeep]\n|-heal|p2b: Venusaur|49/100|[from] item: Leftovers\n|upkeep\n|\n|t:|1776534186\n|switch|p1b: Sneasler|Sneasler, L50, M, shiny|100/100\n|turn|4\n|\n|t:|1776534201\n|switch|p2a: Talonflame|Talonflame, L50, M, shiny|41/100\n|move|p1b: Sneasler|Fake Out|p2a: Talonflame\n|-damage|p2a: Talonflame|18/100\n|-status|p2a: Talonflame|psn|[from] ability: Poison Touch|[of] p1b: Sneasler\n|move|p2b: Venusaur|Sleep Powder|p1b: Sneasler|[miss]\n|-miss|p2b: Venusaur|p1b: Sneasler\n|move|p1a: Garchomp|Rock Slide|p2a: Talonflame|[spread] p2a,p2b\n|-supereffective|p2a: Talonflame|2\n|-damage|p2a: Talonflame|0 fnt\n|-damage|p2b: Venusaur|25/100\n|faint|p2a: Talonflame\n|\n|-weather|SunnyDay|[upkeep]\n|-heal|p2b: Venusaur|31/100|[from] item: Leftovers\n|-sideend|p2: prob.ink|move: Tailwind\n|upkeep\n|\n|t:|1776534216\n|switch|p2a: Typhlosion|Typhlosion-Hisui, L50, M, shiny|100/100\n|turn|5\n|\n|t:|1776534236\n|move|p1b: Sneasler|Protect|p1b: Sneasler\n|-singleturn|p1b: Sneasler|Protect\n|move|p2b: Venusaur|Solar Beam||[still]\n|-prepare|p2b: Venusaur|Solar Beam\n|-anim|p2b: Venusaur|Solar Beam|p1a: Garchomp\n|-damage|p1a: Garchomp|54/100\n|move|p2a: Typhlosion|Eruption|p1a: Garchomp|[spread] p1a\n|-activate|p1b: Sneasler|move: Protect\n|-resisted|p1a: Garchomp|1\n|-damage|p1a: Garchomp|13/100\n|move|p1a: Garchomp|Earthquake|p2a: Typhlosion|[spread] p2a,p2b\n|-activate|p1b: Sneasler|move: Protect\n|-supereffective|p2a: Typhlosion|1\n|-damage|p2a: Typhlosion|0 fnt\n|-damage|p2b: Venusaur|0 fnt\n|faint|p2a: Typhlosion\n|faint|p2b: Venusaur\n|\n|-weather|SunnyDay|[upkeep]\n|upkeep\n|\n|t:|1776534254\n|switch|p2b: Charizard|Charizard-Mega-Y, L50, M, shiny|13/100\n|turn|6\n|\n|t:|1776534261\n|move|p1b: Sneasler|Dire Claw|p2b: Charizard\n|-damage|p2b: Charizard|0 fnt\n|faint|p2b: Charizard\n|\n|win|joosesooto01\n|raw|joosesooto01's rating: 1067 &rarr; <strong>1100</strong><br />(+33 for winning)\n|raw|prob.ink's rating: 1098 &rarr; <strong>1071</strong><br />(-27 for losing)\n",
  "uploadtime": 1776534269,
  "views": 12,
  "formatid": "gen9championsvgc2026regma",
  "rating": 1071,
  "private": 0,
  "password": null
}