{
  "id": "gen9championsvgc2026regma-2582007920",
  "format": "[Gen 9 Champions] VGC 2026 Reg M-A",
  "players": [
    "itsjustsomni",
    "Estuche"
  ],
  "log": "|j|\u2606itsjustsomni\n|j|\u2606Estuche\n|t:|1776047837\n|gametype|doubles\n|player|p1|itsjustsomni|cyrus|1133\n|player|p2|Estuche|101|1227\n|gen|9\n|tier|[Gen 9 Champions] VGC 2026 Reg M-A\n|rated|\n|rule|Species Clause: Limit one of each Pok\u00e9mon\n|rule|Item Clause: Limit 1 of each item\n|clearpoke\n|poke|p1|Charizard, L50, M|\n|poke|p1|Venusaur, L50, F|\n|poke|p1|Whimsicott, L50, F|\n|poke|p1|Incineroar, L50, F|\n|poke|p1|Crabominable, L50, M|\n|poke|p1|Sinistcha, L50|\n|poke|p2|Alakazam, L50, F|\n|poke|p2|Sinistcha, L50|\n|poke|p2|Incineroar, L50, F|\n|poke|p2|Sneasler, L50, F|\n|poke|p2|Orthworm, L50, M|\n|poke|p2|Farigiraf, L50, M|\n|teampreview|4\n|inactive|Battle timer is ON: inactive players will automatically lose when time's up. (requested by itsjustsomni)\n|\n|t:|1776047854\n|teamsize|p1|4\n|teamsize|p2|4\n|start\n|switch|p1a: Incineroar|Incineroar, L50, F|100/100\n|switch|p1b: Charizard|Charizard, L50, M|100/100\n|switch|p2a: Incineroar|Incineroar, L50, F|100/100\n|switch|p2b: Farigiraf|Farigiraf, L50, M|100/100\n|-ability|p2a: Incineroar|Intimidate|boost\n|-unboost|p1a: Incineroar|atk|1\n|-unboost|p1b: Charizard|atk|1\n|-ability|p1a: Incineroar|Intimidate|boost\n|-unboost|p2a: Incineroar|atk|1\n|-unboost|p2b: Farigiraf|atk|1\n|turn|1\n|\n|t:|1776047870\n|detailschange|p1b: Charizard|Charizard-Mega-Y, L50, M\n|-mega|p1b: Charizard|Charizard|Charizardite Y\n|-weather|SunnyDay|[from] ability: Drought|[of] p1b: Charizard\n|move|p1a: Incineroar|Fake Out||[still]\n|cant|p2b: Farigiraf|ability: Armor Tail|Fake Out|[of] p1a: Incineroar\n|move|p1b: Charizard|Overheat|p2b: Farigiraf\n|-damage|p2b: Farigiraf|4/100\n|-unboost|p1b: Charizard|spa|2\n|move|p2a: Incineroar|Parting Shot|p1b: Charizard\n|-unboost|p1b: Charizard|atk|1\n|-unboost|p1b: Charizard|spa|1\n|\n|t:|1776047883\n|switch|p2a: Sneasler|Sneasler, L50, F|100/100|[from] Parting Shot\n|move|p2b: Farigiraf|Psychic Terrain|p2b: Farigiraf\n|-fieldstart|move: Psychic Terrain\n|\n|-weather|SunnyDay|[upkeep]\n|-heal|p2b: Farigiraf|10/100|[from] item: Leftovers\n|upkeep\n|turn|2\n|\n|t:|1776047904\n|switch|p2b: Alakazam|Alakazam, L50, F|100/100\n|move|p2a: Sneasler|Close Combat|p1a: Incineroar\n|-supereffective|p1a: Incineroar|1\n|-damage|p1a: Incineroar|0 fnt\n|-unboost|p2a: Sneasler|def|1\n|-unboost|p2a: Sneasler|spd|1\n|faint|p1a: Incineroar\n|-enditem|p2a: Sneasler|White Herb\n|-clearnegativeboost|p2a: Sneasler|[silent]\n|move|p1b: Charizard|Heat Wave|p2a: Sneasler|[spread] p2a,p2b\n|-damage|p2a: Sneasler|64/100\n|-damage|p2b: Alakazam|66/100\n|\n|-weather|SunnyDay|[upkeep]\n|upkeep\n|\n|t:|1776047920\n|switch|p1a: Whimsicott|Whimsicott, L50, F|100/100\n|turn|3\n|\n|t:|1776047939\n|switch|p2a: Incineroar|Incineroar, L50, F|100/100\n|-ability|p2a: Incineroar|Intimidate|boost\n|-unboost|p1a: Whimsicott|atk|1\n|-unboost|p1b: Charizard|atk|1\n|switch|p1b: Venusaur|Venusaur, L50, F|100/100\n|detailschange|p2b: Alakazam|Alakazam-Mega, L50, F\n|-mega|p2b: Alakazam|Alakazam|Alakazite\n|-ability|p2b: Alakazam|Chlorophyll|Trace|[from] ability: Trace|[of] p1b: Venusaur\n|move|p1a: Whimsicott|Taunt|p2b: Alakazam\n|-activate|p2b: Alakazam|move: Psychic Terrain\n|move|p2b: Alakazam|Expanding Force|p1b: Venusaur|[spread] p1a,p1b\n|-supereffective|p1b: Venusaur|1\n|-enditem|p1a: Whimsicott|Focus Sash\n|-damage|p1a: Whimsicott|1/100\n|-damage|p1b: Venusaur|0 fnt\n|faint|p1b: Venusaur\n|\n|-weather|SunnyDay|[upkeep]\n|upkeep\n|\n|t:|1776047959\n|switch|p1b: Charizard|Charizard-Mega-Y, L50, M|100/100\n|turn|4\n|\n|t:|1776047973\n|move|p2a: Incineroar|Fake Out|p1b: Charizard\n|-hint|Psychic Terrain doesn't affect airborne Pok\u00e9mon.\n|-damage|p1b: Charizard|84/100\n|move|p1a: Whimsicott|Tailwind|p1a: Whimsicott\n|-sidestart|p1: itsjustsomni|move: Tailwind\n|move|p2b: Alakazam|Expanding Force|p1b: Charizard|[spread] p1a,p1b\n|-damage|p1a: Whimsicott|0 fnt\n|-damage|p1b: Charizard|7/100\n|faint|p1a: Whimsicott\n|cant|p1b: Charizard|flinch\n|\n|-weather|SunnyDay|[upkeep]\n|upkeep\n|turn|5\n|\n|t:|1776047991\n|switch|p2a: Farigiraf|Farigiraf, L50, M|10/100\n|move|p2b: Alakazam|Protect|p2b: Alakazam\n|-singleturn|p2b: Alakazam|Protect\n|move|p1b: Charizard|Heat Wave|p2a: Farigiraf|[spread] p2a\n|-activate|p2b: Alakazam|move: Protect\n|-damage|p2a: Farigiraf|0 fnt\n|faint|p2a: Farigiraf\n|\n|-weather|none\n|-fieldend|move: Psychic Terrain\n|upkeep\n|\n|t:|1776047994\n|switch|p2a: Incineroar|Incineroar, L50, F|100/100\n|-ability|p2a: Incineroar|Intimidate|boost\n|-unboost|p1b: Charizard|atk|1\n|turn|6\n|\n|t:|1776047997\n|move|p2a: Incineroar|Fake Out|p1b: Charizard\n|-damage|p1b: Charizard|0 fnt\n|faint|p1b: Charizard\n|\n|win|Estuche\n|raw|itsjustsomni's rating: 1133 &rarr; <strong>1115</strong><br />(-18 for losing)\n|raw|Estuche's rating: 1227 &rarr; <strong>1245</strong><br />(+18 for winning)\n",
  "uploadtime": 1776048000,
  "views": 17,
  "formatid": "gen9championsvgc2026regma",
  "rating": 1115,
  "private": 0,
  "password": null
}