{
  "id": "gen9championsvgc2026regma-2587605965",
  "format": "[Gen 9 Champions] VGC 2026 Reg M-A",
  "players": [
    "dman12352",
    "138mysx"
  ],
  "log": "|j|\u2606dman12352\n|j|\u2606138mysx\n|t:|1776546349\n|gametype|doubles\n|player|p1|dman12352|hoopster|\n|player|p2|138mysx|170|\n|gen|9\n|tier|[Gen 9 Champions] VGC 2026 Reg M-A\n|rated|Tournament battle\n|rule|Species Clause: Limit one of each Pok\u00e9mon\n|rule|Item Clause: Limit 1 of each item\n|clearpoke\n|poke|p1|Starmie, L50|\n|poke|p1|Pelipper, L50, M|\n|poke|p1|Sneasler, L50, F|\n|poke|p1|Garchomp, L50, F|\n|poke|p1|Kingambit, L50, F|\n|poke|p1|Meganium, L50, M|\n|poke|p2|Garchomp, L50, F, shiny|\n|poke|p2|Gardevoir, L50, F, shiny|\n|poke|p2|Charizard, L50, M, shiny|\n|poke|p2|Milotic, L50, F|\n|poke|p2|Corviknight, L50, F|\n|poke|p2|Meowscarada, L50, M|\n|teampreview|4\n|inactive|Battle timer is ON: inactive players will automatically lose when time's up. (requested by dman12352)\n|j| regiseal\n|inactive|138mysx has 60 seconds left.\n|inactive|138mysx has 30 seconds left.\n|inactive|138mysx has 20 seconds left.\n|\n|t:|1776546419\n|teamsize|p1|4\n|teamsize|p2|4\n|start\n|switch|p1a: Sneasler|Sneasler, L50, F|100/100\n|switch|p1b: Garchomp|Garchomp, L50, F|100/100\n|switch|p2a: Gardevoir|Gardevoir, L50, F, shiny|100/100\n|switch|p2b: Charizard|Charizard, L50, M, shiny|100/100\n|turn|1\n|inactive|dman12352 has 30 seconds left.\n|inactive|dman12352 has 20 seconds left.\n|inactive|dman12352 has 15 seconds left.\n|inactive|dman12352 has 10 seconds left.\n|\n|t:|1776546477\n|move|p2b: Charizard|Protect|p2b: Charizard\n|-singleturn|p2b: Charizard|Protect\n|move|p1b: Garchomp|Rock Slide|p2a: Gardevoir|[spread] p2a\n|-activate|p2b: Charizard|move: Protect\n|-damage|p2a: Gardevoir|69/100\n|cant|p2a: Gardevoir|flinch\n|move|p1a: Sneasler|Dire Claw|p2a: Gardevoir\n|-supereffective|p2a: Gardevoir|1\n|-damage|p2a: Gardevoir|0 fnt\n|faint|p2a: Gardevoir\n|\n|upkeep\n|c|\u2606138mysx|No way\n|\n|t:|1776546495\n|switch|p2a: Milotic|Milotic, L50, F|100/100\n|turn|2\n|j| Raynobi\n|inactive|dman12352 has 30 seconds left.\n|inactive|138mysx has 30 seconds left.\n|inactive|dman12352 has 20 seconds left.\n|l| Raynobi\n|inactive|dman12352 has 15 seconds left.\n|inactive|138mysx has 20 seconds left.\n|inactive|dman12352 has 10 seconds left.\n|\n|t:|1776546544\n|detailschange|p2b: Charizard|Charizard-Mega-Y, L50, M, shiny\n|-mega|p2b: Charizard|Charizard|Charizardite Y\n|-weather|SunnyDay|[from] ability: Drought|[of] p2b: Charizard\n|move|p1a: Sneasler|Protect|p1a: Sneasler\n|-singleturn|p1a: Sneasler|Protect\n|move|p1b: Garchomp|Rock Slide|p2b: Charizard|[spread] p2a,p2b\n|-supereffective|p2b: Charizard|2\n|-damage|p2a: Milotic|82/100\n|-damage|p2b: Charizard|0 fnt\n|faint|p2b: Charizard\n|move|p2a: Milotic|Ice Beam|p1b: Garchomp\n|-supereffective|p1b: Garchomp|2\n|-damage|p1b: Garchomp|0 fnt\n|faint|p1b: Garchomp\n|\n|-weather|SunnyDay|[upkeep]\n|-heal|p2a: Milotic|88/100|[from] item: Leftovers\n|upkeep\n|\n|t:|1776546568\n|switch|p1b: Starmie|Starmie, L50|100/100\n|switch|p2b: Meowscarada|Meowscarada, L50, M|100/100\n|turn|3\n|\n|t:|1776546577\n|switch|p1b: Pelipper|Pelipper, L50, M|100/100\n|-weather|RainDance|[from] ability: Drizzle|[of] p1b: Pelipper\n|move|p2b: Meowscarada|Protect|p2b: Meowscarada\n|-start|p2b: Meowscarada|typechange|Normal|[from] ability: Protean\n|-singleturn|p2b: Meowscarada|Protect\n|move|p1a: Sneasler|Close Combat|p2b: Meowscarada\n|-activate|p2b: Meowscarada|move: Protect\n|move|p2a: Milotic|Scald|p1a: Sneasler\n|-damage|p1a: Sneasler|35/100\n|\n|-weather|RainDance|[upkeep]\n|-heal|p2a: Milotic|94/100|[from] item: Leftovers\n|upkeep\n|turn|4\n|j| porygon-epilepz\n|inactive|138mysx has 30 seconds left.\n|inactive|138mysx has 20 seconds left.\n|\n|t:|1776546616\n|move|p2b: Meowscarada|Knock Off|p1a: Sneasler\n|-resisted|p1a: Sneasler|1\n|-damage|p1a: Sneasler|12/100\n|-enditem|p1a: Sneasler|White Herb|[from] move: Knock Off|[of] p2b: Meowscarada\n|move|p1a: Sneasler|Close Combat|p2b: Meowscarada\n|-supereffective|p2b: Meowscarada|1\n|-enditem|p2b: Meowscarada|Focus Sash\n|-damage|p2b: Meowscarada|1/100\n|-unboost|p1a: Sneasler|def|1\n|-unboost|p1a: Sneasler|spd|1\n|move|p1b: Pelipper|Hurricane|p2a: Milotic\n|-damage|p2a: Milotic|60/100\n|-start|p2a: Milotic|confusion\n|-activate|p2a: Milotic|confusion\n|move|p2a: Milotic|Scald|p1b: Pelipper\n|-resisted|p1b: Pelipper|1\n|-damage|p1b: Pelipper|62/100\n|\n|-weather|RainDance|[upkeep]\n|-heal|p2a: Milotic|66/100|[from] item: Leftovers\n|upkeep\n|turn|5\n|\n|t:|1776546639\n|move|p1a: Sneasler|Close Combat|p2a: Milotic\n|-damage|p2a: Milotic|14/100\n|-unboost|p1a: Sneasler|def|1\n|-unboost|p1a: Sneasler|spd|1\n|move|p2b: Meowscarada|Flower Trick|p1b: Pelipper\n|-crit|p1b: Pelipper\n|-damage|p1b: Pelipper|15/100\n|move|p1b: Pelipper|Muddy Water|p2a: Milotic|[spread] p2a\n|-miss|p1b: Pelipper|p2b: Meowscarada\n|-resisted|p2a: Milotic|1\n|-damage|p2a: Milotic|0 fnt\n|faint|p2a: Milotic\n|\n|-weather|RainDance|[upkeep]\n|upkeep\n|turn|6\n|\n|t:|1776546656\n|move|p2b: Meowscarada|Protect|p2b: Meowscarada\n|-singleturn|p2b: Meowscarada|Protect\n|move|p1a: Sneasler|Close Combat|p2b: Meowscarada\n|-activate|p2b: Meowscarada|move: Protect\n|move|p1b: Pelipper|Hurricane|p2b: Meowscarada\n|-activate|p2b: Meowscarada|move: Protect\n|\n|-weather|RainDance|[upkeep]\n|upkeep\n|turn|7\n|\n|t:|1776546663\n|move|p2b: Meowscarada|Protect||[still]\n|-fail|p2b: Meowscarada\n|move|p1a: Sneasler|Close Combat|p2b: Meowscarada\n|-supereffective|p2b: Meowscarada|1\n|-damage|p2b: Meowscarada|0 fnt\n|-unboost|p1a: Sneasler|def|1\n|-unboost|p1a: Sneasler|spd|1\n|faint|p2b: Meowscarada\n|\n|win|dman12352\n|n|\u2606dman12352|dman12352\n|n|\u2606138mysx|138mysx\n|n| regiseal|regiseal\n|n| porygon-epilepz|porygonepilepz\n",
  "uploadtime": 1776546602,
  "views": 12,
  "formatid": "gen9championsvgc2026regma",
  "rating": null,
  "private": 0,
  "password": null
}