{
  "id": "gen9championsvgc2026regma-2582390958",
  "format": "[Gen 9 Champions] VGC 2026 Reg M-A",
  "players": [
    "XxGabbxX",
    "Niaboru"
  ],
  "log": "|j|\u2606XxGabbxX\n|j|\u2606Niaboru\n|t:|1776088541\n|gametype|doubles\n|player|p1|XxGabbxX|lance|1000\n|player|p2|Niaboru|101|1083\n|gen|9\n|tier|[Gen 9 Champions] VGC 2026 Reg M-A\n|rated|\n|rule|Species Clause: Limit one of each Pok\u00e9mon\n|rule|Item Clause: Limit 1 of each item\n|clearpoke\n|poke|p1|Delphox, L50, F|\n|poke|p1|Primarina, L50, M|\n|poke|p1|Garchomp, L50, M|\n|poke|p1|Whimsicott, L50, M|\n|poke|p1|Sinistcha, L50|\n|poke|p1|Sneasler, L50, F|\n|poke|p2|Tyranitar, L50, M|\n|poke|p2|Archaludon, L50, F|\n|poke|p2|Pelipper, L50, M|\n|poke|p2|Sinistcha-Masterpiece, L50|\n|poke|p2|Incineroar, L50, M|\n|poke|p2|Garchomp, L50, M|\n|teampreview|4\n|inactive|Battle timer is ON: inactive players will automatically lose when time's up. (requested by XxGabbxX)\n|\n|t:|1776088569\n|teamsize|p1|4\n|teamsize|p2|4\n|start\n|switch|p1a: Sneasler|Sneasler, L50, F|100/100\n|switch|p1b: Primarina|Primarina, L50, M, shiny|100/100\n|switch|p2a: Tyranitar|Tyranitar, L50, M|100/100\n|switch|p2b: Garchomp|Garchomp, L50, M|100/100\n|-weather|Sandstorm|[from] ability: Sand Stream|[of] p2a: Tyranitar\n|turn|1\n|inactive|XxGabbxX has 30 seconds left.\n|inactive|XxGabbxX has 20 seconds left.\n|\n|t:|1776088607\n|switch|p2b: Incineroar|Incineroar, L50, M|100/100\n|-ability|p2b: Incineroar|Intimidate|boost\n|-unboost|p1a: Sneasler|atk|1\n|-unboost|p1b: Primarina|atk|1\n|move|p2a: Tyranitar|Protect|p2a: Tyranitar\n|-singleturn|p2a: Tyranitar|Protect\n|move|p1a: Sneasler|Fake Out|p2b: Incineroar\n|-damage|p2b: Incineroar|91/100\n|move|p1b: Primarina|Hyper Voice|p2b: Incineroar|[spread] p2b\n|-activate|p2a: Tyranitar|move: Protect\n|-supereffective|p2b: Incineroar|1\n|-damage|p2b: Incineroar|42/100\n|\n|-weather|Sandstorm|[upkeep]\n|-damage|p1a: Sneasler|95/100|[from] Sandstorm\n|-damage|p1b: Primarina|94/100|[from] Sandstorm\n|-damage|p2b: Incineroar|36/100|[from] Sandstorm\n|-heal|p1b: Primarina|100/100|[from] item: Leftovers\n|upkeep\n|turn|2\n|inactive|Niaboru has 30 seconds left.\n|\n|t:|1776088639\n|switch|p2a: Sinistcha|Sinistcha-Masterpiece, L50|100/100\n|-heal|p2b: Incineroar|61/100|[from] ability: Hospitality|[of] p2a: Sinistcha\n|move|p1a: Sneasler|Protect|p1a: Sneasler\n|-singleturn|p1a: Sneasler|Protect\n|move|p2b: Incineroar|Fake Out|p1b: Primarina\n|-crit|p1b: Primarina\n|-damage|p1b: Primarina|84/100\n|cant|p1b: Primarina|flinch\n|\n|-weather|Sandstorm|[upkeep]\n|-damage|p1a: Sneasler|89/100|[from] Sandstorm\n|-damage|p2a: Sinistcha|94/100|[from] Sandstorm\n|-damage|p2b: Incineroar|55/100|[from] Sandstorm\n|-damage|p1b: Primarina|78/100|[from] Sandstorm\n|-heal|p1b: Primarina|84/100|[from] item: Leftovers\n|upkeep\n|turn|3\n|inactive|Niaboru has 30 seconds left.\n|inactive|Niaboru has 20 seconds left.\n|inactive|Niaboru has 15 seconds left.\n|\n|t:|1776088680\n|move|p1b: Primarina|Protect|p1b: Primarina\n|-singleturn|p1b: Primarina|Protect\n|move|p2a: Sinistcha|Rage Powder|p2a: Sinistcha\n|-singleturn|p2a: Sinistcha|move: Rage Powder\n|move|p1a: Sneasler|Dire Claw|p2a: Sinistcha\n|-damage|p2a: Sinistcha|72/100\n|-status|p2a: Sinistcha|psn|[from] ability: Poison Touch|[of] p1a: Sneasler\n|move|p2b: Incineroar|Parting Shot|p1b: Primarina\n|-activate|p1b: Primarina|move: Protect\n|\n|-weather|Sandstorm|[upkeep]\n|-damage|p1a: Sneasler|83/100|[from] Sandstorm\n|-damage|p2a: Sinistcha|66/100 psn|[from] Sandstorm\n|-damage|p2b: Incineroar|49/100|[from] Sandstorm\n|-damage|p1b: Primarina|78/100|[from] Sandstorm\n|-heal|p1b: Primarina|84/100|[from] item: Leftovers\n|-damage|p2a: Sinistcha|54/100 psn|[from] psn\n|upkeep\n|turn|4\n|inactive|XxGabbxX has 30 seconds left.\n|\n|t:|1776088709\n|switch|p1a: Garchomp|Garchomp, L50, M, shiny|100/100\n|switch|p2a: Tyranitar|Tyranitar, L50, M|100/100\n|move|p2b: Incineroar|Parting Shot|p1b: Primarina\n|-unboost|p1b: Primarina|atk|1\n|-unboost|p1b: Primarina|spa|1\n|\n|t:|1776088723\n|switch|p2b: Garchomp|Garchomp, L50, M|100/100|[from] Parting Shot\n|move|p1b: Primarina|Hyper Voice|p2a: Tyranitar|[spread] p2a,p2b\n|-supereffective|p2a: Tyranitar|1\n|-damage|p2a: Tyranitar|72/100\n|-damage|p2b: Garchomp|75/100\n|\n|-weather|Sandstorm|[upkeep]\n|-damage|p1b: Primarina|78/100|[from] Sandstorm\n|-heal|p1b: Primarina|84/100|[from] item: Leftovers\n|upkeep\n|turn|5\n|\n|t:|1776088740\n|move|p1b: Primarina|Protect|p1b: Primarina\n|-singleturn|p1b: Primarina|Protect\n|move|p2b: Garchomp|Breaking Swipe|p1a: Garchomp|[spread] p1a\n|-activate|p1b: Primarina|move: Protect\n|-supereffective|p1a: Garchomp|1\n|-enditem|p1a: Garchomp|Haban Berry|[eat]\n|-enditem|p1a: Garchomp|Haban Berry|[weaken]\n|-damage|p1a: Garchomp|76/100\n|-unboost|p1a: Garchomp|atk|1\n|-damage|p2b: Garchomp|62/100|[from] ability: Rough Skin|[of] p1a: Garchomp\n|move|p1a: Garchomp|Earthquake|p2a: Tyranitar|[spread] p2a,p2b\n|-activate|p1b: Primarina|move: Protect\n|-supereffective|p2a: Tyranitar|1\n|-damage|p2a: Tyranitar|31/100\n|-damage|p2b: Garchomp|34/100\n|move|p2a: Tyranitar|Avalanche|p1a: Garchomp\n|-supereffective|p1a: Garchomp|2\n|-damage|p1a: Garchomp|0 fnt\n|-damage|p2a: Tyranitar|19/100|[from] ability: Rough Skin|[of] p1a: Garchomp\n|faint|p1a: Garchomp\n|\n|-weather|none\n|-heal|p1b: Primarina|90/100|[from] item: Leftovers\n|upkeep\n|\n|t:|1776088762\n|switch|p1a: Delphox|Delphox, L50, F, shiny|100/100\n|turn|6\n|\n|t:|1776088773\n|switch|p2b: Sinistcha|Sinistcha-Masterpiece, L50|54/100 psn\n|-heal|p2a: Tyranitar|44/100|[from] ability: Hospitality|[of] p2b: Sinistcha\n|detailschange|p1a: Delphox|Delphox-Mega, L50, F, shiny\n|-mega|p1a: Delphox|Delphox|Delphoxite\n|move|p1a: Delphox|Protect|p1a: Delphox\n|-singleturn|p1a: Delphox|Protect\n|move|p2a: Tyranitar|Protect|p2a: Tyranitar\n|-singleturn|p2a: Tyranitar|Protect\n|move|p1b: Primarina|Hyper Voice|p2a: Tyranitar|[spread] p2b\n|-activate|p2a: Tyranitar|move: Protect\n|-resisted|p2b: Sinistcha|1\n|-damage|p2b: Sinistcha|42/100 psn\n|-enditem|p2b: Sinistcha|Sitrus Berry|[eat]\n|-heal|p2b: Sinistcha|67/100 psn|[from] item: Sitrus Berry\n|\n|-heal|p1b: Primarina|97/100|[from] item: Leftovers\n|-damage|p2b: Sinistcha|54/100 psn|[from] psn\n|upkeep\n|turn|7\n|inactive|Niaboru has 30 seconds left.\n|\n|t:|1776088800\n|move|p1a: Delphox|Heat Wave|p2b: Sinistcha|[spread] p2a,p2b\n|-resisted|p2a: Tyranitar|1\n|-supereffective|p2b: Sinistcha|1\n|-damage|p2a: Tyranitar|23/100\n|-damage|p2b: Sinistcha|0 fnt\n|faint|p2b: Sinistcha\n|move|p1b: Primarina|Hyper Voice|p2a: Tyranitar\n|-supereffective|p2a: Tyranitar|1\n|-damage|p2a: Tyranitar|0 fnt\n|faint|p2a: Tyranitar\n|\n|-heal|p1b: Primarina|100/100|[from] item: Leftovers\n|upkeep\n|\n|t:|1776088812\n|switch|p2b: Garchomp|Garchomp, L50, M|34/100\n|switch|p2a: Incineroar|Incineroar, L50, M|49/100\n|-ability|p2a: Incineroar|Intimidate|boost\n|-unboost|p1a: Delphox|atk|1\n|-unboost|p1b: Primarina|atk|1\n|turn|8\n|\n|t:|1776088824\n|move|p1a: Delphox|Protect|p1a: Delphox\n|-singleturn|p1a: Delphox|Protect\n|move|p1b: Primarina|Protect|p1b: Primarina\n|-singleturn|p1b: Primarina|Protect\n|move|p2a: Incineroar|Fake Out|p1b: Primarina\n|-activate|p1b: Primarina|move: Protect\n|move|p2b: Garchomp|Crunch|p1a: Delphox\n|-activate|p1a: Delphox|move: Protect\n|\n|upkeep\n|turn|9\n|inactive|XxGabbxX has 30 seconds left.\n|\n|t:|1776088853\n|switch|p1a: Sneasler|Sneasler, L50, F|83/100\n|move|p2b: Garchomp|Iron Head|p1b: Primarina\n|-damage|p1b: Primarina|74/100\n|move|p2a: Incineroar|Throat Chop|p1a: Sneasler\n|-resisted|p1a: Sneasler|1\n|-damage|p1a: Sneasler|56/100\n|-start|p1a: Sneasler|Throat Chop|[silent]\n|move|p1b: Primarina|Hyper Voice|p2a: Incineroar|[spread] p2a,p2b\n|-supereffective|p2a: Incineroar|1\n|-damage|p2a: Incineroar|16/100\n|-damage|p2b: Garchomp|10/100\n|\n|-heal|p1b: Primarina|81/100|[from] item: Leftovers\n|upkeep\n|turn|10\n|\n|t:|1776088873\n|move|p1a: Sneasler|Close Combat|p2a: Incineroar\n|-supereffective|p2a: Incineroar|1\n|-damage|p2a: Incineroar|0 fnt\n|-unboost|p1a: Sneasler|def|1\n|-unboost|p1a: Sneasler|spd|1\n|faint|p2a: Incineroar\n|move|p2b: Garchomp|Earthquake|p1b: Primarina|[spread] p1a,p1b\n|-supereffective|p1a: Sneasler|1\n|-crit|p1b: Primarina\n|-damage|p1a: Sneasler|0 fnt\n|-damage|p1b: Primarina|20/100\n|faint|p1a: Sneasler\n|move|p1b: Primarina|Hyper Voice|p2b: Garchomp\n|-damage|p2b: Garchomp|0 fnt\n|faint|p2b: Garchomp\n|\n|win|XxGabbxX\n|raw|XxGabbxX's rating: 1000 &rarr; <strong>1049</strong><br />(+49 for winning)\n|raw|Niaboru's rating: 1083 &rarr; <strong>1055</strong><br />(-28 for losing)\n|l|\u2606Niaboru\n|player|p2|\n",
  "uploadtime": 1776088890,
  "views": 14,
  "formatid": "gen9championsvgc2026regma",
  "rating": 1049,
  "private": 0,
  "password": null
}