{
  "id": "gen9championsvgc2026regma-2581340355",
  "format": "[Gen 9 Champions] VGC 2026 Reg M-A",
  "players": [
    "I\u2764\ufe0f\u5a1c\u7984Forever",
    "noedpr"
  ],
  "log": "|j|\u2606I\u2764\ufe0f\u5a1c\u7984Forever\n|j|\u2606noedpr\n|t:|1775988928\n|gametype|doubles\n|player|p1|I\u2764\ufe0f\u5a1c\u7984Forever|youngcouple-gen4dp|1195\n|player|p2|noedpr|102|1276\n|gen|9\n|tier|[Gen 9 Champions] VGC 2026 Reg M-A\n|rated|\n|rule|Species Clause: Limit one of each Pok\u00e9mon\n|rule|Item Clause: Limit 1 of each item\n|clearpoke\n|poke|p1|Tyranitar, L50, F|\n|poke|p1|Milotic, L50, M|\n|poke|p1|Sylveon, L50, F|\n|poke|p1|Zoroark-Hisui, L50, F|\n|poke|p1|Excadrill, L50, M|\n|poke|p1|Wyrdeer, L50, M|\n|poke|p2|Tyranitar, L50, F|\n|poke|p2|Excadrill, L50, M|\n|poke|p2|Milotic, L50, F|\n|poke|p2|Sinistcha, L50|\n|poke|p2|Kommo-o, L50, M|\n|poke|p2|Corviknight, L50, M|\n|teampreview|4\n|inactive|Battle timer is ON: inactive players will automatically lose when time's up. (requested by noedpr)\n|inactive|noedpr has 60 seconds left.\n|\n|t:|1775988961\n|teamsize|p1|4\n|teamsize|p2|4\n|start\n|switch|p1a: Milotic|Milotic, L50, M|100/100\n|switch|p1b: Neko Neko.NeNe|Sylveon, L50, F|100/100\n|switch|p2a: Corviknight|Corviknight, L50, M, shiny|100/100\n|switch|p2b: Milotic|Milotic, L50, F, shiny|100/100\n|turn|1\n|\n|t:|1775988981\n|move|p2b: Milotic|Scald|p1b: Neko Neko.NeNe\n|-damage|p1b: Neko Neko.NeNe|80/100\n|-status|p1b: Neko Neko.NeNe|brn\n|move|p1a: Milotic|Substitute|p1a: Milotic\n|-start|p1a: Milotic|Substitute\n|-damage|p1a: Milotic|76/100\n|move|p2a: Corviknight|Bulk Up|p2a: Corviknight\n|-boost|p2a: Corviknight|atk|1\n|-boost|p2a: Corviknight|def|1\n|move|p1b: Neko Neko.NeNe|Hyper Voice|p2b: Milotic|[spread] p2a,p2b\n|-resisted|p2a: Corviknight|1\n|-damage|p2a: Corviknight|85/100\n|-damage|p2b: Milotic|65/100\n|\n|-heal|p1a: Milotic|82/100|[from] item: Leftovers\n|-heal|p2a: Corviknight|91/100|[from] item: Leftovers\n|-damage|p1b: Neko Neko.NeNe|74/100 brn|[from] brn\n|upkeep\n|turn|2\n|\n|t:|1775989002\n|move|p2b: Milotic|Life Dew|p2b: Milotic|[spread] p2a,p2b\n|-heal|p2a: Corviknight|100/100\n|-heal|p2b: Milotic|90/100\n|move|p1a: Milotic|Scald|p2a: Corviknight\n|-damage|p2a: Corviknight|80/100\n|-status|p2a: Corviknight|brn\n|move|p2a: Corviknight|Bulk Up|p2a: Corviknight\n|-boost|p2a: Corviknight|atk|1\n|-boost|p2a: Corviknight|def|1\n|move|p1b: Neko Neko.NeNe|Hyper Voice|p2a: Corviknight|[spread] p2a,p2b\n|-resisted|p2a: Corviknight|1\n|-damage|p2a: Corviknight|63/100 brn\n|-damage|p2b: Milotic|55/100\n|\n|-heal|p1a: Milotic|88/100|[from] item: Leftovers\n|-heal|p2a: Corviknight|69/100 brn|[from] item: Leftovers\n|-damage|p2a: Corviknight|63/100 brn|[from] brn\n|-damage|p1b: Neko Neko.NeNe|68/100 brn|[from] brn\n|upkeep\n|turn|3\n|\n|t:|1775989026\n|move|p2b: Milotic|Life Dew|p2b: Milotic|[spread] p2a,p2b\n|-heal|p2a: Corviknight|88/100 brn\n|-heal|p2b: Milotic|80/100\n|move|p1a: Milotic|Scald|p2a: Corviknight\n|-damage|p2a: Corviknight|68/100 brn\n|move|p2a: Corviknight|Bulk Up|p2a: Corviknight\n|-boost|p2a: Corviknight|atk|1\n|-boost|p2a: Corviknight|def|1\n|move|p1b: Neko Neko.NeNe|Hyper Voice|p2a: Corviknight|[spread] p2a,p2b\n|-resisted|p2a: Corviknight|1\n|-damage|p2a: Corviknight|53/100 brn\n|-damage|p2b: Milotic|40/100\n|\n|-heal|p1a: Milotic|94/100|[from] item: Leftovers\n|-heal|p2a: Corviknight|59/100 brn|[from] item: Leftovers\n|-damage|p2a: Corviknight|53/100 brn|[from] brn\n|-damage|p1b: Neko Neko.NeNe|62/100 brn|[from] brn\n|upkeep\n|turn|4\n|\n|t:|1775989047\n|move|p2b: Milotic|Life Dew|p2b: Milotic|[spread] p2a,p2b\n|-heal|p2a: Corviknight|78/100 brn\n|-heal|p2b: Milotic|66/100\n|move|p1a: Milotic|Scald|p2a: Corviknight\n|-damage|p2a: Corviknight|55/100 brn\n|move|p2a: Corviknight|Body Press|p1a: Milotic\n|-activate|p1a: Milotic|move: Substitute|[damage]\n|move|p1b: Neko Neko.NeNe|Hyper Voice|p2a: Corviknight|[spread] p2a,p2b\n|-resisted|p2a: Corviknight|1\n|-damage|p2a: Corviknight|39/100 brn\n|-damage|p2b: Milotic|32/100\n|\n|-heal|p1a: Milotic|99/100|[from] item: Leftovers\n|-heal|p2a: Corviknight|45/100 brn|[from] item: Leftovers\n|-damage|p2a: Corviknight|39/100 brn|[from] brn\n|-damage|p1b: Neko Neko.NeNe|56/100 brn|[from] brn\n|upkeep\n|turn|5\n|\n|t:|1775989070\n|move|p2b: Milotic|Life Dew|p2b: Milotic|[spread] p2a,p2b\n|-heal|p2a: Corviknight|64/100 brn\n|-heal|p2b: Milotic|57/100\n|move|p1a: Milotic|Scald|p2a: Corviknight\n|-damage|p2a: Corviknight|42/100 brn\n|move|p2a: Corviknight|Body Press|p1a: Milotic\n|-end|p1a: Milotic|Substitute\n|move|p1b: Neko Neko.NeNe|Hyper Voice|p2a: Corviknight|[spread] p2a,p2b\n|-resisted|p2a: Corviknight|1\n|-damage|p2a: Corviknight|25/100 brn\n|-damage|p2b: Milotic|19/100\n|\n|-heal|p1a: Milotic|100/100|[from] item: Leftovers\n|-heal|p2a: Corviknight|31/100 brn|[from] item: Leftovers\n|-damage|p2a: Corviknight|25/100 brn|[from] brn\n|-damage|p1b: Neko Neko.NeNe|50/100 brn|[from] brn\n|upkeep\n|turn|6\n|\n|t:|1775989091\n|move|p2b: Milotic|Life Dew|p2b: Milotic|[spread] p2a,p2b\n|-heal|p2a: Corviknight|50/100 brn\n|-heal|p2b: Milotic|45/100\n|move|p1a: Milotic|Scald|p2a: Corviknight\n|-damage|p2a: Corviknight|28/100 brn\n|move|p2a: Corviknight|Body Press|p1b: Neko Neko.NeNe\n|-resisted|p1b: Neko Neko.NeNe|1\n|-damage|p1b: Neko Neko.NeNe|36/100 brn\n|move|p1b: Neko Neko.NeNe|Hyper Voice|p2a: Corviknight|[spread] p2a,p2b\n|-resisted|p2a: Corviknight|1\n|-damage|p2a: Corviknight|12/100 brn\n|-damage|p2b: Milotic|8/100\n|\n|-heal|p2a: Corviknight|18/100 brn|[from] item: Leftovers\n|-damage|p2a: Corviknight|12/100 brn|[from] brn\n|-damage|p1b: Neko Neko.NeNe|30/100 brn|[from] brn\n|upkeep\n|turn|7\n|inactive|noedpr has 30 seconds left.\n|\n|t:|1775989116\n|move|p2b: Milotic|Life Dew|p2b: Milotic|[spread] p2a,p2b\n|-heal|p2a: Corviknight|37/100 brn\n|-heal|p2b: Milotic|33/100\n|move|p1a: Milotic|Scald|p2a: Corviknight\n|-crit|p2a: Corviknight\n|-damage|p2a: Corviknight|4/100 brn\n|move|p2a: Corviknight|Brave Bird|p1b: Neko Neko.NeNe\n|-damage|p1b: Neko Neko.NeNe|0 fnt\n|faint|p1b: Neko Neko.NeNe\n|-damage|p2a: Corviknight|0 fnt|[from] Recoil\n|faint|p2a: Corviknight\n|\n|upkeep\n|\n|t:|1775989133\n|switch|p2a: Excadrill|Excadrill, L50, M, shiny|100/100\n|switch|p1b: Excadrill|Excadrill, L50, M|100/100\n|turn|8\n|\n|t:|1775989149\n|move|p2b: Milotic|Protect|p2b: Milotic\n|-singleturn|p2b: Milotic|Protect\n|move|p1b: Excadrill|High Horsepower|p2b: Milotic\n|-activate|p2b: Milotic|move: Protect\n|move|p2a: Excadrill|Earthquake|p1b: Excadrill|[spread] p1a,p1b\n|-activate|p2b: Milotic|move: Protect\n|-supereffective|p1b: Excadrill|1\n|-damage|p1a: Milotic|64/100\n|-damage|p1b: Excadrill|0 fnt\n|faint|p1b: Excadrill\n|move|p1a: Milotic|Substitute|p1a: Milotic\n|-start|p1a: Milotic|Substitute\n|-damage|p1a: Milotic|40/100\n|\n|-heal|p1a: Milotic|46/100|[from] item: Leftovers\n|upkeep\n|\n|t:|1775989159\n|switch|p1b: Wyrdeer|Wyrdeer, L50, M|100/100\n|-ability|p1b: Wyrdeer|Intimidate|boost\n|-unboost|p2a: Excadrill|atk|1\n|-unboost|p2b: Milotic|atk|1\n|-ability|p2b: Milotic|Competitive|boost\n|-boost|p2b: Milotic|spa|2\n|turn|9\n|\n|t:|1775989179\n|switch|p2a: Tyranitar|Tyranitar, L50, F|100/100\n|-weather|Sandstorm|[from] ability: Sand Stream|[of] p2a: Tyranitar\n|move|p1b: Wyrdeer|Protect|p1b: Wyrdeer\n|-singleturn|p1b: Wyrdeer|Protect\n|move|p2b: Milotic|Life Dew||[still]|[spread] p2a,p2b\n|-fail|p2a: Tyranitar|heal\n|-heal|p2b: Milotic|58/100\n|move|p1a: Milotic|Scald|p2a: Tyranitar\n|-supereffective|p2a: Tyranitar|1\n|-damage|p2a: Tyranitar|59/100\n|\n|-weather|Sandstorm|[upkeep]\n|-damage|p2b: Milotic|52/100|[from] Sandstorm\n|-damage|p1a: Milotic|40/100|[from] Sandstorm\n|-damage|p1b: Wyrdeer|94/100|[from] Sandstorm\n|-heal|p1a: Milotic|46/100|[from] item: Leftovers\n|upkeep\n|turn|10\n|\n|t:|1775989200\n|detailschange|p2a: Tyranitar|Tyranitar-Mega, L50, F\n|-mega|p2a: Tyranitar|Tyranitar|Tyranitarite\n|move|p2a: Tyranitar|Rock Slide|p1a: Milotic|[spread] p1a\n|-miss|p2a: Tyranitar|p1b: Wyrdeer\n|-end|p1a: Milotic|Substitute\n|move|p2b: Milotic|Scald|p1b: Wyrdeer\n|-damage|p1b: Wyrdeer|34/100\n|-enditem|p1b: Wyrdeer|Sitrus Berry|[eat]\n|-heal|p1b: Wyrdeer|59/100|[from] item: Sitrus Berry\n|move|p1a: Milotic|Scald|p2a: Tyranitar\n|-supereffective|p2a: Tyranitar|1\n|-damage|p2a: Tyranitar|28/100\n|-status|p2a: Tyranitar|brn\n|move|p1b: Wyrdeer|Thunderbolt|p2b: Milotic\n|-supereffective|p2b: Milotic|1\n|-crit|p2b: Milotic\n|-enditem|p2b: Milotic|Wacan Berry|[eat]\n|-enditem|p2b: Milotic|Wacan Berry|[weaken]\n|-damage|p2b: Milotic|15/100\n|\n|-weather|Sandstorm|[upkeep]\n|-damage|p2b: Milotic|9/100|[from] Sandstorm\n|-damage|p1a: Milotic|40/100|[from] Sandstorm\n|-damage|p1b: Wyrdeer|53/100|[from] Sandstorm\n|-heal|p1a: Milotic|46/100|[from] item: Leftovers\n|-damage|p2a: Tyranitar|22/100 brn|[from] brn\n|upkeep\n|turn|11\n|inactive|I\u2764\ufe0f\u5a1c\u7984Forever has 30 seconds left.\n|inactive|noedpr has 30 seconds left.\n|\n|t:|1775989231\n|move|p1b: Wyrdeer|Protect|p1b: Wyrdeer\n|-singleturn|p1b: Wyrdeer|Protect\n|move|p2a: Tyranitar|Crunch|p1a: Milotic\n|-damage|p1a: Milotic|27/100\n|move|p2b: Milotic|Scald|p1a: Milotic\n|-resisted|p1a: Milotic|1\n|-damage|p1a: Milotic|9/100\n|-status|p1a: Milotic|brn\n|move|p1a: Milotic|Scald|p2a: Tyranitar\n|-supereffective|p2a: Tyranitar|1\n|-damage|p2a: Tyranitar|0 fnt\n|faint|p2a: Tyranitar\n|\n|-weather|Sandstorm|[upkeep]\n|-damage|p2b: Milotic|3/100|[from] Sandstorm\n|-damage|p1a: Milotic|3/100 brn|[from] Sandstorm\n|-damage|p1b: Wyrdeer|47/100|[from] Sandstorm\n|-heal|p1a: Milotic|9/100 brn|[from] item: Leftovers\n|-damage|p1a: Milotic|3/100 brn|[from] brn\n|upkeep\n|\n|t:|1775989251\n|switch|p2a: Excadrill|Excadrill, L50, M, shiny|100/100\n|turn|12\n|\n|t:|1775989256\n|move|p2b: Milotic|Protect|p2b: Milotic\n|-singleturn|p2b: Milotic|Protect\n|move|p1b: Wyrdeer|Protect||[still]\n|-fail|p1b: Wyrdeer\n|move|p2a: Excadrill|Earthquake|p1a: Milotic|[spread] p1a,p1b\n|-activate|p2b: Milotic|move: Protect\n|-damage|p1a: Milotic|0 fnt\n|-damage|p1b: Wyrdeer|0 fnt\n|faint|p1a: Milotic\n|faint|p1b: Wyrdeer\n|\n|win|noedpr\n|raw|I\u2764\ufe0f\u5a1c\u7984Forever's rating: 1195 &rarr; <strong>1176</strong><br />(-19 for losing)\n|raw|noedpr's rating: 1276 &rarr; <strong>1295</strong><br />(+19 for winning)\n|l|\u2606I\u2764\ufe0f\u5a1c\u7984Forever\n|player|p1|\n",
  "uploadtime": 1775989269,
  "views": 20,
  "formatid": "gen9championsvgc2026regma",
  "rating": 1176,
  "private": 0,
  "password": null
}