{
  "id": "gen9championsvgc2026regma-2586867242",
  "format": "[Gen 9 Champions] VGC 2026 Reg M-A",
  "players": [
    "Cekongzi",
    "mkugmrs_guest"
  ],
  "log": "|j|\u2606Cekongzi\n|j|\u2606mkugmrs_guest\n|t:|1776466759\n|gametype|doubles\n|player|p1|Cekongzi|youngster-gen4dp|1032\n|player|p2|mkugmrs_guest|102|1031\n|gen|9\n|tier|[Gen 9 Champions] VGC 2026 Reg M-A\n|rated|\n|rule|Species Clause: Limit one of each Pok\u00e9mon\n|rule|Item Clause: Limit 1 of each item\n|clearpoke\n|poke|p1|Sneasler, L50, M|\n|poke|p1|Dragonite, L50, F|\n|poke|p1|Excadrill, L50, M|\n|poke|p1|Delphox, L50, F|\n|poke|p1|Zoroark-Hisui, L50, F|\n|poke|p1|Hatterene, L50, F|\n|poke|p2|Floette-Eternal, L50, F|\n|poke|p2|Torkoal, L50, M|\n|poke|p2|Farigiraf, L50, M|\n|poke|p2|Aerodactyl, L50, F|\n|poke|p2|Chimecho, L50, F|\n|poke|p2|Gallade, L50, M|\n|teampreview|4\n|inactive|Battle timer is ON: inactive players will automatically lose when time's up. (requested by Cekongzi)\n|\n|t:|1776466787\n|teamsize|p1|4\n|teamsize|p2|4\n|start\n|switch|p1a: Sneasler|Sneasler, L50, M, shiny|100/100\n|switch|p1b: Excadrill|Excadrill, L50, M|100/100\n|switch|p2a: Farigiraf|Farigiraf, L50, M|100/100\n|switch|p2b: Chimecho|Chimecho, L50, F|100/100\n|turn|1\n|\n|t:|1776466796\n|detailschange|p1b: Excadrill|Excadrill-Mega, L50, M\n|-mega|p1b: Excadrill|Excadrill|Excadrite\n|detailschange|p2b: Chimecho|Chimecho-Mega, L50, F\n|-mega|p2b: Chimecho|Chimecho|Chimechite\n|move|p1b: Excadrill|Protect|p1b: Excadrill\n|-singleturn|p1b: Excadrill|Protect\n|move|p1a: Sneasler|Fake Out||[still]\n|cant|p2a: Farigiraf|ability: Armor Tail|Fake Out|[of] p1a: Sneasler\n|move|p2b: Chimecho|Calm Mind|p2b: Chimecho\n|-boost|p2b: Chimecho|spa|1\n|-boost|p2b: Chimecho|spd|1\n|move|p2a: Farigiraf|Trick Room|p2a: Farigiraf\n|-fieldstart|move: Trick Room|[of] p2a: Farigiraf\n|\n|upkeep\n|turn|2\n|\n|t:|1776466820\n|move|p2a: Farigiraf|Psychic Noise|p1a: Sneasler\n|-supereffective|p1a: Sneasler|2\n|-damage|p1a: Sneasler|0 fnt\n|faint|p1a: Sneasler\n|move|p2b: Chimecho|Calm Mind|p2b: Chimecho\n|-boost|p2b: Chimecho|spa|1\n|-boost|p2b: Chimecho|spd|1\n|move|p1b: Excadrill|Iron Head|p2a: Farigiraf\n|-damage|p2a: Farigiraf|51/100\n|\n|upkeep\n|\n|t:|1776466829\n|switch|p1a: Dragonite|Dragonite, L50, F, shiny|100/100\n|turn|3\n|\n|t:|1776466852\n|move|p2a: Farigiraf|Helping Hand|p2b: Chimecho\n|-singleturn|p2b: Chimecho|Helping Hand|[of] p2a: Farigiraf\n|move|p2b: Chimecho|Psychic|p1b: Excadrill\n|-resisted|p1b: Excadrill|1\n|-damage|p1b: Excadrill|3/100\n|move|p1a: Dragonite|Dragon Claw|p2a: Farigiraf\n|-damage|p2a: Farigiraf|4/100\n|-enditem|p2a: Farigiraf|Sitrus Berry|[eat]\n|-heal|p2a: Farigiraf|28/100|[from] item: Sitrus Berry\n|move|p1b: Excadrill|Iron Head|p2a: Farigiraf\n|-damage|p2a: Farigiraf|0 fnt\n|faint|p2a: Farigiraf\n|\n|upkeep\n|\n|t:|1776466866\n|switch|p2a: Gallade|Gallade, L50, M|100/100\n|turn|4\n|\n|t:|1776466878\n|move|p1b: Excadrill|Protect|p1b: Excadrill\n|-singleturn|p1b: Excadrill|Protect\n|move|p1a: Dragonite|Extreme Speed|p2a: Gallade\n|-damage|p2a: Gallade|50/100\n|move|p2b: Chimecho|Psychic|p1a: Dragonite\n|-damage|p1a: Dragonite|45/100\n|move|p2a: Gallade|Psycho Cut|p1a: Dragonite\n|-crit|p1a: Dragonite\n|-damage|p1a: Dragonite|0 fnt\n|faint|p1a: Dragonite\n|\n|upkeep\n|\n|t:|1776466885\n|switch|p1a: Excadrill|Excadrill-Mega, L50, M|100/100\n|turn|5\n|\n|t:|1776466901\n|move|p2b: Chimecho|Psychic|p1b: Excadrill\n|-resisted|p1b: Excadrill|1\n|-damage|p1b: Excadrill|0 fnt\n|faint|p1b: Excadrill\n|move|p2a: Gallade|Night Slash|p1a: Excadrill\n|-supereffective|p1a: Excadrill|1\n|-enditem|p1a: Excadrill|Focus Sash\n|-damage|p1a: Excadrill|1/100\n|replace|p1a: Zoroark|Zoroark-Hisui, L50, F, shiny\n|-end|p1a: Zoroark|Illusion\n|move|p1a: Zoroark|Bitter Malice|p2b: Chimecho\n|-supereffective|p2b: Chimecho|1\n|-damage|p2b: Chimecho|70/100\n|-unboost|p2b: Chimecho|atk|1\n|\n|-fieldend|move: Trick Room\n|upkeep\n|turn|6\n|-message|Cekongzi forfeited.\n|\n|win|mkugmrs_guest\n|raw|Cekongzi's rating: 1032 &rarr; <strong>1017</strong><br />(-15 for losing)\n|raw|mkugmrs_guest's rating: 1031 &rarr; <strong>1066</strong><br />(+35 for winning)\n|l|\u2606Cekongzi\n|player|p1|\n",
  "uploadtime": 1776466918,
  "views": 23,
  "formatid": "gen9championsvgc2026regma",
  "rating": 1017,
  "private": 0,
  "password": null
}