{
  "id": "gen9championsvgc2026regma-2587159636",
  "format": "[Gen 9 Champions] VGC 2026 Reg M-A",
  "players": [
    "BlackWu",
    "Disfrazdetigre"
  ],
  "log": "|j|\u2606BlackWu\n|j|\u2606Disfrazdetigre\n|t:|1776502164\n|gametype|doubles\n|player|p1|BlackWu|101|1288\n|player|p2|Disfrazdetigre|102|1370\n|gen|9\n|tier|[Gen 9 Champions] VGC 2026 Reg M-A\n|rated|\n|rule|Species Clause: Limit one of each Pok\u00e9mon\n|rule|Item Clause: Limit 1 of each item\n|clearpoke\n|poke|p1|Tyranitar, L50, F|\n|poke|p1|Sneasler, L50, F|\n|poke|p1|Gyarados, L50, M|\n|poke|p1|Goodra-Hisui, L50, F|\n|poke|p1|Sinistcha, L50|\n|poke|p1|Farigiraf, L50, F|\n|poke|p2|Corviknight, L50, M|\n|poke|p2|Milotic, L50, F|\n|poke|p2|Medicham, L50, M|\n|poke|p2|Arcanine-Hisui, L50, F|\n|poke|p2|Heliolisk, L50, F|\n|poke|p2|Hydreigon, L50, F|\n|teampreview|4\n|\n|t:|1776502196\n|teamsize|p1|4\n|teamsize|p2|4\n|start\n|switch|p1a: Sinistcha|Sinistcha, L50|100/100\n|switch|p1b: Farigiraf|Farigiraf, L50, F|100/100\n|switch|p2a: Milotic|Milotic, L50, F|100/100\n|switch|p2b: Corviknight|Corviknight, L50, M|100/100\n|turn|1\n|\n|t:|1776502208\n|move|p2a: Milotic|Scald|p1b: Farigiraf\n|-damage|p1b: Farigiraf|78/100\n|move|p2b: Corviknight|Bulk Up|p2b: Corviknight\n|-boost|p2b: Corviknight|atk|1\n|-boost|p2b: Corviknight|def|1\n|move|p1a: Sinistcha|Matcha Gotcha|p2b: Corviknight|[spread] p2a,p2b\n|-supereffective|p2a: Milotic|1\n|-resisted|p2b: Corviknight|2\n|-damage|p2a: Milotic|62/100\n|-damage|p2b: Corviknight|95/100\n|move|p1b: Farigiraf|Trick Room|p1b: Farigiraf\n|-fieldstart|move: Trick Room|[of] p1b: Farigiraf\n|\n|-heal|p2a: Milotic|68/100|[from] item: Leftovers\n|upkeep\n|turn|2\n|\n|t:|1776502233\n|switch|p1a: Goodra|Goodra-Hisui, L50, F|100/100\n|move|p2a: Milotic|Protect|p2a: Milotic\n|-singleturn|p2a: Milotic|Protect\n|move|p1b: Farigiraf|Twin Beam|p2a: Milotic\n|-activate|p2a: Milotic|move: Protect\n|move|p2b: Corviknight|Brave Bird|p1a: Goodra\n|-resisted|p1a: Goodra|1\n|-damage|p1a: Goodra|81/100\n|-damage|p2b: Corviknight|89/100|[from] Recoil\n|\n|-heal|p1a: Goodra|87/100|[from] item: Leftovers\n|-heal|p2a: Milotic|74/100|[from] item: Leftovers\n|upkeep\n|turn|3\n|\n|t:|1776502250\n|switch|p1b: Sinistcha|Sinistcha, L50|100/100\n|-heal|p1a: Goodra|100/100|[from] ability: Hospitality|[of] p1b: Sinistcha\n|move|p1a: Goodra|Shelter|p1a: Goodra\n|-boost|p1a: Goodra|def|2\n|move|p2b: Corviknight|Brave Bird|p1b: Sinistcha\n|-supereffective|p1b: Sinistcha|1\n|-damage|p1b: Sinistcha|0 fnt\n|faint|p1b: Sinistcha\n|-damage|p2b: Corviknight|60/100|[from] Recoil\n|move|p2a: Milotic|Scald|p1a: Goodra\n|-resisted|p1a: Goodra|1\n|-damage|p1a: Goodra|91/100\n|-status|p1a: Goodra|brn\n|\n|-heal|p1a: Goodra|97/100 brn|[from] item: Leftovers\n|-heal|p2a: Milotic|80/100|[from] item: Leftovers\n|-damage|p1a: Goodra|91/100 brn|[from] brn\n|upkeep\n|\n|t:|1776502265\n|switch|p1b: Farigiraf|Farigiraf, L50, F|78/100\n|turn|4\n|\n|t:|1776502283\n|move|p1b: Farigiraf|Twin Beam|p2a: Milotic\n|-damage|p2a: Milotic|67/100\n|-damage|p2a: Milotic|56/100\n|-hitcount|p2a: Milotic|2\n|move|p1a: Goodra|Shelter|p1a: Goodra\n|-boost|p1a: Goodra|def|2\n|move|p2b: Corviknight|Brave Bird|p1b: Farigiraf\n|-damage|p1b: Farigiraf|30/100\n|-damage|p2b: Corviknight|43/100|[from] Recoil\n|-enditem|p2b: Corviknight|Sitrus Berry|[eat]\n|-heal|p2b: Corviknight|68/100|[from] item: Sitrus Berry\n|move|p2a: Milotic|Scald|p1b: Farigiraf\n|-damage|p1b: Farigiraf|4/100\n|\n|-heal|p1a: Goodra|97/100 brn|[from] item: Leftovers\n|-heal|p2a: Milotic|62/100|[from] item: Leftovers\n|-damage|p1a: Goodra|91/100 brn|[from] brn\n|upkeep\n|turn|5\n|\n|t:|1776502317\n|move|p1b: Farigiraf|Helping Hand|p1a: Goodra\n|-singleturn|p1a: Goodra|Helping Hand|[of] p1b: Farigiraf\n|move|p1a: Goodra|Body Press|p2b: Corviknight\n|-damage|p2b: Corviknight|45/100\n|move|p2b: Corviknight|Bulk Up|p2b: Corviknight\n|-boost|p2b: Corviknight|atk|1\n|-boost|p2b: Corviknight|def|1\n|move|p2a: Milotic|Recover|p2a: Milotic\n|-heal|p2a: Milotic|100/100\n|\n|-heal|p1a: Goodra|97/100 brn|[from] item: Leftovers\n|-damage|p1a: Goodra|91/100 brn|[from] brn\n|-fieldend|move: Trick Room\n|upkeep\n|turn|6\n|\n|t:|1776502335\n|move|p1b: Farigiraf|Helping Hand|p1a: Goodra\n|-singleturn|p1a: Goodra|Helping Hand|[of] p1b: Farigiraf\n|move|p2a: Milotic|Icy Wind|p1a: Goodra|[spread] p1a,p1b\n|-damage|p1a: Goodra|85/100 brn\n|-damage|p1b: Farigiraf|0 fnt\n|-unboost|p1a: Goodra|spe|1\n|faint|p1b: Farigiraf\n|move|p2b: Corviknight|Bulk Up|p2b: Corviknight\n|-boost|p2b: Corviknight|atk|1\n|-boost|p2b: Corviknight|def|1\n|move|p1a: Goodra|Body Press|p2a: Milotic\n|-damage|p2a: Milotic|44/100\n|\n|-heal|p2a: Milotic|50/100|[from] item: Leftovers\n|-heal|p1a: Goodra|91/100 brn|[from] item: Leftovers\n|-damage|p1a: Goodra|85/100 brn|[from] brn\n|upkeep\n|\n|t:|1776502348\n|switch|p1b: Tyranitar|Tyranitar, L50, F|100/100\n|-weather|Sandstorm|[from] ability: Sand Stream|[of] p1b: Tyranitar\n|turn|7\n|\n|t:|1776502357\n|detailschange|p1b: Tyranitar|Tyranitar-Mega, L50, F\n|-mega|p1b: Tyranitar|Tyranitar|Tyranitarite\n|move|p1b: Tyranitar|Rock Slide|p2a: Milotic|[spread] p2a,p2b\n|-damage|p2a: Milotic|15/100\n|-damage|p2b: Corviknight|36/100\n|move|p2a: Milotic|Scald|p1b: Tyranitar\n|-supereffective|p1b: Tyranitar|1\n|-damage|p1b: Tyranitar|71/100\n|move|p2b: Corviknight|Roost|p2b: Corviknight\n|-heal|p2b: Corviknight|86/100\n|-singleturn|p2b: Corviknight|move: Roost\n|move|p1a: Goodra|Body Press|p2a: Milotic\n|-damage|p2a: Milotic|0 fnt\n|faint|p2a: Milotic\n|\n|-weather|Sandstorm|[upkeep]\n|-heal|p1a: Goodra|91/100 brn|[from] item: Leftovers\n|-damage|p1a: Goodra|85/100 brn|[from] brn\n|upkeep\n|\n|t:|1776502377\n|switch|p2a: Hydreigon|Hydreigon, L50, F|100/100\n|turn|8\n|\n|t:|1776502381\n|move|p1b: Tyranitar|Protect|p1b: Tyranitar\n|-singleturn|p1b: Tyranitar|Protect\n|move|p2a: Hydreigon|Superpower|p1b: Tyranitar\n|-activate|p1b: Tyranitar|move: Protect\n|move|p2b: Corviknight|Bulk Up|p2b: Corviknight\n|-boost|p2b: Corviknight|atk|1\n|-boost|p2b: Corviknight|def|1\n|move|p1a: Goodra|Body Press|p2a: Hydreigon\n|-supereffective|p2a: Hydreigon|1\n|-enditem|p2a: Hydreigon|Chople Berry|[eat]\n|-enditem|p2a: Hydreigon|Chople Berry|[weaken]\n|-damage|p2a: Hydreigon|62/100\n|\n|-weather|Sandstorm|[upkeep]\n|-damage|p2a: Hydreigon|56/100|[from] Sandstorm\n|-heal|p1a: Goodra|91/100 brn|[from] item: Leftovers\n|-damage|p1a: Goodra|85/100 brn|[from] brn\n|upkeep\n|turn|9\n|\n|t:|1776502399\n|move|p2a: Hydreigon|Superpower|p1b: Tyranitar\n|-supereffective|p1b: Tyranitar|2\n|-crit|p1b: Tyranitar\n|-damage|p1b: Tyranitar|0 fnt\n|-unboost|p2a: Hydreigon|atk|1\n|-unboost|p2a: Hydreigon|def|1\n|faint|p1b: Tyranitar\n|move|p2b: Corviknight|Bulk Up|p2b: Corviknight\n|-boost|p2b: Corviknight|atk|1\n|-boost|p2b: Corviknight|def|1\n|move|p1a: Goodra|Body Press|p2a: Hydreigon\n|-supereffective|p2a: Hydreigon|1\n|-damage|p2a: Hydreigon|0 fnt\n|faint|p2a: Hydreigon\n|\n|-weather|Sandstorm|[upkeep]\n|-heal|p1a: Goodra|91/100 brn|[from] item: Leftovers\n|-damage|p1a: Goodra|85/100 brn|[from] brn\n|upkeep\n|\n|t:|1776502412\n|switch|p2a: Medicham|Medicham, L50, M|100/100\n|turn|10\n|\n|t:|1776502421\n|detailschange|p2a: Medicham|Medicham-Mega, L50, M\n|-mega|p2a: Medicham|Medicham|Medichamite\n|move|p2a: Medicham|Fake Out|p1a: Goodra\n|-resisted|p1a: Goodra|1\n|-damage|p1a: Goodra|82/100 brn\n|move|p2b: Corviknight|Bulk Up|p2b: Corviknight\n|-boost|p2b: Corviknight|atk|1\n|-boost|p2b: Corviknight|def|1\n|cant|p1a: Goodra|flinch\n|\n|-weather|Sandstorm|[upkeep]\n|-damage|p2a: Medicham|95/100|[from] Sandstorm\n|-heal|p1a: Goodra|88/100 brn|[from] item: Leftovers\n|-damage|p1a: Goodra|82/100 brn|[from] brn\n|upkeep\n|turn|11\n|\n|t:|1776502431\n|move|p2a: Medicham|Close Combat|p1a: Goodra\n|-supereffective|p1a: Goodra|1\n|-damage|p1a: Goodra|27/100 brn\n|-unboost|p2a: Medicham|def|1\n|-unboost|p2a: Medicham|spd|1\n|move|p2b: Corviknight|Iron Head|p1a: Goodra\n|-resisted|p1a: Goodra|1\n|-damage|p1a: Goodra|15/100 brn\n|move|p1a: Goodra|Body Press|p2a: Medicham\n|-resisted|p2a: Medicham|1\n|-damage|p2a: Medicham|58/100\n|\n|-weather|none\n|-heal|p1a: Goodra|21/100 brn|[from] item: Leftovers\n|-damage|p1a: Goodra|15/100 brn|[from] brn\n|upkeep\n|turn|12\n|-message|BlackWu forfeited.\n|\n|win|Disfrazdetigre\n|raw|BlackWu's rating: 1288 &rarr; <strong>1269</strong><br />(-19 for losing)\n|raw|Disfrazdetigre's rating: 1370 &rarr; <strong>1385</strong><br />(+15 for winning)\n",
  "uploadtime": 1776502444,
  "views": 19,
  "formatid": "gen9championsvgc2026regma",
  "rating": 1269,
  "private": 0,
  "password": null
}