{
  "id": "gen9championsvgc2026regma-2588358453",
  "format": "[Gen 9 Champions] VGC 2026 Reg M-A",
  "players": [
    "Kojiiii",
    "lobbychatlagsmypc"
  ],
  "log": "|j|\u2606Kojiiii\n|j|\u2606lobbychatlagsmypc\n|t:|1776626923\n|gametype|doubles\n|player|p1|Kojiiii|2|1247\n|player|p2|lobbychatlagsmypc|1|1226\n|gen|9\n|tier|[Gen 9 Champions] VGC 2026 Reg M-A\n|rated|\n|rule|Species Clause: Limit one of each Pok\u00e9mon\n|rule|Item Clause: Limit 1 of each item\n|clearpoke\n|poke|p1|Pelipper, L50, M|\n|poke|p1|Basculegion, L50, M|\n|poke|p1|Sinistcha, L50|\n|poke|p1|Kangaskhan, L50, F|\n|poke|p1|Sneasler, L50, M|\n|poke|p1|Aegislash, L50, F|\n|poke|p2|Farigiraf, L50, M|\n|poke|p2|Excadrill, L50, M|\n|poke|p2|Incineroar, L50, F|\n|poke|p2|Whimsicott, L50, M|\n|poke|p2|Milotic, L50, F|\n|poke|p2|Sneasler, L50, F|\n|teampreview|4\n|inactive|Battle timer is ON: inactive players will automatically lose when time's up. (requested by lobbychatlagsmypc)\n|\n|t:|1776626942\n|teamsize|p1|4\n|teamsize|p2|4\n|start\n|switch|p1a: Pelipper|Pelipper, L50, M|100/100\n|switch|p1b: Basculegion|Basculegion, L50, M|100/100\n|switch|p2a: Farigiraf|Farigiraf, L50, M|100/100\n|switch|p2b: Incineroar|Incineroar, L50, F|100/100\n|-weather|RainDance|[from] ability: Drizzle|[of] p1a: Pelipper\n|-ability|p2b: Incineroar|Intimidate|boost\n|-unboost|p1a: Pelipper|atk|1\n|-unboost|p1b: Basculegion|atk|1\n|turn|1\n|\n|t:|1776626964\n|switch|p1a: Sinistcha|Sinistcha, L50|100/100\n|switch|p2b: Milotic|Milotic, L50, F|100/100\n|move|p1b: Basculegion|Wave Crash|p2b: Milotic\n|-resisted|p2b: Milotic|1\n|-damage|p2b: Milotic|60/100\n|-damage|p1b: Basculegion|87/100|[from] Recoil\n|move|p2a: Farigiraf|Trick Room|p2a: Farigiraf\n|-fieldstart|move: Trick Room|[of] p2a: Farigiraf\n|\n|-weather|RainDance|[upkeep]\n|-heal|p2b: Milotic|66/100|[from] item: Leftovers\n|upkeep\n|turn|2\n|\n|t:|1776626982\n|switch|p1b: Kangaskhan|Kangaskhan, L50, F|100/100\n|move|p2a: Farigiraf|Psychic|p1b: Kangaskhan\n|-damage|p1b: Kangaskhan|54/100\n|move|p1a: Sinistcha|Matcha Gotcha|p2b: Milotic|[spread] p2a,p2b\n|-supereffective|p2b: Milotic|1\n|-damage|p2a: Farigiraf|78/100\n|-damage|p2b: Milotic|27/100\n|move|p2b: Milotic|Ice Beam|p1a: Sinistcha\n|-supereffective|p1a: Sinistcha|1\n|-damage|p1a: Sinistcha|59/100\n|\n|-weather|RainDance|[upkeep]\n|-heal|p2b: Milotic|33/100|[from] item: Leftovers\n|upkeep\n|turn|3\n|inactive|Kojiiii has 30 seconds left.\n|inactive|Kojiiii has 20 seconds left.\n|inactive|Kojiiii has 15 seconds left.\n|\n|t:|1776627024\n|switch|p2b: Incineroar|Incineroar, L50, F|100/100\n|-ability|p2b: Incineroar|Intimidate|boost\n|-unboost|p1a: Sinistcha|atk|1\n|-fail|p1b: Kangaskhan|unboost|Attack|[from] ability: Inner Focus|[of] p1b: Kangaskhan\n|detailschange|p1b: Kangaskhan|Kangaskhan-Mega, L50, F\n|-mega|p1b: Kangaskhan|Kangaskhan|Kangaskhanite\n|move|p2a: Farigiraf|Psychic|p1b: Kangaskhan\n|-damage|p1b: Kangaskhan|19/100\n|move|p1a: Sinistcha|Life Dew|p1a: Sinistcha|[spread] p1a,p1b\n|-heal|p1a: Sinistcha|84/100\n|-heal|p1b: Kangaskhan|44/100\n|move|p1b: Kangaskhan|Drain Punch|p2a: Farigiraf\n|-damage|p2a: Farigiraf|47/100\n|-heal|p1b: Kangaskhan|61/100|[from] drain|[of] p2a: Farigiraf\n|-enditem|p2a: Farigiraf|Sitrus Berry|[eat]\n|-heal|p2a: Farigiraf|72/100|[from] item: Sitrus Berry\n|-damage|p2a: Farigiraf|64/100\n|-heal|p1b: Kangaskhan|65/100|[from] drain|[of] p2a: Farigiraf\n|-hitcount|p2a: Farigiraf|2\n|\n|-weather|RainDance|[upkeep]\n|upkeep\n|turn|4\n|inactive|Kojiiii has 30 seconds left.\n|inactive|lobbychatlagsmypc has 30 seconds left.\n|inactive|lobbychatlagsmypc has 20 seconds left.\n|\n|t:|1776627062\n|move|p2b: Incineroar|Fake Out|p1b: Kangaskhan\n|-damage|p1b: Kangaskhan|56/100\n|move|p1a: Sinistcha|Rage Powder|p1a: Sinistcha\n|-singleturn|p1a: Sinistcha|move: Rage Powder\n|move|p2a: Farigiraf|Psychic|p1a: Sinistcha\n|-damage|p1a: Sinistcha|47/100\n|-enditem|p1a: Sinistcha|Sitrus Berry|[eat]\n|-heal|p1a: Sinistcha|72/100|[from] item: Sitrus Berry\n|cant|p1b: Kangaskhan|flinch\n|\n|-weather|RainDance|[upkeep]\n|upkeep\n|turn|5\n|\n|t:|1776627087\n|switch|p1b: Basculegion|Basculegion, L50, M|87/100\n|move|p1a: Sinistcha|Rage Powder|p1a: Sinistcha\n|-singleturn|p1a: Sinistcha|move: Rage Powder\n|move|p2a: Farigiraf|Hyper Voice|p1a: Sinistcha|[spread] \n|-immune|p1a: Sinistcha\n|-immune|p1b: Basculegion\n|move|p2b: Incineroar|Parting Shot|p1a: Sinistcha\n|-unboost|p1a: Sinistcha|atk|1\n|-unboost|p1a: Sinistcha|spa|1\n|\n|t:|1776627096\n|switch|p2b: Milotic|Milotic, L50, F|33/100|[from] Parting Shot\n|\n|-weather|none\n|-heal|p2b: Milotic|39/100|[from] item: Leftovers\n|-fieldend|move: Trick Room\n|upkeep\n|turn|6\n|\n|t:|1776627121\n|switch|p1a: Pelipper|Pelipper, L50, M|100/100\n|-weather|RainDance|[from] ability: Drizzle|[of] p1a: Pelipper\n|move|p1b: Basculegion|Wave Crash|p2a: Farigiraf\n|-damage|p2a: Farigiraf|0 fnt\n|faint|p2a: Farigiraf\n|-damage|p1b: Basculegion|63/100|[from] Recoil\n|move|p2b: Milotic|Ice Beam|p1a: Pelipper\n|-damage|p1a: Pelipper|59/100\n|\n|-weather|RainDance|[upkeep]\n|-heal|p2b: Milotic|45/100|[from] item: Leftovers\n|upkeep\n|-message|lobbychatlagsmypc forfeited.\n|\n|win|Kojiiii\n|raw|Kojiiii's rating: 1247 &rarr; <strong>1270</strong><br />(+23 for winning)\n|raw|lobbychatlagsmypc's rating: 1226 &rarr; <strong>1203</strong><br />(-23 for losing)\n|l|\u2606lobbychatlagsmypc\n|player|p2|\n",
  "uploadtime": 1776627137,
  "views": 13,
  "formatid": "gen9championsvgc2026regma",
  "rating": 1203,
  "private": 0,
  "password": null
}