{
  "id": "gen9championsvgc2026regma-2581038173",
  "format": "[Gen 9 Champions] VGC 2026 Reg M-A",
  "players": [
    "otto sc",
    "OddToaster"
  ],
  "log": "|j|\u2606otto sc\n|j|\u2606OddToaster\n|t:|1775954045\n|gametype|doubles\n|player|p1|otto sc|guzma|1050\n|player|p2|OddToaster|clerkf|1108\n|gen|9\n|tier|[Gen 9 Champions] VGC 2026 Reg M-A\n|rated|\n|rule|Species Clause: Limit one of each Pok\u00e9mon\n|rule|Item Clause: Limit 1 of each item\n|clearpoke\n|poke|p1|Tyranitar, L50, M|\n|poke|p1|Primarina, L50, F|\n|poke|p1|Excadrill, L50, M|\n|poke|p1|Corviknight, L50, F|\n|poke|p1|Incineroar, L50, M|\n|poke|p1|Sinistcha-Masterpiece, L50|\n|poke|p2|Charizard, L50, F|\n|poke|p2|Venusaur, L50, M|\n|poke|p2|Incineroar, L50, F|\n|poke|p2|Garchomp, L50, F|\n|poke|p2|Gardevoir, L50, M|\n|poke|p2|Sneasler, L50, M|\n|teampreview|4\n|inactive|Battle timer is ON: inactive players will automatically lose when time's up. (requested by otto sc)\n|\n|t:|1775954068\n|teamsize|p1|4\n|teamsize|p2|4\n|start\n|switch|p1a: Todou|Tyranitar, L50, M, shiny|100/100\n|switch|p1b: Mei Mei|Corviknight, L50, F, shiny|100/100\n|switch|p2a: Sneasler|Sneasler, L50, M|100/100\n|switch|p2b: Gardevoir|Gardevoir, L50, M|100/100\n|-weather|Sandstorm|[from] ability: Sand Stream|[of] p1a: Todou\n|turn|1\n|\n|t:|1775954091\n|move|p1a: Todou|Protect|p1a: Todou\n|-singleturn|p1a: Todou|Protect\n|move|p2a: Sneasler|Fake Out|p1a: Todou\n|-activate|p1a: Todou|move: Protect\n|move|p2b: Gardevoir|Trick|p1b: Mei Mei\n|-activate|p2b: Gardevoir|move: Trick|[of] p1b: Mei Mei\n|-item|p1b: Mei Mei|Choice Scarf|[from] move: Trick\n|-item|p2b: Gardevoir|Leftovers|[from] move: Trick\n|move|p1b: Mei Mei|Bulk Up|p1b: Mei Mei\n|-boost|p1b: Mei Mei|atk|1\n|-boost|p1b: Mei Mei|def|1\n|\n|-weather|Sandstorm|[upkeep]\n|-damage|p2a: Sneasler|95/100|[from] Sandstorm\n|-damage|p2b: Gardevoir|94/100|[from] Sandstorm\n|-heal|p2b: Gardevoir|100/100|[from] item: Leftovers\n|upkeep\n|turn|2\n|inactive|OddToaster has 30 seconds left.\n|inactive|OddToaster has 20 seconds left.\n|\n|t:|1775954127\n|switch|p1b: Yuji|Excadrill, L50, M|100/100\n|switch|p1a: Gojo|Incineroar, L50, M|100/100\n|-ability|p1a: Gojo|Intimidate|boost\n|-unboost|p2a: Sneasler|atk|1\n|-unboost|p2b: Gardevoir|atk|1\n|-enditem|p2a: Sneasler|White Herb\n|-clearnegativeboost|p2a: Sneasler|[silent]\n|move|p2a: Sneasler|Close Combat|p1a: Gojo\n|-supereffective|p1a: Gojo|1\n|-damage|p1a: Gojo|0 fnt\n|-unboost|p2a: Sneasler|def|1\n|-unboost|p2a: Sneasler|spd|1\n|faint|p1a: Gojo\n|move|p2b: Gardevoir|Moonblast|p1b: Yuji\n|-resisted|p1b: Yuji|1\n|-damage|p1b: Yuji|63/100\n|\n|-weather|Sandstorm|[upkeep]\n|-damage|p2a: Sneasler|89/100|[from] Sandstorm\n|-damage|p2b: Gardevoir|94/100|[from] Sandstorm\n|-heal|p2b: Gardevoir|100/100|[from] item: Leftovers\n|upkeep\n|\n|t:|1775954146\n|switch|p1a: Todou|Tyranitar, L50, M, shiny|100/100\n|turn|3\n|inactive|OddToaster has 30 seconds left.\n|\n|t:|1775954179\n|move|p1a: Todou|Protect|p1a: Todou\n|-singleturn|p1a: Todou|Protect\n|move|p2a: Sneasler|Close Combat|p1b: Yuji\n|-supereffective|p1b: Yuji|1\n|-damage|p1b: Yuji|0 fnt\n|-unboost|p2a: Sneasler|def|1\n|-unboost|p2a: Sneasler|spd|1\n|faint|p1b: Yuji\n|move|p2b: Gardevoir|Moonblast|p1a: Todou\n|-activate|p1a: Todou|move: Protect\n|\n|-weather|Sandstorm|[upkeep]\n|-damage|p2a: Sneasler|83/100|[from] Sandstorm\n|-damage|p2b: Gardevoir|94/100|[from] Sandstorm\n|-heal|p2b: Gardevoir|100/100|[from] item: Leftovers\n|upkeep\n|\n|t:|1775954196\n|switch|p1b: Mei Mei|Corviknight, L50, F, shiny|100/100\n|turn|4\n|\n|t:|1775954210\n|detailschange|p1a: Todou|Tyranitar-Mega, L50, M, shiny\n|-mega|p1a: Todou|Tyranitar|Tyranitarite\n|move|p2a: Sneasler|Close Combat|p1a: Todou\n|-supereffective|p1a: Todou|2\n|-damage|p1a: Todou|0 fnt\n|-unboost|p2a: Sneasler|def|1\n|-unboost|p2a: Sneasler|spd|1\n|faint|p1a: Todou\n|move|p1b: Mei Mei|Brave Bird|p2a: Sneasler\n|-supereffective|p2a: Sneasler|1\n|-damage|p2a: Sneasler|0 fnt\n|faint|p2a: Sneasler\n|-damage|p1b: Mei Mei|80/100|[from] Recoil\n|move|p2b: Gardevoir|Moonblast|p1b: Mei Mei\n|-resisted|p1b: Mei Mei|1\n|-damage|p1b: Mei Mei|54/100\n|\n|-weather|Sandstorm|[upkeep]\n|-damage|p2b: Gardevoir|94/100|[from] Sandstorm\n|-heal|p2b: Gardevoir|100/100|[from] item: Leftovers\n|upkeep\n|\n|t:|1775954213\n|switch|p2a: Charizard|Charizard, L50, F|100/100\n|turn|5\n|c|\u2606otto sc|gg\n|c|\u2606OddToaster|gg\n|-message|otto sc forfeited.\n|\n|win|OddToaster\n|raw|otto sc's rating: 1050 &rarr; <strong>1035</strong><br />(-15 for losing)\n|raw|OddToaster's rating: 1108 &rarr; <strong>1129</strong><br />(+21 for winning)\n|l|\u2606otto sc\n|player|p1|\n",
  "uploadtime": 1775954232,
  "views": 14,
  "formatid": "gen9championsvgc2026regma",
  "rating": 1035,
  "private": 0,
  "password": null
}