{
  "id": "gen9championsvgc2026regma-2582036460",
  "format": "[Gen 9 Champions] VGC 2026 Reg M-A",
  "players": [
    "Novicebest",
    "HazelA7X"
  ],
  "log": "|j|\u2606Novicebest\n|j|\u2606HazelA7X\n|t:|1776050596\n|gametype|doubles\n|player|p1|Novicebest|dawn|1363\n|player|p2|HazelA7X|170|1370\n|gen|9\n|tier|[Gen 9 Champions] VGC 2026 Reg M-A\n|rated|\n|rule|Species Clause: Limit one of each Pok\u00e9mon\n|rule|Item Clause: Limit 1 of each item\n|clearpoke\n|poke|p1|Charizard, L50, M|\n|poke|p1|Whimsicott, L50, F|\n|poke|p1|Farigiraf, L50, F|\n|poke|p1|Sneasler, L50, F|\n|poke|p1|Rotom-Wash, L50|\n|poke|p1|Incineroar, L50, F|\n|poke|p2|Floette-Eternal, L50, F|\n|poke|p2|Incineroar, L50, F|\n|poke|p2|Garchomp, L50, M|\n|poke|p2|Aerodactyl, L50, F|\n|poke|p2|Rotom-Wash, L50|\n|poke|p2|Sinistcha, L50|\n|teampreview|4\n|inactive|Battle timer is ON: inactive players will automatically lose when time's up. (requested by Novicebest)\n|inactive|Novicebest has 60 seconds left.\n|inactive|HazelA7X has 60 seconds left.\n|\n|t:|1776050640\n|teamsize|p1|4\n|teamsize|p2|4\n|start\n|switch|p1a: Incineroar|Incineroar, L50, F|100/100\n|switch|p1b: Charizard|Charizard, L50, M|100/100\n|switch|p2a: Incineroar|Incineroar, L50, F|100/100\n|switch|p2b: Rotom|Rotom-Wash, L50|100/100\n|-ability|p1a: Incineroar|Intimidate|boost\n|-unboost|p2a: Incineroar|atk|1\n|-unboost|p2b: Rotom|atk|1\n|-ability|p2a: Incineroar|Intimidate|boost\n|-unboost|p1a: Incineroar|atk|1\n|-unboost|p1b: Charizard|atk|1\n|turn|1\n|j| coscu fan\n|inactive|Novicebest has 30 seconds left.\n|l| coscu fan\n|inactive|Novicebest has 20 seconds left.\n|\n|t:|1776050676\n|detailschange|p1b: Charizard|Charizard-Mega-Y, L50, M\n|-mega|p1b: Charizard|Charizard|Charizardite Y\n|-weather|SunnyDay|[from] ability: Drought|[of] p1b: Charizard\n|move|p1a: Incineroar|Fake Out|p2b: Rotom\n|-damage|p2b: Rotom|93/100\n|move|p1b: Charizard|Solar Beam||[still]\n|-prepare|p1b: Charizard|Solar Beam\n|-anim|p1b: Charizard|Solar Beam|p2b: Rotom\n|-supereffective|p2b: Rotom|1\n|-damage|p2b: Rotom|0 fnt\n|faint|p2b: Rotom\n|move|p2a: Incineroar|Parting Shot|p1a: Incineroar\n|-unboost|p1a: Incineroar|atk|1\n|-unboost|p1a: Incineroar|spa|1\n|j| Reign1997\n|\n|t:|1776050691\n|switch|p2a: Floette|Floette-Eternal, L50, F|100/100|[from] Parting Shot\n|\n|-weather|SunnyDay|[upkeep]\n|upkeep\n|\n|t:|1776050693\n|switch|p2b: Incineroar|Incineroar, L50, F|100/100\n|-ability|p2b: Incineroar|Intimidate|boost\n|-unboost|p1a: Incineroar|atk|1\n|-unboost|p1b: Charizard|atk|1\n|turn|2\n|l| Reign1997\n|\n|t:|1776050704\n|detailschange|p2a: Floette|Floette-Mega, L50, F\n|-mega|p2a: Floette|Floette|Floettite\n|-ability|p2a: Floette|Fairy Aura\n|move|p2b: Incineroar|Fake Out|p1a: Incineroar\n|-damage|p1a: Incineroar|92/100\n|move|p2a: Floette|Calm Mind|p2a: Floette\n|-boost|p2a: Floette|spa|1\n|-boost|p2a: Floette|spd|1\n|move|p1b: Charizard|Heat Wave|p2b: Incineroar|[spread] p2a,p2b\n|-resisted|p2b: Incineroar|1\n|-damage|p2a: Floette|71/100\n|-damage|p2b: Incineroar|74/100\n|cant|p1a: Incineroar|flinch\n|\n|-weather|SunnyDay|[upkeep]\n|upkeep\n|turn|3\n|j| coscu fan\n|\n|t:|1776050725\n|move|p2a: Floette|Moonblast|p1a: Incineroar\n|-damage|p1a: Incineroar|0 fnt\n|faint|p1a: Incineroar\n|move|p1b: Charizard|Heat Wave|p2b: Incineroar|[spread] p2a,p2b\n|-resisted|p2b: Incineroar|1\n|-damage|p2a: Floette|42/100\n|-damage|p2b: Incineroar|46/100\n|-enditem|p2b: Incineroar|Sitrus Berry|[eat]\n|-heal|p2b: Incineroar|71/100|[from] item: Sitrus Berry\n|move|p2b: Incineroar|Parting Shot|p1b: Charizard\n|-unboost|p1b: Charizard|atk|1\n|-unboost|p1b: Charizard|spa|1\n|l| coscu fan\n|\n|t:|1776050737\n|switch|p2b: Garchomp|Garchomp, L50, M|100/100|[from] Parting Shot\n|\n|-weather|SunnyDay|[upkeep]\n|upkeep\n|\n|t:|1776050744\n|switch|p1a: Rotom|Rotom-Wash, L50|100/100\n|turn|4\n|\n|t:|1776050763\n|switch|p1b: Sneasler|Sneasler, L50, F|100/100\n|move|p2a: Floette|Protect|p2a: Floette\n|-singleturn|p2a: Floette|Protect\n|move|p2b: Garchomp|Protect|p2b: Garchomp\n|-singleturn|p2b: Garchomp|Protect\n|move|p1a: Rotom|Nasty Plot|p1a: Rotom\n|-boost|p1a: Rotom|spa|2\n|\n|-weather|SunnyDay|[upkeep]\n|upkeep\n|turn|5\n|inactive|Novicebest has 30 seconds left.\n|inactive|Novicebest has 20 seconds left.\n|\n|t:|1776050803\n|switch|p2a: Incineroar|Incineroar, L50, F|71/100\n|-ability|p2a: Incineroar|Intimidate|boost\n|-unboost|p1a: Rotom|atk|1\n|-unboost|p1b: Sneasler|atk|1\n|-enditem|p1b: Sneasler|White Herb\n|-clearnegativeboost|p1b: Sneasler|[silent]\n|move|p1b: Sneasler|Fake Out|p2b: Garchomp\n|-damage|p2b: Garchomp|86/100\n|-damage|p1b: Sneasler|88/100|[from] ability: Rough Skin|[of] p2b: Garchomp\n|cant|p2b: Garchomp|flinch\n|move|p1a: Rotom|Thunderbolt|p2a: Incineroar\n|-damage|p2a: Incineroar|1/100\n|\n|-weather|none\n|upkeep\n|turn|6\n|inactive|Novicebest has 30 seconds left.\n|inactive|Novicebest has 20 seconds left.\n|\n|t:|1776050839\n|switch|p1b: Charizard|Charizard-Mega-Y, L50, M|100/100\n|-weather|SunnyDay|[from] ability: Drought|[of] p1b: Charizard\n|move|p2a: Incineroar|Fake Out|p1a: Rotom\n|-damage|p1a: Rotom|90/100\n|move|p2b: Garchomp|Poison Jab|p1a: Rotom\n|-damage|p1a: Rotom|57/100\n|cant|p1a: Rotom|flinch\n|\n|-weather|SunnyDay|[upkeep]\n|-heal|p1a: Rotom|62/100|[from] item: Leftovers\n|upkeep\n|turn|7\n|\n|t:|1776050855\n|move|p2b: Garchomp|Protect|p2b: Garchomp\n|-singleturn|p2b: Garchomp|Protect\n|move|p1b: Charizard|Heat Wave|p2a: Incineroar|[spread] p2a\n|-activate|p2b: Garchomp|move: Protect\n|-resisted|p2a: Incineroar|1\n|-damage|p2a: Incineroar|0 fnt\n|faint|p2a: Incineroar\n|move|p1a: Rotom|Hydro Pump|p2b: Garchomp\n|-activate|p2b: Garchomp|move: Protect\n|\n|-weather|SunnyDay|[upkeep]\n|-heal|p1a: Rotom|68/100|[from] item: Leftovers\n|upkeep\n|\n|t:|1776050860\n|switch|p2a: Floette|Floette-Mega, L50, F|42/100\n|-ability|p2a: Floette|Fairy Aura\n|turn|8\n|\n|t:|1776050874\n|move|p1b: Charizard|Protect|p1b: Charizard\n|-singleturn|p1b: Charizard|Protect\n|move|p2a: Floette|Dazzling Gleam|p1b: Charizard|[spread] p1a\n|-activate|p1b: Charizard|move: Protect\n|-damage|p1a: Rotom|22/100\n|move|p2b: Garchomp|Poison Jab|p1a: Rotom\n|-damage|p1a: Rotom|0 fnt\n|faint|p1a: Rotom\n|\n|-weather|SunnyDay|[upkeep]\n|upkeep\n|\n|t:|1776050886\n|switch|p1a: Sneasler|Sneasler, L50, F|88/100\n|turn|9\n|\n|t:|1776050906\n|move|p2a: Floette|Protect|p2a: Floette\n|-singleturn|p2a: Floette|Protect\n|move|p2b: Garchomp|Protect|p2b: Garchomp\n|-singleturn|p2b: Garchomp|Protect\n|move|p1a: Sneasler|Fake Out|p2b: Garchomp\n|-activate|p2b: Garchomp|move: Protect\n|move|p1b: Charizard|Heat Wave|p2a: Floette|[spread] \n|-activate|p2a: Floette|move: Protect\n|-activate|p2b: Garchomp|move: Protect\n|\n|-weather|SunnyDay|[upkeep]\n|upkeep\n|turn|10\n|\n|t:|1776050928\n|move|p1a: Sneasler|Rock Tomb|p2b: Garchomp\n|-resisted|p2b: Garchomp|1\n|-damage|p2b: Garchomp|75/100\n|-unboost|p2b: Garchomp|spe|1\n|move|p2a: Floette|Moonblast|p1b: Charizard\n|-resisted|p1b: Charizard|1\n|-damage|p1b: Charizard|68/100\n|move|p1b: Charizard|Weather Ball|p2b: Garchomp\n|-resisted|p2b: Garchomp|1\n|-damage|p2b: Garchomp|28/100\n|move|p2b: Garchomp|Stomping Tantrum|p1a: Sneasler\n|-supereffective|p1a: Sneasler|1\n|-damage|p1a: Sneasler|0 fnt\n|faint|p1a: Sneasler\n|\n|-weather|none\n|upkeep\n|turn|11\n|\n|t:|1776050950\n|move|p2a: Floette|Moonblast|p1b: Charizard\n|-resisted|p1b: Charizard|1\n|-damage|p1b: Charizard|36/100\n|-unboost|p1b: Charizard|spa|1\n|move|p1b: Charizard|Heat Wave|p2a: Floette|[spread] p2a,p2b\n|-resisted|p2b: Garchomp|1\n|-damage|p2a: Floette|21/100\n|-damage|p2b: Garchomp|13/100\n|move|p2b: Garchomp|Poison Jab|p1b: Charizard\n|-damage|p1b: Charizard|4/100\n|\n|upkeep\n|turn|12\n|-message|Novicebest forfeited.\n|\n|win|HazelA7X\n|raw|Novicebest's rating: 1363 &rarr; <strong>1343</strong><br />(-20 for losing)\n|raw|HazelA7X's rating: 1370 &rarr; <strong>1390</strong><br />(+20 for winning)\n|l|\u2606Novicebest\n|player|p1|\n",
  "uploadtime": 1776050963,
  "views": 22,
  "formatid": "gen9championsvgc2026regma",
  "rating": 1343,
  "private": 0,
  "password": null
}