{
  "id": "gen9championsvgc2026regma-2587573075",
  "format": "[Gen 9 Champions] VGC 2026 Reg M-A",
  "players": [
    "yangjafi",
    "Da1mon!"
  ],
  "log": "|j|\u2606yangjafi\n|j|\u2606Da1mon!\n|t:|1776543427\n|gametype|doubles\n|player|p1|yangjafi|backers|1161\n|player|p2|Da1mon!|ghetsis|1203\n|gen|9\n|tier|[Gen 9 Champions] VGC 2026 Reg M-A\n|rated|\n|rule|Species Clause: Limit one of each Pok\u00e9mon\n|rule|Item Clause: Limit 1 of each item\n|clearpoke\n|poke|p1|Excadrill, L50, F, shiny|\n|poke|p1|Tyranitar, L50, M, shiny|\n|poke|p1|Rotom-Wash, L50|\n|poke|p1|Incineroar, L50, M|\n|poke|p1|Floette-Eternal, L50, F|\n|poke|p1|Sinistcha-Masterpiece, L50|\n|poke|p2|Chesnaught, L50, M, shiny|\n|poke|p2|Slowking-Galar, L50, M|\n|poke|p2|Kingambit, L50, M|\n|poke|p2|Armarouge, L50, F|\n|poke|p2|Oranguru, L50, F|\n|poke|p2|Primarina, L50, M|\n|teampreview|4\n|\n|t:|1776543476\n|teamsize|p1|4\n|teamsize|p2|4\n|start\n|switch|p1a: Tyranitar|Tyranitar, L50, M, shiny|100/100\n|switch|p1b: Excadrill|Excadrill, L50, F, shiny|100/100\n|switch|p2a: Chesnaught|Chesnaught, L50, M, shiny|100/100\n|switch|p2b: Oranguru|Oranguru, L50, F|100/100\n|-weather|Sandstorm|[from] ability: Sand Stream|[of] p1a: Tyranitar\n|turn|1\n|\n|t:|1776543511\n|detailschange|p2a: Chesnaught|Chesnaught-Mega, L50, M, shiny\n|-mega|p2a: Chesnaught|Chesnaught|Chesnaughtite\n|move|p1b: Excadrill|High Horsepower|p2a: Chesnaught\n|-resisted|p2a: Chesnaught|1\n|-damage|p2a: Chesnaught|87/100\n|move|p1a: Tyranitar|Knock Off|p2b: Oranguru\n|-supereffective|p2b: Oranguru|1\n|-enditem|p2b: Oranguru|Colbur Berry|[eat]\n|-enditem|p2b: Oranguru|Colbur Berry|[weaken]\n|-damage|p2b: Oranguru|56/100\n|move|p2a: Chesnaught|Body Press|p1b: Excadrill\n|-supereffective|p1b: Excadrill|1\n|-enditem|p1b: Excadrill|Focus Sash\n|-damage|p1b: Excadrill|1/100\n|move|p2b: Oranguru|Trick Room|p2b: Oranguru\n|-fieldstart|move: Trick Room|[of] p2b: Oranguru\n|\n|-weather|Sandstorm|[upkeep]\n|-damage|p2a: Chesnaught|81/100|[from] Sandstorm\n|-damage|p2b: Oranguru|50/100|[from] Sandstorm\n|upkeep\n|turn|2\n|\n|t:|1776543559\n|move|p1b: Excadrill|Protect|p1b: Excadrill\n|-singleturn|p1b: Excadrill|Protect\n|move|p2a: Chesnaught|Body Press|p1a: Tyranitar\n|-supereffective|p1a: Tyranitar|2\n|-damage|p1a: Tyranitar|0 fnt\n|faint|p1a: Tyranitar\n|move|p2b: Oranguru|Foul Play|p1b: Excadrill\n|-activate|p1b: Excadrill|move: Protect\n|\n|-weather|Sandstorm|[upkeep]\n|-damage|p2a: Chesnaught|75/100|[from] Sandstorm\n|-damage|p2b: Oranguru|44/100|[from] Sandstorm\n|upkeep\n|\n|t:|1776543565\n|switch|p1a: Rotom|Rotom-Wash, L50|100/100\n|turn|3\n|\n|t:|1776543575\n|move|p2a: Chesnaught|Body Press|p1a: Rotom\n|-damage|p1a: Rotom|39/100\n|-enditem|p1a: Rotom|Sitrus Berry|[eat]\n|-heal|p1a: Rotom|64/100|[from] item: Sitrus Berry\n|move|p2b: Oranguru|Instruct|p2a: Chesnaught\n|-singleturn|p2a: Chesnaught|move: Instruct|[of] p2b: Oranguru\n|move|p2a: Chesnaught|Body Press|p1a: Rotom\n|-damage|p1a: Rotom|2/100\n|move|p1a: Rotom|Hydro Pump|p2a: Chesnaught\n|-resisted|p2a: Chesnaught|1\n|-damage|p2a: Chesnaught|53/100\n|move|p1b: Excadrill|Rock Slide|p2a: Chesnaught|[spread] p2a,p2b\n|-resisted|p2a: Chesnaught|1\n|-damage|p2a: Chesnaught|48/100\n|-damage|p2b: Oranguru|25/100\n|\n|-weather|Sandstorm|[upkeep]\n|-damage|p2a: Chesnaught|42/100|[from] Sandstorm\n|-damage|p2b: Oranguru|19/100|[from] Sandstorm\n|-damage|p1a: Rotom|0 fnt|[from] Sandstorm\n|faint|p1a: Rotom\n|upkeep\n|\n|t:|1776543588\n|switch|p1a: Floette|Floette-Eternal, L50, F|100/100\n|turn|4\n|\n|t:|1776543602\n|detailschange|p1a: Floette|Floette-Mega, L50, F\n|-mega|p1a: Floette|Floette|Floettite\n|-ability|p1a: Floette|Fairy Aura\n|move|p1b: Excadrill|Protect|p1b: Excadrill\n|-singleturn|p1b: Excadrill|Protect\n|move|p2a: Chesnaught|Rock Slide|p1a: Floette|[spread] p1a\n|-activate|p1b: Excadrill|move: Protect\n|-damage|p1a: Floette|79/100\n|move|p2b: Oranguru|Instruct|p2a: Chesnaught\n|-singleturn|p2a: Chesnaught|move: Instruct|[of] p2b: Oranguru\n|move|p2a: Chesnaught|Rock Slide|p1b: Excadrill|[spread] p1a\n|-activate|p1b: Excadrill|move: Protect\n|-damage|p1a: Floette|57/100\n|move|p1a: Floette|Dazzling Gleam|p2a: Chesnaught|[spread] p2a,p2b\n|-supereffective|p2a: Chesnaught|1\n|-damage|p2a: Chesnaught|0 fnt\n|-damage|p2b: Oranguru|0 fnt\n|faint|p2a: Chesnaught\n|faint|p2b: Oranguru\n|\n|-weather|Sandstorm|[upkeep]\n|-damage|p1a: Floette|51/100|[from] Sandstorm\n|upkeep\n|\n|t:|1776543620\n|switch|p2a: Kingambit|Kingambit, L50, M|100/100\n|switch|p2b: Primarina|Primarina, L50, M|100/100\n|turn|5\n|\n|t:|1776543628\n|move|p1a: Floette|Protect|p1a: Floette\n|-singleturn|p1a: Floette|Protect\n|move|p1b: Excadrill|Protect||[still]\n|-fail|p1b: Excadrill\n|move|p2a: Kingambit|Iron Head|p1a: Floette\n|-activate|p1a: Floette|move: Protect\n|move|p2b: Primarina|Dazzling Gleam|p1a: Floette|[spread] p1b\n|-activate|p1a: Floette|move: Protect\n|-resisted|p1b: Excadrill|1\n|-damage|p1b: Excadrill|0 fnt\n|faint|p1b: Excadrill\n|\n|-weather|none\n|-fieldend|move: Trick Room\n|upkeep\n|turn|6\n|\n|t:|1776543646\n|move|p2a: Kingambit|Protect|p2a: Kingambit\n|-singleturn|p2a: Kingambit|Protect\n|move|p1a: Floette|Moonblast|p2a: Kingambit\n|-activate|p2a: Kingambit|move: Protect\n|move|p2b: Primarina|Dazzling Gleam|p1a: Floette\n|-damage|p1a: Floette|4/100\n|\n|upkeep\n|turn|7\n|\n|t:|1776543659\n|move|p2a: Kingambit|Sucker Punch|p1a: Floette\n|-resisted|p1a: Floette|1\n|-damage|p1a: Floette|0 fnt\n|faint|p1a: Floette\n|\n|win|Da1mon!\n|raw|yangjafi's rating: 1161 &rarr; <strong>1139</strong><br />(-22 for losing)\n|raw|Da1mon!'s rating: 1203 &rarr; <strong>1225</strong><br />(+22 for winning)\n|l|\u2606yangjafi\n|player|p1|\n",
  "uploadtime": 1776543703,
  "views": 19,
  "formatid": "gen9championsvgc2026regma",
  "rating": 1139,
  "private": 0,
  "password": null
}