{
  "id": "gen9championsvgc2026regma-2587877726",
  "format": "[Gen 9 Champions] VGC 2026 Reg M-A",
  "players": [
    "Charlie Kirkegaard",
    "shangenb4"
  ],
  "log": "|j|\u2606Charlie Kirkegaard\n|j|\u2606shangenb4\n|t:|1776573649\n|gametype|doubles\n|player|p1|Charlie Kirkegaard|rose|1110\n|player|p2|shangenb4|sisandbro|1177\n|gen|9\n|tier|[Gen 9 Champions] VGC 2026 Reg M-A\n|rated|\n|rule|Species Clause: Limit one of each Pok\u00e9mon\n|rule|Item Clause: Limit 1 of each item\n|clearpoke\n|poke|p1|Krookodile, L50, F|\n|poke|p1|Aegislash, L50, F|\n|poke|p1|Scovillain, L50, M|\n|poke|p1|Florges, L50, F|\n|poke|p1|Gyarados, L50, M|\n|poke|p1|Kommo-o, L50, M|\n|poke|p2|Floette-Eternal, L50, F|\n|poke|p2|Garchomp, L50, M|\n|poke|p2|Sneasler, L50, F|\n|poke|p2|Basculegion-F, L50, F|\n|poke|p2|Aerodactyl, L50, M|\n|poke|p2|Incineroar, L50, F|\n|teampreview|4\n|\n|t:|1776573698\n|teamsize|p1|4\n|teamsize|p2|4\n|start\n|switch|p1a: Scovillain|Scovillain, L50, M|100/100\n|switch|p1b: Krookodile|Krookodile, L50, F|100/100\n|switch|p2a: Basculegion|Basculegion-F, L50, F|100/100\n|switch|p2b: Aerodactyl|Aerodactyl, L50, M|100/100\n|-ability|p2b: Aerodactyl|Unnerve\n|-ability|p1b: Krookodile|Intimidate|boost\n|-unboost|p2a: Basculegion|atk|1\n|-unboost|p2b: Aerodactyl|atk|1\n|turn|1\n|\n|t:|1776573730\n|switch|p1b: Aegislash|Aegislash, L50, F|100/100\n|detailschange|p1a: Scovillain|Scovillain-Mega, L50, M\n|-mega|p1a: Scovillain|Scovillain|Scovillainite\n|move|p2a: Basculegion|Muddy Water|p1a: Scovillain|[spread] p1a,p1b\n|-damage|p1a: Scovillain|67/100\n|-damage|p1b: Aegislash|72/100\n|-status|p2a: Basculegion|brn|[from] ability: Spicy Spray|[of] p1a: Scovillain\n|move|p2b: Aerodactyl|Tailwind|p2b: Aerodactyl\n|-sidestart|p2: shangenb4|move: Tailwind\n|move|p1a: Scovillain|Leech Seed|p2a: Basculegion\n|-start|p2a: Basculegion|move: Leech Seed\n|\n|-damage|p2a: Basculegion|88/100 brn|[from] Leech Seed|[of] p1a: Scovillain\n|-heal|p1a: Scovillain|81/100|[silent]\n|-damage|p2a: Basculegion|82/100 brn|[from] brn\n|upkeep\n|turn|2\n|\n|t:|1776573762\n|switch|p2b: Floette|Floette-Eternal, L50, F|100/100\n|switch|p1b: Krookodile|Krookodile, L50, F|100/100\n|-ability|p1b: Krookodile|Intimidate|boost\n|-unboost|p2a: Basculegion|atk|1\n|-unboost|p2b: Floette|atk|1\n|move|p2a: Basculegion|Muddy Water|p1b: Krookodile|[spread] p1a,p1b\n|-supereffective|p1b: Krookodile|1\n|-damage|p1a: Scovillain|47/100\n|-damage|p1b: Krookodile|0 fnt\n|faint|p1b: Krookodile\n|move|p1a: Scovillain|Fire Spin|p2b: Floette\n|-damage|p2b: Floette|87/100\n|-activate|p2b: Floette|move: Fire Spin|[of] p1a: Scovillain\n|\n|-damage|p2a: Basculegion|70/100 brn|[from] Leech Seed|[of] p1a: Scovillain\n|-heal|p1a: Scovillain|61/100|[silent]\n|-damage|p2a: Basculegion|64/100 brn|[from] brn\n|-damage|p2b: Floette|74/100|[from] move: Fire Spin|[partiallytrapped]\n|upkeep\n|\n|t:|1776573779\n|switch|p1b: Eternal at Home|Florges, L50, F|100/100\n|turn|3\n|\n|t:|1776573793\n|detailschange|p2b: Floette|Floette-Mega, L50, F\n|-mega|p2b: Floette|Floette|Floettite\n|-ability|p2b: Floette|Fairy Aura\n|move|p1a: Scovillain|Protect|p1a: Scovillain\n|-singleturn|p1a: Scovillain|Protect\n|move|p2a: Basculegion|Muddy Water|p1a: Scovillain|[spread] p1b\n|-activate|p1a: Scovillain|move: Protect\n|-damage|p1b: Eternal at Home|79/100\n|-unboost|p1b: Eternal at Home|accuracy|1\n|move|p2b: Floette|Moonblast|p1a: Scovillain\n|-activate|p1a: Scovillain|move: Protect\n|move|p1b: Eternal at Home|Light Screen|p1b: Eternal at Home\n|-sidestart|p1: Charlie Kirkegaard|move: Light Screen\n|\n|-damage|p2a: Basculegion|52/100 brn|[from] Leech Seed|[of] p1a: Scovillain\n|-heal|p1a: Scovillain|75/100|[silent]\n|-damage|p2a: Basculegion|46/100 brn|[from] brn\n|-damage|p2b: Floette|62/100|[from] move: Fire Spin|[partiallytrapped]\n|upkeep\n|turn|4\n|\n|t:|1776573816\n|move|p2a: Basculegion|Muddy Water|p1a: Scovillain|[spread] p1a\n|-miss|p2a: Basculegion|p1b: Eternal at Home\n|-damage|p1a: Scovillain|52/100\n|move|p2b: Floette|Light of Ruin|p1a: Scovillain\n|-resisted|p1a: Scovillain|1\n|-crit|p1a: Scovillain\n|-damage|p1a: Scovillain|0 fnt\n|-status|p2b: Floette|brn|[from] ability: Spicy Spray|[of] p1a: Scovillain\n|faint|p1a: Scovillain\n|-damage|p2b: Floette|37/100 brn|[from] Recoil\n|move|p1b: Eternal at Home|Pollen Puff|p1: Scovillain|[notarget]\n|-fail|p1b: Eternal at Home\n|\n|-damage|p2a: Basculegion|40/100 brn|[from] brn\n|-damage|p2b: Floette|31/100 brn|[from] brn\n|-end|p2b: Floette|Fire Spin|[partiallytrapped]|[silent]\n|-sideend|p2: shangenb4|move: Tailwind\n|upkeep\n|\n|t:|1776573831\n|switch|p1a: Aegislash|Aegislash, L50, F|72/100\n|turn|5\n|\n|t:|1776573849\n|move|p1a: Aegislash|Wide Guard|p1a: Aegislash\n|-singleturn|p1a: Aegislash|Wide Guard\n|move|p2a: Basculegion|Muddy Water|p1b: Eternal at Home|[spread] \n|-activate|p1a: Aegislash|move: Wide Guard\n|-activate|p1b: Eternal at Home|move: Wide Guard\n|move|p2b: Floette|Light of Ruin|p1b: Eternal at Home\n|-damage|p1b: Eternal at Home|37/100\n|-damage|p2b: Floette|8/100 brn|[from] Recoil\n|move|p1b: Eternal at Home|Pollen Puff|p1a: Aegislash\n|-heal|p1a: Aegislash|100/100\n|\n|-damage|p2a: Basculegion|27/100 brn|[from] Leech Seed|[of] p1a: Aegislash\n|-damage|p2a: Basculegion|21/100 brn|[from] brn\n|-damage|p2b: Floette|2/100 brn|[from] brn\n|upkeep\n|turn|6\n|\n|t:|1776573879\n|move|p1b: Eternal at Home|Protect|p1b: Eternal at Home\n|-singleturn|p1b: Eternal at Home|Protect\n|move|p2a: Basculegion|Muddy Water|p1b: Eternal at Home|[spread] p1a\n|-activate|p1b: Eternal at Home|move: Protect\n|-damage|p1a: Aegislash|80/100\n|-unboost|p1a: Aegislash|accuracy|1\n|move|p2b: Floette|Light of Ruin|p1b: Eternal at Home\n|-activate|p1b: Eternal at Home|move: Protect\n|-formechange|p1a: Aegislash|Aegislash-Blade|\n|move|p1a: Aegislash|Iron Head|p2a: Basculegion\n|-resisted|p2a: Basculegion|1\n|-damage|p2a: Basculegion|0 fnt\n|faint|p2a: Basculegion\n|\n|-damage|p2b: Floette|0 fnt|[from] brn\n|faint|p2b: Floette\n|upkeep\n|\n|t:|1776573896\n|switch|p2b: Aerodactyl|Aerodactyl, L50, M|100/100\n|switch|p2a: Garchomp|Garchomp, L50, M|100/100\n|-ability|p2b: Aerodactyl|Unnerve\n|turn|7\n|\n|t:|1776573913\n|move|p1a: Aegislash|Wide Guard|p1a: Aegislash\n|-singleturn|p1a: Aegislash|Wide Guard\n|move|p2b: Aerodactyl|Dual Wingbeat|p1b: Eternal at Home\n|-damage|p1b: Eternal at Home|13/100\n|-damage|p1b: Eternal at Home|0 fnt\n|faint|p1b: Eternal at Home\n|-hitcount|p1: Eternal at Home|2\n|move|p2a: Garchomp|Stomping Tantrum|p1a: Aegislash\n|-supereffective|p1a: Aegislash|1\n|-damage|p1a: Aegislash|0 fnt\n|faint|p1a: Aegislash\n|\n|win|shangenb4\n|raw|Charlie Kirkegaard's rating: 1110 &rarr; <strong>1090</strong><br />(-20 for losing)\n|raw|shangenb4's rating: 1177 &rarr; <strong>1197</strong><br />(+20 for winning)\n|l|\u2606Charlie Kirkegaard\n|player|p1|\n",
  "uploadtime": 1776573928,
  "views": 8,
  "formatid": "gen9championsvgc2026regma",
  "rating": 1090,
  "private": 0,
  "password": null
}