{
  "id": "gen9championsvgc2026regma-2585551392",
  "format": "[Gen 9 Champions] VGC 2026 Reg M-A",
  "players": [
    "noRNGplz",
    "professorknightvgc"
  ],
  "log": "|j|\u2606noRNGplz\n|j|\u203dprofessorknightvgc\n|t:|1776354981\n|gametype|doubles\n|player|p1|noRNGplz|102|1177\n|player|p2|professorknightvgc|palmer|1155\n|gen|9\n|tier|[Gen 9 Champions] VGC 2026 Reg M-A\n|rated|\n|rule|Species Clause: Limit one of each Pok\u00e9mon\n|rule|Item Clause: Limit 1 of each item\n|clearpoke\n|poke|p1|Pidgeot, L50, M|\n|poke|p1|Goodra-Hisui, L50, F|\n|poke|p1|Sneasler, L50, F|\n|poke|p1|Basculegion, L50, M|\n|poke|p1|Tyranitar, L50, M|\n|poke|p1|Delphox, L50, F|\n|poke|p2|Charizard, L50, F|\n|poke|p2|Basculegion, L50, M|\n|poke|p2|Incineroar, L50, F|\n|poke|p2|Sneasler, L50, F|\n|poke|p2|Garchomp, L50, M|\n|poke|p2|Venusaur, L50, M|\n|teampreview|4\n|inactive|Battle timer is ON: inactive players will automatically lose when time's up. (requested by professorknightvgc)\n|inactive|noRNGplz has 60 seconds left.\n|inactive|professorknightvgc has 60 seconds left.\n|\n|t:|1776355036\n|teamsize|p1|4\n|teamsize|p2|4\n|start\n|switch|p1a: Pidgeot|Pidgeot, L50, M|100/100\n|switch|p1b: Sneasler|Sneasler, L50, F|100/100\n|switch|p2a: Incineroar|Incineroar, L50, F|100/100\n|switch|p2b: Garchomp|Garchomp, L50, M|100/100\n|-ability|p2a: Incineroar|Intimidate|boost\n|-unboost|p1a: Pidgeot|atk|1\n|-unboost|p1b: Sneasler|atk|1\n|-enditem|p1b: Sneasler|White Herb\n|-clearnegativeboost|p1b: Sneasler|[silent]\n|turn|1\n|\n|t:|1776355056\n|move|p1b: Sneasler|Protect|p1b: Sneasler\n|-singleturn|p1b: Sneasler|Protect\n|move|p2a: Incineroar|Fake Out|p1a: Pidgeot\n|-damage|p1a: Pidgeot|84/100\n|cant|p1a: Pidgeot|flinch\n|move|p2b: Garchomp|Rock Slide|p1b: Sneasler|[spread] \n|-activate|p1b: Sneasler|move: Protect\n|-miss|p2b: Garchomp|p1a: Pidgeot\n|\n|upkeep\n|turn|2\n|inactive|professorknightvgc has 30 seconds left.\n|\n|t:|1776355084\n|detailschange|p1a: Pidgeot|Pidgeot-Mega, L50, M\n|-mega|p1a: Pidgeot|Pidgeot|Pidgeotite\n|move|p1b: Sneasler|Close Combat|p2b: Garchomp\n|-damage|p2b: Garchomp|39/100\n|-unboost|p1b: Sneasler|def|1\n|-unboost|p1b: Sneasler|spd|1\n|-damage|p1b: Sneasler|88/100|[from] ability: Rough Skin|[of] p2b: Garchomp\n|move|p1a: Pidgeot|Hurricane|p2b: Garchomp\n|-damage|p2b: Garchomp|0 fnt\n|faint|p2b: Garchomp\n|move|p2a: Incineroar|Parting Shot|p1a: Pidgeot\n|-unboost|p1a: Pidgeot|atk|1\n|-unboost|p1a: Pidgeot|spa|1\n|\n|t:|1776355099\n|switch|p2a: Charizard|Charizard, L50, F|100/100|[from] Parting Shot\n|\n|upkeep\n|\n|t:|1776355108\n|switch|p2b: Incineroar|Incineroar, L50, F|100/100\n|-ability|p2b: Incineroar|Intimidate|boost\n|-unboost|p1a: Pidgeot|atk|1\n|-unboost|p1b: Sneasler|atk|1\n|turn|3\n|\n|t:|1776355128\n|move|p1b: Sneasler|Protect|p1b: Sneasler\n|-singleturn|p1b: Sneasler|Protect\n|move|p2a: Charizard|Protect|p2a: Charizard\n|-singleturn|p2a: Charizard|Protect\n|move|p2b: Incineroar|Fake Out|p1a: Pidgeot\n|-damage|p1a: Pidgeot|68/100\n|cant|p1a: Pidgeot|flinch\n|\n|upkeep\n|turn|4\n|\n|t:|1776355151\n|detailschange|p2a: Charizard|Charizard-Mega-Y, L50, F\n|-mega|p2a: Charizard|Charizard|Charizardite Y\n|-weather|SunnyDay|[from] ability: Drought|[of] p2a: Charizard\n|move|p1b: Sneasler|Close Combat|p2b: Incineroar\n|-supereffective|p2b: Incineroar|1\n|-damage|p2b: Incineroar|23/100\n|-unboost|p1b: Sneasler|def|1\n|-unboost|p1b: Sneasler|spd|1\n|-enditem|p2b: Incineroar|Sitrus Berry|[eat]\n|-heal|p2b: Incineroar|48/100|[from] item: Sitrus Berry\n|move|p1a: Pidgeot|Tailwind|p1a: Pidgeot\n|-sidestart|p1: noRNGplz|move: Tailwind\n|move|p2a: Charizard|Heat Wave|p1b: Sneasler|[spread] p1a,p1b\n|-damage|p1a: Pidgeot|0 fnt\n|-damage|p1b: Sneasler|0 fnt\n|faint|p1a: Pidgeot\n|faint|p1b: Sneasler\n|move|p2b: Incineroar|Parting Shot|p1: Pidgeot|[notarget]\n|-fail|p2b: Incineroar\n|\n|-weather|SunnyDay|[upkeep]\n|upkeep\n|\n|t:|1776355157\n|switch|p1a: Basculegion|Basculegion, L50, M|100/100\n|switch|p1b: Tyranitar|Tyranitar, L50, M|100/100\n|-weather|Sandstorm|[from] ability: Sand Stream|[of] p1b: Tyranitar\n|turn|5\n|inactive|noRNGplz has 30 seconds left.\n|\n|t:|1776355192\n|switch|p2a: Basculegion|Basculegion, L50, M|100/100\n|move|p1a: Basculegion|Last Respects|p2a: Basculegion\n|-supereffective|p2a: Basculegion|1\n|-damage|p2a: Basculegion|0 fnt\n|faint|p2a: Basculegion\n|move|p1b: Tyranitar|Rock Slide|p2b: Incineroar|[miss]\n|-miss|p1b: Tyranitar|p2b: Incineroar\n|move|p2b: Incineroar|Parting Shot|p1b: Tyranitar\n|-unboost|p1b: Tyranitar|atk|1\n|-unboost|p1b: Tyranitar|spa|1\n|\n|t:|1776355203\n|switch|p2b: Charizard|Charizard-Mega-Y, L50, F|100/100|[from] Parting Shot\n|-weather|SunnyDay|[from] ability: Drought|[of] p2b: Charizard\n|\n|-weather|SunnyDay|[upkeep]\n|upkeep\n|\n|t:|1776355208\n|switch|p2a: Incineroar|Incineroar, L50, F|48/100\n|-ability|p2a: Incineroar|Intimidate|boost\n|-unboost|p1a: Basculegion|atk|1\n|-unboost|p1b: Tyranitar|atk|1\n|turn|6\n|\n|t:|1776355218\n|move|p1b: Tyranitar|Protect|p1b: Tyranitar\n|-singleturn|p1b: Tyranitar|Protect\n|move|p2a: Incineroar|Fake Out|p1b: Tyranitar\n|-activate|p1b: Tyranitar|move: Protect\n|move|p1a: Basculegion|Last Respects|p2b: Charizard\n|-damage|p2b: Charizard|29/100\n|move|p2b: Charizard|Air Slash|p1a: Basculegion\n|-damage|p1a: Basculegion|45/100\n|\n|-weather|SunnyDay|[upkeep]\n|upkeep\n|turn|7\n|\n|t:|1776355230\n|move|p2b: Charizard|Protect|p2b: Charizard\n|-singleturn|p2b: Charizard|Protect\n|move|p1a: Basculegion|Last Respects|p2b: Charizard\n|-activate|p2b: Charizard|move: Protect\n|move|p1b: Tyranitar|Rock Slide|p2b: Charizard|[spread] p2a\n|-activate|p2b: Charizard|move: Protect\n|-supereffective|p2a: Incineroar|1\n|-damage|p2a: Incineroar|21/100\n|cant|p2a: Incineroar|flinch\n|\n|-weather|SunnyDay|[upkeep]\n|-sideend|p1: noRNGplz|move: Tailwind\n|upkeep\n|turn|8\n|\n|t:|1776355245\n|move|p2b: Charizard|Protect||[still]\n|-fail|p2b: Charizard\n|move|p1a: Basculegion|Last Respects|p2b: Charizard\n|-damage|p2b: Charizard|0 fnt\n|faint|p2b: Charizard\n|move|p1b: Tyranitar|Rock Slide|p2a: Incineroar\n|-supereffective|p2a: Incineroar|1\n|-damage|p2a: Incineroar|0 fnt\n|faint|p2a: Incineroar\n|\n|win|noRNGplz\n|raw|noRNGplz's rating: 1177 &rarr; <strong>1200</strong><br />(+23 for winning)\n|raw|professorknightvgc's rating: 1155 &rarr; <strong>1132</strong><br />(-23 for losing)\n|l|\u203dprofessorknightvgc\n|player|p2|\n",
  "uploadtime": 1776355252,
  "views": 29,
  "formatid": "gen9championsvgc2026regma",
  "rating": 1132,
  "private": 0,
  "password": null
}