{
  "id": "gen9championsvgc2026regma-2586824454",
  "format": "[Gen 9 Champions] VGC 2026 Reg M-A",
  "players": [
    "sacarinita",
    "FunnyPheesh"
  ],
  "log": "|j|\u2606sacarinita\n|j|\u2606FunnyPheesh\n|t:|1776462957\n|gametype|doubles\n|player|p1|sacarinita|parasollady|1196\n|player|p2|FunnyPheesh|gwynn|1220\n|gen|9\n|tier|[Gen 9 Champions] VGC 2026 Reg M-A\n|rated|\n|rule|Species Clause: Limit one of each Pok\u00e9mon\n|rule|Item Clause: Limit 1 of each item\n|clearpoke\n|poke|p1|Delphox, L50, M|\n|poke|p1|Rotom-Wash, L50|\n|poke|p1|Whimsicott, L50, M|\n|poke|p1|Sneasler, L50, M|\n|poke|p1|Garchomp, L50, M|\n|poke|p1|Kingambit, L50, F|\n|poke|p2|Alakazam, L50, F|\n|poke|p2|Floette-Eternal, L50, F|\n|poke|p2|Incineroar, L50, M|\n|poke|p2|Sinistcha, L50|\n|poke|p2|Palafin, L50, F|\n|poke|p2|Aerodactyl, L50, F|\n|teampreview|4\n|\n|t:|1776463022\n|teamsize|p1|4\n|teamsize|p2|4\n|start\n|switch|p1a: Sneasler|Sneasler, L50, M|100/100\n|switch|p1b: Rotom|Rotom-Wash, L50|100/100\n|switch|p2a: Palafin|Palafin, L50, F|100/100\n|switch|p2b: Aerodactyl|Aerodactyl, L50, F, shiny|100/100\n|-ability|p2b: Aerodactyl|Unnerve\n|turn|1\n|\n|t:|1776463054\n|detailschange|p2a: Palafin|Palafin-Hero, L50, F\n|switch|p2a: Sinistcha|Sinistcha, L50|100/100\n|move|p2b: Aerodactyl|Protect|p2b: Aerodactyl\n|-singleturn|p2b: Aerodactyl|Protect\n|move|p1a: Sneasler|Fake Out|p2a: Sinistcha\n|-immune|p2a: Sinistcha\n|move|p1b: Rotom|Hydro Pump|p2b: Aerodactyl\n|-activate|p2b: Aerodactyl|move: Protect\n|\n|upkeep\n|turn|2\n|\n|t:|1776463092\n|detailschange|p2b: Aerodactyl|Aerodactyl-Mega, L50, F, shiny\n|-mega|p2b: Aerodactyl|Aerodactyl|Aerodactylite\n|move|p2a: Sinistcha|Rage Powder|p2a: Sinistcha\n|-singleturn|p2a: Sinistcha|move: Rage Powder\n|move|p2b: Aerodactyl|Dual Wingbeat|p1a: Sneasler\n|-supereffective|p1a: Sneasler|1\n|-damage|p1a: Sneasler|2/100\n|-supereffective|p1a: Sneasler|1\n|-damage|p1a: Sneasler|0 fnt\n|faint|p1a: Sneasler\n|-hitcount|p1: Sneasler|2\n|move|p1b: Rotom|Hydro Pump|p2a: Sinistcha\n|-resisted|p2a: Sinistcha|1\n|-damage|p2a: Sinistcha|75/100\n|\n|upkeep\n|\n|t:|1776463115\n|switch|p1a: Kingambit|Kingambit, L50, F|100/100\n|turn|3\n|\n|t:|1776463188\n|switch|p2a: Incineroar|Incineroar, L50, M|100/100\n|-ability|p2a: Incineroar|Intimidate|boost\n|-unboost|p1a: Kingambit|atk|1\n|-ability|p1a: Kingambit|Defiant|boost\n|-boost|p1a: Kingambit|atk|2\n|-unboost|p1b: Rotom|atk|1\n|move|p2b: Aerodactyl|Protect|p2b: Aerodactyl\n|-singleturn|p2b: Aerodactyl|Protect\n|move|p1b: Rotom|Hydro Pump|p2b: Aerodactyl\n|-activate|p2b: Aerodactyl|move: Protect\n|move|p1a: Kingambit|Kowtow Cleave|p2a: Incineroar\n|-resisted|p2a: Incineroar|1\n|-damage|p2a: Incineroar|65/100\n|\n|upkeep\n|turn|4\n|\n|t:|1776463220\n|switch|p2b: Sinistcha|Sinistcha, L50|75/100\n|-heal|p2a: Incineroar|90/100|[from] ability: Hospitality|[of] p2b: Sinistcha\n|move|p2a: Incineroar|Fake Out|p1b: Rotom\n|-damage|p1b: Rotom|83/100\n|move|p1a: Kingambit|Sucker Punch||[still]\n|-fail|p1a: Kingambit\n|cant|p1b: Rotom|flinch\n|\n|upkeep\n|turn|5\n|\n|t:|1776463236\n|move|p1b: Rotom|Hydro Pump|p2a: Incineroar\n|-supereffective|p2a: Incineroar|1\n|-damage|p2a: Incineroar|1/100\n|move|p2a: Incineroar|Flare Blitz|p1a: Kingambit\n|-supereffective|p1a: Kingambit|1\n|-damage|p1a: Kingambit|25/100\n|-damage|p2a: Incineroar|0 fnt|[from] Recoil\n|faint|p2a: Incineroar\n|move|p2b: Sinistcha|Matcha Gotcha|p1b: Rotom|[spread] p1a,p1b\n|-resisted|p1a: Kingambit|1\n|-supereffective|p1b: Rotom|1\n|-damage|p1a: Kingambit|14/100\n|-heal|p2b: Sinistcha|81/100|[from] drain|[of] p1a: Kingambit\n|-damage|p1b: Rotom|11/100\n|-heal|p2b: Sinistcha|100/100|[from] drain|[of] p1b: Rotom\n|move|p1a: Kingambit|Kowtow Cleave|p2b: Sinistcha\n|-supereffective|p2b: Sinistcha|1\n|-damage|p2b: Sinistcha|0 fnt\n|faint|p2b: Sinistcha\n|\n|upkeep\n|\n|t:|1776463250\n|switch|p2a: Aerodactyl|Aerodactyl-Mega, L50, F, shiny|100/100\n|switch|p2b: Palafin|Palafin-Hero, L50, F|100/100\n|-activate|p2b: Palafin|ability: Zero to Hero\n|turn|6\n|\n|t:|1776463270\n|move|p2b: Palafin|Jet Punch|p1a: Kingambit\n|-damage|p1a: Kingambit|0 fnt\n|faint|p1a: Kingambit\n|move|p2a: Aerodactyl|Rock Slide|p1b: Rotom\n|-damage|p1b: Rotom|0 fnt\n|faint|p1b: Rotom\n|\n|upkeep\n|\n|t:|1776463276\n|switch|p1a: Delphox|Delphox, L50, M, shiny|100/100\n|turn|7\n|c|\u2606FunnyPheesh|gg\n|\n|t:|1776463299\n|detailschange|p1a: Delphox|Delphox-Mega, L50, M, shiny\n|-mega|p1a: Delphox|Delphox|Delphoxite\n|move|p2b: Palafin|Jet Punch|p1a: Delphox\n|-supereffective|p1a: Delphox|1\n|-damage|p1a: Delphox|0 fnt\n|faint|p1a: Delphox\n|\n|win|FunnyPheesh\n|raw|sacarinita's rating: 1196 &rarr; <strong>1173</strong><br />(-23 for losing)\n|raw|FunnyPheesh's rating: 1220 &rarr; <strong>1243</strong><br />(+23 for winning)\n|l|\u2606sacarinita\n|player|p1|\n",
  "uploadtime": 1776463311,
  "views": 23,
  "formatid": "gen9championsvgc2026regma",
  "rating": 1173,
  "private": 0,
  "password": null
}