{
  "id": "gen9championsvgc2026regma-2582073138",
  "format": "[Gen 9 Champions] VGC 2026 Reg M-A",
  "players": [
    "mogaraki",
    "IdkImScared"
  ],
  "log": "|j|\u2606mogaraki\n|j|\u2606IdkImScared\n|t:|1776054542\n|gametype|doubles\n|player|p1|mogaraki|1|1046\n|player|p2|IdkImScared|workerice|1040\n|gen|9\n|tier|[Gen 9 Champions] VGC 2026 Reg M-A\n|rated|\n|rule|Species Clause: Limit one of each Pok\u00e9mon\n|rule|Item Clause: Limit 1 of each item\n|clearpoke\n|poke|p1|Gengar, L50, M|\n|poke|p1|Tauros-Paldea-Blaze, L50, M|\n|poke|p1|Kingambit, L50, M|\n|poke|p1|Araquanid, L50, M|\n|poke|p1|Kangaskhan, L50, F|\n|poke|p1|Sinistcha, L50|\n|poke|p2|Floette-Eternal, L50, F|\n|poke|p2|Rotom-Wash, L50|\n|poke|p2|Incineroar, L50, M|\n|poke|p2|Aerodactyl, L50, M|\n|poke|p2|Kommo-o, L50, F|\n|poke|p2|Sinistcha, L50|\n|teampreview|4\n|inactive|Battle timer is ON: inactive players will automatically lose when time's up. (requested by mogaraki)\n|c|\u2606IdkImScared|glhf :)\n|c|\u2606mogaraki|gl\n|inactive|mogaraki has 60 seconds left.\n|inactive|IdkImScared has 60 seconds left.\n|inactive|IdkImScared has 30 seconds left.\n|\n|t:|1776054613\n|teamsize|p1|4\n|teamsize|p2|4\n|start\n|switch|p1a: Kingambit|Kingambit, L50, M|100/100\n|switch|p1b: Sinistcha|Sinistcha, L50|100/100\n|switch|p2a: Kommo-o|Kommo-o, L50, F|100/100\n|switch|p2b: Don Carlos|Aerodactyl, L50, M|100/100\n|-ability|p2b: Don Carlos|Unnerve\n|turn|1\n|inactive|IdkImScared has 30 seconds left.\n|\n|t:|1776054639\n|move|p1b: Sinistcha|Rage Powder|p1b: Sinistcha\n|-singleturn|p1b: Sinistcha|move: Rage Powder\n|move|p2b: Don Carlos|Tailwind|p2b: Don Carlos\n|-sidestart|p2: IdkImScared|move: Tailwind\n|move|p2a: Kommo-o|Clangorous Soul|p2a: Kommo-o\n|-boost|p2a: Kommo-o|atk|1\n|-boost|p2a: Kommo-o|def|1\n|-boost|p2a: Kommo-o|spa|1\n|-boost|p2a: Kommo-o|spd|1\n|-boost|p2a: Kommo-o|spe|1\n|-damage|p2a: Kommo-o|68/100\n|move|p1a: Kingambit|Swords Dance|p1a: Kingambit\n|-boost|p1a: Kingambit|atk|2\n|\n|-heal|p2a: Kommo-o|74/100|[from] item: Leftovers\n|upkeep\n|turn|2\n|\n|t:|1776054659\n|move|p2a: Kommo-o|Protect|p2a: Kommo-o\n|-singleturn|p2a: Kommo-o|Protect\n|move|p1b: Sinistcha|Rage Powder|p1b: Sinistcha\n|-singleturn|p1b: Sinistcha|move: Rage Powder\n|move|p2b: Don Carlos|Dual Wingbeat|p1b: Sinistcha\n|-supereffective|p1b: Sinistcha|1\n|-damage|p1b: Sinistcha|70/100\n|-supereffective|p1b: Sinistcha|1\n|-damage|p1b: Sinistcha|41/100\n|-hitcount|p1b: Sinistcha|2\n|move|p1a: Kingambit|Kowtow Cleave|p2b: Don Carlos\n|-enditem|p2b: Don Carlos|Focus Sash\n|-damage|p2b: Don Carlos|1/100\n|\n|-heal|p2a: Kommo-o|79/100|[from] item: Leftovers\n|upkeep\n|turn|3\n|inactive|IdkImScared has 30 seconds left.\n|\n|t:|1776054688\n|move|p2b: Don Carlos|Protect|p2b: Don Carlos\n|-singleturn|p2b: Don Carlos|Protect\n|move|p1b: Sinistcha|Rage Powder|p1b: Sinistcha\n|-singleturn|p1b: Sinistcha|move: Rage Powder\n|move|p1a: Kingambit|Sucker Punch||[still]\n|-fail|p1a: Kingambit\n|move|p2a: Kommo-o|Clanging Scales|p1a: Kingambit|[spread] p1a,p1b\n|-resisted|p1a: Kingambit|1\n|-damage|p1a: Kingambit|74/100\n|-damage|p1b: Sinistcha|0 fnt\n|faint|p1b: Sinistcha\n|-unboost|p2a: Kommo-o|def|1\n|\n|-heal|p2a: Kommo-o|85/100|[from] item: Leftovers\n|upkeep\n|\n|t:|1776054698\n|switch|p1b: Kangaskhan|Kangaskhan, L50, F|100/100\n|turn|4\n|inactive|mogaraki has 30 seconds left.\n|\n|t:|1776054727\n|switch|p2b: Rotom|Rotom-Wash, L50|100/100\n|move|p2a: Kommo-o|Protect|p2a: Kommo-o\n|-singleturn|p2a: Kommo-o|Protect\n|move|p1b: Kangaskhan|Fake Out|p2a: Kommo-o\n|-activate|p2a: Kommo-o|move: Protect\n|move|p1a: Kingambit|Sucker Punch||[still]\n|-fail|p1a: Kingambit\n|\n|-heal|p2a: Kommo-o|91/100|[from] item: Leftovers\n|-sideend|p2: IdkImScared|move: Tailwind\n|upkeep\n|turn|5\n|\n|t:|1776054744\n|switch|p1a: Gengar|Gengar, L50, M|100/100\n|move|p2a: Kommo-o|Aura Sphere|p1a: Gengar\n|-immune|p1a: Gengar\n|move|p1b: Kangaskhan|Facade|p2b: Rotom\n|-damage|p2b: Rotom|71/100\n|move|p2b: Rotom|Volt Switch|p1b: Kangaskhan\n|-damage|p1b: Kangaskhan|62/100\n|\n|t:|1776054755\n|switch|p2b: Don Carlos|Aerodactyl, L50, M|1/100|[from] Volt Switch\n|-ability|p2b: Don Carlos|Unnerve\n|\n|-heal|p2a: Kommo-o|97/100|[from] item: Leftovers\n|upkeep\n|turn|6\n|inactive|mogaraki has 30 seconds left.\n|\n|t:|1776054787\n|move|p1a: Gengar|Protect|p1a: Gengar\n|-singleturn|p1a: Gengar|Protect\n|move|p2a: Kommo-o|Clanging Scales|p1b: Kangaskhan|[spread] p1b\n|-activate|p1a: Gengar|move: Protect\n|-damage|p1b: Kangaskhan|0 fnt\n|faint|p1b: Kangaskhan\n|-unboost|p2a: Kommo-o|def|1\n|move|p2b: Don Carlos|Tailwind|p2b: Don Carlos\n|-sidestart|p2: IdkImScared|move: Tailwind\n|\n|-heal|p2a: Kommo-o|100/100|[from] item: Leftovers\n|upkeep\n|\n|t:|1776054793\n|switch|p1b: Kingambit|Kingambit, L50, M|74/100\n|turn|7\n|\n|t:|1776054805\n|detailschange|p1a: Gengar|Gengar-Mega, L50, M\n|-mega|p1a: Gengar|Gengar|Gengarite\n|move|p2a: Kommo-o|Aura Sphere|p1b: Kingambit\n|-supereffective|p1b: Kingambit|2\n|-damage|p1b: Kingambit|0 fnt\n|faint|p1b: Kingambit\n|move|p2b: Don Carlos|Rock Slide|p1a: Gengar\n|-damage|p1a: Gengar|48/100\n|move|p1a: Gengar|Shadow Ball|p2a: Kommo-o\n|-immune|p2a: Kommo-o|[from] ability: Bulletproof\n|\n|upkeep\n|turn|8\n|-message|mogaraki forfeited.\n|\n|win|IdkImScared\n|raw|mogaraki's rating: 1046 &rarr; <strong>1029</strong><br />(-17 for losing)\n|raw|IdkImScared's rating: 1040 &rarr; <strong>1075</strong><br />(+35 for winning)\n|l|\u2606mogaraki\n|player|p1|\n",
  "uploadtime": 1776054820,
  "views": 31,
  "formatid": "gen9championsvgc2026regma",
  "rating": 1029,
  "private": 0,
  "password": null
}