{
  "id": "gen9championsvgc2026regma-2586039180",
  "format": "[Gen 9 Champions] VGC 2026 Reg M-A",
  "players": [
    "ZAPDOSISGOATED",
    "kicks_menacingly"
  ],
  "log": "|j|\u2606ZAPDOSISGOATED\n|j|\u2606kicks_menacingly\n|t:|1776392750\n|gametype|doubles\n|player|p1|ZAPDOSISGOATED|dragontamer|1190\n|player|p2|kicks_menacingly|blackbelt|1209\n|gen|9\n|tier|[Gen 9 Champions] VGC 2026 Reg M-A\n|rated|\n|rule|Species Clause: Limit one of each Pok\u00e9mon\n|rule|Item Clause: Limit 1 of each item\n|clearpoke\n|poke|p1|Aerodactyl, L50, F|\n|poke|p1|Garchomp, L50, F|\n|poke|p1|Typhlosion-Hisui, L50, F|\n|poke|p1|Farigiraf, L50, M|\n|poke|p1|Whimsicott, L50, M|\n|poke|p1|Azumarill, L50, F|\n|poke|p2|Gallade, L50, M|\n|poke|p2|Corviknight, L50, M|\n|poke|p2|Incineroar, L50, F|\n|poke|p2|Garchomp, L50, M|\n|poke|p2|Milotic, L50, M|\n|poke|p2|Meganium, L50, F|\n|teampreview|4\n|inactive|Battle timer is ON: inactive players will automatically lose when time's up. (requested by ZAPDOSISGOATED)\nZAPDOSISGOATED rejected open team sheets.\n|inactive|kicks_menacingly has 60 seconds left.\n|\n|t:|1776392785\n|teamsize|p1|4\n|teamsize|p2|4\n|start\n|switch|p1a: Farigiraf|Farigiraf, L50, M|100/100\n|switch|p1b: Miisser lol|Azumarill, L50, F|100/100\n|switch|p2a: Gallade|Gallade, L50, M, shiny|100/100\n|switch|p2b: Milotic|Milotic, L50, M|100/100\n|turn|1\n|\n|t:|1776392806\n|move|p2a: Gallade|Trick|p1a: Farigiraf\n|-activate|p2a: Gallade|move: Trick|[of] p1a: Farigiraf\n|-item|p1a: Farigiraf|Choice Scarf|[from] move: Trick\n|-item|p2a: Gallade|Mental Herb|[from] move: Trick\n|move|p2b: Milotic|Icy Wind|p1b: Miisser lol|[spread] p1a,p1b\n|-resisted|p1b: Miisser lol|1\n|-damage|p1a: Farigiraf|91/100\n|-damage|p1b: Miisser lol|96/100\n|-unboost|p1a: Farigiraf|spe|1\n|-unboost|p1b: Miisser lol|spe|1\n|move|p1b: Miisser lol|Play Rough|p2a: Gallade\n|-supereffective|p2a: Gallade|1\n|-damage|p2a: Gallade|0 fnt\n|faint|p2a: Gallade\n|move|p1a: Farigiraf|Trick Room|p1a: Farigiraf\n|-fieldstart|move: Trick Room|[of] p1a: Farigiraf\n|\n|upkeep\n|\n|t:|1776392822\n|switch|p2a: Incineroar|Incineroar, L50, F|100/100\n|-ability|p2a: Incineroar|Intimidate|boost\n|-unboost|p1a: Farigiraf|atk|1\n|-unboost|p1b: Miisser lol|atk|1\n|turn|2\n|\n|t:|1776392831\n|switch|p1a: Garchomp|Garchomp, L50, F|100/100\n|move|p2b: Milotic|Protect|p2b: Milotic\n|-singleturn|p2b: Milotic|Protect\n|move|p1b: Miisser lol|Liquidation|p2a: Incineroar\n|-supereffective|p2a: Incineroar|1\n|-damage|p2a: Incineroar|0 fnt\n|faint|p2a: Incineroar\n|\n|upkeep\n|\n|t:|1776392838\n|switch|p2a: Meganium|Meganium, L50, F|100/100\n|turn|3\n|\n|t:|1776392849\n|switch|p1a: Farigiraf|Farigiraf, L50, M|91/100\n|detailschange|p2a: Meganium|Meganium-Mega, L50, F\n|-mega|p2a: Meganium|Meganium|Meganiumite\n|move|p1b: Miisser lol|Protect|p1b: Miisser lol\n|-singleturn|p1b: Miisser lol|Protect\n|move|p2b: Milotic|Icy Wind|p1a: Farigiraf|[spread] p1a\n|-activate|p1b: Miisser lol|move: Protect\n|-damage|p1a: Farigiraf|82/100\n|-unboost|p1a: Farigiraf|spe|1\n|move|p2a: Meganium|Solar Beam||[still]\n|-prepare|p2a: Meganium|Solar Beam\n|-activate|p2a: Meganium|ability: Mega Sol\n|-anim|p2a: Meganium|Solar Beam|p1b: Miisser lol\n|-activate|p1b: Miisser lol|move: Protect\n|\n|upkeep\n|turn|4\n|\n|t:|1776392867\n|move|p1a: Farigiraf|Helping Hand|p1b: Miisser lol\n|-singleturn|p1b: Miisser lol|Helping Hand|[of] p1a: Farigiraf\n|move|p1b: Miisser lol|Play Rough|p2a: Meganium\n|-damage|p2a: Meganium|44/100\n|move|p2b: Milotic|Life Dew||[still]|[spread] p2a,p2b\n|-heal|p2a: Meganium|69/100\n|-fail|p2b: Milotic|heal\n|move|p2a: Meganium|Solar Beam||[still]\n|-prepare|p2a: Meganium|Solar Beam\n|-activate|p2a: Meganium|ability: Mega Sol\n|-anim|p2a: Meganium|Solar Beam|p1b: Miisser lol\n|-supereffective|p1b: Miisser lol|1\n|-damage|p1b: Miisser lol|0 fnt\n|faint|p1b: Miisser lol\n|\n|upkeep\n|\n|t:|1776392874\n|switch|p1b: Aerodactyl|Aerodactyl, L50, F, shiny|100/100\n|turn|5\n|\n|t:|1776392882\n|move|p1a: Farigiraf|Helping Hand|p1b: Aerodactyl\n|-singleturn|p1b: Aerodactyl|Helping Hand|[of] p1a: Farigiraf\n|move|p2a: Meganium|Protect|p2a: Meganium\n|-singleturn|p2a: Meganium|Protect\n|move|p1b: Aerodactyl|Protect|p1b: Aerodactyl\n|-singleturn|p1b: Aerodactyl|Protect\n|move|p2b: Milotic|Icy Wind|p1a: Farigiraf|[spread] p1a\n|-activate|p1b: Aerodactyl|move: Protect\n|-damage|p1a: Farigiraf|73/100\n|-unboost|p1a: Farigiraf|spe|1\n|\n|-fieldend|move: Trick Room\n|upkeep\n|turn|6\n|\n|t:|1776392896\n|detailschange|p1b: Aerodactyl|Aerodactyl-Mega, L50, F, shiny\n|-mega|p1b: Aerodactyl|Aerodactyl|Aerodactylite\n|move|p1a: Farigiraf|Helping Hand|p1b: Aerodactyl\n|-singleturn|p1b: Aerodactyl|Helping Hand|[of] p1a: Farigiraf\n|move|p2a: Meganium|Protect||[still]\n|-fail|p2a: Meganium\n|move|p1b: Aerodactyl|Dual Wingbeat|p2a: Meganium\n|-supereffective|p2a: Meganium|1\n|-damage|p2a: Meganium|0 fnt\n|faint|p2a: Meganium\n|-hitcount|p2: Meganium|1\n|move|p2b: Milotic|Icy Wind|p1a: Farigiraf|[spread] p1a,p1b\n|-supereffective|p1b: Aerodactyl|1\n|-damage|p1a: Farigiraf|64/100\n|-damage|p1b: Aerodactyl|75/100\n|-unboost|p1a: Farigiraf|spe|1\n|-unboost|p1b: Aerodactyl|spe|1\n|\n|upkeep\n|turn|7\n|c|\u2606ZAPDOSISGOATED|Helping hand protect lol\n|\n|t:|1776392907\n|move|p1a: Farigiraf|Helping Hand|p1b: Aerodactyl\n|-singleturn|p1b: Aerodactyl|Helping Hand|[of] p1a: Farigiraf\n|move|p1b: Aerodactyl|Rock Slide|p2b: Milotic\n|-crit|p2b: Milotic\n|-damage|p2b: Milotic|35/100\n|cant|p2b: Milotic|flinch\n|\n|upkeep\n|turn|8\n|\n|t:|1776392915\n|move|p1a: Farigiraf|Helping Hand|p1b: Aerodactyl\n|-singleturn|p1b: Aerodactyl|Helping Hand|[of] p1a: Farigiraf\n|move|p1b: Aerodactyl|Rock Slide|p2b: Milotic\n|-damage|p2b: Milotic|0 fnt\n|faint|p2b: Milotic\n|\n|win|ZAPDOSISGOATED\n|raw|ZAPDOSISGOATED's rating: 1190 &rarr; <strong>1216</strong><br />(+26 for winning)\n|raw|kicks_menacingly's rating: 1209 &rarr; <strong>1183</strong><br />(-26 for losing)\n|l|\u2606kicks_menacingly\n|player|p2|\n",
  "uploadtime": 1776392922,
  "views": 26,
  "formatid": "gen9championsvgc2026regma",
  "rating": 1183,
  "private": 0,
  "password": null
}