{
  "id": "gen9championsvgc2026regma-2587539948",
  "format": "[Gen 9 Champions] VGC 2026 Reg M-A",
  "players": [
    "Baconbitz225",
    "goobsheistmaster67"
  ],
  "log": "|j|\u2606Baconbitz225\n|j|\u2606goobsheistmaster67\n|t:|1776540555\n|gametype|doubles\n|player|p1|Baconbitz225|hilbert|1430\n|player|p2|goobsheistmaster67|bugcatcher-gen4dp|1442\n|gen|9\n|tier|[Gen 9 Champions] VGC 2026 Reg M-A\n|rated|\n|rule|Species Clause: Limit one of each Pok\u00e9mon\n|rule|Item Clause: Limit 1 of each item\n|clearpoke\n|poke|p1|Scizor, L50, F|\n|poke|p1|Pelipper, L50, F|\n|poke|p1|Archaludon, L50, M|\n|poke|p1|Basculegion, L50, M|\n|poke|p1|Incineroar, L50, M|\n|poke|p1|Dragonite, L50, F|\n|poke|p2|Floette-Eternal, L50, F|\n|poke|p2|Delphox, L50, F|\n|poke|p2|Kingambit, L50, M|\n|poke|p2|Garchomp, L50, M|\n|poke|p2|Basculegion, L50, M|\n|poke|p2|Sinistcha, L50|\n|teampreview|4\n|inactive|Battle timer is ON: inactive players will automatically lose when time's up. (requested by Baconbitz225)\n|inactive|goobsheistmaster67 has 60 seconds left.\n|\n|t:|1776540606\n|teamsize|p1|4\n|teamsize|p2|4\n|start\n|switch|p1a: Pelipper|Pelipper, L50, F|100/100\n|switch|p1b: Scizor|Scizor, L50, F|100/100\n|switch|p2a: Kingambit|Kingambit, L50, M|100/100\n|switch|p2b: Floette|Floette-Eternal, L50, F|100/100\n|-weather|RainDance|[from] ability: Drizzle|[of] p1a: Pelipper\n|turn|1\n|inactive|goobsheistmaster67 has 30 seconds left.\n|inactive|goobsheistmaster67 has 20 seconds left.\n|inactive|goobsheistmaster67 has 15 seconds left.\n|inactive|goobsheistmaster67 has 10 seconds left.\n|\n|t:|1776540653\n|switch|p2b: Basculegion|Basculegion, L50, M|100/100\n|move|p1a: Pelipper|Tailwind|p1a: Pelipper\n|-sidestart|p1: Baconbitz225|move: Tailwind\n|move|p1b: Scizor|Swords Dance|p1b: Scizor\n|-boost|p1b: Scizor|atk|2\n|move|p2a: Kingambit|Low Kick|p1b: Scizor\n|-damage|p1b: Scizor|62/100\n|\n|-weather|RainDance|[upkeep]\n|upkeep\n|turn|2\n|\n|t:|1776540667\n|move|p2b: Basculegion|Aqua Jet|p1b: Scizor\n|-damage|p1b: Scizor|28/100\n|move|p2a: Kingambit|Sucker Punch|p1b: Scizor\n|-damage|p1b: Scizor|0 fnt\n|faint|p1b: Scizor\n|move|p1a: Pelipper|Hurricane|p2b: Basculegion\n|-damage|p2b: Basculegion|44/100\n|\n|-weather|RainDance|[upkeep]\n|upkeep\n|\n|t:|1776540673\n|switch|p1b: Dragonite|Dragonite, L50, F|100/100\n|turn|3\n|\n|t:|1776540699\n|switch|p2b: Garchomp|Garchomp, L50, M|100/100\n|detailschange|p1b: Dragonite|Dragonite-Mega, L50, F\n|-mega|p1b: Dragonite|Dragonite|Dragoninite\n|move|p1a: Pelipper|Weather Ball|p2a: Kingambit\n|-damage|p2a: Kingambit|37/100\n|move|p1b: Dragonite|Thunder|p2b: Garchomp\n|-immune|p2b: Garchomp\n|move|p2a: Kingambit|Iron Head|p1b: Dragonite\n|-damage|p1b: Dragonite|82/100\n|\n|-weather|RainDance|[upkeep]\n|upkeep\n|turn|4\n|\n|t:|1776540719\n|move|p2a: Kingambit|Sucker Punch|p1a: Pelipper\n|-damage|p1a: Pelipper|48/100\n|move|p1a: Pelipper|Weather Ball|p2a: Kingambit\n|-damage|p2a: Kingambit|0 fnt\n|faint|p2a: Kingambit\n|move|p1b: Dragonite|Draco Meteor|p2b: Garchomp\n|-supereffective|p2b: Garchomp|1\n|-enditem|p2b: Garchomp|Focus Sash\n|-damage|p2b: Garchomp|1/100\n|-unboost|p1b: Dragonite|spa|2\n|move|p2b: Garchomp|Rock Slide|p1b: Dragonite|[spread] p1a,p1b\n|-supereffective|p1a: Pelipper|1\n|-supereffective|p1b: Dragonite|1\n|-damage|p1a: Pelipper|0 fnt\n|-damage|p1b: Dragonite|51/100\n|faint|p1a: Pelipper\n|\n|-weather|RainDance|[upkeep]\n|-sideend|p1: Baconbitz225|move: Tailwind\n|upkeep\n|j| DankLad07\n|\n|t:|1776540737\n|switch|p1a: Basculegion|Basculegion, L50, M|100/100\n|switch|p2a: Floette|Floette-Eternal, L50, F|100/100\n|turn|5\n|\n|t:|1776540748\n|detailschange|p2a: Floette|Floette-Mega, L50, F\n|-mega|p2a: Floette|Floette|Floettite\n|-ability|p2a: Floette|Fairy Aura\n|move|p2a: Floette|Protect|p2a: Floette\n|-singleturn|p2a: Floette|Protect\n|move|p1a: Basculegion|Wave Crash|p2a: Floette\n|-activate|p2a: Floette|move: Protect\n|move|p2b: Garchomp|Dragon Claw|p1b: Dragonite\n|-supereffective|p1b: Dragonite|1\n|-damage|p1b: Dragonite|0 fnt\n|faint|p1b: Dragonite\n|\n|-weather|none\n|upkeep\n|turn|6\n|-message|Baconbitz225 forfeited.\n|\n|win|goobsheistmaster67\n|raw|Baconbitz225's rating: 1430 &rarr; <strong>1411</strong><br />(-19 for losing)\n|raw|goobsheistmaster67's rating: 1442 &rarr; <strong>1461</strong><br />(+19 for winning)\n|l|\u2606Baconbitz225\n|player|p1|\n",
  "uploadtime": 1776540848,
  "views": 23,
  "formatid": "gen9championsvgc2026regma",
  "rating": 1411,
  "private": 0,
  "password": null
}