{
  "id": "gen9championsvgc2026regma-2582602047",
  "format": "[Gen 9 Champions] VGC 2026 Reg M-A",
  "players": [
    "battle sim trainer",
    "IdanVGC"
  ],
  "log": "|j|\u2606battle sim trainer\n|j|\u2606IdanVGC\n|t:|1776101981\n|gametype|doubles\n|player|p1|battle sim trainer|turo|1088\n|player|p2|IdanVGC|burgh|1000\n|gen|9\n|tier|[Gen 9 Champions] VGC 2026 Reg M-A\n|rated|\n|rule|Species Clause: Limit one of each Pok\u00e9mon\n|rule|Item Clause: Limit 1 of each item\n|clearpoke\n|poke|p1|Gallade, L50, M|\n|poke|p1|Torkoal, L50, F|\n|poke|p1|Crabominable, L50, M|\n|poke|p1|Farigiraf, L50, F|\n|poke|p1|Medicham, L50, M|\n|poke|p1|Sinistcha-Masterpiece, L50|\n|poke|p2|Venusaur, L50, M|\n|poke|p2|Charizard, L50, M|\n|poke|p2|Garchomp, L50, M|\n|poke|p2|Hydreigon, L50, M|\n|poke|p2|Incineroar, L50, F|\n|poke|p2|Rotom-Wash, L50|\n|teampreview|4\n|inactive|Battle timer is ON: inactive players will automatically lose when time's up. (requested by battle sim trainer)\n|\n|t:|1776102036\n|teamsize|p1|4\n|teamsize|p2|4\n|start\n|switch|p1a: Medicham|Medicham, L50, M|100/100\n|switch|p1b: Farigiraf|Farigiraf, L50, F|100/100\n|switch|p2a: Hydreigon|Hydreigon, L50, M|100/100\n|switch|p2b: Venusaur|Venusaur, L50, M|100/100\n|turn|1\n|inactive|battle sim trainer has 30 seconds left.\n|inactive|IdanVGC has 30 seconds left.\n|\n|t:|1776102067\n|detailschange|p2b: Venusaur|Venusaur-Mega, L50, M\n|-mega|p2b: Venusaur|Venusaur|Venusaurite\n|move|p1a: Medicham|Fake Out|p2b: Venusaur\n|-damage|p2b: Venusaur|83/100\n|move|p2a: Hydreigon|U-turn|p1b: Farigiraf\n|-supereffective|p1b: Farigiraf|1\n|-damage|p1b: Farigiraf|73/100\n|\n|t:|1776102073\n|switch|p2a: Incineroar|Incineroar, L50, F|100/100|[from] U-turn\n|-ability|p2a: Incineroar|Intimidate|boost\n|-unboost|p1a: Medicham|atk|1\n|-unboost|p1b: Farigiraf|atk|1\n|cant|p2b: Venusaur|flinch\n|move|p1b: Farigiraf|Trick Room|p1b: Farigiraf\n|-fieldstart|move: Trick Room|[of] p1b: Farigiraf\n|\n|upkeep\n|turn|2\n|\n|t:|1776102094\n|move|p1b: Farigiraf|Nasty Plot|p1b: Farigiraf\n|-boost|p1b: Farigiraf|spa|2\n|move|p2a: Incineroar|Darkest Lariat|p1b: Farigiraf\n|-supereffective|p1b: Farigiraf|1\n|-damage|p1b: Farigiraf|15/100\n|-enditem|p1b: Farigiraf|Sitrus Berry|[eat]\n|-heal|p1b: Farigiraf|40/100|[from] item: Sitrus Berry\n|move|p1a: Medicham|Close Combat|p2a: Incineroar\n|-supereffective|p2a: Incineroar|1\n|-damage|p2a: Incineroar|0 fnt\n|-unboost|p1a: Medicham|def|1\n|-unboost|p1a: Medicham|spd|1\n|faint|p2a: Incineroar\n|move|p2b: Venusaur|Sleep Powder|p1a: Medicham\n|-status|p1a: Medicham|slp|[from] move: Sleep Powder\n|\n|upkeep\n|\n|t:|1776102111\n|switch|p2a: Hydreigon|Hydreigon, L50, M|100/100\n|turn|3\n|\n|t:|1776102135\n|switch|p1a: Gallade|Gallade, L50, M|100/100\n|move|p2b: Venusaur|Protect|p2b: Venusaur\n|-singleturn|p2b: Venusaur|Protect\n|move|p1b: Farigiraf|Psyshock|p2b: Venusaur\n|-activate|p2b: Venusaur|move: Protect\n|move|p2a: Hydreigon|Dark Pulse|p1b: Farigiraf\n|-supereffective|p1b: Farigiraf|1\n|-damage|p1b: Farigiraf|0 fnt\n|faint|p1b: Farigiraf\n|\n|upkeep\n|\n|t:|1776102147\n|switch|p1b: Crabominable|Crabominable, L50, M|100/100\n|turn|4\n|\n|t:|1776102169\n|switch|p2a: Rotom|Rotom-Wash, L50|100/100\n|detailschange|p1b: Crabominable|Crabominable-Mega, L50, M\n|-mega|p1b: Crabominable|Crabominable|Crabominite\n|move|p1b: Crabominable|Ice Punch|p2b: Venusaur\n|-supereffective|p2b: Venusaur|1\n|-damage|p2b: Venusaur|21/100\n|move|p1a: Gallade|Sacred Sword|p2a: Rotom\n|-damage|p2a: Rotom|10/100\n|-enditem|p2a: Rotom|Sitrus Berry|[eat]\n|-heal|p2a: Rotom|34/100|[from] item: Sitrus Berry\n|move|p2b: Venusaur|Sleep Powder|p1b: Crabominable\n|-status|p1b: Crabominable|slp|[from] move: Sleep Powder\n|\n|upkeep\n|turn|5\n|inactive|battle sim trainer has 30 seconds left.\n|\n|t:|1776102199\n|move|p2b: Venusaur|Protect|p2b: Venusaur\n|-singleturn|p2b: Venusaur|Protect\n|move|p2a: Rotom|Protect|p2a: Rotom\n|-singleturn|p2a: Rotom|Protect\n|cant|p1b: Crabominable|slp\n|move|p1a: Gallade|Psycho Cut|p2a: Rotom\n|-activate|p2a: Rotom|move: Protect\n|\n|-fieldend|move: Trick Room\n|upkeep\n|turn|6\n|\n|t:|1776102218\n|cant|p1b: Crabominable|slp\n|move|p2a: Rotom|Will-O-Wisp|p1a: Gallade\n|-status|p1a: Gallade|brn\n|move|p2b: Venusaur|Giga Drain|p1b: Crabominable\n|-damage|p1b: Crabominable|67/100 slp\n|-heal|p2b: Venusaur|44/100|[from] drain|[of] p1b: Crabominable\n|move|p1a: Gallade|Trick Room|p1a: Gallade\n|-fieldstart|move: Trick Room|[of] p1a: Gallade\n|\n|-damage|p1a: Gallade|95/100 brn|[from] brn\n|upkeep\n|turn|7\n|\n|t:|1776102235\n|move|p2b: Venusaur|Protect|p2b: Venusaur\n|-singleturn|p2b: Venusaur|Protect\n|-curestatus|p1b: Crabominable|slp|[msg]\n|move|p1b: Crabominable|Drain Punch|p2a: Rotom\n|-damage|p2a: Rotom|0 fnt\n|-heal|p1b: Crabominable|77/100|[from] drain|[of] p2a: Rotom\n|faint|p2a: Rotom\n|move|p1a: Gallade|Psycho Cut|p2b: Venusaur\n|-activate|p2b: Venusaur|move: Protect\n|\n|-damage|p1a: Gallade|89/100 brn|[from] brn\n|upkeep\n|\n|t:|1776102243\n|switch|p2a: Hydreigon|Hydreigon, L50, M|100/100\n|turn|8\n|\n|t:|1776102258\n|move|p1b: Crabominable|Drain Punch|p2a: Hydreigon\n|-supereffective|p2a: Hydreigon|1\n|-damage|p2a: Hydreigon|0 fnt\n|-heal|p1b: Crabominable|100/100|[from] drain|[of] p2a: Hydreigon\n|faint|p2a: Hydreigon\n|move|p1a: Gallade|Psycho Cut|p2b: Venusaur\n|-supereffective|p2b: Venusaur|1\n|-crit|p2b: Venusaur\n|-damage|p2b: Venusaur|0 fnt\n|faint|p2b: Venusaur\n|\n|win|battle sim trainer\n|raw|battle sim trainer's rating: 1088 &rarr; <strong>1108</strong><br />(+20 for winning)\n|raw|IdanVGC's rating: 1000 &rarr; <strong>1000</strong><br />(+0 for losing)\n|l|\u2606IdanVGC\n|player|p2|\n",
  "uploadtime": 1776102266,
  "views": 10,
  "formatid": "gen9championsvgc2026regma",
  "rating": 1000,
  "private": 0,
  "password": null
}