{
  "id": "gen9championsvgc2026regma-2586115477",
  "format": "[Gen 9 Champions] VGC 2026 Reg M-A",
  "players": [
    "nguyennico",
    "Phillip Blevin"
  ],
  "log": "|j|\u2606nguyennico\n|j|\u2606Phillip Blevin\n|t:|1776400823\n|gametype|doubles\n|player|p1|nguyennico|102|1218\n|player|p2|Phillip Blevin|cynthia-masters4|1303\n|gen|9\n|tier|[Gen 9 Champions] VGC 2026 Reg M-A\n|rated|\n|rule|Species Clause: Limit one of each Pok\u00e9mon\n|rule|Item Clause: Limit 1 of each item\n|clearpoke\n|poke|p1|Sneasler, L50, F|\n|poke|p1|Floette-Eternal, L50, F|\n|poke|p1|Aerodactyl, L50, M|\n|poke|p1|Maushold, L50|\n|poke|p1|Kingambit, L50, M|\n|poke|p1|Delphox, L50, F|\n|poke|p2|Froslass, L50, F|\n|poke|p2|Corviknight, L50, F|\n|poke|p2|Incineroar, L50, F|\n|poke|p2|Rotom-Mow, L50|\n|poke|p2|Sneasler, L50, F|\n|poke|p2|Primarina, L50, M|\n|teampreview|4\n|inactive|Battle timer is ON: inactive players will automatically lose when time's up. (requested by Phillip Blevin)\nPhillip Blevin has agreed to open team sheets.\n|inactive|nguyennico has 60 seconds left.\n|\n|t:|1776400875\n|teamsize|p1|4\n|teamsize|p2|4\n|start\n|switch|p1a: Delphox|Delphox, L50, F|100/100\n|switch|p1b: Aerodactyl|Aerodactyl, L50, M|100/100\n|switch|p2a: Rotom|Rotom-Mow, L50|100/100\n|switch|p2b: Sneasler|Sneasler, L50, F|100/100\n|-ability|p1b: Aerodactyl|Unnerve\n|turn|1\n|inactive|nguyennico has 30 seconds left.\n|\n|t:|1776400905\n|detailschange|p1a: Delphox|Delphox-Mega, L50, F\n|-mega|p1a: Delphox|Delphox|Delphoxite\n|move|p2a: Rotom|Electroweb|p1a: Delphox|[spread] p1a,p1b\n|-supereffective|p1b: Aerodactyl|1\n|-damage|p1a: Delphox|85/100\n|-damage|p1b: Aerodactyl|58/100\n|-unboost|p1a: Delphox|spe|1\n|-unboost|p1b: Aerodactyl|spe|1\n|move|p2b: Sneasler|Close Combat|p1b: Aerodactyl\n|-damage|p1b: Aerodactyl|0 fnt\n|-unboost|p2b: Sneasler|def|1\n|-unboost|p2b: Sneasler|spd|1\n|faint|p1b: Aerodactyl\n|move|p1a: Delphox|Heat Wave|p2a: Rotom|[spread] p2a,p2b\n|-supereffective|p2a: Rotom|1\n|-damage|p2a: Rotom|15/100\n|-damage|p2b: Sneasler|15/100\n|\n|upkeep\n|\n|t:|1776400921\n|switch|p1b: Maushold|Maushold, L50|100/100\n|turn|2\n|\n|t:|1776400928\n|move|p1b: Maushold|Follow Me|p1b: Maushold\n|-singleturn|p1b: Maushold|move: Follow Me\n|move|p2a: Rotom|Electroweb|p1b: Maushold|[spread] p1a,p1b\n|-damage|p1a: Delphox|73/100\n|-damage|p1b: Maushold|82/100\n|-unboost|p1a: Delphox|spe|1\n|-unboost|p1b: Maushold|spe|1\n|move|p2b: Sneasler|Close Combat|p1b: Maushold\n|-supereffective|p1b: Maushold|1\n|-enditem|p1b: Maushold|Chople Berry|[eat]\n|-enditem|p1b: Maushold|Chople Berry|[weaken]\n|-damage|p1b: Maushold|0 fnt\n|-unboost|p2b: Sneasler|def|1\n|-unboost|p2b: Sneasler|spd|1\n|faint|p1b: Maushold\n|move|p1a: Delphox|Heat Wave|p2b: Sneasler|[spread] p2a,p2b\n|-supereffective|p2a: Rotom|1\n|-damage|p2a: Rotom|0 fnt\n|-damage|p2b: Sneasler|0 fnt\n|faint|p2a: Rotom\n|faint|p2b: Sneasler\n|\n|upkeep\n|\n|t:|1776400944\n|switch|p2b: Primarina|Primarina, L50, M|100/100\n|switch|p1b: Kingambit|Kingambit, L50, M|100/100\n|switch|p2a: Froslass|Froslass, L50, F|100/100\n|turn|3\n|inactive|nguyennico has 30 seconds left.\n|inactive|nguyennico has 20 seconds left.\n|\n|t:|1776400980\n|detailschange|p2a: Froslass|Froslass-Mega, L50, F\n|-mega|p2a: Froslass|Froslass|Froslassite\n|-weather|Snowscape|[from] ability: Snow Warning|[of] p2a: Froslass\n|move|p2a: Froslass|Aurora Veil|p2a: Froslass\n|-sidestart|p2: Phillip Blevin|move: Aurora Veil\n|move|p1a: Delphox|Heat Wave|p2a: Froslass|[spread] p2a,p2b\n|-supereffective|p2a: Froslass|1\n|-resisted|p2b: Primarina|1\n|-damage|p2a: Froslass|35/100\n|-damage|p2b: Primarina|89/100\n|move|p2b: Primarina|Calm Mind|p2b: Primarina\n|-boost|p2b: Primarina|spa|1\n|-boost|p2b: Primarina|spd|1\n|move|p1b: Kingambit|Iron Head|p2b: Primarina\n|-damage|p2b: Primarina|57/100\n|\n|-weather|Snowscape|[upkeep]\n|upkeep\n|turn|4\n|\n|t:|1776400998\n|move|p2a: Froslass|Protect|p2a: Froslass\n|-singleturn|p2a: Froslass|Protect\n|move|p1a: Delphox|Heat Wave|p2a: Froslass|[spread] p2b\n|-activate|p2a: Froslass|move: Protect\n|-resisted|p2b: Primarina|1\n|-damage|p2b: Primarina|50/100\n|-enditem|p2b: Primarina|Sitrus Berry|[eat]\n|-heal|p2b: Primarina|74/100|[from] item: Sitrus Berry\n|move|p2b: Primarina|Hyper Voice|p1b: Kingambit|[spread] p1a,p1b\n|-supereffective|p1a: Delphox|1\n|-damage|p1a: Delphox|0 fnt\n|-damage|p1b: Kingambit|54/100\n|faint|p1a: Delphox\n|move|p1b: Kingambit|Iron Head|p2b: Primarina\n|-damage|p2b: Primarina|40/100\n|\n|-weather|Snowscape|[upkeep]\n|upkeep\n|turn|5\n|\n|t:|1776401015\n|move|p2a: Froslass|Blizzard|p1b: Kingambit\n|-resisted|p1b: Kingambit|1\n|-damage|p1b: Kingambit|22/100\n|move|p2b: Primarina|Moonblast|p1b: Kingambit\n|-damage|p1b: Kingambit|0 fnt\n|faint|p1b: Kingambit\n|\n|win|Phillip Blevin\n|raw|nguyennico's rating: 1218 &rarr; <strong>1199</strong><br />(-19 for losing)\n|raw|Phillip Blevin's rating: 1303 &rarr; <strong>1318</strong><br />(+15 for winning)\n",
  "uploadtime": 1776401015,
  "views": 15,
  "formatid": "gen9championsvgc2026regma",
  "rating": 1199,
  "private": 0,
  "password": null
}