{
  "id": "gen9championsvgc2026regma-2585289932",
  "format": "[Gen 9 Champions] VGC 2026 Reg M-A",
  "players": [
    "Eye_Doc",
    "ericaikok"
  ],
  "log": "|j|\u2606Eye_Doc\n|j|\u2606ericaikok\n|t:|1776334327\n|gametype|doubles\n|player|p1|Eye_Doc|guitarist|1102\n|player|p2|ericaikok|#ptplvidazzlingdiancies|1167\n|gen|9\n|tier|[Gen 9 Champions] VGC 2026 Reg M-A\n|rated|\n|rule|Species Clause: Limit one of each Pok\u00e9mon\n|rule|Item Clause: Limit 1 of each item\n|clearpoke\n|poke|p1|Krookodile, L50, M|\n|poke|p1|Whimsicott, L50, M|\n|poke|p1|Delphox, L50, M|\n|poke|p1|Rotom-Wash, L50|\n|poke|p1|Gengar, L50, F|\n|poke|p1|Archaludon, L50, F|\n|poke|p2|Gengar, L50, M|\n|poke|p2|Whimsicott, L50, F|\n|poke|p2|Incineroar, L50, M|\n|poke|p2|Sneasler, L50, F|\n|poke|p2|Rotom-Wash, L50|\n|poke|p2|Arcanine-Hisui, L50, F|\n|teampreview|4\n|inactive|Battle timer is ON: inactive players will automatically lose when time's up. (requested by ericaikok)\nEye_Doc rejected open team sheets.\n|inactive|ericaikok has 60 seconds left.\n|c|\u2606Eye_Doc|Cool avatar\n|\n|t:|1776334382\n|teamsize|p1|4\n|teamsize|p2|4\n|start\n|switch|p1a: Krookodile|Krookodile, L50, M|100/100\n|switch|p1b: Whimsicott|Whimsicott, L50, M, shiny|100/100\n|switch|p2a: Sneasler|Sneasler, L50, F|100/100\n|switch|p2b: Gengar|Gengar, L50, M|100/100\n|turn|1\n|inactive|ericaikok has 30 seconds left.\n|\n|t:|1776334414\n|detailschange|p2b: Gengar|Gengar-Mega, L50, M\n|-mega|p2b: Gengar|Gengar|Gengarite\n|move|p2a: Sneasler|Fake Out|p1a: Krookodile\n|-damage|p1a: Krookodile|83/100\n|move|p1b: Whimsicott|Tailwind|p1b: Whimsicott\n|-sidestart|p1: Eye_Doc|move: Tailwind\n|cant|p1a: Krookodile|flinch\n|move|p2b: Gengar|Sludge Bomb|p1b: Whimsicott\n|-supereffective|p1b: Whimsicott|2\n|-enditem|p1b: Whimsicott|Focus Sash\n|-damage|p1b: Whimsicott|1/100\n|\n|upkeep\n|turn|2\n|\n|t:|1776334435\n|switch|p2b: Whimsicott|Whimsicott, L50, F|100/100\n|move|p2a: Sneasler|Protect|p2a: Sneasler\n|-singleturn|p2a: Sneasler|Protect\n|move|p1b: Whimsicott|Endeavor|p2a: Sneasler\n|-activate|p2a: Sneasler|move: Protect\n|move|p1a: Krookodile|Earthquake|p2a: Sneasler|[spread] p1b,p2b\n|-activate|p2a: Sneasler|move: Protect\n|-resisted|p1b: Whimsicott|1\n|-resisted|p2b: Whimsicott|1\n|-damage|p1b: Whimsicott|0 fnt\n|-damage|p2b: Whimsicott|80/100\n|faint|p1b: Whimsicott\n|-ability|p1a: Krookodile|Moxie|boost\n|-boost|p1a: Krookodile|atk|1\n|\n|upkeep\n|\n|t:|1776334444\n|switch|p1b: Delphox|Delphox, L50, M|100/100\n|turn|3\n|\n|t:|1776334456\n|detailschange|p1b: Delphox|Delphox-Mega, L50, M\n|-mega|p1b: Delphox|Delphox|Delphoxite\n|move|p2b: Whimsicott|Tailwind|p2b: Whimsicott\n|-sidestart|p2: ericaikok|move: Tailwind\n|move|p1b: Delphox|Heat Wave|p2b: Whimsicott|[spread] p2a,p2b\n|-supereffective|p2b: Whimsicott|1\n|-damage|p2a: Sneasler|32/100\n|-damage|p2b: Whimsicott|0 fnt\n|faint|p2b: Whimsicott\n|move|p2a: Sneasler|Close Combat|p1a: Krookodile\n|-supereffective|p1a: Krookodile|1\n|-damage|p1a: Krookodile|0 fnt\n|-unboost|p2a: Sneasler|def|1\n|-unboost|p2a: Sneasler|spd|1\n|faint|p1a: Krookodile\n|-enditem|p2a: Sneasler|White Herb\n|-clearnegativeboost|p2a: Sneasler|[silent]\n|\n|upkeep\n|\n|t:|1776334471\n|switch|p2b: Arcanine|Arcanine-Hisui, L50, F|100/100\n|switch|p1a: Rotom|Rotom-Wash, L50, shiny|100/100\n|turn|4\n|\n|t:|1776334488\n|move|p2a: Sneasler|Dire Claw|p1a: Rotom\n|-crit|p1a: Rotom\n|-damage|p1a: Rotom|8/100\n|move|p2b: Arcanine|Head Smash|p1b: Delphox\n|-supereffective|p1b: Delphox|1\n|-damage|p1b: Delphox|0 fnt\n|faint|p1b: Delphox\n|-damage|p2b: Arcanine|56/100|[from] Recoil\n|move|p1a: Rotom|Hydro Pump|p2b: Arcanine\n|-supereffective|p2b: Arcanine|2\n|-damage|p2b: Arcanine|0 fnt\n|faint|p2b: Arcanine\n|\n|-sideend|p1: Eye_Doc|move: Tailwind\n|upkeep\n|\n|t:|1776334495\n|switch|p2b: Gengar|Gengar-Mega, L50, M|100/100\n|turn|5\n|\n|t:|1776334501\n|move|p2a: Sneasler|Dire Claw|p1a: Rotom\n|-damage|p1a: Rotom|0 fnt\n|faint|p1a: Rotom\n|\n|win|ericaikok\n|raw|Eye_Doc's rating: 1102 &rarr; <strong>1082</strong><br />(-20 for losing)\n|raw|ericaikok's rating: 1167 &rarr; <strong>1187</strong><br />(+20 for winning)\n",
  "uploadtime": 1776334503,
  "views": 22,
  "formatid": "gen9championsvgc2026regma",
  "rating": 1082,
  "private": 0,
  "password": null
}