{
  "id": "gen9championsvgc2026regma-2581269821",
  "format": "[Gen 9 Champions] VGC 2026 Reg M-A",
  "players": [
    "tastyfloop",
    "ConnerTEP"
  ],
  "log": "|j|\u2606tastyfloop\n|j|\u2606ConnerTEP\n|t:|1775979106\n|gametype|doubles\n|player|p1|tastyfloop|265|1317\n|player|p2|ConnerTEP|acerola-masters2|1492\n|gen|9\n|tier|[Gen 9 Champions] VGC 2026 Reg M-A\n|rated|\n|rule|Species Clause: Limit one of each Pok\u00e9mon\n|rule|Item Clause: Limit 1 of each item\n|clearpoke\n|poke|p1|Basculegion, L50, M|\n|poke|p1|Archaludon, L50, M|\n|poke|p1|Sinistcha, L50|\n|poke|p1|Pelipper, L50, F|\n|poke|p1|Gengar, L50, M|\n|poke|p1|Sneasler, L50, M|\n|poke|p2|Aerodactyl, L50, F|\n|poke|p2|Garchomp, L50, M|\n|poke|p2|Gardevoir, L50, M|\n|poke|p2|Kingambit, L50, M|\n|poke|p2|Kangaskhan, L50, F|\n|poke|p2|Sinistcha, L50|\n|teampreview|4\n|inactive|Battle timer is ON: inactive players will automatically lose when time's up. (requested by ConnerTEP)\n|inactive|tastyfloop has 60 seconds left.\n|inactive|ConnerTEP has 60 seconds left.\n|\n|t:|1775979156\n|teamsize|p1|4\n|teamsize|p2|4\n|start\n|switch|p1a: Sneasler|Sneasler, L50, M|100/100\n|switch|p1b: Gengar|Gengar, L50, M|100/100\n|switch|p2a: Aerodactyl|Aerodactyl, L50, F|100/100\n|switch|p2b: Garchomp|Garchomp, L50, M|100/100\n|-ability|p2a: Aerodactyl|Unnerve\n|turn|1\n|inactive|tastyfloop has 30 seconds left.\n|inactive|tastyfloop has 20 seconds left.\n|inactive|tastyfloop has 15 seconds left.\n|inactive|tastyfloop has 10 seconds left.\n|\n|t:|1775979203\n|switch|p1b: Pelipper|Pelipper, L50, F|100/100\n|-weather|RainDance|[from] ability: Drizzle|[of] p1b: Pelipper\n|move|p2a: Aerodactyl|Protect|p2a: Aerodactyl\n|-singleturn|p2a: Aerodactyl|Protect\n|move|p2b: Garchomp|Protect|p2b: Garchomp\n|-singleturn|p2b: Garchomp|Protect\n|move|p1a: Sneasler|Fake Out|p2b: Garchomp\n|-activate|p2b: Garchomp|move: Protect\n|\n|-weather|RainDance|[upkeep]\n|upkeep\n|turn|2\n|\n|t:|1775979232\n|move|p1a: Sneasler|Protect|p1a: Sneasler\n|-singleturn|p1a: Sneasler|Protect\n|move|p2a: Aerodactyl|Rock Slide|p1b: Pelipper|[spread] p1b\n|-activate|p1a: Sneasler|move: Protect\n|-supereffective|p1b: Pelipper|1\n|-damage|p1b: Pelipper|29/100\n|move|p2b: Garchomp|Stomping Tantrum|p1a: Sneasler\n|-activate|p1a: Sneasler|move: Protect\n|move|p1b: Pelipper|Tailwind|p1b: Pelipper\n|-sidestart|p1: tastyfloop|move: Tailwind\n|\n|-weather|RainDance|[upkeep]\n|upkeep\n|turn|3\n|j| gE1xjZRtuhW2DdT0AK\n|\n|t:|1775979252\n|move|p2a: Aerodactyl|Protect|p2a: Aerodactyl\n|-singleturn|p2a: Aerodactyl|Protect\n|move|p2b: Garchomp|Protect|p2b: Garchomp\n|-singleturn|p2b: Garchomp|Protect\n|move|p1a: Sneasler|Close Combat|p2b: Garchomp\n|-activate|p2b: Garchomp|move: Protect\n|move|p1b: Pelipper|Hurricane|p2b: Garchomp\n|-activate|p2b: Garchomp|move: Protect\n|\n|-weather|RainDance|[upkeep]\n|upkeep\n|turn|4\n|\n|t:|1775979270\n|switch|p1b: Archaludon|Archaludon, L50, M|100/100\n|move|p1a: Sneasler|Protect|p1a: Sneasler\n|-singleturn|p1a: Sneasler|Protect\n|move|p2a: Aerodactyl|Dual Wingbeat|p1a: Sneasler\n|-activate|p1a: Sneasler|move: Protect\n|move|p2b: Garchomp|Stomping Tantrum|p1a: Sneasler\n|-activate|p1a: Sneasler|move: Protect\n|\n|-weather|RainDance|[upkeep]\n|upkeep\n|turn|5\n|inactive|tastyfloop has 30 seconds left.\n|inactive|tastyfloop has 20 seconds left.\n|\n|t:|1775979309\n|move|p2a: Aerodactyl|Protect|p2a: Aerodactyl\n|-singleturn|p2a: Aerodactyl|Protect\n|move|p2b: Garchomp|Protect|p2b: Garchomp\n|-singleturn|p2b: Garchomp|Protect\n|move|p1a: Sneasler|Close Combat|p2b: Garchomp\n|-activate|p2b: Garchomp|move: Protect\n|move|p1b: Archaludon|Electro Shot||[still]\n|-prepare|p1b: Archaludon|Electro Shot\n|-boost|p1b: Archaludon|spa|1\n|-anim|p1b: Archaludon|Electro Shot|p2a: Aerodactyl\n|-activate|p2a: Aerodactyl|move: Protect\n|\n|-weather|none\n|-sideend|p1: tastyfloop|move: Tailwind\n|upkeep\n|turn|6\n|j| botguy\n|\n|t:|1775979327\n|move|p1b: Archaludon|Protect|p1b: Archaludon\n|-singleturn|p1b: Archaludon|Protect\n|move|p2a: Aerodactyl|Tailwind|p2a: Aerodactyl\n|-sidestart|p2: ConnerTEP|move: Tailwind\n|move|p2b: Garchomp|Earthquake|p1b: Archaludon|[spread] p1a\n|-activate|p1b: Archaludon|move: Protect\n|-immune|p2a: Aerodactyl\n|-supereffective|p1a: Sneasler|1\n|-crit|p1a: Sneasler\n|-damage|p1a: Sneasler|0 fnt\n|faint|p1a: Sneasler\n|\n|upkeep\n|\n|t:|1775979339\n|switch|p1a: Pelipper|Pelipper, L50, F|29/100\n|-weather|RainDance|[from] ability: Drizzle|[of] p1a: Pelipper\n|turn|7\n|\n|t:|1775979350\n|move|p2a: Aerodactyl|Dual Wingbeat|p1a: Pelipper\n|-damage|p1a: Pelipper|7/100\n|-damage|p1a: Pelipper|0 fnt\n|faint|p1a: Pelipper\n|-hitcount|p1: Pelipper|2\n|move|p2b: Garchomp|Stomping Tantrum|p1b: Archaludon\n|-supereffective|p1b: Archaludon|1\n|-damage|p1b: Archaludon|35/100\n|move|p1b: Archaludon|Electro Shot||[still]\n|-prepare|p1b: Archaludon|Electro Shot\n|-boost|p1b: Archaludon|spa|1\n|-anim|p1b: Archaludon|Electro Shot|p2a: Aerodactyl\n|-supereffective|p2a: Aerodactyl|1\n|-enditem|p2a: Aerodactyl|Focus Sash\n|-damage|p2a: Aerodactyl|1/100\n|\n|-weather|RainDance|[upkeep]\n|-heal|p1b: Archaludon|41/100|[from] item: Leftovers\n|upkeep\n|\n|t:|1775979366\n|switch|p1a: Gengar|Gengar, L50, M|100/100\n|turn|8\n|\n|t:|1775979380\n|detailschange|p1a: Gengar|Gengar-Mega, L50, M\n|-mega|p1a: Gengar|Gengar|Gengarite\n|move|p1b: Archaludon|Protect|p1b: Archaludon\n|-singleturn|p1b: Archaludon|Protect\n|move|p2a: Aerodactyl|Dual Wingbeat|p1a: Gengar\n|-damage|p1a: Gengar|75/100\n|-damage|p1a: Gengar|46/100\n|-hitcount|p1a: Gengar|2\n|move|p2b: Garchomp|Earthquake|p1a: Gengar|[spread] p1a\n|-activate|p1b: Archaludon|move: Protect\n|-immune|p2a: Aerodactyl\n|-supereffective|p1a: Gengar|1\n|-damage|p1a: Gengar|0 fnt\n|faint|p1a: Gengar\n|\n|-weather|RainDance|[upkeep]\n|-heal|p1b: Archaludon|47/100|[from] item: Leftovers\n|upkeep\n|turn|9\n|j| Poggibonsi WOW\n|c|\u2606tastyfloop|ggs\n|c|\u2606ConnerTEP|gg\n|-message|tastyfloop forfeited.\n|\n|win|ConnerTEP\n|raw|tastyfloop's rating: 1317 &rarr; <strong>1306</strong><br />(-11 for losing)\n|raw|ConnerTEP's rating: 1492 &rarr; <strong>1503</strong><br />(+11 for winning)\n|l| botguy\n|l|\u2606ConnerTEP\n|player|p2|\n|l| Poggibonsi WOW\n|l|\u2606tastyfloop\n|player|p1|\n",
  "uploadtime": 1775979497,
  "views": 44,
  "formatid": "gen9championsvgc2026regma",
  "rating": 1306,
  "private": 0,
  "password": null
}