{
  "id": "gen9championsvgc2026regma-2582733125",
  "format": "[Gen 9 Champions] VGC 2026 Reg M-A",
  "players": [
    "dr cheesiums",
    "magdalium"
  ],
  "log": "|j|\u2606dr cheesiums\n|j|\u2606magdalium\n|t:|1776110336\n|gametype|doubles\n|player|p1|dr cheesiums|2|\n|player|p2|magdalium|bugcatcher-gen4dp|\n|gen|9\n|tier|[Gen 9 Champions] VGC 2026 Reg M-A\n|rule|Species Clause: Limit one of each Pok\u00e9mon\n|rule|Item Clause: Limit 1 of each item\n|clearpoke\n|poke|p1|Crabominable, L50, M|\n|poke|p1|Abomasnow, L50, M|\n|poke|p1|Incineroar, L50, F|\n|poke|p1|Farigiraf, L50, M|\n|poke|p1|Venusaur, L50, M|\n|poke|p1|Torkoal, L50, F|\n|poke|p2|Floette-Eternal, L50, F|\n|poke|p2|Incineroar, L50, F|\n|poke|p2|Maushold, L50|\n|poke|p2|Corviknight, L50, M|\n|poke|p2|Dragapult, L50, F|\n|poke|p2|Sneasler, L50, M|\n|teampreview|4\n|inactive|Battle timer is ON: inactive players will automatically lose when time's up. (requested by dr cheesiums)\n|inactive|magdalium has 60 seconds left.\n|\n|t:|1776110381\n|teamsize|p1|4\n|teamsize|p2|4\n|start\n|switch|p1a: Incineroar|Incineroar, L50, F|100/100\n|switch|p1b: Farigiraf|Farigiraf, L50, M|100/100\n|switch|p2a: Maushold|Maushold, L50|100/100\n|switch|p2b: Incineroar|Incineroar, L50, F|100/100\n|-ability|p1a: Incineroar|Intimidate|boost\n|-unboost|p2a: Maushold|atk|1\n|-unboost|p2b: Incineroar|atk|1\n|-ability|p2b: Incineroar|Intimidate|boost\n|-unboost|p1a: Incineroar|atk|1\n|-unboost|p1b: Farigiraf|atk|1\n|turn|1\n|\n|t:|1776110401\n|move|p1a: Incineroar|Fake Out|p2a: Maushold\n|-damage|p2a: Maushold|89/100\n|cant|p2a: Maushold|flinch\n|move|p2b: Incineroar|Parting Shot|p1b: Farigiraf\n|-unboost|p1b: Farigiraf|atk|1\n|-unboost|p1b: Farigiraf|spa|1\n|\n|t:|1776110408\n|switch|p2b: Floette|Floette-Eternal, L50, F|100/100|[from] Parting Shot\n|move|p1b: Farigiraf|Trick Room|p1b: Farigiraf\n|-fieldstart|move: Trick Room|[of] p1b: Farigiraf\n|\n|upkeep\n|turn|2\n|\n|t:|1776110415\n|detailschange|p2b: Floette|Floette-Mega, L50, F\n|-mega|p2b: Floette|Floette|Floettite\n|-ability|p2b: Floette|Fairy Aura\n|move|p2a: Maushold|Follow Me|p2a: Maushold\n|-singleturn|p2a: Maushold|move: Follow Me\n|move|p1b: Farigiraf|Baton Pass|p1b: Farigiraf\n|\n|t:|1776110422\n|switch|p1b: Goku|Crabominable, L50, M, shiny|100/100|[from] Baton Pass\n|move|p1a: Incineroar|Parting Shot|p2a: Maushold\n|-unboost|p2a: Maushold|atk|1\n|-unboost|p2a: Maushold|spa|1\n|\n|t:|1776110424\n|switch|p1a: Piccolo|Abomasnow, L50, M, shiny|100/100|[from] Parting Shot\n|-weather|Snowscape|[from] ability: Snow Warning|[of] p1a: Piccolo\n|move|p2b: Floette|Calm Mind|p2b: Floette\n|-boost|p2b: Floette|spa|1\n|-boost|p2b: Floette|spd|1\n|\n|-weather|Snowscape|[upkeep]\n|upkeep\n|turn|3\n|c|\u2606magdalium|???\n|\n|t:|1776110432\n|detailschange|p1b: Goku|Crabominable-Mega, L50, M, shiny\n|-mega|p1b: Goku|Crabominable|Crabominite\n|move|p2a: Maushold|Follow Me|p2a: Maushold\n|-singleturn|p2a: Maushold|move: Follow Me\n|move|p1b: Goku|Ice Hammer|p2a: Maushold\n|-damage|p2a: Maushold|44/100\n|-unboost|p1b: Goku|spe|1\n|move|p1a: Piccolo|Frost Breath|p2a: Maushold\n|-crit|p2a: Maushold\n|-damage|p2a: Maushold|11/100\n|move|p2b: Floette|Moonblast|p1b: Goku\n|-supereffective|p1b: Goku|1\n|-damage|p1b: Goku|0 fnt\n|faint|p1b: Goku\n|\n|-weather|Snowscape|[upkeep]\n|upkeep\n|c|\u2606magdalium|you're actually so bad\n|inactive|dr cheesiums has 30 seconds left.\n|inactive|dr cheesiums has 20 seconds left.\n|c|\u2606magdalium|you did\n|inactive|dr cheesiums has 15 seconds left.\n|\n|t:|1776110477\n|switch|p1b: Incineroar|Incineroar, L50, F|100/100\n|-ability|p1b: Incineroar|Intimidate|boost\n|-unboost|p2a: Maushold|atk|1\n|-unboost|p2b: Floette|atk|1\n|turn|4\n|c|\u2606magdalium|that's so funny\n|c|\u2606magdalium|I clicked follow me though\n|\n|t:|1776110489\n|switch|p2a: Incineroar|Incineroar, L50, F|100/100\n|-ability|p2a: Incineroar|Intimidate|boost\n|-unboost|p1a: Piccolo|atk|1\n|-unboost|p1b: Incineroar|atk|1\n|move|p2b: Floette|Protect|p2b: Floette\n|-singleturn|p2b: Floette|Protect\n|move|p1b: Incineroar|Fake Out|p2a: Incineroar\n|-damage|p2a: Incineroar|94/100\n|move|p1a: Piccolo|Giga Drain|p2a: Incineroar\n|-resisted|p2a: Incineroar|1\n|-damage|p2a: Incineroar|83/100\n|\n|-weather|Snowscape|[upkeep]\n|upkeep\n|turn|5\n|c|\u2606magdalium|so it didn't matter\n|-message|dr cheesiums forfeited.\n|\n|win|magdalium\n|l|\u2606dr cheesiums\n|player|p1|\n",
  "uploadtime": 1776110510,
  "views": 18,
  "formatid": "gen9championsvgc2026regma",
  "rating": null,
  "private": 0,
  "password": null
}