{
  "id": "gen9championsvgc2026regma-2585420730",
  "format": "[Gen 9 Champions] VGC 2026 Reg M-A",
  "players": [
    "Fish112233",
    "LovelyLizardLad"
  ],
  "log": "|j|\u2606Fish112233\n|j|\u203dLovelyLizardLad\n|t:|1776346085\n|gametype|doubles\n|player|p1|Fish112233|2|1427\n|player|p2|LovelyLizardLad|red|1420\n|gen|9\n|tier|[Gen 9 Champions] VGC 2026 Reg M-A\n|rated|\n|rule|Species Clause: Limit one of each Pok\u00e9mon\n|rule|Item Clause: Limit 1 of each item\n|clearpoke\n|poke|p1|Aerodactyl, L50, M|\n|poke|p1|Typhlosion-Hisui, L50, M|\n|poke|p1|Tauros-Paldea-Aqua, L50, M|\n|poke|p1|Dragonite, L50, F|\n|poke|p1|Sneasler, L50, F|\n|poke|p1|Meganium, L50, F|\n|poke|p2|Noivern, L50, F|\n|poke|p2|Glimmora, L50, M|\n|poke|p2|Kingambit, L50, F|\n|poke|p2|Garchomp, L50, M|\n|poke|p2|Basculegion, L50, M|\n|poke|p2|Gardevoir, L50, M|\n|teampreview|4\n|inactive|Battle timer is ON: inactive players will automatically lose when time's up. (requested by Fish112233)\n|j| VivPlays\n|inactive|Fish112233 has 60 seconds left.\n|inactive|LovelyLizardLad has 60 seconds left.\n|\n|t:|1776346136\n|teamsize|p1|4\n|teamsize|p2|4\n|start\n|switch|p1a: Aerodactyl|Aerodactyl, L50, M|100/100\n|switch|p1b: Dragonite|Dragonite, L50, F|100/100\n|switch|p2a: Noivern|Noivern, L50, F|100/100\n|switch|p2b: Gardevoir|Gardevoir, L50, M|100/100\n|-ability|p1a: Aerodactyl|Unnerve\n|turn|1\n|\n|t:|1776346156\n|switch|p1b: Typhlosion|Typhlosion-Hisui, L50, M|100/100\n|-item|p2a: Noivern|Sitrus Berry|[from] ability: Frisk|[of] p1b: Typhlosion\n|-item|p2b: Gardevoir|Choice Scarf|[from] ability: Frisk|[of] p1b: Typhlosion\n|move|p1a: Aerodactyl|Tailwind|p1a: Aerodactyl\n|-sidestart|p1: Fish112233|move: Tailwind\n|move|p2b: Gardevoir|Icy Wind|p1b: Typhlosion|[spread] p1b\n|-miss|p2b: Gardevoir|p1a: Aerodactyl\n|-resisted|p1b: Typhlosion|1\n|-damage|p1b: Typhlosion|90/100\n|-unboost|p1b: Typhlosion|spe|1\n|move|p2a: Noivern|Tailwind|p2a: Noivern\n|-sidestart|p2: LovelyLizardLad|move: Tailwind\n|\n|upkeep\n|turn|2\n|\n|t:|1776346177\n|move|p1a: Aerodactyl|Rock Slide|p2b: Gardevoir|[spread] p2a,p2b\n|-supereffective|p2a: Noivern|1\n|-damage|p2a: Noivern|47/100\n|-damage|p2b: Gardevoir|61/100\n|cant|p2b: Gardevoir|flinch\n|move|p2a: Noivern|Air Slash|p1b: Typhlosion\n|-damage|p1b: Typhlosion|54/100\n|move|p1b: Typhlosion|Heat Wave|p2a: Noivern|[spread] p2a,p2b\n|-resisted|p2a: Noivern|1\n|-damage|p2a: Noivern|25/100\n|-damage|p2b: Gardevoir|19/100\n|-status|p2a: Noivern|brn\n|\n|-damage|p2a: Noivern|19/100 brn|[from] brn\n|upkeep\n|turn|3\n|\n|t:|1776346197\n|switch|p1b: Dragonite|Dragonite, L50, F|100/100\n|move|p1a: Aerodactyl|Rock Slide|p2a: Noivern|[spread] p2a,p2b\n|-supereffective|p2a: Noivern|1\n|-damage|p2a: Noivern|0 fnt\n|-damage|p2b: Gardevoir|0 fnt\n|faint|p2a: Noivern\n|faint|p2b: Gardevoir\n|\n|upkeep\n|\n|t:|1776346204\n|switch|p2a: Glimmora|Glimmora, L50, M|100/100\n|switch|p2b: Garchomp|Garchomp, L50, M|100/100\n|turn|4\n|inactive|LovelyLizardLad has 30 seconds left.\n|inactive|LovelyLizardLad has 20 seconds left.\n|inactive|LovelyLizardLad has 15 seconds left.\n|\n|t:|1776346247\n|detailschange|p2a: Glimmora|Glimmora-Mega, L50, M\n|-mega|p2a: Glimmora|Glimmora|Glimmoranite\n|move|p1a: Aerodactyl|Protect|p1a: Aerodactyl\n|-singleturn|p1a: Aerodactyl|Protect\n|move|p2b: Garchomp|Dragon Claw|p1b: Dragonite\n|-supereffective|p1b: Dragonite|1\n|-damage|p1b: Dragonite|54/100\n|move|p2a: Glimmora|Power Gem|p1b: Dragonite\n|-supereffective|p1b: Dragonite|1\n|-damage|p1b: Dragonite|0 fnt\n|faint|p1b: Dragonite\n|\n|-sideend|p1: Fish112233|move: Tailwind\n|-sideend|p2: LovelyLizardLad|move: Tailwind\n|upkeep\n|\n|t:|1776346264\n|switch|p1b: Sneasler|Sneasler, L50, F|100/100\n|turn|5\n|\n|t:|1776346274\n|move|p2b: Garchomp|Protect|p2b: Garchomp\n|-singleturn|p2b: Garchomp|Protect\n|move|p1a: Aerodactyl|Tailwind|p1a: Aerodactyl\n|-sidestart|p1: Fish112233|move: Tailwind\n|move|p1b: Sneasler|Close Combat|p2b: Garchomp\n|-activate|p2b: Garchomp|move: Protect\n|move|p2a: Glimmora|Sludge Wave|p1b: Sneasler|[spread] p1a,p1b\n|-activate|p2b: Garchomp|move: Protect\n|-resisted|p1a: Aerodactyl|1\n|-resisted|p1b: Sneasler|1\n|-damage|p1a: Aerodactyl|60/100\n|-damage|p1b: Sneasler|57/100\n|\n|upkeep\n|turn|6\n|\n|t:|1776346297\n|move|p1a: Aerodactyl|Rock Slide|p2a: Glimmora|[spread] p2a\n|-miss|p1a: Aerodactyl|p2b: Garchomp\n|-crit|p2a: Glimmora\n|-damage|p2a: Glimmora|61/100\n|move|p1b: Sneasler|Close Combat|p2b: Garchomp\n|-damage|p2b: Garchomp|29/100\n|-unboost|p1b: Sneasler|def|1\n|-unboost|p1b: Sneasler|spd|1\n|-damage|p1b: Sneasler|45/100|[from] ability: Rough Skin|[of] p2b: Garchomp\n|-enditem|p1b: Sneasler|White Herb\n|-clearnegativeboost|p1b: Sneasler|[silent]\n|move|p2b: Garchomp|Stomping Tantrum|p1b: Sneasler\n|-supereffective|p1b: Sneasler|1\n|-damage|p1b: Sneasler|0 fnt\n|faint|p1b: Sneasler\n|move|p2a: Glimmora|Power Gem|p1a: Aerodactyl\n|-supereffective|p1a: Aerodactyl|1\n|-damage|p1a: Aerodactyl|0 fnt\n|faint|p1a: Aerodactyl\n|\n|upkeep\n|\n|t:|1776346319\n|switch|p1a: Typhlosion|Typhlosion-Hisui, L50, M|54/100\n|-item|p2a: Glimmora|Glimmoranite|[from] ability: Frisk|[of] p1a: Typhlosion\n|-item|p2b: Garchomp|Soft Sand|[from] ability: Frisk|[of] p1a: Typhlosion\n|turn|7\n|\n|t:|1776346334\n|move|p2b: Garchomp|Protect|p2b: Garchomp\n|-singleturn|p2b: Garchomp|Protect\n|move|p2a: Glimmora|Spiky Shield|p2a: Glimmora\n|-singleturn|p2a: Glimmora|move: Protect\n|move|p1a: Typhlosion|Overheat|p2a: Glimmora\n|-activate|p2a: Glimmora|move: Protect\n|\n|upkeep\n|turn|8\n|-message|Fish112233 forfeited.\n|\n|win|LovelyLizardLad\n|raw|Fish112233's rating: 1427 &rarr; <strong>1407</strong><br />(-20 for losing)\n|raw|LovelyLizardLad's rating: 1420 &rarr; <strong>1440</strong><br />(+20 for winning)\n|l|\u2606Fish112233\n|player|p1|\n",
  "uploadtime": 1776346342,
  "views": 52,
  "formatid": "gen9championsvgc2026regma",
  "rating": 1407,
  "private": 0,
  "password": null
}