{
  "id": "gen9championsvgc2026regma-2587149778",
  "format": "[Gen 9 Champions] VGC 2026 Reg M-A",
  "players": [
    "Stillhung",
    "stggi"
  ],
  "log": "|j|\u2606Stillhung\n|j|\u2606stggi\n|t:|1776500713\n|gametype|doubles\n|player|p1|Stillhung|2|1146\n|player|p2|stggi|iris-gen5bw2|1179\n|gen|9\n|tier|[Gen 9 Champions] VGC 2026 Reg M-A\n|rated|\n|rule|Species Clause: Limit one of each Pok\u00e9mon\n|rule|Item Clause: Limit 1 of each item\n|clearpoke\n|poke|p1|Kangaskhan, L50, F|\n|poke|p1|Sneasler, L50, M, shiny|\n|poke|p1|Whimsicott, L50, M|\n|poke|p1|Ninetales, L50, F, shiny|\n|poke|p1|Garchomp, L50, F|\n|poke|p1|Arcanine-Hisui, L50, M|\n|poke|p2|Whimsicott, L50, M|\n|poke|p2|Tyranitar, L50, M, shiny|\n|poke|p2|Excadrill, L50, M, shiny|\n|poke|p2|Basculegion, L50, M, shiny|\n|poke|p2|Froslass, L50, F, shiny|\n|poke|p2|Sinistcha, L50, shiny|\n|teampreview|4\n|inactive|Battle timer is ON: inactive players will automatically lose when time's up. (requested by stggi)\n|\n|t:|1776500739\n|teamsize|p1|4\n|teamsize|p2|4\n|start\n|switch|p1a: Whimsicott|Whimsicott, L50, M|100/100\n|switch|p1b: Kangaskhan|Kangaskhan, L50, F|100/100\n|switch|p2a: Sinistcha|Sinistcha, L50, shiny|100/100\n|switch|p2b: Basculegion|Basculegion, L50, M, shiny|100/100\n|turn|1\n|inactive|Stillhung has 30 seconds left.\n|inactive|stggi has 30 seconds left.\n|\n|t:|1776500769\n|detailschange|p1b: Kangaskhan|Kangaskhan-Mega, L50, F\n|-mega|p1b: Kangaskhan|Kangaskhan|Kangaskhanite\n|move|p1a: Whimsicott|Sunny Day|p1a: Whimsicott\n|-weather|SunnyDay\n|move|p1b: Kangaskhan|Sucker Punch|p2b: Basculegion\n|-supereffective|p2b: Basculegion|1\n|-damage|p2b: Basculegion|43/100\n|-supereffective|p2b: Basculegion|1\n|-damage|p2b: Basculegion|28/100\n|-hitcount|p2b: Basculegion|2\n|move|p2b: Basculegion|Ice Fang|p1a: Whimsicott\n|-supereffective|p1a: Whimsicott|1\n|-damage|p1a: Whimsicott|53/100\n|move|p2a: Sinistcha|Shadow Ball|p1a: Whimsicott\n|-damage|p1a: Whimsicott|0 fnt\n|faint|p1a: Whimsicott\n|\n|-weather|SunnyDay|[upkeep]\n|upkeep\n|\n|t:|1776500782\n|switch|p1a: Ninetales|Ninetales, L50, F, shiny|100/100\n|turn|2\n|\n|t:|1776500798\n|switch|p2b: Tyranitar|Tyranitar, L50, M, shiny|100/100\n|-weather|Sandstorm|[from] ability: Sand Stream|[of] p2b: Tyranitar\n|switch|p1b: Sneasler|Sneasler, L50, M, shiny|100/100\n|move|p1a: Ninetales|Heat Wave|p2a: Sinistcha|[spread] p2a\n|-miss|p1a: Ninetales|p2b: Tyranitar\n|-supereffective|p2a: Sinistcha|1\n|-damage|p2a: Sinistcha|0 fnt\n|faint|p2a: Sinistcha\n|\n|-weather|Sandstorm|[upkeep]\n|-damage|p1b: Sneasler|94/100|[from] Sandstorm\n|-damage|p1a: Ninetales|94/100|[from] Sandstorm\n|upkeep\n|\n|t:|1776500815\n|switch|p2a: Basculegion|Basculegion, L50, M, shiny|28/100\n|turn|3\n|\n|t:|1776500825\n|switch|p1a: Kangaskhan|Kangaskhan-Mega, L50, F|100/100\n|move|p2a: Basculegion|Flip Turn|p1a: Kangaskhan\n|-damage|p1a: Kangaskhan|72/100\n|\n|t:|1776500831\n|switch|p2a: Excadrill|Excadrill, L50, M, shiny|100/100|[from] Flip Turn\n|move|p1b: Sneasler|Close Combat|p2b: Tyranitar\n|-supereffective|p2b: Tyranitar|2\n|-damage|p2b: Tyranitar|0 fnt\n|-unboost|p1b: Sneasler|def|1\n|-unboost|p1b: Sneasler|spd|1\n|faint|p2b: Tyranitar\n|-enditem|p1b: Sneasler|White Herb\n|-clearnegativeboost|p1b: Sneasler|[silent]\n|\n|-weather|Sandstorm|[upkeep]\n|-damage|p1b: Sneasler|88/100|[from] Sandstorm\n|-damage|p1a: Kangaskhan|66/100|[from] Sandstorm\n|upkeep\n|\n|t:|1776500845\n|switch|p2b: Basculegion|Basculegion, L50, M, shiny|28/100\n|turn|4\n|\n|t:|1776500857\n|move|p1a: Kangaskhan|Fake Out|p2a: Excadrill\n|-resisted|p2a: Excadrill|1\n|-damage|p2a: Excadrill|87/100\n|-resisted|p2a: Excadrill|1\n|-damage|p2a: Excadrill|83/100\n|-hitcount|p2a: Excadrill|2\n|move|p1b: Sneasler|Close Combat|p2a: Excadrill\n|-supereffective|p2a: Excadrill|1\n|-damage|p2a: Excadrill|0 fnt\n|-unboost|p1b: Sneasler|def|1\n|-unboost|p1b: Sneasler|spd|1\n|faint|p2a: Excadrill\n|move|p2b: Basculegion|Last Respects|p1b: Sneasler\n|-damage|p1b: Sneasler|0 fnt\n|faint|p1b: Sneasler\n|\n|-weather|Sandstorm|[upkeep]\n|-damage|p2b: Basculegion|22/100|[from] Sandstorm\n|-damage|p1a: Kangaskhan|60/100|[from] Sandstorm\n|upkeep\n|\n|t:|1776500870\n|switch|p1b: Ninetales|Ninetales, L50, F, shiny|94/100\n|-weather|SunnyDay|[from] ability: Drought|[of] p1b: Ninetales\n|turn|5\n|-message|stggi forfeited.\n|\n|win|Stillhung\n|raw|Stillhung's rating: 1146 &rarr; <strong>1173</strong><br />(+27 for winning)\n|raw|stggi's rating: 1179 &rarr; <strong>1152</strong><br />(-27 for losing)\n|l|\u2606stggi\n|player|p2|\n",
  "uploadtime": 1776500876,
  "views": 34,
  "formatid": "gen9championsvgc2026regma",
  "rating": 1152,
  "private": 0,
  "password": null
}