{
  "id": "gen9championsvgc2026regma-2583136223",
  "format": "[Gen 9 Champions] VGC 2026 Reg M-A",
  "players": [
    "stewpeed",
    "I\u2764\ufe0f\u5a1c\u7984Forever"
  ],
  "log": "|j|\u2606stewpeed\n|j|\u2606I\u2764\ufe0f\u5a1c\u7984Forever\n|t:|1776146389\n|gametype|doubles\n|player|p1|stewpeed|grimsley|1335\n|player|p2|I\u2764\ufe0f\u5a1c\u7984Forever|youngcouple-gen4dp|1338\n|gen|9\n|tier|[Gen 9 Champions] VGC 2026 Reg M-A\n|rated|\n|rule|Species Clause: Limit one of each Pok\u00e9mon\n|rule|Item Clause: Limit 1 of each item\n|clearpoke\n|poke|p1|Oranguru, L50, M|\n|poke|p1|Sinistcha, L50|\n|poke|p1|Incineroar, L50, M|\n|poke|p1|Crabominable, L50, F|\n|poke|p1|Primarina, L50, F|\n|poke|p1|Camerupt, L50, M|\n|poke|p2|Sylveon, L50, F|\n|poke|p2|Wyrdeer, L50, M|\n|poke|p2|Whimsicott, L50, M|\n|poke|p2|Archaludon, L50, F|\n|poke|p2|Blastoise, L50, M|\n|poke|p2|Aegislash, L50, M|\n|teampreview|4\n|\n|t:|1776146441\n|teamsize|p1|4\n|teamsize|p2|4\n|start\n|switch|p1a: Oranguru|Oranguru, L50, M|100/100\n|switch|p1b: Primarina|Primarina, L50, F|100/100\n|switch|p2a: Neko Neko.NeNe|Sylveon, L50, F|100/100\n|switch|p2b: Blastoise|Blastoise, L50, M|100/100\n|turn|1\n|\n|t:|1776146457\n|detailschange|p2b: Blastoise|Blastoise-Mega, L50, M\n|-mega|p2b: Blastoise|Blastoise|Blastoisinite\n|move|p2b: Blastoise|Water Spout|p1b: Primarina|[spread] p1a,p1b\n|-resisted|p1b: Primarina|1\n|-damage|p1a: Oranguru|52/100\n|-damage|p1b: Primarina|73/100\n|move|p1b: Primarina|Calm Mind|p1b: Primarina\n|-boost|p1b: Primarina|spa|1\n|-boost|p1b: Primarina|spd|1\n|move|p2a: Neko Neko.NeNe|Hyper Voice|p1b: Primarina|[spread] p1a,p1b\n|-damage|p1a: Oranguru|18/100\n|-damage|p1b: Primarina|47/100\n|move|p1a: Oranguru|Trick Room|p1a: Oranguru\n|-fieldstart|move: Trick Room|[of] p1a: Oranguru\n|\n|upkeep\n|turn|2\n|inactive|Battle timer is ON: inactive players will automatically lose when time's up. (requested by stewpeed)\n|\n|t:|1776146498\n|move|p1a: Oranguru|Instruct|p1b: Primarina\n|-singleturn|p1b: Primarina|move: Instruct|[of] p1a: Oranguru\n|move|p1b: Primarina|Calm Mind|p1b: Primarina\n|-boost|p1b: Primarina|spa|1\n|-boost|p1b: Primarina|spd|1\n|move|p2a: Neko Neko.NeNe|Hyper Voice|p1b: Primarina|[spread] p1a,p1b\n|-damage|p1a: Oranguru|0 fnt\n|-damage|p1b: Primarina|27/100\n|faint|p1a: Oranguru\n|move|p1b: Primarina|Draining Kiss|p2b: Blastoise\n|-damage|p2b: Blastoise|60/100\n|-heal|p1b: Primarina|60/100|[from] drain|[of] p2b: Blastoise\n|move|p2b: Blastoise|Dark Pulse|p1b: Primarina\n|-resisted|p1b: Primarina|1\n|-damage|p1b: Primarina|51/100\n|\n|upkeep\n|\n|t:|1776146512\n|switch|p1a: Incineroar|Incineroar, L50, M|100/100\n|-ability|p1a: Incineroar|Intimidate|boost\n|-unboost|p2a: Neko Neko.NeNe|atk|1\n|-unboost|p2b: Blastoise|atk|1\n|turn|3\n|\n|t:|1776146530\n|switch|p2b: Aegislash|Aegislash, L50, M|100/100\n|move|p2a: Neko Neko.NeNe|Protect|p2a: Neko Neko.NeNe\n|-singleturn|p2a: Neko Neko.NeNe|Protect\n|move|p1a: Incineroar|Fake Out|p2b: Aegislash\n|-immune|p2b: Aegislash\n|move|p1b: Primarina|Calm Mind|p1b: Primarina\n|-boost|p1b: Primarina|spa|1\n|-boost|p1b: Primarina|spd|1\n|\n|upkeep\n|turn|4\n|\n|t:|1776146543\n|move|p2a: Neko Neko.NeNe|Hyper Voice|p1b: Primarina|[spread] p1a,p1b\n|-damage|p1a: Incineroar|65/100\n|-damage|p1b: Primarina|37/100\n|move|p2b: Aegislash|Substitute|p2b: Aegislash\n|-start|p2b: Aegislash|Substitute\n|-damage|p2b: Aegislash|76/100\n|move|p1b: Primarina|Hyper Voice|p2a: Neko Neko.NeNe|[spread] p2a,p2b\n|-damage|p2a: Neko Neko.NeNe|27/100\n|-damage|p2b: Aegislash|5/100\n|move|p1a: Incineroar|Will-O-Wisp||[still]\n|-fail|p1a: Incineroar\n|\n|-heal|p2b: Aegislash|11/100|[from] item: Leftovers\n|upkeep\n|turn|5\n|\n|t:|1776146568\n|-formechange|p2b: Aegislash|Aegislash-Blade|\n|move|p2b: Aegislash|Iron Head|p1b: Primarina\n|-damage|p1b: Primarina|0 fnt\n|faint|p1b: Primarina\n|move|p2a: Neko Neko.NeNe|Hyper Voice|p1a: Incineroar\n|-damage|p1a: Incineroar|20/100\n|-enditem|p1a: Incineroar|Sitrus Berry|[eat]\n|-heal|p1a: Incineroar|45/100|[from] item: Sitrus Berry\n|move|p1a: Incineroar|Darkest Lariat|p2b: Aegislash\n|-supereffective|p2b: Aegislash|1\n|-end|p2b: Aegislash|Substitute\n|\n|-heal|p2b: Aegislash|17/100|[from] item: Leftovers\n|-fieldend|move: Trick Room\n|upkeep\n|\n|t:|1776146572\n|switch|p1b: Camerupt|Camerupt, L50, M|100/100\n|turn|6\n|\n|t:|1776146589\n|detailschange|p1b: Camerupt|Camerupt-Mega, L50, M\n|-mega|p1b: Camerupt|Camerupt|Cameruptite\n|-formechange|p2b: Aegislash|Aegislash|\n|move|p2b: Aegislash|King's Shield|p2b: Aegislash\n|-singleturn|p2b: Aegislash|Protect\n|move|p1a: Incineroar|Darkest Lariat|p2a: Neko Neko.NeNe\n|-resisted|p2a: Neko Neko.NeNe|1\n|-damage|p2a: Neko Neko.NeNe|9/100\n|move|p2a: Neko Neko.NeNe|Hyper Voice|p1a: Incineroar|[spread] p1a,p1b\n|-resisted|p1b: Camerupt|1\n|-damage|p1a: Incineroar|7/100\n|-damage|p1b: Camerupt|78/100\n|move|p1b: Camerupt|Flamethrower|p2a: Neko Neko.NeNe\n|-damage|p2a: Neko Neko.NeNe|0 fnt\n|faint|p2a: Neko Neko.NeNe\n|\n|-heal|p2b: Aegislash|23/100|[from] item: Leftovers\n|upkeep\n|\n|t:|1776146605\n|switch|p2a: Archaludon|Archaludon, L50, F|100/100\n|turn|7\n|-message|stewpeed forfeited.\n|\n|win|I\u2764\ufe0f\u5a1c\u7984Forever\n|raw|stewpeed's rating: 1335 &rarr; <strong>1315</strong><br />(-20 for losing)\n|raw|I\u2764\ufe0f\u5a1c\u7984Forever's rating: 1338 &rarr; <strong>1358</strong><br />(+20 for winning)\n",
  "uploadtime": 1776146609,
  "views": 31,
  "formatid": "gen9championsvgc2026regma",
  "rating": 1315,
  "private": 0,
  "password": null
}