{
  "id": "gen9championsvgc2026regma-2581695712",
  "format": "[Gen 9 Champions] VGC 2026 Reg M-A",
  "players": [
    "Sad man sam",
    "oliverroosevelt"
  ],
  "log": "|j|\u2606Sad man sam\n|j|\u2606oliverroosevelt\n|t:|1776021382\n|gametype|doubles\n|player|p1|Sad man sam|burglar|1046\n|player|p2|oliverroosevelt|266|1035\n|gen|9\n|tier|[Gen 9 Champions] VGC 2026 Reg M-A\n|rated|\n|rule|Species Clause: Limit one of each Pok\u00e9mon\n|rule|Item Clause: Limit 1 of each item\n|clearpoke\n|poke|p1|Glimmora, L50, M|\n|poke|p1|Tyranitar, L50, F|\n|poke|p1|Excadrill, L50, F|\n|poke|p1|Venusaur, L50, M|\n|poke|p1|Ditto, L50|\n|poke|p1|Corviknight, L50, M|\n|poke|p2|Rotom-Frost, L50|\n|poke|p2|Incineroar, L50, F|\n|poke|p2|Orthworm, L50, F|\n|poke|p2|Basculegion, L50, M|\n|poke|p2|Froslass, L50, F|\n|poke|p2|Garchomp, L50, F|\n|teampreview|4\nSad man sam has agreed to open team sheets.\n|\n|t:|1776021415\n|teamsize|p1|4\n|teamsize|p2|4\n|start\n|switch|p1a: Glimmora|Glimmora, L50, M|100/100\n|switch|p1b: Corviknight|Corviknight, L50, M|100/100\n|switch|p2a: Incineroar|Incineroar, L50, F|100/100\n|switch|p2b: Orthworm|Orthworm, L50, F|100/100\n|-ability|p2a: Incineroar|Intimidate|boost\n|-unboost|p1a: Glimmora|atk|1\n|-ability|p1b: Corviknight|Mirror Armor\n|-unboost|p2a: Incineroar|atk|1\n|turn|1\n|\n|t:|1776021433\n|detailschange|p1a: Glimmora|Glimmora-Mega, L50, M\n|-mega|p1a: Glimmora|Glimmora|Glimmoranite\n|move|p2a: Incineroar|Fake Out|p1a: Glimmora\n|-resisted|p1a: Glimmora|1\n|-damage|p1a: Glimmora|95/100\n|cant|p1a: Glimmora|flinch\n|move|p1b: Corviknight|Tailwind|p1b: Corviknight\n|-sidestart|p1: Sad man sam|move: Tailwind\n|move|p2b: Orthworm|Shed Tail|p2b: Orthworm\n|-start|p2b: Orthworm|Substitute|[from] move: Shed Tail\n|-damage|p2b: Orthworm|50/100\n|-enditem|p2b: Orthworm|Sitrus Berry|[eat]\n|-heal|p2b: Orthworm|75/100|[from] item: Sitrus Berry\n|\n|t:|1776021444\n|switch|p2b: Froslass|Froslass, L50, F|100/100|[from] Shed Tail\n|\n|upkeep\n|turn|2\n|\n|t:|1776021461\n|detailschange|p2b: Froslass|Froslass-Mega, L50, F\n|-mega|p2b: Froslass|Froslass|Froslassite\n|-weather|Snowscape|[from] ability: Snow Warning|[of] p2b: Froslass\n|move|p1a: Glimmora|Power Gem|p2a: Incineroar\n|-supereffective|p2a: Incineroar|1\n|-damage|p2a: Incineroar|0 fnt\n|faint|p2a: Incineroar\n|move|p1b: Corviknight|Iron Head|p2b: Froslass\n|-supereffective|p2b: Froslass|1\n|-end|p2b: Froslass|Substitute\n|move|p2b: Froslass|Blizzard|p1b: Corviknight|[spread] p1a,p1b\n|-damage|p1a: Glimmora|44/100\n|-damage|p1b: Corviknight|50/100\n|-status|p1a: Glimmora|frz\n|\n|-weather|Snowscape|[upkeep]\n|-heal|p1b: Corviknight|55/100|[from] item: Leftovers\n|upkeep\n|\n|t:|1776021477\n|switch|p2a: Rotom|Rotom-Frost, L50|100/100\n|turn|3\n|\n|t:|1776021488\n|switch|p1b: Tyranitar|Tyranitar, L50, F|100/100\n|-weather|Sandstorm|[from] ability: Sand Stream|[of] p1b: Tyranitar\n|-curestatus|p1a: Glimmora|frz|[msg]\n|move|p1a: Glimmora|Protect|p1a: Glimmora\n|-singleturn|p1a: Glimmora|Protect\n|move|p2b: Froslass|Blizzard|p1b: Tyranitar|[spread] p1b\n|-activate|p1a: Glimmora|move: Protect\n|-damage|p1b: Tyranitar|74/100\n|move|p2a: Rotom|Blizzard|p1a: Glimmora|[spread] p1b\n|-activate|p1a: Glimmora|move: Protect\n|-damage|p1b: Tyranitar|49/100\n|-status|p1b: Tyranitar|frz\n|-enditem|p1b: Tyranitar|Sitrus Berry|[eat]\n|-heal|p1b: Tyranitar|74/100 frz|[from] item: Sitrus Berry\n|\n|-weather|Sandstorm|[upkeep]\n|-damage|p2b: Froslass|94/100|[from] Sandstorm\n|-damage|p2a: Rotom|95/100|[from] Sandstorm\n|upkeep\n|turn|4\n|\n|t:|1776021513\n|switch|p2b: Orthworm|Orthworm, L50, F|75/100\n|move|p1a: Glimmora|Power Gem|p2b: Orthworm\n|-resisted|p2b: Orthworm|1\n|-damage|p2b: Orthworm|42/100\n|move|p2a: Rotom|Blizzard|p1a: Glimmora|[spread] p1a\n|-miss|p2a: Rotom|p1b: Tyranitar\n|-damage|p1a: Glimmora|6/100\n|cant|p1b: Tyranitar|frz\n|\n|-weather|Sandstorm|[upkeep]\n|-damage|p2a: Rotom|89/100|[from] Sandstorm\n|-sideend|p1: Sad man sam|move: Tailwind\n|upkeep\n|turn|5\n|\n|t:|1776021537\n|move|p1a: Glimmora|Power Gem|p2a: Rotom\n|-supereffective|p2a: Rotom|1\n|-damage|p2a: Rotom|0 fnt\n|faint|p2a: Rotom\n|move|p2b: Orthworm|Body Press|p1b: Tyranitar\n|-supereffective|p1b: Tyranitar|2\n|-damage|p1b: Tyranitar|4/100 frz\n|cant|p1b: Tyranitar|frz\n|\n|-weather|Sandstorm|[upkeep]\n|upkeep\n|\n|t:|1776021546\n|switch|p2a: Froslass|Froslass-Mega, L50, F|94/100\n|-weather|Snowscape|[from] ability: Snow Warning|[of] p2a: Froslass\n|turn|6\n|\n|t:|1776021563\n|switch|p1b: Excadrill|Excadrill, L50, F|100/100\n|move|p1a: Glimmora|Protect|p1a: Glimmora\n|-singleturn|p1a: Glimmora|Protect\n|move|p2a: Froslass|Blizzard|p1a: Glimmora|[spread] p1b\n|-activate|p1a: Glimmora|move: Protect\n|-damage|p1b: Excadrill|34/100\n|move|p2b: Orthworm|Iron Defense|p2b: Orthworm\n|-boost|p2b: Orthworm|def|2\n|\n|-weather|Snowscape|[upkeep]\n|upkeep\n|turn|7\n|\n|t:|1776021579\n|switch|p1a: Tyranitar|Tyranitar, L50, F|4/100 frz\n|-weather|Sandstorm|[from] ability: Sand Stream|[of] p1a: Tyranitar\n|move|p1b: Excadrill|Rock Slide|p2a: Froslass|[spread] p2a\n|-miss|p1b: Excadrill|p2b: Orthworm\n|-supereffective|p2a: Froslass|1\n|-damage|p2a: Froslass|29/100\n|move|p2a: Froslass|Blizzard|p1b: Excadrill|[spread] p1b\n|-miss|p2a: Froslass|p1a: Tyranitar\n|-damage|p1b: Excadrill|0 fnt\n|faint|p1b: Excadrill\n|move|p2b: Orthworm|Body Press|p1a: Tyranitar\n|-supereffective|p1a: Tyranitar|2\n|-damage|p1a: Tyranitar|0 fnt\n|faint|p1a: Tyranitar\n|\n|-weather|Sandstorm|[upkeep]\n|-damage|p2a: Froslass|23/100|[from] Sandstorm\n|upkeep\n|\n|t:|1776021589\n|switch|p1b: Corviknight|Corviknight, L50, M|55/100\n|switch|p1a: Glimmora|Glimmora-Mega, L50, M|6/100\n|turn|8\n|\n|t:|1776021613\n|move|p1a: Glimmora|Protect|p1a: Glimmora\n|-singleturn|p1a: Glimmora|Protect\n|move|p2a: Froslass|Shadow Ball|p1a: Glimmora\n|-activate|p1a: Glimmora|move: Protect\n|move|p1b: Corviknight|Tailwind|p1b: Corviknight\n|-sidestart|p1: Sad man sam|move: Tailwind\n|move|p2b: Orthworm|Body Press|p1b: Corviknight\n|-damage|p1b: Corviknight|17/100\n|\n|-weather|Sandstorm|[upkeep]\n|-damage|p2a: Froslass|17/100|[from] Sandstorm\n|-heal|p1b: Corviknight|22/100|[from] item: Leftovers\n|upkeep\n|turn|9\n|\n|t:|1776021635\n|move|p1a: Glimmora|Power Gem|p2b: Orthworm\n|-resisted|p2b: Orthworm|1\n|-damage|p2b: Orthworm|8/100\n|move|p1b: Corviknight|Iron Head|p2a: Froslass\n|-supereffective|p2a: Froslass|1\n|-damage|p2a: Froslass|0 fnt\n|faint|p2a: Froslass\n|move|p2b: Orthworm|Body Press|p1b: Corviknight\n|-damage|p1b: Corviknight|0 fnt\n|faint|p1b: Corviknight\n|\n|-weather|Sandstorm|[upkeep]\n|upkeep\n|turn|10\n|c|\u2606Sad man sam|Gg\n|\n|t:|1776021648\n|move|p1a: Glimmora|Power Gem|p2b: Orthworm\n|-resisted|p2b: Orthworm|1\n|-damage|p2b: Orthworm|0 fnt\n|faint|p2b: Orthworm\n|\n|win|Sad man sam\n|raw|Sad man sam's rating: 1046 &rarr; <strong>1078</strong><br />(+32 for winning)\n|raw|oliverroosevelt's rating: 1035 &rarr; <strong>1020</strong><br />(-15 for losing)\n|l|\u2606oliverroosevelt\n|player|p2|\n",
  "uploadtime": 1776021695,
  "views": 12,
  "formatid": "gen9championsvgc2026regma",
  "rating": 1020,
  "private": 0,
  "password": null
}