{
  "id": "gen9championsvgc2026regma-2582548918",
  "format": "[Gen 9 Champions] VGC 2026 Reg M-A",
  "players": [
    "amongdripgoku",
    "thebatcaves"
  ],
  "log": "|j|\u2606amongdripgoku\n|j|\u2606thebatcaves\n|t:|1776098698\n|gametype|doubles\n|player|p1|amongdripgoku|2|1199\n|player|p2|thebatcaves|blue|1173\n|gen|9\n|tier|[Gen 9 Champions] VGC 2026 Reg M-A\n|rated|\n|rule|Species Clause: Limit one of each Pok\u00e9mon\n|rule|Item Clause: Limit 1 of each item\n|clearpoke\n|poke|p1|Pelipper, L50, M|\n|poke|p1|Gengar, L50, M|\n|poke|p1|Greninja-*, L50, F|\n|poke|p1|Basculegion, L50, M|\n|poke|p1|Archaludon, L50, M|\n|poke|p1|Whimsicott, L50, F|\n|poke|p2|Meganium, L50, F|\n|poke|p2|Farigiraf, L50, M|\n|poke|p2|Scizor, L50, M|\n|poke|p2|Pelipper, L50, M|\n|poke|p2|Tyranitar, L50, F|\n|poke|p2|Excadrill, L50, F|\n|teampreview|4\n|\n|t:|1776098752\n|teamsize|p1|4\n|teamsize|p2|4\n|start\n|switch|p1a: Gengar|Gengar, L50, M|100/100\n|switch|p1b: Archaludon|Archaludon, L50, M|100/100\n|switch|p2a: Tyranitar|Tyranitar, L50, F|100/100\n|switch|p2b: Excadrill|Excadrill, L50, F|100/100\n|-weather|Sandstorm|[from] ability: Sand Stream|[of] p2a: Tyranitar\n|turn|1\n|inactive|Battle timer is ON: inactive players will automatically lose when time's up. (requested by amongdripgoku)\n|\n|t:|1776098792\n|switch|p1a: Pelipper|Pelipper, L50, M|100/100\n|-weather|RainDance|[from] ability: Drizzle|[of] p1a: Pelipper\n|detailschange|p2a: Tyranitar|Tyranitar-Mega, L50, F\n|-mega|p2a: Tyranitar|Tyranitar|Tyranitarite\n|-weather|Sandstorm|[from] ability: Sand Stream|[of] p2a: Tyranitar\n|move|p2b: Excadrill|High Horsepower|p1b: Archaludon\n|-supereffective|p1b: Archaludon|1\n|-damage|p1b: Archaludon|8/100\n|-enditem|p1b: Archaludon|Sitrus Berry|[eat]\n|-heal|p1b: Archaludon|33/100|[from] item: Sitrus Berry\n|move|p1b: Archaludon|Flash Cannon|p2a: Tyranitar\n|-supereffective|p2a: Tyranitar|1\n|-damage|p2a: Tyranitar|56/100\n|move|p2a: Tyranitar|Dragon Dance|p2a: Tyranitar\n|-boost|p2a: Tyranitar|atk|1\n|-boost|p2a: Tyranitar|spe|1\n|\n|-weather|Sandstorm|[upkeep]\n|-damage|p1a: Pelipper|95/100|[from] Sandstorm\n|-heal|p1a: Pelipper|100/100|[from] item: Leftovers\n|upkeep\n|turn|2\n|inactive|amongdripgoku has 30 seconds left.\n|inactive|amongdripgoku has 20 seconds left.\n|\n|t:|1776098830\n|switch|p1a: Gengar|Gengar, L50, M|100/100\n|move|p2b: Excadrill|High Horsepower|p1b: Archaludon\n|-supereffective|p1b: Archaludon|1\n|-damage|p1b: Archaludon|0 fnt\n|faint|p1b: Archaludon\n|move|p2a: Tyranitar|Rock Slide|p1a: Gengar\n|-damage|p1a: Gengar|0 fnt\n|faint|p1a: Gengar\n|\n|-weather|Sandstorm|[upkeep]\n|upkeep\n|\n|t:|1776098838\n|switch|p1a: Pelipper|Pelipper, L50, M|100/100\n|switch|p1b: Basculegion|Basculegion, L50, M|100/100\n|-weather|RainDance|[from] ability: Drizzle|[of] p1a: Pelipper\n|turn|3\n|\n|t:|1776098862\n|move|p1b: Basculegion|Wave Crash|p2a: Tyranitar\n|-supereffective|p2a: Tyranitar|1\n|-damage|p2a: Tyranitar|0 fnt\n|faint|p2a: Tyranitar\n|-damage|p1b: Basculegion|81/100|[from] Recoil\n|move|p2b: Excadrill|High Horsepower|p1b: Basculegion\n|-damage|p1b: Basculegion|11/100\n|move|p1a: Pelipper|Weather Ball|p2b: Excadrill\n|-supereffective|p2b: Excadrill|1\n|-enditem|p2b: Excadrill|Focus Sash\n|-damage|p2b: Excadrill|1/100\n|\n|-weather|RainDance|[upkeep]\n|upkeep\n|\n|t:|1776098867\n|switch|p2a: Scizor|Scizor, L50, M|100/100\n|turn|4\n|\n|t:|1776098884\n|move|p1b: Basculegion|Aqua Jet|p2b: Excadrill\n|-supereffective|p2b: Excadrill|1\n|-damage|p2b: Excadrill|0 fnt\n|faint|p2b: Excadrill\n|move|p2a: Scizor|Bullet Punch|p1b: Basculegion\n|-resisted|p1b: Basculegion|1\n|-damage|p1b: Basculegion|0 fnt\n|faint|p1b: Basculegion\n|move|p1a: Pelipper|Weather Ball|p2a: Scizor\n|-damage|p2a: Scizor|38/100\n|\n|-weather|RainDance|[upkeep]\n|upkeep\n|\n|t:|1776098888\n|switch|p2b: Farigiraf|Farigiraf, L50, M|100/100\n|turn|5\n|\n|t:|1776098902\n|move|p2a: Scizor|Bullet Punch|p1a: Pelipper\n|-resisted|p1a: Pelipper|1\n|-damage|p1a: Pelipper|77/100\n|move|p1a: Pelipper|Weather Ball|p2a: Scizor\n|-damage|p2a: Scizor|0 fnt\n|faint|p2a: Scizor\n|move|p2b: Farigiraf|Trick Room|p2b: Farigiraf\n|-fieldstart|move: Trick Room|[of] p2b: Farigiraf\n|\n|-weather|RainDance|[upkeep]\n|-heal|p1a: Pelipper|83/100|[from] item: Leftovers\n|upkeep\n|turn|6\n|\n|t:|1776098915\n|move|p2b: Farigiraf|Psychic|p1a: Pelipper\n|-damage|p1a: Pelipper|36/100\n|move|p1a: Pelipper|Hurricane|p2b: Farigiraf\n|-damage|p2b: Farigiraf|59/100\n|\n|-weather|RainDance|[upkeep]\n|-heal|p1a: Pelipper|42/100|[from] item: Leftovers\n|upkeep\n|turn|7\n|\n|t:|1776098927\n|move|p1a: Pelipper|Protect|p1a: Pelipper\n|-singleturn|p1a: Pelipper|Protect\n|move|p2b: Farigiraf|Psychic|p1a: Pelipper\n|-activate|p1a: Pelipper|move: Protect\n|\n|-weather|none\n|-heal|p1a: Pelipper|48/100|[from] item: Leftovers\n|upkeep\n|turn|8\n|\n|t:|1776098934\n|move|p2b: Farigiraf|Psychic|p1a: Pelipper\n|-damage|p1a: Pelipper|7/100\n|-unboost|p1a: Pelipper|spd|1\n|move|p1a: Pelipper|Hurricane|p2b: Farigiraf\n|-damage|p2b: Farigiraf|18/100\n|-enditem|p2b: Farigiraf|Sitrus Berry|[eat]\n|-heal|p2b: Farigiraf|43/100|[from] item: Sitrus Berry\n|\n|-heal|p1a: Pelipper|13/100|[from] item: Leftovers\n|upkeep\n|turn|9\n|\n|t:|1776098951\n|move|p1a: Pelipper|Protect|p1a: Pelipper\n|-singleturn|p1a: Pelipper|Protect\n|move|p2b: Farigiraf|Psychic|p1a: Pelipper\n|-activate|p1a: Pelipper|move: Protect\n|\n|-heal|p1a: Pelipper|19/100|[from] item: Leftovers\n|-fieldend|move: Trick Room\n|upkeep\n|turn|10\n|\n|t:|1776098958\n|move|p1a: Pelipper|Hurricane|p2b: Farigiraf|[miss]\n|-miss|p1a: Pelipper|p2b: Farigiraf\n|move|p2b: Farigiraf|Hyper Voice|p1a: Pelipper\n|-damage|p1a: Pelipper|0 fnt\n|faint|p1a: Pelipper\n|\n|win|thebatcaves\n|raw|amongdripgoku's rating: 1199 &rarr; <strong>1172</strong><br />(-27 for losing)\n|raw|thebatcaves's rating: 1173 &rarr; <strong>1200</strong><br />(+27 for winning)\n",
  "uploadtime": 1776098959,
  "views": 11,
  "formatid": "gen9championsvgc2026regma",
  "rating": 1172,
  "private": 0,
  "password": null
}