{
  "id": "gen9championsvgc2026regma-2585576357",
  "format": "[Gen 9 Champions] VGC 2026 Reg M-A",
  "players": [
    "bobododo",
    "Dlinkoto"
  ],
  "log": "|j|\u2606bobododo\n|j|\u2606Dlinkoto\n|t:|1776356576\n|gametype|doubles\n|player|p1|bobododo|2|1062\n|player|p2|Dlinkoto|170|1062\n|gen|9\n|tier|[Gen 9 Champions] VGC 2026 Reg M-A\n|rated|\n|rule|Species Clause: Limit one of each Pok\u00e9mon\n|rule|Item Clause: Limit 1 of each item\n|clearpoke\n|poke|p1|Lopunny, L50, M|\n|poke|p1|Greninja-*, L50, F|\n|poke|p1|Aerodactyl, L50, M|\n|poke|p1|Venusaur, L50, F|\n|poke|p1|Incineroar, L50, M|\n|poke|p1|Sylveon, L50, F|\n|poke|p2|Aerodactyl, L50, M|\n|poke|p2|Sneasler, L50, M|\n|poke|p2|Incineroar, L50, M|\n|poke|p2|Golurk, L50|\n|poke|p2|Whimsicott, L50, F|\n|poke|p2|Aegislash, L50, M|\n|teampreview|4\nbobododo rejected open team sheets.\n|inactive|Battle timer is ON: inactive players will automatically lose when time's up. (requested by bobododo)\n|\n|t:|1776356626\n|teamsize|p1|4\n|teamsize|p2|4\n|start\n|switch|p1a: Aerodactyl|Aerodactyl, L50, M, shiny|100/100\n|switch|p1b: Incineroar|Incineroar, L50, M|100/100\n|switch|p2a: Aerodactyl|Aerodactyl, L50, M|100/100\n|switch|p2b: Incineroar|Incineroar, L50, M|100/100\n|-ability|p2a: Aerodactyl|Unnerve\n|-ability|p1a: Aerodactyl|Unnerve\n|-ability|p1b: Incineroar|Intimidate|boost\n|-unboost|p2a: Aerodactyl|atk|1\n|-unboost|p2b: Incineroar|atk|1\n|-ability|p2b: Incineroar|Intimidate|boost\n|-unboost|p1a: Aerodactyl|atk|1\n|-unboost|p1b: Incineroar|atk|1\n|turn|1\n|inactive|Dlinkoto has 30 seconds left.\n|\n|t:|1776356657\n|move|p1b: Incineroar|Fake Out|p2a: Aerodactyl\n|-resisted|p2a: Aerodactyl|1\n|-damage|p2a: Aerodactyl|93/100\n|move|p2b: Incineroar|Fake Out|p1b: Incineroar\n|-damage|p1b: Incineroar|90/100\n|cant|p2a: Aerodactyl|flinch\n|move|p1a: Aerodactyl|Tailwind|p1a: Aerodactyl\n|-sidestart|p1: bobododo|move: Tailwind\n|\n|upkeep\n|turn|2\n|inactive|Dlinkoto has 30 seconds left.\n|inactive|Dlinkoto has 20 seconds left.\n|\n|t:|1776356694\n|move|p1a: Aerodactyl|Stone Edge|p2a: Aerodactyl\n|-supereffective|p2a: Aerodactyl|1\n|-damage|p2a: Aerodactyl|0 fnt\n|faint|p2a: Aerodactyl\n|move|p1b: Incineroar|Darkest Lariat|p2b: Incineroar\n|-resisted|p2b: Incineroar|1\n|-damage|p2b: Incineroar|86/100\n|move|p2b: Incineroar|Parting Shot|p1a: Aerodactyl\n|-unboost|p1a: Aerodactyl|atk|1\n|-unboost|p1a: Aerodactyl|spa|1\n|\n|t:|1776356710\n|switch|p2b: Aegislash|Aegislash, L50, M|100/100|[from] Parting Shot\n|\n|upkeep\n|\n|t:|1776356714\n|switch|p2a: Incineroar|Incineroar, L50, M|86/100\n|-ability|p2a: Incineroar|Intimidate|boost\n|-unboost|p1a: Aerodactyl|atk|1\n|-unboost|p1b: Incineroar|atk|1\n|turn|3\n|\n|t:|1776356733\n|switch|p1a: Lopunny|Lopunny, L50, M, shiny|100/100\n|move|p2a: Incineroar|Fake Out|p1a: Lopunny\n|-damage|p1a: Lopunny|79/100\n|move|p1b: Incineroar|Darkest Lariat|p2b: Aegislash\n|-supereffective|p2b: Aegislash|1\n|-enditem|p2b: Aegislash|Colbur Berry|[eat]\n|-enditem|p2b: Aegislash|Colbur Berry|[weaken]\n|-damage|p2b: Aegislash|76/100\n|-formechange|p2b: Aegislash|Aegislash-Blade|\n|move|p2b: Aegislash|Flash Cannon|p1a: Lopunny\n|-damage|p1a: Lopunny|23/100\n|\n|-heal|p2a: Incineroar|92/100|[from] item: Leftovers\n|upkeep\n|turn|4\n|inactive|Dlinkoto has 30 seconds left.\n|\n|t:|1776356759\n|switch|p2a: Sneasler|Sneasler, L50, M|100/100\n|detailschange|p1a: Lopunny|Lopunny-Mega, L50, M, shiny\n|-mega|p1a: Lopunny|Lopunny|Lopunnite\n|-formechange|p2b: Aegislash|Aegislash|\n|move|p2b: Aegislash|King's Shield|p2b: Aegislash\n|-singleturn|p2b: Aegislash|Protect\n|move|p1a: Lopunny|Close Combat|p2b: Aegislash\n|-activate|p2b: Aegislash|move: Protect\n|-unboost|p1a: Lopunny|atk|1\n|move|p1b: Incineroar|Flare Blitz|p2b: Aegislash\n|-activate|p2b: Aegislash|move: Protect\n|-unboost|p1b: Incineroar|atk|1\n|\n|-sideend|p1: bobododo|move: Tailwind\n|upkeep\n|turn|5\n|inactive|Dlinkoto has 30 seconds left.\n|inactive|Dlinkoto has 20 seconds left.\n|\n|t:|1776356799\n|switch|p2b: Incineroar|Incineroar, L50, M|92/100\n|-ability|p2b: Incineroar|Intimidate|boost\n|-fail|p1a: Lopunny|unboost|Attack|[from] ability: Scrappy|[of] p1a: Lopunny\n|-unboost|p1b: Incineroar|atk|1\n|move|p1a: Lopunny|Protect|p1a: Lopunny\n|-singleturn|p1a: Lopunny|Protect\n|move|p2a: Sneasler|Close Combat|p1b: Incineroar\n|-supereffective|p1b: Incineroar|1\n|-damage|p1b: Incineroar|0 fnt\n|-unboost|p2a: Sneasler|def|1\n|-unboost|p2a: Sneasler|spd|1\n|faint|p1b: Incineroar\n|\n|-heal|p2b: Incineroar|98/100|[from] item: Leftovers\n|upkeep\n|\n|t:|1776356815\n|switch|p1b: Aerodactyl|Aerodactyl, L50, M, shiny|100/100\n|-ability|p1b: Aerodactyl|Unnerve\n|turn|6\n|\n|t:|1776356838\n|switch|p2a: Aegislash|Aegislash, L50, M|76/100\n|move|p1a: Lopunny|Close Combat|p2b: Incineroar\n|-supereffective|p2b: Incineroar|1\n|-damage|p2b: Incineroar|8/100\n|-unboost|p1a: Lopunny|def|1\n|-unboost|p1a: Lopunny|spd|1\n|move|p1b: Aerodactyl|Tailwind|p1b: Aerodactyl\n|-sidestart|p1: bobododo|move: Tailwind\n|move|p2b: Incineroar|Flare Blitz|p1a: Lopunny\n|-damage|p1a: Lopunny|0 fnt\n|faint|p1a: Lopunny\n|-damage|p2b: Incineroar|2/100|[from] Recoil\n|\n|-heal|p2b: Incineroar|8/100|[from] item: Leftovers\n|upkeep\n|\n|t:|1776356845\n|switch|p1a: Sylveon|Sylveon, L50, F|100/100\n|turn|7\n|inactive|Dlinkoto has 30 seconds left.\n|inactive|Dlinkoto has 20 seconds left.\n|inactive|Dlinkoto has 15 seconds left.\n|inactive|Dlinkoto has 10 seconds left.\n|inactive|bobododo has 30 seconds left.\n|\n|t:|1776356903\n|move|p1a: Sylveon|Shadow Ball|p2a: Aegislash\n|-supereffective|p2a: Aegislash|1\n|-damage|p2a: Aegislash|24/100\n|move|p1b: Aerodactyl|Stone Edge|p2a: Aegislash\n|-resisted|p2a: Aegislash|1\n|-damage|p2a: Aegislash|2/100\n|-formechange|p2a: Aegislash|Aegislash-Blade|\n|move|p2a: Aegislash|Flash Cannon|p1a: Sylveon\n|-supereffective|p1a: Sylveon|1\n|-damage|p1a: Sylveon|19/100\n|move|p2b: Incineroar|Parting Shot|p1b: Aerodactyl\n|-unboost|p1b: Aerodactyl|atk|1\n|-unboost|p1b: Aerodactyl|spa|1\n|\n|t:|1776356915\n|switch|p2b: Sneasler|Sneasler, L50, M|100/100|[from] Parting Shot\n|\n|upkeep\n|turn|8\n|inactive|Dlinkoto has 30 seconds left.\n|\n|t:|1776356942\n|switch|p2b: Incineroar|Incineroar, L50, M|8/100\n|-ability|p2b: Incineroar|Intimidate|boost\n|-unboost|p1a: Sylveon|atk|1\n|-unboost|p1b: Aerodactyl|atk|1\n|-formechange|p2a: Aegislash|Aegislash|\n|move|p2a: Aegislash|King's Shield|p2a: Aegislash\n|-singleturn|p2a: Aegislash|Protect\n|move|p1a: Sylveon|Shadow Ball|p2a: Aegislash\n|-activate|p2a: Aegislash|move: Protect\n|move|p1b: Aerodactyl|Dual Wingbeat|p2b: Incineroar|[miss]\n|-miss|p1b: Aerodactyl|p2b: Incineroar\n|\n|-heal|p2b: Incineroar|14/100|[from] item: Leftovers\n|upkeep\n|turn|9\n|inactive|Dlinkoto has 30 seconds left.\n|inactive|Dlinkoto has 20 seconds left.\n|inactive|Dlinkoto has 15 seconds left.\n|inactive|Dlinkoto has 10 seconds left.\n|inactive|Dlinkoto has 5 seconds left.\n|\n|t:|1776356995\n|move|p2b: Incineroar|Fake Out|p1b: Aerodactyl\n|-resisted|p1b: Aerodactyl|1\n|-damage|p1b: Aerodactyl|91/100\n|move|p1a: Sylveon|Shadow Ball|p2a: Aegislash\n|-supereffective|p2a: Aegislash|1\n|-damage|p2a: Aegislash|0 fnt\n|faint|p2a: Aegislash\n|cant|p1b: Aerodactyl|flinch\n|\n|-heal|p2b: Incineroar|20/100|[from] item: Leftovers\n|-sideend|p1: bobododo|move: Tailwind\n|upkeep\n|\n|t:|1776357005\n|switch|p2a: Sneasler|Sneasler, L50, M|100/100\n|turn|10\n|\n|t:|1776357020\n|move|p1a: Sylveon|Shadow Ball|p2a: Sneasler\n|-damage|p2a: Sneasler|66/100\n|move|p1b: Aerodactyl|Dual Wingbeat|p2a: Sneasler\n|-supereffective|p2a: Sneasler|1\n|-damage|p2a: Sneasler|34/100\n|-supereffective|p2a: Sneasler|1\n|-damage|p2a: Sneasler|4/100\n|-hitcount|p2a: Sneasler|2\n|move|p2a: Sneasler|Dire Claw|p1a: Sylveon\n|-supereffective|p1a: Sylveon|1\n|-damage|p1a: Sylveon|0 fnt\n|faint|p1a: Sylveon\n|move|p2b: Incineroar|Throat Chop|p1b: Aerodactyl\n|-damage|p1b: Aerodactyl|34/100\n|-start|p1b: Aerodactyl|Throat Chop|[silent]\n|-enditem|p1b: Aerodactyl|Sitrus Berry|[eat]\n|-heal|p1b: Aerodactyl|59/100|[from] item: Sitrus Berry\n|\n|-heal|p2b: Incineroar|26/100|[from] item: Leftovers\n|upkeep\n|turn|11\n|inactive|Dlinkoto has 30 seconds left.\n|inactive|Dlinkoto has 20 seconds left.\n|inactive|Dlinkoto has 15 seconds left.\n|inactive|Dlinkoto has 10 seconds left.\n|\n|t:|1776357067\n|move|p2a: Sneasler|Protect|p2a: Sneasler\n|-singleturn|p2a: Sneasler|Protect\n|move|p1b: Aerodactyl|Dual Wingbeat|p2a: Sneasler\n|-activate|p2a: Sneasler|move: Protect\n|move|p2b: Incineroar|Throat Chop|p1b: Aerodactyl\n|-damage|p1b: Aerodactyl|2/100\n|\n|-heal|p2b: Incineroar|32/100|[from] item: Leftovers\n|-end|p1b: Aerodactyl|Throat Chop|[silent]\n|upkeep\n|turn|12\n|\n|t:|1776357078\n|move|p1b: Aerodactyl|Dual Wingbeat|p2a: Sneasler\n|-supereffective|p2a: Sneasler|1\n|-damage|p2a: Sneasler|0 fnt\n|faint|p2a: Sneasler\n|-hitcount|p2: Sneasler|1\n|move|p2b: Incineroar|Throat Chop|p1b: Aerodactyl\n|-damage|p1b: Aerodactyl|0 fnt\n|faint|p1b: Aerodactyl\n|\n|win|Dlinkoto\n|raw|bobododo's rating: 1062 &rarr; <strong>1043</strong><br />(-19 for losing)\n|raw|Dlinkoto's rating: 1062 &rarr; <strong>1093</strong><br />(+31 for winning)\n|l|\u2606bobododo\n|player|p1|\n",
  "uploadtime": 1776357100,
  "views": 35,
  "formatid": "gen9championsvgc2026regma",
  "rating": 1043,
  "private": 0,
  "password": null
}