{
  "id": "gen9championsvgc2026regma-2586404476",
  "format": "[Gen 9 Champions] VGC 2026 Reg M-A",
  "players": [
    "Typhaz21",
    "Azure Resolution"
  ],
  "log": "|j|\u2606Typhaz21\n|j|\u2606Azure Resolution\n|t:|1776432282\n|gametype|doubles\n|player|p1|Typhaz21|striker|1116\n|player|p2|Azure Resolution|gentleman-gen4dp|1216\n|gen|9\n|tier|[Gen 9 Champions] VGC 2026 Reg M-A\n|rated|\n|rule|Species Clause: Limit one of each Pok\u00e9mon\n|rule|Item Clause: Limit 1 of each item\n|clearpoke\n|poke|p1|Charizard, L50, M|\n|poke|p1|Aerodactyl, L50, M|\n|poke|p1|Incineroar, L50, M|\n|poke|p1|Torkoal, L50, F|\n|poke|p1|Garchomp, L50, F|\n|poke|p1|Venusaur, L50, F|\n|poke|p2|Altaria, L50, F|\n|poke|p2|Delphox, L50, F|\n|poke|p2|Kingambit, L50, F|\n|poke|p2|Basculegion, L50, M|\n|poke|p2|Sneasler, L50, M|\n|poke|p2|Sableye, L50, F|\n|teampreview|4\n|inactive|Battle timer is ON: inactive players will automatically lose when time's up. (requested by Typhaz21)\n|inactive|Azure Resolution has 60 seconds left.\n|\n|t:|1776432341\n|teamsize|p1|4\n|teamsize|p2|4\n|start\n|switch|p1a: Aerodactyl|Aerodactyl, L50, M|100/100\n|switch|p1b: Venusaur|Venusaur, L50, F|100/100\n|switch|p2a: Silly Goose|Altaria, L50, F|100/100\n|switch|p2b: Basculegion|Basculegion, L50, M|100/100\n|-ability|p2a: Silly Goose|Cloud Nine\n|turn|1\n|inactive|Azure Resolution has 30 seconds left.\n|inactive|Azure Resolution has 20 seconds left.\n|inactive|Azure Resolution has 15 seconds left.\n|\n|t:|1776432382\n|move|p1a: Aerodactyl|Tailwind|p1a: Aerodactyl\n|-sidestart|p1: Typhaz21|move: Tailwind\n|move|p1b: Venusaur|Giga Drain|p2b: Basculegion\n|-supereffective|p2b: Basculegion|1\n|-damage|p2b: Basculegion|42/100\n|move|p2b: Basculegion|Flip Turn|p1a: Aerodactyl\n|-supereffective|p1a: Aerodactyl|1\n|-crit|p1a: Aerodactyl\n|-enditem|p1a: Aerodactyl|Focus Sash\n|-damage|p1a: Aerodactyl|1/100\n|\n|t:|1776432393\n|switch|p2b: Sneasler|Sneasler, L50, M|100/100|[from] Flip Turn\n|move|p2a: Silly Goose|Brave Bird|p1b: Venusaur\n|-supereffective|p1b: Venusaur|1\n|-damage|p1b: Venusaur|30/100\n|-enditem|p1b: Venusaur|Sitrus Berry|[eat]\n|-heal|p1b: Venusaur|55/100|[from] item: Sitrus Berry\n|-damage|p2a: Silly Goose|76/100|[from] Recoil\n|\n|upkeep\n|turn|2\n|\n|t:|1776432407\n|move|p2b: Sneasler|Fake Out|p1a: Aerodactyl\n|-resisted|p1a: Aerodactyl|1\n|-damage|p1a: Aerodactyl|0 fnt\n|faint|p1a: Aerodactyl\n|move|p1b: Venusaur|Leech Seed|p2a: Silly Goose\n|-start|p2a: Silly Goose|move: Leech Seed\n|move|p2a: Silly Goose|Tailwind|p2a: Silly Goose\n|-sidestart|p2: Azure Resolution|move: Tailwind\n|\n|-damage|p2a: Silly Goose|64/100|[from] Leech Seed|[of] p1b: Venusaur\n|-heal|p1b: Venusaur|66/100|[silent]\n|upkeep\n|\n|t:|1776432410\n|switch|p1a: Garchomp|Garchomp, L50, F|100/100\n|turn|3\n|\n|t:|1776432424\n|move|p2b: Sneasler|Protect|p2b: Sneasler\n|-singleturn|p2b: Sneasler|Protect\n|move|p1b: Venusaur|Protect|p1b: Venusaur\n|-singleturn|p1b: Venusaur|Protect\n|move|p1a: Garchomp|Rock Slide|p2a: Silly Goose|[spread] p2a\n|-activate|p2b: Sneasler|move: Protect\n|-supereffective|p2a: Silly Goose|1\n|-damage|p2a: Silly Goose|16/100\n|-enditem|p2a: Silly Goose|Sitrus Berry|[eat]\n|-heal|p2a: Silly Goose|41/100|[from] item: Sitrus Berry\n|cant|p2a: Silly Goose|flinch\n|\n|-damage|p2a: Silly Goose|29/100|[from] Leech Seed|[of] p1b: Venusaur\n|-heal|p1b: Venusaur|78/100|[silent]\n|upkeep\n|turn|4\n|inactive|Azure Resolution has 30 seconds left.\n|inactive|Azure Resolution has 20 seconds left.\n|\n|t:|1776432462\n|move|p2a: Silly Goose|Protect|p2a: Silly Goose\n|-singleturn|p2a: Silly Goose|Protect\n|move|p2b: Sneasler|Dire Claw|p1a: Garchomp\n|-resisted|p1a: Garchomp|1\n|-damage|p1a: Garchomp|78/100\n|-damage|p2b: Sneasler|88/100|[from] ability: Rough Skin|[of] p1a: Garchomp\n|move|p1a: Garchomp|Dragon Claw|p2a: Silly Goose\n|-activate|p2a: Silly Goose|move: Protect\n|move|p1b: Venusaur|Leech Seed|p2b: Sneasler\n|-start|p2b: Sneasler|move: Leech Seed\n|\n|-damage|p2b: Sneasler|76/100|[from] Leech Seed|[of] p1b: Venusaur\n|-heal|p1b: Venusaur|88/100|[silent]\n|-damage|p2a: Silly Goose|16/100|[from] Leech Seed|[of] p1b: Venusaur\n|-heal|p1b: Venusaur|99/100|[silent]\n|-sideend|p1: Typhaz21|move: Tailwind\n|upkeep\n|turn|5\n|inactive|Typhaz21 has 30 seconds left.\n|inactive|Azure Resolution has 30 seconds left.\n|inactive|Typhaz21 has 20 seconds left.\n|inactive|Typhaz21 has 15 seconds left.\n|inactive|Typhaz21 has 10 seconds left.\n|inactive|Typhaz21 has 5 seconds left.\n|inactive|Azure Resolution has 20 seconds left.\n|\n|t:|1776432518\n|switch|p2a: Delphox|Delphox, L50, F|100/100\n|move|p2b: Sneasler|Close Combat|p1a: Garchomp\n|-damage|p1a: Garchomp|6/100\n|-unboost|p2b: Sneasler|def|1\n|-unboost|p2b: Sneasler|spd|1\n|-damage|p2b: Sneasler|64/100|[from] ability: Rough Skin|[of] p1a: Garchomp\n|move|p1a: Garchomp|Earthquake|p2a: Delphox|[spread] p1b,p2a,p2b\n|-supereffective|p2a: Delphox|1\n|-supereffective|p2b: Sneasler|1\n|-damage|p1b: Venusaur|48/100\n|-damage|p2a: Delphox|0 fnt\n|-damage|p2b: Sneasler|0 fnt\n|faint|p2a: Delphox\n|faint|p2b: Sneasler\n|move|p1b: Venusaur|Giga Drain|p2: Delphox|[notarget]\n|-fail|p1b: Venusaur\n|\n|-sideend|p2: Azure Resolution|move: Tailwind\n|upkeep\n|\n|t:|1776432531\n|switch|p2b: Basculegion|Basculegion, L50, M|42/100\n|switch|p2a: Silly Goose|Altaria, L50, F|16/100\n|-ability|p2a: Silly Goose|Cloud Nine\n|turn|6\n|inactive|Azure Resolution has 30 seconds left.\n|inactive|Azure Resolution has 20 seconds left.\n|inactive|Azure Resolution has 15 seconds left.\n|\n|t:|1776432573\n|switch|p1b: Incineroar|Incineroar, L50, M, shiny|100/100\n|-ability|p1b: Incineroar|Intimidate|boost\n|-unboost|p2a: Silly Goose|atk|1\n|-unboost|p2b: Basculegion|atk|1\n|move|p2b: Basculegion|Last Respects|p1b: Incineroar\n|-resisted|p1b: Incineroar|1\n|-damage|p1b: Incineroar|68/100\n|move|p1a: Garchomp|Rock Slide|p2b: Basculegion|[spread] p2b\n|-miss|p1a: Garchomp|p2a: Silly Goose\n|-damage|p2b: Basculegion|15/100\n|move|p2a: Silly Goose|Breaking Swipe|p1b: Incineroar|[spread] p1a,p1b\n|-supereffective|p1a: Garchomp|1\n|-damage|p1a: Garchomp|0 fnt\n|-damage|p1b: Incineroar|60/100\n|-unboost|p1b: Incineroar|atk|1\n|-damage|p2a: Silly Goose|4/100|[from] ability: Rough Skin|[of] p1a: Garchomp\n|faint|p1a: Garchomp\n|\n|-heal|p1b: Incineroar|66/100|[from] item: Leftovers\n|upkeep\n|\n|t:|1776432597\n|switch|p1a: Venusaur|Venusaur, L50, F|48/100\n|turn|7\n|\n|t:|1776432611\n|move|p1b: Incineroar|Fake Out|p2a: Silly Goose\n|-damage|p2a: Silly Goose|0 fnt\n|faint|p2a: Silly Goose\n|move|p2b: Basculegion|Last Respects|p1a: Venusaur\n|-damage|p1a: Venusaur|0 fnt\n|faint|p1a: Venusaur\n|\n|-heal|p1b: Incineroar|72/100|[from] item: Leftovers\n|upkeep\n|turn|8\n|\n|t:|1776432626\n|move|p2b: Basculegion|Last Respects|p1b: Incineroar\n|-resisted|p1b: Incineroar|1\n|-damage|p1b: Incineroar|30/100\n|move|p1b: Incineroar|Flare Blitz|p2b: Basculegion\n|-resisted|p2b: Basculegion|1\n|-damage|p2b: Basculegion|0 fnt\n|faint|p2b: Basculegion\n|-damage|p1b: Incineroar|25/100|[from] Recoil\n|\n|win|Typhaz21\n|raw|Typhaz21's rating: 1116 &rarr; <strong>1148</strong><br />(+32 for winning)\n|raw|Azure Resolution's rating: 1216 &rarr; <strong>1184</strong><br />(-32 for losing)\n",
  "uploadtime": 1776432634,
  "views": 36,
  "formatid": "gen9championsvgc2026regma",
  "rating": 1148,
  "private": 0,
  "password": null
}