{
  "id": "gen9championsvgc2026regma-2587290020",
  "format": "[Gen 9 Champions] VGC 2026 Reg M-A",
  "players": [
    "Isidino",
    "NektarEloy"
  ],
  "log": "|j|\u2606Isidino\n|j|\u2606NektarEloy\n|t:|1776518782\n|gametype|doubles\n|player|p1|Isidino|2|1345\n|player|p2|NektarEloy|backpacker|1337\n|gen|9\n|tier|[Gen 9 Champions] VGC 2026 Reg M-A\n|rated|\n|rule|Species Clause: Limit one of each Pok\u00e9mon\n|rule|Item Clause: Limit 1 of each item\n|clearpoke\n|poke|p1|Charizard, L50, M, shiny|\n|poke|p1|Whimsicott, L50, F, shiny|\n|poke|p1|Venusaur, L50, F|\n|poke|p1|Sneasler, L50, M|\n|poke|p1|Basculegion, L50, M, shiny|\n|poke|p1|Rotom-Wash, L50|\n|poke|p2|Whimsicott, L50, F, shiny|\n|poke|p2|Garchomp, L50, F|\n|poke|p2|Kingambit, L50, F|\n|poke|p2|Delphox, L50, F, shiny|\n|poke|p2|Meganium, L50, M|\n|poke|p2|Tsareena, L50, F|\n|teampreview|4\n|inactive|Battle timer is ON: inactive players will automatically lose when time's up. (requested by Isidino)\n|inactive|Isidino has 60 seconds left.\n|inactive|NektarEloy has 60 seconds left.\n|inactive|NektarEloy has 30 seconds left.\n|inactive|NektarEloy has 20 seconds left.\n|inactive|NektarEloy has 15 seconds left.\n|inactive|NektarEloy has 10 seconds left.\n|inactive|NektarEloy has 5 seconds left.\n|\n|t:|1776518873\n|teamsize|p1|4\n|teamsize|p2|4\n|start\n|switch|p1a: Basculegion|Basculegion, L50, M, shiny|100/100\n|switch|p1b: Whimsicott|Whimsicott, L50, F, shiny|100/100\n|switch|p2a: Loptr|Whimsicott, L50, F, shiny|100/100\n|switch|p2b: Tom\u00e1s|Garchomp, L50, F|100/100\n|turn|1\n|\n|t:|1776518896\n|move|p2b: Tom\u00e1s|Protect|p2b: Tom\u00e1s\n|-singleturn|p2b: Tom\u00e1s|Protect\n|move|p1b: Whimsicott|Tailwind|p1b: Whimsicott\n|-sidestart|p1: Isidino|move: Tailwind\n|move|p2a: Loptr|Tailwind|p2a: Loptr\n|-sidestart|p2: NektarEloy|move: Tailwind\n|move|p1a: Basculegion|Wave Crash|p2b: Tom\u00e1s\n|-activate|p2b: Tom\u00e1s|move: Protect\n|\n|upkeep\n|turn|2\n|inactive|NektarEloy has 30 seconds left.\n|\n|t:|1776518924\n|move|p1b: Whimsicott|Encore|p2a: Loptr\n|-start|p2a: Loptr|Encore\n|move|p2a: Loptr|Tailwind||[still]\n|-fail|p2a: Loptr\n|move|p1a: Basculegion|Wave Crash|p2b: Tom\u00e1s\n|-damage|p2b: Tom\u00e1s|19/100\n|-damage|p1a: Basculegion|88/100|[from] ability: Rough Skin|[of] p2b: Tom\u00e1s\n|-enditem|p2b: Tom\u00e1s|Sitrus Berry|[eat]\n|-heal|p2b: Tom\u00e1s|44/100|[from] item: Sitrus Berry\n|-damage|p1a: Basculegion|63/100|[from] Recoil\n|move|p2b: Tom\u00e1s|Rock Slide|p1b: Whimsicott|[spread] p1a,p1b\n|-damage|p1a: Basculegion|39/100\n|-damage|p1b: Whimsicott|71/100\n|\n|upkeep\n|turn|3\n|\n|t:|1776518943\n|switch|p1a: Charizard|Charizard, L50, M, shiny|100/100\n|switch|p2a: Kizuke|Kingambit, L50, F|100/100\n|move|p2b: Tom\u00e1s|Protect|p2b: Tom\u00e1s\n|-singleturn|p2b: Tom\u00e1s|Protect\n|move|p1b: Whimsicott|Moonblast|p2b: Tom\u00e1s\n|-activate|p2b: Tom\u00e1s|move: Protect\n|\n|upkeep\n|turn|4\n|\n|t:|1776518957\n|switch|p2b: Loptr|Whimsicott, L50, F, shiny|100/100\n|detailschange|p1a: Charizard|Charizard-Mega-Y, L50, M, shiny\n|-mega|p1a: Charizard|Charizard|Charizardite Y\n|-weather|SunnyDay|[from] ability: Drought|[of] p1a: Charizard\n|move|p2a: Kizuke|Protect|p2a: Kizuke\n|-singleturn|p2a: Kizuke|Protect\n|move|p1b: Whimsicott|Moonblast|p2b: Loptr\n|-damage|p2b: Loptr|45/100\n|move|p1a: Charizard|Heat Wave|p2a: Kizuke|[spread] p2b\n|-activate|p2a: Kizuke|move: Protect\n|-supereffective|p2b: Loptr|1\n|-damage|p2b: Loptr|0 fnt\n|faint|p2b: Loptr\n|\n|-weather|SunnyDay|[upkeep]\n|-sideend|p2: NektarEloy|move: Tailwind\n|-sideend|p1: Isidino|move: Tailwind\n|upkeep\n|\n|t:|1776518981\n|switch|p2b: Tom\u00e1s|Garchomp, L50, F|44/100\n|turn|5\n|\n|t:|1776518995\n|move|p1b: Whimsicott|Tailwind|p1b: Whimsicott\n|-sidestart|p1: Isidino|move: Tailwind\n|move|p2a: Kizuke|Sucker Punch|p1a: Charizard\n|-damage|p1a: Charizard|49/100\n|move|p1a: Charizard|Heat Wave|p2b: Tom\u00e1s|[spread] \n|-miss|p1a: Charizard|p2a: Kizuke\n|-miss|p1a: Charizard|p2b: Tom\u00e1s\n|move|p2b: Tom\u00e1s|Rock Slide|p1a: Charizard|[spread] p1a,p1b\n|-supereffective|p1a: Charizard|2\n|-damage|p1a: Charizard|0 fnt\n|-damage|p1b: Whimsicott|44/100\n|faint|p1a: Charizard\n|\n|-weather|SunnyDay|[upkeep]\n|upkeep\n|\n|t:|1776519003\n|switch|p1a: Sneasler|Sneasler, L50, M|100/100\n|turn|6\n|\n|t:|1776519018\n|move|p2b: Tom\u00e1s|Protect|p2b: Tom\u00e1s\n|-singleturn|p2b: Tom\u00e1s|Protect\n|move|p1a: Sneasler|Close Combat|p2a: Kizuke\n|-supereffective|p2a: Kizuke|2\n|-enditem|p2a: Kizuke|Chople Berry|[eat]\n|-enditem|p2a: Kizuke|Chople Berry|[weaken]\n|-damage|p2a: Kizuke|8/100\n|-unboost|p1a: Sneasler|def|1\n|-unboost|p1a: Sneasler|spd|1\n|-enditem|p1a: Sneasler|White Herb\n|-clearnegativeboost|p1a: Sneasler|[silent]\n|move|p1b: Whimsicott|Moonblast|p2b: Tom\u00e1s\n|-activate|p2b: Tom\u00e1s|move: Protect\n|move|p2a: Kizuke|Iron Head|p1b: Whimsicott\n|-supereffective|p1b: Whimsicott|1\n|-damage|p1b: Whimsicott|0 fnt\n|faint|p1b: Whimsicott\n|\n|-weather|SunnyDay|[upkeep]\n|upkeep\n|\n|t:|1776519025\n|switch|p1b: Basculegion|Basculegion, L50, M, shiny|39/100\n|turn|7\n|\n|t:|1776519045\n|move|p1b: Basculegion|Aqua Jet|p2a: Kizuke\n|-damage|p2a: Kizuke|0 fnt\n|faint|p2a: Kizuke\n|move|p1a: Sneasler|Close Combat|p2b: Tom\u00e1s\n|-damage|p2b: Tom\u00e1s|0 fnt\n|-unboost|p1a: Sneasler|def|1\n|-unboost|p1a: Sneasler|spd|1\n|-damage|p1a: Sneasler|88/100|[from] ability: Rough Skin|[of] p2b: Tom\u00e1s\n|faint|p2b: Tom\u00e1s\n|\n|-weather|SunnyDay|[upkeep]\n|upkeep\n|\n|t:|1776519053\n|switch|p2b: Lola|Delphox, L50, F, shiny|100/100\n|turn|8\n|\n|t:|1776519064\n|detailschange|p2b: Lola|Delphox-Mega, L50, F, shiny\n|-mega|p2b: Lola|Delphox|Delphoxite\n|move|p1b: Basculegion|Aqua Jet|p2b: Lola\n|-supereffective|p2b: Lola|1\n|-damage|p2b: Lola|61/100\n|move|p1a: Sneasler|Acrobatics|p2b: Lola\n|-damage|p2b: Lola|0 fnt\n|faint|p2b: Lola\n|\n|win|Isidino\n|raw|Isidino's rating: 1345 &rarr; <strong>1365</strong><br />(+20 for winning)\n|raw|NektarEloy's rating: 1337 &rarr; <strong>1317</strong><br />(-20 for losing)\n",
  "uploadtime": 1776519072,
  "views": 26,
  "formatid": "gen9championsvgc2026regma",
  "rating": 1317,
  "private": 0,
  "password": null
}