{
  "id": "gen9championsvgc2026regma-2587573852",
  "format": "[Gen 9 Champions] VGC 2026 Reg M-A",
  "players": [
    "Lessa_ped",
    "Zino735"
  ],
  "log": "|j|\u2606Lessa_ped\n|j|\u2606Zino735\n|t:|1776543495\n|gametype|doubles\n|player|p1|Lessa_ped|102|1067\n|player|p2|Zino735|170|1149\n|gen|9\n|tier|[Gen 9 Champions] VGC 2026 Reg M-A\n|rated|\n|rule|Species Clause: Limit one of each Pok\u00e9mon\n|rule|Item Clause: Limit 1 of each item\n|clearpoke\n|poke|p1|Archaludon, L50, F, shiny|\n|poke|p1|Pelipper, L50, M, shiny|\n|poke|p1|Sneasler, L50, M, shiny|\n|poke|p1|Incineroar, L50, M, shiny|\n|poke|p1|Basculegion, L50, M, shiny|\n|poke|p1|Meganium, L50, F|\n|poke|p2|Aggron, L50, M|\n|poke|p2|Politoed, L50, M|\n|poke|p2|Archaludon, L50, M|\n|poke|p2|Sinistcha, L50|\n|poke|p2|Incineroar, L50, F|\n|poke|p2|Primarina, L50, M|\n|teampreview|4\n|\n|t:|1776543551\n|teamsize|p1|4\n|teamsize|p2|4\n|start\n|switch|p1a: Pelipper|Pelipper, L50, M, shiny|100/100\n|switch|p1b: Basculegion|Basculegion, L50, M, shiny|100/100\n|switch|p2a: Archaludon|Archaludon, L50, M|100/100\n|switch|p2b: Sinistcha|Sinistcha, L50|100/100\n|-weather|RainDance|[from] ability: Drizzle|[of] p1a: Pelipper\n|turn|1\n|\n|t:|1776543584\n|switch|p1a: Archaludon|Archaludon, L50, F, shiny|100/100\n|move|p1b: Basculegion|Last Respects|p2b: Sinistcha\n|-supereffective|p2b: Sinistcha|1\n|-damage|p2b: Sinistcha|63/100\n|move|p2a: Archaludon|Thunder|p1b: Basculegion\n|-supereffective|p1b: Basculegion|1\n|-damage|p1b: Basculegion|23/100\n|move|p2b: Sinistcha|Trick Room|p2b: Sinistcha\n|-fieldstart|move: Trick Room|[of] p2b: Sinistcha\n|\n|-weather|RainDance|[upkeep]\n|upkeep\n|turn|2\n|\n|t:|1776543604\n|move|p1b: Basculegion|Protect|p1b: Basculegion\n|-singleturn|p1b: Basculegion|Protect\n|move|p2b: Sinistcha|Matcha Gotcha|p1a: Archaludon|[spread] p1a\n|-activate|p1b: Basculegion|move: Protect\n|-resisted|p1a: Archaludon|2\n|-damage|p1a: Archaludon|94/100\n|-heal|p2b: Sinistcha|67/100|[from] drain|[of] p1a: Archaludon\n|-ability|p1a: Archaludon|Stamina|boost\n|-boost|p1a: Archaludon|def|1\n|move|p2a: Archaludon|Draco Meteor|p1a: Archaludon|[miss]\n|-miss|p2a: Archaludon|p1a: Archaludon\n|move|p1a: Archaludon|Draco Meteor|p2a: Archaludon|[miss]\n|-miss|p1a: Archaludon|p2a: Archaludon\n|\n|-weather|RainDance|[upkeep]\n|-heal|p1a: Archaludon|100/100|[from] item: Leftovers\n|upkeep\n|turn|3\n|\n|t:|1776543641\n|switch|p1b: Pelipper|Pelipper, L50, M, shiny|100/100\n|move|p1a: Archaludon|Protect|p1a: Archaludon\n|-singleturn|p1a: Archaludon|Protect\n|move|p2b: Sinistcha|Matcha Gotcha|p1b: Pelipper|[spread] p1b\n|-activate|p1a: Archaludon|move: Protect\n|-damage|p1b: Pelipper|57/100\n|-heal|p2b: Sinistcha|84/100|[from] drain|[of] p1b: Pelipper\n|move|p2a: Archaludon|Draco Meteor|p1a: Archaludon\n|-activate|p1a: Archaludon|move: Protect\n|\n|-weather|RainDance|[upkeep]\n|upkeep\n|turn|4\n|\n|t:|1776543668\n|switch|p2b: Primarina|Primarina, L50, M|100/100\n|move|p1b: Pelipper|Protect|p1b: Pelipper\n|-singleturn|p1b: Pelipper|Protect\n|move|p2a: Archaludon|Thunder|p1b: Pelipper\n|-activate|p1b: Pelipper|move: Protect\n|move|p1a: Archaludon|Draco Meteor|p2a: Archaludon\n|-damage|p2a: Archaludon|24/100\n|-unboost|p1a: Archaludon|spa|2\n|-ability|p2a: Archaludon|Stamina|boost\n|-boost|p2a: Archaludon|def|1\n|\n|-weather|RainDance|[upkeep]\n|-heal|p2a: Archaludon|30/100|[from] item: Leftovers\n|upkeep\n|turn|5\n|\n|t:|1776543693\n|switch|p1b: Sneasler|Sneasler, L50, M, shiny|100/100\n|move|p1a: Archaludon|Protect|p1a: Archaludon\n|-singleturn|p1a: Archaludon|Protect\n|move|p2b: Primarina|Moonblast|p1a: Archaludon\n|-activate|p1a: Archaludon|move: Protect\n|move|p2a: Archaludon|Thunder|p1b: Sneasler\n|-damage|p1b: Sneasler|56/100\n|\n|-weather|none\n|-heal|p2a: Archaludon|37/100|[from] item: Leftovers\n|-fieldend|move: Trick Room\n|upkeep\n|turn|6\n|\n|t:|1776543732\n|switch|p2b: Sinistcha|Sinistcha, L50|84/100\n|-heal|p2a: Archaludon|61/100|[from] ability: Hospitality|[of] p2b: Sinistcha\n|move|p2a: Archaludon|Protect|p2a: Archaludon\n|-singleturn|p2a: Archaludon|Protect\n|move|p1b: Sneasler|Fake Out|p2b: Sinistcha\n|-immune|p2b: Sinistcha\n|move|p1a: Archaludon|Draco Meteor|p2a: Archaludon\n|-activate|p2a: Archaludon|move: Protect\n|\n|-heal|p2a: Archaludon|68/100|[from] item: Leftovers\n|upkeep\n|turn|7\n|\n|t:|1776543759\n|move|p1b: Sneasler|Close Combat|p2a: Archaludon\n|-supereffective|p2a: Archaludon|1\n|-damage|p2a: Archaludon|16/100\n|-unboost|p1b: Sneasler|def|1\n|-unboost|p1b: Sneasler|spd|1\n|-ability|p2a: Archaludon|Stamina|boost\n|-boost|p2a: Archaludon|def|1\n|-enditem|p1b: Sneasler|White Herb\n|-clearnegativeboost|p1b: Sneasler|[silent]\n|move|p1a: Archaludon|Draco Meteor|p2b: Sinistcha\n|-damage|p2b: Sinistcha|43/100\n|-unboost|p1a: Archaludon|spa|2\n|move|p2a: Archaludon|Draco Meteor|p1b: Sneasler\n|-damage|p1b: Sneasler|0 fnt\n|-unboost|p2a: Archaludon|spa|2\n|faint|p1b: Sneasler\n|move|p2b: Sinistcha|Trick Room|p2b: Sinistcha\n|-fieldstart|move: Trick Room|[of] p2b: Sinistcha\n|\n|-heal|p2a: Archaludon|22/100|[from] item: Leftovers\n|upkeep\n|\n|t:|1776543773\n|switch|p1b: Pelipper|Pelipper, L50, M, shiny|57/100\n|-weather|RainDance|[from] ability: Drizzle|[of] p1b: Pelipper\n|turn|8\n|\n|t:|1776543789\n|switch|p2a: Primarina|Primarina, L50, M|100/100\n|move|p1b: Pelipper|Protect|p1b: Pelipper\n|-singleturn|p1b: Pelipper|Protect\n|move|p2b: Sinistcha|Matcha Gotcha|p1a: Archaludon|[spread] p1a\n|-activate|p1b: Pelipper|move: Protect\n|-resisted|p1a: Archaludon|2\n|-damage|p1a: Archaludon|94/100\n|-heal|p2b: Sinistcha|47/100|[from] drain|[of] p1a: Archaludon\n|-ability|p1a: Archaludon|Stamina|boost\n|-boost|p1a: Archaludon|def|1\n|move|p1a: Archaludon|Flash Cannon|p2b: Sinistcha\n|-damage|p2b: Sinistcha|31/100\n|\n|-weather|RainDance|[upkeep]\n|-heal|p1a: Archaludon|100/100|[from] item: Leftovers\n|upkeep\n|turn|9\n|\n|t:|1776543824\n|move|p2a: Primarina|Moonblast|p1b: Pelipper\n|-damage|p1b: Pelipper|0 fnt\n|faint|p1b: Pelipper\n|move|p2b: Sinistcha|Hex|p1a: Archaludon\n|-damage|p1a: Archaludon|75/100\n|-ability|p1a: Archaludon|Stamina|boost\n|-boost|p1a: Archaludon|def|1\n|move|p1a: Archaludon|Electro Shot||[still]\n|-prepare|p1a: Archaludon|Electro Shot\n|-boost|p1a: Archaludon|spa|1\n|-anim|p1a: Archaludon|Electro Shot|p2a: Primarina\n|-supereffective|p2a: Primarina|1\n|-damage|p2a: Primarina|72/100\n|\n|-weather|RainDance|[upkeep]\n|-heal|p1a: Archaludon|81/100|[from] item: Leftovers\n|upkeep\n|\n|t:|1776543837\n|switch|p1b: Basculegion|Basculegion, L50, M, shiny|23/100\n|turn|10\n|\n|t:|1776543851\n|move|p1b: Basculegion|Protect|p1b: Basculegion\n|-singleturn|p1b: Basculegion|Protect\n|move|p2a: Primarina|Moonblast|p1a: Archaludon\n|-damage|p1a: Archaludon|29/100\n|-ability|p1a: Archaludon|Stamina|boost\n|-boost|p1a: Archaludon|def|1\n|move|p2b: Sinistcha|Matcha Gotcha|p1a: Archaludon|[spread] p1a\n|-activate|p1b: Basculegion|move: Protect\n|-resisted|p1a: Archaludon|2\n|-damage|p1a: Archaludon|23/100\n|-heal|p2b: Sinistcha|35/100|[from] drain|[of] p1a: Archaludon\n|-ability|p1a: Archaludon|Stamina|boost\n|-boost|p1a: Archaludon|def|1\n|move|p1a: Archaludon|Electro Shot||[still]\n|-prepare|p1a: Archaludon|Electro Shot\n|-boost|p1a: Archaludon|spa|1\n|-anim|p1a: Archaludon|Electro Shot|p2a: Primarina\n|-supereffective|p2a: Primarina|1\n|-damage|p2a: Primarina|37/100\n|\n|-weather|RainDance|[upkeep]\n|-heal|p1a: Archaludon|29/100|[from] item: Leftovers\n|upkeep\n|turn|11\n|\n|t:|1776543888\n|move|p1a: Archaludon|Protect|p1a: Archaludon\n|-singleturn|p1a: Archaludon|Protect\n|move|p2a: Primarina|Moonblast|p1b: Basculegion\n|-damage|p1b: Basculegion|0 fnt\n|faint|p1b: Basculegion\n|move|p2b: Sinistcha|Matcha Gotcha|p1a: Archaludon\n|-activate|p1a: Archaludon|move: Protect\n|\n|-weather|RainDance|[upkeep]\n|-heal|p1a: Archaludon|35/100|[from] item: Leftovers\n|-fieldend|move: Trick Room\n|upkeep\n|turn|12\n|-message|Lessa_ped forfeited.\n|\n|win|Zino735\n|raw|Lessa_ped's rating: 1067 &rarr; <strong>1052</strong><br />(-15 for losing)\n|raw|Zino735's rating: 1149 &rarr; <strong>1168</strong><br />(+19 for winning)\n",
  "uploadtime": 1776543903,
  "views": 19,
  "formatid": "gen9championsvgc2026regma",
  "rating": 1052,
  "private": 0,
  "password": null
}