{
  "id": "gen9championsvgc2026regma-2584782616",
  "format": "[Gen 9 Champions] VGC 2026 Reg M-A",
  "players": [
    "The_PaleoNerd7",
    "jyotsha"
  ],
  "log": "|j|\u2606The_PaleoNerd7\n|j|\u2606jyotsha\n|t:|1776283301\n|gametype|doubles\n|player|p1|The_PaleoNerd7|lance|1328\n|player|p2|jyotsha|101|1273\n|gen|9\n|tier|[Gen 9 Champions] VGC 2026 Reg M-A\n|rated|\n|rule|Species Clause: Limit one of each Pok\u00e9mon\n|rule|Item Clause: Limit 1 of each item\n|clearpoke\n|poke|p1|Aggron, L50, M|\n|poke|p1|Sinistcha, L50|\n|poke|p1|Incineroar, L50, M|\n|poke|p1|Aerodactyl, L50, M|\n|poke|p1|Tyranitar, L50, M|\n|poke|p1|Primarina, L50, F|\n|poke|p2|Floette-Eternal, L50, F|\n|poke|p2|Sinistcha, L50|\n|poke|p2|Sableye, L50, F|\n|poke|p2|Aegislash, L50, M|\n|poke|p2|Charizard, L50, M|\n|poke|p2|Incineroar, L50, F|\n|teampreview|4\n|inactive|Battle timer is ON: inactive players will automatically lose when time's up. (requested by The_PaleoNerd7)\n|inactive|The_PaleoNerd7 has 60 seconds left.\n|inactive|jyotsha has 60 seconds left.\n|\n|t:|1776283338\n|teamsize|p1|4\n|teamsize|p2|4\n|start\n|switch|p1a: Aerodactyl|Aerodactyl, L50, M|100/100\n|switch|p1b: Aggron|Aggron, L50, M|100/100\n|switch|p2a: Sableye|Sableye, L50, F|100/100\n|switch|p2b: Incineroar|Incineroar, L50, F|100/100\n|-ability|p1a: Aerodactyl|Unnerve\n|-ability|p2b: Incineroar|Intimidate|boost\n|-unboost|p1a: Aerodactyl|atk|1\n|-unboost|p1b: Aggron|atk|1\n|turn|1\n|\n|t:|1776283351\n|detailschange|p1b: Aggron|Aggron-Mega, L50, M\n|-mega|p1b: Aggron|Aggron|Aggronite\n|move|p2b: Incineroar|Fake Out|p1a: Aerodactyl\n|-resisted|p1a: Aerodactyl|1\n|-damage|p1a: Aerodactyl|89/100\n|move|p2a: Sableye|Will-O-Wisp|p1b: Aggron|[miss]\n|-miss|p2a: Sableye|p1b: Aggron\n|cant|p1a: Aerodactyl|flinch\n|move|p1b: Aggron|Iron Defense|p1b: Aggron\n|-boost|p1b: Aggron|def|2\n|\n|upkeep\n|turn|2\n|\n|t:|1776283367\n|move|p2a: Sableye|Encore|p1b: Aggron\n|-start|p1b: Aggron|Encore\n|move|p1a: Aerodactyl|Taunt|p2a: Sableye\n|-start|p2a: Sableye|move: Taunt\n|move|p2b: Incineroar|Parting Shot|p1a: Aerodactyl\n|-unboost|p1a: Aerodactyl|atk|1\n|-unboost|p1a: Aerodactyl|spa|1\n|\n|t:|1776283377\n|switch|p2b: Floette|Floette-Eternal, L50, F|100/100|[from] Parting Shot\n|move|p1b: Aggron|Iron Defense|p1b: Aggron\n|-boost|p1b: Aggron|def|2\n|\n|upkeep\n|turn|3\n|\n|t:|1776283399\n|switch|p2a: Incineroar|Incineroar, L50, F|100/100\n|-ability|p2a: Incineroar|Intimidate|boost\n|-unboost|p1a: Aerodactyl|atk|1\n|-unboost|p1b: Aggron|atk|1\n|detailschange|p2b: Floette|Floette-Mega, L50, F\n|-mega|p2b: Floette|Floette|Floettite\n|-ability|p2b: Floette|Fairy Aura\n|move|p2b: Floette|Protect|p2b: Floette\n|-singleturn|p2b: Floette|Protect\n|move|p1a: Aerodactyl|Taunt|p2b: Floette\n|-activate|p2b: Floette|move: Protect\n|move|p1b: Aggron|Iron Defense|p1b: Aggron\n|-boost|p1b: Aggron|def|2\n|\n|upkeep\n|turn|4\n|\n|t:|1776283421\n|switch|p1a: Primarina|Primarina, L50, F|100/100\n|move|p2a: Incineroar|Fake Out|p1a: Primarina\n|-damage|p1a: Primarina|83/100\n|move|p2b: Floette|Calm Mind|p2b: Floette\n|-boost|p2b: Floette|spa|1\n|-boost|p2b: Floette|spd|1\n|move|p1b: Aggron|Iron Defense|p1b: Aggron\n|-boost|p1b: Aggron|def|0\n|\n|-end|p1b: Aggron|Encore\n|upkeep\n|turn|5\n|inactive|jyotsha has 30 seconds left.\n|inactive|jyotsha has 20 seconds left.\n|inactive|jyotsha has 15 seconds left.\n|\n|t:|1776283466\n|switch|p2a: Sableye|Sableye, L50, F|100/100\n|move|p2b: Floette|Protect|p2b: Floette\n|-singleturn|p2b: Floette|Protect\n|move|p1a: Primarina|Hyper Voice|p2a: Sableye|[spread] p2a\n|-activate|p2b: Floette|move: Protect\n|-damage|p2a: Sableye|58/100\n|move|p1b: Aggron|Heavy Slam|p2b: Floette\n|-activate|p2b: Floette|move: Protect\n|\n|upkeep\n|turn|6\n|\n|t:|1776283483\n|move|p2a: Sableye|Will-O-Wisp|p1b: Aggron|[miss]\n|-miss|p2a: Sableye|p1b: Aggron\n|move|p2b: Floette|Calm Mind|p2b: Floette\n|-boost|p2b: Floette|spa|1\n|-boost|p2b: Floette|spd|1\n|move|p1a: Primarina|Moonblast|p2a: Sableye|[miss]\n|-miss|p1a: Primarina|p2a: Sableye\n|move|p1b: Aggron|Heavy Slam|p2b: Floette\n|-supereffective|p2b: Floette|1\n|-damage|p2b: Floette|73/100\n|\n|upkeep\n|turn|7\n|\n|t:|1776283499\n|move|p2a: Sableye|Will-O-Wisp|p1b: Aggron\n|-status|p1b: Aggron|brn\n|move|p2b: Floette|Calm Mind|p2b: Floette\n|-boost|p2b: Floette|spa|1\n|-boost|p2b: Floette|spd|1\n|move|p1a: Primarina|Moonblast|p2a: Sableye\n|-supereffective|p2a: Sableye|1\n|-damage|p2a: Sableye|0 fnt\n|faint|p2a: Sableye\n|move|p1b: Aggron|Body Press|p2b: Floette\n|-resisted|p2b: Floette|1\n|-damage|p2b: Floette|45/100\n|\n|-damage|p1b: Aggron|94/100 brn|[from] brn\n|upkeep\n|\n|t:|1776283513\n|switch|p2a: Sinistcha|Sinistcha, L50|100/100\n|-heal|p2b: Floette|70/100|[from] ability: Hospitality|[of] p2a: Sinistcha\n|turn|8\n|\n|t:|1776283524\n|switch|p1a: Sinistcha|Sinistcha, L50|100/100\n|-heal|p1b: Aggron|100/100 brn|[from] ability: Hospitality|[of] p1a: Sinistcha\n|move|p2b: Floette|Protect|p2b: Floette\n|-singleturn|p2b: Floette|Protect\n|move|p2a: Sinistcha|Life Dew||[still]|[spread] p2a,p2b\n|-fail|p2a: Sinistcha|heal\n|-heal|p2b: Floette|95/100\n|move|p1b: Aggron|Body Press|p2b: Floette\n|-activate|p2b: Floette|move: Protect\n|\n|-damage|p1b: Aggron|94/100 brn|[from] brn\n|upkeep\n|turn|9\n|-message|The_PaleoNerd7 forfeited.\n|\n|win|jyotsha\n|raw|The_PaleoNerd7's rating: 1328 &rarr; <strong>1305</strong><br />(-23 for losing)\n|raw|jyotsha's rating: 1273 &rarr; <strong>1302</strong><br />(+29 for winning)\n",
  "uploadtime": 1776283538,
  "views": 24,
  "formatid": "gen9championsvgc2026regma",
  "rating": 1302,
  "private": 0,
  "password": null
}