{
  "id": "gen9championsvgc2026regma-2583983535",
  "format": "[Gen 9 Champions] VGC 2026 Reg M-A",
  "players": [
    "iiioooaaa",
    "operation k"
  ],
  "log": "|j|\u2606iiioooaaa\n|j|\u2606operation k\n|t:|1776214086\n|gametype|doubles\n|player|p1|iiioooaaa|n|\n|player|p2|operation k|courtney|\n|gen|9\n|tier|[Gen 9 Champions] VGC 2026 Reg M-A\n|rule|Species Clause: Limit one of each Pok\u00e9mon\n|rule|Item Clause: Limit 1 of each item\n|clearpoke\n|poke|p1|Emboar, L50, M|\n|poke|p1|Torkoal, L50, M|\n|poke|p1|Lucario, L50, F|\n|poke|p1|Ceruledge, L50, F|\n|poke|p1|Rhyperior, L50, M|\n|poke|p1|Scizor, L50, M|\n|poke|p2|Delphox, L50, M|\n|poke|p2|Scovillain, L50, F|\n|poke|p2|Torkoal, L50, F|\n|poke|p2|Volcarona, L50, F|\n|poke|p2|Abomasnow, L50, M|\n|poke|p2|Appletun, L50, M|\n|teampreview|4\n|inactive|Battle timer is ON: inactive players will automatically lose when time's up. (requested by iiioooaaa)\n|\n|t:|1776214109\n|teamsize|p1|4\n|teamsize|p2|4\n|start\n|switch|p1a: Ceruledge|Ceruledge, L50, F|100/100\n|switch|p1b: Emboar|Emboar, L50, M, shiny|100/100\n|switch|p2a: Volcarona|Volcarona, L50, F, shiny|100/100\n|switch|p2b: Scovillain|Scovillain, L50, F|100/100\n|turn|1\n|inactive|operation k has 30 seconds left.\n|\n|t:|1776214141\n|detailschange|p1b: Emboar|Emboar-Mega, L50, M, shiny\n|-mega|p1b: Emboar|Emboar|Emboarite\n|-ability|p1b: Emboar|Mold Breaker\n|move|p1a: Ceruledge|Swords Dance|p1a: Ceruledge\n|-boost|p1a: Ceruledge|atk|2\n|move|p1b: Emboar|Bulk Up|p1b: Emboar\n|-boost|p1b: Emboar|atk|1\n|-boost|p1b: Emboar|def|1\n|move|p2a: Volcarona|Tailwind|p2a: Volcarona\n|-sidestart|p2: operation k|move: Tailwind\n|move|p2b: Scovillain|Overheat|p1b: Emboar\n|-resisted|p1b: Emboar|1\n|-damage|p1b: Emboar|74/100\n|-unboost|p2b: Scovillain|spa|2\n|\n|-ability|p2b: Scovillain|Moody|boost\n|-boost|p2b: Scovillain|def|2\n|-unboost|p2b: Scovillain|spd|1\n|upkeep\n|turn|2\n|inactive|iiioooaaa has 30 seconds left.\n|inactive|operation k has 30 seconds left.\n|\n|t:|1776214169\n|move|p2a: Volcarona|Heat Wave|p1a: Ceruledge|[spread] p1a\n|-miss|p2a: Volcarona|p1b: Emboar\n|-resisted|p1a: Ceruledge|1\n|-damage|p1a: Ceruledge|84/100\n|move|p2b: Scovillain|Overheat|p1b: Emboar|[miss]\n|-miss|p2b: Scovillain|p1b: Emboar\n|move|p1a: Ceruledge|Swords Dance|p1a: Ceruledge\n|-boost|p1a: Ceruledge|atk|2\n|move|p1b: Emboar|Bulk Up|p1b: Emboar\n|-boost|p1b: Emboar|atk|1\n|-boost|p1b: Emboar|def|1\n|\n|-ability|p2b: Scovillain|Moody|boost\n|-boost|p2b: Scovillain|spe|2\n|-unboost|p2b: Scovillain|spd|1\n|upkeep\n|turn|3\n|\n|t:|1776214193\n|move|p2a: Volcarona|Rage Powder|p2a: Volcarona\n|-singleturn|p2a: Volcarona|move: Rage Powder\n|move|p2b: Scovillain|Overheat|p1b: Emboar\n|-resisted|p1b: Emboar|1\n|-damage|p1b: Emboar|60/100\n|-unboost|p2b: Scovillain|spa|2\n|move|p1a: Ceruledge|Bitter Blade|p2a: Volcarona\n|-enditem|p2a: Volcarona|Focus Sash\n|-damage|p2a: Volcarona|1/100\n|-heal|p1a: Ceruledge|100/100|[from] drain|[of] p2a: Volcarona\n|-immune|p1a: Ceruledge\n|move|p1b: Emboar|Close Combat|p2a: Volcarona\n|-resisted|p2a: Volcarona|1\n|-damage|p2a: Volcarona|0 fnt\n|-unboost|p1b: Emboar|def|1\n|-unboost|p1b: Emboar|spd|1\n|faint|p2a: Volcarona\n|\n|-ability|p2b: Scovillain|Moody|boost\n|-boost|p2b: Scovillain|spe|2\n|-unboost|p2b: Scovillain|atk|1\n|upkeep\n|inactive|operation k has 30 seconds left.\n|\n|t:|1776214223\n|switch|p2a: Delphox|Delphox, L50, M|100/100\n|turn|4\n|\n|t:|1776214239\n|detailschange|p2a: Delphox|Delphox-Mega, L50, M\n|-mega|p2a: Delphox|Delphox|Delphoxite\n|move|p2b: Scovillain|Rage Powder|p2b: Scovillain\n|-singleturn|p2b: Scovillain|move: Rage Powder\n|move|p2a: Delphox|Calm Mind|p2a: Delphox\n|-boost|p2a: Delphox|spa|1\n|-boost|p2a: Delphox|spd|1\n|move|p1a: Ceruledge|Shadow Ball|p2b: Scovillain\n|-damage|p2b: Scovillain|41/100\n|move|p1b: Emboar|Close Combat|p2b: Scovillain\n|-damage|p2b: Scovillain|0 fnt\n|-unboost|p1b: Emboar|def|1\n|-unboost|p1b: Emboar|spd|1\n|faint|p2b: Scovillain\n|\n|-sideend|p2: operation k|move: Tailwind\n|upkeep\n|\n|t:|1776214253\n|switch|p2b: Torkoal|Torkoal, L50, F|100/100\n|-weather|SunnyDay|[from] ability: Drought|[of] p2b: Torkoal\n|turn|5\n|\n|t:|1776214267\n|move|p2a: Delphox|Protect|p2a: Delphox\n|-singleturn|p2a: Delphox|Protect\n|move|p1a: Ceruledge|Bitter Blade|p2a: Delphox\n|-activate|p2a: Delphox|move: Protect\n|move|p1b: Emboar|Flare Blitz|p2b: Torkoal\n|-resisted|p2b: Torkoal|1\n|-damage|p2b: Torkoal|27/100\n|-enditem|p2b: Torkoal|Sitrus Berry|[eat]\n|-heal|p2b: Torkoal|51/100|[from] item: Sitrus Berry\n|-damage|p1b: Emboar|37/100|[from] Recoil\n|move|p2b: Torkoal|Clear Smog|p1a: Ceruledge\n|-resisted|p1a: Ceruledge|1\n|-damage|p1a: Ceruledge|92/100\n|-clearboost|p1a: Ceruledge\n|\n|-weather|SunnyDay|[upkeep]\n|upkeep\n|turn|6\n|\n|t:|1776214291\n|move|p2b: Torkoal|Protect|p2b: Torkoal\n|-singleturn|p2b: Torkoal|Protect\n|move|p2a: Delphox|Calm Mind|p2a: Delphox\n|-boost|p2a: Delphox|spa|1\n|-boost|p2a: Delphox|spd|1\n|move|p1a: Ceruledge|Swords Dance|p1a: Ceruledge\n|-boost|p1a: Ceruledge|atk|2\n|move|p1b: Emboar|Flare Blitz|p2b: Torkoal\n|-activate|p2b: Torkoal|move: Protect\n|\n|-weather|SunnyDay|[upkeep]\n|upkeep\n|turn|7\n|\n|t:|1776214309\n|move|p2b: Torkoal|Helping Hand|p2a: Delphox\n|-singleturn|p2a: Delphox|Helping Hand|[of] p2b: Torkoal\n|move|p2a: Delphox|Heat Wave|p1a: Ceruledge|[spread] p1a,p1b\n|-resisted|p1a: Ceruledge|1\n|-resisted|p1b: Emboar|1\n|-damage|p1a: Ceruledge|0 fnt\n|-damage|p1b: Emboar|0 fnt\n|faint|p1a: Ceruledge\n|faint|p1b: Emboar\n|\n|-weather|SunnyDay|[upkeep]\n|upkeep\n|\n|t:|1776214320\n|switch|p1a: Rhyperior|Rhyperior, L50, M|100/100\n|switch|p1b: Scizor|Scizor, L50, M, shiny|100/100\n|turn|8\n|\n|t:|1776214334\n|move|p2b: Torkoal|Helping Hand|p2a: Delphox\n|-singleturn|p2a: Delphox|Helping Hand|[of] p2b: Torkoal\n|move|p1b: Scizor|Protect|p1b: Scizor\n|-singleturn|p1b: Scizor|Protect\n|move|p2a: Delphox|Heat Wave|p1b: Scizor|[spread] p1a\n|-activate|p1b: Scizor|move: Protect\n|-resisted|p1a: Rhyperior|1\n|-damage|p1a: Rhyperior|0 fnt\n|faint|p1a: Rhyperior\n|\n|-weather|SunnyDay|[upkeep]\n|upkeep\n|turn|9\n|inactive|iiioooaaa has 30 seconds left.\n|\n|t:|1776214365\n|move|p2a: Delphox|Heat Wave|p1b: Scizor\n|-supereffective|p1b: Scizor|2\n|-crit|p1b: Scizor\n|-damage|p1b: Scizor|0 fnt\n|faint|p1b: Scizor\n|\n|win|operation k\n|l|\u2606iiioooaaa\n|player|p1|\n",
  "uploadtime": 1776214377,
  "views": 17,
  "formatid": "gen9championsvgc2026regma",
  "rating": null,
  "private": 0,
  "password": null
}