{
  "id": "gen9championsvgc2026regma-2589570975",
  "format": "[Gen 9 Champions] VGC 2026 Reg M-A",
  "players": [
    "iswearitisntme",
    "ogrelord20"
  ],
  "log": "|j|\u2606iswearitisntme\n|j|\u2606ogrelord20\n|t:|1776735176\n|gametype|doubles\n|player|p1|iswearitisntme|266|1113\n|player|p2|ogrelord20|wattson|1117\n|gen|9\n|tier|[Gen 9 Champions] VGC 2026 Reg M-A\n|rated|\n|rule|Species Clause: Limit one of each Pok\u00e9mon\n|rule|Item Clause: Limit 1 of each item\n|clearpoke\n|poke|p1|Venusaur, L50, M|\n|poke|p1|Tyranitar, L50, F|\n|poke|p1|Aerodactyl, L50, F|\n|poke|p1|Dragonite, L50, M|\n|poke|p1|Incineroar, L50, F|\n|poke|p1|Rotom-Wash, L50|\n|poke|p2|Scovillain, L50, F, shiny|\n|poke|p2|Corviknight, L50, F|\n|poke|p2|Primarina, L50, M, shiny|\n|poke|p2|Garchomp, L50, M|\n|poke|p2|Sinistcha-Masterpiece, L50|\n|poke|p2|Incineroar, L50, F|\n|teampreview|4\n|inactive|Battle timer is ON: inactive players will automatically lose when time's up. (requested by iswearitisntme)\n|\n|t:|1776735211\n|teamsize|p1|4\n|teamsize|p2|4\n|start\n|switch|p1a: Dragonite|Dragonite, L50, M|100/100\n|switch|p1b: Aerodactyl|Aerodactyl, L50, F|100/100\n|switch|p2a: Scovillain|Scovillain, L50, F, shiny|100/100\n|switch|p2b: Primarina|Primarina, L50, M, shiny|100/100\n|-ability|p1b: Aerodactyl|Unnerve\n|turn|1\n|inactive|iswearitisntme has 30 seconds left.\n|inactive|ogrelord20 has 30 seconds left.\n|inactive|iswearitisntme has 20 seconds left.\n|\n|t:|1776735247\n|switch|p1a: Tyranitar|Tyranitar, L50, F|100/100\n|-weather|Sandstorm|[from] ability: Sand Stream|[of] p1a: Tyranitar\n|move|p1b: Aerodactyl|Protect|p1b: Aerodactyl\n|-singleturn|p1b: Aerodactyl|Protect\n|move|p2a: Scovillain|Giga Drain|p1b: Aerodactyl\n|-activate|p1b: Aerodactyl|move: Protect\n|move|p2b: Primarina|Hyper Voice|p1a: Tyranitar|[spread] p1a\n|-activate|p1b: Aerodactyl|move: Protect\n|-supereffective|p1a: Tyranitar|1\n|-damage|p1a: Tyranitar|39/100\n|\n|-weather|Sandstorm|[upkeep]\n|-damage|p2a: Scovillain|95/100|[from] Sandstorm\n|-damage|p2b: Primarina|95/100|[from] Sandstorm\n|-ability|p2a: Scovillain|Moody|boost\n|-boost|p2a: Scovillain|spe|2\n|-unboost|p2a: Scovillain|atk|1\n|upkeep\n|turn|2\n|inactive|iswearitisntme has 30 seconds left.\n|inactive|ogrelord20 has 30 seconds left.\n|inactive|ogrelord20 has 20 seconds left.\n|\n|t:|1776735282\n|detailschange|p2a: Scovillain|Scovillain-Mega, L50, F, shiny\n|-mega|p2a: Scovillain|Scovillain|Scovillainite\n|move|p1a: Tyranitar|Protect|p1a: Tyranitar\n|-singleturn|p1a: Tyranitar|Protect\n|move|p1b: Aerodactyl|Tailwind|p1b: Aerodactyl\n|-sidestart|p1: iswearitisntme|move: Tailwind\n|move|p2a: Scovillain|Giga Drain|p1a: Tyranitar\n|-activate|p1a: Tyranitar|move: Protect\n|move|p2b: Primarina|Hyper Voice|p1a: Tyranitar|[spread] p1b\n|-activate|p1a: Tyranitar|move: Protect\n|-supereffective|p1b: Aerodactyl|1\n|-damage|p1b: Aerodactyl|16/100\n|\n|-weather|Sandstorm|[upkeep]\n|-damage|p2a: Scovillain|89/100|[from] Sandstorm\n|-damage|p2b: Primarina|89/100|[from] Sandstorm\n|upkeep\n|turn|3\n|\n|t:|1776735306\n|move|p2a: Scovillain|Protect|p2a: Scovillain\n|-singleturn|p2a: Scovillain|Protect\n|move|p2b: Primarina|Aqua Jet|p1b: Aerodactyl\n|-supereffective|p1b: Aerodactyl|1\n|-damage|p1b: Aerodactyl|0 fnt\n|faint|p1b: Aerodactyl\n|move|p1a: Tyranitar|Rock Slide|p2a: Scovillain|[spread] p2b\n|-activate|p2a: Scovillain|move: Protect\n|-damage|p2b: Primarina|52/100\n|\n|-weather|Sandstorm|[upkeep]\n|-damage|p2a: Scovillain|83/100|[from] Sandstorm\n|-damage|p2b: Primarina|46/100|[from] Sandstorm\n|upkeep\n|\n|t:|1776735320\n|switch|p1b: Venusaur|Venusaur, L50, M|100/100\n|turn|4\n|\n|t:|1776735344\n|detailschange|p1b: Venusaur|Venusaur-Mega, L50, M\n|-mega|p1b: Venusaur|Venusaur|Venusaurite\n|move|p2b: Primarina|Protect|p2b: Primarina\n|-singleturn|p2b: Primarina|Protect\n|move|p1b: Venusaur|Giga Drain|p2b: Primarina\n|-activate|p2b: Primarina|move: Protect\n|move|p2a: Scovillain|Giga Drain|p1a: Tyranitar\n|-supereffective|p1a: Tyranitar|1\n|-damage|p1a: Tyranitar|0 fnt\n|-heal|p2a: Scovillain|100/100|[from] drain|[of] p1a: Tyranitar\n|faint|p1a: Tyranitar\n|\n|-weather|Sandstorm|[upkeep]\n|-damage|p1b: Venusaur|95/100|[from] Sandstorm\n|-damage|p2a: Scovillain|95/100|[from] Sandstorm\n|-damage|p2b: Primarina|40/100|[from] Sandstorm\n|upkeep\n|\n|t:|1776735360\n|switch|p1a: Dragonite|Dragonite, L50, M|100/100\n|turn|5\n|inactive|ogrelord20 has 30 seconds left.\n|\n|t:|1776735387\n|switch|p2b: Corviknight|Corviknight, L50, F|100/100\n|move|p1a: Dragonite|Dragon Pulse|p2a: Scovillain\n|-damage|p2a: Scovillain|57/100\n|-status|p1a: Dragonite|brn|[from] ability: Spicy Spray|[of] p2a: Scovillain\n|move|p1b: Venusaur|Giga Drain|p2b: Corviknight\n|-resisted|p2b: Corviknight|2\n|-damage|p2b: Corviknight|93/100\n|-heal|p1b: Venusaur|98/100|[from] drain|[of] p2b: Corviknight\n|move|p2a: Scovillain|Leech Seed|p1a: Dragonite\n|-start|p1a: Dragonite|move: Leech Seed\n|\n|-weather|none\n|-heal|p2b: Corviknight|99/100|[from] item: Leftovers\n|-damage|p1a: Dragonite|88/100 brn|[from] Leech Seed|[of] p2a: Scovillain\n|-heal|p2a: Scovillain|71/100|[silent]\n|-damage|p1a: Dragonite|82/100 brn|[from] brn\n|-sideend|p1: iswearitisntme|move: Tailwind\n|upkeep\n|turn|6\n|inactive|ogrelord20 has 30 seconds left.\n|inactive|ogrelord20 has 20 seconds left.\n|inactive|ogrelord20 has 15 seconds left.\n|inactive|ogrelord20 has 10 seconds left.\n|\n|t:|1776735437\n|move|p2a: Scovillain|Protect|p2a: Scovillain\n|-singleturn|p2a: Scovillain|Protect\n|move|p1a: Dragonite|Heat Wave|p2a: Scovillain|[spread] p2b\n|-activate|p2a: Scovillain|move: Protect\n|-supereffective|p2b: Corviknight|1\n|-damage|p2b: Corviknight|55/100\n|move|p2b: Corviknight|Brave Bird|p1b: Venusaur\n|-supereffective|p1b: Venusaur|1\n|-damage|p1b: Venusaur|41/100\n|-damage|p2b: Corviknight|34/100|[from] Recoil\n|move|p1b: Venusaur|Sludge Bomb|p2a: Scovillain\n|-activate|p2a: Scovillain|move: Protect\n|\n|-heal|p2b: Corviknight|40/100|[from] item: Leftovers\n|-damage|p1a: Dragonite|70/100 brn|[from] Leech Seed|[of] p2a: Scovillain\n|-heal|p2a: Scovillain|85/100|[silent]\n|-damage|p1a: Dragonite|64/100 brn|[from] brn\n|upkeep\n|turn|7\n|\n|t:|1776735460\n|move|p1b: Venusaur|Protect|p1b: Venusaur\n|-singleturn|p1b: Venusaur|Protect\n|move|p2a: Scovillain|Overheat|p1b: Venusaur\n|-activate|p1b: Venusaur|move: Protect\n|move|p1a: Dragonite|Heat Wave|p2a: Scovillain|[spread] p2a,p2b\n|-supereffective|p2b: Corviknight|1\n|-damage|p2a: Scovillain|62/100\n|-damage|p2b: Corviknight|0 fnt\n|faint|p2b: Corviknight\n|\n|-damage|p1a: Dragonite|52/100 brn|[from] Leech Seed|[of] p2a: Scovillain\n|-heal|p2a: Scovillain|76/100|[silent]\n|-damage|p1a: Dragonite|46/100 brn|[from] brn\n|upkeep\n|\n|t:|1776735471\n|switch|p2b: Garchomp|Garchomp, L50, M|100/100\n|turn|8\n|\n|t:|1776735485\n|move|p2b: Garchomp|Rock Slide|p1b: Venusaur|[spread] p1a,p1b\n|-supereffective|p1a: Dragonite|1\n|-damage|p1a: Dragonite|12/100 brn\n|-damage|p1b: Venusaur|26/100\n|move|p2a: Scovillain|Overheat|p1b: Venusaur|[miss]\n|-miss|p2a: Scovillain|p1b: Venusaur\n|move|p1a: Dragonite|Dragon Pulse|p2b: Garchomp\n|-supereffective|p2b: Garchomp|1\n|-damage|p2b: Garchomp|12/100\n|move|p1b: Venusaur|Sludge Bomb|p2a: Scovillain\n|-supereffective|p2a: Scovillain|1\n|-damage|p2a: Scovillain|1/100\n|-status|p2a: Scovillain|psn\n|-status|p1b: Venusaur|brn|[from] ability: Spicy Spray|[of] p2a: Scovillain\n|\n|-damage|p1a: Dragonite|0 fnt|[from] Leech Seed|[of] p2a: Scovillain\n|-heal|p2a: Scovillain|14/100 psn|[silent]\n|faint|p1a: Dragonite\n|-damage|p2a: Scovillain|2/100 psn|[from] psn\n|-damage|p1b: Venusaur|20/100 brn|[from] brn\n|upkeep\n|turn|9\n|inactive|ogrelord20 has 30 seconds left.\n|\n|t:|1776735519\n|switch|p2a: Primarina|Primarina, L50, M, shiny|40/100\n|move|p1b: Venusaur|Protect|p1b: Venusaur\n|-singleturn|p1b: Venusaur|Protect\n|move|p2b: Garchomp|Rock Slide|p1b: Venusaur\n|-activate|p1b: Venusaur|move: Protect\n|\n|-damage|p1b: Venusaur|14/100 brn|[from] brn\n|upkeep\n|turn|10\n|\n|t:|1776735532\n|move|p2a: Primarina|Aqua Jet|p1b: Venusaur\n|-resisted|p1b: Venusaur|1\n|-damage|p1b: Venusaur|10/100 brn\n|move|p2b: Garchomp|Rock Slide|p1b: Venusaur\n|-damage|p1b: Venusaur|0 fnt\n|faint|p1b: Venusaur\n|\n|win|ogrelord20\n|raw|iswearitisntme's rating: 1113 &rarr; <strong>1088</strong><br />(-25 for losing)\n|raw|ogrelord20's rating: 1117 &rarr; <strong>1142</strong><br />(+25 for winning)\n",
  "uploadtime": 1776735532,
  "views": 4,
  "formatid": "gen9championsvgc2026regma",
  "rating": 1088,
  "private": 0,
  "password": null
}