{
  "id": "gen9championsvgc2026regma-2581481198",
  "format": "[Gen 9 Champions] VGC 2026 Reg M-A",
  "players": [
    "dijdffvef",
    "CappyCappy"
  ],
  "log": "|j|\u2606dijdffvef\n|j|\u2606CappyCappy\n|t:|1776004484\n|gametype|doubles\n|player|p1|dijdffvef|1|1065\n|player|p2|CappyCappy|miku-fairy|1063\n|gen|9\n|tier|[Gen 9 Champions] VGC 2026 Reg M-A\n|rated|\n|rule|Species Clause: Limit one of each Pok\u00e9mon\n|rule|Item Clause: Limit 1 of each item\n|clearpoke\n|poke|p1|Alakazam, L50, M|\n|poke|p1|Lucario, L50, M|\n|poke|p1|Meowstic, L50, M|\n|poke|p1|Incineroar, L50, M|\n|poke|p1|Sneasler, L50, F|\n|poke|p1|Rotom-Wash, L50|\n|poke|p2|Froslass, L50, F|\n|poke|p2|Gardevoir, L50, F|\n|poke|p2|Sneasler, L50, F|\n|poke|p2|Incineroar, L50, F|\n|poke|p2|Sinistcha, L50|\n|poke|p2|Kingambit, L50, F|\n|teampreview|4\n|inactive|Battle timer is ON: inactive players will automatically lose when time's up. (requested by dijdffvef)\nCappyCappy rejected open team sheets.\n|inactive|CappyCappy has 60 seconds left.\n|inactive|CappyCappy has 30 seconds left.\n|inactive|CappyCappy has 20 seconds left.\n|\n|t:|1776004560\n|teamsize|p1|4\n|teamsize|p2|4\n|start\n|switch|p1a: Lucario|Lucario, L50, M|100/100\n|switch|p1b: Meowstic|Meowstic, L50, M|100/100\n|switch|p2a: Incineroar|Incineroar, L50, F|100/100\n|switch|p2b: Kingambit|Kingambit, L50, F|100/100\n|-ability|p2a: Incineroar|Intimidate|boost\n|-unboost|p1a: Lucario|atk|1\n|-unboost|p1b: Meowstic|atk|1\n|turn|1\n|inactive|dijdffvef has 30 seconds left.\n|inactive|CappyCappy has 30 seconds left.\n|inactive|CappyCappy has 20 seconds left.\n|inactive|dijdffvef has 20 seconds left.\n|\n|t:|1776004602\n|detailschange|p1a: Lucario|Lucario-Mega, L50, M\n|-mega|p1a: Lucario|Lucario|Lucarionite\n|move|p1b: Meowstic|Fake Out|p2a: Incineroar\n|-damage|p2a: Incineroar|98/100\n|move|p1a: Lucario|Rock Tomb|p2b: Kingambit\n|-resisted|p2b: Kingambit|1\n|-damage|p2b: Kingambit|96/100\n|-unboost|p2b: Kingambit|spe|1\n|-ability|p2b: Kingambit|Defiant|boost\n|-boost|p2b: Kingambit|atk|2\n|cant|p2a: Incineroar|flinch\n|move|p2b: Kingambit|Kowtow Cleave|p1b: Meowstic\n|-supereffective|p1b: Meowstic|1\n|-enditem|p1b: Meowstic|Focus Sash\n|-damage|p1b: Meowstic|1/100\n|\n|upkeep\n|turn|2\n|\n|t:|1776004623\n|move|p1b: Meowstic|Thunder Wave|p2a: Incineroar\n|-hint|Since gen 7, Dark is immune to Prankster moves.\n|-immune|p2a: Incineroar\n|move|p2b: Kingambit|Sucker Punch|p1a: Lucario\n|-resisted|p1a: Lucario|1\n|-damage|p1a: Lucario|57/100\n|move|p1a: Lucario|Close Combat|p2b: Kingambit\n|-supereffective|p2b: Kingambit|2\n|-enditem|p2b: Kingambit|Chople Berry|[eat]\n|-enditem|p2b: Kingambit|Chople Berry|[weaken]\n|-damage|p2b: Kingambit|11/100\n|-unboost|p1a: Lucario|def|1\n|-unboost|p1a: Lucario|spd|1\n|move|p2a: Incineroar|Flare Blitz|p1a: Lucario\n|-supereffective|p1a: Lucario|1\n|-damage|p1a: Lucario|0 fnt\n|faint|p1a: Lucario\n|-damage|p2a: Incineroar|83/100|[from] Recoil\n|\n|upkeep\n|\n|t:|1776004638\n|switch|p1a: Incineroar|Incineroar, L50, M|100/100\n|-ability|p1a: Incineroar|Intimidate|boost\n|-unboost|p2a: Incineroar|atk|1\n|-unboost|p2b: Kingambit|atk|1\n|-ability|p2b: Kingambit|Defiant|boost\n|-boost|p2b: Kingambit|atk|2\n|turn|3\n|inactive|dijdffvef has 30 seconds left.\n|inactive|dijdffvef has 20 seconds left.\n|\n|t:|1776004674\n|move|p1b: Meowstic|Helping Hand|p1a: Incineroar\n|-singleturn|p1a: Incineroar|Helping Hand|[of] p1b: Meowstic\n|move|p2b: Kingambit|Protect|p2b: Kingambit\n|-singleturn|p2b: Kingambit|Protect\n|move|p1a: Incineroar|Flare Blitz|p2b: Kingambit\n|-activate|p2b: Kingambit|move: Protect\n|move|p2a: Incineroar|Darkest Lariat|p1b: Meowstic\n|-supereffective|p1b: Meowstic|1\n|-damage|p1b: Meowstic|0 fnt\n|faint|p1b: Meowstic\n|\n|upkeep\n|\n|t:|1776004681\n|switch|p1b: Sneasler|Sneasler, L50, F|100/100\n|turn|4\n|inactive|CappyCappy has 30 seconds left.\n|\n|t:|1776004709\n|move|p2b: Kingambit|Protect||[still]\n|-fail|p2b: Kingambit\n|move|p1b: Sneasler|Fling|p2a: Incineroar\n|-resisted|p2a: Incineroar|1\n|-damage|p2a: Incineroar|78/100\n|-enditem|p1b: Sneasler|King's Rock|[from] move: Fling\n|cant|p2a: Incineroar|flinch\n|move|p1a: Incineroar|Flare Blitz|p2b: Kingambit\n|-supereffective|p2b: Kingambit|1\n|-damage|p2b: Kingambit|0 fnt\n|faint|p2b: Kingambit\n|-damage|p1a: Incineroar|97/100|[from] Recoil\n|\n|upkeep\n|inactive|CappyCappy has 30 seconds left.\n|\n|t:|1776004736\n|switch|p2b: Gardevoir|Gardevoir, L50, F, shiny|100/100\n|turn|5\n|\n|t:|1776004748\n|move|p2b: Gardevoir|Protect|p2b: Gardevoir\n|-singleturn|p2b: Gardevoir|Protect\n|move|p1b: Sneasler|Close Combat|p2a: Incineroar\n|-supereffective|p2a: Incineroar|1\n|-crit|p2a: Incineroar\n|-damage|p2a: Incineroar|0 fnt\n|-unboost|p1b: Sneasler|def|1\n|-unboost|p1b: Sneasler|spd|1\n|faint|p2a: Incineroar\n|move|p1a: Incineroar|Parting Shot|p2b: Gardevoir\n|-activate|p2b: Gardevoir|move: Protect\n|\n|upkeep\n|\n|t:|1776004753\n|switch|p2a: Sinistcha|Sinistcha, L50|100/100\n|turn|6\n|\n|t:|1776004773\n|detailschange|p2b: Gardevoir|Gardevoir-Mega, L50, F, shiny\n|-mega|p2b: Gardevoir|Gardevoir|Gardevoirite\n|move|p2a: Sinistcha|Rage Powder|p2a: Sinistcha\n|-singleturn|p2a: Sinistcha|move: Rage Powder\n|move|p1b: Sneasler|Dire Claw|p2a: Sinistcha\n|-damage|p2a: Sinistcha|68/100\n|-status|p2a: Sinistcha|slp\n|move|p2b: Gardevoir|Hyper Voice|p1a: Incineroar|[spread] p1a,p1b\n|-damage|p1a: Incineroar|47/100\n|-damage|p1b: Sneasler|0 fnt\n|-enditem|p1a: Incineroar|Sitrus Berry|[eat]\n|-heal|p1a: Incineroar|71/100|[from] item: Sitrus Berry\n|faint|p1b: Sneasler\n|move|p1a: Incineroar|Flare Blitz|p2a: Sinistcha\n|-supereffective|p2a: Sinistcha|1\n|-damage|p2a: Sinistcha|1/100 slp\n|-damage|p1a: Incineroar|51/100|[from] Recoil\n|\n|-heal|p2a: Sinistcha|7/100 slp|[from] item: Leftovers\n|upkeep\n|turn|7\n|\n|t:|1776004795\n|cant|p2a: Sinistcha|slp\n|move|p2b: Gardevoir|Moonblast|p1a: Incineroar\n|-damage|p1a: Incineroar|0 fnt\n|faint|p1a: Incineroar\n|\n|win|CappyCappy\n|raw|dijdffvef's rating: 1065 &rarr; <strong>1045</strong><br />(-20 for losing)\n|raw|CappyCappy's rating: 1063 &rarr; <strong>1094</strong><br />(+31 for winning)\n",
  "uploadtime": 1776004796,
  "views": 15,
  "formatid": "gen9championsvgc2026regma",
  "rating": 1045,
  "private": 0,
  "password": null
}