{
  "id": "gen9championsvgc2026regma-2586343699",
  "format": "[Gen 9 Champions] VGC 2026 Reg M-A",
  "players": [
    "xBudgie_",
    "UE*Nina"
  ],
  "log": "|j|\u2606xBudgie_\n|j|\u2606UE*Nina\n|t:|1776427191\n|gametype|doubles\n|player|p1|xBudgie_|n|1041\n|player|p2|UE*Nina|101|1105\n|gen|9\n|tier|[Gen 9 Champions] VGC 2026 Reg M-A\n|rated|\n|rule|Species Clause: Limit one of each Pok\u00e9mon\n|rule|Item Clause: Limit 1 of each item\n|clearpoke\n|poke|p1|Hawlucha, L50, M|\n|poke|p1|Excadrill, L50, F|\n|poke|p1|Vanilluxe, L50, M|\n|poke|p1|Incineroar, L50, M|\n|poke|p1|Azumarill, L50, F|\n|poke|p1|Sinistcha, L50|\n|poke|p2|Politoed, L50, M|\n|poke|p2|Gengar, L50, M|\n|poke|p2|Incineroar, L50, M|\n|poke|p2|Whimsicott, L50, M|\n|poke|p2|Kommo-o, L50, F|\n|poke|p2|Sinistcha-Masterpiece, L50|\n|teampreview|4\n|inactive|Battle timer is ON: inactive players will automatically lose when time's up. (requested by UE*Nina)\n|\n|t:|1776427219\n|teamsize|p1|4\n|teamsize|p2|4\n|start\n|switch|p1a: Hawlucha|Hawlucha, L50, M|100/100\n|switch|p1b: Excadrill|Excadrill, L50, F|100/100\n|switch|p2a: Sinistcha|Sinistcha-Masterpiece, L50|100/100\n|switch|p2b: Kommo-o|Kommo-o, L50, F|100/100\n|turn|1\n|\n|t:|1776427233\n|detailschange|p1a: Hawlucha|Hawlucha-Mega, L50, M\n|-mega|p1a: Hawlucha|Hawlucha|Hawluchanite\n|move|p2a: Sinistcha|Rage Powder|p2a: Sinistcha\n|-singleturn|p2a: Sinistcha|move: Rage Powder\n|move|p1a: Hawlucha|Entrainment|p2a: Sinistcha\n|-ability|p2a: Sinistcha|No Guard|Hospitality|[from] move: Entrainment|[of] p1a: Hawlucha\n|move|p1b: Excadrill|Horn Drill|p2a: Sinistcha\n|-immune|p2a: Sinistcha\n|move|p2b: Kommo-o|Clangorous Soul|p2b: Kommo-o\n|-boost|p2b: Kommo-o|atk|1\n|-boost|p2b: Kommo-o|def|1\n|-boost|p2b: Kommo-o|spa|1\n|-boost|p2b: Kommo-o|spd|1\n|-boost|p2b: Kommo-o|spe|1\n|-damage|p2b: Kommo-o|68/100\n|\n|-heal|p2b: Kommo-o|74/100|[from] item: Leftovers\n|upkeep\n|turn|2\n|\n|t:|1776427258\n|move|p1b: Excadrill|Protect|p1b: Excadrill\n|-singleturn|p1b: Excadrill|Protect\n|move|p2a: Sinistcha|Rage Powder|p2a: Sinistcha\n|-singleturn|p2a: Sinistcha|move: Rage Powder\n|move|p2b: Kommo-o|Clanging Scales|p1a: Hawlucha|[spread] p1a\n|-activate|p1b: Excadrill|move: Protect\n|-damage|p1a: Hawlucha|39/100\n|-unboost|p2b: Kommo-o|def|1\n|move|p1a: Hawlucha|Brave Bird|p2a: Sinistcha\n|-supereffective|p2a: Sinistcha|1\n|-enditem|p2a: Sinistcha|Coba Berry|[eat]\n|-enditem|p2a: Sinistcha|Coba Berry|[weaken]\n|-damage|p2a: Sinistcha|53/100\n|-damage|p1a: Hawlucha|21/100|[from] Recoil\n|\n|-heal|p2b: Kommo-o|80/100|[from] item: Leftovers\n|upkeep\n|turn|3\n|\n|t:|1776427276\n|move|p2a: Sinistcha|Rage Powder|p2a: Sinistcha\n|-singleturn|p2a: Sinistcha|move: Rage Powder\n|move|p2b: Kommo-o|Clangorous Soul|p2b: Kommo-o\n|-boost|p2b: Kommo-o|atk|1\n|-boost|p2b: Kommo-o|def|1\n|-boost|p2b: Kommo-o|spa|1\n|-boost|p2b: Kommo-o|spd|1\n|-boost|p2b: Kommo-o|spe|1\n|-damage|p2b: Kommo-o|47/100\n|move|p1a: Hawlucha|Entrainment||[still]\n|-fail|p1a: Hawlucha\n|move|p1b: Excadrill|Horn Drill|p2a: Sinistcha\n|-immune|p2a: Sinistcha\n|\n|-heal|p2b: Kommo-o|53/100|[from] item: Leftovers\n|upkeep\n|turn|4\n|c|\u2606UE*Nina|This Strat is Ass \ud83d\ude02\n|\n|t:|1776427295\n|move|p1a: Hawlucha|Protect|p1a: Hawlucha\n|-singleturn|p1a: Hawlucha|Protect\n|move|p2b: Kommo-o|Clanging Scales|p1b: Excadrill|[spread] p1b\n|-activate|p1a: Hawlucha|move: Protect\n|-resisted|p1b: Excadrill|1\n|-damage|p1b: Excadrill|47/100\n|-unboost|p2b: Kommo-o|def|1\n|move|p1b: Excadrill|Iron Head|p2a: Sinistcha\n|-damage|p2a: Sinistcha|23/100\n|move|p2a: Sinistcha|Matcha Gotcha|p1a: Hawlucha|[spread] p1b\n|-activate|p1a: Hawlucha|move: Protect\n|-damage|p1b: Excadrill|14/100\n|-heal|p2a: Sinistcha|40/100|[from] drain|[of] p1b: Excadrill\n|-status|p1b: Excadrill|brn\n|\n|-heal|p2b: Kommo-o|59/100|[from] item: Leftovers\n|-damage|p1b: Excadrill|9/100 brn|[from] brn\n|upkeep\n|turn|5\n|inactive|xBudgie_ has 30 seconds left.\n|c|\u2606xBudgie_|Wow so cool ur winning against a gimmick team\n|c|\u2606xBudgie_|u should have a medal\n|inactive|xBudgie_ has 20 seconds left.\n|inactive|xBudgie_ has 15 seconds left.\n|inactive|xBudgie_ has 10 seconds left.\n|\n|t:|1776427341\n|switch|p2a: Incineroar|Incineroar, L50, M|100/100\n|-ability|p2a: Incineroar|Intimidate|boost\n|-unboost|p1a: Hawlucha|atk|1\n|-unboost|p1b: Excadrill|atk|1\n|move|p2b: Kommo-o|Clanging Scales|p1b: Excadrill|[spread] p1a,p1b\n|-resisted|p1b: Excadrill|1\n|-damage|p1a: Hawlucha|0 fnt\n|-damage|p1b: Excadrill|0 fnt\n|faint|p1a: Hawlucha\n|faint|p1b: Excadrill\n|-unboost|p2b: Kommo-o|def|1\n|\n|-heal|p2b: Kommo-o|65/100|[from] item: Leftovers\n|upkeep\n|\n|t:|1776427348\n|switch|p1a: Azumarill|Azumarill, L50, F, shiny|100/100\n|switch|p1b: Incineroar|Incineroar, L50, M|100/100\n|-ability|p1b: Incineroar|Intimidate|boost\n|-unboost|p2a: Incineroar|atk|1\n|-unboost|p2b: Kommo-o|atk|1\n|turn|6\n|\n|t:|1776427368\n|move|p2a: Incineroar|Fake Out|p1a: Azumarill\n|-damage|p1a: Azumarill|92/100\n|move|p1b: Incineroar|Fake Out|p2b: Kommo-o\n|-damage|p2b: Kommo-o|50/100\n|cant|p2b: Kommo-o|flinch\n|cant|p1a: Azumarill|flinch\n|\n|-heal|p2b: Kommo-o|56/100|[from] item: Leftovers\n|upkeep\n|turn|7\n|inactive|xBudgie_ has 30 seconds left.\n|inactive|xBudgie_ has 20 seconds left.\n|\n|t:|1776427403\n|switch|p2a: Sinistcha|Sinistcha-Masterpiece, L50|40/100\n|-heal|p2b: Kommo-o|81/100|[from] ability: Hospitality|[of] p2a: Sinistcha\n|move|p2b: Kommo-o|Protect|p2b: Kommo-o\n|-singleturn|p2b: Kommo-o|Protect\n|move|p1b: Incineroar|Parting Shot|p2b: Kommo-o\n|-activate|p2b: Kommo-o|move: Protect\n|move|p1a: Azumarill|Belly Drum|p1a: Azumarill\n|-damage|p1a: Azumarill|43/100\n|-setboost|p1a: Azumarill|atk|6|[from] move: Belly Drum\n|-enditem|p1a: Azumarill|Sitrus Berry|[eat]\n|-heal|p1a: Azumarill|67/100|[from] item: Sitrus Berry\n|\n|-heal|p2b: Kommo-o|87/100|[from] item: Leftovers\n|upkeep\n|turn|8\n|\n|t:|1776427420\n|move|p2a: Sinistcha|Protect|p2a: Sinistcha\n|-singleturn|p2a: Sinistcha|Protect\n|move|p2b: Kommo-o|Aura Sphere|p1b: Incineroar\n|-supereffective|p1b: Incineroar|1\n|-damage|p1b: Incineroar|0 fnt\n|faint|p1b: Incineroar\n|move|p1a: Azumarill|Play Rough|p2b: Kommo-o\n|-supereffective|p2b: Kommo-o|2\n|-damage|p2b: Kommo-o|0 fnt\n|faint|p2b: Kommo-o\n|\n|upkeep\n|\n|t:|1776427424\n|switch|p2b: Gengar|Gengar, L50, M|100/100\n|turn|9\n|inactive|xBudgie_ has 30 seconds left.\n|inactive|xBudgie_ has 20 seconds left.\n|\n|t:|1776427476\n|detailschange|p2b: Gengar|Gengar-Mega, L50, M\n|-mega|p2b: Gengar|Gengar|Gengarite\n|move|p2b: Gengar|Protect|p2b: Gengar\n|-singleturn|p2b: Gengar|Protect\n|move|p1a: Azumarill|Aqua Jet|p2a: Sinistcha\n|-resisted|p2a: Sinistcha|1\n|-crit|p2a: Sinistcha\n|-damage|p2a: Sinistcha|0 fnt\n|faint|p2a: Sinistcha\n|\n|upkeep\n|\n|t:|1776427483\n|switch|p2a: Incineroar|Incineroar, L50, M|100/100\n|-ability|p2a: Incineroar|Intimidate|boost\n|-unboost|p1a: Azumarill|atk|1\n|turn|10\n|\n|t:|1776427492\n|move|p2a: Incineroar|Fake Out|p1a: Azumarill\n|-damage|p1a: Azumarill|56/100\n|cant|p1a: Azumarill|flinch\n|move|p2b: Gengar|Shadow Ball|p1a: Azumarill\n|-damage|p1a: Azumarill|11/100\n|\n|upkeep\n|turn|11\n|\n|t:|1776427504\n|move|p1a: Azumarill|Aqua Jet|p2a: Incineroar\n|-supereffective|p2a: Incineroar|1\n|-damage|p2a: Incineroar|0 fnt\n|faint|p2a: Incineroar\n|move|p2b: Gengar|Shadow Ball|p1a: Azumarill\n|-crit|p1a: Azumarill\n|-damage|p1a: Azumarill|0 fnt\n|faint|p1a: Azumarill\n|\n|win|UE*Nina\n|raw|xBudgie_'s rating: 1041 &rarr; <strong>1028</strong><br />(-13 for losing)\n|raw|UE*Nina's rating: 1105 &rarr; <strong>1125</strong><br />(+20 for winning)\n",
  "uploadtime": 1776427512,
  "views": 75,
  "formatid": "gen9championsvgc2026regma",
  "rating": 1028,
  "private": 0,
  "password": null
}