{
  "id": "gen9championsvgc2026regma-2588354659",
  "format": "[Gen 9 Champions] VGC 2026 Reg M-A",
  "players": [
    "Mariacameron",
    "HeavyLobsterAlf"
  ],
  "log": "|j|\u203dMariacameron\n|j|\u2606HeavyLobsterAlf\n|t:|1776626620\n|gametype|doubles\n|player|p1|Mariacameron|101|1219\n|player|p2|HeavyLobsterAlf|phoebe-masters|1238\n|gen|9\n|tier|[Gen 9 Champions] VGC 2026 Reg M-A\n|rated|\n|rule|Species Clause: Limit one of each Pok\u00e9mon\n|rule|Item Clause: Limit 1 of each item\n|clearpoke\n|poke|p1|Espathra, L50, M|\n|poke|p1|Incineroar, L50, M|\n|poke|p1|Basculegion-F, L50, F|\n|poke|p1|Floette-Eternal, L50, F|\n|poke|p1|Sneasler, L50, F|\n|poke|p1|Snorlax, L50, M|\n|poke|p2|Gardevoir, L50, M|\n|poke|p2|Primarina, L50, M|\n|poke|p2|Whimsicott, L50, M|\n|poke|p2|Sneasler, L50, M|\n|poke|p2|Arcanine-Hisui, L50, M|\n|poke|p2|Kingambit, L50, M|\n|teampreview|4\n|inactive|Battle timer is ON: inactive players will automatically lose when time's up. (requested by HeavyLobsterAlf)\n|\n|t:|1776626700\n|teamsize|p1|4\n|teamsize|p2|4\n|start\n|switch|p1a: Incineroar|Incineroar, L50, M|100/100\n|switch|p1b: Espathra|Espathra, L50, M|100/100\n|switch|p2a: Gardevoir|Gardevoir, L50, M|100/100\n|switch|p2b: Sneasler|Sneasler, L50, M|100/100\n|-ability|p2a: Gardevoir|Speed Boost|Trace|[from] ability: Trace|[of] p1b: Espathra\n|-ability|p1a: Incineroar|Intimidate|boost\n|-unboost|p2a: Gardevoir|atk|1\n|-unboost|p2b: Sneasler|atk|1\n|-enditem|p2b: Sneasler|White Herb\n|-clearnegativeboost|p2b: Sneasler|[silent]\n|turn|1\n|inactive|Mariacameron has 30 seconds left.\n|inactive|Mariacameron has 20 seconds left.\n|\n|t:|1776626737\n|detailschange|p2a: Gardevoir|Gardevoir-Mega, L50, M\n|-mega|p2a: Gardevoir|Gardevoir|Gardevoirite\n|move|p1b: Espathra|Protect|p1b: Espathra\n|-singleturn|p1b: Espathra|Protect\n|move|p2b: Sneasler|Fake Out|p1a: Incineroar\n|-damage|p1a: Incineroar|87/100\n|cant|p1a: Incineroar|flinch\n|move|p2a: Gardevoir|Trick Room|p2a: Gardevoir\n|-fieldstart|move: Trick Room|[of] p2a: Gardevoir\n|\n|-ability|p1b: Espathra|Speed Boost|boost\n|-boost|p1b: Espathra|spe|1\n|upkeep\n|turn|2\n|inactive|Mariacameron has 30 seconds left.\n|\n|t:|1776626770\n|move|p2a: Gardevoir|Protect|p2a: Gardevoir\n|-singleturn|p2a: Gardevoir|Protect\n|move|p2b: Sneasler|Protect|p2b: Sneasler\n|-singleturn|p2b: Sneasler|Protect\n|move|p1a: Incineroar|Snarl|p2b: Sneasler|[spread] \n|-activate|p2a: Gardevoir|move: Protect\n|-activate|p2b: Sneasler|move: Protect\n|move|p1b: Espathra|Lumina Crash|p2b: Sneasler\n|-activate|p2b: Sneasler|move: Protect\n|\n|-ability|p1b: Espathra|Speed Boost|boost\n|-boost|p1b: Espathra|spe|1\n|upkeep\n|turn|3\n|inactive|Mariacameron has 30 seconds left.\n|\n|t:|1776626802\n|switch|p2a: Kingambit|Kingambit, L50, M|100/100\n|move|p1a: Incineroar|Protect|p1a: Incineroar\n|-singleturn|p1a: Incineroar|Protect\n|move|p1b: Espathra|Lumina Crash|p2b: Sneasler\n|-supereffective|p2b: Sneasler|2\n|-damage|p2b: Sneasler|0 fnt\n|faint|p2b: Sneasler\n|\n|-ability|p1b: Espathra|Speed Boost|boost\n|-boost|p1b: Espathra|spe|1\n|upkeep\n|\n|t:|1776626807\n|switch|p2b: Primarina|Primarina, L50, M|100/100\n|turn|4\n|inactive|Mariacameron has 30 seconds left.\n|\n|t:|1776626833\n|move|p1b: Espathra|Protect|p1b: Espathra\n|-singleturn|p1b: Espathra|Protect\n|move|p2a: Kingambit|Kowtow Cleave|p1b: Espathra\n|-activate|p1b: Espathra|move: Protect\n|move|p1a: Incineroar|Flare Blitz|p2a: Kingambit\n|-supereffective|p2a: Kingambit|1\n|-damage|p2a: Kingambit|25/100\n|-damage|p1a: Incineroar|62/100|[from] Recoil\n|move|p2b: Primarina|Hyper Voice|p1a: Incineroar|[spread] p1a\n|-activate|p1b: Espathra|move: Protect\n|-supereffective|p1a: Incineroar|1\n|-damage|p1a: Incineroar|4/100\n|-enditem|p1a: Incineroar|Sitrus Berry|[eat]\n|-heal|p1a: Incineroar|29/100|[from] item: Sitrus Berry\n|\n|-ability|p1b: Espathra|Speed Boost|boost\n|-boost|p1b: Espathra|spe|1\n|upkeep\n|turn|5\n|inactive|Mariacameron has 30 seconds left.\n|inactive|HeavyLobsterAlf has 30 seconds left.\n|inactive|Mariacameron has 20 seconds left.\n|\n|t:|1776626869\n|switch|p2a: Gardevoir|Gardevoir-Mega, L50, M|100/100\n|move|p2b: Primarina|Hyper Voice|p1a: Incineroar|[spread] p1a,p1b\n|-supereffective|p1a: Incineroar|1\n|-damage|p1a: Incineroar|0 fnt\n|-damage|p1b: Espathra|54/100\n|faint|p1a: Incineroar\n|move|p1b: Espathra|Calm Mind|p1b: Espathra\n|-boost|p1b: Espathra|spa|1\n|-boost|p1b: Espathra|spd|1\n|\n|-fieldend|move: Trick Room\n|-ability|p1b: Espathra|Speed Boost|boost\n|-boost|p1b: Espathra|spe|1\n|upkeep\n|inactive|Mariacameron has 30 seconds left.\n|\n|t:|1776626895\n|switch|p1a: Sneasler|Sneasler, L50, F|100/100\n|turn|6\n|\n|t:|1776626908\n|move|p2a: Gardevoir|Protect|p2a: Gardevoir\n|-singleturn|p2a: Gardevoir|Protect\n|move|p1b: Espathra|Lumina Crash|p2b: Primarina\n|-damage|p2b: Primarina|54/100\n|-unboost|p2b: Primarina|spd|2\n|move|p1a: Sneasler|Close Combat|p2b: Primarina\n|-resisted|p2b: Primarina|1\n|-damage|p2b: Primarina|15/100\n|-unboost|p1a: Sneasler|def|1\n|-unboost|p1a: Sneasler|spd|1\n|-enditem|p1a: Sneasler|White Herb\n|-clearnegativeboost|p1a: Sneasler|[silent]\n|move|p2b: Primarina|Hyper Voice|p1b: Espathra|[spread] p1a,p1b\n|-damage|p1a: Sneasler|49/100\n|-damage|p1b: Espathra|22/100\n|\n|-heal|p2b: Primarina|21/100|[from] item: Leftovers\n|-ability|p1b: Espathra|Speed Boost|boost\n|-boost|p1b: Espathra|spe|1\n|upkeep\n|turn|7\n|inactive|Mariacameron has 30 seconds left.\n|inactive|Mariacameron has 20 seconds left.\n|\n|t:|1776626944\n|move|p1b: Espathra|Lumina Crash|p2a: Gardevoir\n|-resisted|p2a: Gardevoir|1\n|-damage|p2a: Gardevoir|77/100\n|-unboost|p2a: Gardevoir|spd|2\n|move|p1a: Sneasler|Throat Chop|p2a: Gardevoir\n|-damage|p2a: Gardevoir|29/100\n|-start|p2a: Gardevoir|Throat Chop|[silent]\n|move|p2b: Primarina|Hyper Voice|p1b: Espathra|[spread] p1a,p1b\n|-crit|p1b: Espathra\n|-damage|p1a: Sneasler|0 fnt\n|-damage|p1b: Espathra|0 fnt\n|faint|p1a: Sneasler\n|faint|p1b: Espathra\n|move|p2a: Gardevoir|Trick Room|p2a: Gardevoir\n|-fieldstart|move: Trick Room|[of] p2a: Gardevoir\n|\n|-heal|p2b: Primarina|27/100|[from] item: Leftovers\n|upkeep\n|\n|t:|1776626961\n|switch|p1b: Snorlax|Snorlax, L50, M|100/100\n|turn|8\n|\n|t:|1776626974\n|move|p1b: Snorlax|Stockpile|p1b: Snorlax\n|-start|p1b: Snorlax|stockpile1\n|-boost|p1b: Snorlax|def|1\n|-boost|p1b: Snorlax|spd|1\n|move|p2b: Primarina|Moonblast|p1b: Snorlax\n|-damage|p1b: Snorlax|80/100\n|move|p2a: Gardevoir|Psychic|p1b: Snorlax\n|-damage|p1b: Snorlax|57/100\n|-unboost|p1b: Snorlax|spd|1\n|\n|-heal|p1b: Snorlax|63/100|[from] item: Leftovers\n|-heal|p2b: Primarina|33/100|[from] item: Leftovers\n|-end|p2a: Gardevoir|Throat Chop|[silent]\n|upkeep\n|turn|9\n|\n|t:|1776626997\n|move|p1b: Snorlax|Protect|p1b: Snorlax\n|-singleturn|p1b: Snorlax|Protect\n|move|p2b: Primarina|Moonblast|p1b: Snorlax\n|-activate|p1b: Snorlax|move: Protect\n|move|p2a: Gardevoir|Psychic|p1b: Snorlax\n|-activate|p1b: Snorlax|move: Protect\n|\n|-heal|p1b: Snorlax|69/100|[from] item: Leftovers\n|-heal|p2b: Primarina|38/100|[from] item: Leftovers\n|upkeep\n|turn|10\n|\n|t:|1776627016\n|move|p1b: Snorlax|Rock Slide|p2a: Gardevoir|[spread] p2a,p2b\n|-crit|p2b: Primarina\n|-damage|p2a: Gardevoir|0 fnt\n|-damage|p2b: Primarina|8/100\n|faint|p2a: Gardevoir\n|move|p2b: Primarina|Moonblast|p1b: Snorlax\n|-damage|p1b: Snorlax|37/100\n|\n|-heal|p1b: Snorlax|43/100|[from] item: Leftovers\n|-heal|p2b: Primarina|14/100|[from] item: Leftovers\n|upkeep\n|\n|t:|1776627019\n|switch|p2a: Kingambit|Kingambit, L50, M|25/100\n|turn|11\n|\n|t:|1776627028\n|move|p1b: Snorlax|Rock Slide|p2b: Primarina|[spread] p2a,p2b\n|-resisted|p2a: Kingambit|1\n|-damage|p2a: Kingambit|18/100\n|-damage|p2b: Primarina|0 fnt\n|faint|p2b: Primarina\n|move|p2a: Kingambit|Iron Head|p1b: Snorlax\n|-damage|p1b: Snorlax|18/100\n|\n|-heal|p1b: Snorlax|24/100|[from] item: Leftovers\n|-fieldend|move: Trick Room\n|upkeep\n|turn|12\n|\n|t:|1776627040\n|move|p1b: Snorlax|Protect|p1b: Snorlax\n|-singleturn|p1b: Snorlax|Protect\n|move|p2a: Kingambit|Kowtow Cleave|p1b: Snorlax\n|-activate|p1b: Snorlax|move: Protect\n|\n|-heal|p1b: Snorlax|30/100|[from] item: Leftovers\n|upkeep\n|turn|13\n|\n|t:|1776627058\n|move|p2a: Kingambit|Kowtow Cleave|p1b: Snorlax\n|-damage|p1b: Snorlax|0 fnt\n|faint|p1b: Snorlax\n|\n|win|HeavyLobsterAlf\n|raw|Mariacameron's rating: 1219 &rarr; <strong>1195</strong><br />(-24 for losing)\n|raw|HeavyLobsterAlf's rating: 1238 &rarr; <strong>1262</strong><br />(+24 for winning)\n",
  "uploadtime": 1776627063,
  "views": 10,
  "formatid": "gen9championsvgc2026regma",
  "rating": 1195,
  "private": 0,
  "password": null
}