{
  "id": "gen9championsvgc2026regma-2586530951",
  "format": "[Gen 9 Champions] VGC 2026 Reg M-A",
  "players": [
    "TethysPersevere",
    "ilan_profile"
  ],
  "log": "|j|\u2606TethysPersevere\n|j|\u2606ilan_profile\n|t:|1776441063\n|gametype|doubles\n|player|p1|TethysPersevere|lucas-gen4pt|1156\n|player|p2|ilan_profile|2|1134\n|gen|9\n|tier|[Gen 9 Champions] VGC 2026 Reg M-A\n|rated|\n|rule|Species Clause: Limit one of each Pok\u00e9mon\n|rule|Item Clause: Limit 1 of each item\n|clearpoke\n|poke|p1|Empoleon, L50, F|\n|poke|p1|Sinistcha, L50|\n|poke|p1|Incineroar, L50, F|\n|poke|p1|Chimecho, L50, F|\n|poke|p1|Tyranitar, L50, F|\n|poke|p1|Kommo-o, L50, M|\n|poke|p2|Tauros-Paldea-Aqua, L50, M|\n|poke|p2|Froslass, L50, F|\n|poke|p2|Archaludon, L50, F|\n|poke|p2|Pelipper, L50, F|\n|poke|p2|Sinistcha, L50|\n|poke|p2|Kangaskhan, L50, F|\n|teampreview|4\n|inactive|Battle timer is ON: inactive players will automatically lose when time's up. (requested by TethysPersevere)\n|\n|t:|1776441105\n|teamsize|p1|4\n|teamsize|p2|4\n|start\n|switch|p1a: Sinistcha|Sinistcha, L50|100/100\n|switch|p1b: Chimecho|Chimecho, L50, F|100/100\n|switch|p2a: Kangaskhan|Kangaskhan, L50, F|100/100\n|switch|p2b: Pelipper|Pelipper, L50, F, shiny|100/100\n|-weather|RainDance|[from] ability: Drizzle|[of] p2b: Pelipper\n|turn|1\n|\n|t:|1776441129\n|detailschange|p2a: Kangaskhan|Kangaskhan-Mega, L50, F\n|-mega|p2a: Kangaskhan|Kangaskhan|Kangaskhanite\n|detailschange|p1b: Chimecho|Chimecho-Mega, L50, F\n|-mega|p1b: Chimecho|Chimecho|Chimechite\n|move|p2a: Kangaskhan|Fake Out|p1b: Chimecho\n|-resisted|p1b: Chimecho|1\n|-damage|p1b: Chimecho|90/100\n|-resisted|p1b: Chimecho|1\n|-damage|p1b: Chimecho|88/100\n|-hitcount|p1b: Chimecho|2\n|move|p2b: Pelipper|Hurricane|p1a: Sinistcha\n|-supereffective|p1a: Sinistcha|1\n|-damage|p1a: Sinistcha|6/100\n|cant|p1b: Chimecho|flinch\n|move|p1a: Sinistcha|Trick Room|p1a: Sinistcha\n|-fieldstart|move: Trick Room|[of] p1a: Sinistcha\n|\n|-weather|RainDance|[upkeep]\n|upkeep\n|turn|2\n|inactive|ilan_profile has 30 seconds left.\n|-activate|p2b: Pelipper|item: Quick Claw\n|\n|t:|1776441154\n|move|p2a: Kangaskhan|Protect|p2a: Kangaskhan\n|-singleturn|p2a: Kangaskhan|Protect\n|move|p1a: Sinistcha|Rage Powder|p1a: Sinistcha\n|-singleturn|p1a: Sinistcha|move: Rage Powder\n|move|p2b: Pelipper|Hurricane|p1a: Sinistcha\n|-supereffective|p1a: Sinistcha|1\n|-damage|p1a: Sinistcha|0 fnt\n|faint|p1a: Sinistcha\n|move|p1b: Chimecho|Calm Mind|p1b: Chimecho\n|-boost|p1b: Chimecho|spa|1\n|-boost|p1b: Chimecho|spd|1\n|\n|-weather|RainDance|[upkeep]\n|upkeep\n|\n|t:|1776441168\n|switch|p1a: Tyranitar|Tyranitar, L50, F|100/100\n|-weather|Sandstorm|[from] ability: Sand Stream|[of] p1a: Tyranitar\n|turn|3\n|\n|t:|1776441192\n|switch|p2b: Archaludon|Archaludon, L50, F|100/100\n|move|p1a: Tyranitar|Low Kick|p2a: Kangaskhan\n|-supereffective|p2a: Kangaskhan|1\n|-crit|p2a: Kangaskhan\n|-damage|p2a: Kangaskhan|0 fnt\n|faint|p2a: Kangaskhan\n|move|p1b: Chimecho|Calm Mind|p1b: Chimecho\n|-boost|p1b: Chimecho|spa|1\n|-boost|p1b: Chimecho|spd|1\n|\n|-weather|Sandstorm|[upkeep]\n|upkeep\n|\n|t:|1776441197\n|switch|p2a: Pelipper|Pelipper, L50, F, shiny|100/100\n|-weather|RainDance|[from] ability: Drizzle|[of] p2a: Pelipper\n|turn|4\n|\n|t:|1776441218\n|switch|p1a: Kommo-o|Kommo-o, L50, M|100/100\n|move|p2a: Pelipper|Wide Guard|p2a: Pelipper\n|-singleturn|p2a: Pelipper|Wide Guard\n|move|p1b: Chimecho|Boomburst|p2b: Archaludon|[spread] \n|-activate|p2a: Pelipper|move: Wide Guard\n|-activate|p2b: Archaludon|move: Wide Guard\n|-immune|p1a: Kommo-o|[from] ability: Soundproof\n|move|p2b: Archaludon|Flash Cannon|p1a: Kommo-o\n|-damage|p1a: Kommo-o|64/100\n|\n|-weather|RainDance|[upkeep]\n|-heal|p1a: Kommo-o|70/100|[from] item: Leftovers\n|upkeep\n|turn|5\n|inactive|ilan_profile has 30 seconds left.\n|\n|t:|1776441247\n|move|p1b: Chimecho|Boomburst|p2b: Archaludon|[spread] p2a,p2b\n|-immune|p1a: Kommo-o|[from] ability: Soundproof\n|-resisted|p2b: Archaludon|1\n|-damage|p2a: Pelipper|0 fnt\n|-damage|p2b: Archaludon|63/100\n|-ability|p2b: Archaludon|Stamina|boost\n|-boost|p2b: Archaludon|def|1\n|faint|p2a: Pelipper\n|move|p1a: Kommo-o|Aura Sphere|p2b: Archaludon\n|-supereffective|p2b: Archaludon|1\n|-damage|p2b: Archaludon|0 fnt\n|faint|p2b: Archaludon\n|\n|-weather|RainDance|[upkeep]\n|-heal|p1a: Kommo-o|76/100|[from] item: Leftovers\n|-fieldend|move: Trick Room\n|upkeep\n|-message|ilan_profile forfeited.\n|\n|win|TethysPersevere\n|raw|TethysPersevere's rating: 1156 &rarr; <strong>1179</strong><br />(+23 for winning)\n|raw|ilan_profile's rating: 1134 &rarr; <strong>1111</strong><br />(-23 for losing)\n|l|\u2606ilan_profile\n|player|p2|\n",
  "uploadtime": 1776441264,
  "views": 26,
  "formatid": "gen9championsvgc2026regma",
  "rating": 1111,
  "private": 0,
  "password": null
}