{
  "id": "gen9championsvgc2026regma-2581978560",
  "format": "[Gen 9 Champions] VGC 2026 Reg M-A",
  "players": [
    "N Side Gravity",
    "darthbear1976"
  ],
  "log": "|j|\u2606N Side Gravity\n|j|\u2606darthbear1976\n|t:|1776045092\n|gametype|doubles\n|player|p1|N Side Gravity|colress|1132\n|player|p2|darthbear1976|pokemonranger-gen4|1074\n|gen|9\n|tier|[Gen 9 Champions] VGC 2026 Reg M-A\n|rated|\n|rule|Species Clause: Limit one of each Pok\u00e9mon\n|rule|Item Clause: Limit 1 of each item\n|clearpoke\n|poke|p1|Excadrill, L50, M|\n|poke|p1|Hawlucha, L50, M|\n|poke|p1|Tyranitar, L50, M|\n|poke|p1|Sinistcha, L50|\n|poke|p1|Gyarados, L50, M|\n|poke|p1|Rotom-Wash, L50|\n|poke|p2|Floette-Eternal, L50, F|\n|poke|p2|Talonflame, L50, F|\n|poke|p2|Corviknight, L50, M|\n|poke|p2|Garchomp, L50, F|\n|poke|p2|Palafin, L50, F|\n|poke|p2|Meowscarada, L50, M|\n|teampreview|4\n|inactive|Battle timer is ON: inactive players will automatically lose when time's up. (requested by darthbear1976)\n|inactive|N Side Gravity has 60 seconds left.\n|inactive|darthbear1976 has 60 seconds left.\n|\n|t:|1776045144\n|teamsize|p1|4\n|teamsize|p2|4\n|start\n|switch|p1a: Excadrill|Excadrill, L50, M, shiny|100/100\n|switch|p1b: Hawlucha|Hawlucha, L50, M, shiny|100/100\n|switch|p2a: Talonflame|Talonflame, L50, F, shiny|100/100\n|switch|p2b: Palafin|Palafin, L50, F, shiny|100/100\n|turn|1\n|inactive|N Side Gravity has 30 seconds left.\n|inactive|N Side Gravity has 20 seconds left.\n|\n|t:|1776045184\n|switch|p1b: Tyranitar|Tyranitar, L50, M, shiny|100/100\n|-weather|Sandstorm|[from] ability: Sand Stream|[of] p1b: Tyranitar\n|switch|p1a: Qwabn't|Rotom-Wash, L50, shiny|100/100\n|move|p2b: Palafin|Jet Punch|p1a: Qwabn't\n|-resisted|p1a: Qwabn't|1\n|-damage|p1a: Qwabn't|82/100\n|move|p2a: Talonflame|Taunt|p1b: Tyranitar\n|-start|p1b: Tyranitar|move: Taunt\n|\n|-weather|Sandstorm|[upkeep]\n|-damage|p1a: Qwabn't|77/100|[from] Sandstorm\n|-damage|p2a: Talonflame|95/100|[from] Sandstorm\n|-damage|p2b: Palafin|94/100|[from] Sandstorm\n|upkeep\n|turn|2\n|\n|t:|1776045202\n|detailschange|p2b: Palafin|Palafin-Hero, L50, F, shiny\n|switch|p2b: Garchomp|Garchomp, L50, F|100/100\n|move|p1a: Qwabn't|Electroweb|p2a: Talonflame|[spread] p2a\n|-immune|p2b: Garchomp\n|-supereffective|p2a: Talonflame|1\n|-damage|p2a: Talonflame|44/100\n|-unboost|p2a: Talonflame|spe|1\n|move|p2a: Talonflame|Tailwind|p2a: Talonflame\n|-sidestart|p2: darthbear1976|move: Tailwind\n|move|p1b: Tyranitar|Rock Slide|p2b: Garchomp|[spread] p2a,p2b\n|-supereffective|p2a: Talonflame|2\n|-resisted|p2b: Garchomp|1\n|-damage|p2a: Talonflame|0 fnt\n|-damage|p2b: Garchomp|86/100\n|faint|p2a: Talonflame\n|\n|-weather|Sandstorm|[upkeep]\n|-damage|p1a: Qwabn't|71/100|[from] Sandstorm\n|upkeep\n|\n|t:|1776045218\n|switch|p2a: Floette|Floette-Eternal, L50, F|100/100\n|turn|3\n|\n|t:|1776045243\n|switch|p1a: Excadrill|Excadrill, L50, M, shiny|100/100\n|detailschange|p2a: Floette|Floette-Mega, L50, F\n|-mega|p2a: Floette|Floette|Floettite\n|-ability|p2a: Floette|Fairy Aura\n|detailschange|p1b: Tyranitar|Tyranitar-Mega, L50, M, shiny\n|-mega|p1b: Tyranitar|Tyranitar|Tyranitarite\n|move|p2b: Garchomp|Swords Dance|p2b: Garchomp\n|-boost|p2b: Garchomp|atk|2\n|move|p2a: Floette|Moonblast|p1b: Tyranitar\n|-supereffective|p1b: Tyranitar|1\n|-damage|p1b: Tyranitar|16/100\n|move|p1b: Tyranitar|Knock Off|p2a: Floette\n|-resisted|p2a: Floette|1\n|-damage|p2a: Floette|79/100\n|\n|-weather|Sandstorm|[upkeep]\n|-damage|p2a: Floette|73/100|[from] Sandstorm\n|-end|p1b: Tyranitar|move: Taunt\n|upkeep\n|turn|4\n|inactive|N Side Gravity has 30 seconds left.\n|inactive|darthbear1976 has 30 seconds left.\n|inactive|darthbear1976 has 20 seconds left.\n|\n|t:|1776045281\n|switch|p1b: Qwabn't|Rotom-Wash, L50, shiny|71/100\n|move|p1a: Excadrill|Iron Head|p2a: Floette\n|-supereffective|p2a: Floette|1\n|-damage|p2a: Floette|0 fnt\n|faint|p2a: Floette\n|move|p2b: Garchomp|Dragon Claw|p1a: Excadrill\n|-resisted|p1a: Excadrill|1\n|-damage|p1a: Excadrill|51/100\n|\n|-weather|Sandstorm|[upkeep]\n|-damage|p1b: Qwabn't|66/100|[from] Sandstorm\n|upkeep\n|\n|t:|1776045292\n|switch|p2a: Palafin|Palafin-Hero, L50, F, shiny|94/100\n|-activate|p2a: Palafin|ability: Zero to Hero\n|turn|5\n|\n|t:|1776045306\n|move|p1a: Excadrill|Protect|p1a: Excadrill\n|-singleturn|p1a: Excadrill|Protect\n|move|p2a: Palafin|Protect|p2a: Palafin\n|-singleturn|p2a: Palafin|Protect\n|move|p2b: Garchomp|Earthquake|p1b: Qwabn't|[spread] \n|-activate|p2a: Palafin|move: Protect\n|-activate|p1a: Excadrill|move: Protect\n|-immune|p1b: Qwabn't|[from] ability: Levitate\n|move|p1b: Qwabn't|Thunderbolt|p2a: Palafin\n|-activate|p2a: Palafin|move: Protect\n|\n|-weather|none\n|-sideend|p2: darthbear1976|move: Tailwind\n|upkeep\n|turn|6\n|\n|t:|1776045325\n|switch|p1a: Hawlucha|Hawlucha, L50, M, shiny|100/100\n|move|p2a: Palafin|Jet Punch|p1a: Hawlucha\n|-damage|p1a: Hawlucha|28/100\n|move|p1b: Qwabn't|Thunderbolt|p2a: Palafin\n|-supereffective|p2a: Palafin|1\n|-damage|p2a: Palafin|18/100\n|move|p2b: Garchomp|Dragon Claw|p1b: Qwabn't\n|-damage|p1b: Qwabn't|0 fnt\n|faint|p1b: Qwabn't\n|\n|upkeep\n|\n|t:|1776045341\n|switch|p1b: Excadrill|Excadrill, L50, M, shiny|51/100\n|turn|7\n|\n|t:|1776045356\n|switch|p1a: Tyranitar|Tyranitar-Mega, L50, M, shiny|16/100\n|-weather|Sandstorm|[from] ability: Sand Stream|[of] p1a: Tyranitar\n|move|p2a: Palafin|Jet Punch|p1a: Tyranitar\n|-supereffective|p1a: Tyranitar|1\n|-damage|p1a: Tyranitar|0 fnt\n|faint|p1a: Tyranitar\n|move|p1b: Excadrill|High Horsepower|p2a: Palafin\n|-damage|p2a: Palafin|0 fnt\n|faint|p2a: Palafin\n|move|p2b: Garchomp|Dragon Claw|p1b: Excadrill\n|-resisted|p1b: Excadrill|1\n|-damage|p1b: Excadrill|1/100\n|\n|-weather|Sandstorm|[upkeep]\n|upkeep\n|\n|t:|1776045368\n|switch|p1a: Hawlucha|Hawlucha, L50, M, shiny|28/100\n|turn|8\n|\n|t:|1776045379\n|move|p1b: Excadrill|High Horsepower|p2b: Garchomp\n|-damage|p2b: Garchomp|44/100\n|-damage|p1b: Excadrill|0 fnt|[from] ability: Rough Skin|[of] p2b: Garchomp\n|faint|p1b: Excadrill\n|move|p1a: Hawlucha|Close Combat|p2b: Garchomp\n|-damage|p2b: Garchomp|1/100\n|-unboost|p1a: Hawlucha|def|1\n|-unboost|p1a: Hawlucha|spd|1\n|-damage|p1a: Hawlucha|16/100|[from] ability: Rough Skin|[of] p2b: Garchomp\n|move|p2b: Garchomp|Dragon Claw|p1a: Hawlucha\n|-damage|p1a: Hawlucha|0 fnt\n|faint|p1a: Hawlucha\n|\n|win|darthbear1976\n|raw|N Side Gravity's rating: 1132 &rarr; <strong>1103</strong><br />(-29 for losing)\n|raw|darthbear1976's rating: 1074 &rarr; <strong>1108</strong><br />(+34 for winning)\n|l|\u2606N Side Gravity\n|player|p1|\n",
  "uploadtime": 1776045396,
  "views": 16,
  "formatid": "gen9championsvgc2026regma",
  "rating": 1103,
  "private": 0,
  "password": null
}