{
  "id": "gen9championsvgc2026regma-2581022415",
  "format": "[Gen 9 Champions] VGC 2026 Reg M-A",
  "players": [
    "acrophobicavian",
    "airi love"
  ],
  "log": "|j|\u2606acrophobicavian\n|j|\u2606airi love\n|t:|1775952578\n|gametype|doubles\n|player|p1|acrophobicavian|colress-gen7|1010\n|player|p2|airi love|lyra|1000\n|gen|9\n|tier|[Gen 9 Champions] VGC 2026 Reg M-A\n|rated|\n|rule|Species Clause: Limit one of each Pok\u00e9mon\n|rule|Item Clause: Limit 1 of each item\n|clearpoke\n|poke|p1|Sableye, L50, F|\n|poke|p1|Gardevoir, L50, M|\n|poke|p1|Milotic, L50, F|\n|poke|p1|Sinistcha, L50|\n|poke|p1|Lucario, L50, F|\n|poke|p1|Rotom-Heat, L50|\n|poke|p2|Reuniclus, L50, F|\n|poke|p2|Kangaskhan, L50, F|\n|poke|p2|Incineroar, L50, F|\n|poke|p2|Chandelure, L50, M|\n|poke|p2|Sylveon, L50, F|\n|poke|p2|Pelipper, L50, M|\n|teampreview|4\n|\n|t:|1775952607\n|teamsize|p1|4\n|teamsize|p2|4\n|start\n|switch|p1a: Aurora|Milotic, L50, F|100/100\n|switch|p1b: MMMMM. BEEP.|Rotom-Heat, L50|100/100\n|switch|p2a: Chandelure|Chandelure, L50, M|100/100\n|switch|p2b: Kangaskhan|Kangaskhan, L50, F|100/100\n|turn|1\n|\n|t:|1775952633\n|detailschange|p2b: Kangaskhan|Kangaskhan-Mega, L50, F\n|-mega|p2b: Kangaskhan|Kangaskhan|Kangaskhanite\n|move|p2b: Kangaskhan|Fake Out|p1b: MMMMM. BEEP.\n|-damage|p1b: MMMMM. BEEP.|75/100\n|-damage|p1b: MMMMM. BEEP.|69/100\n|-hitcount|p1b: MMMMM. BEEP.|2\n|cant|p1b: MMMMM. BEEP.|flinch\n|move|p1a: Aurora|Icy Wind|p2b: Kangaskhan|[spread] p2a,p2b\n|-resisted|p2a: Chandelure|1\n|-damage|p2a: Chandelure|95/100\n|-damage|p2b: Kangaskhan|93/100\n|-unboost|p2a: Chandelure|spe|1\n|-unboost|p2b: Kangaskhan|spe|1\n|move|p2a: Chandelure|Shadow Ball|p1a: Aurora\n|-damage|p1a: Aurora|62/100\n|\n|-heal|p1a: Aurora|69/100|[from] item: Leftovers\n|upkeep\n|turn|2\n|\n|t:|1775952667\n|move|p1b: MMMMM. BEEP.|Will-O-Wisp|p2b: Kangaskhan\n|-status|p2b: Kangaskhan|brn\n|move|p1a: Aurora|Life Dew|p1a: Aurora|[spread] p1a,p1b\n|-heal|p1a: Aurora|94/100\n|-heal|p1b: MMMMM. BEEP.|94/100\n|move|p2b: Kangaskhan|Rock Slide|p1b: MMMMM. BEEP.|[spread] p1a,p1b\n|-supereffective|p1b: MMMMM. BEEP.|1\n|-damage|p1a: Aurora|86/100\n|-damage|p1b: MMMMM. BEEP.|70/100\n|move|p2a: Chandelure|Trick Room|p2a: Chandelure\n|-fieldstart|move: Trick Room|[of] p2a: Chandelure\n|\n|-heal|p1a: Aurora|93/100|[from] item: Leftovers\n|-damage|p2b: Kangaskhan|87/100 brn|[from] brn\n|upkeep\n|turn|3\n|\n|t:|1775952689\n|move|p2a: Chandelure|Shadow Ball|p1b: MMMMM. BEEP.\n|-damage|p1b: MMMMM. BEEP.|17/100\n|-unboost|p1b: MMMMM. BEEP.|spd|1\n|-enditem|p1b: MMMMM. BEEP.|Sitrus Berry|[eat]\n|-heal|p1b: MMMMM. BEEP.|42/100|[from] item: Sitrus Berry\n|move|p2b: Kangaskhan|Double-Edge|p1b: MMMMM. BEEP.\n|-damage|p1b: MMMMM. BEEP.|5/100\n|-damage|p1b: MMMMM. BEEP.|0 fnt\n|faint|p1b: MMMMM. BEEP.\n|-hitcount|p1: MMMMM. BEEP.|2\n|-damage|p2b: Kangaskhan|77/100 brn|[from] Recoil\n|move|p1a: Aurora|Life Dew|p1a: Aurora\n|-heal|p1a: Aurora|100/100\n|\n|-damage|p2b: Kangaskhan|71/100 brn|[from] brn\n|upkeep\n|\n|t:|1775952705\n|switch|p1b: Shimmer|Sableye, L50, F|100/100\n|turn|4\n|\n|t:|1775952719\n|switch|p2b: Sylveon|Sylveon, L50, F|100/100\n|move|p1b: Shimmer|Fake Out|p2b: Sylveon\n|-damage|p2b: Sylveon|90/100\n|move|p2a: Chandelure|Shadow Ball|p1a: Aurora\n|-damage|p1a: Aurora|64/100\n|move|p1a: Aurora|Scald|p2a: Chandelure\n|-supereffective|p2a: Chandelure|1\n|-damage|p2a: Chandelure|29/100\n|\n|-heal|p1a: Aurora|70/100|[from] item: Leftovers\n|upkeep\n|turn|5\n|\n|t:|1775952738\n|move|p1b: Shimmer|Quash|p2a: Chandelure\n|-activate|p2a: Chandelure|move: Quash\n|move|p2b: Sylveon|Hyper Voice|p1b: Shimmer|[spread] p1a,p1b\n|-crit|p1a: Aurora\n|-supereffective|p1b: Shimmer|1\n|-damage|p1a: Aurora|22/100\n|-enditem|p1b: Shimmer|Focus Sash\n|-damage|p1b: Shimmer|1/100\n|move|p1a: Aurora|Scald|p2a: Chandelure\n|-supereffective|p2a: Chandelure|1\n|-damage|p2a: Chandelure|0 fnt\n|faint|p2a: Chandelure\n|\n|-heal|p1a: Aurora|28/100|[from] item: Leftovers\n|upkeep\n|\n|t:|1775952746\n|switch|p2a: Reuniclus|Reuniclus, L50, F|100/100\n|turn|6\n|\n|t:|1775952761\n|move|p1b: Shimmer|Quash|p2b: Sylveon\n|-activate|p2b: Sylveon|move: Quash\n|move|p2a: Reuniclus|Psychic|p1a: Aurora\n|-damage|p1a: Aurora|0 fnt\n|faint|p1a: Aurora\n|move|p2b: Sylveon|Hyper Voice|p1b: Shimmer\n|-supereffective|p1b: Shimmer|1\n|-damage|p1b: Shimmer|0 fnt\n|faint|p1b: Shimmer\n|\n|-fieldend|move: Trick Room\n|upkeep\n|\n|t:|1775952766\n|switch|p1b: Pharaoh|Lucario, L50, F|100/100\n|turn|7\n|\n|t:|1775952771\n|detailschange|p1b: Pharaoh|Lucario-Mega, L50, F\n|-mega|p1b: Pharaoh|Lucario|Lucarionite\n|move|p1b: Pharaoh|Swords Dance|p1b: Pharaoh\n|-boost|p1b: Pharaoh|atk|2\n|move|p2b: Sylveon|Hyper Beam|p1b: Pharaoh\n|-damage|p1b: Pharaoh|0 fnt\n|-mustrecharge|p2b: Sylveon\n|faint|p1b: Pharaoh\n|\n|win|airi love\n|raw|acrophobicavian's rating: 1010 &rarr; <strong>1000</strong><br />(-10 for losing)\n|raw|airi love's rating: 1000 &rarr; <strong>1041</strong><br />(+41 for winning)\n|l|\u2606acrophobicavian\n|player|p1|\n",
  "uploadtime": 1775952780,
  "views": 11,
  "formatid": "gen9championsvgc2026regma",
  "rating": 1000,
  "private": 0,
  "password": null
}