{
  "id": "gen9championsvgc2026regma-2582739884",
  "format": "[Gen 9 Champions] VGC 2026 Reg M-A",
  "players": [
    "HosTrax",
    "Sammias"
  ],
  "log": "|j|\u2606HosTrax\n|j|\u2606Sammias\n|t:|1776110800\n|gametype|doubles\n|player|p1|HosTrax|steven|1129\n|player|p2|Sammias|miku-ground|1129\n|gen|9\n|tier|[Gen 9 Champions] VGC 2026 Reg M-A\n|rated|\n|rule|Species Clause: Limit one of each Pok\u00e9mon\n|rule|Item Clause: Limit 1 of each item\n|clearpoke\n|poke|p1|Medicham, L50, M|\n|poke|p1|Samurott-Hisui, L50, M|\n|poke|p1|Glimmora, L50, M|\n|poke|p1|Talonflame, L50, F|\n|poke|p1|Maushold-Four, L50|\n|poke|p1|Primarina, L50, F|\n|poke|p2|Typhlosion-Hisui, L50, F|\n|poke|p2|Whimsicott, L50, M|\n|poke|p2|Floette-Eternal, L50, F|\n|poke|p2|Sinistcha, L50|\n|poke|p2|Aerodactyl, L50, F|\n|poke|p2|Tyranitar, L50, M|\n|teampreview|4\n|inactive|Battle timer is ON: inactive players will automatically lose when time's up. (requested by Sammias)\n|inactive|HosTrax has 60 seconds left.\n|inactive|Sammias has 60 seconds left.\n|inactive|HosTrax has 30 seconds left.\n|\n|t:|1776110869\n|teamsize|p1|4\n|teamsize|p2|4\n|start\n|switch|p1a: Medicham|Medicham, L50, M|100/100\n|switch|p1b: Talonflame|Talonflame, L50, F|100/100\n|switch|p2a: Aerodactyl|Aerodactyl, L50, F|100/100\n|switch|p2b: Whimsicott|Whimsicott, L50, M, shiny|100/100\n|-ability|p2a: Aerodactyl|Unnerve\n|turn|1\n|inactive|HosTrax has 30 seconds left.\n|\n|t:|1776110904\n|detailschange|p1a: Medicham|Medicham-Mega, L50, M\n|-mega|p1a: Medicham|Medicham|Medichamite\n|move|p1a: Medicham|Fake Out|p2a: Aerodactyl\n|-resisted|p2a: Aerodactyl|1\n|-damage|p2a: Aerodactyl|82/100\n|move|p2b: Whimsicott|Tailwind|p2b: Whimsicott\n|-sidestart|p2: Sammias|move: Tailwind\n|cant|p2a: Aerodactyl|flinch\n|move|p1b: Talonflame|Taunt|p2b: Whimsicott\n|-start|p2b: Whimsicott|move: Taunt\n|\n|upkeep\n|turn|2\n|inactive|HosTrax has 30 seconds left.\n|inactive|HosTrax has 20 seconds left.\n|inactive|HosTrax has 15 seconds left.\n|inactive|HosTrax has 10 seconds left.\n|\n|t:|1776110950\n|move|p1b: Talonflame|Brave Bird|p2b: Whimsicott\n|-supereffective|p2b: Whimsicott|1\n|-damage|p2b: Whimsicott|13/100\n|-damage|p1b: Talonflame|75/100|[from] Recoil\n|move|p2a: Aerodactyl|Rock Slide|p1a: Medicham|[spread] p1a,p1b\n|-resisted|p1a: Medicham|1\n|-supereffective|p1b: Talonflame|2\n|-damage|p1a: Medicham|80/100\n|-damage|p1b: Talonflame|0 fnt\n|faint|p1b: Talonflame\n|move|p2b: Whimsicott|Moonblast|p1a: Medicham\n|-supereffective|p1a: Medicham|1\n|-damage|p1a: Medicham|1/100\n|move|p1a: Medicham|Close Combat|p2a: Aerodactyl\n|-damage|p2a: Aerodactyl|0 fnt\n|-unboost|p1a: Medicham|def|1\n|-unboost|p1a: Medicham|spd|1\n|faint|p2a: Aerodactyl\n|\n|upkeep\n|\n|t:|1776110974\n|switch|p2a: Floette|Floette-Eternal, L50, F|100/100\n|switch|p1b: Primarina|Primarina, L50, F|100/100\n|turn|3\n|\n|t:|1776110993\n|detailschange|p2a: Floette|Floette-Mega, L50, F\n|-mega|p2a: Floette|Floette|Floettite\n|-ability|p2a: Floette|Fairy Aura\n|move|p2b: Whimsicott|Moonblast|p1a: Medicham\n|-supereffective|p1a: Medicham|1\n|-damage|p1a: Medicham|0 fnt\n|faint|p1a: Medicham\n|move|p2a: Floette|Light of Ruin|p1b: Primarina\n|-damage|p1b: Primarina|11/100\n|-damage|p2a: Floette|45/100|[from] Recoil\n|move|p1b: Primarina|Dazzling Gleam|p2b: Whimsicott|[spread] p2a,p2b\n|-damage|p2a: Floette|6/100\n|-damage|p2b: Whimsicott|0 fnt\n|faint|p2b: Whimsicott\n|\n|-heal|p1b: Primarina|17/100|[from] item: Leftovers\n|upkeep\n|\n|t:|1776111011\n|switch|p2b: Sinistcha|Sinistcha, L50|100/100\n|switch|p1a: Glimmora|Glimmora, L50, M|100/100\n|-heal|p2a: Floette|31/100|[from] ability: Hospitality|[of] p2b: Sinistcha\n|turn|4\n|\n|t:|1776111033\n|move|p2a: Floette|Protect|p2a: Floette\n|-singleturn|p2a: Floette|Protect\n|move|p2b: Sinistcha|Matcha Gotcha|p1b: Primarina|[spread] p1a,p1b\n|-supereffective|p1b: Primarina|1\n|-damage|p1a: Glimmora|69/100\n|-damage|p1b: Primarina|0 fnt\n|faint|p1b: Primarina\n|move|p1a: Glimmora|Sludge Bomb|p2a: Floette\n|-activate|p2a: Floette|move: Protect\n|\n|-sideend|p2: Sammias|move: Tailwind\n|upkeep\n|turn|5\n|\n|t:|1776111048\n|move|p2b: Sinistcha|Rage Powder|p2b: Sinistcha\n|-singleturn|p2b: Sinistcha|move: Rage Powder\n|move|p2a: Floette|Moonblast|p1a: Glimmora\n|-resisted|p1a: Glimmora|1\n|-crit|p1a: Glimmora\n|-damage|p1a: Glimmora|0 fnt\n|faint|p1a: Glimmora\n|\n|win|Sammias\n|raw|HosTrax's rating: 1129 &rarr; <strong>1104</strong><br />(-25 for losing)\n|raw|Sammias's rating: 1129 &rarr; <strong>1154</strong><br />(+25 for winning)\n|l|\u2606HosTrax\n|player|p1|\n",
  "uploadtime": 1776111063,
  "views": 14,
  "formatid": "gen9championsvgc2026regma",
  "rating": 1104,
  "private": 0,
  "password": null
}