{
  "id": "gen9championsvgc2026regma-2582404670",
  "format": "[Gen 9 Champions] VGC 2026 Reg M-A",
  "players": [
    "blackred123",
    "Riccardo9966"
  ],
  "log": "|j|\u2606blackred123\n|j|\u2606Riccardo9966\n|t:|1776089484\n|gametype|doubles\n|player|p1|blackred123|iono-masters|1151\n|player|p2|Riccardo9966|rosa|1102\n|gen|9\n|tier|[Gen 9 Champions] VGC 2026 Reg M-A\n|rated|\n|rule|Species Clause: Limit one of each Pok\u00e9mon\n|rule|Item Clause: Limit 1 of each item\n|clearpoke\n|poke|p1|Excadrill, L50, M|\n|poke|p1|Tyranitar, L50, M|\n|poke|p1|Hawlucha, L50, F|\n|poke|p1|Whimsicott, L50, M|\n|poke|p1|Weavile, L50, F|\n|poke|p1|Kingambit, L50, F|\n|poke|p2|Whimsicott, L50, M|\n|poke|p2|Sneasler, L50, F|\n|poke|p2|Skarmory, L50, M|\n|poke|p2|Milotic, L50, M|\n|poke|p2|Garchomp, L50, F|\n|poke|p2|Vanilluxe, L50, M|\n|teampreview|4\n|inactive|Battle timer is ON: inactive players will automatically lose when time's up. (requested by blackred123)\n|inactive|blackred123 has 60 seconds left.\n|\n|t:|1776089519\n|teamsize|p1|4\n|teamsize|p2|4\n|start\n|switch|p1a: Excadrill|Excadrill, L50, M|100/100\n|switch|p1b: Hawlucha|Hawlucha, L50, F|100/100\n|switch|p2a: Whimsicott|Whimsicott, L50, M|100/100\n|switch|p2b: Sneasler|Sneasler, L50, F|100/100\n|-ability|p1b: Hawlucha|Mold Breaker\n|turn|1\n|\n|t:|1776089543\n|detailschange|p1b: Hawlucha|Hawlucha-Mega, L50, F\n|-mega|p1b: Hawlucha|Hawlucha|Hawluchanite\n|move|p2a: Whimsicott|Tailwind|p2a: Whimsicott\n|-sidestart|p2: Riccardo9966|move: Tailwind\n|move|p2b: Sneasler|Close Combat|p1a: Excadrill\n|-supereffective|p1a: Excadrill|1\n|-enditem|p1a: Excadrill|Focus Sash\n|-damage|p1a: Excadrill|1/100\n|-unboost|p2b: Sneasler|def|1\n|-unboost|p2b: Sneasler|spd|1\n|-enditem|p2b: Sneasler|White Herb\n|-clearnegativeboost|p2b: Sneasler|[silent]\n|move|p1b: Hawlucha|Entrainment|p1a: Excadrill\n|-ability|p1a: Excadrill|No Guard|Sand Rush|[from] move: Entrainment|[of] p1b: Hawlucha\n|move|p1a: Excadrill|Horn Drill|p2b: Sneasler\n|-damage|p2b: Sneasler|0 fnt\n|faint|p2b: Sneasler\n|-ohko\n|\n|upkeep\n|\n|t:|1776089565\n|switch|p2b: Garchomp|Garchomp, L50, F|100/100\n|turn|2\n|\n|t:|1776089584\n|move|p1a: Excadrill|Protect|p1a: Excadrill\n|-singleturn|p1a: Excadrill|Protect\n|move|p2a: Whimsicott|Moonblast|p1a: Excadrill\n|-activate|p1a: Excadrill|move: Protect\n|move|p2b: Garchomp|Dragon Claw|p1b: Hawlucha\n|-damage|p1b: Hawlucha|58/100\n|move|p1b: Hawlucha|Brave Bird|p2a: Whimsicott\n|-supereffective|p2a: Whimsicott|1\n|-enditem|p2a: Whimsicott|Focus Sash\n|-damage|p2a: Whimsicott|1/100\n|-damage|p1b: Hawlucha|33/100|[from] Recoil\n|\n|upkeep\n|turn|3\n|inactive|blackred123 has 30 seconds left.\n|\n|t:|1776089613\n|switch|p1a: Tyranitar|Tyranitar, L50, M|100/100\n|-weather|Sandstorm|[from] ability: Sand Stream|[of] p1a: Tyranitar\n|move|p1b: Hawlucha|Protect|p1b: Hawlucha\n|-singleturn|p1b: Hawlucha|Protect\n|move|p2a: Whimsicott|Moonblast|p1a: Tyranitar\n|-supereffective|p1a: Tyranitar|1\n|-damage|p1a: Tyranitar|55/100\n|move|p2b: Garchomp|Dragon Claw|p1b: Hawlucha\n|-activate|p1b: Hawlucha|move: Protect\n|\n|-weather|Sandstorm|[upkeep]\n|-damage|p2a: Whimsicott|0 fnt|[from] Sandstorm\n|-damage|p1b: Hawlucha|28/100|[from] Sandstorm\n|faint|p2a: Whimsicott\n|upkeep\n|j| yubanmeiqin\n|\n|t:|1776089629\n|switch|p2a: Skarmory|Skarmory, L50, M|100/100\n|turn|4\n|\n|t:|1776089646\n|detailschange|p2a: Skarmory|Skarmory-Mega, L50, M\n|-mega|p2a: Skarmory|Skarmory|Skarmorite\n|move|p1a: Tyranitar|Protect|p1a: Tyranitar\n|-singleturn|p1a: Tyranitar|Protect\n|move|p2a: Skarmory|Dual Wingbeat|p1b: Hawlucha\n|-supereffective|p1b: Hawlucha|1\n|-damage|p1b: Hawlucha|0 fnt\n|faint|p1b: Hawlucha\n|-hitcount|p1: Hawlucha|1\n|move|p2b: Garchomp|Earthquake|p1a: Tyranitar|[spread] \n|-activate|p1a: Tyranitar|move: Protect\n|-immune|p2a: Skarmory\n|\n|-weather|Sandstorm|[upkeep]\n|-sideend|p2: Riccardo9966|move: Tailwind\n|upkeep\n|\n|t:|1776089656\n|switch|p1b: Excadrill|Excadrill, L50, M|1/100\n|turn|5\n|\n|t:|1776089668\n|move|p2a: Skarmory|Protect|p2a: Skarmory\n|-singleturn|p2a: Skarmory|Protect\n|move|p1b: Excadrill|Rock Slide|p2a: Skarmory|[spread] p2b\n|-activate|p2a: Skarmory|move: Protect\n|-resisted|p2b: Garchomp|1\n|-damage|p2b: Garchomp|91/100\n|move|p2b: Garchomp|Earthquake|p1b: Excadrill|[spread] p1a,p1b\n|-activate|p2a: Skarmory|move: Protect\n|-supereffective|p1a: Tyranitar|1\n|-supereffective|p1b: Excadrill|1\n|-damage|p1a: Tyranitar|0 fnt\n|-damage|p1b: Excadrill|0 fnt\n|faint|p1a: Tyranitar\n|faint|p1b: Excadrill\n|\n|-weather|Sandstorm|[upkeep]\n|upkeep\n|\n|t:|1776089678\n|switch|p1b: Kingambit|Kingambit, L50, F|100/100\n|turn|6\n|\n|t:|1776089690\n|move|p1b: Kingambit|Sucker Punch|p2b: Garchomp\n|-damage|p2b: Garchomp|40/100\n|-damage|p1b: Kingambit|88/100|[from] ability: Rough Skin|[of] p2b: Garchomp\n|move|p2a: Skarmory|Iron Head|p1b: Kingambit\n|-resisted|p1b: Kingambit|1\n|-damage|p1b: Kingambit|70/100\n|move|p2b: Garchomp|Earthquake|p1b: Kingambit|[spread] p1b\n|-immune|p2a: Skarmory\n|-supereffective|p1b: Kingambit|1\n|-damage|p1b: Kingambit|3/100\n|\n|-weather|Sandstorm|[upkeep]\n|upkeep\n|turn|7\n|-message|blackred123 forfeited.\n|\n|win|Riccardo9966\n|raw|blackred123's rating: 1151 &rarr; <strong>1122</strong><br />(-29 for losing)\n|raw|Riccardo9966's rating: 1102 &rarr; <strong>1131</strong><br />(+29 for winning)\n|l|\u2606blackred123\n|player|p1|\n|l| yubanmeiqin\n|l|\u2606Riccardo9966\n|player|p2|\n|j| yubanmeiqin\n",
  "uploadtime": 1776089752,
  "views": 10,
  "formatid": "gen9championsvgc2026regma",
  "rating": 1122,
  "private": 0,
  "password": null
}