{
  "id": "gen9championsvgc2026regma-2583509284",
  "format": "[Gen 9 Champions] VGC 2026 Reg M-A",
  "players": [
    "Oooppplllop",
    "the same as here"
  ],
  "log": "|j|\u2606Oooppplllop\n|j|\u2606the same as here\n|t:|1776180143\n|gametype|doubles\n|player|p1|Oooppplllop|misty|1120\n|player|p2|the same as here|janitor|1142\n|gen|9\n|tier|[Gen 9 Champions] VGC 2026 Reg M-A\n|rated|\n|rule|Species Clause: Limit one of each Pok\u00e9mon\n|rule|Item Clause: Limit 1 of each item\n|clearpoke\n|poke|p1|Whimsicott, L50, F|\n|poke|p1|Garchomp, L50, M|\n|poke|p1|Oranguru, L50, M|\n|poke|p1|Emboar, L50, F|\n|poke|p1|Incineroar, L50, M|\n|poke|p1|Torkoal, L50, F|\n|poke|p2|Floette-Eternal, L50, F|\n|poke|p2|Sinistcha, L50|\n|poke|p2|Incineroar, L50, F|\n|poke|p2|Gyarados, L50, F|\n|poke|p2|Garchomp, L50, M|\n|poke|p2|Glimmora, L50, F|\n|teampreview|4\n|inactive|Battle timer is ON: inactive players will automatically lose when time's up. (requested by Oooppplllop)\n|j| Laxlanders\n|inactive|Oooppplllop has 60 seconds left.\n|inactive|the same as here has 60 seconds left.\n|inactive|the same as here has 30 seconds left.\n|\n|t:|1776180206\n|teamsize|p1|4\n|teamsize|p2|4\n|start\n|switch|p1a: Oranguru|Oranguru, L50, M|100/100\n|switch|p1b: Emboar|Emboar, L50, F|100/100\n|switch|p2a: Ye old Gyara|Gyarados, L50, F|100/100\n|switch|p2b: The difference|Incineroar, L50, F|100/100\n|-ability|p2a: Ye old Gyara|Intimidate|boost\n|-unboost|p1a: Oranguru|atk|1\n|-unboost|p1b: Emboar|atk|1\n|-ability|p2b: The difference|Intimidate|boost\n|-unboost|p1a: Oranguru|atk|1\n|-unboost|p1b: Emboar|atk|1\n|turn|1\n|inactive|the same as here has 30 seconds left.\n|\n|t:|1776180232\n|detailschange|p1b: Emboar|Emboar-Mega, L50, F\n|-mega|p1b: Emboar|Emboar|Emboarite\n|-ability|p1b: Emboar|Mold Breaker\n|move|p1a: Oranguru|Protect|p1a: Oranguru\n|-singleturn|p1a: Oranguru|Protect\n|move|p2a: Ye old Gyara|Thunder Wave|p1b: Emboar\n|-status|p1b: Emboar|par\n|move|p2b: The difference|Parting Shot|p1b: Emboar\n|-unboost|p1b: Emboar|atk|1\n|-unboost|p1b: Emboar|spa|1\n|\n|t:|1776180246\n|switch|p2b: Piano|Garchomp, L50, M|100/100|[from] Parting Shot\n|move|p1b: Emboar|Bulk Up|p1b: Emboar\n|-boost|p1b: Emboar|atk|1\n|-boost|p1b: Emboar|def|1\n|\n|upkeep\n|turn|2\n|\n|t:|1776180258\n|move|p2b: Piano|Stomping Tantrum|p1b: Emboar\n|-supereffective|p1b: Emboar|1\n|-damage|p1b: Emboar|40/100 par\n|move|p2a: Ye old Gyara|Waterfall|p1a: Oranguru\n|-damage|p1a: Oranguru|73/100\n|move|p1b: Emboar|Bulk Up|p1b: Emboar\n|-boost|p1b: Emboar|atk|1\n|-boost|p1b: Emboar|def|1\n|move|p1a: Oranguru|Trick Room|p1a: Oranguru\n|-fieldstart|move: Trick Room|[of] p1a: Oranguru\n|\n|upkeep\n|turn|3\n|\n|t:|1776180271\n|move|p1b: Emboar|Drain Punch|p2b: Piano\n|-damage|p2b: Piano|70/100\n|-heal|p1b: Emboar|53/100 par|[from] drain|[of] p2b: Piano\n|-damage|p1b: Emboar|40/100 par|[from] ability: Rough Skin|[of] p2b: Piano\n|move|p1a: Oranguru|Instruct|p1b: Emboar\n|-singleturn|p1b: Emboar|move: Instruct|[of] p1a: Oranguru\n|move|p1b: Emboar|Drain Punch|p2b: Piano\n|-damage|p2b: Piano|44/100\n|-heal|p1b: Emboar|51/100 par|[from] drain|[of] p2b: Piano\n|-damage|p1b: Emboar|39/100 par|[from] ability: Rough Skin|[of] p2b: Piano\n|move|p2a: Ye old Gyara|Waterfall|p1b: Emboar\n|-supereffective|p1b: Emboar|1\n|-damage|p1b: Emboar|5/100 par\n|move|p2b: Piano|Stomping Tantrum|p1b: Emboar\n|-supereffective|p1b: Emboar|1\n|-damage|p1b: Emboar|0 fnt\n|faint|p1b: Emboar\n|\n|upkeep\n|\n|t:|1776180286\n|switch|p1b: Torkoal|Torkoal, L50, F|100/100\n|-weather|SunnyDay|[from] ability: Drought|[of] p1b: Torkoal\n|turn|4\n|\n|t:|1776180292\n|switch|p2b: The difference|Incineroar, L50, F|100/100\n|-ability|p2b: The difference|Intimidate|boost\n|-unboost|p1a: Oranguru|atk|1\n|-unboost|p1b: Torkoal|atk|1\n|move|p2a: Ye old Gyara|Protect|p2a: Ye old Gyara\n|-singleturn|p2a: Ye old Gyara|Protect\n|move|p1b: Torkoal|Eruption|p2b: The difference|[spread] p2b\n|-activate|p2a: Ye old Gyara|move: Protect\n|-resisted|p2b: The difference|1\n|-damage|p2b: The difference|68/100\n|move|p1a: Oranguru|Instruct|p1b: Torkoal\n|-singleturn|p1b: Torkoal|move: Instruct|[of] p1a: Oranguru\n|move|p1b: Torkoal|Eruption|p2b: The difference|[spread] p2b\n|-activate|p2a: Ye old Gyara|move: Protect\n|-resisted|p2b: The difference|1\n|-damage|p2b: The difference|32/100\n|\n|-weather|SunnyDay|[upkeep]\n|upkeep\n|turn|5\n|\n|t:|1776180313\n|move|p1b: Torkoal|Protect|p1b: Torkoal\n|-singleturn|p1b: Torkoal|Protect\n|move|p2b: The difference|Fake Out|p1b: Torkoal\n|-activate|p1b: Torkoal|move: Protect\n|move|p1a: Oranguru|Psyshock|p2a: Ye old Gyara\n|-damage|p2a: Ye old Gyara|74/100\n|move|p2a: Ye old Gyara|Waterfall|p1a: Oranguru\n|-damage|p1a: Oranguru|58/100\n|\n|-weather|SunnyDay|[upkeep]\n|-heal|p2a: Ye old Gyara|80/100|[from] item: Leftovers\n|upkeep\n|turn|6\n|\n|t:|1776180333\n|move|p2b: The difference|Helping Hand|p2a: Ye old Gyara\n|-singleturn|p2a: Ye old Gyara|Helping Hand|[of] p2b: The difference\n|move|p1b: Torkoal|Eruption|p2a: Ye old Gyara|[spread] p2a,p2b\n|-resisted|p2a: Ye old Gyara|1\n|-resisted|p2b: The difference|1\n|-damage|p2a: Ye old Gyara|50/100\n|-damage|p2b: The difference|0 fnt\n|faint|p2b: The difference\n|move|p1a: Oranguru|Instruct|p1b: Torkoal\n|-singleturn|p1b: Torkoal|move: Instruct|[of] p1a: Oranguru\n|move|p1b: Torkoal|Eruption|p2a: Ye old Gyara\n|-resisted|p2a: Ye old Gyara|1\n|-damage|p2a: Ye old Gyara|13/100\n|move|p2a: Ye old Gyara|Waterfall|p1b: Torkoal\n|-supereffective|p1b: Torkoal|1\n|-damage|p1b: Torkoal|62/100\n|\n|-weather|SunnyDay|[upkeep]\n|-heal|p2a: Ye old Gyara|19/100|[from] item: Leftovers\n|-fieldend|move: Trick Room\n|upkeep\n|\n|t:|1776180345\n|switch|p2b: Mini Flutter Mane|Floette-Eternal, L50, F|100/100\n|turn|7\n|\n|t:|1776180352\n|detailschange|p2b: Mini Flutter Mane|Floette-Mega, L50, F\n|-mega|p2b: Mini Flutter Mane|Floette|Floettite\n|-ability|p2b: Mini Flutter Mane|Fairy Aura\n|move|p2b: Mini Flutter Mane|Moonblast|p1a: Oranguru\n|-damage|p1a: Oranguru|0 fnt\n|faint|p1a: Oranguru\n|move|p2a: Ye old Gyara|Waterfall|p1b: Torkoal\n|-supereffective|p1b: Torkoal|1\n|-damage|p1b: Torkoal|41/100\n|cant|p1b: Torkoal|flinch\n|\n|-weather|SunnyDay|[upkeep]\n|-heal|p2a: Ye old Gyara|25/100|[from] item: Leftovers\n|upkeep\n|l| Laxlanders\n|\n|t:|1776180363\n|switch|p1a: Whimsicott|Whimsicott, L50, F|100/100\n|turn|8\n|-message|Oooppplllop forfeited.\n|\n|win|the same as here\n|raw|Oooppplllop's rating: 1120 &rarr; <strong>1097</strong><br />(-23 for losing)\n|raw|the same as here's rating: 1142 &rarr; <strong>1165</strong><br />(+23 for winning)\n|l|\u2606Oooppplllop\n|player|p1|\n",
  "uploadtime": 1776180375,
  "views": 12,
  "formatid": "gen9championsvgc2026regma",
  "rating": 1097,
  "private": 0,
  "password": null
}