{
  "id": "gen9championsvgc2026regma-2588541722",
  "format": "[Gen 9 Champions] VGC 2026 Reg M-A",
  "players": [
    "Xeoniio",
    "Dr Gaster PHD"
  ],
  "log": "|j|\u2606Xeoniio\n|j|\u2606Dr Gaster PHD\n|t:|1776643192\n|gametype|doubles\n|player|p1|Xeoniio|265|1345\n|player|p2|Dr Gaster PHD|ghetsis|1357\n|gen|9\n|tier|[Gen 9 Champions] VGC 2026 Reg M-A\n|rated|\n|rule|Species Clause: Limit one of each Pok\u00e9mon\n|rule|Item Clause: Limit 1 of each item\n|clearpoke\n|poke|p1|Incineroar, L50, F|\n|poke|p1|Hatterene, L50, F|\n|poke|p1|Farigiraf, L50, M|\n|poke|p1|Torkoal, L50, M|\n|poke|p1|Kingambit, L50, M|\n|poke|p1|Charizard, L50, F|\n|poke|p2|Basculegion, L50, M, shiny|\n|poke|p2|Archaludon, L50, F, shiny|\n|poke|p2|Pelipper, L50, F|\n|poke|p2|Sneasler, L50, M|\n|poke|p2|Meganium, L50, F|\n|poke|p2|Dragonite, L50, F, shiny|\n|teampreview|4\n|\n|t:|1776643227\n|teamsize|p1|4\n|teamsize|p2|4\n|start\n|switch|p1a: Farigiraf|Farigiraf, L50, M|100/100\n|switch|p1b: Charizard|Charizard, L50, F|100/100\n|switch|p2a: Purple Rain|Basculegion, L50, M, shiny|100/100\n|switch|p2b: Bridgette|Archaludon, L50, F, shiny|100/100\n|turn|1\n|inactive|Battle timer is ON: inactive players will automatically lose when time's up. (requested by Dr Gaster PHD)\n|\n|t:|1776643273\n|detailschange|p1b: Charizard|Charizard-Mega-Y, L50, F\n|-mega|p1b: Charizard|Charizard|Charizardite Y\n|-weather|SunnyDay|[from] ability: Drought|[of] p1b: Charizard\n|move|p2a: Purple Rain|Flip Turn|p1a: Farigiraf\n|-damage|p1a: Farigiraf|82/100\n|\n|t:|1776643278\n|switch|p2a: Sky Toilet|Pelipper, L50, F|100/100|[from] Flip Turn\n|-weather|RainDance|[from] ability: Drizzle|[of] p2a: Sky Toilet\n|move|p1b: Charizard|Heat Wave|p2a: Sky Toilet|[spread] p2a\n|-miss|p1b: Charizard|p2b: Bridgette\n|-resisted|p2a: Sky Toilet|1\n|-damage|p2a: Sky Toilet|80/100\n|move|p2b: Bridgette|Electro Shot||[still]\n|-prepare|p2b: Bridgette|Electro Shot\n|-boost|p2b: Bridgette|spa|1\n|-anim|p2b: Bridgette|Electro Shot|p1b: Charizard\n|-supereffective|p1b: Charizard|1\n|-damage|p1b: Charizard|0 fnt\n|faint|p1b: Charizard\n|move|p1a: Farigiraf|Hyper Voice|p2a: Sky Toilet|[spread] p2a,p2b\n|-resisted|p2b: Bridgette|1\n|-damage|p2a: Sky Toilet|29/100\n|-damage|p2b: Bridgette|87/100\n|-ability|p2b: Bridgette|Stamina|boost\n|-boost|p2b: Bridgette|def|1\n|\n|-weather|RainDance|[upkeep]\n|-heal|p2b: Bridgette|93/100|[from] item: Leftovers\n|upkeep\n|\n|t:|1776643283\n|switch|p1b: Torkoal|Torkoal, L50, M|100/100\n|-weather|SunnyDay|[from] ability: Drought|[of] p1b: Torkoal\n|turn|2\n|\n|t:|1776643295\n|move|p2a: Sky Toilet|Wide Guard|p2a: Sky Toilet\n|-singleturn|p2a: Sky Toilet|Wide Guard\n|move|p2b: Bridgette|Dragon Pulse|p1a: Farigiraf\n|-damage|p1a: Farigiraf|31/100\n|-enditem|p1a: Farigiraf|Sitrus Berry|[eat]\n|-heal|p1a: Farigiraf|56/100|[from] item: Sitrus Berry\n|move|p1b: Torkoal|Eruption|p2b: Bridgette|[spread] \n|-activate|p2a: Sky Toilet|move: Wide Guard\n|-activate|p2b: Bridgette|move: Wide Guard\n|move|p1a: Farigiraf|Trick Room|p1a: Farigiraf\n|-fieldstart|move: Trick Room|[of] p1a: Farigiraf\n|\n|-weather|SunnyDay|[upkeep]\n|-heal|p2b: Bridgette|99/100|[from] item: Leftovers\n|upkeep\n|turn|3\n|\n|t:|1776643319\n|switch|p2a: Purple Rain|Basculegion, L50, M, shiny|100/100\n|move|p1b: Torkoal|Weather Ball|p2b: Bridgette\n|-damage|p2b: Bridgette|27/100\n|-ability|p2b: Bridgette|Stamina|boost\n|-boost|p2b: Bridgette|def|1\n|move|p1a: Farigiraf|Hyper Voice|p2b: Bridgette|[spread] p2b\n|-immune|p2a: Purple Rain\n|-resisted|p2b: Bridgette|1\n|-damage|p2b: Bridgette|14/100\n|-ability|p2b: Bridgette|Stamina|boost\n|-boost|p2b: Bridgette|def|1\n|move|p2b: Bridgette|Dragon Pulse|p1b: Torkoal\n|-crit|p1b: Torkoal\n|-damage|p1b: Torkoal|0 fnt\n|faint|p1b: Torkoal\n|\n|-weather|SunnyDay|[upkeep]\n|-heal|p2b: Bridgette|20/100|[from] item: Leftovers\n|upkeep\n|\n|t:|1776643323\n|switch|p1b: Kingambit|Kingambit, L50, M|100/100\n|turn|4\n|inactive|Dr Gaster PHD has 30 seconds left.\n|\n|t:|1776643349\n|switch|p2a: Sky Toilet|Pelipper, L50, F|29/100\n|-weather|RainDance|[from] ability: Drizzle|[of] p2a: Sky Toilet\n|move|p2b: Bridgette|Protect|p2b: Bridgette\n|-singleturn|p2b: Bridgette|Protect\n|move|p1b: Kingambit|Sucker Punch||[still]\n|-fail|p1b: Kingambit\n|move|p1a: Farigiraf|Hyper Voice|p2b: Bridgette|[spread] p2a\n|-activate|p2b: Bridgette|move: Protect\n|-damage|p2a: Sky Toilet|0 fnt\n|faint|p2a: Sky Toilet\n|\n|-weather|RainDance|[upkeep]\n|-heal|p2b: Bridgette|26/100|[from] item: Leftovers\n|upkeep\n|\n|t:|1776643357\n|switch|p2a: Rhizomatic Arrow|Meganium, L50, F|100/100\n|turn|5\n|\n|t:|1776643369\n|detailschange|p2a: Rhizomatic Arrow|Meganium-Mega, L50, F\n|-mega|p2a: Rhizomatic Arrow|Meganium|Meganiumite\n|move|p1b: Kingambit|Iron Head|p2a: Rhizomatic Arrow\n|-supereffective|p2a: Rhizomatic Arrow|1\n|-damage|p2a: Rhizomatic Arrow|20/100\n|move|p1a: Farigiraf|Hyper Voice|p2b: Bridgette|[spread] p2a,p2b\n|-resisted|p2b: Bridgette|1\n|-damage|p2a: Rhizomatic Arrow|0 fnt\n|-damage|p2b: Bridgette|12/100\n|-ability|p2b: Bridgette|Stamina|boost\n|-boost|p2b: Bridgette|def|1\n|faint|p2a: Rhizomatic Arrow\n|move|p2b: Bridgette|Electro Shot||[still]\n|-prepare|p2b: Bridgette|Electro Shot\n|-boost|p2b: Bridgette|spa|1\n|-anim|p2b: Bridgette|Electro Shot|p1a: Farigiraf\n|-crit|p1a: Farigiraf\n|-damage|p1a: Farigiraf|0 fnt\n|faint|p1a: Farigiraf\n|\n|-weather|RainDance|[upkeep]\n|-heal|p2b: Bridgette|18/100|[from] item: Leftovers\n|upkeep\n|\n|t:|1776643382\n|switch|p2a: Purple Rain|Basculegion, L50, M, shiny|100/100\n|turn|6\n|\n|t:|1776643392\n|move|p1b: Kingambit|Sucker Punch|p2a: Purple Rain\n|-supereffective|p2a: Purple Rain|1\n|-damage|p2a: Purple Rain|0 fnt\n|faint|p2a: Purple Rain\n|move|p2b: Bridgette|Electro Shot||[still]\n|-prepare|p2b: Bridgette|Electro Shot\n|-boost|p2b: Bridgette|spa|1\n|-anim|p2b: Bridgette|Electro Shot|p1b: Kingambit\n|-damage|p1b: Kingambit|18/100\n|\n|-weather|RainDance|[upkeep]\n|-heal|p2b: Bridgette|24/100|[from] item: Leftovers\n|-fieldend|move: Trick Room\n|upkeep\n|turn|7\n|\n|t:|1776643399\n|move|p2b: Bridgette|Protect|p2b: Bridgette\n|-singleturn|p2b: Bridgette|Protect\n|move|p1b: Kingambit|Kowtow Cleave|p2b: Bridgette\n|-activate|p2b: Bridgette|move: Protect\n|\n|-weather|RainDance|[upkeep]\n|-heal|p2b: Bridgette|30/100|[from] item: Leftovers\n|upkeep\n|turn|8\n|\n|t:|1776643405\n|move|p2b: Bridgette|Electro Shot||[still]\n|-prepare|p2b: Bridgette|Electro Shot\n|-boost|p2b: Bridgette|spa|1\n|-anim|p2b: Bridgette|Electro Shot|p1b: Kingambit\n|-damage|p1b: Kingambit|0 fnt\n|faint|p1b: Kingambit\n|\n|win|Dr Gaster PHD\n|raw|Xeoniio's rating: 1345 &rarr; <strong>1326</strong><br />(-19 for losing)\n|raw|Dr Gaster PHD's rating: 1357 &rarr; <strong>1376</strong><br />(+19 for winning)\n|l|\u2606Xeoniio\n|player|p1|\n",
  "uploadtime": 1776643414,
  "views": 9,
  "formatid": "gen9championsvgc2026regma",
  "rating": 1326,
  "private": 0,
  "password": null
}