{
  "id": "gen9championsvgc2026regma-2587779094",
  "format": "[Gen 9 Champions] VGC 2026 Reg M-A",
  "players": [
    "SickShok",
    "G3psyDanger"
  ],
  "log": "|j|\u2606SickShok\n|j|\u2606G3psyDanger\n|t:|1776563139\n|gametype|doubles\n|player|p1|SickShok|2|1100\n|player|p2|G3psyDanger|101|1000\n|gen|9\n|tier|[Gen 9 Champions] VGC 2026 Reg M-A\n|rated|\n|rule|Species Clause: Limit one of each Pok\u00e9mon\n|rule|Item Clause: Limit 1 of each item\n|clearpoke\n|poke|p1|Incineroar, L50, M|\n|poke|p1|Pelipper, L50, M|\n|poke|p1|Basculegion, L50, M|\n|poke|p1|Kingambit, L50, F|\n|poke|p1|Sneasler, L50, M|\n|poke|p1|Meganium, L50, M|\n|poke|p2|Gengar, L50, F|\n|poke|p2|Kommo-o, L50, F|\n|poke|p2|Garchomp, L50, M|\n|poke|p2|Pelipper, L50, M|\n|poke|p2|Incineroar, L50, F|\n|poke|p2|Tsareena, L50, F|\n|teampreview|4\n|\n|t:|1776563240\n|teamsize|p1|4\n|teamsize|p2|4\n|start\n|switch|p1a: Kingambit|Kingambit, L50, F|100/100\n|switch|p1b: Incineroar|Incineroar, L50, M|100/100\n|switch|p2a: Tsareena|Tsareena, L50, F|100/100\n|switch|p2b: Gengar|Gengar, L50, F|100/100\n|-ability|p1b: Incineroar|Intimidate|boost\n|-unboost|p2a: Tsareena|atk|1\n|-unboost|p2b: Gengar|atk|1\n|turn|1\n|inactive|Battle timer is ON: inactive players will automatically lose when time's up. (requested by SickShok)\n|inactive|G3psyDanger has 60 seconds left.\n|\n|t:|1776563322\n|detailschange|p2b: Gengar|Gengar-Mega, L50, F\n|-mega|p2b: Gengar|Gengar|Gengarite\n|move|p1b: Incineroar|Fake Out||[still]\n|cant|p2a: Tsareena|ability: Queenly Majesty|Fake Out|[of] p1b: Incineroar\n|move|p2b: Gengar|Perish Song|p2b: Gengar\n|-start|p1a: Kingambit|perish3|[silent]\n|-start|p1b: Incineroar|perish3|[silent]\n|-start|p2a: Tsareena|perish3|[silent]\n|-start|p2b: Gengar|perish3|[silent]\n|-fieldactivate|move: Perish Song\n|move|p2a: Tsareena|Knock Off|p1a: Kingambit\n|-resisted|p1a: Kingambit|1\n|-damage|p1a: Kingambit|93/100\n|-enditem|p1a: Kingambit|Chople Berry|[from] move: Knock Off|[of] p2a: Tsareena\n|move|p1a: Kingambit|Kowtow Cleave|p2b: Gengar\n|-supereffective|p2b: Gengar|1\n|-damage|p2b: Gengar|0 fnt\n|faint|p2b: Gengar\n|\n|-start|p1b: Incineroar|perish3\n|-start|p2a: Tsareena|perish3\n|-start|p1a: Kingambit|perish3\n|upkeep\n|\n|t:|1776563338\n|switch|p2b: Garchomp|Garchomp, L50, M|100/100\n|turn|2\n|inactive|SickShok has 30 seconds left.\n|inactive|G3psyDanger has 30 seconds left.\n|\n|t:|1776563369\n|move|p2a: Tsareena|Protect|p2a: Tsareena\n|-singleturn|p2a: Tsareena|Protect\n|move|p1a: Kingambit|Protect|p1a: Kingambit\n|-singleturn|p1a: Kingambit|Protect\n|move|p2b: Garchomp|Stomping Tantrum|p1a: Kingambit\n|-activate|p1a: Kingambit|move: Protect\n|move|p1b: Incineroar|Flare Blitz|p2a: Tsareena\n|-activate|p2a: Tsareena|move: Protect\n|\n|-start|p1b: Incineroar|perish2\n|-start|p2a: Tsareena|perish2\n|-start|p1a: Kingambit|perish2\n|upkeep\n|turn|3\n|inactive|G3psyDanger has 30 seconds left.\n|inactive|G3psyDanger has 20 seconds left.\n|inactive|G3psyDanger has 15 seconds left.\n|\n|t:|1776563410\n|switch|p2a: Incineroar|Incineroar, L50, F|100/100\n|-ability|p2a: Incineroar|Intimidate|boost\n|-unboost|p1a: Kingambit|atk|1\n|-ability|p1a: Kingambit|Defiant|boost\n|-boost|p1a: Kingambit|atk|2\n|-unboost|p1b: Incineroar|atk|1\n|switch|p1a: Pelipper|Pelipper, L50, M|100/100\n|-weather|RainDance|[from] ability: Drizzle|[of] p1a: Pelipper\n|move|p2b: Garchomp|Stomping Tantrum|p1a: Pelipper\n|-immune|p1a: Pelipper\n|move|p1b: Incineroar|Flare Blitz|p2a: Incineroar\n|-resisted|p2a: Incineroar|1\n|-damage|p2a: Incineroar|93/100\n|-damage|p1b: Incineroar|98/100|[from] Recoil\n|\n|-weather|RainDance|[upkeep]\n|-start|p1b: Incineroar|perish1\n|upkeep\n|turn|4\n|inactive|G3psyDanger has 30 seconds left.\n|\n|t:|1776563436\n|switch|p1b: Kingambit|Kingambit, L50, F|93/100\n|move|p2a: Incineroar|Fake Out|p1a: Pelipper\n|-damage|p1a: Pelipper|87/100\n|move|p2b: Garchomp|Rock Slide|p1b: Kingambit|[spread] p1a,p1b\n|-supereffective|p1a: Pelipper|1\n|-resisted|p1b: Kingambit|1\n|-damage|p1a: Pelipper|25/100\n|-damage|p1b: Kingambit|84/100\n|cant|p1a: Pelipper|flinch\n|\n|-weather|RainDance|[upkeep]\n|upkeep\n|turn|5\n|inactive|G3psyDanger has 30 seconds left.\n|\n|t:|1776563464\n|move|p1b: Kingambit|Protect|p1b: Kingambit\n|-singleturn|p1b: Kingambit|Protect\n|move|p2b: Garchomp|Stomping Tantrum|p1b: Kingambit\n|-activate|p1b: Kingambit|move: Protect\n|move|p1a: Pelipper|Tailwind|p1a: Pelipper\n|-sidestart|p1: SickShok|move: Tailwind\n|move|p2a: Incineroar|Parting Shot|p1a: Pelipper\n|-unboost|p1a: Pelipper|atk|1\n|-unboost|p1a: Pelipper|spa|1\n|\n|t:|1776563474\n|switch|p2a: Tsareena|Tsareena, L50, F|100/100|[from] Parting Shot\n|\n|-weather|RainDance|[upkeep]\n|upkeep\n|turn|6\n|\n|t:|1776563492\n|switch|p1b: Incineroar|Incineroar, L50, M|98/100\n|-ability|p1b: Incineroar|Intimidate|boost\n|-unboost|p2a: Tsareena|atk|1\n|-unboost|p2b: Garchomp|atk|1\n|move|p2a: Tsareena|Protect|p2a: Tsareena\n|-singleturn|p2a: Tsareena|Protect\n|move|p1a: Pelipper|Hurricane|p2a: Tsareena\n|-activate|p2a: Tsareena|move: Protect\n|move|p2b: Garchomp|Stomping Tantrum|p1b: Incineroar\n|-supereffective|p1b: Incineroar|1\n|-damage|p1b: Incineroar|48/100\n|-enditem|p1b: Incineroar|Sitrus Berry|[eat]\n|-heal|p1b: Incineroar|73/100|[from] item: Sitrus Berry\n|\n|-weather|RainDance|[upkeep]\n|upkeep\n|turn|7\n|inactive|SickShok has 30 seconds left.\n|inactive|G3psyDanger has 30 seconds left.\n|inactive|G3psyDanger has 20 seconds left.\n|inactive|SickShok has 20 seconds left.\n|inactive|G3psyDanger has 15 seconds left.\n|\n|t:|1776563532\n|switch|p1b: Basculegion|Basculegion, L50, M|100/100\n|switch|p2a: Incineroar|Incineroar, L50, F|93/100\n|-ability|p2a: Incineroar|Intimidate|boost\n|-unboost|p1a: Pelipper|atk|1\n|-unboost|p1b: Basculegion|atk|1\n|move|p1a: Pelipper|Hurricane|p2b: Garchomp\n|-damage|p2b: Garchomp|64/100\n|move|p2b: Garchomp|Stomping Tantrum|p1b: Basculegion\n|-damage|p1b: Basculegion|64/100\n|\n|-weather|none\n|upkeep\n|turn|8\n|inactive|G3psyDanger has 30 seconds left.\n|\n|t:|1776563567\n|switch|p1a: Incineroar|Incineroar, L50, M|73/100\n|-ability|p1a: Incineroar|Intimidate|boost\n|-unboost|p2a: Incineroar|atk|1\n|-unboost|p2b: Garchomp|atk|1\n|switch|p2a: Tsareena|Tsareena, L50, F|100/100\n|move|p2b: Garchomp|Protect|p2b: Garchomp\n|-singleturn|p2b: Garchomp|Protect\n|move|p1b: Basculegion|Flip Turn|p2a: Tsareena\n|-resisted|p2a: Tsareena|1\n|-damage|p2a: Tsareena|86/100\n|\n|t:|1776563580\n|switch|p1b: Pelipper|Pelipper, L50, M|25/100|[from] Flip Turn\n|-weather|RainDance|[from] ability: Drizzle|[of] p1b: Pelipper\n|\n|-weather|RainDance|[upkeep]\n|-sideend|p1: SickShok|move: Tailwind\n|upkeep\n|turn|9\n|inactive|SickShok has 30 seconds left.\n|inactive|G3psyDanger has 30 seconds left.\n|inactive|G3psyDanger has 20 seconds left.\n|inactive|G3psyDanger has 15 seconds left.\n|inactive|G3psyDanger has 10 seconds left.\n|\n|t:|1776563626\n|switch|p1a: Basculegion|Basculegion, L50, M|64/100\n|move|p2b: Garchomp|Rock Slide|p1a: Basculegion|[spread] p1a,p1b\n|-supereffective|p1b: Pelipper|1\n|-damage|p1a: Basculegion|51/100\n|-damage|p1b: Pelipper|0 fnt\n|faint|p1b: Pelipper\n|move|p2a: Tsareena|Triple Axel|p1a: Basculegion\n|-resisted|p1a: Basculegion|1\n|-damage|p1a: Basculegion|46/100\n|-resisted|p1a: Basculegion|1\n|-crit|p1a: Basculegion\n|-damage|p1a: Basculegion|32/100\n|-hitcount|p1a: Basculegion|2\n|\n|-weather|RainDance|[upkeep]\n|upkeep\n|\n|t:|1776563642\n|switch|p1b: Incineroar|Incineroar, L50, M|73/100\n|-ability|p1b: Incineroar|Intimidate|boost\n|-unboost|p2a: Tsareena|atk|1\n|-unboost|p2b: Garchomp|atk|1\n|turn|10\n|inactive|SickShok has 30 seconds left.\n|inactive|SickShok has 20 seconds left.\n|\n|t:|1776563682\n|switch|p2b: Incineroar|Incineroar, L50, F|93/100\n|-ability|p2b: Incineroar|Intimidate|boost\n|-unboost|p1a: Basculegion|atk|1\n|-unboost|p1b: Incineroar|atk|1\n|move|p1b: Incineroar|Fake Out||[still]\n|cant|p2a: Tsareena|ability: Queenly Majesty|Fake Out|[of] p1b: Incineroar\n|move|p1a: Basculegion|Wave Crash|p2b: Incineroar\n|-supereffective|p2b: Incineroar|1\n|-damage|p2b: Incineroar|0 fnt\n|faint|p2b: Incineroar\n|-damage|p1a: Basculegion|1/100|[from] Recoil\n|move|p2a: Tsareena|Power Whip|p1a: Basculegion\n|-supereffective|p1a: Basculegion|1\n|-damage|p1a: Basculegion|0 fnt\n|faint|p1a: Basculegion\n|\n|-weather|RainDance|[upkeep]\n|upkeep\n|\n|t:|1776563698\n|switch|p1a: Kingambit|Kingambit, L50, F|84/100\n|switch|p2b: Garchomp|Garchomp, L50, M|64/100\n|turn|11\n|inactive|SickShok has 30 seconds left.\n|inactive|G3psyDanger has 30 seconds left.\n|inactive|G3psyDanger has 20 seconds left.\n|\n|t:|1776563735\n|move|p2b: Garchomp|Stomping Tantrum|p1a: Kingambit\n|-supereffective|p1a: Kingambit|1\n|-damage|p1a: Kingambit|19/100\n|move|p1b: Incineroar|Flare Blitz|p2a: Tsareena\n|-supereffective|p2a: Tsareena|1\n|-damage|p2a: Tsareena|53/100\n|-status|p2a: Tsareena|brn\n|-enditem|p2a: Tsareena|Lum Berry|[eat]\n|-curestatus|p2a: Tsareena|brn|[msg]\n|-damage|p1b: Incineroar|63/100|[from] Recoil\n|move|p2a: Tsareena|Knock Off|p1b: Incineroar\n|-resisted|p1b: Incineroar|1\n|-damage|p1b: Incineroar|56/100\n|move|p1a: Kingambit|Kowtow Cleave|p2b: Garchomp\n|-damage|p2b: Garchomp|20/100\n|-damage|p1a: Kingambit|6/100|[from] ability: Rough Skin|[of] p2b: Garchomp\n|\n|-weather|RainDance|[upkeep]\n|upkeep\n|turn|12\n|inactive|SickShok has 30 seconds left.\n|inactive|G3psyDanger has 30 seconds left.\n|inactive|G3psyDanger has 20 seconds left.\n|inactive|G3psyDanger has 15 seconds left.\n|\n|t:|1776563775\n|move|p2b: Garchomp|Protect|p2b: Garchomp\n|-singleturn|p2b: Garchomp|Protect\n|move|p1a: Kingambit|Protect|p1a: Kingambit\n|-singleturn|p1a: Kingambit|Protect\n|move|p1b: Incineroar|Throat Chop|p2b: Garchomp\n|-activate|p2b: Garchomp|move: Protect\n|move|p2a: Tsareena|Power Whip|p1a: Kingambit\n|-activate|p1a: Kingambit|move: Protect\n|\n|-weather|none\n|upkeep\n|turn|13\n|inactive|G3psyDanger has 30 seconds left.\n|inactive|G3psyDanger has 20 seconds left.\n|inactive|G3psyDanger has 15 seconds left.\n|\n|t:|1776563817\n|move|p2b: Garchomp|Protect|p2b: Garchomp\n|-singleturn|p2b: Garchomp|Protect\n|move|p1a: Kingambit|Protect||[still]\n|-fail|p1a: Kingambit\n|move|p1b: Incineroar|Throat Chop|p2b: Garchomp\n|-activate|p2b: Garchomp|move: Protect\n|move|p2a: Tsareena|Triple Axel|p1a: Kingambit\n|-resisted|p1a: Kingambit|1\n|-damage|p1a: Kingambit|4/100\n|-resisted|p1a: Kingambit|1\n|-damage|p1a: Kingambit|1/100\n|-resisted|p1a: Kingambit|1\n|-damage|p1a: Kingambit|0 fnt\n|faint|p1a: Kingambit\n|-hitcount|p1: Kingambit|3\n|\n|upkeep\n|turn|14\n|inactive|G3psyDanger has 25 seconds left this turn.\n|inactive|G3psyDanger has 20 seconds left.\n|inactive|G3psyDanger has 15 seconds left.\n|inactive|G3psyDanger has 10 seconds left.\n|inactive|G3psyDanger has 5 seconds left.\n|\n|t:|1776563837\n|move|p2b: Garchomp|Stomping Tantrum|p1b: Incineroar\n|-supereffective|p1b: Incineroar|1\n|-damage|p1b: Incineroar|0 fnt\n|faint|p1b: Incineroar\n|\n|win|G3psyDanger\n|raw|SickShok's rating: 1100 &rarr; <strong>1068</strong><br />(-32 for losing)\n|raw|G3psyDanger's rating: 1000 &rarr; <strong>1051</strong><br />(+51 for winning)\n|l|\u2606SickShok\n|player|p1|\n",
  "uploadtime": 1776563846,
  "views": 16,
  "formatid": "gen9championsvgc2026regma",
  "rating": 1051,
  "private": 0,
  "password": null
}