{
  "id": "gen9championsvgc2026regma-2586894164",
  "format": "[Gen 9 Champions] VGC 2026 Reg M-A",
  "players": [
    "Cachapita",
    "h2obama"
  ],
  "log": "|j|\u2606Cachapita\n|j|\u2606h2obama\n|t:|1776469343\n|gametype|doubles\n|player|p1|Cachapita|1|1000\n|player|p2|h2obama|170|1080\n|gen|9\n|tier|[Gen 9 Champions] VGC 2026 Reg M-A\n|rated|\n|rule|Species Clause: Limit one of each Pok\u00e9mon\n|rule|Item Clause: Limit 1 of each item\n|clearpoke\n|poke|p1|Ariados, L50, F|\n|poke|p1|Conkeldurr, L50, F|\n|poke|p1|Farigiraf, L50, M|\n|poke|p1|Incineroar, L50, F|\n|poke|p1|Gardevoir, L50, M|\n|poke|p1|Passimian, L50, M|\n|poke|p2|Scovillain, L50, F|\n|poke|p2|Aerodactyl, L50, F|\n|poke|p2|Araquanid, L50, F|\n|poke|p2|Basculegion, L50, M|\n|poke|p2|Garchomp, L50, F|\n|poke|p2|Sneasler, L50, F|\n|teampreview|4\n|\n|t:|1776469378\n|teamsize|p1|4\n|teamsize|p2|4\n|start\n|switch|p1a: Ariados|Ariados, L50, F|100/100\n|switch|p1b: Farigiraf|Farigiraf, L50, M|100/100\n|switch|p2a: Scovillain|Scovillain, L50, F|100/100\n|switch|p2b: Sneasler|Sneasler, L50, F|100/100\n|turn|1\n|\n|t:|1776469395\n|switch|p2b: Araquanid|Araquanid, L50, F|100/100\n|move|p1a: Ariados|Rage Powder|p1a: Ariados\n|-singleturn|p1a: Ariados|move: Rage Powder\n|move|p2a: Scovillain|Overheat|p1b: Farigiraf\n|-damage|p1b: Farigiraf|54/100\n|-unboost|p2a: Scovillain|spa|2\n|move|p1b: Farigiraf|Trick Room|p1b: Farigiraf\n|-fieldstart|move: Trick Room|[of] p1b: Farigiraf\n|\n|upkeep\n|turn|2\n|\n|t:|1776469437\n|switch|p1b: Conkeldurr|Conkeldurr, L50, F|100/100\n|detailschange|p2a: Scovillain|Scovillain-Mega, L50, F\n|-mega|p2a: Scovillain|Scovillain|Scovillainite\n|move|p2b: Araquanid|Wide Guard|p2b: Araquanid\n|-singleturn|p2b: Araquanid|Wide Guard\n|move|p1a: Ariados|Toxic Thread|p1b: Conkeldurr\n|-unboost|p1b: Conkeldurr|spe|2\n|-status|p1b: Conkeldurr|psn\n|move|p2a: Scovillain|Leech Seed|p1b: Conkeldurr\n|-start|p1b: Conkeldurr|move: Leech Seed\n|\n|-damage|p1b: Conkeldurr|88/100 psn|[from] Leech Seed|[of] p2a: Scovillain\n|-damage|p1b: Conkeldurr|76/100 psn|[from] psn\n|upkeep\n|turn|3\n|\n|t:|1776469489\n|move|p2a: Scovillain|Protect|p2a: Scovillain\n|-singleturn|p2a: Scovillain|Protect\n|move|p1a: Ariados|Rage Powder|p1a: Ariados\n|-singleturn|p1a: Ariados|move: Rage Powder\n|move|p1b: Conkeldurr|Drain Punch|p2a: Scovillain\n|-activate|p2a: Scovillain|move: Protect\n|move|p2b: Araquanid|Liquidation|p1a: Ariados\n|-damage|p1a: Ariados|34/100\n|\n|-damage|p1b: Conkeldurr|64/100 psn|[from] Leech Seed|[of] p2a: Scovillain\n|-damage|p1b: Conkeldurr|51/100 psn|[from] psn\n|upkeep\n|turn|4\n|\n|t:|1776469516\n|switch|p2a: Basculegion|Basculegion, L50, M|100/100\n|move|p1a: Ariados|Rage Powder|p1a: Ariados\n|-singleturn|p1a: Ariados|move: Rage Powder\n|move|p1b: Conkeldurr|Facade|p2b: Araquanid\n|-damage|p2b: Araquanid|16/100\n|move|p2b: Araquanid|Liquidation|p1a: Ariados\n|-damage|p1a: Ariados|0 fnt\n|faint|p1a: Ariados\n|\n|-damage|p1b: Conkeldurr|39/100 psn|[from] Leech Seed|[of] p2a: Basculegion\n|-damage|p1b: Conkeldurr|27/100 psn|[from] psn\n|upkeep\n|\n|t:|1776469530\n|switch|p1a: Gardevoir|Gardevoir, L50, M|100/100\n|-ability|p1a: Gardevoir|Water Bubble|Trace|[from] ability: Trace|[of] p2b: Araquanid\n|turn|5\n|\n|t:|1776469554\n|switch|p1b: Farigiraf|Farigiraf, L50, M|54/100\n|switch|p2a: Sneasler|Sneasler, L50, F|100/100\n|detailschange|p1a: Gardevoir|Gardevoir-Mega, L50, M\n|-mega|p1a: Gardevoir|Gardevoir|Gardevoirite\n|move|p2b: Araquanid|Protect|p2b: Araquanid\n|-singleturn|p2b: Araquanid|Protect\n|move|p1a: Gardevoir|Moonblast|p2a: Sneasler\n|-damage|p2a: Sneasler|11/100\n|\n|-fieldend|move: Trick Room\n|upkeep\n|turn|6\n|\n|t:|1776469572\n|switch|p2b: Scovillain|Scovillain-Mega, L50, F|100/100\n|move|p2a: Sneasler|Dire Claw|p1b: Farigiraf\n|-damage|p1b: Farigiraf|11/100\n|move|p1b: Farigiraf|Hyper Voice|p2a: Sneasler|[spread] p2a,p2b\n|-damage|p2a: Sneasler|0 fnt\n|-damage|p2b: Scovillain|69/100\n|-status|p1b: Farigiraf|brn|[from] ability: Spicy Spray|[of] p2b: Scovillain\n|faint|p2a: Sneasler\n|move|p1a: Gardevoir|Trick Room|p1a: Gardevoir\n|-fieldstart|move: Trick Room|[of] p1a: Gardevoir\n|\n|-damage|p1b: Farigiraf|4/100 brn|[from] brn\n|upkeep\n|\n|t:|1776469590\n|switch|p2a: Araquanid|Araquanid, L50, F|16/100\n|turn|7\n|\n|t:|1776469613\n|move|p2a: Araquanid|Wide Guard|p2a: Araquanid\n|-singleturn|p2a: Araquanid|Wide Guard\n|move|p1b: Farigiraf|Twin Beam|p2a: Araquanid\n|-damage|p2a: Araquanid|0 fnt\n|faint|p2a: Araquanid\n|-hitcount|p2: Araquanid|1\n|move|p2b: Scovillain|Leech Seed|p1a: Gardevoir\n|-start|p1a: Gardevoir|move: Leech Seed\n|move|p1a: Gardevoir|Moonblast|p2b: Scovillain\n|-resisted|p2b: Scovillain|1\n|-damage|p2b: Scovillain|34/100\n|-status|p1a: Gardevoir|brn|[from] ability: Spicy Spray|[of] p2b: Scovillain\n|\n|-damage|p1a: Gardevoir|88/100 brn|[from] Leech Seed|[of] p2b: Scovillain\n|-heal|p2b: Scovillain|46/100|[silent]\n|-damage|p1b: Farigiraf|0 fnt|[from] brn\n|faint|p1b: Farigiraf\n|-damage|p1a: Gardevoir|83/100 brn|[from] brn\n|upkeep\n|\n|t:|1776469620\n|switch|p2a: Basculegion|Basculegion, L50, M|100/100\n|switch|p1b: Conkeldurr|Conkeldurr, L50, F|27/100 psn\n|turn|8\n|\n|t:|1776469638\n|move|p2a: Basculegion|Aqua Jet|p1a: Gardevoir\n|-damage|p1a: Gardevoir|48/100 brn\n|move|p1b: Conkeldurr|Stomping Tantrum|p2a: Basculegion\n|-damage|p2a: Basculegion|45/100\n|move|p2b: Scovillain|Leech Seed|p1b: Conkeldurr\n|-start|p1b: Conkeldurr|move: Leech Seed\n|move|p1a: Gardevoir|Moonblast|p2a: Basculegion\n|-damage|p2a: Basculegion|0 fnt\n|faint|p2a: Basculegion\n|\n|-damage|p1b: Conkeldurr|15/100 psn|[from] Leech Seed|[of] p2b: Scovillain\n|-heal|p2b: Scovillain|61/100|[silent]\n|-damage|p1a: Gardevoir|36/100 brn|[from] Leech Seed|[of] p2b: Scovillain\n|-heal|p2b: Scovillain|73/100|[silent]\n|-damage|p1b: Conkeldurr|2/100 psn|[from] psn\n|-damage|p1a: Gardevoir|31/100 brn|[from] brn\n|upkeep\n|turn|9\n|\n|t:|1776469650\n|move|p2b: Scovillain|Protect|p2b: Scovillain\n|-singleturn|p2b: Scovillain|Protect\n|move|p1b: Conkeldurr|Drain Punch|p2b: Scovillain\n|-activate|p2b: Scovillain|move: Protect\n|move|p1a: Gardevoir|Moonblast|p2b: Scovillain\n|-activate|p2b: Scovillain|move: Protect\n|\n|-damage|p1b: Conkeldurr|0 fnt|[from] Leech Seed|[of] p2b: Scovillain\n|-heal|p2b: Scovillain|75/100|[silent]\n|faint|p1b: Conkeldurr\n|-damage|p1a: Gardevoir|19/100 brn|[from] Leech Seed|[of] p2b: Scovillain\n|-heal|p2b: Scovillain|88/100|[silent]\n|-damage|p1a: Gardevoir|13/100 brn|[from] brn\n|upkeep\n|turn|10\n|\n|t:|1776469666\n|move|p2b: Scovillain|Overheat|p1a: Gardevoir\n|-damage|p1a: Gardevoir|0 fnt\n|-unboost|p2b: Scovillain|spa|2\n|faint|p1a: Gardevoir\n|\n|win|h2obama\n|raw|Cachapita's rating: 1000 &rarr; <strong>1000</strong><br />(+0 for losing)\n|raw|h2obama's rating: 1080 &rarr; <strong>1102</strong><br />(+22 for winning)\n|l|\u2606Cachapita\n|player|p1|\n",
  "uploadtime": 1776469672,
  "views": 26,
  "formatid": "gen9championsvgc2026regma",
  "rating": 1000,
  "private": 0,
  "password": null
}