{
  "id": "gen9championsvgc2026regma-2582252397",
  "format": "[Gen 9 Champions] VGC 2026 Reg M-A",
  "players": [
    "blackashura",
    "rentotanaka"
  ],
  "log": "|j|\u2606blackashura\n|j|\u2606rentotanaka\n|t:|1776076368\n|gametype|doubles\n|player|p1|blackashura|169|1095\n|player|p2|rentotanaka|101|1169\n|gen|9\n|tier|[Gen 9 Champions] VGC 2026 Reg M-A\n|rated|\n|rule|Species Clause: Limit one of each Pok\u00e9mon\n|rule|Item Clause: Limit 1 of each item\n|clearpoke\n|poke|p1|Tyranitar, L50, M|\n|poke|p1|Rotom-Wash, L50|\n|poke|p1|Garchomp, L50, F|\n|poke|p1|Sneasler, L50, M|\n|poke|p1|Skarmory, L50, M|\n|poke|p1|Volcarona, L50, F|\n|poke|p2|Starmie, L50|\n|poke|p2|Sneasler, L50, M|\n|poke|p2|Kingambit, L50, F|\n|poke|p2|Incineroar, L50, F|\n|poke|p2|Sinistcha, L50|\n|poke|p2|Corviknight, L50, M|\n|teampreview|4\n|inactive|Battle timer is ON: inactive players will automatically lose when time's up. (requested by rentotanaka)\n|inactive|blackashura has 60 seconds left.\n|inactive|rentotanaka has 60 seconds left.\n|inactive|rentotanaka has 30 seconds left.\n|inactive|rentotanaka has 20 seconds left.\n|\n|t:|1776076442\n|teamsize|p1|4\n|teamsize|p2|4\n|start\n|switch|p1a: Sneasler|Sneasler, L50, M|100/100\n|switch|p1b: Rotom|Rotom-Wash, L50|100/100\n|switch|p2a: Starmie|Starmie, L50|100/100\n|switch|p2b: Sneasler|Sneasler, L50, M|100/100\n|-ability|p1a: Sneasler|Pressure\n|turn|1\n|inactive|rentotanaka has 30 seconds left.\n|inactive|rentotanaka has 20 seconds left.\n|inactive|rentotanaka has 15 seconds left.\n|inactive|rentotanaka has 10 seconds left.\n|\n|t:|1776076488\n|detailschange|p2a: Starmie|Starmie-Mega, L50\n|-mega|p2a: Starmie|Starmie|Starminite\n|move|p2a: Starmie|Protect|p2a: Starmie\n|-singleturn|p2a: Starmie|Protect\n|move|p1b: Rotom|Thunderbolt|p2a: Starmie\n|-activate|p2a: Starmie|move: Protect\n|move|p1a: Sneasler|Close Combat|p2b: Sneasler\n|-resisted|p2b: Sneasler|1\n|-damage|p2b: Sneasler|48/100\n|-unboost|p1a: Sneasler|def|1\n|-unboost|p1a: Sneasler|spd|1\n|-enditem|p1a: Sneasler|White Herb\n|-clearnegativeboost|p1a: Sneasler|[silent]\n|move|p2b: Sneasler|Coaching|p2a: Starmie\n|-boost|p2a: Starmie|atk|1\n|-boost|p2a: Starmie|def|1\n|\n|upkeep\n|turn|2\n|inactive|blackashura has 30 seconds left.\n|inactive|rentotanaka has 30 seconds left.\n|inactive|rentotanaka has 20 seconds left.\n|inactive|rentotanaka has 15 seconds left.\n|inactive|rentotanaka has 10 seconds left.\n|inactive|rentotanaka has 5 seconds left.\n|\n|t:|1776076541\n|move|p1b: Rotom|Thunderbolt|p2a: Starmie\n|-supereffective|p2a: Starmie|1\n|-damage|p2a: Starmie|6/100\n|-status|p2a: Starmie|par\n|move|p2b: Sneasler|Close Combat|p1a: Sneasler\n|-resisted|p1a: Sneasler|1\n|-crit|p1a: Sneasler\n|-damage|p1a: Sneasler|16/100\n|-unboost|p2b: Sneasler|def|1\n|-unboost|p2b: Sneasler|spd|1\n|move|p1a: Sneasler|Close Combat|p2b: Sneasler\n|-resisted|p2b: Sneasler|1\n|-damage|p2b: Sneasler|0 fnt\n|-unboost|p1a: Sneasler|def|1\n|-unboost|p1a: Sneasler|spd|1\n|faint|p2b: Sneasler\n|move|p2a: Starmie|Zen Headbutt|p1b: Rotom\n|-damage|p1b: Rotom|0 fnt\n|faint|p1b: Rotom\n|\n|upkeep\n|inactive|blackashura has 30 seconds left.\n|inactive|rentotanaka has 30 seconds left.\n|\n|t:|1776076570\n|switch|p2b: Sinistcha|Sinistcha, L50|100/100\n|switch|p1b: Volcarona|Volcarona, L50, F|100/100\n|-heal|p2a: Starmie|31/100 par|[from] ability: Hospitality|[of] p2b: Sinistcha\n|turn|3\n|inactive|blackashura has 30 seconds left.\n|\n|t:|1776076597\n|move|p1a: Sneasler|Protect|p1a: Sneasler\n|-singleturn|p1a: Sneasler|Protect\n|cant|p2a: Starmie|par\n|move|p1b: Volcarona|Heat Wave|p2b: Sinistcha|[spread] p2a,p2b\n|-resisted|p2a: Starmie|1\n|-supereffective|p2b: Sinistcha|1\n|-damage|p2a: Starmie|10/100 par\n|-damage|p2b: Sinistcha|45/100\n|move|p2b: Sinistcha|Trick Room|p2b: Sinistcha\n|-fieldstart|move: Trick Room|[of] p2b: Sinistcha\n|\n|-heal|p2b: Sinistcha|51/100|[from] item: Leftovers\n|upkeep\n|turn|4\n|inactive|blackashura has 30 seconds left.\n|\n|t:|1776076629\n|move|p2b: Sinistcha|Rage Powder|p2b: Sinistcha\n|-singleturn|p2b: Sinistcha|move: Rage Powder\n|move|p1b: Volcarona|Rage Powder|p1b: Volcarona\n|-singleturn|p1b: Volcarona|move: Rage Powder\n|move|p2a: Starmie|Waterfall|p1b: Volcarona\n|-supereffective|p1b: Volcarona|1\n|-damage|p1b: Volcarona|0 fnt\n|faint|p1b: Volcarona\n|move|p1a: Sneasler|Dire Claw|p2b: Sinistcha\n|-crit|p2b: Sinistcha\n|-damage|p2b: Sinistcha|0 fnt\n|faint|p2b: Sinistcha\n|\n|upkeep\n|\n|t:|1776076639\n|switch|p2b: Corviknight|Corviknight, L50, M|100/100\n|switch|p1b: Garchomp|Garchomp, L50, F|100/100\n|turn|5\n|inactive|blackashura has 30 seconds left.\n|\n|t:|1776076668\n|move|p1b: Garchomp|Protect|p1b: Garchomp\n|-singleturn|p1b: Garchomp|Protect\n|move|p1a: Sneasler|Protect|p1a: Sneasler\n|-singleturn|p1a: Sneasler|Protect\n|move|p2a: Starmie|Waterfall|p1a: Sneasler\n|-activate|p1a: Sneasler|move: Protect\n|move|p2b: Corviknight|Iron Defense|p2b: Corviknight\n|-boost|p2b: Corviknight|def|2\n|\n|upkeep\n|turn|6\n|\n|t:|1776076684\n|move|p2a: Starmie|Waterfall|p1a: Sneasler\n|-damage|p1a: Sneasler|0 fnt\n|faint|p1a: Sneasler\n|move|p2b: Corviknight|Iron Defense|p2b: Corviknight\n|-boost|p2b: Corviknight|def|2\n|move|p1b: Garchomp|Dragon Claw|p2a: Starmie\n|-damage|p2a: Starmie|0 fnt\n|faint|p2a: Starmie\n|\n|upkeep\n|turn|7\n|\n|t:|1776076696\n|move|p1b: Garchomp|Protect|p1b: Garchomp\n|-singleturn|p1b: Garchomp|Protect\n|move|p2b: Corviknight|Iron Defense|p2b: Corviknight\n|-boost|p2b: Corviknight|def|2\n|\n|-fieldend|move: Trick Room\n|upkeep\n|turn|8\n|\n|t:|1776076703\n|move|p1b: Garchomp|Dragon Claw|p2b: Corviknight\n|-resisted|p2b: Corviknight|1\n|-damage|p2b: Corviknight|96/100\n|move|p2b: Corviknight|Body Press|p1b: Garchomp\n|-damage|p1b: Garchomp|21/100\n|-damage|p2b: Corviknight|84/100|[from] ability: Rough Skin|[of] p1b: Garchomp\n|\n|upkeep\n|turn|9\n|-message|blackashura forfeited.\n|\n|win|rentotanaka\n|raw|blackashura's rating: 1095 &rarr; <strong>1076</strong><br />(-19 for losing)\n|raw|rentotanaka's rating: 1169 &rarr; <strong>1189</strong><br />(+20 for winning)\n|c|\u2606blackashura|gg\n|c|\u2606rentotanaka|gg\n|l|\u2606rentotanaka\n|player|p2|\n",
  "uploadtime": 1776076370,
  "views": 14,
  "formatid": "gen9championsvgc2026regma",
  "rating": 1076,
  "private": 0,
  "password": null
}