{
  "id": "gen9championsvgc2026regma-2587519709",
  "format": "[Gen 9 Champions] VGC 2026 Reg M-A",
  "players": [
    "138mysx",
    "Cello L."
  ],
  "log": "|j|\u2606138mysx\n|j|\u2606Cello L.\n|t:|1776538796\n|gametype|doubles\n|player|p1|138mysx|170|\n|player|p2|Cello L.|cynthia-gen4|\n|gen|9\n|tier|[Gen 9 Champions] VGC 2026 Reg M-A\n|rated|Tournament battle\n|rule|Species Clause: Limit one of each Pok\u00e9mon\n|rule|Item Clause: Limit 1 of each item\n|raw|<div class=\"infobox\"><details class=\"readmore\" open><summary><strong>1 custom rule:</strong></summary> Force Open Team Sheets</details></div>\n|clearpoke\n|poke|p1|Garchomp, L50, F, shiny|\n|poke|p1|Gardevoir, L50, F, shiny|\n|poke|p1|Charizard, L50, F, shiny|\n|poke|p1|Milotic, L50, M|\n|poke|p1|Corviknight, L50, F|\n|poke|p1|Meowscarada, L50, M|\n|poke|p2|Floette-Eternal, L50, F|\n|poke|p2|Tyranitar, L50, M|\n|poke|p2|Sneasler, L50, F|\n|poke|p2|Palafin, L50, F|\n|poke|p2|Incineroar, L50, F|\n|poke|p2|Sinistcha-Masterpiece, L50|\n|teampreview|4\n|showteam|p1|Garchomp||LumBerry|RoughSkin|RockSlide,Earthquake,DragonClaw,Protect|||F|||50|]Gardevoir||ChoiceScarf|Telepathy|Psyshock,Moonblast,DazzlingGleam,IcyWind|||F|||50|]Charizard||CharizarditeY|Blaze|WeatherBall,HeatWave,SolarBeam,Protect|||F|||50|]Milotic||Leftovers|Competitive|Scald,IceBeam,Recover,Protect|||M|||50|]Corviknight||SitrusBerry|Unnerve|IronHead,DualWingbeat,Tailwind,BulkUp|||F|||50|]Meowscarada||FocusSash|Protean|KnockOff,LowKick,FlowerTrick,Protect|||M|||50|\n|showteam|p2|Floette-Eternal||Floettite|FlowerVeil|Moonblast,DazzlingGleam,CalmMind,Protect|||F|||50|]Tyranitar||LumBerry|SandStream|RockSlide,KnockOff,LowKick,Protect|||M|||50|]Sneasler||WhiteHerb|Unburden|CloseCombat,DireClaw,FakeOut,Protect|||F|||50|]Palafin||MysticWater|ZerotoHero|WaveCrash,JetPunch,Haze,Protect|||F|||50|]Incineroar||ChopleBerry|Intimidate|FlareBlitz,HelpingHand,FakeOut,PartingShot|||F|||50|]Sinistcha-Masterpiece||SitrusBerry|Hospitality|MatchaGotcha,RagePowder,LifeDew,TrickRoom||||||50|\n|j| tdanger44\n|l| tdanger44\n|\n|t:|1776538888\n|teamsize|p1|4\n|teamsize|p2|4\n|start\n|switch|p1a: Gardevoir|Gardevoir, L50, F, shiny|100/100\n|switch|p1b: Milotic|Milotic, L50, M|100/100\n|switch|p2a: Heir|Floette-Eternal, L50, F|100/100\n|switch|p2b: Killer Stairs|Sneasler, L50, F|100/100\n|turn|1\n|j| whizz whoosh\n|\n|t:|1776538919\n|detailschange|p2a: Heir|Floette-Mega, L50, F\n|-mega|p2a: Heir|Floette|Floettite\n|-ability|p2a: Heir|Fairy Aura\n|move|p2b: Killer Stairs|Fake Out|p1a: Gardevoir\n|-damage|p1a: Gardevoir|75/100\n|cant|p1a: Gardevoir|flinch\n|move|p2a: Heir|Calm Mind|p2a: Heir\n|-boost|p2a: Heir|spa|1\n|-boost|p2a: Heir|spd|1\n|move|p1b: Milotic|Scald|p2a: Heir\n|-damage|p2a: Heir|85/100\n|\n|upkeep\n|turn|2\n|j| Stagea R\n|l| Stagea R\n|\n|t:|1776538962\n|switch|p1b: Corviknight|Corviknight, L50, F|100/100\n|-ability|p1b: Corviknight|Unnerve\n|move|p2b: Killer Stairs|Protect|p2b: Killer Stairs\n|-singleturn|p2b: Killer Stairs|Protect\n|move|p1a: Gardevoir|Psyshock|p2b: Killer Stairs\n|-activate|p2b: Killer Stairs|move: Protect\n|move|p2a: Heir|Dazzling Gleam|p1b: Corviknight|[spread] p1a,p1b\n|-resisted|p1b: Corviknight|1\n|-damage|p1a: Gardevoir|0 fnt\n|-damage|p1b: Corviknight|67/100\n|faint|p1a: Gardevoir\n|\n|upkeep\n|\n|t:|1776538970\n|switch|p1a: Meowscarada|Meowscarada, L50, M|100/100\n|turn|3\n|j| lSuis\n|j| joaoruben\n|j| tdanger44\n|\n|t:|1776539020\n|move|p1a: Meowscarada|Flower Trick|p2a: Heir\n|-start|p1a: Meowscarada|typechange|Grass|[from] ability: Protean\n|-crit|p2a: Heir\n|-damage|p2a: Heir|31/100\n|move|p2b: Killer Stairs|Close Combat|p1a: Meowscarada\n|-enditem|p1a: Meowscarada|Focus Sash\n|-damage|p1a: Meowscarada|1/100\n|-unboost|p2b: Killer Stairs|def|1\n|-unboost|p2b: Killer Stairs|spd|1\n|-enditem|p2b: Killer Stairs|White Herb\n|-clearnegativeboost|p2b: Killer Stairs|[silent]\n|move|p2a: Heir|Dazzling Gleam|p1a: Meowscarada|[spread] p1a,p1b\n|-resisted|p1b: Corviknight|1\n|-damage|p1a: Meowscarada|0 fnt\n|-damage|p1b: Corviknight|33/100\n|-enditem|p1b: Corviknight|Sitrus Berry|[eat]\n|-heal|p1b: Corviknight|58/100|[from] item: Sitrus Berry\n|faint|p1a: Meowscarada\n|move|p1b: Corviknight|Iron Head|p2a: Heir\n|-supereffective|p2a: Heir|1\n|-damage|p2a: Heir|0 fnt\n|faint|p2a: Heir\n|\n|upkeep\n|\n|t:|1776539043\n|switch|p1a: Milotic|Milotic, L50, M|100/100\n|switch|p2a: Tyranocif|Tyranitar, L50, M|100/100\n|-weather|Sandstorm|[from] ability: Sand Stream|[of] p2a: Tyranocif\n|turn|4\n|\n|t:|1776539064\n|move|p2b: Killer Stairs|Close Combat|p1b: Corviknight\n|-damage|p1b: Corviknight|0 fnt\n|-unboost|p2b: Killer Stairs|def|1\n|-unboost|p2b: Killer Stairs|spd|1\n|faint|p1b: Corviknight\n|move|p1a: Milotic|Scald|p2b: Killer Stairs\n|-damage|p2b: Killer Stairs|39/100\n|move|p2a: Tyranocif|Knock Off|p1a: Milotic\n|-damage|p1a: Milotic|54/100\n|-enditem|p1a: Milotic|Leftovers|[from] move: Knock Off|[of] p2a: Tyranocif\n|\n|-weather|Sandstorm|[upkeep]\n|-damage|p2b: Killer Stairs|33/100|[from] Sandstorm\n|-damage|p1a: Milotic|47/100|[from] Sandstorm\n|upkeep\n|turn|5\n|-message|138mysx forfeited.\n|\n|win|Cello L.\n|n|\u2606138mysx|138mysx\n|n|\u2606Cello L.|cellol\n|n| whizz whoosh|whizzwhoosh\n|n| lSuis|lsuis\n|n| joaoruben|joaoruben\n|n| tdanger44|tdanger44\n|c|\u2606Cello L.|gg\n|l| lSuis\n|l| joaoruben\n|l|\u2606138mysx\n|player|p1|\n|l| whizz whoosh\n|l| tdanger44\n",
  "uploadtime": 1776539090,
  "views": 12,
  "formatid": "gen9championsvgc2026regma",
  "rating": null,
  "private": 0,
  "password": null
}