{
  "id": "gen9championsvgc2026regma-2584216295",
  "format": "[Gen 9 Champions] VGC 2026 Reg M-A",
  "players": [
    "yuemeimei",
    "zeimei"
  ],
  "log": "|j|\u2606yuemeimei\n|j|\u2606zeimei\n|t:|1776239304\n|gametype|doubles\n|player|p1|yuemeimei|265|1386\n|player|p2|zeimei|265|1347\n|gen|9\n|tier|[Gen 9 Champions] VGC 2026 Reg M-A\n|rated|\n|rule|Species Clause: Limit one of each Pok\u00e9mon\n|rule|Item Clause: Limit 1 of each item\n|clearpoke\n|poke|p1|Gardevoir, L50, F|\n|poke|p1|Incineroar, L50, M|\n|poke|p1|Whimsicott, L50, M|\n|poke|p1|Kingambit, L50, F|\n|poke|p1|Garchomp, L50, F|\n|poke|p1|Sneasler, L50, F|\n|poke|p2|Sinistcha, L50|\n|poke|p2|Incineroar, L50, M|\n|poke|p2|Aggron, L50, F|\n|poke|p2|Dragapult, L50, F|\n|poke|p2|Rotom-Wash, L50|\n|poke|p2|Floette-Eternal, L50, F|\n|teampreview|4\n|inactive|Battle timer is ON: inactive players will automatically lose when time's up. (requested by zeimei)\n|j| Tilifee\n|\n|t:|1776239349\n|teamsize|p1|4\n|teamsize|p2|4\n|start\n|switch|p1a: Gardevoir|Gardevoir, L50, F|100/100\n|switch|p1b: Whimsicott|Whimsicott, L50, M|100/100\n|switch|p2a: Dragapult|Dragapult, L50, F|100/100\n|switch|p2b: Aggron|Aggron, L50, F|100/100\n|-ability|p1a: Gardevoir|Clear Body|Trace|[from] ability: Trace|[of] p2a: Dragapult\n|turn|1\n|l| Tilifee\n|\n|t:|1776239372\n|detailschange|p1a: Gardevoir|Gardevoir-Mega, L50, F\n|-mega|p1a: Gardevoir|Gardevoir|Gardevoirite\n|detailschange|p2b: Aggron|Aggron-Mega, L50, F\n|-mega|p2b: Aggron|Aggron|Aggronite\n|move|p1b: Whimsicott|Tailwind|p1b: Whimsicott\n|-sidestart|p1: yuemeimei|move: Tailwind\n|move|p1a: Gardevoir|Hyper Voice|p2b: Aggron|[spread] p2a,p2b\n|-supereffective|p2a: Dragapult|1\n|-resisted|p2b: Aggron|1\n|-enditem|p2a: Dragapult|Focus Sash\n|-damage|p2a: Dragapult|1/100\n|-damage|p2b: Aggron|73/100\n|move|p2a: Dragapult|Light Screen|p2a: Dragapult\n|-sidestart|p2: zeimei|move: Light Screen\n|move|p2b: Aggron|Heavy Slam|p1a: Gardevoir\n|-supereffective|p1a: Gardevoir|1\n|-damage|p1a: Gardevoir|0 fnt\n|faint|p1a: Gardevoir\n|\n|upkeep\n|\n|t:|1776239388\n|switch|p1a: Sneasler|Sneasler, L50, F|100/100\n|turn|2\n|\n|t:|1776239399\n|switch|p2b: Sinistcha|Sinistcha, L50|100/100\n|-heal|p2a: Dragapult|26/100|[from] ability: Hospitality|[of] p2b: Sinistcha\n|move|p1a: Sneasler|Fake Out|p2b: Sinistcha\n|-immune|p2b: Sinistcha\n|move|p1b: Whimsicott|Moonblast|p2a: Dragapult\n|-supereffective|p2a: Dragapult|1\n|-damage|p2a: Dragapult|0 fnt\n|faint|p2a: Dragapult\n|\n|upkeep\n|\n|t:|1776239410\n|switch|p2a: Rotom|Rotom-Wash, L50|100/100\n|turn|3\n|\n|t:|1776239426\n|switch|p1b: Kingambit|Kingambit, L50, F|100/100\n|move|p1a: Sneasler|Dire Claw|p2b: Sinistcha\n|-damage|p2b: Sinistcha|70/100\n|move|p2a: Rotom|Will-O-Wisp|p1a: Sneasler\n|-status|p1a: Sneasler|brn\n|move|p2b: Sinistcha|Trick Room|p2b: Sinistcha\n|-fieldstart|move: Trick Room|[of] p2b: Sinistcha\n|\n|-damage|p1a: Sneasler|95/100 brn|[from] brn\n|upkeep\n|turn|4\n|\n|t:|1776239442\n|move|p2b: Sinistcha|Life Dew||[still]|[spread] p2a,p2b\n|-fail|p2a: Rotom|heal\n|-heal|p2b: Sinistcha|95/100\n|move|p2a: Rotom|Will-O-Wisp|p1b: Kingambit\n|-status|p1b: Kingambit|brn\n|move|p1b: Kingambit|Kowtow Cleave|p2b: Sinistcha\n|-supereffective|p2b: Sinistcha|1\n|-damage|p2b: Sinistcha|48/100\n|move|p1a: Sneasler|Dire Claw|p2a: Rotom\n|-damage|p2a: Rotom|78/100\n|\n|-heal|p2a: Rotom|83/100|[from] item: Leftovers\n|-damage|p1b: Kingambit|95/100 brn|[from] brn\n|-damage|p1a: Sneasler|89/100 brn|[from] brn\n|-sideend|p1: yuemeimei|move: Tailwind\n|upkeep\n|turn|5\n|\n|t:|1776239462\n|switch|p2b: Aggron|Aggron-Mega, L50, F|73/100\n|move|p1b: Kingambit|Kowtow Cleave|p2b: Aggron\n|-damage|p2b: Aggron|59/100\n|move|p2a: Rotom|Thunderbolt|p1a: Sneasler\n|-damage|p1a: Sneasler|37/100 brn\n|move|p1a: Sneasler|Dire Claw|p2a: Rotom\n|-crit|p2a: Rotom\n|-damage|p2a: Rotom|49/100\n|\n|-heal|p2a: Rotom|55/100|[from] item: Leftovers\n|-damage|p1b: Kingambit|89/100 brn|[from] brn\n|-damage|p1a: Sneasler|31/100 brn|[from] brn\n|-sideend|p2: zeimei|move: Light Screen\n|upkeep\n|turn|6\n|\n|t:|1776239482\n|switch|p1a: Whimsicott|Whimsicott, L50, M|100/100\n|move|p1b: Kingambit|Kowtow Cleave|p2a: Rotom\n|-damage|p2a: Rotom|26/100\n|move|p2b: Aggron|Body Press|p1b: Kingambit\n|-supereffective|p1b: Kingambit|2\n|-damage|p1b: Kingambit|0 fnt\n|faint|p1b: Kingambit\n|move|p2a: Rotom|Thunderbolt|p1a: Whimsicott\n|-resisted|p1a: Whimsicott|1\n|-damage|p1a: Whimsicott|68/100\n|-status|p1a: Whimsicott|par\n|\n|-heal|p2a: Rotom|32/100|[from] item: Leftovers\n|upkeep\n|\n|t:|1776239489\n|switch|p1b: Sneasler|Sneasler, L50, F|31/100 brn\n|turn|7\n|\n|t:|1776239507\n|switch|p2a: Sinistcha|Sinistcha, L50|48/100\n|-heal|p2b: Aggron|84/100|[from] ability: Hospitality|[of] p2a: Sinistcha\n|move|p1b: Sneasler|Fake Out|p2a: Sinistcha\n|-immune|p2a: Sinistcha\n|move|p1a: Whimsicott|Encore|p2b: Aggron\n|-start|p2b: Aggron|Encore\n|move|p2b: Aggron|Body Press|p1b: Sneasler\n|-resisted|p1b: Sneasler|1\n|-damage|p1b: Sneasler|0 fnt\n|faint|p1b: Sneasler\n|\n|-fieldend|move: Trick Room\n|upkeep\n|turn|8\n|-message|yuemeimei forfeited.\n|\n|win|zeimei\n|raw|yuemeimei's rating: 1386 &rarr; <strong>1364</strong><br />(-22 for losing)\n|raw|zeimei's rating: 1347 &rarr; <strong>1369</strong><br />(+22 for winning)\n|l|\u2606yuemeimei\n|player|p1|\n",
  "uploadtime": 1776239529,
  "views": 43,
  "formatid": "gen9championsvgc2026regma",
  "rating": 1364,
  "private": 0,
  "password": null
}