{
  "id": "gen9championsvgc2026regma-2582115580",
  "format": "[Gen 9 Champions] VGC 2026 Reg M-A",
  "players": [
    "elmamawebos",
    "It'sJustKen VGC"
  ],
  "log": "|j|\u2606elmamawebos\n|j|\u2606It'sJustKen VGC\n|t:|1776059882\n|gametype|doubles\n|player|p1|elmamawebos|265|1093\n|player|p2|It'sJustKen VGC|265|1138\n|gen|9\n|tier|[Gen 9 Champions] VGC 2026 Reg M-A\n|rated|\n|rule|Species Clause: Limit one of each Pok\u00e9mon\n|rule|Item Clause: Limit 1 of each item\n|clearpoke\n|poke|p1|Audino, L50, F|\n|poke|p1|Whimsicott, L50, F|\n|poke|p1|Chandelure, L50, M|\n|poke|p1|Slowbro, L50, F|\n|poke|p1|Incineroar, L50, M|\n|poke|p1|Starmie, L50|\n|poke|p2|Kingambit, L50, F|\n|poke|p2|Clefable, L50, M|\n|poke|p2|Chimecho, L50, M|\n|poke|p2|Golurk, L50|\n|poke|p2|Torkoal, L50, M|\n|poke|p2|Hawlucha, L50, F|\n|teampreview|4\n|inactive|Battle timer is ON: inactive players will automatically lose when time's up. (requested by It'sJustKen VGC)\nelmamawebos rejected open team sheets.\n|\n|t:|1776059906\n|teamsize|p1|4\n|teamsize|p2|4\n|start\n|switch|p1a: Audino|Audino, L50, F|100/100\n|switch|p1b: Whimsicott|Whimsicott, L50, F|100/100\n|switch|p2a: Clefable|Clefable, L50, M|100/100\n|switch|p2b: Chimecho|Chimecho, L50, M|100/100\n|turn|1\n|\n|t:|1776059931\n|switch|p2a: Golurk|Golurk, L50|100/100\n|detailschange|p2b: Chimecho|Chimecho-Mega, L50, M\n|-mega|p2b: Chimecho|Chimecho|Chimechite\n|move|p1b: Whimsicott|Protect|p1b: Whimsicott\n|-singleturn|p1b: Whimsicott|Protect\n|move|p1a: Audino|Protect|p1a: Audino\n|-singleturn|p1a: Audino|Protect\n|move|p2b: Chimecho|Skill Swap|p2a: Golurk\n|-activate|p2b: Chimecho|Skill Swap|||[of] p2a: Golurk\n|\n|upkeep\n|turn|2\n|inactive|elmamawebos has 30 seconds left.\n|\n|t:|1776059960\n|switch|p2a: Kingambit|Kingambit, L50, F|100/100\n|move|p1b: Whimsicott|Memento|p2b: Chimecho\n|-unboost|p2b: Chimecho|atk|2\n|-unboost|p2b: Chimecho|spa|2\n|faint|p1b: Whimsicott\n|move|p2b: Chimecho|Skill Swap|p2a: Kingambit\n|-activate|p2b: Chimecho|Skill Swap|||[of] p2a: Kingambit\n|move|p1a: Audino|Trick Room|p1a: Audino\n|-fieldstart|move: Trick Room|[of] p1a: Audino\n|\n|upkeep\n|\n|t:|1776059973\n|switch|p1b: Chandelure|Chandelure, L50, M|100/100\n|turn|3\n|\n|t:|1776059984\n|move|p2a: Kingambit|Protect|p2a: Kingambit\n|-singleturn|p2a: Kingambit|Protect\n|move|p1a: Audino|Simple Beam|p1b: Chandelure\n|-ability|p1b: Chandelure|Simple|Flame Body|[from] move: Simple Beam\n|move|p2b: Chimecho|Hypnosis|p1b: Chandelure\n|-status|p1b: Chandelure|slp|[from] move: Hypnosis\n|cant|p1b: Chandelure|slp\n|\n|upkeep\n|turn|4\n|inactive|elmamawebos has 30 seconds left.\n|inactive|elmamawebos has 20 seconds left.\n|inactive|elmamawebos has 15 seconds left.\n|\n|t:|1776060028\n|move|p1a: Audino|Protect|p1a: Audino\n|-singleturn|p1a: Audino|Protect\n|move|p2b: Chimecho|Hypnosis|p1a: Audino\n|-activate|p1a: Audino|move: Protect\n|move|p2a: Kingambit|Kowtow Cleave|p1b: Chandelure\n|-supereffective|p1b: Chandelure|1\n|-damage|p1b: Chandelure|7/100 slp\n|-curestatus|p1b: Chandelure|slp|[msg]\n|move|p1b: Chandelure|Minimize|p1b: Chandelure\n|-boost|p1b: Chandelure|evasion|4\n|\n|upkeep\n|turn|5\n|inactive|elmamawebos has 30 seconds left.\n|\n|t:|1776060053\n|move|p1a: Audino|Heal Pulse|p1b: Chandelure\n|-heal|p1b: Chandelure|57/100\n|move|p2b: Chimecho|Hypnosis|p1a: Audino\n|-status|p1a: Audino|slp|[from] move: Hypnosis\n|move|p2a: Kingambit|Kowtow Cleave|p1b: Chandelure\n|-supereffective|p1b: Chandelure|1\n|-damage|p1b: Chandelure|0 fnt\n|faint|p1b: Chandelure\n|\n|upkeep\n|\n|t:|1776060063\n|switch|p1b: Slowbro|Slowbro, L50, F|100/100\n|turn|6\n|-message|elmamawebos forfeited.\n|\n|win|It'sJustKen VGC\n|raw|elmamawebos's rating: 1093 &rarr; <strong>1072</strong><br />(-21 for losing)\n|raw|It&apos;sJustKen VGC's rating: 1138 &rarr; <strong>1160</strong><br />(+22 for winning)\n|l|\u2606elmamawebos\n|player|p1|\n",
  "uploadtime": 1776060069,
  "views": 10,
  "formatid": "gen9championsvgc2026regma",
  "rating": 1072,
  "private": 0,
  "password": null
}