{
  "id": "gen9championsvgc2026regma-2588446309",
  "format": "[Gen 9 Champions] VGC 2026 Reg M-A",
  "players": [
    "SparkelzVGC",
    "xRamii"
  ],
  "log": "|j|\u2606SparkelzVGC\n|j|\u2606xRamii\n|t:|1776634251\n|gametype|doubles\n|player|p1|SparkelzVGC|riley|1545\n|player|p2|xRamii|veteran|1608\n|gen|9\n|tier|[Gen 9 Champions] VGC 2026 Reg M-A\n|rated|\n|rule|Species Clause: Limit one of each Pok\u00e9mon\n|rule|Item Clause: Limit 1 of each item\n|clearpoke\n|poke|p1|Incineroar, L50, F|\n|poke|p1|Gengar, L50, F|\n|poke|p1|Sinistcha, L50|\n|poke|p1|Kingambit, L50, M|\n|poke|p1|Tyranitar, L50, M|\n|poke|p1|Kommo-o, L50, F|\n|poke|p2|Garchomp, L50, M, shiny|\n|poke|p2|Floette-Eternal, L50, F|\n|poke|p2|Rotom-Wash, L50, shiny|\n|poke|p2|Aegislash, L50, F, shiny|\n|poke|p2|Charizard, L50, M, shiny|\n|poke|p2|Aerodactyl, L50, M|\n|teampreview|4\n|inactive|Battle timer is ON: inactive players will automatically lose when time's up. (requested by SparkelzVGC)\n|inactive|xRamii has 60 seconds left.\n|\n|t:|1776634292\n|teamsize|p1|4\n|teamsize|p2|4\n|start\n|switch|p1a: Kommo-o|Kommo-o, L50, F|100/100\n|switch|p1b: Tyranitar|Tyranitar, L50, M|100/100\n|switch|p2a: Rotom|Rotom-Wash, L50, shiny|100/100\n|switch|p2b: Aegislash|Aegislash, L50, F, shiny|100/100\n|-weather|Sandstorm|[from] ability: Sand Stream|[of] p1b: Tyranitar\n|turn|1\n|inactive|xRamii has 30 seconds left.\n|\n|t:|1776634325\n|move|p2a: Rotom|Volt Switch|p1a: Kommo-o\n|-resisted|p1a: Kommo-o|1\n|-damage|p1a: Kommo-o|82/100\n|\n|t:|1776634330\n|switch|p2a: Garchomp|Garchomp, L50, M, shiny|100/100|[from] Volt Switch\n|move|p1b: Tyranitar|Rock Slide|p2a: Garchomp|[spread] p2b\n|-miss|p1b: Tyranitar|p2a: Garchomp\n|-resisted|p2b: Aegislash|1\n|-damage|p2b: Aegislash|90/100\n|move|p1a: Kommo-o|Clangorous Soul|p1a: Kommo-o\n|-boost|p1a: Kommo-o|atk|1\n|-boost|p1a: Kommo-o|def|1\n|-boost|p1a: Kommo-o|spa|1\n|-boost|p1a: Kommo-o|spd|1\n|-boost|p1a: Kommo-o|spe|1\n|-damage|p1a: Kommo-o|49/100\n|-formechange|p2b: Aegislash|Aegislash-Blade|\n|move|p2b: Aegislash|Close Combat|p1b: Tyranitar\n|-supereffective|p1b: Tyranitar|2\n|-damage|p1b: Tyranitar|0 fnt\n|-unboost|p2b: Aegislash|def|1\n|-unboost|p2b: Aegislash|spd|1\n|faint|p1b: Tyranitar\n|\n|-weather|Sandstorm|[upkeep]\n|-damage|p1a: Kommo-o|43/100|[from] Sandstorm\n|-heal|p1a: Kommo-o|49/100|[from] item: Leftovers\n|upkeep\n|\n|t:|1776634351\n|switch|p1b: Kingambit|Kingambit, L50, M|100/100\n|turn|2\n|\n|t:|1776634368\n|-formechange|p2b: Aegislash|Aegislash|\n|move|p2b: Aegislash|King's Shield|p2b: Aegislash\n|-singleturn|p2b: Aegislash|Protect\n|move|p1b: Kingambit|Sucker Punch|p2a: Garchomp\n|-damage|p2a: Garchomp|68/100\n|-damage|p1b: Kingambit|88/100|[from] ability: Rough Skin|[of] p2a: Garchomp\n|move|p1a: Kommo-o|Clanging Scales|p2a: Garchomp|[spread] p2a\n|-activate|p2b: Aegislash|move: Protect\n|-supereffective|p2a: Garchomp|1\n|-enditem|p2a: Garchomp|Haban Berry|[eat]\n|-enditem|p2a: Garchomp|Haban Berry|[weaken]\n|-damage|p2a: Garchomp|16/100\n|-unboost|p1a: Kommo-o|def|1\n|move|p2a: Garchomp|Dragon Claw|p1a: Kommo-o\n|-supereffective|p1a: Kommo-o|1\n|-damage|p1a: Kommo-o|0 fnt\n|faint|p1a: Kommo-o\n|\n|-weather|Sandstorm|[upkeep]\n|upkeep\n|\n|t:|1776634385\n|switch|p1a: Gengar|Gengar, L50, F|100/100\n|turn|3\n|\n|t:|1776634409\n|switch|p2b: Charizard|Charizard, L50, M, shiny|100/100\n|detailschange|p1a: Gengar|Gengar-Mega, L50, F\n|-mega|p1a: Gengar|Gengar|Gengarite\n|move|p1b: Kingambit|Sucker Punch|p2a: Garchomp\n|-damage|p2a: Garchomp|0 fnt\n|-damage|p1b: Kingambit|76/100|[from] ability: Rough Skin|[of] p2a: Garchomp\n|faint|p2a: Garchomp\n|move|p1a: Gengar|Shadow Ball|p2b: Charizard\n|-damage|p2b: Charizard|48/100\n|\n|-weather|Sandstorm|[upkeep]\n|-damage|p1a: Gengar|95/100|[from] Sandstorm\n|-damage|p2b: Charizard|43/100|[from] Sandstorm\n|upkeep\n|\n|t:|1776634422\n|switch|p2a: Aegislash|Aegislash, L50, F, shiny|90/100\n|turn|4\n|inactive|SparkelzVGC has 30 seconds left.\n|inactive|xRamii has 30 seconds left.\n|inactive|xRamii has 20 seconds left.\n|inactive|xRamii has 15 seconds left.\n|\n|t:|1776634463\n|move|p2b: Charizard|Protect|p2b: Charizard\n|-singleturn|p2b: Charizard|Protect\n|move|p1b: Kingambit|Sucker Punch||[still]\n|-fail|p1b: Kingambit\n|move|p1a: Gengar|Shadow Ball|p2a: Aegislash\n|-supereffective|p2a: Aegislash|1\n|-damage|p2a: Aegislash|20/100\n|-unboost|p2a: Aegislash|spd|1\n|-formechange|p2a: Aegislash|Aegislash-Blade|\n|move|p2a: Aegislash|Close Combat|p1b: Kingambit\n|-supereffective|p1b: Kingambit|2\n|-enditem|p1b: Kingambit|Chople Berry|[eat]\n|-enditem|p1b: Kingambit|Chople Berry|[weaken]\n|-damage|p1b: Kingambit|3/100\n|-unboost|p2a: Aegislash|def|1\n|-unboost|p2a: Aegislash|spd|1\n|\n|-weather|Sandstorm|[upkeep]\n|-damage|p1a: Gengar|89/100|[from] Sandstorm\n|-damage|p2b: Charizard|37/100|[from] Sandstorm\n|upkeep\n|turn|5\n|\n|t:|1776634486\n|detailschange|p2b: Charizard|Charizard-Mega-Y, L50, M, shiny\n|-mega|p2b: Charizard|Charizard|Charizardite Y\n|-weather|SunnyDay|[from] ability: Drought|[of] p2b: Charizard\n|move|p1b: Kingambit|Sucker Punch|p2b: Charizard\n|-damage|p2b: Charizard|0 fnt\n|faint|p2b: Charizard\n|move|p2a: Aegislash|Shadow Sneak|p1b: Kingambit\n|-resisted|p1b: Kingambit|1\n|-damage|p1b: Kingambit|0 fnt\n|faint|p1b: Kingambit\n|move|p1a: Gengar|Shadow Ball|p2a: Aegislash\n|-supereffective|p2a: Aegislash|1\n|-damage|p2a: Aegislash|0 fnt\n|faint|p2a: Aegislash\n|\n|-weather|SunnyDay|[upkeep]\n|upkeep\n|\n|t:|1776634496\n|switch|p2b: Rotom|Rotom-Wash, L50, shiny|100/100\n|turn|6\n|\n|t:|1776634508\n|move|p1a: Gengar|Protect|p1a: Gengar\n|-singleturn|p1a: Gengar|Protect\n|move|p2b: Rotom|Thunderbolt|p1a: Gengar\n|-activate|p1a: Gengar|move: Protect\n|\n|-weather|SunnyDay|[upkeep]\n|upkeep\n|turn|7\n|\n|t:|1776634513\n|move|p2b: Rotom|Thunderbolt|p1a: Gengar\n|-damage|p1a: Gengar|42/100\n|move|p1a: Gengar|Shadow Ball|p2b: Rotom\n|-damage|p2b: Rotom|44/100\n|\n|-weather|SunnyDay|[upkeep]\n|upkeep\n|turn|8\n|\n|t:|1776634521\n|move|p2b: Rotom|Thunderbolt|p1a: Gengar\n|-damage|p1a: Gengar|0 fnt\n|faint|p1a: Gengar\n|\n|win|xRamii\n|raw|SparkelzVGC's rating: 1545 &rarr; <strong>1529</strong><br />(-16 for losing)\n|raw|xRamii's rating: 1608 &rarr; <strong>1624</strong><br />(+16 for winning)\n|l|\u2606SparkelzVGC\n|player|p1|\n|l|\u2606xRamii\n|player|p2|\n",
  "uploadtime": 1776636073,
  "views": 15,
  "formatid": "gen9championsvgc2026regma",
  "rating": 1529,
  "private": 0,
  "password": null
}