{
  "id": "gen9championsvgc2026regma-2585710387",
  "format": "[Gen 9 Champions] VGC 2026 Reg M-A",
  "players": [
    "ZeroPops",
    "SMAK TALK"
  ],
  "log": "|j|\u2606ZeroPops\n|j|\u2606SMAK TALK\n|t:|1776365282\n|gametype|doubles\n|player|p1|ZeroPops|1|1306\n|player|p2|SMAK TALK|265|1257\n|gen|9\n|tier|[Gen 9 Champions] VGC 2026 Reg M-A\n|rated|\n|rule|Species Clause: Limit one of each Pok\u00e9mon\n|rule|Item Clause: Limit 1 of each item\n|clearpoke\n|poke|p1|Floette-Eternal, L50, F|\n|poke|p1|Aerodactyl, L50, M|\n|poke|p1|Sneasler, L50, M|\n|poke|p1|Incineroar, L50, M|\n|poke|p1|Kingambit, L50, M|\n|poke|p1|Basculegion, L50, M|\n|poke|p2|Talonflame, L50, F|\n|poke|p2|Garchomp, L50, F|\n|poke|p2|Kingambit, L50, M|\n|poke|p2|Starmie, L50|\n|poke|p2|Sneasler, L50, M|\n|poke|p2|Decidueye-Hisui, L50, M|\n|teampreview|4\n|\n|t:|1776365317\n|teamsize|p1|4\n|teamsize|p2|4\n|start\n|switch|p1a: Aerodactyl|Aerodactyl, L50, M|100/100\n|switch|p1b: Sneasler|Sneasler, L50, M|100/100\n|switch|p2a: Starmie|Starmie, L50|100/100\n|switch|p2b: Decidueye|Decidueye-Hisui, L50, M|100/100\n|-ability|p1a: Aerodactyl|Unnerve\n|turn|1\n|\n|t:|1776365334\n|detailschange|p2a: Starmie|Starmie-Mega, L50\n|-mega|p2a: Starmie|Starmie|Starminite\n|move|p2a: Starmie|Protect|p2a: Starmie\n|-singleturn|p2a: Starmie|Protect\n|move|p1b: Sneasler|Fake Out|p2a: Starmie\n|-activate|p2a: Starmie|move: Protect\n|move|p1a: Aerodactyl|Dual Wingbeat|p2b: Decidueye\n|-supereffective|p2b: Decidueye|2\n|-damage|p2b: Decidueye|0 fnt\n|faint|p2b: Decidueye\n|-hitcount|p2: Decidueye|1\n|\n|upkeep\n|\n|t:|1776365342\n|switch|p2b: Sneasler|Sneasler, L50, M|100/100\n|turn|2\n|\n|t:|1776365353\n|move|p1a: Aerodactyl|Protect|p1a: Aerodactyl\n|-singleturn|p1a: Aerodactyl|Protect\n|move|p1b: Sneasler|Protect|p1b: Sneasler\n|-singleturn|p1b: Sneasler|Protect\n|move|p2b: Sneasler|Close Combat|p1b: Sneasler\n|-activate|p1b: Sneasler|move: Protect\n|move|p2a: Starmie|Liquidation|p1a: Aerodactyl\n|-activate|p1a: Aerodactyl|move: Protect\n|\n|upkeep\n|turn|3\n|\n|t:|1776365373\n|move|p2b: Sneasler|Protect|p2b: Sneasler\n|-singleturn|p2b: Sneasler|Protect\n|move|p1a: Aerodactyl|Tailwind|p1a: Aerodactyl\n|-sidestart|p1: ZeroPops|move: Tailwind\n|move|p1b: Sneasler|Dire Claw|p2a: Starmie\n|-damage|p2a: Starmie|52/100\n|-status|p2a: Starmie|psn\n|move|p2a: Starmie|Liquidation|p1a: Aerodactyl\n|-supereffective|p1a: Aerodactyl|1\n|-enditem|p1a: Aerodactyl|Focus Sash\n|-damage|p1a: Aerodactyl|1/100\n|\n|-damage|p2a: Starmie|39/100 psn|[from] psn\n|upkeep\n|turn|4\n|\n|t:|1776365382\n|move|p2a: Starmie|Aqua Jet|p1a: Aerodactyl\n|-supereffective|p1a: Aerodactyl|1\n|-damage|p1a: Aerodactyl|0 fnt\n|faint|p1a: Aerodactyl\n|move|p1b: Sneasler|Dire Claw|p2a: Starmie\n|-damage|p2a: Starmie|0 fnt\n|faint|p2a: Starmie\n|move|p2b: Sneasler|Close Combat|p1b: Sneasler\n|-resisted|p1b: Sneasler|1\n|-damage|p1b: Sneasler|50/100\n|-unboost|p2b: Sneasler|def|1\n|-unboost|p2b: Sneasler|spd|1\n|-enditem|p2b: Sneasler|White Herb\n|-clearnegativeboost|p2b: Sneasler|[silent]\n|\n|upkeep\n|inactive|Battle timer is ON: inactive players will automatically lose when time's up. (requested by SMAK TALK)\n|\n|t:|1776365442\n|switch|p1a: Floette|Floette-Eternal, L50, F|100/100\n|switch|p2a: Kingambit|Kingambit, L50, M|100/100\n|turn|5\n|inactive|ZeroPops has 30 seconds left.\n|\n|t:|1776365477\n|detailschange|p1a: Floette|Floette-Mega, L50, F\n|-mega|p1a: Floette|Floette|Floettite\n|-ability|p1a: Floette|Fairy Aura\n|move|p2a: Kingambit|Sucker Punch|p1b: Sneasler\n|-resisted|p1b: Sneasler|1\n|-damage|p1b: Sneasler|4/100\n|move|p1b: Sneasler|Close Combat|p2a: Kingambit\n|-supereffective|p2a: Kingambit|2\n|-damage|p2a: Kingambit|0 fnt\n|-unboost|p1b: Sneasler|def|1\n|-unboost|p1b: Sneasler|spd|1\n|faint|p2a: Kingambit\n|-enditem|p1b: Sneasler|White Herb\n|-clearnegativeboost|p1b: Sneasler|[silent]\n|move|p2b: Sneasler|Close Combat|p1b: Sneasler\n|-resisted|p1b: Sneasler|1\n|-damage|p1b: Sneasler|0 fnt\n|-unboost|p2b: Sneasler|def|1\n|-unboost|p2b: Sneasler|spd|1\n|faint|p1b: Sneasler\n|move|p1a: Floette|Moonblast|p2b: Sneasler\n|-damage|p2b: Sneasler|0 fnt\n|faint|p2b: Sneasler\n|\n|win|ZeroPops\n|raw|ZeroPops's rating: 1306 &rarr; <strong>1324</strong><br />(+18 for winning)\n|raw|SMAK TALK's rating: 1278 &rarr; <strong>1255</strong><br />(-23 for losing)\n|c|\u2606SMAK TALK|nice spped tie win\n|c|\u2606ZeroPops|what are you talking about?\n|c|\u2606ZeroPops|i have tailwind\n|c|\u2606SMAK TALK|i have unburden\n|c|\u2606SMAK TALK|you didn't\n|c|\u2606ZeroPops|So instead of protecting\n|c|\u2606ZeroPops|you took the speed tie?\n|c|\u2606ZeroPops|blame a coin toss all you want but...\n|c|\u2606SMAK TALK|you had your herb still\n|c|\u2606SMAK TALK|i had double from unburden\n|c|\u2606ZeroPops|also take responsibility in the risk you took\n|c|\u2606ZeroPops|you also clicked sucker instead of iron head\n|c|\u2606SMAK TALK|you die to iron head next move, you got lucky\n|c|\u2606ZeroPops|i have basc\n|c|\u2606ZeroPops|it's still a mindgame in my favor\n|c|\u2606SMAK TALK|yuou use someone elses team you copied\n|c|\u2606ZeroPops|no\n|l|\u2606SMAK TALK\n|player|p2|\n|c|\u2606ZeroPops|im testing my own team\n",
  "uploadtime": 1776365501,
  "views": 92,
  "formatid": "gen9championsvgc2026regma",
  "rating": 1255,
  "private": 0,
  "password": null
}