{
  "id": "gen9championsvgc2026regma-2583511239",
  "format": "[Gen 9 Champions] VGC 2026 Reg M-A",
  "players": [
    "All-StarVGC",
    "maykeyjazz"
  ],
  "log": "|j|\u2606All-StarVGC\n|j|\u2606maykeyjazz\n|t:|1776180268\n|gametype|doubles\n|player|p1|All-StarVGC|red|1075\n|player|p2|maykeyjazz|ghetsis|1131\n|gen|9\n|tier|[Gen 9 Champions] VGC 2026 Reg M-A\n|rated|\n|rule|Species Clause: Limit one of each Pok\u00e9mon\n|rule|Item Clause: Limit 1 of each item\n|clearpoke\n|poke|p1|Incineroar, L50, M|\n|poke|p1|Archaludon, L50, M|\n|poke|p1|Pelipper, L50, M|\n|poke|p1|Floette-Eternal, L50, F|\n|poke|p1|Meganium, L50, M|\n|poke|p1|Sinistcha, L50|\n|poke|p2|Incineroar, L50, M|\n|poke|p2|Gengar, L50, M|\n|poke|p2|Whimsicott, L50, F|\n|poke|p2|Hydreigon, L50, M|\n|poke|p2|Sneasler, L50, F|\n|poke|p2|Gyarados, L50, M|\n|teampreview|4\n|inactive|Battle timer is ON: inactive players will automatically lose when time's up. (requested by All-StarVGC)\nAll-StarVGC has agreed to open team sheets.\n|\n|t:|1776180294\n|teamsize|p1|4\n|teamsize|p2|4\n|start\n|switch|p1a: Incineroar|Incineroar, L50, M|100/100\n|switch|p1b: Floette|Floette-Eternal, L50, F|100/100\n|switch|p2a: Gengar|Gengar, L50, M|100/100\n|switch|p2b: Whimsicott|Whimsicott, L50, F|100/100\n|-ability|p1a: Incineroar|Intimidate|boost\n|-unboost|p2a: Gengar|atk|1\n|-unboost|p2b: Whimsicott|atk|1\n|turn|1\n|\n|t:|1776180315\n|detailschange|p2a: Gengar|Gengar-Mega, L50, M\n|-mega|p2a: Gengar|Gengar|Gengarite\n|detailschange|p1b: Floette|Floette-Mega, L50, F\n|-mega|p1b: Floette|Floette|Floettite\n|-ability|p1b: Floette|Fairy Aura\n|move|p2b: Whimsicott|Protect|p2b: Whimsicott\n|-singleturn|p2b: Whimsicott|Protect\n|move|p1a: Incineroar|Fake Out|p2b: Whimsicott\n|-activate|p2b: Whimsicott|move: Protect\n|move|p2a: Gengar|Sludge Bomb|p1b: Floette\n|-supereffective|p1b: Floette|1\n|-damage|p1b: Floette|12/100\n|-status|p1b: Floette|psn\n|move|p1b: Floette|Psychic|p2a: Gengar\n|-supereffective|p2a: Gengar|1\n|-damage|p2a: Gengar|17/100\n|\n|-damage|p1b: Floette|0 fnt|[from] psn\n|faint|p1b: Floette\n|upkeep\n|\n|t:|1776180335\n|switch|p1b: Pelipper|Pelipper, L50, M|100/100\n|-weather|RainDance|[from] ability: Drizzle|[of] p1b: Pelipper\n|turn|2\n|inactive|maykeyjazz has 30 seconds left.\n|inactive|maykeyjazz has 20 seconds left.\n|\n|t:|1776180374\n|move|p2b: Whimsicott|Tailwind|p2b: Whimsicott\n|-sidestart|p2: maykeyjazz|move: Tailwind\n|move|p2a: Gengar|Sludge Bomb|p1b: Pelipper\n|-damage|p1b: Pelipper|6/100\n|move|p1b: Pelipper|Hurricane|p2b: Whimsicott\n|-supereffective|p2b: Whimsicott|1\n|-enditem|p2b: Whimsicott|Focus Sash\n|-damage|p2b: Whimsicott|1/100\n|move|p1a: Incineroar|Flare Blitz|p2a: Gengar\n|-damage|p2a: Gengar|0 fnt\n|faint|p2a: Gengar\n|-damage|p1a: Incineroar|96/100|[from] Recoil\n|\n|-weather|RainDance|[upkeep]\n|upkeep\n|\n|t:|1776180389\n|switch|p2a: Incineroar|Incineroar, L50, M, shiny|100/100\n|-ability|p2a: Incineroar|Intimidate|boost\n|-unboost|p1a: Incineroar|atk|1\n|-unboost|p1b: Pelipper|atk|1\n|turn|3\n|\n|t:|1776180403\n|move|p2a: Incineroar|Fake Out|p1a: Incineroar\n|-damage|p1a: Incineroar|86/100\n|move|p2b: Whimsicott|Moonblast|p1b: Pelipper\n|-crit|p1b: Pelipper\n|-damage|p1b: Pelipper|0 fnt\n|faint|p1b: Pelipper\n|cant|p1a: Incineroar|flinch\n|\n|-weather|RainDance|[upkeep]\n|upkeep\n|\n|t:|1776180413\n|switch|p1b: Archaludon|Archaludon, L50, M|100/100\n|turn|4\n|\n|t:|1776180428\n|move|p2b: Whimsicott|Moonblast|p1b: Archaludon\n|-damage|p1b: Archaludon|51/100\n|-ability|p1b: Archaludon|Stamina|boost\n|-boost|p1b: Archaludon|def|1\n|move|p2a: Incineroar|Parting Shot|p1b: Archaludon\n|-unboost|p1b: Archaludon|atk|1\n|-unboost|p1b: Archaludon|spa|1\n|\n|t:|1776180435\n|switch|p2a: Sneasler|Sneasler, L50, F|100/100|[from] Parting Shot\n|-enditem|p1b: Archaludon|White Herb\n|-clearnegativeboost|p1b: Archaludon|[silent]\n|move|p1b: Archaludon|Aura Sphere|p2a: Sneasler\n|-resisted|p2a: Sneasler|1\n|-damage|p2a: Sneasler|82/100\n|move|p1a: Incineroar|Snarl|p2a: Sneasler|[spread] p2a,p2b\n|-resisted|p2a: Sneasler|1\n|-resisted|p2b: Whimsicott|1\n|-damage|p2a: Sneasler|75/100\n|-damage|p2b: Whimsicott|0 fnt\n|-unboost|p2a: Sneasler|spa|1\n|faint|p2b: Whimsicott\n|-enditem|p2a: Sneasler|White Herb\n|-clearnegativeboost|p2a: Sneasler|[silent]\n|\n|-weather|RainDance|[upkeep]\n|upkeep\n|\n|t:|1776180450\n|switch|p2b: Incineroar|Incineroar, L50, M, shiny|100/100\n|-ability|p2b: Incineroar|Intimidate|boost\n|-unboost|p1a: Incineroar|atk|1\n|-unboost|p1b: Archaludon|atk|1\n|turn|5\n|\n|t:|1776180471\n|move|p2b: Incineroar|Fake Out|p1a: Incineroar\n|-damage|p1a: Incineroar|74/100\n|move|p2a: Sneasler|Close Combat|p1b: Archaludon\n|-supereffective|p1b: Archaludon|1\n|-damage|p1b: Archaludon|0 fnt\n|-unboost|p2a: Sneasler|def|1\n|-unboost|p2a: Sneasler|spd|1\n|faint|p1b: Archaludon\n|cant|p1a: Incineroar|flinch\n|\n|-weather|RainDance|[upkeep]\n|-sideend|p2: maykeyjazz|move: Tailwind\n|upkeep\n|turn|6\n|\n|t:|1776180491\n|move|p2a: Sneasler|Close Combat|p1a: Incineroar\n|-supereffective|p1a: Incineroar|1\n|-damage|p1a: Incineroar|0 fnt\n|-unboost|p2a: Sneasler|def|1\n|-unboost|p2a: Sneasler|spd|1\n|faint|p1a: Incineroar\n|\n|win|maykeyjazz\n|raw|All-StarVGC's rating: 1075 &rarr; <strong>1057</strong><br />(-18 for losing)\n|raw|maykeyjazz's rating: 1131 &rarr; <strong>1152</strong><br />(+21 for winning)\n|l|\u2606All-StarVGC\n|player|p1|\n",
  "uploadtime": 1776180516,
  "views": 24,
  "formatid": "gen9championsvgc2026regma",
  "rating": 1057,
  "private": 0,
  "password": null
}