{
  "id": "gen9championsvgc2026regma-2588239183",
  "format": "[Gen 9 Champions] VGC 2026 Reg M-A",
  "players": [
    "Mannimally",
    "Juya"
  ],
  "log": "|j|\u2606Mannimally\n|j|\u2606Juya\n|t:|1776617139\n|gametype|doubles\n|player|p1|Mannimally|crasherwake|1338\n|player|p2|Juya|169|1401\n|gen|9\n|tier|[Gen 9 Champions] VGC 2026 Reg M-A\n|rated|\n|rule|Species Clause: Limit one of each Pok\u00e9mon\n|rule|Item Clause: Limit 1 of each item\n|clearpoke\n|poke|p1|Incineroar, L50, F|\n|poke|p1|Glimmora, L50, F|\n|poke|p1|Sinistcha-Masterpiece, L50|\n|poke|p1|Ninetales-Alola, L50, M|\n|poke|p1|Kommo-o, L50, M|\n|poke|p1|Aerodactyl, L50, M|\n|poke|p2|Tyranitar, L50, M|\n|poke|p2|Excadrill, L50, F|\n|poke|p2|Incineroar, L50, F|\n|poke|p2|Corviknight, L50, M|\n|poke|p2|Sinistcha, L50|\n|poke|p2|Milotic, L50, M|\n|teampreview|4\n|inactive|Battle timer is ON: inactive players will automatically lose when time's up. (requested by Juya)\n|j| kourba\n|l| kourba\n|inactive|Mannimally has 60 seconds left.\n|\n|t:|1776617173\n|teamsize|p1|4\n|teamsize|p2|4\n|start\n|switch|p1a: Kommo-o|Kommo-o, L50, M|100/100\n|switch|p1b: Aerodactyl|Aerodactyl, L50, M|100/100\n|switch|p2a: Corviknight|Corviknight, L50, M|100/100\n|switch|p2b: Excadrill|Excadrill, L50, F|100/100\n|-ability|p1b: Aerodactyl|Unnerve\n|turn|1\n|\n|t:|1776617192\n|move|p2b: Excadrill|Protect|p2b: Excadrill\n|-singleturn|p2b: Excadrill|Protect\n|move|p1b: Aerodactyl|Tailwind|p1b: Aerodactyl\n|-sidestart|p1: Mannimally|move: Tailwind\n|move|p1a: Kommo-o|Clangorous Soul|p1a: Kommo-o\n|-boost|p1a: Kommo-o|atk|1\n|-boost|p1a: Kommo-o|def|1\n|-boost|p1a: Kommo-o|spa|1\n|-boost|p1a: Kommo-o|spd|1\n|-boost|p1a: Kommo-o|spe|1\n|-damage|p1a: Kommo-o|68/100\n|move|p2a: Corviknight|Iron Defense|p2a: Corviknight\n|-boost|p2a: Corviknight|def|2\n|\n|-heal|p1a: Kommo-o|74/100|[from] item: Leftovers\n|upkeep\n|turn|2\n|\n|t:|1776617213\n|switch|p1b: Sinistcha|Sinistcha-Masterpiece, L50|100/100\n|-heal|p1a: Kommo-o|99/100|[from] ability: Hospitality|[of] p1b: Sinistcha\n|move|p1a: Kommo-o|Aura Sphere|p2a: Corviknight\n|-damage|p2a: Corviknight|57/100\n|move|p2b: Excadrill|Iron Head|p1b: Sinistcha\n|-damage|p1b: Sinistcha|54/100\n|move|p2a: Corviknight|Brave Bird|p1a: Kommo-o\n|-supereffective|p1a: Kommo-o|1\n|-damage|p1a: Kommo-o|47/100\n|-damage|p2a: Corviknight|42/100|[from] Recoil\n|-enditem|p2a: Corviknight|Sitrus Berry|[eat]\n|-heal|p2a: Corviknight|66/100|[from] item: Sitrus Berry\n|\n|-heal|p1a: Kommo-o|53/100|[from] item: Leftovers\n|upkeep\n|turn|3\n|inactive|Juya has 30 seconds left.\n|\n|t:|1776617241\n|switch|p1b: Ninetales|Ninetales-Alola, L50, M|100/100\n|-weather|Snowscape|[from] ability: Snow Warning|[of] p1b: Ninetales\n|move|p1a: Kommo-o|Protect|p1a: Kommo-o\n|-singleturn|p1a: Kommo-o|Protect\n|move|p2b: Excadrill|Iron Head|p1b: Ninetales\n|-supereffective|p1b: Ninetales|2\n|-enditem|p1b: Ninetales|Focus Sash\n|-damage|p1b: Ninetales|1/100\n|move|p2a: Corviknight|Roost|p2a: Corviknight\n|-heal|p2a: Corviknight|100/100\n|-singleturn|p2a: Corviknight|move: Roost\n|\n|-weather|Snowscape|[upkeep]\n|-heal|p1a: Kommo-o|59/100|[from] item: Leftovers\n|upkeep\n|turn|4\n|\n|t:|1776617262\n|switch|p1b: Sinistcha|Sinistcha-Masterpiece, L50|54/100\n|-heal|p1a: Kommo-o|84/100|[from] ability: Hospitality|[of] p1b: Sinistcha\n|switch|p2a: Tyranitar|Tyranitar, L50, M|100/100\n|-weather|Sandstorm|[from] ability: Sand Stream|[of] p2a: Tyranitar\n|move|p2b: Excadrill|Protect|p2b: Excadrill\n|-singleturn|p2b: Excadrill|Protect\n|move|p1a: Kommo-o|Aura Sphere|p2b: Excadrill\n|-activate|p2b: Excadrill|move: Protect\n|\n|-weather|Sandstorm|[upkeep]\n|-damage|p1a: Kommo-o|78/100|[from] Sandstorm\n|-damage|p1b: Sinistcha|48/100|[from] Sandstorm\n|-enditem|p1b: Sinistcha|Sitrus Berry|[eat]\n|-heal|p1b: Sinistcha|73/100|[from] item: Sitrus Berry\n|-heal|p1a: Kommo-o|84/100|[from] item: Leftovers\n|-sideend|p1: Mannimally|move: Tailwind\n|upkeep\n|turn|5\n|\n|t:|1776617291\n|switch|p2b: Milotic|Milotic, L50, M|100/100\n|switch|p1b: Aerodactyl|Aerodactyl, L50, M|100/100\n|-ability|p1b: Aerodactyl|Unnerve\n|switch|p2a: Corviknight|Corviknight, L50, M|100/100\n|move|p1a: Kommo-o|Aura Sphere|p2b: Milotic\n|-damage|p2b: Milotic|68/100\n|\n|-weather|Sandstorm|[upkeep]\n|-damage|p1a: Kommo-o|78/100|[from] Sandstorm\n|-damage|p2b: Milotic|62/100|[from] Sandstorm\n|-heal|p1a: Kommo-o|84/100|[from] item: Leftovers\n|upkeep\n|turn|6\n|inactive|Mannimally has 30 seconds left.\n|\n|t:|1776617326\n|switch|p1b: Sinistcha|Sinistcha-Masterpiece, L50|73/100\n|-heal|p1a: Kommo-o|100/100|[from] ability: Hospitality|[of] p1b: Sinistcha\n|move|p1a: Kommo-o|Clangorous Soul|p1a: Kommo-o\n|-boost|p1a: Kommo-o|atk|1\n|-boost|p1a: Kommo-o|def|1\n|-boost|p1a: Kommo-o|spa|1\n|-boost|p1a: Kommo-o|spd|1\n|-boost|p1a: Kommo-o|spe|1\n|-damage|p1a: Kommo-o|68/100\n|move|p2b: Milotic|Ice Beam|p1a: Kommo-o\n|-supereffective|p1a: Kommo-o|1\n|-damage|p1a: Kommo-o|45/100\n|move|p2a: Corviknight|Brave Bird|p1a: Kommo-o\n|-supereffective|p1a: Kommo-o|1\n|-damage|p1a: Kommo-o|12/100\n|-damage|p2a: Corviknight|91/100|[from] Recoil\n|\n|-weather|Sandstorm|[upkeep]\n|-damage|p1a: Kommo-o|5/100|[from] Sandstorm\n|-damage|p2b: Milotic|56/100|[from] Sandstorm\n|-damage|p1b: Sinistcha|67/100|[from] Sandstorm\n|-heal|p1a: Kommo-o|12/100|[from] item: Leftovers\n|upkeep\n|turn|7\n|inactive|Mannimally has 30 seconds left.\n|inactive|Juya has 30 seconds left.\n|\n|t:|1776617358\n|switch|p1b: Ninetales|Ninetales-Alola, L50, M|1/100\n|-weather|Snowscape|[from] ability: Snow Warning|[of] p1b: Ninetales\n|move|p1a: Kommo-o|Protect|p1a: Kommo-o\n|-singleturn|p1a: Kommo-o|Protect\n|move|p2b: Milotic|Protect|p2b: Milotic\n|-singleturn|p2b: Milotic|Protect\n|move|p2a: Corviknight|Brave Bird|p1a: Kommo-o\n|-activate|p1a: Kommo-o|move: Protect\n|\n|-weather|Snowscape|[upkeep]\n|-heal|p1a: Kommo-o|18/100|[from] item: Leftovers\n|upkeep\n|turn|8\n|\n|t:|1776617382\n|move|p1a: Kommo-o|Aura Sphere|p2b: Milotic\n|-damage|p2b: Milotic|12/100\n|move|p1b: Ninetales|Aurora Veil|p1b: Ninetales\n|-sidestart|p1: Mannimally|move: Aurora Veil\n|move|p2b: Milotic|Scald|p1b: Ninetales\n|-damage|p1b: Ninetales|0 fnt\n|faint|p1b: Ninetales\n|move|p2a: Corviknight|Brave Bird|p1a: Kommo-o\n|-supereffective|p1a: Kommo-o|1\n|-damage|p1a: Kommo-o|0 fnt\n|faint|p1a: Kommo-o\n|-damage|p2a: Corviknight|86/100|[from] Recoil\n|\n|-weather|Snowscape|[upkeep]\n|upkeep\n|\n|t:|1776617388\n|switch|p1b: Aerodactyl|Aerodactyl, L50, M|100/100\n|switch|p1a: Sinistcha|Sinistcha-Masterpiece, L50|67/100\n|-ability|p1b: Aerodactyl|Unnerve\n|turn|9\n|-message|Mannimally forfeited.\n|\n|win|Juya\n|raw|Mannimally's rating: 1338 &rarr; <strong>1322</strong><br />(-16 for losing)\n|raw|Juya's rating: 1401 &rarr; <strong>1417</strong><br />(+16 for winning)\n|l|\u2606Mannimally\n|player|p1|\n",
  "uploadtime": 1776617403,
  "views": 11,
  "formatid": "gen9championsvgc2026regma",
  "rating": 1322,
  "private": 0,
  "password": null
}