{
  "id": "gen9championsvgc2026regma-2580453489",
  "format": "[Gen 9 Champions] VGC 2026 Reg M-A",
  "players": [
    "biect",
    "LostZouls"
  ],
  "log": "|j|\u2606biect\n|j|\u2606LostZouls\n|t:|1775898884\n|gametype|doubles\n|player|p1|biect|1|1175\n|player|p2|LostZouls|grimsley|1255\n|gen|9\n|tier|[Gen 9 Champions] VGC 2026 Reg M-A\n|rated|\n|rule|Species Clause: Limit one of each Pok\u00e9mon\n|rule|Item Clause: Limit 1 of each item\n|clearpoke\n|poke|p1|Greninja-*, L50, M|\n|poke|p1|Scizor, L50, F|\n|poke|p1|Milotic, L50, F|\n|poke|p1|Sinistcha-Masterpiece, L50|\n|poke|p1|Incineroar, L50, F|\n|poke|p1|Aerodactyl, L50, F|\n|poke|p2|Floette-Eternal, L50, F|\n|poke|p2|Incineroar, L50, M|\n|poke|p2|Sinistcha, L50|\n|poke|p2|Rotom-Wash, L50|\n|poke|p2|Tyranitar, L50, F|\n|poke|p2|Excadrill, L50, F|\n|teampreview|4\n|inactive|Battle timer is ON: inactive players will automatically lose when time's up. (requested by biect)\n|\n|t:|1775898914\n|teamsize|p1|4\n|teamsize|p2|4\n|start\n|switch|p1a: Milotic|Milotic, L50, F|100/100\n|switch|p1b: Incineroar|Incineroar, L50, F|100/100\n|switch|p2a: Rotom|Rotom-Wash, L50, shiny|100/100\n|switch|p2b: Floette|Floette-Eternal, L50, F|100/100\n|-ability|p1b: Incineroar|Intimidate|boost\n|-unboost|p2a: Rotom|atk|1\n|-unboost|p2b: Floette|atk|1\n|turn|1\n|\n|t:|1775898929\n|move|p2b: Floette|Protect|p2b: Floette\n|-singleturn|p2b: Floette|Protect\n|move|p1b: Incineroar|Fake Out|p2b: Floette\n|-activate|p2b: Floette|move: Protect\n|move|p2a: Rotom|Hydro Pump|p1b: Incineroar\n|-supereffective|p1b: Incineroar|1\n|-damage|p1b: Incineroar|38/100\n|move|p1a: Milotic|Coil|p1a: Milotic\n|-boost|p1a: Milotic|atk|1\n|-boost|p1a: Milotic|def|1\n|-boost|p1a: Milotic|accuracy|1\n|\n|upkeep\n|turn|2\n|\n|t:|1775898951\n|detailschange|p2b: Floette|Floette-Mega, L50, F\n|-mega|p2b: Floette|Floette|Floettite\n|-ability|p2b: Floette|Fairy Aura\n|move|p2b: Floette|Calm Mind|p2b: Floette\n|-boost|p2b: Floette|spa|1\n|-boost|p2b: Floette|spd|1\n|move|p2a: Rotom|Hydro Pump|p1b: Incineroar\n|-supereffective|p1b: Incineroar|1\n|-damage|p1b: Incineroar|0 fnt\n|faint|p1b: Incineroar\n|move|p1a: Milotic|Hypnosis|p2b: Floette\n|-status|p2b: Floette|slp|[from] move: Hypnosis\n|\n|upkeep\n|\n|t:|1775898962\n|switch|p1b: Scizor|Scizor, L50, F|100/100\n|turn|3\n|\n|t:|1775898976\n|switch|p2b: Sinistcha|Sinistcha, L50, shiny|100/100\n|move|p2a: Rotom|Will-O-Wisp|p1b: Scizor\n|-status|p1b: Scizor|brn\n|move|p1a: Milotic|Muddy Water|p2b: Sinistcha|[spread] p2a,p2b\n|-resisted|p2a: Rotom|1\n|-resisted|p2b: Sinistcha|1\n|-damage|p2a: Rotom|88/100\n|-damage|p2b: Sinistcha|87/100\n|-unboost|p2b: Sinistcha|accuracy|1\n|move|p1b: Scizor|Swords Dance|p1b: Scizor\n|-boost|p1b: Scizor|atk|2\n|\n|-heal|p2a: Rotom|94/100|[from] item: Leftovers\n|-damage|p1b: Scizor|94/100 brn|[from] brn\n|upkeep\n|turn|4\n|\n|t:|1775898996\n|move|p1b: Scizor|Bullet Punch|p2b: Sinistcha\n|-damage|p2b: Sinistcha|53/100\n|move|p2a: Rotom|Thunderbolt|p1a: Milotic\n|-supereffective|p1a: Milotic|1\n|-damage|p1a: Milotic|49/100\n|move|p1a: Milotic|Coil|p1a: Milotic\n|-boost|p1a: Milotic|atk|1\n|-boost|p1a: Milotic|def|1\n|-boost|p1a: Milotic|accuracy|1\n|move|p2b: Sinistcha|Matcha Gotcha|p1a: Milotic|[spread] p1a,p1b\n|-supereffective|p1a: Milotic|1\n|-resisted|p1b: Scizor|2\n|-damage|p1a: Milotic|13/100\n|-heal|p2b: Sinistcha|72/100|[from] drain|[of] p1a: Milotic\n|-damage|p1b: Scizor|88/100 brn\n|-heal|p2b: Sinistcha|75/100|[from] drain|[of] p1b: Scizor\n|\n|-heal|p2a: Rotom|99/100|[from] item: Leftovers\n|-heal|p1a: Milotic|19/100|[from] item: Leftovers\n|-damage|p1b: Scizor|82/100 brn|[from] brn\n|upkeep\n|turn|5\n|-message|biect forfeited.\n|\n|win|LostZouls\n|raw|biect's rating: 1175 &rarr; <strong>1156</strong><br />(-19 for losing)\n|raw|LostZouls's rating: 1255 &rarr; <strong>1274</strong><br />(+19 for winning)\n|l|\u2606biect\n|player|p1|\n|l|\u2606LostZouls\n|player|p2|\n",
  "uploadtime": 1775899042,
  "views": 23,
  "formatid": "gen9championsvgc2026regma",
  "rating": 1156,
  "private": 0,
  "password": null
}