{
  "id": "gen9championsvgc2026regma-2585782737",
  "format": "[Gen 9 Champions] VGC 2026 Reg M-A",
  "players": [
    "ziviz",
    "rajyesh1"
  ],
  "log": "|j|\u203dziviz\n|j|\u2606rajyesh1\n|t:|1776370287\n|gametype|doubles\n|player|p1|ziviz|170|1300\n|player|p2|rajyesh1|unknown|1207\n|gen|9\n|tier|[Gen 9 Champions] VGC 2026 Reg M-A\n|rated|\n|rule|Species Clause: Limit one of each Pok\u00e9mon\n|rule|Item Clause: Limit 1 of each item\n|clearpoke\n|poke|p1|Floette-Eternal, L50, F|\n|poke|p1|Sableye, L50, M|\n|poke|p1|Gyarados, L50, F|\n|poke|p1|Talonflame, L50, F|\n|poke|p1|Garchomp, L50, F|\n|poke|p1|Kingambit, L50, F|\n|poke|p2|Charizard, L50, M|\n|poke|p2|Venusaur, L50, M|\n|poke|p2|Garchomp, L50, M|\n|poke|p2|Rotom-Wash, L50|\n|poke|p2|Sneasler, L50, F|\n|poke|p2|Incineroar, L50, F|\n|teampreview|4\n|inactive|Battle timer is ON: inactive players will automatically lose when time's up. (requested by rajyesh1)\n|inactive|ziviz has 60 seconds left.\n|inactive|rajyesh1 has 60 seconds left.\n|\n|t:|1776370333\n|teamsize|p1|4\n|teamsize|p2|4\n|start\n|switch|p1a: Talonflame|Talonflame, L50, F|100/100\n|switch|p1b: Garchomp|Garchomp, L50, F|100/100\n|switch|p2a: Garchomp|Garchomp, L50, M|100/100\n|switch|p2b: Rotom|Rotom-Wash, L50|100/100\n|turn|1\n|inactive|ziviz has 30 seconds left.\n|\n|t:|1776370359\n|move|p1a: Talonflame|Tailwind|p1a: Talonflame\n|-sidestart|p1: ziviz|move: Tailwind\n|move|p1b: Garchomp|Dragon Claw|p2b: Rotom\n|-damage|p2b: Rotom|58/100\n|move|p2a: Garchomp|Rock Slide|p1a: Talonflame|[spread] p1a,p1b\n|-supereffective|p1a: Talonflame|2\n|-resisted|p1b: Garchomp|1\n|-damage|p1a: Talonflame|0 fnt\n|-damage|p1b: Garchomp|89/100\n|faint|p1a: Talonflame\n|move|p2b: Rotom|Will-O-Wisp|p1b: Garchomp\n|-status|p1b: Garchomp|brn\n|\n|-heal|p2b: Rotom|64/100|[from] item: Leftovers\n|-damage|p1b: Garchomp|83/100 brn|[from] brn\n|upkeep\n|\n|t:|1776370377\n|switch|p1a: Gyarados|Gyarados, L50, F|100/100\n|-ability|p1a: Gyarados|Intimidate|boost\n|-unboost|p2a: Garchomp|atk|1\n|-unboost|p2b: Rotom|atk|1\n|turn|2\n|\n|t:|1776370399\n|detailschange|p1a: Gyarados|Gyarados-Mega, L50, F\n|-mega|p1a: Gyarados|Gyarados|Gyaradosite\n|-ability|p1a: Gyarados|Mold Breaker\n|move|p1b: Garchomp|Protect|p1b: Garchomp\n|-singleturn|p1b: Garchomp|Protect\n|move|p2b: Rotom|Protect|p2b: Rotom\n|-singleturn|p2b: Rotom|Protect\n|move|p1a: Gyarados|Earthquake|p2b: Rotom|[spread] p2a\n|-activate|p1b: Garchomp|move: Protect\n|-activate|p2b: Rotom|move: Protect\n|-damage|p2a: Garchomp|73/100\n|move|p2a: Garchomp|Rock Slide|p1b: Garchomp|[spread] p1a\n|-activate|p1b: Garchomp|move: Protect\n|-damage|p1a: Gyarados|87/100\n|\n|-heal|p2b: Rotom|70/100|[from] item: Leftovers\n|-damage|p1b: Garchomp|77/100 brn|[from] brn\n|upkeep\n|turn|3\n|inactive|ziviz has 30 seconds left.\n|inactive|rajyesh1 has 30 seconds left.\n|\n|t:|1776370426\n|move|p1b: Garchomp|Rock Slide|p2a: Garchomp|[spread] p2a\n|-miss|p1b: Garchomp|p2b: Rotom\n|-resisted|p2a: Garchomp|1\n|-damage|p2a: Garchomp|68/100\n|move|p1a: Gyarados|Dragon Dance|p1a: Gyarados\n|-boost|p1a: Gyarados|atk|1\n|-boost|p1a: Gyarados|spe|1\n|move|p2a: Garchomp|Rock Slide|p1b: Garchomp|[spread] p1a,p1b\n|-resisted|p1b: Garchomp|1\n|-damage|p1a: Gyarados|73/100\n|-damage|p1b: Garchomp|70/100 brn\n|move|p2b: Rotom|Thunderbolt|p1a: Gyarados\n|-supereffective|p1a: Gyarados|1\n|-damage|p1a: Gyarados|10/100\n|\n|-heal|p2b: Rotom|76/100|[from] item: Leftovers\n|-damage|p1b: Garchomp|64/100 brn|[from] brn\n|upkeep\n|turn|4\n|inactive|ziviz has 30 seconds left.\n|inactive|rajyesh1 has 30 seconds left.\n|inactive|rajyesh1 has 20 seconds left.\n|inactive|rajyesh1 has 15 seconds left.\n|inactive|rajyesh1 has 10 seconds left.\n|\n|t:|1776370475\n|switch|p2a: Sneasler|Sneasler, L50, F|100/100\n|move|p1a: Gyarados|Waterfall|p2a: Sneasler\n|-damage|p2a: Sneasler|0 fnt\n|faint|p2a: Sneasler\n|move|p1b: Garchomp|Rock Slide|p2b: Rotom\n|-damage|p2b: Rotom|63/100\n|cant|p2b: Rotom|flinch\n|\n|-heal|p2b: Rotom|69/100|[from] item: Leftovers\n|-damage|p1b: Garchomp|58/100 brn|[from] brn\n|-sideend|p1: ziviz|move: Tailwind\n|upkeep\n|\n|t:|1776370487\n|switch|p2a: Charizard|Charizard, L50, M|100/100\n|turn|5\n|\n|t:|1776370495\n|detailschange|p2a: Charizard|Charizard-Mega-Y, L50, M\n|-mega|p2a: Charizard|Charizard|Charizardite Y\n|-weather|SunnyDay|[from] ability: Drought|[of] p2a: Charizard\n|move|p2a: Charizard|Protect|p2a: Charizard\n|-singleturn|p2a: Charizard|Protect\n|move|p1a: Gyarados|Waterfall|p2a: Charizard\n|-activate|p2a: Charizard|move: Protect\n|move|p1b: Garchomp|Rock Slide|p2a: Charizard|[spread] p2b\n|-activate|p2a: Charizard|move: Protect\n|-damage|p2b: Rotom|59/100\n|move|p2b: Rotom|Thunderbolt|p1a: Gyarados\n|-supereffective|p1a: Gyarados|1\n|-damage|p1a: Gyarados|0 fnt\n|faint|p1a: Gyarados\n|\n|-weather|SunnyDay|[upkeep]\n|-heal|p2b: Rotom|65/100|[from] item: Leftovers\n|-damage|p1b: Garchomp|52/100 brn|[from] brn\n|upkeep\n|\n|t:|1776370512\n|switch|p1a: Kingambit|Kingambit, L50, F|100/100\n|turn|6\n|\n|t:|1776370525\n|switch|p2a: Garchomp|Garchomp, L50, M|68/100\n|move|p1b: Garchomp|Rock Slide|p2a: Garchomp|[spread] p2a,p2b\n|-resisted|p2a: Garchomp|1\n|-damage|p2a: Garchomp|63/100\n|-damage|p2b: Rotom|57/100\n|move|p2b: Rotom|Will-O-Wisp|p1a: Kingambit\n|-status|p1a: Kingambit|brn\n|move|p1a: Kingambit|Kowtow Cleave|p2b: Rotom\n|-damage|p2b: Rotom|35/100\n|\n|-weather|SunnyDay|[upkeep]\n|-heal|p2b: Rotom|41/100|[from] item: Leftovers\n|-damage|p1b: Garchomp|46/100 brn|[from] brn\n|-damage|p1a: Kingambit|95/100 brn|[from] brn\n|upkeep\n|turn|7\n|-message|ziviz forfeited.\n|\n|win|rajyesh1\n|raw|ziviz's rating: 1300 &rarr; <strong>1268</strong><br />(-32 for losing)\n|raw|rajyesh1's rating: 1207 &rarr; <strong>1239</strong><br />(+32 for winning)\n|l|\u203dziviz\n|player|p1|\n",
  "uploadtime": 1776370553,
  "views": 25,
  "formatid": "gen9championsvgc2026regma",
  "rating": 1239,
  "private": 0,
  "password": null
}