{
  "id": "gen9championsvgc2026regma-2580332067",
  "format": "[Gen 9 Champions] VGC 2026 Reg M-A",
  "players": [
    "WoPoVoHo",
    "lakeandbake"
  ],
  "log": "|j|\u2606WoPoVoHo\n|j|\u203dlakeandbake\n|t:|1775881503\n|gametype|doubles\n|player|p1|WoPoVoHo|265|1000\n|player|p2|lakeandbake|iono-masters|1042\n|gen|9\n|tier|[Gen 9 Champions] VGC 2026 Reg M-A\n|rated|\n|rule|Species Clause: Limit one of each Pok\u00e9mon\n|rule|Item Clause: Limit 1 of each item\n|clearpoke\n|poke|p1|Torkoal, L50, F|\n|poke|p1|Houndoom, L50, F|\n|poke|p1|Venusaur, L50, M|\n|poke|p1|Incineroar, L50, M|\n|poke|p1|Garchomp, L50, F|\n|poke|p1|Archaludon, L50, M|\n|poke|p2|Dragonite, L50, F|\n|poke|p2|Sneasler, L50, M|\n|poke|p2|Clefable, L50, F|\n|poke|p2|Basculegion, L50, M|\n|poke|p2|Kingambit, L50, F|\n|poke|p2|Delphox, L50, F|\n|teampreview|4\n|inactive|Battle timer is ON: inactive players will automatically lose when time's up. (requested by lakeandbake)\n|\n|t:|1775881524\n|teamsize|p1|4\n|teamsize|p2|4\n|start\n|switch|p1a: Torkoal|Torkoal, L50, F|100/100\n|switch|p1b: Incineroar|Incineroar, L50, M|100/100\n|switch|p2a: Dragonite|Dragonite, L50, F|100/100\n|switch|p2b: Sneasler|Sneasler, L50, M|100/100\n|-ability|p1b: Incineroar|Intimidate|boost\n|-unboost|p2a: Dragonite|atk|1\n|-unboost|p2b: Sneasler|atk|1\n|-weather|SunnyDay|[from] ability: Drought|[of] p1a: Torkoal\n|turn|1\n|\n|t:|1775881539\n|move|p2b: Sneasler|Fake Out|p1a: Torkoal\n|-damage|p1a: Torkoal|93/100\n|move|p1b: Incineroar|Fake Out|p2a: Dragonite\n|-crit|p2a: Dragonite\n|-damage|p2a: Dragonite|92/100\n|cant|p2a: Dragonite|flinch\n|cant|p1a: Torkoal|flinch\n|\n|-weather|SunnyDay|[upkeep]\n|-heal|p1a: Torkoal|99/100|[from] item: Leftovers\n|upkeep\n|turn|2\n|inactive|WoPoVoHo has 30 seconds left.\n|\n|t:|1775881569\n|move|p2b: Sneasler|Dire Claw|p1a: Torkoal\n|-damage|p1a: Torkoal|76/100\n|-status|p1a: Torkoal|slp\n|move|p2a: Dragonite|Haze|p2a: Dragonite\n|-clearallboost\n|move|p1b: Incineroar|Parting Shot|p2b: Sneasler\n|-unboost|p2b: Sneasler|atk|1\n|-unboost|p2b: Sneasler|spa|1\n|\n|t:|1775881578\n|switch|p1b: Houndoom|Houndoom, L50, F|100/100|[from] Parting Shot\n|cant|p1a: Torkoal|slp\n|\n|-weather|SunnyDay|[upkeep]\n|-heal|p1a: Torkoal|82/100 slp|[from] item: Leftovers\n|upkeep\n|turn|3\n|\n|t:|1775881597\n|switch|p2b: Delphox|Delphox, L50, F|100/100\n|switch|p1b: Garchomp|Garchomp, L50, F|100/100\n|move|p2a: Dragonite|Scale Shot|p1b: Garchomp\n|-supereffective|p1b: Garchomp|1\n|-damage|p1b: Garchomp|68/100\n|-supereffective|p1b: Garchomp|1\n|-damage|p1b: Garchomp|35/100\n|-hitcount|p1b: Garchomp|2\n|-unboost|p2a: Dragonite|def|1\n|-boost|p2a: Dragonite|spe|1\n|cant|p1a: Torkoal|slp\n|\n|-weather|SunnyDay|[upkeep]\n|-heal|p1a: Torkoal|89/100 slp|[from] item: Leftovers\n|upkeep\n|turn|4\n|\n|t:|1775881618\n|detailschange|p2b: Delphox|Delphox-Mega, L50, F\n|-mega|p2b: Delphox|Delphox|Delphoxite\n|move|p1b: Garchomp|Dragon Claw|p2a: Dragonite\n|-supereffective|p2a: Dragonite|1\n|-damage|p2a: Dragonite|0 fnt\n|faint|p2a: Dragonite\n|move|p2b: Delphox|Substitute|p2b: Delphox\n|-start|p2b: Delphox|Substitute\n|-damage|p2b: Delphox|76/100\n|-curestatus|p1a: Torkoal|slp|[msg]\n|move|p1a: Torkoal|Self-Destruct|p2b: Delphox|[spread] p1b,p2b\n|-end|p2b: Delphox|Substitute\n|-damage|p1b: Garchomp|4/100\n|faint|p1a: Torkoal\n|\n|-weather|SunnyDay|[upkeep]\n|upkeep\n|\n|t:|1775881634\n|switch|p2a: Clefable|Clefable, L50, F|100/100\n|switch|p1a: Incineroar|Incineroar, L50, M|100/100\n|-ability|p1a: Incineroar|Intimidate|boost\n|-unboost|p2a: Clefable|atk|1\n|-unboost|p2b: Delphox|atk|1\n|turn|5\n|\n|t:|1775881648\n|move|p1a: Incineroar|Fake Out|p2a: Clefable\n|-damage|p2a: Clefable|92/100\n|cant|p2a: Clefable|flinch\n|move|p1b: Garchomp|Dragon Claw|p2b: Delphox\n|-damage|p2b: Delphox|18/100\n|move|p2b: Delphox|Substitute|p2b: Delphox\n|-fail|p2b: Delphox|move: Substitute|[weak]\n|\n|-weather|none\n|upkeep\n|turn|6\n|inactive|WoPoVoHo has 30 seconds left.\n|\n|t:|1775881682\n|move|p2a: Clefable|Follow Me|p2a: Clefable\n|-singleturn|p2a: Clefable|move: Follow Me\n|move|p1b: Garchomp|Dragon Claw|p2a: Clefable\n|-immune|p2a: Clefable\n|move|p2b: Delphox|Heat Wave|p1b: Garchomp|[spread] p1a,p1b\n|-resisted|p1a: Incineroar|1\n|-resisted|p1b: Garchomp|1\n|-damage|p1a: Incineroar|81/100\n|-damage|p1b: Garchomp|0 fnt\n|faint|p1b: Garchomp\n|move|p1a: Incineroar|Flare Blitz|p2a: Clefable\n|-damage|p2a: Clefable|53/100\n|-damage|p1a: Incineroar|68/100|[from] Recoil\n|\n|upkeep\n|\n|t:|1775881688\n|switch|p1b: Houndoom|Houndoom, L50, F|100/100\n|turn|7\n|inactive|lakeandbake has 30 seconds left.\n|inactive|lakeandbake has 20 seconds left.\n|inactive|lakeandbake has 15 seconds left.\n|inactive|lakeandbake has 10 seconds left.\n|\n|t:|1775881737\n|detailschange|p1b: Houndoom|Houndoom-Mega, L50, F\n|-mega|p1b: Houndoom|Houndoom|Houndoominite\n|move|p2b: Delphox|Heat Wave|p1b: Houndoom|[spread] p1a,p1b\n|-resisted|p1a: Incineroar|1\n|-resisted|p1b: Houndoom|1\n|-damage|p1a: Incineroar|46/100\n|-damage|p1b: Houndoom|72/100\n|-enditem|p1a: Incineroar|Sitrus Berry|[eat]\n|-heal|p1a: Incineroar|71/100|[from] item: Sitrus Berry\n|move|p1b: Houndoom|Heat Wave|p2b: Delphox|[spread] p2b\n|-miss|p1b: Houndoom|p2a: Clefable\n|-resisted|p2b: Delphox|1\n|-damage|p2b: Delphox|0 fnt\n|faint|p2b: Delphox\n|move|p2a: Clefable|Moonblast|p1b: Houndoom\n|-damage|p1b: Houndoom|28/100\n|-unboost|p1b: Houndoom|spa|1\n|move|p1a: Incineroar|Flare Blitz|p2a: Clefable\n|-damage|p2a: Clefable|13/100\n|-enditem|p2a: Clefable|Sitrus Berry|[eat]\n|-heal|p2a: Clefable|38/100|[from] item: Sitrus Berry\n|-damage|p1a: Incineroar|58/100|[from] Recoil\n|\n|upkeep\n|\n|t:|1775881757\n|switch|p2b: Sneasler|Sneasler, L50, M|100/100\n|turn|8\n|\n|t:|1775881777\n|move|p2a: Clefable|Protect|p2a: Clefable\n|-singleturn|p2a: Clefable|Protect\n|move|p2b: Sneasler|Close Combat|p1a: Incineroar\n|-supereffective|p1a: Incineroar|1\n|-damage|p1a: Incineroar|0 fnt\n|-unboost|p2b: Sneasler|def|1\n|-unboost|p2b: Sneasler|spd|1\n|faint|p1a: Incineroar\n|move|p1b: Houndoom|Destiny Bond|p1b: Houndoom\n|-singlemove|p1b: Houndoom|Destiny Bond\n|\n|upkeep\n|turn|9\n|\n|t:|1775881794\n|move|p2a: Clefable|Follow Me|p2a: Clefable\n|-singleturn|p2a: Clefable|move: Follow Me\n|move|p2b: Sneasler|Dire Claw|p1b: Houndoom\n|-damage|p1b: Houndoom|0 fnt\n|faint|p1b: Houndoom\n|-activate|p1b: Houndoom|move: Destiny Bond\n|faint|p2b: Sneasler\n|\n|win|lakeandbake\n|raw|WoPoVoHo's rating: 1000 &rarr; <strong>1000</strong><br />(+0 for losing)\n|raw|lakeandbake's rating: 1042 &rarr; <strong>1072</strong><br />(+30 for winning)\n",
  "uploadtime": 1775881794,
  "views": 10,
  "formatid": "gen9championsvgc2026regma",
  "rating": 1000,
  "private": 0,
  "password": null
}