{
  "id": "gen9championsvgc2026regma-2587655897",
  "format": "[Gen 9 Champions] VGC 2026 Reg M-A",
  "players": [
    "barnaby3",
    "FallenTurtlle"
  ],
  "log": "|j|\u2606barnaby3\n|j|\u2606FallenTurtlle\n|t:|1776550922\n|gametype|doubles\n|player|p1|barnaby3|hiker-gen4|1200\n|player|p2|FallenTurtlle|serena|1288\n|gen|9\n|tier|[Gen 9 Champions] VGC 2026 Reg M-A\n|rated|\n|rule|Species Clause: Limit one of each Pok\u00e9mon\n|rule|Item Clause: Limit 1 of each item\n|clearpoke\n|poke|p1|Pelipper, L50, F, shiny|\n|poke|p1|Basculegion, L50, M, shiny|\n|poke|p1|Dragonite, L50, M, shiny|\n|poke|p1|Archaludon, L50, M, shiny|\n|poke|p1|Sneasler, L50, M, shiny|\n|poke|p1|Rotom-Heat, L50, shiny|\n|poke|p2|Mamoswine, L50, F|\n|poke|p2|Aerodactyl, L50, F|\n|poke|p2|Incineroar, L50, M|\n|poke|p2|Meganium, L50, M, shiny|\n|poke|p2|Pelipper, L50, F|\n|poke|p2|Heliolisk, L50, F, shiny|\n|teampreview|4\n|\n|t:|1776550965\n|teamsize|p1|4\n|teamsize|p2|4\n|start\n|switch|p1a: Bass Da Da Da|Pelipper, L50, F, shiny|100/100\n|switch|p1b: Tuca Donka|Sneasler, L50, M, shiny|100/100\n|switch|p2a: Pelipper|Pelipper, L50, F|100/100\n|switch|p2b: Mamoswine|Mamoswine, L50, F|100/100\n|-weather|RainDance|[from] ability: Drizzle|[of] p1a: Bass Da Da Da\n|turn|1\n|\n|t:|1776550990\n|move|p1b: Tuca Donka|Protect|p1b: Tuca Donka\n|-singleturn|p1b: Tuca Donka|Protect\n|move|p1a: Bass Da Da Da|Weather Ball|p2b: Mamoswine\n|-supereffective|p2b: Mamoswine|1\n|-crit|p2b: Mamoswine\n|-damage|p2b: Mamoswine|0 fnt\n|faint|p2b: Mamoswine\n|move|p2a: Pelipper|Tailwind|p2a: Pelipper\n|-sidestart|p2: FallenTurtlle|move: Tailwind\n|\n|-weather|RainDance|[upkeep]\n|upkeep\n|\n|t:|1776550999\n|switch|p2b: Heliolisk|Heliolisk, L50, F, shiny|100/100\n|turn|2\n|\n|t:|1776551020\n|switch|p1b: Blue Judas|Archaludon, L50, M, shiny|100/100\n|move|p2b: Heliolisk|Electroweb|p1b: Blue Judas|[spread] p1a,p1b\n|-supereffective|p1a: Bass Da Da Da|2\n|-resisted|p1b: Blue Judas|1\n|-enditem|p1a: Bass Da Da Da|Focus Sash\n|-damage|p1a: Bass Da Da Da|1/100\n|-damage|p1b: Blue Judas|90/100\n|-unboost|p1a: Bass Da Da Da|spe|1\n|-unboost|p1b: Blue Judas|spe|1\n|-ability|p1b: Blue Judas|Stamina|boost\n|-boost|p1b: Blue Judas|def|1\n|move|p2a: Pelipper|Hurricane|p1b: Blue Judas\n|-resisted|p1b: Blue Judas|1\n|-crit|p1b: Blue Judas\n|-damage|p1b: Blue Judas|58/100\n|-start|p1b: Blue Judas|confusion\n|-ability|p1b: Blue Judas|Stamina|boost\n|-boost|p1b: Blue Judas|def|1\n|move|p1a: Bass Da Da Da|Tailwind|p1a: Bass Da Da Da\n|-sidestart|p1: barnaby3|move: Tailwind\n|\n|-weather|RainDance|[upkeep]\n|-heal|p1b: Blue Judas|64/100|[from] item: Leftovers\n|upkeep\n|turn|3\n|\n|t:|1776551064\n|move|p2b: Heliolisk|Thunderbolt|p1b: Blue Judas\n|-resisted|p1b: Blue Judas|1\n|-damage|p1b: Blue Judas|43/100\n|-status|p1b: Blue Judas|par\n|-ability|p1b: Blue Judas|Stamina|boost\n|-boost|p1b: Blue Judas|def|1\n|move|p2a: Pelipper|Weather Ball|p1b: Blue Judas\n|-resisted|p1b: Blue Judas|1\n|-damage|p1b: Blue Judas|14/100 par\n|-ability|p1b: Blue Judas|Stamina|boost\n|-boost|p1b: Blue Judas|def|1\n|move|p1a: Bass Da Da Da|Hurricane|p2a: Pelipper\n|-damage|p2a: Pelipper|25/100\n|-enditem|p2a: Pelipper|Sitrus Berry|[eat]\n|-heal|p2a: Pelipper|50/100|[from] item: Sitrus Berry\n|-activate|p1b: Blue Judas|confusion\n|move|p1b: Blue Judas|Electro Shot||[still]\n|-prepare|p1b: Blue Judas|Electro Shot\n|-boost|p1b: Blue Judas|spa|1\n|-anim|p1b: Blue Judas|Electro Shot|p2a: Pelipper\n|-supereffective|p2a: Pelipper|2\n|-crit|p2a: Pelipper\n|-damage|p2a: Pelipper|0 fnt\n|faint|p2a: Pelipper\n|\n|-weather|RainDance|[upkeep]\n|-heal|p1b: Blue Judas|20/100 par|[from] item: Leftovers\n|upkeep\n|\n|t:|1776551080\n|switch|p2a: Meganium|Meganium, L50, M, shiny|100/100\n|turn|4\n|\n|t:|1776551142\n|detailschange|p2a: Meganium|Meganium-Mega, L50, M, shiny\n|-mega|p2a: Meganium|Meganium|Meganiumite\n|move|p2b: Heliolisk|Thunderbolt|p1a: Bass Da Da Da\n|-supereffective|p1a: Bass Da Da Da|2\n|-damage|p1a: Bass Da Da Da|0 fnt\n|faint|p1a: Bass Da Da Da\n|move|p2a: Meganium|Weather Ball|p1b: Blue Judas\n|-damage|p1b: Blue Judas|0 fnt\n|faint|p1b: Blue Judas\n|\n|-weather|RainDance|[upkeep]\n|-sideend|p2: FallenTurtlle|move: Tailwind\n|upkeep\n|\n|t:|1776551152\n|switch|p1a: Jane Juliet|Dragonite, L50, M, shiny|100/100\n|switch|p1b: Tuca Donka|Sneasler, L50, M, shiny|100/100\n|turn|5\n|\n|t:|1776551166\n|detailschange|p1a: Jane Juliet|Dragonite-Mega, L50, M, shiny\n|-mega|p1a: Jane Juliet|Dragonite|Dragoninite\n|move|p2b: Heliolisk|Protect|p2b: Heliolisk\n|-singleturn|p2b: Heliolisk|Protect\n|move|p2a: Meganium|Protect|p2a: Meganium\n|-singleturn|p2a: Meganium|Protect\n|move|p1b: Tuca Donka|Dire Claw|p2a: Meganium\n|-activate|p2a: Meganium|move: Protect\n|move|p1a: Jane Juliet|Dragon Pulse|p2b: Heliolisk\n|-activate|p2b: Heliolisk|move: Protect\n|\n|-weather|none\n|-sideend|p1: barnaby3|move: Tailwind\n|upkeep\n|turn|6\n|\n|t:|1776551183\n|move|p1b: Tuca Donka|Dire Claw|p2a: Meganium\n|-supereffective|p2a: Meganium|2\n|-damage|p2a: Meganium|0 fnt\n|faint|p2a: Meganium\n|move|p2b: Heliolisk|Electroweb|p1a: Jane Juliet|[spread] p1a,p1b\n|-damage|p1a: Jane Juliet|91/100\n|-damage|p1b: Tuca Donka|67/100\n|-unboost|p1a: Jane Juliet|spe|1\n|-unboost|p1b: Tuca Donka|spe|1\n|-enditem|p1b: Tuca Donka|White Herb\n|-clearnegativeboost|p1b: Tuca Donka|[silent]\n|move|p1a: Jane Juliet|Dragon Pulse|p2b: Heliolisk\n|-damage|p2b: Heliolisk|35/100\n|\n|upkeep\n|turn|7\n|\n|t:|1776551199\n|move|p1b: Tuca Donka|Close Combat|p2b: Heliolisk\n|-supereffective|p2b: Heliolisk|1\n|-damage|p2b: Heliolisk|0 fnt\n|-unboost|p1b: Tuca Donka|def|1\n|-unboost|p1b: Tuca Donka|spd|1\n|faint|p2b: Heliolisk\n|\n|win|barnaby3\n|raw|barnaby3's rating: 1200 &rarr; <strong>1231</strong><br />(+31 for winning)\n|raw|FallenTurtlle's rating: 1288 &rarr; <strong>1257</strong><br />(-31 for losing)\n",
  "uploadtime": 1776551199,
  "views": 16,
  "formatid": "gen9championsvgc2026regma",
  "rating": 1231,
  "private": 0,
  "password": null
}