{
  "id": "gen9championsvgc2026regma-2584856207",
  "format": "[Gen 9 Champions] VGC 2026 Reg M-A",
  "players": [
    "rickjamesfriend",
    "O Pausanias"
  ],
  "log": "|j|\u2606rickjamesfriend\n|j|\u2606O Pausanias\n|t:|1776289043\n|gametype|doubles\n|player|p1|rickjamesfriend|1|1114\n|player|p2|O Pausanias|n|1147\n|gen|9\n|tier|[Gen 9 Champions] VGC 2026 Reg M-A\n|rated|\n|rule|Species Clause: Limit one of each Pok\u00e9mon\n|rule|Item Clause: Limit 1 of each item\n|clearpoke\n|poke|p1|Farigiraf, L50, M|\n|poke|p1|Hydrapple, L50, M|\n|poke|p1|Aggron, L50, F|\n|poke|p1|Camerupt, L50, M|\n|poke|p1|Ampharos, L50, M|\n|poke|p1|Drampa, L50, M|\n|poke|p2|Gardevoir, L50, F|\n|poke|p2|Charizard, L50, M|\n|poke|p2|Venusaur, L50, M|\n|poke|p2|Milotic, L50, F|\n|poke|p2|Garchomp, L50, F|\n|poke|p2|Incineroar, L50, M|\n|teampreview|4\n|inactive|Battle timer is ON: inactive players will automatically lose when time's up. (requested by rickjamesfriend)\nrickjamesfriend rejected open team sheets.\n|inactive|rickjamesfriend has 60 seconds left.\n|\n|t:|1776289105\n|teamsize|p1|4\n|teamsize|p2|4\n|start\n|switch|p1a: Farigiraf|Farigiraf, L50, M|100/100\n|switch|p1b: Drampa|Drampa, L50, M|100/100\n|switch|p2a: Charizard|Charizard, L50, M|100/100\n|switch|p2b: Incineroar|Incineroar, L50, M|100/100\n|-ability|p2b: Incineroar|Intimidate|boost\n|-unboost|p1a: Farigiraf|atk|1\n|-unboost|p1b: Drampa|atk|1\n|-ability|p1b: Drampa|Cloud Nine\n|turn|1\n|\n|t:|1776289129\n|detailschange|p2a: Charizard|Charizard-Mega-Y, L50, M\n|-mega|p2a: Charizard|Charizard|Charizardite Y\n|-weather|SunnyDay|[from] ability: Drought|[of] p2a: Charizard\n|move|p2a: Charizard|Heat Wave|p1a: Farigiraf|[spread] p1b\n|-miss|p2a: Charizard|p1a: Farigiraf\n|-resisted|p1b: Drampa|1\n|-damage|p1b: Drampa|79/100\n|move|p2b: Incineroar|Throat Chop|p1a: Farigiraf\n|-supereffective|p1a: Farigiraf|1\n|-enditem|p1a: Farigiraf|Colbur Berry|[eat]\n|-enditem|p1a: Farigiraf|Colbur Berry|[weaken]\n|-damage|p1a: Farigiraf|76/100\n|-start|p1a: Farigiraf|Throat Chop|[silent]\n|move|p1b: Drampa|Earth Power|p2b: Incineroar\n|-supereffective|p2b: Incineroar|1\n|-damage|p2b: Incineroar|49/100\n|-enditem|p2b: Incineroar|Sitrus Berry|[eat]\n|-heal|p2b: Incineroar|74/100|[from] item: Sitrus Berry\n|-heal|p1b: Drampa|86/100|[from] item: Shell Bell|[of] p2b: Incineroar\n|move|p1a: Farigiraf|Trick Room|p1a: Farigiraf\n|-fieldstart|move: Trick Room|[of] p1a: Farigiraf\n|\n|-weather|SunnyDay|[upkeep]\n|upkeep\n|turn|2\n|inactive|rickjamesfriend has 30 seconds left.\n|inactive|O Pausanias has 30 seconds left.\n|inactive|rickjamesfriend has 20 seconds left.\n|inactive|O Pausanias has 20 seconds left.\n|inactive|rickjamesfriend has 15 seconds left.\n|inactive|O Pausanias has 15 seconds left.\n|inactive|rickjamesfriend has 10 seconds left.\n|inactive|rickjamesfriend has 5 seconds left.\n|\n|t:|1776289181\n|switch|p2a: Garchomp|Garchomp, L50, F|100/100\n|move|p1b: Drampa|Earth Power|p2b: Incineroar\n|-supereffective|p2b: Incineroar|1\n|-damage|p2b: Incineroar|12/100\n|-heal|p1b: Drampa|94/100|[from] item: Shell Bell|[of] p2b: Incineroar\n|move|p1a: Farigiraf|Curse|p1a: Farigiraf\n|-unboost|p1a: Farigiraf|spe|1\n|-boost|p1a: Farigiraf|atk|1\n|-boost|p1a: Farigiraf|def|1\n|move|p2b: Incineroar|Throat Chop|p1a: Farigiraf\n|-supereffective|p1a: Farigiraf|1\n|-damage|p1a: Farigiraf|44/100\n|\n|-weather|SunnyDay|[upkeep]\n|-end|p1a: Farigiraf|Throat Chop|[silent]\n|upkeep\n|turn|3\n|\n|t:|1776289203\n|switch|p1b: Hydrapple|Hydrapple, L50, M|100/100\n|move|p1a: Farigiraf|Baton Pass|p1a: Farigiraf\n|\n|t:|1776289215\n|switch|p1a: Drampa|Drampa, L50, M|94/100|[from] Baton Pass\n|-ability|p1a: Drampa|Cloud Nine\n|move|p2b: Incineroar|Parting Shot|p1a: Drampa\n|-unboost|p1a: Drampa|atk|1\n|-unboost|p1a: Drampa|spa|1\n|\n|t:|1776289224\n|switch|p2b: Venusaur|Venusaur, L50, M|100/100|[from] Parting Shot\n|move|p2a: Garchomp|Dragon Claw|p1b: Hydrapple\n|-supereffective|p1b: Hydrapple|1\n|-damage|p1b: Hydrapple|33/100\n|-enditem|p1b: Hydrapple|Sitrus Berry|[eat]\n|-heal|p1b: Hydrapple|58/100|[from] item: Sitrus Berry\n|\n|-weather|SunnyDay|[upkeep]\n|upkeep\n|turn|4\n|inactive|rickjamesfriend has 30 seconds left.\n|\n|t:|1776289255\n|move|p1a: Drampa|Ice Beam|p2a: Garchomp\n|-supereffective|p2a: Garchomp|2\n|-enditem|p2a: Garchomp|Yache Berry|[eat]\n|-enditem|p2a: Garchomp|Yache Berry|[weaken]\n|-damage|p2a: Garchomp|50/100\n|-heal|p1a: Drampa|99/100|[from] item: Shell Bell|[of] p2a: Garchomp\n|move|p1b: Hydrapple|Fickle Beam|p2b: Venusaur\n|-damage|p2b: Venusaur|50/100\n|move|p2b: Venusaur|Sludge Bomb|p1b: Hydrapple\n|-supereffective|p1b: Hydrapple|1\n|-damage|p1b: Hydrapple|0 fnt\n|faint|p1b: Hydrapple\n|move|p2a: Garchomp|Dragon Claw|p1a: Drampa\n|-supereffective|p1a: Drampa|1\n|-damage|p1a: Drampa|38/100\n|\n|-weather|SunnyDay|[upkeep]\n|upkeep\n|\n|t:|1776289275\n|switch|p1b: Aggron|Aggron, L50, F|100/100\n|turn|5\n|\n|t:|1776289287\n|switch|p1a: Farigiraf|Farigiraf, L50, M|44/100\n|detailschange|p1b: Aggron|Aggron-Mega, L50, F\n|-mega|p1b: Aggron|Aggron|Aggronite\n|move|p1b: Aggron|Iron Defense|p1b: Aggron\n|-boost|p1b: Aggron|def|2\n|move|p2a: Garchomp|Earthquake|p1a: Farigiraf|[spread] p2b,p1a,p1b\n|-supereffective|p1b: Aggron|1\n|-damage|p2b: Venusaur|0 fnt\n|-damage|p1a: Farigiraf|11/100\n|-damage|p1b: Aggron|84/100\n|faint|p2b: Venusaur\n|\n|-weather|none\n|-fieldend|move: Trick Room\n|upkeep\n|\n|t:|1776289302\n|switch|p2b: Charizard|Charizard-Mega-Y, L50, M|100/100\n|-weather|SunnyDay|[from] ability: Drought|[of] p2b: Charizard\n|turn|6\n|\n|t:|1776289325\n|switch|p1a: Drampa|Drampa, L50, M|38/100\n|-ability|p1a: Drampa|Cloud Nine\n|move|p2a: Garchomp|Earthquake|p1b: Aggron|[spread] p1a,p1b\n|-immune|p2b: Charizard\n|-supereffective|p1b: Aggron|1\n|-damage|p1a: Drampa|0 fnt\n|-damage|p1b: Aggron|67/100\n|faint|p1a: Drampa\n|move|p2b: Charizard|Weather Ball|p1b: Aggron\n|-supereffective|p1b: Aggron|1\n|-damage|p1b: Aggron|0 fnt\n|faint|p1b: Aggron\n|\n|-weather|SunnyDay|[upkeep]\n|upkeep\n|-message|rickjamesfriend forfeited.\n|\n|win|O Pausanias\n|raw|rickjamesfriend's rating: 1114 &rarr; <strong>1091</strong><br />(-23 for losing)\n|raw|O Pausanias's rating: 1147 &rarr; <strong>1170</strong><br />(+23 for winning)\n|l|\u2606rickjamesfriend\n|player|p1|\n",
  "uploadtime": 1776289355,
  "views": 24,
  "formatid": "gen9championsvgc2026regma",
  "rating": 1091,
  "private": 0,
  "password": null
}