{
  "id": "gen9championsvgc2026regma-2587579453",
  "format": "[Gen 9 Champions] VGC 2026 Reg M-A",
  "players": [
    "AK4SANTI",
    "DuckSupreme"
  ],
  "log": "|j|\u2606AK4SANTI\n|j|\u2606DuckSupreme\n|t:|1776543988\n|gametype|doubles\n|player|p1|AK4SANTI|karen|1091\n|player|p2|DuckSupreme|265|1105\n|gen|9\n|tier|[Gen 9 Champions] VGC 2026 Reg M-A\n|rated|\n|rule|Species Clause: Limit one of each Pok\u00e9mon\n|rule|Item Clause: Limit 1 of each item\n|clearpoke\n|poke|p1|Archaludon, L50, M|\n|poke|p1|Sneasler, L50, F|\n|poke|p1|Pelipper, L50, F|\n|poke|p1|Basculegion, L50, M|\n|poke|p1|Glimmora, L50, M|\n|poke|p1|Sinistcha, L50|\n|poke|p2|Aggron, L50, F|\n|poke|p2|Sinistcha, L50|\n|poke|p2|Incineroar, L50, F|\n|poke|p2|Pelipper, L50, F|\n|poke|p2|Archaludon, L50, M|\n|poke|p2|Sneasler, L50, F|\n|teampreview|4\n|\n|t:|1776544023\n|teamsize|p1|4\n|teamsize|p2|4\n|start\n|switch|p1a: Sneasler|Sneasler, L50, F|100/100\n|switch|p1b: Glimmora|Glimmora, L50, M|100/100\n|switch|p2a: Incineroar|Incineroar, L50, F|100/100\n|switch|p2b: Archaludon|Archaludon, L50, M|100/100\n|-ability|p2a: Incineroar|Intimidate|boost\n|-unboost|p1a: Sneasler|atk|1\n|-unboost|p1b: Glimmora|atk|1\n|turn|1\n|inactive|Battle timer is ON: inactive players will automatically lose when time's up. (requested by AK4SANTI)\n|inactive|DuckSupreme has 60 seconds left.\n|\n|t:|1776544060\n|move|p2a: Incineroar|Fake Out|p1b: Glimmora\n|-resisted|p1b: Glimmora|1\n|-damage|p1b: Glimmora|94/100\n|-activate|p1b: Glimmora|ability: Toxic Debris\n|-sidestart|p2: DuckSupreme|move: Toxic Spikes\n|move|p1a: Sneasler|Close Combat|p2b: Archaludon\n|-supereffective|p2b: Archaludon|1\n|-enditem|p2b: Archaludon|Chople Berry|[eat]\n|-enditem|p2b: Archaludon|Chople Berry|[weaken]\n|-damage|p2b: Archaludon|70/100\n|-unboost|p1a: Sneasler|def|1\n|-unboost|p1a: Sneasler|spd|1\n|-ability|p2b: Archaludon|Stamina|boost\n|-boost|p2b: Archaludon|def|1\n|cant|p1b: Glimmora|flinch\n|move|p2b: Archaludon|Flash Cannon|p1b: Glimmora\n|-supereffective|p1b: Glimmora|1\n|-damage|p1b: Glimmora|0 fnt\n|faint|p1b: Glimmora\n|\n|upkeep\n|\n|t:|1776544084\n|switch|p1b: Pelipper|Pelipper, L50, F|100/100\n|-weather|RainDance|[from] ability: Drizzle|[of] p1b: Pelipper\n|turn|2\n|\n|t:|1776544100\n|switch|p1b: Sinistcha|Sinistcha, L50|100/100\n|move|p1a: Sneasler|Close Combat|p2b: Archaludon\n|-supereffective|p2b: Archaludon|1\n|-damage|p2b: Archaludon|27/100\n|-unboost|p1a: Sneasler|def|1\n|-unboost|p1a: Sneasler|spd|1\n|-ability|p2b: Archaludon|Stamina|boost\n|-boost|p2b: Archaludon|def|1\n|move|p2b: Archaludon|Electro Shot||[still]\n|-prepare|p2b: Archaludon|Electro Shot\n|-boost|p2b: Archaludon|spa|1\n|-anim|p2b: Archaludon|Electro Shot|p1b: Sinistcha\n|-resisted|p1b: Sinistcha|1\n|-damage|p1b: Sinistcha|56/100\n|move|p2a: Incineroar|Parting Shot|p1a: Sneasler\n|-unboost|p1a: Sneasler|atk|1\n|-unboost|p1a: Sneasler|spa|1\n|\n|t:|1776544107\n|switch|p2a: Aggron|Aggron, L50, F|100/100|[from] Parting Shot\n|\n|-weather|RainDance|[upkeep]\n|upkeep\n|turn|3\n|\n|t:|1776544126\n|detailschange|p2a: Aggron|Aggron-Mega, L50, F\n|-mega|p2a: Aggron|Aggron|Aggronite\n|move|p1a: Sneasler|Close Combat|p2b: Archaludon\n|-supereffective|p2b: Archaludon|1\n|-damage|p2b: Archaludon|3/100\n|-unboost|p1a: Sneasler|def|1\n|-unboost|p1a: Sneasler|spd|1\n|-ability|p2b: Archaludon|Stamina|boost\n|-boost|p2b: Archaludon|def|1\n|move|p2b: Archaludon|Electro Shot||[still]\n|-prepare|p2b: Archaludon|Electro Shot\n|-boost|p2b: Archaludon|spa|1\n|-anim|p2b: Archaludon|Electro Shot|p1a: Sneasler\n|-enditem|p1a: Sneasler|Focus Sash\n|-damage|p1a: Sneasler|1/100\n|move|p1b: Sinistcha|Matcha Gotcha|p2a: Aggron|[spread] p2b\n|-miss|p1b: Sinistcha|p2a: Aggron\n|-resisted|p2b: Archaludon|2\n|-damage|p2b: Archaludon|0 fnt\n|-heal|p1b: Sinistcha|57/100|[from] drain|[of] p2b: Archaludon\n|faint|p2b: Archaludon\n|move|p2a: Aggron|Heavy Slam|p1a: Sneasler\n|-damage|p1a: Sneasler|0 fnt\n|faint|p1a: Sneasler\n|\n|-weather|RainDance|[upkeep]\n|upkeep\n|inactive|AK4SANTI has 30 seconds left.\n|\n|t:|1776544154\n|switch|p1a: Pelipper|Pelipper, L50, F|100/100\n|switch|p2b: Sinistcha|Sinistcha, L50|100/100\n|-status|p2b: Sinistcha|psn\n|turn|4\n|\n|t:|1776544171\n|move|p1a: Pelipper|Muddy Water|p2a: Aggron|[spread] p2a,p2b\n|-resisted|p2b: Sinistcha|1\n|-crit|p2b: Sinistcha\n|-damage|p2a: Aggron|68/100\n|-damage|p2b: Sinistcha|63/100 psn\n|-unboost|p2a: Aggron|accuracy|1\n|move|p1b: Sinistcha|Shadow Ball|p2a: Aggron\n|-damage|p2a: Aggron|33/100\n|move|p2b: Sinistcha|Matcha Gotcha|p1b: Sinistcha|[spread] p1a,p1b\n|-resisted|p1b: Sinistcha|1\n|-damage|p1a: Pelipper|67/100\n|-heal|p2b: Sinistcha|77/100 psn|[from] drain|[of] p1a: Pelipper\n|-damage|p1b: Sinistcha|45/100\n|-heal|p2b: Sinistcha|82/100 psn|[from] drain|[of] p1b: Sinistcha\n|-status|p1a: Pelipper|brn\n|move|p2a: Aggron|Heavy Slam|p1b: Sinistcha|[miss]\n|-miss|p2a: Aggron|p1b: Sinistcha\n|\n|-weather|RainDance|[upkeep]\n|-damage|p2b: Sinistcha|70/100 psn|[from] psn\n|-damage|p1a: Pelipper|60/100 brn|[from] brn\n|upkeep\n|turn|5\n|inactive|AK4SANTI has 30 seconds left.\n|\n|t:|1776544199\n|move|p2a: Aggron|Protect|p2a: Aggron\n|-singleturn|p2a: Aggron|Protect\n|move|p1a: Pelipper|Muddy Water|p2b: Sinistcha|[spread] p2b\n|-activate|p2a: Aggron|move: Protect\n|-resisted|p2b: Sinistcha|1\n|-damage|p2b: Sinistcha|47/100 psn\n|move|p1b: Sinistcha|Shadow Ball|p2b: Sinistcha\n|-supereffective|p2b: Sinistcha|1\n|-damage|p2b: Sinistcha|0 fnt\n|faint|p2b: Sinistcha\n|\n|-weather|RainDance|[upkeep]\n|-damage|p1a: Pelipper|54/100 brn|[from] brn\n|upkeep\n|\n|t:|1776544205\n|switch|p2b: Incineroar|Incineroar, L50, F|100/100\n|-status|p2b: Incineroar|psn\n|-ability|p2b: Incineroar|Intimidate|boost\n|-unboost|p1a: Pelipper|atk|1\n|-unboost|p1b: Sinistcha|atk|1\n|turn|6\n|inactive|DuckSupreme has 30 seconds left.\n|\n|t:|1776544231\n|move|p2b: Incineroar|Fake Out|p1a: Pelipper\n|-damage|p1a: Pelipper|41/100 brn\n|cant|p1a: Pelipper|flinch\n|move|p1b: Sinistcha|Shadow Ball|p2a: Aggron\n|-damage|p2a: Aggron|0 fnt\n|faint|p2a: Aggron\n|\n|-weather|none\n|-damage|p2b: Incineroar|88/100 psn|[from] psn\n|-damage|p1a: Pelipper|35/100 brn|[from] brn\n|upkeep\n|turn|7\n|\n|t:|1776544251\n|move|p1a: Pelipper|Muddy Water|p2b: Incineroar\n|-supereffective|p2b: Incineroar|1\n|-damage|p2b: Incineroar|41/100 psn\n|-enditem|p2b: Incineroar|Sitrus Berry|[eat]\n|-heal|p2b: Incineroar|65/100 psn|[from] item: Sitrus Berry\n|move|p1b: Sinistcha|Shadow Ball|p2b: Incineroar\n|-resisted|p2b: Incineroar|1\n|-damage|p2b: Incineroar|51/100 psn\n|-unboost|p2b: Incineroar|spd|1\n|move|p2b: Incineroar|Darkest Lariat|p1a: Pelipper\n|-damage|p1a: Pelipper|0 fnt\n|faint|p1a: Pelipper\n|\n|-damage|p2b: Incineroar|39/100 psn|[from] psn\n|upkeep\n|turn|8\n|\n|t:|1776544272\n|move|p1b: Sinistcha|Shadow Ball|p2b: Incineroar\n|-resisted|p2b: Incineroar|1\n|-damage|p2b: Incineroar|20/100 psn\n|-unboost|p2b: Incineroar|spd|1\n|move|p2b: Incineroar|Darkest Lariat|p1b: Sinistcha\n|-supereffective|p1b: Sinistcha|1\n|-damage|p1b: Sinistcha|0 fnt\n|faint|p1b: Sinistcha\n|\n|win|DuckSupreme\n|raw|AK4SANTI's rating: 1091 &rarr; <strong>1068</strong><br />(-23 for losing)\n|raw|DuckSupreme's rating: 1105 &rarr; <strong>1129</strong><br />(+24 for winning)\n",
  "uploadtime": 1776544278,
  "views": 28,
  "formatid": "gen9championsvgc2026regma",
  "rating": 1068,
  "private": 0,
  "password": null
}