{
  "id": "gen9championsvgc2026regma-2587785136",
  "format": "[Gen 9 Champions] VGC 2026 Reg M-A",
  "players": [
    "adil.wafa",
    "vyuyuivyio"
  ],
  "log": "|j|\u2606adil.wafa\n|j|\u2606vyuyuivyio\n|t:|1776563757\n|gametype|doubles\n|player|p1|adil.wafa|1|1032\n|player|p2|vyuyuivyio|265|1044\n|gen|9\n|tier|[Gen 9 Champions] VGC 2026 Reg M-A\n|rated|\n|rule|Species Clause: Limit one of each Pok\u00e9mon\n|rule|Item Clause: Limit 1 of each item\n|clearpoke\n|poke|p1|Incineroar, L50, M|\n|poke|p1|Sneasler, L50, F|\n|poke|p1|Charizard, L50, M|\n|poke|p1|Aerodactyl, L50, F|\n|poke|p1|Milotic, L50, F|\n|poke|p1|Meganium, L50, F|\n|poke|p2|Archaludon, L50, M, shiny|\n|poke|p2|Pelipper, L50, M, shiny|\n|poke|p2|Sinistcha, L50, shiny|\n|poke|p2|Floette-Eternal, L50, F|\n|poke|p2|Hawlucha, L50, M, shiny|\n|poke|p2|Kingambit, L50, M, shiny|\n|teampreview|4\n|inactive|Battle timer is ON: inactive players will automatically lose when time's up. (requested by vyuyuivyio)\nvyuyuivyio rejected open team sheets.\n|\n|t:|1776563788\n|teamsize|p1|4\n|teamsize|p2|4\n|start\n|switch|p1a: Charizard|Charizard, L50, M|100/100\n|switch|p1b: Sneasler|Sneasler, L50, F|100/100\n|switch|p2a: Archaludon|Archaludon, L50, M, shiny|100/100\n|switch|p2b: Pelipper|Pelipper, L50, M, shiny|100/100\n|-weather|RainDance|[from] ability: Drizzle|[of] p2b: Pelipper\n|turn|1\n|inactive|adil.wafa has 30 seconds left.\n|inactive|vyuyuivyio has 30 seconds left.\n|inactive|adil.wafa has 20 seconds left.\n|inactive|vyuyuivyio has 20 seconds left.\n|\n|t:|1776563824\n|detailschange|p1a: Charizard|Charizard-Mega-Y, L50, M\n|-mega|p1a: Charizard|Charizard|Charizardite Y\n|-weather|SunnyDay|[from] ability: Drought|[of] p1a: Charizard\n|move|p1b: Sneasler|Fake Out|p2a: Archaludon\n|-resisted|p2a: Archaludon|1\n|-damage|p2a: Archaludon|93/100\n|-ability|p2a: Archaludon|Stamina|boost\n|-boost|p2a: Archaludon|def|1\n|move|p1a: Charizard|Heat Wave|p2b: Pelipper|[spread] p2a,p2b\n|-resisted|p2b: Pelipper|1\n|-damage|p2a: Archaludon|16/100\n|-damage|p2b: Pelipper|55/100\n|-ability|p2a: Archaludon|Stamina|boost\n|-boost|p2a: Archaludon|def|1\n|move|p2b: Pelipper|Tailwind|p2b: Pelipper\n|-sidestart|p2: vyuyuivyio|move: Tailwind\n|cant|p2a: Archaludon|flinch\n|\n|-weather|SunnyDay|[upkeep]\n|upkeep\n|turn|2\n|inactive|adil.wafa has 30 seconds left.\n|\n|t:|1776563854\n|switch|p2b: Sinistcha|Sinistcha, L50, shiny|100/100\n|-heal|p2a: Archaludon|41/100|[from] ability: Hospitality|[of] p2b: Sinistcha\n|move|p2a: Archaludon|Protect|p2a: Archaludon\n|-singleturn|p2a: Archaludon|Protect\n|move|p1a: Charizard|Protect|p1a: Charizard\n|-singleturn|p1a: Charizard|Protect\n|move|p1b: Sneasler|Close Combat|p2a: Archaludon\n|-activate|p2a: Archaludon|move: Protect\n|\n|-weather|SunnyDay|[upkeep]\n|upkeep\n|turn|3\n|inactive|adil.wafa has 30 seconds left.\n|inactive|adil.wafa has 20 seconds left.\n|\n|t:|1776563892\n|switch|p2b: Pelipper|Pelipper, L50, M, shiny|55/100\n|-weather|RainDance|[from] ability: Drizzle|[of] p2b: Pelipper\n|switch|p1a: Incineroar|Incineroar, L50, M|100/100\n|-ability|p1a: Incineroar|Intimidate|boost\n|-unboost|p2a: Archaludon|atk|1\n|-unboost|p2b: Pelipper|atk|1\n|move|p1b: Sneasler|Protect|p1b: Sneasler\n|-singleturn|p1b: Sneasler|Protect\n|move|p2a: Archaludon|Electro Shot||[still]\n|-prepare|p2a: Archaludon|Electro Shot\n|-boost|p2a: Archaludon|spa|1\n|-anim|p2a: Archaludon|Electro Shot|p1a: Incineroar\n|-damage|p1a: Incineroar|32/100\n|\n|-weather|RainDance|[upkeep]\n|upkeep\n|turn|4\n|inactive|adil.wafa has 30 seconds left.\n|inactive|vyuyuivyio has 30 seconds left.\n|inactive|adil.wafa has 20 seconds left.\n|inactive|vyuyuivyio has 20 seconds left.\n|inactive|adil.wafa has 15 seconds left.\n|inactive|adil.wafa has 10 seconds left.\n|\n|t:|1776563941\n|switch|p2b: Sinistcha|Sinistcha, L50, shiny|100/100\n|-heal|p2a: Archaludon|66/100|[from] ability: Hospitality|[of] p2b: Sinistcha\n|switch|p1b: Charizard|Charizard-Mega-Y, L50, M|100/100\n|-weather|SunnyDay|[from] ability: Drought|[of] p1b: Charizard\n|move|p1a: Incineroar|Fake Out|p2a: Archaludon\n|-resisted|p2a: Archaludon|1\n|-damage|p2a: Archaludon|64/100\n|-ability|p2a: Archaludon|Stamina|boost\n|-boost|p2a: Archaludon|def|1\n|cant|p2a: Archaludon|flinch\n|\n|-weather|SunnyDay|[upkeep]\n|-sideend|p2: vyuyuivyio|move: Tailwind\n|upkeep\n|turn|5\n|inactive|adil.wafa has 30 seconds left.\n|inactive|vyuyuivyio has 30 seconds left.\n|\n|t:|1776563971\n|switch|p1b: Sneasler|Sneasler, L50, F|100/100\n|switch|p2b: Pelipper|Pelipper, L50, M, shiny|55/100\n|-weather|RainDance|[from] ability: Drizzle|[of] p2b: Pelipper\n|move|p2a: Archaludon|Electro Shot||[still]\n|-prepare|p2a: Archaludon|Electro Shot\n|-boost|p2a: Archaludon|spa|1\n|-anim|p2a: Archaludon|Electro Shot|p1a: Incineroar\n|-damage|p1a: Incineroar|0 fnt\n|faint|p1a: Incineroar\n|\n|-weather|RainDance|[upkeep]\n|upkeep\n|\n|t:|1776563985\n|switch|p1a: Charizard|Charizard-Mega-Y, L50, M|100/100\n|-weather|SunnyDay|[from] ability: Drought|[of] p1a: Charizard\n|turn|6\n|inactive|adil.wafa has 30 seconds left.\n|\n|t:|1776564024\n|switch|p2b: Sinistcha|Sinistcha, L50, shiny|100/100\n|-heal|p2a: Archaludon|89/100|[from] ability: Hospitality|[of] p2b: Sinistcha\n|move|p2a: Archaludon|Protect|p2a: Archaludon\n|-singleturn|p2a: Archaludon|Protect\n|move|p1b: Sneasler|Dire Claw|p2b: Sinistcha\n|-damage|p2b: Sinistcha|56/100\n|move|p1a: Charizard|Solar Beam||[still]\n|-prepare|p1a: Charizard|Solar Beam\n|-anim|p1a: Charizard|Solar Beam|p2b: Sinistcha\n|-resisted|p2b: Sinistcha|1\n|-damage|p2b: Sinistcha|27/100\n|-enditem|p2b: Sinistcha|Sitrus Berry|[eat]\n|-heal|p2b: Sinistcha|52/100|[from] item: Sitrus Berry\n|\n|-weather|SunnyDay|[upkeep]\n|upkeep\n|turn|7\n|inactive|adil.wafa has 30 seconds left.\n|inactive|vyuyuivyio has 30 seconds left.\n|inactive|adil.wafa has 20 seconds left.\n|inactive|vyuyuivyio has 20 seconds left.\n|\n|t:|1776564063\n|switch|p1a: Meganium|Meganium, L50, F|100/100\n|switch|p2b: Pelipper|Pelipper, L50, M, shiny|55/100\n|-weather|RainDance|[from] ability: Drizzle|[of] p2b: Pelipper\n|move|p1b: Sneasler|Dire Claw|p2b: Pelipper\n|-damage|p2b: Pelipper|5/100\n|move|p2a: Archaludon|Electro Shot||[still]\n|-prepare|p2a: Archaludon|Electro Shot\n|-boost|p2a: Archaludon|spa|1\n|-anim|p2a: Archaludon|Electro Shot|p1b: Sneasler\n|-damage|p1b: Sneasler|0 fnt\n|faint|p1b: Sneasler\n|\n|-weather|RainDance|[upkeep]\n|upkeep\n|\n|t:|1776564079\n|switch|p1b: Charizard|Charizard-Mega-Y, L50, M|100/100\n|-weather|SunnyDay|[from] ability: Drought|[of] p1b: Charizard\n|turn|8\n|\n|t:|1776564099\n|switch|p2b: Sinistcha|Sinistcha, L50, shiny|52/100\n|-heal|p2a: Archaludon|100/100|[from] ability: Hospitality|[of] p2b: Sinistcha\n|move|p2a: Archaludon|Protect|p2a: Archaludon\n|-singleturn|p2a: Archaludon|Protect\n|move|p1b: Charizard|Weather Ball|p2a: Archaludon\n|-activate|p2a: Archaludon|move: Protect\n|move|p1a: Meganium|Dazzling Gleam|p2b: Sinistcha|[spread] p2b\n|-activate|p2a: Archaludon|move: Protect\n|-crit|p2b: Sinistcha\n|-damage|p2b: Sinistcha|22/100\n|\n|-weather|SunnyDay|[upkeep]\n|upkeep\n|turn|9\n|inactive|vyuyuivyio has 30 seconds left.\n|\n|t:|1776564132\n|switch|p2b: Pelipper|Pelipper, L50, M, shiny|5/100\n|-weather|RainDance|[from] ability: Drizzle|[of] p2b: Pelipper\n|move|p1b: Charizard|Solar Beam||[still]\n|-prepare|p1b: Charizard|Solar Beam\n|move|p2a: Archaludon|Electro Shot||[still]\n|-prepare|p2a: Archaludon|Electro Shot\n|-boost|p2a: Archaludon|spa|1\n|-anim|p2a: Archaludon|Electro Shot|p1b: Charizard\n|-supereffective|p1b: Charizard|1\n|-damage|p1b: Charizard|0 fnt\n|faint|p1b: Charizard\n|move|p1a: Meganium|Dazzling Gleam|p2a: Archaludon|[spread] p2a,p2b\n|-damage|p2a: Archaludon|79/100\n|-damage|p2b: Pelipper|0 fnt\n|-ability|p2a: Archaludon|Stamina|boost\n|-boost|p2a: Archaludon|def|1\n|faint|p2b: Pelipper\n|\n|-weather|RainDance|[upkeep]\n|upkeep\n|-message|adil.wafa forfeited.\n|\n|win|vyuyuivyio\n|raw|adil.wafa's rating: 1032 &rarr; <strong>1018</strong><br />(-14 for losing)\n|raw|vyuyuivyio's rating: 1044 &rarr; <strong>1076</strong><br />(+32 for winning)\n|l|\u2606adil.wafa\n|player|p1|\n",
  "uploadtime": 1776564166,
  "views": 10,
  "formatid": "gen9championsvgc2026regma",
  "rating": 1018,
  "private": 0,
  "password": null
}