{
  "id": "gen9championsvgc2026regma-2583567755",
  "format": "[Gen 9 Champions] VGC 2026 Reg M-A",
  "players": [
    "Poliwagsupremacy",
    "TrainerEge2"
  ],
  "log": "|j|\u2606Poliwagsupremacy\n|j|\u2606TrainerEge2\n|t:|1776183801\n|gametype|doubles\n|player|p1|Poliwagsupremacy|ltsurge|1161\n|player|p2|TrainerEge2|hugh|1231\n|gen|9\n|tier|[Gen 9 Champions] VGC 2026 Reg M-A\n|rated|\n|rule|Species Clause: Limit one of each Pok\u00e9mon\n|rule|Item Clause: Limit 1 of each item\n|clearpoke\n|poke|p1|Gallade, L50, M|\n|poke|p1|Gengar, L50, M|\n|poke|p1|Drampa, L50, F|\n|poke|p1|Garchomp, L50, M|\n|poke|p1|Starmie, L50|\n|poke|p1|Milotic, L50, F|\n|poke|p2|Pelipper, L50, F|\n|poke|p2|Basculegion, L50, M|\n|poke|p2|Sneasler, L50, F|\n|poke|p2|Floette-Eternal, L50, F|\n|poke|p2|Aerodactyl, L50, M|\n|poke|p2|Rotom-Wash, L50|\n|teampreview|4\n|\n|t:|1776183823\n|teamsize|p1|4\n|teamsize|p2|4\n|start\n|switch|p1a: Starmie|Starmie, L50|100/100\n|switch|p1b: Milotic|Milotic, L50, F|100/100\n|switch|p2a: Sneasler|Sneasler, L50, F|100/100\n|switch|p2b: Rotom|Rotom-Wash, L50|100/100\n|turn|1\n|inactive|Battle timer is ON: inactive players will automatically lose when time's up. (requested by Poliwagsupremacy)\n|\n|t:|1776183840\n|switch|p1a: Gengar|Gengar, L50, M|100/100\n|move|p1b: Milotic|Protect|p1b: Milotic\n|-singleturn|p1b: Milotic|Protect\n|move|p2a: Sneasler|Close Combat|p1b: Milotic\n|-activate|p1b: Milotic|move: Protect\n|move|p2b: Rotom|Will-O-Wisp|p1a: Gengar\n|-status|p1a: Gengar|brn\n|\n|-damage|p1a: Gengar|95/100 brn|[from] brn\n|upkeep\n|turn|2\n|\n|t:|1776183860\n|detailschange|p1a: Gengar|Gengar-Mega, L50, M\n|-mega|p1a: Gengar|Gengar|Gengarite\n|move|p1a: Gengar|Shadow Ball|p2a: Sneasler\n|-damage|p2a: Sneasler|27/100\n|move|p2a: Sneasler|Close Combat|p1b: Milotic\n|-damage|p1b: Milotic|43/100\n|-unboost|p2a: Sneasler|def|1\n|-unboost|p2a: Sneasler|spd|1\n|-enditem|p2a: Sneasler|White Herb\n|-clearnegativeboost|p2a: Sneasler|[silent]\n|move|p2b: Rotom|Electroweb|p1a: Gengar|[spread] p1a,p1b\n|-supereffective|p1b: Milotic|1\n|-damage|p1a: Gengar|67/100 brn\n|-damage|p1b: Milotic|13/100\n|-unboost|p1a: Gengar|spe|1\n|-unboost|p1b: Milotic|spe|1\n|-ability|p1b: Milotic|Competitive|boost\n|-boost|p1b: Milotic|spa|2\n|move|p1b: Milotic|Muddy Water|p2a: Sneasler|[spread] p2a,p2b\n|-resisted|p2b: Rotom|1\n|-damage|p2a: Sneasler|0 fnt\n|-damage|p2b: Rotom|72/100\n|faint|p2a: Sneasler\n|\n|-heal|p1b: Milotic|19/100|[from] item: Leftovers\n|-damage|p1a: Gengar|61/100 brn|[from] brn\n|upkeep\n|\n|t:|1776183880\n|switch|p2a: Basculegion|Basculegion, L50, M|100/100\n|turn|3\n|\n|t:|1776183896\n|switch|p1b: Drampa|Drampa, L50, F|100/100\n|-ability|p1b: Drampa|Cloud Nine\n|move|p2a: Basculegion|Last Respects|p1a: Gengar\n|-supereffective|p1a: Gengar|1\n|-damage|p1a: Gengar|0 fnt\n|faint|p1a: Gengar\n|move|p2b: Rotom|Electroweb|p1b: Drampa\n|-resisted|p1b: Drampa|1\n|-damage|p1b: Drampa|90/100\n|-unboost|p1b: Drampa|spe|1\n|\n|upkeep\n|\n|t:|1776183904\n|switch|p1a: Starmie|Starmie, L50|100/100\n|turn|4\n|\n|t:|1776183914\n|move|p2a: Basculegion|Last Respects|p1a: Starmie\n|-supereffective|p1a: Starmie|1\n|-damage|p1a: Starmie|0 fnt\n|faint|p1a: Starmie\n|move|p2b: Rotom|Will-O-Wisp|p1b: Drampa\n|-status|p1b: Drampa|brn\n|move|p1b: Drampa|Calm Mind|p1b: Drampa\n|-boost|p1b: Drampa|spa|1\n|-boost|p1b: Drampa|spd|1\n|\n|-damage|p1b: Drampa|84/100 brn|[from] brn\n|upkeep\n|\n|t:|1776183920\n|switch|p1a: Milotic|Milotic, L50, F|19/100\n|turn|5\n|\n|t:|1776183930\n|move|p1a: Milotic|Protect|p1a: Milotic\n|-singleturn|p1a: Milotic|Protect\n|move|p2a: Basculegion|Last Respects|p1b: Drampa\n|-immune|p1b: Drampa\n|move|p2b: Rotom|Electroweb|p1b: Drampa|[spread] p1b\n|-activate|p1a: Milotic|move: Protect\n|-resisted|p1b: Drampa|1\n|-damage|p1b: Drampa|79/100 brn\n|-unboost|p1b: Drampa|spe|1\n|move|p1b: Drampa|Calm Mind|p1b: Drampa\n|-boost|p1b: Drampa|spa|1\n|-boost|p1b: Drampa|spd|1\n|\n|-heal|p1a: Milotic|25/100|[from] item: Leftovers\n|-damage|p1b: Drampa|74/100 brn|[from] brn\n|upkeep\n|turn|6\n|\n|t:|1776183947\n|move|p2a: Basculegion|Last Respects|p1a: Milotic\n|-damage|p1a: Milotic|0 fnt\n|faint|p1a: Milotic\n|move|p2b: Rotom|Volt Switch|p1b: Drampa\n|-resisted|p1b: Drampa|1\n|-damage|p1b: Drampa|67/100 brn\n|\n|t:|1776183950\n|switch|p2b: Floette|Floette-Eternal, L50, F|100/100|[from] Volt Switch\n|move|p1b: Drampa|Calm Mind|p1b: Drampa\n|-boost|p1b: Drampa|spa|1\n|-boost|p1b: Drampa|spd|1\n|\n|-damage|p1b: Drampa|61/100 brn|[from] brn\n|upkeep\n|turn|7\n|\n|t:|1776183957\n|detailschange|p2b: Floette|Floette-Mega, L50, F\n|-mega|p2b: Floette|Floette|Floettite\n|-ability|p2b: Floette|Fairy Aura\n|move|p2a: Basculegion|Last Respects|p1b: Drampa\n|-immune|p1b: Drampa\n|move|p2b: Floette|Light of Ruin|p1b: Drampa\n|-supereffective|p1b: Drampa|1\n|-enditem|p1b: Drampa|Roseli Berry|[eat]\n|-enditem|p1b: Drampa|Roseli Berry|[weaken]\n|-damage|p1b: Drampa|27/100 brn\n|-damage|p2b: Floette|80/100|[from] Recoil\n|move|p1b: Drampa|Hyper Voice|p2a: Basculegion|[spread] p2b\n|-immune|p2a: Basculegion\n|-damage|p2b: Floette|17/100\n|\n|-damage|p1b: Drampa|21/100 brn|[from] brn\n|upkeep\n|turn|8\n|\n|t:|1776183969\n|switch|p2a: Rotom|Rotom-Wash, L50|72/100\n|move|p2b: Floette|Dazzling Gleam|p1b: Drampa\n|-supereffective|p1b: Drampa|1\n|-crit|p1b: Drampa\n|-damage|p1b: Drampa|0 fnt\n|faint|p1b: Drampa\n|\n|win|TrainerEge2\n|raw|Poliwagsupremacy's rating: 1161 &rarr; <strong>1141</strong><br />(-20 for losing)\n|raw|TrainerEge2's rating: 1231 &rarr; <strong>1251</strong><br />(+20 for winning)\n|l|\u2606Poliwagsupremacy\n|player|p1|\n|c|\u2606TrainerEge2|gg\n",
  "uploadtime": 1776184031,
  "views": 19,
  "formatid": "gen9championsvgc2026regma",
  "rating": 1141,
  "private": 0,
  "password": null
}