{
  "id": "gen9championsvgc2026regma-2587755266",
  "format": "[Gen 9 Champions] VGC 2026 Reg M-A",
  "players": [
    "MaximusPrime987",
    "wolffizin"
  ],
  "log": "|j|\u2606MaximusPrime987\n|j|\u2606wolffizin\n|t:|1776560737\n|gametype|doubles\n|player|p1|MaximusPrime987|102|1174\n|player|p2|wolffizin|n|1124\n|gen|9\n|tier|[Gen 9 Champions] VGC 2026 Reg M-A\n|rated|\n|rule|Species Clause: Limit one of each Pok\u00e9mon\n|rule|Item Clause: Limit 1 of each item\n|clearpoke\n|poke|p1|Tyranitar, L50, M, shiny|\n|poke|p1|Excadrill, L50, M, shiny|\n|poke|p1|Corviknight, L50, F, shiny|\n|poke|p1|Incineroar, L50, M, shiny|\n|poke|p1|Sinistcha, L50|\n|poke|p1|Milotic, L50, F|\n|poke|p2|Aggron, L50, F|\n|poke|p2|Tyranitar, L50, F|\n|poke|p2|Garchomp, L50, F|\n|poke|p2|Oranguru, L50, F|\n|poke|p2|Sinistcha, L50|\n|poke|p2|Typhlosion-Hisui, L50, M|\n|teampreview|4\n|\n|t:|1776560767\n|teamsize|p1|4\n|teamsize|p2|4\n|start\n|switch|p1a: Milotic|Milotic, L50, F|100/100\n|switch|p1b: Incineroar|Incineroar, L50, M, shiny|100/100\n|switch|p2a: Oranguru|Oranguru, L50, F|100/100\n|switch|p2b: Typhlosion|Typhlosion-Hisui, L50, M|100/100\n|-ability|p1b: Incineroar|Intimidate|boost\n|-unboost|p2a: Oranguru|atk|1\n|-unboost|p2b: Typhlosion|atk|1\n|turn|1\n|\n|t:|1776560786\n|move|p2b: Typhlosion|Shadow Ball|p1a: Milotic\n|-damage|p1a: Milotic|70/100\n|move|p1a: Milotic|Scald|p2b: Typhlosion\n|-supereffective|p2b: Typhlosion|1\n|-damage|p2b: Typhlosion|6/100\n|move|p1b: Incineroar|Darkest Lariat|p2a: Oranguru\n|-supereffective|p2a: Oranguru|1\n|-damage|p2a: Oranguru|36/100\n|move|p2a: Oranguru|Trick Room|p2a: Oranguru\n|-fieldstart|move: Trick Room|[of] p2a: Oranguru\n|\n|-heal|p1a: Milotic|76/100|[from] item: Leftovers\n|upkeep\n|turn|2\n|\n|t:|1776560815\n|move|p2a: Oranguru|Taunt|p1a: Milotic\n|-start|p1a: Milotic|move: Taunt\n|move|p1b: Incineroar|Parting Shot|p2a: Oranguru\n|-unboost|p2a: Oranguru|atk|1\n|-unboost|p2a: Oranguru|spa|1\n|\n|t:|1776560821\n|switch|p1b: Tyranitar|Tyranitar, L50, M, shiny|100/100|[from] Parting Shot\n|-weather|Sandstorm|[from] ability: Sand Stream|[of] p1b: Tyranitar\n|move|p1a: Milotic|Icy Wind|p2b: Typhlosion|[spread] p2a,p2b\n|-resisted|p2b: Typhlosion|1\n|-damage|p2a: Oranguru|27/100\n|-damage|p2b: Typhlosion|0 fnt\n|-unboost|p2a: Oranguru|spe|1\n|faint|p2b: Typhlosion\n|\n|-weather|Sandstorm|[upkeep]\n|-damage|p2a: Oranguru|21/100|[from] Sandstorm\n|-damage|p1a: Milotic|70/100|[from] Sandstorm\n|-heal|p1a: Milotic|76/100|[from] item: Leftovers\n|upkeep\n|\n|t:|1776560837\n|switch|p2b: Aggron|Aggron, L50, F|100/100\n|turn|3\n|\n|t:|1776560850\n|detailschange|p2b: Aggron|Aggron-Mega, L50, F\n|-mega|p2b: Aggron|Aggron|Aggronite\n|move|p1b: Tyranitar|Protect|p1b: Tyranitar\n|-singleturn|p1b: Tyranitar|Protect\n|move|p2a: Oranguru|Encore|p1a: Milotic\n|-start|p1a: Milotic|Encore\n|move|p2b: Aggron|Iron Defense|p2b: Aggron\n|-boost|p2b: Aggron|def|2\n|move|p1a: Milotic|Icy Wind|p2a: Oranguru|[spread] p2a\n|-miss|p1a: Milotic|p2b: Aggron\n|-damage|p2a: Oranguru|12/100\n|-unboost|p2a: Oranguru|spe|1\n|\n|-weather|Sandstorm|[upkeep]\n|-damage|p2a: Oranguru|6/100|[from] Sandstorm\n|-damage|p1a: Milotic|70/100|[from] Sandstorm\n|-heal|p1a: Milotic|76/100|[from] item: Leftovers\n|upkeep\n|turn|4\n|\n|t:|1776560876\n|switch|p2a: Sinistcha|Sinistcha, L50|100/100\n|switch|p1b: Excadrill|Excadrill, L50, M, shiny|100/100\n|switch|p1a: Incineroar|Incineroar, L50, M, shiny|100/100\n|-ability|p1a: Incineroar|Intimidate|boost\n|-unboost|p2a: Sinistcha|atk|1\n|-unboost|p2b: Aggron|atk|1\n|move|p2b: Aggron|Iron Defense|p2b: Aggron\n|-boost|p2b: Aggron|def|2\n|\n|-weather|Sandstorm|[upkeep]\n|-damage|p2a: Sinistcha|94/100|[from] Sandstorm\n|-damage|p1a: Incineroar|95/100|[from] Sandstorm\n|upkeep\n|turn|5\n|\n|t:|1776560899\n|move|p1a: Incineroar|Fake Out|p2b: Aggron\n|-resisted|p2b: Aggron|1\n|-damage|p2b: Aggron|99/100\n|cant|p2b: Aggron|flinch\n|move|p2a: Sinistcha|Matcha Gotcha|p1b: Excadrill|[spread] p1a,p1b\n|-resisted|p1a: Incineroar|1\n|-damage|p1a: Incineroar|85/100\n|-heal|p2a: Sinistcha|99/100|[from] drain|[of] p1a: Incineroar\n|-damage|p1b: Excadrill|68/100\n|-heal|p2a: Sinistcha|100/100|[from] drain|[of] p1b: Excadrill\n|move|p1b: Excadrill|Rock Slide|p2b: Aggron|[spread] p2b\n|-miss|p1b: Excadrill|p2a: Sinistcha\n|-resisted|p2b: Aggron|1\n|-damage|p2b: Aggron|98/100\n|\n|-weather|Sandstorm|[upkeep]\n|-damage|p2a: Sinistcha|94/100|[from] Sandstorm\n|-damage|p1a: Incineroar|79/100|[from] Sandstorm\n|-fieldend|move: Trick Room\n|upkeep\n|turn|6\n|\n|t:|1776560934\n|move|p1b: Excadrill|Protect|p1b: Excadrill\n|-singleturn|p1b: Excadrill|Protect\n|move|p1a: Incineroar|Parting Shot|p2a: Sinistcha\n|-unboost|p2a: Sinistcha|atk|1\n|-unboost|p2a: Sinistcha|spa|1\n|\n|t:|1776560942\n|switch|p1a: Milotic|Milotic, L50, F|76/100|[from] Parting Shot\n|move|p2a: Sinistcha|Matcha Gotcha|p1a: Milotic|[spread] p1a\n|-activate|p1b: Excadrill|move: Protect\n|-supereffective|p1a: Milotic|1\n|-damage|p1a: Milotic|51/100\n|-heal|p2a: Sinistcha|100/100|[from] drain|[of] p1a: Milotic\n|move|p2b: Aggron|Body Press|p1b: Excadrill\n|-activate|p1b: Excadrill|move: Protect\n|\n|-weather|none\n|-heal|p1a: Milotic|57/100|[from] item: Leftovers\n|upkeep\n|turn|7\n|\n|t:|1776560961\n|move|p2a: Sinistcha|Protect|p2a: Sinistcha\n|-singleturn|p2a: Sinistcha|Protect\n|move|p1b: Excadrill|Rock Slide|p2a: Sinistcha|[spread] \n|-activate|p2a: Sinistcha|move: Protect\n|-miss|p1b: Excadrill|p2b: Aggron\n|move|p1a: Milotic|Ice Beam|p2a: Sinistcha\n|-activate|p2a: Sinistcha|move: Protect\n|move|p2b: Aggron|Body Press|p1a: Milotic\n|-damage|p1a: Milotic|0 fnt\n|faint|p1a: Milotic\n|\n|upkeep\n|-message|MaximusPrime987 forfeited.\n|\n|win|wolffizin\n|raw|MaximusPrime987's rating: 1174 &rarr; <strong>1145</strong><br />(-29 for losing)\n|raw|wolffizin's rating: 1124 &rarr; <strong>1153</strong><br />(+29 for winning)\n|l|\u2606MaximusPrime987\n|player|p1|\n",
  "uploadtime": 1776561028,
  "views": 12,
  "formatid": "gen9championsvgc2026regma",
  "rating": 1145,
  "private": 0,
  "password": null
}