{
  "id": "gen9championsvgc2026regma-2581146365",
  "format": "[Gen 9 Champions] VGC 2026 Reg M-A",
  "players": [
    "Jengibrelol1311",
    "vywxiwjxjwk"
  ],
  "log": "|j|\u2606Jengibrelol1311\n|j|\u2606vywxiwjxjwk\n|t:|1775964347\n|gametype|doubles\n|player|p1|Jengibrelol1311|elesa-gen5bw2|1077\n|player|p2|vywxiwjxjwk|n|1088\n|gen|9\n|tier|[Gen 9 Champions] VGC 2026 Reg M-A\n|rated|\n|rule|Species Clause: Limit one of each Pok\u00e9mon\n|rule|Item Clause: Limit 1 of each item\n|clearpoke\n|poke|p1|Whimsicott, L50, F|\n|poke|p1|Milotic, L50, F|\n|poke|p1|Garchomp, L50, M|\n|poke|p1|Sneasler, L50, F|\n|poke|p1|Kingambit, L50, F|\n|poke|p1|Infernape, L50, M|\n|poke|p2|Sneasler, L50, M|\n|poke|p2|Floette-Eternal, L50, F|\n|poke|p2|Sinistcha, L50|\n|poke|p2|Meowstic, L50, M|\n|poke|p2|Krookodile, L50, M|\n|poke|p2|Farigiraf, L50, F|\n|teampreview|4\n|inactive|Battle timer is ON: inactive players will automatically lose when time's up. (requested by Jengibrelol1311)\n|inactive|vywxiwjxjwk has 60 seconds left.\n|\n|t:|1775964379\n|teamsize|p1|4\n|teamsize|p2|4\n|start\n|switch|p1a: Milotic|Milotic, L50, F, shiny|100/100\n|switch|p1b: Garchomp|Garchomp, L50, M|100/100\n|switch|p2a: Sneasler|Sneasler, L50, M|100/100\n|switch|p2b: Krookodile|Krookodile, L50, M|100/100\n|-ability|p2b: Krookodile|Intimidate|boost\n|-unboost|p1a: Milotic|atk|1\n|-ability|p1a: Milotic|Competitive|boost\n|-boost|p1a: Milotic|spa|2\n|-unboost|p1b: Garchomp|atk|1\n|turn|1\n|inactive|vywxiwjxjwk has 30 seconds left.\n|\n|t:|1775964406\n|switch|p1b: Sneasler|Sneasler, L50, F|100/100\n|move|p2a: Sneasler|Fake Out|p1b: Sneasler\n|-damage|p1b: Sneasler|75/100\n|move|p2b: Krookodile|Knock Off|p1a: Milotic\n|-damage|p1a: Milotic|47/100\n|-enditem|p1a: Milotic|Leftovers|[from] move: Knock Off|[of] p2b: Krookodile\n|move|p1a: Milotic|Icy Wind|p2a: Sneasler|[spread] p2a,p2b\n|-supereffective|p2b: Krookodile|1\n|-damage|p2a: Sneasler|74/100\n|-damage|p2b: Krookodile|44/100\n|-unboost|p2a: Sneasler|spe|1\n|-unboost|p2b: Krookodile|spe|1\n|-enditem|p2a: Sneasler|White Herb\n|-clearnegativeboost|p2a: Sneasler|[silent]\n|\n|upkeep\n|turn|2\n|inactive|vywxiwjxjwk has 30 seconds left.\n|inactive|Jengibrelol1311 has 30 seconds left.\n|\n|t:|1775964442\n|move|p2a: Sneasler|Dire Claw|p1a: Milotic\n|-damage|p1a: Milotic|0 fnt\n|faint|p1a: Milotic\n|move|p1b: Sneasler|Dire Claw|p2a: Sneasler\n|-resisted|p2a: Sneasler|1\n|-damage|p2a: Sneasler|31/100\n|move|p2b: Krookodile|Knock Off|p1b: Sneasler\n|-resisted|p1b: Sneasler|1\n|-damage|p1b: Sneasler|36/100\n|-enditem|p1b: Sneasler|Mental Herb|[from] move: Knock Off|[of] p2b: Krookodile\n|\n|upkeep\n|\n|t:|1775964452\n|switch|p1a: Infernape|Infernape, L50, M|100/100\n|turn|3\n|\n|t:|1775964470\n|switch|p2b: Meowstic|Meowstic, L50, M|100/100\n|move|p1a: Infernape|Mach Punch|p2b: Meowstic\n|-resisted|p2b: Meowstic|1\n|-damage|p2b: Meowstic|91/100\n|move|p2a: Sneasler|Dire Claw|p1a: Infernape\n|-damage|p1a: Infernape|28/100\n|-status|p1a: Infernape|slp\n|move|p1b: Sneasler|Dire Claw|p2a: Sneasler\n|-resisted|p2a: Sneasler|1\n|-crit|p2a: Sneasler\n|-damage|p2a: Sneasler|0 fnt\n|faint|p2a: Sneasler\n|\n|upkeep\n|\n|t:|1775964494\n|switch|p2a: Floette|Floette-Eternal, L50, F|100/100\n|turn|4\n|\n|t:|1775964506\n|detailschange|p2a: Floette|Floette-Mega, L50, F\n|-mega|p2a: Floette|Floette|Floettite\n|-ability|p2a: Floette|Fairy Aura\n|move|p2b: Meowstic|Fake Out|p1b: Sneasler\n|-damage|p1b: Sneasler|27/100\n|cant|p1b: Sneasler|flinch\n|move|p2a: Floette|Dazzling Gleam|p1a: Infernape|[spread] p1a,p1b\n|-damage|p1a: Infernape|0 fnt\n|-damage|p1b: Sneasler|0 fnt\n|faint|p1a: Infernape\n|faint|p1b: Sneasler\n|\n|upkeep\n|\n|t:|1775964516\n|switch|p1b: Garchomp|Garchomp, L50, M|100/100\n|turn|5\n|\n|t:|1775964526\n|detailschange|p1b: Garchomp|Garchomp-Mega, L50, M\n|-mega|p1b: Garchomp|Garchomp|Garchompite\n|move|p2b: Meowstic|Reflect|p2b: Meowstic\n|-sidestart|p2: vywxiwjxjwk|Reflect\n|move|p2a: Floette|Moonblast|p1b: Garchomp\n|-supereffective|p1b: Garchomp|1\n|-damage|p1b: Garchomp|0 fnt\n|faint|p1b: Garchomp\n|\n|win|vywxiwjxjwk\n|raw|Jengibrelol1311's rating: 1077 &rarr; <strong>1056</strong><br />(-21 for losing)\n|raw|vywxiwjxjwk's rating: 1088 &rarr; <strong>1114</strong><br />(+26 for winning)\n|l|\u2606Jengibrelol1311\n|player|p1|\n",
  "uploadtime": 1775964531,
  "views": 17,
  "formatid": "gen9championsvgc2026regma",
  "rating": 1056,
  "private": 0,
  "password": null
}