{
  "id": "gen9championsvgc2026regma-2586096767",
  "format": "[Gen 9 Champions] VGC 2026 Reg M-A",
  "players": [
    "Kamusito98",
    "stochastic hero"
  ],
  "log": "|j|\u2606Kamusito98\n|j|\u2606stochastic hero\n|t:|1776398617\n|gametype|doubles\n|player|p1|Kamusito98|101|\n|player|p2|stochastic hero|scientist-gen4dp|\n|gen|9\n|tier|[Gen 9 Champions] VGC 2026 Reg M-A\n|rated|Tournament battle\n|rule|Species Clause: Limit one of each Pok\u00e9mon\n|rule|Item Clause: Limit 1 of each item\n|raw|<div class=\"infobox\"><details class=\"readmore\" open><summary><strong>1 custom rule:</strong></summary> Force Open Team Sheets</details></div>\n|clearpoke\n|poke|p1|Aggron, L50, F|\n|poke|p1|Farigiraf, L50, F|\n|poke|p1|Tyranitar, L50, M|\n|poke|p1|Araquanid, L50, M|\n|poke|p1|Gallade, L50, M|\n|poke|p1|Torkoal, L50, F|\n|poke|p2|Gengar, L50, M|\n|poke|p2|Incineroar, L50, F|\n|poke|p2|Sinistcha, L50|\n|poke|p2|Pelipper, L50, M|\n|poke|p2|Sylveon, L50, F|\n|poke|p2|Archaludon, L50, F|\n|teampreview|4\n|showteam|p1|Aggron||Aggronite|HeavyMetal|BodyPress,HeavySlam,IronDefense,Protect|||F|||50|]Farigiraf||MentalHerb|ArmorTail|TrickRoom,HelpingHand,Protect,Psychic|||F|||50|]Tyranitar||ChopleBerry|SandStream|LowKick,RockSlide,IcePunch,Protect|||M|||50|]Araquanid||MysticWater|WaterBubble|WideGuard,Liquidation,LeechLife,Trailblaze|||M|||50|]Gallade||ScopeLens|Sharpness|PsychoCut,LeafBlade,SacredSword,Protect|||M|||50|]Torkoal||Charcoal|Drought|HeatWave,Eruption,Protect,SolarBeam|||F|||50|\n|showteam|p2|Gengar||Gengarite|CursedBody|ShadowBall,PerishSong,Substitute,Protect|||M|||50|]Incineroar||SitrusBerry|Intimidate|Protect,FlareBlitz,PartingShot,FakeOut|||F|||50|]Sinistcha||KasibBerry|Hospitality|MatchaGotcha,RagePowder,TrickRoom,Protect||||||50|]Pelipper||FocusSash|Drizzle|Hurricane,WeatherBall,Uturn,Protect|||M|||50|]Sylveon||FairyFeather|Pixilate|HyperVoice,Roar,Yawn,Detect|||F|||50|]Archaludon||Leftovers|Stamina|DragonPulse,FlashCannon,ElectroShot,Protect|||F|||50|\n|inactive|Battle timer is ON: inactive players will automatically lose when time's up. (requested by Kamusito98)\n|j| Jamstiffer Alt\n|l| Jamstiffer Alt\n|inactive|Kamusito98 has 60 seconds left.\n|inactive|stochastic hero has 60 seconds left.\n|\n|t:|1776398656\n|teamsize|p1|4\n|teamsize|p2|4\n|start\n|switch|p1a: Farigiraf|Farigiraf, L50, F, shiny|100/100\n|switch|p1b: Gallade|Gallade, L50, M|100/100\n|switch|p2a: Gengar|Gengar, L50, M|100/100\n|switch|p2b: Incineroar|Incineroar, L50, F|100/100\n|-ability|p2b: Incineroar|Intimidate|boost\n|-unboost|p1a: Farigiraf|atk|1\n|-unboost|p1b: Gallade|atk|1\n|turn|1\n|inactive|stochastic hero has 30 seconds left.\n|inactive|stochastic hero has 20 seconds left.\n|inactive|stochastic hero has 15 seconds left.\n|inactive|stochastic hero has 10 seconds left.\n|\n|t:|1776398702\n|switch|p2b: Sinistcha|Sinistcha, L50|100/100\n|detailschange|p2a: Gengar|Gengar-Mega, L50, M\n|-mega|p2a: Gengar|Gengar|Gengarite\n|move|p2a: Gengar|Substitute|p2a: Gengar\n|-start|p2a: Gengar|Substitute\n|-damage|p2a: Gengar|76/100\n|move|p1b: Gallade|Psycho Cut|p2a: Gengar\n|-supereffective|p2a: Gengar|1\n|-crit|p2a: Gengar\n|-end|p2a: Gengar|Substitute\n|move|p1a: Farigiraf|Trick Room|p1a: Farigiraf\n|-fieldstart|move: Trick Room|[of] p1a: Farigiraf\n|\n|upkeep\n|turn|2\n|inactive|stochastic hero has 30 seconds left.\n|inactive|stochastic hero has 20 seconds left.\n|inactive|stochastic hero has 15 seconds left.\n|\n|t:|1776398746\n|switch|p2a: Incineroar|Incineroar, L50, F|100/100\n|-ability|p2a: Incineroar|Intimidate|boost\n|-unboost|p1a: Farigiraf|atk|1\n|-unboost|p1b: Gallade|atk|1\n|move|p1a: Farigiraf|Helping Hand|p1b: Gallade\n|-singleturn|p1b: Gallade|Helping Hand|[of] p1a: Farigiraf\n|move|p2b: Sinistcha|Matcha Gotcha|p1b: Gallade|[spread] p1a,p1b\n|-damage|p1a: Farigiraf|77/100\n|-damage|p1b: Gallade|73/100\n|-status|p1a: Farigiraf|brn\n|-status|p1b: Gallade|brn\n|move|p1b: Gallade|Psycho Cut|p2b: Sinistcha\n|-crit|p2b: Sinistcha\n|-damage|p2b: Sinistcha|49/100\n|\n|-damage|p1a: Farigiraf|71/100 brn|[from] brn\n|-damage|p1b: Gallade|68/100 brn|[from] brn\n|upkeep\n|turn|3\n|inactive|Kamusito98 has 30 seconds left.\n|\n|t:|1776398776\n|move|p1a: Farigiraf|Helping Hand|p1b: Gallade\n|-singleturn|p1b: Gallade|Helping Hand|[of] p1a: Farigiraf\n|move|p2a: Incineroar|Flare Blitz|p1b: Gallade\n|-damage|p1b: Gallade|0 fnt\n|faint|p1b: Gallade\n|-damage|p2a: Incineroar|85/100|[from] Recoil\n|move|p2b: Sinistcha|Trick Room|p2b: Sinistcha\n|-fieldend|move: Trick Room\n|\n|-damage|p1a: Farigiraf|65/100 brn|[from] brn\n|upkeep\n|\n|t:|1776398784\n|switch|p1b: Tyranitar|Tyranitar, L50, M, shiny|100/100\n|-weather|Sandstorm|[from] ability: Sand Stream|[of] p1b: Tyranitar\n|turn|4\n|j| sidlol\n|\n|t:|1776398802\n|switch|p2b: Pelipper|Pelipper, L50, M|100/100\n|-weather|RainDance|[from] ability: Drizzle|[of] p2b: Pelipper\n|move|p2a: Incineroar|Parting Shot|p1b: Tyranitar\n|-unboost|p1b: Tyranitar|atk|1\n|-unboost|p1b: Tyranitar|spa|1\n|\n|t:|1776398809\n|switch|p2a: Gengar|Gengar-Mega, L50, M|76/100|[from] Parting Shot\n|move|p1b: Tyranitar|Rock Slide|p2a: Gengar|[spread] p2a,p2b\n|-supereffective|p2b: Pelipper|1\n|-damage|p2a: Gengar|45/100\n|-damage|p2b: Pelipper|43/100\n|move|p1a: Farigiraf|Trick Room|p1a: Farigiraf\n|-fieldstart|move: Trick Room|[of] p1a: Farigiraf\n|\n|-weather|RainDance|[upkeep]\n|-damage|p1a: Farigiraf|59/100 brn|[from] brn\n|upkeep\n|turn|5\n|l| sidlol\n|inactive|stochastic hero has 30 seconds left.\n|inactive|stochastic hero has 20 seconds left.\n|inactive|stochastic hero has 15 seconds left.\n|\n|t:|1776398850\n|switch|p2b: Incineroar|Incineroar, L50, F|85/100\n|-ability|p2b: Incineroar|Intimidate|boost\n|-unboost|p1a: Farigiraf|atk|1\n|-unboost|p1b: Tyranitar|atk|1\n|switch|p2a: Sinistcha|Sinistcha, L50|49/100\n|-heal|p2b: Incineroar|100/100|[from] ability: Hospitality|[of] p2a: Sinistcha\n|move|p1a: Farigiraf|Helping Hand|p1b: Tyranitar\n|-singleturn|p1b: Tyranitar|Helping Hand|[of] p1a: Farigiraf\n|move|p1b: Tyranitar|Rock Slide|p2a: Sinistcha|[spread] p2a,p2b\n|-supereffective|p2b: Incineroar|1\n|-damage|p2a: Sinistcha|29/100\n|-damage|p2b: Incineroar|62/100\n|\n|-weather|RainDance|[upkeep]\n|-damage|p1a: Farigiraf|53/100 brn|[from] brn\n|upkeep\n|turn|6\n|\n|t:|1776398867\n|switch|p1b: Aggron|Aggron, L50, F, shiny|100/100\n|move|p2a: Sinistcha|Protect|p2a: Sinistcha\n|-singleturn|p2a: Sinistcha|Protect\n|move|p1a: Farigiraf|Psychic|p2a: Sinistcha\n|-activate|p2a: Sinistcha|move: Protect\n|move|p2b: Incineroar|Parting Shot|p1b: Aggron\n|-unboost|p1b: Aggron|atk|1\n|-unboost|p1b: Aggron|spa|1\n|\n|t:|1776398883\n|switch|p2b: Gengar|Gengar-Mega, L50, M|45/100|[from] Parting Shot\n|\n|-weather|RainDance|[upkeep]\n|-damage|p1a: Farigiraf|47/100 brn|[from] brn\n|upkeep\n|turn|7\n|\n|t:|1776398911\n|detailschange|p1b: Aggron|Aggron-Mega, L50, F, shiny\n|-mega|p1b: Aggron|Aggron|Aggronite\n|move|p2a: Sinistcha|Rage Powder|p2a: Sinistcha\n|-singleturn|p2a: Sinistcha|move: Rage Powder\n|move|p1b: Aggron|Iron Defense|p1b: Aggron\n|-boost|p1b: Aggron|def|2\n|move|p1a: Farigiraf|Psychic|p2a: Sinistcha\n|-damage|p2a: Sinistcha|0 fnt\n|faint|p2a: Sinistcha\n|move|p2b: Gengar|Perish Song|p2b: Gengar\n|-start|p1a: Farigiraf|perish3|[silent]\n|-start|p1b: Aggron|perish3|[silent]\n|-start|p2b: Gengar|perish3|[silent]\n|-fieldactivate|move: Perish Song\n|\n|-weather|RainDance|[upkeep]\n|-damage|p1a: Farigiraf|41/100 brn|[from] brn\n|-start|p1b: Aggron|perish3\n|-start|p1a: Farigiraf|perish3\n|-start|p2b: Gengar|perish3\n|upkeep\n|\n|t:|1776398923\n|switch|p2a: Incineroar|Incineroar, L50, F|62/100\n|-ability|p2a: Incineroar|Intimidate|boost\n|-unboost|p1a: Farigiraf|atk|1\n|-unboost|p1b: Aggron|atk|1\n|turn|8\n|\n|t:|1776398931\n|move|p1a: Farigiraf|Helping Hand|p1b: Aggron\n|-singleturn|p1b: Aggron|Helping Hand|[of] p1a: Farigiraf\n|move|p2a: Incineroar|Protect|p2a: Incineroar\n|-singleturn|p2a: Incineroar|Protect\n|move|p2b: Gengar|Protect|p2b: Gengar\n|-singleturn|p2b: Gengar|Protect\n|move|p1b: Aggron|Body Press|p2a: Incineroar\n|-activate|p2a: Incineroar|move: Protect\n|\n|-weather|none\n|-damage|p1a: Farigiraf|36/100 brn|[from] brn\n|-start|p1b: Aggron|perish2\n|-start|p1a: Farigiraf|perish2\n|-start|p2b: Gengar|perish2\n|-fieldend|move: Trick Room\n|upkeep\n|turn|9\n|inactive|stochastic hero has 30 seconds left.\n|inactive|stochastic hero has 20 seconds left.\n|inactive|stochastic hero has 15 seconds left.\n|inactive|stochastic hero has 10 seconds left.\n|\n|t:|1776398979\n|move|p2b: Gengar|Shadow Ball|p1b: Aggron\n|-damage|p1b: Aggron|64/100\n|move|p2a: Incineroar|Flare Blitz|p1a: Farigiraf\n|-damage|p1a: Farigiraf|0 fnt\n|faint|p1a: Farigiraf\n|-damage|p2a: Incineroar|50/100|[from] Recoil\n|-enditem|p2a: Incineroar|Sitrus Berry|[eat]\n|-heal|p2a: Incineroar|75/100|[from] item: Sitrus Berry\n|move|p1b: Aggron|Body Press|p2a: Incineroar\n|-supereffective|p2a: Incineroar|1\n|-damage|p2a: Incineroar|0 fnt\n|faint|p2a: Incineroar\n|\n|-start|p2b: Gengar|perish1\n|-start|p1b: Aggron|perish1\n|upkeep\n|\n|t:|1776398990\n|switch|p2a: Pelipper|Pelipper, L50, M|43/100\n|switch|p1a: Tyranitar|Tyranitar, L50, M, shiny|100/100\n|-weather|RainDance|[from] ability: Drizzle|[of] p2a: Pelipper\n|-weather|Sandstorm|[from] ability: Sand Stream|[of] p1a: Tyranitar\n|turn|10\n|\n|t:|1776399010\n|move|p2a: Pelipper|Protect|p2a: Pelipper\n|-singleturn|p2a: Pelipper|Protect\n|move|p1a: Tyranitar|Protect|p1a: Tyranitar\n|-singleturn|p1a: Tyranitar|Protect\n|move|p2b: Gengar|Shadow Ball|p1a: Tyranitar\n|-activate|p1a: Tyranitar|move: Protect\n|move|p1b: Aggron|Body Press|p2a: Pelipper\n|-activate|p2a: Pelipper|move: Protect\n|\n|-weather|Sandstorm|[upkeep]\n|-damage|p2b: Gengar|39/100|[from] Sandstorm\n|-damage|p2a: Pelipper|37/100|[from] Sandstorm\n|-start|p2b: Gengar|perish0\n|-start|p1b: Aggron|perish0\n|faint|p2b: Gengar\n|faint|p1b: Aggron\n|upkeep\n|turn|11\n|\n|t:|1776399016\n|move|p2a: Pelipper|Hurricane|p1a: Tyranitar\n|-resisted|p1a: Tyranitar|1\n|-damage|p1a: Tyranitar|86/100\n|-start|p1a: Tyranitar|confusion\n|-activate|p1a: Tyranitar|confusion\n|-damage|p1a: Tyranitar|75/100|[from] confusion\n|\n|-weather|Sandstorm|[upkeep]\n|-damage|p2a: Pelipper|31/100|[from] Sandstorm\n|upkeep\n|turn|12\n|\n|t:|1776399024\n|move|p2a: Pelipper|Weather Ball|p1a: Tyranitar\n|-damage|p1a: Tyranitar|58/100\n|-activate|p1a: Tyranitar|confusion\n|-damage|p1a: Tyranitar|45/100|[from] confusion\n|\n|-weather|Sandstorm|[upkeep]\n|-damage|p2a: Pelipper|25/100|[from] Sandstorm\n|upkeep\n|turn|13\n|\n|t:|1776399035\n|move|p2a: Pelipper|Weather Ball|p1a: Tyranitar\n|-damage|p1a: Tyranitar|29/100\n|-activate|p1a: Tyranitar|confusion\n|-damage|p1a: Tyranitar|17/100|[from] confusion\n|\n|-weather|Sandstorm|[upkeep]\n|-damage|p2a: Pelipper|20/100|[from] Sandstorm\n|upkeep\n|turn|14\n|\n|t:|1776399044\n|move|p2a: Pelipper|Weather Ball|p1a: Tyranitar\n|-damage|p1a: Tyranitar|0 fnt\n|faint|p1a: Tyranitar\n|\n|win|stochastic hero\n|n|\u2606Kamusito98|kamusito98\n|n|\u2606stochastic hero|stochastichero\n",
  "uploadtime": 1776399050,
  "views": 24,
  "formatid": "gen9championsvgc2026regma",
  "rating": null,
  "private": 0,
  "password": null
}