{
  "id": "gen9championsvgc2026regma-2587406921",
  "format": "[Gen 9 Champions] VGC 2026 Reg M-A",
  "players": [
    "Boredrake2",
    "testy accounty 2"
  ],
  "log": "|j|\u2606Boredrake2\n|j|\u2606testy accounty 2\n|t:|1776529221\n|gametype|doubles\n|player|p1|Boredrake2|steven|1533\n|player|p2|testy accounty 2|170|1579\n|gen|9\n|tier|[Gen 9 Champions] VGC 2026 Reg M-A\n|rated|\n|rule|Species Clause: Limit one of each Pok\u00e9mon\n|rule|Item Clause: Limit 1 of each item\n|clearpoke\n|poke|p1|Milotic, L50, F|\n|poke|p1|Farigiraf, L50, M|\n|poke|p1|Altaria, L50, F|\n|poke|p1|Volcarona, L50, M|\n|poke|p1|Aegislash, L50, F|\n|poke|p1|Garchomp, L50, F|\n|poke|p2|Gengar, L50, F, shiny|\n|poke|p2|Incineroar, L50, M|\n|poke|p2|Politoed, L50, M|\n|poke|p2|Archaludon, L50, F|\n|poke|p2|Basculegion, L50, M|\n|poke|p2|Kangaskhan, L50, F|\n|teampreview|4\n|inactive|Battle timer is ON: inactive players will automatically lose when time's up. (requested by Boredrake2)\n|inactive|testy accounty 2 has 60 seconds left.\n|\n|t:|1776529252\n|teamsize|p1|4\n|teamsize|p2|4\n|start\n|switch|p1a: Milotic|Milotic, L50, F|100/100\n|switch|p1b: Volcarona|Volcarona, L50, M|100/100\n|switch|p2a: Gengar|Gengar, L50, F, shiny|100/100\n|switch|p2b: Kangaskhan|Kangaskhan, L50, F|100/100\n|turn|1\n|j| t-khoa\n|inactive|Boredrake2 has 30 seconds left.\n|inactive|testy accounty 2 has 30 seconds left.\n|\n|t:|1776529281\n|detailschange|p2a: Gengar|Gengar-Mega, L50, F, shiny\n|-mega|p2a: Gengar|Gengar|Gengarite\n|move|p2b: Kangaskhan|Fake Out|p1a: Milotic\n|-damage|p1a: Milotic|83/100\n|move|p2a: Gengar|Perish Song|p2a: Gengar\n|-start|p1a: Milotic|perish3|[silent]\n|-start|p1b: Volcarona|perish3|[silent]\n|-start|p2a: Gengar|perish3|[silent]\n|-start|p2b: Kangaskhan|perish3|[silent]\n|-fieldactivate|move: Perish Song\n|move|p1b: Volcarona|Struggle Bug|p2a: Gengar|[spread] p2a,p2b\n|-resisted|p2a: Gengar|2\n|-damage|p2a: Gengar|95/100\n|-damage|p2b: Kangaskhan|81/100\n|-unboost|p2a: Gengar|spa|1\n|-unboost|p2b: Kangaskhan|spa|1\n|cant|p1a: Milotic|flinch\n|\n|-start|p2a: Gengar|perish3\n|-start|p1b: Volcarona|perish3\n|-start|p2b: Kangaskhan|perish3\n|-start|p1a: Milotic|perish3\n|upkeep\n|turn|2\n|inactive|testy accounty 2 has 30 seconds left.\n|\n|t:|1776529308\n|switch|p2b: Stephen|Basculegion, L50, M|100/100\n|move|p2a: Gengar|Protect|p2a: Gengar\n|-singleturn|p2a: Gengar|Protect\n|move|p1b: Volcarona|Flamethrower|p2a: Gengar\n|-activate|p2a: Gengar|move: Protect\n|move|p1a: Milotic|Scald|p2a: Gengar\n|-activate|p2a: Gengar|move: Protect\n|\n|-start|p2a: Gengar|perish2\n|-start|p1b: Volcarona|perish2\n|-start|p1a: Milotic|perish2\n|upkeep\n|turn|3\n|\n|t:|1776529326\n|switch|p2a: Kangaskhan|Kangaskhan, L50, F|81/100\n|move|p2b: Stephen|Flip Turn|p1a: Milotic\n|-resisted|p1a: Milotic|1\n|-damage|p1a: Milotic|63/100\n|\n|t:|1776529332\n|switch|p2b: Gengar|Gengar-Mega, L50, F, shiny|95/100|[from] Flip Turn\n|move|p1b: Volcarona|Flamethrower|p2a: Kangaskhan\n|-damage|p2a: Kangaskhan|35/100\n|move|p1a: Milotic|Scald|p2a: Kangaskhan\n|-damage|p2a: Kangaskhan|2/100\n|\n|-start|p1b: Volcarona|perish1\n|-start|p1a: Milotic|perish1\n|upkeep\n|turn|4\n|\n|t:|1776529353\n|move|p2b: Gengar|Protect|p2b: Gengar\n|-singleturn|p2b: Gengar|Protect\n|move|p2a: Kangaskhan|Protect|p2a: Kangaskhan\n|-singleturn|p2a: Kangaskhan|Protect\n|move|p1b: Volcarona|Struggle Bug|p2a: Kangaskhan|[spread] \n|-activate|p2a: Kangaskhan|move: Protect\n|-activate|p2b: Gengar|move: Protect\n|move|p1a: Milotic|Scald|p2a: Kangaskhan\n|-activate|p2a: Kangaskhan|move: Protect\n|\n|-start|p1b: Volcarona|perish0\n|-start|p1a: Milotic|perish0\n|faint|p1b: Volcarona\n|faint|p1a: Milotic\n|upkeep\n|\n|t:|1776529365\n|switch|p1b: Aegislash|Aegislash, L50, F|100/100\n|switch|p1a: Altaria|Altaria, L50, F|100/100\n|-ability|p1a: Altaria|Cloud Nine\n|turn|5\n|\n|t:|1776529392\n|switch|p2a: Ian|Incineroar, L50, M|100/100\n|-ability|p2a: Ian|Intimidate|boost\n|-unboost|p1a: Altaria|atk|1\n|-unboost|p1b: Aegislash|atk|1\n|move|p2b: Gengar|Perish Song|p2b: Gengar\n|-start|p1a: Altaria|perish3|[silent]\n|-start|p1b: Aegislash|perish3|[silent]\n|-start|p2a: Ian|perish3|[silent]\n|-start|p2b: Gengar|perish3|[silent]\n|-fieldactivate|move: Perish Song\n|move|p1a: Altaria|Hyper Voice|p2b: Gengar|[spread] p2a\n|-immune|p2b: Gengar\n|-damage|p2a: Ian|90/100\n|-formechange|p1b: Aegislash|Aegislash-Blade|\n|move|p1b: Aegislash|Poltergeist|p2b: Gengar\n|-activate|p2b: Gengar|move: Poltergeist|Gengarite\n|-supereffective|p2b: Gengar|1\n|-damage|p2b: Gengar|0 fnt\n|faint|p2b: Gengar\n|\n|-start|p1a: Altaria|perish3\n|-start|p1b: Aegislash|perish3\n|-start|p2a: Ian|perish3\n|upkeep\n|-message|Boredrake2 forfeited.\n|\n|win|testy accounty 2\n|raw|Boredrake2's rating: 1533 &rarr; <strong>1516</strong><br />(-17 for losing)\n|raw|testy accounty 2's rating: 1579 &rarr; <strong>1596</strong><br />(+17 for winning)\n|l|\u2606Boredrake2\n|player|p1|\n",
  "uploadtime": 1776529413,
  "views": 46,
  "formatid": "gen9championsvgc2026regma",
  "rating": 1516,
  "private": 0,
  "password": null
}