{
  "id": "gen9championsvgc2026regma-2588539908",
  "format": "[Gen 9 Champions] VGC 2026 Reg M-A",
  "players": [
    "Hydreigon Indulger",
    "lun4rspace"
  ],
  "log": "|j|\u2606Hydreigon Indulger\n|j|\u2606lun4rspace\n|t:|1776643023\n|gametype|doubles\n|player|p1|Hydreigon Indulger|n|1350\n|player|p2|lun4rspace|266|1277\n|gen|9\n|tier|[Gen 9 Champions] VGC 2026 Reg M-A\n|rated|\n|rule|Species Clause: Limit one of each Pok\u00e9mon\n|rule|Item Clause: Limit 1 of each item\n|clearpoke\n|poke|p1|Farigiraf, L50, M|\n|poke|p1|Kingambit, L50, F|\n|poke|p1|Charizard, L50, F|\n|poke|p1|Whimsicott, L50, M|\n|poke|p1|Sneasler, L50, M|\n|poke|p1|Garchomp, L50, F|\n|poke|p2|Aerodactyl, L50, M|\n|poke|p2|Basculegion, L50, M|\n|poke|p2|Kommo-o, L50, M|\n|poke|p2|Scizor, L50, F|\n|poke|p2|Scovillain, L50, F|\n|poke|p2|Sneasler, L50, F|\n|teampreview|4\n|\n|t:|1776643056\n|teamsize|p1|4\n|teamsize|p2|4\n|start\n|switch|p1a: Farigiraf|Farigiraf, L50, M|100/100\n|switch|p1b: Garchomp|Garchomp, L50, F|100/100\n|switch|p2a: Aerodactyl|Aerodactyl, L50, M|100/100\n|switch|p2b: Sneasler|Sneasler, L50, F|100/100\n|-ability|p2a: Aerodactyl|Unnerve\n|turn|1\n|\n|t:|1776643081\n|move|p2b: Sneasler|Fake Out||[still]\n|cant|p1a: Farigiraf|ability: Armor Tail|Fake Out|[of] p2b: Sneasler\n|move|p1b: Garchomp|Rock Slide|p2b: Sneasler|[spread] p2a,p2b\n|-supereffective|p2a: Aerodactyl|1\n|-resisted|p2b: Sneasler|1\n|-damage|p2a: Aerodactyl|43/100\n|-damage|p2b: Sneasler|84/100\n|cant|p2a: Aerodactyl|flinch\n|move|p1a: Farigiraf|Psychic|p2b: Sneasler\n|-supereffective|p2b: Sneasler|2\n|-damage|p2b: Sneasler|0 fnt\n|faint|p2b: Sneasler\n|\n|upkeep\n|\n|t:|1776643093\n|switch|p2b: Basculegion|Basculegion, L50, M|100/100\n|turn|2\n|\n|t:|1776643105\n|move|p1a: Farigiraf|Protect|p1a: Farigiraf\n|-singleturn|p1a: Farigiraf|Protect\n|move|p1b: Garchomp|Rock Slide|p2a: Aerodactyl|[spread] p2b\n|-miss|p1b: Garchomp|p2a: Aerodactyl\n|-damage|p2b: Basculegion|81/100\n|move|p2a: Aerodactyl|Dual Wingbeat|p1b: Garchomp\n|-damage|p1b: Garchomp|82/100\n|-damage|p2a: Aerodactyl|31/100|[from] ability: Rough Skin|[of] p1b: Garchomp\n|-damage|p1b: Garchomp|63/100\n|-damage|p2a: Aerodactyl|19/100|[from] ability: Rough Skin|[of] p1b: Garchomp\n|-hitcount|p1b: Garchomp|2\n|cant|p2b: Basculegion|flinch\n|\n|upkeep\n|turn|3\n|\n|t:|1776643124\n|move|p2a: Aerodactyl|Protect|p2a: Aerodactyl\n|-singleturn|p2a: Aerodactyl|Protect\n|move|p1b: Garchomp|Rock Slide|p2b: Basculegion|[spread] p2b\n|-activate|p2a: Aerodactyl|move: Protect\n|-damage|p2b: Basculegion|62/100\n|cant|p2b: Basculegion|flinch\n|move|p1a: Farigiraf|Psychic|p2b: Basculegion\n|-damage|p2b: Basculegion|26/100\n|-enditem|p2b: Basculegion|Sitrus Berry|[eat]\n|-heal|p2b: Basculegion|51/100|[from] item: Sitrus Berry\n|\n|upkeep\n|turn|4\n|\n|t:|1776643149\n|move|p2b: Basculegion|Aqua Jet||[still]\n|cant|p1a: Farigiraf|ability: Armor Tail|Aqua Jet|[of] p2b: Basculegion\n|move|p1b: Garchomp|Rock Slide|p2a: Aerodactyl|[spread] p2a,p2b\n|-supereffective|p2a: Aerodactyl|1\n|-damage|p2a: Aerodactyl|0 fnt\n|-damage|p2b: Basculegion|32/100\n|faint|p2a: Aerodactyl\n|move|p1a: Farigiraf|Psychic|p2b: Basculegion\n|-damage|p2b: Basculegion|0 fnt\n|faint|p2b: Basculegion\n|\n|upkeep\n|\n|t:|1776643163\n|switch|p2b: Scovillain|Scovillain, L50, F|100/100\n|turn|5\n|\n|t:|1776643180\n|detailschange|p2b: Scovillain|Scovillain-Mega, L50, F\n|-mega|p2b: Scovillain|Scovillain|Scovillainite\n|move|p1b: Garchomp|Rock Slide|p2b: Scovillain\n|-supereffective|p2b: Scovillain|1\n|-damage|p2b: Scovillain|56/100\n|-status|p1b: Garchomp|brn|[from] ability: Spicy Spray|[of] p2b: Scovillain\n|cant|p2b: Scovillain|flinch\n|move|p1a: Farigiraf|Psychic|p2b: Scovillain\n|-damage|p2b: Scovillain|19/100\n|-status|p1a: Farigiraf|brn|[from] ability: Spicy Spray|[of] p2b: Scovillain\n|\n|-damage|p1b: Garchomp|57/100 brn|[from] brn\n|-damage|p1a: Farigiraf|94/100 brn|[from] brn\n|upkeep\n|turn|6\n|c|\u2606Hydreigon Indulger|thats insane\n|c|\u2606Hydreigon Indulger|holy fuck\n|c|\u2606Hydreigon Indulger|i'd be so pissed myself\n|\n|t:|1776643204\n|move|p1b: Garchomp|Rock Slide|p2b: Scovillain\n|-supereffective|p2b: Scovillain|1\n|-crit|p2b: Scovillain\n|-damage|p2b: Scovillain|0 fnt\n|faint|p2b: Scovillain\n|\n|win|Hydreigon Indulger\n|raw|Hydreigon Indulger's rating: 1350 &rarr; <strong>1366</strong><br />(+16 for winning)\n|raw|lun4rspace's rating: 1277 &rarr; <strong>1257</strong><br />(-20 for losing)\n",
  "uploadtime": 1776643204,
  "views": 20,
  "formatid": "gen9championsvgc2026regma",
  "rating": 1257,
  "private": 0,
  "password": null
}