{
  "id": "gen9championsvgc2026regma-2586098701",
  "format": "[Gen 9 Champions] VGC 2026 Reg M-A",
  "players": [
    "Phillip Blevin",
    "streetledeetledoo"
  ],
  "log": "|j|\u2606Phillip Blevin\n|j|\u2606streetledeetledoo\n|t:|1776398845\n|gametype|doubles\n|player|p1|Phillip Blevin|cynthia-masters4|1283\n|player|p2|streetledeetledoo|dancer|1287\n|gen|9\n|tier|[Gen 9 Champions] VGC 2026 Reg M-A\n|rated|\n|rule|Species Clause: Limit one of each Pok\u00e9mon\n|rule|Item Clause: Limit 1 of each item\n|clearpoke\n|poke|p1|Froslass, L50, F|\n|poke|p1|Corviknight, L50, F|\n|poke|p1|Incineroar, L50, F|\n|poke|p1|Rotom-Mow, L50|\n|poke|p1|Sneasler, L50, M|\n|poke|p1|Primarina, L50, M|\n|poke|p2|Meowstic, L50, M|\n|poke|p2|Alakazam, L50, F|\n|poke|p2|Dragapult, L50, M|\n|poke|p2|Garchomp, L50, M|\n|poke|p2|Rotom-Wash, L50|\n|poke|p2|Farigiraf, L50, F|\n|teampreview|4\n|inactive|Battle timer is ON: inactive players will automatically lose when time's up. (requested by Phillip Blevin)\nPhillip Blevin has agreed to open team sheets.\n|inactive|streetledeetledoo has 60 seconds left.\n|\n|t:|1776398878\n|teamsize|p1|4\n|teamsize|p2|4\n|start\n|switch|p1a: Rotom|Rotom-Mow, L50|100/100\n|switch|p1b: Incineroar|Incineroar, L50, F|100/100\n|switch|p2a: Rotom|Rotom-Wash, L50|100/100\n|switch|p2b: Meowstic|Meowstic, L50, M|100/100\n|-ability|p1b: Incineroar|Intimidate|boost\n|-unboost|p2a: Rotom|atk|1\n|-unboost|p2b: Meowstic|atk|1\n|turn|1\n|\n|t:|1776398892\n|move|p2b: Meowstic|Fake Out|p1b: Incineroar\n|-damage|p1b: Incineroar|98/100\n|cant|p1b: Incineroar|flinch\n|move|p1a: Rotom|Leaf Storm|p2a: Rotom\n|-supereffective|p2a: Rotom|1\n|-damage|p2a: Rotom|3/100\n|-unboost|p1a: Rotom|spa|2\n|-enditem|p2a: Rotom|Sitrus Berry|[eat]\n|-heal|p2a: Rotom|28/100|[from] item: Sitrus Berry\n|move|p2a: Rotom|Hydro Pump|p1b: Incineroar\n|-supereffective|p1b: Incineroar|1\n|-enditem|p1b: Incineroar|Passho Berry|[eat]\n|-enditem|p1b: Incineroar|Passho Berry|[weaken]\n|-damage|p1b: Incineroar|59/100\n|\n|upkeep\n|turn|2\n|\n|t:|1776398915\n|move|p2a: Rotom|Protect|p2a: Rotom\n|-singleturn|p2a: Rotom|Protect\n|move|p2b: Meowstic|Psychic Terrain|p2b: Meowstic\n|-fieldstart|move: Psychic Terrain\n|move|p1a: Rotom|Leaf Storm|p2a: Rotom\n|-activate|p2a: Rotom|move: Protect\n|move|p1b: Incineroar|Darkest Lariat|p2b: Meowstic\n|-supereffective|p2b: Meowstic|1\n|-enditem|p2b: Meowstic|Colbur Berry|[eat]\n|-enditem|p2b: Meowstic|Colbur Berry|[weaken]\n|-damage|p2b: Meowstic|72/100\n|\n|upkeep\n|turn|3\n|\n|t:|1776398936\n|move|p2b: Meowstic|Helping Hand|p2a: Rotom\n|-singleturn|p2a: Rotom|Helping Hand|[of] p2b: Meowstic\n|move|p1a: Rotom|Leaf Storm|p2a: Rotom\n|-supereffective|p2a: Rotom|1\n|-damage|p2a: Rotom|0 fnt\n|-unboost|p1a: Rotom|spa|2\n|faint|p2a: Rotom\n|move|p1b: Incineroar|Parting Shot|p2b: Meowstic\n|-unboost|p2b: Meowstic|atk|1\n|-unboost|p2b: Meowstic|spa|1\n|\n|t:|1776398948\n|switch|p1b: Corviknight|Corviknight, L50, F|100/100|[from] Parting Shot\n|\n|upkeep\n|\n|t:|1776398953\n|switch|p2a: Alakazam|Alakazam, L50, F|100/100\n|turn|4\n|\n|t:|1776398964\n|switch|p1a: Incineroar|Incineroar, L50, F|59/100\n|-ability|p1a: Incineroar|Intimidate|boost\n|-fail|p2a: Alakazam|unboost|Attack|[from] ability: Inner Focus|[of] p2a: Alakazam\n|-unboost|p2b: Meowstic|atk|1\n|detailschange|p2a: Alakazam|Alakazam-Mega, L50, F\n|-mega|p2a: Alakazam|Alakazam|Alakazite\n|-ability|p2a: Alakazam|Mirror Armor|Trace|[from] ability: Trace|[of] p1b: Corviknight\n|move|p2b: Meowstic|Helping Hand|p2a: Alakazam\n|-singleturn|p2a: Alakazam|Helping Hand|[of] p2b: Meowstic\n|move|p2a: Alakazam|Expanding Force|p1b: Corviknight|[spread] p1b\n|-immune|p1a: Incineroar\n|-resisted|p1b: Corviknight|1\n|-damage|p1b: Corviknight|40/100\n|move|p1b: Corviknight|Brave Bird|p2a: Alakazam\n|-damage|p2a: Alakazam|28/100\n|-damage|p1b: Corviknight|25/100|[from] Recoil\n|\n|-heal|p1b: Corviknight|31/100|[from] item: Leftovers\n|upkeep\n|turn|5\n|inactive|streetledeetledoo has 30 seconds left.\n|\n|t:|1776398990\n|switch|p2b: Garchomp|Garchomp, L50, M|100/100\n|move|p2a: Alakazam|Protect|p2a: Alakazam\n|-singleturn|p2a: Alakazam|Protect\n|move|p1b: Corviknight|Brave Bird|p2a: Alakazam\n|-activate|p2a: Alakazam|move: Protect\n|move|p1a: Incineroar|Darkest Lariat|p2a: Alakazam\n|-activate|p2a: Alakazam|move: Protect\n|\n|-heal|p1b: Corviknight|37/100|[from] item: Leftovers\n|upkeep\n|turn|6\n|inactive|Phillip Blevin has 30 seconds left.\n|inactive|streetledeetledoo has 30 seconds left.\n|\n|t:|1776399019\n|move|p2b: Garchomp|Rock Slide|p1a: Incineroar|[spread] p1a,p1b\n|-supereffective|p1a: Incineroar|1\n|-damage|p1a: Incineroar|30/100\n|-damage|p1b: Corviknight|25/100\n|move|p2a: Alakazam|Focus Blast|p1a: Incineroar|[miss]\n|-miss|p2a: Alakazam|p1a: Incineroar\n|move|p1b: Corviknight|Roost|p1b: Corviknight\n|-heal|p1b: Corviknight|76/100\n|-singleturn|p1b: Corviknight|move: Roost\n|move|p1a: Incineroar|Darkest Lariat|p2a: Alakazam\n|-supereffective|p2a: Alakazam|1\n|-damage|p2a: Alakazam|0 fnt\n|faint|p2a: Alakazam\n|\n|-heal|p1b: Corviknight|81/100|[from] item: Leftovers\n|-fieldend|move: Psychic Terrain\n|upkeep\n|\n|t:|1776399030\n|switch|p2a: Meowstic|Meowstic, L50, M|72/100\n|turn|7\n|\n|t:|1776399034\n|move|p2a: Meowstic|Helping Hand|p2b: Garchomp\n|-singleturn|p2b: Garchomp|Helping Hand|[of] p2a: Meowstic\n|move|p2b: Garchomp|Rock Slide|p1b: Corviknight|[spread] p1a\n|-miss|p2b: Garchomp|p1b: Corviknight\n|-supereffective|p1a: Incineroar|1\n|-damage|p1a: Incineroar|0 fnt\n|faint|p1a: Incineroar\n|move|p1b: Corviknight|Bulk Up|p1b: Corviknight\n|-boost|p1b: Corviknight|atk|1\n|-boost|p1b: Corviknight|def|1\n|\n|-heal|p1b: Corviknight|87/100|[from] item: Leftovers\n|upkeep\n|\n|t:|1776399038\n|switch|p1a: Froslass|Froslass, L50, F|100/100\n|turn|8\n|\n|t:|1776399046\n|detailschange|p1a: Froslass|Froslass-Mega, L50, F\n|-mega|p1a: Froslass|Froslass|Froslassite\n|-weather|Snowscape|[from] ability: Snow Warning|[of] p1a: Froslass\n|move|p2a: Meowstic|Helping Hand|p2b: Garchomp\n|-singleturn|p2b: Garchomp|Helping Hand|[of] p2a: Meowstic\n|move|p2b: Garchomp|Rock Slide|p1b: Corviknight|[spread] p1a,p1b\n|-supereffective|p1a: Froslass|1\n|-damage|p1a: Froslass|35/100\n|-damage|p1b: Corviknight|76/100\n|move|p1a: Froslass|Blizzard|p2b: Garchomp|[spread] p2a,p2b\n|-supereffective|p2b: Garchomp|2\n|-damage|p2a: Meowstic|18/100\n|-damage|p2b: Garchomp|0 fnt\n|faint|p2b: Garchomp\n|move|p1b: Corviknight|Brave Bird|p2a: Meowstic\n|-damage|p2a: Meowstic|0 fnt\n|faint|p2a: Meowstic\n|-damage|p1b: Corviknight|71/100|[from] Recoil\n|\n|win|Phillip Blevin\n|raw|Phillip Blevin's rating: 1283 &rarr; <strong>1308</strong><br />(+25 for winning)\n|raw|streetledeetledoo's rating: 1287 &rarr; <strong>1262</strong><br />(-25 for losing)\n",
  "uploadtime": 1776399046,
  "views": 26,
  "formatid": "gen9championsvgc2026regma",
  "rating": 1262,
  "private": 0,
  "password": null
}