{
  "id": "gen9championsvgc2026regma-2583608603",
  "format": "[Gen 9 Champions] VGC 2026 Reg M-A",
  "players": [
    "souobrubo",
    "Kimiwombat"
  ],
  "log": "|j|\u2606souobrubo\n|j|\u2606Kimiwombat\n|t:|1776186284\n|gametype|doubles\n|player|p1|souobrubo|aaron|1201\n|player|p2|Kimiwombat|101|1206\n|gen|9\n|tier|[Gen 9 Champions] VGC 2026 Reg M-A\n|rated|\n|rule|Species Clause: Limit one of each Pok\u00e9mon\n|rule|Item Clause: Limit 1 of each item\n|clearpoke\n|poke|p1|Pelipper, L50, M|\n|poke|p1|Drampa, L50, M|\n|poke|p1|Oranguru, L50, M|\n|poke|p1|Araquanid, L50, F|\n|poke|p1|Meowscarada, L50, M|\n|poke|p1|Avalugg-Hisui, L50, F|\n|poke|p2|Glimmora, L50, F|\n|poke|p2|Whimsicott, L50, M|\n|poke|p2|Garchomp, L50, F|\n|poke|p2|Rotom-Wash, L50|\n|poke|p2|Incineroar, L50, M|\n|poke|p2|Corviknight, L50, M|\n|teampreview|4\n|inactive|Battle timer is ON: inactive players will automatically lose when time's up. (requested by souobrubo)\n|\n|t:|1776186369\n|teamsize|p1|4\n|teamsize|p2|4\n|start\n|switch|p1a: Oranguru|Oranguru, L50, M|100/100\n|switch|p1b: Pelipper|Pelipper, L50, M|100/100\n|switch|p2a: Corviknight|Corviknight, L50, M|100/100\n|switch|p2b: Incineroar|Incineroar, L50, M|100/100\n|-weather|RainDance|[from] ability: Drizzle|[of] p1b: Pelipper\n|-ability|p2b: Incineroar|Intimidate|boost\n|-unboost|p1a: Oranguru|atk|1\n|-unboost|p1b: Pelipper|atk|1\n|turn|1\n|\n|t:|1776186387\n|move|p2a: Corviknight|Bulk Up|p2a: Corviknight\n|-boost|p2a: Corviknight|atk|1\n|-boost|p2a: Corviknight|def|1\n|move|p1b: Pelipper|U-turn|p2b: Incineroar\n|-damage|p2b: Incineroar|96/100\n|\n|t:|1776186395\n|switch|p1b: Drampa|Drampa, L50, M, shiny|100/100|[from] U-turn\n|move|p2b: Incineroar|Throat Chop|p1a: Oranguru\n|-supereffective|p1a: Oranguru|1\n|-damage|p1a: Oranguru|43/100\n|-start|p1a: Oranguru|Throat Chop|[silent]\n|move|p1a: Oranguru|Trick Room|p1a: Oranguru\n|-fieldstart|move: Trick Room|[of] p1a: Oranguru\n|\n|-weather|RainDance|[upkeep]\n|upkeep\n|turn|2\n|inactive|Kimiwombat has 30 seconds left.\n|\n|t:|1776186426\n|detailschange|p1b: Drampa|Drampa-Mega, L50, M, shiny\n|-mega|p1b: Drampa|Drampa|Drampanite\n|move|p1b: Drampa|Thunder|p2a: Corviknight\n|-supereffective|p2a: Corviknight|1\n|-damage|p2a: Corviknight|5/100\n|move|p1a: Oranguru|Instruct|p1b: Drampa\n|-singleturn|p1b: Drampa|move: Instruct|[of] p1a: Oranguru\n|move|p1b: Drampa|Thunder|p2a: Corviknight\n|-supereffective|p2a: Corviknight|1\n|-damage|p2a: Corviknight|0 fnt\n|faint|p2a: Corviknight\n|move|p2b: Incineroar|Throat Chop|p1a: Oranguru\n|-supereffective|p1a: Oranguru|1\n|-damage|p1a: Oranguru|0 fnt\n|faint|p1a: Oranguru\n|\n|-weather|RainDance|[upkeep]\n|upkeep\n|\n|t:|1776186446\n|switch|p1a: Araquanid|Araquanid, L50, F|100/100\n|switch|p2a: Garchomp|Garchomp, L50, F|100/100\n|turn|3\n|\n|t:|1776186461\n|move|p1b: Drampa|Protect|p1b: Drampa\n|-singleturn|p1b: Drampa|Protect\n|move|p1a: Araquanid|Surf|p2a: Garchomp|[spread] p2a,p2b\n|-activate|p1b: Drampa|move: Protect\n|-supereffective|p2b: Incineroar|1\n|-damage|p2a: Garchomp|10/100\n|-damage|p2b: Incineroar|0 fnt\n|faint|p2b: Incineroar\n|move|p2a: Garchomp|Dragon Claw|p1b: Drampa\n|-activate|p1b: Drampa|move: Protect\n|\n|-weather|RainDance|[upkeep]\n|upkeep\n|\n|t:|1776186472\n|switch|p2b: Rotom|Rotom-Wash, L50|100/100\n|turn|4\n|\n|t:|1776186479\n|move|p1b: Drampa|Calm Mind|p1b: Drampa\n|-boost|p1b: Drampa|spa|1\n|-boost|p1b: Drampa|spd|1\n|move|p1a: Araquanid|Surf|p2b: Rotom|[spread] p1b,p2a,p2b\n|-resisted|p1b: Drampa|1\n|-resisted|p2b: Rotom|1\n|-damage|p1b: Drampa|77/100\n|-damage|p2a: Garchomp|0 fnt\n|-damage|p2b: Rotom|48/100\n|faint|p2a: Garchomp\n|move|p2b: Rotom|Thunderbolt|p1a: Araquanid\n|-supereffective|p1a: Araquanid|1\n|-damage|p1a: Araquanid|9/100\n|\n|-weather|RainDance|[upkeep]\n|upkeep\n|turn|5\n|\n|t:|1776186494\n|move|p1b: Drampa|Hyper Voice|p2b: Rotom\n|-damage|p2b: Rotom|0 fnt\n|faint|p2b: Rotom\n|\n|win|souobrubo\n|raw|souobrubo's rating: 1201 &rarr; <strong>1226</strong><br />(+25 for winning)\n|raw|Kimiwombat's rating: 1206 &rarr; <strong>1181</strong><br />(-25 for losing)\n|l|\u2606souobrubo\n|player|p1|\n",
  "uploadtime": 1776186502,
  "views": 26,
  "formatid": "gen9championsvgc2026regma",
  "rating": 1181,
  "private": 0,
  "password": null
}