{
  "id": "gen9championsvgc2026regma-2581295027",
  "format": "[Gen 9 Champions] VGC 2026 Reg M-A",
  "players": [
    "fusesrt",
    "daedae007"
  ],
  "log": "|j|\u2606fusesrt\n|j|\u2606daedae007\n|t:|1775982695\n|gametype|doubles\n|player|p1|fusesrt|266|1275\n|player|p2|daedae007|1|1327\n|gen|9\n|tier|[Gen 9 Champions] VGC 2026 Reg M-A\n|rated|\n|rule|Species Clause: Limit one of each Pok\u00e9mon\n|rule|Item Clause: Limit 1 of each item\n|clearpoke\n|poke|p1|Kingambit, L50, M|\n|poke|p1|Froslass, L50, F|\n|poke|p1|Glimmora, L50, M|\n|poke|p1|Sinistcha-Masterpiece, L50|\n|poke|p1|Garchomp, L50, M|\n|poke|p1|Rotom-Frost, L50|\n|poke|p2|Greninja-*, L50, M|\n|poke|p2|Kingambit, L50, M|\n|poke|p2|Kommo-o, L50, M|\n|poke|p2|Sinistcha-Masterpiece, L50|\n|poke|p2|Incineroar, L50, F|\n|poke|p2|Aerodactyl, L50, F|\n|teampreview|4\n|inactive|Battle timer is ON: inactive players will automatically lose when time's up. (requested by fusesrt)\n|j| majayong03\n|l| majayong03\n|j| gE1xjZRtuhW2DdT0AK\n|inactive|daedae007 has 60 seconds left.\n|\n|t:|1775982741\n|teamsize|p1|4\n|teamsize|p2|4\n|start\n|switch|p1a: Glimmora|Glimmora, L50, M|100/100\n|switch|p1b: Kingambit|Kingambit, L50, M|100/100\n|switch|p2a: Greninja|Greninja, L50, M|100/100\n|switch|p2b: Incineroar|Incineroar, L50, F|100/100\n|-ability|p2b: Incineroar|Intimidate|boost\n|-unboost|p1a: Glimmora|atk|1\n|-unboost|p1b: Kingambit|atk|1\n|-ability|p1b: Kingambit|Defiant|boost\n|-boost|p1b: Kingambit|atk|2\n|turn|1\n|\n|t:|1775982759\n|move|p2b: Incineroar|Fake Out|p1b: Kingambit\n|-resisted|p1b: Kingambit|1\n|-damage|p1b: Kingambit|96/100\n|move|p2a: Greninja|Extrasensory|p1a: Glimmora\n|-start|p2a: Greninja|typechange|Psychic|[from] ability: Protean\n|-supereffective|p1a: Glimmora|1\n|-damage|p1a: Glimmora|3/100\n|move|p1a: Glimmora|Stealth Rock|p2b: Incineroar\n|-sidestart|p2: daedae007|move: Stealth Rock\n|cant|p1b: Kingambit|flinch\n|\n|upkeep\n|turn|2\n|inactive|daedae007 has 30 seconds left.\n|inactive|daedae007 has 20 seconds left.\n|\n|t:|1775982796\n|detailschange|p2a: Greninja|Greninja-Mega, L50, M\n|-mega|p2a: Greninja|Greninja|Greninjite\n|move|p1b: Kingambit|Sucker Punch|p2a: Greninja\n|-resisted|p2a: Greninja|1\n|-damage|p2a: Greninja|48/100\n|move|p2a: Greninja|Ice Beam|p1a: Glimmora\n|-start|p2a: Greninja|typechange|Ice|[from] ability: Protean\n|-damage|p1a: Glimmora|0 fnt\n|faint|p1a: Glimmora\n|move|p2b: Incineroar|Flare Blitz|p1b: Kingambit\n|-supereffective|p1b: Kingambit|1\n|-crit|p1b: Kingambit\n|-damage|p1b: Kingambit|0 fnt\n|faint|p1b: Kingambit\n|-damage|p2b: Incineroar|68/100|[from] Recoil\n|\n|upkeep\n|\n|t:|1775982810\n|switch|p1a: Froslass|Froslass, L50, F|100/100\n|switch|p1b: Rotom|Rotom-Frost, L50|100/100\n|turn|3\n|\n|t:|1775982822\n|switch|p2a: Sinistcha|Sinistcha-Masterpiece, L50|100/100\n|-damage|p2a: Sinistcha|88/100|[from] Stealth Rock\n|-heal|p2b: Incineroar|93/100|[from] ability: Hospitality|[of] p2a: Sinistcha\n|detailschange|p1a: Froslass|Froslass-Mega, L50, F\n|-mega|p1a: Froslass|Froslass|Froslassite\n|-weather|Snowscape|[from] ability: Snow Warning|[of] p1a: Froslass\n|move|p1b: Rotom|Blizzard|p2a: Sinistcha|[spread] p2a,p2b\n|-supereffective|p2a: Sinistcha|1\n|-resisted|p2b: Incineroar|1\n|-damage|p2a: Sinistcha|23/100\n|-damage|p2b: Incineroar|75/100\n|-enditem|p2a: Sinistcha|Sitrus Berry|[eat]\n|-heal|p2a: Sinistcha|48/100|[from] item: Sitrus Berry\n|move|p1a: Froslass|Aurora Veil|p1a: Froslass\n|-sidestart|p1: fusesrt|move: Aurora Veil\n|move|p2b: Incineroar|Parting Shot|p1a: Froslass\n|-unboost|p1a: Froslass|atk|1\n|-unboost|p1a: Froslass|spa|1\n|\n|t:|1775982838\n|switch|p2b: Greninja|Greninja-Mega, L50, M|48/100|[from] Parting Shot\n|-damage|p2b: Greninja|36/100|[from] Stealth Rock\n|\n|-weather|Snowscape|[upkeep]\n|upkeep\n|turn|4\n|\n|t:|1775982854\n|move|p2b: Greninja|Hydro Pump|p1a: Froslass\n|-start|p2b: Greninja|typechange|Water|[from] ability: Protean\n|-damage|p1a: Froslass|54/100\n|move|p1b: Rotom|Blizzard|p2a: Sinistcha|[spread] p2a,p2b\n|-supereffective|p2a: Sinistcha|1\n|-resisted|p2b: Greninja|1\n|-damage|p2a: Sinistcha|0 fnt\n|-damage|p2b: Greninja|1/100\n|faint|p2a: Sinistcha\n|move|p1a: Froslass|Blizzard|p2b: Greninja\n|-resisted|p2b: Greninja|1\n|-damage|p2b: Greninja|0 fnt\n|faint|p2b: Greninja\n|\n|-weather|Snowscape|[upkeep]\n|upkeep\n|\n|t:|1775982861\n|switch|p2b: Incineroar|Incineroar, L50, F|75/100\n|switch|p2a: Kommo-o|Kommo-o, L50, M|100/100\n|-damage|p2a: Kommo-o|94/100|[from] Stealth Rock\n|-damage|p2b: Incineroar|50/100|[from] Stealth Rock\n|-ability|p2b: Incineroar|Intimidate|boost\n|-unboost|p1a: Froslass|atk|1\n|-unboost|p1b: Rotom|atk|1\n|turn|5\n|\n|t:|1775982883\n|move|p2b: Incineroar|Fake Out|p1b: Rotom\n|-damage|p1b: Rotom|93/100\n|cant|p1b: Rotom|flinch\n|move|p1a: Froslass|Blizzard|p2a: Kommo-o|[spread] p2a,p2b\n|-supereffective|p2a: Kommo-o|1\n|-resisted|p2b: Incineroar|1\n|-damage|p2a: Kommo-o|35/100\n|-damage|p2b: Incineroar|37/100\n|move|p2a: Kommo-o|Aura Sphere|p1b: Rotom\n|-supereffective|p1b: Rotom|1\n|-damage|p1b: Rotom|30/100\n|\n|-weather|Snowscape|[upkeep]\n|-heal|p2a: Kommo-o|41/100|[from] item: Leftovers\n|upkeep\n|turn|6\n|\n|t:|1775982895\n|move|p2a: Kommo-o|Protect|p2a: Kommo-o\n|-singleturn|p2a: Kommo-o|Protect\n|move|p1b: Rotom|Blizzard|p2a: Kommo-o|[spread] p2b\n|-activate|p2a: Kommo-o|move: Protect\n|-resisted|p2b: Incineroar|1\n|-damage|p2b: Incineroar|21/100\n|move|p1a: Froslass|Blizzard|p2a: Kommo-o|[spread] p2b\n|-activate|p2a: Kommo-o|move: Protect\n|-resisted|p2b: Incineroar|1\n|-damage|p2b: Incineroar|7/100\n|move|p2b: Incineroar|Flare Blitz|p1b: Rotom\n|-supereffective|p1b: Rotom|1\n|-damage|p1b: Rotom|0 fnt\n|faint|p1b: Rotom\n|-damage|p2b: Incineroar|1/100|[from] Recoil\n|\n|-weather|Snowscape|[upkeep]\n|-heal|p2a: Kommo-o|47/100|[from] item: Leftovers\n|upkeep\n|turn|7\n|\n|t:|1775982917\n|move|p2a: Kommo-o|Protect|p2a: Kommo-o\n|-singleturn|p2a: Kommo-o|Protect\n|move|p1a: Froslass|Blizzard|p2a: Kommo-o|[spread] p2b\n|-activate|p2a: Kommo-o|move: Protect\n|-resisted|p2b: Incineroar|1\n|-damage|p2b: Incineroar|0 fnt\n|faint|p2b: Incineroar\n|\n|-weather|none\n|-heal|p2a: Kommo-o|53/100|[from] item: Leftovers\n|-sideend|p1: fusesrt|move: Aurora Veil\n|upkeep\n|turn|8\n|\n|t:|1775982921\n|move|p1a: Froslass|Blizzard|p2a: Kommo-o\n|-supereffective|p2a: Kommo-o|1\n|-damage|p2a: Kommo-o|0 fnt\n|faint|p2a: Kommo-o\n|\n|win|fusesrt\n|raw|fusesrt's rating: 1275 &rarr; <strong>1304</strong><br />(+29 for winning)\n|raw|daedae007's rating: 1327 &rarr; <strong>1304</strong><br />(-23 for losing)\n|l|\u2606daedae007\n|player|p2|\n|l|\u2606fusesrt\n|player|p1|\n",
  "uploadtime": 1775982948,
  "views": 34,
  "formatid": "gen9championsvgc2026regma",
  "rating": 1304,
  "private": 0,
  "password": null
}