{
  "id": "gen9championsvgc2026regma-2585947446",
  "format": "[Gen 9 Champions] VGC 2026 Reg M-A",
  "players": [
    "Slim523",
    "boysenorange"
  ],
  "log": "|j|\u2606Slim523\n|j|\u2606boysenorange\n|t:|1776384073\n|gametype|doubles\n|player|p1|Slim523|169|1192\n|player|p2|boysenorange|turo|1238\n|gen|9\n|tier|[Gen 9 Champions] VGC 2026 Reg M-A\n|rated|\n|rule|Species Clause: Limit one of each Pok\u00e9mon\n|rule|Item Clause: Limit 1 of each item\n|clearpoke\n|poke|p1|Charizard, L50, F|\n|poke|p1|Venusaur, L50, F|\n|poke|p1|Incineroar, L50, F|\n|poke|p1|Gardevoir, L50, M|\n|poke|p1|Garchomp, L50, M|\n|poke|p1|Milotic, L50, M|\n|poke|p2|Farigiraf, L50, M|\n|poke|p2|Gardevoir, L50, M|\n|poke|p2|Kangaskhan, L50, F|\n|poke|p2|Camerupt, L50, F|\n|poke|p2|Conkeldurr, L50, F|\n|poke|p2|Tinkaton, L50, F|\n|teampreview|4\n|\n|t:|1776384103\n|teamsize|p1|4\n|teamsize|p2|4\n|start\n|switch|p1a: Charizard|Charizard, L50, F|100/100\n|switch|p1b: Gardevoir|Gardevoir, L50, M|100/100\n|switch|p2a: Kangaskhan|Kangaskhan, L50, F|100/100\n|switch|p2b: Gardevoir|Gardevoir, L50, M|100/100\n|-ability|p1b: Gardevoir|Telepathy|Trace|[from] ability: Trace|[of] p2b: Gardevoir\n|turn|1\n|\n|t:|1776384118\n|detailschange|p1a: Charizard|Charizard-Mega-Y, L50, F\n|-mega|p1a: Charizard|Charizard|Charizardite Y\n|-weather|SunnyDay|[from] ability: Drought|[of] p1a: Charizard\n|move|p1a: Charizard|Protect|p1a: Charizard\n|-singleturn|p1a: Charizard|Protect\n|move|p2a: Kangaskhan|Fake Out|p1a: Charizard\n|-activate|p1a: Charizard|move: Protect\n|move|p1b: Gardevoir|Moonblast|p2a: Kangaskhan\n|-damage|p2a: Kangaskhan|50/100\n|move|p2b: Gardevoir|Trick Room|p2b: Gardevoir\n|-fieldstart|move: Trick Room|[of] p2b: Gardevoir\n|\n|-weather|SunnyDay|[upkeep]\n|upkeep\n|turn|2\n|\n|t:|1776384136\n|switch|p1a: Milotic|Milotic, L50, M|100/100\n|move|p2b: Gardevoir|Calm Mind|p2b: Gardevoir\n|-boost|p2b: Gardevoir|spa|1\n|-boost|p2b: Gardevoir|spd|1\n|move|p2a: Kangaskhan|Last Resort|p1a: Milotic\n|-damage|p1a: Milotic|30/100\n|-enditem|p1a: Milotic|Sitrus Berry|[eat]\n|-heal|p1a: Milotic|55/100|[from] item: Sitrus Berry\n|move|p1b: Gardevoir|Moonblast|p2a: Kangaskhan\n|-damage|p2a: Kangaskhan|0 fnt\n|faint|p2a: Kangaskhan\n|\n|-weather|SunnyDay|[upkeep]\n|upkeep\n|\n|t:|1776384153\n|switch|p2a: Conkeldurr|Conkeldurr, L50, F|100/100\n|turn|3\n|\n|t:|1776384176\n|detailschange|p2b: Gardevoir|Gardevoir-Mega, L50, M\n|-mega|p2b: Gardevoir|Gardevoir|Gardevoirite\n|move|p1a: Milotic|Protect|p1a: Milotic\n|-singleturn|p1a: Milotic|Protect\n|move|p2a: Conkeldurr|Thunder Punch|p1a: Milotic\n|-activate|p1a: Milotic|move: Protect\n|move|p2b: Gardevoir|Hyper Voice|p1b: Gardevoir|[spread] p1b\n|-activate|p1a: Milotic|move: Protect\n|-damage|p1b: Gardevoir|10/100\n|move|p1b: Gardevoir|Moonblast|p2a: Conkeldurr\n|-supereffective|p2a: Conkeldurr|1\n|-damage|p2a: Conkeldurr|0 fnt\n|faint|p2a: Conkeldurr\n|\n|-weather|SunnyDay|[upkeep]\n|upkeep\n|\n|t:|1776384189\n|switch|p2a: Farigiraf|Farigiraf, L50, M|100/100\n|turn|4\n|\n|t:|1776384202\n|move|p2a: Farigiraf|Hyper Voice|p1b: Gardevoir|[spread] p1a,p1b\n|-damage|p1a: Milotic|37/100\n|-damage|p1b: Gardevoir|0 fnt\n|faint|p1b: Gardevoir\n|move|p1a: Milotic|Scald|p2a: Farigiraf\n|-damage|p2a: Farigiraf|87/100\n|move|p2b: Gardevoir|Hyper Voice|p1a: Milotic\n|-damage|p1a: Milotic|0 fnt\n|faint|p1a: Milotic\n|\n|-weather|SunnyDay|[upkeep]\n|upkeep\n|\n|t:|1776384206\n|switch|p1a: Charizard|Charizard-Mega-Y, L50, F|100/100\n|switch|p1b: Venusaur|Venusaur, L50, F|100/100\n|turn|5\n|\n|t:|1776384217\n|move|p1a: Charizard|Protect|p1a: Charizard\n|-singleturn|p1a: Charizard|Protect\n|move|p2a: Farigiraf|Psychic|p1b: Venusaur\n|-supereffective|p1b: Venusaur|1\n|-damage|p1b: Venusaur|4/100\n|move|p2b: Gardevoir|Psychic|p1a: Charizard\n|-activate|p1a: Charizard|move: Protect\n|move|p1b: Venusaur|Sleep Powder|p2b: Gardevoir|[miss]\n|-miss|p1b: Venusaur|p2b: Gardevoir\n|\n|-weather|none\n|-fieldend|move: Trick Room\n|upkeep\n|turn|6\n|\n|t:|1776384233\n|move|p1a: Charizard|Heat Wave|p2b: Gardevoir|[spread] p2a,p2b\n|-damage|p2a: Farigiraf|53/100\n|-damage|p2b: Gardevoir|79/100\n|move|p1b: Venusaur|Sleep Powder|p2b: Gardevoir\n|-status|p2b: Gardevoir|slp|[from] move: Sleep Powder\n|cant|p2b: Gardevoir|slp\n|move|p2a: Farigiraf|Trick Room|p2a: Farigiraf\n|-fieldstart|move: Trick Room|[of] p2a: Farigiraf\n|\n|upkeep\n|turn|7\n|\n|t:|1776384246\n|move|p2a: Farigiraf|Hyper Voice|p1a: Charizard|[spread] p1a,p1b\n|-damage|p1a: Charizard|75/100\n|-damage|p1b: Venusaur|0 fnt\n|faint|p1b: Venusaur\n|cant|p2b: Gardevoir|slp\n|move|p1a: Charizard|Heat Wave|p2a: Farigiraf|[spread] p2a,p2b\n|-damage|p2a: Farigiraf|18/100\n|-damage|p2b: Gardevoir|57/100 slp\n|-status|p2a: Farigiraf|brn\n|\n|-damage|p2a: Farigiraf|12/100 brn|[from] brn\n|upkeep\n|turn|8\n|\n|t:|1776384255\n|move|p2a: Farigiraf|Psychic|p1a: Charizard\n|-damage|p1a: Charizard|31/100\n|-curestatus|p2b: Gardevoir|slp|[msg]\n|move|p2b: Gardevoir|Psychic|p1a: Charizard\n|-damage|p1a: Charizard|0 fnt\n|faint|p1a: Charizard\n|\n|win|boysenorange\n|raw|Slim523's rating: 1192 &rarr; <strong>1170</strong><br />(-22 for losing)\n|raw|boysenorange's rating: 1238 &rarr; <strong>1260</strong><br />(+22 for winning)\n",
  "uploadtime": 1776384262,
  "views": 17,
  "formatid": "gen9championsvgc2026regma",
  "rating": 1170,
  "private": 0,
  "password": null
}