{
  "id": "gen9championsvgc2026regma-2586648814",
  "format": "[Gen 9 Champions] VGC 2026 Reg M-A",
  "players": [
    "Tosshii",
    "BlackH67"
  ],
  "log": "|j|\u2606Tosshii\n|j|\u2606BlackH67\n|t:|1776449327\n|gametype|doubles\n|player|p1|Tosshii|proton|1000\n|player|p2|BlackH67|cynthia|1000\n|gen|9\n|tier|[Gen 9 Champions] VGC 2026 Reg M-A\n|rated|\n|rule|Species Clause: Limit one of each Pok\u00e9mon\n|rule|Item Clause: Limit 1 of each item\n|clearpoke\n|poke|p1|Tyranitar, L50, M|\n|poke|p1|Meganium, L50, F|\n|poke|p1|Basculegion, L50, M|\n|poke|p1|Garchomp, L50, M|\n|poke|p1|Sneasler, L50, M|\n|poke|p1|Aerodactyl, L50, M|\n|poke|p2|Beedrill, L50, M|\n|poke|p2|Arcanine, L50, F|\n|poke|p2|Venusaur, L50, F|\n|poke|p2|Incineroar, L50, M|\n|poke|p2|Talonflame, L50, F|\n|poke|p2|Leafeon, L50, M|\n|teampreview|4\nBlackH67 has agreed to open team sheets.\n|\n|t:|1776449374\n|teamsize|p1|4\n|teamsize|p2|4\n|start\n|switch|p1a: Basculegion|Basculegion, L50, M|100/100\n|switch|p1b: Sneasler|Sneasler, L50, M|100/100\n|switch|p2a: Arcanine|Arcanine, L50, F|100/100\n|switch|p2b: Leafeon|Leafeon, L50, M|100/100\n|-ability|p2a: Arcanine|Intimidate|boost\n|-unboost|p1a: Basculegion|atk|1\n|-unboost|p1b: Sneasler|atk|1\n|-enditem|p1b: Sneasler|White Herb\n|-clearnegativeboost|p1b: Sneasler|[silent]\n|turn|1\n|\n|t:|1776449405\n|move|p1b: Sneasler|Fake Out|p2b: Leafeon\n|-damage|p2b: Leafeon|85/100\n|move|p1a: Basculegion|Flip Turn|p2a: Arcanine\n|-supereffective|p2a: Arcanine|1\n|-damage|p2a: Arcanine|52/100\n|\n|t:|1776449417\n|switch|p1a: Tyranitar|Tyranitar, L50, M|100/100|[from] Flip Turn\n|-weather|Sandstorm|[from] ability: Sand Stream|[of] p1a: Tyranitar\n|cant|p2b: Leafeon|flinch\n|move|p2a: Arcanine|Sunny Day|p2a: Arcanine\n|-weather|SunnyDay\n|\n|-weather|SunnyDay|[upkeep]\n|upkeep\n|turn|2\n|\n|t:|1776449443\n|move|p1b: Sneasler|Dire Claw|p2b: Leafeon\n|-supereffective|p2b: Leafeon|1\n|-damage|p2b: Leafeon|0 fnt\n|faint|p2b: Leafeon\n|move|p1a: Tyranitar|Rock Slide|p2a: Arcanine\n|-supereffective|p2a: Arcanine|1\n|-damage|p2a: Arcanine|0 fnt\n|faint|p2a: Arcanine\n|\n|-weather|SunnyDay|[upkeep]\n|upkeep\n|\n|t:|1776449454\n|switch|p2b: Incineroar|Incineroar, L50, M, shiny|100/100\n|switch|p2a: Beedrill|Beedrill, L50, M, shiny|100/100\n|-ability|p2b: Incineroar|Intimidate|boost\n|-unboost|p1a: Tyranitar|atk|1\n|-unboost|p1b: Sneasler|atk|1\n|turn|3\n|\n|t:|1776449471\n|detailschange|p2a: Beedrill|Beedrill-Mega, L50, M, shiny\n|-mega|p2a: Beedrill|Beedrill|Beedrillite\n|move|p1b: Sneasler|Protect|p1b: Sneasler\n|-singleturn|p1b: Sneasler|Protect\n|move|p2a: Beedrill|U-turn|p1a: Tyranitar\n|-supereffective|p1a: Tyranitar|1\n|-damage|p1a: Tyranitar|9/100\n|move|p1a: Tyranitar|Rock Slide|p2b: Incineroar|[spread] p2a,p2b\n|-supereffective|p2a: Beedrill|1\n|-supereffective|p2b: Incineroar|1\n|-damage|p2a: Beedrill|10/100\n|-damage|p2b: Incineroar|65/100\n|move|p2b: Incineroar|Parting Shot|p1b: Sneasler\n|-activate|p1b: Sneasler|move: Protect\n|\n|-weather|SunnyDay|[upkeep]\n|-heal|p2b: Incineroar|71/100|[from] item: Leftovers\n|upkeep\n|turn|4\n|\n|t:|1776449499\n|switch|p1a: Basculegion|Basculegion, L50, M|100/100\n|move|p1b: Sneasler|Close Combat|p2a: Beedrill\n|-resisted|p2a: Beedrill|2\n|-damage|p2a: Beedrill|0 fnt\n|-unboost|p1b: Sneasler|def|1\n|-unboost|p1b: Sneasler|spd|1\n|faint|p2a: Beedrill\n|move|p2b: Incineroar|Bulk Up|p2b: Incineroar\n|-boost|p2b: Incineroar|atk|1\n|-boost|p2b: Incineroar|def|1\n|\n|-weather|SunnyDay|[upkeep]\n|-heal|p2b: Incineroar|77/100|[from] item: Leftovers\n|upkeep\n|turn|5\n|-message|BlackH67 forfeited.\n|\n|win|Tosshii\n|raw|Tosshii's rating: 1000 &rarr; <strong>1040</strong><br />(+40 for winning)\n|raw|BlackH67's rating: 1000 &rarr; <strong>1000</strong><br />(+0 for losing)\n|l|\u2606BlackH67\n|player|p2|\n",
  "uploadtime": 1776449515,
  "views": 27,
  "formatid": "gen9championsvgc2026regma",
  "rating": 1000,
  "private": 0,
  "password": null
}