{
  "id": "gen9championsvgc2026regma-2585952059",
  "format": "[Gen 9 Champions] VGC 2026 Reg M-A",
  "players": [
    "complexityjay",
    "regitron 21"
  ],
  "log": "|j|\u2606complexityjay\n|j|\u2606regitron 21\n|t:|1776384513\n|gametype|doubles\n|player|p1|complexityjay|red|1051\n|player|p2|regitron 21|n|1049\n|gen|9\n|tier|[Gen 9 Champions] VGC 2026 Reg M-A\n|rated|\n|rule|Species Clause: Limit one of each Pok\u00e9mon\n|rule|Item Clause: Limit 1 of each item\n|clearpoke\n|poke|p1|Abomasnow, L50, M|\n|poke|p1|Mimikyu, L50, F|\n|poke|p1|Aggron, L50, F|\n|poke|p1|Clefable, L50, F|\n|poke|p1|Beartic, L50, F|\n|poke|p1|Incineroar, L50, M|\n|poke|p2|Blastoise, L50, M|\n|poke|p2|Sinistcha, L50|\n|poke|p2|Scizor, L50, F|\n|poke|p2|Pelipper, L50, M|\n|poke|p2|Basculegion, L50, M|\n|poke|p2|Incineroar, L50, F|\n|teampreview|4\n|c|\u2606regitron 21|hey good luck bud\n|c|\u2606regitron 21|pretty cool team\nregitron 21 has agreed to open team sheets.\n|\n|t:|1776384558\n|teamsize|p1|4\n|teamsize|p2|4\n|start\n|switch|p1a: Mimikyu|Mimikyu, L50, F|100/100\n|switch|p1b: Incineroar|Incineroar, L50, M|100/100\n|switch|p2a: Scizor|Scizor, L50, F|100/100\n|switch|p2b: Incineroar|Incineroar, L50, F|100/100\n|-ability|p2b: Incineroar|Intimidate|boost\n|-unboost|p1a: Mimikyu|atk|1\n|-unboost|p1b: Incineroar|atk|1\n|-ability|p1b: Incineroar|Intimidate|boost\n|-unboost|p2a: Scizor|atk|1\n|-unboost|p2b: Incineroar|atk|1\n|turn|1\n|\n|t:|1776384582\n|switch|p2a: Pelipper|Pelipper, L50, M|100/100\n|-weather|RainDance|[from] ability: Drizzle|[of] p2a: Pelipper\n|move|p1b: Incineroar|Fake Out|p2a: Pelipper\n|-damage|p2a: Pelipper|91/100\n|move|p2b: Incineroar|Parting Shot|p1b: Incineroar\n|-unboost|p1b: Incineroar|atk|1\n|-unboost|p1b: Incineroar|spa|1\n|\n|t:|1776384591\n|switch|p2b: Scizor|Scizor, L50, F|100/100|[from] Parting Shot\n|move|p1a: Mimikyu|Trick Room|p1a: Mimikyu\n|-fieldstart|move: Trick Room|[of] p1a: Mimikyu\n|\n|-weather|RainDance|[upkeep]\n|upkeep\n|turn|2\n|\n|t:|1776384620\n|switch|p1a: Aggron|Aggron, L50, F|100/100\n|move|p1b: Incineroar|Fire Blast|p2b: Scizor\n|-supereffective|p2b: Scizor|2\n|-damage|p2b: Scizor|27/100\n|move|p2b: Scizor|Swords Dance|p2b: Scizor\n|-boost|p2b: Scizor|atk|2\n|move|p2a: Pelipper|Weather Ball|p1b: Incineroar\n|-supereffective|p1b: Incineroar|1\n|-damage|p1b: Incineroar|0 fnt\n|faint|p1b: Incineroar\n|\n|-weather|RainDance|[upkeep]\n|upkeep\n|\n|t:|1776384631\n|switch|p1b: Clefable|Clefable, L50, F|100/100\n|turn|3\n|\n|t:|1776384655\n|detailschange|p1a: Aggron|Aggron-Mega, L50, F\n|-mega|p1a: Aggron|Aggron|Aggronite\n|move|p1b: Clefable|Helping Hand|p1a: Aggron\n|-singleturn|p1a: Aggron|Helping Hand|[of] p1b: Clefable\n|move|p2b: Scizor|Bullet Punch|p1b: Clefable\n|-supereffective|p1b: Clefable|1\n|-enditem|p1b: Clefable|Focus Sash\n|-damage|p1b: Clefable|1/100\n|move|p1a: Aggron|Ancient Power|p2a: Pelipper\n|-supereffective|p2a: Pelipper|1\n|-damage|p2a: Pelipper|43/100\n|move|p2a: Pelipper|Weather Ball|p1a: Aggron\n|-damage|p1a: Aggron|25/100\n|\n|-weather|RainDance|[upkeep]\n|upkeep\n|turn|4\n|\n|t:|1776384681\n|detailschange|p2b: Scizor|Scizor-Mega, L50, F\n|-mega|p2b: Scizor|Scizor|Scizorite\n|move|p2a: Pelipper|Protect|p2a: Pelipper\n|-singleturn|p2a: Pelipper|Protect\n|move|p2b: Scizor|Bullet Punch|p1a: Aggron\n|-resisted|p1a: Aggron|1\n|-damage|p1a: Aggron|5/100\n|move|p1a: Aggron|Ancient Power|p2a: Pelipper\n|-activate|p2a: Pelipper|move: Protect\n|move|p1b: Clefable|Calm Mind|p1b: Clefable\n|-boost|p1b: Clefable|spa|1\n|-boost|p1b: Clefable|spd|1\n|\n|-weather|RainDance|[upkeep]\n|upkeep\n|turn|5\n|\n|t:|1776384717\n|move|p2b: Scizor|Bullet Punch|p1a: Aggron\n|-resisted|p1a: Aggron|1\n|-damage|p1a: Aggron|0 fnt\n|faint|p1a: Aggron\n|move|p1b: Clefable|Baton Pass|p1b: Clefable\n|\n|t:|1776384720\n|switch|p1b: Mimikyu|Mimikyu, L50, F|100/100|[from] Baton Pass\n|move|p2a: Pelipper|Weather Ball|p1b: Mimikyu\n|-activate|p1b: Mimikyu|ability: Disguise\n|-damage|p1b: Mimikyu|100/100\n|detailschange|p1b: Mimikyu|Mimikyu-Busted, L50, F\n|-damage|p1b: Mimikyu|88/100|[from] pokemon: Mimikyu-Busted\n|\n|-weather|none\n|-fieldend|move: Trick Room\n|upkeep\n|\n|t:|1776384722\n|switch|p1a: Clefable|Clefable, L50, F|1/100\n|turn|6\n|\n|t:|1776384742\n|switch|p2a: Incineroar|Incineroar, L50, F|100/100\n|-ability|p2a: Incineroar|Intimidate|boost\n|-unboost|p1a: Clefable|atk|1\n|-unboost|p1b: Mimikyu|atk|1\n|move|p1a: Clefable|Helping Hand|p1b: Mimikyu\n|-singleturn|p1b: Mimikyu|Helping Hand|[of] p1a: Clefable\n|move|p2b: Scizor|Bullet Punch|p1b: Mimikyu\n|-supereffective|p1b: Mimikyu|1\n|-damage|p1b: Mimikyu|0 fnt\n|faint|p1b: Mimikyu\n|\n|upkeep\n|turn|7\n|\n|t:|1776384753\n|move|p2a: Incineroar|Fake Out|p1a: Clefable\n|-damage|p1a: Clefable|0 fnt\n|faint|p1a: Clefable\n|\n|win|regitron 21\n|raw|complexityjay's rating: 1051 &rarr; <strong>1033</strong><br />(-18 for losing)\n|raw|regitron 21's rating: 1049 &rarr; <strong>1082</strong><br />(+33 for winning)\n|c|\u2606regitron 21|gg\n|c|\u2606regitron 21|nice team bud\n",
  "uploadtime": 1776384762,
  "views": 17,
  "formatid": "gen9championsvgc2026regma",
  "rating": 1033,
  "private": 0,
  "password": null
}