{
  "id": "gen9championsvgc2026regma-2580332457",
  "format": "[Gen 9 Champions] VGC 2026 Reg M-A",
  "players": [
    "GirlriG",
    "is_katabo"
  ],
  "log": "|j|\u2606GirlriG\n|j|\u2606is_katabo\n|t:|1775881553\n|gametype|doubles\n|player|p1|GirlriG|swimmerf-gen4dp|1078\n|player|p2|is_katabo|caitlin|1074\n|gen|9\n|tier|[Gen 9 Champions] VGC 2026 Reg M-A\n|rated|\n|rule|Species Clause: Limit one of each Pok\u00e9mon\n|rule|Item Clause: Limit 1 of each item\n|clearpoke\n|poke|p1|Gengar, L50, M|\n|poke|p1|Incineroar, L50, M|\n|poke|p1|Kommo-o, L50, M|\n|poke|p1|Altaria, L50, M|\n|poke|p1|Morpeko, L50, M|\n|poke|p1|Blastoise, L50, M|\n|poke|p2|Floette-Eternal, L50, F|\n|poke|p2|Incineroar, L50, F|\n|poke|p2|Sinistcha, L50|\n|poke|p2|Garchomp, L50, M|\n|poke|p2|Milotic, L50, F|\n|poke|p2|Sneasler, L50, M|\n|teampreview|4\n|inactive|Battle timer is ON: inactive players will automatically lose when time's up. (requested by GirlriG)\nGirlriG rejected open team sheets.\n|inactive|is_katabo has 60 seconds left.\n|\n|t:|1775881586\n|teamsize|p1|4\n|teamsize|p2|4\n|start\n|switch|p1a: Gengar|Gengar, L50, M, shiny|100/100\n|switch|p1b: Incineroar|Incineroar, L50, M, shiny|100/100\n|switch|p2a: Incineroar|Incineroar, L50, F|100/100\n|switch|p2b: Milotic|Milotic, L50, F|100/100\n|-ability|p2a: Incineroar|Intimidate|boost\n|-unboost|p1a: Gengar|atk|1\n|-unboost|p1b: Incineroar|atk|1\n|-ability|p1b: Incineroar|Intimidate|boost\n|-unboost|p2a: Incineroar|atk|1\n|-unboost|p2b: Milotic|atk|1\n|-ability|p2b: Milotic|Competitive|boost\n|-boost|p2b: Milotic|spa|2\n|turn|1\n|inactive|GirlriG has 30 seconds left.\n|\n|t:|1775881615\n|detailschange|p1a: Gengar|Gengar-Mega, L50, M, shiny\n|-mega|p1a: Gengar|Gengar|Gengarite\n|move|p1b: Incineroar|Fake Out|p2b: Milotic\n|-damage|p2b: Milotic|93/100\n|move|p1a: Gengar|Perish Song|p1a: Gengar\n|-start|p1a: Gengar|perish3|[silent]\n|-start|p1b: Incineroar|perish3|[silent]\n|-start|p2a: Incineroar|perish3|[silent]\n|-start|p2b: Milotic|perish3|[silent]\n|-fieldactivate|move: Perish Song\n|cant|p2b: Milotic|flinch\n|move|p2a: Incineroar|Parting Shot|p1b: Incineroar\n|-unboost|p1b: Incineroar|atk|1\n|-unboost|p1b: Incineroar|spa|1\n|\n|t:|1775881624\n|switch|p2a: Garchomp|Garchomp, L50, M|100/100|[from] Parting Shot\n|\n|-heal|p2b: Milotic|99/100|[from] item: Leftovers\n|-start|p1a: Gengar|perish3\n|-start|p2b: Milotic|perish3\n|-start|p1b: Incineroar|perish3\n|upkeep\n|turn|2\n|\n|t:|1775881638\n|move|p1a: Gengar|Protect|p1a: Gengar\n|-singleturn|p1a: Gengar|Protect\n|move|p1b: Incineroar|Protect|p1b: Incineroar\n|-singleturn|p1b: Incineroar|Protect\n|move|p2a: Garchomp|Stomping Tantrum|p1a: Gengar\n|-activate|p1a: Gengar|move: Protect\n|move|p2b: Milotic|Scald|p1b: Incineroar\n|-activate|p1b: Incineroar|move: Protect\n|\n|-heal|p2b: Milotic|100/100|[from] item: Leftovers\n|-start|p1a: Gengar|perish2\n|-start|p2b: Milotic|perish2\n|-start|p1b: Incineroar|perish2\n|upkeep\n|turn|3\n|\n|t:|1775881662\n|switch|p1a: Kommo-o|Kommo-o, L50, M, shiny|100/100\n|move|p2a: Garchomp|Stomping Tantrum|p1a: Kommo-o\n|-damage|p1a: Kommo-o|72/100\n|move|p2b: Milotic|Scald|p1a: Kommo-o\n|-resisted|p1a: Kommo-o|1\n|-damage|p1a: Kommo-o|43/100\n|move|p1b: Incineroar|Parting Shot|p2a: Garchomp\n|-unboost|p2a: Garchomp|atk|1\n|-unboost|p2a: Garchomp|spa|1\n|\n|t:|1775881674\n|switch|p1b: Gengar|Gengar-Mega, L50, M, shiny|100/100|[from] Parting Shot\n|\n|-start|p2b: Milotic|perish1\n|upkeep\n|turn|4\n|\n|t:|1775881685\n|move|p1b: Gengar|Protect|p1b: Gengar\n|-singleturn|p1b: Gengar|Protect\n|move|p1a: Kommo-o|Protect|p1a: Kommo-o\n|-singleturn|p1a: Kommo-o|Protect\n|move|p2a: Garchomp|Stomping Tantrum|p1a: Kommo-o\n|-activate|p1a: Kommo-o|move: Protect\n|move|p2b: Milotic|Ice Beam|p1a: Kommo-o\n|-activate|p1a: Kommo-o|move: Protect\n|\n|-start|p2b: Milotic|perish0\n|faint|p2b: Milotic\n|upkeep\n|\n|t:|1775881694\n|switch|p2b: Incineroar|Incineroar, L50, F|100/100\n|-ability|p2b: Incineroar|Intimidate|boost\n|-unboost|p1a: Kommo-o|atk|1\n|-unboost|p1b: Gengar|atk|1\n|turn|5\n|\n|t:|1775881707\n|move|p2a: Garchomp|Stomping Tantrum|p1b: Gengar\n|-supereffective|p1b: Gengar|1\n|-damage|p1b: Gengar|32/100\n|move|p1b: Gengar|Perish Song|p1b: Gengar\n|-start|p1a: Kommo-o|perish3|[silent]\n|-start|p1b: Gengar|perish3|[silent]\n|-start|p2a: Garchomp|perish3|[silent]\n|-start|p2b: Incineroar|perish3|[silent]\n|-fieldactivate|move: Perish Song\n|move|p1a: Kommo-o|Body Press|p2b: Incineroar\n|-supereffective|p2b: Incineroar|1\n|-damage|p2b: Incineroar|26/100\n|move|p2b: Incineroar|Throat Chop|p1b: Gengar\n|-supereffective|p1b: Gengar|1\n|-damage|p1b: Gengar|0 fnt\n|faint|p1b: Gengar\n|\n|-start|p2a: Garchomp|perish3\n|-start|p1a: Kommo-o|perish3\n|-start|p2b: Incineroar|perish3\n|upkeep\n|\n|t:|1775881723\n|switch|p1b: Incineroar|Incineroar, L50, M, shiny|100/100\n|-ability|p1b: Incineroar|Intimidate|boost\n|-unboost|p2a: Garchomp|atk|1\n|-unboost|p2b: Incineroar|atk|1\n|turn|6\n|\n|t:|1775881735\n|switch|p2b: Sinistcha|Sinistcha, L50|100/100\n|move|p1b: Incineroar|Fake Out|p2a: Garchomp\n|-damage|p2a: Garchomp|90/100\n|-damage|p1b: Incineroar|88/100|[from] ability: Rough Skin|[of] p2a: Garchomp\n|cant|p2a: Garchomp|flinch\n|move|p1a: Kommo-o|Body Press|p2b: Sinistcha\n|-immune|p2b: Sinistcha\n|\n|-start|p2a: Garchomp|perish2\n|-start|p1a: Kommo-o|perish2\n|upkeep\n|turn|7\n|\n|t:|1775881758\n|move|p2a: Garchomp|Stomping Tantrum|p1a: Kommo-o\n|-damage|p1a: Kommo-o|15/100\n|move|p1a: Kommo-o|Body Press|p2a: Garchomp\n|-damage|p2a: Garchomp|43/100\n|-damage|p1a: Kommo-o|3/100|[from] ability: Rough Skin|[of] p2a: Garchomp\n|move|p2b: Sinistcha|Matcha Gotcha|p1b: Incineroar|[spread] p1a,p1b\n|-resisted|p1a: Kommo-o|1\n|-resisted|p1b: Incineroar|1\n|-damage|p1a: Kommo-o|0 fnt\n|-damage|p1b: Incineroar|79/100\n|faint|p1a: Kommo-o\n|move|p1b: Incineroar|Throat Chop|p2b: Sinistcha\n|-supereffective|p2b: Sinistcha|1\n|-damage|p2b: Sinistcha|49/100\n|-start|p2b: Sinistcha|Throat Chop|[silent]\n|-enditem|p2b: Sinistcha|Sitrus Berry|[eat]\n|-heal|p2b: Sinistcha|74/100|[from] item: Sitrus Berry\n|\n|-start|p2a: Garchomp|perish1\n|upkeep\n|-message|GirlriG forfeited.\n|\n|win|is_katabo\n|raw|GirlriG's rating: 1078 &rarr; <strong>1056</strong><br />(-22 for losing)\n|raw|is_katabo's rating: 1074 &rarr; <strong>1103</strong><br />(+29 for winning)\n|l|\u2606GirlriG\n|player|p1|\n",
  "uploadtime": 1775881774,
  "views": 11,
  "formatid": "gen9championsvgc2026regma",
  "rating": 1056,
  "private": 0,
  "password": null
}