{
  "id": "gen9championsvgc2026regma-2583848527",
  "format": "[Gen 9 Champions] VGC 2026 Reg M-A",
  "players": [
    "Vgcproto",
    "It'sJustKen VGC"
  ],
  "log": "|j|\u2606Vgcproto\n|j|\u2606It'sJustKen VGC\n|t:|1776202452\n|gametype|doubles\n|player|p1|Vgcproto|101|1401\n|player|p2|It'sJustKen VGC|2|1380\n|gen|9\n|tier|[Gen 9 Champions] VGC 2026 Reg M-A\n|rated|\n|rule|Species Clause: Limit one of each Pok\u00e9mon\n|rule|Item Clause: Limit 1 of each item\n|clearpoke\n|poke|p1|Tyranitar, L50, F|\n|poke|p1|Excadrill, L50, M|\n|poke|p1|Garchomp, L50, F|\n|poke|p1|Corviknight, L50, M|\n|poke|p1|Pelipper, L50, F|\n|poke|p1|Basculegion, L50, M|\n|poke|p2|Floette-Eternal, L50, F|\n|poke|p2|Espathra, L50, F|\n|poke|p2|Incineroar, L50, F|\n|poke|p2|Sneasler, L50, F|\n|poke|p2|Basculegion, L50, M|\n|poke|p2|Kingambit, L50, M|\n|teampreview|4\n|inactive|Battle timer is ON: inactive players will automatically lose when time's up. (requested by It'sJustKen VGC)\n|\n|t:|1776202473\n|teamsize|p1|4\n|teamsize|p2|4\n|start\n|switch|p1a: Pelipper|Pelipper, L50, F|100/100\n|switch|p1b: Basculegion|Basculegion, L50, M|100/100\n|switch|p2a: Die With A Smile|Kingambit, L50, M|100/100\n|switch|p2b: Paparazzi|Incineroar, L50, F|100/100\n|-ability|p2b: Paparazzi|Intimidate|boost\n|-unboost|p1a: Pelipper|atk|1\n|-unboost|p1b: Basculegion|atk|1\n|-weather|RainDance|[from] ability: Drizzle|[of] p1a: Pelipper\n|turn|1\n|inactive|Vgcproto has 30 seconds left.\n|\n|t:|1776202504\n|move|p2b: Paparazzi|Fake Out|p1a: Pelipper\n|-crit|p1a: Pelipper\n|-damage|p1a: Pelipper|87/100\n|move|p1b: Basculegion|Aqua Jet|p2b: Paparazzi\n|-supereffective|p2b: Paparazzi|1\n|-damage|p2b: Paparazzi|67/100\n|move|p2a: Die With A Smile|Sucker Punch||[still]\n|-fail|p2a: Die With A Smile\n|cant|p1a: Pelipper|flinch\n|\n|-weather|RainDance|[upkeep]\n|upkeep\n|turn|2\n|\n|t:|1776202515\n|switch|p1b: Tyranitar|Tyranitar, L50, F|100/100\n|-weather|Sandstorm|[from] ability: Sand Stream|[of] p1b: Tyranitar\n|move|p2b: Paparazzi|Parting Shot|p1a: Pelipper\n|-unboost|p1a: Pelipper|atk|1\n|-unboost|p1a: Pelipper|spa|1\n|\n|t:|1776202523\n|switch|p2b: Shallow|Basculegion, L50, M|100/100|[from] Parting Shot\n|move|p1a: Pelipper|Tailwind|p1a: Pelipper\n|-sidestart|p1: Vgcproto|move: Tailwind\n|move|p2a: Die With A Smile|Kowtow Cleave|p1b: Tyranitar\n|-resisted|p1b: Tyranitar|1\n|-damage|p1b: Tyranitar|77/100\n|\n|-weather|Sandstorm|[upkeep]\n|-damage|p2b: Shallow|94/100|[from] Sandstorm\n|-damage|p1a: Pelipper|81/100|[from] Sandstorm\n|upkeep\n|turn|3\n|\n|t:|1776202540\n|switch|p2b: Paparazzi|Incineroar, L50, F|67/100\n|-ability|p2b: Paparazzi|Intimidate|boost\n|-unboost|p1a: Pelipper|atk|1\n|-unboost|p1b: Tyranitar|atk|1\n|move|p1b: Tyranitar|Protect|p1b: Tyranitar\n|-singleturn|p1b: Tyranitar|Protect\n|move|p2a: Die With A Smile|Protect|p2a: Die With A Smile\n|-singleturn|p2a: Die With A Smile|Protect\n|move|p1a: Pelipper|Weather Ball|p2b: Paparazzi\n|-supereffective|p2b: Paparazzi|1\n|-damage|p2b: Paparazzi|42/100\n|-enditem|p2b: Paparazzi|Sitrus Berry|[eat]\n|-heal|p2b: Paparazzi|67/100|[from] item: Sitrus Berry\n|\n|-weather|Sandstorm|[upkeep]\n|-damage|p1a: Pelipper|75/100|[from] Sandstorm\n|-damage|p2b: Paparazzi|61/100|[from] Sandstorm\n|upkeep\n|turn|4\n|inactive|Vgcproto has 30 seconds left.\n|inactive|Vgcproto has 20 seconds left.\n|\n|t:|1776202576\n|switch|p1a: Basculegion|Basculegion, L50, M|100/100\n|switch|p1b: Excadrill|Excadrill, L50, M|100/100\n|move|p2b: Paparazzi|Fake Out|p1b: Excadrill\n|-resisted|p1b: Excadrill|1\n|-damage|p1b: Excadrill|94/100\n|move|p2a: Die With A Smile|Swords Dance|p2a: Die With A Smile\n|-boost|p2a: Die With A Smile|atk|2\n|\n|-weather|Sandstorm|[upkeep]\n|-damage|p1a: Basculegion|94/100|[from] Sandstorm\n|-damage|p2b: Paparazzi|55/100|[from] Sandstorm\n|upkeep\n|turn|5\n|inactive|It'sJustKen VGC has 30 seconds left.\n|\n|t:|1776202605\n|switch|p1a: Tyranitar|Tyranitar, L50, F|77/100\n|move|p2a: Die With A Smile|Sucker Punch|p1b: Excadrill\n|-damage|p1b: Excadrill|0 fnt\n|faint|p1b: Excadrill\n|move|p2b: Paparazzi|Parting Shot|p1a: Tyranitar\n|-unboost|p1a: Tyranitar|atk|1\n|-unboost|p1a: Tyranitar|spa|1\n|\n|t:|1776202610\n|switch|p2b: Poker Face|Sneasler, L50, F|100/100|[from] Parting Shot\n|\n|-weather|Sandstorm|[upkeep]\n|-damage|p2b: Poker Face|95/100|[from] Sandstorm\n|-sideend|p1: Vgcproto|move: Tailwind\n|upkeep\n|\n|t:|1776202616\n|switch|p1b: Pelipper|Pelipper, L50, F|75/100\n|-weather|RainDance|[from] ability: Drizzle|[of] p1b: Pelipper\n|turn|6\n|-message|Vgcproto forfeited.\n|\n|win|It'sJustKen VGC\n|raw|Vgcproto's rating: 1401 &rarr; <strong>1380</strong><br />(-21 for losing)\n|raw|It&apos;sJustKen VGC's rating: 1380 &rarr; <strong>1401</strong><br />(+21 for winning)\n|l|\u2606Vgcproto\n|player|p1|\n",
  "uploadtime": 1776202624,
  "views": 47,
  "formatid": "gen9championsvgc2026regma",
  "rating": 1380,
  "private": 0,
  "password": null
}