{
  "id": "gen9championsvgc2026regma-2589516066",
  "format": "[Gen 9 Champions] VGC 2026 Reg M-A",
  "players": [
    "CappyCappy",
    "aaugust"
  ],
  "log": "|j|\u2606CappyCappy\n|j|\u2606aaugust\n|t:|1776730063\n|gametype|doubles\n|player|p1|CappyCappy|miku-fairy|1232\n|player|p2|aaugust|roxie|1261\n|gen|9\n|tier|[Gen 9 Champions] VGC 2026 Reg M-A\n|rated|\n|rule|Species Clause: Limit one of each Pok\u00e9mon\n|rule|Item Clause: Limit 1 of each item\n|clearpoke\n|poke|p1|Aegislash, L50, F|\n|poke|p1|Incineroar, L50, F|\n|poke|p1|Rotom-Wash, L50|\n|poke|p1|Feraligatr, L50, F|\n|poke|p1|Decidueye-Hisui, L50, M|\n|poke|p1|Lucario, L50, M|\n|poke|p2|Incineroar, L50, F|\n|poke|p2|Kingambit, L50, M|\n|poke|p2|Pelipper, L50, F|\n|poke|p2|Whimsicott, L50, F|\n|poke|p2|Gallade, L50, M|\n|poke|p2|Gengar, L50, M|\n|teampreview|4\nCappyCappy has agreed to open team sheets.\n|inactive|Battle timer is ON: inactive players will automatically lose when time's up. (requested by CappyCappy)\n|inactive|CappyCappy has 60 seconds left.\n|\n|t:|1776730113\n|teamsize|p1|4\n|teamsize|p2|4\n|start\n|switch|p1a: Feraligatr|Feraligatr, L50, F|100/100\n|switch|p1b: Decidueye|Decidueye-Hisui, L50, M|100/100\n|switch|p2a: Gengar|Gengar, L50, M|100/100\n|switch|p2b: Incineroar|Incineroar, L50, F|100/100\n|-ability|p2b: Incineroar|Intimidate|boost\n|-unboost|p1a: Feraligatr|atk|1\n|-unboost|p1b: Decidueye|atk|1\n|turn|1\n|inactive|aaugust has 30 seconds left.\n|inactive|aaugust has 20 seconds left.\n|inactive|aaugust has 15 seconds left.\n|inactive|aaugust has 10 seconds left.\n|\n|t:|1776730161\n|detailschange|p2a: Gengar|Gengar-Mega, L50, M\n|-mega|p2a: Gengar|Gengar|Gengarite\n|detailschange|p1a: Feraligatr|Feraligatr-Mega, L50, F\n|-mega|p1a: Feraligatr|Feraligatr|Feraligite\n|move|p2a: Gengar|Protect|p2a: Gengar\n|-singleturn|p2a: Gengar|Protect\n|move|p1a: Feraligatr|Double-Edge|p2a: Gengar\n|-activate|p2a: Gengar|move: Protect\n|move|p1b: Decidueye|Coaching|p1a: Feraligatr\n|-boost|p1a: Feraligatr|atk|1\n|-boost|p1a: Feraligatr|def|1\n|move|p2b: Incineroar|Parting Shot|p1b: Decidueye\n|-unboost|p1b: Decidueye|atk|1\n|-unboost|p1b: Decidueye|spa|1\n|inactive|aaugust has 30 seconds left.\n|\n|t:|1776730189\n|switch|p2b: Whimsicott|Whimsicott, L50, F|100/100|[from] Parting Shot\n|\n|upkeep\n|turn|2\n|inactive|CappyCappy has 30 seconds left.\n|inactive|CappyCappy has 20 seconds left.\n|inactive|CappyCappy has 15 seconds left.\n|\n|t:|1776730231\n|switch|p2b: Incineroar|Incineroar, L50, F|100/100\n|-ability|p2b: Incineroar|Intimidate|boost\n|-unboost|p1a: Feraligatr|atk|1\n|-unboost|p1b: Decidueye|atk|1\n|move|p2a: Gengar|Sludge Bomb|p1b: Decidueye\n|-supereffective|p1b: Decidueye|1\n|-damage|p1b: Decidueye|16/100\n|-status|p1b: Decidueye|psn\n|move|p1a: Feraligatr|Liquidation|p2a: Gengar\n|-damage|p2a: Gengar|38/100\n|move|p1b: Decidueye|Coaching|p1a: Feraligatr\n|-boost|p1a: Feraligatr|atk|1\n|-boost|p1a: Feraligatr|def|1\n|\n|-damage|p1b: Decidueye|4/100 psn|[from] psn\n|upkeep\n|turn|3\n|inactive|aaugust has 30 seconds left.\n|inactive|aaugust has 20 seconds left.\n|inactive|aaugust has 15 seconds left.\n|inactive|aaugust has 10 seconds left.\n|\n|t:|1776730281\n|move|p2a: Gengar|Protect|p2a: Gengar\n|-singleturn|p2a: Gengar|Protect\n|move|p1a: Feraligatr|Protect|p1a: Feraligatr\n|-singleturn|p1a: Feraligatr|Protect\n|move|p1b: Decidueye|Tailwind|p1b: Decidueye\n|-sidestart|p1: CappyCappy|move: Tailwind\n|move|p2b: Incineroar|Parting Shot|p1a: Feraligatr\n|-activate|p1a: Feraligatr|move: Protect\n|\n|-damage|p1b: Decidueye|0 fnt|[from] psn\n|faint|p1b: Decidueye\n|upkeep\n|\n|t:|1776730295\n|switch|p1b: Incineroar|Incineroar, L50, F|100/100\n|-ability|p1b: Incineroar|Intimidate|boost\n|-unboost|p2a: Gengar|atk|1\n|-unboost|p2b: Incineroar|atk|1\n|turn|4\n|inactive|aaugust has 30 seconds left.\n|\n|t:|1776730322\n|switch|p2a: Whimsicott|Whimsicott, L50, F|100/100\n|move|p1a: Feraligatr|Liquidation|p2b: Incineroar\n|-supereffective|p2b: Incineroar|1\n|-damage|p2b: Incineroar|19/100\n|-enditem|p2b: Incineroar|Sitrus Berry|[eat]\n|-heal|p2b: Incineroar|44/100|[from] item: Sitrus Berry\n|move|p1b: Incineroar|Darkest Lariat|p2a: Whimsicott\n|-resisted|p2a: Whimsicott|1\n|-damage|p2a: Whimsicott|73/100\n|move|p2b: Incineroar|Parting Shot|p1a: Feraligatr\n|-unboost|p1a: Feraligatr|atk|1\n|-unboost|p1a: Feraligatr|spa|1\n|\n|t:|1776730335\n|switch|p2b: Gengar|Gengar-Mega, L50, M|38/100|[from] Parting Shot\n|\n|upkeep\n|turn|5\n|inactive|aaugust has 30 seconds left.\n|\n|t:|1776730365\n|move|p2a: Whimsicott|Protect|p2a: Whimsicott\n|-singleturn|p2a: Whimsicott|Protect\n|move|p2b: Gengar|Protect|p2b: Gengar\n|-singleturn|p2b: Gengar|Protect\n|move|p1a: Feraligatr|Liquidation|p2b: Gengar\n|-activate|p2b: Gengar|move: Protect\n|move|p1b: Incineroar|Flare Blitz|p2a: Whimsicott\n|-activate|p2a: Whimsicott|move: Protect\n|\n|upkeep\n|turn|6\n|inactive|aaugust has 30 seconds left.\n|\n|t:|1776730391\n|move|p2a: Whimsicott|Tailwind|p2a: Whimsicott\n|-sidestart|p2: aaugust|move: Tailwind\n|move|p2b: Gengar|Disable|p1b: Incineroar\n|-start|p1b: Incineroar|Disable|Flare Blitz\n|move|p1a: Feraligatr|Liquidation|p2b: Gengar\n|-damage|p2b: Gengar|0 fnt\n|faint|p2b: Gengar\n|cant|p1b: Incineroar|Disable|Flare Blitz\n|\n|-sideend|p1: CappyCappy|move: Tailwind\n|upkeep\n|\n|t:|1776730401\n|switch|p2b: Gallade|Gallade, L50, M|100/100\n|turn|7\n|\n|t:|1776730415\n|switch|p1b: Rotom|Rotom-Wash, L50|100/100\n|move|p1a: Feraligatr|Protect|p1a: Feraligatr\n|-singleturn|p1a: Feraligatr|Protect\n|move|p2b: Gallade|Sacred Sword|p1b: Rotom\n|-damage|p1b: Rotom|29/100\n|move|p2a: Whimsicott|Moonblast|p1b: Rotom\n|-damage|p1b: Rotom|0 fnt\n|faint|p1b: Rotom\n|\n|upkeep\n|\n|t:|1776730423\n|switch|p1b: Incineroar|Incineroar, L50, F|100/100\n|-ability|p1b: Incineroar|Intimidate|boost\n|-unboost|p2a: Whimsicott|atk|1\n|-unboost|p2b: Gallade|atk|1\n|turn|8\n|\n|t:|1776730443\n|switch|p2b: Incineroar|Incineroar, L50, F|44/100\n|-ability|p2b: Incineroar|Intimidate|boost\n|-unboost|p1a: Feraligatr|atk|1\n|-unboost|p1b: Incineroar|atk|1\n|move|p2a: Whimsicott|Protect|p2a: Whimsicott\n|-singleturn|p2a: Whimsicott|Protect\n|move|p1a: Feraligatr|Double-Edge|p2b: Incineroar\n|-damage|p2b: Incineroar|8/100\n|-damage|p1a: Feraligatr|88/100|[from] Recoil\n|move|p1b: Incineroar|Flare Blitz|p2a: Whimsicott\n|-activate|p2a: Whimsicott|move: Protect\n|\n|upkeep\n|turn|9\n|inactive|aaugust has 30 seconds left.\n|\n|t:|1776730471\n|move|p2b: Incineroar|Fake Out|p1b: Incineroar\n|-damage|p1b: Incineroar|90/100\n|move|p2a: Whimsicott|Encore|p1a: Feraligatr\n|-start|p1a: Feraligatr|Encore\n|move|p1a: Feraligatr|Double-Edge|p2a: Whimsicott\n|-immune|p2a: Whimsicott\n|cant|p1b: Incineroar|flinch\n|\n|-sideend|p2: aaugust|move: Tailwind\n|upkeep\n|turn|10\n|\n|t:|1776730491\n|move|p2a: Whimsicott|Moonblast|p1a: Feraligatr\n|-supereffective|p1a: Feraligatr|1\n|-damage|p1a: Feraligatr|35/100\n|move|p1a: Feraligatr|Double-Edge|p2b: Incineroar\n|-damage|p2b: Incineroar|0 fnt\n|faint|p2b: Incineroar\n|-damage|p1a: Feraligatr|32/100|[from] Recoil\n|move|p1b: Incineroar|Flare Blitz|p2a: Whimsicott\n|-supereffective|p2a: Whimsicott|1\n|-damage|p2a: Whimsicott|0 fnt\n|faint|p2a: Whimsicott\n|-damage|p1b: Incineroar|70/100|[from] Recoil\n|\n|upkeep\n|c|\u2606CappyCappy|zzzzzzzzzzzzzzzzzzzzzz\n|\n|t:|1776730505\n|switch|p2b: Gallade|Gallade, L50, M|100/100\n|turn|11\n|\n|t:|1776730515\n|move|p2b: Gallade|Sacred Sword|p1b: Incineroar\n|-supereffective|p1b: Incineroar|1\n|-damage|p1b: Incineroar|0 fnt\n|faint|p1b: Incineroar\n|move|p1a: Feraligatr|Double-Edge|p2b: Gallade\n|-damage|p2b: Gallade|16/100\n|-damage|p1a: Feraligatr|11/100|[from] Recoil\n|\n|-end|p1a: Feraligatr|Encore\n|upkeep\n|turn|12\n|c|\u2606aaugust|lol\n|\n|t:|1776730522\n|move|p1a: Feraligatr|Aqua Jet|p2b: Gallade\n|-damage|p2b: Gallade|0 fnt\n|faint|p2b: Gallade\n|\n|win|CappyCappy\n|raw|CappyCappy's rating: 1232 &rarr; <strong>1259</strong><br />(+27 for winning)\n|raw|aaugust's rating: 1261 &rarr; <strong>1234</strong><br />(-27 for losing)\n",
  "uploadtime": 1776730523,
  "views": 4,
  "formatid": "gen9championsvgc2026regma",
  "rating": 1234,
  "private": 0,
  "password": null
}