{
  "id": "gen9championsvgc2026regma-2586946082",
  "format": "[Gen 9 Champions] VGC 2026 Reg M-A",
  "players": [
    "catpotatt",
    "stevesaint"
  ],
  "log": "|j|\u2606catpotatt\n|j|\u2606stevesaint\n|t:|1776474414\n|gametype|doubles\n|player|p1|catpotatt|roxie|1418\n|player|p2|stevesaint|2|1497\n|gen|9\n|tier|[Gen 9 Champions] VGC 2026 Reg M-A\n|rated|\n|rule|Species Clause: Limit one of each Pok\u00e9mon\n|rule|Item Clause: Limit 1 of each item\n|clearpoke\n|poke|p1|Floette-Eternal, L50, F|\n|poke|p1|Whimsicott, L50, M|\n|poke|p1|Gengar, L50, M|\n|poke|p1|Rotom-Wash, L50|\n|poke|p1|Tyranitar, L50, F|\n|poke|p1|Araquanid, L50, F|\n|poke|p2|Incineroar, L50, M|\n|poke|p2|Milotic, L50, M|\n|poke|p2|Sneasler, L50, M|\n|poke|p2|Garchomp, L50, F|\n|poke|p2|Charizard, L50, M|\n|poke|p2|Whimsicott, L50, F|\n|teampreview|4\n|j| youwillbow\n|j| thistreeisatrainer\n|\n|t:|1776474448\n|teamsize|p1|4\n|teamsize|p2|4\n|start\n|switch|p1a: Whimsicott|Whimsicott, L50, M|100/100\n|switch|p1b: Gengar|Gengar, L50, M|100/100\n|switch|p2a: Sneasler|Sneasler, L50, M, shiny|100/100\n|switch|p2b: Charizard|Charizard, L50, M, shiny|100/100\n|turn|1\n|j| ba oil\n|\n|t:|1776474471\n|detailschange|p1b: Gengar|Gengar-Mega, L50, M\n|-mega|p1b: Gengar|Gengar|Gengarite\n|detailschange|p2b: Charizard|Charizard-Mega-Y, L50, M, shiny\n|-mega|p2b: Charizard|Charizard|Charizardite Y\n|-weather|SunnyDay|[from] ability: Drought|[of] p2b: Charizard\n|move|p1a: Whimsicott|Protect|p1a: Whimsicott\n|-singleturn|p1a: Whimsicott|Protect\n|move|p1b: Gengar|Protect|p1b: Gengar\n|-singleturn|p1b: Gengar|Protect\n|move|p2a: Sneasler|Fake Out|p1a: Whimsicott\n|-activate|p1a: Whimsicott|move: Protect\n|move|p2b: Charizard|Heat Wave|p1b: Gengar|[spread] \n|-activate|p1a: Whimsicott|move: Protect\n|-activate|p1b: Gengar|move: Protect\n|\n|-weather|SunnyDay|[upkeep]\n|upkeep\n|turn|2\n|\n|t:|1776474495\n|move|p1a: Whimsicott|Encore|p2a: Sneasler\n|-start|p2a: Sneasler|Encore\n|move|p2a: Sneasler|Fake Out||[still]\n|-hint|Fake Out only works on your first turn out.\n|-fail|p2a: Sneasler\n|move|p1b: Gengar|Disable|p2b: Charizard\n|-start|p2b: Charizard|Disable|Heat Wave\n|cant|p2b: Charizard|Disable|Heat Wave\n|\n|-weather|SunnyDay|[upkeep]\n|upkeep\n|turn|3\n|l| ba oil\n|\n|t:|1776474518\n|move|p1a: Whimsicott|Fake Tears|p2b: Charizard\n|-unboost|p2b: Charizard|spd|2\n|move|p1b: Gengar|Sludge Bomb|p2b: Charizard\n|-damage|p2b: Charizard|0 fnt\n|faint|p2b: Charizard\n|-activate|p2a: Sneasler|move: Struggle\n|move|p2a: Sneasler|Struggle|p1a: Whimsicott\n|-damage|p1a: Whimsicott|86/100\n|-damage|p2a: Sneasler|76/100|[from] recoil\n|\n|-weather|SunnyDay|[upkeep]\n|upkeep\n|\n|t:|1776474524\n|switch|p2b: Incineroar|Incineroar, L50, M, shiny|100/100\n|-ability|p2b: Incineroar|Intimidate|boost\n|-unboost|p1a: Whimsicott|atk|1\n|-unboost|p1b: Gengar|atk|1\n|turn|4\n|\n|t:|1776474554\n|switch|p1b: Tyranitar|Tyranitar, L50, F|100/100\n|-weather|Sandstorm|[from] ability: Sand Stream|[of] p1b: Tyranitar\n|move|p1a: Whimsicott|Protect|p1a: Whimsicott\n|-singleturn|p1a: Whimsicott|Protect\n|-activate|p2a: Sneasler|move: Struggle\n|move|p2a: Sneasler|Struggle|p1b: Tyranitar\n|-damage|p1b: Tyranitar|85/100\n|-damage|p2a: Sneasler|51/100|[from] recoil\n|move|p2b: Incineroar|Darkest Lariat|p1b: Tyranitar\n|-resisted|p1b: Tyranitar|1\n|-damage|p1b: Tyranitar|65/100\n|\n|-weather|Sandstorm|[upkeep]\n|-damage|p2a: Sneasler|45/100|[from] Sandstorm\n|-damage|p1a: Whimsicott|80/100|[from] Sandstorm\n|-damage|p2b: Incineroar|95/100|[from] Sandstorm\n|-end|p2a: Sneasler|Encore\n|upkeep\n|turn|5\n|inactive|Battle timer is ON: inactive players will automatically lose when time's up. (requested by stevesaint)\n|\n|t:|1776474582\n|switch|p1a: Rotom|Rotom-Wash, L50|100/100\n|move|p2a: Sneasler|Dire Claw|p1a: Rotom\n|-damage|p1a: Rotom|43/100\n|move|p1b: Tyranitar|Rock Slide|p2a: Sneasler|[spread] p2a,p2b\n|-resisted|p2a: Sneasler|1\n|-supereffective|p2b: Incineroar|1\n|-damage|p2a: Sneasler|21/100\n|-damage|p2b: Incineroar|41/100\n|-enditem|p2b: Incineroar|Sitrus Berry|[eat]\n|-heal|p2b: Incineroar|66/100|[from] item: Sitrus Berry\n|cant|p2b: Incineroar|flinch\n|\n|-weather|Sandstorm|[upkeep]\n|-damage|p1a: Rotom|38/100|[from] Sandstorm\n|-damage|p2a: Sneasler|15/100|[from] Sandstorm\n|-damage|p2b: Incineroar|60/100|[from] Sandstorm\n|upkeep\n|turn|6\n|inactive|stevesaint has 30 seconds left.\n|\n|t:|1776474615\n|move|p1a: Rotom|Volt Switch|p2a: Sneasler\n|-damage|p2a: Sneasler|0 fnt\n|faint|p2a: Sneasler\n|\n|t:|1776474619\n|switch|p1a: Whimsicott|Whimsicott, L50, M|80/100|[from] Volt Switch\n|move|p1b: Tyranitar|Rock Slide|p2b: Incineroar\n|-supereffective|p2b: Incineroar|1\n|-damage|p2b: Incineroar|0 fnt\n|faint|p2b: Incineroar\n|\n|-weather|Sandstorm|[upkeep]\n|-damage|p1a: Whimsicott|74/100|[from] Sandstorm\n|upkeep\n|-message|stevesaint forfeited.\n|\n|win|catpotatt\n|raw|catpotatt's rating: 1418 &rarr; <strong>1442</strong><br />(+24 for winning)\n|raw|stevesaint's rating: 1497 &rarr; <strong>1473</strong><br />(-24 for losing)\n|c|\u2606catpotatt|gg\n",
  "uploadtime": 1776474627,
  "views": 30,
  "formatid": "gen9championsvgc2026regma",
  "rating": 1442,
  "private": 0,
  "password": null
}