{
  "id": "gen9championsvgc2026regma-2586727040",
  "format": "[Gen 9 Champions] VGC 2026 Reg M-A",
  "players": [
    "Arujona",
    "ismelllikesocksbro"
  ],
  "log": "|j|\u2606Arujona\n|j|\u203dismelllikesocksbro\n|t:|1776455194\n|gametype|doubles\n|player|p1|Arujona|steven|1122\n|player|p2|ismelllikesocksbro|wallace|1206\n|gen|9\n|tier|[Gen 9 Champions] VGC 2026 Reg M-A\n|rated|\n|rule|Species Clause: Limit one of each Pok\u00e9mon\n|rule|Item Clause: Limit 1 of each item\n|clearpoke\n|poke|p1|Aerodactyl, L50, M|\n|poke|p1|Garchomp, L50, F|\n|poke|p1|Tsareena, L50, F|\n|poke|p1|Primarina, L50, F|\n|poke|p1|Incineroar, L50, M|\n|poke|p1|Gengar, L50, M|\n|poke|p2|Glimmora, L50, M|\n|poke|p2|Ninetales-Alola, L50, M|\n|poke|p2|Corviknight, L50, M|\n|poke|p2|Garchomp, L50, F|\n|poke|p2|Volcarona, L50, F|\n|poke|p2|Gyarados, L50, M|\n|teampreview|4\n|inactive|Battle timer is ON: inactive players will automatically lose when time's up. (requested by ismelllikesocksbro)\nismelllikesocksbro has agreed to open team sheets.\n|inactive|Arujona has 60 seconds left.\n|\n|t:|1776455243\n|teamsize|p1|4\n|teamsize|p2|4\n|start\n|switch|p1a: Aerodactyl|Aerodactyl, L50, M|100/100\n|switch|p1b: Incineroar|Incineroar, L50, M|100/100\n|switch|p2a: Garchomp|Garchomp, L50, F|100/100\n|switch|p2b: Gyarados|Gyarados, L50, M|100/100\n|-ability|p1a: Aerodactyl|Unnerve\n|-ability|p2b: Gyarados|Intimidate|boost\n|-unboost|p1a: Aerodactyl|atk|1\n|-unboost|p1b: Incineroar|atk|1\n|-ability|p1b: Incineroar|Intimidate|boost\n|-unboost|p2a: Garchomp|atk|1\n|-unboost|p2b: Gyarados|atk|1\n|turn|1\n|inactive|Arujona has 30 seconds left.\n|\n|t:|1776455271\n|switch|p1b: Primarina|Primarina, L50, F|100/100\n|move|p2a: Garchomp|Rock Slide|p1b: Primarina|[spread] p1a,p1b\n|-supereffective|p1a: Aerodactyl|1\n|-damage|p1a: Aerodactyl|61/100\n|-damage|p1b: Primarina|84/100\n|move|p1a: Aerodactyl|Tailwind|p1a: Aerodactyl\n|-sidestart|p1: Arujona|move: Tailwind\n|move|p2b: Gyarados|Dragon Dance|p2b: Gyarados\n|-boost|p2b: Gyarados|atk|1\n|-boost|p2b: Gyarados|spe|1\n|\n|upkeep\n|turn|2\n|\n|t:|1776455290\n|switch|p1a: Incineroar|Incineroar, L50, M|100/100\n|-ability|p1a: Incineroar|Intimidate|boost\n|-unboost|p2a: Garchomp|atk|1\n|-unboost|p2b: Gyarados|atk|1\n|switch|p2a: Ninetales|Ninetales-Alola, L50, M|100/100\n|-weather|Snowscape|[from] ability: Snow Warning|[of] p2a: Ninetales\n|move|p2b: Gyarados|Waterfall|p1a: Incineroar\n|-supereffective|p1a: Incineroar|1\n|-damage|p1a: Incineroar|59/100\n|move|p1b: Primarina|Moonblast|p2b: Gyarados\n|-damage|p2b: Gyarados|57/100\n|\n|-weather|Snowscape|[upkeep]\n|upkeep\n|turn|3\n|inactive|Arujona has 30 seconds left.\n|inactive|Arujona has 20 seconds left.\n|inactive|Arujona has 15 seconds left.\n|\n|t:|1776455333\n|move|p2b: Gyarados|Protect|p2b: Gyarados\n|-singleturn|p2b: Gyarados|Protect\n|move|p2a: Ninetales|Protect|p2a: Ninetales\n|-singleturn|p2a: Ninetales|Protect\n|move|p1b: Primarina|Moonblast|p2a: Ninetales\n|-activate|p2a: Ninetales|move: Protect\n|move|p1a: Incineroar|Flare Blitz|p2a: Ninetales\n|-activate|p2a: Ninetales|move: Protect\n|\n|-weather|Snowscape|[upkeep]\n|upkeep\n|turn|4\n|\n|t:|1776455355\n|move|p2b: Gyarados|Dragon Dance|p2b: Gyarados\n|-boost|p2b: Gyarados|atk|1\n|-boost|p2b: Gyarados|spe|1\n|move|p2a: Ninetales|Aurora Veil|p2a: Ninetales\n|-sidestart|p2: ismelllikesocksbro|move: Aurora Veil\n|move|p1b: Primarina|Moonblast|p2b: Gyarados\n|-damage|p2b: Gyarados|24/100\n|move|p1a: Incineroar|Flare Blitz|p2a: Ninetales\n|-supereffective|p2a: Ninetales|1\n|-damage|p2a: Ninetales|33/100\n|-damage|p1a: Incineroar|43/100|[from] Recoil\n|-enditem|p1a: Incineroar|Sitrus Berry|[eat]\n|-heal|p1a: Incineroar|67/100|[from] item: Sitrus Berry\n|\n|-weather|Snowscape|[upkeep]\n|-sideend|p1: Arujona|move: Tailwind\n|upkeep\n|turn|5\n|\n|t:|1776455380\n|switch|p1a: Aerodactyl|Aerodactyl, L50, M|61/100\n|-ability|p1a: Aerodactyl|Unnerve\n|move|p2b: Gyarados|Protect|p2b: Gyarados\n|-singleturn|p2b: Gyarados|Protect\n|move|p2a: Ninetales|Encore|p1b: Primarina\n|-start|p1b: Primarina|Encore\n|move|p1b: Primarina|Moonblast|p2a: Ninetales\n|-damage|p2a: Ninetales|0 fnt\n|faint|p2a: Ninetales\n|\n|-weather|Snowscape|[upkeep]\n|upkeep\n|\n|t:|1776455383\n|switch|p2a: Glimmora|Glimmora, L50, M|100/100\n|turn|6\n|\n|t:|1776455403\n|detailschange|p2a: Glimmora|Glimmora-Mega, L50, M\n|-mega|p2a: Glimmora|Glimmora|Glimmoranite\n|move|p2b: Gyarados|Waterfall|p1a: Aerodactyl\n|-supereffective|p1a: Aerodactyl|1\n|-damage|p1a: Aerodactyl|0 fnt\n|faint|p1a: Aerodactyl\n|move|p2a: Glimmora|Sludge Bomb|p1b: Primarina\n|-supereffective|p1b: Primarina|1\n|-damage|p1b: Primarina|0 fnt\n|faint|p1b: Primarina\n|\n|-weather|none\n|upkeep\n|\n|t:|1776455416\n|switch|p1a: Incineroar|Incineroar, L50, M|67/100\n|switch|p1b: Garchomp|Garchomp, L50, F|100/100\n|-ability|p1a: Incineroar|Intimidate|boost\n|-unboost|p2a: Glimmora|atk|1\n|-unboost|p2b: Gyarados|atk|1\n|turn|7\n|\n|t:|1776455435\n|detailschange|p1b: Garchomp|Garchomp-Mega, L50, F\n|-mega|p1b: Garchomp|Garchomp|Garchompite\n|move|p2a: Glimmora|Spiky Shield|p2a: Glimmora\n|-singleturn|p2a: Glimmora|move: Protect\n|move|p1a: Incineroar|Fake Out|p2b: Gyarados\n|-damage|p2b: Gyarados|17/100\n|cant|p2b: Gyarados|flinch\n|move|p1b: Garchomp|Rock Slide|p2b: Gyarados|[spread] p2b\n|-activate|p2a: Glimmora|move: Protect\n|-supereffective|p2b: Gyarados|1\n|-damage|p2b: Gyarados|0 fnt\n|faint|p2b: Gyarados\n|\n|upkeep\n|\n|t:|1776455442\n|switch|p2b: Garchomp|Garchomp, L50, F|100/100\n|turn|8\n|\n|t:|1776455461\n|move|p2b: Garchomp|Stomping Tantrum|p1b: Garchomp\n|-damage|p1b: Garchomp|68/100\n|move|p2a: Glimmora|Sludge Bomb|p1b: Garchomp\n|-resisted|p1b: Garchomp|1\n|-damage|p1b: Garchomp|39/100\n|-status|p1b: Garchomp|psn\n|move|p1b: Garchomp|Earthquake|p2b: Garchomp|[spread] p1a,p2a,p2b\n|-supereffective|p1a: Incineroar|1\n|-supereffective|p2a: Glimmora|2\n|-damage|p1a: Incineroar|0 fnt\n|-damage|p2a: Glimmora|0 fnt\n|-damage|p2b: Garchomp|67/100\n|faint|p1a: Incineroar\n|faint|p2a: Glimmora\n|\n|-damage|p1b: Garchomp|27/100 psn|[from] psn\n|-sideend|p2: ismelllikesocksbro|move: Aurora Veil\n|upkeep\n|turn|9\n|\n|t:|1776455481\n|move|p2b: Garchomp|Stomping Tantrum|p1b: Garchomp\n|-damage|p1b: Garchomp|0 fnt\n|faint|p1b: Garchomp\n|\n|win|ismelllikesocksbro\n|raw|Arujona's rating: 1122 &rarr; <strong>1103</strong><br />(-19 for losing)\n|raw|ismelllikesocksbro's rating: 1206 &rarr; <strong>1225</strong><br />(+19 for winning)\n|l|\u203dismelllikesocksbro\n|player|p2|\n",
  "uploadtime": 1776455489,
  "views": 28,
  "formatid": "gen9championsvgc2026regma",
  "rating": 1103,
  "private": 0,
  "password": null
}