{
  "id": "gen9championsvgc2026regma-2585279482",
  "format": "[Gen 9 Champions] VGC 2026 Reg M-A",
  "players": [
    "Sup20",
    "Munchlaxxxed"
  ],
  "log": "|j|\u2606Sup20\n|j|\u2606Munchlaxxxed\n|t:|1776333182\n|gametype|doubles\n|player|p1|Sup20|lyra|1366\n|player|p2|Munchlaxxxed|170|1291\n|gen|9\n|tier|[Gen 9 Champions] VGC 2026 Reg M-A\n|rated|\n|rule|Species Clause: Limit one of each Pok\u00e9mon\n|rule|Item Clause: Limit 1 of each item\n|clearpoke\n|poke|p1|Aggron, L50, F|\n|poke|p1|Floette-Eternal, L50, F|\n|poke|p1|Incineroar, L50, F|\n|poke|p1|Sinistcha, L50|\n|poke|p1|Pelipper, L50, M|\n|poke|p1|Vivillon, L50, F|\n|poke|p2|Aerodactyl, L50, F|\n|poke|p2|Charizard, L50, M|\n|poke|p2|Venusaur, L50, M|\n|poke|p2|Aegislash, L50, M|\n|poke|p2|Sneasler, L50, F|\n|poke|p2|Milotic, L50, F|\n|teampreview|4\n|inactive|Battle timer is ON: inactive players will automatically lose when time's up. (requested by Sup20)\n|inactive|Sup20 has 60 seconds left.\n|inactive|Munchlaxxxed has 60 seconds left.\n|\n|t:|1776333220\n|teamsize|p1|4\n|teamsize|p2|4\n|start\n|switch|p1a: Aggron|Aggron, L50, F|100/100\n|switch|p1b: Incineroar|Incineroar, L50, F|100/100\n|switch|p2a: Sneasler|Sneasler, L50, F|100/100\n|switch|p2b: Charizard|Charizard, L50, M|100/100\n|-ability|p1b: Incineroar|Intimidate|boost\n|-unboost|p2a: Sneasler|atk|1\n|-unboost|p2b: Charizard|atk|1\n|-enditem|p2a: Sneasler|White Herb\n|-clearnegativeboost|p2a: Sneasler|[silent]\n|turn|1\n|inactive|Sup20 has 30 seconds left.\n|\n|t:|1776333245\n|switch|p2b: Aegislash|Aegislash, L50, M|100/100\n|detailschange|p1a: Aggron|Aggron-Mega, L50, F\n|-mega|p1a: Aggron|Aggron|Aggronite\n|move|p1a: Aggron|Protect|p1a: Aggron\n|-singleturn|p1a: Aggron|Protect\n|move|p2a: Sneasler|Fake Out|p1b: Incineroar\n|-damage|p1b: Incineroar|86/100\n|cant|p1b: Incineroar|flinch\n|\n|upkeep\n|turn|2\n|inactive|Sup20 has 30 seconds left.\n|\n|t:|1776333271\n|move|p2a: Sneasler|Close Combat|p1a: Aggron\n|-supereffective|p1a: Aggron|1\n|-damage|p1a: Aggron|58/100\n|-unboost|p2a: Sneasler|def|1\n|-unboost|p2a: Sneasler|spd|1\n|-formechange|p2b: Aegislash|Aegislash-Blade|\n|move|p2b: Aegislash|Poltergeist|p1a: Aggron\n|-activate|p1a: Aggron|move: Poltergeist|Aggronite\n|-damage|p1a: Aggron|30/100\n|move|p1b: Incineroar|Parting Shot|p2b: Aegislash\n|-unboost|p2b: Aegislash|atk|1\n|-unboost|p2b: Aegislash|spa|1\n|\n|t:|1776333278\n|switch|p1b: Sinistcha|Sinistcha, L50|100/100|[from] Parting Shot\n|-heal|p1a: Aggron|55/100|[from] ability: Hospitality|[of] p1b: Sinistcha\n|move|p1a: Aggron|Heavy Slam|p2a: Sneasler\n|-damage|p2a: Sneasler|0 fnt\n|faint|p2a: Sneasler\n|\n|upkeep\n|\n|t:|1776333282\n|switch|p2a: Charizard|Charizard, L50, M|100/100\n|turn|3\n|\n|t:|1776333290\n|switch|p1b: Incineroar|Incineroar, L50, F|86/100\n|-ability|p1b: Incineroar|Intimidate|boost\n|-unboost|p2a: Charizard|atk|1\n|-unboost|p2b: Aegislash|atk|1\n|detailschange|p2a: Charizard|Charizard-Mega-Y, L50, M\n|-mega|p2a: Charizard|Charizard|Charizardite Y\n|-weather|SunnyDay|[from] ability: Drought|[of] p2a: Charizard\n|move|p1a: Aggron|Protect|p1a: Aggron\n|-singleturn|p1a: Aggron|Protect\n|move|p2a: Charizard|Heat Wave|p1a: Aggron|[spread] p1b\n|-activate|p1a: Aggron|move: Protect\n|-resisted|p1b: Incineroar|1\n|-damage|p1b: Incineroar|62/100\n|move|p2b: Aegislash|Poltergeist|p1b: Incineroar|[miss]\n|-miss|p2b: Aegislash|p1b: Incineroar\n|\n|-weather|SunnyDay|[upkeep]\n|upkeep\n|turn|4\n|inactive|Sup20 has 30 seconds left.\n|\n|t:|1776333318\n|switch|p2b: Aerodactyl|Aerodactyl, L50, F|100/100\n|move|p2a: Charizard|Protect|p2a: Charizard\n|-singleturn|p2a: Charizard|Protect\n|move|p1b: Incineroar|Fake Out|p2a: Charizard\n|-activate|p2a: Charizard|move: Protect\n|move|p1a: Aggron|Stone Edge|p2a: Charizard\n|-activate|p2a: Charizard|move: Protect\n|\n|-weather|SunnyDay|[upkeep]\n|upkeep\n|turn|5\n|\n|t:|1776333340\n|switch|p1b: Pelipper|Pelipper, L50, M|100/100\n|-weather|RainDance|[from] ability: Drizzle|[of] p1b: Pelipper\n|move|p2b: Aerodactyl|Rock Slide|p1b: Pelipper|[spread] p1a,p1b\n|-resisted|p1a: Aggron|1\n|-supereffective|p1b: Pelipper|1\n|-damage|p1a: Aggron|49/100\n|-damage|p1b: Pelipper|26/100\n|move|p2a: Charizard|Heat Wave|p1a: Aggron|[spread] p1a,p1b\n|-supereffective|p1a: Aggron|1\n|-resisted|p1b: Pelipper|1\n|-damage|p1a: Aggron|23/100\n|-damage|p1b: Pelipper|7/100\n|move|p1a: Aggron|Stone Edge|p2a: Charizard\n|-supereffective|p2a: Charizard|2\n|-damage|p2a: Charizard|0 fnt\n|faint|p2a: Charizard\n|\n|-weather|RainDance|[upkeep]\n|upkeep\n|\n|t:|1776333350\n|switch|p2a: Aegislash|Aegislash, L50, M|100/100\n|turn|6\n|\n|t:|1776333369\n|switch|p1b: Incineroar|Incineroar, L50, F|62/100\n|-ability|p1b: Incineroar|Intimidate|boost\n|-unboost|p2a: Aegislash|atk|1\n|-unboost|p2b: Aerodactyl|atk|1\n|move|p1a: Aggron|Protect|p1a: Aggron\n|-singleturn|p1a: Aggron|Protect\n|move|p2b: Aerodactyl|Rock Slide|p1a: Aggron|[spread] p1b\n|-activate|p1a: Aggron|move: Protect\n|-supereffective|p1b: Incineroar|1\n|-damage|p1b: Incineroar|29/100\n|-formechange|p2a: Aegislash|Aegislash-Blade|\n|move|p2a: Aegislash|Poltergeist|p1a: Aggron\n|-activate|p1a: Aggron|move: Protect\n|\n|-weather|RainDance|[upkeep]\n|upkeep\n|turn|7\n|\n|t:|1776333386\n|switch|p1a: Sinistcha|Sinistcha, L50|100/100\n|-heal|p1b: Incineroar|54/100|[from] ability: Hospitality|[of] p1a: Sinistcha\n|move|p1b: Incineroar|Fake Out|p2b: Aerodactyl\n|-resisted|p2b: Aerodactyl|1\n|-damage|p2b: Aerodactyl|93/100\n|cant|p2b: Aerodactyl|flinch\n|move|p2a: Aegislash|Poltergeist|p1a: Sinistcha\n|-activate|p1a: Sinistcha|move: Poltergeist|Sitrus Berry\n|-supereffective|p1a: Sinistcha|1\n|-damage|p1a: Sinistcha|43/100\n|-enditem|p1a: Sinistcha|Sitrus Berry|[eat]\n|-heal|p1a: Sinistcha|68/100|[from] item: Sitrus Berry\n|\n|-weather|RainDance|[upkeep]\n|upkeep\n|turn|8\n|\n|t:|1776333405\n|move|p2b: Aerodactyl|Rock Slide|p1a: Sinistcha|[spread] p1a,p1b\n|-supereffective|p1b: Incineroar|1\n|-damage|p1a: Sinistcha|54/100\n|-damage|p1b: Incineroar|20/100\n|move|p2a: Aegislash|Poltergeist|p1b: Incineroar\n|-activate|p1b: Incineroar|move: Poltergeist|Lum Berry\n|-resisted|p1b: Incineroar|1\n|-damage|p1b: Incineroar|2/100\n|move|p1b: Incineroar|Parting Shot|p2b: Aerodactyl\n|-unboost|p2b: Aerodactyl|atk|1\n|-unboost|p2b: Aerodactyl|spa|1\n|\n|t:|1776333408\n|switch|p1b: Aggron|Aggron-Mega, L50, F|23/100|[from] Parting Shot\n|cant|p1a: Sinistcha|flinch\n|\n|-weather|RainDance|[upkeep]\n|upkeep\n|turn|9\n|\n|t:|1776333429\n|switch|p1a: Incineroar|Incineroar, L50, F|2/100\n|-ability|p1a: Incineroar|Intimidate|boost\n|-unboost|p2a: Aegislash|atk|1\n|-unboost|p2b: Aerodactyl|atk|1\n|move|p2b: Aerodactyl|Rock Slide|p1b: Aggron|[spread] p1a,p1b\n|-supereffective|p1a: Incineroar|1\n|-resisted|p1b: Aggron|1\n|-damage|p1a: Incineroar|0 fnt\n|-damage|p1b: Aggron|20/100\n|faint|p1a: Incineroar\n|move|p2a: Aegislash|Poltergeist|p1b: Aggron\n|-activate|p1b: Aggron|move: Poltergeist|Aggronite\n|-damage|p1b: Aggron|7/100\n|move|p1b: Aggron|Heavy Slam|p2b: Aerodactyl\n|-supereffective|p2b: Aerodactyl|1\n|-damage|p2b: Aerodactyl|0 fnt\n|faint|p2b: Aerodactyl\n|\n|-weather|none\n|upkeep\n|\n|t:|1776333432\n|switch|p1a: Sinistcha|Sinistcha, L50|54/100\n|-heal|p1b: Aggron|32/100|[from] ability: Hospitality|[of] p1a: Sinistcha\n|turn|10\n|\n|t:|1776333449\n|move|p2a: Aegislash|Poltergeist||[still]\n|-fail|p2a: Aegislash\n|move|p1a: Sinistcha|Shadow Ball|p2a: Aegislash\n|-supereffective|p2a: Aegislash|1\n|-damage|p2a: Aegislash|0 fnt\n|faint|p2a: Aegislash\n|\n|win|Sup20\n|raw|Sup20's rating: 1366 &rarr; <strong>1382</strong><br />(+16 for winning)\n|raw|Munchlaxxxed's rating: 1291 &rarr; <strong>1271</strong><br />(-20 for losing)\n",
  "uploadtime": 1776333449,
  "views": 30,
  "formatid": "gen9championsvgc2026regma",
  "rating": 1271,
  "private": 0,
  "password": null
}