{
  "id": "gen9championsvgc2026regma-2581014036",
  "format": "[Gen 9 Champions] VGC 2026 Reg M-A",
  "players": [
    "ch33ky20",
    "kokenosaurio"
  ],
  "log": "|j|\u2606ch33ky20\n|j|\u2606kokenosaurio\n|t:|1775951780\n|gametype|doubles\n|player|p1|ch33ky20|102|1101\n|player|p2|kokenosaurio|266|1173\n|gen|9\n|tier|[Gen 9 Champions] VGC 2026 Reg M-A\n|rated|\n|rule|Species Clause: Limit one of each Pok\u00e9mon\n|rule|Item Clause: Limit 1 of each item\n|clearpoke\n|poke|p1|Tyranitar, L50, F|\n|poke|p1|Incineroar, L50, M|\n|poke|p1|Gengar, L50, F|\n|poke|p1|Excadrill, L50, M|\n|poke|p1|Kommo-o, L50, F|\n|poke|p1|Sinistcha, L50|\n|poke|p2|Basculegion, L50, M|\n|poke|p2|Spiritomb, L50, F|\n|poke|p2|Sneasler, L50, F|\n|poke|p2|Farigiraf, L50, F|\n|poke|p2|Kingambit, L50, M|\n|poke|p2|Camerupt, L50, M|\n|teampreview|4\nkokenosaurio rejected open team sheets.\n|inactive|Battle timer is ON: inactive players will automatically lose when time's up. (requested by kokenosaurio)\n|\n|t:|1775951838\n|teamsize|p1|4\n|teamsize|p2|4\n|start\n|switch|p1a: Gengar|Gengar, L50, F, shiny|100/100\n|switch|p1b: Kommo-o|Kommo-o, L50, F|100/100\n|switch|p2a: Spiritomb|Spiritomb, L50, F|100/100\n|switch|p2b: Sneasler|Sneasler, L50, F|100/100\n|-ability|p2a: Spiritomb|Pressure\n|turn|1\n|inactive|kokenosaurio has 30 seconds left.\n|\n|t:|1775951865\n|detailschange|p1a: Gengar|Gengar-Mega, L50, F, shiny\n|-mega|p1a: Gengar|Gengar|Gengarite\n|move|p2b: Sneasler|Fake Out|p1b: Kommo-o\n|-damage|p1b: Kommo-o|87/100\n|move|p1a: Gengar|Will-O-Wisp|p2b: Sneasler\n|-status|p2b: Sneasler|brn\n|cant|p1b: Kommo-o|flinch\n|move|p2a: Spiritomb|Trick Room|p2a: Spiritomb\n|-fieldstart|move: Trick Room|[of] p2a: Spiritomb\n|\n|-heal|p1b: Kommo-o|93/100|[from] item: Leftovers\n|-damage|p2b: Sneasler|95/100 brn|[from] brn\n|upkeep\n|turn|2\n|inactive|ch33ky20 has 30 seconds left.\n|inactive|ch33ky20 has 20 seconds left.\n|inactive|ch33ky20 has 15 seconds left.\n|\n|t:|1775951907\n|move|p2b: Sneasler|Protect|p2b: Sneasler\n|-singleturn|p2b: Sneasler|Protect\n|move|p2a: Spiritomb|Curse|p1a: Gengar\n|-start|p1a: Gengar|Curse|[of] p2a: Spiritomb\n|-damage|p2a: Spiritomb|51/100\n|move|p1b: Kommo-o|Clangorous Soul|p1b: Kommo-o\n|-boost|p1b: Kommo-o|atk|1\n|-boost|p1b: Kommo-o|def|1\n|-boost|p1b: Kommo-o|spa|1\n|-boost|p1b: Kommo-o|spd|1\n|-boost|p1b: Kommo-o|spe|1\n|-damage|p1b: Kommo-o|60/100\n|move|p1a: Gengar|Shadow Ball|p2a: Spiritomb\n|-crit|p2a: Spiritomb\n|-damage|p2a: Spiritomb|0 fnt\n|faint|p2a: Spiritomb\n|\n|-heal|p1b: Kommo-o|66/100|[from] item: Leftovers\n|-damage|p2b: Sneasler|89/100 brn|[from] brn\n|-damage|p1a: Gengar|76/100|[from] Curse\n|upkeep\n|\n|t:|1775951930\n|switch|p2a: Camerupt|Camerupt, L50, M|100/100\n|turn|3\n|\n|t:|1775951950\n|detailschange|p2a: Camerupt|Camerupt-Mega, L50, M\n|-mega|p2a: Camerupt|Camerupt|Cameruptite\n|move|p2a: Camerupt|Earth Power|p1b: Kommo-o\n|-damage|p1b: Kommo-o|11/100\n|move|p2b: Sneasler|Close Combat|p1b: Kommo-o\n|-damage|p1b: Kommo-o|0 fnt\n|-unboost|p2b: Sneasler|def|1\n|-unboost|p2b: Sneasler|spd|1\n|faint|p1b: Kommo-o\n|-enditem|p2b: Sneasler|White Herb\n|-clearnegativeboost|p2b: Sneasler|[silent]\n|move|p1a: Gengar|Shadow Ball|p2a: Camerupt\n|-damage|p2a: Camerupt|57/100\n|\n|-damage|p2b: Sneasler|83/100 brn|[from] brn\n|-damage|p1a: Gengar|51/100|[from] Curse\n|upkeep\n|\n|t:|1775951960\n|switch|p1b: Tyranitar|Tyranitar, L50, F, shiny|100/100\n|-weather|Sandstorm|[from] ability: Sand Stream|[of] p1b: Tyranitar\n|turn|4\n|\n|t:|1775951977\n|switch|p1b: Sinistcha|Sinistcha, L50, shiny|100/100\n|-heal|p1a: Gengar|76/100|[from] ability: Hospitality|[of] p1b: Sinistcha\n|move|p2a: Camerupt|Protect|p2a: Camerupt\n|-singleturn|p2a: Camerupt|Protect\n|move|p1a: Gengar|Shadow Ball|p2b: Sneasler\n|-damage|p2b: Sneasler|22/100 brn\n|-unboost|p2b: Sneasler|spd|1\n|move|p2b: Sneasler|Close Combat|p1b: Sinistcha\n|-immune|p1b: Sinistcha\n|\n|-weather|Sandstorm|[upkeep]\n|-damage|p1b: Sinistcha|94/100|[from] Sandstorm\n|-damage|p1a: Gengar|70/100|[from] Sandstorm\n|-damage|p2b: Sneasler|16/100 brn|[from] Sandstorm\n|-damage|p2b: Sneasler|10/100 brn|[from] brn\n|-damage|p1a: Gengar|45/100|[from] Curse\n|upkeep\n|turn|5\n|\n|t:|1775951995\n|move|p2b: Sneasler|Protect|p2b: Sneasler\n|-singleturn|p2b: Sneasler|Protect\n|move|p1b: Sinistcha|Rage Powder|p1b: Sinistcha\n|-singleturn|p1b: Sinistcha|move: Rage Powder\n|move|p2a: Camerupt|Heat Wave|p1a: Gengar|[spread] p1a,p1b\n|-supereffective|p1b: Sinistcha|1\n|-damage|p1a: Gengar|0 fnt\n|-damage|p1b: Sinistcha|0 fnt\n|faint|p1a: Gengar\n|faint|p1b: Sinistcha\n|\n|-weather|Sandstorm|[upkeep]\n|-damage|p2b: Sneasler|4/100 brn|[from] Sandstorm\n|-damage|p2b: Sneasler|0 fnt|[from] brn\n|faint|p2b: Sneasler\n|-fieldend|move: Trick Room\n|upkeep\n|\n|t:|1775952011\n|switch|p1a: Tyranitar|Tyranitar, L50, F, shiny|100/100\n|switch|p2b: Kingambit|Kingambit, L50, M|100/100\n|turn|6\n|\n|t:|1775952020\n|move|p2a: Camerupt|Protect|p2a: Camerupt\n|-singleturn|p2a: Camerupt|Protect\n|move|p1a: Tyranitar|Low Kick|p2b: Kingambit\n|-supereffective|p2b: Kingambit|2\n|-damage|p2b: Kingambit|0 fnt\n|faint|p2b: Kingambit\n|\n|-weather|Sandstorm|[upkeep]\n|upkeep\n|turn|7\n|c|\u2606ch33ky20|gg\n|\n|t:|1775952029\n|move|p1a: Tyranitar|Low Kick|p2a: Camerupt\n|-damage|p2a: Camerupt|17/100\n|move|p2a: Camerupt|Earth Power|p1a: Tyranitar\n|-supereffective|p1a: Tyranitar|1\n|-damage|p1a: Tyranitar|0 fnt\n|faint|p1a: Tyranitar\n|\n|win|kokenosaurio\n|raw|ch33ky20's rating: 1101 &rarr; <strong>1081</strong><br />(-20 for losing)\n|raw|kokenosaurio's rating: 1173 &rarr; <strong>1193</strong><br />(+20 for winning)\n|c|\u2606ch33ky20|jeez\n|c|\u2606ch33ky20|do much\n|c|\u2606kokenosaurio|gg\n|l|\u2606ch33ky20\n|player|p1|\n",
  "uploadtime": 1775952069,
  "views": 17,
  "formatid": "gen9championsvgc2026regma",
  "rating": 1081,
  "private": 0,
  "password": null
}