{
  "id": "gen9championsvgc2026regma-2586296837",
  "format": "[Gen 9 Champions] VGC 2026 Reg M-A",
  "players": [
    "solefact",
    "Aiden4115"
  ],
  "log": "|j|\u2606solefact\n|j|\u2606Aiden4115\n|t:|1776422542\n|gametype|doubles\n|player|p1|solefact|lucas|1106\n|player|p2|Aiden4115|265|1038\n|gen|9\n|tier|[Gen 9 Champions] VGC 2026 Reg M-A\n|rated|\n|rule|Species Clause: Limit one of each Pok\u00e9mon\n|rule|Item Clause: Limit 1 of each item\n|clearpoke\n|poke|p1|Hawlucha, L50, M|\n|poke|p1|Excadrill, L50, F|\n|poke|p1|Tyranitar, L50, M|\n|poke|p1|Sinistcha-Masterpiece, L50|\n|poke|p1|Sneasler, L50, F|\n|poke|p1|Incineroar, L50, M|\n|poke|p2|Diggersby, L50, M|\n|poke|p2|Gyarados, L50, F|\n|poke|p2|Sinistcha, L50|\n|poke|p2|Aggron, L50, F|\n|poke|p2|Talonflame, L50, F|\n|poke|p2|Rotom-Wash, L50|\n|teampreview|4\n|\n|t:|1776422584\n|teamsize|p1|4\n|teamsize|p2|4\n|start\n|switch|p1a: Champion|Hawlucha, L50, M, shiny|100/100\n|switch|p1b: Driller|Excadrill, L50, F, shiny|100/100\n|switch|p2a: Talonflame|Talonflame, L50, F|100/100\n|switch|p2b: Diggersby|Diggersby, L50, M|100/100\n|turn|1\n|\n|t:|1776422639\n|detailschange|p1a: Champion|Hawlucha-Mega, L50, M, shiny\n|-mega|p1a: Champion|Hawlucha|Hawluchanite\n|move|p2a: Talonflame|Brave Bird|p1a: Champion\n|-supereffective|p1a: Champion|1\n|-damage|p1a: Champion|23/100\n|-damage|p2a: Talonflame|79/100|[from] Recoil\n|move|p1a: Champion|Entrainment|p1b: Driller\n|-ability|p1b: Driller|No Guard|Sand Rush|[from] move: Entrainment|[of] p1a: Champion\n|move|p2b: Diggersby|Earthquake|p1a: Champion|[spread] p1b\n|-immune|p2a: Talonflame\n|-immune|p1a: Champion\n|-supereffective|p1b: Driller|1\n|-enditem|p1b: Driller|Focus Sash\n|-damage|p1b: Driller|1/100\n|move|p1b: Driller|Horn Drill|p2b: Diggersby\n|-damage|p2b: Diggersby|0 fnt\n|faint|p2b: Diggersby\n|-ohko\n|\n|upkeep\n|\n|t:|1776422663\n|switch|p2b: Gyarados|Gyarados, L50, F|100/100\n|-ability|p2b: Gyarados|Intimidate|boost\n|-unboost|p1a: Champion|atk|1\n|-unboost|p1b: Driller|atk|1\n|turn|2\n|\n|t:|1776422695\n|switch|p1a: Godzilla|Tyranitar, L50, M, shiny|100/100\n|-weather|Sandstorm|[from] ability: Sand Stream|[of] p1a: Godzilla\n|move|p2a: Talonflame|Brave Bird|p1b: Driller\n|-resisted|p1b: Driller|1\n|-damage|p1b: Driller|0 fnt\n|faint|p1b: Driller\n|-damage|p2a: Talonflame|78/100|[from] Recoil\n|move|p2b: Gyarados|Waterfall|p1a: Godzilla\n|-supereffective|p1a: Godzilla|1\n|-damage|p1a: Godzilla|45/100\n|\n|-weather|Sandstorm|[upkeep]\n|-damage|p2a: Talonflame|72/100|[from] Sandstorm\n|-damage|p2b: Gyarados|95/100|[from] Sandstorm\n|-heal|p1a: Godzilla|51/100|[from] item: Leftovers\n|upkeep\n|\n|t:|1776422716\n|switch|p1b: Champion|Hawlucha-Mega, L50, M, shiny|23/100\n|turn|3\n|\n|t:|1776422728\n|move|p1a: Godzilla|Protect|p1a: Godzilla\n|-singleturn|p1a: Godzilla|Protect\n|move|p2a: Talonflame|Brave Bird|p1b: Champion\n|-supereffective|p1b: Champion|1\n|-damage|p1b: Champion|0 fnt\n|faint|p1b: Champion\n|-damage|p2a: Talonflame|66/100|[from] Recoil\n|move|p2b: Gyarados|Waterfall|p1a: Godzilla\n|-activate|p1a: Godzilla|move: Protect\n|\n|-weather|Sandstorm|[upkeep]\n|-damage|p2a: Talonflame|60/100|[from] Sandstorm\n|-damage|p2b: Gyarados|89/100|[from] Sandstorm\n|-heal|p1a: Godzilla|57/100|[from] item: Leftovers\n|upkeep\n|\n|t:|1776422744\n|switch|p1b: Wolfey|Incineroar, L50, M, shiny|100/100\n|-ability|p1b: Wolfey|Intimidate|boost\n|-unboost|p2a: Talonflame|atk|1\n|-unboost|p2b: Gyarados|atk|1\n|turn|4\n|\n|t:|1776422760\n|move|p2a: Talonflame|Feather Dance|p1a: Godzilla\n|-unboost|p1a: Godzilla|atk|2\n|move|p2b: Gyarados|Taunt|p1b: Wolfey\n|-start|p1b: Wolfey|move: Taunt\n|move|p1a: Godzilla|Rock Slide|p2b: Gyarados|[spread] p2a,p2b\n|-supereffective|p2a: Talonflame|2\n|-supereffective|p2b: Gyarados|1\n|-damage|p2a: Talonflame|0 fnt\n|-damage|p2b: Gyarados|50/100\n|faint|p2a: Talonflame\n|move|p1b: Wolfey|Darkest Lariat|p2b: Gyarados\n|-damage|p2b: Gyarados|9/100\n|\n|-weather|Sandstorm|[upkeep]\n|-damage|p2b: Gyarados|3/100|[from] Sandstorm\n|-damage|p1b: Wolfey|95/100|[from] Sandstorm\n|-heal|p1a: Godzilla|63/100|[from] item: Leftovers\n|upkeep\n|\n|t:|1776422778\n|switch|p2a: Rotom|Rotom-Wash, L50|100/100\n|turn|5\n|\n|t:|1776422793\n|move|p1a: Godzilla|Protect|p1a: Godzilla\n|-singleturn|p1a: Godzilla|Protect\n|move|p2b: Gyarados|Waterfall|p1a: Godzilla\n|-activate|p1a: Godzilla|move: Protect\n|move|p2a: Rotom|Hydro Pump|p1b: Wolfey\n|-supereffective|p1b: Wolfey|1\n|-damage|p1b: Wolfey|14/100\n|move|p1b: Wolfey|Darkest Lariat|p2b: Gyarados\n|-damage|p2b: Gyarados|0 fnt\n|faint|p2b: Gyarados\n|\n|-weather|Sandstorm|[upkeep]\n|-damage|p2a: Rotom|95/100|[from] Sandstorm\n|-damage|p1b: Wolfey|8/100|[from] Sandstorm\n|-heal|p2a: Rotom|100/100|[from] item: Leftovers\n|-heal|p1a: Godzilla|69/100|[from] item: Leftovers\n|upkeep\n|turn|6\n|\n|t:|1776422831\n|move|p2a: Rotom|Discharge|p1b: Wolfey|[spread] p1a,p1b\n|-damage|p1a: Godzilla|55/100\n|-damage|p1b: Wolfey|0 fnt\n|faint|p1b: Wolfey\n|move|p1a: Godzilla|Knock Off|p2a: Rotom\n|-damage|p2a: Rotom|68/100\n|-enditem|p2a: Rotom|Leftovers|[from] move: Knock Off|[of] p1a: Godzilla\n|\n|-weather|none\n|-heal|p1a: Godzilla|61/100|[from] item: Leftovers\n|upkeep\n|turn|7\n|\n|t:|1776422846\n|move|p1a: Godzilla|Protect|p1a: Godzilla\n|-singleturn|p1a: Godzilla|Protect\n|move|p2a: Rotom|Hydro Pump|p1a: Godzilla\n|-activate|p1a: Godzilla|move: Protect\n|\n|-heal|p1a: Godzilla|67/100|[from] item: Leftovers\n|upkeep\n|turn|8\n|\n|t:|1776422858\n|move|p2a: Rotom|Will-O-Wisp|p1a: Godzilla|[miss]\n|-miss|p2a: Rotom|p1a: Godzilla\n|move|p1a: Godzilla|Rock Slide|p2a: Rotom\n|-damage|p2a: Rotom|44/100\n|\n|-heal|p1a: Godzilla|72/100|[from] item: Leftovers\n|upkeep\n|turn|9\n|\n|t:|1776422872\n|move|p1a: Godzilla|Protect|p1a: Godzilla\n|-singleturn|p1a: Godzilla|Protect\n|move|p2a: Rotom|Will-O-Wisp|p1a: Godzilla\n|-activate|p1a: Godzilla|move: Protect\n|\n|-heal|p1a: Godzilla|78/100|[from] item: Leftovers\n|upkeep\n|turn|10\n|c|\u2606Aiden4115|Oh brother\n|\n|t:|1776422884\n|move|p2a: Rotom|Will-O-Wisp|p1a: Godzilla\n|-status|p1a: Godzilla|brn\n|move|p1a: Godzilla|Rock Slide|p2a: Rotom|[miss]\n|-miss|p1a: Godzilla|p2a: Rotom\n|\n|-heal|p1a: Godzilla|84/100 brn|[from] item: Leftovers\n|-damage|p1a: Godzilla|78/100 brn|[from] brn\n|upkeep\n|turn|11\n|\n|t:|1776422904\n|move|p1a: Godzilla|Protect|p1a: Godzilla\n|-singleturn|p1a: Godzilla|Protect\n|move|p2a: Rotom|Discharge|p1a: Godzilla\n|-activate|p1a: Godzilla|move: Protect\n|\n|-heal|p1a: Godzilla|84/100 brn|[from] item: Leftovers\n|-damage|p1a: Godzilla|78/100 brn|[from] brn\n|upkeep\n|turn|12\n|\n|t:|1776422914\n|move|p2a: Rotom|Hydro Pump|p1a: Godzilla\n|-supereffective|p1a: Godzilla|1\n|-damage|p1a: Godzilla|3/100 brn\n|move|p1a: Godzilla|Rock Slide|p2a: Rotom\n|-damage|p2a: Rotom|33/100\n|\n|-heal|p1a: Godzilla|9/100 brn|[from] item: Leftovers\n|-damage|p1a: Godzilla|3/100 brn|[from] brn\n|upkeep\n|turn|13\n|\n|t:|1776422926\n|move|p1a: Godzilla|Protect|p1a: Godzilla\n|-singleturn|p1a: Godzilla|Protect\n|move|p2a: Rotom|Discharge|p1a: Godzilla\n|-activate|p1a: Godzilla|move: Protect\n|\n|-heal|p1a: Godzilla|9/100 brn|[from] item: Leftovers\n|-damage|p1a: Godzilla|3/100 brn|[from] brn\n|upkeep\n|turn|14\n|\n|t:|1776422940\n|move|p1a: Godzilla|Protect|p1a: Godzilla\n|-singleturn|p1a: Godzilla|Protect\n|move|p2a: Rotom|Discharge|p1a: Godzilla\n|-activate|p1a: Godzilla|move: Protect\n|\n|-heal|p1a: Godzilla|9/100 brn|[from] item: Leftovers\n|-damage|p1a: Godzilla|3/100 brn|[from] brn\n|upkeep\n|turn|15\n|\n|t:|1776422952\n|move|p2a: Rotom|Discharge|p1a: Godzilla\n|-damage|p1a: Godzilla|0 fnt\n|faint|p1a: Godzilla\n|\n|win|Aiden4115\n|raw|solefact's rating: 1106 &rarr; <strong>1076</strong><br />(-30 for losing)\n|raw|Aiden4115's rating: 1038 &rarr; <strong>1079</strong><br />(+41 for winning)\n|l|\u2606solefact\n|player|p1|\n",
  "uploadtime": 1776422971,
  "views": 47,
  "formatid": "gen9championsvgc2026regma",
  "rating": 1076,
  "private": 0,
  "password": null
}