{
  "id": "gen9championsvgc2026regma-2585632102",
  "format": "[Gen 9 Champions] VGC 2026 Reg M-A",
  "players": [
    "raullv",
    "helyo283"
  ],
  "log": "|j|\u2606raullv\n|j|\u2606helyo283\n|t:|1776360114\n|gametype|doubles\n|player|p1|raullv|blackbelt|1179\n|player|p2|helyo283|101|1119\n|gen|9\n|tier|[Gen 9 Champions] VGC 2026 Reg M-A\n|rated|\n|rule|Species Clause: Limit one of each Pok\u00e9mon\n|rule|Item Clause: Limit 1 of each item\n|clearpoke\n|poke|p1|Hatterene, L50, F|\n|poke|p1|Farigiraf, L50, M|\n|poke|p1|Golurk, L50|\n|poke|p1|Maushold-Four, L50|\n|poke|p1|Aerodactyl, L50, M|\n|poke|p1|Torkoal, L50, M|\n|poke|p2|Incineroar, L50, F|\n|poke|p2|Gengar, L50, M|\n|poke|p2|Floette-Eternal, L50, F|\n|poke|p2|Politoed, L50, F|\n|poke|p2|Whimsicott, L50, M|\n|poke|p2|Kommo-o, L50, M|\n|teampreview|4\n|inactive|Battle timer is ON: inactive players will automatically lose when time's up. (requested by helyo283)\n|\n|t:|1776360144\n|teamsize|p1|4\n|teamsize|p2|4\n|start\n|switch|p1a: Maushold|Maushold-Four, L50|100/100\n|switch|p1b: Golurk|Golurk, L50|100/100\n|switch|p2a: Incineroar|Incineroar, L50, F|100/100\n|switch|p2b: Gengar|Gengar, L50, M|100/100\n|-ability|p2a: Incineroar|Intimidate|boost\n|-unboost|p1a: Maushold|atk|1\n|-unboost|p1b: Golurk|atk|1\n|turn|1\n|\n|t:|1776360158\n|detailschange|p1b: Golurk|Golurk-Mega, L50\n|-mega|p1b: Golurk|Golurk|Golurkite\n|move|p2b: Gengar|Protect|p2b: Gengar\n|-singleturn|p2b: Gengar|Protect\n|move|p2a: Incineroar|Fake Out|p1a: Maushold\n|-damage|p1a: Maushold|87/100\n|cant|p1a: Maushold|flinch\n|move|p1b: Golurk|Headlong Rush|p2b: Gengar\n|-supereffective|p2b: Gengar|1\n|-ability|p1b: Golurk|Unseen Fist\n|-zbroken|p2b: Gengar\n|-damage|p2b: Gengar|46/100\n|-unboost|p1b: Golurk|def|1\n|-unboost|p1b: Golurk|spd|1\n|\n|upkeep\n|turn|2\n|inactive|helyo283 has 30 seconds left.\n|\n|t:|1776360190\n|switch|p2b: Politoed|Politoed, L50, F|100/100\n|-weather|RainDance|[from] ability: Drizzle|[of] p2b: Politoed\n|move|p1a: Maushold|After You|p1b: Golurk\n|-activate|p1b: Golurk|move: After You\n|move|p1b: Golurk|Headlong Rush|p2b: Politoed\n|-damage|p2b: Politoed|50/100\n|-unboost|p1b: Golurk|def|1\n|-unboost|p1b: Golurk|spd|1\n|-enditem|p2b: Politoed|Sitrus Berry|[eat]\n|-heal|p2b: Politoed|75/100|[from] item: Sitrus Berry\n|move|p2a: Incineroar|Throat Chop|p1b: Golurk\n|-supereffective|p1b: Golurk|1\n|-damage|p1b: Golurk|9/100\n|-start|p1b: Golurk|Throat Chop|[silent]\n|\n|-weather|RainDance|[upkeep]\n|upkeep\n|turn|3\n|inactive|helyo283 has 30 seconds left.\n|inactive|helyo283 has 20 seconds left.\n|inactive|helyo283 has 15 seconds left.\n|\n|t:|1776360233\n|switch|p1b: Torkoal|Torkoal, L50, M|100/100\n|-weather|SunnyDay|[from] ability: Drought|[of] p1b: Torkoal\n|move|p1a: Maushold|Follow Me|p1a: Maushold\n|-singleturn|p1a: Maushold|move: Follow Me\n|move|p2b: Politoed|Perish Song|p2b: Politoed\n|-start|p1a: Maushold|perish3|[silent]\n|-start|p1b: Torkoal|perish3|[silent]\n|-start|p2a: Incineroar|perish3|[silent]\n|-start|p2b: Politoed|perish3|[silent]\n|-fieldactivate|move: Perish Song\n|move|p2a: Incineroar|Parting Shot|p1a: Maushold\n|-unboost|p1a: Maushold|atk|1\n|-unboost|p1a: Maushold|spa|1\n|\n|t:|1776360240\n|switch|p2a: Gengar|Gengar, L50, M|46/100|[from] Parting Shot\n|\n|-weather|SunnyDay|[upkeep]\n|-start|p1a: Maushold|perish3\n|-start|p2b: Politoed|perish3\n|-start|p1b: Torkoal|perish3\n|upkeep\n|turn|4\n|\n|t:|1776360257\n|switch|p2b: Incineroar|Incineroar, L50, F|100/100\n|-ability|p2b: Incineroar|Intimidate|boost\n|-unboost|p1a: Maushold|atk|1\n|-unboost|p1b: Torkoal|atk|1\n|detailschange|p2a: Gengar|Gengar-Mega, L50, M\n|-mega|p2a: Gengar|Gengar|Gengarite\n|move|p2a: Gengar|Protect|p2a: Gengar\n|-singleturn|p2a: Gengar|Protect\n|move|p1a: Maushold|After You|p1b: Torkoal\n|-activate|p1b: Torkoal|move: After You\n|move|p1b: Torkoal|Eruption|p2a: Gengar|[spread] p2b\n|-activate|p2a: Gengar|move: Protect\n|-resisted|p2b: Incineroar|1\n|-damage|p2b: Incineroar|66/100\n|\n|-weather|SunnyDay|[upkeep]\n|-start|p1a: Maushold|perish2\n|-start|p1b: Torkoal|perish2\n|upkeep\n|turn|5\n|inactive|raullv has 30 seconds left.\n|inactive|helyo283 has 30 seconds left.\n|inactive|helyo283 has 20 seconds left.\n|\n|t:|1776360295\n|move|p2b: Incineroar|Fake Out|p1b: Torkoal\n|-crit|p1b: Torkoal\n|-damage|p1b: Torkoal|91/100\n|move|p2a: Gengar|Sludge Bomb|p1b: Torkoal\n|-damage|p1b: Torkoal|35/100\n|move|p1a: Maushold|Encore|p2a: Gengar\n|-start|p2a: Gengar|Encore\n|cant|p1b: Torkoal|flinch\n|\n|-weather|SunnyDay|[upkeep]\n|-start|p1a: Maushold|perish1\n|-start|p1b: Torkoal|perish1\n|upkeep\n|turn|6\n|\n|t:|1776360311\n|switch|p2a: Politoed|Politoed, L50, F|75/100\n|-weather|RainDance|[from] ability: Drizzle|[of] p2a: Politoed\n|move|p1a: Maushold|After You|p1b: Torkoal\n|-activate|p1b: Torkoal|move: After You\n|move|p1b: Torkoal|Heat Wave|p2a: Politoed|[spread] p2a\n|-miss|p1b: Torkoal|p2b: Incineroar\n|-resisted|p2a: Politoed|1\n|-damage|p2a: Politoed|67/100\n|move|p2b: Incineroar|Parting Shot|p1a: Maushold\n|-unboost|p1a: Maushold|atk|1\n|-unboost|p1a: Maushold|spa|1\n|\n|t:|1776360327\n|switch|p2b: Gengar|Gengar-Mega, L50, M|46/100|[from] Parting Shot\n|\n|-weather|RainDance|[upkeep]\n|-start|p1a: Maushold|perish0\n|-start|p1b: Torkoal|perish0\n|upkeep\n|faint|p1a: Maushold\n|faint|p1b: Torkoal\n|\n|t:|1776360333\n|switch|p1a: Golurk|Golurk-Mega, L50|9/100\n|switch|p1b: Aerodactyl|Aerodactyl, L50, M|100/100\n|-ability|p1b: Aerodactyl|Unnerve\n|turn|7\n|\n|t:|1776360353\n|switch|p2b: Incineroar|Incineroar, L50, F|66/100\n|-ability|p2b: Incineroar|Intimidate|boost\n|-unboost|p1a: Golurk|atk|1\n|-unboost|p1b: Aerodactyl|atk|1\n|move|p1b: Aerodactyl|Rock Slide|p2a: Politoed|[spread] p2a,p2b\n|-supereffective|p2b: Incineroar|1\n|-damage|p2a: Politoed|52/100\n|-damage|p2b: Incineroar|35/100\n|move|p2a: Politoed|Perish Song|p2a: Politoed\n|-start|p1a: Golurk|perish3|[silent]\n|-start|p1b: Aerodactyl|perish3|[silent]\n|-start|p2a: Politoed|perish3|[silent]\n|-start|p2b: Incineroar|perish3|[silent]\n|-fieldactivate|move: Perish Song\n|move|p1a: Golurk|Drain Punch|p2a: Politoed\n|-damage|p2a: Politoed|31/100\n|-heal|p1a: Golurk|19/100|[from] drain|[of] p2a: Politoed\n|\n|-weather|RainDance|[upkeep]\n|-start|p1b: Aerodactyl|perish3\n|-start|p2a: Politoed|perish3\n|-start|p2b: Incineroar|perish3\n|-start|p1a: Golurk|perish3\n|upkeep\n|turn|8\n|c|\u2606raullv|WoW\n|c|\u2606raullv|So cool\n|-message|raullv forfeited.\n|\n|win|helyo283\n|raw|raullv's rating: 1179 &rarr; <strong>1150</strong><br />(-29 for losing)\n|raw|helyo283's rating: 1119 &rarr; <strong>1148</strong><br />(+29 for winning)\n|l|\u2606raullv\n|player|p1|\n|l|\u2606helyo283\n|player|p2|\n|j|\u2606helyo283\n|player|p2|helyo283|101|\n|l|\u2606helyo283\n|player|p2|\n|j|\u2606helyo283\n|player|p2|helyo283|101|\n",
  "uploadtime": 1776360591,
  "views": 16,
  "formatid": "gen9championsvgc2026regma",
  "rating": 1148,
  "private": 0,
  "password": null
}