{
  "id": "gen9championsvgc2026regma-2585578189",
  "format": "[Gen 9 Champions] VGC 2026 Reg M-A",
  "players": [
    "zorolink007",
    "tonybravais"
  ],
  "log": "|j|\u2606zorolink007\n|j|\u2606tonybravais\n|t:|1776356693\n|gametype|doubles\n|player|p1|zorolink007|266|1203\n|player|p2|tonybravais|102|1120\n|gen|9\n|tier|[Gen 9 Champions] VGC 2026 Reg M-A\n|rated|\n|rule|Species Clause: Limit one of each Pok\u00e9mon\n|rule|Item Clause: Limit 1 of each item\n|clearpoke\n|poke|p1|Camerupt, L50, F|\n|poke|p1|Farigiraf, L50, F|\n|poke|p1|Torkoal, L50, F|\n|poke|p1|Gallade, L50, M|\n|poke|p1|Kingambit, L50, M|\n|poke|p1|Reuniclus, L50, F|\n|poke|p2|Farigiraf, L50, F|\n|poke|p2|Slowking-Galar, L50, F|\n|poke|p2|Glaceon, L50, M|\n|poke|p2|Empoleon, L50, M|\n|poke|p2|Golurk, L50|\n|poke|p2|Camerupt, L50, M|\n|teampreview|4\n|inactive|Battle timer is ON: inactive players will automatically lose when time's up. (requested by zorolink007)\n|inactive|tonybravais has 60 seconds left.\n|\n|t:|1776356734\n|teamsize|p1|4\n|teamsize|p2|4\n|start\n|switch|p1a: Farigiraf|Farigiraf, L50, F|100/100\n|switch|p1b: Gallade|Gallade, L50, M|100/100\n|switch|p2a: Slowking|Slowking-Galar, L50, F|100/100\n|switch|p2b: Golurk|Golurk, L50|100/100\n|turn|1\n|inactive|zorolink007 has 30 seconds left.\n|inactive|tonybravais has 30 seconds left.\n|\n|t:|1776356763\n|detailschange|p2b: Golurk|Golurk-Mega, L50\n|-mega|p2b: Golurk|Golurk|Golurkite\n|move|p1b: Gallade|Leaf Blade|p2b: Golurk\n|-supereffective|p2b: Golurk|1\n|-damage|p2b: Golurk|16/100\n|move|p1a: Farigiraf|Energy Ball|p2b: Golurk\n|-supereffective|p2b: Golurk|1\n|-damage|p2b: Golurk|0 fnt\n|faint|p2b: Golurk\n|move|p2a: Slowking|Sludge Bomb|p1a: Farigiraf\n|-damage|p1a: Farigiraf|66/100\n|\n|-heal|p1a: Farigiraf|72/100|[from] item: Leftovers\n|upkeep\n|\n|t:|1776356776\n|switch|p2b: Empoleon|Empoleon, L50, M|100/100\n|turn|2\n|\n|t:|1776356791\n|move|p2b: Empoleon|Protect|p2b: Empoleon\n|-singleturn|p2b: Empoleon|Protect\n|move|p1b: Gallade|Sacred Sword|p2b: Empoleon\n|-activate|p2b: Empoleon|move: Protect\n|move|p1a: Farigiraf|Psychic|p2a: Slowking\n|-damage|p2a: Slowking|72/100\n|-prepare|p2a: Slowking|Chilly Reception|[premajor]\n|move|p2a: Slowking|Chilly Reception|p2a: Slowking\n|-weather|Snowscape\n|\n|t:|1776356801\n|switch|p2a: Glaceon|Glaceon, L50, M|100/100|[from] Chilly Reception\n|\n|-weather|Snowscape|[upkeep]\n|-heal|p1a: Farigiraf|78/100|[from] item: Leftovers\n|upkeep\n|turn|3\n|\n|t:|1776356813\n|switch|p2b: Slowking|Slowking-Galar, L50, F|100/100\n|move|p1b: Gallade|Sacred Sword|p2b: Slowking\n|-resisted|p2b: Slowking|2\n|-damage|p2b: Slowking|77/100\n|move|p2a: Glaceon|Blizzard|p1b: Gallade|[spread] p1a,p1b\n|-damage|p1a: Farigiraf|30/100\n|-damage|p1b: Gallade|58/100\n|-status|p1a: Farigiraf|frz\n|cant|p1a: Farigiraf|frz\n|\n|-weather|Snowscape|[upkeep]\n|-heal|p1a: Farigiraf|36/100 frz|[from] item: Leftovers\n|upkeep\n|turn|4\n|\n|t:|1776356837\n|cant|p1a: Farigiraf|frz\n|move|p2a: Glaceon|Blizzard|p1b: Gallade|[spread] p1a,p1b\n|-damage|p1a: Farigiraf|0 fnt\n|-damage|p1b: Gallade|16/100\n|-status|p1b: Gallade|frz\n|faint|p1a: Farigiraf\n|move|p2b: Slowking|Eerie Spell|p1b: Gallade\n|-damage|p1b: Gallade|0 fnt\n|faint|p1b: Gallade\n|\n|-weather|Snowscape|[upkeep]\n|upkeep\n|c|\u2606zorolink007|you are so good\n|\n|t:|1776356850\n|switch|p1b: Camerupt|Camerupt, L50, F|100/100\n|switch|p1a: Torkoal|Torkoal, L50, F|100/100\n|-weather|SunnyDay|[from] ability: Drought|[of] p1a: Torkoal\n|turn|5\n|\n|t:|1776356864\n|detailschange|p1b: Camerupt|Camerupt-Mega, L50, F\n|-mega|p1b: Camerupt|Camerupt|Cameruptite\n|move|p2a: Glaceon|Protect|p2a: Glaceon\n|-singleturn|p2a: Glaceon|Protect\n|-prepare|p2b: Slowking|Chilly Reception|[premajor]\n|move|p2b: Slowking|Chilly Reception|p2b: Slowking\n|-weather|Snowscape\n|\n|t:|1776356871\n|switch|p2b: Empoleon|Empoleon, L50, M|100/100|[from] Chilly Reception\n|move|p1a: Torkoal|Heat Wave|p2a: Glaceon|[spread] p2b\n|-activate|p2a: Glaceon|move: Protect\n|-damage|p2b: Empoleon|66/100\n|-status|p2b: Empoleon|brn\n|move|p1b: Camerupt|Heat Wave|p2a: Glaceon|[spread] p2b\n|-activate|p2a: Glaceon|move: Protect\n|-damage|p2b: Empoleon|9/100 brn\n|\n|-weather|Snowscape|[upkeep]\n|-damage|p2b: Empoleon|3/100 brn|[from] brn\n|upkeep\n|turn|6\n|inactive|tonybravais has 30 seconds left.\n|\n|t:|1776356899\n|move|p2a: Glaceon|Blizzard|p1a: Torkoal|[spread] p1a,p1b\n|-resisted|p1a: Torkoal|1\n|-damage|p1a: Torkoal|67/100\n|-damage|p1b: Camerupt|56/100\n|move|p2b: Empoleon|Hydro Pump|p1a: Torkoal\n|-supereffective|p1a: Torkoal|1\n|-damage|p1a: Torkoal|0 fnt\n|faint|p1a: Torkoal\n|-heal|p2b: Empoleon|10/100 brn|[from] item: Shell Bell|[of] p1: Torkoal\n|move|p1b: Camerupt|Heat Wave|p2b: Empoleon|[spread] p2a,p2b\n|-supereffective|p2a: Glaceon|1\n|-damage|p2a: Glaceon|0 fnt\n|-damage|p2b: Empoleon|0 fnt\n|faint|p2a: Glaceon\n|faint|p2b: Empoleon\n|\n|-weather|Snowscape|[upkeep]\n|upkeep\n|\n|t:|1776356914\n|switch|p2a: Slowking|Slowking-Galar, L50, F|100/100\n|turn|7\n|\n|t:|1776356919\n|move|p2a: Slowking|Eerie Spell|p1b: Camerupt\n|-damage|p1b: Camerupt|28/100\n|-activate|p1b: Camerupt|move: Eerie Spell|Heat Wave|3\n|move|p1b: Camerupt|Earth Power|p2a: Slowking\n|-supereffective|p2a: Slowking|1\n|-damage|p2a: Slowking|11/100\n|\n|-weather|Snowscape|[upkeep]\n|upkeep\n|turn|8\n|c|\u2606tonybravais|GG\n|c|\u2606zorolink007|no\n|c|\u2606tonybravais|nice team\n|inactive|zorolink007 has 30 seconds left.\n|c|\u2606tonybravais|your gallade was cool\n|\n|t:|1776356954\n|move|p2a: Slowking|Eerie Spell|p1b: Camerupt\n|-damage|p1b: Camerupt|0 fnt\n|faint|p1b: Camerupt\n|\n|win|tonybravais\n|raw|zorolink007's rating: 1203 &rarr; <strong>1172</strong><br />(-31 for losing)\n|raw|tonybravais's rating: 1120 &rarr; <strong>1151</strong><br />(+31 for winning)\n",
  "uploadtime": 1776356962,
  "views": 22,
  "formatid": "gen9championsvgc2026regma",
  "rating": 1151,
  "private": 0,
  "password": null
}