{
  "id": "gen9championsvgc2026regma-2587642784",
  "format": "[Gen 9 Champions] VGC 2026 Reg M-A",
  "players": [
    "Jeazoal",
    "Xcremento"
  ],
  "log": "|j|\u2606Jeazoal\n|j|\u2606Xcremento\n|t:|1776549717\n|gametype|doubles\n|player|p1|Jeazoal|pokemonranger-gen4|1156\n|player|p2|Xcremento|266|1055\n|gen|9\n|tier|[Gen 9 Champions] VGC 2026 Reg M-A\n|rated|\n|rule|Species Clause: Limit one of each Pok\u00e9mon\n|rule|Item Clause: Limit 1 of each item\n|clearpoke\n|poke|p1|Pelipper, L50, M|\n|poke|p1|Basculegion, L50, M|\n|poke|p1|Archaludon, L50, M|\n|poke|p1|Sinistcha, L50|\n|poke|p1|Dragonite, L50, F|\n|poke|p1|Sneasler, L50, F|\n|poke|p2|Tyranitar, L50, M|\n|poke|p2|Milotic, L50, F|\n|poke|p2|Excadrill, L50, M|\n|poke|p2|Whimsicott, L50, F, shiny|\n|poke|p2|Zoroark-Hisui, L50, M|\n|poke|p2|Basculegion, L50, M|\n|teampreview|4\nJeazoal rejected open team sheets.\n|inactive|Battle timer is ON: inactive players will automatically lose when time's up. (requested by Xcremento)\n|\n|t:|1776549746\n|teamsize|p1|4\n|teamsize|p2|4\n|start\n|switch|p1a: Sinistcha|Sinistcha, L50|100/100\n|switch|p1b: Dragonite|Dragonite, L50, F|100/100\n|switch|p2a: Basculegion|Basculegion, L50, M|100/100\n|switch|p2b: Whimsicott|Whimsicott, L50, F, shiny|100/100\n|turn|1\n|\n|t:|1776549768\n|detailschange|p1b: Dragonite|Dragonite-Mega, L50, F\n|-mega|p1b: Dragonite|Dragonite|Dragoninite\n|move|p2a: Basculegion|Flip Turn|p1a: Sinistcha\n|-resisted|p1a: Sinistcha|1\n|-damage|p1a: Sinistcha|84/100\n|\n|t:|1776549780\n|switch|p2a: Tyranitar|Tyranitar, L50, M|100/100|[from] Flip Turn\n|-weather|Sandstorm|[from] ability: Sand Stream|[of] p2a: Tyranitar\n|move|p2b: Whimsicott|Taunt|p1a: Sinistcha\n|-start|p1a: Sinistcha|move: Taunt\n|move|p1b: Dragonite|Hurricane|p2b: Whimsicott\n|-damage|p2b: Whimsicott|0 fnt\n|replace|p2b: Zoroark|Zoroark-Hisui, L50, M\n|-end|p2b: Zoroark|Illusion\n|faint|p2b: Zoroark\n|move|p1a: Sinistcha|Matcha Gotcha|p2a: Tyranitar\n|-supereffective|p2a: Tyranitar|1\n|-damage|p2a: Tyranitar|59/100\n|-heal|p1a: Sinistcha|100/100|[from] drain|[of] p2a: Tyranitar\n|\n|-weather|Sandstorm|[upkeep]\n|-damage|p1b: Dragonite|95/100|[from] Sandstorm\n|-damage|p1a: Sinistcha|94/100|[from] Sandstorm\n|upkeep\n|\n|t:|1776549800\n|switch|p2b: Whimsicott|Whimsicott, L50, F, shiny|100/100\n|turn|2\n|\n|t:|1776549823\n|switch|p1b: Pelipper|Pelipper, L50, M|100/100\n|-weather|RainDance|[from] ability: Drizzle|[of] p1b: Pelipper\n|detailschange|p2a: Tyranitar|Tyranitar-Mega, L50, M\n|-mega|p2a: Tyranitar|Tyranitar|Tyranitarite\n|-weather|Sandstorm|[from] ability: Sand Stream|[of] p2a: Tyranitar\n|move|p2b: Whimsicott|Tailwind|p2b: Whimsicott\n|-sidestart|p2: Xcremento|move: Tailwind\n|move|p2a: Tyranitar|Rock Slide|p1a: Sinistcha|[spread] p1a,p1b\n|-supereffective|p1b: Pelipper|1\n|-damage|p1a: Sinistcha|61/100\n|-enditem|p1b: Pelipper|Focus Sash\n|-damage|p1b: Pelipper|1/100\n|move|p1a: Sinistcha|Matcha Gotcha|p2a: Tyranitar|[spread] p2b\n|-miss|p1a: Sinistcha|p2a: Tyranitar\n|-resisted|p2b: Whimsicott|1\n|-damage|p2b: Whimsicott|85/100\n|-heal|p1a: Sinistcha|68/100|[from] drain|[of] p2b: Whimsicott\n|-status|p2b: Whimsicott|brn\n|\n|-weather|Sandstorm|[upkeep]\n|-damage|p2b: Whimsicott|79/100 brn|[from] Sandstorm\n|-damage|p1b: Pelipper|0 fnt|[from] Sandstorm\n|-damage|p1a: Sinistcha|62/100|[from] Sandstorm\n|faint|p1b: Pelipper\n|-damage|p2b: Whimsicott|73/100 brn|[from] brn\n|upkeep\n|inactive|Jeazoal has 30 seconds left.\n|\n|t:|1776549855\n|switch|p1b: Basculegion|Basculegion, L50, M|100/100\n|turn|3\n|inactive|Xcremento has 30 seconds left.\n|\n|t:|1776549882\n|move|p2a: Tyranitar|Protect|p2a: Tyranitar\n|-singleturn|p2a: Tyranitar|Protect\n|move|p2b: Whimsicott|Moonblast|p1a: Sinistcha\n|-damage|p1a: Sinistcha|36/100\n|-enditem|p1a: Sinistcha|Sitrus Berry|[eat]\n|-heal|p1a: Sinistcha|61/100|[from] item: Sitrus Berry\n|move|p1b: Basculegion|Wave Crash|p2a: Tyranitar\n|-activate|p2a: Tyranitar|move: Protect\n|move|p1a: Sinistcha|Matcha Gotcha|p2a: Tyranitar|[spread] p2b\n|-activate|p2a: Tyranitar|move: Protect\n|-resisted|p2b: Whimsicott|1\n|-damage|p2b: Whimsicott|55/100 brn\n|-heal|p1a: Sinistcha|70/100|[from] drain|[of] p2b: Whimsicott\n|\n|-weather|Sandstorm|[upkeep]\n|-damage|p2b: Whimsicott|49/100 brn|[from] Sandstorm\n|-damage|p1b: Basculegion|94/100|[from] Sandstorm\n|-damage|p1a: Sinistcha|63/100|[from] Sandstorm\n|-damage|p2b: Whimsicott|43/100 brn|[from] brn\n|-end|p1a: Sinistcha|move: Taunt\n|upkeep\n|turn|4\n|inactive|Xcremento has 30 seconds left.\n|\n|t:|1776549917\n|move|p2b: Whimsicott|Encore|p1a: Sinistcha\n|-start|p1a: Sinistcha|Encore\n|move|p2a: Tyranitar|Knock Off|p1b: Basculegion\n|-supereffective|p1b: Basculegion|1\n|-damage|p1b: Basculegion|0 fnt\n|-enditem|p1b: Basculegion|Mystic Water|[from] move: Knock Off|[of] p2a: Tyranitar\n|faint|p1b: Basculegion\n|move|p1a: Sinistcha|Matcha Gotcha|p2a: Tyranitar|[spread] p2a\n|-miss|p1a: Sinistcha|p2b: Whimsicott\n|-supereffective|p2a: Tyranitar|1\n|-damage|p2a: Tyranitar|32/100\n|-heal|p1a: Sinistcha|77/100|[from] drain|[of] p2a: Tyranitar\n|-status|p2a: Tyranitar|brn\n|\n|-weather|Sandstorm|[upkeep]\n|-damage|p2b: Whimsicott|37/100 brn|[from] Sandstorm\n|-damage|p1a: Sinistcha|71/100|[from] Sandstorm\n|-damage|p2b: Whimsicott|31/100 brn|[from] brn\n|-damage|p2a: Tyranitar|26/100 brn|[from] brn\n|upkeep\n|\n|t:|1776549933\n|switch|p1b: Dragonite|Dragonite-Mega, L50, F|95/100\n|turn|5\n|\n|t:|1776549943\n|move|p2b: Whimsicott|Moonblast|p1b: Dragonite\n|-supereffective|p1b: Dragonite|1\n|-damage|p1b: Dragonite|48/100\n|move|p2a: Tyranitar|Rock Slide|p1b: Dragonite|[spread] p1a,p1b\n|-supereffective|p1b: Dragonite|1\n|-damage|p1a: Sinistcha|54/100\n|-damage|p1b: Dragonite|12/100\n|cant|p1b: Dragonite|flinch\n|move|p1a: Sinistcha|Matcha Gotcha|p2a: Tyranitar|[spread] p2a\n|-miss|p1a: Sinistcha|p2b: Whimsicott\n|-supereffective|p2a: Tyranitar|1\n|-damage|p2a: Tyranitar|0 fnt\n|-heal|p1a: Sinistcha|67/100|[from] drain|[of] p2a: Tyranitar\n|faint|p2a: Tyranitar\n|\n|-weather|Sandstorm|[upkeep]\n|-damage|p2b: Whimsicott|25/100 brn|[from] Sandstorm\n|-damage|p1b: Dragonite|6/100|[from] Sandstorm\n|-damage|p1a: Sinistcha|61/100|[from] Sandstorm\n|-damage|p2b: Whimsicott|19/100 brn|[from] brn\n|-sideend|p2: Xcremento|move: Tailwind\n|upkeep\n|\n|t:|1776549965\n|switch|p2a: Basculegion|Basculegion, L50, M|100/100\n|turn|6\n|\n|t:|1776549982\n|move|p2a: Basculegion|Last Respects|p1a: Sinistcha\n|-supereffective|p1a: Sinistcha|1\n|-damage|p1a: Sinistcha|0 fnt\n|faint|p1a: Sinistcha\n|move|p2b: Whimsicott|Moonblast|p1b: Dragonite\n|-supereffective|p1b: Dragonite|1\n|-damage|p1b: Dragonite|0 fnt\n|faint|p1b: Dragonite\n|\n|win|Xcremento\n|raw|Jeazoal's rating: 1156 &rarr; <strong>1124</strong><br />(-32 for losing)\n|raw|Xcremento's rating: 1055 &rarr; <strong>1096</strong><br />(+41 for winning)\n|l|\u2606Xcremento\n|player|p2|\n",
  "uploadtime": 1776550087,
  "views": 17,
  "formatid": "gen9championsvgc2026regma",
  "rating": 1096,
  "private": 0,
  "password": null
}