{
  "id": "gen9championsvgc2026regma-2587103797",
  "format": "[Gen 9 Champions] VGC 2026 Reg M-A",
  "players": [
    "iceman5687",
    "Pucuk"
  ],
  "log": "|j|\u2606iceman5687\n|j|\u2606Pucuk\n|t:|1776493889\n|gametype|doubles\n|player|p1|iceman5687|265|1165\n|player|p2|Pucuk|265|1109\n|gen|9\n|tier|[Gen 9 Champions] VGC 2026 Reg M-A\n|rated|\n|rule|Species Clause: Limit one of each Pok\u00e9mon\n|rule|Item Clause: Limit 1 of each item\n|clearpoke\n|poke|p1|Feraligatr, L50, M|\n|poke|p1|Aerodactyl, L50, F|\n|poke|p1|Sinistcha, L50|\n|poke|p1|Sylveon, L50, M|\n|poke|p1|Charizard, L50, F|\n|poke|p1|Sneasler, L50, F|\n|poke|p2|Aerodactyl, L50, M|\n|poke|p2|Incineroar, L50, M, shiny|\n|poke|p2|Kangaskhan, L50, F|\n|poke|p2|Gardevoir, L50, F, shiny|\n|poke|p2|Oranguru, L50, M|\n|poke|p2|Steelix, L50, F, shiny|\n|teampreview|4\n|inactive|Battle timer is ON: inactive players will automatically lose when time's up. (requested by Pucuk)\n|\n|t:|1776493946\n|teamsize|p1|4\n|teamsize|p2|4\n|start\n|switch|p1a: Sinistcha|Sinistcha, L50|100/100\n|switch|p1b: Sneasler|Sneasler, L50, F|100/100\n|switch|p2a: Aerodactyl|Aerodactyl, L50, M|100/100\n|switch|p2b: Incineroar|Incineroar, L50, M, shiny|100/100\n|-ability|p2a: Aerodactyl|Unnerve\n|-ability|p2b: Incineroar|Intimidate|boost\n|-unboost|p1a: Sinistcha|atk|1\n|-unboost|p1b: Sneasler|atk|1\n|-enditem|p1b: Sneasler|White Herb\n|-clearnegativeboost|p1b: Sneasler|[silent]\n|turn|1\n|inactive|iceman5687 has 30 seconds left.\n|\n|t:|1776493972\n|switch|p1a: Feraligatr|Feraligatr, L50, M|100/100\n|move|p1b: Sneasler|Protect|p1b: Sneasler\n|-singleturn|p1b: Sneasler|Protect\n|move|p2a: Aerodactyl|Protect|p2a: Aerodactyl\n|-singleturn|p2a: Aerodactyl|Protect\n|move|p2b: Incineroar|Fake Out|p1b: Sneasler\n|-activate|p1b: Sneasler|move: Protect\n|\n|upkeep\n|turn|2\n|\n|t:|1776493996\n|detailschange|p1a: Feraligatr|Feraligatr-Mega, L50, M\n|-mega|p1a: Feraligatr|Feraligatr|Feraligite\n|move|p1a: Feraligatr|Aqua Jet|p2a: Aerodactyl\n|-supereffective|p2a: Aerodactyl|1\n|-damage|p2a: Aerodactyl|19/100\n|move|p1b: Sneasler|Dire Claw|p2a: Aerodactyl\n|-resisted|p2a: Aerodactyl|1\n|-damage|p2a: Aerodactyl|0 fnt\n|faint|p2a: Aerodactyl\n|move|p2b: Incineroar|Parting Shot|p1a: Feraligatr\n|-unboost|p1a: Feraligatr|atk|1\n|-unboost|p1a: Feraligatr|spa|1\n|\n|t:|1776494007\n|switch|p2b: Oranguru|Oranguru, L50, M|100/100|[from] Parting Shot\n|\n|upkeep\n|\n|t:|1776494010\n|switch|p2a: Steelix|Steelix, L50, F, shiny|100/100\n|turn|3\n|\n|t:|1776494024\n|move|p2a: Steelix|Protect|p2a: Steelix\n|-singleturn|p2a: Steelix|Protect\n|move|p1b: Sneasler|Dire Claw|p2b: Oranguru\n|-damage|p2b: Oranguru|59/100\n|move|p1a: Feraligatr|Swords Dance|p1a: Feraligatr\n|-boost|p1a: Feraligatr|atk|2\n|move|p2b: Oranguru|Trick Room|p2b: Oranguru\n|-fieldstart|move: Trick Room|[of] p2b: Oranguru\n|\n|upkeep\n|turn|4\n|inactive|Pucuk has 30 seconds left.\n|\n|t:|1776494056\n|detailschange|p2a: Steelix|Steelix-Mega, L50, F, shiny\n|-mega|p2a: Steelix|Steelix|Steelixite\n|move|p1b: Sneasler|Protect|p1b: Sneasler\n|-singleturn|p1b: Sneasler|Protect\n|move|p1a: Feraligatr|Aqua Jet|p2a: Steelix\n|-supereffective|p2a: Steelix|1\n|-damage|p2a: Steelix|59/100\n|move|p2a: Steelix|Earthquake|p1a: Feraligatr|[spread] p1a\n|-activate|p1b: Sneasler|move: Protect\n|-activate|p2b: Oranguru|ability: Telepathy\n|-damage|p1a: Feraligatr|63/100\n|move|p2b: Oranguru|Instruct|p2a: Steelix\n|-singleturn|p2a: Steelix|move: Instruct|[of] p2b: Oranguru\n|move|p2a: Steelix|Earthquake|p1a: Feraligatr|[spread] p1a\n|-activate|p1b: Sneasler|move: Protect\n|-activate|p2b: Oranguru|ability: Telepathy\n|-damage|p1a: Feraligatr|30/100\n|\n|upkeep\n|turn|5\n|inactive|iceman5687 has 30 seconds left.\n|\n|t:|1776494083\n|switch|p1b: Sinistcha|Sinistcha, L50|100/100\n|-heal|p1a: Feraligatr|55/100|[from] ability: Hospitality|[of] p1b: Sinistcha\n|move|p1a: Feraligatr|Aqua Jet|p2a: Steelix\n|-supereffective|p2a: Steelix|1\n|-damage|p2a: Steelix|18/100\n|move|p2a: Steelix|Earthquake|p1b: Sinistcha|[spread] p1a,p1b\n|-activate|p2b: Oranguru|ability: Telepathy\n|-resisted|p1b: Sinistcha|1\n|-damage|p1a: Feraligatr|17/100\n|-damage|p1b: Sinistcha|82/100\n|move|p2b: Oranguru|Instruct|p2a: Steelix\n|-singleturn|p2a: Steelix|move: Instruct|[of] p2b: Oranguru\n|move|p2a: Steelix|Earthquake|p1b: Sinistcha|[spread] p1a,p1b\n|-activate|p2b: Oranguru|ability: Telepathy\n|-resisted|p1b: Sinistcha|1\n|-damage|p1a: Feraligatr|0 fnt\n|-damage|p1b: Sinistcha|62/100\n|faint|p1a: Feraligatr\n|\n|upkeep\n|\n|t:|1776494093\n|switch|p1a: Sylveon|Sylveon, L50, M|100/100\n|turn|6\n|\n|t:|1776494106\n|move|p1a: Sylveon|Protect|p1a: Sylveon\n|-singleturn|p1a: Sylveon|Protect\n|move|p2a: Steelix|Heavy Slam|p1a: Sylveon\n|-activate|p1a: Sylveon|move: Protect\n|move|p2b: Oranguru|Instruct|p2a: Steelix\n|-singleturn|p2a: Steelix|move: Instruct|[of] p2b: Oranguru\n|move|p2a: Steelix|Heavy Slam|p1a: Sylveon\n|-activate|p1a: Sylveon|move: Protect\n|move|p1b: Sinistcha|Matcha Gotcha|p2b: Oranguru|[spread] p2b\n|-miss|p1b: Sinistcha|p2a: Steelix\n|-damage|p2b: Oranguru|42/100\n|-heal|p1b: Sinistcha|70/100|[from] drain|[of] p2b: Oranguru\n|\n|upkeep\n|turn|7\n|\n|t:|1776494131\n|move|p1a: Sylveon|Quick Attack|p2a: Steelix\n|-resisted|p2a: Steelix|1\n|-damage|p2a: Steelix|14/100\n|move|p2a: Steelix|Heavy Slam|p1a: Sylveon\n|-supereffective|p1a: Sylveon|1\n|-damage|p1a: Sylveon|0 fnt\n|faint|p1a: Sylveon\n|move|p2b: Oranguru|Instruct|p2a: Steelix\n|-singleturn|p2a: Steelix|move: Instruct|[of] p2b: Oranguru\n|move|p2a: Steelix|Heavy Slam|p1b: Sinistcha\n|-damage|p1b: Sinistcha|13/100\n|move|p1b: Sinistcha|Matcha Gotcha|p2b: Oranguru|[spread] p2a,p2b\n|-damage|p2a: Steelix|0 fnt\n|-heal|p1b: Sinistcha|19/100|[from] drain|[of] p2a: Steelix\n|-damage|p2b: Oranguru|24/100\n|-heal|p1b: Sinistcha|27/100|[from] drain|[of] p2b: Oranguru\n|-status|p2b: Oranguru|brn\n|faint|p2a: Steelix\n|\n|-damage|p2b: Oranguru|18/100 brn|[from] brn\n|-fieldend|move: Trick Room\n|upkeep\n|\n|t:|1776494152\n|switch|p1a: Sneasler|Sneasler, L50, F|100/100\n|switch|p2a: Incineroar|Incineroar, L50, M, shiny|100/100\n|-ability|p2a: Incineroar|Intimidate|boost\n|-unboost|p1a: Sneasler|atk|1\n|-unboost|p1b: Sinistcha|atk|1\n|turn|8\n|\n|t:|1776494166\n|move|p1a: Sneasler|Fake Out|p2b: Oranguru\n|-damage|p2b: Oranguru|9/100 brn\n|move|p2a: Incineroar|Fake Out|p1a: Sneasler\n|-damage|p1a: Sneasler|85/100\n|move|p1b: Sinistcha|Matcha Gotcha|p2a: Incineroar|[spread] p2a,p2b\n|-resisted|p2a: Incineroar|1\n|-damage|p2a: Incineroar|92/100\n|-heal|p1b: Sinistcha|33/100|[from] drain|[of] p2a: Incineroar\n|-damage|p2b: Oranguru|0 fnt\n|-heal|p1b: Sinistcha|36/100|[from] drain|[of] p2b: Oranguru\n|faint|p2b: Oranguru\n|\n|upkeep\n|turn|9\n|inactive|Pucuk has 30 seconds left.\n|\n|t:|1776494191\n|move|p1b: Sinistcha|Rage Powder|p1b: Sinistcha\n|-singleturn|p1b: Sinistcha|move: Rage Powder\n|move|p1a: Sneasler|Close Combat|p2a: Incineroar\n|-supereffective|p2a: Incineroar|1\n|-damage|p2a: Incineroar|5/100\n|-unboost|p1a: Sneasler|def|1\n|-unboost|p1a: Sneasler|spd|1\n|-enditem|p2a: Incineroar|Sitrus Berry|[eat]\n|-heal|p2a: Incineroar|30/100|[from] item: Sitrus Berry\n|move|p2a: Incineroar|Flare Blitz|p1b: Sinistcha\n|-supereffective|p1b: Sinistcha|1\n|-damage|p1b: Sinistcha|0 fnt\n|faint|p1b: Sinistcha\n|-damage|p2a: Incineroar|20/100|[from] Recoil\n|\n|upkeep\n|turn|10\n|\n|t:|1776494211\n|move|p1a: Sneasler|Close Combat|p2a: Incineroar\n|-supereffective|p2a: Incineroar|1\n|-damage|p2a: Incineroar|0 fnt\n|-unboost|p1a: Sneasler|def|1\n|-unboost|p1a: Sneasler|spd|1\n|faint|p2a: Incineroar\n|\n|win|iceman5687\n|raw|iceman5687's rating: 1165 &rarr; <strong>1186</strong><br />(+21 for winning)\n|raw|Pucuk's rating: 1109 &rarr; <strong>1088</strong><br />(-21 for losing)\n",
  "uploadtime": 1776494211,
  "views": 13,
  "formatid": "gen9championsvgc2026regma",
  "rating": 1088,
  "private": 0,
  "password": null
}