{
  "id": "gen9championsvgc2026regma-2580480126",
  "format": "[Gen 9 Champions] VGC 2026 Reg M-A",
  "players": [
    "idfkwhatmyteamdoes",
    "Novicebest"
  ],
  "log": "|j|\u203didfkwhatmyteamdoes\n|j|\u2606Novicebest\n|t:|1775902743\n|gametype|doubles\n|player|p1|idfkwhatmyteamdoes|2|1040\n|player|p2|Novicebest|dawn|1000\n|gen|9\n|tier|[Gen 9 Champions] VGC 2026 Reg M-A\n|rated|\n|rule|Species Clause: Limit one of each Pok\u00e9mon\n|rule|Item Clause: Limit 1 of each item\n|clearpoke\n|poke|p1|Victreebel, L50, F|\n|poke|p1|Charizard, L50, F|\n|poke|p1|Incineroar, L50, M|\n|poke|p1|Whimsicott, L50, F|\n|poke|p1|Farigiraf, L50, M|\n|poke|p1|Garchomp, L50, M|\n|poke|p2|Charizard, L50, M|\n|poke|p2|Whimsicott, L50, M|\n|poke|p2|Farigiraf, L50, M|\n|poke|p2|Sneasler, L50, F|\n|poke|p2|Rotom-Wash, L50|\n|poke|p2|Incineroar, L50, M|\n|teampreview|4\n|inactive|Battle timer is ON: inactive players will automatically lose when time's up. (requested by idfkwhatmyteamdoes)\n|inactive|idfkwhatmyteamdoes has 60 seconds left.\n|inactive|Novicebest has 60 seconds left.\n|\n|t:|1775902791\n|teamsize|p1|4\n|teamsize|p2|4\n|start\n|switch|p1a: Whimsicott|Whimsicott, L50, F|100/100\n|switch|p1b: Garchomp|Garchomp, L50, M|100/100\n|switch|p2a: Incineroar|Incineroar, L50, M|100/100\n|switch|p2b: Rotom|Rotom-Wash, L50|100/100\n|-ability|p2a: Incineroar|Intimidate|boost\n|-unboost|p1a: Whimsicott|atk|1\n|-unboost|p1b: Garchomp|atk|1\n|turn|1\n|inactive|Novicebest has 30 seconds left.\n|\n|t:|1775902820\n|move|p1a: Whimsicott|Tailwind|p1a: Whimsicott\n|-sidestart|p1: idfkwhatmyteamdoes|move: Tailwind\n|move|p1b: Garchomp|Swords Dance|p1b: Garchomp\n|-boost|p1b: Garchomp|atk|2\n|move|p2b: Rotom|Nasty Plot|p2b: Rotom\n|-boost|p2b: Rotom|spa|2\n|move|p2a: Incineroar|Parting Shot|p1b: Garchomp\n|-unboost|p1b: Garchomp|atk|1\n|-unboost|p1b: Garchomp|spa|1\n|\n|t:|1775902830\n|switch|p2a: Whimsicott|Whimsicott, L50, M|100/100|[from] Parting Shot\n|\n|upkeep\n|turn|2\n|\n|t:|1775902840\n|move|p2b: Rotom|Protect|p2b: Rotom\n|-singleturn|p2b: Rotom|Protect\n|move|p1a: Whimsicott|Taunt|p2a: Whimsicott\n|-start|p2a: Whimsicott|move: Taunt\n|cant|p2a: Whimsicott|move: Taunt|Taunt\n|move|p1b: Garchomp|Rock Slide|p2a: Whimsicott|[spread] p2a\n|-activate|p2b: Rotom|move: Protect\n|-damage|p2a: Whimsicott|68/100\n|\n|upkeep\n|turn|3\n|\n|t:|1775902861\n|switch|p2a: Incineroar|Incineroar, L50, M|100/100\n|-ability|p2a: Incineroar|Intimidate|boost\n|-unboost|p1a: Whimsicott|atk|1\n|-unboost|p1b: Garchomp|atk|1\n|move|p1b: Garchomp|Rock Slide|p2a: Incineroar|[spread] p2a,p2b\n|-supereffective|p2a: Incineroar|1\n|-crit|p2b: Rotom\n|-damage|p2a: Incineroar|77/100\n|-damage|p2b: Rotom|66/100\n|move|p1a: Whimsicott|Moonblast|p2b: Rotom\n|-damage|p2b: Rotom|39/100\n|move|p2b: Rotom|Hydro Pump|p1b: Garchomp|[miss]\n|-miss|p2b: Rotom|p1b: Garchomp\n|\n|-heal|p2b: Rotom|44/100|[from] item: Leftovers\n|upkeep\n|turn|4\n|\n|t:|1775902885\n|move|p2b: Rotom|Protect|p2b: Rotom\n|-singleturn|p2b: Rotom|Protect\n|move|p1b: Garchomp|Rock Slide|p2a: Incineroar|[spread] p2a\n|-activate|p2b: Rotom|move: Protect\n|-supereffective|p2a: Incineroar|1\n|-damage|p2a: Incineroar|50/100\n|-enditem|p2a: Incineroar|Sitrus Berry|[eat]\n|-heal|p2a: Incineroar|75/100|[from] item: Sitrus Berry\n|move|p1a: Whimsicott|Moonblast|p2b: Rotom\n|-activate|p2b: Rotom|move: Protect\n|move|p2a: Incineroar|Parting Shot|p1b: Garchomp\n|-unboost|p1b: Garchomp|atk|1\n|-unboost|p1b: Garchomp|spa|1\n|\n|t:|1775902900\n|switch|p2a: Whimsicott|Whimsicott, L50, M|68/100|[from] Parting Shot\n|\n|-heal|p2b: Rotom|50/100|[from] item: Leftovers\n|-sideend|p1: idfkwhatmyteamdoes|move: Tailwind\n|upkeep\n|turn|5\n|\n|t:|1775902914\n|move|p2a: Whimsicott|Taunt|p1a: Whimsicott\n|-start|p1a: Whimsicott|move: Taunt\n|cant|p1a: Whimsicott|move: Taunt|Taunt\n|move|p1b: Garchomp|Swords Dance|p1b: Garchomp\n|-boost|p1b: Garchomp|atk|2\n|move|p2b: Rotom|Hydro Pump|p1b: Garchomp|[miss]\n|-miss|p2b: Rotom|p1b: Garchomp\n|\n|-heal|p2b: Rotom|56/100|[from] item: Leftovers\n|upkeep\n|turn|6\n|\n|t:|1775902935\n|switch|p1a: Victreebel|Victreebel, L50, F|100/100\n|move|p2a: Whimsicott|Tailwind|p2a: Whimsicott\n|-sidestart|p2: Novicebest|move: Tailwind\n|move|p2b: Rotom|Hydro Pump|p1b: Garchomp\n|-damage|p1b: Garchomp|0 fnt\n|faint|p1b: Garchomp\n|\n|-heal|p2b: Rotom|62/100|[from] item: Leftovers\n|upkeep\n|\n|t:|1775902947\n|switch|p1b: Charizard|Charizard, L50, F|100/100\n|turn|7\n|\n|t:|1775902955\n|detailschange|p1b: Charizard|Charizard-Mega-Y, L50, F\n|-mega|p1b: Charizard|Charizard|Charizardite Y\n|-weather|SunnyDay|[from] ability: Drought|[of] p1b: Charizard\n|move|p1b: Charizard|Protect|p1b: Charizard\n|-singleturn|p1b: Charizard|Protect\n|move|p2a: Whimsicott|Taunt|p1a: Victreebel\n|-start|p1a: Victreebel|move: Taunt\n|cant|p1a: Victreebel|move: Taunt|Growth\n|move|p2b: Rotom|Thunderbolt|p1b: Charizard\n|-activate|p1b: Charizard|move: Protect\n|\n|-weather|SunnyDay|[upkeep]\n|-heal|p2b: Rotom|67/100|[from] item: Leftovers\n|upkeep\n|turn|8\n|\n|t:|1775902974\n|switch|p1b: Whimsicott|Whimsicott, L50, F|100/100\n|move|p2a: Whimsicott|Moonblast|p1a: Victreebel\n|-resisted|p1a: Victreebel|1\n|-damage|p1a: Victreebel|72/100\n|move|p1a: Victreebel|Sludge Bomb|p2b: Rotom\n|-damage|p2b: Rotom|29/100\n|move|p2b: Rotom|Thunderbolt|p1b: Whimsicott\n|-resisted|p1b: Whimsicott|1\n|-damage|p1b: Whimsicott|55/100\n|\n|-weather|SunnyDay|[upkeep]\n|-heal|p2b: Rotom|34/100|[from] item: Leftovers\n|upkeep\n|turn|9\n|\n|t:|1775902993\n|move|p1b: Whimsicott|Protect|p1b: Whimsicott\n|-singleturn|p1b: Whimsicott|Protect\n|move|p2a: Whimsicott|Taunt|p1b: Whimsicott\n|-activate|p1b: Whimsicott|move: Protect\n|move|p1a: Victreebel|Weather Ball|p2a: Whimsicott\n|-supereffective|p2a: Whimsicott|1\n|-damage|p2a: Whimsicott|0 fnt\n|faint|p2a: Whimsicott\n|move|p2b: Rotom|Thunderbolt|p1b: Whimsicott\n|-activate|p1b: Whimsicott|move: Protect\n|\n|-weather|SunnyDay|[upkeep]\n|-heal|p2b: Rotom|40/100|[from] item: Leftovers\n|-end|p1a: Victreebel|move: Taunt\n|-sideend|p2: Novicebest|move: Tailwind\n|upkeep\n|\n|t:|1775902999\n|switch|p2a: Incineroar|Incineroar, L50, M|75/100\n|-ability|p2a: Incineroar|Intimidate|boost\n|-unboost|p1a: Victreebel|atk|1\n|-unboost|p1b: Whimsicott|atk|1\n|turn|10\n|\n|t:|1775903019\n|move|p2a: Incineroar|Fake Out|p1a: Victreebel\n|-damage|p1a: Victreebel|56/100\n|move|p1b: Whimsicott|Tailwind|p1b: Whimsicott\n|-sidestart|p1: idfkwhatmyteamdoes|move: Tailwind\n|cant|p1a: Victreebel|flinch\n|move|p2b: Rotom|Thunderbolt|p1a: Victreebel\n|-resisted|p1a: Victreebel|1\n|-damage|p1a: Victreebel|0 fnt\n|faint|p1a: Victreebel\n|\n|-weather|SunnyDay|[upkeep]\n|-heal|p2b: Rotom|46/100|[from] item: Leftovers\n|upkeep\n|\n|t:|1775903028\n|switch|p1a: Charizard|Charizard-Mega-Y, L50, F|100/100\n|turn|11\n|\n|t:|1775903038\n|move|p2b: Rotom|Protect|p2b: Rotom\n|-singleturn|p2b: Rotom|Protect\n|move|p1a: Charizard|Heat Wave|p2b: Rotom|[spread] p2a\n|-activate|p2b: Rotom|move: Protect\n|-resisted|p2a: Incineroar|1\n|-damage|p2a: Incineroar|47/100\n|move|p1b: Whimsicott|Moonblast|p2b: Rotom\n|-activate|p2b: Rotom|move: Protect\n|move|p2a: Incineroar|Parting Shot|p1a: Charizard\n|-unboost|p1a: Charizard|atk|1\n|-unboost|p1a: Charizard|spa|1\n|\n|t:|1775903050\n|switch|p2a: Charizard|Charizard, L50, M|100/100|[from] Parting Shot\n|\n|-weather|none\n|-heal|p2b: Rotom|51/100|[from] item: Leftovers\n|upkeep\n|turn|12\n|\n|t:|1775903063\n|move|p1a: Charizard|Protect|p1a: Charizard\n|-singleturn|p1a: Charizard|Protect\n|move|p1b: Whimsicott|Moonblast|p2b: Rotom\n|-crit|p2b: Rotom\n|-damage|p2b: Rotom|15/100\n|move|p2a: Charizard|Heat Wave|p1a: Charizard|[spread] p1b\n|-activate|p1a: Charizard|move: Protect\n|-supereffective|p1b: Whimsicott|1\n|-damage|p1b: Whimsicott|0 fnt\n|faint|p1b: Whimsicott\n|move|p2b: Rotom|Thunderbolt|p1a: Charizard\n|-activate|p1a: Charizard|move: Protect\n|\n|-heal|p2b: Rotom|21/100|[from] item: Leftovers\n|upkeep\n|turn|13\n|\n|t:|1775903081\n|switch|p2a: Incineroar|Incineroar, L50, M|47/100\n|-ability|p2a: Incineroar|Intimidate|boost\n|-unboost|p1a: Charizard|atk|1\n|move|p2b: Rotom|Protect|p2b: Rotom\n|-singleturn|p2b: Rotom|Protect\n|move|p1a: Charizard|Heat Wave|p2a: Incineroar|[spread] \n|-activate|p2b: Rotom|move: Protect\n|-miss|p1a: Charizard|p2a: Incineroar\n|\n|-heal|p2b: Rotom|27/100|[from] item: Leftovers\n|-sideend|p1: idfkwhatmyteamdoes|move: Tailwind\n|upkeep\n|turn|14\n|\n|t:|1775903096\n|move|p2a: Incineroar|Fake Out|p1a: Charizard\n|-damage|p1a: Charizard|84/100\n|cant|p1a: Charizard|flinch\n|move|p2b: Rotom|Thunderbolt|p1a: Charizard\n|-supereffective|p1a: Charizard|1\n|-crit|p1a: Charizard\n|-damage|p1a: Charizard|0 fnt\n|faint|p1a: Charizard\n|\n|win|Novicebest\n|raw|idfkwhatmyteamdoes's rating: 1040 &rarr; <strong>1022</strong><br />(-18 for losing)\n|raw|Novicebest's rating: 1000 &rarr; <strong>1045</strong><br />(+45 for winning)\n|l|\u203didfkwhatmyteamdoes\n|player|p1|\n",
  "uploadtime": 1775903106,
  "views": 21,
  "formatid": "gen9championsvgc2026regma",
  "rating": 1022,
  "private": 0,
  "password": null
}