{
  "id": "gen9championsvgc2026regma-2583707305",
  "format": "[Gen 9 Champions] VGC 2026 Reg M-A",
  "players": [
    "Veridis Quo Zurau",
    "onethousandpotato"
  ],
  "log": "|j|\u2606Veridis Quo Zurau\n|j|\u2606onethousandpotato\n|t:|1776192299\n|gametype|doubles\n|player|p1|Veridis Quo Zurau|bellelba|1101\n|player|p2|onethousandpotato|2|1040\n|gen|9\n|tier|[Gen 9 Champions] VGC 2026 Reg M-A\n|rated|\n|rule|Species Clause: Limit one of each Pok\u00e9mon\n|rule|Item Clause: Limit 1 of each item\n|clearpoke\n|poke|p1|Froslass, L50, F|\n|poke|p1|Talonflame, L50, M|\n|poke|p1|Incineroar, L50, F|\n|poke|p1|Sneasler, L50, F|\n|poke|p1|Orthworm, L50, M|\n|poke|p1|Garchomp, L50, F|\n|poke|p2|Golurk, L50|\n|poke|p2|Farigiraf, L50, F|\n|poke|p2|Torkoal, L50, F|\n|poke|p2|Kangaskhan, L50, F|\n|poke|p2|Aerodactyl, L50, M|\n|poke|p2|Palafin, L50, M|\n|teampreview|4\n|inactive|Battle timer is ON: inactive players will automatically lose when time's up. (requested by Veridis Quo Zurau)\n|inactive|Veridis Quo Zurau has 60 seconds left.\n|inactive|onethousandpotato has 60 seconds left.\n|\n|t:|1776192343\n|teamsize|p1|4\n|teamsize|p2|4\n|start\n|switch|p1a: Garchomp|Garchomp, L50, F|100/100\n|switch|p1b: Orthworm|Orthworm, L50, M|100/100\n|switch|p2a: Farigiraf|Farigiraf, L50, F|100/100\n|switch|p2b: Palafin|Palafin, L50, M|100/100\n|turn|1\n|inactive|onethousandpotato has 30 seconds left.\n|inactive|onethousandpotato has 20 seconds left.\n|\n|t:|1776192379\n|move|p1a: Garchomp|Earthquake|p2a: Farigiraf|[spread] p2a,p2b\n|-immune|p1b: Orthworm|[from] ability: Earth Eater\n|-damage|p2a: Farigiraf|61/100\n|-damage|p2b: Palafin|40/100\n|move|p2b: Palafin|Flip Turn|p1b: Orthworm\n|-damage|p1b: Orthworm|80/100\n|\n|t:|1776192387\n|detailschange|p2b: Palafin|Palafin-Hero, L50, M\n|switch|p2b: Torkoal|Torkoal, L50, F|100/100|[from] Flip Turn\n|-weather|SunnyDay|[from] ability: Drought|[of] p2b: Torkoal\n|move|p1b: Orthworm|Shed Tail|p1b: Orthworm\n|-start|p1b: Orthworm|Substitute|[from] move: Shed Tail\n|-damage|p1b: Orthworm|29/100\n|\n|t:|1776192391\n|switch|p1b: Froslass|Froslass, L50, F|100/100|[from] Shed Tail\n|move|p2a: Farigiraf|Trick Room|p2a: Farigiraf\n|-fieldstart|move: Trick Room|[of] p2a: Farigiraf\n|\n|-weather|SunnyDay|[upkeep]\n|upkeep\n|turn|2\n|\n|t:|1776192405\n|switch|p1a: Incineroar|Incineroar, L50, F|100/100\n|-ability|p1a: Incineroar|Intimidate|boost\n|-unboost|p2a: Farigiraf|atk|1\n|-unboost|p2b: Torkoal|atk|1\n|detailschange|p1b: Froslass|Froslass-Mega, L50, F\n|-mega|p1b: Froslass|Froslass|Froslassite\n|-weather|Snowscape|[from] ability: Snow Warning|[of] p1b: Froslass\n|move|p2b: Torkoal|Protect|p2b: Torkoal\n|-singleturn|p2b: Torkoal|Protect\n|move|p2a: Farigiraf|Psychic|p1b: Froslass\n|-end|p1b: Froslass|Substitute\n|move|p1b: Froslass|Thunderbolt|p2b: Torkoal\n|-activate|p2b: Torkoal|move: Protect\n|\n|-weather|Snowscape|[upkeep]\n|upkeep\n|turn|3\n|\n|t:|1776192429\n|move|p1b: Froslass|Protect|p1b: Froslass\n|-singleturn|p1b: Froslass|Protect\n|move|p2b: Torkoal|Eruption|p1a: Incineroar|[spread] p1a\n|-activate|p1b: Froslass|move: Protect\n|-resisted|p1a: Incineroar|1\n|-damage|p1a: Incineroar|72/100\n|move|p2a: Farigiraf|Psychic|p1b: Froslass\n|-activate|p1b: Froslass|move: Protect\n|move|p1a: Incineroar|Parting Shot|p2b: Torkoal\n|-unboost|p2b: Torkoal|atk|1\n|-unboost|p2b: Torkoal|spa|1\n|\n|t:|1776192442\n|switch|p1a: Garchomp|Garchomp, L50, F|100/100|[from] Parting Shot\n|\n|-weather|Snowscape|[upkeep]\n|upkeep\n|turn|4\n|\n|t:|1776192461\n|switch|p1b: Incineroar|Incineroar, L50, F|72/100\n|-ability|p1b: Incineroar|Intimidate|boost\n|-unboost|p2a: Farigiraf|atk|1\n|-unboost|p2b: Torkoal|atk|1\n|move|p2b: Torkoal|Eruption|p1a: Garchomp|[spread] p1a,p1b\n|-resisted|p1a: Garchomp|1\n|-resisted|p1b: Incineroar|1\n|-damage|p1a: Garchomp|79/100\n|-damage|p1b: Incineroar|55/100\n|move|p2a: Farigiraf|Psychic|p1b: Incineroar\n|-immune|p1b: Incineroar\n|move|p1a: Garchomp|Rock Slide|p2a: Farigiraf|[spread] p2a\n|-miss|p1a: Garchomp|p2b: Torkoal\n|-damage|p2a: Farigiraf|41/100\n|\n|-weather|Snowscape|[upkeep]\n|upkeep\n|turn|5\n|inactive|onethousandpotato has 30 seconds left.\n|-message|onethousandpotato forfeited.\n|\n|win|Veridis Quo Zurau\n|raw|Veridis Quo Zurau's rating: 1101 &rarr; <strong>1122</strong><br />(+21 for winning)\n|raw|onethousandpotato's rating: 1040 &rarr; <strong>1027</strong><br />(-13 for losing)\n|l|\u2606onethousandpotato\n|player|p2|\n",
  "uploadtime": 1776192499,
  "views": 14,
  "formatid": "gen9championsvgc2026regma",
  "rating": 1027,
  "private": 0,
  "password": null
}