{
  "id": "gen9championsvgc2026regma-2583512592",
  "format": "[Gen 9 Champions] VGC 2026 Reg M-A",
  "players": [
    "Ekoba",
    "ProfessorKnightVGC"
  ],
  "log": "|j|\u2606Ekoba\n|j|\u203dProfessorKnightVGC\n|t:|1776180354\n|gametype|doubles\n|player|p1|Ekoba|102|1103\n|player|p2|ProfessorKnightVGC|102|1155\n|gen|9\n|tier|[Gen 9 Champions] VGC 2026 Reg M-A\n|rated|\n|rule|Species Clause: Limit one of each Pok\u00e9mon\n|rule|Item Clause: Limit 1 of each item\n|clearpoke\n|poke|p1|Arcanine, L50, M|\n|poke|p1|Rotom-Wash, L50|\n|poke|p1|Garchomp, L50, M|\n|poke|p1|Gardevoir, L50, M|\n|poke|p1|Corviknight, L50, M|\n|poke|p1|Tyranitar, L50, M|\n|poke|p2|Tyranitar, L50, F|\n|poke|p2|Excadrill, L50, M|\n|poke|p2|Rotom-Wash, L50|\n|poke|p2|Incineroar, L50, M|\n|poke|p2|Sinistcha, L50|\n|poke|p2|Floette-Eternal, L50, F|\n|teampreview|4\n|inactive|Battle timer is ON: inactive players will automatically lose when time's up. (requested by ProfessorKnightVGC)\n|inactive|Ekoba has 60 seconds left.\n|inactive|ProfessorKnightVGC has 60 seconds left.\n|\n|t:|1776180409\n|teamsize|p1|4\n|teamsize|p2|4\n|start\n|switch|p1a: Corviknight|Corviknight, L50, M|100/100\n|switch|p1b: Garchomp|Garchomp, L50, M|100/100\n|switch|p2a: Rotom|Rotom-Wash, L50|100/100\n|switch|p2b: Incineroar|Incineroar, L50, M|100/100\n|-ability|p2b: Incineroar|Intimidate|boost\n|-ability|p1a: Corviknight|Mirror Armor\n|-unboost|p2b: Incineroar|atk|1\n|-unboost|p1b: Garchomp|atk|1\n|-enditem|p1b: Garchomp|White Herb\n|-clearnegativeboost|p1b: Garchomp|[silent]\n|turn|1\n|inactive|Ekoba has 30 seconds left.\n|inactive|ProfessorKnightVGC has 30 seconds left.\n|inactive|Ekoba has 20 seconds left.\n|inactive|Ekoba has 15 seconds left.\n|\n|t:|1776180452\n|switch|p2b: Sinistcha|Sinistcha, L50|100/100\n|move|p1a: Corviknight|Protect|p1a: Corviknight\n|-singleturn|p1a: Corviknight|Protect\n|move|p1b: Garchomp|Stomping Tantrum|p2a: Rotom\n|-immune|p2a: Rotom|[from] ability: Levitate\n|move|p2a: Rotom|Will-O-Wisp|p1b: Garchomp\n|-status|p1b: Garchomp|brn\n|\n|-damage|p1b: Garchomp|95/100 brn|[from] brn\n|upkeep\n|turn|2\n|inactive|Ekoba has 30 seconds left.\n|inactive|ProfessorKnightVGC has 30 seconds left.\n|inactive|Ekoba has 20 seconds left.\n|inactive|ProfessorKnightVGC has 20 seconds left.\n|inactive|Ekoba has 15 seconds left.\n|\n|t:|1776180497\n|switch|p1a: Gardevoir|Gardevoir, L50, M|100/100\n|move|p1b: Garchomp|Protect|p1b: Garchomp\n|-singleturn|p1b: Garchomp|Protect\n|move|p2a: Rotom|Thunderbolt|p1a: Gardevoir\n|-damage|p1a: Gardevoir|63/100\n|move|p2b: Sinistcha|Strength Sap|p1b: Garchomp\n|-activate|p1b: Garchomp|move: Protect\n|\n|-damage|p1b: Garchomp|89/100 brn|[from] brn\n|upkeep\n|turn|3\n|inactive|Ekoba has 30 seconds left.\n|\n|t:|1776180525\n|detailschange|p1a: Gardevoir|Gardevoir-Mega, L50, M\n|-mega|p1a: Gardevoir|Gardevoir|Gardevoirite\n|move|p1b: Garchomp|Stone Edge|p2a: Rotom\n|-damage|p2a: Rotom|83/100\n|move|p1a: Gardevoir|Hyper Voice|p2b: Sinistcha|[spread] p2a,p2b\n|-damage|p2a: Rotom|31/100\n|-damage|p2b: Sinistcha|44/100\n|-enditem|p2a: Rotom|Sitrus Berry|[eat]\n|-heal|p2a: Rotom|56/100|[from] item: Sitrus Berry\n|move|p2a: Rotom|Thunderbolt|p1a: Gardevoir\n|-damage|p1a: Gardevoir|28/100\n|-status|p1a: Gardevoir|par\n|move|p2b: Sinistcha|Trick Room|p2b: Sinistcha\n|-fieldstart|move: Trick Room|[of] p2b: Sinistcha\n|\n|-heal|p2b: Sinistcha|50/100|[from] item: Leftovers\n|-damage|p1b: Garchomp|83/100 brn|[from] brn\n|upkeep\n|turn|4\n|inactive|Ekoba has 30 seconds left.\n|inactive|ProfessorKnightVGC has 30 seconds left.\n|\n|t:|1776180561\n|switch|p1a: Tyranitar|Tyranitar, L50, M|100/100\n|-weather|Sandstorm|[from] ability: Sand Stream|[of] p1a: Tyranitar\n|move|p1b: Garchomp|Protect|p1b: Garchomp\n|-singleturn|p1b: Garchomp|Protect\n|move|p2b: Sinistcha|Strength Sap|p1b: Garchomp\n|-activate|p1b: Garchomp|move: Protect\n|move|p2a: Rotom|Thunderbolt|p1a: Tyranitar\n|-damage|p1a: Tyranitar|76/100\n|\n|-weather|Sandstorm|[upkeep]\n|-damage|p2b: Sinistcha|44/100|[from] Sandstorm\n|-damage|p2a: Rotom|50/100|[from] Sandstorm\n|-heal|p2b: Sinistcha|50/100|[from] item: Leftovers\n|-damage|p1b: Garchomp|77/100 brn|[from] brn\n|upkeep\n|turn|5\n|inactive|Ekoba has 30 seconds left.\n|inactive|ProfessorKnightVGC has 30 seconds left.\n|\n|t:|1776180595\n|move|p1a: Tyranitar|Knock Off|p2b: Sinistcha\n|-supereffective|p2b: Sinistcha|1\n|-damage|p2b: Sinistcha|0 fnt\n|-enditem|p2b: Sinistcha|Leftovers|[from] move: Knock Off|[of] p1a: Tyranitar\n|faint|p2b: Sinistcha\n|move|p2a: Rotom|Will-O-Wisp|p1a: Tyranitar\n|-status|p1a: Tyranitar|brn\n|move|p1b: Garchomp|Stone Edge|p2a: Rotom\n|-damage|p2a: Rotom|31/100\n|\n|-weather|Sandstorm|[upkeep]\n|-damage|p2a: Rotom|25/100|[from] Sandstorm\n|-damage|p1a: Tyranitar|70/100 brn|[from] brn\n|-damage|p1b: Garchomp|71/100 brn|[from] brn\n|upkeep\n|\n|t:|1776180606\n|switch|p2b: Incineroar|Incineroar, L50, M|100/100\n|-ability|p2b: Incineroar|Intimidate|boost\n|-unboost|p1a: Tyranitar|atk|1\n|-unboost|p1b: Garchomp|atk|1\n|turn|6\n|inactive|Ekoba has 30 seconds left.\n|\n|t:|1776180633\n|move|p1a: Tyranitar|Rock Slide|p2b: Incineroar|[spread] p2a,p2b\n|-supereffective|p2b: Incineroar|1\n|-damage|p2a: Rotom|15/100\n|-damage|p2b: Incineroar|85/100\n|move|p2b: Incineroar|Parting Shot|p1b: Garchomp\n|-unboost|p1b: Garchomp|atk|1\n|-unboost|p1b: Garchomp|spa|1\n|\n|t:|1776180640\n|switch|p2b: Floette|Floette-Eternal, L50, F|100/100|[from] Parting Shot\n|move|p2a: Rotom|Hydro Pump|p1a: Tyranitar\n|-supereffective|p1a: Tyranitar|1\n|-damage|p1a: Tyranitar|12/100 brn\n|move|p1b: Garchomp|Earthquake|p2a: Rotom|[spread] p1a,p2b\n|-immune|p2a: Rotom|[from] ability: Levitate\n|-supereffective|p1a: Tyranitar|1\n|-damage|p1a: Tyranitar|0 fnt\n|-damage|p2b: Floette|87/100\n|faint|p1a: Tyranitar\n|\n|-weather|Sandstorm|[upkeep]\n|-damage|p2a: Rotom|9/100|[from] Sandstorm\n|-damage|p2b: Floette|81/100|[from] Sandstorm\n|-damage|p1b: Garchomp|65/100 brn|[from] brn\n|upkeep\n|\n|t:|1776180659\n|switch|p1a: Corviknight|Corviknight, L50, M|100/100\n|turn|7\n|\n|t:|1776180673\n|move|p2b: Floette|Protect|p2b: Floette\n|-singleturn|p2b: Floette|Protect\n|move|p1a: Corviknight|Iron Head|p2b: Floette\n|-activate|p2b: Floette|move: Protect\n|move|p2a: Rotom|Will-O-Wisp|p1a: Corviknight|[miss]\n|-miss|p2a: Rotom|p1a: Corviknight\n|move|p1b: Garchomp|Stone Edge|p2a: Rotom\n|-damage|p2a: Rotom|0 fnt\n|faint|p2a: Rotom\n|\n|-weather|Sandstorm|[upkeep]\n|-damage|p2b: Floette|75/100|[from] Sandstorm\n|-damage|p1b: Garchomp|60/100 brn|[from] brn\n|-fieldend|move: Trick Room\n|upkeep\n|\n|t:|1776180683\n|switch|p2a: Incineroar|Incineroar, L50, M|85/100\n|-ability|p2a: Incineroar|Intimidate|boost\n|-ability|p1a: Corviknight|Mirror Armor\n|-unboost|p2a: Incineroar|atk|1\n|-unboost|p1b: Garchomp|atk|1\n|turn|8\n|inactive|Ekoba has 30 seconds left.\n|inactive|Ekoba has 20 seconds left.\n|\n|t:|1776180723\n|detailschange|p2b: Floette|Floette-Mega, L50, F\n|-mega|p2b: Floette|Floette|Floettite\n|-ability|p2b: Floette|Fairy Aura\n|move|p2a: Incineroar|Fake Out|p1a: Corviknight\n|-resisted|p1a: Corviknight|1\n|-damage|p1a: Corviknight|98/100\n|move|p1b: Garchomp|Earthquake|p2b: Floette|[spread] p2a,p2b\n|-immune|p1a: Corviknight\n|-supereffective|p2a: Incineroar|1\n|-damage|p2a: Incineroar|73/100\n|-damage|p2b: Floette|67/100\n|move|p2b: Floette|Calm Mind|p2b: Floette\n|-boost|p2b: Floette|spa|1\n|-boost|p2b: Floette|spd|1\n|cant|p1a: Corviknight|flinch\n|\n|-weather|none\n|-heal|p1a: Corviknight|100/100|[from] item: Leftovers\n|-damage|p1b: Garchomp|54/100 brn|[from] brn\n|upkeep\n|turn|9\n|inactive|Ekoba has 30 seconds left.\n|inactive|Ekoba has 20 seconds left.\n|inactive|Ekoba has 15 seconds left.\n|inactive|Ekoba has 10 seconds left.\n|\n|t:|1776180771\n|move|p2b: Floette|Dazzling Gleam|p1a: Corviknight|[spread] p1a,p1b\n|-resisted|p1a: Corviknight|1\n|-supereffective|p1b: Garchomp|1\n|-damage|p1a: Corviknight|65/100\n|-damage|p1b: Garchomp|0 fnt\n|faint|p1b: Garchomp\n|move|p1a: Corviknight|Iron Head|p2b: Floette\n|-supereffective|p2b: Floette|1\n|-damage|p2b: Floette|0 fnt\n|faint|p2b: Floette\n|move|p2a: Incineroar|Flare Blitz|p1a: Corviknight\n|-supereffective|p1a: Corviknight|1\n|-damage|p1a: Corviknight|10/100\n|-damage|p2a: Incineroar|54/100|[from] Recoil\n|\n|-heal|p1a: Corviknight|16/100|[from] item: Leftovers\n|upkeep\n|\n|t:|1776180786\n|switch|p1b: Gardevoir|Gardevoir-Mega, L50, M|28/100 par\n|turn|10\n|\n|t:|1776180806\n|move|p1a: Corviknight|Protect|p1a: Corviknight\n|-singleturn|p1a: Corviknight|Protect\n|move|p2a: Incineroar|Throat Chop|p1b: Gardevoir\n|-damage|p1b: Gardevoir|3/100 par\n|-start|p1b: Gardevoir|Throat Chop|[silent]\n|cant|p1b: Gardevoir|move: Throat Chop\n|\n|-heal|p1a: Corviknight|21/100|[from] item: Leftovers\n|upkeep\n|turn|11\n|\n|t:|1776180830\n|move|p1b: Gardevoir|Protect|p1b: Gardevoir\n|-singleturn|p1b: Gardevoir|Protect\n|move|p1a: Corviknight|Brave Bird|p2a: Incineroar\n|-damage|p2a: Incineroar|17/100\n|-damage|p1a: Corviknight|9/100|[from] Recoil\n|move|p2a: Incineroar|Flare Blitz|p1a: Corviknight\n|-supereffective|p1a: Corviknight|1\n|-damage|p1a: Corviknight|0 fnt\n|faint|p1a: Corviknight\n|-damage|p2a: Incineroar|14/100|[from] Recoil\n|\n|-end|p1b: Gardevoir|Throat Chop|[silent]\n|upkeep\n|turn|12\n|\n|t:|1776180848\n|move|p2a: Incineroar|Throat Chop|p1b: Gardevoir\n|-damage|p1b: Gardevoir|0 fnt\n|faint|p1b: Gardevoir\n|\n|win|ProfessorKnightVGC\n|raw|Ekoba's rating: 1103 &rarr; <strong>1082</strong><br />(-21 for losing)\n|raw|ProfessorKnightVGC's rating: 1155 &rarr; <strong>1176</strong><br />(+21 for winning)\n",
  "uploadtime": 1776180855,
  "views": 26,
  "formatid": "gen9championsvgc2026regma",
  "rating": 1082,
  "private": 0,
  "password": null
}