{
  "id": "gen9championsvgc2026regma-2581780191",
  "format": "[Gen 9 Champions] VGC 2026 Reg M-A",
  "players": [
    "EatingP1zza",
    "mincarretta"
  ],
  "log": "|j|\u2606EatingP1zza\n|j|\u2606mincarretta\n|t:|1776027820\n|gametype|doubles\n|player|p1|EatingP1zza|iris|1000\n|player|p2|mincarretta|170|1045\n|gen|9\n|tier|[Gen 9 Champions] VGC 2026 Reg M-A\n|rated|\n|rule|Species Clause: Limit one of each Pok\u00e9mon\n|rule|Item Clause: Limit 1 of each item\n|clearpoke\n|poke|p1|Whimsicott, L50, F|\n|poke|p1|Excadrill, L50, M|\n|poke|p1|Kingambit, L50, M|\n|poke|p1|Weavile, L50, F|\n|poke|p1|Tyranitar, L50, F|\n|poke|p1|Hawlucha, L50, M|\n|poke|p2|Sharpedo, L50, F|\n|poke|p2|Pelipper, L50, F|\n|poke|p2|Araquanid, L50, M|\n|poke|p2|Basculegion, L50, M|\n|poke|p2|Rotom-Wash, L50|\n|poke|p2|Garganacl, L50, M|\n|teampreview|4\n|inactive|Battle timer is ON: inactive players will automatically lose when time's up. (requested by mincarretta)\n|j| Fluxmeister\n|l| Fluxmeister\n|inactive|mincarretta has 60 seconds left.\n|\n|t:|1776027874\n|teamsize|p1|4\n|teamsize|p2|4\n|start\n|switch|p1a: Hawlucha|Hawlucha, L50, M|100/100\n|switch|p1b: Excadrill|Excadrill, L50, M|100/100\n|switch|p2a: Garganacl|Garganacl, L50, M, shiny|100/100\n|switch|p2b: Basculegion|Basculegion, L50, M|100/100\n|-ability|p1b: Excadrill|Mold Breaker\n|turn|1\n|\n|t:|1776027893\n|detailschange|p1a: Hawlucha|Hawlucha-Mega, L50, M\n|-mega|p1a: Hawlucha|Hawlucha|Hawluchanite\n|move|p1a: Hawlucha|Entrainment|p1b: Excadrill\n|-ability|p1b: Excadrill|No Guard|Mold Breaker|[from] move: Entrainment|[of] p1a: Hawlucha\n|move|p1b: Excadrill|Fissure|p2b: Basculegion\n|-damage|p2b: Basculegion|0 fnt\n|faint|p2b: Basculegion\n|-ohko\n|move|p2a: Garganacl|Salt Cure|p1a: Hawlucha\n|-damage|p1a: Hawlucha|88/100\n|-start|p1a: Hawlucha|Salt Cure\n|\n|-damage|p1a: Hawlucha|82/100|[from] Salt Cure\n|upkeep\n|\n|t:|1776027913\n|switch|p2b: Sharpedo|Sharpedo, L50, F, shiny|100/100\n|turn|2\n|\n|t:|1776027921\n|switch|p2a: Pelipper|Pelipper, L50, F|100/100\n|-weather|RainDance|[from] ability: Drizzle|[of] p2a: Pelipper\n|move|p1b: Excadrill|Protect|p1b: Excadrill\n|-singleturn|p1b: Excadrill|Protect\n|move|p2b: Sharpedo|Protect|p2b: Sharpedo\n|-singleturn|p2b: Sharpedo|Protect\n|move|p1a: Hawlucha|Close Combat|p2b: Sharpedo\n|-activate|p2b: Sharpedo|move: Protect\n|\n|-weather|RainDance|[upkeep]\n|-damage|p1a: Hawlucha|76/100|[from] Salt Cure\n|-ability|p2b: Sharpedo|Speed Boost|boost\n|-boost|p2b: Sharpedo|spe|1\n|upkeep\n|turn|3\n|\n|t:|1776027945\n|detailschange|p2b: Sharpedo|Sharpedo-Mega, L50, F, shiny\n|-mega|p2b: Sharpedo|Sharpedo|Sharpedonite\n|move|p1a: Hawlucha|Protect|p1a: Hawlucha\n|-singleturn|p1a: Hawlucha|Protect\n|move|p2b: Sharpedo|Psychic Fangs|p1a: Hawlucha\n|-activate|p1a: Hawlucha|move: Protect\n|move|p1b: Excadrill|Fissure|p2b: Sharpedo\n|-damage|p2b: Sharpedo|0 fnt\n|faint|p2b: Sharpedo\n|-ohko\n|move|p2a: Pelipper|Tailwind|p2a: Pelipper\n|-sidestart|p2: mincarretta|move: Tailwind\n|\n|-weather|RainDance|[upkeep]\n|-damage|p1a: Hawlucha|70/100|[from] Salt Cure\n|upkeep\n|\n|t:|1776027953\n|switch|p2b: Garganacl|Garganacl, L50, M, shiny|100/100\n|turn|4\n|\n|t:|1776027963\n|move|p2a: Pelipper|Weather Ball|p1b: Excadrill\n|-supereffective|p1b: Excadrill|1\n|-enditem|p1b: Excadrill|Focus Sash\n|-damage|p1b: Excadrill|1/100\n|move|p1a: Hawlucha|Close Combat|p2b: Garganacl\n|-supereffective|p2b: Garganacl|1\n|-damage|p2b: Garganacl|40/100\n|-unboost|p1a: Hawlucha|def|1\n|-unboost|p1a: Hawlucha|spd|1\n|-enditem|p2b: Garganacl|Sitrus Berry|[eat]\n|-heal|p2b: Garganacl|64/100|[from] item: Sitrus Berry\n|move|p1b: Excadrill|Horn Drill|p2a: Pelipper\n|-enditem|p2a: Pelipper|Focus Sash\n|-damage|p2a: Pelipper|1/100\n|move|p2b: Garganacl|Body Press|p1b: Excadrill\n|-supereffective|p1b: Excadrill|1\n|-crit|p1b: Excadrill\n|-damage|p1b: Excadrill|0 fnt\n|faint|p1b: Excadrill\n|\n|-weather|RainDance|[upkeep]\n|-damage|p1a: Hawlucha|64/100|[from] Salt Cure\n|upkeep\n|\n|t:|1776027973\n|switch|p1b: Whimsicott|Whimsicott, L50, F|100/100\n|turn|5\n|\n|t:|1776027984\n|move|p1a: Hawlucha|Protect|p1a: Hawlucha\n|-singleturn|p1a: Hawlucha|Protect\n|move|p1b: Whimsicott|Tailwind|p1b: Whimsicott\n|-sidestart|p1: EatingP1zza|move: Tailwind\n|move|p2a: Pelipper|Hurricane|p1a: Hawlucha\n|-activate|p1a: Hawlucha|move: Protect\n|move|p2b: Garganacl|Salt Cure|p1b: Whimsicott\n|-damage|p1b: Whimsicott|84/100\n|-start|p1b: Whimsicott|Salt Cure\n|\n|-weather|RainDance|[upkeep]\n|-damage|p1b: Whimsicott|78/100|[from] Salt Cure\n|-damage|p1a: Hawlucha|58/100|[from] Salt Cure\n|upkeep\n|turn|6\n|\n|t:|1776027997\n|move|p1b: Whimsicott|Moonblast|p2a: Pelipper\n|-damage|p2a: Pelipper|0 fnt\n|faint|p2a: Pelipper\n|move|p1a: Hawlucha|Close Combat|p2b: Garganacl\n|-supereffective|p2b: Garganacl|1\n|-crit|p2b: Garganacl\n|-damage|p2b: Garganacl|0 fnt\n|-unboost|p1a: Hawlucha|def|1\n|-unboost|p1a: Hawlucha|spd|1\n|faint|p2b: Garganacl\n|\n|win|EatingP1zza\n|raw|EatingP1zza's rating: 1000 &rarr; <strong>1045</strong><br />(+45 for winning)\n|raw|mincarretta's rating: 1045 &rarr; <strong>1026</strong><br />(-19 for losing)\n|l|\u2606mincarretta\n|player|p2|\n",
  "uploadtime": 1776028007,
  "views": 13,
  "formatid": "gen9championsvgc2026regma",
  "rating": 1026,
  "private": 0,
  "password": null
}