{
  "id": "gen9championsvgc2026regma-2583297712",
  "format": "[Gen 9 Champions] VGC 2026 Reg M-A",
  "players": [
    "GoruneK",
    "wawawa man"
  ],
  "log": "|j|\u2606GoruneK\n|j|\u2606wawawa man\n|t:|1776164425\n|gametype|doubles\n|player|p1|GoruneK|hiker-gen4|\n|player|p2|wawawa man|170|\n|gen|9\n|tier|[Gen 9 Champions] VGC 2026 Reg M-A\n|rated|Tournament battle\n|rule|Species Clause: Limit one of each Pok\u00e9mon\n|rule|Item Clause: Limit 1 of each item\n|raw|<div class=\"infobox\"><details class=\"readmore\" open><summary><strong>1 custom rule:</strong></summary> Force Open Team Sheets</details></div>\n|clearpoke\n|poke|p1|Empoleon, L50, M|\n|poke|p1|Dragonite, L50, M|\n|poke|p1|Pelipper, L50, F|\n|poke|p1|Basculegion, L50, M|\n|poke|p1|Lycanroc-Dusk, L50, F|\n|poke|p1|Whimsicott, L50, F|\n|poke|p2|Gengar, L50, F|\n|poke|p2|Kommo-o, L50, M|\n|poke|p2|Incineroar, L50, M|\n|poke|p2|Kingambit, L50, M|\n|poke|p2|Politoed, L50, M|\n|poke|p2|Whimsicott, L50, F|\n|teampreview|4\n|showteam|p1|Empoleon||ChopleBerry|Competitive|Surf,VacuumWave,FlashCannon,Protect|||M|||50|]Dragonite||Dragoninite|Multiscale|DracoMeteor,Thunder,Hurricane,Protect|||M|||50|]Pelipper||SharpBeak|Drizzle|WeatherBall,HelpingHand,Hurricane,Protect|||F|||50|]Basculegion||MysticWater|SwiftSwim|AquaJet,LastRespects,WaveCrash,Protect|||M|||50|]Lycanroc-Dusk||HardStone|ToughClaws|Accelerock,PsychicFangs,CloseCombat,Protect|||F|||50|]Whimsicott||FocusSash|Prankster|Moonblast,Tailwind,FakeTears,Protect|||F|||50|\n|showteam|p2|Gengar||Gengarite|CursedBody|ShadowBall,Disable,PerishSong,Protect|||F|||50|]Kommo-o||Leftovers|Soundproof|ClangingScales,ClangorousSoul,AuraSphere,Protect|||M|||50|]Incineroar||SitrusBerry|Intimidate|ThroatChop,FakeOut,PartingShot,Protect|||M|||50|]Kingambit||BlackGlasses|Defiant|KowtowCleave,SuckerPunch,IronHead,Protect|||M|||50|]Politoed||MentalHerb|Drizzle|MuddyWater,PerishSong,IceBeam,Protect|||M|||50|]Whimsicott||FocusSash|Prankster|Moonblast,Encore,Tailwind,Protect|||F|||50|\n|j| Gootrifa\n|c|\u2606GoruneK|glhf\n|j| 0qou\n|c|\u2606wawawa man|u2\n|j| Hy3ll0\n|j| StarX99\n|j| tomtom147\n|l| tomtom147\n|\n|t:|1776164470\n|teamsize|p1|4\n|teamsize|p2|4\n|start\n|switch|p1a: Empoleon|Empoleon, L50, M|100/100\n|switch|p1b: Whimsicott|Whimsicott, L50, F, shiny|100/100\n|switch|p2a: Kingambit|Kingambit, L50, M|100/100\n|switch|p2b: Kommo-o|Kommo-o, L50, M|100/100\n|turn|1\n|inactive|Battle timer is ON: inactive players will automatically lose when time's up. (requested by wawawa man)\n|inactive|GoruneK has 60 seconds left.\n|inactive|wawawa man has 60 seconds left.\n|j| minionbanana57\n|\n|t:|1776164513\n|switch|p2a: Gengar|Gengar, L50, F|100/100\n|move|p2b: Kommo-o|Protect|p2b: Kommo-o\n|-singleturn|p2b: Kommo-o|Protect\n|move|p1a: Empoleon|Vacuum Wave|p2a: Gengar\n|-immune|p2a: Gengar\n|move|p1b: Whimsicott|Moonblast|p2b: Kommo-o\n|-activate|p2b: Kommo-o|move: Protect\n|\n|upkeep\n|turn|2\n|j| TheLastTemplar\n|inactive|GoruneK has 30 seconds left.\n|inactive|GoruneK has 20 seconds left.\n|inactive|GoruneK has 15 seconds left.\n|\n|t:|1776164557\n|switch|p2b: Whimsicott|Whimsicott, L50, F|100/100\n|detailschange|p2a: Gengar|Gengar-Mega, L50, F\n|-mega|p2a: Gengar|Gengar|Gengarite\n|move|p1b: Whimsicott|Tailwind|p1b: Whimsicott\n|-sidestart|p1: GoruneK|move: Tailwind\n|move|p1a: Empoleon|Flash Cannon|p2b: Whimsicott\n|-supereffective|p2b: Whimsicott|1\n|-enditem|p2b: Whimsicott|Focus Sash\n|-damage|p2b: Whimsicott|1/100\n|move|p2a: Gengar|Perish Song|p2a: Gengar\n|-start|p1a: Empoleon|perish3|[silent]\n|-start|p1b: Whimsicott|perish3|[silent]\n|-start|p2a: Gengar|perish3|[silent]\n|-start|p2b: Whimsicott|perish3|[silent]\n|-fieldactivate|move: Perish Song\n|\n|-start|p1b: Whimsicott|perish3\n|-start|p1a: Empoleon|perish3\n|-start|p2a: Gengar|perish3\n|-start|p2b: Whimsicott|perish3\n|upkeep\n|turn|3\n|j| OnToTheOther\n|j| Weredude08\n|inactive|GoruneK has 30 seconds left.\n|inactive|wawawa man has 30 seconds left.\n|\n|t:|1776164592\n|move|p2b: Whimsicott|Protect|p2b: Whimsicott\n|-singleturn|p2b: Whimsicott|Protect\n|move|p2a: Gengar|Protect|p2a: Gengar\n|-singleturn|p2a: Gengar|Protect\n|move|p1b: Whimsicott|Fake Tears|p2a: Gengar\n|-activate|p2a: Gengar|move: Protect\n|move|p1a: Empoleon|Surf|p2a: Gengar|[spread] p1b\n|-activate|p2a: Gengar|move: Protect\n|-activate|p2b: Whimsicott|move: Protect\n|-resisted|p1b: Whimsicott|1\n|-damage|p1b: Whimsicott|76/100\n|\n|-start|p1b: Whimsicott|perish2\n|-start|p1a: Empoleon|perish2\n|-start|p2a: Gengar|perish2\n|-start|p2b: Whimsicott|perish2\n|upkeep\n|turn|4\n|\n|t:|1776164612\n|move|p1b: Whimsicott|Fake Tears|p2a: Gengar\n|-unboost|p2a: Gengar|spd|2\n|move|p2b: Whimsicott|Encore|p1a: Empoleon\n|-start|p1a: Empoleon|Encore\n|move|p1a: Empoleon|Surf|p2a: Gengar|[spread] p1b,p2a,p2b\n|-resisted|p1b: Whimsicott|1\n|-resisted|p2b: Whimsicott|1\n|-damage|p1b: Whimsicott|49/100\n|-damage|p2a: Gengar|31/100\n|-damage|p2b: Whimsicott|0 fnt\n|faint|p2b: Whimsicott\n|move|p2a: Gengar|Disable|p1a: Empoleon\n|-start|p1a: Empoleon|Disable|Surf\n|\n|-start|p1b: Whimsicott|perish1\n|-start|p1a: Empoleon|perish1\n|-start|p2a: Gengar|perish1\n|upkeep\n|\n|t:|1776164626\n|switch|p2b: Kommo-o|Kommo-o, L50, M|100/100\n|turn|5\n|inactive|GoruneK has 30 seconds left.\n|\n|t:|1776164652\n|switch|p2a: Kingambit|Kingambit, L50, M|100/100\n|move|p2b: Kommo-o|Protect|p2b: Kommo-o\n|-singleturn|p2b: Kommo-o|Protect\n|move|p1b: Whimsicott|Moonblast|p2b: Kommo-o\n|-activate|p2b: Kommo-o|move: Protect\n|-activate|p1a: Empoleon|move: Struggle\n|move|p1a: Empoleon|Struggle|p2b: Kommo-o\n|-activate|p2b: Kommo-o|move: Protect\n|\n|-start|p1b: Whimsicott|perish0\n|-start|p1a: Empoleon|perish0\n|-sideend|p1: GoruneK|move: Tailwind\n|faint|p1b: Whimsicott\n|faint|p1a: Empoleon\n|upkeep\n|\n|t:|1776164659\n|switch|p1b: Lycanroc|Lycanroc-Dusk, L50, F, shiny|100/100\n|switch|p1a: Pelipper|Pelipper, L50, F|100/100\n|-weather|RainDance|[from] ability: Drizzle|[of] p1a: Pelipper\n|turn|6\n|\n|t:|1776164684\n|move|p2a: Kingambit|Sucker Punch|p1b: Lycanroc\n|-damage|p1b: Lycanroc|20/100\n|move|p1b: Lycanroc|Psychic Fangs|p2b: Kommo-o\n|-supereffective|p2b: Kommo-o|1\n|-damage|p2b: Kommo-o|38/100\n|move|p2b: Kommo-o|Clanging Scales|p1b: Lycanroc|[spread] p1a,p1b\n|-damage|p1a: Pelipper|53/100\n|-damage|p1b: Lycanroc|0 fnt\n|faint|p1b: Lycanroc\n|-unboost|p2b: Kommo-o|def|1\n|move|p1a: Pelipper|Weather Ball|p2a: Kingambit\n|-damage|p2a: Kingambit|45/100\n|\n|-weather|RainDance|[upkeep]\n|-heal|p2b: Kommo-o|44/100|[from] item: Leftovers\n|upkeep\n|turn|7\n|\n|t:|1776164693\n|move|p2b: Kommo-o|Clangorous Soul|p2b: Kommo-o\n|-boost|p2b: Kommo-o|atk|1\n|-boost|p2b: Kommo-o|def|1\n|-boost|p2b: Kommo-o|spa|1\n|-boost|p2b: Kommo-o|spd|1\n|-boost|p2b: Kommo-o|spe|1\n|-damage|p2b: Kommo-o|11/100\n|move|p1a: Pelipper|Weather Ball|p2a: Kingambit\n|-damage|p2a: Kingambit|0 fnt\n|faint|p2a: Kingambit\n|\n|-weather|RainDance|[upkeep]\n|-heal|p2b: Kommo-o|17/100|[from] item: Leftovers\n|upkeep\n|c|\u2606GoruneK|gg\n|\n|t:|1776164695\n|switch|p2a: Gengar|Gengar-Mega, L50, F|31/100\n|turn|8\n|j| paperization\n|l| Gootrifa\n|l| StarX99\n|l| minionbanana57\n|\n|t:|1776164703\n|move|p2a: Gengar|Shadow Ball|p1a: Pelipper\n|-damage|p1a: Pelipper|0 fnt\n|faint|p1a: Pelipper\n|\n|win|wawawa man\n|n|\u2606GoruneK|gorunek\n|n|\u2606wawawa man|wawawaman\n|n| 0qou|0qou\n|n| Hy3ll0|hy3ll0\n|n| TheLastTemplar|thelasttemplar\n|n| OnToTheOther|ontotheother\n|n| Weredude08|weredude08\n|n| paperization|paperization\n|c|\u2606wawawa man|gg\n|j| hesolk\n|l|\u2606GoruneK\n|player|p1|\n|l| Weredude08\n|l| 0qou\n|l| TheLastTemplar\n|l|\u2606wawawa man\n|player|p2|\n|l| Hy3ll0\n|j| minionbanana57\n|l| paperization\n|l| minionbanana57\n|j|\u2606wawawa man\n|player|p2|wawawa man|170|\n",
  "uploadtime": 1776164703,
  "views": 19,
  "formatid": "gen9championsvgc2026regma",
  "rating": null,
  "private": 0,
  "password": null
}