{
  "id": "gen9championsvgc2026regma-2587056340",
  "format": "[Gen 9 Champions] VGC 2026 Reg M-A",
  "players": [
    "OkThenAlright1989",
    "Warehouse User"
  ],
  "log": "|j|\u2606OkThenAlright1989\n|j|\u2606Warehouse User\n|t:|1776487635\n|gametype|doubles\n|player|p1|OkThenAlright1989|steven|1000\n|player|p2|Warehouse User|102|1040\n|gen|9\n|tier|[Gen 9 Champions] VGC 2026 Reg M-A\n|rated|\n|rule|Species Clause: Limit one of each Pok\u00e9mon\n|rule|Item Clause: Limit 1 of each item\n|clearpoke\n|poke|p1|Palafin, L50, M, shiny|\n|poke|p1|Incineroar, L50, M, shiny|\n|poke|p1|Pelipper, L50, M, shiny|\n|poke|p1|Sinistcha-Masterpiece, L50, shiny|\n|poke|p1|Garchomp, L50, M, shiny|\n|poke|p1|Hawlucha, L50, M, shiny|\n|poke|p2|Aegislash, L50, F|\n|poke|p2|Maushold-Four, L50|\n|poke|p2|Azumarill, L50, F|\n|poke|p2|Whimsicott, L50, M|\n|poke|p2|Beedrill, L50, M|\n|poke|p2|Castform, L50, M|\n|teampreview|4\n|\n|t:|1776487657\n|teamsize|p1|4\n|teamsize|p2|4\n|start\n|switch|p1a: Palafin|Palafin, L50, M, shiny|100/100\n|switch|p1b: Incineroar|Incineroar, L50, M, shiny|100/100\n|switch|p2a: Azumarill|Azumarill, L50, F|100/100\n|switch|p2b: Whimsicott|Whimsicott, L50, M|100/100\n|-ability|p1b: Incineroar|Intimidate|boost\n|-unboost|p2a: Azumarill|atk|1\n|-unboost|p2b: Whimsicott|atk|1\n|turn|1\n|\n|t:|1776487685\n|move|p1b: Incineroar|Fake Out|p2a: Azumarill\n|-damage|p2a: Azumarill|90/100\n|move|p2b: Whimsicott|Tailwind|p2b: Whimsicott\n|-sidestart|p2: Warehouse User|move: Tailwind\n|move|p1a: Palafin|Flip Turn|p2b: Whimsicott\n|-resisted|p2b: Whimsicott|1\n|-damage|p2b: Whimsicott|84/100\n|\n|t:|1776487694\n|detailschange|p1a: Palafin|Palafin-Hero, L50, M, shiny\n|switch|p1a: Hawlucha|Hawlucha, L50, M, shiny|100/100|[from] Flip Turn\n|-ability|p1a: Hawlucha|Mold Breaker\n|cant|p2a: Azumarill|flinch\n|\n|upkeep\n|turn|2\n|\n|t:|1776487739\n|switch|p2b: Maushold|Maushold-Four, L50|100/100\n|detailschange|p1a: Hawlucha|Hawlucha-Mega, L50, M, shiny\n|-mega|p1a: Hawlucha|Hawlucha|Hawluchanite\n|move|p1a: Hawlucha|Rock Slide|p2a: Azumarill|[spread] p2a,p2b\n|-damage|p2a: Azumarill|75/100\n|-damage|p2b: Maushold|74/100\n|move|p2a: Azumarill|Belly Drum|p2a: Azumarill\n|-damage|p2a: Azumarill|25/100\n|-setboost|p2a: Azumarill|atk|6|[from] move: Belly Drum\n|-enditem|p2a: Azumarill|Sitrus Berry|[eat]\n|-heal|p2a: Azumarill|50/100|[from] item: Sitrus Berry\n|move|p1b: Incineroar|Parting Shot|p2a: Azumarill\n|-unboost|p2a: Azumarill|atk|1\n|-unboost|p2a: Azumarill|spa|1\n|\n|t:|1776487756\n|switch|p1b: Palafin|Palafin-Hero, L50, M, shiny|100/100|[from] Parting Shot\n|-activate|p1b: Palafin|ability: Zero to Hero\n|\n|upkeep\n|turn|3\n|\n|t:|1776487774\n|move|p2b: Maushold|Protect|p2b: Maushold\n|-singleturn|p2b: Maushold|Protect\n|move|p2a: Azumarill|Aqua Jet|p1a: Hawlucha\n|-damage|p1a: Hawlucha|4/100\n|move|p1b: Palafin|Wave Crash|p2b: Maushold\n|-activate|p2b: Maushold|move: Protect\n|move|p1a: Hawlucha|Coaching|p1b: Palafin\n|-boost|p1b: Palafin|atk|1\n|-boost|p1b: Palafin|def|1\n|\n|upkeep\n|turn|4\n|\n|t:|1776487796\n|switch|p1a: Incineroar|Incineroar, L50, M, shiny|100/100\n|-ability|p1a: Incineroar|Intimidate|boost\n|-unboost|p2a: Azumarill|atk|1\n|-unboost|p2b: Maushold|atk|1\n|move|p2b: Maushold|Helping Hand|p2a: Azumarill\n|-singleturn|p2a: Azumarill|Helping Hand|[of] p2b: Maushold\n|move|p1b: Palafin|Wave Crash|p2b: Maushold\n|-damage|p2b: Maushold|0 fnt\n|faint|p2b: Maushold\n|-damage|p1b: Palafin|78/100|[from] Recoil\n|move|p2a: Azumarill|Play Rough|p1b: Palafin\n|-damage|p1b: Palafin|0 fnt\n|faint|p1b: Palafin\n|\n|-sideend|p2: Warehouse User|move: Tailwind\n|upkeep\n|\n|t:|1776487816\n|switch|p2b: Aegislash|Aegislash, L50, F|100/100\n|switch|p1b: Hawlucha|Hawlucha-Mega, L50, M, shiny|4/100\n|turn|5\n|\n|t:|1776487837\n|move|p1a: Incineroar|Fake Out|p2a: Azumarill\n|-damage|p2a: Azumarill|38/100\n|cant|p2a: Azumarill|flinch\n|move|p1b: Hawlucha|Rock Slide|p2a: Azumarill|[spread] p2a,p2b\n|-resisted|p2b: Aegislash|1\n|-damage|p2a: Azumarill|19/100\n|-damage|p2b: Aegislash|93/100\n|move|p2b: Aegislash|Swords Dance|p2b: Aegislash\n|-boost|p2b: Aegislash|atk|2\n|\n|upkeep\n|turn|6\n|\n|t:|1776487868\n|switch|p1a: Sinistcha|Sinistcha-Masterpiece, L50, shiny|100/100\n|-heal|p1b: Hawlucha|28/100|[from] ability: Hospitality|[of] p1a: Sinistcha\n|move|p2a: Azumarill|Aqua Jet|p1a: Sinistcha\n|-resisted|p1a: Sinistcha|1\n|-damage|p1a: Sinistcha|63/100\n|move|p1b: Hawlucha|Rock Slide|p2b: Aegislash|[spread] p2a,p2b\n|-resisted|p2b: Aegislash|1\n|-damage|p2a: Azumarill|0 fnt\n|-damage|p2b: Aegislash|84/100\n|faint|p2a: Azumarill\n|-formechange|p2b: Aegislash|Aegislash-Blade|\n|move|p2b: Aegislash|Iron Head|p1b: Hawlucha\n|-damage|p1b: Hawlucha|0 fnt\n|faint|p1b: Hawlucha\n|\n|-heal|p1a: Sinistcha|69/100|[from] item: Leftovers\n|upkeep\n|\n|t:|1776487888\n|switch|p1b: Incineroar|Incineroar, L50, M, shiny|100/100\n|switch|p2a: Whimsicott|Whimsicott, L50, M|84/100\n|-ability|p1b: Incineroar|Intimidate|boost\n|-unboost|p2a: Whimsicott|atk|1\n|-unboost|p2b: Aegislash|atk|1\n|turn|7\n|\n|t:|1776487912\n|move|p1b: Incineroar|Fake Out|p2a: Whimsicott\n|-damage|p2a: Whimsicott|68/100\n|cant|p2a: Whimsicott|flinch\n|move|p1a: Sinistcha|Shadow Ball|p2b: Aegislash\n|-supereffective|p2b: Aegislash|1\n|-damage|p2b: Aegislash|0 fnt\n|faint|p2b: Aegislash\n|\n|-heal|p1a: Sinistcha|75/100|[from] item: Leftovers\n|upkeep\n|turn|8\n|\n|t:|1776487932\n|move|p2a: Whimsicott|Moonblast|p1b: Incineroar\n|-damage|p1b: Incineroar|75/100\n|-unboost|p1b: Incineroar|spa|1\n|move|p1a: Sinistcha|Life Dew|p1a: Sinistcha|[spread] p1a,p1b\n|-heal|p1a: Sinistcha|99/100\n|-heal|p1b: Incineroar|99/100\n|move|p1b: Incineroar|Flare Blitz|p2a: Whimsicott\n|-supereffective|p2a: Whimsicott|1\n|-damage|p2a: Whimsicott|0 fnt\n|faint|p2a: Whimsicott\n|-damage|p1b: Incineroar|85/100|[from] Recoil\n|\n|win|OkThenAlright1989\n|raw|OkThenAlright1989's rating: 1000 &rarr; <strong>1045</strong><br />(+45 for winning)\n|raw|Warehouse User's rating: 1040 &rarr; <strong>1022</strong><br />(-18 for losing)\n",
  "uploadtime": 1776487943,
  "views": 13,
  "formatid": "gen9championsvgc2026regma",
  "rating": 1022,
  "private": 0,
  "password": null
}