{
  "id": "gen9championsvgc2026regma-2588710242",
  "format": "[Gen 9 Champions] VGC 2026 Reg M-A",
  "players": [
    "Bugsnax4smash",
    "only blades"
  ],
  "log": "|j|\u2606Bugsnax4smash\n|j|\u2606only blades\n|t:|1776660521\n|gametype|doubles\n|player|p1|Bugsnax4smash|skierf|1281\n|player|p2|only blades|waitress|1191\n|gen|9\n|tier|[Gen 9 Champions] VGC 2026 Reg M-A\n|rated|\n|rule|Species Clause: Limit one of each Pok\u00e9mon\n|rule|Item Clause: Limit 1 of each item\n|clearpoke\n|poke|p1|Victreebel, L50, F|\n|poke|p1|Incineroar, L50, M|\n|poke|p1|Zoroark-Hisui, L50, F|\n|poke|p1|Azumarill, L50, F|\n|poke|p1|Talonflame, L50, F|\n|poke|p1|Kommo-o, L50, F|\n|poke|p2|Sinistcha, L50|\n|poke|p2|Tyranitar, L50, M|\n|poke|p2|Incineroar, L50, F|\n|poke|p2|Machamp, L50, F|\n|poke|p2|Typhlosion-Hisui, L50, M|\n|poke|p2|Milotic, L50, M|\n|teampreview|4\n|\n|t:|1776660557\n|teamsize|p1|4\n|teamsize|p2|4\n|start\n|switch|p1a: Victreebel|Victreebel, L50, F|100/100\n|switch|p1b: Talonflame|Talonflame, L50, F|100/100\n|switch|p2a: Milotic|Milotic, L50, M|100/100\n|switch|p2b: Sinistcha|Sinistcha, L50|100/100\n|turn|1\n|\n|t:|1776660598\n|detailschange|p1a: Victreebel|Victreebel-Mega, L50, F\n|-mega|p1a: Victreebel|Victreebel|Victreebelite\n|move|p1b: Talonflame|Bitter Malice|p2b: Sinistcha\n|-supereffective|p2b: Sinistcha|1\n|-damage|p2b: Sinistcha|25/100\n|-unboost|p2b: Sinistcha|atk|1\n|move|p2a: Milotic|Ice Beam|p1a: Victreebel\n|-supereffective|p1a: Victreebel|1\n|-damage|p1a: Victreebel|26/100\n|move|p1a: Victreebel|Giga Drain|p2a: Milotic\n|-supereffective|p2a: Milotic|1\n|-damage|p2a: Milotic|34/100\n|-heal|p1a: Victreebel|61/100|[from] drain|[of] p2a: Milotic\n|move|p2b: Sinistcha|Trick Room|p2b: Sinistcha\n|-fieldstart|move: Trick Room|[of] p2b: Sinistcha\n|\n|upkeep\n|turn|2\n|\n|t:|1776660629\n|switch|p2b: Tyranitar|Tyranitar, L50, M|100/100\n|-weather|Sandstorm|[from] ability: Sand Stream|[of] p2b: Tyranitar\n|move|p2a: Milotic|Protect|p2a: Milotic\n|-singleturn|p2a: Milotic|Protect\n|move|p1a: Victreebel|Giga Drain|p2a: Milotic\n|-activate|p2a: Milotic|move: Protect\n|move|p1b: Talonflame|Bitter Malice|p2b: Tyranitar\n|-resisted|p2b: Tyranitar|1\n|-crit|p2b: Tyranitar\n|-damage|p2b: Tyranitar|82/100\n|-unboost|p2b: Tyranitar|atk|1\n|\n|-weather|Sandstorm|[upkeep]\n|-damage|p1a: Victreebel|56/100|[from] Sandstorm\n|-damage|p2a: Milotic|28/100|[from] Sandstorm\n|-damage|p1b: Talonflame|94/100|[from] Sandstorm\n|upkeep\n|turn|3\n|\n|t:|1776660668\n|switch|p1a: Kommo-o|Kommo-o, L50, F|100/100\n|switch|p2a: Typhlosion|Typhlosion-Hisui, L50, M|100/100\n|-item|p1a: Kommo-o|Leftovers|[from] ability: Frisk|[of] p2a: Typhlosion\n|-item|p1b: Talonflame|Focus Sash|[from] ability: Frisk|[of] p2a: Typhlosion\n|detailschange|p2b: Tyranitar|Tyranitar-Mega, L50, M\n|-mega|p2b: Tyranitar|Tyranitar|Tyranitarite\n|move|p2b: Tyranitar|Rock Slide|p1b: Talonflame|[spread] p1a,p1b\n|-resisted|p1a: Kommo-o|1\n|-damage|p1a: Kommo-o|91/100\n|-damage|p1b: Talonflame|43/100\n|replace|p1b: Zoroark|Zoroark-Hisui, L50, F\n|-end|p1b: Zoroark|Illusion\n|move|p1b: Zoroark|Hyper Voice|p2a: Typhlosion|[spread] p2b\n|-immune|p2a: Typhlosion\n|-resisted|p2b: Tyranitar|1\n|-damage|p2b: Tyranitar|74/100\n|\n|-weather|Sandstorm|[upkeep]\n|-damage|p1b: Zoroark|37/100|[from] Sandstorm\n|-damage|p2a: Typhlosion|94/100|[from] Sandstorm\n|-heal|p1a: Kommo-o|97/100|[from] item: Leftovers\n|upkeep\n|turn|4\n|\n|t:|1776660713\n|move|p2b: Tyranitar|Protect|p2b: Tyranitar\n|-singleturn|p2b: Tyranitar|Protect\n|move|p1b: Zoroark|Protect|p1b: Zoroark\n|-singleturn|p1b: Zoroark|Protect\n|move|p1a: Kommo-o|Body Press|p2b: Tyranitar\n|-activate|p2b: Tyranitar|move: Protect\n|move|p2a: Typhlosion|Eruption|p1b: Zoroark|[spread] p1a\n|-activate|p1b: Zoroark|move: Protect\n|-resisted|p1a: Kommo-o|1\n|-damage|p1a: Kommo-o|77/100\n|\n|-weather|Sandstorm|[upkeep]\n|-damage|p1b: Zoroark|30/100|[from] Sandstorm\n|-damage|p2a: Typhlosion|88/100|[from] Sandstorm\n|-heal|p1a: Kommo-o|83/100|[from] item: Leftovers\n|upkeep\n|turn|5\n|\n|t:|1776660746\n|switch|p2b: Sinistcha|Sinistcha, L50|25/100\n|move|p1a: Kommo-o|Body Press|p2b: Sinistcha\n|-immune|p2b: Sinistcha\n|move|p1b: Zoroark|Bitter Malice|p2a: Typhlosion\n|-supereffective|p2a: Typhlosion|1\n|-damage|p2a: Typhlosion|0 fnt\n|faint|p2a: Typhlosion\n|\n|-weather|Sandstorm|[upkeep]\n|-damage|p2b: Sinistcha|19/100|[from] Sandstorm\n|-damage|p1b: Zoroark|24/100|[from] Sandstorm\n|-heal|p1a: Kommo-o|89/100|[from] item: Leftovers\n|-fieldend|move: Trick Room\n|upkeep\n|\n|t:|1776660757\n|switch|p2a: Tyranitar|Tyranitar-Mega, L50, M|74/100\n|turn|6\n|\n|t:|1776660772\n|move|p1b: Zoroark|Bitter Malice|p2b: Sinistcha\n|-supereffective|p2b: Sinistcha|1\n|-damage|p2b: Sinistcha|0 fnt\n|faint|p2b: Sinistcha\n|move|p1a: Kommo-o|Iron Defense|p1a: Kommo-o\n|-boost|p1a: Kommo-o|def|2\n|move|p2a: Tyranitar|Rock Slide|p1a: Kommo-o|[spread] p1a,p1b\n|-resisted|p1a: Kommo-o|1\n|-crit|p1b: Zoroark\n|-damage|p1a: Kommo-o|82/100\n|-damage|p1b: Zoroark|0 fnt\n|faint|p1b: Zoroark\n|\n|-weather|none\n|-heal|p1a: Kommo-o|88/100|[from] item: Leftovers\n|upkeep\n|\n|t:|1776660788\n|switch|p1b: Victreebel|Victreebel-Mega, L50, F|56/100\n|switch|p2b: Milotic|Milotic, L50, M|28/100\n|turn|7\n|\n|t:|1776660803\n|move|p2a: Tyranitar|Protect|p2a: Tyranitar\n|-singleturn|p2a: Tyranitar|Protect\n|move|p1a: Kommo-o|Body Press|p2b: Milotic\n|-damage|p2b: Milotic|0 fnt\n|faint|p2b: Milotic\n|move|p1b: Victreebel|Giga Drain|p2a: Tyranitar\n|-activate|p2a: Tyranitar|move: Protect\n|\n|-heal|p1a: Kommo-o|94/100|[from] item: Leftovers\n|upkeep\n|turn|8\n|-message|only blades forfeited.\n|\n|win|Bugsnax4smash\n|raw|Bugsnax4smash's rating: 1281 &rarr; <strong>1300</strong><br />(+19 for winning)\n|raw|only blades's rating: 1191 &rarr; <strong>1172</strong><br />(-19 for losing)\n|l|\u2606only blades\n|player|p2|\n",
  "uploadtime": 1776660816,
  "views": 12,
  "formatid": "gen9championsvgc2026regma",
  "rating": 1172,
  "private": 0,
  "password": null
}