{
  "id": "gen9championsvgc2026regma-2584353465",
  "format": "[Gen 9 Champions] VGC 2026 Reg M-A",
  "players": [
    "Disfrazdetigre",
    "jordig15"
  ],
  "log": "|j|\u2606Disfrazdetigre\n|j|\u2606jordig15\n|t:|1776254160\n|gametype|doubles\n|player|p1|Disfrazdetigre|102|1330\n|player|p2|jordig15|101|1242\n|gen|9\n|tier|[Gen 9 Champions] VGC 2026 Reg M-A\n|rated|\n|rule|Species Clause: Limit one of each Pok\u00e9mon\n|rule|Item Clause: Limit 1 of each item\n|clearpoke\n|poke|p1|Gallade, L50, M|\n|poke|p1|Rotom-Wash, L50|\n|poke|p1|Incineroar, L50, F|\n|poke|p1|Sinistcha, L50|\n|poke|p1|Aggron, L50, M|\n|poke|p1|Ninetales-Alola, L50, F|\n|poke|p2|Sneasler, L50, M|\n|poke|p2|Garchomp, L50, M|\n|poke|p2|Incineroar, L50, M|\n|poke|p2|Kingambit, L50, F|\n|poke|p2|Basculegion, L50, M|\n|poke|p2|Gengar, L50, F|\n|teampreview|4\n|\n|t:|1776254202\n|teamsize|p1|4\n|teamsize|p2|4\n|start\n|switch|p1a: Rotom|Rotom-Wash, L50|100/100\n|switch|p1b: Incineroar|Incineroar, L50, F|100/100\n|switch|p2a: Basculegion|Basculegion, L50, M|100/100\n|switch|p2b: Gengar|Gengar, L50, F, shiny|100/100\n|-ability|p1b: Incineroar|Intimidate|boost\n|-unboost|p2a: Basculegion|atk|1\n|-unboost|p2b: Gengar|atk|1\n|turn|1\n|\n|t:|1776254226\n|switch|p1b: Aggron|Aggron, L50, M|100/100\n|detailschange|p2b: Gengar|Gengar-Mega, L50, F, shiny\n|-mega|p2b: Gengar|Gengar|Gengarite\n|move|p2b: Gengar|Protect|p2b: Gengar\n|-singleturn|p2b: Gengar|Protect\n|move|p2a: Basculegion|Flip Turn|p1b: Aggron\n|-supereffective|p1b: Aggron|1\n|-damage|p1b: Aggron|64/100\n|\n|t:|1776254238\n|switch|p2a: Kingambit|Kingambit, L50, F|100/100|[from] Flip Turn\n|move|p1a: Rotom|Hydro Pump|p2a: Kingambit\n|-damage|p2a: Kingambit|52/100\n|\n|upkeep\n|turn|2\n|\n|t:|1776254266\n|detailschange|p1b: Aggron|Aggron-Mega, L50, M\n|-mega|p1b: Aggron|Aggron|Aggronite\n|move|p2a: Kingambit|Sucker Punch|p1a: Rotom\n|-damage|p1a: Rotom|47/100\n|-enditem|p1a: Rotom|Sitrus Berry|[eat]\n|-heal|p1a: Rotom|72/100|[from] item: Sitrus Berry\n|move|p2b: Gengar|Shadow Ball|p1a: Rotom\n|-damage|p1a: Rotom|9/100\n|move|p1a: Rotom|Volt Switch|p2b: Gengar\n|-damage|p2b: Gengar|55/100\n|\n|t:|1776254279\n|switch|p1a: Gallade|Gallade, L50, M|100/100|[from] Volt Switch\n|move|p1b: Aggron|Heavy Slam|p2b: Gengar\n|-crit|p2b: Gengar\n|-damage|p2b: Gengar|0 fnt\n|faint|p2b: Gengar\n|\n|upkeep\n|inactive|Battle timer is ON: inactive players will automatically lose when time's up. (requested by Disfrazdetigre)\n|\n|t:|1776254307\n|switch|p2b: Incineroar|Incineroar, L50, M|100/100\n|turn|3\n|inactive|jordig15 has 30 seconds left.\n|inactive|jordig15 has 20 seconds left.\n|inactive|jordig15 has 15 seconds left.\n|\n|t:|1776254349\n|switch|p1a: Rotom|Rotom-Wash, L50|9/100\n|move|p2b: Incineroar|Fake Out|p1a: Rotom\n|-damage|p1a: Rotom|0 fnt\n|faint|p1a: Rotom\n|move|p2a: Kingambit|Kowtow Cleave|p1b: Aggron\n|-damage|p1b: Aggron|37/100\n|move|p1b: Aggron|Body Press|p2a: Kingambit\n|-supereffective|p2a: Kingambit|2\n|-damage|p2a: Kingambit|0 fnt\n|faint|p2a: Kingambit\n|\n|upkeep\n|\n|t:|1776254363\n|switch|p1a: Gallade|Gallade, L50, M|100/100\n|switch|p2a: Basculegion|Basculegion, L50, M|100/100\n|turn|4\n|\n|t:|1776254380\n|move|p2a: Basculegion|Last Respects|p1a: Gallade\n|-supereffective|p1a: Gallade|1\n|-enditem|p1a: Gallade|Focus Sash\n|-damage|p1a: Gallade|1/100\n|move|p1a: Gallade|Sacred Sword|p2b: Incineroar\n|-supereffective|p2b: Incineroar|1\n|-damage|p2b: Incineroar|0 fnt\n|faint|p2b: Incineroar\n|move|p1b: Aggron|Iron Defense|p1b: Aggron\n|-boost|p1b: Aggron|def|2\n|\n|upkeep\n|turn|5\n|\n|t:|1776254402\n|move|p2a: Basculegion|Last Respects|p1a: Gallade\n|-supereffective|p1a: Gallade|1\n|-damage|p1a: Gallade|0 fnt\n|faint|p1a: Gallade\n|move|p1b: Aggron|Heavy Slam|p2a: Basculegion\n|-resisted|p2a: Basculegion|1\n|-damage|p2a: Basculegion|77/100\n|\n|upkeep\n|\n|t:|1776254409\n|switch|p1a: Incineroar|Incineroar, L50, F|100/100\n|-ability|p1a: Incineroar|Intimidate|boost\n|-unboost|p2a: Basculegion|atk|1\n|turn|6\n|\n|t:|1776254415\n|move|p2a: Basculegion|Last Respects|p1a: Incineroar\n|-resisted|p1a: Incineroar|1\n|-damage|p1a: Incineroar|59/100\n|move|p1a: Incineroar|Throat Chop|p2a: Basculegion\n|-supereffective|p2a: Basculegion|1\n|-damage|p2a: Basculegion|4/100\n|-start|p2a: Basculegion|Throat Chop|[silent]\n|move|p1b: Aggron|Heavy Slam|p2a: Basculegion\n|-resisted|p2a: Basculegion|1\n|-damage|p2a: Basculegion|0 fnt\n|faint|p2a: Basculegion\n|\n|win|Disfrazdetigre\n|raw|Disfrazdetigre's rating: 1330 &rarr; <strong>1345</strong><br />(+15 for winning)\n|raw|jordig15's rating: 1242 &rarr; <strong>1223</strong><br />(-19 for losing)\n",
  "uploadtime": 1776254421,
  "views": 31,
  "formatid": "gen9championsvgc2026regma",
  "rating": 1223,
  "private": 0,
  "password": null
}