{
  "id": "gen9championsvgc2026regma-2588404912",
  "format": "[Gen 9 Champions] VGC 2026 Reg M-A",
  "players": [
    "Dr Gaster PHD",
    "cleitonclaudio"
  ],
  "log": "|j|\u2606Dr Gaster PHD\n|j|\u2606cleitonclaudio\n|t:|1776630722\n|gametype|doubles\n|player|p1|Dr Gaster PHD|ghetsis|1295\n|player|p2|cleitonclaudio|265|1194\n|gen|9\n|tier|[Gen 9 Champions] VGC 2026 Reg M-A\n|rated|\n|rule|Species Clause: Limit one of each Pok\u00e9mon\n|rule|Item Clause: Limit 1 of each item\n|clearpoke\n|poke|p1|Pelipper, L50, M|\n|poke|p1|Basculegion, L50, M, shiny|\n|poke|p1|Archaludon, L50, F, shiny|\n|poke|p1|Sneasler, L50, F|\n|poke|p1|Meganium, L50, F|\n|poke|p1|Dragonite, L50, M|\n|poke|p2|Charizard, L50, F|\n|poke|p2|Venusaur, L50, F|\n|poke|p2|Garchomp, L50, F|\n|poke|p2|Incineroar, L50, M|\n|poke|p2|Gardevoir, L50, F|\n|poke|p2|Milotic, L50, M|\n|teampreview|4\n|\n|t:|1776630745\n|teamsize|p1|4\n|teamsize|p2|4\n|start\n|switch|p1a: Purple Rain|Basculegion, L50, M, shiny|100/100\n|switch|p1b: Bridget|Archaludon, L50, F, shiny|100/100\n|switch|p2a: Gardevoir|Gardevoir, L50, F|100/100\n|switch|p2b: Incineroar|Incineroar, L50, M|100/100\n|-ability|p2b: Incineroar|Intimidate|boost\n|-unboost|p1a: Purple Rain|atk|1\n|-unboost|p1b: Bridget|atk|1\n|turn|1\n|inactive|Battle timer is ON: inactive players will automatically lose when time's up. (requested by Dr Gaster PHD)\n|\n|t:|1776630777\n|detailschange|p2a: Gardevoir|Gardevoir-Mega, L50, F\n|-mega|p2a: Gardevoir|Gardevoir|Gardevoirite\n|move|p2b: Incineroar|Fake Out|p1b: Bridget\n|-resisted|p1b: Bridget|1\n|-damage|p1b: Bridget|97/100\n|-ability|p1b: Bridget|Stamina|boost\n|-boost|p1b: Bridget|def|1\n|move|p1a: Purple Rain|Flip Turn|p2b: Incineroar\n|-supereffective|p2b: Incineroar|1\n|-damage|p2b: Incineroar|47/100\n|-enditem|p2b: Incineroar|Sitrus Berry|[eat]\n|-heal|p2b: Incineroar|72/100|[from] item: Sitrus Berry\n|\n|t:|1776630784\n|switch|p1a: Sky Toilet|Pelipper, L50, M|100/100|[from] Flip Turn\n|-weather|RainDance|[from] ability: Drizzle|[of] p1a: Sky Toilet\n|move|p2a: Gardevoir|Hyper Voice|p1b: Bridget|[spread] p1a,p1b\n|-enditem|p1a: Sky Toilet|Focus Sash\n|-damage|p1a: Sky Toilet|1/100\n|-damage|p1b: Bridget|44/100\n|-ability|p1b: Bridget|Stamina|boost\n|-boost|p1b: Bridget|def|1\n|cant|p1b: Bridget|flinch\n|\n|-weather|RainDance|[upkeep]\n|-heal|p1b: Bridget|50/100|[from] item: Leftovers\n|upkeep\n|turn|2\n|inactive|cleitonclaudio has 30 seconds left.\n|\n|t:|1776630814\n|switch|p1a: Purple Rain|Basculegion, L50, M, shiny|100/100\n|move|p2a: Gardevoir|Hyper Voice|p1a: Purple Rain|[spread] p1a,p1b\n|-damage|p1a: Purple Rain|31/100\n|-damage|p1b: Bridget|0 fnt\n|faint|p1b: Bridget\n|move|p2b: Incineroar|Parting Shot|p1a: Purple Rain\n|-unboost|p1a: Purple Rain|atk|1\n|-unboost|p1a: Purple Rain|spa|1\n|\n|t:|1776630829\n|switch|p2b: Garchomp|Garchomp, L50, F|100/100|[from] Parting Shot\n|\n|-weather|RainDance|[upkeep]\n|upkeep\n|\n|t:|1776630833\n|switch|p1b: Dragonite|Dragonite, L50, M|100/100\n|turn|3\n|\n|t:|1776630850\n|detailschange|p1b: Dragonite|Dragonite-Mega, L50, M\n|-mega|p1b: Dragonite|Dragonite|Dragoninite\n|move|p2a: Gardevoir|Protect|p2a: Gardevoir\n|-singleturn|p2a: Gardevoir|Protect\n|move|p1a: Purple Rain|Last Respects|p2a: Gardevoir\n|-activate|p2a: Gardevoir|move: Protect\n|move|p2b: Garchomp|Rock Slide|p1b: Dragonite|[spread] p1a,p1b\n|-supereffective|p1b: Dragonite|1\n|-damage|p1a: Purple Rain|5/100\n|-damage|p1b: Dragonite|83/100\n|move|p1b: Dragonite|Tailwind|p1b: Dragonite\n|-sidestart|p1: Dr Gaster PHD|move: Tailwind\n|\n|-weather|RainDance|[upkeep]\n|upkeep\n|turn|4\n|inactive|cleitonclaudio has 30 seconds left.\n|\n|t:|1776630876\n|switch|p2a: Incineroar|Incineroar, L50, M|72/100\n|-ability|p2a: Incineroar|Intimidate|boost\n|-unboost|p1a: Purple Rain|atk|1\n|-unboost|p1b: Dragonite|atk|1\n|move|p1a: Purple Rain|Last Respects|p2a: Incineroar\n|-resisted|p2a: Incineroar|1\n|-damage|p2a: Incineroar|57/100\n|move|p1b: Dragonite|Dragon Pulse|p2b: Garchomp\n|-supereffective|p2b: Garchomp|1\n|-damage|p2b: Garchomp|0 fnt\n|faint|p2b: Garchomp\n|\n|-weather|RainDance|[upkeep]\n|upkeep\n|\n|t:|1776630895\n|switch|p2b: Milotic|Milotic, L50, M|100/100\n|turn|5\n|\n|t:|1776630924\n|move|p1a: Purple Rain|Last Respects|p2b: Milotic\n|-damage|p2b: Milotic|72/100\n|move|p1b: Dragonite|Thunder|p2b: Milotic\n|-supereffective|p2b: Milotic|1\n|-damage|p2b: Milotic|19/100\n|-status|p2b: Milotic|par\n|move|p2a: Incineroar|Throat Chop|p1a: Purple Rain\n|-supereffective|p1a: Purple Rain|1\n|-damage|p1a: Purple Rain|0 fnt\n|faint|p1a: Purple Rain\n|move|p2b: Milotic|Ice Beam|p1b: Dragonite\n|-supereffective|p1b: Dragonite|2\n|-damage|p1b: Dragonite|12/100\n|-status|p1b: Dragonite|frz\n|\n|-weather|none\n|-heal|p2b: Milotic|25/100 par|[from] item: Leftovers\n|upkeep\n|\n|t:|1776630932\n|switch|p1a: Sky Toilet|Pelipper, L50, M|1/100\n|-weather|RainDance|[from] ability: Drizzle|[of] p1a: Sky Toilet\n|turn|6\n|inactive|cleitonclaudio has 30 seconds left.\n|\n|t:|1776630966\n|cant|p2b: Milotic|par\n|-curestatus|p1b: Dragonite|frz|[msg]\n|move|p1b: Dragonite|Thunder|p2b: Milotic\n|-supereffective|p2b: Milotic|1\n|-damage|p2b: Milotic|0 fnt\n|faint|p2b: Milotic\n|move|p1a: Sky Toilet|Weather Ball|p2a: Incineroar\n|-supereffective|p2a: Incineroar|1\n|-damage|p2a: Incineroar|0 fnt\n|faint|p2a: Incineroar\n|\n|-weather|RainDance|[upkeep]\n|-sideend|p1: Dr Gaster PHD|move: Tailwind\n|upkeep\n|inactive|cleitonclaudio has 30 seconds left.\n|\n|t:|1776630994\n|switch|p2b: Gardevoir|Gardevoir-Mega, L50, F|100/100\n|turn|7\n|\n|t:|1776630997\n|move|p1a: Sky Toilet|Wide Guard|p1a: Sky Toilet\n|-singleturn|p1a: Sky Toilet|Wide Guard\n|move|p1b: Dragonite|Tailwind|p1b: Dragonite\n|-sidestart|p1: Dr Gaster PHD|move: Tailwind\n|move|p2b: Gardevoir|Hyper Voice|p1b: Dragonite|[spread] \n|-activate|p1a: Sky Toilet|move: Wide Guard\n|-activate|p1b: Dragonite|move: Wide Guard\n|\n|-weather|RainDance|[upkeep]\n|upkeep\n|turn|8\n|\n|t:|1776631007\n|move|p1b: Dragonite|Hurricane|p2b: Gardevoir\n|-damage|p2b: Gardevoir|39/100\n|move|p1a: Sky Toilet|Hurricane|p2b: Gardevoir\n|-damage|p2b: Gardevoir|0 fnt\n|faint|p2b: Gardevoir\n|\n|win|Dr Gaster PHD\n|raw|Dr Gaster PHD's rating: 1295 &rarr; <strong>1313</strong><br />(+18 for winning)\n|raw|cleitonclaudio's rating: 1194 &rarr; <strong>1176</strong><br />(-18 for losing)\n",
  "uploadtime": 1776631016,
  "views": 11,
  "formatid": "gen9championsvgc2026regma",
  "rating": 1176,
  "private": 0,
  "password": null
}