{
  "id": "gen9championsvgc2026regma-2588653581",
  "format": "[Gen 9 Champions] VGC 2026 Reg M-A",
  "players": [
    "EifieLisa",
    "saltyalab"
  ],
  "log": "|j|\u2606EifieLisa\n|j|\u2606saltyalab\n|t:|1776654155\n|gametype|doubles\n|player|p1|EifieLisa|winona|1408\n|player|p2|saltyalab|101|1424\n|gen|9\n|tier|[Gen 9 Champions] VGC 2026 Reg M-A\n|rated|\n|rule|Species Clause: Limit one of each Pok\u00e9mon\n|rule|Item Clause: Limit 1 of each item\n|clearpoke\n|poke|p1|Froslass, L50, F|\n|poke|p1|Garchomp, L50, M|\n|poke|p1|Tinkaton, L50, F|\n|poke|p1|Rotom-Wash, L50|\n|poke|p1|Sneasler, L50, F|\n|poke|p1|Talonflame, L50, F|\n|poke|p2|Sneasler, L50, M|\n|poke|p2|Delphox, L50, M|\n|poke|p2|Whimsicott, L50, M|\n|poke|p2|Garchomp, L50, M|\n|poke|p2|Meganium, L50, M|\n|poke|p2|Zoroark-Hisui, L50, M|\n|teampreview|4\n|j| alonso-m5\n|l| alonso-m5\n|inactive|Battle timer is ON: inactive players will automatically lose when time's up. (requested by saltyalab)\n|inactive|EifieLisa has 60 seconds left.\n|\n|t:|1776654255\n|teamsize|p1|4\n|teamsize|p2|4\n|start\n|switch|p1a: Garchomp|Garchomp, L50, M|100/100\n|switch|p1b: Froslass|Froslass, L50, F|100/100\n|switch|p2a: Whimsicott|Whimsicott, L50, M|100/100\n|switch|p2b: Sneasler|Sneasler, L50, M|100/100\n|turn|1\n|inactive|EifieLisa has 30 seconds left.\n|inactive|saltyalab has 30 seconds left.\n|inactive|EifieLisa has 20 seconds left.\n|inactive|EifieLisa has 15 seconds left.\n|\n|t:|1776654296\n|move|p1b: Froslass|Protect|p1b: Froslass\n|-singleturn|p1b: Froslass|Protect\n|move|p2a: Whimsicott|Tailwind|p2a: Whimsicott\n|-sidestart|p2: saltyalab|move: Tailwind\n|move|p2b: Sneasler|Close Combat|p1a: Garchomp\n|-damage|p1a: Garchomp|44/100\n|-unboost|p2b: Sneasler|def|1\n|-unboost|p2b: Sneasler|spd|1\n|-damage|p2b: Sneasler|88/100|[from] ability: Rough Skin|[of] p1a: Garchomp\n|-enditem|p2b: Sneasler|White Herb\n|-clearnegativeboost|p2b: Sneasler|[silent]\n|move|p1a: Garchomp|Earthquake|p2a: Whimsicott|[spread] p2a,p2b\n|-activate|p1b: Froslass|move: Protect\n|-resisted|p2a: Whimsicott|1\n|-supereffective|p2b: Sneasler|1\n|-damage|p2a: Whimsicott|70/100\n|-damage|p2b: Sneasler|0 fnt\n|faint|p2b: Sneasler\n|\n|upkeep\n|\n|t:|1776654305\n|switch|p2b: Delphox|Delphox, L50, M|100/100\n|turn|2\n|inactive|EifieLisa has 30 seconds left.\n|inactive|EifieLisa has 20 seconds left.\n|inactive|EifieLisa has 15 seconds left.\n|\n|t:|1776654348\n|switch|p1a: Talonflame|Talonflame, L50, F|100/100\n|detailschange|p2b: Delphox|Delphox-Mega, L50, M\n|-mega|p2b: Delphox|Delphox|Delphoxite\n|detailschange|p1b: Froslass|Froslass-Mega, L50, F\n|-mega|p1b: Froslass|Froslass|Froslassite\n|-weather|Snowscape|[from] ability: Snow Warning|[of] p1b: Froslass\n|move|p2a: Whimsicott|Encore|p1b: Froslass\n|-start|p1b: Froslass|Encore\n|move|p1b: Froslass|Protect|p1b: Froslass\n|-singleturn|p1b: Froslass|Protect\n|move|p2b: Delphox|Psychic|p1a: Talonflame\n|-damage|p1a: Talonflame|11/100\n|\n|-weather|Snowscape|[upkeep]\n|upkeep\n|turn|3\n|\n|t:|1776654372\n|switch|p1b: Tinkaton|Tinkaton, L50, F|100/100\n|-ability|p1b: Tinkaton|Mold Breaker\n|move|p1a: Talonflame|Protect|p1a: Talonflame\n|-singleturn|p1a: Talonflame|Protect\n|move|p2b: Delphox|Heat Wave|p1a: Talonflame|[spread] p1b\n|-activate|p1a: Talonflame|move: Protect\n|-supereffective|p1b: Tinkaton|1\n|-damage|p1b: Tinkaton|24/100\n|move|p2a: Whimsicott|Moonblast|p1b: Tinkaton\n|-resisted|p1b: Tinkaton|1\n|-damage|p1b: Tinkaton|7/100\n|\n|-weather|Snowscape|[upkeep]\n|upkeep\n|turn|4\n|\n|t:|1776654398\n|move|p2a: Whimsicott|Protect|p2a: Whimsicott\n|-singleturn|p2a: Whimsicott|Protect\n|move|p2b: Delphox|Protect|p2b: Delphox\n|-singleturn|p2b: Delphox|Protect\n|move|p1b: Tinkaton|Fake Out|p2a: Whimsicott\n|-activate|p2a: Whimsicott|move: Protect\n|move|p1a: Talonflame|Tailwind|p1a: Talonflame\n|-sidestart|p1: EifieLisa|move: Tailwind\n|\n|-weather|Snowscape|[upkeep]\n|-sideend|p2: saltyalab|move: Tailwind\n|upkeep\n|turn|5\n|inactive|EifieLisa has 30 seconds left.\n|\n|t:|1776654426\n|switch|p1a: Garchomp|Garchomp, L50, M|44/100\n|move|p2a: Whimsicott|Tailwind|p2a: Whimsicott\n|-sidestart|p2: saltyalab|move: Tailwind\n|move|p2b: Delphox|Heat Wave|p1a: Garchomp|[spread] p1a,p1b\n|-resisted|p1a: Garchomp|1\n|-supereffective|p1b: Tinkaton|1\n|-damage|p1a: Garchomp|24/100\n|-damage|p1b: Tinkaton|0 fnt\n|faint|p1b: Tinkaton\n|\n|-weather|Snowscape|[upkeep]\n|upkeep\n|\n|t:|1776654435\n|switch|p1b: Froslass|Froslass-Mega, L50, F|100/100\n|turn|6\n|\n|t:|1776654444\n|move|p1a: Garchomp|Rock Slide|p2a: Whimsicott|[spread] p2a,p2b\n|-supereffective|p2b: Delphox|1\n|-damage|p2a: Whimsicott|38/100\n|-damage|p2b: Delphox|36/100\n|move|p2b: Delphox|Heat Wave|p1b: Froslass|[spread] p1a\n|-miss|p2b: Delphox|p1b: Froslass\n|-resisted|p1a: Garchomp|1\n|-damage|p1a: Garchomp|1/100\n|move|p1b: Froslass|Blizzard|p2b: Delphox|[spread] p2a,p2b\n|-supereffective|p2a: Whimsicott|1\n|-crit|p2a: Whimsicott\n|-resisted|p2b: Delphox|1\n|-damage|p2a: Whimsicott|0 fnt\n|-damage|p2b: Delphox|14/100\n|faint|p2a: Whimsicott\n|\n|-weather|none\n|upkeep\n|\n|t:|1776654448\n|switch|p2a: Garchomp|Garchomp, L50, M|100/100\n|turn|7\n|\n|t:|1776654458\n|move|p2b: Delphox|Protect|p2b: Delphox\n|-singleturn|p2b: Delphox|Protect\n|move|p1a: Garchomp|Rock Slide|p2b: Delphox|[spread] p2a\n|-activate|p2b: Delphox|move: Protect\n|-resisted|p2a: Garchomp|1\n|-damage|p2a: Garchomp|91/100\n|cant|p2a: Garchomp|flinch\n|move|p1b: Froslass|Substitute|p1b: Froslass\n|-start|p1b: Froslass|Substitute\n|-damage|p1b: Froslass|76/100\n|\n|-sideend|p1: EifieLisa|move: Tailwind\n|upkeep\n|turn|8\n|\n|t:|1776654466\n|switch|p1a: Talonflame|Talonflame, L50, F|11/100\n|move|p1b: Froslass|Protect|p1b: Froslass\n|-singleturn|p1b: Froslass|Protect\n|move|p2a: Garchomp|Rock Slide|p1a: Talonflame|[spread] p1a\n|-activate|p1b: Froslass|move: Protect\n|-supereffective|p1a: Talonflame|2\n|-damage|p1a: Talonflame|0 fnt\n|faint|p1a: Talonflame\n|move|p2b: Delphox|Heat Wave|p1b: Froslass\n|-activate|p1b: Froslass|move: Protect\n|\n|-sideend|p2: saltyalab|move: Tailwind\n|upkeep\n|\n|t:|1776654470\n|switch|p1a: Garchomp|Garchomp, L50, M|1/100\n|turn|9\n|\n|t:|1776654489\n|move|p2b: Delphox|Protect|p2b: Delphox\n|-singleturn|p2b: Delphox|Protect\n|move|p1a: Garchomp|Dragon Claw|p2a: Garchomp\n|-supereffective|p2a: Garchomp|1\n|-damage|p2a: Garchomp|13/100\n|-damage|p1a: Garchomp|0 fnt|[from] ability: Rough Skin|[of] p2a: Garchomp\n|faint|p1a: Garchomp\n|move|p2a: Garchomp|Rock Slide|p1b: Froslass\n|-supereffective|p1b: Froslass|1\n|-end|p1b: Froslass|Substitute\n|move|p1b: Froslass|Shadow Ball|p2b: Delphox\n|-activate|p2b: Delphox|move: Protect\n|\n|upkeep\n|turn|10\n|\n|t:|1776654500\n|move|p2a: Garchomp|Rock Slide|p1b: Froslass\n|-supereffective|p1b: Froslass|1\n|-damage|p1b: Froslass|5/100\n|move|p2b: Delphox|Heat Wave|p1b: Froslass|[miss]\n|-miss|p2b: Delphox|p1b: Froslass\n|move|p1b: Froslass|Blizzard|p2b: Delphox|[spread] p2a\n|-miss|p1b: Froslass|p2b: Delphox\n|-supereffective|p2a: Garchomp|2\n|-damage|p2a: Garchomp|0 fnt\n|faint|p2a: Garchomp\n|\n|upkeep\n|turn|11\n|\n|t:|1776654509\n|move|p2b: Delphox|Psychic|p1b: Froslass\n|-damage|p1b: Froslass|0 fnt\n|faint|p1b: Froslass\n|\n|win|saltyalab\n|raw|EifieLisa's rating: 1408 &rarr; <strong>1389</strong><br />(-19 for losing)\n|raw|saltyalab's rating: 1424 &rarr; <strong>1443</strong><br />(+19 for winning)\n",
  "uploadtime": 1776654512,
  "views": 11,
  "formatid": "gen9championsvgc2026regma",
  "rating": 1389,
  "private": 0,
  "password": null
}