{
  "id": "gen9championsvgc2026regma-2585119249",
  "format": "[Gen 9 Champions] VGC 2026 Reg M-A",
  "players": [
    "frograt",
    "dragalz"
  ],
  "log": "|j|\u2606frograt\n|j|\u2606dragalz\n|t:|1776313994\n|gametype|doubles\n|player|p1|frograt|2|1131\n|player|p2|dragalz|hilbert-wonderlauncher|1032\n|gen|9\n|tier|[Gen 9 Champions] VGC 2026 Reg M-A\n|rated|\n|rule|Species Clause: Limit one of each Pok\u00e9mon\n|rule|Item Clause: Limit 1 of each item\n|clearpoke\n|poke|p1|Milotic, L50, F|\n|poke|p1|Scovillain, L50, M|\n|poke|p1|Garchomp, L50, F|\n|poke|p1|Aerodactyl, L50, M|\n|poke|p1|Vaporeon, L50, M|\n|poke|p1|Kingambit, L50, F|\n|poke|p2|Farigiraf, L50, M|\n|poke|p2|Blastoise, L50, M|\n|poke|p2|Politoed, L50, F|\n|poke|p2|Incineroar, L50, F|\n|poke|p2|Conkeldurr, L50, F|\n|poke|p2|Dragonite, L50, F|\n|teampreview|4\n|inactive|Battle timer is ON: inactive players will automatically lose when time's up. (requested by frograt)\n|\n|t:|1776314038\n|teamsize|p1|4\n|teamsize|p2|4\n|start\n|switch|p1a: Aerodactyl|Aerodactyl, L50, M|100/100\n|switch|p1b: Garchomp|Garchomp, L50, F|100/100\n|switch|p2a: Farigiraf|Farigiraf, L50, M|100/100\n|switch|p2b: Blastoise|Blastoise, L50, M|100/100\n|-ability|p1a: Aerodactyl|Unnerve\n|turn|1\n|\n|t:|1776314055\n|move|p2b: Blastoise|Fake Out|p1b: Garchomp\n|-damage|p1b: Garchomp|93/100\n|-damage|p2b: Blastoise|88/100|[from] ability: Rough Skin|[of] p1b: Garchomp\n|move|p1a: Aerodactyl|Rock Slide|p2b: Blastoise|[spread] p2a,p2b\n|-damage|p2a: Farigiraf|75/100\n|-damage|p2b: Blastoise|62/100\n|cant|p1b: Garchomp|flinch\n|move|p2a: Farigiraf|Trick Room|p2a: Farigiraf\n|-fieldstart|move: Trick Room|[of] p2a: Farigiraf\n|\n|upkeep\n|turn|2\n|\n|t:|1776314069\n|switch|p2a: Politoed|Politoed, L50, F|100/100\n|-weather|RainDance|[from] ability: Drizzle|[of] p2a: Politoed\n|switch|p1b: Scovillain|Scovillain, L50, M|100/100\n|switch|p1a: Milotic|Milotic, L50, F|100/100\n|detailschange|p2b: Blastoise|Blastoise-Mega, L50, M\n|-mega|p2b: Blastoise|Blastoise|Blastoisinite\n|move|p2b: Blastoise|Water Spout|p1a: Milotic|[spread] p1a,p1b\n|-resisted|p1a: Milotic|1\n|-damage|p1a: Milotic|80/100\n|-damage|p1b: Scovillain|41/100\n|\n|-weather|RainDance|[upkeep]\n|-heal|p1a: Milotic|86/100|[from] item: Leftovers\n|-ability|p1b: Scovillain|Moody|boost\n|-boost|p1b: Scovillain|atk|2\n|-unboost|p1b: Scovillain|spd|1\n|upkeep\n|turn|3\n|inactive|dragalz has 30 seconds left.\n|\n|t:|1776314102\n|detailschange|p1b: Scovillain|Scovillain-Mega, L50, M\n|-mega|p1b: Scovillain|Scovillain|Scovillainite\n|move|p1b: Scovillain|Rage Powder|p1b: Scovillain\n|-singleturn|p1b: Scovillain|move: Rage Powder\n|move|p2a: Politoed|Weather Ball|p1b: Scovillain\n|-damage|p1b: Scovillain|0 fnt\n|-status|p2a: Politoed|brn|[from] ability: Spicy Spray|[of] p1b: Scovillain\n|faint|p1b: Scovillain\n|move|p2b: Blastoise|Dragon Pulse|p1a: Milotic\n|-damage|p1a: Milotic|57/100\n|move|p1a: Milotic|Surf|p2b: Blastoise|[spread] p2a,p2b\n|-resisted|p2a: Politoed|1\n|-resisted|p2b: Blastoise|1\n|-damage|p2a: Politoed|87/100 brn\n|-damage|p2b: Blastoise|46/100\n|\n|-weather|RainDance|[upkeep]\n|-heal|p2a: Politoed|93/100 brn|[from] item: Leftovers\n|-heal|p1a: Milotic|63/100|[from] item: Leftovers\n|-damage|p2a: Politoed|87/100 brn|[from] brn\n|upkeep\n|\n|t:|1776314118\n|switch|p1b: Aerodactyl|Aerodactyl, L50, M|100/100\n|-ability|p1b: Aerodactyl|Unnerve\n|turn|4\n|\n|t:|1776314129\n|move|p1b: Aerodactyl|Protect|p1b: Aerodactyl\n|-singleturn|p1b: Aerodactyl|Protect\n|move|p2a: Politoed|Ice Beam|p1b: Aerodactyl\n|-activate|p1b: Aerodactyl|move: Protect\n|move|p2b: Blastoise|Dragon Pulse|p1a: Milotic\n|-damage|p1a: Milotic|32/100\n|move|p1a: Milotic|Recover|p1a: Milotic\n|-heal|p1a: Milotic|82/100\n|\n|-weather|RainDance|[upkeep]\n|-heal|p2a: Politoed|93/100 brn|[from] item: Leftovers\n|-heal|p1a: Milotic|88/100|[from] item: Leftovers\n|-damage|p2a: Politoed|87/100 brn|[from] brn\n|upkeep\n|turn|5\n|inactive|frograt has 30 seconds left.\n|\n|t:|1776314162\n|move|p2a: Politoed|Weather Ball|p1b: Aerodactyl\n|-supereffective|p1b: Aerodactyl|1\n|-enditem|p1b: Aerodactyl|Focus Sash\n|-damage|p1b: Aerodactyl|1/100\n|move|p2b: Blastoise|Dragon Pulse|p1a: Milotic\n|-damage|p1a: Milotic|58/100\n|move|p1a: Milotic|Icy Wind|p2a: Politoed|[spread] p2a,p2b\n|-resisted|p2a: Politoed|1\n|-resisted|p2b: Blastoise|1\n|-damage|p2a: Politoed|83/100 brn\n|-damage|p2b: Blastoise|42/100\n|-unboost|p2a: Politoed|spe|1\n|-unboost|p2b: Blastoise|spe|1\n|move|p1b: Aerodactyl|Rock Slide|p2b: Blastoise|[spread] p2a,p2b\n|-damage|p2a: Politoed|54/100 brn\n|-damage|p2b: Blastoise|21/100\n|\n|-weather|RainDance|[upkeep]\n|-heal|p2a: Politoed|60/100 brn|[from] item: Leftovers\n|-heal|p1a: Milotic|64/100|[from] item: Leftovers\n|-damage|p2a: Politoed|54/100 brn|[from] brn\n|-fieldend|move: Trick Room\n|upkeep\n|turn|6\n|inactive|dragalz has 30 seconds left.\n|inactive|dragalz has 20 seconds left.\n|inactive|dragalz has 15 seconds left.\n|\n|t:|1776314206\n|move|p1b: Aerodactyl|Tailwind|p1b: Aerodactyl\n|-sidestart|p1: frograt|move: Tailwind\n|move|p1a: Milotic|Recover|p1a: Milotic\n|-heal|p1a: Milotic|100/100\n|move|p2b: Blastoise|Dragon Pulse|p1a: Milotic\n|-damage|p1a: Milotic|69/100\n|move|p2a: Politoed|Weather Ball|p1b: Aerodactyl\n|-supereffective|p1b: Aerodactyl|1\n|-damage|p1b: Aerodactyl|0 fnt\n|faint|p1b: Aerodactyl\n|\n|-weather|none\n|-heal|p1a: Milotic|75/100|[from] item: Leftovers\n|-heal|p2a: Politoed|60/100 brn|[from] item: Leftovers\n|-damage|p2a: Politoed|54/100 brn|[from] brn\n|upkeep\n|\n|t:|1776314212\n|switch|p1b: Garchomp|Garchomp, L50, F|93/100\n|turn|7\n|\n|t:|1776314225\n|switch|p2a: Farigiraf|Farigiraf, L50, M|75/100\n|move|p1b: Garchomp|Rock Slide|p2b: Blastoise|[spread] p2a,p2b\n|-damage|p2a: Farigiraf|52/100\n|-damage|p2b: Blastoise|4/100\n|move|p1a: Milotic|Dragon Cheer|p1b: Garchomp\n|-start|p1b: Garchomp|move: Dragon Cheer\n|move|p2b: Blastoise|Dragon Pulse|p1b: Garchomp\n|-supereffective|p1b: Garchomp|1\n|-damage|p1b: Garchomp|0 fnt\n|faint|p1b: Garchomp\n|\n|-heal|p1a: Milotic|81/100|[from] item: Leftovers\n|upkeep\n|turn|8\n|-message|frograt forfeited.\n|\n|win|dragalz\n|raw|frograt's rating: 1131 &rarr; <strong>1099</strong><br />(-32 for losing)\n|raw|dragalz's rating: 1032 &rarr; <strong>1077</strong><br />(+45 for winning)\n|l|\u2606frograt\n|player|p1|\n",
  "uploadtime": 1776314259,
  "views": 43,
  "formatid": "gen9championsvgc2026regma",
  "rating": 1077,
  "private": 0,
  "password": null
}