{
  "id": "gen9championsvgc2026regma-2584772946",
  "format": "[Gen 9 Champions] VGC 2026 Reg M-A",
  "players": [
    "filipelima0617",
    "lisarb660"
  ],
  "log": "|j|\u2606filipelima0617\n|j|\u2606lisarb660\n|t:|1776282625\n|gametype|doubles\n|player|p1|filipelima0617|skier|\n|player|p2|lisarb660|1|\n|gen|9\n|tier|[Gen 9 Champions] VGC 2026 Reg M-A\n|rule|Species Clause: Limit one of each Pok\u00e9mon\n|rule|Item Clause: Limit 1 of each item\n|clearpoke\n|poke|p1|Gardevoir, L50, M|\n|poke|p1|Toxapex, L50, M|\n|poke|p1|Rotom-Heat, L50|\n|poke|p1|Gengar, L50, F|\n|poke|p1|Dragonite, L50, F|\n|poke|p1|Mamoswine, L50, M|\n|poke|p2|Basculegion, L50, M|\n|poke|p2|Pelipper, L50, M|\n|poke|p2|Dragonite, L50, F|\n|poke|p2|Archaludon, L50, F|\n|poke|p2|Sneasler, L50, F|\n|poke|p2|Rotom-Heat, L50|\n|teampreview|4\n|j| Jeanmixed\n|\n|t:|1776282658\n|teamsize|p1|4\n|teamsize|p2|4\n|start\n|switch|p1a: Gardevoir|Gardevoir, L50, M|100/100\n|switch|p1b: Rotom|Rotom-Heat, L50|100/100\n|switch|p2a: pelicano|Pelipper, L50, M|100/100\n|switch|p2b: lagartixa pan\u00e7uda|Dragonite, L50, F, shiny|100/100\n|-weather|RainDance|[from] ability: Drizzle|[of] p2a: pelicano\n|turn|1\n|l| Jeanmixed\n|j| Jeanmixed\n|\n|t:|1776282682\n|detailschange|p2b: lagartixa pan\u00e7uda|Dragonite-Mega, L50, F, shiny\n|-mega|p2b: lagartixa pan\u00e7uda|Dragonite|Dragoninite\n|detailschange|p1a: Gardevoir|Gardevoir-Mega, L50, M\n|-mega|p1a: Gardevoir|Gardevoir|Gardevoirite\n|move|p2b: lagartixa pan\u00e7uda|Thunder|p1a: Gardevoir\n|-damage|p1a: Gardevoir|66/100\n|move|p1a: Gardevoir|Psychic|p2b: lagartixa pan\u00e7uda\n|-damage|p2b: lagartixa pan\u00e7uda|73/100\n|move|p1b: Rotom|Thunderbolt|p2b: lagartixa pan\u00e7uda\n|-damage|p2b: lagartixa pan\u00e7uda|46/100\n|move|p2a: pelicano|Tailwind|p2a: pelicano\n|-sidestart|p2: lisarb660|move: Tailwind\n|\n|-weather|RainDance|[upkeep]\n|upkeep\n|turn|2\n|\n|t:|1776282708\n|move|p2b: lagartixa pan\u00e7uda|Thunder|p1a: Gardevoir\n|-damage|p1a: Gardevoir|35/100\n|-status|p1a: Gardevoir|par\n|move|p2a: pelicano|Weather Ball|p1b: Rotom\n|-supereffective|p1b: Rotom|1\n|-damage|p1b: Rotom|0 fnt\n|faint|p1b: Rotom\n|move|p1a: Gardevoir|Hyper Voice|p2b: lagartixa pan\u00e7uda|[spread] p2a,p2b\n|-supereffective|p2b: lagartixa pan\u00e7uda|1\n|-damage|p2a: pelicano|10/100\n|-damage|p2b: lagartixa pan\u00e7uda|0 fnt\n|faint|p2b: lagartixa pan\u00e7uda\n|\n|-weather|RainDance|[upkeep]\n|upkeep\n|\n|t:|1776282733\n|switch|p2b: sasukemon|Sneasler, L50, F|100/100\n|switch|p1b: Dragonite|Dragonite, L50, F|100/100\n|turn|3\n|\n|t:|1776282757\n|move|p2b: sasukemon|Fake Out|p1b: Dragonite\n|-damage|p1b: Dragonite|93/100\n|move|p2a: pelicano|Hurricane|p1a: Gardevoir\n|-damage|p1a: Gardevoir|0 fnt\n|faint|p1a: Gardevoir\n|cant|p1b: Dragonite|flinch\n|\n|-weather|RainDance|[upkeep]\n|upkeep\n|\n|t:|1776282766\n|switch|p1a: Toxapex|Toxapex, L50, M|100/100\n|turn|4\n|\n|t:|1776282790\n|move|p2b: sasukemon|Protect|p2b: sasukemon\n|-singleturn|p2b: sasukemon|Protect\n|move|p2a: pelicano|Hurricane|p1a: Toxapex\n|-damage|p1a: Toxapex|64/100\n|move|p1b: Dragonite|Dragon Claw|p2a: pelicano\n|-crit|p2a: pelicano\n|-damage|p2a: pelicano|0 fnt\n|faint|p2a: pelicano\n|move|p1a: Toxapex|Chilling Water|p2b: sasukemon\n|-activate|p2b: sasukemon|move: Protect\n|\n|-weather|RainDance|[upkeep]\n|-heal|p1a: Toxapex|69/100|[from] item: Leftovers\n|-sideend|p2: lisarb660|move: Tailwind\n|upkeep\n|\n|t:|1776282803\n|switch|p2a: 09/11|Archaludon, L50, F|100/100\n|turn|5\n|\n|t:|1776282830\n|move|p1a: Toxapex|Baneful Bunker|p1a: Toxapex\n|-singleturn|p1a: Toxapex|move: Protect\n|move|p2b: sasukemon|Dire Claw|p1b: Dragonite\n|-damage|p1b: Dragonite|40/100\n|move|p1b: Dragonite|Dragon Dance|p1b: Dragonite\n|-boost|p1b: Dragonite|atk|1\n|-boost|p1b: Dragonite|spe|1\n|move|p2a: 09/11|Dragon Pulse|p1b: Dragonite\n|-supereffective|p1b: Dragonite|1\n|-damage|p1b: Dragonite|0 fnt\n|faint|p1b: Dragonite\n|\n|-weather|none\n|-heal|p1a: Toxapex|75/100|[from] item: Leftovers\n|upkeep\n|turn|6\n|\n|t:|1776282864\n|move|p2b: sasukemon|Dire Claw|p1a: Toxapex\n|-resisted|p1a: Toxapex|1\n|-damage|p1a: Toxapex|58/100\n|move|p2a: 09/11|Electro Shot||[still]\n|-prepare|p2a: 09/11|Electro Shot\n|-boost|p2a: 09/11|spa|1\n|move|p1a: Toxapex|Chilling Water|p2a: 09/11\n|-resisted|p2a: 09/11|1\n|-damage|p2a: 09/11|95/100\n|-unboost|p2a: 09/11|atk|1\n|-ability|p2a: 09/11|Stamina|boost\n|-boost|p2a: 09/11|def|1\n|\n|-heal|p2a: 09/11|100/100|[from] item: Leftovers\n|-heal|p1a: Toxapex|64/100|[from] item: Leftovers\n|upkeep\n|turn|7\n|\n|t:|1776282895\n|move|p1a: Toxapex|Baneful Bunker|p1a: Toxapex\n|-singleturn|p1a: Toxapex|move: Protect\n|move|p2b: sasukemon|Dire Claw|p1a: Toxapex\n|-activate|p1a: Toxapex|move: Protect\n|move|p2a: 09/11|Electro Shot|p1a: Toxapex|[from] lockedmove\n|-activate|p1a: Toxapex|move: Protect\n|\n|-heal|p1a: Toxapex|69/100|[from] item: Leftovers\n|upkeep\n|turn|8\n|\n|t:|1776282913\n|move|p2b: sasukemon|Dire Claw|p1a: Toxapex\n|-resisted|p1a: Toxapex|1\n|-damage|p1a: Toxapex|51/100\n|move|p2a: 09/11|Dragon Pulse|p1a: Toxapex\n|-damage|p1a: Toxapex|9/100\n|move|p1a: Toxapex|Chilling Water|p2b: sasukemon\n|-damage|p2b: sasukemon|85/100\n|-unboost|p2b: sasukemon|atk|1\n|-enditem|p2b: sasukemon|White Herb\n|-clearnegativeboost|p2b: sasukemon|[silent]\n|\n|-heal|p1a: Toxapex|15/100|[from] item: Leftovers\n|upkeep\n|turn|9\n|\n|t:|1776282933\n|move|p2b: sasukemon|Dire Claw|p1a: Toxapex\n|-resisted|p1a: Toxapex|1\n|-damage|p1a: Toxapex|0 fnt\n|faint|p1a: Toxapex\n|\n|win|lisarb660\n",
  "uploadtime": 1776282940,
  "views": 16,
  "formatid": "gen9championsvgc2026regma",
  "rating": null,
  "private": 0,
  "password": null
}