{
  "id": "gen9championsvgc2026regma-2586064777",
  "format": "[Gen 9 Champions] VGC 2026 Reg M-A",
  "players": [
    "ZJESKIN",
    "Infern64"
  ],
  "log": "|j|\u2606ZJESKIN\n|j|\u2606Infern64\n|t:|1776395248\n|gametype|doubles\n|player|p1|ZJESKIN|265|1205\n|player|p2|Infern64|169|1171\n|gen|9\n|tier|[Gen 9 Champions] VGC 2026 Reg M-A\n|rated|\n|rule|Species Clause: Limit one of each Pok\u00e9mon\n|rule|Item Clause: Limit 1 of each item\n|clearpoke\n|poke|p1|Floette-Eternal, L50, F|\n|poke|p1|Basculegion, L50, M|\n|poke|p1|Maushold-Four, L50|\n|poke|p1|Incineroar, L50, F|\n|poke|p1|Garchomp, L50, F|\n|poke|p1|Aerodactyl, L50, F|\n|poke|p2|Camerupt, L50, F|\n|poke|p2|Torkoal, L50, F|\n|poke|p2|Venusaur, L50, F|\n|poke|p2|Maushold, L50|\n|poke|p2|Farigiraf, L50, M|\n|poke|p2|Primarina, L50, F|\n|teampreview|4\n|\n|t:|1776395286\n|teamsize|p1|4\n|teamsize|p2|4\n|start\n|switch|p1a: Aerodactyl|Aerodactyl, L50, F|100/100\n|switch|p1b: Garchomp|Garchomp, L50, F, shiny|100/100\n|switch|p2a: Farigiraf|Farigiraf, L50, M|100/100\n|switch|p2b: Primarina|Primarina, L50, F|100/100\n|-ability|p1a: Aerodactyl|Unnerve\n|turn|1\n|\n|t:|1776395296\n|move|p1a: Aerodactyl|Rock Slide|p2a: Farigiraf|[spread] p2a,p2b\n|-damage|p2a: Farigiraf|74/100\n|-damage|p2b: Primarina|72/100\n|move|p1b: Garchomp|Earthquake|p2a: Farigiraf|[spread] p2a,p2b\n|-immune|p1a: Aerodactyl\n|-damage|p2a: Farigiraf|30/100\n|-damage|p2b: Primarina|14/100\n|move|p2b: Primarina|Hyper Voice|p1a: Aerodactyl|[spread] p1a,p1b\n|-supereffective|p1a: Aerodactyl|1\n|-enditem|p1a: Aerodactyl|Focus Sash\n|-damage|p1a: Aerodactyl|1/100\n|-damage|p1b: Garchomp|48/100\n|move|p2a: Farigiraf|Trick Room|p2a: Farigiraf\n|-fieldstart|move: Trick Room|[of] p2a: Farigiraf\n|\n|upkeep\n|turn|2\n|\n|t:|1776395318\n|move|p2a: Farigiraf|Nasty Plot|p2a: Farigiraf\n|-boost|p2a: Farigiraf|spa|2\n|move|p2b: Primarina|Hyper Voice|p1b: Garchomp|[spread] p1a,p1b\n|-supereffective|p1a: Aerodactyl|1\n|-damage|p1a: Aerodactyl|0 fnt\n|-damage|p1b: Garchomp|0 fnt\n|faint|p1a: Aerodactyl\n|faint|p1b: Garchomp\n|\n|upkeep\n|\n|t:|1776395322\n|switch|p1b: Basculegion|Basculegion, L50, M|100/100\n|switch|p1a: Floette|Floette-Eternal, L50, F|100/100\n|turn|3\n|\n|t:|1776395333\n|detailschange|p1a: Floette|Floette-Mega, L50, F\n|-mega|p1a: Floette|Floette|Floettite\n|-ability|p1a: Floette|Fairy Aura\n|move|p2b: Primarina|Hyper Voice|p1a: Floette|[spread] p1a,p1b\n|-resisted|p1b: Basculegion|1\n|-damage|p1a: Floette|67/100\n|-damage|p1b: Basculegion|74/100\n|move|p2a: Farigiraf|Hyper Voice|p1a: Floette|[spread] p1a\n|-immune|p1b: Basculegion\n|-damage|p1a: Floette|21/100\n|move|p1a: Floette|Dazzling Gleam|p2b: Primarina|[spread] p2a,p2b\n|-damage|p2a: Farigiraf|0 fnt\n|-damage|p2b: Primarina|0 fnt\n|faint|p2a: Farigiraf\n|faint|p2b: Primarina\n|move|p1b: Basculegion|Wave Crash|p2: Farigiraf|[notarget]\n|-fail|p1b: Basculegion\n|\n|upkeep\n|inactive|Battle timer is ON: inactive players will automatically lose when time's up. (requested by ZJESKIN)\n|\n|t:|1776395351\n|switch|p2a: Camerupt|Camerupt, L50, F|100/100\n|switch|p2b: Torkoal|Torkoal, L50, F|100/100\n|-weather|SunnyDay|[from] ability: Drought|[of] p2b: Torkoal\n|turn|4\n|\n|t:|1776395371\n|detailschange|p2a: Camerupt|Camerupt-Mega, L50, F\n|-mega|p2a: Camerupt|Camerupt|Cameruptite\n|move|p1a: Floette|Protect|p1a: Floette\n|-singleturn|p1a: Floette|Protect\n|move|p2b: Torkoal|Solar Beam||[still]\n|-prepare|p2b: Torkoal|Solar Beam\n|-anim|p2b: Torkoal|Solar Beam|p1b: Basculegion\n|-supereffective|p1b: Basculegion|1\n|-crit|p1b: Basculegion\n|-damage|p1b: Basculegion|0 fnt\n|faint|p1b: Basculegion\n|move|p2a: Camerupt|Earth Power|p1a: Floette\n|-activate|p1a: Floette|move: Protect\n|\n|-weather|SunnyDay|[upkeep]\n|upkeep\n|turn|5\n|-message|ZJESKIN forfeited.\n|\n|win|Infern64\n|raw|ZJESKIN's rating: 1205 &rarr; <strong>1178</strong><br />(-27 for losing)\n|raw|Infern64's rating: 1171 &rarr; <strong>1198</strong><br />(+27 for winning)\n|l|\u2606ZJESKIN\n|player|p1|\n",
  "uploadtime": 1776395440,
  "views": 16,
  "formatid": "gen9championsvgc2026regma",
  "rating": 1178,
  "private": 0,
  "password": null
}