{
  "id": "gen9championsvgc2026regma-2588488399",
  "format": "[Gen 9 Champions] VGC 2026 Reg M-A",
  "players": [
    "climinha",
    "culattone33"
  ],
  "log": "|j|\u2606climinha\n|j|\u2606culattone33\n|t:|1776638059\n|gametype|doubles\n|player|p1|climinha|ingo|1000\n|player|p2|culattone33|265|1000\n|gen|9\n|tier|[Gen 9 Champions] VGC 2026 Reg M-A\n|rated|\n|rule|Species Clause: Limit one of each Pok\u00e9mon\n|rule|Item Clause: Limit 1 of each item\n|clearpoke\n|poke|p1|Starmie, L50|\n|poke|p1|Sinistcha-Masterpiece, L50|\n|poke|p1|Aerodactyl, L50, M|\n|poke|p1|Incineroar, L50, F|\n|poke|p1|Rotom-Wash, L50|\n|poke|p1|Sneasler, L50, F|\n|poke|p2|Espathra, L50, M, shiny|\n|poke|p2|Chandelure, L50, M|\n|poke|p2|Sneasler, L50, F|\n|poke|p2|Garchomp, L50, F|\n|poke|p2|Kingambit, L50, M|\n|poke|p2|Maushold-Four, L50|\n|teampreview|4\n|\n|t:|1776638093\n|teamsize|p1|4\n|teamsize|p2|4\n|start\n|switch|p1a: Rotom|Rotom-Wash, L50|100/100\n|switch|p1b: Starmie|Starmie, L50|100/100\n|switch|p2a: Sneasler|Sneasler, L50, F|100/100\n|switch|p2b: Espathra|Espathra, L50, M, shiny|100/100\n|turn|1\n|\n|t:|1776638136\n|detailschange|p1b: Starmie|Starmie-Mega, L50\n|-mega|p1b: Starmie|Starmie|Starminite\n|move|p2a: Sneasler|Fake Out|p1b: Starmie\n|-damage|p1b: Starmie|83/100\n|move|p1a: Rotom|Electroweb|p2a: Sneasler|[spread] p2a,p2b\n|-damage|p2a: Sneasler|78/100\n|-damage|p2b: Espathra|73/100\n|-unboost|p2a: Sneasler|spe|1\n|-unboost|p2b: Espathra|spe|1\n|-enditem|p2a: Sneasler|White Herb\n|-clearnegativeboost|p2a: Sneasler|[silent]\n|cant|p1b: Starmie|flinch\n|move|p2b: Espathra|Lumina Crash|p1a: Rotom\n|-damage|p1a: Rotom|55/100\n|-unboost|p1a: Rotom|spd|2\n|\n|-ability|p2b: Espathra|Speed Boost|boost\n|-boost|p2b: Espathra|spe|1\n|upkeep\n|turn|2\n|\n|t:|1776638163\n|switch|p1a: Sneasler|Sneasler, L50, F|100/100\n|move|p2b: Espathra|Protect|p2b: Espathra\n|-singleturn|p2b: Espathra|Protect\n|move|p2a: Sneasler|Close Combat|p1a: Sneasler\n|-resisted|p1a: Sneasler|1\n|-damage|p1a: Sneasler|50/100\n|-unboost|p2a: Sneasler|def|1\n|-unboost|p2a: Sneasler|spd|1\n|move|p1b: Starmie|Zen Headbutt|p2a: Sneasler\n|-supereffective|p2a: Sneasler|2\n|-damage|p2a: Sneasler|0 fnt\n|faint|p2a: Sneasler\n|\n|-ability|p2b: Espathra|Speed Boost|boost\n|-boost|p2b: Espathra|spe|1\n|upkeep\n|\n|t:|1776638168\n|switch|p2a: Kingambit|Kingambit, L50, M|100/100\n|turn|3\n|\n|t:|1776638205\n|switch|p1a: Incineroar|Incineroar, L50, F|100/100\n|-ability|p1a: Incineroar|Intimidate|boost\n|-unboost|p2a: Kingambit|atk|1\n|-ability|p2a: Kingambit|Defiant|boost\n|-boost|p2a: Kingambit|atk|2\n|-unboost|p2b: Espathra|atk|1\n|move|p2a: Kingambit|Protect|p2a: Kingambit\n|-singleturn|p2a: Kingambit|Protect\n|move|p2b: Espathra|Substitute|p2b: Espathra\n|-start|p2b: Espathra|Substitute\n|-damage|p2b: Espathra|48/100\n|move|p1b: Starmie|Liquidation|p2b: Espathra\n|-end|p2b: Espathra|Substitute\n|\n|-ability|p2b: Espathra|Speed Boost|boost\n|-boost|p2b: Espathra|spe|1\n|upkeep\n|turn|4\n|\n|t:|1776638229\n|switch|p1b: Sneasler|Sneasler, L50, F|50/100\n|move|p2a: Kingambit|Protect||[still]\n|-fail|p2a: Kingambit\n|move|p2b: Espathra|Baton Pass|p2b: Espathra\n|\n|t:|1776638231\n|switch|p2b: Chandelure|Chandelure, L50, M|100/100|[from] Baton Pass\n|move|p1a: Incineroar|Flare Blitz|p2a: Kingambit\n|-supereffective|p2a: Kingambit|1\n|-damage|p2a: Kingambit|1/100\n|-damage|p1a: Incineroar|67/100|[from] Recoil\n|\n|upkeep\n|turn|5\n|\n|t:|1776638261\n|detailschange|p2b: Chandelure|Chandelure-Mega, L50, M\n|-mega|p2b: Chandelure|Chandelure|Chandelurite\n|move|p2a: Kingambit|Protect|p2a: Kingambit\n|-singleturn|p2a: Kingambit|Protect\n|move|p2b: Chandelure|Heat Wave|p1b: Sneasler|[spread] p1a,p1b\n|-resisted|p1a: Incineroar|1\n|-damage|p1a: Incineroar|45/100\n|-damage|p1b: Sneasler|0 fnt\n|-enditem|p1a: Incineroar|Sitrus Berry|[eat]\n|-heal|p1a: Incineroar|70/100|[from] item: Sitrus Berry\n|faint|p1b: Sneasler\n|move|p1a: Incineroar|Throat Chop|p2b: Chandelure\n|-supereffective|p2b: Chandelure|1\n|-damage|p2b: Chandelure|31/100\n|-start|p2b: Chandelure|Throat Chop|[silent]\n|\n|upkeep\n|\n|t:|1776638277\n|switch|p1b: Rotom|Rotom-Wash, L50|55/100\n|turn|6\n|\n|t:|1776638317\n|move|p2b: Chandelure|Protect|p2b: Chandelure\n|-singleturn|p2b: Chandelure|Protect\n|move|p2a: Kingambit|Sucker Punch|p1b: Rotom\n|-damage|p1b: Rotom|0 fnt\n|faint|p1b: Rotom\n|move|p1a: Incineroar|Throat Chop|p2b: Chandelure\n|-activate|p2b: Chandelure|move: Protect\n|\n|-end|p2b: Chandelure|Throat Chop|[silent]\n|upkeep\n|\n|t:|1776638325\n|switch|p1b: Starmie|Starmie-Mega, L50|83/100\n|turn|7\n|\n|t:|1776638358\n|move|p2b: Chandelure|Shadow Ball|p1b: Starmie\n|-supereffective|p1b: Starmie|1\n|-damage|p1b: Starmie|0 fnt\n|faint|p1b: Starmie\n|move|p1a: Incineroar|Throat Chop|p2b: Chandelure\n|-supereffective|p2b: Chandelure|1\n|-damage|p2b: Chandelure|0 fnt\n|faint|p2b: Chandelure\n|move|p2a: Kingambit|Low Kick|p1a: Incineroar\n|-supereffective|p1a: Incineroar|1\n|-damage|p1a: Incineroar|0 fnt\n|faint|p1a: Incineroar\n|\n|win|culattone33\n|raw|climinha's rating: 1000 &rarr; <strong>1000</strong><br />(+0 for losing)\n|raw|culattone33's rating: 1000 &rarr; <strong>1040</strong><br />(+40 for winning)\n",
  "uploadtime": 1776638365,
  "views": 15,
  "formatid": "gen9championsvgc2026regma",
  "rating": 1000,
  "private": 0,
  "password": null
}