{
  "id": "gen9championsvgc2026regma-2585396932",
  "format": "[Gen 9 Champions] VGC 2026 Reg M-A",
  "players": [
    "Munchlaxxxed",
    "ThijMan"
  ],
  "log": "|j|\u2606Munchlaxxxed\n|j|\u2606ThijMan\n|t:|1776344266\n|gametype|doubles\n|player|p1|Munchlaxxxed|265|1328\n|player|p2|ThijMan|170|1333\n|gen|9\n|tier|[Gen 9 Champions] VGC 2026 Reg M-A\n|rated|\n|rule|Species Clause: Limit one of each Pok\u00e9mon\n|rule|Item Clause: Limit 1 of each item\n|clearpoke\n|poke|p1|Aerodactyl, L50, M|\n|poke|p1|Charizard, L50, F|\n|poke|p1|Venusaur, L50, M|\n|poke|p1|Aegislash, L50, F|\n|poke|p1|Sneasler, L50, M|\n|poke|p1|Milotic, L50, F|\n|poke|p2|Excadrill, L50, M|\n|poke|p2|Dragapult, L50, M|\n|poke|p2|Aegislash, L50, M|\n|poke|p2|Tyranitar, L50, M|\n|poke|p2|Meganium, L50, M|\n|poke|p2|Sableye, L50, M|\n|teampreview|4\n|\n|t:|1776344301\n|teamsize|p1|4\n|teamsize|p2|4\n|start\n|switch|p1a: Sneasler|Sneasler, L50, M|100/100\n|switch|p1b: Aerodactyl|Aerodactyl, L50, M|100/100\n|switch|p2a: Aegislash|Aegislash, L50, M, shiny|100/100\n|switch|p2b: Dragapult|Dragapult, L50, M, shiny|100/100\n|turn|1\n|\n|t:|1776344327\n|switch|p1a: Charizard|Charizard, L50, F|100/100\n|move|p2b: Dragapult|Dragon Darts|p1a: Charizard\n|-damage|p1a: Charizard|59/100\n|-anim|p2b: Dragapult|Dragon Darts|p1b: Aerodactyl\n|-damage|p1b: Aerodactyl|50/100\n|move|p1b: Aerodactyl|Tailwind|p1b: Aerodactyl\n|-sidestart|p1: Munchlaxxxed|move: Tailwind\n|-formechange|p2a: Aegislash|Aegislash-Blade|\n|move|p2a: Aegislash|Flash Cannon|p1b: Aerodactyl\n|-supereffective|p1b: Aerodactyl|1\n|-damage|p1b: Aerodactyl|0 fnt\n|faint|p1b: Aerodactyl\n|\n|upkeep\n|\n|t:|1776344346\n|switch|p1b: Sneasler|Sneasler, L50, M|100/100\n|turn|2\n|\n|t:|1776344357\n|detailschange|p1a: Charizard|Charizard-Mega-Y, L50, F\n|-mega|p1a: Charizard|Charizard|Charizardite Y\n|-weather|SunnyDay|[from] ability: Drought|[of] p1a: Charizard\n|move|p2a: Aegislash|Wide Guard|p2a: Aegislash\n|-singleturn|p2a: Aegislash|Wide Guard\n|move|p1b: Sneasler|Dire Claw|p2b: Dragapult\n|-resisted|p2b: Dragapult|1\n|-damage|p2b: Dragapult|71/100\n|move|p1a: Charizard|Heat Wave|p2b: Dragapult|[spread] \n|-activate|p2a: Aegislash|move: Wide Guard\n|-activate|p2b: Dragapult|move: Wide Guard\n|move|p2b: Dragapult|Dragon Darts|p1a: Charizard\n|-damage|p1a: Charizard|17/100\n|-anim|p2b: Dragapult|Dragon Darts|p1b: Sneasler\n|-damage|p1b: Sneasler|51/100\n|\n|-weather|SunnyDay|[upkeep]\n|upkeep\n|turn|3\n|\n|t:|1776344384\n|switch|p2b: Tyranitar|Tyranitar, L50, M, shiny|100/100\n|-weather|Sandstorm|[from] ability: Sand Stream|[of] p2b: Tyranitar\n|-formechange|p2a: Aegislash|Aegislash|\n|move|p2a: Aegislash|King's Shield|p2a: Aegislash\n|-singleturn|p2a: Aegislash|Protect\n|move|p1b: Sneasler|Dire Claw|p2b: Tyranitar\n|-resisted|p2b: Tyranitar|1\n|-damage|p2b: Tyranitar|86/100\n|move|p1a: Charizard|Fire Blast|p2b: Tyranitar\n|-resisted|p2b: Tyranitar|1\n|-damage|p2b: Tyranitar|65/100\n|\n|-weather|Sandstorm|[upkeep]\n|-damage|p1b: Sneasler|45/100|[from] Sandstorm\n|-damage|p1a: Charizard|11/100|[from] Sandstorm\n|upkeep\n|turn|4\n|\n|t:|1776344421\n|switch|p1a: Venusaur|Venusaur, L50, M|100/100\n|switch|p2b: Dragapult|Dragapult, L50, M, shiny|71/100\n|move|p1b: Sneasler|Close Combat|p2b: Dragapult\n|-immune|p2b: Dragapult\n|-formechange|p2a: Aegislash|Aegislash-Blade|\n|move|p2a: Aegislash|Shadow Ball|p1b: Sneasler\n|-damage|p1b: Sneasler|0 fnt\n|faint|p1b: Sneasler\n|\n|-weather|Sandstorm|[upkeep]\n|-damage|p1a: Venusaur|95/100|[from] Sandstorm\n|-damage|p2b: Dragapult|65/100|[from] Sandstorm\n|-sideend|p1: Munchlaxxxed|move: Tailwind\n|upkeep\n|\n|t:|1776344427\n|switch|p1b: Charizard|Charizard-Mega-Y, L50, F|11/100\n|-weather|SunnyDay|[from] ability: Drought|[of] p1b: Charizard\n|turn|5\n|\n|t:|1776344442\n|switch|p2a: Tyranitar|Tyranitar, L50, M, shiny|65/100\n|-weather|Sandstorm|[from] ability: Sand Stream|[of] p2a: Tyranitar\n|move|p2b: Dragapult|Dragon Darts|p1a: Venusaur\n|-damage|p1a: Venusaur|55/100\n|-anim|p2b: Dragapult|Dragon Darts|p1b: Charizard\n|-damage|p1b: Charizard|0 fnt\n|faint|p1b: Charizard\n|move|p1a: Venusaur|Sleep Powder|p2b: Dragapult\n|-status|p2b: Dragapult|slp|[from] move: Sleep Powder\n|\n|-weather|Sandstorm|[upkeep]\n|-damage|p2b: Dragapult|59/100 slp|[from] Sandstorm\n|-damage|p1a: Venusaur|49/100|[from] Sandstorm\n|upkeep\n|turn|6\n|-message|Munchlaxxxed forfeited.\n|\n|win|ThijMan\n|raw|Munchlaxxxed's rating: 1328 &rarr; <strong>1308</strong><br />(-20 for losing)\n|raw|ThijMan's rating: 1333 &rarr; <strong>1353</strong><br />(+20 for winning)\n",
  "uploadtime": 1776344453,
  "views": 39,
  "formatid": "gen9championsvgc2026regma",
  "rating": 1308,
  "private": 0,
  "password": null
}