{
  "id": "gen9championsvgc2026regma-2588075175",
  "format": "[Gen 9 Champions] VGC 2026 Reg M-A",
  "players": [
    "meneerhaas",
    "SPINAL133"
  ],
  "log": "|j|\u2606meneerhaas\n|j|\u2606SPINAL133\n|t:|1776601344\n|gametype|doubles\n|player|p1|meneerhaas|emmet|1054\n|player|p2|SPINAL133|rocketgrunt|1117\n|gen|9\n|tier|[Gen 9 Champions] VGC 2026 Reg M-A\n|rated|\n|rule|Species Clause: Limit one of each Pok\u00e9mon\n|rule|Item Clause: Limit 1 of each item\n|clearpoke\n|poke|p1|Farigiraf, L50, F, shiny|\n|poke|p1|Pelipper, L50, M|\n|poke|p1|Sneasler, L50, F, shiny|\n|poke|p1|Primarina, L50, F|\n|poke|p1|Pinsir, L50, M, shiny|\n|poke|p1|Glimmora, L50, M|\n|poke|p2|Chimecho, L50, M, shiny|\n|poke|p2|Heracross, L50, F, shiny|\n|poke|p2|Oranguru, L50, M, shiny|\n|poke|p2|Hydrapple, L50, M|\n|poke|p2|Kingambit, L50, F|\n|poke|p2|Meowscarada, L50, M, shiny|\n|teampreview|4\nSPINAL133 has agreed to open team sheets.\n|inactive|Battle timer is ON: inactive players will automatically lose when time's up. (requested by SPINAL133)\n|inactive|meneerhaas has 60 seconds left.\n|\n|t:|1776601458\n|teamsize|p1|4\n|teamsize|p2|4\n|start\n|switch|p1a: Pelipper|Pelipper, L50, M|100/100\n|switch|p1b: Farigiraf|Farigiraf, L50, F, shiny|100/100\n|switch|p2a: Heracross|Heracross, L50, F, shiny|100/100\n|switch|p2b: Oranguru|Oranguru, L50, M, shiny|100/100\n|-weather|RainDance|[from] ability: Drizzle|[of] p1a: Pelipper\n|turn|1\n|inactive|SPINAL133 has 30 seconds left.\n|\n|t:|1776601485\n|detailschange|p2a: Heracross|Heracross-Mega, L50, F, shiny\n|-mega|p2a: Heracross|Heracross|Heracronite\n|move|p2a: Heracross|Protect|p2a: Heracross\n|-singleturn|p2a: Heracross|Protect\n|move|p1a: Pelipper|Tailwind|p1a: Pelipper\n|-sidestart|p1: meneerhaas|move: Tailwind\n|move|p1b: Farigiraf|Expanding Force|p2a: Heracross\n|-activate|p2a: Heracross|move: Protect\n|move|p2b: Oranguru|Shadow Ball|p1a: Pelipper\n|-damage|p1a: Pelipper|78/100\n|\n|-weather|RainDance|[upkeep]\n|upkeep\n|turn|2\n|\n|t:|1776601503\n|move|p2a: Heracross|Protect||[still]\n|-fail|p2a: Heracross\n|move|p1a: Pelipper|U-turn|p2b: Oranguru\n|-supereffective|p2b: Oranguru|1\n|-damage|p2b: Oranguru|79/100\n|\n|t:|1776601510\n|switch|p1a: Glimmora|Glimmora, L50, M|100/100|[from] U-turn\n|move|p1b: Farigiraf|Expanding Force|p2a: Heracross\n|-supereffective|p2a: Heracross|1\n|-damage|p2a: Heracross|30/100\n|move|p2b: Oranguru|Trick Room|p2b: Oranguru\n|-fieldstart|move: Trick Room|[of] p2b: Oranguru\n|\n|-weather|RainDance|[upkeep]\n|upkeep\n|turn|3\n|\n|t:|1776601531\n|move|p2b: Oranguru|Instruct|p2a: Heracross\n|-singleturn|p2a: Heracross|move: Instruct|[of] p2b: Oranguru\n|move|p2a: Heracross|Protect|p2a: Heracross\n|-singleturn|p2a: Heracross|Protect\n|move|p2a: Heracross|Pin Missile|p1b: Farigiraf\n|-supereffective|p1b: Farigiraf|1\n|-damage|p1b: Farigiraf|63/100\n|-supereffective|p1b: Farigiraf|1\n|-damage|p1b: Farigiraf|28/100\n|-supereffective|p1b: Farigiraf|1\n|-damage|p1b: Farigiraf|0 fnt\n|faint|p1b: Farigiraf\n|-hitcount|p1: Farigiraf|3\n|move|p1a: Glimmora|Sludge Bomb|p2a: Heracross\n|-activate|p2a: Heracross|move: Protect\n|\n|-weather|RainDance|[upkeep]\n|upkeep\n|\n|t:|1776601537\n|switch|p1b: Sneasler|Sneasler, L50, F, shiny|100/100\n|turn|4\n|inactive|SPINAL133 has 30 seconds left.\n|\n|t:|1776601564\n|detailschange|p1a: Glimmora|Glimmora-Mega, L50, M\n|-mega|p1a: Glimmora|Glimmora|Glimmoranite\n|move|p2a: Heracross|Protect||[still]\n|-fail|p2a: Heracross\n|move|p1b: Sneasler|Fake Out|p2a: Heracross\n|-damage|p2a: Heracross|18/100\n|move|p2b: Oranguru|Shadow Ball|p1a: Glimmora\n|-damage|p1a: Glimmora|79/100\n|-unboost|p1a: Glimmora|spd|1\n|move|p1a: Glimmora|Meteor Beam||[still]\n|-prepare|p1a: Glimmora|Meteor Beam\n|-boost|p1a: Glimmora|spa|1\n|\n|-weather|RainDance|[upkeep]\n|-sideend|p1: meneerhaas|move: Tailwind\n|upkeep\n|turn|5\n|inactive|SPINAL133 has 30 seconds left.\n|inactive|SPINAL133 has 20 seconds left.\n|\n|t:|1776601604\n|move|p2b: Oranguru|Instruct|p2a: Heracross\n|-singleturn|p2a: Heracross|move: Instruct|[of] p2b: Oranguru\n|move|p2a: Heracross|Protect|p2a: Heracross\n|-singleturn|p2a: Heracross|Protect\n|move|p2a: Heracross|Bullet Seed|p1a: Glimmora\n|-damage|p1a: Glimmora|64/100\n|-damage|p1a: Glimmora|50/100\n|-damage|p1a: Glimmora|37/100\n|-damage|p1a: Glimmora|23/100\n|-damage|p1a: Glimmora|9/100\n|-hitcount|p1a: Glimmora|5\n|move|p1a: Glimmora|Meteor Beam|p2b: Oranguru|[from] lockedmove\n|-damage|p2b: Oranguru|0 fnt\n|faint|p2b: Oranguru\n|move|p1b: Sneasler|Dire Claw|p2a: Heracross\n|-activate|p2a: Heracross|move: Protect\n|\n|-weather|none\n|upkeep\n|\n|t:|1776601611\n|switch|p2b: Hydrapple|Hydrapple, L50, M|100/100\n|turn|6\n|inactive|SPINAL133 has 30 seconds left.\n|\n|t:|1776601645\n|switch|p1a: Pelipper|Pelipper, L50, M|78/100\n|-weather|RainDance|[from] ability: Drizzle|[of] p1a: Pelipper\n|move|p2b: Hydrapple|Fickle Beam|p1a: Pelipper\n|-damage|p1a: Pelipper|18/100\n|move|p2a: Heracross|Bullet Seed|p1b: Sneasler\n|-resisted|p1b: Sneasler|1\n|-damage|p1b: Sneasler|90/100\n|-resisted|p1b: Sneasler|1\n|-damage|p1b: Sneasler|80/100\n|-resisted|p1b: Sneasler|1\n|-crit|p1b: Sneasler\n|-damage|p1b: Sneasler|64/100\n|-resisted|p1b: Sneasler|1\n|-damage|p1b: Sneasler|52/100\n|-resisted|p1b: Sneasler|1\n|-damage|p1b: Sneasler|41/100\n|-hitcount|p1b: Sneasler|5\n|move|p1b: Sneasler|Dire Claw|p2b: Hydrapple\n|-supereffective|p2b: Hydrapple|1\n|-damage|p2b: Hydrapple|32/100\n|-status|p2b: Hydrapple|psn|[from] ability: Poison Touch|[of] p1b: Sneasler\n|\n|-weather|RainDance|[upkeep]\n|-damage|p2b: Hydrapple|20/100 psn|[from] psn\n|-fieldend|move: Trick Room\n|upkeep\n|turn|7\n|\n|t:|1776601670\n|move|p2a: Heracross|Protect|p2a: Heracross\n|-singleturn|p2a: Heracross|Protect\n|move|p1b: Sneasler|Dire Claw|p2a: Heracross\n|-activate|p2a: Heracross|move: Protect\n|move|p1a: Pelipper|Tailwind|p1a: Pelipper\n|-sidestart|p1: meneerhaas|move: Tailwind\n|move|p2b: Hydrapple|Giga Drain|p1b: Sneasler\n|-resisted|p1b: Sneasler|1\n|-damage|p1b: Sneasler|10/100\n|-heal|p2b: Hydrapple|31/100 psn|[from] drain|[of] p1b: Sneasler\n|\n|-weather|RainDance|[upkeep]\n|-damage|p2b: Hydrapple|19/100 psn|[from] psn\n|upkeep\n|turn|8\n|\n|t:|1776601689\n|switch|p2a: Kingambit|Kingambit, L50, F|100/100\n|-activate|p2a: Kingambit|ability: Supreme Overlord\n|-start|p2a: Kingambit|fallen1|[silent]\n|move|p1b: Sneasler|Dire Claw|p2a: Kingambit\n|-immune|p2a: Kingambit\n|move|p1a: Pelipper|U-turn|p2b: Hydrapple\n|-supereffective|p2b: Hydrapple|1\n|-damage|p2b: Hydrapple|6/100 psn\n|\n|t:|1776601699\n|switch|p1a: Glimmora|Glimmora-Mega, L50, M|9/100|[from] U-turn\n|move|p2b: Hydrapple|Fickle Beam|p1a: Glimmora|[anim] Fickle Beam All Out\n|-activate|p2b: Hydrapple|move: Fickle Beam\n|-damage|p1a: Glimmora|0 fnt\n|faint|p1a: Glimmora\n|\n|-weather|RainDance|[upkeep]\n|-damage|p2b: Hydrapple|0 fnt|[from] psn\n|faint|p2b: Hydrapple\n|upkeep\n|\n|t:|1776601706\n|switch|p1a: Pelipper|Pelipper, L50, M|18/100\n|switch|p2b: Heracross|Heracross-Mega, L50, F, shiny|18/100\n|turn|9\n|\n|t:|1776601718\n|move|p2b: Heracross|Protect|p2b: Heracross\n|-singleturn|p2b: Heracross|Protect\n|move|p1b: Sneasler|Close Combat|p2a: Kingambit\n|-supereffective|p2a: Kingambit|2\n|-enditem|p2a: Kingambit|Chople Berry|[eat]\n|-enditem|p2a: Kingambit|Chople Berry|[weaken]\n|-damage|p2a: Kingambit|28/100\n|-unboost|p1b: Sneasler|def|1\n|-unboost|p1b: Sneasler|spd|1\n|move|p1a: Pelipper|U-turn|p2b: Heracross\n|-activate|p2b: Heracross|move: Protect\n|move|p2a: Kingambit|Iron Head|p1b: Sneasler\n|-damage|p1b: Sneasler|0 fnt\n|faint|p1b: Sneasler\n|\n|-weather|RainDance|[upkeep]\n|upkeep\n|turn|10\n|c|\u2606SPINAL133|Gg\n|\n|t:|1776601739\n|move|p1a: Pelipper|U-turn|p2a: Kingambit\n|-damage|p2a: Kingambit|22/100\n|move|p2b: Heracross|Rock Blast|p1a: Pelipper\n|-supereffective|p1a: Pelipper|1\n|-damage|p1a: Pelipper|0 fnt\n|faint|p1a: Pelipper\n|-hitcount|p1: Pelipper|1\n|\n|win|SPINAL133\n|raw|meneerhaas's rating: 1054 &rarr; <strong>1039</strong><br />(-15 for losing)\n|raw|SPINAL133's rating: 1117 &rarr; <strong>1138</strong><br />(+21 for winning)\n",
  "uploadtime": 1776601763,
  "views": 8,
  "formatid": "gen9championsvgc2026regma",
  "rating": 1039,
  "private": 0,
  "password": null
}