{
  "id": "gen9championsvgc2026regma-2580817051",
  "format": "[Gen 9 Champions] VGC 2026 Reg M-A",
  "players": [
    "surprise mother fu",
    "kst_vgc"
  ],
  "log": "|j|\u2606surprise mother fu\n|j|\u2606kst_vgc\n|t:|1775934866\n|gametype|doubles\n|player|p1|surprise mother fu|marshal|1031\n|player|p2|kst_vgc|hugh|1000\n|gen|9\n|tier|[Gen 9 Champions] VGC 2026 Reg M-A\n|rated|\n|rule|Species Clause: Limit one of each Pok\u00e9mon\n|rule|Item Clause: Limit 1 of each item\n|clearpoke\n|poke|p1|Crabominable, L50, M|\n|poke|p1|Torkoal, L50, M|\n|poke|p1|Farigiraf, L50, M|\n|poke|p1|Slowking, L50, M|\n|poke|p1|Tsareena, L50, F|\n|poke|p1|Incineroar, L50, M|\n|poke|p2|Maushold, L50|\n|poke|p2|Sneasler, L50, F|\n|poke|p2|Floette-Eternal, L50, F|\n|poke|p2|Kingambit, L50, F|\n|poke|p2|Basculegion, L50, M|\n|poke|p2|Aegislash, L50, M|\n|teampreview|4\n|inactive|Battle timer is ON: inactive players will automatically lose when time's up. (requested by kst_vgc)\n|inactive|kst_vgc has 60 seconds left.\n|\n|t:|1775934919\n|teamsize|p1|4\n|teamsize|p2|4\n|start\n|switch|p1a: Slowking|Slowking, L50, M|100/100\n|switch|p1b: Incineroar|Incineroar, L50, M|100/100\n|switch|p2a: Floette|Floette-Eternal, L50, F|100/100\n|switch|p2b: Kingambit|Kingambit, L50, F|100/100\n|-ability|p1b: Incineroar|Intimidate|boost\n|-unboost|p2a: Floette|atk|1\n|-unboost|p2b: Kingambit|atk|1\n|-ability|p2b: Kingambit|Defiant|boost\n|-boost|p2b: Kingambit|atk|2\n|turn|1\n|\n|t:|1775934937\n|move|p1b: Incineroar|Fake Out|p2a: Floette\n|-damage|p2a: Floette|84/100\n|cant|p2a: Floette|flinch\n|move|p2b: Kingambit|Kowtow Cleave|p1a: Slowking\n|-supereffective|p1a: Slowking|1\n|-enditem|p1a: Slowking|Colbur Berry|[eat]\n|-enditem|p1a: Slowking|Colbur Berry|[weaken]\n|-damage|p1a: Slowking|0 fnt\n|faint|p1a: Slowking\n|\n|upkeep\n|\n|t:|1775934950\n|switch|p1a: Crabominable|Crabominable, L50, M|100/100\n|turn|2\n|\n|t:|1775934967\n|detailschange|p2a: Floette|Floette-Mega, L50, F\n|-mega|p2a: Floette|Floette|Floettite\n|-ability|p2a: Floette|Fairy Aura\n|move|p2b: Kingambit|Protect|p2b: Kingambit\n|-singleturn|p2b: Kingambit|Protect\n|move|p2a: Floette|Calm Mind|p2a: Floette\n|-boost|p2a: Floette|spa|1\n|-boost|p2a: Floette|spd|1\n|move|p1b: Incineroar|Parting Shot|p2a: Floette\n|-unboost|p2a: Floette|atk|1\n|-unboost|p2a: Floette|spa|1\n|\n|t:|1775934981\n|switch|p1b: Tsareena|Tsareena, L50, F|100/100|[from] Parting Shot\n|move|p1a: Crabominable|Drain Punch|p2b: Kingambit\n|-activate|p2b: Kingambit|move: Protect\n|\n|upkeep\n|turn|3\n|\n|t:|1775934998\n|switch|p2b: Basculegion|Basculegion, L50, M|100/100\n|detailschange|p1a: Crabominable|Crabominable-Mega, L50, M\n|-mega|p1a: Crabominable|Crabominable|Crabominite\n|move|p2a: Floette|Calm Mind|p2a: Floette\n|-boost|p2a: Floette|spa|1\n|-boost|p2a: Floette|spd|1\n|move|p1b: Tsareena|Triple Axel|p2a: Floette|[miss]\n|-miss|p1b: Tsareena|p2a: Floette\n|move|p1a: Crabominable|Drain Punch|p2b: Basculegion\n|-immune|p2b: Basculegion\n|\n|upkeep\n|turn|4\n|\n|t:|1775935020\n|move|p2b: Basculegion|Flip Turn|p1b: Tsareena\n|-resisted|p1b: Tsareena|1\n|-damage|p1b: Tsareena|73/100\n|\n|t:|1775935025\n|switch|p2b: Maushold|Maushold, L50|100/100|[from] Flip Turn\n|move|p2a: Floette|Dazzling Gleam|p1b: Tsareena|[spread] p1a,p1b\n|-supereffective|p1a: Crabominable|1\n|-damage|p1a: Crabominable|0 fnt\n|-damage|p1b: Tsareena|7/100\n|faint|p1a: Crabominable\n|move|p1b: Tsareena|Power Whip|p2b: Maushold\n|-damage|p2b: Maushold|42/100\n|-enditem|p2b: Maushold|Sitrus Berry|[eat]\n|-heal|p2b: Maushold|67/100|[from] item: Sitrus Berry\n|\n|upkeep\n|\n|t:|1775935036\n|switch|p1a: Incineroar|Incineroar, L50, M|100/100\n|-ability|p1a: Incineroar|Intimidate|boost\n|-unboost|p2a: Floette|atk|1\n|-unboost|p2b: Maushold|atk|1\n|turn|5\n|-message|surprise mother fu forfeited.\n|\n|win|kst_vgc\n|raw|surprise mother fu's rating: 1031 &rarr; <strong>1015</strong><br />(-16 for losing)\n|raw|kst_vgc's rating: 1000 &rarr; <strong>1044</strong><br />(+44 for winning)\n",
  "uploadtime": 1775935040,
  "views": 15,
  "formatid": "gen9championsvgc2026regma",
  "rating": 1015,
  "private": 0,
  "password": null
}