{
  "id": "gen9championsvgc2026regma-2587860416",
  "format": "[Gen 9 Champions] VGC 2026 Reg M-A",
  "players": [
    "Verror",
    "zhi1"
  ],
  "log": "|j|\u2606Verror\n|j|\u2606zhi1\n|t:|1776571627\n|gametype|doubles\n|player|p1|Verror|gentleman-gen4|1037\n|player|p2|zhi1|170|1015\n|gen|9\n|tier|[Gen 9 Champions] VGC 2026 Reg M-A\n|rated|\n|rule|Species Clause: Limit one of each Pok\u00e9mon\n|rule|Item Clause: Limit 1 of each item\n|clearpoke\n|poke|p1|Bastiodon, L50, F, shiny|\n|poke|p1|Noivern, L50, F, shiny|\n|poke|p1|Kommo-o, L50, F, shiny|\n|poke|p1|Gengar, L50, F, shiny|\n|poke|p1|Delphox, L50, F|\n|poke|p1|Alcremie, L50, F|\n|poke|p2|Froslass, L50, F|\n|poke|p2|Crabominable, L50, M|\n|poke|p2|Sinistcha, L50|\n|poke|p2|Slowking-Galar, L50, F|\n|poke|p2|Talonflame, L50, M|\n|poke|p2|Tauros-Paldea-Aqua, L50, M|\n|teampreview|4\nVerror rejected open team sheets.\n|\n|t:|1776571664\n|teamsize|p1|4\n|teamsize|p2|4\n|start\n|switch|p1a: P!nk|Kommo-o, L50, F, shiny|100/100\n|switch|p1b: Ariana|Delphox, L50, F|100/100\n|switch|p2a: Froslass|Froslass, L50, F|100/100\n|switch|p2b: Slowking|Slowking-Galar, L50, F|100/100\n|turn|1\n|inactive|Battle timer is ON: inactive players will automatically lose when time's up. (requested by Verror)\n|\n|t:|1776571690\n|detailschange|p1b: Ariana|Delphox-Mega, L50, F\n|-mega|p1b: Ariana|Delphox|Delphoxite\n|move|p2a: Froslass|Protect|p2a: Froslass\n|-singleturn|p2a: Froslass|Protect\n|move|p1a: P!nk|Rock Slide|p2a: Froslass|[spread] \n|-activate|p2a: Froslass|move: Protect\n|-miss|p1a: P!nk|p2b: Slowking\n|move|p1b: Ariana|Agility|p1b: Ariana\n|-boost|p1b: Ariana|spe|2\n|move|p2b: Slowking|Trick Room|p2b: Slowking\n|-fieldstart|move: Trick Room|[of] p2b: Slowking\n|\n|upkeep\n|turn|2\n|inactive|zhi1 has 30 seconds left.\n|\n|t:|1776571716\n|-prepare|p2b: Slowking|Chilly Reception|[premajor]\n|move|p2b: Slowking|Chilly Reception|p2b: Slowking\n|-weather|Snowscape\n|\n|t:|1776571723\n|switch|p2b: Crabominable|Crabominable, L50, M|100/100|[from] Chilly Reception\n|move|p2a: Froslass|Aurora Veil|p2a: Froslass\n|-sidestart|p2: zhi1|move: Aurora Veil\n|move|p1a: P!nk|Rock Slide|p2b: Crabominable|[spread] p2a,p2b\n|-supereffective|p2a: Froslass|1\n|-damage|p2a: Froslass|77/100\n|-damage|p2b: Crabominable|92/100\n|move|p1b: Ariana|Heat Wave|p2b: Crabominable|[spread] p2a,p2b\n|-supereffective|p2a: Froslass|1\n|-supereffective|p2b: Crabominable|1\n|-damage|p2a: Froslass|0 fnt\n|-damage|p2b: Crabominable|15/100\n|faint|p2a: Froslass\n|\n|-weather|Snowscape|[upkeep]\n|upkeep\n|\n|t:|1776571733\n|switch|p2a: Sinistcha|Sinistcha, L50|100/100\n|-heal|p2b: Crabominable|40/100|[from] ability: Hospitality|[of] p2a: Sinistcha\n|turn|3\n|\n|t:|1776571748\n|switch|p1a: Sabrina|Alcremie, L50, F|100/100\n|detailschange|p2b: Crabominable|Crabominable-Mega, L50, M\n|-mega|p2b: Crabominable|Crabominable|Crabominite\n|move|p2b: Crabominable|Rock Slide|p1a: Sabrina|[spread] p1a,p1b\n|-supereffective|p1b: Ariana|1\n|-damage|p1a: Sabrina|66/100\n|-damage|p1b: Ariana|33/100\n|move|p2a: Sinistcha|Matcha Gotcha|p1b: Ariana|[spread] p1a,p1b\n|-crit|p1a: Sabrina\n|-resisted|p1b: Ariana|1\n|-damage|p1a: Sabrina|35/100\n|-damage|p1b: Ariana|24/100\n|-enditem|p1a: Sabrina|Sitrus Berry|[eat]\n|-heal|p1a: Sabrina|60/100|[from] item: Sitrus Berry\n|move|p1b: Ariana|Heat Wave|p2a: Sinistcha|[spread] p2a,p2b\n|-supereffective|p2a: Sinistcha|1\n|-supereffective|p2b: Crabominable|1\n|-damage|p2a: Sinistcha|33/100\n|-damage|p2b: Crabominable|0 fnt\n|faint|p2b: Crabominable\n|\n|-weather|Snowscape|[upkeep]\n|upkeep\n|\n|t:|1776571764\n|switch|p2b: Slowking|Slowking-Galar, L50, F|100/100\n|turn|4\n|inactive|Verror has 30 seconds left.\n|\n|t:|1776571794\n|switch|p1b: John Snow|Bastiodon, L50, F, shiny|100/100\n|move|p2b: Slowking|Sludge Bomb|p1b: John Snow\n|-immune|p1b: John Snow\n|move|p2a: Sinistcha|Matcha Gotcha|p1b: John Snow|[spread] p1a,p1b\n|-damage|p1a: Sabrina|38/100\n|-heal|p2a: Sinistcha|44/100|[from] drain|[of] p1a: Sabrina\n|-damage|p1b: John Snow|79/100\n|-heal|p2a: Sinistcha|54/100|[from] drain|[of] p1b: John Snow\n|move|p1a: Sabrina|Calm Mind|p1a: Sabrina\n|-boost|p1a: Sabrina|spa|1\n|-boost|p1a: Sabrina|spd|1\n|\n|-weather|Snowscape|[upkeep]\n|-heal|p1b: John Snow|85/100|[from] item: Leftovers\n|upkeep\n|turn|5\n|inactive|Verror has 30 seconds left.\n|\n|t:|1776571829\n|move|p1a: Sabrina|Protect|p1a: Sabrina\n|-singleturn|p1a: Sabrina|Protect\n|move|p2b: Slowking|Sludge Bomb|p1a: Sabrina\n|-activate|p1a: Sabrina|move: Protect\n|move|p1b: John Snow|Foul Play|p2a: Sinistcha\n|-supereffective|p2a: Sinistcha|1\n|-damage|p2a: Sinistcha|40/100\n|move|p2a: Sinistcha|Matcha Gotcha|p1b: John Snow|[spread] p1b\n|-activate|p1a: Sabrina|move: Protect\n|-damage|p1b: John Snow|66/100\n|-heal|p2a: Sinistcha|49/100|[from] drain|[of] p1b: John Snow\n|\n|-weather|Snowscape|[upkeep]\n|-heal|p1b: John Snow|72/100|[from] item: Leftovers\n|-fieldend|move: Trick Room\n|upkeep\n|turn|6\n|inactive|Verror has 30 seconds left.\n|\n|t:|1776571855\n|move|p1a: Sabrina|Calm Mind|p1a: Sabrina\n|-boost|p1a: Sabrina|spa|1\n|-boost|p1a: Sabrina|spd|1\n|move|p1b: John Snow|Iron Defense|p1b: John Snow\n|-boost|p1b: John Snow|def|2\n|move|p2b: Slowking|Sludge Bomb|p1a: Sabrina\n|-supereffective|p1a: Sabrina|1\n|-damage|p1a: Sabrina|10/100\n|move|p2a: Sinistcha|Trick Room|p2a: Sinistcha\n|-fieldstart|move: Trick Room|[of] p2a: Sinistcha\n|\n|-weather|none\n|-heal|p1b: John Snow|78/100|[from] item: Leftovers\n|-sideend|p2: zhi1|move: Aurora Veil\n|upkeep\n|turn|7\n|inactive|Verror has 30 seconds left.\n|inactive|Verror has 20 seconds left.\n|inactive|Verror has 15 seconds left.\n|\n|t:|1776571896\n|move|p2b: Slowking|Blizzard|p1b: John Snow|[spread] p1b\n|-miss|p2b: Slowking|p1a: Sabrina\n|-resisted|p1b: John Snow|1\n|-damage|p1b: John Snow|69/100\n|move|p1b: John Snow|Body Press|p2b: Slowking\n|-resisted|p2b: Slowking|2\n|-damage|p2b: Slowking|82/100\n|move|p2a: Sinistcha|Matcha Gotcha|p1b: John Snow|[spread] p1a,p1b\n|-damage|p1a: Sabrina|0 fnt\n|-heal|p2a: Sinistcha|54/100|[from] drain|[of] p1a: Sabrina\n|-damage|p1b: John Snow|49/100\n|-heal|p2a: Sinistcha|63/100|[from] drain|[of] p1b: John Snow\n|faint|p1a: Sabrina\n|\n|-heal|p1b: John Snow|55/100|[from] item: Leftovers\n|upkeep\n|inactive|Verror has 30 seconds left.\n|\n|t:|1776571926\n|switch|p1a: P!nk|Kommo-o, L50, F, shiny|100/100\n|turn|8\n|\n|t:|1776571943\n|move|p2b: Slowking|Blizzard|p1b: John Snow|[spread] p1a,p1b\n|-supereffective|p1a: P!nk|1\n|-resisted|p1b: John Snow|1\n|-damage|p1a: P!nk|54/100\n|-damage|p1b: John Snow|47/100\n|move|p1b: John Snow|Iron Defense|p1b: John Snow\n|-boost|p1b: John Snow|def|2\n|move|p2a: Sinistcha|Matcha Gotcha|p1b: John Snow|[spread] p1a,p1b\n|-resisted|p1a: P!nk|1\n|-damage|p1a: P!nk|41/100\n|-heal|p2a: Sinistcha|69/100|[from] drain|[of] p1a: P!nk\n|-damage|p1b: John Snow|26/100\n|-heal|p2a: Sinistcha|79/100|[from] drain|[of] p1b: John Snow\n|-status|p1a: P!nk|brn\n|-status|p1b: John Snow|brn\n|move|p1a: P!nk|Dragon Claw|p2a: Sinistcha\n|-damage|p2a: Sinistcha|66/100\n|\n|-heal|p1b: John Snow|32/100 brn|[from] item: Leftovers\n|-damage|p1b: John Snow|26/100 brn|[from] brn\n|-damage|p1a: P!nk|35/100 brn|[from] brn\n|upkeep\n|turn|9\n|c|\u2606Verror|oof lol\n|inactive|Verror has 30 seconds left.\n|\n|t:|1776571977\n|move|p1b: John Snow|Wide Guard|p1b: John Snow\n|-singleturn|p1b: John Snow|Wide Guard\n|move|p2b: Slowking|Blizzard|p1b: John Snow|[spread] \n|-activate|p1a: P!nk|move: Wide Guard\n|-activate|p1b: John Snow|move: Wide Guard\n|move|p2a: Sinistcha|Matcha Gotcha|p1a: P!nk|[spread] \n|-activate|p1a: P!nk|move: Wide Guard\n|-activate|p1b: John Snow|move: Wide Guard\n|move|p1a: P!nk|Dragon Claw|p2b: Slowking\n|-damage|p2b: Slowking|61/100\n|\n|-heal|p1b: John Snow|32/100 brn|[from] item: Leftovers\n|-damage|p1b: John Snow|26/100 brn|[from] brn\n|-damage|p1a: P!nk|29/100 brn|[from] brn\n|upkeep\n|turn|10\n|\n|t:|1776571999\n|switch|p1a: Ariana|Delphox-Mega, L50, F|24/100\n|move|p1b: John Snow|Wide Guard|p1b: John Snow\n|-singleturn|p1b: John Snow|Wide Guard\n|move|p2b: Slowking|Trick Room|p2b: Slowking\n|-fieldend|move: Trick Room\n|move|p2a: Sinistcha|Trick Room|p2a: Sinistcha\n|-fieldstart|move: Trick Room|[of] p2a: Sinistcha\n|\n|-heal|p1b: John Snow|32/100 brn|[from] item: Leftovers\n|-damage|p1b: John Snow|26/100 brn|[from] brn\n|upkeep\n|turn|11\n|\n|t:|1776572014\n|move|p1b: John Snow|Wide Guard|p1b: John Snow\n|-singleturn|p1b: John Snow|Wide Guard\n|move|p2b: Slowking|Sludge Bomb|p1a: Ariana\n|-damage|p1a: Ariana|0 fnt\n|faint|p1a: Ariana\n|move|p2a: Sinistcha|Matcha Gotcha|p1b: John Snow\n|-activate|p1b: John Snow|move: Wide Guard\n|\n|-heal|p1b: John Snow|32/100 brn|[from] item: Leftovers\n|-damage|p1b: John Snow|26/100 brn|[from] brn\n|upkeep\n|c|\u2606Verror|gg\n|-message|Verror forfeited.\n|\n|win|zhi1\n|raw|Verror's rating: 1037 &rarr; <strong>1020</strong><br />(-17 for losing)\n|raw|zhi1's rating: 1015 &rarr; <strong>1055</strong><br />(+40 for winning)\n|l|\u2606Verror\n|player|p1|\n",
  "uploadtime": 1776572043,
  "views": 9,
  "formatid": "gen9championsvgc2026regma",
  "rating": 1020,
  "private": 0,
  "password": null
}