{
  "id": "gen9championsvgc2026regma-2587226826",
  "format": "[Gen 9 Champions] VGC 2026 Reg M-A",
  "players": [
    "dohawyth",
    "styluxphade"
  ],
  "log": "|j|\u2606dohawyth\n|j|\u2606styluxphade\n|t:|1776511542\n|gametype|doubles\n|player|p1|dohawyth|169|1134\n|player|p2|styluxphade|102|1042\n|gen|9\n|tier|[Gen 9 Champions] VGC 2026 Reg M-A\n|rated|\n|rule|Species Clause: Limit one of each Pok\u00e9mon\n|rule|Item Clause: Limit 1 of each item\n|clearpoke\n|poke|p1|Incineroar, L50, F|\n|poke|p1|Crabominable, L50, F|\n|poke|p1|Aggron, L50, M|\n|poke|p1|Kingambit, L50, M|\n|poke|p1|Slowking-Galar, L50, F|\n|poke|p1|Sinistcha, L50|\n|poke|p2|Garchomp, L50, M|\n|poke|p2|Talonflame, L50, M|\n|poke|p2|Milotic, L50, M|\n|poke|p2|Sinistcha, L50|\n|poke|p2|Sylveon, L50, F|\n|poke|p2|Lucario, L50, M, shiny|\n|teampreview|4\n|\n|t:|1776511569\n|teamsize|p1|4\n|teamsize|p2|4\n|start\n|switch|p1a: Sinistcha|Sinistcha, L50|100/100\n|switch|p1b: Kingambit|Kingambit, L50, M|100/100\n|switch|p2a: Lucario|Lucario, L50, M, shiny|100/100\n|switch|p2b: Talonflame|Talonflame, L50, M|100/100\n|turn|1\n|\n|t:|1776511595\n|detailschange|p2a: Lucario|Lucario-Mega, L50, M, shiny\n|-mega|p2a: Lucario|Lucario|Lucarionite\n|move|p1b: Kingambit|Protect|p1b: Kingambit\n|-singleturn|p1b: Kingambit|Protect\n|move|p2b: Talonflame|Tailwind|p2b: Talonflame\n|-sidestart|p2: styluxphade|move: Tailwind\n|move|p2a: Lucario|Close Combat|p1b: Kingambit\n|-activate|p1b: Kingambit|move: Protect\n|move|p1a: Sinistcha|Trick Room|p1a: Sinistcha\n|-fieldstart|move: Trick Room|[of] p1a: Sinistcha\n|\n|upkeep\n|turn|2\n|inactive|Battle timer is ON: inactive players will automatically lose when time's up. (requested by dohawyth)\n|\n|t:|1776511625\n|switch|p1b: Slowking|Slowking-Galar, L50, F|100/100\n|switch|p2b: Sinistcha|Sinistcha, L50|100/100\n|move|p2a: Lucario|Protect|p2a: Lucario\n|-singleturn|p2a: Lucario|Protect\n|move|p1a: Sinistcha|Shadow Ball|p2a: Lucario\n|-activate|p2a: Lucario|move: Protect\n|\n|upkeep\n|turn|3\n|inactive|styluxphade has 30 seconds left.\n|inactive|styluxphade has 20 seconds left.\n|inactive|styluxphade has 15 seconds left.\n|inactive|styluxphade has 10 seconds left.\n|\n|t:|1776511673\n|switch|p2a: Garchomp|Garchomp, L50, M|100/100\n|move|p1b: Slowking|Sludge Bomb|p2b: Sinistcha\n|-damage|p2b: Sinistcha|66/100\n|-status|p2b: Sinistcha|psn\n|move|p1a: Sinistcha|Shadow Ball|p2b: Sinistcha\n|-supereffective|p2b: Sinistcha|1\n|-damage|p2b: Sinistcha|0 fnt\n|faint|p2b: Sinistcha\n|\n|upkeep\n|\n|t:|1776511690\n|switch|p2b: Lucario|Lucario-Mega, L50, M, shiny|100/100\n|turn|4\n|\n|t:|1776511702\n|move|p2b: Lucario|Protect|p2b: Lucario\n|-singleturn|p2b: Lucario|Protect\n|-prepare|p1b: Slowking|Chilly Reception|[premajor]\n|move|p1b: Slowking|Chilly Reception|p1b: Slowking\n|-weather|Snowscape\n|\n|t:|1776511708\n|switch|p1b: Crabominable|Crabominable, L50, F|100/100|[from] Chilly Reception\n|move|p1a: Sinistcha|Strength Sap|p2a: Garchomp\n|-unboost|p2a: Garchomp|atk|1\n|move|p2a: Garchomp|Earthquake|p1b: Crabominable|[spread] p1a,p1b\n|-activate|p2b: Lucario|move: Protect\n|-resisted|p1a: Sinistcha|1\n|-damage|p1a: Sinistcha|86/100\n|-damage|p1b: Crabominable|82/100\n|\n|-weather|Snowscape|[upkeep]\n|-sideend|p2: styluxphade|move: Tailwind\n|upkeep\n|turn|5\n|inactive|styluxphade has 30 seconds left.\n|inactive|styluxphade has 20 seconds left.\n|\n|t:|1776511746\n|detailschange|p1b: Crabominable|Crabominable-Mega, L50, F\n|-mega|p1b: Crabominable|Crabominable|Crabominite\n|move|p1b: Crabominable|Drain Punch|p2b: Lucario\n|-supereffective|p2b: Lucario|1\n|-damage|p2b: Lucario|0 fnt\n|-heal|p1b: Crabominable|100/100|[from] drain|[of] p2b: Lucario\n|faint|p2b: Lucario\n|move|p1a: Sinistcha|Matcha Gotcha|p2a: Garchomp\n|-damage|p2a: Garchomp|49/100\n|-heal|p1a: Sinistcha|100/100|[from] drain|[of] p2a: Garchomp\n|-status|p2a: Garchomp|brn\n|move|p2a: Garchomp|Dragon Claw|p1b: Crabominable\n|-damage|p1b: Crabominable|94/100\n|\n|-weather|Snowscape|[upkeep]\n|-damage|p2a: Garchomp|43/100 brn|[from] brn\n|-fieldend|move: Trick Room\n|upkeep\n|\n|t:|1776511763\n|switch|p2b: Talonflame|Talonflame, L50, M|100/100\n|turn|6\n|\n|t:|1776511770\n|move|p1b: Crabominable|Protect|p1b: Crabominable\n|-singleturn|p1b: Crabominable|Protect\n|move|p2b: Talonflame|Brave Bird|p1a: Sinistcha\n|-supereffective|p1a: Sinistcha|1\n|-damage|p1a: Sinistcha|0 fnt\n|faint|p1a: Sinistcha\n|-damage|p2b: Talonflame|72/100|[from] Recoil\n|move|p2a: Garchomp|Earthquake|p1b: Crabominable|[spread] \n|-activate|p1b: Crabominable|move: Protect\n|-immune|p2b: Talonflame\n|\n|-weather|Snowscape|[upkeep]\n|-damage|p2a: Garchomp|37/100 brn|[from] brn\n|upkeep\n|\n|t:|1776511777\n|switch|p1a: Kingambit|Kingambit, L50, M|100/100\n|turn|7\n|\n|t:|1776511791\n|move|p1a: Kingambit|Sucker Punch|p2a: Garchomp\n|-damage|p2a: Garchomp|0 fnt\n|-damage|p1a: Kingambit|88/100|[from] ability: Rough Skin|[of] p2a: Garchomp\n|faint|p2a: Garchomp\n|move|p1b: Crabominable|Mach Punch|p2b: Talonflame\n|-resisted|p2b: Talonflame|1\n|-damage|p2b: Talonflame|51/100\n|move|p2b: Talonflame|Flare Blitz|p1a: Kingambit\n|-supereffective|p1a: Kingambit|1\n|-damage|p1a: Kingambit|19/100\n|-status|p1a: Kingambit|brn\n|-damage|p2b: Talonflame|23/100|[from] Recoil\n|\n|-weather|Snowscape|[upkeep]\n|-damage|p1a: Kingambit|13/100 brn|[from] brn\n|upkeep\n|turn|8\n|\n|t:|1776511808\n|move|p2b: Talonflame|Protect|p2b: Talonflame\n|-singleturn|p2b: Talonflame|Protect\n|move|p1a: Kingambit|Sucker Punch||[still]\n|-fail|p1a: Kingambit\n|move|p1b: Crabominable|Mach Punch|p2b: Talonflame\n|-activate|p2b: Talonflame|move: Protect\n|\n|-weather|none\n|-damage|p1a: Kingambit|7/100 brn|[from] brn\n|upkeep\n|turn|9\n|\n|t:|1776511819\n|move|p1a: Kingambit|Sucker Punch|p2b: Talonflame\n|-damage|p2b: Talonflame|0 fnt\n|faint|p2b: Talonflame\n|\n|win|dohawyth\n|raw|dohawyth's rating: 1134 &rarr; <strong>1153</strong><br />(+19 for winning)\n|raw|styluxphade's rating: 1042 &rarr; <strong>1030</strong><br />(-12 for losing)\n",
  "uploadtime": 1776511822,
  "views": 20,
  "formatid": "gen9championsvgc2026regma",
  "rating": 1030,
  "private": 0,
  "password": null
}