{
  "id": "gen9championsvgc2026regma-2585825644",
  "format": "[Gen 9 Champions] VGC 2026 Reg M-A",
  "players": [
    "raimundincalvo123",
    "TheIcingCreeper"
  ],
  "log": "|j|\u2606raimundincalvo123\n|j|\u2606TheIcingCreeper\n|t:|1776373468\n|gametype|doubles\n|player|p1|raimundincalvo123|swimmerf|1024\n|player|p2|TheIcingCreeper|valerie|1000\n|gen|9\n|tier|[Gen 9 Champions] VGC 2026 Reg M-A\n|rated|\n|rule|Species Clause: Limit one of each Pok\u00e9mon\n|rule|Item Clause: Limit 1 of each item\n|clearpoke\n|poke|p1|Charizard, L50, M|\n|poke|p1|Talonflame, L50, F|\n|poke|p1|Sneasler, L50, M|\n|poke|p1|Serperior, L50, F|\n|poke|p1|Typhlosion-Hisui, L50, M|\n|poke|p1|Quaquaval, L50, M|\n|poke|p2|Rotom-Heat, L50|\n|poke|p2|Clefable, L50, F|\n|poke|p2|Blastoise, L50, M|\n|poke|p2|Whimsicott, L50, F|\n|poke|p2|Aegislash, L50, M|\n|poke|p2|Diggersby, L50, M|\n|teampreview|4\n|inactive|Battle timer is ON: inactive players will automatically lose when time's up. (requested by TheIcingCreeper)\n|\n|t:|1776373497\n|teamsize|p1|4\n|teamsize|p2|4\n|start\n|switch|p1a: Charizard|Charizard, L50, M|100/100\n|switch|p1b: Serperior|Serperior, L50, F|100/100\n|switch|p2a: Oven|Rotom-Heat, L50, shiny|100/100\n|switch|p2b: Cupcake|Clefable, L50, F, shiny|100/100\n|turn|1\n|inactive|raimundincalvo123 has 30 seconds left.\n|inactive|TheIcingCreeper has 30 seconds left.\n|\n|t:|1776373530\n|switch|p1b: Typhlosion|Typhlosion-Hisui, L50, M|100/100\n|detailschange|p1a: Charizard|Charizard-Mega-Y, L50, M\n|-mega|p1a: Charizard|Charizard|Charizardite Y\n|-weather|SunnyDay|[from] ability: Drought|[of] p1a: Charizard\n|move|p1a: Charizard|Ancient Power|p2a: Oven\n|-supereffective|p2a: Oven|1\n|-damage|p2a: Oven|50/100\n|move|p2a: Oven|Thunderbolt|p1a: Charizard\n|-supereffective|p1a: Charizard|1\n|-damage|p1a: Charizard|0 fnt\n|faint|p1a: Charizard\n|move|p2b: Cupcake|Cosmic Power|p2b: Cupcake\n|-boost|p2b: Cupcake|def|1\n|-boost|p2b: Cupcake|spd|1\n|\n|-weather|SunnyDay|[upkeep]\n|upkeep\n|\n|t:|1776373542\n|switch|p1a: Serperior|Serperior, L50, F|100/100\n|turn|2\n|\n|t:|1776373561\n|move|p1b: Typhlosion|Heat Wave|p2b: Cupcake|[spread] p2a,p2b\n|-resisted|p2a: Oven|1\n|-damage|p2a: Oven|22/100\n|-damage|p2b: Cupcake|66/100\n|-status|p2b: Cupcake|brn\n|move|p1a: Serperior|Leaf Storm|p2b: Cupcake\n|-damage|p2b: Cupcake|32/100 brn\n|-boost|p1a: Serperior|spa|2\n|move|p2a: Oven|Volt Switch|p1b: Typhlosion\n|-damage|p1b: Typhlosion|42/100\n|\n|t:|1776373570\n|switch|p2a: Blastoise|Blastoise, L50, M|100/100|[from] Volt Switch\n|move|p2b: Cupcake|Moonlight|p2b: Cupcake\n|-heal|p2b: Cupcake|99/100 brn\n|\n|-weather|SunnyDay|[upkeep]\n|-damage|p2b: Cupcake|93/100 brn|[from] brn\n|upkeep\n|turn|3\n|\n|t:|1776373579\n|detailschange|p2b: Cupcake|Clefable-Mega, L50, F, shiny\n|-mega|p2b: Cupcake|Clefable|Clefablite\n|move|p2b: Cupcake|Follow Me|p2b: Cupcake\n|-singleturn|p2b: Cupcake|move: Follow Me\n|move|p1b: Typhlosion|Heat Wave|p2b: Cupcake|[spread] p2a,p2b\n|-resisted|p2a: Blastoise|1\n|-damage|p2a: Blastoise|67/100\n|-damage|p2b: Cupcake|64/100 brn\n|move|p1a: Serperior|Leaf Storm|p2b: Cupcake\n|-resisted|p2b: Cupcake|1\n|-damage|p2b: Cupcake|37/100 brn\n|-boost|p1a: Serperior|spa|2\n|move|p2a: Blastoise|Shell Smash|p2a: Blastoise\n|-unboost|p2a: Blastoise|def|1\n|-unboost|p2a: Blastoise|spd|1\n|-boost|p2a: Blastoise|atk|2\n|-boost|p2a: Blastoise|spa|2\n|-boost|p2a: Blastoise|spe|2\n|-enditem|p2a: Blastoise|White Herb\n|-clearnegativeboost|p2a: Blastoise|[silent]\n|\n|-weather|SunnyDay|[upkeep]\n|-damage|p2b: Cupcake|31/100 brn|[from] brn\n|upkeep\n|turn|4\n|\n|t:|1776373600\n|move|p2a: Blastoise|Ice Beam|p1a: Serperior\n|-supereffective|p1a: Serperior|1\n|-damage|p1a: Serperior|2/100\n|-enditem|p1a: Serperior|Sitrus Berry|[eat]\n|-heal|p1a: Serperior|26/100|[from] item: Sitrus Berry\n|move|p1b: Typhlosion|Heat Wave|p2a: Blastoise|[spread] p2a,p2b\n|-resisted|p2a: Blastoise|1\n|-damage|p2a: Blastoise|36/100\n|-damage|p2b: Cupcake|1/100 brn\n|move|p1a: Serperior|Leaf Storm|p2b: Cupcake\n|-resisted|p2b: Cupcake|1\n|-damage|p2b: Cupcake|0 fnt\n|-boost|p1a: Serperior|spa|2\n|faint|p2b: Cupcake\n|\n|-weather|SunnyDay|[upkeep]\n|upkeep\n|\n|t:|1776373614\n|switch|p2b: Whimsicott|Whimsicott, L50, F, shiny|100/100\n|turn|5\n|\n|t:|1776373629\n|move|p2b: Whimsicott|Protect|p2b: Whimsicott\n|-singleturn|p2b: Whimsicott|Protect\n|move|p1a: Serperior|Protect|p1a: Serperior\n|-singleturn|p1a: Serperior|Protect\n|move|p2a: Blastoise|Ice Beam|p1a: Serperior\n|-activate|p1a: Serperior|move: Protect\n|move|p1b: Typhlosion|Heat Wave|p2a: Blastoise|[spread] p2a\n|-activate|p2b: Whimsicott|move: Protect\n|-resisted|p2a: Blastoise|1\n|-damage|p2a: Blastoise|5/100\n|\n|-weather|none\n|upkeep\n|turn|6\n|\n|t:|1776373646\n|switch|p1a: Talonflame|Talonflame, L50, F|100/100\n|move|p2b: Whimsicott|Encore||[still]\n|-fail|p2b: Whimsicott\n|move|p2a: Blastoise|Dark Pulse|p1b: Typhlosion\n|-supereffective|p1b: Typhlosion|1\n|-damage|p1b: Typhlosion|0 fnt\n|faint|p1b: Typhlosion\n|\n|upkeep\n|\n|t:|1776373654\n|switch|p1b: Serperior|Serperior, L50, F|26/100\n|turn|7\n|\n|t:|1776373666\n|move|p1b: Serperior|Protect|p1b: Serperior\n|-singleturn|p1b: Serperior|Protect\n|move|p1a: Talonflame|Tailwind|p1a: Talonflame\n|-sidestart|p1: raimundincalvo123|move: Tailwind\n|move|p2b: Whimsicott|Stun Spore|p1a: Talonflame\n|-status|p1a: Talonflame|par\n|move|p2a: Blastoise|Ice Beam|p1b: Serperior\n|-activate|p1b: Serperior|move: Protect\n|\n|upkeep\n|turn|8\n|\n|t:|1776373691\n|move|p2b: Whimsicott|Tailwind|p2b: Whimsicott\n|-sidestart|p2: TheIcingCreeper|move: Tailwind\n|move|p2a: Blastoise|Hydro Pump|p1a: Talonflame\n|-supereffective|p1a: Talonflame|1\n|-damage|p1a: Talonflame|0 fnt\n|faint|p1a: Talonflame\n|move|p1b: Serperior|Leaf Storm|p2a: Blastoise\n|-supereffective|p2a: Blastoise|1\n|-damage|p2a: Blastoise|0 fnt\n|-boost|p1b: Serperior|spa|2\n|faint|p2a: Blastoise\n|\n|upkeep\n|\n|t:|1776373697\n|switch|p2a: Oven|Rotom-Heat, L50, shiny|22/100\n|turn|9\n|\n|t:|1776373722\n|move|p2b: Whimsicott|Encore|p1b: Serperior\n|-start|p1b: Serperior|Encore\n|move|p1b: Serperior|Leaf Storm|p2b: Whimsicott|[miss]\n|-miss|p1b: Serperior|p2b: Whimsicott\n|move|p2a: Oven|Overheat|p1b: Serperior\n|-supereffective|p1b: Serperior|1\n|-damage|p1b: Serperior|0 fnt\n|-unboost|p2a: Oven|spa|2\n|faint|p1b: Serperior\n|\n|win|TheIcingCreeper\n|raw|raimundincalvo123's rating: 1024 &rarr; <strong>1009</strong><br />(-15 for losing)\n|raw|TheIcingCreeper's rating: 1000 &rarr; <strong>1043</strong><br />(+43 for winning)\n",
  "uploadtime": 1776373728,
  "views": 24,
  "formatid": "gen9championsvgc2026regma",
  "rating": 1009,
  "private": 0,
  "password": null
}