{
  "id": "gen9championsvgc2026regma-2587179687",
  "format": "[Gen 9 Champions] VGC 2026 Reg M-A",
  "players": [
    "nsbnsb",
    "fangyusuhe"
  ],
  "log": "|j|\u2606nsbnsb\n|j|\u2606fangyusuhe\n|t:|1776505080\n|gametype|doubles\n|player|p1|nsbnsb|ghetsis|1492\n|player|p2|fangyusuhe|dawn|1525\n|gen|9\n|tier|[Gen 9 Champions] VGC 2026 Reg M-A\n|rated|\n|rule|Species Clause: Limit one of each Pok\u00e9mon\n|rule|Item Clause: Limit 1 of each item\n|clearpoke\n|poke|p1|Crabominable, L50, M|\n|poke|p1|Farigiraf, L50, M|\n|poke|p1|Kingambit, L50, M, shiny|\n|poke|p1|Sinistcha, L50|\n|poke|p1|Camerupt, L50, M|\n|poke|p1|Sneasler, L50, M|\n|poke|p2|Floette-Eternal, L50, F|\n|poke|p2|Garchomp, L50, F|\n|poke|p2|Sinistcha, L50|\n|poke|p2|Kingambit, L50, F|\n|poke|p2|Delphox, L50, M|\n|poke|p2|Aerodactyl, L50, F|\n|teampreview|4\n|inactive|Battle timer is ON: inactive players will automatically lose when time's up. (requested by nsbnsb)\n|j| nyoomington\n|\n|t:|1776505096\n|teamsize|p1|4\n|teamsize|p2|4\n|start\n|switch|p1a: Sinistcha|Sinistcha, L50|100/100\n|switch|p1b: Sneasler|Sneasler, L50, M|100/100\n|switch|p2a: Floette|Floette-Eternal, L50, F|100/100\n|switch|p2b: Kingambit|Kingambit, L50, F|100/100\n|turn|1\n|\n|t:|1776505117\n|detailschange|p2a: Floette|Floette-Mega, L50, F\n|-mega|p2a: Floette|Floette|Floettite\n|-ability|p2a: Floette|Fairy Aura\n|move|p1b: Sneasler|Dire Claw|p2a: Floette\n|-supereffective|p2a: Floette|1\n|-damage|p2a: Floette|0 fnt\n|faint|p2a: Floette\n|move|p2b: Kingambit|Kowtow Cleave|p1a: Sinistcha\n|-supereffective|p1a: Sinistcha|1\n|-enditem|p1a: Sinistcha|Focus Sash\n|-damage|p1a: Sinistcha|1/100\n|move|p1a: Sinistcha|Trick Room|p1a: Sinistcha\n|-fieldstart|move: Trick Room|[of] p1a: Sinistcha\n|\n|upkeep\n|\n|t:|1776505127\n|switch|p2a: Garchomp|Garchomp, L50, F|100/100\n|turn|2\n|\n|t:|1776505139\n|move|p2b: Kingambit|Kowtow Cleave|p1a: Sinistcha\n|-supereffective|p1a: Sinistcha|1\n|-damage|p1a: Sinistcha|0 fnt\n|faint|p1a: Sinistcha\n|move|p2a: Garchomp|Stomping Tantrum|p1b: Sneasler\n|-supereffective|p1b: Sneasler|1\n|-damage|p1b: Sneasler|0 fnt\n|faint|p1b: Sneasler\n|\n|upkeep\n|\n|t:|1776505141\n|switch|p1a: Kingambit|Kingambit, L50, M, shiny|100/100\n|switch|p1b: Camerupt|Camerupt, L50, M|100/100\n|turn|3\n|\n|t:|1776505157\n|detailschange|p1b: Camerupt|Camerupt-Mega, L50, M\n|-mega|p1b: Camerupt|Camerupt|Cameruptite\n|move|p2b: Kingambit|Protect|p2b: Kingambit\n|-singleturn|p2b: Kingambit|Protect\n|move|p2a: Garchomp|Protect|p2a: Garchomp\n|-singleturn|p2a: Garchomp|Protect\n|move|p1b: Camerupt|Earth Power|p2a: Garchomp\n|-activate|p2a: Garchomp|move: Protect\n|move|p1a: Kingambit|Kowtow Cleave|p2a: Garchomp\n|-activate|p2a: Garchomp|move: Protect\n|\n|upkeep\n|turn|4\n|inactive|nsbnsb has 30 seconds left.\n|inactive|fangyusuhe has 30 seconds left.\n|\n|t:|1776505192\n|switch|p2a: Sinistcha|Sinistcha, L50|100/100\n|move|p1b: Camerupt|Eruption|p2b: Kingambit|[spread] p2a,p2b\n|-supereffective|p2a: Sinistcha|1\n|-supereffective|p2b: Kingambit|1\n|-damage|p2a: Sinistcha|0 fnt\n|-damage|p2b: Kingambit|0 fnt\n|faint|p2a: Sinistcha\n|faint|p2b: Kingambit\n|move|p1a: Kingambit|Kowtow Cleave|p2: Sinistcha|[notarget]\n|-fail|p1a: Kingambit\n|\n|upkeep\n|\n|t:|1776505198\n|switch|p2a: Garchomp|Garchomp, L50, F|100/100\n|turn|5\n|\n|t:|1776505214\n|move|p2a: Garchomp|Protect|p2a: Garchomp\n|-singleturn|p2a: Garchomp|Protect\n|move|p1b: Camerupt|Eruption|p2a: Garchomp\n|-activate|p2a: Garchomp|move: Protect\n|move|p1a: Kingambit|Kowtow Cleave|p2a: Garchomp\n|-activate|p2a: Garchomp|move: Protect\n|\n|-fieldend|move: Trick Room\n|upkeep\n|turn|6\n|\n|t:|1776505222\n|move|p2a: Garchomp|Earthquake|p1a: Kingambit|[spread] p1a,p1b\n|-supereffective|p1a: Kingambit|1\n|-supereffective|p1b: Camerupt|1\n|-damage|p1a: Kingambit|37/100\n|-damage|p1b: Camerupt|9/100\n|move|p1a: Kingambit|Kowtow Cleave|p2a: Garchomp\n|-damage|p2a: Garchomp|50/100\n|-damage|p1a: Kingambit|25/100|[from] ability: Rough Skin|[of] p2a: Garchomp\n|move|p1b: Camerupt|Earth Power|p2a: Garchomp\n|-damage|p2a: Garchomp|0 fnt\n|faint|p2a: Garchomp\n|\n|win|nsbnsb\n|raw|nsbnsb's rating: 1468 &rarr; <strong>1492</strong><br />(+24 for winning)\n|raw|fangyusuhe's rating: 1540 &rarr; <strong>1516</strong><br />(-24 for losing)\n|l|\u2606fangyusuhe\n|player|p2|\n",
  "uploadtime": 1776505233,
  "views": 34,
  "formatid": "gen9championsvgc2026regma",
  "rating": 1492,
  "private": 0,
  "password": null
}