{
  "id": "gen9championsvgc2026regma-2586812271",
  "format": "[Gen 9 Champions] VGC 2026 Reg M-A",
  "players": [
    "Mitongue",
    "msa4545"
  ],
  "log": "|j|\u2606Mitongue\n|j|\u2606msa4545\n|t:|1776461926\n|gametype|doubles\n|player|p1|Mitongue|yellow|1200\n|player|p2|msa4545|n|1146\n|gen|9\n|tier|[Gen 9 Champions] VGC 2026 Reg M-A\n|rated|\n|rule|Species Clause: Limit one of each Pok\u00e9mon\n|rule|Item Clause: Limit 1 of each item\n|clearpoke\n|poke|p1|Milotic, L50, F|\n|poke|p1|Sableye, L50, F|\n|poke|p1|Froslass, L50, F|\n|poke|p1|Machamp, L50, F|\n|poke|p1|Skarmory, L50, F|\n|poke|p1|Volcarona, L50, F|\n|poke|p2|Golurk, L50|\n|poke|p2|Sinistcha, L50|\n|poke|p2|Aegislash, L50, F|\n|poke|p2|Glimmora, L50, M|\n|poke|p2|Aerodactyl, L50, M|\n|poke|p2|Garchomp, L50, M|\n|teampreview|4\n|inactive|Battle timer is ON: inactive players will automatically lose when time's up. (requested by msa4545)\nMitongue rejected open team sheets.\n|inactive|Mitongue has 60 seconds left.\n|inactive|msa4545 has 60 seconds left.\n|\n|t:|1776461972\n|teamsize|p1|4\n|teamsize|p2|4\n|start\n|switch|p1a: Sableye|Sableye, L50, F, shiny|100/100\n|switch|p1b: Milotic|Milotic, L50, F, shiny|100/100\n|switch|p2a: Glimmora|Glimmora, L50, M|100/100\n|switch|p2b: Aerodactyl|Aerodactyl, L50, M|100/100\n|-ability|p2b: Aerodactyl|Unnerve\n|turn|1\n|\n|t:|1776461995\n|move|p2a: Glimmora|Spiky Shield|p2a: Glimmora\n|-singleturn|p2a: Glimmora|move: Protect\n|move|p1a: Sableye|Fake Out|p2b: Aerodactyl\n|-resisted|p2b: Aerodactyl|1\n|-damage|p2b: Aerodactyl|95/100\n|cant|p2b: Aerodactyl|flinch\n|move|p1b: Milotic|Hydro Pump|p2a: Glimmora\n|-activate|p2a: Glimmora|move: Protect\n|\n|upkeep\n|turn|2\n|\n|t:|1776462013\n|switch|p2b: Aegislash|Aegislash, L50, F|100/100\n|detailschange|p2a: Glimmora|Glimmora-Mega, L50, M\n|-mega|p2a: Glimmora|Glimmora|Glimmoranite\n|move|p1a: Sableye|Quash||[still]\n|-fail|p1a: Sableye\n|move|p2a: Glimmora|Sludge Wave|p1a: Sableye|[spread] p1a,p1b\n|-immune|p2b: Aegislash\n|-resisted|p1a: Sableye|1\n|-damage|p1a: Sableye|72/100\n|-damage|p1b: Milotic|58/100\n|move|p1b: Milotic|Hydro Pump|p2b: Aegislash\n|-damage|p2b: Aegislash|63/100\n|\n|-heal|p1b: Milotic|64/100|[from] item: Leftovers\n|upkeep\n|turn|3\n|inactive|msa4545 has 30 seconds left.\n|\n|t:|1776462038\n|move|p2a: Glimmora|Spiky Shield|p2a: Glimmora\n|-singleturn|p2a: Glimmora|move: Protect\n|move|p1a: Sableye|Gravity|p1a: Sableye\n|-fieldstart|move: Gravity\n|move|p1b: Milotic|Hypnosis|p2b: Aegislash\n|-status|p2b: Aegislash|slp|[from] move: Hypnosis\n|cant|p2b: Aegislash|slp\n|\n|-heal|p1b: Milotic|70/100|[from] item: Leftovers\n|upkeep\n|turn|4\n|\n|t:|1776462051\n|move|p2a: Glimmora|Sludge Bomb|p1b: Milotic\n|-damage|p1b: Milotic|20/100\n|-status|p1b: Milotic|psn\n|move|p1b: Milotic|Hydro Pump|p2a: Glimmora\n|-supereffective|p2a: Glimmora|1\n|-damage|p2a: Glimmora|0 fnt\n|faint|p2a: Glimmora\n|cant|p2b: Aegislash|slp\n|move|p1a: Sableye|Foul Play|p2b: Aegislash\n|-supereffective|p2b: Aegislash|1\n|-crit|p2b: Aegislash\n|-damage|p2b: Aegislash|19/100 slp\n|\n|-heal|p1b: Milotic|26/100 psn|[from] item: Leftovers\n|-damage|p1b: Milotic|13/100 psn|[from] psn\n|upkeep\n|\n|t:|1776462068\n|switch|p2a: Aerodactyl|Aerodactyl, L50, M|95/100\n|-ability|p2a: Aerodactyl|Unnerve\n|turn|5\n|\n|t:|1776462076\n|move|p1a: Sableye|Quash|p2a: Aerodactyl\n|-activate|p2a: Aerodactyl|move: Quash\n|move|p1b: Milotic|Hydro Pump|p2a: Aerodactyl\n|-supereffective|p2a: Aerodactyl|1\n|-damage|p2a: Aerodactyl|0 fnt\n|faint|p2a: Aerodactyl\n|-curestatus|p2b: Aegislash|slp|[msg]\n|-formechange|p2b: Aegislash|Aegislash-Blade|\n|move|p2b: Aegislash|Shadow Ball|p1a: Sableye\n|-damage|p1a: Sableye|15/100\n|\n|-heal|p1b: Milotic|19/100 psn|[from] item: Leftovers\n|-damage|p1b: Milotic|7/100 psn|[from] psn\n|upkeep\n|\n|t:|1776462092\n|switch|p2a: Garchomp|Garchomp, L50, M|100/100\n|turn|6\n|inactive|msa4545 has 30 seconds left.\n|inactive|msa4545 has 20 seconds left.\n|inactive|msa4545 has 15 seconds left.\n|inactive|msa4545 has 10 seconds left.\n|\n|t:|1776462140\n|-formechange|p2b: Aegislash|Aegislash|\n|move|p2b: Aegislash|King's Shield|p2b: Aegislash\n|-singleturn|p2b: Aegislash|Protect\n|move|p1a: Sableye|Quash|p2a: Garchomp\n|-activate|p2a: Garchomp|move: Quash\n|move|p1b: Milotic|Blizzard|p2a: Garchomp|[spread] p2a\n|-activate|p2b: Aegislash|move: Protect\n|-supereffective|p2a: Garchomp|2\n|-damage|p2a: Garchomp|0 fnt\n|faint|p2a: Garchomp\n|\n|-heal|p1b: Milotic|13/100 psn|[from] item: Leftovers\n|-damage|p1b: Milotic|0 fnt|[from] psn\n|faint|p1b: Milotic\n|upkeep\n|-message|msa4545 forfeited.\n|\n|win|Mitongue\n|raw|Mitongue's rating: 1200 &rarr; <strong>1221</strong><br />(+21 for winning)\n|raw|msa4545's rating: 1146 &rarr; <strong>1125</strong><br />(-21 for losing)\n|l|\u2606msa4545\n|player|p2|\n",
  "uploadtime": 1776462158,
  "views": 21,
  "formatid": "gen9championsvgc2026regma",
  "rating": 1125,
  "private": 0,
  "password": null
}