{
  "id": "gen9championsvgc2026regma-2584183137",
  "format": "[Gen 9 Champions] VGC 2026 Reg M-A",
  "players": [
    "Baby Kunai",
    "raw file bag era"
  ],
  "log": "|j|\u2606Baby Kunai\n|j|\u2606raw file bag era\n|t:|1776235353\n|gametype|doubles\n|player|p1|Baby Kunai|ninjaboy|1138\n|player|p2|raw file bag era|pokekid|1067\n|gen|9\n|tier|[Gen 9 Champions] VGC 2026 Reg M-A\n|rated|\n|rule|Species Clause: Limit one of each Pok\u00e9mon\n|rule|Item Clause: Limit 1 of each item\n|clearpoke\n|poke|p1|Talonflame, L50, M|\n|poke|p1|Garchomp, L50, F|\n|poke|p1|Milotic, L50, M|\n|poke|p1|Aegislash, L50, M|\n|poke|p1|Kangaskhan, L50, F|\n|poke|p1|Charizard, L50, F|\n|poke|p2|Glimmora, L50, F|\n|poke|p2|Bellibolt, L50, F|\n|poke|p2|Sylveon, L50, F|\n|poke|p2|Milotic, L50, M|\n|poke|p2|Sneasler, L50, F|\n|poke|p2|Typhlosion-Hisui, L50, F|\n|teampreview|4\n|inactive|Battle timer is ON: inactive players will automatically lose when time's up. (requested by raw file bag era)\n|inactive|Baby Kunai also wants the timer to be on.\n|inactive|Baby Kunai has 60 seconds left.\n|inactive|raw file bag era has 60 seconds left.\n|inactive|raw file bag era has 30 seconds left.\n|inactive|raw file bag era has 20 seconds left.\n|inactive|raw file bag era has 15 seconds left.\n|inactive|raw file bag era has 10 seconds left.\n|inactive|raw file bag era has 5 seconds left.\n|\n|t:|1776235444\n|teamsize|p1|4\n|teamsize|p2|4\n|start\n|switch|p1a: Rocket|Talonflame, L50, M|100/100\n|switch|p1b: Obsidian|Charizard, L50, F, shiny|100/100\n|switch|p2a: Glimmora|Glimmora, L50, F|100/100\n|switch|p2b: Bellibolt|Bellibolt, L50, F|100/100\n|turn|1\n|inactive|Baby Kunai has 30 seconds left.\n|inactive|raw file bag era has 30 seconds left.\n|inactive|raw file bag era has 20 seconds left.\n|inactive|raw file bag era has 15 seconds left.\n|inactive|raw file bag era has 10 seconds left.\n|inactive|raw file bag era has 5 seconds left.\n|\n|t:|1776235496\n|switch|p1b: Ripper|Garchomp, L50, F|100/100\n|detailschange|p2a: Glimmora|Glimmora-Mega, L50, F\n|-mega|p2a: Glimmora|Glimmora|Glimmoranite\n|move|p1a: Rocket|Tailwind|p1a: Rocket\n|-sidestart|p1: Baby Kunai|move: Tailwind\n|move|p2a: Glimmora|Power Gem|p1a: Rocket\n|-supereffective|p1a: Rocket|2\n|-enditem|p1a: Rocket|Focus Sash\n|-damage|p1a: Rocket|1/100\n|move|p2b: Bellibolt|Thunderbolt|p1b: Ripper\n|-immune|p1b: Ripper\n|\n|upkeep\n|turn|2\n|inactive|Baby Kunai has 30 seconds left.\n|inactive|raw file bag era has 30 seconds left.\n|inactive|Baby Kunai has 20 seconds left.\n|inactive|raw file bag era has 20 seconds left.\n|inactive|Baby Kunai has 15 seconds left.\n|\n|t:|1776235538\n|switch|p1a: Obsidian|Charizard, L50, F, shiny|100/100\n|move|p2a: Glimmora|Spiky Shield|p2a: Glimmora\n|-singleturn|p2a: Glimmora|move: Protect\n|move|p1b: Ripper|Earthquake|p2b: Bellibolt|[spread] p2b\n|-activate|p2a: Glimmora|move: Protect\n|-immune|p1a: Obsidian\n|-supereffective|p2b: Bellibolt|1\n|-enditem|p2b: Bellibolt|Shuca Berry|[eat]\n|-enditem|p2b: Bellibolt|Shuca Berry|[weaken]\n|-damage|p2b: Bellibolt|77/100\n|-start|p2b: Bellibolt|Charge|Earthquake|[from] ability: Electromorphosis\n|move|p2b: Bellibolt|Thunderbolt|p1a: Obsidian\n|-supereffective|p1a: Obsidian|1\n|-damage|p1a: Obsidian|0 fnt\n|faint|p1a: Obsidian\n|-end|p2b: Bellibolt|Charge|[silent]\n|\n|upkeep\n|\n|t:|1776235554\n|switch|p1a: Rocket|Talonflame, L50, M|1/100\n|turn|3\n|\n|t:|1776235571\n|switch|p2a: Milotic|Milotic, L50, M|100/100\n|move|p1a: Rocket|Will-O-Wisp|p2b: Bellibolt|[miss]\n|-miss|p1a: Rocket|p2b: Bellibolt\n|move|p1b: Ripper|Earthquake|p2a: Milotic|[spread] p2a,p2b\n|-immune|p1a: Rocket\n|-supereffective|p2b: Bellibolt|1\n|-damage|p2a: Milotic|65/100\n|-damage|p2b: Bellibolt|21/100\n|-start|p2b: Bellibolt|Charge|Earthquake|[from] ability: Electromorphosis\n|move|p2b: Bellibolt|Thunderbolt|p1a: Rocket\n|-supereffective|p1a: Rocket|1\n|-damage|p1a: Rocket|0 fnt\n|faint|p1a: Rocket\n|-end|p2b: Bellibolt|Charge|[silent]\n|\n|upkeep\n|\n|t:|1776235584\n|switch|p1a: Zangetsu|Aegislash, L50, M, shiny|100/100\n|turn|4\n|\n|t:|1776235608\n|move|p1a: Zangetsu|King's Shield|p1a: Zangetsu\n|-singleturn|p1a: Zangetsu|Protect\n|move|p2b: Bellibolt|Protect|p2b: Bellibolt\n|-singleturn|p2b: Bellibolt|Protect\n|move|p1b: Ripper|Earthquake|p2b: Bellibolt|[spread] p2a\n|-activate|p1a: Zangetsu|move: Protect\n|-activate|p2b: Bellibolt|move: Protect\n|-damage|p2a: Milotic|29/100\n|-enditem|p2a: Milotic|Sitrus Berry|[eat]\n|-heal|p2a: Milotic|54/100|[from] item: Sitrus Berry\n|move|p2a: Milotic|Ice Beam|p1b: Ripper\n|-supereffective|p1b: Ripper|2\n|-damage|p1b: Ripper|0 fnt\n|faint|p1b: Ripper\n|\n|-sideend|p1: Baby Kunai|move: Tailwind\n|upkeep\n|turn|5\n|-message|Baby Kunai forfeited.\n|\n|win|raw file bag era\n|raw|Baby Kunai's rating: 1138 &rarr; <strong>1108</strong><br />(-30 for losing)\n|raw|raw file bag era's rating: 1067 &rarr; <strong>1103</strong><br />(+36 for winning)\n",
  "uploadtime": 1776235631,
  "views": 22,
  "formatid": "gen9championsvgc2026regma",
  "rating": 1103,
  "private": 0,
  "password": null
}