{
  "id": "gen9championsvgc2026regma-2583096371",
  "format": "[Gen 9 Champions] VGC 2026 Reg M-A",
  "players": [
    "sting1321",
    "silralisk"
  ],
  "log": "|j|\u2606sting1321\n|j|\u2606silralisk\n|t:|1776141549\n|gametype|doubles\n|player|p1|sting1321|169|1144\n|player|p2|silralisk|266|1218\n|gen|9\n|tier|[Gen 9 Champions] VGC 2026 Reg M-A\n|rated|\n|rule|Species Clause: Limit one of each Pok\u00e9mon\n|rule|Item Clause: Limit 1 of each item\n|clearpoke\n|poke|p1|Tyranitar, L50, F|\n|poke|p1|Excadrill, L50, F|\n|poke|p1|Incineroar, L50, M|\n|poke|p1|Corviknight, L50, F|\n|poke|p1|Sinistcha, L50|\n|poke|p1|Milotic, L50, M|\n|poke|p2|Dragonite, L50, F|\n|poke|p2|Sableye, L50, F|\n|poke|p2|Basculegion, L50, M|\n|poke|p2|Sinistcha, L50|\n|poke|p2|Sneasler, L50, F|\n|poke|p2|Archaludon, L50, M|\n|teampreview|4\n|inactive|Battle timer is ON: inactive players will automatically lose when time's up. (requested by silralisk)\n|inactive|sting1321 has 60 seconds left.\n|\n|t:|1776141590\n|teamsize|p1|4\n|teamsize|p2|4\n|start\n|switch|p1a: Tyranitar|Tyranitar, L50, F|100/100\n|switch|p1b: Excadrill|Excadrill, L50, F|100/100\n|switch|p2a: Sableye|Sableye, L50, F|100/100\n|switch|p2b: Archaludon|Archaludon, L50, M|100/100\n|-weather|Sandstorm|[from] ability: Sand Stream|[of] p1a: Tyranitar\n|turn|1\n|inactive|silralisk has 30 seconds left.\n|inactive|silralisk has 20 seconds left.\n|\n|t:|1776141630\n|switch|p1b: Incineroar|Incineroar, L50, M|100/100\n|-ability|p1b: Incineroar|Intimidate|boost\n|-unboost|p2a: Sableye|atk|1\n|-unboost|p2b: Archaludon|atk|1\n|move|p1a: Tyranitar|Protect|p1a: Tyranitar\n|-singleturn|p1a: Tyranitar|Protect\n|move|p2a: Sableye|Fake Out|p1b: Incineroar\n|-crit|p1b: Incineroar\n|-damage|p1b: Incineroar|90/100\n|move|p2b: Archaludon|Aura Sphere|p1a: Tyranitar\n|-activate|p1a: Tyranitar|move: Protect\n|\n|-weather|Sandstorm|[upkeep]\n|-damage|p1b: Incineroar|84/100|[from] Sandstorm\n|-damage|p2a: Sableye|95/100|[from] Sandstorm\n|upkeep\n|turn|2\n|inactive|sting1321 has 30 seconds left.\n|\n|t:|1776141664\n|switch|p2a: Sneasler|Sneasler, L50, F|100/100\n|detailschange|p1a: Tyranitar|Tyranitar-Mega, L50, F\n|-mega|p1a: Tyranitar|Tyranitar|Tyranitarite\n|move|p2b: Archaludon|Protect|p2b: Archaludon\n|-singleturn|p2b: Archaludon|Protect\n|move|p1b: Incineroar|Fake Out|p2b: Archaludon\n|-activate|p2b: Archaludon|move: Protect\n|move|p1a: Tyranitar|Dragon Dance|p1a: Tyranitar\n|-boost|p1a: Tyranitar|atk|1\n|-boost|p1a: Tyranitar|spe|1\n|\n|-weather|Sandstorm|[upkeep]\n|-damage|p2a: Sneasler|95/100|[from] Sandstorm\n|-damage|p1b: Incineroar|77/100|[from] Sandstorm\n|upkeep\n|turn|3\n|\n|t:|1776141682\n|move|p1a: Tyranitar|Protect|p1a: Tyranitar\n|-singleturn|p1a: Tyranitar|Protect\n|move|p2a: Sneasler|Close Combat|p1a: Tyranitar\n|-activate|p1a: Tyranitar|move: Protect\n|move|p2b: Archaludon|Aura Sphere|p1b: Incineroar\n|-supereffective|p1b: Incineroar|1\n|-damage|p1b: Incineroar|20/100\n|-enditem|p1b: Incineroar|Sitrus Berry|[eat]\n|-heal|p1b: Incineroar|45/100|[from] item: Sitrus Berry\n|move|p1b: Incineroar|Parting Shot|p2b: Archaludon\n|-unboost|p2b: Archaludon|atk|1\n|-unboost|p2b: Archaludon|spa|1\n|\n|t:|1776141691\n|switch|p1b: Sinistcha|Sinistcha, L50|100/100|[from] Parting Shot\n|\n|-weather|Sandstorm|[upkeep]\n|-damage|p2a: Sneasler|89/100|[from] Sandstorm\n|-damage|p1b: Sinistcha|94/100|[from] Sandstorm\n|upkeep\n|turn|4\n|\n|t:|1776141715\n|move|p2a: Sneasler|Protect|p2a: Sneasler\n|-singleturn|p2a: Sneasler|Protect\n|move|p1b: Sinistcha|Rage Powder|p1b: Sinistcha\n|-singleturn|p1b: Sinistcha|move: Rage Powder\n|move|p1a: Tyranitar|Rock Slide|p2b: Archaludon|[spread] p2b\n|-activate|p2a: Sneasler|move: Protect\n|-resisted|p2b: Archaludon|1\n|-damage|p2b: Archaludon|77/100\n|move|p2b: Archaludon|Aura Sphere|p1a: Tyranitar\n|-supereffective|p1a: Tyranitar|2\n|-damage|p1a: Tyranitar|52/100\n|\n|-weather|Sandstorm|[upkeep]\n|-damage|p2a: Sneasler|83/100|[from] Sandstorm\n|-damage|p1b: Sinistcha|88/100|[from] Sandstorm\n|-heal|p2b: Archaludon|83/100|[from] item: Leftovers\n|upkeep\n|turn|5\n|inactive|sting1321 has 30 seconds left.\n|\n|t:|1776141746\n|switch|p2a: Sableye|Sableye, L50, F|95/100\n|move|p1b: Sinistcha|Rage Powder|p1b: Sinistcha\n|-singleturn|p1b: Sinistcha|move: Rage Powder\n|move|p1a: Tyranitar|Knock Off|p2b: Archaludon\n|-damage|p2b: Archaludon|2/100\n|-enditem|p2b: Archaludon|Leftovers|[from] move: Knock Off|[of] p1a: Tyranitar\n|move|p2b: Archaludon|Aura Sphere|p1a: Tyranitar\n|-supereffective|p1a: Tyranitar|2\n|-damage|p1a: Tyranitar|2/100\n|\n|-weather|none\n|upkeep\n|turn|6\n|inactive|silralisk has 30 seconds left.\n|\n|t:|1776141776\n|switch|p2b: Sneasler|Sneasler, L50, F|83/100\n|move|p1a: Tyranitar|Protect|p1a: Tyranitar\n|-singleturn|p1a: Tyranitar|Protect\n|move|p2a: Sableye|Fake Out|p1a: Tyranitar\n|-activate|p1a: Tyranitar|move: Protect\n|move|p1b: Sinistcha|Matcha Gotcha|p2a: Sableye|[spread] p2a,p2b\n|-resisted|p2b: Sneasler|1\n|-damage|p2a: Sableye|62/100\n|-heal|p1b: Sinistcha|100/100|[from] drain|[of] p2a: Sableye\n|-damage|p2b: Sneasler|67/100\n|\n|upkeep\n|turn|7\n|inactive|sting1321 has 30 seconds left.\n|inactive|silralisk has 30 seconds left.\n|inactive|silralisk has 20 seconds left.\n|\n|t:|1776141812\n|switch|p1a: Incineroar|Incineroar, L50, M|45/100\n|-ability|p1a: Incineroar|Intimidate|boost\n|-unboost|p2a: Sableye|atk|1\n|-unboost|p2b: Sneasler|atk|1\n|-enditem|p2b: Sneasler|White Herb\n|-clearnegativeboost|p2b: Sneasler|[silent]\n|switch|p2a: Basculegion|Basculegion, L50, M|100/100\n|move|p2b: Sneasler|Acrobatics|p1b: Sinistcha\n|-supereffective|p1b: Sinistcha|1\n|-damage|p1b: Sinistcha|40/100\n|move|p1b: Sinistcha|Strength Sap|p2b: Sneasler\n|-unboost|p2b: Sneasler|atk|1\n|-heal|p1b: Sinistcha|100/100\n|\n|upkeep\n|turn|8\n|inactive|silralisk has 30 seconds left.\n|\n|t:|1776141838\n|move|p2b: Sneasler|Protect|p2b: Sneasler\n|-singleturn|p2b: Sneasler|Protect\n|move|p1b: Sinistcha|Rage Powder|p1b: Sinistcha\n|-singleturn|p1b: Sinistcha|move: Rage Powder\n|move|p2a: Basculegion|Flip Turn|p1b: Sinistcha\n|-resisted|p1b: Sinistcha|1\n|-crit|p1b: Sinistcha\n|-damage|p1b: Sinistcha|75/100\n|\n|t:|1776141846\n|switch|p2a: Sableye|Sableye, L50, F|62/100|[from] Flip Turn\n|move|p1a: Incineroar|Darkest Lariat|p2a: Sableye\n|-damage|p2a: Sableye|12/100\n|\n|upkeep\n|turn|9\n|\n|t:|1776141862\n|move|p2a: Sableye|Fake Out|p1a: Incineroar\n|-damage|p1a: Incineroar|38/100\n|move|p1b: Sinistcha|Rage Powder|p1b: Sinistcha\n|-singleturn|p1b: Sinistcha|move: Rage Powder\n|move|p2b: Sneasler|Acrobatics|p1b: Sinistcha\n|-supereffective|p1b: Sinistcha|1\n|-damage|p1b: Sinistcha|37/100\n|cant|p1a: Incineroar|flinch\n|\n|upkeep\n|turn|10\n|\n|t:|1776141887\n|switch|p2a: Basculegion|Basculegion, L50, M|100/100\n|move|p2b: Sneasler|Protect|p2b: Sneasler\n|-singleturn|p2b: Sneasler|Protect\n|move|p1b: Sinistcha|Rage Powder|p1b: Sinistcha\n|-singleturn|p1b: Sinistcha|move: Rage Powder\n|move|p1a: Incineroar|Flare Blitz|p2b: Sneasler\n|-activate|p2b: Sneasler|move: Protect\n|\n|upkeep\n|turn|11\n|inactive|sting1321 has 30 seconds left.\n|\n|t:|1776141915\n|move|p2b: Sneasler|Acrobatics|p1b: Sinistcha\n|-supereffective|p1b: Sinistcha|1\n|-damage|p1b: Sinistcha|0 fnt\n|faint|p1b: Sinistcha\n|move|p2a: Basculegion|Flip Turn|p1a: Incineroar\n|-supereffective|p1a: Incineroar|1\n|-damage|p1a: Incineroar|0 fnt\n|faint|p1a: Incineroar\n|\n|t:|1776141924\n|switch|p2a: Sableye|Sableye, L50, F|12/100|[from] Flip Turn\n|\n|upkeep\n|\n|t:|1776141926\n|switch|p1a: Tyranitar|Tyranitar-Mega, L50, F|2/100\n|switch|p1b: Excadrill|Excadrill, L50, F|100/100\n|-weather|Sandstorm|[from] ability: Sand Stream|[of] p1a: Tyranitar\n|turn|12\n|\n|t:|1776141936\n|move|p2b: Sneasler|Protect|p2b: Sneasler\n|-singleturn|p2b: Sneasler|Protect\n|move|p1b: Excadrill|Protect|p1b: Excadrill\n|-singleturn|p1b: Excadrill|Protect\n|move|p1a: Tyranitar|Protect|p1a: Tyranitar\n|-singleturn|p1a: Tyranitar|Protect\n|move|p2a: Sableye|Rain Dance|p2a: Sableye\n|-weather|RainDance\n|\n|-weather|RainDance|[upkeep]\n|upkeep\n|turn|13\n|\n|t:|1776141952\n|move|p2a: Sableye|Encore|p1b: Excadrill\n|-start|p1b: Excadrill|Encore\n|move|p1b: Excadrill|Protect|p1b: Excadrill\n|-singleturn|p1b: Excadrill|Protect\n|move|p2b: Sneasler|Close Combat|p1a: Tyranitar\n|-supereffective|p1a: Tyranitar|2\n|-damage|p1a: Tyranitar|0 fnt\n|-unboost|p2b: Sneasler|def|1\n|-unboost|p2b: Sneasler|spd|1\n|faint|p1a: Tyranitar\n|\n|-weather|RainDance|[upkeep]\n|upkeep\n|turn|14\n|-message|sting1321 forfeited.\n|\n|win|silralisk\n|raw|sting1321's rating: 1144 &rarr; <strong>1124</strong><br />(-20 for losing)\n|raw|silralisk's rating: 1218 &rarr; <strong>1238</strong><br />(+20 for winning)\n|l|\u2606sting1321\n|player|p1|\n",
  "uploadtime": 1776141969,
  "views": 31,
  "formatid": "gen9championsvgc2026regma",
  "rating": 1124,
  "private": 0,
  "password": null
}