{
  "id": "gen9championsvgc2026regma-2580338484",
  "format": "[Gen 9 Champions] VGC 2026 Reg M-A",
  "players": [
    "Cabin6",
    "qweralt"
  ],
  "log": "|j|\u2606Cabin6\n|j|\u2606qweralt\n|t:|1775882301\n|gametype|doubles\n|player|p1|Cabin6|leon|1045\n|player|p2|qweralt|brycenman|1056\n|gen|9\n|tier|[Gen 9 Champions] VGC 2026 Reg M-A\n|rated|\n|rule|Species Clause: Limit one of each Pok\u00e9mon\n|rule|Item Clause: Limit 1 of each item\n|clearpoke\n|poke|p1|Maushold, L50|\n|poke|p1|Floette-Eternal, L50, F|\n|poke|p1|Garchomp, L50, M|\n|poke|p1|Talonflame, L50, M|\n|poke|p1|Rotom-Wash, L50|\n|poke|p1|Aegislash, L50, F|\n|poke|p2|Hawlucha, L50, F|\n|poke|p2|Excadrill, L50, M|\n|poke|p2|Dragapult, L50, M|\n|poke|p2|Hippowdon, L50, F|\n|poke|p2|Sinistcha-Masterpiece, L50|\n|poke|p2|Torkoal, L50, M|\n|teampreview|4\nqweralt has agreed to open team sheets.\n|inactive|Battle timer is ON: inactive players will automatically lose when time's up. (requested by qweralt)\n|\n|t:|1775882348\n|teamsize|p1|4\n|teamsize|p2|4\n|start\n|switch|p1a: Talonflame|Talonflame, L50, M|100/100\n|switch|p1b: Rotom|Rotom-Wash, L50|100/100\n|switch|p2a: Hawlucha|Hawlucha, L50, F|100/100\n|switch|p2b: Excadrill|Excadrill, L50, M|100/100\n|turn|1\n|inactive|Cabin6 has 30 seconds left.\n|inactive|qweralt has 30 seconds left.\n|inactive|Cabin6 has 20 seconds left.\n|\n|t:|1775882386\n|switch|p2b: Hippowdon|Hippowdon, L50, F|100/100\n|-weather|Sandstorm|[from] ability: Sand Stream|[of] p2b: Hippowdon\n|detailschange|p2a: Hawlucha|Hawlucha-Mega, L50, F\n|-mega|p2a: Hawlucha|Hawlucha|Hawluchanite\n|move|p2a: Hawlucha|Protect|p2a: Hawlucha\n|-singleturn|p2a: Hawlucha|Protect\n|move|p1a: Talonflame|Tailwind|p1a: Talonflame\n|-sidestart|p1: Cabin6|move: Tailwind\n|move|p1b: Rotom|Hydro Pump|p2b: Hippowdon\n|-supereffective|p2b: Hippowdon|1\n|-damage|p2b: Hippowdon|17/100\n|\n|-weather|Sandstorm|[upkeep]\n|-damage|p1a: Talonflame|95/100|[from] Sandstorm\n|-damage|p1b: Rotom|95/100|[from] Sandstorm\n|-damage|p2a: Hawlucha|95/100|[from] Sandstorm\n|-heal|p2b: Hippowdon|23/100|[from] item: Leftovers\n|upkeep\n|turn|2\n|\n|t:|1775882410\n|switch|p1a: Floette|Floette-Eternal, L50, F|100/100\n|move|p1b: Rotom|Thunderbolt|p2a: Hawlucha\n|-supereffective|p2a: Hawlucha|1\n|-damage|p2a: Hawlucha|6/100\n|-status|p2a: Hawlucha|par\n|move|p2a: Hawlucha|Cross Chop|p1b: Rotom\n|-damage|p1b: Rotom|43/100\n|-enditem|p1b: Rotom|Sitrus Berry|[eat]\n|-heal|p1b: Rotom|67/100|[from] item: Sitrus Berry\n|move|p2b: Hippowdon|Rock Slide|p1b: Rotom|[spread] p1a,p1b\n|-damage|p1a: Floette|82/100\n|-damage|p1b: Rotom|52/100\n|\n|-weather|Sandstorm|[upkeep]\n|-damage|p1b: Rotom|46/100|[from] Sandstorm\n|-damage|p1a: Floette|76/100|[from] Sandstorm\n|-damage|p2a: Hawlucha|0 fnt|[from] Sandstorm\n|faint|p2a: Hawlucha\n|-heal|p2b: Hippowdon|29/100|[from] item: Leftovers\n|upkeep\n|\n|t:|1775882424\n|switch|p2a: Excadrill|Excadrill, L50, M|100/100\n|turn|3\n|\n|t:|1775882450\n|switch|p1a: Garchomp|Garchomp, L50, M|100/100\n|move|p2b: Hippowdon|Protect|p2b: Hippowdon\n|-singleturn|p2b: Hippowdon|Protect\n|move|p2a: Excadrill|Iron Head|p1a: Garchomp\n|-damage|p1a: Garchomp|55/100\n|-damage|p2a: Excadrill|88/100|[from] ability: Rough Skin|[of] p1a: Garchomp\n|move|p1b: Rotom|Hydro Pump|p2b: Hippowdon\n|-activate|p2b: Hippowdon|move: Protect\n|\n|-weather|Sandstorm|[upkeep]\n|-damage|p1b: Rotom|41/100|[from] Sandstorm\n|-heal|p2b: Hippowdon|35/100|[from] item: Leftovers\n|upkeep\n|turn|4\n|inactive|qweralt has 30 seconds left.\n|\n|t:|1775882478\n|move|p1a: Garchomp|Earthquake|p2a: Excadrill|[spread] p2a,p2b\n|-immune|p1b: Rotom|[from] ability: Levitate\n|-supereffective|p2a: Excadrill|1\n|-damage|p2a: Excadrill|0 fnt\n|-damage|p2b: Hippowdon|4/100\n|faint|p2a: Excadrill\n|move|p1b: Rotom|Hydro Pump|p2b: Hippowdon\n|-supereffective|p2b: Hippowdon|1\n|-damage|p2b: Hippowdon|0 fnt\n|faint|p2b: Hippowdon\n|\n|-weather|Sandstorm|[upkeep]\n|-damage|p1b: Rotom|35/100|[from] Sandstorm\n|-sideend|p1: Cabin6|move: Tailwind\n|upkeep\n|\n|t:|1775882486\n|switch|p2a: Sinistcha|Sinistcha-Masterpiece, L50|100/100\n|turn|5\n|\n|t:|1775882496\n|move|p1a: Garchomp|Protect|p1a: Garchomp\n|-singleturn|p1a: Garchomp|Protect\n|move|p1b: Rotom|Volt Switch|p2a: Sinistcha\n|-resisted|p2a: Sinistcha|1\n|-damage|p2a: Sinistcha|80/100\n|\n|t:|1775882503\n|switch|p1b: Talonflame|Talonflame, L50, M|95/100|[from] Volt Switch\n|move|p2a: Sinistcha|Trick Room|p2a: Sinistcha\n|-fieldstart|move: Trick Room|[of] p2a: Sinistcha\n|\n|-weather|none\n|upkeep\n|turn|6\n|\n|t:|1775882518\n|move|p2a: Sinistcha|Matcha Gotcha|p1b: Talonflame|[spread] p1a\n|-miss|p2a: Sinistcha|p1b: Talonflame\n|-damage|p1a: Garchomp|28/100\n|-heal|p2a: Sinistcha|94/100|[from] drain|[of] p1a: Garchomp\n|move|p1a: Garchomp|Stomping Tantrum|p2a: Sinistcha\n|-resisted|p2a: Sinistcha|1\n|-damage|p2a: Sinistcha|76/100\n|move|p1b: Talonflame|Flare Blitz|p2a: Sinistcha\n|-supereffective|p2a: Sinistcha|1\n|-enditem|p2a: Sinistcha|Occa Berry|[eat]\n|-enditem|p2a: Sinistcha|Occa Berry|[weaken]\n|-damage|p2a: Sinistcha|40/100\n|-damage|p1b: Talonflame|81/100|[from] Recoil\n|\n|upkeep\n|turn|7\n|\n|t:|1775882536\n|switch|p1a: Floette|Floette-Eternal, L50, F|76/100\n|move|p2a: Sinistcha|Strength Sap|p1b: Talonflame\n|-unboost|p1b: Talonflame|atk|1\n|-heal|p2a: Sinistcha|100/100\n|move|p1b: Talonflame|Acrobatics|p2a: Sinistcha\n|-supereffective|p2a: Sinistcha|1\n|-damage|p2a: Sinistcha|59/100\n|\n|upkeep\n|turn|8\n|\n|t:|1775882555\n|switch|p1b: Rotom|Rotom-Wash, L50|35/100\n|detailschange|p1a: Floette|Floette-Mega, L50, F\n|-mega|p1a: Floette|Floette|Floettite\n|-ability|p1a: Floette|Fairy Aura\n|move|p2a: Sinistcha|Matcha Gotcha|p1a: Floette|[spread] p1a,p1b\n|-supereffective|p1b: Rotom|1\n|-damage|p1a: Floette|60/100\n|-heal|p2a: Sinistcha|67/100|[from] drain|[of] p1a: Floette\n|-damage|p1b: Rotom|0 fnt\n|-heal|p2a: Sinistcha|82/100|[from] drain|[of] p1b: Rotom\n|faint|p1b: Rotom\n|move|p1a: Floette|Calm Mind|p1a: Floette\n|-boost|p1a: Floette|spa|1\n|-boost|p1a: Floette|spd|1\n|\n|upkeep\n|\n|t:|1775882572\n|switch|p1b: Garchomp|Garchomp, L50, M|28/100\n|turn|9\n|\n|t:|1775882582\n|move|p2a: Sinistcha|Matcha Gotcha|p1a: Floette|[spread] p1a,p1b\n|-damage|p1a: Floette|49/100\n|-heal|p2a: Sinistcha|88/100|[from] drain|[of] p1a: Floette\n|-damage|p1b: Garchomp|3/100\n|-heal|p2a: Sinistcha|100/100|[from] drain|[of] p1b: Garchomp\n|-status|p1b: Garchomp|brn\n|move|p1a: Floette|Moonblast|p2a: Sinistcha\n|-damage|p2a: Sinistcha|0 fnt\n|faint|p2a: Sinistcha\n|\n|win|Cabin6\n|raw|Cabin6's rating: 1045 &rarr; <strong>1079</strong><br />(+34 for winning)\n|raw|qweralt's rating: 1056 &rarr; <strong>1037</strong><br />(-19 for losing)\n",
  "uploadtime": 1775882584,
  "views": 20,
  "formatid": "gen9championsvgc2026regma",
  "rating": 1037,
  "private": 0,
  "password": null
}