{
  "id": "gen9championsvgc2026regma-2586403267",
  "format": "[Gen 9 Champions] VGC 2026 Reg M-A",
  "players": [
    "reggie1000",
    "VK1824"
  ],
  "log": "|j|\u2606reggie1000\n|j|\u2606VK1824\n|t:|1776432193\n|gametype|doubles\n|player|p1|reggie1000|265|1130\n|player|p2|VK1824|169|1050\n|gen|9\n|tier|[Gen 9 Champions] VGC 2026 Reg M-A\n|rated|\n|rule|Species Clause: Limit one of each Pok\u00e9mon\n|rule|Item Clause: Limit 1 of each item\n|clearpoke\n|poke|p1|Scovillain, L50, M|\n|poke|p1|Dragapult, L50, F|\n|poke|p1|Sinistcha-Masterpiece, L50|\n|poke|p1|Tauros-Paldea-Aqua, L50, M|\n|poke|p1|Talonflame, L50, F|\n|poke|p1|Farigiraf, L50, M|\n|poke|p2|Meganium, L50, F|\n|poke|p2|Aerodactyl, L50, F|\n|poke|p2|Typhlosion-Hisui, L50, M|\n|poke|p2|Archaludon, L50, F|\n|poke|p2|Kangaskhan, L50, F|\n|poke|p2|Tauros-Paldea-Aqua, L50, M|\n|teampreview|4\n|c|\u2606reggie1000|man here I thought i'd be original with tauros aqua\n|c|\u2606reggie1000|first game I encounter another one\n|\n|t:|1776432249\n|teamsize|p1|4\n|teamsize|p2|4\n|start\n|switch|p1a: Can't touch this|Scovillain, L50, M|100/100\n|switch|p1b: Have my babies|Dragapult, L50, F|100/100\n|switch|p2a: Aerodactyl|Aerodactyl, L50, F|100/100\n|switch|p2b: Kangaskhan|Kangaskhan, L50, F|100/100\n|-ability|p2a: Aerodactyl|Unnerve\n|turn|1\n|\n|t:|1776432273\n|move|p1a: Can't touch this|Protect|p1a: Can't touch this\n|-singleturn|p1a: Can't touch this|Protect\n|move|p2b: Kangaskhan|Fake Out|p1a: Can't touch this\n|-activate|p1a: Can't touch this|move: Protect\n|move|p1b: Have my babies|Reflect|p1b: Have my babies\n|-sidestart|p1: reggie1000|Reflect\n|move|p2a: Aerodactyl|Tailwind|p2a: Aerodactyl\n|-sidestart|p2: VK1824|move: Tailwind\n|\n|-ability|p1a: Can't touch this|Moody|boost\n|-boost|p1a: Can't touch this|def|2\n|-unboost|p1a: Can't touch this|atk|1\n|upkeep\n|turn|2\n|\n|t:|1776432295\n|detailschange|p1a: Can't touch this|Scovillain-Mega, L50, M\n|-mega|p1a: Can't touch this|Scovillain|Scovillainite\n|move|p2b: Kangaskhan|Sucker Punch|p1b: Have my babies\n|-supereffective|p1b: Have my babies|1\n|-damage|p1b: Have my babies|66/100\n|move|p2a: Aerodactyl|Dual Wingbeat|p1a: Can't touch this\n|-supereffective|p1a: Can't touch this|1\n|-damage|p1a: Can't touch this|87/100\n|-status|p2a: Aerodactyl|brn|[from] ability: Spicy Spray|[of] p1a: Can't touch this\n|-supereffective|p1a: Can't touch this|1\n|-damage|p1a: Can't touch this|80/100\n|-hitcount|p1a: Can't touch this|2\n|move|p1b: Have my babies|Dragon Darts|p2b: Kangaskhan\n|-damage|p2b: Kangaskhan|78/100\n|-anim|p1b: Have my babies|Dragon Darts|p2a: Aerodactyl\n|-damage|p2a: Aerodactyl|76/100 brn\n|move|p1a: Can't touch this|Leech Seed|p2b: Kangaskhan\n|-start|p2b: Kangaskhan|move: Leech Seed\n|\n|-damage|p2b: Kangaskhan|66/100|[from] Leech Seed|[of] p1a: Can't touch this\n|-heal|p1a: Can't touch this|95/100|[silent]\n|-damage|p2a: Aerodactyl|71/100 brn|[from] brn\n|upkeep\n|turn|3\n|\n|t:|1776432337\n|move|p2a: Aerodactyl|Protect|p2a: Aerodactyl\n|-singleturn|p2a: Aerodactyl|Protect\n|move|p2b: Kangaskhan|Double-Edge|p1a: Can't touch this\n|-damage|p1a: Can't touch this|75/100\n|-status|p2b: Kangaskhan|brn|[from] ability: Spicy Spray|[of] p1a: Can't touch this\n|-damage|p2b: Kangaskhan|60/100 brn|[from] Recoil\n|move|p1b: Have my babies|Reflect||[still]\n|-fail|p1b: Have my babies\n|move|p1a: Can't touch this|Leech Seed|p2a: Aerodactyl\n|-activate|p2a: Aerodactyl|move: Protect\n|\n|-damage|p2b: Kangaskhan|48/100 brn|[from] Leech Seed|[of] p1a: Can't touch this\n|-heal|p1a: Can't touch this|90/100|[silent]\n|-damage|p2a: Aerodactyl|65/100 brn|[from] brn\n|-damage|p2b: Kangaskhan|42/100 brn|[from] brn\n|upkeep\n|turn|4\n|\n|t:|1776432363\n|switch|p2b: Typhlosion|Typhlosion-Hisui, L50, M|100/100\n|-item|p1a: Can't touch this|Scovillainite|[from] ability: Frisk|[of] p2b: Typhlosion\n|-item|p1b: Have my babies|Focus Sash|[from] ability: Frisk|[of] p2b: Typhlosion\n|move|p2a: Aerodactyl|Rock Slide|p1b: Have my babies|[spread] p1a,p1b\n|-supereffective|p1a: Can't touch this|1\n|-damage|p1a: Can't touch this|82/100\n|-damage|p1b: Have my babies|57/100\n|move|p1b: Have my babies|Light Screen|p1b: Have my babies\n|-sidestart|p1: reggie1000|move: Light Screen\n|move|p1a: Can't touch this|Leech Seed|p2a: Aerodactyl\n|-start|p2a: Aerodactyl|move: Leech Seed\n|\n|-damage|p2a: Aerodactyl|52/100 brn|[from] Leech Seed|[of] p1a: Can't touch this\n|-heal|p1a: Can't touch this|95/100|[silent]\n|-damage|p2a: Aerodactyl|46/100 brn|[from] brn\n|-sideend|p2: VK1824|move: Tailwind\n|upkeep\n|turn|5\n|\n|t:|1776432388\n|move|p1a: Can't touch this|Protect|p1a: Can't touch this\n|-singleturn|p1a: Can't touch this|Protect\n|move|p1b: Have my babies|Disable||[still]\n|-fail|p1b: Have my babies\n|move|p2b: Typhlosion|Eruption|p1a: Can't touch this|[spread] p1b\n|-activate|p1a: Can't touch this|move: Protect\n|-resisted|p1b: Have my babies|1\n|-damage|p1b: Have my babies|38/100\n|move|p2a: Aerodactyl|Tailwind|p2a: Aerodactyl\n|-sidestart|p2: VK1824|move: Tailwind\n|\n|-damage|p2a: Aerodactyl|34/100 brn|[from] Leech Seed|[of] p1a: Can't touch this\n|-heal|p1a: Can't touch this|100/100|[silent]\n|-damage|p2a: Aerodactyl|28/100 brn|[from] brn\n|-sideend|p1: reggie1000|Reflect\n|upkeep\n|turn|6\n|\n|t:|1776432415\n|move|p2b: Typhlosion|Eruption|p1a: Can't touch this|[spread] p1a,p1b\n|-resisted|p1b: Have my babies|1\n|-damage|p1a: Can't touch this|69/100\n|-damage|p1b: Have my babies|16/100\n|-immune|p2b: Typhlosion\n|move|p2a: Aerodactyl|Rock Slide|p1a: Can't touch this|[spread] p1a,p1b\n|-supereffective|p1a: Can't touch this|1\n|-damage|p1a: Can't touch this|56/100\n|-damage|p1b: Have my babies|3/100\n|move|p1b: Have my babies|Reflect|p1b: Have my babies\n|-sidestart|p1: reggie1000|Reflect\n|move|p1a: Can't touch this|Leech Seed|p2b: Typhlosion\n|-start|p2b: Typhlosion|move: Leech Seed\n|\n|-damage|p2b: Typhlosion|88/100|[from] Leech Seed|[of] p1a: Can't touch this\n|-heal|p1a: Can't touch this|69/100|[silent]\n|-damage|p2a: Aerodactyl|16/100 brn|[from] Leech Seed|[of] p1a: Can't touch this\n|-heal|p1a: Can't touch this|82/100|[silent]\n|-damage|p2a: Aerodactyl|10/100 brn|[from] brn\n|upkeep\n|turn|7\n|\n|t:|1776432437\n|switch|p1b: That's the tea|Sinistcha-Masterpiece, L50|100/100\n|-heal|p1a: Can't touch this|100/100|[from] ability: Hospitality|[of] p1b: That's the tea\n|move|p2b: Typhlosion|Eruption|p1b: That's the tea|[spread] p1a,p1b\n|-supereffective|p1b: That's the tea|1\n|-damage|p1a: Can't touch this|73/100\n|-damage|p1b: That's the tea|26/100\n|-immune|p2b: Typhlosion\n|move|p2a: Aerodactyl|Rock Slide|p1a: Can't touch this|[spread] p1b\n|-miss|p2a: Aerodactyl|p1a: Can't touch this\n|-damage|p1b: That's the tea|20/100\n|move|p1a: Can't touch this|Giga Drain|p2b: Typhlosion\n|-resisted|p2b: Typhlosion|1\n|-damage|p2b: Typhlosion|68/100\n|-heal|p1a: Can't touch this|84/100|[from] drain|[of] p2b: Typhlosion\n|\n|-damage|p2b: Typhlosion|56/100|[from] Leech Seed|[of] p1a: Can't touch this\n|-heal|p1a: Can't touch this|96/100|[silent]\n|-damage|p2a: Aerodactyl|0 fnt|[from] Leech Seed|[of] p1a: Can't touch this\n|-heal|p1a: Can't touch this|100/100|[silent]\n|faint|p2a: Aerodactyl\n|upkeep\n|-enditem|p1b: That's the tea|Sitrus Berry|[eat]\n|-heal|p1b: That's the tea|45/100|[from] item: Sitrus Berry\n|\n|t:|1776432467\n|switch|p2a: Kangaskhan|Kangaskhan, L50, F|42/100 brn\n|turn|8\n|\n|t:|1776432493\n|move|p1b: That's the tea|Protect|p1b: That's the tea\n|-singleturn|p1b: That's the tea|Protect\n|move|p2a: Kangaskhan|Fake Out|p1a: Can't touch this\n|-damage|p1a: Can't touch this|97/100\n|move|p2b: Typhlosion|Eruption|p1a: Can't touch this|[spread] p1a\n|-activate|p1b: That's the tea|move: Protect\n|-damage|p1a: Can't touch this|80/100\n|-immune|p2b: Typhlosion\n|cant|p1a: Can't touch this|flinch\n|\n|-damage|p2b: Typhlosion|44/100|[from] Leech Seed|[of] p1a: Can't touch this\n|-heal|p1a: Can't touch this|93/100|[silent]\n|-damage|p2a: Kangaskhan|35/100 brn|[from] brn\n|-sideend|p1: reggie1000|move: Light Screen\n|-sideend|p2: VK1824|move: Tailwind\n|upkeep\n|turn|9\n|\n|t:|1776432514\n|switch|p2b: Meganium|Meganium, L50, F|100/100\n|switch|p1b: Load of bull|Tauros-Paldea-Aqua, L50, M|100/100\n|-ability|p1b: Load of bull|Intimidate|boost\n|-fail|p2a: Kangaskhan|unboost|Attack|[from] ability: Inner Focus|[of] p2a: Kangaskhan\n|-unboost|p2b: Meganium|atk|1\n|move|p2a: Kangaskhan|Sucker Punch||[still]\n|-fail|p2a: Kangaskhan\n|move|p1a: Can't touch this|Leech Seed|p2a: Kangaskhan\n|-start|p2a: Kangaskhan|move: Leech Seed\n|\n|-damage|p2a: Kangaskhan|23/100 brn|[from] Leech Seed|[of] p1a: Can't touch this\n|-heal|p1a: Can't touch this|100/100|[silent]\n|-damage|p2a: Kangaskhan|17/100 brn|[from] brn\n|upkeep\n|turn|10\n|\n|t:|1776432544\n|switch|p1b: That's the tea|Sinistcha-Masterpiece, L50|45/100\n|detailschange|p2b: Meganium|Meganium-Mega, L50, F\n|-mega|p2b: Meganium|Meganium|Meganiumite\n|move|p2a: Kangaskhan|Low Kick|p1b: That's the tea\n|-immune|p1b: That's the tea\n|move|p2b: Meganium|Solar Beam||[still]\n|-prepare|p2b: Meganium|Solar Beam\n|-activate|p2b: Meganium|ability: Mega Sol\n|-anim|p2b: Meganium|Solar Beam|p1b: That's the tea\n|-resisted|p1b: That's the tea|1\n|-damage|p1b: That's the tea|0 fnt\n|faint|p1b: That's the tea\n|move|p1a: Can't touch this|Flamethrower|p2b: Meganium\n|-supereffective|p2b: Meganium|1\n|-damage|p2b: Meganium|33/100\n|\n|-damage|p2a: Kangaskhan|5/100 brn|[from] Leech Seed|[of] p1a: Can't touch this\n|-damage|p2a: Kangaskhan|0 fnt|[from] brn\n|faint|p2a: Kangaskhan\n|-sideend|p1: reggie1000|Reflect\n|upkeep\n|\n|t:|1776432562\n|switch|p2a: Typhlosion|Typhlosion-Hisui, L50, M|44/100\n|switch|p1b: Have my babies|Dragapult, L50, F|3/100\n|-item|p1a: Can't touch this|Scovillainite|[from] ability: Frisk|[of] p2a: Typhlosion\n|-item|p1b: Have my babies|Focus Sash|[from] ability: Frisk|[of] p2a: Typhlosion\n|turn|11\n|\n|t:|1776432591\n|move|p1b: Have my babies|Light Screen|p1b: Have my babies\n|-sidestart|p1: reggie1000|move: Light Screen\n|move|p2a: Typhlosion|Extrasensory|p1a: Can't touch this\n|-damage|p1a: Can't touch this|87/100\n|-immune|p2a: Typhlosion\n|move|p2b: Meganium|Dazzling Gleam|p1a: Can't touch this|[spread] p1a,p1b\n|-resisted|p1a: Can't touch this|1\n|-supereffective|p1b: Have my babies|1\n|-damage|p1a: Can't touch this|77/100\n|-damage|p1b: Have my babies|0 fnt\n|-status|p2b: Meganium|brn|[from] ability: Spicy Spray|[of] p1a: Can't touch this\n|faint|p1b: Have my babies\n|move|p1a: Can't touch this|Flamethrower|p2b: Meganium\n|-supereffective|p2b: Meganium|1\n|-damage|p2b: Meganium|0 fnt\n|faint|p2b: Meganium\n|\n|upkeep\n|\n|t:|1776432603\n|switch|p1b: Load of bull|Tauros-Paldea-Aqua, L50, M|100/100\n|-ability|p1b: Load of bull|Intimidate|boost\n|-unboost|p2a: Typhlosion|atk|1\n|turn|12\n|\n|t:|1776432609\n|move|p1b: Load of bull|Wave Crash|p2a: Typhlosion\n|-supereffective|p2a: Typhlosion|1\n|-damage|p2a: Typhlosion|0 fnt\n|faint|p2a: Typhlosion\n|-damage|p1b: Load of bull|84/100|[from] Recoil\n|\n|win|reggie1000\n|raw|reggie1000's rating: 1130 &rarr; <strong>1149</strong><br />(+19 for winning)\n|raw|VK1824's rating: 1050 &rarr; <strong>1036</strong><br />(-14 for losing)\n|c|\u2606reggie1000|gg\n",
  "uploadtime": 1776432614,
  "views": 32,
  "formatid": "gen9championsvgc2026regma",
  "rating": 1036,
  "private": 0,
  "password": null
}