{
  "id": "gen9championsvgc2026regma-2587828078",
  "format": "[Gen 9 Champions] VGC 2026 Reg M-A",
  "players": [
    "MightyTaggart",
    "BossgodoraII"
  ],
  "log": "|j|\u2606MightyTaggart\n|j|\u2606BossgodoraII\n|t:|1776568148\n|gametype|doubles\n|player|p1|MightyTaggart|artist-gen4|1420\n|player|p2|BossgodoraII|gentleman-gen4|1496\n|gen|9\n|tier|[Gen 9 Champions] VGC 2026 Reg M-A\n|rated|\n|rule|Species Clause: Limit one of each Pok\u00e9mon\n|rule|Item Clause: Limit 1 of each item\n|clearpoke\n|poke|p1|Scovillain, L50, F|\n|poke|p1|Sneasler, L50, M|\n|poke|p1|Primarina, L50, M|\n|poke|p1|Sinistcha, L50|\n|poke|p1|Aerodactyl, L50, F|\n|poke|p1|Tyranitar, L50, M|\n|poke|p2|Delphox, L50, M|\n|poke|p2|Floette-Eternal, L50, F|\n|poke|p2|Sneasler, L50, F|\n|poke|p2|Aerodactyl, L50, M|\n|poke|p2|Garchomp, L50, F|\n|poke|p2|Kingambit, L50, F|\n|teampreview|4\nBossgodoraII rejected open team sheets.\n|inactive|Battle timer is ON: inactive players will automatically lose when time's up. (requested by BossgodoraII)\n|inactive|BossgodoraII has 60 seconds left.\n|\n|t:|1776568184\n|teamsize|p1|4\n|teamsize|p2|4\n|start\n|switch|p1a: Scovillain|Scovillain, L50, F|100/100\n|switch|p1b: Primarina|Primarina, L50, M|100/100\n|switch|p2a: Delphox|Delphox, L50, M|100/100\n|switch|p2b: Sneasler|Sneasler, L50, F|100/100\n|turn|1\n|inactive|BossgodoraII has 30 seconds left.\n|\n|t:|1776568210\n|detailschange|p2a: Delphox|Delphox-Mega, L50, M\n|-mega|p2a: Delphox|Delphox|Delphoxite\n|move|p1a: Scovillain|Protect|p1a: Scovillain\n|-singleturn|p1a: Scovillain|Protect\n|move|p1b: Primarina|Protect|p1b: Primarina\n|-singleturn|p1b: Primarina|Protect\n|move|p2b: Sneasler|Fake Out|p1b: Primarina\n|-activate|p1b: Primarina|move: Protect\n|move|p2a: Delphox|Flamethrower|p1a: Scovillain\n|-activate|p1a: Scovillain|move: Protect\n|\n|-ability|p1a: Scovillain|Moody|boost\n|-boost|p1a: Scovillain|spd|2\n|-unboost|p1a: Scovillain|spa|1\n|upkeep\n|turn|2\n|\n|t:|1776568225\n|detailschange|p1a: Scovillain|Scovillain-Mega, L50, F\n|-mega|p1a: Scovillain|Scovillain|Scovillainite\n|move|p1a: Scovillain|Rage Powder|p1a: Scovillain\n|-singleturn|p1a: Scovillain|move: Rage Powder\n|move|p2a: Delphox|Psychic|p1a: Scovillain\n|-damage|p1a: Scovillain|76/100\n|-immune|p2a: Delphox\n|move|p2b: Sneasler|Dire Claw|p1a: Scovillain\n|-supereffective|p1a: Scovillain|1\n|-damage|p1a: Scovillain|0 fnt\n|-status|p2b: Sneasler|brn|[from] ability: Spicy Spray|[of] p1a: Scovillain\n|faint|p1a: Scovillain\n|move|p1b: Primarina|Calm Mind|p1b: Primarina\n|-boost|p1b: Primarina|spa|1\n|-boost|p1b: Primarina|spd|1\n|\n|-damage|p2b: Sneasler|95/100 brn|[from] brn\n|upkeep\n|\n|t:|1776568241\n|switch|p1a: Sneasler|Sneasler, L50, M|100/100\n|turn|3\n|\n|t:|1776568251\n|move|p2a: Delphox|Protect|p2a: Delphox\n|-singleturn|p2a: Delphox|Protect\n|move|p1a: Sneasler|Fake Out|p2b: Sneasler\n|-damage|p2b: Sneasler|71/100 brn\n|cant|p2b: Sneasler|flinch\n|move|p1b: Primarina|Hyper Voice|p2b: Sneasler|[spread] p2b\n|-activate|p2a: Delphox|move: Protect\n|-damage|p2b: Sneasler|8/100 brn\n|\n|-damage|p2b: Sneasler|2/100 brn|[from] brn\n|upkeep\n|turn|4\n|\n|t:|1776568264\n|move|p1a: Sneasler|Protect|p1a: Sneasler\n|-singleturn|p1a: Sneasler|Protect\n|move|p1b: Primarina|Protect|p1b: Primarina\n|-singleturn|p1b: Primarina|Protect\n|move|p2a: Delphox|Psychic|p1a: Sneasler\n|-activate|p1a: Sneasler|move: Protect\n|move|p2b: Sneasler|Dire Claw|p1b: Primarina\n|-activate|p1b: Primarina|move: Protect\n|\n|-damage|p2b: Sneasler|0 fnt|[from] brn\n|faint|p2b: Sneasler\n|upkeep\n|\n|t:|1776568275\n|switch|p2b: Aerodactyl|Aerodactyl, L50, M|100/100\n|-ability|p2b: Aerodactyl|Unnerve\n|turn|5\n|\n|t:|1776568291\n|switch|p1a: Sinistcha|Sinistcha, L50|100/100\n|move|p2a: Delphox|Psychic|p1b: Primarina\n|-damage|p1b: Primarina|73/100\n|move|p2b: Aerodactyl|Rock Slide|p1a: Sinistcha|[spread] p1a,p1b\n|-damage|p1a: Sinistcha|81/100\n|-damage|p1b: Primarina|41/100\n|move|p1b: Primarina|Hyper Voice|p2a: Delphox|[spread] p2a,p2b\n|-supereffective|p2a: Delphox|1\n|-supereffective|p2b: Aerodactyl|1\n|-damage|p2a: Delphox|7/100\n|-enditem|p2b: Aerodactyl|Focus Sash\n|-damage|p2b: Aerodactyl|1/100\n|\n|-heal|p1b: Primarina|48/100|[from] item: Leftovers\n|upkeep\n|turn|6\n|\n|t:|1776568315\n|move|p1b: Primarina|Protect|p1b: Primarina\n|-singleturn|p1b: Primarina|Protect\n|move|p2a: Delphox|Flamethrower|p1a: Sinistcha\n|-supereffective|p1a: Sinistcha|1\n|-damage|p1a: Sinistcha|0 fnt\n|faint|p1a: Sinistcha\n|move|p2b: Aerodactyl|Dual Wingbeat|p1b: Primarina\n|-activate|p1b: Primarina|move: Protect\n|\n|-heal|p1b: Primarina|54/100|[from] item: Leftovers\n|upkeep\n|\n|t:|1776568326\n|switch|p1a: Sneasler|Sneasler, L50, M|100/100\n|turn|7\n|\n|t:|1776568333\n|move|p2a: Delphox|Protect|p2a: Delphox\n|-singleturn|p2a: Delphox|Protect\n|move|p2b: Aerodactyl|Protect|p2b: Aerodactyl\n|-singleturn|p2b: Aerodactyl|Protect\n|move|p1a: Sneasler|Fake Out|p2b: Aerodactyl\n|-activate|p2b: Aerodactyl|move: Protect\n|move|p1b: Primarina|Calm Mind|p1b: Primarina\n|-boost|p1b: Primarina|spa|1\n|-boost|p1b: Primarina|spd|1\n|\n|-heal|p1b: Primarina|60/100|[from] item: Leftovers\n|upkeep\n|turn|8\n|inactive|BossgodoraII has 30 seconds left.\n|\n|t:|1776568362\n|move|p1a: Sneasler|Protect|p1a: Sneasler\n|-singleturn|p1a: Sneasler|Protect\n|move|p2a: Delphox|Psychic|p1a: Sneasler\n|-activate|p1a: Sneasler|move: Protect\n|move|p2b: Aerodactyl|Rock Slide|p1a: Sneasler|[spread] p1b\n|-activate|p1a: Sneasler|move: Protect\n|-damage|p1b: Primarina|27/100\n|move|p1b: Primarina|Hyper Voice|p2a: Delphox|[spread] p2a,p2b\n|-supereffective|p2a: Delphox|1\n|-supereffective|p2b: Aerodactyl|1\n|-damage|p2a: Delphox|0 fnt\n|-damage|p2b: Aerodactyl|0 fnt\n|faint|p2a: Delphox\n|faint|p2b: Aerodactyl\n|\n|-heal|p1b: Primarina|33/100|[from] item: Leftovers\n|upkeep\n|\n|t:|1776568367\n|switch|p2b: Garchomp|Garchomp, L50, F|100/100\n|turn|9\n|j| sammap\n|inactive|MightyTaggart has 30 seconds left.\n|\n|t:|1776568395\n|move|p1a: Sneasler|Close Combat|p2b: Garchomp\n|-damage|p2b: Garchomp|32/100\n|-unboost|p1a: Sneasler|def|1\n|-unboost|p1a: Sneasler|spd|1\n|-damage|p1a: Sneasler|88/100|[from] ability: Rough Skin|[of] p2b: Garchomp\n|-enditem|p1a: Sneasler|White Herb\n|-clearnegativeboost|p1a: Sneasler|[silent]\n|move|p2b: Garchomp|Earthquake|p1b: Primarina|[spread] p1a,p1b\n|-supereffective|p1a: Sneasler|1\n|-damage|p1a: Sneasler|0 fnt\n|-damage|p1b: Primarina|0 fnt\n|faint|p1a: Sneasler\n|faint|p1b: Primarina\n|\n|win|BossgodoraII\n|raw|MightyTaggart's rating: 1420 &rarr; <strong>1404</strong><br />(-16 for losing)\n|raw|BossgodoraII's rating: 1496 &rarr; <strong>1512</strong><br />(+16 for winning)\n|c|\u2606BossgodoraII|gg\n|c|\u2606MightyTaggart|gg\n",
  "uploadtime": 1776568405,
  "views": 40,
  "formatid": "gen9championsvgc2026regma",
  "rating": 1404,
  "private": 0,
  "password": null
}