{
  "id": "gen9championsvgc2026regma-2588317897",
  "format": "[Gen 9 Champions] VGC 2026 Reg M-A",
  "players": [
    "PyrOH3nS",
    "silverland71429"
  ],
  "log": "|j|\u2606PyrOH3nS\n|j|\u2606silverland71429\n|t:|1776623638\n|gametype|doubles\n|player|p1|PyrOH3nS|dawn-gen4pt|1434\n|player|p2|silverland71429|169|1487\n|gen|9\n|tier|[Gen 9 Champions] VGC 2026 Reg M-A\n|rated|\n|rule|Species Clause: Limit one of each Pok\u00e9mon\n|rule|Item Clause: Limit 1 of each item\n|clearpoke\n|poke|p1|Kingambit, L50, M|\n|poke|p1|Gallade, L50, M|\n|poke|p1|Aerodactyl, L50, F|\n|poke|p1|Maushold, L50|\n|poke|p1|Aegislash, L50, M|\n|poke|p1|Rotom-Wash, L50|\n|poke|p2|Snorlax, L50, M|\n|poke|p2|Oranguru, L50, F|\n|poke|p2|Sinistcha, L50|\n|poke|p2|Meganium, L50, F|\n|poke|p2|Hawlucha, L50, M|\n|poke|p2|Rhyperior, L50, M|\n|teampreview|4\n|\n|t:|1776623685\n|teamsize|p1|4\n|teamsize|p2|4\n|start\n|switch|p1a: Gallade|Gallade, L50, M|100/100\n|switch|p1b: Aerodactyl|Aerodactyl, L50, F|100/100\n|switch|p2a: Snorlax|Snorlax, L50, M|100/100\n|switch|p2b: Hawlucha|Hawlucha, L50, M|100/100\n|-ability|p1b: Aerodactyl|Unnerve\n|turn|1\n|\n|t:|1776623708\n|detailschange|p2b: Hawlucha|Hawlucha-Mega, L50, M\n|-mega|p2b: Hawlucha|Hawlucha|Hawluchanite\n|detailschange|p1a: Gallade|Gallade-Mega, L50, M\n|-mega|p1a: Gallade|Gallade|Galladite\n|move|p1b: Aerodactyl|Tailwind|p1b: Aerodactyl\n|-sidestart|p1: PyrOH3nS|move: Tailwind\n|move|p1a: Gallade|Bulk Up|p1a: Gallade\n|-boost|p1a: Gallade|atk|1\n|-boost|p1a: Gallade|def|1\n|move|p2b: Hawlucha|Entrainment|p2a: Snorlax\n|-ability|p2a: Snorlax|No Guard|Thick Fat|[from] move: Entrainment|[of] p2b: Hawlucha\n|move|p2a: Snorlax|Fissure|p1a: Gallade\n|-damage|p1a: Gallade|0 fnt\n|faint|p1a: Gallade\n|-ohko\n|\n|upkeep\n|c|\u2606PyrOH3nS|nice creativity. :D\n|\n|t:|1776623747\n|switch|p1a: Aegislash|Aegislash, L50, M|100/100\n|turn|2\n|\n|t:|1776623758\n|move|p1b: Aerodactyl|Rock Slide|p2a: Snorlax|[spread] p2a,p2b\n|-damage|p2a: Snorlax|84/100\n|-damage|p2b: Hawlucha|76/100\n|cant|p2b: Hawlucha|flinch\n|-formechange|p1a: Aegislash|Aegislash-Blade|\n|move|p1a: Aegislash|Poltergeist|p2b: Hawlucha\n|-activate|p2b: Hawlucha|move: Poltergeist|Hawluchanite\n|-damage|p2b: Hawlucha|0 fnt\n|faint|p2b: Hawlucha\n|cant|p2a: Snorlax|flinch\n|\n|-heal|p2a: Snorlax|90/100|[from] item: Leftovers\n|upkeep\n|\n|t:|1776623770\n|switch|p2b: Oranguru|Oranguru, L50, F|100/100\n|turn|3\n|\n|t:|1776623777\n|move|p1b: Aerodactyl|Taunt|p2b: Oranguru\n|-start|p2b: Oranguru|move: Taunt\n|-enditem|p2b: Oranguru|Mental Herb\n|-end|p2b: Oranguru|move: Taunt\n|move|p1a: Aegislash|Iron Head|p2a: Snorlax\n|-damage|p2a: Snorlax|58/100\n|move|p2b: Oranguru|Gravity|p2b: Oranguru\n|-fieldstart|move: Gravity\n|move|p2a: Snorlax|Fissure|p1b: Aerodactyl\n|-enditem|p1b: Aerodactyl|Focus Sash\n|-damage|p1b: Aerodactyl|1/100\n|\n|-heal|p2a: Snorlax|64/100|[from] item: Leftovers\n|upkeep\n|turn|4\n|\n|t:|1776623794\n|move|p2a: Snorlax|Protect|p2a: Snorlax\n|-singleturn|p2a: Snorlax|Protect\n|move|p1b: Aerodactyl|Rock Slide|p2a: Snorlax|[spread] p2b\n|-activate|p2a: Snorlax|move: Protect\n|-damage|p2b: Oranguru|81/100\n|move|p1a: Aegislash|Iron Head|p2a: Snorlax\n|-activate|p2a: Snorlax|move: Protect\n|move|p2b: Oranguru|Trick Room|p2b: Oranguru\n|-fieldstart|move: Trick Room|[of] p2b: Oranguru\n|\n|-heal|p2a: Snorlax|70/100|[from] item: Leftovers\n|-sideend|p1: PyrOH3nS|move: Tailwind\n|upkeep\n|turn|5\n|-message|PyrOH3nS forfeited.\n|\n|win|silverland71429\n|raw|PyrOH3nS's rating: 1434 &rarr; <strong>1417</strong><br />(-17 for losing)\n|raw|silverland71429's rating: 1487 &rarr; <strong>1504</strong><br />(+17 for winning)\n|l|\u2606PyrOH3nS\n|player|p1|\n|l|\u2606silverland71429\n|player|p2|\n",
  "uploadtime": 1776623923,
  "views": 10,
  "formatid": "gen9championsvgc2026regma",
  "rating": 1417,
  "private": 0,
  "password": null
}