{
  "id": "gen9championsvgc2026regma-2585196138",
  "format": "[Gen 9 Champions] VGC 2026 Reg M-A",
  "players": [
    "Ashen206",
    "ChampionsmatchVGC"
  ],
  "log": "|j|\u2606Ashen206\n|j|\u2606ChampionsmatchVGC\n|t:|1776323692\n|gametype|doubles\n|player|p1|Ashen206|cynthia-gen4|1411\n|player|p2|ChampionsmatchVGC|gardenia|1445\n|gen|9\n|tier|[Gen 9 Champions] VGC 2026 Reg M-A\n|rated|\n|rule|Species Clause: Limit one of each Pok\u00e9mon\n|rule|Item Clause: Limit 1 of each item\n|clearpoke\n|poke|p1|Incineroar, L50, M|\n|poke|p1|Gengar, L50, F|\n|poke|p1|Sinistcha, L50|\n|poke|p1|Blastoise, L50, F|\n|poke|p1|Kommo-o, L50, F|\n|poke|p1|Altaria, L50, F|\n|poke|p2|Garchomp, L50, F|\n|poke|p2|Delphox, L50, F|\n|poke|p2|Floette-Eternal, L50, F|\n|poke|p2|Kingambit, L50, M|\n|poke|p2|Basculegion, L50, M|\n|poke|p2|Rotom-Wash, L50|\n|teampreview|4\n|j| maliciousdeez\n|j| fishle\n|\n|t:|1776323742\n|teamsize|p1|4\n|teamsize|p2|4\n|start\n|switch|p1a: Himejoshi<3|Gengar, L50, F, shiny|100/100\n|switch|p1b: Blastoise|Blastoise, L50, F|100/100\n|switch|p2a: Kingambit|Kingambit, L50, M|100/100\n|switch|p2b: Floette|Floette-Eternal, L50, F|100/100\n|turn|1\n|inactive|Battle timer is ON: inactive players will automatically lose when time's up. (requested by Ashen206)\n|j| i am a lock\n|\n|t:|1776323759\n|detailschange|p1a: Himejoshi<3|Gengar-Mega, L50, F, shiny\n|-mega|p1a: Himejoshi<3|Gengar|Gengarite\n|detailschange|p2b: Floette|Floette-Mega, L50, F\n|-mega|p2b: Floette|Floette|Floettite\n|-ability|p2b: Floette|Fairy Aura\n|move|p1b: Blastoise|Fake Out|p2a: Kingambit\n|-resisted|p2a: Kingambit|1\n|-crit|p2a: Kingambit\n|-damage|p2a: Kingambit|96/100\n|move|p1a: Himejoshi<3|Perish Song|p1a: Himejoshi<3\n|-start|p1a: Himejoshi<3|perish3|[silent]\n|-start|p1b: Blastoise|perish3|[silent]\n|-start|p2a: Kingambit|perish3|[silent]\n|-start|p2b: Floette|perish3|[silent]\n|-fieldactivate|move: Perish Song\n|move|p2b: Floette|Dazzling Gleam|p1a: Himejoshi<3|[spread] p1a,p1b\n|-resisted|p1a: Himejoshi<3|1\n|-damage|p1a: Himejoshi<3|75/100\n|-damage|p1b: Blastoise|63/100\n|cant|p2a: Kingambit|flinch\n|\n|-start|p1a: Himejoshi<3|perish3\n|-start|p2b: Floette|perish3\n|-start|p1b: Blastoise|perish3\n|-start|p2a: Kingambit|perish3\n|upkeep\n|turn|2\n|\n|t:|1776323785\n|move|p1a: Himejoshi<3|Protect|p1a: Himejoshi<3\n|-singleturn|p1a: Himejoshi<3|Protect\n|move|p2b: Floette|Draining Kiss|p1b: Blastoise\n|-damage|p1b: Blastoise|32/100\n|move|p1b: Blastoise|Life Dew|p1b: Blastoise|[spread] p1a,p1b\n|-heal|p1a: Himejoshi<3|99/100\n|-heal|p1b: Blastoise|57/100\n|move|p2a: Kingambit|Kowtow Cleave|p1b: Blastoise\n|-damage|p1b: Blastoise|13/100\n|\n|-start|p1a: Himejoshi<3|perish2\n|-start|p2b: Floette|perish2\n|-start|p1b: Blastoise|perish2\n|-start|p2a: Kingambit|perish2\n|upkeep\n|turn|3\n|j| Baby Kunai\n|inactive|Ashen206 has 30 seconds left.\n|\n|t:|1776323819\n|move|p1b: Blastoise|Protect|p1b: Blastoise\n|-singleturn|p1b: Blastoise|Protect\n|move|p1a: Himejoshi<3|Substitute|p1a: Himejoshi<3\n|-start|p1a: Himejoshi<3|Substitute\n|-damage|p1a: Himejoshi<3|75/100\n|move|p2b: Floette|Dazzling Gleam|p1a: Himejoshi<3|[spread] p1a\n|-activate|p1b: Blastoise|move: Protect\n|-resisted|p1a: Himejoshi<3|1\n|-end|p1a: Himejoshi<3|Substitute\n|move|p2a: Kingambit|Kowtow Cleave|p1a: Himejoshi<3\n|-supereffective|p1a: Himejoshi<3|1\n|-damage|p1a: Himejoshi<3|0 fnt\n|faint|p1a: Himejoshi<3\n|\n|-start|p2b: Floette|perish1\n|-start|p1b: Blastoise|perish1\n|-start|p2a: Kingambit|perish1\n|upkeep\n|\n|t:|1776323830\n|switch|p1a: Sinistcha|Sinistcha, L50|100/100\n|-heal|p1b: Blastoise|38/100|[from] ability: Hospitality|[of] p1a: Sinistcha\n|turn|4\n|\n|t:|1776323851\n|switch|p2b: Rotom|Rotom-Wash, L50|100/100\n|switch|p2a: Garchomp|Garchomp, L50, F|100/100\n|move|p1b: Blastoise|Flip Turn|p2b: Rotom\n|-resisted|p2b: Rotom|1\n|-damage|p2b: Rotom|91/100\n|\n|t:|1776323859\n|switch|p1b: Incineroar|Incineroar, L50, M|100/100|[from] Flip Turn\n|-ability|p1b: Incineroar|Intimidate|boost\n|-unboost|p2a: Garchomp|atk|1\n|-unboost|p2b: Rotom|atk|1\n|move|p1a: Sinistcha|Matcha Gotcha|p2b: Rotom|[spread] p2a,p2b\n|-supereffective|p2b: Rotom|1\n|-damage|p2a: Garchomp|78/100\n|-damage|p2b: Rotom|40/100\n|\n|upkeep\n|turn|5\n|j| ArchangelJuicy\n|\n|t:|1776323883\n|move|p1b: Incineroar|Fake Out|p2a: Garchomp\n|-damage|p2a: Garchomp|69/100\n|-damage|p1b: Incineroar|88/100|[from] ability: Rough Skin|[of] p2a: Garchomp\n|move|p2b: Rotom|Hydro Pump|p1b: Incineroar|[miss]\n|-miss|p2b: Rotom|p1b: Incineroar\n|cant|p2a: Garchomp|flinch\n|move|p1a: Sinistcha|Matcha Gotcha|p2a: Garchomp|[spread] p2a,p2b\n|-supereffective|p2b: Rotom|1\n|-damage|p2a: Garchomp|45/100\n|-damage|p2b: Rotom|0 fnt\n|-enditem|p2a: Garchomp|Sitrus Berry|[eat]\n|-heal|p2a: Garchomp|69/100|[from] item: Sitrus Berry\n|faint|p2b: Rotom\n|\n|upkeep\n|\n|t:|1776323906\n|switch|p2b: Floette|Floette-Mega, L50, F|100/100\n|-ability|p2b: Floette|Fairy Aura\n|turn|6\n|\n|t:|1776323923\n|move|p1b: Incineroar|Protect|p1b: Incineroar\n|-singleturn|p1b: Incineroar|Protect\n|move|p2b: Floette|Calm Mind|p2b: Floette\n|-boost|p2b: Floette|spa|1\n|-boost|p2b: Floette|spd|1\n|move|p2a: Garchomp|Stomping Tantrum|p1b: Incineroar\n|-activate|p1b: Incineroar|move: Protect\n|move|p1a: Sinistcha|Matcha Gotcha|p2a: Garchomp|[spread] p2a,p2b\n|-damage|p2a: Garchomp|46/100\n|-damage|p2b: Floette|86/100\n|-status|p2b: Floette|brn\n|\n|-damage|p2b: Floette|80/100 brn|[from] brn\n|upkeep\n|turn|7\n|\n|t:|1776323936\n|move|p1a: Sinistcha|Rage Powder|p1a: Sinistcha\n|-singleturn|p1a: Sinistcha|move: Rage Powder\n|move|p2b: Floette|Dazzling Gleam|p1b: Incineroar|[spread] p1a,p1b\n|-damage|p1a: Sinistcha|42/100\n|-damage|p1b: Incineroar|31/100\n|-enditem|p1a: Sinistcha|Sitrus Berry|[eat]\n|-heal|p1a: Sinistcha|67/100|[from] item: Sitrus Berry\n|move|p2a: Garchomp|Stomping Tantrum|p1a: Sinistcha\n|-resisted|p1a: Sinistcha|1\n|-damage|p1a: Sinistcha|55/100\n|move|p1b: Incineroar|Parting Shot|p2a: Garchomp\n|-unboost|p2a: Garchomp|atk|1\n|-unboost|p2a: Garchomp|spa|1\n|\n|t:|1776323942\n|switch|p1b: Blastoise|Blastoise, L50, F|38/100|[from] Parting Shot\n|\n|-damage|p2b: Floette|74/100 brn|[from] brn\n|upkeep\n|turn|8\n|\n|t:|1776323959\n|switch|p2a: Kingambit|Kingambit, L50, M|96/100\n|move|p1b: Blastoise|Fake Out|p2b: Floette\n|-damage|p2b: Floette|63/100 brn\n|cant|p2b: Floette|flinch\n|move|p1a: Sinistcha|Life Dew|p1a: Sinistcha|[spread] p1a,p1b\n|-heal|p1a: Sinistcha|80/100\n|-heal|p1b: Blastoise|63/100\n|\n|-damage|p2b: Floette|57/100 brn|[from] brn\n|upkeep\n|turn|9\n|\n|t:|1776323981\n|move|p2b: Floette|Draining Kiss|p1a: Sinistcha\n|-damage|p1a: Sinistcha|28/100\n|-heal|p2b: Floette|100/100 brn|[from] drain|[of] p1a: Sinistcha\n|move|p1b: Blastoise|Life Dew|p1b: Blastoise|[spread] p1a,p1b\n|-heal|p1a: Sinistcha|53/100\n|-heal|p1b: Blastoise|89/100\n|move|p1a: Sinistcha|Matcha Gotcha|p2a: Kingambit|[spread] p2a,p2b\n|-resisted|p2a: Kingambit|1\n|-damage|p2a: Kingambit|83/100\n|-heal|p1a: Sinistcha|61/100|[from] drain|[of] p2a: Kingambit\n|-damage|p2b: Floette|86/100 brn\n|-heal|p1a: Sinistcha|67/100|[from] drain|[of] p2b: Floette\n|move|p2a: Kingambit|Kowtow Cleave|p1b: Blastoise\n|-damage|p1b: Blastoise|47/100\n|\n|-damage|p2b: Floette|80/100 brn|[from] brn\n|upkeep\n|turn|10\n|j| Illystar\n|l| Illystar\n|j| Illystar\n|l| Illystar\n|\n|t:|1776323997\n|move|p1a: Sinistcha|Protect|p1a: Sinistcha\n|-singleturn|p1a: Sinistcha|Protect\n|move|p2a: Kingambit|Sucker Punch||[still]\n|-fail|p2a: Kingambit\n|move|p2b: Floette|Draining Kiss|p1a: Sinistcha\n|-activate|p1a: Sinistcha|move: Protect\n|move|p1b: Blastoise|Life Dew|p1b: Blastoise|[spread] p1a,p1b\n|-heal|p1a: Sinistcha|92/100\n|-heal|p1b: Blastoise|72/100\n|\n|-damage|p2b: Floette|74/100 brn|[from] brn\n|upkeep\n|turn|11\n|j| pangpokemon666\n|\n|t:|1776324011\n|move|p2b: Floette|Draining Kiss|p1a: Sinistcha\n|-damage|p1a: Sinistcha|36/100\n|-heal|p2b: Floette|100/100 brn|[from] drain|[of] p1a: Sinistcha\n|move|p1b: Blastoise|Flip Turn|p2b: Floette\n|-damage|p2b: Floette|76/100 brn\n|\n|t:|1776324018\n|switch|p1b: Incineroar|Incineroar, L50, M|31/100|[from] Flip Turn\n|-ability|p1b: Incineroar|Intimidate|boost\n|-unboost|p2a: Kingambit|atk|1\n|-ability|p2a: Kingambit|Defiant|boost\n|-boost|p2a: Kingambit|atk|2\n|-unboost|p2b: Floette|atk|1\n|move|p1a: Sinistcha|Matcha Gotcha|p2b: Floette|[spread] p2b\n|-miss|p1a: Sinistcha|p2a: Kingambit\n|-damage|p2b: Floette|62/100 brn\n|-heal|p1a: Sinistcha|42/100|[from] drain|[of] p2b: Floette\n|move|p2a: Kingambit|Kowtow Cleave|p1a: Sinistcha\n|-supereffective|p1a: Sinistcha|1\n|-damage|p1a: Sinistcha|0 fnt\n|faint|p1a: Sinistcha\n|\n|-damage|p2b: Floette|56/100 brn|[from] brn\n|upkeep\n|\n|t:|1776324019\n|switch|p1a: Blastoise|Blastoise, L50, F|72/100\n|turn|12\n|-message|Ashen206 forfeited.\n|\n|win|ChampionsmatchVGC\n|raw|Ashen206's rating: 1411 &rarr; <strong>1393</strong><br />(-18 for losing)\n|raw|ChampionsmatchVGC's rating: 1445 &rarr; <strong>1463</strong><br />(+18 for winning)\n|l|\u2606Ashen206\n|player|p1|\n|l|\u2606ChampionsmatchVGC\n|player|p2|\n|l| i am a lock\n",
  "uploadtime": 1776324068,
  "views": 49,
  "formatid": "gen9championsvgc2026regma",
  "rating": 1393,
  "private": 0,
  "password": null
}