{
  "id": "gen9championsvgc2026regma-2582272472",
  "format": "[Gen 9 Champions] VGC 2026 Reg M-A",
  "players": [
    "LJJLONGER\u6211\u4e43\u9f99\u5c06\u519b",
    "Ortusemental"
  ],
  "log": "|j|\u2606LJJLONGER\u6211\u4e43\u9f99\u5c06\u519b\n|j|\u2606Ortusemental\n|t:|1776078503\n|gametype|doubles\n|player|p1|LJJLONGER\u6211\u4e43\u9f99\u5c06\u519b|n|1182\n|player|p2|Ortusemental|101|1111\n|gen|9\n|tier|[Gen 9 Champions] VGC 2026 Reg M-A\n|rated|\n|rule|Species Clause: Limit one of each Pok\u00e9mon\n|rule|Item Clause: Limit 1 of each item\n|clearpoke\n|poke|p1|Gengar, L50, F|\n|poke|p1|Pelipper, L50, M|\n|poke|p1|Incineroar, L50, M|\n|poke|p1|Maushold-Four, L50|\n|poke|p1|Archaludon, L50, F|\n|poke|p1|Basculegion, L50, M|\n|poke|p2|Charizard, L50, M|\n|poke|p2|Sneasler, L50, M|\n|poke|p2|Milotic, L50, M|\n|poke|p2|Sinistcha, L50|\n|poke|p2|Torkoal, L50, F|\n|poke|p2|Kingambit, L50, M|\n|teampreview|4\nOrtusemental rejected open team sheets.\n|inactive|Battle timer is ON: inactive players will automatically lose when time's up. (requested by LJJLONGER\u6211\u4e43\u9f99\u5c06\u519b)\n|\n|t:|1776078571\n|teamsize|p1|4\n|teamsize|p2|4\n|start\n|switch|p1a: Gengar|Gengar, L50, F, shiny|100/100\n|switch|p1b: Incineroar|Incineroar, L50, M|100/100\n|switch|p2a: Sinistcha|Sinistcha, L50|100/100\n|switch|p2b: Milotic|Milotic, L50, M|100/100\n|-ability|p1b: Incineroar|Intimidate|boost\n|-unboost|p2a: Sinistcha|atk|1\n|-unboost|p2b: Milotic|atk|1\n|-ability|p2b: Milotic|Competitive|boost\n|-boost|p2b: Milotic|spa|2\n|turn|1\n|\n|t:|1776078589\n|detailschange|p1a: Gengar|Gengar-Mega, L50, F, shiny\n|-mega|p1a: Gengar|Gengar|Gengarite\n|move|p1b: Incineroar|Fake Out|p2b: Milotic\n|-damage|p2b: Milotic|90/100\n|move|p1a: Gengar|Perish Song|p1a: Gengar\n|-start|p1a: Gengar|perish3|[silent]\n|-start|p1b: Incineroar|perish3|[silent]\n|-start|p2a: Sinistcha|perish3|[silent]\n|-start|p2b: Milotic|perish3|[silent]\n|-fieldactivate|move: Perish Song\n|cant|p2b: Milotic|flinch\n|move|p2a: Sinistcha|Trick Room|p2a: Sinistcha\n|-fieldstart|move: Trick Room|[of] p2a: Sinistcha\n|\n|-heal|p2b: Milotic|96/100|[from] item: Leftovers\n|-start|p1b: Incineroar|perish3\n|-start|p2a: Sinistcha|perish3\n|-start|p2b: Milotic|perish3\n|-start|p1a: Gengar|perish3\n|upkeep\n|turn|2\n|inactive|Ortusemental has 30 seconds left.\n|\n|t:|1776078616\n|move|p1b: Incineroar|Protect|p1b: Incineroar\n|-singleturn|p1b: Incineroar|Protect\n|move|p1a: Gengar|Protect|p1a: Gengar\n|-singleturn|p1a: Gengar|Protect\n|move|p2a: Sinistcha|Strength Sap|p1b: Incineroar\n|-activate|p1b: Incineroar|move: Protect\n|move|p2b: Milotic|Muddy Water|p1b: Incineroar|[spread] \n|-activate|p1a: Gengar|move: Protect\n|-activate|p1b: Incineroar|move: Protect\n|\n|-heal|p2b: Milotic|100/100|[from] item: Leftovers\n|-start|p1b: Incineroar|perish2\n|-start|p2a: Sinistcha|perish2\n|-start|p2b: Milotic|perish2\n|-start|p1a: Gengar|perish2\n|upkeep\n|turn|3\n|c|\u2606Ortusemental|wow realmente sabes jugar\n|inactive|LJJLONGER\u6211\u4e43\u9f99\u5c06\u519b has 30 seconds left.\n|n|!Ortusemental|ortusemental\n|\n|t:|1776078647\n|switch|p1a: Maushold|Maushold-Four, L50|100/100\n|move|p1b: Incineroar|Parting Shot|p2a: Sinistcha\n|-unboost|p2a: Sinistcha|atk|1\n|-unboost|p2a: Sinistcha|spa|1\n|\n|t:|1776078655\n|switch|p1b: Gengar|Gengar-Mega, L50, F, shiny|100/100|[from] Parting Shot\n|move|p2a: Sinistcha|Matcha Gotcha|p1a: Maushold|[spread] p1a,p1b\n|-resisted|p1b: Gengar|1\n|-damage|p1a: Maushold|82/100\n|-damage|p1b: Gengar|94/100\n|-status|p1a: Maushold|brn\n|move|p2b: Milotic|Muddy Water|p1b: Gengar|[spread] p1a\n|-miss|p2b: Milotic|p1b: Gengar\n|-damage|p1a: Maushold|24/100 brn\n|\n|-damage|p1a: Maushold|18/100 brn|[from] brn\n|-start|p2a: Sinistcha|perish1\n|-start|p2b: Milotic|perish1\n|upkeep\n|turn|4\n|inactive|Ortusemental has 30 seconds left.\n|inactive|Ortusemental has 20 seconds left.\n|inactive|Ortusemental has 15 seconds left.\n|inactive|Ortusemental has 10 seconds left.\n|\n|t:|1776078701\n|move|p1a: Maushold|Protect|p1a: Maushold\n|-singleturn|p1a: Maushold|Protect\n|move|p1b: Gengar|Protect|p1b: Gengar\n|-singleturn|p1b: Gengar|Protect\n|move|p2a: Sinistcha|Matcha Gotcha|p1b: Gengar|[spread] \n|-activate|p1a: Maushold|move: Protect\n|-activate|p1b: Gengar|move: Protect\n|move|p2b: Milotic|Muddy Water|p1a: Maushold|[spread] \n|-activate|p1a: Maushold|move: Protect\n|-activate|p1b: Gengar|move: Protect\n|\n|-damage|p1a: Maushold|12/100 brn|[from] brn\n|-start|p2a: Sinistcha|perish0\n|-start|p2b: Milotic|perish0\n|faint|p2a: Sinistcha\n|faint|p2b: Milotic\n|upkeep\n|\n|t:|1776078705\n|switch|p2a: Torkoal|Torkoal, L50, F|100/100\n|switch|p2b: Kingambit|Kingambit, L50, M|100/100\n|-weather|SunnyDay|[from] ability: Drought|[of] p2a: Torkoal\n|turn|5\n|\n|t:|1776078723\n|switch|p1a: Pelipper|Pelipper, L50, M|100/100\n|-weather|RainDance|[from] ability: Drizzle|[of] p1a: Pelipper\n|move|p2a: Torkoal|Eruption|p1b: Gengar|[spread] p1a,p1b\n|-resisted|p1a: Pelipper|1\n|-damage|p1a: Pelipper|75/100\n|-damage|p1b: Gengar|58/100\n|move|p2b: Kingambit|Kowtow Cleave|p1b: Gengar\n|-supereffective|p1b: Gengar|1\n|-damage|p1b: Gengar|0 fnt\n|faint|p1b: Gengar\n|\n|-weather|RainDance|[upkeep]\n|-fieldend|move: Trick Room\n|upkeep\n|\n|t:|1776078738\n|switch|p1b: Incineroar|Incineroar, L50, M|100/100\n|-ability|p1b: Incineroar|Intimidate|boost\n|-unboost|p2a: Torkoal|atk|1\n|-unboost|p2b: Kingambit|atk|1\n|-ability|p2b: Kingambit|Defiant|boost\n|-boost|p2b: Kingambit|atk|2\n|turn|6\n|\n|t:|1776078755\n|move|p2b: Kingambit|Protect|p2b: Kingambit\n|-singleturn|p2b: Kingambit|Protect\n|move|p1b: Incineroar|Fake Out|p2b: Kingambit\n|-activate|p2b: Kingambit|move: Protect\n|move|p1a: Pelipper|Weather Ball|p2a: Torkoal\n|-supereffective|p2a: Torkoal|1\n|-damage|p2a: Torkoal|0 fnt\n|faint|p2a: Torkoal\n|\n|-weather|RainDance|[upkeep]\n|upkeep\n|turn|7\n|\n|t:|1776078774\n|move|p1a: Pelipper|Weather Ball|p2b: Kingambit\n|-damage|p2b: Kingambit|43/100\n|move|p1b: Incineroar|Darkest Lariat|p2b: Kingambit\n|-resisted|p2b: Kingambit|1\n|-damage|p2b: Kingambit|31/100\n|move|p2b: Kingambit|Kowtow Cleave|p1a: Pelipper\n|-damage|p1a: Pelipper|0 fnt\n|faint|p1a: Pelipper\n|\n|-weather|RainDance|[upkeep]\n|upkeep\n|\n|t:|1776078785\n|switch|p1a: Maushold|Maushold-Four, L50|12/100 brn\n|turn|8\n|inactive|Ortusemental has 30 seconds left.\n|inactive|Ortusemental has 20 seconds left.\n|inactive|Ortusemental has 15 seconds left.\n|inactive|Ortusemental has 10 seconds left.\n|inactive|Ortusemental has 5 seconds left.\n|\n|t:|1776078840\n|move|p2b: Kingambit|Sucker Punch|p1a: Maushold\n|-damage|p1a: Maushold|0 fnt\n|faint|p1a: Maushold\n|move|p1b: Incineroar|Darkest Lariat|p2b: Kingambit\n|-resisted|p2b: Kingambit|1\n|-damage|p2b: Kingambit|18/100\n|\n|-weather|RainDance|[upkeep]\n|upkeep\n|turn|9\n|inactive|Ortusemental has 30 seconds left.\n|inactive|Ortusemental has 20 seconds left.\n|inactive|Ortusemental has 15 seconds left.\n|inactive|Ortusemental has 10 seconds left.\n|inactive|Ortusemental has 5 seconds left.\n|\n|t:|1776078895\n|move|p2b: Kingambit|Sucker Punch|p1b: Incineroar\n|-resisted|p1b: Incineroar|1\n|-damage|p1b: Incineroar|72/100\n|move|p1b: Incineroar|Darkest Lariat|p2b: Kingambit\n|-resisted|p2b: Kingambit|1\n|-damage|p2b: Kingambit|6/100\n|\n|-weather|none\n|upkeep\n|turn|10\n|inactive|Ortusemental has 30 seconds left.\n|inactive|Ortusemental has 20 seconds left.\n|inactive|Ortusemental has 15 seconds left.\n|inactive|Ortusemental has 10 seconds left.\n|inactive|Ortusemental has 5 seconds left.\n|\n|t:|1776078950\n|move|p2b: Kingambit|Sucker Punch|p1b: Incineroar\n|-resisted|p1b: Incineroar|1\n|-crit|p1b: Incineroar\n|-damage|p1b: Incineroar|29/100\n|-enditem|p1b: Incineroar|Sitrus Berry|[eat]\n|-heal|p1b: Incineroar|54/100|[from] item: Sitrus Berry\n|move|p1b: Incineroar|Darkest Lariat|p2b: Kingambit\n|-resisted|p2b: Kingambit|1\n|-damage|p2b: Kingambit|0 fnt\n|faint|p2b: Kingambit\n|\n|win|LJJLONGER\u6211\u4e43\u9f99\u5c06\u519b\n",
  "uploadtime": 1776078647,
  "views": 10,
  "formatid": "gen9championsvgc2026regma",
  "rating": null,
  "private": 0,
  "password": null
}