{
  "id": "gen9championsvgc2026regma-2583611852",
  "format": "[Gen 9 Champions] VGC 2026 Reg M-A",
  "players": [
    "elmine079",
    "henitusec"
  ],
  "log": "|j|\u2606elmine079\n|j|\u2606henitusec\n|t:|1776186481\n|gametype|doubles\n|player|p1|elmine079|101|1106\n|player|p2|henitusec|diantha|1072\n|gen|9\n|tier|[Gen 9 Champions] VGC 2026 Reg M-A\n|rated|\n|rule|Species Clause: Limit one of each Pok\u00e9mon\n|rule|Item Clause: Limit 1 of each item\n|clearpoke\n|poke|p1|Tyranitar, L50, M|\n|poke|p1|Gyarados, L50, F|\n|poke|p1|Sinistcha, L50|\n|poke|p1|Corviknight, L50, F|\n|poke|p1|Garchomp, L50, F|\n|poke|p1|Rotom-Heat, L50|\n|poke|p2|Gardevoir, L50, F|\n|poke|p2|Aegislash, L50, M|\n|poke|p2|Incineroar, L50, M|\n|poke|p2|Vivillon-Polar, L50, M|\n|poke|p2|Hydreigon, L50, M|\n|poke|p2|Tauros-Paldea-Aqua, L50, M|\n|teampreview|4\n|inactive|Battle timer is ON: inactive players will automatically lose when time's up. (requested by henitusec)\n|inactive|elmine079 has 60 seconds left.\nhenitusec rejected open team sheets.\n|inactive|elmine079 has 30 seconds left.\n|inactive|elmine079 has 20 seconds left.\n|inactive|elmine079 has 15 seconds left.\n|inactive|elmine079 has 10 seconds left.\n|inactive|elmine079 has 5 seconds left.\n|\n|t:|1776186570\n|teamsize|p1|4\n|teamsize|p2|4\n|start\n|switch|p1a: Rotom|Rotom-Heat, L50|100/100\n|switch|p1b: Gyarados|Gyarados, L50, F|100/100\n|switch|p2a: Gardevoir|Gardevoir, L50, F, shiny|100/100\n|switch|p2b: Vivillon|Vivillon-Polar, L50, M|100/100\n|-ability|p1b: Gyarados|Intimidate|boost\n|-unboost|p2a: Gardevoir|atk|1\n|-unboost|p2b: Vivillon|atk|1\n|-ability|p2a: Gardevoir|Intimidate|Trace|[from] ability: Trace|[of] p1b: Gyarados\n|-ability|p2a: Gardevoir|Intimidate|boost\n|-unboost|p1a: Rotom|atk|1\n|-unboost|p1b: Gyarados|atk|1\n|turn|1\n|\n|t:|1776186595\n|detailschange|p2a: Gardevoir|Gardevoir-Mega, L50, F, shiny\n|-mega|p2a: Gardevoir|Gardevoir|Gardevoirite\n|move|p1a: Rotom|Electroweb|p2a: Gardevoir|[spread] p2a,p2b\n|-supereffective|p2b: Vivillon|1\n|-damage|p2a: Gardevoir|83/100\n|-damage|p2b: Vivillon|26/100\n|-unboost|p2a: Gardevoir|spe|1\n|-unboost|p2b: Vivillon|spe|1\n|move|p1b: Gyarados|Taunt|p2b: Vivillon\n|-start|p2b: Vivillon|move: Taunt\n|cant|p2b: Vivillon|move: Taunt|Sleep Powder\n|move|p2a: Gardevoir|Calm Mind|p2a: Gardevoir\n|-boost|p2a: Gardevoir|spa|1\n|-boost|p2a: Gardevoir|spd|1\n|\n|upkeep\n|turn|2\n|\n|t:|1776186612\n|move|p1a: Rotom|Electroweb|p2a: Gardevoir|[spread] p2a,p2b\n|-supereffective|p2b: Vivillon|1\n|-damage|p2a: Gardevoir|72/100\n|-damage|p2b: Vivillon|0 fnt\n|-unboost|p2a: Gardevoir|spe|1\n|faint|p2b: Vivillon\n|move|p1b: Gyarados|Taunt|p2a: Gardevoir\n|-start|p2a: Gardevoir|move: Taunt\n|move|p2a: Gardevoir|Hyper Voice|p1a: Rotom|[spread] p1a,p1b\n|-resisted|p1a: Rotom|1\n|-damage|p1a: Rotom|55/100\n|-damage|p1b: Gyarados|25/100\n|\n|upkeep\n|\n|t:|1776186628\n|switch|p2b: Hydreigon|Hydreigon, L50, M|100/100\n|turn|3\n|\n|t:|1776186639\n|move|p2b: Hydreigon|Protect|p2b: Hydreigon\n|-singleturn|p2b: Hydreigon|Protect\n|move|p1a: Rotom|Electroweb|p2b: Hydreigon|[spread] p2a\n|-activate|p2b: Hydreigon|move: Protect\n|-damage|p2a: Gardevoir|62/100\n|-unboost|p2a: Gardevoir|spe|1\n|move|p1b: Gyarados|Icy Wind|p2b: Hydreigon|[spread] p2a\n|-activate|p2b: Hydreigon|move: Protect\n|-damage|p2a: Gardevoir|59/100\n|-unboost|p2a: Gardevoir|spe|1\n|move|p2a: Gardevoir|Hyper Voice|p1b: Gyarados|[spread] p1a,p1b\n|-resisted|p1a: Rotom|1\n|-damage|p1a: Rotom|9/100\n|-damage|p1b: Gyarados|0 fnt\n|faint|p1b: Gyarados\n|\n|upkeep\n|\n|t:|1776186646\n|switch|p1b: Tyranitar|Tyranitar, L50, M|100/100\n|-weather|Sandstorm|[from] ability: Sand Stream|[of] p1b: Tyranitar\n|turn|4\n|\n|t:|1776186664\n|switch|p2a: Aegislash|Aegislash, L50, M|100/100\n|detailschange|p1b: Tyranitar|Tyranitar-Mega, L50, M\n|-mega|p1b: Tyranitar|Tyranitar|Tyranitarite\n|move|p1a: Rotom|Electroweb|p2b: Hydreigon|[spread] p2a,p2b\n|-resisted|p2b: Hydreigon|1\n|-damage|p2a: Aegislash|84/100\n|-damage|p2b: Hydreigon|91/100\n|-unboost|p2a: Aegislash|spe|1\n|-unboost|p2b: Hydreigon|spe|1\n|-enditem|p2a: Aegislash|White Herb\n|-clearnegativeboost|p2a: Aegislash|[silent]\n|move|p2b: Hydreigon|Dark Pulse|p1a: Rotom\n|-damage|p1a: Rotom|0 fnt\n|faint|p1a: Rotom\n|move|p1b: Tyranitar|Rock Slide|p2b: Hydreigon|[spread] p2a,p2b\n|-resisted|p2a: Aegislash|1\n|-damage|p2a: Aegislash|69/100\n|-damage|p2b: Hydreigon|48/100\n|\n|-weather|Sandstorm|[upkeep]\n|-damage|p2b: Hydreigon|42/100|[from] Sandstorm\n|upkeep\n|\n|t:|1776186675\n|switch|p1a: Garchomp|Garchomp, L50, F|100/100\n|turn|5\n|\n|t:|1776186688\n|move|p2a: Aegislash|King's Shield|p2a: Aegislash\n|-singleturn|p2a: Aegislash|Protect\n|move|p1b: Tyranitar|Protect|p1b: Tyranitar\n|-singleturn|p1b: Tyranitar|Protect\n|move|p1a: Garchomp|Earthquake|p2b: Hydreigon|[spread] \n|-activate|p1b: Tyranitar|move: Protect\n|-activate|p2a: Aegislash|move: Protect\n|-immune|p2b: Hydreigon|[from] ability: Levitate\n|move|p2b: Hydreigon|Tailwind|p2b: Hydreigon\n|-sidestart|p2: henitusec|move: Tailwind\n|\n|-weather|Sandstorm|[upkeep]\n|-damage|p2b: Hydreigon|36/100|[from] Sandstorm\n|upkeep\n|turn|6\n|\n|t:|1776186711\n|move|p1a: Garchomp|Protect|p1a: Garchomp\n|-singleturn|p1a: Garchomp|Protect\n|-formechange|p2a: Aegislash|Aegislash-Blade|\n|move|p2a: Aegislash|Sacred Sword|p1b: Tyranitar\n|-supereffective|p1b: Tyranitar|2\n|-damage|p1b: Tyranitar|27/100\n|move|p2b: Hydreigon|Draco Meteor|p1a: Garchomp\n|-activate|p1a: Garchomp|move: Protect\n|move|p1b: Tyranitar|Knock Off|p2a: Aegislash\n|-supereffective|p2a: Aegislash|1\n|-damage|p2a: Aegislash|0 fnt\n|faint|p2a: Aegislash\n|\n|-weather|Sandstorm|[upkeep]\n|-damage|p2b: Hydreigon|30/100|[from] Sandstorm\n|upkeep\n|\n|t:|1776186724\n|switch|p2a: Gardevoir|Gardevoir-Mega, L50, F, shiny|59/100\n|turn|7\n|\n|t:|1776186735\n|move|p2a: Gardevoir|Hyper Voice|p1b: Tyranitar|[spread] p1a,p1b\n|-supereffective|p1a: Garchomp|1\n|-supereffective|p1b: Tyranitar|1\n|-damage|p1a: Garchomp|0 fnt\n|-damage|p1b: Tyranitar|0 fnt\n|faint|p1a: Garchomp\n|faint|p1b: Tyranitar\n|\n|win|henitusec\n|raw|elmine079's rating: 1106 &rarr; <strong>1079</strong><br />(-27 for losing)\n|raw|henitusec's rating: 1072 &rarr; <strong>1104</strong><br />(+32 for winning)\n",
  "uploadtime": 1776186739,
  "views": 16,
  "formatid": "gen9championsvgc2026regma",
  "rating": 1079,
  "private": 0,
  "password": null
}