{
  "id": "gen9championsvgc2026regma-2587184447",
  "format": "[Gen 9 Champions] VGC 2026 Reg M-A",
  "players": [
    "LieWithin",
    "ImprobableBlob"
  ],
  "log": "|j|\u2606LieWithin\n|j|\u2606ImprobableBlob\n|t:|1776505748\n|gametype|doubles\n|player|p1|LieWithin|1|1437\n|player|p2|ImprobableBlob|jasmine|1474\n|gen|9\n|tier|[Gen 9 Champions] VGC 2026 Reg M-A\n|rated|\n|rule|Species Clause: Limit one of each Pok\u00e9mon\n|rule|Item Clause: Limit 1 of each item\n|clearpoke\n|poke|p1|Incineroar, L50, M|\n|poke|p1|Floette-Eternal, L50, F|\n|poke|p1|Talonflame, L50, M|\n|poke|p1|Garchomp, L50, M|\n|poke|p1|Sinistcha-Masterpiece, L50|\n|poke|p1|Maushold-Four, L50|\n|poke|p2|Incineroar, L50, M|\n|poke|p2|Farigiraf, L50, F|\n|poke|p2|Kingambit, L50, F|\n|poke|p2|Floette-Eternal, L50, F|\n|poke|p2|Crabominable, L50, F|\n|poke|p2|Aerodactyl, L50, F|\n|teampreview|4\n|inactive|Battle timer is ON: inactive players will automatically lose when time's up. (requested by ImprobableBlob)\n|\n|t:|1776505771\n|teamsize|p1|4\n|teamsize|p2|4\n|start\n|switch|p1a: Floette|Floette-Eternal, L50, F|100/100\n|switch|p1b: Incineroar|Incineroar, L50, M|100/100\n|switch|p2a: Incineroar|Incineroar, L50, M|100/100\n|switch|p2b: Aerodactyl|Aerodactyl, L50, F|100/100\n|-ability|p2b: Aerodactyl|Unnerve\n|-ability|p1b: Incineroar|Intimidate|boost\n|-unboost|p2a: Incineroar|atk|1\n|-unboost|p2b: Aerodactyl|atk|1\n|-ability|p2a: Incineroar|Intimidate|boost\n|-unboost|p1a: Floette|atk|1\n|-unboost|p1b: Incineroar|atk|1\n|turn|1\n|\n|t:|1776505787\n|detailschange|p1a: Floette|Floette-Mega, L50, F\n|-mega|p1a: Floette|Floette|Floettite\n|-ability|p1a: Floette|Fairy Aura\n|move|p1b: Incineroar|Fake Out|p2a: Incineroar\n|-damage|p2a: Incineroar|96/100\n|cant|p2a: Incineroar|flinch\n|move|p2b: Aerodactyl|Tailwind|p2b: Aerodactyl\n|-sidestart|p2: ImprobableBlob|move: Tailwind\n|move|p1a: Floette|Calm Mind|p1a: Floette\n|-boost|p1a: Floette|spa|1\n|-boost|p1a: Floette|spd|1\n|\n|upkeep\n|turn|2\n|\n|t:|1776505811\n|move|p2b: Aerodactyl|Rock Slide|p1b: Incineroar|[spread] p1a,p1b\n|-supereffective|p1b: Incineroar|1\n|-damage|p1a: Floette|84/100\n|-damage|p1b: Incineroar|74/100\n|move|p2a: Incineroar|Flare Blitz|p1a: Floette\n|-damage|p1a: Floette|57/100\n|-damage|p2a: Incineroar|88/100|[from] Recoil\n|move|p1a: Floette|Dazzling Gleam|p2a: Incineroar|[spread] p2a,p2b\n|-damage|p2a: Incineroar|28/100\n|-damage|p2b: Aerodactyl|6/100\n|-enditem|p2a: Incineroar|Sitrus Berry|[eat]\n|-heal|p2a: Incineroar|52/100|[from] item: Sitrus Berry\n|move|p1b: Incineroar|Parting Shot|p2b: Aerodactyl\n|-unboost|p2b: Aerodactyl|atk|1\n|-unboost|p2b: Aerodactyl|spa|1\n|\n|t:|1776505825\n|switch|p1b: Sinistcha|Sinistcha-Masterpiece, L50|100/100|[from] Parting Shot\n|-heal|p1a: Floette|82/100|[from] ability: Hospitality|[of] p1b: Sinistcha\n|\n|upkeep\n|turn|3\n|\n|t:|1776505841\n|move|p2b: Aerodactyl|Rock Slide|p1b: Sinistcha|[spread] p1a,p1b\n|-damage|p1a: Floette|70/100\n|-damage|p1b: Sinistcha|92/100\n|move|p2a: Incineroar|Flare Blitz|p1b: Sinistcha\n|-supereffective|p1b: Sinistcha|1\n|-damage|p1b: Sinistcha|40/100\n|-damage|p2a: Incineroar|38/100|[from] Recoil\n|cant|p1a: Floette|flinch\n|move|p1b: Sinistcha|Trick Room|p1b: Sinistcha\n|-fieldstart|move: Trick Room|[of] p1b: Sinistcha\n|\n|-heal|p1b: Sinistcha|46/100|[from] item: Leftovers\n|upkeep\n|turn|4\n|\n|t:|1776505855\n|move|p1b: Sinistcha|Life Dew|p1b: Sinistcha|[spread] p1a,p1b\n|-heal|p1a: Floette|95/100\n|-heal|p1b: Sinistcha|71/100\n|move|p1a: Floette|Dazzling Gleam|p2a: Incineroar|[spread] p2a,p2b\n|-damage|p2a: Incineroar|0 fnt\n|-damage|p2b: Aerodactyl|0 fnt\n|faint|p2a: Incineroar\n|faint|p2b: Aerodactyl\n|\n|-heal|p1b: Sinistcha|77/100|[from] item: Leftovers\n|-sideend|p2: ImprobableBlob|move: Tailwind\n|upkeep\n|\n|t:|1776505858\n|switch|p2a: Farigiraf|Farigiraf, L50, F|100/100\n|switch|p2b: Floette|Floette-Eternal, L50, F|100/100\n|turn|5\n|-message|ImprobableBlob forfeited.\n|\n|win|LieWithin\n|raw|LieWithin's rating: 1437 &rarr; <strong>1459</strong><br />(+22 for winning)\n|raw|ImprobableBlob's rating: 1474 &rarr; <strong>1452</strong><br />(-22 for losing)\n|l|\u2606ImprobableBlob\n|player|p2|\n|l|\u2606LieWithin\n|player|p1|\n",
  "uploadtime": 1776505896,
  "views": 44,
  "formatid": "gen9championsvgc2026regma",
  "rating": 1452,
  "private": 0,
  "password": null
}