{
  "id": "gen9championsvgc2026regma-2586712549",
  "format": "[Gen 9 Champions] VGC 2026 Reg M-A",
  "players": [
    "blog2",
    "Nytter877"
  ],
  "log": "|j|\u2606blog2\n|j|\u2606Nytter877\n|t:|1776454115\n|gametype|doubles\n|player|p1|blog2|265|1111\n|player|p2|Nytter877|hooligans|1045\n|gen|9\n|tier|[Gen 9 Champions] VGC 2026 Reg M-A\n|rated|\n|rule|Species Clause: Limit one of each Pok\u00e9mon\n|rule|Item Clause: Limit 1 of each item\n|clearpoke\n|poke|p1|Dragonite, L50, M|\n|poke|p1|Sinistcha, L50|\n|poke|p1|Greninja-*, L50, F|\n|poke|p1|Whimsicott, L50, F|\n|poke|p1|Incineroar, L50, F|\n|poke|p1|Aegislash, L50, M|\n|poke|p2|Sableye, L50, F|\n|poke|p2|Arcanine-Hisui, L50, F|\n|poke|p2|Farigiraf, L50, F|\n|poke|p2|Kingambit, L50, M|\n|poke|p2|Crabominable, L50, F|\n|poke|p2|Camerupt, L50, M|\n|teampreview|4\nblog2 has agreed to open team sheets.\nNytter877 has agreed to open team sheets.\n|showteam|p1|Dragonite||Dragoninite|Multiscale|DragonPulse,Flamethrower,Thunderbolt,Protect|||M|||50|]Sinistcha||MiracleSeed|Hospitality|LifeDew,MatchaGotcha,RagePowder,Protect||||||50|]Greninja||NeverMeltIce|Protean|IcyWind,ChillingWater,Taunt,FlipTurn|||F|||50|]Whimsicott||FocusSash|Prankster|Tailwind,Moonblast,Encore,Protect|||F|||50|]Incineroar||SitrusBerry|Intimidate|FakeOut,DarkestLariat,FlareBlitz,PartingShot|||F|||50|]Aegislash||Leftovers|StanceChange|SwordsDance,SacredSword,ShadowSneak,KingsShield|||M|||50|\n|showteam|p2|Sableye||SitrusBerry|Prankster|FakeOut,SunnyDay,Feint,Quash|||F|||50|]Arcanine-Hisui||FocusSash|Intimidate|FlareBlitz,ExtremeSpeed,RockSlide,Protect|||F|||50|]Farigiraf||MentalHerb|ArmorTail|TrickRoom,Protect,TwinBeam,HyperVoice|||F|||50|]Kingambit||BlackGlasses|SupremeOverlord|KowtowCleave,IronHead,Protect,SuckerPunch|||M|||50|]Crabominable||Crabominite|AngerPoint|Crabhammer,IceHammer,DrainPunch,Protect|||F|||50|]Camerupt||Cameruptite|AngerPoint|EarthPower,Eruption,Protect,HeatWave|||M|||50|\n|\n|t:|1776454191\n|teamsize|p1|4\n|teamsize|p2|4\n|start\n|switch|p1a: Aegislash|Aegislash, L50, M|100/100\n|switch|p1b: Dragonite|Dragonite, L50, M|100/100\n|switch|p2a: no fake out for u|Farigiraf, L50, F|100/100\n|switch|p2b: lil jit|Sableye, L50, F, shiny|100/100\n|turn|1\n|\n|t:|1776454218\n|switch|p2b: lava jizz|Camerupt, L50, M, shiny|100/100\n|detailschange|p1b: Dragonite|Dragonite-Mega, L50, M\n|-mega|p1b: Dragonite|Dragonite|Dragoninite\n|move|p1b: Dragonite|Dragon Pulse|p2a: no fake out for u\n|-damage|p2a: no fake out for u|37/100\n|-formechange|p1a: Aegislash|Aegislash-Blade|\n|move|p1a: Aegislash|Sacred Sword|p2a: no fake out for u\n|-damage|p2a: no fake out for u|8/100\n|move|p2a: no fake out for u|Trick Room|p2a: no fake out for u\n|-fieldstart|move: Trick Room|[of] p2a: no fake out for u\n|\n|upkeep\n|turn|2\n|inactive|Battle timer is ON: inactive players will automatically lose when time's up. (requested by blog2)\n|\n|t:|1776454251\n|switch|p2a: lil jit|Sableye, L50, F, shiny|100/100\n|detailschange|p2b: lava jizz|Camerupt-Mega, L50, M, shiny\n|-mega|p2b: lava jizz|Camerupt|Cameruptite\n|-formechange|p1a: Aegislash|Aegislash|\n|move|p1a: Aegislash|King's Shield|p1a: Aegislash\n|-singleturn|p1a: Aegislash|Protect\n|move|p1b: Dragonite|Protect|p1b: Dragonite\n|-singleturn|p1b: Dragonite|Protect\n|move|p2b: lava jizz|Eruption|p1a: Aegislash|[spread] \n|-activate|p1a: Aegislash|move: Protect\n|-activate|p1b: Dragonite|move: Protect\n|\n|upkeep\n|turn|3\n|inactive|blog2 has 30 seconds left.\n|\n|t:|1776454283\n|switch|p1a: Greninja|Greninja, L50, F, shiny|100/100\n|move|p2a: lil jit|Sunny Day|p2a: lil jit\n|-weather|SunnyDay\n|move|p2b: lava jizz|Eruption|p1b: Dragonite|[spread] p1a,p1b\n|-resisted|p1a: Greninja|1\n|-crit|p1a: Greninja\n|-resisted|p1b: Dragonite|1\n|-damage|p1a: Greninja|0 fnt\n|-damage|p1b: Dragonite|80/100\n|faint|p1a: Greninja\n|move|p1b: Dragonite|Dragon Pulse|p2b: lava jizz\n|-damage|p2b: lava jizz|49/100\n|\n|-weather|SunnyDay|[upkeep]\n|upkeep\n|\n|t:|1776454297\n|switch|p1a: Whimsicott|Whimsicott, L50, F|100/100\n|turn|4\n|\n|t:|1776454317\n|move|p1b: Dragonite|Protect|p1b: Dragonite\n|-singleturn|p1b: Dragonite|Protect\n|move|p2a: lil jit|Feint|p1a: Whimsicott\n|-damage|p1a: Whimsicott|93/100\n|move|p1a: Whimsicott|Tailwind|p1a: Whimsicott\n|-sidestart|p1: blog2|move: Tailwind\n|move|p2b: lava jizz|Heat Wave|p1a: Whimsicott|[spread] \n|-activate|p1b: Dragonite|move: Protect\n|-miss|p2b: lava jizz|p1a: Whimsicott\n|\n|-weather|SunnyDay|[upkeep]\n|upkeep\n|turn|5\n|c|\u2606Nytter877|faaah\n|\n|t:|1776454334\n|move|p1a: Whimsicott|Protect|p1a: Whimsicott\n|-singleturn|p1a: Whimsicott|Protect\n|move|p2a: lil jit|Feint|p1a: Whimsicott\n|-activate|p1a: Whimsicott|move: Feint\n|-damage|p1a: Whimsicott|85/100\n|move|p2b: lava jizz|Heat Wave|p1a: Whimsicott|[spread] p1a,p1b\n|-supereffective|p1a: Whimsicott|1\n|-resisted|p1b: Dragonite|1\n|-damage|p1a: Whimsicott|0 fnt\n|-damage|p1b: Dragonite|49/100\n|faint|p1a: Whimsicott\n|move|p1b: Dragonite|Dragon Pulse|p2b: lava jizz\n|-damage|p2b: lava jizz|0 fnt\n|faint|p2b: lava jizz\n|\n|-weather|SunnyDay|[upkeep]\n|-fieldend|move: Trick Room\n|upkeep\n|\n|t:|1776454353\n|switch|p1a: Aegislash|Aegislash, L50, M|100/100\n|switch|p2b: Kitchen knife|Kingambit, L50, M, shiny|100/100\n|-activate|p2b: Kitchen knife|ability: Supreme Overlord\n|-start|p2b: Kitchen knife|fallen1|[silent]\n|turn|6\n|c|\u2606blog2|I think you got it, not sure\n|\n|t:|1776454374\n|move|p1b: Dragonite|Protect|p1b: Dragonite\n|-singleturn|p1b: Dragonite|Protect\n|move|p2b: Kitchen knife|Protect|p2b: Kitchen knife\n|-singleturn|p2b: Kitchen knife|Protect\n|move|p2a: lil jit|Quash|p1b: Dragonite\n|-activate|p1b: Dragonite|move: Protect\n|-formechange|p1a: Aegislash|Aegislash-Blade|\n|move|p1a: Aegislash|Sacred Sword|p2b: Kitchen knife\n|-activate|p2b: Kitchen knife|move: Protect\n|\n|-weather|SunnyDay|[upkeep]\n|upkeep\n|turn|7\n|\n|t:|1776454389\n|-formechange|p1a: Aegislash|Aegislash|\n|move|p1a: Aegislash|King's Shield|p1a: Aegislash\n|-singleturn|p1a: Aegislash|Protect\n|move|p2a: lil jit|Quash||[still]\n|-fail|p2a: lil jit\n|move|p1b: Dragonite|Flamethrower|p2b: Kitchen knife\n|-supereffective|p2b: Kitchen knife|1\n|-damage|p2b: Kitchen knife|0 fnt\n|faint|p2b: Kitchen knife\n|-end|p2b: Kitchen knife|fallen1|[silent]\n|\n|-weather|none\n|-sideend|p1: blog2|move: Tailwind\n|upkeep\n|\n|t:|1776454402\n|switch|p2b: no fake out for u|Farigiraf, L50, F|8/100\n|turn|8\n|c|\u2606blog2|Then again\n|\n|t:|1776454425\n|move|p2a: lil jit|Quash|p1a: Aegislash\n|-activate|p1a: Aegislash|move: Quash\n|move|p1b: Dragonite|Dragon Pulse|p2b: no fake out for u\n|-damage|p2b: no fake out for u|0 fnt\n|faint|p2b: no fake out for u\n|move|p1a: Aegislash|Swords Dance|p1a: Aegislash\n|-boost|p1a: Aegislash|atk|2\n|\n|upkeep\n|turn|9\n|-message|Nytter877 forfeited.\n|\n|win|blog2\n|raw|blog2's rating: 1111 &rarr; <strong>1131</strong><br />(+20 for winning)\n|raw|Nytter877's rating: 1045 &rarr; <strong>1031</strong><br />(-14 for losing)\n|l|\u2606Nytter877\n|player|p2|\n|c|\u2606blog2|gg\n",
  "uploadtime": 1776454444,
  "views": 35,
  "formatid": "gen9championsvgc2026regma",
  "rating": 1031,
  "private": 0,
  "password": null
}