{
  "id": "gen9championsvgc2026regma-2581946022",
  "format": "[Gen 9 Champions] VGC 2026 Reg M-A",
  "players": [
    "Lilmoon2",
    "Missing Love"
  ],
  "log": "|j|\u2606Lilmoon2\n|j|\u2606Missing Love\n|t:|1776042156\n|gametype|doubles\n|player|p1|Lilmoon2|preschooler|1254\n|player|p2|Missing Love|volo|1213\n|gen|9\n|tier|[Gen 9 Champions] VGC 2026 Reg M-A\n|rated|\n|rule|Species Clause: Limit one of each Pok\u00e9mon\n|rule|Item Clause: Limit 1 of each item\n|clearpoke\n|poke|p1|Feraligatr, L50, F|\n|poke|p1|Volcarona, L50, F|\n|poke|p1|Sneasler, L50, F|\n|poke|p1|Ninetales-Alola, L50, M|\n|poke|p1|Rotom-Frost, L50|\n|poke|p1|Kingambit, L50, F|\n|poke|p2|Delphox, L50, M|\n|poke|p2|Garchomp, L50, F|\n|poke|p2|Sneasler, L50, F|\n|poke|p2|Kingambit, L50, M|\n|poke|p2|Basculegion, L50, M|\n|poke|p2|Floette-Eternal, L50, F|\n|teampreview|4\n|inactive|Battle timer is ON: inactive players will automatically lose when time's up. (requested by Missing Love)\n|inactive|Lilmoon2 has 60 seconds left.\n|\n|t:|1776042211\n|teamsize|p1|4\n|teamsize|p2|4\n|start\n|switch|p1a: Volcarona|Volcarona, L50, F|100/100\n|switch|p1b: Rotom|Rotom-Frost, L50|100/100\n|switch|p2a: Sneasler|Sneasler, L50, F, shiny|100/100\n|switch|p2b: Delphox|Delphox, L50, M, shiny|100/100\n|turn|1\n|inactive|Missing Love has 30 seconds left.\n|inactive|Missing Love has 20 seconds left.\n|inactive|Missing Love has 15 seconds left.\n|\n|t:|1776042256\n|detailschange|p2b: Delphox|Delphox-Mega, L50, M, shiny\n|-mega|p2b: Delphox|Delphox|Delphoxite\n|move|p1b: Rotom|Protect|p1b: Rotom\n|-singleturn|p1b: Rotom|Protect\n|move|p2a: Sneasler|Fake Out|p1a: Volcarona\n|-damage|p1a: Volcarona|87/100\n|-status|p2a: Sneasler|brn|[from] ability: Flame Body|[of] p1a: Volcarona\n|move|p2b: Delphox|Substitute|p2b: Delphox\n|-start|p2b: Delphox|Substitute\n|-damage|p2b: Delphox|75/100\n|cant|p1a: Volcarona|flinch\n|\n|-damage|p2a: Sneasler|95/100 brn|[from] brn\n|upkeep\n|turn|2\n|\n|t:|1776042274\n|switch|p1b: Sneasler|Sneasler, L50, F|100/100\n|move|p2a: Sneasler|Close Combat|p1a: Volcarona\n|-resisted|p1a: Volcarona|1\n|-damage|p1a: Volcarona|73/100\n|-unboost|p2a: Sneasler|def|1\n|-unboost|p2a: Sneasler|spd|1\n|-enditem|p2a: Sneasler|White Herb\n|-clearnegativeboost|p2a: Sneasler|[silent]\n|move|p2b: Delphox|Heat Wave|p1a: Volcarona|[spread] p1a,p1b\n|-damage|p1a: Volcarona|39/100\n|-damage|p1b: Sneasler|46/100\n|-enditem|p1a: Volcarona|Sitrus Berry|[eat]\n|-heal|p1a: Volcarona|64/100|[from] item: Sitrus Berry\n|move|p1a: Volcarona|Struggle Bug|p2a: Sneasler|[spread] p2a,p2b\n|-activate|p2b: Delphox|move: Substitute|[damage]\n|-resisted|p2a: Sneasler|2\n|-damage|p2a: Sneasler|89/100 brn\n|-unboost|p2a: Sneasler|spa|1\n|\n|-damage|p2a: Sneasler|83/100 brn|[from] brn\n|upkeep\n|turn|3\n|inactive|Lilmoon2 has 30 seconds left.\n|\n|t:|1776042306\n|move|p2a: Sneasler|Protect|p2a: Sneasler\n|-singleturn|p2a: Sneasler|Protect\n|move|p1b: Sneasler|Fake Out|p2b: Delphox\n|-end|p2b: Delphox|Substitute\n|move|p2b: Delphox|Heat Wave|p1a: Volcarona|[spread] p1a,p1b\n|-damage|p1a: Volcarona|30/100\n|-damage|p1b: Sneasler|0 fnt\n|faint|p1b: Sneasler\n|move|p1a: Volcarona|Struggle Bug|p2a: Sneasler|[spread] p2b\n|-activate|p2a: Sneasler|move: Protect\n|-damage|p2b: Delphox|60/100\n|-unboost|p2b: Delphox|spa|1\n|\n|-damage|p2a: Sneasler|78/100 brn|[from] brn\n|upkeep\n|\n|t:|1776042309\n|switch|p1b: Kingambit|Kingambit, L50, F|100/100\n|turn|4\n|inactive|Missing Love has 30 seconds left.\n|\n|t:|1776042336\n|move|p1a: Volcarona|Rage Powder|p1a: Volcarona\n|-singleturn|p1a: Volcarona|move: Rage Powder\n|move|p2a: Sneasler|Close Combat|p1a: Volcarona\n|-resisted|p1a: Volcarona|1\n|-damage|p1a: Volcarona|17/100\n|-unboost|p2a: Sneasler|def|1\n|-unboost|p2a: Sneasler|spd|1\n|move|p2b: Delphox|Substitute|p2b: Delphox\n|-start|p2b: Delphox|Substitute\n|-damage|p2b: Delphox|35/100\n|move|p1b: Kingambit|Kowtow Cleave|p2b: Delphox\n|-supereffective|p2b: Delphox|1\n|-end|p2b: Delphox|Substitute\n|\n|-damage|p2a: Sneasler|72/100 brn|[from] brn\n|upkeep\n|turn|5\n|\n|t:|1776042354\n|switch|p2b: Garchomp|Garchomp, L50, F, shiny|100/100\n|move|p1a: Volcarona|Rage Powder|p1a: Volcarona\n|-singleturn|p1a: Volcarona|move: Rage Powder\n|move|p2a: Sneasler|Close Combat|p1a: Volcarona\n|-resisted|p1a: Volcarona|1\n|-damage|p1a: Volcarona|3/100\n|-unboost|p2a: Sneasler|def|1\n|-unboost|p2a: Sneasler|spd|1\n|move|p1b: Kingambit|Kowtow Cleave|p2b: Garchomp\n|-damage|p2b: Garchomp|41/100\n|-damage|p1b: Kingambit|88/100|[from] ability: Rough Skin|[of] p2b: Garchomp\n|-enditem|p2b: Garchomp|Sitrus Berry|[eat]\n|-heal|p2b: Garchomp|66/100|[from] item: Sitrus Berry\n|\n|-damage|p2a: Sneasler|66/100 brn|[from] brn\n|upkeep\n|turn|6\n|\n|t:|1776042376\n|switch|p2a: Delphox|Delphox-Mega, L50, M, shiny|35/100\n|switch|p1b: Rotom|Rotom-Frost, L50|100/100\n|move|p1a: Volcarona|Rage Powder|p1a: Volcarona\n|-singleturn|p1a: Volcarona|move: Rage Powder\n|move|p2b: Garchomp|Earthquake|p1b: Rotom|[spread] p1a\n|-immune|p2a: Delphox|[from] ability: Levitate\n|-immune|p1b: Rotom|[from] ability: Levitate\n|-damage|p1a: Volcarona|0 fnt\n|faint|p1a: Volcarona\n|\n|upkeep\n|\n|t:|1776042378\n|switch|p1a: Kingambit|Kingambit, L50, F|88/100\n|turn|7\n|inactive|Missing Love has 30 seconds left.\n|\n|t:|1776042408\n|move|p1a: Kingambit|Protect|p1a: Kingambit\n|-singleturn|p1a: Kingambit|Protect\n|move|p1b: Rotom|Volt Switch|p2a: Delphox\n|-damage|p2a: Delphox|5/100\n|move|p2a: Delphox|Substitute|p2a: Delphox\n|-fail|p2a: Delphox|move: Substitute|[weak]\n|move|p2b: Garchomp|Earthquake|p1a: Kingambit|[spread] \n|-activate|p1a: Kingambit|move: Protect\n|-immune|p2a: Delphox|[from] ability: Levitate\n|-immune|p1b: Rotom|[from] ability: Levitate\n|\n|upkeep\n|turn|8\n|inactive|Lilmoon2 has 30 seconds left.\n|\n|t:|1776042435\n|move|p1b: Rotom|Volt Switch|p2a: Delphox\n|-damage|p2a: Delphox|0 fnt\n|faint|p2a: Delphox\n|move|p2b: Garchomp|Earthquake|p1a: Kingambit|[spread] p1a\n|-immune|p1b: Rotom|[from] ability: Levitate\n|-supereffective|p1a: Kingambit|1\n|-damage|p1a: Kingambit|25/100\n|move|p1a: Kingambit|Kowtow Cleave|p2b: Garchomp\n|-damage|p2b: Garchomp|9/100\n|-damage|p1a: Kingambit|13/100|[from] ability: Rough Skin|[of] p2b: Garchomp\n|\n|upkeep\n|\n|t:|1776042454\n|switch|p2a: Basculegion|Basculegion, L50, M, shiny|100/100\n|turn|9\n|\n|t:|1776042461\n|move|p2b: Garchomp|Protect|p2b: Garchomp\n|-singleturn|p2b: Garchomp|Protect\n|move|p2a: Basculegion|Aqua Jet|p1a: Kingambit\n|-damage|p1a: Kingambit|0 fnt\n|faint|p1a: Kingambit\n|move|p1b: Rotom|Volt Switch|p2a: Basculegion\n|-supereffective|p2a: Basculegion|1\n|-damage|p2a: Basculegion|26/100\n|\n|upkeep\n|turn|10\n|-message|Lilmoon2 forfeited.\n|\n|win|Missing Love\n|raw|Lilmoon2's rating: 1254 &rarr; <strong>1226</strong><br />(-28 for losing)\n|raw|Missing Love's rating: 1213 &rarr; <strong>1241</strong><br />(+28 for winning)\n|l|\u2606Lilmoon2\n|player|p1|\n",
  "uploadtime": 1776042472,
  "views": 31,
  "formatid": "gen9championsvgc2026regma",
  "rating": 1226,
  "private": 0,
  "password": null
}