{
  "id": "gen9championsvgc2026regma-2584864967",
  "format": "[Gen 9 Champions] VGC 2026 Reg M-A",
  "players": [
    "Mirthinion",
    "actuary97"
  ],
  "log": "|j|\u2606Mirthinion\n|j|\u2606actuary97\n|t:|1776289767\n|gametype|doubles\n|player|p1|Mirthinion|janitor|1497\n|player|p2|actuary97|sabrina-frlg|1429\n|gen|9\n|tier|[Gen 9 Champions] VGC 2026 Reg M-A\n|rated|\n|rule|Species Clause: Limit one of each Pok\u00e9mon\n|rule|Item Clause: Limit 1 of each item\n|clearpoke\n|poke|p1|Tyranitar, L50, M|\n|poke|p1|Lycanroc, L50, M|\n|poke|p1|Primarina, L50, F|\n|poke|p1|Corviknight, L50, M|\n|poke|p1|Sneasler, L50, M|\n|poke|p1|Incineroar, L50, M|\n|poke|p2|Tyranitar, L50, F|\n|poke|p2|Gallade, L50, M|\n|poke|p2|Sinistcha, L50|\n|poke|p2|Corviknight, L50, F|\n|poke|p2|Incineroar, L50, F|\n|poke|p2|Milotic, L50, F|\n|teampreview|4\n|inactive|Battle timer is ON: inactive players will automatically lose when time's up. (requested by Mirthinion)\nMirthinion rejected open team sheets.\n|j| lance dance vgc13\n|inactive|actuary97 has 60 seconds left.\n|\n|t:|1776289805\n|teamsize|p1|4\n|teamsize|p2|4\n|start\n|switch|p1a: Corviknight|Corviknight, L50, M|100/100\n|switch|p1b: Tyranitar|Tyranitar, L50, M|100/100\n|switch|p2a: Gallade|Gallade, L50, M, shiny|100/100\n|switch|p2b: Milotic|Milotic, L50, F, shiny|100/100\n|-weather|Sandstorm|[from] ability: Sand Stream|[of] p1b: Tyranitar\n|turn|1\n|j| ZwagTastic\n|\n|t:|1776289827\n|switch|p2a: Corviknight|Corviknight, L50, F|100/100\n|move|p1b: Tyranitar|Protect|p1b: Tyranitar\n|-singleturn|p1b: Tyranitar|Protect\n|move|p2b: Milotic|Whirlpool|p1a: Corviknight\n|-damage|p1a: Corviknight|91/100\n|-activate|p1a: Corviknight|move: Whirlpool|[of] p2b: Milotic\n|move|p1a: Corviknight|Brave Bird|p2a: Corviknight\n|-resisted|p2a: Corviknight|1\n|-damage|p2a: Corviknight|84/100\n|-damage|p1a: Corviknight|86/100|[from] Recoil\n|\n|-weather|Sandstorm|[upkeep]\n|-damage|p2b: Milotic|95/100|[from] Sandstorm\n|-heal|p2a: Corviknight|90/100|[from] item: Leftovers\n|-damage|p1a: Corviknight|74/100|[from] move: Whirlpool|[partiallytrapped]\n|upkeep\n|turn|2\n|l| lance dance vgc13\n|\n|t:|1776289846\n|detailschange|p1b: Tyranitar|Tyranitar-Mega, L50, M\n|-mega|p1b: Tyranitar|Tyranitar|Tyranitarite\n|move|p1b: Tyranitar|Rock Slide|p2b: Milotic|[spread] p2a,p2b\n|-damage|p2a: Corviknight|60/100\n|-damage|p2b: Milotic|65/100\n|cant|p2b: Milotic|flinch\n|move|p1a: Corviknight|Tailwind|p1a: Corviknight\n|-sidestart|p1: Mirthinion|move: Tailwind\n|move|p2a: Corviknight|Bulk Up|p2a: Corviknight\n|-boost|p2a: Corviknight|atk|1\n|-boost|p2a: Corviknight|def|1\n|\n|-weather|Sandstorm|[upkeep]\n|-damage|p2b: Milotic|59/100|[from] Sandstorm\n|-heal|p2a: Corviknight|66/100|[from] item: Leftovers\n|-damage|p1a: Corviknight|61/100|[from] move: Whirlpool|[partiallytrapped]\n|upkeep\n|turn|3\n|\n|t:|1776289865\n|move|p1b: Tyranitar|Knock Off|p2a: Corviknight\n|-damage|p2a: Corviknight|32/100\n|-enditem|p2a: Corviknight|Leftovers|[from] move: Knock Off|[of] p1b: Tyranitar\n|move|p1a: Corviknight|Brave Bird|p2b: Milotic\n|-damage|p2b: Milotic|26/100\n|-damage|p1a: Corviknight|51/100|[from] Recoil\n|move|p2b: Milotic|Scald|p1b: Tyranitar\n|-supereffective|p1b: Tyranitar|1\n|-crit|p1b: Tyranitar\n|-damage|p1b: Tyranitar|46/100\n|move|p2a: Corviknight|Bulk Up|p2a: Corviknight\n|-boost|p2a: Corviknight|atk|1\n|-boost|p2a: Corviknight|def|1\n|\n|-weather|Sandstorm|[upkeep]\n|-damage|p2b: Milotic|20/100|[from] Sandstorm\n|-damage|p1a: Corviknight|39/100|[from] move: Whirlpool|[partiallytrapped]\n|upkeep\n|-enditem|p1a: Corviknight|Sitrus Berry|[eat]\n|-heal|p1a: Corviknight|63/100|[from] item: Sitrus Berry\n|turn|4\n|\n|t:|1776289885\n|switch|p2b: Sinistcha|Sinistcha, L50|100/100\n|-heal|p2a: Corviknight|57/100|[from] ability: Hospitality|[of] p2b: Sinistcha\n|move|p1b: Tyranitar|Rock Slide|p2a: Corviknight|[spread] p2a,p2b\n|-damage|p2a: Corviknight|40/100\n|-damage|p2b: Sinistcha|66/100\n|move|p1a: Corviknight|Iron Head|p2a: Corviknight\n|-resisted|p2a: Corviknight|1\n|-damage|p2a: Corviknight|36/100\n|cant|p2a: Corviknight|flinch\n|\n|-weather|Sandstorm|[upkeep]\n|-damage|p2b: Sinistcha|60/100|[from] Sandstorm\n|-end|p1a: Corviknight|Whirlpool|[partiallytrapped]|[silent]\n|upkeep\n|turn|5\n|\n|t:|1776289911\n|move|p1b: Tyranitar|Rock Slide|p2b: Sinistcha|[spread] p2a,p2b\n|-damage|p2a: Corviknight|20/100\n|-damage|p2b: Sinistcha|21/100\n|-enditem|p2b: Sinistcha|Sitrus Berry|[eat]\n|-heal|p2b: Sinistcha|46/100|[from] item: Sitrus Berry\n|move|p1a: Corviknight|Brave Bird|p2b: Sinistcha\n|-supereffective|p2b: Sinistcha|1\n|-damage|p2b: Sinistcha|0 fnt\n|faint|p2b: Sinistcha\n|-damage|p1a: Corviknight|50/100|[from] Recoil\n|cant|p2a: Corviknight|flinch\n|\n|-weather|none\n|-sideend|p1: Mirthinion|move: Tailwind\n|upkeep\n|\n|t:|1776289923\n|switch|p2b: Gallade|Gallade, L50, M, shiny|100/100\n|turn|6\n|\n|t:|1776289935\n|move|p1b: Tyranitar|Protect|p1b: Tyranitar\n|-singleturn|p1b: Tyranitar|Protect\n|move|p2b: Gallade|Sacred Sword|p1a: Corviknight\n|-crit|p1a: Corviknight\n|-damage|p1a: Corviknight|0 fnt\n|faint|p1a: Corviknight\n|move|p2a: Corviknight|Tailwind|p2a: Corviknight\n|-sidestart|p2: actuary97|move: Tailwind\n|\n|upkeep\n|\n|t:|1776289945\n|switch|p1a: Primarina|Primarina, L50, F|100/100\n|turn|7\n|\n|t:|1776289952\n|move|p2b: Gallade|Leaf Blade|p1a: Primarina\n|-supereffective|p1a: Primarina|1\n|-damage|p1a: Primarina|0 fnt\n|faint|p1a: Primarina\n|move|p2a: Corviknight|Body Press|p1b: Tyranitar\n|-supereffective|p1b: Tyranitar|2\n|-damage|p1b: Tyranitar|0 fnt\n|faint|p1b: Tyranitar\n|\n|upkeep\n|\n|t:|1776289962\n|switch|p1b: Lycanroc|Lycanroc, L50, M|100/100\n|turn|8\n|\n|t:|1776289972\n|move|p2b: Gallade|Sacred Sword|p1b: Lycanroc\n|-supereffective|p1b: Lycanroc|1\n|-enditem|p1b: Lycanroc|Focus Sash\n|-damage|p1b: Lycanroc|1/100\n|move|p2a: Corviknight|Body Press|p1b: Lycanroc\n|-supereffective|p1b: Lycanroc|1\n|-damage|p1b: Lycanroc|0 fnt\n|faint|p1b: Lycanroc\n|\n|win|actuary97\n|raw|Mirthinion's rating: 1497 &rarr; <strong>1473</strong><br />(-24 for losing)\n|raw|actuary97's rating: 1429 &rarr; <strong>1453</strong><br />(+24 for winning)\n|c|\u2606Mirthinion|gg\n|c|\u2606actuary97|gg\n|c|\u2606Mirthinion|leaf blade was neat :)\n|l|\u2606actuary97\n|player|p2|\n",
  "uploadtime": 1776289997,
  "views": 71,
  "formatid": "gen9championsvgc2026regma",
  "rating": 1453,
  "private": 0,
  "password": null
}