{
  "id": "gen9championsvgc2026regma-2587820235",
  "format": "[Gen 9 Champions] VGC 2026 Reg M-A",
  "players": [
    "Heartway",
    "Vittoxx"
  ],
  "log": "|j|\u2606Heartway\n|j|\u2606Vittoxx\n|t:|1776567333\n|gametype|doubles\n|player|p1|Heartway|169|1090\n|player|p2|Vittoxx|iris-gen5bw2|1111\n|gen|9\n|tier|[Gen 9 Champions] VGC 2026 Reg M-A\n|rated|\n|rule|Species Clause: Limit one of each Pok\u00e9mon\n|rule|Item Clause: Limit 1 of each item\n|clearpoke\n|poke|p1|Ariados, L50, M|\n|poke|p1|Gengar, L50, M|\n|poke|p1|Sneasler, L50, M|\n|poke|p1|Glimmora, L50, F|\n|poke|p1|Toxapex, L50, F|\n|poke|p1|Slowbro-Galar, L50, F|\n|poke|p2|Gardevoir, L50, F, shiny|\n|poke|p2|Incineroar, L50, F|\n|poke|p2|Garchomp, L50, F|\n|poke|p2|Aegislash, L50, F, shiny|\n|poke|p2|Rotom-Wash, L50, shiny|\n|poke|p2|Aerodactyl, L50, M, shiny|\n|teampreview|4\n|inactive|Battle timer is ON: inactive players will automatically lose when time's up. (requested by Heartway)\n|\n|t:|1776567371\n|teamsize|p1|4\n|teamsize|p2|4\n|start\n|switch|p1a: Ariados|Ariados, L50, M|100/100\n|switch|p1b: Sneasler|Sneasler, L50, M|100/100\n|switch|p2a: Garchomp|Garchomp, L50, F|100/100\n|switch|p2b: Aerodactyl|Aerodactyl, L50, M, shiny|100/100\n|-ability|p2b: Aerodactyl|Unnerve\n|turn|1\n|\n|t:|1776567385\n|move|p1b: Sneasler|Fake Out|p2b: Aerodactyl\n|-resisted|p2b: Aerodactyl|1\n|-damage|p2b: Aerodactyl|88/100\n|cant|p2b: Aerodactyl|flinch\n|move|p2a: Garchomp|Earthquake|p1a: Ariados|[spread] p1a,p1b\n|-immune|p2b: Aerodactyl\n|-supereffective|p1b: Sneasler|1\n|-damage|p1a: Ariados|42/100\n|-damage|p1b: Sneasler|0 fnt\n|faint|p1b: Sneasler\n|move|p1a: Ariados|Toxic Thread|p2b: Aerodactyl\n|-unboost|p2b: Aerodactyl|spe|2\n|-status|p2b: Aerodactyl|psn\n|\n|-damage|p2b: Aerodactyl|76/100 psn|[from] psn\n|upkeep\n|\n|t:|1776567394\n|switch|p1b: Slowbro|Slowbro-Galar, L50, F|100/100\n|turn|2\n|-activate|p1b: Slowbro|ability: Quick Draw\n|\n|t:|1776567406\n|move|p1b: Slowbro|Ice Beam|p2a: Garchomp\n|-supereffective|p2a: Garchomp|2\n|-damage|p2a: Garchomp|0 fnt\n|faint|p2a: Garchomp\n|move|p2b: Aerodactyl|Tailwind|p2b: Aerodactyl\n|-sidestart|p2: Vittoxx|move: Tailwind\n|move|p1a: Ariados|Struggle Bug|p2b: Aerodactyl\n|-resisted|p2b: Aerodactyl|1\n|-damage|p2b: Aerodactyl|69/100 psn\n|-unboost|p2b: Aerodactyl|spa|1\n|\n|-damage|p2b: Aerodactyl|57/100 psn|[from] psn\n|upkeep\n|\n|t:|1776567413\n|switch|p2a: Incineroar|Incineroar, L50, F|100/100\n|-ability|p2a: Incineroar|Intimidate|boost\n|-unboost|p1a: Ariados|atk|1\n|-unboost|p1b: Slowbro|atk|1\n|turn|3\n|-activate|p1b: Slowbro|item: Quick Claw\n|\n|t:|1776567426\n|move|p1b: Slowbro|Ice Beam|p2b: Aerodactyl\n|-supereffective|p2b: Aerodactyl|1\n|-damage|p2b: Aerodactyl|0 fnt\n|faint|p2b: Aerodactyl\n|move|p2a: Incineroar|Darkest Lariat|p1b: Slowbro\n|-supereffective|p1b: Slowbro|1\n|-damage|p1b: Slowbro|16/100\n|move|p1a: Ariados|String Shot|p2a: Incineroar\n|-unboost|p2a: Incineroar|spe|2\n|\n|upkeep\n|\n|t:|1776567431\n|switch|p2b: Aegislash|Aegislash, L50, F, shiny|100/100\n|turn|4\n|\n|t:|1776567440\n|-formechange|p2b: Aegislash|Aegislash-Blade|\n|move|p2b: Aegislash|Shadow Ball|p1a: Ariados\n|-damage|p1a: Ariados|0 fnt\n|faint|p1a: Ariados\n|move|p2a: Incineroar|Darkest Lariat|p1b: Slowbro\n|-supereffective|p1b: Slowbro|1\n|-crit|p1b: Slowbro\n|-damage|p1b: Slowbro|0 fnt\n|faint|p1b: Slowbro\n|\n|upkeep\n|\n|t:|1776567454\n|switch|p1a: Glimmora|Glimmora, L50, F|100/100\n|turn|5\n|\n|t:|1776567462\n|detailschange|p1a: Glimmora|Glimmora-Mega, L50, F\n|-mega|p1a: Glimmora|Glimmora|Glimmoranite\n|move|p1a: Glimmora|Protect|p1a: Glimmora\n|-singleturn|p1a: Glimmora|Protect\n|move|p2b: Aegislash|Flash Cannon|p1a: Glimmora\n|-activate|p1a: Glimmora|move: Protect\n|move|p2a: Incineroar|Darkest Lariat|p1a: Glimmora\n|-activate|p1a: Glimmora|move: Protect\n|\n|-sideend|p2: Vittoxx|move: Tailwind\n|upkeep\n|turn|6\n|\n|t:|1776567472\n|move|p1a: Glimmora|Earth Power|p2b: Aegislash\n|-supereffective|p2b: Aegislash|1\n|-damage|p2b: Aegislash|0 fnt\n|faint|p2b: Aegislash\n|move|p2a: Incineroar|Darkest Lariat|p1a: Glimmora\n|-damage|p1a: Glimmora|57/100\n|\n|upkeep\n|turn|7\n|\n|t:|1776567479\n|move|p1a: Glimmora|Earth Power|p2a: Incineroar\n|-supereffective|p2a: Incineroar|1\n|-damage|p2a: Incineroar|21/100\n|-enditem|p2a: Incineroar|Sitrus Berry|[eat]\n|-heal|p2a: Incineroar|46/100|[from] item: Sitrus Berry\n|move|p2a: Incineroar|Darkest Lariat|p1a: Glimmora\n|-damage|p1a: Glimmora|11/100\n|\n|upkeep\n|turn|8\n|\n|t:|1776567488\n|move|p1a: Glimmora|Earth Power|p2a: Incineroar\n|-supereffective|p2a: Incineroar|1\n|-damage|p2a: Incineroar|0 fnt\n|faint|p2a: Incineroar\n|\n|win|Heartway\n|raw|Heartway's rating: 1090 &rarr; <strong>1118</strong><br />(+28 for winning)\n|raw|Vittoxx's rating: 1111 &rarr; <strong>1084</strong><br />(-27 for losing)\n|l|\u2606Vittoxx\n|player|p2|\n",
  "uploadtime": 1776567491,
  "views": 23,
  "formatid": "gen9championsvgc2026regma",
  "rating": 1084,
  "private": 0,
  "password": null
}