{
  "id": "gen9championsvgc2026regma-2582513906",
  "format": "[Gen 9 Champions] VGC 2026 Reg M-A",
  "players": [
    "SuperGroup",
    "Rocket Gib"
  ],
  "log": "|j|\u2606SuperGroup\n|j|\u2606Rocket Gib\n|t:|1776096526\n|gametype|doubles\n|player|p1|SuperGroup|101|1000\n|player|p2|Rocket Gib|265|1045\n|gen|9\n|tier|[Gen 9 Champions] VGC 2026 Reg M-A\n|rated|\n|rule|Species Clause: Limit one of each Pok\u00e9mon\n|rule|Item Clause: Limit 1 of each item\n|clearpoke\n|poke|p1|Starmie, L50|\n|poke|p1|Garchomp, L50, F|\n|poke|p1|Aerodactyl, L50, F|\n|poke|p1|Rampardos, L50, M|\n|poke|p1|Tsareena, L50, F|\n|poke|p2|Crabominable, L50, M|\n|poke|p2|Incineroar, L50, M|\n|poke|p2|Pelipper, L50, F|\n|poke|p2|Sneasler, L50, F|\n|poke|p2|Basculegion-F, L50, F|\n|poke|p2|Farigiraf, L50, F|\n|teampreview|4\n|inactive|Battle timer is ON: inactive players will automatically lose when time's up. (requested by SuperGroup)\nSuperGroup rejected open team sheets.\n|\n|t:|1776096555\n|teamsize|p1|4\n|teamsize|p2|4\n|start\n|switch|p1a: Patrick|Starmie, L50|100/100\n|switch|p1b: Aerodactyl|Aerodactyl, L50, F|100/100\n|switch|p2a: Incineroar|Incineroar, L50, M|100/100\n|switch|p2b: Farigiraf|Farigiraf, L50, F|100/100\n|-ability|p1b: Aerodactyl|Unnerve\n|-ability|p2a: Incineroar|Intimidate|boost\n|-unboost|p1a: Patrick|atk|1\n|-unboost|p1b: Aerodactyl|atk|1\n|turn|1\n|inactive|SuperGroup has 30 seconds left.\n|\n|t:|1776096584\n|detailschange|p1a: Patrick|Starmie-Mega, L50\n|-mega|p1a: Patrick|Starmie|Starminite\n|move|p2a: Incineroar|Fake Out|p1a: Patrick\n|-damage|p1a: Patrick|86/100\n|move|p1b: Aerodactyl|Dragon Pulse|p2b: Farigiraf\n|-damage|p2b: Farigiraf|90/100\n|cant|p1a: Patrick|flinch\n|move|p2b: Farigiraf|Trick Room|p2b: Farigiraf\n|-fieldstart|move: Trick Room|[of] p2b: Farigiraf\n|\n|upkeep\n|turn|2\n|inactive|SuperGroup has 30 seconds left.\n|\n|t:|1776096612\n|switch|p1b: Tsareena|Tsareena, L50, F, shiny|100/100\n|move|p2b: Farigiraf|Twin Beam|p1b: Tsareena\n|-damage|p1b: Tsareena|81/100\n|-damage|p1b: Tsareena|62/100\n|-hitcount|p1b: Tsareena|2\n|move|p2a: Incineroar|Parting Shot|p1a: Patrick\n|-unboost|p1a: Patrick|atk|1\n|-unboost|p1a: Patrick|spa|1\n|\n|t:|1776096622\n|switch|p2a: Crabominable|Crabominable, L50, M|100/100|[from] Parting Shot\n|move|p1a: Patrick|Liquidation|p2a: Crabominable\n|-damage|p2a: Crabominable|65/100\n|\n|upkeep\n|turn|3\n|inactive|SuperGroup has 30 seconds left.\n|\n|t:|1776096648\n|detailschange|p2a: Crabominable|Crabominable-Mega, L50, M\n|-mega|p2a: Crabominable|Crabominable|Crabominite\n|move|p2b: Farigiraf|Helping Hand|p2a: Crabominable\n|-singleturn|p2a: Crabominable|Helping Hand|[of] p2b: Farigiraf\n|move|p1a: Patrick|Protect|p1a: Patrick\n|-singleturn|p1a: Patrick|Protect\n|move|p2a: Crabominable|Drain Punch|p1a: Patrick\n|-activate|p1a: Patrick|move: Protect\n|move|p1b: Tsareena|Fling|p2a: Crabominable\n|-resisted|p2a: Crabominable|1\n|-damage|p2a: Crabominable|63/100\n|-enditem|p1b: Tsareena|Choice Scarf|[from] move: Fling\n|\n|upkeep\n|turn|4\n|inactive|SuperGroup has 30 seconds left.\n|\n|t:|1776096678\n|switch|p1a: Aerodactyl|Aerodactyl, L50, F|100/100\n|-ability|p1a: Aerodactyl|Unnerve\n|move|p2b: Farigiraf|Helping Hand|p2a: Crabominable\n|-singleturn|p2a: Crabominable|Helping Hand|[of] p2b: Farigiraf\n|move|p2a: Crabominable|Drain Punch|p1a: Aerodactyl\n|-enditem|p1a: Aerodactyl|Focus Sash\n|-damage|p1a: Aerodactyl|1/100\n|-heal|p2a: Crabominable|100/100|[from] drain|[of] p1a: Aerodactyl\n|move|p1b: Tsareena|Acrobatics|p2a: Crabominable\n|-supereffective|p2a: Crabominable|1\n|-damage|p2a: Crabominable|44/100\n|\n|upkeep\n|turn|5\n|\n|t:|1776096700\n|move|p1a: Aerodactyl|Protect|p1a: Aerodactyl\n|-singleturn|p1a: Aerodactyl|Protect\n|move|p2a: Crabominable|Drain Punch|p1b: Tsareena\n|-damage|p1b: Tsareena|0 fnt\n|-heal|p2a: Crabominable|66/100|[from] drain|[of] p1b: Tsareena\n|faint|p1b: Tsareena\n|move|p2b: Farigiraf|Hyper Voice|p1a: Aerodactyl\n|-activate|p1a: Aerodactyl|move: Protect\n|\n|-fieldend|move: Trick Room\n|upkeep\n|\n|t:|1776096709\n|switch|p1b: Patrick|Starmie-Mega, L50|86/100\n|turn|6\n|\n|t:|1776096719\n|move|p2a: Crabominable|Protect|p2a: Crabominable\n|-singleturn|p2a: Crabominable|Protect\n|move|p1a: Aerodactyl|Tailwind|p1a: Aerodactyl\n|-sidestart|p1: SuperGroup|move: Tailwind\n|move|p1b: Patrick|Zen Headbutt|p2a: Crabominable\n|-activate|p2a: Crabominable|move: Protect\n|move|p2b: Farigiraf|Trick Room|p2b: Farigiraf\n|-fieldstart|move: Trick Room|[of] p2b: Farigiraf\n|\n|upkeep\n|turn|7\n|\n|t:|1776096742\n|move|p2b: Farigiraf|Helping Hand|p2a: Crabominable\n|-singleturn|p2a: Crabominable|Helping Hand|[of] p2b: Farigiraf\n|move|p1b: Patrick|Protect|p1b: Patrick\n|-singleturn|p1b: Patrick|Protect\n|move|p2a: Crabominable|Ice Hammer|p1b: Patrick\n|-activate|p1b: Patrick|move: Protect\n|move|p1a: Aerodactyl|Whirlwind|p2a: Crabominable\n|drag|p2a: Sneasler|Sneasler, L50, F|100/100\n|\n|upkeep\n|turn|8\n|\n|t:|1776096761\n|switch|p2a: Incineroar|Incineroar, L50, M|100/100\n|-ability|p2a: Incineroar|Intimidate|boost\n|-unboost|p1a: Aerodactyl|atk|1\n|-unboost|p1b: Patrick|atk|1\n|move|p1a: Aerodactyl|Protect|p1a: Aerodactyl\n|-singleturn|p1a: Aerodactyl|Protect\n|move|p2b: Farigiraf|Hyper Voice|p1a: Aerodactyl|[spread] p1b\n|-activate|p1a: Aerodactyl|move: Protect\n|-damage|p1b: Patrick|52/100\n|move|p1b: Patrick|Zen Headbutt|p2a: Incineroar\n|-immune|p2a: Incineroar\n|\n|upkeep\n|turn|9\n|inactive|SuperGroup has 30 seconds left.\n|inactive|SuperGroup has 20 seconds left.\n|\n|t:|1776096799\n|move|p2a: Incineroar|Fake Out|p1a: Aerodactyl\n|-resisted|p1a: Aerodactyl|1\n|-damage|p1a: Aerodactyl|0 fnt\n|faint|p1a: Aerodactyl\n|move|p2b: Farigiraf|Hyper Voice|p1b: Patrick\n|-damage|p1b: Patrick|9/100\n|move|p1b: Patrick|Liquidation|p2b: Farigiraf\n|-damage|p2b: Farigiraf|54/100\n|-unboost|p2b: Farigiraf|def|1\n|\n|-sideend|p1: SuperGroup|move: Tailwind\n|upkeep\n|\n|t:|1776096810\n|switch|p1a: Shyarly|Garchomp, L50, F, shiny|100/100\n|turn|10\n|inactive|Rocket Gib has 30 seconds left.\n|\n|t:|1776096840\n|move|p2b: Farigiraf|Hyper Voice|p1a: Shyarly|[spread] p1a,p1b\n|-damage|p1a: Shyarly|71/100\n|-damage|p1b: Patrick|0 fnt\n|faint|p1b: Patrick\n|move|p2a: Incineroar|Darkest Lariat|p1a: Shyarly\n|-damage|p1a: Shyarly|40/100\n|-damage|p2a: Incineroar|88/100|[from] ability: Rough Skin|[of] p1a: Shyarly\n|move|p1a: Shyarly|Crunch|p2b: Farigiraf\n|-supereffective|p2b: Farigiraf|1\n|-damage|p2b: Farigiraf|0 fnt\n|faint|p2b: Farigiraf\n|\n|-fieldend|move: Trick Room\n|upkeep\n|\n|t:|1776096854\n|switch|p2b: Crabominable|Crabominable-Mega, L50, M|66/100\n|turn|11\n|\n|t:|1776096867\n|move|p1a: Shyarly|Dragon Claw|p2b: Crabominable\n|-damage|p2b: Crabominable|35/100\n|move|p2a: Incineroar|Darkest Lariat|p1a: Shyarly\n|-damage|p1a: Shyarly|7/100\n|-damage|p2a: Incineroar|75/100|[from] ability: Rough Skin|[of] p1a: Shyarly\n|move|p2b: Crabominable|Drain Punch|p1a: Shyarly\n|-damage|p1a: Shyarly|0 fnt\n|-heal|p2b: Crabominable|38/100|[from] drain|[of] p1a: Shyarly\n|-damage|p2b: Crabominable|25/100|[from] ability: Rough Skin|[of] p1a: Shyarly\n|faint|p1a: Shyarly\n|\n|win|Rocket Gib\n|raw|SuperGroup's rating: 1000 &rarr; <strong>1000</strong><br />(+0 for losing)\n|raw|Rocket Gib's rating: 1045 &rarr; <strong>1074</strong><br />(+29 for winning)\n|l|\u2606SuperGroup\n|player|p1|\n",
  "uploadtime": 1776096885,
  "views": 16,
  "formatid": "gen9championsvgc2026regma",
  "rating": 1000,
  "private": 0,
  "password": null
}