{
  "id": "gen9championsvgc2026regma-2581938860",
  "format": "[Gen 9 Champions] VGC 2026 Reg M-A",
  "players": [
    "Hiimoliver",
    "AdjectivePikachu"
  ],
  "log": "|j|\u2606Hiimoliver\n|j|\u2606AdjectivePikachu\n|t:|1776041511\n|gametype|doubles\n|player|p1|Hiimoliver|lance|1000\n|player|p2|AdjectivePikachu|hilda-wonderlauncher|1043\n|gen|9\n|tier|[Gen 9 Champions] VGC 2026 Reg M-A\n|rated|\n|rule|Species Clause: Limit one of each Pok\u00e9mon\n|rule|Item Clause: Limit 1 of each item\n|clearpoke\n|poke|p1|Incineroar, L50, F|\n|poke|p1|Klefki, L50, F|\n|poke|p1|Gyarados, L50, M|\n|poke|p1|Talonflame, L50, F|\n|poke|p1|Luxray, L50, F|\n|poke|p1|Politoed, L50, F|\n|poke|p2|Charizard, L50, M|\n|poke|p2|Corviknight, L50, F|\n|poke|p2|Gardevoir, L50, M|\n|poke|p2|Garchomp, L50, M|\n|poke|p2|Maushold-Four, L50|\n|poke|p2|Rotom-Wash, L50|\n|teampreview|4\nAdjectivePikachu has agreed to open team sheets.\n|\n|t:|1776041553\n|teamsize|p1|4\n|teamsize|p2|4\n|start\n|switch|p1a: Luxray|Luxray, L50, F|100/100\n|switch|p1b: Incineroar|Incineroar, L50, F|100/100\n|switch|p2a: Chuck E. Cheese|Maushold-Four, L50|100/100\n|switch|p2b: Pump N' Dump|Rotom-Wash, L50, shiny|100/100\n|-ability|p1b: Incineroar|Intimidate|boost\n|-unboost|p2a: Chuck E. Cheese|atk|1\n|-unboost|p2b: Pump N' Dump|atk|1\n|-ability|p1a: Luxray|Intimidate|boost\n|-unboost|p2a: Chuck E. Cheese|atk|1\n|-unboost|p2b: Pump N' Dump|atk|1\n|turn|1\n|\n|t:|1776041578\n|switch|p2b: Chump Change|Garchomp, L50, M|100/100\n|move|p2a: Chuck E. Cheese|Protect|p2a: Chuck E. Cheese\n|-singleturn|p2a: Chuck E. Cheese|Protect\n|move|p1b: Incineroar|Fake Out|p2b: Chump Change\n|-damage|p2b: Chump Change|93/100\n|-damage|p1b: Incineroar|88/100|[from] ability: Rough Skin|[of] p2b: Chump Change\n|move|p1a: Luxray|Discharge|p2a: Chuck E. Cheese|[spread] p1b\n|-activate|p2a: Chuck E. Cheese|move: Protect\n|-immune|p2b: Chump Change\n|-damage|p1b: Incineroar|62/100\n|-status|p1b: Incineroar|par\n|\n|upkeep\n|turn|2\n|\n|t:|1776041608\n|switch|p2a: Raven|Corviknight, L50, F, shiny|100/100\n|move|p2b: Chump Change|Earthquake|p1a: Luxray|[spread] p1a,p1b\n|-immune|p2a: Raven\n|-supereffective|p1a: Luxray|1\n|-supereffective|p1b: Incineroar|1\n|-damage|p1a: Luxray|6/100\n|-damage|p1b: Incineroar|0 fnt\n|faint|p1b: Incineroar\n|move|p1a: Luxray|Ice Fang|p2b: Chump Change\n|-supereffective|p2b: Chump Change|2\n|-damage|p2b: Chump Change|9/100\n|-damage|p1a: Luxray|0 fnt|[from] ability: Rough Skin|[of] p2b: Chump Change\n|faint|p1a: Luxray\n|\n|upkeep\n|\n|t:|1776041618\n|switch|p1b: Gyarados|Gyarados, L50, M|100/100\n|switch|p1a: Politoed|Politoed, L50, F|100/100\n|-weather|RainDance|[from] ability: Drizzle|[of] p1a: Politoed\n|-ability|p1b: Gyarados|Intimidate|boost\n|-ability|p2a: Raven|Mirror Armor\n|-unboost|p1b: Gyarados|atk|1\n|-unboost|p2b: Chump Change|atk|1\n|turn|3\n|\n|t:|1776041639\n|switch|p2b: Pump N' Dump|Rotom-Wash, L50, shiny|100/100\n|detailschange|p1b: Gyarados|Gyarados-Mega, L50, M\n|-mega|p1b: Gyarados|Gyarados|Gyaradosite\n|-ability|p1b: Gyarados|Mold Breaker\n|move|p1a: Politoed|Weather Ball|p2b: Pump N' Dump\n|-resisted|p2b: Pump N' Dump|1\n|-damage|p2b: Pump N' Dump|69/100\n|move|p1b: Gyarados|Dragon Dance|p1b: Gyarados\n|-boost|p1b: Gyarados|atk|1\n|-boost|p1b: Gyarados|spe|1\n|move|p2a: Raven|Tailwind|p2a: Raven\n|-sidestart|p2: AdjectivePikachu|move: Tailwind\n|\n|-weather|RainDance|[upkeep]\n|upkeep\n|turn|4\n|\n|t:|1776041659\n|move|p2b: Pump N' Dump|Discharge|p1b: Gyarados|[spread] p2a,p1a,p1b\n|-supereffective|p2a: Raven|1\n|-supereffective|p1a: Politoed|1\n|-supereffective|p1b: Gyarados|1\n|-damage|p2a: Raven|50/100\n|-damage|p1a: Politoed|42/100\n|-damage|p1b: Gyarados|52/100\n|move|p2a: Raven|Brave Bird|p1b: Gyarados\n|-damage|p1b: Gyarados|16/100\n|-damage|p2a: Raven|40/100|[from] Recoil\n|move|p1b: Gyarados|Dragon Dance|p1b: Gyarados\n|-boost|p1b: Gyarados|atk|1\n|-boost|p1b: Gyarados|spe|1\n|move|p1a: Politoed|Focus Blast|p2a: Raven\n|-damage|p2a: Raven|10/100\n|\n|-weather|RainDance|[upkeep]\n|-heal|p2a: Raven|16/100|[from] item: Leftovers\n|-heal|p1a: Politoed|48/100|[from] item: Leftovers\n|upkeep\n|turn|5\n|\n|t:|1776041683\n|move|p1a: Politoed|Protect|p1a: Politoed\n|-singleturn|p1a: Politoed|Protect\n|move|p2b: Pump N' Dump|Discharge|p1b: Gyarados|[spread] p2a,p1b\n|-activate|p1a: Politoed|move: Protect\n|-supereffective|p2a: Raven|1\n|-supereffective|p1b: Gyarados|1\n|-damage|p2a: Raven|0 fnt\n|-damage|p1b: Gyarados|0 fnt\n|faint|p2a: Raven\n|faint|p1b: Gyarados\n|\n|-weather|RainDance|[upkeep]\n|-heal|p1a: Politoed|54/100|[from] item: Leftovers\n|upkeep\n|\n|t:|1776041695\n|switch|p2a: Chuck E. Cheese|Maushold-Four, L50|100/100\n|turn|6\n|\n|t:|1776041700\n|move|p2a: Chuck E. Cheese|Helping Hand|p2b: Pump N' Dump\n|-singleturn|p2b: Pump N' Dump|Helping Hand|[of] p2a: Chuck E. Cheese\n|move|p2b: Pump N' Dump|Discharge|p1a: Politoed|[spread] p2a,p1a\n|-supereffective|p1a: Politoed|1\n|-damage|p2a: Chuck E. Cheese|36/100\n|-damage|p1a: Politoed|0 fnt\n|faint|p1a: Politoed\n|\n|win|AdjectivePikachu\n|raw|Hiimoliver's rating: 1000 &rarr; <strong>1000</strong><br />(+0 for losing)\n|raw|AdjectivePikachu's rating: 1043 &rarr; <strong>1072</strong><br />(+29 for winning)\n|c|\u2606AdjectivePikachu|ggg\n",
  "uploadtime": 1776041708,
  "views": 19,
  "formatid": "gen9championsvgc2026regma",
  "rating": 1000,
  "private": 0,
  "password": null
}