{
  "id": "gen9championsvgc2026regma-2584918264",
  "format": "[Gen 9 Champions] VGC 2026 Reg M-A",
  "players": [
    "notagreatrainer",
    "LumiRev"
  ],
  "log": "|j|\u2606notagreatrainer\n|j|\u2606LumiRev\n|t:|1776294424\n|gametype|doubles\n|player|p1|notagreatrainer|cheren-masters|1132\n|player|p2|LumiRev|265|1199\n|gen|9\n|tier|[Gen 9 Champions] VGC 2026 Reg M-A\n|rated|\n|rule|Species Clause: Limit one of each Pok\u00e9mon\n|rule|Item Clause: Limit 1 of each item\n|clearpoke\n|poke|p1|Kingambit, L50, F|\n|poke|p1|Basculegion, L50, M|\n|poke|p1|Sneasler, L50, F|\n|poke|p1|Dragonite, L50, F|\n|poke|p1|Politoed, L50, M|\n|poke|p1|Meganium, L50, M|\n|poke|p2|Glimmora, L50, F|\n|poke|p2|Gardevoir, L50, M|\n|poke|p2|Incineroar, L50, F|\n|poke|p2|Garchomp, L50, M|\n|poke|p2|Rotom-Wash, L50|\n|poke|p2|Corviknight, L50, F|\n|teampreview|4\nnotagreatrainer rejected open team sheets.\n|inactive|Battle timer is ON: inactive players will automatically lose when time's up. (requested by LumiRev)\n|\n|t:|1776294498\n|teamsize|p1|4\n|teamsize|p2|4\n|start\n|switch|p1a: Politoed|Politoed, L50, M|100/100\n|switch|p1b: Basculegion|Basculegion, L50, M|100/100\n|switch|p2a: Garchomp|Garchomp, L50, M|100/100\n|switch|p2b: Corviknight|Corviknight, L50, F|100/100\n|-weather|RainDance|[from] ability: Drizzle|[of] p1a: Politoed\n|turn|1\n|\n|t:|1776294519\n|switch|p2a: Rotom|Rotom-Wash, L50|100/100\n|move|p1b: Basculegion|Wave Crash|p2b: Corviknight\n|-crit|p2b: Corviknight\n|-damage|p2b: Corviknight|0 fnt\n|faint|p2b: Corviknight\n|-damage|p1b: Basculegion|66/100|[from] Recoil\n|move|p1a: Politoed|Muddy Water|p2a: Rotom\n|-resisted|p2a: Rotom|1\n|-damage|p2a: Rotom|78/100\n|\n|-weather|RainDance|[upkeep]\n|upkeep\n|\n|t:|1776294535\n|switch|p2b: Glimmora|Glimmora, L50, F, shiny|100/100\n|turn|2\n|inactive|notagreatrainer has 30 seconds left.\n|\n|t:|1776294561\n|switch|p1b: Kingambit|Kingambit, L50, F|100/100\n|move|p2b: Glimmora|Spiky Shield|p2b: Glimmora\n|-singleturn|p2b: Glimmora|move: Protect\n|move|p2a: Rotom|Thunderbolt|p1b: Kingambit\n|-damage|p1b: Kingambit|58/100\n|move|p1a: Politoed|Muddy Water|p2b: Glimmora|[spread] p2a\n|-activate|p2b: Glimmora|move: Protect\n|-resisted|p2a: Rotom|1\n|-damage|p2a: Rotom|61/100\n|-unboost|p2a: Rotom|accuracy|1\n|\n|-weather|RainDance|[upkeep]\n|upkeep\n|turn|3\n|inactive|notagreatrainer has 30 seconds left.\n|inactive|LumiRev has 30 seconds left.\n|inactive|LumiRev has 20 seconds left.\n|\n|t:|1776294598\n|switch|p2a: Garchomp|Garchomp, L50, M|100/100\n|detailschange|p2b: Glimmora|Glimmora-Mega, L50, F, shiny\n|-mega|p2b: Glimmora|Glimmora|Glimmoranite\n|move|p2b: Glimmora|Sludge Bomb|p1a: Politoed\n|-damage|p1a: Politoed|48/100\n|-enditem|p1a: Politoed|Sitrus Berry|[eat]\n|-heal|p1a: Politoed|73/100|[from] item: Sitrus Berry\n|move|p1a: Politoed|Icy Wind|p2b: Glimmora|[spread] p2a,p2b\n|-supereffective|p2a: Garchomp|2\n|-damage|p2a: Garchomp|64/100\n|-damage|p2b: Glimmora|89/100\n|-unboost|p2a: Garchomp|spe|1\n|-unboost|p2b: Glimmora|spe|1\n|-enditem|p2a: Garchomp|White Herb\n|-clearnegativeboost|p2a: Garchomp|[silent]\n|move|p1b: Kingambit|Iron Head|p2b: Glimmora\n|-supereffective|p2b: Glimmora|1\n|-damage|p2b: Glimmora|0 fnt\n|faint|p2b: Glimmora\n|\n|-weather|RainDance|[upkeep]\n|upkeep\n|\n|t:|1776294616\n|switch|p2b: Rotom|Rotom-Wash, L50|61/100\n|turn|4\n|\n|t:|1776294637\n|move|p1b: Kingambit|Sucker Punch|p2b: Rotom\n|-damage|p2b: Rotom|17/100\n|move|p2a: Garchomp|Earthquake|p1a: Politoed|[spread] p1a,p1b\n|-immune|p2b: Rotom|[from] ability: Levitate\n|-supereffective|p1b: Kingambit|1\n|-damage|p1a: Politoed|26/100\n|-damage|p1b: Kingambit|0 fnt\n|faint|p1b: Kingambit\n|-end|p1b: Kingambit|fallenundefined|[silent]\n|move|p2b: Rotom|Thunderbolt|p1a: Politoed\n|-supereffective|p1a: Politoed|1\n|-damage|p1a: Politoed|0 fnt\n|faint|p1a: Politoed\n|\n|-weather|RainDance|[upkeep]\n|upkeep\n|\n|t:|1776294647\n|switch|p1a: Meganium|Meganium, L50, M|100/100\n|switch|p1b: Basculegion|Basculegion, L50, M|66/100\n|turn|5\n|\n|t:|1776294661\n|detailschange|p1a: Meganium|Meganium-Mega, L50, M\n|-mega|p1a: Meganium|Meganium|Meganiumite\n|move|p1b: Basculegion|Aqua Jet|p2b: Rotom\n|-resisted|p2b: Rotom|1\n|-damage|p2b: Rotom|0 fnt\n|faint|p2b: Rotom\n|move|p2a: Garchomp|Dragon Claw|p1b: Basculegion\n|-damage|p1b: Basculegion|10/100\n|move|p1a: Meganium|Dazzling Gleam|p2a: Garchomp\n|-supereffective|p2a: Garchomp|1\n|-damage|p2a: Garchomp|0 fnt\n|faint|p2a: Garchomp\n|\n|win|notagreatrainer\n|raw|notagreatrainer's rating: 1132 &rarr; <strong>1162</strong><br />(+30 for winning)\n|raw|LumiRev's rating: 1199 &rarr; <strong>1169</strong><br />(-30 for losing)\n|l|\u2606LumiRev\n|player|p2|\n",
  "uploadtime": 1776294676,
  "views": 32,
  "formatid": "gen9championsvgc2026regma",
  "rating": 1162,
  "private": 0,
  "password": null
}