{
  "id": "gen9championsvgc2026regma-2587396308",
  "format": "[Gen 9 Champions] VGC 2026 Reg M-A",
  "players": [
    "ZatX19",
    "Warehouse User"
  ],
  "log": "|j|\u2606ZatX19\n|j|\u2606Warehouse User\n|t:|1776528345\n|gametype|doubles\n|player|p1|ZatX19|n|1096\n|player|p2|Warehouse User|170|1149\n|gen|9\n|tier|[Gen 9 Champions] VGC 2026 Reg M-A\n|rated|\n|rule|Species Clause: Limit one of each Pok\u00e9mon\n|rule|Item Clause: Limit 1 of each item\n|clearpoke\n|poke|p1|Lucario, L50, M|\n|poke|p1|Talonflame, L50, F|\n|poke|p1|Samurott-Hisui, L50, F|\n|poke|p1|Sinistcha, L50|\n|poke|p1|Rotom-Wash, L50|\n|poke|p1|Tyranitar, L50, M|\n|poke|p2|Aegislash, L50, F|\n|poke|p2|Maushold-Four, L50|\n|poke|p2|Azumarill, L50, F|\n|poke|p2|Whimsicott, L50, M|\n|poke|p2|Beedrill, L50, M|\n|poke|p2|Castform, L50, M|\n|teampreview|4\n|inactive|Battle timer is ON: inactive players will automatically lose when time's up. (requested by Warehouse User)\n|\n|t:|1776528370\n|teamsize|p1|4\n|teamsize|p2|4\n|start\n|switch|p1a: Rotom|Rotom-Wash, L50|100/100\n|switch|p1b: Talonflame|Talonflame, L50, F|100/100\n|switch|p2a: Azumarill|Azumarill, L50, F|100/100\n|switch|p2b: Maushold|Maushold-Four, L50|100/100\n|turn|1\n|\n|t:|1776528384\n|move|p1b: Talonflame|Protect|p1b: Talonflame\n|-singleturn|p1b: Talonflame|Protect\n|move|p2b: Maushold|Follow Me|p2b: Maushold\n|-singleturn|p2b: Maushold|move: Follow Me\n|move|p1a: Rotom|Will-O-Wisp|p2b: Maushold\n|-status|p2b: Maushold|brn\n|move|p2a: Azumarill|Belly Drum|p2a: Azumarill\n|-damage|p2a: Azumarill|51/100\n|-setboost|p2a: Azumarill|atk|6|[from] move: Belly Drum\n|\n|-damage|p2b: Maushold|94/100 brn|[from] brn\n|upkeep\n|turn|2\n|\n|t:|1776528400\n|move|p2b: Maushold|Follow Me|p2b: Maushold\n|-singleturn|p2b: Maushold|move: Follow Me\n|move|p1b: Talonflame|Tailwind|p1b: Talonflame\n|-sidestart|p1: ZatX19|move: Tailwind\n|move|p2a: Azumarill|Aqua Jet|p1b: Talonflame\n|-supereffective|p1b: Talonflame|1\n|-damage|p1b: Talonflame|0 fnt\n|faint|p1b: Talonflame\n|move|p1a: Rotom|Thunderbolt|p2b: Maushold\n|-damage|p2b: Maushold|42/100 brn\n|\n|-damage|p2b: Maushold|36/100 brn|[from] brn\n|upkeep\n|\n|t:|1776528408\n|switch|p1b: Lucario|Lucario, L50, M|100/100\n|turn|3\n|\n|t:|1776528424\n|detailschange|p1b: Lucario|Lucario-Mega, L50, M\n|-mega|p1b: Lucario|Lucario|Lucarionite\n|move|p2b: Maushold|Follow Me|p2b: Maushold\n|-singleturn|p2b: Maushold|move: Follow Me\n|move|p1b: Lucario|Bullet Punch|p2b: Maushold\n|-damage|p2b: Maushold|0 fnt\n|faint|p2b: Maushold\n|move|p2a: Azumarill|Aqua Jet|p1b: Lucario\n|-damage|p1b: Lucario|0 fnt\n|faint|p1b: Lucario\n|move|p1a: Rotom|Thunderbolt|p2a: Azumarill\n|-supereffective|p2a: Azumarill|1\n|-damage|p2a: Azumarill|0 fnt\n|faint|p2a: Azumarill\n|\n|upkeep\n|\n|t:|1776528442\n|switch|p2b: Whimsicott|Whimsicott, L50, M|100/100\n|switch|p1b: Sinistcha|Sinistcha, L50|100/100\n|switch|p2a: Aegislash|Aegislash, L50, F|100/100\n|turn|4\n|\n|t:|1776528453\n|move|p1a: Rotom|Will-O-Wisp|p2a: Aegislash\n|-status|p2a: Aegislash|brn\n|move|p2b: Whimsicott|Energy Ball|p1a: Rotom\n|-supereffective|p1a: Rotom|1\n|-damage|p1a: Rotom|39/100\n|-enditem|p1a: Rotom|Sitrus Berry|[eat]\n|-heal|p1a: Rotom|64/100|[from] item: Sitrus Berry\n|move|p1b: Sinistcha|Matcha Gotcha|p2b: Whimsicott|[spread] p2a,p2b\n|-resisted|p2a: Aegislash|1\n|-resisted|p2b: Whimsicott|1\n|-damage|p2a: Aegislash|91/100 brn\n|-damage|p2b: Whimsicott|82/100\n|move|p2a: Aegislash|Swords Dance|p2a: Aegislash\n|-boost|p2a: Aegislash|atk|2\n|\n|-damage|p2a: Aegislash|85/100 brn|[from] brn\n|upkeep\n|turn|5\n|\n|t:|1776528476\n|move|p1a: Rotom|Protect|p1a: Rotom\n|-singleturn|p1a: Rotom|Protect\n|move|p2b: Whimsicott|Energy Ball|p1a: Rotom\n|-activate|p1a: Rotom|move: Protect\n|move|p1b: Sinistcha|Life Dew||[still]|[spread] p1a,p1b\n|-heal|p1a: Rotom|89/100\n|-fail|p1b: Sinistcha|heal\n|move|p2a: Aegislash|Swords Dance|p2a: Aegislash\n|-boost|p2a: Aegislash|atk|2\n|\n|-damage|p2a: Aegislash|79/100 brn|[from] brn\n|-sideend|p1: ZatX19|move: Tailwind\n|upkeep\n|turn|6\n|\n|t:|1776528493\n|-formechange|p2a: Aegislash|Aegislash-Blade|\n|move|p2a: Aegislash|Shadow Sneak|p1b: Sinistcha\n|-supereffective|p1b: Sinistcha|1\n|-damage|p1b: Sinistcha|31/100\n|move|p2b: Whimsicott|Energy Ball|p1a: Rotom\n|-supereffective|p1a: Rotom|1\n|-damage|p1a: Rotom|19/100\n|move|p1a: Rotom|Hydro Pump|p2a: Aegislash\n|-damage|p2a: Aegislash|0 fnt\n|faint|p2a: Aegislash\n|move|p1b: Sinistcha|Life Dew|p1b: Sinistcha|[spread] p1a,p1b\n|-heal|p1a: Rotom|44/100\n|-heal|p1b: Sinistcha|57/100\n|\n|upkeep\n|turn|7\n|\n|t:|1776528511\n|move|p1a: Rotom|Protect|p1a: Rotom\n|-singleturn|p1a: Rotom|Protect\n|move|p2b: Whimsicott|Energy Ball|p1a: Rotom\n|-activate|p1a: Rotom|move: Protect\n|move|p1b: Sinistcha|Life Dew|p1b: Sinistcha|[spread] p1a,p1b\n|-heal|p1a: Rotom|69/100\n|-heal|p1b: Sinistcha|82/100\n|\n|upkeep\n|turn|8\n|\n|t:|1776528523\n|move|p2b: Whimsicott|Encore|p1a: Rotom\n|-start|p1a: Rotom|Encore\n|move|p1a: Rotom|Protect||[still]\n|-fail|p1a: Rotom\n|move|p1b: Sinistcha|Life Dew|p1b: Sinistcha|[spread] p1a,p1b\n|-heal|p1a: Rotom|93/100\n|-heal|p1b: Sinistcha|100/100\n|\n|upkeep\n|turn|9\n|\n|t:|1776528533\n|move|p1a: Rotom|Protect|p1a: Rotom\n|-singleturn|p1a: Rotom|Protect\n|move|p2b: Whimsicott|Energy Ball|p1a: Rotom\n|-activate|p1a: Rotom|move: Protect\n|move|p1b: Sinistcha|Matcha Gotcha|p2b: Whimsicott\n|-resisted|p2b: Whimsicott|1\n|-damage|p2b: Whimsicott|54/100\n|\n|upkeep\n|turn|10\n|\n|t:|1776528544\n|move|p1a: Rotom|Protect||[still]\n|-fail|p1a: Rotom\n|move|p2b: Whimsicott|Energy Ball|p1a: Rotom\n|-supereffective|p1a: Rotom|1\n|-damage|p1a: Rotom|29/100\n|move|p1b: Sinistcha|Matcha Gotcha|p2b: Whimsicott\n|-resisted|p2b: Whimsicott|1\n|-damage|p2b: Whimsicott|28/100\n|\n|-end|p1a: Rotom|Encore\n|upkeep\n|turn|11\n|\n|t:|1776528558\n|move|p2b: Whimsicott|Energy Ball|p1a: Rotom\n|-supereffective|p1a: Rotom|1\n|-damage|p1a: Rotom|0 fnt\n|faint|p1a: Rotom\n|move|p1b: Sinistcha|Matcha Gotcha|p2b: Whimsicott\n|-resisted|p2b: Whimsicott|1\n|-damage|p2b: Whimsicott|0 fnt\n|faint|p2b: Whimsicott\n|\n|win|ZatX19\n|raw|ZatX19's rating: 1096 &rarr; <strong>1125</strong><br />(+29 for winning)\n|raw|Warehouse User's rating: 1149 &rarr; <strong>1120</strong><br />(-29 for losing)\n|l|\u2606ZatX19\n|player|p1|\n",
  "uploadtime": 1776528567,
  "views": 12,
  "formatid": "gen9championsvgc2026regma",
  "rating": 1120,
  "private": 0,
  "password": null
}