{
  "id": "gen9championsvgc2026regma-2586024672",
  "format": "[Gen 9 Champions] VGC 2026 Reg M-A",
  "players": [
    "Poyogobrr",
    "le noel\u2744"
  ],
  "log": "|j|\u2606Poyogobrr\n|j|\u2606le noel\u2744\n|t:|1776391353\n|gametype|doubles\n|player|p1|Poyogobrr|101|\n|player|p2|le noel\u2744|101|\n|gen|9\n|tier|[Gen 9 Champions] VGC 2026 Reg M-A\n|rule|Species Clause: Limit one of each Pok\u00e9mon\n|rule|Item Clause: Limit 1 of each item\n|clearpoke\n|poke|p1|Hawlucha, L50, M|\n|poke|p1|Garchomp, L50, M|\n|poke|p1|Tinkaton, L50, F|\n|poke|p1|Kingambit, L50, M|\n|poke|p1|Altaria, L50, M|\n|poke|p1|Rotom-Wash, L50|\n|poke|p2|Manectric, L50, M|\n|poke|p2|Garchomp, L50, M|\n|poke|p2|Ninetales-Alola, L50, F|\n|poke|p2|Talonflame, L50, F|\n|poke|p2|Primarina, L50, F|\n|poke|p2|Typhlosion-Hisui, L50, M|\n|teampreview|4\n|inactive|Battle timer is ON: inactive players will automatically lose when time's up. (requested by le noel\u2744)\n|\n|t:|1776391370\n|teamsize|p1|4\n|teamsize|p2|4\n|start\n|switch|p1a: Altaria|Altaria, L50, M|100/100\n|switch|p1b: Hawlucha|Hawlucha, L50, M|100/100\n|switch|p2a: Ninetales|Ninetales-Alola, L50, F|100/100\n|switch|p2b: Talonflame|Talonflame, L50, F|100/100\n|-weather|Snowscape|[from] ability: Snow Warning|[of] p2a: Ninetales\n|-ability|p1b: Hawlucha|Mold Breaker\n|-ability|p1a: Altaria|Cloud Nine\n|turn|1\n|\n|t:|1776391390\n|detailschange|p1a: Altaria|Altaria-Mega, L50, M\n|-mega|p1a: Altaria|Altaria|Altarianite\n|move|p1b: Hawlucha|Protect|p1b: Hawlucha\n|-singleturn|p1b: Hawlucha|Protect\n|move|p2b: Talonflame|Acrobatics|p1b: Hawlucha\n|-activate|p1b: Hawlucha|move: Protect\n|move|p2a: Ninetales|Blizzard|p1b: Hawlucha|[spread] p1a\n|-activate|p1b: Hawlucha|move: Protect\n|-supereffective|p1a: Altaria|1\n|-damage|p1a: Altaria|43/100\n|move|p1a: Altaria|Tailwind|p1a: Altaria\n|-sidestart|p1: Poyogobrr|move: Tailwind\n|\n|-weather|Snowscape|[upkeep]\n|upkeep\n|turn|2\n|inactive|Poyogobrr has 30 seconds left.\n|inactive|Poyogobrr has 20 seconds left.\n|inactive|Poyogobrr has 15 seconds left.\n|\n|t:|1776391431\n|switch|p1b: Kingambit|Kingambit, L50, M|100/100\n|move|p2b: Talonflame|Tailwind|p2b: Talonflame\n|-sidestart|p2: le noel\u2744|move: Tailwind\n|move|p2a: Ninetales|Blizzard|p1b: Kingambit|[spread] p1a,p1b\n|-supereffective|p1a: Altaria|1\n|-resisted|p1b: Kingambit|1\n|-damage|p1a: Altaria|0 fnt\n|-damage|p1b: Kingambit|86/100\n|faint|p1a: Altaria\n|\n|-weather|Snowscape|[upkeep]\n|upkeep\n|\n|t:|1776391446\n|switch|p1a: Rotom|Rotom-Wash, L50|100/100\n|turn|3\n|\n|t:|1776391459\n|switch|p2a: Garchomp|Garchomp, L50, M|100/100\n|move|p2b: Talonflame|Protect|p2b: Talonflame\n|-singleturn|p2b: Talonflame|Protect\n|move|p1a: Rotom|Thunderbolt|p2a: Garchomp\n|-immune|p2a: Garchomp\n|move|p1b: Kingambit|Iron Head|p2a: Garchomp\n|-damage|p2a: Garchomp|56/100\n|\n|-weather|Snowscape|[upkeep]\n|upkeep\n|turn|4\n|inactive|le noel\u2744 has 30 seconds left.\n|\n|t:|1776391491\n|move|p2b: Talonflame|Acrobatics|p1a: Rotom\n|-resisted|p1a: Rotom|1\n|-damage|p1a: Rotom|70/100\n|move|p2a: Garchomp|Earthquake|p1b: Kingambit|[spread] p1b\n|-immune|p2b: Talonflame\n|-immune|p1a: Rotom|[from] ability: Levitate\n|-supereffective|p1b: Kingambit|1\n|-damage|p1b: Kingambit|12/100\n|move|p1a: Rotom|Hydro Pump|p2b: Talonflame\n|-supereffective|p2b: Talonflame|1\n|-damage|p2b: Talonflame|0 fnt\n|faint|p2b: Talonflame\n|move|p1b: Kingambit|Guillotine|p2a: Garchomp|[miss]\n|-miss|p1b: Kingambit|p2a: Garchomp\n|\n|-weather|Snowscape|[upkeep]\n|-sideend|p1: Poyogobrr|move: Tailwind\n|upkeep\n|\n|t:|1776391504\n|switch|p2b: Ninetales|Ninetales-Alola, L50, F|100/100\n|turn|5\n|\n|t:|1776391517\n|detailschange|p2a: Garchomp|Garchomp-Mega, L50, M\n|-mega|p2a: Garchomp|Garchomp|Garchompite\n|move|p1a: Rotom|Protect|p1a: Rotom\n|-singleturn|p1a: Rotom|Protect\n|move|p1b: Kingambit|Sucker Punch|p2a: Garchomp\n|-damage|p2a: Garchomp|9/100\n|move|p2b: Ninetales|Blizzard|p1a: Rotom|[spread] p1b\n|-activate|p1a: Rotom|move: Protect\n|-resisted|p1b: Kingambit|1\n|-damage|p1b: Kingambit|0 fnt\n|faint|p1b: Kingambit\n|move|p2a: Garchomp|Dragon Claw|p1a: Rotom\n|-activate|p1a: Rotom|move: Protect\n|\n|-weather|none\n|-sideend|p2: le noel\u2744|move: Tailwind\n|upkeep\n|\n|t:|1776391524\n|switch|p1b: Hawlucha|Hawlucha, L50, M|100/100\n|-ability|p1b: Hawlucha|Mold Breaker\n|turn|6\n|inactive|Poyogobrr has 30 seconds left.\n|\n|t:|1776391556\n|move|p1b: Hawlucha|Protect|p1b: Hawlucha\n|-singleturn|p1b: Hawlucha|Protect\n|move|p2b: Ninetales|Moonblast|p1b: Hawlucha\n|-activate|p1b: Hawlucha|move: Protect\n|move|p1a: Rotom|Shadow Ball|p2a: Garchomp\n|-damage|p2a: Garchomp|0 fnt\n|faint|p2a: Garchomp\n|\n|upkeep\n|\n|t:|1776391563\n|switch|p2a: Primarina|Primarina, L50, F|100/100\n|turn|7\n|\n|t:|1776391580\n|move|p2b: Ninetales|Moonblast|p1a: Rotom\n|-damage|p1a: Rotom|24/100\n|move|p1b: Hawlucha|Stone Edge|p2b: Ninetales\n|-supereffective|p2b: Ninetales|1\n|-damage|p2b: Ninetales|10/100\n|move|p1a: Rotom|Thunderbolt|p2a: Primarina\n|-supereffective|p2a: Primarina|1\n|-damage|p2a: Primarina|20/100\n|move|p2a: Primarina|Moonblast|p1a: Rotom\n|-damage|p1a: Rotom|0 fnt\n|faint|p1a: Rotom\n|\n|-heal|p2a: Primarina|26/100|[from] item: Leftovers\n|upkeep\n|turn|8\n|\n|t:|1776391594\n|move|p2b: Ninetales|Moonblast|p1b: Hawlucha\n|-supereffective|p1b: Hawlucha|1\n|-crit|p1b: Hawlucha\n|-damage|p1b: Hawlucha|0 fnt\n|faint|p1b: Hawlucha\n|\n|win|le noel\u2744\n|l|\u2606Poyogobrr\n|player|p1|\n|l|\u2606le noel\u2744\n|player|p2|\n|j|\u2606le noel\u2744\n|player|p2|le noel\u2744|101|\n",
  "uploadtime": 1776391938,
  "views": 23,
  "formatid": "gen9championsvgc2026regma",
  "rating": null,
  "private": 0,
  "password": null
}