{
  "id": "gen9championsvgc2026regma-2586347037",
  "format": "[Gen 9 Champions] VGC 2026 Reg M-A",
  "players": [
    "Crit Merchant",
    "testhan92"
  ],
  "log": "|j|\u2606Crit Merchant\n|j|\u2606testhan92\n|t:|1776427502\n|gametype|doubles\n|player|p1|Crit Merchant|101|1289\n|player|p2|testhan92|265|1383\n|gen|9\n|tier|[Gen 9 Champions] VGC 2026 Reg M-A\n|rated|\n|rule|Species Clause: Limit one of each Pok\u00e9mon\n|rule|Item Clause: Limit 1 of each item\n|clearpoke\n|poke|p1|Froslass, L50, F|\n|poke|p1|Jolteon, L50, M|\n|poke|p1|Typhlosion-Hisui, L50, M|\n|poke|p1|Oranguru, L50, F|\n|poke|p1|Garchomp, L50, M|\n|poke|p1|Hydreigon, L50, F|\n|poke|p2|Charizard, L50, M|\n|poke|p2|Sneasler, L50, F|\n|poke|p2|Aegislash, L50, M|\n|poke|p2|Floette-Eternal, L50, F|\n|poke|p2|Sinistcha, L50|\n|poke|p2|Incineroar, L50, M|\n|teampreview|4\n|\n|t:|1776427547\n|teamsize|p1|4\n|teamsize|p2|4\n|start\n|switch|p1a: Hydreigon|Hydreigon, L50, F|100/100\n|switch|p1b: Typhlosion|Typhlosion-Hisui, L50, M|100/100\n|switch|p2a: Floette|Floette-Eternal, L50, F|100/100\n|switch|p2b: Incineroar|Incineroar, L50, M|100/100\n|-item|p2a: Floette|Floettite|[from] ability: Frisk|[of] p1b: Typhlosion\n|-item|p2b: Incineroar|Sitrus Berry|[from] ability: Frisk|[of] p1b: Typhlosion\n|-ability|p2b: Incineroar|Intimidate|boost\n|-unboost|p1a: Hydreigon|atk|1\n|-unboost|p1b: Typhlosion|atk|1\n|turn|1\n|inactive|Battle timer is ON: inactive players will automatically lose when time's up. (requested by testhan92)\n|\n|t:|1776427580\n|move|p1a: Hydreigon|Protect|p1a: Hydreigon\n|-singleturn|p1a: Hydreigon|Protect\n|move|p2a: Floette|Protect|p2a: Floette\n|-singleturn|p2a: Floette|Protect\n|move|p1b: Typhlosion|Eruption|p2b: Incineroar|[spread] p2b\n|-activate|p2a: Floette|move: Protect\n|-resisted|p2b: Incineroar|1\n|-damage|p2b: Incineroar|78/100\n|move|p2b: Incineroar|Parting Shot|p1b: Typhlosion\n|-unboost|p1b: Typhlosion|atk|1\n|-unboost|p1b: Typhlosion|spa|1\n|\n|t:|1776427593\n|switch|p2b: Aegislash|Aegislash, L50, M|100/100|[from] Parting Shot\n|\n|upkeep\n|turn|2\n|\n|t:|1776427607\n|switch|p1b: Oranguru|Oranguru, L50, F|100/100\n|detailschange|p2a: Floette|Floette-Mega, L50, F\n|-mega|p2a: Floette|Floette|Floettite\n|-ability|p2a: Floette|Fairy Aura\n|move|p2b: Aegislash|Wide Guard|p2b: Aegislash\n|-singleturn|p2b: Aegislash|Wide Guard\n|move|p1a: Hydreigon|Tailwind|p1a: Hydreigon\n|-sidestart|p1: Crit Merchant|move: Tailwind\n|move|p2a: Floette|Calm Mind|p2a: Floette\n|-boost|p2a: Floette|spa|1\n|-boost|p2a: Floette|spd|1\n|\n|upkeep\n|turn|3\n|\n|t:|1776427632\n|switch|p2b: Incineroar|Incineroar, L50, M|78/100\n|-ability|p2b: Incineroar|Intimidate|boost\n|-unboost|p1a: Hydreigon|atk|1\n|-unboost|p1b: Oranguru|atk|1\n|move|p2a: Floette|Protect|p2a: Floette\n|-singleturn|p2a: Floette|Protect\n|move|p1a: Hydreigon|Dark Pulse|p2b: Incineroar\n|-resisted|p2b: Incineroar|1\n|-damage|p2b: Incineroar|60/100\n|move|p1b: Oranguru|Instruct|p1a: Hydreigon\n|-singleturn|p1a: Hydreigon|move: Instruct|[of] p1b: Oranguru\n|move|p1a: Hydreigon|Dark Pulse|p2b: Incineroar\n|-resisted|p2b: Incineroar|1\n|-damage|p2b: Incineroar|42/100\n|-enditem|p2b: Incineroar|Sitrus Berry|[eat]\n|-heal|p2b: Incineroar|67/100|[from] item: Sitrus Berry\n|\n|upkeep\n|turn|4\n|inactive|Crit Merchant has 30 seconds left.\n|\n|t:|1776427658\n|move|p2b: Incineroar|Fake Out|p1b: Oranguru\n|-damage|p1b: Oranguru|92/100\n|move|p1a: Hydreigon|Draco Meteor|p2b: Incineroar\n|-damage|p2b: Incineroar|13/100\n|-unboost|p1a: Hydreigon|spa|2\n|cant|p1b: Oranguru|flinch\n|move|p2a: Floette|Dazzling Gleam|p1b: Oranguru|[spread] p1a,p1b\n|-supereffective|p1a: Hydreigon|2\n|-enditem|p1a: Hydreigon|Roseli Berry|[eat]\n|-enditem|p1a: Hydreigon|Roseli Berry|[weaken]\n|-damage|p1a: Hydreigon|0 fnt\n|-damage|p1b: Oranguru|42/100\n|faint|p1a: Hydreigon\n|\n|upkeep\n|\n|t:|1776427668\n|switch|p1a: Typhlosion|Typhlosion-Hisui, L50, M|100/100\n|-item|p2a: Floette|Floettite|[from] ability: Frisk|[of] p1a: Typhlosion\n|turn|5\n|inactive|testhan92 has 30 seconds left.\n|\n|t:|1776427693\n|switch|p2b: Aegislash|Aegislash, L50, M|100/100\n|move|p1a: Typhlosion|Heat Wave|p2b: Aegislash|[spread] p2a,p2b\n|-supereffective|p2b: Aegislash|1\n|-damage|p2a: Floette|84/100\n|-damage|p2b: Aegislash|49/100\n|move|p1b: Oranguru|Instruct|p1a: Typhlosion\n|-singleturn|p1a: Typhlosion|move: Instruct|[of] p1b: Oranguru\n|move|p1a: Typhlosion|Heat Wave|p2b: Aegislash|[spread] p2a\n|-miss|p1a: Typhlosion|p2b: Aegislash\n|-damage|p2a: Floette|67/100\n|-status|p2a: Floette|brn\n|move|p2a: Floette|Draining Kiss|p1a: Typhlosion\n|-resisted|p1a: Typhlosion|1\n|-damage|p1a: Typhlosion|66/100\n|-heal|p2a: Floette|88/100 brn|[from] drain|[of] p1a: Typhlosion\n|\n|-damage|p2a: Floette|82/100 brn|[from] brn\n|-sideend|p1: Crit Merchant|move: Tailwind\n|upkeep\n|turn|6\n|inactive|Crit Merchant has 30 seconds left.\n|inactive|testhan92 has 30 seconds left.\n|\n|t:|1776427726\n|switch|p1a: Garchomp|Garchomp, L50, M|100/100\n|move|p2b: Aegislash|Wide Guard|p2b: Aegislash\n|-singleturn|p2b: Aegislash|Wide Guard\n|move|p2a: Floette|Draining Kiss|p1a: Garchomp\n|-supereffective|p1a: Garchomp|1\n|-damage|p1a: Garchomp|0 fnt\n|-heal|p2a: Floette|100/100 brn|[from] drain|[of] p1a: Garchomp\n|-damage|p2a: Floette|88/100 brn|[from] ability: Rough Skin|[of] p1a: Garchomp\n|faint|p1a: Garchomp\n|move|p1b: Oranguru|Psychic|p2a: Floette\n|-damage|p2a: Floette|75/100 brn\n|\n|-damage|p2a: Floette|69/100 brn|[from] brn\n|upkeep\n|\n|t:|1776427731\n|switch|p1a: Typhlosion|Typhlosion-Hisui, L50, M|66/100\n|-item|p2a: Floette|Floettite|[from] ability: Frisk|[of] p1a: Typhlosion\n|-item|p2b: Aegislash|Black Belt|[from] ability: Frisk|[of] p1a: Typhlosion\n|turn|7\n|\n|t:|1776427747\n|-formechange|p2b: Aegislash|Aegislash-Blade|\n|move|p2b: Aegislash|Shadow Sneak|p1a: Typhlosion\n|-supereffective|p1a: Typhlosion|1\n|-damage|p1a: Typhlosion|0 fnt\n|faint|p1a: Typhlosion\n|move|p2a: Floette|Dazzling Gleam|p1b: Oranguru\n|-damage|p1b: Oranguru|0 fnt\n|faint|p1b: Oranguru\n|\n|win|testhan92\n|raw|Crit Merchant's rating: 1289 &rarr; <strong>1271</strong><br />(-18 for losing)\n|raw|testhan92's rating: 1383 &rarr; <strong>1398</strong><br />(+15 for winning)\n|l|\u2606Crit Merchant\n|player|p1|\n",
  "uploadtime": 1776427761,
  "views": 57,
  "formatid": "gen9championsvgc2026regma",
  "rating": 1271,
  "private": 0,
  "password": null
}