{
  "id": "gen9championsvgc2026regma-2582228278",
  "format": "[Gen 9 Champions] VGC 2026 Reg M-A",
  "players": [
    "huasheng54",
    "Niko highway"
  ],
  "log": "|j|\u2606huasheng54\n|j|\u2606Niko highway\n|t:|1776073706\n|gametype|doubles\n|player|p1|huasheng54|hilbert-wonderlauncher|1335\n|player|p2|Niko highway|266|1386\n|gen|9\n|tier|[Gen 9 Champions] VGC 2026 Reg M-A\n|rated|\n|rule|Species Clause: Limit one of each Pok\u00e9mon\n|rule|Item Clause: Limit 1 of each item\n|clearpoke\n|poke|p1|Froslass, L50, F|\n|poke|p1|Sneasler, L50, M|\n|poke|p1|Talonflame, L50, M|\n|poke|p1|Milotic, L50, F|\n|poke|p1|Garchomp, L50, M|\n|poke|p1|Kingambit, L50, F|\n|poke|p2|Incineroar, L50, M|\n|poke|p2|Conkeldurr, L50, M|\n|poke|p2|Sinistcha, L50|\n|poke|p2|Cofagrigus, L50, F|\n|poke|p2|Drampa, L50, F|\n|poke|p2|Aggron, L50, F|\n|teampreview|4\n|inactive|Battle timer is ON: inactive players will automatically lose when time's up. (requested by huasheng54)\n|inactive|Niko highway has 60 seconds left.\n|\n|t:|1776073754\n|teamsize|p1|4\n|teamsize|p2|4\n|start\n|switch|p1a: Sneasler|Sneasler, L50, M|100/100\n|switch|p1b: Froslass|Froslass, L50, F|100/100\n|switch|p2a: Conkeldurr|Conkeldurr, L50, M|100/100\n|switch|p2b: Cofagrigus|Cofagrigus, L50, F|100/100\n|turn|1\n|\n|t:|1776073771\n|detailschange|p1b: Froslass|Froslass-Mega, L50, F\n|-mega|p1b: Froslass|Froslass|Froslassite\n|-weather|Snowscape|[from] ability: Snow Warning|[of] p1b: Froslass\n|move|p1a: Sneasler|Dire Claw|p2b: Cofagrigus\n|-resisted|p2b: Cofagrigus|1\n|-damage|p2b: Cofagrigus|86/100\n|-activate|p2b: Cofagrigus|ability: Mummy|p1a: Sneasler|[ability] Unburden\n|move|p1b: Froslass|Blizzard|p2a: Conkeldurr|[spread] p2a,p2b\n|-damage|p2a: Conkeldurr|50/100\n|-damage|p2b: Cofagrigus|39/100\n|move|p2a: Conkeldurr|Knock Off|p1b: Froslass\n|-supereffective|p1b: Froslass|1\n|-damage|p1b: Froslass|50/100\n|move|p2b: Cofagrigus|Trick Room|p2b: Cofagrigus\n|-fieldstart|move: Trick Room|[of] p2b: Cofagrigus\n|\n|-weather|Snowscape|[upkeep]\n|-heal|p2b: Cofagrigus|45/100|[from] item: Leftovers\n|upkeep\n|turn|2\n|\n|t:|1776073789\n|switch|p1a: Talonflame|Talonflame, L50, M|100/100\n|move|p1b: Froslass|Protect|p1b: Froslass\n|-singleturn|p1b: Froslass|Protect\n|move|p2b: Cofagrigus|Shadow Ball|p1b: Froslass\n|-activate|p1b: Froslass|move: Protect\n|move|p2a: Conkeldurr|Drain Punch|p1a: Talonflame\n|-resisted|p1a: Talonflame|1\n|-damage|p1a: Talonflame|50/100\n|-heal|p2a: Conkeldurr|68/100|[from] drain|[of] p1a: Talonflame\n|\n|-weather|Snowscape|[upkeep]\n|-heal|p2b: Cofagrigus|52/100|[from] item: Leftovers\n|upkeep\n|turn|3\n|\n|t:|1776073804\n|move|p2b: Cofagrigus|Shadow Ball|p1b: Froslass\n|-supereffective|p1b: Froslass|1\n|-damage|p1b: Froslass|0 fnt\n|faint|p1b: Froslass\n|move|p2a: Conkeldurr|Drain Punch|p1a: Talonflame\n|-resisted|p1a: Talonflame|1\n|-damage|p1a: Talonflame|0 fnt\n|-heal|p2a: Conkeldurr|86/100|[from] drain|[of] p1a: Talonflame\n|faint|p1a: Talonflame\n|\n|-weather|Snowscape|[upkeep]\n|-heal|p2b: Cofagrigus|58/100|[from] item: Leftovers\n|upkeep\n|\n|t:|1776073808\n|switch|p1b: Sneasler|Sneasler, L50, M|100/100\n|switch|p1a: Kingambit|Kingambit, L50, F|100/100\n|turn|4\n|\n|t:|1776073817\n|move|p1b: Sneasler|Fake Out|p2a: Conkeldurr\n|-damage|p2a: Conkeldurr|75/100\n|move|p2b: Cofagrigus|Will-O-Wisp|p1a: Kingambit\n|-status|p1a: Kingambit|brn\n|cant|p2a: Conkeldurr|flinch\n|move|p1a: Kingambit|Kowtow Cleave|p2b: Cofagrigus\n|-supereffective|p2b: Cofagrigus|1\n|-damage|p2b: Cofagrigus|19/100\n|-activate|p2b: Cofagrigus|ability: Mummy|p1a: Kingambit|[ability] Defiant\n|\n|-weather|Snowscape|[upkeep]\n|-heal|p2b: Cofagrigus|25/100|[from] item: Leftovers\n|-damage|p1a: Kingambit|95/100 brn|[from] brn\n|upkeep\n|turn|5\n|-message|huasheng54 forfeited.\n|\n|win|Niko highway\n|raw|huasheng54's rating: 1335 &rarr; <strong>1318</strong><br />(-17 for losing)\n|raw|Niko highway's rating: 1386 &rarr; <strong>1403</strong><br />(+17 for winning)\n|l|\u2606huasheng54\n|player|p1|\n",
  "uploadtime": 1776073825,
  "views": 59,
  "formatid": "gen9championsvgc2026regma",
  "rating": 1318,
  "private": 0,
  "password": null
}