{
  "id": "gen9championsvgc2026regma-2584552251",
  "format": "[Gen 9 Champions] VGC 2026 Reg M-A",
  "players": [
    "toxicIRL",
    "thealex610"
  ],
  "log": "|j|\u2606toxicIRL\n|j|\u2606thealex610\n|t:|1776268274\n|gametype|doubles\n|player|p1|toxicIRL|burglar|1047\n|player|p2|thealex610|101|1129\n|gen|9\n|tier|[Gen 9 Champions] VGC 2026 Reg M-A\n|rated|\n|rule|Species Clause: Limit one of each Pok\u00e9mon\n|rule|Item Clause: Limit 1 of each item\n|clearpoke\n|poke|p1|Tyranitar, L50, F|\n|poke|p1|Excadrill, L50, F|\n|poke|p1|Gardevoir, L50, F|\n|poke|p1|Rotom-Wash, L50|\n|poke|p1|Sinistcha, L50|\n|poke|p1|Incineroar, L50, M|\n|poke|p2|Sneasler, L50, M|\n|poke|p2|Talonflame, L50, F|\n|poke|p2|Milotic, L50, F|\n|poke|p2|Aegislash, L50, F|\n|poke|p2|Scizor, L50, F|\n|poke|p2|Tyranitar, L50, F|\n|teampreview|4\n|\n|t:|1776268301\n|teamsize|p1|4\n|teamsize|p2|4\n|start\n|switch|p1a: Incineroar|Incineroar, L50, M|100/100\n|switch|p1b: Excadrill|Excadrill, L50, F|100/100\n|switch|p2a: Milotic|Milotic, L50, F|100/100\n|switch|p2b: Sneasler|Sneasler, L50, M|100/100\n|-ability|p1a: Incineroar|Intimidate|boost\n|-unboost|p2a: Milotic|atk|1\n|-ability|p2a: Milotic|Competitive|boost\n|-boost|p2a: Milotic|spa|2\n|-unboost|p2b: Sneasler|atk|1\n|-enditem|p2b: Sneasler|White Herb\n|-clearnegativeboost|p2b: Sneasler|[silent]\n|turn|1\n|\n|t:|1776268324\n|move|p2b: Sneasler|Fake Out|p1a: Incineroar\n|-damage|p1a: Incineroar|89/100\n|cant|p1a: Incineroar|flinch\n|move|p1b: Excadrill|High Horsepower|p2b: Sneasler\n|-supereffective|p2b: Sneasler|1\n|-damage|p2b: Sneasler|0 fnt\n|faint|p2b: Sneasler\n|move|p2a: Milotic|Scald|p1b: Excadrill\n|-supereffective|p1b: Excadrill|1\n|-enditem|p1b: Excadrill|Focus Sash\n|-damage|p1b: Excadrill|1/100\n|-status|p1b: Excadrill|brn\n|\n|-damage|p1b: Excadrill|0 fnt|[from] brn\n|faint|p1b: Excadrill\n|upkeep\n|\n|t:|1776268343\n|switch|p2b: Aegislash|Aegislash, L50, F|100/100\n|switch|p1b: Rotom|Rotom-Wash, L50|100/100\n|turn|2\n|\n|t:|1776268365\n|move|p2a: Milotic|Icy Wind|p1a: Incineroar|[spread] p1a,p1b\n|-resisted|p1a: Incineroar|1\n|-resisted|p1b: Rotom|1\n|-damage|p1a: Incineroar|78/100\n|-damage|p1b: Rotom|88/100\n|-unboost|p1a: Incineroar|spe|1\n|-unboost|p1b: Rotom|spe|1\n|move|p1b: Rotom|Will-O-Wisp|p2b: Aegislash|[miss]\n|-miss|p1b: Rotom|p2b: Aegislash\n|-formechange|p2b: Aegislash|Aegislash-Blade|\n|move|p2b: Aegislash|Sacred Sword|p1a: Incineroar\n|-supereffective|p1a: Incineroar|1\n|-enditem|p1a: Incineroar|Chople Berry|[eat]\n|-enditem|p1a: Incineroar|Chople Berry|[weaken]\n|-damage|p1a: Incineroar|54/100\n|move|p1a: Incineroar|Throat Chop|p2a: Milotic\n|-damage|p2a: Milotic|61/100\n|-start|p2a: Milotic|Throat Chop|[silent]\n|\n|-heal|p1b: Rotom|94/100|[from] item: Leftovers\n|upkeep\n|turn|3\n|\n|t:|1776268400\n|move|p2a: Milotic|Scald|p1a: Incineroar\n|-supereffective|p1a: Incineroar|1\n|-damage|p1a: Incineroar|0 fnt\n|faint|p1a: Incineroar\n|move|p1b: Rotom|Thunderbolt|p2a: Milotic\n|-supereffective|p2a: Milotic|1\n|-damage|p2a: Milotic|8/100\n|move|p2b: Aegislash|Sacred Sword|p1b: Rotom\n|-damage|p1b: Rotom|67/100\n|\n|-heal|p1b: Rotom|73/100|[from] item: Leftovers\n|-end|p2a: Milotic|Throat Chop|[silent]\n|upkeep\n|\n|t:|1776268413\n|switch|p1a: Tyranitar|Tyranitar, L50, F|100/100\n|-weather|Sandstorm|[from] ability: Sand Stream|[of] p1a: Tyranitar\n|turn|4\n|\n|t:|1776268438\n|detailschange|p1a: Tyranitar|Tyranitar-Mega, L50, F\n|-mega|p1a: Tyranitar|Tyranitar|Tyranitarite\n|move|p2a: Milotic|Scald|p1a: Tyranitar\n|-supereffective|p1a: Tyranitar|1\n|-damage|p1a: Tyranitar|25/100\n|move|p1a: Tyranitar|Rock Slide|p2b: Aegislash|[spread] p2a,p2b\n|-resisted|p2b: Aegislash|1\n|-damage|p2a: Milotic|0 fnt\n|-damage|p2b: Aegislash|73/100\n|faint|p2a: Milotic\n|move|p1b: Rotom|Thunderbolt|p2b: Aegislash\n|-damage|p2b: Aegislash|22/100\n|move|p2b: Aegislash|Sacred Sword|p1b: Rotom\n|-damage|p1b: Rotom|45/100\n|\n|-weather|Sandstorm|[upkeep]\n|-damage|p1b: Rotom|39/100|[from] Sandstorm\n|-heal|p1b: Rotom|45/100|[from] item: Leftovers\n|-heal|p2b: Aegislash|28/100|[from] item: Leftovers\n|upkeep\n|\n|t:|1776268457\n|switch|p2a: Scizor|Scizor, L50, F, shiny|100/100\n|turn|5\n|\n|t:|1776268469\n|detailschange|p2a: Scizor|Scizor-Mega, L50, F, shiny\n|-mega|p2a: Scizor|Scizor|Scizorite\n|move|p1a: Tyranitar|Protect|p1a: Tyranitar\n|-singleturn|p1a: Tyranitar|Protect\n|-formechange|p2b: Aegislash|Aegislash|\n|move|p2b: Aegislash|King's Shield|p2b: Aegislash\n|-singleturn|p2b: Aegislash|Protect\n|move|p2a: Scizor|Bullet Punch|p1a: Tyranitar\n|-activate|p1a: Tyranitar|move: Protect\n|move|p1b: Rotom|Will-O-Wisp|p2a: Scizor\n|-status|p2a: Scizor|brn\n|\n|-weather|Sandstorm|[upkeep]\n|-damage|p1b: Rotom|39/100|[from] Sandstorm\n|-heal|p1b: Rotom|45/100|[from] item: Leftovers\n|-heal|p2b: Aegislash|34/100|[from] item: Leftovers\n|-damage|p2a: Scizor|95/100 brn|[from] brn\n|upkeep\n|turn|6\n|\n|t:|1776268499\n|move|p2a: Scizor|Bullet Punch|p1a: Tyranitar\n|-supereffective|p1a: Tyranitar|1\n|-damage|p1a: Tyranitar|4/100\n|move|p1a: Tyranitar|Crunch|p2b: Aegislash\n|-supereffective|p2b: Aegislash|1\n|-damage|p2b: Aegislash|0 fnt\n|faint|p2b: Aegislash\n|move|p1b: Rotom|Hydro Pump|p2a: Scizor\n|-damage|p2a: Scizor|47/100 brn\n|\n|-weather|Sandstorm|[upkeep]\n|-damage|p1b: Rotom|39/100|[from] Sandstorm\n|-heal|p1b: Rotom|45/100|[from] item: Leftovers\n|-damage|p2a: Scizor|41/100 brn|[from] brn\n|upkeep\n|turn|7\n|\n|t:|1776268517\n|move|p1a: Tyranitar|Protect|p1a: Tyranitar\n|-singleturn|p1a: Tyranitar|Protect\n|move|p2a: Scizor|Bullet Punch|p1a: Tyranitar\n|-activate|p1a: Tyranitar|move: Protect\n|move|p1b: Rotom|Thunderbolt|p2a: Scizor\n|-damage|p2a: Scizor|2/100 brn\n|\n|-weather|Sandstorm|[upkeep]\n|-damage|p1b: Rotom|39/100|[from] Sandstorm\n|-heal|p1b: Rotom|45/100|[from] item: Leftovers\n|-damage|p2a: Scizor|0 fnt|[from] brn\n|faint|p2a: Scizor\n|\n|win|toxicIRL\n|raw|toxicIRL's rating: 1047 &rarr; <strong>1088</strong><br />(+41 for winning)\n|raw|thealex610's rating: 1129 &rarr; <strong>1098</strong><br />(-31 for losing)\n|l|\u2606toxicIRL\n|player|p1|\n",
  "uploadtime": 1776268535,
  "views": 34,
  "formatid": "gen9championsvgc2026regma",
  "rating": 1088,
  "private": 0,
  "password": null
}