{
  "id": "gen9championsvgc2026regma-2587319374",
  "format": "[Gen 9 Champions] VGC 2026 Reg M-A",
  "players": [
    "erikm76",
    "Ikeamp88"
  ],
  "log": "|j|\u2606erikm76\n|j|\u2606Ikeamp88\n|t:|1776521618\n|gametype|doubles\n|player|p1|erikm76|n|1402\n|player|p2|Ikeamp88|2|1346\n|gen|9\n|tier|[Gen 9 Champions] VGC 2026 Reg M-A\n|rated|\n|rule|Species Clause: Limit one of each Pok\u00e9mon\n|rule|Item Clause: Limit 1 of each item\n|clearpoke\n|poke|p1|Kommo-o, L50, F|\n|poke|p1|Tinkaton, L50, F|\n|poke|p1|Gyarados, L50, M|\n|poke|p1|Incineroar, L50, F|\n|poke|p1|Venusaur, L50, M|\n|poke|p1|Aerodactyl, L50, F|\n|poke|p2|Zoroark-Hisui, L50, F|\n|poke|p2|Passimian, L50, F|\n|poke|p2|Delphox, L50, F|\n|poke|p2|Tsareena, L50, F|\n|poke|p2|Rotom-Wash, L50|\n|poke|p2|Aerodactyl, L50, F|\n|teampreview|4\n|\n|t:|1776521657\n|teamsize|p1|4\n|teamsize|p2|4\n|start\n|switch|p1a: Peso Pluma|Kommo-o, L50, F|100/100\n|switch|p1b: GYATrados|Gyarados, L50, M|100/100\n|switch|p2a: Rotom|Rotom-Wash, L50|100/100\n|switch|p2b: Tsareena|Tsareena, L50, F|100/100\n|-ability|p1b: GYATrados|Intimidate|boost\n|-unboost|p2a: Rotom|atk|1\n|-unboost|p2b: Tsareena|atk|1\n|turn|1\n|\n|t:|1776521672\n|move|p2a: Rotom|Electroweb|p1a: Peso Pluma|[spread] p1a,p1b\n|-resisted|p1a: Peso Pluma|1\n|-supereffective|p1b: GYATrados|2\n|-damage|p1a: Peso Pluma|89/100\n|-damage|p1b: GYATrados|17/100\n|-unboost|p1a: Peso Pluma|spe|1\n|-unboost|p1b: GYATrados|spe|1\n|move|p2b: Tsareena|Taunt|p1a: Peso Pluma\n|-start|p1a: Peso Pluma|move: Taunt\n|cant|p1a: Peso Pluma|move: Taunt|Clangorous Soul\n|move|p1b: GYATrados|Crunch|p2b: Tsareena\n|-damage|p2b: Tsareena|70/100\n|\n|-heal|p1a: Peso Pluma|95/100|[from] item: Leftovers\n|upkeep\n|turn|2\n|\n|t:|1776521692\n|switch|p1b: Mrs. Wolfey|Incineroar, L50, F|100/100\n|-ability|p1b: Mrs. Wolfey|Intimidate|boost\n|-unboost|p2a: Rotom|atk|1\n|-unboost|p2b: Tsareena|atk|1\n|move|p2a: Rotom|Electroweb|p1a: Peso Pluma|[spread] p1a,p1b\n|-resisted|p1a: Peso Pluma|1\n|-damage|p1a: Peso Pluma|84/100\n|-damage|p1b: Mrs. Wolfey|87/100\n|-unboost|p1a: Peso Pluma|spe|1\n|-unboost|p1b: Mrs. Wolfey|spe|1\n|move|p2b: Tsareena|Zen Headbutt|p1a: Peso Pluma\n|-supereffective|p1a: Peso Pluma|1\n|-damage|p1a: Peso Pluma|57/100\n|cant|p1a: Peso Pluma|flinch\n|\n|-heal|p1a: Peso Pluma|63/100|[from] item: Leftovers\n|upkeep\n|turn|3\n|\n|t:|1776521713\n|switch|p1b: GYATrados|Gyarados, L50, M|17/100\n|-ability|p1b: GYATrados|Intimidate|boost\n|-unboost|p2a: Rotom|atk|1\n|-unboost|p2b: Tsareena|atk|1\n|move|p2b: Tsareena|Protect|p2b: Tsareena\n|-singleturn|p2b: Tsareena|Protect\n|move|p2a: Rotom|Hydro Pump|p1b: GYATrados\n|-resisted|p1b: GYATrados|1\n|-damage|p1b: GYATrados|0 fnt\n|faint|p1b: GYATrados\n|move|p1a: Peso Pluma|Clanging Scales|p2a: Rotom|[spread] p2a\n|-activate|p2b: Tsareena|move: Protect\n|-damage|p2a: Rotom|48/100\n|-enditem|p2a: Rotom|Sitrus Berry|[eat]\n|-heal|p2a: Rotom|72/100|[from] item: Sitrus Berry\n|-unboost|p1a: Peso Pluma|def|1\n|\n|-heal|p1a: Peso Pluma|69/100|[from] item: Leftovers\n|-end|p1a: Peso Pluma|move: Taunt\n|upkeep\n|\n|t:|1776521741\n|switch|p1b: Teto|Tinkaton, L50, F|100/100\n|-ability|p1b: Teto|Mold Breaker\n|turn|4\n|\n|t:|1776521780\n|move|p1b: Teto|Encore|p2b: Tsareena\n|-start|p2b: Tsareena|Encore\n|move|p2b: Tsareena|Protect|p2b: Tsareena\n|-singleturn|p2b: Tsareena|Protect\n|move|p2a: Rotom|Will-O-Wisp|p1b: Teto\n|-status|p1b: Teto|brn\n|move|p1a: Peso Pluma|Clangorous Soul|p1a: Peso Pluma\n|-boost|p1a: Peso Pluma|atk|1\n|-boost|p1a: Peso Pluma|def|1\n|-boost|p1a: Peso Pluma|spa|1\n|-boost|p1a: Peso Pluma|spd|1\n|-boost|p1a: Peso Pluma|spe|1\n|-damage|p1a: Peso Pluma|36/100\n|\n|-heal|p1a: Peso Pluma|42/100|[from] item: Leftovers\n|-damage|p1b: Teto|94/100 brn|[from] brn\n|upkeep\n|turn|5\n|\n|t:|1776521810\n|move|p2b: Tsareena|Protect||[still]\n|-fail|p2b: Tsareena\n|move|p1b: Teto|Encore|p2a: Rotom\n|-start|p2a: Rotom|Encore\n|move|p2a: Rotom|Will-O-Wisp|p1b: Teto\n|-fail|p1b: Teto|brn\n|move|p1a: Peso Pluma|Clangorous Soul|p1a: Peso Pluma\n|-boost|p1a: Peso Pluma|atk|1\n|-boost|p1a: Peso Pluma|def|1\n|-boost|p1a: Peso Pluma|spa|1\n|-boost|p1a: Peso Pluma|spd|1\n|-boost|p1a: Peso Pluma|spe|1\n|-damage|p1a: Peso Pluma|10/100\n|\n|-heal|p1a: Peso Pluma|15/100|[from] item: Leftovers\n|-damage|p1b: Teto|88/100 brn|[from] brn\n|upkeep\n|turn|6\n|\n|t:|1776521827\n|switch|p1b: Mrs. Wolfey|Incineroar, L50, F|87/100\n|-ability|p1b: Mrs. Wolfey|Intimidate|boost\n|-unboost|p2a: Rotom|atk|1\n|-unboost|p2b: Tsareena|atk|1\n|move|p1a: Peso Pluma|Protect|p1a: Peso Pluma\n|-singleturn|p1a: Peso Pluma|Protect\n|move|p2b: Tsareena|Protect|p2b: Tsareena\n|-singleturn|p2b: Tsareena|Protect\n|move|p2a: Rotom|Will-O-Wisp|p1a: Peso Pluma\n|-activate|p1a: Peso Pluma|move: Protect\n|\n|-heal|p1a: Peso Pluma|21/100|[from] item: Leftovers\n|-end|p2b: Tsareena|Encore\n|upkeep\n|turn|7\n|\n|t:|1776521856\n|switch|p1b: Teto|Tinkaton, L50, F|88/100 brn\n|-ability|p1b: Teto|Mold Breaker\n|move|p1a: Peso Pluma|Protect||[still]\n|-fail|p1a: Peso Pluma\n|move|p2a: Rotom|Will-O-Wisp|p1a: Peso Pluma|[miss]\n|-miss|p2a: Rotom|p1a: Peso Pluma\n|move|p2b: Tsareena|Taunt|p1a: Peso Pluma\n|-start|p1a: Peso Pluma|move: Taunt\n|\n|-heal|p1a: Peso Pluma|27/100|[from] item: Leftovers\n|-damage|p1b: Teto|82/100 brn|[from] brn\n|-end|p2a: Rotom|Encore\n|upkeep\n|turn|8\n|\n|t:|1776521908\n|move|p1b: Teto|Encore|p2a: Rotom\n|-start|p2a: Rotom|Encore\n|move|p2a: Rotom|Will-O-Wisp|p1a: Peso Pluma|[miss]\n|-miss|p2a: Rotom|p1a: Peso Pluma\n|move|p1a: Peso Pluma|Aura Sphere|p2b: Tsareena\n|-damage|p2b: Tsareena|0 fnt\n|faint|p2b: Tsareena\n|\n|-heal|p1a: Peso Pluma|33/100|[from] item: Leftovers\n|-damage|p1b: Teto|75/100 brn|[from] brn\n|upkeep\n|\n|t:|1776521917\n|switch|p2b: Aerodactyl|Aerodactyl, L50, F|100/100\n|turn|9\n|\n|t:|1776521926\n|switch|p1b: Mrs. Wolfey|Incineroar, L50, F|87/100\n|-ability|p1b: Mrs. Wolfey|Intimidate|boost\n|-unboost|p2a: Rotom|atk|1\n|-unboost|p2b: Aerodactyl|atk|1\n|move|p2b: Aerodactyl|Icy Wind|p1b: Mrs. Wolfey|[spread] p1a,p1b\n|-supereffective|p1a: Peso Pluma|1\n|-resisted|p1b: Mrs. Wolfey|1\n|-damage|p1a: Peso Pluma|16/100\n|-damage|p1b: Mrs. Wolfey|82/100\n|-unboost|p1a: Peso Pluma|spe|1\n|-unboost|p1b: Mrs. Wolfey|spe|1\n|move|p2a: Rotom|Will-O-Wisp|p1a: Peso Pluma\n|-status|p1a: Peso Pluma|brn\n|move|p1a: Peso Pluma|Clanging Scales|p2b: Aerodactyl|[spread] p2a,p2b\n|-damage|p2a: Rotom|0 fnt\n|-enditem|p2b: Aerodactyl|Focus Sash\n|-damage|p2b: Aerodactyl|1/100\n|replace|p2b: Zoroark|Zoroark-Hisui, L50, F\n|-end|p2b: Zoroark|Illusion\n|faint|p2a: Rotom\n|-unboost|p1a: Peso Pluma|def|1\n|\n|-heal|p1a: Peso Pluma|22/100 brn|[from] item: Leftovers\n|-damage|p1a: Peso Pluma|16/100 brn|[from] brn\n|upkeep\n|\n|t:|1776521940\n|switch|p2a: Aerodactyl|Aerodactyl, L50, F|100/100\n|-ability|p2a: Aerodactyl|Unnerve\n|turn|10\n|\n|t:|1776521948\n|detailschange|p2a: Aerodactyl|Aerodactyl-Mega, L50, F\n|-mega|p2a: Aerodactyl|Aerodactyl|Aerodactylite\n|move|p1b: Mrs. Wolfey|Fake Out|p2a: Aerodactyl\n|-resisted|p2a: Aerodactyl|1\n|-damage|p2a: Aerodactyl|93/100\n|cant|p2a: Aerodactyl|flinch\n|move|p2b: Zoroark|Icy Wind|p1a: Peso Pluma|[spread] p1a,p1b\n|-supereffective|p1a: Peso Pluma|1\n|-resisted|p1b: Mrs. Wolfey|1\n|-damage|p1a: Peso Pluma|0 fnt\n|-damage|p1b: Mrs. Wolfey|77/100\n|-unboost|p1b: Mrs. Wolfey|spe|1\n|faint|p1a: Peso Pluma\n|\n|upkeep\n|\n|t:|1776521957\n|switch|p1a: Teto|Tinkaton, L50, F|75/100 brn\n|-ability|p1a: Teto|Mold Breaker\n|turn|11\n|\n|t:|1776521967\n|move|p2a: Aerodactyl|Protect|p2a: Aerodactyl\n|-singleturn|p2a: Aerodactyl|Protect\n|move|p2b: Zoroark|Shadow Ball|p1a: Teto\n|-damage|p1a: Teto|30/100 brn\n|-unboost|p1a: Teto|spd|1\n|move|p1a: Teto|Gigaton Hammer|p2a: Aerodactyl\n|-activate|p2a: Aerodactyl|move: Protect\n|move|p1b: Mrs. Wolfey|Throat Chop|p2b: Zoroark\n|-supereffective|p2b: Zoroark|1\n|-damage|p2b: Zoroark|0 fnt\n|faint|p2b: Zoroark\n|\n|-damage|p1a: Teto|24/100 brn|[from] brn\n|upkeep\n|turn|12\n|\n|t:|1776521979\n|move|p2a: Aerodactyl|Rock Slide|p1a: Teto|[spread] p1a,p1b\n|-resisted|p1a: Teto|1\n|-supereffective|p1b: Mrs. Wolfey|1\n|-damage|p1a: Teto|1/100 brn\n|-damage|p1b: Mrs. Wolfey|19/100\n|-enditem|p1b: Mrs. Wolfey|Sitrus Berry|[eat]\n|-heal|p1b: Mrs. Wolfey|44/100|[from] item: Sitrus Berry\n|move|p1a: Teto|Play Rough|p2a: Aerodactyl\n|-damage|p2a: Aerodactyl|72/100\n|move|p1b: Mrs. Wolfey|Throat Chop|p2a: Aerodactyl\n|-damage|p2a: Aerodactyl|29/100\n|-start|p2a: Aerodactyl|Throat Chop|[silent]\n|\n|-damage|p1a: Teto|0 fnt|[from] brn\n|faint|p1a: Teto\n|upkeep\n|turn|13\n|\n|t:|1776521987\n|move|p2a: Aerodactyl|Rock Slide|p1b: Mrs. Wolfey\n|-supereffective|p1b: Mrs. Wolfey|1\n|-damage|p1b: Mrs. Wolfey|0 fnt\n|faint|p1b: Mrs. Wolfey\n|\n|win|Ikeamp88\n|raw|erikm76's rating: 1402 &rarr; <strong>1379</strong><br />(-23 for losing)\n|raw|Ikeamp88's rating: 1346 &rarr; <strong>1369</strong><br />(+23 for winning)\n|l|\u2606erikm76\n|player|p1|\n",
  "uploadtime": 1776522000,
  "views": 40,
  "formatid": "gen9championsvgc2026regma",
  "rating": 1369,
  "private": 0,
  "password": null
}