{
  "id": "gen9championsvgc2026regma-2583006133",
  "format": "[Gen 9 Champions] VGC 2026 Reg M-A",
  "players": [
    "Googy11",
    "Elite Fource"
  ],
  "log": "|j|\u2606Googy11\n|j|\u2606Elite Fource\n|t:|1776132701\n|gametype|doubles\n|player|p1|Googy11|ethan|1130\n|player|p2|Elite Fource|infielder|1097\n|gen|9\n|tier|[Gen 9 Champions] VGC 2026 Reg M-A\n|rated|\n|rule|Species Clause: Limit one of each Pok\u00e9mon\n|rule|Item Clause: Limit 1 of each item\n|clearpoke\n|poke|p1|Crabominable, L50, M|\n|poke|p1|Incineroar, L50, M|\n|poke|p1|Farigiraf, L50, F|\n|poke|p1|Torkoal, L50, M|\n|poke|p1|Sylveon, L50, M|\n|poke|p1|Sinistcha, L50|\n|poke|p2|Crabominable, L50, F|\n|poke|p2|Araquanid, L50, M|\n|poke|p2|Arcanine, L50, F|\n|poke|p2|Sinistcha-Masterpiece, L50|\n|poke|p2|Jolteon, L50, F|\n|poke|p2|Delphox, L50, M|\n|teampreview|4\n|inactive|Battle timer is ON: inactive players will automatically lose when time's up. (requested by Elite Fource)\n|c|\u2606Googy11|gl hf\n|\n|t:|1776132726\n|teamsize|p1|4\n|teamsize|p2|4\n|start\n|switch|p1a: Sylveon|Sylveon, L50, M|100/100\n|switch|p1b: Crabominable|Crabominable, L50, M|100/100\n|switch|p2a: Ultraman|Araquanid, L50, M, shiny|100/100\n|switch|p2b: Wait for it|Arcanine, L50, F|100/100\n|-ability|p2b: Wait for it|Intimidate|boost\n|-unboost|p1a: Sylveon|atk|1\n|-unboost|p1b: Crabominable|atk|1\n|turn|1\n|\n|t:|1776132743\n|switch|p1a: Incineroar|Incineroar, L50, M|100/100\n|-ability|p1a: Incineroar|Intimidate|boost\n|-unboost|p2a: Ultraman|atk|1\n|-unboost|p2b: Wait for it|atk|1\n|move|p1b: Crabominable|Protect|p1b: Crabominable\n|-singleturn|p1b: Crabominable|Protect\n|move|p2b: Wait for it|Will-O-Wisp|p1b: Crabominable\n|-activate|p1b: Crabominable|move: Protect\n|move|p2a: Ultraman|Chilling Water|p1a: Incineroar\n|-supereffective|p1a: Incineroar|1\n|-damage|p1a: Incineroar|70/100\n|-unboost|p1a: Incineroar|atk|1\n|\n|upkeep\n|turn|2\n|inactive|Elite Fource has 30 seconds left.\n|-activate|p2a: Ultraman|item: Quick Claw\n|\n|t:|1776132769\n|switch|p1b: Torkoal|Torkoal, L50, M|100/100\n|-weather|SunnyDay|[from] ability: Drought|[of] p1b: Torkoal\n|move|p2a: Ultraman|Chilling Water|p1a: Incineroar\n|-supereffective|p1a: Incineroar|1\n|-damage|p1a: Incineroar|57/100\n|-unboost|p1a: Incineroar|atk|1\n|move|p2b: Wait for it|Will-O-Wisp|p1b: Torkoal\n|-immune|p1b: Torkoal\n|move|p1a: Incineroar|Parting Shot|p2b: Wait for it\n|-unboost|p2b: Wait for it|atk|1\n|-unboost|p2b: Wait for it|spa|1\n|\n|t:|1776132783\n|switch|p1a: Sylveon|Sylveon, L50, M|100/100|[from] Parting Shot\n|\n|-weather|SunnyDay|[upkeep]\n|upkeep\n|turn|3\n|inactive|Elite Fource has 30 seconds left.\n|inactive|Elite Fource has 20 seconds left.\n|\n|t:|1776132820\n|move|p2b: Wait for it|Overheat|p1a: Sylveon\n|-damage|p1a: Sylveon|70/100\n|-unboost|p2b: Wait for it|spa|2\n|move|p1a: Sylveon|Moonblast|p2a: Ultraman\n|-damage|p2a: Ultraman|66/100\n|move|p2a: Ultraman|Chilling Water|p1b: Torkoal\n|-supereffective|p1b: Torkoal|1\n|-damage|p1b: Torkoal|73/100\n|-unboost|p1b: Torkoal|atk|1\n|move|p1b: Torkoal|Weather Ball|p2a: Ultraman\n|-damage|p2a: Ultraman|39/100\n|\n|-weather|SunnyDay|[upkeep]\n|upkeep\n|turn|4\n|\n|t:|1776132841\n|switch|p2b: no matcha???|Sinistcha-Masterpiece, L50|100/100\n|-heal|p2a: Ultraman|64/100|[from] ability: Hospitality|[of] p2b: no matcha???\n|move|p1a: Sylveon|Hyper Voice|p2b: no matcha???|[spread] p2a,p2b\n|-damage|p2a: Ultraman|31/100\n|-damage|p2b: no matcha???|45/100\n|move|p1b: Torkoal|Heat Wave|p2b: no matcha???|[spread] p2a,p2b\n|-supereffective|p2b: no matcha???|1\n|-crit|p2b: no matcha???\n|-damage|p2a: Ultraman|13/100\n|-damage|p2b: no matcha???|0 fnt\n|faint|p2b: no matcha???\n|move|p2a: Ultraman|Mirror Coat|p1b: Torkoal\n|-damage|p1b: Torkoal|38/100\n|\n|-weather|SunnyDay|[upkeep]\n|upkeep\n|\n|t:|1776132854\n|switch|p2b: Wait for it|Arcanine, L50, F|100/100\n|-ability|p2b: Wait for it|Intimidate|boost\n|-unboost|p1a: Sylveon|atk|1\n|-unboost|p1b: Torkoal|atk|1\n|turn|5\n|inactive|Elite Fource has 30 seconds left.\n|inactive|Elite Fource has 20 seconds left.\n|inactive|Elite Fource has 15 seconds left.\n|\n|t:|1776132898\n|switch|p1b: Incineroar|Incineroar, L50, M|57/100\n|-ability|p1b: Incineroar|Intimidate|boost\n|-unboost|p2a: Ultraman|atk|1\n|-unboost|p2b: Wait for it|atk|1\n|move|p2b: Wait for it|Overheat|p1b: Incineroar\n|-resisted|p1b: Incineroar|1\n|-damage|p1b: Incineroar|32/100\n|-unboost|p2b: Wait for it|spa|2\n|move|p1a: Sylveon|Hyper Voice|p2a: Ultraman|[spread] p2a,p2b\n|-resisted|p2b: Wait for it|1\n|-damage|p2a: Ultraman|0 fnt\n|-damage|p2b: Wait for it|77/100\n|faint|p2a: Ultraman\n|\n|-weather|SunnyDay|[upkeep]\n|upkeep\n|\n|t:|1776132904\n|switch|p2a: Armor Abs Krabs|Crabominable, L50, F, shiny|100/100\n|turn|6\n|\n|t:|1776132929\n|detailschange|p2a: Armor Abs Krabs|Crabominable-Mega, L50, F, shiny\n|-mega|p2a: Armor Abs Krabs|Crabominable|Crabominite\n|move|p2b: Wait for it|Extreme Speed|p1b: Incineroar\n|-damage|p1b: Incineroar|21/100\n|move|p1a: Sylveon|Moonblast|p2a: Armor Abs Krabs\n|-supereffective|p2a: Armor Abs Krabs|1\n|-damage|p2a: Armor Abs Krabs|0 fnt\n|faint|p2a: Armor Abs Krabs\n|move|p1b: Incineroar|Parting Shot|p2b: Wait for it\n|-unboost|p2b: Wait for it|atk|1\n|-unboost|p2b: Wait for it|spa|1\n|\n|t:|1776132938\n|switch|p1b: Crabominable|Crabominable, L50, M|100/100|[from] Parting Shot\n|\n|-weather|none\n|upkeep\n|turn|7\n|\n|t:|1776132948\n|detailschange|p1b: Crabominable|Crabominable-Mega, L50, M\n|-mega|p1b: Crabominable|Crabominable|Crabominite\n|move|p1b: Crabominable|Mach Punch|p2b: Wait for it\n|-damage|p2b: Wait for it|50/100\n|-enditem|p2b: Wait for it|Sitrus Berry|[eat]\n|-heal|p2b: Wait for it|75/100|[from] item: Sitrus Berry\n|move|p2b: Wait for it|Will-O-Wisp|p1b: Crabominable\n|-status|p1b: Crabominable|brn\n|move|p1a: Sylveon|Hyper Beam|p2b: Wait for it\n|-resisted|p2b: Wait for it|1\n|-damage|p2b: Wait for it|19/100\n|-mustrecharge|p1a: Sylveon\n|\n|-damage|p1b: Crabominable|94/100 brn|[from] brn\n|upkeep\n|turn|8\n|\n|t:|1776132961\n|move|p2b: Wait for it|Morning Sun|p2b: Wait for it\n|-heal|p2b: Wait for it|69/100\n|cant|p1a: Sylveon|recharge\n|move|p1b: Crabominable|Drain Punch|p2b: Wait for it\n|-damage|p2b: Wait for it|45/100\n|-heal|p1b: Crabominable|100/100 brn|[from] drain|[of] p2b: Wait for it\n|\n|-damage|p1b: Crabominable|94/100 brn|[from] brn\n|upkeep\n|turn|9\n|inactive|Elite Fource has 30 seconds left.\n|inactive|Elite Fource has 20 seconds left.\n|inactive|Elite Fource has 15 seconds left.\n|inactive|Elite Fource has 10 seconds left.\n|\n|t:|1776133008\n|switch|p1b: Incineroar|Incineroar, L50, M|21/100\n|-ability|p1b: Incineroar|Intimidate|boost\n|-unboost|p2b: Wait for it|atk|1\n|move|p2b: Wait for it|Morning Sun|p2b: Wait for it\n|-heal|p2b: Wait for it|94/100\n|move|p1a: Sylveon|Moonblast|p2b: Wait for it\n|-resisted|p2b: Wait for it|1\n|-damage|p2b: Wait for it|67/100\n|\n|upkeep\n|turn|10\n|\n|t:|1776133023\n|move|p2b: Wait for it|Overheat|p1b: Incineroar\n|-resisted|p1b: Incineroar|1\n|-damage|p1b: Incineroar|14/100\n|-unboost|p2b: Wait for it|spa|2\n|move|p1b: Incineroar|Darkest Lariat|p2b: Wait for it\n|-damage|p2b: Wait for it|38/100\n|move|p1a: Sylveon|Moonblast|p2b: Wait for it\n|-resisted|p2b: Wait for it|1\n|-damage|p2b: Wait for it|7/100\n|\n|upkeep\n|turn|11\n|\n|t:|1776133032\n|move|p2b: Wait for it|Morning Sun|p2b: Wait for it\n|-heal|p2b: Wait for it|57/100\n|move|p1a: Sylveon|Hyper Beam|p2b: Wait for it\n|-resisted|p2b: Wait for it|1\n|-damage|p2b: Wait for it|6/100\n|-mustrecharge|p1a: Sylveon\n|move|p1b: Incineroar|Darkest Lariat|p2b: Wait for it\n|-damage|p2b: Wait for it|0 fnt\n|faint|p2b: Wait for it\n|\n|win|Googy11\n|raw|Googy11's rating: 1130 &rarr; <strong>1153</strong><br />(+23 for winning)\n|raw|Elite Fource's rating: 1097 &rarr; <strong>1075</strong><br />(-22 for losing)\n|c|\u2606Googy11|gg\n|l|\u2606Googy11\n|player|p1|\n|c|\u2606Elite Fource|eh\n|c|\u2606Elite Fource|you brought incineroar\n",
  "uploadtime": 1776133091,
  "views": 20,
  "formatid": "gen9championsvgc2026regma",
  "rating": 1075,
  "private": 0,
  "password": null
}