{
  "id": "gen9championsvgc2026regma-2584608528",
  "format": "[Gen 9 Champions] VGC 2026 Reg M-A",
  "players": [
    "guorongjia",
    "itastelikeiron"
  ],
  "log": "|j|\u2606guorongjia\n|j|\u2606itastelikeiron\n|t:|1776271842\n|gametype|doubles\n|player|p1|guorongjia|miku-water|1340\n|player|p2|itastelikeiron|infielder|1424\n|gen|9\n|tier|[Gen 9 Champions] VGC 2026 Reg M-A\n|rated|\n|rule|Species Clause: Limit one of each Pok\u00e9mon\n|rule|Item Clause: Limit 1 of each item\n|clearpoke\n|poke|p1|Gengar, L50, F|\n|poke|p1|Incineroar, L50, F|\n|poke|p1|Basculegion, L50, M|\n|poke|p1|Sneasler, L50, M|\n|poke|p1|Maushold, L50|\n|poke|p1|Pelipper, L50, F|\n|poke|p2|Glimmora, L50, M|\n|poke|p2|Basculegion, L50, M|\n|poke|p2|Whimsicott, L50, F|\n|poke|p2|Incineroar, L50, F|\n|poke|p2|Dragonite, L50, F|\n|poke|p2|Ninetales-Alola, L50, M|\n|teampreview|4\n|inactive|Battle timer is ON: inactive players will automatically lose when time's up. (requested by guorongjia)\n|\n|t:|1776271865\n|teamsize|p1|4\n|teamsize|p2|4\n|start\n|switch|p1a: Sneasler|Sneasler, L50, M, shiny|100/100\n|switch|p1b: Gengar|Gengar, L50, F, shiny|100/100\n|switch|p2a: Basculegion|Basculegion, L50, M|100/100\n|switch|p2b: Incineroar|Incineroar, L50, F|100/100\n|-ability|p2b: Incineroar|Intimidate|boost\n|-unboost|p1a: Sneasler|atk|1\n|-unboost|p1b: Gengar|atk|1\n|-enditem|p1a: Sneasler|White Herb\n|-clearnegativeboost|p1a: Sneasler|[silent]\n|turn|1\n|\n|t:|1776271879\n|detailschange|p1b: Gengar|Gengar-Mega, L50, F, shiny\n|-mega|p1b: Gengar|Gengar|Gengarite\n|move|p2b: Incineroar|Fake Out|p1a: Sneasler\n|-damage|p1a: Sneasler|79/100\n|cant|p1a: Sneasler|flinch\n|move|p2a: Basculegion|Wave Crash|p1b: Gengar\n|-damage|p1b: Gengar|0 fnt\n|faint|p1b: Gengar\n|-damage|p2a: Basculegion|76/100|[from] Recoil\n|\n|upkeep\n|\n|t:|1776271890\n|switch|p1b: Incineroar|Incineroar, L50, F, shiny|100/100\n|-ability|p1b: Incineroar|Intimidate|boost\n|-unboost|p2a: Basculegion|atk|1\n|-unboost|p2b: Incineroar|atk|1\n|turn|2\n|\n|t:|1776271903\n|switch|p2a: Glimmora|Glimmora, L50, M|100/100\n|move|p1a: Sneasler|Close Combat|p2b: Incineroar\n|-supereffective|p2b: Incineroar|1\n|-damage|p2b: Incineroar|0 fnt\n|-unboost|p1a: Sneasler|def|1\n|-unboost|p1a: Sneasler|spd|1\n|faint|p2b: Incineroar\n|move|p1b: Incineroar|Throat Chop|p2a: Glimmora\n|-damage|p2a: Glimmora|67/100\n|-start|p2a: Glimmora|Throat Chop|[silent]\n|-activate|p2a: Glimmora|ability: Toxic Debris\n|-sidestart|p1: guorongjia|move: Toxic Spikes\n|\n|upkeep\n|\n|t:|1776271920\n|switch|p2b: Basculegion|Basculegion, L50, M|76/100\n|turn|3\n|\n|t:|1776271936\n|switch|p1a: Pelipper|Pelipper, L50, F|100/100\n|-weather|RainDance|[from] ability: Drizzle|[of] p1a: Pelipper\n|detailschange|p2a: Glimmora|Glimmora-Mega, L50, M\n|-mega|p2a: Glimmora|Glimmora|Glimmoranite\n|move|p2b: Basculegion|Aqua Jet|p1a: Pelipper\n|-resisted|p1a: Pelipper|1\n|-damage|p1a: Pelipper|75/100\n|move|p2a: Glimmora|Power Gem|p1b: Incineroar\n|-supereffective|p1b: Incineroar|1\n|-damage|p1b: Incineroar|0 fnt\n|faint|p1b: Incineroar\n|\n|-weather|RainDance|[upkeep]\n|-end|p2a: Glimmora|Throat Chop|[silent]\n|upkeep\n|\n|t:|1776271947\n|switch|p1b: Sneasler|Sneasler, L50, M, shiny|79/100\n|-sideend|p1: guorongjia|move: Toxic Spikes|[of] p1b: Sneasler\n|turn|4\n|\n|t:|1776271956\n|switch|p2b: Ninetales|Ninetales-Alola, L50, M|100/100\n|-weather|Snowscape|[from] ability: Snow Warning|[of] p2b: Ninetales\n|move|p2a: Glimmora|Spiky Shield|p2a: Glimmora\n|-singleturn|p2a: Glimmora|move: Protect\n|move|p1b: Sneasler|Fake Out|p2a: Glimmora\n|-activate|p2a: Glimmora|move: Protect\n|-damage|p1b: Sneasler|67/100|[from] Spiky Shield|[of] p2a: Glimmora\n|move|p1a: Pelipper|Tailwind|p1a: Pelipper\n|-sidestart|p1: guorongjia|move: Tailwind\n|\n|-weather|Snowscape|[upkeep]\n|upkeep\n|turn|5\n|\n|t:|1776271976\n|move|p1b: Sneasler|Close Combat|p2a: Glimmora\n|-damage|p2a: Glimmora|8/100\n|-unboost|p1b: Sneasler|def|1\n|-unboost|p1b: Sneasler|spd|1\n|move|p1a: Pelipper|Weather Ball|p2a: Glimmora\n|-damage|p2a: Glimmora|0 fnt\n|faint|p2a: Glimmora\n|move|p2b: Ninetales|Blizzard|p1b: Sneasler|[spread] p1a,p1b\n|-damage|p1a: Pelipper|18/100\n|-damage|p1b: Sneasler|0 fnt\n|-status|p1a: Pelipper|frz\n|faint|p1b: Sneasler\n|\n|-weather|Snowscape|[upkeep]\n|upkeep\n|\n|t:|1776271986\n|switch|p2a: Basculegion|Basculegion, L50, M|76/100\n|turn|6\n|-message|guorongjia forfeited.\n|\n|win|itastelikeiron\n|raw|guorongjia's rating: 1340 &rarr; <strong>1325</strong><br />(-15 for losing)\n|raw|itastelikeiron's rating: 1424 &rarr; <strong>1439</strong><br />(+15 for winning)\n|l|\u2606guorongjia\n|player|p1|\n",
  "uploadtime": 1776271992,
  "views": 25,
  "formatid": "gen9championsvgc2026regma",
  "rating": 1325,
  "private": 0,
  "password": null
}