{
  "id": "gen9championsvgc2026regma-2587302115",
  "format": "[Gen 9 Champions] VGC 2026 Reg M-A",
  "players": [
    "brojonski",
    "montendoz"
  ],
  "log": "|j|\u2606brojonski\n|j|\u2606montendoz\n|t:|1776519975\n|gametype|doubles\n|player|p1|brojonski|brock|1333\n|player|p2|montendoz|1|1266\n|gen|9\n|tier|[Gen 9 Champions] VGC 2026 Reg M-A\n|rated|\n|rule|Species Clause: Limit one of each Pok\u00e9mon\n|rule|Item Clause: Limit 1 of each item\n|clearpoke\n|poke|p1|Crabominable, L50, M|\n|poke|p1|Zoroark-Hisui, L50, F|\n|poke|p1|Slowking, L50, M|\n|poke|p1|Incineroar, L50, M|\n|poke|p1|Tsareena, L50, F|\n|poke|p1|Glimmora, L50, M|\n|poke|p2|Incineroar, L50, M|\n|poke|p2|Typhlosion-Hisui, L50, M|\n|poke|p2|Farigiraf, L50, M|\n|poke|p2|Meganium, L50, M|\n|poke|p2|Rhyperior, L50, F|\n|poke|p2|Blastoise, L50, M|\n|teampreview|4\n|inactive|Battle timer is ON: inactive players will automatically lose when time's up. (requested by montendoz)\n|inactive|brojonski also wants the timer to be on.\n|inactive|brojonski has 60 seconds left.\n|inactive|montendoz has 60 seconds left.\n|\n|t:|1776520028\n|teamsize|p1|4\n|teamsize|p2|4\n|start\n|switch|p1a: Slowking|Slowking, L50, M|100/100\n|switch|p1b: Glimmora|Glimmora, L50, M|100/100\n|switch|p2a: Typhlosion|Typhlosion-Hisui, L50, M|100/100\n|switch|p2b: Farigiraf|Farigiraf, L50, M|100/100\n|-item|p1a: Slowking|Focus Sash|[from] ability: Frisk|[of] p2a: Typhlosion\n|-item|p1b: Glimmora|Glimmoranite|[from] ability: Frisk|[of] p2a: Typhlosion\n|turn|1\n|inactive|montendoz has 30 seconds left.\n|\n|t:|1776520060\n|detailschange|p1b: Glimmora|Glimmora-Mega, L50, M\n|-mega|p1b: Glimmora|Glimmora|Glimmoranite\n|move|p2a: Typhlosion|Shadow Ball|p1a: Slowking\n|-immune|p1a: Slowking\n|move|p1a: Slowking|Icy Wind|p2a: Typhlosion|[spread] p2a,p2b\n|-resisted|p2a: Typhlosion|1\n|-damage|p2a: Typhlosion|92/100\n|-damage|p2b: Farigiraf|86/100\n|-unboost|p2a: Typhlosion|spe|1\n|-unboost|p2b: Farigiraf|spe|1\n|move|p1b: Glimmora|Earth Power|p2a: Typhlosion\n|-supereffective|p2a: Typhlosion|1\n|-damage|p2a: Typhlosion|0 fnt\n|faint|p2a: Typhlosion\n|move|p2b: Farigiraf|Trick Room|p2b: Farigiraf\n|-fieldstart|move: Trick Room|[of] p2b: Farigiraf\n|\n|upkeep\n|\n|t:|1776520075\n|switch|p2a: Meganium|Meganium, L50, M|100/100\n|turn|2\n|inactive|brojonski has 30 seconds left.\n|inactive|montendoz has 30 seconds left.\n|inactive|brojonski has 20 seconds left.\n|inactive|brojonski has 15 seconds left.\n|\n|t:|1776520119\n|switch|p1b: Tsareena|Tsareena, L50, F|100/100\n|detailschange|p2a: Meganium|Meganium-Mega, L50, M\n|-mega|p2a: Meganium|Meganium|Meganiumite\n|move|p2b: Farigiraf|Psychic|p1b: Tsareena\n|-damage|p1b: Tsareena|67/100\n|move|p2a: Meganium|Dazzling Gleam|p1a: Slowking|[spread] p1a,p1b\n|-damage|p1a: Slowking|29/100\n|-damage|p1b: Tsareena|30/100\n|replace|p1a: Zoroark|Zoroark-Hisui, L50, F\n|-end|p1a: Zoroark|Illusion\n|move|p1a: Zoroark|Taunt|p2a: Meganium\n|-start|p2a: Meganium|move: Taunt\n|\n|upkeep\n|turn|3\n|inactive|brojonski has 30 seconds left.\n|inactive|montendoz has 30 seconds left.\n|inactive|montendoz has 20 seconds left.\n|inactive|montendoz has 15 seconds left.\n|inactive|montendoz has 10 seconds left.\n|inactive|montendoz has 5 seconds left.\n|\n|t:|1776520169\n|move|p2b: Farigiraf|Helping Hand|p2a: Meganium\n|-singleturn|p2a: Meganium|Helping Hand|[of] p2b: Farigiraf\n|move|p1b: Tsareena|Protect|p1b: Tsareena\n|-singleturn|p1b: Tsareena|Protect\n|move|p2a: Meganium|Dazzling Gleam|p1a: Zoroark|[spread] p1a\n|-activate|p1b: Tsareena|move: Protect\n|-damage|p1a: Zoroark|0 fnt\n|faint|p1a: Zoroark\n|\n|upkeep\n|\n|t:|1776520181\n|switch|p1a: Slowking|Slowking, L50, M|100/100\n|turn|4\n|\n|t:|1776520190\n|switch|p2b: Incineroar|Incineroar, L50, M|100/100\n|-ability|p2b: Incineroar|Intimidate|boost\n|-unboost|p1a: Slowking|atk|1\n|-unboost|p1b: Tsareena|atk|1\n|-enditem|p1b: Tsareena|White Herb\n|-clearnegativeboost|p1b: Tsareena|[silent]\n|move|p2a: Meganium|Solar Beam||[still]\n|-prepare|p2a: Meganium|Solar Beam\n|-activate|p2a: Meganium|ability: Mega Sol\n|-anim|p2a: Meganium|Solar Beam|p1a: Slowking\n|-supereffective|p1a: Slowking|1\n|-damage|p1a: Slowking|0 fnt\n|faint|p1a: Slowking\n|move|p1b: Tsareena|Triple Axel|p2a: Meganium\n|-supereffective|p2a: Meganium|1\n|-damage|p2a: Meganium|88/100\n|-supereffective|p2a: Meganium|1\n|-damage|p2a: Meganium|64/100\n|-supereffective|p2a: Meganium|1\n|-damage|p2a: Meganium|32/100\n|-hitcount|p2a: Meganium|3\n|\n|upkeep\n|\n|t:|1776520211\n|switch|p1a: Glimmora|Glimmora-Mega, L50, M|100/100\n|turn|5\n|\n|t:|1776520237\n|move|p1b: Tsareena|Protect|p1b: Tsareena\n|-singleturn|p1b: Tsareena|Protect\n|move|p1a: Glimmora|Spiky Shield|p1a: Glimmora\n|-singleturn|p1a: Glimmora|move: Protect\n|move|p2b: Incineroar|Flare Blitz|p1b: Tsareena\n|-activate|p1b: Tsareena|move: Protect\n|move|p2a: Meganium|Solar Beam||[still]\n|-prepare|p2a: Meganium|Solar Beam\n|-activate|p2a: Meganium|ability: Mega Sol\n|-anim|p2a: Meganium|Solar Beam|p1a: Glimmora\n|-activate|p1a: Glimmora|move: Protect\n|\n|-end|p2a: Meganium|move: Taunt\n|-fieldend|move: Trick Room\n|upkeep\n|turn|6\n|inactive|brojonski has 30 seconds left.\n|inactive|montendoz has 30 seconds left.\n|\n|t:|1776520263\n|switch|p2b: Farigiraf|Farigiraf, L50, M|86/100\n|move|p2a: Meganium|Protect|p2a: Meganium\n|-singleturn|p2a: Meganium|Protect\n|move|p1a: Glimmora|Power Gem|p2b: Farigiraf\n|-damage|p2b: Farigiraf|10/100\n|move|p1b: Tsareena|Triple Axel|p2a: Meganium\n|-activate|p2a: Meganium|move: Protect\n|\n|upkeep\n|turn|7\n|\n|t:|1776520286\n|switch|p2a: Incineroar|Incineroar, L50, M|100/100\n|-ability|p2a: Incineroar|Intimidate|boost\n|-unboost|p1a: Glimmora|atk|1\n|-unboost|p1b: Tsareena|atk|1\n|move|p1a: Glimmora|Power Gem|p2a: Incineroar\n|-supereffective|p2a: Incineroar|1\n|-damage|p2a: Incineroar|0 fnt\n|faint|p2a: Incineroar\n|move|p1b: Tsareena|Trop Kick|p2b: Farigiraf\n|-damage|p2b: Farigiraf|0 fnt\n|faint|p2b: Farigiraf\n|\n|upkeep\n|\n|t:|1776520297\n|switch|p2b: Meganium|Meganium-Mega, L50, M|32/100\n|turn|8\n|\n|t:|1776520309\n|move|p1a: Glimmora|Sludge Bomb|p2b: Meganium\n|-supereffective|p2b: Meganium|2\n|-damage|p2b: Meganium|0 fnt\n|faint|p2b: Meganium\n|\n|win|brojonski\n|raw|brojonski's rating: 1333 &rarr; <strong>1349</strong><br />(+16 for winning)\n|raw|montendoz's rating: 1266 &rarr; <strong>1246</strong><br />(-20 for losing)\n|l|\u2606montendoz\n|player|p2|\n",
  "uploadtime": 1776520318,
  "views": 32,
  "formatid": "gen9championsvgc2026regma",
  "rating": 1246,
  "private": 0,
  "password": null
}