{
  "id": "gen9championsvgc2026regma-2584073004",
  "format": "[Gen 9 Champions] VGC 2026 Reg M-A",
  "players": [
    "jiren2026",
    "Jinxed_lll"
  ],
  "log": "|j|\u2606jiren2026\n|j|\u2606Jinxed_lll\n|t:|1776222387\n|gametype|doubles\n|player|p1|jiren2026|266|1135\n|player|p2|Jinxed_lll|elesa|1076\n|gen|9\n|tier|[Gen 9 Champions] VGC 2026 Reg M-A\n|rated|\n|rule|Species Clause: Limit one of each Pok\u00e9mon\n|rule|Item Clause: Limit 1 of each item\n|clearpoke\n|poke|p1|Charizard, L50, M|\n|poke|p1|Venusaur, L50, F|\n|poke|p1|Sableye, L50, M|\n|poke|p1|Sneasler, L50, M|\n|poke|p1|Garchomp, L50, M|\n|poke|p1|Incineroar, L50, F|\n|poke|p2|Blastoise, L50, M|\n|poke|p2|Pelipper, L50, F|\n|poke|p2|Sneasler, L50, F|\n|poke|p2|Basculegion, L50, M|\n|poke|p2|Sinistcha, L50|\n|poke|p2|Manectric, L50, M|\n|teampreview|4\n|inactive|Battle timer is ON: inactive players will automatically lose when time's up. (requested by jiren2026)\n|\n|t:|1776222437\n|teamsize|p1|4\n|teamsize|p2|4\n|start\n|switch|p1a: Sableye|Sableye, L50, M|100/100\n|switch|p1b: Venusaur|Venusaur, L50, F, shiny|100/100\n|switch|p2a: Jane Julliet|Blastoise, L50, M|100/100\n|switch|p2b: Yuji|Sneasler, L50, F, shiny|100/100\n|turn|1\n|\n|t:|1776222450\n|move|p2b: Yuji|Fake Out|p1b: Venusaur\n|-damage|p1b: Venusaur|81/100\n|move|p1a: Sableye|Fake Out|p2b: Yuji\n|-damage|p2b: Yuji|89/100\n|cant|p1b: Venusaur|flinch\n|move|p2a: Jane Julliet|Shell Smash|p2a: Jane Julliet\n|-unboost|p2a: Jane Julliet|def|1\n|-unboost|p2a: Jane Julliet|spd|1\n|-boost|p2a: Jane Julliet|atk|2\n|-boost|p2a: Jane Julliet|spa|2\n|-boost|p2a: Jane Julliet|spe|2\n|\n|upkeep\n|turn|2\n|inactive|Jinxed_lll has 30 seconds left.\n|inactive|Jinxed_lll has 20 seconds left.\n|inactive|Jinxed_lll has 15 seconds left.\n|inactive|Jinxed_lll has 10 seconds left.\n|\n|t:|1776222499\n|detailschange|p2a: Jane Julliet|Blastoise-Mega, L50, M\n|-mega|p2a: Jane Julliet|Blastoise|Blastoisinite\n|move|p1a: Sableye|Sunny Day|p1a: Sableye\n|-weather|SunnyDay\n|move|p1b: Venusaur|Energy Ball|p2a: Jane Julliet\n|-supereffective|p2a: Jane Julliet|1\n|-damage|p2a: Jane Julliet|0 fnt\n|faint|p2a: Jane Julliet\n|move|p2b: Yuji|Acrobatics|p1a: Sableye\n|-damage|p1a: Sableye|73/100\n|\n|-weather|SunnyDay|[upkeep]\n|upkeep\n|\n|t:|1776222518\n|switch|p2a: Performative|Sinistcha, L50|100/100\n|-heal|p2b: Yuji|100/100|[from] ability: Hospitality|[of] p2a: Performative\n|turn|3\n|\n|t:|1776222531\n|move|p1b: Venusaur|Weather Ball|p2a: Performative\n|-supereffective|p2a: Performative|1\n|-damage|p2a: Performative|0 fnt\n|faint|p2a: Performative\n|move|p2b: Yuji|Acrobatics|p1b: Venusaur\n|-supereffective|p1b: Venusaur|1\n|-damage|p1b: Venusaur|30/100\n|move|p1a: Sableye|Foul Play|p2b: Yuji\n|-resisted|p2b: Yuji|1\n|-damage|p2b: Yuji|60/100\n|\n|-weather|SunnyDay|[upkeep]\n|upkeep\n|\n|t:|1776222537\n|switch|p2a: Crow no.43|Pelipper, L50, F|100/100\n|-weather|RainDance|[from] ability: Drizzle|[of] p2a: Crow no.43\n|turn|4\n|\n|t:|1776222553\n|move|p1a: Sableye|Sunny Day|p1a: Sableye\n|-weather|SunnyDay\n|move|p1b: Venusaur|Sleep Powder|p2a: Crow no.43\n|-status|p2a: Crow no.43|slp|[from] move: Sleep Powder\n|move|p2b: Yuji|Acrobatics|p1b: Venusaur\n|-supereffective|p1b: Venusaur|1\n|-damage|p1b: Venusaur|0 fnt\n|faint|p1b: Venusaur\n|cant|p2a: Crow no.43|slp\n|\n|-weather|SunnyDay|[upkeep]\n|upkeep\n|\n|t:|1776222562\n|switch|p1b: Garchomp|Garchomp, L50, M|100/100\n|turn|5\n|\n|t:|1776222582\n|move|p1b: Garchomp|Earthquake|p2b: Yuji|[spread] p1a,p2b\n|-immune|p2a: Crow no.43\n|-supereffective|p2b: Yuji|1\n|-damage|p1a: Sableye|10/100\n|-damage|p2b: Yuji|0 fnt\n|-enditem|p1a: Sableye|Sitrus Berry|[eat]\n|-heal|p1a: Sableye|35/100|[from] item: Sitrus Berry\n|faint|p2b: Yuji\n|cant|p2a: Crow no.43|slp\n|move|p1a: Sableye|Foul Play|p2a: Crow no.43\n|-damage|p2a: Crow no.43|84/100 slp\n|\n|-weather|SunnyDay|[upkeep]\n|upkeep\n|turn|6\n|\n|t:|1776222592\n|switch|p1b: Charizard|Charizard, L50, M, shiny|100/100\n|-curestatus|p2a: Crow no.43|slp|[msg]\n|move|p2a: Crow no.43|Water Pulse|p1a: Sableye\n|-damage|p1a: Sableye|23/100\n|move|p1a: Sableye|Foul Play|p2a: Crow no.43\n|-damage|p2a: Crow no.43|67/100\n|\n|-weather|SunnyDay|[upkeep]\n|upkeep\n|turn|7\n|\n|t:|1776222605\n|detailschange|p1b: Charizard|Charizard-Mega-Y, L50, M, shiny\n|-mega|p1b: Charizard|Charizard|Charizardite Y\n|move|p2a: Crow no.43|Protect|p2a: Crow no.43\n|-singleturn|p2a: Crow no.43|Protect\n|move|p1b: Charizard|Solar Beam||[still]\n|-prepare|p1b: Charizard|Solar Beam\n|-anim|p1b: Charizard|Solar Beam|p2a: Crow no.43\n|-activate|p2a: Crow no.43|move: Protect\n|move|p1a: Sableye|Foul Play|p2a: Crow no.43\n|-activate|p2a: Crow no.43|move: Protect\n|\n|-weather|SunnyDay|[upkeep]\n|upkeep\n|turn|8\n|\n|t:|1776222622\n|move|p1b: Charizard|Solar Beam||[still]\n|-prepare|p1b: Charizard|Solar Beam\n|-anim|p1b: Charizard|Solar Beam|p2a: Crow no.43\n|-damage|p2a: Crow no.43|0 fnt\n|faint|p2a: Crow no.43\n|\n|win|jiren2026\n|raw|jiren2026's rating: 1135 &rarr; <strong>1156</strong><br />(+21 for winning)\n|raw|Jinxed_lll's rating: 1076 &rarr; <strong>1058</strong><br />(-18 for losing)\n|l|\u2606Jinxed_lll\n|player|p2|\n",
  "uploadtime": 1776222635,
  "views": 17,
  "formatid": "gen9championsvgc2026regma",
  "rating": 1058,
  "private": 0,
  "password": null
}