{
  "id": "gen9championsvgc2026regma-2588056930",
  "format": "[Gen 9 Champions] VGC 2026 Reg M-A",
  "players": [
    "Serena Power Trip",
    "DRV19"
  ],
  "log": "|j|\u2606Serena Power Trip\n|j|\u2606DRV19\n|t:|1776599015\n|gametype|doubles\n|player|p1|Serena Power Trip|pokekid|1048\n|player|p2|DRV19|170|1000\n|gen|9\n|tier|[Gen 9 Champions] VGC 2026 Reg M-A\n|rated|\n|rule|Species Clause: Limit one of each Pok\u00e9mon\n|rule|Item Clause: Limit 1 of each item\n|clearpoke\n|poke|p1|Froslass, L50, F|\n|poke|p1|Garchomp, L50, F|\n|poke|p1|Rotom-Frost, L50|\n|poke|p1|Empoleon, L50, F|\n|poke|p1|Incineroar, L50, F|\n|poke|p1|Kingambit, L50, F|\n|poke|p2|Charizard, L50, F|\n|poke|p2|Sinistcha, L50|\n|poke|p2|Incineroar, L50, M|\n|poke|p2|Milotic, L50, M|\n|poke|p2|Aerodactyl, L50, M|\n|poke|p2|Mimikyu, L50, M|\n|teampreview|4\nDRV19 rejected open team sheets.\n|inactive|Battle timer is ON: inactive players will automatically lose when time's up. (requested by DRV19)\n|inactive|Serena Power Trip has 60 seconds left.\n|\n|t:|1776599081\n|teamsize|p1|4\n|teamsize|p2|4\n|start\n|switch|p1a: Froslass|Froslass, L50, F|100/100\n|switch|p1b: Empoleon|Empoleon, L50, F|100/100\n|switch|p2a: Charizard|Charizard, L50, F|100/100\n|switch|p2b: Milotic|Milotic, L50, M|100/100\n|turn|1\n|inactive|Serena Power Trip has 30 seconds left.\n|inactive|DRV19 has 30 seconds left.\n|\n|t:|1776599115\n|switch|p1b: Garchomp|Garchomp, L50, F|100/100\n|detailschange|p1a: Froslass|Froslass-Mega, L50, F\n|-mega|p1a: Froslass|Froslass|Froslassite\n|-weather|Snowscape|[from] ability: Snow Warning|[of] p1a: Froslass\n|move|p1a: Froslass|Protect|p1a: Froslass\n|-singleturn|p1a: Froslass|Protect\n|move|p2a: Charizard|Protect|p2a: Charizard\n|-singleturn|p2a: Charizard|Protect\n|move|p2b: Milotic|Protect||[still]\n|-fail|p2b: Milotic\n|\n|-weather|Snowscape|[upkeep]\n|upkeep\n|turn|2\n|inactive|Serena Power Trip has 30 seconds left.\n|inactive|DRV19 has 30 seconds left.\n|inactive|DRV19 has 20 seconds left.\n|\n|t:|1776599152\n|switch|p1a: Rotom|Rotom-Frost, L50|100/100\n|switch|p2a: Incineroar|Incineroar, L50, M|100/100\n|-ability|p2a: Incineroar|Intimidate|boost\n|-unboost|p1a: Rotom|atk|1\n|-unboost|p1b: Garchomp|atk|1\n|-enditem|p1b: Garchomp|White Herb\n|-clearnegativeboost|p1b: Garchomp|[silent]\n|move|p1b: Garchomp|Rock Slide|p2a: Incineroar|[spread] p2a,p2b\n|-supereffective|p2a: Incineroar|1\n|-crit|p2a: Incineroar\n|-crit|p2b: Milotic\n|-damage|p2a: Incineroar|53/100\n|-damage|p2b: Milotic|76/100\n|move|p2b: Milotic|Ice Beam|p1b: Garchomp\n|-supereffective|p1b: Garchomp|2\n|-damage|p1b: Garchomp|0 fnt\n|faint|p1b: Garchomp\n|\n|-weather|Snowscape|[upkeep]\n|-heal|p2b: Milotic|82/100|[from] item: Leftovers\n|upkeep\n|\n|t:|1776599170\n|switch|p1b: Froslass|Froslass-Mega, L50, F|100/100\n|turn|3\n|\n|t:|1776599190\n|move|p1a: Rotom|Thunderbolt|p2b: Milotic\n|-supereffective|p2b: Milotic|1\n|-damage|p2b: Milotic|20/100\n|move|p1b: Froslass|Aurora Veil|p1b: Froslass\n|-sidestart|p1: Serena Power Trip|move: Aurora Veil\n|move|p2b: Milotic|Life Dew|p2b: Milotic|[spread] p2a,p2b\n|-heal|p2a: Incineroar|78/100\n|-heal|p2b: Milotic|45/100\n|move|p2a: Incineroar|Parting Shot|p1b: Froslass\n|-unboost|p1b: Froslass|atk|1\n|-unboost|p1b: Froslass|spa|1\n|\n|t:|1776599203\n|switch|p2a: Aerodactyl|Aerodactyl, L50, M|100/100|[from] Parting Shot\n|-ability|p2a: Aerodactyl|Unnerve\n|\n|-weather|Snowscape|[upkeep]\n|-heal|p2b: Milotic|51/100|[from] item: Leftovers\n|upkeep\n|turn|4\n|inactive|Serena Power Trip has 30 seconds left.\n|\n|t:|1776599231\n|switch|p1b: Empoleon|Empoleon, L50, F|100/100\n|move|p2b: Milotic|Protect|p2b: Milotic\n|-singleturn|p2b: Milotic|Protect\n|move|p1a: Rotom|Thunderbolt|p2a: Aerodactyl\n|-supereffective|p2a: Aerodactyl|1\n|-enditem|p2a: Aerodactyl|Focus Sash\n|-damage|p2a: Aerodactyl|1/100\n|move|p2a: Aerodactyl|Tailwind|p2a: Aerodactyl\n|-sidestart|p2: DRV19|move: Tailwind\n|\n|-weather|Snowscape|[upkeep]\n|-heal|p2b: Milotic|57/100|[from] item: Leftovers\n|upkeep\n|turn|5\n|inactive|Serena Power Trip has 30 seconds left.\n|\n|t:|1776599264\n|move|p2a: Aerodactyl|Rock Slide|p1a: Rotom|[spread] p1a,p1b\n|-supereffective|p1a: Rotom|1\n|-resisted|p1b: Empoleon|1\n|-damage|p1a: Rotom|69/100\n|-damage|p1b: Empoleon|91/100\n|cant|p1a: Rotom|flinch\n|move|p2b: Milotic|Scald|p1a: Rotom\n|-damage|p1a: Rotom|41/100\n|move|p1b: Empoleon|Water Pulse|p2a: Aerodactyl\n|-supereffective|p2a: Aerodactyl|1\n|-damage|p2a: Aerodactyl|0 fnt\n|faint|p2a: Aerodactyl\n|\n|-weather|none\n|-heal|p2b: Milotic|63/100|[from] item: Leftovers\n|-heal|p1b: Empoleon|97/100|[from] item: Leftovers\n|upkeep\n|\n|t:|1776599281\n|switch|p2a: Charizard|Charizard, L50, F|100/100\n|turn|6\n|inactive|Serena Power Trip has 30 seconds left.\n|inactive|Serena Power Trip has 20 seconds left.\n|inactive|Serena Power Trip has 15 seconds left.\n|\n|t:|1776599324\n|switch|p1b: Froslass|Froslass-Mega, L50, F|100/100\n|-weather|Snowscape|[from] ability: Snow Warning|[of] p1b: Froslass\n|move|p2a: Charizard|Protect|p2a: Charizard\n|-singleturn|p2a: Charizard|Protect\n|move|p1a: Rotom|Thunderbolt|p2a: Charizard\n|-activate|p2a: Charizard|move: Protect\n|move|p2b: Milotic|Scald|p1a: Rotom\n|-damage|p1a: Rotom|12/100\n|\n|-weather|Snowscape|[upkeep]\n|-heal|p2b: Milotic|69/100|[from] item: Leftovers\n|upkeep\n|turn|7\n|inactive|Serena Power Trip has 30 seconds left.\n|inactive|DRV19 has 30 seconds left.\n|inactive|Serena Power Trip has 20 seconds left.\n|inactive|Serena Power Trip has 15 seconds left.\n|\n|t:|1776599366\n|switch|p1b: Empoleon|Empoleon, L50, F|97/100\n|detailschange|p2a: Charizard|Charizard-Mega-X, L50, F\n|-mega|p2a: Charizard|Charizard|Charizardite X\n|move|p2a: Charizard|Flare Blitz|p1b: Empoleon\n|-damage|p1b: Empoleon|48/100\n|-status|p1b: Empoleon|brn\n|-damage|p2a: Charizard|84/100|[from] Recoil\n|move|p1a: Rotom|Thunderbolt|p2a: Charizard\n|-resisted|p2a: Charizard|1\n|-damage|p2a: Charizard|60/100\n|move|p2b: Milotic|Scald|p1a: Rotom\n|-damage|p1a: Rotom|0 fnt\n|faint|p1a: Rotom\n|\n|-weather|Snowscape|[upkeep]\n|-heal|p2b: Milotic|75/100|[from] item: Leftovers\n|-heal|p1b: Empoleon|53/100 brn|[from] item: Leftovers\n|-damage|p1b: Empoleon|48/100 brn|[from] brn\n|-sideend|p2: DRV19|move: Tailwind\n|-sideend|p1: Serena Power Trip|move: Aurora Veil\n|upkeep\n|inactive|Serena Power Trip has 30 seconds left.\n|inactive|Serena Power Trip has 20 seconds left.\n|\n|t:|1776599405\n|switch|p1a: Froslass|Froslass-Mega, L50, F|100/100\n|turn|8\n|\n|t:|1776599413\n|move|p1b: Empoleon|Protect|p1b: Empoleon\n|-singleturn|p1b: Empoleon|Protect\n|move|p1a: Froslass|Blizzard|p2b: Milotic|[spread] p2a,p2b\n|-resisted|p2b: Milotic|1\n|-damage|p2a: Charizard|5/100\n|-damage|p2b: Milotic|55/100\n|move|p2a: Charizard|Flare Blitz|p1a: Froslass\n|-supereffective|p1a: Froslass|1\n|-damage|p1a: Froslass|0 fnt\n|faint|p1a: Froslass\n|-damage|p2a: Charizard|0 fnt|[from] Recoil\n|faint|p2a: Charizard\n|move|p2b: Milotic|Life Dew|p2b: Milotic\n|-heal|p2b: Milotic|81/100\n|\n|-weather|Snowscape|[upkeep]\n|-heal|p2b: Milotic|87/100|[from] item: Leftovers\n|-heal|p1b: Empoleon|53/100 brn|[from] item: Leftovers\n|-damage|p1b: Empoleon|48/100 brn|[from] brn\n|upkeep\n|\n|t:|1776599429\n|switch|p2a: Incineroar|Incineroar, L50, M|78/100\n|-ability|p2a: Incineroar|Intimidate|boost\n|-unboost|p1b: Empoleon|atk|1\n|-ability|p1b: Empoleon|Competitive|boost\n|-boost|p1b: Empoleon|spa|2\n|turn|9\n|\n|t:|1776599443\n|move|p2a: Incineroar|Fake Out|p1b: Empoleon\n|-resisted|p1b: Empoleon|1\n|-damage|p1b: Empoleon|42/100 brn\n|move|p2b: Milotic|Scald|p1b: Empoleon\n|-resisted|p1b: Empoleon|1\n|-damage|p1b: Empoleon|27/100 brn\n|cant|p1b: Empoleon|flinch\n|\n|-weather|Snowscape|[upkeep]\n|-heal|p2b: Milotic|93/100|[from] item: Leftovers\n|-heal|p1b: Empoleon|32/100 brn|[from] item: Leftovers\n|-damage|p1b: Empoleon|27/100 brn|[from] brn\n|upkeep\n|turn|10\n|\n|t:|1776599462\n|move|p2b: Milotic|Scald|p1b: Empoleon\n|-resisted|p1b: Empoleon|1\n|-damage|p1b: Empoleon|13/100 brn\n|move|p1b: Empoleon|Water Pulse|p2a: Incineroar\n|-supereffective|p2a: Incineroar|1\n|-enditem|p2a: Incineroar|Passho Berry|[eat]\n|-enditem|p2a: Incineroar|Passho Berry|[weaken]\n|-damage|p2a: Incineroar|29/100\n|move|p2a: Incineroar|Flare Blitz|p1b: Empoleon\n|-damage|p1b: Empoleon|0 fnt\n|faint|p1b: Empoleon\n|-damage|p2a: Incineroar|25/100|[from] Recoil\n|\n|win|DRV19\n|raw|Serena Power Trip's rating: 1048 &rarr; <strong>1028</strong><br />(-20 for losing)\n|raw|DRV19's rating: 1000 &rarr; <strong>1045</strong><br />(+45 for winning)\n|n|\u2606DRV19|drv19\n|l|\u2606DRV19\n|player|p2|\n",
  "uploadtime": 1776599527,
  "views": 12,
  "formatid": "gen9championsvgc2026regma",
  "rating": 1028,
  "private": 0,
  "password": null
}