{
  "id": "gen9championsvgc2026regma-2581696583",
  "format": "[Gen 9 Champions] VGC 2026 Reg M-A",
  "players": [
    "Taighean",
    "AllHailLechuguita"
  ],
  "log": "|j|\u2606Taighean\n|j|\u2606AllHailLechuguita\n|t:|1776021450\n|gametype|doubles\n|player|p1|Taighean|nate|1122\n|player|p2|AllHailLechuguita|169|1049\n|gen|9\n|tier|[Gen 9 Champions] VGC 2026 Reg M-A\n|rated|\n|rule|Species Clause: Limit one of each Pok\u00e9mon\n|rule|Item Clause: Limit 1 of each item\n|clearpoke\n|poke|p1|Charizard, L50, F|\n|poke|p1|Venusaur, L50, F|\n|poke|p1|Garchomp, L50, M|\n|poke|p1|Incineroar, L50, F|\n|poke|p1|Gardevoir, L50, F|\n|poke|p1|Milotic, L50, M|\n|poke|p2|Aromatisse, L50, F|\n|poke|p2|Hippowdon, L50, F|\n|poke|p2|Incineroar, L50, F|\n|poke|p2|Trevenant, L50, M|\n|poke|p2|Cofagrigus, L50, M|\n|poke|p2|Garchomp, L50, M|\n|teampreview|4\n|\n|t:|1776021473\n|teamsize|p1|4\n|teamsize|p2|4\n|start\n|switch|p1a: Charizard|Charizard, L50, F|100/100\n|switch|p1b: Venusaur|Venusaur, L50, F|100/100\n|switch|p2a: Incineroar|Incineroar, L50, F|100/100\n|switch|p2b: Aromatisse|Aromatisse, L50, F|100/100\n|-ability|p2a: Incineroar|Intimidate|boost\n|-unboost|p1a: Charizard|atk|1\n|-unboost|p1b: Venusaur|atk|1\n|turn|1\n|\n|t:|1776021488\n|detailschange|p1a: Charizard|Charizard-Mega-Y, L50, F\n|-mega|p1a: Charizard|Charizard|Charizardite Y\n|-weather|SunnyDay|[from] ability: Drought|[of] p1a: Charizard\n|move|p1a: Charizard|Protect|p1a: Charizard\n|-singleturn|p1a: Charizard|Protect\n|move|p2a: Incineroar|Fake Out|p1b: Venusaur\n|-damage|p1b: Venusaur|85/100\n|cant|p1b: Venusaur|flinch\n|move|p2b: Aromatisse|Trick Room|p2b: Aromatisse\n|-fieldstart|move: Trick Room|[of] p2b: Aromatisse\n|\n|-weather|SunnyDay|[upkeep]\n|upkeep\n|turn|2\n|\n|t:|1776021509\n|switch|p2b: Hippowdon|Hippowdon, L50, F|100/100\n|-weather|Sandstorm|[from] ability: Sand Stream|[of] p2b: Hippowdon\n|move|p2a: Incineroar|Parting Shot|p1a: Charizard\n|-unboost|p1a: Charizard|atk|1\n|-unboost|p1a: Charizard|spa|1\n|\n|t:|1776021512\n|switch|p2a: Garchomp|Garchomp, L50, M|100/100|[from] Parting Shot\n|move|p1b: Venusaur|Sludge Bomb|p2b: Hippowdon\n|-resisted|p2b: Hippowdon|1\n|-damage|p2b: Hippowdon|86/100\n|move|p1a: Charizard|Heat Wave|p2b: Hippowdon|[spread] p2a,p2b\n|-resisted|p2a: Garchomp|1\n|-damage|p2a: Garchomp|88/100\n|-damage|p2b: Hippowdon|60/100\n|\n|-weather|Sandstorm|[upkeep]\n|-damage|p1b: Venusaur|79/100|[from] Sandstorm\n|-damage|p1a: Charizard|94/100|[from] Sandstorm\n|upkeep\n|turn|3\n|\n|t:|1776021534\n|switch|p2b: Incineroar|Incineroar, L50, F|100/100\n|-ability|p2b: Incineroar|Intimidate|boost\n|-unboost|p1a: Charizard|atk|1\n|-unboost|p1b: Venusaur|atk|1\n|switch|p1a: Incineroar|Incineroar, L50, F|100/100\n|-ability|p1a: Incineroar|Intimidate|boost\n|-unboost|p2a: Garchomp|atk|1\n|-unboost|p2b: Incineroar|atk|1\n|detailschange|p2a: Garchomp|Garchomp-Mega, L50, M\n|-mega|p2a: Garchomp|Garchomp|Garchompite\n|move|p1b: Venusaur|Protect|p1b: Venusaur\n|-singleturn|p1b: Venusaur|Protect\n|move|p2a: Garchomp|Swords Dance|p2a: Garchomp\n|-boost|p2a: Garchomp|atk|2\n|\n|-weather|Sandstorm|[upkeep]\n|-damage|p1a: Incineroar|95/100|[from] Sandstorm\n|-damage|p2b: Incineroar|95/100|[from] Sandstorm\n|-damage|p1b: Venusaur|74/100|[from] Sandstorm\n|upkeep\n|turn|4\n|\n|t:|1776021559\n|move|p1a: Incineroar|Fake Out|p2a: Garchomp\n|-damage|p2a: Garchomp|79/100\n|move|p2b: Incineroar|Parting Shot|p1b: Venusaur\n|-unboost|p1b: Venusaur|atk|1\n|-unboost|p1b: Venusaur|spa|1\n|\n|t:|1776021563\n|switch|p2b: Hippowdon|Hippowdon, L50, F|60/100|[from] Parting Shot\n|cant|p2a: Garchomp|flinch\n|move|p1b: Venusaur|Sleep Powder|p2a: Garchomp|[miss]\n|-miss|p1b: Venusaur|p2a: Garchomp\n|\n|-weather|Sandstorm|[upkeep]\n|-damage|p1a: Incineroar|89/100|[from] Sandstorm\n|-damage|p1b: Venusaur|68/100|[from] Sandstorm\n|upkeep\n|turn|5\n|l|\u2606AllHailLechuguita\n|player|p2|\n|j|\u2606AllHailLechuguita\n|player|p2|AllHailLechuguita|169|\n|\n|t:|1776021595\n|move|p2b: Hippowdon|Protect|p2b: Hippowdon\n|-singleturn|p2b: Hippowdon|Protect\n|move|p1b: Venusaur|Protect|p1b: Venusaur\n|-singleturn|p1b: Venusaur|Protect\n|move|p1a: Incineroar|Parting Shot|p2a: Garchomp\n|-unboost|p2a: Garchomp|atk|1\n|-unboost|p2a: Garchomp|spa|1\n|\n|t:|1776021607\n|switch|p1a: Charizard|Charizard-Mega-Y, L50, F|94/100|[from] Parting Shot\n|-weather|SunnyDay|[from] ability: Drought|[of] p1a: Charizard\n|move|p2a: Garchomp|Earthquake|p1b: Venusaur|[spread] \n|-activate|p2b: Hippowdon|move: Protect\n|-activate|p1b: Venusaur|move: Protect\n|-immune|p1a: Charizard\n|\n|-weather|SunnyDay|[upkeep]\n|-fieldend|move: Trick Room\n|upkeep\n|turn|6\n|\n|t:|1776021625\n|switch|p2a: Incineroar|Incineroar, L50, F|95/100\n|-ability|p2a: Incineroar|Intimidate|boost\n|-unboost|p1a: Charizard|atk|1\n|-unboost|p1b: Venusaur|atk|1\n|switch|p2b: Aromatisse|Aromatisse, L50, F|100/100\n|move|p1b: Venusaur|Sleep Powder|p2a: Incineroar|[miss]\n|-miss|p1b: Venusaur|p2a: Incineroar\n|move|p1a: Charizard|Heat Wave|p2a: Incineroar|[spread] p2a\n|-miss|p1a: Charizard|p2b: Aromatisse\n|-resisted|p2a: Incineroar|1\n|-damage|p2a: Incineroar|70/100\n|\n|-weather|SunnyDay|[upkeep]\n|upkeep\n|turn|7\n|\n|t:|1776021650\n|move|p2a: Incineroar|Fake Out|p1b: Venusaur\n|-damage|p1b: Venusaur|52/100\n|cant|p1b: Venusaur|flinch\n|move|p1a: Charizard|Overheat|p2b: Aromatisse\n|-enditem|p2b: Aromatisse|Focus Sash\n|-damage|p2b: Aromatisse|1/100\n|-unboost|p1a: Charizard|spa|2\n|move|p2b: Aromatisse|Trick Room|p2b: Aromatisse\n|-fieldstart|move: Trick Room|[of] p2b: Aromatisse\n|\n|-weather|SunnyDay|[upkeep]\n|upkeep\n|turn|8\n|\n|t:|1776021669\n|switch|p2b: Hippowdon|Hippowdon, L50, F|60/100\n|-weather|Sandstorm|[from] ability: Sand Stream|[of] p2b: Hippowdon\n|switch|p1a: Garchomp|Garchomp, L50, M|100/100\n|move|p1b: Venusaur|Protect|p1b: Venusaur\n|-singleturn|p1b: Venusaur|Protect\n|move|p2a: Incineroar|Taunt|p1b: Venusaur\n|-activate|p1b: Venusaur|move: Protect\n|\n|-weather|Sandstorm|[upkeep]\n|-damage|p2a: Incineroar|64/100|[from] Sandstorm\n|-damage|p1b: Venusaur|47/100|[from] Sandstorm\n|upkeep\n|turn|9\n|\n|t:|1776021691\n|switch|p1b: Charizard|Charizard-Mega-Y, L50, F|94/100\n|-weather|SunnyDay|[from] ability: Drought|[of] p1b: Charizard\n|move|p2b: Hippowdon|Yawn|p1a: Garchomp\n|-start|p1a: Garchomp|move: Yawn|[of] p2b: Hippowdon\n|move|p2a: Incineroar|Parting Shot|p1a: Garchomp\n|-unboost|p1a: Garchomp|atk|1\n|-unboost|p1a: Garchomp|spa|1\n|\n|t:|1776021708\n|switch|p2a: Garchomp|Garchomp-Mega, L50, M|79/100|[from] Parting Shot\n|-enditem|p1a: Garchomp|White Herb\n|-clearnegativeboost|p1a: Garchomp|[silent]\n|move|p1a: Garchomp|Earthquake|p2a: Garchomp|[spread] p2a,p2b\n|-immune|p1b: Charizard\n|-crit|p2a: Garchomp\n|-damage|p2a: Garchomp|35/100\n|-damage|p2b: Hippowdon|34/100\n|\n|-weather|SunnyDay|[upkeep]\n|upkeep\n|turn|10\n|\n|t:|1776021730\n|switch|p1a: Incineroar|Incineroar, L50, F|89/100\n|-ability|p1a: Incineroar|Intimidate|boost\n|-unboost|p2a: Garchomp|atk|1\n|-unboost|p2b: Hippowdon|atk|1\n|move|p1b: Charizard|Protect|p1b: Charizard\n|-singleturn|p1b: Charizard|Protect\n|move|p2b: Hippowdon|Slack Off|p2b: Hippowdon\n|-heal|p2b: Hippowdon|84/100\n|move|p2a: Garchomp|Dragon Claw|p1a: Incineroar\n|-damage|p1a: Incineroar|61/100\n|\n|-weather|SunnyDay|[upkeep]\n|upkeep\n|turn|11\n|\n|t:|1776021752\n|move|p1a: Incineroar|Fake Out|p2a: Garchomp\n|-damage|p2a: Garchomp|28/100\n|move|p2b: Hippowdon|Yawn|p1b: Charizard\n|-start|p1b: Charizard|move: Yawn|[of] p2b: Hippowdon\n|cant|p2a: Garchomp|flinch\n|move|p1b: Charizard|Solar Beam||[still]\n|-prepare|p1b: Charizard|Solar Beam\n|-anim|p1b: Charizard|Solar Beam|p2b: Hippowdon\n|-supereffective|p2b: Hippowdon|1\n|-damage|p2b: Hippowdon|2/100\n|\n|-weather|SunnyDay|[upkeep]\n|-fieldend|move: Trick Room\n|upkeep\n|turn|12\n|\n|t:|1776021774\n|switch|p1b: Garchomp|Garchomp, L50, M|100/100\n|move|p2b: Hippowdon|Protect|p2b: Hippowdon\n|-singleturn|p2b: Hippowdon|Protect\n|move|p2a: Garchomp|Swords Dance|p2a: Garchomp\n|-boost|p2a: Garchomp|atk|2\n|move|p1a: Incineroar|Throat Chop|p2a: Garchomp\n|-damage|p2a: Garchomp|5/100\n|-start|p2a: Garchomp|Throat Chop|[silent]\n|\n|-weather|SunnyDay|[upkeep]\n|upkeep\n|turn|13\n|\n|t:|1776021790\n|switch|p1a: Charizard|Charizard-Mega-Y, L50, F|94/100\n|move|p2a: Garchomp|Protect|p2a: Garchomp\n|-singleturn|p2a: Garchomp|Protect\n|move|p1b: Garchomp|Earthquake|p2a: Garchomp|[spread] p2b\n|-activate|p2a: Garchomp|move: Protect\n|-immune|p1a: Charizard\n|-damage|p2b: Hippowdon|0 fnt\n|faint|p2b: Hippowdon\n|\n|-weather|none\n|-end|p2a: Garchomp|Throat Chop|[silent]\n|upkeep\n|\n|t:|1776021796\n|switch|p2b: Incineroar|Incineroar, L50, F|64/100\n|-ability|p2b: Incineroar|Intimidate|boost\n|-unboost|p1a: Charizard|atk|1\n|-unboost|p1b: Garchomp|atk|1\n|turn|14\n|\n|t:|1776021811\n|move|p2b: Incineroar|Fake Out|p1b: Garchomp\n|-damage|p1b: Garchomp|88/100\n|-damage|p2b: Incineroar|51/100|[from] ability: Rough Skin|[of] p1b: Garchomp\n|cant|p1b: Garchomp|flinch\n|move|p1a: Charizard|Heat Wave|p2b: Incineroar|[spread] p2a,p2b\n|-resisted|p2a: Garchomp|1\n|-crit|p2a: Garchomp\n|-resisted|p2b: Incineroar|1\n|-damage|p2a: Garchomp|0 fnt\n|-damage|p2b: Incineroar|34/100\n|faint|p2a: Garchomp\n|\n|upkeep\n|\n|t:|1776021822\n|switch|p2a: Aromatisse|Aromatisse, L50, F|1/100\n|turn|15\n|\n|t:|1776021827\n|switch|p1b: Incineroar|Incineroar, L50, F|61/100\n|-ability|p1b: Incineroar|Intimidate|boost\n|-unboost|p2a: Aromatisse|atk|1\n|-unboost|p2b: Incineroar|atk|1\n|move|p1a: Charizard|Heat Wave|p2b: Incineroar|[spread] p2a,p2b\n|-resisted|p2b: Incineroar|1\n|-damage|p2a: Aromatisse|0 fnt\n|-damage|p2b: Incineroar|18/100\n|faint|p2a: Aromatisse\n|move|p2b: Incineroar|Flare Blitz|p1a: Charizard\n|-resisted|p1a: Charizard|1\n|-damage|p1a: Charizard|74/100\n|-damage|p2b: Incineroar|12/100|[from] Recoil\n|\n|upkeep\n|turn|16\n|\n|t:|1776021843\n|move|p1b: Incineroar|Fake Out|p2b: Incineroar\n|-damage|p2b: Incineroar|2/100\n|move|p1a: Charizard|Heat Wave|p2b: Incineroar\n|-resisted|p2b: Incineroar|1\n|-damage|p2b: Incineroar|0 fnt\n|faint|p2b: Incineroar\n|\n|win|Taighean\n|raw|Taighean's rating: 1122 &rarr; <strong>1142</strong><br />(+20 for winning)\n|raw|AllHailLechuguita's rating: 1049 &rarr; <strong>1035</strong><br />(-14 for losing)\n",
  "uploadtime": 1776021853,
  "views": 29,
  "formatid": "gen9championsvgc2026regma",
  "rating": 1035,
  "private": 0,
  "password": null
}