{
  "id": "gen9championsvgc2026regma-2588882540",
  "format": "[Gen 9 Champions] VGC 2026 Reg M-A",
  "players": [
    "klaes1",
    "Yamh"
  ],
  "log": "|j|\u2606klaes1\n|j|\u2606Yamh\n|t:|1776682053\n|gametype|doubles\n|player|p1|klaes1|elesa|1314\n|player|p2|Yamh|darach-caitlin|1413\n|gen|9\n|tier|[Gen 9 Champions] VGC 2026 Reg M-A\n|rated|\n|rule|Species Clause: Limit one of each Pok\u00e9mon\n|rule|Item Clause: Limit 1 of each item\n|clearpoke\n|poke|p1|Crabominable, L50, M|\n|poke|p1|Mr. Rime, L50, F|\n|poke|p1|Incineroar, L50, M|\n|poke|p1|Hatterene, L50, F|\n|poke|p1|Kingambit, L50, F|\n|poke|p1|Garchomp, L50, M|\n|poke|p2|Sneasler, L50, F|\n|poke|p2|Kingambit, L50, F|\n|poke|p2|Milotic, L50, F|\n|poke|p2|Basculegion, L50, M|\n|poke|p2|Aerodactyl, L50, M|\n|poke|p2|Floette-Eternal, L50, F|\n|teampreview|4\n|\n|t:|1776682079\n|teamsize|p1|4\n|teamsize|p2|4\n|start\n|switch|p1a: Incineroar|Incineroar, L50, M|100/100\n|switch|p1b: Mr. Rime|Mr. Rime, L50, F|100/100\n|switch|p2a: Greta|Basculegion, L50, M|100/100\n|switch|p2b: Solid Snake|Milotic, L50, F|100/100\n|-ability|p1a: Incineroar|Intimidate|boost\n|-unboost|p2a: Greta|atk|1\n|-unboost|p2b: Solid Snake|atk|1\n|-ability|p2b: Solid Snake|Competitive|boost\n|-boost|p2b: Solid Snake|spa|2\n|turn|1\n|\n|t:|1776682094\n|move|p1a: Incineroar|Fake Out|p2b: Solid Snake\n|-damage|p2b: Solid Snake|93/100\n|move|p2a: Greta|Flip Turn|p1a: Incineroar\n|-supereffective|p1a: Incineroar|1\n|-damage|p1a: Incineroar|61/100\n|\n|t:|1776682100\n|switch|p2a: Anytng|Kingambit, L50, F|100/100|[from] Flip Turn\n|cant|p2b: Solid Snake|flinch\n|move|p1b: Mr. Rime|Trick Room|p1b: Mr. Rime\n|-fieldstart|move: Trick Room|[of] p1b: Mr. Rime\n|\n|upkeep\n|turn|2\n|\n|t:|1776682139\n|switch|p1b: Kingambit|Kingambit, L50, F|100/100\n|move|p2a: Anytng|Protect|p2a: Anytng\n|-singleturn|p2a: Anytng|Protect\n|move|p1a: Incineroar|Flare Blitz|p2a: Anytng\n|-activate|p2a: Anytng|move: Protect\n|move|p2b: Solid Snake|Scald|p1a: Incineroar\n|-supereffective|p1a: Incineroar|1\n|-damage|p1a: Incineroar|0 fnt\n|faint|p1a: Incineroar\n|\n|upkeep\n|\n|t:|1776682150\n|switch|p1a: Crabominable|Crabominable, L50, M|100/100\n|turn|3\n|\n|t:|1776682191\n|switch|p2a: Greta|Basculegion, L50, M|100/100\n|move|p1a: Crabominable|Close Combat|p2a: Greta\n|-immune|p2a: Greta\n|move|p1b: Kingambit|Kowtow Cleave|p2b: Solid Snake\n|-damage|p2b: Solid Snake|46/100\n|-enditem|p2b: Solid Snake|Sitrus Berry|[eat]\n|-heal|p2b: Solid Snake|71/100|[from] item: Sitrus Berry\n|move|p2b: Solid Snake|Scald|p1a: Crabominable\n|-damage|p1a: Crabominable|37/100\n|\n|upkeep\n|turn|4\n|\n|t:|1776682211\n|move|p1a: Crabominable|Protect|p1a: Crabominable\n|-singleturn|p1a: Crabominable|Protect\n|move|p2a: Greta|Aqua Jet|p1a: Crabominable\n|-activate|p1a: Crabominable|move: Protect\n|move|p1b: Kingambit|Kowtow Cleave|p2a: Greta\n|-supereffective|p2a: Greta|1\n|-damage|p2a: Greta|0 fnt\n|faint|p2a: Greta\n|move|p2b: Solid Snake|Scald|p1b: Kingambit\n|-damage|p1b: Kingambit|43/100\n|\n|upkeep\n|\n|t:|1776682222\n|switch|p2a: \u660e\u661f\u30d2\u30de\u30ea|Floette-Eternal, L50, F|100/100\n|turn|5\n|\n|t:|1776682235\n|switch|p1b: Mr. Rime|Mr. Rime, L50, F|100/100\n|detailschange|p2a: \u660e\u661f\u30d2\u30de\u30ea|Floette-Mega, L50, F\n|-mega|p2a: \u660e\u661f\u30d2\u30de\u30ea|Floette|Floettite\n|-ability|p2a: \u660e\u661f\u30d2\u30de\u30ea|Fairy Aura\n|move|p2b: Solid Snake|Protect|p2b: Solid Snake\n|-singleturn|p2b: Solid Snake|Protect\n|move|p2a: \u660e\u661f\u30d2\u30de\u30ea|Protect|p2a: \u660e\u661f\u30d2\u30de\u30ea\n|-singleturn|p2a: \u660e\u661f\u30d2\u30de\u30ea|Protect\n|move|p1a: Crabominable|Knock Off|p2b: Solid Snake\n|-activate|p2b: Solid Snake|move: Protect\n|\n|-fieldend|move: Trick Room\n|upkeep\n|turn|6\n|\n|t:|1776682251\n|move|p1a: Crabominable|Protect|p1a: Crabominable\n|-singleturn|p1a: Crabominable|Protect\n|move|p2a: \u660e\u661f\u30d2\u30de\u30ea|Dazzling Gleam|p1a: Crabominable|[spread] p1b\n|-activate|p1a: Crabominable|move: Protect\n|-damage|p1b: Mr. Rime|63/100\n|move|p2b: Solid Snake|Scald|p1b: Mr. Rime\n|-damage|p1b: Mr. Rime|23/100\n|-enditem|p1b: Mr. Rime|Sitrus Berry|[eat]\n|-heal|p1b: Mr. Rime|48/100|[from] item: Sitrus Berry\n|move|p1b: Mr. Rime|Trick Room|p1b: Mr. Rime\n|-fieldstart|move: Trick Room|[of] p1b: Mr. Rime\n|\n|upkeep\n|turn|7\n|\n|t:|1776682266\n|move|p2a: \u660e\u661f\u30d2\u30de\u30ea|Protect|p2a: \u660e\u661f\u30d2\u30de\u30ea\n|-singleturn|p2a: \u660e\u661f\u30d2\u30de\u30ea|Protect\n|move|p1a: Crabominable|Ice Hammer|p2a: \u660e\u661f\u30d2\u30de\u30ea\n|-activate|p2a: \u660e\u661f\u30d2\u30de\u30ea|move: Protect\n|move|p1b: Mr. Rime|Frost Breath|p1a: Crabominable\n|-resisted|p1a: Crabominable|1\n|-crit|p1a: Crabominable\n|-damage|p1a: Crabominable|15/100\n|-setboost|p1a: Crabominable|atk|6|[from] ability: Anger Point\n|move|p2b: Solid Snake|Mirror Coat||[still]\n|-fail|p2b: Solid Snake\n|\n|upkeep\n|turn|8\n|\n|t:|1776682303\n|detailschange|p1a: Crabominable|Crabominable-Mega, L50, M\n|-mega|p1a: Crabominable|Crabominable|Crabominite\n|move|p1a: Crabominable|Ice Hammer|p2a: \u660e\u661f\u30d2\u30de\u30ea\n|-damage|p2a: \u660e\u661f\u30d2\u30de\u30ea|0 fnt\n|-unboost|p1a: Crabominable|spe|1\n|faint|p2a: \u660e\u661f\u30d2\u30de\u30ea\n|move|p1b: Mr. Rime|Encore|p2b: Solid Snake\n|-start|p2b: Solid Snake|Encore\n|move|p2b: Solid Snake|Mirror Coat||[still]\n|-fail|p2b: Solid Snake\n|\n|upkeep\n|c|\u2606Yamh|All because of a missclick\n|c|\u2606Yamh|Great\n|\n|t:|1776682320\n|switch|p2a: Anytng|Kingambit, L50, F|100/100\n|turn|9\n|inactive|Battle timer is ON: inactive players will automatically lose when time's up. (requested by Yamh)\n|\n|t:|1776682389\n|move|p2a: Anytng|Sucker Punch|p1a: Crabominable\n|-resisted|p1a: Crabominable|1\n|-damage|p1a: Crabominable|0 fnt\n|faint|p1a: Crabominable\n|move|p1b: Mr. Rime|Encore|p2a: Anytng\n|-start|p2a: Anytng|Encore\n|move|p2b: Solid Snake|Mirror Coat||[still]\n|-fail|p2b: Solid Snake\n|\n|upkeep\n|\n|t:|1776682397\n|switch|p1a: Kingambit|Kingambit, L50, F|43/100\n|turn|10\n|\n|t:|1776682415\n|move|p1a: Kingambit|Sucker Punch|p2b: Solid Snake\n|-damage|p2b: Solid Snake|35/100\n|move|p2a: Anytng|Sucker Punch||[still]\n|-fail|p2a: Anytng\n|move|p1b: Mr. Rime|Encore||[still]\n|-fail|p1b: Mr. Rime\n|move|p2b: Solid Snake|Mirror Coat||[still]\n|-fail|p2b: Solid Snake\n|\n|-end|p2b: Solid Snake|Encore\n|-fieldend|move: Trick Room\n|upkeep\n|turn|11\n|inactive|klaes1 has 30 seconds left.\n|inactive|Yamh has 30 seconds left.\n|inactive|klaes1 has 20 seconds left.\n|inactive|Yamh has 20 seconds left.\n|\n|t:|1776682455\n|move|p2a: Anytng|Sucker Punch|p1b: Mr. Rime\n|-supereffective|p1b: Mr. Rime|1\n|-damage|p1b: Mr. Rime|0 fnt\n|faint|p1b: Mr. Rime\n|move|p1a: Kingambit|Sucker Punch|p2b: Solid Snake\n|-damage|p2b: Solid Snake|0 fnt\n|faint|p2b: Solid Snake\n|\n|upkeep\n|turn|12\n|\n|t:|1776682471\n|move|p2a: Anytng|Sucker Punch|p1a: Kingambit\n|-resisted|p1a: Kingambit|1\n|-damage|p1a: Kingambit|24/100\n|move|p1a: Kingambit|Sucker Punch||[still]\n|-fail|p1a: Kingambit\n|\n|-end|p2a: Anytng|Encore\n|upkeep\n|turn|13\n|\n|t:|1776682478\n|move|p2a: Anytng|Low Kick|p1a: Kingambit\n|-supereffective|p1a: Kingambit|2\n|-damage|p1a: Kingambit|0 fnt\n|faint|p1a: Kingambit\n|\n|win|Yamh\n|raw|klaes1's rating: 1314 &rarr; <strong>1300</strong><br />(-14 for losing)\n|raw|Yamh's rating: 1413 &rarr; <strong>1427</strong><br />(+14 for winning)\n|l|\u2606klaes1\n|player|p1|\n",
  "uploadtime": 1776682482,
  "views": 15,
  "formatid": "gen9championsvgc2026regma",
  "rating": 1300,
  "private": 0,
  "password": null
}