{
  "id": "gen9championsvgc2026regma-2581426734",
  "format": "[Gen 9 Champions] VGC 2026 Reg M-A",
  "players": [
    "Quaza15",
    "aurelian#2212"
  ],
  "log": "|j|\u2606Quaza15\n|j|\u2606aurelian#2212\n|t:|1775999265\n|gametype|doubles\n|player|p1|Quaza15|ruinmaniac|1177\n|player|p2|aurelian#2212|fisherman-gen4|1264\n|gen|9\n|tier|[Gen 9 Champions] VGC 2026 Reg M-A\n|rated|\n|rule|Species Clause: Limit one of each Pok\u00e9mon\n|rule|Item Clause: Limit 1 of each item\n|clearpoke\n|poke|p1|Incineroar, L50, F|\n|poke|p1|Floette-Eternal, L50, F|\n|poke|p1|Sableye, L50, F|\n|poke|p1|Sinistcha-Masterpiece, L50|\n|poke|p1|Sneasler, L50, F|\n|poke|p1|Garchomp, L50, F|\n|poke|p2|Archaludon, L50, F|\n|poke|p2|Pelipper, L50, M|\n|poke|p2|Basculegion, L50, M|\n|poke|p2|Sneasler, L50, F|\n|poke|p2|Meganium, L50, F|\n|poke|p2|Farigiraf, L50, F|\n|teampreview|4\n|inactive|Battle timer is ON: inactive players will automatically lose when time's up. (requested by aurelian#2212)\n|inactive|Quaza15 has 60 seconds left.\n|\n|t:|1775999325\n|teamsize|p1|4\n|teamsize|p2|4\n|start\n|switch|p1a: Sableye|Sableye, L50, F|100/100\n|switch|p1b: Garchomp|Garchomp, L50, F|100/100\n|switch|p2a: Sneasler|Sneasler, L50, F|100/100\n|switch|p2b: Basculegion|Basculegion, L50, M|100/100\n|turn|1\n|\n|t:|1775999339\n|move|p2a: Sneasler|Fake Out|p1b: Garchomp\n|-damage|p1b: Garchomp|88/100\n|move|p1a: Sableye|Reflect|p1a: Sableye\n|-sidestart|p1: Quaza15|Reflect\n|cant|p1b: Garchomp|flinch\n|move|p2b: Basculegion|Wave Crash|p1a: Sableye\n|-damage|p1a: Sableye|49/100\n|-damage|p2b: Basculegion|87/100|[from] Recoil\n|\n|upkeep\n|turn|2\n|inactive|aurelian#2212 has 30 seconds left.\n|\n|t:|1775999364\n|switch|p2a: Archaludon|Archaludon, L50, F|100/100\n|move|p1a: Sableye|Encore||[still]\n|-fail|p1a: Sableye\n|move|p1b: Garchomp|Earthquake|p2b: Basculegion|[spread] p1a,p2a,p2b\n|-supereffective|p2a: Archaludon|1\n|-damage|p1a: Sableye|16/100\n|-damage|p2a: Archaludon|28/100\n|-damage|p2b: Basculegion|30/100\n|move|p2b: Basculegion|Wave Crash|p1a: Sableye\n|-damage|p1a: Sableye|0 fnt\n|faint|p1a: Sableye\n|-damage|p2b: Basculegion|26/100|[from] Recoil\n|\n|upkeep\n|\n|t:|1775999378\n|switch|p1a: Sneasler|Sneasler, L50, F|100/100\n|turn|3\n|\n|t:|1775999390\n|switch|p2b: Pelipper|Pelipper, L50, M|100/100\n|-weather|RainDance|[from] ability: Drizzle|[of] p2b: Pelipper\n|move|p1a: Sneasler|Protect|p1a: Sneasler\n|-singleturn|p1a: Sneasler|Protect\n|move|p2a: Archaludon|Protect|p2a: Archaludon\n|-singleturn|p2a: Archaludon|Protect\n|move|p1b: Garchomp|Earthquake|p2b: Pelipper|[spread] \n|-activate|p1a: Sneasler|move: Protect\n|-activate|p2a: Archaludon|move: Protect\n|-immune|p2b: Pelipper\n|\n|-weather|RainDance|[upkeep]\n|upkeep\n|turn|4\n|inactive|aurelian#2212 has 30 seconds left.\n|\n|t:|1775999417\n|switch|p1b: Floette|Floette-Eternal, L50, F|100/100\n|move|p1a: Sneasler|Close Combat|p2a: Archaludon\n|-supereffective|p2a: Archaludon|1\n|-damage|p2a: Archaludon|0 fnt\n|-unboost|p1a: Sneasler|def|1\n|-unboost|p1a: Sneasler|spd|1\n|faint|p2a: Archaludon\n|-enditem|p1a: Sneasler|White Herb\n|-clearnegativeboost|p1a: Sneasler|[silent]\n|move|p2b: Pelipper|Tailwind|p2b: Pelipper\n|-sidestart|p2: aurelian#2212|move: Tailwind\n|\n|-weather|RainDance|[upkeep]\n|upkeep\n|\n|t:|1775999434\n|switch|p2a: Basculegion|Basculegion, L50, M|26/100\n|turn|5\n|\n|t:|1775999444\n|detailschange|p1b: Floette|Floette-Mega, L50, F\n|-mega|p1b: Floette|Floette|Floettite\n|-ability|p1b: Floette|Fairy Aura\n|move|p2a: Basculegion|Wave Crash|p1b: Floette\n|-damage|p1b: Floette|12/100\n|-damage|p2a: Basculegion|1/100|[from] Recoil\n|move|p1a: Sneasler|Throat Chop|p2a: Basculegion\n|-supereffective|p2a: Basculegion|1\n|-damage|p2a: Basculegion|0 fnt\n|faint|p2a: Basculegion\n|move|p2b: Pelipper|Hurricane|p1a: Sneasler\n|-supereffective|p1a: Sneasler|1\n|-damage|p1a: Sneasler|0 fnt\n|faint|p1a: Sneasler\n|move|p1b: Floette|Dazzling Gleam|p2b: Pelipper\n|-damage|p2b: Pelipper|4/100\n|\n|-weather|RainDance|[upkeep]\n|-sideend|p1: Quaza15|Reflect\n|upkeep\n|\n|t:|1775999460\n|switch|p1a: Garchomp|Garchomp, L50, F|88/100\n|switch|p2a: Sneasler|Sneasler, L50, F|100/100\n|turn|6\n|\n|t:|1775999475\n|move|p1b: Floette|Protect|p1b: Floette\n|-singleturn|p1b: Floette|Protect\n|move|p2a: Sneasler|Fake Out|p1b: Floette\n|-activate|p1b: Floette|move: Protect\n|move|p2b: Pelipper|Weather Ball|p1a: Garchomp\n|-damage|p1a: Garchomp|18/100\n|move|p1a: Garchomp|Dragon Claw|p2b: Pelipper\n|-damage|p2b: Pelipper|0 fnt\n|faint|p2b: Pelipper\n|\n|-weather|RainDance|[upkeep]\n|upkeep\n|turn|7\n|\n|t:|1775999493\n|move|p2a: Sneasler|Dire Claw|p1b: Floette\n|-supereffective|p1b: Floette|1\n|-damage|p1b: Floette|0 fnt\n|faint|p1b: Floette\n|move|p1a: Garchomp|Dragon Claw|p2a: Sneasler\n|-damage|p2a: Sneasler|21/100\n|\n|-weather|none\n|-sideend|p2: aurelian#2212|move: Tailwind\n|upkeep\n|turn|8\n|\n|t:|1775999505\n|move|p1a: Garchomp|Dragon Claw|p2a: Sneasler\n|-damage|p2a: Sneasler|0 fnt\n|faint|p2a: Sneasler\n|\n|win|Quaza15\n|raw|Quaza15's rating: 1177 &rarr; <strong>1208</strong><br />(+31 for winning)\n|raw|aurelian#2212's rating: 1264 &rarr; <strong>1233</strong><br />(-31 for losing)\n",
  "uploadtime": 1775999505,
  "views": 35,
  "formatid": "gen9championsvgc2026regma",
  "rating": 1208,
  "private": 0,
  "password": null
}