{
  "id": "gen9championsvgc2026regma-2589544878",
  "format": "[Gen 9 Champions] VGC 2026 Reg M-A",
  "players": [
    "Moxiemencefan21",
    "Shockey7"
  ],
  "log": "|j|\u2606Moxiemencefan21\n|j|\u2606Shockey7\n|t:|1776732751\n|gametype|doubles\n|player|p1|Moxiemencefan21|2|1241\n|player|p2|Shockey7|2|1339\n|gen|9\n|tier|[Gen 9 Champions] VGC 2026 Reg M-A\n|rated|\n|rule|Species Clause: Limit one of each Pok\u00e9mon\n|rule|Item Clause: Limit 1 of each item\n|clearpoke\n|poke|p1|Charizard, L50, M|\n|poke|p1|Milotic, L50, M|\n|poke|p1|Sinistcha, L50|\n|poke|p1|Scizor, L50, F|\n|poke|p1|Ninetales-Alola, L50, F|\n|poke|p1|Tauros-Paldea-Aqua, L50, M|\n|poke|p2|Tyranitar, L50, M|\n|poke|p2|Excadrill, L50, M|\n|poke|p2|Dragapult, L50, M|\n|poke|p2|Sneasler, L50, M|\n|poke|p2|Floette-Eternal, L50, F|\n|poke|p2|Sinistcha, L50|\n|teampreview|4\n|\n|t:|1776732818\n|teamsize|p1|4\n|teamsize|p2|4\n|start\n|switch|p1a: Scizor|Scizor, L50, F|100/100\n|switch|p1b: Tauros|Tauros-Paldea-Aqua, L50, M|100/100\n|switch|p2a: Sneasler|Sneasler, L50, M|100/100\n|switch|p2b: Dragapult|Dragapult, L50, M|100/100\n|-ability|p1b: Tauros|Intimidate|boost\n|-unboost|p2a: Sneasler|atk|1\n|-fail|p2b: Dragapult|unboost|[from] ability: Clear Body|[of] p2b: Dragapult\n|-enditem|p2a: Sneasler|White Herb\n|-clearnegativeboost|p2a: Sneasler|[silent]\n|turn|1\n|\n|t:|1776732868\n|detailschange|p1a: Scizor|Scizor-Mega, L50, F\n|-mega|p1a: Scizor|Scizor|Scizorite\n|move|p1a: Scizor|Protect|p1a: Scizor\n|-singleturn|p1a: Scizor|Protect\n|move|p2a: Sneasler|Fake Out|p1b: Tauros\n|-damage|p1b: Tauros|86/100\n|move|p2b: Dragapult|Will-O-Wisp|p1a: Scizor\n|-activate|p1a: Scizor|move: Protect\n|cant|p1b: Tauros|flinch\n|\n|upkeep\n|turn|2\n|\n|t:|1776732900\n|switch|p1a: Milotic|Milotic, L50, M|100/100\n|move|p2a: Sneasler|Close Combat|p1b: Tauros\n|-crit|p1b: Tauros\n|-damage|p1b: Tauros|0 fnt\n|-unboost|p2a: Sneasler|def|1\n|-unboost|p2a: Sneasler|spd|1\n|faint|p1b: Tauros\n|move|p2b: Dragapult|Will-O-Wisp|p1a: Milotic\n|-status|p1a: Milotic|brn\n|\n|-damage|p1a: Milotic|95/100 brn|[from] brn\n|upkeep\n|\n|t:|1776732917\n|switch|p1b: Sinistcha|Sinistcha, L50|100/100\n|-heal|p1a: Milotic|100/100 brn|[from] ability: Hospitality|[of] p1b: Sinistcha\n|turn|3\n|\n|t:|1776732939\n|move|p2a: Sneasler|Protect|p2a: Sneasler\n|-singleturn|p2a: Sneasler|Protect\n|move|p2b: Dragapult|Thunder Wave|p1b: Sinistcha\n|-status|p1b: Sinistcha|par\n|move|p1a: Milotic|Icy Wind|p2a: Sneasler|[spread] p2b\n|-activate|p2a: Sneasler|move: Protect\n|-supereffective|p2b: Dragapult|1\n|-damage|p2b: Dragapult|79/100\n|move|p1b: Sinistcha|Shadow Ball|p2b: Dragapult\n|-supereffective|p2b: Dragapult|1\n|-damage|p2b: Dragapult|5/100\n|\n|-damage|p1a: Milotic|95/100 brn|[from] brn\n|upkeep\n|turn|4\n|c|\u2606Moxiemencefan21|Crit mattered hugely, unfortunate\n|\n|t:|1776732963\n|move|p2a: Sneasler|Dire Claw|p1a: Milotic\n|-damage|p1a: Milotic|51/100 brn\n|move|p2b: Dragapult|U-turn|p1a: Milotic\n|-damage|p1a: Milotic|36/100 brn\n|\n|t:|1776732972\n|switch|p2b: Sinistcha|Sinistcha, L50|100/100|[from] U-turn\n|move|p1a: Milotic|Icy Wind|p2a: Sneasler|[spread] p2a,p2b\n|-supereffective|p2b: Sinistcha|1\n|-damage|p2a: Sneasler|81/100\n|-damage|p2b: Sinistcha|79/100\n|-unboost|p2a: Sneasler|spe|1\n|-unboost|p2b: Sinistcha|spe|1\n|move|p1b: Sinistcha|Matcha Gotcha|p2b: Sinistcha|[spread] p2a,p2b\n|-resisted|p2a: Sneasler|1\n|-crit|p2a: Sneasler\n|-resisted|p2b: Sinistcha|1\n|-damage|p2a: Sneasler|39/100\n|-damage|p2b: Sinistcha|66/100\n|\n|-heal|p1a: Milotic|42/100 brn|[from] item: Leftovers\n|-damage|p1a: Milotic|36/100 brn|[from] brn\n|upkeep\n|turn|5\n|\n|t:|1776732999\n|switch|p1a: Scizor|Scizor-Mega, L50, F|100/100\n|move|p2a: Sneasler|Dire Claw|p1b: Sinistcha\n|-damage|p1b: Sinistcha|61/100 par\n|move|p2b: Sinistcha|Matcha Gotcha|p1b: Sinistcha|[spread] p1a,p1b\n|-resisted|p1a: Scizor|2\n|-resisted|p1b: Sinistcha|1\n|-damage|p1a: Scizor|95/100\n|-heal|p2b: Sinistcha|68/100|[from] drain|[of] p1a: Scizor\n|-damage|p1b: Sinistcha|48/100 par\n|-heal|p2b: Sinistcha|75/100|[from] drain|[of] p1b: Sinistcha\n|-enditem|p1b: Sinistcha|Sitrus Berry|[eat]\n|-heal|p1b: Sinistcha|72/100 par|[from] item: Sitrus Berry\n|move|p1b: Sinistcha|Shadow Ball|p2b: Sinistcha\n|-supereffective|p2b: Sinistcha|1\n|-damage|p2b: Sinistcha|0 fnt\n|faint|p2b: Sinistcha\n|\n|upkeep\n|\n|t:|1776733020\n|switch|p2b: Dragapult|Dragapult, L50, M|5/100\n|turn|6\n|\n|t:|1776733032\n|move|p2a: Sneasler|Protect|p2a: Sneasler\n|-singleturn|p2a: Sneasler|Protect\n|move|p1a: Scizor|Bullet Punch|p2b: Dragapult\n|-damage|p2b: Dragapult|0 fnt\n|faint|p2b: Dragapult\n|move|p1b: Sinistcha|Shadow Ball|p2a: Sneasler\n|-activate|p2a: Sneasler|move: Protect\n|\n|upkeep\n|\n|t:|1776733037\n|switch|p2b: Floette|Floette-Eternal, L50, F|100/100\n|turn|7\n|\n|t:|1776733052\n|detailschange|p2b: Floette|Floette-Mega, L50, F\n|-mega|p2b: Floette|Floette|Floettite\n|-ability|p2b: Floette|Fairy Aura\n|move|p1a: Scizor|Bullet Punch|p2a: Sneasler\n|-damage|p2a: Sneasler|0 fnt\n|faint|p2a: Sneasler\n|move|p2b: Floette|Light of Ruin|p1a: Scizor\n|-resisted|p1a: Scizor|1\n|-damage|p1a: Scizor|39/100\n|-damage|p2b: Floette|67/100|[from] Recoil\n|move|p1b: Sinistcha|Matcha Gotcha|p2b: Floette\n|-damage|p2b: Floette|35/100\n|-heal|p1b: Sinistcha|86/100 par|[from] drain|[of] p2b: Floette\n|-status|p2b: Floette|brn\n|\n|-damage|p2b: Floette|29/100 brn|[from] brn\n|upkeep\n|turn|8\n|-message|Shockey7 forfeited.\n|\n|win|Moxiemencefan21\n|raw|Moxiemencefan21's rating: 1241 &rarr; <strong>1273</strong><br />(+32 for winning)\n|raw|Shockey7's rating: 1339 &rarr; <strong>1314</strong><br />(-25 for losing)\n|l|\u2606Shockey7\n|player|p2|\n|c|\u2606Moxiemencefan21|Still won yeet\n",
  "uploadtime": 1776733083,
  "views": 4,
  "formatid": "gen9championsvgc2026regma",
  "rating": 1273,
  "private": 0,
  "password": null
}