{
  "id": "gen9championsvgc2026regma-2582291767",
  "format": "[Gen 9 Champions] VGC 2026 Reg M-A",
  "players": [
    "porygon-epilepz",
    "Mi Amore Cadenzza"
  ],
  "log": "|j|\u2606porygon-epilepz\n|j|\u2606Mi Amore Cadenzza\n|t:|1776080419\n|gametype|doubles\n|player|p1|porygon-epilepz|hiker-gen4|1090\n|player|p2|Mi Amore Cadenzza|cynthia|1051\n|gen|9\n|tier|[Gen 9 Champions] VGC 2026 Reg M-A\n|rated|\n|rule|Species Clause: Limit one of each Pok\u00e9mon\n|rule|Item Clause: Limit 1 of each item\n|clearpoke\n|poke|p1|Kommo-o, L50, F|\n|poke|p1|Incineroar, L50, F|\n|poke|p1|Glimmora, L50, F|\n|poke|p1|Sinistcha, L50|\n|poke|p1|Talonflame, L50, F|\n|poke|p1|Orthworm, L50, M|\n|poke|p2|Talonflame, L50, F|\n|poke|p2|Garchomp, L50, F|\n|poke|p2|Gyarados, L50, M|\n|poke|p2|Sableye, L50, F|\n|teampreview|4\n|inactive|Battle timer is ON: inactive players will automatically lose when time's up. (requested by Mi Amore Cadenzza)\nMi Amore Cadenzza rejected open team sheets.\n|\n|t:|1776080449\n|teamsize|p1|4\n|teamsize|p2|4\n|start\n|switch|p1a: Kommo-o|Kommo-o, L50, F|100/100\n|switch|p1b: Incineroar|Incineroar, L50, F|100/100\n|switch|p2a: Talonflame|Talonflame, L50, F, shiny|100/100\n|switch|p2b: Garchomp|Garchomp, L50, F|100/100\n|-ability|p1b: Incineroar|Intimidate|boost\n|-unboost|p2a: Talonflame|atk|1\n|-unboost|p2b: Garchomp|atk|1\n|turn|1\n|\n|t:|1776080461\n|move|p2a: Talonflame|Upper Hand||[still]\n|-fail|p2a: Talonflame\n|move|p1a: Kommo-o|Clangorous Soul|p1a: Kommo-o\n|-boost|p1a: Kommo-o|atk|1\n|-boost|p1a: Kommo-o|def|1\n|-boost|p1a: Kommo-o|spa|1\n|-boost|p1a: Kommo-o|spd|1\n|-boost|p1a: Kommo-o|spe|1\n|-damage|p1a: Kommo-o|68/100\n|move|p2b: Garchomp|Outrage|p1a: Kommo-o\n|-supereffective|p1a: Kommo-o|1\n|-damage|p1a: Kommo-o|12/100\n|move|p1b: Incineroar|Parting Shot|p2b: Garchomp\n|-unboost|p2b: Garchomp|atk|1\n|-unboost|p2b: Garchomp|spa|1\n|\n|t:|1776080475\n|switch|p1b: Orthworm|Orthworm, L50, M|100/100|[from] Parting Shot\n|\n|-heal|p1a: Kommo-o|18/100|[from] item: Leftovers\n|upkeep\n|turn|2\n|\n|t:|1776080484\n|move|p1a: Kommo-o|Protect|p1a: Kommo-o\n|-singleturn|p1a: Kommo-o|Protect\n|move|p2a: Talonflame|Hurricane|p1a: Kommo-o\n|-activate|p1a: Kommo-o|move: Protect\n|move|p2b: Garchomp|Outrage|p1b: Orthworm|[from] lockedmove\n|-resisted|p1b: Orthworm|1\n|-damage|p1b: Orthworm|89/100\n|move|p1b: Orthworm|Iron Defense|p1b: Orthworm\n|-boost|p1b: Orthworm|def|2\n|\n|-heal|p1a: Kommo-o|24/100|[from] item: Leftovers\n|upkeep\n|turn|3\n|\n|t:|1776080506\n|move|p2a: Talonflame|Hurricane|p1a: Kommo-o|[miss]\n|-miss|p2a: Talonflame|p1a: Kommo-o\n|move|p1a: Kommo-o|Clanging Scales|p2b: Garchomp|[spread] p2a,p2b\n|-supereffective|p2b: Garchomp|1\n|-damage|p2a: Talonflame|11/100\n|-damage|p2b: Garchomp|13/100\n|-unboost|p1a: Kommo-o|def|1\n|move|p2b: Garchomp|Outrage|p1a: Kommo-o|[from] lockedmove\n|-supereffective|p1a: Kommo-o|1\n|-damage|p1a: Kommo-o|0 fnt\n|faint|p1a: Kommo-o\n|-start|p2b: Garchomp|confusion|[fatigue]\n|move|p1b: Orthworm|Shed Tail|p1b: Orthworm\n|-start|p1b: Orthworm|Substitute|[from] move: Shed Tail\n|-damage|p1b: Orthworm|38/100\n|-enditem|p1b: Orthworm|Sitrus Berry|[eat]\n|-heal|p1b: Orthworm|63/100|[from] item: Sitrus Berry\n|\n|t:|1776080515\n|switch|p1b: Glimmora|Glimmora, L50, F|100/100|[from] Shed Tail\n|\n|upkeep\n|\n|t:|1776080517\n|switch|p1a: Incineroar|Incineroar, L50, F|100/100\n|-ability|p1a: Incineroar|Intimidate|boost\n|-unboost|p2a: Talonflame|atk|1\n|-unboost|p2b: Garchomp|atk|1\n|turn|4\n|\n|t:|1776080527\n|move|p2a: Talonflame|Upper Hand|p1a: Incineroar\n|-supereffective|p1a: Incineroar|1\n|-damage|p1a: Incineroar|90/100\n|cant|p1a: Incineroar|flinch\n|move|p1b: Glimmora|Power Gem|p2a: Talonflame\n|-supereffective|p2a: Talonflame|2\n|-damage|p2a: Talonflame|0 fnt\n|faint|p2a: Talonflame\n|-activate|p2b: Garchomp|confusion\n|move|p2b: Garchomp|Earthquake|p1a: Incineroar|[spread] p1a,p1b\n|-supereffective|p1b: Glimmora|2\n|-end|p1b: Glimmora|Substitute\n|-supereffective|p1a: Incineroar|1\n|-enditem|p1a: Incineroar|Shuca Berry|[eat]\n|-enditem|p1a: Incineroar|Shuca Berry|[weaken]\n|-damage|p1a: Incineroar|78/100\n|\n|upkeep\n|\n|t:|1776080547\n|switch|p2a: Sableye|Sableye, L50, F|100/100\n|turn|5\n|\n|t:|1776080568\n|switch|p2b: Gyarados|Gyarados, L50, M|100/100\n|-ability|p2b: Gyarados|Intimidate|boost\n|-unboost|p1a: Incineroar|atk|1\n|-unboost|p1b: Glimmora|atk|1\n|switch|p1a: Orthworm|Orthworm, L50, M|63/100\n|detailschange|p1b: Glimmora|Glimmora-Mega, L50, F\n|-mega|p1b: Glimmora|Glimmora|Glimmoranite\n|move|p1b: Glimmora|Spiky Shield|p1b: Glimmora\n|-singleturn|p1b: Glimmora|move: Protect\n|move|p2a: Sableye|Fake Out|p1a: Orthworm\n|-resisted|p1a: Orthworm|1\n|-damage|p1a: Orthworm|60/100\n|\n|upkeep\n|turn|6\n|\n|t:|1776080585\n|switch|p1b: Incineroar|Incineroar, L50, F|78/100\n|-ability|p1b: Incineroar|Intimidate|boost\n|-unboost|p2a: Sableye|atk|1\n|-unboost|p2b: Gyarados|atk|1\n|detailschange|p2b: Gyarados|Gyarados-Mega, L50, M\n|-mega|p2b: Gyarados|Gyarados|Gyaradosite\n|-ability|p2b: Gyarados|Mold Breaker\n|move|p2a: Sableye|Thunder Wave|p1b: Incineroar\n|-hint|Since gen 7, Dark is immune to Prankster moves.\n|-immune|p1b: Incineroar\n|move|p2b: Gyarados|Waterfall|p1b: Incineroar\n|-supereffective|p1b: Incineroar|1\n|-damage|p1b: Incineroar|30/100\n|move|p1a: Orthworm|Iron Defense|p1a: Orthworm\n|-boost|p1a: Orthworm|def|2\n|\n|upkeep\n|turn|7\n|inactive|Mi Amore Cadenzza has 30 seconds left.\n|\n|t:|1776080618\n|switch|p2b: Garchomp|Garchomp, L50, F|13/100\n|move|p2a: Sableye|Thunder Wave|p1a: Orthworm\n|-status|p1a: Orthworm|par\n|move|p1b: Incineroar|Flare Blitz|p2a: Sableye\n|-damage|p2a: Sableye|35/100\n|-damage|p1b: Incineroar|13/100|[from] Recoil\n|move|p1a: Orthworm|Body Press|p2b: Garchomp\n|-damage|p2b: Garchomp|0 fnt\n|faint|p2b: Garchomp\n|\n|-heal|p2a: Sableye|41/100|[from] item: Leftovers\n|upkeep\n|\n|t:|1776080631\n|switch|p2b: Gyarados|Gyarados-Mega, L50, M|100/100\n|-ability|p2b: Gyarados|Mold Breaker\n|turn|8\n|\n|t:|1776080653\n|move|p2b: Gyarados|Waterfall|p1b: Incineroar\n|-supereffective|p1b: Incineroar|1\n|-damage|p1b: Incineroar|0 fnt\n|faint|p1b: Incineroar\n|move|p2a: Sableye|Knock Off|p1a: Orthworm\n|-damage|p1a: Orthworm|55/100 par\n|move|p1a: Orthworm|Body Press|p2b: Gyarados\n|-supereffective|p2b: Gyarados|1\n|-damage|p2b: Gyarados|5/100\n|\n|-heal|p2a: Sableye|46/100|[from] item: Leftovers\n|upkeep\n|\n|t:|1776080657\n|switch|p1b: Glimmora|Glimmora-Mega, L50, F|100/100\n|turn|9\n|\n|t:|1776080679\n|move|p1b: Glimmora|Sludge Bomb|p2b: Gyarados\n|-damage|p2b: Gyarados|0 fnt\n|faint|p2b: Gyarados\n|move|p2a: Sableye|Knock Off|p1a: Orthworm\n|-damage|p1a: Orthworm|50/100 par\n|move|p1a: Orthworm|Heavy Slam|p2a: Sableye\n|-damage|p2a: Sableye|0 fnt\n|faint|p2a: Sableye\n|\n|win|porygon-epilepz\n|raw|porygon-epilepz's rating: 1090 &rarr; <strong>1114</strong><br />(+24 for winning)\n|raw|Mi Amore Cadenzza's rating: 1051 &rarr; <strong>1035</strong><br />(-16 for losing)\n",
  "uploadtime": 1776080421,
  "views": 13,
  "formatid": "gen9championsvgc2026regma",
  "rating": 1035,
  "private": 0,
  "password": null
}