{
  "id": "gen9championsvgc2026regma-2583961468",
  "format": "[Gen 9 Champions] VGC 2026 Reg M-A",
  "players": [
    "e242521",
    "yoyotheyogurt"
  ],
  "log": "|j|\u2606e242521\n|j|\u203dyoyotheyogurt\n|t:|1776212094\n|gametype|doubles\n|player|p1|e242521|boarder|1136\n|player|p2|yoyotheyogurt|101|1187\n|gen|9\n|tier|[Gen 9 Champions] VGC 2026 Reg M-A\n|rated|\n|rule|Species Clause: Limit one of each Pok\u00e9mon\n|rule|Item Clause: Limit 1 of each item\n|clearpoke\n|poke|p1|Pikachu, L50, M|\n|poke|p1|Charizard, L50, M|\n|poke|p1|Whimsicott, L50, M|\n|poke|p1|Froslass, L50, F|\n|poke|p1|Incineroar, L50, M|\n|poke|p1|Rotom-Wash, L50|\n|poke|p2|Dragonite, L50, M|\n|poke|p2|Snorlax, L50, M|\n|poke|p2|Sableye, L50, F|\n|poke|p2|Gardevoir, L50, M|\n|poke|p2|Rotom-Wash, L50|\n|poke|p2|Kingambit, L50, M|\n|teampreview|4\n|inactive|Battle timer is ON: inactive players will automatically lose when time's up. (requested by e242521)\n|\n|t:|1776212116\n|teamsize|p1|4\n|teamsize|p2|4\n|start\n|switch|p1a: Whimsicott|Whimsicott, L50, M|100/100\n|switch|p1b: Pikachu|Pikachu, L50, M|100/100\n|switch|p2a: Sableye|Sableye, L50, F|100/100\n|switch|p2b: Rotom|Rotom-Wash, L50|100/100\n|turn|1\n|inactive|yoyotheyogurt has 30 seconds left.\n|\n|t:|1776212151\n|switch|p2b: Snorlax|Snorlax, L50, M, shiny|100/100\n|move|p2a: Sableye|Taunt|p1b: Pikachu\n|-start|p1b: Pikachu|move: Taunt\n|move|p1a: Whimsicott|Moonblast|p2a: Sableye\n|-supereffective|p2a: Sableye|1\n|-damage|p2a: Sableye|32/100\n|-enditem|p2a: Sableye|Sitrus Berry|[eat]\n|-heal|p2a: Sableye|57/100|[from] item: Sitrus Berry\n|move|p1b: Pikachu|Thunderbolt|p2b: Snorlax\n|-crit|p2b: Snorlax\n|-damage|p2b: Snorlax|65/100\n|\n|upkeep\n|turn|2\n|inactive|e242521 has 30 seconds left.\n|inactive|yoyotheyogurt has 30 seconds left.\n|\n|t:|1776212179\n|move|p1a: Whimsicott|Tailwind|p1a: Whimsicott\n|-sidestart|p1: e242521|move: Tailwind\n|move|p2a: Sableye|Taunt|p1a: Whimsicott\n|-start|p1a: Whimsicott|move: Taunt\n|move|p1b: Pikachu|Volt Switch|p2b: Snorlax\n|-crit|p2b: Snorlax\n|-damage|p2b: Snorlax|38/100\n|\n|t:|1776212188\n|switch|p1b: Charizard|Charizard, L50, M|100/100|[from] Volt Switch\n|move|p2b: Snorlax|Curse|p2b: Snorlax\n|-unboost|p2b: Snorlax|spe|1\n|-boost|p2b: Snorlax|atk|1\n|-boost|p2b: Snorlax|def|1\n|\n|upkeep\n|turn|3\n|inactive|e242521 has 30 seconds left.\n|\n|t:|1776212215\n|move|p2a: Sableye|Encore|p1a: Whimsicott\n|-start|p1a: Whimsicott|Encore\n|cant|p1a: Whimsicott|move: Taunt|Tailwind\n|move|p1b: Charizard|Flamethrower|p2b: Snorlax\n|-damage|p2b: Snorlax|27/100\n|move|p2b: Snorlax|Rest|p2b: Snorlax\n|-status|p2b: Snorlax|slp|[from] move: Rest\n|-enditem|p2b: Snorlax|Lum Berry|[eat]\n|-curestatus|p2b: Snorlax|slp|[msg]\n|-heal|p2b: Snorlax|100/100|[silent]\n|\n|upkeep\n|turn|4\n|\n|t:|1776212239\n|move|p2a: Sableye|Recover|p2a: Sableye\n|-heal|p2a: Sableye|100/100\n|-activate|p1a: Whimsicott|move: Struggle\n|move|p1a: Whimsicott|Struggle|p2a: Sableye\n|-damage|p2a: Sableye|90/100\n|-damage|p1a: Whimsicott|76/100|[from] recoil\n|move|p1b: Charizard|Heat Wave|p2a: Sableye|[spread] p2a,p2b\n|-damage|p2a: Sableye|46/100\n|-damage|p2b: Snorlax|92/100\n|-status|p2b: Snorlax|brn\n|move|p2b: Snorlax|Curse|p2b: Snorlax\n|-unboost|p2b: Snorlax|spe|1\n|-boost|p2b: Snorlax|atk|1\n|-boost|p2b: Snorlax|def|1\n|\n|-damage|p2b: Snorlax|86/100 brn|[from] brn\n|upkeep\n|turn|5\n|inactive|yoyotheyogurt has 30 seconds left.\n|\n|t:|1776212270\n|switch|p1a: Froslass|Froslass, L50, F|100/100\n|switch|p2a: Rotom|Rotom-Wash, L50|100/100\n|move|p1b: Charizard|Flamethrower|p2a: Rotom\n|-resisted|p2a: Rotom|1\n|-damage|p2a: Rotom|77/100\n|move|p2b: Snorlax|Curse|p2b: Snorlax\n|-unboost|p2b: Snorlax|spe|1\n|-boost|p2b: Snorlax|atk|1\n|-boost|p2b: Snorlax|def|1\n|\n|-heal|p2a: Rotom|83/100|[from] item: Leftovers\n|-damage|p2b: Snorlax|80/100 brn|[from] brn\n|-sideend|p1: e242521|move: Tailwind\n|upkeep\n|turn|6\n|inactive|yoyotheyogurt has 30 seconds left.\n|inactive|yoyotheyogurt has 20 seconds left.\n|\n|t:|1776212305\n|switch|p1b: Pikachu|Pikachu, L50, M|100/100\n|move|p1a: Froslass|Protect|p1a: Froslass\n|-singleturn|p1a: Froslass|Protect\n|move|p2a: Rotom|Hydro Pump|p1b: Pikachu\n|-damage|p1b: Pikachu|22/100\n|move|p2b: Snorlax|Rest|p2b: Snorlax\n|-status|p2b: Snorlax|slp|[from] move: Rest\n|-heal|p2b: Snorlax|100/100 slp|[silent]\n|\n|-heal|p2a: Rotom|88/100|[from] item: Leftovers\n|upkeep\n|turn|7\n|\n|t:|1776212330\n|move|p1a: Froslass|Shadow Ball|p2a: Rotom\n|-damage|p2a: Rotom|58/100\n|-unboost|p2a: Rotom|spd|1\n|move|p1b: Pikachu|Volt Switch|p2a: Rotom\n|-damage|p2a: Rotom|0 fnt\n|faint|p2a: Rotom\n|\n|t:|1776212338\n|switch|p1b: Whimsicott|Whimsicott, L50, M|76/100|[from] Volt Switch\n|cant|p2b: Snorlax|slp\n|\n|upkeep\n|\n|t:|1776212352\n|switch|p2a: Gardevoir|Gardevoir, L50, M|100/100\n|-ability|p2a: Gardevoir|Cursed Body|Trace|[from] ability: Trace|[of] p1a: Froslass\n|turn|8\n|\n|t:|1776212370\n|detailschange|p2a: Gardevoir|Gardevoir-Mega, L50, M\n|-mega|p2a: Gardevoir|Gardevoir|Gardevoirite\n|move|p1b: Whimsicott|Tailwind|p1b: Whimsicott\n|-sidestart|p1: e242521|move: Tailwind\n|move|p1a: Froslass|Shadow Ball|p2a: Gardevoir\n|-supereffective|p2a: Gardevoir|1\n|-damage|p2a: Gardevoir|52/100\n|move|p2a: Gardevoir|Hyper Voice|p1b: Whimsicott|[spread] p1a,p1b\n|-damage|p1a: Froslass|14/100\n|-damage|p1b: Whimsicott|0 fnt\n|faint|p1b: Whimsicott\n|cant|p2b: Snorlax|slp\n|\n|upkeep\n|\n|t:|1776212387\n|switch|p1b: Pikachu|Pikachu, L50, M|22/100\n|turn|9\n|\n|t:|1776212401\n|move|p2a: Gardevoir|Protect|p2a: Gardevoir\n|-singleturn|p2a: Gardevoir|Protect\n|move|p1a: Froslass|Shadow Ball|p2a: Gardevoir\n|-activate|p2a: Gardevoir|move: Protect\n|move|p1b: Pikachu|Volt Switch|p2a: Gardevoir\n|-activate|p2a: Gardevoir|move: Protect\n|-curestatus|p2b: Snorlax|slp|[msg]\n|move|p2b: Snorlax|High Horsepower|p1a: Froslass\n|-damage|p1a: Froslass|0 fnt\n|faint|p1a: Froslass\n|\n|upkeep\n|\n|t:|1776212403\n|switch|p1a: Charizard|Charizard, L50, M|100/100\n|turn|10\n|inactive|yoyotheyogurt has 30 seconds left.\n|\n|t:|1776212432\n|detailschange|p1a: Charizard|Charizard-Mega-Y, L50, M\n|-mega|p1a: Charizard|Charizard|Charizardite Y\n|-weather|SunnyDay|[from] ability: Drought|[of] p1a: Charizard\n|move|p1a: Charizard|Heat Wave|p2a: Gardevoir|[spread] p2a,p2b\n|-damage|p2a: Gardevoir|0 fnt\n|-damage|p2b: Snorlax|84/100\n|faint|p2a: Gardevoir\n|move|p1b: Pikachu|Thunderbolt|p2b: Snorlax\n|-damage|p2b: Snorlax|59/100\n|move|p2b: Snorlax|Body Slam|p1a: Charizard\n|-damage|p1a: Charizard|8/100\n|-status|p1a: Charizard|par\n|\n|-weather|SunnyDay|[upkeep]\n|upkeep\n|\n|t:|1776212445\n|switch|p2a: Sableye|Sableye, L50, F|46/100\n|turn|11\n|\n|t:|1776212457\n|move|p1b: Pikachu|Thunderbolt|p2b: Snorlax\n|-damage|p2b: Snorlax|36/100\n|move|p1a: Charizard|Heat Wave|p2b: Snorlax|[spread] p2b\n|-miss|p1a: Charizard|p2a: Sableye\n|-damage|p2b: Snorlax|20/100\n|move|p2a: Sableye|Foul Play|p1a: Charizard\n|-damage|p1a: Charizard|0 fnt\n|faint|p1a: Charizard\n|move|p2b: Snorlax|Body Slam|p1b: Pikachu\n|-crit|p1b: Pikachu\n|-damage|p1b: Pikachu|0 fnt\n|faint|p1b: Pikachu\n|\n|win|yoyotheyogurt\n|raw|e242521's rating: 1136 &rarr; <strong>1115</strong><br />(-21 for losing)\n|raw|yoyotheyogurt's rating: 1187 &rarr; <strong>1208</strong><br />(+21 for winning)\n|l|\u2606e242521\n|player|p1|\n",
  "uploadtime": 1776212489,
  "views": 22,
  "formatid": "gen9championsvgc2026regma",
  "rating": 1115,
  "private": 0,
  "password": null
}