{
  "id": "gen9championsvgc2026regma-2587638958",
  "format": "[Gen 9 Champions] VGC 2026 Reg M-A",
  "players": [
    "Peter Panshrew\u2714\ufe0f",
    "1#MiraidonHater"
  ],
  "log": "|j|\u2606Peter Panshrew\u2714\ufe0f\n|j|\u26061#MiraidonHater\n|t:|1776549355\n|gametype|doubles\n|player|p1|Peter Panshrew\u2714\ufe0f|169|\n|player|p2|1#MiraidonHater|volkner|\n|gen|9\n|tier|[Gen 9 Champions] VGC 2026 Reg M-A\n|rule|Species Clause: Limit one of each Pok\u00e9mon\n|rule|Item Clause: Limit 1 of each item\n|clearpoke\n|poke|p1|Palafin, L50, M|\n|poke|p1|Incineroar, L50, F|\n|poke|p1|Venusaur, L50, F|\n|poke|p1|Pelipper, L50, F|\n|poke|p1|Basculegion, L50, M|\n|poke|p1|Manectric, L50, M|\n|poke|p2|Gardevoir, L50, F|\n|poke|p2|Basculegion, L50, M|\n|poke|p2|Tsareena, L50, F|\n|poke|p2|Incineroar, L50, F|\n|poke|p2|Pelipper, L50, M|\n|poke|p2|Archaludon, L50, F|\n|teampreview|4\n|j| p3elz\n|\n|t:|1776549390\n|teamsize|p1|4\n|teamsize|p2|4\n|start\n|switch|p1a: Palafin|Palafin, L50, M|100/100\n|switch|p1b: Manectric|Manectric, L50, M|100/100\n|switch|p2a: Bishow|Gardevoir, L50, F|100/100\n|switch|p2b: Dop Dururum|Basculegion, L50, M|100/100\n|-ability|p2a: Bishow|Lightning Rod|Trace|[from] ability: Trace|[of] p1b: Manectric\n|turn|1\n|c| p3elz|hey guys\n|c|\u2606Peter Panshrew\u2714\ufe0f|hey\n|c|\u26061#MiraidonHater|yo peter\n|c|\u2606Peter Panshrew\u2714\ufe0f|how goes\n|c|\u26061#MiraidonHater|guess the reference\n|c| p3elz|peetah\n|c|\u2606Peter Panshrew\u2714\ufe0f|the horse is hewer\n|c|\u2606Peter Panshrew\u2714\ufe0f|right\n|c|\u26061#MiraidonHater|no\n|c|\u2606Peter Panshrew\u2714\ufe0f|o\n|c| p3elz|\u2714\ufe0f\n|c| p3elz|is this tuff\n|c|\u2606Peter Panshrew\u2714\ufe0f|hype\n|l| p3elz\n|c|\u26061#MiraidonHater|Dop Dururum dop dururum bishow dop dururum dop bin durum bishow bom bom bim be bedi bedu dopen dim di bedi\n|\n|t:|1776549541\n|switch|p1b: Incineroar|Incineroar, L50, F|100/100\n|-ability|p1b: Incineroar|Intimidate|boost\n|-unboost|p2a: Bishow|atk|1\n|-unboost|p2b: Dop Dururum|atk|1\n|switch|p2a: Tsareena|Tsareena, L50, F|100/100\n|move|p1a: Palafin|Flip Turn|p2a: Tsareena\n|-resisted|p2a: Tsareena|1\n|-damage|p2a: Tsareena|90/100\n|c|\u2606Peter Panshrew\u2714\ufe0f|sounds like gibberish\n|\n|t:|1776549552\n|detailschange|p1a: Palafin|Palafin-Hero, L50, M\n|switch|p1a: Manectric|Manectric, L50, M|100/100|[from] Flip Turn\n|move|p2b: Dop Dururum|Flip Turn|p1b: Incineroar\n|-supereffective|p1b: Incineroar|1\n|-damage|p1b: Incineroar|57/100\n|c|\u26061#MiraidonHater|https://www.youtube.com/watch?v=frjtBcNI6dI&list=RDfrjtBcNI6dI&start_radio=1\n|c|\u2606Peter Panshrew\u2714\ufe0f|no\n|c|\u2606Peter Panshrew\u2714\ufe0f|>:\n|c|\u26061#MiraidonHater|huh\n|c|\u26061#MiraidonHater|what\n|\n|t:|1776549589\n|switch|p2b: Bishow|Gardevoir, L50, F|100/100|[from] Flip Turn\n|-ability|p2b: Bishow|Lightning Rod|Trace|[from] ability: Trace|[of] p1a: Manectric\n|\n|upkeep\n|turn|2\n|\n|t:|1776549607\n|move|p1a: Manectric|Flamethrower|p2a: Tsareena\n|-supereffective|p2a: Tsareena|1\n|-crit|p2a: Tsareena\n|-damage|p2a: Tsareena|0 fnt\n|faint|p2a: Tsareena\n|move|p2b: Bishow|Calm Mind|p2b: Bishow\n|-boost|p2b: Bishow|spa|1\n|-boost|p2b: Bishow|spd|1\n|move|p1b: Incineroar|Flare Blitz|p2b: Bishow\n|-damage|p2b: Bishow|29/100\n|-damage|p1b: Incineroar|37/100|[from] Recoil\n|-enditem|p1b: Incineroar|Sitrus Berry|[eat]\n|-heal|p1b: Incineroar|62/100|[from] item: Sitrus Berry\n|\n|upkeep\n|c|\u26061#MiraidonHater|damn what a crit\n|\n|t:|1776549620\n|switch|p2a: Dop Dururum|Basculegion, L50, M|100/100\n|turn|3\n|c|\u2606Peter Panshrew\u2714\ufe0f|I doubled tsareena\n|c|\u2606Peter Panshrew\u2714\ufe0f|dw\n|c|\u26061#MiraidonHater|i wouldve outsped incin\n|\n|t:|1776549638\n|detailschange|p2b: Bishow|Gardevoir-Mega, L50, F\n|-mega|p2b: Bishow|Gardevoir|Gardevoirite\n|move|p2a: Dop Dururum|Last Respects|p1a: Manectric\n|-damage|p1a: Manectric|0 fnt\n|faint|p1a: Manectric\n|move|p2b: Bishow|Hyper Voice|p1b: Incineroar\n|-damage|p1b: Incineroar|0 fnt\n|faint|p1b: Incineroar\n|\n|upkeep\n|\n|t:|1776549645\n|switch|p1a: Palafin|Palafin-Hero, L50, M|100/100\n|switch|p1b: Venusaur|Venusaur, L50, F|100/100\n|-activate|p1a: Palafin|ability: Zero to Hero\n|turn|4\n|\n|t:|1776549663\n|detailschange|p1b: Venusaur|Venusaur-Mega, L50, F\n|-mega|p1b: Venusaur|Venusaur|Venusaurite\n|move|p2b: Bishow|Protect|p2b: Bishow\n|-singleturn|p2b: Bishow|Protect\n|move|p1a: Palafin|Wave Crash|p2b: Bishow\n|-activate|p2b: Bishow|move: Protect\n|move|p2a: Dop Dururum|Last Respects|p1a: Palafin\n|-damage|p1a: Palafin|36/100\n|move|p1b: Venusaur|Giga Drain|p2a: Dop Dururum\n|-supereffective|p2a: Dop Dururum|1\n|-damage|p2a: Dop Dururum|27/100\n|\n|upkeep\n|turn|5\n|c|\u26061#MiraidonHater|how do you feel about Geometry dash\n|c|\u2606Peter Panshrew\u2714\ufe0f|I play\n|\n|t:|1776549675\n|move|p1a: Palafin|Wave Crash|p2b: Bishow\n|-damage|p2b: Bishow|0 fnt\n|faint|p2b: Bishow\n|-damage|p1a: Palafin|27/100|[from] Recoil\n|move|p2a: Dop Dururum|Last Respects|p1a: Palafin\n|-damage|p1a: Palafin|0 fnt\n|faint|p1a: Palafin\n|move|p1b: Venusaur|Giga Drain|p2a: Dop Dururum\n|-supereffective|p2a: Dop Dururum|1\n|-damage|p2a: Dop Dururum|0 fnt\n|faint|p2a: Dop Dururum\n|\n|upkeep\n|\n|t:|1776549679\n|switch|p2b: EVERY LAST DROP|Archaludon, L50, F|100/100\n|turn|6\n|c|\u2606Peter Panshrew\u2714\ufe0f|the watermelon stacking game\n|c|\u2606Peter Panshrew\u2714\ufe0f|:>\n|\n|t:|1776549693\n|move|p2b: EVERY LAST DROP|Flash Cannon|p1b: Venusaur\n|-damage|p1b: Venusaur|69/100\n|move|p1b: Venusaur|Leech Seed|p2b: EVERY LAST DROP\n|-start|p2b: EVERY LAST DROP|move: Leech Seed\n|\n|-damage|p2b: EVERY LAST DROP|89/100|[from] Leech Seed|[of] p1b: Venusaur\n|-heal|p1b: Venusaur|80/100|[silent]\n|upkeep\n|turn|7\n|\n|t:|1776549703\n|move|p2b: EVERY LAST DROP|Electro Shot||[still]\n|-prepare|p2b: EVERY LAST DROP|Electro Shot\n|-boost|p2b: EVERY LAST DROP|spa|1\n|move|p1b: Venusaur|Giga Drain|p2b: EVERY LAST DROP\n|-resisted|p2b: EVERY LAST DROP|2\n|-damage|p2b: EVERY LAST DROP|75/100\n|-heal|p1b: Venusaur|86/100|[from] drain|[of] p2b: EVERY LAST DROP\n|\n|-damage|p2b: EVERY LAST DROP|63/100|[from] Leech Seed|[of] p1b: Venusaur\n|-heal|p1b: Venusaur|97/100|[silent]\n|upkeep\n|turn|8\n|\n|t:|1776549713\n|move|p2b: EVERY LAST DROP|Electro Shot|p1b: Venusaur|[from] lockedmove\n|-resisted|p1b: Venusaur|1\n|-damage|p1b: Venusaur|68/100\n|move|p1b: Venusaur|Giga Drain|p2b: EVERY LAST DROP\n|-resisted|p2b: EVERY LAST DROP|2\n|-damage|p2b: EVERY LAST DROP|52/100\n|-heal|p1b: Venusaur|73/100|[from] drain|[of] p2b: EVERY LAST DROP\n|\n|-damage|p2b: EVERY LAST DROP|40/100|[from] Leech Seed|[of] p1b: Venusaur\n|-heal|p1b: Venusaur|84/100|[silent]\n|upkeep\n|turn|9\n|\n|t:|1776549718\n|move|p1b: Venusaur|Protect|p1b: Venusaur\n|-singleturn|p1b: Venusaur|Protect\n|move|p2b: EVERY LAST DROP|Flash Cannon|p1b: Venusaur\n|-activate|p1b: Venusaur|move: Protect\n|\n|-damage|p2b: EVERY LAST DROP|28/100|[from] Leech Seed|[of] p1b: Venusaur\n|-heal|p1b: Venusaur|95/100|[silent]\n|upkeep\n|turn|10\n|\n|t:|1776549724\n|move|p2b: EVERY LAST DROP|Draco Meteor|p1b: Venusaur\n|-damage|p1b: Venusaur|20/100\n|-unboost|p2b: EVERY LAST DROP|spa|2\n|move|p1b: Venusaur|Giga Drain|p2b: EVERY LAST DROP\n|-resisted|p2b: EVERY LAST DROP|2\n|-damage|p2b: EVERY LAST DROP|16/100\n|-heal|p1b: Venusaur|25/100|[from] drain|[of] p2b: EVERY LAST DROP\n|\n|-damage|p2b: EVERY LAST DROP|4/100|[from] Leech Seed|[of] p1b: Venusaur\n|-heal|p1b: Venusaur|36/100|[silent]\n|upkeep\n|turn|11\n|c|\u2606Peter Panshrew\u2714\ufe0f|we livin\n|\n|t:|1776549735\n|move|p1b: Venusaur|Protect|p1b: Venusaur\n|-singleturn|p1b: Venusaur|Protect\n|move|p2b: EVERY LAST DROP|Draco Meteor|p1b: Venusaur\n|-activate|p1b: Venusaur|move: Protect\n|\n|-damage|p2b: EVERY LAST DROP|0 fnt|[from] Leech Seed|[of] p1b: Venusaur\n|-heal|p1b: Venusaur|39/100|[silent]\n|faint|p2b: EVERY LAST DROP\n|\n|win|Peter Panshrew\u2714\ufe0f\n",
  "uploadtime": 1776549357,
  "views": 15,
  "formatid": "gen9championsvgc2026regma",
  "rating": null,
  "private": 0,
  "password": null
}