{
  "id": "gen9championsvgc2026regma-2581851254",
  "format": "[Gen 9 Champions] VGC 2026 Reg M-A",
  "players": [
    "Navicula",
    "mister meanor"
  ],
  "log": "|j|\u2606Navicula\n|j|\u2606mister meanor\n|t:|1776033667\n|gametype|doubles\n|player|p1|Navicula|scientist-gen4|1130\n|player|p2|mister meanor|266|1097\n|gen|9\n|tier|[Gen 9 Champions] VGC 2026 Reg M-A\n|rated|\n|rule|Species Clause: Limit one of each Pok\u00e9mon\n|rule|Item Clause: Limit 1 of each item\n|clearpoke\n|poke|p1|Audino, L50, F|\n|poke|p1|Kommo-o, L50, F|\n|poke|p1|Sinistcha, L50|\n|poke|p1|Lucario, L50, M|\n|poke|p1|Aegislash, L50, M|\n|poke|p1|Toucannon, L50, M|\n|poke|p2|Ninetales-Alola, L50, F|\n|poke|p2|Incineroar, L50, M|\n|poke|p2|Primarina, L50, F|\n|poke|p2|Sinistcha-Masterpiece, L50|\n|poke|p2|Lopunny, L50, M|\n|poke|p2|Glimmora, L50, F|\n|teampreview|4\n|inactive|Battle timer is ON: inactive players will automatically lose when time's up. (requested by Navicula)\n|inactive|mister meanor has 60 seconds left.\n|\n|t:|1776033728\n|teamsize|p1|4\n|teamsize|p2|4\n|start\n|switch|p1a: Moop|Audino, L50, F, shiny|100/100\n|switch|p1b: Rangus Bumclappa|Kommo-o, L50, F|100/100\n|switch|p2a: Incineroar|Incineroar, L50, M|100/100\n|switch|p2b: Ninetales|Ninetales-Alola, L50, F|100/100\n|-weather|Snowscape|[from] ability: Snow Warning|[of] p2b: Ninetales\n|-ability|p2a: Incineroar|Intimidate|boost\n|-unboost|p1a: Moop|atk|1\n|-unboost|p1b: Rangus Bumclappa|atk|1\n|turn|1\n|\n|t:|1776033747\n|move|p2a: Incineroar|Fake Out|p1b: Rangus Bumclappa\n|-damage|p1b: Rangus Bumclappa|92/100\n|move|p2b: Ninetales|Aurora Veil|p2b: Ninetales\n|-sidestart|p2: mister meanor|move: Aurora Veil\n|move|p1a: Moop|Simple Beam|p1b: Rangus Bumclappa\n|-ability|p1b: Rangus Bumclappa|Simple|Soundproof|[from] move: Simple Beam\n|cant|p1b: Rangus Bumclappa|flinch\n|\n|-weather|Snowscape|[upkeep]\n|upkeep\n|turn|2\n|inactive|mister meanor has 30 seconds left.\n|\n|t:|1776033780\n|move|p1a: Moop|Ally Switch|p1a: Moop\n|swap|p1a: Moop|1|[from] move: Ally Switch\n|move|p2b: Ninetales|Blizzard|p1b: Moop|[spread] p1a,p1b\n|-supereffective|p1a: Rangus Bumclappa|1\n|-damage|p1a: Rangus Bumclappa|45/100\n|-damage|p1b: Moop|72/100\n|-enditem|p1a: Rangus Bumclappa|Sitrus Berry|[eat]\n|-heal|p1a: Rangus Bumclappa|70/100|[from] item: Sitrus Berry\n|move|p1a: Rangus Bumclappa|Clangorous Soul|p1a: Rangus Bumclappa\n|-boost|p1a: Rangus Bumclappa|atk|2\n|-boost|p1a: Rangus Bumclappa|def|2\n|-boost|p1a: Rangus Bumclappa|spa|2\n|-boost|p1a: Rangus Bumclappa|spd|2\n|-boost|p1a: Rangus Bumclappa|spe|2\n|-damage|p1a: Rangus Bumclappa|37/100\n|move|p2a: Incineroar|Parting Shot|p1b: Moop\n|-unboost|p1b: Moop|atk|1\n|-unboost|p1b: Moop|spa|1\n|\n|t:|1776033795\n|switch|p2a: Lopunny|Lopunny, L50, M|100/100|[from] Parting Shot\n|\n|-weather|Snowscape|[upkeep]\n|upkeep\n|turn|3\n|\n|t:|1776033806\n|detailschange|p2a: Lopunny|Lopunny-Mega, L50, M\n|-mega|p2a: Lopunny|Lopunny|Lopunnite\n|move|p1a: Rangus Bumclappa|Protect|p1a: Rangus Bumclappa\n|-singleturn|p1a: Rangus Bumclappa|Protect\n|move|p2a: Lopunny|Fake Out|p1a: Rangus Bumclappa\n|-activate|p1a: Rangus Bumclappa|move: Protect\n|move|p2b: Ninetales|Blizzard|p1b: Moop|[spread] p1b\n|-activate|p1a: Rangus Bumclappa|move: Protect\n|-damage|p1b: Moop|43/100\n|move|p1b: Moop|Wish|p1b: Moop\n|\n|-weather|Snowscape|[upkeep]\n|upkeep\n|turn|4\n|\n|t:|1776033827\n|switch|p2a: Sinistcha|Sinistcha-Masterpiece, L50|100/100\n|move|p1b: Moop|Ally Switch|p1b: Moop\n|swap|p1b: Moop|0|[from] move: Ally Switch\n|move|p1b: Rangus Bumclappa|Drain Punch|p2a: Sinistcha\n|-immune|p2a: Sinistcha\n|move|p2b: Ninetales|Blizzard|p1b: Rangus Bumclappa|[spread] p1a,p1b\n|-supereffective|p1b: Rangus Bumclappa|1\n|-damage|p1a: Moop|14/100\n|-damage|p1b: Rangus Bumclappa|10/100\n|\n|-weather|Snowscape|[upkeep]\n|-heal|p1b: Rangus Bumclappa|68/100|[from] move: Wish|[wisher] Moop\n|upkeep\n|turn|5\n|\n|t:|1776033851\n|move|p1b: Rangus Bumclappa|Protect|p1b: Rangus Bumclappa\n|-singleturn|p1b: Rangus Bumclappa|Protect\n|move|p2a: Sinistcha|Rage Powder|p2a: Sinistcha\n|-singleturn|p2a: Sinistcha|move: Rage Powder\n|move|p2b: Ninetales|Blizzard|p1b: Rangus Bumclappa|[spread] p1a\n|-activate|p1b: Rangus Bumclappa|move: Protect\n|-damage|p1a: Moop|0 fnt\n|faint|p1a: Moop\n|\n|-weather|none\n|-sideend|p2: mister meanor|move: Aurora Veil\n|upkeep\n|\n|t:|1776033865\n|switch|p1a: Brewtwo|Sinistcha, L50|100/100\n|-heal|p1b: Rangus Bumclappa|93/100|[from] ability: Hospitality|[of] p1a: Brewtwo\n|turn|6\n|\n|t:|1776033874\n|move|p2a: Sinistcha|Rage Powder|p2a: Sinistcha\n|-singleturn|p2a: Sinistcha|move: Rage Powder\n|move|p1b: Rangus Bumclappa|Flash Cannon|p2a: Sinistcha\n|-damage|p2a: Sinistcha|66/100\n|move|p2b: Ninetales|Blizzard|p1b: Rangus Bumclappa|[spread] p1a,p1b\n|-supereffective|p1a: Brewtwo|1\n|-supereffective|p1b: Rangus Bumclappa|1\n|-damage|p1a: Brewtwo|40/100\n|-damage|p1b: Rangus Bumclappa|66/100\n|move|p1a: Brewtwo|Psych Up|p1b: Rangus Bumclappa\n|-copyboost|p1a: Brewtwo|p1b: Rangus Bumclappa|[from] move: Psych Up\n|\n|-heal|p2a: Sinistcha|72/100|[from] item: Leftovers\n|upkeep\n|turn|7\n|\n|t:|1776033893\n|move|p2a: Sinistcha|Rage Powder|p2a: Sinistcha\n|-singleturn|p2a: Sinistcha|move: Rage Powder\n|move|p1b: Rangus Bumclappa|Flash Cannon|p2a: Sinistcha\n|-damage|p2a: Sinistcha|37/100\n|move|p2b: Ninetales|Blizzard|p1b: Rangus Bumclappa|[spread] p1b\n|-miss|p2b: Ninetales|p1a: Brewtwo\n|-supereffective|p1b: Rangus Bumclappa|1\n|-damage|p1b: Rangus Bumclappa|39/100\n|move|p1a: Brewtwo|Matcha Gotcha|p2b: Ninetales|[spread] p2a,p2b\n|-resisted|p2a: Sinistcha|1\n|-damage|p2a: Sinistcha|13/100\n|-heal|p1a: Brewtwo|52/100|[from] drain|[of] p2a: Sinistcha\n|-damage|p2b: Ninetales|44/100\n|-heal|p1a: Brewtwo|75/100|[from] drain|[of] p2b: Ninetales\n|\n|-heal|p2a: Sinistcha|20/100|[from] item: Leftovers\n|upkeep\n|turn|8\n|\n|t:|1776033911\n|move|p1b: Rangus Bumclappa|Protect|p1b: Rangus Bumclappa\n|-singleturn|p1b: Rangus Bumclappa|Protect\n|move|p2a: Sinistcha|Rage Powder|p2a: Sinistcha\n|-singleturn|p2a: Sinistcha|move: Rage Powder\n|move|p2b: Ninetales|Blizzard|p1b: Rangus Bumclappa|[spread] \n|-activate|p1b: Rangus Bumclappa|move: Protect\n|-miss|p2b: Ninetales|p1a: Brewtwo\n|move|p1a: Brewtwo|Matcha Gotcha|p2b: Ninetales|[spread] p2a,p2b\n|-resisted|p2a: Sinistcha|1\n|-damage|p2a: Sinistcha|0 fnt\n|-heal|p1a: Brewtwo|85/100|[from] drain|[of] p2a: Sinistcha\n|-damage|p2b: Ninetales|0 fnt\n|-heal|p1a: Brewtwo|100/100|[from] drain|[of] p2b: Ninetales\n|faint|p2a: Sinistcha\n|faint|p2b: Ninetales\n|\n|upkeep\n|\n|t:|1776033928\n|switch|p2b: Lopunny|Lopunny-Mega, L50, M|100/100\n|switch|p2a: Incineroar|Incineroar, L50, M|100/100\n|-ability|p2a: Incineroar|Intimidate|boost\n|-unboost|p1a: Brewtwo|atk|1\n|-unboost|p1b: Rangus Bumclappa|atk|2\n|turn|9\n|\n|t:|1776033946\n|move|p2a: Incineroar|Fake Out|p1b: Rangus Bumclappa\n|-crit|p1b: Rangus Bumclappa\n|-damage|p1b: Rangus Bumclappa|26/100\n|move|p1a: Brewtwo|Rage Powder|p1a: Brewtwo\n|-singleturn|p1a: Brewtwo|move: Rage Powder\n|cant|p1b: Rangus Bumclappa|flinch\n|move|p2b: Lopunny|Close Combat|p1a: Brewtwo\n|-damage|p1a: Brewtwo|76/100\n|-unboost|p2b: Lopunny|def|1\n|-unboost|p2b: Lopunny|spd|1\n|\n|upkeep\n|turn|10\n|\n|t:|1776033965\n|move|p2a: Incineroar|Protect|p2a: Incineroar\n|-singleturn|p2a: Incineroar|Protect\n|move|p1b: Rangus Bumclappa|Drain Punch|p2b: Lopunny\n|-supereffective|p2b: Lopunny|1\n|-damage|p2b: Lopunny|27/100\n|-heal|p1b: Rangus Bumclappa|56/100|[from] drain|[of] p2b: Lopunny\n|move|p2b: Lopunny|U-turn|p1a: Brewtwo\n|-damage|p1a: Brewtwo|66/100\n|move|p1a: Brewtwo|Matcha Gotcha|p2a: Incineroar|[spread] p2b\n|-activate|p2a: Incineroar|move: Protect\n|-damage|p2b: Lopunny|0 fnt\n|-heal|p1a: Brewtwo|77/100|[from] drain|[of] p2b: Lopunny\n|faint|p2b: Lopunny\n|\n|upkeep\n|turn|11\n|-message|mister meanor forfeited.\n|\n|win|Navicula\n|raw|Navicula's rating: 1130 &rarr; <strong>1153</strong><br />(+23 for winning)\n|raw|mister meanor's rating: 1097 &rarr; <strong>1075</strong><br />(-22 for losing)\n|l|\u2606mister meanor\n|player|p2|\n",
  "uploadtime": 1776033989,
  "views": 13,
  "formatid": "gen9championsvgc2026regma",
  "rating": 1075,
  "private": 0,
  "password": null
}