{
  "id": "gen9championsvgc2026regma-2586621770",
  "format": "[Gen 9 Champions] VGC 2026 Reg M-A",
  "players": [
    "Yalper",
    "shadowlance1"
  ],
  "log": "|j|\u2606Yalper\n|j|\u2606shadowlance1\n|t:|1776447483\n|gametype|doubles\n|player|p1|Yalper|169|1230\n|player|p2|shadowlance1|drayden|1251\n|gen|9\n|tier|[Gen 9 Champions] VGC 2026 Reg M-A\n|rated|\n|rule|Species Clause: Limit one of each Pok\u00e9mon\n|rule|Item Clause: Limit 1 of each item\n|clearpoke\n|poke|p1|Delphox, L50, M|\n|poke|p1|Garchomp, L50, M|\n|poke|p1|Whimsicott, L50, M|\n|poke|p1|Rotom-Wash, L50|\n|poke|p1|Sneasler, L50, M|\n|poke|p1|Aerodactyl, L50, M|\n|poke|p2|Tyranitar, L50, F|\n|poke|p2|Corviknight, L50, M|\n|poke|p2|Excadrill, L50, F|\n|poke|p2|Sinistcha, L50|\n|poke|p2|Incineroar, L50, M|\n|poke|p2|Kommo-o, L50, F|\n|teampreview|4\n|inactive|Battle timer is ON: inactive players will automatically lose when time's up. (requested by shadowlance1)\nshadowlance1 has agreed to open team sheets.\n|inactive|Yalper has 60 seconds left.\n|inactive|shadowlance1 has 60 seconds left.\n|inactive|Yalper has 30 seconds left.\n|inactive|Yalper has 20 seconds left.\n|inactive|Yalper has 15 seconds left.\n|\n|t:|1776447560\n|teamsize|p1|4\n|teamsize|p2|4\n|start\n|switch|p1a: Garchomp|Garchomp, L50, M|100/100\n|switch|p1b: Aerodactyl|Aerodactyl, L50, M|100/100\n|switch|p2a: Tyranitar|Tyranitar, L50, F, shiny|100/100\n|switch|p2b: Excadrill|Excadrill, L50, F, shiny|100/100\n|-ability|p1b: Aerodactyl|Unnerve\n|-weather|Sandstorm|[from] ability: Sand Stream|[of] p2a: Tyranitar\n|turn|1\n|inactive|shadowlance1 has 30 seconds left.\n|\n|t:|1776447595\n|detailschange|p2a: Tyranitar|Tyranitar-Mega, L50, F, shiny\n|-mega|p2a: Tyranitar|Tyranitar|Tyranitarite\n|move|p2b: Excadrill|Rock Slide|p1a: Garchomp|[spread] p1b\n|-miss|p2b: Excadrill|p1a: Garchomp\n|-supereffective|p1b: Aerodactyl|1\n|-damage|p1b: Aerodactyl|25/100\n|move|p1a: Garchomp|Earthquake|p2b: Excadrill|[spread] p2a,p2b\n|-immune|p1b: Aerodactyl\n|-supereffective|p2a: Tyranitar|1\n|-supereffective|p2b: Excadrill|1\n|-damage|p2a: Tyranitar|33/100\n|-enditem|p2b: Excadrill|Focus Sash\n|-damage|p2b: Excadrill|1/100\n|move|p1b: Aerodactyl|Rock Slide|p2b: Excadrill|[spread] p2b\n|-miss|p1b: Aerodactyl|p2a: Tyranitar\n|-resisted|p2b: Excadrill|2\n|-damage|p2b: Excadrill|0 fnt\n|faint|p2b: Excadrill\n|move|p2a: Tyranitar|Rock Slide|p1b: Aerodactyl|[spread] p1a,p1b\n|-resisted|p1a: Garchomp|1\n|-supereffective|p1b: Aerodactyl|1\n|-damage|p1a: Garchomp|80/100\n|-damage|p1b: Aerodactyl|0 fnt\n|faint|p1b: Aerodactyl\n|\n|-weather|Sandstorm|[upkeep]\n|upkeep\n|inactive|Yalper has 30 seconds left.\n|\n|t:|1776447621\n|switch|p1b: Delphox|Delphox, L50, M|100/100\n|switch|p2b: Sinistcha|Sinistcha, L50, shiny|100/100\n|-heal|p2a: Tyranitar|58/100|[from] ability: Hospitality|[of] p2b: Sinistcha\n|turn|2\n|inactive|shadowlance1 has 30 seconds left.\n|\n|t:|1776447647\n|detailschange|p1b: Delphox|Delphox-Mega, L50, M\n|-mega|p1b: Delphox|Delphox|Delphoxite\n|move|p2a: Tyranitar|Protect|p2a: Tyranitar\n|-singleturn|p2a: Tyranitar|Protect\n|move|p1a: Garchomp|Earthquake|p2b: Sinistcha|[spread] p2b\n|-activate|p2a: Tyranitar|move: Protect\n|-immune|p1b: Delphox|[from] ability: Levitate\n|-resisted|p2b: Sinistcha|1\n|-damage|p2b: Sinistcha|85/100\n|move|p1b: Delphox|Heat Wave|p2b: Sinistcha|[spread] \n|-activate|p2a: Tyranitar|move: Protect\n|-miss|p1b: Delphox|p2b: Sinistcha\n|move|p2b: Sinistcha|Strength Sap|p1a: Garchomp\n|-unboost|p1a: Garchomp|atk|1\n|-heal|p2b: Sinistcha|100/100\n|\n|-weather|Sandstorm|[upkeep]\n|-damage|p1b: Delphox|95/100|[from] Sandstorm\n|-damage|p2b: Sinistcha|94/100|[from] Sandstorm\n|upkeep\n|turn|3\n|inactive|shadowlance1 has 30 seconds left.\n|inactive|shadowlance1 has 20 seconds left.\n|inactive|shadowlance1 has 15 seconds left.\n|inactive|Yalper has 30 seconds left.\n|\n|t:|1776447695\n|switch|p2b: Corviknight|Corviknight, L50, M, shiny|100/100\n|move|p1a: Garchomp|Earthquake|p2a: Tyranitar|[spread] p2a\n|-immune|p1b: Delphox|[from] ability: Levitate\n|-immune|p2b: Corviknight\n|-supereffective|p2a: Tyranitar|1\n|-damage|p2a: Tyranitar|19/100\n|move|p1b: Delphox|Encore|p2a: Tyranitar\n|-start|p2a: Tyranitar|Encore\n|move|p2a: Tyranitar|Protect||[still]\n|-fail|p2a: Tyranitar\n|\n|-weather|Sandstorm|[upkeep]\n|-damage|p1b: Delphox|89/100|[from] Sandstorm\n|upkeep\n|turn|4\n|\n|t:|1776447714\n|switch|p1a: Sneasler|Sneasler, L50, M|100/100\n|switch|p2a: Sinistcha|Sinistcha, L50, shiny|94/100\n|move|p1b: Delphox|Heat Wave|p2b: Corviknight|[spread] p2a,p2b\n|-supereffective|p2a: Sinistcha|1\n|-supereffective|p2b: Corviknight|1\n|-damage|p2a: Sinistcha|7/100\n|-damage|p2b: Corviknight|16/100\n|-enditem|p2a: Sinistcha|Sitrus Berry|[eat]\n|-heal|p2a: Sinistcha|31/100|[from] item: Sitrus Berry\n|move|p2b: Corviknight|Bulk Up|p2b: Corviknight\n|-boost|p2b: Corviknight|atk|1\n|-boost|p2b: Corviknight|def|1\n|\n|-weather|Sandstorm|[upkeep]\n|-damage|p1b: Delphox|84/100|[from] Sandstorm\n|-damage|p1a: Sneasler|95/100|[from] Sandstorm\n|-damage|p2a: Sinistcha|25/100|[from] Sandstorm\n|-heal|p2b: Corviknight|22/100|[from] item: Leftovers\n|upkeep\n|turn|5\n|inactive|shadowlance1 has 30 seconds left.\n|\n|t:|1776447741\n|move|p1b: Delphox|Psychic|p2a: Sinistcha\n|-crit|p2a: Sinistcha\n|-damage|p2a: Sinistcha|0 fnt\n|faint|p2a: Sinistcha\n|move|p1a: Sneasler|Close Combat|p2b: Corviknight\n|-damage|p2b: Corviknight|0 fnt\n|-unboost|p1a: Sneasler|def|1\n|-unboost|p1a: Sneasler|spd|1\n|faint|p2b: Corviknight\n|-enditem|p1a: Sneasler|White Herb\n|-clearnegativeboost|p1a: Sneasler|[silent]\n|\n|-weather|none\n|upkeep\n|\n|t:|1776447750\n|switch|p2b: Tyranitar|Tyranitar-Mega, L50, F, shiny|19/100\n|-weather|Sandstorm|[from] ability: Sand Stream|[of] p2b: Tyranitar\n|turn|6\n|l|\u2606shadowlance1\n|inactive|shadowlance1 disconnected and has a minute to reconnect!\n|player|p2|\n|inactive|shadowlance1 has 30 seconds left.\n|inactive|shadowlance1 has 20 seconds left.\n|inactive|shadowlance1 has 15 seconds left.\n|inactive|shadowlance1 has 10 seconds left.\n|inactive|shadowlance1 has 5 seconds left.\n|-message|shadowlance1 lost due to inactivity.\n|\n|win|Yalper\n|raw|Yalper's rating: 1230 &rarr; <strong>1257</strong><br />(+27 for winning)\n|raw|shadowlance1's rating: 1251 &rarr; <strong>1224</strong><br />(-27 for losing)\n",
  "uploadtime": 1776447809,
  "views": 56,
  "formatid": "gen9championsvgc2026regma",
  "rating": 1224,
  "private": 0,
  "password": null
}