{
  "id": "gen9championsvgc2026regma-2588533370",
  "format": "[Gen 9 Champions] VGC 2026 Reg M-A",
  "players": [
    "Wolfadin",
    "agusg360+"
  ],
  "log": "|j|\u2606Wolfadin\n|j|\u2606agusg360+\n|t:|1776642393\n|gametype|doubles\n|player|p1|Wolfadin|2|1167\n|player|p2|agusg360+|iris-gen5bw2|1071\n|gen|9\n|tier|[Gen 9 Champions] VGC 2026 Reg M-A\n|rated|\n|rule|Species Clause: Limit one of each Pok\u00e9mon\n|rule|Item Clause: Limit 1 of each item\n|clearpoke\n|poke|p1|Aerodactyl, L50, M, shiny|\n|poke|p1|Milotic, L50, F|\n|poke|p1|Charizard, L50, M, shiny|\n|poke|p1|Garchomp, L50, M|\n|poke|p1|Aegislash, L50, M, shiny|\n|poke|p1|Venusaur, L50, M, shiny|\n|poke|p2|Hawlucha, L50, M|\n|poke|p2|Sinistcha, L50|\n|poke|p2|Excadrill, L50, F|\n|poke|p2|Snorlax, L50, M|\n|poke|p2|Incineroar, L50, M|\n|poke|p2|Vanilluxe, L50, F|\n|teampreview|4\nagusg360+ rejected open team sheets.\n|\n|t:|1776642413\n|teamsize|p1|4\n|teamsize|p2|4\n|start\n|switch|p1a: Aerodactyl|Aerodactyl, L50, M, shiny|100/100\n|switch|p1b: Milotic|Milotic, L50, F|100/100\n|switch|p2a: Hawlucha|Hawlucha, L50, M|100/100\n|switch|p2b: Vanilluxe|Vanilluxe, L50, F|100/100\n|-ability|p1a: Aerodactyl|Unnerve\n|-weather|Snowscape|[from] ability: Snow Warning|[of] p2b: Vanilluxe\n|turn|1\n|\n|t:|1776642428\n|detailschange|p2a: Hawlucha|Hawlucha-Mega, L50, M\n|-mega|p2a: Hawlucha|Hawlucha|Hawluchanite\n|move|p1a: Aerodactyl|Dual Wingbeat|p2a: Hawlucha\n|-supereffective|p2a: Hawlucha|1\n|-damage|p2a: Hawlucha|67/100\n|-supereffective|p2a: Hawlucha|1\n|-damage|p2a: Hawlucha|31/100\n|-hitcount|p2a: Hawlucha|2\n|move|p2a: Hawlucha|Entrainment|p2b: Vanilluxe\n|-ability|p2b: Vanilluxe|No Guard|Snow Warning|[from] move: Entrainment|[of] p2a: Hawlucha\n|move|p2b: Vanilluxe|Sheer Cold|p1b: Milotic\n|-damage|p1b: Milotic|0 fnt\n|faint|p1b: Milotic\n|-ohko\n|\n|-weather|Snowscape|[upkeep]\n|upkeep\n|inactive|Battle timer is ON: inactive players will automatically lose when time's up. (requested by Wolfadin)\n|\n|t:|1776642439\n|switch|p1b: Charizard|Charizard, L50, M, shiny|100/100\n|turn|2\n|\n|t:|1776642454\n|detailschange|p1b: Charizard|Charizard-Mega-Y, L50, M, shiny\n|-mega|p1b: Charizard|Charizard|Charizardite Y\n|-weather|SunnyDay|[from] ability: Drought|[of] p1b: Charizard\n|move|p2a: Hawlucha|Protect|p2a: Hawlucha\n|-singleturn|p2a: Hawlucha|Protect\n|move|p1a: Aerodactyl|Rock Slide|p2b: Vanilluxe|[spread] p2b\n|-activate|p2a: Hawlucha|move: Protect\n|-supereffective|p2b: Vanilluxe|1\n|-damage|p2b: Vanilluxe|35/100\n|move|p1b: Charizard|Heat Wave|p2b: Vanilluxe|[spread] p2b\n|-activate|p2a: Hawlucha|move: Protect\n|-supereffective|p2b: Vanilluxe|1\n|-damage|p2b: Vanilluxe|0 fnt\n|faint|p2b: Vanilluxe\n|\n|-weather|SunnyDay|[upkeep]\n|upkeep\n|\n|t:|1776642468\n|switch|p2b: Excadrill|Excadrill, L50, F|100/100\n|-ability|p2b: Excadrill|Mold Breaker\n|turn|3\n|\n|t:|1776642476\n|move|p1b: Charizard|Protect|p1b: Charizard\n|-singleturn|p1b: Charizard|Protect\n|move|p1a: Aerodactyl|Tailwind|p1a: Aerodactyl\n|-sidestart|p1: Wolfadin|move: Tailwind\n|move|p2a: Hawlucha|Entrainment|p2b: Excadrill\n|-ability|p2b: Excadrill|No Guard|Mold Breaker|[from] move: Entrainment|[of] p2a: Hawlucha\n|move|p2b: Excadrill|Horn Drill|p1b: Charizard\n|-activate|p1b: Charizard|move: Protect\n|\n|-weather|SunnyDay|[upkeep]\n|upkeep\n|turn|4\n|\n|t:|1776642487\n|move|p2a: Hawlucha|Protect|p2a: Hawlucha\n|-singleturn|p2a: Hawlucha|Protect\n|move|p2b: Excadrill|Protect|p2b: Excadrill\n|-singleturn|p2b: Excadrill|Protect\n|move|p1a: Aerodactyl|Rock Slide|p2a: Hawlucha|[spread] \n|-activate|p2a: Hawlucha|move: Protect\n|-activate|p2b: Excadrill|move: Protect\n|move|p1b: Charizard|Heat Wave|p2a: Hawlucha|[spread] \n|-activate|p2a: Hawlucha|move: Protect\n|-activate|p2b: Excadrill|move: Protect\n|\n|-weather|SunnyDay|[upkeep]\n|upkeep\n|turn|5\n|\n|t:|1776642506\n|switch|p2a: Incineroar|Incineroar, L50, M|100/100\n|-ability|p2a: Incineroar|Intimidate|boost\n|-unboost|p1a: Aerodactyl|atk|1\n|-unboost|p1b: Charizard|atk|1\n|move|p1a: Aerodactyl|Rock Slide|p2a: Incineroar|[spread] p2b\n|-miss|p1a: Aerodactyl|p2a: Incineroar\n|-resisted|p2b: Excadrill|2\n|-damage|p2b: Excadrill|95/100\n|move|p1b: Charizard|Heat Wave|p2b: Excadrill|[spread] p2a,p2b\n|-resisted|p2a: Incineroar|1\n|-supereffective|p2b: Excadrill|1\n|-damage|p2a: Incineroar|67/100\n|-damage|p2b: Excadrill|0 fnt\n|faint|p2b: Excadrill\n|\n|-weather|SunnyDay|[upkeep]\n|upkeep\n|\n|t:|1776642513\n|switch|p2b: Hawlucha|Hawlucha-Mega, L50, M|31/100\n|turn|6\n|c|\u2606agusg360+|zzzzz mega charizard\n|c|\u2606agusg360+|bro\n|c|\u2606agusg360+|are you gay?\n|c|\u2606Wolfadin|haulucha\n|c|\u2606Wolfadin|says the dude\n|c|\u2606agusg360+|bro\n|c|\u2606Wolfadin|who plays\n|c|\u2606Wolfadin|lucha\n|c|\u2606agusg360+|lol\n|c|\u2606Wolfadin|with horn drill\n|inactive|agusg360+ has 30 seconds left.\n|c|\u2606Wolfadin|and sheer cold\n|c|\u2606agusg360+|zzzz\n|c|\u2606Wolfadin|get a life\n|c|\u2606Wolfadin|moron\n|c|\u2606agusg360+|jugas lo mismno que todos\n|inactive|agusg360+ has 20 seconds left.\n|c|\u2606Wolfadin|smoked\n|c|\u2606agusg360+|inove bro\n|inactive|agusg360+ has 15 seconds left.\n|c|\u2606Wolfadin|cya\n|c|\u2606agusg360+|plesa\n|c|\u2606Wolfadin|enjoy ur loss\n|inactive|agusg360+ has 10 seconds left.\n|c|\u2606agusg360+|zzzzz\n|c|\u2606Wolfadin|pisslow\n|inactive|agusg360+ has 5 seconds left.\n|\n|t:|1776642564\n|move|p2a: Incineroar|Fake Out|p1b: Charizard\n|-damage|p1b: Charizard|84/100\n|move|p1a: Aerodactyl|Rock Slide|p2a: Incineroar|[spread] p2a,p2b\n|-supereffective|p2a: Incineroar|1\n|-damage|p2a: Incineroar|40/100\n|-damage|p2b: Hawlucha|15/100\n|cant|p1b: Charizard|flinch\n|move|p2b: Hawlucha|High Jump Kick|p1b: Charizard\n|-resisted|p1b: Charizard|1\n|-damage|p1b: Charizard|40/100\n|\n|-weather|none\n|-sideend|p1: Wolfadin|move: Tailwind\n|upkeep\n|turn|7\n|c|\u2606agusg360+|zzzzzzzz\n|c|\u2606Wolfadin|ty for points\n|c|\u2606agusg360+|mega charizard\n|c|\u2606agusg360+|zzzzzz\n|c|\u2606Wolfadin|ty for points\n|c|\u2606Wolfadin|:)\n|c|\u2606agusg360+|zzzz\n|inactive|agusg360+ has 30 seconds left.\n|c|\u2606Wolfadin|easiest win\n|c|\u2606Wolfadin|of my life\n|c|\u2606agusg360+|okay\n|inactive|agusg360+ has 20 seconds left.\n|inactive|agusg360+ has 15 seconds left.\n|c|\u2606agusg360+|i going to fuck whit your mum\n|c|\u2606agusg360+|sucker\n|\n|t:|1776642608\n|move|p2b: Hawlucha|Protect|p2b: Hawlucha\n|-singleturn|p2b: Hawlucha|Protect\n|move|p1b: Charizard|Protect|p1b: Charizard\n|-singleturn|p1b: Charizard|Protect\n|move|p2a: Incineroar|Fake Out||[still]\n|-hint|Fake Out only works on your first turn out.\n|-fail|p2a: Incineroar\n|move|p1a: Aerodactyl|Tailwind|p1a: Aerodactyl\n|-sidestart|p1: Wolfadin|move: Tailwind\n|\n|upkeep\n|turn|8\n|c|\u2606Wolfadin|reporteeed\n|c|\u2606agusg360+|okaaaa\n|c|\u2606agusg360+|little gay\n|c|\u2606Wolfadin|cyaaaaa\n|c|\u2606Wolfadin|freebie\n|c|\u2606Wolfadin|get a better team\n|c|\u2606agusg360+|come on\n|inactive|agusg360+ has 30 seconds left.\n|c|\u2606agusg360+|sucker\n|c|\u2606Wolfadin|or play tetris\n|c|\u2606Wolfadin|u cant play mons\n|c|\u2606agusg360+|yea yea\n|c|\u2606agusg360+|play bro\n|inactive|agusg360+ has 20 seconds left.\n|inactive|agusg360+ has 15 seconds left.\n|c|\u2606Wolfadin|u cant play this game\n|c|\u2606Wolfadin|its too complicated\n|inactive|agusg360+ has 10 seconds left.\n|\n|t:|1776642654\n|move|p1a: Aerodactyl|Dual Wingbeat|p2b: Hawlucha\n|-supereffective|p2b: Hawlucha|1\n|-damage|p2b: Hawlucha|0 fnt\n|faint|p2b: Hawlucha\n|-hitcount|p2: Hawlucha|1\n|move|p1b: Charizard|Dragon Pulse|p2a: Incineroar\n|-damage|p2a: Incineroar|5/100\n|move|p2a: Incineroar|Darkest Lariat|p1a: Aerodactyl\n|-damage|p1a: Aerodactyl|45/100\n|\n|upkeep\n|turn|9\n|c|\u2606Wolfadin|for your pea brain\n|\n|t:|1776642661\n|move|p1a: Aerodactyl|Dual Wingbeat|p2a: Incineroar\n|-damage|p2a: Incineroar|0 fnt\n|faint|p2a: Incineroar\n|-hitcount|p2: Incineroar|1\n|\n|win|Wolfadin\n",
  "uploadtime": 1776642605,
  "views": 10,
  "formatid": "gen9championsvgc2026regma",
  "rating": null,
  "private": 0,
  "password": null
}