{
  "id": "gen9championsvgc2026regma-2589445571",
  "format": "[Gen 9 Champions] VGC 2026 Reg M-A",
  "players": [
    "lovecyz",
    "SDLT 2KRL SWM"
  ],
  "log": "|raw|<div class=\"broadcast-blue\"><strong>This battle is required to be public due to a player having a name starting with 'sdlt'.</div>\n|j|\u2606lovecyz\n|j|\u2606SDLT 2KRL SWM\n|t:|1776723596\n|gametype|doubles\n|player|p1|lovecyz|1|1482\n|player|p2|SDLT 2KRL SWM|ryuki|1612\n|gen|9\n|tier|[Gen 9 Champions] VGC 2026 Reg M-A\n|rated|\n|rule|Species Clause: Limit one of each Pok\u00e9mon\n|rule|Item Clause: Limit 1 of each item\n|clearpoke\n|poke|p1|Charizard, L50, F|\n|poke|p1|Trevenant, L50, F|\n|poke|p1|Farigiraf, L50, F|\n|poke|p1|Mamoswine, L50, F|\n|poke|p1|Whimsicott, L50, F|\n|poke|p1|Ceruledge, L50, F|\n|poke|p2|Talonflame, L50, F|\n|poke|p2|Floette-Eternal, L50, F|\n|poke|p2|Basculegion, L50, M|\n|poke|p2|Garchomp, L50, M|\n|poke|p2|Kingambit, L50, F|\n|poke|p2|Maushold-Four, L50|\n|teampreview|4\n|inactive|Battle timer is ON: inactive players will automatically lose when time's up. (requested by lovecyz)\n|j| GentleH\n|\n|t:|1776723624\n|teamsize|p1|4\n|teamsize|p2|4\n|start\n|switch|p1a: Trevenant|Trevenant, L50, F|100/100\n|switch|p1b: Charizard|Charizard, L50, F|100/100\n|switch|p2a: Basculegion|Basculegion, L50, M|100/100\n|switch|p2b: Garchomp|Garchomp, L50, M|100/100\n|turn|1\n|l| GentleH\n|\n|t:|1776723634\n|move|p1b: Charizard|Protect|p1b: Charizard\n|-singleturn|p1b: Charizard|Protect\n|move|p2a: Basculegion|Flip Turn|p1a: Trevenant\n|-resisted|p1a: Trevenant|1\n|-damage|p1a: Trevenant|85/100\n|\n|t:|1776723636\n|switch|p2a: Kingambit|Kingambit, L50, F|100/100|[from] Flip Turn\n|move|p2b: Garchomp|Rock Slide|p1a: Trevenant|[spread] p1a\n|-activate|p1b: Charizard|move: Protect\n|-damage|p1a: Trevenant|68/100\n|cant|p1a: Trevenant|flinch\n|\n|upkeep\n|turn|2\n|\n|t:|1776723658\n|switch|p1b: Mamoswine|Mamoswine, L50, F|100/100\n|move|p2a: Kingambit|Sucker Punch||[still]\n|-fail|p2a: Kingambit\n|move|p2b: Garchomp|Rock Slide|p1b: Mamoswine|[spread] p1a,p1b\n|-damage|p1a: Trevenant|50/100\n|-damage|p1b: Mamoswine|77/100\n|-enditem|p1a: Trevenant|Sitrus Berry|[eat]\n|-heal|p1a: Trevenant|75/100|[from] item: Sitrus Berry\n|move|p1a: Trevenant|Imprison|p1a: Trevenant\n|-start|p1a: Trevenant|move: Imprison\n|\n|-item|p1a: Trevenant|Sitrus Berry|[from] ability: Harvest\n|upkeep\n|turn|3\n|inactive|lovecyz has 30 seconds left.\n|inactive|SDLT 2KRL SWM has 30 seconds left.\n|\n|t:|1776723687\n|switch|p2b: Basculegion|Basculegion, L50, M|100/100\n|move|p1a: Trevenant|Protect|p1a: Trevenant\n|-singleturn|p1a: Trevenant|Protect\n|move|p1b: Mamoswine|Earthquake|p2b: Basculegion|[spread] p2a,p2b\n|-activate|p1a: Trevenant|move: Protect\n|-supereffective|p2a: Kingambit|1\n|-damage|p2a: Kingambit|41/100\n|-damage|p2b: Basculegion|45/100\n|move|p2a: Kingambit|Iron Head|p1b: Mamoswine\n|-supereffective|p1b: Mamoswine|1\n|-damage|p1b: Mamoswine|0 fnt\n|faint|p1b: Mamoswine\n|\n|upkeep\n|\n|t:|1776723702\n|switch|p1b: Charizard|Charizard, L50, F|100/100\n|turn|4\n|\n|t:|1776723712\n|detailschange|p1b: Charizard|Charizard-Mega-Y, L50, F\n|-mega|p1b: Charizard|Charizard|Charizardite Y\n|-weather|SunnyDay|[from] ability: Drought|[of] p1b: Charizard\n|move|p1b: Charizard|Protect|p1b: Charizard\n|-singleturn|p1b: Charizard|Protect\n|move|p2a: Kingambit|Sucker Punch||[still]\n|-fail|p2a: Kingambit\n|move|p2b: Basculegion|Last Respects|p1b: Charizard\n|-activate|p1b: Charizard|move: Protect\n|move|p1a: Trevenant|Leech Seed|p2a: Kingambit\n|-start|p2a: Kingambit|move: Leech Seed\n|\n|-weather|SunnyDay|[upkeep]\n|-damage|p2a: Kingambit|29/100|[from] Leech Seed|[of] p1a: Trevenant\n|-heal|p1a: Trevenant|89/100|[silent]\n|upkeep\n|turn|5\n|inactive|lovecyz has 30 seconds left.\n|\n|t:|1776723738\n|switch|p2b: Garchomp|Garchomp, L50, M|100/100\n|switch|p1b: Whimsicott|Whimsicott, L50, F|100/100\n|move|p2a: Kingambit|Sucker Punch||[still]\n|-fail|p2a: Kingambit\n|move|p1a: Trevenant|Rock Slide|p2b: Garchomp|[spread] p2a,p2b\n|-resisted|p2a: Kingambit|1\n|-crit|p2a: Kingambit\n|-resisted|p2b: Garchomp|1\n|-damage|p2a: Kingambit|21/100\n|-damage|p2b: Garchomp|94/100\n|\n|-weather|SunnyDay|[upkeep]\n|-damage|p2a: Kingambit|9/100|[from] Leech Seed|[of] p1a: Trevenant\n|-heal|p1a: Trevenant|100/100|[silent]\n|upkeep\n|turn|6\n|inactive|SDLT 2KRL SWM has 30 seconds left.\n|inactive|SDLT 2KRL SWM has 20 seconds left.\n|\n|t:|1776723778\n|switch|p2b: Floette|Floette-Eternal, L50, F|100/100\n|move|p2a: Kingambit|Sucker Punch||[still]\n|-fail|p2a: Kingambit\n|move|p1b: Whimsicott|Encore|p2a: Kingambit\n|-start|p2a: Kingambit|Encore\n|move|p1a: Trevenant|Leech Seed|p2b: Floette\n|-start|p2b: Floette|move: Leech Seed\n|\n|-weather|SunnyDay|[upkeep]\n|-damage|p2b: Floette|88/100|[from] Leech Seed|[of] p1a: Trevenant\n|-damage|p2a: Kingambit|0 fnt|[from] Leech Seed|[of] p1a: Trevenant\n|faint|p2a: Kingambit\n|upkeep\n|j| GentleH\n|\n|t:|1776723788\n|switch|p2a: Basculegion|Basculegion, L50, M|45/100\n|turn|7\n|l| GentleH\n|\n|t:|1776723802\n|detailschange|p2b: Floette|Floette-Mega, L50, F\n|-mega|p2b: Floette|Floette|Floettite\n|-ability|p2b: Floette|Fairy Aura\n|move|p1a: Trevenant|Protect|p1a: Trevenant\n|-singleturn|p1a: Trevenant|Protect\n|move|p1b: Whimsicott|Moonblast|p2a: Basculegion\n|-damage|p2a: Basculegion|0 fnt\n|faint|p2a: Basculegion\n|move|p2b: Floette|Dazzling Gleam|p1a: Trevenant|[spread] p1b\n|-activate|p1a: Trevenant|move: Protect\n|-damage|p1b: Whimsicott|26/100\n|\n|-weather|SunnyDay|[upkeep]\n|-damage|p2b: Floette|76/100|[from] Leech Seed|[of] p1a: Trevenant\n|upkeep\n|\n|t:|1776723806\n|switch|p2a: Garchomp|Garchomp, L50, M|94/100\n|turn|8\n|\n|t:|1776723821\n|move|p1b: Whimsicott|Tailwind|p1b: Whimsicott\n|-sidestart|p1: lovecyz|move: Tailwind\n|move|p2a: Garchomp|Stomping Tantrum|p1a: Trevenant\n|-resisted|p1a: Trevenant|1\n|-damage|p1a: Trevenant|83/100\n|move|p1a: Trevenant|Leech Seed|p2a: Garchomp\n|-start|p2a: Garchomp|move: Leech Seed\n|move|p2b: Floette|Dazzling Gleam|p1b: Whimsicott|[spread] p1a,p1b\n|-damage|p1a: Trevenant|34/100\n|-damage|p1b: Whimsicott|0 fnt\n|-enditem|p1a: Trevenant|Sitrus Berry|[eat]\n|-heal|p1a: Trevenant|59/100|[from] item: Sitrus Berry\n|faint|p1b: Whimsicott\n|\n|-weather|none\n|-damage|p2a: Garchomp|81/100|[from] Leech Seed|[of] p1a: Trevenant\n|-heal|p1a: Trevenant|71/100|[silent]\n|-damage|p2b: Floette|64/100|[from] Leech Seed|[of] p1a: Trevenant\n|-heal|p1a: Trevenant|82/100|[silent]\n|-item|p1a: Trevenant|Sitrus Berry|[from] ability: Harvest\n|upkeep\n|j| GentleH\n|\n|t:|1776723837\n|switch|p1b: Charizard|Charizard-Mega-Y, L50, F|100/100\n|-weather|SunnyDay|[from] ability: Drought|[of] p1b: Charizard\n|turn|9\n|l| GentleH\n|j| GentleH\n|l| GentleH\n|-message|SDLT 2KRL SWM forfeited.\n|\n|win|lovecyz\n|raw|lovecyz's rating: 1482 &rarr; <strong>1508</strong><br />(+26 for winning)\n|raw|SDLT 2KRL SWM's rating: 1598 &rarr; <strong>1572</strong><br />(-26 for losing)\n|l|\u2606SDLT 2KRL SWM\n|player|p2|\n",
  "uploadtime": 1776723875,
  "views": 5,
  "formatid": "gen9championsvgc2026regma",
  "rating": 1508,
  "private": 0,
  "password": null
}