{
  "id": "gen9championsvgc2026regma-2585763358",
  "format": "[Gen 9 Champions] VGC 2026 Reg M-A",
  "players": [
    "Uutandir",
    "toxmyself"
  ],
  "log": "|j|\u2606Uutandir\n|j|\u2606toxmyself\n|t:|1776368908\n|gametype|doubles\n|player|p1|Uutandir|170|1221\n|player|p2|toxmyself|norman|1242\n|gen|9\n|tier|[Gen 9 Champions] VGC 2026 Reg M-A\n|rated|\n|rule|Species Clause: Limit one of each Pok\u00e9mon\n|rule|Item Clause: Limit 1 of each item\n|clearpoke\n|poke|p1|Pelipper, L50, M|\n|poke|p1|Archaludon, L50, M|\n|poke|p1|Starmie, L50|\n|poke|p1|Basculegion, L50, M|\n|poke|p1|Sneasler, L50, M|\n|poke|p1|Excadrill, L50, M|\n|poke|p2|Charizard, L50, M|\n|poke|p2|Milotic, L50, F|\n|poke|p2|Aegislash, L50, M|\n|poke|p2|Sneasler, L50, M|\n|poke|p2|Aerodactyl, L50, M|\n|poke|p2|Sylveon, L50, F|\n|teampreview|4\n|inactive|Battle timer is ON: inactive players will automatically lose when time's up. (requested by toxmyself)\n|inactive|Uutandir also wants the timer to be on.\n|inactive|Uutandir has 60 seconds left.\n|inactive|toxmyself has 60 seconds left.\n|\n|t:|1776368942\n|teamsize|p1|4\n|teamsize|p2|4\n|start\n|switch|p1a: Pelipper|Pelipper, L50, M|100/100\n|switch|p1b: Sneasler|Sneasler, L50, M|100/100\n|switch|p2a: Aerodactyl|Aerodactyl, L50, M|100/100\n|switch|p2b: Charizard|Charizard, L50, M|100/100\n|-weather|RainDance|[from] ability: Drizzle|[of] p1a: Pelipper\n|turn|1\n|\n|t:|1776368956\n|move|p2a: Aerodactyl|Protect|p2a: Aerodactyl\n|-singleturn|p2a: Aerodactyl|Protect\n|move|p2b: Charizard|Protect|p2b: Charizard\n|-singleturn|p2b: Charizard|Protect\n|move|p1b: Sneasler|Fake Out|p2a: Aerodactyl\n|-activate|p2a: Aerodactyl|move: Protect\n|move|p1a: Pelipper|Tailwind|p1a: Pelipper\n|-sidestart|p1: Uutandir|move: Tailwind\n|\n|-weather|RainDance|[upkeep]\n|upkeep\n|turn|2\n|inactive|Uutandir has 30 seconds left.\n|inactive|Uutandir has 20 seconds left.\n|\n|t:|1776368995\n|switch|p2b: Aegislash|Aegislash, L50, M|100/100\n|move|p1b: Sneasler|Close Combat|p2a: Aerodactyl\n|-enditem|p2a: Aerodactyl|Focus Sash\n|-damage|p2a: Aerodactyl|1/100\n|-unboost|p1b: Sneasler|def|1\n|-unboost|p1b: Sneasler|spd|1\n|move|p2a: Aerodactyl|Tailwind|p2a: Aerodactyl\n|-sidestart|p2: toxmyself|move: Tailwind\n|move|p1a: Pelipper|U-turn|p2a: Aerodactyl\n|-resisted|p2a: Aerodactyl|1\n|-damage|p2a: Aerodactyl|0 fnt\n|faint|p2a: Aerodactyl\n|\n|t:|1776369008\n|switch|p1a: Starmie|Starmie, L50|100/100|[from] U-turn\n|\n|-weather|RainDance|[upkeep]\n|upkeep\n|\n|t:|1776369012\n|switch|p2a: Sneasler|Sneasler, L50, M|100/100\n|turn|3\n|inactive|toxmyself has 30 seconds left.\n|\n|t:|1776369041\n|switch|p1b: Archaludon|Archaludon, L50, M|100/100\n|detailschange|p1a: Starmie|Starmie-Mega, L50\n|-mega|p1a: Starmie|Starmie|Starminite\n|move|p2a: Sneasler|Fake Out|p1b: Archaludon\n|-resisted|p1b: Archaludon|1\n|-damage|p1b: Archaludon|94/100\n|-ability|p1b: Archaludon|Stamina|boost\n|-boost|p1b: Archaludon|def|1\n|move|p1a: Starmie|Liquidation|p2a: Sneasler\n|-damage|p2a: Sneasler|0 fnt\n|faint|p2a: Sneasler\n|-formechange|p2b: Aegislash|Aegislash-Blade|\n|move|p2b: Aegislash|Poltergeist|p1a: Starmie\n|-activate|p1a: Starmie|move: Poltergeist|Starminite\n|-supereffective|p1a: Starmie|1\n|-damage|p1a: Starmie|0 fnt\n|faint|p1a: Starmie\n|\n|-weather|RainDance|[upkeep]\n|upkeep\n|\n|t:|1776369065\n|switch|p2a: Charizard|Charizard, L50, M|100/100\n|switch|p1a: Pelipper|Pelipper, L50, M|100/100\n|turn|4\n|inactive|Uutandir has 30 seconds left.\n|\n|t:|1776369095\n|move|p2a: Charizard|Protect|p2a: Charizard\n|-singleturn|p2a: Charizard|Protect\n|move|p1b: Archaludon|Draco Meteor|p2a: Charizard\n|-activate|p2a: Charizard|move: Protect\n|move|p2b: Aegislash|Poltergeist|p1a: Pelipper\n|-activate|p1a: Pelipper|move: Poltergeist|Focus Sash\n|-damage|p1a: Pelipper|44/100\n|move|p1a: Pelipper|Hurricane|p2a: Charizard\n|-activate|p2a: Charizard|move: Protect\n|\n|-weather|RainDance|[upkeep]\n|-sideend|p1: Uutandir|move: Tailwind\n|upkeep\n|turn|5\n|\n|t:|1776369114\n|move|p1a: Pelipper|Protect|p1a: Pelipper\n|-singleturn|p1a: Pelipper|Protect\n|move|p2a: Charizard|Dragon Dance|p2a: Charizard\n|-boost|p2a: Charizard|atk|1\n|-boost|p2a: Charizard|spe|1\n|move|p2b: Aegislash|Poltergeist|p1a: Pelipper\n|-activate|p1a: Pelipper|move: Protect\n|move|p1b: Archaludon|Draco Meteor|p2a: Charizard|[miss]\n|-miss|p1b: Archaludon|p2a: Charizard\n|\n|-weather|none\n|-sideend|p2: toxmyself|move: Tailwind\n|upkeep\n|turn|6\n|inactive|Uutandir has 30 seconds left.\n|inactive|toxmyself has 30 seconds left.\n|\n|t:|1776369150\n|move|p2a: Charizard|Protect|p2a: Charizard\n|-singleturn|p2a: Charizard|Protect\n|move|p1b: Archaludon|Draco Meteor|p2a: Charizard\n|-activate|p2a: Charizard|move: Protect\n|move|p2b: Aegislash|Poltergeist|p1a: Pelipper\n|-activate|p1a: Pelipper|move: Poltergeist|Focus Sash\n|-damage|p1a: Pelipper|0 fnt\n|faint|p1a: Pelipper\n|\n|upkeep\n|\n|t:|1776369159\n|switch|p1a: Sneasler|Sneasler, L50, M|100/100\n|turn|7\n|\n|t:|1776369177\n|move|p1a: Sneasler|Fake Out|p2a: Charizard\n|-damage|p2a: Charizard|84/100\n|cant|p2a: Charizard|flinch\n|move|p1b: Archaludon|Draco Meteor|p2b: Aegislash\n|-resisted|p2b: Aegislash|1\n|-damage|p2b: Aegislash|37/100\n|-unboost|p1b: Archaludon|spa|2\n|move|p2b: Aegislash|Poltergeist|p1a: Sneasler\n|-activate|p1a: Sneasler|move: Poltergeist|Black Belt\n|-damage|p1a: Sneasler|0 fnt\n|faint|p1a: Sneasler\n|\n|upkeep\n|turn|8\n|\n|t:|1776369199\n|-formechange|p2b: Aegislash|Aegislash|\n|move|p2b: Aegislash|King's Shield|p2b: Aegislash\n|-singleturn|p2b: Aegislash|Protect\n|move|p2a: Charizard|Dragon Dance|p2a: Charizard\n|-boost|p2a: Charizard|atk|1\n|-boost|p2a: Charizard|spe|1\n|move|p1b: Archaludon|Draco Meteor|p2b: Aegislash\n|-activate|p2b: Aegislash|move: Protect\n|\n|upkeep\n|turn|9\n|\n|t:|1776369212\n|detailschange|p2a: Charizard|Charizard-Mega-X, L50, M\n|-mega|p2a: Charizard|Charizard|Charizardite X\n|move|p2a: Charizard|Flare Blitz|p1b: Archaludon\n|-damage|p1b: Archaludon|2/100\n|-ability|p1b: Archaludon|Stamina|boost\n|-boost|p1b: Archaludon|def|1\n|-damage|p2a: Charizard|57/100|[from] Recoil\n|move|p1b: Archaludon|Draco Meteor|p2b: Aegislash\n|-resisted|p2b: Aegislash|1\n|-damage|p2b: Aegislash|22/100\n|-unboost|p1b: Archaludon|spa|2\n|-formechange|p2b: Aegislash|Aegislash-Blade|\n|move|p2b: Aegislash|Poltergeist|p1b: Archaludon\n|-activate|p1b: Archaludon|move: Poltergeist|Chople Berry\n|-damage|p1b: Archaludon|0 fnt\n|faint|p1b: Archaludon\n|\n|win|toxmyself\n|raw|Uutandir's rating: 1221 &rarr; <strong>1198</strong><br />(-23 for losing)\n|raw|toxmyself's rating: 1242 &rarr; <strong>1265</strong><br />(+23 for winning)\n|l|\u2606Uutandir\n|player|p1|\n",
  "uploadtime": 1776369213,
  "views": 21,
  "formatid": "gen9championsvgc2026regma",
  "rating": 1198,
  "private": 0,
  "password": null
}