{
  "id": "gen9championsvgc2026regma-2586747277",
  "format": "[Gen 9 Champions] VGC 2026 Reg M-A",
  "players": [
    "nngf\u9b3c\u8749\u4fa0",
    "Yunobo7"
  ],
  "log": "|j|\u2606nngf\u9b3c\u8749\u4fa0\n|j|\u2606Yunobo7\n|t:|1776456735\n|gametype|doubles\n|player|p1|nngf\u9b3c\u8749\u4fa0|bugsy|1477\n|player|p2|Yunobo7|miku-ghost|1473\n|gen|9\n|tier|[Gen 9 Champions] VGC 2026 Reg M-A\n|rated|\n|rule|Species Clause: Limit one of each Pok\u00e9mon\n|rule|Item Clause: Limit 1 of each item\n|clearpoke\n|poke|p1|Sinistcha, L50|\n|poke|p1|Ampharos, L50, F|\n|poke|p1|Kangaskhan, L50, F|\n|poke|p1|Basculegion, L50, M|\n|poke|p1|Politoed, L50, M|\n|poke|p1|Whimsicott, L50, F|\n|poke|p2|Glimmora, L50, M|\n|poke|p2|Orthworm, L50, F|\n|poke|p2|Garchomp, L50, F|\n|poke|p2|Sinistcha, L50|\n|poke|p2|Rotom-Wash, L50|\n|poke|p2|Incineroar, L50, F|\n|teampreview|4\n|inactive|Battle timer is ON: inactive players will automatically lose when time's up. (requested by Yunobo7)\n|\n|t:|1776456762\n|teamsize|p1|4\n|teamsize|p2|4\n|start\n|switch|p1a: Whimsicott|Whimsicott, L50, F|100/100\n|switch|p1b: Kangaskhan|Kangaskhan, L50, F|100/100\n|switch|p2a: Incineroar|Incineroar, L50, F|100/100\n|switch|p2b: Garchomp|Garchomp, L50, F|100/100\n|-ability|p2a: Incineroar|Intimidate|boost\n|-unboost|p1a: Whimsicott|atk|1\n|-fail|p1b: Kangaskhan|unboost|Attack|[from] ability: Scrappy|[of] p1b: Kangaskhan\n|turn|1\n|\n|t:|1776456777\n|switch|p2b: Orthworm|Orthworm, L50, F|100/100\n|move|p1b: Kangaskhan|Fake Out|p2b: Orthworm\n|-resisted|p2b: Orthworm|1\n|-crit|p2b: Orthworm\n|-damage|p2b: Orthworm|92/100\n|move|p1a: Whimsicott|Tailwind|p1a: Whimsicott\n|-sidestart|p1: nngf\u9b3c\u8749\u4fa0|move: Tailwind\n|move|p2a: Incineroar|Parting Shot|p1b: Kangaskhan\n|-unboost|p1b: Kangaskhan|atk|1\n|-unboost|p1b: Kangaskhan|spa|1\n|\n|t:|1776456786\n|switch|p2a: Glimmora|Glimmora, L50, M|100/100|[from] Parting Shot\n|\n|upkeep\n|turn|2\n|\n|t:|1776456805\n|switch|p1b: Politoed|Politoed, L50, M|100/100\n|-weather|RainDance|[from] ability: Drizzle|[of] p1b: Politoed\n|move|p2a: Glimmora|Spiky Shield|p2a: Glimmora\n|-singleturn|p2a: Glimmora|move: Protect\n|move|p1a: Whimsicott|Moonblast|p2a: Glimmora\n|-activate|p2a: Glimmora|move: Protect\n|move|p2b: Orthworm|Body Press|p1b: Politoed\n|-damage|p1b: Politoed|71/100\n|\n|-weather|RainDance|[upkeep]\n|upkeep\n|turn|3\n|\n|t:|1776456824\n|switch|p2a: Incineroar|Incineroar, L50, F|100/100\n|-ability|p2a: Incineroar|Intimidate|boost\n|-unboost|p1a: Whimsicott|atk|1\n|-unboost|p1b: Politoed|atk|1\n|move|p1a: Whimsicott|Encore|p2a: Incineroar\n|-hint|Since gen 7, Dark is immune to Prankster moves.\n|-immune|p2a: Incineroar\n|move|p1b: Politoed|Weather Ball|p2b: Orthworm\n|-damage|p2b: Orthworm|21/100\n|-enditem|p2b: Orthworm|Sitrus Berry|[eat]\n|-heal|p2b: Orthworm|46/100|[from] item: Sitrus Berry\n|move|p2b: Orthworm|Heavy Slam|p1a: Whimsicott\n|-supereffective|p1a: Whimsicott|1\n|-damage|p1a: Whimsicott|17/100\n|\n|-weather|RainDance|[upkeep]\n|upkeep\n|turn|4\n|inactive|nngf\u9b3c\u8749\u4fa0 has 30 seconds left.\n|\n|t:|1776456854\n|switch|p2b: Garchomp|Garchomp, L50, F|100/100\n|move|p2a: Incineroar|Fake Out|p1b: Politoed\n|-crit|p1b: Politoed\n|-damage|p1b: Politoed|55/100\n|move|p1a: Whimsicott|Encore||[still]\n|-fail|p1a: Whimsicott\n|cant|p1b: Politoed|flinch\n|\n|-weather|RainDance|[upkeep]\n|-sideend|p1: nngf\u9b3c\u8749\u4fa0|move: Tailwind\n|upkeep\n|turn|5\n|\n|t:|1776456863\n|switch|p2a: Orthworm|Orthworm, L50, F|46/100\n|move|p1a: Whimsicott|Tailwind|p1a: Whimsicott\n|-sidestart|p1: nngf\u9b3c\u8749\u4fa0|move: Tailwind\n|move|p1b: Politoed|Weather Ball|p2a: Orthworm\n|-damage|p2a: Orthworm|0 fnt\n|faint|p2a: Orthworm\n|move|p2b: Garchomp|Earthquake|p1b: Politoed|[spread] p1a,p1b\n|-resisted|p1a: Whimsicott|1\n|-damage|p1a: Whimsicott|0 fnt\n|-damage|p1b: Politoed|18/100\n|-enditem|p1b: Politoed|Sitrus Berry|[eat]\n|-heal|p1b: Politoed|43/100|[from] item: Sitrus Berry\n|faint|p1a: Whimsicott\n|\n|-weather|RainDance|[upkeep]\n|upkeep\n|\n|t:|1776456872\n|switch|p1a: Kangaskhan|Kangaskhan, L50, F|100/100\n|switch|p2a: Glimmora|Glimmora, L50, M|100/100\n|turn|6\n|\n|t:|1776456883\n|detailschange|p1a: Kangaskhan|Kangaskhan-Mega, L50, F\n|-mega|p1a: Kangaskhan|Kangaskhan|Kangaskhanite\n|detailschange|p2a: Glimmora|Glimmora-Mega, L50, M\n|-mega|p2a: Glimmora|Glimmora|Glimmoranite\n|move|p2b: Garchomp|Protect|p2b: Garchomp\n|-singleturn|p2b: Garchomp|Protect\n|move|p2a: Glimmora|Spiky Shield|p2a: Glimmora\n|-singleturn|p2a: Glimmora|move: Protect\n|move|p1a: Kangaskhan|Last Resort||[still]\n|-fail|p1a: Kangaskhan\n|move|p1b: Politoed|Weather Ball|p2a: Glimmora\n|-activate|p2a: Glimmora|move: Protect\n|\n|-weather|none\n|upkeep\n|turn|7\n|\n|t:|1776456894\n|switch|p1a: Basculegion|Basculegion, L50, M|100/100\n|switch|p2b: Incineroar|Incineroar, L50, F|100/100\n|-ability|p2b: Incineroar|Intimidate|boost\n|-unboost|p1a: Basculegion|atk|1\n|-unboost|p1b: Politoed|atk|1\n|move|p1b: Politoed|Rain Dance|p1b: Politoed\n|-weather|RainDance\n|move|p2a: Glimmora|Sludge Bomb|p1a: Basculegion\n|-resisted|p1a: Basculegion|1\n|-damage|p1a: Basculegion|67/100\n|\n|-weather|RainDance|[upkeep]\n|upkeep\n|turn|8\n|\n|t:|1776456909\n|move|p2a: Glimmora|Spiky Shield|p2a: Glimmora\n|-singleturn|p2a: Glimmora|move: Protect\n|move|p1a: Basculegion|Wave Crash|p2a: Glimmora\n|-activate|p2a: Glimmora|move: Protect\n|-damage|p1a: Basculegion|55/100|[from] Spiky Shield|[of] p2a: Glimmora\n|move|p1b: Politoed|Weather Ball|p2b: Incineroar\n|-supereffective|p2b: Incineroar|1\n|-enditem|p2b: Incineroar|Passho Berry|[eat]\n|-enditem|p2b: Incineroar|Passho Berry|[weaken]\n|-damage|p2b: Incineroar|62/100\n|move|p2b: Incineroar|Parting Shot|p1a: Basculegion\n|-unboost|p1a: Basculegion|atk|1\n|-unboost|p1a: Basculegion|spa|1\n|\n|t:|1776456919\n|switch|p2b: Garchomp|Garchomp, L50, F|100/100|[from] Parting Shot\n|\n|-weather|RainDance|[upkeep]\n|-sideend|p1: nngf\u9b3c\u8749\u4fa0|move: Tailwind\n|upkeep\n|turn|9\n|\n|t:|1776456937\n|switch|p1a: Kangaskhan|Kangaskhan-Mega, L50, F|100/100\n|switch|p2a: Incineroar|Incineroar, L50, F|62/100\n|-ability|p2a: Incineroar|Intimidate|boost\n|-unboost|p1a: Kangaskhan|atk|1\n|-unboost|p1b: Politoed|atk|1\n|move|p2b: Garchomp|Stomping Tantrum|p1a: Kangaskhan\n|-damage|p1a: Kangaskhan|63/100\n|move|p1b: Politoed|Weather Ball|p2a: Incineroar\n|-supereffective|p2a: Incineroar|1\n|-damage|p2a: Incineroar|0 fnt\n|faint|p2a: Incineroar\n|\n|-weather|RainDance|[upkeep]\n|upkeep\n|\n|t:|1776456946\n|switch|p2a: Glimmora|Glimmora-Mega, L50, M|100/100\n|turn|10\n|\n|t:|1776456952\n|move|p2a: Glimmora|Spiky Shield|p2a: Glimmora\n|-singleturn|p2a: Glimmora|move: Protect\n|move|p1a: Kangaskhan|Fake Out|p2b: Garchomp\n|-damage|p2b: Garchomp|87/100\n|-damage|p1a: Kangaskhan|51/100|[from] ability: Rough Skin|[of] p2b: Garchomp\n|-damage|p2b: Garchomp|84/100\n|-damage|p1a: Kangaskhan|39/100|[from] ability: Rough Skin|[of] p2b: Garchomp\n|-hitcount|p2b: Garchomp|2\n|cant|p2b: Garchomp|flinch\n|move|p1b: Politoed|Weather Ball|p2a: Glimmora\n|-activate|p2a: Glimmora|move: Protect\n|\n|-weather|RainDance|[upkeep]\n|upkeep\n|turn|11\n|\n|t:|1776456970\n|move|p1a: Kangaskhan|Last Resort|p2b: Garchomp\n|-damage|p2b: Garchomp|40/100\n|-damage|p1a: Kangaskhan|26/100|[from] ability: Rough Skin|[of] p2b: Garchomp\n|-damage|p2b: Garchomp|30/100\n|-damage|p1a: Kangaskhan|14/100|[from] ability: Rough Skin|[of] p2b: Garchomp\n|-hitcount|p2b: Garchomp|2\n|move|p2b: Garchomp|Dragon Claw|p1b: Politoed\n|-damage|p1b: Politoed|4/100\n|move|p2a: Glimmora|Power Gem|p1a: Kangaskhan\n|-damage|p1a: Kangaskhan|0 fnt\n|faint|p1a: Kangaskhan\n|move|p1b: Politoed|Weather Ball|p2a: Glimmora\n|-supereffective|p2a: Glimmora|1\n|-damage|p2a: Glimmora|18/100\n|\n|-weather|none\n|upkeep\n|\n|t:|1776456984\n|switch|p1a: Basculegion|Basculegion, L50, M|55/100\n|turn|12\n|\n|t:|1776456995\n|move|p1a: Basculegion|Wave Crash|p2b: Garchomp\n|-damage|p2b: Garchomp|0 fnt\n|-damage|p1a: Basculegion|43/100|[from] ability: Rough Skin|[of] p2b: Garchomp\n|faint|p2b: Garchomp\n|-damage|p1a: Basculegion|34/100|[from] Recoil\n|move|p2a: Glimmora|Power Gem|p1a: Basculegion\n|-damage|p1a: Basculegion|0 fnt\n|faint|p1a: Basculegion\n|move|p1b: Politoed|Rain Dance|p1b: Politoed\n|-weather|RainDance\n|\n|-weather|RainDance|[upkeep]\n|upkeep\n|turn|13\n|\n|t:|1776457003\n|move|p2a: Glimmora|Power Gem|p1b: Politoed\n|-damage|p1b: Politoed|0 fnt\n|faint|p1b: Politoed\n|\n|win|Yunobo7\n|raw|nngf\u9b3c\u8749\u4fa0's rating: 1477 &rarr; <strong>1457</strong><br />(-20 for losing)\n|raw|Yunobo7's rating: 1473 &rarr; <strong>1493</strong><br />(+20 for winning)\n",
  "uploadtime": 1776457012,
  "views": 59,
  "formatid": "gen9championsvgc2026regma",
  "rating": 1457,
  "private": 0,
  "password": null
}