{
  "id": "gen9championsvgc2026regma-2583738125",
  "format": "[Gen 9 Champions] VGC 2026 Reg M-A",
  "players": [
    "Jejejejejefff902",
    "dragalgg"
  ],
  "log": "|j|\u2606Jejejejejefff902\n|j|\u2606dragalgg\n|t:|1776194331\n|gametype|doubles\n|player|p1|Jejejejejefff902|2|1000\n|player|p2|dragalgg|102|1045\n|gen|9\n|tier|[Gen 9 Champions] VGC 2026 Reg M-A\n|rated|\n|rule|Species Clause: Limit one of each Pok\u00e9mon\n|rule|Item Clause: Limit 1 of each item\n|clearpoke\n|poke|p1|Hawlucha, L50, F|\n|poke|p1|Kingambit, L50, M|\n|poke|p1|Steelix, L50, M|\n|poke|p1|Incineroar, L50, F|\n|poke|p1|Whimsicott, L50, M|\n|poke|p1|Sneasler, L50, M|\n|poke|p2|Froslass, L50, F|\n|poke|p2|Clefable, L50, F|\n|poke|p2|Beartic, L50, F|\n|poke|p2|Oranguru, L50, F|\n|poke|p2|Abomasnow, L50, F|\n|poke|p2|Arcanine, L50, F|\n|teampreview|4\n|inactive|Battle timer is ON: inactive players will automatically lose when time's up. (requested by dragalgg)\ndragalgg rejected open team sheets.\n|\n|t:|1776194357\n|teamsize|p1|4\n|teamsize|p2|4\n|start\n|switch|p1a: Hawlucha|Hawlucha, L50, F|100/100\n|switch|p1b: Sneasler|Sneasler, L50, M|100/100\n|switch|p2a: Oranguru|Oranguru, L50, F|100/100\n|switch|p2b: Abomasnow|Abomasnow, L50, F|100/100\n|-weather|Snowscape|[from] ability: Snow Warning|[of] p2b: Abomasnow\n|turn|1\n|inactive|Jejejejejefff902 has 30 seconds left.\n|\n|t:|1776194383\n|detailschange|p1a: Hawlucha|Hawlucha-Mega, L50, F\n|-mega|p1a: Hawlucha|Hawlucha|Hawluchanite\n|move|p2b: Abomasnow|Protect|p2b: Abomasnow\n|-singleturn|p2b: Abomasnow|Protect\n|move|p1b: Sneasler|Fake Out|p2b: Abomasnow\n|-activate|p2b: Abomasnow|move: Protect\n|move|p1a: Hawlucha|Swords Dance|p1a: Hawlucha\n|-boost|p1a: Hawlucha|atk|2\n|move|p2a: Oranguru|Trick Room|p2a: Oranguru\n|-fieldstart|move: Trick Room|[of] p2a: Oranguru\n|\n|-weather|Snowscape|[upkeep]\n|upkeep\n|turn|2\n|\n|t:|1776194405\n|detailschange|p2b: Abomasnow|Abomasnow-Mega, L50, F\n|-mega|p2b: Abomasnow|Abomasnow|Abomasite\n|move|p1a: Hawlucha|Protect|p1a: Hawlucha\n|-singleturn|p1a: Hawlucha|Protect\n|move|p2b: Abomasnow|Blizzard|p1a: Hawlucha|[spread] p1b\n|-activate|p1a: Hawlucha|move: Protect\n|-damage|p1b: Sneasler|50/100\n|-enditem|p1b: Sneasler|Sitrus Berry|[eat]\n|-heal|p1b: Sneasler|75/100|[from] item: Sitrus Berry\n|move|p2a: Oranguru|Instruct|p2b: Abomasnow\n|-singleturn|p2b: Abomasnow|move: Instruct|[of] p2a: Oranguru\n|move|p2b: Abomasnow|Blizzard|p1b: Sneasler|[spread] p1b\n|-activate|p1a: Hawlucha|move: Protect\n|-damage|p1b: Sneasler|20/100\n|move|p1b: Sneasler|U-turn|p2a: Oranguru\n|-supereffective|p2a: Oranguru|1\n|-damage|p2a: Oranguru|69/100\n|\n|t:|1776194422\n|switch|p1b: Incineroar|Incineroar, L50, F|100/100|[from] U-turn\n|-ability|p1b: Incineroar|Intimidate|boost\n|-fail|p2a: Oranguru|unboost|Attack|[from] ability: Inner Focus|[of] p2a: Oranguru\n|-unboost|p2b: Abomasnow|atk|1\n|\n|-weather|Snowscape|[upkeep]\n|upkeep\n|turn|3\n|\n|t:|1776194435\n|move|p2b: Abomasnow|Protect|p2b: Abomasnow\n|-singleturn|p2b: Abomasnow|Protect\n|move|p2a: Oranguru|Protect|p2a: Oranguru\n|-singleturn|p2a: Oranguru|Protect\n|move|p1b: Incineroar|Fake Out|p2b: Abomasnow\n|-activate|p2b: Abomasnow|move: Protect\n|move|p1a: Hawlucha|Brave Bird|p2b: Abomasnow\n|-activate|p2b: Abomasnow|move: Protect\n|\n|-weather|Snowscape|[upkeep]\n|upkeep\n|turn|4\n|inactive|Jejejejejefff902 has 30 seconds left.\n|\n|t:|1776194468\n|move|p1a: Hawlucha|Protect|p1a: Hawlucha\n|-singleturn|p1a: Hawlucha|Protect\n|move|p2b: Abomasnow|Blizzard|p1b: Incineroar|[spread] p1b\n|-activate|p1a: Hawlucha|move: Protect\n|-resisted|p1b: Incineroar|1\n|-damage|p1b: Incineroar|77/100\n|move|p2a: Oranguru|Instruct|p2b: Abomasnow\n|-singleturn|p2b: Abomasnow|move: Instruct|[of] p2a: Oranguru\n|move|p2b: Abomasnow|Blizzard|p1b: Incineroar|[spread] p1b\n|-activate|p1a: Hawlucha|move: Protect\n|-resisted|p1b: Incineroar|1\n|-damage|p1b: Incineroar|54/100\n|move|p1b: Incineroar|Parting Shot|p2b: Abomasnow\n|-unboost|p2b: Abomasnow|atk|1\n|-unboost|p2b: Abomasnow|spa|1\n|\n|t:|1776194484\n|switch|p1b: Whimsicott|Whimsicott, L50, M|100/100|[from] Parting Shot\n|\n|-weather|Snowscape|[upkeep]\n|upkeep\n|turn|5\n|inactive|Jejejejejefff902 has 30 seconds left.\n|\n|t:|1776194518\n|move|p1b: Whimsicott|Protect|p1b: Whimsicott\n|-singleturn|p1b: Whimsicott|Protect\n|move|p2b: Abomasnow|Blizzard|p1b: Whimsicott|[spread] p1a\n|-activate|p1b: Whimsicott|move: Protect\n|-supereffective|p1a: Hawlucha|1\n|-damage|p1a: Hawlucha|27/100\n|move|p2a: Oranguru|Instruct|p2b: Abomasnow\n|-singleturn|p2b: Abomasnow|move: Instruct|[of] p2a: Oranguru\n|move|p2b: Abomasnow|Blizzard|p1a: Hawlucha|[spread] p1a\n|-activate|p1b: Whimsicott|move: Protect\n|-supereffective|p1a: Hawlucha|1\n|-damage|p1a: Hawlucha|0 fnt\n|faint|p1a: Hawlucha\n|\n|-weather|none\n|-fieldend|move: Trick Room\n|upkeep\n|\n|t:|1776194533\n|switch|p1a: Sneasler|Sneasler, L50, M|20/100\n|turn|6\n|inactive|dragalgg has 30 seconds left.\n|\n|t:|1776194564\n|switch|p2a: Arcanine|Arcanine, L50, F|100/100\n|-ability|p2a: Arcanine|Intimidate|boost\n|-unboost|p1a: Sneasler|atk|1\n|-unboost|p1b: Whimsicott|atk|1\n|switch|p2b: Clefable|Clefable, L50, F|100/100\n|move|p1a: Sneasler|Dire Claw|p2b: Clefable\n|-supereffective|p2b: Clefable|1\n|-damage|p2b: Clefable|62/100\n|move|p1b: Whimsicott|Play Rough|p2b: Clefable\n|-damage|p2b: Clefable|50/100\n|\n|upkeep\n|turn|7\n|inactive|dragalgg has 30 seconds left.\n|\n|t:|1776194599\n|move|p1a: Sneasler|Upper Hand||[still]\n|-fail|p1a: Sneasler\n|move|p1b: Whimsicott|Play Rough|p2a: Arcanine\n|-resisted|p2a: Arcanine|1\n|-damage|p2a: Arcanine|94/100\n|move|p2a: Arcanine|Flare Blitz|p1b: Whimsicott\n|-supereffective|p1b: Whimsicott|1\n|-damage|p1b: Whimsicott|0 fnt\n|faint|p1b: Whimsicott\n|-damage|p2a: Arcanine|66/100|[from] Recoil\n|-heal|p2a: Arcanine|76/100|[from] item: Shell Bell|[of] p1: Whimsicott\n|move|p2b: Clefable|Life Dew|p2b: Clefable|[spread] p2a,p2b\n|-heal|p2a: Arcanine|100/100\n|-heal|p2b: Clefable|75/100\n|\n|upkeep\n|\n|t:|1776194614\n|switch|p1b: Incineroar|Incineroar, L50, F|54/100\n|-ability|p1b: Incineroar|Intimidate|boost\n|-unboost|p2a: Arcanine|atk|1\n|-unboost|p2b: Clefable|atk|1\n|turn|8\n|-message|Jejejejejefff902 forfeited.\n|\n|win|dragalgg\n|raw|Jejejejejefff902's rating: 1000 &rarr; <strong>1000</strong><br />(+0 for losing)\n|raw|dragalgg's rating: 1045 &rarr; <strong>1074</strong><br />(+29 for winning)\n|l|\u2606Jejejejejefff902\n|player|p1|\n",
  "uploadtime": 1776194640,
  "views": 17,
  "formatid": "gen9championsvgc2026regma",
  "rating": 1000,
  "private": 0,
  "password": null
}