{
  "id": "gen9championsvgc2026regma-2587181636",
  "format": "[Gen 9 Champions] VGC 2026 Reg M-A",
  "players": [
    "lolgz",
    "tastyfloop"
  ],
  "log": "|j|\u2606lolgz\n|j|\u2606tastyfloop\n|t:|1776505350\n|gametype|doubles\n|player|p1|lolgz|dawn|\n|player|p2|tastyfloop|ghetsis|\n|gen|9\n|tier|[Gen 9 Champions] VGC 2026 Reg M-A\n|rated|Tournament battle\n|rule|Species Clause: Limit one of each Pok\u00e9mon\n|rule|Item Clause: Limit 1 of each item\n|raw|<div class=\"infobox\"><details class=\"readmore\" open><summary><strong>1 custom rule:</strong></summary> Force Open Team Sheets</details></div>\n|clearpoke\n|poke|p1|Floette-Eternal, L50, F|\n|poke|p1|Maushold, L50|\n|poke|p1|Garchomp, L50, M|\n|poke|p1|Aerodactyl, L50, M|\n|poke|p1|Delphox, L50, F|\n|poke|p1|Milotic, L50, M|\n|poke|p2|Basculegion, L50, M|\n|poke|p2|Archaludon, L50, M|\n|poke|p2|Sinistcha, L50|\n|poke|p2|Pelipper, L50, F|\n|poke|p2|Gengar, L50, M|\n|poke|p2|Sneasler, L50, M|\n|teampreview|4\n|showteam|p1|Floette-Eternal||Floettite|FlowerVeil|Moonblast,DazzlingGleam,LightofRuin,Protect|||F|||50|]Maushold||SitrusBerry|FriendGuard|SuperFang,FollowMe,FakeTears,Encore||||||50|]Garchomp||WhiteHerb|RoughSkin|Earthquake,DragonClaw,StompingTantrum,Protect|||M|||50|]Aerodactyl||FocusSash|Unnerve|RockSlide,Tailwind,DualWingbeat,Protect|||M|||50|]Delphox||Delphoxite|Blaze|HeatWave,Psychic,Substitute,Protect|||F|||50|]Milotic||Leftovers|Competitive|Scald,IceBeam,Protect,Recover|||M|||50|\n|showteam|p2|Basculegion||MysticWater|SwiftSwim|WaveCrash,AquaJet,FlipTurn,LastRespects|||M|||50|]Archaludon||Leftovers|Sturdy|Protect,ElectroShot,DracoMeteor,FlashCannon|||M|||50|]Sinistcha||MentalHerb|Hospitality|MatchaGotcha,Protect,TrickRoom,RagePowder||||||50|]Pelipper||FocusSash|Drizzle|Hurricane,Tailwind,Protect,WideGuard|||F|||50|]Gengar||Gengarite|CursedBody|Protect,Substitute,ShadowBall,SludgeBomb|||M|||50|]Sneasler||WhiteHerb|Unburden|CloseCombat,DireClaw,FakeOut,Protect|||M|||50|\n|\n|t:|1776505400\n|teamsize|p1|4\n|teamsize|p2|4\n|start\n|switch|p1a: Aerodactyl|Aerodactyl, L50, M|100/100\n|switch|p1b: Garchomp|Garchomp, L50, M|100/100\n|switch|p2a: tuff ahh esdeekid|Sneasler, L50, M|100/100\n|switch|p2b: exhibit c|Archaludon, L50, M|100/100\n|-ability|p1a: Aerodactyl|Unnerve\n|turn|1\n|\n|t:|1776505426\n|switch|p2a: no sun pls|Pelipper, L50, F|100/100\n|-weather|RainDance|[from] ability: Drizzle|[of] p2a: no sun pls\n|move|p1a: Aerodactyl|Tailwind|p1a: Aerodactyl\n|-sidestart|p1: lolgz|move: Tailwind\n|move|p1b: Garchomp|Earthquake|p2a: no sun pls|[spread] p2b\n|-immune|p1a: Aerodactyl\n|-immune|p2a: no sun pls\n|-supereffective|p2b: exhibit c|1\n|-damage|p2b: exhibit c|46/100\n|move|p2b: exhibit c|Electro Shot||[still]\n|-prepare|p2b: exhibit c|Electro Shot\n|-boost|p2b: exhibit c|spa|1\n|-anim|p2b: exhibit c|Electro Shot|p1a: Aerodactyl\n|-supereffective|p1a: Aerodactyl|1\n|-enditem|p1a: Aerodactyl|Focus Sash\n|-damage|p1a: Aerodactyl|1/100\n|\n|-weather|RainDance|[upkeep]\n|-heal|p2b: exhibit c|52/100|[from] item: Leftovers\n|upkeep\n|turn|2\n|\n|t:|1776505460\n|move|p2b: exhibit c|Protect|p2b: exhibit c\n|-singleturn|p2b: exhibit c|Protect\n|move|p1a: Aerodactyl|Rock Slide|p2b: exhibit c|[spread] p2a\n|-activate|p2b: exhibit c|move: Protect\n|-supereffective|p2a: no sun pls|1\n|-damage|p2a: no sun pls|37/100\n|move|p1b: Garchomp|Stomping Tantrum|p2b: exhibit c\n|-activate|p2b: exhibit c|move: Protect\n|move|p2a: no sun pls|Tailwind|p2a: no sun pls\n|-sidestart|p2: tastyfloop|move: Tailwind\n|\n|-weather|RainDance|[upkeep]\n|-heal|p2b: exhibit c|58/100|[from] item: Leftovers\n|upkeep\n|turn|3\n|\n|t:|1776505496\n|move|p2a: no sun pls|Wide Guard|p2a: no sun pls\n|-singleturn|p2a: no sun pls|Wide Guard\n|move|p1a: Aerodactyl|Rock Slide|p2b: exhibit c|[spread] \n|-activate|p2a: no sun pls|move: Wide Guard\n|-activate|p2b: exhibit c|move: Wide Guard\n|move|p1b: Garchomp|Stomping Tantrum|p2b: exhibit c\n|-supereffective|p2b: exhibit c|1\n|-damage|p2b: exhibit c|0 fnt\n|faint|p2b: exhibit c\n|\n|-weather|RainDance|[upkeep]\n|upkeep\n|\n|t:|1776505518\n|switch|p2b: let it happen|Basculegion, L50, M|100/100\n|turn|4\n|\n|t:|1776505531\n|move|p1a: Aerodactyl|Protect|p1a: Aerodactyl\n|-singleturn|p1a: Aerodactyl|Protect\n|move|p2b: let it happen|Aqua Jet|p1a: Aerodactyl\n|-activate|p1a: Aerodactyl|move: Protect\n|move|p1b: Garchomp|Dragon Claw|p2a: no sun pls\n|-damage|p2a: no sun pls|0 fnt\n|faint|p2a: no sun pls\n|\n|-weather|RainDance|[upkeep]\n|-sideend|p1: lolgz|move: Tailwind\n|upkeep\n|\n|t:|1776505541\n|switch|p2a: tuff ahh esdeekid|Sneasler, L50, M|100/100\n|turn|5\n|\n|t:|1776505577\n|move|p1b: Garchomp|Protect|p1b: Garchomp\n|-singleturn|p1b: Garchomp|Protect\n|move|p2a: tuff ahh esdeekid|Fake Out|p1a: Aerodactyl\n|-resisted|p1a: Aerodactyl|1\n|-damage|p1a: Aerodactyl|0 fnt\n|faint|p1a: Aerodactyl\n|move|p2b: let it happen|Wave Crash|p1b: Garchomp\n|-activate|p1b: Garchomp|move: Protect\n|\n|-weather|none\n|-sideend|p2: tastyfloop|move: Tailwind\n|upkeep\n|\n|t:|1776505583\n|switch|p1a: Delphox|Delphox, L50, F|100/100\n|turn|6\n|\n|t:|1776505596\n|detailschange|p1a: Delphox|Delphox-Mega, L50, F\n|-mega|p1a: Delphox|Delphox|Delphoxite\n|move|p1a: Delphox|Psychic|p2a: tuff ahh esdeekid\n|-supereffective|p2a: tuff ahh esdeekid|2\n|-damage|p2a: tuff ahh esdeekid|0 fnt\n|faint|p2a: tuff ahh esdeekid\n|move|p1b: Garchomp|Dragon Claw|p2b: let it happen\n|-damage|p2b: let it happen|43/100\n|move|p2b: let it happen|Last Respects|p1a: Delphox\n|-supereffective|p1a: Delphox|1\n|-damage|p1a: Delphox|0 fnt\n|faint|p1a: Delphox\n|\n|upkeep\n|c|\u2606tastyfloop|ggwp\n|\n|t:|1776505608\n|switch|p1a: Maushold|Maushold, L50|100/100\n|turn|7\n|-message|tastyfloop forfeited.\n|\n|win|lolgz\n|n|\u2606lolgz|lolgz\n|n|\u2606tastyfloop|tastyfloop\n",
  "uploadtime": 1776505609,
  "views": 11,
  "formatid": "gen9championsvgc2026regma",
  "rating": null,
  "private": 0,
  "password": null
}