{
  "id": "gen9championsvgc2026regma-2584939342",
  "format": "[Gen 9 Champions] VGC 2026 Reg M-A",
  "players": [
    "ayetea",
    "Leemo1218"
  ],
  "log": "|j|\u2606ayetea\n|j|\u2606Leemo1218\n|t:|1776296385\n|gametype|doubles\n|player|p1|ayetea|harlequin|1098\n|player|p2|Leemo1218|riley|1129\n|gen|9\n|tier|[Gen 9 Champions] VGC 2026 Reg M-A\n|rated|\n|rule|Species Clause: Limit one of each Pok\u00e9mon\n|rule|Item Clause: Limit 1 of each item\n|clearpoke\n|poke|p1|Greninja-*, L50, F|\n|poke|p1|Farigiraf, L50, M|\n|poke|p1|Volcarona, L50, F|\n|poke|p1|Kommo-o, L50, M|\n|poke|p1|Sneasler, L50, F|\n|poke|p1|Aegislash, L50, F|\n|poke|p2|Incineroar, L50, F|\n|poke|p2|Gengar, L50, F|\n|poke|p2|Kingambit, L50, M|\n|poke|p2|Maushold-Four, L50|\n|poke|p2|Palafin, L50, F|\n|poke|p2|Kommo-o, L50, M|\n|teampreview|4\n|inactive|Battle timer is ON: inactive players will automatically lose when time's up. (requested by Leemo1218)\n|inactive|ayetea has 60 seconds left.\n|\n|t:|1776296449\n|teamsize|p1|4\n|teamsize|p2|4\n|start\n|switch|p1a: Volcarona|Volcarona, L50, F|100/100\n|switch|p1b: Farigiraf|Farigiraf, L50, M|100/100\n|switch|p2a: Gengar|Gengar, L50, F, shiny|100/100\n|switch|p2b: Incineroar|Incineroar, L50, F|100/100\n|-ability|p2b: Incineroar|Intimidate|boost\n|-unboost|p1a: Volcarona|atk|1\n|-unboost|p1b: Farigiraf|atk|1\n|turn|1\n|inactive|ayetea has 30 seconds left.\n|\n|t:|1776296481\n|detailschange|p2a: Gengar|Gengar-Mega, L50, F, shiny\n|-mega|p2a: Gengar|Gengar|Gengarite\n|move|p2a: Gengar|Perish Song|p2a: Gengar\n|-start|p1a: Volcarona|perish3|[silent]\n|-start|p1b: Farigiraf|perish3|[silent]\n|-start|p2a: Gengar|perish3|[silent]\n|-start|p2b: Incineroar|perish3|[silent]\n|-fieldactivate|move: Perish Song\n|move|p1a: Volcarona|Quiver Dance|p1a: Volcarona\n|-boost|p1a: Volcarona|spa|1\n|-boost|p1a: Volcarona|spd|1\n|-boost|p1a: Volcarona|spe|1\n|move|p2b: Incineroar|Darkest Lariat|p1b: Farigiraf\n|-supereffective|p1b: Farigiraf|1\n|-damage|p1b: Farigiraf|52/100\n|move|p1b: Farigiraf|Psychic|p2a: Gengar\n|-supereffective|p2a: Gengar|1\n|-damage|p2a: Gengar|21/100\n|\n|-heal|p1b: Farigiraf|58/100|[from] item: Leftovers\n|-start|p2a: Gengar|perish3\n|-start|p1a: Volcarona|perish3\n|-start|p2b: Incineroar|perish3\n|-start|p1b: Farigiraf|perish3\n|upkeep\n|turn|2\n|inactive|ayetea has 30 seconds left.\n|inactive|Leemo1218 has 30 seconds left.\n|\n|t:|1776296513\n|move|p2a: Gengar|Protect|p2a: Gengar\n|-singleturn|p2a: Gengar|Protect\n|move|p1a: Volcarona|Heat Wave|p2b: Incineroar|[spread] p2b\n|-activate|p2a: Gengar|move: Protect\n|-resisted|p2b: Incineroar|1\n|-damage|p2b: Incineroar|82/100\n|move|p2b: Incineroar|Darkest Lariat|p1a: Volcarona\n|-damage|p1a: Volcarona|57/100\n|move|p1b: Farigiraf|Psychic|p2a: Gengar\n|-activate|p2a: Gengar|move: Protect\n|\n|-heal|p1b: Farigiraf|64/100|[from] item: Leftovers\n|-start|p2a: Gengar|perish2\n|-start|p1a: Volcarona|perish2\n|-start|p2b: Incineroar|perish2\n|-start|p1b: Farigiraf|perish2\n|upkeep\n|turn|3\n|\n|t:|1776296537\n|switch|p2a: Maushold|Maushold-Four, L50|100/100\n|move|p1b: Farigiraf|Protect|p1b: Farigiraf\n|-singleturn|p1b: Farigiraf|Protect\n|move|p1a: Volcarona|Heat Wave|p2b: Incineroar|[spread] p2a,p2b\n|-resisted|p2b: Incineroar|1\n|-damage|p2a: Maushold|55/100\n|-damage|p2b: Incineroar|66/100\n|move|p2b: Incineroar|Parting Shot|p1b: Farigiraf\n|-activate|p1b: Farigiraf|move: Protect\n|\n|-heal|p1b: Farigiraf|71/100|[from] item: Leftovers\n|-start|p1a: Volcarona|perish1\n|-start|p2b: Incineroar|perish1\n|-start|p1b: Farigiraf|perish1\n|upkeep\n|turn|4\n|inactive|ayetea has 30 seconds left.\n|inactive|ayetea has 20 seconds left.\n|inactive|ayetea has 15 seconds left.\n|\n|t:|1776296578\n|switch|p1a: Sneasler|Sneasler, L50, F|100/100\n|switch|p2a: Gengar|Gengar-Mega, L50, F, shiny|21/100\n|switch|p1b: Greninja|Greninja, L50, F|100/100\n|move|p2b: Incineroar|Parting Shot|p1a: Sneasler\n|-unboost|p1a: Sneasler|atk|1\n|-unboost|p1a: Sneasler|spa|1\n|\n|t:|1776296590\n|switch|p2b: Maushold|Maushold-Four, L50|55/100|[from] Parting Shot\n|\n|upkeep\n|turn|5\n|\n|t:|1776296610\n|detailschange|p1b: Greninja|Greninja-Mega, L50, F\n|-mega|p1b: Greninja|Greninja|Greninjite\n|move|p1a: Sneasler|Fake Out|p2b: Maushold\n|-damage|p2b: Maushold|43/100\n|cant|p2b: Maushold|flinch\n|move|p2a: Gengar|Perish Song|p2a: Gengar\n|-start|p1a: Sneasler|perish3|[silent]\n|-start|p1b: Greninja|perish3|[silent]\n|-start|p2a: Gengar|perish3|[silent]\n|-start|p2b: Maushold|perish3|[silent]\n|-fieldactivate|move: Perish Song\n|move|p1b: Greninja|Liquidation|p2b: Maushold\n|-start|p1b: Greninja|typechange|Water|[from] ability: Protean\n|-damage|p2b: Maushold|0 fnt\n|faint|p2b: Maushold\n|\n|-start|p2a: Gengar|perish3\n|-start|p1b: Greninja|perish3\n|-start|p1a: Sneasler|perish3\n|upkeep\n|\n|t:|1776296623\n|switch|p2b: Incineroar|Incineroar, L50, F|66/100\n|-ability|p2b: Incineroar|Intimidate|boost\n|-unboost|p1a: Sneasler|atk|1\n|-unboost|p1b: Greninja|atk|1\n|turn|6\n|inactive|ayetea has 30 seconds left.\n|\n|t:|1776296655\n|move|p2a: Gengar|Protect|p2a: Gengar\n|-singleturn|p2a: Gengar|Protect\n|move|p2b: Incineroar|Fake Out|p1a: Sneasler\n|-damage|p1a: Sneasler|83/100\n|move|p1b: Greninja|Swords Dance|p1b: Greninja\n|-boost|p1b: Greninja|atk|2\n|cant|p1a: Sneasler|flinch\n|\n|-start|p2a: Gengar|perish2\n|-start|p1b: Greninja|perish2\n|-start|p1a: Sneasler|perish2\n|upkeep\n|turn|7\n|inactive|ayetea has 30 seconds left.\n|\n|t:|1776296682\n|switch|p2a: Palafin|Palafin, L50, F|100/100\n|move|p1b: Greninja|Liquidation|p2a: Palafin\n|-resisted|p2a: Palafin|1\n|-damage|p2a: Palafin|57/100\n|-unboost|p2a: Palafin|def|1\n|move|p1a: Sneasler|Close Combat|p2b: Incineroar\n|-supereffective|p2b: Incineroar|1\n|-damage|p2b: Incineroar|3/100\n|-unboost|p1a: Sneasler|def|1\n|-unboost|p1a: Sneasler|spd|1\n|-enditem|p2b: Incineroar|Sitrus Berry|[eat]\n|-heal|p2b: Incineroar|28/100|[from] item: Sitrus Berry\n|move|p2b: Incineroar|Parting Shot|p1b: Greninja\n|-unboost|p1b: Greninja|atk|1\n|-unboost|p1b: Greninja|spa|1\n|\n|t:|1776296695\n|switch|p2b: Gengar|Gengar-Mega, L50, F, shiny|21/100|[from] Parting Shot\n|\n|-start|p1b: Greninja|perish1\n|-start|p1a: Sneasler|perish1\n|upkeep\n|turn|8\n|inactive|ayetea has 30 seconds left.\n|\n|t:|1776296722\n|move|p2b: Gengar|Protect|p2b: Gengar\n|-singleturn|p2b: Gengar|Protect\n|move|p2a: Palafin|Protect|p2a: Palafin\n|-singleturn|p2a: Palafin|Protect\n|move|p1b: Greninja|Liquidation|p2a: Palafin\n|-activate|p2a: Palafin|move: Protect\n|move|p1a: Sneasler|Close Combat|p2a: Palafin\n|-activate|p2a: Palafin|move: Protect\n|\n|-start|p1b: Greninja|perish0\n|-start|p1a: Sneasler|perish0\n|faint|p1b: Greninja\n|faint|p1a: Sneasler\n|upkeep\n|\n|t:|1776296736\n|switch|p1b: Volcarona|Volcarona, L50, F|57/100\n|switch|p1a: Farigiraf|Farigiraf, L50, M|71/100\n|turn|9\n|inactive|ayetea has 30 seconds left.\n|inactive|Leemo1218 has 30 seconds left.\n|inactive|ayetea has 20 seconds left.\n|inactive|ayetea has 15 seconds left.\n|\n|t:|1776296781\n|move|p2b: Gengar|Sludge Bomb|p1b: Volcarona\n|-damage|p1b: Volcarona|18/100\n|move|p2a: Palafin|Flip Turn|p1b: Volcarona\n|-supereffective|p1b: Volcarona|1\n|-enditem|p1b: Volcarona|Passho Berry|[eat]\n|-enditem|p1b: Volcarona|Passho Berry|[weaken]\n|-damage|p1b: Volcarona|0 fnt\n|faint|p1b: Volcarona\n|\n|t:|1776296788\n|detailschange|p2a: Palafin|Palafin-Hero, L50, F\n|switch|p2a: Incineroar|Incineroar, L50, F|28/100|[from] Flip Turn\n|-ability|p2a: Incineroar|Intimidate|boost\n|-unboost|p1a: Farigiraf|atk|1\n|move|p1a: Farigiraf|Psychic|p2b: Gengar\n|-supereffective|p2b: Gengar|1\n|-damage|p2b: Gengar|0 fnt\n|faint|p2b: Gengar\n|\n|-heal|p1a: Farigiraf|77/100|[from] item: Leftovers\n|upkeep\n|\n|t:|1776296791\n|switch|p2b: Palafin|Palafin-Hero, L50, F|57/100\n|-activate|p2b: Palafin|ability: Zero to Hero\n|turn|10\n|\n|t:|1776296811\n|move|p2b: Palafin|Wave Crash|p1a: Farigiraf\n|-damage|p1a: Farigiraf|11/100\n|-damage|p2b: Palafin|29/100|[from] Recoil\n|move|p2a: Incineroar|Darkest Lariat|p1a: Farigiraf\n|-supereffective|p1a: Farigiraf|1\n|-damage|p1a: Farigiraf|0 fnt\n|faint|p1a: Farigiraf\n|\n|win|Leemo1218\n|raw|ayetea's rating: 1098 &rarr; <strong>1075</strong><br />(-23 for losing)\n|raw|Leemo1218's rating: 1129 &rarr; <strong>1152</strong><br />(+23 for winning)\n",
  "uploadtime": 1776296817,
  "views": 26,
  "formatid": "gen9championsvgc2026regma",
  "rating": 1075,
  "private": 0,
  "password": null
}