{
  "id": "gen9championsvgc2026regma-2580509384",
  "format": "[Gen 9 Champions] VGC 2026 Reg M-A",
  "players": [
    "namboyVGC",
    "koraidonrider3565"
  ],
  "log": "|j|\u2606namboyVGC\n|j|\u203dkoraidonrider3565\n|t:|1775906703\n|gametype|doubles\n|player|p1|namboyVGC|pokemonranger-gen4|1000\n|player|p2|koraidonrider3565|2|1050\n|gen|9\n|tier|[Gen 9 Champions] VGC 2026 Reg M-A\n|rated|\n|rule|Species Clause: Limit one of each Pok\u00e9mon\n|rule|Item Clause: Limit 1 of each item\n|clearpoke\n|poke|p1|Aerodactyl, L50, F|\n|poke|p1|Sableye, L50, M|\n|poke|p1|Clefable, L50, F|\n|poke|p1|Garchomp, L50, F|\n|poke|p1|Froslass, L50, F|\n|poke|p1|Orthworm, L50, M|\n|poke|p2|Charizard, L50, F|\n|poke|p2|Venusaur, L50, F|\n|poke|p2|Kingambit, L50, F|\n|poke|p2|Whimsicott, L50, M|\n|poke|p2|Arcanine-Hisui, L50, M|\n|poke|p2|Incineroar, L50, M|\n|teampreview|4\nnamboyVGC has agreed to open team sheets.\n|\n|t:|1775906770\n|teamsize|p1|4\n|teamsize|p2|4\n|start\n|switch|p1a: Froslass|Froslass, L50, F|100/100\n|switch|p1b: Sableye|Sableye, L50, M|100/100\n|switch|p2a: Whimsicott|Whimsicott, L50, M|100/100\n|switch|p2b: Kingambit|Kingambit, L50, F|100/100\n|turn|1\n|\n|t:|1775906796\n|detailschange|p1a: Froslass|Froslass-Mega, L50, F\n|-mega|p1a: Froslass|Froslass|Froslassite\n|-weather|Snowscape|[from] ability: Snow Warning|[of] p1a: Froslass\n|move|p2a: Whimsicott|Protect|p2a: Whimsicott\n|-singleturn|p2a: Whimsicott|Protect\n|move|p1b: Sableye|Fake Out|p2b: Kingambit\n|-resisted|p2b: Kingambit|1\n|-crit|p2b: Kingambit\n|-damage|p2b: Kingambit|97/100\n|move|p1a: Froslass|Blizzard|p2a: Whimsicott|[spread] p2b\n|-activate|p2a: Whimsicott|move: Protect\n|-resisted|p2b: Kingambit|1\n|-damage|p2b: Kingambit|71/100\n|cant|p2b: Kingambit|flinch\n|\n|-weather|Snowscape|[upkeep]\n|upkeep\n|turn|2\n|\n|t:|1775906839\n|switch|p1a: Aerodactyl|Aerodactyl, L50, F|100/100\n|move|p2a: Whimsicott|Tailwind|p2a: Whimsicott\n|-sidestart|p2: koraidonrider3565|move: Tailwind\n|move|p2b: Kingambit|Sucker Punch||[still]\n|-fail|p2b: Kingambit\n|move|p1b: Sableye|Gravity|p1b: Sableye\n|-fieldstart|move: Gravity\n|\n|-weather|Snowscape|[upkeep]\n|upkeep\n|turn|3\n|\n|t:|1775906868\n|switch|p2a: Venusaur|Venusaur, L50, F|100/100\n|move|p1b: Sableye|Will-O-Wisp|p2a: Venusaur\n|-status|p2a: Venusaur|brn\n|move|p1a: Aerodactyl|Dragon Dance|p1a: Aerodactyl\n|-boost|p1a: Aerodactyl|atk|1\n|-boost|p1a: Aerodactyl|spe|1\n|move|p2b: Kingambit|Taunt|p1b: Sableye\n|-start|p1b: Sableye|move: Taunt\n|-enditem|p1b: Sableye|Mental Herb\n|-end|p1b: Sableye|move: Taunt\n|\n|-weather|Snowscape|[upkeep]\n|-damage|p2a: Venusaur|94/100 brn|[from] brn\n|upkeep\n|turn|4\n|\n|t:|1775906902\n|switch|p2b: Charizard|Charizard, L50, F, shiny|100/100\n|move|p1b: Sableye|Rain Dance|p1b: Sableye\n|-weather|RainDance\n|move|p2a: Venusaur|Sleep Powder|p1a: Aerodactyl\n|-status|p1a: Aerodactyl|slp|[from] move: Sleep Powder\n|cant|p1a: Aerodactyl|slp\n|\n|-weather|RainDance|[upkeep]\n|-damage|p2a: Venusaur|88/100 brn|[from] brn\n|upkeep\n|turn|5\n|\n|t:|1775906928\n|switch|p2a: Whimsicott|Whimsicott, L50, M|100/100\n|move|p1b: Sableye|Rain Dance||[still]\n|-fail|p1b: Sableye\n|move|p2b: Charizard|Weather Ball|p1a: Aerodactyl\n|-supereffective|p1a: Aerodactyl|1\n|-damage|p1a: Aerodactyl|0 fnt\n|faint|p1a: Aerodactyl\n|\n|-weather|RainDance|[upkeep]\n|-sideend|p2: koraidonrider3565|move: Tailwind\n|upkeep\n|\n|t:|1775906940\n|switch|p1a: Garchomp|Garchomp, L50, F|100/100\n|turn|6\n|\n|t:|1775906956\n|switch|p2b: Kingambit|Kingambit, L50, F|71/100\n|move|p2a: Whimsicott|Encore|p1b: Sableye\n|-hint|Since gen 7, Dark is immune to Prankster moves.\n|-immune|p1b: Sableye\n|move|p1b: Sableye|Will-O-Wisp|p2a: Whimsicott\n|-status|p2a: Whimsicott|brn\n|move|p1a: Garchomp|Dragon Claw|p2b: Kingambit\n|-resisted|p2b: Kingambit|1\n|-damage|p2b: Kingambit|58/100\n|\n|-weather|RainDance|[upkeep]\n|-damage|p2a: Whimsicott|95/100 brn|[from] brn\n|-fieldend|move: Gravity\n|upkeep\n|turn|7\n|\n|t:|1775906979\n|move|p1b: Sableye|Gravity|p1b: Sableye\n|-fieldstart|move: Gravity\n|move|p2a: Whimsicott|Moonblast|p1a: Garchomp\n|-supereffective|p1a: Garchomp|1\n|-damage|p1a: Garchomp|28/100\n|move|p1a: Garchomp|Stomping Tantrum|p2b: Kingambit\n|-supereffective|p2b: Kingambit|1\n|-crit|p2b: Kingambit\n|-damage|p2b: Kingambit|0 fnt\n|faint|p2b: Kingambit\n|\n|-weather|RainDance|[upkeep]\n|-damage|p2a: Whimsicott|89/100 brn|[from] brn\n|upkeep\n|\n|t:|1775906995\n|switch|p2b: Charizard|Charizard, L50, F, shiny|100/100\n|turn|8\n|\n|t:|1775907009\n|switch|p2b: Venusaur|Venusaur, L50, F|88/100 brn\n|switch|p1b: Froslass|Froslass-Mega, L50, F|100/100\n|-weather|Snowscape|[from] ability: Snow Warning|[of] p1b: Froslass\n|move|p2a: Whimsicott|Moonblast|p1a: Garchomp\n|-supereffective|p1a: Garchomp|1\n|-damage|p1a: Garchomp|0 fnt\n|faint|p1a: Garchomp\n|\n|-weather|Snowscape|[upkeep]\n|-damage|p2a: Whimsicott|83/100 brn|[from] brn\n|-damage|p2b: Venusaur|82/100 brn|[from] brn\n|upkeep\n|\n|t:|1775907023\n|switch|p1a: Sableye|Sableye, L50, M|100/100\n|turn|9\n|\n|t:|1775907038\n|detailschange|p2b: Venusaur|Venusaur-Mega, L50, F\n|-mega|p2b: Venusaur|Venusaur|Venusaurite\n|move|p2a: Whimsicott|Protect|p2a: Whimsicott\n|-singleturn|p2a: Whimsicott|Protect\n|move|p1a: Sableye|Fake Out|p2a: Whimsicott\n|-activate|p2a: Whimsicott|move: Protect\n|move|p1b: Froslass|Blizzard|p2a: Whimsicott|[spread] p2b\n|-activate|p2a: Whimsicott|move: Protect\n|-supereffective|p2b: Venusaur|1\n|-damage|p2b: Venusaur|45/100 brn\n|move|p2b: Venusaur|Sludge Wave|p1a: Sableye|[spread] p1a,p1b\n|-activate|p2a: Whimsicott|move: Protect\n|-resisted|p1a: Sableye|1\n|-resisted|p1b: Froslass|1\n|-damage|p1a: Sableye|82/100\n|-damage|p1b: Froslass|84/100\n|\n|-weather|Snowscape|[upkeep]\n|-damage|p2a: Whimsicott|77/100 brn|[from] brn\n|-damage|p2b: Venusaur|38/100 brn|[from] brn\n|upkeep\n|turn|10\n|\n|t:|1775907063\n|move|p1a: Sableye|Gravity||[still]\n|-fail|p1a: Sableye\n|move|p1b: Froslass|Blizzard|p2b: Venusaur|[spread] p2a,p2b\n|-supereffective|p2a: Whimsicott|1\n|-supereffective|p2b: Venusaur|1\n|-damage|p2a: Whimsicott|0 fnt\n|-damage|p2b: Venusaur|4/100 brn\n|faint|p2a: Whimsicott\n|move|p2b: Venusaur|Sleep Powder|p1b: Froslass\n|-status|p1b: Froslass|slp|[from] move: Sleep Powder\n|\n|-weather|Snowscape|[upkeep]\n|-damage|p2b: Venusaur|0 fnt|[from] brn\n|faint|p2b: Venusaur\n|upkeep\n|\n|t:|1775907077\n|switch|p2a: Charizard|Charizard, L50, F, shiny|100/100\n|turn|11\n|\n|t:|1775907087\n|cant|p1b: Froslass|slp\n|move|p1a: Sableye|Rain Dance|p1a: Sableye\n|-weather|RainDance\n|move|p2a: Charizard|Overheat|p1b: Froslass\n|-supereffective|p1b: Froslass|1\n|-damage|p1b: Froslass|9/100 slp\n|-unboost|p2a: Charizard|spa|2\n|\n|-weather|RainDance|[upkeep]\n|-fieldend|move: Gravity\n|upkeep\n|turn|12\n|\n|t:|1775907111\n|move|p1a: Sableye|Gravity|p1a: Sableye\n|-fieldstart|move: Gravity\n|cant|p1b: Froslass|slp\n|move|p2a: Charizard|Weather Ball|p1b: Froslass\n|-damage|p1b: Froslass|0 fnt\n|faint|p1b: Froslass\n|\n|-weather|RainDance|[upkeep]\n|upkeep\n|turn|13\n|-message|namboyVGC forfeited.\n|\n|win|koraidonrider3565\n|raw|namboyVGC's rating: 1000 &rarr; <strong>1000</strong><br />(+0 for losing)\n|raw|koraidonrider3565's rating: 1050 &rarr; <strong>1078</strong><br />(+28 for winning)\n",
  "uploadtime": 1775907123,
  "views": 11,
  "formatid": "gen9championsvgc2026regma",
  "rating": 1000,
  "private": 0,
  "password": null
}