{
  "id": "gen9championsvgc2026regma-2586010824",
  "format": "[Gen 9 Champions] VGC 2026 Reg M-A",
  "players": [
    "Genesis Crow",
    "magnemite op"
  ],
  "log": "|j|\u2606Genesis Crow\n|j|\u2606magnemite op\n|t:|1776390019\n|gametype|doubles\n|player|p1|Genesis Crow|biker-gen4|\n|player|p2|magnemite op|jasmine|\n|gen|9\n|tier|[Gen 9 Champions] VGC 2026 Reg M-A\n|rule|Species Clause: Limit one of each Pok\u00e9mon\n|rule|Item Clause: Limit 1 of each item\n|clearpoke\n|poke|p1|Venusaur, L50, M|\n|poke|p1|Gengar, L50, F|\n|poke|p1|Volcarona, L50, M|\n|poke|p1|Krookodile, L50, M|\n|poke|p1|Clefable, L50, F|\n|poke|p1|Gallade, L50, M|\n|poke|p2|Garchomp, L50, F|\n|poke|p2|Incineroar, L50, F|\n|poke|p2|Sneasler, L50, F|\n|poke|p2|Maushold-Four, L50|\n|poke|p2|Beedrill, L50, F|\n|poke|p2|Whimsicott, L50, M|\n|teampreview|4\n|\n|t:|1776390082\n|teamsize|p1|4\n|teamsize|p2|4\n|start\n|switch|p1a: Volcarona|Volcarona, L50, M, shiny|100/100\n|switch|p1b: Krookodile|Krookodile, L50, M|100/100\n|switch|p2a: Garchomp|Garchomp, L50, F|100/100\n|switch|p2b: Maushold|Maushold-Four, L50|100/100\n|-ability|p1b: Krookodile|Intimidate|boost\n|-unboost|p2a: Garchomp|atk|1\n|-unboost|p2b: Maushold|atk|1\n|-enditem|p2a: Garchomp|White Herb\n|-clearnegativeboost|p2a: Garchomp|[silent]\n|turn|1\n|\n|t:|1776390111\n|move|p2b: Maushold|Follow Me|p2b: Maushold\n|-singleturn|p2b: Maushold|move: Follow Me\n|move|p2a: Garchomp|Rock Slide|p1b: Krookodile|[spread] p1a,p1b\n|-supereffective|p1a: Volcarona|2\n|-resisted|p1b: Krookodile|1\n|-damage|p1a: Volcarona|9/100\n|-damage|p1b: Krookodile|88/100\n|move|p1b: Krookodile|Breaking Swipe|p2b: Maushold|[spread] p2a,p2b\n|-supereffective|p2a: Garchomp|1\n|-damage|p2a: Garchomp|79/100\n|-damage|p2b: Maushold|84/100\n|-unboost|p2a: Garchomp|atk|1\n|-unboost|p2b: Maushold|atk|1\n|-damage|p1b: Krookodile|75/100|[from] ability: Rough Skin|[of] p2a: Garchomp\n|-heal|p1b: Krookodile|80/100|[from] item: Shell Bell|[of] p2b: Maushold\n|move|p1a: Volcarona|Tailwind|p1a: Volcarona\n|-sidestart|p1: Genesis Crow|move: Tailwind\n|\n|upkeep\n|turn|2\n|\n|t:|1776390148\n|move|p1a: Volcarona|Protect|p1a: Volcarona\n|-singleturn|p1a: Volcarona|Protect\n|move|p2b: Maushold|Protect|p2b: Maushold\n|-singleturn|p2b: Maushold|Protect\n|move|p1b: Krookodile|Breaking Swipe|p2a: Garchomp|[spread] p2a\n|-activate|p2b: Maushold|move: Protect\n|-supereffective|p2a: Garchomp|1\n|-damage|p2a: Garchomp|57/100\n|-unboost|p2a: Garchomp|atk|1\n|-damage|p1b: Krookodile|68/100|[from] ability: Rough Skin|[of] p2a: Garchomp\n|-heal|p1b: Krookodile|70/100|[from] item: Shell Bell|[of] p2b: Maushold\n|move|p2a: Garchomp|Earthquake|p1b: Krookodile|[spread] p1b\n|-activate|p2b: Maushold|move: Protect\n|-activate|p1a: Volcarona|move: Protect\n|-damage|p1b: Krookodile|48/100\n|\n|upkeep\n|turn|3\n|\n|t:|1776390191\n|move|p2b: Maushold|Helping Hand|p2a: Garchomp\n|-singleturn|p2a: Garchomp|Helping Hand|[of] p2b: Maushold\n|move|p1b: Krookodile|High Horsepower|p2b: Maushold\n|-damage|p2b: Maushold|36/100\n|-heal|p1b: Krookodile|53/100|[from] item: Shell Bell|[of] p2b: Maushold\n|move|p1a: Volcarona|Struggle Bug|p2b: Maushold|[spread] p2a,p2b\n|-damage|p2a: Garchomp|43/100\n|-damage|p2b: Maushold|18/100\n|-unboost|p2a: Garchomp|spa|1\n|-unboost|p2b: Maushold|spa|1\n|move|p2a: Garchomp|Rock Slide|p1a: Volcarona|[spread] p1a,p1b\n|-supereffective|p1a: Volcarona|2\n|-resisted|p1b: Krookodile|1\n|-damage|p1a: Volcarona|0 fnt\n|-damage|p1b: Krookodile|45/100\n|faint|p1a: Volcarona\n|\n|upkeep\n|\n|t:|1776390211\n|switch|p1a: Gallade|Gallade, L50, M|100/100\n|turn|4\n|\n|t:|1776390245\n|switch|p2a: Incineroar|Incineroar, L50, F|100/100\n|-ability|p2a: Incineroar|Intimidate|boost\n|-unboost|p1a: Gallade|atk|1\n|-unboost|p1b: Krookodile|atk|1\n|move|p2b: Maushold|Follow Me|p2b: Maushold\n|-singleturn|p2b: Maushold|move: Follow Me\n|move|p1a: Gallade|Psycho Cut|p2b: Maushold\n|-damage|p2b: Maushold|0 fnt\n|faint|p2b: Maushold\n|move|p1b: Krookodile|Rock Slide|p2a: Incineroar\n|-supereffective|p2a: Incineroar|1\n|-damage|p2a: Incineroar|63/100\n|-heal|p1b: Krookodile|49/100|[from] item: Shell Bell|[of] p2a: Incineroar\n|\n|-sideend|p1: Genesis Crow|move: Tailwind\n|upkeep\n|\n|t:|1776390259\n|switch|p2b: Garchomp|Garchomp, L50, F|43/100\n|turn|5\n|\n|t:|1776390279\n|move|p2a: Incineroar|Fake Out|p1a: Gallade\n|-damage|p1a: Gallade|78/100\n|cant|p1a: Gallade|flinch\n|move|p2b: Garchomp|Dragon Claw|p1b: Krookodile\n|-damage|p1b: Krookodile|2/100\n|move|p1b: Krookodile|High Horsepower|p2a: Incineroar\n|-supereffective|p2a: Incineroar|1\n|-damage|p2a: Incineroar|0 fnt\n|faint|p2a: Incineroar\n|-heal|p1b: Krookodile|9/100|[from] item: Shell Bell|[of] p2: Incineroar\n|\n|upkeep\n|\n|t:|1776390290\n|switch|p2a: Beedrill|Beedrill, L50, F|100/100\n|turn|6\n|\n|t:|1776390302\n|detailschange|p2a: Beedrill|Beedrill-Mega, L50, F\n|-mega|p2a: Beedrill|Beedrill|Beedrillite\n|move|p2a: Beedrill|Fell Stinger|p1b: Krookodile\n|-supereffective|p1b: Krookodile|1\n|-damage|p1b: Krookodile|0 fnt\n|faint|p1b: Krookodile\n|-boost|p2a: Beedrill|atk|3\n|move|p1a: Gallade|Psycho Cut|p2a: Beedrill\n|-supereffective|p2a: Beedrill|1\n|-damage|p2a: Beedrill|0 fnt\n|faint|p2a: Beedrill\n|move|p2b: Garchomp|Dragon Claw|p1a: Gallade\n|-damage|p1a: Gallade|14/100\n|\n|upkeep\n|\n|t:|1776390314\n|switch|p1b: Gengar|Gengar, L50, F, shiny|100/100\n|turn|7\n|\n|t:|1776390319\n|detailschange|p1b: Gengar|Gengar-Mega, L50, F, shiny\n|-mega|p1b: Gengar|Gengar|Gengarite\n|move|p1b: Gengar|Icy Wind|p2b: Garchomp\n|-supereffective|p2b: Garchomp|2\n|-damage|p2b: Garchomp|0 fnt\n|faint|p2b: Garchomp\n|\n|win|Genesis Crow\n",
  "uploadtime": 1776390455,
  "views": 30,
  "formatid": "gen9championsvgc2026regma",
  "rating": null,
  "private": 0,
  "password": null
}