{
  "id": "gen9championsvgc2026regma-2580961098",
  "format": "[Gen 9 Champions] VGC 2026 Reg M-A",
  "players": [
    "Plasma_Live",
    "Leonidas10993"
  ],
  "log": "|j|\u2606Plasma_Live\n|j|\u2606Leonidas10993\n|t:|1775946941\n|gametype|doubles\n|player|p1|Plasma_Live|169|1000\n|player|p2|Leonidas10993|iris-gen5bw2|1012\n|gen|9\n|tier|[Gen 9 Champions] VGC 2026 Reg M-A\n|rated|\n|rule|Species Clause: Limit one of each Pok\u00e9mon\n|rule|Item Clause: Limit 1 of each item\n|clearpoke\n|poke|p1|Chimecho, L50, M|\n|poke|p1|Volcarona, L50, M|\n|poke|p1|Alcremie, L50, F|\n|poke|p1|Empoleon, L50, M|\n|poke|p1|Espathra, L50, M|\n|poke|p1|Incineroar, L50, F|\n|poke|p2|Whimsicott, L50, M|\n|poke|p2|Dragonite, L50, F|\n|poke|p2|Incineroar, L50, M|\n|poke|p2|Kingambit, L50, F|\n|poke|p2|Milotic, L50, M|\n|poke|p2|Pelipper, L50, F|\n|teampreview|4\n|inactive|Battle timer is ON: inactive players will automatically lose when time's up. (requested by Leonidas10993)\n|\n|t:|1775946990\n|teamsize|p1|4\n|teamsize|p2|4\n|start\n|switch|p1a: Chimecho|Chimecho, L50, M|100/100\n|switch|p1b: Volcarona|Volcarona, L50, M|100/100\n|switch|p2a: Pelipper|Pelipper, L50, F|100/100\n|switch|p2b: Dragonite|Dragonite, L50, F|100/100\n|-weather|RainDance|[from] ability: Drizzle|[of] p2a: Pelipper\n|turn|1\n|inactive|Leonidas10993 has 30 seconds left.\n|\n|t:|1775947018\n|detailschange|p2b: Dragonite|Dragonite-Mega, L50, F\n|-mega|p2b: Dragonite|Dragonite|Dragoninite\n|detailschange|p1a: Chimecho|Chimecho-Mega, L50, M\n|-mega|p1a: Chimecho|Chimecho|Chimechite\n|move|p1b: Volcarona|Rage Powder|p1b: Volcarona\n|-singleturn|p1b: Volcarona|move: Rage Powder\n|move|p2b: Dragonite|Hurricane|p1b: Volcarona\n|-supereffective|p1b: Volcarona|1\n|-damage|p1b: Volcarona|19/100\n|move|p2a: Pelipper|Tailwind|p2a: Pelipper\n|-sidestart|p2: Leonidas10993|move: Tailwind\n|move|p1a: Chimecho|Cosmic Power|p1a: Chimecho\n|-boost|p1a: Chimecho|def|1\n|-boost|p1a: Chimecho|spd|1\n|\n|-weather|RainDance|[upkeep]\n|upkeep\n|turn|2\n|inactive|Plasma_Live has 30 seconds left.\n|inactive|Leonidas10993 has 30 seconds left.\n|\n|t:|1775947050\n|move|p1b: Volcarona|Rage Powder|p1b: Volcarona\n|-singleturn|p1b: Volcarona|move: Rage Powder\n|move|p2b: Dragonite|Hurricane|p1b: Volcarona\n|-supereffective|p1b: Volcarona|1\n|-damage|p1b: Volcarona|0 fnt\n|faint|p1b: Volcarona\n|move|p2a: Pelipper|Weather Ball|p1a: Chimecho\n|-damage|p1a: Chimecho|72/100\n|move|p1a: Chimecho|Cosmic Power|p1a: Chimecho\n|-boost|p1a: Chimecho|def|1\n|-boost|p1a: Chimecho|spd|1\n|\n|-weather|RainDance|[upkeep]\n|upkeep\n|inactive|Plasma_Live has 30 seconds left.\n|\n|t:|1775947081\n|switch|p1b: Alcremie|Alcremie, L50, F|100/100\n|turn|3\n|inactive|Leonidas10993 has 30 seconds left.\n|inactive|Leonidas10993 has 20 seconds left.\n|\n|t:|1775947119\n|switch|p2b: Milotic|Milotic, L50, M|100/100\n|move|p2a: Pelipper|Hurricane|p1a: Chimecho\n|-resisted|p1a: Chimecho|1\n|-damage|p1a: Chimecho|64/100\n|move|p1a: Chimecho|Cosmic Power|p1a: Chimecho\n|-boost|p1a: Chimecho|def|1\n|-boost|p1a: Chimecho|spd|1\n|move|p1b: Alcremie|Decorate|p1a: Chimecho\n|-boost|p1a: Chimecho|atk|2\n|-boost|p1a: Chimecho|spa|2\n|\n|-weather|RainDance|[upkeep]\n|upkeep\n|turn|4\n|\n|t:|1775947142\n|move|p1b: Alcremie|Helping Hand|p1a: Chimecho\n|-singleturn|p1a: Chimecho|Helping Hand|[of] p1b: Alcremie\n|move|p2a: Pelipper|Weather Ball|p1b: Alcremie\n|-damage|p1b: Alcremie|53/100\n|move|p2b: Milotic|Coil|p2b: Milotic\n|-boost|p2b: Milotic|atk|1\n|-boost|p2b: Milotic|def|1\n|-boost|p2b: Milotic|accuracy|1\n|move|p1a: Chimecho|Stored Power|p2b: Milotic\n|-damage|p2b: Milotic|0 fnt\n|faint|p2b: Milotic\n|\n|-weather|RainDance|[upkeep]\n|-sideend|p2: Leonidas10993|move: Tailwind\n|upkeep\n|\n|t:|1775947163\n|switch|p2b: Whimsicott|Whimsicott, L50, M|100/100\n|turn|5\n|\n|t:|1775947178\n|move|p2b: Whimsicott|Fake Tears|p1a: Chimecho\n|-unboost|p1a: Chimecho|spd|2\n|move|p2a: Pelipper|Weather Ball|p1b: Alcremie\n|-damage|p1b: Alcremie|0 fnt\n|faint|p1b: Alcremie\n|move|p1a: Chimecho|Charge Beam|p2a: Pelipper\n|-supereffective|p2a: Pelipper|2\n|-enditem|p2a: Pelipper|Focus Sash\n|-damage|p2a: Pelipper|1/100\n|\n|-weather|none\n|upkeep\n|\n|t:|1775947188\n|switch|p1b: Espathra|Espathra, L50, M|100/100\n|turn|6\n|\n|t:|1775947211\n|move|p2b: Whimsicott|Fake Tears|p1b: Espathra\n|-unboost|p1b: Espathra|spd|2\n|move|p1b: Espathra|Psych Up|p1a: Chimecho\n|-copyboost|p1b: Espathra|p1a: Chimecho|[from] move: Psych Up\n|move|p2a: Pelipper|Hurricane|p1b: Espathra\n|-damage|p1b: Espathra|59/100\n|move|p1a: Chimecho|Stored Power|p2b: Whimsicott\n|-damage|p2b: Whimsicott|0 fnt\n|faint|p2b: Whimsicott\n|\n|-ability|p1b: Espathra|Speed Boost|boost\n|-boost|p1b: Espathra|spe|1\n|upkeep\n|\n|t:|1775947226\n|switch|p2b: Dragonite|Dragonite-Mega, L50, F|100/100\n|turn|7\n|inactive|Leonidas10993 has 30 seconds left.\n|\n|t:|1775947257\n|move|p1b: Espathra|Dazzling Gleam|p2a: Pelipper|[spread] p2a,p2b\n|-supereffective|p2b: Dragonite|1\n|-damage|p2a: Pelipper|0 fnt\n|-damage|p2b: Dragonite|68/100\n|faint|p2a: Pelipper\n|move|p2b: Dragonite|Draco Meteor|p1a: Chimecho\n|-resisted|p1a: Chimecho|1\n|-damage|p1a: Chimecho|44/100\n|-unboost|p2b: Dragonite|spa|2\n|move|p1a: Chimecho|Stored Power|p2b: Dragonite\n|-damage|p2b: Dragonite|0 fnt\n|faint|p2b: Dragonite\n|\n|win|Plasma_Live\n|raw|Plasma_Live's rating: 1000 &rarr; <strong>1041</strong><br />(+41 for winning)\n|raw|Leonidas10993's rating: 1012 &rarr; <strong>1000</strong><br />(-12 for losing)\n",
  "uploadtime": 1775947270,
  "views": 14,
  "formatid": "gen9championsvgc2026regma",
  "rating": 1000,
  "private": 0,
  "password": null
}