{
  "id": "gen9championsvgc2026regma-2586905145",
  "format": "[Gen 9 Champions] VGC 2026 Reg M-A",
  "players": [
    "Kir1ku",
    "Disfrazdetigre"
  ],
  "log": "|j|\u2606Kir1ku\n|j|\u2606Disfrazdetigre\n|t:|1776470423\n|gametype|doubles\n|player|p1|Kir1ku|red-lgpe|1341\n|player|p2|Disfrazdetigre|266|1332\n|gen|9\n|tier|[Gen 9 Champions] VGC 2026 Reg M-A\n|rated|\n|rule|Species Clause: Limit one of each Pok\u00e9mon\n|rule|Item Clause: Limit 1 of each item\n|clearpoke\n|poke|p1|Pikachu, L50, F|\n|poke|p1|Corviknight, L50, M|\n|poke|p1|Lucario, L50, F|\n|poke|p1|Tyranitar, L50, M|\n|poke|p1|Garchomp, L50, M|\n|poke|p1|Sinistcha, L50|\n|poke|p2|Orthworm, L50, F|\n|poke|p2|Milotic, L50, F|\n|poke|p2|Medicham, L50, F|\n|poke|p2|Arcanine-Hisui, L50, M|\n|poke|p2|Heliolisk, L50, M|\n|poke|p2|Hydreigon, L50, F|\n|teampreview|4\n|inactive|Battle timer is ON: inactive players will automatically lose when time's up. (requested by Kir1ku)\n|inactive|Disfrazdetigre has 60 seconds left.\n|\n|t:|1776470459\n|teamsize|p1|4\n|teamsize|p2|4\n|start\n|switch|p1a: Lucario|Lucario, L50, F|100/100\n|switch|p1b: Pikachu|Pikachu, L50, F|100/100\n|switch|p2a: Milotic|Milotic, L50, F|100/100\n|switch|p2b: Medicham|Medicham, L50, F|100/100\n|turn|1\n|\n|t:|1776470472\n|detailschange|p1a: Lucario|Lucario-Mega, L50, F\n|-mega|p1a: Lucario|Lucario|Lucarionite\n|detailschange|p2b: Medicham|Medicham-Mega, L50, F\n|-mega|p2b: Medicham|Medicham|Medichamite\n|move|p2b: Medicham|Fake Out|p1b: Pikachu\n|-damage|p1b: Pikachu|21/100\n|move|p1a: Lucario|Steel Beam|p2b: Medicham\n|-damage|p2b: Medicham|0 fnt\n|-damage|p1a: Lucario|50/100|[from] steelbeam\n|faint|p2b: Medicham\n|cant|p1b: Pikachu|flinch\n|move|p2a: Milotic|Icy Wind|p1b: Pikachu|[spread] p1a,p1b\n|-resisted|p1a: Lucario|1\n|-damage|p1a: Lucario|43/100\n|-damage|p1b: Pikachu|0 fnt\n|-unboost|p1a: Lucario|spe|1\n|faint|p1b: Pikachu\n|\n|upkeep\n|inactive|Disfrazdetigre has 30 seconds left.\n|\n|t:|1776470502\n|switch|p1b: Tyranitar|Tyranitar, L50, M|100/100\n|switch|p2b: Hydreigon|Hydreigon, L50, F|100/100\n|-weather|Sandstorm|[from] ability: Sand Stream|[of] p1b: Tyranitar\n|turn|2\n|\n|t:|1776470521\n|switch|p1a: Garchomp|Garchomp, L50, M|100/100\n|move|p2b: Hydreigon|Superpower|p1b: Tyranitar\n|-supereffective|p1b: Tyranitar|2\n|-damage|p1b: Tyranitar|0 fnt\n|-unboost|p2b: Hydreigon|atk|1\n|-unboost|p2b: Hydreigon|def|1\n|faint|p1b: Tyranitar\n|move|p2a: Milotic|Scald|p1a: Garchomp|[miss]\n|-miss|p2a: Milotic|p1a: Garchomp\n|\n|-weather|Sandstorm|[upkeep]\n|-damage|p2b: Hydreigon|94/100|[from] Sandstorm\n|-damage|p2a: Milotic|95/100|[from] Sandstorm\n|-heal|p2a: Milotic|100/100|[from] item: Leftovers\n|upkeep\n|\n|t:|1776470528\n|switch|p1b: Lucario|Lucario-Mega, L50, F|43/100\n|turn|3\n|\n|t:|1776470537\n|move|p2a: Milotic|Protect|p2a: Milotic\n|-singleturn|p2a: Milotic|Protect\n|move|p1b: Lucario|Aura Sphere|p2b: Hydreigon\n|-supereffective|p2b: Hydreigon|1\n|-enditem|p2b: Hydreigon|Chople Berry|[eat]\n|-enditem|p2b: Hydreigon|Chople Berry|[weaken]\n|-damage|p2b: Hydreigon|34/100\n|move|p1a: Garchomp|Dragon Claw|p2a: Milotic\n|-activate|p2a: Milotic|move: Protect\n|move|p2b: Hydreigon|Tailwind|p2b: Hydreigon\n|-sidestart|p2: Disfrazdetigre|move: Tailwind\n|\n|-weather|Sandstorm|[upkeep]\n|-damage|p2b: Hydreigon|28/100|[from] Sandstorm\n|-damage|p2a: Milotic|95/100|[from] Sandstorm\n|-heal|p2a: Milotic|100/100|[from] item: Leftovers\n|upkeep\n|turn|4\n|\n|t:|1776470552\n|move|p1b: Lucario|Detect|p1b: Lucario\n|-singleturn|p1b: Lucario|Protect\n|move|p2b: Hydreigon|Superpower|p1b: Lucario\n|-activate|p1b: Lucario|move: Protect\n|move|p2a: Milotic|Icy Wind|p1b: Lucario|[spread] p1a\n|-activate|p1b: Lucario|move: Protect\n|-supereffective|p1a: Garchomp|2\n|-damage|p1a: Garchomp|55/100\n|-unboost|p1a: Garchomp|spe|1\n|move|p1a: Garchomp|Rock Slide|p2b: Hydreigon|[spread] p2a,p2b\n|-damage|p2a: Milotic|81/100\n|-damage|p2b: Hydreigon|0 fnt\n|faint|p2b: Hydreigon\n|\n|-weather|Sandstorm|[upkeep]\n|-damage|p2a: Milotic|75/100|[from] Sandstorm\n|-heal|p2a: Milotic|81/100|[from] item: Leftovers\n|upkeep\n|\n|t:|1776470566\n|switch|p2b: Arcanine|Arcanine-Hisui, L50, M|100/100\n|-ability|p2b: Arcanine|Intimidate|boost\n|-unboost|p1a: Garchomp|atk|1\n|-unboost|p1b: Lucario|atk|1\n|turn|5\n|\n|t:|1776470583\n|move|p2b: Arcanine|Rock Slide|p1b: Lucario|[spread] p1a,p1b\n|-resisted|p1a: Garchomp|1\n|-resisted|p1b: Lucario|2\n|-damage|p1a: Garchomp|40/100\n|-damage|p1b: Lucario|35/100\n|move|p2a: Milotic|Scald|p1b: Lucario\n|-damage|p1b: Lucario|0 fnt\n|faint|p1b: Lucario\n|move|p1a: Garchomp|Rock Slide|p2b: Arcanine|[spread] p2a,p2b\n|-supereffective|p2b: Arcanine|1\n|-damage|p2a: Milotic|68/100\n|-damage|p2b: Arcanine|66/100\n|\n|-weather|Sandstorm|[upkeep]\n|-damage|p2a: Milotic|62/100|[from] Sandstorm\n|-heal|p2a: Milotic|68/100|[from] item: Leftovers\n|upkeep\n|turn|6\n|\n|t:|1776470595\n|move|p1a: Garchomp|Protect|p1a: Garchomp\n|-singleturn|p1a: Garchomp|Protect\n|move|p2b: Arcanine|Rock Slide|p1a: Garchomp\n|-activate|p1a: Garchomp|move: Protect\n|move|p2a: Milotic|Icy Wind|p1a: Garchomp\n|-activate|p1a: Garchomp|move: Protect\n|\n|-weather|none\n|-heal|p2a: Milotic|74/100|[from] item: Leftovers\n|-sideend|p2: Disfrazdetigre|move: Tailwind\n|upkeep\n|turn|7\n|\n|t:|1776470600\n|move|p2b: Arcanine|Rock Slide|p1a: Garchomp\n|-resisted|p1a: Garchomp|1\n|-damage|p1a: Garchomp|20/100\n|move|p1a: Garchomp|Earthquake|p2a: Milotic|[spread] p2a,p2b\n|-crit|p2a: Milotic\n|-supereffective|p2b: Arcanine|2\n|-damage|p2a: Milotic|20/100\n|-damage|p2b: Arcanine|0 fnt\n|faint|p2b: Arcanine\n|move|p2a: Milotic|Icy Wind|p1a: Garchomp\n|-supereffective|p1a: Garchomp|2\n|-damage|p1a: Garchomp|0 fnt\n|faint|p1a: Garchomp\n|\n|win|Disfrazdetigre\n|raw|Kir1ku's rating: 1341 &rarr; <strong>1320</strong><br />(-21 for losing)\n|raw|Disfrazdetigre's rating: 1332 &rarr; <strong>1353</strong><br />(+21 for winning)\n|l|\u2606Kir1ku\n|player|p1|\n",
  "uploadtime": 1776470616,
  "views": 34,
  "formatid": "gen9championsvgc2026regma",
  "rating": 1320,
  "private": 0,
  "password": null
}