{
  "id": "gen9championsvgc2026regma-2581327466",
  "format": "[Gen 9 Champions] VGC 2026 Reg M-A",
  "players": [
    "23456789XB",
    "smrtcb1"
  ],
  "log": "|j|\u260623456789XB\n|j|\u203dsmrtcb1\n|t:|1775987176\n|gametype|doubles\n|player|p1|23456789XB|cynthia|1127\n|player|p2|smrtcb1|2|1138\n|gen|9\n|tier|[Gen 9 Champions] VGC 2026 Reg M-A\n|rated|\n|rule|Species Clause: Limit one of each Pok\u00e9mon\n|rule|Item Clause: Limit 1 of each item\n|clearpoke\n|poke|p1|Slowbro, L50, M|\n|poke|p1|Maushold, L50|\n|poke|p1|Incineroar, L50, F|\n|poke|p1|Sinistcha, L50|\n|poke|p1|Sneasler, L50, M|\n|poke|p1|Typhlosion-Hisui, L50, F|\n|poke|p2|Incineroar, L50, F|\n|poke|p2|Empoleon, L50, F|\n|poke|p2|Froslass, L50, F|\n|poke|p2|Ninetales-Alola, L50, M|\n|poke|p2|Sneasler, L50, F|\n|poke|p2|Whimsicott, L50, M|\n|teampreview|4\n|inactive|Battle timer is ON: inactive players will automatically lose when time's up. (requested by 23456789XB)\n|inactive|smrtcb1 has 60 seconds left.\n|\n|t:|1775987231\n|teamsize|p1|4\n|teamsize|p2|4\n|start\n|switch|p1a: Slowvro|Slowbro, L50, M|100/100\n|switch|p1b: +2 abortions|Maushold, L50|100/100\n|switch|p2a: Froslass|Froslass, L50, F|100/100\n|switch|p2b: Empoleon|Empoleon, L50, F|100/100\n|turn|1\n|inactive|smrtcb1 has 30 seconds left.\n|\n|t:|1775987265\n|detailschange|p2a: Froslass|Froslass-Mega, L50, F\n|-mega|p2a: Froslass|Froslass|Froslassite\n|-weather|Snowscape|[from] ability: Snow Warning|[of] p2a: Froslass\n|detailschange|p1a: Slowvro|Slowbro-Mega, L50, M\n|-mega|p1a: Slowvro|Slowbro|Slowbronite\n|move|p1b: +2 abortions|Follow Me|p1b: +2 abortions\n|-singleturn|p1b: +2 abortions|move: Follow Me\n|move|p2a: Froslass|Nasty Plot|p2a: Froslass\n|-boost|p2a: Froslass|spa|2\n|move|p2b: Empoleon|Blizzard|p1a: Slowvro|[spread] p1a,p1b\n|-resisted|p1a: Slowvro|1\n|-damage|p1a: Slowvro|93/100\n|-damage|p1b: +2 abortions|70/100\n|move|p1a: Slowvro|Calm Mind|p1a: Slowvro\n|-boost|p1a: Slowvro|spa|1\n|-boost|p1a: Slowvro|spd|1\n|\n|-weather|Snowscape|[upkeep]\n|upkeep\n|turn|2\n|\n|t:|1775987284\n|move|p1b: +2 abortions|Follow Me|p1b: +2 abortions\n|-singleturn|p1b: +2 abortions|move: Follow Me\n|move|p2a: Froslass|Blizzard|p1a: Slowvro|[spread] p1a,p1b\n|-resisted|p1a: Slowvro|1\n|-damage|p1a: Slowvro|71/100\n|-damage|p1b: +2 abortions|0 fnt\n|faint|p1b: +2 abortions\n|move|p2b: Empoleon|Blizzard|p1a: Slowvro\n|-resisted|p1a: Slowvro|1\n|-damage|p1a: Slowvro|60/100\n|move|p1a: Slowvro|Psychic|p2a: Froslass\n|-damage|p2a: Froslass|19/100\n|\n|-weather|Snowscape|[upkeep]\n|upkeep\n|\n|t:|1775987290\n|switch|p1b: Health pack|Sinistcha, L50|100/100\n|-heal|p1a: Slowvro|85/100|[from] ability: Hospitality|[of] p1b: Health pack\n|turn|3\n|\n|t:|1775987311\n|move|p2a: Froslass|Protect|p2a: Froslass\n|-singleturn|p2a: Froslass|Protect\n|move|p2b: Empoleon|Blizzard|p1a: Slowvro|[spread] p1a,p1b\n|-resisted|p1a: Slowvro|1\n|-supereffective|p1b: Health pack|1\n|-damage|p1a: Slowvro|78/100\n|-damage|p1b: Health pack|58/100\n|move|p1a: Slowvro|Psychic|p2a: Froslass\n|-activate|p2a: Froslass|move: Protect\n|move|p1b: Health pack|Trick Room|p1b: Health pack\n|-fieldstart|move: Trick Room|[of] p1b: Health pack\n|\n|-weather|Snowscape|[upkeep]\n|upkeep\n|turn|4\n|\n|t:|1775987335\n|switch|p2a: Whimsicott|Whimsicott, L50, M|100/100\n|move|p1a: Slowvro|Psychic|p2a: Whimsicott\n|-damage|p2a: Whimsicott|0 fnt\n|faint|p2a: Whimsicott\n|move|p1b: Health pack|Matcha Gotcha|p2b: Empoleon\n|-damage|p2b: Empoleon|73/100\n|-heal|p1b: Health pack|70/100|[from] drain|[of] p2b: Empoleon\n|-status|p2b: Empoleon|brn\n|-enditem|p2b: Empoleon|Lum Berry|[eat]\n|-curestatus|p2b: Empoleon|brn|[msg]\n|move|p2b: Empoleon|Blizzard|p1a: Slowvro|[spread] p1a,p1b\n|-resisted|p1a: Slowvro|1\n|-supereffective|p1b: Health pack|1\n|-damage|p1a: Slowvro|70/100\n|-damage|p1b: Health pack|26/100\n|\n|-weather|Snowscape|[upkeep]\n|upkeep\n|\n|t:|1775987352\n|switch|p2a: Sneasler|Sneasler, L50, F|100/100\n|turn|5\n|\n|t:|1775987357\n|move|p2b: Empoleon|Protect|p2b: Empoleon\n|-singleturn|p2b: Empoleon|Protect\n|move|p2a: Sneasler|Protect|p2a: Sneasler\n|-singleturn|p2a: Sneasler|Protect\n|move|p1a: Slowvro|Psychic|p2a: Sneasler\n|-activate|p2a: Sneasler|move: Protect\n|move|p1b: Health pack|Life Dew|p1b: Health pack|[spread] p1a,p1b\n|-heal|p1a: Slowvro|96/100\n|-heal|p1b: Health pack|52/100\n|\n|-weather|none\n|upkeep\n|turn|6\n|inactive|smrtcb1 has 30 seconds left.\n|\n|t:|1775987388\n|switch|p2a: Froslass|Froslass-Mega, L50, F|19/100\n|-weather|Snowscape|[from] ability: Snow Warning|[of] p2a: Froslass\n|move|p1a: Slowvro|Psychic|p2a: Froslass\n|-damage|p2a: Froslass|0 fnt\n|faint|p2a: Froslass\n|move|p1b: Health pack|Matcha Gotcha|p2b: Empoleon\n|-damage|p2b: Empoleon|45/100\n|-heal|p1b: Health pack|65/100|[from] drain|[of] p2b: Empoleon\n|-status|p2b: Empoleon|brn\n|move|p2b: Empoleon|Blizzard|p1b: Health pack|[spread] p1a,p1b\n|-resisted|p1a: Slowvro|1\n|-supereffective|p1b: Health pack|1\n|-damage|p1a: Slowvro|87/100\n|-damage|p1b: Health pack|16/100\n|-status|p1a: Slowvro|frz\n|\n|-weather|Snowscape|[upkeep]\n|-damage|p2b: Empoleon|39/100 brn|[from] brn\n|upkeep\n|\n|t:|1775987406\n|switch|p2a: Sneasler|Sneasler, L50, F|100/100\n|turn|7\n|\n|t:|1775987430\n|move|p2b: Empoleon|Protect|p2b: Empoleon\n|-singleturn|p2b: Empoleon|Protect\n|move|p2a: Sneasler|Protect|p2a: Sneasler\n|-singleturn|p2a: Sneasler|Protect\n|cant|p1a: Slowvro|frz\n|move|p1b: Health pack|Life Dew|p1b: Health pack|[spread] p1a,p1b\n|-heal|p1a: Slowvro|100/100 frz\n|-heal|p1b: Health pack|42/100\n|\n|-weather|Snowscape|[upkeep]\n|-damage|p2b: Empoleon|34/100 brn|[from] brn\n|-fieldend|move: Trick Room\n|upkeep\n|turn|8\n|\n|t:|1775987443\n|move|p2a: Sneasler|Acrobatics|p1b: Health pack\n|-supereffective|p1b: Health pack|1\n|-enditem|p1b: Health pack|Coba Berry|[eat]\n|-enditem|p1b: Health pack|Coba Berry|[weaken]\n|-damage|p1b: Health pack|22/100\n|move|p2b: Empoleon|Blizzard|p1a: Slowvro|[spread] p1a,p1b\n|-resisted|p1a: Slowvro|1\n|-supereffective|p1b: Health pack|1\n|-damage|p1a: Slowvro|93/100 frz\n|-damage|p1b: Health pack|0 fnt\n|faint|p1b: Health pack\n|-curestatus|p1a: Slowvro|frz|[msg]\n|move|p1a: Slowvro|Psychic|p2a: Sneasler\n|-supereffective|p2a: Sneasler|2\n|-crit|p2a: Sneasler\n|-damage|p2a: Sneasler|0 fnt\n|faint|p2a: Sneasler\n|\n|-weather|Snowscape|[upkeep]\n|-damage|p2b: Empoleon|28/100 brn|[from] brn\n|upkeep\n|\n|t:|1775987450\n|switch|p1b: Wolfe bot|Incineroar, L50, F|100/100\n|-ability|p1b: Wolfe bot|Intimidate|boost\n|-unboost|p2b: Empoleon|atk|1\n|-ability|p2b: Empoleon|Competitive|boost\n|-boost|p2b: Empoleon|spa|2\n|turn|9\n|\n|t:|1775987467\n|move|p1b: Wolfe bot|Fake Out|p2b: Empoleon\n|-resisted|p2b: Empoleon|1\n|-damage|p2b: Empoleon|22/100 brn\n|cant|p2b: Empoleon|flinch\n|move|p1a: Slowvro|Psychic|p2b: Empoleon\n|-resisted|p2b: Empoleon|1\n|-damage|p2b: Empoleon|0 fnt\n|faint|p2b: Empoleon\n|\n|win|23456789XB\n|raw|23456789XB's rating: 1127 &rarr; <strong>1153</strong><br />(+26 for winning)\n|raw|smrtcb1's rating: 1138 &rarr; <strong>1112</strong><br />(-26 for losing)\n",
  "uploadtime": 1775987470,
  "views": 34,
  "formatid": "gen9championsvgc2026regma",
  "rating": 1112,
  "private": 0,
  "password": null
}