{
  "id": "gen9championsvgc2026regma-2583741758",
  "format": "[Gen 9 Champions] VGC 2026 Reg M-A",
  "players": [
    "Saco04",
    "MefShowdown0"
  ],
  "log": "|j|\u2606Saco04\n|j|\u2606MefShowdown0\n|t:|1776194577\n|gametype|doubles\n|player|p1|Saco04|wallace|1163\n|player|p2|MefShowdown0|selene-masters2|1241\n|gen|9\n|tier|[Gen 9 Champions] VGC 2026 Reg M-A\n|rated|\n|rule|Species Clause: Limit one of each Pok\u00e9mon\n|rule|Item Clause: Limit 1 of each item\n|clearpoke\n|poke|p1|Pelipper, L50, M|\n|poke|p1|Milotic, L50, F|\n|poke|p1|Basculegion, L50, M|\n|poke|p1|Sinistcha, L50|\n|poke|p1|Manectric, L50, M|\n|poke|p1|Starmie, L50|\n|poke|p2|Floette-Eternal, L50, F|\n|poke|p2|Aerodactyl, L50, F|\n|poke|p2|Sneasler, L50, F|\n|poke|p2|Garchomp, L50, F|\n|poke|p2|Incineroar, L50, M|\n|poke|p2|Sinistcha, L50|\n|teampreview|4\n|inactive|Battle timer is ON: inactive players will automatically lose when time's up. (requested by Saco04)\n|inactive|MefShowdown0 has 60 seconds left.\n|\n|t:|1776194617\n|teamsize|p1|4\n|teamsize|p2|4\n|start\n|switch|p1a: Peecko|Pelipper, L50, M|100/100\n|switch|p1b: Milotic|Milotic, L50, F, shiny|100/100\n|switch|p2a: Floette|Floette-Eternal, L50, F|100/100\n|switch|p2b: Sneasler|Sneasler, L50, F|100/100\n|-weather|RainDance|[from] ability: Drizzle|[of] p1a: Peecko\n|turn|1\n|\n|t:|1776194630\n|detailschange|p2a: Floette|Floette-Mega, L50, F\n|-mega|p2a: Floette|Floette|Floettite\n|-ability|p2a: Floette|Fairy Aura\n|move|p2b: Sneasler|Fake Out|p1a: Peecko\n|-damage|p1a: Peecko|86/100\n|move|p2a: Floette|Calm Mind|p2a: Floette\n|-boost|p2a: Floette|spa|1\n|-boost|p2a: Floette|spd|1\n|move|p1b: Milotic|Icy Wind|p2b: Sneasler|[spread] p2a,p2b\n|-damage|p2a: Floette|94/100\n|-damage|p2b: Sneasler|85/100\n|-unboost|p2a: Floette|spe|1\n|-unboost|p2b: Sneasler|spe|1\n|-enditem|p2b: Sneasler|White Herb\n|-clearnegativeboost|p2b: Sneasler|[silent]\n|cant|p1a: Peecko|flinch\n|\n|-weather|RainDance|[upkeep]\n|upkeep\n|turn|2\n|\n|t:|1776194650\n|move|p2b: Sneasler|Dire Claw|p1a: Peecko\n|-damage|p1a: Peecko|41/100\n|move|p1b: Milotic|Weather Ball|p2b: Sneasler\n|-damage|p2b: Sneasler|0 fnt\n|faint|p2b: Sneasler\n|move|p2a: Floette|Dazzling Gleam|p1a: Peecko|[spread] p1a,p1b\n|-damage|p1a: Peecko|0 fnt\n|-damage|p1b: Milotic|54/100\n|faint|p1a: Peecko\n|\n|-weather|RainDance|[upkeep]\n|-heal|p1b: Milotic|60/100|[from] item: Leftovers\n|upkeep\n|\n|t:|1776194661\n|switch|p2b: Aerodactyl|Aerodactyl, L50, F|100/100\n|switch|p1a: Starmie|Starmie, L50|100/100\n|-ability|p2b: Aerodactyl|Unnerve\n|turn|3\n|\n|t:|1776194669\n|detailschange|p1a: Starmie|Starmie-Mega, L50\n|-mega|p1a: Starmie|Starmie|Starminite\n|move|p2a: Floette|Protect|p2a: Floette\n|-singleturn|p2a: Floette|Protect\n|move|p2b: Aerodactyl|Tailwind|p2b: Aerodactyl\n|-sidestart|p2: MefShowdown0|move: Tailwind\n|move|p1a: Starmie|Liquidation|p2a: Floette\n|-activate|p2a: Floette|move: Protect\n|move|p1b: Milotic|Weather Ball|p2b: Aerodactyl\n|-supereffective|p2b: Aerodactyl|1\n|-enditem|p2b: Aerodactyl|Focus Sash\n|-damage|p2b: Aerodactyl|1/100\n|\n|-weather|RainDance|[upkeep]\n|-heal|p1b: Milotic|66/100|[from] item: Leftovers\n|upkeep\n|turn|4\n|\n|t:|1776194692\n|move|p1a: Starmie|Protect|p1a: Starmie\n|-singleturn|p1a: Starmie|Protect\n|move|p2b: Aerodactyl|Rock Slide|p1b: Milotic|[spread] p1b\n|-activate|p1a: Starmie|move: Protect\n|-damage|p1b: Milotic|41/100\n|move|p2a: Floette|Dazzling Gleam|p1b: Milotic|[spread] p1b\n|-activate|p1a: Starmie|move: Protect\n|-damage|p1b: Milotic|0 fnt\n|faint|p1b: Milotic\n|\n|-weather|RainDance|[upkeep]\n|upkeep\n|\n|t:|1776194716\n|switch|p1b: Sinistcha|Sinistcha, L50|100/100\n|turn|5\n|\n|t:|1776194725\n|move|p1a: Starmie|Aqua Jet|p2b: Aerodactyl\n|-supereffective|p2b: Aerodactyl|1\n|-damage|p2b: Aerodactyl|0 fnt\n|faint|p2b: Aerodactyl\n|move|p2a: Floette|Dazzling Gleam|p1b: Sinistcha|[spread] p1a,p1b\n|-damage|p1a: Starmie|13/100\n|-damage|p1b: Sinistcha|3/100\n|-enditem|p1b: Sinistcha|Sitrus Berry|[eat]\n|-heal|p1b: Sinistcha|28/100|[from] item: Sitrus Berry\n|move|p1b: Sinistcha|Matcha Gotcha|p2a: Floette\n|-damage|p2a: Floette|72/100\n|-heal|p1b: Sinistcha|41/100|[from] drain|[of] p2a: Floette\n|-status|p2a: Floette|brn\n|\n|-weather|none\n|-damage|p2a: Floette|66/100 brn|[from] brn\n|upkeep\n|\n|t:|1776194733\n|switch|p2b: Sinistcha|Sinistcha, L50|100/100\n|-heal|p2a: Floette|91/100 brn|[from] ability: Hospitality|[of] p2b: Sinistcha\n|turn|6\n|\n|t:|1776194742\n|move|p1a: Starmie|Aqua Jet|p2a: Floette\n|-damage|p2a: Floette|47/100 brn\n|move|p2b: Sinistcha|Matcha Gotcha|p1a: Starmie|[spread] p1a,p1b\n|-supereffective|p1a: Starmie|1\n|-resisted|p1b: Sinistcha|1\n|-damage|p1a: Starmie|0 fnt\n|-damage|p1b: Sinistcha|25/100\n|faint|p1a: Starmie\n|move|p2a: Floette|Dazzling Gleam|p1b: Sinistcha\n|-damage|p1b: Sinistcha|0 fnt\n|faint|p1b: Sinistcha\n|\n|win|MefShowdown0\n|raw|Saco04's rating: 1163 &rarr; <strong>1144</strong><br />(-19 for losing)\n|raw|MefShowdown0's rating: 1241 &rarr; <strong>1260</strong><br />(+19 for winning)\n",
  "uploadtime": 1776194743,
  "views": 14,
  "formatid": "gen9championsvgc2026regma",
  "rating": 1144,
  "private": 0,
  "password": null
}