{
  "id": "gen9championsvgc2026regma-2583069365",
  "format": "[Gen 9 Champions] VGC 2026 Reg M-A",
  "players": [
    "NantieVGC",
    "fayetssf"
  ],
  "log": "|j|\u2606NantieVGC\n|j|\u2606fayetssf\n|t:|1776138614\n|gametype|doubles\n|player|p1|NantieVGC|169|1178\n|player|p2|fayetssf|miku-ghost|1267\n|gen|9\n|tier|[Gen 9 Champions] VGC 2026 Reg M-A\n|rated|\n|rule|Species Clause: Limit one of each Pok\u00e9mon\n|rule|Item Clause: Limit 1 of each item\n|clearpoke\n|poke|p1|Blastoise, L50, M|\n|poke|p1|Aerodactyl, L50, F|\n|poke|p1|Incineroar, L50, F|\n|poke|p1|Aegislash, L50, F|\n|poke|p1|Tsareena, L50, F|\n|poke|p1|Talonflame, L50, F|\n|poke|p2|Clefable, L50, F|\n|poke|p2|Kingambit, L50, F|\n|poke|p2|Basculegion, L50, M|\n|poke|p2|Farigiraf, L50, F|\n|poke|p2|Sneasler, L50, M|\n|poke|p2|Delphox, L50, M|\n|teampreview|4\n|inactive|Battle timer is ON: inactive players will automatically lose when time's up. (requested by fayetssf)\nNantieVGC has agreed to open team sheets.\n|j| DozenSBU1\nfayetssf has agreed to open team sheets.\n|showteam|p1|Blastoise||Blastoisinite|Torrent|WaterSpout,WeatherBall,Protect,FakeOut|||M|||50|]Aerodactyl||MentalHerb|Unnerve|WideGuard,Tailwind,RockSlide,Protect|||F|||50|]Incineroar||SitrusBerry|Intimidate|PartingShot,FakeOut,FlareBlitz,ThroatChop|||F|||50|]Aegislash||SpellTag|StanceChange|KingsShield,ShadowBall,FlashCannon,SacredSword|||F|||50|]Tsareena||MiracleSeed|QueenlyMajesty|TropKick,KnockOff,Taunt,Protect|||F|||50|]Talonflame|||GaleWings|Protect,Tailwind,Acrobatics,FlareBlitz|||F|||50|\n|showteam|p2|Clefable||Clefablite|Unaware|Moonblast,AirSlash,FollowMe,Protect|||F|||50|]Kingambit||BlackGlasses|Defiant|KowtowCleave,SuckerPunch,SwordsDance,Protect|||F|||50|]Basculegion||ChoiceScarf|Adaptability|WaveCrash,FlipTurn,AquaJet,LastRespects|||M|||50|]Farigiraf||ColburBerry|ArmorTail|Psychic,TrickRoom,HelpingHand,Protect|||F|||50|]Sneasler||FocusSash|Unburden|CloseCombat,DireClaw,FakeOut,Protect|||M|||50|]Delphox||Delphoxite|Blaze|HeatWave,Psyshock,NastyPlot,Protect|||M|||50|\n|inactive|NantieVGC has 60 seconds left.\n|inactive|fayetssf has 60 seconds left.\n|\n|t:|1776138671\n|teamsize|p1|4\n|teamsize|p2|4\n|start\n|switch|p1a: Aegislash|Aegislash, L50, F|100/100\n|switch|p1b: Tsareena|Tsareena, L50, F|100/100\n|switch|p2a: Farigiraf|Farigiraf, L50, F|100/100\n|switch|p2b: Basculegion|Basculegion, L50, M|100/100\n|turn|1\n|inactive|NantieVGC has 30 seconds left.\n|inactive|NantieVGC has 20 seconds left.\n|inactive|NantieVGC has 15 seconds left.\n|\n|t:|1776138712\n|switch|p2b: Clefable|Clefable, L50, F|100/100\n|move|p1b: Tsareena|Taunt|p2a: Farigiraf\n|-start|p2a: Farigiraf|move: Taunt\n|-formechange|p1a: Aegislash|Aegislash-Blade|\n|move|p1a: Aegislash|Shadow Ball|p2b: Clefable\n|-damage|p2b: Clefable|55/100\n|cant|p2a: Farigiraf|move: Taunt|Trick Room\n|\n|upkeep\n|turn|2\n|\n|t:|1776138729\n|switch|p2b: Kingambit|Kingambit, L50, F|100/100\n|move|p1b: Tsareena|Knock Off|p2a: Farigiraf\n|-supereffective|p2a: Farigiraf|1\n|-enditem|p2a: Farigiraf|Colbur Berry|[eat]\n|-enditem|p2a: Farigiraf|Colbur Berry|[weaken]\n|-damage|p2a: Farigiraf|73/100\n|move|p1a: Aegislash|Flash Cannon|p2b: Kingambit\n|-resisted|p2b: Kingambit|1\n|-damage|p2b: Kingambit|80/100\n|-unboost|p2b: Kingambit|spd|1\n|-ability|p2b: Kingambit|Defiant|boost\n|-boost|p2b: Kingambit|atk|2\n|move|p2a: Farigiraf|Psychic|p1a: Aegislash\n|-resisted|p1a: Aegislash|1\n|-damage|p1a: Aegislash|58/100\n|\n|upkeep\n|turn|3\n|\n|t:|1776138751\n|switch|p2b: Basculegion|Basculegion, L50, M|100/100\n|move|p1b: Tsareena|Taunt|p2b: Basculegion\n|-start|p2b: Basculegion|move: Taunt\n|move|p1a: Aegislash|Sacred Sword|p2b: Basculegion\n|-immune|p2b: Basculegion\n|move|p2a: Farigiraf|Psychic|p1a: Aegislash\n|-resisted|p1a: Aegislash|1\n|-damage|p1a: Aegislash|19/100\n|\n|-end|p2a: Farigiraf|move: Taunt\n|upkeep\n|turn|4\n|\n|t:|1776138766\n|-formechange|p1a: Aegislash|Aegislash|\n|move|p1a: Aegislash|King's Shield|p1a: Aegislash\n|-singleturn|p1a: Aegislash|Protect\n|move|p2b: Basculegion|Flip Turn|p1b: Tsareena\n|-resisted|p1b: Tsareena|1\n|-damage|p1b: Tsareena|79/100\n|\n|t:|1776138771\n|switch|p2b: Clefable|Clefable, L50, F|55/100|[from] Flip Turn\n|move|p1b: Tsareena|Taunt|p2a: Farigiraf\n|-start|p2a: Farigiraf|move: Taunt\n|move|p2a: Farigiraf|Psychic|p1b: Tsareena\n|-damage|p1b: Tsareena|39/100\n|\n|upkeep\n|turn|5\n|\n|t:|1776138782\n|detailschange|p2b: Clefable|Clefable-Mega, L50, F\n|-mega|p2b: Clefable|Clefable|Clefablite\n|move|p1b: Tsareena|Knock Off|p2a: Farigiraf\n|-supereffective|p2a: Farigiraf|1\n|-damage|p2a: Farigiraf|35/100\n|-formechange|p1a: Aegislash|Aegislash-Blade|\n|move|p1a: Aegislash|Sacred Sword|p2b: Clefable\n|-resisted|p2b: Clefable|2\n|-damage|p2b: Clefable|49/100\n|move|p2b: Clefable|Moonblast|p1a: Aegislash\n|-resisted|p1a: Aegislash|1\n|-damage|p1a: Aegislash|0 fnt\n|faint|p1a: Aegislash\n|move|p2a: Farigiraf|Psychic|p1b: Tsareena\n|-damage|p1b: Tsareena|0 fnt\n|faint|p1b: Tsareena\n|\n|upkeep\n|\n|t:|1776138796\n|switch|p1b: Blastoise|Blastoise, L50, M|100/100\n|switch|p1a: Aerodactyl|Aerodactyl, L50, F|100/100\n|-ability|p1a: Aerodactyl|Unnerve\n|turn|6\n|\n|t:|1776138804\n|switch|p2a: Basculegion|Basculegion, L50, M|100/100\n|detailschange|p1b: Blastoise|Blastoise-Mega, L50, M\n|-mega|p1b: Blastoise|Blastoise|Blastoisinite\n|move|p2b: Clefable|Protect|p2b: Clefable\n|-singleturn|p2b: Clefable|Protect\n|move|p1a: Aerodactyl|Tailwind|p1a: Aerodactyl\n|-sidestart|p1: NantieVGC|move: Tailwind\n|move|p1b: Blastoise|Water Spout|p2b: Clefable|[spread] p2a\n|-activate|p2b: Clefable|move: Protect\n|-resisted|p2a: Basculegion|1\n|-damage|p2a: Basculegion|64/100\n|\n|upkeep\n|turn|7\n|l| DozenSBU1\n|j| DozenSBU1\n|inactive|NantieVGC has 30 seconds left.\n|\n|t:|1776138829\n|switch|p2b: Farigiraf|Farigiraf, L50, F|35/100\n|move|p1b: Blastoise|Protect|p1b: Blastoise\n|-singleturn|p1b: Blastoise|Protect\n|move|p2a: Basculegion|Aqua Jet|p1a: Aerodactyl\n|-supereffective|p1a: Aerodactyl|1\n|-crit|p1a: Aerodactyl\n|-damage|p1a: Aerodactyl|0 fnt\n|faint|p1a: Aerodactyl\n|\n|upkeep\n|turn|8\n|inactive|NantieVGC has 30 seconds left.\n|inactive|fayetssf has 30 seconds left.\n|\n|t:|1776138864\n|switch|p2a: Kingambit|Kingambit, L50, F|80/100\n|move|p2b: Farigiraf|Protect|p2b: Farigiraf\n|-singleturn|p2b: Farigiraf|Protect\n|move|p1b: Blastoise|Water Spout|p2a: Kingambit|[spread] p2a\n|-activate|p2b: Farigiraf|move: Protect\n|-damage|p2a: Kingambit|18/100\n|\n|upkeep\n|turn|9\n|\n|t:|1776138879\n|move|p1b: Blastoise|Protect|p1b: Blastoise\n|-singleturn|p1b: Blastoise|Protect\n|move|p2a: Kingambit|Sucker Punch||[still]\n|-fail|p2a: Kingambit\n|move|p2b: Farigiraf|Trick Room|p2b: Farigiraf\n|-fieldstart|move: Trick Room|[of] p2b: Farigiraf\n|\n|-sideend|p1: NantieVGC|move: Tailwind\n|upkeep\n|turn|10\n|\n|t:|1776138890\n|move|p2b: Farigiraf|Helping Hand|p2a: Kingambit\n|-singleturn|p2a: Kingambit|Helping Hand|[of] p2b: Farigiraf\n|move|p2a: Kingambit|Kowtow Cleave|p1b: Blastoise\n|-damage|p1b: Blastoise|26/100\n|move|p1b: Blastoise|Water Spout|p2b: Farigiraf|[spread] p2a,p2b\n|-damage|p2a: Kingambit|1/100\n|-damage|p2b: Farigiraf|21/100\n|\n|upkeep\n|turn|11\n|-message|NantieVGC forfeited.\n|\n|win|fayetssf\n|raw|NantieVGC's rating: 1178 &rarr; <strong>1159</strong><br />(-19 for losing)\n|raw|fayetssf's rating: 1267 &rarr; <strong>1286</strong><br />(+19 for winning)\n|l|\u2606NantieVGC\n|player|p1|\n",
  "uploadtime": 1776138909,
  "views": 15,
  "formatid": "gen9championsvgc2026regma",
  "rating": 1159,
  "private": 0,
  "password": null
}