{
  "id": "gen9championsvgc2026regma-2581488300",
  "format": "[Gen 9 Champions] VGC 2026 Reg M-A",
  "players": [
    "CappyCappy",
    "DrakeLong"
  ],
  "log": "|j|\u2606CappyCappy\n|j|\u2606DrakeLong\n|t:|1776005097\n|gametype|doubles\n|player|p1|CappyCappy|miku-fairy|1113\n|player|p2|DrakeLong|169|1187\n|gen|9\n|tier|[Gen 9 Champions] VGC 2026 Reg M-A\n|rated|\n|rule|Species Clause: Limit one of each Pok\u00e9mon\n|rule|Item Clause: Limit 1 of each item\n|clearpoke\n|poke|p1|Froslass, L50, F|\n|poke|p1|Gardevoir, L50, F|\n|poke|p1|Sneasler, L50, F|\n|poke|p1|Incineroar, L50, F|\n|poke|p1|Sinistcha, L50|\n|poke|p1|Kingambit, L50, M|\n|poke|p2|Meowscarada, L50, F|\n|poke|p2|Kingambit, L50, F|\n|poke|p2|Milotic, L50, M|\n|poke|p2|Arcanine-Hisui, L50, F|\n|poke|p2|Lucario, L50, M|\n|poke|p2|Froslass, L50, F|\n|teampreview|4\nCappyCappy has agreed to open team sheets.\n|inactive|Battle timer is ON: inactive players will automatically lose when time's up. (requested by CappyCappy)\n|inactive|CappyCappy has 60 seconds left.\n|inactive|DrakeLong has 60 seconds left.\n|c|\u2606CappyCappy|GLHF\n|c|\u2606CappyCappy|Have you tried mega luc? How is it\n|inactive|DrakeLong has 30 seconds left.\n|inactive|DrakeLong has 20 seconds left.\n|inactive|DrakeLong has 15 seconds left.\n|inactive|DrakeLong has 10 seconds left.\n|\n|t:|1776005193\n|teamsize|p1|4\n|teamsize|p2|4\n|start\n|switch|p1a: Sneasler|Sneasler, L50, F|100/100\n|switch|p1b: Incineroar|Incineroar, L50, F|100/100\n|switch|p2a: Milotic|Milotic, L50, M, shiny|100/100\n|switch|p2b: Froslass|Froslass, L50, F|100/100\n|-ability|p1b: Incineroar|Intimidate|boost\n|-unboost|p2a: Milotic|atk|1\n|-ability|p2a: Milotic|Competitive|boost\n|-boost|p2a: Milotic|spa|2\n|-unboost|p2b: Froslass|atk|1\n|turn|1\n|inactive|CappyCappy has 30 seconds left.\n|inactive|DrakeLong has 30 seconds left.\n|inactive|DrakeLong has 20 seconds left.\n|inactive|CappyCappy has 20 seconds left.\n|inactive|DrakeLong has 15 seconds left.\n|inactive|CappyCappy has 15 seconds left.\n|\n|t:|1776005242\n|detailschange|p2b: Froslass|Froslass-Mega, L50, F\n|-mega|p2b: Froslass|Froslass|Froslassite\n|-weather|Snowscape|[from] ability: Snow Warning|[of] p2b: Froslass\n|move|p1b: Incineroar|Fake Out|p2a: Milotic\n|-damage|p2a: Milotic|88/100\n|move|p2b: Froslass|Aurora Veil|p2b: Froslass\n|-sidestart|p2: DrakeLong|move: Aurora Veil\n|move|p1a: Sneasler|Dire Claw|p2a: Milotic\n|-damage|p2a: Milotic|61/100\n|cant|p2a: Milotic|flinch\n|\n|-weather|Snowscape|[upkeep]\n|-heal|p2a: Milotic|67/100|[from] item: Leftovers\n|upkeep\n|turn|2\n|\n|t:|1776005264\n|move|p2b: Froslass|Blizzard|p1a: Sneasler|[spread] p1a,p1b\n|-resisted|p1b: Incineroar|1\n|-damage|p1a: Sneasler|37/100\n|-damage|p1b: Incineroar|79/100\n|move|p1a: Sneasler|Dire Claw|p2a: Milotic\n|-damage|p2a: Milotic|39/100\n|-status|p2a: Milotic|slp\n|cant|p2a: Milotic|slp\n|move|p1b: Incineroar|Flare Blitz|p2b: Froslass\n|-supereffective|p2b: Froslass|1\n|-damage|p2b: Froslass|13/100\n|-damage|p1b: Incineroar|58/100|[from] Recoil\n|\n|-weather|Snowscape|[upkeep]\n|-heal|p2a: Milotic|45/100 slp|[from] item: Leftovers\n|upkeep\n|turn|3\n|inactive|DrakeLong has 30 seconds left.\n|\n|t:|1776005292\n|move|p1a: Sneasler|Protect|p1a: Sneasler\n|-singleturn|p1a: Sneasler|Protect\n|move|p2b: Froslass|Blizzard|p1b: Incineroar|[spread] p1b\n|-activate|p1a: Sneasler|move: Protect\n|-resisted|p1b: Incineroar|1\n|-damage|p1b: Incineroar|35/100\n|-enditem|p1b: Incineroar|Sitrus Berry|[eat]\n|-heal|p1b: Incineroar|59/100|[from] item: Sitrus Berry\n|cant|p2a: Milotic|slp\n|move|p1b: Incineroar|Flare Blitz|p2b: Froslass\n|-supereffective|p2b: Froslass|1\n|-damage|p2b: Froslass|0 fnt\n|faint|p2b: Froslass\n|-damage|p1b: Incineroar|56/100|[from] Recoil\n|\n|-weather|Snowscape|[upkeep]\n|-heal|p2a: Milotic|50/100 slp|[from] item: Leftovers\n|upkeep\n|inactive|DrakeLong has 30 seconds left.\n|\n|t:|1776005326\n|switch|p2b: Arcanine|Arcanine-Hisui, L50, F|100/100\n|-ability|p2b: Arcanine|Intimidate|boost\n|-unboost|p1a: Sneasler|atk|1\n|-unboost|p1b: Incineroar|atk|1\n|-enditem|p1a: Sneasler|White Herb\n|-clearnegativeboost|p1a: Sneasler|[silent]\n|turn|4\n|inactive|DrakeLong has 30 seconds left.\n|inactive|CappyCappy has 30 seconds left.\n|\n|t:|1776005371\n|move|p2b: Arcanine|Protect|p2b: Arcanine\n|-singleturn|p2b: Arcanine|Protect\n|move|p1a: Sneasler|Close Combat|p2b: Arcanine\n|-activate|p2b: Arcanine|move: Protect\n|-curestatus|p2a: Milotic|slp|[msg]\n|move|p2a: Milotic|Scald|p1b: Incineroar\n|-supereffective|p1b: Incineroar|1\n|-damage|p1b: Incineroar|0 fnt\n|faint|p1b: Incineroar\n|\n|-weather|Snowscape|[upkeep]\n|-heal|p2a: Milotic|56/100|[from] item: Leftovers\n|upkeep\n|\n|t:|1776005386\n|switch|p1b: Gardevoir|Gardevoir, L50, F, shiny|100/100\n|turn|5\n|inactive|CappyCappy has 30 seconds left.\n|inactive|DrakeLong has 30 seconds left.\n|\n|t:|1776005420\n|switch|p2b: Kingambit|Kingambit, L50, F|100/100\n|detailschange|p1b: Gardevoir|Gardevoir-Mega, L50, F, shiny\n|-mega|p1b: Gardevoir|Gardevoir|Gardevoirite\n|move|p1a: Sneasler|Close Combat|p2b: Kingambit\n|-supereffective|p2b: Kingambit|2\n|-damage|p2b: Kingambit|0 fnt\n|-unboost|p1a: Sneasler|def|1\n|-unboost|p1a: Sneasler|spd|1\n|faint|p2b: Kingambit\n|move|p1b: Gardevoir|Moonblast|p2a: Milotic\n|-damage|p2a: Milotic|23/100\n|move|p2a: Milotic|Scald|p1a: Sneasler\n|-damage|p1a: Sneasler|0 fnt\n|faint|p1a: Sneasler\n|\n|-weather|none\n|-heal|p2a: Milotic|29/100|[from] item: Leftovers\n|-sideend|p2: DrakeLong|move: Aurora Veil\n|upkeep\n|\n|t:|1776005436\n|switch|p1a: Sinistcha|Sinistcha, L50|100/100\n|switch|p2b: Arcanine|Arcanine-Hisui, L50, F|100/100\n|-ability|p2b: Arcanine|Intimidate|boost\n|-unboost|p1a: Sinistcha|atk|1\n|-unboost|p1b: Gardevoir|atk|1\n|turn|6\n|inactive|DrakeLong has 30 seconds left.\n|inactive|DrakeLong has 20 seconds left.\n|\n|t:|1776005473\n|move|p2a: Milotic|Helping Hand|p2b: Arcanine\n|-singleturn|p2b: Arcanine|Helping Hand|[of] p2a: Milotic\n|move|p1a: Sinistcha|Rage Powder|p1a: Sinistcha\n|-singleturn|p1a: Sinistcha|move: Rage Powder\n|move|p1b: Gardevoir|Psyshock|p2b: Arcanine\n|-damage|p2b: Arcanine|30/100\n|-enditem|p2b: Arcanine|Sitrus Berry|[eat]\n|-heal|p2b: Arcanine|55/100|[from] item: Sitrus Berry\n|move|p2b: Arcanine|Flare Blitz|p1a: Sinistcha\n|-supereffective|p1a: Sinistcha|1\n|-damage|p1a: Sinistcha|0 fnt\n|faint|p1a: Sinistcha\n|-damage|p2b: Arcanine|21/100|[from] Recoil\n|\n|-heal|p2a: Milotic|35/100|[from] item: Leftovers\n|upkeep\n|turn|7\n|inactive|CappyCappy has 30 seconds left.\n|inactive|DrakeLong has 30 seconds left.\n|\n|t:|1776005506\n|move|p1b: Gardevoir|Hyper Voice|p2a: Milotic|[spread] p2a,p2b\n|-resisted|p2b: Arcanine|1\n|-damage|p2a: Milotic|0 fnt\n|-damage|p2b: Arcanine|0 fnt\n|faint|p2a: Milotic\n|faint|p2b: Arcanine\n|\n|win|CappyCappy\n|raw|CappyCappy's rating: 1113 &rarr; <strong>1143</strong><br />(+30 for winning)\n|raw|DrakeLong's rating: 1187 &rarr; <strong>1157</strong><br />(-30 for losing)\n",
  "uploadtime": 1776005506,
  "views": 16,
  "formatid": "gen9championsvgc2026regma",
  "rating": 1143,
  "private": 0,
  "password": null
}