{
  "id": "gen9championsvgc2026regma-2585278569",
  "format": "[Gen 9 Champions] VGC 2026 Reg M-A",
  "players": [
    "RazzvyBerry",
    "stinkyclover"
  ],
  "log": "|j|\u2606RazzvyBerry\n|j|\u2606stinkyclover\n|t:|1776333083\n|gametype|doubles\n|player|p1|RazzvyBerry|harlequin|1153\n|player|p2|stinkyclover|265|1108\n|gen|9\n|tier|[Gen 9 Champions] VGC 2026 Reg M-A\n|rated|\n|rule|Species Clause: Limit one of each Pok\u00e9mon\n|rule|Item Clause: Limit 1 of each item\n|clearpoke\n|poke|p1|Mimikyu, L50, M|\n|poke|p1|Crabominable, L50, F|\n|poke|p1|Gengar, L50, F|\n|poke|p1|Ninetales-Alola, L50, F|\n|poke|p1|Aerodactyl, L50, F|\n|poke|p1|Incineroar, L50, M|\n|poke|p2|Meganium, L50, M|\n|poke|p2|Aerodactyl, L50, M|\n|poke|p2|Tauros-Paldea-Aqua, L50, M|\n|poke|p2|Archaludon, L50, M|\n|poke|p2|Kangaskhan, L50, F|\n|poke|p2|Typhlosion-Hisui, L50, M|\n|teampreview|4\n|inactive|Battle timer is ON: inactive players will automatically lose when time's up. (requested by stinkyclover)\n|inactive|RazzvyBerry has 60 seconds left.\n|inactive|stinkyclover has 60 seconds left.\n|\n|t:|1776333127\n|teamsize|p1|4\n|teamsize|p2|4\n|start\n|switch|p1a: Mimikyu|Mimikyu, L50, M|100/100\n|switch|p1b: Crabominable|Crabominable, L50, F|100/100\n|switch|p2a: Aerodactyl|Aerodactyl, L50, M|100/100\n|switch|p2b: Archaludon|Archaludon, L50, M|100/100\n|-ability|p2a: Aerodactyl|Unnerve\n|turn|1\n|\n|t:|1776333151\n|move|p1b: Crabominable|Protect|p1b: Crabominable\n|-singleturn|p1b: Crabominable|Protect\n|move|p2a: Aerodactyl|Tailwind|p2a: Aerodactyl\n|-sidestart|p2: stinkyclover|move: Tailwind\n|move|p2b: Archaludon|Flash Cannon|p1a: Mimikyu\n|-activate|p1a: Mimikyu|ability: Disguise\n|-damage|p1a: Mimikyu|100/100\n|detailschange|p1a: Mimikyu|Mimikyu-Busted, L50, M\n|-damage|p1a: Mimikyu|88/100|[from] pokemon: Mimikyu-Busted\n|move|p1a: Mimikyu|Trick Room|p1a: Mimikyu\n|-fieldstart|move: Trick Room|[of] p1a: Mimikyu\n|\n|upkeep\n|turn|2\n|inactive|RazzvyBerry has 30 seconds left.\n|inactive|stinkyclover has 30 seconds left.\n|inactive|RazzvyBerry has 20 seconds left.\n|inactive|RazzvyBerry has 15 seconds left.\n|inactive|RazzvyBerry has 10 seconds left.\n|inactive|RazzvyBerry has 5 seconds left.\n|\n|t:|1776333204\n|switch|p2b: Typhlosion|Typhlosion-Hisui, L50, M|100/100\n|-item|p1a: Mimikyu|Mental Herb|[from] ability: Frisk|[of] p2b: Typhlosion\n|-item|p1b: Crabominable|Crabominite|[from] ability: Frisk|[of] p2b: Typhlosion\n|detailschange|p1b: Crabominable|Crabominable-Mega, L50, F\n|-mega|p1b: Crabominable|Crabominable|Crabominite\n|move|p1b: Crabominable|Drain Punch|p2b: Typhlosion\n|-immune|p2b: Typhlosion\n|move|p1a: Mimikyu|Will-O-Wisp|p2a: Aerodactyl\n|-status|p2a: Aerodactyl|brn\n|move|p2a: Aerodactyl|Dual Wingbeat|p1b: Crabominable\n|-supereffective|p1b: Crabominable|1\n|-damage|p1b: Crabominable|86/100\n|-supereffective|p1b: Crabominable|1\n|-damage|p1b: Crabominable|70/100\n|-hitcount|p1b: Crabominable|2\n|\n|-damage|p2a: Aerodactyl|95/100 brn|[from] brn\n|upkeep\n|turn|3\n|inactive|stinkyclover has 30 seconds left.\n|\n|t:|1776333232\n|move|p1a: Mimikyu|Shadow Sneak|p2b: Typhlosion\n|-supereffective|p2b: Typhlosion|1\n|-crit|p2b: Typhlosion\n|-damage|p2b: Typhlosion|43/100\n|move|p1b: Crabominable|Ice Hammer|p2b: Typhlosion\n|-resisted|p2b: Typhlosion|1\n|-damage|p2b: Typhlosion|0 fnt\n|-unboost|p1b: Crabominable|spe|1\n|faint|p2b: Typhlosion\n|move|p2a: Aerodactyl|Dual Wingbeat|p1b: Crabominable\n|-supereffective|p1b: Crabominable|1\n|-damage|p1b: Crabominable|53/100\n|-supereffective|p1b: Crabominable|1\n|-damage|p1b: Crabominable|39/100\n|-hitcount|p1b: Crabominable|2\n|\n|-damage|p2a: Aerodactyl|89/100 brn|[from] brn\n|upkeep\n|\n|t:|1776333246\n|switch|p2b: Kangaskhan|Kangaskhan, L50, F|100/100\n|turn|4\n|\n|t:|1776333259\n|switch|p1a: Ninetales|Ninetales-Alola, L50, F|100/100\n|-weather|Snowscape|[from] ability: Snow Warning|[of] p1a: Ninetales\n|detailschange|p2b: Kangaskhan|Kangaskhan-Mega, L50, F\n|-mega|p2b: Kangaskhan|Kangaskhan|Kangaskhanite\n|move|p1b: Crabominable|Protect|p1b: Crabominable\n|-singleturn|p1b: Crabominable|Protect\n|move|p2b: Kangaskhan|Sucker Punch||[still]\n|-fail|p2b: Kangaskhan\n|move|p2a: Aerodactyl|Dual Wingbeat|p1b: Crabominable\n|-activate|p1b: Crabominable|move: Protect\n|\n|-weather|Snowscape|[upkeep]\n|-damage|p2a: Aerodactyl|83/100 brn|[from] brn\n|-sideend|p2: stinkyclover|move: Tailwind\n|upkeep\n|turn|5\n|inactive|RazzvyBerry has 30 seconds left.\n|\n|t:|1776333293\n|move|p1b: Crabominable|Drain Punch|p2b: Kangaskhan\n|-supereffective|p2b: Kangaskhan|1\n|-damage|p2b: Kangaskhan|0 fnt\n|-heal|p1b: Crabominable|87/100|[from] drain|[of] p2b: Kangaskhan\n|faint|p2b: Kangaskhan\n|move|p1a: Ninetales|Blizzard|p2a: Aerodactyl\n|-supereffective|p2a: Aerodactyl|1\n|-damage|p2a: Aerodactyl|0 fnt\n|faint|p2a: Aerodactyl\n|\n|-weather|Snowscape|[upkeep]\n|-fieldend|move: Trick Room\n|upkeep\n|\n|t:|1776333306\n|switch|p2b: Archaludon|Archaludon, L50, M|100/100\n|turn|6\n|\n|t:|1776333318\n|move|p1a: Ninetales|Aurora Veil|p1a: Ninetales\n|-sidestart|p1: RazzvyBerry|move: Aurora Veil\n|move|p2b: Archaludon|Steel Beam|p1b: Crabominable\n|-supereffective|p1b: Crabominable|1\n|-damage|p1b: Crabominable|24/100\n|-damage|p2b: Archaludon|50/100|[from] steelbeam\n|move|p1b: Crabominable|Drain Punch|p2b: Archaludon\n|-supereffective|p2b: Archaludon|1\n|-damage|p2b: Archaludon|0 fnt\n|-heal|p1b: Crabominable|47/100|[from] drain|[of] p2b: Archaludon\n|faint|p2b: Archaludon\n|\n|win|RazzvyBerry\n|raw|RazzvyBerry's rating: 1153 &rarr; <strong>1175</strong><br />(+22 for winning)\n|raw|stinkyclover's rating: 1108 &rarr; <strong>1086</strong><br />(-22 for losing)\n|l|\u2606stinkyclover\n|player|p2|\n",
  "uploadtime": 1776333346,
  "views": 24,
  "formatid": "gen9championsvgc2026regma",
  "rating": 1086,
  "private": 0,
  "password": null
}