{
  "id": "gen9championsvgc2026regma-2581484414",
  "format": "[Gen 9 Champions] VGC 2026 Reg M-A",
  "players": [
    "draghen",
    "CoffeeMoffee"
  ],
  "log": "|j|\u2606draghen\n|j|\u2606CoffeeMoffee\n|t:|1776004765\n|gametype|doubles\n|player|p1|draghen|169|1045\n|player|p2|CoffeeMoffee|scientist|1099\n|gen|9\n|tier|[Gen 9 Champions] VGC 2026 Reg M-A\n|rated|\n|rule|Species Clause: Limit one of each Pok\u00e9mon\n|rule|Item Clause: Limit 1 of each item\n|clearpoke\n|poke|p1|Charizard, L50, F|\n|poke|p1|Milotic, L50, M|\n|poke|p1|Tyranitar, L50, M|\n|poke|p1|Gengar, L50, M|\n|poke|p1|Incineroar, L50, F|\n|poke|p1|Corviknight, L50, F|\n|poke|p2|Crabominable, L50, F|\n|poke|p2|Camerupt, L50, F|\n|poke|p2|Kingambit, L50, F|\n|poke|p2|Incineroar, L50, F|\n|poke|p2|Farigiraf, L50, F|\n|poke|p2|Sinistcha, L50|\n|teampreview|4\n|inactive|Battle timer is ON: inactive players will automatically lose when time's up. (requested by CoffeeMoffee)\n|inactive|draghen has 60 seconds left.\n|inactive|CoffeeMoffee has 60 seconds left.\n|\n|t:|1776004814\n|teamsize|p1|4\n|teamsize|p2|4\n|start\n|switch|p1a: Milotic|Milotic, L50, M|100/100\n|switch|p1b: Charizard|Charizard, L50, F|100/100\n|switch|p2a: Incineroar|Incineroar, L50, F, shiny|100/100\n|switch|p2b: Farigiraf|Farigiraf, L50, F, shiny|100/100\n|-ability|p2a: Incineroar|Intimidate|boost\n|-unboost|p1a: Milotic|atk|1\n|-ability|p1a: Milotic|Competitive|boost\n|-boost|p1a: Milotic|spa|2\n|-unboost|p1b: Charizard|atk|1\n|turn|1\n|inactive|draghen has 30 seconds left.\n|inactive|CoffeeMoffee has 30 seconds left.\n|inactive|CoffeeMoffee has 20 seconds left.\n|\n|t:|1776004854\n|switch|p1b: Incineroar|Incineroar, L50, F|100/100\n|move|p2a: Incineroar|Fake Out|p1b: Incineroar\n|-damage|p1b: Incineroar|89/100\n|move|p1a: Milotic|Scald|p2b: Farigiraf\n|-damage|p2b: Farigiraf|28/100\n|-enditem|p2b: Farigiraf|Sitrus Berry|[eat]\n|-heal|p2b: Farigiraf|52/100|[from] item: Sitrus Berry\n|move|p2b: Farigiraf|Trick Room|p2b: Farigiraf\n|-fieldstart|move: Trick Room|[of] p2b: Farigiraf\n|\n|upkeep\n|turn|2\n|inactive|draghen has 30 seconds left.\n|inactive|CoffeeMoffee has 30 seconds left.\n|inactive|CoffeeMoffee has 20 seconds left.\n|\n|t:|1776004890\n|switch|p1b: Tyranitar|Tyranitar, L50, M|100/100\n|-weather|Sandstorm|[from] ability: Sand Stream|[of] p1b: Tyranitar\n|move|p2a: Incineroar|Helping Hand|p2b: Farigiraf\n|-singleturn|p2b: Farigiraf|Helping Hand|[of] p2a: Incineroar\n|move|p2b: Farigiraf|Psychic|p1a: Milotic\n|-damage|p1a: Milotic|48/100\n|move|p1a: Milotic|Scald|p2b: Farigiraf\n|-damage|p2b: Farigiraf|0 fnt\n|faint|p2b: Farigiraf\n|\n|-weather|Sandstorm|[upkeep]\n|-damage|p2a: Incineroar|95/100|[from] Sandstorm\n|-damage|p1a: Milotic|42/100|[from] Sandstorm\n|-heal|p1a: Milotic|48/100|[from] item: Leftovers\n|upkeep\n|\n|t:|1776004905\n|switch|p2b: Sinistcha|Sinistcha, L50, shiny|100/100\n|-heal|p2a: Incineroar|100/100|[from] ability: Hospitality|[of] p2b: Sinistcha\n|turn|3\n|\n|t:|1776004913\n|move|p2a: Incineroar|Helping Hand|p2b: Sinistcha\n|-singleturn|p2b: Sinistcha|Helping Hand|[of] p2a: Incineroar\n|move|p1a: Milotic|Protect|p1a: Milotic\n|-singleturn|p1a: Milotic|Protect\n|move|p2b: Sinistcha|Matcha Gotcha|p1a: Milotic|[spread] p1b\n|-activate|p1a: Milotic|move: Protect\n|-supereffective|p1b: Tyranitar|1\n|-damage|p1b: Tyranitar|52/100\n|move|p1b: Tyranitar|Rock Slide|p2b: Sinistcha|[spread] p2a,p2b\n|-supereffective|p2a: Incineroar|1\n|-damage|p2a: Incineroar|46/100\n|-damage|p2b: Sinistcha|72/100\n|\n|-weather|Sandstorm|[upkeep]\n|-damage|p2a: Incineroar|40/100|[from] Sandstorm\n|-damage|p2b: Sinistcha|66/100|[from] Sandstorm\n|-damage|p1a: Milotic|42/100|[from] Sandstorm\n|-heal|p1a: Milotic|48/100|[from] item: Leftovers\n|upkeep\n|turn|4\n|inactive|draghen has 30 seconds left.\n|\n|t:|1776004939\n|switch|p1a: Incineroar|Incineroar, L50, F|89/100\n|move|p2a: Incineroar|Helping Hand|p2b: Sinistcha\n|-singleturn|p2b: Sinistcha|Helping Hand|[of] p2a: Incineroar\n|move|p2b: Sinistcha|Matcha Gotcha|p1b: Tyranitar|[spread] p1a,p1b\n|-resisted|p1a: Incineroar|1\n|-supereffective|p1b: Tyranitar|1\n|-crit|p1b: Tyranitar\n|-damage|p1a: Incineroar|73/100\n|-heal|p2b: Sinistcha|75/100|[from] drain|[of] p1a: Incineroar\n|-damage|p1b: Tyranitar|0 fnt\n|-heal|p2b: Sinistcha|100/100|[from] drain|[of] p1b: Tyranitar\n|faint|p1b: Tyranitar\n|\n|-weather|Sandstorm|[upkeep]\n|-damage|p2a: Incineroar|34/100|[from] Sandstorm\n|-damage|p2b: Sinistcha|94/100|[from] Sandstorm\n|-damage|p1a: Incineroar|67/100|[from] Sandstorm\n|upkeep\n|\n|t:|1776004956\n|switch|p1b: Charizard|Charizard, L50, F|100/100\n|turn|5\n|inactive|CoffeeMoffee has 30 seconds left.\n|\n|t:|1776004984\n|switch|p2b: Camerupt|Camerupt, L50, F, shiny|100/100\n|detailschange|p1b: Charizard|Charizard-Mega-X, L50, F\n|-mega|p1b: Charizard|Charizard|Charizardite X\n|move|p2a: Incineroar|Parting Shot|p1b: Charizard\n|-unboost|p1b: Charizard|atk|1\n|-unboost|p1b: Charizard|spa|1\n|\n|t:|1776004991\n|switch|p2a: Sinistcha|Sinistcha, L50, shiny|94/100|[from] Parting Shot\n|move|p1a: Incineroar|Flare Blitz|p2b: Camerupt\n|-resisted|p2b: Camerupt|1\n|-damage|p2b: Camerupt|63/100\n|-damage|p1a: Incineroar|56/100|[from] Recoil\n|move|p1b: Charizard|Dragon Dance|p1b: Charizard\n|-boost|p1b: Charizard|atk|1\n|-boost|p1b: Charizard|spe|1\n|\n|-weather|Sandstorm|[upkeep]\n|-damage|p2a: Sinistcha|88/100|[from] Sandstorm\n|-damage|p1a: Incineroar|50/100|[from] Sandstorm\n|-damage|p1b: Charizard|95/100|[from] Sandstorm\n|-enditem|p1a: Incineroar|Sitrus Berry|[eat]\n|-heal|p1a: Incineroar|75/100|[from] item: Sitrus Berry\n|-fieldend|move: Trick Room\n|upkeep\n|turn|6\n|inactive|draghen has 30 seconds left.\n|inactive|draghen has 20 seconds left.\n|\n|t:|1776005028\n|switch|p2b: Incineroar|Incineroar, L50, F, shiny|34/100\n|-ability|p2b: Incineroar|Intimidate|boost\n|-unboost|p1a: Incineroar|atk|1\n|-unboost|p1b: Charizard|atk|1\n|move|p1b: Charizard|Dragon Claw|p2b: Incineroar\n|-damage|p2b: Incineroar|2/100\n|move|p1a: Incineroar|Flare Blitz|p2a: Sinistcha\n|-supereffective|p2a: Sinistcha|1\n|-enditem|p2a: Sinistcha|Occa Berry|[eat]\n|-enditem|p2a: Sinistcha|Occa Berry|[weaken]\n|-damage|p2a: Sinistcha|57/100\n|-damage|p1a: Incineroar|66/100|[from] Recoil\n|move|p2a: Sinistcha|Trick Room|p2a: Sinistcha\n|-fieldstart|move: Trick Room|[of] p2a: Sinistcha\n|\n|-weather|none\n|upkeep\n|turn|7\n|inactive|draghen has 30 seconds left.\n|inactive|CoffeeMoffee has 30 seconds left.\n|inactive|draghen has 20 seconds left.\n|inactive|draghen has 15 seconds left.\n|\n|t:|1776005068\n|switch|p2b: Camerupt|Camerupt, L50, F, shiny|63/100\n|switch|p1b: Milotic|Milotic, L50, M|48/100\n|move|p2a: Sinistcha|Rage Powder|p2a: Sinistcha\n|-singleturn|p2a: Sinistcha|move: Rage Powder\n|move|p1a: Incineroar|Flare Blitz|p2a: Sinistcha\n|-supereffective|p2a: Sinistcha|1\n|-damage|p2a: Sinistcha|0 fnt\n|faint|p2a: Sinistcha\n|-damage|p1a: Incineroar|50/100|[from] Recoil\n|\n|-heal|p1b: Milotic|54/100|[from] item: Leftovers\n|upkeep\n|\n|t:|1776005078\n|switch|p2a: Incineroar|Incineroar, L50, F, shiny|2/100\n|-ability|p2a: Incineroar|Intimidate|boost\n|-unboost|p1a: Incineroar|atk|1\n|-unboost|p1b: Milotic|atk|1\n|-ability|p1b: Milotic|Competitive|boost\n|-boost|p1b: Milotic|spa|2\n|turn|8\n|\n|t:|1776005096\n|detailschange|p2b: Camerupt|Camerupt-Mega, L50, F, shiny\n|-mega|p2b: Camerupt|Camerupt|Cameruptite\n|move|p1b: Milotic|Protect|p1b: Milotic\n|-singleturn|p1b: Milotic|Protect\n|move|p2a: Incineroar|Fake Out|p1b: Milotic\n|-activate|p1b: Milotic|move: Protect\n|move|p2b: Camerupt|Earth Power|p1a: Incineroar\n|-supereffective|p1a: Incineroar|1\n|-damage|p1a: Incineroar|0 fnt\n|faint|p1a: Incineroar\n|\n|-heal|p1b: Milotic|60/100|[from] item: Leftovers\n|upkeep\n|\n|t:|1776005107\n|switch|p1a: Charizard|Charizard-Mega-X, L50, F|95/100\n|turn|9\n|inactive|CoffeeMoffee has 30 seconds left.\n|inactive|CoffeeMoffee has 20 seconds left.\n|\n|t:|1776005144\n|move|p2a: Incineroar|Helping Hand|p2b: Camerupt\n|-singleturn|p2b: Camerupt|Helping Hand|[of] p2a: Incineroar\n|move|p2b: Camerupt|Earth Power|p1b: Milotic\n|-damage|p1b: Milotic|0 fnt\n|faint|p1b: Milotic\n|move|p1a: Charizard|Dragon Claw|p2b: Camerupt\n|-damage|p2b: Camerupt|3/100\n|\n|upkeep\n|turn|10\n|\n|t:|1776005168\n|move|p2a: Incineroar|Helping Hand|p2b: Camerupt\n|-singleturn|p2b: Camerupt|Helping Hand|[of] p2a: Incineroar\n|move|p2b: Camerupt|Earth Power|p1a: Charizard\n|-supereffective|p1a: Charizard|1\n|-damage|p1a: Charizard|0 fnt\n|faint|p1a: Charizard\n|\n|win|CoffeeMoffee\n|raw|draghen's rating: 1045 &rarr; <strong>1031</strong><br />(-14 for losing)\n|raw|CoffeeMoffee's rating: 1099 &rarr; <strong>1120</strong><br />(+21 for winning)\n",
  "uploadtime": 1776005186,
  "views": 16,
  "formatid": "gen9championsvgc2026regma",
  "rating": 1031,
  "private": 0,
  "password": null
}