{
  "id": "gen9championsvgc2026regma-2581543927",
  "format": "[Gen 9 Champions] VGC 2026 Reg M-A",
  "players": [
    "chesgoat",
    "makoyouidiot"
  ],
  "log": "|j|\u2606chesgoat\n|j|\u2606makoyouidiot\n|t:|1776009694\n|gametype|doubles\n|player|p1|chesgoat|veteran|1184\n|player|p2|makoyouidiot|acetrainersnow|1151\n|gen|9\n|tier|[Gen 9 Champions] VGC 2026 Reg M-A\n|rated|\n|rule|Species Clause: Limit one of each Pok\u00e9mon\n|rule|Item Clause: Limit 1 of each item\n|clearpoke\n|poke|p1|Sneasler, L50, F|\n|poke|p1|Kingambit, L50, M|\n|poke|p1|Clefable, L50, M|\n|poke|p1|Delphox, L50, F|\n|poke|p1|Dragonite, L50, F|\n|poke|p1|Basculegion, L50, M|\n|poke|p2|Charizard, L50, M|\n|poke|p2|Aerodactyl, L50, F|\n|poke|p2|Serperior, L50, F|\n|poke|p2|Tyrantrum, L50, M|\n|poke|p2|Oranguru, L50, M|\n|poke|p2|Torkoal, L50, F|\n|teampreview|4\n|inactive|Battle timer is ON: inactive players will automatically lose when time's up. (requested by chesgoat)\n|\n|t:|1776009718\n|teamsize|p1|4\n|teamsize|p2|4\n|start\n|switch|p1a: Sneasler|Sneasler, L50, F|100/100\n|switch|p1b: Delphox|Delphox, L50, F|100/100\n|switch|p2a: Charizard|Charizard, L50, M|100/100\n|switch|p2b: Aerodactyl|Aerodactyl, L50, F|100/100\n|-ability|p2b: Aerodactyl|Unnerve\n|turn|1\n|\n|t:|1776009738\n|detailschange|p1b: Delphox|Delphox-Mega, L50, F\n|-mega|p1b: Delphox|Delphox|Delphoxite\n|move|p2a: Charizard|Protect|p2a: Charizard\n|-singleturn|p2a: Charizard|Protect\n|move|p1a: Sneasler|Fake Out|p2a: Charizard\n|-activate|p2a: Charizard|move: Protect\n|move|p1b: Delphox|Substitute|p1b: Delphox\n|-start|p1b: Delphox|Substitute\n|-damage|p1b: Delphox|75/100\n|move|p2b: Aerodactyl|Dual Wingbeat|p1a: Sneasler\n|-supereffective|p1a: Sneasler|1\n|-damage|p1a: Sneasler|42/100\n|-supereffective|p1a: Sneasler|1\n|-damage|p1a: Sneasler|0 fnt\n|faint|p1a: Sneasler\n|-hitcount|p1: Sneasler|2\n|\n|upkeep\n|inactive|chesgoat has 30 seconds left.\n|\n|t:|1776009765\n|switch|p1a: Dragonite|Dragonite, L50, F|100/100\n|turn|2\n|\n|t:|1776009776\n|switch|p2b: Tyrantrum|Tyrantrum, L50, M|100/100\n|move|p2a: Charizard|Protect||[still]\n|-fail|p2a: Charizard\n|move|p1b: Delphox|Heat Wave|p2b: Tyrantrum|[spread] p2a,p2b\n|-resisted|p2a: Charizard|1\n|-resisted|p2b: Tyrantrum|2\n|-damage|p2a: Charizard|71/100\n|-damage|p2b: Tyrantrum|87/100\n|move|p1a: Dragonite|Scale Shot|p2a: Charizard\n|-damage|p2a: Charizard|51/100\n|-damage|p2a: Charizard|31/100\n|-damage|p2a: Charizard|11/100\n|-hitcount|p2a: Charizard|3\n|-unboost|p1a: Dragonite|def|1\n|-boost|p1a: Dragonite|spe|1\n|\n|upkeep\n|turn|3\n|inactive|chesgoat has 30 seconds left.\n|\n|t:|1776009803\n|detailschange|p2a: Charizard|Charizard-Mega-Y, L50, M\n|-mega|p2a: Charizard|Charizard|Charizardite Y\n|-weather|SunnyDay|[from] ability: Drought|[of] p2a: Charizard\n|move|p2a: Charizard|Protect|p2a: Charizard\n|-singleturn|p2a: Charizard|Protect\n|move|p1a: Dragonite|Scale Shot|p2b: Tyrantrum|[miss]\n|-miss|p1a: Dragonite|p2b: Tyrantrum\n|move|p1b: Delphox|Psychic|p2a: Charizard\n|-activate|p2a: Charizard|move: Protect\n|move|p2b: Tyrantrum|Head Smash|p1a: Dragonite\n|-supereffective|p1a: Dragonite|1\n|-damage|p1a: Dragonite|0 fnt\n|faint|p1a: Dragonite\n|\n|-weather|SunnyDay|[upkeep]\n|upkeep\n|\n|t:|1776009820\n|switch|p1a: Basculegion|Basculegion, L50, M|100/100\n|turn|4\n|\n|t:|1776009833\n|move|p1a: Basculegion|Last Respects|p2a: Charizard\n|-damage|p2a: Charizard|0 fnt\n|faint|p2a: Charizard\n|move|p1b: Delphox|Psychic|p2b: Tyrantrum\n|-damage|p2b: Tyrantrum|15/100\n|move|p2b: Tyrantrum|Head Smash|p1b: Delphox\n|-supereffective|p1b: Delphox|1\n|-end|p1b: Delphox|Substitute\n|\n|-weather|SunnyDay|[upkeep]\n|upkeep\n|\n|t:|1776009846\n|switch|p2a: Aerodactyl|Aerodactyl, L50, F|100/100\n|-ability|p2a: Aerodactyl|Unnerve\n|turn|5\n|\n|t:|1776009855\n|move|p1a: Basculegion|Last Respects|p2a: Aerodactyl\n|-enditem|p2a: Aerodactyl|Focus Sash\n|-damage|p2a: Aerodactyl|1/100\n|move|p1b: Delphox|Psychic|p2b: Tyrantrum\n|-damage|p2b: Tyrantrum|0 fnt\n|faint|p2b: Tyrantrum\n|move|p2a: Aerodactyl|Tailwind|p2a: Aerodactyl\n|-sidestart|p2: makoyouidiot|move: Tailwind\n|\n|-weather|SunnyDay|[upkeep]\n|upkeep\n|\n|t:|1776009866\n|switch|p2b: Serperior|Serperior, L50, F|100/100\n|turn|6\n|\n|t:|1776009874\n|move|p2a: Aerodactyl|Rock Slide|p1b: Delphox|[spread] p1a,p1b\n|-supereffective|p1b: Delphox|1\n|-damage|p1a: Basculegion|69/100\n|-damage|p1b: Delphox|0 fnt\n|faint|p1b: Delphox\n|move|p2b: Serperior|Leaf Storm|p1a: Basculegion\n|-supereffective|p1a: Basculegion|1\n|-damage|p1a: Basculegion|0 fnt\n|-boost|p2b: Serperior|spa|2\n|faint|p1a: Basculegion\n|\n|win|makoyouidiot\n|raw|chesgoat's rating: 1184 &rarr; <strong>1157</strong><br />(-27 for losing)\n|raw|makoyouidiot's rating: 1151 &rarr; <strong>1178</strong><br />(+27 for winning)\n|l|\u2606chesgoat\n|player|p1|\n",
  "uploadtime": 1776009886,
  "views": 31,
  "formatid": "gen9championsvgc2026regma",
  "rating": 1157,
  "private": 0,
  "password": null
}