{
  "id": "gen9championsvgc2026regma-2581277923",
  "format": "[Gen 9 Champions] VGC 2026 Reg M-A",
  "players": [
    "GoodestGreavard",
    "Niko highway"
  ],
  "log": "|j|\u2606GoodestGreavard\n|j|\u2606Niko highway\n|t:|1775980300\n|gametype|doubles\n|player|p1|GoodestGreavard|102|1308\n|player|p2|Niko highway|101|1297\n|gen|9\n|tier|[Gen 9 Champions] VGC 2026 Reg M-A\n|rated|\n|rule|Species Clause: Limit one of each Pok\u00e9mon\n|rule|Item Clause: Limit 1 of each item\n|clearpoke\n|poke|p1|Basculegion, L50, M|\n|poke|p1|Incineroar, L50, M|\n|poke|p1|Pelipper, L50, F|\n|poke|p1|Archaludon, L50, M|\n|poke|p1|Meganium, L50, F|\n|poke|p1|Dragonite, L50, F|\n|poke|p2|Incineroar, L50, F|\n|poke|p2|Conkeldurr, L50, F|\n|poke|p2|Sinistcha, L50|\n|poke|p2|Cofagrigus, L50, F|\n|poke|p2|Drampa, L50, F|\n|poke|p2|Scizor, L50, M|\n|teampreview|4\n|j| Azuiir\n|j| gE1xjZRtuhW2DdT0AK\n|\n|t:|1775980367\n|teamsize|p1|4\n|teamsize|p2|4\n|start\n|switch|p1a: Pelipper|Pelipper, L50, F|100/100\n|switch|p1b: Basculegion|Basculegion, L50, M|100/100\n|switch|p2a: Incineroar|Incineroar, L50, F|100/100\n|switch|p2b: Cofagrigus|Cofagrigus, L50, F|100/100\n|-weather|RainDance|[from] ability: Drizzle|[of] p1a: Pelipper\n|-ability|p2a: Incineroar|Intimidate|boost\n|-unboost|p1a: Pelipper|atk|1\n|-unboost|p1b: Basculegion|atk|1\n|turn|1\n|\n|t:|1775980403\n|switch|p2a: Drampa|Drampa, L50, F|100/100\n|-ability|p2a: Drampa|Cloud Nine\n|move|p1a: Pelipper|Protect|p1a: Pelipper\n|-singleturn|p1a: Pelipper|Protect\n|move|p1b: Basculegion|Flip Turn|p2b: Cofagrigus\n|-damage|p2b: Cofagrigus|83/100\n|-activate|p2b: Cofagrigus|ability: Mummy|p1b: Basculegion|[ability] Adaptability\n|\n|t:|1775980417\n|switch|p1b: Meganium|Meganium, L50, F|100/100|[from] Flip Turn\n|move|p2b: Cofagrigus|Trick Room|p2b: Cofagrigus\n|-fieldstart|move: Trick Room|[of] p2b: Cofagrigus\n|\n|-weather|RainDance|[upkeep]\n|-heal|p2b: Cofagrigus|89/100|[from] item: Leftovers\n|upkeep\n|turn|2\n|\n|t:|1775980430\n|switch|p2b: Scizor|Scizor, L50, M|100/100\n|switch|p1a: Incineroar|Incineroar, L50, M|100/100\n|-ability|p1a: Incineroar|Intimidate|boost\n|-unboost|p2a: Drampa|atk|1\n|-unboost|p2b: Scizor|atk|1\n|detailschange|p1b: Meganium|Meganium-Mega, L50, F\n|-mega|p1b: Meganium|Meganium|Meganiumite\n|move|p2a: Drampa|Protect|p2a: Drampa\n|-singleturn|p2a: Drampa|Protect\n|move|p1b: Meganium|Dazzling Gleam|p2b: Scizor|[spread] p2b\n|-activate|p2a: Drampa|move: Protect\n|-resisted|p2b: Scizor|1\n|-damage|p2b: Scizor|78/100\n|\n|-weather|RainDance|[upkeep]\n|upkeep\n|turn|3\n|\n|t:|1775980443\n|switch|p2a: Incineroar|Incineroar, L50, F|100/100\n|-ability|p2a: Incineroar|Intimidate|boost\n|-unboost|p1a: Incineroar|atk|1\n|-unboost|p1b: Meganium|atk|1\n|detailschange|p2b: Scizor|Scizor-Mega, L50, M\n|-mega|p2b: Scizor|Scizor|Scizorite\n|move|p1a: Incineroar|Fake Out|p2b: Scizor\n|-resisted|p2b: Scizor|1\n|-damage|p2b: Scizor|76/100\n|cant|p2b: Scizor|flinch\n|move|p1b: Meganium|Dazzling Gleam|p2b: Scizor|[spread] p2a,p2b\n|-crit|p2a: Incineroar\n|-resisted|p2b: Scizor|1\n|-damage|p2a: Incineroar|51/100\n|-damage|p2b: Scizor|58/100\n|\n|-weather|RainDance|[upkeep]\n|upkeep\n|turn|4\n|\n|t:|1775980461\n|move|p1b: Meganium|Protect|p1b: Meganium\n|-singleturn|p1b: Meganium|Protect\n|move|p2a: Incineroar|Fake Out|p1b: Meganium\n|-activate|p1b: Meganium|move: Protect\n|move|p2b: Scizor|Bullet Punch|p1b: Meganium\n|-activate|p1b: Meganium|move: Protect\n|move|p1a: Incineroar|Parting Shot|p2b: Scizor\n|-unboost|p2b: Scizor|atk|1\n|-unboost|p2b: Scizor|spa|1\n|\n|t:|1775980472\n|switch|p1a: Basculegion|Basculegion, L50, M|100/100|[from] Parting Shot\n|\n|-weather|RainDance|[upkeep]\n|upkeep\n|turn|5\n|\n|t:|1775980488\n|switch|p2b: Drampa|Drampa, L50, F|100/100\n|-ability|p2b: Drampa|Cloud Nine\n|switch|p1b: Incineroar|Incineroar, L50, M|100/100\n|-ability|p1b: Incineroar|Intimidate|boost\n|-unboost|p2a: Incineroar|atk|1\n|-unboost|p2b: Drampa|atk|1\n|move|p1a: Basculegion|Aqua Jet|p2a: Incineroar\n|-supereffective|p2a: Incineroar|1\n|-damage|p2a: Incineroar|3/100\n|-enditem|p2a: Incineroar|Sitrus Berry|[eat]\n|-heal|p2a: Incineroar|28/100|[from] item: Sitrus Berry\n|move|p2a: Incineroar|Throat Chop|p1a: Basculegion\n|-supereffective|p1a: Basculegion|1\n|-damage|p1a: Basculegion|36/100\n|-start|p1a: Basculegion|Throat Chop|[silent]\n|\n|-weather|none\n|-fieldend|move: Trick Room\n|upkeep\n|turn|6\n|\n|t:|1775980517\n|switch|p1a: Meganium|Meganium-Mega, L50, F|100/100\n|switch|p2a: Cofagrigus|Cofagrigus, L50, F|89/100\n|move|p1b: Incineroar|Fake Out|p2b: Drampa\n|-damage|p2b: Drampa|88/100\n|cant|p2b: Drampa|flinch\n|\n|-heal|p2a: Cofagrigus|95/100|[from] item: Leftovers\n|upkeep\n|turn|7\n|\n|t:|1775980531\n|switch|p2b: Incineroar|Incineroar, L50, F|28/100\n|-ability|p2b: Incineroar|Intimidate|boost\n|-unboost|p1a: Meganium|atk|1\n|-unboost|p1b: Incineroar|atk|1\n|move|p1a: Meganium|Dazzling Gleam|p2b: Incineroar|[spread] p2a,p2b\n|-damage|p2a: Cofagrigus|59/100\n|-damage|p2b: Incineroar|0 fnt\n|faint|p2b: Incineroar\n|move|p1b: Incineroar|Darkest Lariat|p2a: Cofagrigus\n|-supereffective|p2a: Cofagrigus|1\n|-damage|p2a: Cofagrigus|29/100\n|-activate|p2a: Cofagrigus|ability: Mummy|p1b: Incineroar|[ability] Intimidate\n|move|p2a: Cofagrigus|Trick Room|p2a: Cofagrigus\n|-fieldstart|move: Trick Room|[of] p2a: Cofagrigus\n|\n|-heal|p2a: Cofagrigus|35/100|[from] item: Leftovers\n|upkeep\n|\n|t:|1775980589\n|switch|p2b: Scizor|Scizor-Mega, L50, M|58/100\n|turn|8\n|\n|t:|1775980617\n|switch|p2b: Drampa|Drampa, L50, F|88/100\n|-ability|p2b: Drampa|Cloud Nine\n|move|p1a: Meganium|Protect|p1a: Meganium\n|-singleturn|p1a: Meganium|Protect\n|move|p2a: Cofagrigus|Body Press|p1b: Incineroar\n|-supereffective|p1b: Incineroar|1\n|-damage|p1b: Incineroar|43/100\n|-enditem|p1b: Incineroar|Sitrus Berry|[eat]\n|-heal|p1b: Incineroar|68/100|[from] item: Sitrus Berry\n|move|p1b: Incineroar|Parting Shot|p2b: Drampa\n|-unboost|p2b: Drampa|atk|1\n|-unboost|p2b: Drampa|spa|1\n|\n|t:|1775980640\n|switch|p1b: Pelipper|Pelipper, L50, F|100/100|[from] Parting Shot\n|-weather|RainDance|[from] ability: Drizzle|[of] p1b: Pelipper\n|\n|-weather|RainDance|[upkeep]\n|-heal|p2a: Cofagrigus|42/100|[from] item: Leftovers\n|upkeep\n|turn|9\n|\n|t:|1775980660\n|move|p2a: Cofagrigus|Shadow Ball|p1a: Meganium\n|-damage|p1a: Meganium|78/100\n|move|p2b: Drampa|Hyper Voice|p1b: Pelipper|[spread] p1a,p1b\n|-damage|p1a: Meganium|57/100\n|-damage|p1b: Pelipper|58/100\n|move|p1a: Meganium|Dazzling Gleam|p2b: Drampa|[spread] p2a,p2b\n|-supereffective|p2b: Drampa|1\n|-damage|p2a: Cofagrigus|9/100\n|-damage|p2b: Drampa|9/100\n|move|p1b: Pelipper|Muddy Water|p2b: Drampa|[spread] p2a,p2b\n|-resisted|p2b: Drampa|1\n|-damage|p2a: Cofagrigus|0 fnt\n|-damage|p2b: Drampa|0 fnt\n|faint|p2a: Cofagrigus\n|faint|p2b: Drampa\n|\n|-weather|RainDance|[upkeep]\n|upkeep\n|\n|t:|1775980665\n|switch|p2b: Scizor|Scizor-Mega, L50, M|58/100\n|turn|10\n|-message|Niko highway forfeited.\n|\n|win|GoodestGreavard\n|raw|GoodestGreavard's rating: 1308 &rarr; <strong>1327</strong><br />(+19 for winning)\n|raw|Niko highway's rating: 1297 &rarr; <strong>1273</strong><br />(-24 for losing)\n|l|\u2606Niko highway\n|player|p2|\n|l|\u2606GoodestGreavard\n|player|p1|\n",
  "uploadtime": 1775980698,
  "views": 18,
  "formatid": "gen9championsvgc2026regma",
  "rating": 1273,
  "private": 0,
  "password": null
}