{
  "id": "gen9championsvgc2026regma-2581729447",
  "format": "[Gen 9 Champions] VGC 2026 Reg M-A",
  "players": [
    "yuriimon",
    "Lmar13"
  ],
  "log": "|j|\u2606yuriimon\n|j|\u2606Lmar13\n|t:|1776023944\n|gametype|doubles\n|player|p1|yuriimon|waitress-gen4|1094\n|player|p2|Lmar13|170|1000\n|gen|9\n|tier|[Gen 9 Champions] VGC 2026 Reg M-A\n|rated|\n|rule|Species Clause: Limit one of each Pok\u00e9mon\n|rule|Item Clause: Limit 1 of each item\n|clearpoke\n|poke|p1|Feraligatr, L50, M|\n|poke|p1|Aerodactyl, L50, F|\n|poke|p1|Sneasler, L50, F|\n|poke|p1|Mimikyu, L50, F|\n|poke|p1|Camerupt, L50, M|\n|poke|p1|Kingambit, L50, M|\n|poke|p2|Starmie, L50|\n|poke|p2|Tinkaton, L50, F|\n|poke|p2|Whimsicott, L50, F|\n|poke|p2|Garchomp, L50, M|\n|poke|p2|Incineroar, L50, M|\n|poke|p2|Rotom-Wash, L50|\n|teampreview|4\n|inactive|Battle timer is ON: inactive players will automatically lose when time's up. (requested by yuriimon)\n|\n|t:|1776023971\n|teamsize|p1|4\n|teamsize|p2|4\n|start\n|switch|p1a: Sneasler|Sneasler, L50, F|100/100\n|switch|p1b: Aerodactyl|Aerodactyl, L50, F|100/100\n|switch|p2a: Whimsicott|Whimsicott, L50, F|100/100\n|switch|p2b: Tinkaton|Tinkaton, L50, F|100/100\n|-ability|p1b: Aerodactyl|Unnerve\n|-ability|p2b: Tinkaton|Mold Breaker\n|turn|1\n|\n|t:|1776023981\n|switch|p1b: Mimikyu|Mimikyu, L50, F|100/100\n|move|p1a: Sneasler|Fake Out|p2b: Tinkaton\n|-resisted|p2b: Tinkaton|1\n|-damage|p2b: Tinkaton|92/100\n|cant|p2b: Tinkaton|flinch\n|move|p2a: Whimsicott|Tailwind|p2a: Whimsicott\n|-sidestart|p2: Lmar13|move: Tailwind\n|\n|-heal|p2b: Tinkaton|98/100|[from] item: Leftovers\n|upkeep\n|turn|2\n|inactive|Lmar13 has 30 seconds left.\n|\n|t:|1776024010\n|move|p2a: Whimsicott|Worry Seed||[still]\n|-fail|p2a: Whimsicott\n|move|p2b: Tinkaton|Gigaton Hammer|p1b: Mimikyu\n|-supereffective|p1b: Mimikyu|1\n|-damage|p1b: Mimikyu|0 fnt\n|faint|p1b: Mimikyu\n|move|p1a: Sneasler|Dire Claw|p2a: Whimsicott\n|-supereffective|p2a: Whimsicott|2\n|-enditem|p2a: Whimsicott|Focus Sash\n|-damage|p2a: Whimsicott|1/100\n|-status|p2a: Whimsicott|psn\n|\n|-heal|p2b: Tinkaton|100/100|[from] item: Leftovers\n|-damage|p2a: Whimsicott|0 fnt|[from] psn\n|faint|p2a: Whimsicott\n|upkeep\n|inactive|Lmar13 has 30 seconds left.\n|\n|t:|1776024038\n|switch|p2a: Starmie|Starmie, L50|100/100\n|switch|p1b: Feraligatr|Feraligatr, L50, M|100/100\n|turn|3\n|inactive|yuriimon has 30 seconds left.\n|\n|t:|1776024063\n|detailschange|p2a: Starmie|Starmie-Mega, L50\n|-mega|p2a: Starmie|Starmie|Starminite\n|move|p1b: Feraligatr|Protect|p1b: Feraligatr\n|-singleturn|p1b: Feraligatr|Protect\n|move|p2a: Starmie|Skill Swap|p2b: Tinkaton\n|-activate|p2a: Starmie|Skill Swap|||[of] p2b: Tinkaton\n|-ability|p2a: Starmie|Mold Breaker\n|move|p2b: Tinkaton|Play Rough|p1b: Feraligatr\n|-activate|p1b: Feraligatr|move: Protect\n|move|p1a: Sneasler|Coaching|p1b: Feraligatr\n|-boost|p1b: Feraligatr|atk|1\n|-boost|p1b: Feraligatr|def|1\n|\n|upkeep\n|turn|4\n|\n|t:|1776024087\n|move|p2a: Starmie|Zen Headbutt|p1a: Sneasler\n|-supereffective|p1a: Sneasler|2\n|-enditem|p1a: Sneasler|Focus Sash\n|-damage|p1a: Sneasler|1/100\n|move|p1a: Sneasler|Close Combat|p2b: Tinkaton\n|-damage|p2b: Tinkaton|23/100\n|-unboost|p1a: Sneasler|def|1\n|-unboost|p1a: Sneasler|spd|1\n|move|p2b: Tinkaton|Play Rough|p1b: Feraligatr\n|-damage|p1b: Feraligatr|51/100\n|move|p1b: Feraligatr|Liquidation|p2b: Tinkaton\n|-damage|p2b: Tinkaton|0 fnt\n|faint|p2b: Tinkaton\n|\n|-sideend|p2: Lmar13|move: Tailwind\n|upkeep\n|\n|t:|1776024102\n|switch|p2b: Incineroar|Incineroar, L50, M|100/100\n|-ability|p2b: Incineroar|Intimidate|boost\n|-unboost|p1a: Sneasler|atk|1\n|-unboost|p1b: Feraligatr|atk|1\n|turn|5\n|\n|t:|1776024115\n|detailschange|p1b: Feraligatr|Feraligatr-Mega, L50, M\n|-mega|p1b: Feraligatr|Feraligatr|Feraligite\n|move|p1b: Feraligatr|Protect|p1b: Feraligatr\n|-singleturn|p1b: Feraligatr|Protect\n|move|p2b: Incineroar|Fake Out|p1a: Sneasler\n|-damage|p1a: Sneasler|0 fnt\n|faint|p1a: Sneasler\n|move|p2a: Starmie|Zen Headbutt|p1b: Feraligatr\n|-activate|p1b: Feraligatr|move: Protect\n|\n|upkeep\n|\n|t:|1776024123\n|switch|p1a: Aerodactyl|Aerodactyl, L50, F|100/100\n|-ability|p1a: Aerodactyl|Unnerve\n|turn|6\n|\n|t:|1776024140\n|move|p1a: Aerodactyl|Tailwind|p1a: Aerodactyl\n|-sidestart|p1: yuriimon|move: Tailwind\n|move|p1b: Feraligatr|Double-Edge|p2a: Starmie\n|-damage|p2a: Starmie|0 fnt\n|faint|p2a: Starmie\n|-damage|p1b: Feraligatr|17/100|[from] Recoil\n|move|p2b: Incineroar|Darkest Lariat|p1b: Feraligatr\n|-damage|p1b: Feraligatr|0 fnt\n|faint|p1b: Feraligatr\n|\n|upkeep\n|turn|7\n|\n|t:|1776024159\n|move|p1a: Aerodactyl|Rock Slide|p2b: Incineroar\n|-supereffective|p2b: Incineroar|1\n|-damage|p2b: Incineroar|37/100\n|move|p2b: Incineroar|Darkest Lariat|p1a: Aerodactyl\n|-damage|p1a: Aerodactyl|42/100\n|\n|upkeep\n|turn|8\n|\n|t:|1776024167\n|move|p1a: Aerodactyl|Rock Slide|p2b: Incineroar\n|-supereffective|p2b: Incineroar|1\n|-damage|p2b: Incineroar|0 fnt\n|faint|p2b: Incineroar\n|\n|win|yuriimon\n|raw|yuriimon's rating: 1094 &rarr; <strong>1113</strong><br />(+19 for winning)\n|raw|Lmar13's rating: 1000 &rarr; <strong>1000</strong><br />(+0 for losing)\n|c|\u2606yuriimon|ggwp\n",
  "uploadtime": 1776024173,
  "views": 14,
  "formatid": "gen9championsvgc2026regma",
  "rating": 1000,
  "private": 0,
  "password": null
}