{
  "id": "gen9championsvgc2026regma-2587651218",
  "format": "[Gen 9 Champions] VGC 2026 Reg M-A",
  "players": [
    "dresovense",
    "Clearfield PA"
  ],
  "log": "|j|\u2606dresovense\n|j|\u2606Clearfield PA\n|t:|1776550492\n|gametype|doubles\n|player|p1|dresovense|skier|1428\n|player|p2|Clearfield PA|bugsy|1529\n|gen|9\n|tier|[Gen 9 Champions] VGC 2026 Reg M-A\n|rated|\n|rule|Species Clause: Limit one of each Pok\u00e9mon\n|rule|Item Clause: Limit 1 of each item\n|clearpoke\n|poke|p1|Chesnaught, L50, M|\n|poke|p1|Farigiraf, L50, F|\n|poke|p1|Pelipper, L50, F|\n|poke|p1|Archaludon, L50, F|\n|poke|p1|Clefable, L50, M|\n|poke|p1|Incineroar, L50, F|\n|poke|p2|Pidgeot, L50, F|\n|poke|p2|Sylveon, L50, F|\n|poke|p2|Excadrill, L50, M|\n|poke|p2|Kangaskhan, L50, F|\n|poke|p2|Tsareena, L50, F|\n|poke|p2|Gengar, L50, F|\n|teampreview|4\n|inactive|Battle timer is ON: inactive players will automatically lose when time's up. (requested by dresovense)\n|j| Bayern72915\n|inactive|dresovense has 60 seconds left.\n|\n|t:|1776550524\n|teamsize|p1|4\n|teamsize|p2|4\n|start\n|switch|p1a: Archaludon|Archaludon, L50, F|100/100\n|switch|p1b: Pelipper|Pelipper, L50, F|100/100\n|switch|p2a: Gengar|Gengar, L50, F|100/100\n|switch|p2b: Sylveon|Sylveon, L50, F|100/100\n|-weather|RainDance|[from] ability: Drizzle|[of] p1b: Pelipper\n|turn|1\n|\n|t:|1776550538\n|move|p2a: Gengar|Icy Wind|p1a: Archaludon|[spread] p1b\n|-miss|p2a: Gengar|p1a: Archaludon\n|-damage|p1b: Pelipper|73/100\n|-unboost|p1b: Pelipper|spe|1\n|move|p2b: Sylveon|Hyper Voice|p1a: Archaludon|[spread] p1a,p1b\n|-damage|p1a: Archaludon|41/100\n|-damage|p1b: Pelipper|0 fnt\n|-ability|p1a: Archaludon|Stamina|boost\n|-boost|p1a: Archaludon|def|1\n|faint|p1b: Pelipper\n|move|p1a: Archaludon|Flash Cannon|p2b: Sylveon\n|-supereffective|p2b: Sylveon|1\n|-damage|p2b: Sylveon|33/100\n|\n|-weather|RainDance|[upkeep]\n|upkeep\n|\n|t:|1776550554\n|switch|p1b: Incineroar|Incineroar, L50, F|100/100\n|-ability|p1b: Incineroar|Intimidate|boost\n|-unboost|p2a: Gengar|atk|1\n|-unboost|p2b: Sylveon|atk|1\n|turn|2\n|\n|t:|1776550562\n|switch|p2a: Excadrill|Excadrill, L50, M|100/100\n|-ability|p2a: Excadrill|Mold Breaker\n|move|p2b: Sylveon|Protect|p2b: Sylveon\n|-singleturn|p2b: Sylveon|Protect\n|move|p1b: Incineroar|Fake Out|p2b: Sylveon\n|-activate|p2b: Sylveon|move: Protect\n|move|p1a: Archaludon|Electro Shot||[still]\n|-prepare|p1a: Archaludon|Electro Shot\n|-boost|p1a: Archaludon|spa|1\n|-anim|p1a: Archaludon|Electro Shot|p2b: Sylveon\n|-activate|p2b: Sylveon|move: Protect\n|\n|-weather|RainDance|[upkeep]\n|upkeep\n|turn|3\n|\n|t:|1776550574\n|move|p1a: Archaludon|Protect|p1a: Archaludon\n|-singleturn|p1a: Archaludon|Protect\n|move|p2a: Excadrill|High Horsepower|p1b: Incineroar\n|-supereffective|p1b: Incineroar|1\n|-damage|p1b: Incineroar|0 fnt\n|faint|p1b: Incineroar\n|move|p2b: Sylveon|Hyper Voice|p1a: Archaludon\n|-activate|p1a: Archaludon|move: Protect\n|\n|-weather|RainDance|[upkeep]\n|upkeep\n|\n|t:|1776550581\n|switch|p1b: Chesnaught|Chesnaught, L50, M|100/100\n|turn|4\n|\n|t:|1776550586\n|detailschange|p1b: Chesnaught|Chesnaught-Mega, L50, M\n|-mega|p1b: Chesnaught|Chesnaught|Chesnaughtite\n|move|p1b: Chesnaught|Spiky Shield|p1b: Chesnaught\n|-singleturn|p1b: Chesnaught|move: Protect\n|move|p2a: Excadrill|High Horsepower|p1a: Archaludon\n|-supereffective|p1a: Archaludon|1\n|-damage|p1a: Archaludon|0 fnt\n|faint|p1a: Archaludon\n|move|p2b: Sylveon|Hyper Voice|p1b: Chesnaught\n|-activate|p1b: Chesnaught|move: Protect\n|\n|-weather|RainDance|[upkeep]\n|upkeep\n|turn|5\n|-message|dresovense forfeited.\n|\n|win|Clearfield PA\n|raw|dresovense's rating: 1428 &rarr; <strong>1414</strong><br />(-14 for losing)\n|raw|Clearfield PA's rating: 1529 &rarr; <strong>1543</strong><br />(+14 for winning)\n|l|\u2606dresovense\n|player|p1|\n|l|\u2606Clearfield PA\n|player|p2|\n|l| Bayern72915\n",
  "uploadtime": 1776550609,
  "views": 17,
  "formatid": "gen9championsvgc2026regma",
  "rating": 1414,
  "private": 0,
  "password": null
}