{
  "id": "gen9championsvgc2026regma-2585878999",
  "format": "[Gen 9 Champions] VGC 2026 Reg M-A",
  "players": [
    "Alievew",
    "0viciado"
  ],
  "log": "|j|\u2606Alievew\n|j|\u26060viciado\n|t:|1776377821\n|gametype|doubles\n|player|p1|Alievew|riley|1166\n|player|p2|0viciado|backersf|1134\n|gen|9\n|tier|[Gen 9 Champions] VGC 2026 Reg M-A\n|rated|\n|rule|Species Clause: Limit one of each Pok\u00e9mon\n|rule|Item Clause: Limit 1 of each item\n|clearpoke\n|poke|p1|Pelipper, L50, M|\n|poke|p1|Rotom-Heat, L50|\n|poke|p1|Sinistcha-Masterpiece, L50|\n|poke|p1|Archaludon, L50, M|\n|poke|p1|Meganium, L50, F|\n|poke|p1|Basculegion, L50, M|\n|poke|p2|Arcanine-Hisui, L50, F|\n|poke|p2|Whimsicott, L50, M|\n|poke|p2|Pelipper, L50, M|\n|poke|p2|Basculegion, L50, M|\n|poke|p2|Meowscarada, L50, F|\n|poke|p2|Lucario, L50, M|\n|teampreview|4\n|inactive|Battle timer is ON: inactive players will automatically lose when time's up. (requested by Alievew)\n|inactive|Alievew has 60 seconds left.\n|\n|t:|1776377862\n|teamsize|p1|4\n|teamsize|p2|4\n|start\n|switch|p1a: Rotom|Rotom-Heat, L50|100/100\n|switch|p1b: Basculegion|Basculegion, L50, M|100/100\n|switch|p2a: Whimsicott|Whimsicott, L50, M|100/100\n|switch|p2b: Lucario|Lucario, L50, M, shiny|100/100\n|turn|1\n|\n|t:|1776377884\n|detailschange|p2b: Lucario|Lucario-Mega, L50, M, shiny\n|-mega|p2b: Lucario|Lucario|Lucarionite\n|move|p2a: Whimsicott|Tailwind|p2a: Whimsicott\n|-sidestart|p2: 0viciado|move: Tailwind\n|move|p2b: Lucario|Dark Pulse|p1b: Basculegion\n|-supereffective|p1b: Basculegion|1\n|-damage|p1b: Basculegion|24/100\n|cant|p1b: Basculegion|flinch\n|move|p1a: Rotom|Electroweb|p2b: Lucario|[spread] p2b\n|-miss|p1a: Rotom|p2a: Whimsicott\n|-damage|p2b: Lucario|67/100\n|-unboost|p2b: Lucario|spe|1\n|\n|upkeep\n|turn|2\n|\n|t:|1776377908\n|switch|p1b: Pelipper|Pelipper, L50, M|100/100\n|-weather|RainDance|[from] ability: Drizzle|[of] p1b: Pelipper\n|move|p2a: Whimsicott|Tailwind||[still]\n|-fail|p2a: Whimsicott\n|move|p2b: Lucario|Dark Pulse|p1b: Pelipper\n|-damage|p1b: Pelipper|52/100\n|move|p1a: Rotom|Electroweb|p2a: Whimsicott|[spread] p2a,p2b\n|-resisted|p2a: Whimsicott|1\n|-damage|p2a: Whimsicott|81/100\n|-damage|p2b: Lucario|29/100\n|-unboost|p2a: Whimsicott|spe|1\n|-unboost|p2b: Lucario|spe|1\n|\n|-weather|RainDance|[upkeep]\n|upkeep\n|turn|3\n|inactive|0viciado has 30 seconds left.\n|\n|t:|1776377935\n|move|p2a: Whimsicott|Helping Hand|p2b: Lucario\n|-singleturn|p2b: Lucario|Helping Hand|[of] p2a: Whimsicott\n|move|p2b: Lucario|Aura Sphere|p1b: Pelipper\n|-resisted|p1b: Pelipper|1\n|-damage|p1b: Pelipper|0 fnt\n|faint|p1b: Pelipper\n|move|p1a: Rotom|Thunderbolt|p2b: Lucario\n|-damage|p2b: Lucario|0 fnt\n|faint|p2b: Lucario\n|\n|-weather|RainDance|[upkeep]\n|upkeep\n|\n|t:|1776377948\n|switch|p2b: Basculegion|Basculegion, L50, M, shiny|100/100\n|switch|p1b: Meganium|Meganium, L50, F|100/100\n|turn|4\n|\n|t:|1776377959\n|detailschange|p1b: Meganium|Meganium-Mega, L50, F\n|-mega|p1b: Meganium|Meganium|Meganiumite\n|move|p1a: Rotom|Protect|p1a: Rotom\n|-singleturn|p1a: Rotom|Protect\n|move|p2b: Basculegion|Aqua Jet|p1a: Rotom\n|-activate|p1a: Rotom|move: Protect\n|move|p2a: Whimsicott|Moonblast|p1b: Meganium\n|-damage|p1b: Meganium|68/100\n|move|p1b: Meganium|Solar Beam||[still]\n|-prepare|p1b: Meganium|Solar Beam\n|-activate|p1b: Meganium|ability: Mega Sol\n|-anim|p1b: Meganium|Solar Beam|p2b: Basculegion\n|-supereffective|p2b: Basculegion|1\n|-damage|p2b: Basculegion|0 fnt\n|faint|p2b: Basculegion\n|\n|-weather|RainDance|[upkeep]\n|-sideend|p2: 0viciado|move: Tailwind\n|upkeep\n|\n|t:|1776377978\n|switch|p2b: Meowscarada|Meowscarada, L50, F|100/100\n|turn|5\n|\n|t:|1776377992\n|move|p1b: Meganium|Protect|p1b: Meganium\n|-singleturn|p1b: Meganium|Protect\n|move|p2a: Whimsicott|Tailwind|p2a: Whimsicott\n|-sidestart|p2: 0viciado|move: Tailwind\n|move|p2b: Meowscarada|Triple Axel|p1b: Meganium\n|-start|p2b: Meowscarada|typechange|Ice|[from] ability: Protean\n|-activate|p1b: Meganium|move: Protect\n|move|p1a: Rotom|Electroweb|p2b: Meowscarada|[spread] p2a,p2b\n|-resisted|p2a: Whimsicott|1\n|-damage|p2a: Whimsicott|62/100\n|-damage|p2b: Meowscarada|65/100\n|-unboost|p2a: Whimsicott|spe|1\n|-unboost|p2b: Meowscarada|spe|1\n|\n|-weather|RainDance|[upkeep]\n|upkeep\n|turn|6\n|\n|t:|1776378013\n|switch|p1b: Basculegion|Basculegion, L50, M|24/100\n|move|p2a: Whimsicott|Helping Hand|p2b: Meowscarada\n|-singleturn|p2b: Meowscarada|Helping Hand|[of] p2a: Whimsicott\n|move|p2b: Meowscarada|Triple Axel|p1b: Basculegion\n|-resisted|p1b: Basculegion|1\n|-damage|p1b: Basculegion|15/100\n|-resisted|p1b: Basculegion|1\n|-damage|p1b: Basculegion|0 fnt\n|faint|p1b: Basculegion\n|-hitcount|p1: Basculegion|2\n|move|p1a: Rotom|Electroweb|p2b: Meowscarada|[spread] p2a,p2b\n|-resisted|p2a: Whimsicott|1\n|-damage|p2a: Whimsicott|41/100\n|-damage|p2b: Meowscarada|28/100\n|-unboost|p2a: Whimsicott|spe|1\n|-unboost|p2b: Meowscarada|spe|1\n|\n|-weather|none\n|upkeep\n|\n|t:|1776378028\n|switch|p1b: Meganium|Meganium-Mega, L50, F|68/100\n|turn|7\n|\n|t:|1776378041\n|move|p2a: Whimsicott|Helping Hand|p2b: Meowscarada\n|-singleturn|p2b: Meowscarada|Helping Hand|[of] p2a: Whimsicott\n|move|p1b: Meganium|Protect|p1b: Meganium\n|-singleturn|p1b: Meganium|Protect\n|move|p2b: Meowscarada|Triple Axel|p1b: Meganium\n|-activate|p1b: Meganium|move: Protect\n|move|p1a: Rotom|Electroweb|p2a: Whimsicott|[spread] p2a,p2b\n|-resisted|p2a: Whimsicott|1\n|-damage|p2a: Whimsicott|19/100\n|-damage|p2b: Meowscarada|0 fnt\n|-unboost|p2a: Whimsicott|spe|1\n|faint|p2b: Meowscarada\n|\n|upkeep\n|turn|8\n|n|!0viciado|0viciado\n|-message|0viciado forfeited.\n|\n|win|Alievew\n",
  "uploadtime": 1776378052,
  "views": 12,
  "formatid": "gen9championsvgc2026regma",
  "rating": null,
  "private": 0,
  "password": null
}