{
  "id": "gen9championsvgc2026regma-2583638917",
  "format": "[Gen 9 Champions] VGC 2026 Reg M-A",
  "players": [
    "alkdfe",
    "Dramgar_04"
  ],
  "log": "|j|\u2606alkdfe\n|j|\u2606Dramgar_04\n|t:|1776188088\n|gametype|doubles\n|player|p1|alkdfe|101|1187\n|player|p2|Dramgar_04|hilbert|1113\n|gen|9\n|tier|[Gen 9 Champions] VGC 2026 Reg M-A\n|rated|\n|rule|Species Clause: Limit one of each Pok\u00e9mon\n|rule|Item Clause: Limit 1 of each item\n|clearpoke\n|poke|p1|Charizard, L50, M|\n|poke|p1|Sneasler, L50, M|\n|poke|p1|Basculegion, L50, M|\n|poke|p1|Garchomp, L50, F|\n|poke|p1|Incineroar, L50, F|\n|poke|p1|Venusaur, L50, F|\n|poke|p2|Emboar, L50, F|\n|poke|p2|Farigiraf, L50, M|\n|poke|p2|Sinistcha, L50|\n|poke|p2|Sylveon, L50, F|\n|poke|p2|Corviknight, L50, F|\n|poke|p2|Azumarill, L50, F|\n|teampreview|4\n|inactive|Battle timer is ON: inactive players will automatically lose when time's up. (requested by Dramgar_04)\n|\n|t:|1776188127\n|teamsize|p1|4\n|teamsize|p2|4\n|start\n|switch|p1a: Charizard|Charizard, L50, M|100/100\n|switch|p1b: Venusaur|Venusaur, L50, F|100/100\n|switch|p2a: Farigiraf|Farigiraf, L50, M|100/100\n|switch|p2b: Emboar|Emboar, L50, F|100/100\n|turn|1\n|inactive|Dramgar_04 has 30 seconds left.\n|\n|t:|1776188155\n|detailschange|p1a: Charizard|Charizard-Mega-Y, L50, M\n|-mega|p1a: Charizard|Charizard|Charizardite Y\n|-weather|SunnyDay|[from] ability: Drought|[of] p1a: Charizard\n|detailschange|p2b: Emboar|Emboar-Mega, L50, F\n|-mega|p2b: Emboar|Emboar|Emboarite\n|-ability|p2b: Emboar|Mold Breaker\n|move|p2b: Emboar|Protect|p2b: Emboar\n|-singleturn|p2b: Emboar|Protect\n|move|p1b: Venusaur|Sleep Powder|p2a: Farigiraf\n|-status|p2a: Farigiraf|slp|[from] move: Sleep Powder\n|move|p1a: Charizard|Air Slash|p2b: Emboar\n|-activate|p2b: Emboar|move: Protect\n|cant|p2a: Farigiraf|slp\n|\n|-weather|SunnyDay|[upkeep]\n|upkeep\n|turn|2\n|\n|t:|1776188175\n|switch|p2b: Azumarill|Azumarill, L50, F|100/100\n|move|p1b: Venusaur|Earth Power|p2b: Azumarill\n|-damage|p2b: Azumarill|71/100\n|move|p1a: Charizard|Air Slash|p2b: Azumarill\n|-damage|p2b: Azumarill|16/100\n|-curestatus|p2a: Farigiraf|slp|[msg]\n|move|p2a: Farigiraf|Trick Room|p2a: Farigiraf\n|-fieldstart|move: Trick Room|[of] p2a: Farigiraf\n|\n|-weather|SunnyDay|[upkeep]\n|upkeep\n|turn|3\n|inactive|alkdfe has 30 seconds left.\n|\n|t:|1776188207\n|switch|p1a: Basculegion|Basculegion, L50, M|100/100\n|move|p2b: Azumarill|Ice Spinner|p1b: Venusaur\n|-supereffective|p1b: Venusaur|1\n|-damage|p1b: Venusaur|5/100\n|move|p2a: Farigiraf|Expanding Force|p1b: Venusaur\n|-supereffective|p1b: Venusaur|1\n|-damage|p1b: Venusaur|0 fnt\n|faint|p1b: Venusaur\n|\n|-weather|SunnyDay|[upkeep]\n|upkeep\n|\n|t:|1776188216\n|switch|p1b: Incineroar|Incineroar, L50, F|100/100\n|-ability|p1b: Incineroar|Intimidate|boost\n|-unboost|p2a: Farigiraf|atk|1\n|-unboost|p2b: Azumarill|atk|1\n|turn|4\n|inactive|Dramgar_04 has 30 seconds left.\n|inactive|alkdfe has 30 seconds left.\n|\n|t:|1776188249\n|move|p2a: Farigiraf|Ally Switch|p2a: Farigiraf\n|swap|p2a: Farigiraf|1|[from] move: Ally Switch\n|move|p2a: Azumarill|Play Rough|p1a: Basculegion\n|-damage|p1a: Basculegion|49/100\n|move|p1b: Incineroar|Throat Chop|p2a: Azumarill\n|-resisted|p2a: Azumarill|1\n|-damage|p2a: Azumarill|0 fnt\n|faint|p2a: Azumarill\n|move|p1a: Basculegion|Wave Crash|p2b: Farigiraf\n|-damage|p2b: Farigiraf|81/100\n|-damage|p1a: Basculegion|42/100|[from] Recoil\n|\n|-weather|SunnyDay|[upkeep]\n|upkeep\n|\n|t:|1776188268\n|switch|p2a: Emboar|Emboar-Mega, L50, F|100/100\n|-ability|p2a: Emboar|Mold Breaker\n|turn|5\n|\n|t:|1776188282\n|switch|p1a: Charizard|Charizard-Mega-Y, L50, M|100/100\n|move|p2b: Farigiraf|Expanding Force|p1a: Charizard\n|-damage|p1a: Charizard|72/100\n|move|p2a: Emboar|Drain Punch|p1b: Incineroar\n|-supereffective|p1b: Incineroar|1\n|-damage|p1b: Incineroar|19/100\n|-enditem|p1b: Incineroar|Sitrus Berry|[eat]\n|-heal|p1b: Incineroar|44/100|[from] item: Sitrus Berry\n|move|p1b: Incineroar|Throat Chop|p2b: Farigiraf\n|-supereffective|p2b: Farigiraf|1\n|-damage|p2b: Farigiraf|30/100\n|-start|p2b: Farigiraf|Throat Chop|[silent]\n|\n|-weather|none\n|upkeep\n|turn|6\n|inactive|Dramgar_04 has 30 seconds left.\n|\n|t:|1776188317\n|switch|p1b: Basculegion|Basculegion, L50, M|42/100\n|move|p1a: Charizard|Protect|p1a: Charizard\n|-singleturn|p1a: Charizard|Protect\n|move|p2b: Farigiraf|Ally Switch|p2b: Farigiraf\n|swap|p2b: Farigiraf|0|[from] move: Ally Switch\n|move|p2b: Emboar|Drain Punch|p1b: Basculegion\n|-immune|p1b: Basculegion\n|\n|-end|p2a: Farigiraf|Throat Chop|[silent]\n|-fieldend|move: Trick Room\n|upkeep\n|turn|7\n|\n|t:|1776188342\n|switch|p2a: Sinistcha|Sinistcha, L50|100/100\n|move|p2b: Emboar|Protect|p2b: Emboar\n|-singleturn|p2b: Emboar|Protect\n|move|p1b: Basculegion|Wave Crash|p2a: Sinistcha\n|-resisted|p2a: Sinistcha|1\n|-damage|p2a: Sinistcha|75/100\n|-damage|p1b: Basculegion|34/100|[from] Recoil\n|move|p1a: Charizard|Heat Wave|p2b: Emboar|[spread] p2a\n|-activate|p2b: Emboar|move: Protect\n|-supereffective|p2a: Sinistcha|1\n|-damage|p2a: Sinistcha|3/100\n|-enditem|p2a: Sinistcha|Sitrus Berry|[eat]\n|-heal|p2a: Sinistcha|28/100|[from] item: Sitrus Berry\n|\n|upkeep\n|turn|8\n|\n|t:|1776188363\n|switch|p1b: Incineroar|Incineroar, L50, F|44/100\n|-ability|p1b: Incineroar|Intimidate|boost\n|-unboost|p2a: Sinistcha|atk|1\n|-unboost|p2b: Emboar|atk|1\n|move|p2a: Sinistcha|Rage Powder|p2a: Sinistcha\n|-singleturn|p2a: Sinistcha|move: Rage Powder\n|move|p1a: Charizard|Heat Wave|p2a: Sinistcha|[spread] p2a,p2b\n|-supereffective|p2a: Sinistcha|1\n|-crit|p2a: Sinistcha\n|-resisted|p2b: Emboar|1\n|-damage|p2a: Sinistcha|0 fnt\n|-damage|p2b: Emboar|85/100\n|faint|p2a: Sinistcha\n|move|p2b: Emboar|Flare Blitz|p1b: Incineroar\n|-resisted|p1b: Incineroar|1\n|-damage|p1b: Incineroar|23/100\n|-damage|p2b: Emboar|79/100|[from] Recoil\n|\n|upkeep\n|\n|t:|1776188377\n|switch|p2a: Farigiraf|Farigiraf, L50, M|30/100\n|turn|9\n|\n|t:|1776188387\n|move|p1a: Charizard|Heat Wave|p2a: Farigiraf|[spread] p2a,p2b\n|-resisted|p2b: Emboar|1\n|-damage|p2a: Farigiraf|0 fnt\n|-damage|p2b: Emboar|62/100\n|faint|p2a: Farigiraf\n|move|p1b: Incineroar|Parting Shot|p2b: Emboar\n|-unboost|p2b: Emboar|atk|1\n|-unboost|p2b: Emboar|spa|1\n|\n|t:|1776188394\n|switch|p1b: Basculegion|Basculegion, L50, M|34/100|[from] Parting Shot\n|move|p2b: Emboar|Bulk Up|p2b: Emboar\n|-boost|p2b: Emboar|atk|1\n|-boost|p2b: Emboar|def|1\n|\n|upkeep\n|turn|10\n|-message|Dramgar_04 forfeited.\n|\n|win|alkdfe\n|raw|alkdfe's rating: 1187 &rarr; <strong>1207</strong><br />(+20 for winning)\n|raw|Dramgar_04's rating: 1113 &rarr; <strong>1093</strong><br />(-20 for losing)\n|l|\u2606Dramgar_04\n|player|p2|\n",
  "uploadtime": 1776188405,
  "views": 25,
  "formatid": "gen9championsvgc2026regma",
  "rating": 1093,
  "private": 0,
  "password": null
}