{
  "id": "gen9championsvgc2026regma-2587312812",
  "format": "[Gen 9 Champions] VGC 2026 Reg M-A",
  "players": [
    "test1792",
    "makoyouidiot"
  ],
  "log": "|j|\u2606test1792\n|j|\u2606makoyouidiot\n|t:|1776520999\n|gametype|doubles\n|player|p1|test1792|lance|1179\n|player|p2|makoyouidiot|acetrainersnow|1191\n|gen|9\n|tier|[Gen 9 Champions] VGC 2026 Reg M-A\n|rated|\n|rule|Species Clause: Limit one of each Pok\u00e9mon\n|rule|Item Clause: Limit 1 of each item\n|clearpoke\n|poke|p1|Ninetales-Alola, L50, F|\n|poke|p1|Sneasler, L50, M|\n|poke|p1|Archaludon, L50, F|\n|poke|p1|Tyranitar, L50, F|\n|poke|p1|Volcarona, L50, M|\n|poke|p1|Sinistcha, L50|\n|poke|p2|Charizard, L50, M|\n|poke|p2|Aerodactyl, L50, F|\n|poke|p2|Basculegion, L50, M|\n|poke|p2|Tyrantrum, L50, F|\n|poke|p2|Oranguru, L50, F|\n|poke|p2|Torkoal, L50, F|\n|teampreview|4\n|inactive|Battle timer is ON: inactive players will automatically lose when time's up. (requested by makoyouidiot)\n|\n|t:|1776521012\n|teamsize|p1|4\n|teamsize|p2|4\n|start\n|switch|p1a: Ninetales|Ninetales-Alola, L50, F|100/100\n|switch|p1b: Sneasler|Sneasler, L50, M|100/100\n|switch|p2a: Oranguru|Oranguru, L50, F|100/100\n|switch|p2b: Basculegion|Basculegion, L50, M|100/100\n|-weather|Snowscape|[from] ability: Snow Warning|[of] p1a: Ninetales\n|turn|1\n|\n|t:|1776521027\n|move|p1b: Sneasler|Fake Out|p2a: Oranguru\n|-damage|p2a: Oranguru|86/100\n|move|p2b: Basculegion|Flip Turn|p1b: Sneasler\n|-damage|p1b: Sneasler|23/100\n|\n|t:|1776521037\n|switch|p2b: Tyrantrum|Tyrantrum, L50, F|100/100|[from] Flip Turn\n|move|p1a: Ninetales|Aurora Veil|p1a: Ninetales\n|-sidestart|p1: test1792|move: Aurora Veil\n|move|p2a: Oranguru|Trick Room|p2a: Oranguru\n|-fieldstart|move: Trick Room|[of] p2a: Oranguru\n|\n|-weather|Snowscape|[upkeep]\n|upkeep\n|turn|2\n|\n|t:|1776521056\n|switch|p1b: Archaludon|Archaludon, L50, F|100/100\n|move|p2b: Tyrantrum|Head Smash|p1a: Ninetales\n|-supereffective|p1a: Ninetales|1\n|-enditem|p1a: Ninetales|Focus Sash\n|-damage|p1a: Ninetales|1/100\n|move|p2a: Oranguru|Instruct|p2b: Tyrantrum\n|-singleturn|p2b: Tyrantrum|move: Instruct|[of] p2a: Oranguru\n|move|p2b: Tyrantrum|Head Smash|p1a: Ninetales\n|-supereffective|p1a: Ninetales|1\n|-damage|p1a: Ninetales|0 fnt\n|faint|p1a: Ninetales\n|\n|-weather|Snowscape|[upkeep]\n|upkeep\n|\n|t:|1776521065\n|switch|p1a: Tyranitar|Tyranitar, L50, F|100/100\n|-weather|Sandstorm|[from] ability: Sand Stream|[of] p1a: Tyranitar\n|turn|3\n|inactive|makoyouidiot has 30 seconds left.\n|\n|t:|1776521095\n|detailschange|p1a: Tyranitar|Tyranitar-Mega, L50, F\n|-mega|p1a: Tyranitar|Tyranitar|Tyranitarite\n|move|p2b: Tyrantrum|Iron Head|p1a: Tyranitar\n|-supereffective|p1a: Tyranitar|1\n|-damage|p1a: Tyranitar|77/100\n|move|p2a: Oranguru|Instruct|p2b: Tyrantrum\n|-singleturn|p2b: Tyrantrum|move: Instruct|[of] p2a: Oranguru\n|move|p2b: Tyrantrum|Iron Head|p1a: Tyranitar\n|-supereffective|p1a: Tyranitar|1\n|-damage|p1a: Tyranitar|54/100\n|move|p1a: Tyranitar|Earthquake|p2a: Oranguru|[spread] p1b,p2a,p2b\n|-supereffective|p1b: Archaludon|1\n|-enditem|p1b: Archaludon|Shuca Berry|[eat]\n|-enditem|p1b: Archaludon|Shuca Berry|[weaken]\n|-supereffective|p2b: Tyrantrum|1\n|-damage|p1b: Archaludon|84/100\n|-damage|p2a: Oranguru|58/100\n|-damage|p2b: Tyrantrum|34/100\n|-ability|p1b: Archaludon|Stamina|boost\n|-boost|p1b: Archaludon|def|1\n|move|p1b: Archaludon|Flash Cannon|p2b: Tyrantrum\n|-supereffective|p2b: Tyrantrum|1\n|-damage|p2b: Tyrantrum|0 fnt\n|faint|p2b: Tyrantrum\n|\n|-weather|Sandstorm|[upkeep]\n|-damage|p2a: Oranguru|52/100|[from] Sandstorm\n|upkeep\n|\n|t:|1776521119\n|switch|p2b: Torkoal|Torkoal, L50, F|100/100\n|-weather|SunnyDay|[from] ability: Drought|[of] p2b: Torkoal\n|turn|4\n|\n|t:|1776521132\n|move|p2b: Torkoal|Eruption|p1b: Archaludon|[spread] p1a,p1b\n|-resisted|p1a: Tyranitar|1\n|-damage|p1a: Tyranitar|32/100\n|-damage|p1b: Archaludon|12/100\n|-ability|p1b: Archaludon|Stamina|boost\n|-boost|p1b: Archaludon|def|1\n|move|p2a: Oranguru|Instruct|p2b: Torkoal\n|-singleturn|p2b: Torkoal|move: Instruct|[of] p2a: Oranguru\n|move|p2b: Torkoal|Eruption|p1b: Archaludon|[spread] p1a,p1b\n|-resisted|p1a: Tyranitar|1\n|-damage|p1a: Tyranitar|11/100\n|-damage|p1b: Archaludon|0 fnt\n|faint|p1b: Archaludon\n|move|p1a: Tyranitar|Rock Slide|p2b: Torkoal|[spread] p2a,p2b\n|-supereffective|p2b: Torkoal|1\n|-damage|p2a: Oranguru|20/100\n|-damage|p2b: Torkoal|42/100\n|-enditem|p2a: Oranguru|Sitrus Berry|[eat]\n|-heal|p2a: Oranguru|45/100|[from] item: Sitrus Berry\n|\n|-weather|SunnyDay|[upkeep]\n|upkeep\n|\n|t:|1776521142\n|switch|p1b: Sneasler|Sneasler, L50, M|23/100\n|turn|5\n|\n|t:|1776521158\n|move|p2b: Torkoal|Protect|p2b: Torkoal\n|-singleturn|p2b: Torkoal|Protect\n|move|p1b: Sneasler|Fake Out|p2b: Torkoal\n|-activate|p2b: Torkoal|move: Protect\n|move|p2a: Oranguru|Foul Play|p1b: Sneasler\n|-resisted|p1b: Sneasler|1\n|-damage|p1b: Sneasler|3/100\n|move|p1a: Tyranitar|Rock Slide|p2a: Oranguru|[spread] p2a\n|-activate|p2b: Torkoal|move: Protect\n|-damage|p2a: Oranguru|14/100\n|\n|-weather|SunnyDay|[upkeep]\n|-sideend|p1: test1792|move: Aurora Veil\n|-fieldend|move: Trick Room\n|upkeep\n|turn|6\n|inactive|makoyouidiot has 30 seconds left.\n|\n|t:|1776521188\n|move|p2a: Oranguru|Protect|p2a: Oranguru\n|-singleturn|p2a: Oranguru|Protect\n|move|p1b: Sneasler|Dire Claw|p2b: Torkoal\n|-damage|p2b: Torkoal|6/100\n|-status|p2b: Torkoal|slp\n|move|p1a: Tyranitar|Rock Slide|p2a: Oranguru|[spread] p2b\n|-activate|p2a: Oranguru|move: Protect\n|-supereffective|p2b: Torkoal|1\n|-crit|p2b: Torkoal\n|-damage|p2b: Torkoal|0 fnt\n|faint|p2b: Torkoal\n|\n|-weather|SunnyDay|[upkeep]\n|upkeep\n|\n|t:|1776521203\n|switch|p2b: Basculegion|Basculegion, L50, M|100/100\n|turn|7\n|\n|t:|1776521211\n|move|p2b: Basculegion|Last Respects|p1a: Tyranitar\n|-resisted|p1a: Tyranitar|1\n|-damage|p1a: Tyranitar|0 fnt\n|faint|p1a: Tyranitar\n|move|p1b: Sneasler|Dire Claw|p2a: Oranguru\n|-damage|p2a: Oranguru|0 fnt\n|faint|p2a: Oranguru\n|\n|-weather|SunnyDay|[upkeep]\n|upkeep\n|turn|8\n|inactive|makoyouidiot has 30 seconds left.\n|\n|t:|1776521237\n|move|p2b: Basculegion|Last Respects|p1b: Sneasler\n|-damage|p1b: Sneasler|0 fnt\n|faint|p1b: Sneasler\n|\n|win|makoyouidiot\n|raw|test1792's rating: 1179 &rarr; <strong>1155</strong><br />(-24 for losing)\n|raw|makoyouidiot's rating: 1191 &rarr; <strong>1215</strong><br />(+24 for winning)\n",
  "uploadtime": 1776521244,
  "views": 25,
  "formatid": "gen9championsvgc2026regma",
  "rating": 1155,
  "private": 0,
  "password": null
}