{
  "id": "gen9championsvgc2026regma-2589537521",
  "format": "[Gen 9 Champions] VGC 2026 Reg M-A",
  "players": [
    "vgcdogboy",
    "PokyFlappers"
  ],
  "log": "|j|\u2606vgcdogboy\n|j|\u2606PokyFlappers\n|t:|1776732065\n|gametype|doubles\n|player|p1|vgcdogboy|170|1118\n|player|p2|PokyFlappers|2|1210\n|gen|9\n|tier|[Gen 9 Champions] VGC 2026 Reg M-A\n|rated|\n|rule|Species Clause: Limit one of each Pok\u00e9mon\n|rule|Item Clause: Limit 1 of each item\n|clearpoke\n|poke|p1|Charizard, L50, F|\n|poke|p1|Venusaur, L50, M|\n|poke|p1|Dragapult, L50, F|\n|poke|p1|Milotic, L50, F|\n|poke|p1|Rotom-Wash, L50|\n|poke|p1|Aerodactyl, L50, F|\n|poke|p2|Steelix, L50, M, shiny|\n|poke|p2|Farigiraf, L50, M|\n|poke|p2|Incineroar, L50, M|\n|poke|p2|Torkoal, L50, M|\n|poke|p2|Sinistcha-Masterpiece, L50|\n|poke|p2|Drampa, L50, M|\n|teampreview|4\n|inactive|Battle timer is ON: inactive players will automatically lose when time's up. (requested by vgcdogboy)\n|\n|t:|1776732109\n|teamsize|p1|4\n|teamsize|p2|4\n|start\n|switch|p1a: Charizard|Charizard, L50, F|100/100\n|switch|p1b: Milotic|Milotic, L50, F|100/100\n|switch|p2a: Farigiraf|Farigiraf, L50, M|100/100\n|switch|p2b: Sinistcha|Sinistcha-Masterpiece, L50|100/100\n|turn|1\n|\n|t:|1776732134\n|detailschange|p1a: Charizard|Charizard-Mega-X, L50, F\n|-mega|p1a: Charizard|Charizard|Charizardite X\n|move|p1a: Charizard|Flare Blitz|p2a: Farigiraf\n|-damage|p2a: Farigiraf|46/100\n|-damage|p1a: Charizard|78/100|[from] Recoil\n|move|p1b: Milotic|Scald|p2a: Farigiraf\n|-damage|p2a: Farigiraf|13/100\n|move|p2b: Sinistcha|Matcha Gotcha|p1b: Milotic|[spread] p1a,p1b\n|-resisted|p1a: Charizard|2\n|-supereffective|p1b: Milotic|1\n|-damage|p1a: Charizard|73/100\n|-damage|p1b: Milotic|67/100\n|move|p2a: Farigiraf|Trick Room|p2a: Farigiraf\n|-fieldstart|move: Trick Room|[of] p2a: Farigiraf\n|\n|-heal|p1b: Milotic|73/100|[from] item: Leftovers\n|upkeep\n|turn|2\n|inactive|PokyFlappers has 30 seconds left.\n|\n|t:|1776732168\n|switch|p2a: Drampa|Drampa, L50, M|100/100\n|-ability|p2a: Drampa|Cloud Nine\n|move|p2b: Sinistcha|Rage Powder|p2b: Sinistcha\n|-singleturn|p2b: Sinistcha|move: Rage Powder\n|move|p1b: Milotic|Icy Wind|p2b: Sinistcha|[spread] p2a,p2b\n|-supereffective|p2a: Drampa|1\n|-supereffective|p2b: Sinistcha|1\n|-damage|p2a: Drampa|80/100\n|-damage|p2b: Sinistcha|79/100\n|-unboost|p2a: Drampa|spe|1\n|-unboost|p2b: Sinistcha|spe|1\n|move|p1a: Charizard|Dragon Claw|p2b: Sinistcha\n|-damage|p2b: Sinistcha|36/100\n|\n|-heal|p2b: Sinistcha|43/100|[from] item: Leftovers\n|-heal|p1b: Milotic|79/100|[from] item: Leftovers\n|upkeep\n|turn|3\n|inactive|vgcdogboy has 30 seconds left.\n|inactive|PokyFlappers has 30 seconds left.\n|\n|t:|1776732203\n|detailschange|p2a: Drampa|Drampa-Mega, L50, M\n|-mega|p2a: Drampa|Drampa|Drampanite\n|move|p1a: Charizard|Protect|p1a: Charizard\n|-singleturn|p1a: Charizard|Protect\n|move|p2a: Drampa|Hyper Voice|p1b: Milotic|[spread] p1b\n|-activate|p1a: Charizard|move: Protect\n|-damage|p1b: Milotic|43/100\n|move|p2b: Sinistcha|Life Dew|p2b: Sinistcha|[spread] p2a,p2b\n|-heal|p2a: Drampa|100/100\n|-heal|p2b: Sinistcha|68/100\n|move|p1b: Milotic|Icy Wind|p2b: Sinistcha|[spread] p2a,p2b\n|-supereffective|p2a: Drampa|1\n|-supereffective|p2b: Sinistcha|1\n|-damage|p2a: Drampa|84/100\n|-damage|p2b: Sinistcha|44/100\n|-unboost|p2a: Drampa|spe|1\n|-unboost|p2b: Sinistcha|spe|1\n|\n|-heal|p2b: Sinistcha|50/100|[from] item: Leftovers\n|-heal|p1b: Milotic|49/100|[from] item: Leftovers\n|upkeep\n|turn|4\n|inactive|PokyFlappers has 30 seconds left.\n|inactive|PokyFlappers has 20 seconds left.\n|inactive|PokyFlappers has 15 seconds left.\n|\n|t:|1776732246\n|move|p2a: Drampa|Draco Meteor|p1a: Charizard|[miss]\n|-miss|p2a: Drampa|p1a: Charizard\n|move|p2b: Sinistcha|Matcha Gotcha|p1b: Milotic|[spread] p1a\n|-miss|p2b: Sinistcha|p1b: Milotic\n|-resisted|p1a: Charizard|2\n|-crit|p1a: Charizard\n|-damage|p1a: Charizard|63/100\n|-heal|p2b: Sinistcha|56/100|[from] drain|[of] p1a: Charizard\n|move|p1b: Milotic|Icy Wind|p2b: Sinistcha|[spread] p2a\n|-miss|p1b: Milotic|p2b: Sinistcha\n|-supereffective|p2a: Drampa|1\n|-damage|p2a: Drampa|66/100\n|-unboost|p2a: Drampa|spe|1\n|move|p1a: Charizard|Dragon Claw|p2b: Sinistcha\n|-damage|p2b: Sinistcha|10/100\n|\n|-heal|p2b: Sinistcha|16/100|[from] item: Leftovers\n|-heal|p1b: Milotic|54/100|[from] item: Leftovers\n|upkeep\n|turn|5\n|inactive|PokyFlappers has 30 seconds left.\n|inactive|PokyFlappers has 20 seconds left.\n|inactive|vgcdogboy has 30 seconds left.\n|inactive|PokyFlappers has 15 seconds left.\n|inactive|PokyFlappers has 10 seconds left.\n|\n|t:|1776732293\n|move|p1a: Charizard|Protect|p1a: Charizard\n|-singleturn|p1a: Charizard|Protect\n|move|p2a: Drampa|Draco Meteor|p1b: Milotic\n|-damage|p1b: Milotic|0 fnt\n|-unboost|p2a: Drampa|spa|2\n|faint|p1b: Milotic\n|move|p2b: Sinistcha|Life Dew|p2b: Sinistcha|[spread] p2a,p2b\n|-heal|p2a: Drampa|91/100\n|-heal|p2b: Sinistcha|42/100\n|\n|-heal|p2b: Sinistcha|48/100|[from] item: Leftovers\n|-fieldend|move: Trick Room\n|upkeep\n|\n|t:|1776732303\n|switch|p1b: Aerodactyl|Aerodactyl, L50, F|100/100\n|-ability|p1b: Aerodactyl|Unnerve\n|turn|6\n|\n|t:|1776732313\n|move|p2a: Drampa|Protect|p2a: Drampa\n|-singleturn|p2a: Drampa|Protect\n|move|p1b: Aerodactyl|Dual Wingbeat|p2b: Sinistcha\n|-supereffective|p2b: Sinistcha|1\n|-damage|p2b: Sinistcha|14/100\n|-supereffective|p2b: Sinistcha|1\n|-damage|p2b: Sinistcha|0 fnt\n|faint|p2b: Sinistcha\n|-hitcount|p2: Sinistcha|2\n|move|p1a: Charizard|Dragon Claw|p2a: Drampa\n|-activate|p2a: Drampa|move: Protect\n|\n|upkeep\n|\n|t:|1776732331\n|switch|p2b: Torkoal|Torkoal, L50, M|100/100\n|-weather|SunnyDay|[from] ability: Drought|[of] p2b: Torkoal\n|turn|7\n|\n|t:|1776732350\n|switch|p2a: Farigiraf|Farigiraf, L50, M|13/100\n|move|p1a: Charizard|Protect|p1a: Charizard\n|-singleturn|p1a: Charizard|Protect\n|move|p2b: Torkoal|Protect|p2b: Torkoal\n|-singleturn|p2b: Torkoal|Protect\n|move|p1b: Aerodactyl|Rock Slide|p2a: Farigiraf|[spread] p2a\n|-activate|p2b: Torkoal|move: Protect\n|-damage|p2a: Farigiraf|0 fnt\n|faint|p2a: Farigiraf\n|\n|-weather|SunnyDay|[upkeep]\n|upkeep\n|\n|t:|1776732361\n|switch|p2a: Drampa|Drampa-Mega, L50, M|91/100\n|turn|8\n|inactive|PokyFlappers has 30 seconds left.\n|\n|t:|1776732388\n|move|p1b: Aerodactyl|Rock Slide|p2b: Torkoal|[spread] p2a,p2b\n|-supereffective|p2b: Torkoal|1\n|-damage|p2a: Drampa|66/100\n|-damage|p2b: Torkoal|50/100\n|move|p1a: Charizard|Dragon Claw|p2a: Drampa\n|-supereffective|p2a: Drampa|1\n|-damage|p2a: Drampa|0 fnt\n|faint|p2a: Drampa\n|move|p2b: Torkoal|Heat Wave|p1b: Aerodactyl|[spread] p1a,p1b\n|-resisted|p1a: Charizard|2\n|-resisted|p1b: Aerodactyl|1\n|-damage|p1a: Charizard|48/100\n|-damage|p1b: Aerodactyl|62/100\n|\n|-weather|SunnyDay|[upkeep]\n|upkeep\n|turn|9\n|-message|PokyFlappers forfeited.\n|\n|win|vgcdogboy\n|raw|vgcdogboy's rating: 1118 &rarr; <strong>1149</strong><br />(+31 for winning)\n|raw|PokyFlappers's rating: 1210 &rarr; <strong>1179</strong><br />(-31 for losing)\n|l|\u2606PokyFlappers\n|player|p2|\n",
  "uploadtime": 1776732409,
  "views": 4,
  "formatid": "gen9championsvgc2026regma",
  "rating": 1149,
  "private": 0,
  "password": null
}