{
  "id": "gen9championsvgc2026regma-2588811007",
  "format": "[Gen 9 Champions] VGC 2026 Reg M-A",
  "players": [
    "ThatOtherOneWeirdo",
    "apenhaten"
  ],
  "log": "|j|\u2606ThatOtherOneWeirdo\n|j|\u2606apenhaten\n|t:|1776673740\n|gametype|doubles\n|player|p1|ThatOtherOneWeirdo|bellelba|1037\n|player|p2|apenhaten|sabrina-gen1rb|1105\n|gen|9\n|tier|[Gen 9 Champions] VGC 2026 Reg M-A\n|rated|\n|rule|Species Clause: Limit one of each Pok\u00e9mon\n|rule|Item Clause: Limit 1 of each item\n|clearpoke\n|poke|p1|Chandelure, L50, M, shiny|\n|poke|p1|Whimsicott, L50, M, shiny|\n|poke|p1|Incineroar, L50, F, shiny|\n|poke|p1|Farigiraf, L50, F, shiny|\n|poke|p1|Crabominable, L50, F, shiny|\n|poke|p1|Orthworm, L50, F, shiny|\n|poke|p2|Tyranitar, L50, F|\n|poke|p2|Excadrill, L50, M|\n|poke|p2|Aerodactyl, L50, F|\n|poke|p2|Meganium, L50, F|\n|poke|p2|Milotic, L50, M|\n|poke|p2|Incineroar, L50, F|\n|teampreview|4\n|inactive|Battle timer is ON: inactive players will automatically lose when time's up. (requested by apenhaten)\n|inactive|ThatOtherOneWeirdo has 60 seconds left.\n|inactive|apenhaten has 60 seconds left.\n|\n|t:|1776673781\n|teamsize|p1|4\n|teamsize|p2|4\n|start\n|switch|p1a: Farigiraf|Farigiraf, L50, F, shiny|100/100\n|switch|p1b: Orthworm|Orthworm, L50, F, shiny|100/100\n|switch|p2a: Milotic|Milotic, L50, M|100/100\n|switch|p2b: Tyranitar|Tyranitar, L50, F|100/100\n|-weather|Sandstorm|[from] ability: Sand Stream|[of] p2b: Tyranitar\n|turn|1\n|inactive|apenhaten has 30 seconds left.\n|inactive|apenhaten has 20 seconds left.\n|\n|t:|1776673821\n|detailschange|p2b: Tyranitar|Tyranitar-Mega, L50, F\n|-mega|p2b: Tyranitar|Tyranitar|Tyranitarite\n|move|p2b: Tyranitar|Knock Off|p1a: Farigiraf\n|-supereffective|p1a: Farigiraf|1\n|-damage|p1a: Farigiraf|0 fnt\n|-enditem|p1a: Farigiraf|Mental Herb|[from] move: Knock Off|[of] p2b: Tyranitar\n|faint|p1a: Farigiraf\n|move|p2a: Milotic|Scald|p1b: Orthworm\n|-damage|p1b: Orthworm|63/100\n|move|p1b: Orthworm|Shed Tail|p1b: Orthworm\n|-start|p1b: Orthworm|Substitute|[from] move: Shed Tail\n|-damage|p1b: Orthworm|13/100\n|\n|t:|1776673832\n|switch|p1b: Crabominable|Crabominable, L50, F, shiny|100/100|[from] Shed Tail\n|\n|-weather|Sandstorm|[upkeep]\n|-damage|p2a: Milotic|95/100|[from] Sandstorm\n|-damage|p1b: Crabominable|94/100|[from] Sandstorm\n|-heal|p2a: Milotic|100/100|[from] item: Leftovers\n|upkeep\n|\n|t:|1776673839\n|switch|p1a: Orthworm|Orthworm, L50, F, shiny|13/100\n|turn|2\n|\n|t:|1776673859\n|detailschange|p1b: Crabominable|Crabominable-Mega, L50, F, shiny\n|-mega|p1b: Crabominable|Crabominable|Crabominite\n|move|p2b: Tyranitar|Protect|p2b: Tyranitar\n|-singleturn|p2b: Tyranitar|Protect\n|move|p2a: Milotic|Scald|p1a: Orthworm\n|-damage|p1a: Orthworm|0 fnt\n|faint|p1a: Orthworm\n|move|p1b: Crabominable|Thunder Punch|p2a: Milotic\n|-supereffective|p2a: Milotic|1\n|-crit|p2a: Milotic\n|-damage|p2a: Milotic|1/100\n|\n|-weather|Sandstorm|[upkeep]\n|-damage|p2a: Milotic|0 fnt|[from] Sandstorm\n|-damage|p1b: Crabominable|88/100|[from] Sandstorm\n|faint|p2a: Milotic\n|upkeep\n|\n|t:|1776673874\n|switch|p2a: Excadrill|Excadrill, L50, M|100/100\n|switch|p1a: Incineroar|Incineroar, L50, F, shiny|100/100\n|-ability|p1a: Incineroar|Intimidate|boost\n|-unboost|p2a: Excadrill|atk|1\n|-unboost|p2b: Tyranitar|atk|1\n|turn|3\n|\n|t:|1776673895\n|move|p2a: Excadrill|Protect|p2a: Excadrill\n|-singleturn|p2a: Excadrill|Protect\n|move|p2b: Tyranitar|Protect||[still]\n|-fail|p2b: Tyranitar\n|move|p1a: Incineroar|Fake Out|p2a: Excadrill\n|-activate|p2a: Excadrill|move: Protect\n|move|p1b: Crabominable|Drain Punch|p2b: Tyranitar\n|-supereffective|p2b: Tyranitar|2\n|-damage|p2b: Tyranitar|0 fnt\n|-heal|p1b: Crabominable|100/100|[from] drain|[of] p2b: Tyranitar\n|faint|p2b: Tyranitar\n|\n|-weather|Sandstorm|[upkeep]\n|-damage|p1a: Incineroar|95/100|[from] Sandstorm\n|-damage|p1b: Crabominable|94/100|[from] Sandstorm\n|upkeep\n|\n|t:|1776673903\n|switch|p2b: Incineroar|Incineroar, L50, F|100/100\n|-ability|p2b: Incineroar|Intimidate|boost\n|-unboost|p1a: Incineroar|atk|1\n|-immune|p1b: Crabominable\n|turn|4\n|\n|t:|1776673921\n|move|p2a: Excadrill|Rock Slide|p1a: Incineroar|[spread] p1a,p1b\n|-activate|p1b: Crabominable|move: Substitute|[damage]\n|-supereffective|p1a: Incineroar|1\n|-damage|p1a: Incineroar|69/100\n|cant|p1a: Incineroar|flinch\n|move|p2b: Incineroar|Flare Blitz|p1b: Crabominable\n|-supereffective|p1b: Crabominable|1\n|-end|p1b: Crabominable|Substitute\n|-damage|p2b: Incineroar|99/100|[from] Recoil|[of] p1b: Crabominable\n|move|p1b: Crabominable|Drain Punch|p2b: Incineroar\n|-supereffective|p2b: Incineroar|1\n|-damage|p2b: Incineroar|0 fnt\n|-heal|p1b: Crabominable|100/100|[from] drain|[of] p2b: Incineroar\n|faint|p2b: Incineroar\n|\n|-weather|Sandstorm|[upkeep]\n|-damage|p1a: Incineroar|63/100|[from] Sandstorm\n|-damage|p1b: Crabominable|94/100|[from] Sandstorm\n|upkeep\n|turn|5\n|\n|t:|1776673942\n|move|p2a: Excadrill|Rock Slide|p1a: Incineroar|[spread] p1a\n|-miss|p2a: Excadrill|p1b: Crabominable\n|-supereffective|p1a: Incineroar|1\n|-damage|p1a: Incineroar|36/100\n|-enditem|p1a: Incineroar|Sitrus Berry|[eat]\n|-heal|p1a: Incineroar|60/100|[from] item: Sitrus Berry\n|move|p1a: Incineroar|Flare Blitz|p2a: Excadrill\n|-supereffective|p2a: Excadrill|1\n|-damage|p2a: Excadrill|12/100\n|-status|p2a: Excadrill|brn\n|-damage|p1a: Incineroar|25/100|[from] Recoil\n|move|p1b: Crabominable|Drain Punch|p2a: Excadrill\n|-supereffective|p2a: Excadrill|1\n|-damage|p2a: Excadrill|0 fnt\n|-heal|p1b: Crabominable|100/100|[from] drain|[of] p2a: Excadrill\n|faint|p2a: Excadrill\n|\n|win|ThatOtherOneWeirdo\n|raw|ThatOtherOneWeirdo's rating: 1037 &rarr; <strong>1078</strong><br />(+41 for winning)\n|raw|apenhaten's rating: 1105 &rarr; <strong>1075</strong><br />(-30 for losing)\n",
  "uploadtime": 1776673970,
  "views": 10,
  "formatid": "gen9championsvgc2026regma",
  "rating": 1075,
  "private": 0,
  "password": null
}