{
  "id": "gen9championsvgc2026regma-2587391550",
  "format": "[Gen 9 Champions] VGC 2026 Reg M-A",
  "players": [
    "isacco_new",
    "AidzPlayz"
  ],
  "log": "|j|\u2606isacco_new\n|j|\u2606AidzPlayz\n|t:|1776527943\n|gametype|doubles\n|player|p1|isacco_new|101|1289\n|player|p2|AidzPlayz|ghetsis-gen5bw|1382\n|gen|9\n|tier|[Gen 9 Champions] VGC 2026 Reg M-A\n|rated|\n|rule|Species Clause: Limit one of each Pok\u00e9mon\n|rule|Item Clause: Limit 1 of each item\n|clearpoke\n|poke|p1|Pelipper, L50, F|\n|poke|p1|Basculegion, L50, M|\n|poke|p1|Meganium, L50, M|\n|poke|p1|Archaludon, L50, M|\n|poke|p1|Skarmory, L50, M|\n|poke|p1|Sneasler, L50, F|\n|poke|p2|Aerodactyl, L50, M|\n|poke|p2|Incineroar, L50, F|\n|poke|p2|Floette-Eternal, L50, F|\n|poke|p2|Basculegion, L50, M|\n|poke|p2|Garchomp, L50, F|\n|poke|p2|Sneasler, L50, M|\n|teampreview|4\n|inactive|Battle timer is ON: inactive players will automatically lose when time's up. (requested by AidzPlayz)\n|\n|t:|1776527999\n|teamsize|p1|4\n|teamsize|p2|4\n|start\n|switch|p1a: Sneasler|Sneasler, L50, F|100/100\n|switch|p1b: Pelipper|Pelipper, L50, F|100/100\n|switch|p2a: Aerodactyl|Aerodactyl, L50, M|100/100\n|switch|p2b: Floette|Floette-Eternal, L50, F|100/100\n|-ability|p2a: Aerodactyl|Unnerve\n|-weather|RainDance|[from] ability: Drizzle|[of] p1b: Pelipper\n|turn|1\n|\n|t:|1776528018\n|detailschange|p2b: Floette|Floette-Mega, L50, F\n|-mega|p2b: Floette|Floette|Floettite\n|-ability|p2b: Floette|Fairy Aura\n|move|p2b: Floette|Protect|p2b: Floette\n|-singleturn|p2b: Floette|Protect\n|move|p1a: Sneasler|Fake Out|p2a: Aerodactyl\n|-resisted|p2a: Aerodactyl|1\n|-damage|p2a: Aerodactyl|90/100\n|cant|p2a: Aerodactyl|flinch\n|move|p1b: Pelipper|Tailwind|p1b: Pelipper\n|-sidestart|p1: isacco_new|move: Tailwind\n|\n|-weather|RainDance|[upkeep]\n|upkeep\n|turn|2\n|inactive|AidzPlayz has 30 seconds left.\n|\n|t:|1776528046\n|move|p2a: Aerodactyl|Protect|p2a: Aerodactyl\n|-singleturn|p2a: Aerodactyl|Protect\n|move|p1a: Sneasler|Dire Claw|p2b: Floette\n|-supereffective|p2b: Floette|1\n|-damage|p2b: Floette|0 fnt\n|faint|p2b: Floette\n|move|p1b: Pelipper|Weather Ball|p2a: Aerodactyl\n|-activate|p2a: Aerodactyl|move: Protect\n|\n|-weather|RainDance|[upkeep]\n|upkeep\n|\n|t:|1776528059\n|switch|p2b: Basculegion|Basculegion, L50, M|100/100\n|turn|3\n|\n|t:|1776528070\n|move|p1a: Sneasler|Dire Claw|p2b: Basculegion\n|-resisted|p2b: Basculegion|1\n|-damage|p2b: Basculegion|75/100\n|move|p1b: Pelipper|Weather Ball|p2a: Aerodactyl\n|-supereffective|p2a: Aerodactyl|1\n|-damage|p2a: Aerodactyl|0 fnt\n|faint|p2a: Aerodactyl\n|move|p2b: Basculegion|Last Respects|p1b: Pelipper\n|-enditem|p1b: Pelipper|Focus Sash\n|-damage|p1b: Pelipper|1/100\n|\n|-weather|RainDance|[upkeep]\n|upkeep\n|\n|t:|1776528081\n|switch|p2a: Sneasler|Sneasler, L50, M|100/100\n|turn|4\n|inactive|isacco_new has 30 seconds left.\n|\n|t:|1776528110\n|move|p1b: Pelipper|Protect|p1b: Pelipper\n|-singleturn|p1b: Pelipper|Protect\n|move|p2a: Sneasler|Protect|p2a: Sneasler\n|-singleturn|p2a: Sneasler|Protect\n|move|p1a: Sneasler|Dire Claw|p2b: Basculegion\n|-resisted|p2b: Basculegion|1\n|-crit|p2b: Basculegion\n|-damage|p2b: Basculegion|38/100\n|move|p2b: Basculegion|Last Respects|p1a: Sneasler\n|-damage|p1a: Sneasler|0 fnt\n|faint|p1a: Sneasler\n|\n|-weather|RainDance|[upkeep]\n|-sideend|p1: isacco_new|move: Tailwind\n|upkeep\n|\n|t:|1776528125\n|switch|p1a: Skarmory|Skarmory, L50, M|100/100\n|turn|5\n|\n|t:|1776528145\n|detailschange|p1a: Skarmory|Skarmory-Mega, L50, M\n|-mega|p1a: Skarmory|Skarmory|Skarmorite\n|move|p2b: Basculegion|Last Respects|p1a: Skarmory\n|-damage|p1a: Skarmory|0 fnt\n|faint|p1a: Skarmory\n|move|p2a: Sneasler|Rock Tomb|p1b: Pelipper\n|-supereffective|p1b: Pelipper|1\n|-damage|p1b: Pelipper|0 fnt\n|faint|p1b: Pelipper\n|\n|-weather|none\n|upkeep\n|\n|t:|1776528152\n|switch|p1b: Archaludon|Archaludon, L50, M|100/100\n|turn|6\n|-message|isacco_new forfeited.\n|\n|win|AidzPlayz\n|raw|isacco_new's rating: 1289 &rarr; <strong>1271</strong><br />(-18 for losing)\n|raw|AidzPlayz's rating: 1382 &rarr; <strong>1397</strong><br />(+15 for winning)\n|l|\u2606isacco_new\n|player|p1|\n|c|\u2606AidzPlayz|how do you throw that\n|c|\u2606AidzPlayz|how\n",
  "uploadtime": 1776528160,
  "views": 25,
  "formatid": "gen9championsvgc2026regma",
  "rating": 1271,
  "private": 0,
  "password": null
}