{
  "id": "gen9championsvgc2026regma-2583968011",
  "format": "[Gen 9 Champions] VGC 2026 Reg M-A",
  "players": [
    "toririn8000",
    "capi974"
  ],
  "log": "|j|\u2606toririn8000\n|j|\u2606capi974\n|t:|1776212691\n|gametype|doubles\n|player|p1|toririn8000|rosa|1176\n|player|p2|capi974|169|1185\n|gen|9\n|tier|[Gen 9 Champions] VGC 2026 Reg M-A\n|rated|\n|rule|Species Clause: Limit one of each Pok\u00e9mon\n|rule|Item Clause: Limit 1 of each item\n|clearpoke\n|poke|p1|Slowbro, L50, F|\n|poke|p1|Sneasler, L50, F|\n|poke|p1|Sinistcha, L50|\n|poke|p1|Volcarona, L50, M|\n|poke|p1|Kingambit, L50, F|\n|poke|p1|Clefable, L50, M|\n|poke|p2|Froslass, L50, F|\n|poke|p2|Whimsicott, L50, M|\n|poke|p2|Garchomp, L50, M|\n|poke|p2|Milotic, L50, M|\n|poke|p2|Rotom-Wash, L50|\n|poke|p2|Gallade, L50, M|\n|teampreview|4\n|inactive|Battle timer is ON: inactive players will automatically lose when time's up. (requested by toririn8000)\n|inactive|toririn8000 has 60 seconds left.\n|\n|t:|1776212735\n|teamsize|p1|4\n|teamsize|p2|4\n|start\n|switch|p1a: Slowbro|Slowbro, L50, F|100/100\n|switch|p1b: Volcarona|Volcarona, L50, M|100/100\n|switch|p2a: Froslass|Froslass, L50, F|100/100\n|switch|p2b: Rotom|Rotom-Wash, L50|100/100\n|turn|1\n|\n|t:|1776212754\n|switch|p2a: Garchomp|Garchomp, L50, M|100/100\n|detailschange|p1a: Slowbro|Slowbro-Mega, L50, F\n|-mega|p1a: Slowbro|Slowbro|Slowbronite\n|move|p1a: Slowbro|Protect|p1a: Slowbro\n|-singleturn|p1a: Slowbro|Protect\n|move|p2b: Rotom|Discharge|p1b: Volcarona|[spread] p1b\n|-activate|p1a: Slowbro|move: Protect\n|-immune|p2a: Garchomp\n|-damage|p1b: Volcarona|78/100\n|move|p1b: Volcarona|Struggle Bug|p2a: Garchomp|[spread] p2a,p2b\n|-damage|p2a: Garchomp|85/100\n|-damage|p2b: Rotom|77/100\n|-unboost|p2a: Garchomp|spa|1\n|-unboost|p2b: Rotom|spa|1\n|\n|upkeep\n|turn|2\n|\n|t:|1776212769\n|switch|p1b: Clefable|Clefable, L50, M|100/100\n|move|p2a: Garchomp|Earthquake|p1b: Clefable|[spread] p1a,p1b\n|-immune|p2b: Rotom|[from] ability: Levitate\n|-damage|p1a: Slowbro|83/100\n|-damage|p1b: Clefable|62/100\n|move|p2b: Rotom|Volt Switch|p1a: Slowbro\n|-supereffective|p1a: Slowbro|1\n|-damage|p1a: Slowbro|44/100\n|\n|t:|1776212779\n|switch|p2b: Froslass|Froslass, L50, F|100/100|[from] Volt Switch\n|move|p1a: Slowbro|Calm Mind|p1a: Slowbro\n|-boost|p1a: Slowbro|spa|1\n|-boost|p1a: Slowbro|spd|1\n|\n|-heal|p1b: Clefable|68/100|[from] item: Leftovers\n|upkeep\n|turn|3\n|\n|t:|1776212789\n|detailschange|p2b: Froslass|Froslass-Mega, L50, F\n|-mega|p2b: Froslass|Froslass|Froslassite\n|-weather|Snowscape|[from] ability: Snow Warning|[of] p2b: Froslass\n|move|p1a: Slowbro|Protect|p1a: Slowbro\n|-singleturn|p1a: Slowbro|Protect\n|move|p2a: Garchomp|Earthquake|p1a: Slowbro|[spread] p2b,p1b\n|-activate|p1a: Slowbro|move: Protect\n|-damage|p2b: Froslass|57/100\n|-damage|p1b: Clefable|27/100\n|move|p2b: Froslass|Blizzard|p1b: Clefable|[spread] p1b\n|-activate|p1a: Slowbro|move: Protect\n|-damage|p1b: Clefable|0 fnt\n|faint|p1b: Clefable\n|\n|-weather|Snowscape|[upkeep]\n|upkeep\n|\n|t:|1776212806\n|switch|p1b: Sinistcha|Sinistcha, L50|100/100\n|-heal|p1a: Slowbro|69/100|[from] ability: Hospitality|[of] p1b: Sinistcha\n|turn|4\n|\n|t:|1776212820\n|switch|p1b: Volcarona|Volcarona, L50, M|78/100\n|move|p2a: Garchomp|Earthquake|p1b: Volcarona|[spread] p2b,p1a,p1b\n|-damage|p2b: Froslass|14/100\n|-damage|p1a: Slowbro|50/100\n|-damage|p1b: Volcarona|42/100\n|-enditem|p1b: Volcarona|Sitrus Berry|[eat]\n|-heal|p1b: Volcarona|67/100|[from] item: Sitrus Berry\n|move|p2b: Froslass|Shadow Ball|p1a: Slowbro\n|-supereffective|p1a: Slowbro|1\n|-damage|p1a: Slowbro|0 fnt\n|faint|p1a: Slowbro\n|\n|-weather|Snowscape|[upkeep]\n|upkeep\n|\n|t:|1776212828\n|switch|p1a: Sinistcha|Sinistcha, L50|100/100\n|-heal|p1b: Volcarona|92/100|[from] ability: Hospitality|[of] p1a: Sinistcha\n|turn|5\n|\n|t:|1776212835\n|move|p2b: Froslass|Protect|p2b: Froslass\n|-singleturn|p2b: Froslass|Protect\n|move|p2a: Garchomp|Earthquake|p1a: Sinistcha|[spread] p1a,p1b\n|-activate|p2b: Froslass|move: Protect\n|-resisted|p1a: Sinistcha|1\n|-damage|p1a: Sinistcha|84/100\n|-damage|p1b: Volcarona|59/100\n|move|p1b: Volcarona|Struggle Bug|p2a: Garchomp|[spread] p2a\n|-activate|p2b: Froslass|move: Protect\n|-damage|p2a: Garchomp|70/100\n|-unboost|p2a: Garchomp|spa|1\n|move|p1a: Sinistcha|Trick Room|p1a: Sinistcha\n|-fieldstart|move: Trick Room|[of] p1a: Sinistcha\n|\n|-weather|Snowscape|[upkeep]\n|upkeep\n|turn|6\n|\n|t:|1776212848\n|switch|p2b: Gallade|Gallade, L50, M|100/100\n|move|p1a: Sinistcha|Matcha Gotcha|p2b: Gallade|[spread] p2a,p2b\n|-damage|p2a: Garchomp|46/100\n|-heal|p1a: Sinistcha|99/100|[from] drain|[of] p2a: Garchomp\n|-damage|p2b: Gallade|77/100\n|-heal|p1a: Sinistcha|100/100|[from] drain|[of] p2b: Gallade\n|-status|p2a: Garchomp|brn\n|move|p1b: Volcarona|Struggle Bug|p2b: Gallade|[spread] p2a,p2b\n|-damage|p2a: Garchomp|30/100 brn\n|-damage|p2b: Gallade|60/100\n|-unboost|p2a: Garchomp|spa|1\n|-unboost|p2b: Gallade|spa|1\n|move|p2a: Garchomp|Earthquake|p1a: Sinistcha|[spread] p2b,p1a,p1b\n|-resisted|p1a: Sinistcha|1\n|-damage|p2b: Gallade|24/100\n|-damage|p1a: Sinistcha|92/100\n|-damage|p1b: Volcarona|43/100\n|\n|-weather|Snowscape|[upkeep]\n|-damage|p2a: Garchomp|24/100 brn|[from] brn\n|upkeep\n|turn|7\n|\n|t:|1776212870\n|move|p1b: Volcarona|Protect|p1b: Volcarona\n|-singleturn|p1b: Volcarona|Protect\n|move|p2b: Gallade|Protect|p2b: Gallade\n|-singleturn|p2b: Gallade|Protect\n|move|p1a: Sinistcha|Matcha Gotcha|p2b: Gallade|[spread] p2a\n|-activate|p2b: Gallade|move: Protect\n|-damage|p2a: Garchomp|0 fnt\n|-heal|p1a: Sinistcha|100/100|[from] drain|[of] p2a: Garchomp\n|faint|p2a: Garchomp\n|\n|-weather|none\n|upkeep\n|\n|t:|1776212873\n|switch|p2a: Rotom|Rotom-Wash, L50|77/100\n|turn|8\n|\n|t:|1776212885\n|move|p1a: Sinistcha|Matcha Gotcha|p2b: Gallade|[spread] p2a,p2b\n|-supereffective|p2a: Rotom|1\n|-damage|p2a: Rotom|14/100\n|-damage|p2b: Gallade|0 fnt\n|faint|p2b: Gallade\n|move|p1b: Volcarona|Struggle Bug|p2a: Rotom\n|-damage|p2a: Rotom|0 fnt\n|faint|p2a: Rotom\n|\n|upkeep\n|\n|t:|1776212888\n|switch|p2b: Froslass|Froslass-Mega, L50, F|14/100\n|-weather|Snowscape|[from] ability: Snow Warning|[of] p2b: Froslass\n|turn|9\n|\n|t:|1776212896\n|move|p2b: Froslass|Protect|p2b: Froslass\n|-singleturn|p2b: Froslass|Protect\n|move|p1a: Sinistcha|Life Dew||[still]|[spread] p1a,p1b\n|-fail|p1a: Sinistcha|heal\n|-heal|p1b: Volcarona|68/100\n|move|p1b: Volcarona|Struggle Bug|p2b: Froslass\n|-activate|p2b: Froslass|move: Protect\n|\n|-weather|Snowscape|[upkeep]\n|-fieldend|move: Trick Room\n|upkeep\n|turn|10\n|\n|t:|1776212904\n|move|p2b: Froslass|Blizzard|p1b: Volcarona|[spread] p1a,p1b\n|-supereffective|p1a: Sinistcha|1\n|-resisted|p1b: Volcarona|1\n|-damage|p1a: Sinistcha|25/100\n|-damage|p1b: Volcarona|47/100\n|move|p1b: Volcarona|Overheat|p2b: Froslass\n|-supereffective|p2b: Froslass|1\n|-damage|p2b: Froslass|0 fnt\n|-unboost|p1b: Volcarona|spa|2\n|faint|p2b: Froslass\n|\n|win|toririn8000\n|raw|toririn8000's rating: 1176 &rarr; <strong>1200</strong><br />(+24 for winning)\n|raw|capi974's rating: 1157 &rarr; <strong>1133</strong><br />(-24 for losing)\n|l|\u2606capi974\n|player|p2|\n",
  "uploadtime": 1776212976,
  "views": 21,
  "formatid": "gen9championsvgc2026regma",
  "rating": 1133,
  "private": 0,
  "password": null
}