{
  "id": "gen9championsvgc2026regma-2581383532",
  "format": "[Gen 9 Champions] VGC 2026 Reg M-A",
  "players": [
    "kirbybreaker",
    "soulo333"
  ],
  "log": "|j|\u2606kirbybreaker\n|j|\u2606soulo333\n|t:|1775994469\n|gametype|doubles\n|player|p1|kirbybreaker|miku-ghost|1141\n|player|p2|soulo333|2|1181\n|gen|9\n|tier|[Gen 9 Champions] VGC 2026 Reg M-A\n|rated|\n|rule|Species Clause: Limit one of each Pok\u00e9mon\n|rule|Item Clause: Limit 1 of each item\n|clearpoke\n|poke|p1|Lycanroc-Midnight, L50, M|\n|poke|p1|Tsareena, L50, F|\n|poke|p1|Froslass, L50, F|\n|poke|p1|Tauros-Paldea-Aqua, L50, M|\n|poke|p1|Raichu, L50, F|\n|poke|p1|Sneasler, L50, F|\n|poke|p2|Charizard, L50, M|\n|poke|p2|Kingambit, L50, M|\n|poke|p2|Rotom-Wash, L50|\n|poke|p2|Sinistcha, L50|\n|poke|p2|Ninetales-Alola, L50, F|\n|poke|p2|Sneasler, L50, F|\n|teampreview|4\n|\n|t:|1775994495\n|teamsize|p1|4\n|teamsize|p2|4\n|start\n|switch|p1a: Lycanroc|Lycanroc-Midnight, L50, M|100/100\n|switch|p1b: Sneasler|Sneasler, L50, F|100/100\n|switch|p2a: Kingambit|Kingambit, L50, M|100/100\n|switch|p2b: Sneasler|Sneasler, L50, F|100/100\n|turn|1\n|\n|t:|1775994503\n|switch|p1a: Tsareena|Tsareena, L50, F|100/100\n|move|p1b: Sneasler|Close Combat|p2a: Kingambit\n|-supereffective|p2a: Kingambit|2\n|-enditem|p2a: Kingambit|Chople Berry|[eat]\n|-enditem|p2a: Kingambit|Chople Berry|[weaken]\n|-damage|p2a: Kingambit|0 fnt\n|-unboost|p1b: Sneasler|def|1\n|-unboost|p1b: Sneasler|spd|1\n|faint|p2a: Kingambit\n|move|p2b: Sneasler|Close Combat|p1a: Tsareena\n|-damage|p1a: Tsareena|28/100\n|-unboost|p2b: Sneasler|def|1\n|-unboost|p2b: Sneasler|spd|1\n|-enditem|p2b: Sneasler|White Herb\n|-clearnegativeboost|p2b: Sneasler|[silent]\n|\n|upkeep\n|\n|t:|1775994513\n|switch|p2a: Ninetales|Ninetales-Alola, L50, F|100/100\n|-weather|Snowscape|[from] ability: Snow Warning|[of] p2a: Ninetales\n|turn|2\n|\n|t:|1775994539\n|move|p1b: Sneasler|Protect|p1b: Sneasler\n|-singleturn|p1b: Sneasler|Protect\n|move|p2b: Sneasler|Close Combat|p1b: Sneasler\n|-activate|p1b: Sneasler|move: Protect\n|move|p2a: Ninetales|Icy Wind|p1b: Sneasler|[spread] p1a\n|-activate|p1b: Sneasler|move: Protect\n|-supereffective|p1a: Tsareena|1\n|-damage|p1a: Tsareena|2/100\n|-unboost|p1a: Tsareena|spe|1\n|move|p1a: Tsareena|Trop Kick|p2a: Ninetales\n|-damage|p2a: Ninetales|56/100\n|-unboost|p2a: Ninetales|atk|1\n|\n|-weather|Snowscape|[upkeep]\n|upkeep\n|turn|3\n|\n|t:|1775994555\n|move|p2a: Ninetales|Protect|p2a: Ninetales\n|-singleturn|p2a: Ninetales|Protect\n|move|p2b: Sneasler|Close Combat|p1b: Sneasler\n|-resisted|p1b: Sneasler|1\n|-damage|p1b: Sneasler|7/100\n|-unboost|p2b: Sneasler|def|1\n|-unboost|p2b: Sneasler|spd|1\n|move|p1b: Sneasler|Dire Claw|p2a: Ninetales\n|-activate|p2a: Ninetales|move: Protect\n|move|p1a: Tsareena|Trop Kick|p2b: Sneasler\n|-resisted|p2b: Sneasler|1\n|-damage|p2b: Sneasler|40/100\n|-unboost|p2b: Sneasler|atk|1\n|\n|-weather|Snowscape|[upkeep]\n|upkeep\n|turn|4\n|\n|t:|1775994565\n|move|p1b: Sneasler|Protect|p1b: Sneasler\n|-singleturn|p1b: Sneasler|Protect\n|move|p2b: Sneasler|Dire Claw|p1b: Sneasler\n|-activate|p1b: Sneasler|move: Protect\n|move|p2a: Ninetales|Aurora Veil|p2a: Ninetales\n|-sidestart|p2: soulo333|move: Aurora Veil\n|move|p1a: Tsareena|Trop Kick|p2b: Sneasler\n|-resisted|p2b: Sneasler|1\n|-damage|p2b: Sneasler|0 fnt\n|faint|p2b: Sneasler\n|\n|-weather|Snowscape|[upkeep]\n|upkeep\n|\n|t:|1775994567\n|switch|p2b: Charizard|Charizard, L50, M|100/100\n|turn|5\n|\n|t:|1775994577\n|detailschange|p2b: Charizard|Charizard-Mega-X, L50, M\n|-mega|p2b: Charizard|Charizard|Charizardite X\n|move|p2a: Ninetales|Protect|p2a: Ninetales\n|-singleturn|p2a: Ninetales|Protect\n|move|p1b: Sneasler|Dire Claw|p2a: Ninetales\n|-activate|p2a: Ninetales|move: Protect\n|move|p2b: Charizard|Dragon Dance|p2b: Charizard\n|-boost|p2b: Charizard|atk|1\n|-boost|p2b: Charizard|spe|1\n|move|p1a: Tsareena|Triple Axel|p2b: Charizard\n|-damage|p2b: Charizard|96/100\n|-damage|p2b: Charizard|88/100\n|-damage|p2b: Charizard|77/100\n|-hitcount|p2b: Charizard|3\n|\n|-weather|Snowscape|[upkeep]\n|upkeep\n|turn|6\n|\n|t:|1775994592\n|move|p2b: Charizard|Dragon Claw|p1b: Sneasler\n|-damage|p1b: Sneasler|0 fnt\n|faint|p1b: Sneasler\n|move|p2a: Ninetales|Blizzard|p1a: Tsareena\n|-supereffective|p1a: Tsareena|1\n|-damage|p1a: Tsareena|0 fnt\n|faint|p1a: Tsareena\n|\n|-weather|none\n|upkeep\n|\n|t:|1775994595\n|switch|p1b: Froslass|Froslass, L50, F|100/100\n|switch|p1a: Lycanroc|Lycanroc-Midnight, L50, M|100/100\n|turn|7\n|\n|t:|1775994604\n|detailschange|p1b: Froslass|Froslass-Mega, L50, F\n|-mega|p1b: Froslass|Froslass|Froslassite\n|-weather|Snowscape|[from] ability: Snow Warning|[of] p1b: Froslass\n|move|p1a: Lycanroc|Stone Edge|p2b: Charizard\n|-supereffective|p2b: Charizard|1\n|-damage|p2b: Charizard|18/100\n|move|p2b: Charizard|Flare Blitz|p1b: Froslass\n|-supereffective|p1b: Froslass|1\n|-damage|p1b: Froslass|0 fnt\n|faint|p1b: Froslass\n|-damage|p2b: Charizard|0 fnt|[from] Recoil\n|faint|p2b: Charizard\n|move|p2a: Ninetales|Icy Wind|p1a: Lycanroc\n|-damage|p1a: Lycanroc|74/100\n|-unboost|p1a: Lycanroc|spe|1\n|\n|-weather|Snowscape|[upkeep]\n|upkeep\n|turn|8\n|\n|t:|1775994616\n|move|p2a: Ninetales|Blizzard|p1a: Lycanroc\n|-damage|p1a: Lycanroc|19/100\n|move|p1a: Lycanroc|Stone Edge|p2a: Ninetales\n|-supereffective|p2a: Ninetales|1\n|-damage|p2a: Ninetales|0 fnt\n|faint|p2a: Ninetales\n|\n|win|kirbybreaker\n|raw|kirbybreaker's rating: 1141 &rarr; <strong>1169</strong><br />(+28 for winning)\n|raw|soulo333's rating: 1181 &rarr; <strong>1153</strong><br />(-28 for losing)\n",
  "uploadtime": 1775994616,
  "views": 18,
  "formatid": "gen9championsvgc2026regma",
  "rating": 1153,
  "private": 0,
  "password": null
}