{
  "id": "gen9championsvgc2026regma-2581826287",
  "format": "[Gen 9 Champions] VGC 2026 Reg M-A",
  "players": [
    "SlashXYZ",
    "elgra"
  ],
  "log": "|j|\u2606SlashXYZ\n|j|\u2606elgra\n|t:|1776031552\n|gametype|doubles\n|player|p1|SlashXYZ|hilbert|1099\n|player|p2|elgra|102|1017\n|gen|9\n|tier|[Gen 9 Champions] VGC 2026 Reg M-A\n|rated|\n|rule|Species Clause: Limit one of each Pok\u00e9mon\n|rule|Item Clause: Limit 1 of each item\n|clearpoke\n|poke|p1|Froslass, L50, F|\n|poke|p1|Arcanine-Hisui, L50, M|\n|poke|p1|Ninetales-Alola, L50, F|\n|poke|p1|Rotom-Wash, L50|\n|poke|p1|Gyarados, L50, F|\n|poke|p1|Garchomp, L50, F|\n|poke|p2|Klefki, L50, F|\n|poke|p2|Pelipper, L50, F|\n|poke|p2|Gengar, L50, F|\n|poke|p2|Politoed, L50, F|\n|poke|p2|Archaludon, L50, M|\n|teampreview|4\nelgra has agreed to open team sheets.\n|inactive|Battle timer is ON: inactive players will automatically lose when time's up. (requested by elgra)\nSlashXYZ has agreed to open team sheets.\n|showteam|p1|Froslass||Froslassite|SnowCloak|Blizzard,Protect,NastyPlot,ShadowBall|||F|||50|]Arcanine-Hisui||ChoiceScarf|RockHead|HeadSmash,FlareBlitz,CloseCombat,WildCharge|||M|||50|]Ninetales-Alola||BrightPowder|SnowCloak|HelpingHand,AuroraVeil,DazzlingGleam,Blizzard|||F|||50|]Rotom-Wash||SitrusBerry|Levitate|VoltSwitch,HydroPump,Thunderbolt,Protect||||||50|]Gyarados||FocusSash|Intimidate|Waterfall,DragonDance,Earthquake,IceFang|||F|||50|]Garchomp||SoftSand|RoughSkin|Earthquake,DragonClaw,RockSlide,Protect|||F|||50|\n|showteam|p2|Klefki||MentalHerb|Prankster|LightScreen,Reflect,ThunderWave,FoulPlay|||F|||50|]Pelipper||ChartiBerry|Drizzle|WeatherBall,Hurricane,Tailwind,Protect|||F|||50|]Gengar||Gengarite|CursedBody|ShadowBall,SludgeWave,Disable,ClearSmog|||F|||50|]Politoed||ChoiceScarf|Drizzle|Hypnosis,PerishSong,Protect,WeatherBall|||F|||50|]Archaludon||Leftovers|Stamina|ElectroShot,DracoMeteor,Roar,FlashCannon|||M|||50|\n|inactive|SlashXYZ has 60 seconds left.\n|\n|t:|1776031611\n|teamsize|p1|4\n|teamsize|p2|4\n|start\n|switch|p1a: Froslass|Froslass, L50, F|100/100\n|switch|p1b: Garchomp|Garchomp, L50, F|100/100\n|switch|p2a: Klefki|Klefki, L50, F|100/100\n|switch|p2b: Pelipper|Pelipper, L50, F|100/100\n|-weather|RainDance|[from] ability: Drizzle|[of] p2b: Pelipper\n|turn|1\n|c|\u2606elgra|Interesting 9tails\n|inactive|SlashXYZ has 30 seconds left.\n|inactive|SlashXYZ has 20 seconds left.\n|inactive|SlashXYZ has 15 seconds left.\n|inactive|SlashXYZ has 10 seconds left.\n|\n|t:|1776031658\n|switch|p1a: Rotom|Rotom-Wash, L50|100/100\n|move|p2a: Klefki|Reflect|p2a: Klefki\n|-sidestart|p2: elgra|Reflect\n|move|p1b: Garchomp|Earthquake|p2b: Pelipper|[spread] p2a\n|-immune|p1a: Rotom|[from] ability: Levitate\n|-immune|p2b: Pelipper\n|-supereffective|p2a: Klefki|1\n|-damage|p2a: Klefki|34/100\n|move|p2b: Pelipper|Weather Ball|p1b: Garchomp\n|-damage|p1b: Garchomp|37/100\n|\n|-weather|RainDance|[upkeep]\n|upkeep\n|turn|2\n|\n|t:|1776031681\n|move|p2a: Klefki|Light Screen|p2a: Klefki\n|-sidestart|p2: elgra|move: Light Screen\n|move|p1b: Garchomp|Earthquake|p2b: Pelipper|[spread] p2a\n|-immune|p1a: Rotom|[from] ability: Levitate\n|-immune|p2b: Pelipper\n|-supereffective|p2a: Klefki|1\n|-damage|p2a: Klefki|0 fnt\n|faint|p2a: Klefki\n|move|p1a: Rotom|Volt Switch|p2b: Pelipper\n|-supereffective|p2b: Pelipper|2\n|-damage|p2b: Pelipper|0 fnt\n|faint|p2b: Pelipper\n|\n|t:|1776031703\n|switch|p1a: Froslass|Froslass, L50, F|100/100|[from] Volt Switch\n|\n|-weather|RainDance|[upkeep]\n|upkeep\n|c|\u2606elgra|Taking notes:use a electric berry lol\n|\n|t:|1776031711\n|switch|p2b: Archaludon|Archaludon, L50, M|100/100\n|switch|p2a: Gengar|Gengar, L50, F|100/100\n|turn|3\n|\n|t:|1776031726\n|detailschange|p1a: Froslass|Froslass-Mega, L50, F\n|-mega|p1a: Froslass|Froslass|Froslassite\n|-weather|Snowscape|[from] ability: Snow Warning|[of] p1a: Froslass\n|detailschange|p2a: Gengar|Gengar-Mega, L50, F\n|-mega|p2a: Gengar|Gengar|Gengarite\n|move|p1a: Froslass|Protect|p1a: Froslass\n|-singleturn|p1a: Froslass|Protect\n|move|p2a: Gengar|Disable|p1b: Garchomp\n|-start|p1b: Garchomp|Disable|Earthquake\n|cant|p1b: Garchomp|Disable|Earthquake\n|move|p2b: Archaludon|Draco Meteor|p1a: Froslass\n|-activate|p1a: Froslass|move: Protect\n|\n|-weather|Snowscape|[upkeep]\n|upkeep\n|turn|4\n|inactive|SlashXYZ has 30 seconds left.\n|inactive|SlashXYZ has 20 seconds left.\n|inactive|SlashXYZ has 15 seconds left.\n|\n|t:|1776031770\n|move|p2a: Gengar|Sludge Wave|p1b: Garchomp|[spread] p1a,p1b\n|-immune|p2b: Archaludon\n|-resisted|p1a: Froslass|1\n|-resisted|p1b: Garchomp|1\n|-damage|p1a: Froslass|75/100\n|-damage|p1b: Garchomp|11/100\n|move|p1a: Froslass|Blizzard|p2b: Archaludon|[spread] p2a,p2b\n|-damage|p2a: Gengar|63/100\n|-damage|p2b: Archaludon|62/100\n|-ability|p2b: Archaludon|Stamina|boost\n|-boost|p2b: Archaludon|def|1\n|move|p1b: Garchomp|Dragon Claw|p2a: Gengar\n|-damage|p2a: Gengar|20/100\n|move|p2b: Archaludon|Flash Cannon|p1a: Froslass\n|-supereffective|p1a: Froslass|1\n|-damage|p1a: Froslass|0 fnt\n|faint|p1a: Froslass\n|\n|-weather|Snowscape|[upkeep]\n|-heal|p2b: Archaludon|68/100|[from] item: Leftovers\n|upkeep\n|inactive|SlashXYZ has 30 seconds left.\n|\n|t:|1776031799\n|switch|p1a: Arcanine|Arcanine-Hisui, L50, M|100/100\n|turn|5\n|\n|t:|1776031822\n|move|p1a: Arcanine|Flare Blitz|p2b: Archaludon\n|-damage|p2b: Archaludon|42/100\n|-ability|p2b: Archaludon|Stamina|boost\n|-boost|p2b: Archaludon|def|1\n|move|p2a: Gengar|Sludge Wave|p1b: Garchomp|[spread] p1a,p1b\n|-immune|p2b: Archaludon\n|-resisted|p1a: Arcanine|1\n|-resisted|p1b: Garchomp|1\n|-damage|p1a: Arcanine|73/100\n|-damage|p1b: Garchomp|0 fnt\n|faint|p1b: Garchomp\n|move|p2b: Archaludon|Draco Meteor|p1a: Arcanine\n|-damage|p1a: Arcanine|0 fnt\n|-unboost|p2b: Archaludon|spa|2\n|faint|p1a: Arcanine\n|\n|-weather|Snowscape|[upkeep]\n|-heal|p2b: Archaludon|48/100|[from] item: Leftovers\n|-sideend|p2: elgra|Reflect\n|upkeep\n|c|\u2606SlashXYZ|that's rough\n|c|\u2606SlashXYZ|gg\n|-message|SlashXYZ forfeited.\n|\n|win|elgra\n|raw|SlashXYZ's rating: 1099 &rarr; <strong>1068</strong><br />(-31 for losing)\n|raw|elgra's rating: 1017 &rarr; <strong>1063</strong><br />(+46 for winning)\n|l|\u2606SlashXYZ\n|player|p1|\n|c|\u2606elgra|Ggs\n",
  "uploadtime": 1776031849,
  "views": 18,
  "formatid": "gen9championsvgc2026regma",
  "rating": 1063,
  "private": 0,
  "password": null
}