{
  "id": "gen9championsvgc2026regma-2588747730",
  "format": "[Gen 9 Champions] VGC 2026 Reg M-A",
  "players": [
    "Forbranna",
    "massan2580"
  ],
  "log": "|j|\u2606Forbranna\n|j|\u2606massan2580\n|t:|1776665513\n|gametype|doubles\n|player|p1|Forbranna|102|1539\n|player|p2|massan2580|170|1582\n|gen|9\n|tier|[Gen 9 Champions] VGC 2026 Reg M-A\n|rated|\n|rule|Species Clause: Limit one of each Pok\u00e9mon\n|rule|Item Clause: Limit 1 of each item\n|clearpoke\n|poke|p1|Meganium, L50, F|\n|poke|p1|Tyranitar, L50, M, shiny|\n|poke|p1|Excadrill, L50, F, shiny|\n|poke|p1|Aegislash, L50, M|\n|poke|p1|Sinistcha, L50|\n|poke|p1|Talonflame, L50, M, shiny|\n|poke|p2|Floette-Eternal, L50, F|\n|poke|p2|Sneasler, L50, M|\n|poke|p2|Basculegion, L50, M|\n|poke|p2|Aerodactyl, L50, M|\n|poke|p2|Kingambit, L50, M|\n|poke|p2|Garchomp, L50, F|\n|teampreview|4\n|inactive|Battle timer is ON: inactive players will automatically lose when time's up. (requested by Forbranna)\n|\n|t:|1776665543\n|teamsize|p1|4\n|teamsize|p2|4\n|start\n|switch|p1a: Charlemagne|Sinistcha, L50|100/100\n|switch|p1b: Sappho|Meganium, L50, F|100/100\n|switch|p2a: Aerodactyl|Aerodactyl, L50, M|100/100\n|switch|p2b: Garchomp|Garchomp, L50, F|100/100\n|-ability|p2a: Aerodactyl|Unnerve\n|turn|1\n|\n|t:|1776665557\n|detailschange|p1b: Sappho|Meganium-Mega, L50, F\n|-mega|p1b: Sappho|Meganium|Meganiumite\n|move|p2a: Aerodactyl|Dual Wingbeat|p1a: Charlemagne\n|-supereffective|p1a: Charlemagne|1\n|-damage|p1a: Charlemagne|72/100\n|-supereffective|p1a: Charlemagne|1\n|-damage|p1a: Charlemagne|41/100\n|-hitcount|p1a: Charlemagne|2\n|move|p2b: Garchomp|Rock Slide|p1a: Charlemagne|[spread] p1a,p1b\n|-damage|p1a: Charlemagne|25/100\n|-damage|p1b: Sappho|85/100\n|move|p1b: Sappho|Dazzling Gleam|p2a: Aerodactyl|[spread] p2a,p2b\n|-supereffective|p2b: Garchomp|1\n|-damage|p2a: Aerodactyl|46/100\n|-damage|p2b: Garchomp|25/100\n|-enditem|p2b: Garchomp|Sitrus Berry|[eat]\n|-heal|p2b: Garchomp|50/100|[from] item: Sitrus Berry\n|cant|p1a: Charlemagne|flinch\n|\n|upkeep\n|turn|2\n|inactive|massan2580 has 30 seconds left.\n|\n|t:|1776665587\n|move|p1a: Charlemagne|Rage Powder|p1a: Charlemagne\n|-singleturn|p1a: Charlemagne|move: Rage Powder\n|move|p2a: Aerodactyl|Tailwind|p2a: Aerodactyl\n|-sidestart|p2: massan2580|move: Tailwind\n|move|p2b: Garchomp|Dragon Claw|p1a: Charlemagne\n|-damage|p1a: Charlemagne|0 fnt\n|faint|p1a: Charlemagne\n|move|p1b: Sappho|Dazzling Gleam|p2a: Aerodactyl|[spread] p2a,p2b\n|-supereffective|p2b: Garchomp|1\n|-damage|p2a: Aerodactyl|0 fnt\n|-damage|p2b: Garchomp|0 fnt\n|faint|p2a: Aerodactyl\n|faint|p2b: Garchomp\n|\n|upkeep\n|\n|t:|1776665602\n|switch|p2a: Basculegion|Basculegion, L50, M|100/100\n|switch|p2b: Sneasler|Sneasler, L50, M|100/100\n|switch|p1a: Robespierre|Excadrill, L50, F, shiny|100/100\n|turn|3\n|inactive|massan2580 has 30 seconds left.\n|inactive|massan2580 has 20 seconds left.\n|inactive|massan2580 has 15 seconds left.\n|\n|t:|1776665645\n|move|p1a: Robespierre|Protect|p1a: Robespierre\n|-singleturn|p1a: Robespierre|Protect\n|move|p1b: Sappho|Protect|p1b: Sappho\n|-singleturn|p1b: Sappho|Protect\n|move|p2b: Sneasler|Fake Out|p1b: Sappho\n|-activate|p1b: Sappho|move: Protect\n|move|p2a: Basculegion|Last Respects|p1b: Sappho\n|-activate|p1b: Sappho|move: Protect\n|\n|upkeep\n|turn|4\n|\n|t:|1776665661\n|switch|p1b: Ivan IV|Tyranitar, L50, M, shiny|100/100\n|-weather|Sandstorm|[from] ability: Sand Stream|[of] p1b: Ivan IV\n|move|p2a: Basculegion|Last Respects|p1a: Robespierre\n|-enditem|p1a: Robespierre|Focus Sash\n|-damage|p1a: Robespierre|1/100\n|move|p2b: Sneasler|Close Combat|p1a: Robespierre\n|-supereffective|p1a: Robespierre|1\n|-damage|p1a: Robespierre|0 fnt\n|-unboost|p2b: Sneasler|def|1\n|-unboost|p2b: Sneasler|spd|1\n|faint|p1a: Robespierre\n|-enditem|p2b: Sneasler|White Herb\n|-clearnegativeboost|p2b: Sneasler|[silent]\n|\n|-weather|Sandstorm|[upkeep]\n|-damage|p2b: Sneasler|95/100|[from] Sandstorm\n|-damage|p2a: Basculegion|94/100|[from] Sandstorm\n|upkeep\n|\n|t:|1776665681\n|switch|p1a: Sappho|Meganium-Mega, L50, F|85/100\n|turn|5\n|\n|t:|1776665690\n|move|p1b: Ivan IV|Protect|p1b: Ivan IV\n|-singleturn|p1b: Ivan IV|Protect\n|move|p2b: Sneasler|Close Combat|p1b: Ivan IV\n|-activate|p1b: Ivan IV|move: Protect\n|move|p2a: Basculegion|Last Respects|p1b: Ivan IV\n|-activate|p1b: Ivan IV|move: Protect\n|move|p1a: Sappho|Solar Beam||[still]\n|-prepare|p1a: Sappho|Solar Beam\n|-activate|p1a: Sappho|ability: Mega Sol\n|-anim|p1a: Sappho|Solar Beam|p2a: Basculegion\n|-supereffective|p2a: Basculegion|1\n|-damage|p2a: Basculegion|0 fnt\n|faint|p2a: Basculegion\n|\n|-weather|Sandstorm|[upkeep]\n|-damage|p2b: Sneasler|89/100|[from] Sandstorm\n|-damage|p1a: Sappho|79/100|[from] Sandstorm\n|-sideend|p2: massan2580|move: Tailwind\n|upkeep\n|turn|6\n|inactive|Forbranna has 30 seconds left.\n|\n|t:|1776665715\n|move|p2b: Sneasler|Close Combat|p1b: Ivan IV\n|-supereffective|p1b: Ivan IV|2\n|-damage|p1b: Ivan IV|0 fnt\n|-unboost|p2b: Sneasler|def|1\n|-unboost|p2b: Sneasler|spd|1\n|faint|p1b: Ivan IV\n|move|p1a: Sappho|Weather Ball|p2b: Sneasler\n|-damage|p2b: Sneasler|0 fnt\n|faint|p2b: Sneasler\n|\n|win|Forbranna\n|raw|Forbranna's rating: 1539 &rarr; <strong>1561</strong><br />(+22 for winning)\n|raw|massan2580's rating: 1582 &rarr; <strong>1560</strong><br />(-22 for losing)\n|l|\u2606massan2580\n|player|p2|\n",
  "uploadtime": 1776665727,
  "views": 21,
  "formatid": "gen9championsvgc2026regma",
  "rating": 1560,
  "private": 0,
  "password": null
}