{
  "id": "gen9championsvgc2026regma-2583742039",
  "format": "[Gen 9 Champions] VGC 2026 Reg M-A",
  "players": [
    "Astraision",
    "pokecaiman"
  ],
  "log": "|j|\u2606Astraision\n|j|\u2606pokecaiman\n|t:|1776194596\n|gametype|doubles\n|player|p1|Astraision|iris-gen5bw2|1314\n|player|p2|pokecaiman|102|1226\n|gen|9\n|tier|[Gen 9 Champions] VGC 2026 Reg M-A\n|rated|\n|rule|Species Clause: Limit one of each Pok\u00e9mon\n|rule|Item Clause: Limit 1 of each item\n|clearpoke\n|poke|p1|Dragonite, L50, M|\n|poke|p1|Basculegion, L50, M|\n|poke|p1|Archaludon, L50, M|\n|poke|p1|Rotom-Wash, L50|\n|poke|p1|Scizor, L50, F|\n|poke|p1|Pelipper, L50, M|\n|poke|p2|Froslass, L50, F|\n|poke|p2|Sinistcha, L50|\n|poke|p2|Incineroar, L50, M|\n|poke|p2|Scizor, L50, F|\n|poke|p2|Dragonite, L50, M|\n|poke|p2|Sneasler, L50, M|\n|teampreview|4\n|inactive|Battle timer is ON: inactive players will automatically lose when time's up. (requested by Astraision)\n|\n|t:|1776194617\n|teamsize|p1|4\n|teamsize|p2|4\n|start\n|switch|p1a: Tsu-Shi|Basculegion, L50, M|100/100\n|switch|p1b: GlutTony|Pelipper, L50, M, shiny|100/100\n|switch|p2a: Froslass|Froslass, L50, F|100/100\n|switch|p2b: Incineroar|Incineroar, L50, M|100/100\n|-weather|RainDance|[from] ability: Drizzle|[of] p1b: GlutTony\n|-ability|p2b: Incineroar|Intimidate|boost\n|-unboost|p1a: Tsu-Shi|atk|1\n|-unboost|p1b: GlutTony|atk|1\n|turn|1\n|inactive|Astraision has 30 seconds left.\n|\n|t:|1776194643\n|detailschange|p2a: Froslass|Froslass-Mega, L50, F\n|-mega|p2a: Froslass|Froslass|Froslassite\n|-weather|Snowscape|[from] ability: Snow Warning|[of] p2a: Froslass\n|move|p2b: Incineroar|Fake Out|p1b: GlutTony\n|-damage|p1b: GlutTony|89/100\n|move|p1a: Tsu-Shi|Wave Crash|p2a: Froslass\n|-damage|p2a: Froslass|46/100\n|-damage|p1a: Tsu-Shi|87/100|[from] Recoil\n|move|p2a: Froslass|Shadow Ball|p1a: Tsu-Shi\n|-supereffective|p1a: Tsu-Shi|1\n|-damage|p1a: Tsu-Shi|0 fnt\n|faint|p1a: Tsu-Shi\n|cant|p1b: GlutTony|flinch\n|\n|-weather|Snowscape|[upkeep]\n|upkeep\n|\n|t:|1776194658\n|switch|p1a: Two Face|Scizor, L50, F|100/100\n|turn|2\n|\n|t:|1776194667\n|switch|p1b: Money|Rotom-Wash, L50, shiny|100/100\n|detailschange|p1a: Two Face|Scizor-Mega, L50, F\n|-mega|p1a: Two Face|Scizor|Scizorite\n|move|p2a: Froslass|Protect|p2a: Froslass\n|-singleturn|p2a: Froslass|Protect\n|move|p1a: Two Face|Protect|p1a: Two Face\n|-singleturn|p1a: Two Face|Protect\n|move|p2b: Incineroar|Heat Wave|p1b: Money|[spread] \n|-activate|p1a: Two Face|move: Protect\n|-miss|p2b: Incineroar|p1b: Money\n|\n|-weather|Snowscape|[upkeep]\n|upkeep\n|turn|3\n|inactive|pokecaiman has 30 seconds left.\n|\n|t:|1776194697\n|switch|p2a: Sinistcha|Sinistcha, L50|100/100\n|switch|p1b: GlutTony|Pelipper, L50, M, shiny|89/100\n|-weather|RainDance|[from] ability: Drizzle|[of] p1b: GlutTony\n|move|p1a: Two Face|Swords Dance|p1a: Two Face\n|-boost|p1a: Two Face|atk|2\n|move|p2b: Incineroar|Parting Shot|p1b: GlutTony\n|-unboost|p1b: GlutTony|atk|1\n|-unboost|p1b: GlutTony|spa|1\n|\n|t:|1776194706\n|switch|p2b: Froslass|Froslass-Mega, L50, F|46/100|[from] Parting Shot\n|-weather|Snowscape|[from] ability: Snow Warning|[of] p2b: Froslass\n|\n|-weather|Snowscape|[upkeep]\n|upkeep\n|turn|4\n|\n|t:|1776194719\n|move|p2b: Froslass|Protect|p2b: Froslass\n|-singleturn|p2b: Froslass|Protect\n|move|p1a: Two Face|Protect|p1a: Two Face\n|-singleturn|p1a: Two Face|Protect\n|move|p2a: Sinistcha|Strength Sap|p1a: Two Face\n|-activate|p1a: Two Face|move: Protect\n|move|p1b: GlutTony|Hurricane|p2a: Sinistcha\n|-supereffective|p2a: Sinistcha|1\n|-damage|p2a: Sinistcha|25/100\n|\n|-weather|Snowscape|[upkeep]\n|upkeep\n|turn|5\n|\n|t:|1776194734\n|switch|p2b: Incineroar|Incineroar, L50, M|100/100\n|-ability|p2b: Incineroar|Intimidate|boost\n|-unboost|p1a: Two Face|atk|1\n|-unboost|p1b: GlutTony|atk|1\n|switch|p1b: Money|Rotom-Wash, L50, shiny|100/100\n|move|p1a: Two Face|Bullet Punch|p2a: Sinistcha\n|-damage|p2a: Sinistcha|0 fnt\n|faint|p2a: Sinistcha\n|\n|-weather|Snowscape|[upkeep]\n|upkeep\n|\n|t:|1776194744\n|switch|p2a: Sneasler|Sneasler, L50, M|100/100\n|turn|6\n|inactive|Astraision has 30 seconds left.\n|\n|t:|1776194773\n|switch|p1a: GlutTony|Pelipper, L50, M, shiny|89/100\n|-weather|RainDance|[from] ability: Drizzle|[of] p1a: GlutTony\n|move|p2a: Sneasler|Fake Out|p1b: Money\n|-damage|p1b: Money|86/100\n|cant|p1b: Money|flinch\n|move|p2b: Incineroar|Heat Wave|p1b: Money|[spread] p1a,p1b\n|-resisted|p1a: GlutTony|1\n|-resisted|p1b: Money|1\n|-damage|p1a: GlutTony|82/100\n|-damage|p1b: Money|82/100\n|\n|-weather|RainDance|[upkeep]\n|-heal|p1b: Money|88/100|[from] item: Leftovers\n|upkeep\n|turn|7\n|inactive|Astraision has 30 seconds left.\n|\n|t:|1776194798\n|move|p1b: Money|Protect|p1b: Money\n|-singleturn|p1b: Money|Protect\n|move|p2a: Sneasler|Dire Claw|p1a: GlutTony\n|-damage|p1a: GlutTony|33/100\n|move|p1a: GlutTony|Tailwind|p1a: GlutTony\n|-sidestart|p1: Astraision|move: Tailwind\n|move|p2b: Incineroar|Darkest Lariat|p1a: GlutTony\n|-crit|p1a: GlutTony\n|-damage|p1a: GlutTony|0 fnt\n|faint|p1a: GlutTony\n|\n|-weather|RainDance|[upkeep]\n|-heal|p1b: Money|93/100|[from] item: Leftovers\n|upkeep\n|\n|t:|1776194809\n|switch|p1a: Two Face|Scizor-Mega, L50, F|100/100\n|turn|8\n|\n|t:|1776194820\n|switch|p2b: Froslass|Froslass-Mega, L50, F|46/100\n|-weather|Snowscape|[from] ability: Snow Warning|[of] p2b: Froslass\n|move|p1a: Two Face|Protect|p1a: Two Face\n|-singleturn|p1a: Two Face|Protect\n|move|p1b: Money|Hydro Pump|p2b: Froslass\n|-damage|p2b: Froslass|0 fnt\n|faint|p2b: Froslass\n|move|p2a: Sneasler|Dire Claw|p1b: Money\n|-damage|p1b: Money|55/100\n|\n|-weather|Snowscape|[upkeep]\n|-heal|p1b: Money|61/100|[from] item: Leftovers\n|upkeep\n|\n|t:|1776194827\n|switch|p2b: Incineroar|Incineroar, L50, M|100/100\n|-ability|p2b: Incineroar|Intimidate|boost\n|-unboost|p1a: Two Face|atk|1\n|-unboost|p1b: Money|atk|1\n|turn|9\n|\n|t:|1776194840\n|move|p2b: Incineroar|Fake Out|p1a: Two Face\n|-resisted|p1a: Two Face|1\n|-damage|p1a: Two Face|97/100\n|move|p1b: Money|Hydro Pump|p2b: Incineroar\n|-supereffective|p2b: Incineroar|1\n|-damage|p2b: Incineroar|38/100\n|-enditem|p2b: Incineroar|Sitrus Berry|[eat]\n|-heal|p2b: Incineroar|63/100|[from] item: Sitrus Berry\n|cant|p1a: Two Face|flinch\n|move|p2a: Sneasler|Dire Claw|p1b: Money\n|-damage|p1b: Money|20/100\n|-status|p1b: Money|psn\n|\n|-weather|Snowscape|[upkeep]\n|-heal|p1b: Money|26/100 psn|[from] item: Leftovers\n|-damage|p1b: Money|14/100 psn|[from] psn\n|upkeep\n|turn|10\n|\n|t:|1776194860\n|move|p1b: Money|Will-O-Wisp|p2a: Sneasler\n|-status|p2a: Sneasler|brn\n|move|p1a: Two Face|Close Combat|p2b: Incineroar\n|-supereffective|p2b: Incineroar|1\n|-damage|p2b: Incineroar|0 fnt\n|-unboost|p1a: Two Face|def|1\n|-unboost|p1a: Two Face|spd|1\n|faint|p2b: Incineroar\n|move|p2a: Sneasler|Close Combat|p1a: Two Face\n|-crit|p1a: Two Face\n|-damage|p1a: Two Face|40/100\n|-unboost|p2a: Sneasler|def|1\n|-unboost|p2a: Sneasler|spd|1\n|\n|-weather|Snowscape|[upkeep]\n|-heal|p1b: Money|20/100 psn|[from] item: Leftovers\n|-damage|p1b: Money|8/100 psn|[from] psn\n|-damage|p2a: Sneasler|95/100 brn|[from] brn\n|-sideend|p1: Astraision|move: Tailwind\n|upkeep\n|turn|11\n|\n|t:|1776194877\n|move|p1a: Two Face|Bullet Punch|p2a: Sneasler\n|-damage|p2a: Sneasler|33/100 brn\n|move|p2a: Sneasler|Close Combat|p1a: Two Face\n|-damage|p1a: Two Face|2/100\n|-unboost|p2a: Sneasler|def|1\n|-unboost|p2a: Sneasler|spd|1\n|move|p1b: Money|Hydro Pump|p2a: Sneasler\n|-damage|p2a: Sneasler|0 fnt\n|faint|p2a: Sneasler\n|\n|win|Astraision\n|raw|Astraision's rating: 1314 &rarr; <strong>1329</strong><br />(+15 for winning)\n|raw|pokecaiman's rating: 1226 &rarr; <strong>1207</strong><br />(-19 for losing)\n|l|\u2606pokecaiman\n|player|p2|\n",
  "uploadtime": 1776194895,
  "views": 32,
  "formatid": "gen9championsvgc2026regma",
  "rating": 1207,
  "private": 0,
  "password": null
}