{
  "id": "gen9championsvgc2026regma-2583817386",
  "format": "[Gen 9 Champions] VGC 2026 Reg M-A",
  "players": [
    "TGinge",
    "freshh to death"
  ],
  "log": "|j|\u2606TGinge\n|j|\u2606freshh to death\n|t:|1776200019\n|gametype|doubles\n|player|p1|TGinge|rocketgrunt|1325\n|player|p2|freshh to death|irida-masters|1417\n|gen|9\n|tier|[Gen 9 Champions] VGC 2026 Reg M-A\n|rated|\n|rule|Species Clause: Limit one of each Pok\u00e9mon\n|rule|Item Clause: Limit 1 of each item\n|clearpoke\n|poke|p1|Chandelure, L50, F|\n|poke|p1|Hydrapple, L50, M|\n|poke|p1|Whimsicott, L50, M|\n|poke|p1|Incineroar, L50, M|\n|poke|p1|Basculegion, L50, M|\n|poke|p1|Kingambit, L50, M|\n|poke|p2|Meganium, L50, F|\n|poke|p2|Dragonite, L50, F|\n|poke|p2|Archaludon, L50, M|\n|poke|p2|Pelipper, L50, M|\n|poke|p2|Basculegion, L50, M|\n|poke|p2|Sneasler, L50, M|\n|teampreview|4\n|inactive|Battle timer is ON: inactive players will automatically lose when time's up. (requested by freshh to death)\n|inactive|TGinge also wants the timer to be on.\n|inactive|TGinge has 60 seconds left.\n|inactive|freshh to death has 60 seconds left.\n|inactive|TGinge has 30 seconds left.\n|inactive|TGinge has 20 seconds left.\n|\n|t:|1776200090\n|teamsize|p1|4\n|teamsize|p2|4\n|start\n|switch|p1a: Whimsicott|Whimsicott, L50, M|100/100\n|switch|p1b: Chandelure|Chandelure, L50, F|100/100\n|switch|p2a: Dragonite|Dragonite, L50, F, shiny|100/100\n|switch|p2b: Sneasler|Sneasler, L50, M|100/100\n|turn|1\n|inactive|TGinge has 30 seconds left.\n|inactive|TGinge has 20 seconds left.\n|inactive|freshh to death has 30 seconds left.\n|inactive|TGinge has 15 seconds left.\n|\n|t:|1776200134\n|detailschange|p2a: Dragonite|Dragonite-Mega, L50, F, shiny\n|-mega|p2a: Dragonite|Dragonite|Dragoninite\n|detailschange|p1b: Chandelure|Chandelure-Mega, L50, F\n|-mega|p1b: Chandelure|Chandelure|Chandelurite\n|move|p1a: Whimsicott|Tailwind|p1a: Whimsicott\n|-sidestart|p1: TGinge|move: Tailwind\n|move|p1b: Chandelure|Shadow Ball|p2b: Sneasler\n|-damage|p2b: Sneasler|25/100\n|move|p2b: Sneasler|Dire Claw|p1a: Whimsicott\n|-supereffective|p1a: Whimsicott|2\n|-enditem|p1a: Whimsicott|Focus Sash\n|-damage|p1a: Whimsicott|1/100\n|move|p2a: Dragonite|Tailwind|p2a: Dragonite\n|-sidestart|p2: freshh to death|move: Tailwind\n|\n|upkeep\n|turn|2\n|inactive|TGinge has 30 seconds left.\n|inactive|TGinge has 20 seconds left.\n|\n|t:|1776200171\n|switch|p1a: Incineroar|Incineroar, L50, M|100/100\n|-ability|p1a: Incineroar|Intimidate|boost\n|-unboost|p2a: Dragonite|atk|1\n|-unboost|p2b: Sneasler|atk|1\n|-enditem|p2b: Sneasler|White Herb\n|-clearnegativeboost|p2b: Sneasler|[silent]\n|switch|p2a: Pelipper|Pelipper, L50, M|100/100\n|-weather|RainDance|[from] ability: Drizzle|[of] p2a: Pelipper\n|move|p2b: Sneasler|Protect|p2b: Sneasler\n|-singleturn|p2b: Sneasler|Protect\n|move|p1b: Chandelure|Protect||[still]\n|-fail|p1b: Chandelure\n|\n|-weather|RainDance|[upkeep]\n|upkeep\n|turn|3\n|\n|t:|1776200194\n|move|p2b: Sneasler|Protect||[still]\n|-fail|p2b: Sneasler\n|move|p1a: Incineroar|Fake Out|p2a: Pelipper\n|-damage|p2a: Pelipper|92/100\n|move|p1b: Chandelure|Shadow Ball|p2a: Pelipper\n|-damage|p2a: Pelipper|21/100\n|cant|p2a: Pelipper|flinch\n|\n|-weather|RainDance|[upkeep]\n|upkeep\n|turn|4\n|\n|t:|1776200207\n|switch|p1a: Basculegion|Basculegion, L50, M|100/100\n|move|p1b: Chandelure|Protect|p1b: Chandelure\n|-singleturn|p1b: Chandelure|Protect\n|move|p2b: Sneasler|Close Combat|p1a: Basculegion\n|-immune|p1a: Basculegion\n|move|p2a: Pelipper|Weather Ball|p1b: Chandelure\n|-activate|p1b: Chandelure|move: Protect\n|\n|-weather|RainDance|[upkeep]\n|-sideend|p2: freshh to death|move: Tailwind\n|-sideend|p1: TGinge|move: Tailwind\n|upkeep\n|turn|5\n|inactive|TGinge has 30 seconds left.\n|\n|t:|1776200232\n|move|p2b: Sneasler|Protect|p2b: Sneasler\n|-singleturn|p2b: Sneasler|Protect\n|move|p2a: Pelipper|Protect|p2a: Pelipper\n|-singleturn|p2a: Pelipper|Protect\n|move|p1a: Basculegion|Flip Turn|p2a: Pelipper\n|-activate|p2a: Pelipper|move: Protect\n|move|p1b: Chandelure|Shadow Ball|p2b: Sneasler\n|-activate|p2b: Sneasler|move: Protect\n|\n|-weather|RainDance|[upkeep]\n|upkeep\n|turn|6\n|\n|t:|1776200248\n|move|p2b: Sneasler|Close Combat|p1a: Basculegion\n|-immune|p1a: Basculegion\n|move|p1a: Basculegion|Flip Turn|p2b: Sneasler\n|-damage|p2b: Sneasler|0 fnt\n|faint|p2b: Sneasler\n|inactive|TGinge has 30 seconds left.\n|inactive|TGinge has 20 seconds left.\n|inactive|TGinge has 15 seconds left.\n|inactive|TGinge has 10 seconds left.\n|\n|t:|1776200294\n|switch|p1a: Whimsicott|Whimsicott, L50, M|1/100|[from] Flip Turn\n|move|p1b: Chandelure|Shadow Ball|p2a: Pelipper\n|-damage|p2a: Pelipper|0 fnt\n|faint|p2a: Pelipper\n|\n|-weather|none\n|upkeep\n|\n|t:|1776200300\n|switch|p2b: Dragonite|Dragonite-Mega, L50, F, shiny|100/100\n|switch|p2a: Basculegion|Basculegion, L50, M|100/100\n|turn|7\n|\n|t:|1776200316\n|move|p2a: Basculegion|Aqua Jet|p1a: Whimsicott\n|-resisted|p1a: Whimsicott|1\n|-damage|p1a: Whimsicott|0 fnt\n|faint|p1a: Whimsicott\n|move|p2b: Dragonite|Tailwind|p2b: Dragonite\n|-sidestart|p2: freshh to death|move: Tailwind\n|move|p1b: Chandelure|Shadow Ball|p2a: Basculegion\n|-supereffective|p2a: Basculegion|1\n|-damage|p2a: Basculegion|0 fnt\n|faint|p2a: Basculegion\n|\n|upkeep\n|\n|t:|1776200324\n|switch|p1a: Incineroar|Incineroar, L50, M|100/100\n|-ability|p1a: Incineroar|Intimidate|boost\n|-unboost|p2b: Dragonite|atk|1\n|turn|8\n|\n|t:|1776200333\n|move|p2b: Dragonite|Protect|p2b: Dragonite\n|-singleturn|p2b: Dragonite|Protect\n|move|p1a: Incineroar|Fake Out|p2b: Dragonite\n|-activate|p2b: Dragonite|move: Protect\n|move|p1b: Chandelure|Shadow Ball|p2b: Dragonite\n|-activate|p2b: Dragonite|move: Protect\n|\n|upkeep\n|turn|9\n|\n|t:|1776200347\n|move|p2b: Dragonite|Hurricane|p1b: Chandelure\n|-damage|p1b: Chandelure|27/100\n|move|p1b: Chandelure|Shadow Ball|p2b: Dragonite\n|-damage|p2b: Dragonite|76/100\n|-unboost|p2b: Dragonite|spd|1\n|move|p1a: Incineroar|Throat Chop|p2b: Dragonite\n|-damage|p2b: Dragonite|44/100\n|-start|p2b: Dragonite|Throat Chop|[silent]\n|\n|upkeep\n|turn|10\n|\n|t:|1776200356\n|move|p1b: Chandelure|Protect|p1b: Chandelure\n|-singleturn|p1b: Chandelure|Protect\n|move|p2b: Dragonite|Hurricane|p1b: Chandelure\n|-activate|p1b: Chandelure|move: Protect\n|move|p1a: Incineroar|Parting Shot|p2b: Dragonite\n|-unboost|p2b: Dragonite|atk|1\n|-unboost|p2b: Dragonite|spa|1\n|\n|t:|1776200366\n|switch|p1a: Basculegion|Basculegion, L50, M|100/100|[from] Parting Shot\n|\n|-end|p2b: Dragonite|Throat Chop|[silent]\n|-sideend|p2: freshh to death|move: Tailwind\n|upkeep\n|turn|11\n|\n|t:|1776200370\n|move|p1a: Basculegion|Last Respects|p2b: Dragonite\n|-crit|p2b: Dragonite\n|-damage|p2b: Dragonite|0 fnt\n|faint|p2b: Dragonite\n|\n|win|TGinge\n|raw|TGinge's rating: 1325 &rarr; <strong>1350</strong><br />(+25 for winning)\n|raw|freshh to death's rating: 1417 &rarr; <strong>1392</strong><br />(-25 for losing)\n|l|\u2606freshh to death\n|player|p2|\n",
  "uploadtime": 1776200379,
  "views": 30,
  "formatid": "gen9championsvgc2026regma",
  "rating": 1350,
  "private": 0,
  "password": null
}