{
  "id": "gen9championsvgc2026regma-2586680713",
  "format": "[Gen 9 Champions] VGC 2026 Reg M-A",
  "players": [
    "catpotatt",
    "Maatiiiii"
  ],
  "log": "|j|\u2606catpotatt\n|j|\u2606Maatiiiii\n|t:|1776451704\n|gametype|doubles\n|player|p1|catpotatt|roxie|1352\n|player|p2|Maatiiiii|firebreather|1372\n|gen|9\n|tier|[Gen 9 Champions] VGC 2026 Reg M-A\n|rated|\n|rule|Species Clause: Limit one of each Pok\u00e9mon\n|rule|Item Clause: Limit 1 of each item\n|clearpoke\n|poke|p1|Basculegion, L50, M|\n|poke|p1|Floette-Eternal, L50, F|\n|poke|p1|Talonflame, L50, F|\n|poke|p1|Garchomp, L50, M|\n|poke|p1|Gardevoir, L50, F|\n|poke|p1|Rotom-Heat, L50|\n|poke|p2|Floette-Eternal, L50, F|\n|poke|p2|Sneasler, L50, M|\n|poke|p2|Delphox, L50, M|\n|poke|p2|Garchomp, L50, F|\n|poke|p2|Maushold, L50|\n|poke|p2|Kingambit, L50, M|\n|teampreview|4\n|\n|t:|1776451751\n|teamsize|p1|4\n|teamsize|p2|4\n|start\n|switch|p1a: Garchomp|Garchomp, L50, M|100/100\n|switch|p1b: Gardevoir|Gardevoir, L50, F|100/100\n|switch|p2a: Sneasler|Sneasler, L50, M|100/100\n|switch|p2b: Kingambit|Kingambit, L50, M|100/100\n|turn|1\n|inactive|Battle timer is ON: inactive players will automatically lose when time's up. (requested by Maatiiiii)\n|inactive|Maatiiiii has 60 seconds left.\n|inactive|Maatiiiii has 30 seconds left.\n|\n|t:|1776451815\n|move|p1b: Gardevoir|Protect|p1b: Gardevoir\n|-singleturn|p1b: Gardevoir|Protect\n|move|p2a: Sneasler|Fake Out|p1a: Garchomp\n|-damage|p1a: Garchomp|85/100\n|-damage|p2a: Sneasler|88/100|[from] ability: Rough Skin|[of] p1a: Garchomp\n|cant|p1a: Garchomp|flinch\n|move|p2b: Kingambit|Kowtow Cleave|p1b: Gardevoir\n|-activate|p1b: Gardevoir|move: Protect\n|\n|upkeep\n|turn|2\n|inactive|Maatiiiii has 30 seconds left.\n|inactive|Maatiiiii has 20 seconds left.\n|inactive|Maatiiiii has 15 seconds left.\n|\n|t:|1776451858\n|move|p2a: Sneasler|Dire Claw|p1b: Gardevoir\n|-supereffective|p1b: Gardevoir|1\n|-enditem|p1b: Gardevoir|Focus Sash\n|-damage|p1b: Gardevoir|1/100\n|-status|p1b: Gardevoir|slp\n|move|p1a: Garchomp|Earthquake|p2a: Sneasler|[spread] p2a,p2b\n|-activate|p1b: Gardevoir|ability: Telepathy\n|-supereffective|p2a: Sneasler|1\n|-supereffective|p2b: Kingambit|1\n|-damage|p2a: Sneasler|0 fnt\n|-damage|p2b: Kingambit|32/100\n|faint|p2a: Sneasler\n|cant|p1b: Gardevoir|slp\n|move|p2b: Kingambit|Kowtow Cleave|p1b: Gardevoir\n|-damage|p1b: Gardevoir|0 fnt\n|faint|p1b: Gardevoir\n|\n|upkeep\n|\n|t:|1776451876\n|switch|p2a: Floette|Floette-Eternal, L50, F|100/100\n|switch|p1b: Talonflame|Talonflame, L50, F|100/100\n|turn|3\n|inactive|Maatiiiii has 30 seconds left.\n|\n|t:|1776451905\n|move|p2a: Floette|Protect|p2a: Floette\n|-singleturn|p2a: Floette|Protect\n|move|p1b: Talonflame|Tailwind|p1b: Talonflame\n|-sidestart|p1: catpotatt|move: Tailwind\n|move|p2b: Kingambit|Sucker Punch|p1a: Garchomp\n|-damage|p1a: Garchomp|45/100\n|-damage|p2b: Kingambit|20/100|[from] ability: Rough Skin|[of] p1a: Garchomp\n|move|p1a: Garchomp|Earthquake|p2b: Kingambit|[spread] p2b\n|-activate|p2a: Floette|move: Protect\n|-immune|p1b: Talonflame\n|-supereffective|p2b: Kingambit|1\n|-damage|p2b: Kingambit|0 fnt\n|faint|p2b: Kingambit\n|\n|upkeep\n|\n|t:|1776451918\n|switch|p2b: Maushold|Maushold, L50|100/100\n|turn|4\n|\n|t:|1776451927\n|detailschange|p2a: Floette|Floette-Mega, L50, F\n|-mega|p2a: Floette|Floette|Floettite\n|-ability|p2a: Floette|Fairy Aura\n|move|p2b: Maushold|Follow Me|p2b: Maushold\n|-singleturn|p2b: Maushold|move: Follow Me\n|move|p1b: Talonflame|Dual Wingbeat|p2b: Maushold\n|-damage|p2b: Maushold|85/100\n|-damage|p2b: Maushold|70/100\n|-hitcount|p2b: Maushold|2\n|move|p1a: Garchomp|Earthquake|p2a: Floette|[spread] p2a,p2b\n|-immune|p1b: Talonflame\n|-damage|p2a: Floette|60/100\n|-damage|p2b: Maushold|36/100\n|move|p2a: Floette|Dazzling Gleam|p1a: Garchomp|[spread] p1a,p1b\n|-supereffective|p1a: Garchomp|1\n|-resisted|p1b: Talonflame|1\n|-damage|p1a: Garchomp|0 fnt\n|-damage|p1b: Talonflame|61/100\n|faint|p1a: Garchomp\n|\n|upkeep\n|\n|t:|1776451938\n|switch|p1a: Floette|Floette-Eternal, L50, F|100/100\n|turn|5\n|inactive|Maatiiiii has 30 seconds left.\n|inactive|Maatiiiii has 20 seconds left.\n|\n|t:|1776451977\n|detailschange|p1a: Floette|Floette-Mega, L50, F\n|-mega|p1a: Floette|Floette|Floettite\n|-ability|p1a: Floette|Fairy Aura\n|move|p2a: Floette|Protect|p2a: Floette\n|-singleturn|p2a: Floette|Protect\n|move|p1b: Talonflame|Overheat|p2b: Maushold\n|-damage|p2b: Maushold|0 fnt\n|-unboost|p1b: Talonflame|spa|2\n|faint|p2b: Maushold\n|move|p1a: Floette|Moonblast|p2a: Floette\n|-activate|p2a: Floette|move: Protect\n|\n|upkeep\n|turn|6\n|-message|Maatiiiii forfeited.\n|\n|win|catpotatt\n|raw|catpotatt's rating: 1352 &rarr; <strong>1373</strong><br />(+21 for winning)\n|raw|Maatiiiii's rating: 1372 &rarr; <strong>1351</strong><br />(-21 for losing)\n|l|\u2606Maatiiiii\n|player|p2|\n|c|\u2606catpotatt|gg\n",
  "uploadtime": 1776451992,
  "views": 39,
  "formatid": "gen9championsvgc2026regma",
  "rating": 1351,
  "private": 0,
  "password": null
}