{
  "id": "gen9championsvgc2026regma-2583026537",
  "format": "[Gen 9 Champions] VGC 2026 Reg M-A",
  "players": [
    "Sablewile",
    "haydnjm31"
  ],
  "log": "|j|\u2606Sablewile\n|j|\u2606haydnjm31\n|t:|1776134538\n|gametype|doubles\n|player|p1|Sablewile|265|1279\n|player|p2|haydnjm31|gardenia|1259\n|gen|9\n|tier|[Gen 9 Champions] VGC 2026 Reg M-A\n|rated|\n|rule|Species Clause: Limit one of each Pok\u00e9mon\n|rule|Item Clause: Limit 1 of each item\n|clearpoke\n|poke|p1|Gengar, L50, F|\n|poke|p1|Incineroar, L50, M|\n|poke|p1|Corviknight, L50, M|\n|poke|p1|Politoed, L50, F|\n|poke|p1|Raichu, L50, F|\n|poke|p1|Basculegion, L50, M|\n|poke|p2|Weavile, L50, F|\n|poke|p2|Froslass, L50, F|\n|poke|p2|Talonflame, L50, F|\n|poke|p2|Meganium, L50, M|\n|poke|p2|Sneasler, L50, M|\n|poke|p2|Kingambit, L50, M|\n|teampreview|4\n|j| Megaknightshade\n|c|\u2606haydnjm31|NOOOOO\n|c|\u2606haydnjm31|I hate perish trap :(\n|c|\u2606haydnjm31|Glhf :(\n|c| Megaknightshade|oof\n|inactive|Battle timer is ON: inactive players will automatically lose when time's up. (requested by haydnjm31)\n|\n|t:|1776134603\n|teamsize|p1|4\n|teamsize|p2|4\n|start\n|switch|p1a: Corviknight|Corviknight, L50, M|100/100\n|switch|p1b: Incineroar|Incineroar, L50, M|100/100\n|switch|p2a: Froslass|Froslass, L50, F|100/100\n|switch|p2b: Kingambit|Kingambit, L50, M|100/100\n|-ability|p1b: Incineroar|Intimidate|boost\n|-unboost|p2a: Froslass|atk|1\n|-unboost|p2b: Kingambit|atk|1\n|-ability|p2b: Kingambit|Defiant|boost\n|-boost|p2b: Kingambit|atk|2\n|turn|1\n|c|\u2606haydnjm31|Oh god not only that but I have to lose with someone watching lmao\n|inactive|haydnjm31 has 30 seconds left.\n|inactive|Sablewile has 30 seconds left.\n|inactive|Sablewile has 20 seconds left.\n|inactive|Sablewile has 15 seconds left.\n|c| Megaknightshade|hi I like watching people suffer :)\n|inactive|Sablewile has 10 seconds left.\n|inactive|Sablewile has 5 seconds left.\n|\n|t:|1776134659\n|move|p2a: Froslass|Protect|p2a: Froslass\n|-singleturn|p2a: Froslass|Protect\n|move|p2b: Kingambit|Protect|p2b: Kingambit\n|-singleturn|p2b: Kingambit|Protect\n|move|p1a: Corviknight|Iron Defense|p1a: Corviknight\n|-boost|p1a: Corviknight|def|2\n|move|p1b: Incineroar|Flare Blitz|p2a: Froslass\n|-activate|p2a: Froslass|move: Protect\n|\n|upkeep\n|turn|2\n|c|\u2606haydnjm31|Then you're gonna love this\n|c|\u2606haydnjm31|WHAT\n|inactive|haydnjm31 has 30 seconds left.\n|\n|t:|1776134690\n|switch|p2a: Weavile|Weavile, L50, F|100/100\n|-ability|p2a: Weavile|Pressure\n|move|p1a: Corviknight|Body Press|p2b: Kingambit\n|-supereffective|p2b: Kingambit|2\n|-damage|p2b: Kingambit|0 fnt\n|faint|p2b: Kingambit\n|move|p1b: Incineroar|Flare Blitz|p2a: Weavile\n|-supereffective|p2a: Weavile|1\n|-crit|p2a: Weavile\n|-damage|p2a: Weavile|0 fnt\n|faint|p2a: Weavile\n|-damage|p1b: Incineroar|76/100|[from] Recoil\n|\n|upkeep\n|c|\u2606haydnjm31|OMG\n|c|\u2606haydnjm31|Good game lmao\n|\n|t:|1776134702\n|switch|p2a: Froslass|Froslass, L50, F|100/100\n|switch|p2b: Sneasler|Sneasler, L50, M|100/100\n|turn|3\n|inactive|Sablewile has 30 seconds left.\n|inactive|Sablewile has 20 seconds left.\n|inactive|haydnjm31 has 30 seconds left.\n|inactive|Sablewile has 15 seconds left.\n|inactive|haydnjm31 has 20 seconds left.\n|\n|t:|1776134751\n|detailschange|p2a: Froslass|Froslass-Mega, L50, F\n|-mega|p2a: Froslass|Froslass|Froslassite\n|-weather|Snowscape|[from] ability: Snow Warning|[of] p2a: Froslass\n|move|p1a: Corviknight|Protect|p1a: Corviknight\n|-singleturn|p1a: Corviknight|Protect\n|move|p2a: Froslass|Aurora Veil|p2a: Froslass\n|-sidestart|p2: haydnjm31|move: Aurora Veil\n|move|p2b: Sneasler|Close Combat|p1b: Incineroar\n|-supereffective|p1b: Incineroar|1\n|-damage|p1b: Incineroar|0 fnt\n|-unboost|p2b: Sneasler|def|1\n|-unboost|p2b: Sneasler|spd|1\n|faint|p1b: Incineroar\n|\n|-weather|Snowscape|[upkeep]\n|upkeep\n|\n|t:|1776134756\n|switch|p1b: Politoed|Politoed, L50, F|100/100\n|-weather|RainDance|[from] ability: Drizzle|[of] p1b: Politoed\n|turn|4\n|\n|t:|1776134770\n|move|p2b: Sneasler|Close Combat|p1b: Politoed\n|-damage|p1b: Politoed|38/100\n|-unboost|p2b: Sneasler|def|1\n|-unboost|p2b: Sneasler|spd|1\n|move|p2a: Froslass|Shadow Ball|p1b: Politoed\n|-damage|p1b: Politoed|0 fnt\n|faint|p1b: Politoed\n|move|p1a: Corviknight|Roost||[still]\n|-fail|p1a: Corviknight|heal\n|\n|-weather|RainDance|[upkeep]\n|upkeep\n|c|\u2606haydnjm31|WOOOO I only wanted to avoid perish lmao\n|\n|t:|1776134790\n|switch|p1b: Gengar|Gengar, L50, F|100/100\n|turn|5\n|inactive|Sablewile has 30 seconds left.\n|inactive|Sablewile has 20 seconds left.\n|inactive|haydnjm31 has 30 seconds left.\n|\n|t:|1776134834\n|detailschange|p1b: Gengar|Gengar-Mega, L50, F\n|-mega|p1b: Gengar|Gengar|Gengarite\n|move|p2b: Sneasler|Protect|p2b: Sneasler\n|-singleturn|p2b: Sneasler|Protect\n|move|p1b: Gengar|Perish Song|p1b: Gengar\n|-start|p1a: Corviknight|perish3|[silent]\n|-start|p1b: Gengar|perish3|[silent]\n|-start|p2a: Froslass|perish3|[silent]\n|-start|p2b: Sneasler|perish3|[silent]\n|-fieldactivate|move: Perish Song\n|move|p2a: Froslass|Shadow Ball|p1b: Gengar\n|-supereffective|p1b: Gengar|1\n|-crit|p1b: Gengar\n|-damage|p1b: Gengar|0 fnt\n|faint|p1b: Gengar\n|move|p1a: Corviknight|Iron Defense|p1a: Corviknight\n|-boost|p1a: Corviknight|def|2\n|\n|-weather|RainDance|[upkeep]\n|-start|p2b: Sneasler|perish3\n|-start|p2a: Froslass|perish3\n|-start|p1a: Corviknight|perish3\n|upkeep\n|turn|6\n|c|\u2606haydnjm31|WHEN DID YOU LEARN THAT OH MY GOD\n|\n|t:|1776134857\n|move|p1a: Corviknight|Protect|p1a: Corviknight\n|-singleturn|p1a: Corviknight|Protect\n|move|p2a: Froslass|Shadow Ball|p1a: Corviknight\n|-activate|p1a: Corviknight|move: Protect\n|move|p2b: Sneasler|Close Combat|p1a: Corviknight\n|-activate|p1a: Corviknight|move: Protect\n|\n|-weather|RainDance|[upkeep]\n|-start|p2b: Sneasler|perish2\n|-start|p2a: Froslass|perish2\n|-start|p1a: Corviknight|perish2\n|upkeep\n|turn|7\n|\n|t:|1776134870\n|move|p2a: Froslass|Shadow Ball|p1a: Corviknight\n|-damage|p1a: Corviknight|54/100\n|move|p2b: Sneasler|Close Combat|p1a: Corviknight\n|-damage|p1a: Corviknight|36/100\n|-unboost|p2b: Sneasler|def|1\n|-unboost|p2b: Sneasler|spd|1\n|move|p1a: Corviknight|Roost|p1a: Corviknight\n|-heal|p1a: Corviknight|86/100\n|-singleturn|p1a: Corviknight|move: Roost\n|\n|-weather|RainDance|[upkeep]\n|-heal|p1a: Corviknight|92/100|[from] item: Leftovers\n|-start|p2b: Sneasler|perish1\n|-start|p2a: Froslass|perish1\n|-start|p1a: Corviknight|perish1\n|-sideend|p2: haydnjm31|move: Aurora Veil\n|upkeep\n|turn|8\n|\n|t:|1776134883\n|move|p1a: Corviknight|Protect|p1a: Corviknight\n|-singleturn|p1a: Corviknight|Protect\n|move|p2a: Froslass|Shadow Ball|p1a: Corviknight\n|-activate|p1a: Corviknight|move: Protect\n|move|p2b: Sneasler|Close Combat|p1a: Corviknight\n|-activate|p1a: Corviknight|move: Protect\n|\n|-weather|none\n|-heal|p1a: Corviknight|98/100|[from] item: Leftovers\n|-start|p2b: Sneasler|perish0\n|-start|p2a: Froslass|perish0\n|-start|p1a: Corviknight|perish0\n|faint|p2b: Sneasler\n|faint|p2a: Froslass\n|faint|p1a: Corviknight\n|\n|win|Sablewile\n|raw|Sablewile's rating: 1279 &rarr; <strong>1303</strong><br />(+24 for winning)\n|raw|haydnjm31's rating: 1259 &rarr; <strong>1235</strong><br />(-24 for losing)\n|c|\u2606haydnjm31|Ggs you got me so bad there lmao\n|l|\u2606haydnjm31\n|player|p2|\n|c|\u2606Sablewile|gg\n|l| Megaknightshade\n",
  "uploadtime": 1776134930,
  "views": 38,
  "formatid": "gen9championsvgc2026regma",
  "rating": 1235,
  "private": 0,
  "password": null
}