{
  "id": "gen9championsvgc2026regma-2587360244",
  "format": "[Gen 9 Champions] VGC 2026 Reg M-A",
  "players": [
    "Garderoar",
    "skymin<3"
  ],
  "log": "|j|\u2606Garderoar\n|j|\u2606skymin<3\n|t:|1776525245\n|gametype|doubles\n|player|p1|Garderoar|102|1502\n|player|p2|skymin<3|#skymin3|1576\n|gen|9\n|tier|[Gen 9 Champions] VGC 2026 Reg M-A\n|rated|\n|rule|Species Clause: Limit one of each Pok\u00e9mon\n|rule|Item Clause: Limit 1 of each item\n|clearpoke\n|poke|p1|Basculegion, L50, M|\n|poke|p1|Maushold-Four, L50|\n|poke|p1|Gardevoir, L50, M|\n|poke|p1|Corviknight, L50, F|\n|poke|p1|Incineroar, L50, F|\n|poke|p1|Mudsdale, L50, F|\n|poke|p2|Delphox, L50, M, shiny|\n|poke|p2|Aegislash, L50, M|\n|poke|p2|Meowscarada, L50, F, shiny|\n|poke|p2|Primarina, L50, M, shiny|\n|poke|p2|Garchomp, L50, M, shiny|\n|poke|p2|Sneasler, L50, F|\n|teampreview|4\n|inactive|Battle timer is ON: inactive players will automatically lose when time's up. (requested by skymin<3)\n|\n|t:|1776525332\n|teamsize|p1|4\n|teamsize|p2|4\n|start\n|switch|p1a: Incineroar|Incineroar, L50, F|100/100\n|switch|p1b: Gardevoir|Gardevoir, L50, M|100/100\n|switch|p2a: Neferpitou|Meowscarada, L50, F, shiny|100/100\n|switch|p2b: Eclipsa|Delphox, L50, M, shiny|100/100\n|-ability|p1b: Gardevoir|Blaze|Trace|[from] ability: Trace|[of] p2b: Eclipsa\n|-ability|p1a: Incineroar|Intimidate|boost\n|-unboost|p2a: Neferpitou|atk|1\n|-unboost|p2b: Eclipsa|atk|1\n|turn|1\n|j| NoobPSguy\n|inactive|Garderoar has 30 seconds left.\n|inactive|Garderoar has 20 seconds left.\n|inactive|Garderoar has 15 seconds left.\n|\n|t:|1776525374\n|switch|p2a: Malos|Aegislash, L50, M|100/100\n|switch|p1a: Basculegion|Basculegion, L50, M|100/100\n|detailschange|p2b: Eclipsa|Delphox-Mega, L50, M, shiny\n|-mega|p2b: Eclipsa|Delphox|Delphoxite\n|move|p2b: Eclipsa|Protect|p2b: Eclipsa\n|-singleturn|p2b: Eclipsa|Protect\n|move|p1b: Gardevoir|Protect||[still]\n|-fail|p1b: Gardevoir\n|\n|upkeep\n|turn|2\n|j| 12em2970\n|l| NoobPSguy\n|inactive|skymin<3 has 30 seconds left.\n|inactive|Garderoar has 30 seconds left.\n|inactive|skymin<3 has 20 seconds left.\n|inactive|skymin<3 has 15 seconds left.\n|inactive|Garderoar has 20 seconds left.\n|inactive|skymin<3 has 10 seconds left.\n|inactive|skymin<3 has 5 seconds left.\n|\n|t:|1776525424\n|switch|p2b: Yunhae|Primarina, L50, M, shiny|100/100\n|switch|p1b: Incineroar|Incineroar, L50, F|100/100\n|-ability|p1b: Incineroar|Intimidate|boost\n|-unboost|p2a: Malos|atk|1\n|-unboost|p2b: Yunhae|atk|1\n|move|p1a: Basculegion|Flip Turn|p2b: Yunhae\n|-resisted|p2b: Yunhae|1\n|-damage|p2b: Yunhae|78/100\n|\n|t:|1776525435\n|switch|p1a: Corviknight|Corviknight, L50, F|100/100|[from] Flip Turn\n|-formechange|p2a: Malos|Aegislash-Blade|\n|move|p2a: Malos|Poltergeist|p1b: Incineroar\n|-activate|p1b: Incineroar|move: Poltergeist|Shuca Berry\n|-resisted|p1b: Incineroar|1\n|-damage|p1b: Incineroar|80/100\n|\n|upkeep\n|turn|3\n|inactive|skymin<3 has 30 seconds left.\n|j| Alexernea\n|inactive|skymin<3 has 20 seconds left.\n|inactive|skymin<3 has 15 seconds left.\n|\n|t:|1776525475\n|move|p1b: Incineroar|Fake Out|p2b: Yunhae\n|-damage|p2b: Yunhae|66/100\n|move|p1a: Corviknight|Tailwind|p1a: Corviknight\n|-sidestart|p1: Garderoar|move: Tailwind\n|move|p2a: Malos|Sacred Sword|p1b: Incineroar\n|-supereffective|p1b: Incineroar|1\n|-damage|p1b: Incineroar|34/100\n|cant|p2b: Yunhae|flinch\n|\n|upkeep\n|turn|4\n|inactive|skymin<3 has 30 seconds left.\n|inactive|skymin<3 has 20 seconds left.\n|\n|t:|1776525514\n|move|p1a: Corviknight|Bulk Up|p1a: Corviknight\n|-boost|p1a: Corviknight|atk|1\n|-boost|p1a: Corviknight|def|1\n|move|p1b: Incineroar|Throat Chop|p2b: Yunhae\n|-resisted|p2b: Yunhae|1\n|-damage|p2b: Yunhae|50/100\n|-start|p2b: Yunhae|Throat Chop|[silent]\n|move|p2a: Malos|Poltergeist|p1a: Corviknight\n|-activate|p1a: Corviknight|move: Poltergeist|Leftovers\n|-damage|p1a: Corviknight|72/100\n|move|p2b: Yunhae|Moonblast|p1b: Incineroar\n|-damage|p1b: Incineroar|0 fnt\n|faint|p1b: Incineroar\n|\n|-heal|p1a: Corviknight|79/100|[from] item: Leftovers\n|upkeep\n|\n|t:|1776525530\n|switch|p1b: Basculegion|Basculegion, L50, M|100/100\n|turn|5\n|inactive|Garderoar has 30 seconds left.\n|inactive|Garderoar has 20 seconds left.\n|inactive|Garderoar has 15 seconds left.\n|inactive|Garderoar has 10 seconds left.\n|\n|t:|1776525578\n|-formechange|p2a: Malos|Aegislash|\n|move|p2a: Malos|King's Shield|p2a: Malos\n|-singleturn|p2a: Malos|Protect\n|move|p1b: Basculegion|Flip Turn|p2b: Yunhae\n|-resisted|p2b: Yunhae|1\n|-damage|p2b: Yunhae|29/100\n|\n|t:|1776525582\n|switch|p1b: Gardevoir|Gardevoir, L50, M|100/100|[from] Flip Turn\n|-ability|p1b: Gardevoir|Liquid Voice|Trace|[from] ability: Trace|[of] p2b: Yunhae\n|move|p1a: Corviknight|Iron Head|p2b: Yunhae\n|-damage|p2b: Yunhae|0 fnt\n|faint|p2b: Yunhae\n|\n|-heal|p1a: Corviknight|85/100|[from] item: Leftovers\n|upkeep\n|\n|t:|1776525592\n|switch|p2b: Eclipsa|Delphox-Mega, L50, M, shiny|100/100\n|turn|6\n|inactive|Garderoar has 30 seconds left.\n|inactive|Garderoar has 20 seconds left.\n|inactive|Garderoar has 15 seconds left.\n|inactive|Garderoar has 10 seconds left.\n|inactive|Garderoar has 5 seconds left.\n|\n|t:|1776525645\n|move|p2b: Eclipsa|Protect|p2b: Eclipsa\n|-singleturn|p2b: Eclipsa|Protect\n|move|p1a: Corviknight|Iron Head|p2b: Eclipsa\n|-activate|p2b: Eclipsa|move: Protect\n|move|p1b: Gardevoir|Hyper Voice|p2a: Malos|[spread] p2a\n|-activate|p2b: Eclipsa|move: Protect\n|-damage|p2a: Malos|81/100\n|-formechange|p2a: Malos|Aegislash-Blade|\n|move|p2a: Malos|Poltergeist|p1b: Gardevoir\n|-activate|p1b: Gardevoir|move: Poltergeist|Gardevoirite\n|-supereffective|p1b: Gardevoir|1\n|-damage|p1b: Gardevoir|0 fnt\n|faint|p1b: Gardevoir\n|\n|-heal|p1a: Corviknight|91/100|[from] item: Leftovers\n|-sideend|p1: Garderoar|move: Tailwind\n|upkeep\n|\n|t:|1776525647\n|switch|p1b: Basculegion|Basculegion, L50, M|100/100\n|turn|7\n|inactive|Garderoar has 30 seconds left.\n|\n|t:|1776525678\n|switch|p2b: Neferpitou|Meowscarada, L50, F, shiny|100/100\n|move|p1b: Basculegion|Last Respects|p2a: Malos\n|-supereffective|p2a: Malos|1\n|-damage|p2a: Malos|0 fnt\n|faint|p2a: Malos\n|move|p1a: Corviknight|Iron Head|p2b: Neferpitou\n|-crit|p2b: Neferpitou\n|-damage|p2b: Neferpitou|0 fnt\n|faint|p2b: Neferpitou\n|\n|-heal|p1a: Corviknight|97/100|[from] item: Leftovers\n|upkeep\n|c|\u2606skymin<3|ok\n|c|\u2606skymin<3|lol\n|c|\u2606skymin<3|sure\n|c|\u2606skymin<3|haxed every game\n|c|\u2606Garderoar|Lol\n|-message|skymin<3 forfeited.\n|\n|win|Garderoar\n|raw|Garderoar's rating: 1502 &rarr; <strong>1526</strong><br />(+24 for winning)\n|raw|skymin&lt;3's rating: 1576 &rarr; <strong>1552</strong><br />(-24 for losing)\n|l|\u2606skymin<3\n|player|p2|\n",
  "uploadtime": 1776525708,
  "views": 39,
  "formatid": "gen9championsvgc2026regma",
  "rating": 1526,
  "private": 0,
  "password": null
}