{
  "id": "gen9championsvgc2026regma-2588087164",
  "format": "[Gen 9 Champions] VGC 2026 Reg M-A",
  "players": [
    "MysticJJustin",
    "Nuburu"
  ],
  "log": "|j|\u2606MysticJJustin\n|j|\u2606Nuburu\n|t:|1776602782\n|gametype|doubles\n|player|p1|MysticJJustin|iris-gen5bw2|1358\n|player|p2|Nuburu|169|1382\n|gen|9\n|tier|[Gen 9 Champions] VGC 2026 Reg M-A\n|rated|\n|rule|Species Clause: Limit one of each Pok\u00e9mon\n|rule|Item Clause: Limit 1 of each item\n|clearpoke\n|poke|p1|Scizor, L50, M|\n|poke|p1|Aerodactyl, L50, M|\n|poke|p1|Kommo-o, L50, M|\n|poke|p1|Incineroar, L50, M|\n|poke|p1|Rotom-Wash, L50|\n|poke|p1|Garchomp, L50, M|\n|poke|p2|Floette-Eternal, L50, F|\n|poke|p2|Garchomp, L50, M|\n|poke|p2|Kingambit, L50, F|\n|poke|p2|Basculegion, L50, M|\n|poke|p2|Sneasler, L50, F|\n|poke|p2|Froslass, L50, F|\n|teampreview|4\n|inactive|Battle timer is ON: inactive players will automatically lose when time's up. (requested by MysticJJustin)\n|\n|t:|1776602833\n|teamsize|p1|4\n|teamsize|p2|4\n|start\n|switch|p1a: Aerodactyl|Aerodactyl, L50, M|100/100\n|switch|p1b: Scizor|Scizor, L50, M|100/100\n|switch|p2a: Froslass|Froslass, L50, F|100/100\n|switch|p2b: Kingambit|Kingambit, L50, F|100/100\n|-ability|p1a: Aerodactyl|Unnerve\n|turn|1\n|\n|t:|1776602847\n|detailschange|p2a: Froslass|Froslass-Mega, L50, F\n|-mega|p2a: Froslass|Froslass|Froslassite\n|-weather|Snowscape|[from] ability: Snow Warning|[of] p2a: Froslass\n|detailschange|p1b: Scizor|Scizor-Mega, L50, M\n|-mega|p1b: Scizor|Scizor|Scizorite\n|move|p1a: Aerodactyl|Rock Slide|p2a: Froslass|[spread] p2b\n|-miss|p1a: Aerodactyl|p2a: Froslass\n|-resisted|p2b: Kingambit|1\n|-damage|p2b: Kingambit|92/100\n|move|p2a: Froslass|Blizzard|p1b: Scizor|[spread] p1a,p1b\n|-supereffective|p1a: Aerodactyl|1\n|-resisted|p1b: Scizor|1\n|-enditem|p1a: Aerodactyl|Focus Sash\n|-damage|p1a: Aerodactyl|1/100\n|-damage|p1b: Scizor|82/100\n|move|p1b: Scizor|Swords Dance|p1b: Scizor\n|-boost|p1b: Scizor|atk|2\n|move|p2b: Kingambit|Kowtow Cleave|p1b: Scizor\n|-damage|p1b: Scizor|47/100\n|\n|-weather|Snowscape|[upkeep]\n|upkeep\n|turn|2\n|inactive|MysticJJustin has 30 seconds left.\n|inactive|Nuburu has 30 seconds left.\n|inactive|MysticJJustin has 20 seconds left.\n|inactive|MysticJJustin has 15 seconds left.\n|\n|t:|1776602889\n|switch|p2a: Basculegion|Basculegion, L50, M|100/100\n|move|p1b: Scizor|Bullet Punch|p2a: Basculegion\n|-resisted|p2a: Basculegion|1\n|-damage|p2a: Basculegion|59/100\n|move|p1a: Aerodactyl|Tailwind|p1a: Aerodactyl\n|-sidestart|p1: MysticJJustin|move: Tailwind\n|move|p2b: Kingambit|Kowtow Cleave|p1a: Aerodactyl\n|-damage|p1a: Aerodactyl|0 fnt\n|faint|p1a: Aerodactyl\n|\n|-weather|Snowscape|[upkeep]\n|upkeep\n|\n|t:|1776602897\n|switch|p1a: Incineroar|Incineroar, L50, M|100/100\n|-ability|p1a: Incineroar|Intimidate|boost\n|-unboost|p2a: Basculegion|atk|1\n|-unboost|p2b: Kingambit|atk|1\n|-ability|p2b: Kingambit|Defiant|boost\n|-boost|p2b: Kingambit|atk|2\n|turn|3\n|\n|t:|1776602914\n|move|p2b: Kingambit|Protect|p2b: Kingambit\n|-singleturn|p2b: Kingambit|Protect\n|move|p2a: Basculegion|Aqua Jet|p1b: Scizor\n|-damage|p1b: Scizor|32/100\n|move|p1b: Scizor|Bug Bite|p2b: Kingambit\n|-activate|p2b: Kingambit|move: Protect\n|move|p1a: Incineroar|Flare Blitz|p2b: Kingambit\n|-activate|p2b: Kingambit|move: Protect\n|\n|-weather|Snowscape|[upkeep]\n|upkeep\n|turn|4\n|\n|t:|1776602933\n|switch|p2b: Sneasler|Sneasler, L50, F|100/100\n|move|p1b: Scizor|Protect|p1b: Scizor\n|-singleturn|p1b: Scizor|Protect\n|move|p2a: Basculegion|Aqua Jet|p1a: Incineroar\n|-supereffective|p1a: Incineroar|1\n|-damage|p1a: Incineroar|65/100\n|move|p1a: Incineroar|Flare Blitz|p2b: Sneasler\n|-damage|p2b: Sneasler|19/100\n|-damage|p1a: Incineroar|44/100|[from] Recoil\n|\n|-weather|Snowscape|[upkeep]\n|upkeep\n|turn|5\n|\n|t:|1776602954\n|switch|p1a: Kommo-o|Kommo-o, L50, M|100/100\n|move|p2b: Sneasler|Fake Out|p1b: Scizor\n|-resisted|p1b: Scizor|1\n|-damage|p1b: Scizor|26/100\n|-immune|p1b: Scizor\n|cant|p1b: Scizor|flinch\n|move|p2a: Basculegion|Aqua Jet|p1b: Scizor\n|-damage|p1b: Scizor|11/100\n|\n|-weather|none\n|-sideend|p1: MysticJJustin|move: Tailwind\n|upkeep\n|turn|6\n|\n|t:|1776602971\n|switch|p2b: Kingambit|Kingambit, L50, F|92/100\n|move|p2a: Basculegion|Aqua Jet|p1b: Scizor\n|-damage|p1b: Scizor|0 fnt\n|faint|p1b: Scizor\n|move|p1a: Kommo-o|Clanging Scales|p2a: Basculegion|[spread] p2a,p2b\n|-resisted|p2b: Kingambit|1\n|-damage|p2a: Basculegion|25/100\n|-damage|p2b: Kingambit|74/100\n|-unboost|p1a: Kommo-o|def|1\n|\n|upkeep\n|\n|t:|1776602976\n|switch|p1b: Incineroar|Incineroar, L50, M|44/100\n|-ability|p1b: Incineroar|Intimidate|boost\n|-unboost|p2a: Basculegion|atk|1\n|-unboost|p2b: Kingambit|atk|1\n|-ability|p2b: Kingambit|Defiant|boost\n|-boost|p2b: Kingambit|atk|2\n|turn|7\n|-message|MysticJJustin forfeited.\n|\n|win|Nuburu\n|raw|MysticJJustin's rating: 1358 &rarr; <strong>1339</strong><br />(-19 for losing)\n|raw|Nuburu's rating: 1382 &rarr; <strong>1401</strong><br />(+19 for winning)\n|l|\u2606MysticJJustin\n|player|p1|\n",
  "uploadtime": 1776603001,
  "views": 14,
  "formatid": "gen9championsvgc2026regma",
  "rating": 1339,
  "private": 0,
  "password": null
}