{
  "id": "gen9championsvgc2026regma-2581119011",
  "format": "[Gen 9 Champions] VGC 2026 Reg M-A",
  "players": [
    "Jakey1869",
    "PokiMikey"
  ],
  "log": "|j|\u2606Jakey1869\n|j|\u2606PokiMikey\n|t:|1775961686\n|gametype|doubles\n|player|p1|Jakey1869|1|1027\n|player|p2|PokiMikey|alder|1078\n|gen|9\n|tier|[Gen 9 Champions] VGC 2026 Reg M-A\n|rated|\n|rule|Species Clause: Limit one of each Pok\u00e9mon\n|rule|Item Clause: Limit 1 of each item\n|clearpoke\n|poke|p1|Starmie, L50|\n|poke|p1|Pelipper, L50, M|\n|poke|p1|Garchomp, L50, F|\n|poke|p1|Incineroar, L50, F|\n|poke|p1|Clefable, L50, M|\n|poke|p1|Kingambit, L50, F|\n|poke|p2|Pelipper, L50, F|\n|poke|p2|Feraligatr, L50, M|\n|poke|p2|Incineroar, L50, F|\n|poke|p2|Sinistcha, L50|\n|poke|p2|Rotom-Wash, L50|\n|poke|p2|Tinkaton, L50, F|\n|teampreview|4\n|inactive|Battle timer is ON: inactive players will automatically lose when time's up. (requested by PokiMikey)\nPokiMikey has agreed to open team sheets.\n|inactive|Jakey1869 has 60 seconds left.\n|inactive|PokiMikey has 60 seconds left.\n|\n|t:|1775961721\n|teamsize|p1|4\n|teamsize|p2|4\n|start\n|switch|p1a: Incineroar|Incineroar, L50, F|100/100\n|switch|p1b: Clefable|Clefable, L50, M|100/100\n|switch|p2a: Tinkaton|Tinkaton, L50, F|100/100\n|switch|p2b: Incineroar|Incineroar, L50, F|100/100\n|-ability|p2b: Incineroar|Intimidate|boost\n|-unboost|p1a: Incineroar|atk|1\n|-unboost|p1b: Clefable|atk|1\n|-ability|p1a: Incineroar|Intimidate|boost\n|-fail|p2a: Tinkaton|unboost|Attack|[from] ability: Own Tempo|[of] p2a: Tinkaton\n|-unboost|p2b: Incineroar|atk|1\n|turn|1\n|\n|t:|1775961739\n|switch|p1b: Kingambit|Kingambit, L50, F|100/100\n|move|p2b: Incineroar|Fake Out|p1a: Incineroar\n|-damage|p1a: Incineroar|94/100\n|move|p2a: Tinkaton|Gigaton Hammer|p1b: Kingambit\n|-resisted|p1b: Kingambit|1\n|-damage|p1b: Kingambit|76/100\n|cant|p1a: Incineroar|flinch\n|\n|upkeep\n|turn|2\n|inactive|PokiMikey has 30 seconds left.\n|\n|t:|1775961771\n|switch|p1b: Garchomp|Garchomp, L50, F|100/100\n|move|p2a: Tinkaton|Play Rough|p1b: Garchomp\n|-supereffective|p1b: Garchomp|1\n|-damage|p1b: Garchomp|15/100\n|-damage|p2a: Tinkaton|88/100|[from] ability: Rough Skin|[of] p1b: Garchomp\n|move|p2b: Incineroar|Flare Blitz|p1b: Garchomp\n|-resisted|p1b: Garchomp|1\n|-damage|p1b: Garchomp|0 fnt\n|-damage|p2b: Incineroar|88/100|[from] ability: Rough Skin|[of] p1b: Garchomp\n|faint|p1b: Garchomp\n|-damage|p2b: Incineroar|83/100|[from] Recoil\n|move|p1a: Incineroar|Parting Shot|p2a: Tinkaton\n|-unboost|p2a: Tinkaton|atk|1\n|-unboost|p2a: Tinkaton|spa|1\n|\n|t:|1775961789\n|switch|p1a: Clefable|Clefable, L50, M|100/100|[from] Parting Shot\n|\n|upkeep\n|\n|t:|1775961791\n|switch|p1b: Incineroar|Incineroar, L50, F|94/100\n|-ability|p1b: Incineroar|Intimidate|boost\n|-fail|p2a: Tinkaton|unboost|Attack|[from] ability: Own Tempo|[of] p2a: Tinkaton\n|-unboost|p2b: Incineroar|atk|1\n|turn|3\n|\n|t:|1775961811\n|switch|p2a: Feraligatr|Feraligatr, L50, M|100/100\n|move|p1b: Incineroar|Fake Out|p2a: Feraligatr\n|-damage|p2a: Feraligatr|87/100\n|move|p2b: Incineroar|Parting Shot|p1a: Clefable\n|-unboost|p1a: Clefable|atk|1\n|-unboost|p1a: Clefable|spa|1\n|\n|t:|1775961819\n|switch|p2b: Tinkaton|Tinkaton, L50, F|88/100|[from] Parting Shot\n|move|p1a: Clefable|Moonblast|p2b: Tinkaton\n|-resisted|p2b: Tinkaton|1\n|-damage|p2b: Tinkaton|77/100\n|\n|upkeep\n|turn|4\n|\n|t:|1775961832\n|switch|p1a: Kingambit|Kingambit, L50, F|76/100\n|move|p1b: Incineroar|Protect|p1b: Incineroar\n|-singleturn|p1b: Incineroar|Protect\n|move|p2a: Feraligatr|Aqua Jet|p1b: Incineroar\n|-activate|p1b: Incineroar|move: Protect\n|move|p2b: Tinkaton|Gigaton Hammer|p1a: Kingambit\n|-resisted|p1a: Kingambit|1\n|-damage|p1a: Kingambit|52/100\n|\n|upkeep\n|turn|5\n|\n|t:|1775961851\n|switch|p1b: Clefable|Clefable, L50, M|100/100\n|move|p2a: Feraligatr|Aqua Jet|p1b: Clefable\n|-damage|p1b: Clefable|75/100\n|move|p2b: Tinkaton|Play Rough|p1a: Kingambit\n|-damage|p1a: Kingambit|22/100\n|move|p1a: Kingambit|Kowtow Cleave|p2a: Feraligatr\n|-damage|p2a: Feraligatr|34/100\n|\n|upkeep\n|turn|6\n|\n|t:|1775961875\n|switch|p1a: Incineroar|Incineroar, L50, F|94/100\n|-ability|p1a: Incineroar|Intimidate|boost\n|-unboost|p2a: Feraligatr|atk|1\n|-fail|p2b: Tinkaton|unboost|Attack|[from] ability: Own Tempo|[of] p2b: Tinkaton\n|move|p2a: Feraligatr|Liquidation|p1a: Incineroar\n|-supereffective|p1a: Incineroar|1\n|-damage|p1a: Incineroar|15/100\n|move|p2b: Tinkaton|Gigaton Hammer|p1b: Clefable\n|-supereffective|p1b: Clefable|1\n|-damage|p1b: Clefable|0 fnt\n|faint|p1b: Clefable\n|\n|upkeep\n|\n|t:|1775961885\n|switch|p1b: Kingambit|Kingambit, L50, F|22/100\n|turn|7\n|\n|t:|1775961895\n|move|p2a: Feraligatr|Aqua Jet|p1a: Incineroar\n|-supereffective|p1a: Incineroar|1\n|-damage|p1a: Incineroar|0 fnt\n|faint|p1a: Incineroar\n|move|p1b: Kingambit|Sucker Punch||[still]\n|-fail|p1b: Kingambit\n|move|p2b: Tinkaton|Play Rough|p1b: Kingambit\n|-damage|p1b: Kingambit|0 fnt\n|faint|p1b: Kingambit\n|\n|win|PokiMikey\n|raw|Jakey1869's rating: 1027 &rarr; <strong>1015</strong><br />(-12 for losing)\n|raw|PokiMikey's rating: 1078 &rarr; <strong>1102</strong><br />(+24 for winning)\n|l|\u2606Jakey1869\n|player|p1|\n",
  "uploadtime": 1775961907,
  "views": 16,
  "formatid": "gen9championsvgc2026regma",
  "rating": 1015,
  "private": 0,
  "password": null
}