{
  "id": "gen9championsvgc2026regma-2582316773",
  "format": "[Gen 9 Champions] VGC 2026 Reg M-A",
  "players": [
    "nicknicola",
    "SirNeru"
  ],
  "log": "|j|\u2606nicknicola\n|j|\u2606SirNeru\n|t:|1776082749\n|gametype|doubles\n|player|p1|nicknicola|265|1077\n|player|p2|SirNeru|2|1171\n|gen|9\n|tier|[Gen 9 Champions] VGC 2026 Reg M-A\n|rated|\n|rule|Species Clause: Limit one of each Pok\u00e9mon\n|rule|Item Clause: Limit 1 of each item\n|clearpoke\n|poke|p1|Meganium, L50, M|\n|poke|p1|Pelipper, L50, M|\n|poke|p1|Incineroar, L50, F|\n|poke|p1|Basculegion, L50, M|\n|poke|p1|Sinistcha, L50|\n|poke|p1|Archaludon, L50, F|\n|poke|p2|Beedrill, L50, M|\n|poke|p2|Palafin, L50, F|\n|poke|p2|Incineroar, L50, F|\n|poke|p2|Whimsicott, L50, M|\n|poke|p2|Weavile, L50, F|\n|poke|p2|Aerodactyl, L50, M|\n|teampreview|4\nnicknicola rejected open team sheets.\n|inactive|Battle timer is ON: inactive players will automatically lose when time's up. (requested by nicknicola)\n|\n|t:|1776082774\n|teamsize|p1|4\n|teamsize|p2|4\n|start\n|switch|p1a: Meganium|Meganium, L50, M|100/100\n|switch|p1b: Pelipper|Pelipper, L50, M|100/100\n|switch|p2a: Whimsicott|Whimsicott, L50, M, shiny|100/100\n|switch|p2b: Palafin|Palafin, L50, F|100/100\n|-weather|RainDance|[from] ability: Drizzle|[of] p1b: Pelipper\n|turn|1\n|inactive|nicknicola has 30 seconds left.\n|\n|t:|1776082800\n|detailschange|p1a: Meganium|Meganium-Mega, L50, M\n|-mega|p1a: Meganium|Meganium|Meganiumite\n|move|p2a: Whimsicott|Tailwind|p2a: Whimsicott\n|-sidestart|p2: SirNeru|move: Tailwind\n|move|p2b: Palafin|Flip Turn|p1b: Pelipper\n|-resisted|p1b: Pelipper|1\n|-damage|p1b: Pelipper|75/100\n|\n|t:|1776082812\n|detailschange|p2b: Palafin|Palafin-Hero, L50, F\n|switch|p2b: Beedrill|Beedrill, L50, M|100/100|[from] Flip Turn\n|move|p1b: Pelipper|Tailwind|p1b: Pelipper\n|-sidestart|p1: nicknicola|move: Tailwind\n|move|p1a: Meganium|Dazzling Gleam|p2b: Beedrill|[spread] p2a,p2b\n|-resisted|p2b: Beedrill|1\n|-damage|p2a: Whimsicott|36/100\n|-damage|p2b: Beedrill|75/100\n|\n|-weather|RainDance|[upkeep]\n|upkeep\n|turn|2\n|\n|t:|1776082833\n|switch|p1a: Incineroar|Incineroar, L50, F|100/100\n|-ability|p1a: Incineroar|Intimidate|boost\n|-unboost|p2a: Whimsicott|atk|1\n|-unboost|p2b: Beedrill|atk|1\n|detailschange|p2b: Beedrill|Beedrill-Mega, L50, M\n|-mega|p2b: Beedrill|Beedrill|Beedrillite\n|move|p2a: Whimsicott|Encore|p1b: Pelipper\n|-start|p1b: Pelipper|Encore\n|move|p2b: Beedrill|Poison Jab|p1a: Incineroar\n|-damage|p1a: Incineroar|58/100\n|move|p1b: Pelipper|Tailwind||[still]\n|-fail|p1b: Pelipper\n|\n|-weather|RainDance|[upkeep]\n|upkeep\n|turn|3\n|\n|t:|1776082852\n|switch|p1b: Archaludon|Archaludon, L50, F|100/100\n|move|p1a: Incineroar|Fake Out|p2b: Beedrill\n|-damage|p2b: Beedrill|43/100\n|cant|p2b: Beedrill|flinch\n|move|p2a: Whimsicott|Moonblast|p1a: Incineroar\n|-damage|p1a: Incineroar|25/100\n|\n|-weather|RainDance|[upkeep]\n|upkeep\n|turn|4\n|\n|t:|1776082872\n|move|p2a: Whimsicott|Protect|p2a: Whimsicott\n|-singleturn|p2a: Whimsicott|Protect\n|move|p2b: Beedrill|U-turn|p1a: Incineroar\n|-damage|p1a: Incineroar|0 fnt\n|faint|p1a: Incineroar\n|\n|t:|1776082883\n|switch|p2b: Palafin|Palafin-Hero, L50, F|100/100|[from] U-turn\n|-activate|p2b: Palafin|ability: Zero to Hero\n|move|p1b: Archaludon|Electro Shot||[still]\n|-prepare|p1b: Archaludon|Electro Shot\n|-boost|p1b: Archaludon|spa|1\n|-anim|p1b: Archaludon|Electro Shot|p2b: Palafin\n|-supereffective|p2b: Palafin|1\n|-damage|p2b: Palafin|0 fnt\n|faint|p2b: Palafin\n|\n|-weather|RainDance|[upkeep]\n|-sideend|p2: SirNeru|move: Tailwind\n|-sideend|p1: nicknicola|move: Tailwind\n|upkeep\n|\n|t:|1776082900\n|switch|p2b: Aerodactyl|Aerodactyl, L50, M|100/100\n|switch|p1a: Pelipper|Pelipper, L50, M|75/100\n|turn|5\n|inactive|SirNeru has 30 seconds left.\n|\n|t:|1776082926\n|move|p2b: Aerodactyl|Rock Slide|p1b: Archaludon|[spread] p1a,p1b\n|-supereffective|p1a: Pelipper|1\n|-resisted|p1b: Archaludon|1\n|-damage|p1a: Pelipper|12/100\n|-damage|p1b: Archaludon|91/100\n|-ability|p1b: Archaludon|Stamina|boost\n|-boost|p1b: Archaludon|def|1\n|move|p2a: Whimsicott|Moonblast|p1a: Pelipper\n|-damage|p1a: Pelipper|0 fnt\n|faint|p1a: Pelipper\n|move|p1b: Archaludon|Electro Shot||[still]\n|-prepare|p1b: Archaludon|Electro Shot\n|-boost|p1b: Archaludon|spa|1\n|-anim|p1b: Archaludon|Electro Shot|p2b: Aerodactyl\n|-supereffective|p2b: Aerodactyl|1\n|-damage|p2b: Aerodactyl|0 fnt\n|faint|p2b: Aerodactyl\n|\n|-weather|none\n|-heal|p1b: Archaludon|97/100|[from] item: Leftovers\n|upkeep\n|\n|t:|1776082942\n|switch|p2b: Beedrill|Beedrill-Mega, L50, M|43/100\n|switch|p1a: Meganium|Meganium-Mega, L50, M|100/100\n|turn|6\n|\n|t:|1776082954\n|move|p2a: Whimsicott|Encore|p1b: Archaludon\n|-start|p1b: Archaludon|Encore\n|move|p2b: Beedrill|Poison Jab|p1a: Meganium\n|-supereffective|p1a: Meganium|2\n|-damage|p1a: Meganium|0 fnt\n|faint|p1a: Meganium\n|move|p1b: Archaludon|Electro Shot||[still]\n|-prepare|p1b: Archaludon|Electro Shot\n|-boost|p1b: Archaludon|spa|1\n|\n|-heal|p1b: Archaludon|100/100|[from] item: Leftovers\n|upkeep\n|turn|7\n|\n|t:|1776082965\n|move|p2a: Whimsicott|Protect|p2a: Whimsicott\n|-singleturn|p2a: Whimsicott|Protect\n|move|p2b: Beedrill|Protect|p2b: Beedrill\n|-singleturn|p2b: Beedrill|Protect\n|move|p1b: Archaludon|Electro Shot|p2b: Beedrill|[from] lockedmove\n|-activate|p2b: Beedrill|move: Protect\n|\n|upkeep\n|turn|8\n|c|\u2606nicknicola|nooooo\n|c|\u2606nicknicola|haha\n|\n|t:|1776082980\n|move|p2b: Beedrill|Drill Run|p1b: Archaludon\n|-supereffective|p1b: Archaludon|1\n|-damage|p1b: Archaludon|69/100\n|-ability|p1b: Archaludon|Stamina|boost\n|-boost|p1b: Archaludon|def|1\n|move|p2a: Whimsicott|Moonblast|p1b: Archaludon\n|-damage|p1b: Archaludon|27/100\n|-unboost|p1b: Archaludon|spa|1\n|-ability|p1b: Archaludon|Stamina|boost\n|-boost|p1b: Archaludon|def|1\n|move|p1b: Archaludon|Electro Shot||[still]\n|-prepare|p1b: Archaludon|Electro Shot\n|-boost|p1b: Archaludon|spa|1\n|\n|-heal|p1b: Archaludon|33/100|[from] item: Leftovers\n|-end|p1b: Archaludon|Encore\n|upkeep\n|turn|9\n|c|\u2606nicknicola|i forgot about electroshot on rain\n|\n|t:|1776083002\n|move|p2b: Beedrill|Drill Run|p1b: Archaludon\n|-supereffective|p1b: Archaludon|1\n|-damage|p1b: Archaludon|15/100\n|-ability|p1b: Archaludon|Stamina|boost\n|-boost|p1b: Archaludon|def|1\n|move|p2a: Whimsicott|Moonblast|p1b: Archaludon\n|-damage|p1b: Archaludon|0 fnt\n|faint|p1b: Archaludon\n|\n|win|SirNeru\n|raw|nicknicola's rating: 1077 &rarr; <strong>1061</strong><br />(-16 for losing)\n|raw|SirNeru's rating: 1171 &rarr; <strong>1189</strong><br />(+18 for winning)\n|l|\u2606nicknicola\n|player|p1|\n",
  "uploadtime": 1776083011,
  "views": 23,
  "formatid": "gen9championsvgc2026regma",
  "rating": 1061,
  "private": 0,
  "password": null
}