{
  "id": "gen9championsvgc2026regma-2587660655",
  "format": "[Gen 9 Champions] VGC 2026 Reg M-A",
  "players": [
    "cligga41",
    "Evil Yarrack"
  ],
  "log": "|j|\u2606cligga41\n|j|\u2606Evil Yarrack\n|t:|1776551363\n|gametype|doubles\n|player|p1|cligga41|skierf-gen4dp|1437\n|player|p2|Evil Yarrack|youngster-gen4dp|1465\n|gen|9\n|tier|[Gen 9 Champions] VGC 2026 Reg M-A\n|rated|\n|rule|Species Clause: Limit one of each Pok\u00e9mon\n|rule|Item Clause: Limit 1 of each item\n|clearpoke\n|poke|p1|Floette-Eternal, L50, F|\n|poke|p1|Garchomp, L50, F|\n|poke|p1|Froslass, L50, F|\n|poke|p1|Sneasler, L50, F|\n|poke|p1|Kingambit, L50, F|\n|poke|p1|Basculegion, L50, M|\n|poke|p2|Tyranitar, L50, M|\n|poke|p2|Lycanroc, L50, F|\n|poke|p2|Whimsicott, L50, F|\n|poke|p2|Sinistcha, L50|\n|poke|p2|Kommo-o, L50, F|\n|poke|p2|Scizor, L50, M|\n|teampreview|4\n|inactive|Battle timer is ON: inactive players will automatically lose when time's up. (requested by Evil Yarrack)\n|inactive|Evil Yarrack has 60 seconds left.\n|inactive|cligga41 has 60 seconds left.\n|\n|t:|1776551411\n|teamsize|p1|4\n|teamsize|p2|4\n|start\n|switch|p1a: Froslass|Froslass, L50, F|100/100\n|switch|p1b: Sneasler|Sneasler, L50, F|100/100\n|switch|p2a: Tyranitar|Tyranitar, L50, M|100/100\n|switch|p2b: Whimsicott|Whimsicott, L50, F|100/100\n|-weather|Sandstorm|[from] ability: Sand Stream|[of] p2a: Tyranitar\n|turn|1\n|inactive|cligga41 has 30 seconds left.\n|\n|t:|1776551443\n|move|p2b: Whimsicott|Protect|p2b: Whimsicott\n|-singleturn|p2b: Whimsicott|Protect\n|move|p2a: Tyranitar|Protect|p2a: Tyranitar\n|-singleturn|p2a: Tyranitar|Protect\n|move|p1b: Sneasler|Fake Out|p2b: Whimsicott\n|-activate|p2b: Whimsicott|move: Protect\n|move|p1a: Froslass|Substitute|p1a: Froslass\n|-start|p1a: Froslass|Substitute\n|-damage|p1a: Froslass|76/100\n|\n|-weather|Sandstorm|[upkeep]\n|-damage|p2b: Whimsicott|95/100|[from] Sandstorm\n|-damage|p1b: Sneasler|95/100|[from] Sandstorm\n|-damage|p1a: Froslass|70/100|[from] Sandstorm\n|upkeep\n|turn|2\n|\n|t:|1776551454\n|switch|p2a: Kommo-o|Kommo-o, L50, F|100/100\n|move|p1a: Froslass|Protect|p1a: Froslass\n|-singleturn|p1a: Froslass|Protect\n|move|p2b: Whimsicott|Encore|p1a: Froslass\n|-activate|p1a: Froslass|move: Protect\n|move|p1b: Sneasler|Dire Claw|p2b: Whimsicott\n|-supereffective|p2b: Whimsicott|2\n|-damage|p2b: Whimsicott|0 fnt\n|faint|p2b: Whimsicott\n|\n|-weather|Sandstorm|[upkeep]\n|-damage|p1b: Sneasler|89/100|[from] Sandstorm\n|-damage|p1a: Froslass|64/100|[from] Sandstorm\n|-damage|p2a: Kommo-o|94/100|[from] Sandstorm\n|upkeep\n|\n|t:|1776551460\n|switch|p2b: Scizor|Scizor, L50, M|100/100\n|turn|3\n|\n|t:|1776551482\n|detailschange|p1a: Froslass|Froslass-Mega, L50, F\n|-mega|p1a: Froslass|Froslass|Froslassite\n|-weather|Snowscape|[from] ability: Snow Warning|[of] p1a: Froslass\n|move|p2b: Scizor|Bullet Punch|p1b: Sneasler\n|-damage|p1b: Sneasler|36/100\n|move|p1b: Sneasler|Close Combat|p2b: Scizor\n|-damage|p2b: Scizor|33/100\n|-unboost|p1b: Sneasler|def|1\n|-unboost|p1b: Sneasler|spd|1\n|-immune|p2b: Scizor\n|move|p1a: Froslass|Blizzard|p2a: Kommo-o|[spread] p2a,p2b\n|-supereffective|p2a: Kommo-o|1\n|-resisted|p2b: Scizor|1\n|-damage|p2a: Kommo-o|2/100\n|-damage|p2b: Scizor|9/100\n|move|p2a: Kommo-o|Clanging Scales|p1b: Sneasler|[spread] p1a,p1b\n|-damage|p1a: Froslass|24/100\n|-damage|p1b: Sneasler|0 fnt\n|faint|p1b: Sneasler\n|-unboost|p2a: Kommo-o|def|1\n|\n|-weather|Snowscape|[upkeep]\n|upkeep\n|inactive|cligga41 has 30 seconds left.\n|\n|t:|1776551508\n|switch|p1b: Basculegion|Basculegion, L50, M|100/100\n|turn|4\n|\n|t:|1776551525\n|switch|p2b: Tyranitar|Tyranitar, L50, M|100/100\n|-weather|Sandstorm|[from] ability: Sand Stream|[of] p2b: Tyranitar\n|move|p1b: Basculegion|Protect|p1b: Basculegion\n|-singleturn|p1b: Basculegion|Protect\n|move|p1a: Froslass|Blizzard|p2b: Tyranitar|[spread] p2a,p2b\n|-supereffective|p2a: Kommo-o|1\n|-crit|p2a: Kommo-o\n|-damage|p2a: Kommo-o|0 fnt\n|-damage|p2b: Tyranitar|73/100\n|faint|p2a: Kommo-o\n|\n|-weather|Sandstorm|[upkeep]\n|-damage|p1a: Froslass|19/100|[from] Sandstorm\n|-damage|p1b: Basculegion|94/100|[from] Sandstorm\n|upkeep\n|\n|t:|1776551531\n|switch|p2a: Scizor|Scizor, L50, M|9/100\n|turn|5\n|\n|t:|1776551549\n|detailschange|p2b: Tyranitar|Tyranitar-Mega, L50, M\n|-mega|p2b: Tyranitar|Tyranitar|Tyranitarite\n|move|p2a: Scizor|Bullet Punch|p1a: Froslass\n|-supereffective|p1a: Froslass|1\n|-end|p1a: Froslass|Substitute\n|move|p1a: Froslass|Shadow Ball|p2a: Scizor\n|-damage|p2a: Scizor|0 fnt\n|faint|p2a: Scizor\n|move|p2b: Tyranitar|Assurance|p1b: Basculegion\n|-supereffective|p1b: Basculegion|1\n|-damage|p1b: Basculegion|14/100\n|-enditem|p1b: Basculegion|Sitrus Berry|[eat]\n|-heal|p1b: Basculegion|38/100|[from] item: Sitrus Berry\n|move|p1b: Basculegion|Wave Crash|p2b: Tyranitar\n|-supereffective|p2b: Tyranitar|1\n|-damage|p2b: Tyranitar|0 fnt\n|faint|p2b: Tyranitar\n|-damage|p1b: Basculegion|17/100|[from] Recoil\n|\n|win|cligga41\n|raw|cligga41's rating: 1437 &rarr; <strong>1457</strong><br />(+20 for winning)\n|raw|Evil Yarrack's rating: 1440 &rarr; <strong>1420</strong><br />(-20 for losing)\n|l|\u2606Evil Yarrack\n|player|p2|\n|l|\u2606cligga41\n|player|p1|\n",
  "uploadtime": 1776551680,
  "views": 16,
  "formatid": "gen9championsvgc2026regma",
  "rating": 1420,
  "private": 0,
  "password": null
}