{
  "id": "gen9championsvgc2026regma-2587840737",
  "format": "[Gen 9 Champions] VGC 2026 Reg M-A",
  "players": [
    "Danievania",
    "ub student"
  ],
  "log": "|j|\u2606Danievania\n|j|\u2606ub student\n|t:|1776569470\n|gametype|doubles\n|player|p1|Danievania|byron|1480\n|player|p2|ub student|101|1511\n|gen|9\n|tier|[Gen 9 Champions] VGC 2026 Reg M-A\n|rated|\n|rule|Species Clause: Limit one of each Pok\u00e9mon\n|rule|Item Clause: Limit 1 of each item\n|clearpoke\n|poke|p1|Delphox, L50, M, shiny|\n|poke|p1|Sneasler, L50, F, shiny|\n|poke|p1|Garchomp, L50, F, shiny|\n|poke|p1|Aerodactyl, L50, M|\n|poke|p1|Kingambit, L50, M|\n|poke|p1|Sinistcha, L50|\n|poke|p2|Floette-Eternal, L50, F|\n|poke|p2|Talonflame, L50, F|\n|poke|p2|Basculegion, L50, M|\n|poke|p2|Garchomp, L50, M|\n|poke|p2|Rotom-Wash, L50|\n|poke|p2|Kingambit, L50, M|\n|teampreview|4\n|inactive|Battle timer is ON: inactive players will automatically lose when time's up. (requested by ub student)\n|inactive|Danievania has 60 seconds left.\n|inactive|ub student has 60 seconds left.\n|\n|t:|1776569536\n|teamsize|p1|4\n|teamsize|p2|4\n|start\n|switch|p1a: Delphox|Delphox, L50, M, shiny|100/100\n|switch|p1b: Sneasler|Sneasler, L50, F, shiny|100/100\n|switch|p2a: Talonflame|Talonflame, L50, F|100/100\n|switch|p2b: Basculegion|Basculegion, L50, M|100/100\n|turn|1\n|inactive|Danievania has 30 seconds left.\n|inactive|Danievania has 20 seconds left.\n|\n|t:|1776569574\n|move|p2a: Talonflame|Protect|p2a: Talonflame\n|-singleturn|p2a: Talonflame|Protect\n|move|p1a: Delphox|Protect|p1a: Delphox\n|-singleturn|p1a: Delphox|Protect\n|move|p1b: Sneasler|Fake Out|p2a: Talonflame\n|-activate|p2a: Talonflame|move: Protect\n|move|p2b: Basculegion|Flip Turn|p1a: Delphox\n|-activate|p1a: Delphox|move: Protect\n|\n|upkeep\n|turn|2\n|\n|t:|1776569596\n|switch|p1a: Sinistcha|Sinistcha, L50|100/100\n|move|p2a: Talonflame|Brave Bird|p1b: Sneasler\n|-supereffective|p1b: Sneasler|1\n|-enditem|p1b: Sneasler|Focus Sash\n|-damage|p1b: Sneasler|1/100\n|-damage|p2a: Talonflame|67/100|[from] Recoil\n|move|p1b: Sneasler|Dire Claw|p2b: Basculegion\n|-resisted|p2b: Basculegion|1\n|-damage|p2b: Basculegion|71/100\n|-status|p2b: Basculegion|psn\n|move|p2b: Basculegion|Flip Turn|p1a: Sinistcha\n|-resisted|p1a: Sinistcha|1\n|-damage|p1a: Sinistcha|82/100\n|\n|t:|1776569610\n|switch|p2b: Kingambit|Kingambit, L50, M|100/100|[from] Flip Turn\n|\n|upkeep\n|turn|3\n|\n|t:|1776569623\n|move|p1a: Sinistcha|Protect|p1a: Sinistcha\n|-singleturn|p1a: Sinistcha|Protect\n|move|p2a: Talonflame|Feint|p1b: Sneasler\n|-damage|p1b: Sneasler|0 fnt\n|faint|p1b: Sneasler\n|move|p2b: Kingambit|Kowtow Cleave|p1a: Sinistcha\n|-activate|p1a: Sinistcha|move: Protect\n|\n|upkeep\n|\n|t:|1776569636\n|switch|p1b: Delphox|Delphox, L50, M, shiny|100/100\n|turn|4\n|\n|t:|1776569645\n|switch|p1a: Garchomp|Garchomp, L50, F, shiny|100/100\n|detailschange|p1b: Delphox|Delphox-Mega, L50, M, shiny\n|-mega|p1b: Delphox|Delphox|Delphoxite\n|move|p1b: Delphox|Heat Wave|p2b: Kingambit|[spread] p2a,p2b\n|-resisted|p2a: Talonflame|1\n|-supereffective|p2b: Kingambit|1\n|-damage|p2a: Talonflame|36/100\n|-damage|p2b: Kingambit|21/100\n|move|p2a: Talonflame|Tailwind|p2a: Talonflame\n|-sidestart|p2: ub student|move: Tailwind\n|move|p2b: Kingambit|Kowtow Cleave|p1a: Garchomp\n|-crit|p1a: Garchomp\n|-damage|p1a: Garchomp|24/100\n|-damage|p2b: Kingambit|9/100|[from] ability: Rough Skin|[of] p1a: Garchomp\n|\n|upkeep\n|turn|5\n|inactive|Danievania has 30 seconds left.\n|inactive|Danievania has 20 seconds left.\n|inactive|Danievania has 15 seconds left.\n|inactive|Danievania has 10 seconds left.\n|inactive|Danievania has 5 seconds left.\n|\n|t:|1776569700\n|move|p1b: Delphox|Protect|p1b: Delphox\n|-singleturn|p1b: Delphox|Protect\n|move|p1a: Garchomp|Protect|p1a: Garchomp\n|-singleturn|p1a: Garchomp|Protect\n|move|p2b: Kingambit|Sucker Punch||[still]\n|-fail|p2b: Kingambit\n|move|p2a: Talonflame|Brave Bird|p1a: Garchomp\n|-activate|p1a: Garchomp|move: Protect\n|\n|upkeep\n|turn|6\n|inactive|Danievania has 30 seconds left.\n|\n|t:|1776569727\n|switch|p1b: Sinistcha|Sinistcha, L50|82/100\n|-heal|p1a: Garchomp|49/100|[from] ability: Hospitality|[of] p1b: Sinistcha\n|move|p2b: Kingambit|Sucker Punch||[still]\n|-fail|p2b: Kingambit\n|move|p2a: Talonflame|Brave Bird|p1a: Garchomp\n|-damage|p1a: Garchomp|4/100\n|-damage|p2a: Talonflame|24/100|[from] ability: Rough Skin|[of] p1a: Garchomp\n|-damage|p2a: Talonflame|6/100|[from] Recoil\n|move|p1a: Garchomp|Earthquake|p2a: Talonflame|[spread] p1b,p2b\n|-immune|p2a: Talonflame\n|-resisted|p1b: Sinistcha|1\n|-supereffective|p2b: Kingambit|1\n|-damage|p1b: Sinistcha|64/100\n|-damage|p2b: Kingambit|0 fnt\n|faint|p2b: Kingambit\n|\n|upkeep\n|\n|t:|1776569740\n|switch|p2b: Garchomp|Garchomp, L50, M|100/100\n|turn|7\n|\n|t:|1776569754\n|move|p1a: Garchomp|Protect|p1a: Garchomp\n|-singleturn|p1a: Garchomp|Protect\n|move|p2a: Talonflame|Brave Bird|p1b: Sinistcha\n|-supereffective|p1b: Sinistcha|1\n|-damage|p1b: Sinistcha|0 fnt\n|faint|p1b: Sinistcha\n|-damage|p2a: Talonflame|0 fnt|[from] Recoil\n|faint|p2a: Talonflame\n|move|p2b: Garchomp|Rock Slide|p1a: Garchomp\n|-activate|p1a: Garchomp|move: Protect\n|\n|-sideend|p2: ub student|move: Tailwind\n|upkeep\n|\n|t:|1776569762\n|switch|p2a: Basculegion|Basculegion, L50, M|71/100 psn\n|switch|p1b: Delphox|Delphox-Mega, L50, M, shiny|100/100\n|turn|8\n|j| sammap\n|inactive|Danievania has 30 seconds left.\n|inactive|Danievania has 20 seconds left.\n|inactive|Danievania has 15 seconds left.\n|\n|t:|1776569806\n|move|p2b: Garchomp|Protect|p2b: Garchomp\n|-singleturn|p2b: Garchomp|Protect\n|move|p2a: Basculegion|Last Respects|p1a: Garchomp\n|-damage|p1a: Garchomp|0 fnt\n|faint|p1a: Garchomp\n|move|p1b: Delphox|Psyshock|p2a: Basculegion\n|-damage|p2a: Basculegion|3/100 psn\n|\n|-damage|p2a: Basculegion|0 fnt|[from] psn\n|faint|p2a: Basculegion\n|upkeep\n|turn|9\n|\n|t:|1776569821\n|move|p1b: Delphox|Psyshock|p2b: Garchomp\n|-damage|p2b: Garchomp|55/100\n|move|p2b: Garchomp|Rock Slide|p1b: Delphox\n|-supereffective|p1b: Delphox|1\n|-damage|p1b: Delphox|27/100\n|\n|upkeep\n|turn|10\n|\n|t:|1776569830\n|move|p1b: Delphox|Psyshock|p2b: Garchomp\n|-damage|p2b: Garchomp|14/100\n|move|p2b: Garchomp|Dragon Claw|p1b: Delphox\n|-crit|p1b: Delphox\n|-damage|p1b: Delphox|0 fnt\n|faint|p1b: Delphox\n|\n|win|ub student\n|raw|Danievania's rating: 1480 &rarr; <strong>1462</strong><br />(-18 for losing)\n|raw|ub student's rating: 1511 &rarr; <strong>1529</strong><br />(+18 for winning)\n|l|\u2606ub student\n|player|p2|\n|l|\u2606Danievania\n|player|p1|\n",
  "uploadtime": 1776569901,
  "views": 13,
  "formatid": "gen9championsvgc2026regma",
  "rating": 1462,
  "private": 0,
  "password": null
}