{
  "id": "gen9championsvgc2026regma-2581293780",
  "format": "[Gen 9 Champions] VGC 2026 Reg M-A",
  "players": [
    "fusesrt",
    "relaire"
  ],
  "log": "|j|\u2606fusesrt\n|j|\u2606relaire\n|t:|1775982520\n|gametype|doubles\n|player|p1|fusesrt|266|1300\n|player|p2|relaire|cynthia-masters|1305\n|gen|9\n|tier|[Gen 9 Champions] VGC 2026 Reg M-A\n|rated|\n|rule|Species Clause: Limit one of each Pok\u00e9mon\n|rule|Item Clause: Limit 1 of each item\n|clearpoke\n|poke|p1|Kingambit, L50, M|\n|poke|p1|Froslass, L50, F|\n|poke|p1|Glimmora, L50, M|\n|poke|p1|Sinistcha-Masterpiece, L50|\n|poke|p1|Garchomp, L50, M|\n|poke|p1|Rotom-Frost, L50|\n|poke|p2|Froslass, L50, F|\n|poke|p2|Garchomp, L50, M|\n|poke|p2|Rotom-Frost, L50|\n|poke|p2|Empoleon, L50, M|\n|poke|p2|Incineroar, L50, F|\n|poke|p2|Kingambit, L50, F|\n|teampreview|4\n|inactive|Battle timer is ON: inactive players will automatically lose when time's up. (requested by relaire)\n|inactive|relaire has 60 seconds left.\n|\n|t:|1775982559\n|teamsize|p1|4\n|teamsize|p2|4\n|start\n|switch|p1a: Glimmora|Glimmora, L50, M|100/100\n|switch|p1b: Kingambit|Kingambit, L50, M|100/100\n|switch|p2a: Froslass|Froslass, L50, F|100/100\n|switch|p2b: Kingambit|Kingambit, L50, F|100/100\n|turn|1\n|j| gE1xjZRtuhW2DdT0AK\n|\n|t:|1775982581\n|detailschange|p2a: Froslass|Froslass-Mega, L50, F\n|-mega|p2a: Froslass|Froslass|Froslassite\n|-weather|Snowscape|[from] ability: Snow Warning|[of] p2a: Froslass\n|move|p2a: Froslass|Protect|p2a: Froslass\n|-singleturn|p2a: Froslass|Protect\n|move|p1a: Glimmora|Power Gem|p2a: Froslass\n|-activate|p2a: Froslass|move: Protect\n|move|p2b: Kingambit|Low Kick|p1b: Kingambit\n|-supereffective|p1b: Kingambit|2\n|-damage|p1b: Kingambit|0 fnt\n|faint|p1b: Kingambit\n|\n|-weather|Snowscape|[upkeep]\n|upkeep\n|\n|t:|1775982595\n|switch|p1b: Rotom|Rotom-Frost, L50|100/100\n|turn|2\n|j| darryj\n|\n|t:|1775982609\n|switch|p2a: Incineroar|Incineroar, L50, F|100/100\n|-ability|p2a: Incineroar|Intimidate|boost\n|-unboost|p1a: Glimmora|atk|1\n|-unboost|p1b: Rotom|atk|1\n|move|p1b: Rotom|Trick|p2b: Kingambit\n|-activate|p1b: Rotom|move: Trick|[of] p2b: Kingambit\n|-item|p2b: Kingambit|Choice Scarf|[from] move: Trick\n|-item|p1b: Rotom|Focus Sash|[from] move: Trick\n|move|p2b: Kingambit|Iron Head|p1b: Rotom\n|-damage|p1b: Rotom|60/100\n|move|p1a: Glimmora|Power Gem|p2a: Incineroar\n|-supereffective|p2a: Incineroar|1\n|-damage|p2a: Incineroar|20/100\n|-enditem|p2a: Incineroar|Sitrus Berry|[eat]\n|-heal|p2a: Incineroar|45/100|[from] item: Sitrus Berry\n|\n|-weather|Snowscape|[upkeep]\n|upkeep\n|turn|3\n|l| darryj\n|inactive|fusesrt has 30 seconds left.\n|inactive|relaire has 30 seconds left.\n|\n|t:|1775982643\n|move|p2a: Incineroar|Fake Out|p1a: Glimmora\n|-resisted|p1a: Glimmora|1\n|-crit|p1a: Glimmora\n|-damage|p1a: Glimmora|88/100\n|-activate|p1a: Glimmora|ability: Toxic Debris\n|-sidestart|p2: relaire|move: Toxic Spikes\n|move|p2b: Kingambit|Iron Head|p1a: Glimmora\n|-supereffective|p1a: Glimmora|1\n|-damage|p1a: Glimmora|0 fnt\n|-activate|p1a: Glimmora|ability: Toxic Debris\n|-sidestart|p2: relaire|move: Toxic Spikes\n|faint|p1a: Glimmora\n|move|p1b: Rotom|Blizzard|p2b: Kingambit|[spread] p2a,p2b\n|-resisted|p2a: Incineroar|1\n|-resisted|p2b: Kingambit|1\n|-damage|p2a: Incineroar|28/100\n|-damage|p2b: Kingambit|76/100\n|-status|p2b: Kingambit|frz\n|\n|-weather|Snowscape|[upkeep]\n|upkeep\n|\n|t:|1775982658\n|switch|p1a: Froslass|Froslass, L50, F|100/100\n|turn|4\n|\n|t:|1775982666\n|detailschange|p1a: Froslass|Froslass-Mega, L50, F\n|-mega|p1a: Froslass|Froslass|Froslassite\n|move|p1a: Froslass|Aurora Veil|p1a: Froslass\n|-sidestart|p1: fusesrt|move: Aurora Veil\n|cant|p2b: Kingambit|frz\n|move|p1b: Rotom|Blizzard|p2a: Incineroar|[spread] p2a,p2b\n|-resisted|p2a: Incineroar|1\n|-resisted|p2b: Kingambit|1\n|-damage|p2a: Incineroar|8/100\n|-damage|p2b: Kingambit|55/100 frz\n|move|p2a: Incineroar|Flare Blitz|p1b: Rotom\n|-supereffective|p1b: Rotom|1\n|-damage|p1b: Rotom|0 fnt\n|faint|p1b: Rotom\n|-damage|p2a: Incineroar|0 fnt|[from] Recoil\n|faint|p2a: Incineroar\n|\n|-weather|Snowscape|[upkeep]\n|upkeep\n|\n|t:|1775982676\n|switch|p2a: Rotom|Rotom-Frost, L50|100/100\n|turn|5\n|\n|t:|1775982683\n|move|p2a: Rotom|Electroweb|p1a: Froslass\n|-damage|p1a: Froslass|78/100\n|-unboost|p1a: Froslass|spe|1\n|cant|p2b: Kingambit|frz\n|move|p1a: Froslass|Blizzard|p2a: Rotom|[spread] p2a,p2b\n|-resisted|p2a: Rotom|1\n|-resisted|p2b: Kingambit|1\n|-damage|p2a: Rotom|71/100\n|-damage|p2b: Kingambit|28/100 frz\n|\n|-weather|none\n|upkeep\n|turn|6\n|-message|fusesrt forfeited.\n|\n|win|relaire\n|raw|fusesrt's rating: 1300 &rarr; <strong>1275</strong><br />(-25 for losing)\n|raw|relaire's rating: 1305 &rarr; <strong>1325</strong><br />(+20 for winning)\n|l|\u2606fusesrt\n|player|p1|\n|l|\u2606relaire\n|player|p2|\n",
  "uploadtime": 1775982732,
  "views": 33,
  "formatid": "gen9championsvgc2026regma",
  "rating": 1275,
  "private": 0,
  "password": null
}