{
  "id": "gen9championsvgc2026regma-2588088440",
  "format": "[Gen 9 Champions] VGC 2026 Reg M-A",
  "players": [
    "Da1mon!",
    "awaouifbbBBB"
  ],
  "log": "|j|\u2606Da1mon!\n|j|\u2606awaouifbbBBB\n|t:|1776602928\n|gametype|doubles\n|player|p1|Da1mon!|ghetsis|1250\n|player|p2|awaouifbbBBB|266|1162\n|gen|9\n|tier|[Gen 9 Champions] VGC 2026 Reg M-A\n|rated|\n|rule|Species Clause: Limit one of each Pok\u00e9mon\n|rule|Item Clause: Limit 1 of each item\n|clearpoke\n|poke|p1|Chesnaught, L50, M, shiny|\n|poke|p1|Slowking-Galar, L50, F|\n|poke|p1|Kingambit, L50, F|\n|poke|p1|Armarouge, L50, F|\n|poke|p1|Oranguru, L50, M|\n|poke|p1|Primarina, L50, M|\n|poke|p2|Meganium, L50, M|\n|poke|p2|Kangaskhan, L50, F|\n|poke|p2|Aerodactyl, L50, F|\n|poke|p2|Archaludon, L50, F|\n|poke|p2|Typhlosion-Hisui, L50, M|\n|poke|p2|Tauros-Paldea-Aqua, L50, M|\n|teampreview|4\n|\n|t:|1776602976\n|teamsize|p1|4\n|teamsize|p2|4\n|start\n|switch|p1a: Armarouge|Armarouge, L50, F|100/100\n|switch|p1b: Slowking|Slowking-Galar, L50, F|100/100\n|switch|p2a: Kangaskhan|Kangaskhan, L50, F|100/100\n|switch|p2b: Archaludon|Archaludon, L50, F|100/100\n|turn|1\n|\n|t:|1776603002\n|move|p2a: Kangaskhan|Fake Out|p1a: Armarouge\n|-damage|p1a: Armarouge|83/100\n|move|p2b: Archaludon|Draco Meteor|p1b: Slowking\n|-damage|p1b: Slowking|48/100\n|-unboost|p2b: Archaludon|spa|2\n|cant|p1a: Armarouge|flinch\n|move|p1b: Slowking|Trick Room|p1b: Slowking\n|-fieldstart|move: Trick Room|[of] p1b: Slowking\n|\n|upkeep\n|turn|2\n|\n|t:|1776603025\n|move|p1a: Armarouge|Protect|p1a: Armarouge\n|-singleturn|p1a: Armarouge|Protect\n|move|p2a: Kangaskhan|Sucker Punch||[still]\n|-fail|p2a: Kangaskhan\n|-prepare|p1b: Slowking|Chilly Reception|[premajor]\n|move|p1b: Slowking|Chilly Reception|p1b: Slowking\n|-weather|Snowscape\n|\n|t:|1776603033\n|switch|p1b: Chesnaught|Chesnaught, L50, M, shiny|100/100|[from] Chilly Reception\n|move|p2b: Archaludon|Dragon Pulse|p1a: Armarouge\n|-activate|p1a: Armarouge|move: Protect\n|\n|-weather|Snowscape|[upkeep]\n|upkeep\n|turn|3\n|\n|t:|1776603047\n|switch|p2b: Tauros|Tauros-Paldea-Aqua, L50, M|100/100\n|-ability|p2b: Tauros|Intimidate|boost\n|-unboost|p1a: Armarouge|atk|1\n|-unboost|p1b: Chesnaught|atk|1\n|detailschange|p1b: Chesnaught|Chesnaught-Mega, L50, M, shiny\n|-mega|p1b: Chesnaught|Chesnaught|Chesnaughtite\n|move|p2a: Kangaskhan|Sucker Punch|p1a: Armarouge\n|-supereffective|p1a: Armarouge|1\n|-damage|p1a: Armarouge|42/100\n|-enditem|p1a: Armarouge|Sitrus Berry|[eat]\n|-heal|p1a: Armarouge|67/100|[from] item: Sitrus Berry\n|move|p1b: Chesnaught|Body Press|p2b: Tauros\n|-damage|p2b: Tauros|54/100\n|move|p1a: Armarouge|Heat Wave|p2a: Kangaskhan|[spread] p2a,p2b\n|-resisted|p2b: Tauros|1\n|-damage|p2a: Kangaskhan|61/100\n|-damage|p2b: Tauros|31/100\n|\n|-weather|Snowscape|[upkeep]\n|upkeep\n|turn|4\n|\n|t:|1776603103\n|switch|p1a: Kingambit|Kingambit, L50, F|100/100\n|switch|p2a: Archaludon|Archaludon, L50, F|100/100\n|move|p1b: Chesnaught|Body Press|p2a: Archaludon\n|-supereffective|p2a: Archaludon|1\n|-damage|p2a: Archaludon|16/100\n|move|p2b: Tauros|Wave Crash|p1a: Kingambit\n|-damage|p1a: Kingambit|61/100\n|-damage|p2b: Tauros|16/100|[from] Recoil\n|\n|-weather|Snowscape|[upkeep]\n|upkeep\n|turn|5\n|\n|t:|1776603130\n|move|p2a: Archaludon|Protect|p2a: Archaludon\n|-singleturn|p2a: Archaludon|Protect\n|move|p1b: Chesnaught|Body Press|p2a: Archaludon\n|-activate|p2a: Archaludon|move: Protect\n|move|p1a: Kingambit|Kowtow Cleave|p2b: Tauros\n|-resisted|p2b: Tauros|1\n|-damage|p2b: Tauros|0 fnt\n|faint|p2b: Tauros\n|\n|-weather|Snowscape|[upkeep]\n|-fieldend|move: Trick Room\n|upkeep\n|\n|t:|1776603143\n|switch|p2b: Meganium|Meganium, L50, M|100/100\n|turn|6\n|\n|t:|1776603159\n|switch|p1b: Slowking|Slowking-Galar, L50, F|81/100\n|detailschange|p2b: Meganium|Meganium-Mega, L50, M\n|-mega|p2b: Meganium|Meganium|Meganiumite\n|move|p1a: Kingambit|Sucker Punch|p2a: Archaludon\n|-damage|p2a: Archaludon|0 fnt\n|faint|p2a: Archaludon\n|move|p2b: Meganium|Dazzling Gleam|p1a: Kingambit|[spread] p1a,p1b\n|-resisted|p1b: Slowking|1\n|-damage|p1a: Kingambit|23/100\n|-damage|p1b: Slowking|70/100\n|\n|-weather|none\n|upkeep\n|\n|t:|1776603169\n|switch|p2a: Kangaskhan|Kangaskhan, L50, F|61/100\n|turn|7\n|\n|t:|1776603189\n|move|p2a: Kangaskhan|Sucker Punch||[still]\n|-fail|p2a: Kangaskhan\n|move|p1a: Kingambit|Sucker Punch|p2b: Meganium\n|-resisted|p2b: Meganium|1\n|-damage|p2b: Meganium|80/100\n|move|p2b: Meganium|Weather Ball|p1a: Kingambit\n|-supereffective|p1a: Kingambit|1\n|-damage|p1a: Kingambit|0 fnt\n|faint|p1a: Kingambit\n|move|p1b: Slowking|Trick Room|p1b: Slowking\n|-fieldstart|move: Trick Room|[of] p1b: Slowking\n|\n|upkeep\n|\n|t:|1776603196\n|switch|p1a: Armarouge|Armarouge, L50, F|67/100\n|turn|8\n|\n|t:|1776603217\n|move|p1a: Armarouge|Protect|p1a: Armarouge\n|-singleturn|p1a: Armarouge|Protect\n|move|p2a: Kangaskhan|Fake Out||[still]\n|-hint|Fake Out only works on your first turn out.\n|-fail|p2a: Kangaskhan\n|move|p1b: Slowking|Sludge Bomb|p2b: Meganium\n|-supereffective|p2b: Meganium|2\n|-damage|p2b: Meganium|0 fnt\n|faint|p2b: Meganium\n|\n|upkeep\n|turn|9\n|-message|awaouifbbBBB forfeited.\n|\n|win|Da1mon!\n|raw|Da1mon!'s rating: 1250 &rarr; <strong>1269</strong><br />(+19 for winning)\n|raw|awaouifbbBBB's rating: 1162 &rarr; <strong>1143</strong><br />(-19 for losing)\n|l|\u2606awaouifbbBBB\n|player|p2|\n",
  "uploadtime": 1776603249,
  "views": 8,
  "formatid": "gen9championsvgc2026regma",
  "rating": 1143,
  "private": 0,
  "password": null
}