{
  "id": "gen9championsvgc2026regma-2586019637",
  "format": "[Gen 9 Champions] VGC 2026 Reg M-A",
  "players": [
    "jae-10",
    "LightJKookie"
  ],
  "log": "|j|\u2606jae-10\n|j|\u2606LightJKookie\n|t:|1776390867\n|gametype|doubles\n|player|p1|jae-10|alder|1167\n|player|p2|LightJKookie|brycen|1118\n|gen|9\n|tier|[Gen 9 Champions] VGC 2026 Reg M-A\n|rated|\n|rule|Species Clause: Limit one of each Pok\u00e9mon\n|rule|Item Clause: Limit 1 of each item\n|clearpoke\n|poke|p1|Delphox, L50, M|\n|poke|p1|Garchomp, L50, F|\n|poke|p1|Aerodactyl, L50, M|\n|poke|p1|Kingambit, L50, M|\n|poke|p1|Torkoal, L50, M|\n|poke|p1|Venusaur, L50, M|\n|poke|p2|Pelipper, L50, M|\n|poke|p2|Floette-Eternal, L50, F|\n|poke|p2|Sinistcha, L50|\n|poke|p2|Incineroar, L50, M|\n|poke|p2|Meganium, L50, F|\n|poke|p2|Archaludon, L50, M|\n|teampreview|4\n|\n|t:|1776390926\n|teamsize|p1|4\n|teamsize|p2|4\n|start\n|switch|p1a: Delphox|Delphox, L50, M|100/100\n|switch|p1b: Garchomp|Garchomp, L50, F|100/100\n|switch|p2a: Meganium|Meganium, L50, F|100/100\n|switch|p2b: Sinistcha|Sinistcha, L50|100/100\n|turn|1\n|\n|t:|1776390957\n|switch|p1b: Torkoal|Torkoal, L50, M|100/100\n|-weather|SunnyDay|[from] ability: Drought|[of] p1b: Torkoal\n|detailschange|p1a: Delphox|Delphox-Mega, L50, M\n|-mega|p1a: Delphox|Delphox|Delphoxite\n|move|p2a: Meganium|Protect|p2a: Meganium\n|-singleturn|p2a: Meganium|Protect\n|move|p1a: Delphox|Heat Wave|p2a: Meganium|[spread] p2b\n|-activate|p2a: Meganium|move: Protect\n|-supereffective|p2b: Sinistcha|1\n|-damage|p2b: Sinistcha|0 fnt\n|faint|p2b: Sinistcha\n|\n|-weather|SunnyDay|[upkeep]\n|upkeep\n|\n|t:|1776390969\n|switch|p2b: Pelipper|Pelipper, L50, M|100/100\n|-weather|RainDance|[from] ability: Drizzle|[of] p2b: Pelipper\n|turn|2\n|\n|t:|1776390989\n|switch|p1b: Garchomp|Garchomp, L50, F|100/100\n|move|p1a: Delphox|Protect|p1a: Delphox\n|-singleturn|p1a: Delphox|Protect\n|move|p2a: Meganium|Weather Ball|p1a: Delphox\n|-activate|p1a: Delphox|move: Protect\n|move|p2b: Pelipper|Hurricane|p1b: Garchomp\n|-damage|p1b: Garchomp|51/100\n|-start|p1b: Garchomp|confusion\n|\n|-weather|RainDance|[upkeep]\n|upkeep\n|turn|3\n|\n|t:|1776391017\n|switch|p1b: Torkoal|Torkoal, L50, M|100/100\n|-weather|SunnyDay|[from] ability: Drought|[of] p1b: Torkoal\n|switch|p2a: Incineroar|Incineroar, L50, M|100/100\n|-ability|p2a: Incineroar|Intimidate|boost\n|-unboost|p1a: Delphox|atk|1\n|-unboost|p1b: Torkoal|atk|1\n|move|p2b: Pelipper|Protect|p2b: Pelipper\n|-singleturn|p2b: Pelipper|Protect\n|move|p1a: Delphox|Heat Wave|p2a: Incineroar|[spread] p2a\n|-activate|p2b: Pelipper|move: Protect\n|-resisted|p2a: Incineroar|1\n|-damage|p2a: Incineroar|78/100\n|\n|-weather|SunnyDay|[upkeep]\n|upkeep\n|turn|4\n|\n|t:|1776391038\n|switch|p2b: Meganium|Meganium, L50, F|100/100\n|switch|p1b: Garchomp|Garchomp, L50, F|51/100\n|move|p1a: Delphox|Protect|p1a: Delphox\n|-singleturn|p1a: Delphox|Protect\n|move|p2a: Incineroar|Fake Out|p1b: Garchomp\n|-damage|p1b: Garchomp|40/100\n|-damage|p2a: Incineroar|65/100|[from] ability: Rough Skin|[of] p1b: Garchomp\n|\n|-weather|SunnyDay|[upkeep]\n|upkeep\n|turn|5\n|\n|t:|1776391066\n|switch|p2a: Pelipper|Pelipper, L50, M|100/100\n|-weather|RainDance|[from] ability: Drizzle|[of] p2a: Pelipper\n|move|p1b: Garchomp|Earthquake|p2a: Pelipper|[spread] p2b\n|-immune|p1a: Delphox|[from] ability: Levitate\n|-immune|p2a: Pelipper\n|-resisted|p2b: Meganium|1\n|-damage|p2b: Meganium|81/100\n|move|p1a: Delphox|Heat Wave|p2b: Meganium|[spread] p2a,p2b\n|-resisted|p2a: Pelipper|1\n|-supereffective|p2b: Meganium|1\n|-damage|p2a: Pelipper|88/100\n|-damage|p2b: Meganium|44/100\n|-status|p2b: Meganium|brn\n|move|p2b: Meganium|Weather Ball|p1a: Delphox\n|-supereffective|p1a: Delphox|1\n|-damage|p1a: Delphox|20/100\n|\n|-weather|RainDance|[upkeep]\n|-damage|p2b: Meganium|38/100 brn|[from] brn\n|upkeep\n|turn|6\n|\n|t:|1776391091\n|switch|p1b: Torkoal|Torkoal, L50, M|100/100\n|-weather|SunnyDay|[from] ability: Drought|[of] p1b: Torkoal\n|detailschange|p2b: Meganium|Meganium-Mega, L50, F\n|-mega|p2b: Meganium|Meganium|Meganiumite\n|move|p1a: Delphox|Psychic|p2b: Meganium\n|-damage|p2b: Meganium|0 fnt\n|faint|p2b: Meganium\n|move|p2a: Pelipper|Hurricane|p1a: Delphox\n|-damage|p1a: Delphox|0 fnt\n|faint|p1a: Delphox\n|\n|-weather|SunnyDay|[upkeep]\n|upkeep\n|\n|t:|1776391119\n|switch|p1a: Kingambit|Kingambit, L50, M|100/100\n|switch|p2b: Incineroar|Incineroar, L50, M|65/100\n|-ability|p2b: Incineroar|Intimidate|boost\n|-unboost|p1a: Kingambit|atk|1\n|-ability|p1a: Kingambit|Defiant|boost\n|-boost|p1a: Kingambit|atk|2\n|-unboost|p1b: Torkoal|atk|1\n|turn|7\n|\n|t:|1776391137\n|move|p1b: Torkoal|Protect|p1b: Torkoal\n|-singleturn|p1b: Torkoal|Protect\n|move|p2b: Incineroar|Fake Out|p1a: Kingambit\n|-resisted|p1a: Kingambit|1\n|-damage|p1a: Kingambit|96/100\n|move|p2a: Pelipper|U-turn|p1a: Kingambit\n|-damage|p1a: Kingambit|89/100\n|cant|p1a: Kingambit|flinch\n|\n|-weather|SunnyDay|[upkeep]\n|upkeep\n|turn|8\n|\n|t:|1776391156\n|move|p1b: Torkoal|Helping Hand|p1a: Kingambit\n|-singleturn|p1a: Kingambit|Helping Hand|[of] p1b: Torkoal\n|move|p2a: Pelipper|U-turn|p1a: Kingambit\n|-damage|p1a: Kingambit|82/100\n|move|p2b: Incineroar|Flare Blitz|p1a: Kingambit\n|-supereffective|p1a: Kingambit|1\n|-damage|p1a: Kingambit|0 fnt\n|faint|p1a: Kingambit\n|-damage|p2b: Incineroar|37/100|[from] Recoil\n|-enditem|p2b: Incineroar|Sitrus Berry|[eat]\n|-heal|p2b: Incineroar|62/100|[from] item: Sitrus Berry\n|\n|-weather|SunnyDay|[upkeep]\n|upkeep\n|\n|t:|1776391163\n|switch|p1a: Garchomp|Garchomp, L50, F|40/100\n|turn|9\n|\n|t:|1776391184\n|move|p1b: Torkoal|Helping Hand|p1a: Garchomp\n|-singleturn|p1a: Garchomp|Helping Hand|[of] p1b: Torkoal\n|move|p1a: Garchomp|Dragon Claw|p2b: Incineroar\n|-damage|p2b: Incineroar|9/100\n|move|p2a: Pelipper|Hurricane|p1a: Garchomp\n|-damage|p1a: Garchomp|0 fnt\n|faint|p1a: Garchomp\n|move|p2b: Incineroar|Parting Shot|p1b: Torkoal\n|-unboost|p1b: Torkoal|atk|1\n|-unboost|p1b: Torkoal|spa|1\n|\n|-weather|SunnyDay|[upkeep]\n|upkeep\n|turn|10\n|\n|t:|1776391198\n|move|p2a: Pelipper|Hurricane|p1b: Torkoal|[miss]\n|-miss|p2a: Pelipper|p1b: Torkoal\n|move|p2b: Incineroar|Snarl|p1b: Torkoal\n|-damage|p1b: Torkoal|86/100\n|-unboost|p1b: Torkoal|spa|1\n|move|p1b: Torkoal|Lava Plume|p2a: Pelipper|[spread] p2a,p2b\n|-resisted|p2a: Pelipper|1\n|-resisted|p2b: Incineroar|1\n|-damage|p2a: Pelipper|78/100\n|-damage|p2b: Incineroar|3/100\n|\n|-weather|none\n|-heal|p1b: Torkoal|92/100|[from] item: Leftovers\n|upkeep\n|turn|11\n|\n|t:|1776391209\n|move|p2a: Pelipper|Hurricane|p1b: Torkoal\n|-damage|p1b: Torkoal|43/100\n|move|p2b: Incineroar|Snarl|p1b: Torkoal\n|-damage|p1b: Torkoal|30/100\n|-unboost|p1b: Torkoal|spa|1\n|move|p1b: Torkoal|Lava Plume|p2a: Pelipper|[spread] p2a,p2b\n|-resisted|p2a: Pelipper|1\n|-resisted|p2b: Incineroar|1\n|-damage|p2a: Pelipper|72/100\n|-damage|p2b: Incineroar|0 fnt\n|faint|p2b: Incineroar\n|\n|-heal|p1b: Torkoal|36/100|[from] item: Leftovers\n|upkeep\n|turn|12\n|\n|t:|1776391225\n|move|p2a: Pelipper|Hurricane|p1b: Torkoal\n|-damage|p1b: Torkoal|0 fnt\n|faint|p1b: Torkoal\n|\n|win|LightJKookie\n|raw|jae-10's rating: 1167 &rarr; <strong>1138</strong><br />(-29 for losing)\n|raw|LightJKookie's rating: 1118 &rarr; <strong>1147</strong><br />(+29 for winning)\n|c|\u2606jae-10|gg wp\n|l|\u2606jae-10\n|player|p1|\n",
  "uploadtime": 1776391233,
  "views": 40,
  "formatid": "gen9championsvgc2026regma",
  "rating": 1138,
  "private": 0,
  "password": null
}