{
  "id": "gen9championsvgc2026regma-2586093758",
  "format": "[Gen 9 Champions] VGC 2026 Reg M-A",
  "players": [
    "Inferno prodigy",
    "Andiom123"
  ],
  "log": "|j|\u2606Inferno prodigy\n|j|\u2606Andiom123\n|t:|1776398274\n|gametype|doubles\n|player|p1|Inferno prodigy|170|1084\n|player|p2|Andiom123|102|1175\n|gen|9\n|tier|[Gen 9 Champions] VGC 2026 Reg M-A\n|rated|\n|rule|Species Clause: Limit one of each Pok\u00e9mon\n|rule|Item Clause: Limit 1 of each item\n|clearpoke\n|poke|p1|Emboar, L50, M|\n|poke|p1|Cofagrigus, L50, M|\n|poke|p1|Hydreigon, L50, M|\n|poke|p1|Incineroar, L50, M|\n|poke|p1|Reuniclus, L50, M|\n|poke|p1|Crabominable, L50, F|\n|poke|p2|Charizard, L50, M|\n|poke|p2|Typhlosion-Hisui, L50, F|\n|poke|p2|Venusaur, L50, M|\n|poke|p2|Aerodactyl, L50, M|\n|poke|p2|Sneasler, L50, F|\n|poke|p2|Garchomp, L50, M|\n|teampreview|4\n|\n|t:|1776398339\n|teamsize|p1|4\n|teamsize|p2|4\n|start\n|switch|p1a: Emboar|Emboar, L50, M|100/100\n|switch|p1b: Reuniclus|Reuniclus, L50, M|100/100\n|switch|p2a: Charizard|Charizard, L50, M|100/100\n|switch|p2b: Sneasler|Sneasler, L50, F|100/100\n|turn|1\n|\n|t:|1776398385\n|detailschange|p2a: Charizard|Charizard-Mega-Y, L50, M\n|-mega|p2a: Charizard|Charizard|Charizardite Y\n|-weather|SunnyDay|[from] ability: Drought|[of] p2a: Charizard\n|detailschange|p1a: Emboar|Emboar-Mega, L50, M\n|-mega|p1a: Emboar|Emboar|Emboarite\n|-ability|p1a: Emboar|Mold Breaker\n|move|p2b: Sneasler|Dire Claw|p1b: Reuniclus\n|-damage|p1b: Reuniclus|56/100\n|move|p2a: Charizard|Heat Wave|p1a: Emboar|[spread] p1a,p1b\n|-resisted|p1a: Emboar|1\n|-damage|p1a: Emboar|77/100\n|-damage|p1b: Reuniclus|0 fnt\n|faint|p1b: Reuniclus\n|move|p1a: Emboar|Flare Blitz|p2b: Sneasler\n|-damage|p2b: Sneasler|0 fnt\n|faint|p2b: Sneasler\n|-damage|p1a: Emboar|50/100|[from] Recoil\n|\n|-weather|SunnyDay|[upkeep]\n|upkeep\n|\n|t:|1776398415\n|switch|p2b: Garchomp|Garchomp, L50, M|100/100\n|switch|p1b: Incineroar|Incineroar, L50, M|100/100\n|-ability|p1b: Incineroar|Intimidate|boost\n|-unboost|p2a: Charizard|atk|1\n|-unboost|p2b: Garchomp|atk|1\n|turn|2\n|\n|t:|1776398455\n|switch|p1a: Cofagrigus|Cofagrigus, L50, M|100/100\n|move|p2b: Garchomp|Protect|p2b: Garchomp\n|-singleturn|p2b: Garchomp|Protect\n|move|p2a: Charizard|Protect|p2a: Charizard\n|-singleturn|p2a: Charizard|Protect\n|move|p1b: Incineroar|Parting Shot|p2a: Charizard\n|-activate|p2a: Charizard|move: Protect\n|\n|-weather|SunnyDay|[upkeep]\n|upkeep\n|turn|3\n|\n|t:|1776398472\n|move|p2b: Garchomp|Earthquake|p1a: Cofagrigus|[spread] p1a,p1b\n|-immune|p2a: Charizard\n|-supereffective|p1b: Incineroar|1\n|-damage|p1a: Cofagrigus|80/100\n|-damage|p1b: Incineroar|40/100\n|-enditem|p1b: Incineroar|Sitrus Berry|[eat]\n|-heal|p1b: Incineroar|65/100|[from] item: Sitrus Berry\n|move|p2a: Charizard|Heat Wave|p1a: Cofagrigus|[spread] p1a,p1b\n|-resisted|p1b: Incineroar|1\n|-damage|p1a: Cofagrigus|17/100\n|-damage|p1b: Incineroar|40/100\n|move|p1b: Incineroar|Parting Shot|p2a: Charizard\n|-unboost|p2a: Charizard|atk|1\n|-unboost|p2a: Charizard|spa|1\n|\n|t:|1776398486\n|switch|p1b: Emboar|Emboar-Mega, L50, M|50/100|[from] Parting Shot\n|-ability|p1b: Emboar|Mold Breaker\n|move|p1a: Cofagrigus|Trick Room|p1a: Cofagrigus\n|-fieldstart|move: Trick Room|[of] p1a: Cofagrigus\n|\n|-weather|SunnyDay|[upkeep]\n|-heal|p1a: Cofagrigus|24/100|[from] item: Leftovers\n|upkeep\n|turn|4\n|\n|t:|1776398513\n|move|p1b: Emboar|Protect|p1b: Emboar\n|-singleturn|p1b: Emboar|Protect\n|move|p1a: Cofagrigus|Destiny Bond|p1a: Cofagrigus\n|-singlemove|p1a: Cofagrigus|Destiny Bond\n|move|p2a: Charizard|Heat Wave|p1a: Cofagrigus|[spread] p1a\n|-activate|p1b: Emboar|move: Protect\n|-damage|p1a: Cofagrigus|0 fnt\n|faint|p1a: Cofagrigus\n|-activate|p1a: Cofagrigus|move: Destiny Bond\n|faint|p2a: Charizard\n|move|p2b: Garchomp|Earthquake|p1b: Emboar\n|-activate|p1b: Emboar|move: Protect\n|\n|-weather|SunnyDay|[upkeep]\n|upkeep\n|\n|t:|1776398542\n|switch|p1a: Incineroar|Incineroar, L50, M|40/100\n|switch|p2a: Typhlosion|Typhlosion-Hisui, L50, F|100/100\n|-ability|p1a: Incineroar|Intimidate|boost\n|-unboost|p2a: Typhlosion|atk|1\n|-unboost|p2b: Garchomp|atk|1\n|-item|p1b: Emboar|Emboarite|[from] ability: Frisk|[of] p2a: Typhlosion\n|turn|5\n|\n|t:|1776398580\n|move|p1a: Incineroar|Throat Chop|p2a: Typhlosion\n|-supereffective|p2a: Typhlosion|1\n|-damage|p2a: Typhlosion|0 fnt\n|faint|p2a: Typhlosion\n|move|p1b: Emboar|Close Combat|p2b: Garchomp\n|-damage|p2b: Garchomp|19/100\n|-unboost|p1b: Emboar|def|1\n|-unboost|p1b: Emboar|spd|1\n|-damage|p1b: Emboar|38/100|[from] ability: Rough Skin|[of] p2b: Garchomp\n|move|p2b: Garchomp|Earthquake|p1a: Incineroar|[spread] p1a,p1b\n|-supereffective|p1a: Incineroar|1\n|-supereffective|p1b: Emboar|1\n|-damage|p1a: Incineroar|0 fnt\n|-damage|p1b: Emboar|0 fnt\n|faint|p1a: Incineroar\n|faint|p1b: Emboar\n|\n|win|Andiom123\n|raw|Inferno prodigy's rating: 1066 &rarr; <strong>1052</strong><br />(-14 for losing)\n|raw|Andiom123's rating: 1175 &rarr; <strong>1192</strong><br />(+17 for winning)\n",
  "uploadtime": 1776398596,
  "views": 16,
  "formatid": "gen9championsvgc2026regma",
  "rating": 1052,
  "private": 0,
  "password": null
}