{
  "id": "gen9championsvgc2026regma-2588253985",
  "format": "[Gen 9 Champions] VGC 2026 Reg M-A",
  "players": [
    "alone0007",
    "Pedro_Gil_2502"
  ],
  "log": "|j|\u2606alone0007\n|j|\u2606Pedro_Gil_2502\n|t:|1776618379\n|gametype|doubles\n|player|p1|alone0007|ghetsis|1143\n|player|p2|Pedro_Gil_2502|pokemonranger-gen4|1147\n|gen|9\n|tier|[Gen 9 Champions] VGC 2026 Reg M-A\n|rated|\n|rule|Species Clause: Limit one of each Pok\u00e9mon\n|rule|Item Clause: Limit 1 of each item\n|clearpoke\n|poke|p1|Gyarados, L50, F|\n|poke|p1|Glimmora, L50, M|\n|poke|p1|Garchomp, L50, M|\n|poke|p1|Corviknight, L50, F|\n|poke|p1|Volcarona, L50, F|\n|poke|p1|Ninetales-Alola, L50, M|\n|poke|p2|Sneasler, L50, M|\n|poke|p2|Basculegion, L50, M|\n|poke|p2|Aerodactyl, L50, M|\n|poke|p2|Milotic, L50, F|\n|poke|p2|Sableye, L50, M|\n|poke|p2|Meganium, L50, F|\n|teampreview|4\n|inactive|Battle timer is ON: inactive players will automatically lose when time's up. (requested by Pedro_Gil_2502)\n|inactive|alone0007 also wants the timer to be on.\n|c|\u2606Pedro_Gil_2502|Hf\n|inactive|alone0007 has 60 seconds left.\n|inactive|Pedro_Gil_2502 has 60 seconds left.\n|\n|t:|1776618438\n|teamsize|p1|4\n|teamsize|p2|4\n|start\n|switch|p1a: Corviknight|Corviknight, L50, F|100/100\n|switch|p1b: Garchomp|Garchomp, L50, M|100/100\n|switch|p2a: Aerodactyl|Aerodactyl, L50, M|100/100\n|switch|p2b: Milotic|Milotic, L50, F|100/100\n|-ability|p2a: Aerodactyl|Unnerve\n|turn|1\n|\n|t:|1776618452\n|move|p1b: Garchomp|Rock Slide|p2b: Milotic|[spread] p2b\n|-miss|p1b: Garchomp|p2a: Aerodactyl\n|-damage|p2b: Milotic|86/100\n|move|p2a: Aerodactyl|Tailwind|p2a: Aerodactyl\n|-sidestart|p2: Pedro_Gil_2502|move: Tailwind\n|move|p2b: Milotic|Ice Beam|p1b: Garchomp\n|-supereffective|p1b: Garchomp|2\n|-damage|p1b: Garchomp|4/100\n|move|p1a: Corviknight|Iron Defense|p1a: Corviknight\n|-boost|p1a: Corviknight|def|2\n|\n|-heal|p2b: Milotic|92/100|[from] item: Leftovers\n|upkeep\n|turn|2\n|\n|t:|1776618476\n|move|p2a: Aerodactyl|Rock Slide|p1b: Garchomp|[spread] p1a,p1b\n|-resisted|p1b: Garchomp|1\n|-damage|p1a: Corviknight|90/100\n|-damage|p1b: Garchomp|0 fnt\n|faint|p1b: Garchomp\n|move|p2b: Milotic|Scald|p1a: Corviknight\n|-damage|p1a: Corviknight|68/100\n|move|p1a: Corviknight|Body Press|p2b: Milotic\n|-damage|p2b: Milotic|61/100\n|\n|-heal|p2b: Milotic|67/100|[from] item: Leftovers\n|upkeep\n|\n|t:|1776618491\n|switch|p1b: Gyarados|Gyarados, L50, F|100/100\n|-ability|p1b: Gyarados|Intimidate|boost\n|-unboost|p2a: Aerodactyl|atk|1\n|-unboost|p2b: Milotic|atk|1\n|-ability|p2b: Milotic|Competitive|boost\n|-boost|p2b: Milotic|spa|2\n|turn|3\n|\n|t:|1776618506\n|detailschange|p1b: Gyarados|Gyarados-Mega, L50, F\n|-mega|p1b: Gyarados|Gyarados|Gyaradosite\n|-ability|p1b: Gyarados|Mold Breaker\n|move|p2a: Aerodactyl|Rock Slide|p1b: Gyarados|[spread] p1a,p1b\n|-damage|p1a: Corviknight|62/100\n|-damage|p1b: Gyarados|84/100\n|move|p2b: Milotic|Scald|p1b: Gyarados\n|-resisted|p1b: Gyarados|1\n|-damage|p1b: Gyarados|60/100\n|-status|p1b: Gyarados|brn\n|move|p1b: Gyarados|Dragon Dance|p1b: Gyarados\n|-boost|p1b: Gyarados|atk|1\n|-boost|p1b: Gyarados|spe|1\n|move|p1a: Corviknight|Body Press|p2a: Aerodactyl\n|-damage|p2a: Aerodactyl|34/100\n|\n|-heal|p2b: Milotic|73/100|[from] item: Leftovers\n|-damage|p1b: Gyarados|55/100 brn|[from] brn\n|upkeep\n|turn|4\n|inactive|alone0007 has 30 seconds left.\n|\n|t:|1776618535\n|move|p2a: Aerodactyl|Protect|p2a: Aerodactyl\n|-singleturn|p2a: Aerodactyl|Protect\n|move|p1b: Gyarados|Crunch|p2b: Milotic\n|-damage|p2b: Milotic|46/100\n|move|p2b: Milotic|Alluring Voice|p1b: Gyarados\n|-supereffective|p1b: Gyarados|1\n|-damage|p1b: Gyarados|0 fnt\n|faint|p1b: Gyarados\n|move|p1a: Corviknight|Body Press|p2a: Aerodactyl\n|-activate|p2a: Aerodactyl|move: Protect\n|\n|-heal|p2b: Milotic|51/100|[from] item: Leftovers\n|-sideend|p2: Pedro_Gil_2502|move: Tailwind\n|upkeep\n|\n|t:|1776618543\n|switch|p1b: Ninetales|Ninetales-Alola, L50, M|100/100\n|-weather|Snowscape|[from] ability: Snow Warning|[of] p1b: Ninetales\n|turn|5\n|\n|t:|1776618560\n|move|p2a: Aerodactyl|Tailwind|p2a: Aerodactyl\n|-sidestart|p2: Pedro_Gil_2502|move: Tailwind\n|move|p2b: Milotic|Recover|p2b: Milotic\n|-heal|p2b: Milotic|100/100\n|move|p1b: Ninetales|Encore|p2b: Milotic\n|-start|p2b: Milotic|Encore\n|move|p1a: Corviknight|Roost|p1a: Corviknight\n|-heal|p1a: Corviknight|100/100\n|-singleturn|p1a: Corviknight|move: Roost\n|\n|-weather|Snowscape|[upkeep]\n|upkeep\n|turn|6\n|\n|t:|1776618579\n|switch|p2b: Sneasler|Sneasler, L50, M|100/100\n|move|p2a: Aerodactyl|Rock Slide|p1a: Corviknight|[spread] p1a,p1b\n|-supereffective|p1b: Ninetales|1\n|-damage|p1a: Corviknight|94/100\n|-damage|p1b: Ninetales|68/100\n|move|p1b: Ninetales|Aurora Veil|p1b: Ninetales\n|-sidestart|p1: alone0007|move: Aurora Veil\n|move|p1a: Corviknight|Iron Defense|p1a: Corviknight\n|-boost|p1a: Corviknight|def|2\n|\n|-weather|Snowscape|[upkeep]\n|upkeep\n|turn|7\n|\n|t:|1776618595\n|move|p1b: Ninetales|Protect|p1b: Ninetales\n|-singleturn|p1b: Ninetales|Protect\n|move|p2a: Aerodactyl|Rock Slide|p1a: Corviknight|[spread] p1a\n|-activate|p1b: Ninetales|move: Protect\n|-damage|p1a: Corviknight|91/100\n|move|p2b: Sneasler|Dire Claw|p1b: Ninetales\n|-activate|p1b: Ninetales|move: Protect\n|cant|p1a: Corviknight|flinch\n|\n|-weather|Snowscape|[upkeep]\n|upkeep\n|turn|8\n|\n|t:|1776618617\n|move|p1b: Ninetales|Protect||[still]\n|-fail|p1b: Ninetales\n|move|p2a: Aerodactyl|Rock Slide|p1b: Ninetales|[spread] p1a,p1b\n|-supereffective|p1b: Ninetales|1\n|-damage|p1a: Corviknight|88/100\n|-damage|p1b: Ninetales|47/100\n|move|p2b: Sneasler|Dire Claw|p1b: Ninetales\n|-supereffective|p1b: Ninetales|1\n|-damage|p1b: Ninetales|0 fnt\n|faint|p1b: Ninetales\n|cant|p1a: Corviknight|flinch\n|\n|-weather|Snowscape|[upkeep]\n|-sideend|p2: Pedro_Gil_2502|move: Tailwind\n|upkeep\n|turn|9\n|\n|t:|1776618633\n|switch|p2a: Meganium|Meganium, L50, F|100/100\n|move|p2b: Sneasler|Fling|p1a: Corviknight\n|-damage|p1a: Corviknight|86/100\n|-enditem|p2b: Sneasler|King's Rock|[from] move: Fling\n|cant|p1a: Corviknight|flinch\n|\n|-weather|none\n|upkeep\n|turn|10\n|\n|t:|1776618655\n|detailschange|p2a: Meganium|Meganium-Mega, L50, F\n|-mega|p2a: Meganium|Meganium|Meganiumite\n|move|p2b: Sneasler|Close Combat|p1a: Corviknight\n|-damage|p1a: Corviknight|73/100\n|-unboost|p2b: Sneasler|def|1\n|-unboost|p2b: Sneasler|spd|1\n|move|p2a: Meganium|Weather Ball|p1a: Corviknight\n|-supereffective|p1a: Corviknight|1\n|-damage|p1a: Corviknight|14/100\n|-enditem|p1a: Corviknight|Sitrus Berry|[eat]\n|-heal|p1a: Corviknight|39/100|[from] item: Sitrus Berry\n|move|p1a: Corviknight|Brave Bird|p2a: Meganium\n|-supereffective|p2a: Meganium|1\n|-damage|p2a: Meganium|36/100\n|-damage|p1a: Corviknight|20/100|[from] Recoil\n|\n|-sideend|p1: alone0007|move: Aurora Veil\n|upkeep\n|turn|11\n|\n|t:|1776618671\n|move|p2b: Sneasler|Close Combat|p1a: Corviknight\n|-damage|p1a: Corviknight|2/100\n|-unboost|p2b: Sneasler|def|1\n|-unboost|p2b: Sneasler|spd|1\n|move|p2a: Meganium|Weather Ball|p1a: Corviknight\n|-supereffective|p1a: Corviknight|1\n|-damage|p1a: Corviknight|0 fnt\n|faint|p1a: Corviknight\n|\n|win|Pedro_Gil_2502\n|raw|alone0007's rating: 1143 &rarr; <strong>1118</strong><br />(-25 for losing)\n|raw|Pedro_Gil_2502's rating: 1147 &rarr; <strong>1172</strong><br />(+25 for winning)\n",
  "uploadtime": 1776618681,
  "views": 12,
  "formatid": "gen9championsvgc2026regma",
  "rating": 1118,
  "private": 0,
  "password": null
}