{
  "id": "gen9championsvgc2026regma-2581303768",
  "format": "[Gen 9 Champions] VGC 2026 Reg M-A",
  "players": [
    "chikoranium",
    "chiumma"
  ],
  "log": "|j|\u2606chikoranium\n|j|\u2606chiumma\n|t:|1775983917\n|gametype|doubles\n|player|p1|chikoranium|265|1313\n|player|p2|chiumma|102|1383\n|gen|9\n|tier|[Gen 9 Champions] VGC 2026 Reg M-A\n|rated|\n|rule|Species Clause: Limit one of each Pok\u00e9mon\n|rule|Item Clause: Limit 1 of each item\n|clearpoke\n|poke|p1|Basculegion, L50, M|\n|poke|p1|Manectric, L50, F|\n|poke|p1|Incineroar, L50, F|\n|poke|p1|Sneasler, L50, M|\n|poke|p1|Kleavor, L50, M|\n|poke|p1|Skarmory, L50, F|\n|poke|p2|Pelipper, L50, F|\n|poke|p2|Basculegion, L50, M|\n|poke|p2|Archaludon, L50, M|\n|poke|p2|Sneasler, L50, F|\n|poke|p2|Dragonite, L50, M|\n|poke|p2|Meganium, L50, M|\n|teampreview|4\n|inactive|Battle timer is ON: inactive players will automatically lose when time's up. (requested by chikoranium)\n|j| majayong03\n|inactive|chikoranium has 60 seconds left.\n|inactive|chiumma has 60 seconds left.\n|j| gE1xjZRtuhW2DdT0AK\n|\n|t:|1775983976\n|teamsize|p1|4\n|teamsize|p2|4\n|start\n|switch|p1a: Manectric|Manectric, L50, F|100/100\n|switch|p1b: Kleavor|Kleavor, L50, M|100/100\n|switch|p2a: Sneasler|Sneasler, L50, F|100/100\n|switch|p2b: Dragonite|Dragonite, L50, M|100/100\n|turn|1\n|j| Andrey Koitrans\n|\n|t:|1775983991\n|switch|p1b: Sneasler|Sneasler, L50, M|100/100\n|detailschange|p1a: Manectric|Manectric-Mega, L50, F\n|-mega|p1a: Manectric|Manectric|Manectite\n|-ability|p1a: Manectric|Intimidate|boost\n|-unboost|p2a: Sneasler|atk|1\n|-unboost|p2b: Dragonite|atk|1\n|-enditem|p2a: Sneasler|White Herb\n|-clearnegativeboost|p2a: Sneasler|[silent]\n|detailschange|p2b: Dragonite|Dragonite-Mega, L50, M\n|-mega|p2b: Dragonite|Dragonite|Dragoninite\n|move|p2a: Sneasler|Fake Out|p1b: Sneasler\n|-damage|p1b: Sneasler|75/100\n|move|p1a: Manectric|Volt Switch|p2b: Dragonite\n|-damage|p2b: Dragonite|85/100\n|\n|t:|1775984009\n|switch|p1a: Kleavor|Kleavor, L50, M|100/100|[from] Volt Switch\n|move|p2b: Dragonite|Hurricane|p1b: Sneasler|[miss]\n|-miss|p2b: Dragonite|p1b: Sneasler\n|\n|upkeep\n|turn|2\n|inactive|chikoranium has 30 seconds left.\n|\n|t:|1775984037\n|move|p2a: Sneasler|Protect|p2a: Sneasler\n|-singleturn|p2a: Sneasler|Protect\n|move|p1b: Sneasler|Fake Out|p2a: Sneasler\n|-activate|p2a: Sneasler|move: Protect\n|move|p2b: Dragonite|Hurricane|p1b: Sneasler\n|-supereffective|p1b: Sneasler|1\n|-damage|p1b: Sneasler|0 fnt\n|faint|p1b: Sneasler\n|move|p1a: Kleavor|Tailwind|p1a: Kleavor\n|-sidestart|p1: chikoranium|move: Tailwind\n|\n|upkeep\n|\n|t:|1775984049\n|switch|p1b: Basculegion|Basculegion, L50, M|100/100\n|turn|3\n|\n|t:|1775984059\n|move|p1b: Basculegion|Wave Crash|p2a: Sneasler\n|-damage|p2a: Sneasler|0 fnt\n|faint|p2a: Sneasler\n|-damage|p1b: Basculegion|75/100|[from] Recoil\n|move|p1a: Kleavor|Stone Axe|p2b: Dragonite\n|-supereffective|p2b: Dragonite|1\n|-damage|p2b: Dragonite|0 fnt\n|-sidestart|p2: chiumma|move: Stealth Rock\n|faint|p2b: Dragonite\n|\n|upkeep\n|\n|t:|1775984063\n|switch|p2a: Pelipper|Pelipper, L50, F|100/100\n|switch|p2b: Basculegion|Basculegion, L50, M|100/100\n|-damage|p2b: Basculegion|88/100|[from] Stealth Rock\n|-damage|p2a: Pelipper|76/100|[from] Stealth Rock\n|-weather|RainDance|[from] ability: Drizzle|[of] p2a: Pelipper\n|turn|4\n|\n|t:|1775984072\n|switch|p1b: Manectric|Manectric-Mega, L50, F|100/100\n|-ability|p1b: Manectric|Intimidate|boost\n|-unboost|p2a: Pelipper|atk|1\n|-unboost|p2b: Basculegion|atk|1\n|move|p2b: Basculegion|Aqua Jet|p1a: Kleavor\n|-supereffective|p1a: Kleavor|1\n|-damage|p1a: Kleavor|47/100\n|move|p1a: Kleavor|Stone Axe|p2a: Pelipper\n|-supereffective|p2a: Pelipper|1\n|-damage|p2a: Pelipper|0 fnt\n|faint|p2a: Pelipper\n|\n|-weather|RainDance|[upkeep]\n|upkeep\n|turn|5\n|-message|chiumma forfeited.\n|\n|win|chikoranium\n|raw|chikoranium's rating: 1313 &rarr; <strong>1337</strong><br />(+24 for winning)\n|raw|chiumma's rating: 1383 &rarr; <strong>1359</strong><br />(-24 for losing)\n|l|\u2606chiumma\n|player|p2|\n|l|\u2606chikoranium\n|player|p1|\n|l| Andrey Koitrans\n",
  "uploadtime": 1775984095,
  "views": 29,
  "formatid": "gen9championsvgc2026regma",
  "rating": 1337,
  "private": 0,
  "password": null
}