{
  "id": "gen9championsvgc2026regma-2582816831",
  "format": "[Gen 9 Champions] VGC 2026 Reg M-A",
  "players": [
    "vangolax",
    "CoolTrainerBu"
  ],
  "log": "|j|\u2606vangolax\n|j|\u2606CoolTrainerBu\n|t:|1776116323\n|gametype|doubles\n|player|p1|vangolax|1|1086\n|player|p2|CoolTrainerBu|101|1044\n|gen|9\n|tier|[Gen 9 Champions] VGC 2026 Reg M-A\n|rated|\n|rule|Species Clause: Limit one of each Pok\u00e9mon\n|rule|Item Clause: Limit 1 of each item\n|clearpoke\n|poke|p1|Aerodactyl, L50, F|\n|poke|p1|Froslass, L50, F|\n|poke|p1|Primarina, L50, M|\n|poke|p1|Incineroar, L50, M|\n|poke|p1|Sneasler, L50, M|\n|poke|p1|Aegislash, L50, M|\n|poke|p2|Charizard, L50, F|\n|poke|p2|Whimsicott, L50, F|\n|poke|p2|Garchomp, L50, F|\n|poke|p2|Sneasler, L50, M|\n|poke|p2|Maushold, L50|\n|poke|p2|Incineroar, L50, F|\n|teampreview|4\nvangolax has agreed to open team sheets.\n|inactive|Battle timer is ON: inactive players will automatically lose when time's up. (requested by CoolTrainerBu)\nCoolTrainerBu has agreed to open team sheets.\n|showteam|p1|Aerodactyl||Aerodactylite|Pressure|Protect,Tailwind,RockSlide,DualWingbeat|||F|||50|]Froslass||Froslassite|SnowCloak|Blizzard,Substitute,ShadowBall,NastyPlot|||F|||50|]Primarina||MysticWater|LiquidVoice|HyperVoice,DazzlingGleam,Protect,CalmMind|||M|||50|]Incineroar||SitrusBerry|Intimidate|FakeOut,FlareBlitz,DarkestLariat,PartingShot|||M|||50|]Sneasler||FocusSash|Unburden|DireClaw,CloseCombat,Protect,FakeOut|||M|||50|]Aegislash||Leftovers|StanceChange|WideGuard,KingsShield,FlashCannon,ShadowBall|||M|||50|\n|showteam|p2|Charizard||CharizarditeY|Blaze|HeatWave,SolarBeam,WeatherBall,Protect|||F|||50|]Whimsicott||FocusSash|Prankster|Moonblast,Encore,SunnyDay,Tailwind|||F|||50|]Garchomp||YacheBerry|RoughSkin|Earthquake,DragonClaw,RockSlide,Protect|||F|||50|]Sneasler||WhiteHerb|Unburden|CloseCombat,DireClaw,RockTomb,Protect|||M|||50|]Maushold||ChopleBerry|FriendGuard|SuperFang,Taunt,FollowMe,Protect||||||50|]Incineroar||ShucaBerry|Intimidate|FlareBlitz,DarkestLariat,PartingShot,FakeOut|||F|||50|\n|inactive|vangolax has 60 seconds left.\n|\n|t:|1776116379\n|teamsize|p1|4\n|teamsize|p2|4\n|start\n|switch|p1a: Aerodactyl|Aerodactyl, L50, F|100/100\n|switch|p1b: Incineroar|Incineroar, L50, M|100/100\n|switch|p2a: Charizard|Charizard, L50, F|100/100\n|switch|p2b: Whimsicott|Whimsicott, L50, F|100/100\n|-ability|p1a: Aerodactyl|Pressure\n|-ability|p1b: Incineroar|Intimidate|boost\n|-unboost|p2a: Charizard|atk|1\n|-unboost|p2b: Whimsicott|atk|1\n|turn|1\n|inactive|CoolTrainerBu has 30 seconds left.\n|\n|t:|1776116405\n|switch|p2a: Incineroar|Incineroar, L50, F|100/100\n|-ability|p2a: Incineroar|Intimidate|boost\n|-unboost|p1a: Aerodactyl|atk|1\n|-unboost|p1b: Incineroar|atk|1\n|detailschange|p1a: Aerodactyl|Aerodactyl-Mega, L50, F\n|-mega|p1a: Aerodactyl|Aerodactyl|Aerodactylite\n|move|p1b: Incineroar|Fake Out|p2a: Incineroar\n|-damage|p2a: Incineroar|94/100\n|move|p2b: Whimsicott|Tailwind|p2b: Whimsicott\n|-sidestart|p2: CoolTrainerBu|move: Tailwind\n|move|p1a: Aerodactyl|Dual Wingbeat|p2b: Whimsicott\n|-supereffective|p2b: Whimsicott|1\n|-damage|p2b: Whimsicott|39/100\n|-supereffective|p2b: Whimsicott|1\n|-damage|p2b: Whimsicott|0 fnt\n|faint|p2b: Whimsicott\n|-hitcount|p2: Whimsicott|2\n|\n|upkeep\n|\n|t:|1776116422\n|switch|p2b: Garchomp|Garchomp, L50, F|100/100\n|turn|2\n|\n|t:|1776116437\n|move|p2a: Incineroar|Fake Out|p1b: Incineroar\n|-damage|p1b: Incineroar|89/100\n|move|p2b: Garchomp|Rock Slide|p1a: Aerodactyl|[spread] p1a,p1b\n|-supereffective|p1a: Aerodactyl|1\n|-supereffective|p1b: Incineroar|1\n|-damage|p1a: Aerodactyl|52/100\n|-damage|p1b: Incineroar|53/100\n|cant|p1a: Aerodactyl|flinch\n|cant|p1b: Incineroar|flinch\n|\n|upkeep\n|turn|3\n|\n|t:|1776116456\n|move|p2b: Garchomp|Rock Slide|p1a: Aerodactyl|[spread] p1a,p1b\n|-supereffective|p1a: Aerodactyl|1\n|-supereffective|p1b: Incineroar|1\n|-damage|p1a: Aerodactyl|0 fnt\n|-damage|p1b: Incineroar|15/100\n|-enditem|p1b: Incineroar|Sitrus Berry|[eat]\n|-heal|p1b: Incineroar|40/100|[from] item: Sitrus Berry\n|faint|p1a: Aerodactyl\n|move|p2a: Incineroar|Darkest Lariat|p1b: Incineroar\n|-resisted|p1b: Incineroar|1\n|-damage|p1b: Incineroar|22/100\n|move|p1b: Incineroar|Parting Shot|p2b: Garchomp\n|-unboost|p2b: Garchomp|atk|1\n|-unboost|p2b: Garchomp|spa|1\n|\n|t:|1776116462\n|switch|p1b: Primarina|Primarina, L50, M|100/100|[from] Parting Shot\n|\n|upkeep\n|\n|t:|1776116464\n|switch|p1a: Sneasler|Sneasler, L50, M|100/100\n|turn|4\n|\n|t:|1776116488\n|move|p2b: Garchomp|Protect|p2b: Garchomp\n|-singleturn|p2b: Garchomp|Protect\n|move|p1a: Sneasler|Fake Out|p2a: Incineroar\n|-damage|p2a: Incineroar|81/100\n|cant|p2a: Incineroar|flinch\n|move|p1b: Primarina|Calm Mind|p1b: Primarina\n|-boost|p1b: Primarina|spa|1\n|-boost|p1b: Primarina|spd|1\n|\n|-sideend|p2: CoolTrainerBu|move: Tailwind\n|upkeep\n|turn|5\n|inactive|CoolTrainerBu has 30 seconds left.\n|inactive|CoolTrainerBu has 20 seconds left.\n|inactive|CoolTrainerBu has 15 seconds left.\n|\n|t:|1776116528\n|switch|p2b: Charizard|Charizard, L50, F|100/100\n|move|p1a: Sneasler|Protect|p1a: Sneasler\n|-singleturn|p1a: Sneasler|Protect\n|move|p2a: Incineroar|Parting Shot|p1b: Primarina\n|-unboost|p1b: Primarina|atk|1\n|-unboost|p1b: Primarina|spa|1\n|\n|t:|1776116538\n|switch|p2a: Garchomp|Garchomp, L50, F|100/100|[from] Parting Shot\n|move|p1b: Primarina|Hyper Voice|p2a: Garchomp|[spread] p2a,p2b\n|-supereffective|p2b: Charizard|1\n|-damage|p2a: Garchomp|59/100\n|-damage|p2b: Charizard|0 fnt\n|faint|p2b: Charizard\n|\n|upkeep\n|\n|t:|1776116545\n|switch|p2b: Incineroar|Incineroar, L50, F|81/100\n|-ability|p2b: Incineroar|Intimidate|boost\n|-unboost|p1a: Sneasler|atk|1\n|-unboost|p1b: Primarina|atk|1\n|turn|6\n|\n|t:|1776116563\n|switch|p1a: Incineroar|Incineroar, L50, M|22/100\n|-ability|p1a: Incineroar|Intimidate|boost\n|-unboost|p2a: Garchomp|atk|1\n|-unboost|p2b: Incineroar|atk|1\n|move|p2b: Incineroar|Fake Out|p1b: Primarina\n|-damage|p1b: Primarina|90/100\n|move|p2a: Garchomp|Earthquake|p1a: Incineroar|[spread] p2b,p1a,p1b\n|-supereffective|p2b: Incineroar|1\n|-enditem|p2b: Incineroar|Shuca Berry|[eat]\n|-enditem|p2b: Incineroar|Shuca Berry|[weaken]\n|-supereffective|p1a: Incineroar|1\n|-damage|p2b: Incineroar|58/100\n|-damage|p1a: Incineroar|0 fnt\n|-damage|p1b: Primarina|61/100\n|faint|p1a: Incineroar\n|cant|p1b: Primarina|flinch\n|\n|upkeep\n|\n|t:|1776116567\n|switch|p1a: Sneasler|Sneasler, L50, M|100/100\n|turn|7\n|\n|t:|1776116587\n|move|p2a: Garchomp|Protect|p2a: Garchomp\n|-singleturn|p2a: Garchomp|Protect\n|move|p1a: Sneasler|Fake Out|p2b: Incineroar\n|-damage|p2b: Incineroar|47/100\n|cant|p2b: Incineroar|flinch\n|move|p1b: Primarina|Dazzling Gleam|p2b: Incineroar|[spread] p2b\n|-activate|p2a: Garchomp|move: Protect\n|-crit|p2b: Incineroar\n|-damage|p2b: Incineroar|5/100\n|\n|upkeep\n|turn|8\n|\n|t:|1776116603\n|move|p1a: Sneasler|Protect|p1a: Sneasler\n|-singleturn|p1a: Sneasler|Protect\n|move|p2a: Garchomp|Rock Slide|p1a: Sneasler|[spread] p1b\n|-activate|p1a: Sneasler|move: Protect\n|-damage|p1b: Primarina|46/100\n|move|p2b: Incineroar|Flare Blitz|p1a: Sneasler\n|-activate|p1a: Sneasler|move: Protect\n|move|p1b: Primarina|Dazzling Gleam|p2a: Garchomp|[spread] p2a,p2b\n|-supereffective|p2a: Garchomp|1\n|-damage|p2a: Garchomp|0 fnt\n|-damage|p2b: Incineroar|0 fnt\n|faint|p2a: Garchomp\n|faint|p2b: Incineroar\n|\n|win|vangolax\n|raw|vangolax's rating: 1086 &rarr; <strong>1110</strong><br />(+24 for winning)\n|raw|CoolTrainerBu's rating: 1044 &rarr; <strong>1029</strong><br />(-15 for losing)\n|c|\u2606vangolax|gg\n",
  "uploadtime": 1776116613,
  "views": 12,
  "formatid": "gen9championsvgc2026regma",
  "rating": 1029,
  "private": 0,
  "password": null
}