{
  "id": "gen9championsvgc2026regma-2582224127",
  "format": "[Gen 9 Champions] VGC 2026 Reg M-A",
  "players": [
    "Tukin005",
    "thewi7"
  ],
  "log": "|j|\u2606Tukin005\n|j|\u2606thewi7\n|t:|1776073247\n|gametype|doubles\n|player|p1|Tukin005|backpacker|1047\n|player|p2|thewi7|zinzolin|1025\n|gen|9\n|tier|[Gen 9 Champions] VGC 2026 Reg M-A\n|rated|\n|rule|Species Clause: Limit one of each Pok\u00e9mon\n|rule|Item Clause: Limit 1 of each item\n|clearpoke\n|poke|p1|Garchomp, L50, M|\n|poke|p1|Tyranitar, L50, F|\n|poke|p1|Aegislash, L50, F|\n|poke|p1|Aerodactyl, L50, F|\n|poke|p1|Starmie, L50|\n|poke|p1|Rotom-Heat, L50|\n|poke|p2|Archaludon, L50, F|\n|poke|p2|Sneasler, L50, F|\n|poke|p2|Dragonite, L50, F|\n|poke|p2|Pelipper, L50, M|\n|poke|p2|Basculegion, L50, M|\n|poke|p2|Clefable, L50, M|\n|teampreview|4\n|inactive|Battle timer is ON: inactive players will automatically lose when time's up. (requested by Tukin005)\n|inactive|Tukin005 has 60 seconds left.\n|inactive|thewi7 has 60 seconds left.\n|\n|t:|1776073307\n|teamsize|p1|4\n|teamsize|p2|4\n|start\n|switch|p1a: Garchomp|Garchomp, L50, M|100/100\n|switch|p1b: Starmie|Starmie, L50|100/100\n|switch|p2a: Sneasler|Sneasler, L50, F, shiny|100/100\n|switch|p2b: Peli/Poli|Pelipper, L50, M|100/100\n|-weather|RainDance|[from] ability: Drizzle|[of] p2b: Peli/Poli\n|turn|1\n|\n|t:|1776073321\n|move|p1b: Starmie|Protect|p1b: Starmie\n|-singleturn|p1b: Starmie|Protect\n|move|p1a: Garchomp|Protect|p1a: Garchomp\n|-singleturn|p1a: Garchomp|Protect\n|move|p2a: Sneasler|Fake Out|p1b: Starmie\n|-activate|p1b: Starmie|move: Protect\n|move|p2b: Peli/Poli|Tailwind|p2b: Peli/Poli\n|-sidestart|p2: thewi7|move: Tailwind\n|\n|-weather|RainDance|[upkeep]\n|upkeep\n|turn|2\n|\n|t:|1776073345\n|switch|p2a: Archaludon|Archaludon, L50, F|100/100\n|switch|p1a: Tyranitar|Tyranitar, L50, F|100/100\n|-weather|Sandstorm|[from] ability: Sand Stream|[of] p1a: Tyranitar\n|detailschange|p1b: Starmie|Starmie-Mega, L50\n|-mega|p1b: Starmie|Starmie|Starminite\n|move|p2b: Peli/Poli|Weather Ball|p1a: Tyranitar\n|-damage|p1a: Tyranitar|79/100\n|move|p1b: Starmie|Zen Headbutt|p2a: Archaludon\n|-resisted|p2a: Archaludon|1\n|-damage|p2a: Archaludon|75/100\n|-ability|p2a: Archaludon|Stamina|boost\n|-boost|p2a: Archaludon|def|1\n|\n|-weather|Sandstorm|[upkeep]\n|-damage|p2b: Peli/Poli|95/100|[from] Sandstorm\n|-damage|p1b: Starmie|94/100|[from] Sandstorm\n|-heal|p2a: Archaludon|81/100|[from] item: Leftovers\n|upkeep\n|turn|3\n|inactive|Tukin005 has 30 seconds left.\n|inactive|thewi7 has 30 seconds left.\n|\n|t:|1776073374\n|move|p2b: Peli/Poli|Wide Guard|p2b: Peli/Poli\n|-singleturn|p2b: Peli/Poli|Wide Guard\n|move|p2a: Archaludon|Flash Cannon|p1a: Tyranitar\n|-supereffective|p1a: Tyranitar|1\n|-damage|p1a: Tyranitar|24/100\n|-unboost|p1a: Tyranitar|spd|1\n|move|p1b: Starmie|Skill Swap|p1a: Tyranitar\n|-activate|p1b: Starmie|Skill Swap|||[of] p1a: Tyranitar\n|move|p1a: Tyranitar|Superpower|p2a: Archaludon\n|-supereffective|p2a: Archaludon|1\n|-damage|p2a: Archaludon|0 fnt\n|-unboost|p1a: Tyranitar|atk|1\n|-unboost|p1a: Tyranitar|def|1\n|faint|p2a: Archaludon\n|\n|-weather|Sandstorm|[upkeep]\n|-damage|p2b: Peli/Poli|89/100|[from] Sandstorm\n|-damage|p1b: Starmie|88/100|[from] Sandstorm\n|upkeep\n|inactive|thewi7 has 30 seconds left.\n|\n|t:|1776073403\n|switch|p2a: Dragonite|Dragonite, L50, F, shiny|100/100\n|turn|4\n|\n|t:|1776073426\n|switch|p2b: Sneasler|Sneasler, L50, F, shiny|100/100\n|switch|p1b: Rotom|Rotom-Heat, L50|100/100\n|detailschange|p2a: Dragonite|Dragonite-Mega, L50, F, shiny\n|-mega|p2a: Dragonite|Dragonite|Dragoninite\n|move|p2a: Dragonite|Dragon Pulse|p1b: Rotom\n|-damage|p1b: Rotom|44/100\n|-enditem|p1b: Rotom|Sitrus Berry|[eat]\n|-heal|p1b: Rotom|69/100|[from] item: Sitrus Berry\n|move|p1a: Tyranitar|Superpower|p2a: Dragonite\n|-resisted|p2a: Dragonite|1\n|-damage|p2a: Dragonite|88/100\n|-unboost|p1a: Tyranitar|atk|1\n|-unboost|p1a: Tyranitar|def|1\n|\n|-weather|Sandstorm|[upkeep]\n|-damage|p2b: Sneasler|95/100|[from] Sandstorm\n|-damage|p2a: Dragonite|82/100|[from] Sandstorm\n|-damage|p1b: Rotom|64/100|[from] Sandstorm\n|-sideend|p2: thewi7|move: Tailwind\n|upkeep\n|turn|5\n|inactive|Tukin005 has 30 seconds left.\n|inactive|thewi7 has 30 seconds left.\n|\n|t:|1776073455\n|move|p2b: Sneasler|Fake Out|p1b: Rotom\n|-damage|p1b: Rotom|48/100\n|move|p1a: Tyranitar|Superpower|p2a: Dragonite\n|-resisted|p2a: Dragonite|1\n|-damage|p2a: Dragonite|67/100\n|-unboost|p1a: Tyranitar|atk|1\n|-unboost|p1a: Tyranitar|def|1\n|move|p2a: Dragonite|Dragon Pulse|p1a: Tyranitar\n|-damage|p1a: Tyranitar|0 fnt\n|faint|p1a: Tyranitar\n|cant|p1b: Rotom|flinch\n|\n|-weather|Sandstorm|[upkeep]\n|-damage|p2b: Sneasler|89/100|[from] Sandstorm\n|-damage|p2a: Dragonite|61/100|[from] Sandstorm\n|-damage|p1b: Rotom|43/100|[from] Sandstorm\n|upkeep\n|\n|t:|1776073472\n|switch|p1a: Garchomp|Garchomp, L50, M|100/100\n|turn|6\n|\n|t:|1776073480\n|switch|p2b: Peli/Poli|Pelipper, L50, M|89/100\n|-weather|RainDance|[from] ability: Drizzle|[of] p2b: Peli/Poli\n|move|p1b: Rotom|Helping Hand|p1a: Garchomp\n|-singleturn|p1a: Garchomp|Helping Hand|[of] p1b: Rotom\n|move|p2a: Dragonite|Protect|p2a: Dragonite\n|-singleturn|p2a: Dragonite|Protect\n|move|p1a: Garchomp|Dragon Claw|p2a: Dragonite\n|-activate|p2a: Dragonite|move: Protect\n|\n|-weather|RainDance|[upkeep]\n|upkeep\n|turn|7\n|inactive|thewi7 has 30 seconds left.\n|inactive|thewi7 has 20 seconds left.\n|\n|t:|1776073518\n|switch|p2a: Sneasler|Sneasler, L50, F, shiny|89/100\n|move|p1a: Garchomp|Dragon Claw|p2a: Sneasler\n|-damage|p2a: Sneasler|30/100\n|move|p2b: Peli/Poli|Tailwind|p2b: Peli/Poli\n|-sidestart|p2: thewi7|move: Tailwind\n|move|p1b: Rotom|Thunderbolt|p2b: Peli/Poli\n|-supereffective|p2b: Peli/Poli|2\n|-damage|p2b: Peli/Poli|0 fnt\n|faint|p2b: Peli/Poli\n|\n|-weather|RainDance|[upkeep]\n|upkeep\n|\n|t:|1776073529\n|switch|p2b: Dragonite|Dragonite-Mega, L50, F, shiny|61/100\n|turn|8\n|\n|t:|1776073543\n|move|p1a: Garchomp|Protect|p1a: Garchomp\n|-singleturn|p1a: Garchomp|Protect\n|move|p1b: Rotom|Protect|p1b: Rotom\n|-singleturn|p1b: Rotom|Protect\n|move|p2a: Sneasler|Close Combat|p1b: Rotom\n|-activate|p1b: Rotom|move: Protect\n|move|p2b: Dragonite|Dragon Pulse|p1a: Garchomp\n|-activate|p1a: Garchomp|move: Protect\n|\n|-weather|RainDance|[upkeep]\n|upkeep\n|turn|9\n|inactive|thewi7 has 30 seconds left.\n|inactive|thewi7 has 20 seconds left.\n|inactive|thewi7 has 15 seconds left.\n|inactive|thewi7 has 10 seconds left.\n|inactive|thewi7 has 5 seconds left.\n|\n|t:|1776073599\n|move|p1b: Rotom|Helping Hand|p1a: Garchomp\n|-singleturn|p1a: Garchomp|Helping Hand|[of] p1b: Rotom\n|move|p2a: Sneasler|Close Combat|p1b: Rotom\n|-damage|p1b: Rotom|0 fnt\n|-unboost|p2a: Sneasler|def|1\n|-unboost|p2a: Sneasler|spd|1\n|faint|p1b: Rotom\n|move|p2b: Dragonite|Dragon Pulse|p1a: Garchomp\n|-supereffective|p1a: Garchomp|1\n|-damage|p1a: Garchomp|0 fnt\n|faint|p1a: Garchomp\n|\n|-weather|RainDance|[upkeep]\n|upkeep\n|\n|t:|1776073614\n|switch|p1b: Starmie|Starmie-Mega, L50|88/100\n|turn|10\n|\n|t:|1776073625\n|move|p2a: Sneasler|Dire Claw|p1b: Starmie\n|-damage|p1b: Starmie|36/100\n|move|p2b: Dragonite|Dragon Pulse|p1b: Starmie\n|-damage|p1b: Starmie|0 fnt\n|faint|p1b: Starmie\n|\n|win|thewi7\n|raw|Tukin005's rating: 1047 &rarr; <strong>1029</strong><br />(-18 for losing)\n|raw|thewi7's rating: 1025 &rarr; <strong>1064</strong><br />(+39 for winning)\n",
  "uploadtime": 1776073633,
  "views": 11,
  "formatid": "gen9championsvgc2026regma",
  "rating": 1029,
  "private": 0,
  "password": null
}