{
  "id": "gen9championsvgc2026regma-2588348123",
  "format": "[Gen 9 Champions] VGC 2026 Reg M-A",
  "players": [
    "Afishfish",
    "Kmpepo"
  ],
  "log": "|j|\u2606Afishfish\n|j|\u2606Kmpepo\n|t:|1776626100\n|gametype|doubles\n|player|p1|Afishfish|102|1195\n|player|p2|Kmpepo|fisherman|1106\n|gen|9\n|tier|[Gen 9 Champions] VGC 2026 Reg M-A\n|rated|\n|rule|Species Clause: Limit one of each Pok\u00e9mon\n|rule|Item Clause: Limit 1 of each item\n|clearpoke\n|poke|p1|Delphox, L50, F|\n|poke|p1|Garchomp, L50, F|\n|poke|p1|Tyranitar, L50, M|\n|poke|p1|Milotic, L50, M|\n|poke|p1|Whimsicott, L50, F, shiny|\n|poke|p1|Corviknight, L50, M|\n|poke|p2|Excadrill, L50, M|\n|poke|p2|Tyranitar, L50, F|\n|poke|p2|Sinistcha, L50|\n|poke|p2|Rotom-Wash, L50|\n|poke|p2|Incineroar, L50, F|\n|poke|p2|Floette-Eternal, L50, F|\n|teampreview|4\n|\n|t:|1776626145\n|teamsize|p1|4\n|teamsize|p2|4\n|start\n|switch|p1a: Milotic|Milotic, L50, M|100/100\n|switch|p1b: Delphox|Delphox, L50, F|100/100\n|switch|p2a: Tyranitar|Tyranitar, L50, F|100/100\n|switch|p2b: Excadrill|Excadrill, L50, M|100/100\n|-weather|Sandstorm|[from] ability: Sand Stream|[of] p2a: Tyranitar\n|turn|1\n|\n|t:|1776626175\n|detailschange|p1b: Delphox|Delphox-Mega, L50, F\n|-mega|p1b: Delphox|Delphox|Delphoxite\n|move|p2b: Excadrill|Rock Slide|p1b: Delphox|[spread] p1a,p1b\n|-supereffective|p1b: Delphox|1\n|-damage|p1a: Milotic|77/100\n|-damage|p1b: Delphox|37/100\n|cant|p1b: Delphox|flinch\n|cant|p1a: Milotic|flinch\n|move|p2a: Tyranitar|Knock Off|p1b: Delphox\n|-supereffective|p1b: Delphox|1\n|-damage|p1b: Delphox|0 fnt\n|faint|p1b: Delphox\n|\n|-weather|Sandstorm|[upkeep]\n|-damage|p1a: Milotic|71/100|[from] Sandstorm\n|upkeep\n|\n|t:|1776626193\n|switch|p1b: Corviknight|Corviknight, L50, M|100/100\n|turn|2\n|inactive|Battle timer is ON: inactive players will automatically lose when time's up. (requested by Afishfish)\n|\n|t:|1776626257\n|move|p2a: Tyranitar|Protect|p2a: Tyranitar\n|-singleturn|p2a: Tyranitar|Protect\n|move|p2b: Excadrill|Rock Slide|p1b: Corviknight|[spread] p1a,p1b\n|-damage|p1a: Milotic|49/100\n|-damage|p1b: Corviknight|83/100\n|-enditem|p1a: Milotic|Sitrus Berry|[eat]\n|-heal|p1a: Milotic|74/100|[from] item: Sitrus Berry\n|cant|p1a: Milotic|flinch\n|cant|p1b: Corviknight|flinch\n|\n|-weather|Sandstorm|[upkeep]\n|-damage|p1a: Milotic|68/100|[from] Sandstorm\n|-heal|p1b: Corviknight|89/100|[from] item: Leftovers\n|upkeep\n|turn|3\n|inactive|Kmpepo has 30 seconds left.\n|inactive|Kmpepo has 20 seconds left.\n|\n|t:|1776626294\n|switch|p2a: Rotom|Rotom-Wash, L50|100/100\n|move|p2b: Excadrill|High Horsepower|p1a: Milotic\n|-crit|p1a: Milotic\n|-damage|p1a: Milotic|0 fnt\n|faint|p1a: Milotic\n|move|p1b: Corviknight|Iron Defense|p1b: Corviknight\n|-boost|p1b: Corviknight|def|2\n|\n|-weather|Sandstorm|[upkeep]\n|-damage|p2a: Rotom|95/100|[from] Sandstorm\n|-heal|p1b: Corviknight|95/100|[from] item: Leftovers\n|upkeep\n|\n|t:|1776626306\n|switch|p1a: Whimsicott|Whimsicott, L50, F, shiny|100/100\n|turn|4\n|\n|t:|1776626318\n|move|p2b: Excadrill|Iron Head|p1a: Whimsicott\n|-supereffective|p1a: Whimsicott|1\n|-enditem|p1a: Whimsicott|Focus Sash\n|-damage|p1a: Whimsicott|1/100\n|cant|p1a: Whimsicott|flinch\n|move|p2a: Rotom|Volt Switch|p1b: Corviknight\n|-supereffective|p1b: Corviknight|1\n|-damage|p1b: Corviknight|47/100\n|\n|t:|1776626331\n|switch|p2a: Floette|Floette-Eternal, L50, F|100/100|[from] Volt Switch\n|move|p1b: Corviknight|Body Press|p2b: Excadrill\n|-supereffective|p2b: Excadrill|1\n|-enditem|p2b: Excadrill|Focus Sash\n|-damage|p2b: Excadrill|1/100\n|\n|-weather|Sandstorm|[upkeep]\n|-damage|p1a: Whimsicott|0 fnt|[from] Sandstorm\n|-damage|p2a: Floette|94/100|[from] Sandstorm\n|faint|p1a: Whimsicott\n|-heal|p1b: Corviknight|52/100|[from] item: Leftovers\n|upkeep\n|turn|5\n|\n|t:|1776626349\n|detailschange|p2a: Floette|Floette-Mega, L50, F\n|-mega|p2a: Floette|Floette|Floettite\n|-ability|p2a: Floette|Fairy Aura\n|move|p2b: Excadrill|Rock Slide|p1b: Corviknight\n|-damage|p1b: Corviknight|40/100\n|move|p2a: Floette|Moonblast|p1b: Corviknight\n|-resisted|p1b: Corviknight|1\n|-damage|p1b: Corviknight|5/100\n|move|p1b: Corviknight|Iron Head|p2a: Floette\n|-supereffective|p2a: Floette|1\n|-damage|p2a: Floette|18/100\n|\n|-weather|none\n|-heal|p1b: Corviknight|10/100|[from] item: Leftovers\n|upkeep\n|turn|6\n|\n|t:|1776626365\n|move|p2a: Floette|Moonblast|p1b: Corviknight\n|-resisted|p1b: Corviknight|1\n|-damage|p1b: Corviknight|0 fnt\n|faint|p1b: Corviknight\n|\n|win|Kmpepo\n|raw|Afishfish's rating: 1195 &rarr; <strong>1164</strong><br />(-31 for losing)\n|raw|Kmpepo's rating: 1106 &rarr; <strong>1137</strong><br />(+31 for winning)\n|l|\u2606Kmpepo\n|player|p2|\n",
  "uploadtime": 1776626374,
  "views": 24,
  "formatid": "gen9championsvgc2026regma",
  "rating": 1137,
  "private": 0,
  "password": null
}