{
  "id": "gen9championsvgc2026regma-2580833465",
  "format": "[Gen 9 Champions] VGC 2026 Reg M-A",
  "players": [
    "GiancarlSX",
    "Gaby Glytxii"
  ],
  "log": "|j|\u2606GiancarlSX\n|j|\u2606Gaby Glytxii\n|t:|1775936219\n|gametype|doubles\n|player|p1|GiancarlSX|2|1035\n|player|p2|Gaby Glytxii|101|1000\n|gen|9\n|tier|[Gen 9 Champions] VGC 2026 Reg M-A\n|rated|\n|rule|Species Clause: Limit one of each Pok\u00e9mon\n|rule|Item Clause: Limit 1 of each item\n|clearpoke\n|poke|p1|Gengar, L50, F|\n|poke|p1|Feraligatr, L50, M|\n|poke|p1|Incineroar, L50, M|\n|poke|p1|Whimsicott, L50, M|\n|poke|p1|Kingambit, L50, F|\n|poke|p1|Farigiraf, L50, F|\n|poke|p2|Gardevoir, L50, F|\n|poke|p2|Hatterene, L50, F|\n|poke|p2|Primarina, L50, F|\n|poke|p2|Aurorus, L50, M|\n|poke|p2|Tsareena, L50, F|\n|poke|p2|Maushold, L50|\n|teampreview|4\n|\n|t:|1775936249\n|teamsize|p1|4\n|teamsize|p2|4\n|start\n|switch|p1a: Gengar|Gengar, L50, F|100/100\n|switch|p1b: Incineroar|Incineroar, L50, M|100/100\n|switch|p2a: Gardevoir|Gardevoir, L50, F|100/100\n|switch|p2b: Tsareena|Tsareena, L50, F|100/100\n|-ability|p1b: Incineroar|Intimidate|boost\n|-unboost|p2a: Gardevoir|atk|1\n|-unboost|p2b: Tsareena|atk|1\n|turn|1\n|\n|t:|1775936269\n|detailschange|p1a: Gengar|Gengar-Mega, L50, F\n|-mega|p1a: Gengar|Gengar|Gengarite\n|detailschange|p2a: Gardevoir|Gardevoir-Mega, L50, F\n|-mega|p2a: Gardevoir|Gardevoir|Gardevoirite\n|move|p1b: Incineroar|Fake Out||[still]\n|cant|p2b: Tsareena|ability: Queenly Majesty|Fake Out|[of] p1b: Incineroar\n|move|p1a: Gengar|Sludge Bomb|p2b: Tsareena\n|-supereffective|p2b: Tsareena|1\n|-damage|p2b: Tsareena|0 fnt\n|faint|p2b: Tsareena\n|move|p2a: Gardevoir|Light Screen|p2a: Gardevoir\n|-sidestart|p2: Gaby Glytxii|move: Light Screen\n|\n|upkeep\n|\n|t:|1775936283\n|switch|p2b: Primarina|Primarina, L50, F|100/100\n|turn|2\n|\n|t:|1775936307\n|switch|p1b: Whimsicott|Whimsicott, L50, M|100/100\n|move|p1a: Gengar|Protect|p1a: Gengar\n|-singleturn|p1a: Gengar|Protect\n|move|p2a: Gardevoir|Round|p1b: Whimsicott\n|-damage|p1b: Whimsicott|40/100\n|move|p2b: Primarina|Round|p1b: Whimsicott|[from] move: Round\n|-resisted|p1b: Whimsicott|1\n|-damage|p1b: Whimsicott|0 fnt\n|faint|p1b: Whimsicott\n|\n|upkeep\n|\n|t:|1775936319\n|switch|p1b: Farigiraf|Farigiraf, L50, F|100/100\n|turn|3\n|\n|t:|1775936331\n|move|p1b: Farigiraf|Helping Hand|p1a: Gengar\n|-singleturn|p1a: Gengar|Helping Hand|[of] p1b: Farigiraf\n|move|p1a: Gengar|Shadow Ball|p2a: Gardevoir\n|-supereffective|p2a: Gardevoir|1\n|-damage|p2a: Gardevoir|5/100\n|move|p2a: Gardevoir|Round|p1a: Gengar\n|-resisted|p1a: Gengar|1\n|-damage|p1a: Gengar|69/100\n|move|p2b: Primarina|Round|p1a: Gengar|[from] move: Round\n|-damage|p1a: Gengar|0 fnt\n|faint|p1a: Gengar\n|\n|upkeep\n|\n|t:|1775936342\n|switch|p1a: Incineroar|Incineroar, L50, M|100/100\n|-ability|p1a: Incineroar|Intimidate|boost\n|-unboost|p2a: Gardevoir|atk|1\n|-unboost|p2b: Primarina|atk|1\n|turn|4\n|\n|t:|1775936358\n|switch|p2a: Hatterene|Hatterene, L50, F|100/100\n|move|p1a: Incineroar|Fake Out|p2a: Hatterene\n|-damage|p2a: Hatterene|84/100\n|move|p2b: Primarina|Hyper Voice|p1b: Farigiraf|[spread] p1a,p1b\n|-supereffective|p1a: Incineroar|1\n|-damage|p1a: Incineroar|19/100\n|-damage|p1b: Farigiraf|59/100\n|-enditem|p1a: Incineroar|Sitrus Berry|[eat]\n|-heal|p1a: Incineroar|44/100|[from] item: Sitrus Berry\n|move|p1b: Farigiraf|Trick Room|p1b: Farigiraf\n|-fieldstart|move: Trick Room|[of] p1b: Farigiraf\n|\n|-heal|p2a: Hatterene|90/100|[from] item: Leftovers\n|upkeep\n|turn|5\n|\n|t:|1775936376\n|move|p1a: Incineroar|Protect|p1a: Incineroar\n|-singleturn|p1a: Incineroar|Protect\n|move|p2a: Hatterene|Round|p1b: Farigiraf\n|-damage|p1b: Farigiraf|43/100\n|move|p2b: Primarina|Round|p1b: Farigiraf|[from] move: Round\n|-damage|p1b: Farigiraf|0 fnt\n|faint|p1b: Farigiraf\n|\n|-heal|p2a: Hatterene|96/100|[from] item: Leftovers\n|-sideend|p2: Gaby Glytxii|move: Light Screen\n|upkeep\n|turn|6\n|-message|GiancarlSX forfeited.\n|\n|win|Gaby Glytxii\n|raw|GiancarlSX's rating: 1035 &rarr; <strong>1018</strong><br />(-17 for losing)\n|raw|Gaby Glytxii's rating: 1000 &rarr; <strong>1044</strong><br />(+44 for winning)\n|l|\u2606GiancarlSX\n|player|p1|\n",
  "uploadtime": 1775936391,
  "views": 15,
  "formatid": "gen9championsvgc2026regma",
  "rating": 1018,
  "private": 0,
  "password": null
}