{
  "id": "gen9championsvgc2026regma-2583732546",
  "format": "[Gen 9 Champions] VGC 2026 Reg M-A",
  "players": [
    "sparks2op",
    "MefShowdown0"
  ],
  "log": "|j|\u2606sparks2op\n|j|\u2606MefShowdown0\n|t:|1776193942\n|gametype|doubles\n|player|p1|sparks2op|bruno|1288\n|player|p2|MefShowdown0|selene-masters2|1242\n|gen|9\n|tier|[Gen 9 Champions] VGC 2026 Reg M-A\n|rated|\n|rule|Species Clause: Limit one of each Pok\u00e9mon\n|rule|Item Clause: Limit 1 of each item\n|clearpoke\n|poke|p1|Excadrill, L50, M|\n|poke|p1|Tyranitar, L50, M|\n|poke|p1|Milotic, L50, M|\n|poke|p1|Incineroar, L50, F|\n|poke|p1|Whimsicott, L50, F|\n|poke|p1|Rotom-Wash, L50|\n|poke|p2|Floette-Eternal, L50, F|\n|poke|p2|Delphox, L50, M|\n|poke|p2|Aerodactyl, L50, F|\n|poke|p2|Maushold, L50|\n|poke|p2|Garchomp, L50, M|\n|poke|p2|Incineroar, L50, F|\n|teampreview|4\n|\n|t:|1776193973\n|teamsize|p1|4\n|teamsize|p2|4\n|start\n|switch|p1a: Milotic|Milotic, L50, M|100/100\n|switch|p1b: Incineroar|Incineroar, L50, F|100/100\n|switch|p2a: Delphox|Delphox, L50, M|100/100\n|switch|p2b: Maushold|Maushold, L50|100/100\n|-ability|p1b: Incineroar|Intimidate|boost\n|-unboost|p2a: Delphox|atk|1\n|-unboost|p2b: Maushold|atk|1\n|turn|1\n|\n|t:|1776193987\n|move|p2b: Maushold|Protect|p2b: Maushold\n|-singleturn|p2b: Maushold|Protect\n|move|p2a: Delphox|Protect|p2a: Delphox\n|-singleturn|p2a: Delphox|Protect\n|move|p1a: Milotic|Protect|p1a: Milotic\n|-singleturn|p1a: Milotic|Protect\n|move|p1b: Incineroar|Fake Out|p2a: Delphox\n|-activate|p2a: Delphox|move: Protect\n|\n|upkeep\n|turn|2\n|\n|t:|1776194001\n|detailschange|p2a: Delphox|Delphox-Mega, L50, M\n|-mega|p2a: Delphox|Delphox|Delphoxite\n|move|p2a: Delphox|Substitute|p2a: Delphox\n|-start|p2a: Delphox|Substitute\n|-damage|p2a: Delphox|76/100\n|move|p2b: Maushold|Super Fang|p1a: Milotic\n|-damage|p1a: Milotic|51/100\n|move|p1a: Milotic|Muddy Water|p2a: Delphox|[spread] \n|-miss|p1a: Milotic|p2a: Delphox\n|-miss|p1a: Milotic|p2b: Maushold\n|move|p1b: Incineroar|Parting Shot|p2a: Delphox\n|-unboost|p2a: Delphox|atk|1\n|-unboost|p2a: Delphox|spa|1\n|\n|t:|1776194013\n|switch|p1b: Tyranitar|Tyranitar, L50, M|100/100|[from] Parting Shot\n|-weather|Sandstorm|[from] ability: Sand Stream|[of] p1b: Tyranitar\n|\n|-weather|Sandstorm|[upkeep]\n|-damage|p2a: Delphox|70/100|[from] Sandstorm\n|-damage|p2b: Maushold|94/100|[from] Sandstorm\n|-damage|p1a: Milotic|45/100|[from] Sandstorm\n|-heal|p1a: Milotic|51/100|[from] item: Leftovers\n|upkeep\n|turn|3\n|\n|t:|1776194035\n|detailschange|p1b: Tyranitar|Tyranitar-Mega, L50, M\n|-mega|p1b: Tyranitar|Tyranitar|Tyranitarite\n|move|p2a: Delphox|Psychic|p1a: Milotic\n|-damage|p1a: Milotic|30/100\n|move|p2b: Maushold|Super Fang|p1a: Milotic\n|-damage|p1a: Milotic|15/100\n|move|p1a: Milotic|Life Dew||[still]|[spread] p1a,p1b\n|-heal|p1a: Milotic|40/100\n|-fail|p1b: Tyranitar|heal\n|move|p1b: Tyranitar|Knock Off|p2a: Delphox\n|-supereffective|p2a: Delphox|1\n|-end|p2a: Delphox|Substitute\n|\n|-weather|Sandstorm|[upkeep]\n|-damage|p2a: Delphox|65/100|[from] Sandstorm\n|-damage|p2b: Maushold|88/100|[from] Sandstorm\n|-damage|p1a: Milotic|34/100|[from] Sandstorm\n|-heal|p1a: Milotic|40/100|[from] item: Leftovers\n|upkeep\n|turn|4\n|\n|t:|1776194051\n|switch|p2a: Garchomp|Garchomp, L50, M|100/100\n|move|p1a: Milotic|Protect|p1a: Milotic\n|-singleturn|p1a: Milotic|Protect\n|move|p2b: Maushold|Taunt|p1a: Milotic\n|-activate|p1a: Milotic|move: Protect\n|move|p1b: Tyranitar|Knock Off|p2a: Garchomp\n|-damage|p2a: Garchomp|60/100\n|-damage|p1b: Tyranitar|88/100|[from] ability: Rough Skin|[of] p2a: Garchomp\n|-enditem|p2a: Garchomp|Mental Herb|[from] move: Knock Off|[of] p1b: Tyranitar\n|\n|-weather|Sandstorm|[upkeep]\n|-damage|p2b: Maushold|82/100|[from] Sandstorm\n|-damage|p1a: Milotic|34/100|[from] Sandstorm\n|-heal|p1a: Milotic|40/100|[from] item: Leftovers\n|upkeep\n|turn|5\n|\n|t:|1776194068\n|switch|p1b: Incineroar|Incineroar, L50, F|100/100\n|-ability|p1b: Incineroar|Intimidate|boost\n|-unboost|p2a: Garchomp|atk|1\n|-unboost|p2b: Maushold|atk|1\n|move|p2b: Maushold|Super Fang|p1a: Milotic\n|-damage|p1a: Milotic|20/100\n|move|p2a: Garchomp|Earthquake|p1a: Milotic|[spread] p2b,p1a,p1b\n|-supereffective|p1b: Incineroar|1\n|-damage|p2b: Maushold|49/100\n|-damage|p1a: Milotic|0 fnt\n|-damage|p1b: Incineroar|55/100\n|faint|p1a: Milotic\n|\n|-weather|Sandstorm|[upkeep]\n|-damage|p2b: Maushold|42/100|[from] Sandstorm\n|-damage|p1b: Incineroar|49/100|[from] Sandstorm\n|-enditem|p1b: Incineroar|Sitrus Berry|[eat]\n|-heal|p1b: Incineroar|74/100|[from] item: Sitrus Berry\n|upkeep\n|\n|t:|1776194079\n|switch|p1a: Excadrill|Excadrill, L50, M|100/100\n|turn|6\n|\n|t:|1776194091\n|switch|p2a: Aerodactyl|Aerodactyl, L50, F|100/100\n|-ability|p2a: Aerodactyl|Unnerve\n|move|p2b: Maushold|Protect|p2b: Maushold\n|-singleturn|p2b: Maushold|Protect\n|move|p1b: Incineroar|Fake Out|p2a: Aerodactyl\n|-resisted|p2a: Aerodactyl|1\n|-damage|p2a: Aerodactyl|92/100\n|move|p1a: Excadrill|Earthquake|p2b: Maushold|[spread] p1b\n|-activate|p2b: Maushold|move: Protect\n|-immune|p2a: Aerodactyl\n|-supereffective|p1b: Incineroar|1\n|-damage|p1b: Incineroar|0 fnt\n|faint|p1b: Incineroar\n|\n|-weather|none\n|upkeep\n|\n|t:|1776194097\n|switch|p1b: Tyranitar|Tyranitar-Mega, L50, M|88/100\n|-weather|Sandstorm|[from] ability: Sand Stream|[of] p1b: Tyranitar\n|turn|7\n|\n|t:|1776194111\n|move|p2b: Maushold|Follow Me|p2b: Maushold\n|-singleturn|p2b: Maushold|move: Follow Me\n|move|p1a: Excadrill|Iron Head|p2b: Maushold\n|-damage|p2b: Maushold|0 fnt\n|faint|p2b: Maushold\n|move|p2a: Aerodactyl|Tailwind|p2a: Aerodactyl\n|-sidestart|p2: MefShowdown0|move: Tailwind\n|move|p1b: Tyranitar|Stone Edge|p2a: Aerodactyl\n|-supereffective|p2a: Aerodactyl|1\n|-damage|p2a: Aerodactyl|0 fnt\n|faint|p2a: Aerodactyl\n|\n|-weather|Sandstorm|[upkeep]\n|upkeep\n|\n|t:|1776194119\n|switch|p2a: Garchomp|Garchomp, L50, M|60/100\n|switch|p2b: Delphox|Delphox-Mega, L50, M|65/100\n|turn|8\n|\n|t:|1776194133\n|move|p2b: Delphox|Protect|p2b: Delphox\n|-singleturn|p2b: Delphox|Protect\n|move|p1a: Excadrill|Protect|p1a: Excadrill\n|-singleturn|p1a: Excadrill|Protect\n|move|p2a: Garchomp|Earthquake|p1b: Tyranitar|[spread] p1b\n|-activate|p2b: Delphox|move: Protect\n|-activate|p1a: Excadrill|move: Protect\n|-supereffective|p1b: Tyranitar|1\n|-damage|p1b: Tyranitar|45/100\n|move|p1b: Tyranitar|Knock Off|p2b: Delphox\n|-activate|p2b: Delphox|move: Protect\n|\n|-weather|Sandstorm|[upkeep]\n|-damage|p2b: Delphox|59/100|[from] Sandstorm\n|upkeep\n|turn|9\n|\n|t:|1776194149\n|move|p1b: Tyranitar|Protect|p1b: Tyranitar\n|-singleturn|p1b: Tyranitar|Protect\n|move|p2b: Delphox|Heat Wave|p1b: Tyranitar|[spread] p1a\n|-activate|p1b: Tyranitar|move: Protect\n|-supereffective|p1a: Excadrill|1\n|-crit|p1a: Excadrill\n|-enditem|p1a: Excadrill|Focus Sash\n|-damage|p1a: Excadrill|1/100\n|move|p2a: Garchomp|Earthquake|p1a: Excadrill|[spread] p1a\n|-activate|p1b: Tyranitar|move: Protect\n|-immune|p2b: Delphox|[from] ability: Levitate\n|-supereffective|p1a: Excadrill|1\n|-damage|p1a: Excadrill|0 fnt\n|faint|p1a: Excadrill\n|\n|-weather|Sandstorm|[upkeep]\n|-damage|p2b: Delphox|53/100|[from] Sandstorm\n|upkeep\n|turn|10\n|\n|t:|1776194165\n|move|p2b: Delphox|Heat Wave|p1b: Tyranitar\n|-resisted|p1b: Tyranitar|1\n|-damage|p1b: Tyranitar|32/100\n|-status|p1b: Tyranitar|brn\n|move|p2a: Garchomp|Earthquake|p1b: Tyranitar|[spread] p1b\n|-immune|p2b: Delphox|[from] ability: Levitate\n|-supereffective|p1b: Tyranitar|1\n|-damage|p1b: Tyranitar|0 fnt\n|faint|p1b: Tyranitar\n|\n|win|MefShowdown0\n|raw|sparks2op's rating: 1288 &rarr; <strong>1260</strong><br />(-28 for losing)\n|raw|MefShowdown0's rating: 1242 &rarr; <strong>1270</strong><br />(+28 for winning)\n",
  "uploadtime": 1776194165,
  "views": 25,
  "formatid": "gen9championsvgc2026regma",
  "rating": 1260,
  "private": 0,
  "password": null
}