{
  "id": "gen9championsvgc2026regma-2586624017",
  "format": "[Gen 9 Champions] VGC 2026 Reg M-A",
  "players": [
    "zzzzzegarra",
    "MaK2012"
  ],
  "log": "|j|\u2606zzzzzegarra\n|j|\u2606MaK2012\n|t:|1776447637\n|gametype|doubles\n|player|p1|zzzzzegarra|2|1087\n|player|p2|MaK2012|102|1011\n|gen|9\n|tier|[Gen 9 Champions] VGC 2026 Reg M-A\n|rated|\n|rule|Species Clause: Limit one of each Pok\u00e9mon\n|rule|Item Clause: Limit 1 of each item\n|clearpoke\n|poke|p1|Gengar, L50, M|\n|poke|p1|Sableye, L50, M|\n|poke|p1|Gyarados, L50, M|\n|poke|p1|Dragonite, L50, M|\n|poke|p1|Absol, L50, M|\n|poke|p1|Aggron, L50, F|\n|poke|p2|Blastoise, L50, F|\n|poke|p2|Pelipper, L50, M|\n|poke|p2|Clefable, L50, F|\n|poke|p2|Corviknight, L50, M|\n|poke|p2|Sableye, L50, M|\n|poke|p2|Arcanine-Hisui, L50, F|\n|teampreview|4\nzzzzzegarra rejected open team sheets.\n|\n|t:|1776447687\n|teamsize|p1|4\n|teamsize|p2|4\n|start\n|switch|p1a: Gengar|Gengar, L50, M|100/100\n|switch|p1b: Sableye|Sableye, L50, M, shiny|100/100\n|switch|p2a: Sableye|Sableye, L50, M|100/100\n|switch|p2b: Arcanine|Arcanine-Hisui, L50, F|100/100\n|-ability|p2b: Arcanine|Intimidate|boost\n|-unboost|p1a: Gengar|atk|1\n|-unboost|p1b: Sableye|atk|1\n|turn|1\n|\n|t:|1776447735\n|move|p2b: Arcanine|Protect|p2b: Arcanine\n|-singleturn|p2b: Arcanine|Protect\n|move|p2a: Sableye|Thunder Wave|p1a: Gengar\n|-status|p1a: Gengar|par\n|move|p1b: Sableye|Gravity|p1b: Sableye\n|-fieldstart|move: Gravity\n|move|p1a: Gengar|Hypnosis|p2b: Arcanine\n|-activate|p2b: Arcanine|move: Protect\n|\n|upkeep\n|turn|2\n|c|\u2606zzzzzegarra|you fucking bitch\n|\n|t:|1776447769\n|move|p2a: Sableye|Encore|p1a: Gengar\n|-start|p1a: Gengar|Encore\n|move|p1b: Sableye|Quash|p2b: Arcanine\n|-activate|p2b: Arcanine|move: Quash\n|move|p1a: Gengar|Hypnosis|p2b: Arcanine\n|-status|p2b: Arcanine|slp|[from] move: Hypnosis\n|cant|p2b: Arcanine|slp\n|\n|upkeep\n|turn|3\n|inactive|Battle timer is ON: inactive players will automatically lose when time's up. (requested by zzzzzegarra)\n|c|\u2606zzzzzegarra|bro please hurry\n|\n|t:|1776447801\n|switch|p1b: Gyarados|Gyarados, L50, M, shiny|100/100\n|-ability|p1b: Gyarados|Intimidate|boost\n|-unboost|p2a: Sableye|atk|1\n|-unboost|p2b: Arcanine|atk|1\n|cant|p2b: Arcanine|slp\n|move|p2a: Sableye|Thunder Wave|p1b: Gyarados\n|-status|p1b: Gyarados|par\n|cant|p1a: Gengar|par\n|\n|upkeep\n|turn|4\n|c|\u2606zzzzzegarra|like its not that deep dude\n|inactive|MaK2012 has 30 seconds left.\n|inactive|MaK2012 has 20 seconds left.\n|\n|t:|1776447841\n|move|p2a: Sableye|Sucker Punch|p1b: Gyarados\n|-damage|p1b: Gyarados|74/100 par\n|-curestatus|p2b: Arcanine|slp|[msg]\n|move|p2b: Arcanine|Rock Slide|p1a: Gengar|[spread] p1a,p1b\n|-supereffective|p1b: Gyarados|1\n|-damage|p1a: Gengar|60/100 par\n|-damage|p1b: Gyarados|18/100 par\n|move|p1b: Gyarados|Waterfall|p2b: Arcanine\n|-supereffective|p2b: Arcanine|2\n|-damage|p2b: Arcanine|0 fnt\n|faint|p2b: Arcanine\n|cant|p1a: Gengar|flinch\n|\n|-end|p1a: Gengar|Encore\n|upkeep\n|\n|t:|1776447859\n|switch|p2b: Blastoise|Blastoise, L50, F|100/100\n|turn|5\n|inactive|MaK2012 has 30 seconds left.\n|\n|t:|1776447885\n|detailschange|p2b: Blastoise|Blastoise-Mega, L50, F\n|-mega|p2b: Blastoise|Blastoise|Blastoisinite\n|move|p2a: Sableye|Sucker Punch|p1b: Gyarados\n|-damage|p1b: Gyarados|0 fnt\n|faint|p1b: Gyarados\n|move|p2b: Blastoise|Dark Pulse|p1a: Gengar\n|-supereffective|p1a: Gengar|1\n|-damage|p1a: Gengar|0 fnt\n|-start|p2b: Blastoise|Disable|Dark Pulse|[from] ability: Cursed Body|[of] p1a: Gengar\n|faint|p1a: Gengar\n|\n|-fieldend|move: Gravity\n|upkeep\n|\n|t:|1776447893\n|switch|p1a: Dragonite|Dragonite, L50, M, shiny|100/100\n|switch|p1b: Sableye|Sableye, L50, M, shiny|100/100\n|turn|6\n|\n|t:|1776447913\n|switch|p2a: Pelipper|Pelipper, L50, M|100/100\n|-weather|RainDance|[from] ability: Drizzle|[of] p2a: Pelipper\n|detailschange|p1a: Dragonite|Dragonite-Mega, L50, M, shiny\n|-mega|p1a: Dragonite|Dragonite|Dragoninite\n|move|p2b: Blastoise|Protect|p2b: Blastoise\n|-singleturn|p2b: Blastoise|Protect\n|move|p1b: Sableye|Gravity|p1b: Sableye\n|-fieldstart|move: Gravity\n|move|p1a: Dragonite|Hurricane|p2b: Blastoise\n|-activate|p2b: Blastoise|move: Protect\n|\n|-weather|RainDance|[upkeep]\n|upkeep\n|turn|7\n|inactive|zzzzzegarra has 30 seconds left.\n|inactive|MaK2012 has 30 seconds left.\n|c|\u2606zzzzzegarra|wrong move\n|inactive|MaK2012 has 20 seconds left.\n|inactive|MaK2012 has 15 seconds left.\n|\n|t:|1776447953\n|move|p1b: Sableye|Helping Hand|p1a: Dragonite\n|-singleturn|p1a: Dragonite|Helping Hand|[of] p1b: Sableye\n|move|p2b: Blastoise|Aqua Jet|p1a: Dragonite\n|-resisted|p1a: Dragonite|1\n|-damage|p1a: Dragonite|95/100\n|move|p1a: Dragonite|Hurricane|p2b: Blastoise\n|-damage|p2b: Blastoise|17/100\n|move|p2a: Pelipper|Weather Ball|p1b: Sableye\n|-damage|p1b: Sableye|34/100\n|-enditem|p1b: Sableye|Sitrus Berry|[eat]\n|-heal|p1b: Sableye|58/100|[from] item: Sitrus Berry\n|\n|-weather|RainDance|[upkeep]\n|upkeep\n|turn|8\n|c|\u2606zzzzzegarra|you had me\n|inactive|zzzzzegarra has 30 seconds left.\n|inactive|MaK2012 has 30 seconds left.\n|\n|t:|1776447981\n|switch|p2b: Sableye|Sableye, L50, M|100/100\n|move|p1a: Dragonite|Extreme Speed|p2b: Sableye\n|-immune|p2b: Sableye\n|move|p2a: Pelipper|Weather Ball|p1b: Sableye\n|-damage|p1b: Sableye|0 fnt\n|faint|p1b: Sableye\n|\n|-weather|RainDance|[upkeep]\n|upkeep\n|turn|9\n|\n|t:|1776448006\n|move|p2b: Sableye|Fake Out|p1a: Dragonite\n|-damage|p1a: Dragonite|83/100\n|cant|p1a: Dragonite|flinch\n|move|p2a: Pelipper|Chilling Water|p1a: Dragonite\n|-resisted|p1a: Dragonite|1\n|-damage|p1a: Dragonite|72/100\n|-unboost|p1a: Dragonite|atk|1\n|\n|-weather|RainDance|[upkeep]\n|upkeep\n|turn|10\n|inactive|MaK2012 has 30 seconds left.\n|c|\u2606zzzzzegarra|bro you take too much time\n|-message|zzzzzegarra forfeited.\n|\n|win|MaK2012\n",
  "uploadtime": 1776447768,
  "views": 20,
  "formatid": "gen9championsvgc2026regma",
  "rating": null,
  "private": 0,
  "password": null
}