{
  "id": "gen9championsvgc2026regma-2583483526",
  "format": "[Gen 9 Champions] VGC 2026 Reg M-A",
  "players": [
    "QWEASDD",
    "Lacksatives"
  ],
  "log": "|j|\u2606QWEASDD\n|j|\u2606Lacksatives\n|t:|1776178535\n|gametype|doubles\n|player|p1|QWEASDD|swimmer|1178\n|player|p2|Lacksatives|swimmer-masters|1192\n|gen|9\n|tier|[Gen 9 Champions] VGC 2026 Reg M-A\n|rated|\n|rule|Species Clause: Limit one of each Pok\u00e9mon\n|rule|Item Clause: Limit 1 of each item\n|clearpoke\n|poke|p1|Aggron, L50, M|\n|poke|p1|Beedrill, L50, M|\n|poke|p1|Sneasler, L50, M|\n|poke|p1|Sinistcha, L50|\n|poke|p1|Tyranitar, L50, M|\n|poke|p1|Dragonite, L50, F|\n|poke|p2|Scizor, L50, F|\n|poke|p2|Tyranitar, L50, F|\n|poke|p2|Milotic, L50, M|\n|poke|p2|Sneasler, L50, M|\n|poke|p2|Sinistcha, L50|\n|poke|p2|Volcarona, L50, F|\n|teampreview|4\nQWEASDD has agreed to open team sheets.\n|inactive|Battle timer is ON: inactive players will automatically lose when time's up. (requested by QWEASDD)\nLacksatives has agreed to open team sheets.\n|showteam|p1|Aggron||Aggronite|Sturdy|BodyPress,HeavySlam,IronDefense,Protect|||M|||50|]Beedrill||Beedrillite|Swarm|Uturn,PoisonJab,KnockOff,Protect|||M|||50|]Sneasler||WhiteHerb|Unburden|FakeOut,DireClaw,CloseCombat,Protect|||M|||50|]Sinistcha||FocusSash|Hospitality|MatchaGotcha,LifeDew,RagePowder,TrickRoom||||||50|]Tyranitar||SitrusBerry|SandStream|StoneEdge,KnockOff,FirePunch,Protect|||M|||50|]Dragonite||Leftovers|InnerFocus|DragonClaw,ThunderPunch,IcePunch,ExtremeSpeed|||F|||50|\n|showteam|p2|Scizor||Scizorite|Technician|BulletPunch,BugBite,CloseCombat,Protect|||F|||50|]Tyranitar||Tyranitarite|SandStream|RockSlide,KnockOff,LowKick,Protect|||F|||50|]Milotic||Leftovers|Competitive|Scald,IceBeam,HelpingHand,Protect|||M|||50|]Sneasler||WhiteHerb|Unburden|FakeOut,CloseCombat,DireClaw,Protect|||M|||50|]Sinistcha||MiracleSeed|Hospitality|MatchaGotcha,RagePowder,StrengthSap,TrickRoom||||||50|]Volcarona||SitrusBerry|FlameBody|Flamethrower,RagePowder,StruggleBug,Tailwind|||F|||50|\n|inactive|QWEASDD has 60 seconds left.\n|inactive|Lacksatives has 60 seconds left.\n|\n|t:|1776178585\n|teamsize|p1|4\n|teamsize|p2|4\n|start\n|switch|p1a: Aggron|Aggron, L50, M|100/100\n|switch|p1b: Sneasler|Sneasler, L50, M|100/100\n|switch|p2a: Sneasler|Sneasler, L50, M|100/100\n|switch|p2b: Scizor|Scizor, L50, F|100/100\n|turn|1\n|inactive|QWEASDD has 30 seconds left.\n|\n|t:|1776178614\n|detailschange|p2b: Scizor|Scizor-Mega, L50, F\n|-mega|p2b: Scizor|Scizor|Scizorite\n|detailschange|p1a: Aggron|Aggron-Mega, L50, M\n|-mega|p1a: Aggron|Aggron|Aggronite\n|move|p2a: Sneasler|Fake Out|p1a: Aggron\n|-resisted|p1a: Aggron|1\n|-damage|p1a: Aggron|98/100\n|move|p1b: Sneasler|Fake Out|p2a: Sneasler\n|-damage|p2a: Sneasler|75/100\n|move|p2b: Scizor|Bullet Punch|p1b: Sneasler\n|-damage|p1b: Sneasler|35/100\n|cant|p1a: Aggron|flinch\n|\n|upkeep\n|turn|2\n|\n|t:|1776178628\n|switch|p1b: Sinistcha|Sinistcha, L50|100/100\n|-heal|p1a: Aggron|100/100|[from] ability: Hospitality|[of] p1b: Sinistcha\n|move|p2b: Scizor|Bullet Punch|p1b: Sinistcha\n|-damage|p1b: Sinistcha|73/100\n|move|p2a: Sneasler|Close Combat|p1a: Aggron\n|-supereffective|p1a: Aggron|1\n|-damage|p1a: Aggron|65/100\n|-unboost|p2a: Sneasler|def|1\n|-unboost|p2a: Sneasler|spd|1\n|-enditem|p2a: Sneasler|White Herb\n|-clearnegativeboost|p2a: Sneasler|[silent]\n|move|p1a: Aggron|Iron Defense|p1a: Aggron\n|-boost|p1a: Aggron|def|2\n|\n|upkeep\n|turn|3\n|\n|t:|1776178648\n|switch|p2a: Volcarona|Volcarona, L50, F|100/100\n|move|p2b: Scizor|Bug Bite|p1b: Sinistcha\n|-damage|p1b: Sinistcha|31/100\n|move|p1a: Aggron|Iron Defense|p1a: Aggron\n|-boost|p1a: Aggron|def|2\n|move|p1b: Sinistcha|Trick Room|p1b: Sinistcha\n|-fieldstart|move: Trick Room|[of] p1b: Sinistcha\n|\n|upkeep\n|turn|4\n|\n|t:|1776178668\n|switch|p1b: Tyranitar|Tyranitar, L50, M|100/100\n|-weather|Sandstorm|[from] ability: Sand Stream|[of] p1b: Tyranitar\n|move|p1a: Aggron|Protect|p1a: Aggron\n|-singleturn|p1a: Aggron|Protect\n|move|p2b: Scizor|Bug Bite|p1b: Tyranitar\n|-supereffective|p1b: Tyranitar|1\n|-damage|p1b: Tyranitar|15/100\n|-enditem|p1b: Tyranitar|Sitrus Berry|[from] stealeat|[move] Bug Bite|[of] p2b: Scizor\n|move|p2a: Volcarona|Flamethrower|p1a: Aggron\n|-activate|p1a: Aggron|move: Protect\n|\n|-weather|Sandstorm|[upkeep]\n|-damage|p2a: Volcarona|94/100|[from] Sandstorm\n|upkeep\n|turn|5\n|\n|t:|1776178686\n|move|p1b: Tyranitar|Protect|p1b: Tyranitar\n|-singleturn|p1b: Tyranitar|Protect\n|move|p2b: Scizor|Bullet Punch|p1b: Tyranitar\n|-activate|p1b: Tyranitar|move: Protect\n|move|p1a: Aggron|Body Press|p2b: Scizor\n|-damage|p2b: Scizor|0 fnt\n|faint|p2b: Scizor\n|move|p2a: Volcarona|Flamethrower|p1a: Aggron\n|-supereffective|p1a: Aggron|1\n|-damage|p1a: Aggron|0 fnt\n|faint|p1a: Aggron\n|\n|-weather|Sandstorm|[upkeep]\n|-damage|p2a: Volcarona|88/100|[from] Sandstorm\n|upkeep\n|\n|t:|1776178702\n|switch|p1a: Sinistcha|Sinistcha, L50|31/100\n|switch|p2b: Tyranitar|Tyranitar, L50, F|100/100\n|-heal|p1b: Tyranitar|40/100|[from] ability: Hospitality|[of] p1a: Sinistcha\n|turn|6\n|\n|t:|1776178720\n|move|p2b: Tyranitar|Protect|p2b: Tyranitar\n|-singleturn|p2b: Tyranitar|Protect\n|move|p1b: Tyranitar|Stone Edge|p2a: Volcarona\n|-supereffective|p2a: Volcarona|2\n|-damage|p2a: Volcarona|0 fnt\n|faint|p2a: Volcarona\n|move|p1a: Sinistcha|Matcha Gotcha|p2b: Tyranitar\n|-activate|p2b: Tyranitar|move: Protect\n|\n|-weather|Sandstorm|[upkeep]\n|-damage|p1a: Sinistcha|25/100|[from] Sandstorm\n|upkeep\n|\n|t:|1776178722\n|switch|p2a: Sneasler|Sneasler, L50, M|75/100\n|turn|7\n|\n|t:|1776178728\n|move|p1b: Tyranitar|Protect|p1b: Tyranitar\n|-singleturn|p1b: Tyranitar|Protect\n|move|p2a: Sneasler|Fake Out|p1b: Tyranitar\n|-activate|p1b: Tyranitar|move: Protect\n|move|p1a: Sinistcha|Life Dew|p1a: Sinistcha|[spread] p1a,p1b\n|-heal|p1a: Sinistcha|50/100\n|-heal|p1b: Tyranitar|65/100\n|move|p2b: Tyranitar|Knock Off|p1a: Sinistcha\n|-supereffective|p1a: Sinistcha|1\n|-damage|p1a: Sinistcha|0 fnt\n|-enditem|p1a: Sinistcha|Focus Sash|[from] move: Knock Off|[of] p2b: Tyranitar\n|faint|p1a: Sinistcha\n|\n|-weather|Sandstorm|[upkeep]\n|-damage|p2a: Sneasler|69/100|[from] Sandstorm\n|-fieldend|move: Trick Room\n|upkeep\n|\n|t:|1776178738\n|switch|p1a: Sneasler|Sneasler, L50, M|35/100\n|turn|8\n|\n|t:|1776178758\n|move|p2b: Tyranitar|Protect|p2b: Tyranitar\n|-singleturn|p2b: Tyranitar|Protect\n|move|p1b: Tyranitar|Protect||[still]\n|-fail|p1b: Tyranitar\n|move|p2a: Sneasler|Close Combat|p1b: Tyranitar\n|-supereffective|p1b: Tyranitar|2\n|-damage|p1b: Tyranitar|0 fnt\n|-unboost|p2a: Sneasler|def|1\n|-unboost|p2a: Sneasler|spd|1\n|faint|p1b: Tyranitar\n|move|p1a: Sneasler|Close Combat|p2b: Tyranitar\n|-activate|p2b: Tyranitar|move: Protect\n|\n|-weather|none\n|upkeep\n|turn|9\n|\n|t:|1776178772\n|move|p2a: Sneasler|Close Combat|p1a: Sneasler\n|-resisted|p1a: Sneasler|1\n|-crit|p1a: Sneasler\n|-damage|p1a: Sneasler|0 fnt\n|-unboost|p2a: Sneasler|def|1\n|-unboost|p2a: Sneasler|spd|1\n|faint|p1a: Sneasler\n|\n|win|Lacksatives\n|raw|QWEASDD's rating: 1178 &rarr; <strong>1154</strong><br />(-24 for losing)\n|raw|Lacksatives's rating: 1192 &rarr; <strong>1216</strong><br />(+24 for winning)\n|l|\u2606QWEASDD\n|player|p1|\n",
  "uploadtime": 1776178783,
  "views": 13,
  "formatid": "gen9championsvgc2026regma",
  "rating": 1154,
  "private": 0,
  "password": null
}