{
  "id": "gen9championsvgc2026regma-2581974586",
  "format": "[Gen 9 Champions] VGC 2026 Reg M-A",
  "players": [
    "lobbychatlagsmypc",
    "shadowluffy2002"
  ],
  "log": "|j|\u2606lobbychatlagsmypc\n|j|\u2606shadowluffy2002\n|t:|1776044727\n|gametype|doubles\n|player|p1|lobbychatlagsmypc|265|1332\n|player|p2|shadowluffy2002|102|1412\n|gen|9\n|tier|[Gen 9 Champions] VGC 2026 Reg M-A\n|rated|\n|rule|Species Clause: Limit one of each Pok\u00e9mon\n|rule|Item Clause: Limit 1 of each item\n|clearpoke\n|poke|p1|Mudsdale, L50, M|\n|poke|p1|Blastoise, L50, F|\n|poke|p1|Talonflame, L50, F|\n|poke|p1|Sinistcha, L50|\n|poke|p1|Floette-Eternal, L50, F|\n|poke|p1|Incineroar, L50, F|\n|poke|p2|Basculegion, L50, M|\n|poke|p2|Archaludon, L50, M|\n|poke|p2|Pelipper, L50, M|\n|poke|p2|Floette-Eternal, L50, F|\n|poke|p2|Farigiraf, L50, F|\n|poke|p2|Incineroar, L50, F|\n|teampreview|4\n|inactive|Battle timer is ON: inactive players will automatically lose when time's up. (requested by lobbychatlagsmypc)\n|inactive|lobbychatlagsmypc has 60 seconds left.\n|inactive|shadowluffy2002 has 60 seconds left.\n|inactive|lobbychatlagsmypc has 30 seconds left.\n|\n|t:|1776044794\n|teamsize|p1|4\n|teamsize|p2|4\n|start\n|switch|p1a: Incineroar|Incineroar, L50, F|100/100\n|switch|p1b: Floette|Floette-Eternal, L50, F|100/100\n|switch|p2a: Basculegion|Basculegion, L50, M|100/100\n|switch|p2b: Incineroar|Incineroar, L50, F|100/100\n|-ability|p2b: Incineroar|Intimidate|boost\n|-unboost|p1a: Incineroar|atk|1\n|-unboost|p1b: Floette|atk|1\n|-ability|p1a: Incineroar|Intimidate|boost\n|-unboost|p2a: Basculegion|atk|1\n|-unboost|p2b: Incineroar|atk|1\n|turn|1\n|j| Kaicyios\n|inactive|shadowluffy2002 has 30 seconds left.\n|\n|t:|1776044821\n|switch|p1a: Sinistcha|Sinistcha, L50|100/100\n|move|p1b: Floette|Protect|p1b: Floette\n|-singleturn|p1b: Floette|Protect\n|move|p2b: Incineroar|Fake Out|p1a: Sinistcha\n|-immune|p1a: Sinistcha\n|move|p2a: Basculegion|Flip Turn|p1b: Floette\n|-activate|p1b: Floette|move: Protect\n|\n|upkeep\n|turn|2\n|\n|t:|1776044835\n|detailschange|p1b: Floette|Floette-Mega, L50, F\n|-mega|p1b: Floette|Floette|Floettite\n|-ability|p1b: Floette|Fairy Aura\n|move|p1a: Sinistcha|Rage Powder|p1a: Sinistcha\n|-singleturn|p1a: Sinistcha|move: Rage Powder\n|move|p2a: Basculegion|Flip Turn|p1a: Sinistcha\n|-resisted|p1a: Sinistcha|1\n|-damage|p1a: Sinistcha|86/100\n|\n|t:|1776044845\n|switch|p2a: Pelipper|Pelipper, L50, M|100/100|[from] Flip Turn\n|-weather|RainDance|[from] ability: Drizzle|[of] p2a: Pelipper\n|move|p1b: Floette|Calm Mind|p1b: Floette\n|-boost|p1b: Floette|spa|1\n|-boost|p1b: Floette|spd|1\n|move|p2b: Incineroar|Flare Blitz|p1a: Sinistcha\n|-supereffective|p1a: Sinistcha|1\n|-damage|p1a: Sinistcha|59/100\n|-damage|p2b: Incineroar|93/100|[from] Recoil\n|\n|-weather|RainDance|[upkeep]\n|upkeep\n|turn|3\n|inactive|lobbychatlagsmypc has 30 seconds left.\n|inactive|shadowluffy2002 has 30 seconds left.\n|inactive|lobbychatlagsmypc has 20 seconds left.\n|inactive|shadowluffy2002 has 20 seconds left.\n|\n|t:|1776044884\n|move|p1a: Sinistcha|Rage Powder|p1a: Sinistcha\n|-singleturn|p1a: Sinistcha|move: Rage Powder\n|move|p1b: Floette|Moonblast|p2a: Pelipper\n|-enditem|p2a: Pelipper|Focus Sash\n|-damage|p2a: Pelipper|1/100\n|move|p2a: Pelipper|Tailwind|p2a: Pelipper\n|-sidestart|p2: shadowluffy2002|move: Tailwind\n|move|p2b: Incineroar|Parting Shot|p1a: Sinistcha\n|-unboost|p1a: Sinistcha|atk|1\n|-unboost|p1a: Sinistcha|spa|1\n|\n|t:|1776044909\n|switch|p2b: Archaludon|Archaludon, L50, M|100/100|[from] Parting Shot\n|\n|-weather|RainDance|[upkeep]\n|upkeep\n|turn|4\n|\n|t:|1776044922\n|move|p2b: Archaludon|Protect|p2b: Archaludon\n|-singleturn|p2b: Archaludon|Protect\n|move|p1b: Floette|Protect|p1b: Floette\n|-singleturn|p1b: Floette|Protect\n|move|p2a: Pelipper|Hurricane|p1a: Sinistcha\n|-supereffective|p1a: Sinistcha|1\n|-damage|p1a: Sinistcha|0 fnt\n|faint|p1a: Sinistcha\n|\n|-weather|RainDance|[upkeep]\n|upkeep\n|\n|t:|1776044924\n|switch|p1a: Incineroar|Incineroar, L50, F|100/100\n|-ability|p1a: Incineroar|Intimidate|boost\n|-unboost|p2a: Pelipper|atk|1\n|-unboost|p2b: Archaludon|atk|1\n|turn|5\n|\n|t:|1776044942\n|switch|p2b: Incineroar|Incineroar, L50, F|93/100\n|-ability|p2b: Incineroar|Intimidate|boost\n|-unboost|p1a: Incineroar|atk|1\n|-unboost|p1b: Floette|atk|1\n|move|p2a: Pelipper|Protect|p2a: Pelipper\n|-singleturn|p2a: Pelipper|Protect\n|move|p1a: Incineroar|Fake Out|p2b: Incineroar\n|-damage|p2b: Incineroar|84/100\n|move|p1b: Floette|Calm Mind|p1b: Floette\n|-boost|p1b: Floette|spa|1\n|-boost|p1b: Floette|spd|1\n|\n|-weather|RainDance|[upkeep]\n|upkeep\n|turn|6\n|\n|t:|1776044958\n|move|p1b: Floette|Protect|p1b: Floette\n|-singleturn|p1b: Floette|Protect\n|move|p2b: Incineroar|Fake Out|p1b: Floette\n|-activate|p1b: Floette|move: Protect\n|move|p2a: Pelipper|Weather Ball|p1a: Incineroar\n|-supereffective|p1a: Incineroar|1\n|-damage|p1a: Incineroar|0 fnt\n|faint|p1a: Incineroar\n|\n|-weather|none\n|-sideend|p2: shadowluffy2002|move: Tailwind\n|upkeep\n|\n|t:|1776044960\n|switch|p1a: Talonflame|Talonflame, L50, F|100/100\n|turn|7\n|\n|t:|1776044978\n|switch|p2a: Archaludon|Archaludon, L50, M|100/100\n|move|p1a: Talonflame|Acrobatics|p2b: Incineroar\n|-damage|p2b: Incineroar|40/100\n|move|p1b: Floette|Dazzling Gleam|p2a: Archaludon|[spread] p2a,p2b\n|-damage|p2a: Archaludon|0 fnt\n|-damage|p2b: Incineroar|0 fnt\n|faint|p2a: Archaludon\n|faint|p2b: Incineroar\n|\n|upkeep\n|\n|t:|1776044991\n|switch|p2a: Basculegion|Basculegion, L50, M|100/100\n|switch|p2b: Pelipper|Pelipper, L50, M|1/100\n|-weather|RainDance|[from] ability: Drizzle|[of] p2b: Pelipper\n|turn|8\n|\n|t:|1776045008\n|move|p1a: Talonflame|Acrobatics|p2b: Pelipper\n|-damage|p2b: Pelipper|0 fnt\n|faint|p2b: Pelipper\n|move|p2a: Basculegion|Wave Crash|p1b: Floette\n|-damage|p1b: Floette|0 fnt\n|faint|p1b: Floette\n|-damage|p2a: Basculegion|70/100|[from] Recoil\n|\n|-weather|RainDance|[upkeep]\n|upkeep\n|turn|9\n|\n|t:|1776045021\n|move|p1a: Talonflame|Acrobatics|p2a: Basculegion\n|-damage|p2a: Basculegion|12/100\n|move|p2a: Basculegion|Wave Crash|p1a: Talonflame\n|-supereffective|p1a: Talonflame|1\n|-damage|p1a: Talonflame|0 fnt\n|faint|p1a: Talonflame\n|-damage|p2a: Basculegion|0 fnt|[from] Recoil\n|faint|p2a: Basculegion\n|\n|win|shadowluffy2002\n|raw|lobbychatlagsmypc's rating: 1332 &rarr; <strong>1317</strong><br />(-15 for losing)\n|raw|shadowluffy2002's rating: 1412 &rarr; <strong>1427</strong><br />(+15 for winning)\n",
  "uploadtime": 1776045025,
  "views": 39,
  "formatid": "gen9championsvgc2026regma",
  "rating": 1317,
  "private": 0,
  "password": null
}