{
  "id": "gen9championsvgc2026regma-2584560859",
  "format": "[Gen 9 Champions] VGC 2026 Reg M-A",
  "players": [
    "pokemonyoyoplayer",
    "gan112"
  ],
  "log": "|j|\u2606pokemonyoyoplayer\n|j|\u2606gan112\n|t:|1776268825\n|gametype|doubles\n|player|p1|pokemonyoyoplayer|102|1416\n|player|p2|gan112|1|1361\n|gen|9\n|tier|[Gen 9 Champions] VGC 2026 Reg M-A\n|rated|\n|rule|Species Clause: Limit one of each Pok\u00e9mon\n|rule|Item Clause: Limit 1 of each item\n|clearpoke\n|poke|p1|Sneasler, L50, F|\n|poke|p1|Kingambit, L50, M|\n|poke|p1|Aerodactyl, L50, M|\n|poke|p1|Gardevoir, L50, F|\n|poke|p1|Incineroar, L50, M|\n|poke|p1|Sinistcha, L50|\n|poke|p2|Incineroar, L50, F|\n|poke|p2|Farigiraf, L50, F|\n|poke|p2|Torkoal, L50, F|\n|poke|p2|Typhlosion-Hisui, L50, F|\n|poke|p2|Kangaskhan, L50, F|\n|poke|p2|Aerodactyl, L50, M|\n|teampreview|4\n|inactive|Battle timer is ON: inactive players will automatically lose when time's up. (requested by gan112)\n|inactive|pokemonyoyoplayer has 60 seconds left.\n|\n|t:|1776268925\n|teamsize|p1|4\n|teamsize|p2|4\n|start\n|switch|p1a: Aerodactyl|Aerodactyl, L50, M|100/100\n|switch|p1b: Kingambit|Kingambit, L50, M|100/100\n|switch|p2a: Kangaskhan|Kangaskhan, L50, F|100/100\n|switch|p2b: Farigiraf|Farigiraf, L50, F|100/100\n|-ability|p1a: Aerodactyl|Unnerve\n|turn|1\n|inactive|pokemonyoyoplayer has 30 seconds left.\n|inactive|pokemonyoyoplayer has 20 seconds left.\n|inactive|pokemonyoyoplayer has 15 seconds left.\n|\n|t:|1776268966\n|switch|p1b: Gardevoir|Gardevoir, L50, F|100/100\n|-ability|p1b: Gardevoir|Armor Tail|Trace|[from] ability: Trace|[of] p2b: Farigiraf\n|detailschange|p2a: Kangaskhan|Kangaskhan-Mega, L50, F\n|-mega|p2a: Kangaskhan|Kangaskhan|Kangaskhanite\n|move|p2a: Kangaskhan|Fake Out||[still]\n|cant|p1b: Gardevoir|ability: Armor Tail|Fake Out|[of] p2a: Kangaskhan\n|move|p1a: Aerodactyl|Rock Slide|p2a: Kangaskhan|[spread] p2b\n|-miss|p1a: Aerodactyl|p2a: Kangaskhan\n|-damage|p2b: Farigiraf|79/100\n|cant|p2b: Farigiraf|flinch\n|\n|-heal|p2b: Farigiraf|85/100|[from] item: Leftovers\n|upkeep\n|turn|2\n|inactive|pokemonyoyoplayer has 30 seconds left.\n|\n|t:|1776268995\n|switch|p1a: Incineroar|Incineroar, L50, M|100/100\n|-ability|p1a: Incineroar|Intimidate|boost\n|-unboost|p2a: Kangaskhan|atk|1\n|-unboost|p2b: Farigiraf|atk|1\n|detailschange|p1b: Gardevoir|Gardevoir-Mega, L50, F\n|-mega|p1b: Gardevoir|Gardevoir|Gardevoirite\n|move|p1b: Gardevoir|Hyper Voice|p2b: Farigiraf|[spread] p2a,p2b\n|-crit|p2a: Kangaskhan\n|-damage|p2a: Kangaskhan|29/100\n|-damage|p2b: Farigiraf|25/100\n|move|p2a: Kangaskhan|Double-Edge|p1b: Gardevoir\n|-damage|p1b: Gardevoir|36/100\n|-damage|p1b: Gardevoir|19/100\n|-hitcount|p1b: Gardevoir|2\n|-damage|p2a: Kangaskhan|9/100|[from] Recoil\n|move|p2b: Farigiraf|Trick Room|p2b: Farigiraf\n|-fieldstart|move: Trick Room|[of] p2b: Farigiraf\n|\n|-heal|p2b: Farigiraf|31/100|[from] item: Leftovers\n|upkeep\n|turn|3\n|inactive|pokemonyoyoplayer has 30 seconds left.\n|inactive|gan112 has 30 seconds left.\n|\n|t:|1776269025\n|switch|p2b: Torkoal|Torkoal, L50, F|100/100\n|-weather|SunnyDay|[from] ability: Drought|[of] p2b: Torkoal\n|move|p1b: Gardevoir|Protect|p1b: Gardevoir\n|-singleturn|p1b: Gardevoir|Protect\n|move|p2a: Kangaskhan|Sucker Punch||[still]\n|-fail|p2a: Kangaskhan\n|move|p1a: Incineroar|Darkest Lariat|p2b: Torkoal\n|-crit|p2b: Torkoal\n|-damage|p2b: Torkoal|58/100\n|\n|-weather|SunnyDay|[upkeep]\n|upkeep\n|turn|4\n|inactive|pokemonyoyoplayer has 30 seconds left.\n|inactive|pokemonyoyoplayer has 20 seconds left.\n|inactive|pokemonyoyoplayer has 15 seconds left.\n|inactive|pokemonyoyoplayer has 10 seconds left.\n|inactive|pokemonyoyoplayer has 5 seconds left.\n|\n|t:|1776269076\n|switch|p1b: Aerodactyl|Aerodactyl, L50, M|100/100\n|-ability|p1b: Aerodactyl|Unnerve\n|move|p2b: Torkoal|Eruption|p1b: Aerodactyl|[spread] p1a,p1b\n|-resisted|p1a: Incineroar|1\n|-resisted|p1b: Aerodactyl|1\n|-damage|p1a: Incineroar|77/100\n|-damage|p1b: Aerodactyl|64/100\n|move|p1a: Incineroar|Darkest Lariat|p2b: Torkoal\n|-damage|p2b: Torkoal|28/100\n|move|p2a: Kangaskhan|Low Kick|p1a: Incineroar\n|-supereffective|p1a: Incineroar|1\n|-enditem|p1a: Incineroar|Chople Berry|[eat]\n|-enditem|p1a: Incineroar|Chople Berry|[weaken]\n|-damage|p1a: Incineroar|60/100\n|-supereffective|p1a: Incineroar|1\n|-damage|p1a: Incineroar|51/100\n|-hitcount|p1a: Incineroar|2\n|\n|-weather|SunnyDay|[upkeep]\n|upkeep\n|turn|5\n|inactive|pokemonyoyoplayer has 30 seconds left.\n|inactive|pokemonyoyoplayer has 20 seconds left.\n|inactive|pokemonyoyoplayer has 15 seconds left.\n|\n|t:|1776269118\n|move|p2b: Torkoal|Protect|p2b: Torkoal\n|-singleturn|p2b: Torkoal|Protect\n|move|p2a: Kangaskhan|Sucker Punch|p1b: Aerodactyl\n|-damage|p1b: Aerodactyl|37/100\n|-damage|p1b: Aerodactyl|30/100\n|-hitcount|p1b: Aerodactyl|2\n|move|p1a: Incineroar|Darkest Lariat|p2a: Kangaskhan\n|-damage|p2a: Kangaskhan|0 fnt\n|faint|p2a: Kangaskhan\n|move|p1b: Aerodactyl|Rock Slide|p2b: Torkoal\n|-activate|p2b: Torkoal|move: Protect\n|\n|-weather|SunnyDay|[upkeep]\n|upkeep\n|\n|t:|1776269135\n|switch|p2a: Farigiraf|Farigiraf, L50, F|31/100\n|turn|6\n|inactive|pokemonyoyoplayer has 30 seconds left.\n|inactive|pokemonyoyoplayer has 20 seconds left.\n|inactive|pokemonyoyoplayer has 15 seconds left.\n|\n|t:|1776269176\n|move|p2b: Torkoal|Helping Hand|p2a: Farigiraf\n|-singleturn|p2a: Farigiraf|Helping Hand|[of] p2b: Torkoal\n|move|p2a: Farigiraf|Hyper Voice|p1a: Incineroar|[spread] p1a,p1b\n|-resisted|p1b: Aerodactyl|1\n|-damage|p1a: Incineroar|7/100\n|-damage|p1b: Aerodactyl|0 fnt\n|faint|p1b: Aerodactyl\n|move|p1a: Incineroar|Flare Blitz|p2b: Torkoal\n|-resisted|p2b: Torkoal|1\n|-damage|p2b: Torkoal|0 fnt\n|faint|p2b: Torkoal\n|-damage|p1a: Incineroar|0 fnt|[from] Recoil\n|faint|p1a: Incineroar\n|\n|-weather|SunnyDay|[upkeep]\n|-heal|p2a: Farigiraf|38/100|[from] item: Leftovers\n|-fieldend|move: Trick Room\n|upkeep\n|\n|t:|1776269192\n|switch|p1b: Gardevoir|Gardevoir-Mega, L50, F|19/100\n|switch|p1a: Kingambit|Kingambit, L50, M|100/100\n|switch|p2b: Typhlosion|Typhlosion-Hisui, L50, F|100/100\n|turn|7\n|inactive|pokemonyoyoplayer has 30 seconds left.\n|inactive|pokemonyoyoplayer has 20 seconds left.\n|\n|t:|1776269230\n|move|p1a: Kingambit|Protect|p1a: Kingambit\n|-singleturn|p1a: Kingambit|Protect\n|move|p2b: Typhlosion|Eruption|p1b: Gardevoir|[spread] p1b\n|-activate|p1a: Kingambit|move: Protect\n|-damage|p1b: Gardevoir|0 fnt\n|faint|p1b: Gardevoir\n|move|p2a: Farigiraf|Hyper Voice|p1a: Kingambit\n|-activate|p1a: Kingambit|move: Protect\n|\n|-weather|none\n|-heal|p2a: Farigiraf|44/100|[from] item: Leftovers\n|upkeep\n|turn|8\n|\n|t:|1776269252\n|move|p1a: Kingambit|Sucker Punch||[still]\n|cant|p2a: Farigiraf|ability: Armor Tail|Sucker Punch|[of] p1a: Kingambit\n|move|p2b: Typhlosion|Eruption|p1a: Kingambit\n|-supereffective|p1a: Kingambit|1\n|-damage|p1a: Kingambit|0 fnt\n|faint|p1a: Kingambit\n|\n|win|gan112\n|raw|pokemonyoyoplayer's rating: 1416 &rarr; <strong>1393</strong><br />(-23 for losing)\n|raw|gan112's rating: 1361 &rarr; <strong>1384</strong><br />(+23 for winning)\n|l|\u2606gan112\n|player|p2|\n",
  "uploadtime": 1776269268,
  "views": 34,
  "formatid": "gen9championsvgc2026regma",
  "rating": 1384,
  "private": 0,
  "password": null
}