{
  "id": "gen9championsvgc2026regma-2584932458",
  "format": "[Gen 9 Champions] VGC 2026 Reg M-A",
  "players": [
    "Fropicat",
    "P0keJr"
  ],
  "log": "|j|\u2606Fropicat\n|j|\u2606P0keJr\n|t:|1776295741\n|gametype|doubles\n|player|p1|Fropicat|lyra|1144\n|player|p2|P0keJr|102|1227\n|gen|9\n|tier|[Gen 9 Champions] VGC 2026 Reg M-A\n|rated|\n|rule|Species Clause: Limit one of each Pok\u00e9mon\n|rule|Item Clause: Limit 1 of each item\n|clearpoke\n|poke|p1|Hydreigon, L50, F|\n|poke|p1|Sneasler, L50, M|\n|poke|p1|Aerodactyl, L50, M|\n|poke|p1|Delphox, L50, F|\n|poke|p1|Sinistcha, L50|\n|poke|p1|Milotic, L50, M|\n|poke|p2|Floette-Eternal, L50, F|\n|poke|p2|Aegislash, L50, F|\n|poke|p2|Talonflame, L50, F|\n|poke|p2|Incineroar, L50, M|\n|poke|p2|Garchomp, L50, M|\n|poke|p2|Rotom-Wash, L50|\n|teampreview|4\n|\n|t:|1776295761\n|teamsize|p1|4\n|teamsize|p2|4\n|start\n|switch|p1a: Sneasler|Sneasler, L50, M|100/100\n|switch|p1b: Aerodactyl|Aerodactyl, L50, M|100/100\n|switch|p2a: Talonflame|Talonflame, L50, F|100/100\n|switch|p2b: Rotom|Rotom-Wash, L50|100/100\n|-ability|p1b: Aerodactyl|Unnerve\n|turn|1\n|inactive|Battle timer is ON: inactive players will automatically lose when time's up. (requested by P0keJr)\n|\n|t:|1776295783\n|move|p2a: Talonflame|Protect|p2a: Talonflame\n|-singleturn|p2a: Talonflame|Protect\n|move|p1a: Sneasler|Fake Out|p2a: Talonflame\n|-activate|p2a: Talonflame|move: Protect\n|move|p1b: Aerodactyl|Tailwind|p1b: Aerodactyl\n|-sidestart|p1: Fropicat|move: Tailwind\n|move|p2b: Rotom|Thunderbolt|p1b: Aerodactyl\n|-supereffective|p1b: Aerodactyl|1\n|-enditem|p1b: Aerodactyl|Focus Sash\n|-damage|p1b: Aerodactyl|1/100\n|\n|upkeep\n|turn|2\n|\n|t:|1776295806\n|switch|p2a: Floette|Floette-Eternal, L50, F|100/100\n|move|p2b: Rotom|Protect|p2b: Rotom\n|-singleturn|p2b: Rotom|Protect\n|move|p1b: Aerodactyl|Rock Slide|p2b: Rotom|[spread] p2a\n|-activate|p2b: Rotom|move: Protect\n|-damage|p2a: Floette|75/100\n|move|p1a: Sneasler|Close Combat|p2b: Rotom\n|-activate|p2b: Rotom|move: Protect\n|\n|upkeep\n|turn|3\n|inactive|P0keJr has 30 seconds left.\n|inactive|Fropicat has 30 seconds left.\n|inactive|P0keJr has 20 seconds left.\n|inactive|Fropicat has 20 seconds left.\n|inactive|P0keJr has 15 seconds left.\n|inactive|P0keJr has 10 seconds left.\n|inactive|Fropicat has 15 seconds left.\n|inactive|P0keJr has 5 seconds left.\n|\n|t:|1776295858\n|detailschange|p2a: Floette|Floette-Mega, L50, F\n|-mega|p2a: Floette|Floette|Floettite\n|-ability|p2a: Floette|Fairy Aura\n|move|p1b: Aerodactyl|Rock Slide|p2a: Floette|[spread] p2a,p2b\n|-damage|p2a: Floette|52/100\n|-damage|p2b: Rotom|75/100\n|move|p1a: Sneasler|U-turn|p2b: Rotom\n|-damage|p2b: Rotom|49/100\n|\n|t:|1776295873\n|switch|p1a: Milotic|Milotic, L50, M|100/100|[from] U-turn\n|cant|p2a: Floette|flinch\n|move|p2b: Rotom|Thunderbolt|p1b: Aerodactyl\n|-supereffective|p1b: Aerodactyl|1\n|-damage|p1b: Aerodactyl|0 fnt\n|-enditem|p2b: Rotom|Sitrus Berry|[eat]\n|-heal|p2b: Rotom|74/100|[from] item: Sitrus Berry\n|faint|p1b: Aerodactyl\n|\n|upkeep\n|\n|t:|1776295878\n|switch|p1b: Sneasler|Sneasler, L50, M|100/100\n|turn|4\n|\n|t:|1776295898\n|move|p2a: Floette|Protect|p2a: Floette\n|-singleturn|p2a: Floette|Protect\n|move|p2b: Rotom|Protect|p2b: Rotom\n|-singleturn|p2b: Rotom|Protect\n|move|p1b: Sneasler|Close Combat|p2b: Rotom\n|-activate|p2b: Rotom|move: Protect\n|move|p1a: Milotic|Icy Wind|p2b: Rotom|[spread] \n|-activate|p2a: Floette|move: Protect\n|-activate|p2b: Rotom|move: Protect\n|\n|-sideend|p1: Fropicat|move: Tailwind\n|upkeep\n|turn|5\n|\n|t:|1776295918\n|move|p1b: Sneasler|Close Combat|p2b: Rotom\n|-damage|p2b: Rotom|12/100\n|-unboost|p1b: Sneasler|def|1\n|-unboost|p1b: Sneasler|spd|1\n|-enditem|p1b: Sneasler|White Herb\n|-clearnegativeboost|p1b: Sneasler|[silent]\n|move|p2a: Floette|Dazzling Gleam|p1a: Milotic|[spread] p1a,p1b\n|-damage|p1a: Milotic|67/100\n|-damage|p1b: Sneasler|41/100\n|move|p2b: Rotom|Thunderbolt|p1a: Milotic\n|-supereffective|p1a: Milotic|1\n|-damage|p1a: Milotic|15/100\n|move|p1a: Milotic|Alluring Voice|p2b: Rotom\n|-damage|p2b: Rotom|0 fnt\n|faint|p2b: Rotom\n|\n|-heal|p1a: Milotic|21/100|[from] item: Leftovers\n|upkeep\n|\n|t:|1776295936\n|switch|p2b: Talonflame|Talonflame, L50, F|100/100\n|turn|6\n|\n|t:|1776295952\n|move|p2a: Floette|Protect|p2a: Floette\n|-singleturn|p2a: Floette|Protect\n|move|p2b: Talonflame|Tailwind|p2b: Talonflame\n|-sidestart|p2: P0keJr|move: Tailwind\n|move|p1b: Sneasler|Dire Claw|p2a: Floette\n|-activate|p2a: Floette|move: Protect\n|move|p1a: Milotic|Life Dew|p1a: Milotic|[spread] p1a,p1b\n|-heal|p1a: Milotic|46/100\n|-heal|p1b: Sneasler|66/100\n|\n|-heal|p1a: Milotic|52/100|[from] item: Leftovers\n|upkeep\n|turn|7\n|inactive|P0keJr has 30 seconds left.\n|\n|t:|1776295980\n|switch|p1a: Delphox|Delphox, L50, F|100/100\n|move|p2b: Talonflame|Acrobatics|p1b: Sneasler\n|-supereffective|p1b: Sneasler|1\n|-damage|p1b: Sneasler|0 fnt\n|faint|p1b: Sneasler\n|move|p2a: Floette|Moonblast|p1a: Delphox\n|-resisted|p1a: Delphox|1\n|-damage|p1a: Delphox|56/100\n|\n|upkeep\n|\n|t:|1776295984\n|switch|p1b: Milotic|Milotic, L50, M|52/100\n|turn|8\n|inactive|P0keJr has 30 seconds left.\n|\n|t:|1776296012\n|detailschange|p1a: Delphox|Delphox-Mega, L50, F\n|-mega|p1a: Delphox|Delphox|Delphoxite\n|move|p2b: Talonflame|Protect|p2b: Talonflame\n|-singleturn|p2b: Talonflame|Protect\n|move|p2a: Floette|Dazzling Gleam|p1b: Milotic|[spread] p1a,p1b\n|-resisted|p1a: Delphox|1\n|-damage|p1a: Delphox|32/100\n|-damage|p1b: Milotic|19/100\n|move|p1a: Delphox|Psychic|p2a: Floette\n|-damage|p2a: Floette|12/100\n|-unboost|p2a: Floette|spd|1\n|move|p1b: Milotic|Scald|p2a: Floette\n|-damage|p2a: Floette|0 fnt\n|faint|p2a: Floette\n|\n|-heal|p1b: Milotic|25/100|[from] item: Leftovers\n|upkeep\n|\n|t:|1776296030\n|switch|p2a: Garchomp|Garchomp, L50, M|100/100\n|turn|9\n|\n|t:|1776296051\n|move|p2b: Talonflame|Acrobatics|p1b: Milotic\n|-damage|p1b: Milotic|0 fnt\n|faint|p1b: Milotic\n|move|p2a: Garchomp|Rock Slide|p1a: Delphox\n|-supereffective|p1a: Delphox|1\n|-damage|p1a: Delphox|0 fnt\n|faint|p1a: Delphox\n|\n|win|P0keJr\n|raw|Fropicat's rating: 1144 &rarr; <strong>1125</strong><br />(-19 for losing)\n|raw|P0keJr's rating: 1227 &rarr; <strong>1246</strong><br />(+19 for winning)\n|l|\u2606Fropicat\n|player|p1|\n|l|\u2606P0keJr\n|player|p2|\n|j|\u2606P0keJr\n|player|p2|P0keJr|102|\n",
  "uploadtime": 1776296143,
  "views": 27,
  "formatid": "gen9championsvgc2026regma",
  "rating": 1125,
  "private": 0,
  "password": null
}