{
  "id": "gen9championsvgc2026regma-2582926061",
  "format": "[Gen 9 Champions] VGC 2026 Reg M-A",
  "players": [
    "The Burnted",
    "Itsrogerisntit"
  ],
  "log": "|j|\u2606The Burnted\n|j|\u2606Itsrogerisntit\n|t:|1776125583\n|gametype|doubles\n|player|p1|The Burnted|unknown|1110\n|player|p2|Itsrogerisntit|2|1016\n|gen|9\n|tier|[Gen 9 Champions] VGC 2026 Reg M-A\n|rated|\n|rule|Species Clause: Limit one of each Pok\u00e9mon\n|rule|Item Clause: Limit 1 of each item\n|clearpoke\n|poke|p1|Aerodactyl, L50, M|\n|poke|p1|Floette-Eternal, L50, F|\n|poke|p1|Garchomp, L50, F|\n|poke|p1|Incineroar, L50, F|\n|poke|p1|Sneasler, L50, M|\n|poke|p1|Basculegion, L50, M|\n|poke|p2|Whimsicott, L50, M|\n|poke|p2|Goodra-Hisui, L50, M|\n|poke|p2|Glimmora, L50, F|\n|poke|p2|Delphox, L50, F|\n|poke|p2|Sneasler, L50, M|\n|poke|p2|Greninja-*, L50, M|\n|teampreview|4\n|\n|t:|1776125630\n|teamsize|p1|4\n|teamsize|p2|4\n|start\n|switch|p1a: Sneasler|Sneasler, L50, M|100/100\n|switch|p1b: Floette|Floette-Eternal, L50, F|100/100\n|switch|p2a: Whimsicott|Whimsicott, L50, M|100/100\n|switch|p2b: Glimmora|Glimmora, L50, F|100/100\n|turn|1\n|\n|t:|1776125654\n|detailschange|p1b: Floette|Floette-Mega, L50, F\n|-mega|p1b: Floette|Floette|Floettite\n|-ability|p1b: Floette|Fairy Aura\n|move|p1a: Sneasler|Dire Claw|p2a: Whimsicott\n|-supereffective|p2a: Whimsicott|2\n|-damage|p2a: Whimsicott|0 fnt\n|faint|p2a: Whimsicott\n|move|p1b: Floette|Dazzling Gleam|p2b: Glimmora|[miss]\n|-miss|p1b: Floette|p2b: Glimmora\n|move|p2b: Glimmora|Sludge Bomb|p1b: Floette\n|-supereffective|p1b: Floette|1\n|-damage|p1b: Floette|38/100\n|\n|upkeep\n|\n|t:|1776125671\n|switch|p2a: Sneasler|Sneasler, L50, M|100/100\n|turn|2\n|\n|t:|1776125692\n|move|p2a: Sneasler|Fake Out|p1b: Floette\n|-damage|p1b: Floette|18/100\n|move|p1a: Sneasler|Close Combat|p2b: Glimmora|[miss]\n|-miss|p1a: Sneasler|p2b: Glimmora\n|cant|p1b: Floette|flinch\n|move|p2b: Glimmora|Sludge Bomb|p1b: Floette\n|-supereffective|p1b: Floette|1\n|-damage|p1b: Floette|0 fnt\n|faint|p1b: Floette\n|\n|upkeep\n|\n|t:|1776125703\n|switch|p1b: Aerodactyl|Aerodactyl, L50, M|100/100\n|-ability|p1b: Aerodactyl|Unnerve\n|turn|3\n|\n|t:|1776125717\n|move|p1b: Aerodactyl|Dual Wingbeat|p2a: Sneasler|[miss]\n|-miss|p1b: Aerodactyl|p2a: Sneasler\n|move|p2a: Sneasler|Close Combat|p1b: Aerodactyl\n|-enditem|p1b: Aerodactyl|Focus Sash\n|-damage|p1b: Aerodactyl|1/100\n|-unboost|p2a: Sneasler|def|1\n|-unboost|p2a: Sneasler|spd|1\n|move|p1a: Sneasler|Close Combat|p2b: Glimmora\n|-damage|p2b: Glimmora|40/100\n|-unboost|p1a: Sneasler|def|1\n|-unboost|p1a: Sneasler|spd|1\n|-activate|p2b: Glimmora|ability: Toxic Debris\n|-sidestart|p1: The Burnted|move: Toxic Spikes\n|-enditem|p1a: Sneasler|White Herb\n|-clearnegativeboost|p1a: Sneasler|[silent]\n|move|p2b: Glimmora|Sludge Bomb|p1a: Sneasler\n|-resisted|p1a: Sneasler|1\n|-damage|p1a: Sneasler|75/100\n|\n|upkeep\n|turn|4\n|c|\u2606The Burnted|bright powder?\n|\n|t:|1776125754\n|move|p1a: Sneasler|Close Combat|p2b: Glimmora\n|-damage|p2b: Glimmora|0 fnt\n|-unboost|p1a: Sneasler|def|1\n|-unboost|p1a: Sneasler|spd|1\n|-activate|p2b: Glimmora|ability: Toxic Debris\n|-sidestart|p1: The Burnted|move: Toxic Spikes\n|faint|p2b: Glimmora\n|move|p1b: Aerodactyl|Dual Wingbeat|p2a: Sneasler\n|-supereffective|p2a: Sneasler|1\n|-damage|p2a: Sneasler|4/100\n|-supereffective|p2a: Sneasler|1\n|-damage|p2a: Sneasler|0 fnt\n|faint|p2a: Sneasler\n|-hitcount|p2: Sneasler|2\n|\n|upkeep\n|\n|t:|1776125770\n|switch|p2a: Greninja|Greninja, L50, M|100/100\n|turn|5\n|\n|t:|1776125779\n|detailschange|p2a: Greninja|Greninja-Mega, L50, M\n|-mega|p2a: Greninja|Greninja|Greninjite\n|move|p1a: Sneasler|Close Combat|p2a: Greninja\n|-supereffective|p2a: Greninja|1\n|-damage|p2a: Greninja|0 fnt\n|-unboost|p1a: Sneasler|def|1\n|-unboost|p1a: Sneasler|spd|1\n|faint|p2a: Greninja\n|\n|win|The Burnted\n|raw|The Burnted's rating: 1110 &rarr; <strong>1128</strong><br />(+18 for winning)\n|raw|Itsrogerisntit's rating: 1016 &rarr; <strong>1007</strong><br />(-9 for losing)\n|l|\u2606Itsrogerisntit\n|player|p2|\n",
  "uploadtime": 1776125790,
  "views": 11,
  "formatid": "gen9championsvgc2026regma",
  "rating": 1007,
  "private": 0,
  "password": null
}