{
  "id": "gen9championsvgc2026regma-2584574620",
  "format": "[Gen 9 Champions] VGC 2026 Reg M-A",
  "players": [
    "Brichardi",
    "piedidiconkeldurr"
  ],
  "log": "|j|\u2606Brichardi\n|j|\u2606piedidiconkeldurr\n|t:|1776269710\n|gametype|doubles\n|player|p1|Brichardi|265|1180\n|player|p2|piedidiconkeldurr|266|1265\n|gen|9\n|tier|[Gen 9 Champions] VGC 2026 Reg M-A\n|rated|\n|rule|Species Clause: Limit one of each Pok\u00e9mon\n|rule|Item Clause: Limit 1 of each item\n|clearpoke\n|poke|p1|Aerodactyl, L50, M|\n|poke|p1|Sableye, L50, F|\n|poke|p1|Dragapult, L50, M|\n|poke|p1|Arcanine, L50, F|\n|poke|p1|Blastoise, L50, F|\n|poke|p1|Venusaur, L50, M|\n|poke|p2|Corviknight, L50, F|\n|poke|p2|Tyranitar, L50, F|\n|poke|p2|Incineroar, L50, M|\n|poke|p2|Rotom-Wash, L50|\n|poke|p2|Garchomp, L50, M|\n|poke|p2|Sinistcha, L50|\n|teampreview|4\n|inactive|Battle timer is ON: inactive players will automatically lose when time's up. (requested by piedidiconkeldurr)\npiedidiconkeldurr rejected open team sheets.\n|\n|t:|1776269790\n|teamsize|p1|4\n|teamsize|p2|4\n|start\n|switch|p1a: Sableye|Sableye, L50, F|100/100\n|switch|p1b: Dragapult|Dragapult, L50, M|100/100\n|switch|p2a: Incineroar|Incineroar, L50, M|100/100\n|switch|p2b: Corviknight|Corviknight, L50, F|100/100\n|-ability|p2a: Incineroar|Intimidate|boost\n|-unboost|p1a: Sableye|atk|1\n|-fail|p1b: Dragapult|unboost|[from] ability: Clear Body|[of] p1b: Dragapult\n|turn|1\n|inactive|piedidiconkeldurr has 30 seconds left.\n|\n|t:|1776269818\n|move|p1a: Sableye|Reflect|p1a: Sableye\n|-sidestart|p1: Brichardi|Reflect\n|move|p1b: Dragapult|Phantom Force||[still]\n|-prepare|p1b: Dragapult|Phantom Force\n|move|p2b: Corviknight|Iron Head|p1a: Sableye\n|-damage|p1a: Sableye|74/100\n|move|p2a: Incineroar|Flare Blitz|p1a: Sableye\n|-damage|p1a: Sableye|27/100\n|-damage|p2a: Incineroar|88/100|[from] Recoil\n|\n|upkeep\n|turn|2\n|inactive|piedidiconkeldurr has 30 seconds left.\n|\n|t:|1776269846\n|switch|p2b: Tyranitar|Tyranitar, L50, F|100/100\n|-weather|Sandstorm|[from] ability: Sand Stream|[of] p2b: Tyranitar\n|move|p1a: Sableye|Pain Split|p2b: Tyranitar\n|-hint|Since gen 7, Dark is immune to Prankster moves.\n|-immune|p2b: Tyranitar\n|move|p1b: Dragapult|Phantom Force|p2b: Tyranitar|[from] lockedmove\n|-resisted|p2b: Tyranitar|1\n|-damage|p2b: Tyranitar|82/100\n|move|p2a: Incineroar|Flare Blitz|p1a: Sableye\n|-damage|p1a: Sableye|0 fnt\n|faint|p1a: Sableye\n|-damage|p2a: Incineroar|81/100|[from] Recoil\n|\n|-weather|Sandstorm|[upkeep]\n|-damage|p1b: Dragapult|94/100|[from] Sandstorm\n|-damage|p2a: Incineroar|75/100|[from] Sandstorm\n|-heal|p1b: Dragapult|100/100|[from] item: Leftovers\n|upkeep\n|inactive|Brichardi has 30 seconds left.\n|\n|t:|1776269873\n|switch|p1a: Venusaur|Venusaur, L50, M|100/100\n|turn|3\n|\n|t:|1776269897\n|switch|p2b: Corviknight|Corviknight, L50, F|100/100\n|detailschange|p1a: Venusaur|Venusaur-Mega, L50, M\n|-mega|p1a: Venusaur|Venusaur|Venusaurite\n|move|p1b: Dragapult|Will-O-Wisp|p2b: Corviknight\n|-status|p2b: Corviknight|brn\n|move|p1a: Venusaur|Giga Drain|p2b: Corviknight\n|-resisted|p2b: Corviknight|2\n|-damage|p2b: Corviknight|93/100 brn\n|move|p2a: Incineroar|Flare Blitz|p1a: Venusaur\n|-supereffective|p1a: Venusaur|1\n|-damage|p1a: Venusaur|70/100\n|-damage|p2a: Incineroar|66/100|[from] Recoil\n|\n|-weather|Sandstorm|[upkeep]\n|-damage|p1b: Dragapult|94/100|[from] Sandstorm\n|-damage|p1a: Venusaur|64/100|[from] Sandstorm\n|-damage|p2a: Incineroar|60/100|[from] Sandstorm\n|-heal|p1b: Dragapult|100/100|[from] item: Leftovers\n|-heal|p2b: Corviknight|99/100 brn|[from] item: Leftovers\n|-damage|p2b: Corviknight|93/100 brn|[from] brn\n|upkeep\n|turn|4\n|inactive|Brichardi has 30 seconds left.\n|inactive|piedidiconkeldurr has 30 seconds left.\n|inactive|Brichardi has 20 seconds left.\n|\n|t:|1776269936\n|move|p1b: Dragapult|Dragon Claw|p2a: Incineroar\n|-damage|p2a: Incineroar|24/100\n|move|p1a: Venusaur|Earth Power|p2a: Incineroar\n|-supereffective|p2a: Incineroar|1\n|-damage|p2a: Incineroar|0 fnt\n|faint|p2a: Incineroar\n|move|p2b: Corviknight|Iron Head|p1a: Venusaur\n|-damage|p1a: Venusaur|56/100\n|\n|-weather|Sandstorm|[upkeep]\n|-damage|p1b: Dragapult|94/100|[from] Sandstorm\n|-damage|p1a: Venusaur|50/100|[from] Sandstorm\n|-heal|p1b: Dragapult|100/100|[from] item: Leftovers\n|-heal|p2b: Corviknight|99/100 brn|[from] item: Leftovers\n|-damage|p2b: Corviknight|93/100 brn|[from] brn\n|upkeep\n|\n|t:|1776269956\n|switch|p2a: Sinistcha|Sinistcha, L50|100/100\n|-heal|p2b: Corviknight|100/100 brn|[from] ability: Hospitality|[of] p2a: Sinistcha\n|turn|5\n|inactive|Brichardi has 30 seconds left.\n|\n|t:|1776269989\n|move|p1a: Venusaur|Protect|p1a: Venusaur\n|-singleturn|p1a: Venusaur|Protect\n|move|p1b: Dragapult|Phantom Force||[still]\n|-prepare|p1b: Dragapult|Phantom Force\n|move|p2a: Sinistcha|Shadow Ball|p1a: Venusaur\n|-activate|p1a: Venusaur|move: Protect\n|move|p2b: Corviknight|Iron Head|p1a: Venusaur\n|-activate|p1a: Venusaur|move: Protect\n|\n|-weather|Sandstorm|[upkeep]\n|-damage|p1b: Dragapult|94/100|[from] Sandstorm\n|-damage|p2a: Sinistcha|94/100|[from] Sandstorm\n|-damage|p1a: Venusaur|44/100|[from] Sandstorm\n|-heal|p1b: Dragapult|100/100|[from] item: Leftovers\n|-damage|p2b: Corviknight|95/100 brn|[from] brn\n|-sideend|p1: Brichardi|Reflect\n|upkeep\n|turn|6\n|inactive|Brichardi has 30 seconds left.\n|\n|t:|1776270019\n|move|p1b: Dragapult|Phantom Force|p2a: Sinistcha|[from] lockedmove\n|-supereffective|p2a: Sinistcha|1\n|-damage|p2a: Sinistcha|9/100\n|-enditem|p2a: Sinistcha|Sitrus Berry|[eat]\n|-heal|p2a: Sinistcha|34/100|[from] item: Sitrus Berry\n|move|p2a: Sinistcha|Shadow Ball|p1b: Dragapult\n|-supereffective|p1b: Dragapult|1\n|-crit|p1b: Dragapult\n|-damage|p1b: Dragapult|0 fnt\n|faint|p1b: Dragapult\n|move|p1a: Venusaur|Sludge Bomb|p2a: Sinistcha\n|-damage|p2a: Sinistcha|0 fnt\n|faint|p2a: Sinistcha\n|move|p2b: Corviknight|Tailwind|p2b: Corviknight\n|-sidestart|p2: piedidiconkeldurr|move: Tailwind\n|\n|-weather|none\n|-heal|p2b: Corviknight|100/100 brn|[from] item: Leftovers\n|-damage|p2b: Corviknight|95/100 brn|[from] brn\n|upkeep\n|\n|t:|1776270037\n|switch|p1b: Aerodactyl|Aerodactyl, L50, M|100/100\n|switch|p2a: Tyranitar|Tyranitar, L50, F|82/100\n|-ability|p1b: Aerodactyl|Unnerve\n|-weather|Sandstorm|[from] ability: Sand Stream|[of] p2a: Tyranitar\n|turn|7\n|\n|t:|1776270050\n|detailschange|p2a: Tyranitar|Tyranitar-Mega, L50, F\n|-mega|p2a: Tyranitar|Tyranitar|Tyranitarite\n|move|p1a: Venusaur|Protect|p1a: Venusaur\n|-singleturn|p1a: Venusaur|Protect\n|move|p2a: Tyranitar|Rock Slide|p1b: Aerodactyl|[spread] \n|-activate|p1a: Venusaur|move: Protect\n|-miss|p2a: Tyranitar|p1b: Aerodactyl\n|move|p1b: Aerodactyl|Tailwind|p1b: Aerodactyl\n|-sidestart|p1: Brichardi|move: Tailwind\n|move|p2b: Corviknight|Iron Head|p1b: Aerodactyl\n|-supereffective|p1b: Aerodactyl|1\n|-damage|p1b: Aerodactyl|50/100\n|\n|-weather|Sandstorm|[upkeep]\n|-damage|p1a: Venusaur|38/100|[from] Sandstorm\n|-heal|p2b: Corviknight|100/100 brn|[from] item: Leftovers\n|-damage|p2b: Corviknight|95/100 brn|[from] brn\n|upkeep\n|turn|8\n|inactive|Brichardi has 30 seconds left.\n|\n|t:|1776270080\n|move|p1b: Aerodactyl|Protect|p1b: Aerodactyl\n|-singleturn|p1b: Aerodactyl|Protect\n|move|p2a: Tyranitar|Rock Slide|p1b: Aerodactyl|[spread] p1a\n|-activate|p1b: Aerodactyl|move: Protect\n|-damage|p1a: Venusaur|9/100\n|move|p1a: Venusaur|Giga Drain|p2a: Tyranitar\n|-supereffective|p2a: Tyranitar|1\n|-damage|p2a: Tyranitar|38/100\n|-heal|p1a: Venusaur|34/100|[from] drain|[of] p2a: Tyranitar\n|move|p2b: Corviknight|Iron Head|p1b: Aerodactyl\n|-activate|p1b: Aerodactyl|move: Protect\n|\n|-weather|Sandstorm|[upkeep]\n|-damage|p1a: Venusaur|28/100|[from] Sandstorm\n|-heal|p2b: Corviknight|100/100 brn|[from] item: Leftovers\n|-damage|p2b: Corviknight|95/100 brn|[from] brn\n|upkeep\n|turn|9\n|\n|t:|1776270103\n|move|p1b: Aerodactyl|Rock Slide|p2a: Tyranitar|[spread] p2a,p2b\n|-damage|p2a: Tyranitar|22/100\n|-damage|p2b: Corviknight|73/100 brn\n|move|p2a: Tyranitar|Rock Slide|p1a: Venusaur|[spread] p1b\n|-miss|p2a: Tyranitar|p1a: Venusaur\n|-supereffective|p1b: Aerodactyl|1\n|-damage|p1b: Aerodactyl|0 fnt\n|faint|p1b: Aerodactyl\n|move|p1a: Venusaur|Giga Drain|p2a: Tyranitar\n|-supereffective|p2a: Tyranitar|1\n|-damage|p2a: Tyranitar|0 fnt\n|-heal|p1a: Venusaur|40/100|[from] drain|[of] p2a: Tyranitar\n|faint|p2a: Tyranitar\n|cant|p2b: Corviknight|flinch\n|\n|-weather|Sandstorm|[upkeep]\n|-damage|p1a: Venusaur|34/100|[from] Sandstorm\n|-heal|p2b: Corviknight|79/100 brn|[from] item: Leftovers\n|-damage|p2b: Corviknight|73/100 brn|[from] brn\n|-sideend|p2: piedidiconkeldurr|move: Tailwind\n|upkeep\n|turn|10\n|\n|t:|1776270125\n|move|p1a: Venusaur|Giga Drain|p2b: Corviknight\n|-resisted|p2b: Corviknight|2\n|-damage|p2b: Corviknight|64/100 brn\n|-heal|p1a: Venusaur|39/100|[from] drain|[of] p2b: Corviknight\n|move|p2b: Corviknight|Iron Head|p1a: Venusaur\n|-damage|p1a: Venusaur|26/100\n|\n|-weather|Sandstorm|[upkeep]\n|-damage|p1a: Venusaur|20/100|[from] Sandstorm\n|-heal|p2b: Corviknight|70/100 brn|[from] item: Leftovers\n|-damage|p2b: Corviknight|64/100 brn|[from] brn\n|-sideend|p1: Brichardi|move: Tailwind\n|upkeep\n|turn|11\n|\n|t:|1776270140\n|move|p1a: Venusaur|Giga Drain|p2b: Corviknight\n|-resisted|p2b: Corviknight|2\n|-damage|p2b: Corviknight|56/100 brn\n|-heal|p1a: Venusaur|24/100|[from] drain|[of] p2b: Corviknight\n|move|p2b: Corviknight|Iron Head|p1a: Venusaur\n|-damage|p1a: Venusaur|13/100\n|\n|-weather|none\n|-heal|p2b: Corviknight|62/100 brn|[from] item: Leftovers\n|-damage|p2b: Corviknight|56/100 brn|[from] brn\n|upkeep\n|turn|12\n|\n|t:|1776270152\n|move|p1a: Venusaur|Giga Drain|p2b: Corviknight\n|-resisted|p2b: Corviknight|2\n|-damage|p2b: Corviknight|48/100 brn\n|-heal|p1a: Venusaur|17/100|[from] drain|[of] p2b: Corviknight\n|move|p2b: Corviknight|Iron Head|p1a: Venusaur\n|-damage|p1a: Venusaur|6/100\n|\n|-heal|p2b: Corviknight|54/100 brn|[from] item: Leftovers\n|-damage|p2b: Corviknight|48/100 brn|[from] brn\n|upkeep\n|turn|13\n|\n|t:|1776270163\n|move|p1a: Venusaur|Giga Drain|p2b: Corviknight\n|-resisted|p2b: Corviknight|2\n|-damage|p2b: Corviknight|39/100 brn\n|-heal|p1a: Venusaur|11/100|[from] drain|[of] p2b: Corviknight\n|move|p2b: Corviknight|Iron Head|p1a: Venusaur\n|-damage|p1a: Venusaur|0 fnt\n|faint|p1a: Venusaur\n|\n|win|piedidiconkeldurr\n|raw|Brichardi's rating: 1180 &rarr; <strong>1161</strong><br />(-19 for losing)\n|raw|piedidiconkeldurr's rating: 1265 &rarr; <strong>1284</strong><br />(+19 for winning)\n",
  "uploadtime": 1776270168,
  "views": 19,
  "formatid": "gen9championsvgc2026regma",
  "rating": 1161,
  "private": 0,
  "password": null
}