{
  "id": "gen9championsvgc2026regma-2588262410",
  "format": "[Gen 9 Champions] VGC 2026 Reg M-A",
  "players": [
    "auxrey",
    "Mareastra"
  ],
  "log": "|j|\u2606auxrey\n|j|\u2606Mareastra\n|t:|1776619077\n|gametype|doubles\n|player|p1|auxrey|clair|1100\n|player|p2|Mareastra|clair|1184\n|gen|9\n|tier|[Gen 9 Champions] VGC 2026 Reg M-A\n|rated|\n|rule|Species Clause: Limit one of each Pok\u00e9mon\n|rule|Item Clause: Limit 1 of each item\n|clearpoke\n|poke|p1|Mimikyu, L50, F|\n|poke|p1|Kingambit, L50, F|\n|poke|p1|Drampa, L50, M|\n|poke|p1|Crabominable, L50, M|\n|poke|p1|Hatterene, L50, F|\n|poke|p1|Azumarill, L50, M|\n|poke|p2|Gengar, L50, F|\n|poke|p2|Politoed, L50, F|\n|poke|p2|Incineroar, L50, M|\n|poke|p2|Sinistcha, L50|\n|poke|p2|Kommo-o, L50, M|\n|poke|p2|Aggron, L50, M|\n|teampreview|4\n|inactive|Battle timer is ON: inactive players will automatically lose when time's up. (requested by Mareastra)\n|inactive|auxrey has 60 seconds left.\n|\n|t:|1776619116\n|teamsize|p1|4\n|teamsize|p2|4\n|start\n|switch|p1a: Mimikyu|Mimikyu, L50, F|100/100\n|switch|p1b: Kingambit|Kingambit, L50, F|100/100\n|switch|p2a: Aggron|Aggron, L50, M|100/100\n|switch|p2b: Incineroar|Incineroar, L50, M|100/100\n|-ability|p2b: Incineroar|Intimidate|boost\n|-unboost|p1a: Mimikyu|atk|1\n|-unboost|p1b: Kingambit|atk|1\n|turn|1\n|inactive|auxrey has 30 seconds left.\n|inactive|Mareastra has 30 seconds left.\n|inactive|auxrey has 20 seconds left.\n|\n|t:|1776619154\n|-end|p1b: Kingambit|fallenundefined|[silent]\n|switch|p1b: Azumarill|Azumarill, L50, M|100/100\n|detailschange|p2a: Aggron|Aggron-Mega, L50, M\n|-mega|p2a: Aggron|Aggron|Aggronite\n|move|p2b: Incineroar|Fake Out|p1b: Azumarill\n|-damage|p1b: Azumarill|90/100\n|move|p2a: Aggron|Iron Defense|p2a: Aggron\n|-boost|p2a: Aggron|def|2\n|move|p1a: Mimikyu|Trick Room|p1a: Mimikyu\n|-fieldstart|move: Trick Room|[of] p1a: Mimikyu\n|\n|upkeep\n|turn|2\n|\n|t:|1776619174\n|switch|p1a: Drampa|Drampa, L50, M|100/100\n|-ability|p1a: Drampa|Cloud Nine\n|move|p1b: Azumarill|Belly Drum|p1b: Azumarill\n|-damage|p1b: Azumarill|40/100\n|-setboost|p1b: Azumarill|atk|6|[from] move: Belly Drum\n|-enditem|p1b: Azumarill|Sitrus Berry|[eat]\n|-heal|p1b: Azumarill|65/100|[from] item: Sitrus Berry\n|move|p2a: Aggron|Iron Defense|p2a: Aggron\n|-boost|p2a: Aggron|def|2\n|move|p2b: Incineroar|Parting Shot|p1b: Azumarill\n|-unboost|p1b: Azumarill|atk|1\n|-unboost|p1b: Azumarill|spa|1\n|\n|t:|1776619185\n|switch|p2b: Sinistcha|Sinistcha, L50|100/100|[from] Parting Shot\n|\n|upkeep\n|turn|3\n|\n|t:|1776619196\n|detailschange|p1a: Drampa|Drampa-Mega, L50, M\n|-mega|p1a: Drampa|Drampa|Drampanite\n|move|p2b: Sinistcha|Rage Powder|p2b: Sinistcha\n|-singleturn|p2b: Sinistcha|move: Rage Powder\n|move|p1a: Drampa|Fire Blast|p2b: Sinistcha\n|-supereffective|p2b: Sinistcha|1\n|-damage|p2b: Sinistcha|4/100\n|move|p1b: Azumarill|Play Rough|p2b: Sinistcha\n|-damage|p2b: Sinistcha|0 fnt\n|faint|p2b: Sinistcha\n|move|p2a: Aggron|Iron Defense|p2a: Aggron\n|-boost|p2a: Aggron|def|2\n|\n|upkeep\n|\n|t:|1776619198\n|switch|p2b: Incineroar|Incineroar, L50, M|100/100\n|-ability|p2b: Incineroar|Intimidate|boost\n|-unboost|p1a: Drampa|atk|1\n|-unboost|p1b: Azumarill|atk|1\n|turn|4\n|\n|t:|1776619219\n|move|p2b: Incineroar|Fake Out|p1a: Drampa\n|-damage|p1a: Drampa|90/100\n|cant|p1a: Drampa|flinch\n|move|p1b: Azumarill|Liquidation|p2b: Incineroar\n|-supereffective|p2b: Incineroar|1\n|-damage|p2b: Incineroar|0 fnt\n|faint|p2b: Incineroar\n|move|p2a: Aggron|Heavy Slam|p1b: Azumarill\n|-damage|p1b: Azumarill|10/100\n|\n|upkeep\n|\n|t:|1776619231\n|switch|p2b: Kommo-o|Kommo-o, L50, M|100/100\n|turn|5\n|\n|t:|1776619243\n|move|p2b: Kommo-o|Protect|p2b: Kommo-o\n|-singleturn|p2b: Kommo-o|Protect\n|move|p1a: Drampa|Fire Blast|p2a: Aggron\n|-supereffective|p2a: Aggron|1\n|-damage|p2a: Aggron|41/100\n|-status|p2a: Aggron|brn\n|move|p1b: Azumarill|Play Rough|p2b: Kommo-o\n|-activate|p2b: Kommo-o|move: Protect\n|move|p2a: Aggron|Body Press|p1a: Drampa\n|-supereffective|p1a: Drampa|1\n|-damage|p1a: Drampa|0 fnt\n|faint|p1a: Drampa\n|\n|-damage|p2a: Aggron|34/100 brn|[from] brn\n|-fieldend|move: Trick Room\n|upkeep\n|\n|t:|1776619260\n|switch|p1a: Kingambit|Kingambit, L50, F|100/100\n|-activate|p1a: Kingambit|ability: Supreme Overlord\n|-start|p1a: Kingambit|fallen1|[silent]\n|turn|6\n|\n|t:|1776619269\n|move|p2b: Kommo-o|Protect|p2b: Kommo-o\n|-singleturn|p2b: Kommo-o|Protect\n|move|p2a: Aggron|Body Press|p1a: Kingambit\n|-supereffective|p1a: Kingambit|2\n|-damage|p1a: Kingambit|0 fnt\n|faint|p1a: Kingambit\n|-end|p1a: Kingambit|fallen1|[silent]\n|move|p1b: Azumarill|Play Rough|p2b: Kommo-o\n|-activate|p2b: Kommo-o|move: Protect\n|\n|-damage|p2a: Aggron|28/100 brn|[from] brn\n|upkeep\n|\n|t:|1776619280\n|switch|p1a: Mimikyu|Mimikyu, L50, F|100/100\n|turn|7\n|\n|t:|1776619299\n|move|p2b: Kommo-o|Aura Sphere|p1b: Azumarill\n|-resisted|p1b: Azumarill|1\n|-damage|p1b: Azumarill|0 fnt\n|faint|p1b: Azumarill\n|move|p1a: Mimikyu|Play Rough|p2b: Kommo-o\n|-supereffective|p2b: Kommo-o|2\n|-damage|p2b: Kommo-o|0 fnt\n|faint|p2b: Kommo-o\n|move|p2a: Aggron|Heavy Slam|p1a: Mimikyu\n|-activate|p1a: Mimikyu|ability: Disguise\n|-damage|p1a: Mimikyu|100/100\n|detailschange|p1a: Mimikyu|Mimikyu-Busted, L50, F\n|-damage|p1a: Mimikyu|88/100|[from] pokemon: Mimikyu-Busted\n|\n|-damage|p2a: Aggron|22/100 brn|[from] brn\n|upkeep\n|turn|8\n|\n|t:|1776619323\n|move|p1a: Mimikyu|Shadow Sneak|p2a: Aggron\n|-damage|p2a: Aggron|20/100 brn\n|move|p2a: Aggron|Heavy Slam|p1a: Mimikyu|[miss]\n|-miss|p2a: Aggron|p1a: Mimikyu\n|\n|-damage|p2a: Aggron|13/100 brn|[from] brn\n|upkeep\n|turn|9\n|\n|t:|1776619345\n|move|p1a: Mimikyu|Play Rough|p2a: Aggron\n|-resisted|p2a: Aggron|1\n|-damage|p2a: Aggron|11/100 brn\n|move|p2a: Aggron|Heavy Slam|p1a: Mimikyu\n|-supereffective|p1a: Mimikyu|1\n|-damage|p1a: Mimikyu|17/100\n|\n|-damage|p2a: Aggron|5/100 brn|[from] brn\n|upkeep\n|turn|10\n|\n|t:|1776619355\n|move|p1a: Mimikyu|Shadow Sneak|p2a: Aggron\n|-damage|p2a: Aggron|3/100 brn\n|move|p2a: Aggron|Heavy Slam|p1a: Mimikyu\n|-supereffective|p1a: Mimikyu|1\n|-damage|p1a: Mimikyu|0 fnt\n|faint|p1a: Mimikyu\n|\n|win|Mareastra\n|raw|auxrey's rating: 1100 &rarr; <strong>1081</strong><br />(-19 for losing)\n|raw|Mareastra's rating: 1184 &rarr; <strong>1203</strong><br />(+19 for winning)\n",
  "uploadtime": 1776619360,
  "views": 19,
  "formatid": "gen9championsvgc2026regma",
  "rating": 1081,
  "private": 0,
  "password": null
}