{
  "id": "gen9championsvgc2026regma-2583492405",
  "format": "[Gen 9 Champions] VGC 2026 Reg M-A",
  "players": [
    "iker gir",
    "chris466"
  ],
  "log": "|j|\u2606iker gir\n|j|\u2606chris466\n|t:|1776179098\n|gametype|doubles\n|player|p1|iker gir|hugh|1028\n|player|p2|chris466|red|1030\n|gen|9\n|tier|[Gen 9 Champions] VGC 2026 Reg M-A\n|rated|\n|rule|Species Clause: Limit one of each Pok\u00e9mon\n|rule|Item Clause: Limit 1 of each item\n|clearpoke\n|poke|p1|Aerodactyl, L50, F|\n|poke|p1|Aegislash, L50, M|\n|poke|p1|Floette-Eternal, L50, F|\n|poke|p1|Delphox, L50, F|\n|poke|p1|Incineroar, L50, F|\n|poke|p1|Whimsicott, L50, M|\n|poke|p2|Meowstic-F, L50, F|\n|poke|p2|Golurk, L50|\n|poke|p2|Ninetales-Alola, L50, F|\n|poke|p2|Incineroar, L50, F|\n|poke|p2|Archaludon, L50, F|\n|poke|p2|Primarina, L50, M|\n|teampreview|4\n|\n|t:|1776179146\n|teamsize|p1|4\n|teamsize|p2|4\n|start\n|switch|p1a: Delphox|Delphox, L50, F|100/100\n|switch|p1b: Whimsicott|Whimsicott, L50, M|100/100\n|switch|p2a: Incineroar|Incineroar, L50, F|100/100\n|switch|p2b: Primarina|Primarina, L50, M|100/100\n|-ability|p2a: Incineroar|Intimidate|boost\n|-unboost|p1a: Delphox|atk|1\n|-unboost|p1b: Whimsicott|atk|1\n|turn|1\n|\n|t:|1776179163\n|move|p1a: Delphox|Protect|p1a: Delphox\n|-singleturn|p1a: Delphox|Protect\n|move|p2a: Incineroar|Fake Out|p1b: Whimsicott\n|-damage|p1b: Whimsicott|81/100\n|cant|p1b: Whimsicott|flinch\n|move|p2b: Primarina|Calm Mind|p2b: Primarina\n|-boost|p2b: Primarina|spa|1\n|-boost|p2b: Primarina|spd|1\n|\n|upkeep\n|turn|2\n|\n|t:|1776179181\n|detailschange|p1a: Delphox|Delphox-Mega, L50, F\n|-mega|p1a: Delphox|Delphox|Delphoxite\n|move|p2b: Primarina|Protect|p2b: Primarina\n|-singleturn|p2b: Primarina|Protect\n|move|p1b: Whimsicott|Sunny Day|p1b: Whimsicott\n|-weather|SunnyDay\n|move|p1a: Delphox|Psychic|p2b: Primarina\n|-activate|p2b: Primarina|move: Protect\n|move|p2a: Incineroar|Flare Blitz|p1b: Whimsicott\n|-supereffective|p1b: Whimsicott|1\n|-damage|p1b: Whimsicott|0 fnt\n|faint|p1b: Whimsicott\n|-damage|p2a: Incineroar|76/100|[from] Recoil\n|\n|-weather|SunnyDay|[upkeep]\n|upkeep\n|\n|t:|1776179194\n|switch|p1b: Aerodactyl|Aerodactyl, L50, F|100/100\n|-ability|p1b: Aerodactyl|Unnerve\n|turn|3\n|\n|t:|1776179207\n|switch|p2a: Ninetales|Ninetales-Alola, L50, F|100/100\n|-weather|Snowscape|[from] ability: Snow Warning|[of] p2a: Ninetales\n|move|p1a: Delphox|Psychic|p2b: Primarina\n|-damage|p2b: Primarina|74/100\n|move|p1b: Aerodactyl|Rock Slide|p2b: Primarina|[spread] p2a,p2b\n|-supereffective|p2a: Ninetales|1\n|-damage|p2a: Ninetales|73/100\n|-damage|p2b: Primarina|53/100\n|move|p2b: Primarina|Hyper Voice|p1a: Delphox|[spread] p1a,p1b\n|-supereffective|p1a: Delphox|1\n|-supereffective|p1b: Aerodactyl|1\n|-crit|p1b: Aerodactyl\n|-damage|p1a: Delphox|31/100\n|-enditem|p1b: Aerodactyl|Focus Sash\n|-damage|p1b: Aerodactyl|1/100\n|\n|-weather|Snowscape|[upkeep]\n|-heal|p2b: Primarina|59/100|[from] item: Leftovers\n|upkeep\n|turn|4\n|\n|t:|1776179233\n|move|p2b: Primarina|Protect|p2b: Primarina\n|-singleturn|p2b: Primarina|Protect\n|move|p1a: Delphox|Heat Wave|p2a: Ninetales|[spread] \n|-activate|p2b: Primarina|move: Protect\n|-miss|p1a: Delphox|p2a: Ninetales\n|move|p1b: Aerodactyl|Dual Wingbeat|p2b: Primarina\n|-activate|p2b: Primarina|move: Protect\n|move|p2a: Ninetales|Aurora Veil|p2a: Ninetales\n|-sidestart|p2: chris466|move: Aurora Veil\n|\n|-weather|Snowscape|[upkeep]\n|-heal|p2b: Primarina|65/100|[from] item: Leftovers\n|upkeep\n|turn|5\n|\n|t:|1776179250\n|move|p1a: Delphox|Psychic|p2b: Primarina\n|-damage|p2b: Primarina|45/100\n|move|p1b: Aerodactyl|Dual Wingbeat|p2b: Primarina\n|-damage|p2b: Primarina|34/100\n|-damage|p2b: Primarina|23/100\n|-hitcount|p2b: Primarina|2\n|move|p2a: Ninetales|Icy Wind|p1b: Aerodactyl|[spread] p1a,p1b\n|-resisted|p1a: Delphox|1\n|-supereffective|p1b: Aerodactyl|1\n|-damage|p1a: Delphox|26/100\n|-damage|p1b: Aerodactyl|0 fnt\n|-unboost|p1a: Delphox|spe|1\n|faint|p1b: Aerodactyl\n|move|p2b: Primarina|Hyper Voice|p1a: Delphox\n|-supereffective|p1a: Delphox|1\n|-damage|p1a: Delphox|0 fnt\n|faint|p1a: Delphox\n|\n|-weather|Snowscape|[upkeep]\n|-heal|p2b: Primarina|29/100|[from] item: Leftovers\n|upkeep\n|-message|iker gir forfeited.\n|\n|win|chris466\n|raw|iker gir's rating: 1028 &rarr; <strong>1014</strong><br />(-14 for losing)\n|raw|chris466's rating: 1030 &rarr; <strong>1065</strong><br />(+35 for winning)\n|l|\u2606iker gir\n|player|p1|\n",
  "uploadtime": 1776179275,
  "views": 15,
  "formatid": "gen9championsvgc2026regma",
  "rating": 1014,
  "private": 0,
  "password": null
}