{
  "id": "gen9championsvgc2026regma-2581528011",
  "format": "[Gen 9 Champions] VGC 2026 Reg M-A",
  "players": [
    "Mounrey",
    "Donye East"
  ],
  "log": "|j|\u2606Mounrey\n|j|\u2606Donye East\n|t:|1776008406\n|gametype|doubles\n|player|p1|Mounrey|miku-ghost|1000\n|player|p2|Donye East|nemona-s|1019\n|gen|9\n|tier|[Gen 9 Champions] VGC 2026 Reg M-A\n|rated|\n|rule|Species Clause: Limit one of each Pok\u00e9mon\n|rule|Item Clause: Limit 1 of each item\n|clearpoke\n|poke|p1|Garchomp, L50, F|\n|poke|p1|Lucario, L50, F|\n|poke|p1|Sinistcha, L50|\n|poke|p1|Incineroar, L50, F|\n|poke|p1|Aerodactyl, L50, F|\n|poke|p1|Tyranitar, L50, M|\n|poke|p2|Greninja-*, L50, M|\n|poke|p2|Incineroar, L50, M|\n|poke|p2|Charizard, L50, F|\n|poke|p2|Whimsicott, L50, F|\n|poke|p2|Garchomp, L50, F|\n|poke|p2|Rotom-Wash, L50|\n|teampreview|4\n|inactive|Battle timer is ON: inactive players will automatically lose when time's up. (requested by Donye East)\n|inactive|Mounrey has 60 seconds left.\n|inactive|Donye East has 60 seconds left.\n|inactive|Mounrey has 30 seconds left.\n|inactive|Mounrey has 20 seconds left.\n|\n|t:|1776008481\n|teamsize|p1|4\n|teamsize|p2|4\n|start\n|switch|p1a: Garchomp|Garchomp, L50, F|100/100\n|switch|p1b: Lucario|Lucario, L50, F|100/100\n|switch|p2a: Whimsicott|Whimsicott, L50, F|100/100\n|switch|p2b: Rotom|Rotom-Wash, L50|100/100\n|turn|1\n|inactive|Mounrey has 30 seconds left.\n|inactive|Donye East has 30 seconds left.\n|inactive|Donye East has 20 seconds left.\n|inactive|Donye East has 15 seconds left.\n|\n|t:|1776008522\n|switch|p1a: Incineroar|Incineroar, L50, F|100/100\n|-ability|p1a: Incineroar|Intimidate|boost\n|-unboost|p2a: Whimsicott|atk|1\n|-unboost|p2b: Rotom|atk|1\n|detailschange|p1b: Lucario|Lucario-Mega, L50, F\n|-mega|p1b: Lucario|Lucario|Lucarionite\n|move|p1b: Lucario|Upper Hand||[still]\n|-fail|p1b: Lucario\n|move|p2b: Rotom|Hydro Pump|p1a: Incineroar\n|-supereffective|p1a: Incineroar|1\n|-damage|p1a: Incineroar|23/100\n|-enditem|p1a: Incineroar|Sitrus Berry|[eat]\n|-heal|p1a: Incineroar|48/100|[from] item: Sitrus Berry\n|move|p2a: Whimsicott|Moonblast|p1a: Incineroar\n|-damage|p1a: Incineroar|29/100\n|\n|upkeep\n|turn|2\n|\n|t:|1776008540\n|move|p1a: Incineroar|Fake Out|p2a: Whimsicott\n|-damage|p2a: Whimsicott|89/100\n|move|p1b: Lucario|Bullet Punch|p2a: Whimsicott\n|-supereffective|p2a: Whimsicott|1\n|-damage|p2a: Whimsicott|26/100\n|cant|p2a: Whimsicott|flinch\n|move|p2b: Rotom|Hydro Pump|p1a: Incineroar|[miss]\n|-miss|p2b: Rotom|p1a: Incineroar\n|\n|upkeep\n|turn|3\n|\n|t:|1776008555\n|switch|p1a: Tyranitar|Tyranitar, L50, M|100/100\n|-weather|Sandstorm|[from] ability: Sand Stream|[of] p1a: Tyranitar\n|move|p1b: Lucario|Bullet Punch|p2a: Whimsicott\n|-supereffective|p2a: Whimsicott|1\n|-damage|p2a: Whimsicott|0 fnt\n|faint|p2a: Whimsicott\n|move|p2b: Rotom|Hydro Pump|p1a: Tyranitar|[miss]\n|-miss|p2b: Rotom|p1a: Tyranitar\n|\n|-weather|Sandstorm|[upkeep]\n|-damage|p2b: Rotom|95/100|[from] Sandstorm\n|upkeep\n|\n|t:|1776008565\n|switch|p2a: Charizard|Charizard, L50, F, shiny|100/100\n|turn|4\n|\n|t:|1776008582\n|switch|p1b: Incineroar|Incineroar, L50, F|29/100\n|-ability|p1b: Incineroar|Intimidate|boost\n|-unboost|p2a: Charizard|atk|1\n|-unboost|p2b: Rotom|atk|1\n|detailschange|p2a: Charizard|Charizard-Mega-Y, L50, F, shiny\n|-mega|p2a: Charizard|Charizard|Charizardite Y\n|-weather|SunnyDay|[from] ability: Drought|[of] p2a: Charizard\n|move|p2b: Rotom|Hydro Pump|p1a: Tyranitar\n|-supereffective|p1a: Tyranitar|1\n|-crit|p1a: Tyranitar\n|-damage|p1a: Tyranitar|53/100\n|move|p2a: Charizard|Heat Wave|p1b: Incineroar|[spread] p1a,p1b\n|-resisted|p1a: Tyranitar|1\n|-resisted|p1b: Incineroar|1\n|-damage|p1a: Tyranitar|30/100\n|-damage|p1b: Incineroar|4/100\n|move|p1a: Tyranitar|Rock Slide|p2a: Charizard|[spread] p2a,p2b\n|-supereffective|p2a: Charizard|2\n|-damage|p2a: Charizard|0 fnt\n|-damage|p2b: Rotom|59/100\n|faint|p2a: Charizard\n|\n|-weather|SunnyDay|[upkeep]\n|upkeep\n|\n|t:|1776008596\n|switch|p2a: Garchomp|Garchomp, L50, F|100/100\n|turn|5\n|inactive|Mounrey has 30 seconds left.\n|\n|t:|1776008627\n|switch|p1a: Garchomp|Garchomp, L50, F|100/100\n|move|p1b: Incineroar|Fake Out|p2a: Garchomp\n|-damage|p2a: Garchomp|91/100\n|-damage|p1b: Incineroar|0 fnt|[from] ability: Rough Skin|[of] p2a: Garchomp\n|faint|p1b: Incineroar\n|move|p2b: Rotom|Hydro Pump|p1a: Garchomp|[miss]\n|-miss|p2b: Rotom|p1a: Garchomp\n|cant|p2a: Garchomp|flinch\n|\n|-weather|SunnyDay|[upkeep]\n|upkeep\n|\n|t:|1776008637\n|switch|p1b: Tyranitar|Tyranitar, L50, M|30/100\n|-weather|Sandstorm|[from] ability: Sand Stream|[of] p1b: Tyranitar\n|turn|6\n|inactive|Mounrey has 30 seconds left.\n|\n|t:|1776008664\n|move|p2b: Rotom|Hydro Pump|p1a: Garchomp|[miss]\n|-miss|p2b: Rotom|p1a: Garchomp\n|move|p1a: Garchomp|Dragon Claw|p2a: Garchomp\n|-supereffective|p2a: Garchomp|1\n|-damage|p2a: Garchomp|2/100\n|-damage|p1a: Garchomp|88/100|[from] ability: Rough Skin|[of] p2a: Garchomp\n|move|p2a: Garchomp|Earthquake|p1b: Tyranitar|[spread] p1b\n|-immune|p2b: Rotom|[from] ability: Levitate\n|-miss|p2a: Garchomp|p1a: Garchomp\n|-supereffective|p1b: Tyranitar|1\n|-damage|p1b: Tyranitar|0 fnt\n|faint|p1b: Tyranitar\n|\n|-weather|Sandstorm|[upkeep]\n|-damage|p2b: Rotom|53/100|[from] Sandstorm\n|upkeep\n|-message|Donye East forfeited.\n|\n|win|Mounrey\n|raw|Mounrey's rating: 1000 &rarr; <strong>1042</strong><br />(+42 for winning)\n|raw|Donye East's rating: 1019 &rarr; <strong>1005</strong><br />(-14 for losing)\n|l|\u2606Donye East\n|player|p2|\n",
  "uploadtime": 1776008684,
  "views": 13,
  "formatid": "gen9championsvgc2026regma",
  "rating": 1005,
  "private": 0,
  "password": null
}