{
  "id": "gen9championsvgc2026regma-2583228240",
  "format": "[Gen 9 Champions] VGC 2026 Reg M-A",
  "players": [
    "Tony V",
    "PowerDickJones"
  ],
  "log": "|j|\u2606Tony V\n|j|\u2606PowerDickJones\n|t:|1776157087\n|gametype|doubles\n|player|p1|Tony V|2|1012\n|player|p2|PowerDickJones|burglar|1040\n|gen|9\n|tier|[Gen 9 Champions] VGC 2026 Reg M-A\n|rated|\n|rule|Species Clause: Limit one of each Pok\u00e9mon\n|rule|Item Clause: Limit 1 of each item\n|clearpoke\n|poke|p1|Tyranitar, L50, F|\n|poke|p1|Excadrill, L50, M|\n|poke|p1|Incineroar, L50, M|\n|poke|p1|Basculegion, L50, M|\n|poke|p1|Sinistcha, L50|\n|poke|p1|Hatterene, L50, F|\n|poke|p2|Meowstic, L50, M|\n|poke|p2|Alakazam, L50, F|\n|poke|p2|Hawlucha, L50, F|\n|poke|p2|Maushold, L50|\n|poke|p2|Armarouge, L50, F|\n|poke|p2|Dragapult, L50, F|\n|teampreview|4\nPowerDickJones has agreed to open team sheets.\n|c|\u2606PowerDickJones|glhf\n|inactive|Battle timer is ON: inactive players will automatically lose when time's up. (requested by PowerDickJones)\n|inactiveoff|Battle timer is now OFF.\n|\n|t:|1776157153\n|teamsize|p1|4\n|teamsize|p2|4\n|start\n|switch|p1a: Tyranitar|Tyranitar, L50, F|100/100\n|switch|p1b: Incineroar|Incineroar, L50, M|100/100\n|switch|p2a: Meowstic|Meowstic, L50, M, shiny|100/100\n|switch|p2b: Maushold|Maushold, L50|100/100\n|-weather|Sandstorm|[from] ability: Sand Stream|[of] p1a: Tyranitar\n|-ability|p1b: Incineroar|Intimidate|boost\n|-unboost|p2a: Meowstic|atk|1\n|-unboost|p2b: Maushold|atk|1\n|turn|1\n|\n|t:|1776157185\n|move|p1a: Tyranitar|Protect|p1a: Tyranitar\n|-singleturn|p1a: Tyranitar|Protect\n|move|p2a: Meowstic|Fake Out|p1a: Tyranitar\n|-activate|p1a: Tyranitar|move: Protect\n|move|p1b: Incineroar|Fake Out|p2a: Meowstic\n|-damage|p2a: Meowstic|93/100\n|move|p2b: Maushold|Substitute|p2b: Maushold\n|-start|p2b: Maushold|Substitute\n|-damage|p2b: Maushold|76/100\n|\n|-weather|Sandstorm|[upkeep]\n|-damage|p2b: Maushold|70/100|[from] Sandstorm\n|-damage|p2a: Meowstic|87/100|[from] Sandstorm\n|-damage|p1b: Incineroar|95/100|[from] Sandstorm\n|upkeep\n|turn|2\n|\n|t:|1776157222\n|switch|p1b: Basculegion|Basculegion, L50, M|100/100\n|detailschange|p1a: Tyranitar|Tyranitar-Mega, L50, F\n|-mega|p1a: Tyranitar|Tyranitar|Tyranitarite\n|move|p2a: Meowstic|Psychic Terrain|p2a: Meowstic\n|-fieldstart|move: Psychic Terrain\n|move|p2b: Maushold|Tidy Up|p2b: Maushold\n|-end|p2b: Maushold|Substitute\n|-activate|p2b: Maushold|move: Tidy Up\n|-boost|p2b: Maushold|atk|1\n|-boost|p2b: Maushold|spe|1\n|move|p1a: Tyranitar|Dragon Dance|p1a: Tyranitar\n|-boost|p1a: Tyranitar|atk|1\n|-boost|p1a: Tyranitar|spe|1\n|\n|-weather|Sandstorm|[upkeep]\n|-damage|p2b: Maushold|63/100|[from] Sandstorm\n|-damage|p1b: Basculegion|94/100|[from] Sandstorm\n|-damage|p2a: Meowstic|81/100|[from] Sandstorm\n|upkeep\n|turn|3\n|\n|t:|1776157270\n|move|p1b: Basculegion|Aqua Jet|p2b: Maushold\n|-activate|p2b: Maushold|move: Psychic Terrain\n|move|p2a: Meowstic|Thunder Wave|p1b: Basculegion\n|-activate|p1b: Basculegion|move: Psychic Terrain\n|move|p2b: Maushold|Baton Pass|p2b: Maushold\n|\n|t:|1776157278\n|switch|p2b: Hawlucha|Hawlucha, L50, F, shiny|100/100|[from] Baton Pass\n|move|p1a: Tyranitar|Knock Off|p2a: Meowstic\n|-supereffective|p2a: Meowstic|1\n|-damage|p2a: Meowstic|0 fnt\n|-enditem|p2a: Meowstic|Focus Sash|[from] move: Knock Off|[of] p1a: Tyranitar\n|faint|p2a: Meowstic\n|\n|-weather|Sandstorm|[upkeep]\n|-damage|p2b: Hawlucha|95/100|[from] Sandstorm\n|-damage|p1b: Basculegion|88/100|[from] Sandstorm\n|upkeep\n|\n|t:|1776157289\n|switch|p2a: Alakazam|Alakazam, L50, F, shiny|100/100\n|turn|4\n|c|\u2606PowerDickJones|lol\n|\n|t:|1776157316\n|switch|p1b: Excadrill|Excadrill, L50, M|100/100\n|detailschange|p2a: Alakazam|Alakazam-Mega, L50, F, shiny\n|-mega|p2a: Alakazam|Alakazam|Alakazite\n|-ability|p2a: Alakazam|Sand Rush|Trace|[from] ability: Trace|[of] p1b: Excadrill\n|move|p1a: Tyranitar|Protect|p1a: Tyranitar\n|-singleturn|p1a: Tyranitar|Protect\n|move|p2a: Alakazam|Expanding Force|p1a: Tyranitar|[spread] p1b\n|-activate|p1a: Tyranitar|move: Protect\n|-resisted|p1b: Excadrill|1\n|-damage|p1b: Excadrill|50/100\n|move|p2b: Hawlucha|Close Combat|p1a: Tyranitar\n|-activate|p1a: Tyranitar|move: Protect\n|\n|-weather|Sandstorm|[upkeep]\n|-damage|p2b: Hawlucha|89/100|[from] Sandstorm\n|upkeep\n|turn|5\n|\n|t:|1776157347\n|switch|p1a: Basculegion|Basculegion, L50, M|88/100\n|move|p2a: Alakazam|Expanding Force|p1b: Excadrill|[spread] p1a,p1b\n|-resisted|p1b: Excadrill|1\n|-damage|p1a: Basculegion|3/100\n|-damage|p1b: Excadrill|0 fnt\n|faint|p1b: Excadrill\n|move|p2b: Hawlucha|Encore||[still]\n|-fail|p2b: Hawlucha\n|\n|-weather|none\n|upkeep\n|\n|t:|1776157357\n|switch|p1b: Incineroar|Incineroar, L50, M|95/100\n|-ability|p1b: Incineroar|Intimidate|boost\n|-unboost|p2a: Alakazam|atk|1\n|-unboost|p2b: Hawlucha|atk|1\n|-enditem|p2b: Hawlucha|White Herb\n|-clearnegativeboost|p2b: Hawlucha|[silent]\n|turn|6\n|\n|t:|1776157383\n|move|p2b: Hawlucha|Close Combat|p1b: Incineroar\n|-supereffective|p1b: Incineroar|1\n|-damage|p1b: Incineroar|0 fnt\n|-unboost|p2b: Hawlucha|def|1\n|-unboost|p2b: Hawlucha|spd|1\n|faint|p1b: Incineroar\n|move|p2a: Alakazam|Dazzling Gleam|p1a: Basculegion\n|-damage|p1a: Basculegion|0 fnt\n|faint|p1a: Basculegion\n|\n|-fieldend|move: Psychic Terrain\n|upkeep\n|-message|Tony V forfeited.\n|\n|win|PowerDickJones\n|raw|Tony V's rating: 1012 &rarr; <strong>1001</strong><br />(-11 for losing)\n|raw|PowerDickJones's rating: 1040 &rarr; <strong>1071</strong><br />(+31 for winning)\n|l|\u2606Tony V\n|player|p1|\n|c|\u2606PowerDickJones|gg\n",
  "uploadtime": 1776157399,
  "views": 14,
  "formatid": "gen9championsvgc2026regma",
  "rating": 1001,
  "private": 0,
  "password": null
}