{
  "id": "gen9championsvgc2026regma-2582255907",
  "format": "[Gen 9 Champions] VGC 2026 Reg M-A",
  "players": [
    "kocur-kola",
    "TeamJnS"
  ],
  "log": "|j|\u2606kocur-kola\n|j|\u2606TeamJnS\n|t:|1776076747\n|gametype|doubles\n|player|p1|kocur-kola|juan|1048\n|player|p2|TeamJnS|pokemonranger|1000\n|gen|9\n|tier|[Gen 9 Champions] VGC 2026 Reg M-A\n|rated|\n|rule|Species Clause: Limit one of each Pok\u00e9mon\n|rule|Item Clause: Limit 1 of each item\n|clearpoke\n|poke|p1|Blastoise, L50, F|\n|poke|p1|Sableye, L50, F|\n|poke|p1|Sinistcha-Masterpiece, L50|\n|poke|p1|Pelipper, L50, F|\n|poke|p1|Rotom-Heat, L50|\n|poke|p1|Tinkaton, L50, F|\n|poke|p2|Floette-Eternal, L50, F|\n|poke|p2|Medicham, L50, F|\n|poke|p2|Whimsicott, L50, F|\n|poke|p2|Incineroar, L50, F|\n|poke|p2|Milotic, L50, F|\n|poke|p2|Zoroark-Hisui, L50, F|\n|teampreview|4\n|inactive|Battle timer is ON: inactive players will automatically lose when time's up. (requested by TeamJnS)\n|inactive|kocur-kola has 60 seconds left.\n|inactive|TeamJnS has 60 seconds left.\n|\n|t:|1776076793\n|teamsize|p1|4\n|teamsize|p2|4\n|start\n|switch|p1a: Blastoise|Blastoise, L50, F|100/100\n|switch|p1b: Sableye|Sableye, L50, F|100/100\n|switch|p2a: Medicham|Medicham, L50, F, shiny|100/100\n|switch|p2b: Whimsicott|Whimsicott, L50, F|100/100\n|turn|1\n|inactive|TeamJnS has 30 seconds left.\n|\n|t:|1776076818\n|detailschange|p2a: Medicham|Medicham-Mega, L50, F, shiny\n|-mega|p2a: Medicham|Medicham|Medichamite\n|detailschange|p1a: Blastoise|Blastoise-Mega, L50, F\n|-mega|p1a: Blastoise|Blastoise|Blastoisinite\n|move|p1b: Sableye|Fake Out|p2b: Whimsicott\n|-immune|p2b: Whimsicott\n|move|p2b: Whimsicott|Trick|p1b: Sableye\n|-activate|p2b: Whimsicott|move: Trick|[of] p1b: Sableye\n|-item|p1b: Sableye|Choice Scarf|[from] move: Trick\n|-item|p2b: Whimsicott|Roseli Berry|[from] move: Trick\n|move|p2a: Medicham|Close Combat|p1a: Blastoise\n|-damage|p1a: Blastoise|0 fnt\n|-unboost|p2a: Medicham|def|1\n|-unboost|p2a: Medicham|spd|1\n|faint|p1a: Blastoise\n|\n|upkeep\n|\n|t:|1776076836\n|switch|p1a: Tinkaton|Tinkaton, L50, F|100/100\n|turn|2\n|\n|t:|1776076861\n|switch|p2a: Whimsicott|Whimsicott, L50, F|100/100\n|move|p2b: Whimsicott|Icy Wind|p1b: Sableye|[spread] p1a,p1b\n|-resisted|p1a: Tinkaton|1\n|-damage|p1a: Tinkaton|94/100\n|-damage|p1b: Sableye|82/100\n|-unboost|p1a: Tinkaton|spe|1\n|-unboost|p1b: Sableye|spe|1\n|move|p1a: Tinkaton|Play Rough|p2a: Whimsicott\n|-damage|p2a: Whimsicott|44/100\n|-unboost|p2a: Whimsicott|atk|1\n|move|p1b: Sableye|Knock Off|p2b: Whimsicott\n|-supereffective|p2b: Whimsicott|1\n|-damage|p2b: Whimsicott|0 fnt\n|replace|p2b: Zoroark|Zoroark-Hisui, L50, F\n|-end|p2b: Zoroark|Illusion\n|-enditem|p2b: Zoroark|Roseli Berry|[from] move: Knock Off|[of] p1b: Sableye\n|faint|p2b: Zoroark\n|\n|upkeep\n|\n|t:|1776076877\n|switch|p2b: Medicham|Medicham-Mega, L50, F, shiny|100/100\n|turn|3\n|\n|t:|1776076897\n|switch|p1b: Sinistcha|Sinistcha-Masterpiece, L50|100/100\n|-heal|p1a: Tinkaton|100/100|[from] ability: Hospitality|[of] p1b: Sinistcha\n|move|p2a: Whimsicott|Tailwind|p2a: Whimsicott\n|-sidestart|p2: TeamJnS|move: Tailwind\n|move|p2b: Medicham|Close Combat|p1a: Tinkaton\n|-damage|p1a: Tinkaton|0 fnt\n|-unboost|p2b: Medicham|def|1\n|-unboost|p2b: Medicham|spd|1\n|faint|p1a: Tinkaton\n|\n|upkeep\n|\n|t:|1776076909\n|switch|p1a: Sableye|Sableye, L50, F|82/100\n|turn|4\n|\n|t:|1776076921\n|move|p2a: Whimsicott|Moonblast|p1a: Sableye\n|-supereffective|p1a: Sableye|1\n|-damage|p1a: Sableye|0 fnt\n|faint|p1a: Sableye\n|move|p2b: Medicham|Poison Jab|p1b: Sinistcha\n|-damage|p1b: Sinistcha|47/100\n|-status|p1b: Sinistcha|psn\n|move|p1b: Sinistcha|Trick Room|p1b: Sinistcha\n|-fieldstart|move: Trick Room|[of] p1b: Sinistcha\n|\n|-damage|p1b: Sinistcha|35/100 psn|[from] psn\n|upkeep\n|turn|5\n|-message|kocur-kola forfeited.\n|\n|win|TeamJnS\n|raw|kocur-kola's rating: 1048 &rarr; <strong>1028</strong><br />(-20 for losing)\n|raw|TeamJnS's rating: 1000 &rarr; <strong>1045</strong><br />(+45 for winning)\n|l|\u2606kocur-kola\n|player|p1|\n",
  "uploadtime": 1776076938,
  "views": 9,
  "formatid": "gen9championsvgc2026regma",
  "rating": 1028,
  "private": 0,
  "password": null
}