{
  "id": "gen9championsvgc2026regma-2587582312",
  "format": "[Gen 9 Champions] VGC 2026 Reg M-A",
  "players": [
    "switchpro10",
    "justluke7750"
  ],
  "log": "|j|\u2606switchpro10\n|j|\u2606justluke7750\n|t:|1776544242\n|gametype|doubles\n|player|p1|switchpro10|cynthia|1130\n|player|p2|justluke7750|169|1070\n|gen|9\n|tier|[Gen 9 Champions] VGC 2026 Reg M-A\n|rated|\n|rule|Species Clause: Limit one of each Pok\u00e9mon\n|rule|Item Clause: Limit 1 of each item\n|clearpoke\n|poke|p1|Sneasler, L50, F|\n|poke|p1|Incineroar, L50, F|\n|poke|p1|Whimsicott, L50, M|\n|poke|p1|Charizard, L50, F|\n|poke|p1|Venusaur, L50, F|\n|poke|p1|Gengar, L50, F|\n|poke|p2|Charizard, L50, M|\n|poke|p2|Whimsicott, L50, F|\n|poke|p2|Farigiraf, L50, F|\n|poke|p2|Sneasler, L50, M|\n|poke|p2|Garchomp, L50, F|\n|poke|p2|Kingambit, L50, F|\n|teampreview|4\n|inactive|Battle timer is ON: inactive players will automatically lose when time's up. (requested by switchpro10)\n|\n|t:|1776544268\n|teamsize|p1|4\n|teamsize|p2|4\n|start\n|switch|p1a: Whimsicott|Whimsicott, L50, M|100/100\n|switch|p1b: Gengar|Gengar, L50, F|100/100\n|switch|p2a: Charizard|Charizard, L50, M|100/100\n|switch|p2b: Whimsicott|Whimsicott, L50, F|100/100\n|turn|1\n|inactive|justluke7750 has 30 seconds left.\n|inactive|justluke7750 has 20 seconds left.\n|\n|t:|1776544307\n|detailschange|p1b: Gengar|Gengar-Mega, L50, F\n|-mega|p1b: Gengar|Gengar|Gengarite\n|detailschange|p2a: Charizard|Charizard-Mega-Y, L50, M\n|-mega|p2a: Charizard|Charizard|Charizardite Y\n|-weather|SunnyDay|[from] ability: Drought|[of] p2a: Charizard\n|move|p2b: Whimsicott|Tailwind|p2b: Whimsicott\n|-sidestart|p2: justluke7750|move: Tailwind\n|move|p1a: Whimsicott|Taunt|p2b: Whimsicott\n|-start|p2b: Whimsicott|move: Taunt\n|move|p2a: Charizard|Heat Wave|p1a: Whimsicott|[spread] p1a,p1b\n|-supereffective|p1a: Whimsicott|1\n|-damage|p1a: Whimsicott|0 fnt\n|-damage|p1b: Gengar|14/100\n|faint|p1a: Whimsicott\n|move|p1b: Gengar|Sludge Bomb|p2a: Charizard\n|-damage|p2a: Charizard|40/100\n|-status|p2a: Charizard|psn\n|\n|-weather|SunnyDay|[upkeep]\n|-damage|p2a: Charizard|28/100 psn|[from] psn\n|upkeep\n|\n|t:|1776544324\n|switch|p1a: Sneasler|Sneasler, L50, F|100/100\n|turn|2\n|\n|t:|1776544337\n|move|p1a: Sneasler|Fake Out|p2a: Charizard\n|-damage|p2a: Charizard|7/100 psn\n|cant|p2a: Charizard|flinch\n|move|p2b: Whimsicott|Moonblast|p1a: Sneasler\n|-damage|p1a: Sneasler|68/100\n|move|p1b: Gengar|Sludge Bomb|p2b: Whimsicott\n|-supereffective|p2b: Whimsicott|2\n|-enditem|p2b: Whimsicott|Focus Sash\n|-damage|p2b: Whimsicott|1/100\n|-status|p2b: Whimsicott|psn\n|\n|-weather|SunnyDay|[upkeep]\n|-damage|p2a: Charizard|0 fnt|[from] psn\n|faint|p2a: Charizard\n|-damage|p2b: Whimsicott|0 fnt|[from] psn\n|faint|p2b: Whimsicott\n|upkeep\n|\n|t:|1776544359\n|switch|p2a: Garchomp|Garchomp, L50, F|100/100\n|switch|p2b: Sneasler|Sneasler, L50, M|100/100\n|turn|3\n|\n|t:|1776544379\n|switch|p1a: Venusaur|Venusaur, L50, F|100/100\n|move|p1b: Gengar|Protect|p1b: Gengar\n|-singleturn|p1b: Gengar|Protect\n|move|p2b: Sneasler|Fake Out|p1a: Venusaur\n|-damage|p1a: Venusaur|83/100\n|move|p2a: Garchomp|Rock Slide|p1a: Venusaur|[spread] p1a\n|-activate|p1b: Gengar|move: Protect\n|-damage|p1a: Venusaur|57/100\n|\n|-weather|SunnyDay|[upkeep]\n|upkeep\n|turn|4\n|\n|t:|1776544403\n|move|p2a: Garchomp|Rock Slide|p1a: Venusaur|[spread] p1a,p1b\n|-damage|p1a: Venusaur|34/100\n|-damage|p1b: Gengar|0 fnt\n|-enditem|p1a: Venusaur|Sitrus Berry|[eat]\n|-heal|p1a: Venusaur|58/100|[from] item: Sitrus Berry\n|faint|p1b: Gengar\n|move|p2b: Sneasler|Close Combat|p1a: Venusaur\n|-resisted|p1a: Venusaur|1\n|-damage|p1a: Venusaur|17/100\n|-unboost|p2b: Sneasler|def|1\n|-unboost|p2b: Sneasler|spd|1\n|-enditem|p2b: Sneasler|White Herb\n|-clearnegativeboost|p2b: Sneasler|[silent]\n|cant|p1a: Venusaur|flinch\n|\n|-weather|SunnyDay|[upkeep]\n|-sideend|p2: justluke7750|move: Tailwind\n|upkeep\n|\n|t:|1776544417\n|switch|p1b: Sneasler|Sneasler, L50, F|68/100\n|turn|5\n|\n|t:|1776544432\n|move|p1b: Sneasler|Fake Out|p2a: Garchomp\n|-damage|p2a: Garchomp|84/100\n|move|p2b: Sneasler|Close Combat|p1b: Sneasler\n|-resisted|p1b: Sneasler|1\n|-crit|p1b: Sneasler\n|-damage|p1b: Sneasler|0 fnt\n|-unboost|p2b: Sneasler|def|1\n|-unboost|p2b: Sneasler|spd|1\n|faint|p1b: Sneasler\n|cant|p2a: Garchomp|flinch\n|move|p1a: Venusaur|Weather Ball|p2b: Sneasler\n|-damage|p2b: Sneasler|0 fnt\n|faint|p2b: Sneasler\n|\n|-weather|none\n|upkeep\n|turn|6\n|\n|t:|1776544452\n|move|p2a: Garchomp|Rock Slide|p1a: Venusaur\n|-damage|p1a: Venusaur|0 fnt\n|faint|p1a: Venusaur\n|\n|win|justluke7750\n|raw|switchpro10's rating: 1130 &rarr; <strong>1101</strong><br />(-29 for losing)\n|raw|justluke7750's rating: 1070 &rarr; <strong>1105</strong><br />(+35 for winning)\n|l|\u2606switchpro10\n|player|p1|\n",
  "uploadtime": 1776544591,
  "views": 18,
  "formatid": "gen9championsvgc2026regma",
  "rating": 1101,
  "private": 0,
  "password": null
}