{
  "id": "gen9championsvgc2026regma-2583946886",
  "format": "[Gen 9 Champions] VGC 2026 Reg M-A",
  "players": [
    "sentimental void",
    "danuwu"
  ],
  "log": "|j|\u2606sentimental void\n|j|\u2606danuwu\n|t:|1776210752\n|gametype|doubles\n|player|p1|sentimental void|hilbert|1205\n|player|p2|danuwu|liko|1206\n|gen|9\n|tier|[Gen 9 Champions] VGC 2026 Reg M-A\n|rated|\n|rule|Species Clause: Limit one of each Pok\u00e9mon\n|rule|Item Clause: Limit 1 of each item\n|clearpoke\n|poke|p1|Garchomp, L50, M|\n|poke|p1|Gyarados, L50, M|\n|poke|p1|Volcarona, L50, F|\n|poke|p1|Froslass, L50, F|\n|poke|p1|Whimsicott, L50, F|\n|poke|p1|Hydreigon, L50, M|\n|poke|p2|Araquanid, L50, M|\n|poke|p2|Sinistcha, L50|\n|poke|p2|Pelipper, L50, F|\n|poke|p2|Incineroar, L50, M|\n|poke|p2|Farigiraf, L50, M|\n|poke|p2|Drampa, L50, F|\n|teampreview|4\n|inactive|Battle timer is ON: inactive players will automatically lose when time's up. (requested by danuwu)\n|inactive|sentimental void has 60 seconds left.\n|inactive|danuwu has 60 seconds left.\n|\n|t:|1776210789\n|teamsize|p1|4\n|teamsize|p2|4\n|start\n|switch|p1a: Hydreigon|Hydreigon, L50, M|100/100\n|switch|p1b: Whimsicott|Whimsicott, L50, F|100/100\n|switch|p2a: Araquanid|Araquanid, L50, M|100/100\n|switch|p2b: Pelipper|Pelipper, L50, F|100/100\n|-weather|RainDance|[from] ability: Drizzle|[of] p2b: Pelipper\n|turn|1\n|\n|t:|1776210807\n|move|p1a: Hydreigon|Protect|p1a: Hydreigon\n|-singleturn|p1a: Hydreigon|Protect\n|move|p2b: Pelipper|Wide Guard|p2b: Pelipper\n|-singleturn|p2b: Pelipper|Wide Guard\n|move|p1b: Whimsicott|Tailwind|p1b: Whimsicott\n|-sidestart|p1: sentimental void|move: Tailwind\n|move|p2a: Araquanid|Liquidation|p1a: Hydreigon\n|-activate|p1a: Hydreigon|move: Protect\n|\n|-weather|RainDance|[upkeep]\n|upkeep\n|turn|2\n|inactive|danuwu has 30 seconds left.\n|\n|t:|1776210846\n|switch|p1b: Froslass|Froslass, L50, F, shiny|100/100\n|switch|p2b: Incineroar|Incineroar, L50, M|100/100\n|-ability|p2b: Incineroar|Intimidate|boost\n|-unboost|p1a: Hydreigon|atk|1\n|-unboost|p1b: Froslass|atk|1\n|move|p1a: Hydreigon|Nasty Plot|p1a: Hydreigon\n|-boost|p1a: Hydreigon|spa|2\n|move|p2a: Araquanid|Liquidation|p1b: Froslass\n|-damage|p1b: Froslass|0 fnt\n|faint|p1b: Froslass\n|\n|-weather|RainDance|[upkeep]\n|upkeep\n|\n|t:|1776210858\n|switch|p1b: Gyarados|Gyarados, L50, M|100/100\n|-ability|p1b: Gyarados|Intimidate|boost\n|-unboost|p2a: Araquanid|atk|1\n|-unboost|p2b: Incineroar|atk|1\n|turn|3\n|\n|t:|1776210868\n|move|p1a: Hydreigon|Protect|p1a: Hydreigon\n|-singleturn|p1a: Hydreigon|Protect\n|move|p2b: Incineroar|Fake Out|p1a: Hydreigon\n|-activate|p1a: Hydreigon|move: Protect\n|move|p1b: Gyarados|Dragon Dance|p1b: Gyarados\n|-boost|p1b: Gyarados|atk|1\n|-boost|p1b: Gyarados|spe|1\n|move|p2a: Araquanid|Liquidation|p1a: Hydreigon\n|-activate|p1a: Hydreigon|move: Protect\n|\n|-weather|RainDance|[upkeep]\n|upkeep\n|turn|4\n|\n|t:|1776210884\n|switch|p2b: Pelipper|Pelipper, L50, F|100/100\n|move|p1b: Gyarados|Earthquake|p2a: Araquanid|[spread] p2a\n|-immune|p1a: Hydreigon|[from] ability: Levitate\n|-immune|p2b: Pelipper\n|-resisted|p2a: Araquanid|1\n|-damage|p2a: Araquanid|79/100\n|move|p1a: Hydreigon|Draco Meteor|p2a: Araquanid\n|-damage|p2a: Araquanid|0 fnt\n|-unboost|p1a: Hydreigon|spa|2\n|faint|p2a: Araquanid\n|\n|-weather|RainDance|[upkeep]\n|-sideend|p1: sentimental void|move: Tailwind\n|upkeep\n|\n|t:|1776210896\n|switch|p2a: Farigiraf|Farigiraf, L50, M|100/100\n|turn|5\n|\n|t:|1776210905\n|move|p2a: Farigiraf|Protect|p2a: Farigiraf\n|-singleturn|p2a: Farigiraf|Protect\n|move|p1b: Gyarados|Waterfall|p2a: Farigiraf\n|-activate|p2a: Farigiraf|move: Protect\n|move|p1a: Hydreigon|Nasty Plot|p1a: Hydreigon\n|-boost|p1a: Hydreigon|spa|2\n|move|p2b: Pelipper|Hurricane|p1b: Gyarados\n|-damage|p1b: Gyarados|51/100\n|\n|-weather|none\n|upkeep\n|turn|6\n|\n|t:|1776210922\n|switch|p2a: Incineroar|Incineroar, L50, M|100/100\n|-ability|p2a: Incineroar|Intimidate|boost\n|-unboost|p1a: Hydreigon|atk|1\n|-unboost|p1b: Gyarados|atk|1\n|move|p1b: Gyarados|Waterfall|p2a: Incineroar\n|-supereffective|p2a: Incineroar|1\n|-damage|p2a: Incineroar|33/100\n|move|p1a: Hydreigon|Snarl|p2a: Incineroar|[spread] p2a,p2b\n|-resisted|p2a: Incineroar|1\n|-damage|p2a: Incineroar|9/100\n|-damage|p2b: Pelipper|13/100\n|-unboost|p2a: Incineroar|spa|1\n|-unboost|p2b: Pelipper|spa|1\n|move|p2b: Pelipper|U-turn|p1a: Hydreigon\n|-supereffective|p1a: Hydreigon|1\n|-damage|p1a: Hydreigon|81/100\n|\n|t:|1776210935\n|switch|p2b: Farigiraf|Farigiraf, L50, M|100/100|[from] U-turn\n|\n|upkeep\n|turn|7\n|\n|t:|1776210942\n|move|p2a: Incineroar|Fake Out|p1a: Hydreigon\n|-damage|p1a: Hydreigon|67/100\n|-heal|p2a: Incineroar|10/100|[from] item: Shell Bell|[of] p1a: Hydreigon\n|move|p1b: Gyarados|Earthquake|p2a: Incineroar|[spread] p2a,p2b\n|-immune|p1a: Hydreigon|[from] ability: Levitate\n|-supereffective|p2a: Incineroar|1\n|-damage|p2a: Incineroar|0 fnt\n|-damage|p2b: Farigiraf|78/100\n|faint|p2a: Incineroar\n|cant|p1a: Hydreigon|flinch\n|move|p2b: Farigiraf|Trick Room|p2b: Farigiraf\n|-fieldstart|move: Trick Room|[of] p2b: Farigiraf\n|\n|-heal|p2b: Farigiraf|84/100|[from] item: Leftovers\n|upkeep\n|\n|t:|1776210949\n|switch|p2a: Pelipper|Pelipper, L50, F|13/100\n|-weather|RainDance|[from] ability: Drizzle|[of] p2a: Pelipper\n|turn|8\n|\n|t:|1776210958\n|move|p1a: Hydreigon|Protect|p1a: Hydreigon\n|-singleturn|p1a: Hydreigon|Protect\n|move|p1b: Gyarados|Protect|p1b: Gyarados\n|-singleturn|p1b: Gyarados|Protect\n|move|p2b: Farigiraf|Hyper Voice|p1b: Gyarados|[spread] \n|-activate|p1a: Hydreigon|move: Protect\n|-activate|p1b: Gyarados|move: Protect\n|move|p2a: Pelipper|Muddy Water|p1b: Gyarados|[spread] \n|-activate|p1a: Hydreigon|move: Protect\n|-activate|p1b: Gyarados|move: Protect\n|\n|-weather|RainDance|[upkeep]\n|-heal|p2b: Farigiraf|90/100|[from] item: Leftovers\n|upkeep\n|turn|9\n|\n|t:|1776210971\n|move|p2b: Farigiraf|Hyper Voice|p1a: Hydreigon|[spread] p1a,p1b\n|-damage|p1a: Hydreigon|36/100\n|-damage|p1b: Gyarados|23/100\n|-enditem|p1b: Gyarados|Sitrus Berry|[eat]\n|-heal|p1b: Gyarados|48/100|[from] item: Sitrus Berry\n|move|p2a: Pelipper|Muddy Water|p1b: Gyarados|[spread] p1a,p1b\n|-resisted|p1a: Hydreigon|1\n|-resisted|p1b: Gyarados|1\n|-damage|p1a: Hydreigon|8/100\n|-damage|p1b: Gyarados|22/100\n|-unboost|p1b: Gyarados|accuracy|1\n|move|p1a: Hydreigon|Snarl|p2a: Pelipper|[spread] p2a,p2b\n|-supereffective|p2b: Farigiraf|1\n|-damage|p2a: Pelipper|0 fnt\n|-damage|p2b: Farigiraf|0 fnt\n|faint|p2a: Pelipper\n|faint|p2b: Farigiraf\n|\n|win|sentimental void\n|raw|sentimental void's rating: 1205 &rarr; <strong>1230</strong><br />(+25 for winning)\n|raw|danuwu's rating: 1206 &rarr; <strong>1181</strong><br />(-25 for losing)\n|l|\u2606danuwu\n|player|p2|\n",
  "uploadtime": 1776210986,
  "views": 25,
  "formatid": "gen9championsvgc2026regma",
  "rating": 1181,
  "private": 0,
  "password": null
}