{
  "id": "gen9championsvgc2026regma-2587122558",
  "format": "[Gen 9 Champions] VGC 2026 Reg M-A",
  "players": [
    "caioheitz",
    "mincinnobello"
  ],
  "log": "|j|\u2606caioheitz\n|j|\u2606mincinnobello\n|t:|1776496609\n|gametype|doubles\n|player|p1|caioheitz|blue|1037\n|player|p2|mincinnobello|169|1074\n|gen|9\n|tier|[Gen 9 Champions] VGC 2026 Reg M-A\n|rated|\n|rule|Species Clause: Limit one of each Pok\u00e9mon\n|rule|Item Clause: Limit 1 of each item\n|clearpoke\n|poke|p1|Greninja, L50, M, shiny|\n|poke|p1|Clefable, L50, M, shiny|\n|poke|p1|Corviknight, L50, F, shiny|\n|poke|p1|Diggersby, L50, M, shiny|\n|poke|p1|Toxapex, L50, F, shiny|\n|poke|p1|Oranguru, L50, M|\n|poke|p2|Whimsicott, L50, M|\n|poke|p2|Starmie, L50|\n|poke|p2|Rotom-Heat, L50|\n|poke|p2|Sneasler, L50, M|\n|poke|p2|Dragapult, L50, M|\n|poke|p2|Floette-Eternal, L50, F|\n|teampreview|4\n|inactive|Battle timer is ON: inactive players will automatically lose when time's up. (requested by caioheitz)\n|c|\u2606caioheitz|Go muthrrfuck\n|\n|t:|1776496649\n|teamsize|p1|4\n|teamsize|p2|4\n|start\n|switch|p1a: Toxapex|Toxapex, L50, F, shiny|100/100\n|switch|p1b: Greninja|Greninja, L50, M, shiny|100/100\n|switch|p2a: Whimsicott|Whimsicott, L50, M|100/100\n|switch|p2b: Sneasler|Sneasler, L50, M|100/100\n|turn|1\n|\n|t:|1776496666\n|move|p1b: Greninja|Protect|p1b: Greninja\n|-start|p1b: Greninja|typechange|Normal|[from] ability: Protean\n|-singleturn|p1b: Greninja|Protect\n|move|p2b: Sneasler|Fake Out|p1a: Toxapex\n|-damage|p1a: Toxapex|88/100\n|move|p2a: Whimsicott|Tailwind|p2a: Whimsicott\n|-sidestart|p2: mincinnobello|move: Tailwind\n|cant|p1a: Toxapex|flinch\n|\n|upkeep\n|turn|2\n|inactive|mincinnobello has 30 seconds left.\n|inactive|mincinnobello has 20 seconds left.\n|\n|t:|1776496704\n|switch|p1b: Clefable|Clefable, L50, M, shiny|100/100\n|move|p2a: Whimsicott|Protect|p2a: Whimsicott\n|-singleturn|p2a: Whimsicott|Protect\n|move|p2b: Sneasler|Close Combat|p1b: Clefable\n|-resisted|p1b: Clefable|1\n|-damage|p1b: Clefable|77/100\n|-unboost|p2b: Sneasler|def|1\n|-unboost|p2b: Sneasler|spd|1\n|-enditem|p2b: Sneasler|White Herb\n|-clearnegativeboost|p2b: Sneasler|[silent]\n|move|p1a: Toxapex|Venoshock|p2a: Whimsicott\n|-activate|p2a: Whimsicott|move: Protect\n|\n|upkeep\n|turn|3\n|inactive|mincinnobello has 30 seconds left.\n|inactive|caioheitz has 30 seconds left.\n|\n|t:|1776496737\n|switch|p2a: Starmie|Starmie, L50|100/100\n|move|p2b: Sneasler|Dire Claw|p1b: Clefable\n|-supereffective|p1b: Clefable|1\n|-damage|p1b: Clefable|10/100\n|move|p1b: Clefable|Trick|p2b: Sneasler\n|-activate|p1b: Clefable|move: Trick|[of] p2b: Sneasler\n|-item|p2b: Sneasler|Choice Scarf|[from] move: Trick\n|-enditem|p1b: Clefable|Choice Scarf|[silent]|[from] move: Trick\n|move|p1a: Toxapex|Venoshock|p2a: Starmie\n|-damage|p2a: Starmie|79/100\n|\n|upkeep\n|turn|4\n|inactive|mincinnobello has 30 seconds left.\n|\n|t:|1776496762\n|detailschange|p2a: Starmie|Starmie-Mega, L50\n|-mega|p2a: Starmie|Starmie|Starminite\n|move|p1b: Clefable|Follow Me|p1b: Clefable\n|-singleturn|p1b: Clefable|move: Follow Me\n|move|p2b: Sneasler|Dire Claw|p1b: Clefable\n|-supereffective|p1b: Clefable|1\n|-damage|p1b: Clefable|0 fnt\n|faint|p1b: Clefable\n|move|p2a: Starmie|Zen Headbutt|p1a: Toxapex\n|-supereffective|p1a: Toxapex|1\n|-damage|p1a: Toxapex|0 fnt\n|faint|p1a: Toxapex\n|\n|-sideend|p2: mincinnobello|move: Tailwind\n|upkeep\n|\n|t:|1776496776\n|switch|p1b: Oranguru|Oranguru, L50, M|100/100\n|switch|p1a: Greninja|Greninja, L50, M, shiny|100/100\n|turn|5\n|\n|t:|1776496796\n|switch|p2b: Whimsicott|Whimsicott, L50, M|100/100\n|detailschange|p1a: Greninja|Greninja-Mega, L50, M, shiny\n|-mega|p1a: Greninja|Greninja|Greninjite\n|move|p2a: Starmie|Protect|p2a: Starmie\n|-singleturn|p2a: Starmie|Protect\n|move|p1a: Greninja|Sludge Wave|p2b: Whimsicott|[spread] p2b\n|-start|p1a: Greninja|typechange|Poison|[from] ability: Protean\n|-activate|p2a: Starmie|move: Protect\n|-activate|p1b: Oranguru|ability: Telepathy\n|-supereffective|p2b: Whimsicott|2\n|-damage|p2b: Whimsicott|0 fnt\n|faint|p2b: Whimsicott\n|move|p1b: Oranguru|Instruct|p1a: Greninja\n|-singleturn|p1a: Greninja|move: Instruct|[of] p1b: Oranguru\n|move|p1a: Greninja|Sludge Wave|p2a: Starmie|[spread] \n|-activate|p2a: Starmie|move: Protect\n|-activate|p1b: Oranguru|ability: Telepathy\n|\n|upkeep\n|inactive|mincinnobello has 30 seconds left.\n|\n|t:|1776496821\n|switch|p2b: Sneasler|Sneasler, L50, M|100/100\n|turn|6\n|\n|t:|1776496837\n|move|p1a: Greninja|Protect|p1a: Greninja\n|-singleturn|p1a: Greninja|Protect\n|move|p2b: Sneasler|Dire Claw|p1b: Oranguru\n|-damage|p1b: Oranguru|53/100\n|move|p2a: Starmie|Zen Headbutt|p1a: Greninja\n|-activate|p1a: Greninja|move: Protect\n|move|p1b: Oranguru|Extrasensory|p2b: Sneasler\n|-supereffective|p2b: Sneasler|2\n|-damage|p2b: Sneasler|0 fnt\n|faint|p2b: Sneasler\n|\n|upkeep\n|\n|t:|1776496845\n|switch|p2b: Rotom|Rotom-Heat, L50|100/100\n|turn|7\n|\n|t:|1776496860\n|move|p2b: Rotom|Helping Hand|p2a: Starmie\n|-singleturn|p2a: Starmie|Helping Hand|[of] p2b: Rotom\n|move|p1a: Greninja|Surf|p2b: Rotom|[spread] p2a,p2b\n|-activate|p1b: Oranguru|ability: Telepathy\n|-resisted|p2a: Starmie|1\n|-supereffective|p2b: Rotom|1\n|-damage|p2a: Starmie|63/100\n|-damage|p2b: Rotom|47/100\n|-enditem|p2b: Rotom|Sitrus Berry|[eat]\n|-heal|p2b: Rotom|72/100|[from] item: Sitrus Berry\n|move|p2a: Starmie|Liquidation|p1a: Greninja\n|-damage|p1a: Greninja|0 fnt\n|faint|p1a: Greninja\n|move|p1b: Oranguru|Yawn|p2a: Starmie\n|-start|p2a: Starmie|move: Yawn|[of] p1b: Oranguru\n|\n|upkeep\n|turn|8\n|\n|t:|1776496880\n|move|p2a: Starmie|Liquidation|p1b: Oranguru\n|-damage|p1b: Oranguru|0 fnt\n|faint|p1b: Oranguru\n|\n|win|mincinnobello\n",
  "uploadtime": 1776496641,
  "views": 15,
  "formatid": "gen9championsvgc2026regma",
  "rating": null,
  "private": 0,
  "password": null
}