{
  "id": "gen9championsvgc2026regma-2583504234",
  "format": "[Gen 9 Champions] VGC 2026 Reg M-A",
  "players": [
    "Juya",
    "Deigoodle"
  ],
  "log": "|j|\u2606Juya\n|j|\u2606Deigoodle\n|t:|1776179830\n|gametype|doubles\n|player|p1|Juya|266|1266\n|player|p2|Deigoodle|1|1231\n|gen|9\n|tier|[Gen 9 Champions] VGC 2026 Reg M-A\n|rated|\n|rule|Species Clause: Limit one of each Pok\u00e9mon\n|rule|Item Clause: Limit 1 of each item\n|clearpoke\n|poke|p1|Floette-Eternal, L50, F|\n|poke|p1|Whimsicott, L50, M|\n|poke|p1|Tyranitar, L50, F|\n|poke|p1|Garchomp, L50, F|\n|poke|p1|Typhlosion-Hisui, L50, F|\n|poke|p1|Tsareena, L50, F|\n|poke|p2|Charizard, L50, F|\n|poke|p2|Kleavor, L50, M|\n|poke|p2|Venusaur, L50, M|\n|poke|p2|Krookodile, L50, M|\n|poke|p2|Mimikyu, L50, F|\n|poke|p2|Tsareena, L50, F|\n|teampreview|4\n|inactive|Battle timer is ON: inactive players will automatically lose when time's up. (requested by Juya)\nDeigoodle rejected open team sheets.\n|inactive|Juya has 60 seconds left.\n|inactive|Deigoodle has 60 seconds left.\n|inactive|Deigoodle has 30 seconds left.\n|\n|t:|1776179893\n|teamsize|p1|4\n|teamsize|p2|4\n|start\n|switch|p1a: Whimsicott|Whimsicott, L50, M, shiny|100/100\n|switch|p1b: Typhlosion|Typhlosion-Hisui, L50, F|100/100\n|switch|p2a: Krookodile|Krookodile, L50, M|100/100\n|switch|p2b: Charizard|Charizard, L50, F|100/100\n|-ability|p2a: Krookodile|Intimidate|boost\n|-unboost|p1a: Whimsicott|atk|1\n|-unboost|p1b: Typhlosion|atk|1\n|turn|1\n|\n|t:|1776179908\n|detailschange|p2b: Charizard|Charizard-Mega-Y, L50, F\n|-mega|p2b: Charizard|Charizard|Charizardite Y\n|-weather|SunnyDay|[from] ability: Drought|[of] p2b: Charizard\n|move|p2a: Krookodile|Earthquake|p1a: Whimsicott|[spread] p1a,p1b\n|-immune|p2b: Charizard\n|-resisted|p1a: Whimsicott|1\n|-supereffective|p1b: Typhlosion|1\n|-damage|p1a: Whimsicott|72/100\n|-damage|p1b: Typhlosion|0 fnt\n|faint|p1b: Typhlosion\n|move|p1a: Whimsicott|Moonblast|p2a: Krookodile\n|-supereffective|p2a: Krookodile|1\n|-damage|p2a: Krookodile|11/100\n|move|p2b: Charizard|Heat Wave|p1a: Whimsicott|[miss]\n|-miss|p2b: Charizard|p1a: Whimsicott\n|\n|-weather|SunnyDay|[upkeep]\n|upkeep\n|\n|t:|1776179920\n|switch|p1b: Tyranitar|Tyranitar, L50, F|100/100\n|-weather|Sandstorm|[from] ability: Sand Stream|[of] p1b: Tyranitar\n|turn|2\n|inactive|Juya has 30 seconds left.\n|\n|t:|1776179947\n|switch|p2b: Mimikyu|Mimikyu, L50, F, shiny|100/100\n|move|p1b: Tyranitar|Protect|p1b: Tyranitar\n|-singleturn|p1b: Tyranitar|Protect\n|move|p1a: Whimsicott|Tailwind|p1a: Whimsicott\n|-sidestart|p1: Juya|move: Tailwind\n|move|p2a: Krookodile|Earthquake|p1b: Tyranitar|[spread] p2b,p1a\n|-activate|p1b: Tyranitar|move: Protect\n|-resisted|p1a: Whimsicott|1\n|-activate|p2b: Mimikyu|ability: Disguise\n|-damage|p2b: Mimikyu|100/100\n|-damage|p1a: Whimsicott|46/100\n|detailschange|p2b: Mimikyu|Mimikyu-Busted, L50, F, shiny\n|-damage|p2b: Mimikyu|88/100|[from] pokemon: Mimikyu-Busted\n|\n|-weather|Sandstorm|[upkeep]\n|-damage|p1a: Whimsicott|40/100|[from] Sandstorm\n|-damage|p2b: Mimikyu|82/100|[from] Sandstorm\n|upkeep\n|turn|3\n|\n|t:|1776179963\n|move|p1a: Whimsicott|Moonblast|p2a: Krookodile\n|-supereffective|p2a: Krookodile|1\n|-damage|p2a: Krookodile|0 fnt\n|faint|p2a: Krookodile\n|move|p1b: Tyranitar|Knock Off|p2b: Mimikyu\n|-damage|p2b: Mimikyu|25/100\n|-enditem|p2b: Mimikyu|Mental Herb|[from] move: Knock Off|[of] p1b: Tyranitar\n|move|p2b: Mimikyu|Shadow Claw|p1a: Whimsicott\n|-damage|p1a: Whimsicott|0 fnt\n|faint|p1a: Whimsicott\n|\n|-weather|Sandstorm|[upkeep]\n|-damage|p2b: Mimikyu|18/100|[from] Sandstorm\n|upkeep\n|\n|t:|1776179975\n|switch|p1a: Floette|Floette-Eternal, L50, F|100/100\n|switch|p2a: Venusaur|Venusaur, L50, M|100/100\n|turn|4\n|\n|t:|1776179987\n|move|p1a: Floette|Protect|p1a: Floette\n|-singleturn|p1a: Floette|Protect\n|move|p2b: Mimikyu|Shadow Sneak|p1b: Tyranitar\n|-resisted|p1b: Tyranitar|1\n|-damage|p1b: Tyranitar|94/100\n|move|p1b: Tyranitar|Rock Slide|p2a: Venusaur|[spread] p2a,p2b\n|-damage|p2a: Venusaur|68/100\n|-damage|p2b: Mimikyu|0 fnt\n|faint|p2b: Mimikyu\n|move|p2a: Venusaur|Sludge Bomb|p1a: Floette\n|-activate|p1a: Floette|move: Protect\n|\n|-weather|Sandstorm|[upkeep]\n|-damage|p1a: Floette|94/100|[from] Sandstorm\n|-damage|p2a: Venusaur|62/100|[from] Sandstorm\n|upkeep\n|\n|t:|1776179991\n|switch|p2b: Charizard|Charizard-Mega-Y, L50, F|100/100\n|-weather|SunnyDay|[from] ability: Drought|[of] p2b: Charizard\n|turn|5\n|\n|t:|1776180008\n|detailschange|p1a: Floette|Floette-Mega, L50, F\n|-mega|p1a: Floette|Floette|Floettite\n|-ability|p1a: Floette|Fairy Aura\n|move|p2b: Charizard|Protect|p2b: Charizard\n|-singleturn|p2b: Charizard|Protect\n|move|p1a: Floette|Light of Ruin|p2a: Venusaur\n|-resisted|p2a: Venusaur|1\n|-damage|p2a: Venusaur|0 fnt\n|faint|p2a: Venusaur\n|-damage|p1a: Floette|62/100|[from] Recoil\n|move|p1b: Tyranitar|Rock Slide|p2b: Charizard\n|-activate|p2b: Charizard|move: Protect\n|\n|-weather|SunnyDay|[upkeep]\n|-sideend|p1: Juya|move: Tailwind\n|upkeep\n|turn|6\n|\n|t:|1776180024\n|move|p1a: Floette|Light of Ruin|p2b: Charizard\n|-resisted|p2b: Charizard|1\n|-damage|p2b: Charizard|34/100\n|-damage|p1a: Floette|28/100|[from] Recoil\n|move|p2b: Charizard|Focus Blast|p1b: Tyranitar\n|-supereffective|p1b: Tyranitar|2\n|-enditem|p1b: Tyranitar|Chople Berry|[eat]\n|-enditem|p1b: Tyranitar|Chople Berry|[weaken]\n|-damage|p1b: Tyranitar|10/100\n|move|p1b: Tyranitar|Rock Slide|p2b: Charizard|[miss]\n|-miss|p1b: Tyranitar|p2b: Charizard\n|\n|-weather|SunnyDay|[upkeep]\n|upkeep\n|turn|7\n|\n|t:|1776180042\n|move|p1a: Floette|Light of Ruin|p2b: Charizard\n|-resisted|p2b: Charizard|1\n|-damage|p2b: Charizard|0 fnt\n|faint|p2b: Charizard\n|-damage|p1a: Floette|11/100|[from] Recoil\n|\n|win|Juya\n|raw|Juya's rating: 1266 &rarr; <strong>1288</strong><br />(+22 for winning)\n|raw|Deigoodle's rating: 1231 &rarr; <strong>1209</strong><br />(-22 for losing)\n|l|\u2606Deigoodle\n|player|p2|\n",
  "uploadtime": 1776180050,
  "views": 17,
  "formatid": "gen9championsvgc2026regma",
  "rating": 1209,
  "private": 0,
  "password": null
}