{
  "id": "gen9championsvgc2026regma-2582984073",
  "format": "[Gen 9 Champions] VGC 2026 Reg M-A",
  "players": [
    "Saccharinequeen \u262d",
    "Anyashu"
  ],
  "log": "|j|\u2606Saccharinequeen \u262d\n|j|\u203dAnyashu\n|t:|1776130741\n|gametype|doubles\n|player|p1|Saccharinequeen \u262d|gwynn|1062\n|player|p2|Anyashu|265|1072\n|gen|9\n|tier|[Gen 9 Champions] VGC 2026 Reg M-A\n|rated|\n|rule|Species Clause: Limit one of each Pok\u00e9mon\n|rule|Item Clause: Limit 1 of each item\n|clearpoke\n|poke|p1|Sinistcha, L50|\n|poke|p1|Drampa, L50, F|\n|poke|p1|Incineroar, L50, F|\n|poke|p1|Farigiraf, L50, F|\n|poke|p1|Pelipper, L50, F|\n|poke|p1|Kingambit, L50, F|\n|poke|p2|Gengar, L50, F|\n|poke|p2|Incineroar, L50, F|\n|poke|p2|Politoed, L50, F|\n|poke|p2|Archaludon, L50, F|\n|poke|p2|Whimsicott, L50, M|\n|poke|p2|Basculegion-F, L50, F|\n|teampreview|4\nSaccharinequeen \u262d has agreed to open team sheets.\n|\n|t:|1776130767\n|teamsize|p1|4\n|teamsize|p2|4\n|start\n|switch|p1a: Sinistcha|Sinistcha, L50|100/100\n|switch|p1b: Incineroar|Incineroar, L50, F|100/100\n|switch|p2a: Archaludon|Archaludon, L50, F|100/100\n|switch|p2b: Politoed|Politoed, L50, F|100/100\n|-weather|RainDance|[from] ability: Drizzle|[of] p2b: Politoed\n|-ability|p1b: Incineroar|Intimidate|boost\n|-unboost|p2a: Archaludon|atk|1\n|-unboost|p2b: Politoed|atk|1\n|turn|1\n|j| Hockeystick7\n|\n|t:|1776130800\n|move|p2a: Archaludon|Protect|p2a: Archaludon\n|-singleturn|p2a: Archaludon|Protect\n|move|p2b: Politoed|Weather Ball|p1b: Incineroar\n|-supereffective|p1b: Incineroar|1\n|-damage|p1b: Incineroar|26/100\n|move|p1b: Incineroar|Parting Shot|p2a: Archaludon\n|-activate|p2a: Archaludon|move: Protect\n|move|p1a: Sinistcha|Trick Room|p1a: Sinistcha\n|-fieldstart|move: Trick Room|[of] p1a: Sinistcha\n|\n|-weather|RainDance|[upkeep]\n|-heal|p1b: Incineroar|32/100|[from] item: Leftovers\n|upkeep\n|turn|2\n|\n|t:|1776130837\n|move|p1b: Incineroar|Parting Shot|p2a: Archaludon\n|-unboost|p2a: Archaludon|atk|1\n|-unboost|p2a: Archaludon|spa|1\n|\n|t:|1776130843\n|switch|p1b: Drampa|Drampa, L50, F|100/100|[from] Parting Shot\n|move|p1a: Sinistcha|Matcha Gotcha|p2a: Archaludon|[spread] p2a,p2b\n|-resisted|p2a: Archaludon|2\n|-supereffective|p2b: Politoed|1\n|-damage|p2a: Archaludon|91/100\n|-damage|p2b: Politoed|58/100\n|move|p2b: Politoed|Weather Ball|p1b: Drampa\n|-resisted|p1b: Drampa|1\n|-damage|p1b: Drampa|76/100\n|move|p2a: Archaludon|Electro Shot||[still]\n|-prepare|p2a: Archaludon|Electro Shot\n|-boost|p2a: Archaludon|spa|1\n|-anim|p2a: Archaludon|Electro Shot|p1b: Drampa\n|-resisted|p1b: Drampa|1\n|-damage|p1b: Drampa|51/100\n|\n|-weather|RainDance|[upkeep]\n|-heal|p2b: Politoed|64/100|[from] item: Leftovers\n|upkeep\n|turn|3\n|\n|t:|1776130875\n|detailschange|p1b: Drampa|Drampa-Mega, L50, F\n|-mega|p1b: Drampa|Drampa|Drampanite\n|move|p2a: Archaludon|Protect|p2a: Archaludon\n|-singleturn|p2a: Archaludon|Protect\n|move|p1b: Drampa|Dragon Pulse|p2a: Archaludon\n|-activate|p2a: Archaludon|move: Protect\n|move|p1a: Sinistcha|Matcha Gotcha|p2b: Politoed|[spread] p2b\n|-activate|p2a: Archaludon|move: Protect\n|-supereffective|p2b: Politoed|1\n|-damage|p2b: Politoed|21/100\n|move|p2b: Politoed|Ice Beam|p1b: Drampa\n|-supereffective|p1b: Drampa|1\n|-damage|p1b: Drampa|18/100\n|-ability|p1b: Drampa|Berserk|boost\n|-boost|p1b: Drampa|spa|1\n|\n|-weather|RainDance|[upkeep]\n|-heal|p2b: Politoed|27/100|[from] item: Leftovers\n|upkeep\n|turn|4\n|\n|t:|1776130905\n|switch|p1a: Incineroar|Incineroar, L50, F|32/100\n|-ability|p1a: Incineroar|Intimidate|boost\n|-unboost|p2a: Archaludon|atk|1\n|-unboost|p2b: Politoed|atk|1\n|move|p1b: Drampa|Protect|p1b: Drampa\n|-singleturn|p1b: Drampa|Protect\n|move|p2b: Politoed|Protect|p2b: Politoed\n|-singleturn|p2b: Politoed|Protect\n|move|p2a: Archaludon|Aura Sphere|p1b: Drampa\n|-activate|p1b: Drampa|move: Protect\n|\n|-weather|RainDance|[upkeep]\n|-heal|p1a: Incineroar|38/100|[from] item: Leftovers\n|-heal|p2b: Politoed|33/100|[from] item: Leftovers\n|upkeep\n|turn|5\n|\n|t:|1776130932\n|switch|p2b: Gengar|Gengar, L50, F|100/100\n|move|p1b: Drampa|Dragon Pulse|p2a: Archaludon\n|-damage|p2a: Archaludon|0 fnt\n|faint|p2a: Archaludon\n|move|p1a: Incineroar|Parting Shot|p2b: Gengar\n|-unboost|p2b: Gengar|atk|1\n|-unboost|p2b: Gengar|spa|1\n|\n|t:|1776130940\n|switch|p1a: Sinistcha|Sinistcha, L50|100/100|[from] Parting Shot\n|-heal|p1b: Drampa|43/100|[from] ability: Hospitality|[of] p1a: Sinistcha\n|\n|-weather|none\n|-fieldend|move: Trick Room\n|upkeep\n|\n|t:|1776130948\n|switch|p2a: Politoed|Politoed, L50, F|33/100\n|-weather|RainDance|[from] ability: Drizzle|[of] p2a: Politoed\n|turn|6\n|\n|t:|1776130980\n|detailschange|p2b: Gengar|Gengar-Mega, L50, F\n|-mega|p2b: Gengar|Gengar|Gengarite\n|move|p1b: Drampa|Protect|p1b: Drampa\n|-singleturn|p1b: Drampa|Protect\n|move|p2b: Gengar|Shadow Ball|p1a: Sinistcha\n|-supereffective|p1a: Sinistcha|1\n|-damage|p1a: Sinistcha|52/100\n|move|p2a: Politoed|Ice Beam|p1a: Sinistcha\n|-supereffective|p1a: Sinistcha|1\n|-damage|p1a: Sinistcha|22/100\n|move|p1a: Sinistcha|Trick Room|p1a: Sinistcha\n|-fieldstart|move: Trick Room|[of] p1a: Sinistcha\n|\n|-weather|RainDance|[upkeep]\n|-heal|p2a: Politoed|40/100|[from] item: Leftovers\n|upkeep\n|turn|7\n|\n|t:|1776131000\n|move|p1b: Drampa|Dragon Pulse|p2b: Gengar\n|-damage|p2b: Gengar|0 fnt\n|faint|p2b: Gengar\n|move|p1a: Sinistcha|Matcha Gotcha|p2a: Politoed\n|-supereffective|p2a: Politoed|1\n|-damage|p2a: Politoed|0 fnt\n|-heal|p1a: Sinistcha|44/100|[from] drain|[of] p2a: Politoed\n|faint|p2a: Politoed\n|\n|-weather|RainDance|[upkeep]\n|upkeep\n|-message|Anyashu forfeited.\n|\n|win|Saccharinequeen \u262d\n|raw|Saccharinequeen \u262d's rating: 1062 &rarr; <strong>1094</strong><br />(+32 for winning)\n|raw|Anyashu's rating: 1072 &rarr; <strong>1051</strong><br />(-21 for losing)\n|l|\u203dAnyashu\n|player|p2|\n",
  "uploadtime": 1776131050,
  "views": 15,
  "formatid": "gen9championsvgc2026regma",
  "rating": 1051,
  "private": 0,
  "password": null
}