{
  "id": "gen9championsvgc2026regma-2581338118",
  "format": "[Gen 9 Champions] VGC 2026 Reg M-A",
  "players": [
    "monasdk",
    "Vic04"
  ],
  "log": "|j|\u2606monasdk\n|j|\u2606Vic04\n|t:|1775988625\n|gametype|doubles\n|player|p1|monasdk|265|1092\n|player|p2|Vic04|265|1000\n|gen|9\n|tier|[Gen 9 Champions] VGC 2026 Reg M-A\n|rated|\n|rule|Species Clause: Limit one of each Pok\u00e9mon\n|rule|Item Clause: Limit 1 of each item\n|clearpoke\n|poke|p1|Tyranitar, L50, F|\n|poke|p1|Excadrill, L50, F|\n|poke|p1|Clefable, L50, M|\n|poke|p1|Garchomp, L50, M|\n|poke|p1|Aerodactyl, L50, F|\n|poke|p1|Azumarill, L50, M|\n|poke|p2|Orthworm, L50, F|\n|poke|p2|Pelipper, L50, F|\n|poke|p2|Garchomp, L50, M|\n|poke|p2|Basculegion, L50, M|\n|poke|p2|Scizor, L50, F|\n|poke|p2|Rotom-Mow, L50|\n|teampreview|4\n|\n|t:|1775988702\n|teamsize|p1|4\n|teamsize|p2|4\n|start\n|switch|p1a: Tyranitar|Tyranitar, L50, F|100/100\n|switch|p1b: Excadrill|Excadrill, L50, F|100/100\n|switch|p2a: Orthworm|Orthworm, L50, F|100/100\n|switch|p2b: Rotom|Rotom-Mow, L50|100/100\n|-weather|Sandstorm|[from] ability: Sand Stream|[of] p1a: Tyranitar\n|turn|1\n|\n|t:|1775988738\n|move|p1b: Excadrill|Swords Dance|p1b: Excadrill\n|-boost|p1b: Excadrill|atk|2\n|move|p2b: Rotom|Will-O-Wisp|p1b: Excadrill|[miss]\n|-miss|p2b: Rotom|p1b: Excadrill\n|move|p1a: Tyranitar|Rock Slide|p2b: Rotom|[spread] p2a,p2b\n|-resisted|p2a: Orthworm|1\n|-damage|p2a: Orthworm|92/100\n|-damage|p2b: Rotom|65/100\n|cant|p2a: Orthworm|flinch\n|\n|-weather|Sandstorm|[upkeep]\n|-damage|p2b: Rotom|60/100|[from] Sandstorm\n|upkeep\n|turn|2\n|\n|t:|1775988786\n|move|p2b: Rotom|Protect|p2b: Rotom\n|-singleturn|p2b: Rotom|Protect\n|move|p1b: Excadrill|Iron Head|p2b: Rotom\n|-activate|p2b: Rotom|move: Protect\n|move|p1a: Tyranitar|Foul Play|p2a: Orthworm\n|-damage|p2a: Orthworm|75/100\n|move|p2a: Orthworm|Body Press|p1a: Tyranitar\n|-supereffective|p1a: Tyranitar|2\n|-damage|p1a: Tyranitar|0 fnt\n|faint|p1a: Tyranitar\n|\n|-weather|Sandstorm|[upkeep]\n|-damage|p2b: Rotom|54/100|[from] Sandstorm\n|upkeep\n|\n|t:|1775988829\n|switch|p1a: Aerodactyl|Aerodactyl, L50, F|100/100\n|turn|3\n|inactive|Battle timer is ON: inactive players will automatically lose when time's up. (requested by monasdk)\n|\n|t:|1775988884\n|move|p1a: Aerodactyl|Protect|p1a: Aerodactyl\n|-singleturn|p1a: Aerodactyl|Protect\n|move|p1b: Excadrill|Iron Head|p2b: Rotom\n|-resisted|p2b: Rotom|1\n|-damage|p2b: Rotom|1/100\n|cant|p2b: Rotom|flinch\n|move|p2a: Orthworm|Iron Defense|p2a: Orthworm\n|-boost|p2a: Orthworm|def|2\n|\n|-weather|Sandstorm|[upkeep]\n|-damage|p2b: Rotom|0 fnt|[from] Sandstorm\n|faint|p2b: Rotom\n|upkeep\n|\n|t:|1775988895\n|switch|p2b: Scizor|Scizor, L50, F|100/100\n|turn|4\n|inactive|monasdk has 30 seconds left.\n|inactive|monasdk has 20 seconds left.\n|inactive|monasdk has 15 seconds left.\n|\n|t:|1775988936\n|move|p2b: Scizor|Protect|p2b: Scizor\n|-singleturn|p2b: Scizor|Protect\n|move|p1b: Excadrill|Iron Head|p2b: Scizor\n|-activate|p2b: Scizor|move: Protect\n|move|p1a: Aerodactyl|Rock Slide|p2b: Scizor|[spread] p2a\n|-activate|p2b: Scizor|move: Protect\n|-resisted|p2a: Orthworm|1\n|-damage|p2a: Orthworm|71/100\n|move|p2a: Orthworm|Body Press|p1b: Excadrill\n|-supereffective|p1b: Excadrill|1\n|-enditem|p1b: Excadrill|Focus Sash\n|-damage|p1b: Excadrill|1/100\n|\n|-weather|Sandstorm|[upkeep]\n|upkeep\n|turn|5\n|inactive|Vic04 has 30 seconds left.\n|inactive|Vic04 has 20 seconds left.\n|inactive|Vic04 has 15 seconds left.\n|inactive|Vic04 has 10 seconds left.\n|inactive|Vic04 has 5 seconds left.\n|\n|t:|1775988987\n|detailschange|p2b: Scizor|Scizor-Mega, L50, F\n|-mega|p2b: Scizor|Scizor|Scizorite\n|move|p2b: Scizor|Bullet Punch|p1b: Excadrill\n|-resisted|p1b: Excadrill|1\n|-damage|p1b: Excadrill|0 fnt\n|faint|p1b: Excadrill\n|move|p1a: Aerodactyl|Rock Slide|p2b: Scizor|[spread] p2a\n|-miss|p1a: Aerodactyl|p2b: Scizor\n|-resisted|p2a: Orthworm|1\n|-damage|p2a: Orthworm|66/100\n|move|p2a: Orthworm|Body Press|p1a: Aerodactyl\n|-damage|p1a: Aerodactyl|0 fnt\n|faint|p1a: Aerodactyl\n|\n|-weather|none\n|upkeep\n|-message|monasdk forfeited.\n|\n|win|Vic04\n|raw|monasdk's rating: 1092 &rarr; <strong>1062</strong><br />(-30 for losing)\n|raw|Vic04's rating: 1000 &rarr; <strong>1050</strong><br />(+50 for winning)\n|l|\u2606monasdk\n|player|p1|\n",
  "uploadtime": 1775989086,
  "views": 32,
  "formatid": "gen9championsvgc2026regma",
  "rating": 1050,
  "private": 0,
  "password": null
}