{
  "id": "gen9championsvgc2026regma-2581727690",
  "format": "[Gen 9 Champions] VGC 2026 Reg M-A",
  "players": [
    "enquires",
    "Fuchiball"
  ],
  "log": "|j|\u2606enquires\n|j|\u2606Fuchiball\n|t:|1776023811\n|gametype|doubles\n|player|p1|enquires|riley|1066\n|player|p2|Fuchiball|gardenia|1030\n|gen|9\n|tier|[Gen 9 Champions] VGC 2026 Reg M-A\n|rated|\n|rule|Species Clause: Limit one of each Pok\u00e9mon\n|rule|Item Clause: Limit 1 of each item\n|clearpoke\n|poke|p1|Charizard, L50, M|\n|poke|p1|Venusaur, L50, F|\n|poke|p1|Garchomp, L50, F|\n|poke|p1|Farigiraf, L50, F|\n|poke|p1|Whimsicott, L50, F|\n|poke|p1|Orthworm, L50, F|\n|poke|p2|Palafin, L50, M|\n|poke|p2|Sinistcha, L50|\n|poke|p2|Arcanine-Hisui, L50, F|\n|poke|p2|Froslass, L50, F|\n|poke|p2|Glimmora, L50, M|\n|poke|p2|Corviknight, L50, M|\n|teampreview|4\nFuchiball has agreed to open team sheets.\n|\n|t:|1776023834\n|teamsize|p1|4\n|teamsize|p2|4\n|start\n|switch|p1a: Charizard|Charizard, L50, M|100/100\n|switch|p1b: Garchomp|Garchomp, L50, F|100/100\n|switch|p2a: Papa|Palafin, L50, M|100/100\n|switch|p2b: Mama|Sinistcha, L50|100/100\n|turn|1\n|\n|t:|1776023866\n|detailschange|p1a: Charizard|Charizard-Mega-Y, L50, M\n|-mega|p1a: Charizard|Charizard|Charizardite Y\n|-weather|SunnyDay|[from] ability: Drought|[of] p1a: Charizard\n|move|p2b: Mama|Protect|p2b: Mama\n|-singleturn|p2b: Mama|Protect\n|move|p2a: Papa|Flip Turn|p1a: Charizard\n|-supereffective|p1a: Charizard|1\n|-damage|p1a: Charizard|73/100\n|\n|t:|1776023875\n|detailschange|p2a: Papa|Palafin-Hero, L50, M\n|switch|p2a: Femboy|Froslass, L50, F|100/100|[from] Flip Turn\n|move|p1b: Garchomp|Rock Slide|p2b: Mama|[spread] \n|-activate|p2b: Mama|move: Protect\n|-miss|p1b: Garchomp|p2a: Femboy\n|move|p1a: Charizard|Heat Wave|p2b: Mama|[spread] p2a\n|-activate|p2b: Mama|move: Protect\n|-supereffective|p2a: Femboy|1\n|-damage|p2a: Femboy|0 fnt\n|faint|p2a: Femboy\n|\n|-weather|SunnyDay|[upkeep]\n|upkeep\n|\n|t:|1776023890\n|switch|p2a: Stinkybtt|Arcanine-Hisui, L50, F|100/100\n|-ability|p2a: Stinkybtt|Intimidate|boost\n|-unboost|p1a: Charizard|atk|1\n|-unboost|p1b: Garchomp|atk|1\n|turn|2\n|\n|t:|1776023905\n|switch|p2b: Papa|Palafin-Hero, L50, M|100/100\n|-activate|p2b: Papa|ability: Zero to Hero\n|move|p1b: Garchomp|Earthquake|p2b: Papa|[spread] p2a,p2b\n|-immune|p1a: Charizard\n|-supereffective|p2a: Stinkybtt|2\n|-enditem|p2a: Stinkybtt|Focus Sash\n|-damage|p2a: Stinkybtt|1/100\n|-damage|p2b: Papa|70/100\n|move|p1a: Charizard|Heat Wave|p2a: Stinkybtt|[spread] p2a,p2b\n|-resisted|p2a: Stinkybtt|2\n|-crit|p2a: Stinkybtt\n|-resisted|p2b: Papa|1\n|-damage|p2a: Stinkybtt|0 fnt\n|-damage|p2b: Papa|29/100\n|faint|p2a: Stinkybtt\n|\n|-weather|SunnyDay|[upkeep]\n|upkeep\n|\n|t:|1776023918\n|switch|p2a: Mama|Sinistcha, L50|100/100\n|-heal|p2b: Papa|54/100|[from] ability: Hospitality|[of] p2a: Mama\n|turn|3\n|\n|t:|1776023928\n|move|p1a: Charizard|Protect|p1a: Charizard\n|-singleturn|p1a: Charizard|Protect\n|move|p2b: Papa|Ice Punch|p1b: Garchomp\n|-supereffective|p1b: Garchomp|2\n|-damage|p1b: Garchomp|0 fnt\n|-damage|p2b: Papa|42/100|[from] ability: Rough Skin|[of] p1b: Garchomp\n|faint|p1b: Garchomp\n|move|p2a: Mama|Matcha Gotcha|p1a: Charizard\n|-activate|p1a: Charizard|move: Protect\n|\n|-weather|SunnyDay|[upkeep]\n|upkeep\n|\n|t:|1776023940\n|switch|p1b: Orthworm|Orthworm, L50, F|100/100\n|turn|4\n|\n|t:|1776023952\n|move|p2a: Mama|Rage Powder|p2a: Mama\n|-singleturn|p2a: Mama|move: Rage Powder\n|move|p2b: Papa|Ice Punch|p1a: Charizard\n|-damage|p1a: Charizard|28/100\n|move|p1a: Charizard|Solar Beam||[still]\n|-prepare|p1a: Charizard|Solar Beam\n|-anim|p1a: Charizard|Solar Beam|p2a: Mama\n|-resisted|p2a: Mama|1\n|-damage|p2a: Mama|71/100\n|move|p1b: Orthworm|Rock Slide|p2a: Mama|[spread] p2a,p2b\n|-damage|p2a: Mama|56/100\n|-damage|p2b: Papa|27/100\n|\n|-weather|SunnyDay|[upkeep]\n|upkeep\n|turn|5\n|\n|t:|1776023976\n|move|p1a: Charizard|Protect|p1a: Charizard\n|-singleturn|p1a: Charizard|Protect\n|move|p2a: Mama|Rage Powder|p2a: Mama\n|-singleturn|p2a: Mama|move: Rage Powder\n|move|p2b: Papa|Ice Punch|p1a: Charizard\n|-activate|p1a: Charizard|move: Protect\n|move|p1b: Orthworm|Heavy Slam|p2a: Mama\n|-damage|p2a: Mama|13/100\n|-enditem|p2a: Mama|Sitrus Berry|[eat]\n|-heal|p2a: Mama|38/100|[from] item: Sitrus Berry\n|\n|-weather|none\n|upkeep\n|turn|6\n|\n|t:|1776023998\n|switch|p1a: Venusaur|Venusaur, L50, F|100/100\n|move|p2b: Papa|Ice Punch|p1a: Venusaur\n|-supereffective|p1a: Venusaur|1\n|-damage|p1a: Venusaur|23/100\n|move|p2a: Mama|Matcha Gotcha|p1a: Venusaur|[spread] p1a,p1b\n|-resisted|p1a: Venusaur|2\n|-resisted|p1b: Orthworm|1\n|-damage|p1a: Venusaur|16/100\n|-heal|p2a: Mama|41/100|[from] drain|[of] p1a: Venusaur\n|-damage|p1b: Orthworm|78/100\n|-heal|p2a: Mama|50/100|[from] drain|[of] p1b: Orthworm\n|move|p1b: Orthworm|Rock Slide|p2a: Mama|[spread] p2a,p2b\n|-damage|p2a: Mama|36/100\n|-damage|p2b: Papa|12/100\n|\n|-heal|p1a: Venusaur|22/100|[from] item: Leftovers\n|upkeep\n|turn|7\n|\n|t:|1776024019\n|move|p2a: Mama|Rage Powder|p2a: Mama\n|-singleturn|p2a: Mama|move: Rage Powder\n|move|p2b: Papa|Ice Punch|p1a: Venusaur\n|-supereffective|p1a: Venusaur|1\n|-crit|p1a: Venusaur\n|-damage|p1a: Venusaur|0 fnt\n|faint|p1a: Venusaur\n|move|p1b: Orthworm|Rock Slide|p2a: Mama|[spread] p2a,p2b\n|-crit|p2a: Mama\n|-damage|p2a: Mama|15/100\n|-damage|p2b: Papa|0 fnt\n|faint|p2b: Papa\n|\n|upkeep\n|\n|t:|1776024028\n|switch|p1a: Charizard|Charizard-Mega-Y, L50, M|28/100\n|-weather|SunnyDay|[from] ability: Drought|[of] p1a: Charizard\n|turn|8\n|-message|Fuchiball forfeited.\n|\n|win|enquires\n|raw|enquires's rating: 1066 &rarr; <strong>1093</strong><br />(+27 for winning)\n|raw|Fuchiball's rating: 1030 &rarr; <strong>1017</strong><br />(-13 for losing)\n|l|\u2606Fuchiball\n|player|p2|\n",
  "uploadtime": 1776024032,
  "views": 20,
  "formatid": "gen9championsvgc2026regma",
  "rating": 1017,
  "private": 0,
  "password": null
}