{
  "id": "gen9championsvgc2026regma-2582192304",
  "format": "[Gen 9 Champions] VGC 2026 Reg M-A",
  "players": [
    "Literal NPC",
    "maku8319"
  ],
  "log": "|j|\u2606Literal NPC\n|j|\u2606maku8319\n|t:|1776069575\n|gametype|doubles\n|player|p1|Literal NPC|265|1042\n|player|p2|maku8319|red|1000\n|gen|9\n|tier|[Gen 9 Champions] VGC 2026 Reg M-A\n|rated|\n|rule|Species Clause: Limit one of each Pok\u00e9mon\n|rule|Item Clause: Limit 1 of each item\n|clearpoke\n|poke|p1|Crabominable, L50, F|\n|poke|p1|Armarouge, L50, F|\n|poke|p1|Sinistcha, L50|\n|poke|p1|Mr. Rime, L50, F|\n|poke|p1|Basculegion, L50, M|\n|poke|p1|Meowscarada, L50, M|\n|poke|p2|Corviknight, L50, F|\n|poke|p2|Raichu, L50, F|\n|poke|p2|Delphox, L50, F|\n|poke|p2|Garchomp, L50, F|\n|poke|p2|Sinistcha, L50|\n|poke|p2|Primarina, L50, M|\n|teampreview|4\n|inactive|Battle timer is ON: inactive players will automatically lose when time's up. (requested by Literal NPC)\n|\n|t:|1776069661\n|teamsize|p1|4\n|teamsize|p2|4\n|start\n|switch|p1a: Mr. Rime|Mr. Rime, L50, F|100/100\n|switch|p1b: Armarouge|Armarouge, L50, F|100/100\n|switch|p2a: Garchomp|Garchomp, L50, F|100/100\n|switch|p2b: Delphox|Delphox, L50, F|100/100\n|turn|1\n|\n|t:|1776069689\n|detailschange|p2b: Delphox|Delphox-Mega, L50, F\n|-mega|p2b: Delphox|Delphox|Delphoxite\n|move|p1a: Mr. Rime|Fake Out|p2a: Garchomp\n|-damage|p2a: Garchomp|93/100\n|-damage|p1a: Mr. Rime|88/100|[from] ability: Rough Skin|[of] p2a: Garchomp\n|move|p2b: Delphox|Heat Wave|p1a: Mr. Rime|[spread] p1a\n|-start|p1b: Armarouge|ability: Flash Fire\n|-supereffective|p1a: Mr. Rime|1\n|-damage|p1a: Mr. Rime|16/100\n|-enditem|p1a: Mr. Rime|Sitrus Berry|[eat]\n|-heal|p1a: Mr. Rime|41/100|[from] item: Sitrus Berry\n|cant|p2a: Garchomp|flinch\n|move|p1b: Armarouge|Trick Room|p1b: Armarouge\n|-fieldstart|move: Trick Room|[of] p1b: Armarouge\n|\n|upkeep\n|turn|2\n|\n|t:|1776069713\n|move|p1a: Mr. Rime|Helping Hand|p1b: Armarouge\n|-singleturn|p1b: Armarouge|Helping Hand|[of] p1a: Mr. Rime\n|move|p1b: Armarouge|Psychic|p2a: Garchomp\n|-damage|p2a: Garchomp|5/100\n|move|p2a: Garchomp|Earthquake|p1b: Armarouge|[spread] p1a,p1b\n|-immune|p2b: Delphox|[from] ability: Levitate\n|-supereffective|p1b: Armarouge|1\n|-damage|p1a: Mr. Rime|0 fnt\n|-damage|p1b: Armarouge|10/100\n|faint|p1a: Mr. Rime\n|move|p2b: Delphox|Heat Wave|p1b: Armarouge\n|-immune|p1b: Armarouge|[from] ability: Flash Fire\n|\n|upkeep\n|inactive|Literal NPC has 30 seconds left.\n|\n|t:|1776069739\n|switch|p1a: Crabominable|Crabominable, L50, F|100/100\n|turn|3\n|inactive|Literal NPC has 30 seconds left.\n|\n|t:|1776069774\n|detailschange|p1a: Crabominable|Crabominable-Mega, L50, F\n|-mega|p1a: Crabominable|Crabominable|Crabominite\n|move|p2a: Garchomp|Protect|p2a: Garchomp\n|-singleturn|p2a: Garchomp|Protect\n|move|p1b: Armarouge|Wide Guard|p1b: Armarouge\n|-singleturn|p1b: Armarouge|Wide Guard\n|move|p1a: Crabominable|Drain Punch|p2a: Garchomp\n|-activate|p2a: Garchomp|move: Protect\n|move|p2b: Delphox|Psychic|p1a: Crabominable\n|-supereffective|p1a: Crabominable|1\n|-damage|p1a: Crabominable|23/100\n|-unboost|p1a: Crabominable|spd|1\n|\n|upkeep\n|turn|4\n|inactive|Literal NPC has 30 seconds left.\n|\n|t:|1776069801\n|switch|p1a: Sinistcha|Sinistcha, L50|100/100\n|-heal|p1b: Armarouge|35/100|[from] ability: Hospitality|[of] p1a: Sinistcha\n|move|p1b: Armarouge|Psychic|p2a: Garchomp\n|-damage|p2a: Garchomp|0 fnt\n|faint|p2a: Garchomp\n|move|p2b: Delphox|Psychic|p1a: Sinistcha\n|-damage|p1a: Sinistcha|53/100\n|\n|-heal|p1a: Sinistcha|59/100|[from] item: Leftovers\n|upkeep\n|\n|t:|1776069813\n|switch|p2a: Primarina|Primarina, L50, M|100/100\n|turn|5\n|inactive|maku8319 has 30 seconds left.\n|\n|t:|1776069845\n|move|p2a: Primarina|Protect|p2a: Primarina\n|-singleturn|p2a: Primarina|Protect\n|move|p1b: Armarouge|Psychic|p2a: Primarina\n|-activate|p2a: Primarina|move: Protect\n|move|p1a: Sinistcha|Shadow Ball|p2b: Delphox\n|-supereffective|p2b: Delphox|1\n|-damage|p2b: Delphox|32/100\n|move|p2b: Delphox|Psychic|p1a: Sinistcha\n|-damage|p1a: Sinistcha|7/100\n|\n|-heal|p1a: Sinistcha|13/100|[from] item: Leftovers\n|-fieldend|move: Trick Room\n|upkeep\n|turn|6\n|\n|t:|1776069861\n|move|p1a: Sinistcha|Rage Powder|p1a: Sinistcha\n|-singleturn|p1a: Sinistcha|move: Rage Powder\n|move|p2b: Delphox|Psychic|p1a: Sinistcha\n|-damage|p1a: Sinistcha|0 fnt\n|faint|p1a: Sinistcha\n|move|p2a: Primarina|Hyper Voice|p1b: Armarouge\n|-supereffective|p1b: Armarouge|1\n|-damage|p1b: Armarouge|0 fnt\n|faint|p1b: Armarouge\n|\n|upkeep\n|-message|Literal NPC forfeited.\n|\n|win|maku8319\n|raw|Literal NPC's rating: 1042 &rarr; <strong>1024</strong><br />(-18 for losing)\n|raw|maku8319's rating: 1000 &rarr; <strong>1045</strong><br />(+45 for winning)\n|l|\u2606Literal NPC\n|player|p1|\n|l|\u2606maku8319\n|player|p2|\n|j|\u2606maku8319\n|player|p2|maku8319|red|\n",
  "uploadtime": 1776070191,
  "views": 33,
  "formatid": "gen9championsvgc2026regma",
  "rating": 1024,
  "private": 0,
  "password": null
}