{
  "id": "gen9championsvgc2026regma-2582556376",
  "format": "[Gen 9 Champions] VGC 2026 Reg M-A",
  "players": [
    "RivasLDP",
    "Zapdos79"
  ],
  "log": "|j|\u2606RivasLDP\n|j|\u2606Zapdos79\n|t:|1776099158\n|gametype|doubles\n|player|p1|RivasLDP|veteran|1168\n|player|p2|Zapdos79|flannery|1126\n|gen|9\n|tier|[Gen 9 Champions] VGC 2026 Reg M-A\n|rated|\n|rule|Species Clause: Limit one of each Pok\u00e9mon\n|rule|Item Clause: Limit 1 of each item\n|clearpoke\n|poke|p1|Charizard, L50, F|\n|poke|p1|Sneasler, L50, M|\n|poke|p1|Venusaur, L50, M|\n|poke|p1|Garchomp, L50, F|\n|poke|p1|Sinistcha, L50|\n|poke|p1|Kingambit, L50, F|\n|poke|p2|Tyranitar, L50, F|\n|poke|p2|Talonflame, L50, M|\n|poke|p2|Excadrill, L50, F|\n|poke|p2|Meganium, L50, F|\n|poke|p2|Farigiraf, L50, M|\n|poke|p2|Incineroar, L50, M|\n|teampreview|4\n|\n|t:|1776099196\n|teamsize|p1|4\n|teamsize|p2|4\n|start\n|switch|p1a: Charizard|Charizard, L50, F|100/100\n|switch|p1b: Sneasler|Sneasler, L50, M|100/100\n|switch|p2a: Farigiraf|Farigiraf, L50, M|100/100\n|switch|p2b: Talonflame|Talonflame, L50, M|100/100\n|turn|1\n|\n|t:|1776099224\n|switch|p2b: Incineroar|Incineroar, L50, M|100/100\n|-ability|p2b: Incineroar|Intimidate|boost\n|-unboost|p1a: Charizard|atk|1\n|-unboost|p1b: Sneasler|atk|1\n|detailschange|p1a: Charizard|Charizard-Mega-Y, L50, F\n|-mega|p1a: Charizard|Charizard|Charizardite Y\n|-weather|SunnyDay|[from] ability: Drought|[of] p1a: Charizard\n|move|p1b: Sneasler|Dire Claw|p2b: Incineroar\n|-damage|p2b: Incineroar|72/100\n|move|p1a: Charizard|Heat Wave|p2b: Incineroar|[spread] p2a,p2b\n|-resisted|p2b: Incineroar|1\n|-damage|p2a: Farigiraf|52/100\n|-damage|p2b: Incineroar|38/100\n|-enditem|p2b: Incineroar|Sitrus Berry|[eat]\n|-heal|p2b: Incineroar|63/100|[from] item: Sitrus Berry\n|move|p2a: Farigiraf|Thunder Wave|p1a: Charizard\n|-status|p1a: Charizard|par\n|\n|-weather|SunnyDay|[upkeep]\n|upkeep\n|turn|2\n|\n|t:|1776099259\n|move|p2b: Incineroar|Fake Out|p1b: Sneasler\n|-damage|p1b: Sneasler|76/100\n|cant|p1b: Sneasler|flinch\n|move|p2a: Farigiraf|Psychic|p1b: Sneasler\n|-supereffective|p1b: Sneasler|2\n|-damage|p1b: Sneasler|0 fnt\n|faint|p1b: Sneasler\n|move|p1a: Charizard|Heat Wave|p2a: Farigiraf|[spread] p2a\n|-miss|p1a: Charizard|p2b: Incineroar\n|-damage|p2a: Farigiraf|0 fnt\n|faint|p2a: Farigiraf\n|\n|-weather|SunnyDay|[upkeep]\n|upkeep\n|\n|t:|1776099272\n|switch|p1b: Garchomp|Garchomp, L50, F|100/100\n|switch|p2a: Talonflame|Talonflame, L50, M|100/100\n|turn|3\n|\n|t:|1776099282\n|move|p1a: Charizard|Protect|p1a: Charizard\n|-singleturn|p1a: Charizard|Protect\n|move|p2a: Talonflame|Tailwind|p2a: Talonflame\n|-sidestart|p2: Zapdos79|move: Tailwind\n|move|p1b: Garchomp|Rock Slide|p2a: Talonflame|[spread] p2a,p2b\n|-supereffective|p2a: Talonflame|2\n|-supereffective|p2b: Incineroar|1\n|-damage|p2a: Talonflame|16/100\n|-damage|p2b: Incineroar|23/100\n|move|p2b: Incineroar|Parting Shot|p1b: Garchomp\n|-unboost|p1b: Garchomp|atk|1\n|-unboost|p1b: Garchomp|spa|1\n|\n|t:|1776099293\n|switch|p2b: Tyranitar|Tyranitar, L50, F|100/100|[from] Parting Shot\n|-weather|Sandstorm|[from] ability: Sand Stream|[of] p2b: Tyranitar\n|\n|-weather|Sandstorm|[upkeep]\n|-damage|p2a: Talonflame|10/100|[from] Sandstorm\n|-damage|p1a: Charizard|95/100 par|[from] Sandstorm\n|upkeep\n|turn|4\n|\n|t:|1776099306\n|switch|p1a: Venusaur|Venusaur, L50, M|100/100\n|move|p2a: Talonflame|Will-O-Wisp|p1b: Garchomp\n|-status|p1b: Garchomp|brn\n|move|p2b: Tyranitar|Rock Slide|p1a: Venusaur|[spread] p1a,p1b\n|-resisted|p1b: Garchomp|1\n|-damage|p1a: Venusaur|54/100\n|-damage|p1b: Garchomp|83/100 brn\n|move|p1b: Garchomp|Rock Slide|p2a: Talonflame|[spread] p2a,p2b\n|-supereffective|p2a: Talonflame|2\n|-damage|p2a: Talonflame|0 fnt\n|-damage|p2b: Tyranitar|94/100\n|faint|p2a: Talonflame\n|\n|-weather|Sandstorm|[upkeep]\n|-damage|p1a: Venusaur|48/100|[from] Sandstorm\n|-damage|p1b: Garchomp|77/100 brn|[from] brn\n|upkeep\n|\n|t:|1776099316\n|switch|p2a: Incineroar|Incineroar, L50, M|23/100\n|-ability|p2a: Incineroar|Intimidate|boost\n|-unboost|p1a: Venusaur|atk|1\n|-unboost|p1b: Garchomp|atk|1\n|turn|5\n|\n|t:|1776099327\n|move|p1a: Venusaur|Protect|p1a: Venusaur\n|-singleturn|p1a: Venusaur|Protect\n|move|p2a: Incineroar|Fake Out|p1a: Venusaur\n|-activate|p1a: Venusaur|move: Protect\n|move|p2b: Tyranitar|Rock Slide|p1a: Venusaur|[spread] p1b\n|-activate|p1a: Venusaur|move: Protect\n|-resisted|p1b: Garchomp|1\n|-damage|p1b: Garchomp|60/100 brn\n|move|p1b: Garchomp|Rock Slide|p2a: Incineroar|[spread] p2a,p2b\n|-supereffective|p2a: Incineroar|1\n|-crit|p2a: Incineroar\n|-damage|p2a: Incineroar|0 fnt\n|-damage|p2b: Tyranitar|90/100\n|faint|p2a: Incineroar\n|\n|-weather|Sandstorm|[upkeep]\n|-damage|p1a: Venusaur|43/100|[from] Sandstorm\n|-damage|p1b: Garchomp|55/100 brn|[from] brn\n|upkeep\n|turn|6\n|\n|t:|1776099356\n|move|p1b: Garchomp|Protect|p1b: Garchomp\n|-singleturn|p1b: Garchomp|Protect\n|move|p2b: Tyranitar|Rock Slide|p1b: Garchomp|[spread] p1a\n|-activate|p1b: Garchomp|move: Protect\n|-damage|p1a: Venusaur|2/100\n|move|p1a: Venusaur|Sleep Powder|p2b: Tyranitar\n|-status|p2b: Tyranitar|slp|[from] move: Sleep Powder\n|\n|-weather|Sandstorm|[upkeep]\n|-damage|p1a: Venusaur|0 fnt|[from] Sandstorm\n|faint|p1a: Venusaur\n|-damage|p1b: Garchomp|49/100 brn|[from] brn\n|-sideend|p2: Zapdos79|move: Tailwind\n|upkeep\n|\n|t:|1776099368\n|switch|p1a: Charizard|Charizard-Mega-Y, L50, F|95/100 par\n|-weather|SunnyDay|[from] ability: Drought|[of] p1a: Charizard\n|turn|7\n|\n|t:|1776099378\n|cant|p2b: Tyranitar|slp\n|move|p1b: Garchomp|Earthquake|p2b: Tyranitar|[spread] p2b\n|-immune|p1a: Charizard\n|-supereffective|p2b: Tyranitar|1\n|-damage|p2b: Tyranitar|72/100 slp\n|move|p1a: Charizard|Solar Beam||[still]\n|-prepare|p1a: Charizard|Solar Beam\n|-anim|p1a: Charizard|Solar Beam|p2b: Tyranitar\n|-supereffective|p2b: Tyranitar|1\n|-damage|p2b: Tyranitar|0 fnt\n|faint|p2b: Tyranitar\n|\n|win|RivasLDP\n|raw|RivasLDP's rating: 1168 &rarr; <strong>1190</strong><br />(+22 for winning)\n|raw|Zapdos79's rating: 1126 &rarr; <strong>1104</strong><br />(-22 for losing)\n",
  "uploadtime": 1776099384,
  "views": 10,
  "formatid": "gen9championsvgc2026regma",
  "rating": 1104,
  "private": 0,
  "password": null
}