{
  "id": "gen9championsvgc2026regma-2585563224",
  "format": "[Gen 9 Champions] VGC 2026 Reg M-A",
  "players": [
    "lemickeymaushold",
    "miredsvgc"
  ],
  "log": "|j|\u2606lemickeymaushold\n|j|\u2606miredsvgc\n|t:|1776355749\n|gametype|doubles\n|player|p1|lemickeymaushold|hoopster|1317\n|player|p2|miredsvgc|266|1363\n|gen|9\n|tier|[Gen 9 Champions] VGC 2026 Reg M-A\n|rated|\n|rule|Species Clause: Limit one of each Pok\u00e9mon\n|rule|Item Clause: Limit 1 of each item\n|clearpoke\n|poke|p1|Dragonite, L50, M|\n|poke|p1|Pelipper, L50, M|\n|poke|p1|Basculegion, L50, M|\n|poke|p1|Incineroar, L50, M|\n|poke|p1|Kingambit, L50, F|\n|poke|p1|Kangaskhan, L50, F|\n|poke|p2|Sneasler, L50, M|\n|poke|p2|Kingambit, L50, F|\n|poke|p2|Garchomp, L50, F|\n|poke|p2|Basculegion, L50, M|\n|poke|p2|Floette-Eternal, L50, F|\n|poke|p2|Froslass, L50, F|\n|teampreview|4\n|inactive|Battle timer is ON: inactive players will automatically lose when time's up. (requested by lemickeymaushold)\n|inactive|lemickeymaushold has 60 seconds left.\n|inactive|miredsvgc has 60 seconds left.\n|\n|t:|1776355801\n|teamsize|p1|4\n|teamsize|p2|4\n|start\n|switch|p1a: Basculegion|Basculegion, L50, M|100/100\n|switch|p1b: Kangaskhan|Kangaskhan, L50, F|100/100\n|switch|p2a: Froslass|Froslass, L50, F|100/100\n|switch|p2b: Kingambit|Kingambit, L50, F|100/100\n|turn|1\n|inactive|lemickeymaushold has 30 seconds left.\n|inactive|miredsvgc has 30 seconds left.\n|\n|t:|1776355835\n|detailschange|p2a: Froslass|Froslass-Mega, L50, F\n|-mega|p2a: Froslass|Froslass|Froslassite\n|-weather|Snowscape|[from] ability: Snow Warning|[of] p2a: Froslass\n|detailschange|p1b: Kangaskhan|Kangaskhan-Mega, L50, F\n|-mega|p1b: Kangaskhan|Kangaskhan|Kangaskhanite\n|move|p1b: Kangaskhan|Fake Out|p2b: Kingambit\n|-resisted|p2b: Kingambit|1\n|-damage|p2b: Kingambit|92/100\n|-resisted|p2b: Kingambit|1\n|-damage|p2b: Kingambit|90/100\n|-hitcount|p2b: Kingambit|2\n|move|p1a: Basculegion|Flip Turn|p2a: Froslass\n|-damage|p2a: Froslass|62/100\n|\n|t:|1776355847\n|switch|p1a: Pelipper|Pelipper, L50, M|100/100|[from] Flip Turn\n|-weather|RainDance|[from] ability: Drizzle|[of] p1a: Pelipper\n|move|p2a: Froslass|Shadow Ball|p1a: Pelipper\n|-damage|p1a: Pelipper|29/100\n|cant|p2b: Kingambit|flinch\n|\n|-weather|RainDance|[upkeep]\n|upkeep\n|turn|2\n|\n|t:|1776355870\n|switch|p2a: Basculegion|Basculegion, L50, M|100/100\n|move|p1b: Kangaskhan|Sucker Punch||[still]\n|-fail|p1b: Kangaskhan\n|move|p1a: Pelipper|Tailwind|p1a: Pelipper\n|-sidestart|p1: lemickeymaushold|move: Tailwind\n|move|p2b: Kingambit|Low Kick|p1b: Kangaskhan\n|-supereffective|p1b: Kangaskhan|1\n|-damage|p1b: Kangaskhan|39/100\n|\n|-weather|RainDance|[upkeep]\n|upkeep\n|turn|3\n|\n|t:|1776355883\n|move|p2a: Basculegion|Aqua Jet|p1b: Kangaskhan\n|-damage|p1b: Kangaskhan|2/100\n|move|p2b: Kingambit|Sucker Punch|p1a: Pelipper\n|-damage|p1a: Pelipper|0 fnt\n|faint|p1a: Pelipper\n|move|p1b: Kangaskhan|Drain Punch|p2b: Kingambit\n|-supereffective|p2b: Kingambit|2\n|-enditem|p2b: Kingambit|Chople Berry|[eat]\n|-enditem|p2b: Kingambit|Chople Berry|[weaken]\n|-damage|p2b: Kingambit|49/100\n|-heal|p1b: Kangaskhan|23/100|[from] drain|[of] p2b: Kingambit\n|-supereffective|p2b: Kingambit|2\n|-damage|p2b: Kingambit|28/100\n|-heal|p1b: Kangaskhan|33/100|[from] drain|[of] p2b: Kingambit\n|-hitcount|p2b: Kingambit|2\n|\n|-weather|RainDance|[upkeep]\n|upkeep\n|\n|t:|1776355904\n|switch|p1a: Basculegion|Basculegion, L50, M|100/100\n|turn|4\n|\n|t:|1776355913\n|move|p1a: Basculegion|Aqua Jet|p2b: Kingambit\n|-damage|p2b: Kingambit|0 fnt\n|faint|p2b: Kingambit\n|move|p1b: Kangaskhan|Sucker Punch|p2a: Basculegion\n|-supereffective|p2a: Basculegion|1\n|-damage|p2a: Basculegion|40/100\n|-enditem|p2a: Basculegion|Sitrus Berry|[eat]\n|-heal|p2a: Basculegion|65/100|[from] item: Sitrus Berry\n|-supereffective|p2a: Basculegion|1\n|-damage|p2a: Basculegion|52/100\n|-hitcount|p2a: Basculegion|2\n|move|p2a: Basculegion|Aqua Jet|p1b: Kangaskhan\n|-damage|p1b: Kangaskhan|0 fnt\n|faint|p1b: Kangaskhan\n|\n|-weather|RainDance|[upkeep]\n|upkeep\n|\n|t:|1776355926\n|switch|p1b: Kingambit|Kingambit, L50, F|100/100\n|switch|p2b: Froslass|Froslass-Mega, L50, F|62/100\n|-weather|Snowscape|[from] ability: Snow Warning|[of] p2b: Froslass\n|turn|5\n|\n|t:|1776355945\n|move|p1a: Basculegion|Aqua Jet|p2b: Froslass\n|-crit|p2b: Froslass\n|-damage|p2b: Froslass|24/100\n|move|p1b: Kingambit|Sucker Punch||[still]\n|-fail|p1b: Kingambit\n|move|p2b: Froslass|Aurora Veil|p2b: Froslass\n|-sidestart|p2: miredsvgc|move: Aurora Veil\n|move|p2a: Basculegion|Last Respects|p1a: Basculegion\n|-supereffective|p1a: Basculegion|1\n|-damage|p1a: Basculegion|0 fnt\n|faint|p1a: Basculegion\n|\n|-weather|Snowscape|[upkeep]\n|-sideend|p1: lemickeymaushold|move: Tailwind\n|upkeep\n|turn|6\n|\n|t:|1776355961\n|move|p1b: Kingambit|Protect|p1b: Kingambit\n|-singleturn|p1b: Kingambit|Protect\n|move|p2b: Froslass|Blizzard|p1b: Kingambit\n|-activate|p1b: Kingambit|move: Protect\n|move|p2a: Basculegion|Wave Crash|p1b: Kingambit\n|-activate|p1b: Kingambit|move: Protect\n|\n|-weather|Snowscape|[upkeep]\n|upkeep\n|turn|7\n|\n|t:|1776355968\n|move|p2a: Basculegion|Protect|p2a: Basculegion\n|-singleturn|p2a: Basculegion|Protect\n|move|p1b: Kingambit|Sucker Punch||[still]\n|-fail|p1b: Kingambit\n|move|p2b: Froslass|Blizzard|p1b: Kingambit\n|-resisted|p1b: Kingambit|1\n|-damage|p1b: Kingambit|73/100\n|\n|-weather|Snowscape|[upkeep]\n|upkeep\n|turn|8\n|\n|t:|1776355982\n|move|p1b: Kingambit|Protect|p1b: Kingambit\n|-singleturn|p1b: Kingambit|Protect\n|move|p2b: Froslass|Blizzard|p1b: Kingambit\n|-activate|p1b: Kingambit|move: Protect\n|move|p2a: Basculegion|Wave Crash|p1b: Kingambit\n|-activate|p1b: Kingambit|move: Protect\n|\n|-weather|Snowscape|[upkeep]\n|upkeep\n|turn|9\n|\n|t:|1776355998\n|move|p2b: Froslass|Blizzard|p1b: Kingambit\n|-resisted|p1b: Kingambit|1\n|-damage|p1b: Kingambit|47/100\n|move|p2a: Basculegion|Wave Crash|p1b: Kingambit\n|-damage|p1b: Kingambit|0 fnt\n|faint|p1b: Kingambit\n|-damage|p2a: Basculegion|37/100|[from] Recoil\n|\n|win|miredsvgc\n|raw|lemickeymaushold's rating: 1317 &rarr; <strong>1300</strong><br />(-17 for losing)\n|raw|miredsvgc's rating: 1363 &rarr; <strong>1380</strong><br />(+17 for winning)\n|l|\u2606lemickeymaushold\n|player|p1|\n",
  "uploadtime": 1776356007,
  "views": 45,
  "formatid": "gen9championsvgc2026regma",
  "rating": 1300,
  "private": 0,
  "password": null
}