{
  "id": "gen9championsvgc2026regma-2584710417",
  "format": "[Gen 9 Champions] VGC 2026 Reg M-A",
  "players": [
    "tonybravais",
    "Lordjek"
  ],
  "log": "|j|\u2606tonybravais\n|j|\u2606Lordjek\n|t:|1776278317\n|gametype|doubles\n|player|p1|tonybravais|170|1074\n|player|p2|Lordjek|alder|1136\n|gen|9\n|tier|[Gen 9 Champions] VGC 2026 Reg M-A\n|rated|\n|rule|Species Clause: Limit one of each Pok\u00e9mon\n|rule|Item Clause: Limit 1 of each item\n|clearpoke\n|poke|p1|Talonflame, L50, F|\n|poke|p1|Garchomp, L50, M|\n|poke|p1|Araquanid, L50, F|\n|poke|p1|Aurorus, L50, M|\n|poke|p1|Gardevoir, L50, M|\n|poke|p1|Sinistcha-Masterpiece, L50|\n|poke|p2|Aggron, L50, M|\n|poke|p2|Incineroar, L50, F|\n|poke|p2|Sinistcha, L50|\n|poke|p2|Pelipper, L50, M|\n|poke|p2|Garchomp, L50, M|\n|poke|p2|Dragapult, L50, M|\n|teampreview|4\n|\n|t:|1776278349\n|teamsize|p1|4\n|teamsize|p2|4\n|start\n|switch|p1a: Talonflame|Talonflame, L50, F|100/100\n|switch|p1b: Aurorus|Aurorus, L50, M, shiny|100/100\n|switch|p2a: Incineroar|Incineroar, L50, F|100/100\n|switch|p2b: Aggron|Aggron, L50, M|100/100\n|-ability|p2a: Incineroar|Intimidate|boost\n|-unboost|p1a: Talonflame|atk|1\n|-unboost|p1b: Aurorus|atk|1\n|-weather|Snowscape|[from] ability: Snow Warning|[of] p1b: Aurorus\n|turn|1\n|\n|t:|1776278368\n|detailschange|p2b: Aggron|Aggron-Mega, L50, M\n|-mega|p2b: Aggron|Aggron|Aggronite\n|move|p1a: Talonflame|Upper Hand|p2a: Incineroar\n|-supereffective|p2a: Incineroar|1\n|-damage|p2a: Incineroar|78/100\n|cant|p2a: Incineroar|flinch\n|move|p1b: Aurorus|Aurora Veil|p1b: Aurorus\n|-sidestart|p1: tonybravais|move: Aurora Veil\n|move|p2b: Aggron|Body Press|p1b: Aurorus\n|-supereffective|p1b: Aurorus|2\n|-damage|p1b: Aurorus|33/100\n|\n|-weather|Snowscape|[upkeep]\n|upkeep\n|turn|2\n|\n|t:|1776278408\n|switch|p1a: Garchomp|Garchomp, L50, M|100/100\n|switch|p2a: Pelipper|Pelipper, L50, M|100/100\n|-weather|RainDance|[from] ability: Drizzle|[of] p2a: Pelipper\n|switch|p1b: Araquanid|Araquanid, L50, F, shiny|100/100\n|move|p2b: Aggron|Iron Defense|p2b: Aggron\n|-boost|p2b: Aggron|def|2\n|\n|-weather|RainDance|[upkeep]\n|upkeep\n|turn|3\n|\n|t:|1776278432\n|move|p1a: Garchomp|Rock Slide|p2a: Pelipper|[spread] p2b\n|-miss|p1a: Garchomp|p2a: Pelipper\n|-resisted|p2b: Aggron|1\n|-damage|p2b: Aggron|98/100\n|move|p2a: Pelipper|Hurricane|p1b: Araquanid\n|-supereffective|p1b: Araquanid|1\n|-damage|p1b: Araquanid|54/100\n|move|p2b: Aggron|Body Press|p1a: Garchomp\n|-damage|p1a: Garchomp|46/100\n|-damage|p2b: Aggron|86/100|[from] ability: Rough Skin|[of] p1a: Garchomp\n|move|p1b: Araquanid|Liquidation|p2b: Aggron\n|-damage|p2b: Aggron|55/100\n|-unboost|p2b: Aggron|def|1\n|\n|-weather|RainDance|[upkeep]\n|upkeep\n|turn|4\n|\n|t:|1776278458\n|switch|p2a: Sinistcha|Sinistcha, L50|100/100\n|-heal|p2b: Aggron|80/100|[from] ability: Hospitality|[of] p2a: Sinistcha\n|move|p1a: Garchomp|Rock Slide|p2b: Aggron|[spread] p2a,p2b\n|-resisted|p2b: Aggron|1\n|-damage|p2a: Sinistcha|80/100\n|-damage|p2b: Aggron|77/100\n|move|p2b: Aggron|Iron Defense|p2b: Aggron\n|-boost|p2b: Aggron|def|2\n|move|p1b: Araquanid|Liquidation|p2b: Aggron\n|-damage|p2b: Aggron|54/100\n|-unboost|p2b: Aggron|def|1\n|\n|-weather|RainDance|[upkeep]\n|-heal|p2a: Sinistcha|85/100|[from] item: Leftovers\n|upkeep\n|turn|5\n|\n|t:|1776278483\n|switch|p1a: Talonflame|Talonflame, L50, F|100/100\n|move|p2a: Sinistcha|Matcha Gotcha|p1a: Talonflame|[spread] p1a,p1b\n|-resisted|p1a: Talonflame|2\n|-damage|p1a: Talonflame|93/100\n|-heal|p2a: Sinistcha|89/100|[from] drain|[of] p1a: Talonflame\n|-damage|p1b: Araquanid|39/100\n|-heal|p2a: Sinistcha|96/100|[from] drain|[of] p1b: Araquanid\n|move|p2b: Aggron|Body Press|p1b: Araquanid\n|-resisted|p1b: Araquanid|1\n|-damage|p1b: Araquanid|13/100\n|move|p1b: Araquanid|Liquidation|p2b: Aggron\n|-damage|p2b: Aggron|25/100\n|\n|-weather|RainDance|[upkeep]\n|-heal|p2a: Sinistcha|100/100|[from] item: Leftovers\n|-sideend|p1: tonybravais|move: Aurora Veil\n|upkeep\n|turn|6\n|\n|t:|1776278525\n|switch|p2a: Incineroar|Incineroar, L50, F|78/100\n|-ability|p2a: Incineroar|Intimidate|boost\n|-unboost|p1a: Talonflame|atk|1\n|-unboost|p1b: Araquanid|atk|1\n|move|p2b: Aggron|Protect|p2b: Aggron\n|-singleturn|p2b: Aggron|Protect\n|move|p1b: Araquanid|Wide Guard|p1b: Araquanid\n|-singleturn|p1b: Araquanid|Wide Guard\n|move|p1a: Talonflame|Brave Bird|p2a: Incineroar\n|-crit|p2a: Incineroar\n|-damage|p2a: Incineroar|9/100\n|-enditem|p2a: Incineroar|Sitrus Berry|[eat]\n|-heal|p2a: Incineroar|34/100|[from] item: Sitrus Berry\n|-damage|p1a: Talonflame|68/100|[from] Recoil\n|\n|-weather|none\n|upkeep\n|turn|7\n|\n|t:|1776278574\n|switch|p2a: Pelipper|Pelipper, L50, M|100/100\n|-weather|RainDance|[from] ability: Drizzle|[of] p2a: Pelipper\n|move|p2b: Aggron|Protect||[still]\n|-fail|p2b: Aggron\n|move|p1a: Talonflame|Upper Hand||[still]\n|-fail|p1a: Talonflame\n|move|p1b: Araquanid|Liquidation|p2b: Aggron\n|-damage|p2b: Aggron|6/100\n|\n|-weather|RainDance|[upkeep]\n|upkeep\n|turn|8\n|\n|t:|1776278624\n|switch|p1b: Aurorus|Aurorus, L50, M, shiny|33/100\n|-weather|Snowscape|[from] ability: Snow Warning|[of] p1b: Aurorus\n|move|p2b: Aggron|Protect|p2b: Aggron\n|-singleturn|p2b: Aggron|Protect\n|move|p1a: Talonflame|Brave Bird|p2b: Aggron\n|-activate|p2b: Aggron|move: Protect\n|move|p2a: Pelipper|Weather Ball|p1a: Talonflame\n|-damage|p1a: Talonflame|26/100\n|\n|-weather|Snowscape|[upkeep]\n|upkeep\n|turn|9\n|\n|t:|1776278661\n|switch|p2a: Sinistcha|Sinistcha, L50|100/100\n|-heal|p2b: Aggron|30/100|[from] ability: Hospitality|[of] p2a: Sinistcha\n|move|p1a: Talonflame|Tailwind|p1a: Talonflame\n|-sidestart|p1: tonybravais|move: Tailwind\n|move|p1b: Aurorus|Blizzard|p2a: Sinistcha|[spread] p2a,p2b\n|-supereffective|p2a: Sinistcha|1\n|-resisted|p2b: Aggron|1\n|-damage|p2a: Sinistcha|23/100\n|-damage|p2b: Aggron|13/100\n|move|p2b: Aggron|Body Press|p1b: Aurorus\n|-supereffective|p1b: Aurorus|2\n|-damage|p1b: Aurorus|0 fnt\n|faint|p1b: Aurorus\n|\n|-weather|Snowscape|[upkeep]\n|-heal|p2a: Sinistcha|28/100|[from] item: Leftovers\n|upkeep\n|\n|t:|1776278676\n|switch|p1b: Garchomp|Garchomp, L50, M|46/100\n|turn|10\n|\n|t:|1776278713\n|move|p1b: Garchomp|Protect|p1b: Garchomp\n|-singleturn|p1b: Garchomp|Protect\n|move|p2a: Sinistcha|Rage Powder|p2a: Sinistcha\n|-singleturn|p2a: Sinistcha|move: Rage Powder\n|move|p1a: Talonflame|Taunt|p2a: Sinistcha\n|-start|p2a: Sinistcha|move: Taunt\n|move|p2b: Aggron|Body Press|p1b: Garchomp\n|-activate|p1b: Garchomp|move: Protect\n|\n|-weather|Snowscape|[upkeep]\n|-heal|p2a: Sinistcha|34/100|[from] item: Leftovers\n|upkeep\n|turn|11\n|\n|t:|1776278735\n|switch|p2a: Incineroar|Incineroar, L50, F|34/100\n|-ability|p2a: Incineroar|Intimidate|boost\n|-unboost|p1a: Talonflame|atk|1\n|-unboost|p1b: Garchomp|atk|1\n|move|p2b: Aggron|Protect|p2b: Aggron\n|-singleturn|p2b: Aggron|Protect\n|move|p1a: Talonflame|Brave Bird|p2a: Incineroar\n|-damage|p2a: Incineroar|11/100\n|-damage|p1a: Talonflame|17/100|[from] Recoil\n|move|p1b: Garchomp|Earthquake|p2b: Aggron|[spread] p2a\n|-activate|p2b: Aggron|move: Protect\n|-immune|p1a: Talonflame\n|-supereffective|p2a: Incineroar|1\n|-damage|p2a: Incineroar|0 fnt\n|faint|p2a: Incineroar\n|\n|-weather|Snowscape|[upkeep]\n|upkeep\n|\n|t:|1776278752\n|switch|p2a: Sinistcha|Sinistcha, L50|34/100\n|-heal|p2b: Aggron|38/100|[from] ability: Hospitality|[of] p2a: Sinistcha\n|turn|12\n|\n|t:|1776278779\n|move|p2a: Sinistcha|Rage Powder|p2a: Sinistcha\n|-singleturn|p2a: Sinistcha|move: Rage Powder\n|move|p1a: Talonflame|Brave Bird|p2a: Sinistcha\n|-supereffective|p2a: Sinistcha|1\n|-damage|p2a: Sinistcha|0 fnt\n|faint|p2a: Sinistcha\n|-damage|p1a: Talonflame|5/100|[from] Recoil\n|move|p1b: Garchomp|Earthquake|p2b: Aggron|[spread] p2b\n|-immune|p1a: Talonflame\n|-supereffective|p2b: Aggron|1\n|-damage|p2b: Aggron|28/100\n|move|p2b: Aggron|Body Press|p1a: Talonflame\n|-resisted|p1a: Talonflame|1\n|-damage|p1a: Talonflame|0 fnt\n|faint|p1a: Talonflame\n|\n|-weather|none\n|-sideend|p1: tonybravais|move: Tailwind\n|upkeep\n|\n|t:|1776278797\n|switch|p1a: Araquanid|Araquanid, L50, F, shiny|13/100\n|switch|p2a: Pelipper|Pelipper, L50, M|100/100\n|-weather|RainDance|[from] ability: Drizzle|[of] p2a: Pelipper\n|turn|13\n|c|\u2606Lordjek|aggron on life support man\n|\n|t:|1776278820\n|move|p1b: Garchomp|Dragon Claw|p2a: Pelipper\n|-damage|p2a: Pelipper|72/100\n|move|p2a: Pelipper|Hurricane|p1a: Araquanid\n|-supereffective|p1a: Araquanid|1\n|-damage|p1a: Araquanid|0 fnt\n|faint|p1a: Araquanid\n|move|p2b: Aggron|Body Press|p1b: Garchomp\n|-damage|p1b: Garchomp|0 fnt\n|-damage|p2b: Aggron|16/100|[from] ability: Rough Skin|[of] p1b: Garchomp\n|faint|p1b: Garchomp\n|\n|win|Lordjek\n|raw|tonybravais's rating: 1074 &rarr; <strong>1057</strong><br />(-17 for losing)\n|raw|Lordjek's rating: 1136 &rarr; <strong>1157</strong><br />(+21 for winning)\n",
  "uploadtime": 1776278832,
  "views": 19,
  "formatid": "gen9championsvgc2026regma",
  "rating": 1057,
  "private": 0,
  "password": null
}