{
  "id": "gen9championsvgc2026regma-2583755139",
  "format": "[Gen 9 Champions] VGC 2026 Reg M-A",
  "players": [
    "croissantfourre",
    "porpal_goji"
  ],
  "log": "|j|\u2606croissantfourre\n|j|\u2606porpal_goji\n|t:|1776195491\n|gametype|doubles\n|player|p1|croissantfourre|baker|1176\n|player|p2|porpal_goji|clair|1082\n|gen|9\n|tier|[Gen 9 Champions] VGC 2026 Reg M-A\n|rated|\n|rule|Species Clause: Limit one of each Pok\u00e9mon\n|rule|Item Clause: Limit 1 of each item\n|clearpoke\n|poke|p1|Delphox, L50, M|\n|poke|p1|Garchomp, L50, M|\n|poke|p1|Orthworm, L50, F|\n|poke|p1|Aerodactyl, L50, M|\n|poke|p1|Tinkaton, L50, F|\n|poke|p1|Sneasler, L50, M|\n|poke|p2|Whimsicott, L50, F|\n|poke|p2|Orthworm, L50, F|\n|poke|p2|Charizard, L50, F|\n|poke|p2|Sneasler, L50, M|\n|poke|p2|Froslass, L50, F|\n|poke|p2|Vaporeon, L50, M|\n|teampreview|4\n|inactive|Battle timer is ON: inactive players will automatically lose when time's up. (requested by croissantfourre)\ncroissantfourre has agreed to open team sheets.\n|inactive|croissantfourre has 60 seconds left.\n|inactive|porpal_goji has 60 seconds left.\n|\n|t:|1776195541\n|teamsize|p1|4\n|teamsize|p2|4\n|start\n|switch|p1a: Aerodactyl|Aerodactyl, L50, M|100/100\n|switch|p1b: Tinkaton|Tinkaton, L50, F|100/100\n|switch|p2a: Orthworm|Orthworm, L50, F|100/100\n|switch|p2b: Whimsicott|Whimsicott, L50, F|100/100\n|-ability|p1b: Tinkaton|Mold Breaker\n|turn|1\n|\n|t:|1776195560\n|move|p2a: Orthworm|Protect|p2a: Orthworm\n|-singleturn|p2a: Orthworm|Protect\n|move|p1b: Tinkaton|Fake Out|p2a: Orthworm\n|-activate|p2a: Orthworm|move: Protect\n|move|p2b: Whimsicott|Tailwind|p2b: Whimsicott\n|-sidestart|p2: porpal_goji|move: Tailwind\n|move|p1a: Aerodactyl|Dual Wingbeat|p2b: Whimsicott|[miss]\n|-miss|p1a: Aerodactyl|p2b: Whimsicott\n|\n|upkeep\n|turn|2\n|\n|t:|1776195581\n|move|p2b: Whimsicott|Encore|p1b: Tinkaton\n|-start|p1b: Tinkaton|Encore\n|move|p1b: Tinkaton|Fake Out||[still]\n|-hint|Fake Out only works on your first turn out.\n|-fail|p1b: Tinkaton\n|move|p1a: Aerodactyl|Dual Wingbeat|p2b: Whimsicott\n|-supereffective|p2b: Whimsicott|1\n|-damage|p2b: Whimsicott|63/100\n|-supereffective|p2b: Whimsicott|1\n|-damage|p2b: Whimsicott|22/100\n|-hitcount|p2b: Whimsicott|2\n|move|p2a: Orthworm|Shed Tail|p2a: Orthworm\n|-start|p2a: Orthworm|Substitute|[from] move: Shed Tail\n|-damage|p2a: Orthworm|50/100\n|-enditem|p2a: Orthworm|Sitrus Berry|[eat]\n|-heal|p2a: Orthworm|75/100|[from] item: Sitrus Berry\n|\n|t:|1776195589\n|switch|p2a: Charizard|Charizard, L50, F|100/100|[from] Shed Tail\n|\n|upkeep\n|turn|3\n|\n|t:|1776195602\n|switch|p1b: Delphox|Delphox, L50, M|100/100\n|detailschange|p2a: Charizard|Charizard-Mega-X, L50, F\n|-mega|p2a: Charizard|Charizard|Charizardite X\n|move|p2b: Whimsicott|Moonblast|p1a: Aerodactyl\n|-damage|p1a: Aerodactyl|60/100\n|move|p2a: Charizard|Dragon Dance|p2a: Charizard\n|-boost|p2a: Charizard|atk|1\n|-boost|p2a: Charizard|spe|1\n|move|p1a: Aerodactyl|Rock Slide|p2b: Whimsicott|[spread] p2b\n|-miss|p1a: Aerodactyl|p2a: Charizard\n|-damage|p2b: Whimsicott|0 fnt\n|faint|p2b: Whimsicott\n|\n|upkeep\n|\n|t:|1776195616\n|switch|p2b: Sneasler|Sneasler, L50, M|100/100\n|turn|4\n|\n|t:|1776195630\n|detailschange|p1b: Delphox|Delphox-Mega, L50, M\n|-mega|p1b: Delphox|Delphox|Delphoxite\n|move|p1b: Delphox|Protect|p1b: Delphox\n|-singleturn|p1b: Delphox|Protect\n|move|p2b: Sneasler|Fake Out|p1b: Delphox\n|-activate|p1b: Delphox|move: Protect\n|move|p2a: Charizard|Dragon Claw|p1a: Aerodactyl\n|-damage|p1a: Aerodactyl|0 fnt\n|faint|p1a: Aerodactyl\n|\n|-sideend|p2: porpal_goji|move: Tailwind\n|upkeep\n|\n|t:|1776195639\n|switch|p1a: Tinkaton|Tinkaton, L50, F|100/100\n|-ability|p1a: Tinkaton|Mold Breaker\n|turn|5\n|\n|t:|1776195656\n|move|p2b: Sneasler|Protect|p2b: Sneasler\n|-singleturn|p2b: Sneasler|Protect\n|move|p1a: Tinkaton|Fake Out|p2b: Sneasler\n|-activate|p2b: Sneasler|move: Protect\n|move|p2a: Charizard|Flare Blitz|p1a: Tinkaton\n|-supereffective|p1a: Tinkaton|1\n|-damage|p1a: Tinkaton|0 fnt\n|faint|p1a: Tinkaton\n|-damage|p2a: Charizard|66/100|[from] Recoil\n|move|p1b: Delphox|Psychic|p2b: Sneasler\n|-activate|p2b: Sneasler|move: Protect\n|\n|upkeep\n|\n|t:|1776195660\n|switch|p1a: Sneasler|Sneasler, L50, M|100/100\n|turn|6\n|\n|t:|1776195674\n|move|p1a: Sneasler|Fake Out|p2b: Sneasler\n|-damage|p2b: Sneasler|73/100\n|move|p2a: Charizard|Roost|p2a: Charizard\n|-heal|p2a: Charizard|100/100\n|-singleturn|p2a: Charizard|move: Roost\n|move|p1b: Delphox|Dazzling Gleam|p2a: Charizard|[spread] p2a,p2b\n|-end|p2a: Charizard|Substitute\n|-damage|p2b: Sneasler|38/100\n|cant|p2b: Sneasler|flinch\n|\n|upkeep\n|turn|7\n|inactive|croissantfourre has 30 seconds left.\n|\n|t:|1776195702\n|move|p2a: Charizard|Dragon Claw|p1b: Delphox\n|-damage|p1b: Delphox|0 fnt\n|faint|p1b: Delphox\n|move|p1a: Sneasler|Close Combat|p2a: Charizard\n|-damage|p2a: Charizard|23/100\n|-unboost|p1a: Sneasler|def|1\n|-unboost|p1a: Sneasler|spd|1\n|-enditem|p1a: Sneasler|White Herb\n|-clearnegativeboost|p1a: Sneasler|[silent]\n|move|p2b: Sneasler|Dire Claw|p1a: Sneasler\n|-resisted|p1a: Sneasler|1\n|-damage|p1a: Sneasler|59/100\n|-status|p1a: Sneasler|slp\n|\n|upkeep\n|turn|8\n|\n|t:|1776195714\n|cant|p1a: Sneasler|slp\n|move|p2a: Charizard|Flare Blitz|p1a: Sneasler\n|-damage|p1a: Sneasler|0 fnt\n|faint|p1a: Sneasler\n|-damage|p2a: Charizard|4/100|[from] Recoil\n|\n|win|porpal_goji\n|raw|croissantfourre's rating: 1176 &rarr; <strong>1144</strong><br />(-32 for losing)\n|raw|porpal_goji's rating: 1082 &rarr; <strong>1117</strong><br />(+35 for winning)\n|l|\u2606croissantfourre\n|player|p1|\n",
  "uploadtime": 1776195717,
  "views": 14,
  "formatid": "gen9championsvgc2026regma",
  "rating": 1117,
  "private": 0,
  "password": null
}