{
  "id": "gen9championsvgc2026regma-2581276047",
  "format": "[Gen 9 Champions] VGC 2026 Reg M-A",
  "players": [
    "imperialdave1",
    "gomugomujavier"
  ],
  "log": "|j|\u2606imperialdave1\n|j|\u2606gomugomujavier\n|t:|1775980024\n|gametype|doubles\n|player|p1|imperialdave1|170|1144\n|player|p2|gomugomujavier|266|1239\n|gen|9\n|tier|[Gen 9 Champions] VGC 2026 Reg M-A\n|rated|\n|rule|Species Clause: Limit one of each Pok\u00e9mon\n|rule|Item Clause: Limit 1 of each item\n|clearpoke\n|poke|p1|Scovillain, L50, F|\n|poke|p1|Zoroark-Hisui, L50, F|\n|poke|p1|Sinistcha, L50|\n|poke|p1|Incineroar, L50, F|\n|poke|p1|Kleavor, L50, F|\n|poke|p1|Sneasler, L50, F|\n|poke|p2|Pelipper, L50, F|\n|poke|p2|Archaludon, L50, M|\n|poke|p2|Incineroar, L50, M|\n|poke|p2|Sinistcha, L50|\n|poke|p2|Starmie, L50|\n|poke|p2|Gengar, L50, F|\n|teampreview|4\n|inactive|Battle timer is ON: inactive players will automatically lose when time's up. (requested by imperialdave1)\nimperialdave1 rejected open team sheets.\n|\n|t:|1775980061\n|teamsize|p1|4\n|teamsize|p2|4\n|start\n|switch|p1a: Kleavor|Kleavor, L50, F|100/100\n|switch|p1b: Sinistcha|Sinistcha, L50|100/100\n|switch|p2a: Pelipper|Pelipper, L50, F|100/100\n|switch|p2b: Archaludon|Archaludon, L50, M|100/100\n|-weather|RainDance|[from] ability: Drizzle|[of] p2a: Pelipper\n|turn|1\n|inactive|gomugomujavier has 30 seconds left.\n|\n|t:|1775980087\n|switch|p2a: Incineroar|Incineroar, L50, M|100/100\n|-ability|p2a: Incineroar|Intimidate|boost\n|-unboost|p1a: Kleavor|atk|1\n|-unboost|p1b: Sinistcha|atk|1\n|move|p1a: Kleavor|Stone Axe|p2a: Incineroar\n|-supereffective|p2a: Incineroar|1\n|-damage|p2a: Incineroar|37/100\n|-sidestart|p2: gomugomujavier|move: Stealth Rock\n|-enditem|p2a: Incineroar|Sitrus Berry|[eat]\n|-heal|p2a: Incineroar|62/100|[from] item: Sitrus Berry\n|move|p2b: Archaludon|Electro Shot||[still]\n|-prepare|p2b: Archaludon|Electro Shot\n|-boost|p2b: Archaludon|spa|1\n|-anim|p2b: Archaludon|Electro Shot|p1a: Kleavor\n|-damage|p1a: Kleavor|12/100\n|move|p1b: Sinistcha|Shadow Ball|p2b: Archaludon\n|-damage|p2b: Archaludon|62/100\n|-ability|p2b: Archaludon|Stamina|boost\n|-boost|p2b: Archaludon|def|1\n|\n|-weather|RainDance|[upkeep]\n|upkeep\n|turn|2\n|inactive|gomugomujavier has 30 seconds left.\n|\n|t:|1775980121\n|switch|p1a: Kleavor|Kleavor, L50, F|100/100\n|move|p2a: Incineroar|Fake Out|p1a: Kleavor\n|-immune|p1a: Kleavor\n|move|p2b: Archaludon|Electro Shot||[still]\n|-prepare|p2b: Archaludon|Electro Shot\n|-boost|p2b: Archaludon|spa|1\n|-anim|p2b: Archaludon|Electro Shot|p1a: Kleavor\n|-enditem|p1a: Kleavor|Focus Sash\n|-damage|p1a: Kleavor|1/100\n|replace|p1a: Zoroark|Zoroark-Hisui, L50, F\n|-end|p1a: Zoroark|Illusion\n|move|p1b: Sinistcha|Shadow Ball|p2b: Archaludon\n|-damage|p2b: Archaludon|17/100\n|-ability|p2b: Archaludon|Stamina|boost\n|-boost|p2b: Archaludon|def|1\n|\n|-weather|RainDance|[upkeep]\n|upkeep\n|turn|3\n|inactive|imperialdave1 has 30 seconds left.\n|inactive|gomugomujavier has 30 seconds left.\n|inactive|gomugomujavier has 20 seconds left.\n|inactive|gomugomujavier has 15 seconds left.\n|inactive|gomugomujavier has 10 seconds left.\n|\n|t:|1775980170\n|switch|p2b: Pelipper|Pelipper, L50, F|100/100\n|-damage|p2b: Pelipper|76/100|[from] Stealth Rock\n|move|p1a: Zoroark|Shadow Ball|p2b: Pelipper\n|-damage|p2b: Pelipper|29/100\n|move|p1b: Sinistcha|Shadow Ball|p2a: Incineroar\n|-resisted|p2a: Incineroar|1\n|-damage|p2a: Incineroar|46/100\n|move|p2a: Incineroar|Darkest Lariat|p1b: Sinistcha\n|-supereffective|p1b: Sinistcha|1\n|-damage|p1b: Sinistcha|42/100\n|-enditem|p1b: Sinistcha|Sitrus Berry|[eat]\n|-heal|p1b: Sinistcha|67/100|[from] item: Sitrus Berry\n|\n|-weather|RainDance|[upkeep]\n|upkeep\n|turn|4\n|\n|t:|1775980194\n|move|p2b: Pelipper|Protect|p2b: Pelipper\n|-singleturn|p2b: Pelipper|Protect\n|move|p1a: Zoroark|Shadow Ball|p2b: Pelipper\n|-activate|p2b: Pelipper|move: Protect\n|move|p1b: Sinistcha|Shadow Ball|p2a: Incineroar\n|-resisted|p2a: Incineroar|1\n|-damage|p2a: Incineroar|31/100\n|move|p2a: Incineroar|Darkest Lariat|p1a: Zoroark\n|-supereffective|p1a: Zoroark|1\n|-damage|p1a: Zoroark|0 fnt\n|faint|p1a: Zoroark\n|\n|-weather|RainDance|[upkeep]\n|upkeep\n|\n|t:|1775980213\n|switch|p1a: Kleavor|Kleavor, L50, F|12/100\n|turn|5\n|\n|t:|1775980229\n|switch|p2a: Archaludon|Archaludon, L50, M|17/100\n|-damage|p2a: Archaludon|11/100|[from] Stealth Rock\n|move|p1a: Kleavor|Stone Axe|p2b: Pelipper\n|-supereffective|p2b: Pelipper|1\n|-damage|p2b: Pelipper|0 fnt\n|faint|p2b: Pelipper\n|move|p1b: Sinistcha|Shadow Ball|p2a: Archaludon\n|-damage|p2a: Archaludon|0 fnt\n|faint|p2a: Archaludon\n|\n|-weather|none\n|upkeep\n|\n|t:|1775980243\n|switch|p2a: Incineroar|Incineroar, L50, M|31/100\n|switch|p2b: Starmie|Starmie, L50|100/100\n|-damage|p2b: Starmie|88/100|[from] Stealth Rock\n|-damage|p2a: Incineroar|6/100|[from] Stealth Rock\n|-ability|p2a: Incineroar|Intimidate|boost\n|-unboost|p1a: Kleavor|atk|1\n|-unboost|p1b: Sinistcha|atk|1\n|turn|6\n|\n|t:|1775980265\n|switch|p1a: Sneasler|Sneasler, L50, F|100/100\n|detailschange|p2b: Starmie|Starmie-Mega, L50\n|-mega|p2b: Starmie|Starmie|Starminite\n|move|p2a: Incineroar|Fake Out|p1a: Sneasler\n|-damage|p1a: Sneasler|84/100\n|move|p1b: Sinistcha|Rage Powder|p1b: Sinistcha\n|-singleturn|p1b: Sinistcha|move: Rage Powder\n|move|p2b: Starmie|Zen Headbutt|p1b: Sinistcha\n|-damage|p1b: Sinistcha|0 fnt\n|faint|p1b: Sinistcha\n|\n|upkeep\n|\n|t:|1775980276\n|switch|p1b: Kleavor|Kleavor, L50, F|12/100\n|turn|7\n|\n|t:|1775980289\n|move|p1a: Sneasler|Fake Out|p2b: Starmie\n|-damage|p2b: Starmie|73/100\n|cant|p2b: Starmie|flinch\n|move|p1b: Kleavor|U-turn|p2a: Incineroar\n|-damage|p2a: Incineroar|0 fnt\n|faint|p2a: Incineroar\n|\n|upkeep\n|turn|8\n|\n|t:|1775980300\n|move|p2b: Starmie|Aqua Jet|p1b: Kleavor\n|-supereffective|p1b: Kleavor|1\n|-damage|p1b: Kleavor|0 fnt\n|faint|p1b: Kleavor\n|move|p1a: Sneasler|Dire Claw|p2b: Starmie\n|-damage|p2b: Starmie|25/100\n|\n|upkeep\n|turn|9\n|\n|t:|1775980321\n|move|p2b: Starmie|Aqua Jet|p1a: Sneasler\n|-damage|p1a: Sneasler|22/100\n|move|p1a: Sneasler|Dire Claw|p2b: Starmie\n|-damage|p2b: Starmie|0 fnt\n|faint|p2b: Starmie\n|\n|win|imperialdave1\n|raw|imperialdave1's rating: 1144 &rarr; <strong>1176</strong><br />(+32 for winning)\n|raw|gomugomujavier's rating: 1239 &rarr; <strong>1207</strong><br />(-32 for losing)\n|l|\u2606gomugomujavier\n|player|p2|\n|c|\u2606imperialdave1|Gg\n",
  "uploadtime": 1775980333,
  "views": 13,
  "formatid": "gen9championsvgc2026regma",
  "rating": 1176,
  "private": 0,
  "password": null
}