{
  "id": "gen9championsvgc2026regma-2582535089",
  "format": "[Gen 9 Champions] VGC 2026 Reg M-A",
  "players": [
    "battle sim trainer",
    "yagostik"
  ],
  "log": "|j|\u2606battle sim trainer\n|j|\u2606yagostik\n|t:|1776097853\n|gametype|doubles\n|player|p1|battle sim trainer|turo|\n|player|p2|yagostik|265|\n|gen|9\n|tier|[Gen 9 Champions] VGC 2026 Reg M-A\n|rated|Tournament battle\n|rule|Species Clause: Limit one of each Pok\u00e9mon\n|rule|Item Clause: Limit 1 of each item\n|raw|<div class=\"infobox\"><details class=\"readmore\" open><summary><strong>1 custom rule:</strong></summary> Force Open Team Sheets</details></div>\n|clearpoke\n|poke|p1|Gallade, L50, M|\n|poke|p1|Torkoal, L50, M|\n|poke|p1|Crabominable, L50, M|\n|poke|p1|Farigiraf, L50, F|\n|poke|p1|Kangaskhan, L50, F|\n|poke|p1|Sinistcha-Masterpiece, L50|\n|poke|p2|Furfrou-Pharaoh, L50, F|\n|poke|p2|Feraligatr, L50, M|\n|poke|p2|Talonflame, L50, F|\n|poke|p2|Excadrill, L50, M|\n|poke|p2|Conkeldurr, L50, F|\n|poke|p2|Sinistcha, L50|\n|teampreview|4\n|showteam|p1|Gallade||ScopeLens|Sharpness|SacredSword,PsychoCut,WideGuard,TrickRoom|||M|||50|]Torkoal||Charcoal|Drought|Eruption,WeatherBall,EarthPower,Protect|||M|||50|]Crabominable||Crabominite|HyperCutter|IcePunch,DrainPunch,ThunderPunch,MachPunch|||M|||50|]Farigiraf||SitrusBerry|ArmorTail|HyperVoice,Psyshock,NastyPlot,TrickRoom|||F|||50|]Kangaskhan||SilkScarf|Scrappy|FakeOut,LastResort|||F|||50|]Sinistcha-Masterpiece||FocusSash|Hospitality|Imprison,RagePowder,TrickRoom,ShadowBall||||||50|\n|showteam|p2|Furfrou-Pharaoh||Leftovers|FurCoat|CottonGuard,Snarl,Substitute,Protect|||F|||50|]Feraligatr||Feraligite|SheerForce|Protect,DoubleEdge,Liquidation,FlipTurn|||M|||50|]Talonflame||MentalHerb|GaleWings|BraveBird,Tailwind,Protect,Overheat|||F|||50|]Excadrill||FocusSash|MoldBreaker|HighHorsepower,RockSlide,Protect,IronHead|||M|||50|]Conkeldurr||BlackBelt|IronFist|MachPunch,DrainPunch,Protect,IcePunch|||F|||50|]Sinistcha||OccaBerry|Hospitality|LifeDew,Protect,TrickRoom,MatchaGotcha||||||50|\n|inactive|Battle timer is ON: inactive players will automatically lose when time's up. (requested by yagostik)\n|c|\u2606battle sim trainer|glhf\n|c|\u2606yagostik|u2\n|inactive|battle sim trainer has 60 seconds left.\n|j| chai56\n|l| chai56\n|\n|t:|1776097912\n|teamsize|p1|4\n|teamsize|p2|4\n|start\n|switch|p1a: Sinistcha|Sinistcha-Masterpiece, L50|100/100\n|switch|p1b: Farigiraf|Farigiraf, L50, F|100/100\n|switch|p2a: Furfrou|Furfrou-Pharaoh, L50, F|100/100\n|switch|p2b: Sinistcha|Sinistcha, L50|100/100\n|turn|1\n|inactive|battle sim trainer has 30 seconds left.\n|inactive|yagostik has 30 seconds left.\n|inactive|yagostik has 20 seconds left.\n|inactive|yagostik has 15 seconds left.\n|inactive|yagostik has 10 seconds left.\n|inactive|yagostik has 5 seconds left.\n|\n|t:|1776097967\n|move|p2a: Furfrou|Cotton Guard|p2a: Furfrou\n|-boost|p2a: Furfrou|def|3\n|move|p2b: Sinistcha|Life Dew||[still]|[still]|[spread] \n|-fail|p2a: Furfrou|heal\n|-fail|p2b: Sinistcha|heal\n|move|p1a: Sinistcha|Shadow Ball|p2b: Sinistcha\n|-supereffective|p2b: Sinistcha|1\n|-damage|p2b: Sinistcha|45/100\n|move|p1b: Farigiraf|Nasty Plot|p1b: Farigiraf\n|-boost|p1b: Farigiraf|spa|2\n|\n|upkeep\n|turn|2\n|\n|t:|1776097987\n|move|p2b: Sinistcha|Protect|p2b: Sinistcha\n|-singleturn|p2b: Sinistcha|Protect\n|move|p2a: Furfrou|Snarl|p1a: Sinistcha|[spread] p1a,p1b\n|-supereffective|p1a: Sinistcha|1\n|-supereffective|p1b: Farigiraf|1\n|-damage|p1a: Sinistcha|87/100\n|-damage|p1b: Farigiraf|91/100\n|-unboost|p1a: Sinistcha|spa|1\n|-unboost|p1b: Farigiraf|spa|1\n|move|p1a: Sinistcha|Shadow Ball|p2b: Sinistcha\n|-activate|p2b: Sinistcha|move: Protect\n|move|p1b: Farigiraf|Hyper Voice|p2b: Sinistcha|[spread] p2a\n|-activate|p2b: Sinistcha|move: Protect\n|-damage|p2a: Furfrou|74/100\n|\n|-heal|p2a: Furfrou|80/100|[from] item: Leftovers\n|upkeep\n|turn|3\n|inactive|battle sim trainer has 30 seconds left.\n|\n|t:|1776098012\n|move|p2a: Furfrou|Snarl|p1b: Farigiraf|[spread] p1a,p1b\n|-supereffective|p1a: Sinistcha|1\n|-supereffective|p1b: Farigiraf|1\n|-damage|p1a: Sinistcha|74/100\n|-damage|p1b: Farigiraf|81/100\n|-unboost|p1a: Sinistcha|spa|1\n|-unboost|p1b: Farigiraf|spa|1\n|move|p2b: Sinistcha|Life Dew|p2b: Sinistcha|[spread] p2a,p2b\n|-heal|p2a: Furfrou|100/100\n|-heal|p2b: Sinistcha|71/100\n|move|p1a: Sinistcha|Shadow Ball|p2b: Sinistcha\n|-supereffective|p2b: Sinistcha|1\n|-damage|p2b: Sinistcha|46/100\n|move|p1b: Farigiraf|Nasty Plot|p1b: Farigiraf\n|-boost|p1b: Farigiraf|spa|2\n|\n|upkeep\n|turn|4\n|inactive|yagostik has 30 seconds left.\n|inactive|yagostik has 20 seconds left.\n|inactive|yagostik has 15 seconds left.\n|inactive|yagostik has 10 seconds left.\n|inactive|yagostik has 5 seconds left.\n|\n|t:|1776098068\n|move|p2a: Furfrou|Cotton Guard|p2a: Furfrou\n|-boost|p2a: Furfrou|def|3\n|move|p2b: Sinistcha|Life Dew||[still]|[spread] p2a,p2b\n|-fail|p2a: Furfrou|heal\n|-heal|p2b: Sinistcha|71/100\n|move|p1b: Farigiraf|Nasty Plot|p1b: Farigiraf\n|-boost|p1b: Farigiraf|spa|2\n|move|p1a: Sinistcha|Trick Room|p1a: Sinistcha\n|-fieldstart|move: Trick Room|[of] p1a: Sinistcha\n|\n|upkeep\n|turn|5\n|\n|t:|1776098086\n|switch|p1a: Torkoal|Torkoal, L50, M|100/100\n|-weather|SunnyDay|[from] ability: Drought|[of] p1a: Torkoal\n|move|p1b: Farigiraf|Hyper Voice|p2a: Furfrou|[spread] p2a\n|-immune|p2b: Sinistcha\n|-damage|p2a: Furfrou|41/100\n|move|p2b: Sinistcha|Life Dew|p2b: Sinistcha|[spread] p2a,p2b\n|-heal|p2a: Furfrou|66/100\n|-heal|p2b: Sinistcha|97/100\n|move|p2a: Furfrou|Snarl|p1a: Torkoal|[spread] \n|-miss|p2a: Furfrou|p1a: Torkoal\n|-miss|p2a: Furfrou|p1b: Farigiraf\n|\n|-weather|SunnyDay|[upkeep]\n|-heal|p2a: Furfrou|72/100|[from] item: Leftovers\n|upkeep\n|turn|6\n|inactive|battle sim trainer has 30 seconds left.\n|\n|t:|1776098112\n|move|p1a: Torkoal|Eruption|p2a: Furfrou|[spread] p2a,p2b\n|-supereffective|p2b: Sinistcha|1\n|-enditem|p2b: Sinistcha|Occa Berry|[eat]\n|-enditem|p2b: Sinistcha|Occa Berry|[weaken]\n|-damage|p2a: Furfrou|11/100\n|-damage|p2b: Sinistcha|22/100\n|move|p1b: Farigiraf|Nasty Plot|p1b: Farigiraf\n|-boost|p1b: Farigiraf|spa|2\n|move|p2a: Furfrou|Snarl|p1a: Torkoal|[spread] p1a,p1b\n|-supereffective|p1b: Farigiraf|1\n|-damage|p1a: Torkoal|91/100\n|-damage|p1b: Farigiraf|71/100\n|-unboost|p1a: Torkoal|spa|1\n|-unboost|p1b: Farigiraf|spa|1\n|move|p2b: Sinistcha|Trick Room|p2b: Sinistcha\n|-fieldend|move: Trick Room\n|\n|-weather|SunnyDay|[upkeep]\n|-heal|p2a: Furfrou|17/100|[from] item: Leftovers\n|upkeep\n|turn|7\n|\n|t:|1776098132\n|switch|p1a: Sinistcha|Sinistcha-Masterpiece, L50|74/100\n|-heal|p1b: Farigiraf|95/100|[from] ability: Hospitality|[of] p1a: Sinistcha\n|move|p2a: Furfrou|Snarl|p1b: Farigiraf|[spread] p1a,p1b\n|-supereffective|p1a: Sinistcha|1\n|-supereffective|p1b: Farigiraf|1\n|-damage|p1a: Sinistcha|61/100\n|-damage|p1b: Farigiraf|85/100\n|-unboost|p1a: Sinistcha|spa|1\n|-unboost|p1b: Farigiraf|spa|1\n|move|p2b: Sinistcha|Life Dew|p2b: Sinistcha|[spread] p2a,p2b\n|-heal|p2a: Furfrou|42/100\n|-heal|p2b: Sinistcha|48/100\n|move|p1b: Farigiraf|Hyper Voice|p2b: Sinistcha|[spread] p2a\n|-immune|p2b: Sinistcha\n|-damage|p2a: Furfrou|0 fnt\n|faint|p2a: Furfrou\n|\n|-weather|SunnyDay|[upkeep]\n|upkeep\n|\n|t:|1776098142\n|switch|p2a: Feraligatr|Feraligatr, L50, M|100/100\n|turn|8\n|\n|t:|1776098152\n|detailschange|p2a: Feraligatr|Feraligatr-Mega, L50, M\n|-mega|p2a: Feraligatr|Feraligatr|Feraligite\n|move|p1a: Sinistcha|Rage Powder|p1a: Sinistcha\n|-singleturn|p1a: Sinistcha|move: Rage Powder\n|move|p2a: Feraligatr|Double-Edge|p1a: Sinistcha\n|-damage|p1a: Sinistcha|0 fnt\n|faint|p1a: Sinistcha\n|-damage|p2a: Feraligatr|82/100|[from] Recoil\n|move|p2b: Sinistcha|Matcha Gotcha|p1b: Farigiraf\n|-damage|p1b: Farigiraf|58/100\n|-heal|p2b: Sinistcha|65/100|[from] drain|[of] p1b: Farigiraf\n|-status|p1b: Farigiraf|brn\n|move|p1b: Farigiraf|Trick Room|p1b: Farigiraf\n|-fieldstart|move: Trick Room|[of] p1b: Farigiraf\n|\n|-weather|SunnyDay|[upkeep]\n|-damage|p1b: Farigiraf|52/100 brn|[from] brn\n|upkeep\n|\n|t:|1776098172\n|switch|p1a: Crabominable|Crabominable, L50, M|100/100\n|turn|9\n|inactive|battle sim trainer has 30 seconds left.\n|inactive|yagostik has 30 seconds left.\n|inactive|yagostik has 20 seconds left.\n|inactive|yagostik has 15 seconds left.\n|inactive|yagostik has 10 seconds left.\n|\n|t:|1776098219\n|detailschange|p1a: Crabominable|Crabominable-Mega, L50, M\n|-mega|p1a: Crabominable|Crabominable|Crabominite\n|move|p1a: Crabominable|Drain Punch|p2a: Feraligatr\n|-damage|p2a: Feraligatr|36/100\n|move|p1b: Farigiraf|Psyshock|p2b: Sinistcha\n|-damage|p2b: Sinistcha|0 fnt\n|faint|p2b: Sinistcha\n|move|p2a: Feraligatr|Double-Edge|p1a: Crabominable\n|-damage|p1a: Crabominable|33/100\n|-damage|p2a: Feraligatr|12/100|[from] Recoil\n|\n|-weather|none\n|-damage|p1b: Farigiraf|46/100 brn|[from] brn\n|upkeep\n|-enditem|p1b: Farigiraf|Sitrus Berry|[eat]\n|-heal|p1b: Farigiraf|71/100 brn|[from] item: Sitrus Berry\n|\n|t:|1776098228\n|switch|p2b: Conkeldurr|Conkeldurr, L50, F|100/100\n|turn|10\n|\n|t:|1776098234\n|move|p2b: Conkeldurr|Protect|p2b: Conkeldurr\n|-singleturn|p2b: Conkeldurr|Protect\n|move|p2a: Feraligatr|Protect|p2a: Feraligatr\n|-singleturn|p2a: Feraligatr|Protect\n|move|p1a: Crabominable|Drain Punch|p2b: Conkeldurr\n|-activate|p2b: Conkeldurr|move: Protect\n|move|p1b: Farigiraf|Hyper Voice|p2a: Feraligatr|[spread] \n|-activate|p2a: Feraligatr|move: Protect\n|-activate|p2b: Conkeldurr|move: Protect\n|\n|-damage|p1b: Farigiraf|64/100 brn|[from] brn\n|upkeep\n|turn|11\n|\n|t:|1776098241\n|move|p2b: Conkeldurr|Mach Punch||[still]\n|cant|p1b: Farigiraf|ability: Armor Tail|Mach Punch|[of] p2b: Conkeldurr\n|move|p1a: Crabominable|Drain Punch|p2b: Conkeldurr\n|-damage|p2b: Conkeldurr|47/100\n|-heal|p1a: Crabominable|61/100|[from] drain|[of] p2b: Conkeldurr\n|move|p1b: Farigiraf|Hyper Voice|p2a: Feraligatr|[spread] p2a,p2b\n|-damage|p2a: Feraligatr|0 fnt\n|-damage|p2b: Conkeldurr|0 fnt\n|faint|p2a: Feraligatr\n|faint|p2b: Conkeldurr\n|\n|win|battle sim trainer\n|n|\u2606battle sim trainer|battlesimtrainer\n|n|\u2606yagostik|yagostik\n|l|\u2606yagostik\n|player|p2|\n|c|\u2606battle sim trainer|gg\n",
  "uploadtime": 1776098251,
  "views": 11,
  "formatid": "gen9championsvgc2026regma",
  "rating": null,
  "private": 0,
  "password": null
}