{
  "id": "gen9championsvgc2026regma-2582239740",
  "format": "[Gen 9 Champions] VGC 2026 Reg M-A",
  "players": [
    "UtterlyIncapable",
    "Rad_Jhin"
  ],
  "log": "|j|\u2606UtterlyIncapable\n|j|\u2606Rad_Jhin\n|t:|1776074984\n|gametype|doubles\n|player|p1|UtterlyIncapable|firebreather|1195\n|player|p2|Rad_Jhin|169|1109\n|gen|9\n|tier|[Gen 9 Champions] VGC 2026 Reg M-A\n|rated|\n|rule|Species Clause: Limit one of each Pok\u00e9mon\n|rule|Item Clause: Limit 1 of each item\n|clearpoke\n|poke|p1|Froslass, L50, F|\n|poke|p1|Ninetales-Alola, L50, M|\n|poke|p1|Zoroark-Hisui, L50, M|\n|poke|p1|Whimsicott, L50, M|\n|poke|p1|Maushold-Four, L50|\n|poke|p1|Gallade, L50, M|\n|poke|p2|Rotom-Wash, L50|\n|poke|p2|Sneasler, L50, M|\n|poke|p2|Archaludon, L50, F|\n|poke|p2|Pelipper, L50, M|\n|poke|p2|Basculegion, L50, M|\n|poke|p2|Sinistcha, L50|\n|teampreview|4\nRad_Jhin has agreed to open team sheets.\n|inactive|Battle timer is ON: inactive players will automatically lose when time's up. (requested by Rad_Jhin)\n|\n|t:|1776075080\n|teamsize|p1|4\n|teamsize|p2|4\n|start\n|switch|p1a: Froslass|Froslass, L50, F|100/100\n|switch|p1b: Maushold|Maushold-Four, L50|100/100\n|switch|p2a: Basculegion|Basculegion, L50, M, shiny|100/100\n|switch|p2b: Sinistcha|Sinistcha, L50, shiny|100/100\n|turn|1\n|inactive|UtterlyIncapable has 30 seconds left.\n|inactive|Rad_Jhin has 30 seconds left.\n|inactive|UtterlyIncapable has 20 seconds left.\n|\n|t:|1776075118\n|detailschange|p1a: Froslass|Froslass-Mega, L50, F\n|-mega|p1a: Froslass|Froslass|Froslassite\n|-weather|Snowscape|[from] ability: Snow Warning|[of] p1a: Froslass\n|move|p2a: Basculegion|Wave Crash|p1a: Froslass\n|-damage|p1a: Froslass|12/100\n|-damage|p2a: Basculegion|78/100|[from] Recoil\n|move|p1a: Froslass|Shadow Ball|p2b: Sinistcha\n|-supereffective|p2b: Sinistcha|1\n|-damage|p2b: Sinistcha|25/100\n|-enditem|p2b: Sinistcha|Sitrus Berry|[eat]\n|-heal|p2b: Sinistcha|50/100|[from] item: Sitrus Berry\n|move|p1b: Maushold|Nasty Plot|p1b: Maushold\n|-boost|p1b: Maushold|spa|2\n|move|p2b: Sinistcha|Trick Room|p2b: Sinistcha\n|-fieldstart|move: Trick Room|[of] p2b: Sinistcha\n|\n|-weather|Snowscape|[upkeep]\n|upkeep\n|turn|2\n|inactive|UtterlyIncapable has 30 seconds left.\n|inactive|Rad_Jhin has 30 seconds left.\n|inactive|Rad_Jhin has 20 seconds left.\n|inactive|Rad_Jhin has 15 seconds left.\n|inactive|Rad_Jhin has 10 seconds left.\n|inactive|Rad_Jhin has 5 seconds left.\n|\n|t:|1776075173\n|switch|p1a: Maushold|Maushold-Four, L50|100/100\n|move|p1b: Maushold|Shadow Ball|p2a: Basculegion\n|-supereffective|p2a: Basculegion|1\n|-damage|p2a: Basculegion|0 fnt\n|faint|p2a: Basculegion\n|move|p2b: Sinistcha|Trick Room|p2b: Sinistcha\n|-fieldend|move: Trick Room\n|\n|-weather|Snowscape|[upkeep]\n|upkeep\n|inactive|Rad_Jhin has 30 seconds left.\n|inactive|Rad_Jhin has 20 seconds left.\n|inactive|Rad_Jhin has 15 seconds left.\n|inactive|Rad_Jhin has 10 seconds left.\n|\n|t:|1776075221\n|switch|p2a: Pelipper|Pelipper, L50, M, shiny|100/100\n|-weather|RainDance|[from] ability: Drizzle|[of] p2a: Pelipper\n|turn|3\n|inactive|Rad_Jhin has 30 seconds left.\n|\n|t:|1776075252\n|move|p1a: Maushold|Feint|p2a: Pelipper\n|-damage|p2a: Pelipper|89/100\n|move|p2b: Sinistcha|Rage Powder|p2b: Sinistcha\n|-singleturn|p2b: Sinistcha|move: Rage Powder\n|move|p1b: Maushold|Shadow Ball|p2b: Sinistcha\n|-supereffective|p2b: Sinistcha|1\n|-damage|p2b: Sinistcha|0 fnt\n|faint|p2b: Sinistcha\n|move|p2a: Pelipper|Tailwind|p2a: Pelipper\n|-sidestart|p2: Rad_Jhin|move: Tailwind\n|\n|-weather|RainDance|[upkeep]\n|upkeep\n|\n|t:|1776075256\n|switch|p2b: Archaludon|Archaludon, L50, F|100/100\n|turn|4\n|\n|t:|1776075276\n|move|p1a: Maushold|Follow Me|p1a: Maushold\n|-singleturn|p1a: Maushold|move: Follow Me\n|move|p2a: Pelipper|Weather Ball|p1a: Maushold\n|-damage|p1a: Maushold|9/100\n|move|p2b: Archaludon|Electro Shot||[still]\n|-prepare|p2b: Archaludon|Electro Shot\n|-boost|p2b: Archaludon|spa|1\n|-anim|p2b: Archaludon|Electro Shot|p1a: Maushold\n|-damage|p1a: Maushold|0 fnt\n|faint|p1a: Maushold\n|move|p1b: Maushold|Shadow Ball|p2b: Archaludon\n|-damage|p2b: Archaludon|26/100\n|-ability|p2b: Archaludon|Stamina|boost\n|-boost|p2b: Archaludon|def|1\n|\n|-weather|RainDance|[upkeep]\n|upkeep\n|\n|t:|1776075288\n|switch|p1a: Froslass|Froslass-Mega, L50, F|12/100\n|-weather|Snowscape|[from] ability: Snow Warning|[of] p1a: Froslass\n|turn|5\n|inactive|Rad_Jhin has 30 seconds left.\n|inactive|Rad_Jhin has 20 seconds left.\n|inactive|Rad_Jhin has 15 seconds left.\n|inactive|Rad_Jhin has 10 seconds left.\n|\n|t:|1776075339\n|move|p1a: Froslass|Protect|p1a: Froslass\n|-singleturn|p1a: Froslass|Protect\n|move|p1b: Maushold|Protect|p1b: Maushold\n|-singleturn|p1b: Maushold|Protect\n|move|p2a: Pelipper|Hurricane|p1b: Maushold\n|-activate|p1b: Maushold|move: Protect\n|move|p2b: Archaludon|Flash Cannon|p1a: Froslass\n|-activate|p1a: Froslass|move: Protect\n|\n|-weather|Snowscape|[upkeep]\n|upkeep\n|turn|6\n|inactive|Rad_Jhin has 30 seconds left.\n|inactive|Rad_Jhin has 20 seconds left.\n|inactive|Rad_Jhin has 15 seconds left.\n|inactive|Rad_Jhin has 10 seconds left.\n|inactive|Rad_Jhin has 5 seconds left.\n|\n|t:|1776075393\n|switch|p1a: Gallade|Gallade, L50, M|100/100\n|move|p2a: Pelipper|Weather Ball|p1b: Maushold\n|-damage|p1b: Maushold|39/100\n|replace|p1b: Zoroark|Zoroark-Hisui, L50, M\n|-end|p1b: Zoroark|Illusion\n|move|p2b: Archaludon|Flash Cannon|p1a: Gallade\n|-damage|p1a: Gallade|37/100\n|move|p1b: Zoroark|Shadow Ball|p2a: Pelipper\n|-damage|p2a: Pelipper|0 fnt\n|faint|p2a: Pelipper\n|\n|-weather|Snowscape|[upkeep]\n|-sideend|p2: Rad_Jhin|move: Tailwind\n|upkeep\n|turn|7\n|-message|Rad_Jhin forfeited.\n|\n|win|UtterlyIncapable\n|raw|UtterlyIncapable's rating: 1195 &rarr; <strong>1214</strong><br />(+19 for winning)\n|raw|Rad_Jhin's rating: 1109 &rarr; <strong>1090</strong><br />(-19 for losing)\n|l|\u2606Rad_Jhin\n|player|p2|\n",
  "uploadtime": 1776075411,
  "views": 13,
  "formatid": "gen9championsvgc2026regma",
  "rating": 1090,
  "private": 0,
  "password": null
}