{
  "id": "gen9championsvgc2026regma-2586438745",
  "format": "[Gen 9 Champions] VGC 2026 Reg M-A",
  "players": [
    "storm93ita",
    "NotRobe"
  ],
  "log": "|j|\u2606storm93ita\n|j|\u2606NotRobe\n|t:|1776434740\n|gametype|doubles\n|player|p1|storm93ita|volkner|1056\n|player|p2|NotRobe|170|1000\n|gen|9\n|tier|[Gen 9 Champions] VGC 2026 Reg M-A\n|rated|\n|rule|Species Clause: Limit one of each Pok\u00e9mon\n|rule|Item Clause: Limit 1 of each item\n|clearpoke\n|poke|p1|Dragonite, L50, M|\n|poke|p1|Basculegion, L50, M|\n|poke|p1|Archaludon, L50, F|\n|poke|p1|Meganium, L50, M|\n|poke|p1|Sneasler, L50, F|\n|poke|p1|Pelipper, L50, M|\n|poke|p2|Blastoise, L50, M|\n|poke|p2|Garchomp, L50, M|\n|poke|p2|Politoed, L50, F|\n|poke|p2|Whimsicott, L50, F|\n|poke|p2|Ninetales, L50, M|\n|poke|p2|Typhlosion-Hisui, L50, M|\n|teampreview|4\nNotRobe has agreed to open team sheets.\n|inactive|Battle timer is ON: inactive players will automatically lose when time's up. (requested by storm93ita)\n|\n|t:|1776434753\n|teamsize|p1|4\n|teamsize|p2|4\n|start\n|switch|p1a: Dragonite|Dragonite, L50, M|100/100\n|switch|p1b: Pelipper|Pelipper, L50, M|100/100\n|switch|p2a: Garchomp|Garchomp, L50, M|100/100\n|switch|p2b: Whimsicott|Whimsicott, L50, F|100/100\n|-weather|RainDance|[from] ability: Drizzle|[of] p1b: Pelipper\n|turn|1\n|\n|t:|1776434769\n|detailschange|p2a: Garchomp|Garchomp-Mega, L50, M\n|-mega|p2a: Garchomp|Garchomp|Garchompite\n|detailschange|p1a: Dragonite|Dragonite-Mega, L50, M\n|-mega|p1a: Dragonite|Dragonite|Dragoninite\n|move|p2b: Whimsicott|Taunt|p1b: Pelipper\n|-start|p1b: Pelipper|move: Taunt\n|move|p1a: Dragonite|Ice Beam|p2a: Garchomp\n|-supereffective|p2a: Garchomp|2\n|-damage|p2a: Garchomp|0 fnt\n|faint|p2a: Garchomp\n|cant|p1b: Pelipper|move: Taunt|Tailwind\n|\n|-weather|RainDance|[upkeep]\n|upkeep\n|\n|t:|1776434780\n|switch|p2a: Ninetales|Ninetales, L50, M|100/100\n|-weather|SunnyDay|[from] ability: Drought|[of] p2a: Ninetales\n|turn|2\n|\n|t:|1776434789\n|switch|p1b: Basculegion|Basculegion, L50, M|100/100\n|move|p1a: Dragonite|Protect|p1a: Dragonite\n|-singleturn|p1a: Dragonite|Protect\n|move|p2b: Whimsicott|Tailwind|p2b: Whimsicott\n|-sidestart|p2: NotRobe|move: Tailwind\n|move|p2a: Ninetales|Flamethrower|p1b: Basculegion\n|-resisted|p1b: Basculegion|1\n|-damage|p1b: Basculegion|78/100\n|\n|-weather|SunnyDay|[upkeep]\n|upkeep\n|turn|3\n|\n|t:|1776434807\n|switch|p1b: Pelipper|Pelipper, L50, M|100/100\n|-weather|RainDance|[from] ability: Drizzle|[of] p1b: Pelipper\n|move|p2b: Whimsicott|U-turn|p1b: Pelipper\n|-resisted|p1b: Pelipper|1\n|-damage|p1b: Pelipper|94/100\n|\n|t:|1776434814\n|switch|p2b: Typhlosion|Typhlosion-Hisui, L50, M|100/100|[from] U-turn\n|-item|p1a: Dragonite|Dragoninite|[from] ability: Frisk|[of] p2b: Typhlosion\n|-item|p1b: Pelipper|Focus Sash|[from] ability: Frisk|[of] p2b: Typhlosion\n|move|p2a: Ninetales|Encore|p1a: Dragonite\n|-start|p1a: Dragonite|Encore\n|move|p1a: Dragonite|Protect||[still]\n|-fail|p1a: Dragonite\n|\n|-weather|RainDance|[upkeep]\n|upkeep\n|turn|4\n|\n|t:|1776434832\n|switch|p2a: Whimsicott|Whimsicott, L50, F|100/100\n|switch|p1a: Basculegion|Basculegion, L50, M|78/100\n|move|p2b: Typhlosion|Protect|p2b: Typhlosion\n|-singleturn|p2b: Typhlosion|Protect\n|move|p1b: Pelipper|Tailwind|p1b: Pelipper\n|-sidestart|p1: storm93ita|move: Tailwind\n|\n|-weather|RainDance|[upkeep]\n|upkeep\n|turn|5\n|\n|t:|1776434850\n|switch|p2a: Ninetales|Ninetales, L50, M|100/100\n|-weather|SunnyDay|[from] ability: Drought|[of] p2a: Ninetales\n|move|p1a: Basculegion|Wave Crash|p2b: Typhlosion\n|-supereffective|p2b: Typhlosion|1\n|-damage|p2b: Typhlosion|18/100\n|-damage|p1a: Basculegion|54/100|[from] Recoil\n|move|p2b: Typhlosion|Shadow Ball|p1a: Basculegion\n|-supereffective|p1a: Basculegion|1\n|-damage|p1a: Basculegion|0 fnt\n|faint|p1a: Basculegion\n|move|p1b: Pelipper|Hurricane|p2a: Ninetales\n|-damage|p2a: Ninetales|60/100\n|\n|-weather|SunnyDay|[upkeep]\n|-sideend|p2: NotRobe|move: Tailwind\n|upkeep\n|\n|t:|1776434864\n|switch|p1a: Dragonite|Dragonite-Mega, L50, M|100/100\n|turn|6\n|\n|t:|1776434869\n|switch|p1b: Archaludon|Archaludon, L50, F|100/100\n|switch|p2a: Whimsicott|Whimsicott, L50, F|100/100\n|move|p1a: Dragonite|Protect|p1a: Dragonite\n|-singleturn|p1a: Dragonite|Protect\n|move|p2b: Typhlosion|Protect||[still]\n|-fail|p2b: Typhlosion\n|\n|-weather|SunnyDay|[upkeep]\n|upkeep\n|turn|7\n|\n|t:|1776434885\n|move|p2a: Whimsicott|Tailwind|p2a: Whimsicott\n|-sidestart|p2: NotRobe|move: Tailwind\n|move|p1a: Dragonite|Hurricane|p2b: Typhlosion\n|-damage|p2b: Typhlosion|0 fnt\n|faint|p2b: Typhlosion\n|move|p1b: Archaludon|Flash Cannon|p2a: Whimsicott\n|-supereffective|p2a: Whimsicott|1\n|-damage|p2a: Whimsicott|0 fnt\n|faint|p2a: Whimsicott\n|\n|-weather|SunnyDay|[upkeep]\n|-sideend|p1: storm93ita|move: Tailwind\n|upkeep\n|-message|NotRobe forfeited.\n|\n|win|storm93ita\n|raw|storm93ita's rating: 1056 &rarr; <strong>1083</strong><br />(+27 for winning)\n|raw|NotRobe's rating: 1000 &rarr; <strong>1000</strong><br />(+0 for losing)\n|l|\u2606NotRobe\n|player|p2|\n",
  "uploadtime": 1776434896,
  "views": 17,
  "formatid": "gen9championsvgc2026regma",
  "rating": 1000,
  "private": 0,
  "password": null
}