{
  "id": "gen9championsvgc2026regma-2583714288",
  "format": "[Gen 9 Champions] VGC 2026 Reg M-A",
  "players": [
    "jacinthespuppy",
    "TGinge"
  ],
  "log": "|j|\u2606jacinthespuppy\n|j|\u2606TGinge\n|t:|1776192739\n|gametype|doubles\n|player|p1|jacinthespuppy|dawn-gen4pt|1291\n|player|p2|TGinge|rocketgrunt|1250\n|gen|9\n|tier|[Gen 9 Champions] VGC 2026 Reg M-A\n|rated|\n|rule|Species Clause: Limit one of each Pok\u00e9mon\n|rule|Item Clause: Limit 1 of each item\n|clearpoke\n|poke|p1|Tyranitar, L50, M|\n|poke|p1|Excadrill, L50, M|\n|poke|p1|Dragapult, L50, M|\n|poke|p1|Rotom-Heat, L50|\n|poke|p1|Gyarados, L50, M|\n|poke|p1|Sinistcha, L50|\n|poke|p2|Chandelure, L50, M|\n|poke|p2|Hydrapple, L50, F|\n|poke|p2|Whimsicott, L50, M|\n|poke|p2|Incineroar, L50, M|\n|poke|p2|Basculegion, L50, M|\n|poke|p2|Kingambit, L50, M|\n|teampreview|4\n|inactive|Battle timer is ON: inactive players will automatically lose when time's up. (requested by TGinge)\n|inactive|jacinthespuppy also wants the timer to be on.\n|inactive|jacinthespuppy has 60 seconds left.\n|inactive|TGinge has 60 seconds left.\n|inactive|TGinge has 30 seconds left.\n|inactive|TGinge has 20 seconds left.\n|inactive|TGinge has 15 seconds left.\n|\n|t:|1776192819\n|teamsize|p1|4\n|teamsize|p2|4\n|start\n|switch|p1a: vomit|Sinistcha, L50|100/100\n|switch|p1b: trick choice scarf|Rotom-Heat, L50|100/100\n|switch|p2a: Kingambit|Kingambit, L50, M|100/100\n|switch|p2b: Whimsicott|Whimsicott, L50, M|100/100\n|turn|1\n|inactive|TGinge has 30 seconds left.\n|inactive|TGinge has 20 seconds left.\n|inactive|TGinge has 15 seconds left.\n|inactive|TGinge has 10 seconds left.\n|\n|t:|1776192867\n|switch|p2a: Incineroar|Incineroar, L50, M|100/100\n|-ability|p2a: Incineroar|Intimidate|boost\n|-unboost|p1a: vomit|atk|1\n|-unboost|p1b: trick choice scarf|atk|1\n|move|p1b: trick choice scarf|Volt Switch|p2a: Incineroar\n|-damage|p2a: Incineroar|76/100\n|\n|t:|1776192879\n|switch|p1b: big boss|Tyranitar, L50, M|100/100|[from] Volt Switch\n|-weather|Sandstorm|[from] ability: Sand Stream|[of] p1b: big boss\n|move|p2b: Whimsicott|Trick Room|p2b: Whimsicott\n|-fieldstart|move: Trick Room|[of] p2b: Whimsicott\n|move|p1a: vomit|Trick Room|p1a: vomit\n|-fieldend|move: Trick Room\n|\n|-weather|Sandstorm|[upkeep]\n|-damage|p2b: Whimsicott|95/100|[from] Sandstorm\n|-damage|p1a: vomit|95/100|[from] Sandstorm\n|-damage|p2a: Incineroar|70/100|[from] Sandstorm\n|upkeep\n|turn|2\n|c|\u2606jacinthespuppy|wtf man\n|inactive|TGinge has 30 seconds left.\n|c|\u2606jacinthespuppy|im fighting vs straight bs today\n|\n|t:|1776192905\n|switch|p1a: trick choice scarf|Rotom-Heat, L50|100/100\n|switch|p2a: Kingambit|Kingambit, L50, M|100/100\n|detailschange|p1b: big boss|Tyranitar-Mega, L50, M\n|-mega|p1b: big boss|Tyranitar|Tyranitarite\n|move|p2b: Whimsicott|Sunny Day|p2b: Whimsicott\n|-weather|SunnyDay\n|move|p1b: big boss|Rock Slide|p2a: Kingambit|[spread] p2a,p2b\n|-resisted|p2a: Kingambit|1\n|-damage|p2a: Kingambit|87/100\n|-damage|p2b: Whimsicott|40/100\n|\n|-weather|SunnyDay|[upkeep]\n|upkeep\n|turn|3\n|c|\u2606jacinthespuppy|TRICK ROOM WHIMSI\n|c|\u2606jacinthespuppy|theres no way ur a real person\n|inactive|jacinthespuppy has 30 seconds left.\n|inactive|jacinthespuppy has 20 seconds left.\n|\n|t:|1776192947\n|move|p2a: Kingambit|Protect|p2a: Kingambit\n|-singleturn|p2a: Kingambit|Protect\n|move|p2b: Whimsicott|Tailwind|p2b: Whimsicott\n|-sidestart|p2: TGinge|move: Tailwind\n|move|p1a: trick choice scarf|Overheat|p2a: Kingambit\n|-activate|p2a: Kingambit|move: Protect\n|move|p1b: big boss|Low Kick|p2a: Kingambit\n|-activate|p2a: Kingambit|move: Protect\n|\n|-weather|SunnyDay|[upkeep]\n|upkeep\n|turn|4\n|inactive|TGinge has 30 seconds left.\n|inactive|TGinge has 20 seconds left.\n|inactive|TGinge has 15 seconds left.\n|inactive|TGinge has 10 seconds left.\n|\n|t:|1776192997\n|switch|p2a: Chandelure|Chandelure, L50, M|100/100\n|move|p1b: big boss|Protect|p1b: big boss\n|-singleturn|p1b: big boss|Protect\n|move|p2b: Whimsicott|Moonblast|p1b: big boss\n|-activate|p1b: big boss|move: Protect\n|move|p1a: trick choice scarf|Volt Switch|p2a: Chandelure\n|-crit|p2a: Chandelure\n|-damage|p2a: Chandelure|46/100\n|\n|t:|1776193005\n|switch|p1a: vomit|Sinistcha, L50|95/100|[from] Volt Switch\n|\n|-weather|SunnyDay|[upkeep]\n|upkeep\n|turn|5\n|inactive|TGinge has 30 seconds left.\n|\n|t:|1776193031\n|switch|p1a: trick choice scarf|Rotom-Heat, L50|100/100\n|detailschange|p2a: Chandelure|Chandelure-Mega, L50, M\n|-mega|p2a: Chandelure|Chandelure|Chandelurite\n|move|p2b: Whimsicott|Moonblast|p1b: big boss\n|-supereffective|p1b: big boss|1\n|-damage|p1b: big boss|51/100\n|move|p2a: Chandelure|Shadow Ball|p1a: trick choice scarf\n|-damage|p1a: trick choice scarf|43/100\n|move|p1b: big boss|Knock Off|p2a: Chandelure\n|-supereffective|p2a: Chandelure|1\n|-damage|p2a: Chandelure|0 fnt\n|faint|p2a: Chandelure\n|\n|-weather|SunnyDay|[upkeep]\n|upkeep\n|\n|t:|1776193044\n|switch|p2a: Kingambit|Kingambit, L50, M|87/100\n|turn|6\n|\n|t:|1776193064\n|move|p1b: big boss|Protect|p1b: big boss\n|-singleturn|p1b: big boss|Protect\n|move|p2a: Kingambit|Sucker Punch|p1a: trick choice scarf\n|-damage|p1a: trick choice scarf|0 fnt\n|faint|p1a: trick choice scarf\n|move|p2b: Whimsicott|Moonblast|p1b: big boss\n|-activate|p1b: big boss|move: Protect\n|\n|-weather|none\n|-sideend|p2: TGinge|move: Tailwind\n|upkeep\n|\n|t:|1776193070\n|switch|p1a: vomit|Sinistcha, L50|95/100\n|-heal|p1b: big boss|76/100|[from] ability: Hospitality|[of] p1a: vomit\n|turn|7\n|\n|t:|1776193092\n|move|p2b: Whimsicott|Tailwind|p2b: Whimsicott\n|-sidestart|p2: TGinge|move: Tailwind\n|move|p2a: Kingambit|Low Kick|p1b: big boss\n|-supereffective|p1b: big boss|2\n|-damage|p1b: big boss|0 fnt\n|faint|p1b: big boss\n|move|p1a: vomit|Strength Sap|p2a: Kingambit\n|-unboost|p2a: Kingambit|atk|1\n|-ability|p2a: Kingambit|Defiant|boost\n|-boost|p2a: Kingambit|atk|2\n|-heal|p1a: vomit|100/100\n|\n|upkeep\n|-message|jacinthespuppy forfeited.\n|\n|win|TGinge\n|raw|jacinthespuppy's rating: 1291 &rarr; <strong>1263</strong><br />(-28 for losing)\n|raw|TGinge's rating: 1250 &rarr; <strong>1278</strong><br />(+28 for winning)\n|l|\u2606jacinthespuppy\n|player|p1|\n",
  "uploadtime": 1776193110,
  "views": 26,
  "formatid": "gen9championsvgc2026regma",
  "rating": 1263,
  "private": 0,
  "password": null
}