{
  "id": "gen9championsvgc2026regma-2581270204",
  "format": "[Gen 9 Champions] VGC 2026 Reg M-A",
  "players": [
    "XiaoRan_AZ",
    "txpxyy"
  ],
  "log": "|j|\u2606XiaoRan_AZ\n|j|\u2606txpxyy\n|t:|1775979167\n|gametype|doubles\n|player|p1|XiaoRan_AZ|n|1079\n|player|p2|txpxyy|marshal|1032\n|gen|9\n|tier|[Gen 9 Champions] VGC 2026 Reg M-A\n|rated|\n|rule|Species Clause: Limit one of each Pok\u00e9mon\n|rule|Item Clause: Limit 1 of each item\n|clearpoke\n|poke|p1|Gengar, L50, F|\n|poke|p1|Pelipper, L50, M|\n|poke|p1|Incineroar, L50, M|\n|poke|p1|Maushold-Four, L50|\n|poke|p1|Archaludon, L50, F|\n|poke|p1|Palafin, L50, F|\n|poke|p2|Armarouge, L50, F|\n|poke|p2|Feraligatr, L50, M|\n|poke|p2|Chesnaught, L50, F|\n|poke|p2|Farigiraf, L50, F|\n|poke|p2|Goodra-Hisui, L50, F|\n|poke|p2|Aegislash, L50, M|\n|teampreview|4\n|inactive|Battle timer is ON: inactive players will automatically lose when time's up. (requested by XiaoRan_AZ)\nXiaoRan_AZ rejected open team sheets.\n|\n|t:|1775979210\n|teamsize|p1|4\n|teamsize|p2|4\n|start\n|switch|p1a: Gengar|Gengar, L50, F, shiny|100/100\n|switch|p1b: Incineroar|Incineroar, L50, M|100/100\n|switch|p2a: Chesnaught|Chesnaught, L50, F|100/100\n|switch|p2b: Farigiraf|Farigiraf, L50, F|100/100\n|-ability|p1b: Incineroar|Intimidate|boost\n|-unboost|p2a: Chesnaught|atk|1\n|-unboost|p2b: Farigiraf|atk|1\n|turn|1\n|\n|t:|1775979230\n|detailschange|p1a: Gengar|Gengar-Mega, L50, F, shiny\n|-mega|p1a: Gengar|Gengar|Gengarite\n|detailschange|p2a: Chesnaught|Chesnaught-Mega, L50, F\n|-mega|p2a: Chesnaught|Chesnaught|Chesnaughtite\n|move|p1a: Gengar|Perish Song|p1a: Gengar\n|-start|p1a: Gengar|perish3|[silent]\n|-start|p1b: Incineroar|perish3|[silent]\n|-start|p2a: Chesnaught|perish3|[silent]\n|-start|p2b: Farigiraf|perish3|[silent]\n|-fieldactivate|move: Perish Song\n|move|p1b: Incineroar|Darkest Lariat|p2b: Farigiraf\n|-supereffective|p2b: Farigiraf|1\n|-damage|p2b: Farigiraf|32/100\n|-enditem|p2b: Farigiraf|Sitrus Berry|[eat]\n|-heal|p2b: Farigiraf|56/100|[from] item: Sitrus Berry\n|move|p2a: Chesnaught|Drain Punch|p1b: Incineroar\n|-supereffective|p1b: Incineroar|1\n|-damage|p1b: Incineroar|61/100\n|move|p2b: Farigiraf|Trick Room|p2b: Farigiraf\n|-fieldstart|move: Trick Room|[of] p2b: Farigiraf\n|\n|-start|p2a: Chesnaught|perish3\n|-start|p2b: Farigiraf|perish3\n|-start|p1b: Incineroar|perish3\n|-start|p1a: Gengar|perish3\n|upkeep\n|turn|2\n|inactive|txpxyy has 30 seconds left.\n|inactive|txpxyy has 20 seconds left.\n|\n|t:|1775979269\n|move|p2b: Farigiraf|Helping Hand|p2a: Chesnaught\n|-singleturn|p2a: Chesnaught|Helping Hand|[of] p2b: Farigiraf\n|move|p1b: Incineroar|Protect|p1b: Incineroar\n|-singleturn|p1b: Incineroar|Protect\n|move|p1a: Gengar|Protect|p1a: Gengar\n|-singleturn|p1a: Gengar|Protect\n|move|p2a: Chesnaught|Wood Hammer|p1a: Gengar\n|-activate|p1a: Gengar|move: Protect\n|\n|-start|p2a: Chesnaught|perish2\n|-start|p2b: Farigiraf|perish2\n|-start|p1b: Incineroar|perish2\n|-start|p1a: Gengar|perish2\n|upkeep\n|turn|3\n|\n|t:|1775979288\n|switch|p1a: Maushold|Maushold-Four, L50|100/100\n|move|p2b: Farigiraf|Helping Hand|p2a: Chesnaught\n|-singleturn|p2a: Chesnaught|Helping Hand|[of] p2b: Farigiraf\n|move|p2a: Chesnaught|Wood Hammer|p1a: Maushold\n|-damage|p1a: Maushold|34/100\n|-damage|p2a: Chesnaught|76/100|[from] Recoil\n|move|p1b: Incineroar|Parting Shot|p2a: Chesnaught\n|-unboost|p2a: Chesnaught|atk|1\n|-unboost|p2a: Chesnaught|spa|1\n|\n|t:|1775979302\n|switch|p1b: Gengar|Gengar-Mega, L50, F, shiny|100/100|[from] Parting Shot\n|\n|-start|p2a: Chesnaught|perish1\n|-start|p2b: Farigiraf|perish1\n|upkeep\n|turn|4\n|c|\u2606txpxyy|is this wolfe?\n|inactive|txpxyy has 30 seconds left.\n|c|\u2606txpxyy|fire ahh perish trap\n|\n|t:|1775979335\n|move|p2b: Farigiraf|Protect|p2b: Farigiraf\n|-singleturn|p2b: Farigiraf|Protect\n|move|p1a: Maushold|Protect|p1a: Maushold\n|-singleturn|p1a: Maushold|Protect\n|move|p1b: Gengar|Protect|p1b: Gengar\n|-singleturn|p1b: Gengar|Protect\n|move|p2a: Chesnaught|Poison Jab|p1a: Maushold\n|-activate|p1a: Maushold|move: Protect\n|\n|-start|p2a: Chesnaught|perish0\n|-start|p2b: Farigiraf|perish0\n|faint|p2a: Chesnaught\n|faint|p2b: Farigiraf\n|upkeep\n|\n|t:|1775979347\n|switch|p2a: Goodra|Goodra-Hisui, L50, F|100/100\n|switch|p2b: Armarouge|Armarouge, L50, F|100/100\n|turn|5\n|\n|t:|1775979364\n|move|p1a: Maushold|Follow Me|p1a: Maushold\n|-singleturn|p1a: Maushold|move: Follow Me\n|move|p2a: Goodra|Heavy Slam|p1a: Maushold\n|-damage|p1a: Maushold|0 fnt\n|faint|p1a: Maushold\n|move|p2b: Armarouge|Psychic|p1b: Gengar\n|-supereffective|p1b: Gengar|1\n|-damage|p1b: Gengar|0 fnt\n|faint|p1b: Gengar\n|\n|-fieldend|move: Trick Room\n|upkeep\n|\n|t:|1775979373\n|switch|p1b: Archaludon|Archaludon, L50, F|100/100\n|switch|p1a: Incineroar|Incineroar, L50, M|61/100\n|-ability|p1a: Incineroar|Intimidate|boost\n|-unboost|p2a: Goodra|atk|1\n|-unboost|p2b: Armarouge|atk|1\n|turn|6\n|\n|t:|1775979384\n|move|p1a: Incineroar|Fake Out|p2a: Goodra\n|-resisted|p2a: Goodra|1\n|-damage|p2a: Goodra|96/100\n|-ability|p2a: Goodra|Gooey\n|-unboost|p1a: Incineroar|spe|1\n|move|p1b: Archaludon|Snarl|p2b: Armarouge|[spread] p2a,p2b\n|-supereffective|p2b: Armarouge|1\n|-damage|p2a: Goodra|86/100\n|-damage|p2b: Armarouge|77/100\n|-unboost|p2a: Goodra|spa|1\n|-unboost|p2b: Armarouge|spa|1\n|cant|p2a: Goodra|flinch\n|move|p2b: Armarouge|Trick Room|p2b: Armarouge\n|-fieldstart|move: Trick Room|[of] p2b: Armarouge\n|\n|-heal|p2a: Goodra|92/100|[from] item: Leftovers\n|upkeep\n|turn|7\n|inactive|XiaoRan_AZ has 30 seconds left.\n|\n|t:|1775979411\n|move|p1a: Incineroar|Darkest Lariat|p2a: Goodra\n|-damage|p2a: Goodra|61/100\n|-ability|p2a: Goodra|Gooey\n|-unboost|p1a: Incineroar|spe|1\n|move|p2a: Goodra|Body Press|p1b: Archaludon\n|-supereffective|p1b: Archaludon|1\n|-damage|p1b: Archaludon|64/100\n|-ability|p1b: Archaludon|Stamina|boost\n|-boost|p1b: Archaludon|def|1\n|move|p2b: Armarouge|Aura Sphere|p1a: Incineroar\n|-supereffective|p1a: Incineroar|1\n|-damage|p1a: Incineroar|20/100\n|-enditem|p1a: Incineroar|Sitrus Berry|[eat]\n|-heal|p1a: Incineroar|45/100|[from] item: Sitrus Berry\n|move|p1b: Archaludon|Snarl|p2b: Armarouge|[spread] p2a,p2b\n|-supereffective|p2b: Armarouge|1\n|-damage|p2a: Goodra|51/100\n|-damage|p2b: Armarouge|53/100\n|-unboost|p2a: Goodra|spa|1\n|-unboost|p2b: Armarouge|spa|1\n|\n|-heal|p2a: Goodra|57/100|[from] item: Leftovers\n|-heal|p1b: Archaludon|70/100|[from] item: Leftovers\n|upkeep\n|turn|8\n|inactive|txpxyy has 30 seconds left.\n|\n|t:|1775979438\n|move|p1a: Incineroar|Protect|p1a: Incineroar\n|-singleturn|p1a: Incineroar|Protect\n|move|p2a: Goodra|Protect|p2a: Goodra\n|-singleturn|p2a: Goodra|Protect\n|move|p2b: Armarouge|Aura Sphere|p1a: Incineroar\n|-activate|p1a: Incineroar|move: Protect\n|move|p1b: Archaludon|Snarl|p2b: Armarouge|[spread] p2b\n|-activate|p2a: Goodra|move: Protect\n|-supereffective|p2b: Armarouge|1\n|-damage|p2b: Armarouge|30/100\n|-unboost|p2b: Armarouge|spa|1\n|\n|-heal|p2a: Goodra|63/100|[from] item: Leftovers\n|-heal|p1b: Archaludon|76/100|[from] item: Leftovers\n|upkeep\n|turn|9\n|inactive|txpxyy has 30 seconds left.\n|\n|t:|1775979472\n|move|p1a: Incineroar|Darkest Lariat|p2a: Goodra\n|-damage|p2a: Goodra|35/100\n|-ability|p2a: Goodra|Gooey\n|-unboost|p1a: Incineroar|spe|1\n|move|p2a: Goodra|Body Press|p1a: Incineroar\n|-supereffective|p1a: Incineroar|1\n|-damage|p1a: Incineroar|6/100\n|move|p2b: Armarouge|Aura Sphere|p1a: Incineroar\n|-supereffective|p1a: Incineroar|1\n|-damage|p1a: Incineroar|0 fnt\n|faint|p1a: Incineroar\n|move|p1b: Archaludon|Snarl|p2b: Armarouge|[spread] p2a,p2b\n|-supereffective|p2b: Armarouge|1\n|-damage|p2a: Goodra|26/100\n|-damage|p2b: Armarouge|7/100\n|-unboost|p2a: Goodra|spa|1\n|-unboost|p2b: Armarouge|spa|1\n|\n|-heal|p2a: Goodra|31/100|[from] item: Leftovers\n|-heal|p1b: Archaludon|82/100|[from] item: Leftovers\n|upkeep\n|turn|10\n|inactive|XiaoRan_AZ has 30 seconds left.\n|inactive|txpxyy has 30 seconds left.\n|\n|t:|1775979502\n|move|p2a: Goodra|Body Press|p1b: Archaludon\n|-supereffective|p1b: Archaludon|1\n|-damage|p1b: Archaludon|58/100\n|-ability|p1b: Archaludon|Stamina|boost\n|-boost|p1b: Archaludon|def|1\n|move|p2b: Armarouge|Armor Cannon|p1b: Archaludon\n|-damage|p1b: Archaludon|38/100\n|-unboost|p2b: Armarouge|def|1\n|-unboost|p2b: Armarouge|spd|1\n|-ability|p1b: Archaludon|Stamina|boost\n|-boost|p1b: Archaludon|def|1\n|move|p1b: Archaludon|Snarl|p2a: Goodra|[spread] p2a,p2b\n|-supereffective|p2b: Armarouge|1\n|-damage|p2a: Goodra|22/100\n|-damage|p2b: Armarouge|0 fnt\n|-unboost|p2a: Goodra|spa|1\n|faint|p2b: Armarouge\n|\n|-heal|p2a: Goodra|28/100|[from] item: Leftovers\n|-heal|p1b: Archaludon|44/100|[from] item: Leftovers\n|-fieldend|move: Trick Room\n|upkeep\n|turn|11\n|\n|t:|1775979524\n|move|p1b: Archaludon|Protect|p1b: Archaludon\n|-singleturn|p1b: Archaludon|Protect\n|move|p2a: Goodra|Protect||[still]\n|-fail|p2a: Goodra\n|\n|-heal|p1b: Archaludon|50/100|[from] item: Leftovers\n|-heal|p2a: Goodra|33/100|[from] item: Leftovers\n|upkeep\n|turn|12\n|\n|t:|1775979533\n|move|p1b: Archaludon|Electro Shot||[still]\n|-prepare|p1b: Archaludon|Electro Shot\n|-boost|p1b: Archaludon|spa|1\n|move|p2a: Goodra|Heavy Slam|p1b: Archaludon\n|-resisted|p1b: Archaludon|1\n|-damage|p1b: Archaludon|44/100\n|-ability|p1b: Archaludon|Stamina|boost\n|-boost|p1b: Archaludon|def|1\n|\n|-heal|p1b: Archaludon|50/100|[from] item: Leftovers\n|-heal|p2a: Goodra|39/100|[from] item: Leftovers\n|upkeep\n|turn|13\n|\n|t:|1775979543\n|move|p2a: Goodra|Protect|p2a: Goodra\n|-singleturn|p2a: Goodra|Protect\n|move|p1b: Archaludon|Electro Shot|p2a: Goodra|[from] lockedmove\n|-activate|p2a: Goodra|move: Protect\n|\n|-heal|p1b: Archaludon|56/100|[from] item: Leftovers\n|-heal|p2a: Goodra|45/100|[from] item: Leftovers\n|upkeep\n|turn|14\n|\n|t:|1775979553\n|move|p1b: Archaludon|Snarl|p2a: Goodra\n|-damage|p2a: Goodra|26/100\n|-unboost|p2a: Goodra|spa|1\n|move|p2a: Goodra|Body Press|p1b: Archaludon\n|-supereffective|p1b: Archaludon|1\n|-crit|p1b: Archaludon\n|-damage|p1b: Archaludon|5/100\n|-ability|p1b: Archaludon|Stamina|boost\n|-boost|p1b: Archaludon|def|1\n|\n|-heal|p1b: Archaludon|11/100|[from] item: Leftovers\n|-heal|p2a: Goodra|31/100|[from] item: Leftovers\n|upkeep\n|turn|15\n|\n|t:|1775979564\n|move|p1b: Archaludon|Protect|p1b: Archaludon\n|-singleturn|p1b: Archaludon|Protect\n|move|p2a: Goodra|Protect||[still]\n|-fail|p2a: Goodra\n|\n|-heal|p1b: Archaludon|17/100|[from] item: Leftovers\n|-heal|p2a: Goodra|37/100|[from] item: Leftovers\n|upkeep\n|turn|16\n|\n|t:|1775979572\n|move|p1b: Archaludon|Snarl|p2a: Goodra\n|-damage|p2a: Goodra|18/100\n|-unboost|p2a: Goodra|spa|1\n|move|p2a: Goodra|Body Press|p1b: Archaludon\n|-supereffective|p1b: Archaludon|1\n|-crit|p1b: Archaludon\n|-damage|p1b: Archaludon|0 fnt\n|faint|p1b: Archaludon\n|\n|win|txpxyy\n|raw|XiaoRan_AZ's rating: 1079 &rarr; <strong>1054</strong><br />(-25 for losing)\n|raw|txpxyy's rating: 1032 &rarr; <strong>1072</strong><br />(+40 for winning)\n|c|\u2606txpxyy|gg\n|l|\u2606XiaoRan_AZ\n|player|p1|\n",
  "uploadtime": 1775979599,
  "views": 9,
  "formatid": "gen9championsvgc2026regma",
  "rating": 1054,
  "private": 0,
  "password": null
}