{
  "id": "gen9championsvgc2026regma-2584268852",
  "format": "[Gen 9 Champions] VGC 2026 Reg M-A",
  "players": [
    "foreclosure",
    "KuroiRyu1122"
  ],
  "log": "|j|\u2606foreclosure\n|j|\u2606KuroiRyu1122\n|t:|1776245328\n|gametype|doubles\n|player|p1|foreclosure|2|1133\n|player|p2|KuroiRyu1122|170|1171\n|gen|9\n|tier|[Gen 9 Champions] VGC 2026 Reg M-A\n|rated|\n|rule|Species Clause: Limit one of each Pok\u00e9mon\n|rule|Item Clause: Limit 1 of each item\n|clearpoke\n|poke|p1|Glaceon, L50, F|\n|poke|p1|Froslass, L50, F|\n|poke|p1|Incineroar, L50, F|\n|poke|p1|Sneasler, L50, F|\n|poke|p1|Aerodactyl, L50, M|\n|poke|p1|Floette-Eternal, L50, F|\n|poke|p2|Gengar, L50, M|\n|poke|p2|Corviknight, L50, M|\n|poke|p2|Sinistcha, L50|\n|poke|p2|Garchomp, L50, M|\n|poke|p2|Sneasler, L50, F|\n|poke|p2|Incineroar, L50, F|\n|teampreview|4\n|inactive|Battle timer is ON: inactive players will automatically lose when time's up. (requested by KuroiRyu1122)\nforeclosure rejected open team sheets.\n|\n|t:|1776245352\n|teamsize|p1|4\n|teamsize|p2|4\n|start\n|switch|p1a: Froslass|Froslass, L50, F|100/100\n|switch|p1b: Aerodactyl|Aerodactyl, L50, M|100/100\n|switch|p2a: Gengar|Gengar, L50, M, shiny|100/100\n|switch|p2b: Incineroar|Incineroar, L50, F, shiny|100/100\n|-ability|p1b: Aerodactyl|Unnerve\n|-ability|p2b: Incineroar|Intimidate|boost\n|-unboost|p1a: Froslass|atk|1\n|-unboost|p1b: Aerodactyl|atk|1\n|turn|1\n|\n|t:|1776245372\n|switch|p2b: Sneasler|Sneasler, L50, F, shiny|100/100\n|detailschange|p1a: Froslass|Froslass-Mega, L50, F\n|-mega|p1a: Froslass|Froslass|Froslassite\n|-weather|Snowscape|[from] ability: Snow Warning|[of] p1a: Froslass\n|detailschange|p2a: Gengar|Gengar-Mega, L50, M, shiny\n|-mega|p2a: Gengar|Gengar|Gengarite\n|move|p2a: Gengar|Taunt|p1b: Aerodactyl\n|-start|p1b: Aerodactyl|move: Taunt\n|move|p1b: Aerodactyl|Earthquake|p2b: Sneasler|[spread] p1a,p2a,p2b\n|-supereffective|p2a: Gengar|1\n|-supereffective|p2b: Sneasler|1\n|-crit|p2b: Sneasler\n|-damage|p1a: Froslass|86/100\n|-damage|p2a: Gengar|58/100\n|-damage|p2b: Sneasler|0 fnt\n|faint|p2b: Sneasler\n|move|p1a: Froslass|Aurora Veil|p1a: Froslass\n|-sidestart|p1: foreclosure|move: Aurora Veil\n|\n|-weather|Snowscape|[upkeep]\n|upkeep\n|\n|t:|1776245395\n|switch|p2b: Incineroar|Incineroar, L50, F, shiny|100/100\n|-ability|p2b: Incineroar|Intimidate|boost\n|-unboost|p1a: Froslass|atk|1\n|-unboost|p1b: Aerodactyl|atk|1\n|turn|2\n|\n|t:|1776245407\n|move|p2b: Incineroar|Fake Out|p1b: Aerodactyl\n|-resisted|p1b: Aerodactyl|1\n|-damage|p1b: Aerodactyl|96/100\n|move|p2a: Gengar|Shadow Ball|p1a: Froslass\n|-supereffective|p1a: Froslass|1\n|-damage|p1a: Froslass|0 fnt\n|faint|p1a: Froslass\n|cant|p1b: Aerodactyl|flinch\n|\n|-weather|Snowscape|[upkeep]\n|upkeep\n|\n|t:|1776245427\n|switch|p1a: Sneasler|Sneasler, L50, F|100/100\n|turn|3\n|\n|t:|1776245444\n|move|p2a: Gengar|Shadow Ball|p1b: Aerodactyl\n|-damage|p1b: Aerodactyl|52/100\n|move|p1b: Aerodactyl|Rock Slide|p2a: Gengar|[spread] p2a,p2b\n|-supereffective|p2b: Incineroar|1\n|-damage|p2a: Gengar|38/100\n|-damage|p2b: Incineroar|80/100\n|move|p1a: Sneasler|Rock Slide|p2a: Gengar|[spread] p2a,p2b\n|-supereffective|p2b: Incineroar|1\n|-damage|p2a: Gengar|4/100\n|-damage|p2b: Incineroar|46/100\n|move|p2b: Incineroar|Parting Shot|p1a: Sneasler\n|-unboost|p1a: Sneasler|atk|1\n|-unboost|p1a: Sneasler|spa|1\n|\n|t:|1776245456\n|switch|p2b: Corviknight|Corviknight, L50, M, shiny|100/100|[from] Parting Shot\n|-enditem|p1a: Sneasler|White Herb\n|-clearnegativeboost|p1a: Sneasler|[silent]\n|\n|-weather|Snowscape|[upkeep]\n|-end|p1b: Aerodactyl|move: Taunt\n|upkeep\n|turn|4\n|\n|t:|1776245472\n|move|p2a: Gengar|Protect|p2a: Gengar\n|-singleturn|p2a: Gengar|Protect\n|move|p1a: Sneasler|Close Combat|p2b: Corviknight\n|-damage|p2b: Corviknight|52/100\n|-unboost|p1a: Sneasler|def|1\n|-unboost|p1a: Sneasler|spd|1\n|move|p1b: Aerodactyl|Rock Slide|p2a: Gengar|[spread] p2b\n|-activate|p2a: Gengar|move: Protect\n|-damage|p2b: Corviknight|44/100\n|move|p2b: Corviknight|Brave Bird|p1a: Sneasler\n|-supereffective|p1a: Sneasler|1\n|-damage|p1a: Sneasler|0 fnt\n|faint|p1a: Sneasler\n|-damage|p2b: Corviknight|19/100|[from] Recoil\n|\n|-weather|Snowscape|[upkeep]\n|-heal|p2b: Corviknight|25/100|[from] item: Leftovers\n|upkeep\n|\n|t:|1776245476\n|switch|p1a: Glaceon|Glaceon, L50, F|100/100\n|turn|5\n|inactive|KuroiRyu1122 has 30 seconds left.\n|inactive|KuroiRyu1122 has 20 seconds left.\n|inactive|KuroiRyu1122 has 15 seconds left.\n|inactive|KuroiRyu1122 has 10 seconds left.\n|\n|t:|1776245525\n|switch|p2a: Incineroar|Incineroar, L50, F, shiny|46/100\n|-ability|p2a: Incineroar|Intimidate|boost\n|-unboost|p1a: Glaceon|atk|1\n|-unboost|p1b: Aerodactyl|atk|1\n|move|p2b: Corviknight|Protect|p2b: Corviknight\n|-singleturn|p2b: Corviknight|Protect\n|move|p1b: Aerodactyl|Tailwind|p1b: Aerodactyl\n|-sidestart|p1: foreclosure|move: Tailwind\n|move|p1a: Glaceon|Blizzard|p2a: Incineroar|[spread] p2a\n|-activate|p2b: Corviknight|move: Protect\n|-resisted|p2a: Incineroar|1\n|-crit|p2a: Incineroar\n|-damage|p2a: Incineroar|24/100\n|\n|-weather|none\n|-heal|p2b: Corviknight|31/100|[from] item: Leftovers\n|-sideend|p1: foreclosure|move: Aurora Veil\n|upkeep\n|turn|6\n|\n|t:|1776245544\n|move|p1a: Glaceon|Detect|p1a: Glaceon\n|-singleturn|p1a: Glaceon|Protect\n|move|p2a: Incineroar|Fake Out|p1b: Aerodactyl\n|-resisted|p1b: Aerodactyl|1\n|-damage|p1b: Aerodactyl|43/100\n|cant|p1b: Aerodactyl|flinch\n|move|p2b: Corviknight|Tailwind|p2b: Corviknight\n|-sidestart|p2: KuroiRyu1122|move: Tailwind\n|\n|-heal|p2b: Corviknight|37/100|[from] item: Leftovers\n|upkeep\n|turn|7\n|\n|t:|1776245567\n|move|p1b: Aerodactyl|Rock Slide|p2a: Incineroar|[spread] p2a,p2b\n|-supereffective|p2a: Incineroar|1\n|-damage|p2a: Incineroar|9/100\n|-damage|p2b: Corviknight|31/100\n|move|p2b: Corviknight|Body Press|p1a: Glaceon\n|-supereffective|p1a: Glaceon|1\n|-damage|p1a: Glaceon|62/100\n|move|p1a: Glaceon|Wish|p1a: Glaceon\n|move|p2a: Incineroar|Flare Blitz|p1a: Glaceon\n|-supereffective|p1a: Glaceon|1\n|-damage|p1a: Glaceon|0 fnt\n|faint|p1a: Glaceon\n|-damage|p2a: Incineroar|0 fnt|[from] Recoil\n|faint|p2a: Incineroar\n|\n|-heal|p2b: Corviknight|37/100|[from] item: Leftovers\n|upkeep\n|\n|t:|1776245576\n|switch|p2a: Gengar|Gengar-Mega, L50, M, shiny|4/100\n|turn|8\n|\n|t:|1776245581\n|move|p2a: Gengar|Shadow Ball|p1b: Aerodactyl\n|-damage|p1b: Aerodactyl|0 fnt\n|faint|p1b: Aerodactyl\n|\n|win|KuroiRyu1122\n|raw|foreclosure's rating: 1133 &rarr; <strong>1111</strong><br />(-22 for losing)\n|raw|KuroiRyu1122's rating: 1171 &rarr; <strong>1193</strong><br />(+22 for winning)\n|l|\u2606foreclosure\n|player|p1|\n|c|\u2606KuroiRyu1122|ggwp\n",
  "uploadtime": 1776245595,
  "views": 36,
  "formatid": "gen9championsvgc2026regma",
  "rating": 1111,
  "private": 0,
  "password": null
}