{
  "id": "gen9championsvgc2026regma-2580768061",
  "format": "[Gen 9 Champions] VGC 2026 Reg M-A",
  "players": [
    "YaVulTahl",
    "hamcook"
  ],
  "log": "|j|\u2606YaVulTahl\n|j|\u2606hamcook\n|t:|1775930896\n|gametype|doubles\n|player|p1|YaVulTahl|1|1043\n|player|p2|hamcook|cynthia-gen4|1122\n|gen|9\n|tier|[Gen 9 Champions] VGC 2026 Reg M-A\n|rated|\n|rule|Species Clause: Limit one of each Pok\u00e9mon\n|rule|Item Clause: Limit 1 of each item\n|clearpoke\n|poke|p1|Pelipper, L50, M|\n|poke|p1|Archaludon, L50, M|\n|poke|p1|Starmie, L50|\n|poke|p1|Meganium, L50, M|\n|poke|p1|Whimsicott, L50, M|\n|poke|p1|Incineroar, L50, F|\n|poke|p2|Farigiraf, L50, F|\n|poke|p2|Sinistcha, L50|\n|poke|p2|Blastoise, L50, F|\n|poke|p2|Politoed, L50, F|\n|poke|p2|Torkoal, L50, M|\n|poke|p2|Kingambit, L50, F|\n|teampreview|4\n|inactive|Battle timer is ON: inactive players will automatically lose when time's up. (requested by YaVulTahl)\n|\n|t:|1775930935\n|teamsize|p1|4\n|teamsize|p2|4\n|start\n|switch|p1a: Pelipper|Pelipper, L50, M|100/100\n|switch|p1b: Incineroar|Incineroar, L50, F|100/100\n|switch|p2a: Blastoise|Blastoise, L50, F|100/100\n|switch|p2b: Farigiraf|Farigiraf, L50, F|100/100\n|-weather|RainDance|[from] ability: Drizzle|[of] p1a: Pelipper\n|-ability|p1b: Incineroar|Intimidate|boost\n|-unboost|p2a: Blastoise|atk|1\n|-unboost|p2b: Farigiraf|atk|1\n|turn|1\n|inactive|YaVulTahl has 30 seconds left.\n|\n|t:|1775930963\n|detailschange|p2a: Blastoise|Blastoise-Mega, L50, F\n|-mega|p2a: Blastoise|Blastoise|Blastoisinite\n|move|p2a: Blastoise|Fake Out|p1a: Pelipper\n|-damage|p1a: Pelipper|95/100\n|move|p1b: Incineroar|Fake Out||[still]\n|cant|p2b: Farigiraf|ability: Armor Tail|Fake Out|[of] p1b: Incineroar\n|cant|p1a: Pelipper|flinch\n|move|p2b: Farigiraf|Trick Room|p2b: Farigiraf\n|-fieldstart|move: Trick Room|[of] p2b: Farigiraf\n|\n|-weather|RainDance|[upkeep]\n|upkeep\n|turn|2\n|inactive|YaVulTahl has 30 seconds left.\n|-activate|p1b: Incineroar|item: Quick Claw\n|\n|t:|1775930989\n|move|p1b: Incineroar|Parting Shot|p2a: Blastoise\n|-unboost|p2a: Blastoise|atk|1\n|-unboost|p2a: Blastoise|spa|1\n|\n|t:|1775930994\n|switch|p1b: Archaludon|Archaludon, L50, M|100/100|[from] Parting Shot\n|move|p2b: Farigiraf|Hyper Voice|p1a: Pelipper|[spread] p1a,p1b\n|-crit|p1a: Pelipper\n|-resisted|p1b: Archaludon|1\n|-damage|p1a: Pelipper|35/100\n|-damage|p1b: Archaludon|79/100\n|-ability|p1b: Archaludon|Stamina|boost\n|-boost|p1b: Archaludon|def|1\n|move|p1a: Pelipper|Hurricane|p2a: Blastoise\n|-damage|p2a: Blastoise|67/100\n|move|p2a: Blastoise|Water Spout|p1a: Pelipper|[spread] p1a,p1b\n|-resisted|p1a: Pelipper|1\n|-resisted|p1b: Archaludon|1\n|-damage|p1a: Pelipper|9/100\n|-damage|p1b: Archaludon|48/100\n|-ability|p1b: Archaludon|Stamina|boost\n|-boost|p1b: Archaludon|def|1\n|\n|-weather|RainDance|[upkeep]\n|-heal|p1b: Archaludon|54/100|[from] item: Leftovers\n|upkeep\n|turn|3\n|inactive|hamcook has 30 seconds left.\n|\n|t:|1775931023\n|switch|p1a: Incineroar|Incineroar, L50, F|100/100\n|-ability|p1a: Incineroar|Intimidate|boost\n|-unboost|p2a: Blastoise|atk|1\n|-unboost|p2b: Farigiraf|atk|1\n|switch|p2a: Torkoal|Torkoal, L50, M|100/100\n|-weather|SunnyDay|[from] ability: Drought|[of] p2a: Torkoal\n|move|p2b: Farigiraf|Hyper Voice|p1a: Incineroar|[spread] p1a,p1b\n|-resisted|p1b: Archaludon|1\n|-damage|p1a: Incineroar|72/100\n|-damage|p1b: Archaludon|30/100\n|-ability|p1b: Archaludon|Stamina|boost\n|-boost|p1b: Archaludon|def|1\n|move|p1b: Archaludon|Electro Shot||[still]\n|-prepare|p1b: Archaludon|Electro Shot\n|-boost|p1b: Archaludon|spa|1\n|\n|-weather|SunnyDay|[upkeep]\n|-heal|p1b: Archaludon|36/100|[from] item: Leftovers\n|upkeep\n|turn|4\n|inactive|YaVulTahl has 30 seconds left.\n|inactive|hamcook has 30 seconds left.\n|\n|t:|1775931052\n|move|p2a: Torkoal|Protect|p2a: Torkoal\n|-singleturn|p2a: Torkoal|Protect\n|move|p2b: Farigiraf|Protect|p2b: Farigiraf\n|-singleturn|p2b: Farigiraf|Protect\n|move|p1a: Incineroar|Fake Out||[still]\n|cant|p2b: Farigiraf|ability: Armor Tail|Fake Out|[of] p1a: Incineroar\n|move|p1b: Archaludon|Electro Shot|p2a: Torkoal|[from] lockedmove\n|-activate|p2a: Torkoal|move: Protect\n|\n|-weather|SunnyDay|[upkeep]\n|-heal|p1b: Archaludon|42/100|[from] item: Leftovers\n|upkeep\n|turn|5\n|\n|t:|1775931068\n|move|p1b: Archaludon|Protect|p1b: Archaludon\n|-singleturn|p1b: Archaludon|Protect\n|move|p2a: Torkoal|Eruption|p1a: Incineroar|[spread] p1a\n|-activate|p1b: Archaludon|move: Protect\n|-resisted|p1a: Incineroar|1\n|-damage|p1a: Incineroar|33/100\n|move|p1a: Incineroar|Parting Shot|p2a: Torkoal\n|-unboost|p2a: Torkoal|atk|1\n|-unboost|p2a: Torkoal|spa|1\n|\n|t:|1775931078\n|switch|p1a: Pelipper|Pelipper, L50, M|9/100|[from] Parting Shot\n|-weather|RainDance|[from] ability: Drizzle|[of] p1a: Pelipper\n|move|p2b: Farigiraf|Hyper Voice|p1b: Archaludon|[spread] p1a\n|-activate|p1b: Archaludon|move: Protect\n|-damage|p1a: Pelipper|0 fnt\n|faint|p1a: Pelipper\n|\n|-weather|RainDance|[upkeep]\n|-heal|p1b: Archaludon|48/100|[from] item: Leftovers\n|-fieldend|move: Trick Room\n|upkeep\n|\n|t:|1775931082\n|switch|p1a: Starmie|Starmie, L50|100/100\n|turn|6\n|\n|t:|1775931099\n|detailschange|p1a: Starmie|Starmie-Mega, L50\n|-mega|p1a: Starmie|Starmie|Starminite\n|move|p2a: Torkoal|Protect|p2a: Torkoal\n|-singleturn|p2a: Torkoal|Protect\n|move|p1a: Starmie|Liquidation|p2b: Farigiraf\n|-crit|p2b: Farigiraf\n|-damage|p2b: Farigiraf|0 fnt\n|faint|p2b: Farigiraf\n|move|p1b: Archaludon|Electro Shot||[still]\n|-prepare|p1b: Archaludon|Electro Shot\n|-boost|p1b: Archaludon|spa|1\n|-anim|p1b: Archaludon|Electro Shot|p2a: Torkoal\n|-activate|p2a: Torkoal|move: Protect\n|\n|-weather|RainDance|[upkeep]\n|-heal|p1b: Archaludon|54/100|[from] item: Leftovers\n|upkeep\n|\n|t:|1775931117\n|switch|p2b: Blastoise|Blastoise-Mega, L50, F|67/100\n|turn|7\n|\n|t:|1775931128\n|switch|p2a: Politoed|Politoed, L50, F|100/100\n|move|p2b: Blastoise|Fake Out|p1b: Archaludon\n|-resisted|p1b: Archaludon|1\n|-damage|p1b: Archaludon|52/100\n|-ability|p1b: Archaludon|Stamina|boost\n|-boost|p1b: Archaludon|def|1\n|move|p1a: Starmie|Liquidation|p2a: Politoed\n|-resisted|p2a: Politoed|1\n|-damage|p2a: Politoed|50/100\n|cant|p1b: Archaludon|flinch\n|\n|-weather|RainDance|[upkeep]\n|-heal|p1b: Archaludon|58/100|[from] item: Leftovers\n|-heal|p2a: Politoed|56/100|[from] item: Leftovers\n|upkeep\n|turn|8\n|\n|t:|1775931149\n|move|p1a: Starmie|Psycho Cut|p2a: Politoed\n|-crit|p2a: Politoed\n|-damage|p2a: Politoed|0 fnt\n|faint|p2a: Politoed\n|move|p1b: Archaludon|Electro Shot||[still]\n|-prepare|p1b: Archaludon|Electro Shot\n|-boost|p1b: Archaludon|spa|1\n|-anim|p1b: Archaludon|Electro Shot|p2b: Blastoise\n|-supereffective|p2b: Blastoise|1\n|-damage|p2b: Blastoise|0 fnt\n|faint|p2b: Blastoise\n|\n|-weather|RainDance|[upkeep]\n|-heal|p1b: Archaludon|64/100|[from] item: Leftovers\n|upkeep\n|-message|hamcook forfeited.\n|\n|win|YaVulTahl\n|raw|YaVulTahl's rating: 1043 &rarr; <strong>1084</strong><br />(+41 for winning)\n|raw|hamcook's rating: 1122 &rarr; <strong>1091</strong><br />(-31 for losing)\n|l|\u2606hamcook\n|player|p2|\n",
  "uploadtime": 1775931163,
  "views": 15,
  "formatid": "gen9championsvgc2026regma",
  "rating": 1084,
  "private": 0,
  "password": null
}