{
  "id": "gen9championsvgc2026regma-2588727491",
  "format": "[Gen 9 Champions] VGC 2026 Reg M-A",
  "players": [
    "Darkboyjason",
    "Cindy HK"
  ],
  "log": "|j|\u2606Darkboyjason\n|j|\u2606Cindy HK\n|t:|1776662722\n|gametype|doubles\n|player|p1|Darkboyjason|fantina|1150\n|player|p2|Cindy HK|169|1094\n|gen|9\n|tier|[Gen 9 Champions] VGC 2026 Reg M-A\n|rated|\n|rule|Species Clause: Limit one of each Pok\u00e9mon\n|rule|Item Clause: Limit 1 of each item\n|clearpoke\n|poke|p1|Scovillain, L50, M|\n|poke|p1|Aerodactyl, L50, F|\n|poke|p1|Basculegion, L50, M|\n|poke|p1|Sneasler, L50, M|\n|poke|p1|Kingambit, L50, M|\n|poke|p1|Garchomp, L50, F|\n|poke|p2|Excadrill, L50, F|\n|poke|p2|Tyranitar, L50, F|\n|poke|p2|Corviknight, L50, F|\n|poke|p2|Hydreigon, L50, M|\n|poke|p2|Rotom-Wash, L50|\n|poke|p2|Mimikyu, L50, M|\n|teampreview|4\n|inactive|Battle timer is ON: inactive players will automatically lose when time's up. (requested by Darkboyjason)\n|\n|t:|1776662791\n|teamsize|p1|4\n|teamsize|p2|4\n|start\n|switch|p1a: Scovillain|Scovillain, L50, M|100/100\n|switch|p1b: Aerodactyl|Aerodactyl, L50, F|100/100\n|switch|p2a: Excadrill|Excadrill, L50, F|100/100\n|switch|p2b: Tyranitar|Tyranitar, L50, F|100/100\n|-ability|p1b: Aerodactyl|Unnerve\n|-weather|Sandstorm|[from] ability: Sand Stream|[of] p2b: Tyranitar\n|turn|1\n|\n|t:|1776662808\n|detailschange|p2b: Tyranitar|Tyranitar-Mega, L50, F\n|-mega|p2b: Tyranitar|Tyranitar|Tyranitarite\n|move|p1a: Scovillain|Protect|p1a: Scovillain\n|-singleturn|p1a: Scovillain|Protect\n|move|p2a: Excadrill|Iron Head|p1b: Aerodactyl\n|-supereffective|p1b: Aerodactyl|1\n|-enditem|p1b: Aerodactyl|Focus Sash\n|-damage|p1b: Aerodactyl|1/100\n|cant|p1b: Aerodactyl|flinch\n|move|p2b: Tyranitar|Rock Slide|p1a: Scovillain|[spread] p1b\n|-activate|p1a: Scovillain|move: Protect\n|-supereffective|p1b: Aerodactyl|1\n|-damage|p1b: Aerodactyl|0 fnt\n|faint|p1b: Aerodactyl\n|\n|-weather|Sandstorm|[upkeep]\n|-damage|p1a: Scovillain|95/100|[from] Sandstorm\n|-ability|p1a: Scovillain|Moody|boost\n|-boost|p1a: Scovillain|spa|2\n|-unboost|p1a: Scovillain|spe|1\n|upkeep\n|\n|t:|1776662830\n|switch|p1b: Garchomp|Garchomp, L50, F|100/100\n|turn|2\n|\n|t:|1776662844\n|detailschange|p1a: Scovillain|Scovillain-Mega, L50, M\n|-mega|p1a: Scovillain|Scovillain|Scovillainite\n|move|p1a: Scovillain|Rage Powder|p1a: Scovillain\n|-singleturn|p1a: Scovillain|move: Rage Powder\n|move|p2a: Excadrill|Iron Head|p1a: Scovillain\n|-resisted|p1a: Scovillain|1\n|-crit|p1a: Scovillain\n|-damage|p1a: Scovillain|45/100\n|-status|p2a: Excadrill|brn|[from] ability: Spicy Spray|[of] p1a: Scovillain\n|move|p1b: Garchomp|Stomping Tantrum|p2b: Tyranitar\n|-supereffective|p2b: Tyranitar|1\n|-damage|p2b: Tyranitar|50/100\n|move|p2b: Tyranitar|Rock Slide|p1a: Scovillain|[spread] p1a,p1b\n|-supereffective|p1a: Scovillain|1\n|-resisted|p1b: Garchomp|1\n|-damage|p1a: Scovillain|0 fnt\n|-damage|p1b: Garchomp|82/100\n|-status|p2b: Tyranitar|brn|[from] ability: Spicy Spray|[of] p1a: Scovillain\n|faint|p1a: Scovillain\n|\n|-weather|Sandstorm|[upkeep]\n|-damage|p2a: Excadrill|95/100 brn|[from] brn\n|-damage|p2b: Tyranitar|44/100 brn|[from] brn\n|upkeep\n|\n|t:|1776662862\n|switch|p1a: Kingambit|Kingambit, L50, M|100/100\n|turn|3\n|\n|t:|1776662877\n|move|p2a: Excadrill|Iron Head|p1b: Garchomp\n|-damage|p1b: Garchomp|58/100\n|-damage|p2a: Excadrill|82/100 brn|[from] ability: Rough Skin|[of] p1b: Garchomp\n|cant|p1b: Garchomp|flinch\n|move|p2b: Tyranitar|Low Kick|p1a: Kingambit\n|-supereffective|p1a: Kingambit|2\n|-damage|p1a: Kingambit|40/100\n|move|p1a: Kingambit|Iron Head|p2b: Tyranitar\n|-supereffective|p2b: Tyranitar|1\n|-damage|p2b: Tyranitar|0 fnt\n|faint|p2b: Tyranitar\n|\n|-weather|Sandstorm|[upkeep]\n|-damage|p2a: Excadrill|76/100 brn|[from] brn\n|upkeep\n|\n|t:|1776662879\n|switch|p2b: Corviknight|Corviknight, L50, F|100/100\n|turn|4\n|inactive|Cindy HK has 30 seconds left.\n|\n|t:|1776662905\n|move|p2a: Excadrill|Iron Head|p1b: Garchomp|[miss]\n|-miss|p2a: Excadrill|p1b: Garchomp\n|move|p1b: Garchomp|Stomping Tantrum|p2a: Excadrill\n|-supereffective|p2a: Excadrill|1\n|-damage|p2a: Excadrill|0 fnt\n|faint|p2a: Excadrill\n|move|p2b: Corviknight|Iron Defense|p2b: Corviknight\n|-boost|p2b: Corviknight|def|2\n|move|p1a: Kingambit|Kowtow Cleave|p2b: Corviknight\n|-damage|p2b: Corviknight|76/100\n|\n|-weather|Sandstorm|[upkeep]\n|-heal|p2b: Corviknight|81/100|[from] item: Leftovers\n|upkeep\n|\n|t:|1776662908\n|switch|p2a: Rotom|Rotom-Wash, L50|100/100\n|turn|5\n|\n|t:|1776662926\n|move|p1b: Garchomp|Dragon Claw|p2b: Corviknight\n|-resisted|p2b: Corviknight|1\n|-damage|p2b: Corviknight|73/100\n|move|p2a: Rotom|Will-O-Wisp|p1b: Garchomp\n|-status|p1b: Garchomp|brn\n|move|p2b: Corviknight|Body Press|p1a: Kingambit\n|-supereffective|p1a: Kingambit|2\n|-crit|p1a: Kingambit\n|-damage|p1a: Kingambit|0 fnt\n|faint|p1a: Kingambit\n|\n|-weather|none\n|-heal|p2b: Corviknight|79/100|[from] item: Leftovers\n|-damage|p1b: Garchomp|52/100 brn|[from] brn\n|upkeep\n|turn|6\n|-message|Darkboyjason forfeited.\n|\n|win|Cindy HK\n|raw|Darkboyjason's rating: 1150 &rarr; <strong>1121</strong><br />(-29 for losing)\n|raw|Cindy HK's rating: 1094 &rarr; <strong>1124</strong><br />(+30 for winning)\n|l|\u2606Darkboyjason\n|player|p1|\n|l|\u2606Cindy HK\n|player|p2|\n|j|\u2606Cindy HK\n|player|p2|Cindy HK|169|\n",
  "uploadtime": 1776664006,
  "views": 15,
  "formatid": "gen9championsvgc2026regma",
  "rating": 1121,
  "private": 0,
  "password": null
}