{
  "id": "gen9championsvgc2026regma-2583376089",
  "format": "[Gen 9 Champions] VGC 2026 Reg M-A",
  "players": [
    "FLUttermane123",
    "Torofog"
  ],
  "log": "|j|\u2606FLUttermane123\n|j|\u2606Torofog\n|t:|1776171278\n|gametype|doubles\n|player|p1|FLUttermane123|cynthia|1161\n|player|p2|Torofog|1|1159\n|gen|9\n|tier|[Gen 9 Champions] VGC 2026 Reg M-A\n|rated|\n|rule|Species Clause: Limit one of each Pok\u00e9mon\n|rule|Item Clause: Limit 1 of each item\n|clearpoke\n|poke|p1|Floette-Eternal, L50, F|\n|poke|p1|Basculegion, L50, M|\n|poke|p1|Archaludon, L50, M|\n|poke|p1|Sinistcha, L50|\n|poke|p1|Sneasler, L50, F|\n|poke|p1|Pelipper, L50, M|\n|poke|p2|Lopunny, L50, F|\n|poke|p2|Gardevoir, L50, F|\n|poke|p2|Vaporeon, L50, F|\n|poke|p2|Delphox, L50, M|\n|poke|p2|Tsareena, L50, F|\n|poke|p2|Absol, L50, F|\n|teampreview|4\n|inactive|Battle timer is ON: inactive players will automatically lose when time's up. (requested by FLUttermane123)\n|\n|t:|1776171332\n|teamsize|p1|4\n|teamsize|p2|4\n|start\n|switch|p1a: Floette|Floette-Eternal, L50, F|100/100\n|switch|p1b: Sneasler|Sneasler, L50, F|100/100\n|switch|p2a: Lopunny|Lopunny, L50, F, shiny|100/100\n|switch|p2b: Delphox|Delphox, L50, M|100/100\n|turn|1\n|inactive|Torofog has 30 seconds left.\n|inactive|Torofog has 20 seconds left.\n|inactive|Torofog has 15 seconds left.\n|inactive|Torofog has 10 seconds left.\n|inactive|Torofog has 5 seconds left.\n|\n|t:|1776171386\n|detailschange|p2b: Delphox|Delphox-Mega, L50, M\n|-mega|p2b: Delphox|Delphox|Delphoxite\n|detailschange|p1a: Floette|Floette-Mega, L50, F\n|-mega|p1a: Floette|Floette|Floettite\n|-ability|p1a: Floette|Fairy Aura\n|move|p1b: Sneasler|Fake Out|p2a: Lopunny\n|-damage|p2a: Lopunny|79/100\n|cant|p2a: Lopunny|flinch\n|move|p2b: Delphox|Substitute|p2b: Delphox\n|-start|p2b: Delphox|Substitute\n|-damage|p2b: Delphox|75/100\n|move|p1a: Floette|Dazzling Gleam|p2b: Delphox|[spread] p2a,p2b\n|-resisted|p2b: Delphox|1\n|-activate|p2b: Delphox|move: Substitute|[damage]\n|-damage|p2a: Lopunny|10/100\n|\n|upkeep\n|turn|2\n|inactive|FLUttermane123 has 30 seconds left.\n|inactive|Torofog has 30 seconds left.\n|\n|t:|1776171418\n|switch|p2a: Tsareena|Tsareena, L50, F|100/100\n|move|p2b: Delphox|Heat Wave|p1a: Floette|[spread] p1a,p1b\n|-crit|p1a: Floette\n|-damage|p1a: Floette|53/100\n|-damage|p1b: Sneasler|44/100\n|move|p1b: Sneasler|Close Combat|p2a: Tsareena\n|-damage|p2a: Tsareena|41/100\n|-unboost|p1b: Sneasler|def|1\n|-unboost|p1b: Sneasler|spd|1\n|-enditem|p2a: Tsareena|Sitrus Berry|[eat]\n|-heal|p2a: Tsareena|66/100|[from] item: Sitrus Berry\n|-enditem|p1b: Sneasler|White Herb\n|-clearnegativeboost|p1b: Sneasler|[silent]\n|move|p1a: Floette|Calm Mind|p1a: Floette\n|-boost|p1a: Floette|spa|1\n|-boost|p1a: Floette|spd|1\n|\n|upkeep\n|turn|3\n|inactive|FLUttermane123 has 30 seconds left.\n|\n|t:|1776171446\n|move|p2a: Tsareena|Protect|p2a: Tsareena\n|-singleturn|p2a: Tsareena|Protect\n|move|p1b: Sneasler|Dire Claw|p2a: Tsareena\n|-activate|p2a: Tsareena|move: Protect\n|move|p2b: Delphox|Heat Wave|p1b: Sneasler|[spread] p1a,p1b\n|-damage|p1a: Floette|34/100\n|-damage|p1b: Sneasler|0 fnt\n|faint|p1b: Sneasler\n|move|p1a: Floette|Dazzling Gleam|p2a: Tsareena|[spread] p2b\n|-activate|p2a: Tsareena|move: Protect\n|-resisted|p2b: Delphox|1\n|-end|p2b: Delphox|Substitute\n|\n|upkeep\n|\n|t:|1776171459\n|switch|p1b: Pelipper|Pelipper, L50, M|100/100\n|-weather|RainDance|[from] ability: Drizzle|[of] p1b: Pelipper\n|turn|4\n|inactive|Torofog has 30 seconds left.\n|inactive|Torofog has 20 seconds left.\n|\n|t:|1776171498\n|move|p1a: Floette|Protect|p1a: Floette\n|-singleturn|p1a: Floette|Protect\n|move|p2b: Delphox|Substitute|p2b: Delphox\n|-start|p2b: Delphox|Substitute\n|-damage|p2b: Delphox|50/100\n|move|p1b: Pelipper|Tailwind|p1b: Pelipper\n|-sidestart|p1: FLUttermane123|move: Tailwind\n|move|p2a: Tsareena|Trop Kick|p1b: Pelipper\n|-damage|p1b: Pelipper|35/100\n|-unboost|p1b: Pelipper|atk|1\n|\n|-weather|RainDance|[upkeep]\n|upkeep\n|turn|5\n|\n|t:|1776171516\n|move|p2b: Delphox|Protect|p2b: Delphox\n|-singleturn|p2b: Delphox|Protect\n|move|p1b: Pelipper|Weather Ball|p2b: Delphox\n|-activate|p2b: Delphox|move: Protect\n|move|p1a: Floette|Dazzling Gleam|p2b: Delphox|[spread] p2a\n|-activate|p2b: Delphox|move: Protect\n|-damage|p2a: Tsareena|0 fnt\n|faint|p2a: Tsareena\n|\n|-weather|RainDance|[upkeep]\n|upkeep\n|\n|t:|1776171527\n|switch|p2a: Lopunny|Lopunny, L50, F, shiny|10/100\n|turn|6\n|\n|t:|1776171542\n|move|p1b: Pelipper|Protect|p1b: Pelipper\n|-singleturn|p1b: Pelipper|Protect\n|move|p1a: Floette|Protect|p1a: Floette\n|-singleturn|p1a: Floette|Protect\n|move|p2a: Lopunny|Fake Out|p1b: Pelipper\n|-activate|p1b: Pelipper|move: Protect\n|move|p2b: Delphox|Psychic|p1b: Pelipper\n|-activate|p1b: Pelipper|move: Protect\n|\n|-weather|RainDance|[upkeep]\n|upkeep\n|turn|7\n|\n|t:|1776171559\n|move|p2b: Delphox|Protect|p2b: Delphox\n|-singleturn|p2b: Delphox|Protect\n|move|p2a: Lopunny|Protect|p2a: Lopunny\n|-singleturn|p2a: Lopunny|Protect\n|move|p1b: Pelipper|Weather Ball|p2b: Delphox\n|-activate|p2b: Delphox|move: Protect\n|move|p1a: Floette|Dazzling Gleam|p2b: Delphox|[spread] \n|-activate|p2a: Lopunny|move: Protect\n|-activate|p2b: Delphox|move: Protect\n|\n|-weather|RainDance|[upkeep]\n|-sideend|p1: FLUttermane123|move: Tailwind\n|upkeep\n|turn|8\n|inactive|FLUttermane123 has 30 seconds left.\n|\n|t:|1776171587\n|switch|p1a: Basculegion|Basculegion, L50, M|100/100\n|move|p2b: Delphox|Psychic|p1b: Pelipper\n|-damage|p1b: Pelipper|0 fnt\n|faint|p1b: Pelipper\n|move|p2a: Lopunny|Encore||[still]\n|-fail|p2a: Lopunny\n|\n|-weather|none\n|upkeep\n|\n|t:|1776171596\n|switch|p1b: Floette|Floette-Mega, L50, F|34/100\n|-ability|p1b: Floette|Fairy Aura\n|turn|9\n|\n|t:|1776171613\n|move|p2b: Delphox|Protect|p2b: Delphox\n|-singleturn|p2b: Delphox|Protect\n|move|p1b: Floette|Protect|p1b: Floette\n|-singleturn|p1b: Floette|Protect\n|move|p1a: Basculegion|Aqua Jet|p2a: Lopunny\n|-damage|p2a: Lopunny|0 fnt\n|faint|p2a: Lopunny\n|\n|upkeep\n|\n|t:|1776171620\n|switch|p2a: Gardevoir|Gardevoir, L50, F|100/100\n|-ability|p2a: Gardevoir|Fairy Aura|Trace|[from] ability: Trace|[of] p1b: Floette\n|-ability|p2a: Gardevoir|Fairy Aura\n|turn|10\n|\n|t:|1776171640\n|move|p1a: Basculegion|Aqua Jet|p2a: Gardevoir\n|-damage|p2a: Gardevoir|59/100\n|move|p2b: Delphox|Psychic|p1b: Floette\n|-damage|p1b: Floette|0 fnt\n|faint|p1b: Floette\n|move|p2a: Gardevoir|Dazzling Gleam|p1a: Basculegion\n|-damage|p1a: Basculegion|38/100\n|\n|upkeep\n|turn|11\n|\n|t:|1776171649\n|move|p1a: Basculegion|Aqua Jet|p2a: Gardevoir\n|-damage|p2a: Gardevoir|12/100\n|move|p2b: Delphox|Psychic|p1a: Basculegion\n|-damage|p1a: Basculegion|0 fnt\n|faint|p1a: Basculegion\n|\n|win|Torofog\n|raw|FLUttermane123's rating: 1161 &rarr; <strong>1136</strong><br />(-25 for losing)\n|raw|Torofog's rating: 1159 &rarr; <strong>1184</strong><br />(+25 for winning)\n|l|\u2606FLUttermane123\n|player|p1|\n",
  "uploadtime": 1776171674,
  "views": 14,
  "formatid": "gen9championsvgc2026regma",
  "rating": 1136,
  "private": 0,
  "password": null
}