{
  "id": "gen9championsvgc2026regma-2587228560",
  "format": "[Gen 9 Champions] VGC 2026 Reg M-A",
  "players": [
    "lazy zenitsu",
    "irkenn"
  ],
  "log": "|j|\u2606lazy zenitsu\n|j|\u2606irkenn\n|t:|1776511757\n|gametype|doubles\n|player|p1|lazy zenitsu|102|1114\n|player|p2|irkenn|101|1195\n|gen|9\n|tier|[Gen 9 Champions] VGC 2026 Reg M-A\n|rated|\n|rule|Species Clause: Limit one of each Pok\u00e9mon\n|rule|Item Clause: Limit 1 of each item\n|clearpoke\n|poke|p1|Meganium, L50, F|\n|poke|p1|Archaludon, L50, F|\n|poke|p1|Aerodactyl, L50, F|\n|poke|p1|Typhlosion-Hisui, L50, M|\n|poke|p1|Pelipper, L50, F|\n|poke|p1|Kangaskhan, L50, F|\n|poke|p2|Trevenant, L50, F|\n|poke|p2|Torkoal, L50, M|\n|poke|p2|Sinistcha-Masterpiece, L50|\n|poke|p2|Slowbro-Galar, L50, M|\n|poke|p2|Azumarill, L50, F|\n|poke|p2|Ampharos, L50, M|\n|teampreview|4\nlazy zenitsu has agreed to open team sheets.\n|\n|t:|1776511813\n|teamsize|p1|4\n|teamsize|p2|4\n|start\n|switch|p1a: Pelipper|Pelipper, L50, F|100/100\n|switch|p1b: Kangaskhan|Kangaskhan, L50, F|100/100\n|switch|p2a: Slowbro|Slowbro-Galar, L50, M|100/100\n|switch|p2b: Azumarill|Azumarill, L50, F|100/100\n|-weather|RainDance|[from] ability: Drizzle|[of] p1a: Pelipper\n|turn|1\n|\n|t:|1776511841\n|move|p1b: Kangaskhan|Fake Out|p2b: Azumarill\n|-damage|p2b: Azumarill|79/100\n|move|p1a: Pelipper|Hurricane|p2b: Azumarill\n|-damage|p2b: Azumarill|29/100\n|cant|p2b: Azumarill|flinch\n|move|p2a: Slowbro|Trick Room|p2a: Slowbro\n|-fieldstart|move: Trick Room|[of] p2a: Slowbro\n|\n|-weather|RainDance|[upkeep]\n|upkeep\n|turn|2\n|\n|t:|1776511860\n|move|p2b: Azumarill|Protect|p2b: Azumarill\n|-singleturn|p2b: Azumarill|Protect\n|move|p1b: Kangaskhan|Sucker Punch||[still]\n|-fail|p1b: Kangaskhan\n|move|p2a: Slowbro|Psychic Terrain|p2a: Slowbro\n|-fieldstart|move: Psychic Terrain\n|move|p1a: Pelipper|Hurricane|p2b: Azumarill\n|-activate|p2b: Azumarill|move: Protect\n|\n|-weather|RainDance|[upkeep]\n|upkeep\n|turn|3\n|\n|t:|1776511886\n|switch|p2a: Sinistcha|Sinistcha-Masterpiece, L50|100/100\n|-heal|p2b: Azumarill|53/100|[from] ability: Hospitality|[of] p2a: Sinistcha\n|move|p2b: Azumarill|Play Rough|p1b: Kangaskhan\n|-damage|p1b: Kangaskhan|46/100\n|-heal|p2b: Azumarill|61/100|[from] item: Shell Bell|[of] p1b: Kangaskhan\n|move|p1b: Kangaskhan|Double-Edge|p2a: Sinistcha\n|-immune|p2a: Sinistcha\n|move|p1a: Pelipper|Hurricane|p2b: Azumarill\n|-damage|p2b: Azumarill|17/100\n|\n|-weather|RainDance|[upkeep]\n|upkeep\n|turn|4\n|\n|t:|1776511907\n|move|p1b: Kangaskhan|Sucker Punch||[still]\n|-fail|p1b: Kangaskhan\n|move|p2b: Azumarill|Play Rough|p1b: Kangaskhan\n|-damage|p1b: Kangaskhan|0 fnt\n|faint|p1b: Kangaskhan\n|-heal|p2b: Azumarill|23/100|[from] item: Shell Bell|[of] p1: Kangaskhan\n|move|p2a: Sinistcha|Life Dew||[still]|[spread] p2a,p2b\n|-fail|p2a: Sinistcha|heal\n|-heal|p2b: Azumarill|48/100\n|move|p1a: Pelipper|Weather Ball|p2b: Azumarill\n|-resisted|p2b: Azumarill|1\n|-damage|p2b: Azumarill|17/100\n|\n|-weather|RainDance|[upkeep]\n|upkeep\n|\n|t:|1776511927\n|switch|p1b: Archaludon|Archaludon, L50, F|100/100\n|turn|5\n|\n|t:|1776511964\n|switch|p2b: Torkoal|Torkoal, L50, M|100/100\n|-weather|SunnyDay|[from] ability: Drought|[of] p2b: Torkoal\n|move|p2a: Sinistcha|Life Dew||[still]|[still]|[spread] \n|-fail|p2a: Sinistcha|heal\n|-fail|p2b: Torkoal|heal\n|move|p1b: Archaludon|Steel Beam|p2a: Sinistcha\n|-damage|p2a: Sinistcha|27/100\n|-damage|p1b: Archaludon|50/100|[from] steelbeam\n|move|p1a: Pelipper|Weather Ball|p2b: Torkoal\n|-resisted|p2b: Torkoal|1\n|-damage|p2b: Torkoal|73/100\n|\n|-weather|SunnyDay|[upkeep]\n|-heal|p2a: Sinistcha|33/100|[from] item: Leftovers\n|-fieldend|move: Trick Room\n|upkeep\n|turn|6\n|\n|t:|1776511997\n|switch|p1a: Typhlosion|Typhlosion-Hisui, L50, M|100/100\n|-item|p2a: Sinistcha|Leftovers|[from] ability: Frisk|[of] p1a: Typhlosion\n|-item|p2b: Torkoal|Sitrus Berry|[from] ability: Frisk|[of] p1a: Typhlosion\n|move|p1b: Archaludon|Protect|p1b: Archaludon\n|-singleturn|p1b: Archaludon|Protect\n|move|p2b: Torkoal|Protect|p2b: Torkoal\n|-singleturn|p2b: Torkoal|Protect\n|move|p2a: Sinistcha|Trick Room|p2a: Sinistcha\n|-fieldstart|move: Trick Room|[of] p2a: Sinistcha\n|\n|-weather|SunnyDay|[upkeep]\n|-heal|p2a: Sinistcha|39/100|[from] item: Leftovers\n|-fieldend|move: Psychic Terrain\n|upkeep\n|turn|7\n|\n|t:|1776512041\n|move|p2b: Torkoal|Eruption|p1a: Typhlosion|[spread] p1a,p1b\n|-resisted|p1a: Typhlosion|1\n|-damage|p1a: Typhlosion|66/100\n|-damage|p1b: Archaludon|0 fnt\n|faint|p1b: Archaludon\n|move|p2a: Sinistcha|Life Dew|p2a: Sinistcha|[spread] p2a,p2b\n|-heal|p2a: Sinistcha|64/100\n|-heal|p2b: Torkoal|98/100\n|move|p1a: Typhlosion|Heat Wave|p2a: Sinistcha|[spread] p2a,p2b\n|-supereffective|p2a: Sinistcha|1\n|-resisted|p2b: Torkoal|1\n|-damage|p2a: Sinistcha|0 fnt\n|-damage|p2b: Torkoal|62/100\n|faint|p2a: Sinistcha\n|\n|-weather|SunnyDay|[upkeep]\n|upkeep\n|\n|t:|1776512057\n|switch|p2a: Azumarill|Azumarill, L50, F|17/100\n|switch|p1b: Pelipper|Pelipper, L50, F|100/100\n|-weather|RainDance|[from] ability: Drizzle|[of] p1b: Pelipper\n|turn|8\n|\n|t:|1776512106\n|switch|p2b: Slowbro|Slowbro-Galar, L50, M|100/100\n|move|p2a: Azumarill|Play Rough|p1b: Pelipper|[miss]\n|-miss|p2a: Azumarill|p1b: Pelipper\n|move|p1b: Pelipper|Hurricane|p2b: Slowbro\n|-damage|p2b: Slowbro|56/100\n|move|p1a: Typhlosion|Heat Wave|p2a: Azumarill|[spread] p2a,p2b\n|-resisted|p2a: Azumarill|1\n|-damage|p2a: Azumarill|8/100\n|-damage|p2b: Slowbro|40/100\n|\n|-weather|RainDance|[upkeep]\n|upkeep\n|turn|9\n|\n|t:|1776512133\n|move|p1b: Pelipper|Protect|p1b: Pelipper\n|-singleturn|p1b: Pelipper|Protect\n|move|p2b: Slowbro|Expanding Force|p1b: Pelipper\n|-activate|p1b: Pelipper|move: Protect\n|move|p2a: Azumarill|Play Rough|p1b: Pelipper\n|-activate|p1b: Pelipper|move: Protect\n|move|p1a: Typhlosion|Heat Wave|p2b: Slowbro|[spread] p2a,p2b\n|-resisted|p2a: Azumarill|1\n|-damage|p2a: Azumarill|0 fnt\n|-damage|p2b: Slowbro|24/100\n|faint|p2a: Azumarill\n|\n|-weather|RainDance|[upkeep]\n|upkeep\n|c|\u2606irkenn|wp\n|\n|t:|1776512145\n|switch|p2a: Torkoal|Torkoal, L50, M|62/100\n|-weather|SunnyDay|[from] ability: Drought|[of] p2a: Torkoal\n|turn|10\n|\n|t:|1776512162\n|move|p2a: Torkoal|Earth Power|p1a: Typhlosion\n|-supereffective|p1a: Typhlosion|1\n|-damage|p1a: Typhlosion|0 fnt\n|faint|p1a: Typhlosion\n|move|p2b: Slowbro|Expanding Force|p1b: Pelipper\n|-damage|p1b: Pelipper|42/100\n|move|p1b: Pelipper|Tailwind|p1b: Pelipper\n|-sidestart|p1: lazy zenitsu|move: Tailwind\n|\n|-weather|SunnyDay|[upkeep]\n|-fieldend|move: Trick Room\n|upkeep\n|turn|11\n|\n|t:|1776512178\n|move|p2a: Torkoal|Protect|p2a: Torkoal\n|-singleturn|p2a: Torkoal|Protect\n|move|p1b: Pelipper|Weather Ball|p2b: Slowbro\n|-damage|p2b: Slowbro|0 fnt\n|faint|p2b: Slowbro\n|\n|-weather|SunnyDay|[upkeep]\n|upkeep\n|turn|12\n|\n|t:|1776512212\n|move|p1b: Pelipper|Hurricane|p2a: Torkoal\n|-damage|p2a: Torkoal|0 fnt\n|faint|p2a: Torkoal\n|\n|win|lazy zenitsu\n|raw|lazy zenitsu's rating: 1114 &rarr; <strong>1145</strong><br />(+31 for winning)\n|raw|irkenn's rating: 1195 &rarr; <strong>1164</strong><br />(-31 for losing)\n|l|\u2606irkenn\n|player|p2|\n",
  "uploadtime": 1776512243,
  "views": 14,
  "formatid": "gen9championsvgc2026regma",
  "rating": 1145,
  "private": 0,
  "password": null
}