{
  "id": "gen9championsvgc2026regma-2580455980",
  "format": "[Gen 9 Champions] VGC 2026 Reg M-A",
  "players": [
    "FlowerGirl2",
    "swing1016"
  ],
  "log": "|j|\u2606FlowerGirl2\n|j|\u2606swing1016\n|t:|1775899251\n|gametype|doubles\n|player|p1|FlowerGirl2|schoolkidf|1000\n|player|p2|swing1016|169|1036\n|gen|9\n|tier|[Gen 9 Champions] VGC 2026 Reg M-A\n|rated|\n|rule|Species Clause: Limit one of each Pok\u00e9mon\n|rule|Item Clause: Limit 1 of each item\n|clearpoke\n|poke|p1|Ninetales-Alola, L50, M|\n|poke|p1|Froslass, L50, F|\n|poke|p1|Talonflame, L50, M|\n|poke|p1|Garchomp, L50, F|\n|poke|p1|Orthworm, L50, M|\n|poke|p1|Sinistcha, L50|\n|poke|p2|Tsareena, L50, F|\n|poke|p2|Altaria, L50, F|\n|poke|p2|Whimsicott, L50, M|\n|poke|p2|Sneasler, L50, M|\n|poke|p2|Kingambit, L50, M|\n|poke|p2|Chandelure, L50, F|\n|teampreview|4\n|inactive|Battle timer is ON: inactive players will automatically lose when time's up. (requested by swing1016)\n|inactive|FlowerGirl2 has 60 seconds left.\n|\n|t:|1775899306\n|teamsize|p1|4\n|teamsize|p2|4\n|start\n|switch|p1a: Froslass|Froslass, L50, F|100/100\n|switch|p1b: Talonflame|Talonflame, L50, M|100/100\n|switch|p2a: Whimsicott|Whimsicott, L50, M|100/100\n|switch|p2b: Sneasler|Sneasler, L50, M|100/100\n|turn|1\n|\n|t:|1775899325\n|detailschange|p1a: Froslass|Froslass-Mega, L50, F\n|-mega|p1a: Froslass|Froslass|Froslassite\n|-weather|Snowscape|[from] ability: Snow Warning|[of] p1a: Froslass\n|move|p2b: Sneasler|Fake Out|p1b: Talonflame\n|-damage|p1b: Talonflame|79/100\n|move|p1a: Froslass|Blizzard|p2a: Whimsicott|[spread] p2a,p2b\n|-supereffective|p2a: Whimsicott|1\n|-enditem|p2a: Whimsicott|Focus Sash\n|-damage|p2a: Whimsicott|1/100\n|-damage|p2b: Sneasler|34/100\n|move|p2a: Whimsicott|Moonblast|p1a: Froslass\n|-damage|p1a: Froslass|57/100\n|cant|p1b: Talonflame|flinch\n|\n|-weather|Snowscape|[upkeep]\n|upkeep\n|turn|2\n|inactive|FlowerGirl2 has 30 seconds left.\n|\n|t:|1775899350\n|switch|p1b: Orthworm|Orthworm, L50, M|100/100\n|move|p2a: Whimsicott|Tailwind|p2a: Whimsicott\n|-sidestart|p2: swing1016|move: Tailwind\n|move|p2b: Sneasler|Dire Claw|p1a: Froslass\n|-resisted|p1a: Froslass|1\n|-damage|p1a: Froslass|34/100\n|move|p1a: Froslass|Blizzard|p2a: Whimsicott|[spread] p2a,p2b\n|-supereffective|p2a: Whimsicott|1\n|-damage|p2a: Whimsicott|0 fnt\n|-damage|p2b: Sneasler|0 fnt\n|faint|p2a: Whimsicott\n|faint|p2b: Sneasler\n|\n|-weather|Snowscape|[upkeep]\n|upkeep\n|\n|t:|1775899363\n|switch|p2b: Chandelure|Chandelure, L50, F|100/100\n|switch|p2a: Altaria|Altaria, L50, F|100/100\n|-ability|p2a: Altaria|Cloud Nine\n|turn|3\n|\n|t:|1775899374\n|detailschange|p2b: Chandelure|Chandelure-Mega, L50, F\n|-mega|p2b: Chandelure|Chandelure|Chandelurite\n|move|p2a: Altaria|Helping Hand|p2b: Chandelure\n|-singleturn|p2b: Chandelure|Helping Hand|[of] p2a: Altaria\n|move|p1a: Froslass|Protect|p1a: Froslass\n|-singleturn|p1a: Froslass|Protect\n|move|p2b: Chandelure|Heat Wave|p1b: Orthworm|[spread] p1b\n|-activate|p1a: Froslass|move: Protect\n|-supereffective|p1b: Orthworm|1\n|-damage|p1b: Orthworm|0 fnt\n|faint|p1b: Orthworm\n|\n|-weather|Snowscape|[upkeep]\n|upkeep\n|\n|t:|1775899394\n|switch|p1b: Talonflame|Talonflame, L50, M|79/100\n|turn|4\n|\n|t:|1775899406\n|switch|p1a: Garchomp|Garchomp, L50, F|100/100\n|move|p2a: Altaria|Helping Hand|p2b: Chandelure\n|-singleturn|p2b: Chandelure|Helping Hand|[of] p2a: Altaria\n|move|p2b: Chandelure|Heat Wave|p1a: Garchomp|[spread] p1a,p1b\n|-resisted|p1a: Garchomp|1\n|-resisted|p1b: Talonflame|1\n|-damage|p1a: Garchomp|71/100\n|-damage|p1b: Talonflame|26/100\n|move|p1b: Talonflame|Tailwind|p1b: Talonflame\n|-sidestart|p1: FlowerGirl2|move: Tailwind\n|\n|-weather|Snowscape|[upkeep]\n|upkeep\n|turn|5\n|\n|t:|1775899427\n|move|p2b: Chandelure|Protect|p2b: Chandelure\n|-singleturn|p2b: Chandelure|Protect\n|move|p1b: Talonflame|Taunt|p2a: Altaria\n|-start|p2a: Altaria|move: Taunt\n|move|p1a: Garchomp|Earthquake|p2b: Chandelure|[spread] \n|-activate|p2b: Chandelure|move: Protect\n|-immune|p1b: Talonflame\n|-immune|p2a: Altaria\n|cant|p2a: Altaria|move: Taunt|Will-O-Wisp\n|\n|-weather|none\n|-sideend|p2: swing1016|move: Tailwind\n|upkeep\n|turn|6\n|inactive|FlowerGirl2 has 30 seconds left.\n|inactive|swing1016 has 30 seconds left.\n|inactive|FlowerGirl2 has 20 seconds left.\n|\n|t:|1775899464\n|switch|p1b: Froslass|Froslass-Mega, L50, F|34/100\n|-weather|Snowscape|[from] ability: Snow Warning|[of] p1b: Froslass\n|move|p1a: Garchomp|Earthquake|p2a: Altaria|[spread] p1b,p2b\n|-immune|p2a: Altaria\n|-supereffective|p2b: Chandelure|1\n|-damage|p1b: Froslass|0 fnt\n|-damage|p2b: Chandelure|0 fnt\n|faint|p1b: Froslass\n|faint|p2b: Chandelure\n|move|p2a: Altaria|Draco Meteor|p1a: Garchomp\n|-supereffective|p1a: Garchomp|1\n|-damage|p1a: Garchomp|0 fnt\n|-unboost|p2a: Altaria|spa|2\n|faint|p1a: Garchomp\n|\n|-weather|Snowscape|[upkeep]\n|upkeep\n|\n|t:|1775899487\n|switch|p1a: Talonflame|Talonflame, L50, M|26/100\n|turn|7\n|\n|t:|1775899495\n|move|p1a: Talonflame|Will-O-Wisp|p2a: Altaria\n|-status|p2a: Altaria|brn\n|move|p2a: Altaria|Draco Meteor|p1a: Talonflame|[miss]\n|-miss|p2a: Altaria|p1a: Talonflame\n|\n|-weather|Snowscape|[upkeep]\n|-damage|p2a: Altaria|94/100 brn|[from] brn\n|-end|p2a: Altaria|move: Taunt\n|-sideend|p1: FlowerGirl2|move: Tailwind\n|upkeep\n|turn|8\n|\n|t:|1775899506\n|move|p1a: Talonflame|Brave Bird|p2a: Altaria\n|-damage|p2a: Altaria|43/100 brn\n|-enditem|p2a: Altaria|Sitrus Berry|[eat]\n|-heal|p2a: Altaria|68/100 brn|[from] item: Sitrus Berry\n|-damage|p1a: Talonflame|6/100|[from] Recoil\n|move|p2a: Altaria|Draco Meteor|p1a: Talonflame\n|-damage|p1a: Talonflame|0 fnt\n|-unboost|p2a: Altaria|spa|2\n|faint|p1a: Talonflame\n|\n|win|swing1016\n|raw|FlowerGirl2's rating: 1000 &rarr; <strong>1000</strong><br />(+0 for losing)\n|raw|swing1016's rating: 1036 &rarr; <strong>1067</strong><br />(+31 for winning)\n",
  "uploadtime": 1775899506,
  "views": 16,
  "formatid": "gen9championsvgc2026regma",
  "rating": 1000,
  "private": 0,
  "password": null
}