{
  "id": "gen9championsvgc2026regma-2585784313",
  "format": "[Gen 9 Champions] VGC 2026 Reg M-A",
  "players": [
    "PokemonChampsNoob",
    "EifieLisa"
  ],
  "log": "|j|\u203dPokemonChampsNoob\n|j|\u2606EifieLisa\n|t:|1776370399\n|gametype|doubles\n|player|p1|PokemonChampsNoob|grimsley|1299\n|player|p2|EifieLisa|winona|1372\n|gen|9\n|tier|[Gen 9 Champions] VGC 2026 Reg M-A\n|rated|\n|rule|Species Clause: Limit one of each Pok\u00e9mon\n|rule|Item Clause: Limit 1 of each item\n|clearpoke\n|poke|p1|Aegislash, L50, M|\n|poke|p1|Floette-Eternal, L50, F|\n|poke|p1|Talonflame, L50, M|\n|poke|p1|Sinistcha, L50|\n|poke|p1|Gyarados, L50, M|\n|poke|p1|Sneasler, L50, M|\n|poke|p2|Lopunny, L50, M|\n|poke|p2|Milotic, L50, M|\n|poke|p2|Farigiraf, L50, M|\n|poke|p2|Rhyperior, L50, M|\n|poke|p2|Aegislash, L50, F|\n|poke|p2|Hydrapple, L50, F|\n|teampreview|4\n|\n|t:|1776370471\n|teamsize|p1|4\n|teamsize|p2|4\n|start\n|switch|p1a: Gyarados|Gyarados, L50, M|100/100\n|switch|p1b: Sinistcha|Sinistcha, L50|100/100\n|switch|p2a: Lopunny|Lopunny, L50, M|100/100\n|switch|p2b: Milotic|Milotic, L50, M|100/100\n|-ability|p1a: Gyarados|Intimidate|boost\n|-unboost|p2a: Lopunny|atk|1\n|-unboost|p2b: Milotic|atk|1\n|-ability|p2b: Milotic|Competitive|boost\n|-boost|p2b: Milotic|spa|2\n|turn|1\n|\n|t:|1776370493\n|switch|p1a: Aegislash|Aegislash, L50, M|100/100\n|detailschange|p2a: Lopunny|Lopunny-Mega, L50, M\n|-mega|p2a: Lopunny|Lopunny|Lopunnite\n|move|p2a: Lopunny|Fake Out|p1b: Sinistcha\n|-damage|p1b: Sinistcha|85/100\n|move|p2b: Milotic|Muddy Water|p1a: Aegislash|[spread] p1a,p1b\n|-resisted|p1b: Sinistcha|1\n|-damage|p1a: Aegislash|54/100\n|-damage|p1b: Sinistcha|59/100\n|-unboost|p1b: Sinistcha|accuracy|1\n|cant|p1b: Sinistcha|flinch\n|\n|-heal|p1a: Aegislash|60/100|[from] item: Leftovers\n|upkeep\n|turn|2\n|\n|t:|1776370524\n|move|p1a: Aegislash|King's Shield|p1a: Aegislash\n|-singleturn|p1a: Aegislash|Protect\n|move|p2a: Lopunny|Close Combat|p1b: Sinistcha\n|-crit|p1b: Sinistcha\n|-damage|p1b: Sinistcha|0 fnt\n|-unboost|p2a: Lopunny|def|1\n|-unboost|p2a: Lopunny|spd|1\n|faint|p1b: Sinistcha\n|move|p2b: Milotic|Muddy Water|p1a: Aegislash\n|-activate|p1a: Aegislash|move: Protect\n|\n|-heal|p1a: Aegislash|67/100|[from] item: Leftovers\n|upkeep\n|inactive|Battle timer is ON: inactive players will automatically lose when time's up. (requested by PokemonChampsNoob)\n|\n|t:|1776370531\n|switch|p1b: Gyarados|Gyarados, L50, M|100/100\n|-ability|p1b: Gyarados|Intimidate|boost\n|-fail|p2a: Lopunny|unboost|Attack|[from] ability: Scrappy|[of] p2a: Lopunny\n|-unboost|p2b: Milotic|atk|1\n|-ability|p2b: Milotic|Competitive|boost\n|-boost|p2b: Milotic|spa|2\n|turn|3\n|\n|t:|1776370542\n|switch|p2a: Farigiraf|Farigiraf, L50, M|100/100\n|move|p1a: Aegislash|Wide Guard|p1a: Aegislash\n|-singleturn|p1a: Aegislash|Wide Guard\n|move|p1b: Gyarados|Dragon Dance|p1b: Gyarados\n|-boost|p1b: Gyarados|atk|1\n|-boost|p1b: Gyarados|spe|1\n|move|p2b: Milotic|Muddy Water|p1a: Aegislash|[spread] \n|-activate|p1a: Aegislash|move: Wide Guard\n|-activate|p1b: Gyarados|move: Wide Guard\n|\n|-heal|p1a: Aegislash|73/100|[from] item: Leftovers\n|upkeep\n|turn|4\n|inactive|PokemonChampsNoob has 30 seconds left.\n|inactive|PokemonChampsNoob has 20 seconds left.\n|inactive|PokemonChampsNoob has 15 seconds left.\n|\n|t:|1776370584\n|detailschange|p1b: Gyarados|Gyarados-Mega, L50, M\n|-mega|p1b: Gyarados|Gyarados|Gyaradosite\n|-ability|p1b: Gyarados|Mold Breaker\n|move|p1b: Gyarados|Crunch|p2b: Milotic\n|-damage|p2b: Milotic|38/100\n|move|p2b: Milotic|Hypnosis|p1b: Gyarados|[miss]\n|-miss|p2b: Milotic|p1b: Gyarados\n|-formechange|p1a: Aegislash|Aegislash-Blade|\n|move|p1a: Aegislash|Shadow Ball|p2b: Milotic\n|-damage|p2b: Milotic|0 fnt\n|faint|p2b: Milotic\n|move|p2a: Farigiraf|Gravity|p2a: Farigiraf\n|-fieldstart|move: Gravity\n|\n|-heal|p1a: Aegislash|79/100|[from] item: Leftovers\n|upkeep\n|\n|t:|1776370598\n|switch|p2b: Lopunny|Lopunny-Mega, L50, M|100/100\n|turn|5\n|inactive|PokemonChampsNoob has 30 seconds left.\n|\n|t:|1776370626\n|move|p1b: Gyarados|Protect|p1b: Gyarados\n|-singleturn|p1b: Gyarados|Protect\n|-formechange|p1a: Aegislash|Aegislash|\n|move|p1a: Aegislash|King's Shield|p1a: Aegislash\n|-singleturn|p1a: Aegislash|Protect\n|move|p2b: Lopunny|Fake Out|p1b: Gyarados\n|-activate|p1b: Gyarados|move: Protect\n|move|p2a: Farigiraf|Trick Room|p2a: Farigiraf\n|-fieldstart|move: Trick Room|[of] p2a: Farigiraf\n|\n|-heal|p1a: Aegislash|85/100|[from] item: Leftovers\n|upkeep\n|turn|6\n|\n|t:|1776370647\n|switch|p2a: Aegislash|Aegislash, L50, F|100/100\n|-formechange|p1a: Aegislash|Aegislash-Blade|\n|move|p1a: Aegislash|Flash Cannon|p2b: Lopunny\n|-damage|p2b: Lopunny|41/100\n|move|p1b: Gyarados|Crunch|p2b: Lopunny\n|-resisted|p2b: Lopunny|1\n|-damage|p2b: Lopunny|0 fnt\n|faint|p2b: Lopunny\n|\n|-heal|p1a: Aegislash|91/100|[from] item: Leftovers\n|upkeep\n|c|\u2606EifieLisa|for real\n|-message|EifieLisa forfeited.\n|\n|win|PokemonChampsNoob\n|raw|PokemonChampsNoob's rating: 1299 &rarr; <strong>1329</strong><br />(+30 for winning)\n|raw|EifieLisa's rating: 1372 &rarr; <strong>1348</strong><br />(-24 for losing)\n|l|\u2606EifieLisa\n|player|p2|\n",
  "uploadtime": 1776370667,
  "views": 26,
  "formatid": "gen9championsvgc2026regma",
  "rating": 1329,
  "private": 0,
  "password": null
}