{
  "id": "gen9championsvgc2026regma-2585926007",
  "format": "[Gen 9 Champions] VGC 2026 Reg M-A",
  "players": [
    "a mf city girl",
    "FeyQueenZoom"
  ],
  "log": "|j|\u2606a mf city girl\n|j|\u2606FeyQueenZoom\n|t:|1776382074\n|gametype|doubles\n|player|p1|a mf city girl|flannery|1078\n|player|p2|FeyQueenZoom|101|1003\n|gen|9\n|tier|[Gen 9 Champions] VGC 2026 Reg M-A\n|rated|\n|rule|Species Clause: Limit one of each Pok\u00e9mon\n|rule|Item Clause: Limit 1 of each item\n|clearpoke\n|poke|p1|Excadrill, L50, F|\n|poke|p1|Clefable, L50, F|\n|poke|p1|Pelipper, L50, F|\n|poke|p1|Sneasler, L50, F|\n|poke|p1|Archaludon, L50, M|\n|poke|p1|Dragapult, L50, M|\n|poke|p2|Charizard, L50, M|\n|poke|p2|Venusaur, L50, F|\n|poke|p2|Palafin, L50, F|\n|poke|p2|Whimsicott, L50, F|\n|poke|p2|Incineroar, L50, F|\n|poke|p2|Dragapult, L50, F|\n|teampreview|4\n|\n|t:|1776382094\n|teamsize|p1|4\n|teamsize|p2|4\n|start\n|switch|p1a: Sneasler|Sneasler, L50, F|100/100\n|switch|p1b: Dragapult|Dragapult, L50, M|100/100\n|switch|p2a: Charizard|Charizard, L50, M|100/100\n|switch|p2b: Venusaur|Venusaur, L50, F|100/100\n|turn|1\n|\n|t:|1776382118\n|move|p1a: Sneasler|Fake Out|p2a: Charizard\n|-damage|p2a: Charizard|80/100\n|move|p1b: Dragapult|Thunderbolt|p2a: Charizard\n|-supereffective|p2a: Charizard|1\n|-damage|p2a: Charizard|12/100\n|cant|p2a: Charizard|flinch\n|move|p2b: Venusaur|Sludge Bomb|p1b: Dragapult\n|-resisted|p1b: Dragapult|1\n|-damage|p1b: Dragapult|71/100\n|\n|upkeep\n|turn|2\n|\n|t:|1776382147\n|switch|p1a: Pelipper|Pelipper, L50, F|100/100\n|-weather|RainDance|[from] ability: Drizzle|[of] p1a: Pelipper\n|move|p2a: Charizard|Protect|p2a: Charizard\n|-singleturn|p2a: Charizard|Protect\n|move|p1b: Dragapult|Hydro Pump|p2a: Charizard\n|-activate|p2a: Charizard|move: Protect\n|move|p2b: Venusaur|Sludge Bomb|p1b: Dragapult\n|-resisted|p1b: Dragapult|1\n|-damage|p1b: Dragapult|40/100\n|-status|p1b: Dragapult|psn\n|\n|-weather|RainDance|[upkeep]\n|-damage|p1b: Dragapult|28/100 psn|[from] psn\n|upkeep\n|turn|3\n|\n|t:|1776382170\n|switch|p1b: Sneasler|Sneasler, L50, F|100/100\n|detailschange|p2a: Charizard|Charizard-Mega-Y, L50, M\n|-mega|p2a: Charizard|Charizard|Charizardite Y\n|-weather|SunnyDay|[from] ability: Drought|[of] p2a: Charizard\n|move|p2b: Venusaur|Sludge Bomb|p1b: Sneasler\n|-resisted|p1b: Sneasler|1\n|-damage|p1b: Sneasler|73/100\n|move|p2a: Charizard|Hurricane|p1a: Pelipper|[miss]\n|-miss|p2a: Charizard|p1a: Pelipper\n|move|p1a: Pelipper|Icy Wind|p2b: Venusaur|[spread] p2a,p2b\n|-supereffective|p2b: Venusaur|1\n|-damage|p2a: Charizard|3/100\n|-damage|p2b: Venusaur|78/100\n|-unboost|p2a: Charizard|spe|1\n|-unboost|p2b: Venusaur|spe|1\n|\n|-weather|SunnyDay|[upkeep]\n|-heal|p2b: Venusaur|83/100|[from] item: Leftovers\n|upkeep\n|turn|4\n|\n|t:|1776382199\n|move|p1a: Pelipper|Helping Hand|p1b: Sneasler\n|-singleturn|p1b: Sneasler|Helping Hand|[of] p1a: Pelipper\n|move|p2b: Venusaur|Energy Ball|p1a: Pelipper\n|-damage|p1a: Pelipper|44/100\n|move|p1b: Sneasler|Dire Claw|p2b: Venusaur\n|-damage|p2b: Venusaur|0 fnt\n|faint|p2b: Venusaur\n|move|p2a: Charizard|Solar Beam||[still]\n|-prepare|p2a: Charizard|Solar Beam\n|-anim|p2a: Charizard|Solar Beam|p1a: Pelipper\n|-damage|p1a: Pelipper|0 fnt\n|faint|p1a: Pelipper\n|\n|-weather|SunnyDay|[upkeep]\n|upkeep\n|\n|t:|1776382216\n|switch|p2b: Dragapult|Dragapult, L50, F|100/100\n|switch|p1a: Dragapult|Dragapult, L50, M|28/100 psn\n|turn|5\n|\n|t:|1776382229\n|move|p2a: Charizard|Protect|p2a: Charizard\n|-singleturn|p2a: Charizard|Protect\n|move|p2b: Dragapult|Shadow Ball|p1a: Dragapult\n|-supereffective|p1a: Dragapult|1\n|-damage|p1a: Dragapult|0 fnt\n|faint|p1a: Dragapult\n|move|p1b: Sneasler|Dire Claw|p2a: Charizard\n|-activate|p2a: Charizard|move: Protect\n|\n|-weather|SunnyDay|[upkeep]\n|upkeep\n|\n|t:|1776382244\n|switch|p1a: Excadrill|Excadrill, L50, F|100/100\n|turn|6\n|\n|t:|1776382257\n|detailschange|p1a: Excadrill|Excadrill-Mega, L50, F\n|-mega|p1a: Excadrill|Excadrill|Excadrite\n|move|p1a: Excadrill|Protect|p1a: Excadrill\n|-singleturn|p1a: Excadrill|Protect\n|move|p2b: Dragapult|Flamethrower|p1a: Excadrill\n|-activate|p1a: Excadrill|move: Protect\n|move|p1b: Sneasler|Dire Claw|p2b: Dragapult\n|-resisted|p2b: Dragapult|1\n|-damage|p2b: Dragapult|70/100\n|move|p2a: Charizard|Heat Wave|p1b: Sneasler|[spread] p1b\n|-activate|p1a: Excadrill|move: Protect\n|-damage|p1b: Sneasler|0 fnt\n|faint|p1b: Sneasler\n|\n|-weather|SunnyDay|[upkeep]\n|upkeep\n|turn|7\n|\n|t:|1776382279\n|move|p2b: Dragapult|Flamethrower|p1a: Excadrill\n|-supereffective|p1a: Excadrill|1\n|-damage|p1a: Excadrill|0 fnt\n|faint|p1a: Excadrill\n|\n|win|FeyQueenZoom\n|raw|a mf city girl's rating: 1078 &rarr; <strong>1052</strong><br />(-26 for losing)\n|raw|FeyQueenZoom's rating: 1003 &rarr; <strong>1051</strong><br />(+48 for winning)\n|l|\u2606a mf city girl\n|player|p1|\n",
  "uploadtime": 1776382285,
  "views": 15,
  "formatid": "gen9championsvgc2026regma",
  "rating": 1051,
  "private": 0,
  "password": null
}