{
  "id": "gen9championsvgc2026regma-2586528567",
  "format": "[Gen 9 Champions] VGC 2026 Reg M-A",
  "players": [
    "DrakeLong",
    "Ranzurant"
  ],
  "log": "|j|\u2606DrakeLong\n|j|\u2606Ranzurant\n|t:|1776440830\n|gametype|doubles\n|player|p1|DrakeLong|2|1126\n|player|p2|Ranzurant|lucas|1109\n|gen|9\n|tier|[Gen 9 Champions] VGC 2026 Reg M-A\n|rated|\n|rule|Species Clause: Limit one of each Pok\u00e9mon\n|rule|Item Clause: Limit 1 of each item\n|clearpoke\n|poke|p1|Vivillon-Pokeball, L50, F|\n|poke|p1|Incineroar, L50, F|\n|poke|p1|Kommo-o, L50, F|\n|poke|p1|Lucario, L50, M|\n|poke|p1|Glimmora, L50, F|\n|poke|p1|Milotic, L50, F|\n|poke|p2|Incineroar, L50, F|\n|poke|p2|Milotic, L50, F|\n|poke|p2|Politoed, L50, M|\n|poke|p2|Gengar, L50, M|\n|poke|p2|Farigiraf, L50, F|\n|poke|p2|Kingambit, L50, M|\n|teampreview|4\n|inactive|Battle timer is ON: inactive players will automatically lose when time's up. (requested by Ranzurant)\n|\n|t:|1776440890\n|teamsize|p1|4\n|teamsize|p2|4\n|start\n|switch|p1a: Glimmora|Glimmora, L50, F|100/100\n|switch|p1b: Vivillon|Vivillon-Pokeball, L50, F|100/100\n|switch|p2a: Incineroar|Incineroar, L50, F|100/100\n|switch|p2b: Milotic|Milotic, L50, F|100/100\n|-ability|p2a: Incineroar|Intimidate|boost\n|-unboost|p1a: Glimmora|atk|1\n|-unboost|p1b: Vivillon|atk|1\n|turn|1\n|inactive|Ranzurant has 30 seconds left.\n|\n|t:|1776440923\n|move|p1b: Vivillon|Protect|p1b: Vivillon\n|-singleturn|p1b: Vivillon|Protect\n|move|p1a: Glimmora|Spiky Shield|p1a: Glimmora\n|-singleturn|p1a: Glimmora|move: Protect\n|move|p2b: Milotic|Surf|p1a: Glimmora|[spread] p2a\n|-activate|p1a: Glimmora|move: Protect\n|-activate|p1b: Vivillon|move: Protect\n|-supereffective|p2a: Incineroar|1\n|-damage|p2a: Incineroar|46/100\n|move|p2a: Incineroar|Parting Shot|p2b: Milotic\n|-unboost|p2b: Milotic|atk|1\n|-unboost|p2b: Milotic|spa|1\n|inactive|Ranzurant has 30 seconds left.\n|\n|t:|1776440953\n|switch|p2a: Politoed|Politoed, L50, M|100/100|[from] Parting Shot\n|\n|upkeep\n|turn|2\n|inactive|DrakeLong has 30 seconds left.\n|inactive|Ranzurant has 30 seconds left.\n|c|\u2606DrakeLong|brother forgot to put competitive\n|inactive|DrakeLong has 20 seconds left.\n|inactive|DrakeLong has 15 seconds left.\n|inactive|Ranzurant has 20 seconds left.\n|inactive|Ranzurant has 15 seconds left.\n|\n|t:|1776441009\n|switch|p1a: Kommo-o|Kommo-o, L50, F|100/100\n|move|p2a: Politoed|Helping Hand|p2b: Milotic\n|-singleturn|p2b: Milotic|Helping Hand|[of] p2a: Politoed\n|move|p2b: Milotic|Surf|p1a: Kommo-o|[spread] p1a,p1b\n|-immune|p2a: Politoed|[from] ability: Water Absorb\n|-resisted|p1a: Kommo-o|1\n|-damage|p1a: Kommo-o|91/100\n|-damage|p1b: Vivillon|38/100\n|move|p1b: Vivillon|Sleep Powder|p2b: Milotic\n|-status|p2b: Milotic|slp|[from] move: Sleep Powder\n|\n|upkeep\n|turn|3\n|c|\u2606Ranzurant|I forgot that competitive only works when foe lowers stats\ud83d\ude1d\n|inactive|Ranzurant has 30 seconds left.\n|c|\u2606DrakeLong|oh really\n|inactive|Ranzurant has 20 seconds left.\n|inactive|Ranzurant has 15 seconds left.\n|inactive|Ranzurant has 10 seconds left.\n|inactive|Ranzurant has 5 seconds left.\n|\n|t:|1776441065\n|switch|p2b: Incineroar|Incineroar, L50, F|46/100\n|-ability|p2b: Incineroar|Intimidate|boost\n|-unboost|p1a: Kommo-o|atk|1\n|-unboost|p1b: Vivillon|atk|1\n|move|p1b: Vivillon|Rage Powder|p1b: Vivillon\n|-singleturn|p1b: Vivillon|move: Rage Powder\n|move|p1a: Kommo-o|Clangorous Soul|p1a: Kommo-o\n|-boost|p1a: Kommo-o|atk|1\n|-boost|p1a: Kommo-o|def|1\n|-boost|p1a: Kommo-o|spa|1\n|-boost|p1a: Kommo-o|spd|1\n|-boost|p1a: Kommo-o|spe|1\n|-damage|p1a: Kommo-o|58/100\n|move|p2a: Politoed|Perish Song|p2a: Politoed\n|-start|p1a: Kommo-o|perish3|[silent]\n|-start|p1b: Vivillon|perish3|[silent]\n|-start|p2a: Politoed|perish3|[silent]\n|-start|p2b: Incineroar|perish3|[silent]\n|-fieldactivate|move: Perish Song\n|\n|-start|p1a: Kommo-o|perish3\n|-start|p1b: Vivillon|perish3\n|-start|p2a: Politoed|perish3\n|-start|p2b: Incineroar|perish3\n|upkeep\n|turn|4\n|c|\u2606Ranzurant|Ye\n|inactive|DrakeLong has 30 seconds left.\n|inactive|Ranzurant has 30 seconds left.\n|inactive|DrakeLong has 20 seconds left.\n|\n|t:|1776441105\n|switch|p1b: Incineroar|Incineroar, L50, F|100/100\n|-ability|p1b: Incineroar|Intimidate|boost\n|-unboost|p2a: Politoed|atk|1\n|-unboost|p2b: Incineroar|atk|1\n|switch|p2a: Gengar|Gengar, L50, M|100/100\n|move|p1a: Kommo-o|Protect|p1a: Kommo-o\n|-singleturn|p1a: Kommo-o|Protect\n|move|p2b: Incineroar|Fake Out|p1a: Kommo-o\n|-activate|p1a: Kommo-o|move: Protect\n|\n|-start|p1a: Kommo-o|perish2\n|-start|p2b: Incineroar|perish2\n|upkeep\n|turn|5\n|inactive|DrakeLong has 30 seconds left.\n|\n|t:|1776441134\n|detailschange|p2a: Gengar|Gengar-Mega, L50, M\n|-mega|p2a: Gengar|Gengar|Gengarite\n|move|p2a: Gengar|Protect|p2a: Gengar\n|-singleturn|p2a: Gengar|Protect\n|move|p1a: Kommo-o|Clanging Scales|p2b: Incineroar|[spread] p2b\n|-activate|p2a: Gengar|move: Protect\n|-damage|p2b: Incineroar|7/100\n|-unboost|p1a: Kommo-o|def|1\n|move|p1b: Incineroar|Darkest Lariat|p2a: Gengar\n|-activate|p2a: Gengar|move: Protect\n|move|p2b: Incineroar|Parting Shot|p1a: Kommo-o\n|-unboost|p1a: Kommo-o|atk|1\n|-unboost|p1a: Kommo-o|spa|1\n|\n|t:|1776441147\n|switch|p2b: Milotic|Milotic, L50, F|100/100 slp|[from] Parting Shot\n|\n|-start|p1a: Kommo-o|perish1\n|upkeep\n|turn|6\n|\n|t:|1776441169\n|switch|p2a: Politoed|Politoed, L50, M|100/100\n|cant|p2b: Milotic|slp\n|move|p1a: Kommo-o|Clanging Scales|p2a: Politoed|[spread] p2a,p2b\n|-damage|p2a: Politoed|71/100\n|-damage|p2b: Milotic|73/100 slp\n|-unboost|p1a: Kommo-o|def|1\n|move|p1b: Incineroar|Flare Blitz|p2a: Politoed\n|-resisted|p2a: Politoed|1\n|-damage|p2a: Politoed|28/100\n|-enditem|p2a: Politoed|Sitrus Berry|[eat]\n|-heal|p2a: Politoed|53/100|[from] item: Sitrus Berry\n|-damage|p1b: Incineroar|87/100|[from] Recoil\n|\n|-start|p1a: Kommo-o|perish0\n|upkeep\n|faint|p1a: Kommo-o\n|\n|t:|1776441191\n|switch|p1a: Glimmora|Glimmora, L50, F|100/100\n|turn|7\n|\n|t:|1776441202\n|switch|p1b: Vivillon|Vivillon-Pokeball, L50, F|38/100\n|detailschange|p1a: Glimmora|Glimmora-Mega, L50, F\n|-mega|p1a: Glimmora|Glimmora|Glimmoranite\n|-curestatus|p2b: Milotic|slp|[msg]\n|move|p2b: Milotic|Protect|p2b: Milotic\n|-singleturn|p2b: Milotic|Protect\n|move|p1a: Glimmora|Sludge Bomb|p2a: Politoed\n|-damage|p2a: Politoed|0 fnt\n|faint|p2a: Politoed\n|\n|upkeep\n|\n|t:|1776441218\n|switch|p2a: Incineroar|Incineroar, L50, F|7/100\n|-ability|p2a: Incineroar|Intimidate|boost\n|-unboost|p1a: Glimmora|atk|1\n|-unboost|p1b: Vivillon|atk|1\n|turn|8\n|inactive|Ranzurant has 30 seconds left.\n|\n|t:|1776441251\n|switch|p2b: Gengar|Gengar-Mega, L50, M|100/100\n|move|p1a: Glimmora|Spiky Shield|p1a: Glimmora\n|-singleturn|p1a: Glimmora|move: Protect\n|move|p1b: Vivillon|Protect|p1b: Vivillon\n|-singleturn|p1b: Vivillon|Protect\n|move|p2a: Incineroar|Fake Out|p1b: Vivillon\n|-activate|p1b: Vivillon|move: Protect\n|\n|upkeep\n|turn|9\n|inactive|Ranzurant has 30 seconds left.\n|\n|t:|1776441279\n|move|p2b: Gengar|Protect|p2b: Gengar\n|-singleturn|p2b: Gengar|Protect\n|move|p1b: Vivillon|Rage Powder|p1b: Vivillon\n|-singleturn|p1b: Vivillon|move: Rage Powder\n|move|p1a: Glimmora|Power Gem|p2a: Incineroar\n|-supereffective|p2a: Incineroar|1\n|-crit|p2a: Incineroar\n|-damage|p2a: Incineroar|0 fnt\n|faint|p2a: Incineroar\n|\n|upkeep\n|\n|t:|1776441290\n|switch|p2a: Milotic|Milotic, L50, F|73/100\n|turn|10\n|\n|t:|1776441300\n|move|p2a: Milotic|Surf|p1b: Vivillon|[spread] p2b,p1a,p1b\n|-supereffective|p1a: Glimmora|1\n|-damage|p2b: Gengar|68/100\n|-damage|p1a: Glimmora|45/100\n|-damage|p1b: Vivillon|0 fnt\n|faint|p1b: Vivillon\n|move|p2b: Gengar|Shadow Ball|p1a: Glimmora\n|-damage|p1a: Glimmora|0 fnt\n|faint|p1a: Glimmora\n|\n|upkeep\n|c|\u2606DrakeLong|why is it so fast?\n|c|\u2606DrakeLong|vivillon should outspeed\n|inactive|DrakeLong has 30 seconds left.\n|c|\u2606Ranzurant|Erm\n|inactive|DrakeLong has 20 seconds left.\n|c|\u2606Ranzurant|Scarf\n|c|\u2606Ranzurant|Lmao\n|inactive|DrakeLong has 15 seconds left.\n|c|\u2606DrakeLong|with protect bro\n|c|\u2606DrakeLong|ok\n|inactive|DrakeLong has 10 seconds left.\n|-message|DrakeLong forfeited.\n|\n|win|Ranzurant\n|raw|DrakeLong's rating: 1126 &rarr; <strong>1100</strong><br />(-26 for losing)\n|raw|Ranzurant's rating: 1109 &rarr; <strong>1135</strong><br />(+26 for winning)\n|c|\u2606DrakeLong|weirdo\n|c|\u2606Ranzurant|Ye i had thief on politoad\n|l|\u2606DrakeLong\n|player|p1|\n",
  "uploadtime": 1776441411,
  "views": 25,
  "formatid": "gen9championsvgc2026regma",
  "rating": 1100,
  "private": 0,
  "password": null
}