{
  "id": "gen9championsvgc2026regma-2588689153",
  "format": "[Gen 9 Champions] VGC 2026 Reg M-A",
  "players": [
    "magato123",
    "RNNF"
  ],
  "log": "|j|\u2606magato123\n|j|\u2606RNNF\n|t:|1776657999\n|gametype|doubles\n|player|p1|magato123|turo-ai|1024\n|player|p2|RNNF|101|1068\n|gen|9\n|tier|[Gen 9 Champions] VGC 2026 Reg M-A\n|rated|\n|rule|Species Clause: Limit one of each Pok\u00e9mon\n|rule|Item Clause: Limit 1 of each item\n|clearpoke\n|poke|p1|Gengar, L50, F|\n|poke|p1|Garchomp, L50, M|\n|poke|p1|Basculegion, L50, M|\n|poke|p1|Clefable, L50, M|\n|poke|p1|Sneasler, L50, F|\n|poke|p1|Sableye, L50, M|\n|poke|p2|Meganium, L50, F, shiny|\n|poke|p2|Pelipper, L50, M|\n|poke|p2|Milotic, L50, F|\n|poke|p2|Klefki, L50, F|\n|poke|p2|Aegislash, L50, F|\n|poke|p2|Kleavor, L50, F|\n|teampreview|4\n|inactive|Battle timer is ON: inactive players will automatically lose when time's up. (requested by magato123)\nmagato123 rejected open team sheets.\n|j| SADATO69\n|\n|t:|1776658018\n|teamsize|p1|4\n|teamsize|p2|4\n|start\n|switch|p1a: Clefable|Clefable, L50, M|100/100\n|switch|p1b: Sneasler|Sneasler, L50, F|100/100\n|switch|p2a: Meganium|Meganium, L50, F, shiny|100/100\n|switch|p2b: Milotic|Milotic, L50, F|100/100\n|turn|1\n|\n|t:|1776658026\n|move|p2a: Meganium|Protect|p2a: Meganium\n|-singleturn|p2a: Meganium|Protect\n|move|p1b: Sneasler|Gunk Shot|p2a: Meganium\n|-activate|p2a: Meganium|move: Protect\n|move|p2b: Milotic|Scald|p1b: Sneasler\n|-damage|p1b: Sneasler|65/100\n|move|p1a: Clefable|Reflect|p1a: Clefable\n|-sidestart|p1: magato123|Reflect\n|\n|upkeep\n|turn|2\n|\n|t:|1776658037\n|switch|p2a: Klefki|Klefki, L50, F|100/100\n|move|p1b: Sneasler|Close Combat|p2b: Milotic\n|-damage|p2b: Milotic|26/100\n|-unboost|p1b: Sneasler|def|1\n|-unboost|p1b: Sneasler|spd|1\n|move|p2b: Milotic|Scald|p1b: Sneasler\n|-damage|p1b: Sneasler|9/100\n|-status|p1b: Sneasler|brn\n|move|p1a: Clefable|Icy Wind|p2a: Klefki|[spread] p2a,p2b\n|-resisted|p2a: Klefki|1\n|-resisted|p2b: Milotic|1\n|-damage|p2a: Klefki|96/100\n|-damage|p2b: Milotic|23/100\n|-unboost|p2a: Klefki|spe|1\n|-unboost|p2b: Milotic|spe|1\n|-ability|p2b: Milotic|Competitive|boost\n|-boost|p2b: Milotic|spa|2\n|\n|-heal|p2b: Milotic|29/100|[from] item: Leftovers\n|-damage|p1b: Sneasler|3/100 brn|[from] brn\n|upkeep\n|turn|3\n|\n|t:|1776658060\n|move|p2b: Milotic|Protect|p2b: Milotic\n|-singleturn|p2b: Milotic|Protect\n|move|p2a: Klefki|Thunder Wave|p1a: Clefable\n|-status|p1a: Clefable|par\n|move|p1b: Sneasler|Close Combat|p2a: Klefki\n|-damage|p2a: Klefki|68/100\n|-unboost|p1b: Sneasler|def|1\n|-unboost|p1b: Sneasler|spd|1\n|move|p1a: Clefable|Icy Wind|p2a: Klefki|[spread] p2a\n|-activate|p2b: Milotic|move: Protect\n|-resisted|p2a: Klefki|1\n|-damage|p2a: Klefki|63/100\n|-unboost|p2a: Klefki|spe|1\n|\n|-heal|p2b: Milotic|35/100|[from] item: Leftovers\n|-damage|p1b: Sneasler|0 fnt|[from] brn\n|faint|p1b: Sneasler\n|upkeep\n|\n|t:|1776658061\n|switch|p1b: Garchomp|Garchomp, L50, M|100/100\n|turn|4\n|inactive|RNNF has 30 seconds left.\n|\n|t:|1776658087\n|detailschange|p1b: Garchomp|Garchomp-Mega, L50, M\n|-mega|p1b: Garchomp|Garchomp|Garchompite\n|move|p1b: Garchomp|Rock Slide|p2b: Milotic|[spread] p2a\n|-miss|p1b: Garchomp|p2b: Milotic\n|-resisted|p2a: Klefki|1\n|-damage|p2a: Klefki|52/100\n|move|p2b: Milotic|Icy Wind|p1a: Clefable|[spread] p1a,p1b\n|-supereffective|p1b: Garchomp|2\n|-damage|p1a: Clefable|86/100 par\n|-damage|p1b: Garchomp|27/100\n|-unboost|p1a: Clefable|spe|1\n|-unboost|p1b: Garchomp|spe|1\n|move|p2a: Klefki|Foul Play|p1b: Garchomp\n|-damage|p1b: Garchomp|4/100\n|move|p1a: Clefable|Icy Wind|p2a: Klefki|[spread] p2a,p2b\n|-resisted|p2a: Klefki|1\n|-crit|p2a: Klefki\n|-resisted|p2b: Milotic|1\n|-damage|p2a: Klefki|44/100\n|-damage|p2b: Milotic|33/100\n|-unboost|p2a: Klefki|spe|1\n|-unboost|p2b: Milotic|spe|1\n|-ability|p2b: Milotic|Competitive|boost\n|-boost|p2b: Milotic|spa|2\n|\n|-heal|p2b: Milotic|39/100|[from] item: Leftovers\n|-heal|p1a: Clefable|92/100 par|[from] item: Leftovers\n|upkeep\n|turn|5\n|\n|t:|1776658112\n|move|p2b: Milotic|Protect|p2b: Milotic\n|-singleturn|p2b: Milotic|Protect\n|move|p1b: Garchomp|Earthquake|p2a: Klefki|[spread] p1a,p2a\n|-activate|p2b: Milotic|move: Protect\n|-supereffective|p2a: Klefki|1\n|-damage|p1a: Clefable|62/100 par\n|-damage|p2a: Klefki|0 fnt\n|faint|p2a: Klefki\n|move|p1a: Clefable|Icy Wind|p2b: Milotic\n|-activate|p2b: Milotic|move: Protect\n|\n|-heal|p2b: Milotic|45/100|[from] item: Leftovers\n|-heal|p1a: Clefable|68/100 par|[from] item: Leftovers\n|-sideend|p1: magato123|Reflect\n|upkeep\n|\n|t:|1776658120\n|switch|p2a: Aegislash|Aegislash, L50, F|100/100\n|turn|6\n|\n|t:|1776658124\n|-formechange|p2a: Aegislash|Aegislash-Blade|\n|move|p2a: Aegislash|Shadow Sneak|p1b: Garchomp\n|-damage|p1b: Garchomp|0 fnt\n|faint|p1b: Garchomp\n|move|p2b: Milotic|Scald|p1a: Clefable\n|-damage|p1a: Clefable|0 fnt\n|faint|p1a: Clefable\n|\n|-heal|p2b: Milotic|50/100|[from] item: Leftovers\n|upkeep\n|\n|t:|1776658125\n|switch|p1a: Basculegion|Basculegion, L50, M|100/100\n|turn|7\n|\n|t:|1776658139\n|move|p2a: Aegislash|Shadow Sneak|p1a: Basculegion\n|-supereffective|p1a: Basculegion|1\n|-damage|p1a: Basculegion|36/100\n|move|p1a: Basculegion|Last Respects|p2a: Aegislash\n|-supereffective|p2a: Aegislash|1\n|-damage|p2a: Aegislash|0 fnt\n|faint|p2a: Aegislash\n|move|p2b: Milotic|Scald|p1a: Basculegion\n|-resisted|p1a: Basculegion|1\n|-damage|p1a: Basculegion|0 fnt\n|faint|p1a: Basculegion\n|\n|win|RNNF\n|raw|magato123's rating: 1013 &rarr; <strong>1003</strong><br />(-10 for losing)\n|raw|RNNF's rating: 1068 &rarr; <strong>1093</strong><br />(+25 for winning)\n|l|\u2606magato123\n|player|p1|\n",
  "uploadtime": 1776658139,
  "views": 10,
  "formatid": "gen9championsvgc2026regma",
  "rating": 1003,
  "private": 0,
  "password": null
}