{
  "id": "gen9championsvgc2026regma-2585874206",
  "format": "[Gen 9 Champions] VGC 2026 Reg M-A",
  "players": [
    "chichinitz",
    "problamatic"
  ],
  "log": "|j|\u2606chichinitz\n|j|\u2606problamatic\n|t:|1776377415\n|gametype|doubles\n|player|p1|chichinitz|psychic-gen4|1373\n|player|p2|problamatic|102|1327\n|gen|9\n|tier|[Gen 9 Champions] VGC 2026 Reg M-A\n|rated|\n|rule|Species Clause: Limit one of each Pok\u00e9mon\n|rule|Item Clause: Limit 1 of each item\n|clearpoke\n|poke|p1|Meganium, L50, F|\n|poke|p1|Pelipper, L50, M|\n|poke|p1|Basculegion, L50, M|\n|poke|p1|Archaludon, L50, F|\n|poke|p1|Aerodactyl, L50, M|\n|poke|p1|Kangaskhan, L50, F|\n|poke|p2|Scizor, L50, M|\n|poke|p2|Archaludon, L50, F|\n|poke|p2|Pelipper, L50, M|\n|poke|p2|Basculegion, L50, M|\n|poke|p2|Incineroar, L50, M|\n|poke|p2|Floette-Eternal, L50, F|\n|teampreview|4\n|\n|t:|1776377446\n|teamsize|p1|4\n|teamsize|p2|4\n|start\n|switch|p1a: Pelipper|Pelipper, L50, M|100/100\n|switch|p1b: Archaludon|Archaludon, L50, F|100/100\n|switch|p2a: Archaludon|Archaludon, L50, F, shiny|100/100\n|switch|p2b: Basculegion|Basculegion, L50, M, shiny|100/100\n|-weather|RainDance|[from] ability: Drizzle|[of] p1a: Pelipper\n|turn|1\n|inactive|Battle timer is ON: inactive players will automatically lose when time's up. (requested by problamatic)\n|\n|t:|1776377464\n|move|p2b: Basculegion|Flip Turn|p1b: Archaludon\n|-resisted|p1b: Archaludon|1\n|-damage|p1b: Archaludon|79/100\n|\n|t:|1776377468\n|switch|p2b: Floette|Floette-Eternal, L50, F|100/100|[from] Flip Turn\n|move|p2a: Archaludon|Electro Shot||[still]\n|-prepare|p2a: Archaludon|Electro Shot\n|-boost|p2a: Archaludon|spa|1\n|-anim|p2a: Archaludon|Electro Shot|p1b: Archaludon\n|-resisted|p1b: Archaludon|1\n|-damage|p1b: Archaludon|49/100\n|move|p1b: Archaludon|Electro Shot||[still]\n|-prepare|p1b: Archaludon|Electro Shot\n|-boost|p1b: Archaludon|spa|1\n|-anim|p1b: Archaludon|Electro Shot|p2b: Floette\n|-damage|p2b: Floette|56/100\n|move|p1a: Pelipper|Tailwind|p1a: Pelipper\n|-sidestart|p1: chichinitz|move: Tailwind\n|\n|-weather|RainDance|[upkeep]\n|upkeep\n|turn|2\n|inactive|chichinitz has 30 seconds left.\n|\n|t:|1776377498\n|switch|p1a: Basculegion|Basculegion, L50, M|100/100\n|switch|p2b: Pelipper|Pelipper, L50, M, shiny|100/100\n|move|p1b: Archaludon|Flash Cannon|p2b: Pelipper\n|-resisted|p2b: Pelipper|1\n|-damage|p2b: Pelipper|62/100\n|move|p2a: Archaludon|Draco Meteor|p1b: Archaludon\n|-damage|p1b: Archaludon|0 fnt\n|-unboost|p2a: Archaludon|spa|2\n|faint|p1b: Archaludon\n|\n|-weather|RainDance|[upkeep]\n|upkeep\n|\n|t:|1776377518\n|switch|p1b: Pelipper|Pelipper, L50, M|100/100\n|turn|3\n|\n|t:|1776377542\n|switch|p1a: Meganium|Meganium, L50, F|100/100\n|move|p1b: Pelipper|Hurricane|p2a: Archaludon\n|-resisted|p2a: Archaludon|1\n|-damage|p2a: Archaludon|75/100\n|-start|p2a: Archaludon|confusion\n|-ability|p2a: Archaludon|Stamina|boost\n|-boost|p2a: Archaludon|def|1\n|-activate|p2a: Archaludon|confusion\n|-damage|p2a: Archaludon|71/100|[from] confusion\n|move|p2b: Pelipper|Hurricane|p1a: Meganium\n|-supereffective|p1a: Meganium|1\n|-damage|p1a: Meganium|11/100\n|\n|-weather|RainDance|[upkeep]\n|-heal|p2a: Archaludon|77/100|[from] item: Leftovers\n|upkeep\n|turn|4\n|inactive|chichinitz has 30 seconds left.\n|inactive|chichinitz has 20 seconds left.\n|inactive|chichinitz has 15 seconds left.\n|\n|t:|1776377585\n|switch|p1b: Basculegion|Basculegion, L50, M|100/100\n|detailschange|p1a: Meganium|Meganium-Mega, L50, F\n|-mega|p1a: Meganium|Meganium|Meganiumite\n|move|p1a: Meganium|Dazzling Gleam|p2b: Pelipper|[spread] p2a,p2b\n|-crit|p2a: Archaludon\n|-damage|p2a: Archaludon|22/100\n|-damage|p2b: Pelipper|13/100\n|-ability|p2a: Archaludon|Stamina|boost\n|-boost|p2a: Archaludon|def|1\n|-activate|p2a: Archaludon|confusion\n|-damage|p2a: Archaludon|18/100|[from] confusion\n|move|p2b: Pelipper|Hurricane|p1b: Basculegion\n|-damage|p1b: Basculegion|43/100\n|\n|-weather|RainDance|[upkeep]\n|-heal|p2a: Archaludon|24/100|[from] item: Leftovers\n|-sideend|p1: chichinitz|move: Tailwind\n|upkeep\n|turn|5\n|inactive|chichinitz has 30 seconds left.\n|inactive|problamatic has 30 seconds left.\n|inactive|chichinitz has 20 seconds left.\n|inactive|chichinitz has 15 seconds left.\n|\n|t:|1776377629\n|move|p1a: Meganium|Protect|p1a: Meganium\n|-singleturn|p1a: Meganium|Protect\n|move|p2b: Pelipper|Wide Guard|p2b: Pelipper\n|-singleturn|p2b: Pelipper|Wide Guard\n|move|p1b: Basculegion|Wave Crash|p2a: Archaludon\n|-resisted|p2a: Archaludon|1\n|-damage|p2a: Archaludon|3/100\n|-ability|p2a: Archaludon|Stamina|boost\n|-boost|p2a: Archaludon|def|1\n|-damage|p1b: Basculegion|36/100|[from] Recoil\n|-activate|p2a: Archaludon|confusion\n|-damage|p2a: Archaludon|0 fnt|[from] confusion\n|faint|p2a: Archaludon\n|\n|-weather|none\n|upkeep\n|\n|t:|1776377641\n|switch|p2a: Basculegion|Basculegion, L50, M, shiny|100/100\n|turn|6\n|\n|t:|1776377661\n|switch|p1b: Pelipper|Pelipper, L50, M|100/100\n|-weather|RainDance|[from] ability: Drizzle|[of] p1b: Pelipper\n|move|p2a: Basculegion|Flip Turn|p1a: Meganium\n|-resisted|p1a: Meganium|1\n|-damage|p1a: Meganium|0 fnt\n|faint|p1a: Meganium\n|\n|t:|1776377667\n|switch|p2a: Floette|Floette-Eternal, L50, F|56/100|[from] Flip Turn\n|move|p2b: Pelipper|Tailwind|p2b: Pelipper\n|-sidestart|p2: problamatic|move: Tailwind\n|\n|-weather|RainDance|[upkeep]\n|upkeep\n|\n|t:|1776377674\n|switch|p1a: Basculegion|Basculegion, L50, M|36/100\n|turn|7\n|inactive|chichinitz has 30 seconds left.\n|inactive|chichinitz has 20 seconds left.\n|inactive|chichinitz has 15 seconds left.\n|inactive|chichinitz has 10 seconds left.\n|\n|t:|1776377720\n|detailschange|p2a: Floette|Floette-Mega, L50, F\n|-mega|p2a: Floette|Floette|Floettite\n|-ability|p2a: Floette|Fairy Aura\n|move|p1a: Basculegion|Last Respects|p2a: Floette\n|-damage|p2a: Floette|0 fnt\n|faint|p2a: Floette\n|move|p2b: Pelipper|Hurricane|p1b: Pelipper\n|-damage|p1b: Pelipper|25/100\n|-start|p1b: Pelipper|confusion\n|-activate|p1b: Pelipper|confusion\n|move|p1b: Pelipper|Tailwind|p1b: Pelipper\n|-sidestart|p1: chichinitz|move: Tailwind\n|\n|-weather|RainDance|[upkeep]\n|upkeep\n|\n|t:|1776377728\n|switch|p2a: Basculegion|Basculegion, L50, M, shiny|100/100\n|turn|8\n|\n|t:|1776377742\n|move|p2a: Basculegion|Aqua Jet|p1a: Basculegion\n|-resisted|p1a: Basculegion|1\n|-damage|p1a: Basculegion|6/100\n|move|p1a: Basculegion|Last Respects|p2a: Basculegion\n|-supereffective|p2a: Basculegion|1\n|-damage|p2a: Basculegion|0 fnt\n|faint|p2a: Basculegion\n|-activate|p1b: Pelipper|confusion\n|move|p1b: Pelipper|Hurricane|p2b: Pelipper\n|-damage|p2b: Pelipper|0 fnt\n|faint|p2b: Pelipper\n|\n|win|chichinitz\n|raw|chichinitz's rating: 1373 &rarr; <strong>1390</strong><br />(+17 for winning)\n|raw|problamatic's rating: 1327 &rarr; <strong>1310</strong><br />(-17 for losing)\n|c|\u2606chichinitz|gg\n|l|\u2606problamatic\n|player|p2|\n",
  "uploadtime": 1776377755,
  "views": 31,
  "formatid": "gen9championsvgc2026regma",
  "rating": 1310,
  "private": 0,
  "password": null
}