{
  "id": "gen9championsvgc2026regma-2587346393",
  "format": "[Gen 9 Champions] VGC 2026 Reg M-A",
  "players": [
    "nessas bro",
    "Zaikanoa"
  ],
  "log": "|j|\u2606nessas bro\n|j|\u2606Zaikanoa\n|t:|1776524049\n|gametype|doubles\n|player|p1|nessas bro|blue-masters2|1287\n|player|p2|Zaikanoa|101|1244\n|gen|9\n|tier|[Gen 9 Champions] VGC 2026 Reg M-A\n|rated|\n|rule|Species Clause: Limit one of each Pok\u00e9mon\n|rule|Item Clause: Limit 1 of each item\n|clearpoke\n|poke|p1|Meganium, L50, F|\n|poke|p1|Aerodactyl, L50, F|\n|poke|p1|Politoed, L50, M, shiny|\n|poke|p1|Basculegion, L50, M, shiny|\n|poke|p1|Archaludon, L50, F, shiny|\n|poke|p1|Gengar, L50, M, shiny|\n|poke|p2|Charizard, L50, F|\n|poke|p2|Milotic, L50, F|\n|poke|p2|Whimsicott, L50, M|\n|poke|p2|Sneasler, L50, F|\n|poke|p2|Sinistcha, L50|\n|poke|p2|Basculegion, L50, M|\n|teampreview|4\n|\n|t:|1776524074\n|teamsize|p1|4\n|teamsize|p2|4\n|start\n|switch|p1a: gen 1 fossil meta|Aerodactyl, L50, F|100/100\n|switch|p1b: politoe|Politoed, L50, M, shiny|100/100\n|switch|p2a: Basculegion|Basculegion, L50, M|100/100\n|switch|p2b: Sneasler|Sneasler, L50, F|100/100\n|-ability|p1a: gen 1 fossil meta|Unnerve\n|-weather|RainDance|[from] ability: Drizzle|[of] p1b: politoe\n|turn|1\n|\n|t:|1776524090\n|move|p1a: gen 1 fossil meta|Protect|p1a: gen 1 fossil meta\n|-singleturn|p1a: gen 1 fossil meta|Protect\n|move|p2b: Sneasler|Fake Out|p1a: gen 1 fossil meta\n|-activate|p1a: gen 1 fossil meta|move: Protect\n|move|p2a: Basculegion|Flip Turn|p1b: politoe\n|-resisted|p1b: politoe|1\n|-crit|p1b: politoe\n|-damage|p1b: politoe|61/100\n|\n|t:|1776524099\n|switch|p2a: Whimsicott|Whimsicott, L50, M|100/100|[from] Flip Turn\n|move|p1b: politoe|Icy Wind|p2a: Whimsicott|[spread] p2a,p2b\n|-supereffective|p2a: Whimsicott|1\n|-damage|p2a: Whimsicott|65/100\n|-damage|p2b: Sneasler|87/100\n|-unboost|p2a: Whimsicott|spe|1\n|-unboost|p2b: Sneasler|spe|1\n|-enditem|p2b: Sneasler|White Herb\n|-clearnegativeboost|p2b: Sneasler|[silent]\n|\n|-weather|RainDance|[upkeep]\n|-heal|p1b: politoe|67/100|[from] item: Leftovers\n|upkeep\n|turn|2\n|\n|t:|1776524113\n|switch|p1b: flower dino|Meganium, L50, F|100/100\n|move|p2a: Whimsicott|Encore|p1a: gen 1 fossil meta\n|-start|p1a: gen 1 fossil meta|Encore\n|move|p1a: gen 1 fossil meta|Protect|p1a: gen 1 fossil meta\n|-singleturn|p1a: gen 1 fossil meta|Protect\n|move|p2b: Sneasler|Close Combat|p1b: flower dino\n|-damage|p1b: flower dino|35/100\n|-unboost|p2b: Sneasler|def|1\n|-unboost|p2b: Sneasler|spd|1\n|\n|-weather|RainDance|[upkeep]\n|upkeep\n|turn|3\n|\n|t:|1776524126\n|switch|p1a: big feesh|Basculegion, L50, M, shiny|100/100\n|move|p1b: flower dino|Protect|p1b: flower dino\n|-singleturn|p1b: flower dino|Protect\n|move|p2b: Sneasler|Dire Claw|p1b: flower dino\n|-activate|p1b: flower dino|move: Protect\n|move|p2a: Whimsicott|Endeavor|p1a: big feesh\n|-immune|p1a: big feesh\n|\n|-weather|RainDance|[upkeep]\n|upkeep\n|turn|4\n|\n|t:|1776524150\n|detailschange|p1b: flower dino|Meganium-Mega, L50, F\n|-mega|p1b: flower dino|Meganium|Meganiumite\n|move|p2a: Whimsicott|Tailwind|p2a: Whimsicott\n|-sidestart|p2: Zaikanoa|move: Tailwind\n|move|p2b: Sneasler|Dire Claw|p1b: flower dino\n|-supereffective|p1b: flower dino|2\n|-damage|p1b: flower dino|0 fnt\n|faint|p1b: flower dino\n|move|p1a: big feesh|Wave Crash|p2b: Sneasler\n|-damage|p2b: Sneasler|0 fnt\n|faint|p2b: Sneasler\n|-damage|p1a: big feesh|78/100|[from] Recoil\n|\n|-weather|RainDance|[upkeep]\n|upkeep\n|\n|t:|1776524158\n|switch|p2b: Basculegion|Basculegion, L50, M|100/100\n|switch|p1b: gen 1 fossil meta|Aerodactyl, L50, F|100/100\n|-ability|p1b: gen 1 fossil meta|Unnerve\n|turn|5\n|\n|t:|1776524182\n|switch|p1a: politoe|Politoed, L50, M, shiny|67/100\n|move|p2b: Basculegion|Flip Turn|p1a: politoe\n|-resisted|p1a: politoe|1\n|-damage|p1a: politoe|39/100\n|\n|t:|1776524187\n|switch|p2b: Milotic|Milotic, L50, F|100/100|[from] Flip Turn\n|move|p2a: Whimsicott|Endeavor|p1b: gen 1 fossil meta\n|-damage|p1b: gen 1 fossil meta|56/100\n|move|p1b: gen 1 fossil meta|Dual Wingbeat|p2a: Whimsicott\n|-supereffective|p2a: Whimsicott|1\n|-damage|p2a: Whimsicott|12/100\n|-supereffective|p2a: Whimsicott|1\n|-damage|p2a: Whimsicott|0 fnt\n|faint|p2a: Whimsicott\n|-hitcount|p2: Whimsicott|2\n|\n|-weather|none\n|-heal|p1a: politoe|45/100|[from] item: Leftovers\n|upkeep\n|\n|t:|1776524190\n|switch|p2a: Basculegion|Basculegion, L50, M|100/100\n|turn|6\n|\n|t:|1776524201\n|move|p1b: gen 1 fossil meta|Protect|p1b: gen 1 fossil meta\n|-singleturn|p1b: gen 1 fossil meta|Protect\n|move|p1a: politoe|Protect|p1a: politoe\n|-singleturn|p1a: politoe|Protect\n|move|p2a: Basculegion|Last Respects|p1a: politoe\n|-activate|p1a: politoe|move: Protect\n|move|p2b: Milotic|Scald|p1b: gen 1 fossil meta\n|-activate|p1b: gen 1 fossil meta|move: Protect\n|\n|-heal|p1a: politoe|51/100|[from] item: Leftovers\n|upkeep\n|turn|7\n|\n|t:|1776524233\n|move|p1b: gen 1 fossil meta|Protect|p1b: gen 1 fossil meta\n|-singleturn|p1b: gen 1 fossil meta|Protect\n|move|p2a: Basculegion|Last Respects|p1a: politoe\n|-damage|p1a: politoe|0 fnt\n|faint|p1a: politoe\n|move|p2b: Milotic|Scald|p1b: gen 1 fossil meta\n|-activate|p1b: gen 1 fossil meta|move: Protect\n|\n|-sideend|p2: Zaikanoa|move: Tailwind\n|upkeep\n|\n|t:|1776524238\n|switch|p1a: big feesh|Basculegion, L50, M, shiny|78/100\n|turn|8\n|\n|t:|1776524256\n|move|p1b: gen 1 fossil meta|Tailwind|p1b: gen 1 fossil meta\n|-sidestart|p1: nessas bro|move: Tailwind\n|move|p1a: big feesh|Last Respects|p2a: Basculegion\n|-supereffective|p2a: Basculegion|1\n|-damage|p2a: Basculegion|0 fnt\n|faint|p2a: Basculegion\n|move|p2b: Milotic|Ice Beam|p1a: big feesh\n|-resisted|p1a: big feesh|1\n|-damage|p1a: big feesh|62/100\n|\n|upkeep\n|turn|9\n|l|\u2606Zaikanoa\n|player|p2|\n|\n|t:|1776524265\n|move|p1b: gen 1 fossil meta|Rock Slide|p2b: Milotic\n|-damage|p2b: Milotic|66/100\n|move|p1a: big feesh|Last Respects|p2b: Milotic\n|-damage|p2b: Milotic|0 fnt\n|faint|p2b: Milotic\n|\n|win|nessas bro\n|raw|nessas bro's rating: 1287 &rarr; <strong>1309</strong><br />(+22 for winning)\n|raw|Zaikanoa's rating: 1244 &rarr; <strong>1222</strong><br />(-22 for losing)\n|c|\u2606nessas bro|gg\n",
  "uploadtime": 1776524273,
  "views": 42,
  "formatid": "gen9championsvgc2026regma",
  "rating": 1222,
  "private": 0,
  "password": null
}