{
  "id": "gen9championsvgc2026regma-2586785675",
  "format": "[Gen 9 Champions] VGC 2026 Reg M-A",
  "players": [
    "OHC Yuki",
    "Siimm123456789102"
  ],
  "log": "|j|\u2606OHC Yuki\n|j|\u2606Siimm123456789102\n|t:|1776459747\n|gametype|doubles\n|player|p1|OHC Yuki|iono|1332\n|player|p2|Siimm123456789102|266|1281\n|gen|9\n|tier|[Gen 9 Champions] VGC 2026 Reg M-A\n|rated|\n|rule|Species Clause: Limit one of each Pok\u00e9mon\n|rule|Item Clause: Limit 1 of each item\n|clearpoke\n|poke|p1|Gengar, L50, M|\n|poke|p1|Incineroar, L50, M|\n|poke|p1|Clefable, L50, F|\n|poke|p1|Blastoise, L50, M|\n|poke|p1|Greninja-*, L50, F|\n|poke|p1|Kingambit, L50, F|\n|poke|p2|Froslass, L50, F|\n|poke|p2|Talonflame, L50, M|\n|poke|p2|Rotom-Frost, L50|\n|poke|p2|Garchomp, L50, F|\n|poke|p2|Sneasler, L50, M|\n|poke|p2|Kingambit, L50, F|\n|teampreview|4\n|inactive|Battle timer is ON: inactive players will automatically lose when time's up. (requested by Siimm123456789102)\n|\n|t:|1776459806\n|teamsize|p1|4\n|teamsize|p2|4\n|start\n|switch|p1a: Blood in my head|Greninja, L50, F, shiny|100/100\n|switch|p1b: No everstone|Blastoise, L50, M, shiny|100/100\n|switch|p2a: Froslass|Froslass, L50, F|100/100\n|switch|p2b: Sneasler|Sneasler, L50, M|100/100\n|turn|1\n|inactive|Siimm123456789102 has 30 seconds left.\n|inactive|Siimm123456789102 has 20 seconds left.\n|\n|t:|1776459844\n|detailschange|p2a: Froslass|Froslass-Mega, L50, F\n|-mega|p2a: Froslass|Froslass|Froslassite\n|-weather|Snowscape|[from] ability: Snow Warning|[of] p2a: Froslass\n|move|p1a: Blood in my head|Protect|p1a: Blood in my head\n|-singleturn|p1a: Blood in my head|Protect\n|move|p1b: No everstone|Protect|p1b: No everstone\n|-singleturn|p1b: No everstone|Protect\n|move|p2b: Sneasler|Fake Out|p1a: Blood in my head\n|-activate|p1a: Blood in my head|move: Protect\n|move|p2a: Froslass|Aurora Veil|p2a: Froslass\n|-sidestart|p2: Siimm123456789102|move: Aurora Veil\n|\n|-weather|Snowscape|[upkeep]\n|upkeep\n|turn|2\n|\n|t:|1776459863\n|detailschange|p1a: Blood in my head|Greninja-Mega, L50, F, shiny\n|-mega|p1a: Blood in my head|Greninja|Greninjite\n|move|p1a: Blood in my head|Rain Dance|p1a: Blood in my head\n|-start|p1a: Blood in my head|typechange|Water|[from] ability: Protean\n|-weather|RainDance\n|move|p2b: Sneasler|Close Combat|p1a: Blood in my head\n|-damage|p1a: Blood in my head|5/100\n|-unboost|p2b: Sneasler|def|1\n|-unboost|p2b: Sneasler|spd|1\n|-enditem|p2b: Sneasler|White Herb\n|-clearnegativeboost|p2b: Sneasler|[silent]\n|move|p2a: Froslass|Blizzard|p1b: No everstone|[spread] p1a,p1b\n|-resisted|p1a: Blood in my head|1\n|-resisted|p1b: No everstone|1\n|-damage|p1a: Blood in my head|0 fnt\n|-damage|p1b: No everstone|79/100\n|faint|p1a: Blood in my head\n|move|p1b: No everstone|Muddy Water|p2b: Sneasler|[spread] p2b\n|-miss|p1b: No everstone|p2a: Froslass\n|-damage|p2b: Sneasler|77/100\n|\n|-weather|RainDance|[upkeep]\n|-heal|p1b: No everstone|85/100|[from] ability: Rain Dish\n|upkeep\n|inactive|OHC Yuki has 30 seconds left.\n|inactive|OHC Yuki has 20 seconds left.\n|inactive|OHC Yuki has 15 seconds left.\n|inactive|OHC Yuki has 10 seconds left.\n|inactive|OHC Yuki has 5 seconds left.\n|\n|t:|1776459917\n|switch|p1a: Sit down plz|Kingambit, L50, F, shiny|100/100\n|turn|3\n|\n|t:|1776459930\n|switch|p2a: Rotom|Rotom-Frost, L50|100/100\n|move|p1a: Sit down plz|Protect|p1a: Sit down plz\n|-singleturn|p1a: Sit down plz|Protect\n|move|p2b: Sneasler|Close Combat|p1a: Sit down plz\n|-activate|p1a: Sit down plz|move: Protect\n|move|p1b: No everstone|Flip Turn|p2a: Rotom\n|-crit|p2a: Rotom\n|-damage|p2a: Rotom|40/100\n|\n|t:|1776459942\n|switch|p1b: The Star|Clefable, L50, F, shiny|100/100|[from] Flip Turn\n|\n|-weather|RainDance|[upkeep]\n|upkeep\n|turn|4\n|inactive|OHC Yuki has 30 seconds left.\n|inactive|OHC Yuki has 20 seconds left.\n|inactive|Siimm123456789102 has 30 seconds left.\n|\n|t:|1776459979\n|move|p1b: The Star|Protect|p1b: The Star\n|-singleturn|p1b: The Star|Protect\n|move|p1a: Sit down plz|Sucker Punch|p2a: Rotom\n|-damage|p2a: Rotom|0 fnt\n|faint|p2a: Rotom\n|move|p2b: Sneasler|Dire Claw|p1b: The Star\n|-activate|p1b: The Star|move: Protect\n|\n|-weather|RainDance|[upkeep]\n|upkeep\n|\n|t:|1776459990\n|switch|p2a: Kingambit|Kingambit, L50, F|100/100\n|turn|5\n|\n|t:|1776460003\n|move|p1b: The Star|Follow Me|p1b: The Star\n|-singleturn|p1b: The Star|move: Follow Me\n|move|p2b: Sneasler|Close Combat|p1b: The Star\n|-resisted|p1b: The Star|1\n|-damage|p1b: The Star|70/100\n|-unboost|p2b: Sneasler|def|1\n|-unboost|p2b: Sneasler|spd|1\n|move|p2a: Kingambit|Iron Head|p1b: The Star\n|-supereffective|p1b: The Star|1\n|-damage|p1b: The Star|0 fnt\n|faint|p1b: The Star\n|move|p1a: Sit down plz|Swords Dance|p1a: Sit down plz\n|-boost|p1a: Sit down plz|atk|2\n|\n|-weather|RainDance|[upkeep]\n|-sideend|p2: Siimm123456789102|move: Aurora Veil\n|upkeep\n|\n|t:|1776460018\n|switch|p1b: No everstone|Blastoise, L50, M, shiny|85/100\n|turn|6\n|\n|t:|1776460036\n|move|p1a: Sit down plz|Sucker Punch|p2b: Sneasler\n|-resisted|p2b: Sneasler|1\n|-damage|p2b: Sneasler|0 fnt\n|faint|p2b: Sneasler\n|move|p2a: Kingambit|Kowtow Cleave|p1b: No everstone\n|-damage|p1b: No everstone|38/100\n|-enditem|p1b: No everstone|Sitrus Berry|[eat]\n|-heal|p1b: No everstone|63/100|[from] item: Sitrus Berry\n|move|p1b: No everstone|Muddy Water|p2a: Kingambit\n|-damage|p2a: Kingambit|56/100\n|\n|-weather|none\n|upkeep\n|\n|t:|1776460047\n|switch|p2b: Froslass|Froslass-Mega, L50, F|100/100\n|-weather|Snowscape|[from] ability: Snow Warning|[of] p2b: Froslass\n|turn|7\n|\n|t:|1776460056\n|move|p2b: Froslass|Aurora Veil|p2b: Froslass\n|-sidestart|p2: Siimm123456789102|move: Aurora Veil\n|move|p2a: Kingambit|Kowtow Cleave|p1b: No everstone\n|-damage|p1b: No everstone|9/100\n|move|p1b: No everstone|Muddy Water|p2b: Froslass|[spread] p2a\n|-miss|p1b: No everstone|p2b: Froslass\n|-damage|p2a: Kingambit|42/100\n|move|p1a: Sit down plz|Kowtow Cleave|p2b: Froslass\n|-supereffective|p2b: Froslass|1\n|-damage|p2b: Froslass|0 fnt\n|faint|p2b: Froslass\n|\n|-weather|Snowscape|[upkeep]\n|upkeep\n|turn|8\n|\n|t:|1776460074\n|move|p1b: No everstone|Protect|p1b: No everstone\n|-singleturn|p1b: No everstone|Protect\n|move|p2a: Kingambit|Kowtow Cleave|p1b: No everstone\n|-activate|p1b: No everstone|move: Protect\n|move|p1a: Sit down plz|Kowtow Cleave|p2a: Kingambit\n|-resisted|p2a: Kingambit|1\n|-damage|p2a: Kingambit|10/100\n|\n|-weather|Snowscape|[upkeep]\n|upkeep\n|turn|9\n|-message|Siimm123456789102 forfeited.\n|\n|win|OHC Yuki\n|raw|OHC Yuki's rating: 1332 &rarr; <strong>1349</strong><br />(+17 for winning)\n|raw|Siimm123456789102's rating: 1281 &rarr; <strong>1260</strong><br />(-21 for losing)\n|l|\u2606Siimm123456789102\n|player|p2|\n",
  "uploadtime": 1776460095,
  "views": 34,
  "formatid": "gen9championsvgc2026regma",
  "rating": 1260,
  "private": 0,
  "password": null
}