{
  "id": "gen9championsvgc2026regma-2582374659",
  "format": "[Gen 9 Champions] VGC 2026 Reg M-A",
  "players": [
    "itsxaver",
    "Its andreas tbh"
  ],
  "log": "|j|\u2606itsxaver\n|j|\u2606Its andreas tbh\n|t:|1776087384\n|gametype|doubles\n|player|p1|itsxaver|266|1143\n|player|p2|Its andreas tbh|2|1051\n|gen|9\n|tier|[Gen 9 Champions] VGC 2026 Reg M-A\n|rated|\n|rule|Species Clause: Limit one of each Pok\u00e9mon\n|rule|Item Clause: Limit 1 of each item\n|clearpoke\n|poke|p1|Dragonite, L50, M|\n|poke|p1|Politoed, L50, F|\n|poke|p1|Basculegion-F, L50, F|\n|poke|p1|Floette-Eternal, L50, F|\n|poke|p1|Maushold, L50|\n|poke|p1|Scizor, L50, M|\n|poke|p2|Farigiraf, L50, M|\n|poke|p2|Aggron, L50, M|\n|poke|p2|Sinistcha, L50|\n|poke|p2|Tyranitar, L50, M|\n|poke|p2|Dragonite, L50, M|\n|poke|p2|Incineroar, L50, M|\n|teampreview|4\nitsxaver rejected open team sheets.\n|inactive|Battle timer is ON: inactive players will automatically lose when time's up. (requested by itsxaver)\n|\n|t:|1776087410\n|teamsize|p1|4\n|teamsize|p2|4\n|start\n|switch|p1a: Floette|Floette-Eternal, L50, F|100/100\n|switch|p1b: Maushold|Maushold, L50|100/100\n|switch|p2a: Aggron|Aggron, L50, M|100/100\n|switch|p2b: Farigiraf|Farigiraf, L50, M|100/100\n|turn|1\n|inactive|itsxaver has 30 seconds left.\n|inactive|itsxaver has 20 seconds left.\n|inactive|itsxaver has 15 seconds left.\n|\n|t:|1776087453\n|detailschange|p1a: Floette|Floette-Mega, L50, F\n|-mega|p1a: Floette|Floette|Floettite\n|-ability|p1a: Floette|Fairy Aura\n|detailschange|p2a: Aggron|Aggron-Mega, L50, M\n|-mega|p2a: Aggron|Aggron|Aggronite\n|move|p2b: Farigiraf|Protect|p2b: Farigiraf\n|-singleturn|p2b: Farigiraf|Protect\n|move|p1b: Maushold|Follow Me|p1b: Maushold\n|-singleturn|p1b: Maushold|move: Follow Me\n|move|p1a: Floette|Moonblast|p2b: Farigiraf\n|-activate|p2b: Farigiraf|move: Protect\n|move|p2a: Aggron|Heavy Slam|p1b: Maushold\n|-damage|p1b: Maushold|14/100\n|\n|upkeep\n|turn|2\n|inactive|Its andreas tbh has 30 seconds left.\n|\n|t:|1776087480\n|switch|p2b: Sinistcha|Sinistcha, L50|100/100\n|move|p1b: Maushold|Follow Me|p1b: Maushold\n|-singleturn|p1b: Maushold|move: Follow Me\n|move|p1a: Floette|Moonblast|p2b: Sinistcha\n|-damage|p2b: Sinistcha|6/100\n|move|p2a: Aggron|Heavy Slam|p1b: Maushold\n|-damage|p1b: Maushold|0 fnt\n|faint|p1b: Maushold\n|\n|upkeep\n|\n|t:|1776087489\n|switch|p1b: Basculegion|Basculegion-F, L50, F|100/100\n|turn|3\n|\n|t:|1776087502\n|move|p1a: Floette|Protect|p1a: Floette\n|-singleturn|p1a: Floette|Protect\n|move|p2b: Sinistcha|Rage Powder|p2b: Sinistcha\n|-singleturn|p2b: Sinistcha|move: Rage Powder\n|move|p1b: Basculegion|Surf|p2b: Sinistcha|[spread] p2a,p2b\n|-activate|p1a: Floette|move: Protect\n|-resisted|p2b: Sinistcha|1\n|-damage|p2a: Aggron|63/100\n|-damage|p2b: Sinistcha|0 fnt\n|faint|p2b: Sinistcha\n|move|p2a: Aggron|Iron Defense|p2a: Aggron\n|-boost|p2a: Aggron|def|2\n|\n|upkeep\n|\n|t:|1776087513\n|switch|p2b: Farigiraf|Farigiraf, L50, M|100/100\n|turn|4\n|\n|t:|1776087528\n|switch|p1a: Politoed|Politoed, L50, F|100/100\n|-weather|RainDance|[from] ability: Drizzle|[of] p1a: Politoed\n|move|p1b: Basculegion|Surf|p2b: Farigiraf|[spread] p1a,p2a,p2b\n|-resisted|p1a: Politoed|1\n|-damage|p1a: Politoed|79/100\n|-damage|p2a: Aggron|2/100\n|-damage|p2b: Farigiraf|52/100\n|move|p2a: Aggron|Heavy Slam|p1a: Politoed\n|-resisted|p1a: Politoed|1\n|-damage|p1a: Politoed|51/100\n|move|p2b: Farigiraf|Trick Room|p2b: Farigiraf\n|-fieldstart|move: Trick Room|[of] p2b: Farigiraf\n|\n|-weather|RainDance|[upkeep]\n|-heal|p1a: Politoed|57/100|[from] item: Leftovers\n|upkeep\n|turn|5\n|\n|t:|1776087553\n|switch|p2b: Tyranitar|Tyranitar, L50, M|100/100\n|-weather|Sandstorm|[from] ability: Sand Stream|[of] p2b: Tyranitar\n|move|p1a: Politoed|Protect|p1a: Politoed\n|-singleturn|p1a: Politoed|Protect\n|move|p1b: Basculegion|Protect|p1b: Basculegion\n|-singleturn|p1b: Basculegion|Protect\n|move|p2a: Aggron|Body Press|p1a: Politoed\n|-activate|p1a: Politoed|move: Protect\n|\n|-weather|Sandstorm|[upkeep]\n|-damage|p1a: Politoed|51/100|[from] Sandstorm\n|-damage|p1b: Basculegion|94/100|[from] Sandstorm\n|-heal|p1a: Politoed|57/100|[from] item: Leftovers\n|upkeep\n|turn|6\n|\n|t:|1776087572\n|switch|p1b: Floette|Floette-Mega, L50, F|100/100\n|-ability|p1b: Floette|Fairy Aura\n|move|p2a: Aggron|Body Press|p1a: Politoed\n|-damage|p1a: Politoed|0 fnt\n|faint|p1a: Politoed\n|move|p2b: Tyranitar|Knock Off|p1b: Floette\n|-resisted|p1b: Floette|1\n|-damage|p1b: Floette|76/100\n|\n|-weather|Sandstorm|[upkeep]\n|-damage|p1b: Floette|70/100|[from] Sandstorm\n|upkeep\n|\n|t:|1776087574\n|switch|p1a: Basculegion|Basculegion-F, L50, F|94/100\n|turn|7\n|\n|t:|1776087584\n|move|p2a: Aggron|Heavy Slam|p1b: Floette\n|-supereffective|p1b: Floette|1\n|-damage|p1b: Floette|0 fnt\n|faint|p1b: Floette\n|move|p2b: Tyranitar|Knock Off|p1a: Basculegion\n|-supereffective|p1a: Basculegion|1\n|-damage|p1a: Basculegion|0 fnt\n|-enditem|p1a: Basculegion|Focus Sash|[from] move: Knock Off|[of] p2b: Tyranitar\n|faint|p1a: Basculegion\n|\n|win|Its andreas tbh\n|raw|itsxaver's rating: 1143 &rarr; <strong>1112</strong><br />(-31 for losing)\n|raw|Its andreas tbh's rating: 1051 &rarr; <strong>1092</strong><br />(+41 for winning)\n|l|\u2606itsxaver\n|player|p1|\n",
  "uploadtime": 1776087623,
  "views": 11,
  "formatid": "gen9championsvgc2026regma",
  "rating": 1092,
  "private": 0,
  "password": null
}