{
  "id": "gen9championsvgc2026regma-2581152979",
  "format": "[Gen 9 Champions] VGC 2026 Reg M-A",
  "players": [
    "vywxiwjxjwk",
    "Miru17"
  ],
  "log": "|j|\u2606vywxiwjxjwk\n|j|\u2606Miru17\n|t:|1775964991\n|gametype|doubles\n|player|p1|vywxiwjxjwk|n|1086\n|player|p2|Miru17|volkner|1000\n|gen|9\n|tier|[Gen 9 Champions] VGC 2026 Reg M-A\n|rated|\n|rule|Species Clause: Limit one of each Pok\u00e9mon\n|rule|Item Clause: Limit 1 of each item\n|clearpoke\n|poke|p1|Sneasler, L50, M|\n|poke|p1|Floette-Eternal, L50, F|\n|poke|p1|Sinistcha, L50|\n|poke|p1|Meowstic, L50, M|\n|poke|p1|Krookodile, L50, F|\n|poke|p1|Farigiraf, L50, F|\n|poke|p2|Blastoise, L50, F|\n|poke|p2|Rotom-Mow, L50|\n|poke|p2|Garchomp, L50, F|\n|poke|p2|Talonflame, L50, F|\n|poke|p2|Alakazam, L50, M|\n|poke|p2|Tinkaton, L50, F|\n|teampreview|4\n|\n|t:|1775965028\n|teamsize|p1|4\n|teamsize|p2|4\n|start\n|switch|p1a: Sneasler|Sneasler, L50, M|100/100\n|switch|p1b: Krookodile|Krookodile, L50, F|100/100\n|switch|p2a: Blastoise|Blastoise, L50, F, shiny|100/100\n|switch|p2b: Talonflame|Talonflame, L50, F|100/100\n|-ability|p1b: Krookodile|Intimidate|boost\n|-unboost|p2a: Blastoise|atk|1\n|-unboost|p2b: Talonflame|atk|1\n|turn|1\n|\n|t:|1775965060\n|detailschange|p2a: Blastoise|Blastoise-Mega, L50, F, shiny\n|-mega|p2a: Blastoise|Blastoise|Blastoisinite\n|move|p1a: Sneasler|Fake Out|p2b: Talonflame\n|-damage|p2b: Talonflame|77/100\n|move|p1b: Krookodile|Rock Slide|p2a: Blastoise|[spread] p2a,p2b\n|-supereffective|p2b: Talonflame|2\n|-damage|p2a: Blastoise|82/100\n|-damage|p2b: Talonflame|0 fnt\n|faint|p2b: Talonflame\n|move|p2a: Blastoise|Water Spout|p1a: Sneasler|[spread] p1a,p1b\n|-supereffective|p1b: Krookodile|1\n|-damage|p1a: Sneasler|30/100\n|-damage|p1b: Krookodile|0 fnt\n|faint|p1b: Krookodile\n|\n|upkeep\n|j| blackred123\n|\n|t:|1775965078\n|switch|p2b: Garchomp|Garchomp, L50, F|100/100\n|switch|p1b: Floette|Floette-Eternal, L50, F|100/100\n|turn|2\n|\n|t:|1775965097\n|detailschange|p1b: Floette|Floette-Mega, L50, F\n|-mega|p1b: Floette|Floette|Floettite\n|-ability|p1b: Floette|Fairy Aura\n|move|p1b: Floette|Protect|p1b: Floette\n|-singleturn|p1b: Floette|Protect\n|move|p2b: Garchomp|Poison Jab|p1b: Floette\n|-activate|p1b: Floette|move: Protect\n|move|p1a: Sneasler|Close Combat|p2a: Blastoise\n|-damage|p2a: Blastoise|12/100\n|-unboost|p1a: Sneasler|def|1\n|-unboost|p1a: Sneasler|spd|1\n|-enditem|p1a: Sneasler|White Herb\n|-clearnegativeboost|p1a: Sneasler|[silent]\n|move|p2a: Blastoise|Water Spout|p1b: Floette|[spread] p1a\n|-activate|p1b: Floette|move: Protect\n|-damage|p1a: Sneasler|19/100\n|\n|upkeep\n|turn|3\n|\n|t:|1775965132\n|move|p2a: Blastoise|Protect|p2a: Blastoise\n|-singleturn|p2a: Blastoise|Protect\n|move|p1a: Sneasler|Dire Claw|p2b: Garchomp\n|-resisted|p2b: Garchomp|1\n|-damage|p2b: Garchomp|79/100\n|-status|p2b: Garchomp|slp\n|-damage|p1a: Sneasler|6/100|[from] ability: Rough Skin|[of] p2b: Garchomp\n|cant|p2b: Garchomp|slp\n|move|p1b: Floette|Dazzling Gleam|p2b: Garchomp|[spread] p2b\n|-activate|p2a: Blastoise|move: Protect\n|-supereffective|p2b: Garchomp|1\n|-crit|p2b: Garchomp\n|-damage|p2b: Garchomp|0 fnt\n|faint|p2b: Garchomp\n|\n|upkeep\n|\n|t:|1775965147\n|switch|p2b: Tinkaton|Tinkaton, L50, F|100/100\n|-ability|p2b: Tinkaton|Mold Breaker\n|turn|4\n|\n|t:|1775965173\n|move|p1b: Floette|Protect|p1b: Floette\n|-singleturn|p1b: Floette|Protect\n|move|p2b: Tinkaton|Fake Out|p1a: Sneasler\n|-damage|p1a: Sneasler|0 fnt\n|faint|p1a: Sneasler\n|move|p2a: Blastoise|Water Spout|p1b: Floette\n|-activate|p1b: Floette|move: Protect\n|\n|upkeep\n|\n|t:|1775965180\n|switch|p1a: Meowstic|Meowstic, L50, M|100/100\n|turn|5\n|\n|t:|1775965199\n|move|p1a: Meowstic|Fake Out|p2b: Tinkaton\n|-resisted|p2b: Tinkaton|1\n|-damage|p2b: Tinkaton|97/100\n|move|p1b: Floette|Dazzling Gleam|p2b: Tinkaton|[spread] p2a,p2b\n|-resisted|p2b: Tinkaton|1\n|-damage|p2a: Blastoise|0 fnt\n|-damage|p2b: Tinkaton|79/100\n|faint|p2a: Blastoise\n|cant|p2b: Tinkaton|flinch\n|\n|-heal|p2b: Tinkaton|85/100|[from] item: Leftovers\n|upkeep\n|turn|6\n|\n|t:|1775965211\n|move|p1b: Floette|Protect|p1b: Floette\n|-singleturn|p1b: Floette|Protect\n|move|p1a: Meowstic|Fake Tears|p2b: Tinkaton\n|-unboost|p2b: Tinkaton|spd|2\n|move|p2b: Tinkaton|Gigaton Hammer|p1b: Floette\n|-activate|p1b: Floette|move: Protect\n|\n|-heal|p2b: Tinkaton|92/100|[from] item: Leftovers\n|upkeep\n|turn|7\n|\n|t:|1775965228\n|move|p1a: Meowstic|Fake Tears|p2b: Tinkaton\n|-unboost|p2b: Tinkaton|spd|2\n|move|p1b: Floette|Moonblast|p2b: Tinkaton\n|-resisted|p2b: Tinkaton|1\n|-damage|p2b: Tinkaton|0 fnt\n|faint|p2b: Tinkaton\n|\n|win|vywxiwjxjwk\n|raw|vywxiwjxjwk's rating: 1059 &rarr; <strong>1085</strong><br />(+26 for winning)\n|raw|Miru17's rating: 1000 &rarr; <strong>1000</strong><br />(+0 for losing)\n",
  "uploadtime": 1775965233,
  "views": 14,
  "formatid": "gen9championsvgc2026regma",
  "rating": 1000,
  "private": 0,
  "password": null
}