{
  "id": "gen9championsvgc2026regma-2581823333",
  "format": "[Gen 9 Champions] VGC 2026 Reg M-A",
  "players": [
    "asdfasdr",
    "xpendulum"
  ],
  "log": "|j|\u203dasdfasdr\n|j|\u2606xpendulum\n|t:|1776031308\n|gametype|doubles\n|player|p1|asdfasdr|265|1000\n|player|p2|xpendulum|265|1083\n|gen|9\n|tier|[Gen 9 Champions] VGC 2026 Reg M-A\n|rated|\n|rule|Species Clause: Limit one of each Pok\u00e9mon\n|rule|Item Clause: Limit 1 of each item\n|clearpoke\n|poke|p1|Gengar, L50, F|\n|poke|p1|Incineroar, L50, F|\n|poke|p1|Victreebel, L50, F|\n|poke|p1|Ninetales, L50, F|\n|poke|p1|Sinistcha, L50|\n|poke|p2|Gardevoir, L50, M|\n|poke|p2|Rotom-Wash, L50|\n|poke|p2|Incineroar, L50, F|\n|poke|p2|Garchomp, L50, M|\n|poke|p2|Tyranitar, L50, F|\n|poke|p2|Sinistcha, L50|\n|teampreview|4\nasdfasdr rejected open team sheets.\n|\n|t:|1776031338\n|teamsize|p1|4\n|teamsize|p2|4\n|start\n|switch|p1a: Incineroar|Incineroar, L50, F|100/100\n|switch|p1b: Victreebel|Victreebel, L50, F|100/100\n|switch|p2a: Sinistcha|Sinistcha, L50|100/100\n|switch|p2b: Tyranitar|Tyranitar, L50, F|100/100\n|-weather|Sandstorm|[from] ability: Sand Stream|[of] p2b: Tyranitar\n|-ability|p1a: Incineroar|Intimidate|boost\n|-unboost|p2a: Sinistcha|atk|1\n|-unboost|p2b: Tyranitar|atk|1\n|turn|1\n|\n|t:|1776031362\n|switch|p2b: Incineroar|Incineroar, L50, F|100/100\n|-ability|p2b: Incineroar|Intimidate|boost\n|-unboost|p1a: Incineroar|atk|1\n|-unboost|p1b: Victreebel|atk|1\n|move|p1b: Victreebel|Sleep Powder|p2b: Incineroar\n|-status|p2b: Incineroar|slp|[from] move: Sleep Powder\n|-enditem|p2b: Incineroar|Lum Berry|[eat]\n|-curestatus|p2b: Incineroar|slp|[msg]\n|move|p2a: Sinistcha|Matcha Gotcha|p1a: Incineroar|[spread] p1a,p1b\n|-resisted|p1a: Incineroar|1\n|-resisted|p1b: Victreebel|2\n|-damage|p1a: Incineroar|92/100\n|-damage|p1b: Victreebel|93/100\n|move|p1a: Incineroar|Low Kick|p2b: Incineroar\n|-supereffective|p2b: Incineroar|1\n|-damage|p2b: Incineroar|79/100\n|\n|-weather|Sandstorm|[upkeep]\n|-damage|p1b: Victreebel|87/100|[from] Sandstorm\n|-damage|p2a: Sinistcha|94/100|[from] Sandstorm\n|-damage|p2b: Incineroar|73/100|[from] Sandstorm\n|-damage|p1a: Incineroar|86/100|[from] Sandstorm\n|-heal|p2a: Sinistcha|100/100|[from] item: Leftovers\n|upkeep\n|turn|2\n|\n|t:|1776031398\n|move|p1b: Victreebel|Sleep Powder|p2b: Incineroar|[miss]\n|-miss|p1b: Victreebel|p2b: Incineroar\n|move|p2a: Sinistcha|Matcha Gotcha|p1a: Incineroar|[spread] p1a,p1b\n|-resisted|p1a: Incineroar|1\n|-resisted|p1b: Victreebel|2\n|-damage|p1a: Incineroar|77/100\n|-damage|p1b: Victreebel|79/100\n|move|p2b: Incineroar|Flare Blitz|p1b: Victreebel|[miss]\n|-miss|p2b: Incineroar|p1b: Victreebel\n|move|p1a: Incineroar|Parting Shot|p2b: Incineroar\n|-unboost|p2b: Incineroar|atk|1\n|-unboost|p2b: Incineroar|spa|1\n|\n|t:|1776031411\n|switch|p1a: Ninetales|Ninetales, L50, F|100/100|[from] Parting Shot\n|-weather|SunnyDay|[from] ability: Drought|[of] p1a: Ninetales\n|\n|-weather|SunnyDay|[upkeep]\n|upkeep\n|turn|3\n|\n|t:|1776031438\n|switch|p2a: Tyranitar|Tyranitar, L50, F|100/100\n|-weather|Sandstorm|[from] ability: Sand Stream|[of] p2a: Tyranitar\n|switch|p2b: Rotom|Rotom-Wash, L50|100/100\n|move|p1a: Ninetales|Disable||[still]\n|-fail|p1a: Ninetales\n|move|p1b: Victreebel|Sleep Powder|p2a: Tyranitar\n|-status|p2a: Tyranitar|slp|[from] move: Sleep Powder\n|\n|-weather|Sandstorm|[upkeep]\n|-damage|p1a: Ninetales|94/100|[from] Sandstorm\n|-damage|p1b: Victreebel|73/100|[from] Sandstorm\n|-damage|p2b: Rotom|95/100|[from] Sandstorm\n|upkeep\n|turn|4\n|\n|t:|1776031466\n|switch|p1a: Incineroar|Incineroar, L50, F|77/100\n|-ability|p1a: Incineroar|Intimidate|boost\n|-unboost|p2a: Tyranitar|atk|1\n|-unboost|p2b: Rotom|atk|1\n|detailschange|p2a: Tyranitar|Tyranitar-Mega, L50, F\n|-mega|p2a: Tyranitar|Tyranitar|Tyranitarite\n|move|p1b: Victreebel|Sleep Powder|p2b: Rotom\n|-status|p2b: Rotom|slp|[from] move: Sleep Powder\n|cant|p2b: Rotom|slp\n|cant|p2a: Tyranitar|slp\n|\n|-weather|Sandstorm|[upkeep]\n|-damage|p1b: Victreebel|67/100|[from] Sandstorm\n|-damage|p2b: Rotom|89/100 slp|[from] Sandstorm\n|-damage|p1a: Incineroar|71/100|[from] Sandstorm\n|upkeep\n|turn|5\n|\n|t:|1776031483\n|switch|p1b: Gengar|Gengar, L50, F|100/100\n|-curestatus|p2b: Rotom|slp|[msg]\n|move|p2b: Rotom|Hydro Pump|p1a: Incineroar|[miss]\n|-miss|p2b: Rotom|p1a: Incineroar\n|cant|p2a: Tyranitar|slp\n|move|p1a: Incineroar|Parting Shot|p2a: Tyranitar\n|-unboost|p2a: Tyranitar|atk|1\n|-unboost|p2a: Tyranitar|spa|1\n|\n|t:|1776031494\n|switch|p1a: Ninetales|Ninetales, L50, F|94/100|[from] Parting Shot\n|-weather|SunnyDay|[from] ability: Drought|[of] p1a: Ninetales\n|\n|-weather|SunnyDay|[upkeep]\n|upkeep\n|turn|6\n|\n|t:|1776031505\n|detailschange|p1b: Gengar|Gengar-Mega, L50, F\n|-mega|p1b: Gengar|Gengar|Gengarite\n|move|p1b: Gengar|Substitute|p1b: Gengar\n|-start|p1b: Gengar|Substitute\n|-damage|p1b: Gengar|76/100\n|move|p1a: Ninetales|Solar Beam||[still]\n|-prepare|p1a: Ninetales|Solar Beam\n|-anim|p1a: Ninetales|Solar Beam|p2a: Tyranitar\n|-supereffective|p2a: Tyranitar|1\n|-damage|p2a: Tyranitar|55/100 slp\n|move|p2b: Rotom|Hydro Pump|p1a: Ninetales\n|-supereffective|p1a: Ninetales|1\n|-damage|p1a: Ninetales|46/100\n|-curestatus|p2a: Tyranitar|slp|[msg]\n|move|p2a: Tyranitar|Knock Off|p1b: Gengar\n|-supereffective|p1b: Gengar|1\n|-end|p1b: Gengar|Substitute\n|\n|-weather|SunnyDay|[upkeep]\n|upkeep\n|turn|7\n|\n|t:|1776031543\n|move|p1b: Gengar|Substitute|p1b: Gengar\n|-start|p1b: Gengar|Substitute\n|-damage|p1b: Gengar|52/100\n|move|p1a: Ninetales|Disable|p2a: Tyranitar\n|-start|p2a: Tyranitar|Disable|Knock Off\n|move|p2b: Rotom|Hydro Pump|p1a: Ninetales\n|-supereffective|p1a: Ninetales|1\n|-damage|p1a: Ninetales|4/100\n|cant|p2a: Tyranitar|Disable|Knock Off\n|\n|-weather|SunnyDay|[upkeep]\n|upkeep\n|turn|8\n|\n|t:|1776031563\n|move|p1b: Gengar|Perish Song|p1b: Gengar\n|-start|p1a: Ninetales|perish3|[silent]\n|-start|p1b: Gengar|perish3|[silent]\n|-start|p2a: Tyranitar|perish3|[silent]\n|-start|p2b: Rotom|perish3|[silent]\n|-fieldactivate|move: Perish Song\n|move|p1a: Ninetales|Encore|p2a: Tyranitar\n|-start|p2a: Tyranitar|Encore\n|move|p2b: Rotom|Thunderbolt|p1a: Ninetales\n|-damage|p1a: Ninetales|0 fnt\n|faint|p1a: Ninetales\n|cant|p2a: Tyranitar|Disable|Knock Off\n|\n|-weather|SunnyDay|[upkeep]\n|-start|p1b: Gengar|perish3\n|-start|p2b: Rotom|perish3\n|-start|p2a: Tyranitar|perish3\n|upkeep\n|\n|t:|1776031571\n|switch|p1a: Incineroar|Incineroar, L50, F|71/100\n|-ability|p1a: Incineroar|Intimidate|boost\n|-unboost|p2a: Tyranitar|atk|1\n|-unboost|p2b: Rotom|atk|1\n|turn|9\n|\n|t:|1776031584\n|move|p2b: Rotom|Protect|p2b: Rotom\n|-singleturn|p2b: Rotom|Protect\n|move|p1a: Incineroar|Fake Out|p2b: Rotom\n|-activate|p2b: Rotom|move: Protect\n|move|p1b: Gengar|Hypnosis|p2b: Rotom\n|-activate|p2b: Rotom|move: Protect\n|-activate|p2a: Tyranitar|move: Struggle\n|move|p2a: Tyranitar|Struggle|p1a: Incineroar\n|-damage|p1a: Incineroar|62/100\n|-damage|p2a: Tyranitar|30/100|[from] recoil\n|\n|-weather|none\n|-start|p1b: Gengar|perish2\n|-start|p2b: Rotom|perish2\n|-start|p2a: Tyranitar|perish2\n|upkeep\n|turn|10\n|\n|t:|1776031604\n|switch|p1a: Victreebel|Victreebel, L50, F|67/100\n|move|p1b: Gengar|Hypnosis|p2b: Rotom\n|-status|p2b: Rotom|slp|[from] move: Hypnosis\n|cant|p2b: Rotom|slp\n|-activate|p2a: Tyranitar|move: Struggle\n|move|p2a: Tyranitar|Struggle|p1a: Victreebel\n|-damage|p1a: Victreebel|55/100\n|-damage|p2a: Tyranitar|5/100|[from] recoil\n|\n|-end|p2a: Tyranitar|Encore\n|-end|p2a: Tyranitar|Disable\n|-start|p1b: Gengar|perish1\n|-start|p2b: Rotom|perish1\n|-start|p2a: Tyranitar|perish1\n|upkeep\n|turn|11\n|\n|t:|1776031629\n|move|p1b: Gengar|Protect|p1b: Gengar\n|-singleturn|p1b: Gengar|Protect\n|move|p1a: Victreebel|Substitute|p1a: Victreebel\n|-start|p1a: Victreebel|Substitute\n|-damage|p1a: Victreebel|30/100\n|cant|p2b: Rotom|slp\n|move|p2a: Tyranitar|Rock Slide|p1b: Gengar|[spread] p1a\n|-activate|p1b: Gengar|move: Protect\n|-activate|p1a: Victreebel|move: Substitute|[damage]\n|\n|-start|p1b: Gengar|perish0\n|-start|p2b: Rotom|perish0\n|-start|p2a: Tyranitar|perish0\n|faint|p1b: Gengar\n|faint|p2b: Rotom\n|faint|p2a: Tyranitar\n|upkeep\n|j| Shiny Neon\n|\n|t:|1776031643\n|switch|p1b: Incineroar|Incineroar, L50, F|62/100\n|switch|p2b: Incineroar|Incineroar, L50, F|73/100\n|switch|p2a: Sinistcha|Sinistcha, L50|100/100\n|-ability|p2b: Incineroar|Intimidate|boost\n|-immune|p1a: Victreebel\n|-unboost|p1b: Incineroar|atk|1\n|-ability|p1b: Incineroar|Intimidate|boost\n|-unboost|p2a: Sinistcha|atk|1\n|-unboost|p2b: Incineroar|atk|1\n|-heal|p2b: Incineroar|98/100|[from] ability: Hospitality|[of] p2a: Sinistcha\n|turn|12\n|\n|t:|1776031662\n|move|p2a: Sinistcha|Rage Powder|p2a: Sinistcha\n|-singleturn|p2a: Sinistcha|move: Rage Powder\n|move|p1a: Victreebel|Sleep Powder|p2b: Incineroar|[miss]\n|-miss|p1a: Victreebel|p2b: Incineroar\n|move|p2b: Incineroar|Flare Blitz|p1a: Victreebel\n|-supereffective|p1a: Victreebel|1\n|-crit|p1a: Victreebel\n|-end|p1a: Victreebel|Substitute\n|-damage|p2b: Incineroar|97/100|[from] Recoil|[of] p1a: Victreebel\n|move|p1b: Incineroar|Flare Blitz|p2a: Sinistcha\n|-supereffective|p2a: Sinistcha|1\n|-damage|p2a: Sinistcha|42/100\n|-damage|p1b: Incineroar|45/100|[from] Recoil\n|-enditem|p1b: Incineroar|Sitrus Berry|[eat]\n|-heal|p1b: Incineroar|70/100|[from] item: Sitrus Berry\n|\n|-heal|p2a: Sinistcha|48/100|[from] item: Leftovers\n|upkeep\n|turn|13\n|\n|t:|1776031679\n|move|p1a: Victreebel|Protect|p1a: Victreebel\n|-singleturn|p1a: Victreebel|Protect\n|move|p2a: Sinistcha|Protect|p2a: Sinistcha\n|-singleturn|p2a: Sinistcha|Protect\n|move|p2b: Incineroar|Flare Blitz|p1a: Victreebel\n|-activate|p1a: Victreebel|move: Protect\n|move|p1b: Incineroar|Flare Blitz|p2a: Sinistcha\n|-activate|p2a: Sinistcha|move: Protect\n|\n|-heal|p2a: Sinistcha|54/100|[from] item: Leftovers\n|upkeep\n|turn|14\n|\n|t:|1776031693\n|move|p1a: Victreebel|Substitute|p1a: Victreebel\n|-start|p1a: Victreebel|Substitute\n|-damage|p1a: Victreebel|6/100\n|move|p2a: Sinistcha|Life Dew|p2a: Sinistcha|[spread] p2a,p2b\n|-heal|p2a: Sinistcha|80/100\n|-heal|p2b: Incineroar|100/100\n|move|p2b: Incineroar|Flare Blitz|p1a: Victreebel\n|-supereffective|p1a: Victreebel|1\n|-end|p1a: Victreebel|Substitute\n|-damage|p2b: Incineroar|93/100|[from] Recoil|[of] p1a: Victreebel\n|move|p1b: Incineroar|Flare Blitz|p2a: Sinistcha\n|-supereffective|p2a: Sinistcha|1\n|-crit|p2a: Sinistcha\n|-damage|p2a: Sinistcha|0 fnt\n|faint|p2a: Sinistcha\n|-damage|p1b: Incineroar|47/100|[from] Recoil\n|\n|upkeep\n|turn|15\n|\n|t:|1776031711\n|move|p1a: Victreebel|Sleep Powder|p2b: Incineroar|[miss]\n|-miss|p1a: Victreebel|p2b: Incineroar\n|move|p2b: Incineroar|Throat Chop|p1a: Victreebel\n|-damage|p1a: Victreebel|0 fnt\n|faint|p1a: Victreebel\n|move|p1b: Incineroar|Low Kick|p2b: Incineroar\n|-supereffective|p2b: Incineroar|1\n|-damage|p2b: Incineroar|71/100\n|\n|upkeep\n|turn|16\n|\n|t:|1776031722\n|move|p2b: Incineroar|Parting Shot|p1b: Incineroar\n|-unboost|p1b: Incineroar|atk|1\n|-unboost|p1b: Incineroar|spa|1\n|move|p1b: Incineroar|Low Kick|p2b: Incineroar\n|-supereffective|p2b: Incineroar|1\n|-damage|p2b: Incineroar|56/100\n|\n|upkeep\n|turn|17\n|\n|t:|1776031729\n|move|p2b: Incineroar|Throat Chop|p1b: Incineroar\n|-resisted|p1b: Incineroar|1\n|-damage|p1b: Incineroar|36/100\n|-start|p1b: Incineroar|Throat Chop|[silent]\n|move|p1b: Incineroar|Low Kick|p2b: Incineroar\n|-supereffective|p2b: Incineroar|1\n|-damage|p2b: Incineroar|41/100\n|\n|upkeep\n|turn|18\n|\n|t:|1776031740\n|move|p2b: Incineroar|Throat Chop|p1b: Incineroar\n|-resisted|p1b: Incineroar|1\n|-damage|p1b: Incineroar|26/100\n|move|p1b: Incineroar|Low Kick|p2b: Incineroar\n|-supereffective|p2b: Incineroar|1\n|-damage|p2b: Incineroar|26/100\n|\n|-end|p1b: Incineroar|Throat Chop|[silent]\n|upkeep\n|turn|19\n|\n|t:|1776031749\n|move|p2b: Incineroar|Flare Blitz|p1b: Incineroar\n|-resisted|p1b: Incineroar|1\n|-damage|p1b: Incineroar|11/100\n|-damage|p2b: Incineroar|21/100|[from] Recoil\n|move|p1b: Incineroar|Low Kick|p2b: Incineroar\n|-supereffective|p2b: Incineroar|1\n|-damage|p2b: Incineroar|6/100\n|\n|upkeep\n|turn|20\n|\n|t:|1776031757\n|move|p2b: Incineroar|Flare Blitz|p1b: Incineroar\n|-resisted|p1b: Incineroar|1\n|-damage|p1b: Incineroar|0 fnt\n|faint|p1b: Incineroar\n|-damage|p2b: Incineroar|2/100|[from] Recoil\n|\n|win|xpendulum\n|raw|asdfasdr's rating: 1000 &rarr; <strong>1000</strong><br />(+0 for losing)\n|raw|xpendulum's rating: 1083 &rarr; <strong>1104</strong><br />(+21 for winning)\n",
  "uploadtime": 1776031760,
  "views": 11,
  "formatid": "gen9championsvgc2026regma",
  "rating": 1000,
  "private": 0,
  "password": null
}