{
  "id": "gen9championsvgc2026regma-2589398436",
  "format": "[Gen 9 Champions] VGC 2026 Reg M-A",
  "players": [
    "SpockyFrogo",
    "joe19394"
  ],
  "log": "|j|\u2606SpockyFrogo\n|j|\u2606joe19394\n|t:|1776719752\n|gametype|doubles\n|player|p1|SpockyFrogo|265|1207\n|player|p2|joe19394|265|1284\n|gen|9\n|tier|[Gen 9 Champions] VGC 2026 Reg M-A\n|rated|\n|rule|Species Clause: Limit one of each Pok\u00e9mon\n|rule|Item Clause: Limit 1 of each item\n|clearpoke\n|poke|p1|Delphox, L50, F|\n|poke|p1|Basculegion, L50, M|\n|poke|p1|Clefable, L50, M|\n|poke|p1|Kingambit, L50, M|\n|poke|p1|Dragonite, L50, F|\n|poke|p1|Sneasler, L50, F|\n|poke|p2|Pelipper, L50, F|\n|poke|p2|Toxicroak, L50, M|\n|poke|p2|Meganium, L50, M|\n|poke|p2|Incineroar, L50, F|\n|poke|p2|Greninja, L50, F|\n|poke|p2|Archaludon, L50, M|\n|teampreview|4\n|inactive|Battle timer is ON: inactive players will automatically lose when time's up. (requested by joe19394)\n|inactive|SpockyFrogo has 60 seconds left.\n|\n|t:|1776719794\n|teamsize|p1|4\n|teamsize|p2|4\n|start\n|switch|p1a: Kingambit|Kingambit, L50, M|100/100\n|switch|p1b: Sneasler|Sneasler, L50, F|100/100\n|switch|p2a: Incineroar|Incineroar, L50, F|100/100\n|switch|p2b: Meganium|Meganium, L50, M|100/100\n|-ability|p2a: Incineroar|Intimidate|boost\n|-unboost|p1a: Kingambit|atk|1\n|-ability|p1a: Kingambit|Defiant|boost\n|-boost|p1a: Kingambit|atk|2\n|-unboost|p1b: Sneasler|atk|1\n|turn|1\n|inactive|SpockyFrogo has 30 seconds left.\n|inactive|SpockyFrogo has 20 seconds left.\n|inactive|SpockyFrogo has 15 seconds left.\n|inactive|SpockyFrogo has 10 seconds left.\n|\n|t:|1776719840\n|detailschange|p2b: Meganium|Meganium-Mega, L50, M\n|-mega|p2b: Meganium|Meganium|Meganiumite\n|move|p1a: Kingambit|Protect|p1a: Kingambit\n|-singleturn|p1a: Kingambit|Protect\n|move|p1b: Sneasler|Fake Out|p2a: Incineroar\n|-damage|p2a: Incineroar|93/100\n|cant|p2a: Incineroar|flinch\n|move|p2b: Meganium|Weather Ball|p1a: Kingambit\n|-activate|p1a: Kingambit|move: Protect\n|\n|upkeep\n|turn|2\n|inactive|SpockyFrogo has 30 seconds left.\n|inactive|joe19394 has 30 seconds left.\n|inactive|SpockyFrogo has 20 seconds left.\n|inactive|joe19394 has 20 seconds left.\n|inactive|SpockyFrogo has 15 seconds left.\n|inactive|joe19394 has 15 seconds left.\n|\n|t:|1776719882\n|switch|p1a: Clefable|Clefable, L50, M|100/100\n|move|p2b: Meganium|Protect|p2b: Meganium\n|-singleturn|p2b: Meganium|Protect\n|move|p1b: Sneasler|Dire Claw|p2b: Meganium\n|-activate|p2b: Meganium|move: Protect\n|move|p2a: Incineroar|Parting Shot|p1b: Sneasler\n|-unboost|p1b: Sneasler|atk|1\n|-unboost|p1b: Sneasler|spa|1\n|\n|t:|1776719903\n|switch|p2a: Pelipper|Pelipper, L50, F|100/100|[from] Parting Shot\n|-weather|RainDance|[from] ability: Drizzle|[of] p2a: Pelipper\n|\n|-weather|RainDance|[upkeep]\n|upkeep\n|turn|3\n|inactive|joe19394 has 30 seconds left.\n|inactive|joe19394 has 20 seconds left.\n|\n|t:|1776719941\n|switch|p1b: Delphox|Delphox, L50, F|100/100\n|switch|p2b: Incineroar|Incineroar, L50, F|93/100\n|-ability|p2b: Incineroar|Intimidate|boost\n|-unboost|p1a: Clefable|atk|1\n|-unboost|p1b: Delphox|atk|1\n|move|p1a: Clefable|Follow Me|p1a: Clefable\n|-singleturn|p1a: Clefable|move: Follow Me\n|move|p2a: Pelipper|Tailwind|p2a: Pelipper\n|-sidestart|p2: joe19394|move: Tailwind\n|\n|-weather|RainDance|[upkeep]\n|upkeep\n|turn|4\n|inactive|SpockyFrogo has 30 seconds left.\n|inactive|SpockyFrogo has 20 seconds left.\n|inactive|SpockyFrogo has 15 seconds left.\n|\n|t:|1776719983\n|detailschange|p1b: Delphox|Delphox-Mega, L50, F\n|-mega|p1b: Delphox|Delphox|Delphoxite\n|move|p1b: Delphox|Protect|p1b: Delphox\n|-singleturn|p1b: Delphox|Protect\n|move|p2b: Incineroar|Darkest Lariat|p1b: Delphox\n|-activate|p1b: Delphox|move: Protect\n|move|p2a: Pelipper|Weather Ball|p1b: Delphox\n|-activate|p1b: Delphox|move: Protect\n|move|p1a: Clefable|Moonblast|p2a: Pelipper\n|-damage|p2a: Pelipper|52/100\n|-unboost|p2a: Pelipper|spa|1\n|\n|-weather|RainDance|[upkeep]\n|upkeep\n|turn|5\n|inactive|joe19394 has 30 seconds left.\n|\n|t:|1776720012\n|move|p1a: Clefable|Follow Me|p1a: Clefable\n|-singleturn|p1a: Clefable|move: Follow Me\n|move|p1b: Delphox|Psychic|p2a: Pelipper\n|-damage|p2a: Pelipper|0 fnt\n|faint|p2a: Pelipper\n|move|p2b: Incineroar|Darkest Lariat|p1a: Clefable\n|-resisted|p1a: Clefable|1\n|-damage|p1a: Clefable|89/100\n|\n|-weather|RainDance|[upkeep]\n|upkeep\n|\n|t:|1776720022\n|switch|p2a: Archaludon|Archaludon, L50, M|100/100\n|turn|6\n|inactive|SpockyFrogo has 30 seconds left.\n|inactive|SpockyFrogo has 20 seconds left.\n|inactive|SpockyFrogo has 15 seconds left.\n|\n|t:|1776720064\n|move|p1b: Delphox|Protect|p1b: Delphox\n|-singleturn|p1b: Delphox|Protect\n|move|p2b: Incineroar|Parting Shot|p1b: Delphox\n|-activate|p1b: Delphox|move: Protect\n|move|p2a: Archaludon|Electro Shot||[still]\n|-prepare|p2a: Archaludon|Electro Shot\n|-boost|p2a: Archaludon|spa|1\n|-anim|p2a: Archaludon|Electro Shot|p1a: Clefable\n|-damage|p1a: Clefable|56/100\n|move|p1a: Clefable|Moonblast|p2b: Incineroar\n|-damage|p2b: Incineroar|64/100\n|\n|-weather|none\n|-sideend|p2: joe19394|move: Tailwind\n|upkeep\n|turn|7\n|inactive|SpockyFrogo has 30 seconds left.\n|\n|t:|1776720089\n|move|p1a: Clefable|Helping Hand|p1b: Delphox\n|-singleturn|p1b: Delphox|Helping Hand|[of] p1a: Clefable\n|move|p1b: Delphox|Heat Wave|p2a: Archaludon|[spread] p2a,p2b\n|-resisted|p2b: Incineroar|1\n|-damage|p2a: Archaludon|44/100\n|-damage|p2b: Incineroar|35/100\n|-ability|p2a: Archaludon|Stamina|boost\n|-boost|p2a: Archaludon|def|1\n|move|p2b: Incineroar|Darkest Lariat|p1b: Delphox\n|-supereffective|p1b: Delphox|1\n|-damage|p1b: Delphox|0 fnt\n|faint|p1b: Delphox\n|move|p2a: Archaludon|Dragon Pulse|p1a: Clefable\n|-immune|p1a: Clefable\n|\n|-heal|p2a: Archaludon|50/100|[from] item: Leftovers\n|upkeep\n|\n|t:|1776720109\n|switch|p1b: Sneasler|Sneasler, L50, F|100/100\n|turn|8\n|inactive|SpockyFrogo has 30 seconds left.\n|inactive|SpockyFrogo has 20 seconds left.\n|\n|t:|1776720146\n|move|p2a: Archaludon|Protect|p2a: Archaludon\n|-singleturn|p2a: Archaludon|Protect\n|move|p1b: Sneasler|Fake Out|p2a: Archaludon\n|-activate|p2a: Archaludon|move: Protect\n|move|p2b: Incineroar|Parting Shot|p1b: Sneasler\n|-unboost|p1b: Sneasler|atk|1\n|-unboost|p1b: Sneasler|spa|1\n|\n|t:|1776720159\n|switch|p2b: Meganium|Meganium-Mega, L50, M|100/100|[from] Parting Shot\n|move|p1a: Clefable|Moonblast|p2b: Meganium\n|-damage|p2b: Meganium|71/100\n|\n|-heal|p2a: Archaludon|56/100|[from] item: Leftovers\n|upkeep\n|turn|9\n|\n|t:|1776720179\n|move|p2b: Meganium|Protect|p2b: Meganium\n|-singleturn|p2b: Meganium|Protect\n|move|p1a: Clefable|Follow Me|p1a: Clefable\n|-singleturn|p1a: Clefable|move: Follow Me\n|move|p1b: Sneasler|Close Combat|p2a: Archaludon\n|-supereffective|p2a: Archaludon|1\n|-damage|p2a: Archaludon|13/100\n|-unboost|p1b: Sneasler|def|1\n|-unboost|p1b: Sneasler|spd|1\n|-ability|p2a: Archaludon|Stamina|boost\n|-boost|p2a: Archaludon|def|1\n|move|p2a: Archaludon|Flash Cannon|p1a: Clefable\n|-supereffective|p1a: Clefable|1\n|-damage|p1a: Clefable|0 fnt\n|faint|p1a: Clefable\n|\n|-heal|p2a: Archaludon|19/100|[from] item: Leftovers\n|upkeep\n|\n|t:|1776720193\n|switch|p1a: Kingambit|Kingambit, L50, M|100/100\n|turn|10\n|\n|t:|1776720216\n|move|p1a: Kingambit|Sucker Punch|p2a: Archaludon\n|-damage|p2a: Archaludon|0 fnt\n|faint|p2a: Archaludon\n|move|p1b: Sneasler|Dire Claw|p2b: Meganium\n|-supereffective|p2b: Meganium|2\n|-damage|p2b: Meganium|0 fnt\n|faint|p2b: Meganium\n|\n|upkeep\n|-message|joe19394 forfeited.\n|\n|win|SpockyFrogo\n|raw|SpockyFrogo's rating: 1207 &rarr; <strong>1237</strong><br />(+30 for winning)\n|raw|joe19394's rating: 1284 &rarr; <strong>1254</strong><br />(-30 for losing)\n|l|\u2606joe19394\n|player|p2|\n",
  "uploadtime": 1776720239,
  "views": 14,
  "formatid": "gen9championsvgc2026regma",
  "rating": 1237,
  "private": 0,
  "password": null
}