{
  "id": "gen9championsvgc2026regma-2586801921",
  "format": "[Gen 9 Champions] VGC 2026 Reg M-A",
  "players": [
    "g00fin",
    "Saymonster"
  ],
  "log": "|j|\u2606g00fin\n|j|\u2606Saymonster\n|t:|1776461059\n|gametype|doubles\n|player|p1|g00fin|ingo|1134\n|player|p2|Saymonster|shadowtriad|1201\n|gen|9\n|tier|[Gen 9 Champions] VGC 2026 Reg M-A\n|rated|\n|rule|Species Clause: Limit one of each Pok\u00e9mon\n|rule|Item Clause: Limit 1 of each item\n|clearpoke\n|poke|p1|Kleavor, L50, M|\n|poke|p1|Lucario, L50, M|\n|poke|p1|Sneasler, L50, F|\n|poke|p1|Gyarados, L50, F|\n|poke|p1|Meganium, L50, M|\n|poke|p1|Farigiraf, L50, F|\n|poke|p2|Kommo-o, L50, M|\n|poke|p2|Garchomp, L50, M|\n|poke|p2|Talonflame, L50, M|\n|poke|p2|Gardevoir, L50, F|\n|poke|p2|Scizor, L50, M|\n|poke|p2|Sinistcha, L50|\n|teampreview|4\n|\n|t:|1776461124\n|teamsize|p1|4\n|teamsize|p2|4\n|start\n|switch|p1a: Kleavor|Kleavor, L50, M|100/100\n|switch|p1b: Gyarados|Gyarados, L50, F|100/100\n|switch|p2a: Garchomp|Garchomp, L50, M|100/100\n|switch|p2b: Kommo-o|Kommo-o, L50, M|100/100\n|-ability|p1b: Gyarados|Intimidate|boost\n|-unboost|p2a: Garchomp|atk|1\n|-unboost|p2b: Kommo-o|atk|1\n|turn|1\n|\n|t:|1776461144\n|move|p2a: Garchomp|Protect|p2a: Garchomp\n|-singleturn|p2a: Garchomp|Protect\n|move|p2b: Kommo-o|Protect|p2b: Kommo-o\n|-singleturn|p2b: Kommo-o|Protect\n|move|p1a: Kleavor|Stone Axe|p2b: Kommo-o\n|-activate|p2b: Kommo-o|move: Protect\n|move|p1b: Gyarados|Dragon Dance|p1b: Gyarados\n|-boost|p1b: Gyarados|atk|1\n|-boost|p1b: Gyarados|spe|1\n|\n|upkeep\n|turn|2\n|\n|t:|1776461171\n|move|p1a: Kleavor|Stone Axe|p2b: Kommo-o|[miss]\n|-miss|p1a: Kleavor|p2b: Kommo-o\n|move|p1b: Gyarados|Dragon Dance|p1b: Gyarados\n|-boost|p1b: Gyarados|atk|1\n|-boost|p1b: Gyarados|spe|1\n|move|p2a: Garchomp|Scale Shot|p1b: Gyarados\n|-damage|p1b: Gyarados|91/100\n|-damage|p1b: Gyarados|82/100\n|-damage|p1b: Gyarados|71/100\n|-damage|p1b: Gyarados|61/100\n|-hitcount|p1b: Gyarados|4\n|-unboost|p2a: Garchomp|def|1\n|-boost|p2a: Garchomp|spe|1\n|move|p2b: Kommo-o|Iron Defense|p2b: Kommo-o\n|-boost|p2b: Kommo-o|def|2\n|\n|upkeep\n|turn|3\n|\n|t:|1776461214\n|detailschange|p1b: Gyarados|Gyarados-Mega, L50, F\n|-mega|p1b: Gyarados|Gyarados|Gyaradosite\n|-ability|p1b: Gyarados|Mold Breaker\n|move|p2a: Garchomp|Protect|p2a: Garchomp\n|-singleturn|p2a: Garchomp|Protect\n|move|p1b: Gyarados|Waterfall|p2a: Garchomp\n|-activate|p2a: Garchomp|move: Protect\n|move|p1a: Kleavor|Stone Axe|p2a: Garchomp\n|-activate|p2a: Garchomp|move: Protect\n|move|p2b: Kommo-o|Iron Defense|p2b: Kommo-o\n|-boost|p2b: Kommo-o|def|2\n|\n|upkeep\n|turn|4\n|\n|t:|1776461242\n|switch|p2a: Sinistcha|Sinistcha, L50|100/100\n|move|p1b: Gyarados|Waterfall|p2a: Sinistcha\n|-resisted|p2a: Sinistcha|1\n|-damage|p2a: Sinistcha|66/100\n|move|p1a: Kleavor|Stone Axe|p2a: Sinistcha\n|-damage|p2a: Sinistcha|21/100\n|-sidestart|p2: Saymonster|move: Stealth Rock\n|-enditem|p2a: Sinistcha|Sitrus Berry|[eat]\n|-heal|p2a: Sinistcha|46/100|[from] item: Sitrus Berry\n|move|p2b: Kommo-o|Body Press|p1b: Gyarados\n|-supereffective|p1b: Gyarados|1\n|-damage|p1b: Gyarados|0 fnt\n|faint|p1b: Gyarados\n|\n|upkeep\n|\n|t:|1776461261\n|switch|p1b: Meganium|Meganium, L50, M|100/100\n|turn|5\n|\n|t:|1776461285\n|move|p2b: Kommo-o|Protect|p2b: Kommo-o\n|-singleturn|p2b: Kommo-o|Protect\n|move|p1a: Kleavor|Stone Axe|p2a: Sinistcha\n|-damage|p2a: Sinistcha|0 fnt\n|faint|p2a: Sinistcha\n|move|p1b: Meganium|Dazzling Gleam|p2b: Kommo-o\n|-activate|p2b: Kommo-o|move: Protect\n|\n|upkeep\n|\n|t:|1776461299\n|switch|p2a: Talonflame|Talonflame, L50, M|100/100\n|-damage|p2a: Talonflame|50/100|[from] Stealth Rock\n|turn|6\n|\n|t:|1776461323\n|move|p1b: Meganium|Protect|p1b: Meganium\n|-singleturn|p1b: Meganium|Protect\n|move|p1a: Kleavor|Stone Axe|p2a: Talonflame\n|-supereffective|p2a: Talonflame|2\n|-damage|p2a: Talonflame|0 fnt\n|faint|p2a: Talonflame\n|move|p2b: Kommo-o|Body Press|p1a: Kleavor\n|-crit|p1a: Kleavor\n|-damage|p1a: Kleavor|0 fnt\n|faint|p1a: Kleavor\n|\n|upkeep\n|\n|t:|1776461338\n|switch|p2a: Garchomp|Garchomp, L50, M|100/100\n|switch|p1a: Sneasler|Sneasler, L50, F|100/100\n|-damage|p2a: Garchomp|94/100|[from] Stealth Rock\n|turn|7\n|\n|t:|1776461376\n|move|p2a: Garchomp|Protect|p2a: Garchomp\n|-singleturn|p2a: Garchomp|Protect\n|move|p2b: Kommo-o|Protect|p2b: Kommo-o\n|-singleturn|p2b: Kommo-o|Protect\n|move|p1a: Sneasler|Fake Out|p2a: Garchomp\n|-activate|p2a: Garchomp|move: Protect\n|move|p1b: Meganium|Dazzling Gleam|p2b: Kommo-o|[spread] \n|-activate|p2a: Garchomp|move: Protect\n|-activate|p2b: Kommo-o|move: Protect\n|\n|upkeep\n|turn|8\n|\n|t:|1776461409\n|move|p1a: Sneasler|Close Combat|p2a: Garchomp\n|-damage|p2a: Garchomp|21/100\n|-unboost|p1a: Sneasler|def|1\n|-unboost|p1a: Sneasler|spd|1\n|-damage|p1a: Sneasler|88/100|[from] ability: Rough Skin|[of] p2a: Garchomp\n|-enditem|p1a: Sneasler|White Herb\n|-clearnegativeboost|p1a: Sneasler|[silent]\n|move|p2a: Garchomp|Scale Shot|p1b: Meganium\n|-crit|p1b: Meganium\n|-damage|p1b: Meganium|82/100\n|-damage|p1b: Meganium|69/100\n|-hitcount|p1b: Meganium|2\n|-unboost|p2a: Garchomp|def|1\n|-boost|p2a: Garchomp|spe|1\n|move|p2b: Kommo-o|Body Press|p1b: Meganium\n|-damage|p1b: Meganium|0 fnt\n|faint|p1b: Meganium\n|\n|upkeep\n|turn|9\n|\n|t:|1776461452\n|move|p2a: Garchomp|Protect|p2a: Garchomp\n|-singleturn|p2a: Garchomp|Protect\n|move|p1a: Sneasler|Dire Claw|p2a: Garchomp\n|-activate|p2a: Garchomp|move: Protect\n|move|p2b: Kommo-o|Rock Tomb|p1a: Sneasler\n|-resisted|p1a: Sneasler|1\n|-damage|p1a: Sneasler|79/100\n|-unboost|p1a: Sneasler|spe|1\n|\n|upkeep\n|turn|10\n|\n|t:|1776461495\n|move|p2a: Garchomp|Earthquake|p1a: Sneasler|[spread] p2b,p1a\n|-supereffective|p1a: Sneasler|1\n|-damage|p2b: Kommo-o|91/100\n|-damage|p1a: Sneasler|0 fnt\n|faint|p1a: Sneasler\n|\n|win|Saymonster\n|raw|g00fin's rating: 1134 &rarr; <strong>1114</strong><br />(-20 for losing)\n|raw|Saymonster's rating: 1201 &rarr; <strong>1221</strong><br />(+20 for winning)\n|l|\u2606g00fin\n|player|p1|\n",
  "uploadtime": 1776462159,
  "views": 30,
  "formatid": "gen9championsvgc2026regma",
  "rating": 1114,
  "private": 0,
  "password": null
}