{
  "id": "gen9championsvgc2026regma-2588695156",
  "format": "[Gen 9 Champions] VGC 2026 Reg M-A",
  "players": [
    "Mudkip_137",
    "pokecutieismyname"
  ],
  "log": "|j|\u2606Mudkip_137\n|j|\u2606pokecutieismyname\n|t:|1776658700\n|gametype|doubles\n|player|p1|Mudkip_137|jasmine|1248\n|player|p2|pokecutieismyname|scientistf|1331\n|gen|9\n|tier|[Gen 9 Champions] VGC 2026 Reg M-A\n|rated|\n|rule|Species Clause: Limit one of each Pok\u00e9mon\n|rule|Item Clause: Limit 1 of each item\n|clearpoke\n|poke|p1|Feraligatr, L50, F|\n|poke|p1|Sinistcha, L50|\n|poke|p1|Kingambit, L50, M|\n|poke|p1|Gardevoir, L50, F|\n|poke|p1|Sneasler, L50, M|\n|poke|p1|Talonflame, L50, M|\n|poke|p2|Lucario, L50, M|\n|poke|p2|Dragapult, L50, M|\n|poke|p2|Sylveon, L50, F|\n|poke|p2|Rotom-Wash, L50|\n|poke|p2|Garchomp, L50, F|\n|poke|p2|Delphox, L50, F|\n|teampreview|4\n|\n|t:|1776658745\n|teamsize|p1|4\n|teamsize|p2|4\n|start\n|switch|p1a: Sneasler|Sneasler, L50, M|100/100\n|switch|p1b: Gardevoir|Gardevoir, L50, F|100/100\n|switch|p2a: Dragapult|Dragapult, L50, M|100/100\n|switch|p2b: Sylveon|Sylveon, L50, F|100/100\n|-ability|p1b: Gardevoir|Pixilate|Trace|[from] ability: Trace|[of] p2b: Sylveon\n|turn|1\n|inactive|Battle timer is ON: inactive players will automatically lose when time's up. (requested by Mudkip_137)\n|\n|t:|1776658767\n|detailschange|p1b: Gardevoir|Gardevoir-Mega, L50, F\n|-mega|p1b: Gardevoir|Gardevoir|Gardevoirite\n|move|p1b: Gardevoir|Protect|p1b: Gardevoir\n|-singleturn|p1b: Gardevoir|Protect\n|move|p2b: Sylveon|Protect|p2b: Sylveon\n|-singleturn|p2b: Sylveon|Protect\n|move|p2a: Dragapult|Will-O-Wisp|p1a: Sneasler\n|-status|p1a: Sneasler|brn\n|move|p1a: Sneasler|Dire Claw|p2b: Sylveon\n|-activate|p2b: Sylveon|move: Protect\n|\n|-damage|p1a: Sneasler|95/100 brn|[from] brn\n|upkeep\n|turn|2\n|inactive|Mudkip_137 has 30 seconds left.\n|\n|t:|1776658799\n|switch|p1a: Kingambit|Kingambit, L50, M|100/100\n|move|p2a: Dragapult|Round|p1b: Gardevoir\n|-crit|p1b: Gardevoir\n|-damage|p1b: Gardevoir|81/100\n|move|p2b: Sylveon|Round|p1b: Gardevoir|[from] move: Round\n|-damage|p1b: Gardevoir|11/100\n|move|p1b: Gardevoir|Trick Room|p1b: Gardevoir\n|-fieldstart|move: Trick Room|[of] p1b: Gardevoir\n|\n|upkeep\n|turn|3\n|\n|t:|1776658816\n|move|p1a: Kingambit|Iron Head|p2b: Sylveon\n|-supereffective|p2b: Sylveon|1\n|-damage|p2b: Sylveon|0 fnt\n|faint|p2b: Sylveon\n|move|p1b: Gardevoir|Hyper Voice|p2a: Dragapult\n|-supereffective|p2a: Dragapult|1\n|-damage|p2a: Dragapult|0 fnt\n|faint|p2a: Dragapult\n|\n|upkeep\n|\n|t:|1776658826\n|switch|p2b: Delphox|Delphox, L50, F|100/100\n|switch|p2a: Garchomp|Garchomp, L50, F|100/100\n|turn|4\n|\n|t:|1776658837\n|detailschange|p2b: Delphox|Delphox-Mega, L50, F\n|-mega|p2b: Delphox|Delphox|Delphoxite\n|move|p2b: Delphox|Protect|p2b: Delphox\n|-singleturn|p2b: Delphox|Protect\n|move|p1a: Kingambit|Kowtow Cleave|p2b: Delphox\n|-activate|p2b: Delphox|move: Protect\n|move|p1b: Gardevoir|Hyper Voice|p2b: Delphox|[spread] p2a\n|-activate|p2b: Delphox|move: Protect\n|-supereffective|p2a: Garchomp|1\n|-damage|p2a: Garchomp|0 fnt\n|faint|p2a: Garchomp\n|\n|upkeep\n|turn|5\n|\n|t:|1776658852\n|move|p1a: Kingambit|Kowtow Cleave|p2b: Delphox\n|-supereffective|p2b: Delphox|1\n|-damage|p2b: Delphox|0 fnt\n|faint|p2b: Delphox\n|\n|win|Mudkip_137\n|raw|Mudkip_137's rating: 1248 &rarr; <strong>1279</strong><br />(+31 for winning)\n|raw|pokecutieismyname's rating: 1331 &rarr; <strong>1306</strong><br />(-25 for losing)\n|c|\u2606Mudkip_137|gg\n",
  "uploadtime": 1776658858,
  "views": 15,
  "formatid": "gen9championsvgc2026regma",
  "rating": 1279,
  "private": 0,
  "password": null
}