{
  "id": "gen9championsvgc2026regma-2583418282",
  "format": "[Gen 9 Champions] VGC 2026 Reg M-A",
  "players": [
    "tobardopolis",
    "Javitotito"
  ],
  "log": "|j|\u2606tobardopolis\n|j|\u2606Javitotito\n|t:|1776174334\n|gametype|doubles\n|player|p1|tobardopolis|170|1000\n|player|p2|Javitotito|workerice|1000\n|gen|9\n|tier|[Gen 9 Champions] VGC 2026 Reg M-A\n|rated|\n|rule|Species Clause: Limit one of each Pok\u00e9mon\n|rule|Item Clause: Limit 1 of each item\n|clearpoke\n|poke|p1|Pelipper, L50, M|\n|poke|p1|Archaludon, L50, M|\n|poke|p1|Dragonite, L50, F|\n|poke|p1|Sinistcha-Masterpiece, L50|\n|poke|p1|Sneasler, L50, M|\n|poke|p1|Basculegion, L50, M|\n|poke|p2|Pelipper, L50, M|\n|poke|p2|Archaludon, L50, M|\n|poke|p2|Sinistcha, L50|\n|poke|p2|Sneasler, L50, F|\n|poke|p2|Starmie, L50|\n|poke|p2|Floette-Eternal, L50, F|\n|teampreview|4\nJavitotito rejected open team sheets.\n|inactive|Battle timer is ON: inactive players will automatically lose when time's up. (requested by tobardopolis)\n|inactiveoff|Battle timer is now OFF.\n|\n|t:|1776174402\n|teamsize|p1|4\n|teamsize|p2|4\n|start\n|switch|p1a: Sneasler|Sneasler, L50, M|100/100\n|switch|p1b: Basculegion|Basculegion, L50, M|100/100\n|switch|p2a: Snigler|Sneasler, L50, F, shiny|100/100\n|switch|p2b: Sturmi|Starmie, L50, shiny|100/100\n|turn|1\n|\n|t:|1776174464\n|switch|p1a: Sinistcha|Sinistcha-Masterpiece, L50|100/100\n|move|p2b: Sturmi|Protect|p2b: Sturmi\n|-singleturn|p2b: Sturmi|Protect\n|move|p2a: Snigler|Fake Out|p1a: Sinistcha\n|-immune|p1a: Sinistcha\n|move|p1b: Basculegion|Last Respects|p2b: Sturmi\n|-activate|p2b: Sturmi|move: Protect\n|\n|upkeep\n|turn|2\n|l|\u2606tobardopolis\n|player|p1|\n|j|\u2606tobardopolis\n|player|p1|tobardopolis|170|\n|\n|t:|1776174531\n|detailschange|p2b: Sturmi|Starmie-Mega, L50, shiny\n|-mega|p2b: Sturmi|Starmie|Starminite\n|move|p2b: Sturmi|Psycho Cut|p1b: Basculegion\n|-damage|p1b: Basculegion|20/100\n|move|p2a: Snigler|Poison Jab|p1b: Basculegion\n|-resisted|p1b: Basculegion|1\n|-damage|p1b: Basculegion|0 fnt\n|faint|p1b: Basculegion\n|move|p1a: Sinistcha|Matcha Gotcha|p2b: Sturmi|[spread] p2a,p2b\n|-resisted|p2a: Snigler|1\n|-supereffective|p2b: Sturmi|1\n|-damage|p2a: Snigler|80/100\n|-damage|p2b: Sturmi|33/100\n|-status|p2a: Snigler|brn\n|\n|-damage|p2a: Snigler|74/100 brn|[from] brn\n|upkeep\n|\n|t:|1776174558\n|switch|p1b: Sneasler|Sneasler, L50, M|100/100\n|turn|3\n|\n|t:|1776174578\n|switch|p2a: Antesdellover|Pelipper, L50, M|100/100\n|-weather|RainDance|[from] ability: Drizzle|[of] p2a: Antesdellover\n|move|p1b: Sneasler|Fake Out|p2b: Sturmi\n|-damage|p2b: Sturmi|13/100\n|cant|p2b: Sturmi|flinch\n|move|p1a: Sinistcha|Matcha Gotcha|p2b: Sturmi|[spread] p2a,p2b\n|-supereffective|p2b: Sturmi|1\n|-damage|p2a: Antesdellover|58/100\n|-damage|p2b: Sturmi|0 fnt\n|-status|p2a: Antesdellover|brn\n|faint|p2b: Sturmi\n|\n|-weather|RainDance|[upkeep]\n|-damage|p2a: Antesdellover|52/100 brn|[from] brn\n|upkeep\n|\n|t:|1776174593\n|switch|p2b: Acueducto|Archaludon, L50, M|100/100\n|turn|4\n|\n|t:|1776174620\n|switch|p1a: Dragonite|Dragonite, L50, F, shiny|100/100\n|move|p1b: Sneasler|Close Combat|p2b: Acueducto\n|-supereffective|p2b: Acueducto|1\n|-damage|p2b: Acueducto|6/100\n|-unboost|p1b: Sneasler|def|1\n|-unboost|p1b: Sneasler|spd|1\n|-ability|p2b: Acueducto|Stamina|boost\n|-boost|p2b: Acueducto|def|1\n|-enditem|p1b: Sneasler|White Herb\n|-clearnegativeboost|p1b: Sneasler|[silent]\n|move|p2a: Antesdellover|Hurricane|p1b: Sneasler\n|-supereffective|p1b: Sneasler|1\n|-damage|p1b: Sneasler|0 fnt\n|faint|p1b: Sneasler\n|move|p2b: Acueducto|Electro Shot||[still]\n|-prepare|p2b: Acueducto|Electro Shot\n|-boost|p2b: Acueducto|spa|1\n|-anim|p2b: Acueducto|Electro Shot|p1a: Dragonite\n|-damage|p1a: Dragonite|65/100\n|\n|-weather|RainDance|[upkeep]\n|-heal|p2b: Acueducto|12/100|[from] item: Leftovers\n|-damage|p2a: Antesdellover|46/100 brn|[from] brn\n|upkeep\n|\n|t:|1776174647\n|switch|p1b: Sinistcha|Sinistcha-Masterpiece, L50|100/100\n|-heal|p1a: Dragonite|90/100|[from] ability: Hospitality|[of] p1b: Sinistcha\n|turn|5\n|\n|t:|1776174687\n|detailschange|p1a: Dragonite|Dragonite-Mega, L50, F, shiny\n|-mega|p1a: Dragonite|Dragonite|Dragoninite\n|move|p2b: Acueducto|Protect|p2b: Acueducto\n|-singleturn|p2b: Acueducto|Protect\n|move|p1a: Dragonite|Hurricane|p2b: Acueducto\n|-activate|p2b: Acueducto|move: Protect\n|move|p2a: Antesdellover|Weather Ball|p1a: Dragonite\n|-resisted|p1a: Dragonite|1\n|-damage|p1a: Dragonite|62/100\n|move|p1b: Sinistcha|Matcha Gotcha|p2a: Antesdellover|[spread] p2a\n|-activate|p2b: Acueducto|move: Protect\n|-damage|p2a: Antesdellover|0 fnt\n|faint|p2a: Antesdellover\n|\n|-weather|RainDance|[upkeep]\n|-heal|p2b: Acueducto|18/100|[from] item: Leftovers\n|upkeep\n|\n|t:|1776174703\n|switch|p2a: Snigler|Sneasler, L50, F, shiny|74/100 brn\n|turn|6\n|\n|t:|1776174730\n|move|p2a: Snigler|Fake Out|p1a: Dragonite\n|-damage|p1a: Dragonite|56/100\n|cant|p1a: Dragonite|flinch\n|move|p2b: Acueducto|Electro Shot||[still]\n|-prepare|p2b: Acueducto|Electro Shot\n|-boost|p2b: Acueducto|spa|1\n|-anim|p2b: Acueducto|Electro Shot|p1a: Dragonite\n|-damage|p1a: Dragonite|0 fnt\n|faint|p1a: Dragonite\n|move|p1b: Sinistcha|Matcha Gotcha|p2b: Acueducto|[spread] p2a,p2b\n|-resisted|p2a: Snigler|1\n|-resisted|p2b: Acueducto|2\n|-damage|p2a: Snigler|55/100 brn\n|-damage|p2b: Acueducto|12/100\n|-ability|p2b: Acueducto|Stamina|boost\n|-boost|p2b: Acueducto|def|1\n|\n|-weather|RainDance|[upkeep]\n|-heal|p2b: Acueducto|18/100|[from] item: Leftovers\n|-damage|p2a: Snigler|50/100 brn|[from] brn\n|upkeep\n|turn|7\n|\n|t:|1776174755\n|move|p2a: Snigler|Poison Jab|p1b: Sinistcha\n|-damage|p1b: Sinistcha|83/100\n|move|p2b: Acueducto|Dragon Pulse|p1b: Sinistcha\n|-damage|p1b: Sinistcha|0 fnt\n|faint|p1b: Sinistcha\n|\n|win|Javitotito\n|raw|tobardopolis's rating: 1000 &rarr; <strong>1000</strong><br />(+0 for losing)\n|raw|Javitotito's rating: 1000 &rarr; <strong>1040</strong><br />(+40 for winning)\n",
  "uploadtime": 1776174761,
  "views": 16,
  "formatid": "gen9championsvgc2026regma",
  "rating": 1000,
  "private": 0,
  "password": null
}