{
  "id": "gen9championsvgc2026regma-2583051413",
  "format": "[Gen 9 Champions] VGC 2026 Reg M-A",
  "players": [
    "02xygen_",
    "starburst48763"
  ],
  "log": "|j|\u260602xygen_\n|j|\u2606starburst48763\n|t:|1776136831\n|gametype|doubles\n|player|p1|02xygen_|265|1310\n|player|p2|starburst48763|265|1360\n|gen|9\n|tier|[Gen 9 Champions] VGC 2026 Reg M-A\n|rated|\n|rule|Species Clause: Limit one of each Pok\u00e9mon\n|rule|Item Clause: Limit 1 of each item\n|clearpoke\n|poke|p1|Incineroar, L50, F|\n|poke|p1|Oranguru, L50, F|\n|poke|p1|Crabominable, L50, M|\n|poke|p1|Pelipper, L50, M|\n|poke|p1|Basculegion, L50, M|\n|poke|p1|Dragonite, L50, M|\n|poke|p2|Gardevoir, L50, M|\n|poke|p2|Incineroar, L50, F|\n|poke|p2|Sneasler, L50, F|\n|poke|p2|Sinistcha-Masterpiece, L50|\n|poke|p2|Rotom-Wash, L50|\n|poke|p2|Garchomp, L50, M|\n|teampreview|4\n|j| franzkarlIX\n|\n|t:|1776136879\n|teamsize|p1|4\n|teamsize|p2|4\n|start\n|switch|p1a: Incineroar|Incineroar, L50, F|100/100\n|switch|p1b: Oranguru|Oranguru, L50, F|100/100\n|switch|p2a: Sneasler|Sneasler, L50, F|100/100\n|switch|p2b: Gardevoir|Gardevoir, L50, M|100/100\n|-ability|p2b: Gardevoir|Intimidate|Trace|[from] ability: Trace|[of] p1a: Incineroar\n|-ability|p2b: Gardevoir|Intimidate|boost\n|-unboost|p1a: Incineroar|atk|1\n|-fail|p1b: Oranguru|unboost|Attack|[from] ability: Inner Focus|[of] p1b: Oranguru\n|-ability|p1a: Incineroar|Intimidate|boost\n|-unboost|p2a: Sneasler|atk|1\n|-unboost|p2b: Gardevoir|atk|1\n|-enditem|p2a: Sneasler|White Herb\n|-clearnegativeboost|p2a: Sneasler|[silent]\n|turn|1\n|l| franzkarlIX\n|inactive|Battle timer is ON: inactive players will automatically lose when time's up. (requested by 02xygen_)\n|\n|t:|1776136915\n|detailschange|p2b: Gardevoir|Gardevoir-Mega, L50, M\n|-mega|p2b: Gardevoir|Gardevoir|Gardevoirite\n|move|p2a: Sneasler|Fake Out|p1a: Incineroar\n|-damage|p1a: Incineroar|88/100\n|cant|p1a: Incineroar|flinch\n|move|p2b: Gardevoir|Hyper Voice|p1a: Incineroar|[spread] p1a,p1b\n|-damage|p1a: Incineroar|42/100\n|-damage|p1b: Oranguru|67/100\n|move|p1b: Oranguru|Trick Room|p1b: Oranguru\n|-fieldstart|move: Trick Room|[of] p1b: Oranguru\n|\n|upkeep\n|turn|2\n|inactive|02xygen_ has 30 seconds left.\n|\n|t:|1776136949\n|switch|p2a: Incineroar|Incineroar, L50, F|100/100\n|-ability|p2a: Incineroar|Intimidate|boost\n|-unboost|p1a: Incineroar|atk|1\n|-fail|p1b: Oranguru|unboost|Attack|[from] ability: Inner Focus|[of] p1b: Oranguru\n|move|p1b: Oranguru|Protect|p1b: Oranguru\n|-singleturn|p1b: Oranguru|Protect\n|move|p2b: Gardevoir|Protect|p2b: Gardevoir\n|-singleturn|p2b: Gardevoir|Protect\n|move|p1a: Incineroar|Flare Blitz|p2a: Incineroar\n|-resisted|p2a: Incineroar|1\n|-damage|p2a: Incineroar|88/100\n|-damage|p1a: Incineroar|37/100|[from] Recoil\n|\n|upkeep\n|turn|3\n|\n|t:|1776136969\n|move|p1b: Oranguru|Instruct|p1a: Incineroar\n|-singleturn|p1a: Incineroar|move: Instruct|[of] p1b: Oranguru\n|move|p1a: Incineroar|Flare Blitz|p2a: Incineroar\n|-resisted|p2a: Incineroar|1\n|-damage|p2a: Incineroar|74/100\n|-damage|p1a: Incineroar|32/100|[from] Recoil\n|move|p1a: Incineroar|Flare Blitz|p2b: Gardevoir\n|-damage|p2b: Gardevoir|67/100\n|-damage|p1a: Incineroar|22/100|[from] Recoil\n|move|p2a: Incineroar|Parting Shot|p1a: Incineroar\n|-unboost|p1a: Incineroar|atk|1\n|-unboost|p1a: Incineroar|spa|1\n|\n|t:|1776136983\n|switch|p2a: Sinistcha|Sinistcha-Masterpiece, L50|100/100|[from] Parting Shot\n|-heal|p2b: Gardevoir|91/100|[from] ability: Hospitality|[of] p2a: Sinistcha\n|move|p2b: Gardevoir|Hyper Voice|p1a: Incineroar|[spread] p1a,p1b\n|-damage|p1a: Incineroar|0 fnt\n|-damage|p1b: Oranguru|35/100\n|faint|p1a: Incineroar\n|\n|upkeep\n|\n|t:|1776136985\n|switch|p1a: Crabominable|Crabominable, L50, M|100/100\n|turn|4\n|\n|t:|1776137008\n|switch|p2a: Incineroar|Incineroar, L50, F|74/100\n|-ability|p2a: Incineroar|Intimidate|boost\n|-fail|p1a: Crabominable|unboost|Attack|[from] ability: Hyper Cutter|[of] p1a: Crabominable\n|-fail|p1b: Oranguru|unboost|Attack|[from] ability: Inner Focus|[of] p1b: Oranguru\n|move|p2b: Gardevoir|Protect|p2b: Gardevoir\n|-singleturn|p2b: Gardevoir|Protect\n|move|p1a: Crabominable|Ice Hammer|p2b: Gardevoir\n|-activate|p2b: Gardevoir|move: Protect\n|move|p1b: Oranguru|Instruct|p1a: Crabominable\n|-singleturn|p1a: Crabominable|move: Instruct|[of] p1b: Oranguru\n|move|p1a: Crabominable|Ice Hammer|p2b: Gardevoir\n|-activate|p2b: Gardevoir|move: Protect\n|\n|upkeep\n|turn|5\n|inactive|02xygen_ has 30 seconds left.\n|inactive|02xygen_ has 20 seconds left.\n|inactive|02xygen_ has 15 seconds left.\n|inactive|02xygen_ has 10 seconds left.\n|\n|t:|1776137058\n|detailschange|p1a: Crabominable|Crabominable-Mega, L50, M\n|-mega|p1a: Crabominable|Crabominable|Crabominite\n|move|p1b: Oranguru|Protect|p1b: Oranguru\n|-singleturn|p1b: Oranguru|Protect\n|move|p2a: Incineroar|Fake Out|p1a: Crabominable\n|-damage|p1a: Crabominable|92/100\n|cant|p1a: Crabominable|flinch\n|move|p2b: Gardevoir|Hyper Voice|p1b: Oranguru|[spread] p1a\n|-activate|p1b: Oranguru|move: Protect\n|-supereffective|p1a: Crabominable|1\n|-damage|p1a: Crabominable|5/100\n|\n|-fieldend|move: Trick Room\n|upkeep\n|turn|6\n|\n|t:|1776137073\n|move|p1a: Crabominable|Mach Punch|p2a: Incineroar\n|-supereffective|p2a: Incineroar|1\n|-enditem|p2a: Incineroar|Chople Berry|[eat]\n|-enditem|p2a: Incineroar|Chople Berry|[weaken]\n|-damage|p2a: Incineroar|45/100\n|move|p2b: Gardevoir|Hyper Voice|p1a: Crabominable|[spread] p1a,p1b\n|-supereffective|p1a: Crabominable|1\n|-damage|p1a: Crabominable|0 fnt\n|-damage|p1b: Oranguru|0 fnt\n|faint|p1a: Crabominable\n|faint|p1b: Oranguru\n|move|p2a: Incineroar|Darkest Lariat|p1: Crabominable|[notarget]\n|-fail|p2a: Incineroar\n|\n|upkeep\n|-message|02xygen_ forfeited.\n|\n|win|starburst48763\n|raw|02xygen_'s rating: 1310 &rarr; <strong>1293</strong><br />(-17 for losing)\n|raw|starburst48763's rating: 1360 &rarr; <strong>1377</strong><br />(+17 for winning)\n|l|\u260602xygen_\n|player|p1|\n",
  "uploadtime": 1776137089,
  "views": 22,
  "formatid": "gen9championsvgc2026regma",
  "rating": 1293,
  "private": 0,
  "password": null
}