{
  "id": "gen9championsvgc2026regma-2583106167",
  "format": "[Gen 9 Champions] VGC 2026 Reg M-A",
  "players": [
    "jisdafods",
    "shin-tv07"
  ],
  "log": "|j|\u2606jisdafods\n|j|\u2606shin-tv07\n|t:|1776142691\n|gametype|doubles\n|player|p1|jisdafods|266|1168\n|player|p2|shin-tv07|twins-gen4dp|1147\n|gen|9\n|tier|[Gen 9 Champions] VGC 2026 Reg M-A\n|rated|\n|rule|Species Clause: Limit one of each Pok\u00e9mon\n|rule|Item Clause: Limit 1 of each item\n|clearpoke\n|poke|p1|Charizard, L50, M|\n|poke|p1|Venusaur, L50, M|\n|poke|p1|Sneasler, L50, F|\n|poke|p1|Rotom-Wash, L50|\n|poke|p1|Garchomp, L50, M|\n|poke|p1|Incineroar, L50, F|\n|poke|p2|Tauros-Paldea-Aqua, L50, M|\n|poke|p2|Froslass, L50, F|\n|poke|p2|Whimsicott, L50, M|\n|poke|p2|Incineroar, L50, M|\n|poke|p2|Palafin, L50, F|\n|poke|p2|Floette-Eternal, L50, F|\n|teampreview|4\n|\n|t:|1776142718\n|teamsize|p1|4\n|teamsize|p2|4\n|start\n|switch|p1a: Sneasler|Sneasler, L50, F|100/100\n|switch|p1b: Charizard|Charizard, L50, M|100/100\n|switch|p2a: Whimsicott|Whimsicott, L50, M|100/100\n|switch|p2b: Palafin|Palafin, L50, F|100/100\n|turn|1\n|\n|t:|1776142740\n|detailschange|p1b: Charizard|Charizard-Mega-Y, L50, M\n|-mega|p1b: Charizard|Charizard|Charizardite Y\n|-weather|SunnyDay|[from] ability: Drought|[of] p1b: Charizard\n|move|p2a: Whimsicott|Protect|p2a: Whimsicott\n|-singleturn|p2a: Whimsicott|Protect\n|move|p1a: Sneasler|Fake Out|p2a: Whimsicott\n|-activate|p2a: Whimsicott|move: Protect\n|move|p2b: Palafin|Flip Turn|p1b: Charizard\n|-supereffective|p1b: Charizard|1\n|-damage|p1b: Charizard|73/100\n|\n|t:|1776142757\n|detailschange|p2b: Palafin|Palafin-Hero, L50, F\n|switch|p2b: Tauros|Tauros-Paldea-Aqua, L50, M|100/100|[from] Flip Turn\n|move|p1b: Charizard|Heat Wave|p2a: Whimsicott|[spread] p2b\n|-activate|p2a: Whimsicott|move: Protect\n|-resisted|p2b: Tauros|1\n|-damage|p2b: Tauros|64/100\n|\n|-weather|SunnyDay|[upkeep]\n|upkeep\n|turn|2\n|\n|t:|1776142779\n|switch|p1b: Venusaur|Venusaur, L50, M|100/100\n|move|p2a: Whimsicott|Tailwind|p2a: Whimsicott\n|-sidestart|p2: shin-tv07|move: Tailwind\n|move|p2b: Tauros|Rock Slide|p1a: Sneasler|[spread] p1a,p1b\n|-resisted|p1a: Sneasler|1\n|-damage|p1a: Sneasler|88/100\n|-damage|p1b: Venusaur|81/100\n|move|p1a: Sneasler|Close Combat|p2b: Tauros\n|-damage|p2b: Tauros|0 fnt\n|-unboost|p1a: Sneasler|def|1\n|-unboost|p1a: Sneasler|spd|1\n|faint|p2b: Tauros\n|-enditem|p1a: Sneasler|White Herb\n|-clearnegativeboost|p1a: Sneasler|[silent]\n|\n|-weather|SunnyDay|[upkeep]\n|upkeep\n|\n|t:|1776142789\n|switch|p2b: Froslass|Froslass, L50, F|100/100\n|turn|3\n|\n|t:|1776142821\n|detailschange|p2b: Froslass|Froslass-Mega, L50, F\n|-mega|p2b: Froslass|Froslass|Froslassite\n|-weather|Snowscape|[from] ability: Snow Warning|[of] p2b: Froslass\n|move|p1b: Venusaur|Protect|p1b: Venusaur\n|-singleturn|p1b: Venusaur|Protect\n|move|p2a: Whimsicott|Taunt|p1b: Venusaur\n|-activate|p1b: Venusaur|move: Protect\n|move|p1a: Sneasler|Dire Claw|p2a: Whimsicott\n|-supereffective|p2a: Whimsicott|2\n|-enditem|p2a: Whimsicott|Focus Sash\n|-damage|p2a: Whimsicott|1/100\n|move|p2b: Froslass|Aurora Veil|p2b: Froslass\n|-sidestart|p2: shin-tv07|move: Aurora Veil\n|\n|-weather|Snowscape|[upkeep]\n|upkeep\n|turn|4\n|\n|t:|1776142840\n|switch|p1b: Charizard|Charizard-Mega-Y, L50, M|73/100\n|-weather|SunnyDay|[from] ability: Drought|[of] p1b: Charizard\n|move|p2a: Whimsicott|Taunt|p1b: Charizard\n|-start|p1b: Charizard|move: Taunt\n|move|p1a: Sneasler|Dire Claw|p2b: Froslass\n|-resisted|p2b: Froslass|1\n|-damage|p2b: Froslass|76/100\n|move|p2b: Froslass|Blizzard|p1a: Sneasler|[spread] p1a,p1b\n|-crit|p1a: Sneasler\n|-damage|p1a: Sneasler|11/100\n|-damage|p1b: Charizard|32/100\n|\n|-weather|SunnyDay|[upkeep]\n|upkeep\n|turn|5\n|\n|t:|1776142865\n|switch|p1a: Rotom|Rotom-Wash, L50|100/100\n|move|p2b: Froslass|Frost Breath|p1b: Charizard\n|-crit|p1b: Charizard\n|-damage|p1b: Charizard|0 fnt\n|faint|p1b: Charizard\n|move|p2a: Whimsicott|Moonblast|p1a: Rotom\n|-damage|p1a: Rotom|62/100\n|\n|-weather|SunnyDay|[upkeep]\n|-heal|p1a: Rotom|68/100|[from] item: Leftovers\n|-sideend|p2: shin-tv07|move: Tailwind\n|upkeep\n|\n|t:|1776142881\n|switch|p1b: Venusaur|Venusaur, L50, M|81/100\n|turn|6\n|\n|t:|1776142905\n|switch|p2b: Palafin|Palafin-Hero, L50, F|100/100\n|-activate|p2b: Palafin|ability: Zero to Hero\n|move|p2a: Whimsicott|Protect|p2a: Whimsicott\n|-singleturn|p2a: Whimsicott|Protect\n|move|p1b: Venusaur|Leaf Storm|p2b: Palafin\n|-supereffective|p2b: Palafin|1\n|-damage|p2b: Palafin|10/100\n|-unboost|p1b: Venusaur|spa|2\n|move|p1a: Rotom|Thunderbolt|p2b: Palafin\n|-supereffective|p2b: Palafin|1\n|-damage|p2b: Palafin|0 fnt\n|faint|p2b: Palafin\n|\n|-weather|SunnyDay|[upkeep]\n|-heal|p1a: Rotom|74/100|[from] item: Leftovers\n|upkeep\n|\n|t:|1776142913\n|switch|p2b: Froslass|Froslass-Mega, L50, F|76/100\n|-weather|Snowscape|[from] ability: Snow Warning|[of] p2b: Froslass\n|turn|7\n|\n|t:|1776142935\n|switch|p1b: Sneasler|Sneasler, L50, F|11/100\n|move|p2b: Froslass|Blizzard|p1a: Rotom|[spread] p1a,p1b\n|-resisted|p1a: Rotom|1\n|-damage|p1a: Rotom|55/100\n|-damage|p1b: Sneasler|0 fnt\n|faint|p1b: Sneasler\n|move|p2a: Whimsicott|Moonblast|p1a: Rotom\n|-damage|p1a: Rotom|16/100\n|move|p1a: Rotom|Thunderbolt|p2a: Whimsicott\n|-resisted|p2a: Whimsicott|1\n|-damage|p2a: Whimsicott|0 fnt\n|faint|p2a: Whimsicott\n|\n|-weather|Snowscape|[upkeep]\n|-heal|p1a: Rotom|22/100|[from] item: Leftovers\n|-sideend|p2: shin-tv07|move: Aurora Veil\n|upkeep\n|\n|t:|1776142950\n|switch|p1b: Venusaur|Venusaur, L50, M|81/100\n|turn|8\n|\n|t:|1776142984\n|move|p1b: Venusaur|Protect|p1b: Venusaur\n|-singleturn|p1b: Venusaur|Protect\n|move|p2b: Froslass|Blizzard|p1b: Venusaur|[spread] p1a\n|-activate|p1b: Venusaur|move: Protect\n|-resisted|p1a: Rotom|1\n|-damage|p1a: Rotom|3/100\n|move|p1a: Rotom|Thunderbolt|p2b: Froslass\n|-damage|p2b: Froslass|43/100\n|\n|-weather|Snowscape|[upkeep]\n|-heal|p1a: Rotom|9/100|[from] item: Leftovers\n|upkeep\n|turn|9\n|\n|t:|1776143003\n|move|p1a: Rotom|Protect|p1a: Rotom\n|-singleturn|p1a: Rotom|Protect\n|move|p2b: Froslass|Blizzard|p1a: Rotom|[spread] p1b\n|-activate|p1a: Rotom|move: Protect\n|-supereffective|p1b: Venusaur|1\n|-damage|p1b: Venusaur|0 fnt\n|faint|p1b: Venusaur\n|\n|-weather|Snowscape|[upkeep]\n|-heal|p1a: Rotom|15/100|[from] item: Leftovers\n|upkeep\n|turn|10\n|c|\u2606shin-tv07|gg\n|\n|t:|1776143016\n|move|p1a: Rotom|Protect||[still]\n|-fail|p1a: Rotom\n|move|p2b: Froslass|Blizzard|p1a: Rotom\n|-resisted|p1a: Rotom|1\n|-damage|p1a: Rotom|0 fnt\n|faint|p1a: Rotom\n|\n|win|shin-tv07\n|raw|jisdafods's rating: 1168 &rarr; <strong>1141</strong><br />(-27 for losing)\n|raw|shin-tv07's rating: 1147 &rarr; <strong>1174</strong><br />(+27 for winning)\n|l|\u2606jisdafods\n|player|p1|\n",
  "uploadtime": 1776143021,
  "views": 14,
  "formatid": "gen9championsvgc2026regma",
  "rating": 1141,
  "private": 0,
  "password": null
}