{
  "id": "gen9championsvgc2026regma-2583735233",
  "format": "[Gen 9 Champions] VGC 2026 Reg M-A",
  "players": [
    "Mirthinion",
    "HelloJaneJuliet"
  ],
  "log": "|j|\u2606Mirthinion\n|j|\u2606HelloJaneJuliet\n|t:|1776194130\n|gametype|doubles\n|player|p1|Mirthinion|janitor|1324\n|player|p2|HelloJaneJuliet|2|1330\n|gen|9\n|tier|[Gen 9 Champions] VGC 2026 Reg M-A\n|rated|\n|rule|Species Clause: Limit one of each Pok\u00e9mon\n|rule|Item Clause: Limit 1 of each item\n|clearpoke\n|poke|p1|Tyranitar, L50, M|\n|poke|p1|Lycanroc, L50, M|\n|poke|p1|Primarina, L50, F|\n|poke|p1|Corviknight, L50, M|\n|poke|p1|Kommo-o, L50, M|\n|poke|p1|Incineroar, L50, M|\n|poke|p2|Scovillain, L50, F|\n|poke|p2|Aerodactyl, L50, F|\n|poke|p2|Sneasler, L50, M|\n|poke|p2|Milotic, L50, M|\n|poke|p2|Mimikyu, L50, M|\n|poke|p2|Heliolisk, L50, M|\n|teampreview|4\n|inactive|Battle timer is ON: inactive players will automatically lose when time's up. (requested by Mirthinion)\nMirthinion rejected open team sheets.\n|inactive|Mirthinion has 60 seconds left.\n|\n|t:|1776194175\n|teamsize|p1|4\n|teamsize|p2|4\n|start\n|switch|p1a: Tyranitar|Tyranitar, L50, M|100/100\n|switch|p1b: Lycanroc|Lycanroc, L50, M|100/100\n|switch|p2a: Sneasler|Sneasler, L50, M|100/100\n|switch|p2b: Milotic|Milotic, L50, M|100/100\n|-weather|Sandstorm|[from] ability: Sand Stream|[of] p1a: Tyranitar\n|turn|1\n|\n|t:|1776194200\n|switch|p1a: Corviknight|Corviknight, L50, M|100/100\n|move|p1b: Lycanroc|Rock Slide|p2a: Sneasler|[spread] p2a,p2b\n|-resisted|p2a: Sneasler|1\n|-damage|p2a: Sneasler|76/100\n|-damage|p2b: Milotic|69/100\n|move|p2a: Sneasler|Close Combat|p1a: Corviknight\n|-damage|p1a: Corviknight|49/100\n|-unboost|p2a: Sneasler|def|1\n|-unboost|p2a: Sneasler|spd|1\n|-enditem|p1a: Corviknight|Sitrus Berry|[eat]\n|-heal|p1a: Corviknight|74/100|[from] item: Sitrus Berry\n|-enditem|p2a: Sneasler|White Herb\n|-clearnegativeboost|p2a: Sneasler|[silent]\n|move|p2b: Milotic|Scald|p1b: Lycanroc\n|-supereffective|p1b: Lycanroc|1\n|-damage|p1b: Lycanroc|18/100\n|\n|-weather|Sandstorm|[upkeep]\n|-damage|p2a: Sneasler|71/100|[from] Sandstorm\n|-damage|p2b: Milotic|63/100|[from] Sandstorm\n|-heal|p2b: Milotic|69/100|[from] item: Leftovers\n|upkeep\n|turn|2\n|inactive|HelloJaneJuliet has 30 seconds left.\n|\n|t:|1776194230\n|move|p2a: Sneasler|Protect|p2a: Sneasler\n|-singleturn|p2a: Sneasler|Protect\n|move|p1b: Lycanroc|Protect|p1b: Lycanroc\n|-singleturn|p1b: Lycanroc|Protect\n|move|p2b: Milotic|Scald|p1b: Lycanroc\n|-activate|p1b: Lycanroc|move: Protect\n|move|p1a: Corviknight|Tailwind|p1a: Corviknight\n|-sidestart|p1: Mirthinion|move: Tailwind\n|\n|-weather|Sandstorm|[upkeep]\n|-damage|p2a: Sneasler|65/100|[from] Sandstorm\n|-damage|p2b: Milotic|63/100|[from] Sandstorm\n|-heal|p2b: Milotic|69/100|[from] item: Leftovers\n|upkeep\n|turn|3\n|\n|t:|1776194252\n|switch|p2a: Mimikyu|Mimikyu, L50, M|100/100\n|move|p1b: Lycanroc|Rock Slide|p2a: Mimikyu|[spread] p2a,p2b\n|-activate|p2a: Mimikyu|ability: Disguise\n|-damage|p2a: Mimikyu|100/100\n|-damage|p2b: Milotic|41/100\n|detailschange|p2a: Mimikyu|Mimikyu-Busted, L50, M\n|-damage|p2a: Mimikyu|88/100|[from] pokemon: Mimikyu-Busted\n|move|p1a: Corviknight|Brave Bird|p2a: Mimikyu\n|-crit|p2a: Mimikyu\n|-damage|p2a: Mimikyu|12/100\n|-damage|p1a: Corviknight|54/100|[from] Recoil\n|cant|p2b: Milotic|flinch\n|\n|-weather|Sandstorm|[upkeep]\n|-damage|p2a: Mimikyu|6/100|[from] Sandstorm\n|-damage|p2b: Milotic|35/100|[from] Sandstorm\n|-heal|p2b: Milotic|41/100|[from] item: Leftovers\n|upkeep\n|turn|4\n|\n|t:|1776194274\n|move|p2a: Mimikyu|Shadow Sneak|p1a: Corviknight\n|-damage|p1a: Corviknight|36/100\n|move|p1b: Lycanroc|Rock Slide|p2b: Milotic|[spread] p2a,p2b\n|-damage|p2a: Mimikyu|0 fnt\n|-damage|p2b: Milotic|10/100\n|faint|p2a: Mimikyu\n|move|p1a: Corviknight|Roost|p1a: Corviknight\n|-heal|p1a: Corviknight|86/100\n|-singleturn|p1a: Corviknight|move: Roost\n|move|p2b: Milotic|Scald|p1a: Corviknight\n|-damage|p1a: Corviknight|59/100\n|\n|-weather|Sandstorm|[upkeep]\n|-damage|p2b: Milotic|4/100|[from] Sandstorm\n|-heal|p2b: Milotic|10/100|[from] item: Leftovers\n|upkeep\n|\n|t:|1776194281\n|switch|p2a: Sneasler|Sneasler, L50, M|65/100\n|turn|5\n|\n|t:|1776194297\n|move|p1b: Lycanroc|Protect|p1b: Lycanroc\n|-singleturn|p1b: Lycanroc|Protect\n|move|p2a: Sneasler|Protect|p2a: Sneasler\n|-singleturn|p2a: Sneasler|Protect\n|move|p2b: Milotic|Protect|p2b: Milotic\n|-singleturn|p2b: Milotic|Protect\n|move|p1a: Corviknight|Brave Bird|p2a: Sneasler\n|-activate|p2a: Sneasler|move: Protect\n|\n|-weather|none\n|-heal|p2b: Milotic|16/100|[from] item: Leftovers\n|-sideend|p1: Mirthinion|move: Tailwind\n|upkeep\n|turn|6\n|\n|t:|1776194313\n|move|p1b: Lycanroc|Accelerock|p2b: Milotic\n|-damage|p2b: Milotic|0 fnt\n|faint|p2b: Milotic\n|move|p2a: Sneasler|Close Combat|p1b: Lycanroc\n|-supereffective|p1b: Lycanroc|1\n|-damage|p1b: Lycanroc|0 fnt\n|-unboost|p2a: Sneasler|def|1\n|-unboost|p2a: Sneasler|spd|1\n|faint|p1b: Lycanroc\n|move|p1a: Corviknight|Tailwind|p1a: Corviknight\n|-sidestart|p1: Mirthinion|move: Tailwind\n|\n|upkeep\n|\n|t:|1776194325\n|switch|p1b: Primarina|Primarina, L50, F|100/100\n|switch|p2b: Scovillain|Scovillain, L50, F|100/100\n|turn|7\n|\n|t:|1776194340\n|detailschange|p2b: Scovillain|Scovillain-Mega, L50, F\n|-mega|p2b: Scovillain|Scovillain|Scovillainite\n|move|p2b: Scovillain|Rage Powder|p2b: Scovillain\n|-singleturn|p2b: Scovillain|move: Rage Powder\n|move|p1b: Primarina|Hyper Voice|p2b: Scovillain|[spread] p2a,p2b\n|-damage|p2a: Sneasler|0 fnt\n|-damage|p2b: Scovillain|63/100\n|-status|p1b: Primarina|brn|[from] ability: Spicy Spray|[of] p2b: Scovillain\n|faint|p2a: Sneasler\n|move|p1a: Corviknight|Brave Bird|p2b: Scovillain\n|-supereffective|p2b: Scovillain|1\n|-damage|p2b: Scovillain|0 fnt\n|-status|p1a: Corviknight|brn|[from] ability: Spicy Spray|[of] p2b: Scovillain\n|faint|p2b: Scovillain\n|-damage|p1a: Corviknight|41/100 brn|[from] Recoil\n|\n|win|Mirthinion\n|raw|Mirthinion's rating: 1324 &rarr; <strong>1344</strong><br />(+20 for winning)\n|raw|HelloJaneJuliet's rating: 1330 &rarr; <strong>1310</strong><br />(-20 for losing)\n|l|\u2606HelloJaneJuliet\n|player|p2|\n",
  "uploadtime": 1776194385,
  "views": 71,
  "formatid": "gen9championsvgc2026regma",
  "rating": 1310,
  "private": 0,
  "password": null
}