{
  "id": "gen9championsvgc2026regma-2585991586",
  "format": "[Gen 9 Champions] VGC 2026 Reg M-A",
  "players": [
    "lpretii67",
    "CBNUN003"
  ],
  "log": "|j|\u2606lpretii67\n|j|\u2606CBNUN003\n|t:|1776388220\n|gametype|doubles\n|player|p1|lpretii67|dragontamer|1082\n|player|p2|CBNUN003|266|1065\n|gen|9\n|tier|[Gen 9 Champions] VGC 2026 Reg M-A\n|rated|\n|rule|Species Clause: Limit one of each Pok\u00e9mon\n|rule|Item Clause: Limit 1 of each item\n|clearpoke\n|poke|p1|Scovillain, L50, M|\n|poke|p1|Dragapult, L50, F|\n|poke|p1|Gyarados, L50, M|\n|poke|p1|Corviknight, L50, M|\n|poke|p1|Diggersby, L50, F|\n|poke|p1|Rotom-Wash, L50|\n|poke|p2|Tyranitar, L50, M|\n|poke|p2|Gliscor, L50, M|\n|poke|p2|Aggron, L50, M|\n|poke|p2|Sableye, L50, F|\n|poke|p2|Sinistcha, L50|\n|poke|p2|Rotom-Wash, L50|\n|teampreview|4\n|\n|t:|1776388250\n|teamsize|p1|4\n|teamsize|p2|4\n|start\n|switch|p1a: Scovillain|Scovillain, L50, M|100/100\n|switch|p1b: Dragapult|Dragapult, L50, F|100/100\n|switch|p2a: Gliscor|Gliscor, L50, M|100/100\n|switch|p2b: Tyranitar|Tyranitar, L50, M|100/100\n|-weather|Sandstorm|[from] ability: Sand Stream|[of] p2b: Tyranitar\n|turn|1\n|\n|t:|1776388279\n|detailschange|p1a: Scovillain|Scovillain-Mega, L50, M\n|-mega|p1a: Scovillain|Scovillain|Scovillainite\n|detailschange|p2b: Tyranitar|Tyranitar-Mega, L50, M\n|-mega|p2b: Tyranitar|Tyranitar|Tyranitarite\n|move|p1b: Dragapult|Reflect|p1b: Dragapult\n|-sidestart|p1: lpretii67|Reflect\n|move|p2a: Gliscor|Dual Wingbeat|p1a: Scovillain\n|-supereffective|p1a: Scovillain|1\n|-damage|p1a: Scovillain|75/100\n|-status|p2a: Gliscor|brn|[from] ability: Spicy Spray|[of] p1a: Scovillain\n|-enditem|p2a: Gliscor|Lum Berry|[eat]\n|-curestatus|p2a: Gliscor|brn|[msg]\n|-supereffective|p1a: Scovillain|1\n|-damage|p1a: Scovillain|49/100\n|-status|p2a: Gliscor|brn|[from] ability: Spicy Spray|[of] p1a: Scovillain\n|-hitcount|p1a: Scovillain|2\n|move|p1a: Scovillain|Leech Seed|p2b: Tyranitar|[miss]\n|-miss|p1a: Scovillain|p2b: Tyranitar\n|move|p2b: Tyranitar|Knock Off|p1b: Dragapult\n|-supereffective|p1b: Dragapult|1\n|-damage|p1b: Dragapult|0 fnt\n|-enditem|p1b: Dragapult|Dragon Fang|[from] move: Knock Off|[of] p2b: Tyranitar\n|faint|p1b: Dragapult\n|\n|-weather|Sandstorm|[upkeep]\n|-damage|p1a: Scovillain|44/100|[from] Sandstorm\n|-damage|p2a: Gliscor|94/100 brn|[from] brn\n|upkeep\n|\n|t:|1776388303\n|switch|p1b: Corviknight|Corviknight, L50, M|100/100\n|turn|2\n|\n|t:|1776388311\n|move|p1a: Scovillain|Protect|p1a: Scovillain\n|-singleturn|p1a: Scovillain|Protect\n|move|p2a: Gliscor|Dual Wingbeat|p1a: Scovillain\n|-activate|p1a: Scovillain|move: Protect\n|move|p2b: Tyranitar|Rock Slide|p1b: Corviknight|[spread] p1b\n|-activate|p1a: Scovillain|move: Protect\n|-damage|p1b: Corviknight|84/100\n|cant|p1b: Corviknight|flinch\n|\n|-weather|Sandstorm|[upkeep]\n|-damage|p1a: Scovillain|38/100|[from] Sandstorm\n|-heal|p1b: Corviknight|90/100|[from] item: Leftovers\n|-damage|p2a: Gliscor|88/100 brn|[from] brn\n|upkeep\n|turn|3\n|\n|t:|1776388341\n|switch|p1a: Rotom|Rotom-Wash, L50|100/100\n|switch|p2b: Rotom|Rotom-Wash, L50|100/100\n|move|p2a: Gliscor|Dual Wingbeat|p1a: Rotom\n|-resisted|p1a: Rotom|1\n|-damage|p1a: Rotom|96/100\n|-resisted|p1a: Rotom|1\n|-damage|p1a: Rotom|92/100\n|-hitcount|p1a: Rotom|2\n|move|p1b: Corviknight|Body Press|p2b: Rotom\n|-damage|p2b: Rotom|74/100\n|\n|-weather|Sandstorm|[upkeep]\n|-damage|p2b: Rotom|68/100|[from] Sandstorm\n|-damage|p1a: Rotom|87/100|[from] Sandstorm\n|-heal|p1b: Corviknight|96/100|[from] item: Leftovers\n|-damage|p2a: Gliscor|82/100 brn|[from] brn\n|upkeep\n|turn|4\n|\n|t:|1776388370\n|switch|p2a: Sableye|Sableye, L50, F|100/100\n|move|p2b: Rotom|Thunderbolt|p1b: Corviknight\n|-supereffective|p1b: Corviknight|1\n|-damage|p1b: Corviknight|20/100\n|move|p1a: Rotom|Hydro Pump|p2a: Sableye\n|-damage|p2a: Sableye|54/100\n|move|p1b: Corviknight|Tailwind|p1b: Corviknight\n|-sidestart|p1: lpretii67|move: Tailwind\n|\n|-weather|Sandstorm|[upkeep]\n|-damage|p1a: Rotom|81/100|[from] Sandstorm\n|-damage|p2b: Rotom|62/100|[from] Sandstorm\n|-damage|p2a: Sableye|48/100|[from] Sandstorm\n|-enditem|p2a: Sableye|Sitrus Berry|[eat]\n|-heal|p2a: Sableye|73/100|[from] item: Sitrus Berry\n|-heal|p1b: Corviknight|26/100|[from] item: Leftovers\n|upkeep\n|turn|5\n|\n|t:|1776388393\n|move|p2a: Sableye|Fake Out|p1a: Rotom\n|-damage|p1a: Rotom|74/100\n|cant|p1a: Rotom|flinch\n|move|p2b: Rotom|Thunderbolt|p1b: Corviknight\n|-supereffective|p1b: Corviknight|1\n|-damage|p1b: Corviknight|0 fnt\n|faint|p1b: Corviknight\n|\n|-weather|none\n|-sideend|p1: lpretii67|Reflect\n|upkeep\n|\n|t:|1776388401\n|switch|p1b: Scovillain|Scovillain-Mega, L50, M|38/100\n|turn|6\n|\n|t:|1776388436\n|switch|p2a: Gliscor|Gliscor, L50, M|82/100 brn\n|move|p1a: Rotom|Electroweb|p2b: Rotom|[spread] p2b\n|-immune|p2a: Gliscor\n|-damage|p2b: Rotom|44/100\n|-unboost|p2b: Rotom|spe|1\n|move|p1b: Scovillain|Leech Seed|p2b: Rotom\n|-start|p2b: Rotom|move: Leech Seed\n|move|p2b: Rotom|Thunderbolt|p1a: Rotom\n|-damage|p1a: Rotom|37/100\n|\n|-damage|p2b: Rotom|32/100|[from] Leech Seed|[of] p1b: Scovillain\n|-heal|p1b: Scovillain|49/100|[silent]\n|-damage|p2a: Gliscor|76/100 brn|[from] brn\n|upkeep\n|turn|7\n|\n|t:|1776388471\n|move|p1a: Rotom|Hydro Pump|p2a: Gliscor\n|-supereffective|p2a: Gliscor|1\n|-damage|p2a: Gliscor|0 fnt\n|faint|p2a: Gliscor\n|move|p1b: Scovillain|Leech Seed||[still]\n|-fail|p1b: Scovillain\n|move|p2b: Rotom|Thunderbolt|p1a: Rotom\n|-damage|p1a: Rotom|0 fnt\n|faint|p1a: Rotom\n|\n|-damage|p2b: Rotom|20/100|[from] Leech Seed|[of] p1b: Scovillain\n|-heal|p1b: Scovillain|60/100|[silent]\n|-sideend|p1: lpretii67|move: Tailwind\n|upkeep\n|\n|t:|1776388490\n|switch|p2a: Tyranitar|Tyranitar-Mega, L50, M|100/100\n|-weather|Sandstorm|[from] ability: Sand Stream|[of] p2a: Tyranitar\n|turn|8\n|\n|t:|1776388499\n|move|p1b: Scovillain|Protect|p1b: Scovillain\n|-singleturn|p1b: Scovillain|Protect\n|move|p2b: Rotom|Thunderbolt|p1b: Scovillain\n|-activate|p1b: Scovillain|move: Protect\n|move|p2a: Tyranitar|Rock Slide|p1b: Scovillain\n|-activate|p1b: Scovillain|move: Protect\n|\n|-weather|Sandstorm|[upkeep]\n|-damage|p2b: Rotom|14/100|[from] Sandstorm\n|-damage|p1b: Scovillain|54/100|[from] Sandstorm\n|-damage|p2b: Rotom|2/100|[from] Leech Seed|[of] p1b: Scovillain\n|-heal|p1b: Scovillain|65/100|[silent]\n|upkeep\n|turn|9\n|\n|t:|1776388517\n|move|p2b: Rotom|Thunderbolt|p1b: Scovillain\n|-resisted|p1b: Scovillain|1\n|-damage|p1b: Scovillain|49/100\n|-status|p2b: Rotom|brn|[from] ability: Spicy Spray|[of] p1b: Scovillain\n|move|p1b: Scovillain|Leech Seed|p2a: Tyranitar|[miss]\n|-miss|p1b: Scovillain|p2a: Tyranitar\n|move|p2a: Tyranitar|Rock Slide|p1b: Scovillain\n|-supereffective|p1b: Scovillain|1\n|-damage|p1b: Scovillain|0 fnt\n|-status|p2a: Tyranitar|brn|[from] ability: Spicy Spray|[of] p1b: Scovillain\n|faint|p1b: Scovillain\n|\n|win|CBNUN003\n|raw|lpretii67's rating: 1082 &rarr; <strong>1059</strong><br />(-23 for losing)\n|raw|CBNUN003's rating: 1065 &rarr; <strong>1097</strong><br />(+32 for winning)\n|l|\u2606lpretii67\n|player|p1|\n",
  "uploadtime": 1776388534,
  "views": 14,
  "formatid": "gen9championsvgc2026regma",
  "rating": 1059,
  "private": 0,
  "password": null
}