{
  "id": "gen9championsvgc2026regma-2580532127",
  "format": "[Gen 9 Champions] VGC 2026 Reg M-A",
  "players": [
    "Vinix7341",
    "namboyVGC"
  ],
  "log": "|j|\u2606Vinix7341\n|j|\u2606namboyVGC\n|t:|1775909624\n|gametype|doubles\n|player|p1|Vinix7341|hilbert|1134\n|player|p2|namboyVGC|pokemonranger-gen4|1025\n|gen|9\n|tier|[Gen 9 Champions] VGC 2026 Reg M-A\n|rated|\n|rule|Species Clause: Limit one of each Pok\u00e9mon\n|rule|Item Clause: Limit 1 of each item\n|clearpoke\n|poke|p1|Dragonite, L50, F|\n|poke|p1|Pelipper, L50, F|\n|poke|p1|Basculegion, L50, M|\n|poke|p1|Archaludon, L50, F|\n|poke|p1|Sableye, L50, F|\n|poke|p1|Scizor, L50, M|\n|poke|p2|Sneasler, L50, F|\n|poke|p2|Volcarona, L50, M|\n|poke|p2|Starmie, L50|\n|poke|p2|Maushold, L50|\n|poke|p2|Aegislash, L50, F|\n|poke|p2|Incineroar, L50, F|\n|teampreview|4\nnamboyVGC has agreed to open team sheets.\n|\n|t:|1775909646\n|teamsize|p1|4\n|teamsize|p2|4\n|start\n|switch|p1a: Pelipper|Pelipper, L50, F|100/100\n|switch|p1b: Dragonite|Dragonite, L50, F|100/100\n|switch|p2a: Aegislash|Aegislash, L50, F|100/100\n|switch|p2b: Sneasler|Sneasler, L50, F|100/100\n|-weather|RainDance|[from] ability: Drizzle|[of] p1a: Pelipper\n|turn|1\n|inactive|Battle timer is ON: inactive players will automatically lose when time's up. (requested by Vinix7341)\n|\n|t:|1775909662\n|detailschange|p1b: Dragonite|Dragonite-Mega, L50, F\n|-mega|p1b: Dragonite|Dragonite|Dragoninite\n|move|p1b: Dragonite|Protect|p1b: Dragonite\n|-singleturn|p1b: Dragonite|Protect\n|move|p2b: Sneasler|Coaching|p2a: Aegislash\n|-boost|p2a: Aegislash|atk|1\n|-boost|p2a: Aegislash|def|1\n|move|p1a: Pelipper|Tailwind|p1a: Pelipper\n|-sidestart|p1: Vinix7341|move: Tailwind\n|move|p2a: Aegislash|Swords Dance|p2a: Aegislash\n|-boost|p2a: Aegislash|atk|2\n|\n|-weather|RainDance|[upkeep]\n|upkeep\n|turn|2\n|inactive|namboyVGC has 30 seconds left.\n|inactive|namboyVGC has 20 seconds left.\n|inactive|namboyVGC has 15 seconds left.\n|inactive|namboyVGC has 10 seconds left.\n|\n|t:|1775909712\n|move|p1b: Dragonite|Hurricane|p2b: Sneasler\n|-supereffective|p2b: Sneasler|1\n|-crit|p2b: Sneasler\n|-enditem|p2b: Sneasler|Focus Sash\n|-damage|p2b: Sneasler|1/100\n|-start|p2b: Sneasler|confusion\n|-activate|p2b: Sneasler|confusion\n|-damage|p2b: Sneasler|0 fnt|[from] confusion\n|faint|p2b: Sneasler\n|move|p1a: Pelipper|Weather Ball|p2a: Aegislash\n|-damage|p2a: Aegislash|46/100\n|-enditem|p2a: Aegislash|Sitrus Berry|[eat]\n|-heal|p2a: Aegislash|71/100|[from] item: Sitrus Berry\n|-formechange|p2a: Aegislash|Aegislash-Blade|\n|move|p2a: Aegislash|Iron Head|p1b: Dragonite\n|-damage|p1b: Dragonite|42/100\n|\n|-weather|RainDance|[upkeep]\n|upkeep\n|\n|t:|1775909729\n|switch|p2b: Maushold|Maushold, L50|100/100\n|turn|3\n|\n|t:|1775909739\n|move|p2b: Maushold|Follow Me|p2b: Maushold\n|-singleturn|p2b: Maushold|move: Follow Me\n|move|p2a: Aegislash|Shadow Sneak|p1b: Dragonite\n|-damage|p1b: Dragonite|0 fnt\n|faint|p1b: Dragonite\n|move|p1a: Pelipper|Weather Ball|p2b: Maushold\n|-damage|p2b: Maushold|24/100\n|\n|-weather|RainDance|[upkeep]\n|upkeep\n|\n|t:|1775909761\n|switch|p1b: Archaludon|Archaludon, L50, F|100/100\n|turn|4\n|inactive|namboyVGC has 30 seconds left.\n|inactive|namboyVGC has 20 seconds left.\n|inactive|namboyVGC has 15 seconds left.\n|\n|t:|1775909802\n|move|p2b: Maushold|Protect|p2b: Maushold\n|-singleturn|p2b: Maushold|Protect\n|-formechange|p2a: Aegislash|Aegislash|\n|move|p2a: Aegislash|King's Shield|p2a: Aegislash\n|-singleturn|p2a: Aegislash|Protect\n|move|p1a: Pelipper|Weather Ball|p2b: Maushold\n|-activate|p2b: Maushold|move: Protect\n|move|p1b: Archaludon|Electro Shot||[still]\n|-prepare|p1b: Archaludon|Electro Shot\n|-boost|p1b: Archaludon|spa|1\n|-anim|p1b: Archaludon|Electro Shot|p2a: Aegislash\n|-activate|p2a: Aegislash|move: Protect\n|\n|-weather|RainDance|[upkeep]\n|-sideend|p1: Vinix7341|move: Tailwind\n|upkeep\n|turn|5\n|inactive|namboyVGC has 30 seconds left.\n|\n|t:|1775909828\n|move|p1b: Archaludon|Protect|p1b: Archaludon\n|-singleturn|p1b: Archaludon|Protect\n|-formechange|p2a: Aegislash|Aegislash-Blade|\n|move|p2a: Aegislash|Shadow Sneak|p1a: Pelipper\n|-damage|p1a: Pelipper|24/100\n|move|p2b: Maushold|Super Fang|p1b: Archaludon\n|-activate|p1b: Archaludon|move: Protect\n|move|p1a: Pelipper|Tailwind|p1a: Pelipper\n|-sidestart|p1: Vinix7341|move: Tailwind\n|\n|-weather|none\n|upkeep\n|turn|6\n|\n|t:|1775909846\n|switch|p1a: Basculegion|Basculegion, L50, M|100/100\n|move|p2b: Maushold|Protect|p2b: Maushold\n|-singleturn|p2b: Maushold|Protect\n|-formechange|p2a: Aegislash|Aegislash|\n|move|p2a: Aegislash|King's Shield|p2a: Aegislash\n|-singleturn|p2a: Aegislash|Protect\n|move|p1b: Archaludon|Electro Shot||[still]\n|-prepare|p1b: Archaludon|Electro Shot\n|-boost|p1b: Archaludon|spa|1\n|\n|upkeep\n|turn|7\n|\n|t:|1775909860\n|switch|p1a: Pelipper|Pelipper, L50, F|24/100\n|-weather|RainDance|[from] ability: Drizzle|[of] p1a: Pelipper\n|move|p2b: Maushold|Follow Me|p2b: Maushold\n|-singleturn|p2b: Maushold|move: Follow Me\n|-formechange|p2a: Aegislash|Aegislash-Blade|\n|move|p2a: Aegislash|Shadow Sneak|p1a: Pelipper\n|-damage|p1a: Pelipper|0 fnt\n|faint|p1a: Pelipper\n|move|p1b: Archaludon|Electro Shot|p2b: Maushold|[from] lockedmove\n|-damage|p2b: Maushold|0 fnt\n|faint|p2b: Maushold\n|\n|-weather|RainDance|[upkeep]\n|upkeep\n|\n|t:|1775909875\n|switch|p2b: Starmie|Starmie, L50|100/100\n|switch|p1a: Basculegion|Basculegion, L50, M|100/100\n|turn|8\n|\n|t:|1775909885\n|move|p1a: Basculegion|Protect|p1a: Basculegion\n|-singleturn|p1a: Basculegion|Protect\n|move|p2b: Starmie|Protect|p2b: Starmie\n|-singleturn|p2b: Starmie|Protect\n|-formechange|p2a: Aegislash|Aegislash|\n|move|p2a: Aegislash|King's Shield|p2a: Aegislash\n|-singleturn|p2a: Aegislash|Protect\n|move|p1b: Archaludon|Electro Shot||[still]\n|-prepare|p1b: Archaludon|Electro Shot\n|-boost|p1b: Archaludon|spa|1\n|-anim|p1b: Archaludon|Electro Shot|p2a: Aegislash\n|-activate|p2a: Aegislash|move: Protect\n|\n|-weather|RainDance|[upkeep]\n|-sideend|p1: Vinix7341|move: Tailwind\n|upkeep\n|turn|9\n|inactive|Vinix7341 has 30 seconds left.\n|inactive|namboyVGC has 30 seconds left.\n|\n|t:|1775909916\n|detailschange|p2b: Starmie|Starmie-Mega, L50\n|-mega|p2b: Starmie|Starmie|Starminite\n|move|p1a: Basculegion|Protect|p1a: Basculegion\n|-singleturn|p1a: Basculegion|Protect\n|-formechange|p2a: Aegislash|Aegislash-Blade|\n|move|p2a: Aegislash|Shadow Sneak|p1a: Basculegion\n|-activate|p1a: Basculegion|move: Protect\n|move|p2b: Starmie|Liquidation|p1b: Archaludon\n|-resisted|p1b: Archaludon|1\n|-damage|p1b: Archaludon|60/100\n|-ability|p1b: Archaludon|Stamina|boost\n|-boost|p1b: Archaludon|def|1\n|move|p1b: Archaludon|Electro Shot||[still]\n|-prepare|p1b: Archaludon|Electro Shot\n|-boost|p1b: Archaludon|spa|1\n|-anim|p1b: Archaludon|Electro Shot|p2a: Aegislash\n|-damage|p2a: Aegislash|0 fnt\n|faint|p2a: Aegislash\n|\n|-weather|RainDance|[upkeep]\n|upkeep\n|turn|10\n|-message|namboyVGC forfeited.\n|\n|win|Vinix7341\n|raw|Vinix7341's rating: 1134 &rarr; <strong>1151</strong><br />(+17 for winning)\n|raw|namboyVGC's rating: 1025 &rarr; <strong>1015</strong><br />(-10 for losing)\n",
  "uploadtime": 1775909939,
  "views": 15,
  "formatid": "gen9championsvgc2026regma",
  "rating": 1015,
  "private": 0,
  "password": null
}