{
  "id": "gen9championsvgc2026regma-2587210453",
  "format": "[Gen 9 Champions] VGC 2026 Reg M-A",
  "players": [
    "BxnnyBride",
    "aqsawq"
  ],
  "log": "|j|\u2606BxnnyBride\n|j|\u2606aqsawq\n|t:|1776509395\n|gametype|doubles\n|player|p1|BxnnyBride|jacinthe|1035\n|player|p2|aqsawq|266|1014\n|gen|9\n|tier|[Gen 9 Champions] VGC 2026 Reg M-A\n|rated|\n|rule|Species Clause: Limit one of each Pok\u00e9mon\n|rule|Item Clause: Limit 1 of each item\n|clearpoke\n|poke|p1|Lopunny, L50, F|\n|poke|p1|Tinkaton, L50, F|\n|poke|p1|Dragonite, L50, M, shiny|\n|poke|p1|Goodra, L50, F|\n|poke|p1|Dragapult, L50, F|\n|poke|p1|Absol, L50, M|\n|poke|p2|Incineroar, L50, F, shiny|\n|poke|p2|Greninja, L50, M, shiny|\n|poke|p2|Archaludon, L50, M|\n|poke|p2|Basculegion, L50, M|\n|poke|p2|Politoed, L50, M|\n|poke|p2|Sinistcha, L50|\n|teampreview|4\naqsawq has agreed to open team sheets.\nBxnnyBride rejected open team sheets.\n|\n|t:|1776509422\n|teamsize|p1|4\n|teamsize|p2|4\n|start\n|switch|p1a: Tinkaton|Tinkaton, L50, F|100/100\n|switch|p1b: Lopunny|Lopunny, L50, F|100/100\n|switch|p2a: Sinistcha|Sinistcha, L50|100/100\n|switch|p2b: Basculegion|Basculegion, L50, M|100/100\n|turn|1\n|inactive|Battle timer is ON: inactive players will automatically lose when time's up. (requested by BxnnyBride)\n|\n|t:|1776509453\n|move|p2a: Sinistcha|Protect|p2a: Sinistcha\n|-singleturn|p2a: Sinistcha|Protect\n|move|p1b: Lopunny|Fake Out|p2b: Basculegion\n|-immune|p2b: Basculegion\n|move|p1a: Tinkaton|Thunder Wave|p2b: Basculegion\n|-status|p2b: Basculegion|par\n|move|p2b: Basculegion|Flip Turn|p1b: Lopunny\n|-damage|p1b: Lopunny|50/100\n|\n|t:|1776509464\n|switch|p2b: Greninja|Greninja, L50, M, shiny|100/100|[from] Flip Turn\n|\n|upkeep\n|turn|2\n|\n|t:|1776509483\n|detailschange|p2b: Greninja|Greninja-Mega, L50, M, shiny\n|-mega|p2b: Greninja|Greninja|Greninjite\n|move|p2a: Sinistcha|Rage Powder|p2a: Sinistcha\n|-singleturn|p2a: Sinistcha|move: Rage Powder\n|move|p2b: Greninja|Hydro Pump|p1a: Tinkaton\n|-start|p2b: Greninja|typechange|Water|[from] ability: Protean\n|-damage|p1a: Tinkaton|31/100\n|move|p1b: Lopunny|Teeter Dance|p2a: Sinistcha|[spread] p1a,p2a,p2b\n|-immune|p1a: Tinkaton|confusion|[from] ability: Own Tempo\n|-start|p2a: Sinistcha|confusion\n|-start|p2b: Greninja|confusion\n|move|p1a: Tinkaton|Thunder Wave|p2a: Sinistcha|[miss]\n|-miss|p1a: Tinkaton|p2a: Sinistcha\n|\n|upkeep\n|turn|3\n|inactive|BxnnyBride has 30 seconds left.\n|inactive|aqsawq has 30 seconds left.\n|\n|t:|1776509510\n|-activate|p2a: Sinistcha|confusion\n|move|p2a: Sinistcha|Rage Powder|p2a: Sinistcha\n|-singleturn|p2a: Sinistcha|move: Rage Powder\n|-activate|p2b: Greninja|confusion\n|move|p2b: Greninja|Hydro Pump|p1b: Lopunny|[miss]\n|-miss|p2b: Greninja|p1b: Lopunny\n|move|p1b: Lopunny|U-turn|p2a: Sinistcha\n|-damage|p2a: Sinistcha|84/100\n|\n|t:|1776509529\n|switch|p1b: Absol|Absol, L50, M|100/100|[from] U-turn\n|move|p1a: Tinkaton|Thunder Wave|p2a: Sinistcha\n|-status|p2a: Sinistcha|par\n|\n|upkeep\n|turn|4\n|\n|t:|1776509543\n|detailschange|p1b: Absol|Absol-Mega, L50, M\n|-mega|p1b: Absol|Absol|Absolite\n|-activate|p2b: Greninja|confusion\n|move|p2b: Greninja|Protect|p2b: Greninja\n|-singleturn|p2b: Greninja|Protect\n|move|p1b: Absol|Rock Slide|p2b: Greninja|[spread] p2a\n|-activate|p2b: Greninja|move: Protect\n|-damage|p2a: Sinistcha|65/100 par\n|move|p1a: Tinkaton|Rock Slide|p2b: Greninja|[spread] \n|-activate|p2b: Greninja|move: Protect\n|-miss|p1a: Tinkaton|p2a: Sinistcha\n|-activate|p2a: Sinistcha|confusion\n|cant|p2a: Sinistcha|par\n|\n|upkeep\n|turn|5\n|inactive|aqsawq has 30 seconds left.\n|\n|t:|1776509569\n|switch|p2a: Politoed|Politoed, L50, M|100/100\n|-weather|RainDance|[from] ability: Drizzle|[of] p2a: Politoed\n|move|p1b: Absol|Protect|p1b: Absol\n|-singleturn|p1b: Absol|Protect\n|-activate|p2b: Greninja|confusion\n|move|p2b: Greninja|Hydro Pump|p1b: Absol\n|-activate|p1b: Absol|move: Protect\n|move|p1a: Tinkaton|Thunder Wave|p2b: Greninja\n|-status|p2b: Greninja|par\n|\n|-weather|RainDance|[upkeep]\n|upkeep\n|turn|6\n|\n|t:|1776509588\n|-activate|p2b: Greninja|confusion\n|move|p2b: Greninja|Protect|p2b: Greninja\n|-singleturn|p2b: Greninja|Protect\n|move|p1b: Absol|Thunder Wave|p2a: Politoed\n|-status|p2a: Politoed|par\n|move|p1a: Tinkaton|Rock Slide|p2b: Greninja|[spread] p2a\n|-activate|p2b: Greninja|move: Protect\n|-damage|p2a: Politoed|83/100 par\n|-heal|p1a: Tinkaton|34/100|[from] item: Shell Bell|[of] p2b: Greninja\n|cant|p2a: Politoed|flinch\n|\n|-weather|RainDance|[upkeep]\n|upkeep\n|turn|7\n|\n|t:|1776509607\n|move|p1b: Absol|Rock Slide|p2b: Greninja|[spread] p2b\n|-miss|p1b: Absol|p2a: Politoed\n|-damage|p2b: Greninja|67/100 par\n|move|p1a: Tinkaton|Rock Slide|p2a: Politoed|[spread] p2a,p2b\n|-damage|p2a: Politoed|67/100 par\n|-damage|p2b: Greninja|45/100 par\n|-heal|p1a: Tinkaton|39/100|[from] item: Shell Bell|[of] p2b: Greninja\n|cant|p2b: Greninja|flinch\n|move|p2a: Politoed|Weather Ball|p1a: Tinkaton\n|-damage|p1a: Tinkaton|0 fnt\n|faint|p1a: Tinkaton\n|\n|-weather|RainDance|[upkeep]\n|upkeep\n|\n|t:|1776509629\n|switch|p1a: Goodra|Goodra, L50, F|100/100\n|turn|8\n|\n|t:|1776509651\n|switch|p2b: Sinistcha|Sinistcha, L50|65/100 par\n|-heal|p2a: Politoed|92/100 par|[from] ability: Hospitality|[of] p2b: Sinistcha\n|move|p1b: Absol|Rock Slide|p2a: Politoed|[spread] p2a,p2b\n|-damage|p2a: Politoed|69/100 par\n|-damage|p2b: Sinistcha|45/100 par\n|-enditem|p2b: Sinistcha|Sitrus Berry|[eat]\n|-heal|p2b: Sinistcha|70/100 par|[from] item: Sitrus Berry\n|move|p1a: Goodra|Rock Slide|p2a: Politoed|[spread] p2a,p2b\n|-damage|p2a: Politoed|46/100 par\n|-damage|p2b: Sinistcha|53/100 par\n|cant|p2a: Politoed|flinch\n|\n|-weather|RainDance|[upkeep]\n|upkeep\n|turn|9\n|inactive|BxnnyBride has 30 seconds left.\n|\n|t:|1776509683\n|move|p1b: Absol|Rock Slide|p2b: Sinistcha|[spread] p2a,p2b\n|-damage|p2a: Politoed|23/100 par\n|-damage|p2b: Sinistcha|33/100 par\n|move|p1a: Goodra|Rock Slide|p2b: Sinistcha|[spread] p2a,p2b\n|-damage|p2a: Politoed|1/100 par\n|-damage|p2b: Sinistcha|15/100 par\n|cant|p2a: Politoed|flinch\n|cant|p2b: Sinistcha|flinch\n|\n|-weather|none\n|upkeep\n|turn|10\n|\n|t:|1776509696\n|switch|p2a: Basculegion|Basculegion, L50, M|100/100 par\n|move|p2b: Sinistcha|Protect|p2b: Sinistcha\n|-singleturn|p2b: Sinistcha|Protect\n|move|p1b: Absol|Rock Slide|p2a: Basculegion|[spread] p2a\n|-activate|p2b: Sinistcha|move: Protect\n|-damage|p2a: Basculegion|76/100 par\n|move|p1a: Goodra|Rock Slide|p2b: Sinistcha|[spread] p2a\n|-activate|p2b: Sinistcha|move: Protect\n|-damage|p2a: Basculegion|54/100 par\n|\n|upkeep\n|turn|11\n|inactive|BxnnyBride has 30 seconds left.\n|inactive|BxnnyBride has 20 seconds left.\n|\n|t:|1776509735\n|switch|p2b: Politoed|Politoed, L50, M|1/100 par\n|-weather|RainDance|[from] ability: Drizzle|[of] p2b: Politoed\n|move|p1b: Absol|Rock Slide|p2b: Politoed|[spread] p2a,p2b\n|-damage|p2a: Basculegion|27/100 par\n|-damage|p2b: Politoed|0 fnt\n|faint|p2b: Politoed\n|move|p2a: Basculegion|Wave Crash|p1b: Absol\n|-damage|p1b: Absol|0 fnt\n|faint|p1b: Absol\n|-damage|p2a: Basculegion|5/100 par|[from] Recoil\n|move|p1a: Goodra|Rock Slide|p2a: Basculegion\n|-damage|p2a: Basculegion|0 fnt\n|faint|p2a: Basculegion\n|\n|-weather|RainDance|[upkeep]\n|upkeep\n|\n|t:|1776509753\n|switch|p1b: Lopunny|Lopunny, L50, F|50/100\n|switch|p2b: Sinistcha|Sinistcha, L50|15/100 par\n|switch|p2a: Greninja|Greninja-Mega, L50, M, shiny|45/100 par\n|-heal|p2a: Greninja|70/100 par|[from] ability: Hospitality|[of] p2b: Sinistcha\n|turn|12\n|\n|t:|1776509777\n|move|p1b: Lopunny|Fake Out|p2a: Greninja\n|-damage|p2a: Greninja|47/100 par\n|move|p1a: Goodra|Life Dew||[still]|[spread] p1a,p1b\n|-fail|p1a: Goodra|heal\n|-heal|p1b: Lopunny|75/100\n|cant|p2a: Greninja|flinch\n|move|p2b: Sinistcha|Matcha Gotcha|p1b: Lopunny|[spread] p1a,p1b\n|-resisted|p1a: Goodra|1\n|-damage|p1a: Goodra|93/100\n|-heal|p2b: Sinistcha|18/100 par|[from] drain|[of] p1a: Goodra\n|-damage|p1b: Lopunny|41/100\n|-heal|p2b: Sinistcha|32/100 par|[from] drain|[of] p1b: Lopunny\n|\n|-weather|RainDance|[upkeep]\n|-heal|p1a: Goodra|99/100|[from] item: Leftovers\n|upkeep\n|turn|13\n|\n|t:|1776509799\n|move|p1a: Goodra|Protect|p1a: Goodra\n|-singleturn|p1a: Goodra|Protect\n|move|p2b: Sinistcha|Rage Powder|p2b: Sinistcha\n|-singleturn|p2b: Sinistcha|move: Rage Powder\n|move|p1b: Lopunny|Teeter Dance|p2b: Sinistcha|[spread] p2a,p2b\n|-activate|p1a: Goodra|move: Protect\n|-start|p2a: Greninja|confusion\n|-start|p2b: Sinistcha|confusion\n|-activate|p2a: Greninja|confusion\n|move|p2a: Greninja|Ice Beam|p1a: Goodra\n|-start|p2a: Greninja|typechange|Ice|[from] ability: Protean\n|-activate|p1a: Goodra|move: Protect\n|\n|-weather|RainDance|[upkeep]\n|-heal|p1a: Goodra|100/100|[from] item: Leftovers\n|upkeep\n|turn|14\n|\n|t:|1776509821\n|-activate|p2b: Sinistcha|confusion\n|move|p2b: Sinistcha|Rage Powder|p2b: Sinistcha\n|-singleturn|p2b: Sinistcha|move: Rage Powder\n|move|p1b: Lopunny|U-turn|p2b: Sinistcha\n|-damage|p2b: Sinistcha|15/100 par\n|move|p1a: Goodra|Rock Slide|p2b: Sinistcha|[spread] p2a,p2b\n|-supereffective|p2a: Greninja|1\n|-damage|p2a: Greninja|0 fnt\n|-damage|p2b: Sinistcha|0 fnt\n|faint|p2a: Greninja\n|faint|p2b: Sinistcha\n|\n|win|BxnnyBride\n|raw|BxnnyBride's rating: 1035 &rarr; <strong>1068</strong><br />(+33 for winning)\n|raw|aqsawq's rating: 1014 &rarr; <strong>1003</strong><br />(-11 for losing)\n|l|\u2606aqsawq\n|player|p2|\n",
  "uploadtime": 1776509830,
  "views": 25,
  "formatid": "gen9championsvgc2026regma",
  "rating": 1003,
  "private": 0,
  "password": null
}