{
  "id": "gen9championsvgc2026regma-2580756904",
  "format": "[Gen 9 Champions] VGC 2026 Reg M-A",
  "players": [
    "Period Hater",
    "dguiratheboon"
  ],
  "log": "|j|\u2606Period Hater\n|j|\u2606dguiratheboon\n|t:|1775929977\n|gametype|doubles\n|player|p1|Period Hater|caitlin|1065\n|player|p2|dguiratheboon|170|1000\n|gen|9\n|tier|[Gen 9 Champions] VGC 2026 Reg M-A\n|rated|\n|rule|Species Clause: Limit one of each Pok\u00e9mon\n|rule|Item Clause: Limit 1 of each item\n|clearpoke\n|poke|p1|Pelipper, L50, M|\n|poke|p1|Primarina, L50, M|\n|poke|p1|Archaludon, L50, M|\n|poke|p1|Raichu, L50, M|\n|poke|p1|Glimmora, L50, F|\n|poke|p1|Sneasler, L50, F|\n|poke|p2|Araquanid, L50, F|\n|poke|p2|Garchomp, L50, F|\n|poke|p2|Whimsicott, L50, F|\n|poke|p2|Meowstic-F, L50, F|\n|poke|p2|Golurk, L50|\n|poke|p2|Klefki, L50, F|\n|teampreview|4\ndguiratheboon rejected open team sheets.\n|\n|t:|1775930005\n|teamsize|p1|4\n|teamsize|p2|4\n|start\n|switch|p1a: Primarina|Primarina, L50, M|100/100\n|switch|p1b: Raichu|Raichu, L50, M|100/100\n|switch|p2a: Whimsicott|Whimsicott, L50, F|100/100\n|switch|p2b: Meowstic|Meowstic-F, L50, F, shiny|100/100\n|turn|1\n|\n|t:|1775930034\n|detailschange|p2b: Meowstic|Meowstic-F-Mega, L50, F, shiny\n|-mega|p2b: Meowstic|Meowstic|Meowsticite\n|-ability|p2b: Meowstic|Liquid Voice|Trace|[from] ability: Trace|[of] p1a: Primarina\n|move|p2b: Meowstic|Fake Out|p1b: Raichu\n|-damage|p1b: Raichu|92/100\n|cant|p1b: Raichu|flinch\n|move|p2a: Whimsicott|Tailwind|p2a: Whimsicott\n|-sidestart|p2: dguiratheboon|move: Tailwind\n|move|p1a: Primarina|Calm Mind|p1a: Primarina\n|-boost|p1a: Primarina|spa|1\n|-boost|p1a: Primarina|spd|1\n|\n|upkeep\n|turn|2\n|\n|t:|1775930056\n|move|p2a: Whimsicott|Taunt|p1a: Primarina\n|-start|p1a: Primarina|move: Taunt\n|move|p2b: Meowstic|Calm Mind|p2b: Meowstic\n|-boost|p2b: Meowstic|spa|1\n|-boost|p2b: Meowstic|spd|1\n|move|p1b: Raichu|Volt Switch|p2b: Meowstic\n|-damage|p2b: Meowstic|84/100\n|\n|t:|1775930064\n|switch|p1b: Pelipper|Pelipper, L50, M|100/100|[from] Volt Switch\n|-weather|RainDance|[from] ability: Drizzle|[of] p1b: Pelipper\n|move|p1a: Primarina|Hyper Voice|p2a: Whimsicott|[spread] p2a,p2b\n|-resisted|p2a: Whimsicott|1\n|-damage|p2a: Whimsicott|18/100\n|-damage|p2b: Meowstic|11/100\n|\n|-weather|RainDance|[upkeep]\n|upkeep\n|turn|3\n|\n|t:|1775930082\n|move|p2b: Meowstic|Expanding Force|p1b: Pelipper\n|-crit|p1b: Pelipper\n|-enditem|p1b: Pelipper|Focus Sash\n|-damage|p1b: Pelipper|1/100\n|move|p2a: Whimsicott|Moonblast|p1b: Pelipper\n|-damage|p1b: Pelipper|0 fnt\n|faint|p1b: Pelipper\n|move|p1a: Primarina|Hyper Voice|p2a: Whimsicott|[spread] p2a,p2b\n|-resisted|p2a: Whimsicott|1\n|-damage|p2a: Whimsicott|0 fnt\n|-damage|p2b: Meowstic|0 fnt\n|faint|p2a: Whimsicott\n|faint|p2b: Meowstic\n|\n|-weather|RainDance|[upkeep]\n|upkeep\n|\n|t:|1775930095\n|switch|p2b: Araquanid|Araquanid, L50, F|100/100\n|switch|p2a: Klefki|Klefki, L50, F|100/100\n|switch|p1b: Raichu|Raichu, L50, M|92/100\n|turn|4\n|\n|t:|1775930118\n|move|p1b: Raichu|Fake Out|p2b: Araquanid\n|-damage|p2b: Araquanid|91/100\n|move|p2a: Klefki|Thunder Wave|p1b: Raichu\n|-activate|p1b: Raichu|ability: Lightning Rod\n|-ability|p1b: Raichu|Lightning Rod|boost\n|-boost|p1b: Raichu|spa|1\n|cant|p2b: Araquanid|flinch\n|move|p1a: Primarina|Hyper Voice|p2a: Klefki|[spread] p2a,p2b\n|-crit|p2a: Klefki\n|-resisted|p2b: Araquanid|1\n|-damage|p2a: Klefki|0 fnt\n|-damage|p2b: Araquanid|48/100\n|faint|p2a: Klefki\n|\n|-weather|RainDance|[upkeep]\n|-end|p1a: Primarina|move: Taunt\n|-sideend|p2: dguiratheboon|move: Tailwind\n|upkeep\n|turn|5\n|-message|dguiratheboon forfeited.\n|\n|win|Period Hater\n|raw|Period Hater's rating: 1065 &rarr; <strong>1090</strong><br />(+25 for winning)\n|raw|dguiratheboon's rating: 1000 &rarr; <strong>1000</strong><br />(+0 for losing)\n|l|\u2606dguiratheboon\n|player|p2|\n",
  "uploadtime": 1775930147,
  "views": 19,
  "formatid": "gen9championsvgc2026regma",
  "rating": 1000,
  "private": 0,
  "password": null
}