{
  "id": "gen9championsvgc2026regma-2586686295",
  "format": "[Gen 9 Champions] VGC 2026 Reg M-A",
  "players": [
    "nandosgude",
    "qwe1l00"
  ],
  "log": "|j|\u2606nandosgude\n|j|\u2606qwe1l00\n|t:|1776452142\n|gametype|doubles\n|player|p1|nandosgude|170|1144\n|player|p2|qwe1l00|169|1113\n|gen|9\n|tier|[Gen 9 Champions] VGC 2026 Reg M-A\n|rated|\n|rule|Species Clause: Limit one of each Pok\u00e9mon\n|rule|Item Clause: Limit 1 of each item\n|clearpoke\n|poke|p1|Kingambit, L50, F|\n|poke|p1|Blastoise, L50, M|\n|poke|p1|Aerodactyl, L50, M|\n|poke|p1|Kangaskhan, L50, F|\n|poke|p1|Sinistcha, L50|\n|poke|p1|Farigiraf, L50, F|\n|poke|p2|Kommo-o, L50, F|\n|poke|p2|Whimsicott, L50, F|\n|poke|p2|Incineroar, L50, M|\n|poke|p2|Pelipper, L50, F|\n|poke|p2|Archaludon, L50, M|\n|poke|p2|Gengar, L50, F|\n|teampreview|4\n|inactive|Battle timer is ON: inactive players will automatically lose when time's up. (requested by qwe1l00)\n|\n|t:|1776452157\n|teamsize|p1|4\n|teamsize|p2|4\n|start\n|switch|p1a: Blastoise|Blastoise, L50, M|100/100\n|switch|p1b: Farigiraf|Farigiraf, L50, F, shiny|100/100\n|switch|p2a: Gengar|Gengar, L50, F|100/100\n|switch|p2b: Whimsicott|Whimsicott, L50, F|100/100\n|turn|1\n|\n|t:|1776452177\n|switch|p2b: Incineroar|Incineroar, L50, M|100/100\n|-ability|p2b: Incineroar|Intimidate|boost\n|-unboost|p1a: Blastoise|atk|1\n|-unboost|p1b: Farigiraf|atk|1\n|detailschange|p2a: Gengar|Gengar-Mega, L50, F\n|-mega|p2a: Gengar|Gengar|Gengarite\n|detailschange|p1a: Blastoise|Blastoise-Mega, L50, M\n|-mega|p1a: Blastoise|Blastoise|Blastoisinite\n|move|p1a: Blastoise|Fake Out|p2b: Incineroar\n|-damage|p2b: Incineroar|96/100\n|move|p2a: Gengar|Thunderbolt|p1a: Blastoise\n|-supereffective|p1a: Blastoise|1\n|-damage|p1a: Blastoise|31/100\n|move|p1b: Farigiraf|Trick Room|p1b: Farigiraf\n|-fieldstart|move: Trick Room|[of] p1b: Farigiraf\n|\n|upkeep\n|turn|2\n|inactive|nandosgude has 30 seconds left.\n|inactive|qwe1l00 has 30 seconds left.\n|\n|t:|1776452205\n|move|p2a: Gengar|Protect|p2a: Gengar\n|-singleturn|p2a: Gengar|Protect\n|move|p1b: Farigiraf|Rain Dance|p1b: Farigiraf\n|-weather|RainDance\n|move|p2b: Incineroar|Throat Chop|p1a: Blastoise\n|-damage|p1a: Blastoise|4/100\n|-start|p1a: Blastoise|Throat Chop|[silent]\n|move|p1a: Blastoise|Dark Pulse|p2a: Gengar\n|-activate|p2a: Gengar|move: Protect\n|\n|-weather|RainDance|[upkeep]\n|upkeep\n|turn|3\n|\n|t:|1776452221\n|switch|p2a: Whimsicott|Whimsicott, L50, F|100/100\n|move|p1b: Farigiraf|Psychic|p2a: Whimsicott\n|-damage|p2a: Whimsicott|49/100\n|move|p2b: Incineroar|Throat Chop|p1a: Blastoise\n|-damage|p1a: Blastoise|0 fnt\n|faint|p1a: Blastoise\n|\n|-weather|RainDance|[upkeep]\n|upkeep\n|\n|t:|1776452233\n|switch|p1a: Kingambit|Kingambit, L50, F, shiny|100/100\n|turn|4\n|\n|t:|1776452250\n|switch|p1b: Sinistcha|Sinistcha, L50, shiny|100/100\n|move|p2a: Whimsicott|Protect|p2a: Whimsicott\n|-singleturn|p2a: Whimsicott|Protect\n|move|p1a: Kingambit|Iron Head|p2a: Whimsicott\n|-activate|p2a: Whimsicott|move: Protect\n|move|p2b: Incineroar|Flare Blitz|p1a: Kingambit\n|-supereffective|p1a: Kingambit|1\n|-damage|p1a: Kingambit|65/100\n|-damage|p2b: Incineroar|84/100|[from] Recoil\n|\n|-weather|RainDance|[upkeep]\n|upkeep\n|turn|5\n|\n|t:|1776452272\n|move|p2a: Whimsicott|Fake Tears|p1b: Sinistcha\n|-unboost|p1b: Sinistcha|spd|2\n|move|p1a: Kingambit|Iron Head|p2a: Whimsicott\n|-supereffective|p2a: Whimsicott|1\n|-damage|p2a: Whimsicott|0 fnt\n|faint|p2a: Whimsicott\n|move|p2b: Incineroar|Parting Shot|p1b: Sinistcha\n|-unboost|p1b: Sinistcha|atk|1\n|-unboost|p1b: Sinistcha|spa|1\n|\n|t:|1776452279\n|switch|p2b: Kommo-o|Kommo-o, L50, F|100/100|[from] Parting Shot\n|move|p1b: Sinistcha|Life Dew||[still]|[spread] p1a,p1b\n|-heal|p1a: Kingambit|90/100\n|-fail|p1b: Sinistcha|heal\n|\n|-weather|RainDance|[upkeep]\n|-fieldend|move: Trick Room\n|upkeep\n|\n|t:|1776452288\n|switch|p2a: Gengar|Gengar-Mega, L50, F|100/100\n|turn|6\n|\n|t:|1776452301\n|move|p2a: Gengar|Protect|p2a: Gengar\n|-singleturn|p2a: Gengar|Protect\n|move|p1a: Kingambit|Sucker Punch||[still]\n|-fail|p1a: Kingambit\n|move|p2b: Kommo-o|Aura Sphere|p1a: Kingambit\n|-supereffective|p1a: Kingambit|2\n|-damage|p1a: Kingambit|0 fnt\n|faint|p1a: Kingambit\n|move|p1b: Sinistcha|Trick Room|p1b: Sinistcha\n|-fieldstart|move: Trick Room|[of] p1b: Sinistcha\n|\n|-weather|none\n|upkeep\n|\n|t:|1776452314\n|switch|p1a: Farigiraf|Farigiraf, L50, F, shiny|100/100\n|turn|7\n|\n|t:|1776452322\n|switch|p2a: Incineroar|Incineroar, L50, M|84/100\n|-ability|p2a: Incineroar|Intimidate|boost\n|-unboost|p1a: Farigiraf|atk|1\n|-unboost|p1b: Sinistcha|atk|1\n|move|p1a: Farigiraf|Psychic|p2a: Incineroar\n|-immune|p2a: Incineroar\n|move|p1b: Sinistcha|Matcha Gotcha|p2b: Kommo-o|[spread] p2a,p2b\n|-resisted|p2a: Incineroar|1\n|-resisted|p2b: Kommo-o|1\n|-damage|p2a: Incineroar|78/100\n|-damage|p2b: Kommo-o|93/100\n|move|p2b: Kommo-o|Clanging Scales|p1a: Farigiraf|[spread] p1a,p1b\n|-damage|p1a: Farigiraf|73/100\n|-damage|p1b: Sinistcha|48/100\n|-unboost|p2b: Kommo-o|def|1\n|\n|-heal|p2b: Kommo-o|99/100|[from] item: Leftovers\n|upkeep\n|turn|8\n|inactive|qwe1l00 has 30 seconds left.\n|\n|t:|1776452353\n|move|p2b: Kommo-o|Protect|p2b: Kommo-o\n|-singleturn|p2b: Kommo-o|Protect\n|move|p1a: Farigiraf|Psychic|p2b: Kommo-o\n|-activate|p2b: Kommo-o|move: Protect\n|move|p2a: Incineroar|Parting Shot|p1a: Farigiraf\n|-unboost|p1a: Farigiraf|atk|1\n|-unboost|p1a: Farigiraf|spa|1\n|\n|t:|1776452360\n|switch|p2a: Gengar|Gengar-Mega, L50, F|100/100|[from] Parting Shot\n|move|p1b: Sinistcha|Matcha Gotcha|p2a: Gengar|[spread] p2a\n|-activate|p2b: Kommo-o|move: Protect\n|-resisted|p2a: Gengar|1\n|-damage|p2a: Gengar|90/100\n|-heal|p1b: Sinistcha|53/100|[from] drain|[of] p2a: Gengar\n|-status|p2a: Gengar|brn\n|\n|-heal|p2b: Kommo-o|100/100|[from] item: Leftovers\n|-damage|p2a: Gengar|84/100 brn|[from] brn\n|upkeep\n|turn|9\n|\n|t:|1776452385\n|switch|p2b: Incineroar|Incineroar, L50, M|78/100\n|-ability|p2b: Incineroar|Intimidate|boost\n|-unboost|p1a: Farigiraf|atk|1\n|-unboost|p1b: Sinistcha|atk|1\n|move|p2a: Gengar|Protect|p2a: Gengar\n|-singleturn|p2a: Gengar|Protect\n|move|p1a: Farigiraf|Rain Dance|p1a: Farigiraf\n|-weather|RainDance\n|move|p1b: Sinistcha|Life Dew|p1b: Sinistcha|[spread] p1a,p1b\n|-heal|p1a: Farigiraf|98/100\n|-heal|p1b: Sinistcha|78/100\n|\n|-weather|RainDance|[upkeep]\n|-damage|p2a: Gengar|78/100 brn|[from] brn\n|upkeep\n|turn|10\n|\n|t:|1776452405\n|switch|p2a: Kommo-o|Kommo-o, L50, F|100/100\n|move|p1a: Farigiraf|Psychic|p2a: Kommo-o\n|-supereffective|p2a: Kommo-o|1\n|-damage|p2a: Kommo-o|60/100\n|move|p2b: Incineroar|Parting Shot|p1a: Farigiraf\n|-unboost|p1a: Farigiraf|atk|1\n|-unboost|p1a: Farigiraf|spa|1\n|\n|t:|1776452412\n|switch|p2b: Gengar|Gengar-Mega, L50, F|78/100 brn|[from] Parting Shot\n|move|p1b: Sinistcha|Matcha Gotcha|p2b: Gengar|[spread] p2a,p2b\n|-resisted|p2a: Kommo-o|1\n|-crit|p2a: Kommo-o\n|-resisted|p2b: Gengar|1\n|-damage|p2a: Kommo-o|44/100\n|-heal|p1b: Sinistcha|86/100|[from] drain|[of] p2a: Kommo-o\n|-damage|p2b: Gengar|67/100 brn\n|-heal|p1b: Sinistcha|90/100|[from] drain|[of] p2b: Gengar\n|-status|p2a: Kommo-o|brn\n|\n|-weather|RainDance|[upkeep]\n|-heal|p2a: Kommo-o|50/100 brn|[from] item: Leftovers\n|-damage|p2a: Kommo-o|44/100 brn|[from] brn\n|-damage|p2b: Gengar|61/100 brn|[from] brn\n|-fieldend|move: Trick Room\n|upkeep\n|turn|11\n|\n|t:|1776452436\n|move|p2b: Gengar|Shadow Ball|p1b: Sinistcha\n|-supereffective|p1b: Sinistcha|1\n|-damage|p1b: Sinistcha|0 fnt\n|faint|p1b: Sinistcha\n|move|p2a: Kommo-o|Clanging Scales|p1a: Farigiraf\n|-damage|p1a: Farigiraf|57/100\n|-unboost|p2a: Kommo-o|def|1\n|move|p1a: Farigiraf|Trick Room|p1a: Farigiraf\n|-fieldstart|move: Trick Room|[of] p1a: Farigiraf\n|\n|-weather|RainDance|[upkeep]\n|-heal|p2a: Kommo-o|50/100 brn|[from] item: Leftovers\n|-damage|p2a: Kommo-o|44/100 brn|[from] brn\n|-damage|p2b: Gengar|55/100 brn|[from] brn\n|upkeep\n|turn|12\n|\n|t:|1776452455\n|move|p1a: Farigiraf|Psychic|p2a: Kommo-o\n|-supereffective|p2a: Kommo-o|1\n|-damage|p2a: Kommo-o|9/100 brn\n|move|p2a: Kommo-o|Aura Sphere|p1a: Farigiraf\n|-damage|p1a: Farigiraf|27/100\n|-enditem|p1a: Farigiraf|Sitrus Berry|[eat]\n|-heal|p1a: Farigiraf|52/100|[from] item: Sitrus Berry\n|move|p2b: Gengar|Sludge Bomb|p1a: Farigiraf\n|-crit|p1a: Farigiraf\n|-damage|p1a: Farigiraf|0 fnt\n|faint|p1a: Farigiraf\n|\n|win|qwe1l00\n|raw|nandosgude's rating: 1144 &rarr; <strong>1117</strong><br />(-27 for losing)\n|raw|qwe1l00's rating: 1113 &rarr; <strong>1140</strong><br />(+27 for winning)\n|l|\u2606qwe1l00\n|player|p2|\n",
  "uploadtime": 1776452473,
  "views": 31,
  "formatid": "gen9championsvgc2026regma",
  "rating": 1117,
  "private": 0,
  "password": null
}