{
  "id": "gen9championsvgc2026regma-2582563282",
  "format": "[Gen 9 Champions] VGC 2026 Reg M-A",
  "players": [
    "YellowMouse458",
    "Dag291"
  ],
  "log": "|j|\u2606YellowMouse458\n|j|\u203dDag291\n|t:|1776099587\n|gametype|doubles\n|player|p1|YellowMouse458|elio-masters|1107\n|player|p2|Dag291|2|1116\n|gen|9\n|tier|[Gen 9 Champions] VGC 2026 Reg M-A\n|rated|\n|rule|Species Clause: Limit one of each Pok\u00e9mon\n|rule|Item Clause: Limit 1 of each item\n|clearpoke\n|poke|p1|Charizard, L50, M|\n|poke|p1|Venusaur, L50, M|\n|poke|p1|Lycanroc-Dusk, L50, F|\n|poke|p1|Sneasler, L50, F|\n|poke|p1|Gyarados, L50, M|\n|poke|p1|Sinistcha, L50|\n|poke|p2|Sableye, L50, M|\n|poke|p2|Incineroar, L50, M|\n|poke|p2|Gengar, L50, F|\n|poke|p2|Politoed, L50, M|\n|poke|p2|Basculegion, L50, M|\n|poke|p2|Corviknight, L50, F|\n|teampreview|4\n|inactive|Battle timer is ON: inactive players will automatically lose when time's up. (requested by Dag291)\n|inactive|Dag291 has 60 seconds left.\n|\n|t:|1776099621\n|teamsize|p1|4\n|teamsize|p2|4\n|start\n|switch|p1a: Icarus|Charizard, L50, M, shiny|100/100\n|switch|p1b: Sombrero|Venusaur, L50, M, shiny|100/100\n|switch|p2a: Gengar|Gengar, L50, F|100/100\n|switch|p2b: Incineroar|Incineroar, L50, M|100/100\n|-ability|p2b: Incineroar|Intimidate|boost\n|-unboost|p1a: Icarus|atk|1\n|-unboost|p1b: Sombrero|atk|1\n|turn|1\n|\n|t:|1776099642\n|detailschange|p1a: Icarus|Charizard-Mega-Y, L50, M, shiny\n|-mega|p1a: Icarus|Charizard|Charizardite Y\n|-weather|SunnyDay|[from] ability: Drought|[of] p1a: Icarus\n|detailschange|p2a: Gengar|Gengar-Mega, L50, F\n|-mega|p2a: Gengar|Gengar|Gengarite\n|move|p1b: Sombrero|Protect|p1b: Sombrero\n|-singleturn|p1b: Sombrero|Protect\n|move|p2b: Incineroar|Fake Out|p1b: Sombrero\n|-activate|p1b: Sombrero|move: Protect\n|move|p2a: Gengar|Perish Song|p2a: Gengar\n|-start|p1a: Icarus|perish3|[silent]\n|-start|p1b: Sombrero|perish3|[silent]\n|-start|p2a: Gengar|perish3|[silent]\n|-start|p2b: Incineroar|perish3|[silent]\n|-fieldactivate|move: Perish Song\n|move|p1a: Icarus|Ancient Power|p2b: Incineroar\n|-supereffective|p2b: Incineroar|1\n|-damage|p2b: Incineroar|58/100\n|\n|-weather|SunnyDay|[upkeep]\n|-start|p1b: Sombrero|perish3\n|-start|p2a: Gengar|perish3\n|-start|p1a: Icarus|perish3\n|-start|p2b: Incineroar|perish3\n|upkeep\n|turn|2\n|\n|t:|1776099666\n|move|p2a: Gengar|Protect|p2a: Gengar\n|-singleturn|p2a: Gengar|Protect\n|move|p1b: Sombrero|Sleep Powder|p2a: Gengar\n|-activate|p2a: Gengar|move: Protect\n|move|p1a: Icarus|Heat Wave|p2a: Gengar|[spread] p2b\n|-activate|p2a: Gengar|move: Protect\n|-resisted|p2b: Incineroar|1\n|-damage|p2b: Incineroar|33/100\n|-enditem|p2b: Incineroar|Sitrus Berry|[eat]\n|-heal|p2b: Incineroar|58/100|[from] item: Sitrus Berry\n|move|p2b: Incineroar|Parting Shot|p1a: Icarus\n|-unboost|p1a: Icarus|atk|1\n|-unboost|p1a: Icarus|spa|1\n|\n|t:|1776099681\n|switch|p2b: Politoed|Politoed, L50, M|100/100|[from] Parting Shot\n|-weather|RainDance|[from] ability: Drizzle|[of] p2b: Politoed\n|\n|-weather|RainDance|[upkeep]\n|-start|p2a: Gengar|perish2\n|-start|p1a: Icarus|perish2\n|-start|p1b: Sombrero|perish2\n|upkeep\n|turn|3\n|\n|t:|1776099704\n|move|p2a: Gengar|Sludge Bomb|p1b: Sombrero\n|-crit|p1b: Sombrero\n|-damage|p1b: Sombrero|0 fnt\n|faint|p1b: Sombrero\n|move|p1a: Icarus|Air Slash|p2a: Gengar\n|-damage|p2a: Gengar|66/100\n|move|p2b: Politoed|Icy Wind|p1a: Icarus\n|-damage|p1a: Icarus|84/100\n|-unboost|p1a: Icarus|spe|1\n|\n|-weather|RainDance|[upkeep]\n|-start|p2a: Gengar|perish1\n|-start|p1a: Icarus|perish1\n|upkeep\n|\n|t:|1776099717\n|switch|p1b: Moonstone|Lycanroc-Dusk, L50, F, shiny|100/100\n|turn|4\n|\n|t:|1776099725\n|switch|p2a: Incineroar|Incineroar, L50, M|58/100\n|-ability|p2a: Incineroar|Intimidate|boost\n|-unboost|p1a: Icarus|atk|1\n|-unboost|p1b: Moonstone|atk|1\n|move|p1b: Moonstone|Sucker Punch||[still]\n|-fail|p1b: Moonstone\n|move|p1a: Icarus|Solar Beam||[still]\n|-prepare|p1a: Icarus|Solar Beam\n|move|p2b: Politoed|Perish Song|p2b: Politoed\n|-start|p1b: Moonstone|perish3|[silent]\n|-start|p2a: Incineroar|perish3|[silent]\n|-start|p2b: Politoed|perish3|[silent]\n|-fieldactivate|move: Perish Song\n|\n|-weather|RainDance|[upkeep]\n|-start|p1b: Moonstone|perish3\n|-start|p1a: Icarus|perish0\n|-start|p2b: Politoed|perish3\n|faint|p1a: Icarus\n|-start|p2a: Incineroar|perish3\n|upkeep\n|\n|t:|1776099739\n|switch|p1a: Performative|Sinistcha, L50|100/100\n|turn|5\n|\n|t:|1776099747\n|move|p2a: Incineroar|Fake Out|p1b: Moonstone\n|-resisted|p1b: Moonstone|1\n|-damage|p1b: Moonstone|91/100\n|cant|p1b: Moonstone|flinch\n|move|p1a: Performative|Matcha Gotcha|p2b: Politoed|[spread] p2a,p2b\n|-resisted|p2a: Incineroar|1\n|-supereffective|p2b: Politoed|1\n|-damage|p2a: Incineroar|49/100\n|-damage|p2b: Politoed|53/100\n|move|p2b: Politoed|Perish Song|p2b: Politoed\n|-start|p1a: Performative|perish3|[silent]\n|-fieldactivate|move: Perish Song\n|\n|-weather|RainDance|[upkeep]\n|-heal|p2b: Politoed|59/100|[from] item: Leftovers\n|-start|p1b: Moonstone|perish2\n|-start|p1a: Performative|perish3\n|-start|p2b: Politoed|perish2\n|-start|p2a: Incineroar|perish2\n|upkeep\n|turn|6\n|\n|t:|1776099770\n|move|p2a: Incineroar|Protect|p2a: Incineroar\n|-singleturn|p2a: Incineroar|Protect\n|move|p1b: Moonstone|Rock Slide|p2b: Politoed|[spread] p2b\n|-activate|p2a: Incineroar|move: Protect\n|-damage|p2b: Politoed|38/100\n|move|p1a: Performative|Matcha Gotcha|p2b: Politoed|[spread] p2b\n|-activate|p2a: Incineroar|move: Protect\n|-supereffective|p2b: Politoed|1\n|-damage|p2b: Politoed|0 fnt\n|faint|p2b: Politoed\n|\n|-weather|none\n|-start|p1b: Moonstone|perish1\n|-start|p1a: Performative|perish2\n|-start|p2a: Incineroar|perish1\n|upkeep\n|-message|YellowMouse458 forfeited.\n|\n|win|Dag291\n|raw|YellowMouse458's rating: 1107 &rarr; <strong>1083</strong><br />(-24 for losing)\n|raw|Dag291's rating: 1116 &rarr; <strong>1140</strong><br />(+24 for winning)\n|l|\u2606YellowMouse458\n|player|p1|\n",
  "uploadtime": 1776099785,
  "views": 8,
  "formatid": "gen9championsvgc2026regma",
  "rating": 1083,
  "private": 0,
  "password": null
}