{
  "id": "gen9championsvgc2026regma-2583617580",
  "format": "[Gen 9 Champions] VGC 2026 Reg M-A",
  "players": [
    "PandaThe16th",
    "flappityfloppity"
  ],
  "log": "|j|\u203dPandaThe16th\n|j|\u2606flappityfloppity\n|t:|1776186825\n|gametype|doubles\n|player|p1|PandaThe16th|bruno|1000\n|player|p2|flappityfloppity|cynthia|1000\n|gen|9\n|tier|[Gen 9 Champions] VGC 2026 Reg M-A\n|rated|\n|rule|Species Clause: Limit one of each Pok\u00e9mon\n|rule|Item Clause: Limit 1 of each item\n|clearpoke\n|poke|p1|Beedrill, L50, M|\n|poke|p1|Farigiraf, L50, F|\n|poke|p1|Decidueye-Hisui, L50, M|\n|poke|p1|Morpeko, L50, F|\n|poke|p1|Palafin, L50, M|\n|poke|p1|Talonflame, L50, F|\n|poke|p2|Rotom-Wash, L50|\n|poke|p2|Incineroar, L50, F|\n|poke|p2|Sinistcha, L50|\n|poke|p2|Floette-Eternal, L50, F|\n|poke|p2|Tyranitar, L50, M|\n|poke|p2|Garchomp, L50, M|\n|teampreview|4\n|inactive|Battle timer is ON: inactive players will automatically lose when time's up. (requested by flappityfloppity)\n|inactive|flappityfloppity has 60 seconds left.\n|\n|t:|1776186857\n|teamsize|p1|4\n|teamsize|p2|4\n|start\n|switch|p1a: Palafin|Palafin, L50, M|100/100\n|switch|p1b: Talonflame|Talonflame, L50, F|100/100\n|switch|p2a: Incineroar|Incineroar, L50, F|100/100\n|switch|p2b: Floette|Floette-Eternal, L50, F|100/100\n|-ability|p2a: Incineroar|Intimidate|boost\n|-unboost|p1a: Palafin|atk|1\n|-unboost|p1b: Talonflame|atk|1\n|turn|1\n|\n|t:|1776186876\n|detailschange|p2b: Floette|Floette-Mega, L50, F\n|-mega|p2b: Floette|Floette|Floettite\n|-ability|p2b: Floette|Fairy Aura\n|move|p1a: Palafin|Protect|p1a: Palafin\n|-singleturn|p1a: Palafin|Protect\n|move|p1b: Talonflame|Protect|p1b: Talonflame\n|-singleturn|p1b: Talonflame|Protect\n|move|p2a: Incineroar|Fake Out|p1b: Talonflame\n|-activate|p1b: Talonflame|move: Protect\n|move|p2b: Floette|Calm Mind|p2b: Floette\n|-boost|p2b: Floette|spa|1\n|-boost|p2b: Floette|spd|1\n|\n|upkeep\n|turn|2\n|inactive|flappityfloppity has 30 seconds left.\n|\n|t:|1776186903\n|detailschange|p1a: Palafin|Palafin-Hero, L50, M\n|switch|p1a: Farigiraf|Farigiraf, L50, F|100/100\n|move|p1b: Talonflame|Acrobatics|p2b: Floette\n|-damage|p2b: Floette|69/100\n|move|p2b: Floette|Calm Mind|p2b: Floette\n|-boost|p2b: Floette|spa|1\n|-boost|p2b: Floette|spd|1\n|move|p2a: Incineroar|Parting Shot|p1a: Farigiraf\n|-unboost|p1a: Farigiraf|atk|1\n|-unboost|p1a: Farigiraf|spa|1\n|\n|t:|1776186910\n|switch|p2a: Sinistcha|Sinistcha, L50|100/100|[from] Parting Shot\n|-heal|p2b: Floette|94/100|[from] ability: Hospitality|[of] p2a: Sinistcha\n|\n|upkeep\n|turn|3\n|\n|t:|1776186924\n|move|p2a: Sinistcha|Rage Powder|p2a: Sinistcha\n|-singleturn|p2a: Sinistcha|move: Rage Powder\n|move|p1b: Talonflame|Acrobatics|p2a: Sinistcha\n|-supereffective|p2a: Sinistcha|1\n|-damage|p2a: Sinistcha|46/100\n|-enditem|p2a: Sinistcha|Sitrus Berry|[eat]\n|-heal|p2a: Sinistcha|71/100|[from] item: Sitrus Berry\n|move|p2b: Floette|Dazzling Gleam|p1a: Farigiraf|[spread] p1a,p1b\n|-resisted|p1b: Talonflame|1\n|-damage|p1a: Farigiraf|11/100\n|-damage|p1b: Talonflame|29/100\n|move|p1a: Farigiraf|Roar|p2a: Sinistcha\n|drag|p2a: Incineroar|Incineroar, L50, F|100/100\n|-ability|p2a: Incineroar|Intimidate|boost\n|-unboost|p1a: Farigiraf|atk|1\n|-unboost|p1b: Talonflame|atk|1\n|\n|-heal|p1a: Farigiraf|17/100|[from] item: Leftovers\n|upkeep\n|turn|4\n|inactive|flappityfloppity has 30 seconds left.\n|\n|t:|1776186953\n|move|p1b: Talonflame|Tailwind|p1b: Talonflame\n|-sidestart|p1: PandaThe16th|move: Tailwind\n|move|p1a: Farigiraf|Hyper Voice|p2b: Floette|[spread] p2a,p2b\n|-damage|p2a: Incineroar|85/100\n|-damage|p2b: Floette|87/100\n|move|p2b: Floette|Calm Mind|p2b: Floette\n|-boost|p2b: Floette|spa|1\n|-boost|p2b: Floette|spd|1\n|move|p2a: Incineroar|Throat Chop|p1a: Farigiraf\n|-supereffective|p1a: Farigiraf|1\n|-damage|p1a: Farigiraf|0 fnt\n|faint|p1a: Farigiraf\n|\n|upkeep\n|\n|t:|1776186964\n|switch|p1a: Palafin|Palafin-Hero, L50, M|100/100\n|-activate|p1a: Palafin|ability: Zero to Hero\n|turn|5\n|\n|t:|1776186980\n|move|p2b: Floette|Protect|p2b: Floette\n|-singleturn|p2b: Floette|Protect\n|move|p1a: Palafin|Liquidation|p2a: Incineroar\n|-supereffective|p2a: Incineroar|1\n|-damage|p2a: Incineroar|0 fnt\n|faint|p2a: Incineroar\n|move|p1b: Talonflame|Will-O-Wisp|p2b: Floette\n|-activate|p2b: Floette|move: Protect\n|\n|upkeep\n|\n|t:|1776186986\n|switch|p2a: Sinistcha|Sinistcha, L50|71/100\n|-heal|p2b: Floette|100/100|[from] ability: Hospitality|[of] p2a: Sinistcha\n|turn|6\n|\n|t:|1776186998\n|switch|p1b: Beedrill|Beedrill, L50, M|100/100\n|move|p2a: Sinistcha|Rage Powder|p2a: Sinistcha\n|-singleturn|p2a: Sinistcha|move: Rage Powder\n|move|p1a: Palafin|Liquidation|p2a: Sinistcha\n|-resisted|p2a: Sinistcha|1\n|-damage|p2a: Sinistcha|48/100\n|move|p2b: Floette|Dazzling Gleam|p1a: Palafin|[spread] p1a,p1b\n|-resisted|p1b: Beedrill|1\n|-damage|p1a: Palafin|0 fnt\n|-damage|p1b: Beedrill|8/100\n|faint|p1a: Palafin\n|\n|upkeep\n|\n|t:|1776187010\n|switch|p1a: Talonflame|Talonflame, L50, F|29/100\n|turn|7\n|c|\u2606flappityfloppity|ff whenever\n|c|\u2606flappityfloppity|ill wait 3-5 buisness days\n|\n|t:|1776187025\n|detailschange|p1b: Beedrill|Beedrill-Mega, L50, M\n|-mega|p1b: Beedrill|Beedrill|Beedrillite\n|move|p2b: Floette|Protect|p2b: Floette\n|-singleturn|p2b: Floette|Protect\n|move|p1b: Beedrill|Poison Jab|p2b: Floette\n|-activate|p2b: Floette|move: Protect\n|move|p1a: Talonflame|Acrobatics|p2a: Sinistcha\n|-supereffective|p2a: Sinistcha|1\n|-damage|p2a: Sinistcha|0 fnt\n|faint|p2a: Sinistcha\n|\n|-sideend|p1: PandaThe16th|move: Tailwind\n|upkeep\n|\n|t:|1776187034\n|switch|p2a: Garchomp|Garchomp, L50, M|100/100\n|turn|8\n|\n|t:|1776187046\n|move|p2b: Floette|Protect||[still]\n|-fail|p2b: Floette\n|move|p1b: Beedrill|Poison Jab|p2b: Floette\n|-supereffective|p2b: Floette|1\n|-crit|p2b: Floette\n|-damage|p2b: Floette|0 fnt\n|faint|p2b: Floette\n|move|p1a: Talonflame|Will-O-Wisp|p2a: Garchomp\n|-status|p2a: Garchomp|brn\n|move|p2a: Garchomp|Scale Shot|p1a: Talonflame\n|-damage|p1a: Talonflame|17/100\n|-damage|p1a: Talonflame|5/100\n|-damage|p1a: Talonflame|0 fnt\n|faint|p1a: Talonflame\n|-hitcount|p1: Talonflame|3\n|-unboost|p2a: Garchomp|def|1\n|-boost|p2a: Garchomp|spe|1\n|\n|-damage|p2a: Garchomp|94/100 brn|[from] brn\n|upkeep\n|turn|9\n|c|\u2606flappityfloppity|<3\n|\n|t:|1776187069\n|move|p1b: Beedrill|Knock Off|p2a: Garchomp\n|-damage|p2a: Garchomp|44/100 brn\n|-enditem|p2a: Garchomp|Leftovers|[from] move: Knock Off|[of] p1b: Beedrill\n|move|p2a: Garchomp|Stomping Tantrum|p1b: Beedrill\n|-damage|p1b: Beedrill|0 fnt\n|faint|p1b: Beedrill\n|\n|win|flappityfloppity\n|raw|PandaThe16th's rating: 1000 &rarr; <strong>1000</strong><br />(+0 for losing)\n|raw|flappityfloppity's rating: 1000 &rarr; <strong>1040</strong><br />(+40 for winning)\n",
  "uploadtime": 1776187084,
  "views": 15,
  "formatid": "gen9championsvgc2026regma",
  "rating": 1000,
  "private": 0,
  "password": null
}