{
  "id": "gen9championsvgc2026regma-2580384178",
  "format": "[Gen 9 Champions] VGC 2026 Reg M-A",
  "players": [
    "CementTheBlock",
    "dynastictooth"
  ],
  "log": "|j|\u2606CementTheBlock\n|j|\u2606dynastictooth\n|t:|1775888472\n|gametype|doubles\n|player|p1|CementTheBlock|101|1000\n|player|p2|dynastictooth|265|1058\n|gen|9\n|tier|[Gen 9 Champions] VGC 2026 Reg M-A\n|rated|\n|rule|Species Clause: Limit one of each Pok\u00e9mon\n|rule|Item Clause: Limit 1 of each item\n|clearpoke\n|poke|p1|Gardevoir, L50, F|\n|poke|p1|Whimsicott, L50, F|\n|poke|p1|Incineroar, L50, F|\n|poke|p1|Palafin, L50, M|\n|poke|p1|Aegislash, L50, M|\n|poke|p1|Farigiraf, L50, M|\n|poke|p2|Floette-Eternal, L50, F|\n|poke|p2|Garchomp, L50, F|\n|poke|p2|Sinistcha, L50|\n|poke|p2|Incineroar, L50, F|\n|poke|p2|Rotom-Wash, L50|\n|poke|p2|Kingambit, L50, F|\n|teampreview|4\n|\n|t:|1775888530\n|teamsize|p1|4\n|teamsize|p2|4\n|start\n|switch|p1a: Whimsicott|Whimsicott, L50, F|100/100\n|switch|p1b: Aegislash|Aegislash, L50, M|100/100\n|switch|p2a: Incineroar|Incineroar, L50, F|100/100\n|switch|p2b: Floette|Floette-Eternal, L50, F|100/100\n|-ability|p2a: Incineroar|Intimidate|boost\n|-unboost|p1a: Whimsicott|atk|1\n|-unboost|p1b: Aegislash|atk|1\n|-enditem|p1b: Aegislash|White Herb\n|-clearnegativeboost|p1b: Aegislash|[silent]\n|turn|1\n|\n|t:|1775888574\n|switch|p2b: Sinistcha|Sinistcha, L50|100/100\n|move|p1a: Whimsicott|Tailwind|p1a: Whimsicott\n|-sidestart|p1: CementTheBlock|move: Tailwind\n|-formechange|p1b: Aegislash|Aegislash-Blade|\n|move|p1b: Aegislash|Iron Head|p2b: Sinistcha\n|-crit|p2b: Sinistcha\n|-damage|p2b: Sinistcha|48/100\n|-enditem|p2b: Sinistcha|Sitrus Berry|[eat]\n|-heal|p2b: Sinistcha|73/100|[from] item: Sitrus Berry\n|move|p2a: Incineroar|Flare Blitz|p1a: Whimsicott\n|-supereffective|p1a: Whimsicott|1\n|-crit|p1a: Whimsicott\n|-enditem|p1a: Whimsicott|Focus Sash\n|-damage|p1a: Whimsicott|1/100\n|-damage|p2a: Incineroar|73/100|[from] Recoil\n|\n|upkeep\n|turn|2\n|\n|t:|1775888607\n|move|p1a: Whimsicott|Taunt|p2b: Sinistcha\n|-start|p2b: Sinistcha|move: Taunt\n|move|p1b: Aegislash|Shadow Claw|p2b: Sinistcha\n|-supereffective|p2b: Sinistcha|1\n|-damage|p2b: Sinistcha|16/100\n|move|p2a: Incineroar|Parting Shot|p1b: Aegislash\n|-unboost|p1b: Aegislash|atk|1\n|-unboost|p1b: Aegislash|spa|1\n|\n|t:|1775888620\n|switch|p2a: Rotom|Rotom-Wash, L50|100/100|[from] Parting Shot\n|cant|p2b: Sinistcha|move: Taunt|Trick Room\n|\n|upkeep\n|turn|3\n|\n|t:|1775888640\n|switch|p2b: Incineroar|Incineroar, L50, F|73/100\n|-ability|p2b: Incineroar|Intimidate|boost\n|-unboost|p1a: Whimsicott|atk|1\n|-unboost|p1b: Aegislash|atk|1\n|move|p1a: Whimsicott|Energy Ball|p2a: Rotom\n|-supereffective|p2a: Rotom|1\n|-damage|p2a: Rotom|43/100\n|move|p1b: Aegislash|Sacred Sword|p2b: Incineroar\n|-supereffective|p2b: Incineroar|1\n|-damage|p2b: Incineroar|44/100\n|move|p2a: Rotom|Will-O-Wisp|p1b: Aegislash\n|-status|p1b: Aegislash|brn\n|\n|-heal|p2a: Rotom|49/100|[from] item: Leftovers\n|-damage|p1b: Aegislash|95/100 brn|[from] brn\n|upkeep\n|turn|4\n|\n|t:|1775888664\n|-formechange|p1b: Aegislash|Aegislash|\n|move|p1b: Aegislash|King's Shield|p1b: Aegislash\n|-singleturn|p1b: Aegislash|Protect\n|move|p2a: Rotom|Protect|p2a: Rotom\n|-singleturn|p2a: Rotom|Protect\n|move|p2b: Incineroar|Fake Out|p1a: Whimsicott\n|-damage|p1a: Whimsicott|0 fnt\n|faint|p1a: Whimsicott\n|\n|-heal|p2a: Rotom|55/100|[from] item: Leftovers\n|-damage|p1b: Aegislash|89/100 brn|[from] brn\n|-sideend|p1: CementTheBlock|move: Tailwind\n|upkeep\n|\n|t:|1775888679\n|switch|p1a: Farigiraf|Farigiraf, L50, M|100/100\n|turn|5\n|\n|t:|1775888697\n|-formechange|p1b: Aegislash|Aegislash-Blade|\n|move|p1b: Aegislash|Sacred Sword|p2b: Incineroar\n|-supereffective|p2b: Incineroar|1\n|-damage|p2b: Incineroar|30/100\n|move|p2a: Rotom|Hydro Pump|p1a: Farigiraf\n|-damage|p1a: Farigiraf|49/100\n|move|p2b: Incineroar|Flare Blitz|p1b: Aegislash\n|-supereffective|p1b: Aegislash|1\n|-damage|p1b: Aegislash|0 fnt\n|faint|p1b: Aegislash\n|-damage|p2b: Incineroar|10/100|[from] Recoil\n|move|p1a: Farigiraf|Psychic Terrain|p1a: Farigiraf\n|-fieldstart|move: Psychic Terrain\n|\n|-heal|p2a: Rotom|61/100|[from] item: Leftovers\n|-heal|p1a: Farigiraf|55/100|[from] item: Leftovers\n|upkeep\n|\n|t:|1775888714\n|switch|p1b: Gardevoir|Gardevoir, L50, F|100/100\n|turn|6\n|\n|t:|1775888742\n|move|p1b: Gardevoir|Hyper Voice|p2a: Rotom|[spread] p2a,p2b\n|-damage|p2a: Rotom|35/100\n|-damage|p2b: Incineroar|0 fnt\n|faint|p2b: Incineroar\n|move|p2a: Rotom|Hydro Pump|p1a: Farigiraf|[miss]\n|-miss|p2a: Rotom|p1a: Farigiraf\n|move|p1a: Farigiraf|Foul Play|p2a: Rotom\n|-crit|p2a: Rotom\n|-damage|p2a: Rotom|14/100\n|\n|-heal|p2a: Rotom|20/100|[from] item: Leftovers\n|-heal|p1a: Farigiraf|61/100|[from] item: Leftovers\n|upkeep\n|\n|t:|1775888755\n|switch|p2b: Sinistcha|Sinistcha, L50|16/100\n|-heal|p2a: Rotom|45/100|[from] ability: Hospitality|[of] p2b: Sinistcha\n|turn|7\n|\n|t:|1775888769\n|detailschange|p1b: Gardevoir|Gardevoir-Mega, L50, F\n|-mega|p1b: Gardevoir|Gardevoir|Gardevoirite\n|move|p1b: Gardevoir|Expanding Force|p2a: Rotom|[spread] p2a,p2b\n|-damage|p2a: Rotom|0 fnt\n|-damage|p2b: Sinistcha|0 fnt\n|faint|p2a: Rotom\n|faint|p2b: Sinistcha\n|move|p1a: Farigiraf|Expanding Force|p2: Rotom|[notarget]\n|-fail|p1a: Farigiraf\n|\n|-heal|p1a: Farigiraf|67/100|[from] item: Leftovers\n|upkeep\n|\n|t:|1775888780\n|switch|p2a: Floette|Floette-Eternal, L50, F|100/100\n|turn|8\n|\n|t:|1775888790\n|detailschange|p2a: Floette|Floette-Mega, L50, F\n|-mega|p2a: Floette|Floette|Floettite\n|-ability|p2a: Floette|Fairy Aura\n|move|p1b: Gardevoir|Expanding Force|p2a: Floette\n|-damage|p2a: Floette|13/100\n|move|p2a: Floette|Dazzling Gleam|p1a: Farigiraf|[spread] p1a,p1b\n|-damage|p1a: Farigiraf|17/100\n|-damage|p1b: Gardevoir|54/100\n|move|p1a: Farigiraf|Expanding Force|p2a: Floette\n|-crit|p2a: Floette\n|-damage|p2a: Floette|0 fnt\n|faint|p2a: Floette\n|\n|win|CementTheBlock\n|raw|CementTheBlock's rating: 1000 &rarr; <strong>1047</strong><br />(+47 for winning)\n|raw|dynastictooth's rating: 1058 &rarr; <strong>1036</strong><br />(-22 for losing)\n|c|\u2606CementTheBlock|GG\n|l|\u2606dynastictooth\n|player|p2|\n",
  "uploadtime": 1775888824,
  "views": 14,
  "formatid": "gen9championsvgc2026regma",
  "rating": 1036,
  "private": 0,
  "password": null
}