{
  "id": "gen9championsvgc2026regma-2588058361",
  "format": "[Gen 9 Champions] VGC 2026 Reg M-A",
  "players": [
    "FolkNanikore",
    "mikiii88"
  ],
  "log": "|j|\u2606FolkNanikore\n|j|\u2606mikiii88\n|t:|1776599206\n|gametype|doubles\n|player|p1|FolkNanikore|rosa|1025\n|player|p2|mikiii88|101|1058\n|gen|9\n|tier|[Gen 9 Champions] VGC 2026 Reg M-A\n|rated|\n|rule|Species Clause: Limit one of each Pok\u00e9mon\n|rule|Item Clause: Limit 1 of each item\n|clearpoke\n|poke|p1|Floette-Eternal, L50, F|\n|poke|p1|Garchomp, L50, M|\n|poke|p1|Kingambit, L50, F|\n|poke|p1|Basculegion, L50, M|\n|poke|p1|Sneasler, L50, F|\n|poke|p1|Froslass, L50, F|\n|poke|p2|Drampa, L50, F|\n|poke|p2|Alakazam, L50, M|\n|poke|p2|Sinistcha, L50|\n|poke|p2|Pelipper, L50, M|\n|poke|p2|Scizor, L50, F|\n|poke|p2|Basculegion, L50, M|\n|teampreview|4\n|inactive|Battle timer is ON: inactive players will automatically lose when time's up. (requested by mikiii88)\n|inactive|FolkNanikore has 60 seconds left.\n|inactive|mikiii88 has 60 seconds left.\n|\n|t:|1776599248\n|teamsize|p1|4\n|teamsize|p2|4\n|start\n|switch|p1a: Froslass|Froslass, L50, F|100/100\n|switch|p1b: Sneasler|Sneasler, L50, F|100/100\n|switch|p2a: Scizor|Scizor, L50, F|100/100\n|switch|p2b: Alakazam|Alakazam, L50, M|100/100\n|turn|1\n|inactive|FolkNanikore has 30 seconds left.\n|inactive|mikiii88 has 30 seconds left.\n|inactive|mikiii88 has 20 seconds left.\n|inactive|mikiii88 has 15 seconds left.\n|inactive|mikiii88 has 10 seconds left.\n|\n|t:|1776599294\n|detailschange|p1a: Froslass|Froslass-Mega, L50, F\n|-mega|p1a: Froslass|Froslass|Froslassite\n|-weather|Snowscape|[from] ability: Snow Warning|[of] p1a: Froslass\n|detailschange|p2a: Scizor|Scizor-Mega, L50, F\n|-mega|p2a: Scizor|Scizor|Scizorite\n|move|p1b: Sneasler|Fake Out|p2a: Scizor\n|-resisted|p2a: Scizor|1\n|-damage|p2a: Scizor|94/100\n|-immune|p2a: Scizor\n|cant|p2a: Scizor|flinch\n|move|p2b: Alakazam|Psychic|p1b: Sneasler\n|-supereffective|p1b: Sneasler|2\n|-enditem|p1b: Sneasler|Focus Sash\n|-damage|p1b: Sneasler|1/100\n|move|p1a: Froslass|Shadow Ball|p2b: Alakazam\n|-supereffective|p2b: Alakazam|1\n|-damage|p2b: Alakazam|7/100\n|\n|-weather|Snowscape|[upkeep]\n|upkeep\n|turn|2\n|inactive|FolkNanikore has 30 seconds left.\n|inactive|mikiii88 has 30 seconds left.\n|inactive|mikiii88 has 20 seconds left.\n|\n|t:|1776599330\n|switch|p1b: Kingambit|Kingambit, L50, F|100/100\n|move|p2a: Scizor|Bullet Punch|p1b: Kingambit\n|-resisted|p1b: Kingambit|1\n|-damage|p1b: Kingambit|88/100\n|move|p2b: Alakazam|Speed Swap|p2a: Scizor\n|-activate|p2b: Alakazam|move: Speed Swap|[of] p2a: Scizor\n|move|p1a: Froslass|Blizzard|p2b: Alakazam|[spread] p2a,p2b\n|-resisted|p2a: Scizor|1\n|-damage|p2a: Scizor|70/100\n|-damage|p2b: Alakazam|0 fnt\n|-status|p2a: Scizor|frz\n|faint|p2b: Alakazam\n|\n|-weather|Snowscape|[upkeep]\n|upkeep\n|\n|t:|1776599343\n|switch|p2b: Pelipper|Pelipper, L50, M|100/100\n|-weather|RainDance|[from] ability: Drizzle|[of] p2b: Pelipper\n|turn|3\n|inactive|mikiii88 has 30 seconds left.\n|inactive|mikiii88 has 20 seconds left.\n|\n|t:|1776599379\n|-curestatus|p2a: Scizor|frz|[msg]\n|move|p2a: Scizor|Bullet Punch|p1a: Froslass\n|-supereffective|p1a: Froslass|1\n|-damage|p1a: Froslass|0 fnt\n|faint|p1a: Froslass\n|move|p2b: Pelipper|Hurricane|p1b: Kingambit\n|-resisted|p1b: Kingambit|1\n|-damage|p1b: Kingambit|66/100\n|move|p1b: Kingambit|Kowtow Cleave|p2a: Scizor\n|-crit|p2a: Scizor\n|-damage|p2a: Scizor|0 fnt\n|faint|p2a: Scizor\n|\n|-weather|RainDance|[upkeep]\n|upkeep\n|\n|t:|1776599393\n|switch|p1a: Sneasler|Sneasler, L50, F|1/100\n|switch|p2a: Sinistcha|Sinistcha, L50|100/100\n|turn|4\n|\n|t:|1776599412\n|move|p1a: Sneasler|Fake Out|p2b: Pelipper\n|-damage|p2b: Pelipper|82/100\n|cant|p2b: Pelipper|flinch\n|move|p2a: Sinistcha|Matcha Gotcha|p1a: Sneasler|[spread] p1a,p1b\n|-resisted|p1a: Sneasler|1\n|-resisted|p1b: Kingambit|1\n|-damage|p1a: Sneasler|0 fnt\n|-damage|p1b: Kingambit|54/100\n|faint|p1a: Sneasler\n|move|p1b: Kingambit|Kowtow Cleave|p2a: Sinistcha\n|-supereffective|p2a: Sinistcha|1\n|-damage|p2a: Sinistcha|2/100\n|-enditem|p2a: Sinistcha|Sitrus Berry|[eat]\n|-heal|p2a: Sinistcha|26/100|[from] item: Sitrus Berry\n|\n|-weather|RainDance|[upkeep]\n|upkeep\n|\n|t:|1776599427\n|switch|p1a: Basculegion|Basculegion, L50, M|100/100\n|turn|5\n|\n|t:|1776599449\n|move|p1b: Kingambit|Protect|p1b: Kingambit\n|-singleturn|p1b: Kingambit|Protect\n|move|p1a: Basculegion|Last Respects|p2a: Sinistcha\n|-supereffective|p2a: Sinistcha|1\n|-damage|p2a: Sinistcha|0 fnt\n|faint|p2a: Sinistcha\n|move|p2b: Pelipper|Hurricane|p1a: Basculegion\n|-damage|p1a: Basculegion|47/100\n|-enditem|p1a: Basculegion|Sitrus Berry|[eat]\n|-heal|p1a: Basculegion|72/100|[from] item: Sitrus Berry\n|\n|-weather|RainDance|[upkeep]\n|upkeep\n|turn|6\n|-message|mikiii88 forfeited.\n|\n|win|FolkNanikore\n|raw|FolkNanikore's rating: 1025 &rarr; <strong>1065</strong><br />(+40 for winning)\n|raw|mikiii88's rating: 1058 &rarr; <strong>1038</strong><br />(-20 for losing)\n|l|\u2606mikiii88\n|player|p2|\n",
  "uploadtime": 1776599462,
  "views": 9,
  "formatid": "gen9championsvgc2026regma",
  "rating": 1038,
  "private": 0,
  "password": null
}