{
  "id": "gen9championsvgc2026regma-2586469653",
  "format": "[Gen 9 Champions] VGC 2026 Reg M-A",
  "players": [
    "sirae",
    "DrChocolateMD"
  ],
  "log": "|j|\u2606sirae\n|j|\u2606DrChocolateMD\n|t:|1776436867\n|gametype|doubles\n|player|p1|sirae|caitlin|1087\n|player|p2|DrChocolateMD|shadowtriad|1000\n|gen|9\n|tier|[Gen 9 Champions] VGC 2026 Reg M-A\n|rated|\n|rule|Species Clause: Limit one of each Pok\u00e9mon\n|rule|Item Clause: Limit 1 of each item\n|clearpoke\n|poke|p1|Gengar, L50, F|\n|poke|p1|Farigiraf, L50, F|\n|poke|p1|Incineroar, L50, F|\n|poke|p1|Sylveon, L50, F|\n|poke|p1|Sinistcha, L50|\n|poke|p1|Feraligatr, L50, M|\n|poke|p2|Typhlosion-Hisui, L50, M|\n|poke|p2|Froslass, L50, F|\n|poke|p2|Jolteon, L50, F|\n|poke|p2|Clefable, L50, F|\n|poke|p2|Sinistcha, L50|\n|poke|p2|Sneasler, L50, M|\n|teampreview|4\n|inactive|Battle timer is ON: inactive players will automatically lose when time's up. (requested by sirae)\nDrChocolateMD rejected open team sheets.\n|inactive|sirae has 60 seconds left.\n|inactive|DrChocolateMD has 60 seconds left.\n|\n|t:|1776436914\n|teamsize|p1|4\n|teamsize|p2|4\n|start\n|switch|p1a: Feraligatr|Feraligatr, L50, M|100/100\n|switch|p1b: Sylveon|Sylveon, L50, F|100/100\n|switch|p2a: Froslass|Froslass, L50, F|100/100\n|switch|p2b: Typhlosion|Typhlosion-Hisui, L50, M|100/100\n|-item|p1a: Feraligatr|Feraligite|[from] ability: Frisk|[of] p2b: Typhlosion\n|-item|p1b: Sylveon|Choice Scarf|[from] ability: Frisk|[of] p2b: Typhlosion\n|turn|1\n|inactive|DrChocolateMD has 30 seconds left.\n|inactive|DrChocolateMD has 20 seconds left.\n|inactive|DrChocolateMD has 15 seconds left.\n|inactive|DrChocolateMD has 10 seconds left.\n|inactive|DrChocolateMD has 5 seconds left.\n|\n|t:|1776436966\n|detailschange|p2a: Froslass|Froslass-Mega, L50, F\n|-mega|p2a: Froslass|Froslass|Froslassite\n|-weather|Snowscape|[from] ability: Snow Warning|[of] p2a: Froslass\n|detailschange|p1a: Feraligatr|Feraligatr-Mega, L50, M\n|-mega|p1a: Feraligatr|Feraligatr|Feraligite\n|move|p1a: Feraligatr|Aqua Jet|p2b: Typhlosion\n|-supereffective|p2b: Typhlosion|1\n|-damage|p2b: Typhlosion|32/100\n|move|p2b: Typhlosion|Shadow Ball|p1a: Feraligatr\n|-damage|p1a: Feraligatr|67/100\n|-unboost|p1a: Feraligatr|spd|1\n|move|p1b: Sylveon|Shadow Ball|p2a: Froslass\n|-supereffective|p2a: Froslass|1\n|-damage|p2a: Froslass|41/100\n|-unboost|p2a: Froslass|spd|1\n|move|p2a: Froslass|Blizzard|p1a: Feraligatr|[spread] p1a,p1b\n|-damage|p1a: Feraligatr|7/100\n|-damage|p1b: Sylveon|60/100\n|\n|-weather|Snowscape|[upkeep]\n|upkeep\n|turn|2\n|inactive|DrChocolateMD has 30 seconds left.\n|\n|t:|1776436995\n|switch|p2b: Sinistcha|Sinistcha, L50|100/100\n|-heal|p2a: Froslass|66/100|[from] ability: Hospitality|[of] p2b: Sinistcha\n|move|p1a: Feraligatr|Aqua Jet|p2b: Sinistcha\n|-resisted|p2b: Sinistcha|1\n|-damage|p2b: Sinistcha|92/100\n|move|p1b: Sylveon|Shadow Ball|p2a: Froslass\n|-supereffective|p2a: Froslass|1\n|-damage|p2a: Froslass|0 fnt\n|faint|p2a: Froslass\n|\n|-weather|Snowscape|[upkeep]\n|-heal|p2b: Sinistcha|98/100|[from] item: Leftovers\n|upkeep\n|\n|t:|1776437011\n|switch|p2a: Sneasler|Sneasler, L50, M|100/100\n|-ability|p2a: Sneasler|Pressure\n|turn|3\n|\n|t:|1776437022\n|switch|p1b: Incineroar|Incineroar, L50, F|100/100\n|-ability|p1b: Incineroar|Intimidate|boost\n|-unboost|p2a: Sneasler|atk|1\n|-unboost|p2b: Sinistcha|atk|1\n|-enditem|p2a: Sneasler|White Herb\n|-clearnegativeboost|p2a: Sneasler|[silent]\n|switch|p1a: Farigiraf|Farigiraf, L50, F|100/100\n|move|p2a: Sneasler|Dire Claw|p1b: Incineroar\n|-damage|p1b: Incineroar|55/100\n|move|p2b: Sinistcha|Matcha Gotcha|p1a: Farigiraf|[spread] p1a\n|-miss|p2b: Sinistcha|p1b: Incineroar\n|-damage|p1a: Farigiraf|80/100\n|-heal|p2b: Sinistcha|100/100|[from] drain|[of] p1a: Farigiraf\n|\n|-weather|Snowscape|[upkeep]\n|upkeep\n|turn|4\n|inactive|DrChocolateMD has 30 seconds left.\n|\n|t:|1776437048\n|move|p1b: Incineroar|Fake Out|p2a: Sneasler\n|-damage|p2a: Sneasler|80/100\n|cant|p2a: Sneasler|flinch\n|move|p2b: Sinistcha|Imprison|p2b: Sinistcha\n|-start|p2b: Sinistcha|move: Imprison\n|cant|p1a: Farigiraf|move: Imprison|Trick Room\n|\n|-weather|Snowscape|[upkeep]\n|upkeep\n|turn|5\n|\n|t:|1776437066\n|switch|p1b: Sylveon|Sylveon, L50, F|60/100\n|move|p2a: Sneasler|Close Combat|p1b: Sylveon\n|-resisted|p1b: Sylveon|1\n|-damage|p1b: Sylveon|10/100\n|-unboost|p2a: Sneasler|def|1\n|-unboost|p2a: Sneasler|spd|1\n|move|p2b: Sinistcha|Matcha Gotcha|p1a: Farigiraf|[spread] p1b\n|-miss|p2b: Sinistcha|p1a: Farigiraf\n|-damage|p1b: Sylveon|0 fnt\n|faint|p1b: Sylveon\n|move|p1a: Farigiraf|Psychic|p2a: Sneasler\n|-supereffective|p2a: Sneasler|2\n|-damage|p2a: Sneasler|0 fnt\n|faint|p2a: Sneasler\n|\n|-weather|none\n|upkeep\n|\n|t:|1776437084\n|switch|p2a: Typhlosion|Typhlosion-Hisui, L50, M|32/100\n|switch|p1b: Incineroar|Incineroar, L50, F|55/100\n|-item|p1a: Farigiraf|Colbur Berry|[from] ability: Frisk|[of] p2a: Typhlosion\n|-item|p1b: Incineroar|Sitrus Berry|[from] ability: Frisk|[of] p2a: Typhlosion\n|-ability|p1b: Incineroar|Intimidate|boost\n|-unboost|p2a: Typhlosion|atk|1\n|-unboost|p2b: Sinistcha|atk|1\n|turn|6\n|inactive|DrChocolateMD has 30 seconds left.\n|\n|t:|1776437111\n|move|p1a: Farigiraf|Protect|p1a: Farigiraf\n|-singleturn|p1a: Farigiraf|Protect\n|move|p2b: Sinistcha|Rage Powder|p2b: Sinistcha\n|-singleturn|p2b: Sinistcha|move: Rage Powder\n|move|p2a: Typhlosion|Heat Wave|p1b: Incineroar|[spread] p1b\n|-activate|p1a: Farigiraf|move: Protect\n|-resisted|p1b: Incineroar|1\n|-damage|p1b: Incineroar|37/100\n|-enditem|p1b: Incineroar|Sitrus Berry|[eat]\n|-heal|p1b: Incineroar|62/100|[from] item: Sitrus Berry\n|move|p1b: Incineroar|Darkest Lariat|p2b: Sinistcha\n|-supereffective|p2b: Sinistcha|1\n|-damage|p2b: Sinistcha|43/100\n|\n|-heal|p2b: Sinistcha|49/100|[from] item: Leftovers\n|upkeep\n|turn|7\n|\n|t:|1776437129\n|move|p2a: Typhlosion|Heat Wave|p1b: Incineroar|[spread] p1a,p1b\n|-resisted|p1b: Incineroar|1\n|-damage|p1a: Farigiraf|43/100\n|-damage|p1b: Incineroar|44/100\n|move|p1b: Incineroar|Darkest Lariat|p2a: Typhlosion\n|-supereffective|p2a: Typhlosion|1\n|-damage|p2a: Typhlosion|0 fnt\n|faint|p2a: Typhlosion\n|move|p2b: Sinistcha|Matcha Gotcha|p1a: Farigiraf|[spread] p1a,p1b\n|-resisted|p1b: Incineroar|1\n|-damage|p1a: Farigiraf|20/100\n|-heal|p2b: Sinistcha|62/100|[from] drain|[of] p1a: Farigiraf\n|-damage|p1b: Incineroar|33/100\n|-heal|p2b: Sinistcha|67/100|[from] drain|[of] p1b: Incineroar\n|move|p1a: Farigiraf|Psychic|p2b: Sinistcha\n|-damage|p2b: Sinistcha|24/100\n|\n|-heal|p2b: Sinistcha|30/100|[from] item: Leftovers\n|upkeep\n|turn|8\n|\n|t:|1776437144\n|move|p1b: Incineroar|Flare Blitz|p2b: Sinistcha\n|-supereffective|p2b: Sinistcha|1\n|-damage|p2b: Sinistcha|0 fnt\n|faint|p2b: Sinistcha\n|-damage|p1b: Incineroar|24/100|[from] Recoil\n|\n|win|sirae\n|raw|sirae's rating: 1087 &rarr; <strong>1107</strong><br />(+20 for winning)\n|raw|DrChocolateMD's rating: 1000 &rarr; <strong>1000</strong><br />(+0 for losing)\n",
  "uploadtime": 1776437147,
  "views": 22,
  "formatid": "gen9championsvgc2026regma",
  "rating": 1000,
  "private": 0,
  "password": null
}