{
  "id": "gen9championsvgc2026regma-2583905118",
  "format": "[Gen 9 Champions] VGC 2026 Reg M-A",
  "players": [
    "FernandaXP",
    "nbstellarbh"
  ],
  "log": "|j|\u2606FernandaXP\n|j|\u2606nbstellarbh\n|t:|1776207071\n|gametype|doubles\n|player|p1|FernandaXP|boarder|1152\n|player|p2|nbstellarbh|backersf|1112\n|gen|9\n|tier|[Gen 9 Champions] VGC 2026 Reg M-A\n|rated|\n|rule|Species Clause: Limit one of each Pok\u00e9mon\n|rule|Item Clause: Limit 1 of each item\n|clearpoke\n|poke|p1|Pelipper, L50, F|\n|poke|p1|Archaludon, L50, M|\n|poke|p1|Sneasler, L50, F|\n|poke|p1|Sinistcha, L50|\n|poke|p1|Drampa, L50, F|\n|poke|p1|Starmie, L50|\n|poke|p2|Meganium, L50, M|\n|poke|p2|Talonflame, L50, M|\n|poke|p2|Kommo-o, L50, M|\n|poke|p2|Blastoise, L50, M|\n|poke|p2|Orthworm, L50, F|\n|poke|p2|Krookodile, L50, F|\n|teampreview|4\n|\n|t:|1776207118\n|teamsize|p1|4\n|teamsize|p2|4\n|start\n|switch|p1a: Archaludon|Archaludon, L50, M|100/100\n|switch|p1b: Drampa|Drampa, L50, F|100/100\n|switch|p2a: Talonflame|Talonflame, L50, M|100/100\n|switch|p2b: Meganium|Meganium, L50, M|100/100\n|turn|1\n|\n|t:|1776207153\n|switch|p1b: Pelipper|Pelipper, L50, F|100/100\n|-weather|RainDance|[from] ability: Drizzle|[of] p1b: Pelipper\n|detailschange|p2b: Meganium|Meganium-Mega, L50, M\n|-mega|p2b: Meganium|Meganium|Meganiumite\n|move|p2a: Talonflame|Tailwind|p2a: Talonflame\n|-sidestart|p2: nbstellarbh|move: Tailwind\n|move|p2b: Meganium|Earth Power|p1a: Archaludon\n|-supereffective|p1a: Archaludon|1\n|-damage|p1a: Archaludon|8/100\n|-ability|p1a: Archaludon|Stamina|boost\n|-boost|p1a: Archaludon|def|1\n|move|p1a: Archaludon|Flash Cannon|p2b: Meganium\n|-supereffective|p2b: Meganium|1\n|-damage|p2b: Meganium|5/100\n|\n|-weather|RainDance|[upkeep]\n|-heal|p1a: Archaludon|14/100|[from] item: Leftovers\n|upkeep\n|turn|2\n|\n|t:|1776207179\n|move|p1a: Archaludon|Protect|p1a: Archaludon\n|-singleturn|p1a: Archaludon|Protect\n|move|p2a: Talonflame|Hurricane|p1b: Pelipper\n|-damage|p1b: Pelipper|51/100\n|move|p2b: Meganium|Dazzling Gleam|p1b: Pelipper|[spread] p1b\n|-activate|p1a: Archaludon|move: Protect\n|-damage|p1b: Pelipper|0 fnt\n|faint|p1b: Pelipper\n|\n|-weather|RainDance|[upkeep]\n|-heal|p1a: Archaludon|20/100|[from] item: Leftovers\n|upkeep\n|\n|t:|1776207209\n|switch|p1b: Sinistcha|Sinistcha, L50|100/100\n|-heal|p1a: Archaludon|44/100|[from] ability: Hospitality|[of] p1b: Sinistcha\n|turn|3\n|\n|t:|1776207228\n|move|p2a: Talonflame|Hurricane|p1b: Sinistcha\n|-supereffective|p1b: Sinistcha|1\n|-damage|p1b: Sinistcha|47/100\n|-enditem|p1b: Sinistcha|Sitrus Berry|[eat]\n|-heal|p1b: Sinistcha|72/100|[from] item: Sitrus Berry\n|move|p2b: Meganium|Dazzling Gleam|p1a: Archaludon|[spread] p1a,p1b\n|-damage|p1a: Archaludon|0 fnt\n|-damage|p1b: Sinistcha|40/100\n|faint|p1a: Archaludon\n|move|p1b: Sinistcha|Trick Room|p1b: Sinistcha\n|-fieldstart|move: Trick Room|[of] p1b: Sinistcha\n|\n|-weather|RainDance|[upkeep]\n|upkeep\n|\n|t:|1776207240\n|switch|p1a: Drampa|Drampa, L50, F|100/100\n|turn|4\n|\n|t:|1776207262\n|detailschange|p1a: Drampa|Drampa-Mega, L50, F\n|-mega|p1a: Drampa|Drampa|Drampanite\n|move|p2a: Talonflame|Hurricane|p1b: Sinistcha\n|-supereffective|p1b: Sinistcha|1\n|-damage|p1b: Sinistcha|0 fnt\n|faint|p1b: Sinistcha\n|move|p1a: Drampa|Hyper Voice|p2a: Talonflame|[spread] p2a,p2b\n|-damage|p2a: Talonflame|37/100\n|-damage|p2b: Meganium|0 fnt\n|faint|p2b: Meganium\n|\n|-weather|RainDance|[upkeep]\n|-sideend|p2: nbstellarbh|move: Tailwind\n|upkeep\n|\n|t:|1776207269\n|switch|p2b: Orthworm|Orthworm, L50, F|100/100\n|turn|5\n|\n|t:|1776207283\n|move|p1a: Drampa|Hyper Voice|p2a: Talonflame|[spread] p2a,p2b\n|-resisted|p2b: Orthworm|1\n|-damage|p2a: Talonflame|0 fnt\n|-damage|p2b: Orthworm|78/100\n|faint|p2a: Talonflame\n|move|p2b: Orthworm|Body Press|p1a: Drampa\n|-supereffective|p1a: Drampa|1\n|-damage|p1a: Drampa|49/100\n|-ability|p1a: Drampa|Berserk|boost\n|-boost|p1a: Drampa|spa|1\n|\n|-weather|none\n|upkeep\n|\n|t:|1776207293\n|switch|p2a: Krookodile|Krookodile, L50, F|100/100\n|-ability|p2a: Krookodile|Intimidate|boost\n|-unboost|p1a: Drampa|atk|1\n|turn|6\n|\n|t:|1776207302\n|move|p1a: Drampa|Hyper Voice|p2a: Krookodile|[spread] p2a,p2b\n|-resisted|p2b: Orthworm|1\n|-damage|p2a: Krookodile|7/100\n|-damage|p2b: Orthworm|41/100\n|-enditem|p2b: Orthworm|Sitrus Berry|[eat]\n|-heal|p2b: Orthworm|65/100|[from] item: Sitrus Berry\n|move|p2b: Orthworm|Body Press|p1a: Drampa\n|-supereffective|p1a: Drampa|1\n|-damage|p1a: Drampa|0 fnt\n|faint|p1a: Drampa\n|\n|win|nbstellarbh\n|raw|FernandaXP's rating: 1152 &rarr; <strong>1124</strong><br />(-28 for losing)\n|raw|nbstellarbh's rating: 1112 &rarr; <strong>1140</strong><br />(+28 for winning)\n",
  "uploadtime": 1776207318,
  "views": 23,
  "formatid": "gen9championsvgc2026regma",
  "rating": 1124,
  "private": 0,
  "password": null
}