{
  "id": "gen9championsvgc2026regma-2583433712",
  "format": "[Gen 9 Champions] VGC 2026 Reg M-A",
  "players": [
    "dondonso",
    "Fscizor"
  ],
  "log": "|j|\u2606dondonso\n|j|\u2606Fscizor\n|t:|1776175368\n|gametype|doubles\n|player|p1|dondonso|265|1233\n|player|p2|Fscizor|265|1328\n|gen|9\n|tier|[Gen 9 Champions] VGC 2026 Reg M-A\n|rated|\n|rule|Species Clause: Limit one of each Pok\u00e9mon\n|rule|Item Clause: Limit 1 of each item\n|clearpoke\n|poke|p1|Gengar, L50, F|\n|poke|p1|Politoed, L50, F|\n|poke|p1|Incineroar, L50, F|\n|poke|p1|Basculegion, L50, M|\n|poke|p1|Archaludon, L50, F|\n|poke|p1|Whimsicott, L50, F|\n|poke|p2|Scizor, L50, F|\n|poke|p2|Hydreigon, L50, F|\n|poke|p2|Tyranitar, L50, M|\n|poke|p2|Garchomp, L50, F|\n|poke|p2|Corviknight, L50, F|\n|poke|p2|Milotic, L50, F|\n|teampreview|4\n|inactive|Battle timer is ON: inactive players will automatically lose when time's up. (requested by dondonso)\n|inactive|Fscizor has 60 seconds left.\n|\n|t:|1776175405\n|teamsize|p1|4\n|teamsize|p2|4\n|start\n|switch|p1a: Archaludon|Archaludon, L50, F|100/100\n|switch|p1b: Whimsicott|Whimsicott, L50, F|100/100\n|switch|p2a: Corviknight|Corviknight, L50, F|100/100\n|switch|p2b: Milotic|Milotic, L50, F|100/100\n|turn|1\n|inactive|Fscizor has 30 seconds left.\n|inactive|dondonso has 30 seconds left.\n|\n|t:|1776175445\n|move|p1b: Whimsicott|Beat Up|p1a: Archaludon\n|-damage|p1a: Archaludon|98/100\n|-ability|p1a: Archaludon|Stamina|boost\n|-boost|p1a: Archaludon|def|1\n|-damage|p1a: Archaludon|97/100\n|-ability|p1a: Archaludon|Stamina|boost\n|-boost|p1a: Archaludon|def|1\n|-damage|p1a: Archaludon|96/100\n|-ability|p1a: Archaludon|Stamina|boost\n|-boost|p1a: Archaludon|def|1\n|-damage|p1a: Archaludon|95/100\n|-ability|p1a: Archaludon|Stamina|boost\n|-boost|p1a: Archaludon|def|1\n|-hitcount|p1a: Archaludon|4\n|move|p1a: Archaludon|Aura Sphere|p2b: Milotic\n|-damage|p2b: Milotic|83/100\n|move|p2b: Milotic|Ice Beam|p1b: Whimsicott\n|-supereffective|p1b: Whimsicott|1\n|-damage|p1b: Whimsicott|33/100\n|move|p2a: Corviknight|Iron Head|p1b: Whimsicott\n|-supereffective|p1b: Whimsicott|1\n|-damage|p1b: Whimsicott|0 fnt\n|faint|p1b: Whimsicott\n|\n|-heal|p1a: Archaludon|100/100|[from] item: Leftovers\n|upkeep\n|\n|t:|1776175449\n|switch|p1b: Politoed|Politoed, L50, F|100/100\n|-weather|RainDance|[from] ability: Drizzle|[of] p1b: Politoed\n|turn|2\n|inactive|Fscizor has 30 seconds left.\n|inactive|Fscizor has 20 seconds left.\n|\n|t:|1776175488\n|switch|p2b: Tyranitar|Tyranitar, L50, M|100/100\n|-weather|Sandstorm|[from] ability: Sand Stream|[of] p2b: Tyranitar\n|move|p1a: Archaludon|Electro Shot||[still]\n|-prepare|p1a: Archaludon|Electro Shot\n|-boost|p1a: Archaludon|spa|1\n|move|p2a: Corviknight|Tailwind|p2a: Corviknight\n|-sidestart|p2: Fscizor|move: Tailwind\n|move|p1b: Politoed|Muddy Water|p2a: Corviknight|[spread] p2a,p2b\n|-supereffective|p2b: Tyranitar|1\n|-damage|p2a: Corviknight|84/100\n|-damage|p2b: Tyranitar|74/100\n|\n|-weather|Sandstorm|[upkeep]\n|-damage|p1b: Politoed|94/100|[from] Sandstorm\n|-heal|p2a: Corviknight|90/100|[from] item: Leftovers\n|upkeep\n|turn|3\n|inactive|Fscizor has 30 seconds left.\n|\n|t:|1776175518\n|switch|p2a: Hydreigon|Hydreigon, L50, F|100/100\n|move|p2b: Tyranitar|Low Kick|p1a: Archaludon\n|-supereffective|p1a: Archaludon|1\n|-damage|p1a: Archaludon|84/100\n|-ability|p1a: Archaludon|Stamina|boost\n|-boost|p1a: Archaludon|def|1\n|move|p1a: Archaludon|Electro Shot|p2b: Tyranitar|[from] lockedmove\n|-damage|p2b: Tyranitar|38/100\n|move|p1b: Politoed|Muddy Water|p2b: Tyranitar|[spread] p2a,p2b\n|-resisted|p2a: Hydreigon|1\n|-supereffective|p2b: Tyranitar|1\n|-damage|p2a: Hydreigon|89/100\n|-damage|p2b: Tyranitar|12/100\n|\n|-weather|Sandstorm|[upkeep]\n|-damage|p2a: Hydreigon|83/100|[from] Sandstorm\n|-damage|p1b: Politoed|88/100|[from] Sandstorm\n|-heal|p1a: Archaludon|90/100|[from] item: Leftovers\n|upkeep\n|turn|4\n|inactive|Fscizor has 30 seconds left.\n|\n|t:|1776175548\n|move|p1a: Archaludon|Protect|p1a: Archaludon\n|-singleturn|p1a: Archaludon|Protect\n|move|p2a: Hydreigon|Earth Power|p1a: Archaludon\n|-activate|p1a: Archaludon|move: Protect\n|move|p2b: Tyranitar|Knock Off|p1a: Archaludon\n|-activate|p1a: Archaludon|move: Protect\n|move|p1b: Politoed|Icy Wind|p2a: Hydreigon|[spread] p2a,p2b\n|-supereffective|p2a: Hydreigon|1\n|-damage|p2a: Hydreigon|64/100\n|-damage|p2b: Tyranitar|7/100\n|-unboost|p2a: Hydreigon|spe|1\n|-unboost|p2b: Tyranitar|spe|1\n|\n|-weather|Sandstorm|[upkeep]\n|-damage|p2a: Hydreigon|58/100|[from] Sandstorm\n|-damage|p1b: Politoed|82/100|[from] Sandstorm\n|-heal|p1a: Archaludon|96/100|[from] item: Leftovers\n|upkeep\n|turn|5\n|\n|t:|1776175565\n|move|p2a: Hydreigon|Earth Power|p1a: Archaludon\n|-supereffective|p1a: Archaludon|1\n|-damage|p1a: Archaludon|32/100\n|-ability|p1a: Archaludon|Stamina|boost\n|-boost|p1a: Archaludon|def|1\n|move|p2b: Tyranitar|Knock Off|p1a: Archaludon\n|-damage|p1a: Archaludon|22/100\n|-enditem|p1a: Archaludon|Leftovers|[from] move: Knock Off|[of] p2b: Tyranitar\n|move|p1a: Archaludon|Aura Sphere|p2a: Hydreigon\n|-supereffective|p2a: Hydreigon|1\n|-damage|p2a: Hydreigon|0 fnt\n|faint|p2a: Hydreigon\n|move|p1b: Politoed|Muddy Water|p2b: Tyranitar\n|-supereffective|p2b: Tyranitar|1\n|-damage|p2b: Tyranitar|0 fnt\n|faint|p2b: Tyranitar\n|\n|-weather|Sandstorm|[upkeep]\n|-damage|p1b: Politoed|76/100|[from] Sandstorm\n|-sideend|p2: Fscizor|move: Tailwind\n|upkeep\n|\n|t:|1776175583\n|switch|p2a: Milotic|Milotic, L50, F|83/100\n|switch|p2b: Corviknight|Corviknight, L50, F|90/100\n|turn|6\n|\n|t:|1776175601\n|move|p1a: Archaludon|Draco Meteor|p2a: Milotic|[miss]\n|-miss|p1a: Archaludon|p2a: Milotic\n|move|p2a: Milotic|Ice Beam|p1a: Archaludon\n|-damage|p1a: Archaludon|0 fnt\n|faint|p1a: Archaludon\n|move|p2b: Corviknight|Brave Bird|p1b: Politoed\n|-damage|p1b: Politoed|37/100\n|-enditem|p1b: Politoed|Sitrus Berry|[eat]\n|-heal|p1b: Politoed|61/100|[from] item: Sitrus Berry\n|-damage|p2b: Corviknight|78/100|[from] Recoil\n|move|p1b: Politoed|Perish Song|p1b: Politoed\n|-start|p1b: Politoed|perish3|[silent]\n|-start|p2a: Milotic|perish3|[silent]\n|-start|p2b: Corviknight|perish3|[silent]\n|-fieldactivate|move: Perish Song\n|\n|-weather|none\n|-heal|p2b: Corviknight|83/100|[from] item: Leftovers\n|-start|p2a: Milotic|perish3\n|-start|p2b: Corviknight|perish3\n|-start|p1b: Politoed|perish3\n|upkeep\n|\n|t:|1776175617\n|switch|p1a: Basculegion|Basculegion, L50, M|100/100\n|turn|7\n|-message|Fscizor forfeited.\n|\n|win|dondonso\n|raw|dondonso's rating: 1233 &rarr; <strong>1265</strong><br />(+32 for winning)\n|raw|Fscizor's rating: 1328 &rarr; <strong>1303</strong><br />(-25 for losing)\n|l|\u2606Fscizor\n|player|p2|\n",
  "uploadtime": 1776175632,
  "views": 40,
  "formatid": "gen9championsvgc2026regma",
  "rating": 1265,
  "private": 0,
  "password": null
}