{
  "id": "gen9championsvgc2026regma-2581307738",
  "format": "[Gen 9 Champions] VGC 2026 Reg M-A",
  "players": [
    "Adricrack2090",
    "greeencross"
  ],
  "log": "|j|\u2606Adricrack2090\n|j|\u2606greeencross\n|t:|1775984467\n|gametype|doubles\n|player|p1|Adricrack2090|bruno|1355\n|player|p2|greeencross|170|1314\n|gen|9\n|tier|[Gen 9 Champions] VGC 2026 Reg M-A\n|rated|\n|rule|Species Clause: Limit one of each Pok\u00e9mon\n|rule|Item Clause: Limit 1 of each item\n|clearpoke\n|poke|p1|Charizard, L50, F|\n|poke|p1|Kingambit, L50, M|\n|poke|p1|Maushold-Four, L50|\n|poke|p1|Sneasler, L50, M|\n|poke|p1|Dragapult, L50, F|\n|poke|p1|Garchomp, L50, F|\n|poke|p2|Tyranitar, L50, F|\n|poke|p2|Rotom-Wash, L50|\n|poke|p2|Garchomp, L50, F|\n|poke|p2|Aerodactyl, L50, M|\n|poke|p2|Sinistcha, L50|\n|poke|p2|Sneasler, L50, M|\n|teampreview|4\n|inactive|Battle timer is ON: inactive players will automatically lose when time's up. (requested by greeencross)\n|j| VC824\n|\n|t:|1775984494\n|teamsize|p1|4\n|teamsize|p2|4\n|start\n|switch|p1a: Dragapult|Dragapult, L50, F|100/100\n|switch|p1b: Kingambit|Kingambit, L50, M|100/100\n|switch|p2a: Tyranitar|Tyranitar, L50, F|100/100\n|switch|p2b: Aerodactyl|Aerodactyl, L50, M|100/100\n|-ability|p2b: Aerodactyl|Unnerve\n|-weather|Sandstorm|[from] ability: Sand Stream|[of] p2a: Tyranitar\n|turn|1\n|\n|t:|1775984513\n|detailschange|p2a: Tyranitar|Tyranitar-Mega, L50, F\n|-mega|p2a: Tyranitar|Tyranitar|Tyranitarite\n|move|p1a: Dragapult|Will-O-Wisp|p2a: Tyranitar\n|-status|p2a: Tyranitar|brn\n|move|p2b: Aerodactyl|Tailwind|p2b: Aerodactyl\n|-sidestart|p2: greeencross|move: Tailwind\n|move|p2a: Tyranitar|Low Kick|p1b: Kingambit\n|-supereffective|p1b: Kingambit|2\n|-damage|p1b: Kingambit|34/100\n|move|p1b: Kingambit|Iron Head|p2b: Aerodactyl\n|-supereffective|p2b: Aerodactyl|1\n|-enditem|p2b: Aerodactyl|Focus Sash\n|-damage|p2b: Aerodactyl|1/100\n|\n|-weather|Sandstorm|[upkeep]\n|-damage|p1a: Dragapult|94/100|[from] Sandstorm\n|-damage|p2a: Tyranitar|95/100 brn|[from] brn\n|upkeep\n|turn|2\n|inactive|greeencross has 30 seconds left.\n|j| gE1xjZRtuhW2DdT0AK\n|\n|t:|1775984546\n|switch|p1a: Garchomp|Garchomp, L50, F|100/100\n|move|p1b: Kingambit|Protect|p1b: Kingambit\n|-singleturn|p1b: Kingambit|Protect\n|move|p2b: Aerodactyl|Rock Slide|p1b: Kingambit|[spread] p1a\n|-activate|p1b: Kingambit|move: Protect\n|-resisted|p1a: Garchomp|1\n|-damage|p1a: Garchomp|88/100\n|move|p2a: Tyranitar|Crunch|p1a: Garchomp\n|-damage|p1a: Garchomp|63/100\n|-damage|p2a: Tyranitar|83/100 brn|[from] ability: Rough Skin|[of] p1a: Garchomp\n|\n|-weather|Sandstorm|[upkeep]\n|-damage|p2a: Tyranitar|77/100 brn|[from] brn\n|upkeep\n|turn|3\n|inactive|greeencross has 30 seconds left.\n|\n|t:|1775984576\n|move|p2a: Tyranitar|Protect|p2a: Tyranitar\n|-singleturn|p2a: Tyranitar|Protect\n|move|p1b: Kingambit|Sucker Punch|p2b: Aerodactyl\n|-damage|p2b: Aerodactyl|0 fnt\n|faint|p2b: Aerodactyl\n|move|p1a: Garchomp|Stomping Tantrum|p2a: Tyranitar\n|-activate|p2a: Tyranitar|move: Protect\n|\n|-weather|Sandstorm|[upkeep]\n|-damage|p2a: Tyranitar|71/100 brn|[from] brn\n|upkeep\n|\n|t:|1775984596\n|switch|p2b: Garchomp|Garchomp, L50, F|100/100\n|turn|4\n|\n|t:|1775984608\n|switch|p1a: Sneasler|Sneasler, L50, M|100/100\n|move|p1b: Kingambit|Protect|p1b: Kingambit\n|-singleturn|p1b: Kingambit|Protect\n|move|p2b: Garchomp|Dragon Claw|p1a: Sneasler\n|-damage|p1a: Sneasler|35/100\n|move|p2a: Tyranitar|Low Kick|p1b: Kingambit\n|-activate|p1b: Kingambit|move: Protect\n|\n|-weather|Sandstorm|[upkeep]\n|-damage|p1a: Sneasler|29/100|[from] Sandstorm\n|-damage|p2a: Tyranitar|65/100 brn|[from] brn\n|-sideend|p2: greeencross|move: Tailwind\n|upkeep\n|turn|5\n|inactive|Adricrack2090 has 30 seconds left.\n|l| VC824\n|\n|t:|1775984640\n|switch|p1b: Dragapult|Dragapult, L50, F|94/100\n|move|p2a: Tyranitar|Protect|p2a: Tyranitar\n|-singleturn|p2a: Tyranitar|Protect\n|move|p1a: Sneasler|Fake Out|p2b: Garchomp|[miss]\n|-miss|p1a: Sneasler|p2b: Garchomp\n|move|p2b: Garchomp|Earthquake|p1b: Dragapult|[spread] p1a,p1b\n|-activate|p2a: Tyranitar|move: Protect\n|-supereffective|p1a: Sneasler|1\n|-crit|p1b: Dragapult\n|-damage|p1a: Sneasler|0 fnt\n|-damage|p1b: Dragapult|16/100\n|faint|p1a: Sneasler\n|\n|-weather|none\n|-damage|p2a: Tyranitar|59/100 brn|[from] brn\n|upkeep\n|\n|t:|1775984655\n|switch|p1a: Garchomp|Garchomp, L50, F|63/100\n|turn|6\n|\n|t:|1775984671\n|move|p1a: Garchomp|Dragon Claw|p2b: Garchomp\n|-supereffective|p2b: Garchomp|1\n|-damage|p2b: Garchomp|3/100\n|move|p1b: Dragapult|Draco Meteor|p2a: Tyranitar\n|-damage|p2a: Tyranitar|20/100 brn\n|-unboost|p1b: Dragapult|spa|2\n|move|p2b: Garchomp|Dragon Claw|p1a: Garchomp\n|-supereffective|p1a: Garchomp|1\n|-crit|p1a: Garchomp\n|-damage|p1a: Garchomp|0 fnt\n|-damage|p2b: Garchomp|0 fnt|[from] ability: Rough Skin|[of] p1a: Garchomp\n|faint|p1a: Garchomp\n|faint|p2b: Garchomp\n|move|p2a: Tyranitar|Crunch|p1b: Dragapult\n|-supereffective|p1b: Dragapult|1\n|-damage|p1b: Dragapult|0 fnt\n|faint|p1b: Dragapult\n|\n|-damage|p2a: Tyranitar|14/100 brn|[from] brn\n|upkeep\n|\n|t:|1775984688\n|switch|p1b: Kingambit|Kingambit, L50, M|34/100\n|switch|p2b: Sneasler|Sneasler, L50, M|100/100\n|turn|7\n|-message|Adricrack2090 forfeited.\n|\n|win|greeencross\n|raw|Adricrack2090's rating: 1355 &rarr; <strong>1333</strong><br />(-22 for losing)\n|raw|greeencross's rating: 1314 &rarr; <strong>1336</strong><br />(+22 for winning)\n|l|\u2606Adricrack2090\n|player|p1|\n|l|\u2606greeencross\n|player|p2|\n",
  "uploadtime": 1775984703,
  "views": 38,
  "formatid": "gen9championsvgc2026regma",
  "rating": 1333,
  "private": 0,
  "password": null
}