{
  "id": "gen9championsvgc2026regma-2582078958",
  "format": "[Gen 9 Champions] VGC 2026 Reg M-A",
  "players": [
    "Azmatic1",
    "loklastaji"
  ],
  "log": "|j|\u2606Azmatic1\n|j|\u2606loklastaji\n|t:|1776055223\n|gametype|doubles\n|player|p1|Azmatic1|101|1228\n|player|p2|loklastaji|265|1339\n|gen|9\n|tier|[Gen 9 Champions] VGC 2026 Reg M-A\n|rated|\n|rule|Species Clause: Limit one of each Pok\u00e9mon\n|rule|Item Clause: Limit 1 of each item\n|clearpoke\n|poke|p1|Glimmora, L50, F|\n|poke|p1|Tinkaton, L50, F|\n|poke|p1|Kommo-o, L50, M|\n|poke|p1|Corviknight, L50, M|\n|poke|p1|Tyranitar, L50, F|\n|poke|p1|Mamoswine, L50, M|\n|poke|p2|Samurott-Hisui, L50, M|\n|poke|p2|Mamoswine, L50, M|\n|poke|p2|Delphox, L50, F|\n|poke|p2|Tsareena, L50, F|\n|poke|p2|Corviknight, L50, F|\n|poke|p2|Altaria, L50, F|\n|teampreview|4\n|\n|t:|1776055272\n|teamsize|p1|4\n|teamsize|p2|4\n|start\n|switch|p1a: Tinkaton|Tinkaton, L50, F|100/100\n|switch|p1b: Kommo-o|Kommo-o, L50, M|100/100\n|switch|p2a: Samurott|Samurott-Hisui, L50, M|100/100\n|switch|p2b: Altaria|Altaria, L50, F|100/100\n|-ability|p1a: Tinkaton|Mold Breaker\n|-ability|p2b: Altaria|Cloud Nine\n|turn|1\n|\n|t:|1776055295\n|switch|p2a: Delphox|Delphox, L50, F|100/100\n|detailschange|p2b: Altaria|Altaria-Mega, L50, F\n|-mega|p2b: Altaria|Altaria|Altarianite\n|move|p1a: Tinkaton|Fake Out|p2b: Altaria\n|-damage|p2b: Altaria|88/100\n|cant|p2b: Altaria|flinch\n|move|p1b: Kommo-o|Clangorous Soul|p1b: Kommo-o\n|-boost|p1b: Kommo-o|atk|1\n|-boost|p1b: Kommo-o|def|1\n|-boost|p1b: Kommo-o|spa|1\n|-boost|p1b: Kommo-o|spd|1\n|-boost|p1b: Kommo-o|spe|1\n|-damage|p1b: Kommo-o|68/100\n|\n|-heal|p1b: Kommo-o|74/100|[from] item: Leftovers\n|upkeep\n|turn|2\n|\n|t:|1776055334\n|move|p1b: Kommo-o|Protect|p1b: Kommo-o\n|-singleturn|p1b: Kommo-o|Protect\n|move|p2a: Delphox|Heat Wave|p1b: Kommo-o|[spread] p1a\n|-activate|p1b: Kommo-o|move: Protect\n|-supereffective|p1a: Tinkaton|1\n|-damage|p1a: Tinkaton|32/100\n|move|p1a: Tinkaton|Gigaton Hammer|p2b: Altaria\n|-supereffective|p2b: Altaria|1\n|-damage|p2b: Altaria|0 fnt\n|faint|p2b: Altaria\n|\n|-heal|p1b: Kommo-o|80/100|[from] item: Leftovers\n|upkeep\n|\n|t:|1776055355\n|switch|p2b: Tsareena|Tsareena, L50, F|100/100\n|turn|3\n|\n|t:|1776055370\n|move|p1b: Kommo-o|Clanging Scales|p2b: Tsareena|[spread] p2a,p2b\n|-damage|p2a: Delphox|32/100\n|-damage|p2b: Tsareena|35/100\n|-unboost|p1b: Kommo-o|def|1\n|move|p2a: Delphox|Psychic|p1b: Kommo-o\n|-supereffective|p1b: Kommo-o|1\n|-damage|p1b: Kommo-o|21/100\n|move|p1a: Tinkaton|Play Rough|p2b: Tsareena\n|-damage|p2b: Tsareena|0 fnt\n|faint|p2b: Tsareena\n|\n|-heal|p1b: Kommo-o|27/100|[from] item: Leftovers\n|upkeep\n|\n|t:|1776055384\n|switch|p2b: Samurott|Samurott-Hisui, L50, M|100/100\n|turn|4\n|\n|t:|1776055414\n|move|p1a: Tinkaton|Feint|p2a: Delphox\n|-damage|p2a: Delphox|20/100\n|move|p2b: Samurott|Sucker Punch||[still]\n|-fail|p2b: Samurott\n|move|p1b: Kommo-o|Clangorous Soul||[still]\n|-fail|p1b: Kommo-o\n|move|p2a: Delphox|Heat Wave|p1b: Kommo-o|[spread] p1a,p1b\n|-supereffective|p1a: Tinkaton|1\n|-resisted|p1b: Kommo-o|1\n|-damage|p1a: Tinkaton|0 fnt\n|-damage|p1b: Kommo-o|10/100\n|-status|p1b: Kommo-o|brn\n|faint|p1a: Tinkaton\n|\n|-heal|p1b: Kommo-o|17/100 brn|[from] item: Leftovers\n|-damage|p1b: Kommo-o|10/100 brn|[from] brn\n|upkeep\n|\n|t:|1776055421\n|switch|p1a: Corviknight|Corviknight, L50, M|100/100\n|turn|5\n|\n|t:|1776055449\n|move|p2a: Delphox|Protect|p2a: Delphox\n|-singleturn|p2a: Delphox|Protect\n|move|p2b: Samurott|Sucker Punch|p1b: Kommo-o\n|-resisted|p1b: Kommo-o|1\n|-damage|p1b: Kommo-o|0 fnt\n|faint|p1b: Kommo-o\n|move|p1a: Corviknight|Tailwind|p1a: Corviknight\n|-sidestart|p1: Azmatic1|move: Tailwind\n|\n|upkeep\n|\n|t:|1776055457\n|switch|p1b: Glimmora|Glimmora, L50, F|100/100\n|turn|6\n|\n|t:|1776055474\n|detailschange|p1b: Glimmora|Glimmora-Mega, L50, F\n|-mega|p1b: Glimmora|Glimmora|Glimmoranite\n|move|p1b: Glimmora|Sludge Wave|p2a: Delphox|[spread] p2a,p2b\n|-immune|p1a: Corviknight\n|-damage|p2a: Delphox|0 fnt\n|-damage|p2b: Samurott|16/100\n|faint|p2a: Delphox\n|move|p1a: Corviknight|Body Press|p2b: Samurott\n|-supereffective|p2b: Samurott|1\n|-damage|p2b: Samurott|0 fnt\n|faint|p2b: Samurott\n|\n|win|Azmatic1\n|raw|Azmatic1's rating: 1228 &rarr; <strong>1261</strong><br />(+33 for winning)\n|raw|loklastaji's rating: 1339 &rarr; <strong>1313</strong><br />(-26 for losing)\n|l|\u2606loklastaji\n|player|p2|\n|l|\u2606Azmatic1\n|player|p1|\n|j|\u2606Azmatic1\n|player|p1|Azmatic1|101|\n",
  "uploadtime": 1776055485,
  "views": 20,
  "formatid": "gen9championsvgc2026regma",
  "rating": 1261,
  "private": 0,
  "password": null
}