{
  "id": "gen9championsvgc2026regma-2583964492",
  "format": "[Gen 9 Champions] VGC 2026 Reg M-A",
  "players": [
    "RosiestCoin811",
    "JimmiBunnie"
  ],
  "log": "|j|\u2606RosiestCoin811\n|j|\u2606JimmiBunnie\n|t:|1776212373\n|gametype|doubles\n|player|p1|RosiestCoin811|169|1107\n|player|p2|JimmiBunnie|pokekid|1095\n|gen|9\n|tier|[Gen 9 Champions] VGC 2026 Reg M-A\n|rated|\n|rule|Species Clause: Limit one of each Pok\u00e9mon\n|rule|Item Clause: Limit 1 of each item\n|clearpoke\n|poke|p1|Pelipper, L50, M|\n|poke|p1|Dragonite, L50, M|\n|poke|p1|Archaludon, L50, M|\n|poke|p1|Basculegion, L50, M|\n|poke|p1|Sneasler, L50, M|\n|poke|p1|Infernape, L50, M|\n|poke|p2|Lopunny, L50, M|\n|poke|p2|Garchomp, L50, M|\n|poke|p2|Incineroar, L50, F|\n|poke|p2|Rotom-Wash, L50|\n|poke|p2|Whimsicott, L50, M|\n|poke|p2|Milotic, L50, M|\n|teampreview|4\n|inactive|Battle timer is ON: inactive players will automatically lose when time's up. (requested by RosiestCoin811)\n|\n|t:|1776212394\n|teamsize|p1|4\n|teamsize|p2|4\n|start\n|switch|p1a: Pelipper|Pelipper, L50, M|100/100\n|switch|p1b: Infernape|Infernape, L50, M|100/100\n|switch|p2a: Milotic|Milotic, L50, M|100/100\n|switch|p2b: Rotom|Rotom-Wash, L50|100/100\n|-weather|RainDance|[from] ability: Drizzle|[of] p1a: Pelipper\n|turn|1\n|\n|t:|1776212408\n|move|p1b: Infernape|Protect|p1b: Infernape\n|-singleturn|p1b: Infernape|Protect\n|move|p1a: Pelipper|Tailwind|p1a: Pelipper\n|-sidestart|p1: RosiestCoin811|move: Tailwind\n|move|p2b: Rotom|Volt Switch|p1a: Pelipper\n|-supereffective|p1a: Pelipper|2\n|-enditem|p1a: Pelipper|Focus Sash\n|-damage|p1a: Pelipper|1/100\n|\n|t:|1776212420\n|switch|p2b: Lopunny|Lopunny, L50, M|100/100|[from] Volt Switch\n|move|p2a: Milotic|Scald|p1b: Infernape\n|-activate|p1b: Infernape|move: Protect\n|\n|-weather|RainDance|[upkeep]\n|upkeep\n|turn|2\n|\n|t:|1776212436\n|switch|p1b: Dragonite|Dragonite, L50, M, shiny|100/100\n|switch|p1a: Basculegion|Basculegion, L50, M, shiny|100/100\n|detailschange|p2b: Lopunny|Lopunny-Mega, L50, M\n|-mega|p2b: Lopunny|Lopunny|Lopunnite\n|move|p2b: Lopunny|Close Combat|p1b: Dragonite\n|-resisted|p1b: Dragonite|1\n|-damage|p1b: Dragonite|83/100\n|-unboost|p2b: Lopunny|def|1\n|-unboost|p2b: Lopunny|spd|1\n|move|p2a: Milotic|Icy Wind|p1a: Basculegion|[spread] p1a,p1b\n|-resisted|p1a: Basculegion|1\n|-supereffective|p1b: Dragonite|2\n|-damage|p1a: Basculegion|95/100\n|-damage|p1b: Dragonite|42/100\n|-unboost|p1a: Basculegion|spe|1\n|-unboost|p1b: Dragonite|spe|1\n|\n|-weather|RainDance|[upkeep]\n|upkeep\n|turn|3\n|inactive|RosiestCoin811 has 30 seconds left.\n|\n|t:|1776212462\n|switch|p2b: Rotom|Rotom-Wash, L50|100/100\n|detailschange|p1b: Dragonite|Dragonite-Mega, L50, M, shiny\n|-mega|p1b: Dragonite|Dragonite|Dragoninite\n|move|p1a: Basculegion|Wave Crash|p2b: Rotom\n|-resisted|p2b: Rotom|1\n|-damage|p2b: Rotom|46/100\n|-damage|p1a: Basculegion|81/100|[from] Recoil\n|move|p1b: Dragonite|Thunder|p2a: Milotic\n|-supereffective|p2a: Milotic|1\n|-damage|p2a: Milotic|47/100\n|move|p2a: Milotic|Icy Wind|p1b: Dragonite|[spread] p1a,p1b\n|-resisted|p1a: Basculegion|1\n|-supereffective|p1b: Dragonite|2\n|-damage|p1a: Basculegion|76/100\n|-damage|p1b: Dragonite|6/100\n|-unboost|p1a: Basculegion|spe|1\n|-unboost|p1b: Dragonite|spe|1\n|\n|-weather|RainDance|[upkeep]\n|-heal|p2a: Milotic|53/100|[from] item: Leftovers\n|upkeep\n|turn|4\n|inactive|RosiestCoin811 has 30 seconds left.\n|inactive|JimmiBunnie has 30 seconds left.\n|\n|t:|1776212490\n|move|p2a: Milotic|Protect|p2a: Milotic\n|-singleturn|p2a: Milotic|Protect\n|move|p1a: Basculegion|Wave Crash|p2b: Rotom\n|-resisted|p2b: Rotom|1\n|-damage|p2b: Rotom|0 fnt\n|faint|p2b: Rotom\n|-damage|p1a: Basculegion|64/100|[from] Recoil\n|move|p1b: Dragonite|Dragon Pulse|p2a: Milotic\n|-activate|p2a: Milotic|move: Protect\n|\n|-weather|RainDance|[upkeep]\n|-heal|p2a: Milotic|59/100|[from] item: Leftovers\n|-sideend|p1: RosiestCoin811|move: Tailwind\n|upkeep\n|\n|t:|1776212501\n|switch|p2b: Lopunny|Lopunny-Mega, L50, M|100/100\n|turn|5\n|\n|t:|1776212518\n|move|p2b: Lopunny|Fake Out|p1b: Dragonite\n|-damage|p1b: Dragonite|0 fnt\n|faint|p1b: Dragonite\n|move|p1a: Basculegion|Aqua Jet|p2b: Lopunny\n|-damage|p2b: Lopunny|49/100\n|move|p2a: Milotic|Recover|p2a: Milotic\n|-heal|p2a: Milotic|100/100\n|\n|-weather|none\n|upkeep\n|\n|t:|1776212529\n|switch|p1b: Infernape|Infernape, L50, M|100/100\n|turn|6\n|\n|t:|1776212544\n|switch|p1b: Pelipper|Pelipper, L50, M|1/100\n|-weather|RainDance|[from] ability: Drizzle|[of] p1b: Pelipper\n|move|p1a: Basculegion|Aqua Jet|p2b: Lopunny\n|-damage|p2b: Lopunny|3/100\n|move|p2b: Lopunny|Close Combat|p1a: Basculegion\n|-damage|p1a: Basculegion|0 fnt\n|-unboost|p2b: Lopunny|def|1\n|-unboost|p2b: Lopunny|spd|1\n|faint|p1a: Basculegion\n|move|p2a: Milotic|Scald|p1b: Pelipper\n|-resisted|p1b: Pelipper|1\n|-damage|p1b: Pelipper|0 fnt\n|faint|p1b: Pelipper\n|\n|-weather|RainDance|[upkeep]\n|upkeep\n|\n|t:|1776212564\n|switch|p1b: Infernape|Infernape, L50, M|100/100\n|turn|7\n|\n|t:|1776212575\n|move|p2b: Lopunny|Close Combat|p1b: Infernape\n|-damage|p1b: Infernape|6/100\n|-unboost|p2b: Lopunny|def|1\n|-unboost|p2b: Lopunny|spd|1\n|move|p1b: Infernape|Flare Blitz|p2b: Lopunny\n|-damage|p2b: Lopunny|0 fnt\n|faint|p2b: Lopunny\n|-damage|p1b: Infernape|6/100|[from] Recoil\n|move|p2a: Milotic|Scald|p1b: Infernape\n|-supereffective|p1b: Infernape|1\n|-damage|p1b: Infernape|0 fnt\n|faint|p1b: Infernape\n|\n|win|JimmiBunnie\n|raw|RosiestCoin811's rating: 1107 &rarr; <strong>1081</strong><br />(-26 for losing)\n|raw|JimmiBunnie's rating: 1095 &rarr; <strong>1122</strong><br />(+27 for winning)\n|l|\u2606RosiestCoin811\n|player|p1|\n",
  "uploadtime": 1776212597,
  "views": 16,
  "formatid": "gen9championsvgc2026regma",
  "rating": 1081,
  "private": 0,
  "password": null
}