{
  "id": "gen9championsvgc2026regma-2580847084",
  "format": "[Gen 9 Champions] VGC 2026 Reg M-A",
  "players": [
    "mmesmerizer",
    "jvniperberry"
  ],
  "log": "|j|\u2606mmesmerizer\n|j|\u2606jvniperberry\n|t:|1775937335\n|gametype|doubles\n|player|p1|mmesmerizer|n|1093\n|player|p2|jvniperberry|169|1028\n|gen|9\n|tier|[Gen 9 Champions] VGC 2026 Reg M-A\n|rated|\n|rule|Species Clause: Limit one of each Pok\u00e9mon\n|rule|Item Clause: Limit 1 of each item\n|clearpoke\n|poke|p1|Victreebel, L50, F|\n|poke|p1|Incineroar, L50, F|\n|poke|p1|Milotic, L50, F|\n|poke|p1|Aerodactyl, L50, M|\n|poke|p1|Sneasler, L50, F|\n|poke|p1|Farigiraf, L50, M|\n|poke|p2|Tyranitar, L50, F|\n|poke|p2|Whimsicott, L50, F|\n|poke|p2|Excadrill, L50, F|\n|poke|p2|Gengar, L50, F|\n|poke|p2|Maushold-Four, L50|\n|poke|p2|Incineroar, L50, M|\n|teampreview|4\n|inactive|Battle timer is ON: inactive players will automatically lose when time's up. (requested by mmesmerizer)\n|\n|t:|1775937363\n|teamsize|p1|4\n|teamsize|p2|4\n|start\n|switch|p1a: Aerodactyl|Aerodactyl, L50, M|100/100\n|switch|p1b: Sneasler|Sneasler, L50, F|100/100\n|switch|p2a: Tyranitar|Tyranitar, L50, F|100/100\n|switch|p2b: Whimsicott|Whimsicott, L50, F|100/100\n|-ability|p1a: Aerodactyl|Unnerve\n|-weather|Sandstorm|[from] ability: Sand Stream|[of] p2a: Tyranitar\n|turn|1\n|inactive|jvniperberry has 30 seconds left.\n|\n|t:|1775937391\n|switch|p2b: Excadrill|Excadrill, L50, F|100/100\n|switch|p2a: Gengar|Gengar, L50, F|100/100\n|move|p1b: Sneasler|Fake Out|p2b: Excadrill\n|-resisted|p2b: Excadrill|1\n|-damage|p2b: Excadrill|91/100\n|move|p1a: Aerodactyl|Taunt|p2b: Excadrill\n|-start|p2b: Excadrill|move: Taunt\n|\n|-weather|Sandstorm|[upkeep]\n|-damage|p2a: Gengar|95/100|[from] Sandstorm\n|-damage|p1b: Sneasler|95/100|[from] Sandstorm\n|upkeep\n|turn|2\n|inactive|jvniperberry has 30 seconds left.\n|inactive|jvniperberry has 20 seconds left.\n|\n|t:|1775937430\n|detailschange|p2a: Gengar|Gengar-Mega, L50, F\n|-mega|p2a: Gengar|Gengar|Gengarite\n|move|p1b: Sneasler|Protect|p1b: Sneasler\n|-singleturn|p1b: Sneasler|Protect\n|move|p2a: Gengar|Shadow Ball|p1b: Sneasler\n|-activate|p1b: Sneasler|move: Protect\n|move|p1a: Aerodactyl|Tailwind|p1a: Aerodactyl\n|-sidestart|p1: mmesmerizer|move: Tailwind\n|move|p2b: Excadrill|Rock Slide|p1a: Aerodactyl|[spread] p1a\n|-activate|p1b: Sneasler|move: Protect\n|-supereffective|p1a: Aerodactyl|1\n|-damage|p1a: Aerodactyl|13/100\n|\n|-weather|Sandstorm|[upkeep]\n|-damage|p1b: Sneasler|89/100|[from] Sandstorm\n|-damage|p2a: Gengar|89/100|[from] Sandstorm\n|upkeep\n|turn|3\n|inactive|jvniperberry has 30 seconds left.\n|\n|t:|1775937457\n|move|p1a: Aerodactyl|Taunt|p2a: Gengar\n|-start|p2a: Gengar|move: Taunt\n|move|p1b: Sneasler|Close Combat|p2b: Excadrill\n|-supereffective|p2b: Excadrill|1\n|-damage|p2b: Excadrill|0 fnt\n|-unboost|p1b: Sneasler|def|1\n|-unboost|p1b: Sneasler|spd|1\n|faint|p2b: Excadrill\n|-enditem|p1b: Sneasler|White Herb\n|-clearnegativeboost|p1b: Sneasler|[silent]\n|move|p2a: Gengar|Shadow Ball|p1b: Sneasler\n|-damage|p1b: Sneasler|20/100\n|\n|-weather|Sandstorm|[upkeep]\n|-damage|p1b: Sneasler|15/100|[from] Sandstorm\n|-damage|p2a: Gengar|83/100|[from] Sandstorm\n|upkeep\n|\n|t:|1775937472\n|switch|p2b: Tyranitar|Tyranitar, L50, F|100/100\n|turn|4\n|\n|t:|1775937479\n|move|p2b: Tyranitar|Protect|p2b: Tyranitar\n|-singleturn|p2b: Tyranitar|Protect\n|move|p1b: Sneasler|Close Combat|p2b: Tyranitar\n|-activate|p2b: Tyranitar|move: Protect\n|move|p1a: Aerodactyl|Rock Slide|p2b: Tyranitar|[spread] p2a\n|-activate|p2b: Tyranitar|move: Protect\n|-damage|p2a: Gengar|43/100\n|move|p2a: Gengar|Dazzling Gleam|p1a: Aerodactyl|[spread] p1a,p1b\n|-damage|p1a: Aerodactyl|0 fnt\n|-damage|p1b: Sneasler|0 fnt\n|faint|p1a: Aerodactyl\n|faint|p1b: Sneasler\n|\n|-weather|Sandstorm|[upkeep]\n|-damage|p2a: Gengar|37/100|[from] Sandstorm\n|upkeep\n|\n|t:|1775937485\n|switch|p1a: Victreebel|Victreebel, L50, F, shiny|100/100\n|switch|p1b: Farigiraf|Farigiraf, L50, M|100/100\n|turn|5\n|inactive|jvniperberry has 30 seconds left.\n|inactive|jvniperberry has 20 seconds left.\n|inactive|jvniperberry has 15 seconds left.\n|\n|t:|1775937528\n|detailschange|p1a: Victreebel|Victreebel-Mega, L50, F, shiny\n|-mega|p1a: Victreebel|Victreebel|Victreebelite\n|move|p2a: Gengar|Sludge Bomb|p1a: Victreebel\n|-damage|p1a: Victreebel|42/100\n|move|p1a: Victreebel|Strength Sap|p2b: Tyranitar\n|-unboost|p2b: Tyranitar|atk|1\n|-heal|p1a: Victreebel|100/100\n|move|p1b: Farigiraf|Psychic|p2a: Gengar\n|-supereffective|p2a: Gengar|1\n|-damage|p2a: Gengar|0 fnt\n|faint|p2a: Gengar\n|move|p2b: Tyranitar|Knock Off|p1b: Farigiraf\n|-supereffective|p1b: Farigiraf|1\n|-damage|p1b: Farigiraf|37/100\n|-enditem|p1b: Farigiraf|Mental Herb|[from] move: Knock Off|[of] p2b: Tyranitar\n|\n|-weather|none\n|-sideend|p1: mmesmerizer|move: Tailwind\n|upkeep\n|\n|t:|1775937544\n|switch|p2a: Whimsicott|Whimsicott, L50, F|100/100\n|turn|6\n|\n|t:|1775937558\n|move|p1b: Farigiraf|Protect|p1b: Farigiraf\n|-singleturn|p1b: Farigiraf|Protect\n|move|p2a: Whimsicott|Encore||[still]\n|cant|p1b: Farigiraf|ability: Armor Tail|Encore|[of] p2a: Whimsicott\n|move|p1a: Victreebel|Sludge Bomb|p2b: Tyranitar\n|-resisted|p2b: Tyranitar|1\n|-damage|p2b: Tyranitar|79/100\n|move|p2b: Tyranitar|Rock Slide|p1b: Farigiraf|[spread] p1a\n|-activate|p1b: Farigiraf|move: Protect\n|-damage|p1a: Victreebel|78/100\n|\n|upkeep\n|turn|7\n|inactive|jvniperberry has 30 seconds left.\n|inactive|jvniperberry has 20 seconds left.\n|inactive|jvniperberry has 15 seconds left.\n|\n|t:|1775937601\n|move|p1b: Farigiraf|Helping Hand|p1a: Victreebel\n|-singleturn|p1a: Victreebel|Helping Hand|[of] p1b: Farigiraf\n|move|p2a: Whimsicott|Moonblast|p1b: Farigiraf\n|-damage|p1b: Farigiraf|1/100\n|move|p1a: Victreebel|Giga Drain|p2b: Tyranitar\n|-supereffective|p2b: Tyranitar|1\n|-damage|p2b: Tyranitar|0 fnt\n|-heal|p1a: Victreebel|100/100|[from] drain|[of] p2b: Tyranitar\n|faint|p2b: Tyranitar\n|\n|upkeep\n|turn|8\n|\n|t:|1775937617\n|move|p1b: Farigiraf|Protect|p1b: Farigiraf\n|-singleturn|p1b: Farigiraf|Protect\n|move|p2a: Whimsicott|Moonblast|p1b: Farigiraf\n|-activate|p1b: Farigiraf|move: Protect\n|move|p1a: Victreebel|Sludge Bomb|p2a: Whimsicott\n|-supereffective|p2a: Whimsicott|2\n|-damage|p2a: Whimsicott|0 fnt\n|faint|p2a: Whimsicott\n|\n|win|mmesmerizer\n|raw|mmesmerizer's rating: 1093 &rarr; <strong>1114</strong><br />(+21 for winning)\n|raw|jvniperberry's rating: 1028 &rarr; <strong>1016</strong><br />(-12 for losing)\n|l|\u2606jvniperberry\n|player|p2|\n",
  "uploadtime": 1775937631,
  "views": 12,
  "formatid": "gen9championsvgc2026regma",
  "rating": 1016,
  "private": 0,
  "password": null
}