{
  "id": "gen9championsvgc2026regma-2582876033",
  "format": "[Gen 9 Champions] VGC 2026 Reg M-A",
  "players": [
    "Fanoi Fannah",
    "roooodddd"
  ],
  "log": "|j|\u2606Fanoi Fannah\n|j|\u2606roooodddd\n|t:|1776121197\n|gametype|doubles\n|player|p1|Fanoi Fannah|battlegirl|1118\n|player|p2|roooodddd|n|1132\n|gen|9\n|tier|[Gen 9 Champions] VGC 2026 Reg M-A\n|rated|\n|rule|Species Clause: Limit one of each Pok\u00e9mon\n|rule|Item Clause: Limit 1 of each item\n|clearpoke\n|poke|p1|Floette-Eternal, L50, F|\n|poke|p1|Garchomp, L50, F|\n|poke|p1|Sneasler, L50, M|\n|poke|p1|Rotom-Wash, L50|\n|poke|p1|Aerodactyl, L50, M|\n|poke|p1|Incineroar, L50, M|\n|poke|p2|Pelipper, L50, M|\n|poke|p2|Whimsicott, L50, M|\n|poke|p2|Aegislash, L50, M|\n|poke|p2|Starmie, L50|\n|poke|p2|Charizard, L50, F|\n|poke|p2|Weavile, L50, F|\n|teampreview|4\n|inactive|Battle timer is ON: inactive players will automatically lose when time's up. (requested by Fanoi Fannah)\n|\n|t:|1776121246\n|teamsize|p1|4\n|teamsize|p2|4\n|start\n|switch|p1a: Rotom|Rotom-Wash, L50|100/100\n|switch|p1b: Aerodactyl|Aerodactyl, L50, M|100/100\n|switch|p2a: Pelipper|Pelipper, L50, M, shiny|100/100\n|switch|p2b: Weavile|Weavile, L50, F|100/100\n|-ability|p1b: Aerodactyl|Unnerve\n|-weather|RainDance|[from] ability: Drizzle|[of] p2a: Pelipper\n|turn|1\n|inactive|Fanoi Fannah has 30 seconds left.\n|inactive|Fanoi Fannah has 20 seconds left.\n|\n|t:|1776121281\n|move|p1b: Aerodactyl|Protect|p1b: Aerodactyl\n|-singleturn|p1b: Aerodactyl|Protect\n|move|p2b: Weavile|Fake Out|p1b: Aerodactyl\n|-activate|p1b: Aerodactyl|move: Protect\n|move|p1a: Rotom|Thunderbolt|p2a: Pelipper\n|-supereffective|p2a: Pelipper|2\n|-damage|p2a: Pelipper|0 fnt\n|faint|p2a: Pelipper\n|\n|-weather|RainDance|[upkeep]\n|upkeep\n|inactive|roooodddd has 30 seconds left.\n|c|\u2606roooodddd|the outplay turn 1 is crazy\n|inactive|roooodddd has 20 seconds left.\n|\n|t:|1776121321\n|switch|p2a: Aegislash|Aegislash, L50, M, shiny|100/100\n|turn|2\n|inactive|Fanoi Fannah has 30 seconds left.\n|inactive|Fanoi Fannah has 20 seconds left.\n|inactive|Fanoi Fannah has 15 seconds left.\n|\n|t:|1776121365\n|move|p1a: Rotom|Thunderbolt|p2b: Weavile\n|-crit|p2b: Weavile\n|-damage|p2b: Weavile|28/100\n|move|p1b: Aerodactyl|Rock Slide|p2a: Aegislash|[spread] p2a,p2b\n|-resisted|p2a: Aegislash|1\n|-supereffective|p2b: Weavile|1\n|-damage|p2a: Aegislash|91/100\n|-damage|p2b: Weavile|0 fnt\n|faint|p2b: Weavile\n|-formechange|p2a: Aegislash|Aegislash-Blade|\n|move|p2a: Aegislash|Iron Head|p1b: Aerodactyl\n|-supereffective|p1b: Aerodactyl|1\n|-enditem|p1b: Aerodactyl|Focus Sash\n|-damage|p1b: Aerodactyl|1/100\n|\n|-weather|RainDance|[upkeep]\n|upkeep\n|\n|t:|1776121378\n|switch|p2b: Starmie|Starmie, L50, shiny|100/100\n|turn|3\n|inactive|Fanoi Fannah has 30 seconds left.\n|\n|t:|1776121410\n|detailschange|p2b: Starmie|Starmie-Mega, L50, shiny\n|-mega|p2b: Starmie|Starmie|Starminite\n|move|p1b: Aerodactyl|Protect|p1b: Aerodactyl\n|-singleturn|p1b: Aerodactyl|Protect\n|move|p2b: Starmie|Protect|p2b: Starmie\n|-singleturn|p2b: Starmie|Protect\n|move|p1a: Rotom|Thunderbolt|p2b: Starmie\n|-activate|p2b: Starmie|move: Protect\n|move|p2a: Aegislash|Sacred Sword|p1a: Rotom\n|-damage|p1a: Rotom|64/100\n|\n|-weather|RainDance|[upkeep]\n|upkeep\n|turn|4\n|\n|t:|1776121431\n|move|p2a: Aegislash|Shadow Sneak|p1b: Aerodactyl\n|-damage|p1b: Aerodactyl|0 fnt\n|faint|p1b: Aerodactyl\n|move|p1a: Rotom|Thunderbolt|p2b: Starmie\n|-supereffective|p2b: Starmie|1\n|-damage|p2b: Starmie|11/100\n|move|p2b: Starmie|Liquidation|p1a: Rotom\n|-resisted|p1a: Rotom|1\n|-crit|p1a: Rotom\n|-damage|p1a: Rotom|0 fnt\n|faint|p1a: Rotom\n|\n|-weather|RainDance|[upkeep]\n|upkeep\n|\n|t:|1776121436\n|switch|p1b: Floette|Floette-Eternal, L50, F|100/100\n|switch|p1a: Garchomp|Garchomp, L50, F|100/100\n|turn|5\n|inactive|Fanoi Fannah has 30 seconds left.\n|inactive|roooodddd has 30 seconds left.\n|inactive|Fanoi Fannah has 20 seconds left.\n|inactive|roooodddd has 20 seconds left.\n|inactive|roooodddd has 15 seconds left.\n|inactive|Fanoi Fannah has 15 seconds left.\n|inactive|roooodddd has 10 seconds left.\n|inactive|Fanoi Fannah has 10 seconds left.\n|\n|t:|1776121495\n|move|p1b: Floette|Protect|p1b: Floette\n|-singleturn|p1b: Floette|Protect\n|-formechange|p2a: Aegislash|Aegislash|\n|move|p2a: Aegislash|King's Shield|p2a: Aegislash\n|-singleturn|p2a: Aegislash|Protect\n|move|p2b: Starmie|Liquidation|p1a: Garchomp\n|-damage|p1a: Garchomp|0 fnt\n|-damage|p2b: Starmie|0 fnt|[from] ability: Rough Skin|[of] p1a: Garchomp\n|faint|p1a: Garchomp\n|faint|p2b: Starmie\n|\n|-weather|none\n|upkeep\n|turn|6\n|c|\u2606roooodddd|THE OUTPLAY\n|c|\u2606roooodddd|gg\n|inactive|Fanoi Fannah has 30 seconds left.\n|\n|t:|1776121524\n|detailschange|p1b: Floette|Floette-Mega, L50, F\n|-mega|p1b: Floette|Floette|Floettite\n|-ability|p1b: Floette|Fairy Aura\n|move|p1b: Floette|Calm Mind|p1b: Floette\n|-boost|p1b: Floette|spa|1\n|-boost|p1b: Floette|spd|1\n|-formechange|p2a: Aegislash|Aegislash-Blade|\n|move|p2a: Aegislash|Iron Head|p1b: Floette\n|-supereffective|p1b: Floette|1\n|-damage|p1b: Floette|10/100\n|\n|upkeep\n|turn|7\n|inactive|Fanoi Fannah has 30 seconds left.\n|inactive|Fanoi Fannah has 20 seconds left.\n|inactive|roooodddd has 30 seconds left.\n|\n|t:|1776121563\n|move|p2a: Aegislash|Shadow Sneak|p1b: Floette\n|-damage|p1b: Floette|0 fnt\n|faint|p1b: Floette\n|\n|win|roooodddd\n|raw|Fanoi Fannah's rating: 1118 &rarr; <strong>1094</strong><br />(-24 for losing)\n|raw|roooodddd's rating: 1132 &rarr; <strong>1156</strong><br />(+24 for winning)\n",
  "uploadtime": 1776121575,
  "views": 15,
  "formatid": "gen9championsvgc2026regma",
  "rating": 1094,
  "private": 0,
  "password": null
}