{
  "id": "gen9championsvgc2026regma-2582476675",
  "format": "[Gen 9 Champions] VGC 2026 Reg M-A",
  "players": [
    "soyelsea3",
    "shelmerVGC"
  ],
  "log": "|j|\u2606soyelsea3\n|j|\u2606shelmerVGC\n|t:|1776094173\n|gametype|doubles\n|player|p1|soyelsea3|cynthia|1094\n|player|p2|shelmerVGC|101|1175\n|gen|9\n|tier|[Gen 9 Champions] VGC 2026 Reg M-A\n|rated|\n|rule|Species Clause: Limit one of each Pok\u00e9mon\n|rule|Item Clause: Limit 1 of each item\n|clearpoke\n|poke|p1|Sneasler, L50, F|\n|poke|p1|Tyranitar, L50, F|\n|poke|p1|Rotom-Wash, L50|\n|poke|p1|Excadrill, L50, M|\n|poke|p1|Dragapult, L50, M|\n|poke|p1|Meganium, L50, M|\n|poke|p2|Floette-Eternal, L50, F|\n|poke|p2|Incineroar, L50, M|\n|poke|p2|Palafin, L50, M|\n|poke|p2|Sinistcha, L50|\n|poke|p2|Garchomp, L50, F|\n|poke|p2|Corviknight, L50, F|\n|teampreview|4\n|inactive|Battle timer is ON: inactive players will automatically lose when time's up. (requested by shelmerVGC)\n|inactive|shelmerVGC has 60 seconds left.\nsoyelsea3 rejected open team sheets.\n|\n|t:|1776094230\n|teamsize|p1|4\n|teamsize|p2|4\n|start\n|switch|p1a: Sneasler|Sneasler, L50, F|100/100\n|switch|p1b: Rotom|Rotom-Wash, L50|100/100\n|switch|p2a: Corviknight|Corviknight, L50, F|100/100\n|switch|p2b: Palafin|Palafin, L50, M|100/100\n|turn|1\n|inactive|soyelsea3 has 30 seconds left.\n|\n|t:|1776094263\n|detailschange|p2b: Palafin|Palafin-Hero, L50, M\n|switch|p2b: Incineroar|Incineroar, L50, M|100/100\n|-ability|p2b: Incineroar|Intimidate|boost\n|-unboost|p1a: Sneasler|atk|1\n|-unboost|p1b: Rotom|atk|1\n|-enditem|p1a: Sneasler|White Herb\n|-clearnegativeboost|p1a: Sneasler|[silent]\n|switch|p2a: Garchomp|Garchomp, L50, F|100/100\n|move|p1a: Sneasler|Fake Out|p2a: Garchomp\n|-damage|p2a: Garchomp|85/100\n|move|p1b: Rotom|Thunderbolt|p2b: Incineroar\n|-damage|p2b: Incineroar|71/100\n|\n|upkeep\n|turn|2\n|\n|t:|1776094290\n|move|p2b: Incineroar|Fake Out|p1b: Rotom\n|-damage|p1b: Rotom|90/100\n|move|p1a: Sneasler|Close Combat|p2a: Garchomp\n|-damage|p2a: Garchomp|14/100\n|-unboost|p1a: Sneasler|def|1\n|-unboost|p1a: Sneasler|spd|1\n|move|p2a: Garchomp|Dragon Claw|p1a: Sneasler\n|-damage|p1a: Sneasler|0 fnt\n|faint|p1a: Sneasler\n|cant|p1b: Rotom|flinch\n|\n|upkeep\n|\n|t:|1776094305\n|switch|p1a: Tyranitar|Tyranitar, L50, F|100/100\n|-weather|Sandstorm|[from] ability: Sand Stream|[of] p1a: Tyranitar\n|turn|3\n|\n|t:|1776094317\n|switch|p2b: Corviknight|Corviknight, L50, F|100/100\n|move|p2a: Garchomp|Earthquake|p1a: Tyranitar|[spread] p1a\n|-immune|p2b: Corviknight\n|-immune|p1b: Rotom|[from] ability: Levitate\n|-supereffective|p1a: Tyranitar|1\n|-damage|p1a: Tyranitar|37/100\n|move|p1b: Rotom|Hydro Pump|p2b: Corviknight|[miss]\n|-miss|p1b: Rotom|p2b: Corviknight\n|move|p1a: Tyranitar|Ice Punch|p2a: Garchomp\n|-supereffective|p2a: Garchomp|2\n|-crit|p2a: Garchomp\n|-damage|p2a: Garchomp|0 fnt\n|faint|p2a: Garchomp\n|\n|-weather|Sandstorm|[upkeep]\n|-damage|p1b: Rotom|85/100|[from] Sandstorm\n|upkeep\n|\n|t:|1776094332\n|switch|p2a: Incineroar|Incineroar, L50, M|71/100\n|-ability|p2a: Incineroar|Intimidate|boost\n|-unboost|p1a: Tyranitar|atk|1\n|-unboost|p1b: Rotom|atk|1\n|turn|4\n|\n|t:|1776094353\n|move|p2a: Incineroar|Fake Out|p1b: Rotom\n|-damage|p1b: Rotom|74/100\n|cant|p1b: Rotom|flinch\n|move|p2b: Corviknight|Tailwind|p2b: Corviknight\n|-sidestart|p2: shelmerVGC|move: Tailwind\n|move|p1a: Tyranitar|Ice Punch|p2b: Corviknight\n|-damage|p2b: Corviknight|89/100\n|\n|-weather|Sandstorm|[upkeep]\n|-damage|p2a: Incineroar|65/100|[from] Sandstorm\n|-damage|p1b: Rotom|68/100|[from] Sandstorm\n|-heal|p2b: Corviknight|95/100|[from] item: Leftovers\n|upkeep\n|turn|5\n|\n|t:|1776094368\n|move|p2a: Incineroar|Parting Shot|p1b: Rotom\n|-unboost|p1b: Rotom|atk|1\n|-unboost|p1b: Rotom|spa|1\n|\n|t:|1776094371\n|switch|p2a: Palafin|Palafin-Hero, L50, M|100/100|[from] Parting Shot\n|-activate|p2a: Palafin|ability: Zero to Hero\n|move|p2b: Corviknight|Iron Defense|p2b: Corviknight\n|-boost|p2b: Corviknight|def|2\n|move|p1b: Rotom|Thunderbolt|p2b: Corviknight\n|-supereffective|p2b: Corviknight|1\n|-damage|p2b: Corviknight|53/100\n|move|p1a: Tyranitar|Knock Off|p2a: Palafin\n|-damage|p2a: Palafin|70/100\n|-enditem|p2a: Palafin|Mystic Water|[from] move: Knock Off|[of] p1a: Tyranitar\n|\n|-weather|Sandstorm|[upkeep]\n|-damage|p2a: Palafin|64/100|[from] Sandstorm\n|-damage|p1b: Rotom|62/100|[from] Sandstorm\n|-heal|p2b: Corviknight|59/100|[from] item: Leftovers\n|upkeep\n|turn|6\n|\n|t:|1776094394\n|move|p2a: Palafin|Wave Crash|p1b: Rotom\n|-resisted|p1b: Rotom|1\n|-damage|p1b: Rotom|29/100\n|-enditem|p1b: Rotom|Sitrus Berry|[eat]\n|-heal|p1b: Rotom|54/100|[from] item: Sitrus Berry\n|-damage|p2a: Palafin|56/100|[from] Recoil\n|move|p2b: Corviknight|Body Press|p1b: Rotom\n|-damage|p1b: Rotom|4/100\n|move|p1b: Rotom|Volt Switch|p2a: Palafin\n|-supereffective|p2a: Palafin|1\n|-damage|p2a: Palafin|21/100\n|\n|t:|1776094406\n|switch|p1b: Excadrill|Excadrill, L50, M|100/100|[from] Volt Switch\n|move|p1a: Tyranitar|Knock Off|p2b: Corviknight\n|-damage|p2b: Corviknight|48/100\n|-enditem|p2b: Corviknight|Leftovers|[from] move: Knock Off|[of] p1a: Tyranitar\n|\n|-weather|Sandstorm|[upkeep]\n|-damage|p2a: Palafin|15/100|[from] Sandstorm\n|upkeep\n|turn|7\n|inactive|shelmerVGC has 30 seconds left.\n|\n|t:|1776094432\n|move|p2a: Palafin|Jet Punch|p1b: Excadrill\n|-supereffective|p1b: Excadrill|1\n|-enditem|p1b: Excadrill|Focus Sash\n|-damage|p1b: Excadrill|1/100\n|move|p1b: Excadrill|Iron Head|p2a: Palafin\n|-resisted|p2a: Palafin|1\n|-damage|p2a: Palafin|0 fnt\n|faint|p2a: Palafin\n|move|p2b: Corviknight|Body Press|p1b: Excadrill\n|-supereffective|p1b: Excadrill|1\n|-damage|p1b: Excadrill|0 fnt\n|faint|p1b: Excadrill\n|move|p1a: Tyranitar|Ice Punch|p2b: Corviknight\n|-damage|p2b: Corviknight|42/100\n|\n|-weather|none\n|-sideend|p2: shelmerVGC|move: Tailwind\n|upkeep\n|\n|t:|1776094445\n|switch|p1b: Rotom|Rotom-Wash, L50|4/100\n|switch|p2a: Incineroar|Incineroar, L50, M|65/100\n|-ability|p2a: Incineroar|Intimidate|boost\n|-unboost|p1a: Tyranitar|atk|1\n|-unboost|p1b: Rotom|atk|1\n|turn|8\n|\n|t:|1776094457\n|move|p2a: Incineroar|Fake Out|p1b: Rotom\n|-damage|p1b: Rotom|0 fnt\n|faint|p1b: Rotom\n|move|p2b: Corviknight|Body Press|p1a: Tyranitar\n|-supereffective|p1a: Tyranitar|2\n|-enditem|p1a: Tyranitar|Chople Berry|[eat]\n|-enditem|p1a: Tyranitar|Chople Berry|[weaken]\n|-damage|p1a: Tyranitar|0 fnt\n|faint|p1a: Tyranitar\n|\n|win|shelmerVGC\n|raw|soyelsea3's rating: 1094 &rarr; <strong>1075</strong><br />(-19 for losing)\n|raw|shelmerVGC's rating: 1175 &rarr; <strong>1194</strong><br />(+19 for winning)\n|l|\u2606soyelsea3\n|player|p1|\n",
  "uploadtime": 1776094467,
  "views": 18,
  "formatid": "gen9championsvgc2026regma",
  "rating": 1075,
  "private": 0,
  "password": null
}