{
  "id": "gen9championsvgc2026regma-2585477667",
  "format": "[Gen 9 Champions] VGC 2026 Reg M-A",
  "players": [
    "superkiro",
    "Purplkat"
  ],
  "log": "|j|\u2606superkiro\n|j|\u2606Purplkat\n|t:|1776350051\n|gametype|doubles\n|player|p1|superkiro|jogger|1127\n|player|p2|Purplkat|169|1162\n|gen|9\n|tier|[Gen 9 Champions] VGC 2026 Reg M-A\n|rated|\n|rule|Species Clause: Limit one of each Pok\u00e9mon\n|rule|Item Clause: Limit 1 of each item\n|clearpoke\n|poke|p1|Charizard, L50, F|\n|poke|p1|Whimsicott, L50, F|\n|poke|p1|Garchomp, L50, M|\n|poke|p1|Incineroar, L50, F|\n|poke|p1|Venusaur, L50, F|\n|poke|p1|Rotom-Wash, L50|\n|poke|p2|Dragonite, L50, F|\n|poke|p2|Mudsdale, L50, F|\n|poke|p2|Pelipper, L50, F|\n|poke|p2|Scizor, L50, M|\n|poke|p2|Whimsicott, L50, M|\n|poke|p2|Rotom-Heat, L50|\n|teampreview|4\n|n|\u2606superkiro|superkiro\n|\n|t:|1776350076\n|teamsize|p1|4\n|teamsize|p2|4\n|start\n|switch|p1a: Charizard|Charizard, L50, F|100/100\n|switch|p1b: Whimsicott|Whimsicott, L50, F|100/100\n|switch|p2a: Mudsdale|Mudsdale, L50, F|100/100\n|switch|p2b: Rotom|Rotom-Heat, L50|100/100\n|turn|1\n|inactive|Battle timer is ON: inactive players will automatically lose when time's up. (requested by Purplkat)\n|\n|t:|1776350118\n|detailschange|p1a: Charizard|Charizard-Mega-Y, L50, F\n|-mega|p1a: Charizard|Charizard|Charizardite Y\n|-weather|SunnyDay|[from] ability: Drought|[of] p1a: Charizard\n|move|p1b: Whimsicott|Tailwind|p1b: Whimsicott\n|-sidestart|p1: superkiro|move: Tailwind\n|move|p1a: Charizard|Solar Beam||[still]\n|-prepare|p1a: Charizard|Solar Beam\n|-anim|p1a: Charizard|Solar Beam|p2a: Mudsdale\n|-supereffective|p2a: Mudsdale|1\n|-damage|p2a: Mudsdale|2/100\n|move|p2b: Rotom|Overheat|p1b: Whimsicott\n|-supereffective|p1b: Whimsicott|1\n|-damage|p1b: Whimsicott|0 fnt\n|-unboost|p2b: Rotom|spa|2\n|faint|p1b: Whimsicott\n|move|p2a: Mudsdale|Rock Slide|p1a: Charizard\n|-supereffective|p1a: Charizard|2\n|-damage|p1a: Charizard|0 fnt\n|faint|p1a: Charizard\n|\n|-weather|SunnyDay|[upkeep]\n|upkeep\n|\n|t:|1776350140\n|switch|p1b: Rotom|Rotom-Wash, L50|100/100\n|switch|p1a: Garchomp|Garchomp, L50, M|100/100\n|turn|2\n|\n|t:|1776350163\n|switch|p2b: Pelipper|Pelipper, L50, F|100/100\n|-weather|RainDance|[from] ability: Drizzle|[of] p2b: Pelipper\n|move|p2a: Mudsdale|Protect|p2a: Mudsdale\n|-singleturn|p2a: Mudsdale|Protect\n|move|p1a: Garchomp|Earthquake|p2b: Pelipper|[spread] \n|-activate|p2a: Mudsdale|move: Protect\n|-immune|p1b: Rotom|[from] ability: Levitate\n|-immune|p2b: Pelipper\n|move|p1b: Rotom|Thunderbolt|p2b: Pelipper\n|-supereffective|p2b: Pelipper|2\n|-damage|p2b: Pelipper|0 fnt\n|faint|p2b: Pelipper\n|\n|-weather|RainDance|[upkeep]\n|upkeep\n|\n|t:|1776350180\n|switch|p2b: Rotom|Rotom-Heat, L50|100/100\n|turn|3\n|inactive|superkiro has 30 seconds left.\n|\n|t:|1776350205\n|move|p1a: Garchomp|Earthquake|p2b: Rotom|[spread] p2a\n|-immune|p1b: Rotom|[from] ability: Levitate\n|-immune|p2b: Rotom|[from] ability: Levitate\n|-damage|p2a: Mudsdale|0 fnt\n|faint|p2a: Mudsdale\n|move|p2b: Rotom|Thunderbolt|p1b: Rotom\n|-damage|p1b: Rotom|62/100\n|move|p1b: Rotom|Thunderbolt|p2b: Rotom\n|-resisted|p2b: Rotom|1\n|-damage|p2b: Rotom|78/100\n|\n|-weather|RainDance|[upkeep]\n|upkeep\n|\n|t:|1776350208\n|switch|p2a: Dragonite|Dragonite, L50, F|100/100\n|turn|4\n|inactive|superkiro has 30 seconds left.\n|\n|t:|1776350237\n|detailschange|p2a: Dragonite|Dragonite-Mega, L50, F\n|-mega|p2a: Dragonite|Dragonite|Dragoninite\n|move|p2a: Dragonite|Protect|p2a: Dragonite\n|-singleturn|p2a: Dragonite|Protect\n|move|p1a: Garchomp|Rock Slide|p2a: Dragonite|[spread] p2b\n|-activate|p2a: Dragonite|move: Protect\n|-supereffective|p2b: Rotom|1\n|-damage|p2b: Rotom|19/100\n|cant|p2b: Rotom|flinch\n|move|p1b: Rotom|Hydro Pump|p2b: Rotom\n|-supereffective|p2b: Rotom|1\n|-damage|p2b: Rotom|0 fnt\n|faint|p2b: Rotom\n|\n|-weather|RainDance|[upkeep]\n|-sideend|p1: superkiro|move: Tailwind\n|upkeep\n|turn|5\n|inactive|superkiro has 30 seconds left.\n|\n|t:|1776350269\n|move|p1a: Garchomp|Rock Slide|p2a: Dragonite\n|-supereffective|p2a: Dragonite|1\n|-damage|p2a: Dragonite|75/100\n|move|p2a: Dragonite|Draco Meteor|p1a: Garchomp\n|-supereffective|p1a: Garchomp|1\n|-damage|p1a: Garchomp|0 fnt\n|-unboost|p2a: Dragonite|spa|2\n|faint|p1a: Garchomp\n|move|p1b: Rotom|Thunderbolt|p2a: Dragonite\n|-damage|p2a: Dragonite|45/100\n|\n|-weather|RainDance|[upkeep]\n|upkeep\n|turn|6\n|\n|t:|1776350285\n|move|p2a: Dragonite|Thunder|p1b: Rotom\n|-damage|p1b: Rotom|39/100\n|move|p1b: Rotom|Thunderbolt|p2a: Dragonite\n|-damage|p2a: Dragonite|16/100\n|\n|-weather|none\n|upkeep\n|turn|7\n|\n|t:|1776350295\n|move|p2a: Dragonite|Draco Meteor|p1b: Rotom\n|-damage|p1b: Rotom|0 fnt\n|-unboost|p2a: Dragonite|spa|2\n|faint|p1b: Rotom\n|\n|win|Purplkat\n|raw|superkiro's rating: 1127 &rarr; <strong>1105</strong><br />(-22 for losing)\n|raw|Purplkat's rating: 1162 &rarr; <strong>1184</strong><br />(+22 for winning)\n",
  "uploadtime": 1776350311,
  "views": 38,
  "formatid": "gen9championsvgc2026regma",
  "rating": 1105,
  "private": 0,
  "password": null
}