{
  "id": "gen9championsvgc2026regma-2586652757",
  "format": "[Gen 9 Champions] VGC 2026 Reg M-A",
  "players": [
    "Tosshii",
    "eggs and chips"
  ],
  "log": "|j|\u2606Tosshii\n|j|\u2606eggs and chips\n|t:|1776449596\n|gametype|doubles\n|player|p1|Tosshii|proton|1040\n|player|p2|eggs and chips|ghetsis-gen5bw|1000\n|gen|9\n|tier|[Gen 9 Champions] VGC 2026 Reg M-A\n|rated|\n|rule|Species Clause: Limit one of each Pok\u00e9mon\n|rule|Item Clause: Limit 1 of each item\n|clearpoke\n|poke|p1|Tyranitar, L50, F|\n|poke|p1|Meganium, L50, F|\n|poke|p1|Basculegion, L50, M|\n|poke|p1|Garchomp, L50, F|\n|poke|p1|Sneasler, L50, F|\n|poke|p1|Aerodactyl, L50, M|\n|poke|p2|Dragonite, L50, M|\n|poke|p2|Pelipper, L50, F|\n|poke|p2|Archaludon, L50, F|\n|poke|p2|Basculegion, L50, M|\n|poke|p2|Incineroar, L50, M|\n|poke|p2|Sneasler, L50, M|\n|teampreview|4\n|\n|t:|1776449658\n|teamsize|p1|4\n|teamsize|p2|4\n|start\n|switch|p1a: Sneasler|Sneasler, L50, F|100/100\n|switch|p1b: Aerodactyl|Aerodactyl, L50, M|100/100\n|switch|p2a: fish|Basculegion, L50, M, shiny|100/100\n|switch|p2b: bowl|Pelipper, L50, F|100/100\n|-ability|p1b: Aerodactyl|Unnerve\n|-weather|RainDance|[from] ability: Drizzle|[of] p2b: bowl\n|turn|1\n|inactive|Battle timer is ON: inactive players will automatically lose when time's up. (requested by eggs and chips)\n|\n|t:|1776449709\n|move|p1a: Sneasler|Protect|p1a: Sneasler\n|-singleturn|p1a: Sneasler|Protect\n|move|p2a: fish|Psychic Fangs|p1a: Sneasler\n|-activate|p1a: Sneasler|move: Protect\n|move|p1b: Aerodactyl|Rock Slide|p2b: bowl|[spread] p2a,p2b\n|-supereffective|p2b: bowl|1\n|-damage|p2a: fish|68/100\n|-damage|p2b: bowl|63/100\n|cant|p2b: bowl|flinch\n|\n|-weather|RainDance|[upkeep]\n|upkeep\n|turn|2\n|\n|t:|1776449733\n|switch|p1a: Meganium|Meganium, L50, F|100/100\n|move|p2a: fish|Waterfall|p1b: Aerodactyl\n|-supereffective|p1b: Aerodactyl|1\n|-enditem|p1b: Aerodactyl|Focus Sash\n|-damage|p1b: Aerodactyl|1/100\n|cant|p1b: Aerodactyl|flinch\n|move|p2b: bowl|Tailwind|p2b: bowl\n|-sidestart|p2: eggs and chips|move: Tailwind\n|\n|-weather|RainDance|[upkeep]\n|upkeep\n|turn|3\n|inactive|Tosshii has 30 seconds left.\n|\n|t:|1776449764\n|switch|p1b: Basculegion|Basculegion, L50, M|100/100\n|detailschange|p1a: Meganium|Meganium-Mega, L50, F\n|-mega|p1a: Meganium|Meganium|Meganiumite\n|move|p2a: fish|Ice Fang|p1a: Meganium\n|-supereffective|p1a: Meganium|1\n|-damage|p1a: Meganium|63/100\n|move|p2b: bowl|Knock Off|p1b: Basculegion\n|-supereffective|p1b: Basculegion|1\n|-damage|p1b: Basculegion|69/100\n|-enditem|p1b: Basculegion|Choice Scarf|[from] move: Knock Off|[of] p2b: bowl\n|move|p1a: Meganium|Solar Beam||[still]\n|-prepare|p1a: Meganium|Solar Beam\n|-activate|p1a: Meganium|ability: Mega Sol\n|-anim|p1a: Meganium|Solar Beam|p2a: fish\n|-supereffective|p2a: fish|1\n|-damage|p2a: fish|0 fnt\n|faint|p2a: fish\n|\n|-weather|RainDance|[upkeep]\n|upkeep\n|\n|t:|1776449778\n|switch|p2a: head wing|Dragonite, L50, M, shiny|100/100\n|turn|4\n|inactive|Tosshii has 30 seconds left.\n|\n|t:|1776449812\n|move|p2a: head wing|Protect|p2a: head wing\n|-singleturn|p2a: head wing|Protect\n|move|p2b: bowl|Knock Off|p1b: Basculegion\n|-supereffective|p1b: Basculegion|1\n|-damage|p1b: Basculegion|48/100\n|move|p1b: Basculegion|Flip Turn|p2b: bowl\n|-resisted|p2b: bowl|1\n|-damage|p2b: bowl|42/100\n|\n|t:|1776449823\n|switch|p1b: Sneasler|Sneasler, L50, F|100/100|[from] Flip Turn\n|move|p1a: Meganium|Dazzling Gleam|p2b: bowl|[spread] p2b\n|-activate|p2a: head wing|move: Protect\n|-damage|p2b: bowl|0 fnt\n|faint|p2b: bowl\n|\n|-weather|RainDance|[upkeep]\n|upkeep\n|\n|t:|1776449828\n|switch|p2b: el gato|Incineroar, L50, M, shiny|100/100\n|-ability|p2b: el gato|Intimidate|boost\n|-unboost|p1a: Meganium|atk|1\n|-unboost|p1b: Sneasler|atk|1\n|-enditem|p1b: Sneasler|White Herb\n|-clearnegativeboost|p1b: Sneasler|[silent]\n|turn|5\n|\n|t:|1776449846\n|move|p1a: Meganium|Protect|p1a: Meganium\n|-singleturn|p1a: Meganium|Protect\n|move|p1b: Sneasler|Fake Out|p2b: el gato\n|-damage|p2b: el gato|88/100\n|cant|p2b: el gato|flinch\n|move|p2a: head wing|Hurricane|p1b: Sneasler\n|-supereffective|p1b: Sneasler|1\n|-damage|p1b: Sneasler|0 fnt\n|faint|p1b: Sneasler\n|\n|-weather|none\n|-sideend|p2: eggs and chips|move: Tailwind\n|upkeep\n|\n|t:|1776449861\n|switch|p1b: Basculegion|Basculegion, L50, M|48/100\n|turn|6\n|\n|t:|1776449884\n|detailschange|p2a: head wing|Dragonite-Mega, L50, M, shiny\n|-mega|p2a: head wing|Dragonite|Dragoninite\n|move|p2a: head wing|Flamethrower|p1a: Meganium\n|-supereffective|p1a: Meganium|1\n|-damage|p1a: Meganium|0 fnt\n|faint|p1a: Meganium\n|move|p1b: Basculegion|Wave Crash|p2b: el gato\n|-supereffective|p2b: el gato|1\n|-damage|p2b: el gato|0 fnt\n|faint|p2b: el gato\n|-damage|p1b: Basculegion|23/100|[from] Recoil\n|\n|upkeep\n|\n|t:|1776449897\n|switch|p1a: Aerodactyl|Aerodactyl, L50, M|1/100\n|-ability|p1a: Aerodactyl|Unnerve\n|turn|7\n|\n|t:|1776449910\n|move|p1a: Aerodactyl|Protect|p1a: Aerodactyl\n|-singleturn|p1a: Aerodactyl|Protect\n|move|p2a: head wing|Thunder|p1b: Basculegion|[miss]\n|-miss|p2a: head wing|p1b: Basculegion\n|move|p1b: Basculegion|Last Respects|p2a: head wing\n|-damage|p2a: head wing|59/100\n|\n|upkeep\n|turn|8\n|\n|t:|1776449925\n|move|p2a: head wing|Protect|p2a: head wing\n|-singleturn|p2a: head wing|Protect\n|move|p1b: Basculegion|Aqua Jet|p2a: head wing\n|-activate|p2a: head wing|move: Protect\n|move|p1a: Aerodactyl|Rock Slide|p2a: head wing\n|-activate|p2a: head wing|move: Protect\n|\n|upkeep\n|turn|9\n|\n|t:|1776449943\n|move|p1a: Aerodactyl|Rock Slide|p2a: head wing\n|-supereffective|p2a: head wing|1\n|-damage|p2a: head wing|4/100\n|cant|p2a: head wing|flinch\n|move|p1b: Basculegion|Last Respects|p2a: head wing\n|-damage|p2a: head wing|0 fnt\n|faint|p2a: head wing\n|\n|win|Tosshii\n|raw|Tosshii's rating: 1040 &rarr; <strong>1070</strong><br />(+30 for winning)\n|raw|eggs and chips's rating: 1000 &rarr; <strong>1000</strong><br />(+0 for losing)\n|l|\u2606eggs and chips\n|player|p2|\n",
  "uploadtime": 1776449954,
  "views": 26,
  "formatid": "gen9championsvgc2026regma",
  "rating": 1000,
  "private": 0,
  "password": null
}