{
  "id": "gen9championsvgc2026regma-2583727575",
  "format": "[Gen 9 Champions] VGC 2026 Reg M-A",
  "players": [
    "FirusDR",
    "Dat boi169"
  ],
  "log": "|j|\u2606FirusDR\n|j|\u2606Dat boi169\n|t:|1776193604\n|gametype|doubles\n|player|p1|FirusDR|blue|1220\n|player|p2|Dat boi169|pokemaniac|1244\n|gen|9\n|tier|[Gen 9 Champions] VGC 2026 Reg M-A\n|rated|\n|rule|Species Clause: Limit one of each Pok\u00e9mon\n|rule|Item Clause: Limit 1 of each item\n|clearpoke\n|poke|p1|Charizard, L50, F|\n|poke|p1|Sneasler, L50, F|\n|poke|p1|Basculegion, L50, M|\n|poke|p1|Garchomp, L50, M|\n|poke|p1|Incineroar, L50, F|\n|poke|p1|Venusaur, L50, F|\n|poke|p2|Floette-Eternal, L50, F|\n|poke|p2|Aerodactyl, L50, M|\n|poke|p2|Maushold, L50|\n|poke|p2|Sneasler, L50, F|\n|poke|p2|Basculegion, L50, M|\n|poke|p2|Sinistcha, L50|\n|teampreview|4\n|\n|t:|1776193649\n|teamsize|p1|4\n|teamsize|p2|4\n|start\n|switch|p1a: BurnBabyBurn|Charizard, L50, F, shiny|100/100\n|switch|p1b: EstoNoPegaHno|Venusaur, L50, F|100/100\n|switch|p2a: Floette|Floette-Eternal, L50, F|100/100\n|switch|p2b: Sinistcha|Sinistcha, L50|100/100\n|turn|1\n|\n|t:|1776193670\n|detailschange|p1a: BurnBabyBurn|Charizard-Mega-Y, L50, F, shiny\n|-mega|p1a: BurnBabyBurn|Charizard|Charizardite Y\n|-weather|SunnyDay|[from] ability: Drought|[of] p1a: BurnBabyBurn\n|move|p2a: Floette|Protect|p2a: Floette\n|-singleturn|p2a: Floette|Protect\n|move|p1b: EstoNoPegaHno|Sludge Bomb|p2a: Floette\n|-activate|p2a: Floette|move: Protect\n|move|p1a: BurnBabyBurn|Weather Ball|p2a: Floette\n|-activate|p2a: Floette|move: Protect\n|move|p2b: Sinistcha|Trick Room|p2b: Sinistcha\n|-fieldstart|move: Trick Room|[of] p2b: Sinistcha\n|\n|-weather|SunnyDay|[upkeep]\n|upkeep\n|turn|2\n|\n|t:|1776193707\n|switch|p2a: Maushold|Maushold, L50|100/100\n|move|p2b: Sinistcha|Shadow Ball|p1a: BurnBabyBurn\n|-damage|p1a: BurnBabyBurn|63/100\n|-unboost|p1a: BurnBabyBurn|spd|1\n|move|p1a: BurnBabyBurn|Heat Wave|p2b: Sinistcha|[spread] p2a,p2b\n|-supereffective|p2b: Sinistcha|1\n|-damage|p2a: Maushold|30/100\n|-damage|p2b: Sinistcha|0 fnt\n|faint|p2b: Sinistcha\n|move|p1b: EstoNoPegaHno|Sleep Powder|p2a: Maushold|[miss]\n|-miss|p1b: EstoNoPegaHno|p2a: Maushold\n|\n|-weather|SunnyDay|[upkeep]\n|upkeep\n|\n|t:|1776193717\n|switch|p2b: Floette|Floette-Eternal, L50, F|100/100\n|turn|3\n|\n|t:|1776193724\n|switch|p1a: Mepicanloscocos|Sneasler, L50, F, shiny|100/100\n|detailschange|p2b: Floette|Floette-Mega, L50, F\n|-mega|p2b: Floette|Floette|Floettite\n|-ability|p2b: Floette|Fairy Aura\n|move|p2a: Maushold|Follow Me|p2a: Maushold\n|-singleturn|p2a: Maushold|move: Follow Me\n|move|p2b: Floette|Calm Mind|p2b: Floette\n|-boost|p2b: Floette|spa|1\n|-boost|p2b: Floette|spd|1\n|move|p1b: EstoNoPegaHno|Sludge Bomb|p2a: Maushold\n|-damage|p2a: Maushold|0 fnt\n|faint|p2a: Maushold\n|\n|-weather|SunnyDay|[upkeep]\n|upkeep\n|\n|t:|1776193741\n|switch|p2a: Aerodactyl|Aerodactyl, L50, M|100/100\n|-ability|p2a: Aerodactyl|Unnerve\n|turn|4\n|\n|t:|1776193780\n|move|p1a: Mepicanloscocos|Protect|p1a: Mepicanloscocos\n|-singleturn|p1a: Mepicanloscocos|Protect\n|move|p2b: Floette|Moonblast|p1a: Mepicanloscocos\n|-activate|p1a: Mepicanloscocos|move: Protect\n|move|p2a: Aerodactyl|Dual Wingbeat|p1b: EstoNoPegaHno\n|-supereffective|p1b: EstoNoPegaHno|1\n|-damage|p1b: EstoNoPegaHno|58/100\n|-supereffective|p1b: EstoNoPegaHno|1\n|-damage|p1b: EstoNoPegaHno|19/100\n|-hitcount|p1b: EstoNoPegaHno|2\n|move|p1b: EstoNoPegaHno|Sleep Powder|p2b: Floette\n|-status|p2b: Floette|slp|[from] move: Sleep Powder\n|\n|-weather|SunnyDay|[upkeep]\n|upkeep\n|turn|5\n|\n|t:|1776193799\n|switch|p1a: Big Pira\u00f1a|Basculegion, L50, M|100/100\n|cant|p2b: Floette|slp\n|move|p1b: EstoNoPegaHno|Protect|p1b: EstoNoPegaHno\n|-singleturn|p1b: EstoNoPegaHno|Protect\n|move|p2a: Aerodactyl|Dual Wingbeat|p1a: Big Pira\u00f1a\n|-damage|p1a: Big Pira\u00f1a|80/100\n|-damage|p1a: Big Pira\u00f1a|62/100\n|-hitcount|p1a: Big Pira\u00f1a|2\n|\n|-weather|none\n|-fieldend|move: Trick Room\n|upkeep\n|turn|6\n|\n|t:|1776193817\n|cant|p2b: Floette|slp\n|move|p1a: Big Pira\u00f1a|Wave Crash|p2b: Floette\n|-damage|p2b: Floette|0 fnt\n|faint|p2b: Floette\n|-damage|p1a: Big Pira\u00f1a|36/100|[from] Recoil\n|move|p2a: Aerodactyl|Tailwind|p2a: Aerodactyl\n|-sidestart|p2: Dat boi169|move: Tailwind\n|move|p1b: EstoNoPegaHno|Sludge Bomb|p2a: Aerodactyl\n|-resisted|p2a: Aerodactyl|1\n|-damage|p2a: Aerodactyl|75/100\n|\n|upkeep\n|turn|7\n|\n|t:|1776193833\n|switch|p1a: BurnBabyBurn|Charizard-Mega-Y, L50, F, shiny|63/100\n|-weather|SunnyDay|[from] ability: Drought|[of] p1a: BurnBabyBurn\n|move|p2a: Aerodactyl|Rock Slide|p1b: EstoNoPegaHno|[spread] p1b\n|-miss|p2a: Aerodactyl|p1a: BurnBabyBurn\n|-damage|p1b: EstoNoPegaHno|0 fnt\n|faint|p1b: EstoNoPegaHno\n|\n|-weather|SunnyDay|[upkeep]\n|upkeep\n|\n|t:|1776193843\n|switch|p1b: Mepicanloscocos|Sneasler, L50, F, shiny|100/100\n|turn|8\n|\n|t:|1776193851\n|move|p1a: BurnBabyBurn|Protect|p1a: BurnBabyBurn\n|-singleturn|p1a: BurnBabyBurn|Protect\n|move|p2a: Aerodactyl|Dual Wingbeat|p1b: Mepicanloscocos\n|-supereffective|p1b: Mepicanloscocos|1\n|-damage|p1b: Mepicanloscocos|46/100\n|-supereffective|p1b: Mepicanloscocos|1\n|-damage|p1b: Mepicanloscocos|0 fnt\n|faint|p1b: Mepicanloscocos\n|-hitcount|p1: Mepicanloscocos|2\n|\n|-weather|SunnyDay|[upkeep]\n|upkeep\n|\n|t:|1776193857\n|switch|p1b: Big Pira\u00f1a|Basculegion, L50, M|36/100\n|turn|9\n|\n|t:|1776193891\n|move|p2a: Aerodactyl|Dual Wingbeat|p1b: Big Pira\u00f1a\n|-damage|p1b: Big Pira\u00f1a|19/100\n|-damage|p1b: Big Pira\u00f1a|0 fnt\n|faint|p1b: Big Pira\u00f1a\n|-hitcount|p1: Big Pira\u00f1a|2\n|move|p1a: BurnBabyBurn|Heat Wave|p2a: Aerodactyl\n|-resisted|p2a: Aerodactyl|1\n|-damage|p2a: Aerodactyl|19/100\n|\n|-weather|SunnyDay|[upkeep]\n|-sideend|p2: Dat boi169|move: Tailwind\n|upkeep\n|turn|10\n|\n|t:|1776193904\n|move|p2a: Aerodactyl|Rock Slide|p1a: BurnBabyBurn|[miss]\n|-miss|p2a: Aerodactyl|p1a: BurnBabyBurn\n|move|p1a: BurnBabyBurn|Weather Ball|p2a: Aerodactyl\n|-resisted|p2a: Aerodactyl|1\n|-damage|p2a: Aerodactyl|0 fnt\n|faint|p2a: Aerodactyl\n|\n|win|FirusDR\n|raw|FirusDR's rating: 1220 &rarr; <strong>1247</strong><br />(+27 for winning)\n|raw|Dat boi169's rating: 1244 &rarr; <strong>1217</strong><br />(-27 for losing)\n|l|\u2606Dat boi169\n|player|p2|\n|c|\u2606FirusDR|El Xocas ten\u00eda Raz\u00f3n\n",
  "uploadtime": 1776193930,
  "views": 26,
  "formatid": "gen9championsvgc2026regma",
  "rating": 1217,
  "private": 0,
  "password": null
}