{
  "id": "gen9championsvgc2026regma-2584159473",
  "format": "[Gen 9 Champions] VGC 2026 Reg M-A",
  "players": [
    "skymin<3",
    "saya315"
  ],
  "log": "|j|\u2606skymin<3\n|j|\u2606saya315\n|t:|1776232283\n|gametype|doubles\n|player|p1|skymin<3|#skymin3|1524\n|player|p2|saya315|veteranf|1464\n|gen|9\n|tier|[Gen 9 Champions] VGC 2026 Reg M-A\n|rated|\n|rule|Species Clause: Limit one of each Pok\u00e9mon\n|rule|Item Clause: Limit 1 of each item\n|clearpoke\n|poke|p1|Delphox, L50, M|\n|poke|p1|Kingambit, L50, F|\n|poke|p1|Basculegion, L50, M|\n|poke|p1|Sneasler, L50, F|\n|poke|p1|Garchomp, L50, F|\n|poke|p1|Aerodactyl, L50, F|\n|poke|p2|Froslass, L50, F|\n|poke|p2|Basculegion, L50, M|\n|poke|p2|Rotom-Heat, L50|\n|poke|p2|Kingambit, L50, M|\n|poke|p2|Aerodactyl, L50, F|\n|poke|p2|Sneasler, L50, M|\n|teampreview|4\n|inactive|Battle timer is ON: inactive players will automatically lose when time's up. (requested by saya315)\n|inactive|skymin<3 has 60 seconds left.\n|inactive|saya315 has 60 seconds left.\n|inactive|skymin<3 has 30 seconds left.\n|inactive|skymin<3 has 20 seconds left.\n|inactive|skymin<3 has 15 seconds left.\n|inactive|skymin<3 has 10 seconds left.\n|inactive|skymin<3 has 5 seconds left.\n|\n|t:|1776232374\n|teamsize|p1|4\n|teamsize|p2|4\n|start\n|switch|p1a: Meruem|Kingambit, L50, F, shiny|100/100\n|switch|p1b: Consul D|Sneasler, L50, F, shiny|100/100\n|switch|p2a: Kingambit|Kingambit, L50, M|100/100\n|switch|p2b: Sneasler|Sneasler, L50, M|100/100\n|turn|1\n|\n|t:|1776232390\n|move|p2b: Sneasler|Fake Out|p1b: Consul D\n|-damage|p1b: Consul D|74/100\n|cant|p1b: Consul D|flinch\n|move|p2a: Kingambit|Low Kick|p1a: Meruem\n|-supereffective|p1a: Meruem|2\n|-enditem|p1a: Meruem|Chople Berry|[eat]\n|-enditem|p1a: Meruem|Chople Berry|[weaken]\n|-damage|p1a: Meruem|36/100\n|move|p1a: Meruem|Low Kick|p2a: Kingambit\n|-supereffective|p2a: Kingambit|2\n|-crit|p2a: Kingambit\n|-damage|p2a: Kingambit|0 fnt\n|faint|p2a: Kingambit\n|\n|upkeep\n|\n|t:|1776232404\n|switch|p2a: Froslass|Froslass, L50, F|100/100\n|turn|2\n|\n|t:|1776232417\n|detailschange|p2a: Froslass|Froslass-Mega, L50, F\n|-mega|p2a: Froslass|Froslass|Froslassite\n|-weather|Snowscape|[from] ability: Snow Warning|[of] p2a: Froslass\n|move|p1a: Meruem|Sucker Punch|p2b: Sneasler\n|-resisted|p2b: Sneasler|1\n|-damage|p2b: Sneasler|68/100\n|move|p1b: Consul D|Close Combat|p2b: Sneasler\n|-resisted|p2b: Sneasler|1\n|-damage|p2b: Sneasler|15/100\n|-unboost|p1b: Consul D|def|1\n|-unboost|p1b: Consul D|spd|1\n|-enditem|p1b: Consul D|White Herb\n|-clearnegativeboost|p1b: Consul D|[silent]\n|move|p2b: Sneasler|Close Combat|p1a: Meruem\n|-supereffective|p1a: Meruem|2\n|-damage|p1a: Meruem|0 fnt\n|-unboost|p2b: Sneasler|def|1\n|-unboost|p2b: Sneasler|spd|1\n|faint|p1a: Meruem\n|-enditem|p2b: Sneasler|White Herb\n|-clearnegativeboost|p2b: Sneasler|[silent]\n|move|p2a: Froslass|Blizzard|p1b: Consul D\n|-damage|p1b: Consul D|0 fnt\n|faint|p1b: Consul D\n|\n|-weather|Snowscape|[upkeep]\n|upkeep\n|\n|t:|1776232429\n|switch|p1b: Eclipsa|Delphox, L50, M, shiny|100/100\n|switch|p1a: Diablos|Garchomp, L50, F, shiny|100/100\n|turn|3\n|inactive|skymin<3 has 30 seconds left.\n|\n|t:|1776232455\n|detailschange|p1b: Eclipsa|Delphox-Mega, L50, M, shiny\n|-mega|p1b: Eclipsa|Delphox|Delphoxite\n|move|p1a: Diablos|Protect|p1a: Diablos\n|-singleturn|p1a: Diablos|Protect\n|move|p2b: Sneasler|Close Combat|p1b: Eclipsa\n|-resisted|p1b: Eclipsa|1\n|-damage|p1b: Eclipsa|43/100\n|-unboost|p2b: Sneasler|def|1\n|-unboost|p2b: Sneasler|spd|1\n|move|p1b: Eclipsa|Heat Wave|p2b: Sneasler|[spread] p2a,p2b\n|-supereffective|p2a: Froslass|1\n|-damage|p2a: Froslass|7/100\n|-damage|p2b: Sneasler|0 fnt\n|faint|p2b: Sneasler\n|move|p2a: Froslass|Blizzard|p1b: Eclipsa|[spread] p1b\n|-activate|p1a: Diablos|move: Protect\n|-resisted|p1b: Eclipsa|1\n|-damage|p1b: Eclipsa|24/100\n|\n|-weather|Snowscape|[upkeep]\n|upkeep\n|\n|t:|1776232472\n|switch|p2b: Basculegion|Basculegion, L50, M|100/100\n|turn|4\n|\n|t:|1776232481\n|move|p1b: Eclipsa|Protect|p1b: Eclipsa\n|-singleturn|p1b: Eclipsa|Protect\n|move|p2a: Froslass|Protect|p2a: Froslass\n|-singleturn|p2a: Froslass|Protect\n|move|p2b: Basculegion|Last Respects|p1b: Eclipsa\n|-activate|p1b: Eclipsa|move: Protect\n|move|p1a: Diablos|Earthquake|p2a: Froslass|[spread] p2b\n|-activate|p1b: Eclipsa|move: Protect\n|-activate|p2a: Froslass|move: Protect\n|-damage|p2b: Basculegion|47/100\n|\n|-weather|Snowscape|[upkeep]\n|upkeep\n|turn|5\n|\n|t:|1776232504\n|move|p2b: Basculegion|Last Respects|p1b: Eclipsa\n|-supereffective|p1b: Eclipsa|1\n|-damage|p1b: Eclipsa|0 fnt\n|faint|p1b: Eclipsa\n|move|p2a: Froslass|Blizzard|p1a: Diablos\n|-supereffective|p1a: Diablos|2\n|-enditem|p1a: Diablos|Focus Sash\n|-damage|p1a: Diablos|1/100\n|move|p1a: Diablos|Earthquake|p2a: Froslass|[spread] p2a,p2b\n|-damage|p2a: Froslass|0 fnt\n|-damage|p2b: Basculegion|0 fnt\n|faint|p2a: Froslass\n|faint|p2b: Basculegion\n|\n|win|skymin<3\n|raw|skymin&lt;3's rating: 1524 &rarr; <strong>1541</strong><br />(+17 for winning)\n|raw|saya315's rating: 1464 &rarr; <strong>1447</strong><br />(-17 for losing)\n|c|\u2606skymin<3|gg\n|l|\u2606skymin<3\n|player|p1|\n|l|\u2606saya315\n|player|p2|\n|j|\u2606skymin<3\n|player|p1|skymin<3|#skymin3|\n",
  "uploadtime": 1776232519,
  "views": 52,
  "formatid": "gen9championsvgc2026regma",
  "rating": 1447,
  "private": 0,
  "password": null
}