{
  "id": "gen9championsvgc2026regma-2588790805",
  "format": "[Gen 9 Champions] VGC 2026 Reg M-A",
  "players": [
    "Crash0utVGC",
    "kirbo5500"
  ],
  "log": "|j|\u2606Crash0utVGC\n|j|\u2606kirbo5500\n|t:|1776671213\n|gametype|doubles\n|player|p1|Crash0utVGC|colress|1204\n|player|p2|kirbo5500|265|1133\n|gen|9\n|tier|[Gen 9 Champions] VGC 2026 Reg M-A\n|rated|\n|rule|Species Clause: Limit one of each Pok\u00e9mon\n|rule|Item Clause: Limit 1 of each item\n|clearpoke\n|poke|p1|Charizard, L50, F|\n|poke|p1|Sinistcha-Masterpiece, L50|\n|poke|p1|Tyranitar, L50, M, shiny|\n|poke|p1|Incineroar, L50, M|\n|poke|p1|Milotic, L50, F, shiny|\n|poke|p1|Sneasler, L50, F, shiny|\n|poke|p2|Meganium, L50, F|\n|poke|p2|Primarina, L50, F|\n|poke|p2|Incineroar, L50, M|\n|poke|p2|Garchomp, L50, M|\n|poke|p2|Talonflame, L50, M|\n|poke|p2|Lucario, L50, M|\n|teampreview|4\n|\n|t:|1776671262\n|teamsize|p1|4\n|teamsize|p2|4\n|start\n|switch|p1a: Charizard|Charizard, L50, F|100/100\n|switch|p1b: Milotic|Milotic, L50, F, shiny|100/100\n|switch|p2a: Shorky|Garchomp, L50, M|100/100\n|switch|p2b: Incineroar|Incineroar, L50, M|100/100\n|-ability|p2b: Incineroar|Intimidate|boost\n|-unboost|p1a: Charizard|atk|1\n|-unboost|p1b: Milotic|atk|1\n|-ability|p1b: Milotic|Competitive|boost\n|-boost|p1b: Milotic|spa|2\n|turn|1\n|\n|t:|1776671280\n|move|p1a: Charizard|Protect|p1a: Charizard\n|-singleturn|p1a: Charizard|Protect\n|move|p2b: Incineroar|Fake Out|p1b: Milotic\n|-damage|p1b: Milotic|87/100\n|move|p2a: Shorky|Stealth Rock|p1a: Charizard\n|-sidestart|p1: Crash0utVGC|move: Stealth Rock\n|cant|p1b: Milotic|flinch\n|\n|-heal|p1b: Milotic|93/100|[from] item: Leftovers\n|upkeep\n|turn|2\n|\n|t:|1776671293\n|detailschange|p1a: Charizard|Charizard-Mega-X, L50, F\n|-mega|p1a: Charizard|Charizard|Charizardite X\n|move|p2a: Shorky|Breaking Swipe|p1b: Milotic|[spread] p1a,p1b\n|-supereffective|p1a: Charizard|1\n|-damage|p1a: Charizard|55/100\n|-damage|p1b: Milotic|67/100\n|-unboost|p1a: Charizard|atk|1\n|-unboost|p1b: Milotic|atk|1\n|-ability|p1b: Milotic|Competitive|boost\n|-boost|p1b: Milotic|spa|2\n|move|p1a: Charizard|Dragon Dance|p1a: Charizard\n|-boost|p1a: Charizard|atk|1\n|-boost|p1a: Charizard|spe|1\n|move|p1b: Milotic|Icy Wind|p2b: Incineroar|[spread] p2a,p2b\n|-supereffective|p2a: Shorky|2\n|-resisted|p2b: Incineroar|1\n|-damage|p2a: Shorky|0 fnt\n|-damage|p2b: Incineroar|86/100\n|-unboost|p2b: Incineroar|spe|1\n|faint|p2a: Shorky\n|move|p2b: Incineroar|Darkest Lariat|p1a: Charizard\n|-damage|p1a: Charizard|15/100\n|\n|-heal|p1b: Milotic|73/100|[from] item: Leftovers\n|upkeep\n|\n|t:|1776671311\n|switch|p2a: Primarina|Primarina, L50, F|100/100\n|turn|3\n|\n|t:|1776671324\n|switch|p1a: Sinistcha|Sinistcha-Masterpiece, L50|100/100\n|-damage|p1a: Sinistcha|88/100|[from] Stealth Rock\n|-heal|p1b: Milotic|98/100|[from] ability: Hospitality|[of] p1a: Sinistcha\n|move|p1b: Milotic|Scald|p2b: Incineroar\n|-supereffective|p2b: Incineroar|1\n|-damage|p2b: Incineroar|0 fnt\n|faint|p2b: Incineroar\n|move|p2a: Primarina|Dazzling Gleam|p1a: Sinistcha|[spread] p1a,p1b\n|-damage|p1a: Sinistcha|47/100\n|-damage|p1b: Milotic|77/100\n|-enditem|p1a: Sinistcha|Sitrus Berry|[eat]\n|-heal|p1a: Sinistcha|72/100|[from] item: Sitrus Berry\n|\n|-heal|p1b: Milotic|83/100|[from] item: Leftovers\n|upkeep\n|\n|t:|1776671332\n|switch|p2b: Meganium|Meganium, L50, F|100/100\n|turn|4\n|\n|t:|1776671346\n|switch|p1a: Sneasler|Sneasler, L50, F, shiny|100/100\n|-damage|p1a: Sneasler|95/100|[from] Stealth Rock\n|detailschange|p2b: Meganium|Meganium-Mega, L50, F\n|-mega|p2b: Meganium|Meganium|Meganiumite\n|move|p1b: Milotic|Protect|p1b: Milotic\n|-singleturn|p1b: Milotic|Protect\n|move|p2b: Meganium|Solar Beam||[still]\n|-prepare|p2b: Meganium|Solar Beam\n|-activate|p2b: Meganium|ability: Mega Sol\n|-anim|p2b: Meganium|Solar Beam|p1b: Milotic\n|-activate|p1b: Milotic|move: Protect\n|move|p2a: Primarina|Icy Wind|p1b: Milotic|[spread] p1a\n|-activate|p1b: Milotic|move: Protect\n|-damage|p1a: Sneasler|74/100\n|-unboost|p1a: Sneasler|spe|1\n|-enditem|p1a: Sneasler|White Herb\n|-clearnegativeboost|p1a: Sneasler|[silent]\n|\n|-heal|p1b: Milotic|89/100|[from] item: Leftovers\n|upkeep\n|turn|5\n|\n|t:|1776671365\n|move|p2b: Meganium|Protect|p2b: Meganium\n|-singleturn|p2b: Meganium|Protect\n|move|p2a: Primarina|Protect|p2a: Primarina\n|-singleturn|p2a: Primarina|Protect\n|move|p1a: Sneasler|Dire Claw|p2a: Primarina\n|-activate|p2a: Primarina|move: Protect\n|move|p1b: Milotic|Icy Wind|p2a: Primarina|[spread] \n|-activate|p2a: Primarina|move: Protect\n|-activate|p2b: Meganium|move: Protect\n|\n|-heal|p1b: Milotic|95/100|[from] item: Leftovers\n|upkeep\n|turn|6\n|\n|t:|1776671379\n|move|p1a: Sneasler|Dire Claw|p2b: Meganium\n|-supereffective|p2b: Meganium|2\n|-damage|p2b: Meganium|0 fnt\n|faint|p2b: Meganium\n|move|p1b: Milotic|Scald|p2a: Primarina\n|-resisted|p2a: Primarina|1\n|-damage|p2a: Primarina|62/100\n|-status|p2a: Primarina|brn\n|move|p2a: Primarina|Icy Wind|p1b: Milotic|[spread] p1a,p1b\n|-resisted|p1b: Milotic|1\n|-damage|p1a: Sneasler|50/100\n|-damage|p1b: Milotic|90/100\n|-unboost|p1a: Sneasler|spe|1\n|-unboost|p1b: Milotic|spe|1\n|-ability|p1b: Milotic|Competitive|boost\n|-boost|p1b: Milotic|spa|2\n|\n|-heal|p1b: Milotic|96/100|[from] item: Leftovers\n|-damage|p2a: Primarina|56/100 brn|[from] brn\n|upkeep\n|turn|7\n|-message|kirbo5500 forfeited.\n|\n|win|Crash0utVGC\n|raw|Crash0utVGC's rating: 1204 &rarr; <strong>1224</strong><br />(+20 for winning)\n|raw|kirbo5500's rating: 1133 &rarr; <strong>1113</strong><br />(-20 for losing)\n",
  "uploadtime": 1776671397,
  "views": 8,
  "formatid": "gen9championsvgc2026regma",
  "rating": 1113,
  "private": 0,
  "password": null
}