{
  "id": "gen9championsvgc2026regma-2588285883",
  "format": "[Gen 9 Champions] VGC 2026 Reg M-A",
  "players": [
    "MattMaesonFan",
    "yuriimon"
  ],
  "log": "|j|\u2606MattMaesonFan\n|j|\u2606yuriimon\n|t:|1776621035\n|gametype|doubles\n|player|p1|MattMaesonFan|169|1088\n|player|p2|yuriimon|waitress-gen4|1175\n|gen|9\n|tier|[Gen 9 Champions] VGC 2026 Reg M-A\n|rated|\n|rule|Species Clause: Limit one of each Pok\u00e9mon\n|rule|Item Clause: Limit 1 of each item\n|clearpoke\n|poke|p1|Incineroar, L50, M, shiny|\n|poke|p1|Farigiraf, L50, M|\n|poke|p1|Kommo-o, L50, M|\n|poke|p1|Kangaskhan, L50, F|\n|poke|p1|Milotic, L50, M|\n|poke|p1|Aegislash, L50, F|\n|poke|p2|Glimmora, L50, F|\n|poke|p2|Incineroar, L50, M|\n|poke|p2|Politoed, L50, M|\n|poke|p2|Basculegion, L50, M|\n|poke|p2|Chesnaught, L50, F|\n|poke|p2|Scizor, L50, F|\n|teampreview|4\n|inactive|Battle timer is ON: inactive players will automatically lose when time's up. (requested by yuriimon)\n|inactive|MattMaesonFan has 60 seconds left.\n|inactive|yuriimon has 60 seconds left.\n|\n|t:|1776621083\n|teamsize|p1|4\n|teamsize|p2|4\n|start\n|switch|p1a: Farigiraf|Farigiraf, L50, M|100/100\n|switch|p1b: Milotic|Milotic, L50, M|100/100\n|switch|p2a: Chesnaught|Chesnaught, L50, F|100/100\n|switch|p2b: Basculegion|Basculegion, L50, M|100/100\n|turn|1\n|\n|t:|1776621103\n|detailschange|p2a: Chesnaught|Chesnaught-Mega, L50, F\n|-mega|p2a: Chesnaught|Chesnaught|Chesnaughtite\n|move|p2b: Basculegion|Wave Crash|p1a: Farigiraf\n|-damage|p1a: Farigiraf|29/100\n|-enditem|p1a: Farigiraf|Sitrus Berry|[eat]\n|-heal|p1a: Farigiraf|54/100|[from] item: Sitrus Berry\n|-damage|p2b: Basculegion|73/100|[from] Recoil\n|move|p1b: Milotic|Scald|p2b: Basculegion\n|-resisted|p2b: Basculegion|1\n|-damage|p2b: Basculegion|53/100\n|move|p2a: Chesnaught|Iron Defense|p2a: Chesnaught\n|-boost|p2a: Chesnaught|def|2\n|move|p1a: Farigiraf|Trick Room|p1a: Farigiraf\n|-fieldstart|move: Trick Room|[of] p1a: Farigiraf\n|\n|upkeep\n|turn|2\n|inactive|MattMaesonFan has 30 seconds left.\n|inactive|MattMaesonFan has 20 seconds left.\n|inactive|yuriimon has 30 seconds left.\n|\n|t:|1776621148\n|move|p2a: Chesnaught|Body Press|p1a: Farigiraf\n|-damage|p1a: Farigiraf|0 fnt\n|faint|p1a: Farigiraf\n|move|p1b: Milotic|Dragon Pulse|p2b: Basculegion\n|-damage|p2b: Basculegion|25/100\n|move|p2b: Basculegion|Wave Crash|p1b: Milotic\n|-resisted|p1b: Milotic|1\n|-damage|p1b: Milotic|62/100\n|-damage|p2b: Basculegion|12/100|[from] Recoil\n|\n|-heal|p1b: Milotic|68/100|[from] item: Leftovers\n|upkeep\n|\n|t:|1776621159\n|switch|p1a: Incineroar|Incineroar, L50, M, shiny|100/100\n|-ability|p1a: Incineroar|Intimidate|boost\n|-unboost|p2a: Chesnaught|atk|1\n|-unboost|p2b: Basculegion|atk|1\n|turn|3\n|\n|t:|1776621176\n|switch|p2b: Politoed|Politoed, L50, M|100/100\n|-weather|RainDance|[from] ability: Drizzle|[of] p2b: Politoed\n|move|p2a: Chesnaught|Spiky Shield|p2a: Chesnaught\n|-singleturn|p2a: Chesnaught|move: Protect\n|move|p1a: Incineroar|Fake Out|p2a: Chesnaught\n|-activate|p2a: Chesnaught|move: Protect\n|-damage|p1a: Incineroar|88/100|[from] Spiky Shield|[of] p2a: Chesnaught\n|move|p1b: Milotic|Dragon Pulse|p2b: Politoed\n|-damage|p2b: Politoed|78/100\n|\n|-weather|RainDance|[upkeep]\n|-heal|p1b: Milotic|74/100|[from] item: Leftovers\n|upkeep\n|turn|4\n|\n|t:|1776621200\n|switch|p1b: Kangaskhan|Kangaskhan, L50, F|100/100\n|move|p2b: Politoed|Helping Hand|p2a: Chesnaught\n|-singleturn|p2a: Chesnaught|Helping Hand|[of] p2b: Politoed\n|move|p2a: Chesnaught|Body Press|p1b: Kangaskhan\n|-supereffective|p1b: Kangaskhan|1\n|-damage|p1b: Kangaskhan|0 fnt\n|faint|p1b: Kangaskhan\n|move|p1a: Incineroar|Flare Blitz|p2a: Chesnaught\n|-supereffective|p2a: Chesnaught|1\n|-damage|p2a: Chesnaught|85/100\n|-damage|p1a: Incineroar|84/100|[from] Recoil\n|\n|-weather|RainDance|[upkeep]\n|upkeep\n|\n|t:|1776621213\n|switch|p1b: Milotic|Milotic, L50, M|74/100\n|turn|5\n|-message|MattMaesonFan forfeited.\n|\n|win|yuriimon\n|raw|MattMaesonFan's rating: 1088 &rarr; <strong>1070</strong><br />(-18 for losing)\n|raw|yuriimon's rating: 1175 &rarr; <strong>1194</strong><br />(+19 for winning)\n|l|\u2606MattMaesonFan\n|player|p1|\n",
  "uploadtime": 1776621224,
  "views": 9,
  "formatid": "gen9championsvgc2026regma",
  "rating": 1070,
  "private": 0,
  "password": null
}