{
  "id": "gen9championsvgc2026regma-2581283329",
  "format": "[Gen 9 Champions] VGC 2026 Reg M-A",
  "players": [
    "agencyman",
    "jimboob87"
  ],
  "log": "|j|\u2606agencyman\n|j|\u2606jimboob87\n|t:|1775981060\n|gametype|doubles\n|player|p1|agencyman|medium|1000\n|player|p2|jimboob87|266|1081\n|gen|9\n|tier|[Gen 9 Champions] VGC 2026 Reg M-A\n|rated|\n|rule|Species Clause: Limit one of each Pok\u00e9mon\n|rule|Item Clause: Limit 1 of each item\n|clearpoke\n|poke|p1|Feraligatr, L50, F|\n|poke|p1|Clefable, L50, M|\n|poke|p1|Whimsicott, L50, M|\n|poke|p1|Incineroar, L50, M|\n|poke|p1|Rotom-Frost, L50|\n|poke|p1|Skarmory, L50, M|\n|poke|p2|Charizard, L50, M|\n|poke|p2|Venusaur, L50, F|\n|poke|p2|Lucario, L50, F|\n|poke|p2|Kangaskhan, L50, F|\n|poke|p2|Goodra, L50, M|\n|poke|p2|Incineroar, L50, M|\n|teampreview|4\n|\n|t:|1775981121\n|teamsize|p1|4\n|teamsize|p2|4\n|start\n|switch|p1a: Feraligatr|Feraligatr, L50, F|100/100\n|switch|p1b: Clefable|Clefable, L50, M|100/100\n|switch|p2a: Charizard|Charizard, L50, M|100/100\n|switch|p2b: Lucario|Lucario, L50, F|100/100\n|turn|1\n|inactive|Battle timer is ON: inactive players will automatically lose when time's up. (requested by jimboob87)\n|inactive|jimboob87 has 60 seconds left.\n|\n|t:|1775981156\n|switch|p2b: Incineroar|Incineroar, L50, M|100/100\n|-ability|p2b: Incineroar|Intimidate|boost\n|-unboost|p1a: Feraligatr|atk|1\n|-unboost|p1b: Clefable|atk|1\n|detailschange|p1a: Feraligatr|Feraligatr-Mega, L50, F\n|-mega|p1a: Feraligatr|Feraligatr|Feraligite\n|detailschange|p2a: Charizard|Charizard-Mega-Y, L50, M\n|-mega|p2a: Charizard|Charizard|Charizardite Y\n|-weather|SunnyDay|[from] ability: Drought|[of] p2a: Charizard\n|move|p1b: Clefable|Follow Me|p1b: Clefable\n|-singleturn|p1b: Clefable|move: Follow Me\n|move|p1a: Feraligatr|Swords Dance|p1a: Feraligatr\n|-boost|p1a: Feraligatr|atk|2\n|move|p2a: Charizard|Heat Wave|p1a: Feraligatr|[spread] p1a,p1b\n|-resisted|p1a: Feraligatr|2\n|-damage|p1a: Feraligatr|81/100\n|-damage|p1b: Clefable|38/100\n|\n|-weather|SunnyDay|[upkeep]\n|upkeep\n|turn|2\n|inactive|jimboob87 has 30 seconds left.\n|inactive|agencyman has 30 seconds left.\n|inactive|jimboob87 has 20 seconds left.\n|\n|t:|1775981196\n|move|p2b: Incineroar|Fake Out|p1a: Feraligatr\n|-damage|p1a: Feraligatr|69/100\n|move|p1b: Clefable|Follow Me|p1b: Clefable\n|-singleturn|p1b: Clefable|move: Follow Me\n|cant|p1a: Feraligatr|flinch\n|move|p2a: Charizard|Heat Wave|p1a: Feraligatr|[spread] p1a,p1b\n|-resisted|p1a: Feraligatr|2\n|-damage|p1a: Feraligatr|49/100\n|-damage|p1b: Clefable|0 fnt\n|faint|p1b: Clefable\n|\n|-weather|SunnyDay|[upkeep]\n|upkeep\n|\n|t:|1775981200\n|switch|p1b: Rotom|Rotom-Frost, L50|100/100\n|turn|3\n|inactive|jimboob87 has 30 seconds left.\n|\n|t:|1775981227\n|move|p2a: Charizard|Protect|p2a: Charizard\n|-singleturn|p2a: Charizard|Protect\n|move|p1a: Feraligatr|Aqua Jet|p2a: Charizard\n|-activate|p2a: Charizard|move: Protect\n|move|p1b: Rotom|Thunderbolt|p2a: Charizard\n|-activate|p2a: Charizard|move: Protect\n|move|p2b: Incineroar|Parting Shot|p1a: Feraligatr\n|-unboost|p1a: Feraligatr|atk|1\n|-unboost|p1a: Feraligatr|spa|1\n|\n|t:|1775981239\n|switch|p2b: Venusaur|Venusaur, L50, F|100/100|[from] Parting Shot\n|\n|-weather|SunnyDay|[upkeep]\n|upkeep\n|turn|4\n|inactive|jimboob87 has 30 seconds left.\n|inactive|jimboob87 has 20 seconds left.\n|inactive|jimboob87 has 15 seconds left.\n|inactive|jimboob87 has 10 seconds left.\n|\n|t:|1775981288\n|switch|p1a: Incineroar|Incineroar, L50, M|100/100\n|move|p2b: Venusaur|Solar Beam||[still]\n|-prepare|p2b: Venusaur|Solar Beam\n|-anim|p2b: Venusaur|Solar Beam|p1a: Incineroar\n|-resisted|p1a: Incineroar|1\n|-damage|p1a: Incineroar|74/100\n|move|p1b: Rotom|Thunderbolt|p2a: Charizard\n|-supereffective|p2a: Charizard|1\n|-damage|p2a: Charizard|25/100\n|move|p2a: Charizard|Heat Wave|p1b: Rotom|[spread] p1a,p1b\n|-resisted|p1a: Incineroar|1\n|-supereffective|p1b: Rotom|1\n|-damage|p1a: Incineroar|40/100\n|-damage|p1b: Rotom|0 fnt\n|faint|p1b: Rotom\n|\n|-weather|SunnyDay|[upkeep]\n|upkeep\n|\n|t:|1775981290\n|switch|p1b: Feraligatr|Feraligatr-Mega, L50, F|49/100\n|turn|5\n|inactive|jimboob87 has 30 seconds left.\n|\n|t:|1775981323\n|switch|p2a: Incineroar|Incineroar, L50, M|100/100\n|-ability|p2a: Incineroar|Intimidate|boost\n|-unboost|p1a: Incineroar|atk|1\n|-unboost|p1b: Feraligatr|atk|1\n|move|p2b: Venusaur|Protect|p2b: Venusaur\n|-singleturn|p2b: Venusaur|Protect\n|move|p1a: Incineroar|Fake Out|p2b: Venusaur\n|-activate|p2b: Venusaur|move: Protect\n|move|p1b: Feraligatr|Double-Edge|p2b: Venusaur\n|-activate|p2b: Venusaur|move: Protect\n|\n|-weather|none\n|upkeep\n|turn|6\n|-message|agencyman forfeited.\n|\n|win|jimboob87\n|raw|agencyman's rating: 1000 &rarr; <strong>1000</strong><br />(+0 for losing)\n|raw|jimboob87's rating: 1081 &rarr; <strong>1102</strong><br />(+21 for winning)\n",
  "uploadtime": 1775981330,
  "views": 19,
  "formatid": "gen9championsvgc2026regma",
  "rating": 1000,
  "private": 0,
  "password": null
}