{
  "id": "gen9championsvgc2026regma-2582363587",
  "format": "[Gen 9 Champions] VGC 2026 Reg M-A",
  "players": [
    "awwgdgj",
    "singu1"
  ],
  "log": "|j|\u2606awwgdgj\n|j|\u2606singu1\n|t:|1776086565\n|gametype|doubles\n|player|p1|awwgdgj|wattson|1160\n|player|p2|singu1|170|1106\n|gen|9\n|tier|[Gen 9 Champions] VGC 2026 Reg M-A\n|rated|\n|rule|Species Clause: Limit one of each Pok\u00e9mon\n|rule|Item Clause: Limit 1 of each item\n|clearpoke\n|poke|p1|Aerodactyl, L50, M|\n|poke|p1|Tyranitar, L50, M|\n|poke|p1|Excadrill, L50, F|\n|poke|p1|Clefable, L50, F|\n|poke|p1|Hydreigon, L50, F|\n|poke|p1|Decidueye-Hisui, L50, M|\n|poke|p2|Meganium, L50, F|\n|poke|p2|Slowking, L50, M|\n|poke|p2|Politoed, L50, F|\n|poke|p2|Archaludon, L50, M|\n|poke|p2|Whimsicott, L50, M|\n|poke|p2|Greninja-*, L50, M|\n|teampreview|4\n|inactive|Battle timer is ON: inactive players will automatically lose when time's up. (requested by awwgdgj)\nawwgdgj has agreed to open team sheets.\nsingu1 has agreed to open team sheets.\n|showteam|p1|Aerodactyl||Aerodactylite|RockHead|RockSlide,DualWingbeat,Tailwind,Protect|||M|||50|]Tyranitar||Tyranitarite|SandStream|RockSlide,KnockOff,DragonDance,Protect|||M|||50|]Excadrill||FocusSash|SandRush|Earthquake,HighHorsepower,IronHead,Protect|||F|||50|]Clefable||SitrusBerry|Unaware|FollowMe,Moonblast,Protect,HelpingHand|||F|||50|]Hydreigon||DragonFang|Levitate|DracoMeteor,DarkPulse,HeatWave,Protect|||F|||50|]Decidueye-Hisui||CobaBerry|Scrappy|SuckerPunch,CloseCombat,LeafBlade,Protect|||M|||50|\n|showteam|p2|Meganium||Meganiumite|Overgrow|SolarBeam,GigaDrain,DazzlingGleam,WeatherBall|||F|||50|]Slowking||Leftovers|Regenerator|Scald,Psychic,ThunderWave,TrickRoom|||M|||50|]Politoed||SitrusBerry|Drizzle|Protect,WeatherBall,Surf,EarthPower|||F|||50|]Archaludon||ChoiceScarf|Stamina|Protect,ElectroShot,DracoMeteor,FlashCannon|||M|||50|]Whimsicott||FocusSash|Prankster|LightScreen,Tailwind,Moonblast,Encore|||M|||50|]Greninja||Greninjite|Protean|Protect,Surf,IceBeam,FlipTurn|||M|||50|\n|inactive|awwgdgj has 60 seconds left.\n|\n|t:|1776086598\n|teamsize|p1|4\n|teamsize|p2|4\n|start\n|switch|p1a: Excadrill|Excadrill, L50, F|100/100\n|switch|p1b: Hydreigon|Hydreigon, L50, F|100/100\n|switch|p2a: Whimsicott|Whimsicott, L50, M|100/100\n|switch|p2b: Politoed|Politoed, L50, F|100/100\n|-weather|RainDance|[from] ability: Drizzle|[of] p2b: Politoed\n|turn|1\n|\n|t:|1776086616\n|switch|p1b: Tyranitar|Tyranitar, L50, M|100/100\n|-weather|Sandstorm|[from] ability: Sand Stream|[of] p1b: Tyranitar\n|move|p2a: Whimsicott|Tailwind|p2a: Whimsicott\n|-sidestart|p2: singu1|move: Tailwind\n|move|p1a: Excadrill|Iron Head|p2a: Whimsicott\n|-supereffective|p2a: Whimsicott|1\n|-enditem|p2a: Whimsicott|Focus Sash\n|-damage|p2a: Whimsicott|1/100\n|move|p2b: Politoed|Weather Ball|p1a: Excadrill\n|-resisted|p1a: Excadrill|2\n|-damage|p1a: Excadrill|91/100\n|\n|-weather|Sandstorm|[upkeep]\n|-damage|p2a: Whimsicott|0 fnt|[from] Sandstorm\n|-damage|p2b: Politoed|94/100|[from] Sandstorm\n|faint|p2a: Whimsicott\n|upkeep\n|\n|t:|1776086637\n|switch|p2a: Meganium|Meganium, L50, F, shiny|100/100\n|turn|2\n|inactive|singu1 has 30 seconds left.\n|inactive|singu1 has 20 seconds left.\n|inactive|singu1 has 15 seconds left.\n|\n|t:|1776086679\n|switch|p2b: Archaludon|Archaludon, L50, M|100/100\n|detailschange|p2a: Meganium|Meganium-Mega, L50, F, shiny\n|-mega|p2a: Meganium|Meganium|Meganiumite\n|move|p1a: Excadrill|Iron Head|p2a: Meganium\n|-supereffective|p2a: Meganium|1\n|-crit|p2a: Meganium\n|-damage|p2a: Meganium|0 fnt\n|faint|p2a: Meganium\n|move|p1b: Tyranitar|Knock Off|p2b: Archaludon\n|-damage|p2b: Archaludon|53/100\n|-ability|p2b: Archaludon|Stamina|boost\n|-boost|p2b: Archaludon|def|1\n|-enditem|p2b: Archaludon|Choice Scarf|[from] move: Knock Off|[of] p1b: Tyranitar\n|\n|-weather|Sandstorm|[upkeep]\n|upkeep\n|\n|t:|1776086692\n|switch|p2a: Politoed|Politoed, L50, F|94/100\n|-weather|RainDance|[from] ability: Drizzle|[of] p2a: Politoed\n|turn|3\n|inactive|singu1 has 30 seconds left.\n|inactive|singu1 has 20 seconds left.\n|\n|t:|1776086729\n|switch|p1b: Hydreigon|Hydreigon, L50, F|100/100\n|move|p1a: Excadrill|Protect|p1a: Excadrill\n|-singleturn|p1a: Excadrill|Protect\n|move|p2b: Archaludon|Flash Cannon|p1b: Hydreigon\n|-damage|p1b: Hydreigon|44/100\n|move|p2a: Politoed|Earth Power|p1a: Excadrill\n|-activate|p1a: Excadrill|move: Protect\n|\n|-weather|RainDance|[upkeep]\n|upkeep\n|turn|4\n|inactive|singu1 has 30 seconds left.\n|\n|t:|1776086756\n|switch|p1b: Tyranitar|Tyranitar, L50, M|100/100\n|-weather|Sandstorm|[from] ability: Sand Stream|[of] p1b: Tyranitar\n|switch|p1a: Aerodactyl|Aerodactyl, L50, M|100/100\n|move|p2b: Archaludon|Flash Cannon|p1b: Tyranitar\n|-supereffective|p1b: Tyranitar|1\n|-damage|p1b: Tyranitar|51/100\n|move|p2a: Politoed|Earth Power|p1a: Aerodactyl\n|-immune|p1a: Aerodactyl\n|\n|-weather|Sandstorm|[upkeep]\n|-damage|p2a: Politoed|88/100|[from] Sandstorm\n|-sideend|p2: singu1|move: Tailwind\n|upkeep\n|turn|5\n|\n|t:|1776086781\n|detailschange|p1b: Tyranitar|Tyranitar-Mega, L50, M\n|-mega|p1b: Tyranitar|Tyranitar|Tyranitarite\n|move|p2b: Archaludon|Protect|p2b: Archaludon\n|-singleturn|p2b: Archaludon|Protect\n|move|p1a: Aerodactyl|Tailwind|p1a: Aerodactyl\n|-sidestart|p1: awwgdgj|move: Tailwind\n|move|p1b: Tyranitar|Knock Off|p2a: Politoed\n|-damage|p2a: Politoed|16/100\n|-enditem|p2a: Politoed|Sitrus Berry|[from] move: Knock Off|[of] p1b: Tyranitar\n|move|p2a: Politoed|Weather Ball|p1a: Aerodactyl\n|-supereffective|p1a: Aerodactyl|1\n|-damage|p1a: Aerodactyl|42/100\n|\n|-weather|Sandstorm|[upkeep]\n|-damage|p2a: Politoed|10/100|[from] Sandstorm\n|upkeep\n|turn|6\n|inactive|singu1 has 30 seconds left.\n|\n|t:|1776086807\n|move|p2a: Politoed|Protect|p2a: Politoed\n|-singleturn|p2a: Politoed|Protect\n|move|p1a: Aerodactyl|Rock Slide|p2a: Politoed|[spread] p2b\n|-activate|p2a: Politoed|move: Protect\n|-resisted|p2b: Archaludon|1\n|-damage|p2b: Archaludon|47/100\n|-ability|p2b: Archaludon|Stamina|boost\n|-boost|p2b: Archaludon|def|1\n|move|p1b: Tyranitar|Knock Off|p2b: Archaludon\n|-damage|p2b: Archaludon|30/100\n|-ability|p2b: Archaludon|Stamina|boost\n|-boost|p2b: Archaludon|def|1\n|move|p2b: Archaludon|Flash Cannon|p1b: Tyranitar\n|-supereffective|p1b: Tyranitar|1\n|-damage|p1b: Tyranitar|5/100\n|\n|-weather|Sandstorm|[upkeep]\n|-damage|p2a: Politoed|4/100|[from] Sandstorm\n|upkeep\n|turn|7\n|\n|t:|1776086828\n|move|p2b: Archaludon|Protect|p2b: Archaludon\n|-singleturn|p2b: Archaludon|Protect\n|move|p1a: Aerodactyl|Rock Slide|p2a: Politoed|[spread] p2a\n|-activate|p2b: Archaludon|move: Protect\n|-damage|p2a: Politoed|0 fnt\n|faint|p2a: Politoed\n|move|p1b: Tyranitar|Rock Slide|p2b: Archaludon\n|-activate|p2b: Archaludon|move: Protect\n|\n|-weather|Sandstorm|[upkeep]\n|upkeep\n|turn|8\n|\n|t:|1776086841\n|move|p1a: Aerodactyl|Rock Slide|p2b: Archaludon|[miss]\n|-miss|p1a: Aerodactyl|p2b: Archaludon\n|move|p1b: Tyranitar|Rock Slide|p2b: Archaludon\n|-resisted|p2b: Archaludon|1\n|-damage|p2b: Archaludon|20/100\n|-ability|p2b: Archaludon|Stamina|boost\n|-boost|p2b: Archaludon|def|1\n|cant|p2b: Archaludon|flinch\n|\n|-weather|none\n|-sideend|p1: awwgdgj|move: Tailwind\n|upkeep\n|turn|9\n|\n|t:|1776086856\n|move|p1a: Aerodactyl|Tailwind|p1a: Aerodactyl\n|-sidestart|p1: awwgdgj|move: Tailwind\n|move|p1b: Tyranitar|Rock Slide|p2b: Archaludon\n|-resisted|p2b: Archaludon|1\n|-damage|p2b: Archaludon|14/100\n|-ability|p2b: Archaludon|Stamina|boost\n|-boost|p2b: Archaludon|def|1\n|move|p2b: Archaludon|Flash Cannon|p1a: Aerodactyl\n|-supereffective|p1a: Aerodactyl|1\n|-damage|p1a: Aerodactyl|0 fnt\n|faint|p1a: Aerodactyl\n|\n|upkeep\n|\n|t:|1776086868\n|switch|p1a: Hydreigon|Hydreigon, L50, F|44/100\n|turn|10\n|\n|t:|1776086878\n|move|p1a: Hydreigon|Dark Pulse|p2b: Archaludon\n|-damage|p2b: Archaludon|0 fnt\n|faint|p2b: Archaludon\n|\n|win|awwgdgj\n|raw|awwgdgj's rating: 1160 &rarr; <strong>1181</strong><br />(+21 for winning)\n|raw|singu1's rating: 1106 &rarr; <strong>1085</strong><br />(-21 for losing)\n",
  "uploadtime": 1776086878,
  "views": 8,
  "formatid": "gen9championsvgc2026regma",
  "rating": 1085,
  "private": 0,
  "password": null
}