{
  "id": "gen9championsvgc2026regma-2585980043",
  "format": "[Gen 9 Champions] VGC 2026 Reg M-A",
  "players": [
    "BroDontFuckWithMe",
    "Jamyrok"
  ],
  "log": "|j|\u2606BroDontFuckWithMe\n|j|\u2606Jamyrok\n|t:|1776387130\n|gametype|doubles\n|player|p1|BroDontFuckWithMe|169|1311\n|player|p2|Jamyrok|1|1357\n|gen|9\n|tier|[Gen 9 Champions] VGC 2026 Reg M-A\n|rated|\n|rule|Species Clause: Limit one of each Pok\u00e9mon\n|rule|Item Clause: Limit 1 of each item\n|clearpoke\n|poke|p1|Starmie, L50|\n|poke|p1|Rotom-Heat, L50|\n|poke|p1|Excadrill, L50, M|\n|poke|p1|Sinistcha, L50|\n|poke|p1|Tyranitar, L50, M|\n|poke|p1|Gardevoir, L50, F|\n|poke|p2|Milotic, L50, F|\n|poke|p2|Incineroar, L50, M|\n|poke|p2|Venusaur, L50, F|\n|poke|p2|Sylveon, L50, M|\n|poke|p2|Tyranitar, L50, M|\n|poke|p2|Excadrill, L50, F|\n|teampreview|4\n|inactive|Battle timer is ON: inactive players will automatically lose when time's up. (requested by BroDontFuckWithMe)\n|\n|t:|1776387177\n|teamsize|p1|4\n|teamsize|p2|4\n|start\n|switch|p1a: Excadrill|Excadrill, L50, M|100/100\n|switch|p1b: Gardevoir|Gardevoir, L50, F|100/100\n|switch|p2a: Incineroar|Incineroar, L50, M|100/100\n|switch|p2b: Venusaur|Venusaur, L50, F|100/100\n|-ability|p2a: Incineroar|Intimidate|boost\n|-unboost|p1a: Excadrill|atk|1\n|-unboost|p1b: Gardevoir|atk|1\n|turn|1\n|\n|t:|1776387199\n|switch|p2b: Milotic|Milotic, L50, F|100/100\n|move|p1b: Gardevoir|Psyshock|p2b: Milotic\n|-damage|p2b: Milotic|71/100\n|move|p1a: Excadrill|Earthquake|p2a: Incineroar|[spread] p2a,p2b\n|-activate|p1b: Gardevoir|ability: Telepathy\n|-supereffective|p2a: Incineroar|1\n|-damage|p2a: Incineroar|52/100\n|-damage|p2b: Milotic|49/100\n|move|p2a: Incineroar|Will-O-Wisp|p1a: Excadrill\n|-status|p1a: Excadrill|brn\n|\n|-heal|p2b: Milotic|54/100|[from] item: Leftovers\n|-damage|p1a: Excadrill|95/100 brn|[from] brn\n|upkeep\n|turn|2\n|\n|t:|1776387223\n|switch|p1b: Rotom|Rotom-Heat, L50|100/100\n|move|p2b: Milotic|Protect|p2b: Milotic\n|-singleturn|p2b: Milotic|Protect\n|move|p1a: Excadrill|Earthquake|p2a: Incineroar|[spread] p2a\n|-activate|p2b: Milotic|move: Protect\n|-immune|p1b: Rotom|[from] ability: Levitate\n|-supereffective|p2a: Incineroar|1\n|-damage|p2a: Incineroar|31/100\n|-enditem|p2a: Incineroar|Sitrus Berry|[eat]\n|-heal|p2a: Incineroar|55/100|[from] item: Sitrus Berry\n|move|p2a: Incineroar|Parting Shot|p1b: Rotom\n|-unboost|p1b: Rotom|atk|1\n|-unboost|p1b: Rotom|spa|1\n|\n|t:|1776387240\n|switch|p2a: Venusaur|Venusaur, L50, F|100/100|[from] Parting Shot\n|\n|-heal|p2b: Milotic|60/100|[from] item: Leftovers\n|-damage|p1a: Excadrill|89/100 brn|[from] brn\n|upkeep\n|turn|3\n|\n|t:|1776387260\n|detailschange|p2a: Venusaur|Venusaur-Mega, L50, F\n|-mega|p2a: Venusaur|Venusaur|Venusaurite\n|move|p1a: Excadrill|Earthquake|p2a: Venusaur|[spread] p2a,p2b\n|-immune|p1b: Rotom|[from] ability: Levitate\n|-damage|p2a: Venusaur|89/100\n|-damage|p2b: Milotic|49/100\n|move|p1b: Rotom|Thunderbolt|p2b: Milotic\n|-supereffective|p2b: Milotic|1\n|-damage|p2b: Milotic|6/100\n|-status|p2b: Milotic|par\n|move|p2a: Venusaur|Leech Seed|p1b: Rotom\n|-start|p1b: Rotom|move: Leech Seed\n|move|p2b: Milotic|Scald|p1a: Excadrill\n|-supereffective|p1a: Excadrill|1\n|-damage|p1a: Excadrill|7/100 brn\n|\n|-heal|p2b: Milotic|12/100 par|[from] item: Leftovers\n|-damage|p1b: Rotom|88/100|[from] Leech Seed|[of] p2a: Venusaur\n|-heal|p2a: Venusaur|99/100|[silent]\n|-damage|p1a: Excadrill|2/100 brn|[from] brn\n|upkeep\n|turn|4\n|inactive|Jamyrok has 30 seconds left.\n|\n|t:|1776387289\n|switch|p1b: Gardevoir|Gardevoir, L50, F|100/100\n|cant|p2b: Milotic|par\n|move|p1a: Excadrill|Earthquake|p2a: Venusaur|[spread] p2a,p2b\n|-activate|p1b: Gardevoir|ability: Telepathy\n|-damage|p2a: Venusaur|89/100\n|-damage|p2b: Milotic|1/100 par\n|move|p2a: Venusaur|Sludge Bomb|p1b: Gardevoir\n|-supereffective|p1b: Gardevoir|1\n|-damage|p1b: Gardevoir|25/100\n|\n|-heal|p2b: Milotic|7/100 par|[from] item: Leftovers\n|-damage|p1a: Excadrill|0 fnt|[from] brn\n|faint|p1a: Excadrill\n|upkeep\n|\n|t:|1776387297\n|switch|p1a: Starmie|Starmie, L50|100/100\n|turn|5\n|\n|t:|1776387315\n|switch|p2a: Incineroar|Incineroar, L50, M|55/100\n|-ability|p2a: Incineroar|Intimidate|boost\n|-unboost|p1a: Starmie|atk|1\n|-unboost|p1b: Gardevoir|atk|1\n|detailschange|p1a: Starmie|Starmie-Mega, L50\n|-mega|p1a: Starmie|Starmie|Starminite\n|move|p1b: Gardevoir|Moonblast|p2b: Milotic\n|-damage|p2b: Milotic|0 fnt\n|faint|p2b: Milotic\n|move|p1a: Starmie|Zen Headbutt|p2a: Incineroar\n|-immune|p2a: Incineroar\n|\n|upkeep\n|\n|t:|1776387327\n|switch|p2b: Sylveon|Sylveon, L50, M|100/100\n|turn|6\n|\n|t:|1776387337\n|switch|p1b: Rotom|Rotom-Heat, L50|88/100\n|move|p1a: Starmie|Protect|p1a: Starmie\n|-singleturn|p1a: Starmie|Protect\n|move|p2a: Incineroar|Fake Out|p1a: Starmie\n|-activate|p1a: Starmie|move: Protect\n|move|p2b: Sylveon|Calm Mind|p2b: Sylveon\n|-boost|p2b: Sylveon|spa|1\n|-boost|p2b: Sylveon|spd|1\n|\n|upkeep\n|turn|7\n|\n|t:|1776387352\n|move|p2b: Sylveon|Protect|p2b: Sylveon\n|-singleturn|p2b: Sylveon|Protect\n|move|p1a: Starmie|Liquidation|p2a: Incineroar\n|-supereffective|p2a: Incineroar|1\n|-damage|p2a: Incineroar|0 fnt\n|faint|p2a: Incineroar\n|move|p1b: Rotom|Thunderbolt|p2b: Sylveon\n|-activate|p2b: Sylveon|move: Protect\n|\n|upkeep\n|\n|t:|1776387360\n|switch|p2a: Venusaur|Venusaur-Mega, L50, F|89/100\n|turn|8\n|\n|t:|1776387371\n|move|p2a: Venusaur|Protect|p2a: Venusaur\n|-singleturn|p2a: Venusaur|Protect\n|move|p1a: Starmie|Liquidation|p2b: Sylveon\n|-crit|p2b: Sylveon\n|-damage|p2b: Sylveon|0 fnt\n|faint|p2b: Sylveon\n|move|p1b: Rotom|Overheat|p2a: Venusaur\n|-activate|p2a: Venusaur|move: Protect\n|\n|upkeep\n|turn|9\n|\n|t:|1776387381\n|move|p1a: Starmie|Zen Headbutt|p2a: Venusaur|[miss]\n|-miss|p1a: Starmie|p2a: Venusaur\n|move|p1b: Rotom|Overheat|p2a: Venusaur\n|-supereffective|p2a: Venusaur|1\n|-damage|p2a: Venusaur|53/100\n|-unboost|p1b: Rotom|spa|2\n|move|p2a: Venusaur|Leech Seed|p1b: Rotom\n|-start|p1b: Rotom|move: Leech Seed\n|\n|-damage|p1b: Rotom|75/100|[from] Leech Seed|[of] p2a: Venusaur\n|-heal|p2a: Venusaur|63/100|[silent]\n|upkeep\n|turn|10\n|\n|t:|1776387392\n|switch|p1b: Gardevoir|Gardevoir, L50, F|25/100\n|move|p1a: Starmie|Zen Headbutt|p2a: Venusaur\n|-supereffective|p2a: Venusaur|1\n|-crit|p2a: Venusaur\n|-damage|p2a: Venusaur|0 fnt\n|faint|p2a: Venusaur\n|\n|win|BroDontFuckWithMe\n|raw|BroDontFuckWithMe's rating: 1311 &rarr; <strong>1334</strong><br />(+23 for winning)\n|raw|Jamyrok's rating: 1357 &rarr; <strong>1334</strong><br />(-23 for losing)\n",
  "uploadtime": 1776387392,
  "views": 31,
  "formatid": "gen9championsvgc2026regma",
  "rating": 1334,
  "private": 0,
  "password": null
}