{
  "id": "gen9championsvgc2026regma-2581564880",
  "format": "[Gen 9 Champions] VGC 2026 Reg M-A",
  "players": [
    "Matsiigg",
    "gabesito307"
  ],
  "log": "|j|\u2606Matsiigg\n|j|\u2606gabesito307\n|t:|1776011370\n|gametype|doubles\n|player|p1|Matsiigg|ethan|1113\n|player|p2|gabesito307|102|1118\n|gen|9\n|tier|[Gen 9 Champions] VGC 2026 Reg M-A\n|rated|\n|rule|Species Clause: Limit one of each Pok\u00e9mon\n|rule|Item Clause: Limit 1 of each item\n|clearpoke\n|poke|p1|Incineroar, L50, M|\n|poke|p1|Dragapult, L50, M|\n|poke|p1|Garchomp, L50, M|\n|poke|p1|Palafin, L50, F|\n|poke|p1|Gardevoir, L50, F|\n|poke|p1|Whimsicott, L50, F|\n|poke|p2|Incineroar, L50, F|\n|poke|p2|Farigiraf, L50, F|\n|poke|p2|Golurk, L50|\n|poke|p2|Sneasler, L50, M|\n|poke|p2|Primarina, L50, F|\n|poke|p2|Chimecho, L50, M|\n|teampreview|4\n|inactive|Battle timer is ON: inactive players will automatically lose when time's up. (requested by gabesito307)\nMatsiigg rejected open team sheets.\n|inactive|gabesito307 has 60 seconds left.\n|\n|t:|1776011405\n|teamsize|p1|4\n|teamsize|p2|4\n|start\n|switch|p1a: Dragapult|Dragapult, L50, M|100/100\n|switch|p1b: Garchomp|Garchomp, L50, M|100/100\n|switch|p2a: Incineroar|Incineroar, L50, F|100/100\n|switch|p2b: Sneasler|Sneasler, L50, M|100/100\n|-ability|p2a: Incineroar|Intimidate|boost\n|-fail|p1a: Dragapult|unboost|[from] ability: Clear Body|[of] p1a: Dragapult\n|-unboost|p1b: Garchomp|atk|1\n|turn|1\n|inactive|Matsiigg has 30 seconds left.\n|inactive|gabesito307 has 30 seconds left.\n|\n|t:|1776011434\n|detailschange|p1b: Garchomp|Garchomp-Mega, L50, M\n|-mega|p1b: Garchomp|Garchomp|Garchompite\n|move|p2a: Incineroar|Fake Out|p1b: Garchomp\n|-damage|p1b: Garchomp|89/100\n|move|p1a: Dragapult|Phantom Force||[still]\n|-prepare|p1a: Dragapult|Phantom Force\n|move|p2b: Sneasler|Dire Claw|p1b: Garchomp\n|-resisted|p1b: Garchomp|1\n|-damage|p1b: Garchomp|71/100\n|cant|p1b: Garchomp|flinch\n|\n|upkeep\n|turn|2\n|\n|t:|1776011458\n|move|p2b: Sneasler|Protect|p2b: Sneasler\n|-singleturn|p2b: Sneasler|Protect\n|move|p1a: Dragapult|Phantom Force|p2b: Sneasler|[from] lockedmove\n|-activate|p2b: Sneasler|move: Phantom Force|[broken]\n|-damage|p2b: Sneasler|26/100\n|move|p1b: Garchomp|Earthquake|p2a: Incineroar|[spread] p1a,p2a,p2b\n|-supereffective|p2a: Incineroar|1\n|-enditem|p2a: Incineroar|Shuca Berry|[eat]\n|-enditem|p2a: Incineroar|Shuca Berry|[weaken]\n|-supereffective|p2b: Sneasler|1\n|-damage|p1a: Dragapult|60/100\n|-damage|p2a: Incineroar|73/100\n|-damage|p2b: Sneasler|0 fnt\n|faint|p2b: Sneasler\n|move|p2a: Incineroar|Parting Shot|p1b: Garchomp\n|-unboost|p1b: Garchomp|atk|1\n|-unboost|p1b: Garchomp|spa|1\n|\n|t:|1776011473\n|switch|p2a: Farigiraf|Farigiraf, L50, F|100/100|[from] Parting Shot\n|\n|upkeep\n|\n|t:|1776011477\n|switch|p2b: Primarina|Primarina, L50, F|100/100\n|turn|3\n|\n|t:|1776011488\n|switch|p1a: Incineroar|Incineroar, L50, M|100/100\n|-ability|p1a: Incineroar|Intimidate|boost\n|-unboost|p2a: Farigiraf|atk|1\n|-unboost|p2b: Primarina|atk|1\n|switch|p1b: Palafin|Palafin, L50, F|100/100\n|move|p2b: Primarina|Hyper Voice|p1b: Palafin|[spread] p1a,p1b\n|-supereffective|p1a: Incineroar|1\n|-resisted|p1b: Palafin|1\n|-damage|p1a: Incineroar|32/100\n|-damage|p1b: Palafin|73/100\n|-enditem|p1a: Incineroar|Sitrus Berry|[eat]\n|-heal|p1a: Incineroar|57/100|[from] item: Sitrus Berry\n|move|p2a: Farigiraf|Trick Room|p2a: Farigiraf\n|-fieldstart|move: Trick Room|[of] p2a: Farigiraf\n|\n|upkeep\n|turn|4\n|\n|t:|1776011511\n|move|p2a: Farigiraf|Helping Hand|p2b: Primarina\n|-singleturn|p2b: Primarina|Helping Hand|[of] p2a: Farigiraf\n|move|p1a: Incineroar|Fake Out||[still]\n|cant|p2a: Farigiraf|ability: Armor Tail|Fake Out|[of] p1a: Incineroar\n|move|p2b: Primarina|Hyper Voice|p1b: Palafin|[spread] p1a,p1b\n|-supereffective|p1a: Incineroar|1\n|-resisted|p1b: Palafin|1\n|-damage|p1a: Incineroar|0 fnt\n|-damage|p1b: Palafin|31/100\n|faint|p1a: Incineroar\n|move|p1b: Palafin|Close Combat|p2a: Farigiraf\n|-damage|p2a: Farigiraf|74/100\n|-unboost|p1b: Palafin|def|1\n|-unboost|p1b: Palafin|spd|1\n|\n|upkeep\n|\n|t:|1776011527\n|switch|p1a: Dragapult|Dragapult, L50, M|60/100\n|turn|5\n|\n|t:|1776011536\n|move|p2a: Farigiraf|Helping Hand|p2b: Primarina\n|-singleturn|p2b: Primarina|Helping Hand|[of] p2a: Farigiraf\n|move|p2b: Primarina|Hyper Voice|p1a: Dragapult|[spread] p1a,p1b\n|-resisted|p1a: Dragapult|1\n|-resisted|p1b: Palafin|1\n|-damage|p1a: Dragapult|18/100\n|-damage|p1b: Palafin|0 fnt\n|faint|p1b: Palafin\n|move|p1a: Dragapult|Phantom Force||[still]\n|-prepare|p1a: Dragapult|Phantom Force\n|\n|upkeep\n|\n|t:|1776011545\n|switch|p1b: Garchomp|Garchomp-Mega, L50, M|71/100\n|turn|6\n|\n|t:|1776011551\n|move|p2a: Farigiraf|Helping Hand|p2b: Primarina\n|-singleturn|p2b: Primarina|Helping Hand|[of] p2a: Farigiraf\n|move|p2b: Primarina|Moonblast|p1b: Garchomp\n|-supereffective|p1b: Garchomp|1\n|-damage|p1b: Garchomp|0 fnt\n|faint|p1b: Garchomp\n|move|p1a: Dragapult|Phantom Force|p2b: Primarina|[from] lockedmove\n|-damage|p2b: Primarina|48/100\n|\n|upkeep\n|turn|7\n|-message|Matsiigg forfeited.\n|\n|win|gabesito307\n|raw|Matsiigg's rating: 1113 &rarr; <strong>1088</strong><br />(-25 for losing)\n|raw|gabesito307's rating: 1118 &rarr; <strong>1143</strong><br />(+25 for winning)\n|l|\u2606Matsiigg\n|player|p1|\n",
  "uploadtime": 1776011567,
  "views": 19,
  "formatid": "gen9championsvgc2026regma",
  "rating": 1088,
  "private": 0,
  "password": null
}