{
  "id": "gen9championsvgc2026regma-2586175921",
  "format": "[Gen 9 Champions] VGC 2026 Reg M-A",
  "players": [
    "holdingb",
    "do something babe"
  ],
  "log": "|j|\u2606holdingb\n|j|\u2606do something babe\n|html|<table width=\"100%\"><tr><td align=\"left\">holdingb</td><td align=\"right\">do something babe</tr><tr><td align=\"left\"><i class=\"fa fa-circle-o\"></i> <i class=\"fa fa-circle-o\"></i> </td><td align=\"right\"><i class=\"fa fa-circle-o\"></i> <i class=\"fa fa-circle\"></i> </tr></table>\n|uhtml|bestof|<h2><strong>Game 2</strong> of <a href=\"/game-bestof3-gen9championsvgc2026regma-2586173191\">a best-of-3</a></h2>\n|t:|1776408648\n|gametype|doubles\n|player|p1|holdingb|266|\n|player|p2|do something babe|unknown|\n|gen|9\n|tier|[Gen 9 Champions] VGC 2026 Reg M-A\n|rated|Tournament battle\n|rule|Species Clause: Limit one of each Pok\u00e9mon\n|rule|Item Clause: Limit 1 of each item\n|raw|<div class=\"infobox\"><details class=\"readmore\" open><summary><strong>2 custom rules:</strong></summary> Force Open Team Sheets, Best of = 3</details></div>\n|clearpoke\n|poke|p1|Meowscarada, L50, M|\n|poke|p1|Dragapult, L50, M|\n|poke|p1|Rotom-Wash, L50|\n|poke|p1|Corviknight, L50, F|\n|poke|p1|Charizard, L50, M|\n|poke|p1|Sneasler, L50, M|\n|poke|p2|Kommo-o, L50, M|\n|poke|p2|Azumarill, L50, M|\n|poke|p2|Corviknight, L50, F|\n|poke|p2|Kangaskhan, L50, F|\n|poke|p2|Chandelure, L50, M|\n|poke|p2|Sinistcha, L50|\n|teampreview|4\n|showteam|p1|Meowscarada||ChoiceScarf|Protean|FlowerTrick,ThroatChop,TripleAxel,ThunderPunch|||M|||50|]Dragapult||FocusSash|ClearBody|PhantomForce,DragonDarts,PsychicFangs,Protect|||M|||50|]Rotom-Wash||SitrusBerry|Levitate|HydroPump,VoltSwitch,Protect,WillOWisp||||||50|]Corviknight||Leftovers|Unnerve|BodyPress,IronHead,IronDefense,Roost|||F|||50|]Charizard||CharizarditeY|SolarPower|HeatWave,WeatherBall,SolarBeam,Protect|||M|||50|]Sneasler||WhiteHerb|Unburden|FakeOut,CloseCombat,DireClaw,RockTomb|||M|||50|\n|showteam|p2|Kommo-o||DragonFang|Soundproof|ClangingScales,AuraSphere,Flamethrower,Protect|||M|||50|]Azumarill||MysticWater|HugePower|PlayRough,Liquidation,AquaJet,Protect|||M|||50|]Corviknight||Leftovers|MirrorArmor|BraveBird,Tailwind,Roost,IronHead|||F|||50|]Kangaskhan||Kangaskhanite|InnerFocus|SuckerPunch,HammerArm,FakeOut,DoubleEdge|||F|||50|]Chandelure||FocusSash|FlashFire|Protect,ShadowBall,HeatWave,TrickRoom|||M|||50|]Sinistcha||MentalHerb|Hospitality|TrickRoom,MatchaGotcha,RagePowder,LifeDew||||||50|\n|inactive|Battle timer is ON: inactive players will automatically lose when time's up. (requested by holdingb)\n|j| khungcanh\n|j| silverhaffling01\n|j|%Tb0lt\n|j| OnToTheOther\n|j| mysticmarshtomp\n|inactive|holdingb has 60 seconds left.\n|inactive|do something babe has 60 seconds left.\n|j| Dillosaurus\n|inactive|holdingb has 30 seconds left.\n|inactive|holdingb has 20 seconds left.\n|inactive|holdingb has 15 seconds left.\n|\n|t:|1776408726\n|teamsize|p1|4\n|teamsize|p2|4\n|start\n|switch|p1a: Dragapult|Dragapult, L50, M|100/100\n|switch|p1b: Sneasler|Sneasler, L50, M|100/100\n|switch|p2a: Kangaskhan|Kangaskhan, L50, F|100/100\n|switch|p2b: Chandelure|Chandelure, L50, M|100/100\n|turn|1\n|\n|t:|1776408739\n|move|p1b: Sneasler|Fake Out|p2a: Kangaskhan\n|-damage|p2a: Kangaskhan|88/100\n|move|p2a: Kangaskhan|Fake Out|p1b: Sneasler\n|-damage|p1b: Sneasler|82/100\n|move|p1a: Dragapult|Phantom Force||[still]\n|-prepare|p1a: Dragapult|Phantom Force\n|move|p2b: Chandelure|Trick Room|p2b: Chandelure\n|-fieldstart|move: Trick Room|[of] p2b: Chandelure\n|\n|upkeep\n|turn|2\n|j| SlipperyDanger\n|l| mysticmarshtomp\n|inactive|do something babe has 30 seconds left.\n|c| SlipperyDanger|Inner focus kang is throwing 99% of the time\n|c| SlipperyDanger|But bro wasnt ready for it\n|inactive|do something babe has 20 seconds left.\n|\n|t:|1776408779\n|detailschange|p2a: Kangaskhan|Kangaskhan-Mega, L50, F\n|-mega|p2a: Kangaskhan|Kangaskhan|Kangaskhanite\n|move|p2b: Chandelure|Shadow Ball|p1b: Sneasler\n|-damage|p1b: Sneasler|24/100\n|move|p2a: Kangaskhan|Double-Edge|p1b: Sneasler\n|-damage|p1b: Sneasler|0 fnt\n|faint|p1b: Sneasler\n|-hitcount|p1: Sneasler|1\n|-damage|p2a: Kangaskhan|81/100|[from] Recoil\n|move|p1a: Dragapult|Phantom Force|p2b: Chandelure|[from] lockedmove\n|-supereffective|p2b: Chandelure|1\n|-enditem|p2b: Chandelure|Focus Sash\n|-damage|p2b: Chandelure|1/100\n|\n|upkeep\n|\n|t:|1776408790\n|switch|p1b: Charizard|Charizard, L50, M|100/100\n|turn|3\n|\n|t:|1776408815\n|switch|p2a: Azumarill|Azumarill, L50, M|100/100\n|detailschange|p1b: Charizard|Charizard-Mega-Y, L50, M\n|-mega|p1b: Charizard|Charizard|Charizardite Y\n|-weather|SunnyDay|[from] ability: Drought|[of] p1b: Charizard\n|move|p1b: Charizard|Protect|p1b: Charizard\n|-singleturn|p1b: Charizard|Protect\n|move|p1a: Dragapult|Protect|p1a: Dragapult\n|-singleturn|p1a: Dragapult|Protect\n|move|p2b: Chandelure|Heat Wave|p1b: Charizard|[spread] \n|-activate|p1a: Dragapult|move: Protect\n|-activate|p1b: Charizard|move: Protect\n|\n|-weather|SunnyDay|[upkeep]\n|upkeep\n|turn|4\n|j| Jamstiffer\n|\n|t:|1776408832\n|switch|p1b: Corviknight|Corviknight, L50, F|100/100\n|-ability|p1b: Corviknight|Unnerve\n|move|p2a: Azumarill|Play Rough|p1a: Dragapult\n|-supereffective|p1a: Dragapult|1\n|-enditem|p1a: Dragapult|Focus Sash\n|-damage|p1a: Dragapult|1/100\n|move|p2b: Chandelure|Shadow Ball|p1b: Corviknight\n|-damage|p1b: Corviknight|55/100\n|move|p1a: Dragapult|Phantom Force||[still]\n|-prepare|p1a: Dragapult|Phantom Force\n|\n|-weather|SunnyDay|[upkeep]\n|-heal|p1b: Corviknight|62/100|[from] item: Leftovers\n|upkeep\n|turn|5\n|c| Jamstiffer|A not rigged tour\n|c| Jamstiffer|interesting\n|\n|t:|1776408857\n|switch|p2a: Kommo-o|Kommo-o, L50, M|100/100\n|switch|p1b: Charizard|Charizard-Mega-Y, L50, M|100/100\n|move|p2b: Chandelure|Heat Wave|p1b: Charizard|[spread] p1b\n|-miss|p2b: Chandelure|p1a: Dragapult\n|-resisted|p1b: Charizard|1\n|-damage|p1b: Charizard|69/100\n|move|p1a: Dragapult|Phantom Force|p2a: Kommo-o|[from] lockedmove\n|-damage|p2a: Kommo-o|63/100\n|\n|-weather|SunnyDay|[upkeep]\n|-fieldend|move: Trick Room\n|upkeep\n|turn|6\n|inactive|do something babe has 30 seconds left.\n|\n|t:|1776408887\n|move|p2a: Kommo-o|Protect|p2a: Kommo-o\n|-singleturn|p2a: Kommo-o|Protect\n|move|p1a: Dragapult|Dragon Darts|p2b: Chandelure\n|-damage|p2b: Chandelure|0 fnt\n|faint|p2b: Chandelure\n|move|p1b: Charizard|Weather Ball|p2a: Kommo-o\n|-activate|p2a: Kommo-o|move: Protect\n|\n|-weather|SunnyDay|[upkeep]\n|upkeep\n|inactive|do something babe has 30 seconds left.\n|\n|t:|1776408914\n|switch|p2b: Azumarill|Azumarill, L50, M|100/100\n|turn|7\n|inactive|do something babe has 30 seconds left.\n|\n|t:|1776408940\n|move|p1a: Dragapult|Protect|p1a: Dragapult\n|-singleturn|p1a: Dragapult|Protect\n|move|p2b: Azumarill|Aqua Jet|p1a: Dragapult\n|-activate|p1a: Dragapult|move: Protect\n|move|p1b: Charizard|Solar Beam||[still]\n|-prepare|p1b: Charizard|Solar Beam\n|-anim|p1b: Charizard|Solar Beam|p2b: Azumarill\n|-supereffective|p2b: Azumarill|1\n|-damage|p2b: Azumarill|1/100\n|move|p2a: Kommo-o|Flamethrower|p1a: Dragapult\n|-activate|p1a: Dragapult|move: Protect\n|\n|-weather|none\n|upkeep\n|turn|8\n|c| SlipperyDanger|The double up is nasty\n|inactive|holdingb has 30 seconds left.\n|inactive|do something babe has 30 seconds left.\n|\n|t:|1776408984\n|switch|p1a: Corviknight|Corviknight, L50, F|62/100\n|-ability|p1a: Corviknight|Unnerve\n|move|p2b: Azumarill|Aqua Jet|p1a: Corviknight\n|-damage|p1a: Corviknight|43/100\n|move|p1b: Charizard|Heat Wave|p2a: Kommo-o|[spread] p2a,p2b\n|-resisted|p2a: Kommo-o|1\n|-resisted|p2b: Azumarill|1\n|-damage|p2a: Kommo-o|44/100\n|-damage|p2b: Azumarill|0 fnt\n|faint|p2b: Azumarill\n|move|p2a: Kommo-o|Flamethrower|p1a: Corviknight\n|-supereffective|p1a: Corviknight|1\n|-damage|p1a: Corviknight|0 fnt\n|faint|p1a: Corviknight\n|\n|upkeep\n|\n|t:|1776408995\n|switch|p1a: Dragapult|Dragapult, L50, M|1/100\n|switch|p2b: Kangaskhan|Kangaskhan-Mega, L50, F|81/100\n|turn|9\n|\n|t:|1776409010\n|move|p2b: Kangaskhan|Fake Out|p1b: Charizard\n|-damage|p1b: Charizard|38/100\n|-damage|p1b: Charizard|31/100\n|-hitcount|p1b: Charizard|2\n|move|p1a: Dragapult|Dragon Darts|p2a: Kommo-o\n|-supereffective|p2a: Kommo-o|1\n|-damage|p2a: Kommo-o|2/100\n|-anim|p1a: Dragapult|Dragon Darts|p2b: Kangaskhan\n|-damage|p2b: Kangaskhan|61/100\n|cant|p1b: Charizard|flinch\n|move|p2a: Kommo-o|Clanging Scales|p1a: Dragapult|[spread] p1a,p1b\n|-supereffective|p1a: Dragapult|1\n|-damage|p1a: Dragapult|0 fnt\n|-damage|p1b: Charizard|0 fnt\n|faint|p1a: Dragapult\n|faint|p1b: Charizard\n|\n|win|do something babe\n|c|\u2606holdingb|gg\n",
  "uploadtime": 1776409015,
  "views": 16,
  "formatid": "gen9championsvgc2026regma",
  "rating": null,
  "private": 0,
  "password": null
}