{
  "id": "gen9championsvgc2026regma-2580395395",
  "format": "[Gen 9 Champions] VGC 2026 Reg M-A",
  "players": [
    "lolgz",
    "james_humilde"
  ],
  "log": "|j|\u2606lolgz\n|j|\u2606james_humilde\n|t:|1775890083\n|gametype|doubles\n|player|p1|lolgz|266|1071\n|player|p2|james_humilde|170|1041\n|gen|9\n|tier|[Gen 9 Champions] VGC 2026 Reg M-A\n|rated|\n|rule|Species Clause: Limit one of each Pok\u00e9mon\n|rule|Item Clause: Limit 1 of each item\n|clearpoke\n|poke|p1|Charizard, L50, F|\n|poke|p1|Whimsicott, L50, F|\n|poke|p1|Basculegion, L50, M|\n|poke|p1|Farigiraf, L50, M|\n|poke|p1|Kangaskhan, L50, F|\n|poke|p1|Sneasler, L50, M|\n|poke|p2|Farigiraf, L50, F|\n|poke|p2|Torkoal, L50, F|\n|poke|p2|Kingambit, L50, M|\n|poke|p2|Sinistcha-Masterpiece, L50|\n|poke|p2|Mudsdale, L50, F|\n|poke|p2|Crabominable, L50, F|\n|teampreview|4\n|\n|t:|1775890142\n|teamsize|p1|4\n|teamsize|p2|4\n|start\n|switch|p1a: Farigiraf|Farigiraf, L50, M|100/100\n|switch|p1b: Kangaskhan|Kangaskhan, L50, F|100/100\n|switch|p2a: Farigiraf|Farigiraf, L50, F|100/100\n|switch|p2b: Mudsdale|Mudsdale, L50, F|100/100\n|turn|1\n|\n|t:|1775890166\n|detailschange|p1b: Kangaskhan|Kangaskhan-Mega, L50, F\n|-mega|p1b: Kangaskhan|Kangaskhan|Kangaskhanite\n|move|p1b: Kangaskhan|Double-Edge|p2a: Farigiraf\n|-damage|p2a: Farigiraf|46/100\n|-damage|p2a: Farigiraf|34/100\n|-hitcount|p2a: Farigiraf|2\n|-damage|p1b: Kangaskhan|73/100|[from] Recoil\n|move|p1a: Farigiraf|Hyper Voice|p2b: Mudsdale|[spread] p2a,p2b\n|-damage|p2a: Farigiraf|8/100\n|-damage|p2b: Mudsdale|72/100\n|-ability|p2b: Mudsdale|Stamina|boost\n|-boost|p2b: Mudsdale|def|1\n|move|p2a: Farigiraf|Foul Play|p1a: Farigiraf\n|-supereffective|p1a: Farigiraf|1\n|-damage|p1a: Farigiraf|66/100\n|move|p2b: Mudsdale|Iron Defense|p2b: Mudsdale\n|-boost|p2b: Mudsdale|def|2\n|\n|-heal|p2b: Mudsdale|77/100|[from] item: Leftovers\n|upkeep\n|turn|2\n|\n|t:|1775890190\n|switch|p2a: Sinistcha|Sinistcha-Masterpiece, L50|100/100\n|-heal|p2b: Mudsdale|100/100|[from] ability: Hospitality|[of] p2a: Sinistcha\n|move|p1b: Kangaskhan|Drain Punch|p2a: Sinistcha\n|-immune|p2a: Sinistcha\n|move|p1a: Farigiraf|Psychic|p2b: Mudsdale\n|-damage|p2b: Mudsdale|61/100\n|-ability|p2b: Mudsdale|Stamina|boost\n|-boost|p2b: Mudsdale|def|1\n|move|p2b: Mudsdale|Body Press|p1b: Kangaskhan\n|-supereffective|p1b: Kangaskhan|1\n|-damage|p1b: Kangaskhan|0 fnt\n|faint|p1b: Kangaskhan\n|\n|-heal|p2b: Mudsdale|67/100|[from] item: Leftovers\n|upkeep\n|\n|t:|1775890197\n|switch|p1b: Charizard|Charizard, L50, F|100/100\n|turn|3\n|\n|t:|1775890236\n|move|p1a: Farigiraf|Helping Hand|p1b: Charizard\n|-singleturn|p1b: Charizard|Helping Hand|[of] p1a: Farigiraf\n|move|p1b: Charizard|Heat Wave|p2b: Mudsdale|[spread] p2a,p2b\n|-supereffective|p2a: Sinistcha|1\n|-damage|p2a: Sinistcha|15/100\n|-damage|p2b: Mudsdale|23/100\n|-ability|p2b: Mudsdale|Stamina|boost\n|-boost|p2b: Mudsdale|def|1\n|-enditem|p2a: Sinistcha|Sitrus Berry|[eat]\n|-heal|p2a: Sinistcha|40/100|[from] item: Sitrus Berry\n|move|p2b: Mudsdale|Body Press|p1b: Charizard\n|-resisted|p1b: Charizard|1\n|-damage|p1b: Charizard|40/100\n|move|p2a: Sinistcha|Trick Room|p2a: Sinistcha\n|-fieldstart|move: Trick Room|[of] p2a: Sinistcha\n|\n|-heal|p2b: Mudsdale|29/100|[from] item: Leftovers\n|upkeep\n|turn|4\n|\n|t:|1775890259\n|move|p1b: Charizard|Protect|p1b: Charizard\n|-singleturn|p1b: Charizard|Protect\n|move|p2b: Mudsdale|Body Press|p2a: Sinistcha\n|-immune|p2a: Sinistcha\n|move|p1a: Farigiraf|Psychic|p2b: Mudsdale\n|-damage|p2b: Mudsdale|0 fnt\n|faint|p2b: Mudsdale\n|move|p2a: Sinistcha|Strength Sap|p1a: Farigiraf\n|-unboost|p1a: Farigiraf|atk|1\n|-heal|p2a: Sinistcha|95/100\n|\n|upkeep\n|\n|t:|1775890275\n|switch|p2b: Crabominable|Crabominable, L50, F|100/100\n|turn|5\n|\n|t:|1775890294\n|switch|p2a: Farigiraf|Farigiraf, L50, F|8/100\n|detailschange|p2b: Crabominable|Crabominable-Mega, L50, F\n|-mega|p2b: Crabominable|Crabominable|Crabominite\n|move|p2b: Crabominable|Thunder Punch|p1b: Charizard\n|-supereffective|p1b: Charizard|1\n|-damage|p1b: Charizard|0 fnt\n|faint|p1b: Charizard\n|move|p1a: Farigiraf|Trick Room|p1a: Farigiraf\n|-fieldend|move: Trick Room\n|\n|upkeep\n|\n|t:|1775890301\n|switch|p1b: Sneasler|Sneasler, L50, M|100/100\n|turn|6\n|\n|t:|1775890311\n|switch|p2b: Sinistcha|Sinistcha-Masterpiece, L50|95/100\n|-heal|p2a: Farigiraf|32/100|[from] ability: Hospitality|[of] p2b: Sinistcha\n|move|p1b: Sneasler|Close Combat|p2b: Sinistcha\n|-immune|p2b: Sinistcha\n|move|p1a: Farigiraf|Hyper Voice|p2a: Farigiraf|[spread] p2a\n|-immune|p2b: Sinistcha\n|-damage|p2a: Farigiraf|3/100\n|move|p2a: Farigiraf|Trick Room|p2a: Farigiraf\n|-fieldstart|move: Trick Room|[of] p2a: Farigiraf\n|\n|upkeep\n|turn|7\n|\n|t:|1775890333\n|move|p2a: Farigiraf|Foul Play|p1a: Farigiraf\n|-supereffective|p1a: Farigiraf|1\n|-damage|p1a: Farigiraf|43/100\n|-enditem|p1a: Farigiraf|Sitrus Berry|[eat]\n|-heal|p1a: Farigiraf|68/100|[from] item: Sitrus Berry\n|move|p2b: Sinistcha|Matcha Gotcha|p1a: Farigiraf|[spread] p1a,p1b\n|-resisted|p1b: Sneasler|1\n|-damage|p1a: Farigiraf|46/100\n|-heal|p2b: Sinistcha|100/100|[from] drain|[of] p1a: Farigiraf\n|-damage|p1b: Sneasler|83/100\n|move|p1b: Sneasler|Dire Claw|p2b: Sinistcha\n|-damage|p2b: Sinistcha|63/100\n|move|p1a: Farigiraf|Trick Room|p1a: Farigiraf\n|-fieldend|move: Trick Room\n|\n|upkeep\n|turn|8\n|\n|t:|1775890359\n|switch|p2a: Crabominable|Crabominable-Mega, L50, F|100/100\n|move|p1b: Sneasler|Dire Claw|p2b: Sinistcha\n|-damage|p2b: Sinistcha|22/100\n|-status|p2b: Sinistcha|psn\n|move|p1a: Farigiraf|Hyper Voice|p2a: Crabominable|[spread] p2a\n|-immune|p2b: Sinistcha\n|-damage|p2a: Crabominable|74/100\n|move|p2b: Sinistcha|Trick Room|p2b: Sinistcha\n|-fieldstart|move: Trick Room|[of] p2b: Sinistcha\n|\n|-damage|p2b: Sinistcha|9/100 psn|[from] psn\n|upkeep\n|turn|9\n|\n|t:|1775890380\n|move|p2a: Crabominable|Drain Punch|p1a: Farigiraf\n|-damage|p1a: Farigiraf|0 fnt\n|-heal|p2a: Crabominable|99/100|[from] drain|[of] p1a: Farigiraf\n|faint|p1a: Farigiraf\n|move|p2b: Sinistcha|Strength Sap|p1b: Sneasler\n|-unboost|p1b: Sneasler|atk|1\n|-heal|p2b: Sinistcha|100/100 psn\n|-enditem|p1b: Sneasler|White Herb\n|-clearnegativeboost|p1b: Sneasler|[silent]\n|move|p1b: Sneasler|Close Combat|p2a: Crabominable\n|-supereffective|p2a: Crabominable|1\n|-damage|p2a: Crabominable|0 fnt\n|-unboost|p1b: Sneasler|def|1\n|-unboost|p1b: Sneasler|spd|1\n|faint|p2a: Crabominable\n|\n|-damage|p2b: Sinistcha|88/100 psn|[from] psn\n|upkeep\n|-message|lolgz forfeited.\n|\n|win|james_humilde\n|raw|lolgz's rating: 1071 &rarr; <strong>1049</strong><br />(-22 for losing)\n|raw|james_humilde's rating: 1041 &rarr; <strong>1078</strong><br />(+37 for winning)\n",
  "uploadtime": 1775890389,
  "views": 15,
  "formatid": "gen9championsvgc2026regma",
  "rating": 1049,
  "private": 0,
  "password": null
}