{
  "id": "gen9championsvgc2026regma-2583632132",
  "format": "[Gen 9 Champions] VGC 2026 Reg M-A",
  "players": [
    "ohce-echo",
    "21st but funny"
  ],
  "log": "|j|\u2606ohce-echo\n|j|\u260621st but funny\n|t:|1776187685\n|gametype|doubles\n|player|p1|ohce-echo|ghetsis|1040\n|player|p2|21st but funny|170|1000\n|gen|9\n|tier|[Gen 9 Champions] VGC 2026 Reg M-A\n|rated|\n|rule|Species Clause: Limit one of each Pok\u00e9mon\n|rule|Item Clause: Limit 1 of each item\n|clearpoke\n|poke|p1|Floette-Eternal, L50, F|\n|poke|p1|Garchomp, L50, F|\n|poke|p1|Sneasler, L50, F|\n|poke|p1|Sinistcha, L50|\n|poke|p1|Altaria, L50, F|\n|poke|p1|Glimmora, L50, F|\n|poke|p2|Archaludon, L50, M|\n|poke|p2|Pelipper, L50, F|\n|poke|p2|Basculegion, L50, M|\n|poke|p2|Sneasler, L50, F|\n|poke|p2|Meganium, L50, F|\n|poke|p2|Incineroar, L50, M|\n|teampreview|4\n|inactive|Battle timer is ON: inactive players will automatically lose when time's up. (requested by ohce-echo)\nohce-echo rejected open team sheets.\n|\n|t:|1776187715\n|teamsize|p1|4\n|teamsize|p2|4\n|start\n|switch|p1a: Sneasler|Sneasler, L50, F|100/100\n|switch|p1b: Floette|Floette-Eternal, L50, F|100/100\n|switch|p2a: Archaludon|Archaludon, L50, M|100/100\n|switch|p2b: Incineroar|Incineroar, L50, M|100/100\n|-ability|p2b: Incineroar|Intimidate|boost\n|-unboost|p1a: Sneasler|atk|1\n|-unboost|p1b: Floette|atk|1\n|-enditem|p1a: Sneasler|White Herb\n|-clearnegativeboost|p1a: Sneasler|[silent]\n|turn|1\n|inactive|21st but funny has 30 seconds left.\n|inactive|21st but funny has 20 seconds left.\n|inactive|21st but funny has 15 seconds left.\n|\n|t:|1776187758\n|switch|p2a: Pelipper|Pelipper, L50, F|100/100\n|-weather|RainDance|[from] ability: Drizzle|[of] p2a: Pelipper\n|detailschange|p1b: Floette|Floette-Mega, L50, F\n|-mega|p1b: Floette|Floette|Floettite\n|-ability|p1b: Floette|Fairy Aura\n|move|p1a: Sneasler|Fake Out|p2a: Pelipper\n|-damage|p2a: Pelipper|86/100\n|move|p2b: Incineroar|Fake Out|p1b: Floette\n|-damage|p1b: Floette|88/100\n|cant|p1b: Floette|flinch\n|\n|-weather|RainDance|[upkeep]\n|upkeep\n|turn|2\n|\n|t:|1776187779\n|switch|p1a: Altaria|Altaria, L50, F|100/100\n|-ability|p1a: Altaria|Cloud Nine\n|move|p1b: Floette|Protect|p1b: Floette\n|-singleturn|p1b: Floette|Protect\n|move|p2a: Pelipper|Protect|p2a: Pelipper\n|-singleturn|p2a: Pelipper|Protect\n|move|p2b: Incineroar|Parting Shot|p1a: Altaria\n|-unboost|p1a: Altaria|atk|1\n|-unboost|p1a: Altaria|spa|1\n|\n|t:|1776187793\n|switch|p2b: Archaludon|Archaludon, L50, M|100/100|[from] Parting Shot\n|\n|-weather|RainDance|[upkeep]\n|upkeep\n|turn|3\n|c|\u2606ohce-echo|no rain for u lol\n|\n|t:|1776187807\n|move|p1a: Altaria|Tailwind|p1a: Altaria\n|-sidestart|p1: ohce-echo|move: Tailwind\n|move|p1b: Floette|Moonblast|p2b: Archaludon\n|-damage|p2b: Archaludon|10/100\n|-ability|p2b: Archaludon|Stamina|boost\n|-boost|p2b: Archaludon|def|1\n|move|p2b: Archaludon|Flash Cannon|p1b: Floette\n|-supereffective|p1b: Floette|1\n|-damage|p1b: Floette|19/100\n|move|p2a: Pelipper|Tailwind|p2a: Pelipper\n|-sidestart|p2: 21st but funny|move: Tailwind\n|\n|-weather|RainDance|[upkeep]\n|-heal|p2b: Archaludon|16/100|[from] item: Leftovers\n|upkeep\n|turn|4\n|inactive|21st but funny has 30 seconds left.\n|\n|t:|1776187836\n|move|p2b: Archaludon|Protect|p2b: Archaludon\n|-singleturn|p2b: Archaludon|Protect\n|move|p1a: Altaria|Dragon Pulse|p2b: Archaludon\n|-activate|p2b: Archaludon|move: Protect\n|move|p1b: Floette|Moonblast|p2a: Pelipper\n|-damage|p2a: Pelipper|0 fnt\n|faint|p2a: Pelipper\n|\n|-weather|RainDance|[upkeep]\n|-heal|p2b: Archaludon|22/100|[from] item: Leftovers\n|upkeep\n|\n|t:|1776187847\n|switch|p2a: Basculegion|Basculegion, L50, M|100/100\n|turn|5\n|\n|t:|1776187857\n|move|p2a: Basculegion|Aqua Jet|p1b: Floette\n|-damage|p1b: Floette|0 fnt\n|faint|p1b: Floette\n|move|p1a: Altaria|Will-O-Wisp|p2a: Basculegion|[miss]\n|-miss|p1a: Altaria|p2a: Basculegion\n|move|p2b: Archaludon|Draco Meteor|p1a: Altaria\n|-supereffective|p1a: Altaria|1\n|-damage|p1a: Altaria|0 fnt\n|-unboost|p2b: Archaludon|spa|2\n|faint|p1a: Altaria\n|\n|-weather|none\n|-heal|p2b: Archaludon|28/100|[from] item: Leftovers\n|upkeep\n|\n|t:|1776187865\n|switch|p1a: Sneasler|Sneasler, L50, F|100/100\n|switch|p1b: Sinistcha|Sinistcha, L50|100/100\n|turn|6\n|\n|t:|1776187882\n|move|p2a: Basculegion|Protect|p2a: Basculegion\n|-singleturn|p2a: Basculegion|Protect\n|move|p1a: Sneasler|Close Combat|p2b: Archaludon\n|-supereffective|p2b: Archaludon|1\n|-damage|p2b: Archaludon|0 fnt\n|-unboost|p1a: Sneasler|def|1\n|-unboost|p1a: Sneasler|spd|1\n|faint|p2b: Archaludon\n|move|p1b: Sinistcha|Matcha Gotcha|p2a: Basculegion\n|-activate|p2a: Basculegion|move: Protect\n|\n|-sideend|p2: 21st but funny|move: Tailwind\n|-sideend|p1: ohce-echo|move: Tailwind\n|upkeep\n|\n|t:|1776187886\n|switch|p2b: Incineroar|Incineroar, L50, M|100/100\n|-ability|p2b: Incineroar|Intimidate|boost\n|-unboost|p1a: Sneasler|atk|1\n|-unboost|p1b: Sinistcha|atk|1\n|turn|7\n|\n|t:|1776187902\n|move|p2b: Incineroar|Fake Out|p1a: Sneasler\n|-damage|p1a: Sneasler|72/100\n|move|p2a: Basculegion|Aqua Jet|p1a: Sneasler\n|-damage|p1a: Sneasler|2/100\n|cant|p1a: Sneasler|flinch\n|move|p1b: Sinistcha|Life Dew||[still]|[spread] p1a,p1b\n|-heal|p1a: Sneasler|27/100\n|-fail|p1b: Sinistcha|heal\n|\n|upkeep\n|turn|8\n|c|\u2606ohce-echo|win bcs lucky damn\n|c|\u2606ohce-echo|as always\n|c|\u260621st but funny|?\n|-message|ohce-echo forfeited.\n|\n|win|21st but funny\n|raw|ohce-echo's rating: 1040 &rarr; <strong>1022</strong><br />(-18 for losing)\n|raw|21st but funny's rating: 1000 &rarr; <strong>1045</strong><br />(+45 for winning)\n|c|\u260621st but funny|what about this was lucky\n|l|\u2606ohce-echo\n|player|p1|\n|c|\u260621st but funny|LOL\n",
  "uploadtime": 1776187990,
  "views": 22,
  "formatid": "gen9championsvgc2026regma",
  "rating": 1022,
  "private": 0,
  "password": null
}