{
  "id": "gen9championsvgc2026regma-2585906282",
  "format": "[Gen 9 Champions] VGC 2026 Reg M-A",
  "players": [
    "YonkoLouis",
    "mewnl"
  ],
  "log": "|j|\u2606YonkoLouis\n|j|\u2606mewnl\n|t:|1776380249\n|gametype|doubles\n|player|p1|YonkoLouis|zinnia|1086\n|player|p2|mewnl|101|1134\n|gen|9\n|tier|[Gen 9 Champions] VGC 2026 Reg M-A\n|rated|\n|rule|Species Clause: Limit one of each Pok\u00e9mon\n|rule|Item Clause: Limit 1 of each item\n|clearpoke\n|poke|p1|Alakazam, L50, M|\n|poke|p1|Meowstic, L50, M|\n|poke|p1|Rotom-Wash, L50|\n|poke|p1|Kingambit, L50, M|\n|poke|p1|Chesnaught, L50, M|\n|poke|p1|Oranguru, L50, F|\n|poke|p2|Sinistcha, L50|\n|poke|p2|Pelipper, L50, M|\n|poke|p2|Sneasler, L50, F|\n|poke|p2|Lopunny, L50, F|\n|poke|p2|Archaludon, L50, M|\n|poke|p2|Basculegion, L50, M|\n|teampreview|4\nYonkoLouis rejected open team sheets.\n|\n|t:|1776380295\n|teamsize|p1|4\n|teamsize|p2|4\n|start\n|switch|p1a: IS-2|Chesnaught, L50, M|100/100\n|switch|p1b: Winton|Oranguru, L50, F, shiny|100/100\n|switch|p2a: Pelipper|Pelipper, L50, M|100/100\n|switch|p2b: Basculegion|Basculegion, L50, M|100/100\n|-weather|RainDance|[from] ability: Drizzle|[of] p2a: Pelipper\n|turn|1\n|\n|t:|1776380328\n|detailschange|p1a: IS-2|Chesnaught-Mega, L50, M\n|-mega|p1a: IS-2|Chesnaught|Chesnaughtite\n|move|p1a: IS-2|Spiky Shield|p1a: IS-2\n|-singleturn|p1a: IS-2|move: Protect\n|move|p2b: Basculegion|Flip Turn|p1b: Winton\n|-damage|p1b: Winton|35/100\n|\n|t:|1776380337\n|switch|p2b: Archaludon|Archaludon, L50, M|100/100|[from] Flip Turn\n|move|p2a: Pelipper|Tailwind|p2a: Pelipper\n|-sidestart|p2: mewnl|move: Tailwind\n|move|p1b: Winton|Trick Room|p1b: Winton\n|-fieldstart|move: Trick Room|[of] p1b: Winton\n|\n|-weather|RainDance|[upkeep]\n|upkeep\n|turn|2\n|\n|t:|1776380390\n|move|p2b: Archaludon|Protect|p2b: Archaludon\n|-singleturn|p2b: Archaludon|Protect\n|move|p1a: IS-2|Close Combat|p2b: Archaludon\n|-activate|p2b: Archaludon|move: Protect\n|move|p1b: Winton|Hyper Voice|p2b: Archaludon|[spread] p2a\n|-activate|p2b: Archaludon|move: Protect\n|-damage|p2a: Pelipper|60/100\n|move|p2a: Pelipper|Hurricane|p1a: IS-2\n|-supereffective|p1a: IS-2|2\n|-damage|p1a: IS-2|0 fnt\n|faint|p1a: IS-2\n|\n|-weather|RainDance|[upkeep]\n|upkeep\n|\n|t:|1776380418\n|switch|p1a: Queen's Gambit|Kingambit, L50, M, shiny|100/100\n|turn|3\n|\n|t:|1776380444\n|move|p1a: Queen's Gambit|Kowtow Cleave|p2a: Pelipper\n|-damage|p2a: Pelipper|0 fnt\n|faint|p2a: Pelipper\n|move|p1b: Winton|Focus Blast|p2b: Archaludon\n|-supereffective|p2b: Archaludon|1\n|-damage|p2b: Archaludon|13/100\n|-ability|p2b: Archaludon|Stamina|boost\n|-boost|p2b: Archaludon|def|1\n|move|p2b: Archaludon|Aura Sphere|p1a: Queen's Gambit\n|-supereffective|p1a: Queen's Gambit|2\n|-damage|p1a: Queen's Gambit|0 fnt\n|faint|p1a: Queen's Gambit\n|\n|-weather|RainDance|[upkeep]\n|-heal|p2b: Archaludon|19/100|[from] item: Leftovers\n|upkeep\n|\n|t:|1776380457\n|switch|p1a: Launderette|Rotom-Wash, L50|100/100\n|switch|p2a: Lopunny|Lopunny, L50, F|100/100\n|turn|4\n|\n|t:|1776380481\n|detailschange|p2a: Lopunny|Lopunny-Mega, L50, F\n|-mega|p2a: Lopunny|Lopunny|Lopunnite\n|move|p2b: Archaludon|Protect|p2b: Archaludon\n|-singleturn|p2b: Archaludon|Protect\n|move|p2a: Lopunny|Fake Out|p1b: Winton\n|-damage|p1b: Winton|12/100\n|move|p1b: Winton|Hyper Voice|p2a: Lopunny|[spread] p2a\n|-activate|p2b: Archaludon|move: Protect\n|-damage|p2a: Lopunny|66/100\n|move|p1a: Launderette|Will-O-Wisp|p2a: Lopunny\n|-status|p2a: Lopunny|brn\n|\n|-weather|RainDance|[upkeep]\n|-heal|p2b: Archaludon|25/100|[from] item: Leftovers\n|-damage|p2a: Lopunny|60/100 brn|[from] brn\n|-sideend|p2: mewnl|move: Tailwind\n|upkeep\n|turn|5\n|\n|t:|1776380516\n|move|p1b: Winton|Focus Blast|p2a: Lopunny\n|-supereffective|p2a: Lopunny|1\n|-damage|p2a: Lopunny|0 fnt\n|faint|p2a: Lopunny\n|move|p1a: Launderette|Thunderbolt|p2b: Archaludon\n|-resisted|p2b: Archaludon|1\n|-damage|p2b: Archaludon|0 fnt\n|faint|p2b: Archaludon\n|\n|-weather|none\n|-fieldend|move: Trick Room\n|upkeep\n|\n|t:|1776380523\n|switch|p2b: Basculegion|Basculegion, L50, M|100/100\n|turn|6\n|\n|t:|1776380548\n|move|p2b: Basculegion|Psychic Fangs|p1b: Winton\n|-resisted|p1b: Winton|1\n|-damage|p1b: Winton|0 fnt\n|faint|p1b: Winton\n|move|p1a: Launderette|Thunderbolt|p2b: Basculegion\n|-supereffective|p2b: Basculegion|1\n|-damage|p2b: Basculegion|23/100\n|\n|upkeep\n|turn|7\n|\n|t:|1776380562\n|move|p1a: Launderette|Protect|p1a: Launderette\n|-singleturn|p1a: Launderette|Protect\n|move|p2b: Basculegion|Psychic Fangs|p1a: Launderette\n|-activate|p1a: Launderette|move: Protect\n|\n|upkeep\n|turn|8\n|\n|t:|1776380571\n|move|p2b: Basculegion|Psychic Fangs|p1a: Launderette\n|-damage|p1a: Launderette|69/100\n|move|p1a: Launderette|Thunderbolt|p2b: Basculegion\n|-supereffective|p2b: Basculegion|1\n|-damage|p2b: Basculegion|0 fnt\n|faint|p2b: Basculegion\n|\n|win|YonkoLouis\n|raw|YonkoLouis's rating: 1086 &rarr; <strong>1117</strong><br />(+31 for winning)\n|raw|mewnl's rating: 1134 &rarr; <strong>1106</strong><br />(-28 for losing)\n|l|\u2606mewnl\n|player|p2|\n|c|\u2606YonkoLouis|gg\n",
  "uploadtime": 1776380582,
  "views": 17,
  "formatid": "gen9championsvgc2026regma",
  "rating": 1106,
  "private": 0,
  "password": null
}