{
  "id": "gen9championsvgc2026regma-2588133438",
  "format": "[Gen 9 Champions] VGC 2026 Reg M-A",
  "players": [
    "leolc0926",
    "matxp60"
  ],
  "log": "|j|\u2606leolc0926\n|j|\u2606matxp60\n|t:|1776607763\n|gametype|doubles\n|player|p1|leolc0926|steven|1211\n|player|p2|matxp60|ethan|1168\n|gen|9\n|tier|[Gen 9 Champions] VGC 2026 Reg M-A\n|rated|\n|rule|Species Clause: Limit one of each Pok\u00e9mon\n|rule|Item Clause: Limit 1 of each item\n|clearpoke\n|poke|p1|Gardevoir, L50, F|\n|poke|p1|Incineroar, L50, M|\n|poke|p1|Garchomp, L50, M|\n|poke|p1|Maushold, L50|\n|poke|p1|Kingambit, L50, F|\n|poke|p1|Sneasler, L50, F|\n|poke|p2|Sableye, L50, M, shiny|\n|poke|p2|Sinistcha-Masterpiece, L50|\n|poke|p2|Sneasler, L50, M|\n|poke|p2|Incineroar, L50, F|\n|poke|p2|Glimmora, L50, F|\n|poke|p2|Maushold-Four, L50|\n|teampreview|4\n|\n|t:|1776607804\n|teamsize|p1|4\n|teamsize|p2|4\n|start\n|switch|p1a: Maushold|Maushold, L50|100/100\n|switch|p1b: Gardevoir|Gardevoir, L50, F|100/100\n|switch|p2a: Sableye|Sableye, L50, M, shiny|100/100\n|switch|p2b: Glimmora|Glimmora, L50, F|100/100\n|-ability|p1b: Gardevoir|Corrosion|Trace|[from] ability: Trace|[of] p2b: Glimmora\n|turn|1\n|\n|t:|1776607822\n|detailschange|p1b: Gardevoir|Gardevoir-Mega, L50, F\n|-mega|p1b: Gardevoir|Gardevoir|Gardevoirite\n|move|p1a: Maushold|Follow Me|p1a: Maushold\n|-singleturn|p1a: Maushold|move: Follow Me\n|move|p2a: Sableye|Calm Mind|p2a: Sableye\n|-boost|p2a: Sableye|spa|1\n|-boost|p2a: Sableye|spd|1\n|move|p2b: Glimmora|Mortal Spin|p1b: Gardevoir|[spread] p1a,p1b\n|-supereffective|p1b: Gardevoir|1\n|-damage|p1a: Maushold|96/100\n|-damage|p1b: Gardevoir|93/100\n|-status|p1a: Maushold|psn\n|-status|p1b: Gardevoir|psn\n|move|p1b: Gardevoir|Psychic|p2b: Glimmora\n|-supereffective|p2b: Glimmora|1\n|-enditem|p2b: Glimmora|Focus Sash\n|-damage|p2b: Glimmora|1/100\n|\n|-damage|p1a: Maushold|83/100 psn|[from] psn\n|-damage|p1b: Gardevoir|81/100 psn|[from] psn\n|upkeep\n|turn|2\n|\n|t:|1776607854\n|move|p1a: Maushold|Follow Me|p1a: Maushold\n|-singleturn|p1a: Maushold|move: Follow Me\n|move|p2a: Sableye|Calm Mind|p2a: Sableye\n|-boost|p2a: Sableye|spa|1\n|-boost|p2a: Sableye|spd|1\n|move|p2b: Glimmora|Toxic Spikes|p1a: Maushold\n|-sidestart|p1: leolc0926|move: Toxic Spikes\n|move|p1b: Gardevoir|Hyper Voice|p2b: Glimmora|[spread] p2a,p2b\n|-supereffective|p2a: Sableye|1\n|-resisted|p2b: Glimmora|1\n|-damage|p2a: Sableye|42/100\n|-damage|p2b: Glimmora|0 fnt\n|faint|p2b: Glimmora\n|\n|-damage|p1a: Maushold|71/100 psn|[from] psn\n|-damage|p1b: Gardevoir|69/100 psn|[from] psn\n|upkeep\n|\n|t:|1776607867\n|switch|p2b: Sneasler|Sneasler, L50, M|100/100\n|turn|3\n|\n|t:|1776607883\n|move|p1a: Maushold|Follow Me|p1a: Maushold\n|-singleturn|p1a: Maushold|move: Follow Me\n|move|p2a: Sableye|Recover|p2a: Sableye\n|-heal|p2a: Sableye|92/100\n|move|p2b: Sneasler|Close Combat|p1a: Maushold\n|-supereffective|p1a: Maushold|1\n|-enditem|p1a: Maushold|Chople Berry|[eat]\n|-enditem|p1a: Maushold|Chople Berry|[weaken]\n|-damage|p1a: Maushold|0 fnt\n|-unboost|p2b: Sneasler|def|1\n|-unboost|p2b: Sneasler|spd|1\n|faint|p1a: Maushold\n|move|p1b: Gardevoir|Hyper Voice|p2a: Sableye|[spread] p2a,p2b\n|-supereffective|p2a: Sableye|1\n|-crit|p2b: Sneasler\n|-damage|p2a: Sableye|28/100\n|-damage|p2b: Sneasler|0 fnt\n|faint|p2b: Sneasler\n|\n|-damage|p1b: Gardevoir|57/100 psn|[from] psn\n|upkeep\n|\n|t:|1776607896\n|switch|p2b: Sinistcha|Sinistcha-Masterpiece, L50|100/100\n|switch|p1a: Kingambit|Kingambit, L50, F|100/100\n|-heal|p2a: Sableye|53/100|[from] ability: Hospitality|[of] p2b: Sinistcha\n|turn|4\n|\n|t:|1776607909\n|detailschange|p2a: Sableye|Sableye-Mega, L50, M, shiny\n|-mega|p2a: Sableye|Sableye|Sablenite\n|move|p1b: Gardevoir|Hyper Voice|p2a: Sableye|[spread] p2a,p2b\n|-supereffective|p2a: Sableye|1\n|-crit|p2b: Sinistcha\n|-damage|p2a: Sableye|6/100\n|-damage|p2b: Sinistcha|18/100\n|move|p2b: Sinistcha|Life Dew|p2b: Sinistcha|[spread] p2a,p2b\n|-heal|p2a: Sableye|31/100\n|-heal|p2b: Sinistcha|43/100\n|move|p1a: Kingambit|Kowtow Cleave|p2b: Sinistcha\n|-supereffective|p2b: Sinistcha|1\n|-damage|p2b: Sinistcha|0 fnt\n|faint|p2b: Sinistcha\n|move|p2a: Sableye|Recover|p2a: Sableye\n|-heal|p2a: Sableye|81/100\n|\n|-damage|p1b: Gardevoir|45/100 psn|[from] psn\n|upkeep\n|turn|5\n|\n|t:|1776607919\n|move|p1b: Gardevoir|Hyper Voice|p2a: Sableye\n|-supereffective|p2a: Sableye|1\n|-damage|p2a: Sableye|21/100\n|move|p1a: Kingambit|Kowtow Cleave|p2a: Sableye\n|-damage|p2a: Sableye|0 fnt\n|faint|p2a: Sableye\n|\n|win|leolc0926\n|raw|leolc0926's rating: 1211 &rarr; <strong>1233</strong><br />(+22 for winning)\n|raw|matxp60's rating: 1168 &rarr; <strong>1146</strong><br />(-22 for losing)\n|c|\u2606leolc0926|ff\n|c|\u2606leolc0926|gg\n",
  "uploadtime": 1776607930,
  "views": 15,
  "formatid": "gen9championsvgc2026regma",
  "rating": 1146,
  "private": 0,
  "password": null
}