{
  "id": "gen9championsvgc2026regma-2586969601",
  "format": "[Gen 9 Champions] VGC 2026 Reg M-A",
  "players": [
    "oheazy",
    "MMszinho"
  ],
  "log": "|j|\u2606oheazy\n|j|\u2606MMszinho\n|t:|1776476763\n|gametype|doubles\n|player|p1|oheazy|dancer|1078\n|player|p2|MMszinho|marshal|1087\n|gen|9\n|tier|[Gen 9 Champions] VGC 2026 Reg M-A\n|rated|\n|rule|Species Clause: Limit one of each Pok\u00e9mon\n|rule|Item Clause: Limit 1 of each item\n|clearpoke\n|poke|p1|Gengar, L50, F|\n|poke|p1|Incineroar, L50, M|\n|poke|p1|Politoed, L50, M|\n|poke|p1|Sinistcha, L50|\n|poke|p1|Clefable, L50, M|\n|poke|p1|Palafin, L50, F|\n|poke|p2|Blastoise, L50, M|\n|poke|p2|Toxicroak, L50, M|\n|poke|p2|Raichu, L50, M|\n|poke|p2|Pelipper, L50, M|\n|poke|p2|Sylveon, L50, F|\n|poke|p2|Palafin, L50, M|\n|teampreview|4\noheazy has agreed to open team sheets.\n|\n|t:|1776476790\n|teamsize|p1|4\n|teamsize|p2|4\n|start\n|switch|p1a: Gengar|Gengar, L50, F|100/100\n|switch|p1b: Incineroar|Incineroar, L50, M|100/100\n|switch|p2a: Raichu|Raichu, L50, M|100/100\n|switch|p2b: Blastoise|Blastoise, L50, M|100/100\n|-ability|p1b: Incineroar|Intimidate|boost\n|-unboost|p2a: Raichu|atk|1\n|-unboost|p2b: Blastoise|atk|1\n|turn|1\n|\n|t:|1776476814\n|detailschange|p2b: Blastoise|Blastoise-Mega, L50, M\n|-mega|p2b: Blastoise|Blastoise|Blastoisinite\n|move|p2a: Raichu|Fake Out|p1b: Incineroar\n|-damage|p1b: Incineroar|95/100\n|cant|p1b: Incineroar|flinch\n|move|p1a: Gengar|Perish Song|p1a: Gengar\n|-start|p1a: Gengar|perish3|[silent]\n|-start|p1b: Incineroar|perish3|[silent]\n|-start|p2a: Raichu|perish3|[silent]\n|-start|p2b: Blastoise|perish3|[silent]\n|-fieldactivate|move: Perish Song\n|move|p2b: Blastoise|Shell Smash|p2b: Blastoise\n|-unboost|p2b: Blastoise|def|1\n|-unboost|p2b: Blastoise|spd|1\n|-boost|p2b: Blastoise|atk|2\n|-boost|p2b: Blastoise|spa|2\n|-boost|p2b: Blastoise|spe|2\n|\n|-start|p2b: Blastoise|perish3\n|-start|p2a: Raichu|perish3\n|-start|p1a: Gengar|perish3\n|-start|p1b: Incineroar|perish3\n|upkeep\n|turn|2\n|c|\u2606oheazy|love shadow tag\n|\n|t:|1776476854\n|detailschange|p1a: Gengar|Gengar-Mega, L50, F\n|-mega|p1a: Gengar|Gengar|Gengarite\n|move|p1a: Gengar|Protect|p1a: Gengar\n|-singleturn|p1a: Gengar|Protect\n|move|p2a: Raichu|Protect|p2a: Raichu\n|-singleturn|p2a: Raichu|Protect\n|move|p2b: Blastoise|Surf|p1b: Incineroar|[spread] p1b\n|-activate|p2a: Raichu|move: Protect\n|-activate|p1a: Gengar|move: Protect\n|-supereffective|p1b: Incineroar|1\n|-damage|p1b: Incineroar|0 fnt\n|faint|p1b: Incineroar\n|\n|-start|p2b: Blastoise|perish2\n|-start|p1a: Gengar|perish2\n|-start|p2a: Raichu|perish2\n|upkeep\n|\n|t:|1776476870\n|switch|p1b: Sinistcha|Sinistcha, L50|100/100\n|turn|3\n|\n|t:|1776476886\n|move|p2b: Blastoise|Dark Pulse|p1b: Sinistcha\n|-supereffective|p1b: Sinistcha|1\n|-damage|p1b: Sinistcha|0 fnt\n|faint|p1b: Sinistcha\n|move|p1a: Gengar|Disable|p2b: Blastoise\n|-start|p2b: Blastoise|Disable|Dark Pulse\n|move|p2a: Raichu|Nuzzle|p1a: Gengar\n|-damage|p1a: Gengar|95/100\n|-status|p1a: Gengar|par\n|\n|-start|p2b: Blastoise|perish1\n|-start|p2a: Raichu|perish1\n|-start|p1a: Gengar|perish1\n|upkeep\n|\n|t:|1776476899\n|switch|p1b: Clefable|Clefable, L50, M|100/100\n|turn|4\n|\n|t:|1776476933\n|move|p2a: Raichu|Protect|p2a: Raichu\n|-singleturn|p2a: Raichu|Protect\n|move|p1a: Gengar|Protect|p1a: Gengar\n|-singleturn|p1a: Gengar|Protect\n|move|p1b: Clefable|Protect|p1b: Clefable\n|-singleturn|p1b: Clefable|Protect\n|move|p2b: Blastoise|Surf|p1b: Clefable|[spread] \n|-activate|p2a: Raichu|move: Protect\n|-activate|p1a: Gengar|move: Protect\n|-activate|p1b: Clefable|move: Protect\n|\n|-start|p2b: Blastoise|perish0\n|-start|p2a: Raichu|perish0\n|-start|p1a: Gengar|perish0\n|faint|p2b: Blastoise\n|faint|p2a: Raichu\n|faint|p1a: Gengar\n|upkeep\n|\n|t:|1776476941\n|switch|p2a: Toxicroak|Toxicroak, L50, M|100/100\n|switch|p2b: Palafin|Palafin, L50, M|100/100\n|turn|5\n|\n|t:|1776476956\n|move|p2b: Palafin|Jet Punch|p1b: Clefable\n|-crit|p1b: Clefable\n|-damage|p1b: Clefable|70/100\n|move|p2a: Toxicroak|Poison Jab|p1b: Clefable\n|-supereffective|p1b: Clefable|1\n|-damage|p1b: Clefable|2/100\n|move|p1b: Clefable|Moonblast|p2a: Toxicroak\n|-damage|p2a: Toxicroak|61/100\n|\n|upkeep\n|turn|6\n|c|\u2606oheazy|gg\n|\n|t:|1776476970\n|move|p2b: Palafin|Jet Punch|p1b: Clefable\n|-damage|p1b: Clefable|0 fnt\n|faint|p1b: Clefable\n|\n|win|MMszinho\n|raw|oheazy's rating: 1078 &rarr; <strong>1057</strong><br />(-21 for losing)\n|raw|MMszinho's rating: 1087 &rarr; <strong>1113</strong><br />(+26 for winning)\n",
  "uploadtime": 1776476975,
  "views": 26,
  "formatid": "gen9championsvgc2026regma",
  "rating": 1057,
  "private": 0,
  "password": null
}