{
  "id": "gen9championsvgc2026regma-2587229046",
  "format": "[Gen 9 Champions] VGC 2026 Reg M-A",
  "players": [
    "Xernos123",
    "ChrisMoltisantiVGC"
  ],
  "log": "|j|\u2606Xernos123\n|j|\u2606ChrisMoltisantiVGC\n|t:|1776511817\n|gametype|doubles\n|player|p1|Xernos123|1|1066\n|player|p2|ChrisMoltisantiVGC|galacticgruntf|1159\n|gen|9\n|tier|[Gen 9 Champions] VGC 2026 Reg M-A\n|rated|\n|rule|Species Clause: Limit one of each Pok\u00e9mon\n|rule|Item Clause: Limit 1 of each item\n|clearpoke\n|poke|p1|Incineroar, L50, F|\n|poke|p1|Whimsicott, L50, M|\n|poke|p1|Blastoise, L50, M|\n|poke|p1|Runerigus, L50, F|\n|poke|p1|Clefable, L50, F|\n|poke|p1|Pelipper, L50, F|\n|poke|p2|Scovillain, L50, F|\n|poke|p2|Chandelure, L50, M|\n|poke|p2|Kingambit, L50, M|\n|poke|p2|Sneasler, L50, F|\n|poke|p2|Rotom-Wash, L50|\n|poke|p2|Ninetales-Alola, L50, F|\n|teampreview|4\n|inactive|Battle timer is ON: inactive players will automatically lose when time's up. (requested by Xernos123)\nXernos123 rejected open team sheets.\n|inactive|ChrisMoltisantiVGC has 60 seconds left.\n|\n|t:|1776511849\n|teamsize|p1|4\n|teamsize|p2|4\n|start\n|switch|p1a: Incineroar|Incineroar, L50, F|100/100\n|switch|p1b: Pelipper|Pelipper, L50, F|100/100\n|switch|p2a: Scovillain|Scovillain, L50, F|100/100\n|switch|p2b: Sneasler|Sneasler, L50, F|100/100\n|-weather|RainDance|[from] ability: Drizzle|[of] p1b: Pelipper\n|-ability|p1a: Incineroar|Intimidate|boost\n|-unboost|p2a: Scovillain|atk|1\n|-unboost|p2b: Sneasler|atk|1\n|-enditem|p2b: Sneasler|White Herb\n|-clearnegativeboost|p2b: Sneasler|[silent]\n|turn|1\n|\n|t:|1776511860\n|move|p2b: Sneasler|Fake Out|p1b: Pelipper\n|-damage|p1b: Pelipper|87/100\n|move|p1a: Incineroar|Fake Out|p2b: Sneasler\n|-damage|p2b: Sneasler|83/100\n|move|p2a: Scovillain|Leech Seed|p1a: Incineroar\n|-start|p1a: Incineroar|move: Leech Seed\n|cant|p1b: Pelipper|flinch\n|\n|-weather|RainDance|[upkeep]\n|-heal|p1b: Pelipper|93/100|[from] item: Leftovers\n|-damage|p1a: Incineroar|88/100|[from] Leech Seed|[of] p2a: Scovillain\n|-ability|p2a: Scovillain|Moody|boost\n|-boost|p2a: Scovillain|spe|2\n|-unboost|p2a: Scovillain|atk|1\n|upkeep\n|turn|2\n|\n|t:|1776511885\n|move|p2a: Scovillain|Protect|p2a: Scovillain\n|-singleturn|p2a: Scovillain|Protect\n|move|p2b: Sneasler|Dire Claw|p1b: Pelipper\n|-damage|p1b: Pelipper|54/100\n|move|p1b: Pelipper|U-turn|p2a: Scovillain\n|-activate|p2a: Scovillain|move: Protect\n|move|p1a: Incineroar|Parting Shot|p2b: Sneasler\n|-unboost|p2b: Sneasler|atk|1\n|-unboost|p2b: Sneasler|spa|1\n|\n|t:|1776511888\n|switch|p1a: Clefable|Clefable, L50, F|100/100|[from] Parting Shot\n|\n|-weather|RainDance|[upkeep]\n|-heal|p1b: Pelipper|60/100|[from] item: Leftovers\n|-ability|p2a: Scovillain|Moody|boost\n|-boost|p2a: Scovillain|spd|2\n|-unboost|p2a: Scovillain|spe|1\n|upkeep\n|turn|3\n|\n|t:|1776511901\n|detailschange|p2a: Scovillain|Scovillain-Mega, L50, F\n|-mega|p2a: Scovillain|Scovillain|Scovillainite\n|move|p2b: Sneasler|Dire Claw|p1a: Clefable\n|-supereffective|p1a: Clefable|1\n|-damage|p1a: Clefable|0 fnt\n|faint|p1a: Clefable\n|move|p2a: Scovillain|Leech Seed|p1b: Pelipper\n|-start|p1b: Pelipper|move: Leech Seed\n|move|p1b: Pelipper|U-turn|p2a: Scovillain\n|-damage|p2a: Scovillain|92/100\n|-status|p1b: Pelipper|brn|[from] ability: Spicy Spray|[of] p2a: Scovillain\n|\n|t:|1776511913\n|switch|p1b: Blastoise|Blastoise, L50, M|100/100|[from] U-turn\n|\n|-weather|RainDance|[upkeep]\n|upkeep\n|\n|t:|1776511914\n|switch|p1a: Incineroar|Incineroar, L50, F|88/100\n|-ability|p1a: Incineroar|Intimidate|boost\n|-unboost|p2a: Scovillain|atk|1\n|-unboost|p2b: Sneasler|atk|1\n|turn|4\n|\n|t:|1776511931\n|detailschange|p1b: Blastoise|Blastoise-Mega, L50, M\n|-mega|p1b: Blastoise|Blastoise|Blastoisinite\n|move|p2a: Scovillain|Protect|p2a: Scovillain\n|-singleturn|p2a: Scovillain|Protect\n|move|p1a: Incineroar|Fake Out|p2a: Scovillain\n|-activate|p2a: Scovillain|move: Protect\n|move|p2b: Sneasler|Close Combat|p1a: Incineroar\n|-supereffective|p1a: Incineroar|1\n|-damage|p1a: Incineroar|26/100\n|-unboost|p2b: Sneasler|def|1\n|-unboost|p2b: Sneasler|spd|1\n|-enditem|p1a: Incineroar|Sitrus Berry|[eat]\n|-heal|p1a: Incineroar|50/100|[from] item: Sitrus Berry\n|move|p1b: Blastoise|Shell Smash|p1b: Blastoise\n|-unboost|p1b: Blastoise|def|1\n|-unboost|p1b: Blastoise|spd|1\n|-boost|p1b: Blastoise|atk|2\n|-boost|p1b: Blastoise|spa|2\n|-boost|p1b: Blastoise|spe|2\n|\n|-weather|RainDance|[upkeep]\n|upkeep\n|turn|5\n|\n|t:|1776511954\n|move|p2b: Sneasler|Close Combat|p1a: Incineroar\n|-supereffective|p1a: Incineroar|1\n|-damage|p1a: Incineroar|0 fnt\n|-unboost|p2b: Sneasler|def|1\n|-unboost|p2b: Sneasler|spd|1\n|faint|p1a: Incineroar\n|move|p1b: Blastoise|Water Spout|p2a: Scovillain|[spread] p2a,p2b\n|-damage|p2a: Scovillain|0 fnt\n|-damage|p2b: Sneasler|0 fnt\n|-status|p1b: Blastoise|brn|[from] ability: Spicy Spray|[of] p2a: Scovillain\n|faint|p2a: Scovillain\n|faint|p2b: Sneasler\n|\n|-weather|none\n|-damage|p1b: Blastoise|95/100 brn|[from] brn\n|upkeep\n|\n|t:|1776511966\n|switch|p2b: Kingambit|Kingambit, L50, M|100/100\n|switch|p2a: Chandelure|Chandelure, L50, M|100/100\n|switch|p1a: Pelipper|Pelipper, L50, F|60/100 brn\n|-weather|RainDance|[from] ability: Drizzle|[of] p1a: Pelipper\n|turn|6\n|\n|t:|1776511990\n|move|p2a: Chandelure|Protect|p2a: Chandelure\n|-singleturn|p2a: Chandelure|Protect\n|move|p2b: Kingambit|Sucker Punch|p1b: Blastoise\n|-damage|p1b: Blastoise|28/100 brn\n|move|p1b: Blastoise|Water Pulse|p2b: Kingambit\n|-damage|p2b: Kingambit|0 fnt\n|faint|p2b: Kingambit\n|move|p1a: Pelipper|Knock Off|p2a: Chandelure\n|-activate|p2a: Chandelure|move: Protect\n|\n|-weather|RainDance|[upkeep]\n|-heal|p1a: Pelipper|66/100 brn|[from] item: Leftovers\n|-damage|p1b: Blastoise|22/100 brn|[from] brn\n|-damage|p1a: Pelipper|60/100 brn|[from] brn\n|upkeep\n|turn|7\n|\n|t:|1776512003\n|move|p1b: Blastoise|Water Pulse|p2a: Chandelure\n|-supereffective|p2a: Chandelure|1\n|-damage|p2a: Chandelure|0 fnt\n|faint|p2a: Chandelure\n|\n|win|Xernos123\n|raw|Xernos123's rating: 1066 &rarr; <strong>1104</strong><br />(+38 for winning)\n|raw|ChrisMoltisantiVGC's rating: 1159 &rarr; <strong>1127</strong><br />(-32 for losing)\n",
  "uploadtime": 1776512005,
  "views": 12,
  "formatid": "gen9championsvgc2026regma",
  "rating": 1104,
  "private": 0,
  "password": null
}