{
  "id": "gen9championsvgc2026regma-2583027362",
  "format": "[Gen 9 Champions] VGC 2026 Reg M-A",
  "players": [
    "ShirtlessRayRizzo",
    "ErinHallow"
  ],
  "log": "|j|\u2606ShirtlessRayRizzo\n|j|\u2606ErinHallow\n|t:|1776134616\n|gametype|doubles\n|player|p1|ShirtlessRayRizzo|giovanni-gen1|1108\n|player|p2|ErinHallow|rika|1125\n|gen|9\n|tier|[Gen 9 Champions] VGC 2026 Reg M-A\n|rated|\n|rule|Species Clause: Limit one of each Pok\u00e9mon\n|rule|Item Clause: Limit 1 of each item\n|clearpoke\n|poke|p1|Charizard, L50, M|\n|poke|p1|Venusaur, L50, M|\n|poke|p1|Whimsicott, L50, F|\n|poke|p1|Kingambit, L50, M|\n|poke|p1|Sneasler, L50, M|\n|poke|p1|Chesnaught, L50, M|\n|poke|p2|Charizard, L50, F|\n|poke|p2|Whimsicott, L50, M|\n|poke|p2|Incineroar, L50, M|\n|poke|p2|Sinistcha, L50|\n|poke|p2|Corviknight, L50, M|\n|poke|p2|Rotom-Wash, L50|\n|teampreview|4\n|c|\u2606ErinHallow|brb sorry, car alarm\n|c|\u2606ShirtlessRayRizzo|ok\n|\n|t:|1776134718\n|teamsize|p1|4\n|teamsize|p2|4\n|start\n|switch|p1a: Charizard|Charizard, L50, M, shiny|100/100\n|switch|p1b: Kingambit|Kingambit, L50, M, shiny|100/100\n|switch|p2a: Whimsicott|Whimsicott, L50, M|100/100\n|switch|p2b: Charizard|Charizard, L50, F|100/100\n|turn|1\n|\n|t:|1776134749\n|detailschange|p1a: Charizard|Charizard-Mega-Y, L50, M, shiny\n|-mega|p1a: Charizard|Charizard|Charizardite Y\n|-weather|SunnyDay|[from] ability: Drought|[of] p1a: Charizard\n|detailschange|p2b: Charizard|Charizard-Mega-X, L50, F\n|-mega|p2b: Charizard|Charizard|Charizardite X\n|move|p2a: Whimsicott|Tailwind|p2a: Whimsicott\n|-sidestart|p2: ErinHallow|move: Tailwind\n|move|p1b: Kingambit|Sucker Punch||[still]\n|-fail|p1b: Kingambit\n|move|p2b: Charizard|Swords Dance|p2b: Charizard\n|-boost|p2b: Charizard|atk|2\n|move|p1a: Charizard|Heat Wave|p2a: Whimsicott|[spread] p2a,p2b\n|-supereffective|p2a: Whimsicott|1\n|-resisted|p2b: Charizard|2\n|-enditem|p2a: Whimsicott|Focus Sash\n|-damage|p2a: Whimsicott|1/100\n|-damage|p2b: Charizard|82/100\n|-status|p2a: Whimsicott|brn\n|\n|-weather|SunnyDay|[upkeep]\n|-damage|p2a: Whimsicott|0 fnt|[from] brn\n|faint|p2a: Whimsicott\n|upkeep\n|\n|t:|1776134762\n|switch|p2a: Sinistcha|Sinistcha, L50|100/100\n|-heal|p2b: Charizard|100/100|[from] ability: Hospitality|[of] p2a: Sinistcha\n|turn|2\n|c|\u2606ShirtlessRayRizzo|mished\n|\n|t:|1776134772\n|move|p1a: Charizard|Protect|p1a: Charizard\n|-singleturn|p1a: Charizard|Protect\n|move|p2a: Sinistcha|Rage Powder|p2a: Sinistcha\n|-singleturn|p2a: Sinistcha|move: Rage Powder\n|move|p2b: Charizard|Flare Blitz|p1b: Kingambit\n|-supereffective|p1b: Kingambit|1\n|-damage|p1b: Kingambit|0 fnt\n|faint|p1b: Kingambit\n|-damage|p2b: Charizard|60/100|[from] Recoil\n|\n|-weather|SunnyDay|[upkeep]\n|upkeep\n|\n|t:|1776134779\n|switch|p1b: Sneasler|Sneasler, L50, M, shiny|100/100\n|turn|3\n|\n|t:|1776134795\n|move|p2a: Sinistcha|Protect|p2a: Sinistcha\n|-singleturn|p2a: Sinistcha|Protect\n|move|p2b: Charizard|Dragon Claw|p1b: Sneasler\n|-damage|p1b: Sneasler|0 fnt\n|faint|p1b: Sneasler\n|move|p1a: Charizard|Heat Wave|p2b: Charizard|[spread] p2b\n|-activate|p2a: Sinistcha|move: Protect\n|-resisted|p2b: Charizard|2\n|-damage|p2b: Charizard|40/100\n|\n|-weather|SunnyDay|[upkeep]\n|upkeep\n|\n|t:|1776134800\n|switch|p1b: Venusaur|Venusaur, L50, M, shiny|100/100\n|turn|4\n|c|\u2606ShirtlessRayRizzo|zard y better!\n|c|\u2606ErinHallow|objectively, yes\n|\n|t:|1776134838\n|move|p1b: Venusaur|Protect|p1b: Venusaur\n|-singleturn|p1b: Venusaur|Protect\n|move|p1a: Charizard|Protect|p1a: Charizard\n|-singleturn|p1a: Charizard|Protect\n|move|p2b: Charizard|Flare Blitz|p1b: Venusaur\n|-activate|p1b: Venusaur|move: Protect\n|move|p2a: Sinistcha|Trick Room|p2a: Sinistcha\n|-fieldstart|move: Trick Room|[of] p2a: Sinistcha\n|\n|-weather|SunnyDay|[upkeep]\n|-sideend|p2: ErinHallow|move: Tailwind\n|upkeep\n|turn|5\n|c|\u2606ShirtlessRayRizzo|;.....;\n|\n|t:|1776134852\n|move|p2a: Sinistcha|Protect|p2a: Sinistcha\n|-singleturn|p2a: Sinistcha|Protect\n|move|p1a: Charizard|Protect|p1a: Charizard\n|-singleturn|p1a: Charizard|Protect\n|move|p2b: Charizard|Flare Blitz|p1b: Venusaur\n|-supereffective|p1b: Venusaur|1\n|-enditem|p1b: Venusaur|Focus Sash\n|-damage|p1b: Venusaur|1/100\n|-damage|p2b: Charizard|8/100|[from] Recoil\n|move|p1b: Venusaur|Sleep Powder|p2b: Charizard|[miss]\n|-miss|p1b: Venusaur|p2b: Charizard\n|\n|-weather|none\n|upkeep\n|turn|6\n|c|\u2606ShirtlessRayRizzo|well\n|c|\u2606ShirtlessRayRizzo|ggs\n|\n|t:|1776134867\n|move|p1a: Charizard|Protect||[still]\n|-fail|p1a: Charizard\n|move|p2a: Sinistcha|Matcha Gotcha|p1b: Venusaur|[spread] p1a\n|-miss|p2a: Sinistcha|p1b: Venusaur\n|-resisted|p1a: Charizard|2\n|-damage|p1a: Charizard|95/100\n|move|p1b: Venusaur|Sleep Powder|p2b: Charizard\n|-status|p2b: Charizard|slp|[from] move: Sleep Powder\n|cant|p2b: Charizard|slp\n|\n|upkeep\n|turn|7\n|c|\u2606ErinHallow|gg\n|c|\u2606ErinHallow|or\n|c|\u2606ErinHallow|maybe not LOL\n|c|\u2606ShirtlessRayRizzo|bruh\n|\n|t:|1776134911\n|switch|p2b: Corviknight|Corviknight, L50, M|100/100\n|move|p1b: Venusaur|Protect|p1b: Venusaur\n|-singleturn|p1b: Venusaur|Protect\n|move|p2a: Sinistcha|Matcha Gotcha|p1a: Charizard|[spread] p1a\n|-activate|p1b: Venusaur|move: Protect\n|-resisted|p1a: Charizard|2\n|-damage|p1a: Charizard|89/100\n|move|p1a: Charizard|Overheat|p2a: Sinistcha\n|-supereffective|p2a: Sinistcha|1\n|-damage|p2a: Sinistcha|0 fnt\n|-unboost|p1a: Charizard|spa|2\n|faint|p2a: Sinistcha\n|\n|upkeep\n|\n|t:|1776134915\n|switch|p2a: Charizard|Charizard-Mega-X, L50, F|8/100 slp\n|turn|8\n|\n|t:|1776134930\n|-curestatus|p2a: Charizard|slp|[msg]\n|move|p2a: Charizard|Protect|p2a: Charizard\n|-singleturn|p2a: Charizard|Protect\n|move|p2b: Corviknight|Brave Bird|p1a: Charizard\n|-damage|p1a: Charizard|22/100\n|-damage|p2b: Corviknight|80/100|[from] Recoil\n|move|p1b: Venusaur|Sludge Bomb|p2a: Charizard\n|-activate|p2a: Charizard|move: Protect\n|move|p1a: Charizard|Heat Wave|p2a: Charizard|[spread] p2b\n|-activate|p2a: Charizard|move: Protect\n|-supereffective|p2b: Corviknight|1\n|-crit|p2b: Corviknight\n|-damage|p2b: Corviknight|0 fnt\n|faint|p2b: Corviknight\n|\n|-fieldend|move: Trick Room\n|upkeep\n|turn|9\n|c|\u2606ShirtlessRayRizzo|no way\n|c|\u2606ShirtlessRayRizzo|honestly\n|c|\u2606ErinHallow|what a game lmao\n|c|\u2606ShirtlessRayRizzo|you deserve it\n|-message|ShirtlessRayRizzo forfeited.\n|\n|win|ErinHallow\n|raw|ShirtlessRayRizzo's rating: 1108 &rarr; <strong>1084</strong><br />(-24 for losing)\n|raw|ErinHallow's rating: 1125 &rarr; <strong>1149</strong><br />(+24 for winning)\n|l|\u2606ShirtlessRayRizzo\n|player|p1|\n",
  "uploadtime": 1776134994,
  "views": 24,
  "formatid": "gen9championsvgc2026regma",
  "rating": 1084,
  "private": 0,
  "password": null
}