{
  "id": "gen9championsvgc2026regma-2583129645",
  "format": "[Gen 9 Champions] VGC 2026 Reg M-A",
  "players": [
    "iZaneh",
    "rainy6477"
  ],
  "log": "|j|\u2606iZaneh\n|j|\u2606rainy6477\n|t:|1776145569\n|gametype|doubles\n|player|p1|iZaneh|102|1070\n|player|p2|rainy6477|hilbert|1017\n|gen|9\n|tier|[Gen 9 Champions] VGC 2026 Reg M-A\n|rated|\n|rule|Species Clause: Limit one of each Pok\u00e9mon\n|rule|Item Clause: Limit 1 of each item\n|clearpoke\n|poke|p1|Sylveon, L50, F|\n|poke|p1|Sinistcha, L50|\n|poke|p1|Lucario, L50, M|\n|poke|p1|Azumarill, L50, M|\n|poke|p1|Torkoal, L50, F|\n|poke|p1|Incineroar, L50, F|\n|poke|p2|Lopunny, L50, F|\n|poke|p2|Kommo-o, L50, M|\n|poke|p2|Whimsicott, L50, M|\n|poke|p2|Zoroark-Hisui, L50, M|\n|poke|p2|Sableye, L50, M|\n|poke|p2|Mr. Rime, L50, M|\n|teampreview|4\nrainy6477 has agreed to open team sheets.\n|\n|t:|1776145590\n|teamsize|p1|4\n|teamsize|p2|4\n|start\n|switch|p1a: Sylveon|Sylveon, L50, F, shiny|100/100\n|switch|p1b: Sinistcha|Sinistcha, L50, shiny|100/100\n|switch|p2a: Lopunny|Lopunny, L50, F|100/100\n|switch|p2b: Mr. Rime|Mr. Rime, L50, M|100/100\n|turn|1\n|\n|t:|1776145613\n|detailschange|p2a: Lopunny|Lopunny-Mega, L50, F\n|-mega|p2a: Lopunny|Lopunny|Lopunnite\n|move|p2b: Mr. Rime|Zen Headbutt|p1a: Sylveon\n|-damage|p1a: Sylveon|50/100\n|move|p2a: Lopunny|Teeter Dance|p1b: Sinistcha|[spread] p2b,p1a,p1b\n|-start|p2b: Mr. Rime|confusion\n|-start|p1a: Sylveon|confusion\n|-start|p1b: Sinistcha|confusion\n|-activate|p1a: Sylveon|confusion\n|move|p1a: Sylveon|Calm Mind|p1a: Sylveon\n|-boost|p1a: Sylveon|spa|1\n|-boost|p1a: Sylveon|spd|1\n|-activate|p1b: Sinistcha|confusion\n|move|p1b: Sinistcha|Trick Room|p1b: Sinistcha\n|-fieldstart|move: Trick Room|[of] p1b: Sinistcha\n|\n|upkeep\n|turn|2\n|\n|t:|1776145656\n|move|p2a: Lopunny|Protect|p2a: Lopunny\n|-singleturn|p2a: Lopunny|Protect\n|-activate|p1b: Sinistcha|confusion\n|-damage|p1b: Sinistcha|94/100|[from] confusion\n|-activate|p1a: Sylveon|confusion\n|move|p1a: Sylveon|Hyper Beam|p2a: Lopunny\n|-activate|p2a: Lopunny|move: Protect\n|-activate|p2b: Mr. Rime|confusion\n|move|p2b: Mr. Rime|Zen Headbutt|p1a: Sylveon\n|-damage|p1a: Sylveon|0 fnt\n|faint|p1a: Sylveon\n|\n|upkeep\n|\n|t:|1776145675\n|switch|p1a: Torkoal|Torkoal, L50, F, shiny|100/100\n|-weather|SunnyDay|[from] ability: Drought|[of] p1a: Torkoal\n|turn|3\n|\n|t:|1776145697\n|switch|p2a: Kommo-o|Kommo-o, L50, M|100/100\n|-end|p1b: Sinistcha|confusion\n|move|p1b: Sinistcha|Rage Powder|p1b: Sinistcha\n|-singleturn|p1b: Sinistcha|move: Rage Powder\n|move|p1a: Torkoal|Eruption|p2a: Kommo-o|[spread] p2a\n|-miss|p1a: Torkoal|p2b: Mr. Rime\n|-resisted|p2a: Kommo-o|1\n|-damage|p2a: Kommo-o|54/100\n|-activate|p2b: Mr. Rime|confusion\n|move|p2b: Mr. Rime|Zen Headbutt|p1b: Sinistcha\n|-damage|p1b: Sinistcha|65/100\n|\n|-weather|SunnyDay|[upkeep]\n|upkeep\n|turn|4\n|\n|t:|1776145714\n|move|p2a: Kommo-o|Protect|p2a: Kommo-o\n|-singleturn|p2a: Kommo-o|Protect\n|move|p1b: Sinistcha|Rage Powder|p1b: Sinistcha\n|-singleturn|p1b: Sinistcha|move: Rage Powder\n|move|p1a: Torkoal|Eruption|p2b: Mr. Rime|[spread] \n|-activate|p2a: Kommo-o|move: Protect\n|-miss|p1a: Torkoal|p2b: Mr. Rime\n|-activate|p2b: Mr. Rime|confusion\n|-damage|p2b: Mr. Rime|85/100|[from] confusion\n|\n|-weather|SunnyDay|[upkeep]\n|upkeep\n|turn|5\n|\n|t:|1776145745\n|switch|p2a: Whimsicott|Whimsicott, L50, M|100/100\n|move|p1b: Sinistcha|Rage Powder|p1b: Sinistcha\n|-singleturn|p1b: Sinistcha|move: Rage Powder\n|move|p1a: Torkoal|Eruption|p2a: Whimsicott|[spread] p2a,p2b\n|-supereffective|p2a: Whimsicott|1\n|-supereffective|p2b: Mr. Rime|1\n|-enditem|p2a: Whimsicott|Focus Sash\n|-damage|p2a: Whimsicott|1/100\n|-damage|p2b: Mr. Rime|0 fnt\n|faint|p2b: Mr. Rime\n|\n|-weather|SunnyDay|[upkeep]\n|-fieldend|move: Trick Room\n|upkeep\n|inactive|Battle timer is ON: inactive players will automatically lose when time's up. (requested by iZaneh)\n|\n|t:|1776145823\n|switch|p2b: Kommo-o|Kommo-o, L50, M|54/100\n|turn|6\n|inactive|rainy6477 has 30 seconds left.\n|\n|t:|1776145850\n|move|p2a: Whimsicott|Moonblast|p1a: Torkoal\n|-resisted|p1a: Torkoal|1\n|-damage|p1a: Torkoal|77/100\n|move|p2b: Kommo-o|Clanging Scales|p1b: Sinistcha|[spread] p1a,p1b\n|-damage|p1a: Torkoal|16/100\n|-damage|p1b: Sinistcha|11/100\n|-unboost|p2b: Kommo-o|def|1\n|move|p1b: Sinistcha|Matcha Gotcha|p2b: Kommo-o|[spread] p2a,p2b\n|-resisted|p2a: Whimsicott|1\n|-resisted|p2b: Kommo-o|1\n|-damage|p2a: Whimsicott|0 fnt\n|-heal|p1b: Sinistcha|11/100|[from] drain|[of] p2a: Whimsicott\n|-damage|p2b: Kommo-o|34/100\n|-heal|p1b: Sinistcha|20/100|[from] drain|[of] p2b: Kommo-o\n|-status|p2b: Kommo-o|brn\n|faint|p2a: Whimsicott\n|move|p1a: Torkoal|Eruption|p2b: Kommo-o\n|-resisted|p2b: Kommo-o|1\n|-damage|p2b: Kommo-o|24/100 brn\n|\n|-weather|SunnyDay|[upkeep]\n|-damage|p2b: Kommo-o|18/100 brn|[from] brn\n|upkeep\n|\n|t:|1776145865\n|switch|p2a: Lopunny|Lopunny-Mega, L50, F|100/100\n|turn|7\n|inactive|iZaneh has 30 seconds left.\n|inactive|rainy6477 has 30 seconds left.\n|\n|t:|1776145900\n|move|p2b: Kommo-o|Protect|p2b: Kommo-o\n|-singleturn|p2b: Kommo-o|Protect\n|move|p1a: Torkoal|Protect|p1a: Torkoal\n|-singleturn|p1a: Torkoal|Protect\n|move|p2a: Lopunny|Ice Punch|p1b: Sinistcha\n|-supereffective|p1b: Sinistcha|1\n|-damage|p1b: Sinistcha|0 fnt\n|faint|p1b: Sinistcha\n|\n|-weather|none\n|-damage|p2b: Kommo-o|12/100 brn|[from] brn\n|upkeep\n|\n|t:|1776145914\n|switch|p1b: TZ \u2022 iZaneh\u611b|Lucario, L50, M|100/100\n|turn|8\n|\n|t:|1776145934\n|detailschange|p1b: TZ \u2022 iZaneh\u611b|Lucario-Mega, L50, M\n|-mega|p1b: TZ \u2022 iZaneh\u611b|Lucario|Lucarionite\n|move|p2a: Lopunny|Close Combat|p1b: TZ \u2022 iZaneh\u611b\n|-supereffective|p1b: TZ \u2022 iZaneh\u611b|1\n|-crit|p1b: TZ \u2022 iZaneh\u611b\n|-damage|p1b: TZ \u2022 iZaneh\u611b|0 fnt\n|-unboost|p2a: Lopunny|def|1\n|-unboost|p2a: Lopunny|spd|1\n|faint|p1b: TZ \u2022 iZaneh\u611b\n|move|p2b: Kommo-o|Clanging Scales|p1a: Torkoal\n|-damage|p1a: Torkoal|0 fnt\n|faint|p1a: Torkoal\n|\n|win|rainy6477\n|raw|iZaneh's rating: 1070 &rarr; <strong>1046</strong><br />(-24 for losing)\n|raw|rainy6477's rating: 1017 &rarr; <strong>1060</strong><br />(+43 for winning)\n|c|\u2606rainy6477|gg\n",
  "uploadtime": 1776145947,
  "views": 19,
  "formatid": "gen9championsvgc2026regma",
  "rating": 1046,
  "private": 0,
  "password": null
}