{
  "id": "gen9championsvgc2026regma-2588474862",
  "format": "[Gen 9 Champions] VGC 2026 Reg M-A",
  "players": [
    "Broadsword115",
    "Psycho_Truck714"
  ],
  "log": "|j|\u2606Broadsword115\n|j|\u2606Psycho_Truck714\n|t:|1776636802\n|gametype|doubles\n|player|p1|Broadsword115|102|1078\n|player|p2|Psycho_Truck714|worker-gen4|1048\n|gen|9\n|tier|[Gen 9 Champions] VGC 2026 Reg M-A\n|rated|\n|rule|Species Clause: Limit one of each Pok\u00e9mon\n|rule|Item Clause: Limit 1 of each item\n|clearpoke\n|poke|p1|Sableye, L50, M, shiny|\n|poke|p1|Gengar, L50, F|\n|poke|p1|Garchomp, L50, M|\n|poke|p1|Orthworm, L50, M, shiny|\n|poke|p1|Samurott-Hisui, L50, F, shiny|\n|poke|p1|Flapple, L50, F|\n|poke|p2|Gallade, L50, M|\n|poke|p2|Noivern, L50, M|\n|poke|p2|Goodra-Hisui, L50, F|\n|poke|p2|Rotom-Wash, L50|\n|poke|p2|Incineroar, L50, F|\n|poke|p2|Clefable, L50, F|\n|teampreview|4\n|inactive|Battle timer is ON: inactive players will automatically lose when time's up. (requested by Broadsword115)\n|\n|t:|1776636870\n|teamsize|p1|4\n|teamsize|p2|4\n|start\n|switch|p1a: Sableye|Sableye, L50, M, shiny|100/100\n|switch|p1b: Orthworm|Orthworm, L50, M, shiny|100/100\n|switch|p2a: Incineroar|Incineroar, L50, F|100/100\n|switch|p2b: Goodra|Goodra-Hisui, L50, F|100/100\n|-ability|p2a: Incineroar|Intimidate|boost\n|-unboost|p1a: Sableye|atk|1\n|-unboost|p1b: Orthworm|atk|1\n|turn|1\n|inactive|Psycho_Truck714 has 30 seconds left.\n|\n|t:|1776636898\n|move|p1a: Sableye|Fake Out|p2a: Incineroar\n|-damage|p2a: Incineroar|98/100\n|move|p1b: Orthworm|Iron Defense|p1b: Orthworm\n|-boost|p1b: Orthworm|def|2\n|cant|p2a: Incineroar|flinch\n|move|p2b: Goodra|Flash Cannon|p1a: Sableye\n|-damage|p1a: Sableye|55/100\n|\n|upkeep\n|turn|2\n|inactive|Broadsword115 has 30 seconds left.\n|inactive|Psycho_Truck714 has 30 seconds left.\n|inactive|Broadsword115 has 20 seconds left.\n|inactive|Psycho_Truck714 has 20 seconds left.\n|\n|t:|1776636935\n|switch|p2a: Clefable|Clefable, L50, F|100/100\n|switch|p1a: Garchomp|Garchomp, L50, M|100/100\n|move|p1b: Orthworm|Body Press|p2b: Goodra\n|-supereffective|p2b: Goodra|1\n|-damage|p2b: Goodra|1/100\n|move|p2b: Goodra|Flash Cannon|p1a: Garchomp\n|-damage|p1a: Garchomp|58/100\n|\n|upkeep\n|turn|3\n|inactive|Psycho_Truck714 has 30 seconds left.\n|inactive|Psycho_Truck714 has 20 seconds left.\n|\n|t:|1776636975\n|move|p2a: Clefable|Protect|p2a: Clefable\n|-singleturn|p2a: Clefable|Protect\n|move|p1a: Garchomp|Earthquake|p2b: Goodra|[spread] p2b\n|-activate|p2a: Clefable|move: Protect\n|-immune|p1b: Orthworm|[from] ability: Earth Eater\n|-supereffective|p2b: Goodra|1\n|-enditem|p2b: Goodra|Shuca Berry|[eat]\n|-enditem|p2b: Goodra|Shuca Berry|[weaken]\n|-damage|p2b: Goodra|0 fnt\n|faint|p2b: Goodra\n|move|p1b: Orthworm|Heavy Slam|p2a: Clefable\n|-activate|p2a: Clefable|move: Protect\n|\n|upkeep\n|\n|t:|1776637000\n|switch|p2b: Gallade|Gallade, L50, M|100/100\n|turn|4\n|inactive|Psycho_Truck714 has 30 seconds left.\n|\n|t:|1776637030\n|detailschange|p2b: Gallade|Gallade-Mega, L50, M\n|-mega|p2b: Gallade|Gallade|Galladite\n|move|p2a: Clefable|Helping Hand|p2b: Gallade\n|-singleturn|p2b: Gallade|Helping Hand|[of] p2a: Clefable\n|move|p1a: Garchomp|Earthquake|p2a: Clefable|[spread] p2a,p2b\n|-immune|p1b: Orthworm|[from] ability: Earth Eater\n|-damage|p2a: Clefable|61/100\n|-damage|p2b: Gallade|48/100\n|move|p2b: Gallade|Sacred Sword|p1b: Orthworm\n|-supereffective|p1b: Orthworm|1\n|-damage|p1b: Orthworm|0 fnt\n|faint|p1b: Orthworm\n|\n|upkeep\n|\n|t:|1776637045\n|switch|p1b: Sableye|Sableye, L50, M, shiny|55/100\n|turn|5\n|\n|t:|1776637057\n|move|p2b: Gallade|Wide Guard|p2b: Gallade\n|-singleturn|p2b: Gallade|Wide Guard\n|move|p1b: Sableye|Fake Out|p2a: Clefable\n|-damage|p2a: Clefable|53/100\n|move|p1a: Garchomp|Earthquake|p2a: Clefable|[spread] p1b\n|-activate|p2a: Clefable|move: Wide Guard\n|-activate|p2b: Gallade|move: Wide Guard\n|-damage|p1b: Sableye|2/100\n|cant|p2a: Clefable|flinch\n|\n|upkeep\n|turn|6\n|inactive|Psycho_Truck714 has 30 seconds left.\n|\n|t:|1776637082\n|switch|p2b: Incineroar|Incineroar, L50, F|98/100\n|-ability|p2b: Incineroar|Intimidate|boost\n|-unboost|p1a: Garchomp|atk|1\n|-unboost|p1b: Sableye|atk|1\n|move|p1b: Sableye|Gravity|p1b: Sableye\n|-fieldstart|move: Gravity\n|move|p1a: Garchomp|Earthquake|p2b: Incineroar|[spread] p1b,p2a,p2b\n|-supereffective|p2b: Incineroar|1\n|-damage|p1b: Sableye|0 fnt\n|-damage|p2a: Clefable|25/100\n|-damage|p2b: Incineroar|59/100\n|faint|p1b: Sableye\n|move|p2a: Clefable|Dazzling Gleam|p1a: Garchomp\n|-supereffective|p1a: Garchomp|1\n|-damage|p1a: Garchomp|0 fnt\n|faint|p1a: Garchomp\n|\n|upkeep\n|\n|t:|1776637093\n|switch|p1b: Gengar|Gengar, L50, F|100/100\n|turn|7\n|\n|t:|1776637115\n|detailschange|p1b: Gengar|Gengar-Mega, L50, F\n|-mega|p1b: Gengar|Gengar|Gengarite\n|move|p2a: Clefable|Helping Hand|p2b: Incineroar\n|-singleturn|p2b: Incineroar|Helping Hand|[of] p2a: Clefable\n|move|p1b: Gengar|Focus Blast|p2b: Incineroar\n|-supereffective|p2b: Incineroar|1\n|-damage|p2b: Incineroar|0 fnt\n|faint|p2b: Incineroar\n|\n|upkeep\n|\n|t:|1776637123\n|switch|p2b: Gallade|Gallade-Mega, L50, M|48/100\n|turn|8\n|inactive|Broadsword115 has 30 seconds left.\n|\n|t:|1776637151\n|move|p2a: Clefable|Follow Me|p2a: Clefable\n|-singleturn|p2a: Clefable|move: Follow Me\n|move|p1b: Gengar|Shadow Ball|p2a: Clefable\n|-damage|p2a: Clefable|0 fnt\n|faint|p2a: Clefable\n|move|p2b: Gallade|Psycho Cut|p1b: Gengar\n|-supereffective|p1b: Gengar|1\n|-damage|p1b: Gengar|0 fnt\n|faint|p1b: Gengar\n|\n|win|Psycho_Truck714\n|raw|Broadsword115's rating: 1078 &rarr; <strong>1054</strong><br />(-24 for losing)\n|raw|Psycho_Truck714's rating: 1048 &rarr; <strong>1084</strong><br />(+36 for winning)\n",
  "uploadtime": 1776637187,
  "views": 12,
  "formatid": "gen9championsvgc2026regma",
  "rating": 1054,
  "private": 0,
  "password": null
}