{
  "id": "gen9championsvgc2026regma-2587673278",
  "format": "[Gen 9 Champions] VGC 2026 Reg M-A",
  "players": [
    "Lupus160306",
    "WumblesNSuch"
  ],
  "log": "|j|\u2606Lupus160306\n|j|\u2606WumblesNSuch\n|t:|1776552554\n|gametype|doubles\n|player|p1|Lupus160306|silver|1002\n|player|p2|WumblesNSuch|blue|1000\n|gen|9\n|tier|[Gen 9 Champions] VGC 2026 Reg M-A\n|rated|\n|rule|Species Clause: Limit one of each Pok\u00e9mon\n|rule|Item Clause: Limit 1 of each item\n|clearpoke\n|poke|p1|Hatterene, L50, F|\n|poke|p1|Cofagrigus, L50, M, shiny|\n|poke|p1|Torkoal, L50, M|\n|poke|p1|Aggron, L50, F|\n|poke|p1|Conkeldurr, L50, M|\n|poke|p1|Farigiraf, L50, F, shiny|\n|poke|p2|Azumarill, L50, F|\n|poke|p2|Gengar, L50, M|\n|poke|p2|Pelipper, L50, F|\n|poke|p2|Archaludon, L50, F|\n|poke|p2|Sinistcha, L50|\n|poke|p2|Garchomp, L50, M|\n|teampreview|4\n|\n|t:|1776552601\n|teamsize|p1|4\n|teamsize|p2|4\n|start\n|switch|p1a: Farigiraf|Farigiraf, L50, F, shiny|100/100\n|switch|p1b: Aggron|Aggron, L50, F|100/100\n|switch|p2a: Azumarill|Azumarill, L50, F|100/100\n|switch|p2b: Gengar|Gengar, L50, M|100/100\n|turn|1\n|\n|t:|1776552612\n|detailschange|p2b: Gengar|Gengar-Mega, L50, M\n|-mega|p2b: Gengar|Gengar|Gengarite\n|move|p1b: Aggron|Protect|p1b: Aggron\n|-singleturn|p1b: Aggron|Protect\n|move|p2b: Gengar|Will-O-Wisp|p1b: Aggron\n|-activate|p1b: Aggron|move: Protect\n|move|p2a: Azumarill|Liquidation|p1a: Farigiraf\n|-damage|p1a: Farigiraf|30/100\n|move|p1a: Farigiraf|Trick Room|p1a: Farigiraf\n|-fieldstart|move: Trick Room|[of] p1a: Farigiraf\n|\n|upkeep\n|turn|2\n|\n|t:|1776552631\n|move|p1a: Farigiraf|Protect|p1a: Farigiraf\n|-singleturn|p1a: Farigiraf|Protect\n|move|p2b: Gengar|Protect|p2b: Gengar\n|-singleturn|p2b: Gengar|Protect\n|move|p1b: Aggron|Heavy Slam|p2a: Azumarill\n|-damage|p2a: Azumarill|43/100\n|move|p2a: Azumarill|Liquidation|p1a: Farigiraf\n|-activate|p1a: Farigiraf|move: Protect\n|\n|upkeep\n|turn|3\n|\n|t:|1776552652\n|switch|p2b: Sinistcha|Sinistcha, L50|100/100\n|-heal|p2a: Azumarill|68/100|[from] ability: Hospitality|[of] p2b: Sinistcha\n|detailschange|p1b: Aggron|Aggron-Mega, L50, F\n|-mega|p1b: Aggron|Aggron|Aggronite\n|move|p1b: Aggron|Earthquake|p2b: Sinistcha|[spread] p1a,p2a,p2b\n|-resisted|p2b: Sinistcha|1\n|-damage|p1a: Farigiraf|0 fnt\n|-damage|p2a: Azumarill|37/100\n|-damage|p2b: Sinistcha|87/100\n|faint|p1a: Farigiraf\n|move|p2a: Azumarill|Liquidation|p1b: Aggron\n|-damage|p1b: Aggron|65/100\n|\n|upkeep\n|\n|t:|1776552656\n|switch|p1a: Cofagrigus|Cofagrigus, L50, M, shiny|100/100\n|turn|4\n|\n|t:|1776552680\n|move|p1a: Cofagrigus|Shadow Ball|p2b: Sinistcha\n|-supereffective|p2b: Sinistcha|1\n|-damage|p2b: Sinistcha|41/100\n|-enditem|p2b: Sinistcha|Sitrus Berry|[eat]\n|-heal|p2b: Sinistcha|65/100|[from] item: Sitrus Berry\n|move|p1b: Aggron|Heavy Slam|p2a: Azumarill\n|-damage|p2a: Azumarill|0 fnt\n|faint|p2a: Azumarill\n|move|p2b: Sinistcha|Matcha Gotcha|p1b: Aggron|[spread] p1a,p1b\n|-resisted|p1b: Aggron|1\n|-damage|p1a: Cofagrigus|77/100\n|-heal|p2b: Sinistcha|75/100|[from] drain|[of] p1a: Cofagrigus\n|-damage|p1b: Aggron|47/100\n|-heal|p2b: Sinistcha|83/100|[from] drain|[of] p1b: Aggron\n|-status|p1b: Aggron|brn\n|\n|-heal|p1a: Cofagrigus|83/100|[from] item: Leftovers\n|-damage|p1b: Aggron|40/100 brn|[from] brn\n|upkeep\n|\n|t:|1776552699\n|switch|p2a: Gengar|Gengar-Mega, L50, M|100/100\n|turn|5\n|\n|t:|1776552723\n|move|p2a: Gengar|Protect|p2a: Gengar\n|-singleturn|p2a: Gengar|Protect\n|move|p1a: Cofagrigus|Will-O-Wisp|p2a: Gengar\n|-activate|p2a: Gengar|move: Protect\n|move|p1b: Aggron|Earthquake|p2a: Gengar|[spread] p1a,p2b\n|-activate|p2a: Gengar|move: Protect\n|-resisted|p2b: Sinistcha|1\n|-damage|p1a: Cofagrigus|72/100\n|-damage|p2b: Sinistcha|76/100\n|move|p2b: Sinistcha|Life Dew||[still]|[spread] p2a,p2b\n|-fail|p2a: Gengar|heal\n|-heal|p2b: Sinistcha|100/100\n|\n|-heal|p1a: Cofagrigus|78/100|[from] item: Leftovers\n|-damage|p1b: Aggron|34/100 brn|[from] brn\n|-fieldend|move: Trick Room\n|upkeep\n|turn|6\n|\n|t:|1776552734\n|move|p1b: Aggron|Protect|p1b: Aggron\n|-singleturn|p1b: Aggron|Protect\n|move|p2a: Gengar|Shadow Ball|p1a: Cofagrigus\n|-supereffective|p1a: Cofagrigus|1\n|-damage|p1a: Cofagrigus|0 fnt\n|faint|p1a: Cofagrigus\n|move|p2b: Sinistcha|Matcha Gotcha|p1b: Aggron\n|-activate|p1b: Aggron|move: Protect\n|\n|-damage|p1b: Aggron|28/100 brn|[from] brn\n|upkeep\n|\n|t:|1776552741\n|switch|p1a: Conkeldurr|Conkeldurr, L50, M|100/100\n|turn|7\n|\n|t:|1776552751\n|move|p2b: Sinistcha|Rage Powder|p2b: Sinistcha\n|-singleturn|p2b: Sinistcha|move: Rage Powder\n|move|p2a: Gengar|Shadow Ball|p1b: Aggron\n|-crit|p1b: Aggron\n|-damage|p1b: Aggron|0 fnt\n|faint|p1b: Aggron\n|move|p1a: Conkeldurr|Knock Off|p2b: Sinistcha\n|-supereffective|p2b: Sinistcha|1\n|-damage|p2b: Sinistcha|46/100\n|\n|upkeep\n|turn|8\n|\n|t:|1776552762\n|move|p2a: Gengar|Shadow Ball|p1a: Conkeldurr\n|-damage|p1a: Conkeldurr|35/100\n|move|p2b: Sinistcha|Matcha Gotcha|p1a: Conkeldurr\n|-damage|p1a: Conkeldurr|0 fnt\n|-heal|p2b: Sinistcha|64/100|[from] drain|[of] p1a: Conkeldurr\n|faint|p1a: Conkeldurr\n|\n|win|WumblesNSuch\n|raw|Lupus160306's rating: 1002 &rarr; <strong>1000</strong><br />(-2 for losing)\n|raw|WumblesNSuch's rating: 1000 &rarr; <strong>1040</strong><br />(+40 for winning)\n",
  "uploadtime": 1776552762,
  "views": 18,
  "formatid": "gen9championsvgc2026regma",
  "rating": 1000,
  "private": 0,
  "password": null
}