{
  "id": "gen9championsvgc2026regma-2582330443",
  "format": "[Gen 9 Champions] VGC 2026 Reg M-A",
  "players": [
    "jjkko",
    "grushuri"
  ],
  "log": "|j|\u2606jjkko\n|j|\u2606grushuri\n|t:|1776083929\n|gametype|doubles\n|player|p1|jjkko|2|1048\n|player|p2|grushuri|canari|1060\n|gen|9\n|tier|[Gen 9 Champions] VGC 2026 Reg M-A\n|rated|\n|rule|Species Clause: Limit one of each Pok\u00e9mon\n|rule|Item Clause: Limit 1 of each item\n|clearpoke\n|poke|p1|Dragapult, L50, M|\n|poke|p1|Scovillain, L50, F|\n|poke|p1|Kingambit, L50, F|\n|poke|p1|Incineroar, L50, F|\n|poke|p1|Rotom-Wash, L50|\n|poke|p1|Sneasler, L50, M|\n|poke|p2|Typhlosion-Hisui, L50, F|\n|poke|p2|Charizard, L50, M|\n|poke|p2|Venusaur, L50, M|\n|poke|p2|Ditto, L50|\n|poke|p2|Incineroar, L50, F|\n|poke|p2|Whimsicott, L50, M|\n|teampreview|4\n|\n|t:|1776083957\n|teamsize|p1|4\n|teamsize|p2|4\n|start\n|switch|p1a: Scovillain|Scovillain, L50, F|100/100\n|switch|p1b: Sneasler|Sneasler, L50, M|100/100\n|switch|p2a: Whimsicott|Whimsicott, L50, M|100/100\n|switch|p2b: Charizard|Charizard, L50, M|100/100\n|turn|1\n|\n|t:|1776083978\n|detailschange|p2b: Charizard|Charizard-Mega-Y, L50, M\n|-mega|p2b: Charizard|Charizard|Charizardite Y\n|-weather|SunnyDay|[from] ability: Drought|[of] p2b: Charizard\n|move|p2b: Charizard|Protect|p2b: Charizard\n|-singleturn|p2b: Charizard|Protect\n|move|p1b: Sneasler|Fake Out|p2b: Charizard\n|-activate|p2b: Charizard|move: Protect\n|move|p2a: Whimsicott|Tailwind|p2a: Whimsicott\n|-sidestart|p2: grushuri|move: Tailwind\n|move|p1a: Scovillain|Flamethrower|p2a: Whimsicott\n|-supereffective|p2a: Whimsicott|1\n|-damage|p2a: Whimsicott|0 fnt\n|faint|p2a: Whimsicott\n|\n|-weather|SunnyDay|[upkeep]\n|-ability|p1a: Scovillain|Moody|boost\n|-boost|p1a: Scovillain|def|2\n|-unboost|p1a: Scovillain|spd|1\n|upkeep\n|\n|t:|1776083996\n|switch|p2a: Venusaur|Venusaur, L50, M, shiny|100/100\n|turn|2\n|\n|t:|1776084008\n|switch|p1b: Incineroar|Incineroar, L50, F|100/100\n|-ability|p1b: Incineroar|Intimidate|boost\n|-unboost|p2a: Venusaur|atk|1\n|-unboost|p2b: Charizard|atk|1\n|move|p1a: Scovillain|Protect|p1a: Scovillain\n|-singleturn|p1a: Scovillain|Protect\n|move|p2a: Venusaur|Sludge Bomb|p1a: Scovillain\n|-activate|p1a: Scovillain|move: Protect\n|move|p2b: Charizard|Fire Blast|p1b: Incineroar\n|-resisted|p1b: Incineroar|1\n|-damage|p1b: Incineroar|65/100\n|\n|-weather|SunnyDay|[upkeep]\n|-ability|p1a: Scovillain|Moody|boost\n|-boost|p1a: Scovillain|spe|2\n|-unboost|p1a: Scovillain|atk|1\n|upkeep\n|turn|3\n|\n|t:|1776084037\n|switch|p2b: Ditto|Ditto, L50|100/100\n|-transform|p2b: Ditto|p1a: Scovillain|[from] ability: Imposter\n|detailschange|p1a: Scovillain|Scovillain-Mega, L50, F\n|-mega|p1a: Scovillain|Scovillain|Scovillainite\n|move|p1b: Incineroar|Fake Out|p2b: Ditto\n|-damage|p2b: Ditto|93/100\n|move|p2a: Venusaur|Sludge Bomb|p1a: Scovillain\n|-supereffective|p1a: Scovillain|1\n|-damage|p1a: Scovillain|0 fnt\n|-status|p2a: Venusaur|brn|[from] ability: Spicy Spray|[of] p1a: Scovillain\n|faint|p1a: Scovillain\n|\n|-weather|SunnyDay|[upkeep]\n|-damage|p2a: Venusaur|95/100 brn|[from] brn\n|-ability|p2b: Ditto|Moody|boost\n|-boost|p2b: Ditto|def|2\n|-unboost|p2b: Ditto|spe|1\n|upkeep\n|\n|t:|1776084054\n|switch|p1a: Sneasler|Sneasler, L50, M|100/100\n|turn|4\n|\n|t:|1776084074\n|move|p1a: Sneasler|Fake Out|p2b: Ditto\n|-damage|p2b: Ditto|88/100\n|cant|p2b: Ditto|flinch\n|move|p2a: Venusaur|Weather Ball|p1a: Sneasler\n|-damage|p1a: Sneasler|41/100\n|move|p1b: Incineroar|Parting Shot|p2b: Ditto\n|-unboost|p2b: Ditto|atk|1\n|-unboost|p2b: Ditto|spa|1\n|\n|t:|1776084078\n|switch|p1b: Rotom|Rotom-Wash, L50|100/100|[from] Parting Shot\n|\n|-weather|SunnyDay|[upkeep]\n|-damage|p2a: Venusaur|89/100 brn|[from] brn\n|-sideend|p2: grushuri|move: Tailwind\n|-ability|p2b: Ditto|Moody|boost\n|-boost|p2b: Ditto|atk|2\n|-unboost|p2b: Ditto|def|1\n|upkeep\n|turn|5\n|\n|t:|1776084097\n|move|p2b: Ditto|Flamethrower|p1a: Sneasler\n|-damage|p1a: Sneasler|0 fnt\n|faint|p1a: Sneasler\n|move|p2a: Venusaur|Sleep Powder|p1b: Rotom\n|-status|p1b: Rotom|slp|[from] move: Sleep Powder\n|cant|p1b: Rotom|slp\n|\n|-weather|none\n|-damage|p2a: Venusaur|83/100 brn|[from] brn\n|-ability|p2b: Ditto|Moody|boost\n|-boost|p2b: Ditto|def|2\n|-unboost|p2b: Ditto|atk|1\n|upkeep\n|-message|jjkko forfeited.\n|\n|win|grushuri\n|raw|jjkko's rating: 1048 &rarr; <strong>1031</strong><br />(-17 for losing)\n|raw|grushuri's rating: 1060 &rarr; <strong>1090</strong><br />(+30 for winning)\n|l|\u2606jjkko\n|player|p1|\n",
  "uploadtime": 1776084107,
  "views": 9,
  "formatid": "gen9championsvgc2026regma",
  "rating": 1031,
  "private": 0,
  "password": null
}