{
  "id": "gen9championsvgc2026regma-2581688768",
  "format": "[Gen 9 Champions] VGC 2026 Reg M-A",
  "players": [
    "dany200118",
    "yuriimon"
  ],
  "log": "|j|\u2606dany200118\n|j|\u2606yuriimon\n|t:|1776020856\n|gametype|doubles\n|player|p1|dany200118|101|1000\n|player|p2|yuriimon|waitress-gen4|1000\n|gen|9\n|tier|[Gen 9 Champions] VGC 2026 Reg M-A\n|rated|\n|rule|Species Clause: Limit one of each Pok\u00e9mon\n|rule|Item Clause: Limit 1 of each item\n|clearpoke\n|poke|p1|Victreebel, L50, F|\n|poke|p1|Torkoal, L50, M|\n|poke|p1|Politoed, L50, M|\n|poke|p1|Goodra, L50, M|\n|poke|p1|Rhyperior, L50, F|\n|poke|p1|Ninetales-Alola, L50, M|\n|poke|p2|Feraligatr, L50, M|\n|poke|p2|Aerodactyl, L50, F|\n|poke|p2|Sneasler, L50, F|\n|poke|p2|Mimikyu, L50, F|\n|teampreview|4\n|inactive|Battle timer is ON: inactive players will automatically lose when time's up. (requested by yuriimon)\n|\n|t:|1776020874\n|teamsize|p1|4\n|teamsize|p2|4\n|start\n|switch|p1a: Torkoal|Torkoal, L50, M|100/100\n|switch|p1b: Victreebel|Victreebel, L50, F|100/100\n|switch|p2a: Aerodactyl|Aerodactyl, L50, F|100/100\n|switch|p2b: Sneasler|Sneasler, L50, F|100/100\n|-ability|p2a: Aerodactyl|Unnerve\n|-weather|SunnyDay|[from] ability: Drought|[of] p1a: Torkoal\n|turn|1\n|inactive|dany200118 has 30 seconds left.\n|\n|t:|1776020905\n|detailschange|p1b: Victreebel|Victreebel-Mega, L50, F\n|-mega|p1b: Victreebel|Victreebel|Victreebelite\n|move|p2b: Sneasler|Fake Out|p1b: Victreebel\n|-damage|p1b: Victreebel|88/100\n|move|p2a: Aerodactyl|Tailwind|p2a: Aerodactyl\n|-sidestart|p2: yuriimon|move: Tailwind\n|cant|p1b: Victreebel|flinch\n|move|p1a: Torkoal|Eruption|p2a: Aerodactyl|[spread] p2a,p2b\n|-resisted|p2a: Aerodactyl|1\n|-damage|p2a: Aerodactyl|64/100\n|-damage|p2b: Sneasler|34/100\n|\n|-weather|SunnyDay|[upkeep]\n|upkeep\n|turn|2\n|\n|t:|1776020925\n|move|p2a: Aerodactyl|Rock Slide|p1a: Torkoal|[spread] p1a,p1b\n|-supereffective|p1a: Torkoal|1\n|-damage|p1a: Torkoal|63/100\n|-damage|p1b: Victreebel|68/100\n|move|p2b: Sneasler|Dire Claw|p1b: Victreebel\n|-damage|p1b: Victreebel|32/100\n|move|p1b: Victreebel|Reflect|p1b: Victreebel\n|-sidestart|p1: dany200118|Reflect\n|move|p1a: Torkoal|Eruption|p2a: Aerodactyl|[spread] p2a,p2b\n|-resisted|p2a: Aerodactyl|1\n|-damage|p2a: Aerodactyl|40/100\n|-damage|p2b: Sneasler|0 fnt\n|faint|p2b: Sneasler\n|\n|-weather|SunnyDay|[upkeep]\n|upkeep\n|\n|t:|1776020937\n|switch|p2b: Mimikyu|Mimikyu, L50, F|100/100\n|turn|3\n|\n|t:|1776020945\n|move|p2a: Aerodactyl|Dual Wingbeat|p1b: Victreebel\n|-supereffective|p1b: Victreebel|1\n|-damage|p1b: Victreebel|9/100\n|-supereffective|p1b: Victreebel|1\n|-damage|p1b: Victreebel|0 fnt\n|-damage|p2a: Aerodactyl|30/100|[from] ability: Innards Out|[of] p1b: Victreebel\n|faint|p1b: Victreebel\n|-hitcount|p1: Victreebel|2\n|move|p2b: Mimikyu|Rain Dance|p2b: Mimikyu\n|-weather|RainDance\n|move|p1a: Torkoal|Solar Beam||[still]\n|-prepare|p1a: Torkoal|Solar Beam\n|\n|-weather|RainDance|[upkeep]\n|upkeep\n|\n|t:|1776020963\n|switch|p1b: Ninetales|Ninetales-Alola, L50, M|100/100\n|-weather|Snowscape|[from] ability: Snow Warning|[of] p1b: Ninetales\n|turn|4\n|\n|t:|1776020977\n|move|p2b: Mimikyu|Shadow Sneak|p1b: Ninetales\n|-damage|p1b: Ninetales|93/100\n|move|p2a: Aerodactyl|Rock Slide|p1b: Ninetales|[spread] p1a,p1b\n|-supereffective|p1a: Torkoal|1\n|-crit|p1a: Torkoal\n|-supereffective|p1b: Ninetales|1\n|-damage|p1a: Torkoal|1/100\n|-damage|p1b: Ninetales|65/100\n|move|p1b: Ninetales|Aurora Veil|p1b: Ninetales\n|-sidestart|p1: dany200118|move: Aurora Veil\n|move|p1a: Torkoal|Solar Beam|p2a: Aerodactyl|[from] lockedmove\n|-damage|p2a: Aerodactyl|13/100\n|\n|-weather|Snowscape|[upkeep]\n|-sideend|p2: yuriimon|move: Tailwind\n|upkeep\n|turn|5\n|\n|t:|1776020993\n|move|p1a: Torkoal|Protect|p1a: Torkoal\n|-singleturn|p1a: Torkoal|Protect\n|move|p2b: Mimikyu|Shadow Sneak|p1a: Torkoal\n|-activate|p1a: Torkoal|move: Protect\n|move|p2a: Aerodactyl|Rock Slide|p1a: Torkoal|[spread] p1b\n|-activate|p1a: Torkoal|move: Protect\n|-supereffective|p1b: Ninetales|1\n|-damage|p1b: Ninetales|37/100\n|cant|p1b: Ninetales|flinch\n|\n|-weather|Snowscape|[upkeep]\n|upkeep\n|turn|6\n|\n|t:|1776021012\n|move|p2a: Aerodactyl|Rock Slide|p1a: Torkoal|[spread] p1a\n|-miss|p2a: Aerodactyl|p1b: Ninetales\n|-supereffective|p1a: Torkoal|1\n|-damage|p1a: Torkoal|0 fnt\n|faint|p1a: Torkoal\n|move|p1b: Ninetales|Blizzard|p2a: Aerodactyl|[spread] p2a,p2b\n|-supereffective|p2a: Aerodactyl|1\n|-damage|p2a: Aerodactyl|0 fnt\n|-activate|p2b: Mimikyu|ability: Disguise\n|-damage|p2b: Mimikyu|100/100\n|detailschange|p2b: Mimikyu|Mimikyu-Busted, L50, F\n|-damage|p2b: Mimikyu|88/100|[from] pokemon: Mimikyu-Busted\n|faint|p2a: Aerodactyl\n|move|p2b: Mimikyu|Play Rough|p1b: Ninetales\n|-damage|p1b: Ninetales|20/100\n|\n|-weather|Snowscape|[upkeep]\n|-sideend|p1: dany200118|Reflect\n|upkeep\n|\n|t:|1776021028\n|switch|p2a: Feraligatr|Feraligatr, L50, M|100/100\n|switch|p1a: Rhyperior|Rhyperior, L50, F|100/100\n|turn|7\n|inactive|yuriimon has 30 seconds left.\n|inactive|yuriimon has 20 seconds left.\n|inactive|yuriimon has 15 seconds left.\n|inactive|yuriimon has 10 seconds left.\n|inactive|yuriimon has 5 seconds left.\n|\n|t:|1776021083\n|detailschange|p2a: Feraligatr|Feraligatr-Mega, L50, M\n|-mega|p2a: Feraligatr|Feraligatr|Feraligite\n|move|p1b: Ninetales|Blizzard|p2b: Mimikyu|[spread] p2a,p2b\n|-damage|p2a: Feraligatr|72/100\n|-damage|p2b: Mimikyu|56/100\n|-status|p2b: Mimikyu|frz\n|cant|p2b: Mimikyu|frz\n|move|p2a: Feraligatr|Liquidation|p1b: Ninetales\n|-damage|p1b: Ninetales|0 fnt\n|faint|p1b: Ninetales\n|move|p1a: Rhyperior|Thunder Punch|p2a: Feraligatr\n|-damage|p2a: Feraligatr|49/100\n|\n|-weather|Snowscape|[upkeep]\n|upkeep\n|turn|8\n|inactive|dany200118 has 30 seconds left.\n|\n|t:|1776021111\n|cant|p2b: Mimikyu|frz\n|move|p2a: Feraligatr|Liquidation|p1a: Rhyperior\n|-supereffective|p1a: Rhyperior|2\n|-damage|p1a: Rhyperior|22/100\n|move|p1a: Rhyperior|Megahorn|p2a: Feraligatr\n|-damage|p2a: Feraligatr|16/100\n|\n|-weather|none\n|-sideend|p1: dany200118|move: Aurora Veil\n|upkeep\n|turn|9\n|\n|t:|1776021126\n|-curestatus|p2b: Mimikyu|frz|[msg]\n|move|p2b: Mimikyu|Rain Dance|p2b: Mimikyu\n|-weather|RainDance\n|move|p2a: Feraligatr|Liquidation|p1a: Rhyperior\n|-supereffective|p1a: Rhyperior|2\n|-damage|p1a: Rhyperior|0 fnt\n|faint|p1a: Rhyperior\n|\n|win|yuriimon\n|raw|dany200118's rating: 1000 &rarr; <strong>1000</strong><br />(+0 for losing)\n|raw|yuriimon's rating: 1000 &rarr; <strong>1040</strong><br />(+40 for winning)\n|l|\u2606dany200118\n|player|p1|\n|c|\u2606yuriimon|gg\n",
  "uploadtime": 1776021138,
  "views": 12,
  "formatid": "gen9championsvgc2026regma",
  "rating": 1000,
  "private": 0,
  "password": null
}