{
  "id": "gen9championsvgc2026regma-2580703774",
  "format": "[Gen 9 Champions] VGC 2026 Reg M-A",
  "players": [
    "lordturc0",
    "The Bongo Time"
  ],
  "log": "|j|\u2606lordturc0\n|j|\u2606The Bongo Time\n|t:|1775925640\n|gametype|doubles\n|player|p1|lordturc0|1|1079\n|player|p2|The Bongo Time|janitor|1040\n|gen|9\n|tier|[Gen 9 Champions] VGC 2026 Reg M-A\n|rated|\n|rule|Species Clause: Limit one of each Pok\u00e9mon\n|rule|Item Clause: Limit 1 of each item\n|clearpoke\n|poke|p1|Crabominable, L50, F|\n|poke|p1|Slowking, L50, F|\n|poke|p1|Sinistcha, L50|\n|poke|p1|Pelipper, L50, M|\n|poke|p1|Dragonite, L50, F|\n|poke|p1|Arcanine-Hisui, L50, M|\n|poke|p2|Dragonite, L50, F|\n|poke|p2|Pelipper, L50, F|\n|poke|p2|Sableye, L50, M|\n|poke|p2|Sneasler, L50, F|\n|poke|p2|Incineroar, L50, F|\n|poke|p2|Basculegion, L50, M|\n|teampreview|4\n|c|\u2606The Bongo Time|glhf\nThe Bongo Time has agreed to open team sheets.\n|c|\u2606lordturc0|glhf\n|\n|t:|1775925663\n|teamsize|p1|4\n|teamsize|p2|4\n|start\n|switch|p1a: Dragonite|Dragonite, L50, F|100/100\n|switch|p1b: Arcanine|Arcanine-Hisui, L50, M|100/100\n|switch|p2a: Little Soldier|Dragonite, L50, F|100/100\n|switch|p2b: Sableye|Sableye, L50, M|100/100\n|-ability|p1b: Arcanine|Intimidate|boost\n|-unboost|p2a: Little Soldier|atk|1\n|-unboost|p2b: Sableye|atk|1\n|turn|1\n|\n|t:|1775925679\n|detailschange|p1a: Dragonite|Dragonite-Mega, L50, F\n|-mega|p1a: Dragonite|Dragonite|Dragoninite\n|detailschange|p2a: Little Soldier|Dragonite-Mega, L50, F\n|-mega|p2a: Little Soldier|Dragonite|Dragoninite\n|move|p2b: Sableye|Fake Out|p1a: Dragonite\n|-damage|p1a: Dragonite|98/100\n|cant|p1a: Dragonite|flinch\n|move|p1b: Arcanine|Rock Slide|p2b: Sableye|[spread] p2a,p2b\n|-supereffective|p2a: Little Soldier|1\n|-damage|p2a: Little Soldier|76/100\n|-damage|p2b: Sableye|73/100\n|move|p2a: Little Soldier|Dragon Pulse|p1a: Dragonite\n|-supereffective|p1a: Dragonite|1\n|-damage|p1a: Dragonite|7/100\n|\n|-heal|p2b: Sableye|79/100|[from] item: Leftovers\n|upkeep\n|turn|2\n|c|\u2606lordturc0|why does he know fakeout\n|c|\u2606lordturc0|huh\n|c|\u2606The Bongo Time|what do you mean\n|c|\u2606lordturc0|im still learning the game\n|c|\u2606lordturc0|i didnt think hed have fakeout\n|c|\u2606The Bongo Time|Sableye learns fake out naturally yeah\n|\n|t:|1775925738\n|switch|p2b: Incineroar|Incineroar, L50, F|100/100\n|-ability|p2b: Incineroar|Intimidate|boost\n|-unboost|p1a: Dragonite|atk|1\n|-unboost|p1b: Arcanine|atk|1\n|move|p1a: Dragonite|Dragon Pulse|p2a: Little Soldier\n|-supereffective|p2a: Little Soldier|1\n|-damage|p2a: Little Soldier|0 fnt\n|faint|p2a: Little Soldier\n|move|p1b: Arcanine|Rock Slide|p2b: Incineroar\n|-supereffective|p2b: Incineroar|1\n|-damage|p2b: Incineroar|53/100\n|\n|upkeep\n|c|\u2606lordturc0|thats interesting\n|\n|t:|1775925746\n|switch|p2a: Basculegion|Basculegion, L50, M|100/100\n|turn|3\n|\n|t:|1775925765\n|move|p1a: Dragonite|Protect|p1a: Dragonite\n|-singleturn|p1a: Dragonite|Protect\n|move|p1b: Arcanine|Protect|p1b: Arcanine\n|-singleturn|p1b: Arcanine|Protect\n|move|p2b: Incineroar|Fake Out|p1a: Dragonite\n|-activate|p1a: Dragonite|move: Protect\n|move|p2a: Basculegion|Aqua Jet|p1b: Arcanine\n|-activate|p1b: Arcanine|move: Protect\n|\n|upkeep\n|turn|4\n|\n|t:|1775925780\n|move|p2b: Incineroar|Protect|p2b: Incineroar\n|-singleturn|p2b: Incineroar|Protect\n|move|p2a: Basculegion|Aqua Jet|p1a: Dragonite\n|-resisted|p1a: Dragonite|1\n|-damage|p1a: Dragonite|0 fnt\n|faint|p1a: Dragonite\n|move|p1b: Arcanine|Rock Slide|p2b: Incineroar|[spread] p2a\n|-activate|p2b: Incineroar|move: Protect\n|-damage|p2a: Basculegion|77/100\n|\n|upkeep\n|\n|t:|1775925787\n|switch|p1a: Sinistcha|Sinistcha, L50|100/100\n|turn|5\n|\n|t:|1775925800\n|switch|p2a: Sableye|Sableye, L50, M|79/100\n|move|p1b: Arcanine|Protect|p1b: Arcanine\n|-singleturn|p1b: Arcanine|Protect\n|move|p2b: Incineroar|Throat Chop|p1a: Sinistcha\n|-supereffective|p1a: Sinistcha|1\n|-damage|p1a: Sinistcha|44/100\n|-start|p1a: Sinistcha|Throat Chop|[silent]\n|-enditem|p1a: Sinistcha|Sitrus Berry|[eat]\n|-heal|p1a: Sinistcha|69/100|[from] item: Sitrus Berry\n|move|p1a: Sinistcha|Trick Room|p1a: Sinistcha\n|-fieldstart|move: Trick Room|[of] p1a: Sinistcha\n|\n|-heal|p2a: Sableye|85/100|[from] item: Leftovers\n|upkeep\n|turn|6\n|\n|t:|1775925817\n|move|p2a: Sableye|Fake Out|p1b: Arcanine\n|-resisted|p1b: Arcanine|1\n|-damage|p1b: Arcanine|96/100\n|move|p2b: Incineroar|Throat Chop|p1a: Sinistcha\n|-supereffective|p1a: Sinistcha|1\n|-damage|p1a: Sinistcha|16/100\n|move|p1a: Sinistcha|Strength Sap|p2b: Incineroar\n|-unboost|p2b: Incineroar|atk|1\n|-heal|p1a: Sinistcha|95/100\n|cant|p1b: Arcanine|flinch\n|\n|-heal|p2a: Sableye|90/100|[from] item: Leftovers\n|-end|p1a: Sinistcha|Throat Chop|[silent]\n|upkeep\n|turn|7\n|\n|t:|1775925832\n|switch|p1a: Crabominable|Crabominable, L50, F|100/100\n|move|p2a: Sableye|Rain Dance|p2a: Sableye\n|-weather|RainDance\n|move|p2b: Incineroar|Parting Shot|p1b: Arcanine\n|-unboost|p1b: Arcanine|atk|1\n|-unboost|p1b: Arcanine|spa|1\n|\n|t:|1775925837\n|switch|p2b: Basculegion|Basculegion, L50, M|77/100|[from] Parting Shot\n|move|p1b: Arcanine|Rock Slide|p2a: Sableye|[spread] p2a,p2b\n|-damage|p2a: Sableye|77/100\n|-damage|p2b: Basculegion|58/100\n|\n|-weather|RainDance|[upkeep]\n|-heal|p2a: Sableye|83/100|[from] item: Leftovers\n|upkeep\n|turn|8\n|\n|t:|1775925850\n|move|p2a: Sableye|Quash|p1a: Crabominable\n|-activate|p1a: Crabominable|move: Quash\n|move|p1b: Arcanine|Rock Slide|p2a: Sableye|[spread] p2a,p2b\n|-damage|p2a: Sableye|69/100\n|-damage|p2b: Basculegion|40/100\n|move|p2b: Basculegion|Liquidation|p1a: Crabominable\n|-damage|p1a: Crabominable|8/100\n|move|p1a: Crabominable|Ice Hammer|p2b: Basculegion\n|-resisted|p2b: Basculegion|1\n|-damage|p2b: Basculegion|5/100\n|-unboost|p1a: Crabominable|spe|1\n|-enditem|p1a: Crabominable|White Herb\n|-clearnegativeboost|p1a: Crabominable|[silent]\n|\n|-weather|RainDance|[upkeep]\n|-heal|p2a: Sableye|75/100|[from] item: Leftovers\n|upkeep\n|turn|9\n|\n|t:|1775925887\n|switch|p2a: Incineroar|Incineroar, L50, F|53/100\n|-ability|p2a: Incineroar|Intimidate|boost\n|-fail|p1a: Crabominable|unboost|Attack|[from] ability: Hyper Cutter|[of] p1a: Crabominable\n|-unboost|p1b: Arcanine|atk|1\n|move|p2b: Basculegion|Aqua Jet|p1a: Crabominable\n|-damage|p1a: Crabominable|0 fnt\n|faint|p1a: Crabominable\n|move|p1b: Arcanine|Rock Slide|p2a: Incineroar|[spread] p2b\n|-miss|p1b: Arcanine|p2a: Incineroar\n|-damage|p2b: Basculegion|0 fnt\n|faint|p2b: Basculegion\n|\n|-weather|RainDance|[upkeep]\n|-fieldend|move: Trick Room\n|upkeep\n|\n|t:|1775925899\n|switch|p2b: Sableye|Sableye, L50, M|75/100\n|switch|p1a: Sinistcha|Sinistcha, L50|95/100\n|-heal|p1b: Arcanine|100/100|[from] ability: Hospitality|[of] p1a: Sinistcha\n|turn|10\n|\n|t:|1775925910\n|move|p1b: Arcanine|Protect|p1b: Arcanine\n|-singleturn|p1b: Arcanine|Protect\n|move|p2b: Sableye|Fake Out|p1b: Arcanine\n|-activate|p1b: Arcanine|move: Protect\n|move|p1a: Sinistcha|Strength Sap|p2a: Incineroar\n|-unboost|p2a: Incineroar|atk|1\n|-heal|p1a: Sinistcha|100/100\n|move|p2a: Incineroar|Throat Chop|p1a: Sinistcha\n|-supereffective|p1a: Sinistcha|1\n|-damage|p1a: Sinistcha|66/100\n|-start|p1a: Sinistcha|Throat Chop|[silent]\n|\n|-weather|RainDance|[upkeep]\n|-heal|p2b: Sableye|81/100|[from] item: Leftovers\n|upkeep\n|turn|11\n|\n|t:|1775925926\n|move|p2b: Sableye|Encore|p1b: Arcanine\n|-start|p1b: Arcanine|Encore\n|move|p1b: Arcanine|Protect||[still]\n|-fail|p1b: Arcanine\n|move|p1a: Sinistcha|Strength Sap|p2a: Incineroar\n|-unboost|p2a: Incineroar|atk|1\n|-heal|p1a: Sinistcha|100/100\n|move|p2a: Incineroar|Throat Chop|p1a: Sinistcha\n|-supereffective|p1a: Sinistcha|1\n|-damage|p1a: Sinistcha|76/100\n|\n|-weather|none\n|-heal|p2b: Sableye|86/100|[from] item: Leftovers\n|-end|p1a: Sinistcha|Throat Chop|[silent]\n|upkeep\n|turn|12\n|\n|t:|1775925941\n|move|p1b: Arcanine|Protect|p1b: Arcanine\n|-singleturn|p1b: Arcanine|Protect\n|move|p2b: Sableye|Quash|p1a: Sinistcha\n|-activate|p1a: Sinistcha|move: Quash\n|move|p2a: Incineroar|Throat Chop|p1a: Sinistcha\n|-supereffective|p1a: Sinistcha|1\n|-damage|p1a: Sinistcha|52/100\n|-start|p1a: Sinistcha|Throat Chop|[silent]\n|move|p1a: Sinistcha|Strength Sap|p2a: Incineroar\n|-unboost|p2a: Incineroar|atk|1\n|-heal|p1a: Sinistcha|91/100\n|\n|-heal|p2b: Sableye|92/100|[from] item: Leftovers\n|upkeep\n|turn|13\n|\n|t:|1775925958\n|move|p1b: Arcanine|Protect||[still]\n|-fail|p1b: Arcanine\n|move|p2b: Sableye|Quash|p1a: Sinistcha\n|-activate|p1a: Sinistcha|move: Quash\n|move|p2a: Incineroar|Throat Chop|p1a: Sinistcha\n|-supereffective|p1a: Sinistcha|1\n|-damage|p1a: Sinistcha|69/100\n|move|p1a: Sinistcha|Strength Sap|p2a: Incineroar\n|-unboost|p2a: Incineroar|atk|1\n|-heal|p1a: Sinistcha|99/100\n|\n|-heal|p2b: Sableye|98/100|[from] item: Leftovers\n|-end|p1b: Arcanine|Encore\n|-end|p1a: Sinistcha|Throat Chop|[silent]\n|upkeep\n|turn|14\n|c|\u2606The Bongo Time|I think I lose lol ggwp\n|c|\u2606lordturc0|ggs\n|\n|t:|1775925974\n|move|p2b: Sableye|Encore|p1b: Arcanine\n|-start|p1b: Arcanine|Encore\n|move|p1b: Arcanine|Protect|p1b: Arcanine\n|-singleturn|p1b: Arcanine|Protect\n|move|p1a: Sinistcha|Matcha Gotcha|p2a: Incineroar|[spread] p2a,p2b\n|-resisted|p2a: Incineroar|1\n|-damage|p2a: Incineroar|45/100\n|-heal|p1a: Sinistcha|100/100|[from] drain|[of] p2a: Incineroar\n|-damage|p2b: Sableye|57/100\n|-enditem|p2a: Incineroar|Sitrus Berry|[eat]\n|-heal|p2a: Incineroar|69/100|[from] item: Sitrus Berry\n|move|p2a: Incineroar|Throat Chop|p1a: Sinistcha\n|-supereffective|p1a: Sinistcha|1\n|-damage|p1a: Sinistcha|82/100\n|-start|p1a: Sinistcha|Throat Chop|[silent]\n|\n|-heal|p2b: Sableye|63/100|[from] item: Leftovers\n|upkeep\n|turn|15\n|c|\u2606lordturc0|you can perma encore?\n|c|\u2606lordturc0|thats balanced\n|c|\u2606The Bongo Time|Prankster is pretty good lol\n|\n|t:|1775926001\n|move|p1b: Arcanine|Protect||[still]\n|-fail|p1b: Arcanine\n|move|p2b: Sableye|Quash|p1a: Sinistcha\n|-activate|p1a: Sinistcha|move: Quash\n|move|p2a: Incineroar|Throat Chop|p1a: Sinistcha\n|-supereffective|p1a: Sinistcha|1\n|-damage|p1a: Sinistcha|63/100\n|move|p1a: Sinistcha|Matcha Gotcha|p2b: Sableye|[spread] p2a,p2b\n|-resisted|p2a: Incineroar|1\n|-damage|p2a: Incineroar|62/100\n|-heal|p1a: Sinistcha|68/100|[from] drain|[of] p2a: Incineroar\n|-damage|p2b: Sableye|21/100\n|-heal|p1a: Sinistcha|87/100|[from] drain|[of] p2b: Sableye\n|\n|-heal|p2b: Sableye|27/100|[from] item: Leftovers\n|-end|p1b: Arcanine|Encore\n|-end|p1a: Sinistcha|Throat Chop|[silent]\n|upkeep\n|turn|16\n|\n|t:|1775926023\n|move|p2b: Sableye|Encore||[still]\n|-fail|p2b: Sableye\n|move|p1b: Arcanine|Rock Slide|p2b: Sableye|[spread] p2a\n|-miss|p1b: Arcanine|p2b: Sableye\n|-supereffective|p2a: Incineroar|1\n|-damage|p2a: Incineroar|38/100\n|move|p1a: Sinistcha|Matcha Gotcha|p2b: Sableye|[spread] p2a,p2b\n|-resisted|p2a: Incineroar|1\n|-damage|p2a: Incineroar|29/100\n|-heal|p1a: Sinistcha|92/100|[from] drain|[of] p2a: Incineroar\n|-damage|p2b: Sableye|0 fnt\n|-heal|p1a: Sinistcha|100/100|[from] drain|[of] p2b: Sableye\n|faint|p2b: Sableye\n|cant|p2a: Incineroar|flinch\n|\n|upkeep\n|turn|17\n|c|\u2606The Bongo Time|ah ggwp\n|c|\u2606lordturc0|no more protect pp\n|-message|The Bongo Time forfeited.\n|\n|win|lordturc0\n|raw|lordturc0's rating: 1079 &rarr; <strong>1104</strong><br />(+25 for winning)\n|raw|The Bongo Time's rating: 1040 &rarr; <strong>1026</strong><br />(-14 for losing)\n|l|\u2606The Bongo Time\n|player|p2|\n|c|\u2606lordturc0|also you wouldnt kill me anyways xD\n",
  "uploadtime": 1775926048,
  "views": 12,
  "formatid": "gen9championsvgc2026regma",
  "rating": 1026,
  "private": 0,
  "password": null
}