{
  "id": "gen9championsvgc2026regma-2586932155",
  "format": "[Gen 9 Champions] VGC 2026 Reg M-A",
  "players": [
    "Wubba Dub Dub",
    "CasualitoGaming"
  ],
  "log": "|j|\u2606Wubba Dub Dub\n|j|\u2606CasualitoGaming\n|t:|1776473057\n|gametype|doubles\n|player|p1|Wubba Dub Dub|n|1258\n|player|p2|CasualitoGaming|harlequin|1159\n|gen|9\n|tier|[Gen 9 Champions] VGC 2026 Reg M-A\n|rated|\n|rule|Species Clause: Limit one of each Pok\u00e9mon\n|rule|Item Clause: Limit 1 of each item\n|clearpoke\n|poke|p1|Delphox, L50, F|\n|poke|p1|Sneasler, L50, M|\n|poke|p1|Kingambit, L50, F|\n|poke|p1|Basculegion, L50, M|\n|poke|p1|Garchomp, L50, F|\n|poke|p1|Whimsicott, L50, F|\n|poke|p2|Kommo-o, L50, F|\n|poke|p2|Farigiraf, L50, F|\n|poke|p2|Sneasler, L50, F|\n|poke|p2|Snorlax, L50, M|\n|poke|p2|Kangaskhan, L50, F|\n|poke|p2|Aegislash, L50, M|\n|teampreview|4\n|inactive|Battle timer is ON: inactive players will automatically lose when time's up. (requested by Wubba Dub Dub)\n|\n|t:|1776473128\n|teamsize|p1|4\n|teamsize|p2|4\n|start\n|switch|p1a: Garchomp|Garchomp, L50, F|100/100\n|switch|p1b: Delphox|Delphox, L50, F|100/100\n|switch|p2a: Kommo-o|Kommo-o, L50, F|100/100\n|switch|p2b: Sneasler|Sneasler, L50, F|100/100\n|turn|1\n|inactive|Wubba Dub Dub has 30 seconds left.\n|inactive|CasualitoGaming has 30 seconds left.\n|\n|t:|1776473161\n|switch|p2a: Aegislash|Aegislash, L50, M|100/100\n|detailschange|p1b: Delphox|Delphox-Mega, L50, F\n|-mega|p1b: Delphox|Delphox|Delphoxite\n|move|p2b: Sneasler|Fake Out|p1b: Delphox\n|-damage|p1b: Delphox|78/100\n|cant|p1b: Delphox|flinch\n|move|p1a: Garchomp|Dragon Claw|p2a: Aegislash\n|-resisted|p2a: Aegislash|1\n|-damage|p2a: Aegislash|87/100\n|\n|upkeep\n|turn|2\n|\n|t:|1776473183\n|move|p1b: Delphox|Protect|p1b: Delphox\n|-singleturn|p1b: Delphox|Protect\n|-formechange|p2a: Aegislash|Aegislash-Blade|\n|move|p2a: Aegislash|Shadow Sneak|p1b: Delphox\n|-activate|p1b: Delphox|move: Protect\n|move|p2b: Sneasler|Close Combat|p1a: Garchomp\n|-damage|p1a: Garchomp|35/100\n|-unboost|p2b: Sneasler|def|1\n|-unboost|p2b: Sneasler|spd|1\n|-damage|p2b: Sneasler|88/100|[from] ability: Rough Skin|[of] p1a: Garchomp\n|-enditem|p2b: Sneasler|White Herb\n|-clearnegativeboost|p2b: Sneasler|[silent]\n|move|p1a: Garchomp|Stomping Tantrum|p2a: Aegislash\n|-supereffective|p2a: Aegislash|1\n|-damage|p2a: Aegislash|0 fnt\n|faint|p2a: Aegislash\n|\n|upkeep\n|\n|t:|1776473200\n|switch|p2a: Kangaskhan|Kangaskhan, L50, F|100/100\n|turn|3\n|inactive|Wubba Dub Dub has 30 seconds left.\n|\n|t:|1776473229\n|switch|p1b: Kingambit|Kingambit, L50, F|100/100\n|detailschange|p2a: Kangaskhan|Kangaskhan-Mega, L50, F\n|-mega|p2a: Kangaskhan|Kangaskhan|Kangaskhanite\n|move|p2a: Kangaskhan|Sucker Punch||[still]\n|-fail|p2a: Kangaskhan\n|move|p2b: Sneasler|Close Combat|p1a: Garchomp\n|-damage|p1a: Garchomp|0 fnt\n|-unboost|p2b: Sneasler|def|1\n|-unboost|p2b: Sneasler|spd|1\n|-damage|p2b: Sneasler|76/100|[from] ability: Rough Skin|[of] p1a: Garchomp\n|faint|p1a: Garchomp\n|\n|upkeep\n|\n|t:|1776473246\n|switch|p1a: Delphox|Delphox-Mega, L50, F|78/100\n|turn|4\n|inactive|Wubba Dub Dub has 30 seconds left.\n|inactive|Wubba Dub Dub has 20 seconds left.\n|\n|t:|1776473282\n|switch|p2a: Kommo-o|Kommo-o, L50, F|100/100\n|move|p1b: Kingambit|Sucker Punch|p2b: Sneasler\n|-resisted|p2b: Sneasler|1\n|-damage|p2b: Sneasler|21/100\n|move|p2b: Sneasler|Close Combat|p1b: Kingambit\n|-supereffective|p1b: Kingambit|2\n|-damage|p1b: Kingambit|0 fnt\n|-unboost|p2b: Sneasler|def|1\n|-unboost|p2b: Sneasler|spd|1\n|faint|p1b: Kingambit\n|move|p1a: Delphox|Encore||[still]\n|-fail|p1a: Delphox\n|\n|upkeep\n|\n|t:|1776473287\n|switch|p1b: Whimsicott|Whimsicott, L50, F|100/100\n|turn|5\n|\n|t:|1776473305\n|move|p2b: Sneasler|Protect|p2b: Sneasler\n|-singleturn|p2b: Sneasler|Protect\n|move|p2a: Kommo-o|Protect|p2a: Kommo-o\n|-singleturn|p2a: Kommo-o|Protect\n|move|p1a: Delphox|Heat Wave|p2a: Kommo-o|[spread] \n|-activate|p2a: Kommo-o|move: Protect\n|-activate|p2b: Sneasler|move: Protect\n|move|p1b: Whimsicott|Moonblast|p2a: Kommo-o\n|-activate|p2a: Kommo-o|move: Protect\n|\n|upkeep\n|turn|6\n|inactive|CasualitoGaming has 30 seconds left.\n|\n|t:|1776473336\n|switch|p2b: Kangaskhan|Kangaskhan-Mega, L50, F|100/100\n|move|p1a: Delphox|Heat Wave|p2b: Kangaskhan|[spread] p2a,p2b\n|-resisted|p2a: Kommo-o|1\n|-damage|p2a: Kommo-o|81/100\n|-damage|p2b: Kangaskhan|54/100\n|move|p1b: Whimsicott|Moonblast|p2a: Kommo-o\n|-supereffective|p2a: Kommo-o|2\n|-damage|p2a: Kommo-o|0 fnt\n|faint|p2a: Kommo-o\n|\n|upkeep\n|\n|t:|1776473345\n|switch|p2a: Sneasler|Sneasler, L50, F|21/100\n|turn|7\n|\n|t:|1776473350\n|move|p1b: Whimsicott|Protect|p1b: Whimsicott\n|-singleturn|p1b: Whimsicott|Protect\n|move|p1a: Delphox|Protect|p1a: Delphox\n|-singleturn|p1a: Delphox|Protect\n|move|p2b: Kangaskhan|Sucker Punch||[still]\n|-fail|p2b: Kangaskhan\n|move|p2a: Sneasler|Dire Claw|p1b: Whimsicott\n|-activate|p1b: Whimsicott|move: Protect\n|\n|upkeep\n|turn|8\n|\n|t:|1776473367\n|move|p2b: Kangaskhan|Sucker Punch||[still]\n|-fail|p2b: Kangaskhan\n|move|p1a: Delphox|Encore|p2b: Kangaskhan\n|-start|p2b: Kangaskhan|Encore\n|move|p2a: Sneasler|Dire Claw|p1b: Whimsicott\n|-supereffective|p1b: Whimsicott|2\n|-enditem|p1b: Whimsicott|Focus Sash\n|-damage|p1b: Whimsicott|1/100\n|-status|p1b: Whimsicott|par\n|cant|p1b: Whimsicott|par\n|\n|upkeep\n|turn|9\n|c|\u2606Wubba Dub Dub|welp\n|inactive|Wubba Dub Dub has 30 seconds left.\n|c|\u2606CasualitoGaming|unlucky\n|inactive|Wubba Dub Dub has 20 seconds left.\n|inactive|Wubba Dub Dub has 15 seconds left.\n|c|\u2606Wubba Dub Dub|guess outplaying is pointless when dire claw exists lmao\n|inactive|Wubba Dub Dub has 10 seconds left.\n|inactive|Wubba Dub Dub has 5 seconds left.\n|\n|t:|1776473419\n|move|p1b: Whimsicott|Protect|p1b: Whimsicott\n|-singleturn|p1b: Whimsicott|Protect\n|move|p2b: Kangaskhan|Sucker Punch||[still]\n|-fail|p2b: Kangaskhan\n|move|p1a: Delphox|Encore|p2a: Sneasler\n|-start|p2a: Sneasler|Encore\n|move|p2a: Sneasler|Dire Claw|p1a: Delphox\n|-damage|p1a: Delphox|15/100\n|-status|p1a: Delphox|par\n|\n|upkeep\n|turn|10\n|c|\u2606Wubba Dub Dub|omg\n|c|\u2606CasualitoGaming|XXD\n|c|\u2606Wubba Dub Dub|brother go play lotto\n|-message|Wubba Dub Dub forfeited.\n|\n|win|CasualitoGaming\n|raw|Wubba Dub Dub's rating: 1258 &rarr; <strong>1226</strong><br />(-32 for losing)\n|raw|CasualitoGaming's rating: 1159 &rarr; <strong>1191</strong><br />(+32 for winning)\n|l|\u2606Wubba Dub Dub\n|player|p1|\n",
  "uploadtime": 1776473471,
  "views": 19,
  "formatid": "gen9championsvgc2026regma",
  "rating": 1191,
  "private": 0,
  "password": null
}