{
  "id": "gen9championsvgc2026regma-2586558468",
  "format": "[Gen 9 Champions] VGC 2026 Reg M-A",
  "players": [
    "Danievania",
    "VaporingChain84"
  ],
  "log": "|j|\u2606Danievania\n|j|\u2606VaporingChain84\n|t:|1776442950\n|gametype|doubles\n|player|p1|Danievania|byron|1379\n|player|p2|VaporingChain84|169|1413\n|gen|9\n|tier|[Gen 9 Champions] VGC 2026 Reg M-A\n|rated|\n|rule|Species Clause: Limit one of each Pok\u00e9mon\n|rule|Item Clause: Limit 1 of each item\n|clearpoke\n|poke|p1|Delphox, L50, M|\n|poke|p1|Sneasler, L50, F|\n|poke|p1|Garchomp, L50, M|\n|poke|p1|Sinistcha, L50|\n|poke|p1|Kingambit, L50, M|\n|poke|p1|Aerodactyl, L50, M|\n|poke|p2|Charizard, L50, F|\n|poke|p2|Venusaur, L50, F|\n|poke|p2|Garchomp, L50, F|\n|poke|p2|Rotom-Wash, L50|\n|poke|p2|Sneasler, L50, M|\n|poke|p2|Incineroar, L50, F|\n|teampreview|4\n|\n|t:|1776442982\n|teamsize|p1|4\n|teamsize|p2|4\n|start\n|switch|p1a: Sneasler|Sneasler, L50, F, shiny|100/100\n|switch|p1b: Aerodactyl|Aerodactyl, L50, M|100/100\n|switch|p2a: Garchomp|Garchomp, L50, F|100/100\n|switch|p2b: Charizard|Charizard, L50, F|100/100\n|turn|1\n|\n|t:|1776443014\n|switch|p2b: Incineroar|Incineroar, L50, F|100/100\n|-ability|p2b: Incineroar|Intimidate|boost\n|-unboost|p1a: Sneasler|atk|1\n|-unboost|p1b: Aerodactyl|atk|1\n|detailschange|p1b: Aerodactyl|Aerodactyl-Mega, L50, M\n|-mega|p1b: Aerodactyl|Aerodactyl|Aerodactylite\n|move|p1a: Sneasler|Fake Out|p2b: Incineroar\n|-damage|p2b: Incineroar|92/100\n|move|p2a: Garchomp|Rock Slide|p1a: Sneasler|[spread] p1a,p1b\n|-resisted|p1a: Sneasler|1\n|-supereffective|p1b: Aerodactyl|1\n|-crit|p1b: Aerodactyl\n|-damage|p1a: Sneasler|83/100\n|-damage|p1b: Aerodactyl|19/100\n|cant|p1b: Aerodactyl|flinch\n|\n|upkeep\n|turn|2\n|j| darkmaikshark\n|inactive|Battle timer is ON: inactive players will automatically lose when time's up. (requested by Danievania)\n|l| darkmaikshark\n|\n|t:|1776443050\n|switch|p1b: Sinistcha|Sinistcha, L50|100/100\n|-heal|p1a: Sneasler|100/100|[from] ability: Hospitality|[of] p1b: Sinistcha\n|move|p1a: Sneasler|Protect|p1a: Sneasler\n|-singleturn|p1a: Sneasler|Protect\n|move|p2a: Garchomp|Rock Slide|p1a: Sneasler|[spread] p1b\n|-activate|p1a: Sneasler|move: Protect\n|-damage|p1b: Sinistcha|81/100\n|move|p2b: Incineroar|Parting Shot|p1b: Sinistcha\n|-unboost|p1b: Sinistcha|atk|1\n|-unboost|p1b: Sinistcha|spa|1\n|\n|t:|1776443063\n|switch|p2b: Charizard|Charizard, L50, F|100/100|[from] Parting Shot\n|\n|upkeep\n|turn|3\n|inactive|Danievania has 30 seconds left.\n|inactive|Danievania has 20 seconds left.\n|\n|t:|1776443100\n|switch|p2a: Incineroar|Incineroar, L50, F|92/100\n|-ability|p2a: Incineroar|Intimidate|boost\n|-unboost|p1a: Sneasler|atk|1\n|-unboost|p1b: Sinistcha|atk|1\n|detailschange|p2b: Charizard|Charizard-Mega-Y, L50, F\n|-mega|p2b: Charizard|Charizard|Charizardite Y\n|-weather|SunnyDay|[from] ability: Drought|[of] p2b: Charizard\n|move|p1a: Sneasler|Close Combat|p2a: Incineroar\n|-supereffective|p2a: Incineroar|1\n|-damage|p2a: Incineroar|26/100\n|-unboost|p1a: Sneasler|def|1\n|-unboost|p1a: Sneasler|spd|1\n|-enditem|p2a: Incineroar|Sitrus Berry|[eat]\n|-heal|p2a: Incineroar|51/100|[from] item: Sitrus Berry\n|move|p2b: Charizard|Heat Wave|p1a: Sneasler|[spread] p1a,p1b\n|-supereffective|p1b: Sinistcha|1\n|-enditem|p1a: Sneasler|Focus Sash\n|-damage|p1a: Sneasler|1/100\n|-damage|p1b: Sinistcha|0 fnt\n|faint|p1b: Sinistcha\n|\n|-weather|SunnyDay|[upkeep]\n|upkeep\n|\n|t:|1776443117\n|switch|p1b: Aerodactyl|Aerodactyl-Mega, L50, M|19/100\n|turn|4\n|inactive|VaporingChain84 has 30 seconds left.\n|inactive|VaporingChain84 has 20 seconds left.\n|inactive|VaporingChain84 has 15 seconds left.\n|\n|t:|1776443159\n|switch|p1a: Garchomp|Garchomp, L50, M, shiny|100/100\n|move|p1b: Aerodactyl|Protect|p1b: Aerodactyl\n|-singleturn|p1b: Aerodactyl|Protect\n|move|p2b: Charizard|Protect|p2b: Charizard\n|-singleturn|p2b: Charizard|Protect\n|move|p2a: Incineroar|Fake Out|p1a: Garchomp\n|-damage|p1a: Garchomp|86/100\n|-damage|p2a: Incineroar|39/100|[from] ability: Rough Skin|[of] p1a: Garchomp\n|\n|-weather|SunnyDay|[upkeep]\n|upkeep\n|turn|5\n|inactive|Danievania has 30 seconds left.\n|inactive|VaporingChain84 has 30 seconds left.\n|\n|t:|1776443188\n|switch|p2b: Rotom|Rotom-Wash, L50|100/100\n|move|p1b: Aerodactyl|Rock Slide|p2b: Rotom|[spread] p2a,p2b\n|-supereffective|p2a: Incineroar|1\n|-damage|p2a: Incineroar|0 fnt\n|-damage|p2b: Rotom|76/100\n|faint|p2a: Incineroar\n|move|p1a: Garchomp|Earthquake|p2b: Rotom|[spread] \n|-immune|p1b: Aerodactyl\n|-immune|p2b: Rotom|[from] ability: Levitate\n|\n|-weather|SunnyDay|[upkeep]\n|-heal|p2b: Rotom|81/100|[from] item: Leftovers\n|upkeep\n|\n|t:|1776443206\n|switch|p2a: Garchomp|Garchomp, L50, F|100/100\n|turn|6\n|\n|t:|1776443222\n|move|p1b: Aerodactyl|Protect|p1b: Aerodactyl\n|-singleturn|p1b: Aerodactyl|Protect\n|move|p2a: Garchomp|Dragon Claw|p1a: Garchomp\n|-supereffective|p1a: Garchomp|1\n|-damage|p1a: Garchomp|1/100\n|-damage|p2a: Garchomp|88/100|[from] ability: Rough Skin|[of] p1a: Garchomp\n|move|p1a: Garchomp|Dragon Claw|p2a: Garchomp\n|-supereffective|p2a: Garchomp|1\n|-damage|p2a: Garchomp|0 fnt\n|-damage|p1a: Garchomp|0 fnt|[from] ability: Rough Skin|[of] p2a: Garchomp\n|faint|p2a: Garchomp\n|faint|p1a: Garchomp\n|move|p2b: Rotom|Thunderbolt|p1b: Aerodactyl\n|-activate|p1b: Aerodactyl|move: Protect\n|\n|-weather|SunnyDay|[upkeep]\n|-heal|p2b: Rotom|87/100|[from] item: Leftovers\n|upkeep\n|\n|t:|1776443238\n|switch|p1a: Sneasler|Sneasler, L50, F, shiny|1/100\n|switch|p2a: Charizard|Charizard-Mega-Y, L50, F|100/100\n|turn|7\n|\n|t:|1776443254\n|move|p2a: Charizard|Protect|p2a: Charizard\n|-singleturn|p2a: Charizard|Protect\n|move|p1a: Sneasler|Fake Out|p2b: Rotom\n|-damage|p2b: Rotom|74/100\n|move|p1b: Aerodactyl|Rock Slide|p2b: Rotom|[spread] p2b\n|-activate|p2a: Charizard|move: Protect\n|-damage|p2b: Rotom|45/100\n|cant|p2b: Rotom|flinch\n|\n|-weather|none\n|-heal|p2b: Rotom|51/100|[from] item: Leftovers\n|upkeep\n|turn|8\n|inactive|VaporingChain84 has 30 seconds left.\n|inactive|VaporingChain84 has 20 seconds left.\n|inactive|VaporingChain84 has 15 seconds left.\n|\n|t:|1776443298\n|move|p1b: Aerodactyl|Rock Slide|p2a: Charizard|[spread] p2a,p2b\n|-supereffective|p2a: Charizard|2\n|-damage|p2a: Charizard|0 fnt\n|-damage|p2b: Rotom|26/100\n|faint|p2a: Charizard\n|move|p1a: Sneasler|Close Combat|p2b: Rotom\n|-damage|p2b: Rotom|0 fnt\n|-unboost|p1a: Sneasler|def|1\n|-unboost|p1a: Sneasler|spd|1\n|faint|p2b: Rotom\n|\n|win|Danievania\n|raw|Danievania's rating: 1379 &rarr; <strong>1401</strong><br />(+22 for winning)\n|raw|VaporingChain84's rating: 1413 &rarr; <strong>1391</strong><br />(-22 for losing)\n",
  "uploadtime": 1776443311,
  "views": 61,
  "formatid": "gen9championsvgc2026regma",
  "rating": 1391,
  "private": 0,
  "password": null
}