{
  "id": "gen9championsvgc2026regma-2581857814",
  "format": "[Gen 9 Champions] VGC 2026 Reg M-A",
  "players": [
    "DJLloydZ99",
    "themegaisiug"
  ],
  "log": "|j|\u2606DJLloydZ99\n|j|\u2606themegaisiug\n|t:|1776034236\n|gametype|doubles\n|player|p1|DJLloydZ99|266|1065\n|player|p2|themegaisiug|boarder|1086\n|gen|9\n|tier|[Gen 9 Champions] VGC 2026 Reg M-A\n|rated|\n|rule|Species Clause: Limit one of each Pok\u00e9mon\n|rule|Item Clause: Limit 1 of each item\n|clearpoke\n|poke|p1|Froslass, L50, F|\n|poke|p1|Milotic, L50, F|\n|poke|p1|Sinistcha, L50|\n|poke|p1|Incineroar, L50, F|\n|poke|p1|Ninetales-Alola, L50, F|\n|poke|p1|Garchomp, L50, F|\n|poke|p2|Aerodactyl, L50, M|\n|poke|p2|Incineroar, L50, F|\n|poke|p2|Floette-Eternal, L50, F|\n|poke|p2|Basculegion, L50, M|\n|poke|p2|Sneasler, L50, M|\n|poke|p2|Kingambit, L50, M|\n|teampreview|4\n|inactive|Battle timer is ON: inactive players will automatically lose when time's up. (requested by DJLloydZ99)\n|inactive|themegaisiug has 60 seconds left.\n|\n|t:|1776034282\n|teamsize|p1|4\n|teamsize|p2|4\n|start\n|switch|p1a: Milotic|Milotic, L50, F, shiny|100/100\n|switch|p1b: Froslass|Froslass, L50, F, shiny|100/100\n|switch|p2a: barney|Aerodactyl, L50, M, shiny|100/100\n|switch|p2b: Floette|Floette-Eternal, L50, F|100/100\n|-ability|p2a: barney|Unnerve\n|turn|1\n|inactive|themegaisiug has 30 seconds left.\n|inactive|DJLloydZ99 has 30 seconds left.\n|\n|t:|1776034321\n|detailschange|p2b: Floette|Floette-Mega, L50, F\n|-mega|p2b: Floette|Floette|Floettite\n|-ability|p2b: Floette|Fairy Aura\n|move|p1b: Froslass|Protect|p1b: Froslass\n|-singleturn|p1b: Froslass|Protect\n|move|p2a: barney|Tailwind|p2a: barney\n|-sidestart|p2: themegaisiug|move: Tailwind\n|move|p2b: Floette|Light of Ruin|p1b: Froslass\n|-activate|p1b: Froslass|move: Protect\n|move|p1a: Milotic|Icy Wind|p2a: barney|[spread] p2a,p2b\n|-supereffective|p2a: barney|1\n|-damage|p2a: barney|72/100\n|-damage|p2b: Floette|93/100\n|-unboost|p2a: barney|spe|1\n|-unboost|p2b: Floette|spe|1\n|\n|upkeep\n|turn|2\n|\n|t:|1776034342\n|switch|p1b: Incineroar|Incineroar, L50, F, shiny|100/100\n|-ability|p1b: Incineroar|Intimidate|boost\n|-unboost|p2a: barney|atk|1\n|-unboost|p2b: Floette|atk|1\n|move|p2a: barney|Rock Slide|p1a: Milotic|[spread] p1a,p1b\n|-supereffective|p1b: Incineroar|1\n|-damage|p1a: Milotic|87/100\n|-damage|p1b: Incineroar|76/100\n|move|p2b: Floette|Light of Ruin|p1b: Incineroar\n|-damage|p1b: Incineroar|0 fnt\n|faint|p1b: Incineroar\n|-damage|p2b: Floette|42/100|[from] Recoil\n|move|p1a: Milotic|Icy Wind|p2b: Floette|[spread] p2a,p2b\n|-supereffective|p2a: barney|1\n|-crit|p2b: Floette\n|-damage|p2a: barney|42/100\n|-damage|p2b: Floette|30/100\n|-unboost|p2a: barney|spe|1\n|-unboost|p2b: Floette|spe|1\n|\n|-heal|p1a: Milotic|93/100|[from] item: Leftovers\n|upkeep\n|\n|t:|1776034354\n|switch|p1b: Froslass|Froslass, L50, F, shiny|100/100\n|turn|3\n|\n|t:|1776034368\n|switch|p2b: Kingambit|Kingambit, L50, M|100/100\n|detailschange|p1b: Froslass|Froslass-Mega, L50, F, shiny\n|-mega|p1b: Froslass|Froslass|Froslassite\n|-weather|Snowscape|[from] ability: Snow Warning|[of] p1b: Froslass\n|move|p2a: barney|Rock Slide|p1b: Froslass|[spread] p1a,p1b\n|-supereffective|p1b: Froslass|1\n|-damage|p1a: Milotic|79/100\n|-damage|p1b: Froslass|62/100\n|cant|p1b: Froslass|flinch\n|move|p1a: Milotic|Coil|p1a: Milotic\n|-boost|p1a: Milotic|atk|1\n|-boost|p1a: Milotic|def|1\n|-boost|p1a: Milotic|accuracy|1\n|\n|-weather|Snowscape|[upkeep]\n|-heal|p1a: Milotic|85/100|[from] item: Leftovers\n|upkeep\n|turn|4\n|\n|t:|1776034395\n|move|p1b: Froslass|Protect|p1b: Froslass\n|-singleturn|p1b: Froslass|Protect\n|move|p2a: barney|Rock Slide|p1a: Milotic|[spread] p1a\n|-activate|p1b: Froslass|move: Protect\n|-damage|p1a: Milotic|75/100\n|move|p2b: Kingambit|Kowtow Cleave|p1a: Milotic\n|-crit|p1a: Milotic\n|-damage|p1a: Milotic|0 fnt\n|faint|p1a: Milotic\n|\n|-weather|Snowscape|[upkeep]\n|-sideend|p2: themegaisiug|move: Tailwind\n|upkeep\n|\n|t:|1776034404\n|switch|p1a: Garchomp|Garchomp, L50, F|100/100\n|turn|5\n|\n|t:|1776034417\n|move|p2b: Kingambit|Sucker Punch|p1b: Froslass\n|-supereffective|p1b: Froslass|1\n|-damage|p1b: Froslass|0 fnt\n|faint|p1b: Froslass\n|move|p1a: Garchomp|Stomping Tantrum|p2b: Kingambit\n|-supereffective|p2b: Kingambit|1\n|-damage|p2b: Kingambit|30/100\n|move|p2a: barney|Tailwind|p2a: barney\n|-sidestart|p2: themegaisiug|move: Tailwind\n|\n|-weather|Snowscape|[upkeep]\n|upkeep\n|turn|6\n|-message|DJLloydZ99 forfeited.\n|\n|win|themegaisiug\n|raw|DJLloydZ99's rating: 1065 &rarr; <strong>1046</strong><br />(-19 for losing)\n|raw|themegaisiug's rating: 1086 &rarr; <strong>1111</strong><br />(+25 for winning)\n|l|\u2606DJLloydZ99\n|player|p1|\n",
  "uploadtime": 1776034426,
  "views": 10,
  "formatid": "gen9championsvgc2026regma",
  "rating": 1046,
  "private": 0,
  "password": null
}