{
  "id": "gen9championsvgc2026regma-2585146823",
  "format": "[Gen 9 Champions] VGC 2026 Reg M-A",
  "players": [
    "DGENERAT",
    "LikeJoe"
  ],
  "log": "|j|\u2606DGENERAT\n|j|\u2606LikeJoe\n|t:|1776317497\n|gametype|doubles\n|player|p1|DGENERAT|guzma|1214\n|player|p2|LikeJoe|170|1162\n|gen|9\n|tier|[Gen 9 Champions] VGC 2026 Reg M-A\n|rated|\n|rule|Species Clause: Limit one of each Pok\u00e9mon\n|rule|Item Clause: Limit 1 of each item\n|clearpoke\n|poke|p1|Hawlucha, L50, F|\n|poke|p1|Snorlax, L50, M|\n|poke|p1|Sinistcha-Masterpiece, L50|\n|poke|p1|Aerodactyl, L50, M|\n|poke|p1|Floette-Eternal, L50, F|\n|poke|p1|Incineroar, L50, M|\n|poke|p2|Tyranitar, L50, F|\n|poke|p2|Garchomp, L50, M|\n|poke|p2|Corviknight, L50, M|\n|poke|p2|Excadrill, L50, M|\n|poke|p2|Sinistcha, L50|\n|poke|p2|Kingambit, L50, F|\n|teampreview|4\n|l|\u2606DGENERAT\n|player|p1|\n|j|\u2606DGENERAT\n|player|p1|DGENERAT|guzma|\n|inactive|Battle timer is ON: inactive players will automatically lose when time's up. (requested by LikeJoe)\n|inactiveoff|Battle timer is now OFF.\n|\n|t:|1776317537\n|teamsize|p1|4\n|teamsize|p2|4\n|start\n|switch|p1a: Incineroar|Incineroar, L50, M|100/100\n|switch|p1b: Floette|Floette-Eternal, L50, F|100/100\n|switch|p2a: Enrique|Tyranitar, L50, F|100/100\n|switch|p2b: Guadalupe|Kingambit, L50, F|100/100\n|-weather|Sandstorm|[from] ability: Sand Stream|[of] p2a: Enrique\n|-ability|p1a: Incineroar|Intimidate|boost\n|-unboost|p2a: Enrique|atk|1\n|-unboost|p2b: Guadalupe|atk|1\n|-ability|p2b: Guadalupe|Defiant|boost\n|-boost|p2b: Guadalupe|atk|2\n|turn|1\n|\n|t:|1776317573\n|detailschange|p1b: Floette|Floette-Mega, L50, F\n|-mega|p1b: Floette|Floette|Floettite\n|-ability|p1b: Floette|Fairy Aura\n|move|p2a: Enrique|Protect|p2a: Enrique\n|-singleturn|p2a: Enrique|Protect\n|move|p1a: Incineroar|Fake Out|p2b: Guadalupe\n|-resisted|p2b: Guadalupe|1\n|-damage|p2b: Guadalupe|97/100\n|cant|p2b: Guadalupe|flinch\n|move|p1b: Floette|Calm Mind|p1b: Floette\n|-boost|p1b: Floette|spa|1\n|-boost|p1b: Floette|spd|1\n|\n|-weather|Sandstorm|[upkeep]\n|-damage|p1b: Floette|95/100|[from] Sandstorm\n|-damage|p1a: Incineroar|95/100|[from] Sandstorm\n|upkeep\n|turn|2\n|\n|t:|1776317600\n|switch|p2a: Francisco|Corviknight, L50, M|100/100\n|move|p1b: Floette|Protect|p1b: Floette\n|-singleturn|p1b: Floette|Protect\n|move|p1a: Incineroar|Parting Shot|p2a: Francisco\n|-ability|p2a: Francisco|Mirror Armor\n|-unboost|p1a: Incineroar|atk|1\n|-ability|p2a: Francisco|Mirror Armor\n|-unboost|p1a: Incineroar|spa|1\n|\n|t:|1776317610\n|switch|p1a: Sinistcha|Sinistcha-Masterpiece, L50, shiny|100/100|[from] Parting Shot\n|-heal|p1b: Floette|100/100|[from] ability: Hospitality|[of] p1a: Sinistcha\n|move|p2b: Guadalupe|Iron Head|p1b: Floette\n|-activate|p1b: Floette|move: Protect\n|\n|-weather|Sandstorm|[upkeep]\n|-damage|p1b: Floette|95/100|[from] Sandstorm\n|-damage|p1a: Sinistcha|94/100|[from] Sandstorm\n|upkeep\n|turn|3\n|\n|t:|1776317625\n|move|p1a: Sinistcha|Rage Powder|p1a: Sinistcha\n|-singleturn|p1a: Sinistcha|move: Rage Powder\n|move|p1b: Floette|Moonblast|p2b: Guadalupe\n|-damage|p2b: Guadalupe|0 fnt\n|faint|p2b: Guadalupe\n|move|p2a: Francisco|Tailwind|p2a: Francisco\n|-sidestart|p2: LikeJoe|move: Tailwind\n|\n|-weather|Sandstorm|[upkeep]\n|-damage|p1b: Floette|89/100|[from] Sandstorm\n|-damage|p1a: Sinistcha|88/100|[from] Sandstorm\n|upkeep\n|\n|t:|1776317654\n|switch|p2b: Julio|Excadrill, L50, M|100/100\n|turn|4\n|\n|t:|1776317673\n|move|p2b: Julio|Protect|p2b: Julio\n|-singleturn|p2b: Julio|Protect\n|move|p1b: Floette|Protect|p1b: Floette\n|-singleturn|p1b: Floette|Protect\n|move|p2a: Francisco|Brave Bird|p1a: Sinistcha\n|-supereffective|p1a: Sinistcha|1\n|-damage|p1a: Sinistcha|27/100\n|-enditem|p1a: Sinistcha|Sitrus Berry|[eat]\n|-heal|p1a: Sinistcha|52/100|[from] item: Sitrus Berry\n|-damage|p2a: Francisco|83/100|[from] Recoil\n|move|p1a: Sinistcha|Trick Room|p1a: Sinistcha\n|-fieldstart|move: Trick Room|[of] p1a: Sinistcha\n|\n|-weather|Sandstorm|[upkeep]\n|-damage|p1a: Sinistcha|46/100|[from] Sandstorm\n|-damage|p1b: Floette|83/100|[from] Sandstorm\n|-heal|p2a: Francisco|89/100|[from] item: Leftovers\n|upkeep\n|turn|5\n|\n|t:|1776317707\n|move|p1a: Sinistcha|Matcha Gotcha|p2a: Francisco|[spread] p2a,p2b\n|-resisted|p2a: Francisco|2\n|-damage|p2a: Francisco|82/100\n|-heal|p1a: Sinistcha|50/100|[from] drain|[of] p2a: Francisco\n|-damage|p2b: Julio|68/100\n|-heal|p1a: Sinistcha|67/100|[from] drain|[of] p2b: Julio\n|move|p1b: Floette|Moonblast|p2b: Julio\n|-resisted|p2b: Julio|1\n|-damage|p2b: Julio|0 fnt\n|faint|p2b: Julio\n|move|p2a: Francisco|Brave Bird|p1a: Sinistcha\n|-supereffective|p1a: Sinistcha|1\n|-damage|p1a: Sinistcha|0 fnt\n|faint|p1a: Sinistcha\n|-damage|p2a: Francisco|63/100|[from] Recoil\n|\n|-weather|none\n|-heal|p2a: Francisco|69/100|[from] item: Leftovers\n|upkeep\n|\n|t:|1776317726\n|switch|p1a: Incineroar|Incineroar, L50, M|95/100\n|switch|p2b: Enrique|Tyranitar, L50, F|100/100\n|-ability|p1a: Incineroar|Intimidate|boost\n|-ability|p2a: Francisco|Mirror Armor\n|-unboost|p1a: Incineroar|atk|1\n|-unboost|p2b: Enrique|atk|1\n|-weather|Sandstorm|[from] ability: Sand Stream|[of] p2b: Enrique\n|turn|6\n|\n|t:|1776317747\n|detailschange|p2b: Enrique|Tyranitar-Mega, L50, F\n|-mega|p2b: Enrique|Tyranitar|Tyranitarite\n|move|p2b: Enrique|Protect|p2b: Enrique\n|-singleturn|p2b: Enrique|Protect\n|move|p1a: Incineroar|Flare Blitz|p2a: Francisco\n|-supereffective|p2a: Francisco|1\n|-damage|p2a: Francisco|31/100\n|-status|p2a: Francisco|brn\n|-damage|p1a: Incineroar|82/100|[from] Recoil\n|move|p1b: Floette|Moonblast|p2a: Francisco\n|-resisted|p2a: Francisco|1\n|-damage|p2a: Francisco|0 fnt\n|faint|p2a: Francisco\n|\n|-weather|Sandstorm|[upkeep]\n|-damage|p1a: Incineroar|76/100|[from] Sandstorm\n|-damage|p1b: Floette|78/100|[from] Sandstorm\n|-sideend|p2: LikeJoe|move: Tailwind\n|upkeep\n|turn|7\n|\n|t:|1776317766\n|move|p1a: Incineroar|Parting Shot|p2b: Enrique\n|-unboost|p2b: Enrique|atk|1\n|-unboost|p2b: Enrique|spa|1\n|\n|t:|1776317770\n|switch|p1a: Aerodactyl|Aerodactyl, L50, M, shiny|100/100|[from] Parting Shot\n|-ability|p1a: Aerodactyl|Unnerve\n|move|p2b: Enrique|Rock Slide|p1a: Aerodactyl|[spread] p1a,p1b\n|-supereffective|p1a: Aerodactyl|1\n|-crit|p1a: Aerodactyl\n|-enditem|p1a: Aerodactyl|Focus Sash\n|-damage|p1a: Aerodactyl|1/100\n|-damage|p1b: Floette|57/100\n|move|p1b: Floette|Moonblast|p2b: Enrique\n|-supereffective|p2b: Enrique|1\n|-damage|p2b: Enrique|0 fnt\n|faint|p2b: Enrique\n|\n|win|DGENERAT\n|raw|DGENERAT's rating: 1214 &rarr; <strong>1235</strong><br />(+21 for winning)\n|raw|LikeJoe's rating: 1162 &rarr; <strong>1141</strong><br />(-21 for losing)\n|l|\u2606LikeJoe\n|player|p2|\n",
  "uploadtime": 1776317794,
  "views": 27,
  "formatid": "gen9championsvgc2026regma",
  "rating": 1141,
  "private": 0,
  "password": null
}