{
  "id": "gen9championsvgc2026regma-2585396561",
  "format": "[Gen 9 Champions] VGC 2026 Reg M-A",
  "players": [
    "nuklad",
    "testy accounty 2"
  ],
  "log": "|j|\u2606nuklad\n|j|\u2606testy accounty 2\n|t:|1776344235\n|gametype|doubles\n|player|p1|nuklad|medium|1265\n|player|p2|testy accounty 2|1|1363\n|gen|9\n|tier|[Gen 9 Champions] VGC 2026 Reg M-A\n|rated|\n|rule|Species Clause: Limit one of each Pok\u00e9mon\n|rule|Item Clause: Limit 1 of each item\n|clearpoke\n|poke|p1|Aggron, L50, M|\n|poke|p1|Golurk, L50|\n|poke|p1|Sinistcha, L50|\n|poke|p1|Farigiraf, L50, F|\n|poke|p1|Garchomp, L50, F|\n|poke|p1|Incineroar, L50, M|\n|poke|p2|Gengar, L50, F|\n|poke|p2|Incineroar, L50, M|\n|poke|p2|Politoed, L50, M|\n|poke|p2|Archaludon, L50, F|\n|poke|p2|Basculegion, L50, M|\n|poke|p2|Meganium, L50, M|\n|teampreview|4\nnuklad rejected open team sheets.\n|inactive|Battle timer is ON: inactive players will automatically lose when time's up. (requested by nuklad)\n|inactive|testy accounty 2 has 60 seconds left.\n|\n|t:|1776344269\n|teamsize|p1|4\n|teamsize|p2|4\n|start\n|switch|p1a: Garchomp|Garchomp, L50, F|100/100\n|switch|p1b: Incineroar|Incineroar, L50, M|100/100\n|switch|p2a: Gengar|Gengar, L50, F, shiny|100/100\n|switch|p2b: Ian|Incineroar, L50, M|100/100\n|-ability|p1b: Incineroar|Intimidate|boost\n|-unboost|p2a: Gengar|atk|1\n|-unboost|p2b: Ian|atk|1\n|-ability|p2b: Ian|Intimidate|boost\n|-unboost|p1a: Garchomp|atk|1\n|-unboost|p1b: Incineroar|atk|1\n|turn|1\n|inactive|testy accounty 2 has 30 seconds left.\n|inactive|testy accounty 2 has 20 seconds left.\n|inactive|testy accounty 2 has 15 seconds left.\n|inactive|testy accounty 2 has 10 seconds left.\n|inactive|testy accounty 2 has 5 seconds left.\n|\n|t:|1776344320\n|switch|p1a: Sinistcha|Sinistcha, L50|100/100\n|switch|p2b: Kathleen|Archaludon, L50, F|100/100\n|move|p2a: Gengar|Protect|p2a: Gengar\n|-singleturn|p2a: Gengar|Protect\n|move|p1b: Incineroar|Parting Shot|p2a: Gengar\n|-activate|p2a: Gengar|move: Protect\n|\n|upkeep\n|turn|2\n|\n|t:|1776344347\n|switch|p1a: Garchomp|Garchomp, L50, F|100/100\n|detailschange|p2a: Gengar|Gengar-Mega, L50, F, shiny\n|-mega|p2a: Gengar|Gengar|Gengarite\n|move|p2a: Gengar|Shadow Ball|p1a: Garchomp\n|-damage|p1a: Garchomp|52/100\n|move|p2b: Kathleen|Flash Cannon|p1a: Garchomp\n|-damage|p1a: Garchomp|0 fnt\n|faint|p1a: Garchomp\n|move|p1b: Incineroar|Parting Shot|p2a: Gengar\n|-unboost|p2a: Gengar|atk|1\n|-unboost|p2a: Gengar|spa|1\n|\n|t:|1776344358\n|switch|p1b: Golurk|Golurk, L50|100/100|[from] Parting Shot\n|\n|upkeep\n|\n|t:|1776344360\n|switch|p1a: Sinistcha|Sinistcha, L50|100/100\n|turn|3\n|inactive|testy accounty 2 has 30 seconds left.\n|\n|t:|1776344394\n|switch|p2a: Rosey|Politoed, L50, M|100/100\n|-weather|RainDance|[from] ability: Drizzle|[of] p2a: Rosey\n|switch|p2b: Ian|Incineroar, L50, M|100/100\n|-ability|p2b: Ian|Intimidate|boost\n|-unboost|p1a: Sinistcha|atk|1\n|-unboost|p1b: Golurk|atk|1\n|detailschange|p1b: Golurk|Golurk-Mega, L50\n|-mega|p1b: Golurk|Golurk|Golurkite\n|move|p1b: Golurk|Poltergeist|p2a: Rosey\n|-activate|p2a: Rosey|move: Poltergeist|Leftovers\n|-damage|p2a: Rosey|46/100\n|move|p1a: Sinistcha|Trick Room|p1a: Sinistcha\n|-fieldstart|move: Trick Room|[of] p1a: Sinistcha\n|\n|-weather|RainDance|[upkeep]\n|-heal|p2a: Rosey|52/100|[from] item: Leftovers\n|upkeep\n|turn|4\n|inactive|testy accounty 2 has 30 seconds left.\n|\n|t:|1776344419\n|switch|p1b: Incineroar|Incineroar, L50, M|100/100\n|-ability|p1b: Incineroar|Intimidate|boost\n|-unboost|p2a: Rosey|atk|1\n|-unboost|p2b: Ian|atk|1\n|switch|p2a: Kathleen|Archaludon, L50, F|100/100\n|move|p2b: Ian|Parting Shot|p1b: Incineroar\n|-unboost|p1b: Incineroar|atk|1\n|-unboost|p1b: Incineroar|spa|1\n|\n|t:|1776344429\n|switch|p2b: Gengar|Gengar-Mega, L50, F, shiny|100/100|[from] Parting Shot\n|move|p1a: Sinistcha|Matcha Gotcha|p2a: Kathleen|[spread] p2a,p2b\n|-resisted|p2a: Kathleen|2\n|-resisted|p2b: Gengar|1\n|-damage|p2a: Kathleen|93/100\n|-damage|p2b: Gengar|88/100\n|-status|p2a: Kathleen|brn\n|-ability|p2a: Kathleen|Stamina|boost\n|-boost|p2a: Kathleen|def|1\n|\n|-weather|RainDance|[upkeep]\n|-damage|p2a: Kathleen|87/100 brn|[from] brn\n|upkeep\n|turn|5\n|\n|t:|1776344451\n|move|p1b: Incineroar|Darkest Lariat|p2b: Gengar\n|-supereffective|p2b: Gengar|1\n|-damage|p2b: Gengar|22/100\n|move|p1a: Sinistcha|Matcha Gotcha|p2a: Kathleen|[spread] p2a,p2b\n|-resisted|p2a: Kathleen|2\n|-resisted|p2b: Gengar|1\n|-damage|p2a: Kathleen|80/100 brn\n|-damage|p2b: Gengar|9/100\n|-ability|p2a: Kathleen|Stamina|boost\n|-boost|p2a: Kathleen|def|1\n|move|p2a: Kathleen|Flash Cannon|p1a: Sinistcha\n|-damage|p1a: Sinistcha|44/100\n|move|p2b: Gengar|Shadow Ball|p1a: Sinistcha\n|-supereffective|p1a: Sinistcha|1\n|-damage|p1a: Sinistcha|0 fnt\n|faint|p1a: Sinistcha\n|\n|-weather|RainDance|[upkeep]\n|-damage|p2a: Kathleen|74/100 brn|[from] brn\n|upkeep\n|\n|t:|1776344464\n|switch|p1a: Golurk|Golurk-Mega, L50|100/100\n|turn|6\n|\n|t:|1776344490\n|switch|p2b: Ian|Incineroar, L50, M|100/100\n|-ability|p2b: Ian|Intimidate|boost\n|-unboost|p1a: Golurk|atk|1\n|-unboost|p1b: Incineroar|atk|1\n|move|p1a: Golurk|Close Combat|p2a: Kathleen\n|-supereffective|p2a: Kathleen|1\n|-enditem|p2a: Kathleen|Chople Berry|[eat]\n|-enditem|p2a: Kathleen|Chople Berry|[weaken]\n|-damage|p2a: Kathleen|60/100 brn\n|-unboost|p1a: Golurk|def|1\n|-unboost|p1a: Golurk|spd|1\n|-ability|p2a: Kathleen|Stamina|boost\n|-boost|p2a: Kathleen|def|1\n|move|p1b: Incineroar|Darkest Lariat|p2b: Ian\n|-resisted|p2b: Ian|1\n|-damage|p2b: Ian|91/100\n|move|p2a: Kathleen|Electro Shot||[still]\n|-prepare|p2a: Kathleen|Electro Shot\n|-boost|p2a: Kathleen|spa|1\n|-anim|p2a: Kathleen|Electro Shot|p1b: Incineroar\n|-damage|p1b: Incineroar|13/100\n|\n|-weather|RainDance|[upkeep]\n|-damage|p2a: Kathleen|55/100 brn|[from] brn\n|upkeep\n|turn|7\n|inactive|testy accounty 2 has 30 seconds left.\n|\n|t:|1776344520\n|move|p2b: Ian|Fake Out|p1b: Incineroar\n|-damage|p1b: Incineroar|4/100\n|move|p1a: Golurk|Close Combat|p2b: Ian\n|-supereffective|p2b: Ian|1\n|-damage|p2b: Ian|30/100\n|-unboost|p1a: Golurk|def|1\n|-unboost|p1a: Golurk|spd|1\n|-enditem|p2b: Ian|Sitrus Berry|[eat]\n|-heal|p2b: Ian|54/100|[from] item: Sitrus Berry\n|cant|p1b: Incineroar|flinch\n|move|p2a: Kathleen|Electro Shot||[still]\n|-prepare|p2a: Kathleen|Electro Shot\n|-boost|p2a: Kathleen|spa|1\n|-anim|p2a: Kathleen|Electro Shot|p1b: Incineroar\n|-damage|p1b: Incineroar|0 fnt\n|faint|p1b: Incineroar\n|\n|-weather|none\n|-damage|p2a: Kathleen|49/100 brn|[from] brn\n|-fieldend|move: Trick Room\n|upkeep\n|turn|8\n|-message|nuklad forfeited.\n|\n|win|testy accounty 2\n|raw|nuklad's rating: 1265 &rarr; <strong>1247</strong><br />(-18 for losing)\n|raw|testy accounty 2's rating: 1363 &rarr; <strong>1378</strong><br />(+15 for winning)\n|l|\u2606nuklad\n|player|p1|\n",
  "uploadtime": 1776344543,
  "views": 34,
  "formatid": "gen9championsvgc2026regma",
  "rating": 1247,
  "private": 0,
  "password": null
}