{
  "id": "gen9championsvgc2026regma-2585348504",
  "format": "[Gen 9 Champions] VGC 2026 Reg M-A",
  "players": [
    "tukitiko",
    "soolerwtf"
  ],
  "log": "|j|\u2606tukitiko\n|j|\u2606soolerwtf\n|t:|1776340169\n|gametype|doubles\n|player|p1|tukitiko|aquasuit|1386\n|player|p2|soolerwtf|101|1467\n|gen|9\n|tier|[Gen 9 Champions] VGC 2026 Reg M-A\n|rated|\n|rule|Species Clause: Limit one of each Pok\u00e9mon\n|rule|Item Clause: Limit 1 of each item\n|clearpoke\n|poke|p1|Kingambit, L50, M|\n|poke|p1|Crabominable, L50, M|\n|poke|p1|Slowking-Galar, L50, M|\n|poke|p1|Primarina, L50, M|\n|poke|p1|Sinistcha-Masterpiece, L50|\n|poke|p1|Incineroar, L50, M|\n|poke|p2|Orthworm, L50, M|\n|poke|p2|Gliscor, L50, F|\n|poke|p2|Kangaskhan, L50, F|\n|poke|p2|Tauros-Paldea-Aqua, L50, M|\n|poke|p2|Ceruledge, L50, M|\n|poke|p2|Kommo-o, L50, M|\n|teampreview|4\n|\n|t:|1776340197\n|teamsize|p1|4\n|teamsize|p2|4\n|start\n|switch|p1a: Bucket|Slowking-Galar, L50, M|100/100\n|switch|p1b: Poppy|Primarina, L50, M|100/100\n|switch|p2a: Kangaskhan|Kangaskhan, L50, F|100/100\n|switch|p2b: Orthworm|Orthworm, L50, M|100/100\n|turn|1\n|\n|t:|1776340211\n|detailschange|p2a: Kangaskhan|Kangaskhan-Mega, L50, F\n|-mega|p2a: Kangaskhan|Kangaskhan|Kangaskhanite\n|move|p2b: Orthworm|Helping Hand|p2a: Kangaskhan\n|-singleturn|p2a: Kangaskhan|Helping Hand|[of] p2b: Orthworm\n|move|p2a: Kangaskhan|Double-Edge|p1a: Bucket\n|-damage|p1a: Bucket|22/100\n|-damage|p1a: Bucket|2/100\n|-hitcount|p1a: Bucket|2\n|-damage|p2a: Kangaskhan|68/100|[from] Recoil\n|move|p1b: Poppy|Calm Mind|p1b: Poppy\n|-boost|p1b: Poppy|spa|1\n|-boost|p1b: Poppy|spd|1\n|move|p1a: Bucket|Trick Room|p1a: Bucket\n|-fieldstart|move: Trick Room|[of] p1a: Bucket\n|\n|upkeep\n|turn|2\n|\n|t:|1776340227\n|-prepare|p1a: Bucket|Chilly Reception|[premajor]\n|move|p1a: Bucket|Chilly Reception|p1a: Bucket\n|-weather|Snowscape\n|\n|t:|1776340230\n|switch|p1a: Crabbo|Crabominable, L50, M|100/100|[from] Chilly Reception\n|move|p1b: Poppy|Hyper Voice|p2a: Kangaskhan|[spread] p2a,p2b\n|-damage|p2a: Kangaskhan|19/100\n|-damage|p2b: Orthworm|39/100\n|move|p2b: Orthworm|Heavy Slam|p1b: Poppy\n|-damage|p1b: Poppy|63/100\n|move|p2a: Kangaskhan|Double-Edge|p1b: Poppy\n|-damage|p1b: Poppy|0 fnt\n|faint|p1b: Poppy\n|-hitcount|p1: Poppy|1\n|-damage|p2a: Kangaskhan|1/100|[from] Recoil\n|\n|-weather|Snowscape|[upkeep]\n|-heal|p2b: Orthworm|46/100|[from] item: Leftovers\n|upkeep\n|\n|t:|1776340240\n|switch|p1b: Bucket|Slowking-Galar, L50, M|36/100\n|turn|3\n|\n|t:|1776340260\n|switch|p1b: Jhon VGC|Incineroar, L50, M|100/100\n|-ability|p1b: Jhon VGC|Intimidate|boost\n|-unboost|p2a: Kangaskhan|atk|1\n|-unboost|p2b: Orthworm|atk|1\n|switch|p2b: Tauros|Tauros-Paldea-Aqua, L50, M|100/100\n|-ability|p2b: Tauros|Intimidate|boost\n|-fail|p1a: Crabbo|unboost|Attack|[from] ability: Hyper Cutter|[of] p1a: Crabbo\n|-unboost|p1b: Jhon VGC|atk|1\n|switch|p2a: Ceruledge|Ceruledge, L50, M|100/100\n|detailschange|p1a: Crabbo|Crabominable-Mega, L50, M\n|-mega|p1a: Crabbo|Crabominable|Crabominite\n|move|p1a: Crabbo|Drain Punch|p2a: Ceruledge\n|-immune|p2a: Ceruledge\n|\n|-weather|Snowscape|[upkeep]\n|upkeep\n|turn|4\n|\n|t:|1776340284\n|switch|p2a: Orthworm|Orthworm, L50, M|46/100\n|switch|p2b: Kangaskhan|Kangaskhan-Mega, L50, F|1/100\n|move|p1a: Crabbo|Ice Hammer|p2a: Orthworm|[miss]\n|-miss|p1a: Crabbo|p2a: Orthworm\n|move|p1b: Jhon VGC|Throat Chop|p2a: Orthworm\n|-damage|p2a: Orthworm|30/100\n|-start|p2a: Orthworm|Throat Chop|[silent]\n|\n|-weather|Snowscape|[upkeep]\n|-heal|p2a: Orthworm|37/100|[from] item: Leftovers\n|upkeep\n|turn|5\n|\n|t:|1776340309\n|switch|p2a: Tauros|Tauros-Paldea-Aqua, L50, M|100/100\n|-ability|p2a: Tauros|Intimidate|boost\n|-unboost|p1a: Crabbo|atk|1\n|-unboost|p1b: Jhon VGC|atk|1\n|move|p2b: Kangaskhan|Fake Out|p1a: Crabbo\n|-damage|p1a: Crabbo|89/100\n|-damage|p1a: Crabbo|87/100\n|-hitcount|p1a: Crabbo|2\n|cant|p1a: Crabbo|flinch\n|move|p1b: Jhon VGC|Parting Shot|p2a: Tauros\n|-unboost|p2a: Tauros|atk|1\n|-unboost|p2a: Tauros|spa|1\n|\n|t:|1776340313\n|switch|p1b: Bucket|Slowking-Galar, L50, M|69/100|[from] Parting Shot\n|\n|-weather|Snowscape|[upkeep]\n|-fieldend|move: Trick Room\n|upkeep\n|turn|6\n|\n|t:|1776340328\n|move|p1a: Crabbo|Mach Punch|p2b: Kangaskhan\n|-supereffective|p2b: Kangaskhan|1\n|-damage|p2b: Kangaskhan|0 fnt\n|faint|p2b: Kangaskhan\n|move|p2a: Tauros|Wave Crash|p1b: Bucket\n|-damage|p1b: Bucket|32/100\n|-damage|p2a: Tauros|84/100|[from] Recoil\n|move|p1b: Bucket|Trick Room|p1b: Bucket\n|-fieldstart|move: Trick Room|[of] p1b: Bucket\n|\n|-weather|none\n|upkeep\n|\n|t:|1776340334\n|switch|p2b: Ceruledge|Ceruledge, L50, M|100/100\n|turn|7\n|\n|t:|1776340340\n|switch|p1a: Jhon VGC|Incineroar, L50, M|100/100\n|-ability|p1a: Jhon VGC|Intimidate|boost\n|-unboost|p2a: Tauros|atk|1\n|-unboost|p2b: Ceruledge|atk|1\n|-enditem|p2b: Ceruledge|White Herb\n|-clearnegativeboost|p2b: Ceruledge|[silent]\n|move|p1b: Bucket|Psychic Noise|p2a: Tauros\n|-supereffective|p2a: Tauros|1\n|-damage|p2a: Tauros|0 fnt\n|faint|p2a: Tauros\n|move|p2b: Ceruledge|Bitter Blade|p1a: Jhon VGC\n|-resisted|p1a: Jhon VGC|1\n|-damage|p1a: Jhon VGC|78/100\n|\n|upkeep\n|\n|t:|1776340349\n|switch|p2a: Orthworm|Orthworm, L50, M|37/100\n|turn|8\n|\n|t:|1776340358\n|move|p2a: Orthworm|Helping Hand|p2b: Ceruledge\n|-singleturn|p2b: Ceruledge|Helping Hand|[of] p2a: Orthworm\n|-prepare|p1b: Bucket|Chilly Reception|[premajor]\n|move|p1b: Bucket|Chilly Reception|p1b: Bucket\n|-weather|Snowscape\n|\n|t:|1776340360\n|switch|p1b: Crabbo|Crabominable-Mega, L50, M|87/100|[from] Chilly Reception\n|move|p1a: Jhon VGC|Throat Chop|p2b: Ceruledge\n|-supereffective|p2b: Ceruledge|1\n|-damage|p2b: Ceruledge|24/100\n|-start|p2b: Ceruledge|Throat Chop|[silent]\n|move|p2b: Ceruledge|Close Combat|p1a: Jhon VGC\n|-supereffective|p1a: Jhon VGC|1\n|-damage|p1a: Jhon VGC|0 fnt\n|-unboost|p2b: Ceruledge|def|1\n|-unboost|p2b: Ceruledge|spd|1\n|faint|p1a: Jhon VGC\n|\n|-weather|Snowscape|[upkeep]\n|-heal|p2a: Orthworm|43/100|[from] item: Leftovers\n|upkeep\n|\n|t:|1776340362\n|switch|p1a: Bucket|Slowking-Galar, L50, M|65/100\n|turn|9\n|\n|t:|1776340378\n|move|p1a: Bucket|Psychic Noise|p2b: Ceruledge\n|-damage|p2b: Ceruledge|0 fnt\n|faint|p2b: Ceruledge\n|move|p1b: Crabbo|Drain Punch|p2a: Orthworm\n|-supereffective|p2a: Orthworm|1\n|-damage|p2a: Orthworm|0 fnt\n|-heal|p1b: Crabbo|100/100|[from] drain|[of] p2a: Orthworm\n|faint|p2a: Orthworm\n|\n|win|tukitiko\n|raw|tukitiko's rating: 1386 &rarr; <strong>1411</strong><br />(+25 for winning)\n|raw|soolerwtf's rating: 1467 &rarr; <strong>1442</strong><br />(-25 for losing)\n",
  "uploadtime": 1776340381,
  "views": 51,
  "formatid": "gen9championsvgc2026regma",
  "rating": 1411,
  "private": 0,
  "password": null
}