{
  "id": "gen9championsvgc2026regma-2581965819",
  "format": "[Gen 9 Champions] VGC 2026 Reg M-A",
  "players": [
    "johnkharkiv",
    "Lexy/Alexio"
  ],
  "log": "|j|\u2606johnkharkiv\n|j|\u2606Lexy/Alexio\n|t:|1776043945\n|gametype|doubles\n|player|p1|johnkharkiv|swimmerf-gen4dp|1107\n|player|p2|Lexy/Alexio|170|1116\n|gen|9\n|tier|[Gen 9 Champions] VGC 2026 Reg M-A\n|rated|\n|rule|Species Clause: Limit one of each Pok\u00e9mon\n|rule|Item Clause: Limit 1 of each item\n|clearpoke\n|poke|p1|Politoed, L50, M|\n|poke|p1|Chesnaught, L50, F|\n|poke|p1|Sinistcha-Masterpiece, L50|\n|poke|p1|Slowbro, L50, M|\n|poke|p1|Incineroar, L50, M|\n|poke|p1|Kleavor, L50, M|\n|poke|p2|Starmie, L50|\n|poke|p2|Garchomp, L50, M|\n|poke|p2|Aegislash, L50, F|\n|poke|p2|Tyranitar, L50, F|\n|poke|p2|Aerodactyl, L50, F|\n|poke|p2|Rotom-Heat, L50|\n|teampreview|4\n|\n|t:|1776043968\n|teamsize|p1|4\n|teamsize|p2|4\n|start\n|switch|p1a: Kleavor|Kleavor, L50, M|100/100\n|switch|p1b: Tea Girl|Sinistcha-Masterpiece, L50|100/100\n|switch|p2a: Starmie|Starmie, L50|100/100\n|switch|p2b: Tyranitar|Tyranitar, L50, F|100/100\n|-weather|Sandstorm|[from] ability: Sand Stream|[of] p2b: Tyranitar\n|turn|1\n|inactive|Battle timer is ON: inactive players will automatically lose when time's up. (requested by johnkharkiv)\n|\n|t:|1776043999\n|move|p2a: Starmie|Protect|p2a: Starmie\n|-singleturn|p2a: Starmie|Protect\n|move|p2b: Tyranitar|Rock Slide|p1b: Tea Girl|[spread] p1a,p1b\n|-supereffective|p1a: Kleavor|1\n|-damage|p1a: Kleavor|30/100\n|-damage|p1b: Tea Girl|75/100\n|move|p1a: Kleavor|Stone Axe|p2a: Starmie\n|-activate|p2a: Starmie|move: Protect\n|move|p1b: Tea Girl|Trick Room|p1b: Tea Girl\n|-fieldstart|move: Trick Room|[of] p1b: Tea Girl\n|\n|-weather|Sandstorm|[upkeep]\n|-damage|p1b: Tea Girl|70/100|[from] Sandstorm\n|-damage|p2a: Starmie|94/100|[from] Sandstorm\n|upkeep\n|turn|2\n|\n|t:|1776044022\n|switch|p1a: Chesnutty|Chesnaught, L50, F|100/100\n|switch|p2a: Garchomp|Garchomp, L50, M|100/100\n|move|p1b: Tea Girl|Matcha Gotcha|p2a: Garchomp|[spread] p2b\n|-miss|p1b: Tea Girl|p2a: Garchomp\n|-supereffective|p2b: Tyranitar|1\n|-damage|p2b: Tyranitar|66/100\n|-heal|p1b: Tea Girl|87/100|[from] drain|[of] p2b: Tyranitar\n|-status|p2b: Tyranitar|brn\n|move|p2b: Tyranitar|Rock Slide|p1a: Chesnutty|[spread] p1a,p1b\n|-resisted|p1a: Chesnutty|1\n|-damage|p1a: Chesnutty|94/100\n|-damage|p1b: Tea Girl|74/100\n|\n|-weather|Sandstorm|[upkeep]\n|-damage|p1a: Chesnutty|88/100|[from] Sandstorm\n|-damage|p1b: Tea Girl|68/100|[from] Sandstorm\n|-damage|p2b: Tyranitar|60/100 brn|[from] brn\n|upkeep\n|turn|3\n|inactive|Lexy/Alexio has 30 seconds left.\n|\n|t:|1776044047\n|switch|p2b: Aerodactyl|Aerodactyl, L50, F|100/100\n|detailschange|p1a: Chesnutty|Chesnaught-Mega, L50, F\n|-mega|p1a: Chesnutty|Chesnaught|Chesnaughtite\n|move|p2a: Garchomp|Protect|p2a: Garchomp\n|-singleturn|p2a: Garchomp|Protect\n|move|p1a: Chesnutty|Belly Drum|p1a: Chesnutty\n|-damage|p1a: Chesnutty|39/100\n|-setboost|p1a: Chesnutty|atk|6|[from] move: Belly Drum\n|move|p1b: Tea Girl|Matcha Gotcha|p2b: Aerodactyl|[spread] p2b\n|-activate|p2a: Garchomp|move: Protect\n|-damage|p2b: Aerodactyl|81/100\n|-heal|p1b: Tea Girl|78/100|[from] drain|[of] p2b: Aerodactyl\n|\n|-weather|Sandstorm|[upkeep]\n|-damage|p1a: Chesnutty|33/100|[from] Sandstorm\n|-damage|p1b: Tea Girl|72/100|[from] Sandstorm\n|upkeep\n|turn|4\n|\n|t:|1776044070\n|move|p2b: Aerodactyl|Protect|p2b: Aerodactyl\n|-singleturn|p2b: Aerodactyl|Protect\n|move|p1a: Chesnutty|Drain Punch|p2b: Aerodactyl\n|-activate|p2b: Aerodactyl|move: Protect\n|move|p1b: Tea Girl|Life Dew|p1b: Tea Girl|[spread] p1a,p1b\n|-heal|p1a: Chesnutty|57/100\n|-heal|p1b: Tea Girl|97/100\n|move|p2a: Garchomp|Dragon Claw|p1a: Chesnutty\n|-damage|p1a: Chesnutty|32/100\n|\n|-weather|Sandstorm|[upkeep]\n|-damage|p1a: Chesnutty|26/100|[from] Sandstorm\n|-damage|p1b: Tea Girl|91/100|[from] Sandstorm\n|upkeep\n|turn|5\n|inactive|Lexy/Alexio has 30 seconds left.\n|\n|t:|1776044096\n|move|p1a: Chesnutty|Drain Punch|p2b: Aerodactyl\n|-damage|p2b: Aerodactyl|0 fnt\n|-heal|p1a: Chesnutty|67/100|[from] drain|[of] p2b: Aerodactyl\n|faint|p2b: Aerodactyl\n|move|p1b: Tea Girl|Grassy Terrain|p1b: Tea Girl\n|-fieldstart|move: Grassy Terrain\n|move|p2a: Garchomp|Dragon Claw|p1b: Tea Girl\n|-damage|p1b: Tea Girl|56/100\n|\n|-weather|none\n|-heal|p1a: Chesnutty|73/100|[from] Grassy Terrain\n|-heal|p1b: Tea Girl|62/100|[from] Grassy Terrain\n|-fieldend|move: Trick Room\n|upkeep\n|\n|t:|1776044104\n|switch|p2b: Starmie|Starmie, L50|94/100\n|turn|6\n|\n|t:|1776044118\n|detailschange|p2b: Starmie|Starmie-Mega, L50\n|-mega|p2b: Starmie|Starmie|Starminite\n|move|p1a: Chesnutty|Grassy Glide|p2b: Starmie\n|-supereffective|p2b: Starmie|1\n|-damage|p2b: Starmie|0 fnt\n|faint|p2b: Starmie\n|move|p2a: Garchomp|Dragon Claw|p1b: Tea Girl\n|-damage|p1b: Tea Girl|24/100\n|-enditem|p1b: Tea Girl|Sitrus Berry|[eat]\n|-heal|p1b: Tea Girl|49/100|[from] item: Sitrus Berry\n|move|p1b: Tea Girl|Trick Room|p1b: Tea Girl\n|-fieldstart|move: Trick Room|[of] p1b: Tea Girl\n|\n|-heal|p1a: Chesnutty|79/100|[from] Grassy Terrain\n|-heal|p1b: Tea Girl|55/100|[from] Grassy Terrain\n|upkeep\n|\n|t:|1776044126\n|switch|p2b: Tyranitar|Tyranitar, L50, F|60/100 brn\n|-weather|Sandstorm|[from] ability: Sand Stream|[of] p2b: Tyranitar\n|turn|7\n|-message|Lexy/Alexio forfeited.\n|\n|win|johnkharkiv\n|raw|johnkharkiv's rating: 1107 &rarr; <strong>1133</strong><br />(+26 for winning)\n|raw|Lexy&#x2f;Alexio's rating: 1116 &rarr; <strong>1090</strong><br />(-26 for losing)\n|l|\u2606Lexy/Alexio\n|player|p2|\n|l|\u2606johnkharkiv\n|player|p1|\n|j|\u2606johnkharkiv\n|player|p1|johnkharkiv|swimmerf-gen4dp|\n",
  "uploadtime": 1776044301,
  "views": 11,
  "formatid": "gen9championsvgc2026regma",
  "rating": 1090,
  "private": 0,
  "password": null
}