{
  "id": "gen9championsvgc2026regma-2586504546",
  "format": "[Gen 9 Champions] VGC 2026 Reg M-A",
  "players": [
    "TheBallistic1",
    "AthenaStrive9"
  ],
  "log": "|j|\u2606TheBallistic1\n|j|\u2606AthenaStrive9\n|t:|1776439239\n|gametype|doubles\n|player|p1|TheBallistic1|colress|\n|player|p2|AthenaStrive9|nancy|\n|gen|9\n|tier|[Gen 9 Champions] VGC 2026 Reg M-A\n|rated|Tournament battle\n|rule|Species Clause: Limit one of each Pok\u00e9mon\n|rule|Item Clause: Limit 1 of each item\n|clearpoke\n|poke|p1|Tyranitar, L50, F|\n|poke|p1|Excadrill, L50, M|\n|poke|p1|Starmie, L50|\n|poke|p1|Garchomp, L50, M|\n|poke|p1|Rotom-Wash, L50|\n|poke|p1|Orthworm, L50, M|\n|poke|p2|Floette-Eternal, L50, F|\n|poke|p2|Sneasler, L50, M|\n|poke|p2|Corviknight, L50, F|\n|poke|p2|Sinistcha-Masterpiece, L50|\n|poke|p2|Kommo-o, L50, F|\n|poke|p2|Incineroar, L50, M|\n|teampreview|4\n|c|\u2606AthenaStrive9|hf :3\nAthenaStrive9 has agreed to open team sheets.\nTheBallistic1 has agreed to open team sheets.\n|showteam|p1|Tyranitar||ChoiceScarf|SandStream|RockSlide,KnockOff,Earthquake,Crunch|||F|||50|]Excadrill||FocusSash|SandRush|IronHead,SwordsDance,HighHorsepower,Protect|||M|||50|]Starmie||Starminite|Analytic|SkillSwap,Protect,Liquidation,ZenHeadbutt||||||50|]Garchomp||Garchompite|SandVeil|IronHead,Earthquake,DragonClaw,Protect|||M|||50|]Rotom-Wash||Leftovers|Levitate|Thunderbolt,HydroPump,Protect,NastyPlot||||||50|]Orthworm||SitrusBerry|EarthEater|BodyPress,IronHead,ShedTail,Protect|||M|||50|\n|showteam|p2|Floette-Eternal||Floettite|FlowerVeil|Protect,Moonblast,DazzlingGleam,CalmMind|||F|||50|]Sneasler||FocusSash|Unburden|DireClaw,CloseCombat,FakeOut,Coaching|||M|||50|]Corviknight||Leftovers|MirrorArmor|Roost,IronHead,BodyPress,BulkUp|||F|||50|]Sinistcha-Masterpiece||SitrusBerry|Hospitality|RagePowder,MatchaGotcha,LifeDew,TrickRoom||||||50|]Kommo-o||CobaBerry|Overcoat|Protect,ClangingScales,AuraSphere,ClangorousSoul|||F|||50|]Incineroar||LumBerry|Intimidate|ThroatChop,FlareBlitz,FakeOut,PartingShot|||M|||50|\n|j| cald3\n|\n|t:|1776439284\n|teamsize|p1|4\n|teamsize|p2|4\n|start\n|switch|p1a: Rotom|Rotom-Wash, L50|100/100\n|switch|p1b: Orthworm|Orthworm, L50, M|100/100\n|switch|p2a: Kommo-o|Kommo-o, L50, F|100/100\n|switch|p2b: Sneasler|Sneasler, L50, M|100/100\n|turn|1\n|\n|t:|1776439304\n|switch|p1b: Tyranitar|Tyranitar, L50, F|100/100\n|-weather|Sandstorm|[from] ability: Sand Stream|[of] p1b: Tyranitar\n|move|p2b: Sneasler|Fake Out|p1b: Tyranitar\n|-resisted|p1b: Tyranitar|1\n|-damage|p1b: Tyranitar|94/100\n|move|p1a: Rotom|Nasty Plot|p1a: Rotom\n|-boost|p1a: Rotom|spa|2\n|move|p2a: Kommo-o|Clangorous Soul|p2a: Kommo-o\n|-boost|p2a: Kommo-o|atk|1\n|-boost|p2a: Kommo-o|def|1\n|-boost|p2a: Kommo-o|spa|1\n|-boost|p2a: Kommo-o|spd|1\n|-boost|p2a: Kommo-o|spe|1\n|-damage|p2a: Kommo-o|68/100\n|\n|-weather|Sandstorm|[upkeep]\n|-damage|p2b: Sneasler|95/100|[from] Sandstorm\n|-damage|p1a: Rotom|95/100|[from] Sandstorm\n|-heal|p1a: Rotom|100/100|[from] item: Leftovers\n|upkeep\n|turn|2\n|\n|t:|1776439341\n|move|p2b: Sneasler|Coaching|p2a: Kommo-o\n|-boost|p2a: Kommo-o|atk|1\n|-boost|p2a: Kommo-o|def|1\n|move|p1b: Tyranitar|Earthquake|p2b: Sneasler|[spread] p2a,p2b\n|-immune|p1a: Rotom|[from] ability: Levitate\n|-supereffective|p2b: Sneasler|1\n|-damage|p2a: Kommo-o|57/100\n|-damage|p2b: Sneasler|2/100\n|move|p2a: Kommo-o|Aura Sphere|p1b: Tyranitar\n|-supereffective|p1b: Tyranitar|2\n|-damage|p1b: Tyranitar|0 fnt\n|faint|p1b: Tyranitar\n|move|p1a: Rotom|Thunderbolt|p2b: Sneasler\n|-damage|p2b: Sneasler|0 fnt\n|faint|p2b: Sneasler\n|\n|-weather|Sandstorm|[upkeep]\n|-damage|p1a: Rotom|95/100|[from] Sandstorm\n|-heal|p1a: Rotom|100/100|[from] item: Leftovers\n|upkeep\n|j| ido1234567890\n|\n|t:|1776439358\n|switch|p2b: Sinistcha|Sinistcha-Masterpiece, L50, shiny|100/100\n|switch|p1b: Excadrill|Excadrill, L50, M|100/100\n|-heal|p2a: Kommo-o|81/100|[from] ability: Hospitality|[of] p2b: Sinistcha\n|turn|3\n|\n|t:|1776439376\n|move|p1b: Excadrill|High Horsepower|p2a: Kommo-o\n|-damage|p2a: Kommo-o|60/100\n|move|p2a: Kommo-o|Aura Sphere|p1b: Excadrill\n|-supereffective|p1b: Excadrill|1\n|-enditem|p1b: Excadrill|Focus Sash\n|-damage|p1b: Excadrill|1/100\n|move|p1a: Rotom|Hydro Pump|p2a: Kommo-o\n|-resisted|p2a: Kommo-o|1\n|-damage|p2a: Kommo-o|31/100\n|move|p2b: Sinistcha|Matcha Gotcha|p1a: Rotom|[spread] p1a,p1b\n|-supereffective|p1a: Rotom|1\n|-damage|p1a: Rotom|30/100\n|-damage|p1b: Excadrill|0 fnt\n|faint|p1b: Excadrill\n|\n|-weather|Sandstorm|[upkeep]\n|-damage|p1a: Rotom|24/100|[from] Sandstorm\n|-damage|p2b: Sinistcha|94/100|[from] Sandstorm\n|-heal|p1a: Rotom|30/100|[from] item: Leftovers\n|upkeep\n|\n|t:|1776439385\n|switch|p1b: Orthworm|Orthworm, L50, M|100/100\n|turn|4\n|\n|t:|1776439403\n|move|p2a: Kommo-o|Aura Sphere|p1a: Rotom\n|-damage|p1a: Rotom|0 fnt\n|faint|p1a: Rotom\n|move|p2b: Sinistcha|Life Dew|p2b: Sinistcha|[spread] p2a,p2b\n|-heal|p2a: Kommo-o|57/100\n|-heal|p2b: Sinistcha|100/100\n|move|p1b: Orthworm|Body Press|p2a: Kommo-o\n|-damage|p2a: Kommo-o|43/100\n|\n|-weather|Sandstorm|[upkeep]\n|-damage|p2b: Sinistcha|94/100|[from] Sandstorm\n|upkeep\n|turn|5\n|\n|t:|1776439418\n|move|p2a: Kommo-o|Aura Sphere|p1b: Orthworm\n|-supereffective|p1b: Orthworm|1\n|-damage|p1b: Orthworm|0 fnt\n|faint|p1b: Orthworm\n|\n|win|AthenaStrive9\n|n|\u2606TheBallistic1|theballistic1\n|n|\u2606AthenaStrive9|athenastrive9\n|n| cald3|cald3\n|n| ido1234567890|ido1234567890\n",
  "uploadtime": 1776439423,
  "views": 24,
  "formatid": "gen9championsvgc2026regma",
  "rating": null,
  "private": 0,
  "password": null
}