{
  "id": "gen9championsvgc2026regma-2585482957",
  "format": "[Gen 9 Champions] VGC 2026 Reg M-A",
  "players": [
    "smp on whimsicott",
    "LovelyLizardLad"
  ],
  "log": "|j|\u2606smp on whimsicott\n|j|\u203dLovelyLizardLad\n|t:|1776350522\n|gametype|doubles\n|player|p1|smp on whimsicott|artist-gen4|1400\n|player|p2|LovelyLizardLad|red|1416\n|gen|9\n|tier|[Gen 9 Champions] VGC 2026 Reg M-A\n|rated|\n|rule|Species Clause: Limit one of each Pok\u00e9mon\n|rule|Item Clause: Limit 1 of each item\n|clearpoke\n|poke|p1|Aerodactyl, L50, F|\n|poke|p1|Garchomp, L50, M|\n|poke|p1|Milotic, L50, F|\n|poke|p1|Hydreigon, L50, M|\n|poke|p1|Mimikyu, L50, M|\n|poke|p1|Scizor, L50, F|\n|poke|p2|Noivern, L50, F|\n|poke|p2|Glimmora, L50, F|\n|poke|p2|Kingambit, L50, F|\n|poke|p2|Garchomp, L50, F|\n|poke|p2|Basculegion, L50, M|\n|poke|p2|Gardevoir, L50, M|\n|teampreview|4\n|\n|t:|1776350579\n|teamsize|p1|4\n|teamsize|p2|4\n|start\n|switch|p1a: Aerodactyl|Aerodactyl, L50, F|100/100\n|switch|p1b: Garchomp|Garchomp, L50, M|100/100\n|switch|p2a: Gardevoir|Gardevoir, L50, M|100/100\n|switch|p2b: Glimmora|Glimmora, L50, F|100/100\n|-ability|p1a: Aerodactyl|Unnerve\n|turn|1\n|\n|t:|1776350600\n|detailschange|p2b: Glimmora|Glimmora-Mega, L50, F\n|-mega|p2b: Glimmora|Glimmora|Glimmoranite\n|move|p1b: Garchomp|Protect|p1b: Garchomp\n|-singleturn|p1b: Garchomp|Protect\n|move|p2a: Gardevoir|Icy Wind|p1b: Garchomp|[spread] p1a\n|-activate|p1b: Garchomp|move: Protect\n|-supereffective|p1a: Aerodactyl|1\n|-damage|p1a: Aerodactyl|62/100\n|-unboost|p1a: Aerodactyl|spe|1\n|move|p2b: Glimmora|Sludge Wave|p1b: Garchomp|[spread] p1a\n|-activate|p1b: Garchomp|move: Protect\n|-activate|p2a: Gardevoir|ability: Telepathy\n|-resisted|p1a: Aerodactyl|1\n|-damage|p1a: Aerodactyl|22/100\n|move|p1a: Aerodactyl|Rock Slide|p2a: Gardevoir|[spread] p2a,p2b\n|-damage|p2a: Gardevoir|60/100\n|-damage|p2b: Glimmora|77/100\n|\n|upkeep\n|turn|2\n|\n|t:|1776350633\n|switch|p1b: Scizor|Scizor, L50, F|100/100\n|move|p2b: Glimmora|Spiky Shield|p2b: Glimmora\n|-singleturn|p2b: Glimmora|move: Protect\n|move|p1a: Aerodactyl|Protect|p1a: Aerodactyl\n|-singleturn|p1a: Aerodactyl|Protect\n|move|p2a: Gardevoir|Icy Wind|p1b: Scizor|[spread] \n|-activate|p1a: Aerodactyl|move: Protect\n|-miss|p2a: Gardevoir|p1b: Scizor\n|\n|upkeep\n|turn|3\n|\n|t:|1776350651\n|detailschange|p1b: Scizor|Scizor-Mega, L50, F\n|-mega|p1b: Scizor|Scizor|Scizorite\n|move|p1b: Scizor|Bullet Punch|p2a: Gardevoir\n|-supereffective|p2a: Gardevoir|1\n|-damage|p2a: Gardevoir|0 fnt\n|faint|p2a: Gardevoir\n|move|p2b: Glimmora|Power Gem|p1b: Scizor\n|-damage|p1b: Scizor|37/100\n|move|p1a: Aerodactyl|Tailwind|p1a: Aerodactyl\n|-sidestart|p1: smp on whimsicott|move: Tailwind\n|\n|upkeep\n|\n|t:|1776350658\n|switch|p2a: Basculegion|Basculegion, L50, M|100/100\n|turn|4\n|\n|t:|1776350682\n|move|p1b: Scizor|Protect|p1b: Scizor\n|-singleturn|p1b: Scizor|Protect\n|move|p2b: Glimmora|Spiky Shield|p2b: Glimmora\n|-singleturn|p2b: Glimmora|move: Protect\n|move|p2a: Basculegion|Protect|p2a: Basculegion\n|-singleturn|p2a: Basculegion|Protect\n|move|p1a: Aerodactyl|Rock Slide|p2b: Glimmora|[spread] \n|-activate|p2a: Basculegion|move: Protect\n|-activate|p2b: Glimmora|move: Protect\n|\n|upkeep\n|turn|5\n|\n|t:|1776350714\n|switch|p2b: Garchomp|Garchomp, L50, F|100/100\n|move|p1b: Scizor|Bullet Punch|p2b: Garchomp\n|-damage|p2b: Garchomp|68/100\n|-damage|p1b: Scizor|25/100|[from] ability: Rough Skin|[of] p2b: Garchomp\n|move|p2a: Basculegion|Aqua Jet|p1a: Aerodactyl\n|-supereffective|p1a: Aerodactyl|1\n|-damage|p1a: Aerodactyl|0 fnt\n|faint|p1a: Aerodactyl\n|\n|upkeep\n|\n|t:|1776350744\n|switch|p1a: Garchomp|Garchomp, L50, M|100/100\n|turn|6\n|\n|t:|1776350751\n|switch|p1b: Hydreigon|Hydreigon, L50, M|100/100\n|move|p2b: Garchomp|Protect|p2b: Garchomp\n|-singleturn|p2b: Garchomp|Protect\n|move|p2a: Basculegion|Protect|p2a: Basculegion\n|-singleturn|p2a: Basculegion|Protect\n|move|p1a: Garchomp|Dragon Claw|p2b: Garchomp\n|-activate|p2b: Garchomp|move: Protect\n|\n|-sideend|p1: smp on whimsicott|move: Tailwind\n|upkeep\n|turn|7\n|\n|t:|1776350779\n|move|p1b: Hydreigon|Snarl|p2b: Garchomp|[spread] p2b\n|-miss|p1b: Hydreigon|p2a: Basculegion\n|-damage|p2b: Garchomp|44/100\n|-unboost|p2b: Garchomp|spa|1\n|move|p2b: Garchomp|Dragon Claw|p1b: Hydreigon\n|-supereffective|p1b: Hydreigon|1\n|-damage|p1b: Hydreigon|0 fnt\n|faint|p1b: Hydreigon\n|move|p1a: Garchomp|Dragon Claw|p2b: Garchomp\n|-supereffective|p2b: Garchomp|1\n|-damage|p2b: Garchomp|0 fnt\n|-damage|p1a: Garchomp|88/100|[from] ability: Rough Skin|[of] p2b: Garchomp\n|faint|p2b: Garchomp\n|move|p2a: Basculegion|Last Respects|p1a: Garchomp\n|-damage|p1a: Garchomp|0 fnt\n|faint|p1a: Garchomp\n|\n|upkeep\n|-message|smp on whimsicott forfeited.\n|\n|win|LovelyLizardLad\n|raw|smp on whimsicott's rating: 1400 &rarr; <strong>1381</strong><br />(-19 for losing)\n|raw|LovelyLizardLad's rating: 1416 &rarr; <strong>1435</strong><br />(+19 for winning)\n",
  "uploadtime": 1776350787,
  "views": 32,
  "formatid": "gen9championsvgc2026regma",
  "rating": 1381,
  "private": 0,
  "password": null
}