{
  "id": "gen9championsvgc2026regma-2584409150",
  "format": "[Gen 9 Champions] VGC 2026 Reg M-A",
  "players": [
    "Yei_Lai",
    "JosoTruco"
  ],
  "log": "|j|\u2606Yei_Lai\n|j|\u2606JosoTruco\n|t:|1776258791\n|gametype|doubles\n|player|p1|Yei_Lai|dawn|1056\n|player|p2|JosoTruco|265|1083\n|gen|9\n|tier|[Gen 9 Champions] VGC 2026 Reg M-A\n|rated|\n|rule|Species Clause: Limit one of each Pok\u00e9mon\n|rule|Item Clause: Limit 1 of each item\n|clearpoke\n|poke|p1|Runerigus, L50, F|\n|poke|p1|Torkoal, L50, F|\n|poke|p1|Venusaur, L50, M|\n|poke|p1|Kingambit, L50, M|\n|poke|p1|Kleavor, L50, M|\n|poke|p1|Drampa, L50, M|\n|poke|p2|Beedrill, L50, F|\n|poke|p2|Raichu, L50, M|\n|poke|p2|Pelipper, L50, F|\n|poke|p2|Tinkaton, L50, F|\n|poke|p2|Starmie, L50|\n|poke|p2|Sinistcha, L50|\n|teampreview|4\n|inactive|Battle timer is ON: inactive players will automatically lose when time's up. (requested by JosoTruco)\n|inactive|JosoTruco has 60 seconds left.\n|\n|t:|1776258826\n|teamsize|p1|4\n|teamsize|p2|4\n|start\n|switch|p1a: Venusaur|Venusaur, L50, M|100/100\n|switch|p1b: Torkoal|Torkoal, L50, F|100/100\n|switch|p2a: Raichu|Raichu, L50, M|100/100\n|switch|p2b: Starmie|Starmie, L50|100/100\n|-weather|SunnyDay|[from] ability: Drought|[of] p1b: Torkoal\n|turn|1\n|\n|t:|1776258848\n|switch|p2b: Pelipper|Pelipper, L50, F|100/100\n|-weather|RainDance|[from] ability: Drizzle|[of] p2b: Pelipper\n|switch|p1b: Kingambit|Kingambit, L50, M|100/100\n|move|p2a: Raichu|Fake Out|p1a: Venusaur\n|-damage|p1a: Venusaur|91/100\n|cant|p1a: Venusaur|flinch\n|\n|-weather|RainDance|[upkeep]\n|upkeep\n|turn|2\n|\n|t:|1776258871\n|switch|p2b: Tinkaton|Tinkaton, L50, F|100/100\n|-ability|p2b: Tinkaton|Mold Breaker\n|switch|p1b: Torkoal|Torkoal, L50, F|100/100\n|-weather|SunnyDay|[from] ability: Drought|[of] p1b: Torkoal\n|move|p1a: Venusaur|Sleep Powder|p2b: Tinkaton|[miss]\n|-miss|p1a: Venusaur|p2b: Tinkaton\n|move|p2a: Raichu|Nuzzle|p1b: Torkoal\n|-damage|p1b: Torkoal|95/100\n|-status|p1b: Torkoal|par\n|\n|-weather|SunnyDay|[upkeep]\n|upkeep\n|turn|3\n|inactive|JosoTruco has 30 seconds left.\n|\n|t:|1776258896\n|switch|p2a: Pelipper|Pelipper, L50, F|100/100\n|-weather|RainDance|[from] ability: Drizzle|[of] p2a: Pelipper\n|move|p1b: Torkoal|Helping Hand|p1a: Venusaur\n|-singleturn|p1a: Venusaur|Helping Hand|[of] p1b: Torkoal\n|move|p2b: Tinkaton|Fake Out|p1a: Venusaur\n|-damage|p1a: Venusaur|83/100\n|cant|p1a: Venusaur|flinch\n|\n|-weather|RainDance|[upkeep]\n|upkeep\n|turn|4\n|\n|t:|1776258920\n|switch|p2b: Starmie|Starmie, L50|100/100\n|switch|p1a: Kingambit|Kingambit, L50, M|100/100\n|switch|p1b: Runerigus|Runerigus, L50, F|100/100\n|move|p2a: Pelipper|Hurricane|p1a: Kingambit\n|-resisted|p1a: Kingambit|1\n|-damage|p1a: Kingambit|82/100\n|\n|-weather|RainDance|[upkeep]\n|upkeep\n|turn|5\n|\n|t:|1776258940\n|switch|p2b: Tinkaton|Tinkaton, L50, F|100/100\n|-ability|p2b: Tinkaton|Mold Breaker\n|switch|p1a: Torkoal|Torkoal, L50, F|95/100 par\n|-weather|SunnyDay|[from] ability: Drought|[of] p1a: Torkoal\n|move|p2a: Pelipper|Hurricane|p1b: Runerigus\n|-damage|p1b: Runerigus|68/100\n|move|p1b: Runerigus|Trick Room|p1b: Runerigus\n|-fieldstart|move: Trick Room|[of] p1b: Runerigus\n|\n|-weather|SunnyDay|[upkeep]\n|-heal|p1b: Runerigus|74/100|[from] item: Leftovers\n|upkeep\n|turn|6\n|\n|t:|1776258961\n|switch|p2a: Starmie|Starmie, L50|100/100\n|move|p2b: Tinkaton|Fake Out|p1a: Torkoal\n|-damage|p1a: Torkoal|89/100 par\n|cant|p1a: Torkoal|flinch\n|move|p1b: Runerigus|Will-O-Wisp|p2b: Tinkaton\n|-status|p2b: Tinkaton|brn\n|\n|-weather|SunnyDay|[upkeep]\n|-heal|p1b: Runerigus|80/100|[from] item: Leftovers\n|-damage|p2b: Tinkaton|94/100 brn|[from] brn\n|upkeep\n|turn|7\n|\n|t:|1776258980\n|switch|p1a: Venusaur|Venusaur, L50, M|83/100\n|switch|p2b: Pelipper|Pelipper, L50, F|100/100\n|-weather|RainDance|[from] ability: Drizzle|[of] p2b: Pelipper\n|detailschange|p2a: Starmie|Starmie-Mega, L50\n|-mega|p2a: Starmie|Starmie|Starminite\n|move|p2a: Starmie|Aqua Jet|p1a: Venusaur\n|-resisted|p1a: Venusaur|1\n|-damage|p1a: Venusaur|52/100\n|move|p1b: Runerigus|Will-O-Wisp|p2a: Starmie|[miss]\n|-miss|p1b: Runerigus|p2a: Starmie\n|\n|-weather|RainDance|[upkeep]\n|-heal|p1b: Runerigus|86/100|[from] item: Leftovers\n|upkeep\n|turn|8\n|inactive|JosoTruco has 30 seconds left.\n|inactive|JosoTruco has 20 seconds left.\n|inactive|JosoTruco has 15 seconds left.\n|inactive|JosoTruco has 10 seconds left.\n|inactive|JosoTruco has 5 seconds left.\n|\n|t:|1776259031\n|switch|p1b: Torkoal|Torkoal, L50, F|89/100 par\n|-weather|SunnyDay|[from] ability: Drought|[of] p1b: Torkoal\n|switch|p2b: Raichu|Raichu, L50, M|100/100\n|switch|p2a: Tinkaton|Tinkaton, L50, F|94/100 brn\n|-ability|p2a: Tinkaton|Mold Breaker\n|detailschange|p1a: Venusaur|Venusaur-Mega, L50, M\n|-mega|p1a: Venusaur|Venusaur|Venusaurite\n|move|p1a: Venusaur|Giga Drain|p2a: Tinkaton\n|-resisted|p2a: Tinkaton|1\n|-damage|p2a: Tinkaton|77/100 brn\n|-heal|p1a: Venusaur|61/100|[from] drain|[of] p2a: Tinkaton\n|\n|-weather|SunnyDay|[upkeep]\n|-heal|p2a: Tinkaton|83/100 brn|[from] item: Leftovers\n|-damage|p2a: Tinkaton|77/100 brn|[from] brn\n|upkeep\n|turn|9\n|inactive|Yei_Lai has 30 seconds left.\n|inactive|JosoTruco has 30 seconds left.\n|\n|t:|1776259057\n|switch|p1b: Runerigus|Runerigus, L50, F|86/100\n|move|p2a: Tinkaton|Fake Out|p1b: Runerigus\n|-immune|p1b: Runerigus\n|move|p1a: Venusaur|Sleep Powder|p2b: Raichu\n|-status|p2b: Raichu|slp|[from] move: Sleep Powder\n|cant|p2b: Raichu|slp\n|\n|-weather|SunnyDay|[upkeep]\n|-heal|p1b: Runerigus|92/100|[from] item: Leftovers\n|-heal|p2a: Tinkaton|83/100 brn|[from] item: Leftovers\n|-damage|p2a: Tinkaton|77/100 brn|[from] brn\n|-fieldend|move: Trick Room\n|upkeep\n|turn|10\n|inactive|JosoTruco has 30 seconds left.\n|inactive|JosoTruco has 20 seconds left.\n|inactive|JosoTruco has 15 seconds left.\n|inactive|JosoTruco has 10 seconds left.\n|\n|t:|1776259106\n|cant|p2b: Raichu|slp\n|move|p2a: Tinkaton|Gigaton Hammer|p1b: Runerigus\n|-damage|p1b: Runerigus|76/100\n|move|p1a: Venusaur|Earth Power|p2a: Tinkaton\n|-supereffective|p2a: Tinkaton|1\n|-crit|p2a: Tinkaton\n|-damage|p2a: Tinkaton|0 fnt\n|faint|p2a: Tinkaton\n|move|p1b: Runerigus|Night Shade|p2b: Raichu\n|-damage|p2b: Raichu|64/100 slp\n|\n|-weather|SunnyDay|[upkeep]\n|-heal|p1b: Runerigus|82/100|[from] item: Leftovers\n|upkeep\n|\n|t:|1776259124\n|switch|p2a: Starmie|Starmie-Mega, L50|100/100\n|turn|11\n|\n|t:|1776259139\n|switch|p1a: Torkoal|Torkoal, L50, F|89/100 par\n|move|p2a: Starmie|Psycho Cut|p1a: Torkoal\n|-damage|p1a: Torkoal|43/100 par\n|-curestatus|p2b: Raichu|slp|[msg]\n|move|p2b: Raichu|Nuzzle|p1a: Torkoal\n|-damage|p1a: Torkoal|38/100 par\n|move|p1b: Runerigus|Trick Room|p1b: Runerigus\n|-fieldstart|move: Trick Room|[of] p1b: Runerigus\n|\n|-weather|SunnyDay|[upkeep]\n|-heal|p1b: Runerigus|88/100|[from] item: Leftovers\n|upkeep\n|turn|12\n|\n|t:|1776259162\n|switch|p2b: Pelipper|Pelipper, L50, F|100/100\n|-weather|RainDance|[from] ability: Drizzle|[of] p2b: Pelipper\n|move|p2a: Starmie|Aqua Jet|p1b: Runerigus\n|-supereffective|p1b: Runerigus|1\n|-damage|p1b: Runerigus|10/100\n|-activate|p2a: Starmie|Skill Swap|Wandering Spirit|Huge Power|[of] p1b: Runerigus\n|move|p1a: Torkoal|Earth Power|p2a: Starmie\n|-damage|p2a: Starmie|68/100\n|move|p1b: Runerigus|Night Shade|p2a: Starmie\n|-damage|p2a: Starmie|31/100\n|\n|-weather|RainDance|[upkeep]\n|-heal|p1b: Runerigus|16/100|[from] item: Leftovers\n|upkeep\n|turn|13\n|inactive|Yei_Lai has 30 seconds left.\n|inactive|JosoTruco has 30 seconds left.\n|inactive|JosoTruco has 20 seconds left.\n|inactive|JosoTruco has 15 seconds left.\n|inactive|JosoTruco has 10 seconds left.\n|\n|t:|1776259208\n|switch|p1a: Kingambit|Kingambit, L50, M|82/100\n|move|p2a: Starmie|Aqua Jet|p1a: Kingambit\n|-damage|p1a: Kingambit|63/100\n|move|p1b: Runerigus|Night Shade|p2a: Starmie\n|-damage|p2a: Starmie|0 fnt\n|faint|p2a: Starmie\n|move|p2b: Pelipper|Hurricane|p1b: Runerigus\n|-damage|p1b: Runerigus|0 fnt\n|faint|p1b: Runerigus\n|\n|-weather|RainDance|[upkeep]\n|upkeep\n|\n|t:|1776259222\n|switch|p1b: Torkoal|Torkoal, L50, F|38/100 par\n|switch|p2a: Raichu|Raichu, L50, M|64/100\n|-weather|SunnyDay|[from] ability: Drought|[of] p1b: Torkoal\n|turn|14\n|\n|t:|1776259236\n|move|p1a: Kingambit|Protect|p1a: Kingambit\n|-singleturn|p1a: Kingambit|Protect\n|move|p2a: Raichu|Fake Out|p1a: Kingambit\n|-activate|p1a: Kingambit|move: Protect\n|move|p1b: Torkoal|Earth Power|p2a: Raichu\n|-supereffective|p2a: Raichu|1\n|-damage|p2a: Raichu|0 fnt\n|faint|p2a: Raichu\n|move|p2b: Pelipper|Hurricane|p1b: Torkoal|[miss]\n|-miss|p2b: Pelipper|p1b: Torkoal\n|\n|-weather|SunnyDay|[upkeep]\n|upkeep\n|turn|15\n|c|\u2606JosoTruco|Gg\n|\n|t:|1776259254\n|move|p1b: Torkoal|Helping Hand|p1a: Kingambit\n|-singleturn|p1a: Kingambit|Helping Hand|[of] p1b: Torkoal\n|move|p1a: Kingambit|Sucker Punch||[still]\n|-fail|p1a: Kingambit\n|move|p2b: Pelipper|Tailwind|p2b: Pelipper\n|-sidestart|p2: JosoTruco|move: Tailwind\n|\n|-weather|SunnyDay|[upkeep]\n|-fieldend|move: Trick Room\n|upkeep\n|turn|16\n|inactive|JosoTruco has 30 seconds left.\n|\n|t:|1776259268\n|move|p1b: Torkoal|Helping Hand|p1a: Kingambit\n|-singleturn|p1a: Kingambit|Helping Hand|[of] p1b: Torkoal\n|move|p1a: Kingambit|Sucker Punch|p2b: Pelipper\n|-damage|p2b: Pelipper|41/100\n|move|p2b: Pelipper|Hurricane|p1a: Kingambit\n|-resisted|p1a: Kingambit|1\n|-damage|p1a: Kingambit|45/100\n|-enditem|p1a: Kingambit|Sitrus Berry|[eat]\n|-heal|p1a: Kingambit|70/100|[from] item: Sitrus Berry\n|\n|-weather|SunnyDay|[upkeep]\n|upkeep\n|turn|17\n|inactive|JosoTruco has 25 seconds left this turn.\n|inactive|JosoTruco has 20 seconds left.\n|inactive|JosoTruco has 15 seconds left.\n|\n|t:|1776259282\n|move|p1b: Torkoal|Helping Hand|p1a: Kingambit\n|-singleturn|p1a: Kingambit|Helping Hand|[of] p1b: Torkoal\n|move|p1a: Kingambit|Sucker Punch|p2b: Pelipper\n|-crit|p2b: Pelipper\n|-damage|p2b: Pelipper|0 fnt\n|faint|p2b: Pelipper\n|\n|win|Yei_Lai\n|raw|Yei_Lai's rating: 1056 &rarr; <strong>1090</strong><br />(+34 for winning)\n|raw|JosoTruco's rating: 1083 &rarr; <strong>1059</strong><br />(-24 for losing)\n",
  "uploadtime": 1776259298,
  "views": 24,
  "formatid": "gen9championsvgc2026regma",
  "rating": 1059,
  "private": 0,
  "password": null
}