{
  "id": "gen9championsvgc2026regma-2589539755",
  "format": "[Gen 9 Champions] VGC 2026 Reg M-A",
  "players": [
    "sdlt 2krl coolguy",
    "ScribbleScribble"
  ],
  "log": "|j|\u2606sdlt 2krl coolguy\n|j|\u2606ScribbleScribble\n|t:|1776732270\n|gametype|doubles\n|player|p1|sdlt 2krl coolguy|leon-masters2|1444\n|player|p2|ScribbleScribble|mina-lgpe|1503\n|gen|9\n|tier|[Gen 9 Champions] VGC 2026 Reg M-A\n|rated|\n|rule|Species Clause: Limit one of each Pok\u00e9mon\n|rule|Item Clause: Limit 1 of each item\n|clearpoke\n|poke|p1|Floette-Eternal, L50, F|\n|poke|p1|Incineroar, L50, M|\n|poke|p1|Sinistcha, L50|\n|poke|p1|Garchomp, L50, F|\n|poke|p1|Sneasler, L50, F|\n|poke|p1|Kingambit, L50, F|\n|poke|p2|Meganium, L50, M|\n|poke|p2|Sneasler, L50, F|\n|poke|p2|Aerodactyl, L50, F|\n|poke|p2|Kingambit, L50, F|\n|poke|p2|Basculegion, L50, M|\n|poke|p2|Farigiraf, L50, M|\n|teampreview|4\n|inactive|Battle timer is ON: inactive players will automatically lose when time's up. (requested by sdlt 2krl coolguy)\n|inactive|ScribbleScribble also wants the timer to be on.\n|inactive|sdlt 2krl coolguy has 60 seconds left.\n|\n|t:|1776732324\n|teamsize|p1|4\n|teamsize|p2|4\n|start\n|switch|p1a: Garchomp|Garchomp, L50, F|100/100\n|switch|p1b: Sneasler|Sneasler, L50, F|100/100\n|switch|p2a: Kingambit|Kingambit, L50, F|100/100\n|switch|p2b: Meganium|Meganium, L50, M|100/100\n|turn|1\n|\n|t:|1776732337\n|switch|p2b: Aerodactyl|Aerodactyl, L50, F|100/100\n|-ability|p2b: Aerodactyl|Unnerve\n|move|p1b: Sneasler|Protect|p1b: Sneasler\n|-singleturn|p1b: Sneasler|Protect\n|move|p1a: Garchomp|Protect|p1a: Garchomp\n|-singleturn|p1a: Garchomp|Protect\n|move|p2a: Kingambit|Kowtow Cleave|p1a: Garchomp\n|-activate|p1a: Garchomp|move: Protect\n|\n|upkeep\n|turn|2\n|\n|t:|1776732347\n|switch|p1b: Floette|Floette-Eternal, L50, F|100/100\n|move|p2b: Aerodactyl|Dual Wingbeat|p1b: Floette\n|-damage|p1b: Floette|80/100\n|-damage|p1b: Floette|59/100\n|-hitcount|p1b: Floette|2\n|move|p1a: Garchomp|Stomping Tantrum|p2a: Kingambit\n|-supereffective|p2a: Kingambit|1\n|-damage|p2a: Kingambit|44/100\n|move|p2a: Kingambit|Kowtow Cleave|p1a: Garchomp\n|-damage|p1a: Garchomp|38/100\n|-damage|p2a: Kingambit|32/100|[from] ability: Rough Skin|[of] p1a: Garchomp\n|\n|upkeep\n|turn|3\n|\n|t:|1776732363\n|switch|p1a: Sinistcha|Sinistcha, L50|100/100\n|-heal|p1b: Floette|83/100|[from] ability: Hospitality|[of] p1a: Sinistcha\n|detailschange|p1b: Floette|Floette-Mega, L50, F\n|-mega|p1b: Floette|Floette|Floettite\n|-ability|p1b: Floette|Fairy Aura\n|move|p1b: Floette|Protect|p1b: Floette\n|-singleturn|p1b: Floette|Protect\n|move|p2b: Aerodactyl|Tailwind|p2b: Aerodactyl\n|-sidestart|p2: ScribbleScribble|move: Tailwind\n|move|p2a: Kingambit|Iron Head|p1b: Floette\n|-activate|p1b: Floette|move: Protect\n|\n|upkeep\n|turn|4\n|\n|t:|1776732375\n|move|p1a: Sinistcha|Rage Powder|p1a: Sinistcha\n|-singleturn|p1a: Sinistcha|move: Rage Powder\n|move|p2b: Aerodactyl|Rock Slide|p1b: Floette|[spread] p1a,p1b\n|-damage|p1a: Sinistcha|80/100\n|-damage|p1b: Floette|57/100\n|move|p1b: Floette|Dazzling Gleam|p2a: Kingambit|[spread] p2a,p2b\n|-damage|p2a: Kingambit|0 fnt\n|-damage|p2b: Aerodactyl|37/100\n|faint|p2a: Kingambit\n|\n|upkeep\n|\n|t:|1776732380\n|switch|p2a: Meganium|Meganium, L50, M|100/100\n|turn|5\n|inactive|sdlt 2krl coolguy has 30 seconds left.\n|inactive|sdlt 2krl coolguy has 20 seconds left.\n|inactive|sdlt 2krl coolguy has 15 seconds left.\n|\n|t:|1776732420\n|switch|p1a: Sneasler|Sneasler, L50, F|100/100\n|detailschange|p2a: Meganium|Meganium-Mega, L50, M\n|-mega|p2a: Meganium|Meganium|Meganiumite\n|move|p1b: Floette|Protect|p1b: Floette\n|-singleturn|p1b: Floette|Protect\n|move|p2b: Aerodactyl|Rock Slide|p1a: Sneasler|[spread] p1a\n|-activate|p1b: Floette|move: Protect\n|-resisted|p1a: Sneasler|1\n|-damage|p1a: Sneasler|80/100\n|move|p2a: Meganium|Weather Ball|p1a: Sneasler\n|-damage|p1a: Sneasler|0 fnt\n|faint|p1a: Sneasler\n|\n|upkeep\n|\n|t:|1776732438\n|switch|p1a: Garchomp|Garchomp, L50, F|38/100\n|turn|6\n|\n|t:|1776732443\n|switch|p1a: Sinistcha|Sinistcha, L50|80/100\n|-heal|p1b: Floette|82/100|[from] ability: Hospitality|[of] p1a: Sinistcha\n|move|p2b: Aerodactyl|Rock Slide|p1b: Floette|[spread] p1a,p1b\n|-damage|p1a: Sinistcha|59/100\n|-damage|p1b: Floette|58/100\n|move|p2a: Meganium|Dazzling Gleam|p1a: Sinistcha|[spread] p1a,p1b\n|-damage|p1a: Sinistcha|13/100\n|-damage|p1b: Floette|23/100\n|cant|p1b: Floette|flinch\n|\n|-sideend|p2: ScribbleScribble|move: Tailwind\n|upkeep\n|turn|7\n|\n|t:|1776732455\n|move|p1a: Sinistcha|Rage Powder|p1a: Sinistcha\n|-singleturn|p1a: Sinistcha|move: Rage Powder\n|move|p2b: Aerodactyl|Tailwind|p2b: Aerodactyl\n|-sidestart|p2: ScribbleScribble|move: Tailwind\n|move|p2a: Meganium|Dazzling Gleam|p1a: Sinistcha|[spread] p1a,p1b\n|-damage|p1a: Sinistcha|0 fnt\n|-damage|p1b: Floette|0 fnt\n|faint|p1a: Sinistcha\n|faint|p1b: Floette\n|\n|upkeep\n|-message|sdlt 2krl coolguy forfeited.\n|\n|win|ScribbleScribble\n|raw|sdlt 2krl coolguy's rating: 1444 &rarr; <strong>1427</strong><br />(-17 for losing)\n|raw|ScribbleScribble's rating: 1503 &rarr; <strong>1520</strong><br />(+17 for winning)\n",
  "uploadtime": 1776732459,
  "views": 2,
  "formatid": "gen9championsvgc2026regma",
  "rating": 1427,
  "private": 0,
  "password": null
}