{
  "id": "gen9championsvgc2026regma-2580882550",
  "format": "[Gen 9 Champions] VGC 2026 Reg M-A",
  "players": [
    "astenar",
    "Mentalsyndrome"
  ],
  "log": "|j|\u2606astenar\n|j|\u2606Mentalsyndrome\n|t:|1775940249\n|gametype|doubles\n|player|p1|astenar|169|1060\n|player|p2|Mentalsyndrome|170|1040\n|gen|9\n|tier|[Gen 9 Champions] VGC 2026 Reg M-A\n|rated|\n|rule|Species Clause: Limit one of each Pok\u00e9mon\n|rule|Item Clause: Limit 1 of each item\n|clearpoke\n|poke|p1|Charizard, L50, M|\n|poke|p1|Venusaur, L50, F|\n|poke|p1|Gengar, L50, F|\n|poke|p1|Garchomp, L50, M|\n|poke|p1|Tauros-Paldea-Aqua, L50, M|\n|poke|p1|Incineroar, L50, M|\n|poke|p2|Bastiodon, L50, M|\n|poke|p2|Gengar, L50, M|\n|poke|p2|Garchomp, L50, F|\n|poke|p2|Clefable, L50, M|\n|poke|p2|Sinistcha, L50|\n|poke|p2|Incineroar, L50, F|\n|teampreview|4\n|inactive|Battle timer is ON: inactive players will automatically lose when time's up. (requested by Mentalsyndrome)\nastenar has agreed to open team sheets.\n|inactive|astenar has 60 seconds left.\n|\n|t:|1775940305\n|teamsize|p1|4\n|teamsize|p2|4\n|start\n|switch|p1a: Gengar|Gengar, L50, F|100/100\n|switch|p1b: Incineroar|Incineroar, L50, M|100/100\n|switch|p2a: Incineroar|Incineroar, L50, F|100/100\n|switch|p2b: Garchomp|Garchomp, L50, F|100/100\n|-ability|p1b: Incineroar|Intimidate|boost\n|-unboost|p2a: Incineroar|atk|1\n|-unboost|p2b: Garchomp|atk|1\n|-ability|p2a: Incineroar|Intimidate|boost\n|-unboost|p1a: Gengar|atk|1\n|-unboost|p1b: Incineroar|atk|1\n|turn|1\n|\n|t:|1775940326\n|detailschange|p1a: Gengar|Gengar-Mega, L50, F\n|-mega|p1a: Gengar|Gengar|Gengarite\n|move|p1b: Incineroar|Fake Out|p2b: Garchomp\n|-crit|p2b: Garchomp\n|-damage|p2b: Garchomp|84/100\n|-damage|p1b: Incineroar|88/100|[from] ability: Rough Skin|[of] p2b: Garchomp\n|move|p1a: Gengar|Substitute|p1a: Gengar\n|-start|p1a: Gengar|Substitute\n|-damage|p1a: Gengar|76/100\n|cant|p2b: Garchomp|flinch\n|move|p2a: Incineroar|Throat Chop|p1a: Gengar\n|-supereffective|p1a: Gengar|1\n|-crit|p1a: Gengar\n|-end|p1a: Gengar|Substitute\n|\n|upkeep\n|turn|2\n|\n|t:|1775940341\n|move|p1a: Gengar|Protect|p1a: Gengar\n|-singleturn|p1a: Gengar|Protect\n|move|p2a: Incineroar|Protect|p2a: Incineroar\n|-singleturn|p2a: Incineroar|Protect\n|move|p2b: Garchomp|Earthquake|p1b: Incineroar|[spread] p1b\n|-activate|p2a: Incineroar|move: Protect\n|-activate|p1a: Gengar|move: Protect\n|-supereffective|p1b: Incineroar|1\n|-damage|p1b: Incineroar|50/100\n|-enditem|p1b: Incineroar|Sitrus Berry|[eat]\n|-heal|p1b: Incineroar|74/100|[from] item: Sitrus Berry\n|move|p1b: Incineroar|Parting Shot|p2b: Garchomp\n|-unboost|p2b: Garchomp|atk|1\n|-unboost|p2b: Garchomp|spa|1\n|\n|t:|1775940357\n|switch|p1b: Tauros|Tauros-Paldea-Aqua, L50, M, shiny|100/100|[from] Parting Shot\n|-ability|p1b: Tauros|Intimidate|boost\n|-unboost|p2a: Incineroar|atk|1\n|-unboost|p2b: Garchomp|atk|1\n|\n|upkeep\n|turn|3\n|inactive|astenar has 30 seconds left.\n|\n|t:|1775940390\n|move|p1a: Gengar|Sludge Bomb|p2a: Incineroar\n|-damage|p2a: Incineroar|58/100\n|move|p2b: Garchomp|Earthquake|p1b: Tauros|[spread] p2a,p1a,p1b\n|-supereffective|p2a: Incineroar|1\n|-enditem|p2a: Incineroar|Shuca Berry|[eat]\n|-enditem|p2a: Incineroar|Shuca Berry|[weaken]\n|-supereffective|p1a: Gengar|1\n|-damage|p2a: Incineroar|44/100\n|-damage|p1a: Gengar|27/100\n|-damage|p1b: Tauros|84/100\n|move|p1b: Tauros|Wave Crash|p2a: Incineroar\n|-supereffective|p2a: Incineroar|1\n|-damage|p2a: Incineroar|0 fnt\n|faint|p2a: Incineroar\n|-damage|p1b: Tauros|66/100|[from] Recoil\n|\n|upkeep\n|\n|t:|1775940399\n|switch|p2a: Gengar|Gengar, L50, M|100/100\n|turn|4\n|inactive|Mentalsyndrome has 30 seconds left.\n|\n|t:|1775940430\n|detailschange|p2a: Gengar|Gengar-Mega, L50, M\n|-mega|p2a: Gengar|Gengar|Gengarite\n|move|p1b: Tauros|Protect|p1b: Tauros\n|-singleturn|p1b: Tauros|Protect\n|move|p2a: Gengar|Shadow Ball|p1b: Tauros\n|-activate|p1b: Tauros|move: Protect\n|move|p1a: Gengar|Substitute|p1a: Gengar\n|-start|p1a: Gengar|Substitute\n|-damage|p1a: Gengar|3/100\n|move|p2b: Garchomp|Rock Slide|p1a: Gengar|[spread] p1a\n|-activate|p1b: Tauros|move: Protect\n|-activate|p1a: Gengar|move: Substitute|[damage]\n|\n|upkeep\n|turn|5\n|\n|t:|1775940449\n|move|p2a: Gengar|Protect|p2a: Gengar\n|-singleturn|p2a: Gengar|Protect\n|move|p1b: Tauros|Aqua Jet|p2a: Gengar\n|-activate|p2a: Gengar|move: Protect\n|move|p1a: Gengar|Shadow Ball|p2a: Gengar\n|-activate|p2a: Gengar|move: Protect\n|move|p2b: Garchomp|Rock Slide|p1a: Gengar|[spread] p1a,p1b\n|-end|p1a: Gengar|Substitute\n|-resisted|p1b: Tauros|1\n|-damage|p1b: Tauros|61/100\n|\n|upkeep\n|turn|6\n|\n|t:|1775940459\n|move|p2a: Gengar|Shadow Ball|p1a: Gengar\n|-supereffective|p1a: Gengar|1\n|-damage|p1a: Gengar|0 fnt\n|faint|p1a: Gengar\n|move|p2b: Garchomp|Rock Slide|p1b: Tauros\n|-resisted|p1b: Tauros|1\n|-damage|p1b: Tauros|56/100\n|move|p1b: Tauros|Wave Crash|p2a: Gengar\n|-damage|p2a: Gengar|15/100\n|-damage|p1b: Tauros|27/100|[from] Recoil\n|\n|upkeep\n|\n|t:|1775940474\n|switch|p1a: Incineroar|Incineroar, L50, M|74/100\n|-ability|p1a: Incineroar|Intimidate|boost\n|-unboost|p2a: Gengar|atk|1\n|-unboost|p2b: Garchomp|atk|1\n|turn|7\n|\n|t:|1775940482\n|switch|p2b: Sinistcha|Sinistcha, L50|100/100\n|-heal|p2a: Gengar|40/100|[from] ability: Hospitality|[of] p2b: Sinistcha\n|move|p2a: Gengar|Protect|p2a: Gengar\n|-singleturn|p2a: Gengar|Protect\n|move|p1b: Tauros|Aqua Jet|p2a: Gengar\n|-activate|p2a: Gengar|move: Protect\n|move|p1a: Incineroar|Flare Blitz|p2b: Sinistcha\n|-supereffective|p2b: Sinistcha|1\n|-damage|p2b: Sinistcha|23/100\n|-damage|p1a: Incineroar|51/100|[from] Recoil\n|\n|-heal|p2b: Sinistcha|29/100|[from] item: Leftovers\n|upkeep\n|turn|8\n|\n|t:|1775940503\n|move|p2b: Sinistcha|Rage Powder|p2b: Sinistcha\n|-singleturn|p2b: Sinistcha|move: Rage Powder\n|move|p1b: Tauros|Aqua Jet|p2b: Sinistcha\n|-resisted|p2b: Sinistcha|1\n|-damage|p2b: Sinistcha|20/100\n|move|p2a: Gengar|Shadow Ball|p1b: Tauros\n|-damage|p1b: Tauros|0 fnt\n|faint|p1b: Tauros\n|move|p1a: Incineroar|Flare Blitz|p2b: Sinistcha\n|-supereffective|p2b: Sinistcha|1\n|-damage|p2b: Sinistcha|0 fnt\n|faint|p2b: Sinistcha\n|-damage|p1a: Incineroar|46/100|[from] Recoil\n|\n|upkeep\n|\n|t:|1775940512\n|switch|p1b: Garchomp|Garchomp, L50, M|100/100\n|switch|p2b: Garchomp|Garchomp, L50, F|84/100\n|turn|9\n|inactive|astenar has 30 seconds left.\n|\n|t:|1775940545\n|move|p2a: Gengar|Protect|p2a: Gengar\n|-singleturn|p2a: Gengar|Protect\n|move|p1b: Garchomp|Earthquake|p2b: Garchomp|[spread] p1a,p2b\n|-activate|p2a: Gengar|move: Protect\n|-supereffective|p1a: Incineroar|1\n|-damage|p1a: Incineroar|0 fnt\n|-damage|p2b: Garchomp|37/100\n|faint|p1a: Incineroar\n|move|p2b: Garchomp|Earthquake|p1b: Garchomp|[spread] p1b\n|-activate|p2a: Gengar|move: Protect\n|-damage|p1b: Garchomp|59/100\n|\n|upkeep\n|turn|10\n|\n|t:|1775940556\n|move|p2b: Garchomp|Protect|p2b: Garchomp\n|-singleturn|p2b: Garchomp|Protect\n|move|p1b: Garchomp|Earthquake|p2a: Gengar|[spread] p2a\n|-activate|p2b: Garchomp|move: Protect\n|-supereffective|p2a: Gengar|1\n|-damage|p2a: Gengar|0 fnt\n|faint|p2a: Gengar\n|\n|upkeep\n|turn|11\n|\n|t:|1775940566\n|move|p1b: Garchomp|Earthquake|p2b: Garchomp\n|-damage|p2b: Garchomp|0 fnt\n|faint|p2b: Garchomp\n|\n|win|astenar\n|raw|astenar's rating: 1060 &rarr; <strong>1089</strong><br />(+29 for winning)\n|raw|Mentalsyndrome's rating: 1040 &rarr; <strong>1025</strong><br />(-15 for losing)\n",
  "uploadtime": 1775940568,
  "views": 14,
  "formatid": "gen9championsvgc2026regma",
  "rating": 1025,
  "private": 0,
  "password": null
}