{
  "id": "gen9championsvgc2026regma-2583397845",
  "format": "[Gen 9 Champions] VGC 2026 Reg M-A",
  "players": [
    "opik8",
    "piedi nei piedi"
  ],
  "log": "|j|\u2606opik8\n|j|\u2606piedi nei piedi\n|t:|1776172901\n|gametype|doubles\n|player|p1|opik8|colress|1317\n|player|p2|piedi nei piedi|zinnia|1434\n|gen|9\n|tier|[Gen 9 Champions] VGC 2026 Reg M-A\n|rated|\n|rule|Species Clause: Limit one of each Pok\u00e9mon\n|rule|Item Clause: Limit 1 of each item\n|clearpoke\n|poke|p1|Basculegion, L50, M|\n|poke|p1|Archaludon, L50, F|\n|poke|p1|Incineroar, L50, F|\n|poke|p1|Glimmora, L50, F|\n|poke|p1|Kingambit, L50, F|\n|poke|p1|Pelipper, L50, M|\n|poke|p2|Maushold, L50|\n|poke|p2|Sneasler, L50, F|\n|poke|p2|Froslass, L50, F|\n|poke|p2|Samurott-Hisui, L50, M|\n|poke|p2|Arcanine-Hisui, L50, M|\n|poke|p2|Milotic, L50, F|\n|teampreview|4\n|inactive|Battle timer is ON: inactive players will automatically lose when time's up. (requested by opik8)\n|\n|t:|1776172933\n|teamsize|p1|4\n|teamsize|p2|4\n|start\n|switch|p1a: Pelipper|Pelipper, L50, M|100/100\n|switch|p1b: Glimmora|Glimmora, L50, F|100/100\n|switch|p2a: Samurottium|Samurott-Hisui, L50, M|100/100\n|switch|p2b: Froslasso|Froslass, L50, F|100/100\n|-weather|RainDance|[from] ability: Drizzle|[of] p1a: Pelipper\n|turn|1\n|\n|t:|1776172951\n|detailschange|p1b: Glimmora|Glimmora-Mega, L50, F\n|-mega|p1b: Glimmora|Glimmora|Glimmoranite\n|move|p2b: Froslasso|Protect|p2b: Froslasso\n|-singleturn|p2b: Froslasso|Protect\n|move|p1b: Glimmora|Power Gem|p2b: Froslasso\n|-activate|p2b: Froslasso|move: Protect\n|move|p2a: Samurottium|Ceaseless Edge|p1b: Glimmora\n|-damage|p1b: Glimmora|46/100\n|-sidestart|p1: opik8|Spikes\n|move|p1a: Pelipper|Tailwind|p1a: Pelipper\n|-sidestart|p1: opik8|move: Tailwind\n|\n|-weather|RainDance|[upkeep]\n|upkeep\n|turn|2\n|\n|t:|1776172975\n|switch|p1a: Kingambit|Kingambit, L50, F|100/100\n|-damage|p1a: Kingambit|88/100|[from] Spikes\n|switch|p2b: Maushold|Maushold, L50|100/100\n|move|p1b: Glimmora|Power Gem|p2b: Maushold\n|-damage|p2b: Maushold|19/100\n|move|p2a: Samurottium|Ceaseless Edge|p1b: Glimmora\n|-damage|p1b: Glimmora|0 fnt\n|-sidestart|p1: opik8|Spikes\n|faint|p1b: Glimmora\n|\n|-weather|RainDance|[upkeep]\n|upkeep\n|\n|t:|1776172984\n|switch|p1b: Archaludon|Archaludon, L50, F|100/100\n|-damage|p1b: Archaludon|84/100|[from] Spikes\n|turn|3\n|\n|t:|1776172998\n|move|p2b: Maushold|Follow Me|p2b: Maushold\n|-singleturn|p2b: Maushold|move: Follow Me\n|move|p1b: Archaludon|Electro Shot||[still]\n|-prepare|p1b: Archaludon|Electro Shot\n|-boost|p1b: Archaludon|spa|1\n|-anim|p1b: Archaludon|Electro Shot|p2b: Maushold\n|-damage|p2b: Maushold|0 fnt\n|faint|p2b: Maushold\n|move|p1a: Kingambit|Low Kick|p2a: Samurottium\n|-supereffective|p2a: Samurottium|1\n|-damage|p2a: Samurottium|20/100\n|move|p2a: Samurottium|Sacred Sword|p1b: Archaludon\n|-supereffective|p1b: Archaludon|1\n|-damage|p1b: Archaludon|21/100\n|-ability|p1b: Archaludon|Stamina|boost\n|-boost|p1b: Archaludon|def|1\n|\n|-weather|RainDance|[upkeep]\n|-heal|p1b: Archaludon|27/100|[from] item: Leftovers\n|upkeep\n|\n|t:|1776173009\n|switch|p2b: Sneaslerux|Sneasler, L50, F|100/100\n|turn|4\n|\n|t:|1776173028\n|move|p1b: Archaludon|Protect|p1b: Archaludon\n|-singleturn|p1b: Archaludon|Protect\n|move|p2b: Sneaslerux|Protect|p2b: Sneaslerux\n|-singleturn|p2b: Sneaslerux|Protect\n|move|p2a: Samurottium|Protect|p2a: Samurottium\n|-singleturn|p2a: Samurottium|Protect\n|move|p1a: Kingambit|Kowtow Cleave|p2a: Samurottium\n|-activate|p2a: Samurottium|move: Protect\n|\n|-weather|RainDance|[upkeep]\n|-heal|p1b: Archaludon|33/100|[from] item: Leftovers\n|-sideend|p1: opik8|move: Tailwind\n|upkeep\n|turn|5\n|\n|t:|1776173045\n|move|p2a: Samurottium|Sucker Punch|p1b: Archaludon\n|-damage|p1b: Archaludon|17/100\n|-ability|p1b: Archaludon|Stamina|boost\n|-boost|p1b: Archaludon|def|1\n|move|p1a: Kingambit|Sucker Punch||[still]\n|-fail|p1a: Kingambit\n|move|p2b: Sneaslerux|Close Combat|p1a: Kingambit\n|-supereffective|p1a: Kingambit|2\n|-damage|p1a: Kingambit|0 fnt\n|-unboost|p2b: Sneaslerux|def|1\n|-unboost|p2b: Sneaslerux|spd|1\n|faint|p1a: Kingambit\n|-enditem|p2b: Sneaslerux|White Herb\n|-clearnegativeboost|p2b: Sneaslerux|[silent]\n|move|p1b: Archaludon|Dragon Pulse|p2b: Sneaslerux\n|-damage|p2b: Sneaslerux|23/100\n|\n|-weather|none\n|-heal|p1b: Archaludon|23/100|[from] item: Leftovers\n|upkeep\n|\n|t:|1776173052\n|switch|p1a: Pelipper|Pelipper, L50, M|100/100\n|-weather|RainDance|[from] ability: Drizzle|[of] p1a: Pelipper\n|turn|6\n|\n|t:|1776173066\n|move|p1b: Archaludon|Protect|p1b: Archaludon\n|-singleturn|p1b: Archaludon|Protect\n|move|p2b: Sneaslerux|Dire Claw|p1a: Pelipper\n|-damage|p1a: Pelipper|48/100\n|move|p2a: Samurottium|Ceaseless Edge|p1a: Pelipper\n|-damage|p1a: Pelipper|0 fnt\n|-sidestart|p1: opik8|Spikes\n|faint|p1a: Pelipper\n|\n|-weather|RainDance|[upkeep]\n|-heal|p1b: Archaludon|29/100|[from] item: Leftovers\n|upkeep\n|turn|7\n|\n|t:|1776173076\n|move|p2b: Sneaslerux|Close Combat|p1b: Archaludon\n|-supereffective|p1b: Archaludon|1\n|-damage|p1b: Archaludon|0 fnt\n|-unboost|p2b: Sneaslerux|def|1\n|-unboost|p2b: Sneaslerux|spd|1\n|faint|p1b: Archaludon\n|\n|win|piedi nei piedi\n|raw|opik8's rating: 1317 &rarr; <strong>1303</strong><br />(-14 for losing)\n|raw|piedi nei piedi's rating: 1434 &rarr; <strong>1448</strong><br />(+14 for winning)\n|l|\u2606opik8\n|player|p1|\n",
  "uploadtime": 1776173079,
  "views": 36,
  "formatid": "gen9championsvgc2026regma",
  "rating": 1303,
  "private": 0,
  "password": null
}