{
  "id": "gen9championsvgc2026regma-2583101912",
  "format": "[Gen 9 Champions] VGC 2026 Reg M-A",
  "players": [
    "Star7700",
    "asleepingpotato"
  ],
  "log": "|j|\u2606Star7700\n|j|\u2606asleepingpotato\n|t:|1776142187\n|gametype|doubles\n|player|p1|Star7700|102|1060\n|player|p2|asleepingpotato|265|1081\n|gen|9\n|tier|[Gen 9 Champions] VGC 2026 Reg M-A\n|rated|\n|rule|Species Clause: Limit one of each Pok\u00e9mon\n|rule|Item Clause: Limit 1 of each item\n|clearpoke\n|poke|p1|Aerodactyl, L50, M|\n|poke|p1|Tyranitar, L50, M|\n|poke|p1|Excadrill, L50, F|\n|poke|p1|Rotom-Wash, L50|\n|poke|p1|Sinistcha, L50|\n|poke|p1|Incineroar, L50, F|\n|poke|p2|Meganium, L50, M|\n|poke|p2|Pelipper, L50, M|\n|poke|p2|Archaludon, L50, M|\n|poke|p2|Basculegion, L50, M|\n|poke|p2|Garchomp, L50, M|\n|poke|p2|Aegislash, L50, M|\n|teampreview|4\n|\n|t:|1776142231\n|teamsize|p1|4\n|teamsize|p2|4\n|start\n|switch|p1a: Tyranitar|Tyranitar, L50, M|100/100\n|switch|p1b: Excadrill|Excadrill, L50, F|100/100\n|switch|p2a: Pelipper|Pelipper, L50, M|100/100\n|switch|p2b: Meganium|Meganium, L50, M|100/100\n|-weather|RainDance|[from] ability: Drizzle|[of] p2a: Pelipper\n|-weather|Sandstorm|[from] ability: Sand Stream|[of] p1a: Tyranitar\n|turn|1\n|\n|t:|1776142274\n|detailschange|p2b: Meganium|Meganium-Mega, L50, M\n|-mega|p2b: Meganium|Meganium|Meganiumite\n|move|p1b: Excadrill|Iron Head|p2a: Pelipper\n|-resisted|p2a: Pelipper|1\n|-damage|p2a: Pelipper|74/100\n|move|p2a: Pelipper|Tailwind|p2a: Pelipper\n|-sidestart|p2: asleepingpotato|move: Tailwind\n|move|p2b: Meganium|Earth Power|p1a: Tyranitar\n|-supereffective|p1a: Tyranitar|1\n|-damage|p1a: Tyranitar|25/100\n|move|p1a: Tyranitar|Rock Slide|p2a: Pelipper|[spread] p2b\n|-miss|p1a: Tyranitar|p2a: Pelipper\n|-damage|p2b: Meganium|68/100\n|\n|-weather|Sandstorm|[upkeep]\n|-damage|p2a: Pelipper|68/100|[from] Sandstorm\n|-damage|p2b: Meganium|62/100|[from] Sandstorm\n|upkeep\n|turn|2\n|\n|t:|1776142303\n|switch|p2a: Garchomp|Garchomp, L50, M|100/100\n|switch|p1a: Rotom|Rotom-Wash, L50|100/100\n|move|p1b: Excadrill|Protect|p1b: Excadrill\n|-singleturn|p1b: Excadrill|Protect\n|move|p2b: Meganium|Earth Power|p1b: Excadrill\n|-activate|p1b: Excadrill|move: Protect\n|\n|-weather|Sandstorm|[upkeep]\n|-damage|p2b: Meganium|57/100|[from] Sandstorm\n|-damage|p1a: Rotom|95/100|[from] Sandstorm\n|upkeep\n|turn|3\n|\n|t:|1776142333\n|switch|p2b: Pelipper|Pelipper, L50, M|68/100\n|-weather|RainDance|[from] ability: Drizzle|[of] p2b: Pelipper\n|switch|p1a: Aerodactyl|Aerodactyl, L50, M|100/100\n|move|p2a: Garchomp|Earthquake|p1a: Aerodactyl|[spread] p1b\n|-immune|p2b: Pelipper\n|-immune|p1a: Aerodactyl\n|-supereffective|p1b: Excadrill|1\n|-enditem|p1b: Excadrill|Focus Sash\n|-damage|p1b: Excadrill|1/100\n|move|p1b: Excadrill|Earthquake|p2b: Pelipper|[spread] p2a\n|-immune|p1a: Aerodactyl\n|-immune|p2b: Pelipper\n|-damage|p2a: Garchomp|57/100\n|\n|-weather|RainDance|[upkeep]\n|upkeep\n|turn|4\n|\n|t:|1776142371\n|switch|p1b: Rotom|Rotom-Wash, L50|95/100\n|move|p2b: Pelipper|Protect|p2b: Pelipper\n|-singleturn|p2b: Pelipper|Protect\n|move|p1a: Aerodactyl|Protect|p1a: Aerodactyl\n|-singleturn|p1a: Aerodactyl|Protect\n|move|p2a: Garchomp|Rock Slide|p1b: Rotom|[spread] p1b\n|-activate|p1a: Aerodactyl|move: Protect\n|-damage|p1b: Rotom|74/100\n|\n|-weather|RainDance|[upkeep]\n|-sideend|p2: asleepingpotato|move: Tailwind\n|upkeep\n|turn|5\n|\n|t:|1776142399\n|switch|p2b: Meganium|Meganium-Mega, L50, M|57/100\n|detailschange|p1a: Aerodactyl|Aerodactyl-Mega, L50, M\n|-mega|p1a: Aerodactyl|Aerodactyl|Aerodactylite\n|move|p1a: Aerodactyl|Rock Slide|p2a: Garchomp|[spread] p2a,p2b\n|-resisted|p2a: Garchomp|1\n|-damage|p2a: Garchomp|43/100\n|-damage|p2b: Meganium|26/100\n|move|p2a: Garchomp|Rock Slide|p1b: Rotom|[spread] p1b\n|-miss|p2a: Garchomp|p1a: Aerodactyl\n|-damage|p1b: Rotom|53/100\n|cant|p1b: Rotom|flinch\n|\n|-weather|RainDance|[upkeep]\n|upkeep\n|turn|6\n|\n|t:|1776142428\n|move|p1b: Rotom|Protect|p1b: Rotom\n|-singleturn|p1b: Rotom|Protect\n|move|p1a: Aerodactyl|Dual Wingbeat|p2b: Meganium\n|-supereffective|p2b: Meganium|1\n|-damage|p2b: Meganium|0 fnt\n|faint|p2b: Meganium\n|-hitcount|p2: Meganium|1\n|move|p2a: Garchomp|Outrage|p1b: Rotom\n|-activate|p1b: Rotom|move: Protect\n|\n|-weather|RainDance|[upkeep]\n|upkeep\n|\n|t:|1776142441\n|switch|p2b: Aegislash|Aegislash, L50, M|100/100\n|turn|7\n|\n|t:|1776142464\n|-formechange|p2b: Aegislash|Aegislash-Blade|\n|move|p2b: Aegislash|Shadow Sneak|p1b: Rotom\n|-damage|p1b: Rotom|26/100\n|move|p1a: Aerodactyl|Rock Slide|p2b: Aegislash|[spread] p2a,p2b\n|-resisted|p2a: Garchomp|1\n|-resisted|p2b: Aegislash|1\n|-crit|p2b: Aegislash\n|-damage|p2a: Garchomp|28/100\n|-damage|p2b: Aegislash|58/100\n|move|p2a: Garchomp|Rock Slide|p1a: Aerodactyl|[spread] p1a,p1b\n|-supereffective|p1a: Aerodactyl|1\n|-crit|p1b: Rotom\n|-damage|p1a: Aerodactyl|54/100\n|-damage|p1b: Rotom|0 fnt\n|faint|p1b: Rotom\n|\n|-weather|none\n|upkeep\n|\n|t:|1776142481\n|switch|p1b: Tyranitar|Tyranitar, L50, M|25/100\n|-weather|Sandstorm|[from] ability: Sand Stream|[of] p1b: Tyranitar\n|turn|8\n|\n|t:|1776142495\n|move|p1a: Aerodactyl|Rock Slide|p2b: Aegislash|[spread] p2a,p2b\n|-resisted|p2a: Garchomp|1\n|-resisted|p2b: Aegislash|1\n|-damage|p2a: Garchomp|12/100\n|-damage|p2b: Aegislash|29/100\n|move|p1b: Tyranitar|Rock Slide|p2a: Garchomp|[spread] p2a,p2b\n|-resisted|p2a: Garchomp|1\n|-resisted|p2b: Aegislash|1\n|-damage|p2a: Garchomp|0 fnt\n|-damage|p2b: Aegislash|4/100\n|faint|p2a: Garchomp\n|cant|p2b: Aegislash|flinch\n|\n|-weather|Sandstorm|[upkeep]\n|upkeep\n|\n|t:|1776142509\n|switch|p2a: Pelipper|Pelipper, L50, M|68/100\n|-weather|RainDance|[from] ability: Drizzle|[of] p2a: Pelipper\n|turn|9\n|\n|t:|1776142522\n|-formechange|p2b: Aegislash|Aegislash|\n|move|p2b: Aegislash|King's Shield|p2b: Aegislash\n|-singleturn|p2b: Aegislash|Protect\n|move|p1a: Aerodactyl|Rock Slide|p2b: Aegislash|[spread] p2a\n|-activate|p2b: Aegislash|move: Protect\n|-supereffective|p2a: Pelipper|1\n|-damage|p2a: Pelipper|0 fnt\n|faint|p2a: Pelipper\n|move|p1b: Tyranitar|Rock Slide|p2b: Aegislash\n|-activate|p2b: Aegislash|move: Protect\n|\n|-weather|RainDance|[upkeep]\n|upkeep\n|turn|10\n|-message|asleepingpotato forfeited.\n|\n|win|Star7700\n|raw|Star7700's rating: 1060 &rarr; <strong>1093</strong><br />(+33 for winning)\n|raw|asleepingpotato's rating: 1081 &rarr; <strong>1058</strong><br />(-23 for losing)\n|l|\u2606asleepingpotato\n|player|p2|\n",
  "uploadtime": 1776142547,
  "views": 31,
  "formatid": "gen9championsvgc2026regma",
  "rating": 1058,
  "private": 0,
  "password": null
}