{
  "id": "gen9championsvgc2026regma-2582853084",
  "format": "[Gen 9 Champions] VGC 2026 Reg M-A",
  "players": [
    "cabrino",
    "tf2026"
  ],
  "log": "|j|\u2606cabrino\n|j|\u2606tf2026\n|t:|1776119244\n|gametype|doubles\n|player|p1|cabrino|depotagent|1510\n|player|p2|tf2026|2|1508\n|gen|9\n|tier|[Gen 9 Champions] VGC 2026 Reg M-A\n|rated|\n|rule|Species Clause: Limit one of each Pok\u00e9mon\n|rule|Item Clause: Limit 1 of each item\n|clearpoke\n|poke|p1|Charizard, L50, M|\n|poke|p1|Aerodactyl, L50, F|\n|poke|p1|Garchomp, L50, M|\n|poke|p1|Farigiraf, L50, M|\n|poke|p1|Sneasler, L50, M|\n|poke|p1|Kingambit, L50, M|\n|poke|p2|Aerodactyl, L50, M|\n|poke|p2|Aegislash, L50, M|\n|poke|p2|Froslass, L50, F|\n|poke|p2|Incineroar, L50, F|\n|poke|p2|Milotic, L50, M|\n|poke|p2|Sneasler, L50, M|\n|teampreview|4\n|\n|t:|1776119291\n|teamsize|p1|4\n|teamsize|p2|4\n|start\n|switch|p1a: AeroNarfi|Aerodactyl, L50, F, shiny|100/100\n|switch|p1b: PablitoGames|Kingambit, L50, M, shiny|100/100\n|switch|p2a: Aerodactyl|Aerodactyl, L50, M|100/100\n|switch|p2b: Aegislash|Aegislash, L50, M|100/100\n|-ability|p1a: AeroNarfi|Unnerve\n|-ability|p2a: Aerodactyl|Unnerve\n|turn|1\n|\n|t:|1776119313\n|move|p1a: AeroNarfi|Tailwind|p1a: AeroNarfi\n|-sidestart|p1: cabrino|move: Tailwind\n|move|p1b: PablitoGames|Iron Head|p2a: Aerodactyl\n|-supereffective|p2a: Aerodactyl|1\n|-enditem|p2a: Aerodactyl|Focus Sash\n|-damage|p2a: Aerodactyl|1/100\n|move|p2a: Aerodactyl|Tailwind|p2a: Aerodactyl\n|-sidestart|p2: tf2026|move: Tailwind\n|-formechange|p2b: Aegislash|Aegislash-Blade|\n|move|p2b: Aegislash|Close Combat|p1b: PablitoGames\n|-supereffective|p1b: PablitoGames|2\n|-damage|p1b: PablitoGames|0 fnt\n|-unboost|p2b: Aegislash|def|1\n|-unboost|p2b: Aegislash|spd|1\n|faint|p1b: PablitoGames\n|\n|upkeep\n|\n|t:|1776119332\n|switch|p1b: Cabrizard|Charizard, L50, M, shiny|100/100\n|turn|2\n|\n|t:|1776119347\n|move|p1b: Cabrizard|Protect|p1b: Cabrizard\n|-singleturn|p1b: Cabrizard|Protect\n|move|p2b: Aegislash|Shadow Sneak|p1a: AeroNarfi\n|-damage|p1a: AeroNarfi|53/100\n|move|p2a: Aerodactyl|Rock Slide|p1a: AeroNarfi|[spread] p1a\n|-activate|p1b: Cabrizard|move: Protect\n|-supereffective|p1a: AeroNarfi|1\n|-damage|p1a: AeroNarfi|0 fnt\n|faint|p1a: AeroNarfi\n|\n|upkeep\n|j| ElGuille7\n|\n|t:|1776119356\n|switch|p1a: Pugsy Hunter|Sneasler, L50, M, shiny|100/100\n|turn|3\n|\n|t:|1776119364\n|detailschange|p1b: Cabrizard|Charizard-Mega-Y, L50, M, shiny\n|-mega|p1b: Cabrizard|Charizard|Charizardite Y\n|-weather|SunnyDay|[from] ability: Drought|[of] p1b: Cabrizard\n|move|p2a: Aerodactyl|Protect|p2a: Aerodactyl\n|-singleturn|p2a: Aerodactyl|Protect\n|-formechange|p2b: Aegislash|Aegislash|\n|move|p2b: Aegislash|King's Shield|p2b: Aegislash\n|-singleturn|p2b: Aegislash|Protect\n|move|p1a: Pugsy Hunter|Close Combat|p1b: Cabrizard\n|-resisted|p1b: Cabrizard|1\n|-damage|p1b: Cabrizard|64/100\n|-unboost|p1a: Pugsy Hunter|def|1\n|-unboost|p1a: Pugsy Hunter|spd|1\n|-enditem|p1a: Pugsy Hunter|White Herb\n|-clearnegativeboost|p1a: Pugsy Hunter|[silent]\n|move|p1b: Cabrizard|Heat Wave|p2a: Aerodactyl|[spread] \n|-activate|p2a: Aerodactyl|move: Protect\n|-activate|p2b: Aegislash|move: Protect\n|\n|-weather|SunnyDay|[upkeep]\n|upkeep\n|turn|4\n|j| JoeMomma12\n|\n|t:|1776119382\n|-formechange|p2b: Aegislash|Aegislash-Blade|\n|move|p2b: Aegislash|Shadow Sneak|p1b: Cabrizard\n|-damage|p1b: Cabrizard|32/100\n|move|p1a: Pugsy Hunter|Dire Claw|p2a: Aerodactyl\n|-resisted|p2a: Aerodactyl|1\n|-damage|p2a: Aerodactyl|0 fnt\n|faint|p2a: Aerodactyl\n|move|p1b: Cabrizard|Weather Ball|p2b: Aegislash\n|-supereffective|p2b: Aegislash|1\n|-damage|p2b: Aegislash|0 fnt\n|faint|p2b: Aegislash\n|\n|-weather|SunnyDay|[upkeep]\n|-sideend|p2: tf2026|move: Tailwind\n|-sideend|p1: cabrino|move: Tailwind\n|upkeep\n|\n|t:|1776119386\n|switch|p2a: Milotic|Milotic, L50, M|100/100\n|switch|p2b: Froslass|Froslass, L50, F|100/100\n|turn|5\n|\n|t:|1776119402\n|detailschange|p2b: Froslass|Froslass-Mega, L50, F\n|-mega|p2b: Froslass|Froslass|Froslassite\n|-weather|Snowscape|[from] ability: Snow Warning|[of] p2b: Froslass\n|move|p1a: Pugsy Hunter|Rock Tomb|p2b: Froslass\n|-supereffective|p2b: Froslass|1\n|-damage|p2b: Froslass|59/100\n|-unboost|p2b: Froslass|spe|1\n|move|p1b: Cabrizard|Heat Wave|p2b: Froslass|[spread] p2a,p2b\n|-resisted|p2a: Milotic|1\n|-supereffective|p2b: Froslass|1\n|-crit|p2b: Froslass\n|-damage|p2a: Milotic|84/100\n|-damage|p2b: Froslass|0 fnt\n|faint|p2b: Froslass\n|move|p2a: Milotic|Coil|p2a: Milotic\n|-boost|p2a: Milotic|atk|1\n|-boost|p2a: Milotic|def|1\n|-boost|p2a: Milotic|accuracy|1\n|\n|-weather|Snowscape|[upkeep]\n|-heal|p2a: Milotic|90/100|[from] item: Leftovers\n|upkeep\n|turn|6\n|\n|t:|1776119426\n|move|p1a: Pugsy Hunter|Dire Claw|p2a: Milotic\n|-damage|p2a: Milotic|69/100\n|-status|p2a: Milotic|par\n|move|p1b: Cabrizard|Solar Beam||[still]\n|-prepare|p1b: Cabrizard|Solar Beam\n|move|p2a: Milotic|Scald|p1b: Cabrizard\n|-supereffective|p1b: Cabrizard|1\n|-damage|p1b: Cabrizard|0 fnt\n|faint|p1b: Cabrizard\n|\n|-weather|Snowscape|[upkeep]\n|-heal|p2a: Milotic|75/100 par|[from] item: Leftovers\n|upkeep\n|turn|7\n|\n|t:|1776119437\n|move|p1a: Pugsy Hunter|Close Combat|p2a: Milotic\n|-damage|p2a: Milotic|44/100 par\n|-unboost|p1a: Pugsy Hunter|def|1\n|-unboost|p1a: Pugsy Hunter|spd|1\n|move|p2a: Milotic|Hypnosis|p1a: Pugsy Hunter|[miss]\n|-miss|p2a: Milotic|p1a: Pugsy Hunter\n|\n|-weather|Snowscape|[upkeep]\n|-heal|p2a: Milotic|50/100 par|[from] item: Leftovers\n|upkeep\n|turn|8\n|j| geckouu\n|\n|t:|1776119449\n|move|p1a: Pugsy Hunter|Dire Claw|p2a: Milotic\n|-damage|p2a: Milotic|28/100 par\n|move|p2a: Milotic|Recover|p2a: Milotic\n|-heal|p2a: Milotic|78/100 par\n|\n|-weather|Snowscape|[upkeep]\n|-heal|p2a: Milotic|84/100 par|[from] item: Leftovers\n|upkeep\n|turn|9\n|j| hue1hue2hue3\n|\n|t:|1776119458\n|move|p1a: Pugsy Hunter|Dire Claw|p2a: Milotic\n|-damage|p2a: Milotic|63/100 par\n|move|p2a: Milotic|Coil|p2a: Milotic\n|-boost|p2a: Milotic|atk|1\n|-boost|p2a: Milotic|def|1\n|-boost|p2a: Milotic|accuracy|1\n|\n|-weather|none\n|-heal|p2a: Milotic|69/100 par|[from] item: Leftovers\n|upkeep\n|turn|10\n|\n|t:|1776119467\n|move|p1a: Pugsy Hunter|Close Combat|p2a: Milotic\n|-damage|p2a: Milotic|46/100 par\n|-unboost|p1a: Pugsy Hunter|def|1\n|-unboost|p1a: Pugsy Hunter|spd|1\n|cant|p2a: Milotic|par\n|\n|-heal|p2a: Milotic|52/100 par|[from] item: Leftovers\n|upkeep\n|turn|11\n|\n|t:|1776119475\n|move|p1a: Pugsy Hunter|Close Combat|p2a: Milotic\n|-damage|p2a: Milotic|28/100 par\n|-unboost|p1a: Pugsy Hunter|def|1\n|-unboost|p1a: Pugsy Hunter|spd|1\n|cant|p2a: Milotic|par\n|\n|-heal|p2a: Milotic|34/100 par|[from] item: Leftovers\n|upkeep\n|turn|12\n|\n|t:|1776119483\n|move|p1a: Pugsy Hunter|Close Combat|p2a: Milotic\n|-damage|p2a: Milotic|10/100 par\n|-unboost|p1a: Pugsy Hunter|def|1\n|-unboost|p1a: Pugsy Hunter|spd|1\n|move|p2a: Milotic|Recover|p2a: Milotic\n|-heal|p2a: Milotic|60/100 par\n|\n|-heal|p2a: Milotic|66/100 par|[from] item: Leftovers\n|upkeep\n|turn|13\n|\n|t:|1776119491\n|move|p1a: Pugsy Hunter|Close Combat|p2a: Milotic\n|-damage|p2a: Milotic|45/100 par\n|-unboost|p1a: Pugsy Hunter|def|1\n|-unboost|p1a: Pugsy Hunter|spd|1\n|move|p2a: Milotic|Hypnosis|p1a: Pugsy Hunter\n|-status|p1a: Pugsy Hunter|slp|[from] move: Hypnosis\n|\n|-heal|p2a: Milotic|51/100 par|[from] item: Leftovers\n|upkeep\n|turn|14\n|\n|t:|1776119499\n|cant|p1a: Pugsy Hunter|slp\n|move|p2a: Milotic|Scald|p1a: Pugsy Hunter\n|-damage|p1a: Pugsy Hunter|0 fnt\n|faint|p1a: Pugsy Hunter\n|\n|win|tf2026\n|raw|cabrino's rating: 1510 &rarr; <strong>1490</strong><br />(-20 for losing)\n|raw|tf2026's rating: 1508 &rarr; <strong>1528</strong><br />(+20 for winning)\n",
  "uploadtime": 1776119509,
  "views": 86,
  "formatid": "gen9championsvgc2026regma",
  "rating": 1490,
  "private": 0,
  "password": null
}