{
  "id": "gen9championsvgc2026regma-2584987440",
  "format": "[Gen 9 Champions] VGC 2026 Reg M-A",
  "players": [
    "Vonky Ponky",
    "Givemetheghoul"
  ],
  "log": "|j|\u2606Vonky Ponky\n|j|\u2606Givemetheghoul\n|t:|1776300894\n|gametype|doubles\n|player|p1|Vonky Ponky|265|\n|player|p2|Givemetheghoul|miku-water|\n|gen|9\n|tier|[Gen 9 Champions] VGC 2026 Reg M-A\n|rated|Tournament battle\n|rule|Species Clause: Limit one of each Pok\u00e9mon\n|rule|Item Clause: Limit 1 of each item\n|clearpoke\n|poke|p1|Pelipper, L50, M|\n|poke|p1|Archaludon, L50, F|\n|poke|p1|Sneasler, L50, M|\n|poke|p1|Basculegion, L50, M|\n|poke|p1|Dragonite, L50, F|\n|poke|p1|Manectric, L50, M|\n|poke|p2|Palafin, L50, F|\n|poke|p2|Arcanine-Hisui, L50, M|\n|poke|p2|Kingambit, L50, F|\n|poke|p2|Froslass, L50, F|\n|poke|p2|Sinistcha, L50|\n|poke|p2|Sneasler, L50, M|\n|teampreview|4\n|inactive|Battle timer is ON: inactive players will automatically lose when time's up. (requested by Vonky Ponky)\n|j| OnToTheOther\n|j| dannyboy2000\nVonky Ponky rejected open team sheets.\n|l| dannyboy2000\n|inactive|Vonky Ponky has 60 seconds left.\n|inactive|Vonky Ponky has 30 seconds left.\n|\n|t:|1776300954\n|teamsize|p1|4\n|teamsize|p2|4\n|start\n|switch|p1a: Sneasler|Sneasler, L50, M|100/100\n|switch|p1b: Basculegion|Basculegion, L50, M, shiny|100/100\n|switch|p2a: Froslass|Froslass, L50, F|100/100\n|switch|p2b: Sneasler|Sneasler, L50, M|100/100\n|turn|1\n|\n|t:|1776300977\n|move|p2b: Sneasler|Fake Out|p1a: Sneasler\n|-damage|p1a: Sneasler|77/100\n|cant|p1a: Sneasler|flinch\n|move|p1b: Basculegion|Flip Turn|p2a: Froslass\n|-damage|p2a: Froslass|45/100\n|\n|t:|1776300985\n|switch|p1b: Archaludon|Archaludon, L50, F, shiny|100/100|[from] Flip Turn\n|move|p2a: Froslass|Shadow Ball|p1b: Archaludon\n|-damage|p1b: Archaludon|68/100\n|-ability|p1b: Archaludon|Stamina|boost\n|-boost|p1b: Archaludon|def|1\n|\n|-heal|p1b: Archaludon|74/100|[from] item: Leftovers\n|upkeep\n|turn|2\n|\n|t:|1776301002\n|detailschange|p2a: Froslass|Froslass-Mega, L50, F\n|-mega|p2a: Froslass|Froslass|Froslassite\n|-weather|Snowscape|[from] ability: Snow Warning|[of] p2a: Froslass\n|move|p1b: Archaludon|Protect|p1b: Archaludon\n|-singleturn|p1b: Archaludon|Protect\n|move|p2b: Sneasler|Close Combat|p1a: Sneasler\n|-resisted|p1a: Sneasler|1\n|-damage|p1a: Sneasler|26/100\n|-unboost|p2b: Sneasler|def|1\n|-unboost|p2b: Sneasler|spd|1\n|-enditem|p2b: Sneasler|White Herb\n|-clearnegativeboost|p2b: Sneasler|[silent]\n|move|p1a: Sneasler|Dire Claw|p2a: Froslass\n|-resisted|p2a: Froslass|1\n|-damage|p2a: Froslass|23/100\n|move|p2a: Froslass|Blizzard|p1a: Sneasler|[spread] p1a\n|-activate|p1b: Archaludon|move: Protect\n|-damage|p1a: Sneasler|0 fnt\n|faint|p1a: Sneasler\n|\n|-weather|Snowscape|[upkeep]\n|-heal|p1b: Archaludon|80/100|[from] item: Leftovers\n|upkeep\n|j| Nytter877\n|j| Tall Tamara\n|\n|t:|1776301021\n|switch|p1a: Pelipper|Pelipper, L50, M, shiny|100/100\n|-weather|RainDance|[from] ability: Drizzle|[of] p1a: Pelipper\n|turn|3\n|\n|t:|1776301032\n|switch|p1b: Basculegion|Basculegion, L50, M, shiny|100/100\n|move|p2b: Sneasler|Close Combat|p1b: Basculegion\n|-immune|p1b: Basculegion\n|move|p2a: Froslass|Blizzard|p1a: Pelipper|[spread] p1a,p1b\n|-resisted|p1b: Basculegion|1\n|-damage|p1a: Pelipper|22/100\n|-damage|p1b: Basculegion|75/100\n|-status|p1b: Basculegion|frz\n|move|p1a: Pelipper|Hurricane|p2b: Sneasler\n|-supereffective|p2b: Sneasler|1\n|-damage|p2b: Sneasler|0 fnt\n|faint|p2b: Sneasler\n|\n|-weather|RainDance|[upkeep]\n|upkeep\n|\n|t:|1776301043\n|switch|p2b: Sinistcha|Sinistcha, L50|100/100\n|-heal|p2a: Froslass|48/100|[from] ability: Hospitality|[of] p2b: Sinistcha\n|turn|4\n|c|\u2606Vonky Ponky|lol\n|c| Tall Tamara|dammm\n|\n|t:|1776301067\n|-curestatus|p1b: Basculegion|frz|[msg]\n|move|p1b: Basculegion|Flip Turn|p2a: Froslass\n|-damage|p2a: Froslass|0 fnt\n|faint|p2a: Froslass\n|\n|t:|1776301071\n|switch|p1b: Archaludon|Archaludon, L50, F, shiny|80/100|[from] Flip Turn\n|move|p1a: Pelipper|Hurricane|p2b: Sinistcha\n|-supereffective|p2b: Sinistcha|1\n|-damage|p2b: Sinistcha|11/100\n|-enditem|p2b: Sinistcha|Sitrus Berry|[eat]\n|-heal|p2b: Sinistcha|36/100|[from] item: Sitrus Berry\n|move|p2b: Sinistcha|Matcha Gotcha|p1a: Pelipper|[spread] p1b\n|-miss|p2b: Sinistcha|p1a: Pelipper\n|-resisted|p1b: Archaludon|2\n|-damage|p1b: Archaludon|73/100\n|-heal|p2b: Sinistcha|39/100|[from] drain|[of] p1b: Archaludon\n|-ability|p1b: Archaludon|Stamina|boost\n|-boost|p1b: Archaludon|def|1\n|\n|-weather|RainDance|[upkeep]\n|-heal|p1b: Archaludon|79/100|[from] item: Leftovers\n|upkeep\n|c|\u2606Vonky Ponky|nice\n|\n|t:|1776301079\n|switch|p2a: Kingambit|Kingambit, L50, F|100/100\n|turn|5\n|j|@Radio Free C-Side\n|\n|t:|1776301100\n|move|p2a: Kingambit|Sucker Punch|p1a: Pelipper\n|-damage|p1a: Pelipper|0 fnt\n|faint|p1a: Pelipper\n|move|p1b: Archaludon|Electro Shot||[still]\n|-prepare|p1b: Archaludon|Electro Shot\n|-boost|p1b: Archaludon|spa|1\n|-anim|p1b: Archaludon|Electro Shot|p2a: Kingambit\n|-damage|p2a: Kingambit|33/100\n|move|p2b: Sinistcha|Trick Room|p2b: Sinistcha\n|-fieldstart|move: Trick Room|[of] p2b: Sinistcha\n|\n|-weather|RainDance|[upkeep]\n|-heal|p1b: Archaludon|85/100|[from] item: Leftovers\n|upkeep\n|\n|t:|1776301112\n|switch|p1a: Basculegion|Basculegion, L50, M, shiny|75/100\n|turn|6\n|inactive|Givemetheghoul has 30 seconds left.\n|inactive|Givemetheghoul has 20 seconds left.\n|inactive|Givemetheghoul has 15 seconds left.\n|\n|t:|1776301153\n|move|p2a: Kingambit|Protect|p2a: Kingambit\n|-singleturn|p2a: Kingambit|Protect\n|move|p1a: Basculegion|Aqua Jet|p2a: Kingambit\n|-activate|p2a: Kingambit|move: Protect\n|move|p2b: Sinistcha|Matcha Gotcha|p1a: Basculegion|[spread] p1a,p1b\n|-supereffective|p1a: Basculegion|1\n|-resisted|p1b: Archaludon|2\n|-damage|p1a: Basculegion|16/100\n|-heal|p2b: Sinistcha|72/100|[from] drain|[of] p1a: Basculegion\n|-damage|p1b: Archaludon|79/100\n|-heal|p2b: Sinistcha|75/100|[from] drain|[of] p1b: Archaludon\n|-status|p1a: Basculegion|brn\n|-ability|p1b: Archaludon|Stamina|boost\n|-boost|p1b: Archaludon|def|1\n|move|p1b: Archaludon|Electro Shot||[still]\n|-prepare|p1b: Archaludon|Electro Shot\n|-boost|p1b: Archaludon|spa|1\n|-anim|p1b: Archaludon|Electro Shot|p2a: Kingambit\n|-activate|p2a: Kingambit|move: Protect\n|\n|-weather|RainDance|[upkeep]\n|-heal|p1b: Archaludon|85/100|[from] item: Leftovers\n|-damage|p1a: Basculegion|10/100 brn|[from] brn\n|upkeep\n|turn|7\n|c|\u2606Vonky Ponky|damn\n|inactive|Vonky Ponky has 30 seconds left.\n|\n|t:|1776301186\n|move|p2b: Sinistcha|Rage Powder|p2b: Sinistcha\n|-singleturn|p2b: Sinistcha|move: Rage Powder\n|move|p1a: Basculegion|Aqua Jet|p2b: Sinistcha\n|-resisted|p2b: Sinistcha|1\n|-damage|p2b: Sinistcha|67/100\n|move|p2a: Kingambit|Swords Dance|p2a: Kingambit\n|-boost|p2a: Kingambit|atk|2\n|move|p1b: Archaludon|Electro Shot||[still]\n|-prepare|p1b: Archaludon|Electro Shot\n|-boost|p1b: Archaludon|spa|1\n|-anim|p1b: Archaludon|Electro Shot|p2b: Sinistcha\n|-resisted|p2b: Sinistcha|1\n|-damage|p2b: Sinistcha|17/100\n|\n|-weather|none\n|-heal|p1b: Archaludon|91/100|[from] item: Leftovers\n|-damage|p1a: Basculegion|4/100 brn|[from] brn\n|upkeep\n|turn|8\n|inactive|Vonky Ponky has 30 seconds left.\n|\n|t:|1776301213\n|move|p1a: Basculegion|Aqua Jet|p2a: Kingambit\n|-damage|p2a: Kingambit|23/100\n|move|p2a: Kingambit|Kowtow Cleave|p1b: Archaludon\n|-damage|p1b: Archaludon|41/100\n|-ability|p1b: Archaludon|Stamina|boost\n|-boost|p1b: Archaludon|def|1\n|move|p2b: Sinistcha|Matcha Gotcha|p1b: Archaludon|[spread] p1a,p1b\n|-supereffective|p1a: Basculegion|1\n|-resisted|p1b: Archaludon|2\n|-damage|p1a: Basculegion|0 fnt\n|-heal|p2b: Sinistcha|20/100|[from] drain|[of] p1a: Basculegion\n|-damage|p1b: Archaludon|34/100\n|-heal|p2b: Sinistcha|23/100|[from] drain|[of] p1b: Archaludon\n|-status|p1b: Archaludon|brn\n|-ability|p1b: Archaludon|Stamina|boost\n|-boost|p1b: Archaludon|def|1\n|faint|p1a: Basculegion\n|move|p1b: Archaludon|Dragon Pulse|p2a: Kingambit\n|-resisted|p2a: Kingambit|1\n|-damage|p2a: Kingambit|0 fnt\n|faint|p2a: Kingambit\n|\n|-heal|p1b: Archaludon|40/100 brn|[from] item: Leftovers\n|-damage|p1b: Archaludon|34/100 brn|[from] brn\n|upkeep\n|turn|9\n|l| Nytter877\n|\n|t:|1776301232\n|move|p1b: Archaludon|Protect|p1b: Archaludon\n|-singleturn|p1b: Archaludon|Protect\n|move|p2b: Sinistcha|Matcha Gotcha|p1b: Archaludon\n|-activate|p1b: Archaludon|move: Protect\n|\n|-heal|p1b: Archaludon|40/100 brn|[from] item: Leftovers\n|-damage|p1b: Archaludon|34/100 brn|[from] brn\n|-fieldend|move: Trick Room\n|upkeep\n|turn|10\n|\n|t:|1776301236\n|move|p1b: Archaludon|Dragon Pulse|p2b: Sinistcha\n|-crit|p2b: Sinistcha\n|-damage|p2b: Sinistcha|0 fnt\n|faint|p2b: Sinistcha\n|\n|win|Vonky Ponky\n|n|\u2606Vonky Ponky|vonkyponky\n|n|\u2606Givemetheghoul|givemetheghoul\n|n| OnToTheOther|ontotheother\n|n| Tall Tamara|talltamara\n|n|+Radio Free C-Side|radiofreecside\n",
  "uploadtime": 1776301236,
  "views": 21,
  "formatid": "gen9championsvgc2026regma",
  "rating": null,
  "private": 0,
  "password": null
}