{
  "id": "gen9championsvgc2026regma-2586930898",
  "format": "[Gen 9 Champions] VGC 2026 Reg M-A",
  "players": [
    "NovaGuy",
    "Achro 11"
  ],
  "log": "|j|\u2606NovaGuy\n|j|\u2606Achro 11\n|t:|1776472935\n|gametype|doubles\n|player|p1|NovaGuy|ethan|1120\n|player|p2|Achro 11|cyrus|1161\n|gen|9\n|tier|[Gen 9 Champions] VGC 2026 Reg M-A\n|rated|\n|rule|Species Clause: Limit one of each Pok\u00e9mon\n|rule|Item Clause: Limit 1 of each item\n|clearpoke\n|poke|p1|Charizard, L50, F|\n|poke|p1|Venusaur, L50, F|\n|poke|p1|Whimsicott, L50, F|\n|poke|p1|Milotic, L50, M|\n|poke|p1|Aegislash, L50, F|\n|poke|p1|Incineroar, L50, F|\n|poke|p2|Talonflame, L50, M|\n|poke|p2|Meowscarada, L50, M|\n|poke|p2|Gardevoir, L50, F|\n|poke|p2|Garchomp, L50, F|\n|poke|p2|Empoleon, L50, M|\n|poke|p2|Froslass, L50, F|\n|teampreview|4\n|\n|t:|1776472974\n|teamsize|p1|4\n|teamsize|p2|4\n|start\n|switch|p1a: Whimsicott|Whimsicott, L50, F|100/100\n|switch|p1b: Incineroar|Incineroar, L50, F|100/100\n|switch|p2a: Gardevoir|Gardevoir, L50, F|100/100\n|switch|p2b: Empoleon|Empoleon, L50, M|100/100\n|-ability|p1b: Incineroar|Intimidate|boost\n|-unboost|p2a: Gardevoir|atk|1\n|-unboost|p2b: Empoleon|atk|1\n|-ability|p2b: Empoleon|Competitive|boost\n|-boost|p2b: Empoleon|spa|2\n|turn|1\n|\n|t:|1776472991\n|detailschange|p2a: Gardevoir|Gardevoir-Mega, L50, F\n|-mega|p2a: Gardevoir|Gardevoir|Gardevoirite\n|move|p1b: Incineroar|Fake Out|p2b: Empoleon\n|-resisted|p2b: Empoleon|1\n|-damage|p2b: Empoleon|96/100\n|move|p1a: Whimsicott|Tailwind|p1a: Whimsicott\n|-sidestart|p1: NovaGuy|move: Tailwind\n|cant|p2b: Empoleon|flinch\n|move|p2a: Gardevoir|Trick Room|p2a: Gardevoir\n|-fieldstart|move: Trick Room|[of] p2a: Gardevoir\n|\n|-heal|p2b: Empoleon|100/100|[from] item: Leftovers\n|upkeep\n|turn|2\n|\n|t:|1776473017\n|move|p1a: Whimsicott|Encore|p2a: Gardevoir\n|-start|p2a: Gardevoir|Encore\n|move|p2b: Empoleon|Flash Cannon|p1a: Whimsicott\n|-supereffective|p1a: Whimsicott|1\n|-enditem|p1a: Whimsicott|Focus Sash\n|-damage|p1a: Whimsicott|1/100\n|move|p1b: Incineroar|Parting Shot|p2b: Empoleon\n|-unboost|p2b: Empoleon|atk|1\n|-ability|p2b: Empoleon|Competitive|boost\n|-boost|p2b: Empoleon|spa|2\n|-unboost|p2b: Empoleon|spa|1\n|-ability|p2b: Empoleon|Competitive|boost\n|-boost|p2b: Empoleon|spa|2\n|\n|t:|1776473033\n|switch|p1b: Aegislash|Aegislash, L50, F|100/100|[from] Parting Shot\n|move|p2a: Gardevoir|Trick Room|p2a: Gardevoir\n|-fieldend|move: Trick Room\n|\n|upkeep\n|turn|3\n|\n|t:|1776473053\n|move|p1a: Whimsicott|Endeavor|p2b: Empoleon\n|-damage|p2b: Empoleon|1/100\n|move|p1b: Aegislash|Swords Dance|p1b: Aegislash\n|-boost|p1b: Aegislash|atk|2\n|move|p2b: Empoleon|Hydro Pump|p1b: Aegislash\n|-damage|p1b: Aegislash|0 fnt\n|faint|p1b: Aegislash\n|move|p2a: Gardevoir|Trick Room|p2a: Gardevoir\n|-fieldstart|move: Trick Room|[of] p2a: Gardevoir\n|\n|-heal|p2b: Empoleon|7/100|[from] item: Leftovers\n|upkeep\n|\n|t:|1776473076\n|switch|p1b: Charizard|Charizard, L50, F|100/100\n|turn|4\n|\n|t:|1776473103\n|switch|p2a: Garchomp|Garchomp, L50, F|100/100\n|detailschange|p1b: Charizard|Charizard-Mega-X, L50, F\n|-mega|p1b: Charizard|Charizard|Charizardite X\n|move|p2b: Empoleon|Protect|p2b: Empoleon\n|-singleturn|p2b: Empoleon|Protect\n|move|p1b: Charizard|Protect|p1b: Charizard\n|-singleturn|p1b: Charizard|Protect\n|move|p1a: Whimsicott|Endeavor|p2a: Garchomp\n|-damage|p2a: Garchomp|1/100\n|-damage|p1a: Whimsicott|0 fnt|[from] ability: Rough Skin|[of] p2a: Garchomp\n|faint|p1a: Whimsicott\n|\n|-heal|p2b: Empoleon|13/100|[from] item: Leftovers\n|-sideend|p1: NovaGuy|move: Tailwind\n|upkeep\n|\n|t:|1776473121\n|switch|p1a: Incineroar|Incineroar, L50, F|100/100\n|-ability|p1a: Incineroar|Intimidate|boost\n|-unboost|p2a: Garchomp|atk|1\n|-unboost|p2b: Empoleon|atk|1\n|-ability|p2b: Empoleon|Competitive|boost\n|-boost|p2b: Empoleon|spa|1\n|-enditem|p2a: Garchomp|White Herb\n|-clearnegativeboost|p2a: Garchomp|[silent]\n|turn|5\n|\n|t:|1776473135\n|move|p2a: Garchomp|Protect|p2a: Garchomp\n|-singleturn|p2a: Garchomp|Protect\n|move|p1a: Incineroar|Fake Out|p2b: Empoleon\n|-resisted|p2b: Empoleon|1\n|-damage|p2b: Empoleon|8/100\n|cant|p2b: Empoleon|flinch\n|move|p1b: Charizard|Dragon Claw|p2a: Garchomp\n|-activate|p2a: Garchomp|move: Protect\n|\n|-heal|p2b: Empoleon|14/100|[from] item: Leftovers\n|upkeep\n|turn|6\n|\n|t:|1776473164\n|move|p2b: Empoleon|Hydro Pump|p1b: Charizard|[miss]\n|-miss|p2b: Empoleon|p1b: Charizard\n|move|p1a: Incineroar|Throat Chop|p2a: Garchomp\n|-damage|p2a: Garchomp|0 fnt\n|-damage|p1a: Incineroar|88/100|[from] ability: Rough Skin|[of] p2a: Garchomp\n|faint|p2a: Garchomp\n|move|p1b: Charizard|Flare Blitz|p2b: Empoleon\n|-damage|p2b: Empoleon|0 fnt\n|faint|p2b: Empoleon\n|-damage|p1b: Charizard|96/100|[from] Recoil\n|\n|upkeep\n|\n|t:|1776473176\n|switch|p2b: Meowscarada|Meowscarada, L50, M|100/100\n|switch|p2a: Gardevoir|Gardevoir-Mega, L50, F|100/100\n|turn|7\n|\n|t:|1776473213\n|move|p2b: Meowscarada|Protect|p2b: Meowscarada\n|-singleturn|p2b: Meowscarada|Protect\n|move|p1a: Incineroar|Throat Chop|p2a: Gardevoir\n|-damage|p2a: Gardevoir|67/100\n|-start|p2a: Gardevoir|Throat Chop|[silent]\n|cant|p2a: Gardevoir|move: Throat Chop\n|move|p1b: Charizard|Flare Blitz|p2a: Gardevoir\n|-damage|p2a: Gardevoir|0 fnt\n|faint|p2a: Gardevoir\n|-damage|p1b: Charizard|75/100|[from] Recoil\n|\n|-fieldend|move: Trick Room\n|upkeep\n|turn|8\n|\n|t:|1776473234\n|move|p1b: Charizard|Protect|p1b: Charizard\n|-singleturn|p1b: Charizard|Protect\n|move|p2b: Meowscarada|Sucker Punch||[still]\n|-fail|p2b: Meowscarada\n|move|p1a: Incineroar|Taunt|p2b: Meowscarada\n|-start|p2b: Meowscarada|move: Taunt\n|\n|upkeep\n|turn|9\n|\n|t:|1776473247\n|move|p2b: Meowscarada|Sucker Punch||[still]\n|-fail|p2b: Meowscarada\n|move|p1b: Charizard|Dragon Dance|p1b: Charizard\n|-boost|p1b: Charizard|atk|1\n|-boost|p1b: Charizard|spe|1\n|move|p1a: Incineroar|Parting Shot|p2b: Meowscarada\n|-unboost|p2b: Meowscarada|atk|1\n|-unboost|p2b: Meowscarada|spa|1\n|\n|upkeep\n|turn|10\n|-message|Achro 11 forfeited.\n|\n|win|NovaGuy\n|raw|NovaGuy's rating: 1120 &rarr; <strong>1148</strong><br />(+28 for winning)\n|raw|Achro 11's rating: 1161 &rarr; <strong>1133</strong><br />(-28 for losing)\n|l|\u2606Achro 11\n|player|p2|\n",
  "uploadtime": 1776473259,
  "views": 19,
  "formatid": "gen9championsvgc2026regma",
  "rating": 1133,
  "private": 0,
  "password": null
}