{
  "id": "gen9championsvgc2026regma-2582815140",
  "format": "[Gen 9 Champions] VGC 2026 Reg M-A",
  "players": [
    "qwertyryo",
    "toxicBLenthusiast"
  ],
  "log": "|j|\u2606qwertyryo\n|j|\u2606toxicBLenthusiast\n|t:|1776116196\n|gametype|doubles\n|player|p1|qwertyryo|101|1090\n|player|p2|toxicBLenthusiast|170|1000\n|gen|9\n|tier|[Gen 9 Champions] VGC 2026 Reg M-A\n|rated|\n|rule|Species Clause: Limit one of each Pok\u00e9mon\n|rule|Item Clause: Limit 1 of each item\n|clearpoke\n|poke|p1|Froslass, L50, F|\n|poke|p1|Rotom-Frost, L50|\n|poke|p1|Garchomp, L50, F|\n|poke|p1|Incineroar, L50, M|\n|poke|p1|Empoleon, L50, M|\n|poke|p1|Kingambit, L50, F|\n|poke|p2|Floette-Eternal, L50, F|\n|poke|p2|Kingambit, L50, F|\n|poke|p2|Delphox, L50, M|\n|poke|p2|Incineroar, L50, M|\n|poke|p2|Sneasler, L50, F|\n|poke|p2|Garchomp, L50, F|\n|teampreview|4\n|j| XxGonzalo2009xj\n|l| XxGonzalo2009xj\n|\n|t:|1776116235\n|teamsize|p1|4\n|teamsize|p2|4\n|start\n|switch|p1a: Empoleon|Empoleon, L50, M|100/100\n|switch|p1b: Incineroar|Incineroar, L50, M|100/100\n|switch|p2a: Delphox|Delphox, L50, M|100/100\n|switch|p2b: Garchomp|Garchomp, L50, F|100/100\n|-ability|p1b: Incineroar|Intimidate|boost\n|-unboost|p2a: Delphox|atk|1\n|-unboost|p2b: Garchomp|atk|1\n|turn|1\n|\n|t:|1776116274\n|switch|p2b: Incineroar|Incineroar, L50, M|100/100\n|-ability|p2b: Incineroar|Intimidate|boost\n|-unboost|p1a: Empoleon|atk|1\n|-ability|p1a: Empoleon|Competitive|boost\n|-boost|p1a: Empoleon|spa|2\n|-unboost|p1b: Incineroar|atk|1\n|detailschange|p2a: Delphox|Delphox-Mega, L50, M\n|-mega|p2a: Delphox|Delphox|Delphoxite\n|move|p2a: Delphox|Protect|p2a: Delphox\n|-singleturn|p2a: Delphox|Protect\n|move|p1b: Incineroar|Fake Out|p2a: Delphox\n|-activate|p2a: Delphox|move: Protect\n|move|p1a: Empoleon|Water Pulse|p2a: Delphox\n|-activate|p2a: Delphox|move: Protect\n|\n|upkeep\n|turn|2\n|\n|t:|1776116300\n|move|p2b: Incineroar|Fake Out|p1a: Empoleon\n|-resisted|p1a: Empoleon|1\n|-damage|p1a: Empoleon|95/100\n|move|p2a: Delphox|Encore|p1b: Incineroar\n|-start|p1b: Incineroar|Encore\n|move|p1b: Incineroar|Fake Out||[still]\n|-hint|Fake Out only works on your first turn out.\n|-fail|p1b: Incineroar\n|cant|p1a: Empoleon|flinch\n|\n|-heal|p1a: Empoleon|100/100|[from] item: Leftovers\n|upkeep\n|turn|3\n|\n|t:|1776116319\n|switch|p2a: Kingambit|Kingambit, L50, F|100/100\n|switch|p1b: Rotom|Rotom-Frost, L50|100/100\n|move|p1a: Empoleon|Water Pulse|p2a: Kingambit\n|-damage|p2a: Kingambit|39/100\n|move|p2b: Incineroar|Parting Shot|p1a: Empoleon\n|-unboost|p1a: Empoleon|atk|1\n|-ability|p1a: Empoleon|Competitive|boost\n|-boost|p1a: Empoleon|spa|2\n|-unboost|p1a: Empoleon|spa|1\n|-ability|p1a: Empoleon|Competitive|boost\n|-boost|p1a: Empoleon|spa|2\n|c|\u2606qwertyryo|bro\n|\n|t:|1776116335\n|switch|p2b: Delphox|Delphox-Mega, L50, M|100/100|[from] Parting Shot\n|\n|upkeep\n|turn|4\n|\n|t:|1776116346\n|move|p2a: Kingambit|Sucker Punch|p1a: Empoleon\n|-damage|p1a: Empoleon|58/100\n|move|p1b: Rotom|Electroweb|p2a: Kingambit|[spread] p2a,p2b\n|-damage|p2a: Kingambit|21/100\n|-damage|p2b: Delphox|84/100\n|-unboost|p2a: Kingambit|spe|1\n|-ability|p2a: Kingambit|Defiant|boost\n|-boost|p2a: Kingambit|atk|2\n|-unboost|p2b: Delphox|spe|1\n|move|p2b: Delphox|Heat Wave|p1b: Rotom|[spread] p1a,p1b\n|-supereffective|p1b: Rotom|1\n|-damage|p1a: Empoleon|21/100\n|-damage|p1b: Rotom|11/100\n|move|p1a: Empoleon|Water Pulse|p2a: Kingambit\n|-damage|p2a: Kingambit|0 fnt\n|faint|p2a: Kingambit\n|\n|-heal|p1a: Empoleon|27/100|[from] item: Leftovers\n|upkeep\n|\n|t:|1776116363\n|switch|p2a: Incineroar|Incineroar, L50, M|100/100\n|-ability|p2a: Incineroar|Intimidate|boost\n|-unboost|p1a: Empoleon|atk|1\n|-ability|p1a: Empoleon|Competitive|boost\n|-boost|p1a: Empoleon|spa|1\n|-unboost|p1b: Rotom|atk|1\n|turn|5\n|\n|t:|1776116374\n|move|p1a: Empoleon|Protect|p1a: Empoleon\n|-singleturn|p1a: Empoleon|Protect\n|move|p2a: Incineroar|Fake Out|p1a: Empoleon\n|-activate|p1a: Empoleon|move: Protect\n|move|p1b: Rotom|Electroweb|p2b: Delphox|[spread] p2a,p2b\n|-damage|p2a: Incineroar|82/100\n|-damage|p2b: Delphox|67/100\n|-unboost|p2a: Incineroar|spe|1\n|-unboost|p2b: Delphox|spe|1\n|move|p2b: Delphox|Heat Wave|p1b: Rotom|[spread] p1b\n|-activate|p1a: Empoleon|move: Protect\n|-supereffective|p1b: Rotom|1\n|-damage|p1b: Rotom|0 fnt\n|faint|p1b: Rotom\n|\n|-heal|p1a: Empoleon|32/100|[from] item: Leftovers\n|-heal|p2a: Incineroar|88/100|[from] item: Leftovers\n|upkeep\n|\n|t:|1776116388\n|switch|p1b: Froslass|Froslass, L50, F|100/100\n|turn|6\n|\n|t:|1776116402\n|switch|p2b: Garchomp|Garchomp, L50, F|100/100\n|detailschange|p1b: Froslass|Froslass-Mega, L50, F\n|-mega|p1b: Froslass|Froslass|Froslassite\n|-weather|Snowscape|[from] ability: Snow Warning|[of] p1b: Froslass\n|move|p1b: Froslass|Aurora Veil|p1b: Froslass\n|-sidestart|p1: qwertyryo|move: Aurora Veil\n|move|p1a: Empoleon|Water Pulse|p2b: Garchomp\n|-damage|p2b: Garchomp|0 fnt\n|faint|p2b: Garchomp\n|move|p2a: Incineroar|Parting Shot|p1a: Empoleon\n|-unboost|p1a: Empoleon|atk|1\n|-boost|p1a: Empoleon|spa|0\n|-unboost|p1a: Empoleon|spa|1\n|-ability|p1a: Empoleon|Competitive|boost\n|-boost|p1a: Empoleon|spa|1\n|\n|t:|1776116416\n|switch|p2a: Delphox|Delphox-Mega, L50, M|67/100|[from] Parting Shot\n|\n|-weather|Snowscape|[upkeep]\n|-heal|p1a: Empoleon|38/100|[from] item: Leftovers\n|upkeep\n|\n|t:|1776116421\n|switch|p2b: Incineroar|Incineroar, L50, M|88/100\n|-ability|p2b: Incineroar|Intimidate|boost\n|-unboost|p1a: Empoleon|atk|1\n|-boost|p1a: Empoleon|spa|0\n|-unboost|p1b: Froslass|atk|1\n|turn|7\n|\n|t:|1776116450\n|move|p2b: Incineroar|Fake Out|p1a: Empoleon\n|-resisted|p1a: Empoleon|1\n|-damage|p1a: Empoleon|35/100\n|move|p2a: Delphox|Encore|p1b: Froslass\n|-start|p1b: Froslass|Encore\n|move|p1b: Froslass|Aurora Veil||[still]\n|-fail|p1b: Froslass\n|cant|p1a: Empoleon|flinch\n|\n|-weather|Snowscape|[upkeep]\n|-heal|p1a: Empoleon|40/100|[from] item: Leftovers\n|-heal|p2b: Incineroar|94/100|[from] item: Leftovers\n|upkeep\n|turn|8\n|\n|t:|1776116473\n|switch|p1b: Incineroar|Incineroar, L50, M|100/100\n|-ability|p1b: Incineroar|Intimidate|boost\n|-unboost|p2a: Delphox|atk|1\n|-unboost|p2b: Incineroar|atk|1\n|move|p2a: Delphox|Psychic|p1a: Empoleon\n|-resisted|p1a: Empoleon|1\n|-damage|p1a: Empoleon|27/100\n|move|p1a: Empoleon|Water Pulse|p2b: Incineroar\n|-supereffective|p2b: Incineroar|1\n|-damage|p2b: Incineroar|0 fnt\n|faint|p2b: Incineroar\n|\n|-weather|Snowscape|[upkeep]\n|-heal|p1a: Empoleon|33/100|[from] item: Leftovers\n|upkeep\n|turn|9\n|\n|t:|1776116493\n|move|p1b: Incineroar|Fake Out|p2a: Delphox\n|-damage|p2a: Delphox|50/100\n|cant|p2a: Delphox|flinch\n|move|p1a: Empoleon|Water Pulse|p2a: Delphox\n|-supereffective|p2a: Delphox|1\n|-damage|p2a: Delphox|0 fnt\n|faint|p2a: Delphox\n|\n|win|qwertyryo\n|raw|qwertyryo's rating: 1090 &rarr; <strong>1110</strong><br />(+20 for winning)\n|raw|toxicBLenthusiast's rating: 1000 &rarr; <strong>1000</strong><br />(+0 for losing)\n|l|\u2606toxicBLenthusiast\n|player|p2|\n",
  "uploadtime": 1776116502,
  "views": 21,
  "formatid": "gen9championsvgc2026regma",
  "rating": 1000,
  "private": 0,
  "password": null
}