{
  "id": "gen9championsvgc2026regma-2580376743",
  "format": "[Gen 9 Champions] VGC 2026 Reg M-A",
  "players": [
    "yushaaa",
    "SaioSeli"
  ],
  "log": "|j|\u203dyushaaa\n|j|\u2606SaioSeli\n|t:|1775887398\n|gametype|doubles\n|player|p1|yushaaa|skier|1077\n|player|p2|SaioSeli|selene|1036\n|gen|9\n|tier|[Gen 9 Champions] VGC 2026 Reg M-A\n|rated|\n|rule|Species Clause: Limit one of each Pok\u00e9mon\n|rule|Item Clause: Limit 1 of each item\n|clearpoke\n|poke|p1|Incineroar, L50, M|\n|poke|p1|Archaludon, L50, F|\n|poke|p1|Feraligatr, L50, F|\n|poke|p1|Sinistcha, L50|\n|poke|p1|Pelipper, L50, M|\n|poke|p1|Chesnaught, L50, M|\n|poke|p2|Incineroar, L50, F|\n|poke|p2|Aerodactyl, L50, F|\n|poke|p2|Raichu, L50, M|\n|poke|p2|Sneasler, L50, F|\n|poke|p2|Charizard, L50, M|\n|poke|p2|Whimsicott, L50, M|\n|teampreview|4\n|inactive|Battle timer is ON: inactive players will automatically lose when time's up. (requested by yushaaa)\n|\n|t:|1775887418\n|teamsize|p1|4\n|teamsize|p2|4\n|start\n|switch|p1a: Incineroar|Incineroar, L50, M|100/100\n|switch|p1b: Feraligatr|Feraligatr, L50, F|100/100\n|switch|p2a: Whimsicott|Whimsicott, L50, M|100/100\n|switch|p2b: Raichu|Raichu, L50, M|100/100\n|-ability|p1a: Incineroar|Intimidate|boost\n|-unboost|p2a: Whimsicott|atk|1\n|-unboost|p2b: Raichu|atk|1\n|turn|1\n|\n|t:|1775887429\n|detailschange|p1b: Feraligatr|Feraligatr-Mega, L50, F\n|-mega|p1b: Feraligatr|Feraligatr|Feraligite\n|move|p2b: Raichu|Fake Out|p1a: Incineroar\n|-damage|p1a: Incineroar|96/100\n|cant|p1a: Incineroar|flinch\n|move|p2a: Whimsicott|Tailwind|p2a: Whimsicott\n|-sidestart|p2: SaioSeli|move: Tailwind\n|move|p1b: Feraligatr|Double-Edge|p2b: Raichu\n|-damage|p2b: Raichu|0 fnt\n|faint|p2b: Raichu\n|-damage|p1b: Feraligatr|77/100|[from] Recoil\n|\n|upkeep\n|\n|t:|1775887441\n|switch|p2b: Sneasler|Sneasler, L50, F|100/100\n|turn|2\n|\n|t:|1775887462\n|move|p1b: Feraligatr|Protect|p1b: Feraligatr\n|-singleturn|p1b: Feraligatr|Protect\n|move|p2b: Sneasler|Close Combat|p1a: Incineroar\n|-supereffective|p1a: Incineroar|1\n|-enditem|p1a: Incineroar|Chople Berry|[eat]\n|-enditem|p1a: Incineroar|Chople Berry|[weaken]\n|-damage|p1a: Incineroar|37/100\n|-unboost|p2b: Sneasler|def|1\n|-unboost|p2b: Sneasler|spd|1\n|-enditem|p2b: Sneasler|White Herb\n|-clearnegativeboost|p2b: Sneasler|[silent]\n|move|p2a: Whimsicott|Moonblast|p1b: Feraligatr\n|-activate|p1b: Feraligatr|move: Protect\n|move|p1a: Incineroar|Flare Blitz|p2a: Whimsicott\n|-supereffective|p2a: Whimsicott|1\n|-damage|p2a: Whimsicott|12/100\n|-damage|p1a: Incineroar|16/100|[from] Recoil\n|\n|upkeep\n|turn|3\n|\n|t:|1775887480\n|move|p2b: Sneasler|Dire Claw|p1a: Incineroar\n|-damage|p1a: Incineroar|0 fnt\n|faint|p1a: Incineroar\n|move|p2a: Whimsicott|Moonblast|p1b: Feraligatr\n|-supereffective|p1b: Feraligatr|1\n|-damage|p1b: Feraligatr|27/100\n|move|p1b: Feraligatr|Double-Edge|p2b: Sneasler\n|-damage|p2b: Sneasler|0 fnt\n|faint|p2b: Sneasler\n|-damage|p1b: Feraligatr|0 fnt|[from] Recoil\n|faint|p1b: Feraligatr\n|\n|upkeep\n|\n|t:|1775887489\n|switch|p2b: Charizard|Charizard, L50, M|100/100\n|switch|p1b: Archaludon|Archaludon, L50, F|100/100\n|switch|p1a: Pelipper|Pelipper, L50, M|100/100\n|-weather|RainDance|[from] ability: Drizzle|[of] p1a: Pelipper\n|turn|4\n|\n|t:|1775887504\n|move|p1a: Pelipper|Protect|p1a: Pelipper\n|-singleturn|p1a: Pelipper|Protect\n|move|p1b: Archaludon|Protect|p1b: Archaludon\n|-singleturn|p1b: Archaludon|Protect\n|move|p2a: Whimsicott|Sunny Day|p2a: Whimsicott\n|-weather|SunnyDay\n|move|p2b: Charizard|Scorching Sands|p1b: Archaludon\n|-activate|p1b: Archaludon|move: Protect\n|\n|-weather|SunnyDay|[upkeep]\n|-damage|p2b: Charizard|88/100|[from] ability: Solar Power|[of] p2b: Charizard\n|-sideend|p2: SaioSeli|move: Tailwind\n|upkeep\n|turn|5\n|\n|t:|1775887527\n|move|p2a: Whimsicott|Encore|p1a: Pelipper\n|-start|p1a: Pelipper|Encore\n|move|p1a: Pelipper|Protect||[still]\n|-fail|p1a: Pelipper\n|move|p2b: Charizard|Scorching Sands|p1b: Archaludon\n|-supereffective|p1b: Archaludon|1\n|-enditem|p1b: Archaludon|Shuca Berry|[eat]\n|-enditem|p1b: Archaludon|Shuca Berry|[weaken]\n|-damage|p1b: Archaludon|62/100\n|-status|p1b: Archaludon|brn\n|-ability|p1b: Archaludon|Stamina|boost\n|-boost|p1b: Archaludon|def|1\n|move|p1b: Archaludon|Dragon Pulse|p2b: Charizard\n|-damage|p2b: Charizard|31/100\n|\n|-weather|SunnyDay|[upkeep]\n|-damage|p2b: Charizard|19/100|[from] ability: Solar Power|[of] p2b: Charizard\n|-damage|p1b: Archaludon|56/100 brn|[from] brn\n|upkeep\n|turn|6\n|\n|t:|1775887535\n|detailschange|p2b: Charizard|Charizard-Mega-Y, L50, M\n|-mega|p2b: Charizard|Charizard|Charizardite Y\n|move|p1a: Pelipper|Protect|p1a: Pelipper\n|-singleturn|p1a: Pelipper|Protect\n|move|p2a: Whimsicott|Tailwind|p2a: Whimsicott\n|-sidestart|p2: SaioSeli|move: Tailwind\n|move|p2b: Charizard|Heat Wave|p1a: Pelipper|[spread] p1b\n|-activate|p1a: Pelipper|move: Protect\n|-damage|p1b: Archaludon|0 fnt\n|faint|p1b: Archaludon\n|\n|-weather|SunnyDay|[upkeep]\n|upkeep\n|turn|7\n|\n|t:|1775887557\n|move|p1a: Pelipper|Protect||[still]\n|-fail|p1a: Pelipper\n|move|p2b: Charizard|Heat Wave|p1a: Pelipper\n|-resisted|p1a: Pelipper|1\n|-damage|p1a: Pelipper|25/100\n|move|p2a: Whimsicott|Moonblast|p1a: Pelipper\n|-damage|p1a: Pelipper|0 fnt\n|faint|p1a: Pelipper\n|\n|win|SaioSeli\n|raw|yushaaa's rating: 1077 &rarr; <strong>1053</strong><br />(-24 for losing)\n|raw|SaioSeli's rating: 1036 &rarr; <strong>1075</strong><br />(+39 for winning)\n|c|\u2606SaioSeli|gg\n|l|\u203dyushaaa\n|player|p1|\n",
  "uploadtime": 1775887566,
  "views": 12,
  "formatid": "gen9championsvgc2026regma",
  "rating": 1053,
  "private": 0,
  "password": null
}