{
  "id": "gen9championsvgc2026regma-2587187102",
  "format": "[Gen 9 Champions] VGC 2026 Reg M-A",
  "players": [
    "Aux.Asahina",
    "Reubz123"
  ],
  "log": "|j|\u2606Aux.Asahina\n|j|\u2606Reubz123\n|t:|1776506124\n|gametype|doubles\n|player|p1|Aux.Asahina|rocketgruntf|1096\n|player|p2|Reubz123|169|1000\n|gen|9\n|tier|[Gen 9 Champions] VGC 2026 Reg M-A\n|rated|\n|rule|Species Clause: Limit one of each Pok\u00e9mon\n|rule|Item Clause: Limit 1 of each item\n|clearpoke\n|poke|p1|Milotic, L50, F|\n|poke|p1|Kangaskhan, L50, F|\n|poke|p1|Aegislash, L50, M|\n|poke|p1|Aerodactyl, L50, F|\n|poke|p1|Garchomp, L50, M|\n|poke|p1|Rotom-Heat, L50|\n|poke|p2|Archaludon, L50, M|\n|poke|p2|Pelipper, L50, F|\n|poke|p2|Sneasler, L50, F|\n|poke|p2|Incineroar, L50, M|\n|poke|p2|Basculegion, L50, M|\n|poke|p2|Meganium, L50, F|\n|teampreview|4\n|inactive|Battle timer is ON: inactive players will automatically lose when time's up. (requested by Aux.Asahina)\n|\n|t:|1776506166\n|teamsize|p1|4\n|teamsize|p2|4\n|start\n|switch|p1a: Kangaskhan|Kangaskhan, L50, F|100/100\n|switch|p1b: Rotom|Rotom-Heat, L50|100/100\n|switch|p2a: Pelipper|Pelipper, L50, F|100/100\n|switch|p2b: Basculegion|Basculegion, L50, M|100/100\n|-weather|RainDance|[from] ability: Drizzle|[of] p2a: Pelipper\n|turn|1\n|\n|t:|1776506185\n|move|p2b: Basculegion|Protect|p2b: Basculegion\n|-singleturn|p2b: Basculegion|Protect\n|move|p2a: Pelipper|Protect|p2a: Pelipper\n|-singleturn|p2a: Pelipper|Protect\n|move|p1a: Kangaskhan|Fake Out|p2a: Pelipper\n|-activate|p2a: Pelipper|move: Protect\n|move|p1b: Rotom|Volt Switch|p2a: Pelipper\n|-activate|p2a: Pelipper|move: Protect\n|\n|-weather|RainDance|[upkeep]\n|upkeep\n|turn|2\n|\n|t:|1776506205\n|move|p1a: Kangaskhan|Sucker Punch|p2b: Basculegion\n|-supereffective|p2b: Basculegion|1\n|-damage|p2b: Basculegion|50/100\n|move|p2b: Basculegion|Wave Crash|p1b: Rotom\n|-supereffective|p1b: Rotom|1\n|-damage|p1b: Rotom|0 fnt\n|faint|p1b: Rotom\n|-damage|p2b: Basculegion|26/100|[from] Recoil\n|move|p2a: Pelipper|Tailwind|p2a: Pelipper\n|-sidestart|p2: Reubz123|move: Tailwind\n|\n|-weather|RainDance|[upkeep]\n|upkeep\n|\n|t:|1776506221\n|switch|p1b: Garchomp|Garchomp, L50, M|100/100\n|turn|3\n|\n|t:|1776506237\n|switch|p2b: Archaludon|Archaludon, L50, M|100/100\n|detailschange|p1a: Kangaskhan|Kangaskhan-Mega, L50, F\n|-mega|p1a: Kangaskhan|Kangaskhan|Kangaskhanite\n|move|p1b: Garchomp|Protect|p1b: Garchomp\n|-singleturn|p1b: Garchomp|Protect\n|move|p1a: Kangaskhan|Sucker Punch||[still]\n|-fail|p1a: Kangaskhan\n|move|p2a: Pelipper|Hurricane|p1b: Garchomp\n|-activate|p1b: Garchomp|move: Protect\n|\n|-weather|RainDance|[upkeep]\n|upkeep\n|turn|4\n|\n|t:|1776506256\n|switch|p1b: Milotic|Milotic, L50, F|100/100\n|move|p2a: Pelipper|Hurricane|p1b: Milotic\n|-damage|p1b: Milotic|68/100\n|move|p2b: Archaludon|Electro Shot||[still]\n|-prepare|p2b: Archaludon|Electro Shot\n|-boost|p2b: Archaludon|spa|1\n|-anim|p2b: Archaludon|Electro Shot|p1a: Kangaskhan\n|-damage|p1a: Kangaskhan|45/100\n|move|p1a: Kangaskhan|Low Kick|p2b: Archaludon\n|-supereffective|p2b: Archaludon|1\n|-damage|p2b: Archaludon|59/100\n|-ability|p2b: Archaludon|Stamina|boost\n|-boost|p2b: Archaludon|def|1\n|-supereffective|p2b: Archaludon|1\n|-damage|p2b: Archaludon|54/100\n|-ability|p2b: Archaludon|Stamina|boost\n|-boost|p2b: Archaludon|def|1\n|-hitcount|p2b: Archaludon|2\n|\n|-weather|RainDance|[upkeep]\n|-heal|p2b: Archaludon|60/100|[from] item: Leftovers\n|upkeep\n|turn|5\n|inactive|Aux.Asahina has 30 seconds left.\n|\n|t:|1776506286\n|move|p1b: Milotic|Protect|p1b: Milotic\n|-singleturn|p1b: Milotic|Protect\n|move|p1a: Kangaskhan|Sucker Punch|p2b: Archaludon\n|-damage|p2b: Archaludon|51/100\n|-ability|p2b: Archaludon|Stamina|boost\n|-boost|p2b: Archaludon|def|1\n|-damage|p2b: Archaludon|50/100\n|-ability|p2b: Archaludon|Stamina|boost\n|-boost|p2b: Archaludon|def|1\n|-hitcount|p2b: Archaludon|2\n|move|p2a: Pelipper|Weather Ball|p1a: Kangaskhan\n|-damage|p1a: Kangaskhan|0 fnt\n|faint|p1a: Kangaskhan\n|move|p2b: Archaludon|Electro Shot||[still]\n|-prepare|p2b: Archaludon|Electro Shot\n|-boost|p2b: Archaludon|spa|1\n|-anim|p2b: Archaludon|Electro Shot|p1b: Milotic\n|-activate|p1b: Milotic|move: Protect\n|\n|-weather|none\n|-heal|p2b: Archaludon|56/100|[from] item: Leftovers\n|-sideend|p2: Reubz123|move: Tailwind\n|upkeep\n|\n|t:|1776506297\n|switch|p1a: Garchomp|Garchomp, L50, M|100/100\n|turn|6\n|\n|t:|1776506306\n|move|p2b: Archaludon|Protect|p2b: Archaludon\n|-singleturn|p2b: Archaludon|Protect\n|move|p1a: Garchomp|Earthquake|p2b: Archaludon|[spread] p1b\n|-activate|p2b: Archaludon|move: Protect\n|-immune|p2a: Pelipper\n|-damage|p1b: Milotic|33/100\n|-enditem|p1b: Milotic|Sitrus Berry|[eat]\n|-heal|p1b: Milotic|58/100|[from] item: Sitrus Berry\n|move|p2a: Pelipper|Tailwind|p2a: Pelipper\n|-sidestart|p2: Reubz123|move: Tailwind\n|move|p1b: Milotic|Ice Beam|p2a: Pelipper\n|-damage|p2a: Pelipper|60/100\n|\n|-heal|p2b: Archaludon|62/100|[from] item: Leftovers\n|upkeep\n|turn|7\n|\n|t:|1776506322\n|switch|p2a: Basculegion|Basculegion, L50, M|26/100\n|move|p2b: Archaludon|Draco Meteor|p1a: Garchomp\n|-supereffective|p1a: Garchomp|1\n|-enditem|p1a: Garchomp|Haban Berry|[eat]\n|-enditem|p1a: Garchomp|Haban Berry|[weaken]\n|-damage|p1a: Garchomp|0 fnt\n|-unboost|p2b: Archaludon|spa|2\n|faint|p1a: Garchomp\n|move|p1b: Milotic|Life Dew|p1b: Milotic\n|-heal|p1b: Milotic|83/100\n|\n|-heal|p2b: Archaludon|68/100|[from] item: Leftovers\n|upkeep\n|turn|8\n|c|\u2606Reubz123|gg\n|\n|t:|1776506335\n|switch|p2a: Pelipper|Pelipper, L50, F|60/100\n|-weather|RainDance|[from] ability: Drizzle|[of] p2a: Pelipper\n|move|p2b: Archaludon|Electro Shot||[still]\n|-prepare|p2b: Archaludon|Electro Shot\n|-boost|p2b: Archaludon|spa|1\n|-anim|p2b: Archaludon|Electro Shot|p1b: Milotic\n|-supereffective|p1b: Milotic|1\n|-damage|p1b: Milotic|0 fnt\n|faint|p1b: Milotic\n|\n|win|Reubz123\n|raw|Aux.Asahina's rating: 1096 &rarr; <strong>1065</strong><br />(-31 for losing)\n|raw|Reubz123's rating: 1000 &rarr; <strong>1051</strong><br />(+51 for winning)\n",
  "uploadtime": 1776506345,
  "views": 21,
  "formatid": "gen9championsvgc2026regma",
  "rating": 1051,
  "private": 0,
  "password": null
}