{
  "id": "gen9championsvgc2026regma-2583654817",
  "format": "[Gen 9 Champions] VGC 2026 Reg M-A",
  "players": [
    "terraria wyvern",
    "Ferdford"
  ],
  "log": "|j|\u2606terraria wyvern\n|j|\u2606Ferdford\n|t:|1776189051\n|gametype|doubles\n|player|p1|terraria wyvern|harlequin|1048\n|player|p2|Ferdford|169|1105\n|gen|9\n|tier|[Gen 9 Champions] VGC 2026 Reg M-A\n|rated|\n|rule|Species Clause: Limit one of each Pok\u00e9mon\n|rule|Item Clause: Limit 1 of each item\n|clearpoke\n|poke|p1|Alcremie-Salted-Cream, L50, F|\n|poke|p1|Whimsicott, L50, F|\n|poke|p1|Starmie, L50|\n|poke|p1|Incineroar, L50, M|\n|poke|p1|Dragapult, L50, F|\n|poke|p1|Weavile, L50, F|\n|poke|p2|Typhlosion-Hisui, L50, F|\n|poke|p2|Aerodactyl, L50, M|\n|poke|p2|Torkoal, L50, M|\n|poke|p2|Whimsicott, L50, M|\n|poke|p2|Sneasler, L50, M|\n|poke|p2|Azumarill, L50, F|\n|teampreview|4\n|\n|t:|1776189073\n|teamsize|p1|4\n|teamsize|p2|4\n|start\n|switch|p1a: Potential strat 2|Dragapult, L50, F|100/100\n|switch|p1b: Potential strat 1|Starmie, L50|100/100\n|switch|p2a: Whimsicott|Whimsicott, L50, M|100/100\n|switch|p2b: Sneasler|Sneasler, L50, M|100/100\n|turn|1\n|\n|t:|1776189105\n|detailschange|p1b: Potential strat 1|Starmie-Mega, L50\n|-mega|p1b: Potential strat 1|Starmie|Starminite\n|move|p2b: Sneasler|Fake Out|p1b: Potential strat 1\n|-damage|p1b: Potential strat 1|79/100\n|move|p2a: Whimsicott|Sunny Day|p2a: Whimsicott\n|-weather|SunnyDay\n|move|p1a: Potential strat 2|Dragon Dance|p1a: Potential strat 2\n|-boost|p1a: Potential strat 2|atk|1\n|-boost|p1a: Potential strat 2|spe|1\n|cant|p1b: Potential strat 1|flinch\n|\n|-weather|SunnyDay|[upkeep]\n|upkeep\n|turn|2\n|\n|t:|1776189144\n|move|p2a: Whimsicott|Tailwind|p2a: Whimsicott\n|-sidestart|p2: Ferdford|move: Tailwind\n|move|p2b: Sneasler|Dire Claw|p1b: Potential strat 1\n|-damage|p1b: Potential strat 1|18/100\n|-status|p1b: Potential strat 1|par\n|move|p1a: Potential strat 2|Phantom Force||[still]\n|-prepare|p1a: Potential strat 2|Phantom Force\n|move|p1b: Potential strat 1|Psychic|p2b: Sneasler\n|-supereffective|p2b: Sneasler|2\n|-damage|p2b: Sneasler|0 fnt\n|faint|p2b: Sneasler\n|\n|-weather|SunnyDay|[upkeep]\n|upkeep\n|\n|t:|1776189155\n|switch|p2b: Azumarill|Azumarill, L50, F|100/100\n|turn|3\n|\n|t:|1776189169\n|move|p2a: Whimsicott|Energy Ball|p1a: Potential strat 2|[miss]\n|-miss|p2a: Whimsicott|p1a: Potential strat 2\n|move|p1a: Potential strat 2|Phantom Force|p2a: Whimsicott|[from] lockedmove\n|-damage|p2a: Whimsicott|6/100\n|move|p2b: Azumarill|Play Rough|p1a: Potential strat 2\n|-supereffective|p1a: Potential strat 2|1\n|-enditem|p1a: Potential strat 2|Focus Sash\n|-damage|p1a: Potential strat 2|1/100\n|move|p1b: Potential strat 1|Psychic|p2b: Azumarill\n|-damage|p2b: Azumarill|43/100\n|-enditem|p2b: Azumarill|Sitrus Berry|[eat]\n|-heal|p2b: Azumarill|68/100|[from] item: Sitrus Berry\n|\n|-weather|SunnyDay|[upkeep]\n|upkeep\n|turn|4\n|\n|t:|1776189194\n|move|p2a: Whimsicott|Energy Ball|p1b: Potential strat 1\n|-supereffective|p1b: Potential strat 1|1\n|-damage|p1b: Potential strat 1|0 fnt\n|faint|p1b: Potential strat 1\n|move|p1a: Potential strat 2|Phantom Force||[still]\n|-prepare|p1a: Potential strat 2|Phantom Force\n|move|p2b: Azumarill|Knock Off|p1a: Potential strat 2|[miss]\n|-miss|p2b: Azumarill|p1a: Potential strat 2\n|\n|-weather|SunnyDay|[upkeep]\n|upkeep\n|\n|t:|1776189209\n|switch|p1b: Puszy cream|Alcremie-Salted-Cream, L50, F|100/100\n|turn|5\n|\n|t:|1776189216\n|move|p2a: Whimsicott|Protect|p2a: Whimsicott\n|-singleturn|p2a: Whimsicott|Protect\n|move|p1a: Potential strat 2|Phantom Force|p2b: Azumarill|[from] lockedmove\n|-damage|p2b: Azumarill|4/100\n|move|p2b: Azumarill|Play Rough|p1a: Potential strat 2\n|-supereffective|p1a: Potential strat 2|1\n|-damage|p1a: Potential strat 2|0 fnt\n|faint|p1a: Potential strat 2\n|move|p1b: Puszy cream|Decorate|p1: Potential strat 2|[notarget]\n|-fail|p1b: Puszy cream\n|\n|-weather|none\n|-sideend|p2: Ferdford|move: Tailwind\n|upkeep\n|\n|t:|1776189231\n|switch|p1a: Papupepito|Weavile, L50, F, shiny|100/100\n|turn|6\n|\n|t:|1776189264\n|move|p2a: Whimsicott|Tailwind|p2a: Whimsicott\n|-sidestart|p2: Ferdford|move: Tailwind\n|move|p1a: Papupepito|Mega Kick|p2b: Azumarill|[miss]\n|-miss|p1a: Papupepito|p2b: Azumarill\n|move|p2b: Azumarill|Play Rough|p1a: Papupepito\n|-supereffective|p1a: Papupepito|1\n|-crit|p1a: Papupepito\n|-damage|p1a: Papupepito|0 fnt\n|faint|p1a: Papupepito\n|move|p1b: Puszy cream|Decorate|p1: Papupepito|[notarget]\n|-fail|p1b: Puszy cream\n|\n|upkeep\n|turn|7\n|-message|terraria wyvern forfeited.\n|\n|win|Ferdford\n|raw|terraria wyvern's rating: 1048 &rarr; <strong>1034</strong><br />(-14 for losing)\n|raw|Ferdford's rating: 1105 &rarr; <strong>1126</strong><br />(+21 for winning)\n|l|\u2606terraria wyvern\n|player|p1|\n",
  "uploadtime": 1776189299,
  "views": 16,
  "formatid": "gen9championsvgc2026regma",
  "rating": 1034,
  "private": 0,
  "password": null
}