{
  "id": "gen9championsvgc2026regma-2580652799",
  "format": "[Gen 9 Champions] VGC 2026 Reg M-A",
  "players": [
    "Novicebest",
    "cdt_blaz3r"
  ],
  "log": "|j|\u2606Novicebest\n|j|\u2606cdt_blaz3r\n|t:|1775921525\n|gametype|doubles\n|player|p1|Novicebest|dawn|1084\n|player|p2|cdt_blaz3r|102|1091\n|gen|9\n|tier|[Gen 9 Champions] VGC 2026 Reg M-A\n|rated|\n|rule|Species Clause: Limit one of each Pok\u00e9mon\n|rule|Item Clause: Limit 1 of each item\n|clearpoke\n|poke|p1|Charizard, L50, M|\n|poke|p1|Whimsicott, L50, F|\n|poke|p1|Farigiraf, L50, M|\n|poke|p1|Sneasler, L50, M|\n|poke|p1|Rotom-Wash, L50|\n|poke|p1|Incineroar, L50, F|\n|poke|p2|Sableye, L50, M|\n|poke|p2|Corviknight, L50, F|\n|poke|p2|Garchomp, L50, F|\n|poke|p2|Rotom-Wash, L50|\n|poke|p2|Tauros-Paldea-Aqua, L50, M|\n|poke|p2|Delphox, L50, F|\n|teampreview|4\n|l|\u2606Novicebest\n|player|p1|\n|j|\u2606Novicebest\n|player|p1|Novicebest|dawn|\n|inactive|Battle timer is ON: inactive players will automatically lose when time's up. (requested by Novicebest)\n|\n|t:|1775921591\n|teamsize|p1|4\n|teamsize|p2|4\n|start\n|switch|p1a: Incineroar|Incineroar, L50, F|100/100\n|switch|p1b: Rotom|Rotom-Wash, L50|100/100\n|switch|p2a: Sableye|Sableye, L50, M|100/100\n|switch|p2b: Delphox|Delphox, L50, F, shiny|100/100\n|-ability|p1a: Incineroar|Intimidate|boost\n|-unboost|p2a: Sableye|atk|1\n|-unboost|p2b: Delphox|atk|1\n|turn|1\n|\n|t:|1775921605\n|switch|p1a: Farigiraf|Farigiraf, L50, M|100/100\n|move|p2a: Sableye|Protect|p2a: Sableye\n|-singleturn|p2a: Sableye|Protect\n|move|p2b: Delphox|Protect|p2b: Delphox\n|-singleturn|p2b: Delphox|Protect\n|move|p1b: Rotom|Nasty Plot|p1b: Rotom\n|-boost|p1b: Rotom|spa|2\n|\n|upkeep\n|turn|2\n|inactive|cdt_blaz3r has 30 seconds left.\n|\n|t:|1775921631\n|switch|p2b: Tauros|Tauros-Paldea-Aqua, L50, M, shiny|100/100\n|-ability|p2b: Tauros|Intimidate|boost\n|-unboost|p1a: Farigiraf|atk|1\n|-unboost|p1b: Rotom|atk|1\n|move|p2a: Sableye|Sunny Day|p2a: Sableye\n|-weather|SunnyDay\n|move|p1b: Rotom|Hydro Pump|p2b: Tauros\n|-resisted|p2b: Tauros|1\n|-damage|p2b: Tauros|67/100\n|move|p1a: Farigiraf|Hyper Voice|p2a: Sableye|[spread] p2b\n|-immune|p2a: Sableye\n|-damage|p2b: Tauros|13/100\n|\n|-weather|SunnyDay|[upkeep]\n|upkeep\n|turn|3\n|inactive|cdt_blaz3r has 30 seconds left.\n|\n|t:|1775921658\n|switch|p1a: Incineroar|Incineroar, L50, F|100/100\n|-ability|p1a: Incineroar|Intimidate|boost\n|-unboost|p2a: Sableye|atk|1\n|-unboost|p2b: Tauros|atk|1\n|-enditem|p2b: Tauros|White Herb\n|-clearnegativeboost|p2b: Tauros|[silent]\n|switch|p2a: Delphox|Delphox, L50, F, shiny|100/100\n|move|p1b: Rotom|Protect|p1b: Rotom\n|-singleturn|p1b: Rotom|Protect\n|move|p2b: Tauros|Close Combat|p1a: Incineroar\n|-supereffective|p1a: Incineroar|1\n|-crit|p1a: Incineroar\n|-damage|p1a: Incineroar|0 fnt\n|-unboost|p2b: Tauros|def|1\n|-unboost|p2b: Tauros|spd|1\n|faint|p1a: Incineroar\n|\n|-weather|SunnyDay|[upkeep]\n|upkeep\n|\n|t:|1775921678\n|switch|p1a: Farigiraf|Farigiraf, L50, M|100/100\n|turn|4\n|\n|t:|1775921689\n|detailschange|p2a: Delphox|Delphox-Mega, L50, F, shiny\n|-mega|p2a: Delphox|Delphox|Delphoxite\n|move|p2a: Delphox|Heat Wave|p1a: Farigiraf|[spread] p1a,p1b\n|-resisted|p1b: Rotom|1\n|-damage|p1a: Farigiraf|26/100\n|-damage|p1b: Rotom|64/100\n|move|p2b: Tauros|Close Combat|p1b: Rotom\n|-damage|p1b: Rotom|2/100\n|-unboost|p2b: Tauros|def|1\n|-unboost|p2b: Tauros|spd|1\n|move|p1b: Rotom|Thunderbolt|p2a: Delphox\n|-damage|p2a: Delphox|23/100\n|move|p1a: Farigiraf|Hyper Voice|p2a: Delphox|[spread] p2a,p2b\n|-crit|p2b: Tauros\n|-damage|p2a: Delphox|0 fnt\n|-damage|p2b: Tauros|0 fnt\n|faint|p2a: Delphox\n|faint|p2b: Tauros\n|\n|-weather|SunnyDay|[upkeep]\n|-heal|p1b: Rotom|8/100|[from] item: Leftovers\n|upkeep\n|\n|t:|1775921701\n|switch|p2a: Sableye|Sableye, L50, M|100/100\n|switch|p2b: Garchomp|Garchomp, L50, F|100/100\n|turn|5\n|inactive|Novicebest has 30 seconds left.\n|inactive|cdt_blaz3r has 30 seconds left.\n|inactive|cdt_blaz3r has 20 seconds left.\n|inactive|cdt_blaz3r has 15 seconds left.\n|inactive|cdt_blaz3r has 10 seconds left.\n|inactive|cdt_blaz3r has 5 seconds left.\n|\n|t:|1775921756\n|move|p2b: Garchomp|Protect|p2b: Garchomp\n|-singleturn|p2b: Garchomp|Protect\n|move|p2a: Sableye|Encore||[still]\n|cant|p1a: Farigiraf|ability: Armor Tail|Encore|[of] p2a: Sableye\n|move|p1b: Rotom|Hydro Pump|p2b: Garchomp\n|-activate|p2b: Garchomp|move: Protect\n|move|p1a: Farigiraf|Psychic|p2b: Garchomp\n|-activate|p2b: Garchomp|move: Protect\n|\n|-weather|SunnyDay|[upkeep]\n|-heal|p1b: Rotom|13/100|[from] item: Leftovers\n|upkeep\n|turn|6\n|inactive|cdt_blaz3r has 30 seconds left.\n|inactive|cdt_blaz3r has 20 seconds left.\n|inactive|cdt_blaz3r has 15 seconds left.\n|inactive|cdt_blaz3r has 10 seconds left.\n|inactive|cdt_blaz3r has 5 seconds left.\n|\n|t:|1775921810\n|move|p2a: Sableye|Protect|p2a: Sableye\n|-singleturn|p2a: Sableye|Protect\n|move|p2b: Garchomp|Protect||[still]\n|-fail|p2b: Garchomp\n|move|p1b: Rotom|Hydro Pump|p2b: Garchomp\n|-damage|p2b: Garchomp|49/100\n|move|p1a: Farigiraf|Psychic|p2b: Garchomp\n|-damage|p2b: Garchomp|0 fnt\n|faint|p2b: Garchomp\n|\n|-weather|none\n|-heal|p1b: Rotom|19/100|[from] item: Leftovers\n|upkeep\n|turn|7\n|-message|cdt_blaz3r forfeited.\n|\n|win|Novicebest\n|raw|Novicebest's rating: 1084 &rarr; <strong>1112</strong><br />(+28 for winning)\n|raw|cdt_blaz3r's rating: 1091 &rarr; <strong>1067</strong><br />(-24 for losing)\n|l|\u2606cdt_blaz3r\n|player|p2|\n",
  "uploadtime": 1775921826,
  "views": 17,
  "formatid": "gen9championsvgc2026regma",
  "rating": 1067,
  "private": 0,
  "password": null
}