{
  "id": "gen9championsvgc2026regma-2585244970",
  "format": "[Gen 9 Champions] VGC 2026 Reg M-A",
  "players": [
    "NoxxinVGC",
    "adam2300"
  ],
  "log": "|j|\u2606NoxxinVGC\n|j|\u2606adam2300\n|t:|1776329353\n|gametype|doubles\n|player|p1|NoxxinVGC|giovanni|1115\n|player|p2|adam2300|170|1050\n|gen|9\n|tier|[Gen 9 Champions] VGC 2026 Reg M-A\n|rated|\n|rule|Species Clause: Limit one of each Pok\u00e9mon\n|rule|Item Clause: Limit 1 of each item\n|clearpoke\n|poke|p1|Delphox, L50, M|\n|poke|p1|Basculegion, L50, M|\n|poke|p1|Clefable, L50, M|\n|poke|p1|Kingambit, L50, M|\n|poke|p1|Dragonite, L50, M|\n|poke|p1|Sneasler, L50, M|\n|poke|p2|Pinsir, L50, F|\n|poke|p2|Farigiraf, L50, M|\n|poke|p2|Toxicroak, L50, F|\n|poke|p2|Whimsicott, L50, M|\n|poke|p2|Glimmora, L50, M|\n|poke|p2|Scovillain, L50, F|\n|teampreview|4\n|inactive|Battle timer is ON: inactive players will automatically lose when time's up. (requested by NoxxinVGC)\n|\n|t:|1776329379\n|teamsize|p1|4\n|teamsize|p2|4\n|start\n|switch|p1a: Kingambit|Kingambit, L50, M|100/100\n|switch|p1b: Basculegion|Basculegion, L50, M|100/100\n|switch|p2a: Glimmora|Glimmora, L50, M|100/100\n|switch|p2b: Pinsir|Pinsir, L50, F|100/100\n|turn|1\n|\n|t:|1776329403\n|move|p1b: Basculegion|Wave Crash|p2a: Glimmora\n|-supereffective|p2a: Glimmora|1\n|-enditem|p2a: Glimmora|Focus Sash\n|-damage|p2a: Glimmora|1/100\n|-activate|p2a: Glimmora|ability: Toxic Debris\n|-sidestart|p1: NoxxinVGC|move: Toxic Spikes\n|-damage|p1b: Basculegion|74/100|[from] Recoil\n|move|p2a: Glimmora|Earth Power|p1a: Kingambit\n|-supereffective|p1a: Kingambit|1\n|-damage|p1a: Kingambit|37/100\n|move|p2b: Pinsir|Bulk Up|p2b: Pinsir\n|-boost|p2b: Pinsir|atk|1\n|-boost|p2b: Pinsir|def|1\n|move|p1a: Kingambit|Swords Dance|p1a: Kingambit\n|-boost|p1a: Kingambit|atk|2\n|\n|upkeep\n|turn|2\n|inactive|adam2300 has 30 seconds left.\n|\n|t:|1776329432\n|detailschange|p2b: Pinsir|Pinsir-Mega, L50, F\n|-mega|p2b: Pinsir|Pinsir|Pinsirite\n|move|p2a: Glimmora|Spiky Shield|p2a: Glimmora\n|-singleturn|p2a: Glimmora|move: Protect\n|move|p1a: Kingambit|Sucker Punch|p2b: Pinsir\n|-damage|p2b: Pinsir|23/100\n|move|p1b: Basculegion|Wave Crash|p2a: Glimmora\n|-activate|p2a: Glimmora|move: Protect\n|-damage|p1b: Basculegion|62/100|[from] Spiky Shield|[of] p2a: Glimmora\n|move|p2b: Pinsir|Body Slam|p1a: Kingambit\n|-resisted|p1a: Kingambit|1\n|-damage|p1a: Kingambit|3/100\n|\n|upkeep\n|turn|3\n|inactive|adam2300 has 30 seconds left.\n|\n|t:|1776329459\n|switch|p2a: Toxicroak|Toxicroak, L50, F|100/100\n|move|p2b: Pinsir|Quick Attack|p1a: Kingambit\n|-resisted|p1a: Kingambit|1\n|-damage|p1a: Kingambit|0 fnt\n|faint|p1a: Kingambit\n|move|p1b: Basculegion|Wave Crash|p2a: Toxicroak\n|-immune|p2a: Toxicroak|[from] ability: Dry Skin\n|\n|upkeep\n|\n|t:|1776329471\n|switch|p1a: Delphox|Delphox, L50, M, shiny|100/100\n|-status|p1a: Delphox|psn\n|turn|4\n|\n|t:|1776329482\n|detailschange|p1a: Delphox|Delphox-Mega, L50, M, shiny\n|-mega|p1a: Delphox|Delphox|Delphoxite\n|move|p2a: Toxicroak|Fake Out|p1a: Delphox\n|-damage|p1a: Delphox|81/100 psn\n|move|p2b: Pinsir|Quick Attack|p1b: Basculegion\n|-damage|p1b: Basculegion|2/100\n|cant|p1a: Delphox|flinch\n|move|p1b: Basculegion|Wave Crash|p2a: Toxicroak\n|-immune|p2a: Toxicroak|[from] ability: Dry Skin\n|\n|-damage|p1a: Delphox|69/100 psn|[from] psn\n|upkeep\n|turn|5\n|inactive|NoxxinVGC has 30 seconds left.\n|\n|t:|1776329509\n|move|p2b: Pinsir|Quick Attack|p1a: Delphox\n|-damage|p1a: Delphox|0 fnt\n|faint|p1a: Delphox\n|move|p2a: Toxicroak|Sucker Punch|p1b: Basculegion\n|-supereffective|p1b: Basculegion|1\n|-damage|p1b: Basculegion|0 fnt\n|faint|p1b: Basculegion\n|\n|upkeep\n|\n|t:|1776329517\n|switch|p1b: Sneasler|Sneasler, L50, M|100/100\n|-sideend|p1: NoxxinVGC|move: Toxic Spikes|[of] p1b: Sneasler\n|turn|6\n|\n|t:|1776329531\n|move|p2b: Pinsir|Quick Attack|p1b: Sneasler\n|-supereffective|p1b: Sneasler|1\n|-enditem|p1b: Sneasler|Focus Sash\n|-damage|p1b: Sneasler|1/100\n|move|p1b: Sneasler|Close Combat|p2b: Pinsir\n|-resisted|p2b: Pinsir|2\n|-crit|p2b: Pinsir\n|-damage|p2b: Pinsir|0 fnt\n|-unboost|p1b: Sneasler|def|1\n|-unboost|p1b: Sneasler|spd|1\n|faint|p2b: Pinsir\n|move|p2a: Toxicroak|Gunk Shot|p1b: Sneasler\n|-resisted|p1b: Sneasler|1\n|-damage|p1b: Sneasler|0 fnt\n|faint|p1b: Sneasler\n|\n|win|adam2300\n|raw|NoxxinVGC's rating: 1115 &rarr; <strong>1085</strong><br />(-30 for losing)\n|raw|adam2300's rating: 1050 &rarr; <strong>1089</strong><br />(+39 for winning)\n",
  "uploadtime": 1776329532,
  "views": 21,
  "formatid": "gen9championsvgc2026regma",
  "rating": 1085,
  "private": 0,
  "password": null
}