{
  "id": "gen9championsvgc2026regma-2581971208",
  "format": "[Gen 9 Champions] VGC 2026 Reg M-A",
  "players": [
    "anonymous_snorlax",
    "BigBodie429"
  ],
  "log": "|j|\u2606anonymous_snorlax\n|j|\u2606BigBodie429\n|t:|1776044425\n|gametype|doubles\n|player|p1|anonymous_snorlax|266|1040\n|player|p2|BigBodie429|2|1063\n|gen|9\n|tier|[Gen 9 Champions] VGC 2026 Reg M-A\n|rated|\n|rule|Species Clause: Limit one of each Pok\u00e9mon\n|rule|Item Clause: Limit 1 of each item\n|clearpoke\n|poke|p1|Chimecho, L50, M|\n|poke|p1|Snorlax, L50, F|\n|poke|p1|Clefable, L50, M|\n|poke|p1|Rotom-Wash, L50|\n|poke|p1|Incineroar, L50, M|\n|poke|p1|Sinistcha, L50|\n|poke|p2|Garchomp, L50, M|\n|poke|p2|Aerodactyl, L50, F|\n|poke|p2|Incineroar, L50, F|\n|poke|p2|Aegislash, L50, M|\n|poke|p2|Starmie, L50|\n|poke|p2|Tyranitar, L50, M|\n|teampreview|4\n|inactive|Battle timer is ON: inactive players will automatically lose when time's up. (requested by anonymous_snorlax)\n|\n|t:|1776044446\n|teamsize|p1|4\n|teamsize|p2|4\n|start\n|switch|p1a: Chimecho|Chimecho, L50, M|100/100\n|switch|p1b: Snorlax|Snorlax, L50, F|100/100\n|switch|p2a: Starmie|Starmie, L50|100/100\n|switch|p2b: Garchomp|Garchomp, L50, M|100/100\n|turn|1\n|inactive|BigBodie429 has 30 seconds left.\n|\n|t:|1776044472\n|detailschange|p2a: Starmie|Starmie-Mega, L50\n|-mega|p2a: Starmie|Starmie|Starminite\n|detailschange|p1a: Chimecho|Chimecho-Mega, L50, M\n|-mega|p1a: Chimecho|Chimecho|Chimechite\n|move|p1b: Snorlax|Protect|p1b: Snorlax\n|-singleturn|p1b: Snorlax|Protect\n|move|p2a: Starmie|Skill Swap|p2b: Garchomp\n|-activate|p2a: Starmie|Skill Swap|||[of] p2b: Garchomp\n|move|p2b: Garchomp|Dragon Claw|p1b: Snorlax\n|-activate|p1b: Snorlax|move: Protect\n|move|p1a: Chimecho|Trick Room|p1a: Chimecho\n|-fieldstart|move: Trick Room|[of] p1a: Chimecho\n|\n|upkeep\n|turn|2\n|inactive|anonymous_snorlax has 30 seconds left.\n|\n|t:|1776044499\n|switch|p1a: Incineroar|Incineroar, L50, M|100/100\n|-ability|p1a: Incineroar|Intimidate|boost\n|-unboost|p2a: Starmie|atk|1\n|-unboost|p2b: Garchomp|atk|1\n|-enditem|p2b: Garchomp|White Herb\n|-clearnegativeboost|p2b: Garchomp|[silent]\n|switch|p2a: Incineroar|Incineroar, L50, F|100/100\n|-ability|p2a: Incineroar|Intimidate|boost\n|-unboost|p1a: Incineroar|atk|1\n|-unboost|p1b: Snorlax|atk|1\n|move|p1b: Snorlax|Belly Drum|p1b: Snorlax\n|-damage|p1b: Snorlax|50/100\n|-setboost|p1b: Snorlax|atk|6|[from] move: Belly Drum\n|-enditem|p1b: Snorlax|Sitrus Berry|[eat]\n|-heal|p1b: Snorlax|75/100|[from] item: Sitrus Berry\n|move|p2b: Garchomp|Dragon Claw|p1b: Snorlax\n|-damage|p1b: Snorlax|19/100\n|\n|upkeep\n|turn|3\n|inactive|anonymous_snorlax has 30 seconds left.\n|inactive|BigBodie429 has 30 seconds left.\n|\n|t:|1776044528\n|move|p2b: Garchomp|Protect|p2b: Garchomp\n|-singleturn|p2b: Garchomp|Protect\n|move|p1a: Incineroar|Fake Out|p2a: Incineroar\n|-damage|p2a: Incineroar|94/100\n|cant|p2a: Incineroar|flinch\n|move|p1b: Snorlax|Earthquake|p2b: Garchomp|[spread] p1a,p2a\n|-activate|p2b: Garchomp|move: Protect\n|-supereffective|p1a: Incineroar|1\n|-supereffective|p2a: Incineroar|1\n|-damage|p1a: Incineroar|0 fnt\n|-damage|p2a: Incineroar|0 fnt\n|faint|p1a: Incineroar\n|faint|p2a: Incineroar\n|\n|upkeep\n|\n|t:|1776044552\n|switch|p1a: Sinistcha|Sinistcha, L50|100/100\n|switch|p2a: Tyranitar|Tyranitar, L50, M|100/100\n|-weather|Sandstorm|[from] ability: Sand Stream|[of] p2a: Tyranitar\n|-heal|p1b: Snorlax|44/100|[from] ability: Hospitality|[of] p1a: Sinistcha\n|turn|4\n|inactive|BigBodie429 has 30 seconds left.\n|\n|t:|1776044585\n|switch|p1a: Chimecho|Chimecho-Mega, L50, M|100/100\n|move|p1b: Snorlax|Earthquake|p2a: Tyranitar|[spread] p2a,p2b\n|-immune|p1a: Chimecho|[from] ability: Levitate\n|-supereffective|p2a: Tyranitar|1\n|-damage|p2a: Tyranitar|0 fnt\n|-damage|p2b: Garchomp|23/100\n|faint|p2a: Tyranitar\n|move|p2b: Garchomp|Dragon Claw|p1b: Snorlax\n|-damage|p1b: Snorlax|0 fnt\n|faint|p1b: Snorlax\n|\n|-weather|Sandstorm|[upkeep]\n|upkeep\n|\n|t:|1776044597\n|switch|p1b: Sinistcha|Sinistcha, L50|100/100\n|switch|p2a: Starmie|Starmie-Mega, L50|100/100\n|turn|5\n|\n|t:|1776044620\n|move|p2b: Garchomp|Protect|p2b: Garchomp\n|-singleturn|p2b: Garchomp|Protect\n|move|p2a: Starmie|Protect|p2a: Starmie\n|-singleturn|p2a: Starmie|Protect\n|move|p1a: Chimecho|Psychic|p2b: Garchomp\n|-activate|p2b: Garchomp|move: Protect\n|move|p1b: Sinistcha|Matcha Gotcha|p2a: Starmie|[spread] \n|-activate|p2a: Starmie|move: Protect\n|-activate|p2b: Garchomp|move: Protect\n|\n|-weather|Sandstorm|[upkeep]\n|-damage|p1b: Sinistcha|94/100|[from] Sandstorm\n|-damage|p2a: Starmie|95/100|[from] Sandstorm\n|-fieldend|move: Trick Room\n|upkeep\n|turn|6\n|\n|t:|1776044642\n|move|p2a: Starmie|Ice Spinner|p1b: Sinistcha\n|-supereffective|p1b: Sinistcha|1\n|-crit|p1b: Sinistcha\n|-damage|p1b: Sinistcha|0 fnt\n|faint|p1b: Sinistcha\n|move|p2b: Garchomp|Rock Slide|p1a: Chimecho\n|-resisted|p1a: Chimecho|1\n|-damage|p1a: Chimecho|77/100\n|move|p1a: Chimecho|Trick Room|p1a: Chimecho\n|-fieldstart|move: Trick Room|[of] p1a: Chimecho\n|\n|-weather|Sandstorm|[upkeep]\n|-damage|p2a: Starmie|89/100|[from] Sandstorm\n|upkeep\n|turn|7\n|\n|t:|1776044659\n|move|p1a: Chimecho|Psychic|p2b: Garchomp\n|-damage|p2b: Garchomp|0 fnt\n|faint|p2b: Garchomp\n|move|p2a: Starmie|Waterfall|p1a: Chimecho\n|-damage|p1a: Chimecho|21/100\n|\n|-weather|Sandstorm|[upkeep]\n|-damage|p2a: Starmie|83/100|[from] Sandstorm\n|upkeep\n|turn|8\n|\n|t:|1776044668\n|move|p1a: Chimecho|Psychic|p2a: Starmie\n|-resisted|p2a: Starmie|1\n|-damage|p2a: Starmie|52/100\n|move|p2a: Starmie|Waterfall|p1a: Chimecho\n|-damage|p1a: Chimecho|0 fnt\n|faint|p1a: Chimecho\n|\n|win|BigBodie429\n|raw|anonymous_snorlax's rating: 1040 &rarr; <strong>1025</strong><br />(-15 for losing)\n|raw|BigBodie429's rating: 1063 &rarr; <strong>1092</strong><br />(+29 for winning)\n",
  "uploadtime": 1776044668,
  "views": 10,
  "formatid": "gen9championsvgc2026regma",
  "rating": 1025,
  "private": 0,
  "password": null
}