{
  "id": "gen9championsvgc2026regma-2586973320",
  "format": "[Gen 9 Champions] VGC 2026 Reg M-A",
  "players": [
    "venusaurrr",
    "Senpai_1987"
  ],
  "log": "|j|\u2606venusaurrr\n|j|\u2606Senpai_1987\n|t:|1776477144\n|gametype|doubles\n|player|p1|venusaurrr|boarder|1364\n|player|p2|Senpai_1987|aromalady|1368\n|gen|9\n|tier|[Gen 9 Champions] VGC 2026 Reg M-A\n|rated|\n|rule|Species Clause: Limit one of each Pok\u00e9mon\n|rule|Item Clause: Limit 1 of each item\n|clearpoke\n|poke|p1|Golurk, L50|\n|poke|p1|Farigiraf, L50, F|\n|poke|p1|Incineroar, L50, F|\n|poke|p1|Torkoal, L50, F|\n|poke|p1|Sneasler, L50, M|\n|poke|p1|Venusaur, L50, F|\n|poke|p2|Floette-Eternal, L50, F|\n|poke|p2|Incineroar, L50, M|\n|poke|p2|Pelipper, L50, F|\n|poke|p2|Sneasler, L50, F|\n|poke|p2|Sinistcha, L50|\n|poke|p2|Chesnaught, L50, F|\n|teampreview|4\n|inactive|Battle timer is ON: inactive players will automatically lose when time's up. (requested by venusaurrr)\n|\n|t:|1776477164\n|teamsize|p1|4\n|teamsize|p2|4\n|start\n|switch|p1a: Farigiraf|Farigiraf, L50, F|100/100\n|switch|p1b: Incineroar|Incineroar, L50, F|100/100\n|switch|p2a: The Story Is True|Chesnaught, L50, F, shiny|100/100\n|switch|p2b: Moonchild|Floette-Eternal, L50, F, shiny|100/100\n|-ability|p1b: Incineroar|Intimidate|boost\n|-block|p2a: The Story Is True|ability: Flower Veil|[of] p2b: Moonchild\n|-unboost|p2b: Moonchild|atk|1\n|turn|1\n|\n|t:|1776477189\n|move|p2b: Moonchild|Protect|p2b: Moonchild\n|-singleturn|p2b: Moonchild|Protect\n|move|p1b: Incineroar|Flare Blitz|p2b: Moonchild\n|-activate|p2b: Moonchild|move: Protect\n|move|p2a: The Story Is True|Iron Defense|p2a: The Story Is True\n|-boost|p2a: The Story Is True|def|2\n|move|p1a: Farigiraf|Trick Room|p1a: Farigiraf\n|-fieldstart|move: Trick Room|[of] p1a: Farigiraf\n|\n|upkeep\n|turn|2\n|inactive|Senpai_1987 has 30 seconds left.\n|inactive|Senpai_1987 has 20 seconds left.\n|\n|t:|1776477228\n|detailschange|p2b: Moonchild|Floette-Mega, L50, F, shiny\n|-mega|p2b: Moonchild|Floette|Floettite\n|-ability|p2b: Moonchild|Fairy Aura\n|move|p1a: Farigiraf|Psychic|p2a: The Story Is True\n|-supereffective|p2a: The Story Is True|1\n|-damage|p2a: The Story Is True|32/100\n|move|p2a: The Story Is True|Synthesis|p2a: The Story Is True\n|-heal|p2a: The Story Is True|82/100\n|move|p1b: Incineroar|Parting Shot|p2b: Moonchild\n|-unboost|p2b: Moonchild|atk|1\n|-unboost|p2b: Moonchild|spa|1\n|\n|t:|1776477243\n|switch|p1b: Torkoal|Torkoal, L50, F|100/100|[from] Parting Shot\n|-weather|SunnyDay|[from] ability: Drought|[of] p1b: Torkoal\n|move|p2b: Moonchild|Dazzling Gleam|p1b: Torkoal|[spread] p1a,p1b\n|-resisted|p1b: Torkoal|1\n|-damage|p1a: Farigiraf|67/100\n|-damage|p1b: Torkoal|80/100\n|\n|-weather|SunnyDay|[upkeep]\n|upkeep\n|turn|3\n|\n|t:|1776477257\n|move|p1a: Farigiraf|Helping Hand|p1b: Torkoal\n|-singleturn|p1b: Torkoal|Helping Hand|[of] p1a: Farigiraf\n|move|p2a: The Story Is True|Wide Guard|p2a: The Story Is True\n|-singleturn|p2a: The Story Is True|Wide Guard\n|move|p1b: Torkoal|Eruption|p2a: The Story Is True|[spread] \n|-activate|p2a: The Story Is True|move: Wide Guard\n|-activate|p2b: Moonchild|move: Wide Guard\n|move|p2b: Moonchild|Moonblast|p1a: Farigiraf\n|-damage|p1a: Farigiraf|12/100\n|-enditem|p1a: Farigiraf|Sitrus Berry|[eat]\n|-heal|p1a: Farigiraf|37/100|[from] item: Sitrus Berry\n|\n|-weather|SunnyDay|[upkeep]\n|upkeep\n|turn|4\n|inactive|venusaurrr has 30 seconds left.\n|inactive|venusaurrr has 20 seconds left.\n|inactive|venusaurrr has 15 seconds left.\n|\n|t:|1776477299\n|switch|p1a: Incineroar|Incineroar, L50, F|100/100\n|-ability|p1a: Incineroar|Intimidate|boost\n|-unboost|p2a: The Story Is True|atk|1\n|-unboost|p2b: Moonchild|atk|1\n|move|p2a: The Story Is True|Wide Guard|p2a: The Story Is True\n|-singleturn|p2a: The Story Is True|Wide Guard\n|move|p1b: Torkoal|Weather Ball|p2a: The Story Is True\n|-immune|p2a: The Story Is True|[from] ability: Bulletproof\n|move|p2b: Moonchild|Calm Mind|p2b: Moonchild\n|-boost|p2b: Moonchild|spa|1\n|-boost|p2b: Moonchild|spd|1\n|\n|-weather|SunnyDay|[upkeep]\n|upkeep\n|turn|5\n|inactive|venusaurrr has 30 seconds left.\n|inactive|venusaurrr has 20 seconds left.\n|inactive|venusaurrr has 15 seconds left.\n|inactive|venusaurrr has 10 seconds left.\n|\n|t:|1776477346\n|switch|p1b: Farigiraf|Farigiraf, L50, F|37/100\n|move|p2b: Moonchild|Protect|p2b: Moonchild\n|-singleturn|p2b: Moonchild|Protect\n|move|p2a: The Story Is True|Body Press|p1a: Incineroar\n|-supereffective|p1a: Incineroar|1\n|-damage|p1a: Incineroar|0 fnt\n|faint|p1a: Incineroar\n|\n|-weather|SunnyDay|[upkeep]\n|-fieldend|move: Trick Room\n|upkeep\n|\n|t:|1776477359\n|switch|p1a: Torkoal|Torkoal, L50, F|80/100\n|turn|6\n|\n|t:|1776477371\n|switch|p1b: Golurk|Golurk, L50|100/100\n|move|p2a: The Story Is True|Wide Guard|p2a: The Story Is True\n|-singleturn|p2a: The Story Is True|Wide Guard\n|move|p2b: Moonchild|Moonblast|p1b: Golurk\n|-damage|p1b: Golurk|12/100\n|move|p1a: Torkoal|Weather Ball|p2b: Moonchild\n|-damage|p2b: Moonchild|63/100\n|\n|-weather|none\n|upkeep\n|turn|7\n|-message|venusaurrr forfeited.\n|\n|win|Senpai_1987\n|raw|venusaurrr's rating: 1364 &rarr; <strong>1344</strong><br />(-20 for losing)\n|raw|Senpai_1987's rating: 1368 &rarr; <strong>1388</strong><br />(+20 for winning)\n|c|\u2606venusaurrr|wp\n",
  "uploadtime": 1776477390,
  "views": 56,
  "formatid": "gen9championsvgc2026regma",
  "rating": 1344,
  "private": 0,
  "password": null
}