{
  "id": "gen9championsvgc2026regma-2583542358",
  "format": "[Gen 9 Champions] VGC 2026 Reg M-A",
  "players": [
    "noir0083",
    "malice0308 fan"
  ],
  "log": "|j|\u2606noir0083\n|j|\u2606malice0308 fan\n|t:|1776182225\n|gametype|doubles\n|player|p1|noir0083|misty|1136\n|player|p2|malice0308 fan|2|1187\n|gen|9\n|tier|[Gen 9 Champions] VGC 2026 Reg M-A\n|rated|\n|rule|Species Clause: Limit one of each Pok\u00e9mon\n|rule|Item Clause: Limit 1 of each item\n|clearpoke\n|poke|p1|Kingambit, L50, M|\n|poke|p1|Sylveon, L50, M|\n|poke|p1|Incineroar, L50, M|\n|poke|p1|Sneasler, L50, M|\n|poke|p1|Starmie, L50|\n|poke|p1|Sinistcha, L50|\n|poke|p2|Charizard, L50, F|\n|poke|p2|Garchomp, L50, F|\n|poke|p2|Rotom-Wash, L50|\n|poke|p2|Corviknight, L50, M|\n|poke|p2|Whimsicott, L50, F|\n|poke|p2|Raichu, L50, F|\n|teampreview|4\n|\n|t:|1776182277\n|teamsize|p1|4\n|teamsize|p2|4\n|start\n|switch|p1a: Sinistcha|Sinistcha, L50|100/100\n|switch|p1b: Sylveon|Sylveon, L50, M|100/100\n|switch|p2a: Rotom|Rotom-Wash, L50|100/100\n|switch|p2b: Corviknight|Corviknight, L50, M|100/100\n|turn|1\n|\n|t:|1776182291\n|move|p2a: Rotom|Trick|p1a: Sinistcha\n|-activate|p2a: Rotom|move: Trick|[of] p1a: Sinistcha\n|-item|p1a: Sinistcha|Choice Scarf|[from] move: Trick\n|-item|p2a: Rotom|Leftovers|[from] move: Trick\n|move|p2b: Corviknight|U-turn|p1b: Sylveon\n|-resisted|p1b: Sylveon|1\n|-damage|p1b: Sylveon|93/100\n|\n|t:|1776182299\n|switch|p2b: Charizard|Charizard, L50, F|100/100|[from] U-turn\n|move|p1b: Sylveon|Calm Mind|p1b: Sylveon\n|-boost|p1b: Sylveon|spa|1\n|-boost|p1b: Sylveon|spd|1\n|move|p1a: Sinistcha|Trick Room|p1a: Sinistcha\n|-fieldstart|move: Trick Room|[of] p1a: Sinistcha\n|\n|upkeep\n|turn|2\n|\n|t:|1776182314\n|switch|p1a: Starmie|Starmie, L50|100/100\n|detailschange|p2b: Charizard|Charizard-Mega-Y, L50, F\n|-mega|p2b: Charizard|Charizard|Charizardite Y\n|-weather|SunnyDay|[from] ability: Drought|[of] p2b: Charizard\n|move|p1b: Sylveon|Hyper Voice|p2b: Charizard|[spread] p2a,p2b\n|-resisted|p2b: Charizard|1\n|-damage|p2a: Rotom|31/100\n|-damage|p2b: Charizard|67/100\n|move|p2a: Rotom|Volt Switch|p1b: Sylveon\n|-damage|p1b: Sylveon|80/100\n|\n|t:|1776182327\n|switch|p2a: Corviknight|Corviknight, L50, M|100/100|[from] Volt Switch\n|move|p2b: Charizard|Weather Ball|p1b: Sylveon\n|-damage|p1b: Sylveon|35/100\n|\n|-weather|SunnyDay|[upkeep]\n|upkeep\n|turn|3\n|\n|t:|1776182371\n|detailschange|p1a: Starmie|Starmie-Mega, L50\n|-mega|p1a: Starmie|Starmie|Starminite\n|move|p2a: Corviknight|Protect|p2a: Corviknight\n|-singleturn|p2a: Corviknight|Protect\n|move|p2b: Charizard|Protect|p2b: Charizard\n|-singleturn|p2b: Charizard|Protect\n|move|p1a: Starmie|Aqua Jet|p2b: Charizard\n|-activate|p2b: Charizard|move: Protect\n|move|p1b: Sylveon|Hyper Voice|p2b: Charizard|[spread] \n|-activate|p2a: Corviknight|move: Protect\n|-activate|p2b: Charizard|move: Protect\n|\n|-weather|SunnyDay|[upkeep]\n|upkeep\n|turn|4\n|\n|t:|1776182392\n|switch|p2b: Rotom|Rotom-Wash, L50|31/100\n|move|p1b: Sylveon|Detect|p1b: Sylveon\n|-singleturn|p1b: Sylveon|Protect\n|move|p1a: Starmie|Aqua Jet|p2b: Rotom\n|-resisted|p2b: Rotom|1\n|-damage|p2b: Rotom|21/100\n|move|p2a: Corviknight|U-turn|p1a: Starmie\n|-supereffective|p1a: Starmie|1\n|-damage|p1a: Starmie|67/100\n|\n|t:|1776182405\n|switch|p2a: Charizard|Charizard-Mega-Y, L50, F|67/100|[from] U-turn\n|\n|-weather|SunnyDay|[upkeep]\n|-heal|p2b: Rotom|27/100|[from] item: Leftovers\n|upkeep\n|turn|5\n|\n|t:|1776182429\n|move|p2a: Charizard|Protect|p2a: Charizard\n|-singleturn|p2a: Charizard|Protect\n|move|p1b: Sylveon|Hyper Voice|p2b: Rotom|[spread] p2b\n|-activate|p2a: Charizard|move: Protect\n|-damage|p2b: Rotom|0 fnt\n|faint|p2b: Rotom\n|move|p1a: Starmie|Substitute|p1a: Starmie\n|-start|p1a: Starmie|Substitute\n|-damage|p1a: Starmie|42/100\n|\n|-weather|SunnyDay|[upkeep]\n|-fieldend|move: Trick Room\n|upkeep\n|\n|t:|1776182441\n|switch|p2b: Garchomp|Garchomp, L50, F|100/100\n|turn|6\n|\n|t:|1776182465\n|switch|p2a: Corviknight|Corviknight, L50, M|100/100\n|move|p1a: Starmie|Liquidation|p2b: Garchomp\n|-damage|p2b: Garchomp|63/100\n|-unboost|p2b: Garchomp|def|1\n|-damage|p1a: Starmie|29/100|[from] ability: Rough Skin|[of] p2b: Garchomp\n|move|p2b: Garchomp|Earthquake|p1b: Sylveon|[spread] p1a,p1b\n|-immune|p2a: Corviknight\n|-end|p1a: Starmie|Substitute\n|-damage|p1b: Sylveon|0 fnt\n|faint|p1b: Sylveon\n|\n|-weather|none\n|upkeep\n|\n|t:|1776182469\n|switch|p1b: Incineroar|Incineroar, L50, M|100/100\n|-ability|p1b: Incineroar|Intimidate|boost\n|-ability|p2a: Corviknight|Mirror Armor\n|-unboost|p1b: Incineroar|atk|1\n|-unboost|p2b: Garchomp|atk|1\n|turn|7\n|\n|t:|1776182494\n|move|p2b: Garchomp|Protect|p2b: Garchomp\n|-singleturn|p2b: Garchomp|Protect\n|move|p1b: Incineroar|Fake Out|p2b: Garchomp\n|-activate|p2b: Garchomp|move: Protect\n|move|p1a: Starmie|Zen Headbutt|p2b: Garchomp\n|-activate|p2b: Garchomp|move: Protect\n|move|p2a: Corviknight|U-turn|p1a: Starmie\n|-supereffective|p1a: Starmie|1\n|-damage|p1a: Starmie|0 fnt\n|faint|p1a: Starmie\n|\n|t:|1776182507\n|switch|p2a: Charizard|Charizard-Mega-Y, L50, F|67/100|[from] U-turn\n|-weather|SunnyDay|[from] ability: Drought|[of] p2a: Charizard\n|\n|-weather|SunnyDay|[upkeep]\n|upkeep\n|\n|t:|1776182510\n|switch|p1a: Sinistcha|Sinistcha, L50|100/100\n|turn|8\n|\n|t:|1776182557\n|move|p2a: Charizard|Weather Ball|p1b: Incineroar\n|-resisted|p1b: Incineroar|1\n|-damage|p1b: Incineroar|59/100\n|move|p2b: Garchomp|Earthquake|p1b: Incineroar|[spread] p1a,p1b\n|-immune|p2a: Charizard\n|-resisted|p1a: Sinistcha|1\n|-supereffective|p1b: Incineroar|1\n|-damage|p1a: Sinistcha|87/100\n|-damage|p1b: Incineroar|2/100\n|-enditem|p1b: Incineroar|Sitrus Berry|[eat]\n|-heal|p1b: Incineroar|27/100|[from] item: Sitrus Berry\n|move|p1b: Incineroar|Darkest Lariat|p2b: Garchomp\n|-damage|p2b: Garchomp|36/100\n|-damage|p1b: Incineroar|14/100|[from] ability: Rough Skin|[of] p2b: Garchomp\n|-enditem|p2b: Garchomp|Sitrus Berry|[eat]\n|-heal|p2b: Garchomp|61/100|[from] item: Sitrus Berry\n|move|p1a: Sinistcha|Trick Room|p1a: Sinistcha\n|-fieldstart|move: Trick Room|[of] p1a: Sinistcha\n|\n|-weather|SunnyDay|[upkeep]\n|upkeep\n|turn|9\n|-message|noir0083 forfeited.\n|\n|win|malice0308 fan\n|raw|noir0083's rating: 1136 &rarr; <strong>1115</strong><br />(-21 for losing)\n|raw|malice0308 fan's rating: 1187 &rarr; <strong>1208</strong><br />(+21 for winning)\n|l|\u2606noir0083\n|player|p1|\n",
  "uploadtime": 1776182582,
  "views": 18,
  "formatid": "gen9championsvgc2026regma",
  "rating": 1115,
  "private": 0,
  "password": null
}