{
  "id": "gen9championsvgc2026regma-2584734298",
  "format": "[Gen 9 Champions] VGC 2026 Reg M-A",
  "players": [
    "5wamp",
    "Dinnersaurusrex"
  ],
  "log": "|j|\u26065wamp\n|j|\u2606Dinnersaurusrex\n|t:|1776279902\n|gametype|doubles\n|player|p1|5wamp|iono-masters|1226\n|player|p2|Dinnersaurusrex|caitlin-masters|1250\n|gen|9\n|tier|[Gen 9 Champions] VGC 2026 Reg M-A\n|rated|\n|rule|Species Clause: Limit one of each Pok\u00e9mon\n|rule|Item Clause: Limit 1 of each item\n|clearpoke\n|poke|p1|Floette-Eternal, L50, F|\n|poke|p1|Sneasler, L50, M|\n|poke|p1|Aerodactyl, L50, F|\n|poke|p1|Delphox, L50, F|\n|poke|p1|Garchomp, L50, M|\n|poke|p1|Kingambit, L50, M|\n|poke|p2|Camerupt, L50, F|\n|poke|p2|Farigiraf, L50, F|\n|poke|p2|Kingambit, L50, M|\n|poke|p2|Gallade, L50, M|\n|poke|p2|Aerodactyl, L50, F|\n|poke|p2|Froslass, L50, F|\n|teampreview|4\n|inactive|Battle timer is ON: inactive players will automatically lose when time's up. (requested by 5wamp)\n|\n|t:|1776279925\n|teamsize|p1|4\n|teamsize|p2|4\n|start\n|switch|p1a: Delphox|Delphox, L50, F|100/100\n|switch|p1b: Sneasler|Sneasler, L50, M|100/100\n|switch|p2a: Nort|Farigiraf, L50, F|100/100\n|switch|p2b: Judgment Cut|Gallade, L50, M, shiny|100/100\n|turn|1\n|\n|t:|1776279937\n|detailschange|p1a: Delphox|Delphox-Mega, L50, F\n|-mega|p1a: Delphox|Delphox|Delphoxite\n|move|p1a: Delphox|Psychic|p2b: Judgment Cut\n|-damage|p2b: Judgment Cut|49/100\n|-unboost|p2b: Judgment Cut|spd|1\n|move|p1b: Sneasler|Dire Claw|p2b: Judgment Cut\n|-damage|p2b: Judgment Cut|0 fnt\n|faint|p2b: Judgment Cut\n|move|p2a: Nort|Trick Room|p2a: Nort\n|-fieldstart|move: Trick Room|[of] p2a: Nort\n|\n|upkeep\n|inactive|Dinnersaurusrex has 30 seconds left.\n|\n|t:|1776279971\n|switch|p2b: Grand Saber|Kingambit, L50, M, shiny|100/100\n|turn|2\n|\n|t:|1776279979\n|switch|p1b: Kingambit|Kingambit, L50, M|100/100\n|move|p1a: Delphox|Protect|p1a: Delphox\n|-singleturn|p1a: Delphox|Protect\n|move|p2b: Grand Saber|Kowtow Cleave|p1a: Delphox\n|-activate|p1a: Delphox|move: Protect\n|move|p2a: Nort|Psychic|p1b: Kingambit\n|-immune|p1b: Kingambit\n|\n|upkeep\n|turn|3\n|\n|t:|1776279995\n|switch|p2a: EXPLOSION!!!!|Camerupt, L50, F, shiny|100/100\n|switch|p1a: Sneasler|Sneasler, L50, M|100/100\n|move|p2b: Grand Saber|Kowtow Cleave|p1a: Sneasler\n|-resisted|p1a: Sneasler|1\n|-damage|p1a: Sneasler|50/100\n|move|p1b: Kingambit|Kowtow Cleave|p2a: EXPLOSION!!!!\n|-damage|p2a: EXPLOSION!!!!|43/100\n|\n|upkeep\n|turn|4\n|\n|t:|1776280008\n|switch|p2b: Nort|Farigiraf, L50, F|100/100\n|detailschange|p2a: EXPLOSION!!!!|Camerupt-Mega, L50, F, shiny\n|-mega|p2a: EXPLOSION!!!!|Camerupt|Cameruptite\n|move|p1a: Sneasler|Protect|p1a: Sneasler\n|-singleturn|p1a: Sneasler|Protect\n|move|p1b: Kingambit|Sucker Punch||[still]\n|cant|p2b: Nort|ability: Armor Tail|Sucker Punch|[of] p1b: Kingambit\n|move|p2a: EXPLOSION!!!!|Heat Wave|p1a: Sneasler|[spread] p1b\n|-activate|p1a: Sneasler|move: Protect\n|-supereffective|p1b: Kingambit|1\n|-damage|p1b: Kingambit|0 fnt\n|faint|p1b: Kingambit\n|\n|upkeep\n|\n|t:|1776280012\n|switch|p1b: Garchomp|Garchomp, L50, M|100/100\n|turn|5\n|\n|t:|1776280029\n|switch|p1a: Delphox|Delphox-Mega, L50, F|100/100\n|move|p2a: EXPLOSION!!!!|Heat Wave|p1b: Garchomp|[spread] p1a,p1b\n|-resisted|p1a: Delphox|1\n|-crit|p1a: Delphox\n|-resisted|p1b: Garchomp|1\n|-damage|p1a: Delphox|58/100\n|-damage|p1b: Garchomp|71/100\n|move|p2b: Nort|Nasty Plot|p2b: Nort\n|-boost|p2b: Nort|spa|2\n|move|p1b: Garchomp|Earthquake|p2b: Nort|[spread] p2a,p2b\n|-immune|p1a: Delphox|[from] ability: Levitate\n|-supereffective|p2a: EXPLOSION!!!!|1\n|-damage|p2a: EXPLOSION!!!!|0 fnt\n|-damage|p2b: Nort|64/100\n|faint|p2a: EXPLOSION!!!!\n|\n|-fieldend|move: Trick Room\n|upkeep\n|\n|t:|1776280035\n|switch|p2a: Grand Saber|Kingambit, L50, M, shiny|100/100\n|turn|6\n|\n|t:|1776280047\n|move|p2a: Grand Saber|Protect|p2a: Grand Saber\n|-singleturn|p2a: Grand Saber|Protect\n|move|p1a: Delphox|Substitute|p1a: Delphox\n|-start|p1a: Delphox|Substitute\n|-damage|p1a: Delphox|33/100\n|move|p1b: Garchomp|Earthquake|p2b: Nort|[spread] p2b\n|-activate|p2a: Grand Saber|move: Protect\n|-immune|p1a: Delphox|[from] ability: Levitate\n|-damage|p2b: Nort|27/100\n|move|p2b: Nort|Hyper Voice|p1b: Garchomp|[spread] p1a,p1b\n|-damage|p1a: Delphox|0 fnt\n|-damage|p1b: Garchomp|8/100\n|faint|p1a: Delphox\n|\n|upkeep\n|\n|t:|1776280051\n|switch|p1a: Sneasler|Sneasler, L50, M|50/100\n|turn|7\n|\n|t:|1776280071\n|move|p1b: Garchomp|Protect|p1b: Garchomp\n|-singleturn|p1b: Garchomp|Protect\n|move|p2a: Grand Saber|Sucker Punch||[still]\n|-fail|p2a: Grand Saber\n|move|p1a: Sneasler|Close Combat|p2b: Nort\n|-damage|p2b: Nort|0 fnt\n|-unboost|p1a: Sneasler|def|1\n|-unboost|p1a: Sneasler|spd|1\n|faint|p2b: Nort\n|-enditem|p1a: Sneasler|White Herb\n|-clearnegativeboost|p1a: Sneasler|[silent]\n|\n|upkeep\n|turn|8\n|\n|t:|1776280085\n|move|p2a: Grand Saber|Sucker Punch|p1a: Sneasler\n|-resisted|p1a: Sneasler|1\n|-crit|p1a: Sneasler\n|-damage|p1a: Sneasler|0 fnt\n|faint|p1a: Sneasler\n|move|p1b: Garchomp|Stomping Tantrum|p2a: Grand Saber\n|-supereffective|p2a: Grand Saber|1\n|-damage|p2a: Grand Saber|43/100\n|\n|upkeep\n|turn|9\n|\n|t:|1776280097\n|move|p1b: Garchomp|Protect|p1b: Garchomp\n|-singleturn|p1b: Garchomp|Protect\n|move|p2a: Grand Saber|Sucker Punch||[still]\n|-fail|p2a: Grand Saber\n|\n|upkeep\n|turn|10\n|\n|t:|1776280101\n|move|p1b: Garchomp|Protect|p1b: Garchomp\n|-singleturn|p1b: Garchomp|Protect\n|move|p2a: Grand Saber|Sucker Punch||[still]\n|-fail|p2a: Grand Saber\n|\n|upkeep\n|turn|11\n|\n|t:|1776280103\n|move|p1b: Garchomp|Protect||[still]\n|-fail|p1b: Garchomp\n|move|p2a: Grand Saber|Sucker Punch||[still]\n|-fail|p2a: Grand Saber\n|\n|upkeep\n|turn|12\n|\n|t:|1776280108\n|move|p1b: Garchomp|Protect|p1b: Garchomp\n|-singleturn|p1b: Garchomp|Protect\n|move|p2a: Grand Saber|Protect||[still]\n|-fail|p2a: Grand Saber\n|\n|upkeep\n|turn|13\n|\n|t:|1776280116\n|move|p2a: Grand Saber|Sucker Punch|p1b: Garchomp\n|-damage|p1b: Garchomp|0 fnt\n|-damage|p2a: Grand Saber|30/100|[from] ability: Rough Skin|[of] p1b: Garchomp\n|faint|p1b: Garchomp\n|\n|win|Dinnersaurusrex\n|raw|5wamp's rating: 1226 &rarr; <strong>1203</strong><br />(-23 for losing)\n|raw|Dinnersaurusrex's rating: 1250 &rarr; <strong>1273</strong><br />(+23 for winning)\n",
  "uploadtime": 1776280116,
  "views": 20,
  "formatid": "gen9championsvgc2026regma",
  "rating": 1203,
  "private": 0,
  "password": null
}