{
  "id": "gen9championsvgc2026regma-2582256990",
  "format": "[Gen 9 Champions] VGC 2026 Reg M-A",
  "players": [
    "patchworrk",
    "HeZaR"
  ],
  "log": "|j|\u2606patchworrk\n|j|\u2606HeZaR\n|t:|1776076865\n|gametype|doubles\n|player|p1|patchworrk|rosa|1048\n|player|p2|HeZaR|harlequin|1045\n|gen|9\n|tier|[Gen 9 Champions] VGC 2026 Reg M-A\n|rated|\n|rule|Species Clause: Limit one of each Pok\u00e9mon\n|rule|Item Clause: Limit 1 of each item\n|clearpoke\n|poke|p1|Basculegion, L50, M|\n|poke|p1|Sneasler, L50, F|\n|poke|p1|Archaludon, L50, M|\n|poke|p1|Dragonite, L50, F|\n|poke|p1|Pelipper, L50, F|\n|poke|p1|Maushold, L50|\n|poke|p2|Hawlucha, L50, M|\n|poke|p2|Sableye, L50, F|\n|poke|p2|Snorlax, L50, M|\n|poke|p2|Krookodile, L50, M|\n|poke|p2|Kingambit, L50, M|\n|poke|p2|Farigiraf, L50, M|\n|teampreview|4\n|inactive|Battle timer is ON: inactive players will automatically lose when time's up. (requested by HeZaR)\n|\n|t:|1776076889\n|teamsize|p1|4\n|teamsize|p2|4\n|start\n|switch|p1a: bird up|Pelipper, L50, F, shiny|100/100\n|switch|p1b: Winston|Sneasler, L50, F, shiny|100/100\n|switch|p2a: Sableye|Sableye, L50, F|100/100\n|switch|p2b: Farigiraf|Farigiraf, L50, M|100/100\n|-weather|RainDance|[from] ability: Drizzle|[of] p1a: bird up\n|turn|1\n|\n|t:|1776076910\n|switch|p1b: Fih|Basculegion, L50, M, shiny|100/100\n|move|p2a: Sableye|Fake Out|p1b: Fih\n|-immune|p1b: Fih\n|move|p1a: bird up|Tailwind|p1a: bird up\n|-sidestart|p1: patchworrk|move: Tailwind\n|move|p2b: Farigiraf|Trick Room|p2b: Farigiraf\n|-fieldstart|move: Trick Room|[of] p2b: Farigiraf\n|\n|-weather|RainDance|[upkeep]\n|upkeep\n|turn|2\n|\n|t:|1776076930\n|move|p2b: Farigiraf|Helping Hand|p2a: Sableye\n|-singleturn|p2a: Sableye|Helping Hand|[of] p2b: Farigiraf\n|move|p2a: Sableye|Foul Play|p1b: Fih\n|-supereffective|p1b: Fih|1\n|-damage|p1b: Fih|0 fnt\n|faint|p1b: Fih\n|move|p1a: bird up|Hurricane|p2b: Farigiraf\n|-damage|p2b: Farigiraf|53/100\n|\n|-weather|RainDance|[upkeep]\n|upkeep\n|\n|t:|1776076943\n|switch|p1b: Slushie|Dragonite, L50, F, shiny|100/100\n|turn|3\n|\n|t:|1776076962\n|detailschange|p1b: Slushie|Dragonite-Mega, L50, F, shiny\n|-mega|p1b: Slushie|Dragonite|Dragoninite\n|move|p2a: Sableye|Foul Play|p1b: Slushie\n|-damage|p1b: Slushie|83/100\n|move|p2b: Farigiraf|Psychic Noise|p1b: Slushie\n|-damage|p1b: Slushie|57/100\n|-start|p1b: Slushie|move: Heal Block\n|move|p1a: bird up|Weather Ball|p2b: Farigiraf\n|-damage|p2b: Farigiraf|0 fnt\n|faint|p2b: Farigiraf\n|move|p1b: Slushie|Hurricane|p2a: Sableye\n|-damage|p2a: Sableye|11/100\n|\n|-weather|RainDance|[upkeep]\n|upkeep\n|inactive|HeZaR has 30 seconds left.\n|\n|t:|1776076989\n|switch|p2b: Snorlax|Snorlax, L50, M|100/100\n|turn|4\n|\n|t:|1776077007\n|move|p2a: Sableye|Disable|p1b: Slushie\n|-start|p1b: Slushie|Disable|Hurricane\n|move|p2b: Snorlax|Double-Edge|p1a: bird up\n|-damage|p1a: bird up|23/100\n|-damage|p2b: Snorlax|86/100|[from] Recoil\n|move|p1a: bird up|Weather Ball|p2a: Sableye\n|-damage|p2a: Sableye|0 fnt\n|faint|p2a: Sableye\n|cant|p1b: Slushie|Disable|Hurricane\n|\n|-weather|RainDance|[upkeep]\n|-end|p1b: Slushie|move: Heal Block\n|-sideend|p1: patchworrk|move: Tailwind\n|upkeep\n|\n|t:|1776077019\n|switch|p2a: Kingambit|Kingambit, L50, M|100/100\n|turn|5\n|\n|t:|1776077041\n|switch|p1a: Winston|Sneasler, L50, F, shiny|100/100\n|move|p2b: Snorlax|Double-Edge|p1b: Slushie\n|-damage|p1b: Slushie|0 fnt\n|faint|p1b: Slushie\n|-damage|p2b: Snorlax|73/100|[from] Recoil\n|move|p2a: Kingambit|Iron Head|p1a: Winston\n|-damage|p1a: Winston|14/100\n|\n|-weather|none\n|-fieldend|move: Trick Room\n|upkeep\n|\n|t:|1776077051\n|switch|p1b: bird up|Pelipper, L50, F, shiny|23/100\n|-weather|RainDance|[from] ability: Drizzle|[of] p1b: bird up\n|turn|6\n|\n|t:|1776077069\n|move|p2a: Kingambit|Sucker Punch||[still]\n|-fail|p2a: Kingambit\n|move|p1a: Winston|Close Combat|p2a: Kingambit\n|-supereffective|p2a: Kingambit|2\n|-damage|p2a: Kingambit|0 fnt\n|-unboost|p1a: Winston|def|1\n|-unboost|p1a: Winston|spd|1\n|faint|p2a: Kingambit\n|move|p1b: bird up|Tailwind|p1b: bird up\n|-sidestart|p1: patchworrk|move: Tailwind\n|move|p2b: Snorlax|Double-Edge|p1a: Winston\n|-damage|p1a: Winston|0 fnt\n|faint|p1a: Winston\n|-damage|p2b: Snorlax|70/100|[from] Recoil\n|\n|-weather|RainDance|[upkeep]\n|upkeep\n|turn|7\n|\n|t:|1776077083\n|move|p1b: bird up|Weather Ball|p2b: Snorlax\n|-crit|p2b: Snorlax\n|-damage|p2b: Snorlax|0 fnt\n|faint|p2b: Snorlax\n|\n|win|patchworrk\n|raw|patchworrk's rating: 1048 &rarr; <strong>1081</strong><br />(+33 for winning)\n|raw|HeZaR's rating: 1045 &rarr; <strong>1028</strong><br />(-17 for losing)\n|c|\u2606patchworrk|ggwp\n",
  "uploadtime": 1776077095,
  "views": 14,
  "formatid": "gen9championsvgc2026regma",
  "rating": 1028,
  "private": 0,
  "password": null
}