{
  "id": "gen9championsvgc2026regma-2588807545",
  "format": "[Gen 9 Champions] VGC 2026 Reg M-A",
  "players": [
    "Crash0utVGC",
    "Jay_Fluxx"
  ],
  "log": "|j|\u2606Crash0utVGC\n|j|\u2606Jay_Fluxx\n|t:|1776673324\n|gametype|doubles\n|player|p1|Crash0utVGC|colress|1136\n|player|p2|Jay_Fluxx|valerie|1143\n|gen|9\n|tier|[Gen 9 Champions] VGC 2026 Reg M-A\n|rated|\n|rule|Species Clause: Limit one of each Pok\u00e9mon\n|rule|Item Clause: Limit 1 of each item\n|clearpoke\n|poke|p1|Charizard, L50, M|\n|poke|p1|Sinistcha-Masterpiece, L50|\n|poke|p1|Tyranitar, L50, F, shiny|\n|poke|p1|Incineroar, L50, M|\n|poke|p1|Milotic, L50, M, shiny|\n|poke|p1|Sneasler, L50, M|\n|poke|p2|Aerodactyl, L50, F|\n|poke|p2|Runerigus, L50, M, shiny|\n|poke|p2|Sneasler, L50, F, shiny|\n|poke|p2|Aggron, L50, F, shiny|\n|poke|p2|Sinistcha-Masterpiece, L50|\n|poke|p2|Charizard, L50, M, shiny|\n|teampreview|4\n|inactive|Battle timer is ON: inactive players will automatically lose when time's up. (requested by Jay_Fluxx)\nJay_Fluxx has agreed to open team sheets.\n|\n|t:|1776673346\n|teamsize|p1|4\n|teamsize|p2|4\n|start\n|switch|p1a: Charizard|Charizard, L50, M|100/100\n|switch|p1b: Sneasler|Sneasler, L50, M|100/100\n|switch|p2a: Aerodactyl|Aerodactyl, L50, F|100/100\n|switch|p2b: Charizard|Charizard, L50, M, shiny|100/100\n|-ability|p2a: Aerodactyl|Unnerve\n|turn|1\n|\n|t:|1776673369\n|detailschange|p1a: Charizard|Charizard-Mega-X, L50, M\n|-mega|p1a: Charizard|Charizard|Charizardite X\n|detailschange|p2b: Charizard|Charizard-Mega-X, L50, M, shiny\n|-mega|p2b: Charizard|Charizard|Charizardite X\n|move|p1b: Sneasler|Fake Out|p2a: Aerodactyl\n|-resisted|p2a: Aerodactyl|1\n|-damage|p2a: Aerodactyl|88/100\n|cant|p2a: Aerodactyl|flinch\n|move|p1a: Charizard|Dragon Dance|p1a: Charizard\n|-boost|p1a: Charizard|atk|1\n|-boost|p1a: Charizard|spe|1\n|move|p2b: Charizard|Dragon Dance|p2b: Charizard\n|-boost|p2b: Charizard|atk|1\n|-boost|p2b: Charizard|spe|1\n|\n|upkeep\n|turn|2\n|\n|t:|1776673387\n|move|p1a: Charizard|Breaking Swipe|p2a: Aerodactyl|[spread] p2a,p2b\n|-supereffective|p2b: Charizard|1\n|-damage|p2a: Aerodactyl|18/100\n|-damage|p2b: Charizard|12/100\n|-unboost|p2a: Aerodactyl|atk|1\n|-unboost|p2b: Charizard|atk|1\n|move|p2a: Aerodactyl|Tailwind|p2a: Aerodactyl\n|-sidestart|p2: Jay_Fluxx|move: Tailwind\n|move|p2b: Charizard|Dragon Dance|p2b: Charizard\n|-boost|p2b: Charizard|atk|1\n|-boost|p2b: Charizard|spe|1\n|move|p1b: Sneasler|Close Combat|p2a: Aerodactyl\n|-damage|p2a: Aerodactyl|0 fnt\n|-unboost|p1b: Sneasler|def|1\n|-unboost|p1b: Sneasler|spd|1\n|faint|p2a: Aerodactyl\n|-enditem|p1b: Sneasler|White Herb\n|-clearnegativeboost|p1b: Sneasler|[silent]\n|\n|upkeep\n|\n|t:|1776673399\n|switch|p2a: Sinistcha|Sinistcha-Masterpiece, L50|100/100\n|-heal|p2b: Charizard|37/100|[from] ability: Hospitality|[of] p2a: Sinistcha\n|turn|3\n|\n|t:|1776673410\n|switch|p1b: Sinistcha|Sinistcha-Masterpiece, L50|100/100\n|move|p1a: Charizard|Protect|p1a: Charizard\n|-singleturn|p1a: Charizard|Protect\n|move|p2b: Charizard|Breaking Swipe|p1a: Charizard|[spread] p1b\n|-activate|p1a: Charizard|move: Protect\n|-damage|p1b: Sinistcha|62/100\n|-unboost|p1b: Sinistcha|atk|1\n|move|p2a: Sinistcha|Life Dew||[still]|[spread] p2a,p2b\n|-fail|p2a: Sinistcha|heal\n|-heal|p2b: Charizard|62/100\n|\n|upkeep\n|turn|4\n|\n|t:|1776673422\n|move|p1b: Sinistcha|Rage Powder|p1b: Sinistcha\n|-singleturn|p1b: Sinistcha|move: Rage Powder\n|move|p2b: Charizard|Breaking Swipe|p1a: Charizard|[spread] p1a,p1b\n|-supereffective|p1a: Charizard|1\n|-damage|p1a: Charizard|1/100\n|-damage|p1b: Sinistcha|21/100\n|-unboost|p1a: Charizard|atk|1\n|-unboost|p1b: Sinistcha|atk|1\n|-enditem|p1b: Sinistcha|Sitrus Berry|[eat]\n|-heal|p1b: Sinistcha|46/100|[from] item: Sitrus Berry\n|move|p1a: Charizard|Breaking Swipe|p2b: Charizard|[spread] p2a,p2b\n|-supereffective|p2b: Charizard|1\n|-damage|p2a: Sinistcha|73/100\n|-damage|p2b: Charizard|10/100\n|-unboost|p2a: Sinistcha|atk|1\n|-unboost|p2b: Charizard|atk|1\n|move|p2a: Sinistcha|Life Dew|p2a: Sinistcha|[spread] p2a,p2b\n|-heal|p2a: Sinistcha|98/100\n|-heal|p2b: Charizard|35/100\n|\n|upkeep\n|turn|5\n|\n|t:|1776673444\n|switch|p1b: Milotic|Milotic, L50, M, shiny|100/100\n|move|p1a: Charizard|Protect|p1a: Charizard\n|-singleturn|p1a: Charizard|Protect\n|move|p2b: Charizard|Dragon Dance|p2b: Charizard\n|-boost|p2b: Charizard|atk|1\n|-boost|p2b: Charizard|spe|1\n|move|p2a: Sinistcha|Life Dew|p2a: Sinistcha|[spread] p2a,p2b\n|-heal|p2a: Sinistcha|100/100\n|-heal|p2b: Charizard|59/100\n|\n|-sideend|p2: Jay_Fluxx|move: Tailwind\n|upkeep\n|turn|6\n|\n|t:|1776673455\n|move|p2b: Charizard|Breaking Swipe|p1b: Milotic|[spread] p1a,p1b\n|-supereffective|p1a: Charizard|1\n|-damage|p1a: Charizard|0 fnt\n|-damage|p1b: Milotic|49/100\n|-unboost|p1b: Milotic|atk|1\n|-ability|p1b: Milotic|Competitive|boost\n|-boost|p1b: Milotic|spa|2\n|faint|p1a: Charizard\n|move|p1b: Milotic|Icy Wind|p2b: Charizard|[spread] p2a,p2b\n|-supereffective|p2a: Sinistcha|1\n|-damage|p2a: Sinistcha|57/100\n|-damage|p2b: Charizard|33/100\n|-unboost|p2a: Sinistcha|spe|1\n|-unboost|p2b: Charizard|spe|1\n|move|p2a: Sinistcha|Matcha Gotcha|p1b: Milotic\n|-supereffective|p1b: Milotic|1\n|-damage|p1b: Milotic|6/100\n|-heal|p2a: Sinistcha|82/100|[from] drain|[of] p1b: Milotic\n|\n|-heal|p1b: Milotic|12/100|[from] item: Leftovers\n|upkeep\n|\n|t:|1776673459\n|switch|p1a: Sinistcha|Sinistcha-Masterpiece, L50|46/100\n|-heal|p1b: Milotic|37/100|[from] ability: Hospitality|[of] p1a: Sinistcha\n|turn|7\n|\n|t:|1776673474\n|move|p1b: Milotic|Protect|p1b: Milotic\n|-singleturn|p1b: Milotic|Protect\n|move|p2b: Charizard|Breaking Swipe|p1b: Milotic|[spread] p1a\n|-activate|p1b: Milotic|move: Protect\n|-damage|p1a: Sinistcha|6/100\n|-unboost|p1a: Sinistcha|atk|1\n|move|p2a: Sinistcha|Matcha Gotcha|p1b: Milotic|[spread] p1a\n|-activate|p1b: Milotic|move: Protect\n|-resisted|p1a: Sinistcha|1\n|-damage|p1a: Sinistcha|0 fnt\n|-heal|p2a: Sinistcha|85/100|[from] drain|[of] p1a: Sinistcha\n|faint|p1a: Sinistcha\n|\n|-heal|p1b: Milotic|43/100|[from] item: Leftovers\n|upkeep\n|-message|Crash0utVGC forfeited.\n|\n|win|Jay_Fluxx\n|raw|Crash0utVGC's rating: 1136 &rarr; <strong>1112</strong><br />(-24 for losing)\n|raw|Jay_Fluxx's rating: 1143 &rarr; <strong>1167</strong><br />(+24 for winning)\n",
  "uploadtime": 1776673479,
  "views": 8,
  "formatid": "gen9championsvgc2026regma",
  "rating": 1112,
  "private": 0,
  "password": null
}