{
  "id": "gen9championsvgc2026regma-2583469478",
  "format": "[Gen 9 Champions] VGC 2026 Reg M-A",
  "players": [
    "fdhdfgdfgdfg",
    "Revilo-Smith"
  ],
  "log": "|j|\u2606fdhdfgdfgdfg\n|j|\u2606Revilo-Smith\n|t:|1776177660\n|gametype|doubles\n|player|p1|fdhdfgdfgdfg|101|1114\n|player|p2|Revilo-Smith|169|1025\n|gen|9\n|tier|[Gen 9 Champions] VGC 2026 Reg M-A\n|rated|\n|rule|Species Clause: Limit one of each Pok\u00e9mon\n|rule|Item Clause: Limit 1 of each item\n|clearpoke\n|poke|p1|Starmie, L50|\n|poke|p1|Garchomp, L50, F|\n|poke|p1|Incineroar, L50, M|\n|poke|p1|Vivillon-Modern, L50, M|\n|poke|p1|Sneasler, L50, M|\n|poke|p1|Sinistcha, L50|\n|poke|p2|Tyranitar, L50, M|\n|poke|p2|Excadrill, L50, F|\n|poke|p2|Rotom-Wash, L50|\n|poke|p2|Sinistcha, L50|\n|poke|p2|Garchomp, L50, F|\n|poke|p2|Araquanid, L50, F|\n|teampreview|4\n|inactive|Battle timer is ON: inactive players will automatically lose when time's up. (requested by fdhdfgdfgdfg)\n|\n|t:|1776177677\n|teamsize|p1|4\n|teamsize|p2|4\n|start\n|switch|p1a: Vivillon|Vivillon-Modern, L50, M|100/100\n|switch|p1b: Sneasler|Sneasler, L50, M|100/100\n|switch|p2a: Tyranitar|Tyranitar, L50, M|100/100\n|switch|p2b: Excadrill|Excadrill, L50, F|100/100\n|-weather|Sandstorm|[from] ability: Sand Stream|[of] p2a: Tyranitar\n|turn|1\n|inactive|Revilo-Smith has 30 seconds left.\n|inactive|Revilo-Smith has 20 seconds left.\n|\n|t:|1776177716\n|move|p1b: Sneasler|Fake Out|p2b: Excadrill\n|-resisted|p2b: Excadrill|1\n|-damage|p2b: Excadrill|91/100\n|cant|p2b: Excadrill|flinch\n|move|p1a: Vivillon|Rain Dance|p1a: Vivillon\n|-weather|RainDance\n|move|p2a: Tyranitar|Rock Slide|p1b: Sneasler|[spread] p1a,p1b\n|-supereffective|p1a: Vivillon|2\n|-resisted|p1b: Sneasler|1\n|-enditem|p1a: Vivillon|Focus Sash\n|-damage|p1a: Vivillon|1/100\n|-damage|p1b: Sneasler|70/100\n|\n|-weather|RainDance|[upkeep]\n|upkeep\n|turn|2\n|\n|t:|1776177733\n|detailschange|p2a: Tyranitar|Tyranitar-Mega, L50, M\n|-mega|p2a: Tyranitar|Tyranitar|Tyranitarite\n|-weather|Sandstorm|[from] ability: Sand Stream|[of] p2a: Tyranitar\n|move|p2b: Excadrill|High Horsepower|p1b: Sneasler\n|-supereffective|p1b: Sneasler|1\n|-damage|p1b: Sneasler|0 fnt\n|faint|p1b: Sneasler\n|move|p1a: Vivillon|Sleep Powder|p2a: Tyranitar\n|-status|p2a: Tyranitar|slp|[from] move: Sleep Powder\n|cant|p2a: Tyranitar|slp\n|\n|-weather|Sandstorm|[upkeep]\n|-damage|p1a: Vivillon|0 fnt|[from] Sandstorm\n|faint|p1a: Vivillon\n|upkeep\n|\n|t:|1776177742\n|switch|p1b: Garchomp|Garchomp, L50, F|100/100\n|switch|p1a: Starmie|Starmie, L50|100/100\n|turn|3\n|inactive|fdhdfgdfgdfg has 30 seconds left.\n|inactive|Revilo-Smith has 30 seconds left.\n|\n|t:|1776177777\n|switch|p2a: Sinistcha|Sinistcha, L50|100/100\n|-heal|p2b: Excadrill|100/100|[from] ability: Hospitality|[of] p2a: Sinistcha\n|detailschange|p1a: Starmie|Starmie-Mega, L50\n|-mega|p1a: Starmie|Starmie|Starminite\n|move|p2b: Excadrill|Rock Slide|p1a: Starmie|[spread] p1b\n|-miss|p2b: Excadrill|p1a: Starmie\n|-resisted|p1b: Garchomp|1\n|-damage|p1b: Garchomp|90/100\n|move|p1b: Garchomp|Dragon Claw|p2a: Sinistcha\n|-damage|p2a: Sinistcha|66/100\n|move|p1a: Starmie|Liquidation|p2b: Excadrill\n|-supereffective|p2b: Excadrill|1\n|-enditem|p2b: Excadrill|Focus Sash\n|-damage|p2b: Excadrill|1/100\n|\n|-weather|Sandstorm|[upkeep]\n|-damage|p1a: Starmie|95/100|[from] Sandstorm\n|-damage|p2a: Sinistcha|60/100|[from] Sandstorm\n|upkeep\n|turn|4\n|inactive|fdhdfgdfgdfg has 30 seconds left.\n|inactive|Revilo-Smith has 30 seconds left.\n|inactive|Revilo-Smith has 20 seconds left.\n|\n|t:|1776177814\n|move|p1a: Starmie|Protect|p1a: Starmie\n|-singleturn|p1a: Starmie|Protect\n|move|p2b: Excadrill|High Horsepower|p1a: Starmie\n|-activate|p1a: Starmie|move: Protect\n|move|p1b: Garchomp|Dragon Claw|p2b: Excadrill\n|-resisted|p2b: Excadrill|1\n|-damage|p2b: Excadrill|0 fnt\n|faint|p2b: Excadrill\n|move|p2a: Sinistcha|Matcha Gotcha|p1a: Starmie|[spread] p1b\n|-activate|p1a: Starmie|move: Protect\n|-damage|p1b: Garchomp|62/100\n|-heal|p2a: Sinistcha|75/100|[from] drain|[of] p1b: Garchomp\n|\n|-weather|Sandstorm|[upkeep]\n|-damage|p1a: Starmie|89/100|[from] Sandstorm\n|-damage|p2a: Sinistcha|69/100|[from] Sandstorm\n|upkeep\n|\n|t:|1776177820\n|switch|p2b: Rotom|Rotom-Wash, L50|100/100\n|turn|5\n|inactive|fdhdfgdfgdfg has 30 seconds left.\n|inactive|fdhdfgdfgdfg has 20 seconds left.\n|\n|t:|1776177856\n|move|p1b: Garchomp|Dragon Claw|p2a: Sinistcha\n|-damage|p2a: Sinistcha|32/100\n|-enditem|p2a: Sinistcha|Sitrus Berry|[eat]\n|-heal|p2a: Sinistcha|57/100|[from] item: Sitrus Berry\n|move|p1a: Starmie|Zen Headbutt|p2a: Sinistcha\n|-damage|p2a: Sinistcha|0 fnt\n|faint|p2a: Sinistcha\n|move|p2b: Rotom|Reflect|p2b: Rotom\n|-sidestart|p2: Revilo-Smith|Reflect\n|\n|-weather|Sandstorm|[upkeep]\n|-damage|p1a: Starmie|83/100|[from] Sandstorm\n|-damage|p2b: Rotom|95/100|[from] Sandstorm\n|-heal|p2b: Rotom|100/100|[from] item: Leftovers\n|upkeep\n|\n|t:|1776177875\n|switch|p2a: Tyranitar|Tyranitar-Mega, L50, M|100/100 slp\n|turn|6\n|\n|t:|1776177881\n|move|p1b: Garchomp|Dragon Claw|p2a: Tyranitar\n|-damage|p2a: Tyranitar|84/100 slp\n|move|p1a: Starmie|Liquidation|p2a: Tyranitar\n|-supereffective|p2a: Tyranitar|1\n|-damage|p2a: Tyranitar|13/100 slp\n|-unboost|p2a: Tyranitar|def|1\n|move|p2b: Rotom|Hydro Pump|p1b: Garchomp\n|-damage|p1b: Garchomp|7/100\n|cant|p2a: Tyranitar|slp\n|\n|-weather|none\n|upkeep\n|turn|7\n|\n|t:|1776177900\n|-curestatus|p2a: Tyranitar|slp|[msg]\n|move|p2a: Tyranitar|Protect|p2a: Tyranitar\n|-singleturn|p2a: Tyranitar|Protect\n|move|p1b: Garchomp|Dragon Claw|p2a: Tyranitar\n|-activate|p2a: Tyranitar|move: Protect\n|move|p1a: Starmie|Zen Headbutt|p2b: Rotom\n|-damage|p2b: Rotom|42/100\n|move|p2b: Rotom|Hydro Pump|p1b: Garchomp\n|-damage|p1b: Garchomp|0 fnt\n|faint|p1b: Garchomp\n|\n|-heal|p2b: Rotom|48/100|[from] item: Leftovers\n|upkeep\n|turn|8\n|inactive|fdhdfgdfgdfg has 30 seconds left.\n|\n|t:|1776177927\n|move|p1a: Starmie|Liquidation|p2a: Tyranitar\n|-supereffective|p2a: Tyranitar|1\n|-damage|p2a: Tyranitar|0 fnt\n|faint|p2a: Tyranitar\n|move|p2b: Rotom|Electroweb|p1a: Starmie\n|-supereffective|p1a: Starmie|1\n|-damage|p1a: Starmie|20/100\n|-unboost|p1a: Starmie|spe|1\n|\n|-heal|p2b: Rotom|54/100|[from] item: Leftovers\n|upkeep\n|turn|9\n|\n|t:|1776177935\n|move|p1a: Starmie|Zen Headbutt|p2b: Rotom\n|-damage|p2b: Rotom|0 fnt\n|faint|p2b: Rotom\n|\n|win|fdhdfgdfgdfg\n|raw|fdhdfgdfgdfg's rating: 1114 &rarr; <strong>1133</strong><br />(+19 for winning)\n|raw|Revilo-Smith's rating: 1025 &rarr; <strong>1015</strong><br />(-10 for losing)\n|l|\u2606Revilo-Smith\n|player|p2|\n",
  "uploadtime": 1776177941,
  "views": 17,
  "formatid": "gen9championsvgc2026regma",
  "rating": 1015,
  "private": 0,
  "password": null
}