{
  "id": "gen9championsvgc2026regma-2583146617",
  "format": "[Gen 9 Champions] VGC 2026 Reg M-A",
  "players": [
    "ryankun26",
    "TheManOfSausage"
  ],
  "log": "|j|\u2606ryankun26\n|j|\u2606TheManOfSausage\n|t:|1776147698\n|gametype|doubles\n|player|p1|ryankun26|hilda|1219\n|player|p2|TheManOfSausage|miku-water|1297\n|gen|9\n|tier|[Gen 9 Champions] VGC 2026 Reg M-A\n|rated|\n|rule|Species Clause: Limit one of each Pok\u00e9mon\n|rule|Item Clause: Limit 1 of each item\n|clearpoke\n|poke|p1|Talonflame, L50, F|\n|poke|p1|Glimmora, L50, M|\n|poke|p1|Tsareena, L50, F|\n|poke|p1|Gyarados, L50, M|\n|poke|p1|Zoroark-Hisui, L50, M|\n|poke|p1|Rotom-Wash, L50|\n|poke|p2|Gyarados, L50, F|\n|poke|p2|Dragapult, L50, M|\n|poke|p2|Sneasler, L50, M|\n|poke|p2|Kingambit, L50, M|\n|poke|p2|Vivillon, L50, M|\n|poke|p2|Skeledirge, L50, M|\n|teampreview|4\n|inactive|Battle timer is ON: inactive players will automatically lose when time's up. (requested by ryankun26)\nTheManOfSausage has agreed to open team sheets.\n|inactive|ryankun26 has 60 seconds left.\n|\n|t:|1776147739\n|teamsize|p1|4\n|teamsize|p2|4\n|start\n|switch|p1a: Talonflame|Talonflame, L50, F|100/100\n|switch|p1b: Rotom|Rotom-Wash, L50|100/100\n|switch|p2a: Gyarados|Gyarados, L50, F|100/100\n|switch|p2b: Sneasler|Sneasler, L50, M|100/100\n|-ability|p2a: Gyarados|Intimidate|boost\n|-unboost|p1a: Talonflame|atk|1\n|-unboost|p1b: Rotom|atk|1\n|turn|1\n|\n|t:|1776147753\n|detailschange|p2a: Gyarados|Gyarados-Mega, L50, F\n|-mega|p2a: Gyarados|Gyarados|Gyaradosite\n|-ability|p2a: Gyarados|Mold Breaker\n|move|p1a: Talonflame|Protect|p1a: Talonflame\n|-singleturn|p1a: Talonflame|Protect\n|move|p2b: Sneasler|Fake Out|p1a: Talonflame\n|-activate|p1a: Talonflame|move: Protect\n|move|p1b: Rotom|Hyper Voice|p2a: Gyarados|[spread] p2a,p2b\n|-damage|p2a: Gyarados|73/100\n|-damage|p2b: Sneasler|49/100\n|move|p2a: Gyarados|Dragon Dance|p2a: Gyarados\n|-boost|p2a: Gyarados|atk|1\n|-boost|p2a: Gyarados|spe|1\n|\n|upkeep\n|turn|2\n|\n|t:|1776147768\n|move|p1a: Talonflame|Tailwind|p1a: Talonflame\n|-sidestart|p1: ryankun26|move: Tailwind\n|move|p1b: Rotom|Hyper Voice|p2b: Sneasler|[spread] p2a,p2b\n|-damage|p2a: Gyarados|45/100\n|-damage|p2b: Sneasler|0 fnt\n|faint|p2b: Sneasler\n|move|p2a: Gyarados|Dragon Dance|p2a: Gyarados\n|-boost|p2a: Gyarados|atk|1\n|-boost|p2a: Gyarados|spe|1\n|\n|upkeep\n|\n|t:|1776147778\n|switch|p2b: Harmony|Kingambit, L50, M, shiny|100/100\n|turn|3\n|\n|t:|1776147791\n|switch|p1b: Glimmora|Glimmora, L50, M|100/100\n|switch|p1a: Rotom|Rotom-Wash, L50|100/100\n|move|p2b: Harmony|Sucker Punch||[still]\n|-fail|p2b: Harmony\n|move|p2a: Gyarados|Waterfall|p1a: Rotom\n|-resisted|p1a: Rotom|1\n|-damage|p1a: Rotom|42/100\n|-enditem|p1a: Rotom|Sitrus Berry|[eat]\n|-heal|p1a: Rotom|67/100|[from] item: Sitrus Berry\n|\n|upkeep\n|turn|4\n|\n|t:|1776147812\n|detailschange|p1b: Glimmora|Glimmora-Mega, L50, M\n|-mega|p1b: Glimmora|Glimmora|Glimmoranite\n|move|p2a: Gyarados|Protect|p2a: Gyarados\n|-singleturn|p2a: Gyarados|Protect\n|move|p1b: Glimmora|Sludge Bomb|p2a: Gyarados\n|-activate|p2a: Gyarados|move: Protect\n|move|p1a: Rotom|Will-O-Wisp|p2b: Harmony\n|-status|p2b: Harmony|brn\n|move|p2b: Harmony|Swords Dance|p2b: Harmony\n|-boost|p2b: Harmony|atk|2\n|\n|-damage|p2b: Harmony|95/100 brn|[from] brn\n|upkeep\n|turn|5\n|\n|t:|1776147829\n|move|p2a: Gyarados|Protect|p2a: Gyarados\n|-singleturn|p2a: Gyarados|Protect\n|move|p1b: Glimmora|Earth Power|p2b: Harmony\n|-supereffective|p2b: Harmony|1\n|-crit|p2b: Harmony\n|-damage|p2b: Harmony|0 fnt\n|faint|p2b: Harmony\n|move|p1a: Rotom|Thunderbolt|p2a: Gyarados\n|-activate|p2a: Gyarados|move: Protect\n|\n|-sideend|p1: ryankun26|move: Tailwind\n|upkeep\n|\n|t:|1776147832\n|switch|p2b: Vivillon|Vivillon, L50, M|100/100\n|turn|6\n|\n|t:|1776147847\n|move|p2a: Gyarados|Earthquake|p1a: Rotom|[spread] p1a,p1b\n|-immune|p2b: Vivillon\n|-supereffective|p1a: Rotom|1\n|-supereffective|p1b: Glimmora|2\n|-damage|p1a: Rotom|0 fnt\n|-damage|p1b: Glimmora|0 fnt\n|faint|p1a: Rotom\n|faint|p1b: Glimmora\n|move|p2b: Vivillon|Sleep Powder|p1: Rotom|[notarget]\n|-fail|p2b: Vivillon\n|\n|upkeep\n|\n|t:|1776147851\n|switch|p1b: Talonflame|Talonflame, L50, F|100/100\n|switch|p1a: Talonflame|Talonflame, L50, F|100/100\n|turn|7\n|inactive|TheManOfSausage has 30 seconds left.\n|\n|t:|1776147881\n|move|p2a: Gyarados|Protect|p2a: Gyarados\n|-singleturn|p2a: Gyarados|Protect\n|move|p1b: Talonflame|Dual Wingbeat|p2b: Vivillon\n|-supereffective|p2b: Vivillon|1\n|-damage|p2b: Vivillon|34/100\n|-supereffective|p2b: Vivillon|1\n|-damage|p2b: Vivillon|0 fnt\n|faint|p2b: Vivillon\n|-hitcount|p2: Vivillon|2\n|move|p1a: Talonflame|Hyper Voice|p2a: Gyarados\n|-activate|p2a: Gyarados|move: Protect\n|\n|upkeep\n|turn|8\n|\n|t:|1776147891\n|move|p1b: Talonflame|Tailwind|p1b: Talonflame\n|-sidestart|p1: ryankun26|move: Tailwind\n|move|p1a: Talonflame|Hyper Voice|p2a: Gyarados\n|-damage|p2a: Gyarados|9/100\n|move|p2a: Gyarados|Waterfall|p1a: Talonflame\n|-damage|p1a: Talonflame|0 fnt\n|replace|p1a: Zoroark|Zoroark-Hisui, L50, M\n|-end|p1a: Zoroark|Illusion\n|faint|p1a: Zoroark\n|\n|upkeep\n|turn|9\n|c|\u2606TheManOfSausage|gg\n|\n|t:|1776147900\n|move|p2a: Gyarados|Protect|p2a: Gyarados\n|-singleturn|p2a: Gyarados|Protect\n|move|p1b: Talonflame|Flare Blitz|p2a: Gyarados\n|-activate|p2a: Gyarados|move: Protect\n|\n|upkeep\n|turn|10\n|\n|t:|1776147903\n|move|p1b: Talonflame|Flare Blitz|p2a: Gyarados\n|-resisted|p2a: Gyarados|1\n|-damage|p2a: Gyarados|0 fnt\n|faint|p2a: Gyarados\n|-damage|p1b: Talonflame|97/100|[from] Recoil\n|\n|win|ryankun26\n|raw|ryankun26's rating: 1219 &rarr; <strong>1250</strong><br />(+31 for winning)\n|raw|TheManOfSausage's rating: 1297 &rarr; <strong>1266</strong><br />(-31 for losing)\n|c|\u2606ryankun26|GG\n|c|\u2606ryankun26|Cool team\n",
  "uploadtime": 1776147913,
  "views": 21,
  "formatid": "gen9championsvgc2026regma",
  "rating": 1250,
  "private": 0,
  "password": null
}