{
  "id": "gen9championsvgc2026regma-2583054427",
  "format": "[Gen 9 Champions] VGC 2026 Reg M-A",
  "players": [
    "KOTONOHOUSE",
    "RNNF"
  ],
  "log": "|j|\u2606KOTONOHOUSE\n|j|\u2606RNNF\n|t:|1776137117\n|gametype|doubles\n|player|p1|KOTONOHOUSE|emmet|1083\n|player|p2|RNNF|101|1123\n|gen|9\n|tier|[Gen 9 Champions] VGC 2026 Reg M-A\n|rated|\n|rule|Species Clause: Limit one of each Pok\u00e9mon\n|rule|Item Clause: Limit 1 of each item\n|clearpoke\n|poke|p1|Whimsicott, L50, F|\n|poke|p1|Incineroar, L50, F|\n|poke|p1|Kingambit, L50, F|\n|poke|p1|Arcanine-Hisui, L50, M|\n|poke|p1|Floette-Eternal, L50, F|\n|poke|p1|Garchomp, L50, M|\n|poke|p2|Tyranitar, L50, M|\n|poke|p2|Arcanine, L50, M|\n|poke|p2|Excadrill, L50, M|\n|poke|p2|Gengar, L50, F|\n|poke|p2|Talonflame, L50, M|\n|poke|p2|Empoleon, L50, M|\n|teampreview|4\n|inactive|Battle timer is ON: inactive players will automatically lose when time's up. (requested by KOTONOHOUSE)\n|\n|t:|1776137135\n|teamsize|p1|4\n|teamsize|p2|4\n|start\n|switch|p1a: Whimsicott|Whimsicott, L50, F|100/100\n|switch|p1b: Arcanine|Arcanine-Hisui, L50, M|100/100\n|switch|p2a: Empoleon|Empoleon, L50, M|100/100\n|switch|p2b: Gengar|Gengar, L50, F|100/100\n|-ability|p1b: Arcanine|Intimidate|boost\n|-unboost|p2a: Empoleon|atk|1\n|-ability|p2a: Empoleon|Competitive|boost\n|-boost|p2a: Empoleon|spa|2\n|-unboost|p2b: Gengar|atk|1\n|turn|1\n|\n|t:|1776137150\n|move|p1a: Whimsicott|Tailwind|p1a: Whimsicott\n|-sidestart|p1: KOTONOHOUSE|move: Tailwind\n|move|p1b: Arcanine|Flare Blitz|p2b: Gengar\n|-enditem|p2b: Gengar|Focus Sash\n|-damage|p2b: Gengar|1/100\n|-damage|p1b: Arcanine|74/100|[from] Recoil\n|move|p2a: Empoleon|Flip Turn|p1a: Whimsicott\n|-resisted|p1a: Whimsicott|1\n|-damage|p1a: Whimsicott|96/100\n|\n|t:|1776137161\n|switch|p2a: Tyranitar|Tyranitar, L50, M|100/100|[from] Flip Turn\n|-weather|Sandstorm|[from] ability: Sand Stream|[of] p2a: Tyranitar\n|move|p2b: Gengar|Sludge Wave|p1a: Whimsicott|[spread] p2a,p1a,p1b\n|-resisted|p2a: Tyranitar|1\n|-supereffective|p1a: Whimsicott|2\n|-resisted|p1b: Arcanine|1\n|-damage|p2a: Tyranitar|91/100\n|-damage|p1a: Whimsicott|0 fnt\n|-damage|p1b: Arcanine|58/100\n|faint|p1a: Whimsicott\n|\n|-weather|Sandstorm|[upkeep]\n|-damage|p2b: Gengar|0 fnt|[from] Sandstorm\n|faint|p2b: Gengar\n|upkeep\n|\n|t:|1776137180\n|switch|p2b: Empoleon|Empoleon, L50, M|100/100\n|switch|p1a: Floette|Floette-Eternal, L50, F|100/100\n|turn|2\n|\n|t:|1776137192\n|detailschange|p1a: Floette|Floette-Mega, L50, F\n|-mega|p1a: Floette|Floette|Floettite\n|-ability|p1a: Floette|Fairy Aura\n|move|p1b: Arcanine|Flare Blitz|p2b: Empoleon\n|-damage|p2b: Empoleon|27/100\n|-damage|p1b: Arcanine|35/100|[from] Recoil\n|move|p1a: Floette|Dazzling Gleam|p2b: Empoleon|[spread] p2a,p2b\n|-supereffective|p2a: Tyranitar|1\n|-resisted|p2b: Empoleon|1\n|-damage|p2a: Tyranitar|41/100\n|-damage|p2b: Empoleon|4/100\n|move|p2b: Empoleon|Flash Cannon|p1a: Floette\n|-supereffective|p1a: Floette|1\n|-damage|p1a: Floette|35/100\n|move|p2a: Tyranitar|Stone Edge|p1b: Arcanine\n|-supereffective|p1b: Arcanine|1\n|-crit|p1b: Arcanine\n|-damage|p1b: Arcanine|0 fnt\n|faint|p1b: Arcanine\n|\n|-weather|Sandstorm|[upkeep]\n|-damage|p1a: Floette|29/100|[from] Sandstorm\n|upkeep\n|\n|t:|1776137209\n|switch|p1b: Garchomp|Garchomp, L50, M|100/100\n|turn|3\n|\n|t:|1776137226\n|move|p2a: Tyranitar|Protect|p2a: Tyranitar\n|-singleturn|p2a: Tyranitar|Protect\n|move|p1b: Garchomp|Stomping Tantrum|p2a: Tyranitar\n|-activate|p2a: Tyranitar|move: Protect\n|move|p1a: Floette|Dazzling Gleam|p2a: Tyranitar|[spread] p2b\n|-activate|p2a: Tyranitar|move: Protect\n|-resisted|p2b: Empoleon|1\n|-damage|p2b: Empoleon|0 fnt\n|faint|p2b: Empoleon\n|\n|-weather|Sandstorm|[upkeep]\n|-damage|p1a: Floette|23/100|[from] Sandstorm\n|upkeep\n|\n|t:|1776137239\n|switch|p2b: Excadrill|Excadrill, L50, M|100/100\n|turn|4\n|\n|t:|1776137245\n|move|p1a: Floette|Protect|p1a: Floette\n|-singleturn|p1a: Floette|Protect\n|move|p2b: Excadrill|Protect|p2b: Excadrill\n|-singleturn|p2b: Excadrill|Protect\n|move|p2a: Tyranitar|Protect||[still]\n|-fail|p2a: Tyranitar\n|move|p1b: Garchomp|Stomping Tantrum|p2b: Excadrill\n|-activate|p2b: Excadrill|move: Protect\n|\n|-weather|Sandstorm|[upkeep]\n|-damage|p1a: Floette|17/100|[from] Sandstorm\n|-sideend|p1: KOTONOHOUSE|move: Tailwind\n|upkeep\n|turn|5\n|\n|t:|1776137264\n|detailschange|p2b: Excadrill|Excadrill-Mega, L50, M\n|-mega|p2b: Excadrill|Excadrill|Excadrite\n|move|p1a: Floette|Protect||[still]\n|-fail|p1a: Floette\n|move|p2a: Tyranitar|Protect|p2a: Tyranitar\n|-singleturn|p2a: Tyranitar|Protect\n|move|p2b: Excadrill|Rock Slide|p1b: Garchomp|[spread] p1a\n|-miss|p2b: Excadrill|p1b: Garchomp\n|-damage|p1a: Floette|0 fnt\n|faint|p1a: Floette\n|move|p1b: Garchomp|Stomping Tantrum|p2b: Excadrill\n|-supereffective|p2b: Excadrill|1\n|-damage|p2b: Excadrill|22/100\n|\n|-weather|none\n|upkeep\n|turn|6\n|\n|t:|1776137286\n|move|p2b: Excadrill|Drill Run|p1b: Garchomp\n|-damage|p1b: Garchomp|48/100\n|-damage|p2b: Excadrill|9/100|[from] ability: Rough Skin|[of] p1b: Garchomp\n|move|p1b: Garchomp|Stomping Tantrum|p2a: Tyranitar\n|-supereffective|p2a: Tyranitar|1\n|-damage|p2a: Tyranitar|0 fnt\n|faint|p2a: Tyranitar\n|\n|upkeep\n|turn|7\n|\n|t:|1776137297\n|move|p1b: Garchomp|Protect|p1b: Garchomp\n|-singleturn|p1b: Garchomp|Protect\n|move|p2b: Excadrill|Iron Head|p1b: Garchomp\n|-ability|p2b: Excadrill|Piercing Drill\n|-zbroken|p1b: Garchomp\n|-damage|p1b: Garchomp|37/100\n|-damage|p2b: Excadrill|0 fnt|[from] ability: Rough Skin|[of] p1b: Garchomp\n|faint|p2b: Excadrill\n|\n|win|KOTONOHOUSE\n|raw|KOTONOHOUSE's rating: 1083 &rarr; <strong>1114</strong><br />(+31 for winning)\n|raw|RNNF's rating: 1123 &rarr; <strong>1095</strong><br />(-28 for losing)\n|c|\u2606RNNF|gg\n|l|\u2606RNNF\n|player|p2|\n|c|\u2606KOTONOHOUSE|gg\n|l|\u2606KOTONOHOUSE\n|player|p1|\n|j|\u2606KOTONOHOUSE\n|player|p1|KOTONOHOUSE|emmet|\n",
  "uploadtime": 1776137603,
  "views": 14,
  "formatid": "gen9championsvgc2026regma",
  "rating": 1095,
  "private": 0,
  "password": null
}