{
  "id": "gen9championsvgc2026regma-2582002626",
  "format": "[Gen 9 Champions] VGC 2026 Reg M-A",
  "players": [
    "chromate",
    "magicalarcher57"
  ],
  "log": "|j|\u2606chromate\n|j|\u2606magicalarcher57\n|t:|1776047329\n|gametype|doubles\n|player|p1|chromate|miku-ghost|\n|player|p2|magicalarcher57|cynthia-masters4|\n|gen|9\n|tier|[Gen 9 Champions] VGC 2026 Reg M-A\n|rated|Tournament battle\n|rule|Species Clause: Limit one of each Pok\u00e9mon\n|rule|Item Clause: Limit 1 of each item\n|clearpoke\n|poke|p1|Charizard, L50, M|\n|poke|p1|Whimsicott, L50, M|\n|poke|p1|Garchomp, L50, F|\n|poke|p1|Sneasler, L50, F|\n|poke|p1|Maushold, L50|\n|poke|p1|Aegislash, L50, M|\n|poke|p2|Kangaskhan, L50, F|\n|poke|p2|Farigiraf, L50, F|\n|poke|p2|Basculegion, L50, M|\n|poke|p2|Talonflame, L50, M|\n|poke|p2|Sneasler, L50, F|\n|poke|p2|Sylveon, L50, M|\n|teampreview|4\n|j| jongseobs 1 fanboy\n|j|+holdingb\n|j| Ducktile\nchromate has agreed to open team sheets.\nmagicalarcher57 has agreed to open team sheets.\n|showteam|p1|Charizard||CharizarditeY|Blaze|HeatWave,SolarBeam,WeatherBall,Protect|||M|||50|]Whimsicott||FocusSash|Prankster|Moonblast,Tailwind,Encore,SunnyDay|||M|||50|]Garchomp||ChoiceScarf|RoughSkin|Earthquake,DragonClaw,RockSlide,StompingTantrum|||F|||50|]Sneasler||WhiteHerb|Unburden|GunkShot,CloseCombat,FakeOut,Protect|||F|||50|]Maushold||ChopleBerry|FriendGuard|SuperFang,FollowMe,HelpingHand,Protect||||||50|]Aegislash||SpellTag|StanceChange|IronHead,Poltergeist,ShadowSneak,KingsShield|||M|||50|\n|showteam|p2|Kangaskhan||Kangaskhanite|Scrappy|FakeOut,DrainPunch,DoubleEdge,Crunch|||F|||50|]Farigiraf||ColburBerry|ArmorTail|ShadowBall,HyperVoice,TrickRoom,Psychic|||F|||50|]Basculegion||MysticWater|Adaptability|WaveCrash,LastRespects,AquaJet,Protect|||M|||50|]Talonflame||SharpBeak|GaleWings|Tailwind,Taunt,BraveBird,FlareBlitz|||M|||50|]Sneasler||FocusSash|Unburden|FakeOut,CloseCombat,DireClaw,Protect|||F|||50|]Sylveon||FairyFeather|Pixilate|HyperVoice,Protect,Moonblast,Psyshock|||M|||50|\n|c|\u2606magicalarcher57|glhf\n|c|\u2606chromate|glhf\n|l| Ducktile\n|j| Ducktile\n|\n|t:|1776047417\n|teamsize|p1|4\n|teamsize|p2|4\n|start\n|switch|p1a: Maushold|Maushold, L50|100/100\n|switch|p1b: Charizard|Charizard, L50, M|100/100\n|switch|p2a: Farigiraf|Farigiraf, L50, F, shiny|100/100\n|switch|p2b: Kangaskhan|Kangaskhan, L50, F, shiny|100/100\n|turn|1\n|\n|t:|1776047432\n|detailschange|p1b: Charizard|Charizard-Mega-Y, L50, M\n|-mega|p1b: Charizard|Charizard|Charizardite Y\n|-weather|SunnyDay|[from] ability: Drought|[of] p1b: Charizard\n|move|p2b: Kangaskhan|Fake Out|p1b: Charizard\n|-damage|p1b: Charizard|84/100\n|move|p1a: Maushold|Super Fang|p2a: Farigiraf\n|-damage|p2a: Farigiraf|51/100\n|cant|p1b: Charizard|flinch\n|move|p2a: Farigiraf|Trick Room|p2a: Farigiraf\n|-fieldstart|move: Trick Room|[of] p2a: Farigiraf\n|\n|-weather|SunnyDay|[upkeep]\n|upkeep\n|turn|2\n|\n|t:|1776047445\n|detailschange|p2b: Kangaskhan|Kangaskhan-Mega, L50, F, shiny\n|-mega|p2b: Kangaskhan|Kangaskhan|Kangaskhanite\n|move|p1a: Maushold|Follow Me|p1a: Maushold\n|-singleturn|p1a: Maushold|move: Follow Me\n|move|p2a: Farigiraf|Hyper Voice|p1a: Maushold|[spread] p1a,p1b\n|-damage|p1a: Maushold|52/100\n|-damage|p1b: Charizard|61/100\n|move|p2b: Kangaskhan|Double-Edge|p1a: Maushold\n|-damage|p1a: Maushold|0 fnt\n|faint|p1a: Maushold\n|-hitcount|p1: Maushold|1\n|-damage|p2b: Kangaskhan|87/100|[from] Recoil\n|move|p1b: Charizard|Weather Ball|p2b: Kangaskhan\n|-damage|p2b: Kangaskhan|13/100\n|\n|-weather|SunnyDay|[upkeep]\n|upkeep\n|\n|t:|1776047457\n|switch|p1a: Aegislash|Aegislash, L50, M|100/100\n|turn|3\n|\n|t:|1776047467\n|switch|p2b: Basculegion|Basculegion, L50, M, shiny|100/100\n|move|p2a: Farigiraf|Shadow Ball|p1a: Aegislash\n|-supereffective|p1a: Aegislash|1\n|-damage|p1a: Aegislash|55/100\n|-formechange|p1a: Aegislash|Aegislash-Blade|\n|move|p1a: Aegislash|Iron Head|p2b: Basculegion\n|-resisted|p2b: Basculegion|1\n|-damage|p2b: Basculegion|73/100\n|move|p1b: Charizard|Heat Wave|p2b: Basculegion|[spread] p2a,p2b\n|-resisted|p2b: Basculegion|1\n|-damage|p2a: Farigiraf|0 fnt\n|-damage|p2b: Basculegion|42/100\n|faint|p2a: Farigiraf\n|\n|-weather|SunnyDay|[upkeep]\n|upkeep\n|\n|t:|1776047475\n|switch|p2a: Sylveon|Sylveon, L50, M|100/100\n|turn|4\n|\n|t:|1776047484\n|-formechange|p1a: Aegislash|Aegislash|\n|move|p1a: Aegislash|King's Shield|p1a: Aegislash\n|-singleturn|p1a: Aegislash|Protect\n|move|p1b: Charizard|Protect|p1b: Charizard\n|-singleturn|p1b: Charizard|Protect\n|move|p2b: Basculegion|Aqua Jet|p1b: Charizard\n|-activate|p1b: Charizard|move: Protect\n|move|p2a: Sylveon|Hyper Voice|p1a: Aegislash|[spread] \n|-activate|p1a: Aegislash|move: Protect\n|-activate|p1b: Charizard|move: Protect\n|\n|-weather|SunnyDay|[upkeep]\n|upkeep\n|turn|5\n|\n|t:|1776047496\n|move|p2b: Basculegion|Aqua Jet|p1b: Charizard\n|-supereffective|p1b: Charizard|1\n|-damage|p1b: Charizard|18/100\n|move|p2a: Sylveon|Hyper Voice|p1a: Aegislash|[spread] p1a,p1b\n|-resisted|p1a: Aegislash|1\n|-crit|p1a: Aegislash\n|-resisted|p1b: Charizard|1\n|-damage|p1a: Aegislash|26/100\n|-damage|p1b: Charizard|0 fnt\n|faint|p1b: Charizard\n|-formechange|p1a: Aegislash|Aegislash-Blade|\n|move|p1a: Aegislash|Poltergeist|p2b: Basculegion\n|-activate|p2b: Basculegion|move: Poltergeist|Mystic Water\n|-supereffective|p2b: Basculegion|1\n|-damage|p2b: Basculegion|0 fnt\n|faint|p2b: Basculegion\n|\n|-weather|none\n|-fieldend|move: Trick Room\n|upkeep\n|j| Luigi Magnezone\n|\n|t:|1776047506\n|switch|p1b: Whimsicott|Whimsicott, L50, M|100/100\n|switch|p2b: Kangaskhan|Kangaskhan-Mega, L50, F, shiny|13/100\n|turn|6\n|l| Luigi Magnezone\n|\n|t:|1776047515\n|-formechange|p1a: Aegislash|Aegislash|\n|move|p1a: Aegislash|King's Shield|p1a: Aegislash\n|-singleturn|p1a: Aegislash|Protect\n|move|p2b: Kangaskhan|Fake Out|p1b: Whimsicott\n|-damage|p1b: Whimsicott|70/100\n|-damage|p1b: Whimsicott|64/100\n|-hitcount|p1b: Whimsicott|2\n|cant|p1b: Whimsicott|flinch\n|move|p2a: Sylveon|Hyper Voice|p1a: Aegislash|[spread] p1b\n|-activate|p1a: Aegislash|move: Protect\n|-damage|p1b: Whimsicott|0 fnt\n|faint|p1b: Whimsicott\n|\n|upkeep\n|turn|7\n|c|\u2606magicalarcher57|gg\n|c|\u2606chromate|gg\n|\n|t:|1776047530\n|move|p2b: Kangaskhan|Crunch|p1a: Aegislash\n|-supereffective|p1a: Aegislash|1\n|-damage|p1a: Aegislash|0 fnt\n|faint|p1a: Aegislash\n|-hitcount|p1: Aegislash|1\n|\n|win|magicalarcher57\n|n|\u2606chromate|chromate\n|n|\u2606magicalarcher57|magicalarcher57\n|n| jongseobs 1 fanboy|jongseobs1fanboy\n|n| holdingb|holdingb\n|n| Ducktile|ducktile\n|l| Ducktile\n|l|\u2606magicalarcher57\n|player|p2|\n|l|\u2606chromate\n|player|p1|\n",
  "uploadtime": 1776047545,
  "views": 12,
  "formatid": "gen9championsvgc2026regma",
  "rating": null,
  "private": 0,
  "password": null
}