{
  "id": "gen9championsvgc2026regma-2585915134",
  "format": "[Gen 9 Champions] VGC 2026 Reg M-A",
  "players": [
    "kirbsterrr",
    "areestoo"
  ],
  "log": "|j|\u2606kirbsterrr\n|j|\u2606areestoo\n|t:|1776381076\n|gametype|doubles\n|player|p1|kirbsterrr|miku-psychic|1149\n|player|p2|areestoo|1|1184\n|gen|9\n|tier|[Gen 9 Champions] VGC 2026 Reg M-A\n|rated|\n|rule|Species Clause: Limit one of each Pok\u00e9mon\n|rule|Item Clause: Limit 1 of each item\n|clearpoke\n|poke|p1|Beedrill, L50, F|\n|poke|p1|Basculegion, L50, M|\n|poke|p1|Pelipper, L50, M|\n|poke|p1|Archaludon, L50, M|\n|poke|p1|Incineroar, L50, M|\n|poke|p1|Sneasler, L50, M|\n|poke|p2|Blastoise, L50, M|\n|poke|p2|Pelipper, L50, F|\n|poke|p2|Floette-Eternal, L50, F|\n|poke|p2|Wyrdeer, L50, F|\n|poke|p2|Tsareena, L50, F|\n|poke|p2|Raichu, L50, M|\n|teampreview|4\n|inactive|Battle timer is ON: inactive players will automatically lose when time's up. (requested by areestoo)\n|inactive|areestoo has 60 seconds left.\n|\n|t:|1776381128\n|teamsize|p1|4\n|teamsize|p2|4\n|start\n|switch|p1a: Sectonia|Beedrill, L50, F, shiny|100/100\n|switch|p1b: Leviathan|Basculegion, L50, M|100/100\n|switch|p2a: Wyrdeer|Wyrdeer, L50, F|100/100\n|switch|p2b: Raichu|Raichu, L50, M|100/100\n|-ability|p2a: Wyrdeer|Intimidate|boost\n|-unboost|p1a: Sectonia|atk|1\n|-unboost|p1b: Leviathan|atk|1\n|turn|1\n|\n|t:|1776381145\n|switch|p1a: Pelistorm|Pelipper, L50, M, shiny|100/100\n|-weather|RainDance|[from] ability: Drizzle|[of] p1a: Pelistorm\n|move|p1b: Leviathan|Wave Crash|p2a: Wyrdeer\n|-damage|p2a: Wyrdeer|24/100\n|-enditem|p2a: Wyrdeer|Sitrus Berry|[eat]\n|-heal|p2a: Wyrdeer|49/100|[from] item: Sitrus Berry\n|-damage|p1b: Leviathan|74/100|[from] Recoil\n|move|p2b: Raichu|Volt Switch|p1b: Leviathan\n|-supereffective|p1b: Leviathan|1\n|-damage|p1b: Leviathan|4/100\n|\n|t:|1776381166\n|switch|p2b: Blastoise|Blastoise, L50, M|100/100|[from] Volt Switch\n|move|p2a: Wyrdeer|Trick Room|p2a: Wyrdeer\n|-fieldstart|move: Trick Room|[of] p2a: Wyrdeer\n|\n|-weather|RainDance|[upkeep]\n|upkeep\n|turn|2\n|\n|t:|1776381180\n|detailschange|p2b: Blastoise|Blastoise-Mega, L50, M\n|-mega|p2b: Blastoise|Blastoise|Blastoisinite\n|move|p2b: Blastoise|Fake Out|p1a: Pelistorm\n|-damage|p1a: Pelistorm|90/100\n|cant|p1a: Pelistorm|flinch\n|move|p2a: Wyrdeer|Psyshield Bash|p1b: Leviathan\n|-damage|p1b: Leviathan|0 fnt\n|-boost|p2a: Wyrdeer|def|1\n|faint|p1b: Leviathan\n|\n|-weather|RainDance|[upkeep]\n|upkeep\n|\n|t:|1776381190\n|switch|p1b: Sentry|Archaludon, L50, M|100/100\n|turn|3\n|\n|t:|1776381199\n|switch|p2b: Raichu|Raichu, L50, M|100/100\n|move|p1a: Pelistorm|Wide Guard|p1a: Pelistorm\n|-singleturn|p1a: Pelistorm|Wide Guard\n|move|p2a: Wyrdeer|Double-Edge|p1a: Pelistorm\n|-damage|p1a: Pelistorm|21/100\n|-damage|p2a: Wyrdeer|31/100|[from] Recoil\n|move|p1b: Sentry|Electro Shot||[still]\n|-prepare|p1b: Sentry|Electro Shot\n|-boost|p1b: Sentry|spa|1\n|-anim|p1b: Sentry|Electro Shot|p2b: Raichu\n|-ability|p2b: Raichu|Lightning Rod|boost\n|-boost|p2b: Raichu|spa|1\n|\n|-weather|RainDance|[upkeep]\n|upkeep\n|turn|4\n|inactive|kirbsterrr has 30 seconds left.\n|inactive|areestoo has 30 seconds left.\n|inactive|areestoo has 20 seconds left.\n|\n|t:|1776381238\n|switch|p2a: Blastoise|Blastoise-Mega, L50, M|100/100\n|switch|p1a: Sectonia|Beedrill, L50, F, shiny|100/100\n|move|p1b: Sentry|Dragon Pulse|p2a: Blastoise\n|-damage|p2a: Blastoise|48/100\n|move|p2b: Raichu|Volt Switch|p1a: Sectonia\n|-damage|p1a: Sectonia|39/100\n|\n|t:|1776381254\n|switch|p2b: Tsareena|Tsareena, L50, F|100/100|[from] Volt Switch\n|\n|-weather|RainDance|[upkeep]\n|upkeep\n|turn|5\n|\n|t:|1776381263\n|move|p1a: Sectonia|Protect|p1a: Sectonia\n|-singleturn|p1a: Sectonia|Protect\n|move|p2a: Blastoise|Aura Sphere|p1b: Sentry\n|-supereffective|p1b: Sentry|1\n|-damage|p1b: Sentry|0 fnt\n|faint|p1b: Sentry\n|move|p2b: Tsareena|Triple Axel|p1a: Sectonia\n|-activate|p1a: Sectonia|move: Protect\n|\n|-weather|none\n|-fieldend|move: Trick Room\n|upkeep\n|\n|t:|1776381273\n|switch|p1b: Pelistorm|Pelipper, L50, M, shiny|21/100\n|-weather|RainDance|[from] ability: Drizzle|[of] p1b: Pelistorm\n|turn|6\n|\n|t:|1776381281\n|switch|p2a: Wyrdeer|Wyrdeer, L50, F|31/100\n|-ability|p2a: Wyrdeer|Intimidate|boost\n|-unboost|p1a: Sectonia|atk|1\n|-unboost|p1b: Pelistorm|atk|1\n|detailschange|p1a: Sectonia|Beedrill-Mega, L50, F, shiny\n|-mega|p1a: Sectonia|Beedrill|Beedrillite\n|move|p2b: Tsareena|Protect|p2b: Tsareena\n|-singleturn|p2b: Tsareena|Protect\n|move|p1b: Pelistorm|Wide Guard|p1b: Pelistorm\n|-singleturn|p1b: Pelistorm|Wide Guard\n|move|p1a: Sectonia|Poison Jab|p2b: Tsareena\n|-activate|p2b: Tsareena|move: Protect\n|\n|-weather|RainDance|[upkeep]\n|upkeep\n|turn|7\n|\n|t:|1776381303\n|switch|p2b: Raichu|Raichu, L50, M|100/100\n|move|p1a: Sectonia|Poison Jab|p2b: Raichu\n|-damage|p2b: Raichu|10/100\n|-status|p2b: Raichu|psn\n|move|p1b: Pelistorm|Weather Ball|p2a: Wyrdeer\n|-damage|p2a: Wyrdeer|0 fnt\n|faint|p2a: Wyrdeer\n|\n|-weather|RainDance|[upkeep]\n|-damage|p2b: Raichu|0 fnt|[from] psn\n|faint|p2b: Raichu\n|upkeep\n|\n|t:|1776381310\n|switch|p2b: Blastoise|Blastoise-Mega, L50, M|48/100\n|switch|p2a: Tsareena|Tsareena, L50, F|100/100\n|turn|8\n|inactive|kirbsterrr has 30 seconds left.\n|\n|t:|1776381336\n|move|p1a: Sectonia|Protect|p1a: Sectonia\n|-singleturn|p1a: Sectonia|Protect\n|move|p2a: Tsareena|Protect|p2a: Tsareena\n|-singleturn|p2a: Tsareena|Protect\n|move|p1b: Pelistorm|Hurricane|p2a: Tsareena\n|-activate|p2a: Tsareena|move: Protect\n|move|p2b: Blastoise|Water Pulse|p1a: Sectonia\n|-activate|p1a: Sectonia|move: Protect\n|\n|-weather|RainDance|[upkeep]\n|upkeep\n|turn|9\n|\n|t:|1776381347\n|move|p2a: Tsareena|Protect||[still]\n|-fail|p2a: Tsareena\n|move|p1a: Sectonia|Poison Jab|p2a: Tsareena\n|-supereffective|p2a: Tsareena|1\n|-damage|p2a: Tsareena|11/100\n|move|p1b: Pelistorm|Hurricane|p2b: Blastoise\n|-damage|p2b: Blastoise|14/100\n|-start|p2b: Blastoise|confusion\n|-activate|p2b: Blastoise|confusion\n|-damage|p2b: Blastoise|6/100|[from] confusion\n|\n|-weather|RainDance|[upkeep]\n|upkeep\n|turn|10\n|\n|t:|1776381364\n|move|p2a: Tsareena|Protect|p2a: Tsareena\n|-singleturn|p2a: Tsareena|Protect\n|move|p1a: Sectonia|Poison Jab|p2a: Tsareena\n|-activate|p2a: Tsareena|move: Protect\n|move|p1b: Pelistorm|Weather Ball|p2b: Blastoise\n|-resisted|p2b: Blastoise|1\n|-damage|p2b: Blastoise|0 fnt\n|faint|p2b: Blastoise\n|\n|-weather|none\n|upkeep\n|turn|11\n|-message|areestoo forfeited.\n|\n|win|kirbsterrr\n|raw|kirbsterrr's rating: 1149 &rarr; <strong>1177</strong><br />(+28 for winning)\n|raw|areestoo's rating: 1184 &rarr; <strong>1156</strong><br />(-28 for losing)\n",
  "uploadtime": 1776381372,
  "views": 21,
  "formatid": "gen9championsvgc2026regma",
  "rating": 1156,
  "private": 0,
  "password": null
}