{
  "id": "gen9championsvgc2026regma-2583973198",
  "format": "[Gen 9 Champions] VGC 2026 Reg M-A",
  "players": [
    "dellpm1",
    "breloomassassin"
  ],
  "log": "|j|\u2606dellpm1\n|j|\u2606breloomassassin\n|t:|1776213159\n|gametype|doubles\n|player|p1|dellpm1|102|1140\n|player|p2|breloomassassin|265|1196\n|gen|9\n|tier|[Gen 9 Champions] VGC 2026 Reg M-A\n|rated|\n|rule|Species Clause: Limit one of each Pok\u00e9mon\n|rule|Item Clause: Limit 1 of each item\n|clearpoke\n|poke|p1|Sinistcha, L50|\n|poke|p1|Tyranitar, L50, F|\n|poke|p1|Excadrill, L50, M|\n|poke|p1|Rotom-Wash, L50|\n|poke|p1|Aerodactyl, L50, M|\n|poke|p1|Sneasler, L50, F|\n|poke|p2|Scovillain, L50, F|\n|poke|p2|Garchomp, L50, M|\n|poke|p2|Sinistcha, L50|\n|poke|p2|Aerodactyl, L50, M|\n|poke|p2|Sneasler, L50, F|\n|poke|p2|Primarina, L50, M|\n|teampreview|4\n|inactive|Battle timer is ON: inactive players will automatically lose when time's up. (requested by breloomassassin)\n|inactive|dellpm1 has 60 seconds left.\n|\n|t:|1776213218\n|teamsize|p1|4\n|teamsize|p2|4\n|start\n|switch|p1a: Rotom|Rotom-Wash, L50|100/100\n|switch|p1b: Tyranitar|Tyranitar, L50, F|100/100\n|switch|p2a: Scovillain|Scovillain, L50, F|100/100\n|switch|p2b: Primarina|Primarina, L50, M|100/100\n|-weather|Sandstorm|[from] ability: Sand Stream|[of] p1b: Tyranitar\n|turn|1\n|\n|t:|1776213237\n|detailschange|p1b: Tyranitar|Tyranitar-Mega, L50, F\n|-mega|p1b: Tyranitar|Tyranitar|Tyranitarite\n|move|p2b: Primarina|Protect|p2b: Primarina\n|-singleturn|p2b: Primarina|Protect\n|move|p2a: Scovillain|Protect|p2a: Scovillain\n|-singleturn|p2a: Scovillain|Protect\n|move|p1a: Rotom|Volt Switch|p2b: Primarina\n|-activate|p2b: Primarina|move: Protect\n|move|p1b: Tyranitar|Rock Slide|p2a: Scovillain|[spread] \n|-activate|p2a: Scovillain|move: Protect\n|-activate|p2b: Primarina|move: Protect\n|\n|-weather|Sandstorm|[upkeep]\n|-damage|p1a: Rotom|95/100|[from] Sandstorm\n|-damage|p2a: Scovillain|95/100|[from] Sandstorm\n|-damage|p2b: Primarina|94/100|[from] Sandstorm\n|-heal|p2b: Primarina|100/100|[from] item: Leftovers\n|-ability|p2a: Scovillain|Moody|boost\n|-boost|p2a: Scovillain|def|2\n|-unboost|p2a: Scovillain|spa|1\n|upkeep\n|turn|2\n|\n|t:|1776213262\n|detailschange|p2a: Scovillain|Scovillain-Mega, L50, F\n|-mega|p2a: Scovillain|Scovillain|Scovillainite\n|move|p2a: Scovillain|Rage Powder|p2a: Scovillain\n|-singleturn|p2a: Scovillain|move: Rage Powder\n|move|p1a: Rotom|Volt Switch|p2a: Scovillain\n|-resisted|p2a: Scovillain|1\n|-damage|p2a: Scovillain|81/100\n|-status|p1a: Rotom|brn|[from] ability: Spicy Spray|[of] p2a: Scovillain\n|\n|t:|1776213271\n|switch|p1a: Sinistcha|Sinistcha, L50|100/100|[from] Volt Switch\n|move|p1b: Tyranitar|Rock Slide|p2a: Scovillain|[spread] p2a\n|-miss|p1b: Tyranitar|p2b: Primarina\n|-supereffective|p2a: Scovillain|1\n|-damage|p2a: Scovillain|48/100\n|-status|p1b: Tyranitar|brn|[from] ability: Spicy Spray|[of] p2a: Scovillain\n|move|p2b: Primarina|Hyper Voice|p1b: Tyranitar|[spread] p1a,p1b\n|-resisted|p1a: Sinistcha|1\n|-supereffective|p1b: Tyranitar|1\n|-damage|p1a: Sinistcha|77/100\n|-damage|p1b: Tyranitar|64/100 brn\n|\n|-weather|Sandstorm|[upkeep]\n|-damage|p2b: Primarina|94/100|[from] Sandstorm\n|-damage|p2a: Scovillain|42/100|[from] Sandstorm\n|-damage|p1a: Sinistcha|71/100|[from] Sandstorm\n|-heal|p2b: Primarina|100/100|[from] item: Leftovers\n|-heal|p1a: Sinistcha|77/100|[from] item: Leftovers\n|-damage|p1b: Tyranitar|58/100 brn|[from] brn\n|upkeep\n|turn|3\n|inactive|dellpm1 has 30 seconds left.\n|\n|t:|1776213298\n|move|p1b: Tyranitar|Rock Slide|p2a: Scovillain|[spread] p2a,p2b\n|-supereffective|p2a: Scovillain|1\n|-damage|p2a: Scovillain|25/100\n|-damage|p2b: Primarina|75/100\n|move|p2a: Scovillain|Flamethrower|p1a: Sinistcha\n|-supereffective|p1a: Sinistcha|1\n|-damage|p1a: Sinistcha|12/100\n|move|p2b: Primarina|Calm Mind|p2b: Primarina\n|-boost|p2b: Primarina|spa|1\n|-boost|p2b: Primarina|spd|1\n|move|p1a: Sinistcha|Shadow Ball|p2a: Scovillain\n|-damage|p2a: Scovillain|0 fnt\n|-status|p1a: Sinistcha|brn|[from] ability: Spicy Spray|[of] p2a: Scovillain\n|faint|p2a: Scovillain\n|\n|-weather|Sandstorm|[upkeep]\n|-damage|p2b: Primarina|69/100|[from] Sandstorm\n|-damage|p1a: Sinistcha|6/100 brn|[from] Sandstorm\n|-heal|p2b: Primarina|75/100|[from] item: Leftovers\n|-heal|p1a: Sinistcha|12/100 brn|[from] item: Leftovers\n|-damage|p1b: Tyranitar|52/100 brn|[from] brn\n|-damage|p1a: Sinistcha|6/100 brn|[from] brn\n|upkeep\n|\n|t:|1776213314\n|switch|p2a: Aerodactyl|Aerodactyl, L50, M|100/100\n|-ability|p2a: Aerodactyl|Unnerve\n|turn|4\n|\n|t:|1776213333\n|move|p2a: Aerodactyl|Tailwind|p2a: Aerodactyl\n|-sidestart|p2: breloomassassin|move: Tailwind\n|move|p2b: Primarina|Hyper Voice|p1a: Sinistcha|[spread] p1a,p1b\n|-resisted|p1a: Sinistcha|1\n|-supereffective|p1b: Tyranitar|1\n|-damage|p1a: Sinistcha|0 fnt\n|-damage|p1b: Tyranitar|0 fnt\n|faint|p1a: Sinistcha\n|faint|p1b: Tyranitar\n|\n|-weather|Sandstorm|[upkeep]\n|-damage|p2b: Primarina|69/100|[from] Sandstorm\n|-heal|p2b: Primarina|75/100|[from] item: Leftovers\n|upkeep\n|\n|t:|1776213340\n|switch|p1b: Rotom|Rotom-Wash, L50|95/100 brn\n|switch|p1a: Excadrill|Excadrill, L50, M|100/100\n|turn|5\n|\n|t:|1776213362\n|move|p2a: Aerodactyl|Rock Slide|p1b: Rotom|[spread] p1a,p1b\n|-resisted|p1a: Excadrill|2\n|-damage|p1a: Excadrill|91/100\n|-damage|p1b: Rotom|68/100 brn\n|cant|p1a: Excadrill|flinch\n|cant|p1b: Rotom|flinch\n|move|p2b: Primarina|Moonblast|p1b: Rotom\n|-damage|p1b: Rotom|0 fnt\n|faint|p1b: Rotom\n|\n|-weather|none\n|-heal|p2b: Primarina|82/100|[from] item: Leftovers\n|upkeep\n|turn|6\n|c|\u2606breloomassassin|rock slide\n|\n|t:|1776213380\n|move|p2a: Aerodactyl|Rock Slide|p1a: Excadrill\n|-resisted|p1a: Excadrill|2\n|-damage|p1a: Excadrill|78/100\n|move|p2b: Primarina|Hyper Voice|p1a: Excadrill\n|-supereffective|p1a: Excadrill|1\n|-damage|p1a: Excadrill|0 fnt\n|faint|p1a: Excadrill\n|\n|win|breloomassassin\n|raw|dellpm1's rating: 1140 &rarr; <strong>1119</strong><br />(-21 for losing)\n|raw|breloomassassin's rating: 1196 &rarr; <strong>1217</strong><br />(+21 for winning)\n",
  "uploadtime": 1776213387,
  "views": 18,
  "formatid": "gen9championsvgc2026regma",
  "rating": 1119,
  "private": 0,
  "password": null
}