{
  "id": "gen9championsvgc2026regma-2581405093",
  "format": "[Gen 9 Champions] VGC 2026 Reg M-A",
  "players": [
    "salt_water123",
    "LUM_024"
  ],
  "log": "|j|\u2606salt_water123\n|j|\u2606LUM_024\n|t:|1775996987\n|gametype|doubles\n|player|p1|salt_water123|harmony|1297\n|player|p2|LUM_024|red|1310\n|gen|9\n|tier|[Gen 9 Champions] VGC 2026 Reg M-A\n|rated|\n|rule|Species Clause: Limit one of each Pok\u00e9mon\n|rule|Item Clause: Limit 1 of each item\n|clearpoke\n|poke|p1|Milotic, L50, M|\n|poke|p1|Garchomp, L50, F|\n|poke|p1|Sneasler, L50, F|\n|poke|p1|Talonflame, L50, F|\n|poke|p1|Kingambit, L50, F|\n|poke|p1|Froslass, L50, F|\n|poke|p2|Floette-Eternal, L50, F|\n|poke|p2|Garchomp, L50, M|\n|poke|p2|Milotic, L50, M|\n|poke|p2|Sinistcha, L50|\n|poke|p2|Incineroar, L50, M|\n|poke|p2|Archaludon, L50, M|\n|teampreview|4\n|inactive|Battle timer is ON: inactive players will automatically lose when time's up. (requested by LUM_024)\n|inactive|salt_water123 also wants the timer to be on.\n|j| Junglebolt\n|l| Junglebolt\n|inactive|salt_water123 has 60 seconds left.\n|inactive|LUM_024 has 60 seconds left.\n|\n|t:|1775997037\n|teamsize|p1|4\n|teamsize|p2|4\n|start\n|switch|p1a: Sneasler|Sneasler, L50, F|100/100\n|switch|p1b: Milotic|Milotic, L50, M|100/100\n|switch|p2a: Sinistcha|Sinistcha, L50|100/100\n|switch|p2b: Incineroar|Incineroar, L50, M|100/100\n|-ability|p2b: Incineroar|Intimidate|boost\n|-unboost|p1a: Sneasler|atk|1\n|-unboost|p1b: Milotic|atk|1\n|-ability|p1b: Milotic|Competitive|boost\n|-boost|p1b: Milotic|spa|2\n|-enditem|p1a: Sneasler|White Herb\n|-clearnegativeboost|p1a: Sneasler|[silent]\n|turn|1\n|\n|t:|1775997053\n|move|p1a: Sneasler|Fake Out|p2b: Incineroar\n|-damage|p2b: Incineroar|89/100\n|cant|p2b: Incineroar|flinch\n|move|p1b: Milotic|Coil|p1b: Milotic\n|-boost|p1b: Milotic|atk|1\n|-boost|p1b: Milotic|def|1\n|-boost|p1b: Milotic|accuracy|1\n|move|p2a: Sinistcha|Trick Room|p2a: Sinistcha\n|-fieldstart|move: Trick Room|[of] p2a: Sinistcha\n|\n|upkeep\n|turn|2\n|\n|t:|1775997067\n|move|p2b: Incineroar|Taunt|p1b: Milotic\n|-start|p1b: Milotic|move: Taunt\n|move|p2a: Sinistcha|Matcha Gotcha|p1b: Milotic|[spread] p1a,p1b\n|-resisted|p1a: Sneasler|1\n|-supereffective|p1b: Milotic|1\n|-damage|p1a: Sneasler|85/100\n|-damage|p1b: Milotic|73/100\n|cant|p1b: Milotic|move: Taunt|Coil\n|move|p1a: Sneasler|Gunk Shot|p2a: Sinistcha\n|-damage|p2a: Sinistcha|43/100\n|-enditem|p2a: Sinistcha|Sitrus Berry|[eat]\n|-heal|p2a: Sinistcha|68/100|[from] item: Sitrus Berry\n|\n|-heal|p1b: Milotic|79/100|[from] item: Leftovers\n|upkeep\n|turn|3\n|\n|t:|1775997083\n|move|p2b: Incineroar|Flare Blitz|p1a: Sneasler\n|-damage|p1a: Sneasler|2/100\n|-damage|p2b: Incineroar|68/100|[from] Recoil\n|move|p2a: Sinistcha|Matcha Gotcha|p1a: Sneasler|[spread] p1a,p1b\n|-resisted|p1a: Sneasler|1\n|-supereffective|p1b: Milotic|1\n|-damage|p1a: Sneasler|0 fnt\n|-heal|p2a: Sinistcha|69/100|[from] drain|[of] p1a: Sneasler\n|-damage|p1b: Milotic|54/100\n|-heal|p2a: Sinistcha|83/100|[from] drain|[of] p1b: Milotic\n|faint|p1a: Sneasler\n|move|p1b: Milotic|Muddy Water|p2a: Sinistcha|[spread] p2a,p2b\n|-resisted|p2a: Sinistcha|1\n|-supereffective|p2b: Incineroar|1\n|-damage|p2a: Sinistcha|61/100\n|-damage|p2b: Incineroar|0 fnt\n|faint|p2b: Incineroar\n|\n|-heal|p1b: Milotic|60/100|[from] item: Leftovers\n|upkeep\n|\n|t:|1775997101\n|switch|p2b: Floette|Floette-Eternal, L50, F|100/100\n|switch|p1a: Talonflame|Talonflame, L50, F|100/100\n|turn|4\n|\n|t:|1775997112\n|detailschange|p2b: Floette|Floette-Mega, L50, F\n|-mega|p2b: Floette|Floette|Floettite\n|-ability|p2b: Floette|Fairy Aura\n|move|p2a: Sinistcha|Protect|p2a: Sinistcha\n|-singleturn|p2a: Sinistcha|Protect\n|move|p1a: Talonflame|Acrobatics|p2a: Sinistcha\n|-activate|p2a: Sinistcha|move: Protect\n|move|p1b: Milotic|Muddy Water|p2b: Floette|[spread] p2b\n|-activate|p2a: Sinistcha|move: Protect\n|-damage|p2b: Floette|67/100\n|move|p2b: Floette|Calm Mind|p2b: Floette\n|-boost|p2b: Floette|spa|1\n|-boost|p2b: Floette|spd|1\n|\n|-heal|p1b: Milotic|66/100|[from] item: Leftovers\n|-end|p1b: Milotic|move: Taunt\n|upkeep\n|turn|5\n|\n|t:|1775997129\n|move|p1a: Talonflame|Acrobatics|p2a: Sinistcha\n|-supereffective|p2a: Sinistcha|1\n|-damage|p2a: Sinistcha|0 fnt\n|faint|p2a: Sinistcha\n|move|p1b: Milotic|Hypnosis|p2b: Floette\n|-status|p2b: Floette|slp|[from] move: Hypnosis\n|cant|p2b: Floette|slp\n|\n|-heal|p1b: Milotic|72/100|[from] item: Leftovers\n|-fieldend|move: Trick Room\n|upkeep\n|\n|t:|1775997139\n|switch|p2a: Milotic|Milotic, L50, M|100/100\n|turn|6\n|\n|t:|1775997162\n|move|p1a: Talonflame|Acrobatics|p2b: Floette\n|-damage|p2b: Floette|21/100 slp\n|cant|p2b: Floette|slp\n|move|p2a: Milotic|Scald|p1a: Talonflame\n|-supereffective|p1a: Talonflame|1\n|-damage|p1a: Talonflame|4/100\n|move|p1b: Milotic|Muddy Water|p2b: Floette|[spread] p2a,p2b\n|-resisted|p2a: Milotic|1\n|-damage|p2a: Milotic|82/100\n|-damage|p2b: Floette|0 fnt\n|-unboost|p2a: Milotic|accuracy|1\n|-ability|p2a: Milotic|Competitive|boost\n|-boost|p2a: Milotic|spa|2\n|faint|p2b: Floette\n|\n|-heal|p2a: Milotic|88/100|[from] item: Leftovers\n|-heal|p1b: Milotic|78/100|[from] item: Leftovers\n|upkeep\n|turn|7\n|inactive|LUM_024 has 30 seconds left.\n|inactive|LUM_024 has 20 seconds left.\n|\n|t:|1775997197\n|move|p1a: Talonflame|Tailwind|p1a: Talonflame\n|-sidestart|p1: salt_water123|move: Tailwind\n|move|p1b: Milotic|Coil|p1b: Milotic\n|-boost|p1b: Milotic|atk|1\n|-boost|p1b: Milotic|def|1\n|-boost|p1b: Milotic|accuracy|1\n|move|p2a: Milotic|Scald|p1a: Talonflame\n|-supereffective|p1a: Talonflame|1\n|-damage|p1a: Talonflame|0 fnt\n|faint|p1a: Talonflame\n|\n|-heal|p1b: Milotic|84/100|[from] item: Leftovers\n|-heal|p2a: Milotic|94/100|[from] item: Leftovers\n|upkeep\n|\n|t:|1775997201\n|switch|p1a: Froslass|Froslass, L50, F|100/100\n|turn|8\n|\n|t:|1775997214\n|detailschange|p1a: Froslass|Froslass-Mega, L50, F\n|-mega|p1a: Froslass|Froslass|Froslassite\n|-weather|Snowscape|[from] ability: Snow Warning|[of] p1a: Froslass\n|move|p1a: Froslass|Shadow Ball|p2a: Milotic\n|-crit|p2a: Milotic\n|-damage|p2a: Milotic|47/100\n|move|p1b: Milotic|Hypnosis|p2a: Milotic\n|-status|p2a: Milotic|slp|[from] move: Hypnosis\n|cant|p2a: Milotic|slp\n|\n|-weather|Snowscape|[upkeep]\n|-heal|p1b: Milotic|90/100|[from] item: Leftovers\n|-heal|p2a: Milotic|53/100 slp|[from] item: Leftovers\n|upkeep\n|turn|9\n|\n|t:|1775997226\n|-curestatus|p2a: Milotic|slp|[msg]\n|move|p2a: Milotic|Protect|p2a: Milotic\n|-singleturn|p2a: Milotic|Protect\n|move|p1a: Froslass|Shadow Ball|p2a: Milotic\n|-activate|p2a: Milotic|move: Protect\n|move|p1b: Milotic|Muddy Water|p2a: Milotic\n|-activate|p2a: Milotic|move: Protect\n|\n|-weather|Snowscape|[upkeep]\n|-heal|p1b: Milotic|96/100|[from] item: Leftovers\n|-heal|p2a: Milotic|59/100|[from] item: Leftovers\n|upkeep\n|turn|10\n|\n|t:|1775997241\n|move|p1a: Froslass|Shadow Ball|p2a: Milotic\n|-damage|p2a: Milotic|29/100\n|move|p1b: Milotic|Hypnosis|p2a: Milotic\n|-status|p2a: Milotic|slp|[from] move: Hypnosis\n|cant|p2a: Milotic|slp\n|\n|-weather|Snowscape|[upkeep]\n|-heal|p1b: Milotic|100/100|[from] item: Leftovers\n|-heal|p2a: Milotic|35/100 slp|[from] item: Leftovers\n|-sideend|p1: salt_water123|move: Tailwind\n|upkeep\n|turn|11\n|\n|t:|1775997250\n|-curestatus|p2a: Milotic|slp|[msg]\n|move|p2a: Milotic|Protect|p2a: Milotic\n|-singleturn|p2a: Milotic|Protect\n|move|p1a: Froslass|Shadow Ball|p2a: Milotic\n|-activate|p2a: Milotic|move: Protect\n|move|p1b: Milotic|Muddy Water|p2a: Milotic\n|-activate|p2a: Milotic|move: Protect\n|\n|-weather|Snowscape|[upkeep]\n|-heal|p2a: Milotic|41/100|[from] item: Leftovers\n|upkeep\n|turn|12\n|\n|t:|1775997263\n|move|p1a: Froslass|Shadow Ball|p2a: Milotic\n|-damage|p2a: Milotic|12/100\n|move|p2a: Milotic|Recover|p2a: Milotic\n|-heal|p2a: Milotic|62/100\n|move|p1b: Milotic|Hypnosis|p2a: Milotic\n|-status|p2a: Milotic|slp|[from] move: Hypnosis\n|\n|-weather|none\n|-heal|p2a: Milotic|68/100 slp|[from] item: Leftovers\n|upkeep\n|turn|13\n|\n|t:|1775997273\n|cant|p2a: Milotic|slp\n|move|p1a: Froslass|Shadow Ball|p2a: Milotic\n|-damage|p2a: Milotic|37/100 slp\n|move|p1b: Milotic|Muddy Water|p2a: Milotic\n|-resisted|p2a: Milotic|1\n|-damage|p2a: Milotic|16/100 slp\n|-unboost|p2a: Milotic|accuracy|1\n|-ability|p2a: Milotic|Competitive|boost\n|-boost|p2a: Milotic|spa|2\n|\n|-heal|p2a: Milotic|22/100 slp|[from] item: Leftovers\n|upkeep\n|turn|14\n|\n|t:|1775997285\n|cant|p2a: Milotic|slp\n|move|p1a: Froslass|Shadow Ball|p2a: Milotic\n|-damage|p2a: Milotic|0 fnt\n|faint|p2a: Milotic\n|\n|win|salt_water123\n|raw|salt_water123's rating: 1297 &rarr; <strong>1323</strong><br />(+26 for winning)\n|raw|LUM_024's rating: 1310 &rarr; <strong>1289</strong><br />(-21 for losing)\n|l|\u2606LUM_024\n|player|p2|\n|l|\u2606salt_water123\n|player|p1|\n|j|\u2606salt_water123\n|player|p1|salt_water123|harmony|\n",
  "uploadtime": 1775997853,
  "views": 25,
  "formatid": "gen9championsvgc2026regma",
  "rating": 1289,
  "private": 0,
  "password": null
}