{
  "id": "gen9championsvgc2026regma-2585845177",
  "format": "[Gen 9 Champions] VGC 2026 Reg M-A",
  "players": [
    "serax_4",
    "slowbroloveseating"
  ],
  "log": "|j|\u2606serax_4\n|j|\u2606slowbroloveseating\n|t:|1776375007\n|gametype|doubles\n|player|p1|serax_4|red|1112\n|player|p2|slowbroloveseating|colress|1154\n|gen|9\n|tier|[Gen 9 Champions] VGC 2026 Reg M-A\n|rated|\n|rule|Species Clause: Limit one of each Pok\u00e9mon\n|rule|Item Clause: Limit 1 of each item\n|clearpoke\n|poke|p1|Gengar, L50, F|\n|poke|p1|Empoleon, L50, F|\n|poke|p1|Ditto, L50|\n|poke|p1|Tauros-Paldea-Blaze, L50, M|\n|poke|p1|Bellibolt, L50, F|\n|poke|p1|Alakazam, L50, F|\n|poke|p2|Tyranitar, L50, M|\n|poke|p2|Meganium, L50, M|\n|poke|p2|Basculegion, L50, M|\n|poke|p2|Garchomp, L50, F|\n|poke|p2|Sneasler, L50, F|\n|poke|p2|Aerodactyl, L50, F|\n|teampreview|4\n|c|\u2606slowbroloveseating|gl and hf\n|c|\u2606serax_4|gl hf\n|\n|t:|1776375047\n|teamsize|p1|4\n|teamsize|p2|4\n|start\n|switch|p1a: Empoleon|Empoleon, L50, F, shiny|100/100\n|switch|p1b: Tauros|Tauros-Paldea-Blaze, L50, M|100/100\n|switch|p2a: Aerodactyl|Aerodactyl, L50, F|100/100\n|switch|p2b: Sneasler|Sneasler, L50, F|100/100\n|-ability|p2a: Aerodactyl|Unnerve\n|-ability|p1b: Tauros|Intimidate|boost\n|-unboost|p2a: Aerodactyl|atk|1\n|-unboost|p2b: Sneasler|atk|1\n|-enditem|p2b: Sneasler|White Herb\n|-clearnegativeboost|p2b: Sneasler|[silent]\n|turn|1\n|\n|t:|1776375067\n|move|p1b: Tauros|Protect|p1b: Tauros\n|-singleturn|p1b: Tauros|Protect\n|move|p2b: Sneasler|Close Combat|p1a: Empoleon\n|-supereffective|p1a: Empoleon|1\n|-damage|p1a: Empoleon|0 fnt\n|-unboost|p2b: Sneasler|def|1\n|-unboost|p2b: Sneasler|spd|1\n|faint|p1a: Empoleon\n|move|p2a: Aerodactyl|Dual Wingbeat|p1b: Tauros\n|-activate|p1b: Tauros|move: Protect\n|\n|upkeep\n|\n|t:|1776375078\n|switch|p1a: Ditto|Ditto, L50, shiny|100/100\n|-transform|p1a: Ditto|p2b: Sneasler|[from] ability: Imposter\n|turn|2\n|\n|t:|1776375100\n|switch|p2b: Basculegion|Basculegion, L50, M|100/100\n|move|p1a: Ditto|Protect|p1a: Ditto\n|-singleturn|p1a: Ditto|Protect\n|move|p2a: Aerodactyl|Protect|p2a: Aerodactyl\n|-singleturn|p2a: Aerodactyl|Protect\n|move|p1b: Tauros|High Horsepower|p2b: Basculegion\n|-damage|p2b: Basculegion|67/100\n|\n|upkeep\n|turn|3\n|\n|t:|1776375120\n|switch|p1a: Alakazam|Alakazam, L50, F, shiny|100/100\n|move|p1b: Tauros|Protect|p1b: Tauros\n|-singleturn|p1b: Tauros|Protect\n|move|p2b: Basculegion|Wave Crash|p1b: Tauros\n|-activate|p1b: Tauros|move: Protect\n|move|p2a: Aerodactyl|Dual Wingbeat|p1a: Alakazam\n|-damage|p1a: Alakazam|73/100\n|-damage|p1a: Alakazam|43/100\n|-hitcount|p1a: Alakazam|2\n|\n|upkeep\n|turn|4\n|\n|t:|1776375177\n|detailschange|p1a: Alakazam|Alakazam-Mega, L50, F, shiny\n|-mega|p1a: Alakazam|Alakazam|Alakazite\n|-ability|p1a: Alakazam|Adaptability|Trace|[from] ability: Trace|[of] p2b: Basculegion\n|move|p1a: Alakazam|Protect|p1a: Alakazam\n|-singleturn|p1a: Alakazam|Protect\n|move|p2b: Basculegion|Wave Crash|p1b: Tauros\n|-supereffective|p1b: Tauros|1\n|-damage|p1b: Tauros|0 fnt\n|faint|p1b: Tauros\n|-damage|p2b: Basculegion|42/100|[from] Recoil\n|move|p2a: Aerodactyl|Dual Wingbeat|p1a: Alakazam\n|-activate|p1a: Alakazam|move: Protect\n|\n|upkeep\n|\n|t:|1776375192\n|switch|p1b: Ditto|Ditto, L50, shiny|100/100\n|-transform|p1b: Ditto|p2a: Aerodactyl|[from] ability: Imposter\n|-ability|p1b: Ditto|Unnerve\n|turn|5\n|\n|t:|1776375230\n|switch|p2b: Tyranitar|Tyranitar, L50, M|100/100\n|-weather|Sandstorm|[from] ability: Sand Stream|[of] p2b: Tyranitar\n|move|p1b: Ditto|Dual Wingbeat|p2b: Tyranitar\n|-resisted|p2b: Tyranitar|1\n|-crit|p2b: Tyranitar\n|-damage|p2b: Tyranitar|88/100\n|-resisted|p2b: Tyranitar|1\n|-damage|p2b: Tyranitar|83/100\n|-hitcount|p2b: Tyranitar|2\n|move|p1a: Alakazam|Psychic|p2a: Aerodactyl\n|-damage|p2a: Aerodactyl|30/100\n|move|p2a: Aerodactyl|Tailwind|p2a: Aerodactyl\n|-sidestart|p2: slowbroloveseating|move: Tailwind\n|\n|-weather|Sandstorm|[upkeep]\n|-damage|p1a: Alakazam|37/100|[from] Sandstorm\n|upkeep\n|turn|6\n|\n|t:|1776375256\n|detailschange|p2b: Tyranitar|Tyranitar-Mega, L50, M\n|-mega|p2b: Tyranitar|Tyranitar|Tyranitarite\n|move|p2a: Aerodactyl|Dual Wingbeat|p1a: Alakazam\n|-damage|p1a: Alakazam|15/100\n|-damage|p1a: Alakazam|0 fnt\n|faint|p1a: Alakazam\n|-hitcount|p1: Alakazam|2\n|move|p1b: Ditto|Dual Wingbeat|p2a: Aerodactyl\n|-resisted|p2a: Aerodactyl|1\n|-damage|p2a: Aerodactyl|22/100\n|-resisted|p2a: Aerodactyl|1\n|-damage|p2a: Aerodactyl|14/100\n|-hitcount|p2a: Aerodactyl|2\n|move|p2b: Tyranitar|Rock Slide|p1b: Ditto\n|-supereffective|p1b: Ditto|1\n|-damage|p1b: Ditto|0 fnt\n|faint|p1b: Ditto\n|\n|win|slowbroloveseating\n|raw|serax_4's rating: 1112 &rarr; <strong>1090</strong><br />(-22 for losing)\n|raw|slowbroloveseating's rating: 1154 &rarr; <strong>1176</strong><br />(+22 for winning)\n|c|\u2606slowbroloveseating|gg\n|l|\u2606serax_4\n|player|p1|\n",
  "uploadtime": 1776375278,
  "views": 27,
  "formatid": "gen9championsvgc2026regma",
  "rating": 1090,
  "private": 0,
  "password": null
}