{
  "id": "gen9championsvgc2026regma-2582857972",
  "format": "[Gen 9 Champions] VGC 2026 Reg M-A",
  "players": [
    "uhuhulou",
    "happidoodledoo"
  ],
  "log": "|j|\u2606uhuhulou\n|j|\u2606happidoodledoo\n|t:|1776119654\n|gametype|doubles\n|player|p1|uhuhulou|1|1359\n|player|p2|happidoodledoo|ghetsis|1309\n|gen|9\n|tier|[Gen 9 Champions] VGC 2026 Reg M-A\n|rated|\n|rule|Species Clause: Limit one of each Pok\u00e9mon\n|rule|Item Clause: Limit 1 of each item\n|clearpoke\n|poke|p1|Ninetales-Alola, L50, M|\n|poke|p1|Crabominable, L50, M|\n|poke|p1|Incineroar, L50, M|\n|poke|p1|Farigiraf, L50, F|\n|poke|p1|Torkoal, L50, M|\n|poke|p1|Basculegion, L50, M|\n|poke|p2|Starmie, L50|\n|poke|p2|Incineroar, L50, M|\n|poke|p2|Archaludon, L50, M|\n|poke|p2|Sneasler, L50, F|\n|poke|p2|Pelipper, L50, M|\n|poke|p2|Aegislash, L50, M|\n|teampreview|4\n|inactive|Battle timer is ON: inactive players will automatically lose when time's up. (requested by uhuhulou)\n|\n|t:|1776119715\n|teamsize|p1|4\n|teamsize|p2|4\n|start\n|switch|p1a: Incineroar|Incineroar, L50, M|100/100\n|switch|p1b: Farigiraf|Farigiraf, L50, F|100/100\n|switch|p2a: Starmie|Starmie, L50|100/100\n|switch|p2b: Aegislash|Aegislash, L50, M|100/100\n|-ability|p1a: Incineroar|Intimidate|boost\n|-unboost|p2a: Starmie|atk|1\n|-unboost|p2b: Aegislash|atk|1\n|turn|1\n|inactive|happidoodledoo has 30 seconds left.\n|\n|t:|1776119741\n|detailschange|p2a: Starmie|Starmie-Mega, L50\n|-mega|p2a: Starmie|Starmie|Starminite\n|move|p1a: Incineroar|Fake Out|p2a: Starmie\n|-damage|p2a: Starmie|89/100\n|cant|p2a: Starmie|flinch\n|-formechange|p2b: Aegislash|Aegislash-Blade|\n|move|p2b: Aegislash|Close Combat|p1a: Incineroar\n|-supereffective|p1a: Incineroar|1\n|-damage|p1a: Incineroar|43/100\n|-unboost|p2b: Aegislash|def|1\n|-unboost|p2b: Aegislash|spd|1\n|move|p1b: Farigiraf|Trick Room|p1b: Farigiraf\n|-fieldstart|move: Trick Room|[of] p1b: Farigiraf\n|\n|-heal|p1a: Incineroar|49/100|[from] item: Leftovers\n|upkeep\n|turn|2\n|inactive|happidoodledoo has 30 seconds left.\n|inactive|uhuhulou has 30 seconds left.\n|inactive|happidoodledoo has 20 seconds left.\n|\n|t:|1776119780\n|-formechange|p2b: Aegislash|Aegislash|\n|move|p2b: Aegislash|King's Shield|p2b: Aegislash\n|-singleturn|p2b: Aegislash|Protect\n|move|p2a: Starmie|Protect|p2a: Starmie\n|-singleturn|p2a: Starmie|Protect\n|move|p1b: Farigiraf|Hyper Voice|p2b: Aegislash|[spread] \n|-activate|p2a: Starmie|move: Protect\n|-activate|p2b: Aegislash|move: Protect\n|move|p1a: Incineroar|Parting Shot|p2a: Starmie\n|-activate|p2a: Starmie|move: Protect\n|\n|-heal|p1a: Incineroar|55/100|[from] item: Leftovers\n|upkeep\n|turn|3\n|inactive|happidoodledoo has 30 seconds left.\n|\n|t:|1776119812\n|switch|p2b: Pelipper|Pelipper, L50, M|100/100\n|-weather|RainDance|[from] ability: Drizzle|[of] p2b: Pelipper\n|switch|p1b: Torkoal|Torkoal, L50, M|100/100\n|-weather|SunnyDay|[from] ability: Drought|[of] p1b: Torkoal\n|move|p1a: Incineroar|Will-O-Wisp|p2a: Starmie\n|-status|p2a: Starmie|brn\n|move|p2a: Starmie|Liquidation|p1a: Incineroar\n|-supereffective|p1a: Incineroar|1\n|-damage|p1a: Incineroar|28/100\n|\n|-weather|SunnyDay|[upkeep]\n|-heal|p1a: Incineroar|34/100|[from] item: Leftovers\n|-damage|p2a: Starmie|83/100 brn|[from] brn\n|upkeep\n|turn|4\n|\n|t:|1776119837\n|move|p2b: Pelipper|Protect|p2b: Pelipper\n|-singleturn|p2b: Pelipper|Protect\n|move|p2a: Starmie|Protect|p2a: Starmie\n|-singleturn|p2a: Starmie|Protect\n|move|p1b: Torkoal|Eruption|p2b: Pelipper|[spread] \n|-activate|p2a: Starmie|move: Protect\n|-activate|p2b: Pelipper|move: Protect\n|move|p1a: Incineroar|Parting Shot|p2b: Pelipper\n|-activate|p2b: Pelipper|move: Protect\n|\n|-weather|SunnyDay|[upkeep]\n|-heal|p1a: Incineroar|40/100|[from] item: Leftovers\n|-damage|p2a: Starmie|77/100 brn|[from] brn\n|upkeep\n|turn|5\n|\n|t:|1776119854\n|switch|p2b: Archaludon|Archaludon, L50, M|100/100\n|move|p1b: Torkoal|Eruption|p2b: Archaludon|[spread] p2a,p2b\n|-resisted|p2a: Starmie|1\n|-damage|p2a: Starmie|21/100 brn\n|-ability|p2b: Archaludon|Sturdy\n|-damage|p2b: Archaludon|1/100\n|move|p1a: Incineroar|Parting Shot|p2b: Archaludon\n|-unboost|p2b: Archaludon|atk|1\n|-unboost|p2b: Archaludon|spa|1\n|\n|t:|1776119869\n|switch|p1a: Farigiraf|Farigiraf, L50, F|100/100|[from] Parting Shot\n|move|p2a: Starmie|Liquidation|p1a: Farigiraf\n|-damage|p1a: Farigiraf|88/100\n|\n|-weather|SunnyDay|[upkeep]\n|-damage|p2a: Starmie|15/100 brn|[from] brn\n|-fieldend|move: Trick Room\n|upkeep\n|turn|6\n|\n|t:|1776119890\n|switch|p2a: Pelipper|Pelipper, L50, M|100/100\n|-weather|RainDance|[from] ability: Drizzle|[of] p2a: Pelipper\n|move|p1b: Torkoal|Protect|p1b: Torkoal\n|-singleturn|p1b: Torkoal|Protect\n|move|p2b: Archaludon|Electro Shot||[still]\n|-prepare|p2b: Archaludon|Electro Shot\n|-boost|p2b: Archaludon|spa|1\n|-anim|p2b: Archaludon|Electro Shot|p1a: Farigiraf\n|-damage|p1a: Farigiraf|34/100\n|-enditem|p1a: Farigiraf|Sitrus Berry|[eat]\n|-heal|p1a: Farigiraf|58/100|[from] item: Sitrus Berry\n|move|p1a: Farigiraf|Trick Room|p1a: Farigiraf\n|-fieldstart|move: Trick Room|[of] p1a: Farigiraf\n|\n|-weather|RainDance|[upkeep]\n|upkeep\n|turn|7\n|\n|t:|1776119911\n|switch|p1b: Incineroar|Incineroar, L50, M|40/100\n|-ability|p1b: Incineroar|Intimidate|boost\n|-unboost|p2a: Pelipper|atk|1\n|-unboost|p2b: Archaludon|atk|1\n|switch|p2b: Aegislash|Aegislash, L50, M|100/100\n|move|p1a: Farigiraf|Hyper Voice|p2b: Aegislash|[spread] p2a\n|-immune|p2b: Aegislash\n|-damage|p2a: Pelipper|40/100\n|move|p2a: Pelipper|Weather Ball|p1b: Incineroar\n|-supereffective|p1b: Incineroar|1\n|-damage|p1b: Incineroar|0 fnt\n|faint|p1b: Incineroar\n|\n|-weather|RainDance|[upkeep]\n|upkeep\n|\n|t:|1776119925\n|switch|p1b: Torkoal|Torkoal, L50, M|100/100\n|-weather|SunnyDay|[from] ability: Drought|[of] p1b: Torkoal\n|turn|8\n|\n|t:|1776119943\n|switch|p2a: Starmie|Starmie-Mega, L50|15/100 brn\n|move|p2b: Aegislash|King's Shield|p2b: Aegislash\n|-singleturn|p2b: Aegislash|Protect\n|move|p1b: Torkoal|Eruption|p2a: Starmie|[spread] p2a\n|-activate|p2b: Aegislash|move: Protect\n|-resisted|p2a: Starmie|1\n|-damage|p2a: Starmie|0 fnt\n|faint|p2a: Starmie\n|move|p1a: Farigiraf|Hyper Voice|p2b: Aegislash\n|-activate|p2b: Aegislash|move: Protect\n|\n|-weather|SunnyDay|[upkeep]\n|upkeep\n|\n|t:|1776119946\n|switch|p2a: Pelipper|Pelipper, L50, M|40/100\n|-weather|RainDance|[from] ability: Drizzle|[of] p2a: Pelipper\n|turn|9\n|inactive|happidoodledoo has 30 seconds left.\n|inactive|uhuhulou has 30 seconds left.\n|\n|t:|1776119981\n|move|p1b: Torkoal|Eruption|p2b: Aegislash|[spread] p2a,p2b\n|-resisted|p2a: Pelipper|1\n|-supereffective|p2b: Aegislash|1\n|-damage|p2a: Pelipper|15/100\n|-damage|p2b: Aegislash|56/100\n|-formechange|p2b: Aegislash|Aegislash-Blade|\n|move|p2b: Aegislash|Iron Head|p1a: Farigiraf\n|-damage|p1a: Farigiraf|16/100\n|move|p1a: Farigiraf|Psychic|p2a: Pelipper\n|-damage|p2a: Pelipper|0 fnt\n|faint|p2a: Pelipper\n|\n|-weather|RainDance|[upkeep]\n|upkeep\n|\n|t:|1776119990\n|switch|p2a: Archaludon|Archaludon, L50, M|1/100\n|turn|10\n|\n|t:|1776120010\n|switch|p1b: Basculegion|Basculegion, L50, M|100/100\n|move|p1a: Farigiraf|Hyper Voice|p2a: Archaludon|[spread] p2a\n|-immune|p2b: Aegislash\n|-resisted|p2a: Archaludon|1\n|-damage|p2a: Archaludon|0 fnt\n|faint|p2a: Archaludon\n|move|p2b: Aegislash|Iron Head|p1a: Farigiraf\n|-damage|p1a: Farigiraf|0 fnt\n|faint|p1a: Farigiraf\n|\n|-weather|RainDance|[upkeep]\n|-fieldend|move: Trick Room\n|upkeep\n|\n|t:|1776120022\n|switch|p1a: Torkoal|Torkoal, L50, M|100/100\n|-weather|SunnyDay|[from] ability: Drought|[of] p1a: Torkoal\n|turn|11\n|-message|happidoodledoo forfeited.\n|\n|win|uhuhulou\n|raw|uhuhulou's rating: 1359 &rarr; <strong>1376</strong><br />(+17 for winning)\n|raw|happidoodledoo's rating: 1309 &rarr; <strong>1292</strong><br />(-17 for losing)\n|l|\u2606happidoodledoo\n|player|p2|\n",
  "uploadtime": 1776120039,
  "views": 33,
  "formatid": "gen9championsvgc2026regma",
  "rating": 1292,
  "private": 0,
  "password": null
}