{
  "id": "gen9championsvgc2026regma-2589509759",
  "format": "[Gen 9 Champions] VGC 2026 Reg M-A",
  "players": [
    "Jbucci",
    "jp2nd"
  ],
  "log": "|j|\u2606Jbucci\n|j|\u2606jp2nd\n|t:|1776729478\n|gametype|doubles\n|player|p1|Jbucci|169|1274\n|player|p2|jp2nd|265|1334\n|gen|9\n|tier|[Gen 9 Champions] VGC 2026 Reg M-A\n|rated|\n|rule|Species Clause: Limit one of each Pok\u00e9mon\n|rule|Item Clause: Limit 1 of each item\n|clearpoke\n|poke|p1|Meganium, L50, F|\n|poke|p1|Pelipper, L50, F|\n|poke|p1|Basculegion, L50, M|\n|poke|p1|Archaludon, L50, M|\n|poke|p1|Sneasler, L50, M|\n|poke|p1|Klefki, L50, F|\n|poke|p2|Araquanid, L50, F|\n|poke|p2|Whimsicott, L50, F|\n|poke|p2|Garchomp, L50, M|\n|poke|p2|Delphox, L50, M|\n|poke|p2|Sneasler, L50, M|\n|poke|p2|Weavile, L50, F|\n|teampreview|4\n|\n|t:|1776729536\n|teamsize|p1|4\n|teamsize|p2|4\n|start\n|switch|p1a: Klefki|Klefki, L50, F|100/100\n|switch|p1b: Basculegion|Basculegion, L50, M|100/100\n|switch|p2a: Delphox|Delphox, L50, M|100/100\n|switch|p2b: Garchomp|Garchomp, L50, M|100/100\n|turn|1\n|\n|t:|1776729568\n|detailschange|p2a: Delphox|Delphox-Mega, L50, M\n|-mega|p2a: Delphox|Delphox|Delphoxite\n|move|p2a: Delphox|Protect|p2a: Delphox\n|-singleturn|p2a: Delphox|Protect\n|move|p1b: Basculegion|Aqua Jet|p2a: Delphox\n|-activate|p2a: Delphox|move: Protect\n|move|p2b: Garchomp|Earthquake|p1b: Basculegion|[spread] p1a,p1b\n|-activate|p2a: Delphox|move: Protect\n|-supereffective|p1a: Klefki|1\n|-crit|p1b: Basculegion\n|-damage|p1a: Klefki|8/100\n|-damage|p1b: Basculegion|17/100\n|move|p1a: Klefki|Trick Room|p1a: Klefki\n|-fieldstart|move: Trick Room|[of] p1a: Klefki\n|\n|upkeep\n|turn|2\n|\n|t:|1776729591\n|switch|p2a: Whimsicott|Whimsicott, L50, F|100/100\n|move|p1a: Klefki|Rain Dance|p1a: Klefki\n|-weather|RainDance\n|move|p1b: Basculegion|Aqua Jet|p2a: Whimsicott\n|-resisted|p2a: Whimsicott|1\n|-damage|p2a: Whimsicott|74/100\n|move|p2b: Garchomp|Earthquake|p1a: Klefki|[spread] p2a,p1a,p1b\n|-resisted|p2a: Whimsicott|1\n|-supereffective|p1a: Klefki|1\n|-damage|p2a: Whimsicott|44/100\n|-damage|p1a: Klefki|0 fnt\n|-damage|p1b: Basculegion|0 fnt\n|faint|p1a: Klefki\n|faint|p1b: Basculegion\n|\n|-weather|RainDance|[upkeep]\n|upkeep\n|\n|t:|1776729606\n|switch|p1a: Archaludon|Archaludon, L50, M|100/100\n|switch|p1b: Meganium|Meganium, L50, F|100/100\n|turn|3\n|\n|t:|1776729628\n|switch|p2b: Delphox|Delphox-Mega, L50, M|100/100\n|detailschange|p1b: Meganium|Meganium-Mega, L50, F\n|-mega|p1b: Meganium|Meganium|Meganiumite\n|move|p2a: Whimsicott|Taunt|p1b: Meganium\n|-start|p1b: Meganium|move: Taunt\n|move|p1b: Meganium|Dazzling Gleam|p2b: Delphox|[spread] p2a,p2b\n|-resisted|p2b: Delphox|1\n|-damage|p2a: Whimsicott|0 fnt\n|-damage|p2b: Delphox|81/100\n|faint|p2a: Whimsicott\n|move|p1a: Archaludon|Flash Cannon|p2b: Delphox\n|-resisted|p2b: Delphox|1\n|-damage|p2b: Delphox|61/100\n|\n|-weather|RainDance|[upkeep]\n|upkeep\n|\n|t:|1776729644\n|switch|p2a: Sneasler|Sneasler, L50, M|100/100\n|turn|4\n|\n|t:|1776729679\n|move|p2b: Delphox|Protect|p2b: Delphox\n|-singleturn|p2b: Delphox|Protect\n|move|p1b: Meganium|Solar Beam||[still]\n|-prepare|p1b: Meganium|Solar Beam\n|-activate|p1b: Meganium|ability: Mega Sol\n|-anim|p1b: Meganium|Solar Beam|p2a: Sneasler\n|-resisted|p2a: Sneasler|1\n|-damage|p2a: Sneasler|47/100\n|move|p1a: Archaludon|Electro Shot||[still]\n|-prepare|p1a: Archaludon|Electro Shot\n|-boost|p1a: Archaludon|spa|1\n|-anim|p1a: Archaludon|Electro Shot|p2a: Sneasler\n|-damage|p2a: Sneasler|0 fnt\n|faint|p2a: Sneasler\n|\n|-weather|RainDance|[upkeep]\n|upkeep\n|\n|t:|1776729692\n|switch|p2a: Garchomp|Garchomp, L50, M|100/100\n|turn|5\n|\n|t:|1776729706\n|move|p1b: Meganium|Dazzling Gleam|p2a: Garchomp|[spread] p2a,p2b\n|-supereffective|p2a: Garchomp|1\n|-resisted|p2b: Delphox|1\n|-damage|p2a: Garchomp|15/100\n|-damage|p2b: Delphox|44/100\n|move|p1a: Archaludon|Draco Meteor|p2b: Delphox\n|-damage|p2b: Delphox|0 fnt\n|-unboost|p1a: Archaludon|spa|2\n|faint|p2b: Delphox\n|move|p2a: Garchomp|Earthquake|p1b: Meganium|[spread] p1a,p1b\n|-supereffective|p1a: Archaludon|1\n|-resisted|p1b: Meganium|1\n|-damage|p1a: Archaludon|42/100\n|-damage|p1b: Meganium|83/100\n|-ability|p1a: Archaludon|Stamina|boost\n|-boost|p1a: Archaludon|def|1\n|-enditem|p1a: Archaludon|Sitrus Berry|[eat]\n|-heal|p1a: Archaludon|66/100|[from] item: Sitrus Berry\n|\n|-weather|RainDance|[upkeep]\n|-end|p1b: Meganium|move: Taunt\n|-fieldend|move: Trick Room\n|upkeep\n|turn|6\n|-message|jp2nd forfeited.\n|\n|win|Jbucci\n|raw|Jbucci's rating: 1274 &rarr; <strong>1303</strong><br />(+29 for winning)\n|raw|jp2nd's rating: 1334 &rarr; <strong>1311</strong><br />(-23 for losing)\n|l|\u2606jp2nd\n|player|p2|\n",
  "uploadtime": 1776729734,
  "views": 3,
  "formatid": "gen9championsvgc2026regma",
  "rating": 1303,
  "private": 0,
  "password": null
}