{
  "id": "gen9championsvgc2026regma-2588023040",
  "format": "[Gen 9 Champions] VGC 2026 Reg M-A",
  "players": [
    "njbdarkrai",
    "krangune\u2764"
  ],
  "log": "|j|\u2606njbdarkrai\n|j|\u2606krangune\u2764\n|t:|1776594317\n|gametype|doubles\n|player|p1|njbdarkrai|1|\n|player|p2|krangune\u2764|arezu|\n|gen|9\n|tier|[Gen 9 Champions] VGC 2026 Reg M-A\n|rated|Tournament battle\n|rule|Species Clause: Limit one of each Pok\u00e9mon\n|rule|Item Clause: Limit 1 of each item\n|raw|<div class=\"infobox\"><details class=\"readmore\" open><summary><strong>1 custom rule:</strong></summary> Force Open Team Sheets</details></div>\n|clearpoke\n|poke|p1|Tsareena, L50, F|\n|poke|p1|Aerodactyl, L50, F|\n|poke|p1|Milotic, L50, F|\n|poke|p1|Sneasler, L50, F|\n|poke|p1|Kingambit, L50, F|\n|poke|p1|Banette, L50, M|\n|poke|p2|Heliolisk, L50, M|\n|poke|p2|Basculegion-F, L50, F|\n|poke|p2|Pelipper, L50, F|\n|poke|p2|Dragonite, L50, F|\n|poke|p2|Glimmora, L50, F|\n|poke|p2|Archaludon, L50, F|\n|teampreview|4\n|showteam|p1|Tsareena||ChoiceScarf|QueenlyMajesty|TripleAxel,TropKick,ZenHeadbutt,LowKick|||F|||50|]Aerodactyl||Aerodactylite|Unnerve|DualWingbeat,RockSlide,Tailwind,Protect|||F|||50|]Milotic||Leftovers|Competitive|MuddyWater,Coil,Hypnosis,Protect|||F|||50|]Sneasler||WhiteHerb|Unburden|CloseCombat,DireClaw,FakeOut,Protect|||F|||50|]Kingambit||BlackGlasses|Defiant|KowtowCleave,SuckerPunch,SwordsDance,Protect|||F|||50|]Banette||Banettite|Insomnia|Encore,Disable,WillOWisp,Protect|||M|||50|\n|showteam|p2|Heliolisk||SitrusBerry|DrySkin|ShedTail,Thunderbolt,Electroweb,Protect|||M|||50|]Basculegion-F||MysticWater|SwiftSwim|Protect,Surf,ShadowBall,LastRespects|||F|||50|]Pelipper||FocusSash|Drizzle|WideGuard,WeatherBall,Hurricane,Tailwind|||F|||50|]Dragonite||Dragoninite|Multiscale|Protect,Hurricane,DracoMeteor,IceBeam|||F|||50|]Glimmora||Glimmoranite|ToxicDebris|SpikyShield,EarthPower,SludgeWave,PowerGem|||F|||50|]Archaludon||Leftovers|Stamina|ElectroShot,FlashCannon,DracoMeteor,Protect|||F|||50|\n|j| mysticmarshtomp\n|c|\u2606krangune\u2764|glhf\n|c|\u2606njbdarkrai|glhf!\n|j|@llefface\n|l| mysticmarshtomp\n|\n|t:|1776594387\n|teamsize|p1|4\n|teamsize|p2|4\n|start\n|switch|p1a: Aerodactyl|Aerodactyl, L50, F|100/100\n|switch|p1b: Tsareena|Tsareena, L50, F|100/100\n|switch|p2a: Heliolisk|Heliolisk, L50, M|100/100\n|switch|p2b: Pelipper|Pelipper, L50, F|100/100\n|-ability|p1a: Aerodactyl|Unnerve\n|-weather|RainDance|[from] ability: Drizzle|[of] p2b: Pelipper\n|turn|1\n|j| mysticmarshtomp\n|\n|t:|1776594437\n|detailschange|p1a: Aerodactyl|Aerodactyl-Mega, L50, F\n|-mega|p1a: Aerodactyl|Aerodactyl|Aerodactylite\n|move|p1a: Aerodactyl|Dual Wingbeat|p2b: Pelipper\n|-damage|p2b: Pelipper|63/100\n|-damage|p2b: Pelipper|25/100\n|-hitcount|p2b: Pelipper|2\n|move|p1b: Tsareena|Trop Kick|p2b: Pelipper\n|-damage|p2b: Pelipper|0 fnt\n|faint|p2b: Pelipper\n|move|p2a: Heliolisk|Thunderbolt|p1a: Aerodactyl\n|-supereffective|p1a: Aerodactyl|1\n|-damage|p1a: Aerodactyl|27/100\n|\n|-weather|RainDance|[upkeep]\n|upkeep\n|\n|t:|1776594459\n|switch|p2b: Archaludon|Archaludon, L50, F|100/100\n|turn|2\n|\n|t:|1776594477\n|switch|p1b: Sneasler|Sneasler, L50, F|100/100\n|move|p1a: Aerodactyl|Protect|p1a: Aerodactyl\n|-singleturn|p1a: Aerodactyl|Protect\n|move|p2a: Heliolisk|Protect|p2a: Heliolisk\n|-singleturn|p2a: Heliolisk|Protect\n|move|p2b: Archaludon|Electro Shot||[still]\n|-prepare|p2b: Archaludon|Electro Shot\n|-boost|p2b: Archaludon|spa|1\n|-anim|p2b: Archaludon|Electro Shot|p1a: Aerodactyl\n|-activate|p1a: Aerodactyl|move: Protect\n|\n|-weather|RainDance|[upkeep]\n|upkeep\n|turn|3\n|\n|t:|1776594510\n|move|p1a: Aerodactyl|Tailwind|p1a: Aerodactyl\n|-sidestart|p1: njbdarkrai|move: Tailwind\n|move|p1b: Sneasler|Close Combat|p2a: Heliolisk\n|-supereffective|p2a: Heliolisk|1\n|-damage|p2a: Heliolisk|0 fnt\n|-unboost|p1b: Sneasler|def|1\n|-unboost|p1b: Sneasler|spd|1\n|faint|p2a: Heliolisk\n|-enditem|p1b: Sneasler|White Herb\n|-clearnegativeboost|p1b: Sneasler|[silent]\n|move|p2b: Archaludon|Electro Shot||[still]\n|-prepare|p2b: Archaludon|Electro Shot\n|-boost|p2b: Archaludon|spa|1\n|-anim|p2b: Archaludon|Electro Shot|p1b: Sneasler\n|-damage|p1b: Sneasler|0 fnt\n|faint|p1b: Sneasler\n|\n|-weather|RainDance|[upkeep]\n|upkeep\n|\n|t:|1776594525\n|switch|p1b: Tsareena|Tsareena, L50, F|100/100\n|switch|p2a: Dragonite|Dragonite, L50, F|100/100\n|turn|4\n|\n|t:|1776594561\n|detailschange|p2a: Dragonite|Dragonite-Mega, L50, F\n|-mega|p2a: Dragonite|Dragonite|Dragoninite\n|move|p2a: Dragonite|Protect|p2a: Dragonite\n|-singleturn|p2a: Dragonite|Protect\n|move|p1a: Aerodactyl|Rock Slide|p2a: Dragonite|[spread] p2b\n|-activate|p2a: Dragonite|move: Protect\n|-resisted|p2b: Archaludon|1\n|-damage|p2b: Archaludon|89/100\n|-ability|p2b: Archaludon|Stamina|boost\n|-boost|p2b: Archaludon|def|1\n|move|p1b: Tsareena|Triple Axel|p2a: Dragonite\n|-activate|p2a: Dragonite|move: Protect\n|cant|p2b: Archaludon|flinch\n|\n|-weather|RainDance|[upkeep]\n|-heal|p2b: Archaludon|95/100|[from] item: Leftovers\n|upkeep\n|turn|5\n|\n|t:|1776594584\n|move|p1a: Aerodactyl|Rock Slide|p2b: Archaludon|[spread] p2a,p2b\n|-supereffective|p2a: Dragonite|1\n|-resisted|p2b: Archaludon|1\n|-damage|p2a: Dragonite|78/100\n|-damage|p2b: Archaludon|87/100\n|-ability|p2b: Archaludon|Stamina|boost\n|-boost|p2b: Archaludon|def|1\n|move|p1b: Tsareena|Triple Axel|p2a: Dragonite|[miss]\n|-miss|p1b: Tsareena|p2a: Dragonite\n|cant|p2a: Dragonite|flinch\n|move|p2b: Archaludon|Electro Shot||[still]\n|-prepare|p2b: Archaludon|Electro Shot\n|-boost|p2b: Archaludon|spa|1\n|-anim|p2b: Archaludon|Electro Shot|p1a: Aerodactyl\n|-supereffective|p1a: Aerodactyl|1\n|-damage|p1a: Aerodactyl|0 fnt\n|faint|p1a: Aerodactyl\n|\n|-weather|none\n|-heal|p2b: Archaludon|94/100|[from] item: Leftovers\n|upkeep\n|\n|t:|1776594591\n|switch|p1a: Kingambit|Kingambit, L50, F|100/100\n|turn|6\n|\n|t:|1776594623\n|move|p1b: Tsareena|Triple Axel|p2a: Dragonite\n|-supereffective|p2a: Dragonite|2\n|-damage|p2a: Dragonite|53/100\n|-supereffective|p2a: Dragonite|2\n|-damage|p2a: Dragonite|11/100\n|-supereffective|p2a: Dragonite|2\n|-damage|p2a: Dragonite|0 fnt\n|faint|p2a: Dragonite\n|-hitcount|p2: Dragonite|3\n|move|p1a: Kingambit|Swords Dance|p1a: Kingambit\n|-boost|p1a: Kingambit|atk|2\n|move|p2b: Archaludon|Flash Cannon|p1a: Kingambit\n|-resisted|p1a: Kingambit|1\n|-damage|p1a: Kingambit|54/100\n|\n|-heal|p2b: Archaludon|99/100|[from] item: Leftovers\n|-sideend|p1: njbdarkrai|move: Tailwind\n|upkeep\n|turn|7\n|\n|t:|1776594642\n|move|p1a: Kingambit|Sucker Punch|p2b: Archaludon\n|-damage|p2b: Archaludon|61/100\n|-ability|p2b: Archaludon|Stamina|boost\n|-boost|p2b: Archaludon|def|1\n|move|p1b: Tsareena|Triple Axel|p2b: Archaludon\n|-damage|p2b: Archaludon|58/100\n|-ability|p2b: Archaludon|Stamina|boost\n|-boost|p2b: Archaludon|def|1\n|-damage|p2b: Archaludon|55/100\n|-ability|p2b: Archaludon|Stamina|boost\n|-boost|p2b: Archaludon|def|1\n|-damage|p2b: Archaludon|50/100\n|-ability|p2b: Archaludon|Stamina|boost\n|-boost|p2b: Archaludon|def|1\n|-hitcount|p2b: Archaludon|3\n|move|p2b: Archaludon|Draco Meteor|p1a: Kingambit\n|-resisted|p1a: Kingambit|1\n|-damage|p1a: Kingambit|0 fnt\n|-unboost|p2b: Archaludon|spa|2\n|faint|p1a: Kingambit\n|\n|-heal|p2b: Archaludon|57/100|[from] item: Leftovers\n|upkeep\n|turn|8\n|c|\u2606njbdarkrai|well played\n|\n|t:|1776594661\n|move|p2b: Archaludon|Protect|p2b: Archaludon\n|-singleturn|p2b: Archaludon|Protect\n|move|p1b: Tsareena|Triple Axel|p2b: Archaludon\n|-activate|p2b: Archaludon|move: Protect\n|\n|-heal|p2b: Archaludon|63/100|[from] item: Leftovers\n|upkeep\n|turn|9\n|\n|t:|1776594665\n|move|p1b: Tsareena|Triple Axel|p2b: Archaludon\n|-damage|p2b: Archaludon|61/100\n|-damage|p2b: Archaludon|58/100\n|-damage|p2b: Archaludon|55/100\n|-hitcount|p2b: Archaludon|3\n|move|p2b: Archaludon|Flash Cannon|p1b: Tsareena\n|-damage|p1b: Tsareena|27/100\n|\n|-heal|p2b: Archaludon|61/100|[from] item: Leftovers\n|upkeep\n|turn|10\n|c|\u2606krangune\u2764|gg\n|\n|t:|1776594676\n|move|p1b: Tsareena|Triple Axel|p2b: Archaludon\n|-damage|p2b: Archaludon|59/100\n|-damage|p2b: Archaludon|56/100\n|-damage|p2b: Archaludon|53/100\n|-hitcount|p2b: Archaludon|3\n|move|p2b: Archaludon|Flash Cannon|p1b: Tsareena\n|-damage|p1b: Tsareena|0 fnt\n|faint|p1b: Tsareena\n|\n|win|krangune\u2764\n|n|\u2606njbdarkrai|njbdarkrai\n|n|\u2606krangune\u2764|krangune\n|n| llefface|llefface\n|n| mysticmarshtomp|mysticmarshtomp\n",
  "uploadtime": 1776594676,
  "views": 12,
  "formatid": "gen9championsvgc2026regma",
  "rating": null,
  "private": 0,
  "password": null
}