{
  "id": "gen9championsvgc2026regma-2588786839",
  "format": "[Gen 9 Champions] VGC 2026 Reg M-A",
  "players": [
    "giatri",
    "mizutiga"
  ],
  "log": "|j|\u2606giatri\n|j|\u2606mizutiga\n|t:|1776670706\n|gametype|doubles\n|player|p1|giatri|169|1127\n|player|p2|mizutiga|266|1076\n|gen|9\n|tier|[Gen 9 Champions] VGC 2026 Reg M-A\n|rated|\n|rule|Species Clause: Limit one of each Pok\u00e9mon\n|rule|Item Clause: Limit 1 of each item\n|clearpoke\n|poke|p1|Gengar, L50, F|\n|poke|p1|Sableye, L50, M|\n|poke|p1|Kingambit, L50, F|\n|poke|p1|Tyranitar, L50, M|\n|poke|p1|Farigiraf, L50, M|\n|poke|p1|Rotom-Wash, L50|\n|poke|p2|Serperior, L50, M, shiny|\n|poke|p2|Incineroar, L50, M|\n|poke|p2|Tauros-Paldea-Aqua, L50, M|\n|poke|p2|Pelipper, L50, F|\n|poke|p2|Dragonite, L50, F|\n|poke|p2|Milotic, L50, F|\n|teampreview|4\n|\n|t:|1776670745\n|teamsize|p1|4\n|teamsize|p2|4\n|start\n|switch|p1a: Gengar|Gengar, L50, F|100/100\n|switch|p1b: Sableye|Sableye, L50, M|100/100\n|switch|p2a: Tauros|Tauros-Paldea-Aqua, L50, M|100/100\n|switch|p2b: Incineroar|Incineroar, L50, M|100/100\n|-ability|p2a: Tauros|Intimidate|boost\n|-unboost|p1a: Gengar|atk|1\n|-unboost|p1b: Sableye|atk|1\n|-ability|p2b: Incineroar|Intimidate|boost\n|-unboost|p1a: Gengar|atk|1\n|-unboost|p1b: Sableye|atk|1\n|turn|1\n|\n|t:|1776670765\n|detailschange|p1a: Gengar|Gengar-Mega, L50, F\n|-mega|p1a: Gengar|Gengar|Gengarite\n|move|p1b: Sableye|Protect|p1b: Sableye\n|-singleturn|p1b: Sableye|Protect\n|move|p1a: Gengar|Protect|p1a: Gengar\n|-singleturn|p1a: Gengar|Protect\n|move|p2a: Tauros|High Horsepower|p1a: Gengar\n|-activate|p1a: Gengar|move: Protect\n|move|p2b: Incineroar|Darkest Lariat|p1a: Gengar\n|-activate|p1a: Gengar|move: Protect\n|\n|upkeep\n|turn|2\n|\n|t:|1776670781\n|move|p1b: Sableye|Disable|p2a: Tauros\n|-start|p2a: Tauros|Disable|High Horsepower\n|move|p1a: Gengar|Disable|p2b: Incineroar\n|-start|p2b: Incineroar|Disable|Darkest Lariat\n|cant|p2a: Tauros|Disable|High Horsepower\n|cant|p2b: Incineroar|Disable|Darkest Lariat\n|\n|upkeep\n|turn|3\n|\n|t:|1776670809\n|move|p2a: Tauros|Protect|p2a: Tauros\n|-singleturn|p2a: Tauros|Protect\n|move|p1b: Sableye|Encore|p2a: Tauros\n|-activate|p2a: Tauros|move: Protect\n|move|p1a: Gengar|Sludge Bomb|p2b: Incineroar\n|-damage|p2b: Incineroar|58/100\n|move|p2b: Incineroar|Parting Shot|p1a: Gengar\n|-unboost|p1a: Gengar|atk|1\n|-unboost|p1a: Gengar|spa|1\n|\n|t:|1776670827\n|switch|p2b: Milotic|Milotic, L50, F|100/100|[from] Parting Shot\n|\n|upkeep\n|turn|4\n|\n|t:|1776670843\n|move|p1a: Gengar|Protect|p1a: Gengar\n|-singleturn|p1a: Gengar|Protect\n|move|p2a: Tauros|Aqua Jet|p1a: Gengar\n|-activate|p1a: Gengar|move: Protect\n|move|p1b: Sableye|Encore|p2a: Tauros\n|-start|p2a: Tauros|Encore\n|move|p2b: Milotic|Alluring Voice|p1b: Sableye\n|-supereffective|p1b: Sableye|1\n|-damage|p1b: Sableye|53/100\n|\n|upkeep\n|turn|5\n|\n|t:|1776670870\n|move|p2a: Tauros|Aqua Jet|p1a: Gengar\n|-damage|p1a: Gengar|70/100\n|move|p1b: Sableye|Encore|p2b: Milotic\n|-start|p2b: Milotic|Encore\n|move|p1a: Gengar|Disable|p2b: Milotic\n|-start|p2b: Milotic|Disable|Alluring Voice\n|cant|p2b: Milotic|Disable|Alluring Voice\n|\n|-end|p2a: Tauros|Disable\n|upkeep\n|turn|6\n|\n|t:|1776670902\n|move|p2a: Tauros|Aqua Jet|p1a: Gengar\n|-damage|p1a: Gengar|39/100\n|move|p1b: Sableye|Disable|p2a: Tauros\n|-start|p2a: Tauros|Disable|Aqua Jet\n|move|p1a: Gengar|Sludge Bomb|p2b: Milotic\n|-damage|p2b: Milotic|75/100\n|-status|p2b: Milotic|psn\n|-activate|p2b: Milotic|move: Struggle\n|move|p2b: Milotic|Struggle|p1b: Sableye\n|-damage|p1b: Sableye|46/100\n|-enditem|p1b: Sableye|Sitrus Berry|[eat]\n|-heal|p1b: Sableye|71/100|[from] item: Sitrus Berry\n|-damage|p2b: Milotic|50/100 psn|[from] recoil\n|\n|-heal|p2b: Milotic|56/100 psn|[from] item: Leftovers\n|-damage|p2b: Milotic|44/100 psn|[from] psn\n|upkeep\n|turn|7\n|\n|t:|1776670919\n|move|p1a: Gengar|Sludge Bomb|p2b: Milotic\n|-damage|p2b: Milotic|18/100 psn\n|-activate|p2a: Tauros|move: Struggle\n|move|p2a: Tauros|Struggle|p1a: Gengar\n|-damage|p1a: Gengar|14/100\n|-damage|p2a: Tauros|75/100|[from] recoil\n|-activate|p2b: Milotic|move: Struggle\n|move|p2b: Milotic|Struggle|p1a: Gengar\n|-damage|p1a: Gengar|2/100\n|-damage|p2b: Milotic|0 fnt|[from] recoil\n|faint|p2b: Milotic\n|move|p1b: Sableye|Foul Play|p2a: Tauros\n|-resisted|p2a: Tauros|1\n|-crit|p2a: Tauros\n|-damage|p2a: Tauros|34/100\n|\n|-end|p2a: Tauros|Encore\n|upkeep\n|\n|t:|1776670924\n|switch|p2b: Incineroar|Incineroar, L50, M|58/100\n|-ability|p2b: Incineroar|Intimidate|boost\n|-unboost|p1a: Gengar|atk|1\n|-unboost|p1b: Sableye|atk|1\n|turn|8\n|\n|t:|1776670953\n|move|p1a: Gengar|Protect|p1a: Gengar\n|-singleturn|p1a: Gengar|Protect\n|move|p1b: Sableye|Encore||[still]\n|-fail|p1b: Sableye\n|move|p2a: Tauros|Close Combat|p1b: Sableye\n|-immune|p1b: Sableye\n|move|p2b: Incineroar|Parting Shot|p1b: Sableye\n|-unboost|p1b: Sableye|atk|1\n|-unboost|p1b: Sableye|spa|1\n|\n|t:|1776670962\n|switch|p2b: Pelipper|Pelipper, L50, F|100/100|[from] Parting Shot\n|-weather|RainDance|[from] ability: Drizzle|[of] p2b: Pelipper\n|\n|-weather|RainDance|[upkeep]\n|upkeep\n|turn|9\n|\n|t:|1776670980\n|move|p2a: Tauros|Protect|p2a: Tauros\n|-singleturn|p2a: Tauros|Protect\n|move|p1a: Gengar|Sludge Bomb|p2b: Pelipper\n|-damage|p2b: Pelipper|47/100\n|move|p2b: Pelipper|Hurricane|p1b: Sableye\n|-damage|p1b: Sableye|21/100\n|move|p1b: Sableye|Foul Play|p2a: Tauros\n|-activate|p2a: Tauros|move: Protect\n|\n|-weather|RainDance|[upkeep]\n|upkeep\n|turn|10\n|\n|t:|1776671000\n|move|p2b: Pelipper|Protect|p2b: Pelipper\n|-singleturn|p2b: Pelipper|Protect\n|move|p1b: Sableye|Encore|p2a: Tauros\n|-start|p2a: Tauros|Encore\n|move|p2a: Tauros|Protect||[still]\n|-fail|p2a: Tauros\n|move|p1a: Gengar|Sludge Bomb|p2b: Pelipper\n|-activate|p2b: Pelipper|move: Protect\n|\n|-weather|RainDance|[upkeep]\n|-end|p2a: Tauros|Disable\n|upkeep\n|turn|11\n|\n|t:|1776671030\n|move|p2a: Tauros|Protect|p2a: Tauros\n|-singleturn|p2a: Tauros|Protect\n|move|p1a: Gengar|Sludge Bomb|p2b: Pelipper\n|-damage|p2b: Pelipper|0 fnt\n|faint|p2b: Pelipper\n|move|p1b: Sableye|Foul Play|p2a: Tauros\n|-activate|p2a: Tauros|move: Protect\n|\n|-weather|RainDance|[upkeep]\n|upkeep\n|\n|t:|1776671038\n|switch|p2b: Incineroar|Incineroar, L50, M|58/100\n|-ability|p2b: Incineroar|Intimidate|boost\n|-unboost|p1a: Gengar|atk|1\n|-unboost|p1b: Sableye|atk|1\n|turn|12\n|\n|t:|1776671050\n|move|p2a: Tauros|Protect|p2a: Tauros\n|-singleturn|p2a: Tauros|Protect\n|move|p1a: Gengar|Sludge Bomb|p2a: Tauros\n|-activate|p2a: Tauros|move: Protect\n|move|p2b: Incineroar|Flare Blitz|p1b: Sableye\n|-damage|p1b: Sableye|0 fnt\n|faint|p1b: Sableye\n|-damage|p2b: Incineroar|53/100|[from] Recoil\n|\n|-weather|none\n|-end|p2a: Tauros|Encore\n|upkeep\n|\n|t:|1776671058\n|switch|p1b: Kingambit|Kingambit, L50, F|100/100\n|turn|13\n|\n|t:|1776671066\n|move|p1b: Kingambit|Protect|p1b: Kingambit\n|-singleturn|p1b: Kingambit|Protect\n|move|p2a: Tauros|Aqua Jet|p1a: Gengar\n|-damage|p1a: Gengar|0 fnt\n|faint|p1a: Gengar\n|move|p2b: Incineroar|Flare Blitz|p1b: Kingambit\n|-activate|p1b: Kingambit|move: Protect\n|\n|upkeep\n|\n|t:|1776671073\n|switch|p1a: Tyranitar|Tyranitar, L50, M|100/100\n|-weather|Sandstorm|[from] ability: Sand Stream|[of] p1a: Tyranitar\n|turn|14\n|\n|t:|1776671087\n|move|p2a: Tauros|Close Combat|p1a: Tyranitar\n|-supereffective|p1a: Tyranitar|2\n|-damage|p1a: Tyranitar|0 fnt\n|-unboost|p2a: Tauros|def|1\n|-unboost|p2a: Tauros|spd|1\n|faint|p1a: Tyranitar\n|-enditem|p2a: Tauros|White Herb\n|-clearnegativeboost|p2a: Tauros|[silent]\n|move|p2b: Incineroar|Flare Blitz|p1b: Kingambit\n|-supereffective|p1b: Kingambit|1\n|-damage|p1b: Kingambit|28/100\n|-damage|p2b: Incineroar|28/100|[from] Recoil\n|-enditem|p2b: Incineroar|Sitrus Berry|[eat]\n|-heal|p2b: Incineroar|53/100|[from] item: Sitrus Berry\n|move|p1b: Kingambit|Kowtow Cleave|p2a: Tauros\n|-resisted|p2a: Tauros|1\n|-damage|p2a: Tauros|0 fnt\n|faint|p2a: Tauros\n|\n|-weather|Sandstorm|[upkeep]\n|-damage|p2b: Incineroar|47/100|[from] Sandstorm\n|upkeep\n|turn|15\n|\n|t:|1776671105\n|move|p1b: Kingambit|Sucker Punch|p2b: Incineroar\n|-resisted|p2b: Incineroar|1\n|-damage|p2b: Incineroar|22/100\n|move|p2b: Incineroar|Flare Blitz|p1b: Kingambit\n|-supereffective|p1b: Kingambit|1\n|-damage|p1b: Kingambit|0 fnt\n|faint|p1b: Kingambit\n|-damage|p2b: Incineroar|13/100|[from] Recoil\n|\n|win|mizutiga\n|raw|giatri's rating: 1127 &rarr; <strong>1098</strong><br />(-29 for losing)\n|raw|mizutiga's rating: 1076 &rarr; <strong>1109</strong><br />(+33 for winning)\n|c|\u2606mizutiga|gg\n|l|\u2606giatri\n|player|p1|\n",
  "uploadtime": 1776671114,
  "views": 10,
  "formatid": "gen9championsvgc2026regma",
  "rating": 1098,
  "private": 0,
  "password": null
}