{
  "id": "gen9championsvgc2026regma-2581496806",
  "format": "[Gen 9 Champions] VGC 2026 Reg M-A",
  "players": [
    "red12121",
    "kinhopeace"
  ],
  "log": "|j|\u2606red12121\n|j|\u2606kinhopeace\n|t:|1776005828\n|gametype|doubles\n|player|p1|red12121|red|1096\n|player|p2|kinhopeace|170|1135\n|gen|9\n|tier|[Gen 9 Champions] VGC 2026 Reg M-A\n|rated|\n|rule|Species Clause: Limit one of each Pok\u00e9mon\n|rule|Item Clause: Limit 1 of each item\n|clearpoke\n|poke|p1|Orthworm, L50, F|\n|poke|p1|Basculegion, L50, M|\n|poke|p1|Incineroar, L50, F|\n|poke|p1|Froslass, L50, F|\n|poke|p1|Garchomp, L50, F|\n|poke|p1|Rotom-Frost, L50|\n|poke|p2|Excadrill, L50, M|\n|poke|p2|Tyranitar, L50, M|\n|poke|p2|Sinistcha, L50|\n|poke|p2|Incineroar, L50, M|\n|poke|p2|Milotic, L50, M|\n|poke|p2|Gardevoir, L50, M|\n|teampreview|4\n|\n|t:|1776005850\n|teamsize|p1|4\n|teamsize|p2|4\n|start\n|switch|p1a: Garchomp|Garchomp, L50, F|100/100\n|switch|p1b: Orthworm|Orthworm, L50, F|100/100\n|switch|p2a: Milotic|Milotic, L50, M, shiny|100/100\n|switch|p2b: Incineroar|Incineroar, L50, M|100/100\n|-ability|p2b: Incineroar|Intimidate|boost\n|-unboost|p1a: Garchomp|atk|1\n|-unboost|p1b: Orthworm|atk|1\n|turn|1\n|\n|t:|1776005872\n|switch|p1a: Basculegion|Basculegion, L50, M|100/100\n|move|p2a: Milotic|Scald|p1b: Orthworm\n|-damage|p1b: Orthworm|65/100\n|move|p1b: Orthworm|Shed Tail|p1b: Orthworm\n|-start|p1b: Orthworm|Substitute|[from] move: Shed Tail\n|-damage|p1b: Orthworm|15/100\n|-enditem|p1b: Orthworm|Sitrus Berry|[eat]\n|-heal|p1b: Orthworm|39/100|[from] item: Sitrus Berry\n|\n|t:|1776005882\n|switch|p1b: Froslass|Froslass, L50, F|100/100|[from] Shed Tail\n|move|p2b: Incineroar|Flare Blitz|p1b: Froslass\n|-supereffective|p1b: Froslass|1\n|-end|p1b: Froslass|Substitute\n|-damage|p2b: Incineroar|93/100|[from] Recoil|[of] p1b: Froslass\n|\n|upkeep\n|turn|2\n|\n|t:|1776005906\n|detailschange|p1b: Froslass|Froslass-Mega, L50, F\n|-mega|p1b: Froslass|Froslass|Froslassite\n|-weather|Snowscape|[from] ability: Snow Warning|[of] p1b: Froslass\n|move|p1a: Basculegion|Wave Crash|p2b: Incineroar\n|-supereffective|p2b: Incineroar|1\n|-damage|p2b: Incineroar|0 fnt\n|faint|p2b: Incineroar\n|-damage|p1a: Basculegion|69/100|[from] Recoil\n|move|p1b: Froslass|Nasty Plot|p1b: Froslass\n|-boost|p1b: Froslass|spa|2\n|move|p2a: Milotic|Icy Wind|p1b: Froslass|[spread] p1a,p1b\n|-resisted|p1a: Basculegion|1\n|-resisted|p1b: Froslass|1\n|-damage|p1a: Basculegion|64/100\n|-damage|p1b: Froslass|95/100\n|-unboost|p1a: Basculegion|spe|1\n|-unboost|p1b: Froslass|spe|1\n|\n|-weather|Snowscape|[upkeep]\n|upkeep\n|\n|t:|1776005921\n|switch|p2b: Excadrill|Excadrill, L50, M|100/100\n|turn|3\n|\n|t:|1776005939\n|switch|p1a: Orthworm|Orthworm, L50, F|39/100\n|switch|p2a: Tyranitar|Tyranitar, L50, M|100/100\n|-weather|Sandstorm|[from] ability: Sand Stream|[of] p2a: Tyranitar\n|move|p2b: Excadrill|Iron Head|p1b: Froslass\n|-supereffective|p1b: Froslass|1\n|-damage|p1b: Froslass|0 fnt\n|faint|p1b: Froslass\n|\n|-weather|Sandstorm|[upkeep]\n|upkeep\n|\n|t:|1776005950\n|switch|p1b: Garchomp|Garchomp, L50, F|100/100\n|turn|4\n|\n|t:|1776005964\n|detailschange|p2a: Tyranitar|Tyranitar-Mega, L50, M\n|-mega|p2a: Tyranitar|Tyranitar|Tyranitarite\n|move|p2b: Excadrill|Rock Slide|p1a: Orthworm|[spread] p1a,p1b\n|-resisted|p1a: Orthworm|1\n|-resisted|p1b: Garchomp|1\n|-damage|p1a: Orthworm|33/100\n|-damage|p1b: Garchomp|90/100\n|move|p1b: Garchomp|Earthquake|p2b: Excadrill|[spread] p2a,p2b\n|-heal|p1a: Orthworm|58/100|[from] ability: Earth Eater|[of] p1b: Garchomp\n|-supereffective|p2a: Tyranitar|1\n|-supereffective|p2b: Excadrill|1\n|-damage|p2a: Tyranitar|47/100\n|-enditem|p2b: Excadrill|Focus Sash\n|-damage|p2b: Excadrill|1/100\n|move|p2a: Tyranitar|Low Kick|p1a: Orthworm\n|-supereffective|p1a: Orthworm|1\n|-damage|p1a: Orthworm|0 fnt\n|faint|p1a: Orthworm\n|\n|-weather|Sandstorm|[upkeep]\n|upkeep\n|\n|t:|1776005981\n|switch|p1a: Basculegion|Basculegion, L50, M|64/100\n|turn|5\n|\n|t:|1776006009\n|move|p1b: Garchomp|Protect|p1b: Garchomp\n|-singleturn|p1b: Garchomp|Protect\n|move|p2a: Tyranitar|Protect|p2a: Tyranitar\n|-singleturn|p2a: Tyranitar|Protect\n|move|p2b: Excadrill|High Horsepower|p1a: Basculegion\n|-damage|p1a: Basculegion|0 fnt\n|faint|p1a: Basculegion\n|\n|-weather|Sandstorm|[upkeep]\n|upkeep\n|turn|6\n|\n|t:|1776006026\n|move|p2b: Excadrill|Iron Head|p1b: Garchomp\n|-damage|p1b: Garchomp|43/100\n|-damage|p2b: Excadrill|0 fnt|[from] ability: Rough Skin|[of] p1b: Garchomp\n|faint|p2b: Excadrill\n|move|p1b: Garchomp|Earthquake|p2a: Tyranitar\n|-supereffective|p2a: Tyranitar|1\n|-damage|p2a: Tyranitar|0 fnt\n|faint|p2a: Tyranitar\n|\n|-weather|Sandstorm|[upkeep]\n|upkeep\n|\n|t:|1776006034\n|switch|p2a: Milotic|Milotic, L50, M, shiny|100/100\n|turn|7\n|\n|t:|1776006046\n|move|p1b: Garchomp|Earthquake|p2a: Milotic\n|-damage|p2a: Milotic|51/100\n|move|p2a: Milotic|Icy Wind|p1b: Garchomp\n|-supereffective|p1b: Garchomp|2\n|-damage|p1b: Garchomp|0 fnt\n|faint|p1b: Garchomp\n|\n|win|kinhopeace\n|raw|red12121's rating: 1096 &rarr; <strong>1074</strong><br />(-22 for losing)\n|raw|kinhopeace's rating: 1135 &rarr; <strong>1157</strong><br />(+22 for winning)\n|l|\u2606red12121\n|player|p1|\n",
  "uploadtime": 1776006069,
  "views": 18,
  "formatid": "gen9championsvgc2026regma",
  "rating": 1074,
  "private": 0,
  "password": null
}