{
  "id": "gen9championsvgc2026regma-2586762615",
  "format": "[Gen 9 Champions] VGC 2026 Reg M-A",
  "players": [
    "adityanair212",
    "Issa_xx"
  ],
  "log": "|j|\u2606adityanair212\n|j|\u2606Issa_xx\n|t:|1776457931\n|gametype|doubles\n|player|p1|adityanair212|ghetsis-gen5bw|1110\n|player|p2|Issa_xx|dahlia|1176\n|gen|9\n|tier|[Gen 9 Champions] VGC 2026 Reg M-A\n|rated|\n|rule|Species Clause: Limit one of each Pok\u00e9mon\n|rule|Item Clause: Limit 1 of each item\n|clearpoke\n|poke|p1|Froslass, L50, F|\n|poke|p1|Garchomp, L50, F|\n|poke|p1|Rotom-Frost, L50|\n|poke|p1|Empoleon, L50, M|\n|poke|p1|Incineroar, L50, F|\n|poke|p1|Kingambit, L50, F|\n|poke|p2|Rotom-Wash, L50|\n|poke|p2|Dragonite, L50, F|\n|poke|p2|Pelipper, L50, F|\n|poke|p2|Meganium, L50, F|\n|poke|p2|Incineroar, L50, M|\n|poke|p2|Garchomp, L50, F|\n|teampreview|4\n|inactive|Battle timer is ON: inactive players will automatically lose when time's up. (requested by Issa_xx)\n|inactive|adityanair212 has 60 seconds left.\n|inactive|Issa_xx has 60 seconds left.\n|\n|t:|1776457994\n|teamsize|p1|4\n|teamsize|p2|4\n|start\n|switch|p1a: Froslass|Froslass, L50, F|100/100\n|switch|p1b: Kingambit|Kingambit, L50, F|100/100\n|switch|p2a: Incineroar|Incineroar, L50, M|100/100\n|switch|p2b: Rotom|Rotom-Wash, L50|100/100\n|-ability|p2a: Incineroar|Intimidate|boost\n|-unboost|p1a: Froslass|atk|1\n|-unboost|p1b: Kingambit|atk|1\n|-ability|p1b: Kingambit|Defiant|boost\n|-boost|p1b: Kingambit|atk|2\n|turn|1\n|\n|t:|1776458016\n|detailschange|p1a: Froslass|Froslass-Mega, L50, F\n|-mega|p1a: Froslass|Froslass|Froslassite\n|-weather|Snowscape|[from] ability: Snow Warning|[of] p1a: Froslass\n|move|p1b: Kingambit|Protect|p1b: Kingambit\n|-singleturn|p1b: Kingambit|Protect\n|move|p2a: Incineroar|Fake Out|p1b: Kingambit\n|-activate|p1b: Kingambit|move: Protect\n|move|p1a: Froslass|Aurora Veil|p1a: Froslass\n|-sidestart|p1: adityanair212|move: Aurora Veil\n|move|p2b: Rotom|Thunderbolt|p1a: Froslass\n|-damage|p1a: Froslass|66/100\n|\n|-weather|Snowscape|[upkeep]\n|upkeep\n|turn|2\n|\n|t:|1776458036\n|move|p1a: Froslass|Shadow Ball|p2b: Rotom\n|-damage|p2b: Rotom|43/100\n|move|p2b: Rotom|Will-O-Wisp|p1b: Kingambit\n|-status|p1b: Kingambit|brn\n|move|p1b: Kingambit|Low Kick|p2a: Incineroar\n|-supereffective|p2a: Incineroar|1\n|-damage|p2a: Incineroar|57/100\n|move|p2a: Incineroar|Parting Shot|p1a: Froslass\n|-unboost|p1a: Froslass|atk|1\n|-unboost|p1a: Froslass|spa|1\n|\n|t:|1776458049\n|switch|p2a: Pelipper|Pelipper, L50, F|100/100|[from] Parting Shot\n|-weather|RainDance|[from] ability: Drizzle|[of] p2a: Pelipper\n|\n|-weather|RainDance|[upkeep]\n|-damage|p1b: Kingambit|95/100 brn|[from] brn\n|upkeep\n|turn|3\n|\n|t:|1776458073\n|switch|p1a: Rotom|Rotom-Frost, L50|100/100\n|switch|p2b: Dragonite|Dragonite, L50, F|100/100\n|move|p1b: Kingambit|Sucker Punch||[still]\n|-fail|p1b: Kingambit\n|move|p2a: Pelipper|Tailwind|p2a: Pelipper\n|-sidestart|p2: Issa_xx|move: Tailwind\n|\n|-weather|RainDance|[upkeep]\n|-damage|p1b: Kingambit|89/100 brn|[from] brn\n|upkeep\n|turn|4\n|inactive|Issa_xx has 30 seconds left.\n|\n|t:|1776458101\n|detailschange|p2b: Dragonite|Dragonite-Mega, L50, F\n|-mega|p2b: Dragonite|Dragonite|Dragoninite\n|move|p1b: Kingambit|Sucker Punch|p2b: Dragonite\n|-damage|p2b: Dragonite|88/100\n|move|p2b: Dragonite|Hurricane|p1a: Rotom\n|-resisted|p1a: Rotom|1\n|-damage|p1a: Rotom|69/100\n|move|p2a: Pelipper|Weather Ball|p1b: Kingambit\n|-damage|p1b: Kingambit|36/100 brn\n|move|p1a: Rotom|Electroweb|p2a: Pelipper|[spread] p2a,p2b\n|-supereffective|p2a: Pelipper|2\n|-enditem|p2a: Pelipper|Focus Sash\n|-damage|p2a: Pelipper|1/100\n|-damage|p2b: Dragonite|72/100\n|-unboost|p2a: Pelipper|spe|1\n|-unboost|p2b: Dragonite|spe|1\n|\n|-weather|RainDance|[upkeep]\n|-damage|p1b: Kingambit|30/100 brn|[from] brn\n|upkeep\n|turn|5\n|inactive|adityanair212 has 30 seconds left.\n|inactive|Issa_xx has 30 seconds left.\n|\n|t:|1776458126\n|move|p1b: Kingambit|Sucker Punch|p2b: Dragonite\n|-damage|p2b: Dragonite|48/100\n|move|p1a: Rotom|Electroweb|p2a: Pelipper|[spread] p2a,p2b\n|-supereffective|p2a: Pelipper|2\n|-damage|p2a: Pelipper|0 fnt\n|-damage|p2b: Dragonite|33/100\n|-unboost|p2b: Dragonite|spe|1\n|faint|p2a: Pelipper\n|move|p2b: Dragonite|Thunder|p1b: Kingambit\n|-damage|p1b: Kingambit|0 fnt\n|faint|p1b: Kingambit\n|\n|-weather|RainDance|[upkeep]\n|-sideend|p1: adityanair212|move: Aurora Veil\n|upkeep\n|\n|t:|1776458139\n|switch|p2a: Incineroar|Incineroar, L50, M|57/100\n|switch|p1b: Froslass|Froslass-Mega, L50, F|66/100\n|-ability|p2a: Incineroar|Intimidate|boost\n|-unboost|p1a: Rotom|atk|1\n|-unboost|p1b: Froslass|atk|1\n|-weather|Snowscape|[from] ability: Snow Warning|[of] p1b: Froslass\n|turn|6\n|\n|t:|1776458155\n|move|p2b: Dragonite|Protect|p2b: Dragonite\n|-singleturn|p2b: Dragonite|Protect\n|move|p1a: Rotom|Electroweb|p2b: Dragonite|[spread] p2a\n|-activate|p2b: Dragonite|move: Protect\n|-damage|p2a: Incineroar|38/100\n|-unboost|p2a: Incineroar|spe|1\n|-enditem|p2a: Incineroar|Sitrus Berry|[eat]\n|-heal|p2a: Incineroar|63/100|[from] item: Sitrus Berry\n|move|p1b: Froslass|Blizzard|p2b: Dragonite|[spread] p2a\n|-activate|p2b: Dragonite|move: Protect\n|-resisted|p2a: Incineroar|1\n|-damage|p2a: Incineroar|39/100\n|move|p2a: Incineroar|Flare Blitz|p1b: Froslass\n|-supereffective|p1b: Froslass|1\n|-damage|p1b: Froslass|0 fnt\n|faint|p1b: Froslass\n|-damage|p2a: Incineroar|23/100|[from] Recoil\n|\n|-weather|Snowscape|[upkeep]\n|-sideend|p2: Issa_xx|move: Tailwind\n|upkeep\n|\n|t:|1776458170\n|switch|p1b: Garchomp|Garchomp, L50, F|100/100\n|turn|7\n|\n|t:|1776458187\n|move|p1a: Rotom|Electroweb|p2a: Incineroar|[spread] p2a,p2b\n|-crit|p2a: Incineroar\n|-damage|p2a: Incineroar|0 fnt\n|-damage|p2b: Dragonite|19/100\n|-unboost|p2b: Dragonite|spe|1\n|faint|p2a: Incineroar\n|move|p1b: Garchomp|Rock Slide|p2b: Dragonite\n|-supereffective|p2b: Dragonite|1\n|-damage|p2b: Dragonite|0 fnt\n|faint|p2b: Dragonite\n|\n|-weather|Snowscape|[upkeep]\n|upkeep\n|\n|t:|1776458195\n|switch|p2b: Rotom|Rotom-Wash, L50|43/100\n|turn|8\n|\n|t:|1776458206\n|move|p1a: Rotom|Electroweb|p2b: Rotom\n|-damage|p2b: Rotom|16/100\n|-unboost|p2b: Rotom|spe|1\n|move|p1b: Garchomp|Dragon Claw|p2b: Rotom\n|-damage|p2b: Rotom|0 fnt\n|faint|p2b: Rotom\n|\n|win|adityanair212\n|raw|adityanair212's rating: 1110 &rarr; <strong>1140</strong><br />(+30 for winning)\n|raw|Issa_xx's rating: 1176 &rarr; <strong>1146</strong><br />(-30 for losing)\n",
  "uploadtime": 1776458206,
  "views": 29,
  "formatid": "gen9championsvgc2026regma",
  "rating": 1140,
  "private": 0,
  "password": null
}