{
  "id": "gen9championsvgc2026regma-2586838710",
  "format": "[Gen 9 Champions] VGC 2026 Reg M-A",
  "players": [
    "JosoTruco",
    "Mentalsyndrome"
  ],
  "log": "|j|\u2606JosoTruco\n|j|\u2606Mentalsyndrome\n|t:|1776464188\n|gametype|doubles\n|player|p1|JosoTruco|1|1178\n|player|p2|Mentalsyndrome|1|1274\n|gen|9\n|tier|[Gen 9 Champions] VGC 2026 Reg M-A\n|rated|\n|rule|Species Clause: Limit one of each Pok\u00e9mon\n|rule|Item Clause: Limit 1 of each item\n|clearpoke\n|poke|p1|Froslass, L50, F|\n|poke|p1|Ninetales-Alola, L50, F|\n|poke|p1|Mamoswine, L50, F|\n|poke|p1|Sableye, L50, M|\n|poke|p1|Arcanine-Hisui, L50, F|\n|poke|p1|Samurott-Hisui, L50, F|\n|poke|p2|Tinkaton, L50, F|\n|poke|p2|Kangaskhan, L50, F|\n|poke|p2|Farigiraf, L50, F|\n|poke|p2|Camerupt, L50, F|\n|poke|p2|Gardevoir, L50, M|\n|poke|p2|Conkeldurr, L50, F|\n|teampreview|4\n|inactive|Battle timer is ON: inactive players will automatically lose when time's up. (requested by Mentalsyndrome)\n|inactive|JosoTruco has 60 seconds left.\n|inactive|Mentalsyndrome has 60 seconds left.\n|\n|t:|1776464246\n|teamsize|p1|4\n|teamsize|p2|4\n|start\n|switch|p1a: Samurott|Samurott-Hisui, L50, F|100/100\n|switch|p1b: Sableye|Sableye, L50, M|100/100\n|switch|p2a: Taco Tuesday|Kangaskhan, L50, F|100/100\n|switch|p2b: Shane|Farigiraf, L50, F|100/100\n|turn|1\n|\n|t:|1776464264\n|move|p2a: Taco Tuesday|Fake Out|p1a: Samurott\n|-damage|p1a: Samurott|77/100\n|cant|p1a: Samurott|flinch\n|move|p1b: Sableye|Foul Play|p2b: Shane\n|-supereffective|p2b: Shane|1\n|-damage|p2b: Shane|42/100\n|move|p2b: Shane|Trick Room|p2b: Shane\n|-fieldstart|move: Trick Room|[of] p2b: Shane\n|\n|upkeep\n|turn|2\n|\n|t:|1776464278\n|move|p1b: Sableye|Foul Play|p2b: Shane\n|-supereffective|p2b: Shane|1\n|-damage|p2b: Shane|0 fnt\n|faint|p2b: Shane\n|move|p1a: Samurott|Sacred Sword|p2a: Taco Tuesday\n|-supereffective|p2a: Taco Tuesday|1\n|-damage|p2a: Taco Tuesday|1/100\n|move|p2a: Taco Tuesday|Double-Edge|p1b: Sableye\n|-damage|p1b: Sableye|11/100\n|-enditem|p1b: Sableye|Sitrus Berry|[eat]\n|-heal|p1b: Sableye|36/100|[from] item: Sitrus Berry\n|-damage|p2a: Taco Tuesday|0 fnt|[from] Recoil\n|faint|p2a: Taco Tuesday\n|\n|upkeep\n|\n|t:|1776464281\n|switch|p2b: Ai|Gardevoir, L50, M, shiny|100/100\n|switch|p2a: Chuckles|Conkeldurr, L50, F|100/100\n|-ability|p2b: Ai|Prankster|Trace|[from] ability: Trace|[of] p1b: Sableye\n|turn|3\n|\n|t:|1776464305\n|switch|p1a: Froslass|Froslass, L50, F|100/100\n|detailschange|p2b: Ai|Gardevoir-Mega, L50, M, shiny\n|-mega|p2b: Ai|Gardevoir|Gardevoirite\n|move|p2a: Chuckles|Drain Punch|p1a: Froslass\n|-immune|p1a: Froslass\n|move|p1b: Sableye|Foul Play|p2b: Ai\n|-damage|p2b: Ai|56/100\n|move|p2b: Ai|Hyper Voice|p1b: Sableye|[spread] p1a,p1b\n|-crit|p1a: Froslass\n|-supereffective|p1b: Sableye|1\n|-damage|p1a: Froslass|0 fnt\n|-damage|p1b: Sableye|0 fnt\n|faint|p1a: Froslass\n|faint|p1b: Sableye\n|\n|upkeep\n|\n|t:|1776464323\n|switch|p1b: Mamoswine|Mamoswine, L50, F|100/100\n|switch|p1a: Samurott|Samurott-Hisui, L50, F|77/100\n|turn|4\n|inactive|JosoTruco has 30 seconds left.\n|\n|t:|1776464353\n|move|p2a: Chuckles|Drain Punch|p1a: Samurott\n|-supereffective|p1a: Samurott|1\n|-enditem|p1a: Samurott|Chople Berry|[eat]\n|-enditem|p1a: Samurott|Chople Berry|[weaken]\n|-damage|p1a: Samurott|9/100\n|move|p1a: Samurott|Razor Shell|p2a: Chuckles|[miss]\n|-miss|p1a: Samurott|p2a: Chuckles\n|move|p2b: Ai|Hyper Voice|p1a: Samurott|[spread] p1a,p1b\n|-supereffective|p1a: Samurott|1\n|-damage|p1a: Samurott|0 fnt\n|-damage|p1b: Mamoswine|22/100\n|faint|p1a: Samurott\n|move|p1b: Mamoswine|High Horsepower|p2a: Chuckles\n|-damage|p2a: Chuckles|49/100\n|\n|upkeep\n|turn|5\n|\n|t:|1776464367\n|move|p2a: Chuckles|Drain Punch|p1b: Mamoswine\n|-supereffective|p1b: Mamoswine|1\n|-damage|p1b: Mamoswine|0 fnt\n|-heal|p2a: Chuckles|60/100|[from] drain|[of] p1b: Mamoswine\n|faint|p1b: Mamoswine\n|\n|win|Mentalsyndrome\n|raw|JosoTruco's rating: 1178 &rarr; <strong>1160</strong><br />(-18 for losing)\n|raw|Mentalsyndrome's rating: 1274 &rarr; <strong>1292</strong><br />(+18 for winning)\n|l|\u2606JosoTruco\n|player|p1|\n",
  "uploadtime": 1776464393,
  "views": 22,
  "formatid": "gen9championsvgc2026regma",
  "rating": 1160,
  "private": 0,
  "password": null
}