{
  "id": "gen9championsvgc2026regma-2582712466",
  "format": "[Gen 9 Champions] VGC 2026 Reg M-A",
  "players": [
    "booms221",
    "Juya"
  ],
  "log": "|j|\u2606booms221\n|j|\u2606Juya\n|t:|1776108970\n|gametype|doubles\n|player|p1|booms221|2|1121\n|player|p2|Juya|265|1152\n|gen|9\n|tier|[Gen 9 Champions] VGC 2026 Reg M-A\n|rated|\n|rule|Species Clause: Limit one of each Pok\u00e9mon\n|rule|Item Clause: Limit 1 of each item\n|clearpoke\n|poke|p1|Orthworm, L50, M|\n|poke|p1|Garchomp, L50, F|\n|poke|p1|Talonflame, L50, F|\n|poke|p1|Gyarados, L50, F|\n|poke|p1|Sneasler, L50, M|\n|poke|p1|Floette-Eternal, L50, F|\n|poke|p2|Gengar, L50, F|\n|poke|p2|Azumarill, L50, F|\n|poke|p2|Tsareena, L50, F|\n|poke|p2|Corviknight, L50, F|\n|poke|p2|Garchomp, L50, M|\n|poke|p2|Incineroar, L50, F|\n|teampreview|4\n|inactive|Battle timer is ON: inactive players will automatically lose when time's up. (requested by Juya)\n|inactive|booms221 has 60 seconds left.\n|inactive|Juya has 60 seconds left.\n|\n|t:|1776109013\n|teamsize|p1|4\n|teamsize|p2|4\n|start\n|switch|p1a: Orthworm|Orthworm, L50, M|100/100\n|switch|p1b: Sneasler|Sneasler, L50, M|100/100\n|switch|p2a: Gengar|Gengar, L50, F|100/100\n|switch|p2b: Azumarill|Azumarill, L50, F|100/100\n|-ability|p1b: Sneasler|Pressure\n|turn|1\n|\n|t:|1776109034\n|detailschange|p2a: Gengar|Gengar-Mega, L50, F\n|-mega|p2a: Gengar|Gengar|Gengarite\n|move|p1b: Sneasler|Fake Out|p2b: Azumarill\n|-damage|p2b: Azumarill|84/100\n|cant|p2b: Azumarill|flinch\n|move|p2a: Gengar|Shadow Ball|p1a: Orthworm\n|-damage|p1a: Orthworm|32/100\n|-enditem|p1a: Orthworm|Sitrus Berry|[eat]\n|-heal|p1a: Orthworm|57/100|[from] item: Sitrus Berry\n|move|p1a: Orthworm|Shed Tail|p1a: Orthworm\n|-start|p1a: Orthworm|Substitute|[from] move: Shed Tail\n|-damage|p1a: Orthworm|7/100\n|inactive|booms221 has 30 seconds left.\n|\n|t:|1776109060\n|switch|p1a: Garchomp|Garchomp, L50, F|100/100|[from] Shed Tail\n|\n|upkeep\n|turn|2\n|\n|t:|1776109074\n|switch|p2b: Corviknight|Corviknight, L50, F|100/100\n|move|p2a: Gengar|Protect|p2a: Gengar\n|-singleturn|p2a: Gengar|Protect\n|move|p1a: Garchomp|Stomping Tantrum|p2a: Gengar\n|-activate|p2a: Gengar|move: Protect\n|move|p1b: Sneasler|Dire Claw|p2b: Corviknight\n|-immune|p2b: Corviknight\n|\n|upkeep\n|turn|3\n|\n|t:|1776109090\n|switch|p2a: Tsareena|Tsareena, L50, F|100/100\n|move|p1a: Garchomp|Stomping Tantrum|p2a: Tsareena\n|-resisted|p2a: Tsareena|1\n|-damage|p2a: Tsareena|77/100\n|move|p1b: Sneasler|Dire Claw|p2a: Tsareena\n|-supereffective|p2a: Tsareena|1\n|-damage|p2a: Tsareena|0 fnt\n|faint|p2a: Tsareena\n|move|p2b: Corviknight|Tailwind|p2b: Corviknight\n|-sidestart|p2: Juya|move: Tailwind\n|\n|upkeep\n|\n|t:|1776109103\n|switch|p2a: Azumarill|Azumarill, L50, F|84/100\n|turn|4\n|\n|t:|1776109112\n|move|p2a: Azumarill|Protect|p2a: Azumarill\n|-singleturn|p2a: Azumarill|Protect\n|move|p1a: Garchomp|Stomping Tantrum|p2a: Azumarill\n|-activate|p2a: Azumarill|move: Protect\n|move|p2b: Corviknight|Drill Peck|p1b: Sneasler\n|-supereffective|p1b: Sneasler|1\n|-crit|p1b: Sneasler\n|-damage|p1b: Sneasler|0 fnt\n|faint|p1b: Sneasler\n|\n|upkeep\n|\n|t:|1776109132\n|switch|p1b: Orthworm|Orthworm, L50, M|7/100\n|turn|5\n|\n|t:|1776109143\n|move|p1b: Orthworm|Protect|p1b: Orthworm\n|-singleturn|p1b: Orthworm|Protect\n|move|p1a: Garchomp|Stomping Tantrum|p2a: Azumarill\n|-damage|p2a: Azumarill|39/100\n|move|p2b: Corviknight|Iron Head|p1b: Orthworm\n|-activate|p1b: Orthworm|move: Protect\n|move|p2a: Azumarill|Perish Song|p2a: Azumarill\n|-start|p1a: Garchomp|perish3|[silent]\n|-start|p1b: Orthworm|perish3|[silent]\n|-start|p2a: Azumarill|perish3|[silent]\n|-start|p2b: Corviknight|perish3|[silent]\n|-fieldactivate|move: Perish Song\n|\n|-start|p1a: Garchomp|perish3\n|-start|p2b: Corviknight|perish3\n|-start|p2a: Azumarill|perish3\n|-start|p1b: Orthworm|perish3\n|upkeep\n|turn|6\n|\n|t:|1776109160\n|switch|p1a: Floette|Floette-Eternal, L50, F|100/100\n|move|p2a: Azumarill|Protect|p2a: Azumarill\n|-singleturn|p2a: Azumarill|Protect\n|move|p2b: Corviknight|Iron Head|p1b: Orthworm\n|-resisted|p1b: Orthworm|1\n|-damage|p1b: Orthworm|0 fnt\n|faint|p1b: Orthworm\n|\n|-start|p2b: Corviknight|perish2\n|-start|p2a: Azumarill|perish2\n|-sideend|p2: Juya|move: Tailwind\n|upkeep\n|\n|t:|1776109171\n|switch|p1b: Garchomp|Garchomp, L50, F|100/100\n|turn|7\n|\n|t:|1776109188\n|detailschange|p1a: Floette|Floette-Mega, L50, F\n|-mega|p1a: Floette|Floette|Floettite\n|-ability|p1a: Floette|Fairy Aura\n|move|p2a: Azumarill|Aqua Jet|p1a: Floette\n|-damage|p1a: Floette|63/100\n|move|p1b: Garchomp|Rock Slide|p2b: Corviknight|[spread] p2a\n|-miss|p1b: Garchomp|p2b: Corviknight\n|-damage|p2a: Azumarill|16/100\n|move|p1a: Floette|Dazzling Gleam|p2a: Azumarill|[spread] p2a,p2b\n|-resisted|p2b: Corviknight|1\n|-damage|p2a: Azumarill|0 fnt\n|-damage|p2b: Corviknight|74/100\n|faint|p2a: Azumarill\n|move|p2b: Corviknight|Iron Head|p1a: Floette\n|-supereffective|p1a: Floette|1\n|-damage|p1a: Floette|0 fnt\n|faint|p1a: Floette\n|\n|-heal|p2b: Corviknight|80/100|[from] item: Leftovers\n|-start|p2b: Corviknight|perish1\n|upkeep\n|\n|t:|1776109205\n|switch|p2a: Gengar|Gengar-Mega, L50, F|100/100\n|turn|8\n|\n|t:|1776109222\n|move|p1b: Garchomp|Rock Slide|p2a: Gengar|[spread] p2a,p2b\n|-damage|p2a: Gengar|66/100\n|-damage|p2b: Corviknight|65/100\n|cant|p2a: Gengar|flinch\n|move|p2b: Corviknight|Tailwind|p2b: Corviknight\n|-sidestart|p2: Juya|move: Tailwind\n|\n|-heal|p2b: Corviknight|71/100|[from] item: Leftovers\n|-start|p2b: Corviknight|perish0\n|faint|p2b: Corviknight\n|upkeep\n|turn|9\n|\n|t:|1776109246\n|move|p2a: Gengar|Shadow Ball|p1b: Garchomp\n|-damage|p1b: Garchomp|33/100\n|move|p1b: Garchomp|Rock Slide|p2a: Gengar|[miss]\n|-miss|p1b: Garchomp|p2a: Gengar\n|\n|upkeep\n|turn|10\n|\n|t:|1776109252\n|move|p2a: Gengar|Shadow Ball|p1b: Garchomp\n|-crit|p1b: Garchomp\n|-damage|p1b: Garchomp|0 fnt\n|faint|p1b: Garchomp\n|\n|win|Juya\n|raw|booms221's rating: 1121 &rarr; <strong>1098</strong><br />(-23 for losing)\n|raw|Juya's rating: 1152 &rarr; <strong>1175</strong><br />(+23 for winning)\n|l|\u2606booms221\n|player|p1|\n",
  "uploadtime": 1776109260,
  "views": 10,
  "formatid": "gen9championsvgc2026regma",
  "rating": 1098,
  "private": 0,
  "password": null
}