{
  "id": "gen9championsvgc2026regma-2581057528",
  "format": "[Gen 9 Champions] VGC 2026 Reg M-A",
  "players": [
    "Michael YunGOOBian",
    "Pablete5"
  ],
  "log": "|j|\u2606Michael YunGOOBian\n|j|\u2606Pablete5\n|t:|1775955840\n|gametype|doubles\n|player|p1|Michael YunGOOBian|benga|1156\n|player|p2|Pablete5|101|1207\n|gen|9\n|tier|[Gen 9 Champions] VGC 2026 Reg M-A\n|rated|\n|rule|Species Clause: Limit one of each Pok\u00e9mon\n|rule|Item Clause: Limit 1 of each item\n|clearpoke\n|poke|p1|Feraligatr, L50, M|\n|poke|p1|Sneasler, L50, F|\n|poke|p1|Incineroar, L50, F|\n|poke|p1|Sinistcha-Masterpiece, L50|\n|poke|p1|Kingambit, L50, F|\n|poke|p1|Ninetales-Alola, L50, M|\n|poke|p2|Gallade, L50, M|\n|poke|p2|Arcanine, L50, M|\n|poke|p2|Raichu, L50, M|\n|poke|p2|Ninetales-Alola, L50, F|\n|poke|p2|Milotic, L50, M|\n|poke|p2|Corviknight, L50, F|\n|teampreview|4\n|inactive|Battle timer is ON: inactive players will automatically lose when time's up. (requested by Pablete5)\n|\n|t:|1775955874\n|teamsize|p1|4\n|teamsize|p2|4\n|start\n|switch|p1a: Sinistcha|Sinistcha-Masterpiece, L50|100/100\n|switch|p1b: Feraligatr|Feraligatr, L50, M|100/100\n|switch|p2a: Milotic|Milotic, L50, M|100/100\n|switch|p2b: Corviknight|Corviknight, L50, F|100/100\n|turn|1\n|inactive|Pablete5 has 30 seconds left.\n|inactive|Michael YunGOOBian has 30 seconds left.\n|inactive|Pablete5 has 20 seconds left.\n|inactive|Pablete5 has 15 seconds left.\n|inactive|Pablete5 has 10 seconds left.\n|\n|t:|1775955922\n|move|p1b: Feraligatr|Dragon Dance|p1b: Feraligatr\n|-boost|p1b: Feraligatr|atk|1\n|-boost|p1b: Feraligatr|spe|1\n|move|p2a: Milotic|Icy Wind|p1b: Feraligatr|[spread] p1a,p1b\n|-supereffective|p1a: Sinistcha|1\n|-resisted|p1b: Feraligatr|1\n|-damage|p1a: Sinistcha|75/100\n|-damage|p1b: Feraligatr|94/100\n|-unboost|p1a: Sinistcha|spe|1\n|-unboost|p1b: Feraligatr|spe|1\n|move|p2b: Corviknight|Bulk Up|p2b: Corviknight\n|-boost|p2b: Corviknight|atk|1\n|-boost|p2b: Corviknight|def|1\n|move|p1a: Sinistcha|Matcha Gotcha|p2a: Milotic|[spread] p2a,p2b\n|-supereffective|p2a: Milotic|1\n|-resisted|p2b: Corviknight|2\n|-damage|p2a: Milotic|65/100\n|-heal|p1a: Sinistcha|94/100|[from] drain|[of] p2a: Milotic\n|-damage|p2b: Corviknight|95/100\n|-heal|p1a: Sinistcha|97/100|[from] drain|[of] p2b: Corviknight\n|\n|-heal|p2a: Milotic|71/100|[from] item: Leftovers\n|upkeep\n|turn|2\n|inactive|Michael YunGOOBian has 30 seconds left.\n|inactive|Pablete5 has 30 seconds left.\n|inactive|Michael YunGOOBian has 20 seconds left.\n|inactive|Pablete5 has 20 seconds left.\n|\n|t:|1775955961\n|switch|p1a: Kingambit|Kingambit, L50, F|100/100\n|detailschange|p1b: Feraligatr|Feraligatr-Mega, L50, M\n|-mega|p1b: Feraligatr|Feraligatr|Feraligite\n|move|p1b: Feraligatr|Dragon Dance|p1b: Feraligatr\n|-boost|p1b: Feraligatr|atk|1\n|-boost|p1b: Feraligatr|spe|1\n|move|p2a: Milotic|Icy Wind|p1a: Kingambit|[spread] p1a,p1b\n|-resisted|p1a: Kingambit|1\n|-damage|p1a: Kingambit|96/100\n|-damage|p1b: Feraligatr|81/100\n|-unboost|p1a: Kingambit|spe|1\n|-ability|p1a: Kingambit|Defiant|boost\n|-boost|p1a: Kingambit|atk|2\n|-unboost|p1b: Feraligatr|spe|1\n|move|p2b: Corviknight|Bulk Up|p2b: Corviknight\n|-boost|p2b: Corviknight|atk|1\n|-boost|p2b: Corviknight|def|1\n|\n|-heal|p2a: Milotic|78/100|[from] item: Leftovers\n|upkeep\n|turn|3\n|inactive|Michael YunGOOBian has 30 seconds left.\n|inactive|Pablete5 has 30 seconds left.\n|inactive|Michael YunGOOBian has 20 seconds left.\n|inactive|Michael YunGOOBian has 15 seconds left.\n|inactive|Michael YunGOOBian has 10 seconds left.\n|\n|t:|1775956006\n|move|p2a: Milotic|Protect|p2a: Milotic\n|-singleturn|p2a: Milotic|Protect\n|move|p1a: Kingambit|Sucker Punch|p2b: Corviknight\n|-damage|p2b: Corviknight|57/100\n|move|p1b: Feraligatr|Liquidation|p2b: Corviknight\n|-damage|p2b: Corviknight|13/100\n|move|p2b: Corviknight|Brave Bird|p1b: Feraligatr\n|-damage|p1b: Feraligatr|2/100\n|-damage|p2b: Corviknight|0 fnt|[from] Recoil\n|faint|p2b: Corviknight\n|\n|-heal|p2a: Milotic|84/100|[from] item: Leftovers\n|upkeep\n|\n|t:|1775956019\n|switch|p2b: Raichu|Raichu, L50, M|100/100\n|turn|4\n|inactive|Michael YunGOOBian has 30 seconds left.\n|\n|t:|1775956053\n|move|p1b: Feraligatr|Protect|p1b: Feraligatr\n|-singleturn|p1b: Feraligatr|Protect\n|move|p2b: Raichu|Fake Out|p1a: Kingambit\n|-resisted|p1a: Kingambit|1\n|-damage|p1a: Kingambit|93/100\n|cant|p1a: Kingambit|flinch\n|move|p2a: Milotic|Scald|p1b: Feraligatr\n|-activate|p1b: Feraligatr|move: Protect\n|\n|-heal|p2a: Milotic|90/100|[from] item: Leftovers\n|upkeep\n|turn|5\n|inactive|Michael YunGOOBian has 30 seconds left.\n|inactive|Pablete5 has 30 seconds left.\n|\n|t:|1775956084\n|move|p2b: Raichu|Charm|p1b: Feraligatr\n|-unboost|p1b: Feraligatr|atk|2\n|move|p1b: Feraligatr|Double-Edge|p2a: Milotic\n|-damage|p2a: Milotic|11/100\n|-damage|p1b: Feraligatr|0 fnt|[from] Recoil\n|faint|p1b: Feraligatr\n|move|p2a: Milotic|Scald|p1a: Kingambit\n|-damage|p1a: Kingambit|60/100\n|move|p1a: Kingambit|Kowtow Cleave|p2b: Raichu\n|-enditem|p2b: Raichu|Focus Sash\n|-damage|p2b: Raichu|1/100\n|\n|-heal|p2a: Milotic|18/100|[from] item: Leftovers\n|upkeep\n|\n|t:|1775956104\n|switch|p1b: Sinistcha|Sinistcha-Masterpiece, L50|97/100\n|-heal|p1a: Kingambit|85/100|[from] ability: Hospitality|[of] p1b: Sinistcha\n|turn|6\n|inactive|Pablete5 has 30 seconds left.\n|\n|t:|1775956136\n|move|p1b: Sinistcha|Rage Powder|p1b: Sinistcha\n|-singleturn|p1b: Sinistcha|move: Rage Powder\n|move|p2b: Raichu|Volt Switch|p1b: Sinistcha\n|-resisted|p1b: Sinistcha|1\n|-damage|p1b: Sinistcha|81/100\n|\n|t:|1775956141\n|switch|p2b: Gallade|Gallade, L50, M|100/100|[from] Volt Switch\n|move|p2a: Milotic|Ice Beam|p1b: Sinistcha\n|-supereffective|p1b: Sinistcha|1\n|-damage|p1b: Sinistcha|30/100\n|-enditem|p1b: Sinistcha|Sitrus Berry|[eat]\n|-heal|p1b: Sinistcha|55/100|[from] item: Sitrus Berry\n|move|p1a: Kingambit|Kowtow Cleave|p2a: Milotic\n|-damage|p2a: Milotic|0 fnt\n|faint|p2a: Milotic\n|\n|upkeep\n|\n|t:|1775956152\n|switch|p2a: Raichu|Raichu, L50, M|1/100\n|turn|7\n|inactive|Pablete5 has 30 seconds left.\n|\n|t:|1775956177\n|detailschange|p2b: Gallade|Gallade-Mega, L50, M\n|-mega|p2b: Gallade|Gallade|Galladite\n|move|p2b: Gallade|Protect|p2b: Gallade\n|-singleturn|p2b: Gallade|Protect\n|move|p1a: Kingambit|Protect|p1a: Kingambit\n|-singleturn|p1a: Kingambit|Protect\n|move|p2a: Raichu|Fake Out|p1a: Kingambit\n|-activate|p1a: Kingambit|move: Protect\n|move|p1b: Sinistcha|Matcha Gotcha|p2a: Raichu|[spread] \n|-activate|p2b: Gallade|move: Protect\n|-miss|p1b: Sinistcha|p2a: Raichu\n|\n|upkeep\n|turn|8\n|inactive|Michael YunGOOBian has 30 seconds left.\n|inactive|Pablete5 has 30 seconds left.\n|inactive|Michael YunGOOBian has 20 seconds left.\n|\n|t:|1775956214\n|move|p1b: Sinistcha|Rage Powder|p1b: Sinistcha\n|-singleturn|p1b: Sinistcha|move: Rage Powder\n|move|p2a: Raichu|Volt Switch|p1b: Sinistcha\n|-resisted|p1b: Sinistcha|1\n|-crit|p1b: Sinistcha\n|-damage|p1b: Sinistcha|33/100\n|move|p2b: Gallade|Ice Punch|p1b: Sinistcha\n|-supereffective|p1b: Sinistcha|1\n|-damage|p1b: Sinistcha|0 fnt\n|faint|p1b: Sinistcha\n|move|p1a: Kingambit|Kowtow Cleave|p2b: Gallade\n|-damage|p2b: Gallade|0 fnt\n|faint|p2b: Gallade\n|\n|upkeep\n|\n|t:|1775956226\n|switch|p1b: Ninetales|Ninetales-Alola, L50, M|100/100\n|-weather|Snowscape|[from] ability: Snow Warning|[of] p1b: Ninetales\n|turn|9\n|-message|Pablete5 forfeited.\n|\n|win|Michael YunGOOBian\n|raw|Michael YunGOOBian's rating: 1156 &rarr; <strong>1185</strong><br />(+29 for winning)\n|raw|Pablete5's rating: 1207 &rarr; <strong>1178</strong><br />(-29 for losing)\n|l|\u2606Pablete5\n|player|p2|\n",
  "uploadtime": 1775956245,
  "views": 16,
  "formatid": "gen9championsvgc2026regma",
  "rating": 1178,
  "private": 0,
  "password": null
}