{
  "id": "gen9championsvgc2026regma-2586261012",
  "format": "[Gen 9 Champions] VGC 2026 Reg M-A",
  "players": [
    "bob0976",
    "RandomGuyInSchool"
  ],
  "log": "|j|\u2606bob0976\n|j|\u2606RandomGuyInSchool\n|t:|1776418610\n|gametype|doubles\n|player|p1|bob0976|265|1116\n|player|p2|RandomGuyInSchool|schoolkid-gen4|1099\n|gen|9\n|tier|[Gen 9 Champions] VGC 2026 Reg M-A\n|rated|\n|rule|Species Clause: Limit one of each Pok\u00e9mon\n|rule|Item Clause: Limit 1 of each item\n|clearpoke\n|poke|p1|Meganium, L50, M|\n|poke|p1|Greninja-*, L50, F|\n|poke|p1|Pelipper, L50, F|\n|poke|p1|Archaludon, L50, M|\n|poke|p1|Sneasler, L50, M|\n|poke|p1|Incineroar, L50, M|\n|poke|p2|Kangaskhan, L50, F|\n|poke|p2|Sinistcha, L50|\n|poke|p2|Sneasler, L50, F|\n|poke|p2|Talonflame, L50, F|\n|poke|p2|Corviknight, L50, M|\n|poke|p2|Meganium, L50, M|\n|teampreview|4\n|inactive|Battle timer is ON: inactive players will automatically lose when time's up. (requested by bob0976)\n|inactive|RandomGuyInSchool also wants the timer to be on.\nRandomGuyInSchool rejected open team sheets.\n|c|\u2606RandomGuyInSchool|glhf\n|inactive|bob0976 has 60 seconds left.\n|inactive|RandomGuyInSchool has 60 seconds left.\n|inactive|RandomGuyInSchool has 30 seconds left.\n|\n|t:|1776418674\n|teamsize|p1|4\n|teamsize|p2|4\n|start\n|switch|p1a: Archaludon|Archaludon, L50, M|100/100\n|switch|p1b: Pelipper|Pelipper, L50, F|100/100\n|switch|p2a: Sneasler|Sneasler, L50, F|100/100\n|switch|p2b: Kangaskhan|Kangaskhan, L50, F|100/100\n|-weather|RainDance|[from] ability: Drizzle|[of] p1b: Pelipper\n|turn|1\n|\n|t:|1776418694\n|detailschange|p2b: Kangaskhan|Kangaskhan-Mega, L50, F\n|-mega|p2b: Kangaskhan|Kangaskhan|Kangaskhanite\n|move|p1a: Archaludon|Protect|p1a: Archaludon\n|-singleturn|p1a: Archaludon|Protect\n|move|p2b: Kangaskhan|Fake Out|p1b: Pelipper\n|-damage|p1b: Pelipper|79/100\n|-damage|p1b: Pelipper|75/100\n|-hitcount|p1b: Pelipper|2\n|move|p2a: Sneasler|Coaching|p2b: Kangaskhan\n|-boost|p2b: Kangaskhan|atk|1\n|-boost|p2b: Kangaskhan|def|1\n|cant|p1b: Pelipper|flinch\n|\n|-weather|RainDance|[upkeep]\n|upkeep\n|turn|2\n|inactive|bob0976 has 30 seconds left.\n|inactive|bob0976 has 20 seconds left.\n|\n|t:|1776418731\n|move|p2a: Sneasler|Close Combat|p1a: Archaludon\n|-supereffective|p1a: Archaludon|1\n|-damage|p1a: Archaludon|9/100\n|-unboost|p2a: Sneasler|def|1\n|-unboost|p2a: Sneasler|spd|1\n|-ability|p1a: Archaludon|Stamina|boost\n|-boost|p1a: Archaludon|def|1\n|-enditem|p2a: Sneasler|White Herb\n|-clearnegativeboost|p2a: Sneasler|[silent]\n|move|p2b: Kangaskhan|Double-Edge|p1b: Pelipper\n|-damage|p1b: Pelipper|0 fnt\n|faint|p1b: Pelipper\n|-hitcount|p1: Pelipper|1\n|-damage|p2b: Kangaskhan|81/100|[from] Recoil\n|move|p1a: Archaludon|Electro Shot||[still]\n|-prepare|p1a: Archaludon|Electro Shot\n|-boost|p1a: Archaludon|spa|1\n|-anim|p1a: Archaludon|Electro Shot|p2b: Kangaskhan\n|-damage|p2b: Kangaskhan|24/100\n|\n|-weather|RainDance|[upkeep]\n|-heal|p1a: Archaludon|15/100|[from] item: Leftovers\n|upkeep\n|\n|t:|1776418744\n|switch|p1b: Incineroar|Incineroar, L50, M|100/100\n|-ability|p1b: Incineroar|Intimidate|boost\n|-unboost|p2a: Sneasler|atk|1\n|-unboost|p2b: Kangaskhan|atk|1\n|turn|3\n|\n|t:|1776418759\n|move|p2a: Sneasler|Protect|p2a: Sneasler\n|-singleturn|p2a: Sneasler|Protect\n|move|p2b: Kangaskhan|Protect|p2b: Kangaskhan\n|-singleturn|p2b: Kangaskhan|Protect\n|move|p1b: Incineroar|Fake Out|p2b: Kangaskhan\n|-activate|p2b: Kangaskhan|move: Protect\n|move|p1a: Archaludon|Draco Meteor|p2a: Sneasler\n|-activate|p2a: Sneasler|move: Protect\n|\n|-weather|RainDance|[upkeep]\n|-heal|p1a: Archaludon|21/100|[from] item: Leftovers\n|upkeep\n|turn|4\n|\n|t:|1776418776\n|move|p2a: Sneasler|Coaching|p2b: Kangaskhan\n|-boost|p2b: Kangaskhan|atk|1\n|-boost|p2b: Kangaskhan|def|1\n|move|p2b: Kangaskhan|Drain Punch|p1a: Archaludon\n|-supereffective|p1a: Archaludon|1\n|-damage|p1a: Archaludon|0 fnt\n|-heal|p2b: Kangaskhan|34/100|[from] drain|[of] p1a: Archaludon\n|faint|p1a: Archaludon\n|-hitcount|p1: Archaludon|1\n|move|p1b: Incineroar|Will-O-Wisp|p2b: Kangaskhan\n|-status|p2b: Kangaskhan|brn\n|\n|-weather|RainDance|[upkeep]\n|-damage|p2b: Kangaskhan|27/100 brn|[from] brn\n|upkeep\n|\n|t:|1776418782\n|switch|p1a: Greninja|Greninja, L50, F|100/100\n|turn|5\n|\n|t:|1776418802\n|detailschange|p1a: Greninja|Greninja-Mega, L50, F\n|-mega|p1a: Greninja|Greninja|Greninjite\n|move|p2b: Kangaskhan|Protect|p2b: Kangaskhan\n|-singleturn|p2b: Kangaskhan|Protect\n|move|p2a: Sneasler|Close Combat|p1a: Greninja\n|-supereffective|p1a: Greninja|1\n|-damage|p1a: Greninja|0 fnt\n|-unboost|p2a: Sneasler|def|1\n|-unboost|p2a: Sneasler|spd|1\n|faint|p1a: Greninja\n|move|p1b: Incineroar|Will-O-Wisp|p2a: Sneasler\n|-status|p2a: Sneasler|brn\n|\n|-weather|none\n|-damage|p2a: Sneasler|95/100 brn|[from] brn\n|-damage|p2b: Kangaskhan|21/100 brn|[from] brn\n|upkeep\n|turn|6\n|c|\u2606RandomGuyInSchool|gg\n|\n|t:|1776418822\n|move|p2a: Sneasler|Close Combat|p1b: Incineroar\n|-supereffective|p1b: Incineroar|1\n|-damage|p1b: Incineroar|63/100\n|-unboost|p2a: Sneasler|def|1\n|-unboost|p2a: Sneasler|spd|1\n|move|p2b: Kangaskhan|Double-Edge|p1b: Incineroar\n|-damage|p1b: Incineroar|25/100\n|-enditem|p1b: Incineroar|Sitrus Berry|[eat]\n|-heal|p1b: Incineroar|50/100|[from] item: Sitrus Berry\n|-damage|p1b: Incineroar|41/100\n|-hitcount|p1b: Incineroar|2\n|-damage|p2b: Kangaskhan|7/100 brn|[from] Recoil\n|move|p1b: Incineroar|Darkest Lariat|p2b: Kangaskhan\n|-damage|p2b: Kangaskhan|0 fnt\n|faint|p2b: Kangaskhan\n|\n|-damage|p2a: Sneasler|89/100 brn|[from] brn\n|upkeep\n|\n|t:|1776418838\n|switch|p2b: Talonflame|Talonflame, L50, F|100/100\n|turn|7\n|-message|bob0976 forfeited.\n|\n|win|RandomGuyInSchool\n|raw|bob0976's rating: 1116 &rarr; <strong>1090</strong><br />(-26 for losing)\n|raw|RandomGuyInSchool's rating: 1099 &rarr; <strong>1125</strong><br />(+26 for winning)\n|l|\u2606bob0976\n|player|p1|\n",
  "uploadtime": 1776418844,
  "views": 18,
  "formatid": "gen9championsvgc2026regma",
  "rating": 1090,
  "private": 0,
  "password": null
}