{
  "id": "gen9championsvgc2026regma-2581428254",
  "format": "[Gen 9 Champions] VGC 2026 Reg M-A",
  "players": [
    "vicgm",
    "fooner"
  ],
  "log": "|j|\u2606vicgm\n|j|\u2606fooner\n|t:|1775999417\n|gametype|doubles\n|player|p1|vicgm|169|1211\n|player|p2|fooner|265|1190\n|gen|9\n|tier|[Gen 9 Champions] VGC 2026 Reg M-A\n|rated|\n|rule|Species Clause: Limit one of each Pok\u00e9mon\n|rule|Item Clause: Limit 1 of each item\n|clearpoke\n|poke|p1|Garchomp, L50, F|\n|poke|p1|Talonflame, L50, F|\n|poke|p1|Charizard, L50, M|\n|poke|p1|Basculegion, L50, M|\n|poke|p1|Hydreigon, L50, M|\n|poke|p1|Venusaur, L50, M|\n|poke|p2|Tyranitar, L50, M|\n|poke|p2|Garchomp, L50, M|\n|poke|p2|Sneasler, L50, F|\n|poke|p2|Whimsicott, L50, F|\n|poke|p2|Milotic, L50, F|\n|poke|p2|Incineroar, L50, M|\n|teampreview|4\n|\n|t:|1775999472\n|teamsize|p1|4\n|teamsize|p2|4\n|start\n|switch|p1a: Garchomp|Garchomp, L50, F|100/100\n|switch|p1b: Talonflame|Talonflame, L50, F, shiny|100/100\n|switch|p2a: nancy|Whimsicott, L50, F|100/100\n|switch|p2b: the pit|Tyranitar, L50, M|100/100\n|-weather|Sandstorm|[from] ability: Sand Stream|[of] p2b: the pit\n|turn|1\n|\n|t:|1775999492\n|detailschange|p2b: the pit|Tyranitar-Mega, L50, M\n|-mega|p2b: the pit|Tyranitar|Tyranitarite\n|move|p1b: Talonflame|Brave Bird|p2a: nancy\n|-supereffective|p2a: nancy|1\n|-enditem|p2a: nancy|Focus Sash\n|-damage|p2a: nancy|1/100\n|-damage|p1b: Talonflame|69/100|[from] Recoil\n|move|p2a: nancy|Tailwind|p2a: nancy\n|-sidestart|p2: fooner|move: Tailwind\n|move|p2b: the pit|Dragon Dance|p2b: the pit\n|-boost|p2b: the pit|atk|1\n|-boost|p2b: the pit|spe|1\n|move|p1a: Garchomp|Earthquake|p2b: the pit|[spread] p2a,p2b\n|-immune|p1b: Talonflame\n|-resisted|p2a: nancy|1\n|-supereffective|p2b: the pit|1\n|-damage|p2a: nancy|0 fnt\n|-damage|p2b: the pit|48/100\n|faint|p2a: nancy\n|\n|-weather|Sandstorm|[upkeep]\n|-damage|p1b: Talonflame|63/100|[from] Sandstorm\n|upkeep\n|\n|t:|1775999508\n|switch|p2a: slim jackson|Sneasler, L50, F|100/100\n|turn|2\n|\n|t:|1775999520\n|move|p2b: the pit|Rock Slide|p1b: Talonflame|[spread] p1a,p1b\n|-resisted|p1a: Garchomp|1\n|-supereffective|p1b: Talonflame|2\n|-damage|p1a: Garchomp|74/100\n|-damage|p1b: Talonflame|0 fnt\n|faint|p1b: Talonflame\n|move|p2a: slim jackson|Coaching|p2b: the pit\n|-boost|p2b: the pit|atk|1\n|-boost|p2b: the pit|def|1\n|cant|p1a: Garchomp|flinch\n|\n|-weather|Sandstorm|[upkeep]\n|-damage|p2a: slim jackson|95/100|[from] Sandstorm\n|upkeep\n|\n|t:|1775999531\n|switch|p1b: Charizard|Charizard, L50, M, shiny|100/100\n|turn|3\n|\n|t:|1775999536\n|detailschange|p1b: Charizard|Charizard-Mega-Y, L50, M, shiny\n|-mega|p1b: Charizard|Charizard|Charizardite Y\n|-weather|SunnyDay|[from] ability: Drought|[of] p1b: Charizard\n|move|p2b: the pit|Rock Slide|p1b: Charizard|[spread] p1a,p1b\n|-resisted|p1a: Garchomp|1\n|-supereffective|p1b: Charizard|2\n|-damage|p1a: Garchomp|42/100\n|-damage|p1b: Charizard|0 fnt\n|faint|p1b: Charizard\n|move|p2a: slim jackson|Dire Claw|p1a: Garchomp\n|-resisted|p1a: Garchomp|1\n|-damage|p1a: Garchomp|22/100\n|-damage|p2a: slim jackson|82/100|[from] ability: Rough Skin|[of] p1a: Garchomp\n|cant|p1a: Garchomp|flinch\n|\n|-weather|SunnyDay|[upkeep]\n|upkeep\n|\n|t:|1775999550\n|switch|p1b: Hydreigon|Hydreigon, L50, M|100/100\n|turn|4\n|\n|t:|1775999571\n|move|p1a: Garchomp|Protect|p1a: Garchomp\n|-singleturn|p1a: Garchomp|Protect\n|move|p2b: the pit|Rock Slide|p1b: Hydreigon|[spread] p1b\n|-activate|p1a: Garchomp|move: Protect\n|-damage|p1b: Hydreigon|23/100\n|move|p2a: slim jackson|Close Combat|p1b: Hydreigon\n|-supereffective|p1b: Hydreigon|1\n|-damage|p1b: Hydreigon|0 fnt\n|-unboost|p2a: slim jackson|def|1\n|-unboost|p2a: slim jackson|spd|1\n|faint|p1b: Hydreigon\n|-enditem|p2a: slim jackson|White Herb\n|-clearnegativeboost|p2a: slim jackson|[silent]\n|\n|-weather|SunnyDay|[upkeep]\n|-sideend|p2: fooner|move: Tailwind\n|upkeep\n|turn|5\n|\n|t:|1775999583\n|move|p2a: slim jackson|Close Combat|p1a: Garchomp\n|-damage|p1a: Garchomp|0 fnt\n|-unboost|p2a: slim jackson|def|1\n|-unboost|p2a: slim jackson|spd|1\n|-damage|p2a: slim jackson|70/100|[from] ability: Rough Skin|[of] p1a: Garchomp\n|faint|p1a: Garchomp\n|\n|win|fooner\n|raw|vicgm's rating: 1211 &rarr; <strong>1184</strong><br />(-27 for losing)\n|raw|fooner's rating: 1190 &rarr; <strong>1217</strong><br />(+27 for winning)\n|l|\u2606vicgm\n|player|p1|\n",
  "uploadtime": 1775999589,
  "views": 46,
  "formatid": "gen9championsvgc2026regma",
  "rating": 1184,
  "private": 0,
  "password": null
}