{
  "id": "gen9championsvgc2026regma-2587571537",
  "format": "[Gen 9 Champions] VGC 2026 Reg M-A",
  "players": [
    "ravioliez",
    "WTF2011"
  ],
  "log": "|j|\u2606ravioliez\n|j|\u2606WTF2011\n|t:|1776543292\n|gametype|doubles\n|player|p1|ravioliez|pokemonranger-gen6|1139\n|player|p2|WTF2011|169|1098\n|gen|9\n|tier|[Gen 9 Champions] VGC 2026 Reg M-A\n|rated|\n|rule|Species Clause: Limit one of each Pok\u00e9mon\n|rule|Item Clause: Limit 1 of each item\n|clearpoke\n|poke|p1|Charizard, L50, M|\n|poke|p1|Sneasler, L50, F|\n|poke|p1|Whimsicott, L50, M|\n|poke|p1|Kingambit, L50, F|\n|poke|p1|Aerodactyl, L50, M|\n|poke|p1|Ditto, L50, shiny|\n|poke|p2|Delphox, L50, M, shiny|\n|poke|p2|Aerodactyl, L50, M|\n|poke|p2|Tsareena, L50, F|\n|poke|p2|Garchomp, L50, F|\n|poke|p2|Sneasler, L50, M|\n|poke|p2|Kingambit, L50, F|\n|teampreview|4\nWTF2011 has agreed to open team sheets.\n|inactive|Battle timer is ON: inactive players will automatically lose when time's up. (requested by WTF2011)\nravioliez rejected open team sheets.\n|inactive|WTF2011 has 60 seconds left.\n|\n|t:|1776543339\n|teamsize|p1|4\n|teamsize|p2|4\n|start\n|switch|p1a: Nitro|Charizard, L50, M|100/100\n|switch|p1b: Bisturi|Sneasler, L50, F|100/100\n|switch|p2a: Aerodactyl|Aerodactyl, L50, M|100/100\n|switch|p2b: Tsareena|Tsareena, L50, F|100/100\n|-ability|p2a: Aerodactyl|Unnerve\n|turn|1\n|\n|t:|1776543363\n|detailschange|p1a: Nitro|Charizard-Mega-X, L50, M\n|-mega|p1a: Nitro|Charizard|Charizardite X\n|move|p2b: Tsareena|Protect|p2b: Tsareena\n|-singleturn|p2b: Tsareena|Protect\n|move|p2a: Aerodactyl|Tailwind|p2a: Aerodactyl\n|-sidestart|p2: WTF2011|move: Tailwind\n|move|p1b: Bisturi|Dire Claw|p2b: Tsareena\n|-activate|p2b: Tsareena|move: Protect\n|move|p1a: Nitro|Thunder Punch|p2a: Aerodactyl\n|-supereffective|p2a: Aerodactyl|1\n|-enditem|p2a: Aerodactyl|Focus Sash\n|-damage|p2a: Aerodactyl|1/100\n|\n|upkeep\n|turn|2\n|inactive|ravioliez has 30 seconds left.\n|\n|t:|1776543392\n|move|p1a: Nitro|Protect|p1a: Nitro\n|-singleturn|p1a: Nitro|Protect\n|move|p2a: Aerodactyl|Rock Slide|p1a: Nitro|[spread] p1b\n|-activate|p1a: Nitro|move: Protect\n|-resisted|p1b: Bisturi|1\n|-damage|p1b: Bisturi|83/100\n|move|p2b: Tsareena|Low Kick|p1a: Nitro\n|-activate|p1a: Nitro|move: Protect\n|move|p1b: Bisturi|Dire Claw|p2b: Tsareena\n|-supereffective|p2b: Tsareena|1\n|-damage|p2b: Tsareena|11/100\n|-enditem|p2b: Tsareena|Sitrus Berry|[eat]\n|-heal|p2b: Tsareena|36/100|[from] item: Sitrus Berry\n|\n|upkeep\n|turn|3\n|inactive|ravioliez has 30 seconds left.\n|inactive|ravioliez has 20 seconds left.\n|inactive|ravioliez has 15 seconds left.\n|\n|t:|1776543436\n|switch|p1a: Mondial|Whimsicott, L50, M|100/100\n|move|p2a: Aerodactyl|Rock Slide|p1b: Bisturi|[spread] p1a,p1b\n|-resisted|p1b: Bisturi|1\n|-damage|p1a: Mondial|70/100\n|-damage|p1b: Bisturi|67/100\n|move|p2b: Tsareena|Triple Axel|p1b: Bisturi\n|-damage|p1b: Bisturi|56/100\n|-damage|p1b: Bisturi|34/100\n|-damage|p1b: Bisturi|1/100\n|-hitcount|p1b: Bisturi|3\n|move|p1b: Bisturi|Close Combat|p2a: Aerodactyl\n|-damage|p2a: Aerodactyl|0 fnt\n|-unboost|p1b: Bisturi|def|1\n|-unboost|p1b: Bisturi|spd|1\n|faint|p2a: Aerodactyl\n|-enditem|p1b: Bisturi|White Herb\n|-clearnegativeboost|p1b: Bisturi|[silent]\n|\n|upkeep\n|\n|t:|1776543453\n|switch|p2a: Delphox|Delphox, L50, M, shiny|100/100\n|turn|4\n|\n|t:|1776543475\n|detailschange|p2a: Delphox|Delphox-Mega, L50, M, shiny\n|-mega|p2a: Delphox|Delphox|Delphoxite\n|move|p1a: Mondial|Protect|p1a: Mondial\n|-singleturn|p1a: Mondial|Protect\n|move|p2a: Delphox|Heat Wave|p1b: Bisturi|[spread] p1b\n|-activate|p1a: Mondial|move: Protect\n|-damage|p1b: Bisturi|0 fnt\n|faint|p1b: Bisturi\n|move|p2b: Tsareena|Triple Axel|p1a: Mondial\n|-activate|p1a: Mondial|move: Protect\n|\n|-sideend|p2: WTF2011|move: Tailwind\n|upkeep\n|\n|t:|1776543489\n|switch|p1b: Nitro|Charizard-Mega-X, L50, M|100/100\n|turn|5\n|\n|t:|1776543502\n|move|p1a: Mondial|Tailwind|p1a: Mondial\n|-sidestart|p1: ravioliez|move: Tailwind\n|move|p1b: Nitro|Dragon Claw|p2a: Delphox\n|-damage|p2a: Delphox|16/100\n|move|p2a: Delphox|Psychic|p1b: Nitro\n|-damage|p1b: Nitro|27/100\n|move|p2b: Tsareena|Triple Axel|p1b: Nitro\n|-damage|p1b: Nitro|20/100\n|-damage|p1b: Nitro|8/100\n|-damage|p1b: Nitro|0 fnt\n|faint|p1b: Nitro\n|-hitcount|p1: Nitro|3\n|\n|upkeep\n|\n|t:|1776543517\n|switch|p1b: Amoeba|Ditto, L50, shiny|100/100\n|-transform|p1b: Amoeba|p2a: Delphox|[from] ability: Imposter\n|turn|6\n|\n|t:|1776543540\n|switch|p2a: Garchomp|Garchomp, L50, F|100/100\n|move|p1a: Mondial|Encore||[still]\n|cant|p2b: Tsareena|ability: Queenly Majesty|Encore|[of] p1a: Mondial\n|move|p1b: Amoeba|Heat Wave|p2b: Tsareena|[spread] p2a,p2b\n|-resisted|p2a: Garchomp|1\n|-supereffective|p2b: Tsareena|1\n|-damage|p2a: Garchomp|79/100\n|-damage|p2b: Tsareena|0 fnt\n|faint|p2b: Tsareena\n|\n|upkeep\n|\n|t:|1776543550\n|switch|p2b: Delphox|Delphox-Mega, L50, M, shiny|16/100\n|turn|7\n|\n|t:|1776543563\n|move|p1b: Amoeba|Heat Wave|p2b: Delphox|[spread] p2a,p2b\n|-resisted|p2a: Garchomp|1\n|-resisted|p2b: Delphox|1\n|-damage|p2a: Garchomp|56/100\n|-damage|p2b: Delphox|0 fnt\n|faint|p2b: Delphox\n|move|p1a: Mondial|Moonblast|p2a: Garchomp\n|-supereffective|p2a: Garchomp|1\n|-damage|p2a: Garchomp|0 fnt\n|faint|p2a: Garchomp\n|\n|win|ravioliez\n|raw|ravioliez's rating: 1139 &rarr; <strong>1161</strong><br />(+22 for winning)\n|raw|WTF2011's rating: 1098 &rarr; <strong>1076</strong><br />(-22 for losing)\n|l|\u2606WTF2011\n|player|p2|\n",
  "uploadtime": 1776543594,
  "views": 17,
  "formatid": "gen9championsvgc2026regma",
  "rating": 1076,
  "private": 0,
  "password": null
}