{
  "id": "gen9championsvgc2026regma-2581786387",
  "format": "[Gen 9 Champions] VGC 2026 Reg M-A",
  "players": [
    "dc_wash",
    "Harry Koekenpan"
  ],
  "log": "|j|\u2606dc_wash\n|j|\u2606Harry Koekenpan\n|t:|1776028308\n|gametype|doubles\n|player|p1|dc_wash|pokemonranger-gen4|1040\n|player|p2|Harry Koekenpan|1|1000\n|gen|9\n|tier|[Gen 9 Champions] VGC 2026 Reg M-A\n|rated|\n|rule|Species Clause: Limit one of each Pok\u00e9mon\n|rule|Item Clause: Limit 1 of each item\n|clearpoke\n|poke|p1|Primarina, L50, M|\n|poke|p1|Talonflame, L50, M|\n|poke|p1|Meowscarada, L50, F|\n|poke|p1|Kingambit, L50, F|\n|poke|p1|Garchomp, L50, M|\n|poke|p1|Glimmora, L50, M|\n|poke|p2|Charizard, L50, F|\n|poke|p2|Venusaur, L50, M|\n|poke|p2|Garchomp, L50, F|\n|poke|p2|Milotic, L50, F|\n|poke|p2|Rotom-Wash, L50|\n|poke|p2|Alakazam, L50, M|\n|teampreview|4\n|inactive|Battle timer is ON: inactive players will automatically lose when time's up. (requested by Harry Koekenpan)\n|\n|t:|1776028342\n|teamsize|p1|4\n|teamsize|p2|4\n|start\n|switch|p1a: Garchomp|Garchomp, L50, M|100/100\n|switch|p1b: Talonflame|Talonflame, L50, M|100/100\n|switch|p2a: Venusaur|Venusaur, L50, M|100/100\n|switch|p2b: Charizard|Charizard, L50, F|100/100\n|turn|1\n|inactive|dc_wash has 30 seconds left.\n|\n|t:|1776028371\n|switch|p2b: Garchomp|Garchomp, L50, F|100/100\n|move|p1b: Talonflame|Tailwind|p1b: Talonflame\n|-sidestart|p1: dc_wash|move: Tailwind\n|move|p1a: Garchomp|Rock Slide|p2b: Garchomp|[spread] p2a,p2b\n|-resisted|p2b: Garchomp|1\n|-damage|p2a: Venusaur|76/100\n|-damage|p2b: Garchomp|90/100\n|cant|p2a: Venusaur|flinch\n|\n|upkeep\n|turn|2\n|inactive|dc_wash has 30 seconds left.\n|\n|t:|1776028398\n|move|p1b: Talonflame|Brave Bird|p2b: Garchomp\n|-damage|p2b: Garchomp|35/100\n|-damage|p1b: Talonflame|79/100|[from] Recoil\n|move|p1a: Garchomp|Dragon Claw|p2b: Garchomp\n|-supereffective|p2b: Garchomp|1\n|-damage|p2b: Garchomp|0 fnt\n|faint|p2b: Garchomp\n|move|p2a: Venusaur|Sleep Powder|p1a: Garchomp|[miss]\n|-miss|p2a: Venusaur|p1a: Garchomp\n|\n|upkeep\n|\n|t:|1776028410\n|switch|p2b: Milotic|Milotic, L50, F|100/100\n|turn|3\n|\n|t:|1776028420\n|move|p2a: Venusaur|Protect|p2a: Venusaur\n|-singleturn|p2a: Venusaur|Protect\n|move|p1b: Talonflame|Flare Blitz|p2a: Venusaur\n|-activate|p2a: Venusaur|move: Protect\n|move|p1a: Garchomp|Rock Slide|p2a: Venusaur|[spread] p2b\n|-activate|p2a: Venusaur|move: Protect\n|-damage|p2b: Milotic|80/100\n|cant|p2b: Milotic|flinch\n|\n|-heal|p2b: Milotic|86/100|[from] item: Leftovers\n|upkeep\n|turn|4\n|inactive|dc_wash has 30 seconds left.\n|inactive|Harry Koekenpan has 30 seconds left.\n|inactive|dc_wash has 20 seconds left.\n|inactive|dc_wash has 15 seconds left.\n|\n|t:|1776028461\n|move|p1a: Garchomp|Protect|p1a: Garchomp\n|-singleturn|p1a: Garchomp|Protect\n|move|p1b: Talonflame|Brave Bird|p2a: Venusaur\n|-supereffective|p2a: Venusaur|1\n|-damage|p2a: Venusaur|0 fnt\n|faint|p2a: Venusaur\n|-damage|p1b: Talonflame|53/100|[from] Recoil\n|move|p2b: Milotic|Ice Beam|p1a: Garchomp\n|-activate|p1a: Garchomp|move: Protect\n|\n|-heal|p2b: Milotic|92/100|[from] item: Leftovers\n|-sideend|p1: dc_wash|move: Tailwind\n|upkeep\n|\n|t:|1776028482\n|switch|p2a: Charizard|Charizard, L50, F|100/100\n|turn|5\n|\n|t:|1776028491\n|move|p2a: Charizard|Protect|p2a: Charizard\n|-singleturn|p2a: Charizard|Protect\n|move|p1b: Talonflame|Tailwind|p1b: Talonflame\n|-sidestart|p1: dc_wash|move: Tailwind\n|move|p1a: Garchomp|Rock Slide|p2a: Charizard|[spread] p2b\n|-activate|p2a: Charizard|move: Protect\n|-damage|p2b: Milotic|72/100\n|move|p2b: Milotic|Ice Beam|p1a: Garchomp\n|-supereffective|p1a: Garchomp|2\n|-damage|p1a: Garchomp|0 fnt\n|faint|p1a: Garchomp\n|\n|-heal|p2b: Milotic|78/100|[from] item: Leftovers\n|upkeep\n|\n|t:|1776028508\n|switch|p1a: Meowscarada|Meowscarada, L50, F|100/100\n|turn|6\n|inactive|dc_wash has 30 seconds left.\n|\n|t:|1776028541\n|detailschange|p2a: Charizard|Charizard-Mega-Y, L50, F\n|-mega|p2a: Charizard|Charizard|Charizardite Y\n|-weather|SunnyDay|[from] ability: Drought|[of] p2a: Charizard\n|move|p2b: Milotic|Protect|p2b: Milotic\n|-singleturn|p2b: Milotic|Protect\n|move|p1b: Talonflame|Brave Bird|p2a: Charizard\n|-damage|p2a: Charizard|19/100\n|-damage|p1b: Talonflame|26/100|[from] Recoil\n|move|p1a: Meowscarada|Flower Trick|p2b: Milotic\n|-activate|p2b: Milotic|move: Protect\n|move|p2a: Charizard|Heat Wave|p1a: Meowscarada|[spread] p1a,p1b\n|-supereffective|p1a: Meowscarada|1\n|-resisted|p1b: Talonflame|1\n|-enditem|p1a: Meowscarada|Focus Sash\n|-damage|p1a: Meowscarada|1/100\n|-damage|p1b: Talonflame|0 fnt\n|faint|p1b: Talonflame\n|\n|-weather|SunnyDay|[upkeep]\n|-heal|p2b: Milotic|84/100|[from] item: Leftovers\n|upkeep\n|\n|t:|1776028556\n|switch|p1b: Glimmora|Glimmora, L50, M|100/100\n|turn|7\n|\n|t:|1776028579\n|detailschange|p1b: Glimmora|Glimmora-Mega, L50, M\n|-mega|p1b: Glimmora|Glimmora|Glimmoranite\n|move|p1a: Meowscarada|Flower Trick|p2b: Milotic\n|-supereffective|p2b: Milotic|1\n|-crit|p2b: Milotic\n|-damage|p2b: Milotic|0 fnt\n|faint|p2b: Milotic\n|move|p1b: Glimmora|Sludge Bomb|p2a: Charizard\n|-damage|p2a: Charizard|0 fnt\n|faint|p2a: Charizard\n|\n|win|dc_wash\n|raw|dc_wash's rating: 1040 &rarr; <strong>1070</strong><br />(+30 for winning)\n|raw|Harry Koekenpan's rating: 1000 &rarr; <strong>1000</strong><br />(+0 for losing)\n",
  "uploadtime": 1776028592,
  "views": 20,
  "formatid": "gen9championsvgc2026regma",
  "rating": 1000,
  "private": 0,
  "password": null
}