{
  "id": "gen9championsvgc2026regma-2582794909",
  "format": "[Gen 9 Champions] VGC 2026 Reg M-A",
  "players": [
    "SleepyBadBoy",
    "holdingb"
  ],
  "log": "|j|\u2606SleepyBadBoy\n|j|\u2606holdingb\n|t:|1776114680\n|gametype|doubles\n|player|p1|SleepyBadBoy|102|1352\n|player|p2|holdingb|anabel-gen7|1432\n|gen|9\n|tier|[Gen 9 Champions] VGC 2026 Reg M-A\n|rated|\n|rule|Species Clause: Limit one of each Pok\u00e9mon\n|rule|Item Clause: Limit 1 of each item\n|clearpoke\n|poke|p1|Gengar, L50, M|\n|poke|p1|Incineroar, L50, F|\n|poke|p1|Kommo-o, L50, F|\n|poke|p1|Sinistcha, L50|\n|poke|p1|Kingambit, L50, F|\n|poke|p1|Sneasler, L50, F|\n|poke|p2|Blastoise, L50, F|\n|poke|p2|Sneasler, L50, M|\n|poke|p2|Garchomp, L50, F|\n|poke|p2|Aerodactyl, L50, F|\n|poke|p2|Sylveon, L50, M|\n|poke|p2|Sinistcha, L50|\n|teampreview|4\n|inactive|Battle timer is ON: inactive players will automatically lose when time's up. (requested by holdingb)\n|inactive|SleepyBadBoy has 60 seconds left.\n|inactive|holdingb has 60 seconds left.\n|\n|t:|1776114724\n|teamsize|p1|4\n|teamsize|p2|4\n|start\n|switch|p1a: Incineroar|Incineroar, L50, F|100/100\n|switch|p1b: Gengar|Gengar, L50, M|100/100\n|switch|p2a: Sneasler|Sneasler, L50, M|100/100\n|switch|p2b: Blastoise|Blastoise, L50, F|100/100\n|-ability|p1a: Incineroar|Intimidate|boost\n|-unboost|p2a: Sneasler|atk|1\n|-unboost|p2b: Blastoise|atk|1\n|-enditem|p2a: Sneasler|White Herb\n|-clearnegativeboost|p2a: Sneasler|[silent]\n|turn|1\n|\n|t:|1776114741\n|detailschange|p1b: Gengar|Gengar-Mega, L50, M\n|-mega|p1b: Gengar|Gengar|Gengarite\n|detailschange|p2b: Blastoise|Blastoise-Mega, L50, F\n|-mega|p2b: Blastoise|Blastoise|Blastoisinite\n|move|p2a: Sneasler|Fake Out|p1a: Incineroar\n|-damage|p1a: Incineroar|91/100\n|cant|p1a: Incineroar|flinch\n|move|p1b: Gengar|Perish Song|p1b: Gengar\n|-start|p1a: Incineroar|perish3|[silent]\n|-start|p1b: Gengar|perish3|[silent]\n|-start|p2a: Sneasler|perish3|[silent]\n|-start|p2b: Blastoise|perish3|[silent]\n|-fieldactivate|move: Perish Song\n|move|p2b: Blastoise|Shell Smash|p2b: Blastoise\n|-unboost|p2b: Blastoise|def|1\n|-unboost|p2b: Blastoise|spd|1\n|-boost|p2b: Blastoise|atk|2\n|-boost|p2b: Blastoise|spa|2\n|-boost|p2b: Blastoise|spe|2\n|\n|-start|p2a: Sneasler|perish3\n|-start|p2b: Blastoise|perish3\n|-start|p1b: Gengar|perish3\n|-start|p1a: Incineroar|perish3\n|upkeep\n|turn|2\n|\n|t:|1776114760\n|move|p1b: Gengar|Protect|p1b: Gengar\n|-singleturn|p1b: Gengar|Protect\n|move|p1a: Incineroar|Protect|p1a: Incineroar\n|-singleturn|p1a: Incineroar|Protect\n|move|p2a: Sneasler|Dire Claw|p1a: Incineroar\n|-activate|p1a: Incineroar|move: Protect\n|move|p2b: Blastoise|Water Spout|p1b: Gengar|[spread] \n|-activate|p1a: Incineroar|move: Protect\n|-activate|p1b: Gengar|move: Protect\n|\n|-start|p2a: Sneasler|perish2\n|-start|p2b: Blastoise|perish2\n|-start|p1b: Gengar|perish2\n|-start|p1a: Incineroar|perish2\n|upkeep\n|turn|3\n|\n|t:|1776114772\n|switch|p1b: Sinistcha|Sinistcha, L50|100/100\n|-heal|p1a: Incineroar|100/100|[from] ability: Hospitality|[of] p1b: Sinistcha\n|move|p2a: Sneasler|Dire Claw|p1a: Incineroar\n|-damage|p1a: Incineroar|72/100\n|move|p2b: Blastoise|Water Spout|p1a: Incineroar|[spread] p1a,p1b\n|-supereffective|p1a: Incineroar|1\n|-resisted|p1b: Sinistcha|1\n|-damage|p1a: Incineroar|0 fnt\n|-damage|p1b: Sinistcha|26/100\n|faint|p1a: Incineroar\n|\n|-heal|p1b: Sinistcha|32/100|[from] item: Leftovers\n|-start|p2a: Sneasler|perish1\n|-start|p2b: Blastoise|perish1\n|upkeep\n|\n|t:|1776114781\n|switch|p1a: Gengar|Gengar-Mega, L50, M|100/100\n|turn|4\n|\n|t:|1776114790\n|move|p1a: Gengar|Protect|p1a: Gengar\n|-singleturn|p1a: Gengar|Protect\n|move|p1b: Sinistcha|Protect|p1b: Sinistcha\n|-singleturn|p1b: Sinistcha|Protect\n|move|p2a: Sneasler|Dire Claw|p1b: Sinistcha\n|-activate|p1b: Sinistcha|move: Protect\n|move|p2b: Blastoise|Water Spout|p1a: Gengar|[spread] \n|-activate|p1a: Gengar|move: Protect\n|-activate|p1b: Sinistcha|move: Protect\n|\n|-heal|p1b: Sinistcha|38/100|[from] item: Leftovers\n|-start|p2a: Sneasler|perish0\n|-start|p2b: Blastoise|perish0\n|faint|p2a: Sneasler\n|faint|p2b: Blastoise\n|upkeep\n|\n|t:|1776114792\n|switch|p2a: Garchomp|Garchomp, L50, F|100/100\n|switch|p2b: Sinistcha|Sinistcha, L50|100/100\n|turn|5\n|inactive|holdingb has 30 seconds left.\n|\n|t:|1776114822\n|move|p2a: Garchomp|Rock Slide|p1b: Sinistcha|[spread] p1a,p1b\n|-damage|p1a: Gengar|77/100\n|-damage|p1b: Sinistcha|22/100\n|move|p1a: Gengar|Perish Song|p1a: Gengar\n|-start|p1a: Gengar|perish3|[silent]\n|-start|p1b: Sinistcha|perish3|[silent]\n|-start|p2a: Garchomp|perish3|[silent]\n|-start|p2b: Sinistcha|perish3|[silent]\n|-fieldactivate|move: Perish Song\n|move|p2b: Sinistcha|Matcha Gotcha|p1b: Sinistcha|[spread] p1b\n|-miss|p2b: Sinistcha|p1a: Gengar\n|-resisted|p1b: Sinistcha|1\n|-damage|p1b: Sinistcha|8/100\n|cant|p1b: Sinistcha|flinch\n|\n|-heal|p1b: Sinistcha|15/100|[from] item: Leftovers\n|-start|p2a: Garchomp|perish3\n|-start|p1a: Gengar|perish3\n|-start|p2b: Sinistcha|perish3\n|-start|p1b: Sinistcha|perish3\n|upkeep\n|turn|6\n|-message|holdingb forfeited.\n|\n|win|SleepyBadBoy\n|raw|SleepyBadBoy's rating: 1352 &rarr; <strong>1377</strong><br />(+25 for winning)\n|raw|holdingb's rating: 1432 &rarr; <strong>1407</strong><br />(-25 for losing)\n|l|\u2606holdingb\n|player|p2|\n|l|\u2606SleepyBadBoy\n|player|p1|\n",
  "uploadtime": 1776114988,
  "views": 29,
  "formatid": "gen9championsvgc2026regma",
  "rating": 1377,
  "private": 0,
  "password": null
}