{
  "id": "gen9championsvgc2026regma-2584238803",
  "format": "[Gen 9 Champions] VGC 2026 Reg M-A",
  "players": [
    "naxo999",
    "RandomGuyInSchool"
  ],
  "log": "|j|\u2606naxo999\n|j|\u2606RandomGuyInSchool\n|t:|1776241917\n|gametype|doubles\n|player|p1|naxo999|phoebe-gen6|1071\n|player|p2|RandomGuyInSchool|schoolkid-gen4|1021\n|gen|9\n|tier|[Gen 9 Champions] VGC 2026 Reg M-A\n|rated|\n|rule|Species Clause: Limit one of each Pok\u00e9mon\n|rule|Item Clause: Limit 1 of each item\n|clearpoke\n|poke|p1|Tyranitar, L50, M|\n|poke|p1|Excadrill, L50, M|\n|poke|p1|Glimmora, L50, M|\n|poke|p1|Incineroar, L50, M|\n|poke|p1|Whimsicott, L50, M|\n|poke|p1|Primarina, L50, M|\n|poke|p2|Incineroar, L50, M|\n|poke|p2|Farigiraf, L50, F|\n|poke|p2|Whimsicott, L50, F|\n|poke|p2|Gengar, L50, F|\n|poke|p2|Rotom-Wash, L50|\n|poke|p2|Decidueye-Hisui, L50, F|\n|teampreview|4\n|inactive|Battle timer is ON: inactive players will automatically lose when time's up. (requested by RandomGuyInSchool)\nRandomGuyInSchool rejected open team sheets.\n|inactive|naxo999 has 60 seconds left.\n|inactive|RandomGuyInSchool has 60 seconds left.\n|\n|t:|1776241970\n|teamsize|p1|4\n|teamsize|p2|4\n|start\n|switch|p1a: Incineroar|Incineroar, L50, M, shiny|100/100\n|switch|p1b: Tyranitar|Tyranitar, L50, M, shiny|100/100\n|switch|p2a: Rotom|Rotom-Wash, L50|100/100\n|switch|p2b: Farigiraf|Farigiraf, L50, F|100/100\n|-ability|p1a: Incineroar|Intimidate|boost\n|-unboost|p2a: Rotom|atk|1\n|-unboost|p2b: Farigiraf|atk|1\n|-weather|Sandstorm|[from] ability: Sand Stream|[of] p1b: Tyranitar\n|turn|1\n|inactive|naxo999 has 30 seconds left.\n|inactive|RandomGuyInSchool has 30 seconds left.\n|inactive|naxo999 has 20 seconds left.\n|inactive|RandomGuyInSchool has 20 seconds left.\n|inactive|naxo999 has 15 seconds left.\n|inactive|RandomGuyInSchool has 15 seconds left.\n|inactive|naxo999 has 10 seconds left.\n|inactive|RandomGuyInSchool has 10 seconds left.\n|inactive|naxo999 has 5 seconds left.\n|\n|t:|1776242025\n|switch|p2b: Incineroar|Incineroar, L50, M|100/100\n|-ability|p2b: Incineroar|Intimidate|boost\n|-unboost|p1a: Incineroar|atk|1\n|-unboost|p1b: Tyranitar|atk|1\n|move|p2a: Rotom|Hydro Pump|p1a: Incineroar\n|-supereffective|p1a: Incineroar|1\n|-damage|p1a: Incineroar|26/100\n|-enditem|p1a: Incineroar|Sitrus Berry|[eat]\n|-heal|p1a: Incineroar|51/100|[from] item: Sitrus Berry\n|move|p1a: Incineroar|Parting Shot|p2a: Rotom\n|-unboost|p2a: Rotom|atk|1\n|-unboost|p2a: Rotom|spa|1\n|\n|t:|1776242040\n|switch|p1a: Glimmora|Glimmora, L50, M, shiny|100/100|[from] Parting Shot\n|move|p1b: Tyranitar|Rock Slide|p2b: Incineroar|[spread] p2b\n|-miss|p1b: Tyranitar|p2a: Rotom\n|-supereffective|p2b: Incineroar|1\n|-damage|p2b: Incineroar|58/100\n|\n|-weather|Sandstorm|[upkeep]\n|-damage|p2a: Rotom|95/100|[from] Sandstorm\n|-damage|p2b: Incineroar|52/100|[from] Sandstorm\n|upkeep\n|turn|2\n|\n|t:|1776242064\n|switch|p2b: Farigiraf|Farigiraf, L50, F|100/100\n|detailschange|p1a: Glimmora|Glimmora-Mega, L50, M, shiny\n|-mega|p1a: Glimmora|Glimmora|Glimmoranite\n|move|p2a: Rotom|Hydro Pump|p1a: Glimmora|[miss]\n|-miss|p2a: Rotom|p1a: Glimmora\n|move|p1a: Glimmora|Energy Ball|p2a: Rotom\n|-supereffective|p2a: Rotom|1\n|-damage|p2a: Rotom|13/100\n|move|p1b: Tyranitar|Rock Slide|p2b: Farigiraf|[spread] p2a,p2b\n|-damage|p2a: Rotom|0 fnt\n|-damage|p2b: Farigiraf|86/100\n|faint|p2a: Rotom\n|\n|-weather|Sandstorm|[upkeep]\n|-damage|p2b: Farigiraf|80/100|[from] Sandstorm\n|upkeep\n|\n|t:|1776242077\n|switch|p2a: Incineroar|Incineroar, L50, M|52/100\n|-ability|p2a: Incineroar|Intimidate|boost\n|-unboost|p1a: Glimmora|atk|1\n|-unboost|p1b: Tyranitar|atk|1\n|turn|3\n|\n|t:|1776242095\n|move|p2a: Incineroar|Fake Out|p1a: Glimmora\n|-resisted|p1a: Glimmora|1\n|-damage|p1a: Glimmora|95/100\n|cant|p1a: Glimmora|flinch\n|move|p1b: Tyranitar|Knock Off|p2b: Farigiraf\n|-supereffective|p2b: Farigiraf|1\n|-crit|p2b: Farigiraf\n|-enditem|p2b: Farigiraf|Colbur Berry|[eat]\n|-enditem|p2b: Farigiraf|Colbur Berry|[weaken]\n|-damage|p2b: Farigiraf|22/100\n|move|p2b: Farigiraf|Trick Room|p2b: Farigiraf\n|-fieldstart|move: Trick Room|[of] p2b: Farigiraf\n|\n|-weather|Sandstorm|[upkeep]\n|-damage|p2b: Farigiraf|15/100|[from] Sandstorm\n|-damage|p2a: Incineroar|46/100|[from] Sandstorm\n|-enditem|p2a: Incineroar|Sitrus Berry|[eat]\n|-heal|p2a: Incineroar|71/100|[from] item: Sitrus Berry\n|upkeep\n|turn|4\n|inactive|naxo999 has 30 seconds left.\n|\n|t:|1776242121\n|switch|p1a: Incineroar|Incineroar, L50, M, shiny|51/100\n|-ability|p1a: Incineroar|Intimidate|boost\n|-unboost|p2a: Incineroar|atk|1\n|-unboost|p2b: Farigiraf|atk|1\n|move|p2b: Farigiraf|Psychic|p1a: Incineroar\n|-immune|p1a: Incineroar\n|move|p2a: Incineroar|Parting Shot|p1b: Tyranitar\n|-unboost|p1b: Tyranitar|atk|1\n|-unboost|p1b: Tyranitar|spa|1\n|\n|t:|1776242125\n|switch|p2a: Decidueye|Decidueye-Hisui, L50, F|100/100|[from] Parting Shot\n|move|p1b: Tyranitar|Rock Slide|p2a: Decidueye|[spread] p2a,p2b\n|-resisted|p2a: Decidueye|1\n|-damage|p2a: Decidueye|94/100\n|-damage|p2b: Farigiraf|7/100\n|\n|-weather|Sandstorm|[upkeep]\n|-damage|p2b: Farigiraf|1/100|[from] Sandstorm\n|-damage|p1a: Incineroar|45/100|[from] Sandstorm\n|-damage|p2a: Decidueye|88/100|[from] Sandstorm\n|upkeep\n|turn|5\n|inactive|naxo999 has 30 seconds left.\n|inactive|naxo999 has 20 seconds left.\n|\n|t:|1776242165\n|switch|p2b: Incineroar|Incineroar, L50, M|71/100\n|-ability|p2b: Incineroar|Intimidate|boost\n|-unboost|p1a: Incineroar|atk|1\n|-unboost|p1b: Tyranitar|atk|1\n|switch|p1b: Glimmora|Glimmora-Mega, L50, M, shiny|95/100\n|move|p1a: Incineroar|Parting Shot|p2a: Decidueye\n|-unboost|p2a: Decidueye|atk|1\n|-unboost|p2a: Decidueye|spa|1\n|\n|t:|1776242176\n|switch|p1a: Tyranitar|Tyranitar, L50, M, shiny|100/100|[from] Parting Shot\n|move|p2a: Decidueye|Triple Arrows|p1a: Tyranitar\n|-supereffective|p1a: Tyranitar|2\n|-damage|p1a: Tyranitar|16/100\n|-unboost|p1a: Tyranitar|def|1\n|\n|-weather|none\n|-heal|p1a: Tyranitar|22/100|[from] item: Leftovers\n|upkeep\n|turn|6\n|inactive|naxo999 has 30 seconds left.\n|\n|t:|1776242202\n|switch|p2a: Farigiraf|Farigiraf, L50, F|1/100\n|move|p1a: Tyranitar|Protect|p1a: Tyranitar\n|-singleturn|p1a: Tyranitar|Protect\n|move|p2b: Incineroar|Parting Shot|p1b: Glimmora\n|-unboost|p1b: Glimmora|atk|1\n|-unboost|p1b: Glimmora|spa|1\n|\n|t:|1776242209\n|switch|p2b: Decidueye|Decidueye-Hisui, L50, F|88/100|[from] Parting Shot\n|move|p1b: Glimmora|Sludge Bomb|p2a: Farigiraf\n|-damage|p2a: Farigiraf|0 fnt\n|faint|p2a: Farigiraf\n|\n|-heal|p1a: Tyranitar|27/100|[from] item: Leftovers\n|upkeep\n|\n|t:|1776242215\n|switch|p2a: Incineroar|Incineroar, L50, M|71/100\n|-ability|p2a: Incineroar|Intimidate|boost\n|-unboost|p1a: Tyranitar|atk|1\n|-unboost|p1b: Glimmora|atk|1\n|turn|7\n|\n|t:|1776242234\n|switch|p1a: Incineroar|Incineroar, L50, M, shiny|45/100\n|-ability|p1a: Incineroar|Intimidate|boost\n|-unboost|p2a: Incineroar|atk|1\n|-fail|p2b: Decidueye|unboost|Attack|[from] ability: Scrappy|[of] p2b: Decidueye\n|move|p2a: Incineroar|Parting Shot|p1b: Glimmora\n|-unboost|p1b: Glimmora|atk|1\n|-unboost|p1b: Glimmora|spa|1\n|move|p2b: Decidueye|Triple Arrows|p1a: Incineroar\n|-supereffective|p1a: Incineroar|1\n|-damage|p1a: Incineroar|0 fnt\n|faint|p1a: Incineroar\n|move|p1b: Glimmora|Sludge Bomb|p2b: Decidueye\n|-supereffective|p2b: Decidueye|1\n|-damage|p2b: Decidueye|15/100\n|\n|-fieldend|move: Trick Room\n|upkeep\n|\n|t:|1776242250\n|switch|p1a: Tyranitar|Tyranitar, L50, M, shiny|27/100\n|-weather|Sandstorm|[from] ability: Sand Stream|[of] p1a: Tyranitar\n|turn|8\n|c|\u2606RandomGuyInSchool|ggwp\n|-message|RandomGuyInSchool forfeited.\n|\n|win|naxo999\n|raw|naxo999's rating: 1071 &rarr; <strong>1096</strong><br />(+25 for winning)\n|raw|RandomGuyInSchool's rating: 1021 &rarr; <strong>1010</strong><br />(-11 for losing)\n|l|\u2606naxo999\n|player|p1|\n",
  "uploadtime": 1776242266,
  "views": 19,
  "formatid": "gen9championsvgc2026regma",
  "rating": 1010,
  "private": 0,
  "password": null
}