{
  "id": "gen9championsvgc2026regma-2586845078",
  "format": "[Gen 9 Champions] VGC 2026 Reg M-A",
  "players": [
    "skibidisigma6741",
    "Codenametony"
  ],
  "log": "|j|\u2606skibidisigma6741\n|j|\u2606Codenametony\n|t:|1776464757\n|gametype|doubles\n|player|p1|skibidisigma6741|2|1216\n|player|p2|Codenametony|juggler|1197\n|gen|9\n|tier|[Gen 9 Champions] VGC 2026 Reg M-A\n|rated|\n|rule|Species Clause: Limit one of each Pok\u00e9mon\n|rule|Item Clause: Limit 1 of each item\n|clearpoke\n|poke|p1|Golurk, L50|\n|poke|p1|Farigiraf, L50, F|\n|poke|p1|Sneasler, L50, F|\n|poke|p1|Venusaur, L50, M|\n|poke|p1|Torkoal, L50, F|\n|poke|p1|Incineroar, L50, F|\n|poke|p2|Aggron, L50, F|\n|poke|p2|Incineroar, L50, F|\n|poke|p2|Sinistcha-Masterpiece, L50|\n|poke|p2|Pelipper, L50, M|\n|poke|p2|Dragonite, L50, F|\n|poke|p2|Basculegion, L50, M|\n|teampreview|4\nskibidisigma6741 has agreed to open team sheets.\n|inactive|Battle timer is ON: inactive players will automatically lose when time's up. (requested by skibidisigma6741)\n|inactive|Codenametony has 60 seconds left.\n|l|\u2606Codenametony\n|inactive|Codenametony disconnected and has a minute to reconnect!\n|player|p2|\n|inactive|Codenametony has 30 seconds left.\n|j|\u2606Codenametony\n|inactive|Codenametony reconnected and has 30 seconds left.\n|player|p2|Codenametony|juggler|\n|inactive|Codenametony has 20 seconds left.\n|inactive|Codenametony has 15 seconds left.\n|\n|t:|1776464895\n|teamsize|p1|4\n|teamsize|p2|4\n|start\n|switch|p1a: Farigiraf|Farigiraf, L50, F|100/100\n|switch|p1b: Incineroar|Incineroar, L50, F|100/100\n|switch|p2a: Pelipper|Pelipper, L50, M|100/100\n|switch|p2b: Incineroar|Incineroar, L50, F|100/100\n|-weather|RainDance|[from] ability: Drizzle|[of] p2a: Pelipper\n|-ability|p1b: Incineroar|Intimidate|boost\n|-unboost|p2a: Pelipper|atk|1\n|-unboost|p2b: Incineroar|atk|1\n|-ability|p2b: Incineroar|Intimidate|boost\n|-unboost|p1a: Farigiraf|atk|1\n|-unboost|p1b: Incineroar|atk|1\n|turn|1\n|inactive|Codenametony has 30 seconds left.\n|inactive|Codenametony has 20 seconds left.\n|\n|t:|1776464931\n|move|p1b: Incineroar|Fake Out|p2b: Incineroar\n|-damage|p2b: Incineroar|96/100\n|move|p2a: Pelipper|Weather Ball|p1b: Incineroar\n|-supereffective|p1b: Incineroar|1\n|-damage|p1b: Incineroar|0 fnt\n|faint|p1b: Incineroar\n|cant|p2b: Incineroar|flinch\n|move|p1a: Farigiraf|Trick Room|p1a: Farigiraf\n|-fieldstart|move: Trick Room|[of] p1a: Farigiraf\n|\n|-weather|RainDance|[upkeep]\n|upkeep\n|\n|t:|1776464940\n|switch|p1b: Torkoal|Torkoal, L50, F|100/100\n|-weather|SunnyDay|[from] ability: Drought|[of] p1b: Torkoal\n|turn|2\n|\n|t:|1776464964\n|switch|p2a: Basculegion|Basculegion, L50, M|100/100\n|move|p1b: Torkoal|Earth Power|p2b: Incineroar\n|-supereffective|p2b: Incineroar|1\n|-damage|p2b: Incineroar|44/100\n|-enditem|p2b: Incineroar|Sitrus Berry|[eat]\n|-heal|p2b: Incineroar|69/100|[from] item: Sitrus Berry\n|move|p1a: Farigiraf|Hyper Voice|p2a: Basculegion|[spread] p2b\n|-immune|p2a: Basculegion\n|-damage|p2b: Incineroar|42/100\n|move|p2b: Incineroar|Darkest Lariat|p1b: Torkoal\n|-damage|p1b: Torkoal|83/100\n|\n|-weather|SunnyDay|[upkeep]\n|upkeep\n|turn|3\n|inactive|skibidisigma6741 has 30 seconds left.\n|inactive|Codenametony has 30 seconds left.\n|\n|t:|1776464993\n|switch|p1b: Venusaur|Venusaur, L50, M|100/100\n|move|p2b: Incineroar|Parting Shot|p1a: Farigiraf\n|-unboost|p1a: Farigiraf|atk|1\n|-unboost|p1a: Farigiraf|spa|1\n|\n|t:|1776465004\n|switch|p2b: Aggron|Aggron, L50, F|100/100|[from] Parting Shot\n|move|p2a: Basculegion|Wave Crash|p1b: Venusaur\n|-resisted|p1b: Venusaur|1\n|-damage|p1b: Venusaur|80/100\n|-damage|p2a: Basculegion|94/100|[from] Recoil\n|move|p1a: Farigiraf|Trick Room|p1a: Farigiraf\n|-fieldend|move: Trick Room\n|\n|-weather|SunnyDay|[upkeep]\n|-heal|p1b: Venusaur|86/100|[from] item: Leftovers\n|upkeep\n|turn|4\n|inactive|Codenametony has 30 seconds left.\n|inactive|skibidisigma6741 has 30 seconds left.\n|inactive|Codenametony has 20 seconds left.\n|inactive|Codenametony has 15 seconds left.\n|inactive|Codenametony has 10 seconds left.\n|inactive|Codenametony has 5 seconds left.\n|\n|t:|1776465058\n|switch|p2b: Incineroar|Incineroar, L50, F|42/100\n|-ability|p2b: Incineroar|Intimidate|boost\n|-unboost|p1a: Farigiraf|atk|1\n|-unboost|p1b: Venusaur|atk|1\n|move|p2a: Basculegion|Protect|p2a: Basculegion\n|-singleturn|p2a: Basculegion|Protect\n|move|p1b: Venusaur|Sleep Powder|p2a: Basculegion\n|-activate|p2a: Basculegion|move: Protect\n|move|p1a: Farigiraf|Psychic|p2a: Basculegion\n|-activate|p2a: Basculegion|move: Protect\n|\n|-weather|SunnyDay|[upkeep]\n|-heal|p1b: Venusaur|91/100|[from] item: Leftovers\n|upkeep\n|turn|5\n|inactive|Codenametony has 30 seconds left.\n|\n|t:|1776465089\n|switch|p2b: Pelipper|Pelipper, L50, M|100/100\n|-weather|RainDance|[from] ability: Drizzle|[of] p2b: Pelipper\n|move|p2a: Basculegion|Wave Crash|p1a: Farigiraf\n|-damage|p1a: Farigiraf|5/100\n|-damage|p2a: Basculegion|58/100|[from] Recoil\n|move|p1b: Venusaur|Sleep Powder|p2a: Basculegion\n|-status|p2a: Basculegion|slp|[from] move: Sleep Powder\n|move|p1a: Farigiraf|Hyper Voice|p2b: Pelipper|[spread] p2b\n|-immune|p2a: Basculegion\n|-damage|p2b: Pelipper|69/100\n|\n|-weather|RainDance|[upkeep]\n|-heal|p1b: Venusaur|97/100|[from] item: Leftovers\n|upkeep\n|turn|6\n|\n|t:|1776465106\n|switch|p1a: Torkoal|Torkoal, L50, F|83/100\n|-weather|SunnyDay|[from] ability: Drought|[of] p1a: Torkoal\n|move|p1b: Venusaur|Sleep Powder|p2b: Pelipper|[miss]\n|-miss|p1b: Venusaur|p2b: Pelipper\n|move|p2b: Pelipper|Weather Ball|p1b: Venusaur\n|-supereffective|p1b: Venusaur|1\n|-damage|p1b: Venusaur|14/100\n|cant|p2a: Basculegion|slp\n|\n|-weather|SunnyDay|[upkeep]\n|-heal|p1b: Venusaur|20/100|[from] item: Leftovers\n|upkeep\n|turn|7\n|c|\u2606skibidisigma6741|fck\n|inactive|Codenametony has 30 seconds left.\n|\n|t:|1776465132\n|move|p1b: Venusaur|Sleep Powder|p2b: Pelipper|[miss]\n|-miss|p1b: Venusaur|p2b: Pelipper\n|move|p2b: Pelipper|Weather Ball|p1b: Venusaur\n|-supereffective|p1b: Venusaur|1\n|-damage|p1b: Venusaur|0 fnt\n|faint|p1b: Venusaur\n|cant|p2a: Basculegion|slp\n|move|p1a: Torkoal|Eruption|p2b: Pelipper|[spread] p2a,p2b\n|-resisted|p2a: Basculegion|1\n|-resisted|p2b: Pelipper|1\n|-damage|p2a: Basculegion|15/100 slp\n|-damage|p2b: Pelipper|4/100\n|\n|-weather|SunnyDay|[upkeep]\n|upkeep\n|c|\u2606skibidisigma6741|gg\n|-message|skibidisigma6741 forfeited.\n|\n|win|Codenametony\n|raw|skibidisigma6741's rating: 1216 &rarr; <strong>1190</strong><br />(-26 for losing)\n|raw|Codenametony's rating: 1197 &rarr; <strong>1223</strong><br />(+26 for winning)\n",
  "uploadtime": 1776465141,
  "views": 24,
  "formatid": "gen9championsvgc2026regma",
  "rating": 1190,
  "private": 0,
  "password": null
}