{
  "id": "gen9championsvgc2026regma-2583342091",
  "format": "[Gen 9 Champions] VGC 2026 Reg M-A",
  "players": [
    "bhoppe",
    "yukidagoatt"
  ],
  "log": "|j|\u2606bhoppe\n|j|\u2606yukidagoatt\n|t:|1776168547\n|gametype|doubles\n|player|p1|bhoppe|169|1095\n|player|p2|yukidagoatt|1|1099\n|gen|9\n|tier|[Gen 9 Champions] VGC 2026 Reg M-A\n|rated|\n|rule|Species Clause: Limit one of each Pok\u00e9mon\n|rule|Item Clause: Limit 1 of each item\n|clearpoke\n|poke|p1|Lucario, L50, M|\n|poke|p1|Farigiraf, L50, M|\n|poke|p1|Primarina, L50, M|\n|poke|p1|Incineroar, L50, M|\n|poke|p1|Maushold, L50|\n|poke|p1|Aerodactyl, L50, M|\n|poke|p2|Gardevoir, L50, F|\n|poke|p2|Greninja-*, L50, M|\n|poke|p2|Garchomp, L50, M|\n|poke|p2|Incineroar, L50, M|\n|poke|p2|Talonflame, L50, F|\n|poke|p2|Ninetales-Alola, L50, M|\n|teampreview|4\n|inactive|Battle timer is ON: inactive players will automatically lose when time's up. (requested by yukidagoatt)\n|inactive|bhoppe also wants the timer to be on.\n|inactive|yukidagoatt has 60 seconds left.\n|\n|t:|1776168597\n|teamsize|p1|4\n|teamsize|p2|4\n|start\n|switch|p1a: Incineroar|Incineroar, L50, M|100/100\n|switch|p1b: Lucario|Lucario, L50, M|100/100\n|switch|p2a: Incineroar|Incineroar, L50, M|100/100\n|switch|p2b: Talonflame|Talonflame, L50, F|100/100\n|-ability|p2a: Incineroar|Intimidate|boost\n|-unboost|p1a: Incineroar|atk|1\n|-fail|p1b: Lucario|unboost|Attack|[from] ability: Inner Focus|[of] p1b: Lucario\n|-ability|p1a: Incineroar|Intimidate|boost\n|-unboost|p2a: Incineroar|atk|1\n|-unboost|p2b: Talonflame|atk|1\n|turn|1\n|inactive|bhoppe has 30 seconds left.\n|\n|t:|1776168626\n|switch|p1b: Primarina|Primarina, L50, M|100/100\n|move|p2b: Talonflame|Quick Guard|p2b: Talonflame\n|-singleturn|p2b: Talonflame|Quick Guard\n|move|p2a: Incineroar|Fake Out|p1b: Primarina\n|-damage|p1b: Primarina|92/100\n|move|p1a: Incineroar|Fake Out|p2b: Talonflame\n|-activate|p2b: Talonflame|move: Quick Guard\n|\n|-heal|p1b: Primarina|98/100|[from] item: Leftovers\n|upkeep\n|turn|2\n|inactive|bhoppe has 30 seconds left.\n|\n|t:|1776168656\n|move|p2b: Talonflame|Tailwind|p2b: Talonflame\n|-sidestart|p2: yukidagoatt|move: Tailwind\n|move|p2a: Incineroar|Parting Shot|p1b: Primarina\n|-unboost|p1b: Primarina|atk|1\n|-unboost|p1b: Primarina|spa|1\n|\n|t:|1776168663\n|switch|p2a: Greninja|Greninja, L50, M, shiny|100/100|[from] Parting Shot\n|move|p1a: Incineroar|Parting Shot|p2a: Greninja\n|-unboost|p2a: Greninja|atk|1\n|-unboost|p2a: Greninja|spa|1\n|\n|t:|1776168672\n|switch|p1a: Aerodactyl|Aerodactyl, L50, M|100/100|[from] Parting Shot\n|-ability|p1a: Aerodactyl|Unnerve\n|move|p1b: Primarina|Hyper Voice|p2b: Talonflame|[spread] p2a,p2b\n|-resisted|p2a: Greninja|1\n|-supereffective|p2b: Talonflame|1\n|-damage|p2a: Greninja|84/100\n|-damage|p2b: Talonflame|39/100\n|\n|-heal|p1b: Primarina|100/100|[from] item: Leftovers\n|upkeep\n|turn|3\n|inactive|bhoppe has 30 seconds left.\n|\n|t:|1776168700\n|switch|p2a: Incineroar|Incineroar, L50, M|100/100\n|-ability|p2a: Incineroar|Intimidate|boost\n|-unboost|p1a: Aerodactyl|atk|1\n|-unboost|p1b: Primarina|atk|1\n|move|p1b: Primarina|Protect|p1b: Primarina\n|-singleturn|p1b: Primarina|Protect\n|move|p2b: Talonflame|Dual Wingbeat|p1b: Primarina\n|-activate|p1b: Primarina|move: Protect\n|move|p1a: Aerodactyl|Rock Slide|p2b: Talonflame|[spread] p2a,p2b\n|-supereffective|p2a: Incineroar|1\n|-supereffective|p2b: Talonflame|2\n|-damage|p2a: Incineroar|73/100\n|-damage|p2b: Talonflame|0 fnt\n|faint|p2b: Talonflame\n|\n|upkeep\n|\n|t:|1776168714\n|switch|p2b: Greninja|Greninja, L50, M, shiny|84/100\n|turn|4\n|\n|t:|1776168727\n|switch|p1b: Incineroar|Incineroar, L50, M|100/100\n|-ability|p1b: Incineroar|Intimidate|boost\n|-unboost|p2a: Incineroar|atk|1\n|-unboost|p2b: Greninja|atk|1\n|detailschange|p2b: Greninja|Greninja-Mega, L50, M, shiny\n|-mega|p2b: Greninja|Greninja|Greninjite\n|move|p2a: Incineroar|Fake Out|p1b: Incineroar\n|-damage|p1b: Incineroar|94/100\n|move|p2b: Greninja|Blizzard|p1a: Aerodactyl|[spread] p1a,p1b\n|-start|p2b: Greninja|typechange|Ice|[from] ability: Protean\n|-supereffective|p1a: Aerodactyl|1\n|-resisted|p1b: Incineroar|1\n|-enditem|p1a: Aerodactyl|Focus Sash\n|-damage|p1a: Aerodactyl|1/100\n|-damage|p1b: Incineroar|76/100\n|-status|p1a: Aerodactyl|frz\n|-status|p1b: Incineroar|frz\n|cant|p1a: Aerodactyl|frz\n|\n|upkeep\n|turn|5\n|inactive|bhoppe has 30 seconds left.\n|inactive|yukidagoatt has 30 seconds left.\n|inactive|yukidagoatt has 20 seconds left.\n|inactive|yukidagoatt has 15 seconds left.\n|inactive|yukidagoatt has 10 seconds left.\n|\n|t:|1776168773\n|cant|p1b: Incineroar|frz\n|move|p2b: Greninja|Water Shuriken|p1a: Aerodactyl\n|-supereffective|p1a: Aerodactyl|1\n|-damage|p1a: Aerodactyl|0 fnt\n|faint|p1a: Aerodactyl\n|-hitcount|p1: Aerodactyl|1\n|move|p2a: Incineroar|Parting Shot|p1b: Incineroar\n|-unboost|p1b: Incineroar|atk|1\n|-unboost|p1b: Incineroar|spa|1\n|c|\u2606bhoppe|gg\n|\n|t:|1776168786\n|switch|p2a: Garchomp|Garchomp, L50, M|100/100|[from] Parting Shot\n|\n|-sideend|p2: yukidagoatt|move: Tailwind\n|upkeep\n|\n|t:|1776168793\n|switch|p1a: Lucario|Lucario, L50, M|100/100\n|turn|6\n|inactive|bhoppe has 30 seconds left.\n|inactive|bhoppe has 20 seconds left.\n|\n|t:|1776168832\n|switch|p1b: Primarina|Primarina, L50, M|100/100\n|detailschange|p1a: Lucario|Lucario-Mega, L50, M\n|-mega|p1a: Lucario|Lucario|Lucarionite\n|move|p2b: Greninja|Protect|p2b: Greninja\n|-singleturn|p2b: Greninja|Protect\n|move|p1a: Lucario|Meteor Mash|p2b: Greninja\n|-activate|p2b: Greninja|move: Protect\n|move|p2a: Garchomp|Earthquake|p1a: Lucario|[spread] p1a,p1b\n|-activate|p2b: Greninja|move: Protect\n|-supereffective|p1a: Lucario|1\n|-damage|p1a: Lucario|0 fnt\n|-damage|p1b: Primarina|59/100\n|faint|p1a: Lucario\n|\n|-heal|p1b: Primarina|65/100|[from] item: Leftovers\n|upkeep\n|\n|t:|1776168847\n|switch|p1a: Incineroar|Incineroar, L50, M|76/100 frz\n|-ability|p1a: Incineroar|Intimidate|boost\n|-unboost|p2a: Garchomp|atk|1\n|-unboost|p2b: Greninja|atk|1\n|-enditem|p2a: Garchomp|White Herb\n|-clearnegativeboost|p2a: Garchomp|[silent]\n|turn|7\n|\n|t:|1776168863\n|move|p2b: Greninja|Blizzard|p1a: Incineroar|[spread] p1b\n|-miss|p2b: Greninja|p1a: Incineroar\n|-resisted|p1b: Primarina|1\n|-crit|p1b: Primarina\n|-damage|p1b: Primarina|39/100\n|move|p2a: Garchomp|Earthquake|p1a: Incineroar|[spread] p2b,p1a,p1b\n|-supereffective|p1a: Incineroar|1\n|-damage|p2b: Greninja|33/100\n|-damage|p1a: Incineroar|4/100 frz\n|-damage|p1b: Primarina|0 fnt\n|-enditem|p1a: Incineroar|Sitrus Berry|[eat]\n|-heal|p1a: Incineroar|29/100 frz|[from] item: Sitrus Berry\n|faint|p1b: Primarina\n|-curestatus|p1a: Incineroar|frz|[from] move: Flare Blitz\n|move|p1a: Incineroar|Flare Blitz|p2b: Greninja\n|-supereffective|p2b: Greninja|1\n|-damage|p2b: Greninja|0 fnt\n|faint|p2b: Greninja\n|-damage|p1a: Incineroar|21/100|[from] Recoil\n|\n|upkeep\n|-message|bhoppe forfeited.\n|\n|win|yukidagoatt\n|raw|bhoppe's rating: 1095 &rarr; <strong>1071</strong><br />(-24 for losing)\n|raw|yukidagoatt's rating: 1099 &rarr; <strong>1124</strong><br />(+25 for winning)\n|l|\u2606bhoppe\n|player|p1|\n",
  "uploadtime": 1776168894,
  "views": 15,
  "formatid": "gen9championsvgc2026regma",
  "rating": 1071,
  "private": 0,
  "password": null
}