{
  "id": "gen9championsvgc2026regma-2588923647",
  "format": "[Gen 9 Champions] VGC 2026 Reg M-A",
  "players": [
    "Vala_96",
    "jewstein7"
  ],
  "log": "|j|\u2606Vala_96\n|j|\u2606jewstein7\n|t:|1776686297\n|gametype|doubles\n|player|p1|Vala_96|lance|1107\n|player|p2|jewstein7|2|1158\n|gen|9\n|tier|[Gen 9 Champions] VGC 2026 Reg M-A\n|rated|\n|rule|Species Clause: Limit one of each Pok\u00e9mon\n|rule|Item Clause: Limit 1 of each item\n|clearpoke\n|poke|p1|Garchomp, L50, M|\n|poke|p1|Dragonite, L50, F|\n|poke|p1|Pelipper, L50, M|\n|poke|p1|Aerodactyl, L50, M|\n|poke|p1|Sableye, L50, M|\n|poke|p1|Lucario, L50, M|\n|poke|p2|Goodra-Hisui, L50, M|\n|poke|p2|Aggron, L50, F|\n|poke|p2|Meganium, L50, F|\n|poke|p2|Incineroar, L50, F|\n|poke|p2|Farigiraf, L50, F|\n|poke|p2|Pelipper, L50, F|\n|teampreview|4\n|inactive|Battle timer is ON: inactive players will automatically lose when time's up. (requested by Vala_96)\n|\n|t:|1776686312\n|teamsize|p1|4\n|teamsize|p2|4\n|start\n|switch|p1a: Dragonite|Dragonite, L50, F|100/100\n|switch|p1b: Pelipper|Pelipper, L50, M|100/100\n|switch|p2a: Farigiraf|Farigiraf, L50, F|100/100\n|switch|p2b: Aggron|Aggron, L50, F|100/100\n|-weather|RainDance|[from] ability: Drizzle|[of] p1b: Pelipper\n|turn|1\n|\n|t:|1776686325\n|detailschange|p1a: Dragonite|Dragonite-Mega, L50, F\n|-mega|p1a: Dragonite|Dragonite|Dragoninite\n|move|p1a: Dragonite|Hurricane|p2b: Aggron\n|-resisted|p2b: Aggron|2\n|-damage|p2b: Aggron|72/100\n|move|p1b: Pelipper|Tailwind|p1b: Pelipper\n|-sidestart|p1: Vala_96|move: Tailwind\n|move|p2b: Aggron|Rock Slide|p1a: Dragonite|[spread] p1a,p1b\n|-supereffective|p1a: Dragonite|1\n|-supereffective|p1b: Pelipper|1\n|-damage|p1a: Dragonite|74/100\n|-damage|p1b: Pelipper|39/100\n|move|p2a: Farigiraf|Trick Room|p2a: Farigiraf\n|-fieldstart|move: Trick Room|[of] p2a: Farigiraf\n|\n|-weather|RainDance|[upkeep]\n|-heal|p1b: Pelipper|45/100|[from] item: Leftovers\n|upkeep\n|turn|2\n|\n|t:|1776686341\n|move|p2a: Farigiraf|Helping Hand|p2b: Aggron\n|-singleturn|p2b: Aggron|Helping Hand|[of] p2a: Farigiraf\n|move|p2b: Aggron|Rock Slide|p1a: Dragonite|[spread] p1a,p1b\n|-supereffective|p1a: Dragonite|1\n|-supereffective|p1b: Pelipper|1\n|-damage|p1a: Dragonite|0 fnt\n|-damage|p1b: Pelipper|0 fnt\n|faint|p1a: Dragonite\n|faint|p1b: Pelipper\n|\n|-weather|RainDance|[upkeep]\n|upkeep\n|\n|t:|1776686347\n|switch|p1b: Garchomp|Garchomp, L50, M|100/100\n|switch|p1a: Aerodactyl|Aerodactyl, L50, M|100/100\n|turn|3\n|\n|t:|1776686359\n|move|p2a: Farigiraf|Helping Hand|p2b: Aggron\n|-singleturn|p2b: Aggron|Helping Hand|[of] p2a: Farigiraf\n|move|p2b: Aggron|Rock Slide|p1b: Garchomp|[spread] p1a,p1b\n|-supereffective|p1a: Aerodactyl|1\n|-resisted|p1b: Garchomp|1\n|-damage|p1a: Aerodactyl|0 fnt\n|-damage|p1b: Garchomp|78/100\n|faint|p1a: Aerodactyl\n|cant|p1b: Garchomp|flinch\n|\n|-weather|RainDance|[upkeep]\n|upkeep\n|turn|4\n|\n|t:|1776686373\n|move|p2b: Aggron|Body Press|p1b: Garchomp\n|-damage|p1b: Garchomp|45/100\n|-damage|p2b: Aggron|60/100|[from] ability: Rough Skin|[of] p1b: Garchomp\n|move|p2a: Farigiraf|Psychic Noise|p1b: Garchomp\n|-damage|p1b: Garchomp|12/100\n|-start|p1b: Garchomp|move: Heal Block\n|move|p1b: Garchomp|Earthquake|p2b: Aggron|[spread] p2a,p2b\n|-supereffective|p2b: Aggron|2\n|-damage|p2a: Farigiraf|71/100\n|-damage|p2b: Aggron|0 fnt\n|faint|p2b: Aggron\n|\n|-weather|RainDance|[upkeep]\n|-sideend|p1: Vala_96|move: Tailwind\n|upkeep\n|\n|t:|1776686381\n|switch|p2b: Meganium|Meganium, L50, F|100/100\n|turn|5\n|\n|t:|1776686386\n|detailschange|p2b: Meganium|Meganium-Mega, L50, F\n|-mega|p2b: Meganium|Meganium|Meganiumite\n|move|p2a: Farigiraf|Psychic Noise|p1b: Garchomp\n|-damage|p1b: Garchomp|0 fnt\n|faint|p1b: Garchomp\n|\n|win|jewstein7\n|raw|Vala_96's rating: 1107 &rarr; <strong>1086</strong><br />(-21 for losing)\n|raw|jewstein7's rating: 1158 &rarr; <strong>1179</strong><br />(+21 for winning)\n|l|\u2606Vala_96\n|player|p1|\n",
  "uploadtime": 1776686413,
  "views": 6,
  "formatid": "gen9championsvgc2026regma",
  "rating": 1086,
  "private": 0,
  "password": null
}