{
  "id": "gen9championsvgc2026regma-2581857950",
  "format": "[Gen 9 Champions] VGC 2026 Reg M-A",
  "players": [
    "EagleWizard",
    "SimMikaze"
  ],
  "log": "|j|\u2606EagleWizard\n|j|\u2606SimMikaze\n|t:|1776034248\n|gametype|doubles\n|player|p1|EagleWizard|169|1241\n|player|p2|SimMikaze|miku-ghost|1329\n|gen|9\n|tier|[Gen 9 Champions] VGC 2026 Reg M-A\n|rated|\n|rule|Species Clause: Limit one of each Pok\u00e9mon\n|rule|Item Clause: Limit 1 of each item\n|clearpoke\n|poke|p1|Sneasler, L50, F|\n|poke|p1|Rotom-Heat, L50|\n|poke|p1|Incineroar, L50, M|\n|poke|p1|Kangaskhan, L50, F|\n|poke|p1|Gyarados, L50, M|\n|poke|p1|Sinistcha, L50|\n|poke|p2|Hawlucha, L50, M|\n|poke|p2|Snorlax, L50, M|\n|poke|p2|Floette-Eternal, L50, F|\n|poke|p2|Incineroar, L50, M|\n|poke|p2|Sinistcha, L50|\n|poke|p2|Basculegion, L50, M|\n|teampreview|4\n|inactive|Battle timer is ON: inactive players will automatically lose when time's up. (requested by SimMikaze)\n|\n|t:|1776034293\n|teamsize|p1|4\n|teamsize|p2|4\n|start\n|switch|p1a: Sneasler|Sneasler, L50, F|100/100\n|switch|p1b: Kangaskhan|Kangaskhan, L50, F|100/100\n|switch|p2a: Hawlucha|Hawlucha, L50, M|100/100\n|switch|p2b: Snorlax|Snorlax, L50, M|100/100\n|turn|1\n|inactive|EagleWizard has 30 seconds left.\n|\n|t:|1776034328\n|detailschange|p1b: Kangaskhan|Kangaskhan-Mega, L50, F\n|-mega|p1b: Kangaskhan|Kangaskhan|Kangaskhanite\n|move|p2a: Hawlucha|Protect|p2a: Hawlucha\n|-singleturn|p2a: Hawlucha|Protect\n|move|p2b: Snorlax|Protect|p2b: Snorlax\n|-singleturn|p2b: Snorlax|Protect\n|move|p1b: Kangaskhan|Fake Out|p2a: Hawlucha\n|-activate|p2a: Hawlucha|move: Protect\n|move|p1a: Sneasler|Coaching|p1b: Kangaskhan\n|-boost|p1b: Kangaskhan|atk|1\n|-boost|p1b: Kangaskhan|def|1\n|\n|upkeep\n|turn|2\n|inactive|SimMikaze has 30 seconds left.\n|inactive|SimMikaze has 20 seconds left.\n|\n|t:|1776034367\n|detailschange|p2a: Hawlucha|Hawlucha-Mega, L50, M\n|-mega|p2a: Hawlucha|Hawlucha|Hawluchanite\n|move|p2a: Hawlucha|Entrainment|p2b: Snorlax\n|-ability|p2b: Snorlax|No Guard|Thick Fat|[from] move: Entrainment|[of] p2a: Hawlucha\n|move|p1a: Sneasler|Close Combat|p2b: Snorlax\n|-supereffective|p2b: Snorlax|1\n|-damage|p2b: Snorlax|12/100\n|-unboost|p1a: Sneasler|def|1\n|-unboost|p1a: Sneasler|spd|1\n|move|p1b: Kangaskhan|Body Slam|p2a: Hawlucha\n|-damage|p2a: Hawlucha|30/100\n|-damage|p2a: Hawlucha|13/100\n|-hitcount|p2a: Hawlucha|2\n|move|p2b: Snorlax|Fissure|p1b: Kangaskhan\n|-damage|p1b: Kangaskhan|0 fnt\n|faint|p1b: Kangaskhan\n|-ohko\n|\n|-heal|p2b: Snorlax|18/100|[from] item: Leftovers\n|upkeep\n|\n|t:|1776034391\n|switch|p1b: Gyarados|Gyarados, L50, M|100/100\n|-ability|p1b: Gyarados|Intimidate|boost\n|-unboost|p2a: Hawlucha|atk|1\n|-unboost|p2b: Snorlax|atk|1\n|turn|3\n|inactive|SimMikaze has 30 seconds left.\n|\n|t:|1776034423\n|switch|p2a: Sinistcha|Sinistcha, L50, shiny|100/100\n|-heal|p2b: Snorlax|43/100|[from] ability: Hospitality|[of] p2a: Sinistcha\n|move|p2b: Snorlax|Protect|p2b: Snorlax\n|-singleturn|p2b: Snorlax|Protect\n|move|p1a: Sneasler|Dire Claw|p2a: Sinistcha\n|-damage|p2a: Sinistcha|63/100\n|move|p1b: Gyarados|Waterfall|p2b: Snorlax\n|-activate|p2b: Snorlax|move: Protect\n|\n|-heal|p2b: Snorlax|49/100|[from] item: Leftovers\n|upkeep\n|turn|4\n|\n|t:|1776034446\n|move|p2a: Sinistcha|Rage Powder|p2a: Sinistcha\n|-singleturn|p2a: Sinistcha|move: Rage Powder\n|move|p1a: Sneasler|Dire Claw|p2a: Sinistcha\n|-damage|p2a: Sinistcha|27/100\n|-enditem|p2a: Sinistcha|Sitrus Berry|[eat]\n|-heal|p2a: Sinistcha|52/100|[from] item: Sitrus Berry\n|move|p1b: Gyarados|Waterfall|p2a: Sinistcha\n|-resisted|p2a: Sinistcha|1\n|-damage|p2a: Sinistcha|33/100\n|move|p2b: Snorlax|Fissure|p1a: Sneasler\n|-enditem|p1a: Sneasler|Focus Sash\n|-damage|p1a: Sneasler|1/100\n|\n|-heal|p2b: Snorlax|55/100|[from] item: Leftovers\n|upkeep\n|turn|5\n|\n|t:|1776034468\n|move|p2a: Sinistcha|Rage Powder|p2a: Sinistcha\n|-singleturn|p2a: Sinistcha|move: Rage Powder\n|move|p1a: Sneasler|Dire Claw|p2a: Sinistcha\n|-damage|p2a: Sinistcha|0 fnt\n|faint|p2a: Sinistcha\n|move|p1b: Gyarados|Waterfall|p2b: Snorlax\n|-damage|p2b: Snorlax|26/100\n|move|p2b: Snorlax|Fissure|p1a: Sneasler\n|-damage|p1a: Sneasler|0 fnt\n|faint|p1a: Sneasler\n|-ohko\n|\n|-heal|p2b: Snorlax|32/100|[from] item: Leftovers\n|upkeep\n|\n|t:|1776034481\n|switch|p1a: Sinistcha|Sinistcha, L50|100/100\n|switch|p2a: Hawlucha|Hawlucha-Mega, L50, M|13/100\n|turn|6\n|inactive|EagleWizard has 30 seconds left.\n|inactive|SimMikaze has 30 seconds left.\n|inactive|SimMikaze has 20 seconds left.\n|\n|t:|1776034517\n|move|p2a: Hawlucha|Brave Bird|p1a: Sinistcha\n|-supereffective|p1a: Sinistcha|1\n|-damage|p1a: Sinistcha|0 fnt\n|faint|p1a: Sinistcha\n|-damage|p2a: Hawlucha|0 fnt|[from] Recoil\n|faint|p2a: Hawlucha\n|move|p1b: Gyarados|Waterfall|p2b: Snorlax\n|-damage|p2b: Snorlax|0 fnt\n|faint|p2b: Snorlax\n|\n|upkeep\n|\n|t:|1776034525\n|switch|p2b: Basculegion|Basculegion, L50, M|100/100\n|turn|7\n|\n|t:|1776034549\n|move|p2b: Basculegion|Last Respects|p1b: Gyarados\n|-damage|p1b: Gyarados|0 fnt\n|faint|p1b: Gyarados\n|\n|win|SimMikaze\n|raw|EagleWizard's rating: 1241 &rarr; <strong>1222</strong><br />(-19 for losing)\n|raw|SimMikaze's rating: 1329 &rarr; <strong>1344</strong><br />(+15 for winning)\n",
  "uploadtime": 1776034552,
  "views": 17,
  "formatid": "gen9championsvgc2026regma",
  "rating": 1222,
  "private": 0,
  "password": null
}