{
  "id": "gen9championsvgc2026regma-2588137744",
  "format": "[Gen 9 Champions] VGC 2026 Reg M-A",
  "players": [
    "slothgameplay",
    "Loaer"
  ],
  "log": "|j|\u2606slothgameplay\n|j|\u2606Loaer\n|t:|1776608170\n|gametype|doubles\n|player|p1|slothgameplay|169|1125\n|player|p2|Loaer|veteran|1092\n|gen|9\n|tier|[Gen 9 Champions] VGC 2026 Reg M-A\n|rated|\n|rule|Species Clause: Limit one of each Pok\u00e9mon\n|rule|Item Clause: Limit 1 of each item\n|clearpoke\n|poke|p1|Gengar, L50, M, shiny|\n|poke|p1|Incineroar, L50, F|\n|poke|p1|Sinistcha-Masterpiece, L50|\n|poke|p1|Aegislash, L50, F|\n|poke|p1|Tyranitar, L50, F|\n|poke|p1|Kommo-o, L50, F|\n|poke|p2|Farigiraf, L50, M|\n|poke|p2|Blastoise, L50, F|\n|poke|p2|Mimikyu, L50, M|\n|poke|p2|Camerupt, L50, M|\n|poke|p2|Decidueye-Hisui, L50, F|\n|poke|p2|Orthworm, L50, F|\n|teampreview|4\n|\n|t:|1776608232\n|teamsize|p1|4\n|teamsize|p2|4\n|start\n|switch|p1a: Tyranitar|Tyranitar, L50, F|100/100\n|switch|p1b: Incineroar|Incineroar, L50, F|100/100\n|switch|p2a: Mimikyu|Mimikyu, L50, M|100/100\n|switch|p2b: Blastoise|Blastoise, L50, F|100/100\n|-weather|Sandstorm|[from] ability: Sand Stream|[of] p1a: Tyranitar\n|-ability|p1b: Incineroar|Intimidate|boost\n|-unboost|p2a: Mimikyu|atk|1\n|-unboost|p2b: Blastoise|atk|1\n|turn|1\n|\n|t:|1776608254\n|detailschange|p2b: Blastoise|Blastoise-Mega, L50, F\n|-mega|p2b: Blastoise|Blastoise|Blastoisinite\n|detailschange|p1a: Tyranitar|Tyranitar-Mega, L50, F\n|-mega|p1a: Tyranitar|Tyranitar|Tyranitarite\n|move|p2b: Blastoise|Protect|p2b: Blastoise\n|-singleturn|p2b: Blastoise|Protect\n|move|p1a: Tyranitar|Rock Slide|p2b: Blastoise|[spread] p2a\n|-activate|p2b: Blastoise|move: Protect\n|-activate|p2a: Mimikyu|ability: Disguise\n|-damage|p2a: Mimikyu|100/100\n|detailschange|p2a: Mimikyu|Mimikyu-Busted, L50, M\n|-damage|p2a: Mimikyu|88/100|[from] pokemon: Mimikyu-Busted\n|move|p1b: Incineroar|Throat Chop|p2a: Mimikyu\n|-damage|p2a: Mimikyu|49/100\n|-start|p2a: Mimikyu|Throat Chop|[silent]\n|cant|p2a: Mimikyu|flinch\n|\n|-weather|Sandstorm|[upkeep]\n|-damage|p2a: Mimikyu|43/100|[from] Sandstorm\n|-damage|p2b: Blastoise|95/100|[from] Sandstorm\n|-damage|p1b: Incineroar|95/100|[from] Sandstorm\n|upkeep\n|turn|2\n|\n|t:|1776608282\n|move|p1a: Tyranitar|Rock Slide|p2a: Mimikyu|[spread] p2a,p2b\n|-damage|p2a: Mimikyu|0 fnt\n|-damage|p2b: Blastoise|66/100\n|faint|p2a: Mimikyu\n|cant|p2b: Blastoise|flinch\n|move|p1b: Incineroar|Parting Shot|p2b: Blastoise\n|-unboost|p2b: Blastoise|atk|1\n|-unboost|p2b: Blastoise|spa|1\n|\n|t:|1776608291\n|switch|p1b: Kommo-o|Kommo-o, L50, F|100/100|[from] Parting Shot\n|\n|-weather|Sandstorm|[upkeep]\n|-damage|p1b: Kommo-o|95/100|[from] Sandstorm\n|-damage|p2b: Blastoise|60/100|[from] Sandstorm\n|-heal|p1b: Kommo-o|100/100|[from] item: Leftovers\n|upkeep\n|\n|t:|1776608299\n|switch|p2a: Decidueye|Decidueye-Hisui, L50, F|100/100\n|turn|3\n|\n|t:|1776608321\n|switch|p2b: Orthworm|Orthworm, L50, F|100/100\n|move|p1a: Tyranitar|Protect|p1a: Tyranitar\n|-singleturn|p1a: Tyranitar|Protect\n|move|p1b: Kommo-o|Clangorous Soul|p1b: Kommo-o\n|-boost|p1b: Kommo-o|atk|1\n|-boost|p1b: Kommo-o|def|1\n|-boost|p1b: Kommo-o|spa|1\n|-boost|p1b: Kommo-o|spd|1\n|-boost|p1b: Kommo-o|spe|1\n|-damage|p1b: Kommo-o|68/100\n|move|p2a: Decidueye|Triple Arrows|p1a: Tyranitar\n|-activate|p1a: Tyranitar|move: Protect\n|\n|-weather|Sandstorm|[upkeep]\n|-damage|p1b: Kommo-o|62/100|[from] Sandstorm\n|-damage|p2a: Decidueye|94/100|[from] Sandstorm\n|-heal|p1b: Kommo-o|68/100|[from] item: Leftovers\n|upkeep\n|turn|4\n|\n|t:|1776608347\n|switch|p1a: Sinistcha|Sinistcha-Masterpiece, L50|100/100\n|-heal|p1b: Kommo-o|93/100|[from] ability: Hospitality|[of] p1a: Sinistcha\n|move|p1b: Kommo-o|Aura Sphere|p2b: Orthworm\n|-supereffective|p2b: Orthworm|1\n|-damage|p2b: Orthworm|0 fnt\n|faint|p2b: Orthworm\n|move|p2a: Decidueye|Triple Arrows|p1a: Sinistcha\n|-damage|p1a: Sinistcha|57/100\n|-unboost|p1a: Sinistcha|def|1\n|\n|-weather|Sandstorm|[upkeep]\n|-damage|p1b: Kommo-o|87/100|[from] Sandstorm\n|-damage|p1a: Sinistcha|50/100|[from] Sandstorm\n|-damage|p2a: Decidueye|88/100|[from] Sandstorm\n|-enditem|p1a: Sinistcha|Sitrus Berry|[eat]\n|-heal|p1a: Sinistcha|75/100|[from] item: Sitrus Berry\n|-heal|p1b: Kommo-o|93/100|[from] item: Leftovers\n|upkeep\n|\n|t:|1776608354\n|switch|p2b: Blastoise|Blastoise-Mega, L50, F|60/100\n|turn|5\n|\n|t:|1776608371\n|move|p1b: Kommo-o|Clanging Scales|p2a: Decidueye|[spread] p2a,p2b\n|-crit|p2a: Decidueye\n|-damage|p2a: Decidueye|0 fnt\n|-damage|p2b: Blastoise|6/100\n|faint|p2a: Decidueye\n|-unboost|p1b: Kommo-o|def|1\n|move|p1a: Sinistcha|Matcha Gotcha|p2b: Blastoise\n|-supereffective|p2b: Blastoise|1\n|-damage|p2b: Blastoise|0 fnt\n|-heal|p1a: Sinistcha|77/100|[from] drain|[of] p2b: Blastoise\n|faint|p2b: Blastoise\n|\n|win|slothgameplay\n|raw|slothgameplay's rating: 1125 &rarr; <strong>1148</strong><br />(+23 for winning)\n|raw|Loaer's rating: 1092 &rarr; <strong>1070</strong><br />(-22 for losing)\n",
  "uploadtime": 1776608371,
  "views": 7,
  "formatid": "gen9championsvgc2026regma",
  "rating": 1070,
  "private": 0,
  "password": null
}