{
  "id": "gen9championsvgc2026regma-2588142686",
  "format": "[Gen 9 Champions] VGC 2026 Reg M-A",
  "players": [
    "Mr_D_Rex957",
    "PsychicHashira"
  ],
  "log": "|j|\u2606Mr_D_Rex957\n|j|\u2606PsychicHashira\n|t:|1776608633\n|gametype|doubles\n|player|p1|Mr_D_Rex957|170|1100\n|player|p2|PsychicHashira|101|1000\n|gen|9\n|tier|[Gen 9 Champions] VGC 2026 Reg M-A\n|rated|\n|rule|Species Clause: Limit one of each Pok\u00e9mon\n|rule|Item Clause: Limit 1 of each item\n|clearpoke\n|poke|p1|Garchomp, L50, M|\n|poke|p1|Rotom-Wash, L50|\n|poke|p1|Incineroar, L50, M|\n|poke|p1|Aerodactyl, L50, M|\n|poke|p1|Whimsicott, L50, F|\n|poke|p1|Gardevoir, L50, F|\n|poke|p2|Scizor, L50, F|\n|poke|p2|Sneasler, L50, F|\n|poke|p2|Garchomp, L50, M|\n|poke|p2|Archaludon, L50, M|\n|poke|p2|Basculegion, L50, M|\n|poke|p2|Pelipper, L50, F|\n|teampreview|4\n|inactive|Battle timer is ON: inactive players will automatically lose when time's up. (requested by PsychicHashira)\n|\n|t:|1776608678\n|teamsize|p1|4\n|teamsize|p2|4\n|start\n|switch|p1a: Whimsicott|Whimsicott, L50, F|100/100\n|switch|p1b: Tigre To\u00f1o|Incineroar, L50, M|100/100\n|switch|p2a: Garchomp|Garchomp, L50, M|100/100\n|switch|p2b: Pelipper|Pelipper, L50, F|100/100\n|-weather|RainDance|[from] ability: Drizzle|[of] p2b: Pelipper\n|-ability|p1b: Tigre To\u00f1o|Intimidate|boost\n|-unboost|p2a: Garchomp|atk|1\n|-unboost|p2b: Pelipper|atk|1\n|turn|1\n|\n|t:|1776608700\n|switch|p2a: Basculegion|Basculegion, L50, M|100/100\n|move|p1b: Tigre To\u00f1o|Fake Out|p2b: Pelipper\n|-damage|p2b: Pelipper|86/100\n|move|p1a: Whimsicott|Tailwind|p1a: Whimsicott\n|-sidestart|p1: Mr_D_Rex957|move: Tailwind\n|cant|p2b: Pelipper|flinch\n|\n|-weather|RainDance|[upkeep]\n|upkeep\n|turn|2\n|\n|t:|1776608722\n|switch|p1b: Rotom|Rotom-Wash, L50|100/100\n|move|p1a: Whimsicott|Taunt|p2b: Pelipper\n|-start|p2b: Pelipper|move: Taunt\n|move|p2a: Basculegion|Flip Turn|p1b: Rotom\n|-resisted|p1b: Rotom|1\n|-damage|p1b: Rotom|57/100\n|\n|t:|1776608730\n|switch|p2a: Scizor|Scizor, L50, F|100/100|[from] Flip Turn\n|move|p2b: Pelipper|Hurricane|p1b: Rotom\n|-resisted|p1b: Rotom|1\n|-damage|p1b: Rotom|29/100\n|-enditem|p1b: Rotom|Sitrus Berry|[eat]\n|-heal|p1b: Rotom|54/100|[from] item: Sitrus Berry\n|\n|-weather|RainDance|[upkeep]\n|upkeep\n|turn|3\n|\n|t:|1776608753\n|switch|p2b: Basculegion|Basculegion, L50, M|100/100\n|detailschange|p2a: Scizor|Scizor-Mega, L50, F\n|-mega|p2a: Scizor|Scizor|Scizorite\n|move|p2a: Scizor|Bullet Punch|p1a: Whimsicott\n|-supereffective|p1a: Whimsicott|1\n|-enditem|p1a: Whimsicott|Focus Sash\n|-damage|p1a: Whimsicott|1/100\n|move|p1a: Whimsicott|Energy Ball|p2b: Basculegion\n|-supereffective|p2b: Basculegion|1\n|-damage|p2b: Basculegion|37/100\n|move|p1b: Rotom|Electroweb|p2a: Scizor|[spread] p2a,p2b\n|-supereffective|p2b: Basculegion|1\n|-damage|p2a: Scizor|79/100\n|-damage|p2b: Basculegion|4/100\n|-unboost|p2a: Scizor|spe|1\n|-unboost|p2b: Basculegion|spe|1\n|\n|-weather|RainDance|[upkeep]\n|upkeep\n|turn|4\n|\n|t:|1776608777\n|switch|p1a: Tigre To\u00f1o|Incineroar, L50, M|100/100\n|-ability|p1a: Tigre To\u00f1o|Intimidate|boost\n|-unboost|p2a: Scizor|atk|1\n|-unboost|p2b: Basculegion|atk|1\n|switch|p2b: Garchomp|Garchomp, L50, M|100/100\n|move|p2a: Scizor|Bullet Punch|p1a: Tigre To\u00f1o\n|-resisted|p1a: Tigre To\u00f1o|1\n|-damage|p1a: Tigre To\u00f1o|90/100\n|move|p1b: Rotom|Electroweb|p2a: Scizor|[spread] p2a\n|-immune|p2b: Garchomp\n|-damage|p2a: Scizor|59/100\n|-unboost|p2a: Scizor|spe|1\n|\n|-weather|RainDance|[upkeep]\n|-sideend|p1: Mr_D_Rex957|move: Tailwind\n|upkeep\n|turn|5\n|\n|t:|1776608795\n|switch|p2a: Pelipper|Pelipper, L50, F|86/100\n|move|p2b: Garchomp|Protect|p2b: Garchomp\n|-singleturn|p2b: Garchomp|Protect\n|move|p1a: Tigre To\u00f1o|Fake Out|p2b: Garchomp\n|-activate|p2b: Garchomp|move: Protect\n|move|p1b: Rotom|Will-O-Wisp|p2a: Pelipper\n|-status|p2a: Pelipper|brn\n|\n|-weather|none\n|-damage|p2a: Pelipper|80/100 brn|[from] brn\n|upkeep\n|turn|6\n|\n|t:|1776608812\n|move|p2b: Garchomp|Rock Slide|p1b: Rotom|[spread] p1a,p1b\n|-supereffective|p1a: Tigre To\u00f1o|1\n|-damage|p1a: Tigre To\u00f1o|51/100\n|-damage|p1b: Rotom|31/100\n|cant|p1b: Rotom|flinch\n|move|p2a: Pelipper|Tailwind|p2a: Pelipper\n|-sidestart|p2: PsychicHashira|move: Tailwind\n|move|p1a: Tigre To\u00f1o|Parting Shot|p2b: Garchomp\n|-unboost|p2b: Garchomp|atk|1\n|-unboost|p2b: Garchomp|spa|1\n|\n|t:|1776608818\n|switch|p1a: Whimsicott|Whimsicott, L50, F|1/100|[from] Parting Shot\n|\n|-damage|p2a: Pelipper|74/100 brn|[from] brn\n|upkeep\n|turn|7\n|\n|t:|1776608832\n|switch|p2a: Basculegion|Basculegion, L50, M|4/100\n|move|p1a: Whimsicott|Tailwind|p1a: Whimsicott\n|-sidestart|p1: Mr_D_Rex957|move: Tailwind\n|move|p2b: Garchomp|Rock Slide|p1a: Whimsicott|[spread] p1a,p1b\n|-damage|p1a: Whimsicott|0 fnt\n|-damage|p1b: Rotom|15/100\n|faint|p1a: Whimsicott\n|move|p1b: Rotom|Volt Switch|p2a: Basculegion\n|-supereffective|p2a: Basculegion|1\n|-damage|p2a: Basculegion|0 fnt\n|faint|p2a: Basculegion\n|\n|t:|1776608840\n|switch|p1b: Tigre To\u00f1o|Incineroar, L50, M|51/100|[from] Volt Switch\n|-ability|p1b: Tigre To\u00f1o|Intimidate|boost\n|-unboost|p2b: Garchomp|atk|1\n|\n|upkeep\n|inactive|PsychicHashira has 30 seconds left.\n|\n|t:|1776608866\n|switch|p1a: Garchomp|Garchomp, L50, M|100/100\n|switch|p2a: Pelipper|Pelipper, L50, F|74/100 brn\n|-weather|RainDance|[from] ability: Drizzle|[of] p2a: Pelipper\n|turn|8\n|inactive|Mr_D_Rex957 has 30 seconds left.\n|\n|t:|1776608892\n|switch|p2b: Scizor|Scizor-Mega, L50, F|59/100\n|detailschange|p1a: Garchomp|Garchomp-Mega, L50, M\n|-mega|p1a: Garchomp|Garchomp|Garchompite\n|move|p1b: Tigre To\u00f1o|Fake Out|p2a: Pelipper\n|-damage|p2a: Pelipper|60/100 brn\n|move|p1a: Garchomp|Dragon Claw|p2b: Scizor\n|-resisted|p2b: Scizor|1\n|-damage|p2b: Scizor|39/100\n|cant|p2a: Pelipper|flinch\n|\n|-weather|RainDance|[upkeep]\n|-damage|p2a: Pelipper|55/100 brn|[from] brn\n|upkeep\n|turn|9\n|inactive|Mr_D_Rex957 has 30 seconds left.\n|inactive|PsychicHashira has 30 seconds left.\n|inactive|Mr_D_Rex957 has 20 seconds left.\n|inactive|Mr_D_Rex957 has 15 seconds left.\n|inactive|Mr_D_Rex957 has 10 seconds left.\n|l|\u2606Mr_D_Rex957\n|inactive|Mr_D_Rex957 disconnected and has a minute to reconnect!\n|player|p1|\n|inactive|Mr_D_Rex957 has 5 seconds left.\n|j|\u2606Mr_D_Rex957\n|inactive|Mr_D_Rex957 reconnected and has 5 seconds left.\n|player|p1|Mr_D_Rex957|170|\n|\n|t:|1776608947\n|move|p1a: Garchomp|Dragon Claw|p2b: Scizor\n|-resisted|p2b: Scizor|1\n|-damage|p2b: Scizor|17/100\n|move|p2a: Pelipper|Weather Ball|p1b: Tigre To\u00f1o\n|-supereffective|p1b: Tigre To\u00f1o|1\n|-damage|p1b: Tigre To\u00f1o|0 fnt\n|faint|p1b: Tigre To\u00f1o\n|move|p2b: Scizor|Swords Dance|p2b: Scizor\n|-boost|p2b: Scizor|atk|2\n|\n|-weather|RainDance|[upkeep]\n|-damage|p2a: Pelipper|49/100 brn|[from] brn\n|-sideend|p2: PsychicHashira|move: Tailwind\n|upkeep\n|\n|t:|1776608954\n|switch|p1b: Rotom|Rotom-Wash, L50|15/100\n|turn|10\n|inactive|PsychicHashira has 30 seconds left.\n|inactive|Mr_D_Rex957 has 30 seconds left.\n|inactive|PsychicHashira has 20 seconds left.\n|\n|t:|1776608991\n|move|p2b: Scizor|Protect|p2b: Scizor\n|-singleturn|p2b: Scizor|Protect\n|move|p1a: Garchomp|Earthquake|p2a: Pelipper|[spread] \n|-activate|p2b: Scizor|move: Protect\n|-immune|p1b: Rotom|[from] ability: Levitate\n|-immune|p2a: Pelipper\n|move|p1b: Rotom|Volt Switch|p2a: Pelipper\n|-supereffective|p2a: Pelipper|2\n|-damage|p2a: Pelipper|0 fnt\n|faint|p2a: Pelipper\n|\n|-weather|RainDance|[upkeep]\n|-sideend|p1: Mr_D_Rex957|move: Tailwind\n|upkeep\n|\n|t:|1776609005\n|switch|p2a: Garchomp|Garchomp, L50, M|100/100\n|turn|11\n|\n|t:|1776609018\n|move|p2b: Scizor|Bullet Punch|p1b: Rotom\n|-resisted|p1b: Rotom|2\n|-damage|p1b: Rotom|0 fnt\n|faint|p1b: Rotom\n|move|p2a: Garchomp|Dragon Claw|p1a: Garchomp\n|-supereffective|p1a: Garchomp|1\n|-damage|p1a: Garchomp|35/100\n|move|p1a: Garchomp|Dragon Claw|p2a: Garchomp\n|-supereffective|p2a: Garchomp|1\n|-damage|p2a: Garchomp|0 fnt\n|-damage|p1a: Garchomp|23/100|[from] ability: Rough Skin|[of] p2a: Garchomp\n|faint|p2a: Garchomp\n|\n|-weather|RainDance|[upkeep]\n|upkeep\n|turn|12\n|\n|t:|1776609034\n|move|p2b: Scizor|Bullet Punch|p1a: Garchomp\n|-damage|p1a: Garchomp|0 fnt\n|faint|p1a: Garchomp\n|\n|win|PsychicHashira\n|raw|Mr_D_Rex957's rating: 1100 &rarr; <strong>1068</strong><br />(-32 for losing)\n|raw|PsychicHashira's rating: 1000 &rarr; <strong>1051</strong><br />(+51 for winning)\n",
  "uploadtime": 1776609037,
  "views": 6,
  "formatid": "gen9championsvgc2026regma",
  "rating": 1051,
  "private": 0,
  "password": null
}