{
  "id": "gen9championsvgc2026regma-2583089467",
  "format": "[Gen 9 Champions] VGC 2026 Reg M-A",
  "players": [
    "byableorange4",
    "firexxzz"
  ],
  "log": "|j|\u2606byableorange4\n|j|\u2606firexxzz\n|t:|1776140762\n|gametype|doubles\n|player|p1|byableorange4|n|1141\n|player|p2|firexxzz|roxie-masters|1130\n|gen|9\n|tier|[Gen 9 Champions] VGC 2026 Reg M-A\n|rated|\n|rule|Species Clause: Limit one of each Pok\u00e9mon\n|rule|Item Clause: Limit 1 of each item\n|clearpoke\n|poke|p1|Banette, L50, F|\n|poke|p1|Incineroar, L50, M|\n|poke|p1|Sylveon, L50, M|\n|poke|p1|Pelipper, L50, M|\n|poke|p1|Archaludon, L50, F|\n|poke|p1|Sneasler, L50, M|\n|poke|p2|Floette-Eternal, L50, F|\n|poke|p2|Delphox, L50, M|\n|poke|p2|Aerodactyl, L50, M|\n|poke|p2|Maushold, L50|\n|poke|p2|Garchomp, L50, M|\n|poke|p2|Incineroar, L50, F|\n|teampreview|4\n|inactive|Battle timer is ON: inactive players will automatically lose when time's up. (requested by byableorange4)\n|inactive|firexxzz has 60 seconds left.\n|\n|t:|1776140795\n|teamsize|p1|4\n|teamsize|p2|4\n|start\n|switch|p1a: Sylveon|Sylveon, L50, M|100/100\n|switch|p1b: Archaludon|Archaludon, L50, F|100/100\n|switch|p2a: Floette|Floette-Eternal, L50, F|100/100\n|switch|p2b: Aerodactyl|Aerodactyl, L50, M|100/100\n|-ability|p2b: Aerodactyl|Unnerve\n|turn|1\n|\n|t:|1776140811\n|switch|p2b: Maushold|Maushold, L50|100/100\n|detailschange|p2a: Floette|Floette-Mega, L50, F\n|-mega|p2a: Floette|Floette|Floettite\n|-ability|p2a: Floette|Fairy Aura\n|move|p2a: Floette|Calm Mind|p2a: Floette\n|-boost|p2a: Floette|spa|1\n|-boost|p2a: Floette|spd|1\n|move|p1b: Archaludon|Flash Cannon|p2a: Floette\n|-supereffective|p2a: Floette|1\n|-damage|p2a: Floette|66/100\n|move|p1a: Sylveon|Hyper Voice|p2a: Floette|[spread] p2a,p2b\n|-damage|p2a: Floette|40/100\n|-damage|p2b: Maushold|15/100\n|\n|upkeep\n|turn|2\n|inactive|byableorange4 has 30 seconds left.\n|\n|t:|1776140837\n|move|p2b: Maushold|Follow Me|p2b: Maushold\n|-singleturn|p2b: Maushold|move: Follow Me\n|move|p2a: Floette|Draining Kiss|p1a: Sylveon\n|-damage|p1a: Sylveon|59/100\n|-heal|p2a: Floette|71/100|[from] drain|[of] p1a: Sylveon\n|move|p1b: Archaludon|Flash Cannon|p2a: Floette\n|-supereffective|p2a: Floette|1\n|-damage|p2a: Floette|35/100\n|move|p1a: Sylveon|Hyper Voice|p2a: Floette|[spread] p2a,p2b\n|-damage|p2a: Floette|12/100\n|-damage|p2b: Maushold|0 fnt\n|faint|p2b: Maushold\n|\n|upkeep\n|\n|t:|1776140845\n|switch|p2b: Garchomp|Garchomp, L50, M|100/100\n|turn|3\n|\n|t:|1776140855\n|move|p1b: Archaludon|Protect|p1b: Archaludon\n|-singleturn|p1b: Archaludon|Protect\n|move|p2b: Garchomp|Rock Slide|p1b: Archaludon|[spread] p1a\n|-activate|p1b: Archaludon|move: Protect\n|-damage|p1a: Sylveon|32/100\n|move|p2a: Floette|Dazzling Gleam|p1b: Archaludon|[spread] p1a\n|-activate|p1b: Archaludon|move: Protect\n|-damage|p1a: Sylveon|0 fnt\n|faint|p1a: Sylveon\n|\n|upkeep\n|\n|t:|1776140867\n|switch|p1a: Sneasler|Sneasler, L50, M|100/100\n|turn|4\n|\n|t:|1776140881\n|switch|p1b: Pelipper|Pelipper, L50, M|100/100\n|-weather|RainDance|[from] ability: Drizzle|[of] p1b: Pelipper\n|move|p2a: Floette|Protect|p2a: Floette\n|-singleturn|p2a: Floette|Protect\n|move|p1a: Sneasler|Fake Out|p2a: Floette\n|-activate|p2a: Floette|move: Protect\n|move|p2b: Garchomp|Earthquake|p1a: Sneasler|[spread] p1a\n|-activate|p2a: Floette|move: Protect\n|-immune|p1b: Pelipper\n|-supereffective|p1a: Sneasler|1\n|-damage|p1a: Sneasler|2/100\n|\n|-weather|RainDance|[upkeep]\n|upkeep\n|turn|5\n|\n|t:|1776140900\n|switch|p2a: Aerodactyl|Aerodactyl, L50, M|100/100\n|-ability|p2a: Aerodactyl|Unnerve\n|move|p1b: Pelipper|Wide Guard|p1b: Pelipper\n|-singleturn|p1b: Pelipper|Wide Guard\n|move|p2b: Garchomp|Rock Slide|p1b: Pelipper|[spread] \n|-activate|p1a: Sneasler|move: Wide Guard\n|-activate|p1b: Pelipper|move: Wide Guard\n|move|p1a: Sneasler|Dire Claw|p2a: Aerodactyl\n|-resisted|p2a: Aerodactyl|1\n|-damage|p2a: Aerodactyl|64/100\n|\n|-weather|RainDance|[upkeep]\n|upkeep\n|turn|6\n|inactive|byableorange4 has 30 seconds left.\n|\n|t:|1776140927\n|switch|p1a: Archaludon|Archaludon, L50, F|100/100\n|move|p2a: Aerodactyl|Rock Slide|p1a: Archaludon|[spread] p1a,p1b\n|-resisted|p1a: Archaludon|1\n|-supereffective|p1b: Pelipper|1\n|-damage|p1a: Archaludon|90/100\n|-damage|p1b: Pelipper|31/100\n|move|p2b: Garchomp|Dragon Claw|p1a: Archaludon\n|-damage|p1a: Archaludon|51/100\n|move|p1b: Pelipper|Weather Ball|p2a: Aerodactyl\n|-supereffective|p2a: Aerodactyl|1\n|-damage|p2a: Aerodactyl|0 fnt\n|faint|p2a: Aerodactyl\n|\n|-weather|RainDance|[upkeep]\n|-heal|p1a: Archaludon|57/100|[from] item: Leftovers\n|upkeep\n|\n|t:|1776140946\n|switch|p2a: Floette|Floette-Mega, L50, F|12/100\n|-ability|p2a: Floette|Fairy Aura\n|turn|7\n|inactive|byableorange4 has 30 seconds left.\n|inactive|byableorange4 has 20 seconds left.\n|inactive|byableorange4 has 15 seconds left.\n|inactive|byableorange4 has 10 seconds left.\n|\n|t:|1776140994\n|move|p2a: Floette|Protect|p2a: Floette\n|-singleturn|p2a: Floette|Protect\n|move|p2b: Garchomp|Earthquake|p1b: Pelipper|[spread] p1a\n|-activate|p2a: Floette|move: Protect\n|-immune|p1b: Pelipper\n|-supereffective|p1a: Archaludon|1\n|-damage|p1a: Archaludon|0 fnt\n|faint|p1a: Archaludon\n|move|p1b: Pelipper|Weather Ball|p2a: Floette\n|-activate|p2a: Floette|move: Protect\n|\n|-weather|RainDance|[upkeep]\n|upkeep\n|\n|t:|1776141002\n|switch|p1a: Sneasler|Sneasler, L50, M|2/100\n|turn|8\n|inactive|byableorange4 has 30 seconds left.\n|inactive|byableorange4 has 20 seconds left.\n|\n|t:|1776141040\n|move|p1b: Pelipper|Helping Hand|p1a: Sneasler\n|-singleturn|p1a: Sneasler|Helping Hand|[of] p1b: Pelipper\n|move|p2b: Garchomp|Dragon Claw|p1b: Pelipper\n|-damage|p1b: Pelipper|0 fnt\n|faint|p1b: Pelipper\n|move|p1a: Sneasler|Close Combat|p2b: Garchomp\n|-damage|p2b: Garchomp|7/100\n|-unboost|p1a: Sneasler|def|1\n|-unboost|p1a: Sneasler|spd|1\n|-damage|p1a: Sneasler|0 fnt|[from] ability: Rough Skin|[of] p2b: Garchomp\n|faint|p1a: Sneasler\n|\n|win|firexxzz\n|raw|byableorange4's rating: 1141 &rarr; <strong>1115</strong><br />(-26 for losing)\n|raw|firexxzz's rating: 1130 &rarr; <strong>1156</strong><br />(+26 for winning)\n|l|\u2606firexxzz\n|player|p2|\n",
  "uploadtime": 1776141074,
  "views": 20,
  "formatid": "gen9championsvgc2026regma",
  "rating": 1115,
  "private": 0,
  "password": null
}