{
  "id": "gen9championsvgc2026regma-2583273647",
  "format": "[Gen 9 Champions] VGC 2026 Reg M-A",
  "players": [
    "RandomGuyInSchool",
    "moskkk"
  ],
  "log": "|j|\u2606RandomGuyInSchool\n|j|\u2606moskkk\n|t:|1776161973\n|gametype|doubles\n|player|p1|RandomGuyInSchool|schoolkid-gen4|1130\n|player|p2|moskkk|roughneck|1051\n|gen|9\n|tier|[Gen 9 Champions] VGC 2026 Reg M-A\n|rated|\n|rule|Species Clause: Limit one of each Pok\u00e9mon\n|rule|Item Clause: Limit 1 of each item\n|clearpoke\n|poke|p1|Rotom-Wash, L50|\n|poke|p1|Incineroar, L50, F|\n|poke|p1|Sinistcha, L50|\n|poke|p1|Drampa, L50, F|\n|poke|p1|Floette-Eternal, L50, F|\n|poke|p1|Sneasler, L50, F|\n|poke|p2|Froslass, L50, F|\n|poke|p2|Glaceon, L50, M|\n|poke|p2|Garchomp, L50, M|\n|poke|p2|Arcanine-Hisui, L50, M|\n|poke|p2|Whimsicott, L50, F|\n|poke|p2|Rotom-Wash, L50|\n|teampreview|4\n|inactive|Battle timer is ON: inactive players will automatically lose when time's up. (requested by RandomGuyInSchool)\nRandomGuyInSchool rejected open team sheets.\n|inactive|RandomGuyInSchool has 60 seconds left.\n|\n|t:|1776162009\n|teamsize|p1|4\n|teamsize|p2|4\n|start\n|switch|p1a: Floette|Floette-Eternal, L50, F|100/100\n|switch|p1b: Incineroar|Incineroar, L50, F|100/100\n|switch|p2a: Whimsicott|Whimsicott, L50, F|100/100\n|switch|p2b: Arcanine|Arcanine-Hisui, L50, M|100/100\n|-ability|p2b: Arcanine|Intimidate|boost\n|-unboost|p1a: Floette|atk|1\n|-unboost|p1b: Incineroar|atk|1\n|-ability|p1b: Incineroar|Intimidate|boost\n|-unboost|p2a: Whimsicott|atk|1\n|-unboost|p2b: Arcanine|atk|1\n|-enditem|p2b: Arcanine|White Herb\n|-clearnegativeboost|p2b: Arcanine|[silent]\n|turn|1\n|\n|t:|1776162019\n|detailschange|p1a: Floette|Floette-Mega, L50, F\n|-mega|p1a: Floette|Floette|Floettite\n|-ability|p1a: Floette|Fairy Aura\n|move|p2b: Arcanine|Protect|p2b: Arcanine\n|-singleturn|p2b: Arcanine|Protect\n|move|p1b: Incineroar|Fake Out|p2b: Arcanine\n|-activate|p2b: Arcanine|move: Protect\n|move|p2a: Whimsicott|Tailwind|p2a: Whimsicott\n|-sidestart|p2: moskkk|move: Tailwind\n|move|p1a: Floette|Calm Mind|p1a: Floette\n|-boost|p1a: Floette|spa|1\n|-boost|p1a: Floette|spd|1\n|\n|upkeep\n|turn|2\n|\n|t:|1776162036\n|move|p1a: Floette|Protect|p1a: Floette\n|-singleturn|p1a: Floette|Protect\n|move|p2a: Whimsicott|Encore|p1a: Floette\n|-activate|p1a: Floette|move: Protect\n|move|p2b: Arcanine|Flare Blitz|p1a: Floette\n|-activate|p1a: Floette|move: Protect\n|move|p1b: Incineroar|Parting Shot|p2b: Arcanine\n|-unboost|p2b: Arcanine|atk|1\n|-unboost|p2b: Arcanine|spa|1\n|\n|t:|1776162050\n|switch|p1b: Sinistcha|Sinistcha, L50|100/100|[from] Parting Shot\n|\n|upkeep\n|turn|3\n|\n|t:|1776162070\n|move|p1b: Sinistcha|Rage Powder|p1b: Sinistcha\n|-singleturn|p1b: Sinistcha|move: Rage Powder\n|move|p2a: Whimsicott|Encore|p1a: Floette\n|-start|p1a: Floette|Encore\n|move|p1a: Floette|Protect|p1a: Floette\n|-singleturn|p1a: Floette|Protect\n|move|p2b: Arcanine|Flare Blitz|p1b: Sinistcha\n|-supereffective|p1b: Sinistcha|1\n|-damage|p1b: Sinistcha|39/100\n|-enditem|p1b: Sinistcha|Sitrus Berry|[eat]\n|-heal|p1b: Sinistcha|63/100|[from] item: Sitrus Berry\n|-damage|p2b: Arcanine|83/100|[from] Recoil\n|\n|upkeep\n|turn|4\n|\n|t:|1776162095\n|switch|p2b: Haku|Froslass, L50, F|100/100\n|move|p1a: Floette|Protect||[still]\n|-fail|p1a: Floette\n|move|p2a: Whimsicott|Encore|p1b: Sinistcha\n|-start|p1b: Sinistcha|Encore\n|move|p1b: Sinistcha|Rage Powder|p1b: Sinistcha\n|-singleturn|p1b: Sinistcha|move: Rage Powder\n|\n|-sideend|p2: moskkk|move: Tailwind\n|upkeep\n|turn|5\n|\n|t:|1776162112\n|switch|p2a: Arcanine|Arcanine-Hisui, L50, M|83/100\n|-ability|p2a: Arcanine|Intimidate|boost\n|-unboost|p1a: Floette|atk|1\n|-unboost|p1b: Sinistcha|atk|1\n|switch|p1b: Incineroar|Incineroar, L50, F|100/100\n|-ability|p1b: Incineroar|Intimidate|boost\n|-unboost|p2a: Arcanine|atk|1\n|-unboost|p2b: Haku|atk|1\n|detailschange|p2b: Haku|Froslass-Mega, L50, F\n|-mega|p2b: Haku|Froslass|Froslassite\n|-weather|Snowscape|[from] ability: Snow Warning|[of] p2b: Haku\n|move|p1a: Floette|Protect|p1a: Floette\n|-singleturn|p1a: Floette|Protect\n|move|p2b: Haku|Blizzard|p1b: Incineroar|[spread] p1b\n|-activate|p1a: Floette|move: Protect\n|-resisted|p1b: Incineroar|1\n|-damage|p1b: Incineroar|77/100\n|\n|-weather|Snowscape|[upkeep]\n|-end|p1a: Floette|Encore\n|upkeep\n|turn|6\n|\n|t:|1776162132\n|move|p1b: Incineroar|Fake Out|p2a: Arcanine\n|-resisted|p2a: Arcanine|1\n|-damage|p2a: Arcanine|77/100\n|move|p2b: Haku|Aurora Veil|p2b: Haku\n|-sidestart|p2: moskkk|move: Aurora Veil\n|move|p1a: Floette|Calm Mind|p1a: Floette\n|-boost|p1a: Floette|spa|1\n|-boost|p1a: Floette|spd|1\n|cant|p2a: Arcanine|flinch\n|\n|-weather|Snowscape|[upkeep]\n|upkeep\n|turn|7\n|inactive|RandomGuyInSchool has 30 seconds left.\n|inactive|moskkk has 30 seconds left.\n|l|\u2606moskkk\n|inactive|moskkk disconnected and has a minute to reconnect!\n|player|p2|\n|inactive|moskkk has 20 seconds left.\n|inactive|moskkk has 15 seconds left.\n|inactive|moskkk has 10 seconds left.\n|inactive|moskkk has 5 seconds left.\n|inactiveoff|Battle timer is now OFF.\n|inactive|Battle timer is ON: inactive players will automatically lose when time's up. (requested by RandomGuyInSchool)\n|inactive|moskkk has 30 seconds to reconnect!\n|inactive|moskkk has 20 seconds to reconnect!\n|inactive|moskkk has 15 seconds to reconnect!\n|inactive|moskkk has 10 seconds to reconnect!\n|inactive|moskkk has 5 seconds to reconnect!\n|-message|moskkk lost due to inactivity.\n|\n|win|RandomGuyInSchool\n|raw|RandomGuyInSchool's rating: 1130 &rarr; <strong>1149</strong><br />(+19 for winning)\n|raw|moskkk's rating: 1051 &rarr; <strong>1037</strong><br />(-14 for losing)\n",
  "uploadtime": 1776162276,
  "views": 13,
  "formatid": "gen9championsvgc2026regma",
  "rating": 1037,
  "private": 0,
  "password": null
}