{
  "id": "gen9championsvgc2026regma-2584272922",
  "format": "[Gen 9 Champions] VGC 2026 Reg M-A",
  "players": [
    "YaGuyAlex",
    "XtinguisheD"
  ],
  "log": "|j|\u2606YaGuyAlex\n|j|\u2606XtinguisheD\n|t:|1776245780\n|gametype|doubles\n|player|p1|YaGuyAlex|1|1047\n|player|p2|XtinguisheD|cheren|1098\n|gen|9\n|tier|[Gen 9 Champions] VGC 2026 Reg M-A\n|rated|\n|rule|Species Clause: Limit one of each Pok\u00e9mon\n|rule|Item Clause: Limit 1 of each item\n|clearpoke\n|poke|p1|Milotic, L50, M|\n|poke|p1|Corviknight, L50, M|\n|poke|p1|Kangaskhan, L50, F|\n|poke|p1|Mimikyu, L50, F|\n|poke|p1|Rotom-Mow, L50|\n|poke|p1|Infernape, L50, M|\n|poke|p2|Weavile, L50, M|\n|poke|p2|Vaporeon, L50, F|\n|poke|p2|Charizard, L50, F|\n|poke|p2|Meowscarada, L50, F|\n|poke|p2|Alakazam, L50, F|\n|poke|p2|Sableye, L50, M|\n|teampreview|4\n|\n|t:|1776245809\n|teamsize|p1|4\n|teamsize|p2|4\n|start\n|switch|p1a: Corviknight|Corviknight, L50, M|100/100\n|switch|p1b: Kangaskhan|Kangaskhan, L50, F|100/100\n|switch|p2a: Vaporeon|Vaporeon, L50, F|100/100\n|switch|p2b: Weavile|Weavile, L50, M, shiny|100/100\n|turn|1\n|\n|t:|1776245820\n|detailschange|p1b: Kangaskhan|Kangaskhan-Mega, L50, F\n|-mega|p1b: Kangaskhan|Kangaskhan|Kangaskhanite\n|move|p2b: Weavile|Fake Out|p1b: Kangaskhan\n|-damage|p1b: Kangaskhan|92/100\n|cant|p1b: Kangaskhan|flinch\n|move|p1a: Corviknight|Tailwind|p1a: Corviknight\n|-sidestart|p1: YaGuyAlex|move: Tailwind\n|move|p2a: Vaporeon|Icy Wind|p1a: Corviknight|[spread] p1a,p1b\n|-damage|p1a: Corviknight|87/100\n|-damage|p1b: Kangaskhan|78/100\n|-ability|p1a: Corviknight|Mirror Armor\n|-unboost|p2a: Vaporeon|spe|1\n|-unboost|p1b: Kangaskhan|spe|1\n|\n|upkeep\n|turn|2\n|\n|t:|1776245838\n|move|p1a: Corviknight|Iron Defense|p1a: Corviknight\n|-boost|p1a: Corviknight|def|2\n|move|p2b: Weavile|Fling|p1b: Kangaskhan\n|-damage|p1b: Kangaskhan|69/100\n|-enditem|p2b: Weavile|King's Rock|[from] move: Fling\n|cant|p1b: Kangaskhan|flinch\n|move|p2a: Vaporeon|Calm Mind|p2a: Vaporeon\n|-boost|p2a: Vaporeon|spa|1\n|-boost|p2a: Vaporeon|spd|1\n|\n|upkeep\n|turn|3\n|\n|t:|1776245856\n|move|p2b: Weavile|Helping Hand|p2a: Vaporeon\n|-singleturn|p2a: Vaporeon|Helping Hand|[of] p2b: Weavile\n|move|p1a: Corviknight|Body Press|p2b: Weavile\n|-supereffective|p2b: Weavile|2\n|-damage|p2b: Weavile|0 fnt\n|faint|p2b: Weavile\n|move|p1b: Kangaskhan|Body Slam|p2a: Vaporeon\n|-damage|p2a: Vaporeon|44/100\n|-status|p2a: Vaporeon|par\n|-damage|p2a: Vaporeon|32/100 par\n|-hitcount|p2a: Vaporeon|2\n|move|p2a: Vaporeon|Muddy Water|p1b: Kangaskhan|[spread] p1a,p1b\n|-damage|p1a: Corviknight|9/100\n|-damage|p1b: Kangaskhan|0 fnt\n|faint|p1b: Kangaskhan\n|\n|-heal|p2a: Vaporeon|38/100 par|[from] item: Leftovers\n|upkeep\n|\n|t:|1776245879\n|switch|p2b: Alakazam|Alakazam, L50, F|100/100\n|switch|p1b: Rotom|Rotom-Mow, L50|100/100\n|turn|4\n|\n|t:|1776245891\n|move|p2b: Alakazam|Protect|p2b: Alakazam\n|-singleturn|p2b: Alakazam|Protect\n|move|p2a: Vaporeon|Protect|p2a: Vaporeon\n|-singleturn|p2a: Vaporeon|Protect\n|move|p1b: Rotom|Thunder Wave|p2b: Alakazam\n|-activate|p2b: Alakazam|move: Protect\n|move|p1a: Corviknight|Body Press|p2a: Vaporeon\n|-activate|p2a: Vaporeon|move: Protect\n|\n|-heal|p2a: Vaporeon|44/100 par|[from] item: Leftovers\n|-sideend|p1: YaGuyAlex|move: Tailwind\n|upkeep\n|turn|5\n|\n|t:|1776245919\n|move|p2b: Alakazam|Dazzling Gleam|p1a: Corviknight|[spread] p1a,p1b\n|-resisted|p1a: Corviknight|1\n|-damage|p1a: Corviknight|0 fnt\n|-damage|p1b: Rotom|72/100\n|faint|p1a: Corviknight\n|move|p1b: Rotom|Thunder Wave|p2b: Alakazam\n|-status|p2b: Alakazam|par\n|move|p2a: Vaporeon|Icy Wind|p1b: Rotom\n|-supereffective|p1b: Rotom|1\n|-damage|p1b: Rotom|0 fnt\n|faint|p1b: Rotom\n|\n|-heal|p2a: Vaporeon|49/100 par|[from] item: Leftovers\n|upkeep\n|\n|t:|1776245929\n|switch|p1b: Infernape|Infernape, L50, M|100/100\n|turn|6\n|\n|t:|1776245940\n|move|p2b: Alakazam|Protect|p2b: Alakazam\n|-singleturn|p2b: Alakazam|Protect\n|move|p1b: Infernape|Close Combat|p2a: Vaporeon\n|-damage|p2a: Vaporeon|0 fnt\n|-unboost|p1b: Infernape|def|1\n|-unboost|p1b: Infernape|spd|1\n|faint|p2a: Vaporeon\n|\n|upkeep\n|\n|t:|1776245948\n|switch|p2a: Charizard|Charizard, L50, F|100/100\n|turn|7\n|\n|t:|1776245958\n|detailschange|p2a: Charizard|Charizard-Mega-Y, L50, F\n|-mega|p2a: Charizard|Charizard|Charizardite Y\n|-weather|SunnyDay|[from] ability: Drought|[of] p2a: Charizard\n|move|p2a: Charizard|Scorching Sands|p1b: Infernape\n|-supereffective|p1b: Infernape|1\n|-enditem|p1b: Infernape|Focus Sash\n|-damage|p1b: Infernape|1/100\n|move|p1b: Infernape|Flare Blitz|p2b: Alakazam\n|-damage|p2b: Alakazam|0 fnt\n|faint|p2b: Alakazam\n|-damage|p1b: Infernape|0 fnt|[from] Recoil\n|faint|p1b: Infernape\n|\n|win|XtinguisheD\n|raw|YaGuyAlex's rating: 1047 &rarr; <strong>1032</strong><br />(-15 for losing)\n|raw|XtinguisheD's rating: 1098 &rarr; <strong>1120</strong><br />(+22 for winning)\n",
  "uploadtime": 1776245970,
  "views": 26,
  "formatid": "gen9championsvgc2026regma",
  "rating": 1032,
  "private": 0,
  "password": null
}