{
  "id": "gen9championsvgc2026regma-2588030585",
  "format": "[Gen 9 Champions] VGC 2026 Reg M-A",
  "players": [
    "jabopoke",
    "horohorovasey"
  ],
  "log": "|j|\u2606jabopoke\n|j|\u2606horohorovasey\n|t:|1776595388\n|gametype|doubles\n|player|p1|jabopoke|veteran-gen4|1011\n|player|p2|horohorovasey|miku-ghost|1025\n|gen|9\n|tier|[Gen 9 Champions] VGC 2026 Reg M-A\n|rated|\n|rule|Species Clause: Limit one of each Pok\u00e9mon\n|rule|Item Clause: Limit 1 of each item\n|clearpoke\n|poke|p1|Froslass, L50, F|\n|poke|p1|Rotom-Wash, L50|\n|poke|p1|Aerodactyl, L50, F|\n|poke|p1|Incineroar, L50, F|\n|poke|p1|Tauros-Paldea-Aqua, L50, M|\n|poke|p1|Garchomp, L50, M|\n|poke|p2|Gourgeist-Super, L50, M, shiny|\n|poke|p2|Crabominable, L50, M|\n|poke|p2|Tyranitar, L50, F|\n|poke|p2|Incineroar, L50, F|\n|poke|p2|Rotom-Wash, L50|\n|poke|p2|Tinkaton, L50, F|\n|teampreview|4\nhorohorovasey rejected open team sheets.\n|\n|t:|1776595483\n|teamsize|p1|4\n|teamsize|p2|4\n|start\n|switch|p1a: Aerodactyl|Aerodactyl, L50, F|100/100\n|switch|p1b: Garchomp|Garchomp, L50, M|100/100\n|switch|p2a: Tinkaton|Tinkaton, L50, F|100/100\n|switch|p2b: Goo Goo Dolls|Gourgeist-Super, L50, M, shiny|100/100\n|-ability|p1a: Aerodactyl|Unnerve\n|-ability|p2a: Tinkaton|Mold Breaker\n|-item|p1a: Aerodactyl|Focus Sash|[from] ability: Frisk|[of] p2b: Goo Goo Dolls\n|-item|p1b: Garchomp|Garchompite|[from] ability: Frisk|[of] p2b: Goo Goo Dolls\n|turn|1\n|l|\u2606jabopoke\n|player|p1|\n|j|\u2606jabopoke\n|player|p1|jabopoke|veteran-gen4|\n|\n|t:|1776595534\n|move|p2a: Tinkaton|Fake Out|p1b: Garchomp\n|-damage|p1b: Garchomp|94/100\n|-damage|p2a: Tinkaton|88/100|[from] ability: Rough Skin|[of] p1b: Garchomp\n|move|p1a: Aerodactyl|Taunt|p2b: Goo Goo Dolls\n|-start|p2b: Goo Goo Dolls|move: Taunt\n|cant|p1b: Garchomp|flinch\n|cant|p2b: Goo Goo Dolls|move: Taunt|Trick Room\n|\n|upkeep\n|turn|2\n|inactive|Battle timer is ON: inactive players will automatically lose when time's up. (requested by horohorovasey)\n|\n|t:|1776595551\n|detailschange|p1b: Garchomp|Garchomp-Mega, L50, M\n|-mega|p1b: Garchomp|Garchomp|Garchompite\n|move|p1a: Aerodactyl|Tailwind|p1a: Aerodactyl\n|-sidestart|p1: jabopoke|move: Tailwind\n|move|p1b: Garchomp|Earthquake|p2a: Tinkaton|[spread] p2a,p2b\n|-immune|p1a: Aerodactyl\n|-supereffective|p2a: Tinkaton|1\n|-resisted|p2b: Goo Goo Dolls|1\n|-damage|p2a: Tinkaton|6/100\n|-damage|p2b: Goo Goo Dolls|86/100\n|move|p2a: Tinkaton|Gigaton Hammer|p1a: Aerodactyl\n|-supereffective|p1a: Aerodactyl|1\n|-enditem|p1a: Aerodactyl|Focus Sash\n|-damage|p1a: Aerodactyl|1/100\n|move|p2b: Goo Goo Dolls|Poltergeist|p1b: Garchomp\n|-activate|p1b: Garchomp|move: Poltergeist|Garchompite\n|-damage|p1b: Garchomp|64/100\n|\n|upkeep\n|turn|3\n|inactive|jabopoke has 30 seconds left.\n|\n|t:|1776595581\n|switch|p1a: Incineroar|Incineroar, L50, F|100/100\n|move|p2a: Tinkaton|Protect|p2a: Tinkaton\n|-singleturn|p2a: Tinkaton|Protect\n|move|p1b: Garchomp|Earthquake|p2b: Goo Goo Dolls|[spread] p1a,p2b\n|-activate|p2a: Tinkaton|move: Protect\n|-supereffective|p1a: Incineroar|1\n|-resisted|p2b: Goo Goo Dolls|1\n|-damage|p1a: Incineroar|28/100\n|-damage|p2b: Goo Goo Dolls|72/100\n|move|p2b: Goo Goo Dolls|Poltergeist|p1b: Garchomp\n|-activate|p1b: Garchomp|move: Poltergeist|Garchompite\n|-damage|p1b: Garchomp|38/100\n|\n|-end|p2b: Goo Goo Dolls|move: Taunt\n|upkeep\n|turn|4\n|\n|t:|1776595604\n|move|p2a: Tinkaton|Protect||[still]\n|-fail|p2a: Tinkaton\n|move|p1b: Garchomp|Substitute|p1b: Garchomp\n|-start|p1b: Garchomp|Substitute\n|-damage|p1b: Garchomp|13/100\n|move|p1a: Incineroar|Flare Blitz|p2b: Goo Goo Dolls\n|-supereffective|p2b: Goo Goo Dolls|1\n|-damage|p2b: Goo Goo Dolls|0 fnt\n|faint|p2b: Goo Goo Dolls\n|-damage|p1a: Incineroar|5/100|[from] Recoil\n|\n|upkeep\n|\n|t:|1776595610\n|switch|p2b: Tyranocif|Tyranitar, L50, F|100/100\n|-weather|Sandstorm|[from] ability: Sand Stream|[of] p2b: Tyranocif\n|turn|5\n|\n|t:|1776595633\n|switch|p1a: Aerodactyl|Aerodactyl, L50, F|1/100\n|-ability|p1a: Aerodactyl|Unnerve\n|move|p2b: Tyranocif|Protect|p2b: Tyranocif\n|-singleturn|p2b: Tyranocif|Protect\n|move|p1b: Garchomp|Earthquake|p2b: Tyranocif|[spread] p2a\n|-activate|p2b: Tyranocif|move: Protect\n|-immune|p1a: Aerodactyl\n|-supereffective|p2a: Tinkaton|1\n|-damage|p2a: Tinkaton|0 fnt\n|faint|p2a: Tinkaton\n|\n|-weather|Sandstorm|[upkeep]\n|-sideend|p1: jabopoke|move: Tailwind\n|upkeep\n|\n|t:|1776595636\n|switch|p2a: Crabominable|Crabominable, L50, M|100/100\n|turn|6\n|\n|t:|1776595658\n|detailschange|p2a: Crabominable|Crabominable-Mega, L50, M\n|-mega|p2a: Crabominable|Crabominable|Crabominite\n|move|p2a: Crabominable|Mach Punch|p1a: Aerodactyl\n|-damage|p1a: Aerodactyl|0 fnt\n|faint|p1a: Aerodactyl\n|move|p1b: Garchomp|Earthquake|p2b: Tyranocif|[spread] p2a,p2b\n|-supereffective|p2b: Tyranocif|1\n|-damage|p2a: Crabominable|57/100\n|-damage|p2b: Tyranocif|11/100\n|move|p2b: Tyranocif|Crunch|p1b: Garchomp\n|-end|p1b: Garchomp|Substitute\n|\n|-weather|Sandstorm|[upkeep]\n|-damage|p2a: Crabominable|51/100|[from] Sandstorm\n|upkeep\n|\n|t:|1776595673\n|switch|p1a: Incineroar|Incineroar, L50, F|5/100\n|turn|7\n|\n|t:|1776595682\n|move|p2b: Tyranocif|Protect|p2b: Tyranocif\n|-singleturn|p2b: Tyranocif|Protect\n|move|p2a: Crabominable|Protect|p2a: Crabominable\n|-singleturn|p2a: Crabominable|Protect\n|move|p1a: Incineroar|Fake Out|p2a: Crabominable\n|-activate|p2a: Crabominable|move: Protect\n|move|p1b: Garchomp|Dragon Claw|p2b: Tyranocif\n|-activate|p2b: Tyranocif|move: Protect\n|\n|-weather|Sandstorm|[upkeep]\n|-damage|p1a: Incineroar|0 fnt|[from] Sandstorm\n|-damage|p2a: Crabominable|46/100|[from] Sandstorm\n|faint|p1a: Incineroar\n|upkeep\n|\n|t:|1776595697\n|switch|p1a: Tauros|Tauros-Paldea-Aqua, L50, M|100/100\n|-ability|p1a: Tauros|Intimidate|boost\n|-unboost|p2a: Crabominable|atk|1\n|-unboost|p2b: Tyranocif|atk|1\n|turn|8\n|\n|t:|1776595711\n|move|p1b: Garchomp|Protect|p1b: Garchomp\n|-singleturn|p1b: Garchomp|Protect\n|move|p1a: Tauros|Aqua Jet|p2b: Tyranocif\n|-supereffective|p2b: Tyranocif|1\n|-damage|p2b: Tyranocif|0 fnt\n|faint|p2b: Tyranocif\n|move|p2a: Crabominable|Mach Punch|p1b: Garchomp\n|-activate|p1b: Garchomp|move: Protect\n|\n|-weather|Sandstorm|[upkeep]\n|-damage|p1a: Tauros|95/100|[from] Sandstorm\n|-damage|p2a: Crabominable|40/100|[from] Sandstorm\n|upkeep\n|turn|9\n|\n|t:|1776595733\n|move|p1a: Tauros|Close Combat|p2a: Crabominable\n|-supereffective|p2a: Crabominable|1\n|-damage|p2a: Crabominable|0 fnt\n|-unboost|p1a: Tauros|def|1\n|-unboost|p1a: Tauros|spd|1\n|faint|p2a: Crabominable\n|\n|win|jabopoke\n|raw|jabopoke's rating: 1011 &rarr; <strong>1051</strong><br />(+40 for winning)\n|raw|horohorovasey's rating: 1025 &rarr; <strong>1011</strong><br />(-14 for losing)\n|l|\u2606jabopoke\n|player|p1|\n",
  "uploadtime": 1776595786,
  "views": 13,
  "formatid": "gen9championsvgc2026regma",
  "rating": 1011,
  "private": 0,
  "password": null
}