{
  "id": "gen9championsvgc2026regma-2582210490",
  "format": "[Gen 9 Champions] VGC 2026 Reg M-A",
  "players": [
    "STORM_BOX011",
    "colfox"
  ],
  "log": "|j|\u2606STORM_BOX011\n|j|\u2606colfox\n|t:|1776071703\n|gametype|doubles\n|player|p1|STORM_BOX011|hilbert-wonderlauncher|1039\n|player|p2|colfox|1|1013\n|gen|9\n|tier|[Gen 9 Champions] VGC 2026 Reg M-A\n|rated|\n|rule|Species Clause: Limit one of each Pok\u00e9mon\n|rule|Item Clause: Limit 1 of each item\n|clearpoke\n|poke|p1|Glimmora, L50, M|\n|poke|p1|Incineroar, L50, M|\n|poke|p1|Crabominable, L50, F|\n|poke|p1|Sinistcha-Masterpiece, L50|\n|poke|p1|Pelipper, L50, M|\n|poke|p1|Archaludon, L50, M|\n|poke|p2|Ninetales, L50, M|\n|poke|p2|Dragonite, L50, M|\n|poke|p2|Sylveon, L50, F|\n|poke|p2|Whimsicott, L50, M|\n|poke|p2|Delphox, L50, M|\n|poke|p2|Garchomp, L50, M|\n|teampreview|4\n|inactive|Battle timer is ON: inactive players will automatically lose when time's up. (requested by STORM_BOX011)\n|inactive|colfox has 60 seconds left.\n|\n|t:|1776071771\n|teamsize|p1|4\n|teamsize|p2|4\n|start\n|switch|p1a: Pelipper|Pelipper, L50, M|100/100\n|switch|p1b: Archaludon|Archaludon, L50, M|100/100\n|switch|p2a: Whimsicott|Whimsicott, L50, M|100/100\n|switch|p2b: Sylveon|Sylveon, L50, F|100/100\n|-weather|RainDance|[from] ability: Drizzle|[of] p1a: Pelipper\n|turn|1\n|\n|t:|1776071788\n|switch|p2b: Ninetales|Ninetales, L50, M|100/100\n|-weather|SunnyDay|[from] ability: Drought|[of] p2b: Ninetales\n|move|p2a: Whimsicott|Tailwind|p2a: Whimsicott\n|-sidestart|p2: colfox|move: Tailwind\n|move|p1b: Archaludon|Electro Shot||[still]\n|-prepare|p1b: Archaludon|Electro Shot\n|-boost|p1b: Archaludon|spa|1\n|move|p1a: Pelipper|Icy Wind|p2a: Whimsicott|[spread] p2a,p2b\n|-supereffective|p2a: Whimsicott|1\n|-resisted|p2b: Ninetales|1\n|-damage|p2a: Whimsicott|63/100\n|-damage|p2b: Ninetales|92/100\n|-unboost|p2a: Whimsicott|spe|1\n|-unboost|p2b: Ninetales|spe|1\n|\n|-weather|SunnyDay|[upkeep]\n|upkeep\n|turn|2\n|inactive|colfox has 30 seconds left.\n|inactive|colfox has 20 seconds left.\n|\n|t:|1776071827\n|switch|p2a: Delphox|Delphox, L50, M|100/100\n|move|p2b: Ninetales|Flamethrower|p1b: Archaludon\n|-damage|p1b: Archaludon|13/100\n|move|p1b: Archaludon|Electro Shot|p2b: Ninetales|[from] lockedmove\n|-damage|p2b: Ninetales|1/100\n|move|p1a: Pelipper|Hurricane|p2a: Delphox|[miss]\n|-miss|p1a: Pelipper|p2a: Delphox\n|\n|-weather|SunnyDay|[upkeep]\n|upkeep\n|turn|3\n|\n|t:|1776071847\n|detailschange|p2a: Delphox|Delphox-Mega, L50, M\n|-mega|p2a: Delphox|Delphox|Delphoxite\n|move|p1b: Archaludon|Protect|p1b: Archaludon\n|-singleturn|p1b: Archaludon|Protect\n|move|p2a: Delphox|Psychic|p1a: Pelipper\n|-damage|p1a: Pelipper|18/100\n|move|p2b: Ninetales|Flamethrower|p1b: Archaludon\n|-activate|p1b: Archaludon|move: Protect\n|move|p1a: Pelipper|Icy Wind|p2b: Ninetales|[spread] p2a\n|-miss|p1a: Pelipper|p2b: Ninetales\n|-resisted|p2a: Delphox|1\n|-damage|p2a: Delphox|95/100\n|-unboost|p2a: Delphox|spe|1\n|\n|-weather|SunnyDay|[upkeep]\n|upkeep\n|turn|4\n|\n|t:|1776071869\n|switch|p1a: Incineroar|Incineroar, L50, M|100/100\n|-ability|p1a: Incineroar|Intimidate|boost\n|-unboost|p2a: Delphox|atk|1\n|-unboost|p2b: Ninetales|atk|1\n|move|p1b: Archaludon|Protect||[still]\n|-fail|p1b: Archaludon\n|move|p2a: Delphox|Flamethrower|p1b: Archaludon\n|-damage|p1b: Archaludon|0 fnt\n|faint|p1b: Archaludon\n|move|p2b: Ninetales|Flamethrower|p1a: Incineroar\n|-resisted|p1a: Incineroar|1\n|-damage|p1a: Incineroar|72/100\n|\n|-weather|SunnyDay|[upkeep]\n|-sideend|p2: colfox|move: Tailwind\n|upkeep\n|inactive|STORM_BOX011 has 30 seconds left.\n|\n|t:|1776071897\n|switch|p1b: Pelipper|Pelipper, L50, M|18/100\n|-weather|RainDance|[from] ability: Drizzle|[of] p1b: Pelipper\n|turn|5\n|inactive|STORM_BOX011 has 30 seconds left.\n|inactive|STORM_BOX011 has 20 seconds left.\n|inactive|STORM_BOX011 has 15 seconds left.\n|\n|t:|1776071939\n|switch|p2a: Whimsicott|Whimsicott, L50, M|63/100\n|switch|p2b: Sylveon|Sylveon, L50, F|100/100\n|move|p1a: Incineroar|Fake Out|p2a: Whimsicott\n|-damage|p2a: Whimsicott|50/100\n|move|p1b: Pelipper|Icy Wind|p2a: Whimsicott|[spread] p2a,p2b\n|-supereffective|p2a: Whimsicott|1\n|-damage|p2a: Whimsicott|12/100\n|-damage|p2b: Sylveon|92/100\n|-unboost|p2a: Whimsicott|spe|1\n|-unboost|p2b: Sylveon|spe|1\n|\n|-weather|RainDance|[upkeep]\n|upkeep\n|turn|6\n|\n|t:|1776071961\n|move|p2a: Whimsicott|Tailwind|p2a: Whimsicott\n|-sidestart|p2: colfox|move: Tailwind\n|move|p1a: Incineroar|Flare Blitz|p2b: Sylveon\n|-damage|p2b: Sylveon|65/100\n|-status|p2b: Sylveon|brn\n|-damage|p1a: Incineroar|63/100|[from] Recoil\n|move|p2b: Sylveon|Wish|p2b: Sylveon\n|move|p1b: Pelipper|Icy Wind|p2a: Whimsicott|[spread] p2a,p2b\n|-supereffective|p2a: Whimsicott|1\n|-crit|p2a: Whimsicott\n|-damage|p2a: Whimsicott|0 fnt\n|-damage|p2b: Sylveon|56/100 brn\n|-unboost|p2b: Sylveon|spe|1\n|faint|p2a: Whimsicott\n|\n|-weather|RainDance|[upkeep]\n|-damage|p2b: Sylveon|50/100 brn|[from] brn\n|upkeep\n|-enditem|p2b: Sylveon|Sitrus Berry|[eat]\n|-heal|p2b: Sylveon|75/100 brn|[from] item: Sitrus Berry\n|\n|t:|1776071978\n|switch|p2a: Ninetales|Ninetales, L50, M|1/100\n|-weather|SunnyDay|[from] ability: Drought|[of] p2a: Ninetales\n|turn|7\n|\n|t:|1776071987\n|switch|p1b: Glimmora|Glimmora, L50, M|100/100\n|move|p2a: Ninetales|Flamethrower|p1b: Glimmora\n|-resisted|p1b: Glimmora|1\n|-damage|p1b: Glimmora|61/100\n|move|p1a: Incineroar|Crunch|p2a: Ninetales\n|-damage|p2a: Ninetales|0 fnt\n|faint|p2a: Ninetales\n|move|p2b: Sylveon|Hyper Voice|p1b: Glimmora|[spread] p1a,p1b\n|-resisted|p1b: Glimmora|1\n|-damage|p1a: Incineroar|25/100\n|-damage|p1b: Glimmora|35/100\n|-enditem|p1a: Incineroar|Sitrus Berry|[eat]\n|-heal|p1a: Incineroar|49/100|[from] item: Sitrus Berry\n|\n|-weather|SunnyDay|[upkeep]\n|-heal|p2b: Sylveon|100/100 brn|[from] move: Wish|[wisher] Sylveon\n|-damage|p2b: Sylveon|95/100 brn|[from] brn\n|upkeep\n|\n|t:|1776072003\n|switch|p2a: Delphox|Delphox-Mega, L50, M|95/100\n|turn|8\n|inactive|STORM_BOX011 has 30 seconds left.\n|inactive|STORM_BOX011 has 20 seconds left.\n|inactive|STORM_BOX011 has 15 seconds left.\n|inactive|STORM_BOX011 has 10 seconds left.\n|inactive|STORM_BOX011 has 5 seconds left.\n|\n|t:|1776072058\n|move|p2a: Delphox|Psychic|p1b: Glimmora\n|-supereffective|p1b: Glimmora|1\n|-damage|p1b: Glimmora|0 fnt\n|faint|p1b: Glimmora\n|move|p1a: Incineroar|Parting Shot|p2a: Delphox\n|-unboost|p2a: Delphox|atk|1\n|-unboost|p2a: Delphox|spa|1\n|inactive|STORM_BOX011 has 30 seconds left.\n|\n|t:|1776072085\n|switch|p1a: Pelipper|Pelipper, L50, M|18/100|[from] Parting Shot\n|-weather|RainDance|[from] ability: Drizzle|[of] p1a: Pelipper\n|move|p2b: Sylveon|Hyper Voice|p1a: Pelipper\n|-damage|p1a: Pelipper|0 fnt\n|faint|p1a: Pelipper\n|\n|-weather|RainDance|[upkeep]\n|-damage|p2b: Sylveon|89/100 brn|[from] brn\n|upkeep\n|\n|t:|1776072096\n|switch|p1b: Incineroar|Incineroar, L50, M|49/100\n|-ability|p1b: Incineroar|Intimidate|boost\n|-unboost|p2a: Delphox|atk|1\n|-unboost|p2b: Sylveon|atk|1\n|turn|9\n|\n|t:|1776072104\n|move|p1b: Incineroar|Fake Out|p2a: Delphox\n|-damage|p2a: Delphox|78/100\n|cant|p2a: Delphox|flinch\n|move|p2b: Sylveon|Hyper Voice|p1b: Incineroar\n|-damage|p1b: Incineroar|1/100\n|\n|-weather|RainDance|[upkeep]\n|-damage|p2b: Sylveon|83/100 brn|[from] brn\n|-sideend|p2: colfox|move: Tailwind\n|upkeep\n|turn|10\n|\n|t:|1776072117\n|move|p2a: Delphox|Flamethrower|p1b: Incineroar\n|-resisted|p1b: Incineroar|1\n|-damage|p1b: Incineroar|0 fnt\n|faint|p1b: Incineroar\n|\n|win|colfox\n|raw|STORM_BOX011's rating: 1039 &rarr; <strong>1022</strong><br />(-17 for losing)\n|raw|colfox's rating: 1013 &rarr; <strong>1054</strong><br />(+41 for winning)\n|l|\u2606STORM_BOX011\n|player|p1|\n",
  "uploadtime": 1776072127,
  "views": 18,
  "formatid": "gen9championsvgc2026regma",
  "rating": 1022,
  "private": 0,
  "password": null
}