{
  "id": "gen9championsvgc2026regma-2587905072",
  "format": "[Gen 9 Champions] VGC 2026 Reg M-A",
  "players": [
    "LelBoii",
    "TheBallistic1"
  ],
  "log": "|j|\u2606LelBoii\n|j|\u2606TheBallistic1\n|html|<table width=\"100%\"><tr><td align=\"left\">LelBoii</td><td align=\"right\">TheBallistic1</tr><tr><td align=\"left\"><i class=\"fa fa-circle-o\"></i> <i class=\"fa fa-circle-o\"></i> </td><td align=\"right\"><i class=\"fa fa-circle-o\"></i> <i class=\"fa fa-circle-o\"></i> </tr></table>\n|uhtml|bestof|<h2><strong>Game 1</strong> of <a href=\"/game-bestof3-gen9championsvgc2026regma-2587905071\">a best-of-3</a></h2>\n|t:|1776577099\n|gametype|doubles\n|player|p1|LelBoii|rosa|\n|player|p2|TheBallistic1|colress|\n|gen|9\n|tier|[Gen 9 Champions] VGC 2026 Reg M-A\n|rated|Tournament battle\n|rule|Species Clause: Limit one of each Pok\u00e9mon\n|rule|Item Clause: Limit 1 of each item\n|raw|<div class=\"infobox\"><details class=\"readmore\" open><summary><strong>2 custom rules:</strong></summary> Force Open Team Sheets, Best of = 3</details></div>\n|clearpoke\n|poke|p1|Scovillain, L50, M|\n|poke|p1|Kingambit, L50, F|\n|poke|p1|Sneasler, L50, M|\n|poke|p1|Primarina, L50, F|\n|poke|p1|Garchomp, L50, M|\n|poke|p1|Aerodactyl, L50, F|\n|poke|p2|Floette-Eternal, L50, F|\n|poke|p2|Charizard, L50, F|\n|poke|p2|Sneasler, L50, F|\n|poke|p2|Milotic, L50, M|\n|poke|p2|Incineroar, L50, M|\n|poke|p2|Sinistcha, L50|\n|teampreview|4\n|showteam|p1|Scovillain||Scovillainite|Chlorophyll|Protect,RagePowder,Flamethrower,LeafStorm|||M|||50|]Kingambit||BlackGlasses|Defiant|Protect,SwordsDance,KowtowCleave,SuckerPunch|||F|||50|]Sneasler||WhiteHerb|Unburden|FakeOut,Protect,DireClaw,CloseCombat|||M|||50|]Primarina||Leftovers|LiquidVoice|Protect,CalmMind,HyperVoice,Moonblast|||F|||50|]Garchomp||HabanBerry|RoughSkin|Protect,Earthquake,StompingTantrum,RockSlide|||M|||50|]Aerodactyl||FocusSash|Unnerve|Protect,Tailwind,WideGuard,RockSlide|||F|||50|\n|showteam|p2|Floette-Eternal||Floettite|FlowerVeil|Protect,Psychic,Moonblast,DazzlingGleam|||F|||50|]Charizard||CharizarditeY|Blaze|Protect,SolarBeam,HeatWave,AirSlash|||F|||50|]Sneasler||WhiteHerb|Unburden|FakeOut,Uturn,CloseCombat,DireClaw|||F|||50|]Milotic||Leftovers|Competitive|Protect,Haze,Scald,IceBeam|||M|||50|]Incineroar||SitrusBerry|Intimidate|FakeOut,PartingShot,FlareBlitz,DarkestLariat|||M|||50|]Sinistcha||MentalHerb|Hospitality|Protect,RagePowder,MatchaGotcha,StrengthSap||||||50|\n|\n|t:|1776577137\n|teamsize|p1|4\n|teamsize|p2|4\n|start\n|switch|p1a: Aerodactyl|Aerodactyl, L50, F|100/100\n|switch|p1b: Garchomp|Garchomp, L50, M|100/100\n|switch|p2a: Sneasler|Sneasler, L50, F|100/100\n|switch|p2b: Charizard|Charizard, L50, F|100/100\n|-ability|p1a: Aerodactyl|Unnerve\n|turn|1\n|inactive|Battle timer is ON: inactive players will automatically lose when time's up. (requested by LelBoii)\n|\n|t:|1776577153\n|detailschange|p2b: Charizard|Charizard-Mega-Y, L50, F\n|-mega|p2b: Charizard|Charizard|Charizardite Y\n|-weather|SunnyDay|[from] ability: Drought|[of] p2b: Charizard\n|move|p1a: Aerodactyl|Protect|p1a: Aerodactyl\n|-singleturn|p1a: Aerodactyl|Protect\n|move|p1b: Garchomp|Protect|p1b: Garchomp\n|-singleturn|p1b: Garchomp|Protect\n|move|p2a: Sneasler|Fake Out|p1a: Aerodactyl\n|-activate|p1a: Aerodactyl|move: Protect\n|move|p2b: Charizard|Solar Beam||[still]\n|-prepare|p2b: Charizard|Solar Beam\n|-anim|p2b: Charizard|Solar Beam|p1a: Aerodactyl\n|-activate|p1a: Aerodactyl|move: Protect\n|\n|-weather|SunnyDay|[upkeep]\n|upkeep\n|turn|2\n|\n|t:|1776577173\n|switch|p2b: Milotic|Milotic, L50, M|100/100\n|move|p1a: Aerodactyl|Rock Slide|p2b: Milotic|[spread] p2a,p2b\n|-resisted|p2a: Sneasler|1\n|-damage|p2a: Sneasler|79/100\n|-damage|p2b: Milotic|69/100\n|move|p2a: Sneasler|Close Combat|p1b: Garchomp\n|-damage|p1b: Garchomp|33/100\n|-unboost|p2a: Sneasler|def|1\n|-unboost|p2a: Sneasler|spd|1\n|-damage|p2a: Sneasler|67/100|[from] ability: Rough Skin|[of] p1b: Garchomp\n|-enditem|p2a: Sneasler|White Herb\n|-clearnegativeboost|p2a: Sneasler|[silent]\n|move|p1b: Garchomp|Earthquake|p2b: Milotic|[spread] p2a,p2b\n|-immune|p1a: Aerodactyl\n|-supereffective|p2a: Sneasler|1\n|-damage|p2a: Sneasler|0 fnt\n|-damage|p2b: Milotic|21/100\n|faint|p2a: Sneasler\n|\n|-weather|SunnyDay|[upkeep]\n|-heal|p2b: Milotic|27/100|[from] item: Leftovers\n|upkeep\n|\n|t:|1776577184\n|switch|p2a: Charizard|Charizard-Mega-Y, L50, F|100/100\n|turn|3\n|\n|t:|1776577195\n|move|p2a: Charizard|Protect|p2a: Charizard\n|-singleturn|p2a: Charizard|Protect\n|move|p1a: Aerodactyl|Rock Slide|p2b: Milotic|[spread] p2b\n|-activate|p2a: Charizard|move: Protect\n|-damage|p2b: Milotic|0 fnt\n|faint|p2b: Milotic\n|move|p1b: Garchomp|Earthquake|p2a: Charizard|[spread] \n|-activate|p2a: Charizard|move: Protect\n|-immune|p1a: Aerodactyl\n|\n|-weather|SunnyDay|[upkeep]\n|upkeep\n|\n|t:|1776577211\n|switch|p2b: Sinistcha|Sinistcha, L50|100/100\n|turn|4\n|\n|t:|1776577221\n|move|p1a: Aerodactyl|Rock Slide|p2a: Charizard|[spread] p2a,p2b\n|-supereffective|p2a: Charizard|2\n|-damage|p2a: Charizard|0 fnt\n|-damage|p2b: Sinistcha|80/100\n|faint|p2a: Charizard\n|move|p1b: Garchomp|Rock Slide|p2b: Sinistcha|[miss]\n|-miss|p1b: Garchomp|p2b: Sinistcha\n|move|p2b: Sinistcha|Matcha Gotcha|p1b: Garchomp|[spread] p1b\n|-miss|p2b: Sinistcha|p1a: Aerodactyl\n|-damage|p1b: Garchomp|4/100\n|-heal|p2b: Sinistcha|96/100|[from] drain|[of] p1b: Garchomp\n|\n|-weather|SunnyDay|[upkeep]\n|upkeep\n|turn|5\n|\n|t:|1776577238\n|switch|p1b: Scovillain|Scovillain, L50, M|100/100\n|move|p1a: Aerodactyl|Rock Slide|p2b: Sinistcha\n|-damage|p2b: Sinistcha|68/100\n|move|p2b: Sinistcha|Matcha Gotcha|p1b: Scovillain|[spread] p1a,p1b\n|-resisted|p1b: Scovillain|2\n|-damage|p1a: Aerodactyl|65/100\n|-heal|p2b: Sinistcha|85/100|[from] drain|[of] p1a: Aerodactyl\n|-damage|p1b: Scovillain|94/100\n|-heal|p2b: Sinistcha|89/100|[from] drain|[of] p1b: Scovillain\n|\n|-weather|none\n|upkeep\n|turn|6\n|\n|t:|1776577250\n|detailschange|p1b: Scovillain|Scovillain-Mega, L50, M\n|-mega|p1b: Scovillain|Scovillain|Scovillainite\n|move|p1a: Aerodactyl|Wide Guard|p1a: Aerodactyl\n|-singleturn|p1a: Aerodactyl|Wide Guard\n|move|p1b: Scovillain|Flamethrower|p2b: Sinistcha\n|-supereffective|p2b: Sinistcha|1\n|-damage|p2b: Sinistcha|2/100\n|move|p2b: Sinistcha|Matcha Gotcha|p1a: Aerodactyl|[spread] \n|-activate|p1a: Aerodactyl|move: Wide Guard\n|-activate|p1b: Scovillain|move: Wide Guard\n|\n|upkeep\n|turn|7\n|\n|t:|1776577264\n|move|p1a: Aerodactyl|Rock Slide|p2b: Sinistcha\n|-damage|p2b: Sinistcha|0 fnt\n|faint|p2b: Sinistcha\n|\n|win|LelBoii\n||LelBoii is ready for game 2.\n",
  "uploadtime": 1776577268,
  "views": 19,
  "formatid": "gen9championsvgc2026regma",
  "rating": null,
  "private": 0,
  "password": null
}