{
  "id": "gen9championsvgc2026regma-2582064837",
  "format": "[Gen 9 Champions] VGC 2026 Reg M-A",
  "players": [
    "mmmjam",
    "Muzatio"
  ],
  "log": "|j|\u2606mmmjam\n|j|\u2606Muzatio\n|t:|1776053591\n|gametype|doubles\n|player|p1|mmmjam|266|1083\n|player|p2|Muzatio|ghetsis|1000\n|gen|9\n|tier|[Gen 9 Champions] VGC 2026 Reg M-A\n|rated|\n|rule|Species Clause: Limit one of each Pok\u00e9mon\n|rule|Item Clause: Limit 1 of each item\n|clearpoke\n|poke|p1|Meganium, L50, F|\n|poke|p1|Politoed, L50, M|\n|poke|p1|Basculegion, L50, M|\n|poke|p1|Archaludon, L50, F|\n|poke|p1|Maushold-Four, L50|\n|poke|p1|Talonflame, L50, M|\n|poke|p2|Froslass, L50, F|\n|poke|p2|Incineroar, L50, M|\n|poke|p2|Whimsicott, L50, F|\n|poke|p2|Mamoswine, L50, M|\n|teampreview|4\n|\n|t:|1776053677\n|teamsize|p1|4\n|teamsize|p2|4\n|start\n|switch|p1a: Talonflame|Talonflame, L50, M, shiny|100/100\n|switch|p1b: Archaludon|Archaludon, L50, F|100/100\n|switch|p2a: Froslass|Froslass, L50, F|100/100\n|switch|p2b: Whimsicott|Whimsicott, L50, F|100/100\n|turn|1\n|\n|t:|1776053696\n|move|p2a: Froslass|Protect|p2a: Froslass\n|-singleturn|p2a: Froslass|Protect\n|move|p2b: Whimsicott|Tailwind|p2b: Whimsicott\n|-sidestart|p2: Muzatio|move: Tailwind\n|move|p1a: Talonflame|Rain Dance|p1a: Talonflame\n|-weather|RainDance\n|move|p1b: Archaludon|Flash Cannon|p2a: Froslass\n|-activate|p2a: Froslass|move: Protect\n|\n|-weather|RainDance|[upkeep]\n|upkeep\n|turn|2\n|\n|t:|1776053730\n|switch|p1a: Maushold|Maushold-Four, L50|100/100\n|detailschange|p2a: Froslass|Froslass-Mega, L50, F\n|-mega|p2a: Froslass|Froslass|Froslassite\n|-weather|Snowscape|[from] ability: Snow Warning|[of] p2a: Froslass\n|move|p2b: Whimsicott|Light Screen|p2b: Whimsicott\n|-sidestart|p2: Muzatio|move: Light Screen\n|move|p2a: Froslass|Aurora Veil|p2a: Froslass\n|-sidestart|p2: Muzatio|move: Aurora Veil\n|move|p1b: Archaludon|Flash Cannon|p2a: Froslass\n|-supereffective|p2a: Froslass|1\n|-damage|p2a: Froslass|37/100\n|\n|-weather|Snowscape|[upkeep]\n|upkeep\n|turn|3\n|inactive|Battle timer is ON: inactive players will automatically lose when time's up. (requested by Muzatio)\n|\n|t:|1776053774\n|move|p2a: Froslass|Blizzard|p1b: Archaludon|[spread] p1a,p1b\n|-damage|p1a: Maushold|36/100\n|-damage|p1b: Archaludon|32/100\n|move|p2b: Whimsicott|Dazzling Gleam|p1b: Archaludon|[spread] p1a,p1b\n|-damage|p1a: Maushold|11/100\n|-damage|p1b: Archaludon|6/100\n|move|p1a: Maushold|Bite|p2a: Froslass\n|-supereffective|p2a: Froslass|1\n|-damage|p2a: Froslass|4/100\n|move|p1b: Archaludon|Flash Cannon|p2b: Whimsicott\n|-supereffective|p2b: Whimsicott|1\n|-damage|p2b: Whimsicott|38/100\n|\n|-weather|Snowscape|[upkeep]\n|upkeep\n|turn|4\n|inactive|mmmjam has 30 seconds left.\n|inactive|mmmjam has 20 seconds left.\n|inactive|mmmjam has 15 seconds left.\n|inactive|mmmjam has 10 seconds left.\n|inactive|mmmjam has 5 seconds left.\n|\n|t:|1776053828\n|switch|p1a: Talonflame|Talonflame, L50, M, shiny|100/100\n|move|p1b: Archaludon|Protect|p1b: Archaludon\n|-singleturn|p1b: Archaludon|Protect\n|move|p2a: Froslass|Blizzard|p1b: Archaludon|[spread] p1a\n|-activate|p1b: Archaludon|move: Protect\n|-damage|p1a: Talonflame|29/100\n|move|p2b: Whimsicott|Dazzling Gleam|p1a: Talonflame|[spread] p1a\n|-activate|p1b: Archaludon|move: Protect\n|-resisted|p1a: Talonflame|1\n|-damage|p1a: Talonflame|17/100\n|\n|-weather|Snowscape|[upkeep]\n|-sideend|p2: Muzatio|move: Tailwind\n|upkeep\n|turn|5\n|inactive|mmmjam has 30 seconds left.\n|\n|t:|1776053860\n|move|p2b: Whimsicott|Tailwind|p2b: Whimsicott\n|-sidestart|p2: Muzatio|move: Tailwind\n|move|p2a: Froslass|Blizzard|p1b: Archaludon|[spread] p1a,p1b\n|-damage|p1a: Talonflame|0 fnt\n|-damage|p1b: Archaludon|0 fnt\n|faint|p1a: Talonflame\n|faint|p1b: Archaludon\n|\n|-weather|Snowscape|[upkeep]\n|upkeep\n|\n|t:|1776053864\n|switch|p1a: Basculegion|Basculegion, L50, M|100/100\n|switch|p1b: Maushold|Maushold-Four, L50|11/100\n|turn|6\n|inactive|mmmjam has 30 seconds left.\n|\n|t:|1776053893\n|move|p2a: Froslass|Shadow Ball|p1a: Basculegion\n|-supereffective|p1a: Basculegion|1\n|-damage|p1a: Basculegion|2/100\n|move|p2b: Whimsicott|Dazzling Gleam|p1b: Maushold|[spread] p1a,p1b\n|-damage|p1a: Basculegion|0 fnt\n|-damage|p1b: Maushold|0 fnt\n|faint|p1a: Basculegion\n|faint|p1b: Maushold\n|\n|win|Muzatio\n|raw|mmmjam's rating: 1083 &rarr; <strong>1055</strong><br />(-28 for losing)\n|raw|Muzatio's rating: 1000 &rarr; <strong>1049</strong><br />(+49 for winning)\n|l|\u2606Muzatio\n|player|p2|\n",
  "uploadtime": 1776053919,
  "views": 17,
  "formatid": "gen9championsvgc2026regma",
  "rating": 1049,
  "private": 0,
  "password": null
}