{
  "id": "gen9championsvgc2026regma-2583143044",
  "format": "[Gen 9 Champions] VGC 2026 Reg M-A",
  "players": [
    "AngelGermanP12",
    "Prohxy"
  ],
  "log": "|j|\u2606AngelGermanP12\n|j|\u2606Prohxy\n|t:|1776147250\n|gametype|doubles\n|player|p1|AngelGermanP12|266|1083\n|player|p2|Prohxy|lorelei-lgpe|1054\n|gen|9\n|tier|[Gen 9 Champions] VGC 2026 Reg M-A\n|rated|\n|rule|Species Clause: Limit one of each Pok\u00e9mon\n|rule|Item Clause: Limit 1 of each item\n|clearpoke\n|poke|p1|Floette-Eternal, L50, F|\n|poke|p1|Archaludon, L50, M|\n|poke|p1|Pelipper, L50, M|\n|poke|p1|Incineroar, L50, F|\n|poke|p1|Basculegion, L50, M|\n|poke|p1|Sinistcha, L50|\n|poke|p2|Alcremie, L50, F|\n|poke|p2|Sinistcha, L50|\n|poke|p2|Scizor, L50, M|\n|poke|p2|Politoed, L50, M|\n|poke|p2|Basculegion, L50, M|\n|poke|p2|Stunfisk, L50, F|\n|teampreview|4\n|\n|t:|1776147268\n|teamsize|p1|4\n|teamsize|p2|4\n|start\n|switch|p1a: Archaludon|Archaludon, L50, M, shiny|100/100\n|switch|p1b: Sinistcha|Sinistcha, L50|100/100\n|switch|p2a: Politoed|Politoed, L50, M, shiny|100/100\n|switch|p2b: Stunfisk|Stunfisk, L50, F, shiny|100/100\n|-weather|RainDance|[from] ability: Drizzle|[of] p2a: Politoed\n|turn|1\n|\n|t:|1776147284\n|move|p1a: Archaludon|Electro Shot||[still]\n|-prepare|p1a: Archaludon|Electro Shot\n|-boost|p1a: Archaludon|spa|1\n|-anim|p1a: Archaludon|Electro Shot|p2a: Politoed\n|-supereffective|p2a: Politoed|1\n|-damage|p2a: Politoed|0 fnt\n|faint|p2a: Politoed\n|move|p1b: Sinistcha|Matcha Gotcha|p2b: Stunfisk\n|-supereffective|p2b: Stunfisk|1\n|-damage|p2b: Stunfisk|45/100\n|move|p2b: Stunfisk|Earth Power|p1a: Archaludon\n|-supereffective|p1a: Archaludon|1\n|-ability|p1a: Archaludon|Sturdy\n|-damage|p1a: Archaludon|1/100\n|\n|-weather|RainDance|[upkeep]\n|-heal|p2b: Stunfisk|51/100|[from] item: Leftovers\n|upkeep\n|\n|t:|1776147307\n|switch|p2a: Basculegion|Basculegion, L50, M|100/100\n|turn|2\n|inactive|Battle timer is ON: inactive players will automatically lose when time's up. (requested by AngelGermanP12)\n|\n|t:|1776147340\n|move|p1b: Sinistcha|Rage Powder|p1b: Sinistcha\n|-singleturn|p1b: Sinistcha|move: Rage Powder\n|move|p2a: Basculegion|Last Respects|p1b: Sinistcha\n|-supereffective|p1b: Sinistcha|1\n|-damage|p1b: Sinistcha|30/100\n|move|p1a: Archaludon|Draco Meteor|p2a: Basculegion\n|-enditem|p2a: Basculegion|Focus Sash\n|-damage|p2a: Basculegion|1/100\n|-unboost|p1a: Archaludon|spa|2\n|move|p2b: Stunfisk|Reflect Type|p1b: Sinistcha\n|-start|p2b: Stunfisk|typechange|[from] move: Reflect Type|[of] p1b: Sinistcha\n|\n|-weather|RainDance|[upkeep]\n|-heal|p1b: Sinistcha|36/100|[from] item: Leftovers\n|-heal|p2b: Stunfisk|57/100|[from] item: Leftovers\n|upkeep\n|-start|p2b: Stunfisk|typechange|Grass/Ghost|[silent]\n|turn|3\n|inactive|Prohxy has 30 seconds left.\n|\n|t:|1776147367\n|move|p2a: Basculegion|Last Respects|p1b: Sinistcha\n|-supereffective|p1b: Sinistcha|1\n|-damage|p1b: Sinistcha|0 fnt\n|faint|p1b: Sinistcha\n|move|p1a: Archaludon|Draco Meteor|p2a: Basculegion\n|-damage|p2a: Basculegion|0 fnt\n|-unboost|p1a: Archaludon|spa|2\n|faint|p2a: Basculegion\n|move|p2b: Stunfisk|Thunder|p1a: Archaludon\n|-resisted|p1a: Archaludon|1\n|-damage|p1a: Archaludon|0 fnt\n|faint|p1a: Archaludon\n|\n|-weather|RainDance|[upkeep]\n|-heal|p2b: Stunfisk|63/100|[from] item: Leftovers\n|upkeep\n|\n|t:|1776147382\n|switch|p1a: Floette|Floette-Eternal, L50, F|100/100\n|switch|p2a: Scizor|Scizor, L50, M, shiny|100/100\n|switch|p1b: Basculegion|Basculegion, L50, M|100/100\n|turn|4\n|\n|t:|1776147400\n|detailschange|p1a: Floette|Floette-Mega, L50, F\n|-mega|p1a: Floette|Floette|Floettite\n|-ability|p1a: Floette|Fairy Aura\n|detailschange|p2a: Scizor|Scizor-Mega, L50, M, shiny\n|-mega|p2a: Scizor|Scizor|Scizorite\n|move|p1a: Floette|Protect|p1a: Floette\n|-singleturn|p1a: Floette|Protect\n|move|p2a: Scizor|Bullet Punch|p1a: Floette\n|-activate|p1a: Floette|move: Protect\n|move|p1b: Basculegion|Last Respects|p2a: Scizor\n|-damage|p2a: Scizor|42/100\n|move|p2b: Stunfisk|Thunder|p1b: Basculegion\n|-supereffective|p1b: Basculegion|1\n|-damage|p1b: Basculegion|32/100\n|\n|-weather|RainDance|[upkeep]\n|-heal|p2b: Stunfisk|69/100|[from] item: Leftovers\n|upkeep\n|turn|5\n|\n|t:|1776147424\n|move|p2a: Scizor|Bullet Punch|p1a: Floette\n|-supereffective|p1a: Floette|1\n|-damage|p1a: Floette|0 fnt\n|faint|p1a: Floette\n|move|p1b: Basculegion|Wave Crash|p2a: Scizor\n|-damage|p2a: Scizor|0 fnt\n|faint|p2a: Scizor\n|-damage|p1b: Basculegion|22/100|[from] Recoil\n|move|p2b: Stunfisk|Thunder|p1b: Basculegion\n|-supereffective|p1b: Basculegion|1\n|-damage|p1b: Basculegion|0 fnt\n|faint|p1b: Basculegion\n|\n|win|Prohxy\n|raw|AngelGermanP12's rating: 1083 &rarr; <strong>1059</strong><br />(-24 for losing)\n|raw|Prohxy's rating: 1054 &rarr; <strong>1089</strong><br />(+35 for winning)\n",
  "uploadtime": 1776147436,
  "views": 25,
  "formatid": "gen9championsvgc2026regma",
  "rating": 1059,
  "private": 0,
  "password": null
}