{
  "id": "gen9championsvgc2026regma-2584095588",
  "format": "[Gen 9 Champions] VGC 2026 Reg M-A",
  "players": [
    "Big_Willyyyyyyy",
    "NoxxinVGC"
  ],
  "log": "|j|\u2606Big_Willyyyyyyy\n|j|\u2606NoxxinVGC\n|t:|1776224631\n|gametype|doubles\n|player|p1|Big_Willyyyyyyy|sabrina|1227\n|player|p2|NoxxinVGC|giovanni|1211\n|gen|9\n|tier|[Gen 9 Champions] VGC 2026 Reg M-A\n|rated|\n|rule|Species Clause: Limit one of each Pok\u00e9mon\n|rule|Item Clause: Limit 1 of each item\n|clearpoke\n|poke|p1|Froslass, L50, F|\n|poke|p1|Sneasler, L50, M|\n|poke|p1|Primarina, L50, F|\n|poke|p1|Kingambit, L50, M|\n|poke|p1|Clefable, L50, M|\n|poke|p1|Scizor, L50, F|\n|poke|p2|Delphox, L50, F|\n|poke|p2|Basculegion, L50, M|\n|poke|p2|Clefable, L50, F|\n|poke|p2|Kingambit, L50, F|\n|poke|p2|Dragonite, L50, M|\n|poke|p2|Sneasler, L50, M|\n|teampreview|4\n|inactive|Battle timer is ON: inactive players will automatically lose when time's up. (requested by NoxxinVGC)\nNoxxinVGC rejected open team sheets.\n|inactive|Big_Willyyyyyyy has 60 seconds left.\n|\n|t:|1776224662\n|teamsize|p1|4\n|teamsize|p2|4\n|start\n|switch|p1a: Sneasler|Sneasler, L50, M|100/100\n|switch|p1b: Primarina|Primarina, L50, F|100/100\n|switch|p2a: Delphox|Delphox, L50, F, shiny|100/100\n|switch|p2b: Basculegion|Basculegion, L50, M|100/100\n|turn|1\n|inactive|NoxxinVGC has 30 seconds left.\n|inactive|NoxxinVGC has 20 seconds left.\n|\n|t:|1776224698\n|detailschange|p2a: Delphox|Delphox-Mega, L50, F, shiny\n|-mega|p2a: Delphox|Delphox|Delphoxite\n|move|p2a: Delphox|Protect|p2a: Delphox\n|-singleturn|p2a: Delphox|Protect\n|move|p1a: Sneasler|Fake Out|p2a: Delphox\n|-activate|p2a: Delphox|move: Protect\n|move|p2b: Basculegion|Wave Crash|p1a: Sneasler\n|-damage|p1a: Sneasler|0 fnt\n|faint|p1a: Sneasler\n|-damage|p2b: Basculegion|69/100|[from] Recoil\n|move|p1b: Primarina|Hyper Voice|p2b: Basculegion|[spread] p2b\n|-activate|p2a: Delphox|move: Protect\n|-resisted|p2b: Basculegion|1\n|-crit|p2b: Basculegion\n|-damage|p2b: Basculegion|32/100\n|\n|upkeep\n|\n|t:|1776224719\n|switch|p1a: Clefable|Clefable, L50, M|100/100\n|turn|2\n|\n|t:|1776224726\n|switch|p2a: Kingambit|Kingambit, L50, F|100/100\n|move|p1a: Clefable|Helping Hand|p1b: Primarina\n|-singleturn|p1b: Primarina|Helping Hand|[of] p1a: Clefable\n|move|p2b: Basculegion|Wave Crash|p1a: Clefable\n|-damage|p1a: Clefable|4/100\n|-enditem|p1a: Clefable|Sitrus Berry|[eat]\n|-heal|p1a: Clefable|29/100|[from] item: Sitrus Berry\n|-damage|p2b: Basculegion|0 fnt|[from] Recoil\n|faint|p2b: Basculegion\n|move|p1b: Primarina|Hyper Voice|p2a: Kingambit\n|-damage|p2a: Kingambit|19/100\n|\n|upkeep\n|\n|t:|1776224742\n|switch|p2b: Sneasler|Sneasler, L50, M|100/100\n|turn|3\n|\n|t:|1776224754\n|move|p1b: Primarina|Protect|p1b: Primarina\n|-singleturn|p1b: Primarina|Protect\n|move|p2a: Kingambit|Sucker Punch||[still]\n|-fail|p2a: Kingambit\n|move|p2b: Sneasler|Dire Claw|p1b: Primarina\n|-activate|p1b: Primarina|move: Protect\n|move|p1a: Clefable|Moonblast|p2a: Kingambit\n|-damage|p2a: Kingambit|0 fnt\n|faint|p2a: Kingambit\n|\n|upkeep\n|\n|t:|1776224764\n|switch|p2a: Delphox|Delphox-Mega, L50, F, shiny|100/100\n|turn|4\n|\n|t:|1776224781\n|move|p1a: Clefable|Follow Me|p1a: Clefable\n|-singleturn|p1a: Clefable|move: Follow Me\n|move|p2a: Delphox|Heat Wave|p1b: Primarina|[spread] p1a,p1b\n|-resisted|p1b: Primarina|1\n|-damage|p1a: Clefable|2/100\n|-damage|p1b: Primarina|82/100\n|move|p2b: Sneasler|Dire Claw|p1a: Clefable\n|-supereffective|p1a: Clefable|1\n|-damage|p1a: Clefable|0 fnt\n|faint|p1a: Clefable\n|move|p1b: Primarina|Hyper Voice|p2b: Sneasler|[spread] p2a,p2b\n|-supereffective|p2a: Delphox|1\n|-damage|p2a: Delphox|12/100\n|-damage|p2b: Sneasler|36/100\n|\n|upkeep\n|\n|t:|1776224794\n|switch|p1a: Froslass|Froslass, L50, F|100/100\n|turn|5\n|\n|t:|1776224801\n|detailschange|p1a: Froslass|Froslass-Mega, L50, F\n|-mega|p1a: Froslass|Froslass|Froslassite\n|-weather|Snowscape|[from] ability: Snow Warning|[of] p1a: Froslass\n|move|p2a: Delphox|Heat Wave|p1a: Froslass|[spread] p1b\n|-miss|p2a: Delphox|p1a: Froslass\n|-resisted|p1b: Primarina|1\n|-damage|p1b: Primarina|64/100\n|move|p2b: Sneasler|Dire Claw|p1b: Primarina\n|-supereffective|p1b: Primarina|1\n|-damage|p1b: Primarina|0 fnt\n|faint|p1b: Primarina\n|move|p1a: Froslass|Blizzard|p2a: Delphox|[spread] p2a,p2b\n|-resisted|p2a: Delphox|1\n|-damage|p2a: Delphox|0 fnt\n|-damage|p2b: Sneasler|0 fnt\n|faint|p2a: Delphox\n|faint|p2b: Sneasler\n|\n|win|Big_Willyyyyyyy\n|raw|Big_Willyyyyyyy's rating: 1227 &rarr; <strong>1251</strong><br />(+24 for winning)\n|raw|NoxxinVGC's rating: 1211 &rarr; <strong>1187</strong><br />(-24 for losing)\n",
  "uploadtime": 1776224802,
  "views": 18,
  "formatid": "gen9championsvgc2026regma",
  "rating": 1187,
  "private": 0,
  "password": null
}