{
  "id": "gen9championsvgc2026regma-2585933754",
  "format": "[Gen 9 Champions] VGC 2026 Reg M-A",
  "players": [
    "claycharles",
    "CRAB ROOM"
  ],
  "log": "|j|\u2606claycharles\n|j|\u2606CRAB ROOM\n|t:|1776382784\n|gametype|doubles\n|player|p1|claycharles|266|1124\n|player|p2|CRAB ROOM|veteranf|1046\n|gen|9\n|tier|[Gen 9 Champions] VGC 2026 Reg M-A\n|rated|\n|rule|Species Clause: Limit one of each Pok\u00e9mon\n|rule|Item Clause: Limit 1 of each item\n|clearpoke\n|poke|p1|Hatterene, L50, F|\n|poke|p1|Torkoal, L50, F|\n|poke|p1|Oranguru, L50, F|\n|poke|p1|Emboar, L50, F|\n|poke|p1|Runerigus, L50, F|\n|poke|p1|Sableye, L50, F|\n|poke|p2|Farigiraf, L50, M|\n|poke|p2|Crabominable, L50, F|\n|poke|p2|Lucario, L50, M|\n|poke|p2|Incineroar, L50, M|\n|poke|p2|Mimikyu, L50, M|\n|poke|p2|Torkoal, L50, M|\n|teampreview|4\n|c|\u2606CRAB ROOM|ah i see you're a person of culture\n|\n|t:|1776382829\n|teamsize|p1|4\n|teamsize|p2|4\n|start\n|switch|p1a: Hatterene|Hatterene, L50, F|100/100\n|switch|p1b: Oranguru|Oranguru, L50, F|100/100\n|switch|p2a: Lucario|Lucario, L50, M|100/100\n|switch|p2b: Mimikyu|Mimikyu, L50, M|100/100\n|turn|1\n|c|\u2606claycharles|you're a man of exquisite taste as well\n|c|\u2606CRAB ROOM|woman but close enough\n|\n|t:|1776382861\n|move|p1a: Hatterene|Protect|p1a: Hatterene\n|-singleturn|p1a: Hatterene|Protect\n|move|p2a: Lucario|Final Gambit|p1b: Oranguru\n|-damage|p1b: Oranguru|3/100\n|faint|p2a: Lucario\n|move|p2b: Mimikyu|Swords Dance|p2b: Mimikyu\n|-boost|p2b: Mimikyu|atk|2\n|move|p1b: Oranguru|Trick Room|p1b: Oranguru\n|-fieldstart|move: Trick Room|[of] p1b: Oranguru\n|\n|upkeep\n|\n|t:|1776382875\n|switch|p2a: Incineroar|Incineroar, L50, M|100/100\n|-ability|p2a: Incineroar|Intimidate|boost\n|-unboost|p1a: Hatterene|atk|1\n|-fail|p1b: Oranguru|unboost|Attack|[from] ability: Inner Focus|[of] p1b: Oranguru\n|turn|2\n|c|\u2606claycharles|haha lucario needs more health\n|c|\u2606CRAB ROOM|thats max LOL\n|\n|t:|1776382959\n|move|p2a: Incineroar|Fake Out|p1a: Hatterene\n|-damage|p1a: Hatterene|85/100\n|cant|p1a: Hatterene|flinch\n|move|p1b: Oranguru|Instruct|p1a: Hatterene\n|-singleturn|p1a: Hatterene|move: Instruct|[of] p1b: Oranguru\n|cant|p1a: Hatterene|flinch\n|move|p2b: Mimikyu|Swords Dance|p2b: Mimikyu\n|-boost|p2b: Mimikyu|atk|2\n|\n|upkeep\n|turn|3\n|\n|t:|1776382983\n|move|p2b: Mimikyu|Shadow Sneak|p1a: Hatterene\n|-supereffective|p1a: Hatterene|1\n|-damage|p1a: Hatterene|0 fnt\n|faint|p1a: Hatterene\n|move|p2a: Incineroar|Darkest Lariat|p1b: Oranguru\n|-supereffective|p1b: Oranguru|1\n|-damage|p1b: Oranguru|0 fnt\n|faint|p1b: Oranguru\n|\n|upkeep\n|\n|t:|1776382990\n|switch|p1a: Torkoal|Torkoal, L50, F|100/100\n|switch|p1b: Emboar|Emboar, L50, F|100/100\n|-weather|SunnyDay|[from] ability: Drought|[of] p1a: Torkoal\n|turn|4\n|\n|t:|1776383047\n|move|p1a: Torkoal|Heat Wave|p2a: Incineroar|[spread] p2a,p2b\n|-resisted|p2a: Incineroar|1\n|-damage|p2a: Incineroar|77/100\n|-activate|p2b: Mimikyu|ability: Disguise\n|-damage|p2b: Mimikyu|100/100\n|detailschange|p2b: Mimikyu|Mimikyu-Busted, L50, M\n|-damage|p2b: Mimikyu|88/100|[from] pokemon: Mimikyu-Busted\n|move|p2a: Incineroar|Darkest Lariat|p1a: Torkoal\n|-damage|p1a: Torkoal|73/100\n|move|p1b: Emboar|Close Combat|p2a: Incineroar\n|-supereffective|p2a: Incineroar|1\n|-damage|p2a: Incineroar|0 fnt\n|-unboost|p1b: Emboar|def|1\n|-unboost|p1b: Emboar|spd|1\n|faint|p2a: Incineroar\n|move|p2b: Mimikyu|Play Rough|p1b: Emboar\n|-damage|p1b: Emboar|0 fnt\n|faint|p1b: Emboar\n|\n|-weather|SunnyDay|[upkeep]\n|upkeep\n|\n|t:|1776383065\n|switch|p2a: Crabominable|Crabominable, L50, F|100/100\n|turn|5\n|\n|t:|1776383079\n|detailschange|p2a: Crabominable|Crabominable-Mega, L50, F\n|-mega|p2a: Crabominable|Crabominable|Crabominite\n|move|p2a: Crabominable|Protect|p2a: Crabominable\n|-singleturn|p2a: Crabominable|Protect\n|move|p1a: Torkoal|Heat Wave|p2b: Mimikyu|[spread] p2b\n|-activate|p2a: Crabominable|move: Protect\n|-damage|p2b: Mimikyu|28/100\n|move|p2b: Mimikyu|Play Rough|p1a: Torkoal\n|-resisted|p1a: Torkoal|1\n|-damage|p1a: Torkoal|25/100\n|-unboost|p1a: Torkoal|atk|1\n|\n|-weather|SunnyDay|[upkeep]\n|-fieldend|move: Trick Room\n|upkeep\n|turn|6\n|\n|t:|1776383095\n|move|p2b: Mimikyu|Shadow Sneak|p1a: Torkoal\n|-damage|p1a: Torkoal|0 fnt\n|faint|p1a: Torkoal\n|\n|win|CRAB ROOM\n|raw|claycharles's rating: 1124 &rarr; <strong>1093</strong><br />(-31 for losing)\n|raw|CRAB ROOM's rating: 1046 &rarr; <strong>1086</strong><br />(+40 for winning)\n|c|\u2606CRAB ROOM|ggs\n|c|\u2606claycharles|gg\n",
  "uploadtime": 1776383101,
  "views": 17,
  "formatid": "gen9championsvgc2026regma",
  "rating": 1086,
  "private": 0,
  "password": null
}