{
  "id": "gen9championsvgc2026regma-2589484499",
  "format": "[Gen 9 Champions] VGC 2026 Reg M-A",
  "players": [
    "salmonsalesman",
    "Ranmados"
  ],
  "log": "|j|\u203dsalmonsalesman\n|j|\u2606Ranmados\n|t:|1776727156\n|gametype|doubles\n|player|p1|salmonsalesman|fisherman-gen4|1379\n|player|p2|Ranmados|coin|1405\n|gen|9\n|tier|[Gen 9 Champions] VGC 2026 Reg M-A\n|rated|\n|rule|Species Clause: Limit one of each Pok\u00e9mon\n|rule|Item Clause: Limit 1 of each item\n|clearpoke\n|poke|p1|Dragapult, L50, M|\n|poke|p1|Milotic, L50, M, shiny|\n|poke|p1|Sinistcha, L50|\n|poke|p1|Sneasler, L50, M|\n|poke|p1|Scizor, L50, M|\n|poke|p1|Heliolisk, L50, M|\n|poke|p2|Zoroark-Hisui, L50, M|\n|poke|p2|Kangaskhan, L50, F|\n|poke|p2|Charizard, L50, F|\n|poke|p2|Garchomp, L50, M|\n|poke|p2|Kingambit, L50, M|\n|poke|p2|Aerodactyl, L50, F|\n|teampreview|4\n|inactive|Battle timer is ON: inactive players will automatically lose when time's up. (requested by Ranmados)\n|\n|t:|1776727192\n|teamsize|p1|4\n|teamsize|p2|4\n|start\n|switch|p1a: Dragapult|Dragapult, L50, M|100/100\n|switch|p1b: Milotic|Milotic, L50, M, shiny|100/100\n|switch|p2a: Garchomp|Garchomp, L50, M|100/100\n|switch|p2b: Charizard|Charizard, L50, F|100/100\n|turn|1\n|\n|t:|1776727214\n|detailschange|p2b: Charizard|Charizard-Mega-Y, L50, F\n|-mega|p2b: Charizard|Charizard|Charizardite Y\n|-weather|SunnyDay|[from] ability: Drought|[of] p2b: Charizard\n|move|p1a: Dragapult|Protect|p1a: Dragapult\n|-singleturn|p1a: Dragapult|Protect\n|move|p2a: Garchomp|Bitter Malice|p1a: Dragapult\n|-activate|p1a: Dragapult|move: Protect\n|move|p2b: Charizard|Heat Wave|p1b: Milotic|[spread] p1b\n|-activate|p1a: Dragapult|move: Protect\n|-resisted|p1b: Milotic|1\n|-damage|p1b: Milotic|78/100\n|move|p1b: Milotic|Icy Wind|p2b: Charizard|[spread] p2a,p2b\n|-damage|p2a: Garchomp|80/100\n|-damage|p2b: Charizard|91/100\n|-unboost|p2a: Garchomp|spe|1\n|-unboost|p2b: Charizard|spe|1\n|replace|p2a: Zoroark|Zoroark-Hisui, L50, M\n|-end|p2a: Zoroark|Illusion\n|\n|-weather|SunnyDay|[upkeep]\n|-heal|p1b: Milotic|84/100|[from] item: Leftovers\n|upkeep\n|turn|2\n|\n|t:|1776727239\n|move|p1a: Dragapult|Phantom Force||[still]\n|-prepare|p1a: Dragapult|Phantom Force\n|move|p2a: Zoroark|Bitter Malice|p1a: Dragapult|[miss]\n|-miss|p2a: Zoroark|p1a: Dragapult\n|move|p1b: Milotic|Scald|p2b: Charizard\n|-supereffective|p2b: Charizard|1\n|-damage|p2b: Charizard|64/100\n|move|p2b: Charizard|Solar Beam||[still]\n|-prepare|p2b: Charizard|Solar Beam\n|-anim|p2b: Charizard|Solar Beam|p1b: Milotic\n|-supereffective|p1b: Milotic|1\n|-damage|p1b: Milotic|10/100\n|\n|-weather|SunnyDay|[upkeep]\n|-heal|p1b: Milotic|16/100|[from] item: Leftovers\n|upkeep\n|turn|3\n|\n|t:|1776727252\n|switch|p2a: Garchomp|Garchomp, L50, M|100/100\n|switch|p1b: Sneasler|Sneasler, L50, M|100/100\n|move|p1a: Dragapult|Phantom Force|p2b: Charizard|[from] lockedmove\n|-damage|p2b: Charizard|7/100\n|move|p2b: Charizard|Heat Wave|p1a: Dragapult|[spread] p1a,p1b\n|-resisted|p1a: Dragapult|1\n|-damage|p1a: Dragapult|58/100\n|-damage|p1b: Sneasler|11/100\n|\n|-weather|SunnyDay|[upkeep]\n|upkeep\n|turn|4\n|\n|t:|1776727278\n|move|p2b: Charizard|Protect|p2b: Charizard\n|-singleturn|p2b: Charizard|Protect\n|move|p1b: Sneasler|Fake Out|p2a: Garchomp\n|-damage|p2a: Garchomp|87/100\n|-damage|p1b: Sneasler|0 fnt|[from] ability: Rough Skin|[of] p2a: Garchomp\n|faint|p1b: Sneasler\n|move|p1a: Dragapult|Dragon Dance|p1a: Dragapult\n|-boost|p1a: Dragapult|atk|1\n|-boost|p1a: Dragapult|spe|1\n|cant|p2a: Garchomp|flinch\n|\n|-weather|SunnyDay|[upkeep]\n|upkeep\n|\n|t:|1776727286\n|switch|p1b: Sinistcha|Sinistcha, L50|100/100\n|-heal|p1a: Dragapult|83/100|[from] ability: Hospitality|[of] p1b: Sinistcha\n|turn|5\n|\n|t:|1776727294\n|move|p2a: Garchomp|Protect|p2a: Garchomp\n|-singleturn|p2a: Garchomp|Protect\n|move|p1a: Dragapult|Dragon Darts|p2b: Charizard\n|-damage|p2b: Charizard|0 fnt\n|faint|p2b: Charizard\n|move|p1b: Sinistcha|Matcha Gotcha|p2a: Garchomp\n|-activate|p2a: Garchomp|move: Protect\n|\n|-weather|none\n|upkeep\n|\n|t:|1776727301\n|switch|p2b: Aerodactyl|Aerodactyl, L50, F|100/100\n|-ability|p2b: Aerodactyl|Unnerve\n|turn|6\n|\n|t:|1776727312\n|switch|p2a: Garchomp|Garchomp, L50, M|80/100\n|move|p1a: Dragapult|Phantom Force||[still]\n|-prepare|p1a: Dragapult|Phantom Force\n|move|p2b: Aerodactyl|Tailwind|p2b: Aerodactyl\n|-sidestart|p2: Ranmados|move: Tailwind\n|move|p1b: Sinistcha|Matcha Gotcha|p2a: Garchomp|[spread] p2a,p2b\n|-damage|p2a: Garchomp|25/100\n|-damage|p2b: Aerodactyl|68/100\n|-status|p2a: Garchomp|brn\n|replace|p2a: Zoroark|Zoroark-Hisui, L50, M\n|-end|p2a: Zoroark|Illusion\n|\n|-damage|p2a: Zoroark|19/100 brn|[from] brn\n|upkeep\n|turn|7\n|\n|t:|1776727329\n|move|p2a: Zoroark|Bitter Malice|p1b: Sinistcha\n|-supereffective|p1b: Sinistcha|1\n|-damage|p1b: Sinistcha|6/100\n|-unboost|p1b: Sinistcha|atk|1\n|move|p2b: Aerodactyl|Dual Wingbeat|p1b: Sinistcha|[miss]\n|-miss|p2b: Aerodactyl|p1b: Sinistcha\n|move|p1a: Dragapult|Phantom Force|p2a: Zoroark|[from] lockedmove\n|-immune|p2a: Zoroark\n|move|p1b: Sinistcha|Matcha Gotcha|p2a: Zoroark|[spread] p2a,p2b\n|-damage|p2a: Zoroark|0 fnt\n|-heal|p1b: Sinistcha|13/100|[from] drain|[of] p2a: Zoroark\n|-damage|p2b: Aerodactyl|36/100\n|-heal|p1b: Sinistcha|28/100|[from] drain|[of] p2b: Aerodactyl\n|faint|p2a: Zoroark\n|\n|upkeep\n|\n|t:|1776727333\n|switch|p2a: Garchomp|Garchomp, L50, M|87/100\n|turn|8\n|\n|t:|1776727340\n|switch|p1b: Milotic|Milotic, L50, M, shiny|16/100\n|move|p1a: Dragapult|Protect|p1a: Dragapult\n|-singleturn|p1a: Dragapult|Protect\n|move|p2b: Aerodactyl|Dual Wingbeat|p1b: Milotic|[miss]\n|-miss|p2b: Aerodactyl|p1b: Milotic\n|move|p2a: Garchomp|Dragon Claw|p1a: Dragapult\n|-activate|p1a: Dragapult|move: Protect\n|\n|-heal|p1b: Milotic|22/100|[from] item: Leftovers\n|upkeep\n|turn|9\n|c|\u2606Ranmados|jesus\n|inactive|Ranmados has 30 seconds left.\n|\n|t:|1776727365\n|move|p1a: Dragapult|Protect|p1a: Dragapult\n|-singleturn|p1a: Dragapult|Protect\n|move|p2b: Aerodactyl|Dual Wingbeat|p1a: Dragapult\n|-activate|p1a: Dragapult|move: Protect\n|move|p2a: Garchomp|Earthquake|p1b: Milotic|[spread] p1b\n|-activate|p1a: Dragapult|move: Protect\n|-immune|p2b: Aerodactyl\n|-damage|p1b: Milotic|0 fnt\n|faint|p1b: Milotic\n|\n|-sideend|p2: Ranmados|move: Tailwind\n|upkeep\n|\n|t:|1776727370\n|switch|p1b: Sinistcha|Sinistcha, L50|28/100\n|-heal|p1a: Dragapult|100/100|[from] ability: Hospitality|[of] p1b: Sinistcha\n|turn|10\n|c|\u2606Ranmados|mann\n|-message|Ranmados forfeited.\n|\n|win|salmonsalesman\n|raw|salmonsalesman's rating: 1379 &rarr; <strong>1400</strong><br />(+21 for winning)\n|raw|Ranmados's rating: 1405 &rarr; <strong>1384</strong><br />(-21 for losing)\n",
  "uploadtime": 1776727379,
  "views": 5,
  "formatid": "gen9championsvgc2026regma",
  "rating": 1384,
  "private": 0,
  "password": null
}