{
  "id": "gen9championsvgc2026regma-2581608489",
  "format": "[Gen 9 Champions] VGC 2026 Reg M-A",
  "players": [
    "surpraishd",
    "kubitr"
  ],
  "log": "|j|\u2606surpraishd\n|j|\u2606kubitr\n|t:|1776014782\n|gametype|doubles\n|player|p1|surpraishd|cynthia-gen7|1040\n|player|p2|kubitr|blue|1124\n|gen|9\n|tier|[Gen 9 Champions] VGC 2026 Reg M-A\n|rated|\n|rule|Species Clause: Limit one of each Pok\u00e9mon\n|rule|Item Clause: Limit 1 of each item\n|clearpoke\n|poke|p1|Basculegion, L50, M|\n|poke|p1|Pelipper, L50, F|\n|poke|p1|Dragonite, L50, M|\n|poke|p1|Glimmora, L50, F|\n|poke|p1|Heliolisk, L50, M|\n|poke|p1|Sinistcha-Masterpiece, L50|\n|poke|p2|Heliolisk, L50, M|\n|poke|p2|Politoed, L50, M|\n|poke|p2|Basculegion, L50, M|\n|poke|p2|Araquanid, L50, M|\n|poke|p2|Archaludon, L50, M|\n|poke|p2|Venusaur, L50, M|\n|teampreview|4\n|inactive|Battle timer is ON: inactive players will automatically lose when time's up. (requested by kubitr)\n|inactive|surpraishd has 60 seconds left.\n|inactive|kubitr has 60 seconds left.\n|\n|t:|1776014822\n|teamsize|p1|4\n|teamsize|p2|4\n|start\n|switch|p1a: Sinistcha|Sinistcha-Masterpiece, L50|100/100\n|switch|p1b: Heliolisk|Heliolisk, L50, M|100/100\n|switch|p2a: Politoed|Politoed, L50, M|100/100\n|switch|p2b: Archaludon|Archaludon, L50, M|100/100\n|-weather|RainDance|[from] ability: Drizzle|[of] p2a: Politoed\n|turn|1\n|\n|t:|1776014838\n|move|p1a: Sinistcha|Rage Powder|p1a: Sinistcha\n|-singleturn|p1a: Sinistcha|move: Rage Powder\n|move|p1b: Heliolisk|Thunder|p2a: Politoed\n|-supereffective|p2a: Politoed|1\n|-damage|p2a: Politoed|14/100\n|move|p2b: Archaludon|Draco Meteor|p1a: Sinistcha\n|-damage|p1a: Sinistcha|34/100\n|-unboost|p2b: Archaludon|spa|2\n|move|p2a: Politoed|Icy Wind|p1b: Heliolisk|[spread] p1a,p1b\n|-supereffective|p1a: Sinistcha|1\n|-damage|p1a: Sinistcha|8/100\n|-damage|p1b: Heliolisk|85/100\n|-unboost|p1a: Sinistcha|spe|1\n|-unboost|p1b: Heliolisk|spe|1\n|\n|-weather|RainDance|[upkeep]\n|-heal|p1b: Heliolisk|97/100|[from] ability: Dry Skin\n|upkeep\n|turn|2\n|inactive|kubitr has 30 seconds left.\n|inactive|surpraishd has 30 seconds left.\n|\n|t:|1776014877\n|move|p2a: Politoed|Protect|p2a: Politoed\n|-singleturn|p2a: Politoed|Protect\n|move|p1a: Sinistcha|Rage Powder|p1a: Sinistcha\n|-singleturn|p1a: Sinistcha|move: Rage Powder\n|move|p2b: Archaludon|Electro Shot||[still]\n|-prepare|p2b: Archaludon|Electro Shot\n|-boost|p2b: Archaludon|spa|1\n|-anim|p2b: Archaludon|Electro Shot|p1a: Sinistcha\n|-resisted|p1a: Sinistcha|1\n|-damage|p1a: Sinistcha|0 fnt\n|faint|p1a: Sinistcha\n|move|p1b: Heliolisk|Shed Tail|p1b: Heliolisk\n|-start|p1b: Heliolisk|Substitute|[from] move: Shed Tail\n|-damage|p1b: Heliolisk|47/100\n|-enditem|p1b: Heliolisk|Sitrus Berry|[eat]\n|-heal|p1b: Heliolisk|71/100|[from] item: Sitrus Berry\n|\n|t:|1776014892\n|switch|p1b: Dragonite|Dragonite, L50, M|100/100|[from] Shed Tail\n|\n|-weather|RainDance|[upkeep]\n|upkeep\n|\n|t:|1776014896\n|switch|p1a: Heliolisk|Heliolisk, L50, M|71/100\n|turn|3\n|\n|t:|1776014911\n|detailschange|p1b: Dragonite|Dragonite-Mega, L50, M\n|-mega|p1b: Dragonite|Dragonite|Dragoninite\n|move|p1a: Heliolisk|Hyper Voice|p2b: Archaludon|[spread] p2a,p2b\n|-resisted|p2b: Archaludon|1\n|-damage|p2a: Politoed|0 fnt\n|-damage|p2b: Archaludon|79/100\n|-ability|p2b: Archaludon|Stamina|boost\n|-boost|p2b: Archaludon|def|1\n|faint|p2a: Politoed\n|move|p1b: Dragonite|Draco Meteor|p2b: Archaludon\n|-damage|p2b: Archaludon|0 fnt\n|-unboost|p1b: Dragonite|spa|2\n|faint|p2b: Archaludon\n|\n|-weather|RainDance|[upkeep]\n|-heal|p1a: Heliolisk|83/100|[from] ability: Dry Skin\n|upkeep\n|\n|t:|1776014919\n|switch|p2b: Heliolisk|Heliolisk, L50, M|100/100\n|switch|p2a: Venusaur|Venusaur, L50, M|100/100\n|turn|4\n|\n|t:|1776014933\n|detailschange|p2a: Venusaur|Venusaur-Mega, L50, M\n|-mega|p2a: Venusaur|Venusaur|Venusaurite\n|move|p1a: Heliolisk|Hyper Voice|p2b: Heliolisk|[spread] p2a,p2b\n|-damage|p2a: Venusaur|71/100\n|-damage|p2b: Heliolisk|54/100\n|move|p2b: Heliolisk|Thunder|p1b: Dragonite\n|-end|p1b: Dragonite|Substitute\n|move|p1b: Dragonite|Hurricane|p2a: Venusaur\n|-supereffective|p2a: Venusaur|1\n|-damage|p2a: Venusaur|0 fnt\n|faint|p2a: Venusaur\n|\n|-weather|RainDance|[upkeep]\n|-heal|p1a: Heliolisk|95/100|[from] ability: Dry Skin\n|-heal|p2b: Heliolisk|67/100|[from] ability: Dry Skin\n|upkeep\n|turn|5\n|\n|t:|1776014949\n|move|p2b: Heliolisk|Thunder|p1b: Dragonite\n|-damage|p1b: Dragonite|79/100\n|-status|p1b: Dragonite|par\n|move|p1a: Heliolisk|Hyper Voice|p2b: Heliolisk\n|-damage|p2b: Heliolisk|14/100\n|move|p1b: Dragonite|Draco Meteor|p2b: Heliolisk\n|-damage|p2b: Heliolisk|0 fnt\n|-unboost|p1b: Dragonite|spa|2\n|faint|p2b: Heliolisk\n|\n|win|surpraishd\n|raw|surpraishd's rating: 1040 &rarr; <strong>1082</strong><br />(+42 for winning)\n|raw|kubitr's rating: 1124 &rarr; <strong>1093</strong><br />(-31 for losing)\n|l|\u2606kubitr\n|player|p2|\n|c|\u2606surpraishd|gg\n",
  "uploadtime": 1776014961,
  "views": 14,
  "formatid": "gen9championsvgc2026regma",
  "rating": 1082,
  "private": 0,
  "password": null
}