{
  "id": "gen9championsvgc2026regma-2583835928",
  "format": "[Gen 9 Champions] VGC 2026 Reg M-A",
  "players": [
    "alexxpinn",
    "Arcato"
  ],
  "log": "|j|\u2606alexxpinn\n|j|\u2606Arcato\n|t:|1776201472\n|gametype|doubles\n|player|p1|alexxpinn|benga|1194\n|player|p2|Arcato|102|1168\n|gen|9\n|tier|[Gen 9 Champions] VGC 2026 Reg M-A\n|rated|\n|rule|Species Clause: Limit one of each Pok\u00e9mon\n|rule|Item Clause: Limit 1 of each item\n|clearpoke\n|poke|p1|Gengar, L50, F|\n|poke|p1|Pelipper, L50, F|\n|poke|p1|Incineroar, L50, M|\n|poke|p1|Garchomp, L50, M|\n|poke|p1|Archaludon, L50, F|\n|poke|p1|Rotom-Wash, L50|\n|poke|p2|Kleavor, L50, F|\n|poke|p2|Sneasler, L50, F|\n|poke|p2|Tyranitar, L50, F|\n|poke|p2|Sinistcha, L50|\n|poke|p2|Talonflame, L50, M|\n|poke|p2|Rotom-Wash, L50|\n|teampreview|4\n|inactive|Battle timer is ON: inactive players will automatically lose when time's up. (requested by Arcato)\n|\n|t:|1776201555\n|teamsize|p1|4\n|teamsize|p2|4\n|start\n|switch|p1a: Gengar|Gengar, L50, F, shiny|100/100\n|switch|p1b: Rotom|Rotom-Wash, L50|100/100\n|switch|p2a: Kleavor|Kleavor, L50, F|100/100\n|switch|p2b: Tyranitar|Tyranitar, L50, F|100/100\n|-weather|Sandstorm|[from] ability: Sand Stream|[of] p2b: Tyranitar\n|turn|1\n|c|\u2606Arcato|GLHF\n|inactive|alexxpinn has 30 seconds left.\n|inactive|Arcato has 30 seconds left.\n|inactive|alexxpinn has 20 seconds left.\n|\n|t:|1776201594\n|move|p2b: Tyranitar|Protect|p2b: Tyranitar\n|-singleturn|p2b: Tyranitar|Protect\n|move|p2a: Kleavor|U-turn|p1b: Rotom\n|-damage|p1b: Rotom|57/100\n|\n|t:|1776201600\n|switch|p2a: Sinistcha|Sinistcha, L50|100/100|[from] U-turn\n|move|p1a: Gengar|Will-O-Wisp|p2b: Tyranitar\n|-activate|p2b: Tyranitar|move: Protect\n|move|p1b: Rotom|Hydro Pump|p2a: Sinistcha\n|-resisted|p2a: Sinistcha|1\n|-damage|p2a: Sinistcha|72/100\n|\n|-weather|Sandstorm|[upkeep]\n|-damage|p1a: Gengar|94/100|[from] Sandstorm\n|-damage|p1b: Rotom|52/100|[from] Sandstorm\n|-damage|p2a: Sinistcha|66/100|[from] Sandstorm\n|-heal|p2a: Sinistcha|72/100|[from] item: Leftovers\n|upkeep\n|turn|2\n|inactive|alexxpinn has 30 seconds left.\n|inactive|alexxpinn has 20 seconds left.\n|\n|t:|1776201636\n|move|p2a: Sinistcha|Rage Powder|p2a: Sinistcha\n|-singleturn|p2a: Sinistcha|move: Rage Powder\n|move|p1a: Gengar|Will-O-Wisp|p2a: Sinistcha\n|-status|p2a: Sinistcha|brn\n|move|p2b: Tyranitar|Dragon Dance|p2b: Tyranitar\n|-boost|p2b: Tyranitar|atk|1\n|-boost|p2b: Tyranitar|spe|1\n|move|p1b: Rotom|Volt Switch|p2a: Sinistcha\n|-resisted|p2a: Sinistcha|1\n|-damage|p2a: Sinistcha|52/100 brn\n|\n|t:|1776201649\n|switch|p1b: Archaludon|Archaludon, L50, F|100/100|[from] Volt Switch\n|\n|-weather|Sandstorm|[upkeep]\n|-damage|p1a: Gengar|88/100|[from] Sandstorm\n|-damage|p2a: Sinistcha|46/100 brn|[from] Sandstorm\n|-heal|p2a: Sinistcha|52/100 brn|[from] item: Leftovers\n|-damage|p2a: Sinistcha|46/100 brn|[from] brn\n|upkeep\n|turn|3\n|inactive|Arcato has 30 seconds left.\n|\n|t:|1776201675\n|switch|p2a: Kleavor|Kleavor, L50, F|100/100\n|detailschange|p1a: Gengar|Gengar-Mega, L50, F, shiny\n|-mega|p1a: Gengar|Gengar|Gengarite\n|move|p2b: Tyranitar|Protect|p2b: Tyranitar\n|-singleturn|p2b: Tyranitar|Protect\n|move|p1a: Gengar|Sludge Bomb|p2a: Kleavor\n|-resisted|p2a: Kleavor|1\n|-damage|p2a: Kleavor|70/100\n|-status|p2a: Kleavor|psn\n|move|p1b: Archaludon|Electro Shot||[still]\n|-prepare|p1b: Archaludon|Electro Shot\n|-boost|p1b: Archaludon|spa|1\n|\n|-weather|Sandstorm|[upkeep]\n|-damage|p1a: Gengar|82/100|[from] Sandstorm\n|-damage|p2a: Kleavor|58/100 psn|[from] psn\n|upkeep\n|turn|4\n|\n|t:|1776201696\n|detailschange|p2b: Tyranitar|Tyranitar-Mega, L50, F\n|-mega|p2b: Tyranitar|Tyranitar|Tyranitarite\n|move|p2a: Kleavor|Close Combat|p1b: Archaludon\n|-supereffective|p1b: Archaludon|1\n|-damage|p1b: Archaludon|36/100\n|-unboost|p2a: Kleavor|def|1\n|-unboost|p2a: Kleavor|spd|1\n|-ability|p1b: Archaludon|Stamina|boost\n|-boost|p1b: Archaludon|def|1\n|move|p1a: Gengar|Will-O-Wisp|p2b: Tyranitar\n|-status|p2b: Tyranitar|brn\n|move|p2b: Tyranitar|Dragon Dance|p2b: Tyranitar\n|-boost|p2b: Tyranitar|atk|1\n|-boost|p2b: Tyranitar|spe|1\n|move|p1b: Archaludon|Electro Shot|p2b: Tyranitar|[from] lockedmove\n|-damage|p2b: Tyranitar|55/100 brn\n|\n|-weather|Sandstorm|[upkeep]\n|-damage|p1a: Gengar|76/100|[from] Sandstorm\n|-heal|p1b: Archaludon|42/100|[from] item: Leftovers\n|-damage|p2a: Kleavor|45/100 psn|[from] psn\n|-damage|p2b: Tyranitar|49/100 brn|[from] brn\n|upkeep\n|turn|5\n|inactive|alexxpinn has 30 seconds left.\n|inactive|alexxpinn has 20 seconds left.\n|inactive|alexxpinn has 15 seconds left.\n|inactive|alexxpinn has 10 seconds left.\n|\n|t:|1776201744\n|move|p2b: Tyranitar|Lash Out|p1a: Gengar\n|-supereffective|p1a: Gengar|1\n|-damage|p1a: Gengar|0 fnt\n|faint|p1a: Gengar\n|move|p2a: Kleavor|Close Combat|p1b: Archaludon\n|-supereffective|p1b: Archaludon|1\n|-damage|p1b: Archaludon|0 fnt\n|-unboost|p2a: Kleavor|def|1\n|-unboost|p2a: Kleavor|spd|1\n|faint|p1b: Archaludon\n|\n|-weather|none\n|-damage|p2a: Kleavor|33/100 psn|[from] psn\n|-damage|p2b: Tyranitar|42/100 brn|[from] brn\n|upkeep\n|\n|t:|1776201758\n|switch|p1a: Garchomp|Garchomp, L50, M|100/100\n|switch|p1b: Rotom|Rotom-Wash, L50|52/100\n|turn|6\n|\n|t:|1776201779\n|switch|p2a: Sinistcha|Sinistcha, L50|46/100 brn\n|-heal|p2b: Tyranitar|67/100 brn|[from] ability: Hospitality|[of] p2a: Sinistcha\n|move|p2b: Tyranitar|Lash Out|p1b: Rotom\n|-damage|p1b: Rotom|0 fnt\n|faint|p1b: Rotom\n|move|p1a: Garchomp|Dragon Claw|p2b: Tyranitar\n|-damage|p2b: Tyranitar|33/100 brn\n|\n|-heal|p2a: Sinistcha|52/100 brn|[from] item: Leftovers\n|-damage|p2b: Tyranitar|27/100 brn|[from] brn\n|-damage|p2a: Sinistcha|46/100 brn|[from] brn\n|upkeep\n|turn|7\n|-message|alexxpinn forfeited.\n|\n|win|Arcato\n|raw|alexxpinn's rating: 1194 &rarr; <strong>1167</strong><br />(-27 for losing)\n|raw|Arcato's rating: 1168 &rarr; <strong>1195</strong><br />(+27 for winning)\n|l|\u2606alexxpinn\n|player|p1|\n",
  "uploadtime": 1776201816,
  "views": 18,
  "formatid": "gen9championsvgc2026regma",
  "rating": 1167,
  "private": 0,
  "password": null
}