{
  "id": "gen9championsvgc2026regma-2583447950",
  "format": "[Gen 9 Champions] VGC 2026 Reg M-A",
  "players": [
    "Shammy27",
    "L_Yami_H"
  ],
  "log": "|j|\u2606Shammy27\n|j|\u2606L_Yami_H\n|t:|1776176293\n|gametype|doubles\n|player|p1|Shammy27|1|1222\n|player|p2|L_Yami_H|ghetsis|1281\n|gen|9\n|tier|[Gen 9 Champions] VGC 2026 Reg M-A\n|rated|\n|rule|Species Clause: Limit one of each Pok\u00e9mon\n|rule|Item Clause: Limit 1 of each item\n|clearpoke\n|poke|p1|Aerodactyl, L50, M|\n|poke|p1|Sneasler, L50, M|\n|poke|p1|Floette-Eternal, L50, F|\n|poke|p1|Basculegion, L50, M|\n|poke|p1|Incineroar, L50, F|\n|poke|p1|Garchomp, L50, F|\n|poke|p2|Sableye, L50, M|\n|poke|p2|Victreebel, L50, F|\n|poke|p2|Sneasler, L50, F|\n|poke|p2|Araquanid, L50, F|\n|poke|p2|Kingambit, L50, M|\n|poke|p2|Arcanine, L50, M|\n|teampreview|4\n|inactive|Battle timer is ON: inactive players will automatically lose when time's up. (requested by L_Yami_H)\n|\n|t:|1776176323\n|teamsize|p1|4\n|teamsize|p2|4\n|start\n|switch|p1a: Sneasler|Sneasler, L50, M|100/100\n|switch|p1b: Aerodactyl|Aerodactyl, L50, M|100/100\n|switch|p2a: Gabu|Arcanine, L50, M|100/100\n|switch|p2b: Yami|Sableye, L50, M|100/100\n|-ability|p1b: Aerodactyl|Unnerve\n|-ability|p2a: Gabu|Intimidate|boost\n|-unboost|p1a: Sneasler|atk|1\n|-unboost|p1b: Aerodactyl|atk|1\n|-enditem|p1a: Sneasler|White Herb\n|-clearnegativeboost|p1a: Sneasler|[silent]\n|turn|1\n|inactive|Shammy27 has 30 seconds left.\n|\n|t:|1776176357\n|move|p2b: Yami|Fake Out|p1a: Sneasler\n|-damage|p1a: Sneasler|83/100\n|cant|p1a: Sneasler|flinch\n|move|p1b: Aerodactyl|Tailwind|p1b: Aerodactyl\n|-sidestart|p1: Shammy27|move: Tailwind\n|move|p2a: Gabu|Will-O-Wisp|p1b: Aerodactyl|[miss]\n|-miss|p2a: Gabu|p1b: Aerodactyl\n|\n|upkeep\n|turn|2\n|\n|t:|1776176372\n|move|p2b: Yami|Skill Swap|p2a: Gabu\n|-activate|p2b: Yami|Skill Swap|||[of] p2a: Gabu\n|-ability|p2b: Yami|Intimidate|boost\n|-unboost|p1a: Sneasler|atk|1\n|-unboost|p1b: Aerodactyl|atk|1\n|move|p2a: Gabu|Will-O-Wisp|p1b: Aerodactyl\n|-status|p1b: Aerodactyl|brn\n|move|p1a: Sneasler|Close Combat|p2a: Gabu\n|-damage|p2a: Gabu|53/100\n|-unboost|p1a: Sneasler|def|1\n|-unboost|p1a: Sneasler|spd|1\n|move|p1b: Aerodactyl|Rock Slide|p2b: Yami|[spread] p2a,p2b\n|-supereffective|p2a: Gabu|1\n|-damage|p2a: Gabu|41/100\n|-damage|p2b: Yami|92/100\n|\n|-damage|p1b: Aerodactyl|95/100 brn|[from] brn\n|upkeep\n|turn|3\n|inactive|Shammy27 has 30 seconds left.\n|\n|t:|1776176403\n|switch|p1a: Floette|Floette-Eternal, L50, F|100/100\n|switch|p1b: Basculegion|Basculegion, L50, M|100/100\n|-enditem|p2a: Gabu|Sitrus Berry|[eat]\n|-heal|p2a: Gabu|65/100|[from] item: Sitrus Berry\n|move|p2a: Gabu|Morning Sun|p2a: Gabu\n|-heal|p2a: Gabu|100/100\n|move|p2b: Yami|Skill Swap|p2a: Gabu\n|-activate|p2b: Yami|Skill Swap|||[of] p2a: Gabu\n|-ability|p2a: Gabu|Intimidate|boost\n|-unboost|p1a: Floette|atk|1\n|-unboost|p1b: Basculegion|atk|1\n|\n|upkeep\n|turn|4\n|\n|t:|1776176421\n|detailschange|p1a: Floette|Floette-Mega, L50, F\n|-mega|p1a: Floette|Floette|Floettite\n|-ability|p1a: Floette|Fairy Aura\n|move|p1a: Floette|Protect|p1a: Floette\n|-singleturn|p1a: Floette|Protect\n|move|p2b: Yami|Skill Swap|p2a: Gabu\n|-activate|p2b: Yami|Skill Swap|||[of] p2a: Gabu\n|-ability|p2b: Yami|Intimidate|boost\n|-unboost|p1a: Floette|atk|1\n|-unboost|p1b: Basculegion|atk|1\n|move|p2a: Gabu|Will-O-Wisp|p1b: Basculegion\n|-status|p1b: Basculegion|brn\n|move|p1b: Basculegion|Flip Turn|p2a: Gabu\n|-supereffective|p2a: Gabu|1\n|-damage|p2a: Gabu|81/100\n|\n|t:|1776176438\n|switch|p1b: Sneasler|Sneasler, L50, M|83/100|[from] Flip Turn\n|\n|-sideend|p1: Shammy27|move: Tailwind\n|upkeep\n|turn|5\n|inactive|L_Yami_H has 30 seconds left.\n|\n|t:|1776176469\n|switch|p2b: Weeber|Araquanid, L50, F|100/100\n|move|p1b: Sneasler|Fake Out|p2a: Gabu\n|-damage|p2a: Gabu|67/100\n|cant|p2a: Gabu|flinch\n|move|p1a: Floette|Moonblast|p2b: Weeber\n|-damage|p2b: Weeber|31/100\n|\n|-heal|p2b: Weeber|37/100|[from] item: Leftovers\n|upkeep\n|turn|6\n|inactive|Shammy27 has 30 seconds left.\n|inactive|Shammy27 has 20 seconds left.\n|\n|t:|1776176505\n|move|p2a: Gabu|Will-O-Wisp|p1b: Sneasler\n|-status|p1b: Sneasler|brn\n|move|p1b: Sneasler|Close Combat|p2a: Gabu\n|-damage|p2a: Gabu|35/100\n|-unboost|p1b: Sneasler|def|1\n|-unboost|p1b: Sneasler|spd|1\n|move|p1a: Floette|Moonblast|p2b: Weeber\n|-damage|p2b: Weeber|0 fnt\n|faint|p2b: Weeber\n|\n|-damage|p1b: Sneasler|78/100 brn|[from] brn\n|upkeep\n|\n|t:|1776176514\n|switch|p2b: Baret|Victreebel, L50, F, shiny|100/100\n|turn|7\n|\n|t:|1776176537\n|switch|p1a: Aerodactyl|Aerodactyl, L50, M|95/100 brn\n|-ability|p1a: Aerodactyl|Unnerve\n|detailschange|p2b: Baret|Victreebel-Mega, L50, F, shiny\n|-mega|p2b: Baret|Victreebel|Victreebelite\n|move|p2a: Gabu|Morning Sun|p2a: Gabu\n|-heal|p2a: Gabu|85/100\n|move|p1b: Sneasler|Rock Tomb|p2a: Gabu\n|-supereffective|p2a: Gabu|1\n|-damage|p2a: Gabu|61/100\n|-unboost|p2a: Gabu|spe|1\n|move|p2b: Baret|Sludge Bomb|p1a: Aerodactyl\n|-resisted|p1a: Aerodactyl|1\n|-damage|p1a: Aerodactyl|58/100 brn\n|\n|-damage|p1a: Aerodactyl|53/100 brn|[from] brn\n|-damage|p1b: Sneasler|72/100 brn|[from] brn\n|upkeep\n|turn|8\n|\n|t:|1776176562\n|move|p2a: Gabu|Morning Sun|p2a: Gabu\n|-heal|p2a: Gabu|100/100\n|move|p1a: Aerodactyl|Tailwind|p1a: Aerodactyl\n|-sidestart|p1: Shammy27|move: Tailwind\n|move|p1b: Sneasler|Dire Claw|p2a: Gabu\n|-damage|p2a: Gabu|78/100\n|move|p2b: Baret|Giga Drain|p1a: Aerodactyl\n|-damage|p1a: Aerodactyl|0 fnt\n|faint|p1a: Aerodactyl\n|\n|-damage|p1b: Sneasler|66/100 brn|[from] brn\n|upkeep\n|\n|t:|1776176577\n|switch|p1a: Floette|Floette-Mega, L50, F|100/100\n|-ability|p1a: Floette|Fairy Aura\n|turn|9\n|\n|t:|1776176589\n|move|p1a: Floette|Protect|p1a: Floette\n|-singleturn|p1a: Floette|Protect\n|move|p1b: Sneasler|Dire Claw|p2a: Gabu\n|-damage|p2a: Gabu|54/100\n|-status|p2a: Gabu|psn\n|move|p2b: Baret|Giga Drain|p1b: Sneasler\n|-resisted|p1b: Sneasler|1\n|-damage|p1b: Sneasler|22/100 brn\n|move|p2a: Gabu|Flare Blitz|p1b: Sneasler\n|-damage|p1b: Sneasler|0 fnt\n|faint|p1b: Sneasler\n|-damage|p2a: Gabu|48/100 psn|[from] Recoil\n|\n|-damage|p2a: Gabu|36/100 psn|[from] psn\n|upkeep\n|\n|t:|1776176607\n|switch|p1b: Basculegion|Basculegion, L50, M|100/100 brn\n|turn|10\n|\n|t:|1776176626\n|move|p2a: Gabu|Will-O-Wisp|p1a: Floette\n|-status|p1a: Floette|brn\n|move|p1b: Basculegion|Last Respects|p2b: Baret\n|-damage|p2b: Baret|44/100\n|move|p1a: Floette|Moonblast|p2a: Gabu\n|-resisted|p2a: Gabu|1\n|-damage|p2a: Gabu|0 fnt\n|faint|p2a: Gabu\n|move|p2b: Baret|Giga Drain|p1b: Basculegion\n|-supereffective|p1b: Basculegion|1\n|-damage|p1b: Basculegion|14/100 brn\n|-heal|p2b: Baret|90/100|[from] drain|[of] p1b: Basculegion\n|\n|-damage|p1b: Basculegion|8/100 brn|[from] brn\n|-damage|p1a: Floette|94/100 brn|[from] brn\n|upkeep\n|\n|t:|1776176638\n|switch|p2a: Yami|Sableye, L50, M|92/100\n|turn|11\n|\n|t:|1776176655\n|move|p2a: Yami|Sucker Punch|p1b: Basculegion\n|-supereffective|p1b: Basculegion|1\n|-damage|p1b: Basculegion|0 fnt\n|faint|p1b: Basculegion\n|move|p1a: Floette|Moonblast|p2b: Baret\n|-resisted|p2b: Baret|1\n|-damage|p2b: Baret|46/100\n|-unboost|p2b: Baret|spa|1\n|move|p2b: Baret|Sludge Bomb|p1a: Floette\n|-supereffective|p1a: Floette|1\n|-damage|p1a: Floette|41/100 brn\n|\n|-damage|p1a: Floette|35/100 brn|[from] brn\n|-sideend|p1: Shammy27|move: Tailwind\n|upkeep\n|turn|12\n|\n|t:|1776176670\n|move|p2a: Yami|Skill Swap|p1a: Floette\n|-activate|p2a: Yami|Skill Swap|Fairy Aura|Prankster|[of] p1a: Floette\n|-ability|p2a: Yami|Fairy Aura\n|move|p1a: Floette|Draining Kiss|p2a: Yami\n|-supereffective|p2a: Yami|1\n|-damage|p2a: Yami|0 fnt\n|-heal|p1a: Floette|100/100 brn|[from] drain|[of] p2a: Yami\n|faint|p2a: Yami\n|move|p2b: Baret|Sludge Bomb|p1a: Floette\n|-supereffective|p1a: Floette|1\n|-damage|p1a: Floette|47/100 brn\n|\n|-damage|p1a: Floette|41/100 brn|[from] brn\n|upkeep\n|turn|13\n|\n|t:|1776176687\n|move|p1a: Floette|Draining Kiss|p2b: Baret\n|-resisted|p2b: Baret|1\n|-damage|p2b: Baret|30/100\n|-heal|p1a: Floette|56/100 brn|[from] drain|[of] p2b: Baret\n|move|p2b: Baret|Strength Sap|p1a: Floette\n|-unboost|p1a: Floette|atk|1\n|-heal|p2b: Baret|81/100\n|\n|-damage|p1a: Floette|50/100 brn|[from] brn\n|upkeep\n|turn|14\n|\n|t:|1776176699\n|move|p1a: Floette|Draining Kiss|p2b: Baret\n|-resisted|p2b: Baret|1\n|-damage|p2b: Baret|64/100\n|-heal|p1a: Floette|66/100 brn|[from] drain|[of] p2b: Baret\n|move|p2b: Baret|Sludge Bomb|p1a: Floette\n|-supereffective|p1a: Floette|1\n|-damage|p1a: Floette|9/100 brn\n|\n|-damage|p1a: Floette|3/100 brn|[from] brn\n|upkeep\n|turn|15\n|\n|t:|1776176710\n|move|p1a: Floette|Moonblast|p2b: Baret\n|-resisted|p2b: Baret|1\n|-damage|p2b: Baret|35/100\n|move|p2b: Baret|Sludge Bomb|p1a: Floette\n|-supereffective|p1a: Floette|1\n|-damage|p1a: Floette|0 fnt\n|faint|p1a: Floette\n|\n|win|L_Yami_H\n|raw|Shammy27's rating: 1222 &rarr; <strong>1201</strong><br />(-21 for losing)\n|raw|L_Yami_H's rating: 1281 &rarr; <strong>1302</strong><br />(+21 for winning)\n",
  "uploadtime": 1776176713,
  "views": 32,
  "formatid": "gen9championsvgc2026regma",
  "rating": 1201,
  "private": 0,
  "password": null
}