{
  "id": "gen9championsvgc2026regma-2586720965",
  "format": "[Gen 9 Champions] VGC 2026 Reg M-A",
  "players": [
    "Pokemaniac1991",
    "GodfatherKD"
  ],
  "log": "|j|\u2606Pokemaniac1991\n|j|\u2606GodfatherKD\n|t:|1776454743\n|gametype|doubles\n|player|p1|Pokemaniac1991|170|1044\n|player|p2|GodfatherKD|hilbert|1000\n|gen|9\n|tier|[Gen 9 Champions] VGC 2026 Reg M-A\n|rated|\n|rule|Species Clause: Limit one of each Pok\u00e9mon\n|rule|Item Clause: Limit 1 of each item\n|clearpoke\n|poke|p1|Sableye, L50, M|\n|poke|p1|Gengar, L50, F|\n|poke|p1|Flapple, L50, M|\n|poke|p1|Maushold, L50|\n|poke|p1|Zoroark-Hisui, L50, M|\n|poke|p1|Altaria, L50, M|\n|poke|p2|Excadrill, L50, F|\n|poke|p2|Whimsicott, L50, M|\n|poke|p2|Starmie, L50|\n|poke|p2|Pelipper, L50, F|\n|poke|p2|Incineroar, L50, M|\n|poke|p2|Skarmory, L50, M|\n|teampreview|4\nGodfatherKD rejected open team sheets.\n|\n|t:|1776454800\n|teamsize|p1|4\n|teamsize|p2|4\n|start\n|switch|p1a: Sableye|Sableye, L50, M|100/100\n|switch|p1b: Flapple|Flapple, L50, M|100/100\n|switch|p2a: Nineball|Excadrill, L50, F|100/100\n|switch|p2b: Scottland|Whimsicott, L50, M|100/100\n|turn|1\n|\n|t:|1776454844\n|detailschange|p2a: Nineball|Excadrill-Mega, L50, F\n|-mega|p2a: Nineball|Excadrill|Excadrite\n|move|p1a: Sableye|Fake Out|p2a: Nineball\n|-resisted|p2a: Nineball|1\n|-damage|p2a: Nineball|97/100\n|move|p2b: Scottland|Tailwind|p2b: Scottland\n|-sidestart|p2: GodfatherKD|move: Tailwind\n|cant|p2a: Nineball|flinch\n|move|p1b: Flapple|Trick|p2b: Scottland\n|-activate|p1b: Flapple|move: Trick|[of] p2b: Scottland\n|-item|p2b: Scottland|Choice Scarf|[from] move: Trick\n|-item|p1b: Flapple|Mental Herb|[from] move: Trick\n|\n|upkeep\n|turn|2\n|\n|t:|1776454871\n|move|p2b: Scottland|Encore|p1b: Flapple\n|-start|p1b: Flapple|Encore\n|-enditem|p1b: Flapple|Mental Herb\n|-end|p1b: Flapple|Encore\n|move|p1a: Sableye|Encore||[still]\n|-fail|p1a: Sableye\n|move|p2a: Nineball|Earthquake|p1a: Sableye|[spread] p2b,p1a,p1b\n|-resisted|p2b: Scottland|1\n|-damage|p2b: Scottland|78/100\n|-damage|p1a: Sableye|50/100\n|-damage|p1b: Flapple|0 fnt\n|replace|p1b: Zoroark|Zoroark-Hisui, L50, M\n|-end|p1b: Zoroark|Illusion\n|faint|p1b: Zoroark\n|\n|upkeep\n|\n|t:|1776454892\n|switch|p1b: Flapple|Flapple, L50, M|100/100\n|turn|3\n|\n|t:|1776454914\n|move|p1b: Flapple|Protect|p1b: Flapple\n|-singleturn|p1b: Flapple|Protect\n|move|p2b: Scottland|Encore|p1b: Flapple\n|-activate|p1b: Flapple|move: Protect\n|move|p1a: Sableye|Gravity|p1a: Sableye\n|-fieldstart|move: Gravity\n|move|p2a: Nineball|Earthquake|p1a: Sableye|[spread] p2b,p1a\n|-activate|p1b: Flapple|move: Protect\n|-resisted|p2b: Scottland|1\n|-damage|p2b: Scottland|53/100\n|-damage|p1a: Sableye|2/100\n|\n|upkeep\n|turn|4\n|\n|t:|1776454948\n|move|p2b: Scottland|Encore|p1a: Sableye\n|-hint|Since gen 7, Dark is immune to Prankster moves.\n|-immune|p1a: Sableye\n|move|p2a: Nineball|Bulldoze|p1b: Flapple|[spread] p2b,p1a,p1b\n|-resisted|p2b: Scottland|1\n|-resisted|p1b: Flapple|1\n|-damage|p2b: Scottland|38/100\n|-damage|p1a: Sableye|0 fnt\n|-damage|p1b: Flapple|80/100\n|-unboost|p2b: Scottland|spe|1\n|-unboost|p1b: Flapple|spe|1\n|faint|p1a: Sableye\n|move|p1b: Flapple|Grav Apple|p2a: Nineball\n|-damage|p2a: Nineball|10/100\n|-unboost|p2a: Nineball|def|1\n|\n|-sideend|p2: GodfatherKD|move: Tailwind\n|upkeep\n|\n|t:|1776454962\n|switch|p1a: Gengar|Gengar, L50, F|100/100\n|turn|5\n|\n|t:|1776454985\n|detailschange|p1a: Gengar|Gengar-Mega, L50, F\n|-mega|p1a: Gengar|Gengar|Gengarite\n|move|p1a: Gengar|Protect|p1a: Gengar\n|-singleturn|p1a: Gengar|Protect\n|move|p2b: Scottland|Encore|p1a: Gengar\n|-activate|p1a: Gengar|move: Protect\n|move|p2a: Nineball|Earthquake|p1a: Gengar|[spread] p2b,p1b\n|-activate|p1a: Gengar|move: Protect\n|-resisted|p2b: Scottland|1\n|-resisted|p1b: Flapple|1\n|-damage|p2b: Scottland|15/100\n|-damage|p1b: Flapple|46/100\n|move|p1b: Flapple|Grav Apple|p2b: Scottland\n|-resisted|p2b: Scottland|1\n|-damage|p2b: Scottland|0 fnt\n|faint|p2b: Scottland\n|\n|upkeep\n|\n|t:|1776455003\n|switch|p2b: WolfeyVGC|Incineroar, L50, M|100/100\n|-ability|p2b: WolfeyVGC|Intimidate|boost\n|-unboost|p1a: Gengar|atk|1\n|-unboost|p1b: Flapple|atk|1\n|turn|6\n|\n|t:|1776455032\n|move|p1b: Flapple|Protect|p1b: Flapple\n|-singleturn|p1b: Flapple|Protect\n|move|p2b: WolfeyVGC|Fake Out|p1a: Gengar\n|-immune|p1a: Gengar\n|move|p1a: Gengar|Shadow Ball|p2a: Nineball\n|-damage|p2a: Nineball|0 fnt\n|faint|p2a: Nineball\n|\n|upkeep\n|\n|t:|1776455041\n|switch|p2a: Wall-E|Skarmory, L50, M|100/100\n|turn|7\n|\n|t:|1776455065\n|move|p1a: Gengar|Focus Blast|p2b: WolfeyVGC\n|-supereffective|p2b: WolfeyVGC|1\n|-damage|p2b: WolfeyVGC|18/100\n|-enditem|p2b: WolfeyVGC|Sitrus Berry|[eat]\n|-heal|p2b: WolfeyVGC|43/100|[from] item: Sitrus Berry\n|move|p2a: Wall-E|Brave Bird|p1a: Gengar\n|-damage|p1a: Gengar|45/100\n|-damage|p2a: Wall-E|86/100|[from] Recoil\n|move|p1b: Flapple|Dragon Rush|p2a: Wall-E\n|-resisted|p2a: Wall-E|1\n|-damage|p2a: Wall-E|73/100\n|move|p2b: WolfeyVGC|Flare Blitz|p1b: Flapple\n|-damage|p1b: Flapple|0 fnt\n|faint|p1b: Flapple\n|-damage|p2b: WolfeyVGC|32/100|[from] Recoil\n|\n|-heal|p2a: Wall-E|79/100|[from] item: Leftovers\n|-fieldend|move: Gravity\n|upkeep\n|turn|8\n|\n|t:|1776455086\n|move|p1a: Gengar|Shadow Ball|p2a: Wall-E\n|-crit|p2a: Wall-E\n|-damage|p2a: Wall-E|0 fnt\n|faint|p2a: Wall-E\n|move|p2b: WolfeyVGC|Flare Blitz|p1a: Gengar\n|-damage|p1a: Gengar|0 fnt\n|faint|p1a: Gengar\n|-damage|p2b: WolfeyVGC|22/100|[from] Recoil\n|\n|win|GodfatherKD\n|raw|Pokemaniac1991's rating: 1044 &rarr; <strong>1025</strong><br />(-19 for losing)\n|raw|GodfatherKD's rating: 1000 &rarr; <strong>1045</strong><br />(+45 for winning)\n|l|\u2606Pokemaniac1991\n|player|p1|\n",
  "uploadtime": 1776455106,
  "views": 27,
  "formatid": "gen9championsvgc2026regma",
  "rating": 1025,
  "private": 0,
  "password": null
}