{
  "id": "gen9championsvgc2026regma-2586699118",
  "format": "[Gen 9 Champions] VGC 2026 Reg M-A",
  "players": [
    "Mence",
    "LancelotFaberge"
  ],
  "log": "|j|\u2606Mence\n|j|\u2606LancelotFaberge\n|t:|1776453110\n|gametype|doubles\n|player|p1|Mence|169|\n|player|p2|LancelotFaberge|101|\n|gen|9\n|tier|[Gen 9 Champions] VGC 2026 Reg M-A\n|rule|Species Clause: Limit one of each Pok\u00e9mon\n|rule|Item Clause: Limit 1 of each item\n|clearpoke\n|poke|p1|Tyranitar, L50, M|\n|poke|p1|Meganium, L50, M|\n|poke|p1|Incineroar, L50, M|\n|poke|p1|Aerodactyl, L50, F|\n|poke|p1|Milotic, L50, M|\n|poke|p1|Aegislash, L50, M|\n|poke|p2|Froslass, L50, F|\n|poke|p2|Rotom-Wash, L50|\n|poke|p2|Sneasler, L50, M|\n|poke|p2|Arcanine-Hisui, L50, M|\n|poke|p2|Glaceon, L50, F|\n|poke|p2|Garchomp, L50, F|\n|teampreview|4\n|\n|t:|1776453180\n|teamsize|p1|4\n|teamsize|p2|4\n|start\n|switch|p1a: Aerodactyl|Aerodactyl, L50, F|100/100\n|switch|p1b: Incineroar|Incineroar, L50, M|100/100\n|switch|p2a: Dana|Garchomp, L50, F, shiny|100/100\n|switch|p2b: Blitzwolfer|Arcanine-Hisui, L50, M|100/100\n|-ability|p1a: Aerodactyl|Unnerve\n|-ability|p2b: Blitzwolfer|Intimidate|boost\n|-unboost|p1a: Aerodactyl|atk|1\n|-unboost|p1b: Incineroar|atk|1\n|-ability|p1b: Incineroar|Intimidate|boost\n|-unboost|p2a: Dana|atk|1\n|-unboost|p2b: Blitzwolfer|atk|1\n|turn|1\n|\n|t:|1776453212\n|move|p1b: Incineroar|Fake Out|p2a: Dana\n|-damage|p2a: Dana|94/100\n|-damage|p1b: Incineroar|88/100|[from] ability: Rough Skin|[of] p2a: Dana\n|cant|p2a: Dana|flinch\n|move|p1a: Aerodactyl|Tailwind|p1a: Aerodactyl\n|-sidestart|p1: Mence|move: Tailwind\n|move|p2b: Blitzwolfer|Rock Slide|p1b: Incineroar|[spread] p1a,p1b\n|-supereffective|p1a: Aerodactyl|1\n|-supereffective|p1b: Incineroar|1\n|-damage|p1a: Aerodactyl|30/100\n|-damage|p1b: Incineroar|55/100\n|\n|upkeep\n|turn|2\n|\n|t:|1776453254\n|move|p1a: Aerodactyl|Rock Slide|p2b: Blitzwolfer|[spread] p2a,p2b\n|-resisted|p2a: Dana|1\n|-supereffective|p2b: Blitzwolfer|1\n|-damage|p2a: Dana|86/100\n|-damage|p2b: Blitzwolfer|59/100\n|move|p2a: Dana|Rock Slide|p1a: Aerodactyl|[spread] p1a,p1b\n|-supereffective|p1a: Aerodactyl|1\n|-crit|p1a: Aerodactyl\n|-supereffective|p1b: Incineroar|1\n|-damage|p1a: Aerodactyl|0 fnt\n|-damage|p1b: Incineroar|32/100\n|-enditem|p1b: Incineroar|Sitrus Berry|[eat]\n|-heal|p1b: Incineroar|57/100|[from] item: Sitrus Berry\n|faint|p1a: Aerodactyl\n|cant|p1b: Incineroar|flinch\n|cant|p2b: Blitzwolfer|flinch\n|\n|upkeep\n|\n|t:|1776453287\n|switch|p1a: Meganium|Meganium, L50, M|100/100\n|turn|3\n|\n|t:|1776453312\n|detailschange|p1a: Meganium|Meganium-Mega, L50, M\n|-mega|p1a: Meganium|Meganium|Meganiumite\n|move|p2a: Dana|Rock Slide|p1a: Meganium|[spread] p1a,p1b\n|-supereffective|p1b: Incineroar|1\n|-damage|p1a: Meganium|88/100\n|-damage|p1b: Incineroar|32/100\n|move|p1a: Meganium|Solar Beam||[still]\n|-prepare|p1a: Meganium|Solar Beam\n|-activate|p1a: Meganium|ability: Mega Sol\n|-anim|p1a: Meganium|Solar Beam|p2b: Blitzwolfer\n|-damage|p2b: Blitzwolfer|0 fnt\n|faint|p2b: Blitzwolfer\n|move|p1b: Incineroar|Parting Shot|p2a: Dana\n|-unboost|p2a: Dana|atk|1\n|-unboost|p2a: Dana|spa|1\n|\n|t:|1776453325\n|switch|p1b: Tyranitar|Tyranitar, L50, M|100/100|[from] Parting Shot\n|-weather|Sandstorm|[from] ability: Sand Stream|[of] p1b: Tyranitar\n|\n|-weather|Sandstorm|[upkeep]\n|-damage|p1a: Meganium|82/100|[from] Sandstorm\n|upkeep\n|\n|t:|1776453335\n|switch|p2b: FEISTY|Froslass, L50, F, shiny|100/100\n|turn|4\n|\n|t:|1776453378\n|switch|p2a: Gwen|Glaceon, L50, F, shiny|100/100\n|detailschange|p2b: FEISTY|Froslass-Mega, L50, F, shiny\n|-mega|p2b: FEISTY|Froslass|Froslassite\n|-weather|Snowscape|[from] ability: Snow Warning|[of] p2b: FEISTY\n|move|p1a: Meganium|Protect|p1a: Meganium\n|-singleturn|p1a: Meganium|Protect\n|move|p1b: Tyranitar|Crunch|p2b: FEISTY\n|-supereffective|p2b: FEISTY|1\n|-damage|p2b: FEISTY|5/100\n|move|p2b: FEISTY|Blizzard|p1a: Meganium|[spread] p1b\n|-activate|p1a: Meganium|move: Protect\n|-damage|p1b: Tyranitar|54/100\n|\n|-weather|Snowscape|[upkeep]\n|-sideend|p1: Mence|move: Tailwind\n|upkeep\n|turn|5\n|\n|t:|1776453503\n|move|p2b: FEISTY|Protect|p2b: FEISTY\n|-singleturn|p2b: FEISTY|Protect\n|move|p1a: Meganium|Protect||[still]\n|-fail|p1a: Meganium\n|move|p1b: Tyranitar|Crunch|p2b: FEISTY\n|-activate|p2b: FEISTY|move: Protect\n|move|p2a: Gwen|Blizzard|p1b: Tyranitar|[spread] p1a,p1b\n|-supereffective|p1a: Meganium|1\n|-damage|p1a: Meganium|0 fnt\n|-damage|p1b: Tyranitar|0 fnt\n|faint|p1a: Meganium\n|faint|p1b: Tyranitar\n|\n|-weather|Snowscape|[upkeep]\n|upkeep\n|\n|t:|1776453570\n|switch|p1b: Incineroar|Incineroar, L50, M|32/100\n|-ability|p1b: Incineroar|Intimidate|boost\n|-unboost|p2a: Gwen|atk|1\n|-unboost|p2b: FEISTY|atk|1\n|turn|6\n|\n|t:|1776453595\n|move|p1b: Incineroar|Fake Out|p2a: Gwen\n|-damage|p2a: Gwen|94/100\n|move|p2b: FEISTY|Blizzard|p1b: Incineroar\n|-resisted|p1b: Incineroar|1\n|-damage|p1b: Incineroar|11/100\n|cant|p2a: Gwen|flinch\n|\n|-weather|Snowscape|[upkeep]\n|upkeep\n|turn|7\n|\n|t:|1776453625\n|move|p2b: FEISTY|Blizzard|p1b: Incineroar\n|-resisted|p1b: Incineroar|1\n|-damage|p1b: Incineroar|0 fnt\n|faint|p1b: Incineroar\n|\n|win|LancelotFaberge\n|l|\u2606LancelotFaberge\n|player|p2|\n",
  "uploadtime": 1776453635,
  "views": 28,
  "formatid": "gen9championsvgc2026regma",
  "rating": null,
  "private": 0,
  "password": null
}