{
  "id": "gen9championsvgc2026regma-2588630887",
  "format": "[Gen 9 Champions] VGC 2026 Reg M-A",
  "players": [
    "dr. shio",
    "Ratman937402"
  ],
  "log": "|j|\u2606dr. shio\n|j|\u2606Ratman937402\n|html|<table width=\"100%\"><tr><td align=\"left\">dr. shio</td><td align=\"right\">Ratman937402</tr><tr><td align=\"left\"><i class=\"fa fa-circle\"></i> <i class=\"fa fa-circle-o\"></i> </td><td align=\"right\"><i class=\"fa fa-circle-o\"></i> <i class=\"fa fa-circle-o\"></i> </tr></table>\n|uhtml|bestof|<h2><strong>Game 2</strong> of <a href=\"/game-bestof3-gen9championsvgc2026regma-2588627051\">a best-of-3</a></h2>\n|t:|1776651875\n|gametype|doubles\n|player|p1|dr. shio|dawn|\n|player|p2|Ratman937402|wallace|\n|gen|9\n|tier|[Gen 9 Champions] VGC 2026 Reg M-A\n|rule|Species Clause: Limit one of each Pok\u00e9mon\n|rule|Item Clause: Limit 1 of each item\n|raw|<div class=\"infobox\"><details class=\"readmore\" open><summary><strong>1 custom rule:</strong></summary> Best of = 3</details></div>\n|clearpoke\n|poke|p1|Torkoal, L50, M, shiny|\n|poke|p1|Clefable, L50, F, shiny|\n|poke|p1|Drampa, L50, F, shiny|\n|poke|p1|Aggron, L50, M, shiny|\n|poke|p1|Sinistcha, L50, shiny|\n|poke|p1|Incineroar, L50, F, shiny|\n|poke|p2|Whimsicott, L50, M|\n|poke|p2|Garchomp, L50, M|\n|poke|p2|Gardevoir, L50, F|\n|poke|p2|Aerodactyl, L50, F|\n|poke|p2|Scizor, L50, M, shiny|\n|poke|p2|Rotom-Wash, L50|\n|teampreview|4\nRatman937402 has agreed to open team sheets.\n|j| woopalotl\ndr. shio has agreed to open team sheets.\n|showteam|p1|Torkoal||Charcoal|Drought|Protect,Eruption,EarthPower,WeatherBall|||M|||50|]Clefable||Leftovers|MagicGuard|Protect,Moonblast,Moonlight,FollowMe|||F|||50|]Drampa||Drampanite|Berserk|CalmMind,DragonPulse,Protect,HyperVoice|||F|||50|]Aggron||Aggronite|Sturdy|IronHead,Protect,IronDefense,BodyPress|||M|||50|]Sinistcha||SitrusBerry|Hospitality|Protect,MatchaGotcha,TrickRoom,RagePowder||||||50|]Incineroar||PasshoBerry|Intimidate|FakeOut,Protect,PartingShot,ThroatChop|||F|||50|\n|showteam|p2|Whimsicott||MentalHerb|Prankster|Tailwind,Moonblast,Encore,Protect|||M|||50|]Garchomp||SoftSand|RoughSkin|DragonClaw,Earthquake,StompingTantrum,Protect|||M|||50|]Gardevoir||Gardevoirite|Telepathy|HyperVoice,Moonblast,Psychic,Protect|||F|||50|]Aerodactyl||FocusSash|Unnerve|DualWingbeat,Tailwind,RockSlide,Protect|||F|||50|]Scizor||Scizorite|Technician|BulletPunch,CloseCombat,SwordsDance,Protect|||M|||50|]Rotom-Wash||ChoiceScarf|Levitate|Electroweb,HydroPump,Thunderbolt,DarkPulse||||||50|\n|\n|t:|1776651939\n|teamsize|p1|4\n|teamsize|p2|4\n|start\n|switch|p1a: Clefable|Clefable, L50, F, shiny|100/100\n|switch|p1b: Drampa|Drampa, L50, F, shiny|100/100\n|switch|p2a: Garchomp|Garchomp, L50, M|100/100\n|switch|p2b: Gardevoir|Gardevoir, L50, F|100/100\n|turn|1\n|\n|t:|1776651964\n|switch|p2a: Scizor|Scizor, L50, M, shiny|100/100\n|move|p1a: Clefable|Follow Me|p1a: Clefable\n|-singleturn|p1a: Clefable|move: Follow Me\n|move|p2b: Gardevoir|Moonblast|p1a: Clefable\n|-damage|p1a: Clefable|54/100\n|move|p1b: Drampa|Calm Mind|p1b: Drampa\n|-boost|p1b: Drampa|spa|1\n|-boost|p1b: Drampa|spd|1\n|\n|-heal|p1a: Clefable|60/100|[from] item: Leftovers\n|upkeep\n|turn|2\n|\n|t:|1776651989\n|detailschange|p2b: Gardevoir|Gardevoir-Mega, L50, F\n|-mega|p2b: Gardevoir|Gardevoir|Gardevoirite\n|move|p1a: Clefable|Protect|p1a: Clefable\n|-singleturn|p1a: Clefable|Protect\n|move|p1b: Drampa|Protect|p1b: Drampa\n|-singleturn|p1b: Drampa|Protect\n|move|p2a: Scizor|Bullet Punch|p1a: Clefable\n|-activate|p1a: Clefable|move: Protect\n|move|p2b: Gardevoir|Hyper Voice|p1b: Drampa|[spread] \n|-activate|p1a: Clefable|move: Protect\n|-activate|p1b: Drampa|move: Protect\n|\n|-heal|p1a: Clefable|66/100|[from] item: Leftovers\n|upkeep\n|turn|3\n|\n|t:|1776652044\n|switch|p1a: Torkoal|Torkoal, L50, M, shiny|100/100\n|-weather|SunnyDay|[from] ability: Drought|[of] p1a: Torkoal\n|detailschange|p1b: Drampa|Drampa-Mega, L50, F, shiny\n|-mega|p1b: Drampa|Drampa|Drampanite\n|move|p2b: Gardevoir|Hyper Voice|p1a: Torkoal|[spread] p1a,p1b\n|-resisted|p1a: Torkoal|1\n|-supereffective|p1b: Drampa|1\n|-damage|p1a: Torkoal|67/100\n|-damage|p1b: Drampa|38/100\n|-ability|p1b: Drampa|Berserk|boost\n|-boost|p1b: Drampa|spa|1\n|move|p2a: Scizor|Swords Dance|p2a: Scizor\n|-boost|p2a: Scizor|atk|2\n|move|p1b: Drampa|Calm Mind|p1b: Drampa\n|-boost|p1b: Drampa|spa|1\n|-boost|p1b: Drampa|spd|1\n|\n|-weather|SunnyDay|[upkeep]\n|upkeep\n|turn|4\n|\n|t:|1776652071\n|switch|p1a: Sinistcha|Sinistcha, L50, shiny|100/100\n|-heal|p1b: Drampa|63/100|[from] ability: Hospitality|[of] p1a: Sinistcha\n|move|p1b: Drampa|Protect|p1b: Drampa\n|-singleturn|p1b: Drampa|Protect\n|move|p2b: Gardevoir|Moonblast|p1b: Drampa\n|-activate|p1b: Drampa|move: Protect\n|move|p2a: Scizor|Close Combat|p1a: Sinistcha\n|-immune|p1a: Sinistcha\n|\n|-weather|SunnyDay|[upkeep]\n|upkeep\n|turn|5\n|\n|t:|1776652097\n|move|p2a: Scizor|Bullet Punch|p1b: Drampa\n|-crit|p1b: Drampa\n|-damage|p1b: Drampa|0 fnt\n|faint|p1b: Drampa\n|move|p2b: Gardevoir|Hyper Voice|p1a: Sinistcha\n|-damage|p1a: Sinistcha|33/100\n|-enditem|p1a: Sinistcha|Sitrus Berry|[eat]\n|-heal|p1a: Sinistcha|58/100|[from] item: Sitrus Berry\n|move|p1a: Sinistcha|Trick Room|p1a: Sinistcha\n|-fieldstart|move: Trick Room|[of] p1a: Sinistcha\n|\n|-weather|SunnyDay|[upkeep]\n|upkeep\n|\n|t:|1776652108\n|switch|p1b: Torkoal|Torkoal, L50, M, shiny|67/100\n|turn|6\n|\n|t:|1776652119\n|switch|p1a: Clefable|Clefable, L50, F, shiny|66/100\n|move|p1b: Torkoal|Protect|p1b: Torkoal\n|-singleturn|p1b: Torkoal|Protect\n|move|p2a: Scizor|Protect|p2a: Scizor\n|-singleturn|p2a: Scizor|Protect\n|move|p2b: Gardevoir|Psychic|p1b: Torkoal\n|-activate|p1b: Torkoal|move: Protect\n|\n|-weather|SunnyDay|[upkeep]\n|-heal|p1a: Clefable|72/100|[from] item: Leftovers\n|upkeep\n|turn|7\n|\n|t:|1776652139\n|switch|p1a: Sinistcha|Sinistcha, L50, shiny|58/100\n|-heal|p1b: Torkoal|91/100|[from] ability: Hospitality|[of] p1a: Sinistcha\n|move|p2a: Scizor|Bullet Punch|p1b: Torkoal\n|-resisted|p1b: Torkoal|1\n|-damage|p1b: Torkoal|62/100\n|move|p1b: Torkoal|Eruption|p2b: Gardevoir|[spread] p2a,p2b\n|-supereffective|p2a: Scizor|2\n|-damage|p2a: Scizor|0 fnt\n|-damage|p2b: Gardevoir|52/100\n|faint|p2a: Scizor\n|move|p2b: Gardevoir|Hyper Voice|p1b: Torkoal|[spread] p1a,p1b\n|-resisted|p1b: Torkoal|1\n|-damage|p1a: Sinistcha|5/100\n|-damage|p1b: Torkoal|25/100\n|\n|-weather|none\n|upkeep\n|\n|t:|1776652157\n|switch|p2a: Garchomp|Garchomp, L50, M|100/100\n|turn|8\n|\n|t:|1776652176\n|switch|p1b: Clefable|Clefable, L50, F, shiny|72/100\n|move|p1a: Sinistcha|Matcha Gotcha|p2b: Gardevoir|[spread] p2a,p2b\n|-damage|p2a: Garchomp|76/100\n|-heal|p1a: Sinistcha|18/100|[from] drain|[of] p2a: Garchomp\n|-damage|p2b: Gardevoir|29/100\n|-heal|p1a: Sinistcha|27/100|[from] drain|[of] p2b: Gardevoir\n|-status|p2a: Garchomp|brn\n|-status|p2b: Gardevoir|brn\n|move|p2b: Gardevoir|Hyper Voice|p1a: Sinistcha|[spread] p1a,p1b\n|-damage|p1a: Sinistcha|0 fnt\n|-damage|p1b: Clefable|29/100\n|faint|p1a: Sinistcha\n|move|p2a: Garchomp|Earthquake|p1b: Clefable|[spread] p2b,p1b\n|-damage|p2b: Gardevoir|0 fnt\n|-damage|p1b: Clefable|2/100\n|faint|p2b: Gardevoir\n|\n|-heal|p1b: Clefable|8/100|[from] item: Leftovers\n|-damage|p2a: Garchomp|70/100 brn|[from] brn\n|upkeep\n|\n|t:|1776652196\n|switch|p1a: Torkoal|Torkoal, L50, M, shiny|25/100\n|switch|p2b: Rotom|Rotom-Wash, L50|100/100\n|-weather|SunnyDay|[from] ability: Drought|[of] p1a: Torkoal\n|turn|9\n|\n|t:|1776652221\n|move|p1a: Torkoal|Earth Power|p2a: Garchomp\n|-damage|p2a: Garchomp|40/100 brn\n|-unboost|p2a: Garchomp|spd|1\n|move|p1b: Clefable|Moonlight|p1b: Clefable\n|-heal|p1b: Clefable|75/100\n|move|p2a: Garchomp|Earthquake|p1b: Clefable|[spread] p1a,p1b\n|-immune|p2b: Rotom|[from] ability: Levitate\n|-supereffective|p1a: Torkoal|1\n|-damage|p1a: Torkoal|0 fnt\n|-damage|p1b: Clefable|51/100\n|faint|p1a: Torkoal\n|move|p2b: Rotom|Electroweb|p1b: Clefable\n|-damage|p1b: Clefable|28/100\n|-unboost|p1b: Clefable|spe|1\n|\n|-weather|SunnyDay|[upkeep]\n|-heal|p1b: Clefable|34/100|[from] item: Leftovers\n|-damage|p2a: Garchomp|34/100 brn|[from] brn\n|-fieldend|move: Trick Room\n|upkeep\n|turn|10\n|\n|t:|1776652240\n|move|p1b: Clefable|Protect|p1b: Clefable\n|-singleturn|p1b: Clefable|Protect\n|move|p2b: Rotom|Electroweb|p1b: Clefable\n|-activate|p1b: Clefable|move: Protect\n|move|p2a: Garchomp|Stomping Tantrum|p1b: Clefable\n|-activate|p1b: Clefable|move: Protect\n|\n|-weather|SunnyDay|[upkeep]\n|-heal|p1b: Clefable|40/100|[from] item: Leftovers\n|-damage|p2a: Garchomp|28/100 brn|[from] brn\n|upkeep\n|turn|11\n|\n|t:|1776652252\n|move|p2b: Rotom|Electroweb|p1b: Clefable|[miss]\n|-miss|p2b: Rotom|p1b: Clefable\n|move|p2a: Garchomp|Stomping Tantrum|p1b: Clefable\n|-damage|p1b: Clefable|16/100\n|move|p1b: Clefable|Moonlight|p1b: Clefable\n|-heal|p1b: Clefable|83/100\n|\n|-weather|SunnyDay|[upkeep]\n|-heal|p1b: Clefable|89/100|[from] item: Leftovers\n|-damage|p2a: Garchomp|22/100 brn|[from] brn\n|upkeep\n|turn|12\n|c| woopalotl|shouldnt have KOed your garde\n|\n|t:|1776652278\n|move|p2b: Rotom|Electroweb|p1b: Clefable\n|-damage|p1b: Clefable|67/100\n|-unboost|p1b: Clefable|spe|1\n|move|p2a: Garchomp|Stomping Tantrum|p1b: Clefable\n|-damage|p1b: Clefable|42/100\n|move|p1b: Clefable|Moonblast|p2a: Garchomp\n|-supereffective|p2a: Garchomp|1\n|-damage|p2a: Garchomp|0 fnt\n|faint|p2a: Garchomp\n|\n|-weather|SunnyDay|[upkeep]\n|-heal|p1b: Clefable|48/100|[from] item: Leftovers\n|upkeep\n|turn|13\n|\n|t:|1776652291\n|move|p2b: Rotom|Electroweb|p1b: Clefable\n|-damage|p1b: Clefable|24/100\n|-unboost|p1b: Clefable|spe|1\n|move|p1b: Clefable|Moonlight|p1b: Clefable\n|-heal|p1b: Clefable|91/100\n|\n|-weather|none\n|-heal|p1b: Clefable|97/100|[from] item: Leftovers\n|upkeep\n|turn|14\n|\n|t:|1776652303\n|move|p1b: Clefable|Protect|p1b: Clefable\n|-singleturn|p1b: Clefable|Protect\n|move|p2b: Rotom|Electroweb|p1b: Clefable\n|-activate|p1b: Clefable|move: Protect\n|\n|-heal|p1b: Clefable|100/100|[from] item: Leftovers\n|upkeep\n|turn|15\n|\n|t:|1776652314\n|move|p2b: Rotom|Electroweb|p1b: Clefable|[miss]\n|-miss|p2b: Rotom|p1b: Clefable\n|move|p1b: Clefable|Moonblast|p2b: Rotom\n|-damage|p2b: Rotom|54/100\n|-unboost|p2b: Rotom|spa|1\n|\n|upkeep\n|turn|16\n|-message|Ratman937402 forfeited.\n|\n|win|dr. shio\n",
  "uploadtime": 1776652367,
  "views": 3,
  "formatid": "gen9championsvgc2026regma",
  "rating": null,
  "private": 0,
  "password": null
}