{
  "id": "gen9championsvgc2026regma-2587628028",
  "format": "[Gen 9 Champions] VGC 2026 Reg M-A",
  "players": [
    "iFrozenShadow",
    "Mildly Displeased"
  ],
  "log": "|j|\u2606iFrozenShadow\n|j|\u2606Mildly Displeased\n|t:|1776548330\n|gametype|doubles\n|player|p1|iFrozenShadow|169|1448\n|player|p2|Mildly Displeased|dawn|1555\n|gen|9\n|tier|[Gen 9 Champions] VGC 2026 Reg M-A\n|rated|\n|rule|Species Clause: Limit one of each Pok\u00e9mon\n|rule|Item Clause: Limit 1 of each item\n|clearpoke\n|poke|p1|Gengar, L50, F, shiny|\n|poke|p1|Whimsicott, L50, F|\n|poke|p1|Incineroar, L50, M|\n|poke|p1|Basculegion, L50, M, shiny|\n|poke|p1|Tyranitar, L50, F|\n|poke|p1|Corviknight, L50, F|\n|poke|p2|Primarina, L50, M|\n|poke|p2|Sinistcha, L50|\n|poke|p2|Aegislash, L50, F|\n|poke|p2|Pelipper, L50, M|\n|poke|p2|Scizor, L50, M|\n|poke|p2|Clefable, L50, M|\n|teampreview|4\n|inactive|Battle timer is ON: inactive players will automatically lose when time's up. (requested by Mildly Displeased)\n|\n|t:|1776548360\n|teamsize|p1|4\n|teamsize|p2|4\n|start\n|switch|p1a: Gengar|Gengar, L50, F, shiny|100/100\n|switch|p1b: Whimsicott|Whimsicott, L50, F|100/100\n|switch|p2a: Clefable|Clefable, L50, M|100/100\n|switch|p2b: Sinistcha|Sinistcha, L50|100/100\n|turn|1\n|\n|t:|1776548377\n|detailschange|p1a: Gengar|Gengar-Mega, L50, F, shiny\n|-mega|p1a: Gengar|Gengar|Gengarite\n|detailschange|p2a: Clefable|Clefable-Mega, L50, M\n|-mega|p2a: Clefable|Clefable|Clefablite\n|move|p2a: Clefable|Follow Me|p2a: Clefable\n|-singleturn|p2a: Clefable|move: Follow Me\n|move|p1a: Gengar|Sludge Bomb|p2a: Clefable\n|-supereffective|p2a: Clefable|1\n|-damage|p2a: Clefable|17/100\n|move|p1b: Whimsicott|Moonblast|p2a: Clefable\n|-damage|p2a: Clefable|0 fnt\n|faint|p2a: Clefable\n|move|p2b: Sinistcha|Trick Room|p2b: Sinistcha\n|-fieldstart|move: Trick Room|[of] p2b: Sinistcha\n|\n|upkeep\n|\n|t:|1776548390\n|switch|p2a: Aegislash|Aegislash, L50, F|100/100\n|turn|2\n|\n|t:|1776548399\n|switch|p1a: Incineroar|Incineroar, L50, M|100/100\n|-ability|p1a: Incineroar|Intimidate|boost\n|-unboost|p2a: Aegislash|atk|1\n|-unboost|p2b: Sinistcha|atk|1\n|move|p1b: Whimsicott|Encore|p2b: Sinistcha\n|-start|p2b: Sinistcha|Encore\n|-formechange|p2a: Aegislash|Aegislash-Blade|\n|move|p2a: Aegislash|Poltergeist|p1a: Incineroar\n|-activate|p1a: Incineroar|move: Poltergeist|Sitrus Berry\n|-resisted|p1a: Incineroar|1\n|-damage|p1a: Incineroar|74/100\n|move|p2b: Sinistcha|Trick Room|p2b: Sinistcha\n|-fieldend|move: Trick Room\n|\n|upkeep\n|turn|3\n|\n|t:|1776548417\n|switch|p2a: Pelipper|Pelipper, L50, M|100/100\n|-weather|RainDance|[from] ability: Drizzle|[of] p2a: Pelipper\n|move|p1b: Whimsicott|Moonblast|p2b: Sinistcha\n|-damage|p2b: Sinistcha|77/100\n|move|p1a: Incineroar|Flare Blitz|p2b: Sinistcha\n|-supereffective|p2b: Sinistcha|1\n|-damage|p2b: Sinistcha|22/100\n|-damage|p1a: Incineroar|58/100|[from] Recoil\n|move|p2b: Sinistcha|Trick Room|p2b: Sinistcha\n|-fieldstart|move: Trick Room|[of] p2b: Sinistcha\n|\n|-weather|RainDance|[upkeep]\n|-heal|p2b: Sinistcha|28/100|[from] item: Leftovers\n|upkeep\n|turn|4\n|inactive|iFrozenShadow has 30 seconds left.\n|inactive|iFrozenShadow has 20 seconds left.\n|\n|t:|1776548453\n|switch|p2b: Aegislash|Aegislash, L50, F|100/100\n|move|p1a: Incineroar|Parting Shot|p2b: Aegislash\n|-unboost|p2b: Aegislash|atk|1\n|-unboost|p2b: Aegislash|spa|1\n|\n|t:|1776548458\n|switch|p1a: Basculegion|Basculegion, L50, M, shiny|100/100|[from] Parting Shot\n|move|p2a: Pelipper|Hurricane|p1b: Whimsicott\n|-supereffective|p1b: Whimsicott|1\n|-enditem|p1b: Whimsicott|Focus Sash\n|-damage|p1b: Whimsicott|1/100\n|move|p1b: Whimsicott|Moonblast|p2a: Pelipper\n|-damage|p2a: Pelipper|61/100\n|\n|-weather|RainDance|[upkeep]\n|upkeep\n|turn|5\n|inactive|iFrozenShadow has 30 seconds left.\n|\n|t:|1776548487\n|switch|p1a: Incineroar|Incineroar, L50, M|58/100\n|-ability|p1a: Incineroar|Intimidate|boost\n|-unboost|p2a: Pelipper|atk|1\n|-unboost|p2b: Aegislash|atk|1\n|move|p1b: Whimsicott|Protect|p1b: Whimsicott\n|-singleturn|p1b: Whimsicott|Protect\n|-formechange|p2b: Aegislash|Aegislash-Blade|\n|move|p2b: Aegislash|Poltergeist|p1a: Incineroar\n|-activate|p1a: Incineroar|move: Poltergeist|Sitrus Berry\n|-resisted|p1a: Incineroar|1\n|-damage|p1a: Incineroar|39/100\n|-enditem|p1a: Incineroar|Sitrus Berry|[eat]\n|-heal|p1a: Incineroar|64/100|[from] item: Sitrus Berry\n|move|p2a: Pelipper|Hurricane|p1a: Incineroar\n|-damage|p1a: Incineroar|10/100\n|\n|-weather|RainDance|[upkeep]\n|upkeep\n|turn|6\n|inactive|iFrozenShadow has 30 seconds left.\n|inactive|Mildly Displeased has 30 seconds left.\n|inactive|iFrozenShadow has 20 seconds left.\n|\n|t:|1776548523\n|switch|p2b: Sinistcha|Sinistcha, L50|28/100\n|-heal|p2a: Pelipper|86/100|[from] ability: Hospitality|[of] p2b: Sinistcha\n|move|p1a: Incineroar|Darkest Lariat|p2b: Sinistcha\n|-supereffective|p2b: Sinistcha|1\n|-damage|p2b: Sinistcha|0 fnt\n|faint|p2b: Sinistcha\n|move|p2a: Pelipper|Weather Ball|p1b: Whimsicott\n|-resisted|p1b: Whimsicott|1\n|-damage|p1b: Whimsicott|0 fnt\n|faint|p1b: Whimsicott\n|\n|-weather|RainDance|[upkeep]\n|upkeep\n|\n|t:|1776548533\n|switch|p2b: Aegislash|Aegislash, L50, F|100/100\n|switch|p1b: Gengar|Gengar-Mega, L50, F, shiny|100/100\n|turn|7\n|\n|t:|1776548550\n|move|p1b: Gengar|Protect|p1b: Gengar\n|-singleturn|p1b: Gengar|Protect\n|-formechange|p2b: Aegislash|Aegislash-Blade|\n|move|p2b: Aegislash|Poltergeist|p1b: Gengar\n|-activate|p1b: Gengar|move: Protect\n|move|p1a: Incineroar|Parting Shot|p2b: Aegislash\n|-unboost|p2b: Aegislash|atk|1\n|-unboost|p2b: Aegislash|spa|1\n|\n|t:|1776548558\n|switch|p1a: Basculegion|Basculegion, L50, M, shiny|100/100|[from] Parting Shot\n|move|p2a: Pelipper|Weather Ball|p1a: Basculegion\n|-resisted|p1a: Basculegion|1\n|-damage|p1a: Basculegion|58/100\n|\n|-weather|none\n|-fieldend|move: Trick Room\n|upkeep\n|turn|8\n|\n|t:|1776548566\n|-formechange|p2b: Aegislash|Aegislash|\n|move|p2b: Aegislash|King's Shield|p2b: Aegislash\n|-singleturn|p2b: Aegislash|Protect\n|move|p1a: Basculegion|Last Respects|p2a: Pelipper\n|-damage|p2a: Pelipper|18/100\n|move|p1b: Gengar|Shadow Ball|p2b: Aegislash\n|-activate|p2b: Aegislash|move: Protect\n|move|p2a: Pelipper|Tailwind|p2a: Pelipper\n|-sidestart|p2: Mildly Displeased|move: Tailwind\n|\n|upkeep\n|turn|9\n|\n|t:|1776548581\n|switch|p1b: Incineroar|Incineroar, L50, M|10/100\n|-ability|p1b: Incineroar|Intimidate|boost\n|-unboost|p2a: Pelipper|atk|1\n|-unboost|p2b: Aegislash|atk|1\n|move|p1a: Basculegion|Last Respects|p2b: Aegislash\n|-supereffective|p2b: Aegislash|1\n|-damage|p2b: Aegislash|0 fnt\n|faint|p2b: Aegislash\n|move|p2a: Pelipper|Hurricane|p1a: Basculegion\n|-damage|p1a: Basculegion|0 fnt\n|faint|p1a: Basculegion\n|\n|upkeep\n|-message|Mildly Displeased forfeited.\n|\n|win|iFrozenShadow\n|raw|iFrozenShadow's rating: 1448 &rarr; <strong>1474</strong><br />(+26 for winning)\n|raw|Mildly Displeased's rating: 1555 &rarr; <strong>1529</strong><br />(-26 for losing)\n|l|\u2606Mildly Displeased\n|player|p2|\n|l|\u2606iFrozenShadow\n|player|p1|\n",
  "uploadtime": 1776548603,
  "views": 20,
  "formatid": "gen9championsvgc2026regma",
  "rating": 1474,
  "private": 0,
  "password": null
}