{
  "id": "gen9championsvgc2026regma-2584540792",
  "format": "[Gen 9 Champions] VGC 2026 Reg M-A",
  "players": [
    "Edubnosfera2",
    "LordHeralex"
  ],
  "log": "|j|\u2606Edubnosfera2\n|j|\u2606LordHeralex\n|t:|1776267556\n|gametype|doubles\n|player|p1|Edubnosfera2|1|1076\n|player|p2|LordHeralex|266|1000\n|gen|9\n|tier|[Gen 9 Champions] VGC 2026 Reg M-A\n|rated|\n|rule|Species Clause: Limit one of each Pok\u00e9mon\n|rule|Item Clause: Limit 1 of each item\n|clearpoke\n|poke|p1|Charizard, L50, M|\n|poke|p1|Venusaur, L50, M|\n|poke|p1|Tinkaton, L50, F|\n|poke|p1|Garchomp, L50, F|\n|poke|p1|Aerodactyl, L50, M|\n|poke|p1|Incineroar, L50, F|\n|poke|p2|Drampa, L50, F|\n|poke|p2|Meowstic, L50, M|\n|poke|p2|Sneasler, L50, F|\n|poke|p2|Clawitzer, L50, M|\n|poke|p2|Toucannon, L50, F|\n|poke|p2|Gardevoir, L50, M|\n|teampreview|4\n|inactive|Battle timer is ON: inactive players will automatically lose when time's up. (requested by LordHeralex)\nEdubnosfera2 has agreed to open team sheets.\n|\n|t:|1776267583\n|teamsize|p1|4\n|teamsize|p2|4\n|start\n|switch|p1a: Aerodactyl|Aerodactyl, L50, M|100/100\n|switch|p1b: Garchomp|Garchomp, L50, F|100/100\n|switch|p2a: Meowstic|Meowstic, L50, M|100/100\n|switch|p2b: Sneasler|Sneasler, L50, F|100/100\n|-ability|p1a: Aerodactyl|Unnerve\n|turn|1\n|\n|t:|1776267603\n|move|p2b: Sneasler|Fake Out|p1b: Garchomp\n|-damage|p1b: Garchomp|85/100\n|-damage|p2b: Sneasler|88/100|[from] ability: Rough Skin|[of] p1b: Garchomp\n|cant|p1b: Garchomp|flinch\n|move|p1a: Aerodactyl|Tailwind|p1a: Aerodactyl\n|-sidestart|p1: Edubnosfera2|move: Tailwind\n|move|p2a: Meowstic|Trick Room|p2a: Meowstic\n|-fieldstart|move: Trick Room|[of] p2a: Meowstic\n|\n|upkeep\n|turn|2\n|\n|t:|1776267627\n|move|p2a: Meowstic|Nasty Plot|p2a: Meowstic\n|-boost|p2a: Meowstic|spa|2\n|move|p2b: Sneasler|Rock Slide|p1a: Aerodactyl|[spread] p1b\n|-miss|p2b: Sneasler|p1a: Aerodactyl\n|-resisted|p1b: Garchomp|1\n|-damage|p1b: Garchomp|75/100\n|move|p1a: Aerodactyl|Dual Wingbeat|p2b: Sneasler\n|-supereffective|p2b: Sneasler|1\n|-damage|p2b: Sneasler|50/100\n|-supereffective|p2b: Sneasler|1\n|-damage|p2b: Sneasler|13/100\n|-hitcount|p2b: Sneasler|2\n|cant|p1b: Garchomp|flinch\n|\n|upkeep\n|turn|3\n|inactive|Edubnosfera2 has 30 seconds left.\n|\n|t:|1776267652\n|move|p2a: Meowstic|Baton Pass|p2a: Meowstic\n|\n|t:|1776267655\n|switch|p2a: Drampa|Drampa, L50, F|100/100|[from] Baton Pass\n|move|p2b: Sneasler|Rock Slide|p1a: Aerodactyl|[spread] p1a,p1b\n|-supereffective|p1a: Aerodactyl|1\n|-resisted|p1b: Garchomp|1\n|-damage|p1a: Aerodactyl|43/100\n|-damage|p1b: Garchomp|65/100\n|move|p1a: Aerodactyl|Dual Wingbeat|p2a: Drampa\n|-damage|p2a: Drampa|84/100\n|-damage|p2a: Drampa|66/100\n|-hitcount|p2a: Drampa|2\n|cant|p1b: Garchomp|flinch\n|\n|upkeep\n|turn|4\n|inactive|Edubnosfera2 has 30 seconds left.\n|\n|t:|1776267684\n|detailschange|p2a: Drampa|Drampa-Mega, L50, F\n|-mega|p2a: Drampa|Drampa|Drampanite\n|move|p2a: Drampa|Ice Beam|p1b: Garchomp\n|-supereffective|p1b: Garchomp|2\n|-damage|p1b: Garchomp|0 fnt\n|faint|p1b: Garchomp\n|move|p2b: Sneasler|Close Combat|p1a: Aerodactyl\n|-damage|p1a: Aerodactyl|0 fnt\n|-unboost|p2b: Sneasler|def|1\n|-unboost|p2b: Sneasler|spd|1\n|faint|p1a: Aerodactyl\n|-enditem|p2b: Sneasler|White Herb\n|-clearnegativeboost|p2b: Sneasler|[silent]\n|\n|-sideend|p1: Edubnosfera2|move: Tailwind\n|upkeep\n|\n|t:|1776267688\n|switch|p1b: Venusaur|Venusaur, L50, M|100/100\n|switch|p1a: Charizard|Charizard, L50, M|100/100\n|turn|5\n|\n|t:|1776267710\n|move|p1b: Venusaur|Protect|p1b: Venusaur\n|-singleturn|p1b: Venusaur|Protect\n|move|p1a: Charizard|Protect|p1a: Charizard\n|-singleturn|p1a: Charizard|Protect\n|move|p2a: Drampa|Flamethrower|p1b: Venusaur\n|-activate|p1b: Venusaur|move: Protect\n|move|p2b: Sneasler|Rock Slide|p1a: Charizard|[spread] \n|-activate|p1a: Charizard|move: Protect\n|-activate|p1b: Venusaur|move: Protect\n|\n|-fieldend|move: Trick Room\n|upkeep\n|turn|6\n|inactive|Edubnosfera2 has 30 seconds left.\n|\n|t:|1776267735\n|detailschange|p1a: Charizard|Charizard-Mega-Y, L50, M\n|-mega|p1a: Charizard|Charizard|Charizardite Y\n|-weather|SunnyDay|[from] ability: Drought|[of] p1a: Charizard\n|move|p1a: Charizard|Protect||[still]\n|-fail|p1a: Charizard\n|move|p1b: Venusaur|Sleep Powder|p2a: Drampa|[miss]\n|-miss|p1b: Venusaur|p2a: Drampa\n|move|p2b: Sneasler|Rock Slide|p1a: Charizard|[spread] p1a,p1b\n|-supereffective|p1a: Charizard|2\n|-damage|p1a: Charizard|0 fnt\n|-damage|p1b: Venusaur|78/100\n|faint|p1a: Charizard\n|move|p2a: Drampa|Flamethrower|p1b: Venusaur\n|-supereffective|p1b: Venusaur|1\n|-damage|p1b: Venusaur|0 fnt\n|faint|p1b: Venusaur\n|\n|win|LordHeralex\n|raw|Edubnosfera2's rating: 1076 &rarr; <strong>1050</strong><br />(-26 for losing)\n|raw|LordHeralex's rating: 1000 &rarr; <strong>1049</strong><br />(+49 for winning)\n|l|\u2606Edubnosfera2\n|player|p1|\n",
  "uploadtime": 1776267764,
  "views": 21,
  "formatid": "gen9championsvgc2026regma",
  "rating": 1049,
  "private": 0,
  "password": null
}