{
  "id": "gen9championsvgc2026regma-2587266213",
  "format": "[Gen 9 Champions] VGC 2026 Reg M-A",
  "players": [
    "TheGreatMutwa",
    "Iitz_fresh"
  ],
  "log": "|j|\u2606TheGreatMutwa\n|j|\u2606Iitz_fresh\n|t:|1776516247\n|gametype|doubles\n|player|p1|TheGreatMutwa|theroyal|1045\n|player|p2|Iitz_fresh|2|1054\n|gen|9\n|tier|[Gen 9 Champions] VGC 2026 Reg M-A\n|rated|\n|rule|Species Clause: Limit one of each Pok\u00e9mon\n|rule|Item Clause: Limit 1 of each item\n|clearpoke\n|poke|p1|Incineroar, L50, F|\n|poke|p1|Hawlucha, L50, M|\n|poke|p1|Archaludon, L50, M|\n|poke|p1|Whimsicott, L50, M|\n|poke|p1|Sneasler, L50, F|\n|poke|p1|Typhlosion-Hisui, L50, M|\n|poke|p2|Garchomp, L50, M|\n|poke|p2|Lucario, L50, M|\n|poke|p2|Talonflame, L50, M|\n|poke|p2|Clefable, L50, M|\n|poke|p2|Rotom-Wash, L50|\n|poke|p2|Gengar, L50, F|\n|teampreview|4\n|inactive|Battle timer is ON: inactive players will automatically lose when time's up. (requested by Iitz_fresh)\n|inactive|Iitz_fresh has 60 seconds left.\n|\n|t:|1776516293\n|teamsize|p1|4\n|teamsize|p2|4\n|start\n|switch|p1a: Whimsicott|Whimsicott, L50, M|100/100\n|switch|p1b: Typhlosion|Typhlosion-Hisui, L50, M|100/100\n|switch|p2a: Clefable|Clefable, L50, M|100/100\n|switch|p2b: Lucario|Lucario, L50, M|100/100\n|turn|1\n|inactive|Iitz_fresh has 30 seconds left.\n|inactive|Iitz_fresh has 20 seconds left.\n|\n|t:|1776516330\n|move|p2b: Lucario|Protect|p2b: Lucario\n|-singleturn|p2b: Lucario|Protect\n|move|p1a: Whimsicott|Tailwind|p1a: Whimsicott\n|-sidestart|p1: TheGreatMutwa|move: Tailwind\n|move|p1b: Typhlosion|Eruption|p2a: Clefable|[spread] p2a\n|-activate|p2b: Lucario|move: Protect\n|-damage|p2a: Clefable|51/100\n|move|p2a: Clefable|Moonblast|p1b: Typhlosion\n|-resisted|p1b: Typhlosion|1\n|-damage|p1b: Typhlosion|80/100\n|\n|-heal|p2a: Clefable|57/100|[from] item: Leftovers\n|upkeep\n|turn|2\n|inactive|Iitz_fresh has 30 seconds left.\n|inactive|TheGreatMutwa has 30 seconds left.\n|\n|t:|1776516366\n|switch|p2b: Garchomp|Garchomp, L50, M|100/100\n|move|p1a: Whimsicott|Taunt|p2a: Clefable\n|-start|p2a: Clefable|move: Taunt\n|move|p1b: Typhlosion|Eruption|p2a: Clefable|[spread] p2a,p2b\n|-resisted|p2b: Garchomp|1\n|-damage|p2a: Clefable|15/100\n|-damage|p2b: Garchomp|79/100\n|move|p2a: Clefable|Moonblast|p1b: Typhlosion\n|-resisted|p1b: Typhlosion|1\n|-damage|p1b: Typhlosion|58/100\n|\n|-heal|p2a: Clefable|21/100|[from] item: Leftovers\n|upkeep\n|turn|3\n|inactive|TheGreatMutwa has 30 seconds left.\n|\n|t:|1776516392\n|switch|p2a: Talonflame|Talonflame, L50, M|100/100\n|move|p1a: Whimsicott|Fake Tears|p2b: Garchomp\n|-unboost|p2b: Garchomp|spd|2\n|-enditem|p2b: Garchomp|White Herb\n|-clearnegativeboost|p2b: Garchomp|[silent]\n|move|p1b: Typhlosion|Eruption|p2b: Garchomp|[spread] p2a,p2b\n|-resisted|p2a: Talonflame|1\n|-resisted|p2b: Garchomp|1\n|-damage|p2a: Talonflame|77/100\n|-damage|p2b: Garchomp|62/100\n|move|p2b: Garchomp|Rock Slide|p1b: Typhlosion|[spread] p1a,p1b\n|-supereffective|p1b: Typhlosion|1\n|-damage|p1a: Whimsicott|73/100\n|-damage|p1b: Typhlosion|0 fnt\n|faint|p1b: Typhlosion\n|\n|upkeep\n|\n|t:|1776516414\n|switch|p1b: Archaludon|Archaludon, L50, M|100/100\n|turn|4\n|\n|t:|1776516425\n|move|p2a: Talonflame|Protect|p2a: Talonflame\n|-singleturn|p2a: Talonflame|Protect\n|move|p2b: Garchomp|Protect|p2b: Garchomp\n|-singleturn|p2b: Garchomp|Protect\n|move|p1a: Whimsicott|Moonblast|p2b: Garchomp\n|-activate|p2b: Garchomp|move: Protect\n|move|p1b: Archaludon|Electro Shot||[still]\n|-prepare|p1b: Archaludon|Electro Shot\n|-boost|p1b: Archaludon|spa|1\n|\n|-sideend|p1: TheGreatMutwa|move: Tailwind\n|upkeep\n|turn|5\n|inactive|Iitz_fresh has 30 seconds left.\n|\n|t:|1776516452\n|switch|p2b: Clefable|Clefable, L50, M|21/100\n|move|p1a: Whimsicott|Tailwind|p1a: Whimsicott\n|-sidestart|p1: TheGreatMutwa|move: Tailwind\n|move|p1b: Archaludon|Electro Shot|p2a: Talonflame|[from] lockedmove\n|-supereffective|p2a: Talonflame|1\n|-damage|p2a: Talonflame|0 fnt\n|faint|p2a: Talonflame\n|\n|-heal|p2b: Clefable|27/100|[from] item: Leftovers\n|upkeep\n|\n|t:|1776516462\n|switch|p2a: Lucario|Lucario, L50, M|100/100\n|turn|6\n|inactive|TheGreatMutwa has 30 seconds left.\n|\n|t:|1776516488\n|switch|p1a: Hawlucha|Hawlucha, L50, M|100/100\n|-ability|p1a: Hawlucha|Mold Breaker\n|detailschange|p2a: Lucario|Lucario-Mega, L50, M\n|-mega|p2a: Lucario|Lucario|Lucarionite\n|move|p2b: Clefable|Helping Hand|p2a: Lucario\n|-singleturn|p2a: Lucario|Helping Hand|[of] p2b: Clefable\n|move|p1b: Archaludon|Protect|p1b: Archaludon\n|-singleturn|p1b: Archaludon|Protect\n|move|p2a: Lucario|Vacuum Wave|p1b: Archaludon\n|-activate|p1b: Archaludon|move: Protect\n|\n|-heal|p2b: Clefable|33/100|[from] item: Leftovers\n|upkeep\n|turn|7\n|\n|t:|1776516507\n|detailschange|p1a: Hawlucha|Hawlucha-Mega, L50, M\n|-mega|p1a: Hawlucha|Hawlucha|Hawluchanite\n|move|p2b: Clefable|Follow Me|p2b: Clefable\n|-singleturn|p2b: Clefable|move: Follow Me\n|move|p2a: Lucario|Vacuum Wave|p1b: Archaludon\n|-supereffective|p1b: Archaludon|1\n|-damage|p1b: Archaludon|23/100\n|-ability|p1b: Archaludon|Stamina|boost\n|-boost|p1b: Archaludon|def|1\n|move|p1a: Hawlucha|High Jump Kick|p2b: Clefable\n|-resisted|p2b: Clefable|1\n|-damage|p2b: Clefable|2/100\n|move|p1b: Archaludon|Flash Cannon|p2b: Clefable\n|-supereffective|p2b: Clefable|1\n|-damage|p2b: Clefable|0 fnt\n|faint|p2b: Clefable\n|\n|-heal|p1b: Archaludon|29/100|[from] item: Leftovers\n|upkeep\n|\n|t:|1776516519\n|switch|p2b: Garchomp|Garchomp, L50, M|62/100\n|turn|8\n|\n|t:|1776516529\n|move|p1b: Archaludon|Protect|p1b: Archaludon\n|-singleturn|p1b: Archaludon|Protect\n|move|p2a: Lucario|Protect|p2a: Lucario\n|-singleturn|p2a: Lucario|Protect\n|move|p1a: Hawlucha|High Jump Kick|p2a: Lucario\n|-activate|p2a: Lucario|move: Protect\n|-damage|p1a: Hawlucha|51/100|[from] highjumpkick\n|move|p2b: Garchomp|Rock Slide|p1b: Archaludon|[spread] p1a\n|-activate|p1b: Archaludon|move: Protect\n|-crit|p1a: Hawlucha\n|-damage|p1a: Hawlucha|19/100\n|\n|-heal|p1b: Archaludon|36/100|[from] item: Leftovers\n|-sideend|p1: TheGreatMutwa|move: Tailwind\n|upkeep\n|turn|9\n|inactive|Iitz_fresh has 30 seconds left.\n|\n|t:|1776516562\n|move|p2a: Lucario|Vacuum Wave|p1a: Hawlucha\n|-resisted|p1a: Hawlucha|1\n|-damage|p1a: Hawlucha|0 fnt\n|faint|p1a: Hawlucha\n|move|p2b: Garchomp|Dragon Claw|p1b: Archaludon\n|-damage|p1b: Archaludon|16/100\n|-ability|p1b: Archaludon|Stamina|boost\n|-boost|p1b: Archaludon|def|1\n|move|p1b: Archaludon|Draco Meteor|p2b: Garchomp\n|-supereffective|p2b: Garchomp|1\n|-damage|p2b: Garchomp|0 fnt\n|-unboost|p1b: Archaludon|spa|2\n|faint|p2b: Garchomp\n|\n|-heal|p1b: Archaludon|22/100|[from] item: Leftovers\n|upkeep\n|\n|t:|1776516575\n|switch|p1a: Whimsicott|Whimsicott, L50, M|73/100\n|turn|10\n|\n|t:|1776516583\n|move|p1b: Archaludon|Protect|p1b: Archaludon\n|-singleturn|p1b: Archaludon|Protect\n|move|p1a: Whimsicott|Fake Tears|p2a: Lucario\n|-unboost|p2a: Lucario|spd|2\n|move|p2a: Lucario|Vacuum Wave|p1b: Archaludon\n|-activate|p1b: Archaludon|move: Protect\n|\n|-heal|p1b: Archaludon|28/100|[from] item: Leftovers\n|upkeep\n|turn|11\n|\n|t:|1776516599\n|move|p2a: Lucario|Vacuum Wave|p1b: Archaludon\n|-supereffective|p1b: Archaludon|1\n|-damage|p1b: Archaludon|0 fnt\n|faint|p1b: Archaludon\n|move|p1a: Whimsicott|Moonblast|p2a: Lucario\n|-damage|p2a: Lucario|0 fnt\n|faint|p2a: Lucario\n|\n|win|TheGreatMutwa\n|raw|TheGreatMutwa's rating: 1045 &rarr; <strong>1079</strong><br />(+34 for winning)\n|raw|Iitz_fresh's rating: 1054 &rarr; <strong>1035</strong><br />(-19 for losing)\n|c|\u2606Iitz_fresh|Lol\n|c|\u2606Iitz_fresh|so annoying\n|c|\u2606TheGreatMutwa|gg m8\n|l|\u2606Iitz_fresh\n|player|p2|\n",
  "uploadtime": 1776516800,
  "views": 24,
  "formatid": "gen9championsvgc2026regma",
  "rating": 1035,
  "private": 0,
  "password": null
}