{
  "id": "gen9championsvgc2026regma-2583952049",
  "format": "[Gen 9 Champions] VGC 2026 Reg M-A",
  "players": [
    "RobIrg",
    "Kalaphant"
  ],
  "log": "|j|\u2606RobIrg\n|j|\u2606Kalaphant\n|t:|1776211223\n|gametype|doubles\n|player|p1|RobIrg|nate|1217\n|player|p2|Kalaphant|1|1293\n|gen|9\n|tier|[Gen 9 Champions] VGC 2026 Reg M-A\n|rated|\n|rule|Species Clause: Limit one of each Pok\u00e9mon\n|rule|Item Clause: Limit 1 of each item\n|clearpoke\n|poke|p1|Starmie, L50|\n|poke|p1|Pelipper, L50, M|\n|poke|p1|Kingambit, L50, M|\n|poke|p1|Rotom-Heat, L50|\n|poke|p1|Sneasler, L50, F|\n|poke|p1|Garchomp, L50, M|\n|poke|p2|Gengar, L50, M|\n|poke|p2|Politoed, L50, M|\n|poke|p2|Sinistcha, L50|\n|poke|p2|Incineroar, L50, F|\n|poke|p2|Charizard, L50, F|\n|poke|p2|Sneasler, L50, F|\n|teampreview|4\n|inactive|Battle timer is ON: inactive players will automatically lose when time's up. (requested by Kalaphant)\n|c|\u2606Kalaphant|glhf\nRobIrg has agreed to open team sheets.\nKalaphant has agreed to open team sheets.\n|showteam|p1|Starmie||Starminite|NaturalCure|AquaJet,IceSpinner,Liquidation,Protect||||||50|]Pelipper||FocusSash|Drizzle|Hurricane,Tailwind,WideGuard,WeatherBall|||M|||50|]Kingambit||BlackGlasses|Defiant|KowtowCleave,IronHead,SuckerPunch,Protect|||M|||50|]Rotom-Heat||SitrusBerry|Levitate|Overheat,Thunderbolt,VoltSwitch,WillOWisp||||||50|]Sneasler||WhiteHerb|Unburden|CloseCombat,FakeOut,Coaching,DireClaw|||F|||50|]Garchomp||ChoiceScarf|RoughSkin|DragonClaw,Earthquake,RockSlide,PoisonJab|||M|||50|\n|showteam|p2|Gengar||Gengarite|CursedBody|Protect,PerishSong,WillOWisp,ShadowBall|||M|||50|]Politoed||SitrusBerry|Drizzle|PerishSong,Protect,WeatherBall,Encore|||M|||50|]Sinistcha||Leftovers|Hospitality|MatchaGotcha,RagePowder,LifeDew,StrengthSap||||||50|]Incineroar||ChopleBerry|Intimidate|FakeOut,PartingShot,FlareBlitz,ThroatChop|||F|||50|]Charizard||CharizarditeY|SolarPower|WeatherBall,AirSlash,SolarBeam,HeatWave|||F|||50|]Sneasler||WhiteHerb|Unburden|CloseCombat,DireClaw,FakeOut,Protect|||F|||50|\n|c|\u2606RobIrg|glhf\n|inactive|Kalaphant has 60 seconds left.\n|\n|t:|1776211261\n|teamsize|p1|4\n|teamsize|p2|4\n|start\n|switch|p1a: Starmie|Starmie, L50|100/100\n|switch|p1b: Sneasler|Sneasler, L50, F|100/100\n|switch|p2a: Gengar|Gengar, L50, M|100/100\n|switch|p2b: Sneasler|Sneasler, L50, F|100/100\n|turn|1\n|inactive|RobIrg has 30 seconds left.\n|inactive|Kalaphant has 30 seconds left.\n|inactive|RobIrg has 20 seconds left.\n|inactive|Kalaphant has 20 seconds left.\n|inactive|RobIrg has 15 seconds left.\n|inactive|Kalaphant has 15 seconds left.\n|inactive|RobIrg has 10 seconds left.\n|inactive|Kalaphant has 10 seconds left.\n|\n|t:|1776211310\n|detailschange|p1a: Starmie|Starmie-Mega, L50\n|-mega|p1a: Starmie|Starmie|Starminite\n|detailschange|p2a: Gengar|Gengar-Mega, L50, M\n|-mega|p2a: Gengar|Gengar|Gengarite\n|move|p1b: Sneasler|Fake Out|p2b: Sneasler\n|-damage|p2b: Sneasler|74/100\n|cant|p2b: Sneasler|flinch\n|move|p1a: Starmie|Aqua Jet|p2a: Gengar\n|-crit|p2a: Gengar\n|-damage|p2a: Gengar|36/100\n|move|p2a: Gengar|Perish Song|p2a: Gengar\n|-start|p1a: Starmie|perish3|[silent]\n|-start|p1b: Sneasler|perish3|[silent]\n|-start|p2a: Gengar|perish3|[silent]\n|-start|p2b: Sneasler|perish3|[silent]\n|-fieldactivate|move: Perish Song\n|\n|-start|p2b: Sneasler|perish3\n|-start|p1b: Sneasler|perish3\n|-start|p2a: Gengar|perish3\n|-start|p1a: Starmie|perish3\n|upkeep\n|turn|2\n|inactive|RobIrg has 30 seconds left.\n|\n|t:|1776211337\n|switch|p2b: Sinistcha|Sinistcha, L50|100/100\n|-heal|p2a: Gengar|60/100|[from] ability: Hospitality|[of] p2b: Sinistcha\n|move|p2a: Gengar|Protect|p2a: Gengar\n|-singleturn|p2a: Gengar|Protect\n|move|p1b: Sneasler|Coaching|p1a: Starmie\n|-boost|p1a: Starmie|atk|1\n|-boost|p1a: Starmie|def|1\n|move|p1a: Starmie|Liquidation|p2b: Sinistcha\n|-resisted|p2b: Sinistcha|1\n|-damage|p2b: Sinistcha|49/100\n|\n|-heal|p2b: Sinistcha|56/100|[from] item: Leftovers\n|-start|p1b: Sneasler|perish2\n|-start|p2a: Gengar|perish2\n|-start|p1a: Starmie|perish2\n|upkeep\n|turn|3\n|inactive|RobIrg has 30 seconds left.\n|inactive|Kalaphant has 30 seconds left.\n|\n|t:|1776211364\n|move|p2b: Sinistcha|Rage Powder|p2b: Sinistcha\n|-singleturn|p2b: Sinistcha|move: Rage Powder\n|move|p1b: Sneasler|Dire Claw|p2b: Sinistcha\n|-damage|p2b: Sinistcha|17/100\n|move|p2a: Gengar|Will-O-Wisp|p1a: Starmie\n|-status|p1a: Starmie|brn\n|move|p1a: Starmie|Liquidation|p2b: Sinistcha\n|-resisted|p2b: Sinistcha|1\n|-damage|p2b: Sinistcha|0 fnt\n|faint|p2b: Sinistcha\n|\n|-damage|p1a: Starmie|95/100 brn|[from] brn\n|-start|p1b: Sneasler|perish1\n|-start|p2a: Gengar|perish1\n|-start|p1a: Starmie|perish1\n|upkeep\n|\n|t:|1776211378\n|switch|p2b: Sneasler|Sneasler, L50, F|74/100\n|turn|4\n|inactive|RobIrg has 30 seconds left.\n|\n|t:|1776211411\n|move|p2b: Sneasler|Protect|p2b: Sneasler\n|-singleturn|p2b: Sneasler|Protect\n|move|p2a: Gengar|Protect|p2a: Gengar\n|-singleturn|p2a: Gengar|Protect\n|move|p1a: Starmie|Aqua Jet|p2a: Gengar\n|-activate|p2a: Gengar|move: Protect\n|move|p1b: Sneasler|Close Combat|p2b: Sneasler\n|-activate|p2b: Sneasler|move: Protect\n|\n|-damage|p1a: Starmie|89/100 brn|[from] brn\n|-start|p1b: Sneasler|perish0\n|-start|p2a: Gengar|perish0\n|-start|p1a: Starmie|perish0\n|faint|p1b: Sneasler\n|faint|p2a: Gengar\n|faint|p1a: Starmie\n|upkeep\n|\n|t:|1776211428\n|switch|p1b: Garchomp|Garchomp, L50, M|100/100\n|switch|p2a: Politoed|Politoed, L50, M|100/100\n|switch|p1a: Pelipper|Pelipper, L50, M|100/100\n|-weather|RainDance|[from] ability: Drizzle|[of] p1a: Pelipper\n|turn|5\n|c|\u2606Kalaphant|ooops forgot to switch out gengar\n|\n|t:|1776211447\n|move|p1b: Garchomp|Earthquake|p2a: Politoed|[spread] p2a,p2b\n|-immune|p1a: Pelipper\n|-supereffective|p2b: Sneasler|1\n|-damage|p2a: Politoed|65/100\n|-damage|p2b: Sneasler|0 fnt\n|faint|p2b: Sneasler\n|move|p1a: Pelipper|Hurricane|p2a: Politoed\n|-damage|p2a: Politoed|25/100\n|-start|p2a: Politoed|confusion\n|-enditem|p2a: Politoed|Sitrus Berry|[eat]\n|-heal|p2a: Politoed|50/100|[from] item: Sitrus Berry\n|-activate|p2a: Politoed|confusion\n|-damage|p2a: Politoed|44/100|[from] confusion\n|\n|-weather|RainDance|[upkeep]\n|upkeep\n|turn|6\n|c|\u2606Kalaphant|gg\n|-message|Kalaphant forfeited.\n|\n|win|RobIrg\n|raw|RobIrg's rating: 1217 &rarr; <strong>1247</strong><br />(+30 for winning)\n|raw|Kalaphant's rating: 1293 &rarr; <strong>1263</strong><br />(-30 for losing)\n",
  "uploadtime": 1776211463,
  "views": 24,
  "formatid": "gen9championsvgc2026regma",
  "rating": 1247,
  "private": 0,
  "password": null
}