{
  "id": "gen9championsvgc2026regma-2587985556",
  "format": "[Gen 9 Champions] VGC 2026 Reg M-A",
  "players": [
    "RichardTheCompany",
    "fiordaliso"
  ],
  "log": "|j|\u2606RichardTheCompany\n|j|\u2606fiordaliso\n|html|<table width=\"100%\"><tr><td align=\"left\">RichardTheCompany</td><td align=\"right\">fiordaliso</tr><tr><td align=\"left\"><i class=\"fa fa-circle-o\"></i> <i class=\"fa fa-circle-o\"></i> </td><td align=\"right\"><i class=\"fa fa-circle-o\"></i> <i class=\"fa fa-circle-o\"></i> </tr></table>\n|uhtml|bestof|<h2><strong>Game 1</strong> of <a href=\"/game-bestof3-gen9championsvgc2026regma-2587985555\">a best-of-3</a></h2>\n|t:|1776588893\n|gametype|doubles\n|player|p1|RichardTheCompany|larry|\n|player|p2|fiordaliso|pokemonbreeder-gen4|\n|gen|9\n|tier|[Gen 9 Champions] VGC 2026 Reg M-A\n|rated|Tournament battle\n|rule|Species Clause: Limit one of each Pok\u00e9mon\n|rule|Item Clause: Limit 1 of each item\n|raw|<div class=\"infobox\"><details class=\"readmore\" open><summary><strong>2 custom rules:</strong></summary> Force Open Team Sheets, Best of = 3</details></div>\n|clearpoke\n|poke|p1|Pelipper, L50, F, shiny|\n|poke|p1|Slowbro, L50, F, shiny|\n|poke|p1|Tinkaton, L50, F, shiny|\n|poke|p1|Sinistcha, L50|\n|poke|p1|Kangaskhan, L50, F|\n|poke|p1|Garchomp, L50, M|\n|poke|p2|Zoroark-Hisui, L50, F|\n|poke|p2|Gallade, L50, M|\n|poke|p2|Sableye, L50, F|\n|poke|p2|Manectric, L50, M|\n|poke|p2|Tinkaton, L50, F|\n|poke|p2|Milotic, L50, F|\n|teampreview|4\n|showteam|p1|Pelipper||FocusSash|Drizzle|WeatherBall,Protect,WideGuard,Hurricane|||F|||50|]Slowbro||Slowbronite|Regenerator|CalmMind,Psychic,TrickRoom,MuddyWater|||F|||50|]Tinkaton||MetalCoat|MoldBreaker|FakeOut,PlayRough,Protect,GigatonHammer|||F|||50|]Sinistcha||SitrusBerry|Hospitality|RagePowder,MatchaGotcha,LifeDew,TrickRoom||||||50|]Kangaskhan||Kangaskhanite|Scrappy|FakeOut,DoubleEdge,LowKick,SuckerPunch|||F|||50|]Garchomp||ChoiceScarf|RoughSkin|RockSlide,Earthquake,StompingTantrum,DragonClaw|||M|||50|\n|showteam|p2|Zoroark-Hisui||FocusSash|Illusion|HyperVoice,Snarl,Protect,ShadowBall|||F|||50|]Gallade||WhiteHerb|Sharpness|ShadowSneak,SacredSword,PsychoCut,Protect|||M|||50|]Sableye||BrightPowder|Prankster|Quash,Encore,FoulPlay,WillOWisp|||F|||50|]Manectric||Manectite|LightningRod|Overheat,VoltSwitch,Thunderbolt,Protect|||M|||50|]Tinkaton||SitrusBerry|OwnTempo|FakeOut,GigatonHammer,PlayRough,IceHammer|||F|||50|]Milotic||Leftovers|Competitive|LifeDew,Scald,IceBeam,Protect|||F|||50|\n|j| 1#miraidonhater\n|\n|t:|1776588940\n|teamsize|p1|4\n|teamsize|p2|4\n|start\n|switch|p1a: Pelipper|Pelipper, L50, F, shiny|100/100\n|switch|p1b: Tinkaton|Tinkaton, L50, F, shiny|100/100\n|switch|p2a: Tinkaton|Tinkaton, L50, F|100/100\n|switch|p2b: Manectric|Manectric, L50, M|100/100\n|-ability|p1b: Tinkaton|Mold Breaker\n|-weather|RainDance|[from] ability: Drizzle|[of] p1a: Pelipper\n|turn|1\n|\n|t:|1776588969\n|move|p1a: Pelipper|Protect|p1a: Pelipper\n|-singleturn|p1a: Pelipper|Protect\n|move|p1b: Tinkaton|Fake Out|p2b: Manectric\n|-immune|p2b: Manectric\n|move|p2a: Tinkaton|Fake Out|p1a: Pelipper\n|-activate|p1a: Pelipper|move: Protect\n|move|p2b: Manectric|Shadow Ball|p1a: Pelipper\n|-activate|p1a: Pelipper|move: Protect\n|\n|-weather|RainDance|[upkeep]\n|upkeep\n|turn|2\n|j| owlcode\n|inactive|Battle timer is ON: inactive players will automatically lose when time's up. (requested by fiordaliso)\n|\n|t:|1776589012\n|switch|p1a: Kangaskhan|Kangaskhan, L50, F|100/100\n|move|p2b: Manectric|Shadow Ball|p1b: Tinkaton\n|-damage|p1b: Tinkaton|58/100\n|move|p1b: Tinkaton|Play Rough|p2b: Manectric|[miss]\n|-miss|p1b: Tinkaton|p2b: Manectric\n|move|p2a: Tinkaton|Gigaton Hammer|p1b: Tinkaton\n|-damage|p1b: Tinkaton|0 fnt\n|faint|p1b: Tinkaton\n|\n|-weather|RainDance|[upkeep]\n|upkeep\n|\n|t:|1776589026\n|switch|p1b: Garchomp|Garchomp, L50, M|100/100\n|turn|3\n|\n|t:|1776589036\n|switch|p1a: Pelipper|Pelipper, L50, F, shiny|100/100\n|move|p2b: Manectric|Protect|p2b: Manectric\n|-singleturn|p2b: Manectric|Protect\n|move|p1b: Garchomp|Earthquake|p2b: Manectric|[spread] p2a\n|-activate|p2b: Manectric|move: Protect\n|-immune|p1a: Pelipper\n|-supereffective|p2a: Tinkaton|1\n|-damage|p2a: Tinkaton|14/100\n|-enditem|p2a: Tinkaton|Sitrus Berry|[eat]\n|-heal|p2a: Tinkaton|38/100|[from] item: Sitrus Berry\n|move|p2a: Tinkaton|Ice Hammer|p1b: Garchomp\n|-supereffective|p1b: Garchomp|2\n|-damage|p1b: Garchomp|0 fnt\n|-unboost|p2a: Tinkaton|spe|1\n|-damage|p2a: Tinkaton|26/100|[from] ability: Rough Skin|[of] p1b: Garchomp\n|faint|p1b: Garchomp\n|\n|-weather|RainDance|[upkeep]\n|upkeep\n|\n|t:|1776589051\n|switch|p1b: Kangaskhan|Kangaskhan, L50, F|100/100\n|turn|4\n|j| porygon-epilepz\n|\n|t:|1776589067\n|move|p1b: Kangaskhan|Fake Out|p2b: Manectric\n|-damage|p2b: Manectric|63/100\n|replace|p2b: Zoroark|Zoroark-Hisui, L50, F\n|-end|p2b: Zoroark|Illusion\n|cant|p2b: Zoroark|flinch\n|move|p1a: Pelipper|Weather Ball|p2a: Tinkaton\n|-crit|p2a: Tinkaton\n|-damage|p2a: Tinkaton|0 fnt\n|faint|p2a: Tinkaton\n|\n|-weather|RainDance|[upkeep]\n|upkeep\n|\n|t:|1776589077\n|switch|p2a: Manectric|Manectric, L50, M|100/100\n|turn|5\n|\n|t:|1776589097\n|detailschange|p2a: Manectric|Manectric-Mega, L50, M\n|-mega|p2a: Manectric|Manectric|Manectite\n|-ability|p2a: Manectric|Intimidate|boost\n|-unboost|p1a: Pelipper|atk|1\n|-fail|p1b: Kangaskhan|unboost|Attack|[from] ability: Scrappy|[of] p1b: Kangaskhan\n|detailschange|p1b: Kangaskhan|Kangaskhan-Mega, L50, F\n|-mega|p1b: Kangaskhan|Kangaskhan|Kangaskhanite\n|move|p1a: Pelipper|Protect|p1a: Pelipper\n|-singleturn|p1a: Pelipper|Protect\n|move|p1b: Kangaskhan|Sucker Punch|p2b: Zoroark\n|-supereffective|p2b: Zoroark|1\n|-damage|p2b: Zoroark|0 fnt\n|faint|p2b: Zoroark\n|-hitcount|p2: Zoroark|1\n|move|p2a: Manectric|Volt Switch|p1a: Pelipper\n|-activate|p1a: Pelipper|move: Protect\n|\n|-weather|none\n|upkeep\n|\n|t:|1776589107\n|switch|p2b: Milotic|Milotic, L50, F|100/100\n|turn|6\n|inactive|fiordaliso has 30 seconds left.\n|\n|t:|1776589139\n|move|p2a: Manectric|Thunderbolt|p1b: Kangaskhan\n|-damage|p1b: Kangaskhan|55/100\n|-status|p1b: Kangaskhan|par\n|move|p1a: Pelipper|Weather Ball|p2b: Milotic\n|-damage|p2b: Milotic|90/100\n|move|p2b: Milotic|Scald|p1b: Kangaskhan\n|-damage|p1b: Kangaskhan|19/100 par\n|move|p1b: Kangaskhan|Double-Edge|p2a: Manectric\n|-damage|p2a: Manectric|20/100\n|-damage|p2a: Manectric|0 fnt\n|faint|p2a: Manectric\n|-hitcount|p2: Manectric|2\n|-damage|p1b: Kangaskhan|0 fnt|[from] Recoil\n|faint|p1b: Kangaskhan\n|\n|-heal|p2b: Milotic|96/100|[from] item: Leftovers\n|upkeep\n|turn|7\n|\n|t:|1776589157\n|move|p1a: Pelipper|Hurricane|p2b: Milotic\n|-damage|p2b: Milotic|61/100\n|move|p2b: Milotic|Scald|p1a: Pelipper\n|-resisted|p1a: Pelipper|1\n|-damage|p1a: Pelipper|70/100\n|-status|p1a: Pelipper|brn\n|\n|-heal|p2b: Milotic|67/100|[from] item: Leftovers\n|-damage|p1a: Pelipper|64/100 brn|[from] brn\n|upkeep\n|turn|8\n|\n|t:|1776589169\n|move|p2b: Milotic|Protect|p2b: Milotic\n|-singleturn|p2b: Milotic|Protect\n|move|p1a: Pelipper|Hurricane|p2b: Milotic\n|-activate|p2b: Milotic|move: Protect\n|\n|-heal|p2b: Milotic|73/100|[from] item: Leftovers\n|-damage|p1a: Pelipper|58/100 brn|[from] brn\n|upkeep\n|turn|9\n|l| porygon-epilepz\n|\n|t:|1776589178\n|move|p1a: Pelipper|Hurricane|p2b: Milotic|[miss]\n|-miss|p1a: Pelipper|p2b: Milotic\n|move|p2b: Milotic|Ice Beam|p1a: Pelipper\n|-damage|p1a: Pelipper|11/100 brn\n|\n|-heal|p2b: Milotic|79/100|[from] item: Leftovers\n|-damage|p1a: Pelipper|5/100 brn|[from] brn\n|upkeep\n|turn|10\n|\n|t:|1776589187\n|move|p2b: Milotic|Protect|p2b: Milotic\n|-singleturn|p2b: Milotic|Protect\n|move|p1a: Pelipper|Hurricane|p2b: Milotic\n|-activate|p2b: Milotic|move: Protect\n|\n|-heal|p2b: Milotic|85/100|[from] item: Leftovers\n|-damage|p1a: Pelipper|0 fnt|[from] brn\n|faint|p1a: Pelipper\n|\n|win|fiordaliso\n||RichardTheCompany is ready for game 2.\n||fiordaliso is ready for game 2.\n|uhtml|next|Next: <a href=\"/battle-gen9championsvgc2026regma-2587987611\"><strong>Game 2 of 3</strong></a>\n|j| porygon-epilepz\n|l| porygon-epilepz\n|l|\u2606RichardTheCompany\n|player|p1|\n|j| porygon-epilepz\n|l| porygon-epilepz\n|l|\u2606fiordaliso\n|player|p2|\n|l| owlcode\n",
  "uploadtime": 1776588901,
  "views": 24,
  "formatid": "gen9championsvgc2026regma",
  "rating": null,
  "private": 0,
  "password": null
}