{
  "id": "gen9championsvgc2026regma-2580400453",
  "format": "[Gen 9 Champions] VGC 2026 Reg M-A",
  "players": [
    "Big Kahuna Tuna",
    "zonazcy"
  ],
  "log": "|j|\u2606Big Kahuna Tuna\n|j|\u203dzonazcy\n|t:|1775890818\n|gametype|doubles\n|player|p1|Big Kahuna Tuna|1|1132\n|player|p2|zonazcy|102|1049\n|gen|9\n|tier|[Gen 9 Champions] VGC 2026 Reg M-A\n|rated|\n|rule|Species Clause: Limit one of each Pok\u00e9mon\n|rule|Item Clause: Limit 1 of each item\n|clearpoke\n|poke|p1|Scizor, L50, M|\n|poke|p1|Meganium, L50, M|\n|poke|p1|Tyranitar, L50, M|\n|poke|p1|Aerodactyl, L50, F|\n|poke|p1|Pelipper, L50, F|\n|poke|p1|Farigiraf, L50, M|\n|poke|p2|Tyranitar, L50, M|\n|poke|p2|Garchomp, L50, F|\n|poke|p2|Meganium, L50, F|\n|poke|p2|Excadrill, L50, F|\n|poke|p2|Incineroar, L50, M|\n|poke|p2|Corviknight, L50, F|\n|teampreview|4\n|\n|t:|1775890841\n|teamsize|p1|4\n|teamsize|p2|4\n|start\n|switch|p1a: Scizor|Scizor, L50, M|100/100\n|switch|p1b: Meganium|Meganium, L50, M|100/100\n|switch|p2a: Meganium|Meganium, L50, F|100/100\n|switch|p2b: Garchomp|Garchomp, L50, F|100/100\n|turn|1\n|\n|t:|1775890872\n|switch|p1a: Pelipper|Pelipper, L50, F|100/100\n|-weather|RainDance|[from] ability: Drizzle|[of] p1a: Pelipper\n|detailschange|p1b: Meganium|Meganium-Mega, L50, M\n|-mega|p1b: Meganium|Meganium|Meganiumite\n|detailschange|p2a: Meganium|Meganium-Mega, L50, F\n|-mega|p2a: Meganium|Meganium|Meganiumite\n|move|p2b: Garchomp|Protect|p2b: Garchomp\n|-singleturn|p2b: Garchomp|Protect\n|move|p2a: Meganium|Protect|p2a: Meganium\n|-singleturn|p2a: Meganium|Protect\n|move|p1b: Meganium|Dazzling Gleam|p2b: Garchomp|[spread] \n|-activate|p2a: Meganium|move: Protect\n|-activate|p2b: Garchomp|move: Protect\n|\n|-weather|RainDance|[upkeep]\n|upkeep\n|turn|2\n|\n|t:|1775890892\n|switch|p2b: Tyranitar|Tyranitar, L50, M|100/100\n|-weather|Sandstorm|[from] ability: Sand Stream|[of] p2b: Tyranitar\n|move|p1a: Pelipper|Tailwind|p1a: Pelipper\n|-sidestart|p1: Big Kahuna Tuna|move: Tailwind\n|move|p1b: Meganium|Dazzling Gleam|p2b: Tyranitar|[spread] p2a,p2b\n|-supereffective|p2b: Tyranitar|1\n|-damage|p2a: Meganium|71/100\n|-damage|p2b: Tyranitar|55/100\n|move|p2a: Meganium|Solar Beam||[still]\n|-prepare|p2a: Meganium|Solar Beam\n|-activate|p2a: Meganium|ability: Mega Sol\n|-anim|p2a: Meganium|Solar Beam|p1a: Pelipper\n|-enditem|p1a: Pelipper|Focus Sash\n|-damage|p1a: Pelipper|1/100\n|\n|-weather|Sandstorm|[upkeep]\n|-damage|p1a: Pelipper|0 fnt|[from] Sandstorm\n|-damage|p1b: Meganium|95/100|[from] Sandstorm\n|-damage|p2a: Meganium|65/100|[from] Sandstorm\n|faint|p1a: Pelipper\n|upkeep\n|\n|t:|1775890904\n|switch|p1a: Scizor|Scizor, L50, M|100/100\n|turn|3\n|\n|t:|1775890934\n|move|p2b: Tyranitar|Protect|p2b: Tyranitar\n|-singleturn|p2b: Tyranitar|Protect\n|move|p2a: Meganium|Protect|p2a: Meganium\n|-singleturn|p2a: Meganium|Protect\n|move|p1b: Meganium|Weather Ball|p2a: Meganium\n|-activate|p2a: Meganium|move: Protect\n|move|p1a: Scizor|Close Combat|p2b: Tyranitar\n|-activate|p2b: Tyranitar|move: Protect\n|\n|-weather|Sandstorm|[upkeep]\n|-damage|p1b: Meganium|89/100|[from] Sandstorm\n|-damage|p2a: Meganium|59/100|[from] Sandstorm\n|upkeep\n|turn|4\n|\n|t:|1775890950\n|switch|p2b: Garchomp|Garchomp, L50, F|100/100\n|move|p1b: Meganium|Solar Beam||[still]\n|-prepare|p1b: Meganium|Solar Beam\n|-activate|p1b: Meganium|ability: Mega Sol\n|-anim|p1b: Meganium|Solar Beam|p2b: Garchomp\n|-damage|p2b: Garchomp|23/100\n|move|p1a: Scizor|Bug Bite|p2a: Meganium\n|-damage|p2a: Meganium|16/100\n|move|p2a: Meganium|Weather Ball|p1a: Scizor\n|-supereffective|p1a: Scizor|2\n|-damage|p1a: Scizor|0 fnt\n|faint|p1a: Scizor\n|\n|-weather|Sandstorm|[upkeep]\n|-damage|p1b: Meganium|84/100|[from] Sandstorm\n|-damage|p2a: Meganium|10/100|[from] Sandstorm\n|upkeep\n|\n|t:|1775890960\n|switch|p1a: Farigiraf|Farigiraf, L50, M|100/100\n|turn|5\n|\n|t:|1775890970\n|move|p2b: Garchomp|Protect|p2b: Garchomp\n|-singleturn|p2b: Garchomp|Protect\n|move|p2a: Meganium|Protect|p2a: Meganium\n|-singleturn|p2a: Meganium|Protect\n|move|p1b: Meganium|Dazzling Gleam|p2b: Garchomp|[spread] \n|-activate|p2a: Meganium|move: Protect\n|-activate|p2b: Garchomp|move: Protect\n|move|p1a: Farigiraf|Psychic|p2b: Garchomp\n|-activate|p2b: Garchomp|move: Protect\n|\n|-weather|Sandstorm|[upkeep]\n|-damage|p1b: Meganium|78/100|[from] Sandstorm\n|-damage|p1a: Farigiraf|95/100|[from] Sandstorm\n|-damage|p2a: Meganium|4/100|[from] Sandstorm\n|-sideend|p1: Big Kahuna Tuna|move: Tailwind\n|upkeep\n|turn|6\n|\n|t:|1775890991\n|move|p1b: Meganium|Protect|p1b: Meganium\n|-singleturn|p1b: Meganium|Protect\n|move|p2b: Garchomp|Rock Slide|p1b: Meganium|[spread] \n|-activate|p1b: Meganium|move: Protect\n|-miss|p2b: Garchomp|p1a: Farigiraf\n|move|p2a: Meganium|Weather Ball|p1b: Meganium\n|-activate|p1b: Meganium|move: Protect\n|move|p1a: Farigiraf|Imprison|p1a: Farigiraf\n|-start|p1a: Farigiraf|move: Imprison\n|\n|-weather|none\n|upkeep\n|turn|7\n|\n|t:|1775891016\n|move|p2b: Garchomp|Rock Slide|p1a: Farigiraf|[spread] p1a,p1b\n|-damage|p1a: Farigiraf|78/100\n|-damage|p1b: Meganium|60/100\n|cant|p1b: Meganium|flinch\n|move|p2a: Meganium|Weather Ball|p1b: Meganium\n|-supereffective|p1b: Meganium|1\n|-damage|p1b: Meganium|0 fnt\n|faint|p1b: Meganium\n|move|p1a: Farigiraf|Trick Room|p1a: Farigiraf\n|-fieldstart|move: Trick Room|[of] p1a: Farigiraf\n|\n|upkeep\n|turn|8\n|\n|t:|1775891028\n|switch|p2a: Tyranitar|Tyranitar, L50, M|55/100\n|-weather|Sandstorm|[from] ability: Sand Stream|[of] p2a: Tyranitar\n|move|p1a: Farigiraf|Psychic|p2a: Tyranitar\n|-immune|p2a: Tyranitar\n|move|p2b: Garchomp|Rock Slide|p1a: Farigiraf|[miss]\n|-miss|p2b: Garchomp|p1a: Farigiraf\n|\n|-weather|Sandstorm|[upkeep]\n|-damage|p1a: Farigiraf|72/100|[from] Sandstorm\n|upkeep\n|turn|9\n|\n|t:|1775891035\n|move|p1a: Farigiraf|Psychic|p2b: Garchomp\n|-damage|p2b: Garchomp|0 fnt\n|faint|p2b: Garchomp\n|move|p2a: Tyranitar|Knock Off|p1a: Farigiraf\n|-supereffective|p1a: Farigiraf|1\n|-damage|p1a: Farigiraf|0 fnt\n|-enditem|p1a: Farigiraf|Sitrus Berry|[from] move: Knock Off|[of] p2a: Tyranitar\n|faint|p1a: Farigiraf\n|\n|win|zonazcy\n|raw|Big Kahuna Tuna's rating: 1132 &rarr; <strong>1101</strong><br />(-31 for losing)\n|raw|zonazcy's rating: 1049 &rarr; <strong>1089</strong><br />(+40 for winning)\n|l|\u2606Big Kahuna Tuna\n|player|p1|\n|l|\u203dzonazcy\n|player|p2|\n|j|\u203dzonazcy\n|player|p2|zonazcy|102|\n",
  "uploadtime": 1775891061,
  "views": 16,
  "formatid": "gen9championsvgc2026regma",
  "rating": 1089,
  "private": 0,
  "password": null
}