{
  "id": "gen9championsvgc2026regma-2581541733",
  "format": "[Gen 9 Champions] VGC 2026 Reg M-A",
  "players": [
    "hfjdve",
    "ThePeasent"
  ],
  "log": "|j|\u2606hfjdve\n|j|\u2606ThePeasent\n|t:|1776009514\n|gametype|doubles\n|player|p1|hfjdve|emmet|1084\n|player|p2|ThePeasent|170|1089\n|gen|9\n|tier|[Gen 9 Champions] VGC 2026 Reg M-A\n|rated|\n|rule|Species Clause: Limit one of each Pok\u00e9mon\n|rule|Item Clause: Limit 1 of each item\n|clearpoke\n|poke|p1|Basculegion, L50, M|\n|poke|p1|Pelipper, L50, F|\n|poke|p1|Floette-Eternal, L50, F|\n|poke|p1|Vivillon, L50, F|\n|poke|p1|Incineroar, L50, F|\n|poke|p1|Aegislash, L50, M|\n|poke|p2|Glimmora, L50, F|\n|poke|p2|Tyranitar, L50, M|\n|poke|p2|Excadrill, L50, F|\n|poke|p2|Milotic, L50, F|\n|poke|p2|Sneasler, L50, F|\n|poke|p2|Rotom-Wash, L50|\n|teampreview|4\n|inactive|Battle timer is ON: inactive players will automatically lose when time's up. (requested by ThePeasent)\n|\n|t:|1776009533\n|teamsize|p1|4\n|teamsize|p2|4\n|start\n|switch|p1a: Pelipper|Pelipper, L50, F, shiny|100/100\n|switch|p1b: Basculegion|Basculegion, L50, M, shiny|100/100\n|switch|p2a: Rotom|Rotom-Wash, L50|100/100\n|switch|p2b: Milotic|Milotic, L50, F|100/100\n|-weather|RainDance|[from] ability: Drizzle|[of] p1a: Pelipper\n|turn|1\n|\n|t:|1776009557\n|move|p1b: Basculegion|Flip Turn|p2b: Milotic\n|-resisted|p2b: Milotic|1\n|-damage|p2b: Milotic|83/100\n|\n|t:|1776009564\n|switch|p1b: Aegislash|Aegislash, L50, M, shiny|100/100|[from] Flip Turn\n|move|p2a: Rotom|Electroweb|p1a: Pelipper|[spread] p1a,p1b\n|-supereffective|p1a: Pelipper|2\n|-damage|p1a: Pelipper|19/100\n|-damage|p1b: Aegislash|84/100\n|-unboost|p1a: Pelipper|spe|1\n|-unboost|p1b: Aegislash|spe|1\n|-enditem|p1a: Pelipper|Sitrus Berry|[eat]\n|-heal|p1a: Pelipper|44/100|[from] item: Sitrus Berry\n|move|p2b: Milotic|Icy Wind|p1b: Aegislash|[spread] p1a,p1b\n|-resisted|p1b: Aegislash|1\n|-damage|p1a: Pelipper|29/100\n|-damage|p1b: Aegislash|80/100\n|-unboost|p1a: Pelipper|spe|1\n|-unboost|p1b: Aegislash|spe|1\n|move|p1a: Pelipper|Tailwind|p1a: Pelipper\n|-sidestart|p1: hfjdve|move: Tailwind\n|\n|-weather|RainDance|[upkeep]\n|-heal|p1b: Aegislash|86/100|[from] item: Leftovers\n|-heal|p2b: Milotic|89/100|[from] item: Leftovers\n|upkeep\n|turn|2\n|inactive|hfjdve has 30 seconds left.\n|\n|t:|1776009593\n|move|p1b: Aegislash|Swords Dance|p1b: Aegislash\n|-boost|p1b: Aegislash|atk|2\n|move|p2a: Rotom|Hydro Pump|p1b: Aegislash\n|-damage|p1b: Aegislash|27/100\n|move|p2b: Milotic|Muddy Water|p1a: Pelipper|[spread] p1a,p1b\n|-resisted|p1a: Pelipper|1\n|-damage|p1a: Pelipper|3/100\n|-damage|p1b: Aegislash|0 fnt\n|-unboost|p1a: Pelipper|accuracy|1\n|faint|p1b: Aegislash\n|move|p1a: Pelipper|Hurricane|p2b: Milotic\n|-damage|p2b: Milotic|61/100\n|\n|-weather|RainDance|[upkeep]\n|-heal|p2b: Milotic|67/100|[from] item: Leftovers\n|upkeep\n|inactive|hfjdve has 30 seconds left.\n|inactive|hfjdve has 20 seconds left.\n|inactive|hfjdve has 15 seconds left.\n|inactive|hfjdve has 10 seconds left.\n|inactive|hfjdve has 5 seconds left.\n|\n|t:|1776009649\n|switch|p1b: Floette|Floette-Eternal, L50, F|100/100\n|turn|3\n|inactive|hfjdve has 30 seconds left.\n|inactive|hfjdve has 20 seconds left.\n|inactive|hfjdve has 15 seconds left.\n|inactive|hfjdve has 10 seconds left.\n|inactive|hfjdve has 5 seconds left.\n|\n|t:|1776009704\n|move|p1b: Floette|Moonblast|p2b: Milotic\n|-damage|p2b: Milotic|29/100\n|move|p2a: Rotom|Hydro Pump|p1b: Floette\n|-damage|p1b: Floette|36/100\n|move|p2b: Milotic|Muddy Water|p1b: Floette|[spread] p1a,p1b\n|-resisted|p1a: Pelipper|1\n|-damage|p1a: Pelipper|0 fnt\n|-damage|p1b: Floette|3/100\n|faint|p1a: Pelipper\n|\n|-weather|RainDance|[upkeep]\n|-heal|p2b: Milotic|35/100|[from] item: Leftovers\n|upkeep\n|inactive|hfjdve has 30 seconds left.\n|inactive|hfjdve has 20 seconds left.\n|inactive|hfjdve has 15 seconds left.\n|inactive|hfjdve has 10 seconds left.\n|inactive|hfjdve has 5 seconds left.\n|\n|t:|1776009759\n|switch|p1a: Basculegion|Basculegion, L50, M, shiny|100/100\n|turn|4\n|inactive|hfjdve has 30 seconds left.\n|inactive|hfjdve has 20 seconds left.\n|inactive|hfjdve has 15 seconds left.\n|inactive|hfjdve has 10 seconds left.\n|inactive|hfjdve has 5 seconds left.\n|\n|t:|1776009814\n|move|p1a: Basculegion|Wave Crash|p2b: Milotic\n|-resisted|p2b: Milotic|1\n|-damage|p2b: Milotic|3/100\n|-damage|p1a: Basculegion|90/100|[from] Recoil\n|move|p1b: Floette|Moonblast|p2b: Milotic\n|-damage|p2b: Milotic|0 fnt\n|faint|p2b: Milotic\n|move|p2a: Rotom|Electroweb|p1a: Basculegion|[spread] p1a,p1b\n|-supereffective|p1a: Basculegion|1\n|-damage|p1a: Basculegion|55/100\n|-damage|p1b: Floette|0 fnt\n|-unboost|p1a: Basculegion|spe|1\n|faint|p1b: Floette\n|\n|-weather|RainDance|[upkeep]\n|-sideend|p1: hfjdve|move: Tailwind\n|upkeep\n|\n|t:|1776009825\n|switch|p2b: Sneasler|Sneasler, L50, F|100/100\n|-ability|p2b: Sneasler|Pressure\n|turn|5\n|inactive|hfjdve has 30 seconds left.\n|c|\u2606ThePeasent|why are we time wasting\n|inactive|hfjdve has 20 seconds left.\n|inactive|hfjdve has 15 seconds left.\n|c|\u2606ThePeasent|sore loser much\n|inactive|hfjdve has 10 seconds left.\n|inactive|hfjdve has 5 seconds left.\n|\n|t:|1776009880\n|move|p1a: Basculegion|Wave Crash|p2a: Rotom\n|-resisted|p2a: Rotom|1\n|-damage|p2a: Rotom|63/100\n|-damage|p1a: Basculegion|46/100|[from] Recoil\n|move|p2b: Sneasler|Dire Claw|p1a: Basculegion\n|-resisted|p1a: Basculegion|1\n|-damage|p1a: Basculegion|17/100\n|move|p2a: Rotom|Volt Switch|p1a: Basculegion\n|-supereffective|p1a: Basculegion|1\n|-damage|p1a: Basculegion|0 fnt\n|faint|p1a: Basculegion\n|\n|win|ThePeasent\n|raw|hfjdve's rating: 1063 &rarr; <strong>1045</strong><br />(-18 for losing)\n|raw|ThePeasent's rating: 1089 &rarr; <strong>1114</strong><br />(+25 for winning)\n|c|\u2606ThePeasent|gg\n",
  "uploadtime": 1776009898,
  "views": 26,
  "formatid": "gen9championsvgc2026regma",
  "rating": 1045,
  "private": 0,
  "password": null
}