{
  "id": "gen9championsvgc2026regma-2587103516",
  "format": "[Gen 9 Champions] VGC 2026 Reg M-A",
  "players": [
    "bonobobohemio",
    "dfadDADAD"
  ],
  "log": "|j|\u2606bonobobohemio\n|j|\u2606dfadDADAD\n|t:|1776493851\n|gametype|doubles\n|player|p1|bonobobohemio|blaine|1515\n|player|p2|dfadDADAD|170|1480\n|gen|9\n|tier|[Gen 9 Champions] VGC 2026 Reg M-A\n|rated|\n|rule|Species Clause: Limit one of each Pok\u00e9mon\n|rule|Item Clause: Limit 1 of each item\n|clearpoke\n|poke|p1|Garchomp, L50, F|\n|poke|p1|Tyranitar, L50, F|\n|poke|p1|Meganium, L50, M|\n|poke|p1|Corviknight, L50, M, shiny|\n|poke|p1|Farigiraf, L50, F|\n|poke|p1|Talonflame, L50, F|\n|poke|p2|Scizor, L50, M|\n|poke|p2|Ninetales-Alola, L50, M|\n|poke|p2|Arcanine-Hisui, L50, F|\n|poke|p2|Palafin, L50, F|\n|poke|p2|Sinistcha, L50|\n|poke|p2|Sneasler, L50, M|\n|teampreview|4\n|inactive|Battle timer is ON: inactive players will automatically lose when time's up. (requested by bonobobohemio)\n|inactive|bonobobohemio has 60 seconds left.\n|\n|t:|1776493883\n|teamsize|p1|4\n|teamsize|p2|4\n|start\n|switch|p1a: Farigiraf|Farigiraf, L50, F|100/100\n|switch|p1b: Corviknight|Corviknight, L50, M, shiny|100/100\n|switch|p2a: Scizor|Scizor, L50, M|100/100\n|switch|p2b: Palafin|Palafin, L50, F|100/100\n|turn|1\n|\n|t:|1776493905\n|detailschange|p2a: Scizor|Scizor-Mega, L50, M\n|-mega|p2a: Scizor|Scizor|Scizorite\n|move|p2b: Palafin|Flip Turn|p1a: Farigiraf\n|-damage|p1a: Farigiraf|76/100\n|\n|t:|1776493911\n|detailschange|p2b: Palafin|Palafin-Hero, L50, F\n|switch|p2b: Ninetales|Ninetales-Alola, L50, M|100/100|[from] Flip Turn\n|-weather|Snowscape|[from] ability: Snow Warning|[of] p2b: Ninetales\n|move|p2a: Scizor|Bug Bite|p1a: Farigiraf\n|-supereffective|p1a: Farigiraf|1\n|-damage|p1a: Farigiraf|0 fnt\n|-enditem|p1a: Farigiraf|Sitrus Berry|[from] stealeat|[move] Bug Bite|[of] p2a: Scizor\n|faint|p1a: Farigiraf\n|move|p1b: Corviknight|Iron Head|p2b: Ninetales\n|-supereffective|p2b: Ninetales|2\n|-damage|p2b: Ninetales|4/100\n|\n|-weather|Snowscape|[upkeep]\n|upkeep\n|\n|t:|1776493918\n|switch|p1a: Tyranitar|Tyranitar, L50, F|100/100\n|-weather|Sandstorm|[from] ability: Sand Stream|[of] p1a: Tyranitar\n|turn|2\n|\n|t:|1776493935\n|switch|p2b: Arcanine|Arcanine-Hisui, L50, F|100/100\n|-ability|p2b: Arcanine|Intimidate|boost\n|-unboost|p1a: Tyranitar|atk|1\n|-ability|p1b: Corviknight|Mirror Armor\n|-unboost|p2b: Arcanine|atk|1\n|-enditem|p1a: Tyranitar|White Herb\n|-clearnegativeboost|p1a: Tyranitar|[silent]\n|move|p2a: Scizor|Bug Bite|p1a: Tyranitar\n|-supereffective|p1a: Tyranitar|1\n|-damage|p1a: Tyranitar|16/100\n|move|p1b: Corviknight|Bulk Up|p1b: Corviknight\n|-boost|p1b: Corviknight|atk|1\n|-boost|p1b: Corviknight|def|1\n|move|p1a: Tyranitar|Rock Slide|p2a: Scizor|[spread] p2a,p2b\n|-supereffective|p2b: Arcanine|1\n|-damage|p2a: Scizor|77/100\n|-damage|p2b: Arcanine|35/100\n|\n|-weather|Sandstorm|[upkeep]\n|upkeep\n|turn|3\n|\n|t:|1776493951\n|move|p1a: Tyranitar|Protect|p1a: Tyranitar\n|-singleturn|p1a: Tyranitar|Protect\n|move|p2a: Scizor|Bullet Punch|p1a: Tyranitar\n|-activate|p1a: Tyranitar|move: Protect\n|move|p2b: Arcanine|Flare Blitz|p1b: Corviknight\n|-supereffective|p1b: Corviknight|1\n|-damage|p1b: Corviknight|53/100\n|-damage|p2b: Arcanine|19/100|[from] Recoil\n|move|p1b: Corviknight|Bulk Up|p1b: Corviknight\n|-boost|p1b: Corviknight|atk|1\n|-boost|p1b: Corviknight|def|1\n|\n|-weather|Sandstorm|[upkeep]\n|-heal|p1b: Corviknight|59/100|[from] item: Leftovers\n|upkeep\n|turn|4\n|\n|t:|1776493963\n|move|p2a: Scizor|Bullet Punch|p1a: Tyranitar\n|-supereffective|p1a: Tyranitar|1\n|-damage|p1a: Tyranitar|0 fnt\n|faint|p1a: Tyranitar\n|move|p2b: Arcanine|Flare Blitz|p1b: Corviknight\n|-supereffective|p1b: Corviknight|1\n|-damage|p1b: Corviknight|25/100\n|-damage|p2b: Arcanine|8/100|[from] Recoil\n|move|p1b: Corviknight|Body Press|p2a: Scizor\n|-damage|p2a: Scizor|47/100\n|\n|-weather|Sandstorm|[upkeep]\n|-heal|p1b: Corviknight|31/100|[from] item: Leftovers\n|upkeep\n|\n|t:|1776493966\n|switch|p1a: Meganium|Meganium, L50, M|100/100\n|turn|5\n|\n|t:|1776493982\n|detailschange|p1a: Meganium|Meganium-Mega, L50, M\n|-mega|p1a: Meganium|Meganium|Meganiumite\n|move|p1a: Meganium|Protect|p1a: Meganium\n|-singleturn|p1a: Meganium|Protect\n|move|p1b: Corviknight|Protect|p1b: Corviknight\n|-singleturn|p1b: Corviknight|Protect\n|move|p2a: Scizor|Bullet Punch|p1a: Meganium\n|-activate|p1a: Meganium|move: Protect\n|move|p2b: Arcanine|Flare Blitz|p1b: Corviknight\n|-activate|p1b: Corviknight|move: Protect\n|\n|-weather|Sandstorm|[upkeep]\n|-damage|p1a: Meganium|94/100|[from] Sandstorm\n|-heal|p1b: Corviknight|37/100|[from] item: Leftovers\n|upkeep\n|turn|6\n|\n|t:|1776493993\n|move|p2b: Arcanine|Extreme Speed|p1a: Meganium\n|-damage|p1a: Meganium|77/100\n|move|p2a: Scizor|Bullet Punch|p1a: Meganium\n|-supereffective|p1a: Meganium|1\n|-damage|p1a: Meganium|13/100\n|move|p1a: Meganium|Dazzling Gleam|p2a: Scizor|[spread] p2a,p2b\n|-resisted|p2a: Scizor|1\n|-resisted|p2b: Arcanine|1\n|-damage|p2a: Scizor|29/100\n|-damage|p2b: Arcanine|0 fnt\n|faint|p2b: Arcanine\n|move|p1b: Corviknight|Body Press|p2a: Scizor\n|-damage|p2a: Scizor|0 fnt\n|faint|p2a: Scizor\n|\n|-weather|none\n|-heal|p1b: Corviknight|43/100|[from] item: Leftovers\n|upkeep\n|\n|t:|1776494001\n|switch|p2b: Ninetales|Ninetales-Alola, L50, M|4/100\n|switch|p2a: Palafin|Palafin-Hero, L50, F|100/100\n|-weather|Snowscape|[from] ability: Snow Warning|[of] p2b: Ninetales\n|-activate|p2a: Palafin|ability: Zero to Hero\n|turn|7\n|\n|t:|1776494008\n|move|p2b: Ninetales|Blizzard|p1a: Meganium|[spread] p1a,p1b\n|-supereffective|p1a: Meganium|1\n|-crit|p1a: Meganium\n|-damage|p1a: Meganium|0 fnt\n|-damage|p1b: Corviknight|17/100\n|-status|p1b: Corviknight|frz\n|faint|p1a: Meganium\n|move|p2a: Palafin|Wave Crash|p1b: Corviknight\n|-damage|p1b: Corviknight|0 fnt\n|faint|p1b: Corviknight\n|-damage|p2a: Palafin|95/100|[from] Recoil\n|\n|win|dfadDADAD\n|raw|bonobobohemio's rating: 1515 &rarr; <strong>1493</strong><br />(-22 for losing)\n|raw|dfadDADAD's rating: 1480 &rarr; <strong>1502</strong><br />(+22 for winning)\n|l|\u2606bonobobohemio\n|player|p1|\n|l|\u2606dfadDADAD\n|player|p2|\n",
  "uploadtime": 1776494016,
  "views": 37,
  "formatid": "gen9championsvgc2026regma",
  "rating": 1493,
  "private": 0,
  "password": null
}