{
  "id": "gen9championsvgc2026regma-2588733991",
  "format": "[Gen 9 Champions] VGC 2026 Reg M-A",
  "players": [
    "Bulkbies",
    "RisingAT"
  ],
  "log": "|j|\u2606Bulkbies\n|j|\u2606RisingAT\n|t:|1776663595\n|gametype|doubles\n|player|p1|Bulkbies|102|1041\n|player|p2|RisingAT|katy|1006\n|gen|9\n|tier|[Gen 9 Champions] VGC 2026 Reg M-A\n|rated|\n|rule|Species Clause: Limit one of each Pok\u00e9mon\n|rule|Item Clause: Limit 1 of each item\n|clearpoke\n|poke|p1|Gengar, L50, F|\n|poke|p1|Incineroar, L50, F|\n|poke|p1|Froslass, L50, F|\n|poke|p1|Sneasler, L50, M|\n|poke|p1|Sableye, L50, M|\n|poke|p1|Maushold, L50|\n|poke|p2|Lucario, L50, F|\n|poke|p2|Maushold-Four, L50|\n|poke|p2|Sinistcha, L50|\n|poke|p2|Blastoise, L50, F|\n|poke|p2|Incineroar, L50, F|\n|poke|p2|Hydreigon, L50, M|\n|teampreview|4\n|\n|t:|1776663648\n|teamsize|p1|4\n|teamsize|p2|4\n|start\n|switch|p1a: Gengar|Gengar, L50, F|100/100\n|switch|p1b: Sableye|Sableye, L50, M|100/100\n|switch|p2a: Incineroar|Incineroar, L50, F|100/100\n|switch|p2b: Maushold|Maushold-Four, L50|100/100\n|-ability|p2a: Incineroar|Intimidate|boost\n|-unboost|p1a: Gengar|atk|1\n|-unboost|p1b: Sableye|atk|1\n|turn|1\n|\n|t:|1776663675\n|detailschange|p1a: Gengar|Gengar-Mega, L50, F\n|-mega|p1a: Gengar|Gengar|Gengarite\n|move|p2b: Maushold|Protect|p2b: Maushold\n|-singleturn|p2b: Maushold|Protect\n|move|p1b: Sableye|Fake Out|p2b: Maushold\n|-activate|p2b: Maushold|move: Protect\n|move|p1a: Gengar|Perish Song|p1a: Gengar\n|-start|p1a: Gengar|perish3|[silent]\n|-start|p1b: Sableye|perish3|[silent]\n|-start|p2a: Incineroar|perish3|[silent]\n|-start|p2b: Maushold|perish3|[silent]\n|-fieldactivate|move: Perish Song\n|move|p2a: Incineroar|Parting Shot|p1a: Gengar\n|-unboost|p1a: Gengar|atk|1\n|-unboost|p1a: Gengar|spa|1\n|\n|t:|1776663690\n|switch|p2a: Lucario|Lucario, L50, F|100/100|[from] Parting Shot\n|\n|-start|p1a: Gengar|perish3\n|-start|p2b: Maushold|perish3\n|-start|p1b: Sableye|perish3\n|upkeep\n|turn|2\n|\n|t:|1776663730\n|detailschange|p2a: Lucario|Lucario-Mega, L50, F\n|-mega|p2a: Lucario|Lucario|Lucarionite\n|move|p2b: Maushold|Helping Hand|p2a: Lucario\n|-singleturn|p2a: Lucario|Helping Hand|[of] p2b: Maushold\n|move|p1a: Gengar|Protect|p1a: Gengar\n|-singleturn|p1a: Gengar|Protect\n|move|p2a: Lucario|Bullet Punch|p1b: Sableye\n|-damage|p1b: Sableye|43/100\n|move|p1b: Sableye|Encore|p2b: Maushold\n|-start|p2b: Maushold|Encore\n|\n|-start|p1a: Gengar|perish2\n|-start|p2b: Maushold|perish2\n|-start|p1b: Sableye|perish2\n|upkeep\n|turn|3\n|inactive|Battle timer is ON: inactive players will automatically lose when time's up. (requested by Bulkbies)\n|inactive|Bulkbies has 60 seconds left.\n|\n|t:|1776663766\n|switch|p1a: Maushold|Maushold, L50|100/100\n|switch|p1b: Sneasler|Sneasler, L50, M|100/100\n|move|p2b: Maushold|Helping Hand|p2a: Lucario\n|-singleturn|p2a: Lucario|Helping Hand|[of] p2b: Maushold\n|move|p2a: Lucario|Bullet Punch|p1a: Maushold\n|-crit|p1a: Maushold\n|-damage|p1a: Maushold|26/100\n|\n|-heal|p1a: Maushold|33/100|[from] item: Leftovers\n|-start|p2b: Maushold|perish1\n|upkeep\n|turn|4\n|inactive|RisingAT has 30 seconds left.\n|\n|t:|1776663799\n|move|p2b: Maushold|Helping Hand|p2a: Lucario\n|-singleturn|p2a: Lucario|Helping Hand|[of] p2b: Maushold\n|move|p2a: Lucario|Protect|p2a: Lucario\n|-singleturn|p2a: Lucario|Protect\n|move|p1a: Maushold|Follow Me|p1a: Maushold\n|-singleturn|p1a: Maushold|move: Follow Me\n|move|p1b: Sneasler|Close Combat|p2a: Lucario\n|-activate|p2a: Lucario|move: Protect\n|\n|-heal|p1a: Maushold|39/100|[from] item: Leftovers\n|-start|p2b: Maushold|perish0\n|faint|p2b: Maushold\n|upkeep\n|\n|t:|1776663815\n|switch|p2b: Sinistcha|Sinistcha, L50|100/100\n|turn|5\n|\n|t:|1776663830\n|move|p1a: Maushold|Protect|p1a: Maushold\n|-singleturn|p1a: Maushold|Protect\n|move|p2b: Sinistcha|Rage Powder|p2b: Sinistcha\n|-singleturn|p2b: Sinistcha|move: Rage Powder\n|move|p2a: Lucario|Bullet Punch|p1a: Maushold\n|-activate|p1a: Maushold|move: Protect\n|move|p1b: Sneasler|Dire Claw|p2b: Sinistcha|[miss]\n|-miss|p1b: Sneasler|p2b: Sinistcha\n|\n|-heal|p1a: Maushold|45/100|[from] item: Leftovers\n|upkeep\n|turn|6\n|inactive|RisingAT has 30 seconds left.\n|inactive|Bulkbies has 30 seconds left.\n|\n|t:|1776663871\n|move|p1b: Sneasler|Protect|p1b: Sneasler\n|-singleturn|p1b: Sneasler|Protect\n|move|p2b: Sinistcha|Rage Powder|p2b: Sinistcha\n|-singleturn|p2b: Sinistcha|move: Rage Powder\n|move|p2a: Lucario|Copycat||[still]\n|-fail|p2a: Lucario\n|move|p1a: Maushold|Thunder Wave|p2b: Sinistcha\n|-status|p2b: Sinistcha|par\n|\n|-heal|p1a: Maushold|51/100|[from] item: Leftovers\n|upkeep\n|turn|7\n|\n|t:|1776663889\n|switch|p2b: Incineroar|Incineroar, L50, F|100/100\n|-ability|p2b: Incineroar|Intimidate|boost\n|-unboost|p1a: Maushold|atk|1\n|-unboost|p1b: Sneasler|atk|1\n|-enditem|p1b: Sneasler|White Herb\n|-clearnegativeboost|p1b: Sneasler|[silent]\n|move|p1a: Maushold|Follow Me|p1a: Maushold\n|-singleturn|p1a: Maushold|move: Follow Me\n|move|p2a: Lucario|Bullet Punch|p1a: Maushold\n|-damage|p1a: Maushold|17/100\n|move|p1b: Sneasler|Dire Claw|p2b: Incineroar\n|-damage|p2b: Incineroar|62/100\n|\n|-heal|p1a: Maushold|23/100|[from] item: Leftovers\n|upkeep\n|turn|8\n|inactive|RisingAT has 30 seconds left.\n|inactive|Bulkbies has 30 seconds left.\n|\n|t:|1776663924\n|switch|p1b: Sableye|Sableye, L50, M|43/100\n|move|p1a: Maushold|Protect|p1a: Maushold\n|-singleturn|p1a: Maushold|Protect\n|move|p2b: Incineroar|Fake Out|p1b: Sableye\n|-immune|p1b: Sableye\n|move|p2a: Lucario|Bullet Punch|p1a: Maushold\n|-activate|p1a: Maushold|move: Protect\n|\n|-heal|p1a: Maushold|29/100|[from] item: Leftovers\n|upkeep\n|turn|9\n|\n|t:|1776663947\n|move|p2a: Lucario|Bullet Punch|p1a: Maushold\n|-damage|p1a: Maushold|0 fnt\n|faint|p1a: Maushold\n|move|p1b: Sableye|Disable|p2a: Lucario\n|-start|p2a: Lucario|Disable|Bullet Punch\n|move|p2b: Incineroar|Flare Blitz|p1b: Sableye\n|-damage|p1b: Sableye|0 fnt\n|faint|p1b: Sableye\n|-damage|p2b: Incineroar|51/100|[from] Recoil\n|\n|upkeep\n|\n|t:|1776663954\n|switch|p1a: Sneasler|Sneasler, L50, M|100/100\n|switch|p1b: Gengar|Gengar-Mega, L50, F|100/100\n|turn|10\n|inactive|RisingAT has 30 seconds left.\n|inactive|RisingAT has 20 seconds left.\n|inactive|RisingAT has 15 seconds left.\n|inactive|RisingAT has 10 seconds left.\n|inactive|RisingAT has 5 seconds left.\n|\n|t:|1776664009\n|move|p1b: Gengar|Disable|p2b: Incineroar\n|-start|p2b: Incineroar|Disable|Flare Blitz\n|move|p2a: Lucario|Copycat|p2a: Lucario\n|move|p2a: Lucario|Disable|p1b: Gengar|[from] move: Copycat\n|-start|p1b: Gengar|Disable|Disable\n|move|p1a: Sneasler|Close Combat|p2a: Lucario\n|-supereffective|p2a: Lucario|1\n|-damage|p2a: Lucario|0 fnt\n|-unboost|p1a: Sneasler|def|1\n|-unboost|p1a: Sneasler|spd|1\n|faint|p2a: Lucario\n|move|p2b: Incineroar|Parting Shot|p1a: Sneasler\n|-unboost|p1a: Sneasler|atk|1\n|-unboost|p1a: Sneasler|spa|1\n|\n|t:|1776664024\n|switch|p2b: Sinistcha|Sinistcha, L50|100/100 par|[from] Parting Shot\n|\n|upkeep\n|\n|t:|1776664029\n|switch|p2a: Incineroar|Incineroar, L50, F|51/100\n|-ability|p2a: Incineroar|Intimidate|boost\n|-unboost|p1a: Sneasler|atk|1\n|-unboost|p1b: Gengar|atk|1\n|turn|11\n|\n|t:|1776664045\n|move|p1b: Gengar|Protect|p1b: Gengar\n|-singleturn|p1b: Gengar|Protect\n|move|p2a: Incineroar|Fake Out|p1a: Sneasler\n|-crit|p1a: Sneasler\n|-damage|p1a: Sneasler|61/100\n|cant|p1a: Sneasler|flinch\n|move|p2b: Sinistcha|Life Dew||[still]|[spread] p2a,p2b\n|-heal|p2a: Incineroar|76/100\n|-fail|p2b: Sinistcha|heal\n|\n|upkeep\n|turn|12\n|\n|t:|1776664064\n|move|p2b: Sinistcha|Rage Powder|p2b: Sinistcha\n|-singleturn|p2b: Sinistcha|move: Rage Powder\n|move|p1b: Gengar|Perish Song|p1b: Gengar\n|-start|p1a: Sneasler|perish3|[silent]\n|-start|p1b: Gengar|perish3|[silent]\n|-start|p2a: Incineroar|perish3|[silent]\n|-start|p2b: Sinistcha|perish3|[silent]\n|-fieldactivate|move: Perish Song\n|move|p1a: Sneasler|Dire Claw|p2b: Sinistcha\n|-damage|p2b: Sinistcha|82/100 par\n|move|p2a: Incineroar|Flare Blitz|p1a: Sneasler\n|-damage|p1a: Sneasler|0 fnt\n|faint|p1a: Sneasler\n|-damage|p2a: Incineroar|60/100|[from] Recoil\n|\n|-start|p1b: Gengar|perish3\n|-start|p2a: Incineroar|perish3\n|-start|p2b: Sinistcha|perish3\n|upkeep\n|turn|13\n|\n|t:|1776664084\n|move|p1b: Gengar|Protect|p1b: Gengar\n|-singleturn|p1b: Gengar|Protect\n|move|p2a: Incineroar|Protect|p2a: Incineroar\n|-singleturn|p2a: Incineroar|Protect\n|move|p2b: Sinistcha|Protect||[still]\n|-fail|p2b: Sinistcha\n|\n|-start|p1b: Gengar|perish2\n|-start|p2a: Incineroar|perish2\n|-start|p2b: Sinistcha|perish2\n|upkeep\n|turn|14\n|\n|t:|1776664107\n|move|p2b: Sinistcha|Rage Powder|p2b: Sinistcha\n|-singleturn|p2b: Sinistcha|move: Rage Powder\n|move|p1b: Gengar|Substitute|p1b: Gengar\n|-start|p1b: Gengar|Substitute\n|-damage|p1b: Gengar|76/100\n|move|p2a: Incineroar|Flare Blitz|p1b: Gengar\n|-end|p1b: Gengar|Substitute\n|-damage|p2a: Incineroar|53/100|[from] Recoil|[of] p1b: Gengar\n|\n|-end|p1b: Gengar|Disable\n|-start|p1b: Gengar|perish1\n|-start|p2a: Incineroar|perish1\n|-start|p2b: Sinistcha|perish1\n|upkeep\n|turn|15\n|\n|t:|1776664125\n|move|p1b: Gengar|Substitute|p1b: Gengar\n|-start|p1b: Gengar|Substitute\n|-damage|p1b: Gengar|51/100\n|move|p2a: Incineroar|Flare Blitz|p1b: Gengar\n|-end|p1b: Gengar|Substitute\n|-damage|p2a: Incineroar|46/100|[from] Recoil|[of] p1b: Gengar\n|-enditem|p2a: Incineroar|Sitrus Berry|[eat]\n|-heal|p2a: Incineroar|71/100|[from] item: Sitrus Berry\n|move|p2b: Sinistcha|Life Dew|p2b: Sinistcha|[spread] p2a,p2b\n|-heal|p2a: Incineroar|96/100\n|-heal|p2b: Sinistcha|100/100 par\n|\n|-start|p1b: Gengar|perish0\n|-start|p2a: Incineroar|perish0\n|-start|p2b: Sinistcha|perish0\n|upkeep\n|faint|p1b: Gengar\n|faint|p2a: Incineroar\n|faint|p2b: Sinistcha\n|\n|win|RisingAT\n|raw|Bulkbies's rating: 1041 &rarr; <strong>1023</strong><br />(-18 for losing)\n|raw|RisingAT's rating: 1006 &rarr; <strong>1049</strong><br />(+43 for winning)\n|l|\u2606Bulkbies\n|player|p1|\n",
  "uploadtime": 1776664151,
  "views": 13,
  "formatid": "gen9championsvgc2026regma",
  "rating": 1023,
  "private": 0,
  "password": null
}