{
  "id": "gen9championsvgc2026regma-2584509825",
  "format": "[Gen 9 Champions] VGC 2026 Reg M-A",
  "players": [
    "0_Indrah",
    "Superrodvgc"
  ],
  "log": "|j|\u203d0_Indrah\n|j|\u2606Superrodvgc\n|t:|1776265584\n|gametype|doubles\n|player|p1|0_Indrah|2|1062\n|player|p2|Superrodvgc|2|1126\n|gen|9\n|tier|[Gen 9 Champions] VGC 2026 Reg M-A\n|rated|\n|rule|Species Clause: Limit one of each Pok\u00e9mon\n|rule|Item Clause: Limit 1 of each item\n|clearpoke\n|poke|p1|Skarmory, L50, M|\n|poke|p1|Raichu, L50, F|\n|poke|p1|Sneasler, L50, F|\n|poke|p1|Incineroar, L50, F|\n|poke|p1|Abomasnow, L50, F|\n|poke|p1|Absol, L50, M|\n|poke|p2|Aerodactyl, L50, F|\n|poke|p2|Garchomp, L50, F|\n|poke|p2|Floette-Eternal, L50, F|\n|poke|p2|Sinistcha, L50|\n|poke|p2|Rotom-Wash, L50|\n|poke|p2|Incineroar, L50, F|\n|teampreview|4\n|inactive|Battle timer is ON: inactive players will automatically lose when time's up. (requested by 0_Indrah)\n|inactive|Superrodvgc has 60 seconds left.\n|\n|t:|1776265618\n|teamsize|p1|4\n|teamsize|p2|4\n|start\n|switch|p1a: Sneasler|Sneasler, L50, F|100/100\n|switch|p1b: Incineroar|Incineroar, L50, F|100/100\n|switch|p2a: Garchomp|Garchomp, L50, F|100/100\n|switch|p2b: Rotom|Rotom-Wash, L50|100/100\n|-ability|p1b: Incineroar|Intimidate|boost\n|-unboost|p2a: Garchomp|atk|1\n|-unboost|p2b: Rotom|atk|1\n|turn|1\n|inactive|0_Indrah has 30 seconds left.\n|\n|t:|1776265660\n|move|p2a: Garchomp|Protect|p2a: Garchomp\n|-singleturn|p2a: Garchomp|Protect\n|move|p1a: Sneasler|Fake Out|p2b: Rotom\n|-damage|p2b: Rotom|85/100\n|move|p1b: Incineroar|Fake Out|p2a: Garchomp\n|-activate|p2a: Garchomp|move: Protect\n|cant|p2b: Rotom|flinch\n|\n|upkeep\n|turn|2\n|\n|t:|1776265682\n|switch|p1a: Skarmory|Skarmory, L50, M|100/100\n|move|p2b: Rotom|Electroweb|p1a: Skarmory|[spread] p1a,p1b\n|-supereffective|p1a: Skarmory|1\n|-damage|p1a: Skarmory|52/100\n|-damage|p1b: Incineroar|87/100\n|-unboost|p1a: Skarmory|spe|1\n|-unboost|p1b: Incineroar|spe|1\n|move|p2a: Garchomp|Stomping Tantrum|p1a: Skarmory\n|-immune|p1a: Skarmory\n|move|p1b: Incineroar|Parting Shot|p2b: Rotom\n|-unboost|p2b: Rotom|atk|1\n|-unboost|p2b: Rotom|spa|1\n|\n|t:|1776265698\n|switch|p1b: Raichu|Raichu, L50, F|100/100|[from] Parting Shot\n|\n|upkeep\n|turn|3\n|\n|t:|1776265715\n|switch|p2b: Incineroar|Incineroar, L50, F|100/100\n|-ability|p2b: Incineroar|Intimidate|boost\n|-unboost|p1a: Skarmory|atk|1\n|-unboost|p1b: Raichu|atk|1\n|detailschange|p1a: Skarmory|Skarmory-Mega, L50, M\n|-mega|p1a: Skarmory|Skarmory|Skarmorite\n|move|p1b: Raichu|Fake Out|p2b: Incineroar\n|-damage|p2b: Incineroar|96/100\n|move|p2a: Garchomp|Stomping Tantrum|p1b: Raichu\n|-supereffective|p1b: Raichu|1\n|-enditem|p1b: Raichu|Focus Sash\n|-damage|p1b: Raichu|1/100\n|move|p1a: Skarmory|Swords Dance|p1a: Skarmory\n|-boost|p1a: Skarmory|atk|2\n|\n|upkeep\n|turn|4\n|\n|t:|1776265740\n|move|p1b: Raichu|Protect|p1b: Raichu\n|-singleturn|p1b: Raichu|Protect\n|move|p2b: Incineroar|Fake Out|p1a: Skarmory\n|-resisted|p1a: Skarmory|1\n|-damage|p1a: Skarmory|45/100\n|move|p2a: Garchomp|Rock Slide|p1b: Raichu|[spread] p1a\n|-activate|p1b: Raichu|move: Protect\n|-damage|p1a: Skarmory|30/100\n|cant|p1a: Skarmory|flinch\n|\n|upkeep\n|turn|5\n|\n|t:|1776265756\n|move|p2a: Garchomp|Protect|p2a: Garchomp\n|-singleturn|p2a: Garchomp|Protect\n|move|p1b: Raichu|Encore|p2b: Incineroar\n|-start|p2b: Incineroar|Encore\n|move|p2b: Incineroar|Fake Out||[still]\n|-hint|Fake Out only works on your first turn out.\n|-fail|p2b: Incineroar\n|move|p1a: Skarmory|Rock Slide|p2b: Incineroar|[spread] p2b\n|-activate|p2a: Garchomp|move: Protect\n|-supereffective|p2b: Incineroar|1\n|-damage|p2b: Incineroar|27/100\n|\n|upkeep\n|turn|6\n|\n|t:|1776265776\n|switch|p2b: Rotom|Rotom-Wash, L50|85/100\n|move|p1b: Raichu|Volt Switch|p2b: Rotom\n|-damage|p2b: Rotom|50/100\n|\n|t:|1776265782\n|switch|p1b: Sneasler|Sneasler, L50, F|100/100|[from] Volt Switch\n|move|p2a: Garchomp|Rock Slide|p1b: Sneasler|[spread] p1a,p1b\n|-resisted|p1b: Sneasler|1\n|-damage|p1a: Skarmory|15/100\n|-damage|p1b: Sneasler|89/100\n|cant|p1a: Skarmory|flinch\n|\n|upkeep\n|turn|7\n|\n|t:|1776265801\n|switch|p2b: Incineroar|Incineroar, L50, F|27/100\n|-ability|p2b: Incineroar|Intimidate|boost\n|-unboost|p1a: Skarmory|atk|1\n|-unboost|p1b: Sneasler|atk|1\n|-enditem|p1b: Sneasler|White Herb\n|-clearnegativeboost|p1b: Sneasler|[silent]\n|move|p2a: Garchomp|Protect|p2a: Garchomp\n|-singleturn|p2a: Garchomp|Protect\n|move|p1b: Sneasler|Fake Out|p2b: Incineroar\n|-damage|p2b: Incineroar|14/100\n|move|p1a: Skarmory|Iron Head|p2a: Garchomp\n|-activate|p2a: Garchomp|move: Protect\n|\n|upkeep\n|turn|8\n|\n|t:|1776265820\n|move|p2b: Incineroar|Fake Out|p1b: Sneasler\n|-damage|p1b: Sneasler|70/100\n|cant|p1b: Sneasler|flinch\n|move|p2a: Garchomp|Stomping Tantrum|p1b: Sneasler\n|-supereffective|p1b: Sneasler|1\n|-damage|p1b: Sneasler|0 fnt\n|faint|p1b: Sneasler\n|move|p1a: Skarmory|Rock Slide|p2b: Incineroar|[spread] p2a,p2b\n|-resisted|p2a: Garchomp|1\n|-supereffective|p2b: Incineroar|1\n|-damage|p2a: Garchomp|90/100\n|-damage|p2b: Incineroar|0 fnt\n|faint|p2b: Incineroar\n|\n|upkeep\n|\n|t:|1776265839\n|switch|p1b: Incineroar|Incineroar, L50, F|87/100\n|switch|p2b: Rotom|Rotom-Wash, L50|50/100\n|-ability|p1b: Incineroar|Intimidate|boost\n|-unboost|p2a: Garchomp|atk|1\n|-unboost|p2b: Rotom|atk|1\n|turn|9\n|inactive|Superrodvgc has 30 seconds left.\n|inactive|Superrodvgc has 20 seconds left.\n|inactive|Superrodvgc has 15 seconds left.\n|inactive|Superrodvgc has 10 seconds left.\n|\n|t:|1776265888\n|switch|p2b: Floette|Floette-Eternal, L50, F|100/100\n|switch|p1a: Raichu|Raichu, L50, F|1/100\n|move|p2a: Garchomp|Protect|p2a: Garchomp\n|-singleturn|p2a: Garchomp|Protect\n|move|p1b: Incineroar|Protect||[still]\n|-fail|p1b: Incineroar\n|\n|upkeep\n|turn|10\n|inactive|0_Indrah has 30 seconds left.\n|\n|t:|1776265925\n|switch|p2a: Rotom|Rotom-Wash, L50|50/100\n|detailschange|p2b: Floette|Floette-Mega, L50, F\n|-mega|p2b: Floette|Floette|Floettite\n|-ability|p2b: Floette|Fairy Aura\n|move|p1a: Raichu|Protect|p1a: Raichu\n|-singleturn|p1a: Raichu|Protect\n|move|p1b: Incineroar|Protect|p1b: Incineroar\n|-singleturn|p1b: Incineroar|Protect\n|move|p2b: Floette|Calm Mind|p2b: Floette\n|-boost|p2b: Floette|spa|1\n|-boost|p2b: Floette|spd|1\n|\n|upkeep\n|turn|11\n|\n|t:|1776265947\n|move|p2a: Rotom|Hydro Pump|p1b: Incineroar\n|-supereffective|p1b: Incineroar|1\n|-damage|p1b: Incineroar|15/100\n|move|p2b: Floette|Dazzling Gleam|p1a: Raichu|[spread] p1a,p1b\n|-crit|p1b: Incineroar\n|-damage|p1a: Raichu|0 fnt\n|-damage|p1b: Incineroar|0 fnt\n|faint|p1a: Raichu\n|faint|p1b: Incineroar\n|\n|upkeep\n|\n|t:|1776265962\n|switch|p1b: Skarmory|Skarmory-Mega, L50, M|15/100\n|turn|12\n|\n|t:|1776265969\n|move|p2a: Rotom|Hydro Pump|p1b: Skarmory|[miss]\n|-miss|p2a: Rotom|p1b: Skarmory\n|move|p2b: Floette|Moonblast|p1b: Skarmory\n|-resisted|p1b: Skarmory|1\n|-damage|p1b: Skarmory|0 fnt\n|faint|p1b: Skarmory\n|\n|win|Superrodvgc\n|raw|0_Indrah's rating: 1062 &rarr; <strong>1046</strong><br />(-16 for losing)\n|raw|Superrodvgc's rating: 1126 &rarr; <strong>1146</strong><br />(+20 for winning)\n|l|\u2606Superrodvgc\n|player|p2|\n",
  "uploadtime": 1776265986,
  "views": 27,
  "formatid": "gen9championsvgc2026regma",
  "rating": 1046,
  "private": 0,
  "password": null
}