{
  "id": "gen9championsvgc2026regma-2583276258",
  "format": "[Gen 9 Champions] VGC 2026 Reg M-A",
  "players": [
    "cammellio",
    "Fernando III"
  ],
  "log": "|j|\u2606cammellio\n|j|\u2606Fernando III\n|t:|1776162244\n|gametype|doubles\n|player|p1|cammellio|101|1095\n|player|p2|Fernando III|gentleman-gen4dp|1126\n|gen|9\n|tier|[Gen 9 Champions] VGC 2026 Reg M-A\n|rated|\n|rule|Species Clause: Limit one of each Pok\u00e9mon\n|rule|Item Clause: Limit 1 of each item\n|clearpoke\n|poke|p1|Toucannon, L50, M|\n|poke|p1|Scovillain, L50, M|\n|poke|p1|Zoroark, L50, F|\n|poke|p1|Aegislash, L50, M|\n|poke|p1|Incineroar, L50, F|\n|poke|p1|Froslass, L50, F|\n|poke|p2|Pelipper, L50, F|\n|poke|p2|Basculegion-F, L50, F|\n|poke|p2|Dragonite, L50, M|\n|poke|p2|Incineroar, L50, F|\n|poke|p2|Golurk, L50|\n|poke|p2|Quaquaval, L50, F|\n|teampreview|4\n|\n|t:|1776162269\n|teamsize|p1|4\n|teamsize|p2|4\n|start\n|switch|p1a: Toucannon|Toucannon, L50, M|100/100\n|switch|p1b: Incineroar|Incineroar, L50, F|100/100\n|switch|p2a: Incineroar|Incineroar, L50, F|100/100\n|switch|p2b: Pelipper|Pelipper, L50, F|100/100\n|-ability|p1b: Incineroar|Intimidate|boost\n|-unboost|p2a: Incineroar|atk|1\n|-unboost|p2b: Pelipper|atk|1\n|-weather|RainDance|[from] ability: Drizzle|[of] p2b: Pelipper\n|-ability|p2a: Incineroar|Intimidate|boost\n|-unboost|p1a: Toucannon|atk|1\n|-unboost|p1b: Incineroar|atk|1\n|turn|1\n|\n|t:|1776162289\n|move|p1b: Incineroar|Fake Out|p2a: Incineroar\n|-damage|p2a: Incineroar|94/100\n|cant|p2a: Incineroar|flinch\n|move|p2b: Pelipper|Tailwind|p2b: Pelipper\n|-sidestart|p2: Fernando III|move: Tailwind\n|move|p1a: Toucannon|Tailwind|p1a: Toucannon\n|-sidestart|p1: cammellio|move: Tailwind\n|\n|-weather|RainDance|[upkeep]\n|upkeep\n|turn|2\n|\n|t:|1776162307\n|switch|p2b: Golurk|Golurk, L50|100/100\n|move|p1a: Toucannon|Protect|p1a: Toucannon\n|-singleturn|p1a: Toucannon|Protect\n|move|p1b: Incineroar|Parting Shot|p2b: Golurk\n|-unboost|p2b: Golurk|atk|1\n|-unboost|p2b: Golurk|spa|1\n|\n|t:|1776162319\n|switch|p1b: Scovillain|Scovillain, L50, M|100/100|[from] Parting Shot\n|move|p2a: Incineroar|Parting Shot|p1a: Toucannon\n|-activate|p1a: Toucannon|move: Protect\n|\n|-weather|RainDance|[upkeep]\n|-ability|p1b: Scovillain|Moody|boost\n|-boost|p1b: Scovillain|atk|2\n|-unboost|p1b: Scovillain|def|1\n|upkeep\n|turn|3\n|\n|t:|1776162357\n|detailschange|p1b: Scovillain|Scovillain-Mega, L50, M\n|-mega|p1b: Scovillain|Scovillain|Scovillainite\n|move|p1b: Scovillain|Rage Powder|p1b: Scovillain\n|-singleturn|p1b: Scovillain|move: Rage Powder\n|move|p1a: Toucannon|Rock Blast|p2a: Incineroar\n|-supereffective|p2a: Incineroar|1\n|-damage|p2a: Incineroar|82/100\n|-supereffective|p2a: Incineroar|1\n|-damage|p2a: Incineroar|70/100\n|-supereffective|p2a: Incineroar|1\n|-damage|p2a: Incineroar|58/100\n|-supereffective|p2a: Incineroar|1\n|-crit|p2a: Incineroar\n|-damage|p2a: Incineroar|30/100\n|-enditem|p2a: Incineroar|Sitrus Berry|[eat]\n|-heal|p2a: Incineroar|55/100|[from] item: Sitrus Berry\n|-supereffective|p2a: Incineroar|1\n|-damage|p2a: Incineroar|42/100\n|-hitcount|p2a: Incineroar|5\n|move|p2a: Incineroar|Parting Shot|p1b: Scovillain\n|-unboost|p1b: Scovillain|atk|1\n|-unboost|p1b: Scovillain|spa|1\n|\n|t:|1776162376\n|switch|p2a: Pelipper|Pelipper, L50, F|100/100|[from] Parting Shot\n|move|p2b: Golurk|Poltergeist|p1b: Scovillain\n|-activate|p1b: Scovillain|move: Poltergeist|Scovillainite\n|-damage|p1b: Scovillain|45/100\n|-status|p2b: Golurk|brn|[from] ability: Spicy Spray|[of] p1b: Scovillain\n|\n|-weather|RainDance|[upkeep]\n|-damage|p2b: Golurk|94/100 brn|[from] brn\n|upkeep\n|turn|4\n|\n|t:|1776162395\n|move|p1b: Scovillain|Giga Drain|p2b: Golurk\n|-supereffective|p2b: Golurk|1\n|-damage|p2b: Golurk|45/100 brn\n|-heal|p1b: Scovillain|73/100|[from] drain|[of] p2b: Golurk\n|move|p2a: Pelipper|Hurricane|p1b: Scovillain\n|-supereffective|p1b: Scovillain|1\n|-damage|p1b: Scovillain|0 fnt\n|-status|p2a: Pelipper|brn|[from] ability: Spicy Spray|[of] p1b: Scovillain\n|faint|p1b: Scovillain\n|move|p1a: Toucannon|Rock Blast|p2a: Pelipper\n|-supereffective|p2a: Pelipper|1\n|-damage|p2a: Pelipper|90/100 brn\n|-supereffective|p2a: Pelipper|1\n|-damage|p2a: Pelipper|79/100 brn\n|-supereffective|p2a: Pelipper|1\n|-damage|p2a: Pelipper|68/100 brn\n|-supereffective|p2a: Pelipper|1\n|-damage|p2a: Pelipper|59/100 brn\n|-supereffective|p2a: Pelipper|1\n|-damage|p2a: Pelipper|48/100 brn\n|-hitcount|p2a: Pelipper|5\n|move|p2b: Golurk|Rock Slide|p1a: Toucannon\n|-supereffective|p1a: Toucannon|1\n|-damage|p1a: Toucannon|76/100\n|\n|-weather|RainDance|[upkeep]\n|-heal|p2a: Pelipper|54/100 brn|[from] item: Leftovers\n|-heal|p1a: Toucannon|82/100|[from] item: Leftovers\n|-damage|p2a: Pelipper|48/100 brn|[from] brn\n|-damage|p2b: Golurk|39/100 brn|[from] brn\n|-sideend|p1: cammellio|move: Tailwind\n|-sideend|p2: Fernando III|move: Tailwind\n|upkeep\n|\n|t:|1776162423\n|switch|p1b: Incineroar|Incineroar, L50, F|100/100\n|-ability|p1b: Incineroar|Intimidate|boost\n|-unboost|p2a: Pelipper|atk|1\n|-unboost|p2b: Golurk|atk|1\n|turn|5\n|\n|t:|1776162439\n|move|p2a: Pelipper|Protect|p2a: Pelipper\n|-singleturn|p2a: Pelipper|Protect\n|move|p1b: Incineroar|Fake Out|p2a: Pelipper\n|-activate|p2a: Pelipper|move: Protect\n|move|p1a: Toucannon|Tailwind|p1a: Toucannon\n|-sidestart|p1: cammellio|move: Tailwind\n|move|p2b: Golurk|Dynamic Punch|p1b: Incineroar\n|-supereffective|p1b: Incineroar|1\n|-damage|p1b: Incineroar|85/100\n|-start|p1b: Incineroar|confusion\n|\n|-weather|none\n|-heal|p1a: Toucannon|88/100|[from] item: Leftovers\n|-heal|p2a: Pelipper|54/100 brn|[from] item: Leftovers\n|-damage|p2a: Pelipper|48/100 brn|[from] brn\n|-damage|p2b: Golurk|33/100 brn|[from] brn\n|upkeep\n|turn|6\n|\n|t:|1776162462\n|switch|p2a: Incineroar|Incineroar, L50, F|42/100\n|-ability|p2a: Incineroar|Intimidate|boost\n|-unboost|p1a: Toucannon|atk|1\n|-unboost|p1b: Incineroar|atk|1\n|-activate|p1b: Incineroar|confusion\n|move|p1b: Incineroar|Parting Shot|p2b: Golurk\n|-unboost|p2b: Golurk|atk|1\n|-unboost|p2b: Golurk|spa|1\n|\n|t:|1776162469\n|switch|p1b: Aegislash|Aegislash, L50, M|100/100|[from] Parting Shot\n|move|p1a: Toucannon|Rock Blast|p2a: Incineroar\n|-supereffective|p2a: Incineroar|1\n|-damage|p2a: Incineroar|32/100\n|-supereffective|p2a: Incineroar|1\n|-damage|p2a: Incineroar|23/100\n|-supereffective|p2a: Incineroar|1\n|-damage|p2a: Incineroar|13/100\n|-supereffective|p2a: Incineroar|1\n|-damage|p2a: Incineroar|4/100\n|-supereffective|p2a: Incineroar|1\n|-damage|p2a: Incineroar|0 fnt\n|faint|p2a: Incineroar\n|-hitcount|p2: Incineroar|5\n|move|p2b: Golurk|Rock Slide|p1b: Aegislash|[spread] p1a,p1b\n|-supereffective|p1a: Toucannon|1\n|-resisted|p1b: Aegislash|1\n|-damage|p1a: Toucannon|79/100\n|-damage|p1b: Aegislash|99/100\n|\n|-heal|p1a: Toucannon|84/100|[from] item: Leftovers\n|-damage|p2b: Golurk|27/100 brn|[from] brn\n|upkeep\n|\n|t:|1776162480\n|switch|p2a: Pelipper|Pelipper, L50, F|48/100 brn\n|-weather|RainDance|[from] ability: Drizzle|[of] p2a: Pelipper\n|turn|7\n|\n|t:|1776162505\n|move|p1a: Toucannon|Protect|p1a: Toucannon\n|-singleturn|p1a: Toucannon|Protect\n|-formechange|p1b: Aegislash|Aegislash-Blade|\n|move|p1b: Aegislash|Shadow Ball|p2a: Pelipper\n|-damage|p2a: Pelipper|0 fnt\n|faint|p2a: Pelipper\n|move|p2b: Golurk|Earthquake|p1a: Toucannon|[spread] p1b\n|-activate|p1a: Toucannon|move: Protect\n|-supereffective|p1b: Aegislash|1\n|-damage|p1b: Aegislash|61/100\n|\n|-weather|RainDance|[upkeep]\n|-heal|p1a: Toucannon|90/100|[from] item: Leftovers\n|-damage|p2b: Golurk|21/100 brn|[from] brn\n|upkeep\n|\n|t:|1776162516\n|switch|p2a: Quaquaval|Quaquaval, L50, F|100/100\n|turn|8\n|\n|t:|1776162527\n|switch|p1b: Incineroar|Incineroar, L50, F|85/100\n|-ability|p1b: Incineroar|Intimidate|boost\n|-unboost|p2a: Quaquaval|atk|1\n|-unboost|p2b: Golurk|atk|1\n|-singleturn|p1a: Toucannon|move: Beak Blast\n|move|p2a: Quaquaval|Aqua Step|p1a: Toucannon\n|-damage|p1a: Toucannon|34/100\n|-status|p2a: Quaquaval|brn\n|-boost|p2a: Quaquaval|spe|1\n|move|p2b: Golurk|Poltergeist|p1b: Incineroar\n|-activate|p1b: Incineroar|move: Poltergeist|Shuca Berry\n|-resisted|p1b: Incineroar|1\n|-damage|p1b: Incineroar|81/100\n|move|p1a: Toucannon|Beak Blast|p2a: Quaquaval\n|-supereffective|p2a: Quaquaval|1\n|-damage|p2a: Quaquaval|21/100 brn\n|\n|-weather|RainDance|[upkeep]\n|-heal|p1a: Toucannon|40/100|[from] item: Leftovers\n|-damage|p2a: Quaquaval|15/100 brn|[from] brn\n|-damage|p2b: Golurk|15/100 brn|[from] brn\n|-sideend|p1: cammellio|move: Tailwind\n|upkeep\n|turn|9\n|\n|t:|1776162568\n|move|p1b: Incineroar|Fake Out|p2a: Quaquaval\n|-damage|p2a: Quaquaval|2/100 brn\n|cant|p2a: Quaquaval|flinch\n|move|p1a: Toucannon|Rock Blast|p2b: Golurk\n|-resisted|p2b: Golurk|1\n|-damage|p2b: Golurk|12/100 brn\n|-resisted|p2b: Golurk|1\n|-damage|p2b: Golurk|10/100 brn\n|-resisted|p2b: Golurk|1\n|-damage|p2b: Golurk|7/100 brn\n|-resisted|p2b: Golurk|1\n|-damage|p2b: Golurk|5/100 brn\n|-resisted|p2b: Golurk|1\n|-damage|p2b: Golurk|2/100 brn\n|-hitcount|p2b: Golurk|5\n|move|p2b: Golurk|Earthquake|p1b: Incineroar|[spread] p2a,p1b\n|-immune|p1a: Toucannon\n|-supereffective|p1b: Incineroar|1\n|-enditem|p1b: Incineroar|Shuca Berry|[eat]\n|-enditem|p1b: Incineroar|Shuca Berry|[weaken]\n|-damage|p2a: Quaquaval|0 fnt\n|-damage|p1b: Incineroar|73/100\n|faint|p2a: Quaquaval\n|\n|-weather|RainDance|[upkeep]\n|-heal|p1a: Toucannon|45/100|[from] item: Leftovers\n|-damage|p2b: Golurk|0 fnt|[from] brn\n|faint|p2b: Golurk\n|\n|win|cammellio\n|raw|cammellio's rating: 1095 &rarr; <strong>1123</strong><br />(+28 for winning)\n|raw|Fernando III's rating: 1126 &rarr; <strong>1099</strong><br />(-27 for losing)\n",
  "uploadtime": 1776162595,
  "views": 19,
  "formatid": "gen9championsvgc2026regma",
  "rating": 1099,
  "private": 0,
  "password": null
}