{
  "id": "gen9championsvgc2026regma-2583766574",
  "format": "[Gen 9 Champions] VGC 2026 Reg M-A",
  "players": [
    "henitusec",
    "Blooddemo"
  ],
  "log": "|j|\u2606henitusec\n|j|\u2606Blooddemo\n|t:|1776196282\n|gametype|doubles\n|player|p1|henitusec|diantha|1052\n|player|p2|Blooddemo|pokemaniac|1000\n|gen|9\n|tier|[Gen 9 Champions] VGC 2026 Reg M-A\n|rated|\n|rule|Species Clause: Limit one of each Pok\u00e9mon\n|rule|Item Clause: Limit 1 of each item\n|clearpoke\n|poke|p1|Gardevoir, L50, F|\n|poke|p1|Aegislash, L50, F|\n|poke|p1|Incineroar, L50, M|\n|poke|p1|Vivillon-Polar, L50, F|\n|poke|p1|Whimsicott, L50, M|\n|poke|p1|Tauros-Paldea-Aqua, L50, M|\n|poke|p2|Delphox, L50, M|\n|poke|p2|Torkoal, L50, F|\n|poke|p2|Whimsicott, L50, M|\n|poke|p2|Incineroar, L50, F|\n|poke|p2|Meowstic, L50, M|\n|poke|p2|Rotom-Heat, L50|\n|teampreview|4\n|inactive|Battle timer is ON: inactive players will automatically lose when time's up. (requested by henitusec)\n|\n|t:|1776196310\n|teamsize|p1|4\n|teamsize|p2|4\n|start\n|switch|p1a: Gardevoir|Gardevoir, L50, F, shiny|100/100\n|switch|p1b: Whimsicott|Whimsicott, L50, M|100/100\n|switch|p2a: Meowstic|Meowstic, L50, M|100/100\n|switch|p2b: Delphox|Delphox, L50, M|100/100\n|-ability|p1a: Gardevoir|Magician|Trace|[from] ability: Trace|[of] p2b: Delphox\n|turn|1\n|inactive|Blooddemo has 30 seconds left.\n|inactive|Blooddemo has 20 seconds left.\n|inactive|Blooddemo has 15 seconds left.\n|inactive|Blooddemo has 10 seconds left.\n|\n|t:|1776196359\n|detailschange|p2b: Delphox|Delphox-Mega, L50, M\n|-mega|p2b: Delphox|Delphox|Delphoxite\n|detailschange|p1a: Gardevoir|Gardevoir-Mega, L50, F, shiny\n|-mega|p1a: Gardevoir|Gardevoir|Gardevoirite\n|move|p2a: Meowstic|Fake Out|p1b: Whimsicott\n|-damage|p1b: Whimsicott|95/100\n|cant|p1b: Whimsicott|flinch\n|move|p2b: Delphox|Burning Jealousy|p1b: Whimsicott|[spread] p1a,p1b\n|-supereffective|p1b: Whimsicott|1\n|-damage|p1a: Gardevoir|76/100\n|-damage|p1b: Whimsicott|19/100\n|move|p1a: Gardevoir|Hyper Voice|p2b: Delphox|[spread] p2a,p2b\n|-crit|p2a: Meowstic\n|-resisted|p2b: Delphox|1\n|-damage|p2a: Meowstic|22/100\n|-damage|p2b: Delphox|78/100\n|\n|upkeep\n|turn|2\n|inactive|Blooddemo has 30 seconds left.\n|inactive|Blooddemo has 20 seconds left.\n|\n|t:|1776196397\n|move|p1b: Whimsicott|Tailwind|p1b: Whimsicott\n|-sidestart|p1: henitusec|move: Tailwind\n|move|p2a: Meowstic|Psychic Terrain|p2a: Meowstic\n|-fieldstart|move: Psychic Terrain\n|move|p1a: Gardevoir|Hyper Voice|p2b: Delphox|[spread] p2a,p2b\n|-resisted|p2b: Delphox|1\n|-damage|p2a: Meowstic|0 fnt\n|-damage|p2b: Delphox|54/100\n|faint|p2a: Meowstic\n|move|p2b: Delphox|Nasty Plot|p2b: Delphox\n|-boost|p2b: Delphox|spa|2\n|\n|upkeep\n|\n|t:|1776196410\n|switch|p2a: Incineroar|Incineroar, L50, F|100/100\n|-ability|p2a: Incineroar|Intimidate|boost\n|-unboost|p1a: Gardevoir|atk|1\n|-unboost|p1b: Whimsicott|atk|1\n|turn|3\n|\n|t:|1776196420\n|move|p2a: Incineroar|Fake Out|p1a: Gardevoir\n|-activate|p1a: Gardevoir|move: Psychic Terrain\n|move|p1b: Whimsicott|Light Screen|p1b: Whimsicott\n|-sidestart|p1: henitusec|move: Light Screen\n|move|p1a: Gardevoir|Destiny Bond|p1a: Gardevoir\n|-singlemove|p1a: Gardevoir|Destiny Bond\n|move|p2b: Delphox|Burning Jealousy|p1b: Whimsicott|[spread] p1a,p1b\n|-supereffective|p1b: Whimsicott|1\n|-damage|p1a: Gardevoir|42/100\n|-damage|p1b: Whimsicott|0 fnt\n|faint|p1b: Whimsicott\n|\n|upkeep\n|\n|t:|1776196432\n|switch|p1b: Tauros|Tauros-Paldea-Aqua, L50, M|100/100\n|-ability|p1b: Tauros|Intimidate|boost\n|-unboost|p2a: Incineroar|atk|1\n|-unboost|p2b: Delphox|atk|1\n|turn|4\n|inactive|Blooddemo has 30 seconds left.\n|\n|t:|1776196461\n|switch|p2a: Torkoal|Torkoal, L50, F|100/100\n|-weather|SunnyDay|[from] ability: Drought|[of] p2a: Torkoal\n|move|p1a: Gardevoir|Hyper Voice|p2a: Torkoal|[spread] p2a,p2b\n|-resisted|p2a: Torkoal|1\n|-resisted|p2b: Delphox|1\n|-damage|p2a: Torkoal|68/100\n|-damage|p2b: Delphox|30/100\n|move|p1b: Tauros|Wave Crash|p2b: Delphox\n|-supereffective|p2b: Delphox|1\n|-damage|p2b: Delphox|0 fnt\n|faint|p2b: Delphox\n|-damage|p1b: Tauros|92/100|[from] Recoil\n|\n|-weather|SunnyDay|[upkeep]\n|upkeep\n|\n|t:|1776196476\n|switch|p2b: Incineroar|Incineroar, L50, F|100/100\n|-ability|p2b: Incineroar|Intimidate|boost\n|-unboost|p1a: Gardevoir|atk|1\n|-unboost|p1b: Tauros|atk|1\n|turn|5\n|\n|t:|1776196492\n|move|p2b: Incineroar|Fake Out|p1b: Tauros\n|-activate|p1b: Tauros|move: Psychic Terrain\n|move|p1a: Gardevoir|Destiny Bond|p1a: Gardevoir\n|-singlemove|p1a: Gardevoir|Destiny Bond\n|move|p1b: Tauros|Wave Crash|p2b: Incineroar\n|-supereffective|p2b: Incineroar|1\n|-damage|p2b: Incineroar|65/100\n|-damage|p1b: Tauros|79/100|[from] Recoil\n|move|p2a: Torkoal|Eruption|p1b: Tauros|[spread] p1a,p1b\n|-resisted|p1b: Tauros|1\n|-damage|p1a: Gardevoir|11/100\n|-damage|p1b: Tauros|55/100\n|\n|-weather|SunnyDay|[upkeep]\n|-sideend|p1: henitusec|move: Tailwind\n|upkeep\n|turn|6\n|inactive|Blooddemo has 30 seconds left.\n|\n|t:|1776196519\n|move|p2a: Torkoal|Protect|p2a: Torkoal\n|-singleturn|p2a: Torkoal|Protect\n|move|p1a: Gardevoir|Hyper Voice|p2a: Torkoal|[spread] p2b\n|-activate|p2a: Torkoal|move: Protect\n|-damage|p2b: Incineroar|24/100\n|move|p1b: Tauros|Wave Crash|p2b: Incineroar\n|-supereffective|p2b: Incineroar|1\n|-damage|p2b: Incineroar|0 fnt\n|faint|p2b: Incineroar\n|-damage|p1b: Tauros|46/100|[from] Recoil\n|\n|-weather|SunnyDay|[upkeep]\n|-fieldend|move: Psychic Terrain\n|upkeep\n|turn|7\n|inactive|Blooddemo has 30 seconds left.\n|c|\u2606henitusec|its destined\n|\n|t:|1776196551\n|move|p1a: Gardevoir|Destiny Bond|p1a: Gardevoir\n|-singlemove|p1a: Gardevoir|Destiny Bond\n|move|p1b: Tauros|Wave Crash|p2a: Torkoal\n|-supereffective|p2a: Torkoal|1\n|-damage|p2a: Torkoal|38/100\n|-damage|p1b: Tauros|36/100|[from] Recoil\n|move|p2a: Torkoal|Body Press|p1a: Gardevoir\n|-resisted|p1a: Gardevoir|2\n|-damage|p1a: Gardevoir|4/100\n|\n|-weather|SunnyDay|[upkeep]\n|-sideend|p1: henitusec|move: Light Screen\n|upkeep\n|turn|8\n|\n|t:|1776196568\n|move|p1a: Gardevoir|Psychic|p2a: Torkoal\n|-damage|p2a: Torkoal|0 fnt\n|faint|p2a: Torkoal\n|\n|win|henitusec\n|raw|henitusec's rating: 1052 &rarr; <strong>1079</strong><br />(+27 for winning)\n|raw|Blooddemo's rating: 1000 &rarr; <strong>1000</strong><br />(+0 for losing)\n",
  "uploadtime": 1776196570,
  "views": 17,
  "formatid": "gen9championsvgc2026regma",
  "rating": 1000,
  "private": 0,
  "password": null
}