{
  "id": "gen9championsvgc2026regma-2588720974",
  "format": "[Gen 9 Champions] VGC 2026 Reg M-A",
  "players": [
    "BIGFISHFISHH",
    "Keshari"
  ],
  "log": "|j|\u2606BIGFISHFISHH\n|j|\u2606Keshari\n|t:|1776661883\n|gametype|doubles\n|player|p1|BIGFISHFISHH|swimmer|1093\n|player|p2|Keshari|cynthia-gen4|1123\n|gen|9\n|tier|[Gen 9 Champions] VGC 2026 Reg M-A\n|rated|\n|rule|Species Clause: Limit one of each Pok\u00e9mon\n|rule|Item Clause: Limit 1 of each item\n|clearpoke\n|poke|p1|Pelipper, L50, M|\n|poke|p1|Basculegion, L50, M, shiny|\n|poke|p1|Archaludon, L50, M|\n|poke|p1|Rotom-Heat, L50|\n|poke|p1|Dragonite, L50, M|\n|poke|p1|Sneasler, L50, F|\n|poke|p2|Dragonite, L50, M|\n|poke|p2|Pelipper, L50, F|\n|poke|p2|Palafin, L50, M|\n|poke|p2|Sneasler, L50, M|\n|poke|p2|Basculegion, L50, M|\n|poke|p2|Sableye, L50, F|\n|teampreview|4\n|c|\u2606BIGFISHFISHH|so we bringing my rain or your rain\n|inactive|Battle timer is ON: inactive players will automatically lose when time's up. (requested by BIGFISHFISHH)\n|\n|t:|1776661952\n|teamsize|p1|4\n|teamsize|p2|4\n|start\n|switch|p1a: Archaludon|Archaludon, L50, M|100/100\n|switch|p1b: Rotom|Rotom-Heat, L50|100/100\n|switch|p2a: Dragonite|Dragonite, L50, M|100/100\n|switch|p2b: Pelipper|Pelipper, L50, F|100/100\n|-weather|RainDance|[from] ability: Drizzle|[of] p2b: Pelipper\n|turn|1\n|inactive|BIGFISHFISHH has 30 seconds left.\n|inactive|Keshari has 30 seconds left.\n|c|\u2606BIGFISHFISHH|yours? got it\n|inactive|Keshari has 20 seconds left.\n|inactive|Keshari has 15 seconds left.\n|inactive|Keshari has 10 seconds left.\n|\n|t:|1776662002\n|detailschange|p2a: Dragonite|Dragonite-Mega, L50, M\n|-mega|p2a: Dragonite|Dragonite|Dragoninite\n|move|p2a: Dragonite|Draco Meteor|p1a: Archaludon\n|-damage|p1a: Archaludon|33/100\n|-unboost|p2a: Dragonite|spa|2\n|-ability|p1a: Archaludon|Stamina|boost\n|-boost|p1a: Archaludon|def|1\n|-enditem|p1a: Archaludon|Sitrus Berry|[eat]\n|-heal|p1a: Archaludon|58/100|[from] item: Sitrus Berry\n|move|p1b: Rotom|Thunder|p2b: Pelipper\n|-supereffective|p2b: Pelipper|2\n|-enditem|p2b: Pelipper|Focus Sash\n|-damage|p2b: Pelipper|1/100\n|move|p2b: Pelipper|Tailwind|p2b: Pelipper\n|-sidestart|p2: Keshari|move: Tailwind\n|move|p1a: Archaludon|Dragon Pulse|p2a: Dragonite\n|-supereffective|p2a: Dragonite|1\n|-damage|p2a: Dragonite|70/100\n|\n|-weather|RainDance|[upkeep]\n|upkeep\n|turn|2\n|inactive|BIGFISHFISHH has 30 seconds left.\n|inactive|Keshari has 30 seconds left.\n|inactive|BIGFISHFISHH has 20 seconds left.\n|inactive|BIGFISHFISHH has 15 seconds left.\n|inactive|Keshari has 20 seconds left.\n|inactive|BIGFISHFISHH has 10 seconds left.\n|inactive|Keshari has 15 seconds left.\n|\n|t:|1776662048\n|switch|p2a: Basculegion|Basculegion, L50, M|100/100\n|switch|p2b: Palafin|Palafin, L50, M|100/100\n|move|p1b: Rotom|Protect|p1b: Rotom\n|-singleturn|p1b: Rotom|Protect\n|move|p1a: Archaludon|Dragon Pulse|p2a: Basculegion\n|-crit|p2a: Basculegion\n|-damage|p2a: Basculegion|40/100\n|\n|-weather|RainDance|[upkeep]\n|-heal|p2a: Basculegion|46/100|[from] item: Leftovers\n|upkeep\n|turn|3\n|inactive|BIGFISHFISHH has 30 seconds left.\n|inactive|Keshari has 30 seconds left.\n|inactive|Keshari has 20 seconds left.\n|\n|t:|1776662088\n|detailschange|p2b: Palafin|Palafin-Hero, L50, M\n|switch|p2b: Dragonite|Dragonite-Mega, L50, M|70/100\n|move|p2a: Basculegion|Waterfall|p1b: Rotom\n|-supereffective|p1b: Rotom|1\n|-damage|p1b: Rotom|0 fnt\n|faint|p1b: Rotom\n|move|p1a: Archaludon|Electro Shot||[still]\n|-prepare|p1a: Archaludon|Electro Shot\n|-boost|p1a: Archaludon|spa|1\n|-anim|p1a: Archaludon|Electro Shot|p2b: Dragonite\n|-damage|p2b: Dragonite|19/100\n|\n|-weather|RainDance|[upkeep]\n|-heal|p2a: Basculegion|52/100|[from] item: Leftovers\n|upkeep\n|\n|t:|1776662106\n|switch|p1b: Basculegion|Basculegion, L50, M, shiny|100/100\n|turn|4\n|inactive|Keshari has 30 seconds left.\n|inactive|Keshari has 20 seconds left.\n|inactive|Keshari has 15 seconds left.\n|\n|t:|1776662149\n|move|p2a: Basculegion|Last Respects|p1b: Basculegion\n|-supereffective|p1b: Basculegion|1\n|-damage|p1b: Basculegion|26/100\n|move|p2b: Dragonite|Draco Meteor|p1a: Archaludon\n|-damage|p1a: Archaludon|0 fnt\n|-unboost|p2b: Dragonite|spa|2\n|faint|p1a: Archaludon\n|move|p1b: Basculegion|Last Respects|p2a: Basculegion\n|-supereffective|p2a: Basculegion|1\n|-damage|p2a: Basculegion|0 fnt\n|faint|p2a: Basculegion\n|\n|-weather|RainDance|[upkeep]\n|-sideend|p2: Keshari|move: Tailwind\n|upkeep\n|\n|t:|1776662169\n|switch|p2a: Pelipper|Pelipper, L50, F|1/100\n|switch|p1a: Dragonite|Dragonite, L50, M|100/100\n|turn|5\n|inactive|Keshari has 30 seconds left.\n|inactive|BIGFISHFISHH has 30 seconds left.\n|inactive|Keshari has 20 seconds left.\n|inactive|Keshari has 15 seconds left.\n|\n|t:|1776662210\n|switch|p2a: Palafin|Palafin-Hero, L50, M|100/100\n|-activate|p2a: Palafin|ability: Zero to Hero\n|move|p1b: Basculegion|Aqua Jet|p2a: Palafin\n|-resisted|p2a: Palafin|1\n|-damage|p2a: Palafin|86/100\n|move|p2b: Dragonite|Thunder|p1b: Basculegion\n|-supereffective|p1b: Basculegion|1\n|-damage|p1b: Basculegion|0 fnt\n|faint|p1b: Basculegion\n|move|p1a: Dragonite|Thunder|p2b: Dragonite\n|-damage|p2b: Dragonite|0 fnt\n|faint|p2b: Dragonite\n|\n|-weather|none\n|upkeep\n|\n|t:|1776662228\n|switch|p2b: Pelipper|Pelipper, L50, F|1/100\n|-weather|RainDance|[from] ability: Drizzle|[of] p2b: Pelipper\n|turn|6\n|inactive|Keshari has 30 seconds left.\n|\n|t:|1776662254\n|move|p2a: Palafin|Close Combat|p1a: Dragonite\n|-resisted|p1a: Dragonite|1\n|-damage|p1a: Dragonite|78/100\n|-unboost|p2a: Palafin|def|1\n|-unboost|p2a: Palafin|spd|1\n|move|p2b: Pelipper|Icy Wind|p1a: Dragonite\n|-supereffective|p1a: Dragonite|2\n|-damage|p1a: Dragonite|17/100\n|-unboost|p1a: Dragonite|spe|1\n|move|p1a: Dragonite|Thunder|p2a: Palafin\n|-supereffective|p2a: Palafin|1\n|-damage|p2a: Palafin|0 fnt\n|faint|p2a: Palafin\n|\n|-weather|RainDance|[upkeep]\n|upkeep\n|turn|7\n|inactive|BIGFISHFISHH has 30 seconds left.\n|\n|t:|1776662282\n|move|p1a: Dragonite|Protect|p1a: Dragonite\n|-singleturn|p1a: Dragonite|Protect\n|move|p2b: Pelipper|Icy Wind|p1a: Dragonite\n|-activate|p1a: Dragonite|move: Protect\n|\n|-weather|RainDance|[upkeep]\n|upkeep\n|turn|8\n|\n|t:|1776662291\n|detailschange|p1a: Dragonite|Dragonite-Mega, L50, M\n|-mega|p1a: Dragonite|Dragonite|Dragoninite\n|move|p2b: Pelipper|Icy Wind|p1a: Dragonite\n|-supereffective|p1a: Dragonite|2\n|-damage|p1a: Dragonite|0 fnt\n|faint|p1a: Dragonite\n|\n|win|Keshari\n|raw|BIGFISHFISHH's rating: 1093 &rarr; <strong>1071</strong><br />(-22 for losing)\n|raw|Keshari's rating: 1123 &rarr; <strong>1146</strong><br />(+23 for winning)\n|l|\u2606BIGFISHFISHH\n|player|p1|\n|c|\u2606Keshari|Gg\n",
  "uploadtime": 1776662315,
  "views": 30,
  "formatid": "gen9championsvgc2026regma",
  "rating": 1071,
  "private": 0,
  "password": null
}