{
  "id": "gen9championsvgc2026regma-2583514653",
  "format": "[Gen 9 Champions] VGC 2026 Reg M-A",
  "players": [
    "cotton in my mouth",
    "LILSCOTTY11"
  ],
  "log": "|j|\u2606cotton in my mouth\n|j|\u2606LILSCOTTY11\n|t:|1776180482\n|gametype|doubles\n|player|p1|cotton in my mouth|lacey|1102\n|player|p2|LILSCOTTY11|170|1175\n|gen|9\n|tier|[Gen 9 Champions] VGC 2026 Reg M-A\n|rated|\n|rule|Species Clause: Limit one of each Pok\u00e9mon\n|rule|Item Clause: Limit 1 of each item\n|clearpoke\n|poke|p1|Froslass, L50, F|\n|poke|p1|Sinistcha, L50|\n|poke|p1|Rotom-Heat, L50|\n|poke|p1|Whimsicott, L50, F|\n|poke|p1|Milotic, L50, F|\n|poke|p1|Garchomp, L50, F|\n|poke|p2|Dragonite, L50, F|\n|poke|p2|Basculegion, L50, M|\n|poke|p2|Kingambit, L50, M|\n|poke|p2|Sneasler, L50, M|\n|poke|p2|Delphox, L50, M|\n|poke|p2|Clefable, L50, F|\n|teampreview|4\n|inactive|Battle timer is ON: inactive players will automatically lose when time's up. (requested by LILSCOTTY11)\n|c|\u2606LILSCOTTY11|GL\n|c|\u2606cotton in my mouth|glhf\n|inactive|cotton in my mouth has 60 seconds left.\n|\n|t:|1776180547\n|teamsize|p1|4\n|teamsize|p2|4\n|start\n|switch|p1a: Rotom|Rotom-Heat, L50|100/100\n|switch|p1b: Whimsicott|Whimsicott, L50, F, shiny|100/100\n|switch|p2a: Sneasler|Sneasler, L50, M|100/100\n|switch|p2b: Kingambit|Kingambit, L50, M|100/100\n|turn|1\n|inactive|cotton in my mouth has 30 seconds left.\n|\n|t:|1776180576\n|move|p2a: Sneasler|Fake Out|p1b: Whimsicott\n|-damage|p1b: Whimsicott|83/100\n|cant|p1b: Whimsicott|flinch\n|move|p1a: Rotom|Will-O-Wisp|p2b: Kingambit\n|-status|p2b: Kingambit|brn\n|move|p2b: Kingambit|Swords Dance|p2b: Kingambit\n|-boost|p2b: Kingambit|atk|2\n|\n|-damage|p2b: Kingambit|95/100 brn|[from] brn\n|upkeep\n|turn|2\n|\n|t:|1776180600\n|move|p1b: Whimsicott|Encore|p2a: Sneasler\n|-start|p2a: Sneasler|Encore\n|move|p2a: Sneasler|Fake Out||[still]\n|-hint|Fake Out only works on your first turn out.\n|-fail|p2a: Sneasler\n|move|p2b: Kingambit|Sucker Punch|p1a: Rotom\n|-damage|p1a: Rotom|51/100\n|move|p1a: Rotom|Overheat|p2b: Kingambit\n|-supereffective|p2b: Kingambit|1\n|-damage|p2b: Kingambit|0 fnt\n|-unboost|p1a: Rotom|spa|2\n|faint|p2b: Kingambit\n|\n|-heal|p1a: Rotom|57/100|[from] item: Leftovers\n|upkeep\n|\n|t:|1776180613\n|switch|p2b: Clefable|Clefable, L50, F|100/100\n|turn|3\n|\n|t:|1776180623\n|move|p1b: Whimsicott|Light Screen|p1b: Whimsicott\n|-sidestart|p1: cotton in my mouth|move: Light Screen\n|-activate|p2a: Sneasler|move: Struggle\n|move|p2a: Sneasler|Struggle|p1a: Rotom\n|-crit|p1a: Rotom\n|-damage|p1a: Rotom|29/100\n|-damage|p2a: Sneasler|75/100|[from] recoil\n|move|p1a: Rotom|Volt Switch|p2b: Clefable\n|-damage|p2b: Clefable|72/100\n|\n|t:|1776180630\n|switch|p1a: Froslass|Froslass, L50, F, shiny|100/100|[from] Volt Switch\n|move|p2b: Clefable|Moonblast|p1b: Whimsicott\n|-damage|p1b: Whimsicott|47/100\n|\n|upkeep\n|turn|4\n|\n|t:|1776180653\n|detailschange|p1a: Froslass|Froslass-Mega, L50, F, shiny\n|-mega|p1a: Froslass|Froslass|Froslassite\n|-weather|Snowscape|[from] ability: Snow Warning|[of] p1a: Froslass\n|move|p1b: Whimsicott|Tailwind|p1b: Whimsicott\n|-sidestart|p1: cotton in my mouth|move: Tailwind\n|move|p1a: Froslass|Nasty Plot|p1a: Froslass\n|-boost|p1a: Froslass|spa|2\n|-activate|p2a: Sneasler|move: Struggle\n|move|p2a: Sneasler|Struggle|p1b: Whimsicott\n|-damage|p1b: Whimsicott|28/100\n|-damage|p2a: Sneasler|50/100|[from] recoil\n|move|p2b: Clefable|Moonblast|p1a: Froslass\n|-damage|p1a: Froslass|72/100\n|\n|-weather|Snowscape|[upkeep]\n|-end|p2a: Sneasler|Encore\n|upkeep\n|turn|5\n|\n|t:|1776180676\n|switch|p1b: Rotom|Rotom-Heat, L50|29/100\n|move|p2b: Clefable|Follow Me|p2b: Clefable\n|-singleturn|p2b: Clefable|move: Follow Me\n|move|p1a: Froslass|Blizzard|p2b: Clefable|[spread] p2a,p2b\n|-damage|p2a: Sneasler|0 fnt\n|-damage|p2b: Clefable|25/100\n|-enditem|p2b: Clefable|Sitrus Berry|[eat]\n|-heal|p2b: Clefable|50/100|[from] item: Sitrus Berry\n|faint|p2a: Sneasler\n|\n|-weather|Snowscape|[upkeep]\n|-heal|p1b: Rotom|35/100|[from] item: Leftovers\n|upkeep\n|\n|t:|1776180688\n|switch|p2a: Delphox|Delphox, L50, M|100/100\n|turn|6\n|\n|t:|1776180699\n|detailschange|p2a: Delphox|Delphox-Mega, L50, M\n|-mega|p2a: Delphox|Delphox|Delphoxite\n|move|p2b: Clefable|Helping Hand|p2a: Delphox\n|-singleturn|p2a: Delphox|Helping Hand|[of] p2b: Clefable\n|move|p1a: Froslass|Protect|p1a: Froslass\n|-singleturn|p1a: Froslass|Protect\n|move|p1b: Rotom|Overheat|p2b: Clefable\n|-damage|p2b: Clefable|0 fnt\n|-unboost|p1b: Rotom|spa|2\n|faint|p2b: Clefable\n|move|p2a: Delphox|Heat Wave|p1a: Froslass|[spread] p1b\n|-activate|p1a: Froslass|move: Protect\n|-resisted|p1b: Rotom|1\n|-damage|p1b: Rotom|10/100\n|\n|-weather|Snowscape|[upkeep]\n|-heal|p1b: Rotom|16/100|[from] item: Leftovers\n|upkeep\n|turn|7\n|\n|t:|1776180716\n|move|p2a: Delphox|Protect|p2a: Delphox\n|-singleturn|p2a: Delphox|Protect\n|move|p1a: Froslass|Shadow Ball|p2a: Delphox\n|-activate|p2a: Delphox|move: Protect\n|move|p1b: Rotom|Volt Switch|p2a: Delphox\n|-activate|p2a: Delphox|move: Protect\n|\n|-weather|Snowscape|[upkeep]\n|-heal|p1b: Rotom|22/100|[from] item: Leftovers\n|-sideend|p1: cotton in my mouth|move: Light Screen\n|-sideend|p1: cotton in my mouth|move: Tailwind\n|upkeep\n|turn|8\n|\n|t:|1776180728\n|move|p1a: Froslass|Protect|p1a: Froslass\n|-singleturn|p1a: Froslass|Protect\n|move|p2a: Delphox|Heat Wave|p1a: Froslass|[spread] p1b\n|-activate|p1a: Froslass|move: Protect\n|-resisted|p1b: Rotom|1\n|-damage|p1b: Rotom|0 fnt\n|faint|p1b: Rotom\n|\n|-weather|none\n|upkeep\n|\n|t:|1776180734\n|switch|p1b: Whimsicott|Whimsicott, L50, F, shiny|28/100\n|turn|9\n|\n|t:|1776180738\n|move|p1b: Whimsicott|Tailwind|p1b: Whimsicott\n|-sidestart|p1: cotton in my mouth|move: Tailwind\n|move|p1a: Froslass|Shadow Ball|p2a: Delphox\n|-supereffective|p2a: Delphox|1\n|-damage|p2a: Delphox|0 fnt\n|faint|p2a: Delphox\n|\n|win|cotton in my mouth\n|raw|cotton in my mouth's rating: 1102 &rarr; <strong>1132</strong><br />(+30 for winning)\n|raw|LILSCOTTY11's rating: 1175 &rarr; <strong>1145</strong><br />(-30 for losing)\n",
  "uploadtime": 1776180743,
  "views": 15,
  "formatid": "gen9championsvgc2026regma",
  "rating": 1132,
  "private": 0,
  "password": null
}