{
  "id": "gen9championsvgc2026regma-2587084037",
  "format": "[Gen 9 Champions] VGC 2026 Reg M-A",
  "players": [
    "revoltingtimes",
    "Elite Fource"
  ],
  "log": "|j|\u2606revoltingtimes\n|j|\u2606Elite Fource\n|t:|1776491164\n|gametype|doubles\n|player|p1|revoltingtimes|266|1062\n|player|p2|Elite Fource|infielder|1126\n|gen|9\n|tier|[Gen 9 Champions] VGC 2026 Reg M-A\n|rated|\n|rule|Species Clause: Limit one of each Pok\u00e9mon\n|rule|Item Clause: Limit 1 of each item\n|clearpoke\n|poke|p1|Rotom-Wash, L50|\n|poke|p1|Sinistcha, L50|\n|poke|p1|Incineroar, L50, F|\n|poke|p1|Garchomp, L50, M|\n|poke|p1|Sneasler, L50, F|\n|poke|p1|Floette-Eternal, L50, F|\n|poke|p2|Drampa, L50, F|\n|poke|p2|Milotic, L50, M|\n|poke|p2|Gallade, L50, M, shiny|\n|poke|p2|Emolga, L50, M|\n|poke|p2|Volcarona, L50, F|\n|poke|p2|Corviknight, L50, M, shiny|\n|teampreview|4\n|inactive|Battle timer is ON: inactive players will automatically lose when time's up. (requested by Elite Fource)\n|inactive|Elite Fource has 60 seconds left.\n|inactive|revoltingtimes has 60 seconds left.\nElite Fource has agreed to open team sheets.\n|\n|t:|1776491208\n|teamsize|p1|4\n|teamsize|p2|4\n|start\n|switch|p1a: Incineroar|Incineroar, L50, F|100/100\n|switch|p1b: Sneasler|Sneasler, L50, F|100/100\n|switch|p2a: elbow|Gallade, L50, M, shiny|100/100\n|switch|p2b: rayquales|Milotic, L50, M|100/100\n|-ability|p1a: Incineroar|Intimidate|boost\n|-unboost|p2a: elbow|atk|1\n|-unboost|p2b: rayquales|atk|1\n|-ability|p2b: rayquales|Competitive|boost\n|-boost|p2b: rayquales|spa|2\n|turn|1\n|inactive|Elite Fource has 30 seconds left.\n|\n|t:|1776491240\n|move|p2b: rayquales|Protect|p2b: rayquales\n|-singleturn|p2b: rayquales|Protect\n|move|p1b: Sneasler|Fake Out|p2b: rayquales\n|-activate|p2b: rayquales|move: Protect\n|move|p1a: Incineroar|Fake Out|p2a: elbow\n|-damage|p2a: elbow|81/100\n|cant|p2a: elbow|flinch\n|\n|upkeep\n|turn|2\n|inactive|revoltingtimes has 30 seconds left.\n|\n|t:|1776491268\n|move|p2a: elbow|Psycho Cut|p1b: Sneasler\n|-supereffective|p1b: Sneasler|2\n|-damage|p1b: Sneasler|0 fnt\n|faint|p1b: Sneasler\n|move|p1a: Incineroar|Flare Blitz|p2a: elbow\n|-damage|p2a: elbow|5/100\n|-damage|p1a: Incineroar|83/100|[from] Recoil\n|move|p2b: rayquales|Dragon Tail|p1a: Incineroar\n|-damage|p1a: Incineroar|77/100\n|drag|p1a: Sinistcha|Sinistcha, L50|100/100\n|\n|upkeep\n|\n|t:|1776491283\n|switch|p1b: Incineroar|Incineroar, L50, F|77/100\n|-ability|p1b: Incineroar|Intimidate|boost\n|-unboost|p2a: elbow|atk|1\n|-unboost|p2b: rayquales|atk|1\n|-ability|p2b: rayquales|Competitive|boost\n|-boost|p2b: rayquales|spa|2\n|turn|3\n|\n|t:|1776491305\n|switch|p2a: hahaha yes|Emolga, L50, M|100/100\n|switch|p2b: Rayquazle|Drampa, L50, F|100/100\n|move|p1b: Incineroar|Fake Out|p2b: Rayquazle\n|-damage|p2b: Rayquazle|90/100\n|move|p1a: Sinistcha|Matcha Gotcha|p2a: hahaha yes|[spread] p2a\n|-ability|p2b: Rayquazle|Sap Sipper|boost\n|-boost|p2b: Rayquazle|atk|1\n|-resisted|p2a: hahaha yes|1\n|-damage|p2a: hahaha yes|76/100\n|\n|-heal|p1b: Incineroar|83/100|[from] item: Leftovers\n|upkeep\n|turn|4\n|\n|t:|1776491330\n|switch|p1a: Garchomp|Garchomp, L50, M|100/100\n|move|p2a: hahaha yes|Encore||[still]\n|-fail|p2a: hahaha yes\n|move|p1b: Incineroar|Taunt|p2a: hahaha yes\n|-start|p2a: hahaha yes|move: Taunt\n|move|p2b: Rayquazle|Calm Mind|p2b: Rayquazle\n|-boost|p2b: Rayquazle|spa|1\n|-boost|p2b: Rayquazle|spd|1\n|\n|-heal|p1b: Incineroar|89/100|[from] item: Leftovers\n|upkeep\n|turn|5\n|inactive|revoltingtimes has 30 seconds left.\n|inactive|Elite Fource has 30 seconds left.\n|\n|t:|1776491365\n|detailschange|p2b: Rayquazle|Drampa-Mega, L50, F\n|-mega|p2b: Rayquazle|Drampa|Drampanite\n|move|p1a: Garchomp|Rock Slide|p2a: hahaha yes|[spread] p2b\n|-miss|p1a: Garchomp|p2a: hahaha yes\n|-damage|p2b: Rayquazle|73/100\n|move|p2a: hahaha yes|Volt Switch|p1b: Incineroar\n|-damage|p1b: Incineroar|69/100\n|\n|t:|1776491374\n|switch|p2a: elbow|Gallade, L50, M, shiny|5/100|[from] Volt Switch\n|move|p1b: Incineroar|Parting Shot|p2b: Rayquazle\n|-unboost|p2b: Rayquazle|atk|1\n|-unboost|p2b: Rayquazle|spa|1\n|\n|t:|1776491381\n|switch|p1b: Sinistcha|Sinistcha, L50|100/100|[from] Parting Shot\n|move|p2b: Rayquazle|Ice Beam|p1a: Garchomp\n|-supereffective|p1a: Garchomp|2\n|-damage|p1a: Garchomp|0 fnt\n|faint|p1a: Garchomp\n|\n|upkeep\n|\n|t:|1776491388\n|switch|p1a: Incineroar|Incineroar, L50, F|69/100\n|-ability|p1a: Incineroar|Intimidate|boost\n|-unboost|p2a: elbow|atk|1\n|-unboost|p2b: Rayquazle|atk|1\n|turn|6\n|\n|t:|1776491406\n|switch|p2a: hahaha yes|Emolga, L50, M|76/100\n|move|p1a: Incineroar|Fake Out|p2b: Rayquazle\n|-damage|p2b: Rayquazle|65/100\n|move|p1b: Sinistcha|Matcha Gotcha|p2b: Rayquazle|[spread] p2a,p2b\n|-resisted|p2a: hahaha yes|1\n|-resisted|p2b: Rayquazle|1\n|-crit|p2b: Rayquazle\n|-damage|p2a: hahaha yes|52/100\n|-damage|p2b: Rayquazle|50/100\n|-status|p2a: hahaha yes|brn\n|-status|p2b: Rayquazle|brn\n|-ability|p2b: Rayquazle|Berserk|boost\n|-boost|p2b: Rayquazle|spa|1\n|cant|p2b: Rayquazle|flinch\n|\n|-heal|p1a: Incineroar|75/100|[from] item: Leftovers\n|-damage|p2a: hahaha yes|46/100 brn|[from] brn\n|-damage|p2b: Rayquazle|44/100 brn|[from] brn\n|upkeep\n|-enditem|p2a: hahaha yes|Sitrus Berry|[eat]\n|-heal|p2a: hahaha yes|70/100 brn|[from] item: Sitrus Berry\n|turn|7\n|inactive|revoltingtimes has 30 seconds left.\n|inactive|Elite Fource has 30 seconds left.\n|inactive|revoltingtimes has 20 seconds left.\n|inactive|revoltingtimes has 15 seconds left.\n|\n|t:|1776491449\n|move|p2a: hahaha yes|Encore|p1a: Incineroar\n|-start|p1a: Incineroar|Encore\n|move|p1a: Incineroar|Fake Out||[still]\n|-hint|Fake Out only works on your first turn out.\n|-fail|p1a: Incineroar\n|move|p1b: Sinistcha|Strength Sap|p2b: Rayquazle\n|-unboost|p2b: Rayquazle|atk|1\n|move|p2b: Rayquazle|Roost|p2b: Rayquazle\n|-heal|p2b: Rayquazle|94/100 brn\n|-singleturn|p2b: Rayquazle|move: Roost\n|\n|-heal|p1a: Incineroar|81/100|[from] item: Leftovers\n|-damage|p2a: hahaha yes|64/100 brn|[from] brn\n|-damage|p2b: Rayquazle|88/100 brn|[from] brn\n|upkeep\n|turn|8\n|\n|t:|1776491469\n|move|p2a: hahaha yes|Encore|p1b: Sinistcha\n|-start|p1b: Sinistcha|Encore\n|move|p1b: Sinistcha|Strength Sap|p2a: hahaha yes\n|-unboost|p2a: hahaha yes|atk|1\n|-activate|p1a: Incineroar|move: Struggle\n|move|p1a: Incineroar|Struggle|p2b: Rayquazle\n|-damage|p2b: Rayquazle|77/100 brn\n|-damage|p1a: Incineroar|56/100|[from] recoil\n|move|p2b: Rayquazle|Calm Mind|p2b: Rayquazle\n|-boost|p2b: Rayquazle|spa|1\n|-boost|p2b: Rayquazle|spd|1\n|\n|-heal|p1a: Incineroar|62/100|[from] item: Leftovers\n|-damage|p2a: hahaha yes|58/100 brn|[from] brn\n|-damage|p2b: Rayquazle|71/100 brn|[from] brn\n|upkeep\n|turn|9\n|\n|t:|1776491489\n|move|p2a: hahaha yes|Discharge|p1a: Incineroar|[spread] p2b,p1a,p1b\n|-resisted|p2b: Rayquazle|1\n|-resisted|p1b: Sinistcha|1\n|-damage|p2b: Rayquazle|66/100 brn\n|-damage|p1a: Incineroar|44/100\n|-damage|p1b: Sinistcha|88/100\n|move|p1b: Sinistcha|Strength Sap|p2a: hahaha yes\n|-unboost|p2a: hahaha yes|atk|1\n|-heal|p1b: Sinistcha|100/100\n|-activate|p1a: Incineroar|move: Struggle\n|move|p1a: Incineroar|Struggle|p2a: hahaha yes\n|-damage|p2a: hahaha yes|33/100 brn\n|-damage|p1a: Incineroar|18/100|[from] recoil\n|move|p2b: Rayquazle|Hyper Voice|p1b: Sinistcha|[spread] p1a\n|-immune|p1b: Sinistcha\n|-damage|p1a: Incineroar|0 fnt\n|faint|p1a: Incineroar\n|\n|-damage|p2a: hahaha yes|27/100 brn|[from] brn\n|-damage|p2b: Rayquazle|60/100 brn|[from] brn\n|upkeep\n|turn|10\n|c|\u2606Elite Fource|*claps irl*\n|c|\u2606Elite Fource|keep it goin\n|\n|t:|1776491508\n|move|p2a: hahaha yes|Discharge|p1b: Sinistcha|[spread] p2b,p1b\n|-resisted|p2b: Rayquazle|1\n|-resisted|p1b: Sinistcha|1\n|-damage|p2b: Rayquazle|56/100 brn\n|-damage|p1b: Sinistcha|87/100\n|move|p1b: Sinistcha|Strength Sap|p2a: hahaha yes\n|-unboost|p2a: hahaha yes|atk|1\n|-heal|p1b: Sinistcha|100/100\n|move|p2b: Rayquazle|Calm Mind|p2b: Rayquazle\n|-boost|p2b: Rayquazle|spa|1\n|-boost|p2b: Rayquazle|spd|1\n|\n|-damage|p2a: hahaha yes|20/100 brn|[from] brn\n|-damage|p2b: Rayquazle|50/100 brn|[from] brn\n|-end|p1b: Sinistcha|Encore\n|upkeep\n|turn|11\n|\n|t:|1776491523\n|move|p2a: hahaha yes|Encore|p1b: Sinistcha\n|-start|p1b: Sinistcha|Encore\n|move|p1b: Sinistcha|Strength Sap|p2a: hahaha yes\n|-unboost|p2a: hahaha yes|atk|1\n|move|p2b: Rayquazle|Roost|p2b: Rayquazle\n|-heal|p2b: Rayquazle|99/100 brn\n|-singleturn|p2b: Rayquazle|move: Roost\n|\n|-damage|p2a: hahaha yes|14/100 brn|[from] brn\n|-damage|p2b: Rayquazle|94/100 brn|[from] brn\n|upkeep\n|turn|12\n|-message|revoltingtimes forfeited.\n|\n|win|Elite Fource\n|raw|revoltingtimes's rating: 1062 &rarr; <strong>1046</strong><br />(-16 for losing)\n|raw|Elite Fource's rating: 1126 &rarr; <strong>1146</strong><br />(+20 for winning)\n|l|\u2606revoltingtimes\n|player|p1|\n",
  "uploadtime": 1776491533,
  "views": 46,
  "formatid": "gen9championsvgc2026regma",
  "rating": 1046,
  "private": 0,
  "password": null
}