{
  "id": "gen9championsvgc2026regma-2588529811",
  "format": "[Gen 9 Champions] VGC 2026 Reg M-A",
  "players": [
    "Where Is My Router",
    "peebeegeebee"
  ],
  "log": "|j|\u2606Where Is My Router\n|j|\u2606peebeegeebee\n|t:|1776642047\n|gametype|doubles\n|player|p1|Where Is My Router|giovanni|1108\n|player|p2|peebeegeebee|scientist-gen4|1086\n|gen|9\n|tier|[Gen 9 Champions] VGC 2026 Reg M-A\n|rated|\n|rule|Species Clause: Limit one of each Pok\u00e9mon\n|rule|Item Clause: Limit 1 of each item\n|clearpoke\n|poke|p1|Golurk, L50|\n|poke|p1|Mimikyu, L50, F|\n|poke|p1|Basculegion, L50, M|\n|poke|p1|Spiritomb, L50, F|\n|poke|p1|Sinistcha-Masterpiece, L50|\n|poke|p1|Zoroark-Hisui, L50, M|\n|poke|p2|Crabominable, L50, F|\n|poke|p2|Slowking-Galar, L50, F|\n|poke|p2|Goodra-Hisui, L50, M|\n|poke|p2|Skeledirge, L50, M|\n|poke|p2|Palafin, L50, M|\n|poke|p2|Rotom-Frost, L50|\n|teampreview|4\n|\n|t:|1776642078\n|teamsize|p1|4\n|teamsize|p2|4\n|start\n|switch|p1a: Atlas|Golurk, L50|100/100\n|switch|p1b: Holly|Mimikyu, L50, F|100/100\n|switch|p2a: Slowking|Slowking-Galar, L50, F|100/100\n|switch|p2b: Palafin|Palafin, L50, M|100/100\n|turn|1\n|\n|t:|1776642100\n|detailschange|p1a: Atlas|Golurk-Mega, L50\n|-mega|p1a: Atlas|Golurk|Golurkite\n|move|p2b: Palafin|Flip Turn|p1a: Atlas\n|-supereffective|p1a: Atlas|1\n|-damage|p1a: Atlas|51/100\n|\n|t:|1776642105\n|detailschange|p2b: Palafin|Palafin-Hero, L50, M\n|switch|p2b: Crabominable|Crabominable, L50, F|100/100|[from] Flip Turn\n|move|p1b: Holly|Will-O-Wisp|p2b: Crabominable\n|-status|p2b: Crabominable|brn\n|move|p1a: Atlas|Headlong Rush|p2a: Slowking\n|-supereffective|p2a: Slowking|1\n|-damage|p2a: Slowking|0 fnt\n|-unboost|p1a: Atlas|def|1\n|-unboost|p1a: Atlas|spd|1\n|faint|p2a: Slowking\n|\n|-damage|p2b: Crabominable|95/100 brn|[from] brn\n|upkeep\n|\n|t:|1776642110\n|switch|p2a: Palafin|Palafin-Hero, L50, M|100/100\n|-activate|p2a: Palafin|ability: Zero to Hero\n|turn|2\n|\n|t:|1776642128\n|switch|p1b: Brewdew|Sinistcha-Masterpiece, L50|100/100\n|-heal|p1a: Atlas|76/100|[from] ability: Hospitality|[of] p1b: Brewdew\n|detailschange|p2b: Crabominable|Crabominable-Mega, L50, F\n|-mega|p2b: Crabominable|Crabominable|Crabominite\n|move|p1a: Atlas|Protect|p1a: Atlas\n|-singleturn|p1a: Atlas|Protect\n|move|p2a: Palafin|Jet Punch|p1a: Atlas\n|-activate|p1a: Atlas|move: Protect\n|move|p2b: Crabominable|Bulk Up|p2b: Crabominable\n|-boost|p2b: Crabominable|atk|1\n|-boost|p2b: Crabominable|def|1\n|\n|-damage|p2b: Crabominable|89/100 brn|[from] brn\n|upkeep\n|turn|3\n|\n|t:|1776642148\n|move|p1b: Brewdew|Rage Powder|p1b: Brewdew\n|-singleturn|p1b: Brewdew|move: Rage Powder\n|move|p2a: Palafin|Jet Punch|p1b: Brewdew\n|-resisted|p1b: Brewdew|1\n|-damage|p1b: Brewdew|80/100\n|move|p1a: Atlas|Close Combat|p2b: Crabominable\n|-supereffective|p2b: Crabominable|1\n|-damage|p2b: Crabominable|38/100 brn\n|-unboost|p1a: Atlas|def|1\n|-unboost|p1a: Atlas|spd|1\n|move|p2b: Crabominable|Ice Hammer|p1b: Brewdew\n|-supereffective|p1b: Brewdew|1\n|-damage|p1b: Brewdew|0 fnt\n|-unboost|p2b: Crabominable|spe|1\n|faint|p1b: Brewdew\n|\n|-damage|p2b: Crabominable|32/100 brn|[from] brn\n|upkeep\n|\n|t:|1776642167\n|switch|p1b: Holly|Mimikyu, L50, F|100/100\n|turn|4\n|\n|t:|1776642180\n|move|p1a: Atlas|Protect|p1a: Atlas\n|-singleturn|p1a: Atlas|Protect\n|move|p2a: Palafin|Jet Punch|p1b: Holly\n|-activate|p1b: Holly|ability: Disguise\n|-damage|p1b: Holly|100/100\n|detailschange|p1b: Holly|Mimikyu-Busted, L50, F\n|-damage|p1b: Holly|88/100|[from] pokemon: Mimikyu-Busted\n|move|p1b: Holly|Will-O-Wisp|p2a: Palafin\n|-status|p2a: Palafin|brn\n|move|p2b: Crabominable|Ice Hammer|p1a: Atlas\n|-activate|p1a: Atlas|move: Protect\n|\n|-damage|p2a: Palafin|94/100 brn|[from] brn\n|-damage|p2b: Crabominable|26/100 brn|[from] brn\n|upkeep\n|turn|5\n|\n|t:|1776642201\n|move|p2a: Palafin|Jet Punch|p1a: Atlas\n|-supereffective|p1a: Atlas|1\n|-crit|p1a: Atlas\n|-damage|p1a: Atlas|0 fnt\n|faint|p1a: Atlas\n|move|p1b: Holly|Play Rough|p2a: Palafin\n|-damage|p2a: Palafin|55/100 brn\n|move|p2b: Crabominable|Ice Hammer|p1b: Holly\n|-damage|p1b: Holly|10/100\n|-unboost|p2b: Crabominable|spe|1\n|\n|-damage|p2a: Palafin|49/100 brn|[from] brn\n|-damage|p2b: Crabominable|20/100 brn|[from] brn\n|upkeep\n|\n|t:|1776642215\n|switch|p1a: Karonte|Basculegion, L50, M|100/100\n|turn|6\n|\n|t:|1776642226\n|move|p2a: Palafin|Jet Punch|p1b: Holly\n|-crit|p1b: Holly\n|-damage|p1b: Holly|0 fnt\n|faint|p1b: Holly\n|move|p1a: Karonte|Last Respects|p2a: Palafin\n|-damage|p2a: Palafin|0 fnt\n|faint|p2a: Palafin\n|move|p2b: Crabominable|Ice Hammer|p1a: Karonte\n|-resisted|p1a: Karonte|1\n|-damage|p1a: Karonte|69/100\n|-unboost|p2b: Crabominable|spe|1\n|\n|-damage|p2b: Crabominable|14/100 brn|[from] brn\n|upkeep\n|\n|t:|1776642228\n|switch|p2a: Goodra|Goodra-Hisui, L50, M|100/100\n|turn|7\n|\n|t:|1776642242\n|move|p1a: Karonte|Last Respects|p2a: Goodra\n|-damage|p2a: Goodra|0 fnt\n|faint|p2a: Goodra\n|move|p2b: Crabominable|Ice Hammer|p1a: Karonte\n|-resisted|p1a: Karonte|1\n|-damage|p1a: Karonte|37/100\n|-unboost|p2b: Crabominable|spe|1\n|\n|-damage|p2b: Crabominable|8/100 brn|[from] brn\n|upkeep\n|turn|8\n|c|\u2606Where Is My Router|Gg\n|inactive|Battle timer is ON: inactive players will automatically lose when time's up. (requested by Where Is My Router)\n|inactive|peebeegeebee has 60 seconds left.\n|\n|t:|1776642326\n|move|p1a: Karonte|Last Respects|p2b: Crabominable\n|-damage|p2b: Crabominable|0 fnt\n|faint|p2b: Crabominable\n|\n|win|Where Is My Router\n|raw|Where Is My Router's rating: 1108 &rarr; <strong>1131</strong><br />(+23 for winning)\n|raw|peebeegeebee's rating: 1086 &rarr; <strong>1065</strong><br />(-21 for losing)\n|c|\u2606peebeegeebee|gg\n",
  "uploadtime": 1776642335,
  "views": 22,
  "formatid": "gen9championsvgc2026regma",
  "rating": 1065,
  "private": 0,
  "password": null
}