{
  "id": "gen9championsvgc2026regma-2581928707",
  "format": "[Gen 9 Champions] VGC 2026 Reg M-A",
  "players": [
    "streetledeetledoo",
    "pasaelsol"
  ],
  "log": "|j|\u2606streetledeetledoo\n|j|\u2606pasaelsol\n|t:|1776040595\n|gametype|doubles\n|player|p1|streetledeetledoo|dancer|1022\n|player|p2|pasaelsol|picnicker|1041\n|gen|9\n|tier|[Gen 9 Champions] VGC 2026 Reg M-A\n|rated|\n|rule|Species Clause: Limit one of each Pok\u00e9mon\n|rule|Item Clause: Limit 1 of each item\n|clearpoke\n|poke|p1|Torkoal, L50, M|\n|poke|p1|Charizard, L50, F|\n|poke|p1|Maushold-Four, L50|\n|poke|p1|Venusaur, L50, M|\n|poke|p1|Kingambit, L50, M|\n|poke|p1|Dragonite, L50, F|\n|poke|p2|Sableye, L50, F|\n|poke|p2|Garchomp, L50, M|\n|poke|p2|Sinistcha, L50|\n|poke|p2|Rotom-Wash, L50|\n|poke|p2|Delphox, L50, M|\n|poke|p2|Diggersby, L50, M|\n|teampreview|4\n|\n|t:|1776040623\n|teamsize|p1|4\n|teamsize|p2|4\n|start\n|switch|p1a: Torkoal|Torkoal, L50, M|100/100\n|switch|p1b: Venusaur|Venusaur, L50, M|100/100\n|switch|p2a: Sableye|Sableye, L50, F|100/100\n|switch|p2b: Garchomp|Garchomp, L50, M|100/100\n|-weather|SunnyDay|[from] ability: Drought|[of] p1a: Torkoal\n|turn|1\n|\n|t:|1776040651\n|switch|p1a: Charizard|Charizard, L50, F|100/100\n|detailschange|p2b: Garchomp|Garchomp-Mega, L50, M\n|-mega|p2b: Garchomp|Garchomp|Garchompite\n|move|p2a: Sableye|Fake Out|p1a: Charizard\n|-damage|p1a: Charizard|90/100\n|move|p1b: Venusaur|Energy Ball|p2b: Garchomp\n|-damage|p2b: Garchomp|51/100\n|move|p2b: Garchomp|Earthquake|p1a: Charizard|[spread] p2a,p1b\n|-immune|p1a: Charizard\n|-damage|p2a: Sableye|24/100\n|-damage|p1b: Venusaur|29/100\n|-enditem|p2a: Sableye|Sitrus Berry|[eat]\n|-heal|p2a: Sableye|49/100|[from] item: Sitrus Berry\n|\n|-weather|SunnyDay|[upkeep]\n|upkeep\n|turn|2\n|\n|t:|1776040679\n|detailschange|p1a: Charizard|Charizard-Mega-Y, L50, F\n|-mega|p1a: Charizard|Charizard|Charizardite Y\n|move|p2a: Sableye|Helping Hand|p2b: Garchomp\n|-singleturn|p2b: Garchomp|Helping Hand|[of] p2a: Sableye\n|move|p1b: Venusaur|Energy Ball|p2b: Garchomp\n|-damage|p2b: Garchomp|4/100\n|move|p1a: Charizard|Heat Wave|p2a: Sableye|[spread] p2a\n|-miss|p1a: Charizard|p2b: Garchomp\n|-damage|p2a: Sableye|0 fnt\n|faint|p2a: Sableye\n|move|p2b: Garchomp|Rock Slide|p1a: Charizard|[spread] p1a,p1b\n|-supereffective|p1a: Charizard|2\n|-crit|p1a: Charizard\n|-damage|p1a: Charizard|0 fnt\n|-damage|p1b: Venusaur|0 fnt\n|faint|p1a: Charizard\n|faint|p1b: Venusaur\n|\n|-weather|SunnyDay|[upkeep]\n|upkeep\n|\n|t:|1776040699\n|switch|p1a: Torkoal|Torkoal, L50, M|100/100\n|switch|p1b: Kingambit|Kingambit, L50, M|100/100\n|switch|p2a: Rotom|Rotom-Wash, L50|100/100\n|turn|3\n|\n|t:|1776040721\n|move|p1b: Kingambit|Sucker Punch|p2b: Garchomp\n|-damage|p2b: Garchomp|0 fnt\n|faint|p2b: Garchomp\n|move|p2a: Rotom|Discharge|p1b: Kingambit|[spread] p1a,p1b\n|-damage|p1a: Torkoal|71/100\n|-damage|p1b: Kingambit|80/100\n|-status|p1a: Torkoal|par\n|move|p1a: Torkoal|Yawn|p2a: Rotom\n|-start|p2a: Rotom|move: Yawn|[of] p1a: Torkoal\n|\n|-weather|SunnyDay|[upkeep]\n|-heal|p1b: Kingambit|86/100|[from] item: Leftovers\n|upkeep\n|\n|t:|1776040733\n|switch|p2b: Diggersby|Diggersby, L50, M|100/100\n|turn|4\n|\n|t:|1776040748\n|move|p2b: Diggersby|Bulldoze|p1b: Kingambit|[spread] p1a,p1b\n|-immune|p2a: Rotom|[from] ability: Levitate\n|-supereffective|p1a: Torkoal|1\n|-supereffective|p1b: Kingambit|1\n|-damage|p1a: Torkoal|33/100 par\n|-damage|p1b: Kingambit|56/100\n|-unboost|p1a: Torkoal|spe|1\n|-unboost|p1b: Kingambit|spe|1\n|-ability|p1b: Kingambit|Defiant|boost\n|-boost|p1b: Kingambit|atk|2\n|move|p2a: Rotom|Discharge|p1b: Kingambit|[spread] p1a,p1b\n|-immune|p2b: Diggersby\n|-damage|p1a: Torkoal|2/100 par\n|-damage|p1b: Kingambit|35/100\n|-status|p1b: Kingambit|par\n|cant|p1b: Kingambit|par\n|move|p1a: Torkoal|Weather Ball|p2b: Diggersby\n|-enditem|p2b: Diggersby|Focus Sash\n|-damage|p2b: Diggersby|1/100\n|\n|-weather|SunnyDay|[upkeep]\n|-heal|p1b: Kingambit|41/100 par|[from] item: Leftovers\n|-end|p2a: Rotom|move: Yawn|[silent]\n|-status|p2a: Rotom|slp\n|upkeep\n|turn|5\n|\n|t:|1776040775\n|move|p2b: Diggersby|Protect|p2b: Diggersby\n|-singleturn|p2b: Diggersby|Protect\n|move|p1b: Kingambit|Sucker Punch||[still]\n|-fail|p1b: Kingambit\n|cant|p2a: Rotom|slp\n|move|p1a: Torkoal|Weather Ball|p2b: Diggersby\n|-activate|p2b: Diggersby|move: Protect\n|\n|-weather|none\n|-heal|p1b: Kingambit|47/100 par|[from] item: Leftovers\n|upkeep\n|turn|6\n|\n|t:|1776040790\n|move|p2b: Diggersby|Quick Attack|p1a: Torkoal\n|-damage|p1a: Torkoal|0 fnt\n|faint|p1a: Torkoal\n|move|p1b: Kingambit|Sucker Punch||[still]\n|-fail|p1b: Kingambit\n|cant|p2a: Rotom|slp\n|\n|-heal|p1b: Kingambit|53/100 par|[from] item: Leftovers\n|upkeep\n|turn|7\n|\n|t:|1776040805\n|move|p2b: Diggersby|Protect|p2b: Diggersby\n|-singleturn|p2b: Diggersby|Protect\n|-curestatus|p2a: Rotom|slp|[msg]\n|move|p2a: Rotom|Discharge|p1b: Kingambit|[spread] p1b\n|-activate|p2b: Diggersby|move: Protect\n|-damage|p1b: Kingambit|32/100 par\n|move|p1b: Kingambit|Kowtow Cleave|p2b: Diggersby\n|-activate|p2b: Diggersby|move: Protect\n|\n|-heal|p1b: Kingambit|38/100 par|[from] item: Leftovers\n|upkeep\n|turn|8\n|\n|t:|1776040830\n|cant|p1b: Kingambit|par\n|move|p2b: Diggersby|Bulldoze|p1b: Kingambit|[spread] p1b\n|-immune|p2a: Rotom|[from] ability: Levitate\n|-supereffective|p1b: Kingambit|1\n|-damage|p1b: Kingambit|9/100 par\n|-unboost|p1b: Kingambit|spe|1\n|-ability|p1b: Kingambit|Defiant|boost\n|-boost|p1b: Kingambit|atk|2\n|move|p2a: Rotom|Discharge|p1b: Kingambit|[spread] p1b\n|-immune|p2b: Diggersby\n|-damage|p1b: Kingambit|0 fnt\n|faint|p1b: Kingambit\n|\n|win|pasaelsol\n|raw|streetledeetledoo's rating: 1022 &rarr; <strong>1009</strong><br />(-13 for losing)\n|raw|pasaelsol's rating: 1041 &rarr; <strong>1073</strong><br />(+32 for winning)\n|l|\u2606streetledeetledoo\n|player|p1|\n",
  "uploadtime": 1776040854,
  "views": 12,
  "formatid": "gen9championsvgc2026regma",
  "rating": 1009,
  "private": 0,
  "password": null
}