{
  "id": "gen9championsvgc2026regma-2581847439",
  "format": "[Gen 9 Champions] VGC 2026 Reg M-A",
  "players": [
    "w4toto",
    "nikolasnaiz"
  ],
  "log": "|j|\u2606w4toto\n|j|\u2606nikolasnaiz\n|t:|1776033345\n|gametype|doubles\n|player|p1|w4toto|volkner|1330\n|player|p2|nikolasnaiz|265|1324\n|gen|9\n|tier|[Gen 9 Champions] VGC 2026 Reg M-A\n|rated|\n|rule|Species Clause: Limit one of each Pok\u00e9mon\n|rule|Item Clause: Limit 1 of each item\n|clearpoke\n|poke|p1|Delphox, L50, F|\n|poke|p1|Sinistcha, L50|\n|poke|p1|Garchomp, L50, M|\n|poke|p1|Kingambit, L50, M|\n|poke|p1|Sneasler, L50, F|\n|poke|p1|Incineroar, L50, M|\n|poke|p2|Floette-Eternal, L50, F|\n|poke|p2|Aerodactyl, L50, M|\n|poke|p2|Aegislash, L50, F|\n|poke|p2|Sinistcha, L50|\n|poke|p2|Milotic, L50, F|\n|poke|p2|Incineroar, L50, M|\n|teampreview|4\n|inactive|Battle timer is ON: inactive players will automatically lose when time's up. (requested by w4toto)\n|inactive|w4toto has 60 seconds left.\n|\n|t:|1776033377\n|teamsize|p1|4\n|teamsize|p2|4\n|start\n|switch|p1a: Lana the Nail Tech|Sneasler, L50, F|100/100\n|switch|p1b: Rocky Helmet|Garchomp, L50, M|100/100\n|switch|p2a: Milotic|Milotic, L50, F|100/100\n|switch|p2b: Sinistcha|Sinistcha, L50|100/100\n|turn|1\n|inactive|w4toto has 30 seconds left.\n|\n|t:|1776033403\n|switch|p2b: Incineroar|Incineroar, L50, M|100/100\n|-ability|p2b: Incineroar|Intimidate|boost\n|-unboost|p1a: Lana the Nail Tech|atk|1\n|-unboost|p1b: Rocky Helmet|atk|1\n|-enditem|p1a: Lana the Nail Tech|White Herb\n|-clearnegativeboost|p1a: Lana the Nail Tech|[silent]\n|move|p1a: Lana the Nail Tech|Fake Out|p2a: Milotic\n|-damage|p2a: Milotic|84/100\n|move|p1b: Rocky Helmet|Dragon Claw|p2b: Incineroar\n|-damage|p2b: Incineroar|79/100\n|cant|p2a: Milotic|flinch\n|\n|upkeep\n|turn|2\n|\n|t:|1776033421\n|switch|p1a: Sinistcha|Sinistcha, L50|100/100\n|switch|p1b: Harry Potter|Delphox, L50, F|100/100\n|move|p2b: Incineroar|Fake Out|p1a: Sinistcha\n|-immune|p1a: Sinistcha\n|move|p2a: Milotic|Icy Wind|p1b: Harry Potter|[spread] p1a,p1b\n|-supereffective|p1a: Sinistcha|1\n|-crit|p1a: Sinistcha\n|-resisted|p1b: Harry Potter|1\n|-damage|p1a: Sinistcha|72/100\n|-damage|p1b: Harry Potter|95/100\n|-unboost|p1a: Sinistcha|spe|1\n|-unboost|p1b: Harry Potter|spe|1\n|\n|upkeep\n|turn|3\n|inactive|w4toto has 30 seconds left.\n|\n|t:|1776033446\n|switch|p1a: Lana the Nail Tech|Sneasler, L50, F|100/100\n|detailschange|p1b: Harry Potter|Delphox-Mega, L50, F\n|-mega|p1b: Harry Potter|Delphox|Delphoxite\n|move|p1b: Harry Potter|Protect|p1b: Harry Potter\n|-singleturn|p1b: Harry Potter|Protect\n|move|p2a: Milotic|Protect|p2a: Milotic\n|-singleturn|p2a: Milotic|Protect\n|move|p2b: Incineroar|Flare Blitz|p1a: Lana the Nail Tech\n|-damage|p1a: Lana the Nail Tech|26/100\n|-damage|p2b: Incineroar|60/100|[from] Recoil\n|\n|upkeep\n|turn|4\n|\n|t:|1776033459\n|switch|p1b: Sinistcha|Sinistcha, L50|72/100\n|-heal|p1a: Lana the Nail Tech|51/100|[from] ability: Hospitality|[of] p1b: Sinistcha\n|switch|p2a: Sinistcha|Sinistcha, L50|100/100\n|-heal|p2b: Incineroar|85/100|[from] ability: Hospitality|[of] p2a: Sinistcha\n|move|p1a: Lana the Nail Tech|Close Combat|p2b: Incineroar\n|-supereffective|p2b: Incineroar|1\n|-damage|p2b: Incineroar|0 fnt\n|-unboost|p1a: Lana the Nail Tech|def|1\n|-unboost|p1a: Lana the Nail Tech|spd|1\n|faint|p2b: Incineroar\n|\n|upkeep\n|\n|t:|1776033469\n|switch|p2b: Floette|Floette-Eternal, L50, F|100/100\n|turn|5\n|\n|t:|1776033493\n|switch|p1a: Harry Potter|Delphox-Mega, L50, F|95/100\n|detailschange|p2b: Floette|Floette-Mega, L50, F\n|-mega|p2b: Floette|Floette|Floettite\n|-ability|p2b: Floette|Fairy Aura\n|move|p2a: Sinistcha|Rage Powder|p2a: Sinistcha\n|-singleturn|p2a: Sinistcha|move: Rage Powder\n|move|p2b: Floette|Calm Mind|p2b: Floette\n|-boost|p2b: Floette|spa|1\n|-boost|p2b: Floette|spd|1\n|move|p1b: Sinistcha|Matcha Gotcha|p2b: Floette|[spread] p2a\n|-miss|p1b: Sinistcha|p2b: Floette\n|-resisted|p2a: Sinistcha|1\n|-damage|p2a: Sinistcha|89/100\n|-heal|p1b: Sinistcha|78/100|[from] drain|[of] p2a: Sinistcha\n|\n|upkeep\n|turn|6\n|\n|t:|1776033506\n|switch|p2a: Milotic|Milotic, L50, F|84/100\n|move|p1a: Harry Potter|Encore|p2b: Floette\n|-start|p2b: Floette|Encore\n|move|p2b: Floette|Calm Mind|p2b: Floette\n|-boost|p2b: Floette|spa|1\n|-boost|p2b: Floette|spd|1\n|move|p1b: Sinistcha|Matcha Gotcha|p2b: Floette|[spread] p2a,p2b\n|-supereffective|p2a: Milotic|1\n|-damage|p2a: Milotic|54/100\n|-heal|p1b: Sinistcha|97/100|[from] drain|[of] p2a: Milotic\n|-damage|p2b: Floette|92/100\n|-heal|p1b: Sinistcha|100/100|[from] drain|[of] p2b: Floette\n|\n|upkeep\n|turn|7\n|\n|t:|1776033519\n|move|p1a: Harry Potter|Protect|p1a: Harry Potter\n|-singleturn|p1a: Harry Potter|Protect\n|move|p2b: Floette|Calm Mind|p2b: Floette\n|-boost|p2b: Floette|spa|1\n|-boost|p2b: Floette|spd|1\n|move|p2a: Milotic|Icy Wind|p1a: Harry Potter|[spread] p1b\n|-activate|p1a: Harry Potter|move: Protect\n|-supereffective|p1b: Sinistcha|1\n|-damage|p1b: Sinistcha|78/100\n|-unboost|p1b: Sinistcha|spe|1\n|move|p1b: Sinistcha|Matcha Gotcha|p2a: Milotic|[spread] p2a\n|-miss|p1b: Sinistcha|p2b: Floette\n|-supereffective|p2a: Milotic|1\n|-damage|p2a: Milotic|26/100\n|-heal|p1b: Sinistcha|96/100|[from] drain|[of] p2a: Milotic\n|-status|p2a: Milotic|brn\n|-enditem|p2a: Milotic|Sitrus Berry|[eat]\n|-heal|p2a: Milotic|51/100 brn|[from] item: Sitrus Berry\n|\n|-damage|p2a: Milotic|45/100 brn|[from] brn\n|upkeep\n|turn|8\n|\n|t:|1776033533\n|switch|p1a: Lana the Nail Tech|Sneasler, L50, F|51/100\n|switch|p2a: Sinistcha|Sinistcha, L50|89/100\n|-heal|p2b: Floette|100/100|[from] ability: Hospitality|[of] p2a: Sinistcha\n|move|p2b: Floette|Calm Mind|p2b: Floette\n|-boost|p2b: Floette|spa|1\n|-boost|p2b: Floette|spd|1\n|move|p1b: Sinistcha|Matcha Gotcha|p2b: Floette|[spread] p2a,p2b\n|-resisted|p2a: Sinistcha|1\n|-damage|p2a: Sinistcha|79/100\n|-heal|p1b: Sinistcha|100/100|[from] drain|[of] p2a: Sinistcha\n|-damage|p2b: Floette|96/100\n|-status|p2b: Floette|brn\n|\n|-damage|p2b: Floette|89/100 brn|[from] brn\n|-end|p2b: Floette|Encore\n|upkeep\n|turn|9\n|inactive|w4toto has 30 seconds left.\n|\n|t:|1776033566\n|move|p1a: Lana the Nail Tech|Fake Out|p2b: Floette\n|-damage|p2b: Floette|71/100 brn\n|move|p2a: Sinistcha|Rage Powder|p2a: Sinistcha\n|-singleturn|p2a: Sinistcha|move: Rage Powder\n|cant|p2b: Floette|flinch\n|move|p1b: Sinistcha|Matcha Gotcha|p2b: Floette|[spread] p2a,p2b\n|-resisted|p2a: Sinistcha|1\n|-damage|p2a: Sinistcha|69/100\n|-damage|p2b: Floette|65/100 brn\n|\n|-damage|p2b: Floette|59/100 brn|[from] brn\n|upkeep\n|turn|10\n|\n|t:|1776033590\n|switch|p1a: Harry Potter|Delphox-Mega, L50, F|95/100\n|move|p2b: Floette|Protect|p2b: Floette\n|-singleturn|p2b: Floette|Protect\n|move|p2a: Sinistcha|Life Dew|p2a: Sinistcha|[spread] p2a,p2b\n|-heal|p2a: Sinistcha|94/100\n|-heal|p2b: Floette|84/100 brn\n|move|p1b: Sinistcha|Matcha Gotcha|p2a: Sinistcha|[spread] p2a\n|-activate|p2b: Floette|move: Protect\n|-resisted|p2a: Sinistcha|1\n|-damage|p2a: Sinistcha|84/100\n|\n|-damage|p2b: Floette|78/100 brn|[from] brn\n|upkeep\n|turn|11\n|\n|t:|1776033603\n|switch|p1b: Lana the Nail Tech|Sneasler, L50, F|51/100\n|move|p2a: Sinistcha|Rage Powder|p2a: Sinistcha\n|-singleturn|p2a: Sinistcha|move: Rage Powder\n|move|p1a: Harry Potter|Encore|p2a: Sinistcha\n|-start|p2a: Sinistcha|Encore\n|move|p2b: Floette|Moonblast|p1a: Harry Potter\n|-resisted|p1a: Harry Potter|1\n|-damage|p1a: Harry Potter|0 fnt\n|faint|p1a: Harry Potter\n|\n|-damage|p2b: Floette|72/100 brn|[from] brn\n|upkeep\n|\n|t:|1776033612\n|switch|p1a: Rocky Helmet|Garchomp, L50, M|100/100\n|turn|12\n|\n|t:|1776033619\n|move|p2a: Sinistcha|Rage Powder|p2a: Sinistcha\n|-singleturn|p2a: Sinistcha|move: Rage Powder\n|move|p1a: Rocky Helmet|Poison Jab|p2a: Sinistcha\n|-damage|p2a: Sinistcha|57/100\n|-status|p2a: Sinistcha|psn\n|move|p1b: Lana the Nail Tech|Dire Claw|p2a: Sinistcha\n|-damage|p2a: Sinistcha|13/100 psn\n|move|p2b: Floette|Dazzling Gleam|p1a: Rocky Helmet|[spread] p1a,p1b\n|-supereffective|p1a: Rocky Helmet|1\n|-damage|p1a: Rocky Helmet|0 fnt\n|-damage|p1b: Lana the Nail Tech|0 fnt\n|faint|p1a: Rocky Helmet\n|faint|p1b: Lana the Nail Tech\n|\n|-damage|p2a: Sinistcha|0 fnt|[from] psn\n|faint|p2a: Sinistcha\n|-damage|p2b: Floette|66/100 brn|[from] brn\n|upkeep\n|\n|t:|1776033628\n|switch|p1b: Sinistcha|Sinistcha, L50|100/100\n|switch|p2a: Milotic|Milotic, L50, F|45/100 brn\n|turn|13\n|\n|t:|1776033633\n|move|p2b: Floette|Moonblast|p1b: Sinistcha\n|-damage|p1b: Sinistcha|0 fnt\n|faint|p1b: Sinistcha\n|\n|win|nikolasnaiz\n|raw|w4toto's rating: 1330 &rarr; <strong>1310</strong><br />(-20 for losing)\n|raw|nikolasnaiz's rating: 1324 &rarr; <strong>1344</strong><br />(+20 for winning)\n|l|\u2606nikolasnaiz\n|player|p2|\n|l|\u2606w4toto\n|player|p1|\n",
  "uploadtime": 1776034096,
  "views": 20,
  "formatid": "gen9championsvgc2026regma",
  "rating": 1310,
  "private": 0,
  "password": null
}