{
  "id": "gen9championsvgc2026regma-2587167230",
  "format": "[Gen 9 Champions] VGC 2026 Reg M-A",
  "players": [
    "Isidino",
    "KirinRogue"
  ],
  "log": "|j|\u2606Isidino\n|j|\u2606KirinRogue\n|t:|1776503287\n|gametype|doubles\n|player|p1|Isidino|169|1341\n|player|p2|KirinRogue|shadowtriad|1317\n|gen|9\n|tier|[Gen 9 Champions] VGC 2026 Reg M-A\n|rated|\n|rule|Species Clause: Limit one of each Pok\u00e9mon\n|rule|Item Clause: Limit 1 of each item\n|clearpoke\n|poke|p1|Pelipper, L50, F|\n|poke|p1|Basculegion-F, L50, F, shiny|\n|poke|p1|Starmie, L50, shiny|\n|poke|p1|Sneasler, L50, M|\n|poke|p1|Sableye, L50, M, shiny|\n|poke|p1|Dragapult, L50, M, shiny|\n|poke|p2|Garchomp, L50, F|\n|poke|p2|Floette-Eternal, L50, F|\n|poke|p2|Sinistcha, L50|\n|poke|p2|Milotic, L50, M, shiny|\n|poke|p2|Froslass, L50, F|\n|poke|p2|Sneasler, L50, F|\n|teampreview|4\n|inactive|Battle timer is ON: inactive players will automatically lose when time's up. (requested by Isidino)\n|inactive|Isidino has 60 seconds left.\n|inactive|KirinRogue has 60 seconds left.\n|\n|t:|1776503346\n|teamsize|p1|4\n|teamsize|p2|4\n|start\n|switch|p1a: Sableye|Sableye, L50, M, shiny|100/100\n|switch|p1b: Basculegion|Basculegion-F, L50, F, shiny|100/100\n|switch|p2a: Milotic|Milotic, L50, M, shiny|100/100\n|switch|p2b: Floette|Floette-Eternal, L50, F|100/100\n|turn|1\n|\n|t:|1776503367\n|detailschange|p2b: Floette|Floette-Mega, L50, F\n|-mega|p2b: Floette|Floette|Floettite\n|-ability|p2b: Floette|Fairy Aura\n|move|p1a: Sableye|Fake Out|p2b: Floette\n|-damage|p2b: Floette|94/100\n|move|p1b: Basculegion|Muddy Water|p2a: Milotic|[spread] p2b\n|-miss|p1b: Basculegion|p2a: Milotic\n|-damage|p2b: Floette|66/100\n|cant|p2b: Floette|flinch\n|move|p2a: Milotic|Icy Wind|p1a: Sableye|[spread] p1a,p1b\n|-resisted|p1b: Basculegion|1\n|-damage|p1a: Sableye|89/100\n|-damage|p1b: Basculegion|95/100\n|-unboost|p1a: Sableye|spe|1\n|-unboost|p1b: Basculegion|spe|1\n|\n|upkeep\n|turn|2\n|\n|t:|1776503386\n|switch|p2a: Sinistcha|Sinistcha, L50|100/100\n|-heal|p2b: Floette|91/100|[from] ability: Hospitality|[of] p2a: Sinistcha\n|move|p1a: Sableye|Rain Dance|p1a: Sableye\n|-weather|RainDance\n|move|p1b: Basculegion|Muddy Water|p2a: Sinistcha|[spread] p2a,p2b\n|-resisted|p2a: Sinistcha|1\n|-damage|p2a: Sinistcha|69/100\n|-damage|p2b: Floette|52/100\n|move|p2b: Floette|Calm Mind|p2b: Floette\n|-boost|p2b: Floette|spa|1\n|-boost|p2b: Floette|spd|1\n|\n|-weather|RainDance|[upkeep]\n|upkeep\n|turn|3\n|\n|t:|1776503410\n|move|p2a: Sinistcha|Rage Powder|p2a: Sinistcha\n|-singleturn|p2a: Sinistcha|move: Rage Powder\n|move|p1a: Sableye|Encore|p2a: Sinistcha\n|-start|p2a: Sinistcha|Encore\n|move|p1b: Basculegion|Shadow Ball|p2a: Sinistcha\n|-supereffective|p2a: Sinistcha|1\n|-damage|p2a: Sinistcha|0 fnt\n|faint|p2a: Sinistcha\n|move|p2b: Floette|Dazzling Gleam|p1a: Sableye|[spread] p1a,p1b\n|-supereffective|p1a: Sableye|1\n|-damage|p1a: Sableye|0 fnt\n|-damage|p1b: Basculegion|15/100\n|faint|p1a: Sableye\n|\n|-weather|RainDance|[upkeep]\n|upkeep\n|\n|t:|1776503425\n|switch|p2a: Milotic|Milotic, L50, M, shiny|100/100\n|switch|p1a: Sneasler|Sneasler, L50, M|100/100\n|turn|4\n|\n|t:|1776503438\n|move|p2b: Floette|Protect|p2b: Floette\n|-singleturn|p2b: Floette|Protect\n|move|p1a: Sneasler|Fake Out|p2b: Floette\n|-activate|p2b: Floette|move: Protect\n|move|p1b: Basculegion|Muddy Water|p2a: Milotic|[spread] p2a\n|-activate|p2b: Floette|move: Protect\n|-resisted|p2a: Milotic|1\n|-damage|p2a: Milotic|80/100\n|move|p2a: Milotic|Life Dew|p2a: Milotic|[spread] p2a,p2b\n|-heal|p2a: Milotic|100/100\n|-heal|p2b: Floette|77/100\n|\n|-weather|RainDance|[upkeep]\n|upkeep\n|turn|5\n|\n|t:|1776503459\n|move|p1a: Sneasler|Dire Claw|p2b: Floette\n|-supereffective|p2b: Floette|1\n|-damage|p2b: Floette|7/100\n|-status|p2b: Floette|par\n|move|p1b: Basculegion|Shadow Ball|p2b: Floette\n|-damage|p2b: Floette|0 fnt\n|faint|p2b: Floette\n|move|p2a: Milotic|Scald|p1a: Sneasler\n|-damage|p1a: Sneasler|46/100\n|\n|-weather|RainDance|[upkeep]\n|upkeep\n|\n|t:|1776503472\n|switch|p2b: Garchomp|Garchomp, L50, F|100/100\n|turn|6\n|\n|t:|1776503486\n|move|p2b: Garchomp|Protect|p2b: Garchomp\n|-singleturn|p2b: Garchomp|Protect\n|move|p1a: Sneasler|Dire Claw|p2a: Milotic\n|-damage|p2a: Milotic|69/100\n|move|p1b: Basculegion|Icy Wind|p2b: Garchomp|[spread] p2a\n|-activate|p2b: Garchomp|move: Protect\n|-resisted|p2a: Milotic|1\n|-damage|p2a: Milotic|64/100\n|-unboost|p2a: Milotic|spe|1\n|-ability|p2a: Milotic|Competitive|boost\n|-boost|p2a: Milotic|spa|2\n|move|p2a: Milotic|Scald|p1a: Sneasler\n|-damage|p1a: Sneasler|0 fnt\n|faint|p1a: Sneasler\n|\n|-weather|none\n|-heal|p2a: Milotic|70/100|[from] item: Leftovers\n|upkeep\n|\n|t:|1776503488\n|switch|p1a: Dragapult|Dragapult, L50, M, shiny|100/100\n|turn|7\n|inactive|KirinRogue has 30 seconds left.\n|\n|t:|1776503514\n|move|p1a: Dragapult|Draco Meteor|p2b: Garchomp\n|-supereffective|p2b: Garchomp|1\n|-damage|p2b: Garchomp|0 fnt\n|-unboost|p1a: Dragapult|spa|2\n|faint|p2b: Garchomp\n|move|p1b: Basculegion|Muddy Water|p2a: Milotic|[miss]\n|-miss|p1b: Basculegion|p2a: Milotic\n|move|p2a: Milotic|Icy Wind|p1a: Dragapult|[spread] p1b\n|-miss|p2a: Milotic|p1a: Dragapult\n|-resisted|p1b: Basculegion|1\n|-damage|p1b: Basculegion|5/100\n|-unboost|p1b: Basculegion|spe|1\n|\n|-heal|p2a: Milotic|76/100|[from] item: Leftovers\n|upkeep\n|turn|8\n|\n|t:|1776503530\n|move|p2a: Milotic|Protect|p2a: Milotic\n|-singleturn|p2a: Milotic|Protect\n|move|p1a: Dragapult|Draco Meteor|p2a: Milotic\n|-activate|p2a: Milotic|move: Protect\n|move|p1b: Basculegion|Shadow Ball|p2a: Milotic\n|-activate|p2a: Milotic|move: Protect\n|\n|-heal|p2a: Milotic|82/100|[from] item: Leftovers\n|upkeep\n|turn|9\n|\n|t:|1776503543\n|move|p1a: Dragapult|Draco Meteor|p2a: Milotic\n|-damage|p2a: Milotic|58/100\n|-unboost|p1a: Dragapult|spa|2\n|move|p2a: Milotic|Icy Wind|p1b: Basculegion|[spread] p1a,p1b\n|-supereffective|p1a: Dragapult|1\n|-resisted|p1b: Basculegion|1\n|-damage|p1a: Dragapult|46/100\n|-damage|p1b: Basculegion|0 fnt\n|-unboost|p1a: Dragapult|spe|1\n|faint|p1b: Basculegion\n|\n|-heal|p2a: Milotic|64/100|[from] item: Leftovers\n|upkeep\n|turn|10\n|\n|t:|1776503556\n|move|p2a: Milotic|Protect|p2a: Milotic\n|-singleturn|p2a: Milotic|Protect\n|move|p1a: Dragapult|Draco Meteor|p2a: Milotic\n|-activate|p2a: Milotic|move: Protect\n|\n|-heal|p2a: Milotic|70/100|[from] item: Leftovers\n|upkeep\n|turn|11\n|\n|t:|1776503575\n|move|p1a: Dragapult|Draco Meteor|p2a: Milotic\n|-damage|p2a: Milotic|55/100\n|-unboost|p1a: Dragapult|spa|2\n|move|p2a: Milotic|Life Dew|p2a: Milotic\n|-heal|p2a: Milotic|81/100\n|\n|-heal|p2a: Milotic|87/100|[from] item: Leftovers\n|upkeep\n|turn|12\n|-message|Isidino forfeited.\n|\n|win|KirinRogue\n|raw|Isidino's rating: 1341 &rarr; <strong>1320</strong><br />(-21 for losing)\n|raw|KirinRogue's rating: 1317 &rarr; <strong>1338</strong><br />(+21 for winning)\n",
  "uploadtime": 1776503582,
  "views": 40,
  "formatid": "gen9championsvgc2026regma",
  "rating": 1320,
  "private": 0,
  "password": null
}