{
  "id": "gen9championsvgc2026regma-2587299527",
  "format": "[Gen 9 Champions] VGC 2026 Reg M-A",
  "players": [
    "Lebbs",
    "sabo_dark7"
  ],
  "log": "|j|\u2606Lebbs\n|j|\u2606sabo_dark7\n|t:|1776519724\n|gametype|doubles\n|player|p1|Lebbs|fisherman-gen4|1089\n|player|p2|sabo_dark7|ethan|1000\n|gen|9\n|tier|[Gen 9 Champions] VGC 2026 Reg M-A\n|rated|\n|rule|Species Clause: Limit one of each Pok\u00e9mon\n|rule|Item Clause: Limit 1 of each item\n|clearpoke\n|poke|p1|Crabominable, L50, F|\n|poke|p1|Farigiraf, L50, M|\n|poke|p1|Golurk, L50|\n|poke|p1|Basculegion, L50, M|\n|poke|p1|Incineroar, L50, M|\n|poke|p1|Aegislash, L50, F|\n|poke|p2|Charizard, L50, M|\n|poke|p2|Heracross, L50, F|\n|poke|p2|Mimikyu, L50, F|\n|poke|p2|Gengar, L50, M|\n|poke|p2|Dragonite, L50, M|\n|poke|p2|Vaporeon, L50, F|\n|teampreview|4\n|\n|t:|1776519762\n|teamsize|p1|4\n|teamsize|p2|4\n|start\n|switch|p1a: Farigiraf|Farigiraf, L50, M|100/100\n|switch|p1b: Golurk|Golurk, L50|100/100\n|switch|p2a: Mimikyu|Mimikyu, L50, F|100/100\n|switch|p2b: Heracross|Heracross, L50, F|100/100\n|turn|1\n|\n|t:|1776519777\n|detailschange|p2b: Heracross|Heracross-Mega, L50, F\n|-mega|p2b: Heracross|Heracross|Heracronite\n|detailschange|p1b: Golurk|Golurk-Mega, L50\n|-mega|p1b: Golurk|Golurk|Golurkite\n|move|p1b: Golurk|Protect|p1b: Golurk\n|-singleturn|p1b: Golurk|Protect\n|move|p2b: Heracross|Pin Missile|p1a: Farigiraf\n|-supereffective|p1a: Farigiraf|1\n|-damage|p1a: Farigiraf|69/100\n|-supereffective|p1a: Farigiraf|1\n|-damage|p1a: Farigiraf|40/100\n|-supereffective|p1a: Farigiraf|1\n|-damage|p1a: Farigiraf|10/100\n|-supereffective|p1a: Farigiraf|1\n|-damage|p1a: Farigiraf|0 fnt\n|faint|p1a: Farigiraf\n|-hitcount|p1: Farigiraf|4\n|move|p2a: Mimikyu|Trick Room|p2a: Mimikyu\n|-fieldstart|move: Trick Room|[of] p2a: Mimikyu\n|\n|upkeep\n|\n|t:|1776519797\n|switch|p1a: Aegislash|Aegislash, L50, F|100/100\n|turn|2\n|\n|t:|1776519833\n|move|p2a: Mimikyu|Protect|p2a: Mimikyu\n|-singleturn|p2a: Mimikyu|Protect\n|move|p1b: Golurk|Poltergeist|p2a: Mimikyu\n|-activate|p2a: Mimikyu|move: Protect\n|move|p1a: Aegislash|Substitute|p1a: Aegislash\n|-start|p1a: Aegislash|Substitute\n|-damage|p1a: Aegislash|76/100\n|move|p2b: Heracross|Pin Missile|p1a: Aegislash|[miss]\n|-miss|p2b: Heracross|p1a: Aegislash\n|\n|-heal|p1a: Aegislash|82/100|[from] item: Leftovers\n|upkeep\n|turn|3\n|\n|t:|1776519847\n|move|p1b: Golurk|Poltergeist|p2a: Mimikyu\n|-activate|p2a: Mimikyu|move: Poltergeist|Spell Tag\n|-activate|p2a: Mimikyu|ability: Disguise\n|-damage|p2a: Mimikyu|100/100\n|detailschange|p2a: Mimikyu|Mimikyu-Busted, L50, F\n|-damage|p2a: Mimikyu|88/100|[from] pokemon: Mimikyu-Busted\n|-formechange|p1a: Aegislash|Aegislash-Blade|\n|move|p1a: Aegislash|Shadow Ball|p2a: Mimikyu\n|-supereffective|p2a: Mimikyu|1\n|-damage|p2a: Mimikyu|0 fnt\n|faint|p2a: Mimikyu\n|move|p2b: Heracross|Swords Dance|p2b: Heracross\n|-boost|p2b: Heracross|atk|2\n|\n|-heal|p1a: Aegislash|88/100|[from] item: Leftovers\n|upkeep\n|\n|t:|1776519859\n|switch|p2a: Gengar|Gengar, L50, M|100/100\n|turn|4\n|\n|t:|1776519882\n|move|p1b: Golurk|Poltergeist|p2b: Heracross\n|-activate|p2b: Heracross|move: Poltergeist|Heracronite\n|-damage|p2b: Heracross|23/100\n|move|p1a: Aegislash|Shadow Ball|p2b: Heracross\n|-damage|p2b: Heracross|0 fnt\n|faint|p2b: Heracross\n|move|p2a: Gengar|Shadow Ball|p1b: Golurk\n|-supereffective|p1b: Golurk|1\n|-damage|p1b: Golurk|30/100\n|\n|-heal|p1a: Aegislash|94/100|[from] item: Leftovers\n|upkeep\n|\n|t:|1776519889\n|switch|p2b: Dragonite|Dragonite, L50, M|100/100\n|turn|5\n|\n|t:|1776519902\n|switch|p1b: Basculegion|Basculegion, L50, M|100/100\n|-formechange|p1a: Aegislash|Aegislash|\n|move|p1a: Aegislash|King's Shield|p1a: Aegislash\n|-singleturn|p1a: Aegislash|Protect\n|move|p2b: Dragonite|Outrage|p1b: Basculegion\n|-damage|p1b: Basculegion|15/100\n|move|p2a: Gengar|Shadow Ball|p1b: Basculegion\n|-supereffective|p1b: Basculegion|1\n|-damage|p1b: Basculegion|0 fnt\n|faint|p1b: Basculegion\n|\n|-heal|p1a: Aegislash|100/100|[from] item: Leftovers\n|-fieldend|move: Trick Room\n|upkeep\n|\n|t:|1776519917\n|switch|p1b: Golurk|Golurk-Mega, L50|30/100\n|turn|6\n|\n|t:|1776519932\n|move|p2a: Gengar|Shadow Ball|p1b: Golurk\n|-supereffective|p1b: Golurk|1\n|-damage|p1b: Golurk|0 fnt\n|faint|p1b: Golurk\n|move|p2b: Dragonite|Outrage|p1a: Aegislash|[from] lockedmove\n|-resisted|p1a: Aegislash|1\n|-end|p1a: Aegislash|Substitute\n|-start|p2b: Dragonite|confusion|[fatigue]\n|-formechange|p1a: Aegislash|Aegislash-Blade|\n|move|p1a: Aegislash|Shadow Ball|p2a: Gengar\n|-supereffective|p2a: Gengar|1\n|-enditem|p2a: Gengar|Focus Sash\n|-damage|p2a: Gengar|1/100\n|-start|p1a: Aegislash|Disable|Shadow Ball|[from] ability: Cursed Body|[of] p2a: Gengar\n|\n|upkeep\n|turn|7\n|\n|t:|1776519946\n|move|p2a: Gengar|Destiny Bond|p2a: Gengar\n|-singlemove|p2a: Gengar|Destiny Bond\n|-activate|p2b: Dragonite|confusion\n|move|p2b: Dragonite|Outrage|p1a: Aegislash\n|-resisted|p1a: Aegislash|1\n|-damage|p1a: Aegislash|33/100\n|move|p1a: Aegislash|Substitute|p1a: Aegislash\n|-start|p1a: Aegislash|Substitute\n|-damage|p1a: Aegislash|9/100\n|\n|-heal|p1a: Aegislash|15/100|[from] item: Leftovers\n|upkeep\n|turn|8\n|\n|t:|1776519957\n|move|p2a: Gengar|Destiny Bond||[still]\n|-fail|p2a: Gengar\n|-activate|p2b: Dragonite|confusion\n|move|p2b: Dragonite|Outrage|p1a: Aegislash|[from] lockedmove\n|-resisted|p1a: Aegislash|1\n|-end|p1a: Aegislash|Substitute\n|move|p1a: Aegislash|Flash Cannon|p2b: Dragonite\n|-damage|p2b: Dragonite|65/100\n|\n|-heal|p1a: Aegislash|21/100|[from] item: Leftovers\n|upkeep\n|turn|9\n|\n|t:|1776519970\n|-formechange|p1a: Aegislash|Aegislash|\n|move|p1a: Aegislash|King's Shield|p1a: Aegislash\n|-singleturn|p1a: Aegislash|Protect\n|move|p2a: Gengar|Destiny Bond|p2a: Gengar\n|-singlemove|p2a: Gengar|Destiny Bond\n|-activate|p2b: Dragonite|confusion\n|move|p2b: Dragonite|Outrage|p1a: Aegislash\n|-activate|p1a: Aegislash|move: Protect\n|-unboost|p2b: Dragonite|atk|1\n|\n|-heal|p1a: Aegislash|27/100|[from] item: Leftovers\n|-end|p1a: Aegislash|Disable\n|upkeep\n|turn|10\n|\n|t:|1776519986\n|move|p1a: Aegislash|King's Shield||[still]\n|-fail|p1a: Aegislash\n|move|p2a: Gengar|Shadow Ball|p1a: Aegislash\n|-supereffective|p1a: Aegislash|1\n|-damage|p1a: Aegislash|0 fnt\n|faint|p1a: Aegislash\n|\n|win|sabo_dark7\n|raw|Lebbs's rating: 1089 &rarr; <strong>1060</strong><br />(-29 for losing)\n|raw|sabo_dark7's rating: 1000 &rarr; <strong>1050</strong><br />(+50 for winning)\n",
  "uploadtime": 1776519996,
  "views": 25,
  "formatid": "gen9championsvgc2026regma",
  "rating": 1050,
  "private": 0,
  "password": null
}