{
  "id": "gen9championsvgc2026regma-2587292716",
  "format": "[Gen 9 Champions] VGC 2026 Reg M-A",
  "players": [
    "Gontzal4237",
    "Wooper2988"
  ],
  "log": "|j|\u2606Gontzal4237\n|j|\u2606Wooper2988\n|t:|1776519050\n|gametype|doubles\n|player|p1|Gontzal4237|veteran|1243\n|player|p2|Wooper2988|sage|1156\n|gen|9\n|tier|[Gen 9 Champions] VGC 2026 Reg M-A\n|rated|\n|rule|Species Clause: Limit one of each Pok\u00e9mon\n|rule|Item Clause: Limit 1 of each item\n|clearpoke\n|poke|p1|Charizard, L50, M, shiny|\n|poke|p1|Typhlosion-Hisui, L50, F, shiny|\n|poke|p1|Archaludon, L50, M|\n|poke|p1|Whimsicott, L50, F|\n|poke|p1|Garchomp, L50, M|\n|poke|p1|Sneasler, L50, F|\n|poke|p2|Talonflame, L50, F|\n|poke|p2|Orthworm, L50, F|\n|poke|p2|Tyranitar, L50, M|\n|poke|p2|Excadrill, L50, F|\n|poke|p2|Primarina, L50, F|\n|poke|p2|Sinistcha, L50|\n|teampreview|4\n|\n|t:|1776519095\n|teamsize|p1|4\n|teamsize|p2|4\n|start\n|switch|p1a: Garchomp|Garchomp, L50, M|100/100\n|switch|p1b: Charizard|Charizard, L50, M, shiny|100/100\n|switch|p2a: Talonflame|Talonflame, L50, F|100/100\n|switch|p2b: Orthworm|Orthworm, L50, F|100/100\n|turn|1\n|\n|t:|1776519110\n|detailschange|p1b: Charizard|Charizard-Mega-Y, L50, M, shiny\n|-mega|p1b: Charizard|Charizard|Charizardite Y\n|-weather|SunnyDay|[from] ability: Drought|[of] p1b: Charizard\n|move|p2a: Talonflame|Tailwind|p2a: Talonflame\n|-sidestart|p2: Wooper2988|move: Tailwind\n|move|p1a: Garchomp|Rock Slide|p2a: Talonflame|[spread] p2a,p2b\n|-supereffective|p2a: Talonflame|2\n|-resisted|p2b: Orthworm|1\n|-damage|p2a: Talonflame|0 fnt\n|-damage|p2b: Orthworm|94/100\n|faint|p2a: Talonflame\n|move|p1b: Charizard|Heat Wave|p2b: Orthworm\n|-supereffective|p2b: Orthworm|1\n|-damage|p2b: Orthworm|0 fnt\n|faint|p2b: Orthworm\n|\n|-weather|SunnyDay|[upkeep]\n|upkeep\n|\n|t:|1776519124\n|switch|p2a: Tyranitar|Tyranitar, L50, M|100/100\n|switch|p2b: Primarina|Primarina, L50, F|100/100\n|-weather|Sandstorm|[from] ability: Sand Stream|[of] p2a: Tyranitar\n|turn|2\n|inactive|Battle timer is ON: inactive players will automatically lose when time's up. (requested by Wooper2988)\n|inactive|Gontzal4237 has 60 seconds left.\n|inactive|Gontzal4237 has 30 seconds left.\n|\n|t:|1776519206\n|switch|p1b: Whimsicott|Whimsicott, L50, F|100/100\n|detailschange|p2a: Tyranitar|Tyranitar-Mega, L50, M\n|-mega|p2a: Tyranitar|Tyranitar|Tyranitarite\n|move|p2b: Primarina|Moonblast|p1a: Garchomp\n|-supereffective|p1a: Garchomp|1\n|-damage|p1a: Garchomp|0 fnt\n|faint|p1a: Garchomp\n|move|p2a: Tyranitar|Rock Slide|p1b: Whimsicott\n|-damage|p1b: Whimsicott|59/100\n|\n|-weather|Sandstorm|[upkeep]\n|-damage|p2b: Primarina|95/100|[from] Sandstorm\n|-damage|p1b: Whimsicott|53/100|[from] Sandstorm\n|upkeep\n|inactive|Gontzal4237 has 30 seconds left.\n|\n|t:|1776519235\n|switch|p1a: Charizard|Charizard-Mega-Y, L50, M, shiny|100/100\n|-weather|SunnyDay|[from] ability: Drought|[of] p1a: Charizard\n|turn|3\n|\n|t:|1776519251\n|move|p2b: Primarina|Protect|p2b: Primarina\n|-singleturn|p2b: Primarina|Protect\n|move|p1b: Whimsicott|Tailwind|p1b: Whimsicott\n|-sidestart|p1: Gontzal4237|move: Tailwind\n|move|p1a: Charizard|Solar Beam||[still]\n|-prepare|p1a: Charizard|Solar Beam\n|-anim|p1a: Charizard|Solar Beam|p2b: Primarina\n|-activate|p2b: Primarina|move: Protect\n|move|p2a: Tyranitar|Rock Slide|p1b: Whimsicott|[spread] p1a,p1b\n|-supereffective|p1a: Charizard|2\n|-damage|p1a: Charizard|0 fnt\n|-damage|p1b: Whimsicott|23/100\n|faint|p1a: Charizard\n|\n|-weather|SunnyDay|[upkeep]\n|upkeep\n|\n|t:|1776519263\n|switch|p1a: Sneasler|Sneasler, L50, F|100/100\n|turn|4\n|\n|t:|1776519277\n|move|p2b: Primarina|Protect||[still]\n|-fail|p2b: Primarina\n|move|p1b: Whimsicott|Encore|p2b: Primarina\n|-start|p2b: Primarina|Encore\n|move|p1a: Sneasler|Close Combat|p2a: Tyranitar\n|-supereffective|p2a: Tyranitar|2\n|-damage|p2a: Tyranitar|0 fnt\n|-unboost|p1a: Sneasler|def|1\n|-unboost|p1a: Sneasler|spd|1\n|faint|p2a: Tyranitar\n|-enditem|p1a: Sneasler|White Herb\n|-clearnegativeboost|p1a: Sneasler|[silent]\n|\n|-weather|SunnyDay|[upkeep]\n|-sideend|p2: Wooper2988|move: Tailwind\n|upkeep\n|turn|5\n|-message|Wooper2988 forfeited.\n|\n|win|Gontzal4237\n|raw|Gontzal4237's rating: 1243 &rarr; <strong>1262</strong><br />(+19 for winning)\n|raw|Wooper2988's rating: 1156 &rarr; <strong>1137</strong><br />(-19 for losing)\n|l|\u2606Wooper2988\n|player|p2|\n",
  "uploadtime": 1776519292,
  "views": 25,
  "formatid": "gen9championsvgc2026regma",
  "rating": 1137,
  "private": 0,
  "password": null
}