{
  "id": "gen9championsvgc2026regma-2584717298",
  "format": "[Gen 9 Champions] VGC 2026 Reg M-A",
  "players": [
    "TheHman1122",
    "drake78976"
  ],
  "log": "|j|\u2606TheHman1122\n|j|\u2606drake78976\n|t:|1776278762\n|gametype|doubles\n|player|p1|TheHman1122|barry|1093\n|player|p2|drake78976|li|1109\n|gen|9\n|tier|[Gen 9 Champions] VGC 2026 Reg M-A\n|rated|\n|rule|Species Clause: Limit one of each Pok\u00e9mon\n|rule|Item Clause: Limit 1 of each item\n|clearpoke\n|poke|p1|Meganium, L50, M|\n|poke|p1|Aerodactyl, L50, F|\n|poke|p1|Tauros-Paldea-Aqua, L50, M|\n|poke|p1|Typhlosion-Hisui, L50, F|\n|poke|p1|Kangaskhan, L50, F|\n|poke|p1|Excadrill, L50, F|\n|poke|p2|Aggron, L50, M|\n|poke|p2|Primarina, L50, M|\n|poke|p2|Hydreigon, L50, M|\n|poke|p2|Sinistcha, L50|\n|poke|p2|Glimmora, L50, M|\n|poke|p2|Farigiraf, L50, M|\n|teampreview|4\n|\n|t:|1776278824\n|teamsize|p1|4\n|teamsize|p2|4\n|start\n|switch|p1a: Aerodactyl|Aerodactyl, L50, F|100/100\n|switch|p1b: Typhlosion|Typhlosion-Hisui, L50, F|100/100\n|switch|p2a: Farigiraf|Farigiraf, L50, M|100/100\n|switch|p2b: Hydreigon|Hydreigon, L50, M|100/100\n|-item|p2a: Farigiraf|Sitrus Berry|[from] ability: Frisk|[of] p1b: Typhlosion\n|-item|p2b: Hydreigon|Choice Scarf|[from] ability: Frisk|[of] p1b: Typhlosion\n|turn|1\n|\n|t:|1776278865\n|move|p1b: Typhlosion|Shadow Ball|p2a: Farigiraf\n|-immune|p2a: Farigiraf\n|move|p2b: Hydreigon|Dark Pulse|p1b: Typhlosion\n|-supereffective|p1b: Typhlosion|1\n|-damage|p1b: Typhlosion|0 fnt\n|faint|p1b: Typhlosion\n|move|p1a: Aerodactyl|Tailwind|p1a: Aerodactyl\n|-sidestart|p1: TheHman1122|move: Tailwind\n|move|p2a: Farigiraf|Trick Room|p2a: Farigiraf\n|-fieldstart|move: Trick Room|[of] p2a: Farigiraf\n|\n|upkeep\n|\n|t:|1776278877\n|switch|p1b: Meganium|Meganium, L50, M|100/100\n|turn|2\n|\n|t:|1776278903\n|move|p1b: Meganium|Protect|p1b: Meganium\n|-singleturn|p1b: Meganium|Protect\n|move|p2a: Farigiraf|Light Screen|p2a: Farigiraf\n|-sidestart|p2: drake78976|move: Light Screen\n|move|p2b: Hydreigon|Dark Pulse|p1a: Aerodactyl\n|-damage|p1a: Aerodactyl|40/100\n|move|p1a: Aerodactyl|Rock Slide|p2b: Hydreigon|[spread] p2a,p2b\n|-damage|p2a: Farigiraf|77/100\n|-damage|p2b: Hydreigon|69/100\n|\n|upkeep\n|turn|3\n|\n|t:|1776278939\n|detailschange|p1b: Meganium|Meganium-Mega, L50, M\n|-mega|p1b: Meganium|Meganium|Meganiumite\n|move|p1a: Aerodactyl|Protect|p1a: Aerodactyl\n|-singleturn|p1a: Aerodactyl|Protect\n|move|p2a: Farigiraf|Psychic|p1b: Meganium\n|-damage|p1b: Meganium|65/100\n|move|p2b: Hydreigon|Dark Pulse|p1a: Aerodactyl\n|-activate|p1a: Aerodactyl|move: Protect\n|move|p1b: Meganium|Dazzling Gleam|p2b: Hydreigon|[spread] p2a,p2b\n|-supereffective|p2b: Hydreigon|2\n|-damage|p2a: Farigiraf|57/100\n|-damage|p2b: Hydreigon|0 fnt\n|faint|p2b: Hydreigon\n|\n|upkeep\n|\n|t:|1776278945\n|switch|p2b: Glimmora|Glimmora, L50, M, shiny|100/100\n|turn|4\n|\n|t:|1776278986\n|switch|p1b: Excadrill|Excadrill, L50, F|100/100\n|move|p2a: Farigiraf|Helping Hand|p2b: Glimmora\n|-singleturn|p2b: Glimmora|Helping Hand|[of] p2a: Farigiraf\n|move|p2b: Glimmora|Sludge Wave|p1b: Excadrill|[spread] p2a,p1a\n|-immune|p1b: Excadrill\n|-resisted|p1a: Aerodactyl|1\n|-damage|p2a: Farigiraf|31/100\n|-damage|p1a: Aerodactyl|0 fnt\n|-status|p2a: Farigiraf|psn\n|-enditem|p2a: Farigiraf|Sitrus Berry|[eat]\n|-heal|p2a: Farigiraf|56/100 psn|[from] item: Sitrus Berry\n|faint|p1a: Aerodactyl\n|\n|-damage|p2a: Farigiraf|44/100 psn|[from] psn\n|-sideend|p1: TheHman1122|move: Tailwind\n|upkeep\n|\n|t:|1776279004\n|switch|p1a: Meganium|Meganium-Mega, L50, M|65/100\n|turn|5\n|\n|t:|1776279037\n|switch|p2b: Primarina|Primarina, L50, M|100/100\n|move|p1a: Meganium|Protect|p1a: Meganium\n|-singleturn|p1a: Meganium|Protect\n|move|p1b: Excadrill|Protect|p1b: Excadrill\n|-singleturn|p1b: Excadrill|Protect\n|move|p2a: Farigiraf|Psychic|p1b: Excadrill\n|-activate|p1b: Excadrill|move: Protect\n|\n|-damage|p2a: Farigiraf|31/100 psn|[from] psn\n|-fieldend|move: Trick Room\n|upkeep\n|turn|6\n|\n|t:|1776279063\n|move|p2b: Primarina|Protect|p2b: Primarina\n|-singleturn|p2b: Primarina|Protect\n|move|p1b: Excadrill|Earthquake|p2a: Farigiraf|[spread] p1a,p2a\n|-activate|p2b: Primarina|move: Protect\n|-resisted|p1a: Meganium|1\n|-damage|p1a: Meganium|44/100\n|-damage|p2a: Farigiraf|0 fnt\n|faint|p2a: Farigiraf\n|move|p1a: Meganium|Solar Beam||[still]\n|-prepare|p1a: Meganium|Solar Beam\n|-activate|p1a: Meganium|ability: Mega Sol\n|-anim|p1a: Meganium|Solar Beam|p2b: Primarina\n|-activate|p2b: Primarina|move: Protect\n|\n|-sideend|p2: drake78976|move: Light Screen\n|upkeep\n|\n|t:|1776279077\n|switch|p2a: Glimmora|Glimmora, L50, M, shiny|100/100\n|turn|7\n|\n|t:|1776279101\n|move|p1b: Excadrill|Earthquake|p2a: Glimmora|[spread] p1a,p2a,p2b\n|-resisted|p1a: Meganium|1\n|-supereffective|p2a: Glimmora|2\n|-damage|p1a: Meganium|24/100\n|-enditem|p2a: Glimmora|Focus Sash\n|-damage|p2a: Glimmora|1/100\n|-damage|p2b: Primarina|53/100\n|-activate|p2a: Glimmora|ability: Toxic Debris\n|-sidestart|p1: TheHman1122|move: Toxic Spikes\n|move|p2a: Glimmora|Sludge Bomb|p1a: Meganium\n|-supereffective|p1a: Meganium|2\n|-damage|p1a: Meganium|0 fnt\n|faint|p1a: Meganium\n|move|p2b: Primarina|Hyper Voice|p1b: Excadrill\n|-supereffective|p1b: Excadrill|1\n|-damage|p1b: Excadrill|0 fnt\n|faint|p1b: Excadrill\n|\n|win|drake78976\n|raw|TheHman1122's rating: 1093 &rarr; <strong>1070</strong><br />(-23 for losing)\n|raw|drake78976's rating: 1109 &rarr; <strong>1133</strong><br />(+24 for winning)\n|l|\u2606TheHman1122\n|player|p1|\n|l|\u2606drake78976\n|player|p2|\n|j|\u2606drake78976\n|player|p2|drake78976|li|\n",
  "uploadtime": 1776279327,
  "views": 25,
  "formatid": "gen9championsvgc2026regma",
  "rating": 1070,
  "private": 0,
  "password": null
}