{
  "id": "gen9championsvgc2026regma-2586579604",
  "format": "[Gen 9 Champions] VGC 2026 Reg M-A",
  "players": [
    "goose30er",
    "1%ofGamblers"
  ],
  "log": "|j|\u2606goose30er\n|j|\u26061%ofGamblers\n|t:|1776444518\n|gametype|doubles\n|player|p1|goose30er|102|1167\n|player|p2|1%ofGamblers|265|1200\n|gen|9\n|tier|[Gen 9 Champions] VGC 2026 Reg M-A\n|rated|\n|rule|Species Clause: Limit one of each Pok\u00e9mon\n|rule|Item Clause: Limit 1 of each item\n|clearpoke\n|poke|p1|Incineroar, L50, M|\n|poke|p1|Sinistcha-Masterpiece, L50|\n|poke|p1|Primarina, L50, F|\n|poke|p1|Cofagrigus, L50, F|\n|poke|p1|Aggron, L50, M|\n|poke|p1|Ampharos, L50, M|\n|poke|p2|Greninja-*, L50, F|\n|poke|p2|Farigiraf, L50, M|\n|poke|p2|Ninetales-Alola, L50, F|\n|poke|p2|Rotom-Wash, L50|\n|poke|p2|Sneasler, L50, F|\n|poke|p2|Gengar, L50, F|\n|teampreview|4\n|inactive|Battle timer is ON: inactive players will automatically lose when time's up. (requested by goose30er)\n|\n|t:|1776444576\n|teamsize|p1|4\n|teamsize|p2|4\n|start\n|switch|p1a: Rock|Incineroar, L50, M, shiny|100/100\n|switch|p1b: Jazz|Sinistcha-Masterpiece, L50|100/100\n|switch|p2a: Gengar|Gengar, L50, F|100/100\n|switch|p2b: Farigiraf|Farigiraf, L50, M|100/100\n|-ability|p1a: Rock|Intimidate|boost\n|-unboost|p2a: Gengar|atk|1\n|-unboost|p2b: Farigiraf|atk|1\n|turn|1\n|\n|t:|1776444590\n|detailschange|p2a: Gengar|Gengar-Mega, L50, F\n|-mega|p2a: Gengar|Gengar|Gengarite\n|move|p2b: Farigiraf|Ally Switch|p2b: Farigiraf\n|swap|p2b: Farigiraf|0|[from] move: Ally Switch\n|move|p2b: Gengar|Perish Song|p2b: Gengar\n|-start|p1a: Rock|perish3|[silent]\n|-start|p1b: Jazz|perish3|[silent]\n|-start|p2a: Farigiraf|perish3|[silent]\n|-start|p2b: Gengar|perish3|[silent]\n|-fieldactivate|move: Perish Song\n|move|p1b: Jazz|Shadow Ball|p2a: Farigiraf\n|-immune|p2a: Farigiraf\n|move|p1a: Rock|Darkest Lariat|p2a: Farigiraf\n|-supereffective|p2a: Farigiraf|1\n|-damage|p2a: Farigiraf|16/100\n|\n|-start|p2b: Gengar|perish3\n|-start|p1b: Jazz|perish3\n|-start|p2a: Farigiraf|perish3\n|-start|p1a: Rock|perish3\n|upkeep\n|turn|2\n|inactive|1%ofGamblers has 30 seconds left.\n|inactive|1%ofGamblers has 20 seconds left.\n|inactive|1%ofGamblers has 15 seconds left.\n|\n|t:|1776444633\n|switch|p2a: Sneasler|Sneasler, L50, F|100/100\n|move|p2b: Gengar|Protect|p2b: Gengar\n|-singleturn|p2b: Gengar|Protect\n|move|p1b: Jazz|Shadow Ball|p2b: Gengar\n|-activate|p2b: Gengar|move: Protect\n|move|p1a: Rock|Darkest Lariat|p2b: Gengar\n|-activate|p2b: Gengar|move: Protect\n|\n|-start|p2b: Gengar|perish2\n|-start|p1b: Jazz|perish2\n|-start|p1a: Rock|perish2\n|upkeep\n|turn|3\n|inactive|goose30er has 30 seconds left.\n|inactive|goose30er has 20 seconds left.\n|\n|t:|1776444669\n|move|p2a: Sneasler|Fake Out|p1a: Rock\n|-damage|p1a: Rock|87/100\n|move|p2b: Gengar|Shadow Ball|p1b: Jazz\n|-supereffective|p1b: Jazz|1\n|-crit|p1b: Jazz\n|-enditem|p1b: Jazz|Focus Sash\n|-damage|p1b: Jazz|1/100\n|-unboost|p1b: Jazz|spd|1\n|move|p1b: Jazz|Shadow Ball|p2a: Sneasler\n|-damage|p2a: Sneasler|55/100\n|cant|p1a: Rock|flinch\n|\n|-heal|p1a: Rock|93/100|[from] item: Leftovers\n|-start|p2b: Gengar|perish1\n|-start|p1b: Jazz|perish1\n|-start|p1a: Rock|perish1\n|upkeep\n|turn|4\n|\n|t:|1776444694\n|switch|p2b: Farigiraf|Farigiraf, L50, M|16/100\n|move|p2a: Sneasler|Protect|p2a: Sneasler\n|-singleturn|p2a: Sneasler|Protect\n|move|p1b: Jazz|Shadow Ball|p2b: Farigiraf\n|-immune|p2b: Farigiraf\n|move|p1a: Rock|Parting Shot|p2b: Farigiraf\n|-unboost|p2b: Farigiraf|atk|1\n|-unboost|p2b: Farigiraf|spa|1\n|\n|t:|1776444705\n|switch|p1a: Grunge|Cofagrigus, L50, F, shiny|100/100|[from] Parting Shot\n|\n|-start|p1b: Jazz|perish0\n|faint|p1b: Jazz\n|upkeep\n|\n|t:|1776444707\n|switch|p1b: Metal|Aggron, L50, M, shiny|100/100\n|turn|5\n|inactive|1%ofGamblers has 30 seconds left.\n|\n|t:|1776444740\n|detailschange|p1b: Metal|Aggron-Mega, L50, M, shiny\n|-mega|p1b: Metal|Aggron|Aggronite\n|move|p2b: Farigiraf|Helping Hand|p2a: Sneasler\n|-singleturn|p2a: Sneasler|Helping Hand|[of] p2b: Farigiraf\n|move|p2a: Sneasler|Close Combat|p1b: Metal\n|-supereffective|p1b: Metal|1\n|-damage|p1b: Metal|46/100\n|-unboost|p2a: Sneasler|def|1\n|-unboost|p2a: Sneasler|spd|1\n|-enditem|p2a: Sneasler|White Herb\n|-clearnegativeboost|p2a: Sneasler|[silent]\n|move|p1b: Metal|Iron Defense|p1b: Metal\n|-boost|p1b: Metal|def|2\n|move|p1a: Grunge|Will-O-Wisp|p2a: Sneasler\n|-status|p2a: Sneasler|brn\n|\n|-damage|p2a: Sneasler|49/100 brn|[from] brn\n|upkeep\n|turn|6\n|inactive|1%ofGamblers has 30 seconds left.\n|inactive|1%ofGamblers has 20 seconds left.\n|inactive|1%ofGamblers has 15 seconds left.\n|\n|t:|1776444784\n|move|p1b: Metal|Protect|p1b: Metal\n|-singleturn|p1b: Metal|Protect\n|move|p2a: Sneasler|Dire Claw|p1a: Grunge\n|-resisted|p1a: Grunge|1\n|-damage|p1a: Grunge|93/100\n|-status|p1a: Grunge|slp\n|-activate|p1a: Grunge|ability: Mummy|p2a: Sneasler|[ability] Unburden\n|move|p2b: Farigiraf|Twin Beam|p1b: Metal\n|-activate|p1b: Metal|move: Protect\n|cant|p1a: Grunge|slp\n|\n|-damage|p2a: Sneasler|43/100 brn|[from] brn\n|upkeep\n|turn|7\n|\n|t:|1776444807\n|move|p2a: Sneasler|Close Combat|p1b: Metal\n|-supereffective|p1b: Metal|1\n|-damage|p1b: Metal|36/100\n|-unboost|p2a: Sneasler|def|1\n|-unboost|p2a: Sneasler|spd|1\n|move|p2b: Farigiraf|Twin Beam|p1b: Metal\n|-resisted|p1b: Metal|1\n|-damage|p1b: Metal|30/100\n|-resisted|p1b: Metal|1\n|-damage|p1b: Metal|25/100\n|-hitcount|p1b: Metal|2\n|move|p1b: Metal|Heavy Slam|p2b: Farigiraf\n|-damage|p2b: Farigiraf|0 fnt\n|faint|p2b: Farigiraf\n|cant|p1a: Grunge|slp\n|\n|-damage|p2a: Sneasler|37/100 brn|[from] brn\n|upkeep\n|\n|t:|1776444829\n|switch|p2b: Rotom|Rotom-Wash, L50|100/100\n|turn|8\n|\n|t:|1776444838\n|switch|p2a: Gengar|Gengar-Mega, L50, F|100/100\n|move|p1b: Metal|Protect|p1b: Metal\n|-singleturn|p1b: Metal|Protect\n|move|p2b: Rotom|Will-O-Wisp|p1b: Metal\n|-activate|p1b: Metal|move: Protect\n|-curestatus|p1a: Grunge|slp|[msg]\n|move|p1a: Grunge|Trick Room|p1a: Grunge\n|-fieldstart|move: Trick Room|[of] p1a: Grunge\n|\n|upkeep\n|turn|9\n|\n|t:|1776444860\n|switch|p2b: Sneasler|Sneasler, L50, F|37/100 brn\n|move|p2a: Gengar|Protect|p2a: Gengar\n|-singleturn|p2a: Gengar|Protect\n|move|p1a: Grunge|Shadow Ball|p2b: Sneasler\n|-damage|p2b: Sneasler|0 fnt\n|faint|p2b: Sneasler\n|move|p1b: Metal|Heavy Slam|p2a: Gengar\n|-activate|p2a: Gengar|move: Protect\n|\n|upkeep\n|\n|t:|1776444874\n|switch|p2b: Rotom|Rotom-Wash, L50|100/100\n|turn|10\n|\n|t:|1776444883\n|move|p2a: Gengar|Protect|p2a: Gengar\n|-singleturn|p2a: Gengar|Protect\n|move|p1a: Grunge|Shadow Ball|p2b: Rotom\n|-damage|p2b: Rotom|66/100\n|move|p1b: Metal|Heavy Slam|p2a: Gengar\n|-activate|p2a: Gengar|move: Protect\n|move|p2b: Rotom|Trick|p1a: Grunge\n|-activate|p2b: Rotom|move: Trick|[of] p1a: Grunge\n|-item|p1a: Grunge|Choice Scarf|[from] move: Trick\n|-item|p2b: Rotom|Spell Tag|[from] move: Trick\n|\n|upkeep\n|turn|11\n|\n|t:|1776444905\n|move|p1b: Metal|Heavy Slam|p2a: Gengar\n|-damage|p2a: Gengar|21/100\n|move|p1a: Grunge|Shadow Ball|p2b: Rotom\n|-damage|p2b: Rotom|37/100\n|move|p2b: Rotom|Will-O-Wisp|p1b: Metal\n|-status|p1b: Metal|brn\n|move|p2a: Gengar|Shadow Ball|p1a: Grunge\n|-supereffective|p1a: Grunge|1\n|-damage|p1a: Grunge|8/100\n|-unboost|p1a: Grunge|spd|1\n|\n|-damage|p1b: Metal|19/100 brn|[from] brn\n|upkeep\n|turn|12\n|inactive|1%ofGamblers has 30 seconds left.\n|\n|t:|1776444932\n|move|p2a: Gengar|Protect|p2a: Gengar\n|-singleturn|p2a: Gengar|Protect\n|move|p1b: Metal|Heavy Slam|p2a: Gengar\n|-activate|p2a: Gengar|move: Protect\n|move|p1a: Grunge|Shadow Ball|p2b: Rotom\n|-damage|p2b: Rotom|10/100\n|move|p2b: Rotom|Volt Switch|p1a: Grunge\n|-damage|p1a: Grunge|0 fnt\n|faint|p1a: Grunge\n|\n|-damage|p1b: Metal|12/100 brn|[from] brn\n|-fieldend|move: Trick Room\n|upkeep\n|\n|t:|1776444942\n|switch|p1a: Rock|Incineroar, L50, M, shiny|93/100\n|-ability|p1a: Rock|Intimidate|boost\n|-unboost|p2a: Gengar|atk|1\n|-unboost|p2b: Rotom|atk|1\n|turn|13\n|inactive|1%ofGamblers has 30 seconds left.\n|inactive|1%ofGamblers has 20 seconds left.\n|\n|t:|1776444982\n|move|p2a: Gengar|Shadow Ball|p1b: Metal\n|-damage|p1b: Metal|0 fnt\n|faint|p1b: Metal\n|move|p2b: Rotom|Hydro Pump|p1a: Rock\n|-supereffective|p1a: Rock|1\n|-damage|p1a: Rock|10/100\n|move|p1a: Rock|Darkest Lariat|p2a: Gengar\n|-supereffective|p2a: Gengar|1\n|-damage|p2a: Gengar|0 fnt\n|faint|p2a: Gengar\n|\n|-heal|p1a: Rock|16/100|[from] item: Leftovers\n|upkeep\n|turn|14\n|\n|t:|1776445003\n|move|p2b: Rotom|Volt Switch|p1a: Rock\n|-damage|p1a: Rock|0 fnt\n|faint|p1a: Rock\n|\n|win|1%ofGamblers\n|raw|goose30er's rating: 1167 &rarr; <strong>1144</strong><br />(-23 for losing)\n|raw|1%ofGamblers's rating: 1200 &rarr; <strong>1223</strong><br />(+23 for winning)\n|l|\u2606goose30er\n|player|p1|\n",
  "uploadtime": 1776445011,
  "views": 46,
  "formatid": "gen9championsvgc2026regma",
  "rating": 1144,
  "private": 0,
  "password": null
}