{
  "id": "gen9championsvgc2026regma-2583817292",
  "format": "[Gen 9 Champions] VGC 2026 Reg M-A",
  "players": [
    "gchomp1",
    "Jose m gladion"
  ],
  "log": "|j|\u2606gchomp1\n|j|\u2606Jose m gladion\n|t:|1776200011\n|gametype|doubles\n|player|p1|gchomp1|1|1107\n|player|p2|Jose m gladion|cynthia|1034\n|gen|9\n|tier|[Gen 9 Champions] VGC 2026 Reg M-A\n|rated|\n|rule|Species Clause: Limit one of each Pok\u00e9mon\n|rule|Item Clause: Limit 1 of each item\n|clearpoke\n|poke|p1|Starmie, L50|\n|poke|p1|Aegislash, L50, F|\n|poke|p1|Sneasler, L50, F|\n|poke|p1|Pelipper, L50, M|\n|poke|p1|Archaludon, L50, F|\n|poke|p1|Maushold, L50|\n|poke|p2|Maushold, L50|\n|poke|p2|Gardevoir, L50, F|\n|poke|p2|Garchomp, L50, F|\n|poke|p2|Arcanine-Hisui, L50, M|\n|poke|p2|Gengar, L50, F|\n|poke|p2|Sableye, L50, M|\n|teampreview|4\n|inactive|Battle timer is ON: inactive players will automatically lose when time's up. (requested by Jose m gladion)\n|inactive|gchomp1 has 60 seconds left.\n|\n|t:|1776200079\n|teamsize|p1|4\n|teamsize|p2|4\n|start\n|switch|p1a: Pelipper|Pelipper, L50, M|100/100\n|switch|p1b: Starmie|Starmie, L50|100/100\n|switch|p2a: Sableye|Sableye, L50, M, shiny|100/100\n|switch|p2b: Gengar|Gengar, L50, F, shiny|100/100\n|-weather|RainDance|[from] ability: Drizzle|[of] p1a: Pelipper\n|turn|1\n|\n|t:|1776200093\n|detailschange|p2b: Gengar|Gengar-Mega, L50, F, shiny\n|-mega|p2b: Gengar|Gengar|Gengarite\n|detailschange|p1b: Starmie|Starmie-Mega, L50\n|-mega|p1b: Starmie|Starmie|Starminite\n|move|p2a: Sableye|Protect|p2a: Sableye\n|-singleturn|p2a: Sableye|Protect\n|move|p2b: Gengar|Protect|p2b: Gengar\n|-singleturn|p2b: Gengar|Protect\n|move|p1b: Starmie|Protect|p1b: Starmie\n|-singleturn|p1b: Starmie|Protect\n|move|p1a: Pelipper|Tailwind|p1a: Pelipper\n|-sidestart|p1: gchomp1|move: Tailwind\n|\n|-weather|RainDance|[upkeep]\n|upkeep\n|turn|2\n|\n|t:|1776200118\n|move|p2a: Sableye|Encore|p1b: Starmie\n|-start|p1b: Starmie|Encore\n|move|p1b: Starmie|Protect|p1b: Starmie\n|-singleturn|p1b: Starmie|Protect\n|move|p1a: Pelipper|Hurricane|p2b: Gengar\n|-damage|p2b: Gengar|50/100\n|move|p2b: Gengar|Perish Song|p2b: Gengar\n|-start|p1a: Pelipper|perish3|[silent]\n|-start|p1b: Starmie|perish3|[silent]\n|-start|p2a: Sableye|perish3|[silent]\n|-start|p2b: Gengar|perish3|[silent]\n|-fieldactivate|move: Perish Song\n|\n|-weather|RainDance|[upkeep]\n|-start|p1b: Starmie|perish3\n|-start|p1a: Pelipper|perish3\n|-start|p2b: Gengar|perish3\n|-start|p2a: Sableye|perish3\n|upkeep\n|turn|3\n|inactive|Jose m gladion has 30 seconds left.\n|\n|t:|1776200143\n|move|p1b: Starmie|Protect||[still]\n|-fail|p1b: Starmie\n|move|p2a: Sableye|Disable|p1a: Pelipper\n|-start|p1a: Pelipper|Disable|Hurricane\n|cant|p1a: Pelipper|Disable|Hurricane\n|move|p2b: Gengar|Shadow Ball|p1b: Starmie\n|-supereffective|p1b: Starmie|1\n|-damage|p1b: Starmie|0 fnt\n|faint|p1b: Starmie\n|\n|-weather|RainDance|[upkeep]\n|-start|p1a: Pelipper|perish2\n|-start|p2b: Gengar|perish2\n|-start|p2a: Sableye|perish2\n|upkeep\n|\n|t:|1776200163\n|switch|p1b: Sneasler|Sneasler, L50, F|100/100\n|turn|4\n|\n|t:|1776200178\n|move|p2a: Sableye|Protect|p2a: Sableye\n|-singleturn|p2a: Sableye|Protect\n|move|p2b: Gengar|Protect|p2b: Gengar\n|-singleturn|p2b: Gengar|Protect\n|move|p1b: Sneasler|Dire Claw|p2a: Sableye\n|-activate|p2a: Sableye|move: Protect\n|move|p1a: Pelipper|Weather Ball|p2b: Gengar\n|-activate|p2b: Gengar|move: Protect\n|\n|-weather|RainDance|[upkeep]\n|-start|p1a: Pelipper|perish1\n|-start|p2b: Gengar|perish1\n|-start|p2a: Sableye|perish1\n|-sideend|p1: gchomp1|move: Tailwind\n|upkeep\n|turn|5\n|\n|t:|1776200198\n|switch|p2b: Garchomp|Garchomp, L50, F, shiny|100/100\n|switch|p2a: Arcanine|Arcanine-Hisui, L50, M, shiny|100/100\n|move|p1b: Sneasler|Dire Claw|p2b: Garchomp\n|-resisted|p2b: Garchomp|1\n|-damage|p2b: Garchomp|79/100\n|-damage|p1b: Sneasler|88/100|[from] ability: Rough Skin|[of] p2b: Garchomp\n|move|p1a: Pelipper|Weather Ball|p2b: Garchomp\n|-damage|p2b: Garchomp|0 fnt\n|faint|p2b: Garchomp\n|\n|-weather|none\n|-start|p1a: Pelipper|perish0\n|faint|p1a: Pelipper\n|upkeep\n|\n|t:|1776200217\n|switch|p2b: Sableye|Sableye, L50, M, shiny|100/100\n|switch|p1a: Archaludon|Archaludon, L50, F|100/100\n|turn|6\n|\n|t:|1776200241\n|move|p2b: Sableye|Disable|p1b: Sneasler\n|-start|p1b: Sneasler|Disable|Dire Claw\n|move|p1b: Sneasler|Close Combat|p2a: Arcanine\n|-supereffective|p2a: Arcanine|1\n|-enditem|p2a: Arcanine|Focus Sash\n|-damage|p2a: Arcanine|1/100\n|-unboost|p1b: Sneasler|def|1\n|-unboost|p1b: Sneasler|spd|1\n|-enditem|p1b: Sneasler|White Herb\n|-clearnegativeboost|p1b: Sneasler|[silent]\n|move|p2a: Arcanine|Flare Blitz|p1b: Sneasler\n|-damage|p1b: Sneasler|0 fnt\n|faint|p1b: Sneasler\n|move|p1a: Archaludon|Flash Cannon|p2a: Arcanine\n|-damage|p2a: Arcanine|0 fnt\n|faint|p2a: Arcanine\n|\n|upkeep\n|\n|t:|1776200259\n|switch|p2a: Gengar|Gengar-Mega, L50, F, shiny|50/100\n|turn|7\n|inactive|gchomp1 has 30 seconds left.\n|inactive|gchomp1 has 20 seconds left.\n|inactive|gchomp1 has 15 seconds left.\n|inactive|gchomp1 has 10 seconds left.\n|inactive|gchomp1 has 5 seconds left.\n|\n|t:|1776200314\n|move|p2b: Sableye|Protect|p2b: Sableye\n|-singleturn|p2b: Sableye|Protect\n|move|p2a: Gengar|Protect|p2a: Gengar\n|-singleturn|p2a: Gengar|Protect\n|move|p1a: Archaludon|Draco Meteor|p2b: Sableye\n|-activate|p2b: Sableye|move: Protect\n|\n|upkeep\n|turn|8\n|inactive|gchomp1 has 30 seconds left.\n|inactive|gchomp1 has 20 seconds left.\n|inactive|gchomp1 has 15 seconds left.\n|inactive|gchomp1 has 10 seconds left.\n|inactive|gchomp1 has 5 seconds left.\n|\n|t:|1776200369\n|move|p2b: Sableye|Disable|p1a: Archaludon\n|-start|p1a: Archaludon|Disable|Draco Meteor\n|move|p2a: Gengar|Perish Song|p2a: Gengar\n|-start|p1a: Archaludon|perish3|[silent]\n|-start|p2a: Gengar|perish3|[silent]\n|-start|p2b: Sableye|perish3|[silent]\n|-fieldactivate|move: Perish Song\n|cant|p1a: Archaludon|Disable|Draco Meteor\n|\n|-start|p2a: Gengar|perish3\n|-start|p1a: Archaludon|perish3\n|-start|p2b: Sableye|perish3\n|upkeep\n|turn|9\n|inactive|gchomp1 has 30 seconds left.\n|inactive|Jose m gladion has 30 seconds left.\n|inactive|gchomp1 has 20 seconds left.\n|inactive|gchomp1 has 15 seconds left.\n|inactive|gchomp1 has 10 seconds left.\n|inactive|gchomp1 has 5 seconds left.\n|\n|t:|1776200424\n|move|p2b: Sableye|Protect|p2b: Sableye\n|-singleturn|p2b: Sableye|Protect\n|move|p2a: Gengar|Protect|p2a: Gengar\n|-singleturn|p2a: Gengar|Protect\n|move|p1a: Archaludon|Electro Shot||[still]\n|-prepare|p1a: Archaludon|Electro Shot\n|-boost|p1a: Archaludon|spa|1\n|\n|-start|p2a: Gengar|perish2\n|-start|p1a: Archaludon|perish2\n|-start|p2b: Sableye|perish2\n|upkeep\n|turn|10\n|inactive|gchomp1 has 30 seconds left.\n|inactive|Jose m gladion has 30 seconds left.\n|inactive|gchomp1 has 20 seconds left.\n|inactive|gchomp1 has 15 seconds left.\n|inactive|gchomp1 has 10 seconds left.\n|inactive|gchomp1 has 5 seconds left.\n|\n|t:|1776200479\n|move|p2a: Gengar|Protect||[still]\n|-fail|p2a: Gengar\n|move|p2b: Sableye|Encore|p1a: Archaludon\n|-start|p1a: Archaludon|Encore\n|move|p1a: Archaludon|Electro Shot|p2b: Sableye|[from] lockedmove\n|-damage|p2b: Sableye|30/100\n|\n|-heal|p2b: Sableye|36/100|[from] item: Leftovers\n|-start|p2a: Gengar|perish1\n|-start|p1a: Archaludon|perish1\n|-start|p2b: Sableye|perish1\n|upkeep\n|turn|11\n|inactive|gchomp1 has 30 seconds left.\n|inactive|gchomp1 has 20 seconds left.\n|inactive|gchomp1 has 15 seconds left.\n|-message|gchomp1 forfeited.\n|\n|win|Jose m gladion\n|raw|gchomp1's rating: 1089 &rarr; <strong>1062</strong><br />(-27 for losing)\n|raw|Jose m gladion's rating: 1034 &rarr; <strong>1074</strong><br />(+40 for winning)\n",
  "uploadtime": 1776200533,
  "views": 20,
  "formatid": "gen9championsvgc2026regma",
  "rating": 1062,
  "private": 0,
  "password": null
}