{
  "id": "gen9championsvgc2026regma-2582466040",
  "format": "[Gen 9 Champions] VGC 2026 Reg M-A",
  "players": [
    "AJ&Scorbunny",
    "penledzuu"
  ],
  "log": "|j|\u2606AJ&Scorbunny\n|j|\u2606penledzuu\n|t:|1776093500\n|gametype|doubles\n|player|p1|AJ&Scorbunny|266|1024\n|player|p2|penledzuu|ninjaboy|1000\n|gen|9\n|tier|[Gen 9 Champions] VGC 2026 Reg M-A\n|rated|\n|rule|Species Clause: Limit one of each Pok\u00e9mon\n|rule|Item Clause: Limit 1 of each item\n|clearpoke\n|poke|p1|Volcarona, L50, F|\n|poke|p1|Oranguru, L50, F|\n|poke|p1|Drampa, L50, F|\n|poke|p1|Basculegion, L50, M|\n|poke|p1|Politoed, L50, F|\n|poke|p1|Blastoise, L50, M|\n|poke|p2|Gengar, L50, F|\n|poke|p2|Gardevoir, L50, M|\n|poke|p2|Arcanine-Hisui, L50, F|\n|poke|p2|Charizard, L50, F|\n|poke|p2|Machamp, L50, F|\n|poke|p2|Sneasler, L50, F|\n|teampreview|4\n|inactive|Battle timer is ON: inactive players will automatically lose when time's up. (requested by penledzuu)\npenledzuu rejected open team sheets.\n|\n|t:|1776093529\n|teamsize|p1|4\n|teamsize|p2|4\n|start\n|switch|p1a: Volcarona|Volcarona, L50, F|100/100\n|switch|p1b: Oranguru|Oranguru, L50, F|100/100\n|switch|p2a: Gengar|Gengar, L50, F, shiny|100/100\n|switch|p2b: Gardevoir|Gardevoir, L50, M|100/100\n|-ability|p2b: Gardevoir|Inner Focus|Trace|[from] ability: Trace|[of] p1b: Oranguru\n|turn|1\n|\n|t:|1776093547\n|move|p1a: Volcarona|Struggle Bug|p2a: Gengar|[spread] p2a,p2b\n|-resisted|p2a: Gengar|2\n|-damage|p2a: Gengar|94/100\n|-damage|p2b: Gardevoir|80/100\n|-unboost|p2a: Gengar|spa|1\n|-unboost|p2b: Gardevoir|spa|1\n|-start|p1a: Volcarona|Disable|Struggle Bug|[from] ability: Cursed Body|[of] p2a: Gengar\n|move|p2a: Gengar|Icy Wind|p1a: Volcarona|[spread] p1a,p1b\n|-resisted|p1a: Volcarona|1\n|-crit|p1a: Volcarona\n|-damage|p1a: Volcarona|91/100\n|-damage|p1b: Oranguru|92/100\n|-unboost|p1a: Volcarona|spe|1\n|-unboost|p1b: Oranguru|spe|1\n|move|p2b: Gardevoir|Mystical Fire|p1a: Volcarona\n|-damage|p1a: Volcarona|73/100\n|-unboost|p1a: Volcarona|spa|1\n|move|p1b: Oranguru|Trick Room|p1b: Oranguru\n|-fieldstart|move: Trick Room|[of] p1b: Oranguru\n|\n|upkeep\n|turn|2\n|inactive|AJ&Scorbunny has 30 seconds left.\n|inactive|penledzuu has 30 seconds left.\n|inactive|AJ&Scorbunny has 20 seconds left.\n|inactive|AJ&Scorbunny has 15 seconds left.\n|\n|t:|1776093589\n|switch|p1b: Drampa|Drampa, L50, F|100/100\n|move|p1a: Volcarona|Heat Wave|p2a: Gengar|[spread] p2a,p2b\n|-damage|p2a: Gengar|63/100\n|-damage|p2b: Gardevoir|57/100\n|-status|p2b: Gardevoir|brn\n|move|p2b: Gardevoir|Mystical Fire|p1a: Volcarona\n|-damage|p1a: Volcarona|56/100\n|-unboost|p1a: Volcarona|spa|1\n|move|p2a: Gengar|Sludge Bomb|p1a: Volcarona\n|-damage|p1a: Volcarona|25/100\n|-status|p1a: Volcarona|psn\n|\n|-damage|p1a: Volcarona|12/100 psn|[from] psn\n|-damage|p2b: Gardevoir|51/100 brn|[from] brn\n|upkeep\n|turn|3\n|inactive|AJ&Scorbunny has 30 seconds left.\n|\n|t:|1776093620\n|detailschange|p1b: Drampa|Drampa-Mega, L50, F\n|-mega|p1b: Drampa|Drampa|Drampanite\n|move|p1a: Volcarona|Rage Powder|p1a: Volcarona\n|-singleturn|p1a: Volcarona|move: Rage Powder\n|move|p1b: Drampa|Draco Meteor|p2a: Gengar|[miss]\n|-miss|p1b: Drampa|p2a: Gengar\n|move|p2b: Gardevoir|Moonblast|p1a: Volcarona\n|-resisted|p1a: Volcarona|1\n|-damage|p1a: Volcarona|0 fnt\n|faint|p1a: Volcarona\n|move|p2a: Gengar|Sludge Bomb|p1b: Drampa\n|-damage|p1b: Drampa|72/100\n|-status|p1b: Drampa|psn\n|\n|-damage|p1b: Drampa|60/100 psn|[from] psn\n|-damage|p2b: Gardevoir|45/100 brn|[from] brn\n|upkeep\n|-enditem|p2b: Gardevoir|Sitrus Berry|[eat]\n|-heal|p2b: Gardevoir|69/100 brn|[from] item: Sitrus Berry\n|\n|t:|1776093639\n|switch|p1a: Oranguru|Oranguru, L50, F|92/100\n|turn|4\n|\n|t:|1776093652\n|move|p1b: Drampa|Draco Meteor|p2a: Gengar\n|-damage|p2a: Gengar|0 fnt\n|-unboost|p1b: Drampa|spa|2\n|faint|p2a: Gengar\n|move|p1a: Oranguru|Instruct|p1b: Drampa\n|-singleturn|p1b: Drampa|move: Instruct|[of] p1a: Oranguru\n|move|p1b: Drampa|Draco Meteor|p2b: Gardevoir\n|-immune|p2b: Gardevoir\n|move|p2b: Gardevoir|Moonblast|p1b: Drampa\n|-supereffective|p1b: Drampa|1\n|-damage|p1b: Drampa|2/100 psn\n|-ability|p1b: Drampa|Berserk|boost\n|-boost|p1b: Drampa|spa|1\n|\n|-damage|p1b: Drampa|0 fnt|[from] psn\n|faint|p1b: Drampa\n|-damage|p2b: Gardevoir|63/100 brn|[from] brn\n|upkeep\n|\n|t:|1776093671\n|switch|p1b: Blastoise|Blastoise, L50, M|100/100\n|switch|p2a: Charizard|Charizard, L50, F, shiny|100/100\n|turn|5\n|inactive|AJ&Scorbunny has 30 seconds left.\n|\n|t:|1776093700\n|move|p2a: Charizard|Protect|p2a: Charizard\n|-singleturn|p2a: Charizard|Protect\n|move|p1a: Oranguru|Bulldoze|p2a: Charizard|[spread] p1b,p2b\n|-activate|p2a: Charizard|move: Protect\n|-damage|p1b: Blastoise|94/100\n|-damage|p2b: Gardevoir|52/100 brn\n|-unboost|p1b: Blastoise|spe|1\n|-unboost|p2b: Gardevoir|spe|1\n|move|p1b: Blastoise|Liquidation|p2a: Charizard\n|-activate|p2a: Charizard|move: Protect\n|move|p2b: Gardevoir|Mystical Fire|p1b: Blastoise\n|-resisted|p1b: Blastoise|1\n|-damage|p1b: Blastoise|84/100\n|-unboost|p1b: Blastoise|spa|1\n|\n|-damage|p2b: Gardevoir|46/100 brn|[from] brn\n|-fieldend|move: Trick Room\n|upkeep\n|turn|6\n|inactive|AJ&Scorbunny has 30 seconds left.\n|\n|t:|1776093728\n|detailschange|p2a: Charizard|Charizard-Mega-Y, L50, F, shiny\n|-mega|p2a: Charizard|Charizard|Charizardite Y\n|-weather|SunnyDay|[from] ability: Drought|[of] p2a: Charizard\n|move|p1b: Blastoise|Aqua Jet|p2a: Charizard\n|-supereffective|p2a: Charizard|1\n|-damage|p2a: Charizard|80/100\n|move|p2a: Charizard|Heat Wave|p1b: Blastoise|[spread] p1a,p1b\n|-resisted|p1b: Blastoise|1\n|-damage|p1a: Oranguru|45/100\n|-damage|p1b: Blastoise|48/100\n|move|p2b: Gardevoir|Moonblast|p1b: Blastoise\n|-damage|p1b: Blastoise|12/100\n|move|p1a: Oranguru|Instruct|p1b: Blastoise\n|-singleturn|p1b: Blastoise|move: Instruct|[of] p1a: Oranguru\n|move|p1b: Blastoise|Aqua Jet|p2a: Charizard\n|-supereffective|p2a: Charizard|1\n|-damage|p2a: Charizard|50/100\n|\n|-weather|SunnyDay|[upkeep]\n|-damage|p2b: Gardevoir|40/100 brn|[from] brn\n|upkeep\n|turn|7\n|-message|AJ&Scorbunny forfeited.\n|\n|win|penledzuu\n|raw|AJ&amp;Scorbunny's rating: 1024 &rarr; <strong>1009</strong><br />(-15 for losing)\n|raw|penledzuu's rating: 1000 &rarr; <strong>1043</strong><br />(+43 for winning)\n|l|\u2606AJ&Scorbunny\n|player|p1|\n",
  "uploadtime": 1776093754,
  "views": 12,
  "formatid": "gen9championsvgc2026regma",
  "rating": 1009,
  "private": 0,
  "password": null
}