{
  "id": "gen9championsvgc2026regma-2587466709",
  "format": "[Gen 9 Champions] VGC 2026 Reg M-A",
  "players": [
    "HuntressRubyRose",
    "Danielopi"
  ],
  "log": "|j|\u2606HuntressRubyRose\n|j|\u2606Danielopi\n|t:|1776534229\n|gametype|doubles\n|player|p1|HuntressRubyRose|miku-ghost|1154\n|player|p2|Danielopi|pokemaniac|1153\n|gen|9\n|tier|[Gen 9 Champions] VGC 2026 Reg M-A\n|rated|\n|rule|Species Clause: Limit one of each Pok\u00e9mon\n|rule|Item Clause: Limit 1 of each item\n|clearpoke\n|poke|p1|Garchomp, L50, F|\n|poke|p1|Delphox, L50, M|\n|poke|p1|Sinistcha, L50|\n|poke|p1|Torkoal, L50, M|\n|poke|p1|Gyarados, L50, M|\n|poke|p1|Aerodactyl, L50, M|\n|poke|p2|Sableye, L50, F|\n|poke|p2|Incineroar, L50, F|\n|poke|p2|Farigiraf, L50, M|\n|poke|p2|Palafin, L50, F|\n|poke|p2|Gengar, L50, F|\n|poke|p2|Golurk, L50|\n|teampreview|4\n|inactive|Battle timer is ON: inactive players will automatically lose when time's up. (requested by Danielopi)\n|inactive|HuntressRubyRose has 60 seconds left.\n|inactive|Danielopi has 60 seconds left.\n|\n|t:|1776534268\n|teamsize|p1|4\n|teamsize|p2|4\n|start\n|switch|p1a: Delphox|Delphox, L50, M|100/100\n|switch|p1b: Garchomp|Garchomp, L50, F|100/100\n|switch|p2a: Incineroar|Incineroar, L50, F|100/100\n|switch|p2b: Gengar|Gengar, L50, F|100/100\n|-ability|p2a: Incineroar|Intimidate|boost\n|-unboost|p1a: Delphox|atk|1\n|-unboost|p1b: Garchomp|atk|1\n|turn|1\n|inactive|Danielopi has 30 seconds left.\n|inactive|Danielopi has 20 seconds left.\n|inactive|Danielopi has 15 seconds left.\n|\n|t:|1776534310\n|switch|p1a: Aerodactyl|Aerodactyl, L50, M|100/100\n|-ability|p1a: Aerodactyl|Unnerve\n|move|p2b: Gengar|Protect|p2b: Gengar\n|-singleturn|p2b: Gengar|Protect\n|move|p1b: Garchomp|Earthquake|p2a: Incineroar|[spread] p2a\n|-activate|p2b: Gengar|move: Protect\n|-immune|p1a: Aerodactyl\n|-supereffective|p2a: Incineroar|1\n|-damage|p2a: Incineroar|45/100\n|move|p2a: Incineroar|Darkest Lariat|p1a: Aerodactyl\n|-damage|p1a: Aerodactyl|26/100\n|\n|upkeep\n|turn|2\n|inactive|Danielopi has 30 seconds left.\n|\n|t:|1776534343\n|switch|p2b: Sableye|Sableye, L50, F|100/100\n|switch|p2a: Golurk|Golurk, L50|100/100\n|move|p1a: Aerodactyl|Rock Slide|p2a: Golurk|[spread] p2a,p2b\n|-resisted|p2a: Golurk|1\n|-damage|p2a: Golurk|86/100\n|-damage|p2b: Sableye|67/100\n|move|p1b: Garchomp|Earthquake|p2a: Golurk|[spread] p2a,p2b\n|-immune|p1a: Aerodactyl\n|-damage|p2a: Golurk|59/100\n|-damage|p2b: Sableye|31/100\n|\n|-heal|p2b: Sableye|37/100|[from] item: Leftovers\n|upkeep\n|turn|3\n|inactive|HuntressRubyRose has 30 seconds left.\n|inactive|Danielopi has 30 seconds left.\n|inactive|Danielopi has 20 seconds left.\n|\n|t:|1776534380\n|detailschange|p2a: Golurk|Golurk-Mega, L50\n|-mega|p2a: Golurk|Golurk|Golurkite\n|move|p2b: Sableye|Quash|p1b: Garchomp\n|-activate|p1b: Garchomp|move: Quash\n|move|p1a: Aerodactyl|Rock Slide|p2a: Golurk|[spread] p2a,p2b\n|-resisted|p2a: Golurk|1\n|-damage|p2a: Golurk|48/100\n|-damage|p2b: Sableye|0 fnt\n|faint|p2b: Sableye\n|move|p2a: Golurk|Ice Punch|p1b: Garchomp\n|-supereffective|p1b: Garchomp|2\n|-damage|p1b: Garchomp|0 fnt\n|-damage|p2a: Golurk|36/100|[from] ability: Rough Skin|[of] p1b: Garchomp\n|faint|p1b: Garchomp\n|\n|upkeep\n|\n|t:|1776534394\n|switch|p1b: Sinistcha|Sinistcha, L50|100/100\n|switch|p2b: Incineroar|Incineroar, L50, F|45/100\n|-ability|p2b: Incineroar|Intimidate|boost\n|-unboost|p1a: Aerodactyl|atk|1\n|-unboost|p1b: Sinistcha|atk|1\n|-heal|p1a: Aerodactyl|51/100|[from] ability: Hospitality|[of] p1b: Sinistcha\n|turn|4\n|\n|t:|1776534409\n|move|p1a: Aerodactyl|Tailwind|p1a: Aerodactyl\n|-sidestart|p1: HuntressRubyRose|move: Tailwind\n|move|p1b: Sinistcha|Matcha Gotcha|p2a: Golurk|[spread] p2a,p2b\n|-supereffective|p2a: Golurk|1\n|-resisted|p2b: Incineroar|1\n|-damage|p2a: Golurk|0 fnt\n|-damage|p2b: Incineroar|35/100\n|faint|p2a: Golurk\n|move|p2b: Incineroar|Darkest Lariat|p1a: Aerodactyl\n|-damage|p1a: Aerodactyl|0 fnt\n|faint|p1a: Aerodactyl\n|\n|upkeep\n|\n|t:|1776534420\n|switch|p1a: Delphox|Delphox, L50, M|100/100\n|switch|p2a: Gengar|Gengar, L50, F|100/100\n|turn|5\n|\n|t:|1776534439\n|detailschange|p1a: Delphox|Delphox-Mega, L50, M\n|-mega|p1a: Delphox|Delphox|Delphoxite\n|move|p1b: Sinistcha|Rage Powder|p1b: Sinistcha\n|-singleturn|p1b: Sinistcha|move: Rage Powder\n|move|p1a: Delphox|Psychic|p2a: Gengar\n|-supereffective|p2a: Gengar|1\n|-damage|p2a: Gengar|0 fnt\n|faint|p2a: Gengar\n|move|p2b: Incineroar|Darkest Lariat|p1b: Sinistcha\n|-supereffective|p1b: Sinistcha|1\n|-damage|p1b: Sinistcha|25/100\n|-enditem|p1b: Sinistcha|Sitrus Berry|[eat]\n|-heal|p1b: Sinistcha|50/100|[from] item: Sitrus Berry\n|\n|upkeep\n|turn|6\n|-message|Danielopi forfeited.\n|\n|win|HuntressRubyRose\n|raw|HuntressRubyRose's rating: 1154 &rarr; <strong>1179</strong><br />(+25 for winning)\n|raw|Danielopi's rating: 1153 &rarr; <strong>1128</strong><br />(-25 for losing)\n|l|\u2606Danielopi\n|player|p2|\n",
  "uploadtime": 1776534671,
  "views": 17,
  "formatid": "gen9championsvgc2026regma",
  "rating": 1128,
  "private": 0,
  "password": null
}