{
  "id": "gen9championsvgc2026regma-2584928946",
  "format": "[Gen 9 Champions] VGC 2026 Reg M-A",
  "players": [
    "Tempest Flute",
    "Diyante"
  ],
  "log": "|j|\u2606Tempest Flute\n|j|\u2606Diyante\n|t:|1776295420\n|gametype|doubles\n|player|p1|Tempest Flute|youngster-gen1rb|1358\n|player|p2|Diyante|florian-bb|1267\n|gen|9\n|tier|[Gen 9 Champions] VGC 2026 Reg M-A\n|rated|\n|rule|Species Clause: Limit one of each Pok\u00e9mon\n|rule|Item Clause: Limit 1 of each item\n|clearpoke\n|poke|p1|Glimmora, L50, M|\n|poke|p1|Talonflame, L50, M|\n|poke|p1|Farigiraf, L50, F|\n|poke|p1|Ninetales-Alola, L50, F|\n|poke|p1|Garchomp, L50, F|\n|poke|p1|Hydreigon, L50, F|\n|poke|p2|Delphox, L50, F|\n|poke|p2|Aerodactyl, L50, M|\n|poke|p2|Kingambit, L50, M|\n|poke|p2|Clefable, L50, F|\n|poke|p2|Dragonite, L50, M|\n|poke|p2|Rotom-Mow, L50|\n|teampreview|4\n|inactive|Battle timer is ON: inactive players will automatically lose when time's up. (requested by Tempest Flute)\n|inactive|Tempest Flute has 60 seconds left.\n|\n|t:|1776295458\n|teamsize|p1|4\n|teamsize|p2|4\n|start\n|switch|p1a: Gyro Zepelli|Talonflame, L50, M, shiny|100/100\n|switch|p1b: Sandman|Garchomp, L50, F|100/100\n|switch|p2a: Kingambit|Kingambit, L50, M|100/100\n|switch|p2b: Aerodactyl|Aerodactyl, L50, M|100/100\n|-ability|p2b: Aerodactyl|Unnerve\n|turn|1\n|\n|t:|1776295474\n|move|p1a: Gyro Zepelli|Tailwind|p1a: Gyro Zepelli\n|-sidestart|p1: Tempest Flute|move: Tailwind\n|move|p1b: Sandman|Rock Slide|p2a: Kingambit|[spread] p2a,p2b\n|-resisted|p2a: Kingambit|1\n|-supereffective|p2b: Aerodactyl|1\n|-damage|p2a: Kingambit|93/100\n|-damage|p2b: Aerodactyl|38/100\n|move|p2b: Aerodactyl|Tailwind|p2b: Aerodactyl\n|-sidestart|p2: Diyante|move: Tailwind\n|move|p2a: Kingambit|Swords Dance|p2a: Kingambit\n|-boost|p2a: Kingambit|atk|2\n|\n|upkeep\n|turn|2\n|\n|t:|1776295493\n|move|p1a: Gyro Zepelli|Protect|p1a: Gyro Zepelli\n|-singleturn|p1a: Gyro Zepelli|Protect\n|move|p2a: Kingambit|Sucker Punch||[still]\n|-fail|p2a: Kingambit\n|move|p2b: Aerodactyl|Rock Slide|p1b: Sandman|[spread] \n|-activate|p1a: Gyro Zepelli|move: Protect\n|-miss|p2b: Aerodactyl|p1b: Sandman\n|move|p1b: Sandman|Stomping Tantrum|p2a: Kingambit\n|-supereffective|p2a: Kingambit|1\n|-damage|p2a: Kingambit|26/100\n|\n|upkeep\n|turn|3\n|\n|t:|1776295513\n|move|p1a: Gyro Zepelli|Brave Bird|p2b: Aerodactyl\n|-resisted|p2b: Aerodactyl|1\n|-damage|p2b: Aerodactyl|0 fnt\n|faint|p2b: Aerodactyl\n|-damage|p1a: Gyro Zepelli|88/100|[from] Recoil\n|move|p2a: Kingambit|Sucker Punch|p1b: Sandman\n|-damage|p1b: Sandman|0 fnt\n|-damage|p2a: Kingambit|14/100|[from] ability: Rough Skin|[of] p1b: Sandman\n|faint|p1b: Sandman\n|\n|upkeep\n|\n|t:|1776295519\n|switch|p2b: Clefable|Clefable, L50, F|100/100\n|switch|p1b: Slow Dancer|Ninetales-Alola, L50, F|100/100\n|-weather|Snowscape|[from] ability: Snow Warning|[of] p1b: Slow Dancer\n|turn|4\n|\n|t:|1776295527\n|switch|p1a: Johnny Joestar|Glimmora, L50, M|100/100\n|move|p2b: Clefable|Follow Me|p2b: Clefable\n|-singleturn|p2b: Clefable|move: Follow Me\n|move|p2a: Kingambit|Sucker Punch|p1b: Slow Dancer\n|-resisted|p1b: Slow Dancer|1\n|-crit|p1b: Slow Dancer\n|-damage|p1b: Slow Dancer|31/100\n|move|p1b: Slow Dancer|Blizzard|p2b: Clefable|[spread] p2a,p2b\n|-resisted|p2a: Kingambit|1\n|-crit|p2b: Clefable\n|-damage|p2a: Kingambit|0 fnt\n|-damage|p2b: Clefable|65/100\n|faint|p2a: Kingambit\n|\n|-weather|Snowscape|[upkeep]\n|-sideend|p2: Diyante|move: Tailwind\n|-sideend|p1: Tempest Flute|move: Tailwind\n|upkeep\n|\n|t:|1776295534\n|switch|p2a: Delphox|Delphox, L50, F, shiny|100/100\n|turn|5\n|inactive|Diyante has 30 seconds left.\n|\n|t:|1776295569\n|detailschange|p2a: Delphox|Delphox-Mega, L50, F, shiny\n|-mega|p2a: Delphox|Delphox|Delphoxite\n|move|p1a: Johnny Joestar|Spiky Shield|p1a: Johnny Joestar\n|-singleturn|p1a: Johnny Joestar|move: Protect\n|move|p2a: Delphox|Psychic|p1a: Johnny Joestar\n|-activate|p1a: Johnny Joestar|move: Protect\n|move|p1b: Slow Dancer|Icy Wind|p2a: Delphox|[spread] p2a,p2b\n|-resisted|p2a: Delphox|1\n|-damage|p2a: Delphox|92/100\n|-damage|p2b: Clefable|55/100\n|-unboost|p2a: Delphox|spe|1\n|-unboost|p2b: Clefable|spe|1\n|move|p2b: Clefable|Moonblast|p1b: Slow Dancer\n|-damage|p1b: Slow Dancer|0 fnt\n|faint|p1b: Slow Dancer\n|\n|-weather|Snowscape|[upkeep]\n|upkeep\n|\n|t:|1776295582\n|switch|p1b: Gyro Zepelli|Talonflame, L50, M, shiny|88/100\n|turn|6\n|inactive|Tempest Flute has 30 seconds left.\n|\n|t:|1776295610\n|detailschange|p1a: Johnny Joestar|Glimmora-Mega, L50, M\n|-mega|p1a: Johnny Joestar|Glimmora|Glimmoranite\n|move|p2b: Clefable|Follow Me|p2b: Clefable\n|-singleturn|p2b: Clefable|move: Follow Me\n|move|p1b: Gyro Zepelli|Brave Bird|p2b: Clefable\n|-damage|p2b: Clefable|0 fnt\n|faint|p2b: Clefable\n|-damage|p1b: Gyro Zepelli|64/100|[from] Recoil\n|move|p1a: Johnny Joestar|Power Gem|p2a: Delphox\n|-supereffective|p2a: Delphox|1\n|-damage|p2a: Delphox|0 fnt\n|faint|p2a: Delphox\n|\n|win|Tempest Flute\n|raw|Tempest Flute's rating: 1358 &rarr; <strong>1373</strong><br />(+15 for winning)\n|raw|Diyante's rating: 1267 &rarr; <strong>1248</strong><br />(-19 for losing)\n|l|\u2606Diyante\n|player|p2|\n",
  "uploadtime": 1776295619,
  "views": 34,
  "formatid": "gen9championsvgc2026regma",
  "rating": 1248,
  "private": 0,
  "password": null
}