{
  "id": "gen9championsvgc2026regma-2583525856",
  "format": "[Gen 9 Champions] VGC 2026 Reg M-A",
  "players": [
    "Mbozzo11",
    "Vizsla_falconer"
  ],
  "log": "|j|\u2606Mbozzo11\n|j|\u2606Vizsla_falconer\n|t:|1776181189\n|gametype|doubles\n|player|p1|Mbozzo11|lucas|1059\n|player|p2|Vizsla_falconer|1|1082\n|gen|9\n|tier|[Gen 9 Champions] VGC 2026 Reg M-A\n|rated|\n|rule|Species Clause: Limit one of each Pok\u00e9mon\n|rule|Item Clause: Limit 1 of each item\n|clearpoke\n|poke|p1|Charizard, L50, M|\n|poke|p1|Kingambit, L50, F|\n|poke|p1|Incineroar, L50, M|\n|poke|p1|Aerodactyl, L50, M|\n|poke|p1|Sneasler, L50, F|\n|poke|p1|Floette-Eternal, L50, F|\n|poke|p2|Excadrill, L50, F|\n|poke|p2|Tyranitar, L50, M|\n|poke|p2|Orthworm, L50, F|\n|poke|p2|Dragonite, L50, F|\n|poke|p2|Ceruledge, L50, F|\n|poke|p2|Sinistcha, L50|\n|teampreview|4\n|inactive|Battle timer is ON: inactive players will automatically lose when time's up. (requested by Mbozzo11)\n|inactive|Vizsla_falconer has 60 seconds left.\n|\n|t:|1776181227\n|teamsize|p1|4\n|teamsize|p2|4\n|start\n|switch|p1a: Charizard|Charizard, L50, M|100/100\n|switch|p1b: Floette|Floette-Eternal, L50, F|100/100\n|switch|p2a: Excadrill|Excadrill, L50, F|100/100\n|switch|p2b: Ceruledge|Ceruledge, L50, F|100/100\n|turn|1\n|inactive|Vizsla_falconer has 30 seconds left.\n|\n|t:|1776181254\n|move|p1a: Charizard|Protect|p1a: Charizard\n|-singleturn|p1a: Charizard|Protect\n|move|p2a: Excadrill|Protect|p2a: Excadrill\n|-singleturn|p2a: Excadrill|Protect\n|move|p2b: Ceruledge|Swords Dance|p2b: Ceruledge\n|-boost|p2b: Ceruledge|atk|2\n|move|p1b: Floette|Calm Mind|p1b: Floette\n|-boost|p1b: Floette|spa|1\n|-boost|p1b: Floette|spd|1\n|\n|upkeep\n|turn|2\n|l|\u2606Vizsla_falconer\n|inactive|Vizsla_falconer disconnected and has a minute to reconnect!\n|player|p2|\n|j|\u2606Vizsla_falconer\n|inactive|Vizsla_falconer reconnected and has 35 seconds left.\n|player|p2|Vizsla_falconer|1|\n|inactive|Vizsla_falconer has 30 seconds left.\n|\n|t:|1776181286\n|switch|p1a: Incineroar|Incineroar, L50, M|100/100\n|-ability|p1a: Incineroar|Intimidate|boost\n|-unboost|p2a: Excadrill|atk|1\n|-unboost|p2b: Ceruledge|atk|1\n|move|p1b: Floette|Protect|p1b: Floette\n|-singleturn|p1b: Floette|Protect\n|move|p2b: Ceruledge|Bitter Blade|p1b: Floette\n|-activate|p1b: Floette|move: Protect\n|move|p2a: Excadrill|Rock Slide|p1b: Floette|[spread] \n|-activate|p1b: Floette|move: Protect\n|-miss|p2a: Excadrill|p1a: Incineroar\n|\n|upkeep\n|turn|3\n|inactive|Vizsla_falconer has 30 seconds left.\n|\n|t:|1776181312\n|switch|p2b: Tyranitar|Tyranitar, L50, M|100/100\n|-weather|Sandstorm|[from] ability: Sand Stream|[of] p2b: Tyranitar\n|move|p1a: Incineroar|Fake Out|p2a: Excadrill\n|-resisted|p2a: Excadrill|1\n|-damage|p2a: Excadrill|90/100\n|cant|p2a: Excadrill|flinch\n|move|p1b: Floette|Calm Mind|p1b: Floette\n|-boost|p1b: Floette|spa|1\n|-boost|p1b: Floette|spd|1\n|\n|-weather|Sandstorm|[upkeep]\n|-damage|p1b: Floette|94/100|[from] Sandstorm\n|-damage|p1a: Incineroar|95/100|[from] Sandstorm\n|upkeep\n|turn|4\n|inactive|Mbozzo11 has 30 seconds left.\n|\n|t:|1776181341\n|move|p2a: Excadrill|Iron Head|p1b: Floette\n|-supereffective|p1b: Floette|1\n|-damage|p1b: Floette|0 fnt\n|faint|p1b: Floette\n|move|p2b: Tyranitar|Rock Slide|p1a: Incineroar\n|-supereffective|p1a: Incineroar|1\n|-damage|p1a: Incineroar|22/100\n|cant|p1a: Incineroar|flinch\n|\n|-weather|Sandstorm|[upkeep]\n|-damage|p1a: Incineroar|16/100|[from] Sandstorm\n|upkeep\n|\n|t:|1776181350\n|switch|p1b: Aerodactyl|Aerodactyl, L50, M|100/100\n|-ability|p1b: Aerodactyl|Unnerve\n|turn|5\n|inactive|Vizsla_falconer has 30 seconds left.\n|inactive|Vizsla_falconer has 20 seconds left.\n|\n|t:|1776181386\n|switch|p2b: Orthworm|Orthworm, L50, F|100/100\n|move|p2a: Excadrill|Rock Slide|p1a: Incineroar|[spread] p1a,p1b\n|-supereffective|p1a: Incineroar|1\n|-supereffective|p1b: Aerodactyl|1\n|-damage|p1a: Incineroar|0 fnt\n|-damage|p1b: Aerodactyl|50/100\n|faint|p1a: Incineroar\n|cant|p1b: Aerodactyl|flinch\n|\n|-weather|Sandstorm|[upkeep]\n|upkeep\n|\n|t:|1776181392\n|switch|p1a: Charizard|Charizard, L50, M|100/100\n|turn|6\n|\n|t:|1776181407\n|switch|p2b: Ceruledge|Ceruledge, L50, F|100/100\n|detailschange|p1a: Charizard|Charizard-Mega-Y, L50, M\n|-mega|p1a: Charizard|Charizard|Charizardite Y\n|-weather|SunnyDay|[from] ability: Drought|[of] p1a: Charizard\n|move|p1b: Aerodactyl|Tailwind|p1b: Aerodactyl\n|-sidestart|p1: Mbozzo11|move: Tailwind\n|move|p1a: Charizard|Weather Ball|p2b: Ceruledge\n|-start|p2b: Ceruledge|ability: Flash Fire\n|move|p2a: Excadrill|Rock Slide|p1b: Aerodactyl|[spread] p1a,p1b\n|-supereffective|p1a: Charizard|2\n|-supereffective|p1b: Aerodactyl|1\n|-damage|p1a: Charizard|2/100\n|-damage|p1b: Aerodactyl|1/100\n|\n|-weather|SunnyDay|[upkeep]\n|upkeep\n|turn|7\n|\n|t:|1776181431\n|move|p2a: Excadrill|Protect|p2a: Excadrill\n|-singleturn|p2a: Excadrill|Protect\n|move|p2b: Ceruledge|Shadow Sneak|p1b: Aerodactyl\n|-damage|p1b: Aerodactyl|0 fnt\n|faint|p1b: Aerodactyl\n|move|p1a: Charizard|Weather Ball|p2a: Excadrill\n|-activate|p2a: Excadrill|move: Protect\n|\n|-weather|SunnyDay|[upkeep]\n|upkeep\n|turn|8\n|-message|Mbozzo11 forfeited.\n|\n|win|Vizsla_falconer\n|raw|Mbozzo11's rating: 1059 &rarr; <strong>1041</strong><br />(-18 for losing)\n|raw|Vizsla_falconer's rating: 1082 &rarr; <strong>1108</strong><br />(+26 for winning)\n|l|\u2606Mbozzo11\n|player|p1|\n",
  "uploadtime": 1776181447,
  "views": 17,
  "formatid": "gen9championsvgc2026regma",
  "rating": 1041,
  "private": 0,
  "password": null
}