{
  "id": "gen9championsvgc2026regma-2586955486",
  "format": "[Gen 9 Champions] VGC 2026 Reg M-A",
  "players": [
    "KinimaP",
    "arroyofran2"
  ],
  "log": "|j|\u2606KinimaP\n|j|\u2606arroyofran2\n|t:|1776475355\n|gametype|doubles\n|player|p1|KinimaP|265|1344\n|player|p2|arroyofran2|fisherman|1401\n|gen|9\n|tier|[Gen 9 Champions] VGC 2026 Reg M-A\n|rated|\n|rule|Species Clause: Limit one of each Pok\u00e9mon\n|rule|Item Clause: Limit 1 of each item\n|clearpoke\n|poke|p1|Floette-Eternal, L50, F|\n|poke|p1|Delphox, L50, M|\n|poke|p1|Maushold-Four, L50|\n|poke|p1|Basculegion, L50, M|\n|poke|p1|Garchomp, L50, M|\n|poke|p1|Kingambit, L50, F|\n|poke|p2|Starmie, L50|\n|poke|p2|Pelipper, L50, M|\n|poke|p2|Farigiraf, L50, M|\n|poke|p2|Sneasler, L50, M|\n|poke|p2|Mamoswine, L50, M|\n|poke|p2|Milotic, L50, F|\n|teampreview|4\n|\n|t:|1776475384\n|teamsize|p1|4\n|teamsize|p2|4\n|start\n|switch|p1a: Floette|Floette-Eternal, L50, F|100/100\n|switch|p1b: Maushold|Maushold-Four, L50|100/100\n|switch|p2a: Pelipper|Pelipper, L50, M|100/100\n|switch|p2b: Milotic|Milotic, L50, F|100/100\n|-weather|RainDance|[from] ability: Drizzle|[of] p2a: Pelipper\n|turn|1\n|inactive|Battle timer is ON: inactive players will automatically lose when time's up. (requested by arroyofran2)\n|\n|t:|1776475405\n|detailschange|p1a: Floette|Floette-Mega, L50, F\n|-mega|p1a: Floette|Floette|Floettite\n|-ability|p1a: Floette|Fairy Aura\n|move|p1b: Maushold|Feint|p2a: Pelipper\n|-damage|p2a: Pelipper|89/100\n|move|p1a: Floette|Dazzling Gleam|p2b: Milotic|[spread] p2a,p2b\n|-damage|p2a: Pelipper|3/100\n|-damage|p2b: Milotic|69/100\n|move|p2a: Pelipper|Tailwind|p2a: Pelipper\n|-sidestart|p2: arroyofran2|move: Tailwind\n|move|p2b: Milotic|Coil|p2b: Milotic\n|-boost|p2b: Milotic|atk|1\n|-boost|p2b: Milotic|def|1\n|-boost|p2b: Milotic|accuracy|1\n|\n|-weather|RainDance|[upkeep]\n|-heal|p2b: Milotic|75/100|[from] item: Leftovers\n|upkeep\n|turn|2\n|inactive|KinimaP has 30 seconds left.\n|\n|t:|1776475433\n|move|p1b: Maushold|Feint|p2a: Pelipper\n|-damage|p2a: Pelipper|0 fnt\n|faint|p2a: Pelipper\n|move|p2b: Milotic|Hypnosis|p1a: Floette|[miss]\n|-miss|p2b: Milotic|p1a: Floette\n|move|p1a: Floette|Moonblast|p2b: Milotic\n|-damage|p2b: Milotic|22/100\n|\n|-weather|RainDance|[upkeep]\n|-heal|p2b: Milotic|28/100|[from] item: Leftovers\n|upkeep\n|\n|t:|1776475443\n|switch|p2a: Starmie|Starmie, L50, shiny|100/100\n|turn|3\n|\n|t:|1776475464\n|detailschange|p2a: Starmie|Starmie-Mega, L50, shiny\n|-mega|p2a: Starmie|Starmie|Starminite\n|move|p1b: Maushold|Follow Me|p1b: Maushold\n|-singleturn|p1b: Maushold|move: Follow Me\n|move|p2a: Starmie|Liquidation|p1b: Maushold\n|-damage|p1b: Maushold|0 fnt\n|faint|p1b: Maushold\n|move|p2b: Milotic|Muddy Water|p1a: Floette\n|-damage|p1a: Floette|58/100\n|-unboost|p1a: Floette|accuracy|1\n|move|p1a: Floette|Dazzling Gleam|p2a: Starmie|[spread] p2a,p2b\n|-damage|p2a: Starmie|41/100\n|-damage|p2b: Milotic|0 fnt\n|faint|p2b: Milotic\n|\n|-weather|RainDance|[upkeep]\n|upkeep\n|\n|t:|1776475482\n|switch|p1b: Kingambit|Kingambit, L50, F|100/100\n|switch|p2b: Sneasler|Sneasler, L50, M|100/100\n|turn|4\n|\n|t:|1776475496\n|move|p1a: Floette|Protect|p1a: Floette\n|-singleturn|p1a: Floette|Protect\n|move|p1b: Kingambit|Protect|p1b: Kingambit\n|-singleturn|p1b: Kingambit|Protect\n|move|p2a: Starmie|Liquidation|p1a: Floette\n|-activate|p1a: Floette|move: Protect\n|move|p2b: Sneasler|Close Combat|p1b: Kingambit\n|-activate|p1b: Kingambit|move: Protect\n|\n|-weather|RainDance|[upkeep]\n|-sideend|p2: arroyofran2|move: Tailwind\n|upkeep\n|turn|5\n|\n|t:|1776475514\n|move|p2a: Starmie|Protect|p2a: Starmie\n|-singleturn|p2a: Starmie|Protect\n|move|p1b: Kingambit|Sucker Punch||[still]\n|-fail|p1b: Kingambit\n|move|p2b: Sneasler|Close Combat|p1b: Kingambit\n|-supereffective|p1b: Kingambit|2\n|-damage|p1b: Kingambit|0 fnt\n|-unboost|p2b: Sneasler|def|1\n|-unboost|p2b: Sneasler|spd|1\n|faint|p1b: Kingambit\n|-enditem|p2b: Sneasler|White Herb\n|-clearnegativeboost|p2b: Sneasler|[silent]\n|move|p1a: Floette|Dazzling Gleam|p2b: Sneasler|[spread] p2b\n|-activate|p2a: Starmie|move: Protect\n|-damage|p2b: Sneasler|36/100\n|\n|-weather|none\n|upkeep\n|\n|t:|1776475524\n|switch|p1b: Basculegion|Basculegion, L50, M|100/100\n|turn|6\n|inactive|KinimaP has 30 seconds left.\n|\n|t:|1776475551\n|move|p1a: Floette|Protect|p1a: Floette\n|-singleturn|p1a: Floette|Protect\n|move|p1b: Basculegion|Aqua Jet|p2b: Sneasler\n|-damage|p2b: Sneasler|0 fnt\n|faint|p2b: Sneasler\n|move|p2a: Starmie|Liquidation|p1b: Basculegion\n|-resisted|p1b: Basculegion|1\n|-damage|p1b: Basculegion|53/100\n|\n|upkeep\n|turn|7\n|\n|t:|1776475563\n|move|p2a: Starmie|Liquidation|p1a: Floette\n|-damage|p1a: Floette|0 fnt\n|faint|p1a: Floette\n|move|p1b: Basculegion|Last Respects|p2a: Starmie\n|-supereffective|p2a: Starmie|1\n|-damage|p2a: Starmie|0 fnt\n|faint|p2a: Starmie\n|\n|win|KinimaP\n|raw|KinimaP's rating: 1344 &rarr; <strong>1367</strong><br />(+23 for winning)\n|raw|arroyofran2's rating: 1401 &rarr; <strong>1378</strong><br />(-23 for losing)\n|l|\u2606arroyofran2\n|player|p2|\n",
  "uploadtime": 1776475582,
  "views": 36,
  "formatid": "gen9championsvgc2026regma",
  "rating": 1367,
  "private": 0,
  "password": null
}