{
  "id": "gen9championsvgc2026regma-2582677932",
  "format": "[Gen 9 Champions] VGC 2026 Reg M-A",
  "players": [
    "thepeasent",
    "jeffyang"
  ],
  "log": "|j|\u2606thepeasent\n|j|\u2606jeffyang\n|t:|1776106703\n|gametype|doubles\n|player|p1|thepeasent|gloria-dojo|1176\n|player|p2|jeffyang|170|1262\n|gen|9\n|tier|[Gen 9 Champions] VGC 2026 Reg M-A\n|rated|\n|rule|Species Clause: Limit one of each Pok\u00e9mon\n|rule|Item Clause: Limit 1 of each item\n|clearpoke\n|poke|p1|Glimmora, L50, M|\n|poke|p1|Tyranitar, L50, M|\n|poke|p1|Excadrill, L50, M|\n|poke|p1|Milotic, L50, M|\n|poke|p1|Sneasler, L50, M|\n|poke|p1|Rotom-Wash, L50|\n|poke|p2|Gengar, L50, M|\n|poke|p2|Incineroar, L50, F|\n|poke|p2|Pelipper, L50, M|\n|poke|p2|Archaludon, L50, F|\n|poke|p2|Corviknight, L50, M|\n|poke|p2|Basculegion, L50, M|\n|teampreview|4\n|inactive|Battle timer is ON: inactive players will automatically lose when time's up. (requested by jeffyang)\n|inactive|thepeasent also wants the timer to be on.\n|j| wixlee\n|inactive|thepeasent has 60 seconds left.\n|c| wixlee|goated team jeffyang\n|\n|t:|1776106738\n|teamsize|p1|4\n|teamsize|p2|4\n|start\n|switch|p1a: Excadrill|Excadrill, L50, M|100/100\n|switch|p1b: Rotom|Rotom-Wash, L50|100/100\n|switch|p2a: Gengar|Gengar, L50, M|100/100\n|switch|p2b: Corviknight|Corviknight, L50, M|100/100\n|turn|1\n|\n|t:|1776106751\n|switch|p2b: Archaludon|Archaludon, L50, F|100/100\n|detailschange|p2a: Gengar|Gengar-Mega, L50, M\n|-mega|p2a: Gengar|Gengar|Gengarite\n|move|p2a: Gengar|Protect|p2a: Gengar\n|-singleturn|p2a: Gengar|Protect\n|move|p1a: Excadrill|Earthquake|p2a: Gengar|[spread] p2b\n|-activate|p2a: Gengar|move: Protect\n|-immune|p1b: Rotom|[from] ability: Levitate\n|-supereffective|p2b: Archaludon|1\n|-damage|p2b: Archaludon|33/100\n|-ability|p2b: Archaludon|Stamina|boost\n|-boost|p2b: Archaludon|def|1\n|move|p1b: Rotom|Electroweb|p2a: Gengar|[spread] p2b\n|-activate|p2a: Gengar|move: Protect\n|-resisted|p2b: Archaludon|1\n|-damage|p2b: Archaludon|24/100\n|-unboost|p2b: Archaludon|spe|1\n|-ability|p2b: Archaludon|Stamina|boost\n|-boost|p2b: Archaludon|def|1\n|-enditem|p2b: Archaludon|White Herb\n|-clearnegativeboost|p2b: Archaludon|[silent]\n|\n|upkeep\n|turn|2\n|inactive|jeffyang has 30 seconds left.\n|\n|t:|1776106778\n|switch|p2b: Corviknight|Corviknight, L50, M|100/100\n|move|p1a: Excadrill|Protect|p1a: Excadrill\n|-singleturn|p1a: Excadrill|Protect\n|move|p2a: Gengar|Disable|p1a: Excadrill\n|-activate|p1a: Excadrill|move: Protect\n|move|p1b: Rotom|Volt Switch|p2a: Gengar\n|-damage|p2a: Gengar|66/100\n|\n|t:|1776106789\n|switch|p1b: Tyranitar|Tyranitar, L50, M, shiny|100/100|[from] Volt Switch\n|-weather|Sandstorm|[from] ability: Sand Stream|[of] p1b: Tyranitar\n|\n|-weather|Sandstorm|[upkeep]\n|-damage|p2a: Gengar|59/100|[from] Sandstorm\n|upkeep\n|turn|3\n|\n|t:|1776106801\n|move|p2a: Gengar|Protect|p2a: Gengar\n|-singleturn|p2a: Gengar|Protect\n|move|p1a: Excadrill|Rock Slide|p2a: Gengar|[spread] p2b\n|-activate|p2a: Gengar|move: Protect\n|-damage|p2b: Corviknight|86/100\n|move|p1b: Tyranitar|Rock Slide|p2a: Gengar|[spread] p2b\n|-activate|p2a: Gengar|move: Protect\n|-damage|p2b: Corviknight|68/100\n|cant|p2b: Corviknight|flinch\n|\n|-weather|Sandstorm|[upkeep]\n|-damage|p2a: Gengar|53/100|[from] Sandstorm\n|-heal|p2b: Corviknight|74/100|[from] item: Leftovers\n|upkeep\n|turn|4\n|\n|t:|1776106810\n|move|p1b: Tyranitar|Protect|p1b: Tyranitar\n|-singleturn|p1b: Tyranitar|Protect\n|move|p1a: Excadrill|Earthquake|p2b: Corviknight|[spread] p2a\n|-activate|p1b: Tyranitar|move: Protect\n|-immune|p2b: Corviknight\n|-supereffective|p2a: Gengar|1\n|-damage|p2a: Gengar|0 fnt\n|faint|p2a: Gengar\n|move|p2b: Corviknight|Iron Defense|p2b: Corviknight\n|-boost|p2b: Corviknight|def|2\n|\n|-weather|Sandstorm|[upkeep]\n|-heal|p2b: Corviknight|80/100|[from] item: Leftovers\n|upkeep\n|\n|t:|1776106818\n|switch|p2a: Pelipper|Pelipper, L50, M|100/100\n|-weather|RainDance|[from] ability: Drizzle|[of] p2a: Pelipper\n|turn|5\n|\n|t:|1776106826\n|switch|p2a: Archaludon|Archaludon, L50, F|24/100\n|switch|p1b: Rotom|Rotom-Wash, L50|100/100\n|move|p1a: Excadrill|Rock Slide|p2b: Corviknight|[spread] p2a,p2b\n|-resisted|p2a: Archaludon|1\n|-damage|p2a: Archaludon|17/100\n|-damage|p2b: Corviknight|73/100\n|-ability|p2a: Archaludon|Stamina|boost\n|-boost|p2a: Archaludon|def|1\n|move|p2b: Corviknight|Body Press|p1a: Excadrill\n|-supereffective|p1a: Excadrill|1\n|-crit|p1a: Excadrill\n|-enditem|p1a: Excadrill|Focus Sash\n|-damage|p1a: Excadrill|1/100\n|\n|-weather|RainDance|[upkeep]\n|-heal|p2b: Corviknight|79/100|[from] item: Leftovers\n|upkeep\n|turn|6\n|inactive|jeffyang has 30 seconds left.\n|\n|t:|1776106851\n|move|p2a: Archaludon|Protect|p2a: Archaludon\n|-singleturn|p2a: Archaludon|Protect\n|move|p1a: Excadrill|Earthquake|p2b: Corviknight|[spread] \n|-activate|p2a: Archaludon|move: Protect\n|-immune|p1b: Rotom|[from] ability: Levitate\n|-immune|p2b: Corviknight\n|move|p1b: Rotom|Volt Switch|p2b: Corviknight\n|-supereffective|p2b: Corviknight|1\n|-damage|p2b: Corviknight|32/100\n|\n|t:|1776106857\n|switch|p1b: Tyranitar|Tyranitar, L50, M, shiny|100/100|[from] Volt Switch\n|-weather|Sandstorm|[from] ability: Sand Stream|[of] p1b: Tyranitar\n|move|p2b: Corviknight|Body Press|p1b: Tyranitar\n|-supereffective|p1b: Tyranitar|2\n|-enditem|p1b: Tyranitar|Chople Berry|[eat]\n|-enditem|p1b: Tyranitar|Chople Berry|[weaken]\n|-damage|p1b: Tyranitar|31/100\n|\n|-weather|Sandstorm|[upkeep]\n|-heal|p2b: Corviknight|38/100|[from] item: Leftovers\n|upkeep\n|turn|7\n|-message|jeffyang forfeited.\n|\n|win|thepeasent\n|raw|thepeasent's rating: 1176 &rarr; <strong>1207</strong><br />(+31 for winning)\n|raw|jeffyang's rating: 1262 &rarr; <strong>1231</strong><br />(-31 for losing)\n|l|\u2606jeffyang\n|player|p2|\n",
  "uploadtime": 1776106868,
  "views": 33,
  "formatid": "gen9championsvgc2026regma",
  "rating": 1207,
  "private": 0,
  "password": null
}