{
  "id": "gen9championsvgc2026regma-2582961713",
  "format": "[Gen 9 Champions] VGC 2026 Reg M-A",
  "players": [
    "loklastaji",
    "series team"
  ],
  "log": "|j|\u2606loklastaji\n|j|\u2606series team\n|t:|1776128765\n|gametype|doubles\n|player|p1|loklastaji|102|1305\n|player|p2|series team|2|1398\n|gen|9\n|tier|[Gen 9 Champions] VGC 2026 Reg M-A\n|rated|\n|rule|Species Clause: Limit one of each Pok\u00e9mon\n|rule|Item Clause: Limit 1 of each item\n|clearpoke\n|poke|p1|Samurott-Hisui, L50, M|\n|poke|p1|Mamoswine, L50, M|\n|poke|p1|Delphox, L50, F|\n|poke|p1|Tsareena, L50, F|\n|poke|p1|Corviknight, L50, F|\n|poke|p1|Altaria, L50, F|\n|poke|p2|Meowstic-F, L50, F|\n|poke|p2|Maushold-Four, L50|\n|poke|p2|Tinkaton, L50, F|\n|poke|p2|Dragonite, L50, M|\n|poke|p2|Kingambit, L50, M|\n|poke|p2|Incineroar, L50, F|\n|teampreview|4\n|\n|t:|1776128790\n|teamsize|p1|4\n|teamsize|p2|4\n|start\n|switch|p1a: Delphox|Delphox, L50, F|100/100\n|switch|p1b: Mamoswine|Mamoswine, L50, M|100/100\n|switch|p2a: Tinkaton|Tinkaton, L50, F|100/100\n|switch|p2b: Kingambit|Kingambit, L50, M|100/100\n|-ability|p2a: Tinkaton|Mold Breaker\n|turn|1\n|\n|t:|1776128817\n|switch|p1b: Tsareena|Tsareena, L50, F|100/100\n|detailschange|p1a: Delphox|Delphox-Mega, L50, F\n|-mega|p1a: Delphox|Delphox|Delphoxite\n|move|p2a: Tinkaton|Fake Out|p1a: Delphox\n|-damage|p1a: Delphox|88/100\n|cant|p1a: Delphox|flinch\n|move|p2b: Kingambit|Low Kick|p1b: Tsareena\n|-damage|p1b: Tsareena|81/100\n|\n|upkeep\n|turn|2\n|\n|t:|1776128852\n|switch|p2a: Dragonite|Dragonite, L50, M|100/100\n|move|p1b: Tsareena|Protect|p1b: Tsareena\n|-singleturn|p1b: Tsareena|Protect\n|move|p2b: Kingambit|Protect|p2b: Kingambit\n|-singleturn|p2b: Kingambit|Protect\n|move|p1a: Delphox|Heat Wave|p2a: Dragonite|[spread] p2a\n|-activate|p2b: Kingambit|move: Protect\n|-resisted|p2a: Dragonite|1\n|-damage|p2a: Dragonite|79/100\n|\n|upkeep\n|turn|3\n|\n|t:|1776128869\n|switch|p2b: Tinkaton|Tinkaton, L50, F|100/100\n|-ability|p2b: Tinkaton|Mold Breaker\n|move|p1a: Delphox|Heat Wave|p2a: Dragonite|[spread] p2a,p2b\n|-resisted|p2a: Dragonite|1\n|-supereffective|p2b: Tinkaton|1\n|-damage|p2a: Dragonite|60/100\n|-damage|p2b: Tinkaton|18/100\n|-enditem|p2b: Tinkaton|Sitrus Berry|[eat]\n|-heal|p2b: Tinkaton|43/100|[from] item: Sitrus Berry\n|move|p1b: Tsareena|Triple Axel|p2a: Dragonite\n|-supereffective|p2a: Dragonite|2\n|-damage|p2a: Dragonite|32/100\n|-supereffective|p2a: Dragonite|2\n|-damage|p2a: Dragonite|0 fnt\n|faint|p2a: Dragonite\n|-hitcount|p2: Dragonite|2\n|\n|upkeep\n|\n|t:|1776128875\n|switch|p2a: Kingambit|Kingambit, L50, M|100/100\n|turn|4\n|\n|t:|1776128890\n|move|p1a: Delphox|Protect|p1a: Delphox\n|-singleturn|p1a: Delphox|Protect\n|move|p1b: Tsareena|Protect|p1b: Tsareena\n|-singleturn|p1b: Tsareena|Protect\n|move|p2b: Tinkaton|Feint|p1a: Delphox\n|-activate|p1a: Delphox|move: Feint\n|-damage|p1a: Delphox|78/100\n|move|p2a: Kingambit|Kowtow Cleave|p1a: Delphox\n|-supereffective|p1a: Delphox|1\n|-damage|p1a: Delphox|0 fnt\n|faint|p1a: Delphox\n|\n|upkeep\n|\n|t:|1776128905\n|switch|p1a: Mamoswine|Mamoswine, L50, M|100/100\n|turn|5\n|\n|t:|1776128920\n|move|p2a: Kingambit|Protect|p2a: Kingambit\n|-singleturn|p2a: Kingambit|Protect\n|move|p1a: Mamoswine|Earthquake|p2b: Tinkaton|[spread] p1b,p2b\n|-activate|p2a: Kingambit|move: Protect\n|-resisted|p1b: Tsareena|1\n|-supereffective|p2b: Tinkaton|1\n|-damage|p1b: Tsareena|56/100\n|-damage|p2b: Tinkaton|0 fnt\n|faint|p2b: Tinkaton\n|move|p1b: Tsareena|High Jump Kick|p2a: Kingambit\n|-activate|p2a: Kingambit|move: Protect\n|-damage|p1b: Tsareena|7/100|[from] highjumpkick\n|\n|upkeep\n|\n|t:|1776128928\n|switch|p2b: Meowstic|Meowstic-F, L50, F|100/100\n|turn|6\n|\n|t:|1776128937\n|detailschange|p2b: Meowstic|Meowstic-F-Mega, L50, F\n|-mega|p2b: Meowstic|Meowstic|Meowsticite\n|-ability|p2b: Meowstic|Queenly Majesty|Trace|[from] ability: Trace|[of] p1b: Tsareena\n|move|p1b: Tsareena|Protect|p1b: Tsareena\n|-singleturn|p1b: Tsareena|Protect\n|move|p1a: Mamoswine|Earthquake|p2a: Kingambit|[spread] p2a,p2b\n|-activate|p1b: Tsareena|move: Protect\n|-supereffective|p2a: Kingambit|1\n|-damage|p2a: Kingambit|40/100\n|-damage|p2b: Meowstic|46/100\n|move|p2b: Meowstic|Psyshock|p1b: Tsareena\n|-activate|p1b: Tsareena|move: Protect\n|move|p2a: Kingambit|Low Kick|p1a: Mamoswine\n|-supereffective|p1a: Mamoswine|1\n|-damage|p1a: Mamoswine|0 fnt\n|faint|p1a: Mamoswine\n|\n|upkeep\n|\n|t:|1776128956\n|switch|p1a: Samurott|Samurott-Hisui, L50, M|100/100\n|turn|7\n|\n|t:|1776128992\n|move|p2b: Meowstic|Protect|p2b: Meowstic\n|-singleturn|p2b: Meowstic|Protect\n|move|p2a: Kingambit|Protect|p2a: Kingambit\n|-singleturn|p2a: Kingambit|Protect\n|move|p1a: Samurott|Sacred Sword|p2a: Kingambit\n|-activate|p2a: Kingambit|move: Protect\n|move|p1b: Tsareena|Power Whip|p2b: Meowstic\n|-activate|p2b: Meowstic|move: Protect\n|\n|upkeep\n|turn|8\n|\n|t:|1776129020\n|move|p2b: Meowstic|Alluring Voice|p1a: Samurott\n|-supereffective|p1a: Samurott|1\n|-damage|p1a: Samurott|18/100\n|move|p1a: Samurott|Sacred Sword|p2a: Kingambit\n|-supereffective|p2a: Kingambit|2\n|-damage|p2a: Kingambit|0 fnt\n|faint|p2a: Kingambit\n|move|p1b: Tsareena|Triple Axel|p2b: Meowstic\n|-damage|p2b: Meowstic|36/100\n|-damage|p2b: Meowstic|18/100\n|-damage|p2b: Meowstic|0 fnt\n|faint|p2b: Meowstic\n|-hitcount|p2: Meowstic|3\n|\n|win|loklastaji\n|raw|loklastaji's rating: 1305 &rarr; <strong>1330</strong><br />(+25 for winning)\n|raw|series team's rating: 1398 &rarr; <strong>1373</strong><br />(-25 for losing)\n|l|\u2606series team\n|player|p2|\n",
  "uploadtime": 1776129034,
  "views": 23,
  "formatid": "gen9championsvgc2026regma",
  "rating": 1330,
  "private": 0,
  "password": null
}