{
  "id": "gen9championsvgc2026regma-2587269188",
  "format": "[Gen 9 Champions] VGC 2026 Reg M-A",
  "players": [
    "Damien Leruss",
    "tjh0704"
  ],
  "log": "|j|\u2606Damien Leruss\n|j|\u2606tjh0704\n|t:|1776516585\n|gametype|doubles\n|player|p1|Damien Leruss|shauntal|1143\n|player|p2|tjh0704|1|1104\n|gen|9\n|tier|[Gen 9 Champions] VGC 2026 Reg M-A\n|rated|\n|rule|Species Clause: Limit one of each Pok\u00e9mon\n|rule|Item Clause: Limit 1 of each item\n|clearpoke\n|poke|p1|Torkoal, L50, M|\n|poke|p1|Camerupt, L50, F|\n|poke|p1|Goodra-Hisui, L50, M|\n|poke|p1|Oranguru, L50, F|\n|poke|p1|Lycanroc-Dusk, L50, F|\n|poke|p1|Venusaur, L50, M|\n|poke|p2|Aerodactyl, L50, F|\n|poke|p2|Delphox, L50, F|\n|poke|p2|Basculegion, L50, M|\n|poke|p2|Meganium, L50, F|\n|poke|p2|Dragapult, L50, M|\n|poke|p2|Sneasler, L50, F|\n|teampreview|4\n|\n|t:|1776516622\n|teamsize|p1|4\n|teamsize|p2|4\n|start\n|switch|p1a: Torkoal|Torkoal, L50, M|100/100\n|switch|p1b: Oranguru|Oranguru, L50, F|100/100\n|switch|p2a: Aerodactyl|Aerodactyl, L50, F|100/100\n|switch|p2b: Sneasler|Sneasler, L50, F|100/100\n|-ability|p2a: Aerodactyl|Unnerve\n|-weather|SunnyDay|[from] ability: Drought|[of] p1a: Torkoal\n|turn|1\n|\n|t:|1776516644\n|move|p2b: Sneasler|Fake Out|p1b: Oranguru\n|-damage|p1b: Oranguru|84/100\n|move|p2a: Aerodactyl|Rock Slide|p1a: Torkoal|[spread] p1a\n|-miss|p2a: Aerodactyl|p1b: Oranguru\n|-supereffective|p1a: Torkoal|1\n|-damage|p1a: Torkoal|63/100\n|move|p1a: Torkoal|Will-O-Wisp|p2a: Aerodactyl\n|-status|p2a: Aerodactyl|brn\n|move|p1b: Oranguru|Trick Room|p1b: Oranguru\n|-fieldstart|move: Trick Room|[of] p1b: Oranguru\n|\n|-weather|SunnyDay|[upkeep]\n|-damage|p2a: Aerodactyl|95/100 brn|[from] brn\n|upkeep\n|turn|2\n|\n|t:|1776516670\n|move|p2a: Aerodactyl|Protect|p2a: Aerodactyl\n|-singleturn|p2a: Aerodactyl|Protect\n|move|p1a: Torkoal|Eruption|p2a: Aerodactyl|[spread] p2b\n|-activate|p2a: Aerodactyl|move: Protect\n|-damage|p2b: Sneasler|33/100\n|move|p1b: Oranguru|Instruct|p1a: Torkoal\n|-singleturn|p1a: Torkoal|move: Instruct|[of] p1b: Oranguru\n|move|p1a: Torkoal|Eruption|p2b: Sneasler|[spread] p2b\n|-activate|p2a: Aerodactyl|move: Protect\n|-damage|p2b: Sneasler|0 fnt\n|faint|p2b: Sneasler\n|\n|-weather|SunnyDay|[upkeep]\n|-damage|p2a: Aerodactyl|89/100 brn|[from] brn\n|upkeep\n|\n|t:|1776516687\n|switch|p2b: Delphox|Delphox, L50, F|100/100\n|turn|3\n|\n|t:|1776516711\n|detailschange|p2b: Delphox|Delphox-Mega, L50, F\n|-mega|p2b: Delphox|Delphox|Delphoxite\n|move|p1a: Torkoal|Solar Beam||[still]\n|-prepare|p1a: Torkoal|Solar Beam\n|-anim|p1a: Torkoal|Solar Beam|p2a: Aerodactyl\n|-crit|p2a: Aerodactyl\n|-damage|p2a: Aerodactyl|11/100 brn\n|move|p1b: Oranguru|Shadow Ball|p2b: Delphox\n|-supereffective|p2b: Delphox|1\n|-damage|p2b: Delphox|70/100\n|move|p2b: Delphox|Psychic|p1a: Torkoal\n|-damage|p1a: Torkoal|0 fnt\n|faint|p1a: Torkoal\n|move|p2a: Aerodactyl|Rock Slide|p1b: Oranguru|[miss]\n|-miss|p2a: Aerodactyl|p1b: Oranguru\n|\n|-weather|SunnyDay|[upkeep]\n|-damage|p2a: Aerodactyl|6/100 brn|[from] brn\n|upkeep\n|\n|t:|1776516727\n|switch|p1a: Lycanroc|Lycanroc-Dusk, L50, F|100/100\n|turn|4\n|\n|t:|1776516756\n|move|p1a: Lycanroc|Accelerock|p2b: Delphox\n|-supereffective|p2b: Delphox|1\n|-damage|p2b: Delphox|0 fnt\n|faint|p2b: Delphox\n|move|p1b: Oranguru|Shadow Ball|p2a: Aerodactyl\n|-damage|p2a: Aerodactyl|0 fnt\n|faint|p2a: Aerodactyl\n|\n|-weather|SunnyDay|[upkeep]\n|upkeep\n|\n|t:|1776516769\n|switch|p2b: Basculegion|Basculegion, L50, M|100/100\n|turn|5\n|\n|t:|1776516777\n|move|p1a: Lycanroc|Accelerock|p2b: Basculegion\n|-damage|p2b: Basculegion|59/100\n|move|p1b: Oranguru|Shadow Ball|p2b: Basculegion\n|-supereffective|p2b: Basculegion|1\n|-damage|p2b: Basculegion|17/100\n|move|p2b: Basculegion|Crunch|p1b: Oranguru\n|-supereffective|p1b: Oranguru|1\n|-damage|p1b: Oranguru|22/100\n|-enditem|p1b: Oranguru|Sitrus Berry|[eat]\n|-heal|p1b: Oranguru|47/100|[from] item: Sitrus Berry\n|\n|-weather|none\n|-fieldend|move: Trick Room\n|upkeep\n|turn|6\n|c|\u2606Damien Leruss|gg\n|\n|t:|1776516793\n|move|p1a: Lycanroc|Accelerock|p2b: Basculegion\n|-damage|p2b: Basculegion|0 fnt\n|faint|p2b: Basculegion\n|\n|win|Damien Leruss\n|raw|Damien Leruss's rating: 1143 &rarr; <strong>1165</strong><br />(+22 for winning)\n|raw|tjh0704's rating: 1104 &rarr; <strong>1082</strong><br />(-22 for losing)\n|l|\u2606tjh0704\n|player|p2|\n",
  "uploadtime": 1776516799,
  "views": 13,
  "formatid": "gen9championsvgc2026regma",
  "rating": 1082,
  "private": 0,
  "password": null
}