{
  "id": "gen9championsvgc2026regma-2581543483",
  "format": "[Gen 9 Champions] VGC 2026 Reg M-A",
  "players": [
    "Pmtang",
    "tia tamara"
  ],
  "log": "|j|\u2606Pmtang\n|j|\u2606tia tamara\n|t:|1776009658\n|gametype|doubles\n|player|p1|Pmtang|265|1057\n|player|p2|tia tamara|maid|1072\n|gen|9\n|tier|[Gen 9 Champions] VGC 2026 Reg M-A\n|rated|\n|rule|Species Clause: Limit one of each Pok\u00e9mon\n|rule|Item Clause: Limit 1 of each item\n|clearpoke\n|poke|p1|Kangaskhan, L50, F|\n|poke|p1|Maushold, L50|\n|poke|p1|Incineroar, L50, F|\n|poke|p1|Sneasler, L50, F|\n|poke|p1|Gengar, L50, M|\n|poke|p1|Primarina, L50, M|\n|poke|p2|Floette-Eternal, L50, F|\n|poke|p2|Sinistcha, L50|\n|poke|p2|Milotic, L50, F|\n|poke|p2|Orthworm, L50, M|\n|poke|p2|Garchomp, L50, M|\n|poke|p2|Incineroar, L50, F|\n|teampreview|4\n|\n|t:|1776009708\n|teamsize|p1|4\n|teamsize|p2|4\n|start\n|switch|p1a: Sneasler|Sneasler, L50, F, shiny|100/100\n|switch|p1b: Incineroar|Incineroar, L50, F, shiny|100/100\n|switch|p2a: Milotic|Milotic, L50, F, shiny|100/100\n|switch|p2b: Sinistcha|Sinistcha, L50, shiny|100/100\n|-ability|p1b: Incineroar|Intimidate|boost\n|-unboost|p2a: Milotic|atk|1\n|-ability|p2a: Milotic|Competitive|boost\n|-boost|p2a: Milotic|spa|2\n|-unboost|p2b: Sinistcha|atk|1\n|turn|1\n|\n|t:|1776009724\n|move|p2b: Sinistcha|Protect|p2b: Sinistcha\n|-singleturn|p2b: Sinistcha|Protect\n|move|p1b: Incineroar|Fake Out|p2a: Milotic\n|-damage|p2a: Milotic|85/100\n|move|p1a: Sneasler|Dire Claw|p2b: Sinistcha\n|-activate|p2b: Sinistcha|move: Protect\n|cant|p2a: Milotic|flinch\n|\n|-heal|p2a: Milotic|91/100|[from] item: Leftovers\n|upkeep\n|turn|2\n|\n|t:|1776009741\n|switch|p2b: Orthworm|Orthworm, L50, M, shiny|100/100\n|move|p1a: Sneasler|Dire Claw|p2b: Orthworm\n|-immune|p2b: Orthworm\n|move|p2a: Milotic|Scald|p1b: Incineroar\n|-supereffective|p1b: Incineroar|1\n|-damage|p1b: Incineroar|0 fnt\n|faint|p1b: Incineroar\n|\n|-heal|p2a: Milotic|97/100|[from] item: Leftovers\n|upkeep\n|\n|t:|1776009755\n|switch|p1b: Gengar|Gengar, L50, M, shiny|100/100\n|turn|3\n|\n|t:|1776009771\n|switch|p2b: Sinistcha|Sinistcha, L50, shiny|100/100\n|-heal|p2a: Milotic|100/100|[from] ability: Hospitality|[of] p2b: Sinistcha\n|detailschange|p1b: Gengar|Gengar-Mega, L50, M, shiny\n|-mega|p1b: Gengar|Gengar|Gengarite\n|move|p1a: Sneasler|Close Combat|p2b: Sinistcha\n|-immune|p2b: Sinistcha\n|move|p1b: Gengar|Perish Song|p1b: Gengar\n|-start|p1a: Sneasler|perish3|[silent]\n|-start|p1b: Gengar|perish3|[silent]\n|-start|p2a: Milotic|perish3|[silent]\n|-start|p2b: Sinistcha|perish3|[silent]\n|-fieldactivate|move: Perish Song\n|move|p2a: Milotic|Icy Wind|p1a: Sneasler|[spread] p1a,p1b\n|-damage|p1a: Sneasler|69/100\n|-damage|p1b: Gengar|77/100\n|-unboost|p1a: Sneasler|spe|1\n|-unboost|p1b: Gengar|spe|1\n|-enditem|p1a: Sneasler|White Herb\n|-clearnegativeboost|p1a: Sneasler|[silent]\n|\n|-start|p1a: Sneasler|perish3\n|-start|p1b: Gengar|perish3\n|-start|p2a: Milotic|perish3\n|-start|p2b: Sinistcha|perish3\n|upkeep\n|turn|4\n|\n|t:|1776009799\n|move|p1a: Sneasler|Protect|p1a: Sneasler\n|-singleturn|p1a: Sneasler|Protect\n|move|p1b: Gengar|Protect|p1b: Gengar\n|-singleturn|p1b: Gengar|Protect\n|move|p2a: Milotic|Scald|p1a: Sneasler\n|-activate|p1a: Sneasler|move: Protect\n|move|p2b: Sinistcha|Poltergeist|p1b: Gengar\n|-activate|p1b: Gengar|move: Protect\n|\n|-start|p1a: Sneasler|perish2\n|-start|p1b: Gengar|perish2\n|-start|p2a: Milotic|perish2\n|-start|p2b: Sinistcha|perish2\n|upkeep\n|turn|5\n|\n|t:|1776009834\n|switch|p2b: Orthworm|Orthworm, L50, M, shiny|100/100\n|move|p1a: Sneasler|Dire Claw|p2b: Orthworm\n|-immune|p2b: Orthworm\n|move|p1b: Gengar|Disable|p2a: Milotic\n|-start|p2a: Milotic|Disable|Scald\n|cant|p2a: Milotic|Disable|Scald\n|\n|-start|p1a: Sneasler|perish1\n|-start|p1b: Gengar|perish1\n|-start|p2a: Milotic|perish1\n|upkeep\n|turn|6\n|\n|t:|1776009851\n|switch|p1a: Primarina|Primarina, L50, M|100/100\n|move|p1b: Gengar|Protect|p1b: Gengar\n|-singleturn|p1b: Gengar|Protect\n|move|p2a: Milotic|Icy Wind|p1a: Primarina|[spread] p1a\n|-activate|p1b: Gengar|move: Protect\n|-resisted|p1a: Primarina|1\n|-damage|p1a: Primarina|91/100\n|-unboost|p1a: Primarina|spe|1\n|move|p2b: Orthworm|Iron Defense|p2b: Orthworm\n|-boost|p2b: Orthworm|def|2\n|\n|-heal|p1a: Primarina|97/100|[from] item: Leftovers\n|-start|p1b: Gengar|perish0\n|-start|p2a: Milotic|perish0\n|faint|p1b: Gengar\n|faint|p2a: Milotic\n|upkeep\n|\n|t:|1776009868\n|switch|p1b: Sneasler|Sneasler, L50, F, shiny|69/100\n|switch|p2a: Garchomp|Garchomp, L50, M, shiny|100/100\n|turn|7\n|\n|t:|1776009878\n|detailschange|p2a: Garchomp|Garchomp-Mega, L50, M, shiny\n|-mega|p2a: Garchomp|Garchomp|Garchompite\n|move|p1b: Sneasler|Fake Out|p2a: Garchomp\n|-damage|p2a: Garchomp|89/100\n|cant|p2a: Garchomp|flinch\n|move|p2b: Orthworm|Heavy Slam|p1a: Primarina\n|-damage|p1a: Primarina|50/100\n|move|p1a: Primarina|Ice Beam|p2a: Garchomp\n|-supereffective|p2a: Garchomp|2\n|-damage|p2a: Garchomp|0 fnt\n|faint|p2a: Garchomp\n|\n|-heal|p1a: Primarina|56/100|[from] item: Leftovers\n|upkeep\n|\n|t:|1776009889\n|switch|p2a: Sinistcha|Sinistcha, L50, shiny|100/100\n|turn|8\n|\n|t:|1776009911\n|move|p1b: Sneasler|Close Combat|p2b: Orthworm\n|-supereffective|p2b: Orthworm|1\n|-crit|p2b: Orthworm\n|-damage|p2b: Orthworm|0 fnt\n|-unboost|p1b: Sneasler|def|1\n|-unboost|p1b: Sneasler|spd|1\n|faint|p2b: Orthworm\n|move|p2a: Sinistcha|Matcha Gotcha|p1a: Primarina|[spread] p1a,p1b\n|-supereffective|p1a: Primarina|1\n|-resisted|p1b: Sneasler|1\n|-damage|p1a: Primarina|3/100\n|-damage|p1b: Sneasler|36/100\n|move|p1a: Primarina|Ice Beam|p2a: Sinistcha\n|-supereffective|p2a: Sinistcha|1\n|-damage|p2a: Sinistcha|21/100\n|\n|-heal|p1a: Primarina|9/100|[from] item: Leftovers\n|upkeep\n|turn|9\n|-message|tia tamara forfeited.\n|\n|win|Pmtang\n|raw|Pmtang's rating: 1057 &rarr; <strong>1090</strong><br />(+33 for winning)\n|raw|tia tamara's rating: 1072 &rarr; <strong>1050</strong><br />(-22 for losing)\n|l|\u2606tia tamara\n|player|p2|\n",
  "uploadtime": 1776009926,
  "views": 15,
  "formatid": "gen9championsvgc2026regma",
  "rating": 1050,
  "private": 0,
  "password": null
}