{
  "id": "gen9championsvgc2026regma-2582809247",
  "format": "[Gen 9 Champions] VGC 2026 Reg M-A",
  "players": [
    "w larping",
    "oooooboi"
  ],
  "log": "|j|\u2606w larping\n|j|\u2606oooooboi\n|t:|1776115747\n|gametype|doubles\n|player|p1|w larping|101|1083\n|player|p2|oooooboi|265|1118\n|gen|9\n|tier|[Gen 9 Champions] VGC 2026 Reg M-A\n|rated|\n|rule|Species Clause: Limit one of each Pok\u00e9mon\n|rule|Item Clause: Limit 1 of each item\n|clearpoke\n|poke|p1|Politoed, L50, M|\n|poke|p1|Dragonite, L50, F|\n|poke|p1|Basculegion, L50, M|\n|poke|p1|Tauros-Paldea-Aqua, L50, M|\n|poke|p1|Aggron, L50, M|\n|poke|p1|Pinsir, L50, M|\n|poke|p2|Gengar, L50, F|\n|poke|p2|Incineroar, L50, F|\n|poke|p2|Politoed, L50, F|\n|poke|p2|Basculegion, L50, M|\n|poke|p2|Rotom-Frost, L50|\n|poke|p2|Froslass, L50, F|\n|teampreview|4\n|\n|t:|1776115781\n|teamsize|p1|4\n|teamsize|p2|4\n|start\n|switch|p1a: Tauros|Tauros-Paldea-Aqua, L50, M|100/100\n|switch|p1b: Aggron|Aggron, L50, M|100/100\n|switch|p2a: Gengar|Gengar, L50, F|100/100\n|switch|p2b: Incineroar|Incineroar, L50, F|100/100\n|-ability|p1a: Tauros|Intimidate|boost\n|-unboost|p2a: Gengar|atk|1\n|-unboost|p2b: Incineroar|atk|1\n|-ability|p2b: Incineroar|Intimidate|boost\n|-unboost|p1a: Tauros|atk|1\n|-unboost|p1b: Aggron|atk|1\n|-enditem|p1a: Tauros|White Herb\n|-clearnegativeboost|p1a: Tauros|[silent]\n|turn|1\n|c|\u2606oooooboi|good luck have fun\n|\n|t:|1776115823\n|switch|p1a: Basculegion|Basculegion, L50, M|100/100\n|detailschange|p2a: Gengar|Gengar-Mega, L50, F\n|-mega|p2a: Gengar|Gengar|Gengarite\n|move|p2b: Incineroar|Fake Out|p1a: Basculegion\n|-immune|p1a: Basculegion\n|move|p2a: Gengar|Perish Song|p2a: Gengar\n|-start|p1a: Basculegion|perish3|[silent]\n|-start|p1b: Aggron|perish3|[silent]\n|-start|p2a: Gengar|perish3|[silent]\n|-start|p2b: Incineroar|perish3|[silent]\n|-fieldactivate|move: Perish Song\n|move|p1b: Aggron|Stone Edge|p2a: Gengar\n|-damage|p2a: Gengar|61/100\n|\n|-start|p2a: Gengar|perish3\n|-start|p1a: Basculegion|perish3\n|-start|p2b: Incineroar|perish3\n|-start|p1b: Aggron|perish3\n|upkeep\n|turn|2\n|\n|t:|1776115856\n|move|p2a: Gengar|Protect|p2a: Gengar\n|-singleturn|p2a: Gengar|Protect\n|move|p1a: Basculegion|Wave Crash|p2a: Gengar\n|-activate|p2a: Gengar|move: Protect\n|move|p2b: Incineroar|Parting Shot|p1a: Basculegion\n|-unboost|p1a: Basculegion|atk|1\n|-unboost|p1a: Basculegion|spa|1\n|\n|t:|1776115864\n|switch|p2b: Basculegion|Basculegion, L50, M|100/100|[from] Parting Shot\n|move|p1b: Aggron|Stone Edge|p2b: Basculegion|[miss]\n|-miss|p1b: Aggron|p2b: Basculegion\n|\n|-start|p2a: Gengar|perish2\n|-start|p1a: Basculegion|perish2\n|-start|p1b: Aggron|perish2\n|upkeep\n|turn|3\n|\n|t:|1776115890\n|move|p2b: Basculegion|Wave Crash|p1b: Aggron\n|-supereffective|p1b: Aggron|1\n|-damage|p1b: Aggron|25/100\n|-enditem|p1b: Aggron|Sitrus Berry|[eat]\n|-heal|p1b: Aggron|50/100|[from] item: Sitrus Berry\n|-damage|p2b: Basculegion|78/100|[from] Recoil\n|move|p2a: Gengar|Shadow Ball|p1a: Basculegion\n|-supereffective|p1a: Basculegion|1\n|-damage|p1a: Basculegion|0 fnt\n|faint|p1a: Basculegion\n|move|p1b: Aggron|Stone Edge|p2b: Basculegion\n|-damage|p2b: Basculegion|39/100\n|\n|-start|p2a: Gengar|perish1\n|-start|p1b: Aggron|perish1\n|upkeep\n|\n|t:|1776115907\n|switch|p1a: Dragonite|Dragonite, L50, F|100/100\n|turn|4\n|\n|t:|1776115938\n|switch|p2b: Incineroar|Incineroar, L50, F|100/100\n|-ability|p2b: Incineroar|Intimidate|boost\n|-unboost|p1a: Dragonite|atk|1\n|-unboost|p1b: Aggron|atk|1\n|switch|p2a: Politoed|Politoed, L50, F|100/100\n|-weather|RainDance|[from] ability: Drizzle|[of] p2a: Politoed\n|detailschange|p1a: Dragonite|Dragonite-Mega, L50, F\n|-mega|p1a: Dragonite|Dragonite|Dragoninite\n|move|p1a: Dragonite|Hurricane|p2b: Incineroar\n|-damage|p2b: Incineroar|41/100\n|-enditem|p2b: Incineroar|Sitrus Berry|[eat]\n|-heal|p2b: Incineroar|66/100|[from] item: Sitrus Berry\n|move|p1b: Aggron|Stone Edge|p2a: Politoed\n|-damage|p2a: Politoed|75/100\n|\n|-weather|RainDance|[upkeep]\n|-heal|p2a: Politoed|81/100|[from] item: Leftovers\n|-start|p1b: Aggron|perish0\n|upkeep\n|faint|p1b: Aggron\n|\n|t:|1776115956\n|switch|p1b: Tauros|Tauros-Paldea-Aqua, L50, M|100/100\n|-ability|p1b: Tauros|Intimidate|boost\n|-unboost|p2a: Politoed|atk|1\n|-unboost|p2b: Incineroar|atk|1\n|turn|5\n|\n|t:|1776115977\n|move|p2b: Incineroar|Fake Out|p1b: Tauros\n|-damage|p1b: Tauros|90/100\n|cant|p1b: Tauros|flinch\n|move|p1a: Dragonite|Thunder|p2a: Politoed\n|-supereffective|p2a: Politoed|1\n|-damage|p2a: Politoed|13/100\n|move|p2a: Politoed|Perish Song|p2a: Politoed\n|-start|p1a: Dragonite|perish3|[silent]\n|-start|p1b: Tauros|perish3|[silent]\n|-start|p2a: Politoed|perish3|[silent]\n|-start|p2b: Incineroar|perish3|[silent]\n|-fieldactivate|move: Perish Song\n|\n|-weather|RainDance|[upkeep]\n|-heal|p2a: Politoed|19/100|[from] item: Leftovers\n|-start|p1b: Tauros|perish3\n|-start|p1a: Dragonite|perish3\n|-start|p2a: Politoed|perish3\n|-start|p2b: Incineroar|perish3\n|upkeep\n|turn|6\n|c|\u2606w larping|yo\n|c|\u2606w larping|you are fucking scum of the earth\n|n|\u203dw larping|wlarping\n|c|~|/log w larping was locked from talking by Artemis. (\u2606w larping: you are fucking scum of the earth)\n|c|~|/raw <small>This action was done automatically. Want to learn more about the AI? <a href=\"https://www.smogon.com/forums/threads/3570628/#post-9056769\">Visit the information thread</a>.</small>\n|-message|w larping forfeited.\n|\n|win|oooooboi\n",
  "uploadtime": 1776115994,
  "views": 12,
  "formatid": "gen9championsvgc2026regma",
  "rating": null,
  "private": 0,
  "password": null
}