{
  "id": "gen9championsvgc2026regma-2584232668",
  "format": "[Gen 9 Champions] VGC 2026 Reg M-A",
  "players": [
    "smp on whimsicott",
    "pokemi AG"
  ],
  "log": "|j|\u2606smp on whimsicott\n|j|\u2606pokemi AG\n|t:|1776241214\n|gametype|doubles\n|player|p1|smp on whimsicott|artist-gen4|1125\n|player|p2|pokemi AG|elesa|1030\n|gen|9\n|tier|[Gen 9 Champions] VGC 2026 Reg M-A\n|rated|\n|rule|Species Clause: Limit one of each Pok\u00e9mon\n|rule|Item Clause: Limit 1 of each item\n|clearpoke\n|poke|p1|Incineroar, L50, F|\n|poke|p1|Politoed, L50, F|\n|poke|p1|Gengar, L50, M|\n|poke|p1|Palafin, L50, M|\n|poke|p1|Volcarona, L50, M|\n|poke|p1|Ninetales-Alola, L50, F|\n|poke|p2|Froslass, L50, F|\n|poke|p2|Whimsicott, L50, M|\n|poke|p2|Dragonite, L50, M|\n|poke|p2|Politoed, L50, M|\n|poke|p2|Delphox, L50, F|\n|poke|p2|Ditto, L50|\n|teampreview|4\n|\n|t:|1776241263\n|teamsize|p1|4\n|teamsize|p2|4\n|start\n|switch|p1a: Gengar|Gengar, L50, M|100/100\n|switch|p1b: Palafin|Palafin, L50, M|100/100\n|switch|p2a: Whimsicott|Whimsicott, L50, M|100/100\n|switch|p2b: Delphox|Delphox, L50, F|100/100\n|turn|1\n|\n|t:|1776241293\n|detailschange|p1b: Palafin|Palafin-Hero, L50, M\n|switch|p1b: Incineroar|Incineroar, L50, F|100/100\n|-ability|p1b: Incineroar|Intimidate|boost\n|-unboost|p2a: Whimsicott|atk|1\n|-unboost|p2b: Delphox|atk|1\n|detailschange|p2b: Delphox|Delphox-Mega, L50, F\n|-mega|p2b: Delphox|Delphox|Delphoxite\n|detailschange|p1a: Gengar|Gengar-Mega, L50, M\n|-mega|p1a: Gengar|Gengar|Gengarite\n|move|p1a: Gengar|Protect|p1a: Gengar\n|-singleturn|p1a: Gengar|Protect\n|move|p2b: Delphox|Psychic|p1a: Gengar\n|-activate|p1a: Gengar|move: Protect\n|move|p2a: Whimsicott|Moonblast|p1a: Gengar\n|-activate|p1a: Gengar|move: Protect\n|\n|upkeep\n|turn|2\n|\n|t:|1776241333\n|switch|p1a: Palafin|Palafin-Hero, L50, M|100/100\n|-activate|p1a: Palafin|ability: Zero to Hero\n|move|p2a: Whimsicott|Protect|p2a: Whimsicott\n|-singleturn|p2a: Whimsicott|Protect\n|move|p2b: Delphox|Protect|p2b: Delphox\n|-singleturn|p2b: Delphox|Protect\n|move|p1b: Incineroar|Fake Out|p2b: Delphox\n|-activate|p2b: Delphox|move: Protect\n|\n|upkeep\n|turn|3\n|\n|t:|1776241356\n|switch|p2b: Ditto|Ditto, L50|100/100\n|-transform|p2b: Ditto|p1a: Palafin|[from] ability: Imposter\n|move|p2a: Whimsicott|Tailwind|p2a: Whimsicott\n|-sidestart|p2: pokemi AG|move: Tailwind\n|move|p1a: Palafin|Flip Turn|p2b: Ditto\n|-resisted|p2b: Ditto|1\n|-damage|p2b: Ditto|77/100\n|\n|t:|1776241379\n|switch|p1a: Gengar|Gengar-Mega, L50, M|100/100|[from] Flip Turn\n|move|p1b: Incineroar|Parting Shot|p2b: Ditto\n|-unboost|p2b: Ditto|atk|1\n|-unboost|p2b: Ditto|spa|1\n|\n|t:|1776241393\n|switch|p1b: Palafin|Palafin-Hero, L50, M|100/100|[from] Parting Shot\n|\n|upkeep\n|turn|4\n|\n|t:|1776241415\n|switch|p1b: Incineroar|Incineroar, L50, F|100/100\n|-ability|p1b: Incineroar|Intimidate|boost\n|-unboost|p2a: Whimsicott|atk|1\n|-unboost|p2b: Ditto|atk|1\n|move|p2a: Whimsicott|Moonblast|p1b: Incineroar\n|-damage|p1b: Incineroar|80/100\n|move|p2b: Ditto|Wave Crash|p1a: Gengar\n|-damage|p1a: Gengar|50/100\n|-damage|p2b: Ditto|59/100|[from] Recoil\n|move|p1a: Gengar|Shadow Ball|p2b: Ditto\n|-damage|p2b: Ditto|4/100\n|-enditem|p2b: Ditto|Sitrus Berry|[eat]\n|-heal|p2b: Ditto|28/100|[from] item: Sitrus Berry\n|\n|upkeep\n|turn|5\n|\n|t:|1776241451\n|move|p1b: Incineroar|Fake Out|p2b: Ditto\n|-damage|p2b: Ditto|16/100\n|move|p2a: Whimsicott|Moonblast|p1a: Gengar\n|-resisted|p1a: Gengar|1\n|-crit|p1a: Gengar\n|-damage|p1a: Gengar|26/100\n|cant|p2b: Ditto|flinch\n|move|p1a: Gengar|Shadow Ball|p2b: Ditto\n|-damage|p2b: Ditto|0 fnt\n|faint|p2b: Ditto\n|\n|upkeep\n|\n|t:|1776241465\n|switch|p2b: Delphox|Delphox-Mega, L50, F|100/100\n|turn|6\n|\n|t:|1776241493\n|move|p1a: Gengar|Protect|p1a: Gengar\n|-singleturn|p1a: Gengar|Protect\n|move|p2b: Delphox|Flamethrower|p1a: Gengar\n|-activate|p1a: Gengar|move: Protect\n|move|p2a: Whimsicott|Moonblast|p1b: Incineroar\n|-damage|p1b: Incineroar|59/100\n|move|p1b: Incineroar|Parting Shot|p2b: Delphox\n|-unboost|p2b: Delphox|atk|1\n|-unboost|p2b: Delphox|spa|1\n|\n|t:|1776241505\n|switch|p1b: Palafin|Palafin-Hero, L50, M|100/100|[from] Parting Shot\n|\n|-sideend|p2: pokemi AG|move: Tailwind\n|upkeep\n|turn|7\n|\n|t:|1776241525\n|move|p1b: Palafin|Jet Punch|p2b: Delphox\n|-supereffective|p2b: Delphox|1\n|-damage|p2b: Delphox|0 fnt\n|faint|p2b: Delphox\n|move|p2a: Whimsicott|Tailwind|p2a: Whimsicott\n|-sidestart|p2: pokemi AG|move: Tailwind\n|move|p1a: Gengar|Shadow Ball|p2a: Whimsicott\n|-damage|p2a: Whimsicott|43/100\n|\n|upkeep\n|\n|t:|1776241533\n|switch|p2b: Politoed|Politoed, L50, M|100/100\n|-weather|RainDance|[from] ability: Drizzle|[of] p2b: Politoed\n|turn|8\n|-message|pokemi AG forfeited.\n|\n|win|smp on whimsicott\n|raw|smp on whimsicott's rating: 1125 &rarr; <strong>1143</strong><br />(+18 for winning)\n|raw|pokemi AG's rating: 1030 &rarr; <strong>1019</strong><br />(-11 for losing)\n|l|\u2606pokemi AG\n|player|p2|\n",
  "uploadtime": 1776241536,
  "views": 17,
  "formatid": "gen9championsvgc2026regma",
  "rating": 1019,
  "private": 0,
  "password": null
}