{
  "id": "gen9championsvgc2026regma-2586378268",
  "format": "[Gen 9 Champions] VGC 2026 Reg M-A",
  "players": [
    "enexis",
    "piedi nei piedi"
  ],
  "log": "|j|\u2606enexis\n|j|\u2606piedi nei piedi\n|t:|1776430230\n|gametype|doubles\n|player|p1|enexis|101|1482\n|player|p2|piedi nei piedi|zinnia|1450\n|gen|9\n|tier|[Gen 9 Champions] VGC 2026 Reg M-A\n|rated|\n|rule|Species Clause: Limit one of each Pok\u00e9mon\n|rule|Item Clause: Limit 1 of each item\n|clearpoke\n|poke|p1|Basculegion, L50, M|\n|poke|p1|Pelipper, L50, M|\n|poke|p1|Archaludon, L50, F|\n|poke|p1|Garchomp, L50, M|\n|poke|p1|Sneasler, L50, F|\n|poke|p1|Milotic, L50, F|\n|poke|p2|Maushold, L50|\n|poke|p2|Sneasler, L50, F|\n|poke|p2|Froslass, L50, F|\n|poke|p2|Samurott-Hisui, L50, M|\n|poke|p2|Arcanine-Hisui, L50, F|\n|poke|p2|Milotic, L50, M|\n|teampreview|4\n|\n|t:|1776430258\n|teamsize|p1|4\n|teamsize|p2|4\n|start\n|switch|p1a: Pelipper|Pelipper, L50, M|100/100\n|switch|p1b: Garchomp|Garchomp, L50, M|100/100\n|switch|p2a: Samurottium|Samurott-Hisui, L50, M|100/100\n|switch|p2b: Froslasso|Froslass, L50, F|100/100\n|-weather|RainDance|[from] ability: Drizzle|[of] p1a: Pelipper\n|turn|1\n|inactive|Battle timer is ON: inactive players will automatically lose when time's up. (requested by enexis)\n|\n|t:|1776430272\n|switch|p2a: Mausholdi|Maushold, L50|100/100\n|detailschange|p2b: Froslasso|Froslass-Mega, L50, F\n|-mega|p2b: Froslasso|Froslass|Froslassite\n|-weather|Snowscape|[from] ability: Snow Warning|[of] p2b: Froslasso\n|move|p1b: Garchomp|Earthquake|p2b: Froslasso|[spread] p2a,p2b\n|-immune|p1a: Pelipper\n|-damage|p2a: Mausholdi|62/100\n|-damage|p2b: Froslasso|68/100\n|move|p2b: Froslasso|Aurora Veil|p2b: Froslasso\n|-sidestart|p2: piedi nei piedi|move: Aurora Veil\n|move|p1a: Pelipper|Tailwind|p1a: Pelipper\n|-sidestart|p1: enexis|move: Tailwind\n|\n|-weather|Snowscape|[upkeep]\n|upkeep\n|turn|2\n|\n|t:|1776430295\n|switch|p1b: Basculegion|Basculegion, L50, M|100/100\n|move|p1a: Pelipper|Protect|p1a: Pelipper\n|-singleturn|p1a: Pelipper|Protect\n|move|p2a: Mausholdi|Feint|p1a: Pelipper\n|-activate|p1a: Pelipper|move: Feint\n|-damage|p1a: Pelipper|92/100\n|move|p2b: Froslasso|Blizzard|p1a: Pelipper|[spread] p1a,p1b\n|-resisted|p1b: Basculegion|1\n|-damage|p1a: Pelipper|28/100\n|-damage|p1b: Basculegion|76/100\n|\n|-weather|Snowscape|[upkeep]\n|upkeep\n|turn|3\n|\n|t:|1776430304\n|move|p2a: Mausholdi|Follow Me|p2a: Mausholdi\n|-singleturn|p2a: Mausholdi|move: Follow Me\n|move|p1b: Basculegion|Wave Crash|p2a: Mausholdi\n|-damage|p2a: Mausholdi|25/100\n|-damage|p1b: Basculegion|65/100|[from] Recoil\n|move|p2b: Froslasso|Shadow Ball|p1b: Basculegion\n|-supereffective|p1b: Basculegion|1\n|-damage|p1b: Basculegion|0 fnt\n|faint|p1b: Basculegion\n|move|p1a: Pelipper|Weather Ball|p2a: Mausholdi\n|-damage|p2a: Mausholdi|3/100\n|\n|-weather|Snowscape|[upkeep]\n|upkeep\n|\n|t:|1776430311\n|switch|p1b: Garchomp|Garchomp, L50, M|100/100\n|turn|4\n|\n|t:|1776430318\n|switch|p1a: Archaludon|Archaludon, L50, F|100/100\n|move|p2a: Mausholdi|Protect|p2a: Mausholdi\n|-singleturn|p2a: Mausholdi|Protect\n|move|p1b: Garchomp|Rock Slide|p2b: Froslasso|[spread] p2b\n|-activate|p2a: Mausholdi|move: Protect\n|-supereffective|p2b: Froslasso|1\n|-damage|p2b: Froslasso|46/100\n|move|p2b: Froslasso|Blizzard|p1b: Garchomp|[spread] p1a,p1b\n|-supereffective|p1b: Garchomp|2\n|-damage|p1a: Archaludon|40/100\n|-damage|p1b: Garchomp|0 fnt\n|-ability|p1a: Archaludon|Stamina|boost\n|-boost|p1a: Archaludon|def|1\n|faint|p1b: Garchomp\n|\n|-weather|Snowscape|[upkeep]\n|-sideend|p1: enexis|move: Tailwind\n|upkeep\n|\n|t:|1776430327\n|switch|p1b: Pelipper|Pelipper, L50, M|28/100\n|-weather|RainDance|[from] ability: Drizzle|[of] p1b: Pelipper\n|turn|5\n|\n|t:|1776430337\n|move|p2a: Mausholdi|Feint|p1a: Archaludon\n|-resisted|p1a: Archaludon|1\n|-damage|p1a: Archaludon|38/100\n|-ability|p1a: Archaludon|Stamina|boost\n|-boost|p1a: Archaludon|def|1\n|move|p2b: Froslasso|Shadow Ball|p1a: Archaludon\n|-damage|p1a: Archaludon|0 fnt\n|faint|p1a: Archaludon\n|move|p1b: Pelipper|Tailwind|p1b: Pelipper\n|-sidestart|p1: enexis|move: Tailwind\n|\n|-weather|RainDance|[upkeep]\n|-sideend|p2: piedi nei piedi|move: Aurora Veil\n|upkeep\n|turn|6\n|\n|t:|1776430348\n|move|p2a: Mausholdi|Follow Me|p2a: Mausholdi\n|-singleturn|p2a: Mausholdi|move: Follow Me\n|move|p2b: Froslasso|Shadow Ball|p1b: Pelipper\n|-damage|p1b: Pelipper|0 fnt\n|faint|p1b: Pelipper\n|\n|win|piedi nei piedi\n|raw|enexis's rating: 1482 &rarr; <strong>1460</strong><br />(-22 for losing)\n|raw|piedi nei piedi's rating: 1450 &rarr; <strong>1472</strong><br />(+22 for winning)\n",
  "uploadtime": 1776430354,
  "views": 60,
  "formatid": "gen9championsvgc2026regma",
  "rating": 1460,
  "private": 0,
  "password": null
}