{
  "id": "gen9championsvgc2026regma-2580576082",
  "format": "[Gen 9 Champions] VGC 2026 Reg M-A",
  "players": [
    "akarihisui",
    "GHWGYXY"
  ],
  "log": "|j|\u2606akarihisui\n|j|\u2606GHWGYXY\n|t:|1775914563\n|gametype|doubles\n|player|p1|akarihisui|cynthia-gen4|1026\n|player|p2|GHWGYXY|caitlin|1080\n|gen|9\n|tier|[Gen 9 Champions] VGC 2026 Reg M-A\n|rated|\n|rule|Species Clause: Limit one of each Pok\u00e9mon\n|rule|Item Clause: Limit 1 of each item\n|clearpoke\n|poke|p1|Froslass, L50, F|\n|poke|p1|Incineroar, L50, M|\n|poke|p1|Orthworm, L50, M|\n|poke|p1|Garchomp, L50, M|\n|poke|p1|Rotom-Frost, L50|\n|poke|p1|Basculegion, L50, M|\n|poke|p2|Charizard, L50, M|\n|poke|p2|Incineroar, L50, F|\n|poke|p2|Whimsicott, L50, M|\n|poke|p2|Sneasler, L50, F|\n|poke|p2|Rotom-Wash, L50|\n|poke|p2|Garchomp, L50, M|\n|teampreview|4\nakarihisui has agreed to open team sheets.\n|inactive|Battle timer is ON: inactive players will automatically lose when time's up. (requested by GHWGYXY)\n|\n|t:|1775914609\n|teamsize|p1|4\n|teamsize|p2|4\n|start\n|switch|p1a: Garchomp|Garchomp, L50, M|100/100\n|switch|p1b: Basculegion|Basculegion, L50, M|100/100\n|switch|p2a: Charizard|Charizard, L50, M|100/100\n|switch|p2b: Sneasler|Sneasler, L50, F|100/100\n|turn|1\n|inactive|GHWGYXY has 30 seconds left.\n|\n|t:|1775914636\n|move|p1a: Garchomp|Protect|p1a: Garchomp\n|-singleturn|p1a: Garchomp|Protect\n|move|p2a: Charizard|Protect|p2a: Charizard\n|-singleturn|p2a: Charizard|Protect\n|move|p1b: Basculegion|Wave Crash|p2b: Sneasler\n|-damage|p2b: Sneasler|2/100\n|-damage|p1b: Basculegion|74/100|[from] Recoil\n|move|p2b: Sneasler|Dire Claw|p1b: Basculegion\n|-resisted|p1b: Basculegion|1\n|-damage|p1b: Basculegion|52/100\n|\n|upkeep\n|turn|2\n|\n|t:|1775914656\n|switch|p2a: Incineroar|Incineroar, L50, F|100/100\n|-ability|p2a: Incineroar|Intimidate|boost\n|-unboost|p1a: Garchomp|atk|1\n|-unboost|p1b: Basculegion|atk|1\n|move|p1b: Basculegion|Wave Crash|p2a: Incineroar\n|-supereffective|p2a: Incineroar|1\n|-damage|p2a: Incineroar|38/100\n|-enditem|p2a: Incineroar|Sitrus Berry|[eat]\n|-heal|p2a: Incineroar|63/100|[from] item: Sitrus Berry\n|-damage|p1b: Basculegion|31/100|[from] Recoil\n|move|p2b: Sneasler|Close Combat|p1a: Garchomp\n|-crit|p1a: Garchomp\n|-damage|p1a: Garchomp|13/100\n|-unboost|p2b: Sneasler|def|1\n|-unboost|p2b: Sneasler|spd|1\n|-damage|p2b: Sneasler|0 fnt|[from] ability: Rough Skin|[of] p1a: Garchomp\n|faint|p2b: Sneasler\n|move|p1a: Garchomp|Rock Slide|p2a: Incineroar\n|-supereffective|p2a: Incineroar|1\n|-damage|p2a: Incineroar|37/100\n|\n|upkeep\n|\n|t:|1775914666\n|switch|p2b: Garchomp|Garchomp, L50, M|100/100\n|turn|3\n|\n|t:|1775914679\n|switch|p2a: Charizard|Charizard, L50, M|100/100\n|move|p1a: Garchomp|Protect|p1a: Garchomp\n|-singleturn|p1a: Garchomp|Protect\n|move|p2b: Garchomp|Earthquake|p1b: Basculegion|[spread] p1b\n|-activate|p1a: Garchomp|move: Protect\n|-immune|p2a: Charizard\n|-damage|p1b: Basculegion|0 fnt\n|faint|p1b: Basculegion\n|\n|upkeep\n|\n|t:|1775914688\n|switch|p1b: Incineroar|Incineroar, L50, M|100/100\n|-ability|p1b: Incineroar|Intimidate|boost\n|-unboost|p2a: Charizard|atk|1\n|-unboost|p2b: Garchomp|atk|1\n|turn|4\n|\n|t:|1775914696\n|switch|p2b: Incineroar|Incineroar, L50, F|37/100\n|-ability|p2b: Incineroar|Intimidate|boost\n|-unboost|p1a: Garchomp|atk|1\n|-unboost|p1b: Incineroar|atk|1\n|move|p2a: Charizard|Protect|p2a: Charizard\n|-singleturn|p2a: Charizard|Protect\n|move|p1b: Incineroar|Fake Out|p2a: Charizard\n|-activate|p2a: Charizard|move: Protect\n|move|p1a: Garchomp|Rock Slide|p2a: Charizard|[spread] p2b\n|-activate|p2a: Charizard|move: Protect\n|-supereffective|p2b: Incineroar|1\n|-damage|p2b: Incineroar|22/100\n|\n|upkeep\n|turn|5\n|\n|t:|1775914721\n|move|p1a: Garchomp|Protect|p1a: Garchomp\n|-singleturn|p1a: Garchomp|Protect\n|move|p2b: Incineroar|Fake Out|p1a: Garchomp\n|-activate|p1a: Garchomp|move: Protect\n|move|p2a: Charizard|Heat Wave|p1b: Incineroar|[spread] p1b\n|-activate|p1a: Garchomp|move: Protect\n|-resisted|p1b: Incineroar|1\n|-damage|p1b: Incineroar|83/100\n|move|p1b: Incineroar|Parting Shot|p2b: Incineroar\n|-unboost|p2b: Incineroar|atk|1\n|-unboost|p2b: Incineroar|spa|1\n|\n|t:|1775914734\n|switch|p1b: Froslass|Froslass, L50, F|100/100|[from] Parting Shot\n|\n|upkeep\n|turn|6\n|inactive|GHWGYXY has 30 seconds left.\n|inactive|GHWGYXY has 20 seconds left.\n|\n|t:|1775914770\n|detailschange|p1b: Froslass|Froslass-Mega, L50, F\n|-mega|p1b: Froslass|Froslass|Froslassite\n|-weather|Snowscape|[from] ability: Snow Warning|[of] p1b: Froslass\n|move|p1b: Froslass|Protect|p1b: Froslass\n|-singleturn|p1b: Froslass|Protect\n|move|p2a: Charizard|Protect|p2a: Charizard\n|-singleturn|p2a: Charizard|Protect\n|move|p1a: Garchomp|Rock Slide|p2a: Charizard|[spread] p2b\n|-activate|p2a: Charizard|move: Protect\n|-supereffective|p2b: Incineroar|1\n|-damage|p2b: Incineroar|7/100\n|move|p2b: Incineroar|Flare Blitz|p1b: Froslass\n|-activate|p1b: Froslass|move: Protect\n|\n|-weather|Snowscape|[upkeep]\n|upkeep\n|turn|7\n|\n|t:|1775914790\n|switch|p1b: Incineroar|Incineroar, L50, M|83/100\n|-ability|p1b: Incineroar|Intimidate|boost\n|-unboost|p2a: Charizard|atk|1\n|-unboost|p2b: Incineroar|atk|1\n|move|p1a: Garchomp|Rock Slide|p2a: Charizard|[spread] p2a,p2b\n|-supereffective|p2a: Charizard|2\n|-supereffective|p2b: Incineroar|1\n|-damage|p2a: Charizard|62/100\n|-damage|p2b: Incineroar|0 fnt\n|faint|p2b: Incineroar\n|move|p2a: Charizard|Weather Ball|p1a: Garchomp\n|-supereffective|p1a: Garchomp|2\n|-damage|p1a: Garchomp|0 fnt\n|faint|p1a: Garchomp\n|\n|-weather|Snowscape|[upkeep]\n|upkeep\n|\n|t:|1775914802\n|switch|p1a: Froslass|Froslass-Mega, L50, F|100/100\n|switch|p2b: Garchomp|Garchomp, L50, M|100/100\n|turn|8\n|\n|t:|1775914813\n|detailschange|p2a: Charizard|Charizard-Mega-Y, L50, M\n|-mega|p2a: Charizard|Charizard|Charizardite Y\n|-weather|SunnyDay|[from] ability: Drought|[of] p2a: Charizard\n|move|p1b: Incineroar|Fake Out|p2a: Charizard\n|-damage|p2a: Charizard|46/100\n|move|p2b: Garchomp|Earthquake|p1a: Froslass|[spread] p1a,p1b\n|-immune|p2a: Charizard\n|-supereffective|p1b: Incineroar|1\n|-damage|p1a: Froslass|32/100\n|-damage|p1b: Incineroar|0 fnt\n|faint|p1b: Incineroar\n|move|p1a: Froslass|Blizzard|p2a: Charizard|[spread] p2a\n|-miss|p1a: Froslass|p2b: Garchomp\n|-damage|p2a: Charizard|7/100\n|cant|p2a: Charizard|flinch\n|\n|-weather|SunnyDay|[upkeep]\n|upkeep\n|turn|9\n|\n|t:|1775914822\n|move|p1a: Froslass|Protect|p1a: Froslass\n|-singleturn|p1a: Froslass|Protect\n|move|p2b: Garchomp|Earthquake|p1a: Froslass|[spread] \n|-activate|p1a: Froslass|move: Protect\n|-immune|p2a: Charizard\n|move|p2a: Charizard|Weather Ball|p1a: Froslass\n|-activate|p1a: Froslass|move: Protect\n|\n|-weather|SunnyDay|[upkeep]\n|upkeep\n|turn|10\n|\n|t:|1775914831\n|move|p2b: Garchomp|Earthquake|p1a: Froslass|[spread] p1a\n|-immune|p2a: Charizard\n|-damage|p1a: Froslass|0 fnt\n|faint|p1a: Froslass\n|\n|win|GHWGYXY\n|raw|akarihisui's rating: 1026 &rarr; <strong>1014</strong><br />(-12 for losing)\n|raw|GHWGYXY's rating: 1080 &rarr; <strong>1104</strong><br />(+24 for winning)\n|l|\u2606akarihisui\n|player|p1|\n",
  "uploadtime": 1775914844,
  "views": 12,
  "formatid": "gen9championsvgc2026regma",
  "rating": 1014,
  "private": 0,
  "password": null
}