{
  "id": "gen9championsvgc2026regma-2582999933",
  "format": "[Gen 9 Champions] VGC 2026 Reg M-A",
  "players": [
    "danjobo",
    "Tokimeki Heart"
  ],
  "log": "|j|\u2606danjobo\n|j|\u2606Tokimeki Heart\n|t:|1776132149\n|gametype|doubles\n|player|p1|danjobo|fisherman|1000\n|player|p2|Tokimeki Heart|102|1066\n|gen|9\n|tier|[Gen 9 Champions] VGC 2026 Reg M-A\n|rated|\n|rule|Species Clause: Limit one of each Pok\u00e9mon\n|rule|Item Clause: Limit 1 of each item\n|clearpoke\n|poke|p1|Kingambit, L50, F|\n|poke|p1|Pelipper, L50, F|\n|poke|p1|Incineroar, L50, M|\n|poke|p1|Maushold, L50|\n|poke|p1|Dragonite, L50, M|\n|poke|p1|Basculegion, L50, M|\n|poke|p2|Altaria, L50, F|\n|poke|p2|Archaludon, L50, M|\n|poke|p2|Palafin, L50, M|\n|poke|p2|Drampa, L50, M|\n|poke|p2|Pelipper, L50, F|\n|poke|p2|Torterra, L50, M|\n|teampreview|4\n|\n|t:|1776132232\n|teamsize|p1|4\n|teamsize|p2|4\n|start\n|switch|p1a: Kingambit|Kingambit, L50, F|100/100\n|switch|p1b: Incineroar|Incineroar, L50, M|100/100\n|switch|p2a: Palafin|Palafin, L50, M|100/100\n|switch|p2b: Altaria|Altaria, L50, F|100/100\n|-ability|p1b: Incineroar|Intimidate|boost\n|-unboost|p2a: Palafin|atk|1\n|-unboost|p2b: Altaria|atk|1\n|turn|1\n|\n|t:|1776132256\n|detailschange|p2a: Palafin|Palafin-Hero, L50, M\n|switch|p2a: Pelipper|Pelipper, L50, F|100/100\n|-weather|RainDance|[from] ability: Drizzle|[of] p2a: Pelipper\n|move|p2b: Altaria|Protect|p2b: Altaria\n|-singleturn|p2b: Altaria|Protect\n|move|p1b: Incineroar|Fake Out|p2a: Pelipper\n|-damage|p2a: Pelipper|88/100\n|move|p1a: Kingambit|Swords Dance|p1a: Kingambit\n|-boost|p1a: Kingambit|atk|2\n|\n|-weather|RainDance|[upkeep]\n|upkeep\n|turn|2\n|\n|t:|1776132296\n|switch|p1b: Maushold|Maushold, L50|100/100\n|detailschange|p2b: Altaria|Altaria-Mega, L50, F\n|-mega|p2b: Altaria|Altaria|Altarianite\n|move|p2b: Altaria|Hyper Voice|p1a: Kingambit|[spread] p1a,p1b\n|-damage|p1a: Kingambit|70/100\n|-damage|p1b: Maushold|54/100\n|move|p2a: Pelipper|Tailwind|p2a: Pelipper\n|-sidestart|p2: Tokimeki Heart|move: Tailwind\n|move|p1a: Kingambit|Swords Dance|p1a: Kingambit\n|-boost|p1a: Kingambit|atk|2\n|\n|-weather|RainDance|[upkeep]\n|upkeep\n|turn|3\n|\n|t:|1776132344\n|move|p2a: Pelipper|Helping Hand|p2b: Altaria\n|-singleturn|p2b: Altaria|Helping Hand|[of] p2a: Pelipper\n|move|p1b: Maushold|Follow Me|p1b: Maushold\n|-singleturn|p1b: Maushold|move: Follow Me\n|move|p2b: Altaria|Hyper Voice|p1a: Kingambit|[spread] p1a,p1b\n|-damage|p1a: Kingambit|23/100\n|-damage|p1b: Maushold|0 fnt\n|faint|p1b: Maushold\n|move|p1a: Kingambit|Kowtow Cleave|p2b: Altaria\n|-resisted|p2b: Altaria|1\n|-damage|p2b: Altaria|18/100\n|\n|-weather|RainDance|[upkeep]\n|upkeep\n|\n|t:|1776132362\n|switch|p1b: Incineroar|Incineroar, L50, M|100/100\n|-ability|p1b: Incineroar|Intimidate|boost\n|-unboost|p2a: Pelipper|atk|1\n|-unboost|p2b: Altaria|atk|1\n|turn|4\n|\n|t:|1776132374\n|move|p2b: Altaria|Protect|p2b: Altaria\n|-singleturn|p2b: Altaria|Protect\n|move|p1b: Incineroar|Fake Out|p2a: Pelipper\n|-damage|p2a: Pelipper|75/100\n|move|p1a: Kingambit|Sucker Punch||[still]\n|-fail|p1a: Kingambit\n|cant|p2a: Pelipper|flinch\n|\n|-weather|RainDance|[upkeep]\n|upkeep\n|turn|5\n|\n|t:|1776132405\n|switch|p1b: Dragonite|Dragonite, L50, M|100/100\n|move|p2a: Pelipper|Helping Hand|p2b: Altaria\n|-singleturn|p2b: Altaria|Helping Hand|[of] p2a: Pelipper\n|move|p1a: Kingambit|Sucker Punch|p2b: Altaria\n|-resisted|p2b: Altaria|1\n|-damage|p2b: Altaria|0 fnt\n|faint|p2b: Altaria\n|\n|-weather|none\n|-sideend|p2: Tokimeki Heart|move: Tailwind\n|upkeep\n|\n|t:|1776132423\n|switch|p2b: Palafin|Palafin-Hero, L50, M|100/100\n|-activate|p2b: Palafin|ability: Zero to Hero\n|turn|6\n|\n|t:|1776132449\n|detailschange|p1b: Dragonite|Dragonite-Mega, L50, M\n|-mega|p1b: Dragonite|Dragonite|Dragoninite\n|move|p2b: Palafin|Jet Punch|p1a: Kingambit\n|-damage|p1a: Kingambit|0 fnt\n|faint|p1a: Kingambit\n|move|p1b: Dragonite|Dragon Pulse|p2a: Pelipper\n|-damage|p2a: Pelipper|15/100\n|move|p2a: Pelipper|Tailwind|p2a: Pelipper\n|-sidestart|p2: Tokimeki Heart|move: Tailwind\n|\n|upkeep\n|\n|t:|1776132459\n|switch|p1a: Incineroar|Incineroar, L50, M|100/100\n|-ability|p1a: Incineroar|Intimidate|boost\n|-unboost|p2a: Pelipper|atk|1\n|-unboost|p2b: Palafin|atk|1\n|turn|7\n|\n|t:|1776132475\n|move|p1a: Incineroar|Fake Out|p2b: Palafin\n|-damage|p2b: Palafin|88/100\n|move|p1b: Dragonite|Extreme Speed|p2a: Pelipper\n|-damage|p2a: Pelipper|0 fnt\n|faint|p2a: Pelipper\n|cant|p2b: Palafin|flinch\n|\n|upkeep\n|\n|t:|1776132484\n|switch|p2a: Archaludon|Archaludon, L50, M|100/100\n|turn|8\n|\n|t:|1776132539\n|move|p2b: Palafin|Wave Crash|p1a: Incineroar\n|-supereffective|p1a: Incineroar|1\n|-damage|p1a: Incineroar|4/100\n|-enditem|p1a: Incineroar|Sitrus Berry|[eat]\n|-heal|p1a: Incineroar|29/100|[from] item: Sitrus Berry\n|-damage|p2b: Palafin|52/100|[from] Recoil\n|move|p2a: Archaludon|Draco Meteor|p1b: Dragonite\n|-supereffective|p1b: Dragonite|1\n|-damage|p1b: Dragonite|45/100\n|-unboost|p2a: Archaludon|spa|2\n|move|p1b: Dragonite|Dragon Pulse|p2a: Archaludon\n|-damage|p2a: Archaludon|16/100\n|-ability|p2a: Archaludon|Stamina|boost\n|-boost|p2a: Archaludon|def|1\n|move|p1a: Incineroar|Throat Chop|p2a: Archaludon\n|-damage|p2a: Archaludon|0 fnt\n|faint|p2a: Archaludon\n|\n|upkeep\n|turn|9\n|\n|t:|1776132575\n|move|p2b: Palafin|Wave Crash|p1b: Dragonite\n|-resisted|p1b: Dragonite|1\n|-damage|p1b: Dragonite|17/100\n|-damage|p2b: Palafin|43/100|[from] Recoil\n|move|p1b: Dragonite|Dragon Pulse|p2b: Palafin\n|-damage|p2b: Palafin|0 fnt\n|faint|p2b: Palafin\n|\n|win|danjobo\n|raw|danjobo's rating: 1000 &rarr; <strong>1048</strong><br />(+48 for winning)\n|raw|Tokimeki Heart's rating: 1066 &rarr; <strong>1042</strong><br />(-24 for losing)\n",
  "uploadtime": 1776132594,
  "views": 16,
  "formatid": "gen9championsvgc2026regma",
  "rating": 1042,
  "private": 0,
  "password": null
}