{
  "id": "gen9championsvgc2026regma-2580707282",
  "format": "[Gen 9 Champions] VGC 2026 Reg M-A",
  "players": [
    "BrodyT",
    "Markiito18"
  ],
  "log": "|j|\u2606BrodyT\n|j|\u2606Markiito18\n|t:|1775925929\n|gametype|doubles\n|player|p1|BrodyT|265|1074\n|player|p2|Markiito18|rood|1030\n|gen|9\n|tier|[Gen 9 Champions] VGC 2026 Reg M-A\n|rated|\n|rule|Species Clause: Limit one of each Pok\u00e9mon\n|rule|Item Clause: Limit 1 of each item\n|clearpoke\n|poke|p1|Froslass, L50, F|\n|poke|p1|Incineroar, L50, M|\n|poke|p1|Basculegion, L50, M|\n|poke|p1|Garchomp, L50, M|\n|poke|p1|Orthworm, L50, F|\n|poke|p1|Rotom-Frost, L50|\n|poke|p2|Floette-Eternal, L50, F|\n|poke|p2|Incineroar, L50, M|\n|poke|p2|Garchomp, L50, M|\n|poke|p2|Sinistcha, L50|\n|poke|p2|Orthworm, L50, M|\n|poke|p2|Delphox, L50, F|\n|teampreview|4\nBrodyT has agreed to open team sheets.\n|inactive|Battle timer is ON: inactive players will automatically lose when time's up. (requested by BrodyT)\n|inactive|Markiito18 has 60 seconds left.\n|inactive|Markiito18 has 30 seconds left.\n|inactive|Markiito18 has 20 seconds left.\n|inactive|Markiito18 has 15 seconds left.\n|inactive|Markiito18 has 10 seconds left.\n|inactive|Markiito18 has 5 seconds left.\n|\n|t:|1775926036\n|teamsize|p1|4\n|teamsize|p2|4\n|start\n|switch|p1a: Orthworm|Orthworm, L50, F|100/100\n|switch|p1b: Garchomp|Garchomp, L50, M|100/100\n|switch|p2a: Delphox|Delphox, L50, F, shiny|100/100\n|switch|p2b: Orthworm|Orthworm, L50, M, shiny|100/100\n|turn|1\n|inactive|BrodyT has 30 seconds left.\n|\n|t:|1775926069\n|detailschange|p2a: Delphox|Delphox-Mega, L50, F, shiny\n|-mega|p2a: Delphox|Delphox|Delphoxite\n|move|p2a: Delphox|Protect|p2a: Delphox\n|-singleturn|p2a: Delphox|Protect\n|move|p1b: Garchomp|Rock Slide|p2a: Delphox|[spread] p2b\n|-activate|p2a: Delphox|move: Protect\n|-resisted|p2b: Orthworm|1\n|-damage|p2b: Orthworm|95/100\n|cant|p2b: Orthworm|flinch\n|move|p1a: Orthworm|Body Press|p2b: Orthworm\n|-supereffective|p2b: Orthworm|1\n|-damage|p2b: Orthworm|62/100\n|\n|upkeep\n|turn|2\n|\n|t:|1775926094\n|switch|p2a: Garchomp|Garchomp, L50, M|100/100\n|move|p1b: Garchomp|Rock Slide|p2a: Garchomp|[spread] p2a\n|-miss|p1b: Garchomp|p2b: Orthworm\n|-resisted|p2a: Garchomp|1\n|-damage|p2a: Garchomp|92/100\n|move|p2b: Orthworm|Iron Defense|p2b: Orthworm\n|-boost|p2b: Orthworm|def|2\n|move|p1a: Orthworm|Shed Tail|p1a: Orthworm\n|-start|p1a: Orthworm|Substitute|[from] move: Shed Tail\n|-damage|p1a: Orthworm|50/100\n|-enditem|p1a: Orthworm|Sitrus Berry|[eat]\n|-heal|p1a: Orthworm|75/100|[from] item: Sitrus Berry\n|\n|t:|1775926111\n|switch|p1a: Froslass|Froslass, L50, F|100/100|[from] Shed Tail\n|\n|upkeep\n|turn|3\n|inactive|Markiito18 has 30 seconds left.\n|\n|t:|1775926145\n|switch|p2a: Incineroar|Incineroar, L50, M, shiny|100/100\n|-ability|p2a: Incineroar|Intimidate|boost\n|-immune|p1a: Froslass\n|-unboost|p1b: Garchomp|atk|1\n|detailschange|p1a: Froslass|Froslass-Mega, L50, F\n|-mega|p1a: Froslass|Froslass|Froslassite\n|-weather|Snowscape|[from] ability: Snow Warning|[of] p1a: Froslass\n|move|p2b: Orthworm|Protect|p2b: Orthworm\n|-singleturn|p2b: Orthworm|Protect\n|move|p1a: Froslass|Blizzard|p2a: Incineroar|[spread] p2a\n|-activate|p2b: Orthworm|move: Protect\n|-resisted|p2a: Incineroar|1\n|-crit|p2a: Incineroar\n|-damage|p2a: Incineroar|70/100\n|move|p1b: Garchomp|Earthquake|p2a: Incineroar|[spread] p1a,p2a\n|-activate|p2b: Orthworm|move: Protect\n|-end|p1a: Froslass|Substitute\n|-supereffective|p2a: Incineroar|1\n|-damage|p2a: Incineroar|27/100\n|-enditem|p2a: Incineroar|Sitrus Berry|[eat]\n|-heal|p2a: Incineroar|52/100|[from] item: Sitrus Berry\n|\n|-weather|Snowscape|[upkeep]\n|upkeep\n|turn|4\n|inactive|BrodyT has 30 seconds left.\n|inactive|Markiito18 has 30 seconds left.\n|inactive|Markiito18 has 20 seconds left.\n|inactive|Markiito18 has 15 seconds left.\n|inactive|Markiito18 has 10 seconds left.\n|inactive|Markiito18 has 5 seconds left.\n|\n|t:|1775926199\n|move|p1a: Froslass|Protect|p1a: Froslass\n|-singleturn|p1a: Froslass|Protect\n|move|p2b: Orthworm|Protect||[still]\n|-fail|p2b: Orthworm\n|move|p1b: Garchomp|Earthquake|p2a: Incineroar|[spread] p2a\n|-activate|p1a: Froslass|move: Protect\n|-heal|p2b: Orthworm|87/100|[from] ability: Earth Eater|[of] p1b: Garchomp\n|-supereffective|p2a: Incineroar|1\n|-crit|p2a: Incineroar\n|-damage|p2a: Incineroar|0 fnt\n|faint|p2a: Incineroar\n|\n|-weather|Snowscape|[upkeep]\n|upkeep\n|\n|t:|1775926210\n|switch|p2a: Delphox|Delphox-Mega, L50, F, shiny|100/100\n|turn|5\n|inactive|Markiito18 has 30 seconds left.\n|\n|t:|1775926236\n|move|p2a: Delphox|Encore|p1a: Froslass\n|-start|p1a: Froslass|Encore\n|move|p1a: Froslass|Protect|p1a: Froslass\n|-singleturn|p1a: Froslass|Protect\n|move|p1b: Garchomp|Rock Slide|p2b: Orthworm|[spread] p2a,p2b\n|-supereffective|p2a: Delphox|1\n|-resisted|p2b: Orthworm|1\n|-damage|p2a: Delphox|61/100\n|-damage|p2b: Orthworm|85/100\n|move|p2b: Orthworm|Body Press|p1b: Garchomp\n|-damage|p1b: Garchomp|26/100\n|-damage|p2b: Orthworm|73/100|[from] ability: Rough Skin|[of] p1b: Garchomp\n|\n|-weather|Snowscape|[upkeep]\n|upkeep\n|turn|6\n|\n|t:|1775926263\n|switch|p1a: Basculegion|Basculegion, L50, M|100/100\n|move|p2a: Delphox|Heat Wave|p1a: Basculegion|[spread] p1a,p1b\n|-resisted|p1a: Basculegion|1\n|-resisted|p1b: Garchomp|1\n|-damage|p1a: Basculegion|77/100\n|-damage|p1b: Garchomp|4/100\n|move|p1b: Garchomp|Rock Slide|p2b: Orthworm|[spread] p2a,p2b\n|-supereffective|p2a: Delphox|1\n|-resisted|p2b: Orthworm|1\n|-damage|p2a: Delphox|23/100\n|-damage|p2b: Orthworm|71/100\n|move|p2b: Orthworm|Shed Tail|p2b: Orthworm\n|-start|p2b: Orthworm|Substitute|[from] move: Shed Tail\n|-damage|p2b: Orthworm|21/100\n|\n|t:|1775926275\n|switch|p2b: Garchomp|Garchomp, L50, M|92/100|[from] Shed Tail\n|\n|-weather|Snowscape|[upkeep]\n|upkeep\n|turn|7\n|inactive|Markiito18 has 30 seconds left.\n|\n|t:|1775926307\n|move|p2a: Delphox|Protect|p2a: Delphox\n|-singleturn|p2a: Delphox|Protect\n|move|p2b: Garchomp|Earthquake|p1b: Garchomp|[spread] p1a,p1b\n|-activate|p2a: Delphox|move: Protect\n|-damage|p1a: Basculegion|23/100\n|-damage|p1b: Garchomp|0 fnt\n|faint|p1b: Garchomp\n|move|p1a: Basculegion|Last Respects|p2a: Delphox\n|-activate|p2a: Delphox|move: Protect\n|\n|-weather|none\n|upkeep\n|\n|t:|1775926318\n|switch|p1b: Froslass|Froslass-Mega, L50, F|100/100\n|-weather|Snowscape|[from] ability: Snow Warning|[of] p1b: Froslass\n|turn|8\n|\n|t:|1775926333\n|move|p2b: Garchomp|Earthquake|p1a: Basculegion|[spread] p1a,p1b\n|-immune|p2a: Delphox|[from] ability: Levitate\n|-damage|p1a: Basculegion|0 fnt\n|-damage|p1b: Froslass|59/100\n|faint|p1a: Basculegion\n|move|p2a: Delphox|Heat Wave|p1b: Froslass\n|-supereffective|p1b: Froslass|1\n|-damage|p1b: Froslass|0 fnt\n|faint|p1b: Froslass\n|\n|-weather|Snowscape|[upkeep]\n|upkeep\n|\n|t:|1775926340\n|switch|p1a: Orthworm|Orthworm, L50, F|75/100\n|turn|9\n|inactive|Markiito18 has 30 seconds left.\n|inactive|Markiito18 has 20 seconds left.\n|\n|t:|1775926375\n|switch|p2b: Orthworm|Orthworm, L50, M, shiny|21/100\n|move|p2a: Delphox|Protect|p2a: Delphox\n|-singleturn|p2a: Delphox|Protect\n|move|p1a: Orthworm|Body Press|p2a: Delphox\n|-activate|p2a: Delphox|move: Protect\n|\n|-weather|Snowscape|[upkeep]\n|upkeep\n|turn|10\n|\n|t:|1775926385\n|move|p2a: Delphox|Heat Wave|p1a: Orthworm|[miss]\n|-miss|p2a: Delphox|p1a: Orthworm\n|move|p2b: Orthworm|Body Press|p1a: Orthworm\n|-supereffective|p1a: Orthworm|1\n|-damage|p1a: Orthworm|21/100\n|move|p1a: Orthworm|Body Press|p2b: Orthworm\n|-supereffective|p2b: Orthworm|1\n|-damage|p2b: Orthworm|0 fnt\n|faint|p2b: Orthworm\n|\n|-weather|Snowscape|[upkeep]\n|upkeep\n|\n|t:|1775926393\n|switch|p2b: Garchomp|Garchomp, L50, M|92/100\n|turn|11\n|\n|t:|1775926406\n|move|p2b: Garchomp|Rock Slide|p1a: Orthworm\n|-resisted|p1a: Orthworm|1\n|-damage|p1a: Orthworm|11/100\n|move|p2a: Delphox|Heat Wave|p1a: Orthworm\n|-supereffective|p1a: Orthworm|1\n|-damage|p1a: Orthworm|0 fnt\n|faint|p1a: Orthworm\n|\n|win|Markiito18\n|raw|BrodyT's rating: 1074 &rarr; <strong>1049</strong><br />(-25 for losing)\n|raw|Markiito18's rating: 1016 &rarr; <strong>1060</strong><br />(+44 for winning)\n|c|\u2606Markiito18|gg\n",
  "uploadtime": 1775926414,
  "views": 12,
  "formatid": "gen9championsvgc2026regma",
  "rating": 1049,
  "private": 0,
  "password": null
}