{
  "id": "gen9championsvgc2026regma-2583710344",
  "format": "[Gen 9 Champions] VGC 2026 Reg M-A",
  "players": [
    "BrabreiVGC",
    "mksgms"
  ],
  "log": "|j|\u2606BrabreiVGC\n|j|\u203dmksgms\n|t:|1776192490\n|gametype|doubles\n|player|p1|BrabreiVGC|unknown|1145\n|player|p2|mksgms|1|1167\n|gen|9\n|tier|[Gen 9 Champions] VGC 2026 Reg M-A\n|rated|\n|rule|Species Clause: Limit one of each Pok\u00e9mon\n|rule|Item Clause: Limit 1 of each item\n|clearpoke\n|poke|p1|Charizard, L50, F|\n|poke|p1|Venusaur, L50, M|\n|poke|p1|Incineroar, L50, M|\n|poke|p1|Garchomp, L50, F|\n|poke|p1|Rotom-Wash, L50|\n|poke|p1|Sneasler, L50, F|\n|poke|p2|Floette-Eternal, L50, F|\n|poke|p2|Maushold, L50|\n|poke|p2|Garchomp, L50, M|\n|poke|p2|Talonflame, L50, M|\n|poke|p2|Rotom-Wash, L50|\n|poke|p2|Aegislash, L50, F|\n|teampreview|4\n|inactive|Battle timer is ON: inactive players will automatically lose when time's up. (requested by mksgms)\n|inactive|BrabreiVGC also wants the timer to be on.\nBrabreiVGC has agreed to open team sheets.\n|inactive|BrabreiVGC has 60 seconds left.\n|inactive|mksgms has 60 seconds left.\n|\n|t:|1776192528\n|teamsize|p1|4\n|teamsize|p2|4\n|start\n|switch|p1a: Sneasler|Sneasler, L50, F|100/100\n|switch|p1b: Charizard|Charizard, L50, F|100/100\n|switch|p2a: Talonflame|Talonflame, L50, M|100/100\n|switch|p2b: Garchomp|Garchomp, L50, M|100/100\n|turn|1\n|inactive|BrabreiVGC has 30 seconds left.\n|\n|t:|1776192559\n|switch|p1b: Garchomp|Garchomp, L50, F|100/100\n|move|p2a: Talonflame|Protect|p2a: Talonflame\n|-singleturn|p2a: Talonflame|Protect\n|move|p2b: Garchomp|Protect|p2b: Garchomp\n|-singleturn|p2b: Garchomp|Protect\n|move|p1a: Sneasler|Fake Out|p2a: Talonflame\n|-activate|p2a: Talonflame|move: Protect\n|\n|upkeep\n|turn|2\n|\n|t:|1776192580\n|move|p1a: Sneasler|Protect|p1a: Sneasler\n|-singleturn|p1a: Sneasler|Protect\n|move|p2a: Talonflame|Tailwind|p2a: Talonflame\n|-sidestart|p2: mksgms|move: Tailwind\n|move|p2b: Garchomp|Earthquake|p1a: Sneasler|[spread] p1b\n|-activate|p1a: Sneasler|move: Protect\n|-immune|p2a: Talonflame\n|-damage|p1b: Garchomp|52/100\n|move|p1b: Garchomp|Rock Slide|p2a: Talonflame|[spread] p2a,p2b\n|-supereffective|p2a: Talonflame|2\n|-resisted|p2b: Garchomp|1\n|-damage|p2a: Talonflame|0 fnt\n|-damage|p2b: Garchomp|90/100\n|faint|p2a: Talonflame\n|\n|upkeep\n|\n|t:|1776192599\n|switch|p2a: Floette|Floette-Eternal, L50, F|100/100\n|turn|3\n|inactive|mksgms has 30 seconds left.\n|\n|t:|1776192630\n|switch|p1a: Charizard|Charizard, L50, F|100/100\n|detailschange|p2a: Floette|Floette-Mega, L50, F\n|-mega|p2a: Floette|Floette|Floettite\n|-ability|p2a: Floette|Fairy Aura\n|move|p2b: Garchomp|Stone Edge|p1a: Charizard\n|-supereffective|p1a: Charizard|2\n|-damage|p1a: Charizard|0 fnt\n|faint|p1a: Charizard\n|move|p2a: Floette|Calm Mind|p2a: Floette\n|-boost|p2a: Floette|spa|1\n|-boost|p2a: Floette|spd|1\n|move|p1b: Garchomp|Dragon Claw|p2b: Garchomp\n|-supereffective|p2b: Garchomp|1\n|-damage|p2b: Garchomp|0 fnt\n|-damage|p1b: Garchomp|39/100|[from] ability: Rough Skin|[of] p2b: Garchomp\n|faint|p2b: Garchomp\n|\n|upkeep\n|\n|t:|1776192654\n|switch|p2b: Maushold|Maushold, L50|100/100\n|switch|p1a: Sneasler|Sneasler, L50, F|100/100\n|turn|4\n|inactive|BrabreiVGC has 30 seconds left.\n|\n|t:|1776192684\n|move|p1a: Sneasler|Fake Out|p2a: Floette\n|-damage|p2a: Floette|89/100\n|move|p2b: Maushold|Follow Me|p2b: Maushold\n|-singleturn|p2b: Maushold|move: Follow Me\n|cant|p2a: Floette|flinch\n|move|p1b: Garchomp|Dragon Claw|p2b: Maushold\n|-damage|p2b: Maushold|42/100\n|\n|upkeep\n|turn|5\n|inactive|BrabreiVGC has 30 seconds left.\n|inactive|mksgms has 30 seconds left.\n|\n|t:|1776192719\n|move|p1a: Sneasler|Protect|p1a: Sneasler\n|-singleturn|p1a: Sneasler|Protect\n|move|p2b: Maushold|Super Fang|p1a: Sneasler\n|-activate|p1a: Sneasler|move: Protect\n|move|p2a: Floette|Dazzling Gleam|p1b: Garchomp|[spread] p1b\n|-activate|p1a: Sneasler|move: Protect\n|-supereffective|p1b: Garchomp|1\n|-damage|p1b: Garchomp|0 fnt\n|faint|p1b: Garchomp\n|\n|-sideend|p2: mksgms|move: Tailwind\n|upkeep\n|\n|t:|1776192726\n|switch|p1b: Venusaur|Venusaur, L50, M|100/100\n|turn|6\n|inactive|mksgms has 30 seconds left.\n|\n|t:|1776192756\n|move|p2b: Maushold|Follow Me|p2b: Maushold\n|-singleturn|p2b: Maushold|move: Follow Me\n|move|p1a: Sneasler|Close Combat|p2b: Maushold\n|-supereffective|p2b: Maushold|1\n|-damage|p2b: Maushold|0 fnt\n|-unboost|p1a: Sneasler|def|1\n|-unboost|p1a: Sneasler|spd|1\n|faint|p2b: Maushold\n|-enditem|p1a: Sneasler|White Herb\n|-clearnegativeboost|p1a: Sneasler|[silent]\n|move|p1b: Venusaur|Sludge Bomb|p2a: Floette\n|-supereffective|p2a: Floette|1\n|-damage|p2a: Floette|45/100\n|move|p2a: Floette|Dazzling Gleam|p1b: Venusaur|[spread] p1a,p1b\n|-resisted|p1b: Venusaur|1\n|-damage|p1a: Sneasler|0 fnt\n|-damage|p1b: Venusaur|56/100\n|faint|p1a: Sneasler\n|\n|upkeep\n|turn|7\n|inactive|BrabreiVGC has 30 seconds left.\n|\n|t:|1776192783\n|move|p1b: Venusaur|Sludge Bomb|p2a: Floette\n|-supereffective|p2a: Floette|1\n|-damage|p2a: Floette|0 fnt\n|faint|p2a: Floette\n|\n|win|BrabreiVGC\n|raw|BrabreiVGC's rating: 1145 &rarr; <strong>1172</strong><br />(+27 for winning)\n|raw|mksgms's rating: 1167 &rarr; <strong>1140</strong><br />(-27 for losing)\n",
  "uploadtime": 1776192786,
  "views": 15,
  "formatid": "gen9championsvgc2026regma",
  "rating": 1140,
  "private": 0,
  "password": null
}