{
  "id": "gen9championsvgc2026regma-2581020733",
  "format": "[Gen 9 Champions] VGC 2026 Reg M-A",
  "players": [
    "Ascanio55",
    "Icebender"
  ],
  "log": "|j|\u2606Ascanio55\n|j|\u2606Icebender\n|t:|1775952416\n|gametype|doubles\n|player|p1|Ascanio55|lance|1142\n|player|p2|Icebender|birdkeeper-gen4dp|1111\n|gen|9\n|tier|[Gen 9 Champions] VGC 2026 Reg M-A\n|rated|\n|rule|Species Clause: Limit one of each Pok\u00e9mon\n|rule|Item Clause: Limit 1 of each item\n|clearpoke\n|poke|p1|Aerodactyl, L50, M|\n|poke|p1|Floette-Eternal, L50, F|\n|poke|p1|Maushold-Four, L50|\n|poke|p1|Garchomp, L50, F|\n|poke|p1|Kingambit, L50, M|\n|poke|p1|Rotom-Wash, L50|\n|poke|p2|Sneasler, L50, M|\n|poke|p2|Talonflame, L50, M|\n|poke|p2|Arcanine-Hisui, L50, F|\n|poke|p2|Milotic, L50, F|\n|poke|p2|Meganium, L50, F|\n|poke|p2|Dragapult, L50, F|\n|teampreview|4\n|inactive|Battle timer is ON: inactive players will automatically lose when time's up. (requested by Ascanio55)\n|\n|t:|1775952461\n|teamsize|p1|4\n|teamsize|p2|4\n|start\n|switch|p1a: Floette|Floette-Eternal, L50, F|100/100\n|switch|p1b: Maushold|Maushold-Four, L50|100/100\n|switch|p2a: Sneasler|Sneasler, L50, M|100/100\n|switch|p2b: Talonflame|Talonflame, L50, M|100/100\n|turn|1\n|\n|t:|1775952479\n|move|p1b: Maushold|Protect|p1b: Maushold\n|-singleturn|p1b: Maushold|Protect\n|move|p1a: Floette|Protect|p1a: Floette\n|-singleturn|p1a: Floette|Protect\n|move|p2b: Talonflame|Tailwind|p2b: Talonflame\n|-sidestart|p2: Icebender|move: Tailwind\n|move|p2a: Sneasler|Close Combat|p1b: Maushold\n|-activate|p1b: Maushold|move: Protect\n|\n|upkeep\n|turn|2\n|\n|t:|1775952495\n|detailschange|p1a: Floette|Floette-Mega, L50, F\n|-mega|p1a: Floette|Floette|Floettite\n|-ability|p1a: Floette|Fairy Aura\n|move|p1b: Maushold|Follow Me|p1b: Maushold\n|-singleturn|p1b: Maushold|move: Follow Me\n|move|p2b: Talonflame|Brave Bird|p1b: Maushold\n|-damage|p1b: Maushold|31/100\n|-damage|p2b: Talonflame|73/100|[from] Recoil\n|move|p2a: Sneasler|Dire Claw|p1b: Maushold\n|-damage|p1b: Maushold|0 fnt\n|faint|p1b: Maushold\n|move|p1a: Floette|Dazzling Gleam|p2b: Talonflame|[spread] p2a,p2b\n|-resisted|p2b: Talonflame|1\n|-crit|p2b: Talonflame\n|-damage|p2a: Sneasler|36/100\n|-damage|p2b: Talonflame|24/100\n|\n|upkeep\n|\n|t:|1775952515\n|switch|p1b: Kingambit|Kingambit, L50, M|100/100\n|turn|3\n|\n|t:|1775952530\n|move|p1b: Kingambit|Sucker Punch|p2a: Sneasler\n|-resisted|p2a: Sneasler|1\n|-damage|p2a: Sneasler|0 fnt\n|faint|p2a: Sneasler\n|move|p2b: Talonflame|Will-O-Wisp|p1b: Kingambit\n|-status|p1b: Kingambit|brn\n|move|p1a: Floette|Dazzling Gleam|p2b: Talonflame\n|-resisted|p2b: Talonflame|1\n|-damage|p2b: Talonflame|0 fnt\n|faint|p2b: Talonflame\n|\n|-damage|p1b: Kingambit|94/100 brn|[from] brn\n|upkeep\n|\n|t:|1775952538\n|switch|p2b: Milotic|Milotic, L50, F|100/100\n|switch|p2a: Meganium|Meganium, L50, F|100/100\n|turn|4\n|\n|t:|1775952556\n|detailschange|p2a: Meganium|Meganium-Mega, L50, F\n|-mega|p2a: Meganium|Meganium|Meganiumite\n|move|p2a: Meganium|Solar Beam||[still]\n|-prepare|p2a: Meganium|Solar Beam\n|-activate|p2a: Meganium|ability: Mega Sol\n|-anim|p2a: Meganium|Solar Beam|p1a: Floette\n|-damage|p1a: Floette|51/100\n|move|p2b: Milotic|Scald|p1a: Floette\n|-damage|p1a: Floette|27/100\n|move|p1a: Floette|Dazzling Gleam|p2b: Milotic|[spread] p2a,p2b\n|-damage|p2a: Meganium|52/100\n|-damage|p2b: Milotic|69/100\n|move|p1b: Kingambit|Iron Head|p2a: Meganium\n|-supereffective|p2a: Meganium|1\n|-damage|p2a: Meganium|5/100\n|\n|-heal|p2b: Milotic|75/100|[from] item: Leftovers\n|-damage|p1b: Kingambit|88/100 brn|[from] brn\n|-sideend|p2: Icebender|move: Tailwind\n|upkeep\n|turn|5\n|inactive|Icebender has 30 seconds left.\n|inactive|Icebender has 20 seconds left.\n|\n|t:|1775952592\n|move|p2a: Meganium|Protect|p2a: Meganium\n|-singleturn|p2a: Meganium|Protect\n|move|p1b: Kingambit|Sucker Punch||[still]\n|-fail|p1b: Kingambit\n|move|p1a: Floette|Draining Kiss|p2b: Milotic\n|-damage|p2b: Milotic|48/100\n|-heal|p1a: Floette|50/100|[from] drain|[of] p2b: Milotic\n|move|p2b: Milotic|Icy Wind|p1b: Kingambit|[spread] p1a,p1b\n|-resisted|p1b: Kingambit|1\n|-damage|p1a: Floette|40/100\n|-damage|p1b: Kingambit|82/100 brn\n|-unboost|p1a: Floette|spe|1\n|-unboost|p1b: Kingambit|spe|1\n|-ability|p1b: Kingambit|Defiant|boost\n|-boost|p1b: Kingambit|atk|2\n|\n|-heal|p2b: Milotic|54/100|[from] item: Leftovers\n|-damage|p1b: Kingambit|76/100 brn|[from] brn\n|upkeep\n|turn|6\n|\n|t:|1775952618\n|move|p1b: Kingambit|Sucker Punch||[still]\n|-fail|p1b: Kingambit\n|move|p2a: Meganium|Synthesis|p2a: Meganium\n|-heal|p2a: Meganium|72/100\n|move|p2b: Milotic|Scald|p1b: Kingambit\n|-damage|p1b: Kingambit|38/100 brn\n|move|p1a: Floette|Draining Kiss|p2b: Milotic\n|-damage|p2b: Milotic|26/100\n|-heal|p1a: Floette|64/100|[from] drain|[of] p2b: Milotic\n|\n|-heal|p2b: Milotic|32/100|[from] item: Leftovers\n|-damage|p1b: Kingambit|32/100 brn|[from] brn\n|upkeep\n|turn|7\n|\n|t:|1775952635\n|move|p2a: Meganium|Dazzling Gleam|p1a: Floette|[spread] p1a,p1b\n|-damage|p1a: Floette|29/100\n|-damage|p1b: Kingambit|0 fnt\n|faint|p1b: Kingambit\n|move|p2b: Milotic|Life Dew|p2b: Milotic|[spread] p2a,p2b\n|-heal|p2a: Meganium|97/100\n|-heal|p2b: Milotic|57/100\n|move|p1a: Floette|Draining Kiss|p2b: Milotic\n|-damage|p2b: Milotic|27/100\n|-heal|p1a: Floette|54/100|[from] drain|[of] p2b: Milotic\n|\n|-heal|p2b: Milotic|33/100|[from] item: Leftovers\n|upkeep\n|\n|t:|1775952646\n|switch|p1b: Garchomp|Garchomp, L50, F|100/100\n|turn|8\n|\n|t:|1775952656\n|move|p1b: Garchomp|Protect|p1b: Garchomp\n|-singleturn|p1b: Garchomp|Protect\n|move|p2b: Milotic|Protect|p2b: Milotic\n|-singleturn|p2b: Milotic|Protect\n|move|p2a: Meganium|Dazzling Gleam|p1b: Garchomp|[spread] p1a\n|-activate|p1b: Garchomp|move: Protect\n|-damage|p1a: Floette|20/100\n|move|p1a: Floette|Calm Mind|p1a: Floette\n|-boost|p1a: Floette|spa|1\n|-boost|p1a: Floette|spd|1\n|\n|-heal|p2b: Milotic|39/100|[from] item: Leftovers\n|upkeep\n|turn|9\n|\n|t:|1775952671\n|move|p1b: Garchomp|Rock Slide|p2b: Milotic|[spread] p2b\n|-miss|p1b: Garchomp|p2a: Meganium\n|-damage|p2b: Milotic|20/100\n|move|p2a: Meganium|Dazzling Gleam|p1a: Floette|[spread] p1a,p1b\n|-supereffective|p1b: Garchomp|1\n|-damage|p1a: Floette|0 fnt\n|-damage|p1b: Garchomp|0 fnt\n|faint|p1a: Floette\n|faint|p1b: Garchomp\n|\n|win|Icebender\n|raw|Ascanio55's rating: 1142 &rarr; <strong>1115</strong><br />(-27 for losing)\n|raw|Icebender's rating: 1111 &rarr; <strong>1138</strong><br />(+27 for winning)\n|l|\u2606Ascanio55\n|player|p1|\n",
  "uploadtime": 1775952680,
  "views": 26,
  "formatid": "gen9championsvgc2026regma",
  "rating": 1115,
  "private": 0,
  "password": null
}