{
  "id": "gen9championsvgc2026regma-2588523860",
  "format": "[Gen 9 Champions] VGC 2026 Reg M-A",
  "players": [
    "Krisuerte",
    "Ruizpaa"
  ],
  "log": "|j|\u2606Krisuerte\n|j|\u2606Ruizpaa\n|t:|1776641467\n|gametype|doubles\n|player|p1|Krisuerte|170|1422\n|player|p2|Ruizpaa|fisherman-gen4|1500\n|gen|9\n|tier|[Gen 9 Champions] VGC 2026 Reg M-A\n|rated|\n|rule|Species Clause: Limit one of each Pok\u00e9mon\n|rule|Item Clause: Limit 1 of each item\n|clearpoke\n|poke|p1|Tyranitar, L50, M|\n|poke|p1|Garchomp, L50, F|\n|poke|p1|Excadrill, L50, M|\n|poke|p1|Sinistcha-Masterpiece, L50|\n|poke|p1|Rotom-Heat, L50|\n|poke|p1|Corviknight, L50, F|\n|poke|p2|Garchomp, L50, M|\n|poke|p2|Kingambit, L50, M|\n|poke|p2|Sneasler, L50, M|\n|poke|p2|Basculegion, L50, M|\n|poke|p2|Froslass, L50, F|\n|poke|p2|Floette-Eternal, L50, F|\n|teampreview|4\n|inactive|Battle timer is ON: inactive players will automatically lose when time's up. (requested by Krisuerte)\n|\n|t:|1776641523\n|teamsize|p1|4\n|teamsize|p2|4\n|start\n|switch|p1a: Rotom|Rotom-Heat, L50|100/100\n|switch|p1b: Corviknight|Corviknight, L50, F|100/100\n|switch|p2a: Floette|Floette-Eternal, L50, F|100/100\n|switch|p2b: Basculegion|Basculegion, L50, M|100/100\n|turn|1\n|inactive|Ruizpaa has 30 seconds left.\n|\n|t:|1776641552\n|detailschange|p2a: Floette|Floette-Mega, L50, F\n|-mega|p2a: Floette|Floette|Floettite\n|-ability|p2a: Floette|Fairy Aura\n|move|p2a: Floette|Protect|p2a: Floette\n|-singleturn|p2a: Floette|Protect\n|move|p2b: Basculegion|Aqua Jet|p1a: Rotom\n|-supereffective|p1a: Rotom|1\n|-damage|p1a: Rotom|25/100\n|move|p1a: Rotom|Volt Switch|p2b: Basculegion\n|-supereffective|p2b: Basculegion|1\n|-damage|p2b: Basculegion|27/100\n|-enditem|p2b: Basculegion|Sitrus Berry|[eat]\n|-heal|p2b: Basculegion|52/100|[from] item: Sitrus Berry\n|\n|t:|1776641573\n|switch|p1a: Excadrill|Excadrill, L50, M|100/100|[from] Volt Switch\n|move|p1b: Corviknight|Tailwind|p1b: Corviknight\n|-sidestart|p1: Krisuerte|move: Tailwind\n|\n|upkeep\n|turn|2\n|\n|t:|1776641591\n|switch|p2a: Kingambit|Kingambit, L50, M|100/100\n|move|p1a: Excadrill|Iron Head|p2a: Kingambit\n|-resisted|p2a: Kingambit|1\n|-damage|p2a: Kingambit|84/100\n|move|p1b: Corviknight|Brave Bird|p2b: Basculegion\n|-damage|p2b: Basculegion|13/100\n|-damage|p1b: Corviknight|87/100|[from] Recoil\n|move|p2b: Basculegion|Wave Crash|p1a: Excadrill\n|-supereffective|p1a: Excadrill|1\n|-enditem|p1a: Excadrill|Focus Sash\n|-damage|p1a: Excadrill|1/100\n|-damage|p2b: Basculegion|0 fnt|[from] Recoil\n|faint|p2b: Basculegion\n|\n|-heal|p1b: Corviknight|93/100|[from] item: Leftovers\n|upkeep\n|\n|t:|1776641606\n|switch|p2b: Sneasler|Sneasler, L50, M|100/100\n|turn|3\n|\n|t:|1776641633\n|switch|p1a: Rotom|Rotom-Heat, L50|25/100\n|move|p2b: Sneasler|Fake Out|p1a: Rotom\n|-damage|p1a: Rotom|4/100\n|move|p1b: Corviknight|Brave Bird|p2b: Sneasler\n|-supereffective|p2b: Sneasler|1\n|-enditem|p2b: Sneasler|Focus Sash\n|-damage|p2b: Sneasler|1/100\n|-damage|p1b: Corviknight|68/100|[from] Recoil\n|move|p2a: Kingambit|Kowtow Cleave|p1b: Corviknight\n|-damage|p1b: Corviknight|28/100\n|\n|-heal|p1b: Corviknight|34/100|[from] item: Leftovers\n|upkeep\n|turn|4\n|\n|t:|1776641657\n|move|p1a: Rotom|Volt Switch|p2b: Sneasler\n|-crit|p2b: Sneasler\n|-damage|p2b: Sneasler|0 fnt\n|faint|p2b: Sneasler\n|\n|t:|1776641663\n|switch|p1a: Tyranitar|Tyranitar, L50, M|100/100|[from] Volt Switch\n|-weather|Sandstorm|[from] ability: Sand Stream|[of] p1a: Tyranitar\n|move|p1b: Corviknight|Body Press|p2a: Kingambit\n|-supereffective|p2a: Kingambit|2\n|-enditem|p2a: Kingambit|Chople Berry|[eat]\n|-enditem|p2a: Kingambit|Chople Berry|[weaken]\n|-damage|p2a: Kingambit|49/100\n|move|p2a: Kingambit|Kowtow Cleave|p1b: Corviknight\n|-crit|p1b: Corviknight\n|-damage|p1b: Corviknight|0 fnt\n|faint|p1b: Corviknight\n|\n|-weather|Sandstorm|[upkeep]\n|-sideend|p1: Krisuerte|move: Tailwind\n|upkeep\n|\n|t:|1776641683\n|switch|p2b: Floette|Floette-Mega, L50, F|100/100\n|switch|p1b: Excadrill|Excadrill, L50, M|1/100\n|-ability|p2b: Floette|Fairy Aura\n|turn|5\n|\n|t:|1776641693\n|detailschange|p1a: Tyranitar|Tyranitar-Mega, L50, M\n|-mega|p1a: Tyranitar|Tyranitar|Tyranitarite\n|move|p1b: Excadrill|Protect|p1b: Excadrill\n|-singleturn|p1b: Excadrill|Protect\n|move|p2a: Kingambit|Sucker Punch||[still]\n|-fail|p2a: Kingambit\n|move|p2b: Floette|Light of Ruin|p1a: Tyranitar\n|-supereffective|p1a: Tyranitar|1\n|-damage|p1a: Tyranitar|0 fnt\n|faint|p1a: Tyranitar\n|-damage|p2b: Floette|46/100|[from] Recoil\n|\n|-weather|Sandstorm|[upkeep]\n|-damage|p2b: Floette|40/100|[from] Sandstorm\n|upkeep\n|\n|t:|1776641709\n|switch|p1a: Rotom|Rotom-Heat, L50|4/100\n|turn|6\n|\n|t:|1776641718\n|move|p1b: Excadrill|Protect|p1b: Excadrill\n|-singleturn|p1b: Excadrill|Protect\n|move|p2a: Kingambit|Sucker Punch||[still]\n|-fail|p2a: Kingambit\n|move|p1a: Rotom|Overheat|p2a: Kingambit\n|-supereffective|p2a: Kingambit|1\n|-damage|p2a: Kingambit|0 fnt\n|-unboost|p1a: Rotom|spa|2\n|faint|p2a: Kingambit\n|move|p2b: Floette|Dazzling Gleam|p1a: Rotom|[spread] p1a\n|-activate|p1b: Excadrill|move: Protect\n|-resisted|p1a: Rotom|1\n|-damage|p1a: Rotom|0 fnt\n|faint|p1a: Rotom\n|\n|-weather|Sandstorm|[upkeep]\n|-damage|p2b: Floette|34/100|[from] Sandstorm\n|upkeep\n|turn|7\n|\n|t:|1776641738\n|move|p2b: Floette|Protect|p2b: Floette\n|-singleturn|p2b: Floette|Protect\n|move|p1b: Excadrill|Iron Head|p2b: Floette\n|-activate|p2b: Floette|move: Protect\n|\n|-weather|Sandstorm|[upkeep]\n|-damage|p2b: Floette|27/100|[from] Sandstorm\n|upkeep\n|turn|8\n|\n|t:|1776641753\n|move|p2b: Floette|Protect||[still]\n|-fail|p2b: Floette\n|move|p1b: Excadrill|Iron Head|p2b: Floette\n|-supereffective|p2b: Floette|1\n|-crit|p2b: Floette\n|-damage|p2b: Floette|0 fnt\n|faint|p2b: Floette\n|\n|win|Krisuerte\n|raw|Krisuerte's rating: 1422 &rarr; <strong>1446</strong><br />(+24 for winning)\n|raw|Ruizpaa's rating: 1500 &rarr; <strong>1476</strong><br />(-24 for losing)\n|l|\u2606Ruizpaa\n|player|p2|\n",
  "uploadtime": 1776641763,
  "views": 22,
  "formatid": "gen9championsvgc2026regma",
  "rating": 1446,
  "private": 0,
  "password": null
}