{
  "id": "gen9championsvgc2026regma-2580446744",
  "format": "[Gen 9 Champions] VGC 2026 Reg M-A",
  "players": [
    "TRDarkVGC",
    "imperialdave1"
  ],
  "log": "|j|\u2606TRDarkVGC\n|j|\u2606imperialdave1\n|t:|1775897867\n|gametype|doubles\n|player|p1|TRDarkVGC|cynthia-masters4|1076\n|player|p2|imperialdave1|102|1068\n|gen|9\n|tier|[Gen 9 Champions] VGC 2026 Reg M-A\n|rated|\n|rule|Species Clause: Limit one of each Pok\u00e9mon\n|rule|Item Clause: Limit 1 of each item\n|clearpoke\n|poke|p1|Gardevoir, L50, F|\n|poke|p1|Aegislash, L50, F|\n|poke|p1|Incineroar, L50, M|\n|poke|p1|Vivillon-Fancy, L50, M|\n|poke|p1|Hydreigon, L50, M|\n|poke|p1|Tauros-Paldea-Aqua, L50, M|\n|poke|p2|Scovillain, L50, F|\n|poke|p2|Zoroark-Hisui, L50, M|\n|poke|p2|Sinistcha, L50|\n|poke|p2|Incineroar, L50, F|\n|poke|p2|Kleavor, L50, F|\n|poke|p2|Farigiraf, L50, F|\n|teampreview|4\nTRDarkVGC has agreed to open team sheets.\n|inactive|Battle timer is ON: inactive players will automatically lose when time's up. (requested by TRDarkVGC)\n|\n|t:|1775897898\n|teamsize|p1|4\n|teamsize|p2|4\n|start\n|switch|p1a: Vivillon|Vivillon-Fancy, L50, M|100/100\n|switch|p1b: Hydreigon|Hydreigon, L50, M, shiny|100/100\n|switch|p2a: Kleavor|Kleavor, L50, F|100/100\n|switch|p2b: Sinistcha|Sinistcha, L50|100/100\n|turn|1\n|\n|t:|1775897910\n|switch|p2b: Incineroar|Incineroar, L50, F|100/100\n|-ability|p2b: Incineroar|Intimidate|boost\n|-unboost|p1a: Vivillon|atk|1\n|-unboost|p1b: Hydreigon|atk|1\n|move|p2a: Kleavor|Stone Axe|p1a: Vivillon\n|-supereffective|p1a: Vivillon|2\n|-enditem|p1a: Vivillon|Focus Sash\n|-damage|p1a: Vivillon|1/100\n|-sidestart|p1: TRDarkVGC|move: Stealth Rock\n|move|p1a: Vivillon|Sleep Powder|p2a: Kleavor\n|-status|p2a: Kleavor|slp|[from] move: Sleep Powder\n|move|p1b: Hydreigon|Dark Pulse|p2b: Incineroar\n|-resisted|p2b: Incineroar|1\n|-damage|p2b: Incineroar|80/100\n|\n|upkeep\n|turn|2\n|\n|t:|1775897925\n|move|p1a: Vivillon|Protect|p1a: Vivillon\n|-singleturn|p1a: Vivillon|Protect\n|move|p2b: Incineroar|Fake Out|p1a: Vivillon\n|-activate|p1a: Vivillon|move: Protect\n|cant|p2a: Kleavor|slp\n|move|p1b: Hydreigon|Tailwind|p1b: Hydreigon\n|-sidestart|p1: TRDarkVGC|move: Tailwind\n|\n|upkeep\n|turn|3\n|\n|t:|1775897938\n|switch|p1a: Aegislash|Aegislash, L50, F, shiny|100/100\n|-damage|p1a: Aegislash|95/100|[from] Stealth Rock\n|switch|p2b: Scovillain|Scovillain, L50, F|100/100\n|move|p1b: Hydreigon|Dark Pulse|p2a: Kleavor\n|-crit|p2a: Kleavor\n|-damage|p2a: Kleavor|7/100 slp\n|cant|p2a: Kleavor|slp\n|\n|-ability|p2b: Scovillain|Moody|boost\n|-boost|p2b: Scovillain|spd|2\n|-unboost|p2b: Scovillain|spe|1\n|upkeep\n|turn|4\n|\n|t:|1775897958\n|detailschange|p2b: Scovillain|Scovillain-Mega, L50, F\n|-mega|p2b: Scovillain|Scovillain|Scovillainite\n|move|p2b: Scovillain|Protect|p2b: Scovillain\n|-singleturn|p2b: Scovillain|Protect\n|move|p1b: Hydreigon|Dark Pulse|p2a: Kleavor\n|-damage|p2a: Kleavor|0 fnt\n|faint|p2a: Kleavor\n|-formechange|p1a: Aegislash|Aegislash-Blade|\n|move|p1a: Aegislash|Poltergeist|p2b: Scovillain\n|-activate|p2b: Scovillain|move: Protect\n|\n|upkeep\n|\n|t:|1775897968\n|switch|p2a: Incineroar|Incineroar, L50, F|80/100\n|-ability|p2a: Incineroar|Intimidate|boost\n|-unboost|p1a: Aegislash|atk|1\n|-unboost|p1b: Hydreigon|atk|1\n|-enditem|p1a: Aegislash|White Herb\n|-clearnegativeboost|p1a: Aegislash|[silent]\n|turn|5\n|\n|t:|1775897985\n|move|p1b: Hydreigon|Protect|p1b: Hydreigon\n|-singleturn|p1b: Hydreigon|Protect\n|-formechange|p1a: Aegislash|Aegislash|\n|move|p1a: Aegislash|King's Shield|p1a: Aegislash\n|-singleturn|p1a: Aegislash|Protect\n|move|p2a: Incineroar|Fake Out|p1b: Hydreigon\n|-activate|p1b: Hydreigon|move: Protect\n|move|p2b: Scovillain|Flamethrower|p1a: Aegislash\n|-activate|p1a: Aegislash|move: Protect\n|\n|-sideend|p1: TRDarkVGC|move: Tailwind\n|upkeep\n|turn|6\n|\n|t:|1775898002\n|move|p1b: Hydreigon|Tailwind|p1b: Hydreigon\n|-sidestart|p1: TRDarkVGC|move: Tailwind\n|-formechange|p1a: Aegislash|Aegislash-Blade|\n|move|p1a: Aegislash|Poltergeist|p2b: Scovillain|[miss]\n|-miss|p1a: Aegislash|p2b: Scovillain\n|move|p2a: Incineroar|Darkest Lariat|p1a: Aegislash\n|-supereffective|p1a: Aegislash|1\n|-damage|p1a: Aegislash|0 fnt\n|faint|p1a: Aegislash\n|move|p2b: Scovillain|Flamethrower|p1b: Hydreigon\n|-resisted|p1b: Hydreigon|1\n|-damage|p1b: Hydreigon|81/100\n|\n|upkeep\n|\n|t:|1775898015\n|switch|p1a: Vivillon|Vivillon-Fancy, L50, M|1/100\n|-damage|p1a: Vivillon|0 fnt|[from] Stealth Rock\n|faint|p1a: Vivillon\n|\n|t:|1775898018\n|switch|p1a: Gardevoir|Gardevoir, L50, F, shiny|100/100\n|-damage|p1a: Gardevoir|88/100|[from] Stealth Rock\n|-ability|p1a: Gardevoir|Intimidate|Trace|[from] ability: Trace|[of] p2a: Incineroar\n|-ability|p1a: Gardevoir|Intimidate|boost\n|-unboost|p2a: Incineroar|atk|1\n|-unboost|p2b: Scovillain|atk|1\n|turn|7\n|\n|t:|1775898033\n|detailschange|p1a: Gardevoir|Gardevoir-Mega, L50, F, shiny\n|-mega|p1a: Gardevoir|Gardevoir|Gardevoirite\n|move|p2b: Scovillain|Protect|p2b: Scovillain\n|-singleturn|p2b: Scovillain|Protect\n|move|p1b: Hydreigon|Dark Pulse|p2b: Scovillain\n|-activate|p2b: Scovillain|move: Protect\n|move|p1a: Gardevoir|Hyper Voice|p2a: Incineroar|[spread] p2a\n|-activate|p2b: Scovillain|move: Protect\n|-damage|p2a: Incineroar|32/100\n|move|p2a: Incineroar|Flare Blitz|p1a: Gardevoir\n|-damage|p1a: Gardevoir|24/100\n|-damage|p2a: Incineroar|14/100|[from] Recoil\n|\n|upkeep\n|turn|8\n|inactive|imperialdave1 has 30 seconds left.\n|\n|t:|1775898065\n|move|p1b: Hydreigon|Draco Meteor|p2b: Scovillain\n|-damage|p2b: Scovillain|69/100\n|-unboost|p1b: Hydreigon|spa|2\n|-status|p1b: Hydreigon|brn|[from] ability: Spicy Spray|[of] p2b: Scovillain\n|-enditem|p1b: Hydreigon|Lum Berry|[eat]\n|-curestatus|p1b: Hydreigon|brn|[msg]\n|move|p1a: Gardevoir|Hyper Voice|p2a: Incineroar|[spread] p2a,p2b\n|-resisted|p2b: Scovillain|1\n|-damage|p2a: Incineroar|0 fnt\n|-damage|p2b: Scovillain|58/100\n|-status|p1a: Gardevoir|brn|[from] ability: Spicy Spray|[of] p2b: Scovillain\n|faint|p2a: Incineroar\n|move|p2b: Scovillain|Giga Drain|p1a: Gardevoir\n|-damage|p1a: Gardevoir|0 fnt\n|-heal|p2b: Scovillain|71/100|[from] drain|[of] p1a: Gardevoir\n|faint|p1a: Gardevoir\n|\n|upkeep\n|\n|t:|1775898075\n|switch|p2a: Sinistcha|Sinistcha, L50|100/100\n|-heal|p2b: Scovillain|95/100|[from] ability: Hospitality|[of] p2a: Sinistcha\n|turn|9\n|c|\u2606TRDarkVGC|Scarf kleavor closed teamsheet what a time\n|-message|TRDarkVGC forfeited.\n|\n|win|imperialdave1\n|raw|TRDarkVGC's rating: 1076 &rarr; <strong>1054</strong><br />(-22 for losing)\n|raw|imperialdave1's rating: 1068 &rarr; <strong>1098</strong><br />(+30 for winning)\n|l|\u2606TRDarkVGC\n|player|p1|\n",
  "uploadtime": 1775898139,
  "views": 17,
  "formatid": "gen9championsvgc2026regma",
  "rating": 1054,
  "private": 0,
  "password": null
}