{
  "id": "gen9championsvgc2026regma-2587567109",
  "format": "[Gen 9 Champions] VGC 2026 Reg M-A",
  "players": [
    "ivighost47",
    "pretzel_galaxian"
  ],
  "log": "|j|\u2606ivighost47\n|j|\u2606pretzel_galaxian\n|t:|1776542906\n|gametype|doubles\n|player|p1|ivighost47|riley|1173\n|player|p2|pretzel_galaxian|brycenman|1102\n|gen|9\n|tier|[Gen 9 Champions] VGC 2026 Reg M-A\n|rated|\n|rule|Species Clause: Limit one of each Pok\u00e9mon\n|rule|Item Clause: Limit 1 of each item\n|clearpoke\n|poke|p1|Kommo-o, L50, F|\n|poke|p1|Corviknight, L50, M|\n|poke|p1|Tyranitar, L50, F|\n|poke|p1|Glimmora, L50, M|\n|poke|p1|Vivillon-Pokeball, L50, M|\n|poke|p1|Sableye, L50, M|\n|poke|p2|Snorlax, L50, M, shiny|\n|poke|p2|Oranguru, L50, M, shiny|\n|poke|p2|Tsareena, L50, F|\n|poke|p2|Scovillain, L50, M|\n|poke|p2|Primarina, L50, M|\n|poke|p2|Incineroar, L50, F|\n|teampreview|4\n|inactive|Battle timer is ON: inactive players will automatically lose when time's up. (requested by ivighost47)\nivighost47 has agreed to open team sheets.\n|\n|t:|1776542957\n|teamsize|p1|4\n|teamsize|p2|4\n|start\n|switch|p1a: Glimmora|Glimmora, L50, M|100/100\n|switch|p1b: Tyranitar|Tyranitar, L50, F|100/100\n|switch|p2a: Scovillain|Scovillain, L50, M|100/100\n|switch|p2b: Oranguru|Oranguru, L50, M, shiny|100/100\n|-weather|Sandstorm|[from] ability: Sand Stream|[of] p1b: Tyranitar\n|turn|1\n|\n|t:|1776542973\n|detailschange|p1a: Glimmora|Glimmora-Mega, L50, M\n|-mega|p1a: Glimmora|Glimmora|Glimmoranite\n|detailschange|p2a: Scovillain|Scovillain-Mega, L50, M\n|-mega|p2a: Scovillain|Scovillain|Scovillainite\n|move|p2a: Scovillain|Rage Powder|p2a: Scovillain\n|-singleturn|p2a: Scovillain|move: Rage Powder\n|move|p1b: Tyranitar|Knock Off|p2a: Scovillain\n|-damage|p2a: Scovillain|61/100\n|-status|p1b: Tyranitar|brn|[from] ability: Spicy Spray|[of] p2a: Scovillain\n|move|p1a: Glimmora|Power Gem|p2a: Scovillain\n|-supereffective|p2a: Scovillain|1\n|-damage|p2a: Scovillain|0 fnt\n|-status|p1a: Glimmora|brn|[from] ability: Spicy Spray|[of] p2a: Scovillain\n|faint|p2a: Scovillain\n|move|p2b: Oranguru|Trick Room|p2b: Oranguru\n|-fieldstart|move: Trick Room|[of] p2b: Oranguru\n|\n|-weather|Sandstorm|[upkeep]\n|-damage|p2b: Oranguru|95/100|[from] Sandstorm\n|-heal|p2b: Oranguru|100/100|[from] item: Leftovers\n|-damage|p1a: Glimmora|95/100 brn|[from] brn\n|-damage|p1b: Tyranitar|94/100 brn|[from] brn\n|upkeep\n|\n|t:|1776542987\n|switch|p2a: Snorlax|Snorlax, L50, M, shiny|100/100\n|turn|2\n|\n|t:|1776542996\n|switch|p1a: Corviknight|Corviknight, L50, M|100/100\n|-ability|p1a: Corviknight|Pressure\n|switch|p1b: Sableye|Sableye, L50, M|100/100\n|move|p2a: Snorlax|Belly Drum|p2a: Snorlax\n|-damage|p2a: Snorlax|51/100\n|-setboost|p2a: Snorlax|atk|6|[from] move: Belly Drum\n|move|p2b: Oranguru|Reflect|p2b: Oranguru\n|-sidestart|p2: pretzel_galaxian|Reflect\n|\n|-weather|Sandstorm|[upkeep]\n|-damage|p2a: Snorlax|45/100|[from] Sandstorm\n|-damage|p1b: Sableye|95/100|[from] Sandstorm\n|-damage|p2b: Oranguru|95/100|[from] Sandstorm\n|-enditem|p2a: Snorlax|Sitrus Berry|[eat]\n|-heal|p2a: Snorlax|70/100|[from] item: Sitrus Berry\n|-activate|p2b: Oranguru|ability: Symbiosis|Leftovers|[of] p2a: Snorlax\n|-heal|p2b: Oranguru|100/100|[from] item: Leftovers\n|upkeep\n|turn|3\n|inactive|pretzel_galaxian has 30 seconds left.\n|inactive|pretzel_galaxian has 20 seconds left.\n|\n|t:|1776543032\n|move|p2a: Snorlax|Protect|p2a: Snorlax\n|-singleturn|p2a: Snorlax|Protect\n|move|p1b: Sableye|Fake Out|p2a: Snorlax\n|-activate|p2a: Snorlax|move: Protect\n|move|p2b: Oranguru|Psychic Noise|p1a: Corviknight\n|-resisted|p1a: Corviknight|1\n|-damage|p1a: Corviknight|90/100\n|-start|p1a: Corviknight|move: Heal Block\n|move|p1a: Corviknight|Iron Defense|p1a: Corviknight\n|-boost|p1a: Corviknight|def|2\n|\n|-weather|Sandstorm|[upkeep]\n|-damage|p2a: Snorlax|64/100|[from] Sandstorm\n|-damage|p1b: Sableye|89/100|[from] Sandstorm\n|-damage|p2b: Oranguru|95/100|[from] Sandstorm\n|-heal|p2a: Snorlax|70/100|[from] item: Leftovers\n|upkeep\n|turn|4\n|inactive|pretzel_galaxian has 30 seconds left.\n|\n|t:|1776543058\n|move|p1b: Sableye|Will-O-Wisp|p2a: Snorlax\n|-status|p2a: Snorlax|brn\n|move|p2a: Snorlax|Body Slam|p1a: Corviknight\n|-resisted|p1a: Corviknight|1\n|-damage|p1a: Corviknight|80/100\n|move|p2b: Oranguru|Instruct|p2a: Snorlax\n|-singleturn|p2a: Snorlax|move: Instruct|[of] p2b: Oranguru\n|move|p2a: Snorlax|Body Slam|p1a: Corviknight\n|-resisted|p1a: Corviknight|1\n|-damage|p1a: Corviknight|69/100\n|move|p1a: Corviknight|Body Press|p2a: Snorlax\n|-supereffective|p2a: Snorlax|1\n|-damage|p2a: Snorlax|18/100 brn\n|\n|-weather|Sandstorm|[upkeep]\n|-damage|p2a: Snorlax|12/100 brn|[from] Sandstorm\n|-damage|p1b: Sableye|84/100|[from] Sandstorm\n|-damage|p2b: Oranguru|89/100|[from] Sandstorm\n|-heal|p2a: Snorlax|18/100 brn|[from] item: Leftovers\n|-damage|p2a: Snorlax|12/100 brn|[from] brn\n|-end|p1a: Corviknight|move: Heal Block\n|upkeep\n|turn|5\n|inactive|pretzel_galaxian has 30 seconds left.\n|inactive|pretzel_galaxian has 20 seconds left.\n|inactive|pretzel_galaxian has 15 seconds left.\n|inactive|ivighost47 has 30 seconds left.\n|inactive|pretzel_galaxian has 10 seconds left.\n|\n|t:|1776543106\n|move|p1b: Sableye|Encore|p2b: Oranguru\n|-start|p2b: Oranguru|Encore\n|move|p2a: Snorlax|High Horsepower|p1b: Sableye\n|-damage|p1b: Sableye|24/100\n|move|p2b: Oranguru|Instruct|p1a: Corviknight\n|-singleturn|p1a: Corviknight|move: Instruct|[of] p2b: Oranguru\n|move|p1a: Corviknight|Body Press|p2a: Snorlax\n|-supereffective|p2a: Snorlax|1\n|-damage|p2a: Snorlax|0 fnt\n|faint|p2a: Snorlax\n|move|p1a: Corviknight|Iron Defense|p1a: Corviknight\n|-boost|p1a: Corviknight|def|2\n|\n|-weather|none\n|-fieldend|move: Trick Room\n|upkeep\n|\n|t:|1776543122\n|switch|p2a: Tsareena|Tsareena, L50, F|100/100\n|turn|6\n|\n|t:|1776543135\n|move|p1b: Sableye|Will-O-Wisp||[still]\n|cant|p2a: Tsareena|ability: Queenly Majesty|Will-O-Wisp|[of] p1b: Sableye\n|move|p2a: Tsareena|Triple Axel|p1b: Sableye\n|-damage|p1b: Sableye|15/100\n|-damage|p1b: Sableye|0 fnt\n|faint|p1b: Sableye\n|-hitcount|p1: Sableye|2\n|move|p1a: Corviknight|Body Press|p2a: Tsareena\n|-damage|p2a: Tsareena|39/100\n|move|p2b: Oranguru|Instruct|p2a: Tsareena\n|-singleturn|p2a: Tsareena|move: Instruct|[of] p2b: Oranguru\n|move|p2a: Tsareena|Triple Axel|p1a: Corviknight\n|-damage|p1a: Corviknight|67/100\n|-damage|p1a: Corviknight|64/100\n|-crit|p1a: Corviknight\n|-damage|p1a: Corviknight|44/100\n|-enditem|p1a: Corviknight|Sitrus Berry|[eat]\n|-heal|p1a: Corviknight|69/100|[from] item: Sitrus Berry\n|-hitcount|p1a: Corviknight|3\n|\n|-sideend|p2: pretzel_galaxian|Reflect\n|upkeep\n|\n|t:|1776543144\n|switch|p1b: Tyranitar|Tyranitar, L50, F|94/100 brn\n|-weather|Sandstorm|[from] ability: Sand Stream|[of] p1b: Tyranitar\n|turn|7\n|\n|t:|1776543163\n|move|p2a: Tsareena|Triple Axel|p1b: Tyranitar\n|-crit|p1b: Tyranitar\n|-damage|p1b: Tyranitar|85/100 brn\n|-damage|p1b: Tyranitar|71/100 brn\n|-damage|p1b: Tyranitar|48/100 brn\n|-hitcount|p1b: Tyranitar|3\n|move|p1b: Tyranitar|Knock Off|p2a: Tsareena\n|-damage|p2a: Tsareena|5/100\n|-enditem|p2a: Tsareena|Choice Scarf|[from] move: Knock Off|[of] p1b: Tyranitar\n|move|p1a: Corviknight|Body Press|p2a: Tsareena\n|-damage|p2a: Tsareena|0 fnt\n|faint|p2a: Tsareena\n|move|p2b: Oranguru|Instruct|p2: Tsareena|[notarget]\n|-fail|p2b: Oranguru\n|\n|-weather|Sandstorm|[upkeep]\n|-damage|p2b: Oranguru|83/100|[from] Sandstorm\n|-damage|p1b: Tyranitar|42/100 brn|[from] brn\n|-end|p2b: Oranguru|Encore\n|upkeep\n|turn|8\n|-message|pretzel_galaxian forfeited.\n|\n|win|ivighost47\n|raw|ivighost47's rating: 1173 &rarr; <strong>1193</strong><br />(+20 for winning)\n|raw|pretzel_galaxian's rating: 1102 &rarr; <strong>1082</strong><br />(-20 for losing)\n|l|\u2606pretzel_galaxian\n|player|p2|\n|c|\u2606ivighost47|Gg\n",
  "uploadtime": 1776543188,
  "views": 12,
  "formatid": "gen9championsvgc2026regma",
  "rating": 1082,
  "private": 0,
  "password": null
}