{
  "id": "gen9championsvgc2026regma-2587449110",
  "format": "[Gen 9 Champions] VGC 2026 Reg M-A",
  "players": [
    "NerdHyuga",
    "crooksly"
  ],
  "log": "|j|\u2606NerdHyuga\n|j|\u2606crooksly\n|t:|1776532739\n|gametype|doubles\n|player|p1|NerdHyuga|101|1050\n|player|p2|crooksly|zinzolin|1124\n|gen|9\n|tier|[Gen 9 Champions] VGC 2026 Reg M-A\n|rated|\n|rule|Species Clause: Limit one of each Pok\u00e9mon\n|rule|Item Clause: Limit 1 of each item\n|clearpoke\n|poke|p1|Froslass, L50, F|\n|poke|p1|Rotom-Frost, L50|\n|poke|p1|Empoleon, L50, F|\n|poke|p1|Sneasler, L50, M|\n|poke|p1|Aerodactyl, L50, M|\n|poke|p1|Chesnaught, L50, F|\n|poke|p2|Clefable, L50, F|\n|poke|p2|Krookodile, L50, M|\n|poke|p2|Basculegion, L50, M, shiny|\n|poke|p2|Slowking-Galar, L50, F|\n|poke|p2|Hatterene, L50, F|\n|poke|p2|Garbodor, L50, F|\n|teampreview|4\n|\n|t:|1776532768\n|teamsize|p1|4\n|teamsize|p2|4\n|start\n|switch|p1a: Froslass|Froslass, L50, F|100/100\n|switch|p1b: Sneasler|Sneasler, L50, M|100/100\n|switch|p2a: Cr00kodile|Krookodile, L50, M|100/100\n|switch|p2b: Ghost of Sushima|Basculegion, L50, M, shiny|100/100\n|-ability|p2a: Cr00kodile|Intimidate|boost\n|-unboost|p1a: Froslass|atk|1\n|-unboost|p1b: Sneasler|atk|1\n|-enditem|p1b: Sneasler|White Herb\n|-clearnegativeboost|p1b: Sneasler|[silent]\n|turn|1\n|\n|t:|1776532797\n|detailschange|p1a: Froslass|Froslass-Mega, L50, F\n|-mega|p1a: Froslass|Froslass|Froslassite\n|-weather|Snowscape|[from] ability: Snow Warning|[of] p1a: Froslass\n|move|p1a: Froslass|Protect|p1a: Froslass\n|-singleturn|p1a: Froslass|Protect\n|move|p1b: Sneasler|Close Combat|p2a: Cr00kodile\n|-supereffective|p2a: Cr00kodile|1\n|-enditem|p2a: Cr00kodile|Focus Sash\n|-damage|p2a: Cr00kodile|1/100\n|-unboost|p1b: Sneasler|def|1\n|-unboost|p1b: Sneasler|spd|1\n|move|p2b: Ghost of Sushima|Zen Headbutt|p1b: Sneasler\n|-supereffective|p1b: Sneasler|2\n|-damage|p1b: Sneasler|0 fnt\n|faint|p1b: Sneasler\n|move|p2a: Cr00kodile|Shadow Claw|p1a: Froslass\n|-activate|p1a: Froslass|move: Protect\n|\n|-weather|Snowscape|[upkeep]\n|upkeep\n|\n|t:|1776532826\n|switch|p1b: Aerodactyl|Aerodactyl, L50, M|100/100\n|turn|2\n|\n|t:|1776532850\n|switch|p2b: Elizabeth|Slowking-Galar, L50, F|100/100\n|move|p1b: Aerodactyl|Rock Slide|p2b: Elizabeth|[spread] p2a,p2b\n|-resisted|p2a: Cr00kodile|1\n|-damage|p2a: Cr00kodile|0 fnt\n|-damage|p2b: Elizabeth|72/100\n|faint|p2a: Cr00kodile\n|move|p1a: Froslass|Shadow Ball|p2b: Elizabeth\n|-supereffective|p2b: Elizabeth|1\n|-damage|p2b: Elizabeth|0 fnt\n|faint|p2b: Elizabeth\n|\n|-weather|Snowscape|[upkeep]\n|upkeep\n|\n|t:|1776532862\n|switch|p2a: Ghost of Sushima|Basculegion, L50, M, shiny|100/100\n|switch|p2b: The Power|Clefable, L50, F|100/100\n|turn|3\n|\n|t:|1776532885\n|detailschange|p2b: The Power|Clefable-Mega, L50, F\n|-mega|p2b: The Power|Clefable|Clefablite\n|move|p1b: Aerodactyl|Tailwind|p1b: Aerodactyl\n|-sidestart|p1: NerdHyuga|move: Tailwind\n|move|p1a: Froslass|Shadow Ball|p2a: Ghost of Sushima\n|-supereffective|p2a: Ghost of Sushima|1\n|-crit|p2a: Ghost of Sushima\n|-damage|p2a: Ghost of Sushima|0 fnt\n|faint|p2a: Ghost of Sushima\n|move|p2b: The Power|Calm Mind|p2b: The Power\n|-boost|p2b: The Power|spa|1\n|-boost|p2b: The Power|spd|1\n|\n|-weather|Snowscape|[upkeep]\n|upkeep\n|turn|4\n|\n|t:|1776532902\n|move|p1b: Aerodactyl|Rock Slide|p2b: The Power\n|-supereffective|p2b: The Power|1\n|-damage|p2b: The Power|35/100\n|move|p1a: Froslass|Aurora Veil|p1a: Froslass\n|-sidestart|p1: NerdHyuga|move: Aurora Veil\n|cant|p2b: The Power|flinch\n|\n|-weather|Snowscape|[upkeep]\n|upkeep\n|turn|5\n|\n|t:|1776532916\n|move|p1b: Aerodactyl|Dual Wingbeat|p2b: The Power\n|-damage|p2b: The Power|16/100\n|-damage|p2b: The Power|0 fnt\n|faint|p2b: The Power\n|-hitcount|p2: The Power|2\n|\n|win|NerdHyuga\n|raw|NerdHyuga's rating: 1050 &rarr; <strong>1089</strong><br />(+39 for winning)\n|raw|crooksly's rating: 1124 &rarr; <strong>1094</strong><br />(-30 for losing)\n",
  "uploadtime": 1776532929,
  "views": 16,
  "formatid": "gen9championsvgc2026regma",
  "rating": 1089,
  "private": 0,
  "password": null
}