{
  "id": "gen9championsvgc2026regma-2583541532",
  "format": "[Gen 9 Champions] VGC 2026 Reg M-A",
  "players": [
    "vnunesp12",
    "beanism"
  ],
  "log": "|j|\u2606vnunesp12\n|j|\u2606beanism\n|t:|1776182174\n|gametype|doubles\n|player|p1|vnunesp12|red|1091\n|player|p2|beanism|266|1041\n|gen|9\n|tier|[Gen 9 Champions] VGC 2026 Reg M-A\n|rated|\n|rule|Species Clause: Limit one of each Pok\u00e9mon\n|rule|Item Clause: Limit 1 of each item\n|clearpoke\n|poke|p1|Froslass, L50, F|\n|poke|p1|Ninetales-Alola, L50, F|\n|poke|p1|Sneasler, L50, F|\n|poke|p1|Kingambit, L50, M|\n|poke|p1|Garchomp, L50, M|\n|poke|p1|Talonflame, L50, M|\n|poke|p2|Froslass, L50, F|\n|poke|p2|Orthworm, L50, M|\n|poke|p2|Incineroar, L50, F|\n|poke|p2|Corviknight, L50, F|\n|poke|p2|Garchomp, L50, M|\n|poke|p2|Meowstic-F, L50, F|\n|teampreview|4\n|inactive|Battle timer is ON: inactive players will automatically lose when time's up. (requested by beanism)\n|inactive|vnunesp12 has 60 seconds left.\n|inactive|beanism has 60 seconds left.\n|inactive|beanism has 30 seconds left.\n|\n|t:|1776182237\n|teamsize|p1|4\n|teamsize|p2|4\n|start\n|switch|p1a: Oliveira|Talonflame, L50, M|100/100\n|switch|p1b: Ramos Mingo|Ninetales-Alola, L50, F|100/100\n|switch|p2a: Incineroar|Incineroar, L50, F|100/100\n|switch|p2b: Corviknight|Corviknight, L50, F|100/100\n|-weather|Snowscape|[from] ability: Snow Warning|[of] p1b: Ramos Mingo\n|-ability|p2b: Corviknight|Pressure\n|-ability|p2a: Incineroar|Intimidate|boost\n|-unboost|p1a: Oliveira|atk|1\n|-unboost|p1b: Ramos Mingo|atk|1\n|turn|1\n|inactive|vnunesp12 has 30 seconds left.\n|\n|t:|1776182268\n|move|p1a: Oliveira|Protect|p1a: Oliveira\n|-singleturn|p1a: Oliveira|Protect\n|move|p2a: Incineroar|Fake Out|p1a: Oliveira\n|-activate|p1a: Oliveira|move: Protect\n|move|p1b: Ramos Mingo|Aurora Veil|p1b: Ramos Mingo\n|-sidestart|p1: vnunesp12|move: Aurora Veil\n|move|p2b: Corviknight|Tailwind|p2b: Corviknight\n|-sidestart|p2: beanism|move: Tailwind\n|\n|-weather|Snowscape|[upkeep]\n|upkeep\n|turn|2\n|\n|t:|1776182287\n|move|p1a: Oliveira|Brave Bird|p2a: Incineroar\n|-damage|p2a: Incineroar|78/100\n|-damage|p1a: Oliveira|92/100|[from] Recoil\n|move|p2b: Corviknight|Taunt|p1a: Oliveira\n|-start|p1a: Oliveira|move: Taunt\n|move|p1b: Ramos Mingo|Blizzard|p2a: Incineroar|[spread] p2a,p2b\n|-resisted|p2a: Incineroar|1\n|-damage|p2a: Incineroar|66/100\n|-damage|p2b: Corviknight|77/100\n|move|p2a: Incineroar|Parting Shot|p1b: Ramos Mingo\n|-unboost|p1b: Ramos Mingo|atk|1\n|-unboost|p1b: Ramos Mingo|spa|1\n|\n|t:|1776182304\n|switch|p2a: Froslass|Froslass, L50, F|100/100|[from] Parting Shot\n|\n|-weather|Snowscape|[upkeep]\n|-heal|p2b: Corviknight|82/100|[from] item: Leftovers\n|upkeep\n|turn|3\n|inactive|vnunesp12 has 30 seconds left.\n|inactive|beanism has 30 seconds left.\n|\n|t:|1776182335\n|switch|p1a: Erick|Kingambit, L50, M|100/100\n|move|p2a: Froslass|Protect|p2a: Froslass\n|-singleturn|p2a: Froslass|Protect\n|move|p2b: Corviknight|Iron Head|p1b: Ramos Mingo\n|-supereffective|p1b: Ramos Mingo|2\n|-damage|p1b: Ramos Mingo|45/100\n|move|p1b: Ramos Mingo|Encore|p2b: Corviknight\n|-start|p2b: Corviknight|Encore\n|\n|-weather|Snowscape|[upkeep]\n|-heal|p2b: Corviknight|88/100|[from] item: Leftovers\n|upkeep\n|turn|4\n|\n|t:|1776182357\n|switch|p2a: Garchomp|Garchomp, L50, M|100/100\n|move|p1b: Ramos Mingo|Protect|p1b: Ramos Mingo\n|-singleturn|p1b: Ramos Mingo|Protect\n|move|p1a: Erick|Sucker Punch||[still]\n|-fail|p1a: Erick\n|move|p2b: Corviknight|Iron Head|p1b: Ramos Mingo\n|-activate|p1b: Ramos Mingo|move: Protect\n|\n|-weather|Snowscape|[upkeep]\n|-heal|p2b: Corviknight|94/100|[from] item: Leftovers\n|-sideend|p2: beanism|move: Tailwind\n|upkeep\n|turn|5\n|\n|t:|1776182380\n|move|p1a: Erick|Sucker Punch|p2a: Garchomp\n|-damage|p2a: Garchomp|55/100\n|-damage|p1a: Erick|88/100|[from] ability: Rough Skin|[of] p2a: Garchomp\n|move|p1b: Ramos Mingo|Blizzard|p2b: Corviknight|[spread] p2a,p2b\n|-supereffective|p2a: Garchomp|2\n|-damage|p2a: Garchomp|0 fnt\n|-damage|p2b: Corviknight|78/100\n|faint|p2a: Garchomp\n|move|p2b: Corviknight|Iron Head|p1b: Ramos Mingo\n|-supereffective|p1b: Ramos Mingo|2\n|-damage|p1b: Ramos Mingo|0 fnt\n|faint|p1b: Ramos Mingo\n|\n|-weather|none\n|-heal|p2b: Corviknight|83/100|[from] item: Leftovers\n|-sideend|p1: vnunesp12|move: Aurora Veil\n|upkeep\n|\n|t:|1776182401\n|switch|p1b: Oliveira|Talonflame, L50, M|92/100\n|switch|p2a: Incineroar|Incineroar, L50, F|66/100\n|-ability|p2a: Incineroar|Intimidate|boost\n|-unboost|p1a: Erick|atk|1\n|-ability|p1a: Erick|Defiant|boost\n|-boost|p1a: Erick|atk|2\n|-unboost|p1b: Oliveira|atk|1\n|turn|6\n|inactive|vnunesp12 has 30 seconds left.\n|inactive|beanism has 30 seconds left.\n|inactive|vnunesp12 has 20 seconds left.\n|\n|t:|1776182436\n|switch|p2b: Froslass|Froslass, L50, F|100/100\n|move|p1b: Oliveira|Tailwind|p1b: Oliveira\n|-sidestart|p1: vnunesp12|move: Tailwind\n|move|p1a: Erick|Iron Head|p2b: Froslass\n|-supereffective|p2b: Froslass|1\n|-damage|p2b: Froslass|0 fnt\n|faint|p2b: Froslass\n|move|p2a: Incineroar|Will-O-Wisp|p1a: Erick\n|-status|p1a: Erick|brn\n|\n|-damage|p1a: Erick|83/100 brn|[from] brn\n|upkeep\n|\n|t:|1776182447\n|switch|p2b: Corviknight|Corviknight, L50, F|83/100\n|-ability|p2b: Corviknight|Pressure\n|turn|7\n|\n|t:|1776182464\n|move|p1b: Oliveira|Brave Bird|p2a: Incineroar\n|-damage|p2a: Incineroar|42/100\n|-damage|p1b: Oliveira|84/100|[from] Recoil\n|move|p1a: Erick|Kowtow Cleave|p2b: Corviknight\n|-damage|p2b: Corviknight|49/100\n|move|p2b: Corviknight|Tailwind|p2b: Corviknight\n|-sidestart|p2: beanism|move: Tailwind\n|move|p2a: Incineroar|Darkest Lariat|p1b: Oliveira\n|-damage|p1b: Oliveira|35/100\n|\n|-heal|p2b: Corviknight|55/100|[from] item: Leftovers\n|-damage|p1a: Erick|77/100 brn|[from] brn\n|upkeep\n|turn|8\n|l|\u2606beanism\n|inactive|beanism disconnected and has a minute to reconnect!\n|player|p2|\n|inactive|beanism has 30 seconds left.\n|inactive|beanism has 20 seconds left.\n|inactive|beanism has 15 seconds left.\n|inactive|beanism has 10 seconds left.\n|inactive|beanism has 5 seconds left.\n|-message|beanism lost due to inactivity.\n|\n|win|vnunesp12\n|raw|vnunesp12's rating: 1091 &rarr; <strong>1114</strong><br />(+23 for winning)\n|raw|beanism's rating: 1041 &rarr; <strong>1027</strong><br />(-14 for losing)\n",
  "uploadtime": 1776182540,
  "views": 16,
  "formatid": "gen9championsvgc2026regma",
  "rating": 1027,
  "private": 0,
  "password": null
}