{
  "id": "gen9championsvgc2026regma-2580852950",
  "format": "[Gen 9 Champions] VGC 2026 Reg M-A",
  "players": [
    "jyotsha",
    "albertito2005"
  ],
  "log": "|j|\u2606jyotsha\n|j|\u2606albertito2005\n|t:|1775937819\n|gametype|doubles\n|player|p1|jyotsha|102|1086\n|player|p2|albertito2005|veteran|1189\n|gen|9\n|tier|[Gen 9 Champions] VGC 2026 Reg M-A\n|rated|\n|rule|Species Clause: Limit one of each Pok\u00e9mon\n|rule|Item Clause: Limit 1 of each item\n|clearpoke\n|poke|p1|Aegislash, L50, F|\n|poke|p1|Aerodactyl, L50, F|\n|poke|p1|Incineroar, L50, M|\n|poke|p1|Lucario, L50, F|\n|poke|p1|Milotic, L50, F|\n|poke|p1|Rotom-Wash, L50|\n|poke|p2|Delphox, L50, M|\n|poke|p2|Gyarados, L50, M|\n|poke|p2|Sneasler, L50, F|\n|poke|p2|Excadrill, L50, F|\n|poke|p2|Sinistcha, L50|\n|poke|p2|Tyranitar, L50, M|\n|teampreview|4\n|inactive|Battle timer is ON: inactive players will automatically lose when time's up. (requested by jyotsha)\n|\n|t:|1775937859\n|teamsize|p1|4\n|teamsize|p2|4\n|start\n|switch|p1a: Milotic|Milotic, L50, F|100/100\n|switch|p1b: Incineroar|Incineroar, L50, M|100/100\n|switch|p2a: Sneasler|Sneasler, L50, F|100/100\n|switch|p2b: Delphox|Delphox, L50, M|100/100\n|-ability|p1b: Incineroar|Intimidate|boost\n|-unboost|p2a: Sneasler|atk|1\n|-unboost|p2b: Delphox|atk|1\n|turn|1\n|inactive|jyotsha has 30 seconds left.\n|\n|t:|1775937893\n|detailschange|p2b: Delphox|Delphox-Mega, L50, M\n|-mega|p2b: Delphox|Delphox|Delphoxite\n|move|p2a: Sneasler|Fake Out|p1a: Milotic\n|-damage|p1a: Milotic|92/100\n|move|p2b: Delphox|Substitute|p2b: Delphox\n|-start|p2b: Delphox|Substitute\n|-damage|p2b: Delphox|76/100\n|cant|p1a: Milotic|flinch\n|move|p1b: Incineroar|Parting Shot|p2b: Delphox\n|-unboost|p2b: Delphox|atk|1\n|-unboost|p2b: Delphox|spa|1\n|\n|t:|1775937910\n|switch|p1b: Aegislash|Aegislash, L50, F|100/100|[from] Parting Shot\n|\n|-heal|p1a: Milotic|98/100|[from] item: Leftovers\n|upkeep\n|turn|2\n|\n|t:|1775937922\n|switch|p2a: Tyranitar|Tyranitar, L50, M|100/100\n|-weather|Sandstorm|[from] ability: Sand Stream|[of] p2a: Tyranitar\n|switch|p1b: Incineroar|Incineroar, L50, M|100/100\n|-ability|p1b: Incineroar|Intimidate|boost\n|-unboost|p2a: Tyranitar|atk|1\n|-immune|p2b: Delphox\n|move|p2b: Delphox|Heat Wave|p1b: Incineroar|[spread] p1b\n|-miss|p2b: Delphox|p1a: Milotic\n|-resisted|p1b: Incineroar|1\n|-damage|p1b: Incineroar|90/100\n|move|p1a: Milotic|Muddy Water|p2b: Delphox|[spread] p2a,p2b\n|-supereffective|p2b: Delphox|1\n|-end|p2b: Delphox|Substitute\n|-supereffective|p2a: Tyranitar|1\n|-damage|p2a: Tyranitar|73/100\n|\n|-weather|Sandstorm|[upkeep]\n|-damage|p2b: Delphox|70/100|[from] Sandstorm\n|-damage|p1a: Milotic|92/100|[from] Sandstorm\n|-damage|p1b: Incineroar|84/100|[from] Sandstorm\n|-heal|p1a: Milotic|98/100|[from] item: Leftovers\n|upkeep\n|turn|3\n|inactive|jyotsha has 30 seconds left.\n|inactive|albertito2005 has 30 seconds left.\n|inactive|jyotsha has 20 seconds left.\n|\n|t:|1775937958\n|switch|p2a: Sinistcha|Sinistcha, L50|100/100\n|-heal|p2b: Delphox|95/100|[from] ability: Hospitality|[of] p2a: Sinistcha\n|move|p2b: Delphox|Protect|p2b: Delphox\n|-singleturn|p2b: Delphox|Protect\n|move|p1a: Milotic|Scald|p2a: Sinistcha\n|-resisted|p2a: Sinistcha|1\n|-damage|p2a: Sinistcha|85/100\n|-status|p2a: Sinistcha|brn\n|move|p1b: Incineroar|Parting Shot|p2b: Delphox\n|-activate|p2b: Delphox|move: Protect\n|\n|-weather|Sandstorm|[upkeep]\n|-damage|p2b: Delphox|89/100|[from] Sandstorm\n|-damage|p1a: Milotic|92/100|[from] Sandstorm\n|-damage|p2a: Sinistcha|79/100 brn|[from] Sandstorm\n|-damage|p1b: Incineroar|78/100|[from] Sandstorm\n|-heal|p1a: Milotic|98/100|[from] item: Leftovers\n|-damage|p2a: Sinistcha|73/100 brn|[from] brn\n|upkeep\n|turn|4\n|inactive|jyotsha has 30 seconds left.\n|\n|t:|1775937988\n|switch|p2b: Sneasler|Sneasler, L50, F|100/100\n|move|p1a: Milotic|Scald|p2a: Sinistcha\n|-resisted|p2a: Sinistcha|1\n|-damage|p2a: Sinistcha|59/100 brn\n|move|p2a: Sinistcha|Matcha Gotcha|p1b: Incineroar|[spread] p1a,p1b\n|-supereffective|p1a: Milotic|1\n|-resisted|p1b: Incineroar|1\n|-damage|p1a: Milotic|64/100\n|-heal|p2a: Sinistcha|78/100 brn|[from] drain|[of] p1a: Milotic\n|-damage|p1b: Incineroar|70/100\n|-heal|p2a: Sinistcha|83/100 brn|[from] drain|[of] p1b: Incineroar\n|move|p1b: Incineroar|Flare Blitz|p2a: Sinistcha\n|-supereffective|p2a: Sinistcha|1\n|-damage|p2a: Sinistcha|8/100 brn\n|-enditem|p2a: Sinistcha|Sitrus Berry|[eat]\n|-heal|p2a: Sinistcha|33/100 brn|[from] item: Sitrus Berry\n|-damage|p1b: Incineroar|49/100|[from] Recoil\n|-enditem|p1b: Incineroar|Sitrus Berry|[eat]\n|-heal|p1b: Incineroar|73/100|[from] item: Sitrus Berry\n|\n|-weather|Sandstorm|[upkeep]\n|-damage|p2b: Sneasler|95/100|[from] Sandstorm\n|-damage|p1a: Milotic|58/100|[from] Sandstorm\n|-damage|p2a: Sinistcha|27/100 brn|[from] Sandstorm\n|-damage|p1b: Incineroar|67/100|[from] Sandstorm\n|-heal|p1a: Milotic|64/100|[from] item: Leftovers\n|-damage|p2a: Sinistcha|21/100 brn|[from] brn\n|upkeep\n|turn|5\n|inactive|albertito2005 has 30 seconds left.\n|inactive|albertito2005 has 20 seconds left.\n|\n|t:|1775938024\n|switch|p1b: Aegislash|Aegislash, L50, F|100/100\n|move|p1a: Milotic|Protect|p1a: Milotic\n|-singleturn|p1a: Milotic|Protect\n|move|p2b: Sneasler|Fake Out|p1a: Milotic\n|-activate|p1a: Milotic|move: Protect\n|move|p2a: Sinistcha|Matcha Gotcha|p1a: Milotic|[spread] p1b\n|-activate|p1a: Milotic|move: Protect\n|-resisted|p1b: Aegislash|1\n|-crit|p1b: Aegislash\n|-damage|p1b: Aegislash|87/100\n|-heal|p2a: Sinistcha|28/100 brn|[from] drain|[of] p1b: Aegislash\n|\n|-weather|Sandstorm|[upkeep]\n|-damage|p2b: Sneasler|89/100|[from] Sandstorm\n|-damage|p1a: Milotic|58/100|[from] Sandstorm\n|-damage|p2a: Sinistcha|21/100 brn|[from] Sandstorm\n|-heal|p1a: Milotic|64/100|[from] item: Leftovers\n|-damage|p2a: Sinistcha|15/100 brn|[from] brn\n|upkeep\n|turn|6\n|inactive|jyotsha has 30 seconds left.\n|inactive|albertito2005 has 30 seconds left.\n|\n|t:|1775938058\n|move|p2a: Sinistcha|Protect|p2a: Sinistcha\n|-singleturn|p2a: Sinistcha|Protect\n|move|p2b: Sneasler|Dire Claw|p1a: Milotic\n|-damage|p1a: Milotic|24/100\n|move|p1a: Milotic|Scald|p2a: Sinistcha\n|-activate|p2a: Sinistcha|move: Protect\n|-formechange|p1b: Aegislash|Aegislash-Blade|\n|move|p1b: Aegislash|Poltergeist|p2b: Sneasler\n|-activate|p2b: Sneasler|move: Poltergeist|Mental Herb\n|-damage|p2b: Sneasler|0 fnt\n|faint|p2b: Sneasler\n|\n|-weather|none\n|-heal|p1a: Milotic|30/100|[from] item: Leftovers\n|-damage|p2a: Sinistcha|9/100 brn|[from] brn\n|upkeep\n|\n|t:|1775938074\n|switch|p2b: Delphox|Delphox-Mega, L50, M|89/100\n|turn|7\n|\n|t:|1775938085\n|switch|p1a: Incineroar|Incineroar, L50, M|67/100\n|-ability|p1a: Incineroar|Intimidate|boost\n|-unboost|p2a: Sinistcha|atk|1\n|-unboost|p2b: Delphox|atk|1\n|-formechange|p1b: Aegislash|Aegislash|\n|move|p1b: Aegislash|King's Shield|p1b: Aegislash\n|-singleturn|p1b: Aegislash|Protect\n|move|p2a: Sinistcha|Rage Powder|p2a: Sinistcha\n|-singleturn|p2a: Sinistcha|move: Rage Powder\n|move|p2b: Delphox|Heat Wave|p1b: Aegislash|[spread] p1a\n|-activate|p1b: Aegislash|move: Protect\n|-resisted|p1a: Incineroar|1\n|-damage|p1a: Incineroar|52/100\n|\n|-damage|p2a: Sinistcha|3/100 brn|[from] brn\n|upkeep\n|turn|8\n|\n|t:|1775938108\n|move|p1a: Incineroar|Fake Out|p2b: Delphox\n|-crit|p2b: Delphox\n|-damage|p2b: Delphox|64/100\n|move|p2a: Sinistcha|Rage Powder|p2a: Sinistcha\n|-singleturn|p2a: Sinistcha|move: Rage Powder\n|-formechange|p1b: Aegislash|Aegislash-Blade|\n|move|p1b: Aegislash|Shadow Sneak|p2a: Sinistcha\n|-supereffective|p2a: Sinistcha|1\n|-damage|p2a: Sinistcha|0 fnt\n|faint|p2a: Sinistcha\n|cant|p2b: Delphox|flinch\n|\n|upkeep\n|\n|t:|1775938117\n|switch|p2a: Tyranitar|Tyranitar, L50, M|73/100\n|-weather|Sandstorm|[from] ability: Sand Stream|[of] p2a: Tyranitar\n|turn|9\n|inactive|jyotsha has 30 seconds left.\n|inactive|albertito2005 has 30 seconds left.\n|inactive|jyotsha has 20 seconds left.\n|\n|t:|1775938157\n|move|p2b: Delphox|Protect|p2b: Delphox\n|-singleturn|p2b: Delphox|Protect\n|-formechange|p1b: Aegislash|Aegislash|\n|move|p1b: Aegislash|King's Shield|p1b: Aegislash\n|-singleturn|p1b: Aegislash|Protect\n|move|p2a: Tyranitar|Assurance|p1b: Aegislash\n|-activate|p1b: Aegislash|move: Protect\n|-unboost|p2a: Tyranitar|atk|1\n|move|p1a: Incineroar|Parting Shot|p2a: Tyranitar\n|-unboost|p2a: Tyranitar|atk|1\n|-unboost|p2a: Tyranitar|spa|1\n|\n|t:|1775938169\n|switch|p1a: Lucario|Lucario, L50, F|100/100|[from] Parting Shot\n|\n|-weather|Sandstorm|[upkeep]\n|-damage|p2b: Delphox|58/100|[from] Sandstorm\n|upkeep\n|turn|10\n|-message|albertito2005 forfeited.\n|\n|win|jyotsha\n|raw|jyotsha's rating: 1086 &rarr; <strong>1121</strong><br />(+35 for winning)\n|raw|albertito2005's rating: 1189 &rarr; <strong>1157</strong><br />(-32 for losing)\n",
  "uploadtime": 1775938171,
  "views": 14,
  "formatid": "gen9championsvgc2026regma",
  "rating": 1121,
  "private": 0,
  "password": null
}