{
  "id": "gen9championsvgc2026regma-2588785491",
  "format": "[Gen 9 Champions] VGC 2026 Reg M-A",
  "players": [
    "ElgyemEmperess",
    "poktiyty3ty"
  ],
  "log": "|j|\u2606ElgyemEmperess\n|j|\u2606poktiyty3ty\n|t:|1776670535\n|gametype|doubles\n|player|p1|ElgyemEmperess|karen|1100\n|player|p2|poktiyty3ty|miku-water|1051\n|gen|9\n|tier|[Gen 9 Champions] VGC 2026 Reg M-A\n|rated|\n|rule|Species Clause: Limit one of each Pok\u00e9mon\n|rule|Item Clause: Limit 1 of each item\n|clearpoke\n|poke|p1|Slowking, L50, M|\n|poke|p1|Crabominable, L50, M|\n|poke|p1|Incineroar, L50, F|\n|poke|p1|Aegislash, L50, M|\n|poke|p1|Avalugg-Hisui, L50, F|\n|poke|p1|Sinistcha-Masterpiece, L50|\n|poke|p2|Aggron, L50, F, shiny|\n|poke|p2|Crabominable, L50, M, shiny|\n|poke|p2|Incineroar, L50, F, shiny|\n|poke|p2|Slowking, L50, F, shiny|\n|poke|p2|Sinistcha, L50, shiny|\n|poke|p2|Aerodactyl, L50, M, shiny|\n|teampreview|4\n|c|\u2606ElgyemEmperess|Heya, nice crabominable + slowking duo!\n|c|\u2606ElgyemEmperess|GL\n|c|\u2606poktiyty3ty|GL\n|\n|t:|1776670575\n|teamsize|p1|4\n|teamsize|p2|4\n|start\n|switch|p1a: Sinistcha|Sinistcha-Masterpiece, L50|100/100\n|switch|p1b: Incineroar|Incineroar, L50, F|100/100\n|switch|p2a: Crabominable|Crabominable, L50, M, shiny|100/100\n|switch|p2b: Slowking|Slowking, L50, F, shiny|100/100\n|-ability|p1b: Incineroar|Intimidate|boost\n|-fail|p2a: Crabominable|unboost|Attack|[from] ability: Hyper Cutter|[of] p2a: Crabominable\n|-unboost|p2b: Slowking|atk|1\n|turn|1\n|\n|t:|1776670593\n|detailschange|p2a: Crabominable|Crabominable-Mega, L50, M, shiny\n|-mega|p2a: Crabominable|Crabominable|Crabominite\n|move|p1b: Incineroar|Fake Out|p2a: Crabominable\n|-damage|p2a: Crabominable|93/100\n|move|p1a: Sinistcha|Nasty Plot|p1a: Sinistcha\n|-boost|p1a: Sinistcha|spa|2\n|cant|p2a: Crabominable|flinch\n|move|p2b: Slowking|Trick Room|p2b: Slowking\n|-fieldstart|move: Trick Room|[of] p2b: Slowking\n|\n|upkeep\n|turn|2\n|\n|t:|1776670609\n|-prepare|p2b: Slowking|Chilly Reception|[premajor]\n|move|p2b: Slowking|Chilly Reception|p2b: Slowking\n|-weather|Snowscape\n|\n|t:|1776670615\n|switch|p2b: Incineroar|Incineroar, L50, F, shiny|100/100|[from] Chilly Reception\n|-ability|p2b: Incineroar|Intimidate|boost\n|-unboost|p1a: Sinistcha|atk|1\n|-unboost|p1b: Incineroar|atk|1\n|-enditem|p1a: Sinistcha|White Herb\n|-clearnegativeboost|p1a: Sinistcha|[silent]\n|move|p2a: Crabominable|Ice Hammer|p1a: Sinistcha|[miss]\n|-miss|p2a: Crabominable|p1a: Sinistcha\n|move|p1b: Incineroar|Parting Shot|p2a: Crabominable\n|-unboost|p2a: Crabominable|atk|1\n|-unboost|p2a: Crabominable|spa|1\n|\n|t:|1776670630\n|switch|p1b: Avalugg|Avalugg-Hisui, L50, F|100/100|[from] Parting Shot\n|move|p1a: Sinistcha|Matcha Gotcha|p2b: Incineroar|[spread] p2a,p2b\n|-resisted|p2b: Incineroar|1\n|-damage|p2a: Crabominable|41/100\n|-damage|p2b: Incineroar|72/100\n|\n|-weather|Snowscape|[upkeep]\n|upkeep\n|turn|3\n|c|\u2606poktiyty3ty|oof that miss\n|\n|t:|1776670655\n|move|p2b: Incineroar|Fake Out|p1b: Avalugg\n|-resisted|p1b: Avalugg|1\n|-damage|p1b: Avalugg|99/100\n|move|p2a: Crabominable|Ice Hammer|p1a: Sinistcha\n|-supereffective|p1a: Sinistcha|1\n|-damage|p1a: Sinistcha|0 fnt\n|-unboost|p2a: Crabominable|spe|1\n|faint|p1a: Sinistcha\n|cant|p1b: Avalugg|flinch\n|\n|-weather|Snowscape|[upkeep]\n|-heal|p1b: Avalugg|100/100|[from] ability: Ice Body\n|upkeep\n|c|\u2606ElgyemEmperess|I know\n|c|\u2606ElgyemEmperess|I stick to ice spinner for that reason\n|\n|t:|1776670672\n|switch|p1a: Crabominable|Crabominable, L50, M|100/100\n|turn|4\n|\n|t:|1776670691\n|switch|p2a: Slowking|Slowking, L50, F, shiny|100/100\n|detailschange|p1a: Crabominable|Crabominable-Mega, L50, M\n|-mega|p1a: Crabominable|Crabominable|Crabominite\n|move|p1a: Crabominable|Rock Slide|p2a: Slowking|[spread] p2a,p2b\n|-supereffective|p2b: Incineroar|1\n|-damage|p2a: Slowking|79/100\n|-damage|p2b: Incineroar|27/100\n|-enditem|p2b: Incineroar|Sitrus Berry|[eat]\n|-heal|p2b: Incineroar|52/100|[from] item: Sitrus Berry\n|move|p1b: Avalugg|Body Press|p2b: Incineroar\n|-supereffective|p2b: Incineroar|1\n|-damage|p2b: Incineroar|0 fnt\n|faint|p2b: Incineroar\n|\n|-weather|Snowscape|[upkeep]\n|-heal|p2a: Slowking|85/100|[from] item: Leftovers\n|upkeep\n|\n|t:|1776670713\n|switch|p2b: Crabominable|Crabominable-Mega, L50, M, shiny|41/100\n|turn|5\n|\n|t:|1776670733\n|switch|p2a: Sinistcha|Sinistcha, L50, shiny|100/100\n|-heal|p2b: Crabominable|66/100|[from] ability: Hospitality|[of] p2a: Sinistcha\n|switch|p1b: Incineroar|Incineroar, L50, F|100/100\n|-ability|p1b: Incineroar|Intimidate|boost\n|-unboost|p2a: Sinistcha|atk|1\n|-unboost|p2b: Crabominable|atk|1\n|move|p1a: Crabominable|Rock Slide|p2b: Crabominable|[spread] p2a,p2b\n|-damage|p2a: Sinistcha|78/100\n|-damage|p2b: Crabominable|55/100\n|move|p2b: Crabominable|Close Combat|p1b: Incineroar\n|-supereffective|p1b: Incineroar|1\n|-damage|p1b: Incineroar|8/100\n|-unboost|p2b: Crabominable|def|1\n|-unboost|p2b: Crabominable|spd|1\n|\n|-weather|Snowscape|[upkeep]\n|-heal|p1b: Incineroar|14/100|[from] item: Leftovers\n|-fieldend|move: Trick Room\n|upkeep\n|turn|6\n|\n|t:|1776670760\n|switch|p2b: Slowking|Slowking, L50, F, shiny|100/100\n|move|p1b: Incineroar|Cross Chop|p2b: Slowking\n|-resisted|p2b: Slowking|1\n|-damage|p2b: Slowking|89/100\n|move|p1a: Crabominable|Ice Spinner|p2a: Sinistcha\n|-supereffective|p2a: Sinistcha|1\n|-damage|p2a: Sinistcha|0 fnt\n|faint|p2a: Sinistcha\n|\n|-weather|none\n|-heal|p1b: Incineroar|20/100|[from] item: Leftovers\n|-heal|p2b: Slowking|95/100|[from] item: Leftovers\n|upkeep\n|\n|t:|1776670769\n|switch|p2a: Crabominable|Crabominable-Mega, L50, M, shiny|55/100\n|turn|7\n|c|\u2606ElgyemEmperess|How slow is that sinistcha?\n|c|\u2606ElgyemEmperess|or were you going for trickroom?\n|c|\u2606poktiyty3ty|the slowest\n|c|\u2606poktiyty3ty|trickroom yeah\n|\n|t:|1776670815\n|move|p1b: Incineroar|Throat Chop|p2b: Slowking\n|-supereffective|p2b: Slowking|1\n|-damage|p2b: Slowking|34/100\n|-start|p2b: Slowking|Throat Chop|[silent]\n|move|p2a: Crabominable|Close Combat|p1b: Incineroar\n|-supereffective|p1b: Incineroar|1\n|-damage|p1b: Incineroar|0 fnt\n|-unboost|p2a: Crabominable|def|1\n|-unboost|p2a: Crabominable|spd|1\n|faint|p1b: Incineroar\n|move|p1a: Crabominable|Drain Punch|p2a: Crabominable\n|-supereffective|p2a: Crabominable|1\n|-damage|p2a: Crabominable|0 fnt\n|faint|p2a: Crabominable\n|cant|p2b: Slowking|move: Throat Chop\n|\n|-heal|p2b: Slowking|40/100|[from] item: Leftovers\n|upkeep\n|\n|t:|1776670820\n|switch|p1b: Avalugg|Avalugg-Hisui, L50, F|100/100\n|turn|8\n|c|\u2606poktiyty3ty|gg\n|\n|t:|1776670831\n|move|p2b: Slowking|Protect|p2b: Slowking\n|-singleturn|p2b: Slowking|Protect\n|move|p1b: Avalugg|Rock Slide|p2b: Slowking\n|-activate|p2b: Slowking|move: Protect\n|move|p1a: Crabominable|Rock Slide|p2b: Slowking\n|-activate|p2b: Slowking|move: Protect\n|\n|-heal|p2b: Slowking|46/100|[from] item: Leftovers\n|-end|p2b: Slowking|Throat Chop|[silent]\n|upkeep\n|turn|9\n|c|\u2606ElgyemEmperess|GG\n|\n|t:|1776670843\n|move|p1b: Avalugg|Rock Slide|p2b: Slowking\n|-damage|p2b: Slowking|6/100\n|move|p1a: Crabominable|Rock Slide|p2b: Slowking\n|-damage|p2b: Slowking|0 fnt\n|faint|p2b: Slowking\n|\n|win|ElgyemEmperess\n|raw|ElgyemEmperess's rating: 1100 &rarr; <strong>1121</strong><br />(+21 for winning)\n|raw|poktiyty3ty's rating: 1051 &rarr; <strong>1036</strong><br />(-15 for losing)\n|c|\u2606ElgyemEmperess|I wish you luck on the ladder\n|c|\u2606poktiyty3ty|thx\n|l|\u2606ElgyemEmperess\n|player|p1|\n",
  "uploadtime": 1776670855,
  "views": 8,
  "formatid": "gen9championsvgc2026regma",
  "rating": 1036,
  "private": 0,
  "password": null
}