{
  "id": "gen9championsvgc2026regma-2584869726",
  "format": "[Gen 9 Champions] VGC 2026 Reg M-A",
  "players": [
    "fryeeze",
    "benjiapollo"
  ],
  "log": "|j|\u2606fryeeze\n|j|\u2606benjiapollo\n|t:|1776290158\n|gametype|doubles\n|player|p1|fryeeze|2|1148\n|player|p2|benjiapollo|giovanni|1212\n|gen|9\n|tier|[Gen 9 Champions] VGC 2026 Reg M-A\n|rated|\n|rule|Species Clause: Limit one of each Pok\u00e9mon\n|rule|Item Clause: Limit 1 of each item\n|clearpoke\n|poke|p1|Delphox, L50, F|\n|poke|p1|Basculegion, L50, M|\n|poke|p1|Clefable, L50, M|\n|poke|p1|Kingambit, L50, F|\n|poke|p1|Garchomp, L50, M|\n|poke|p1|Sneasler, L50, F|\n|poke|p2|Basculegion, L50, M|\n|poke|p2|Charizard, L50, M|\n|poke|p2|Kingambit, L50, F|\n|poke|p2|Sneasler, L50, F|\n|poke|p2|Venusaur, L50, M|\n|poke|p2|Talonflame, L50, M|\n|teampreview|4\n|inactive|Battle timer is ON: inactive players will automatically lose when time's up. (requested by benjiapollo)\n|\n|t:|1776290190\n|teamsize|p1|4\n|teamsize|p2|4\n|start\n|switch|p1a: Basculegion|Basculegion, L50, M|100/100\n|switch|p1b: Garchomp|Garchomp, L50, M|100/100\n|switch|p2a: Talonflame|Talonflame, L50, M|100/100\n|switch|p2b: Charizard|Charizard, L50, M|100/100\n|turn|1\n|\n|t:|1776290211\n|detailschange|p2b: Charizard|Charizard-Mega-X, L50, M\n|-mega|p2b: Charizard|Charizard|Charizardite X\n|move|p2a: Talonflame|Tailwind|p2a: Talonflame\n|-sidestart|p2: benjiapollo|move: Tailwind\n|move|p2b: Charizard|Dragon Claw|p1b: Garchomp\n|-supereffective|p1b: Garchomp|1\n|-damage|p1b: Garchomp|0 fnt\n|-damage|p2b: Charizard|88/100|[from] ability: Rough Skin|[of] p1b: Garchomp\n|faint|p1b: Garchomp\n|move|p1a: Basculegion|Flip Turn|p2a: Talonflame\n|-supereffective|p2a: Talonflame|1\n|-crit|p2a: Talonflame\n|-enditem|p2a: Talonflame|Focus Sash\n|-damage|p2a: Talonflame|1/100\n|\n|t:|1776290229\n|switch|p1a: Clefable|Clefable, L50, M|100/100|[from] Flip Turn\n|\n|upkeep\n|\n|t:|1776290242\n|switch|p1b: Delphox|Delphox, L50, F|100/100\n|turn|2\n|\n|t:|1776290260\n|detailschange|p1b: Delphox|Delphox-Mega, L50, F\n|-mega|p1b: Delphox|Delphox|Delphoxite\n|move|p2b: Charizard|Protect|p2b: Charizard\n|-singleturn|p2b: Charizard|Protect\n|move|p1a: Clefable|Follow Me|p1a: Clefable\n|-singleturn|p1a: Clefable|move: Follow Me\n|move|p2a: Talonflame|Brave Bird|p1a: Clefable\n|-damage|p1a: Clefable|63/100\n|-damage|p2a: Talonflame|0 fnt|[from] Recoil\n|faint|p2a: Talonflame\n|move|p1b: Delphox|Psychic|p2b: Charizard\n|-activate|p2b: Charizard|move: Protect\n|\n|upkeep\n|\n|t:|1776290271\n|switch|p2a: Sneasler|Sneasler, L50, F|100/100\n|turn|3\n|\n|t:|1776290283\n|move|p1b: Delphox|Protect|p1b: Delphox\n|-singleturn|p1b: Delphox|Protect\n|move|p1a: Clefable|Protect|p1a: Clefable\n|-singleturn|p1a: Clefable|Protect\n|move|p2a: Sneasler|Dire Claw|p1a: Clefable\n|-activate|p1a: Clefable|move: Protect\n|move|p2b: Charizard|Dragon Claw|p1b: Delphox\n|-activate|p1b: Delphox|move: Protect\n|\n|upkeep\n|turn|4\n|inactive|fryeeze has 30 seconds left.\n|\n|t:|1776290314\n|move|p1a: Clefable|Helping Hand|p1b: Delphox\n|-singleturn|p1b: Delphox|Helping Hand|[of] p1a: Clefable\n|move|p2a: Sneasler|Dire Claw|p1a: Clefable\n|-supereffective|p1a: Clefable|1\n|-damage|p1a: Clefable|0 fnt\n|faint|p1a: Clefable\n|move|p2b: Charizard|Dragon Claw|p1b: Delphox\n|-damage|p1b: Delphox|20/100\n|move|p1b: Delphox|Psychic|p2b: Charizard\n|-damage|p2b: Charizard|0 fnt\n|faint|p2b: Charizard\n|\n|-sideend|p2: benjiapollo|move: Tailwind\n|upkeep\n|\n|t:|1776290326\n|switch|p2b: Basculegion|Basculegion, L50, M|100/100\n|switch|p1a: Basculegion|Basculegion, L50, M|100/100\n|turn|5\n|\n|t:|1776290345\n|move|p1b: Delphox|Protect|p1b: Delphox\n|-singleturn|p1b: Delphox|Protect\n|move|p1a: Basculegion|Last Respects|p2b: Basculegion\n|-supereffective|p2b: Basculegion|1\n|-damage|p2b: Basculegion|0 fnt\n|faint|p2b: Basculegion\n|move|p2a: Sneasler|Dire Claw|p1b: Delphox\n|-activate|p1b: Delphox|move: Protect\n|\n|upkeep\n|turn|6\n|\n|t:|1776290357\n|move|p1b: Delphox|Psychic|p2a: Sneasler\n|-supereffective|p2a: Sneasler|2\n|-damage|p2a: Sneasler|0 fnt\n|faint|p2a: Sneasler\n|\n|win|fryeeze\n|raw|fryeeze's rating: 1148 &rarr; <strong>1178</strong><br />(+30 for winning)\n|raw|benjiapollo's rating: 1212 &rarr; <strong>1182</strong><br />(-30 for losing)\n",
  "uploadtime": 1776290363,
  "views": 26,
  "formatid": "gen9championsvgc2026regma",
  "rating": 1178,
  "private": 0,
  "password": null
}