{
  "id": "gen9championsvgc2026regma-2584137069",
  "format": "[Gen 9 Champions] VGC 2026 Reg M-A",
  "players": [
    "Techwiz_101",
    "SilphGambleR"
  ],
  "log": "|j|\u2606Techwiz_101\n|j|\u2606SilphGambleR\n|t:|1776229359\n|gametype|doubles\n|player|p1|Techwiz_101|2|1162\n|player|p2|SilphGambleR|265|1182\n|gen|9\n|tier|[Gen 9 Champions] VGC 2026 Reg M-A\n|rated|\n|rule|Species Clause: Limit one of each Pok\u00e9mon\n|rule|Item Clause: Limit 1 of each item\n|clearpoke\n|poke|p1|Zoroark-Hisui, L50, F|\n|poke|p1|Gallade, L50, M|\n|poke|p1|Liepard, L50, M|\n|poke|p1|Emboar, L50, M|\n|poke|p1|Aggron, L50, M|\n|poke|p1|Weavile, L50, F|\n|poke|p2|Archaludon, L50, M|\n|poke|p2|Farigiraf, L50, M|\n|poke|p2|Weavile, L50, F|\n|poke|p2|Gardevoir, L50, M|\n|poke|p2|Espeon, L50, M|\n|poke|p2|Skeledirge, L50, F|\n|teampreview|4\n|inactive|Battle timer is ON: inactive players will automatically lose when time's up. (requested by SilphGambleR)\n|\n|t:|1776229379\n|teamsize|p1|4\n|teamsize|p2|4\n|start\n|switch|p1a: Liepard|Liepard, L50, M|100/100\n|switch|p1b: Aggron|Aggron, L50, M|100/100\n|switch|p2a: Weavile|Weavile, L50, F|100/100\n|switch|p2b: Gardevoir|Gardevoir, L50, M|100/100\n|turn|1\n|\n|t:|1776229396\n|detailschange|p1b: Aggron|Aggron-Mega, L50, M\n|-mega|p1b: Aggron|Aggron|Aggronite\n|move|p2b: Gardevoir|Protect|p2b: Gardevoir\n|-singleturn|p2b: Gardevoir|Protect\n|move|p2a: Weavile|Icy Wind|p1a: Liepard|[spread] p1b\n|-miss|p2a: Weavile|p1a: Liepard\n|-resisted|p1b: Aggron|1\n|-damage|p1b: Aggron|97/100\n|-unboost|p1b: Aggron|spe|1\n|move|p1a: Liepard|Icy Wind|p2a: Weavile|[spread] p2a\n|-activate|p2b: Gardevoir|move: Protect\n|-resisted|p2a: Weavile|1\n|-damage|p2a: Weavile|90/100\n|-unboost|p2a: Weavile|spe|1\n|move|p1b: Aggron|Heavy Slam|p2b: Gardevoir\n|-activate|p2b: Gardevoir|move: Protect\n|\n|upkeep\n|turn|2\n|\n|t:|1776229418\n|detailschange|p2b: Gardevoir|Gardevoir-Mega, L50, M\n|-mega|p2b: Gardevoir|Gardevoir|Gardevoirite\n|move|p1a: Liepard|Bitter Malice|p2b: Gardevoir\n|-supereffective|p2b: Gardevoir|1\n|-damage|p2b: Gardevoir|26/100\n|-unboost|p2b: Gardevoir|atk|1\n|move|p2b: Gardevoir|Aura Sphere|p1b: Aggron\n|-supereffective|p1b: Aggron|1\n|-damage|p1b: Aggron|48/100\n|move|p2a: Weavile|Fake Tears|p1b: Aggron\n|-unboost|p1b: Aggron|spd|2\n|move|p1b: Aggron|Body Press|p2a: Weavile\n|-supereffective|p2a: Weavile|2\n|-damage|p2a: Weavile|0 fnt\n|faint|p2a: Weavile\n|\n|upkeep\n|\n|t:|1776229433\n|switch|p2a: Skeledirge|Skeledirge, L50, F|100/100\n|turn|3\n|\n|t:|1776229449\n|switch|p2b: Archaludon|Archaludon, L50, M|100/100\n|move|p1b: Aggron|Protect|p1b: Aggron\n|-singleturn|p1b: Aggron|Protect\n|move|p1a: Liepard|Bitter Malice|p2b: Archaludon\n|-damage|p2b: Archaludon|51/100\n|-unboost|p2b: Archaludon|atk|1\n|-ability|p2b: Archaludon|Stamina|boost\n|-boost|p2b: Archaludon|def|1\n|move|p2a: Skeledirge|Torch Song|p1a: Liepard\n|-damage|p1a: Liepard|14/100\n|-boost|p2a: Skeledirge|spa|1\n|replace|p1a: Zoroark|Zoroark-Hisui, L50, F\n|-end|p1a: Zoroark|Illusion\n|\n|upkeep\n|turn|4\n|\n|t:|1776229472\n|move|p1a: Zoroark|Bitter Malice|p2a: Skeledirge\n|-supereffective|p2a: Skeledirge|1\n|-damage|p2a: Skeledirge|23/100\n|-unboost|p2a: Skeledirge|atk|1\n|move|p2b: Archaludon|Dragon Pulse|p1a: Zoroark\n|-damage|p1a: Zoroark|0 fnt\n|faint|p1a: Zoroark\n|move|p2a: Skeledirge|Torch Song|p1b: Aggron\n|-supereffective|p1b: Aggron|1\n|-damage|p1b: Aggron|0 fnt\n|-boost|p2a: Skeledirge|spa|1\n|faint|p1b: Aggron\n|\n|upkeep\n|\n|t:|1776229483\n|switch|p1a: Liepard|Liepard, L50, M|100/100\n|switch|p1b: Gallade|Gallade, L50, M|100/100\n|turn|5\n|\n|t:|1776229497\n|move|p1b: Gallade|Sacred Sword|p2b: Archaludon\n|-supereffective|p2b: Archaludon|1\n|-crit|p2b: Archaludon\n|-enditem|p2b: Archaludon|Chople Berry|[eat]\n|-enditem|p2b: Archaludon|Chople Berry|[weaken]\n|-damage|p2b: Archaludon|0 fnt\n|faint|p2b: Archaludon\n|move|p1a: Liepard|Knock Off|p2a: Skeledirge\n|-supereffective|p2a: Skeledirge|1\n|-damage|p2a: Skeledirge|0 fnt\n|-enditem|p2a: Skeledirge|Shuca Berry|[from] move: Knock Off|[of] p1a: Liepard\n|faint|p2a: Skeledirge\n|\n|upkeep\n|\n|t:|1776229503\n|switch|p2b: Gardevoir|Gardevoir-Mega, L50, M|26/100\n|turn|6\n|\n|t:|1776229511\n|move|p1b: Gallade|Sacred Sword|p2b: Gardevoir\n|-resisted|p2b: Gardevoir|2\n|-damage|p2b: Gardevoir|0 fnt\n|faint|p2b: Gardevoir\n|\n|win|Techwiz_101\n|raw|Techwiz_101's rating: 1162 &rarr; <strong>1188</strong><br />(+26 for winning)\n|raw|SilphGambleR's rating: 1182 &rarr; <strong>1156</strong><br />(-26 for losing)\n|l|\u2606SilphGambleR\n|player|p2|\n",
  "uploadtime": 1776229520,
  "views": 25,
  "formatid": "gen9championsvgc2026regma",
  "rating": 1156,
  "private": 0,
  "password": null
}