{
  "id": "gen9championsvgc2026regma-2585910367",
  "format": "[Gen 9 Champions] VGC 2026 Reg M-A",
  "players": [
    "hoover5722",
    "h2obama"
  ],
  "log": "|j|\u2606hoover5722\n|j|\u2606h2obama\n|t:|1776380631\n|gametype|doubles\n|player|p1|hoover5722|101|1134\n|player|p2|h2obama|266|1181\n|gen|9\n|tier|[Gen 9 Champions] VGC 2026 Reg M-A\n|rated|\n|rule|Species Clause: Limit one of each Pok\u00e9mon\n|rule|Item Clause: Limit 1 of each item\n|clearpoke\n|poke|p1|Talonflame, L50, F|\n|poke|p1|Archaludon, L50, M|\n|poke|p1|Sinistcha, L50|\n|poke|p1|Glimmora, L50, M|\n|poke|p1|Lycanroc-Dusk, L50, M|\n|poke|p1|Rotom-Wash, L50|\n|poke|p2|Whimsicott, L50, M|\n|poke|p2|Pinsir, L50, F|\n|poke|p2|Garchomp, L50, M|\n|poke|p2|Kingambit, L50, M|\n|poke|p2|Milotic, L50, M|\n|poke|p2|Rotom-Heat, L50|\n|teampreview|4\n|\n|t:|1776380675\n|teamsize|p1|4\n|teamsize|p2|4\n|start\n|switch|p1a: Talonflame|Talonflame, L50, F|100/100\n|switch|p1b: Glimmora|Glimmora, L50, M|100/100\n|switch|p2a: Rotom|Rotom-Heat, L50|100/100\n|switch|p2b: Whimsicott|Whimsicott, L50, M|100/100\n|turn|1\n|\n|t:|1776380708\n|detailschange|p1b: Glimmora|Glimmora-Mega, L50, M\n|-mega|p1b: Glimmora|Glimmora|Glimmoranite\n|move|p1a: Talonflame|Dual Wingbeat|p2b: Whimsicott\n|-supereffective|p2b: Whimsicott|1\n|-damage|p2b: Whimsicott|51/100\n|-supereffective|p2b: Whimsicott|1\n|-damage|p2b: Whimsicott|3/100\n|-hitcount|p2b: Whimsicott|2\n|move|p2b: Whimsicott|Tailwind|p2b: Whimsicott\n|-sidestart|p2: h2obama|move: Tailwind\n|move|p2a: Rotom|Volt Switch|p1a: Talonflame\n|-supereffective|p1a: Talonflame|1\n|-enditem|p1a: Talonflame|Focus Sash\n|-damage|p1a: Talonflame|1/100\n|\n|t:|1776380721\n|switch|p2a: Garchomp|Garchomp, L50, M|100/100|[from] Volt Switch\n|move|p1b: Glimmora|Power Gem|p2a: Garchomp\n|-resisted|p2a: Garchomp|1\n|-damage|p2a: Garchomp|68/100\n|\n|upkeep\n|turn|2\n|\n|t:|1776380748\n|move|p1b: Glimmora|Spiky Shield|p1b: Glimmora\n|-singleturn|p1b: Glimmora|move: Protect\n|move|p2b: Whimsicott|Moonblast|p1a: Talonflame\n|-resisted|p1a: Talonflame|1\n|-damage|p1a: Talonflame|0 fnt\n|faint|p1a: Talonflame\n|move|p2a: Garchomp|Earthquake|p1b: Glimmora|[spread] p2b\n|-activate|p1b: Glimmora|move: Protect\n|-resisted|p2b: Whimsicott|1\n|-damage|p2b: Whimsicott|0 fnt\n|faint|p2b: Whimsicott\n|\n|upkeep\n|\n|t:|1776380759\n|switch|p1a: Archaludon|Archaludon, L50, M|100/100\n|switch|p2b: Rotom|Rotom-Heat, L50|100/100\n|turn|3\n|\n|t:|1776380784\n|switch|p1b: Sinistcha|Sinistcha, L50|100/100\n|move|p2b: Rotom|Overheat|p1b: Sinistcha\n|-supereffective|p1b: Sinistcha|1\n|-damage|p1b: Sinistcha|0 fnt\n|-unboost|p2b: Rotom|spa|2\n|faint|p1b: Sinistcha\n|move|p2a: Garchomp|Earthquake|p1a: Archaludon|[spread] p1a\n|-immune|p2b: Rotom|[from] ability: Levitate\n|-supereffective|p1a: Archaludon|1\n|-damage|p1a: Archaludon|40/100\n|-ability|p1a: Archaludon|Stamina|boost\n|-boost|p1a: Archaludon|def|1\n|move|p1a: Archaludon|Draco Meteor|p2a: Garchomp\n|-supereffective|p2a: Garchomp|1\n|-damage|p2a: Garchomp|0 fnt\n|-unboost|p1a: Archaludon|spa|2\n|faint|p2a: Garchomp\n|\n|-heal|p1a: Archaludon|46/100|[from] item: Leftovers\n|upkeep\n|\n|t:|1776380798\n|switch|p2a: Pinsir|Pinsir, L50, F|100/100\n|switch|p1b: Glimmora|Glimmora-Mega, L50, M|100/100\n|turn|4\n|\n|t:|1776380827\n|detailschange|p2a: Pinsir|Pinsir-Mega, L50, F\n|-mega|p2a: Pinsir|Pinsir|Pinsirite\n|move|p2a: Pinsir|Protect|p2a: Pinsir\n|-singleturn|p2a: Pinsir|Protect\n|move|p1b: Glimmora|Spiky Shield|p1b: Glimmora\n|-singleturn|p1b: Glimmora|move: Protect\n|move|p1a: Archaludon|Protect|p1a: Archaludon\n|-singleturn|p1a: Archaludon|Protect\n|move|p2b: Rotom|Overheat|p1a: Archaludon\n|-activate|p1a: Archaludon|move: Protect\n|\n|-heal|p1a: Archaludon|52/100|[from] item: Leftovers\n|-sideend|p2: h2obama|move: Tailwind\n|upkeep\n|turn|5\n|\n|t:|1776380852\n|move|p2b: Rotom|Overheat|p1b: Glimmora\n|-resisted|p1b: Glimmora|1\n|-damage|p1b: Glimmora|87/100\n|-unboost|p2b: Rotom|spa|2\n|move|p2a: Pinsir|Close Combat|p1a: Archaludon\n|-supereffective|p1a: Archaludon|1\n|-crit|p1a: Archaludon\n|-damage|p1a: Archaludon|0 fnt\n|-unboost|p2a: Pinsir|def|1\n|-unboost|p2a: Pinsir|spd|1\n|faint|p1a: Archaludon\n|move|p1b: Glimmora|Power Gem|p2a: Pinsir\n|-supereffective|p2a: Pinsir|2\n|-damage|p2a: Pinsir|0 fnt\n|faint|p2a: Pinsir\n|\n|upkeep\n|turn|6\n|\n|t:|1776380865\n|move|p2b: Rotom|Overheat|p1b: Glimmora\n|-resisted|p1b: Glimmora|1\n|-damage|p1b: Glimmora|78/100\n|-unboost|p2b: Rotom|spa|2\n|move|p1b: Glimmora|Power Gem|p2b: Rotom\n|-supereffective|p2b: Rotom|1\n|-damage|p2b: Rotom|0 fnt\n|faint|p2b: Rotom\n|\n|win|hoover5722\n|raw|hoover5722's rating: 1162 &rarr; <strong>1188</strong><br />(+26 for winning)\n|raw|h2obama's rating: 1181 &rarr; <strong>1155</strong><br />(-26 for losing)\n|l|\u2606hoover5722\n|player|p1|\n",
  "uploadtime": 1776380884,
  "views": 23,
  "formatid": "gen9championsvgc2026regma",
  "rating": 1155,
  "private": 0,
  "password": null
}