{
  "id": "gen9championsvgc2026regma-2588522667",
  "format": "[Gen 9 Champions] VGC 2026 Reg M-A",
  "players": [
    "lun4rspace",
    "Johten"
  ],
  "log": "|j|\u2606lun4rspace\n|j|\u2606Johten\n|t:|1776641349\n|gametype|doubles\n|player|p1|lun4rspace|266|1260\n|player|p2|Johten|veteran|1225\n|gen|9\n|tier|[Gen 9 Champions] VGC 2026 Reg M-A\n|rated|\n|rule|Species Clause: Limit one of each Pok\u00e9mon\n|rule|Item Clause: Limit 1 of each item\n|clearpoke\n|poke|p1|Aerodactyl, L50, M|\n|poke|p1|Basculegion, L50, M|\n|poke|p1|Kommo-o, L50, F|\n|poke|p1|Scizor, L50, F|\n|poke|p1|Scovillain, L50, F|\n|poke|p1|Sneasler, L50, F|\n|poke|p2|Raichu, L50, F|\n|poke|p2|Farigiraf, L50, M|\n|poke|p2|Sinistcha, L50|\n|poke|p2|Aggron, L50, F|\n|poke|p2|Gallade, L50, M|\n|poke|p2|Rotom-Heat, L50|\n|teampreview|4\n|inactive|Battle timer is ON: inactive players will automatically lose when time's up. (requested by Johten)\n|inactive|Johten has 60 seconds left.\n|\n|t:|1776641387\n|teamsize|p1|4\n|teamsize|p2|4\n|start\n|switch|p1a: Scovillain|Scovillain, L50, F|100/100\n|switch|p1b: Sneasler|Sneasler, L50, F|100/100\n|switch|p2a: Raichu|Raichu, L50, F|100/100\n|switch|p2b: Aggron|Aggron, L50, F|100/100\n|turn|1\n|inactive|Johten has 30 seconds left.\n|\n|t:|1776641415\n|switch|p2a: Sinistcha|Sinistcha, L50|100/100\n|detailschange|p1a: Scovillain|Scovillain-Mega, L50, F\n|-mega|p1a: Scovillain|Scovillain|Scovillainite\n|move|p2b: Aggron|Protect|p2b: Aggron\n|-singleturn|p2b: Aggron|Protect\n|move|p1a: Scovillain|Rage Powder|p1a: Scovillain\n|-singleturn|p1a: Scovillain|move: Rage Powder\n|move|p1b: Sneasler|Close Combat|p2b: Aggron\n|-activate|p2b: Aggron|move: Protect\n|\n|upkeep\n|turn|2\n|\n|t:|1776641438\n|detailschange|p2b: Aggron|Aggron-Mega, L50, F\n|-mega|p2b: Aggron|Aggron|Aggronite\n|move|p1a: Scovillain|Rage Powder|p1a: Scovillain\n|-singleturn|p1a: Scovillain|move: Rage Powder\n|move|p2a: Sinistcha|Rage Powder|p2a: Sinistcha\n|-singleturn|p2a: Sinistcha|move: Rage Powder\n|move|p1b: Sneasler|Close Combat|p2a: Sinistcha\n|-immune|p2a: Sinistcha\n|move|p2b: Aggron|Iron Defense|p2b: Aggron\n|-boost|p2b: Aggron|def|2\n|\n|upkeep\n|turn|3\n|\n|t:|1776641459\n|switch|p2a: Raichu|Raichu, L50, F|100/100\n|move|p2b: Aggron|Protect|p2b: Aggron\n|-singleturn|p2b: Aggron|Protect\n|move|p1a: Scovillain|Rage Powder|p1a: Scovillain\n|-singleturn|p1a: Scovillain|move: Rage Powder\n|move|p1b: Sneasler|Dire Claw|p2a: Raichu\n|-crit|p2a: Raichu\n|-damage|p2a: Raichu|0 fnt\n|faint|p2a: Raichu\n|\n|upkeep\n|\n|t:|1776641469\n|switch|p2a: Sinistcha|Sinistcha, L50|100/100\n|turn|4\n|\n|t:|1776641483\n|move|p1a: Scovillain|Rage Powder|p1a: Scovillain\n|-singleturn|p1a: Scovillain|move: Rage Powder\n|move|p1b: Sneasler|Dire Claw|p2a: Sinistcha\n|-damage|p2a: Sinistcha|71/100\n|move|p2b: Aggron|Body Press|p1a: Scovillain\n|-damage|p1a: Scovillain|31/100\n|-status|p2b: Aggron|brn|[from] ability: Spicy Spray|[of] p1a: Scovillain\n|move|p2a: Sinistcha|Trick Room|p2a: Sinistcha\n|-fieldstart|move: Trick Room|[of] p2a: Sinistcha\n|\n|-heal|p2a: Sinistcha|77/100|[from] item: Leftovers\n|-damage|p2b: Aggron|94/100 brn|[from] brn\n|upkeep\n|turn|5\n|\n|t:|1776641505\n|move|p1b: Sneasler|Protect|p1b: Sneasler\n|-singleturn|p1b: Sneasler|Protect\n|move|p2a: Sinistcha|Rage Powder|p2a: Sinistcha\n|-singleturn|p2a: Sinistcha|move: Rage Powder\n|move|p2b: Aggron|Iron Defense|p2b: Aggron\n|-boost|p2b: Aggron|def|2\n|move|p1a: Scovillain|Flamethrower|p2b: Aggron\n|-supereffective|p2b: Aggron|1\n|-damage|p2b: Aggron|30/100 brn\n|\n|-heal|p2a: Sinistcha|83/100|[from] item: Leftovers\n|-damage|p2b: Aggron|24/100 brn|[from] brn\n|upkeep\n|turn|6\n|\n|t:|1776641524\n|switch|p2a: Farigiraf|Farigiraf, L50, M|100/100\n|move|p2b: Aggron|Protect|p2b: Aggron\n|-singleturn|p2b: Aggron|Protect\n|move|p1a: Scovillain|Protect|p1a: Scovillain\n|-singleturn|p1a: Scovillain|Protect\n|move|p1b: Sneasler|Protect||[still]\n|-fail|p1b: Sneasler\n|\n|-damage|p2b: Aggron|17/100 brn|[from] brn\n|upkeep\n|turn|7\n|\n|t:|1776641549\n|switch|p2a: Sinistcha|Sinistcha, L50|83/100\n|-heal|p2b: Aggron|42/100 brn|[from] ability: Hospitality|[of] p2a: Sinistcha\n|move|p2b: Aggron|Body Press|p1a: Scovillain\n|-damage|p1a: Scovillain|0 fnt\n|faint|p1a: Scovillain\n|move|p1b: Sneasler|Close Combat|p2a: Sinistcha\n|-immune|p2a: Sinistcha\n|\n|-heal|p2a: Sinistcha|90/100|[from] item: Leftovers\n|-damage|p2b: Aggron|36/100 brn|[from] brn\n|upkeep\n|\n|t:|1776641562\n|switch|p1a: Kommo-o|Kommo-o, L50, F|100/100\n|turn|8\n|\n|t:|1776641575\n|switch|p2a: Farigiraf|Farigiraf, L50, M|100/100\n|move|p2b: Aggron|Body Press|p1a: Kommo-o\n|-damage|p1a: Kommo-o|43/100\n|move|p1a: Kommo-o|Clangorous Soul|p1a: Kommo-o\n|-boost|p1a: Kommo-o|atk|1\n|-boost|p1a: Kommo-o|def|1\n|-boost|p1a: Kommo-o|spa|1\n|-boost|p1a: Kommo-o|spd|1\n|-boost|p1a: Kommo-o|spe|1\n|-damage|p1a: Kommo-o|10/100\n|move|p1b: Sneasler|Dire Claw|p2b: Aggron\n|-immune|p2b: Aggron\n|\n|-heal|p1a: Kommo-o|16/100|[from] item: Leftovers\n|-damage|p2b: Aggron|30/100 brn|[from] brn\n|-fieldend|move: Trick Room\n|upkeep\n|turn|9\n|\n|t:|1776641599\n|move|p1a: Kommo-o|Protect|p1a: Kommo-o\n|-singleturn|p1a: Kommo-o|Protect\n|move|p2b: Aggron|Protect|p2b: Aggron\n|-singleturn|p2b: Aggron|Protect\n|move|p1b: Sneasler|Close Combat|p2b: Aggron\n|-activate|p2b: Aggron|move: Protect\n|move|p2a: Farigiraf|Twin Beam|p1a: Kommo-o\n|-activate|p1a: Kommo-o|move: Protect\n|\n|-heal|p1a: Kommo-o|22/100|[from] item: Leftovers\n|-damage|p2b: Aggron|24/100 brn|[from] brn\n|upkeep\n|turn|10\n|\n|t:|1776641622\n|switch|p2a: Sinistcha|Sinistcha, L50|90/100\n|-heal|p2b: Aggron|49/100 brn|[from] ability: Hospitality|[of] p2a: Sinistcha\n|move|p1a: Kommo-o|Clanging Scales|p2b: Aggron|[spread] p2a,p2b\n|-resisted|p2b: Aggron|1\n|-damage|p2a: Sinistcha|33/100\n|-damage|p2b: Aggron|21/100 brn\n|-unboost|p1a: Kommo-o|def|1\n|move|p1b: Sneasler|Dire Claw|p2a: Sinistcha\n|-damage|p2a: Sinistcha|0 fnt\n|faint|p2a: Sinistcha\n|move|p2b: Aggron|Body Press|p1a: Kommo-o\n|-damage|p1a: Kommo-o|0 fnt\n|faint|p1a: Kommo-o\n|\n|-damage|p2b: Aggron|15/100 brn|[from] brn\n|upkeep\n|\n|t:|1776641638\n|switch|p1a: Basculegion|Basculegion, L50, M|100/100\n|switch|p2a: Farigiraf|Farigiraf, L50, M|100/100\n|turn|11\n|\n|t:|1776641650\n|move|p1b: Sneasler|Close Combat|p2b: Aggron\n|-supereffective|p2b: Aggron|1\n|-damage|p2b: Aggron|0 fnt\n|-unboost|p1b: Sneasler|def|1\n|-unboost|p1b: Sneasler|spd|1\n|faint|p2b: Aggron\n|-enditem|p1b: Sneasler|White Herb\n|-clearnegativeboost|p1b: Sneasler|[silent]\n|move|p1a: Basculegion|Last Respects|p2a: Farigiraf\n|-immune|p2a: Farigiraf\n|move|p2a: Farigiraf|Twin Beam|p1b: Sneasler\n|-supereffective|p1b: Sneasler|2\n|-damage|p1b: Sneasler|6/100\n|-supereffective|p1b: Sneasler|2\n|-damage|p1b: Sneasler|0 fnt\n|faint|p1b: Sneasler\n|-hitcount|p1: Sneasler|2\n|\n|upkeep\n|turn|12\n|\n|t:|1776641667\n|move|p1a: Basculegion|Wave Crash|p2a: Farigiraf\n|-damage|p2a: Farigiraf|37/100\n|-enditem|p2a: Farigiraf|Sitrus Berry|[eat]\n|-heal|p2a: Farigiraf|62/100|[from] item: Sitrus Berry\n|-damage|p1a: Basculegion|77/100|[from] Recoil\n|move|p2a: Farigiraf|Beat Up|p1a: Basculegion\n|-supereffective|p1a: Basculegion|1\n|-damage|p1a: Basculegion|71/100\n|-hitcount|p1a: Basculegion|1\n|\n|upkeep\n|turn|13\n|\n|t:|1776641678\n|move|p1a: Basculegion|Wave Crash|p2a: Farigiraf\n|-damage|p2a: Farigiraf|0 fnt\n|faint|p2a: Farigiraf\n|-damage|p1a: Basculegion|49/100|[from] Recoil\n|-enditem|p1a: Basculegion|Sitrus Berry|[eat]\n|-heal|p1a: Basculegion|74/100|[from] item: Sitrus Berry\n|\n|win|lun4rspace\n|raw|lun4rspace's rating: 1260 &rarr; <strong>1282</strong><br />(+22 for winning)\n|raw|Johten's rating: 1225 &rarr; <strong>1203</strong><br />(-22 for losing)\n",
  "uploadtime": 1776641678,
  "views": 13,
  "formatid": "gen9championsvgc2026regma",
  "rating": 1203,
  "private": 0,
  "password": null
}