{
  "id": "gen9championsvgc2026regma-2582827869",
  "format": "[Gen 9 Champions] VGC 2026 Reg M-A",
  "players": [
    "jordig15",
    "DryIceBros"
  ],
  "log": "|j|\u2606jordig15\n|j|\u2606DryIceBros\n|t:|1776117183\n|gametype|doubles\n|player|p1|jordig15|boarder|1194\n|player|p2|DryIceBros|102|1093\n|gen|9\n|tier|[Gen 9 Champions] VGC 2026 Reg M-A\n|rated|\n|rule|Species Clause: Limit one of each Pok\u00e9mon\n|rule|Item Clause: Limit 1 of each item\n|clearpoke\n|poke|p1|Gengar, L50, M|\n|poke|p1|Incineroar, L50, F|\n|poke|p1|Politoed, L50, M|\n|poke|p1|Basculegion, L50, M|\n|poke|p1|Kingambit, L50, F|\n|poke|p1|Sneasler, L50, F|\n|poke|p2|Crabominable, L50, F|\n|poke|p2|Farigiraf, L50, M|\n|poke|p2|Ninetales-Alola, L50, M|\n|poke|p2|Incineroar, L50, F|\n|poke|p2|Palafin, L50, F|\n|poke|p2|Sinistcha, L50|\n|teampreview|4\n|inactive|Battle timer is ON: inactive players will automatically lose when time's up. (requested by jordig15)\n|\n|t:|1776117250\n|teamsize|p1|4\n|teamsize|p2|4\n|start\n|switch|p1a: Gengar|Gengar, L50, M, shiny|100/100\n|switch|p1b: Sneasler|Sneasler, L50, F|100/100\n|switch|p2a: Crabominable|Crabominable, L50, F|100/100\n|switch|p2b: Farigiraf|Farigiraf, L50, M|100/100\n|turn|1\n|inactive|jordig15 has 30 seconds left.\n|inactive|jordig15 has 20 seconds left.\n|\n|t:|1776117285\n|detailschange|p1a: Gengar|Gengar-Mega, L50, M, shiny\n|-mega|p1a: Gengar|Gengar|Gengarite\n|move|p2a: Crabominable|Protect|p2a: Crabominable\n|-singleturn|p2a: Crabominable|Protect\n|move|p1a: Gengar|Perish Song|p1a: Gengar\n|-start|p1a: Gengar|perish3|[silent]\n|-start|p1b: Sneasler|perish3|[silent]\n|-start|p2a: Crabominable|perish3|[silent]\n|-start|p2b: Farigiraf|perish3|[silent]\n|-fieldactivate|move: Perish Song\n|move|p1b: Sneasler|Close Combat|p2a: Crabominable\n|-activate|p2a: Crabominable|move: Protect\n|move|p2b: Farigiraf|Trick Room|p2b: Farigiraf\n|-fieldstart|move: Trick Room|[of] p2b: Farigiraf\n|\n|-start|p2a: Crabominable|perish3\n|-start|p2b: Farigiraf|perish3\n|-start|p1b: Sneasler|perish3\n|-start|p1a: Gengar|perish3\n|upkeep\n|turn|2\n|\n|t:|1776117309\n|detailschange|p2a: Crabominable|Crabominable-Mega, L50, F\n|-mega|p2a: Crabominable|Crabominable|Crabominite\n|move|p1b: Sneasler|Protect|p1b: Sneasler\n|-singleturn|p1b: Sneasler|Protect\n|move|p1a: Gengar|Protect|p1a: Gengar\n|-singleturn|p1a: Gengar|Protect\n|move|p2a: Crabominable|Ice Hammer|p1a: Gengar\n|-activate|p1a: Gengar|move: Protect\n|move|p2b: Farigiraf|Psychic|p1b: Sneasler\n|-activate|p1b: Sneasler|move: Protect\n|\n|-start|p2a: Crabominable|perish2\n|-start|p2b: Farigiraf|perish2\n|-start|p1b: Sneasler|perish2\n|-start|p1a: Gengar|perish2\n|upkeep\n|turn|3\n|inactive|jordig15 has 30 seconds left.\n|\n|t:|1776117343\n|switch|p1b: Politoed|Politoed, L50, M, shiny|100/100\n|-weather|RainDance|[from] ability: Drizzle|[of] p1b: Politoed\n|move|p2b: Farigiraf|Helping Hand|p2a: Crabominable\n|-singleturn|p2a: Crabominable|Helping Hand|[of] p2b: Farigiraf\n|move|p2a: Crabominable|Ice Hammer|p1a: Gengar\n|-damage|p1a: Gengar|0 fnt\n|-unboost|p2a: Crabominable|spe|1\n|faint|p1a: Gengar\n|\n|-weather|RainDance|[upkeep]\n|-start|p2a: Crabominable|perish1\n|-start|p2b: Farigiraf|perish1\n|upkeep\n|\n|t:|1776117366\n|switch|p1a: Sneasler|Sneasler, L50, F|100/100\n|turn|4\n|\n|t:|1776117379\n|switch|p2a: Ninetales|Ninetales-Alola, L50, M|100/100\n|-weather|Snowscape|[from] ability: Snow Warning|[of] p2a: Ninetales\n|move|p2b: Farigiraf|Psychic|p1a: Sneasler\n|-supereffective|p1a: Sneasler|2\n|-damage|p1a: Sneasler|0 fnt\n|faint|p1a: Sneasler\n|move|p1b: Politoed|Muddy Water|p2a: Ninetales|[spread] p2a\n|-miss|p1b: Politoed|p2b: Farigiraf\n|-damage|p2a: Ninetales|64/100\n|\n|-weather|Snowscape|[upkeep]\n|-start|p2b: Farigiraf|perish0\n|faint|p2b: Farigiraf\n|upkeep\n|\n|t:|1776117397\n|switch|p2b: Crabominable|Crabominable-Mega, L50, F|100/100\n|switch|p1a: Basculegion|Basculegion, L50, M|100/100\n|turn|5\n|\n|t:|1776117411\n|move|p1a: Basculegion|Protect|p1a: Basculegion\n|-singleturn|p1a: Basculegion|Protect\n|move|p1b: Politoed|Protect|p1b: Politoed\n|-singleturn|p1b: Politoed|Protect\n|move|p2b: Crabominable|Ice Hammer|p1a: Basculegion\n|-activate|p1a: Basculegion|move: Protect\n|move|p2a: Ninetales|Aurora Veil|p2a: Ninetales\n|-sidestart|p2: DryIceBros|move: Aurora Veil\n|\n|-weather|Snowscape|[upkeep]\n|-fieldend|move: Trick Room\n|upkeep\n|turn|6\n|inactive|jordig15 has 30 seconds left.\n|\n|t:|1776117439\n|move|p2a: Ninetales|Encore|p1a: Basculegion\n|-start|p1a: Basculegion|Encore\n|move|p1a: Basculegion|Protect||[still]\n|-fail|p1a: Basculegion\n|move|p1b: Politoed|Encore||[still]\n|-fail|p1b: Politoed\n|move|p2b: Crabominable|Ice Hammer|p1a: Basculegion\n|-resisted|p1a: Basculegion|1\n|-damage|p1a: Basculegion|61/100\n|-unboost|p2b: Crabominable|spe|1\n|\n|-weather|Snowscape|[upkeep]\n|upkeep\n|turn|7\n|inactive|DryIceBros has 30 seconds left.\n|inactive|DryIceBros has 20 seconds left.\n|inactive|DryIceBros has 15 seconds left.\n|\n|t:|1776117481\n|switch|p2a: Sinistcha|Sinistcha, L50|100/100\n|move|p1a: Basculegion|Protect|p1a: Basculegion\n|-singleturn|p1a: Basculegion|Protect\n|move|p1b: Politoed|Muddy Water|p2a: Sinistcha|[spread] p2a,p2b\n|-resisted|p2a: Sinistcha|1\n|-damage|p2a: Sinistcha|89/100\n|-damage|p2b: Crabominable|83/100\n|move|p2b: Crabominable|Ice Hammer|p1a: Basculegion\n|-activate|p1a: Basculegion|move: Protect\n|\n|-weather|Snowscape|[upkeep]\n|upkeep\n|turn|8\n|-message|jordig15 forfeited.\n|\n|win|DryIceBros\n|raw|jordig15's rating: 1194 &rarr; <strong>1162</strong><br />(-32 for losing)\n|raw|DryIceBros's rating: 1093 &rarr; <strong>1126</strong><br />(+33 for winning)\n|l|\u2606jordig15\n|player|p1|\n",
  "uploadtime": 1776117497,
  "views": 16,
  "formatid": "gen9championsvgc2026regma",
  "rating": 1126,
  "private": 0,
  "password": null
}