{
  "id": "gen9championsvgc2026regma-2587179428",
  "format": "[Gen 9 Champions] VGC 2026 Reg M-A",
  "players": [
    "treebae",
    "flaabs cgv"
  ],
  "log": "|j|\u2606treebae\n|j|\u2606flaabs cgv\n|t:|1776505041\n|gametype|doubles\n|player|p1|treebae|170|1043\n|player|p2|flaabs cgv|102|1001\n|gen|9\n|tier|[Gen 9 Champions] VGC 2026 Reg M-A\n|rated|\n|rule|Species Clause: Limit one of each Pok\u00e9mon\n|rule|Item Clause: Limit 1 of each item\n|clearpoke\n|poke|p1|Alcremie, L50, F|\n|poke|p1|Sinistcha, L50|\n|poke|p1|Greninja, L50, F|\n|poke|p1|Dragapult, L50, F|\n|poke|p1|Kingambit, L50, F|\n|poke|p1|Chimecho, L50, F|\n|poke|p2|Stunfisk-Galar, L50, M|\n|poke|p2|Azumarill, L50, F|\n|poke|p2|Sylveon, L50, M|\n|poke|p2|Sinistcha-Masterpiece, L50|\n|poke|p2|Armarouge, L50, F|\n|poke|p2|Farigiraf, L50, M|\n|teampreview|4\n|\n|t:|1776505059\n|teamsize|p1|4\n|teamsize|p2|4\n|start\n|switch|p1a: Alcremie|Alcremie, L50, F|100/100\n|switch|p1b: Chimecho|Chimecho, L50, F|100/100\n|switch|p2a: Stunfisk|Stunfisk-Galar, L50, M|100/100\n|switch|p2b: Azumarill|Azumarill, L50, F|100/100\n|turn|1\n|\n|t:|1776505089\n|detailschange|p1b: Chimecho|Chimecho-Mega, L50, F\n|-mega|p1b: Chimecho|Chimecho|Chimechite\n|move|p1a: Alcremie|Decorate|p1b: Chimecho\n|-boost|p1b: Chimecho|atk|2\n|-boost|p1b: Chimecho|spa|2\n|move|p2b: Azumarill|Perish Song|p2b: Azumarill\n|-start|p1a: Alcremie|perish3|[silent]\n|-start|p1b: Chimecho|perish3|[silent]\n|-start|p2a: Stunfisk|perish3|[silent]\n|-start|p2b: Azumarill|perish3|[silent]\n|-fieldactivate|move: Perish Song\n|move|p1b: Chimecho|Cosmic Power|p1b: Chimecho\n|-boost|p1b: Chimecho|def|1\n|-boost|p1b: Chimecho|spd|1\n|move|p2a: Stunfisk|Snap Trap|p1a: Alcremie\n|-supereffective|p1a: Alcremie|1\n|-damage|p1a: Alcremie|73/100\n|-activate|p1a: Alcremie|move: Snap Trap|[of] p2a: Stunfisk\n|\n|-damage|p1a: Alcremie|60/100|[from] move: Snap Trap|[partiallytrapped]\n|-start|p1a: Alcremie|perish3\n|-start|p2b: Azumarill|perish3\n|-start|p1b: Chimecho|perish3\n|-start|p2a: Stunfisk|perish3\n|upkeep\n|turn|2\n|\n|t:|1776505122\n|move|p1a: Alcremie|Psych Up|p1b: Chimecho\n|-copyboost|p1a: Alcremie|p1b: Chimecho|[from] move: Psych Up\n|move|p2b: Azumarill|Encore|p1b: Chimecho\n|-block|p1b: Chimecho|ability: Aroma Veil|[of] p1a: Alcremie\n|move|p1b: Chimecho|Stored Power|p2a: Stunfisk\n|-resisted|p2a: Stunfisk|1\n|-damage|p2a: Stunfisk|37/100\n|move|p2a: Stunfisk|Snap Trap|p1b: Chimecho\n|-resisted|p1b: Chimecho|1\n|-damage|p1b: Chimecho|98/100\n|-activate|p1b: Chimecho|move: Snap Trap|[of] p2a: Stunfisk\n|\n|-heal|p2a: Stunfisk|43/100|[from] item: Leftovers\n|-damage|p1a: Alcremie|48/100|[from] move: Snap Trap|[partiallytrapped]\n|-damage|p1b: Chimecho|86/100|[from] move: Snap Trap|[partiallytrapped]\n|-start|p1a: Alcremie|perish2\n|-start|p2b: Azumarill|perish2\n|-start|p1b: Chimecho|perish2\n|-start|p2a: Stunfisk|perish2\n|upkeep\n|turn|3\n|\n|t:|1776505154\n|move|p2b: Azumarill|Protect|p2b: Azumarill\n|-singleturn|p2b: Azumarill|Protect\n|move|p2a: Stunfisk|Protect|p2a: Stunfisk\n|-singleturn|p2a: Stunfisk|Protect\n|move|p1a: Alcremie|Dazzling Gleam|p2a: Stunfisk|[spread] \n|-activate|p2a: Stunfisk|move: Protect\n|-activate|p2b: Azumarill|move: Protect\n|move|p1b: Chimecho|Stored Power|p2a: Stunfisk\n|-activate|p2a: Stunfisk|move: Protect\n|\n|-heal|p2a: Stunfisk|49/100|[from] item: Leftovers\n|-damage|p1a: Alcremie|36/100|[from] move: Snap Trap|[partiallytrapped]\n|-damage|p1b: Chimecho|74/100|[from] move: Snap Trap|[partiallytrapped]\n|-start|p1a: Alcremie|perish1\n|-start|p2b: Azumarill|perish1\n|-start|p1b: Chimecho|perish1\n|-start|p2a: Stunfisk|perish1\n|upkeep\n|turn|4\n|\n|t:|1776505174\n|switch|p2b: Farigiraf|Farigiraf, L50, M|100/100\n|switch|p2a: Armarouge|Armarouge, L50, F|100/100\n|move|p1a: Alcremie|Dazzling Gleam|p2a: Armarouge|[spread] p2a,p2b\n|-resisted|p2a: Armarouge|1\n|-damage|p2a: Armarouge|77/100\n|-damage|p2b: Farigiraf|54/100\n|move|p1b: Chimecho|Stored Power|p2b: Farigiraf\n|-resisted|p2b: Farigiraf|1\n|-damage|p2b: Farigiraf|0 fnt\n|faint|p2b: Farigiraf\n|\n|-end|p1a: Alcremie|Snap Trap|[partiallytrapped]|[silent]\n|-end|p1b: Chimecho|Snap Trap|[partiallytrapped]|[silent]\n|-start|p1a: Alcremie|perish0\n|-start|p1b: Chimecho|perish0\n|faint|p1a: Alcremie\n|faint|p1b: Chimecho\n|upkeep\n|\n|t:|1776505190\n|switch|p1a: Kingambit|Kingambit, L50, F|100/100\n|switch|p1b: Sinistcha|Sinistcha, L50|100/100\n|switch|p2b: Azumarill|Azumarill, L50, F|100/100\n|turn|5\n|\n|t:|1776505207\n|move|p2b: Azumarill|Protect|p2b: Azumarill\n|-singleturn|p2b: Azumarill|Protect\n|move|p1b: Sinistcha|Protect|p1b: Sinistcha\n|-singleturn|p1b: Sinistcha|Protect\n|move|p2a: Armarouge|Destiny Bond|p2a: Armarouge\n|-singlemove|p2a: Armarouge|Destiny Bond\n|move|p1a: Kingambit|Kowtow Cleave|p2a: Armarouge\n|-supereffective|p2a: Armarouge|1\n|-damage|p2a: Armarouge|0 fnt\n|faint|p2a: Armarouge\n|-activate|p2a: Armarouge|move: Destiny Bond\n|faint|p1a: Kingambit\n|\n|upkeep\n|-message|treebae forfeited.\n|\n|win|flaabs cgv\n|raw|treebae's rating: 1043 &rarr; <strong>1025</strong><br />(-18 for losing)\n|raw|flaabs cgv's rating: 1001 &rarr; <strong>1046</strong><br />(+45 for winning)\n|l|\u2606treebae\n|player|p1|\n",
  "uploadtime": 1776505224,
  "views": 54,
  "formatid": "gen9championsvgc2026regma",
  "rating": 1025,
  "private": 0,
  "password": null
}