{
  "id": "gen9championsvgc2026regma-2588192495",
  "format": "[Gen 9 Champions] VGC 2026 Reg M-A",
  "players": [
    "RaiNotGodIV",
    "ImIkki"
  ],
  "log": "|j|\u2606RaiNotGodIV\n|j|\u2606ImIkki\n|t:|1776613125\n|gametype|doubles\n|player|p1|RaiNotGodIV|102|\n|player|p2|ImIkki|miku-ghost|\n|gen|9\n|tier|[Gen 9 Champions] VGC 2026 Reg M-A\n|rule|Species Clause: Limit one of each Pok\u00e9mon\n|rule|Item Clause: Limit 1 of each item\n|clearpoke\n|poke|p1|Archaludon, L50, M|\n|poke|p1|Pelipper, L50, F|\n|poke|p1|Basculegion, L50, M|\n|poke|p1|Aggron, L50, F|\n|poke|p1|Incineroar, L50, F|\n|poke|p1|Farigiraf, L50, M|\n|poke|p2|Chandelure, L50, M, shiny|\n|poke|p2|Aerodactyl, L50, M|\n|poke|p2|Sneasler, L50, F|\n|poke|p2|Clefable, L50, F|\n|poke|p2|Milotic, L50, F, shiny|\n|poke|p2|Excadrill, L50, M|\n|teampreview|4\n|\n|t:|1776613168\n|teamsize|p1|4\n|teamsize|p2|4\n|start\n|switch|p1a: Archaludon|Archaludon, L50, M|100/100\n|switch|p1b: Pelipper|Pelipper, L50, F|100/100\n|switch|p2a: WaterSerperior|Milotic, L50, F, shiny|100/100\n|switch|p2b: Mogging|Sneasler, L50, F|100/100\n|-weather|RainDance|[from] ability: Drizzle|[of] p1b: Pelipper\n|turn|1\n|\n|t:|1776613201\n|move|p2b: Mogging|Close Combat|p1a: Archaludon\n|-supereffective|p1a: Archaludon|1\n|-damage|p1a: Archaludon|6/100\n|-unboost|p2b: Mogging|def|1\n|-unboost|p2b: Mogging|spd|1\n|-ability|p1a: Archaludon|Stamina|boost\n|-boost|p1a: Archaludon|def|1\n|-enditem|p2b: Mogging|White Herb\n|-clearnegativeboost|p2b: Mogging|[silent]\n|move|p1a: Archaludon|Electro Shot||[still]\n|-prepare|p1a: Archaludon|Electro Shot\n|-boost|p1a: Archaludon|spa|1\n|-anim|p1a: Archaludon|Electro Shot|p2a: WaterSerperior\n|-supereffective|p2a: WaterSerperior|1\n|-damage|p2a: WaterSerperior|26/100\n|move|p2a: WaterSerperior|Ice Beam|p1a: Archaludon\n|-damage|p1a: Archaludon|0 fnt\n|faint|p1a: Archaludon\n|move|p1b: Pelipper|Tailwind|p1b: Pelipper\n|-sidestart|p1: RaiNotGodIV|move: Tailwind\n|\n|-weather|RainDance|[upkeep]\n|-heal|p2a: WaterSerperior|32/100|[from] item: Leftovers\n|upkeep\n|\n|t:|1776613220\n|switch|p1a: Basculegion|Basculegion, L50, M|100/100\n|turn|2\n|\n|t:|1776613257\n|move|p2a: WaterSerperior|Protect|p2a: WaterSerperior\n|-singleturn|p2a: WaterSerperior|Protect\n|move|p1a: Basculegion|Wave Crash|p2a: WaterSerperior\n|-activate|p2a: WaterSerperior|move: Protect\n|move|p2b: Mogging|Dire Claw|p1b: Pelipper\n|-damage|p1b: Pelipper|68/100\n|move|p1b: Pelipper|Hurricane|p2b: Mogging\n|-supereffective|p2b: Mogging|1\n|-damage|p2b: Mogging|0 fnt\n|faint|p2b: Mogging\n|\n|-weather|RainDance|[upkeep]\n|-heal|p2a: WaterSerperior|38/100|[from] item: Leftovers\n|upkeep\n|\n|t:|1776613285\n|switch|p2b: Mewing|Aerodactyl, L50, M|100/100\n|-ability|p2b: Mewing|Unnerve\n|turn|3\n|\n|t:|1776613309\n|move|p1a: Basculegion|Wave Crash|p2a: WaterSerperior\n|-resisted|p2a: WaterSerperior|1\n|-damage|p2a: WaterSerperior|0 fnt\n|faint|p2a: WaterSerperior\n|-damage|p1a: Basculegion|89/100|[from] Recoil\n|move|p2b: Mewing|Tailwind|p2b: Mewing\n|-sidestart|p2: ImIkki|move: Tailwind\n|move|p1b: Pelipper|Weather Ball|p2b: Mewing\n|-supereffective|p2b: Mewing|1\n|-enditem|p2b: Mewing|Focus Sash\n|-damage|p2b: Mewing|1/100\n|\n|-weather|RainDance|[upkeep]\n|upkeep\n|\n|t:|1776613321\n|switch|p2a: Simon|Excadrill, L50, M|100/100\n|-ability|p2a: Simon|Mold Breaker\n|turn|4\n|\n|t:|1776613343\n|move|p1b: Pelipper|Wide Guard|p1b: Pelipper\n|-singleturn|p1b: Pelipper|Wide Guard\n|move|p1a: Basculegion|Aqua Jet|p2a: Simon\n|-supereffective|p2a: Simon|1\n|-damage|p2a: Simon|0 fnt\n|faint|p2a: Simon\n|move|p2b: Mewing|Rock Slide|p1a: Basculegion|[spread] \n|-activate|p1a: Basculegion|move: Wide Guard\n|-activate|p1b: Pelipper|move: Wide Guard\n|\n|-weather|RainDance|[upkeep]\n|-sideend|p1: RaiNotGodIV|move: Tailwind\n|upkeep\n|turn|5\n|c|\u2606RaiNotGodIV|Hi, it's your auntie.\n|\n|t:|1776613380\n|switch|p1b: Incineroar|Incineroar, L50, F|100/100\n|-ability|p1b: Incineroar|Intimidate|boost\n|-unboost|p2b: Mewing|atk|1\n|move|p1a: Basculegion|Aqua Jet|p2b: Mewing\n|-supereffective|p2b: Mewing|1\n|-damage|p2b: Mewing|0 fnt\n|faint|p2b: Mewing\n|\n|win|RaiNotGodIV\n|c|\u2606ImIkki|wow\n|l|\u2606ImIkki\n|player|p2|\n",
  "uploadtime": 1776613422,
  "views": 21,
  "formatid": "gen9championsvgc2026regma",
  "rating": null,
  "private": 0,
  "password": null
}