{
  "id": "gen9championsvgc2026regma-2584081253",
  "format": "[Gen 9 Champions] VGC 2026 Reg M-A",
  "players": [
    "CzeckUp",
    "LaserDedenee"
  ],
  "log": "|j|\u2606CzeckUp\n|j|\u2606LaserDedenee\n|t:|1776223195\n|gametype|doubles\n|player|p1|CzeckUp|101|1201\n|player|p2|LaserDedenee|266|1234\n|gen|9\n|tier|[Gen 9 Champions] VGC 2026 Reg M-A\n|rated|\n|rule|Species Clause: Limit one of each Pok\u00e9mon\n|rule|Item Clause: Limit 1 of each item\n|clearpoke\n|poke|p1|Aerodactyl, L50, M|\n|poke|p1|Sinistcha, L50|\n|poke|p1|Sneasler, L50, F|\n|poke|p1|Kingambit, L50, M|\n|poke|p1|Zoroark-Hisui, L50, M|\n|poke|p1|Drampa, L50, M|\n|poke|p2|Glimmora, L50, M|\n|poke|p2|Corviknight, L50, M|\n|poke|p2|Incineroar, L50, F|\n|poke|p2|Ninetales-Alola, L50, M|\n|poke|p2|Kommo-o, L50, F|\n|poke|p2|Rotom-Wash, L50|\n|teampreview|4\n|\n|t:|1776223244\n|teamsize|p1|4\n|teamsize|p2|4\n|start\n|switch|p1a: Kingambit|Kingambit, L50, M, shiny|100/100\n|switch|p1b: Sinistcha|Sinistcha, L50, shiny|100/100\n|switch|p2a: Rotom|Rotom-Wash, L50|100/100\n|switch|p2b: Ninetales|Ninetales-Alola, L50, M|100/100\n|-weather|Snowscape|[from] ability: Snow Warning|[of] p2b: Ninetales\n|turn|1\n|inactive|Battle timer is ON: inactive players will automatically lose when time's up. (requested by LaserDedenee)\n|\n|t:|1776223264\n|move|p2a: Rotom|Volt Switch|p1a: Kingambit\n|-damage|p1a: Kingambit|71/100\n|\n|t:|1776223267\n|switch|p2a: Kommo-o|Kommo-o, L50, F|100/100|[from] Volt Switch\n|move|p2b: Ninetales|Blizzard|p1b: Sinistcha|[spread] p1a,p1b\n|-resisted|p1a: Kingambit|1\n|-supereffective|p1b: Sinistcha|1\n|-damage|p1a: Kingambit|57/100\n|-damage|p1b: Sinistcha|30/100\n|-enditem|p1b: Sinistcha|Sitrus Berry|[eat]\n|-heal|p1b: Sinistcha|54/100|[from] item: Sitrus Berry\n|move|p1a: Kingambit|Iron Head|p2b: Ninetales\n|-supereffective|p2b: Ninetales|2\n|-enditem|p2b: Ninetales|Focus Sash\n|-damage|p2b: Ninetales|1/100\n|move|p1b: Sinistcha|Trick Room|p1b: Sinistcha\n|-fieldstart|move: Trick Room|[of] p1b: Sinistcha\n|\n|-weather|Snowscape|[upkeep]\n|upkeep\n|turn|2\n|inactive|CzeckUp has 30 seconds left.\n|inactive|LaserDedenee has 30 seconds left.\n|\n|t:|1776223298\n|switch|p2b: Glimmora|Glimmora, L50, M|100/100\n|move|p2a: Kommo-o|Vacuum Wave|p1a: Kingambit\n|-supereffective|p1a: Kingambit|2\n|-damage|p1a: Kingambit|0 fnt\n|faint|p1a: Kingambit\n|move|p1b: Sinistcha|Life Dew|p1b: Sinistcha\n|-heal|p1b: Sinistcha|80/100\n|\n|-weather|Snowscape|[upkeep]\n|upkeep\n|\n|t:|1776223314\n|switch|p1a: Sneasler|Sneasler, L50, F, shiny|100/100\n|turn|3\n|\n|t:|1776223339\n|detailschange|p2b: Glimmora|Glimmora-Mega, L50, M\n|-mega|p2b: Glimmora|Glimmora|Glimmoranite\n|move|p1a: Sneasler|Fake Out|p2a: Kommo-o\n|-damage|p2a: Kommo-o|83/100\n|-status|p2a: Kommo-o|psn|[from] ability: Poison Touch|[of] p1a: Sneasler\n|move|p1b: Sinistcha|Shadow Ball|p2a: Kommo-o\n|-damage|p2a: Kommo-o|36/100 psn\n|cant|p2a: Kommo-o|flinch\n|move|p2b: Glimmora|Earth Power|p1a: Sneasler\n|-supereffective|p1a: Sneasler|1\n|-damage|p1a: Sneasler|19/100\n|\n|-weather|Snowscape|[upkeep]\n|-heal|p2a: Kommo-o|42/100 psn|[from] item: Leftovers\n|-damage|p2a: Kommo-o|29/100 psn|[from] psn\n|upkeep\n|turn|4\n|inactive|CzeckUp has 30 seconds left.\n|inactive|LaserDedenee has 30 seconds left.\n|inactive|LaserDedenee has 20 seconds left.\n|\n|t:|1776223374\n|move|p2a: Kommo-o|Vacuum Wave|p1a: Sneasler\n|-resisted|p1a: Sneasler|1\n|-damage|p1a: Sneasler|8/100\n|move|p1b: Sinistcha|Matcha Gotcha|p2a: Kommo-o|[spread] p2a,p2b\n|-resisted|p2a: Kommo-o|1\n|-damage|p2a: Kommo-o|12/100 psn\n|-heal|p1b: Sinistcha|88/100|[from] drain|[of] p2a: Kommo-o\n|-damage|p2b: Glimmora|63/100\n|-heal|p1b: Sinistcha|100/100|[from] drain|[of] p2b: Glimmora\n|-status|p2b: Glimmora|brn\n|move|p1a: Sneasler|Close Combat|p2b: Glimmora\n|-damage|p2b: Glimmora|0 fnt\n|-unboost|p1a: Sneasler|def|1\n|-unboost|p1a: Sneasler|spd|1\n|faint|p2b: Glimmora\n|\n|-weather|Snowscape|[upkeep]\n|-heal|p2a: Kommo-o|18/100 psn|[from] item: Leftovers\n|-damage|p2a: Kommo-o|5/100 psn|[from] psn\n|upkeep\n|\n|t:|1776223393\n|switch|p2b: Ninetales|Ninetales-Alola, L50, M|1/100\n|turn|5\n|\n|t:|1776223408\n|move|p1a: Sneasler|Protect|p1a: Sneasler\n|-singleturn|p1a: Sneasler|Protect\n|move|p2b: Ninetales|Protect|p2b: Ninetales\n|-singleturn|p2b: Ninetales|Protect\n|move|p2a: Kommo-o|Vacuum Wave|p1a: Sneasler\n|-activate|p1a: Sneasler|move: Protect\n|move|p1b: Sinistcha|Matcha Gotcha|p2a: Kommo-o|[spread] p2a\n|-activate|p2b: Ninetales|move: Protect\n|-resisted|p2a: Kommo-o|1\n|-damage|p2a: Kommo-o|0 fnt\n|faint|p2a: Kommo-o\n|\n|-weather|none\n|-fieldend|move: Trick Room\n|upkeep\n|\n|t:|1776223411\n|switch|p2a: Rotom|Rotom-Wash, L50|100/100\n|turn|6\n|inactive|CzeckUp has 30 seconds left.\n|\n|t:|1776223440\n|move|p2a: Rotom|Hydro Pump|p1a: Sneasler\n|-damage|p1a: Sneasler|0 fnt\n|faint|p1a: Sneasler\n|move|p2b: Ninetales|Blizzard|p1b: Sinistcha\n|-supereffective|p1b: Sinistcha|1\n|-damage|p1b: Sinistcha|15/100\n|move|p1b: Sinistcha|Trick Room|p1b: Sinistcha\n|-fieldstart|move: Trick Room|[of] p1b: Sinistcha\n|\n|upkeep\n|\n|t:|1776223448\n|switch|p1a: Drampa|Drampa, L50, M, shiny|100/100\n|turn|7\n|\n|t:|1776223459\n|detailschange|p1a: Drampa|Drampa-Mega, L50, M, shiny\n|-mega|p1a: Drampa|Drampa|Drampanite\n|move|p1a: Drampa|Heat Wave|p2b: Ninetales|[spread] p2a,p2b\n|-resisted|p2a: Rotom|1\n|-supereffective|p2b: Ninetales|1\n|-damage|p2a: Rotom|81/100\n|-damage|p2b: Ninetales|0 fnt\n|faint|p2b: Ninetales\n|move|p1b: Sinistcha|Matcha Gotcha|p2a: Rotom\n|-supereffective|p2a: Rotom|1\n|-damage|p2a: Rotom|0 fnt\n|-heal|p1b: Sinistcha|45/100|[from] drain|[of] p2a: Rotom\n|faint|p2a: Rotom\n|\n|win|CzeckUp\n|raw|CzeckUp's rating: 1201 &rarr; <strong>1228</strong><br />(+27 for winning)\n|raw|LaserDedenee's rating: 1234 &rarr; <strong>1207</strong><br />(-27 for losing)\n",
  "uploadtime": 1776223465,
  "views": 26,
  "formatid": "gen9championsvgc2026regma",
  "rating": 1207,
  "private": 0,
  "password": null
}