{
  "id": "gen9championsvgc2026regma-2583438159",
  "format": "[Gen 9 Champions] VGC 2026 Reg M-A",
  "players": [
    "huttenboer08",
    "The Red Lynx"
  ],
  "log": "|j|\u2606huttenboer08\n|j|\u2606The Red Lynx\n|t:|1776175661\n|gametype|doubles\n|player|p1|huttenboer08|2|1076\n|player|p2|The Red Lynx|n|1033\n|gen|9\n|tier|[Gen 9 Champions] VGC 2026 Reg M-A\n|rated|\n|rule|Species Clause: Limit one of each Pok\u00e9mon\n|rule|Item Clause: Limit 1 of each item\n|clearpoke\n|poke|p1|Oranguru, L50, F|\n|poke|p1|Torkoal, L50, F|\n|poke|p1|Rotom-Wash, L50|\n|poke|p1|Sableye, L50, M|\n|poke|p1|Drampa, L50, M|\n|poke|p1|Sinistcha-Masterpiece, L50|\n|poke|p2|Pelipper, L50, M|\n|poke|p2|Archaludon, L50, M|\n|poke|p2|Basculegion, L50, M|\n|poke|p2|Sylveon, L50, M|\n|poke|p2|Greninja-*, L50, M|\n|poke|p2|Blastoise, L50, F|\n|teampreview|4\n|\n|t:|1776175688\n|teamsize|p1|4\n|teamsize|p2|4\n|start\n|switch|p1a: Oranguru|Oranguru, L50, F, shiny|100/100\n|switch|p1b: Sinistcha|Sinistcha-Masterpiece, L50|100/100\n|switch|p2a: Archaludon|Archaludon, L50, M|100/100\n|switch|p2b: ~Ricszy|Sylveon, L50, M|100/100\n|turn|1\n|\n|t:|1776175714\n|move|p1a: Oranguru|Protect|p1a: Oranguru\n|-singleturn|p1a: Oranguru|Protect\n|move|p2a: Archaludon|Dragon Pulse|p1a: Oranguru\n|-activate|p1a: Oranguru|move: Protect\n|move|p2b: ~Ricszy|Yawn|p1b: Sinistcha\n|-start|p1b: Sinistcha|move: Yawn|[of] p2b: ~Ricszy\n|move|p1b: Sinistcha|Trick Room|p1b: Sinistcha\n|-fieldstart|move: Trick Room|[of] p1b: Sinistcha\n|\n|upkeep\n|turn|2\n|inactive|Battle timer is ON: inactive players will automatically lose when time's up. (requested by The Red Lynx)\n|\n|t:|1776175758\n|switch|p1b: Drampa|Drampa, L50, M, shiny|100/100\n|-ability|p1b: Drampa|Cloud Nine\n|move|p1a: Oranguru|Psychic|p2b: ~Ricszy\n|-damage|p2b: ~Ricszy|78/100\n|move|p2b: ~Ricszy|Yawn|p1a: Oranguru\n|-start|p1a: Oranguru|move: Yawn|[of] p2b: ~Ricszy\n|move|p2a: Archaludon|Dragon Pulse|p1a: Oranguru\n|-damage|p1a: Oranguru|70/100\n|\n|-heal|p2b: ~Ricszy|84/100|[from] item: Leftovers\n|upkeep\n|turn|3\n|\n|t:|1776175783\n|move|p1b: Drampa|Heat Wave|p2a: Archaludon|[spread] p2a,p2b\n|-damage|p2a: Archaludon|64/100\n|-damage|p2b: ~Ricszy|64/100\n|-ability|p2a: Archaludon|Stamina|boost\n|-boost|p2a: Archaludon|def|1\n|move|p1a: Oranguru|Instruct|p1b: Drampa\n|-singleturn|p1b: Drampa|move: Instruct|[of] p1a: Oranguru\n|move|p1b: Drampa|Heat Wave|p2a: Archaludon|[spread] p2a\n|-miss|p1b: Drampa|p2b: ~Ricszy\n|-damage|p2a: Archaludon|27/100\n|-ability|p2a: Archaludon|Stamina|boost\n|-boost|p2a: Archaludon|def|1\n|-enditem|p2a: Archaludon|Sitrus Berry|[eat]\n|-heal|p2a: Archaludon|52/100|[from] item: Sitrus Berry\n|move|p2b: ~Ricszy|Hyper Voice|p1b: Drampa|[spread] p1a,p1b\n|-supereffective|p1b: Drampa|1\n|-damage|p1a: Oranguru|43/100\n|-damage|p1b: Drampa|32/100\n|move|p2a: Archaludon|Dragon Pulse|p1b: Drampa\n|-supereffective|p1b: Drampa|1\n|-damage|p1b: Drampa|0 fnt\n|faint|p1b: Drampa\n|\n|-heal|p2b: ~Ricszy|70/100|[from] item: Leftovers\n|-end|p1a: Oranguru|move: Yawn|[silent]\n|-status|p1a: Oranguru|slp\n|upkeep\n|inactive|huttenboer08 has 30 seconds left.\n|\n|t:|1776175811\n|switch|p1b: Rotom|Rotom-Wash, L50|100/100\n|turn|4\n|\n|t:|1776175830\n|cant|p1a: Oranguru|slp\n|move|p2b: ~Ricszy|Yawn|p1b: Rotom\n|-start|p1b: Rotom|move: Yawn|[of] p2b: ~Ricszy\n|move|p1b: Rotom|Will-O-Wisp|p2a: Archaludon\n|-status|p2a: Archaludon|brn\n|move|p2a: Archaludon|Dragon Pulse|p1b: Rotom\n|-damage|p1b: Rotom|60/100\n|\n|-heal|p2b: ~Ricszy|76/100|[from] item: Leftovers\n|-damage|p2a: Archaludon|46/100 brn|[from] brn\n|upkeep\n|turn|5\n|-message|huttenboer08 forfeited.\n|\n|win|The Red Lynx\n|raw|huttenboer08's rating: 1076 &rarr; <strong>1052</strong><br />(-24 for losing)\n|raw|The Red Lynx's rating: 1033 &rarr; <strong>1072</strong><br />(+39 for winning)\n|l|\u2606huttenboer08\n|player|p1|\n",
  "uploadtime": 1776175846,
  "views": 15,
  "formatid": "gen9championsvgc2026regma",
  "rating": 1052,
  "private": 0,
  "password": null
}