{
  "id": "gen9championsvgc2026regma-2588566717",
  "format": "[Gen 9 Champions] VGC 2026 Reg M-A",
  "players": [
    "Gengpachorra",
    "lun4rspace"
  ],
  "log": "|j|\u2606Gengpachorra\n|j|\u2606lun4rspace\n|t:|1776645648\n|gametype|doubles\n|player|p1|Gengpachorra|shadowtriad|1091\n|player|p2|lun4rspace|266|1129\n|gen|9\n|tier|[Gen 9 Champions] VGC 2026 Reg M-A\n|rated|\n|rule|Species Clause: Limit one of each Pok\u00e9mon\n|rule|Item Clause: Limit 1 of each item\n|clearpoke\n|poke|p1|Ampharos, L50, F|\n|poke|p1|Umbreon, L50, F, shiny|\n|poke|p1|Froslass, L50, F|\n|poke|p1|Milotic, L50, F|\n|poke|p1|Serperior, L50, F|\n|poke|p1|Ceruledge, L50, F|\n|poke|p2|Aerodactyl, L50, M|\n|poke|p2|Basculegion, L50, M|\n|poke|p2|Kommo-o, L50, M|\n|poke|p2|Scizor, L50, M|\n|poke|p2|Scovillain, L50, F|\n|poke|p2|Sneasler, L50, M|\n|teampreview|4\n|\n|t:|1776645677\n|teamsize|p1|4\n|teamsize|p2|4\n|start\n|switch|p1a: Froslass|Froslass, L50, F|100/100\n|switch|p1b: Serperior|Serperior, L50, F|100/100\n|switch|p2a: Kommo-o|Kommo-o, L50, M|100/100\n|switch|p2b: Scovillain|Scovillain, L50, F|100/100\n|turn|1\n|\n|t:|1776645703\n|detailschange|p2b: Scovillain|Scovillain-Mega, L50, F\n|-mega|p2b: Scovillain|Scovillain|Scovillainite\n|move|p1a: Froslass|Snowscape|p1a: Froslass\n|-weather|Snowscape\n|move|p1b: Serperior|Grassy Terrain|p1b: Serperior\n|-fieldstart|move: Grassy Terrain\n|move|p2a: Kommo-o|Clangorous Soul|p2a: Kommo-o\n|-boost|p2a: Kommo-o|atk|1\n|-boost|p2a: Kommo-o|def|1\n|-boost|p2a: Kommo-o|spa|1\n|-boost|p2a: Kommo-o|spd|1\n|-boost|p2a: Kommo-o|spe|1\n|-damage|p2a: Kommo-o|68/100\n|move|p2b: Scovillain|Flamethrower|p1b: Serperior\n|-supereffective|p1b: Serperior|1\n|-damage|p1b: Serperior|10/100\n|-enditem|p1b: Serperior|Sitrus Berry|[eat]\n|-heal|p1b: Serperior|35/100|[from] item: Sitrus Berry\n|\n|-weather|Snowscape|[upkeep]\n|-heal|p2a: Kommo-o|74/100|[from] Grassy Terrain\n|-heal|p2a: Kommo-o|79/100|[from] item: Leftovers\n|-heal|p1b: Serperior|41/100|[from] Grassy Terrain\n|upkeep\n|turn|2\n|\n|t:|1776645741\n|move|p2a: Kommo-o|Clanging Scales|p1a: Froslass|[spread] p1a,p1b\n|-damage|p1a: Froslass|34/100\n|-damage|p1b: Serperior|0 fnt\n|faint|p1b: Serperior\n|-unboost|p2a: Kommo-o|def|1\n|move|p1a: Froslass|Aurora Veil|p1a: Froslass\n|-sidestart|p1: Gengpachorra|move: Aurora Veil\n|move|p2b: Scovillain|Flamethrower|p1a: Froslass\n|-supereffective|p1a: Froslass|1\n|-damage|p1a: Froslass|0 fnt\n|faint|p1a: Froslass\n|\n|-weather|Snowscape|[upkeep]\n|-heal|p2a: Kommo-o|85/100|[from] Grassy Terrain\n|-heal|p2a: Kommo-o|91/100|[from] item: Leftovers\n|upkeep\n|\n|t:|1776645758\n|switch|p1a: Ceruledge|Ceruledge, L50, F|100/100\n|switch|p1b: Milotic|Milotic, L50, F|100/100\n|turn|3\n|\n|t:|1776645784\n|switch|p2a: Sneasler|Sneasler, L50, M|100/100\n|move|p1a: Ceruledge|Swords Dance|p1a: Ceruledge\n|-boost|p1a: Ceruledge|atk|2\n|move|p1b: Milotic|Haze|p1b: Milotic\n|-clearallboost\n|move|p2b: Scovillain|Leaf Storm|p1b: Milotic\n|-supereffective|p1b: Milotic|1\n|-crit|p1b: Milotic\n|-damage|p1b: Milotic|0 fnt\n|-unboost|p2b: Scovillain|spa|2\n|faint|p1b: Milotic\n|\n|-weather|Snowscape|[upkeep]\n|upkeep\n|turn|4\n|\n|t:|1776645811\n|move|p2b: Scovillain|Rage Powder|p2b: Scovillain\n|-singleturn|p2b: Scovillain|move: Rage Powder\n|move|p2a: Sneasler|Dire Claw|p1a: Ceruledge\n|-resisted|p1a: Ceruledge|1\n|-damage|p1a: Ceruledge|85/100\n|move|p1a: Ceruledge|Poltergeist|p2b: Scovillain\n|-activate|p2b: Scovillain|move: Poltergeist|Scovillainite\n|-damage|p2b: Scovillain|43/100\n|-immune|p1a: Ceruledge\n|\n|-weather|Snowscape|[upkeep]\n|-heal|p1a: Ceruledge|91/100|[from] Grassy Terrain\n|-heal|p2b: Scovillain|49/100|[from] Grassy Terrain\n|upkeep\n|turn|5\n|\n|t:|1776645836\n|switch|p2b: Kommo-o|Kommo-o, L50, M|91/100\n|move|p2a: Sneasler|Dire Claw|p1a: Ceruledge\n|-resisted|p1a: Ceruledge|1\n|-damage|p1a: Ceruledge|75/100\n|move|p1a: Ceruledge|Iron Head|p2a: Sneasler\n|-damage|p2a: Sneasler|50/100\n|\n|-weather|none\n|-heal|p2a: Sneasler|56/100|[from] Grassy Terrain\n|-heal|p2b: Kommo-o|97/100|[from] Grassy Terrain\n|-heal|p2b: Kommo-o|100/100|[from] item: Leftovers\n|-heal|p1a: Ceruledge|81/100|[from] Grassy Terrain\n|-fieldend|move: Grassy Terrain\n|upkeep\n|turn|6\n|\n|t:|1776645860\n|move|p2a: Sneasler|Dire Claw|p1a: Ceruledge\n|-resisted|p1a: Ceruledge|1\n|-damage|p1a: Ceruledge|66/100\n|move|p2b: Kommo-o|Clangorous Soul|p2b: Kommo-o\n|-boost|p2b: Kommo-o|atk|1\n|-boost|p2b: Kommo-o|def|1\n|-boost|p2b: Kommo-o|spa|1\n|-boost|p2b: Kommo-o|spd|1\n|-boost|p2b: Kommo-o|spe|1\n|-damage|p2b: Kommo-o|68/100\n|move|p1a: Ceruledge|Swords Dance|p1a: Ceruledge\n|-boost|p1a: Ceruledge|atk|2\n|\n|-heal|p2b: Kommo-o|74/100|[from] item: Leftovers\n|-sideend|p1: Gengpachorra|move: Aurora Veil\n|upkeep\n|turn|7\n|\n|t:|1776645888\n|move|p2b: Kommo-o|Clanging Scales|p1a: Ceruledge\n|-damage|p1a: Ceruledge|0 fnt\n|faint|p1a: Ceruledge\n|\n|win|lun4rspace\n|raw|Gengpachorra's rating: 1091 &rarr; <strong>1070</strong><br />(-21 for losing)\n|raw|lun4rspace's rating: 1129 &rarr; <strong>1151</strong><br />(+22 for winning)\n",
  "uploadtime": 1776645888,
  "views": 10,
  "formatid": "gen9championsvgc2026regma",
  "rating": 1070,
  "private": 0,
  "password": null
}