{
  "id": "gen9championsvgc2026regma-2588925132",
  "format": "[Gen 9 Champions] VGC 2026 Reg M-A",
  "players": [
    "txkin0",
    "qingyunyunyun"
  ],
  "log": "|j|\u2606txkin0\n|j|\u2606qingyunyunyun\n|t:|1776686445\n|gametype|doubles\n|player|p1|txkin0|n|1146\n|player|p2|qingyunyunyun|1|1208\n|gen|9\n|tier|[Gen 9 Champions] VGC 2026 Reg M-A\n|rated|\n|rule|Species Clause: Limit one of each Pok\u00e9mon\n|rule|Item Clause: Limit 1 of each item\n|clearpoke\n|poke|p1|Charizard, L50, M|\n|poke|p1|Milotic, L50, F|\n|poke|p1|Aegislash, L50, M|\n|poke|p1|Sneasler, L50, M|\n|poke|p1|Aerodactyl, L50, M|\n|poke|p1|Sylveon, L50, F, shiny|\n|poke|p2|Whimsicott, L50, M|\n|poke|p2|Floette-Eternal, L50, F|\n|poke|p2|Sinistcha-Masterpiece, L50|\n|poke|p2|Basculegion, L50, M|\n|poke|p2|Sneasler, L50, M|\n|poke|p2|Meowscarada, L50, F|\n|teampreview|4\n|inactive|Battle timer is ON: inactive players will automatically lose when time's up. (requested by qingyunyunyun)\n|\n|t:|1776686471\n|teamsize|p1|4\n|teamsize|p2|4\n|start\n|switch|p1a: Charizard|Charizard, L50, M|100/100\n|switch|p1b: Aerodactyl|Aerodactyl, L50, M|100/100\n|switch|p2a: Whimsicott|Whimsicott, L50, M|100/100\n|switch|p2b: Basculegion|Basculegion, L50, M|100/100\n|-ability|p1b: Aerodactyl|Unnerve\n|turn|1\n|\n|t:|1776686485\n|detailschange|p1a: Charizard|Charizard-Mega-X, L50, M\n|-mega|p1a: Charizard|Charizard|Charizardite X\n|move|p2a: Whimsicott|Tailwind|p2a: Whimsicott\n|-sidestart|p2: qingyunyunyun|move: Tailwind\n|move|p2b: Basculegion|Wave Crash|p1a: Charizard\n|-damage|p1a: Charizard|33/100\n|-damage|p2b: Basculegion|80/100|[from] Recoil\n|move|p1b: Aerodactyl|Tailwind|p1b: Aerodactyl\n|-sidestart|p1: txkin0|move: Tailwind\n|move|p1a: Charizard|Dragon Dance|p1a: Charizard\n|-boost|p1a: Charizard|atk|1\n|-boost|p1a: Charizard|spe|1\n|\n|upkeep\n|turn|2\n|\n|t:|1776686503\n|move|p2a: Whimsicott|Encore|p1b: Aerodactyl\n|-start|p1b: Aerodactyl|Encore\n|move|p1a: Charizard|Dragon Claw|p2b: Basculegion\n|-crit|p2b: Basculegion\n|-damage|p2b: Basculegion|0 fnt\n|faint|p2b: Basculegion\n|move|p1b: Aerodactyl|Tailwind||[still]\n|-fail|p1b: Aerodactyl\n|\n|upkeep\n|\n|t:|1776686511\n|switch|p2b: Floette|Floette-Eternal, L50, F|100/100\n|turn|3\n|\n|t:|1776686519\n|switch|p1b: Sneasler|Sneasler, L50, M|100/100\n|detailschange|p2b: Floette|Floette-Mega, L50, F\n|-mega|p2b: Floette|Floette|Floettite\n|-ability|p2b: Floette|Fairy Aura\n|move|p2a: Whimsicott|Encore|p1a: Charizard\n|-start|p1a: Charizard|Encore\n|move|p1a: Charizard|Dragon Claw|p2b: Floette\n|-immune|p2b: Floette\n|move|p2b: Floette|Calm Mind|p2b: Floette\n|-boost|p2b: Floette|spa|1\n|-boost|p2b: Floette|spd|1\n|\n|upkeep\n|turn|4\n|\n|t:|1776686537\n|move|p1a: Charizard|Dragon Claw|p2a: Whimsicott\n|-immune|p2a: Whimsicott\n|move|p1b: Sneasler|Dire Claw|p2b: Floette\n|-supereffective|p2b: Floette|1\n|-damage|p2b: Floette|31/100\n|-status|p2b: Floette|slp\n|move|p2a: Whimsicott|Moonblast|p1b: Sneasler\n|-damage|p1b: Sneasler|41/100\n|cant|p2b: Floette|slp\n|\n|-sideend|p2: qingyunyunyun|move: Tailwind\n|-sideend|p1: txkin0|move: Tailwind\n|upkeep\n|turn|5\n|inactive|qingyunyunyun has 30 seconds left.\n|l|\u2606qingyunyunyun\n|inactive|qingyunyunyun disconnected and has a minute to reconnect!\n|player|p2|\n|inactive|qingyunyunyun has 20 seconds left.\n|j|\u2606qingyunyunyun\n|inactive|qingyunyunyun reconnected and has 20 seconds left.\n|player|p2|qingyunyunyun|1|\n|inactive|qingyunyunyun has 15 seconds left.\n|inactive|qingyunyunyun has 10 seconds left.\n|\n|t:|1776686586\n|switch|p1a: Aerodactyl|Aerodactyl, L50, M|100/100\n|-ability|p1a: Aerodactyl|Unnerve\n|cant|p2b: Floette|slp\n|move|p1b: Sneasler|Dire Claw|p2b: Floette\n|-supereffective|p2b: Floette|1\n|-crit|p2b: Floette\n|-damage|p2b: Floette|0 fnt\n|faint|p2b: Floette\n|move|p2a: Whimsicott|Moonblast|p1b: Sneasler\n|-damage|p1b: Sneasler|0 fnt\n|faint|p1b: Sneasler\n|\n|upkeep\n|\n|t:|1776686603\n|switch|p1b: Sylveon|Sylveon, L50, F, shiny|100/100\n|switch|p2b: Meowscarada|Meowscarada, L50, F|100/100\n|turn|6\n|\n|t:|1776686615\n|move|p2b: Meowscarada|Triple Axel|p1a: Aerodactyl\n|-start|p2b: Meowscarada|typechange|Ice|[from] ability: Protean\n|-supereffective|p1a: Aerodactyl|1\n|-damage|p1a: Aerodactyl|62/100\n|-supereffective|p1a: Aerodactyl|1\n|-damage|p1a: Aerodactyl|0 fnt\n|faint|p1a: Aerodactyl\n|-hitcount|p1: Aerodactyl|2\n|move|p2a: Whimsicott|Moonblast|p1b: Sylveon\n|-damage|p1b: Sylveon|75/100\n|move|p1b: Sylveon|Hyper Beam|p2b: Meowscarada\n|-damage|p2b: Meowscarada|0 fnt\n|-mustrecharge|p1b: Sylveon\n|faint|p2b: Meowscarada\n|\n|upkeep\n|\n|t:|1776686632\n|switch|p1a: Charizard|Charizard-Mega-X, L50, M|33/100\n|turn|7\n|\n|t:|1776686636\n|move|p2a: Whimsicott|Moonblast|p1a: Charizard\n|-damage|p1a: Charizard|0 fnt\n|faint|p1a: Charizard\n|cant|p1b: Sylveon|recharge\n|\n|upkeep\n|turn|8\n|\n|t:|1776686654\n|move|p2a: Whimsicott|Protect|p2a: Whimsicott\n|-singleturn|p2a: Whimsicott|Protect\n|move|p1b: Sylveon|Hyper Beam|p2a: Whimsicott\n|-activate|p2a: Whimsicott|move: Protect\n|\n|upkeep\n|turn|9\n|\n|t:|1776686662\n|move|p2a: Whimsicott|Moonblast|p1b: Sylveon\n|-damage|p1b: Sylveon|49/100\n|move|p1b: Sylveon|Hyper Beam|p2a: Whimsicott\n|-enditem|p2a: Whimsicott|Focus Sash\n|-damage|p2a: Whimsicott|1/100\n|-mustrecharge|p1b: Sylveon\n|\n|upkeep\n|turn|10\n|\n|t:|1776686670\n|move|p2a: Whimsicott|Moonblast|p1b: Sylveon\n|-damage|p1b: Sylveon|25/100\n|cant|p1b: Sylveon|recharge\n|\n|upkeep\n|turn|11\n|\n|t:|1776686679\n|move|p2a: Whimsicott|Protect|p2a: Whimsicott\n|-singleturn|p2a: Whimsicott|Protect\n|move|p1b: Sylveon|Quick Attack|p2a: Whimsicott\n|-activate|p2a: Whimsicott|move: Protect\n|\n|upkeep\n|turn|12\n|\n|t:|1776686688\n|move|p1b: Sylveon|Quick Attack|p2a: Whimsicott\n|-damage|p2a: Whimsicott|0 fnt\n|faint|p2a: Whimsicott\n|\n|win|txkin0\n|raw|txkin0's rating: 1146 &rarr; <strong>1175</strong><br />(+29 for winning)\n|raw|qingyunyunyun's rating: 1208 &rarr; <strong>1179</strong><br />(-29 for losing)\n",
  "uploadtime": 1776686702,
  "views": 12,
  "formatid": "gen9championsvgc2026regma",
  "rating": 1175,
  "private": 0,
  "password": null
}