{
  "id": "gen9championsvgc2026regma-2584193401",
  "format": "[Gen 9 Champions] VGC 2026 Reg M-A",
  "players": [
    "vilepo",
    "Sussyman10"
  ],
  "log": "|j|\u2606vilepo\n|j|\u2606Sussyman10\n|t:|1776236592\n|gametype|doubles\n|player|p1|vilepo|giovanni|1095\n|player|p2|Sussyman10|jacinthe|1000\n|gen|9\n|tier|[Gen 9 Champions] VGC 2026 Reg M-A\n|rated|\n|rule|Species Clause: Limit one of each Pok\u00e9mon\n|rule|Item Clause: Limit 1 of each item\n|clearpoke\n|poke|p1|Mimikyu, L50, F|\n|poke|p1|Kangaskhan, L50, F|\n|poke|p1|Slurpuff, L50, F|\n|poke|p1|Tauros-Paldea-Blaze, L50, M|\n|poke|p1|Sinistcha, L50|\n|poke|p1|Aerodactyl, L50, M|\n|poke|p2|Aggron, L50, M|\n|poke|p2|Pelipper, L50, M|\n|poke|p2|Incineroar, L50, M|\n|poke|p2|Sinistcha, L50|\n|poke|p2|Archaludon, L50, F|\n|poke|p2|Primarina, L50, F|\n|teampreview|4\n|inactive|Battle timer is ON: inactive players will automatically lose when time's up. (requested by vilepo)\n|inactive|Sussyman10 also wants the timer to be on.\n|inactive|Sussyman10 has 60 seconds left.\n|\n|t:|1776236626\n|teamsize|p1|4\n|teamsize|p2|4\n|start\n|switch|p1a: Slurpuff|Slurpuff, L50, F, shiny|100/100\n|switch|p1b: Kangaskhan|Kangaskhan, L50, F|100/100\n|switch|p2a: Archaludon|Archaludon, L50, F|100/100\n|switch|p2b: Pelipper|Pelipper, L50, M|100/100\n|-weather|RainDance|[from] ability: Drizzle|[of] p2b: Pelipper\n|turn|1\n|inactive|vilepo has 30 seconds left.\n|\n|t:|1776236653\n|move|p2b: Pelipper|Protect|p2b: Pelipper\n|-singleturn|p2b: Pelipper|Protect\n|move|p1b: Kangaskhan|Fake Out|p2a: Archaludon\n|-resisted|p2a: Archaludon|1\n|-damage|p2a: Archaludon|95/100\n|-ability|p2a: Archaludon|Stamina|boost\n|-boost|p2a: Archaludon|def|1\n|cant|p2a: Archaludon|flinch\n|move|p1a: Slurpuff|Amnesia|p1a: Slurpuff\n|-boost|p1a: Slurpuff|spd|2\n|\n|-weather|RainDance|[upkeep]\n|-heal|p2a: Archaludon|100/100|[from] item: Leftovers\n|upkeep\n|turn|2\n|\n|t:|1776236671\n|detailschange|p1b: Kangaskhan|Kangaskhan-Mega, L50, F\n|-mega|p1b: Kangaskhan|Kangaskhan|Kangaskhanite\n|move|p1b: Kangaskhan|Rock Slide|p2b: Pelipper|[spread] p2a,p2b\n|-resisted|p2a: Archaludon|1\n|-supereffective|p2b: Pelipper|1\n|-damage|p2a: Archaludon|96/100\n|-damage|p2b: Pelipper|74/100\n|-ability|p2a: Archaludon|Stamina|boost\n|-boost|p2a: Archaludon|def|1\n|cant|p2a: Archaludon|flinch\n|move|p1a: Slurpuff|Amnesia|p1a: Slurpuff\n|-boost|p1a: Slurpuff|spd|2\n|move|p2b: Pelipper|Tailwind|p2b: Pelipper\n|-sidestart|p2: Sussyman10|move: Tailwind\n|\n|-weather|RainDance|[upkeep]\n|-heal|p2a: Archaludon|100/100|[from] item: Leftovers\n|upkeep\n|turn|3\n|inactive|vilepo has 30 seconds left.\n|inactive|Sussyman10 has 30 seconds left.\n|\n|t:|1776236704\n|move|p1b: Kangaskhan|Protect|p1b: Kangaskhan\n|-singleturn|p1b: Kangaskhan|Protect\n|move|p2a: Archaludon|Electro Shot||[still]\n|-prepare|p2a: Archaludon|Electro Shot\n|-boost|p2a: Archaludon|spa|1\n|-anim|p2a: Archaludon|Electro Shot|p1b: Kangaskhan\n|-activate|p1b: Kangaskhan|move: Protect\n|move|p2b: Pelipper|Knock Off|p1a: Slurpuff\n|-resisted|p1a: Slurpuff|1\n|-damage|p1a: Slurpuff|93/100\n|-enditem|p1a: Slurpuff|Sitrus Berry|[from] move: Knock Off|[of] p2b: Pelipper\n|move|p1a: Slurpuff|Amnesia|p1a: Slurpuff\n|-boost|p1a: Slurpuff|spd|2\n|\n|-weather|RainDance|[upkeep]\n|upkeep\n|turn|4\n|\n|t:|1776236728\n|move|p2b: Pelipper|Helping Hand|p2a: Archaludon\n|-singleturn|p2a: Archaludon|Helping Hand|[of] p2b: Pelipper\n|move|p2a: Archaludon|Electro Shot||[still]\n|-prepare|p2a: Archaludon|Electro Shot\n|-boost|p2a: Archaludon|spa|1\n|-anim|p2a: Archaludon|Electro Shot|p1b: Kangaskhan\n|-damage|p1b: Kangaskhan|0 fnt\n|faint|p1b: Kangaskhan\n|move|p1a: Slurpuff|Cotton Guard|p1a: Slurpuff\n|-boost|p1a: Slurpuff|def|3\n|\n|-weather|RainDance|[upkeep]\n|upkeep\n|\n|t:|1776236736\n|switch|p1b: Mimikyu|Mimikyu, L50, F|100/100\n|turn|5\n|\n|t:|1776236753\n|move|p2b: Pelipper|Helping Hand|p2a: Archaludon\n|-singleturn|p2a: Archaludon|Helping Hand|[of] p2b: Pelipper\n|move|p2a: Archaludon|Flash Cannon|p1a: Slurpuff\n|-supereffective|p1a: Slurpuff|1\n|-damage|p1a: Slurpuff|25/100\n|move|p1a: Slurpuff|Cotton Guard|p1a: Slurpuff\n|-boost|p1a: Slurpuff|def|3\n|move|p1b: Mimikyu|Psych Up|p1a: Slurpuff\n|-copyboost|p1b: Mimikyu|p1a: Slurpuff|[from] move: Psych Up\n|\n|-weather|none\n|-sideend|p2: Sussyman10|move: Tailwind\n|upkeep\n|turn|6\n|inactive|vilepo has 30 seconds left.\n|inactive|vilepo has 20 seconds left.\n|inactive|vilepo has 15 seconds left.\n|\n|t:|1776236795\n|move|p1a: Slurpuff|Draining Kiss|p2b: Pelipper\n|-damage|p2b: Pelipper|52/100\n|-heal|p1a: Slurpuff|43/100|[from] drain|[of] p2b: Pelipper\n|move|p1b: Mimikyu|Swords Dance|p1b: Mimikyu\n|-boost|p1b: Mimikyu|atk|2\n|move|p2a: Archaludon|Flash Cannon|p1b: Mimikyu\n|-activate|p1b: Mimikyu|ability: Disguise\n|-damage|p1b: Mimikyu|100/100\n|detailschange|p1b: Mimikyu|Mimikyu-Busted, L50, F\n|-damage|p1b: Mimikyu|88/100|[from] pokemon: Mimikyu-Busted\n|move|p2b: Pelipper|Knock Off|p1b: Mimikyu\n|-damage|p1b: Mimikyu|82/100\n|-enditem|p1b: Mimikyu|Leftovers|[from] move: Knock Off|[of] p2b: Pelipper\n|\n|upkeep\n|turn|7\n|\n|t:|1776236818\n|move|p2a: Archaludon|Protect|p2a: Archaludon\n|-singleturn|p2a: Archaludon|Protect\n|move|p1a: Slurpuff|Draining Kiss|p2b: Pelipper\n|-damage|p2b: Pelipper|30/100\n|-heal|p1a: Slurpuff|60/100|[from] drain|[of] p2b: Pelipper\n|move|p1b: Mimikyu|Swords Dance|p1b: Mimikyu\n|-boost|p1b: Mimikyu|atk|2\n|move|p2b: Pelipper|Tailwind|p2b: Pelipper\n|-sidestart|p2: Sussyman10|move: Tailwind\n|\n|upkeep\n|turn|8\n|\n|t:|1776236836\n|move|p1a: Slurpuff|Helping Hand|p1b: Mimikyu\n|-singleturn|p1b: Mimikyu|Helping Hand|[of] p1a: Slurpuff\n|move|p2b: Pelipper|Helping Hand|p2a: Archaludon\n|-singleturn|p2a: Archaludon|Helping Hand|[of] p2b: Pelipper\n|move|p2a: Archaludon|Flash Cannon|p1b: Mimikyu\n|-supereffective|p1b: Mimikyu|1\n|-damage|p1b: Mimikyu|0 fnt\n|faint|p1b: Mimikyu\n|\n|upkeep\n|\n|t:|1776236847\n|switch|p1b: Tauros|Tauros-Paldea-Blaze, L50, M|100/100\n|-ability|p1b: Tauros|Intimidate|boost\n|-unboost|p2a: Archaludon|atk|1\n|-unboost|p2b: Pelipper|atk|1\n|turn|9\n|\n|t:|1776236866\n|switch|p2b: Incineroar|Incineroar, L50, M|100/100\n|-ability|p2b: Incineroar|Intimidate|boost\n|-unboost|p1a: Slurpuff|atk|1\n|-unboost|p1b: Tauros|atk|1\n|move|p2a: Archaludon|Protect|p2a: Archaludon\n|-singleturn|p2a: Archaludon|Protect\n|move|p1a: Slurpuff|Draining Kiss|p2b: Incineroar\n|-damage|p2b: Incineroar|86/100\n|-heal|p1a: Slurpuff|75/100|[from] drain|[of] p2b: Incineroar\n|move|p1b: Tauros|Close Combat|p2a: Archaludon\n|-activate|p2a: Archaludon|move: Protect\n|\n|upkeep\n|turn|10\n|\n|t:|1776236884\n|move|p2b: Incineroar|Fake Out|p1b: Tauros\n|-damage|p1b: Tauros|89/100\n|move|p2a: Archaludon|Flash Cannon|p1a: Slurpuff\n|-supereffective|p1a: Slurpuff|1\n|-crit|p1a: Slurpuff\n|-damage|p1a: Slurpuff|0 fnt\n|faint|p1a: Slurpuff\n|cant|p1b: Tauros|flinch\n|\n|-sideend|p2: Sussyman10|move: Tailwind\n|upkeep\n|turn|11\n|inactive|vilepo has 30 seconds left.\n|\n|t:|1776236914\n|move|p1b: Tauros|Close Combat|p2a: Archaludon\n|-supereffective|p2a: Archaludon|1\n|-damage|p2a: Archaludon|72/100\n|-unboost|p1b: Tauros|def|1\n|-unboost|p1b: Tauros|spd|1\n|-ability|p2a: Archaludon|Stamina|boost\n|-boost|p2a: Archaludon|def|1\n|move|p2b: Incineroar|Parting Shot|p1b: Tauros\n|-unboost|p1b: Tauros|atk|1\n|-unboost|p1b: Tauros|spa|1\n|-message|vilepo forfeited.\n|\n|win|Sussyman10\n|raw|vilepo's rating: 1095 &rarr; <strong>1064</strong><br />(-31 for losing)\n|raw|Sussyman10's rating: 1000 &rarr; <strong>1051</strong><br />(+51 for winning)\n|l|\u2606vilepo\n|player|p1|\n",
  "uploadtime": 1776236928,
  "views": 19,
  "formatid": "gen9championsvgc2026regma",
  "rating": 1051,
  "private": 0,
  "password": null
}