{
  "id": "gen9championsvgc2026regma-2586776029",
  "format": "[Gen 9 Champions] VGC 2026 Reg M-A",
  "players": [
    "ult. big chill",
    "Phillip Blevin"
  ],
  "log": "|j|\u2606ult. big chill\n|j|\u2606Phillip Blevin\n|t:|1776458988\n|gametype|doubles\n|player|p1|ult. big chill|burgh|1326\n|player|p2|Phillip Blevin|cynthia-masters4|1426\n|gen|9\n|tier|[Gen 9 Champions] VGC 2026 Reg M-A\n|rated|\n|rule|Species Clause: Limit one of each Pok\u00e9mon\n|rule|Item Clause: Limit 1 of each item\n|clearpoke\n|poke|p1|Camerupt, L50, M|\n|poke|p1|Farigiraf, L50, F|\n|poke|p1|Primarina, L50, M|\n|poke|p1|Incineroar, L50, M|\n|poke|p1|Drampa, L50, M|\n|poke|p1|Runerigus, L50, M|\n|poke|p2|Froslass, L50, F|\n|poke|p2|Corviknight, L50, M|\n|poke|p2|Gyarados, L50, F|\n|poke|p2|Rotom-Wash, L50|\n|poke|p2|Sneasler, L50, M|\n|poke|p2|Garchomp, L50, F|\n|teampreview|4\n|inactive|Battle timer is ON: inactive players will automatically lose when time's up. (requested by Phillip Blevin)\nPhillip Blevin has agreed to open team sheets.\n|inactive|ult. big chill has 60 seconds left.\n|\n|t:|1776459028\n|teamsize|p1|4\n|teamsize|p2|4\n|start\n|switch|p1a: SandyEggo|Farigiraf, L50, F, shiny|100/100\n|switch|p1b: Molpe|Primarina, L50, M|100/100\n|switch|p2a: Rotom|Rotom-Wash, L50|100/100\n|switch|p2b: Gyarados|Gyarados, L50, F|100/100\n|-ability|p2b: Gyarados|Intimidate|boost\n|-unboost|p1a: SandyEggo|atk|1\n|-unboost|p1b: Molpe|atk|1\n|turn|1\n|\n|t:|1776459047\n|detailschange|p2b: Gyarados|Gyarados-Mega, L50, F\n|-mega|p2b: Gyarados|Gyarados|Gyaradosite\n|-ability|p2b: Gyarados|Mold Breaker\n|move|p2a: Rotom|Hydro Pump|p1a: SandyEggo|[miss]\n|-miss|p2a: Rotom|p1a: SandyEggo\n|move|p2b: Gyarados|Crunch|p1a: SandyEggo\n|-supereffective|p1a: SandyEggo|1\n|-enditem|p1a: SandyEggo|Colbur Berry|[eat]\n|-enditem|p1a: SandyEggo|Colbur Berry|[weaken]\n|-damage|p1a: SandyEggo|52/100\n|move|p1b: Molpe|Dazzling Gleam|p2a: Rotom|[spread] p2a,p2b\n|-supereffective|p2b: Gyarados|1\n|-damage|p2a: Rotom|64/100\n|-damage|p2b: Gyarados|42/100\n|move|p1a: SandyEggo|Trick Room|p1a: SandyEggo\n|-fieldstart|move: Trick Room|[of] p1a: SandyEggo\n|\n|upkeep\n|turn|2\n|\n|t:|1776459067\n|switch|p2b: Corviknight|Corviknight, L50, M|100/100\n|move|p1b: Molpe|Dazzling Gleam|p2a: Rotom|[spread] p2a,p2b\n|-resisted|p2b: Corviknight|1\n|-damage|p2a: Rotom|21/100\n|-damage|p2b: Corviknight|83/100\n|move|p1a: SandyEggo|Hyper Voice|p2a: Rotom|[spread] p2a,p2b\n|-resisted|p2b: Corviknight|1\n|-damage|p2a: Rotom|0 fnt\n|-damage|p2b: Corviknight|70/100\n|faint|p2a: Rotom\n|\n|-heal|p2b: Corviknight|76/100|[from] item: Leftovers\n|upkeep\n|\n|t:|1776459072\n|switch|p2a: Sneasler|Sneasler, L50, M|100/100\n|turn|3\n|\n|t:|1776459086\n|switch|p1a: Pivot Man|Incineroar, L50, M|100/100\n|-ability|p1a: Pivot Man|Intimidate|boost\n|-unboost|p2a: Sneasler|atk|1\n|-ability|p2b: Corviknight|Mirror Armor\n|-unboost|p1a: Pivot Man|atk|1\n|move|p1b: Molpe|Hyper Voice|p2b: Corviknight|[spread] p2a,p2b\n|-damage|p2a: Sneasler|54/100\n|-damage|p2b: Corviknight|41/100\n|move|p2b: Corviknight|Bulk Up|p2b: Corviknight\n|-boost|p2b: Corviknight|atk|1\n|-boost|p2b: Corviknight|def|1\n|move|p2a: Sneasler|Dire Claw|p1b: Molpe\n|-supereffective|p1b: Molpe|1\n|-damage|p1b: Molpe|42/100\n|\n|-heal|p2b: Corviknight|47/100|[from] item: Leftovers\n|upkeep\n|turn|4\n|inactive|ult. big chill has 30 seconds left.\n|\n|t:|1776459117\n|move|p1a: Pivot Man|Flare Blitz|p2b: Corviknight\n|-supereffective|p2b: Corviknight|1\n|-damage|p2b: Corviknight|17/100\n|-damage|p1a: Pivot Man|90/100|[from] Recoil\n|move|p1b: Molpe|Moonblast|p2a: Sneasler\n|-damage|p2a: Sneasler|0 fnt\n|faint|p2a: Sneasler\n|move|p2b: Corviknight|Roost|p2b: Corviknight\n|-heal|p2b: Corviknight|67/100\n|-singleturn|p2b: Corviknight|move: Roost\n|\n|-heal|p2b: Corviknight|73/100|[from] item: Leftovers\n|upkeep\n|\n|t:|1776459122\n|switch|p2a: Gyarados|Gyarados-Mega, L50, F|42/100\n|-ability|p2a: Gyarados|Mold Breaker\n|turn|5\n|\n|t:|1776459139\n|switch|p1a: SandyEggo|Farigiraf, L50, F, shiny|52/100\n|move|p2a: Gyarados|Protect|p2a: Gyarados\n|-singleturn|p2a: Gyarados|Protect\n|move|p1b: Molpe|Hyper Voice|p2b: Corviknight|[spread] p2b\n|-activate|p2a: Gyarados|move: Protect\n|-damage|p2b: Corviknight|40/100\n|move|p2b: Corviknight|Roost|p2b: Corviknight\n|-heal|p2b: Corviknight|90/100\n|-singleturn|p2b: Corviknight|move: Roost\n|\n|-heal|p2b: Corviknight|96/100|[from] item: Leftovers\n|-fieldend|move: Trick Room\n|upkeep\n|turn|6\n|\n|t:|1776459151\n|switch|p1b: Pivot Man|Incineroar, L50, M|90/100\n|-ability|p1b: Pivot Man|Intimidate|boost\n|-unboost|p2a: Gyarados|atk|1\n|-ability|p2b: Corviknight|Mirror Armor\n|-unboost|p1b: Pivot Man|atk|1\n|move|p1a: SandyEggo|Protect|p1a: SandyEggo\n|-singleturn|p1a: SandyEggo|Protect\n|move|p2a: Gyarados|Crunch|p1a: SandyEggo\n|-activate|p1a: SandyEggo|move: Protect\n|move|p2b: Corviknight|Brave Bird|p1b: Pivot Man\n|-damage|p1b: Pivot Man|42/100\n|-damage|p2b: Corviknight|80/100|[from] Recoil\n|\n|-heal|p2b: Corviknight|86/100|[from] item: Leftovers\n|upkeep\n|turn|7\n|\n|t:|1776459165\n|move|p1b: Pivot Man|Fake Out|p2a: Gyarados\n|-damage|p2a: Gyarados|33/100\n|cant|p2a: Gyarados|flinch\n|move|p2b: Corviknight|Brave Bird|p1a: SandyEggo\n|-damage|p1a: SandyEggo|0 fnt\n|faint|p1a: SandyEggo\n|-damage|p2b: Corviknight|67/100|[from] Recoil\n|\n|-heal|p2b: Corviknight|73/100|[from] item: Leftovers\n|upkeep\n|\n|t:|1776459177\n|switch|p1a: Old Man|Drampa, L50, M|100/100\n|-ability|p1a: Old Man|Cloud Nine\n|turn|8\n|\n|t:|1776459183\n|switch|p1b: Molpe|Primarina, L50, M|42/100\n|detailschange|p1a: Old Man|Drampa-Mega, L50, M\n|-mega|p1a: Old Man|Drampa|Drampanite\n|move|p2a: Gyarados|Waterfall|p1b: Molpe\n|-resisted|p1b: Molpe|1\n|-damage|p1b: Molpe|22/100\n|move|p2b: Corviknight|Body Press|p1a: Old Man\n|-supereffective|p1a: Old Man|1\n|-damage|p1a: Old Man|28/100\n|-ability|p1a: Old Man|Berserk|boost\n|-boost|p1a: Old Man|spa|1\n|move|p1a: Old Man|Thunder|p2b: Corviknight\n|-supereffective|p2b: Corviknight|1\n|-damage|p2b: Corviknight|0 fnt\n|faint|p2b: Corviknight\n|\n|upkeep\n|turn|9\n|\n|t:|1776459203\n|switch|p1b: Pivot Man|Incineroar, L50, M|42/100\n|-ability|p1b: Pivot Man|Intimidate|boost\n|-unboost|p2a: Gyarados|atk|1\n|move|p2a: Gyarados|Waterfall|p1b: Pivot Man\n|-supereffective|p1b: Pivot Man|1\n|-enditem|p1b: Pivot Man|Passho Berry|[eat]\n|-enditem|p1b: Pivot Man|Passho Berry|[weaken]\n|-damage|p1b: Pivot Man|19/100\n|move|p1a: Old Man|Hyper Voice|p2a: Gyarados\n|-damage|p2a: Gyarados|0 fnt\n|faint|p2a: Gyarados\n|\n|win|ult. big chill\n|raw|ult. big chill's rating: 1326 &rarr; <strong>1352</strong><br />(+26 for winning)\n|raw|Phillip Blevin's rating: 1426 &rarr; <strong>1400</strong><br />(-26 for losing)\n",
  "uploadtime": 1776459204,
  "views": 43,
  "formatid": "gen9championsvgc2026regma",
  "rating": 1352,
  "private": 0,
  "password": null
}