{
  "id": "gen9championsvgc2026regma-2585066734",
  "format": "[Gen 9 Champions] VGC 2026 Reg M-A",
  "players": [
    "reyherye",
    "lakeandbake"
  ],
  "log": "|j|\u2606reyherye\n|j|\u203dlakeandbake\n|t:|1776308351\n|gametype|doubles\n|player|p1|reyherye|169|1258\n|player|p2|lakeandbake|iono-masters|1191\n|gen|9\n|tier|[Gen 9 Champions] VGC 2026 Reg M-A\n|rated|\n|rule|Species Clause: Limit one of each Pok\u00e9mon\n|rule|Item Clause: Limit 1 of each item\n|clearpoke\n|poke|p1|Garchomp, L50, M|\n|poke|p1|Tyranitar, L50, F|\n|poke|p1|Corviknight, L50, M|\n|poke|p1|Gyarados, L50, F|\n|poke|p1|Sinistcha, L50|\n|poke|p1|Sneasler, L50, F|\n|poke|p2|Drampa, L50, F|\n|poke|p2|Sinistcha, L50|\n|poke|p2|Torkoal, L50, M|\n|poke|p2|Sneasler, L50, F|\n|poke|p2|Incineroar, L50, M|\n|poke|p2|Farigiraf, L50, M|\n|teampreview|4\n|inactive|Battle timer is ON: inactive players will automatically lose when time's up. (requested by reyherye)\n|inactive|reyherye has 60 seconds left.\n|inactive|lakeandbake has 60 seconds left.\n|\n|t:|1776308384\n|teamsize|p1|4\n|teamsize|p2|4\n|start\n|switch|p1a: Tyranitar|Tyranitar, L50, F|100/100\n|switch|p1b: Corviknight|Corviknight, L50, M|100/100\n|switch|p2a: Sneasler|Sneasler, L50, F|100/100\n|switch|p2b: Sinistcha|Sinistcha, L50|100/100\n|-weather|Sandstorm|[from] ability: Sand Stream|[of] p1a: Tyranitar\n|turn|1\n|\n|t:|1776308397\n|switch|p2a: Incineroar|Incineroar, L50, M|100/100\n|-ability|p2a: Incineroar|Intimidate|boost\n|-unboost|p1a: Tyranitar|atk|1\n|-ability|p1b: Corviknight|Mirror Armor\n|-unboost|p2a: Incineroar|atk|1\n|switch|p1a: Gyarados|Gyarados, L50, F|100/100\n|-ability|p1a: Gyarados|Intimidate|boost\n|-unboost|p2a: Incineroar|atk|1\n|-unboost|p2b: Sinistcha|atk|1\n|move|p1b: Corviknight|Iron Head|p2b: Sinistcha\n|-damage|p2b: Sinistcha|77/100\n|move|p2b: Sinistcha|Trick Room|p2b: Sinistcha\n|-fieldstart|move: Trick Room|[of] p2b: Sinistcha\n|\n|-weather|Sandstorm|[upkeep]\n|-damage|p2b: Sinistcha|71/100|[from] Sandstorm\n|-damage|p2a: Incineroar|94/100|[from] Sandstorm\n|-damage|p1a: Gyarados|95/100|[from] Sandstorm\n|upkeep\n|turn|2\n|inactive|reyherye has 30 seconds left.\n|\n|t:|1776308423\n|switch|p1b: Garchomp|Garchomp, L50, M|100/100\n|move|p2b: Sinistcha|Matcha Gotcha|p1b: Garchomp|[spread] p1a,p1b\n|-damage|p1a: Gyarados|78/100\n|-heal|p2b: Sinistcha|80/100|[from] drain|[of] p1a: Gyarados\n|-damage|p1b: Garchomp|73/100\n|-heal|p2b: Sinistcha|95/100|[from] drain|[of] p1b: Garchomp\n|move|p2a: Incineroar|Parting Shot|p1a: Gyarados\n|-unboost|p1a: Gyarados|atk|1\n|-unboost|p1a: Gyarados|spa|1\n|\n|t:|1776308435\n|switch|p2a: Drampa|Drampa, L50, F|100/100|[from] Parting Shot\n|-ability|p2a: Drampa|Cloud Nine\n|move|p1a: Gyarados|Thunder Wave|p2a: Drampa\n|-status|p2a: Drampa|par\n|\n|-weather|Sandstorm|[upkeep]\n|upkeep\n|turn|3\n|\n|t:|1776308449\n|switch|p1a: Corviknight|Corviknight, L50, M|100/100\n|detailschange|p2a: Drampa|Drampa-Mega, L50, F\n|-mega|p2a: Drampa|Drampa|Drampanite\n|move|p1b: Garchomp|Protect|p1b: Garchomp\n|-singleturn|p1b: Garchomp|Protect\n|move|p2a: Drampa|Dragon Pulse|p1b: Garchomp\n|-activate|p1b: Garchomp|move: Protect\n|move|p2b: Sinistcha|Matcha Gotcha|p1a: Corviknight|[spread] p1a\n|-activate|p1b: Garchomp|move: Protect\n|-resisted|p1a: Corviknight|2\n|-damage|p1a: Corviknight|95/100\n|-heal|p2b: Sinistcha|98/100|[from] drain|[of] p1a: Corviknight\n|\n|-weather|Sandstorm|[upkeep]\n|-damage|p2a: Drampa|95/100 par|[from] Sandstorm\n|-damage|p2b: Sinistcha|92/100|[from] Sandstorm\n|upkeep\n|turn|4\n|inactive|reyherye has 30 seconds left.\n|\n|t:|1776308482\n|switch|p1b: Gyarados|Gyarados, L50, F|78/100\n|-ability|p1b: Gyarados|Intimidate|boost\n|-unboost|p2a: Drampa|atk|1\n|-unboost|p2b: Sinistcha|atk|1\n|move|p2a: Drampa|Flamethrower|p1a: Corviknight\n|-supereffective|p1a: Corviknight|1\n|-damage|p1a: Corviknight|27/100\n|-enditem|p1a: Corviknight|Sitrus Berry|[eat]\n|-heal|p1a: Corviknight|52/100|[from] item: Sitrus Berry\n|move|p2b: Sinistcha|Matcha Gotcha|p1b: Gyarados|[spread] p1a,p1b\n|-resisted|p1a: Corviknight|2\n|-damage|p1a: Corviknight|47/100\n|-heal|p2b: Sinistcha|95/100|[from] drain|[of] p1a: Corviknight\n|-damage|p1b: Gyarados|60/100\n|-heal|p2b: Sinistcha|100/100|[from] drain|[of] p1b: Gyarados\n|-status|p1a: Corviknight|brn\n|move|p1a: Corviknight|Body Press|p2a: Drampa\n|-supereffective|p2a: Drampa|1\n|-damage|p2a: Drampa|73/100 par\n|\n|-weather|Sandstorm|[upkeep]\n|-damage|p2a: Drampa|67/100 par|[from] Sandstorm\n|-damage|p2b: Sinistcha|94/100|[from] Sandstorm\n|-damage|p1b: Gyarados|54/100|[from] Sandstorm\n|-damage|p1a: Corviknight|41/100 brn|[from] brn\n|upkeep\n|turn|5\n|inactive|reyherye has 30 seconds left.\n|inactive|lakeandbake has 30 seconds left.\n|\n|t:|1776308512\n|move|p1b: Gyarados|Protect|p1b: Gyarados\n|-singleturn|p1b: Gyarados|Protect\n|move|p2a: Drampa|Flamethrower|p1a: Corviknight\n|-supereffective|p1a: Corviknight|1\n|-damage|p1a: Corviknight|0 fnt\n|faint|p1a: Corviknight\n|move|p2b: Sinistcha|Matcha Gotcha|p1b: Gyarados\n|-activate|p1b: Gyarados|move: Protect\n|\n|-weather|none\n|-fieldend|move: Trick Room\n|upkeep\n|\n|t:|1776308517\n|switch|p1a: Tyranitar|Tyranitar, L50, F|100/100\n|-weather|Sandstorm|[from] ability: Sand Stream|[of] p1a: Tyranitar\n|turn|6\n|\n|t:|1776308534\n|switch|p1b: Garchomp|Garchomp, L50, M|73/100\n|detailschange|p1a: Tyranitar|Tyranitar-Mega, L50, F\n|-mega|p1a: Tyranitar|Tyranitar|Tyranitarite\n|move|p1a: Tyranitar|Rock Slide|p2b: Sinistcha|[spread] p2a\n|-miss|p1a: Tyranitar|p2b: Sinistcha\n|-damage|p2a: Drampa|39/100 par\n|-ability|p2a: Drampa|Berserk|boost\n|-boost|p2a: Drampa|spa|1\n|move|p2a: Drampa|Hyper Voice|p1a: Tyranitar|[spread] p1a,p1b\n|-resisted|p1a: Tyranitar|1\n|-damage|p1a: Tyranitar|87/100\n|-damage|p1b: Garchomp|1/100\n|move|p2b: Sinistcha|Trick Room|p2b: Sinistcha\n|-fieldstart|move: Trick Room|[of] p2b: Sinistcha\n|\n|-weather|Sandstorm|[upkeep]\n|-damage|p2a: Drampa|33/100 par|[from] Sandstorm\n|-damage|p2b: Sinistcha|88/100|[from] Sandstorm\n|upkeep\n|turn|7\n|\n|t:|1776308558\n|switch|p2b: Incineroar|Incineroar, L50, M|94/100\n|-ability|p2b: Incineroar|Intimidate|boost\n|-unboost|p1a: Tyranitar|atk|1\n|-unboost|p1b: Garchomp|atk|1\n|move|p1b: Garchomp|Protect|p1b: Garchomp\n|-singleturn|p1b: Garchomp|Protect\n|move|p2a: Drampa|Hyper Voice|p1a: Tyranitar|[spread] p1a\n|-activate|p1b: Garchomp|move: Protect\n|-resisted|p1a: Tyranitar|1\n|-damage|p1a: Tyranitar|72/100\n|move|p1a: Tyranitar|Rock Slide|p2a: Drampa|[spread] p2a,p2b\n|-supereffective|p2b: Incineroar|1\n|-damage|p2a: Drampa|13/100 par\n|-damage|p2b: Incineroar|58/100\n|\n|-weather|Sandstorm|[upkeep]\n|-damage|p2a: Drampa|8/100 par|[from] Sandstorm\n|-damage|p2b: Incineroar|52/100|[from] Sandstorm\n|upkeep\n|turn|8\n|\n|t:|1776308579\n|switch|p2b: Sinistcha|Sinistcha, L50|88/100\n|-heal|p2a: Drampa|32/100 par|[from] ability: Hospitality|[of] p2b: Sinistcha\n|move|p1a: Tyranitar|Protect|p1a: Tyranitar\n|-singleturn|p1a: Tyranitar|Protect\n|move|p2a: Drampa|Hyper Voice|p1b: Garchomp|[spread] \n|-activate|p1a: Tyranitar|move: Protect\n|-miss|p2a: Drampa|p1b: Garchomp\n|move|p1b: Garchomp|Earthquake|p2a: Drampa|[spread] p2a,p2b\n|-activate|p1a: Tyranitar|move: Protect\n|-resisted|p2b: Sinistcha|1\n|-damage|p2a: Drampa|12/100 par\n|-damage|p2b: Sinistcha|75/100\n|\n|-weather|Sandstorm|[upkeep]\n|-damage|p2a: Drampa|6/100 par|[from] Sandstorm\n|-damage|p2b: Sinistcha|69/100|[from] Sandstorm\n|upkeep\n|turn|9\n|\n|t:|1776308600\n|move|p1b: Garchomp|Protect|p1b: Garchomp\n|-singleturn|p1b: Garchomp|Protect\n|move|p2a: Drampa|Dragon Pulse|p1a: Tyranitar\n|-damage|p1a: Tyranitar|38/100\n|move|p2b: Sinistcha|Life Dew|p2b: Sinistcha|[spread] p2a,p2b\n|-heal|p2a: Drampa|31/100 par\n|-heal|p2b: Sinistcha|94/100\n|move|p1a: Tyranitar|Rock Slide|p2a: Drampa|[spread] p2a,p2b\n|-damage|p2a: Drampa|11/100 par\n|-damage|p2b: Sinistcha|75/100\n|\n|-weather|Sandstorm|[upkeep]\n|-damage|p2a: Drampa|5/100 par|[from] Sandstorm\n|-damage|p2b: Sinistcha|69/100|[from] Sandstorm\n|upkeep\n|turn|10\n|inactive|reyherye has 30 seconds left.\n|\n|t:|1776308634\n|switch|p2b: Incineroar|Incineroar, L50, M|52/100\n|-ability|p2b: Incineroar|Intimidate|boost\n|-unboost|p1a: Tyranitar|atk|1\n|-unboost|p1b: Garchomp|atk|1\n|move|p2a: Drampa|Hyper Voice|p1b: Garchomp|[spread] p1a,p1b\n|-resisted|p1a: Tyranitar|1\n|-damage|p1a: Tyranitar|25/100\n|-damage|p1b: Garchomp|0 fnt\n|faint|p1b: Garchomp\n|move|p1a: Tyranitar|Knock Off|p2b: Incineroar\n|-resisted|p2b: Incineroar|1\n|-damage|p2b: Incineroar|38/100\n|-enditem|p2b: Incineroar|Chople Berry|[from] move: Knock Off|[of] p1a: Tyranitar\n|\n|-weather|none\n|-fieldend|move: Trick Room\n|upkeep\n|\n|t:|1776308640\n|switch|p1b: Gyarados|Gyarados, L50, F|54/100\n|-ability|p1b: Gyarados|Intimidate|boost\n|-unboost|p2a: Drampa|atk|1\n|-unboost|p2b: Incineroar|atk|1\n|turn|11\n|\n|t:|1776308652\n|switch|p2b: Sinistcha|Sinistcha, L50|69/100\n|-heal|p2a: Drampa|30/100 par|[from] ability: Hospitality|[of] p2b: Sinistcha\n|move|p1b: Gyarados|Waterfall|p2a: Drampa\n|-resisted|p2a: Drampa|1\n|-damage|p2a: Drampa|15/100 par\n|move|p1a: Tyranitar|Rock Slide|p2b: Sinistcha|[spread] p2a,p2b\n|-damage|p2a: Drampa|2/100 par\n|-damage|p2b: Sinistcha|52/100\n|move|p2a: Drampa|Hyper Voice|p1a: Tyranitar|[spread] p1a,p1b\n|-resisted|p1a: Tyranitar|1\n|-damage|p1a: Tyranitar|3/100\n|-damage|p1b: Gyarados|12/100\n|\n|upkeep\n|turn|12\n|\n|t:|1776308668\n|switch|p2b: Incineroar|Incineroar, L50, M|38/100\n|-ability|p2b: Incineroar|Intimidate|boost\n|-unboost|p1a: Tyranitar|atk|1\n|-unboost|p1b: Gyarados|atk|1\n|move|p2a: Drampa|Protect|p2a: Drampa\n|-singleturn|p2a: Drampa|Protect\n|move|p1b: Gyarados|Thunder Wave|p2b: Incineroar\n|-status|p2b: Incineroar|par\n|move|p1a: Tyranitar|Rock Slide|p2b: Incineroar|[spread] p2b\n|-activate|p2a: Drampa|move: Protect\n|-supereffective|p2b: Incineroar|1\n|-damage|p2b: Incineroar|14/100 par\n|\n|upkeep\n|turn|13\n|\n|t:|1776308683\n|switch|p2b: Sinistcha|Sinistcha, L50|52/100\n|-heal|p2a: Drampa|26/100 par|[from] ability: Hospitality|[of] p2b: Sinistcha\n|move|p1b: Gyarados|Protect|p1b: Gyarados\n|-singleturn|p1b: Gyarados|Protect\n|move|p1a: Tyranitar|Protect|p1a: Tyranitar\n|-singleturn|p1a: Tyranitar|Protect\n|move|p2a: Drampa|Hyper Voice|p1b: Gyarados|[spread] \n|-activate|p1a: Tyranitar|move: Protect\n|-activate|p1b: Gyarados|move: Protect\n|\n|upkeep\n|turn|14\n|\n|t:|1776308703\n|switch|p2a: Incineroar|Incineroar, L50, M|14/100 par\n|-ability|p2a: Incineroar|Intimidate|boost\n|-unboost|p1a: Tyranitar|atk|1\n|-unboost|p1b: Gyarados|atk|1\n|move|p1b: Gyarados|Thunder Wave|p2b: Sinistcha\n|-status|p2b: Sinistcha|par\n|move|p1a: Tyranitar|Rock Slide|p2b: Sinistcha|[spread] p2a,p2b\n|-supereffective|p2a: Incineroar|1\n|-damage|p2a: Incineroar|0 fnt\n|-damage|p2b: Sinistcha|42/100 par\n|-enditem|p2b: Sinistcha|Sitrus Berry|[eat]\n|-heal|p2b: Sinistcha|66/100 par|[from] item: Sitrus Berry\n|faint|p2a: Incineroar\n|cant|p2b: Sinistcha|par\n|\n|upkeep\n|\n|t:|1776308716\n|switch|p2a: Sneasler|Sneasler, L50, F|100/100\n|turn|15\n|\n|t:|1776308726\n|move|p1b: Gyarados|Protect|p1b: Gyarados\n|-singleturn|p1b: Gyarados|Protect\n|move|p1a: Tyranitar|Protect|p1a: Tyranitar\n|-singleturn|p1a: Tyranitar|Protect\n|move|p2a: Sneasler|Fake Out|p1b: Gyarados\n|-activate|p1b: Gyarados|move: Protect\n|cant|p2b: Sinistcha|par\n|\n|upkeep\n|turn|16\n|\n|t:|1776308736\n|move|p1b: Gyarados|Protect||[still]\n|-fail|p1b: Gyarados\n|move|p2a: Sneasler|Close Combat|p1a: Tyranitar\n|-supereffective|p1a: Tyranitar|2\n|-damage|p1a: Tyranitar|0 fnt\n|-unboost|p2a: Sneasler|def|1\n|-unboost|p2a: Sneasler|spd|1\n|faint|p1a: Tyranitar\n|move|p2b: Sinistcha|Matcha Gotcha|p1b: Gyarados\n|-damage|p1b: Gyarados|0 fnt\n|-heal|p2b: Sinistcha|73/100 par|[from] drain|[of] p1b: Gyarados\n|faint|p1b: Gyarados\n|\n|win|lakeandbake\n|raw|reyherye's rating: 1258 &rarr; <strong>1228</strong><br />(-30 for losing)\n|raw|lakeandbake's rating: 1191 &rarr; <strong>1221</strong><br />(+30 for winning)\n",
  "uploadtime": 1776308737,
  "views": 23,
  "formatid": "gen9championsvgc2026regma",
  "rating": 1221,
  "private": 0,
  "password": null
}