{
  "id": "gen9championsvgc2026regma-2585724087",
  "format": "[Gen 9 Champions] VGC 2026 Reg M-A",
  "players": [
    "Thogi_",
    "Kazuma Yato"
  ],
  "log": "|j|\u2606Thogi_\n|j|\u2606Kazuma Yato\n|t:|1776366208\n|gametype|doubles\n|player|p1|Thogi_|harlequin|1110\n|player|p2|Kazuma Yato|2|1153\n|gen|9\n|tier|[Gen 9 Champions] VGC 2026 Reg M-A\n|rated|\n|rule|Species Clause: Limit one of each Pok\u00e9mon\n|rule|Item Clause: Limit 1 of each item\n|clearpoke\n|poke|p1|Crabominable, L50, M|\n|poke|p1|Sableye, L50, F|\n|poke|p1|Corviknight, L50, F|\n|poke|p1|Mudsdale, L50, F|\n|poke|p1|Sinistcha, L50|\n|poke|p1|Dragonite, L50, M|\n|poke|p2|Aerodactyl, L50, M|\n|poke|p2|Maushold, L50|\n|poke|p2|Garchomp, L50, M|\n|poke|p2|Delphox, L50, F|\n|poke|p2|Aegislash, L50, F|\n|poke|p2|Floette-Eternal, L50, F|\n|teampreview|4\n|\n|t:|1776366254\n|teamsize|p1|4\n|teamsize|p2|4\n|start\n|switch|p1a: Sableye|Sableye, L50, F|100/100\n|switch|p1b: Sinistcha|Sinistcha, L50|100/100\n|switch|p2a: Delphox|Delphox, L50, F|100/100\n|switch|p2b: Aerodactyl|Aerodactyl, L50, M|100/100\n|-ability|p2b: Aerodactyl|Unnerve\n|turn|1\n|inactive|Battle timer is ON: inactive players will automatically lose when time's up. (requested by Thogi_)\n|inactive|Kazuma Yato has 60 seconds left.\n|\n|t:|1776366315\n|move|p2b: Aerodactyl|Protect|p2b: Aerodactyl\n|-singleturn|p2b: Aerodactyl|Protect\n|move|p2a: Delphox|Protect|p2a: Delphox\n|-singleturn|p2a: Delphox|Protect\n|move|p1a: Sableye|Fake Out|p2a: Delphox\n|-activate|p2a: Delphox|move: Protect\n|move|p1b: Sinistcha|Trick Room|p1b: Sinistcha\n|-fieldstart|move: Trick Room|[of] p1b: Sinistcha\n|\n|upkeep\n|turn|2\n|inactive|Kazuma Yato has 30 seconds left.\n|\n|t:|1776366343\n|switch|p1b: Mudsdale|Mudsdale, L50, F|100/100\n|switch|p2a: Maushold|Maushold, L50|100/100\n|move|p1a: Sableye|Will-O-Wisp|p2b: Aerodactyl\n|-status|p2b: Aerodactyl|brn\n|move|p2b: Aerodactyl|Rock Slide|p1b: Mudsdale|[spread] p1a,p1b\n|-resisted|p1b: Mudsdale|1\n|-damage|p1a: Sableye|85/100\n|-damage|p1b: Mudsdale|95/100\n|\n|-damage|p2b: Aerodactyl|95/100 brn|[from] brn\n|upkeep\n|turn|3\n|\n|t:|1776366364\n|move|p2b: Aerodactyl|Protect|p2b: Aerodactyl\n|-singleturn|p2b: Aerodactyl|Protect\n|move|p1a: Sableye|Will-O-Wisp|p2a: Maushold\n|-status|p2a: Maushold|brn\n|move|p1b: Mudsdale|Rock Slide|p2b: Aerodactyl|[spread] p2a\n|-activate|p2b: Aerodactyl|move: Protect\n|-damage|p2a: Maushold|71/100 brn\n|move|p2a: Maushold|Super Fang|p1b: Mudsdale\n|-damage|p1b: Mudsdale|48/100\n|\n|-damage|p2a: Maushold|65/100 brn|[from] brn\n|-damage|p2b: Aerodactyl|89/100 brn|[from] brn\n|upkeep\n|turn|4\n|inactive|Kazuma Yato has 30 seconds left.\n|\n|t:|1776366392\n|move|p2a: Maushold|Protect|p2a: Maushold\n|-singleturn|p2a: Maushold|Protect\n|move|p2b: Aerodactyl|Protect||[still]\n|-fail|p2b: Aerodactyl\n|move|p1b: Mudsdale|Rock Slide|p2a: Maushold|[spread] p2b\n|-activate|p2a: Maushold|move: Protect\n|-supereffective|p2b: Aerodactyl|1\n|-damage|p2b: Aerodactyl|40/100 brn\n|move|p1a: Sableye|Foul Play|p2a: Maushold\n|-activate|p2a: Maushold|move: Protect\n|\n|-damage|p2a: Maushold|59/100 brn|[from] brn\n|-damage|p2b: Aerodactyl|35/100 brn|[from] brn\n|upkeep\n|turn|5\n|\n|t:|1776366411\n|move|p2b: Aerodactyl|Protect|p2b: Aerodactyl\n|-singleturn|p2b: Aerodactyl|Protect\n|move|p1b: Mudsdale|Rock Slide|p2a: Maushold|[spread] p2a\n|-activate|p2b: Aerodactyl|move: Protect\n|-damage|p2a: Maushold|31/100 brn\n|move|p1a: Sableye|Foul Play|p2a: Maushold\n|-damage|p2a: Maushold|0 fnt\n|faint|p2a: Maushold\n|\n|-damage|p2b: Aerodactyl|29/100 brn|[from] brn\n|-fieldend|move: Trick Room\n|upkeep\n|\n|t:|1776366431\n|switch|p2a: Garchomp|Garchomp, L50, M|100/100\n|turn|6\n|\n|t:|1776366449\n|switch|p2a: Delphox|Delphox, L50, F|100/100\n|move|p1a: Sableye|Will-O-Wisp|p2a: Delphox\n|-immune|p2a: Delphox\n|move|p2b: Aerodactyl|Dual Wingbeat|p1a: Sableye\n|-damage|p1a: Sableye|73/100\n|-damage|p1a: Sableye|61/100\n|-hitcount|p1a: Sableye|2\n|move|p1b: Mudsdale|Rock Slide|p2a: Delphox|[spread] p2a,p2b\n|-supereffective|p2a: Delphox|1\n|-supereffective|p2b: Aerodactyl|1\n|-damage|p2a: Delphox|34/100\n|-damage|p2b: Aerodactyl|0 fnt\n|-enditem|p1b: Mudsdale|Sitrus Berry|[eat]\n|-heal|p1b: Mudsdale|72/100|[from] item: Sitrus Berry\n|faint|p2b: Aerodactyl\n|\n|upkeep\n|\n|t:|1776366460\n|switch|p2b: Garchomp|Garchomp, L50, M|100/100\n|turn|7\n|\n|t:|1776366475\n|detailschange|p2a: Delphox|Delphox-Mega, L50, F\n|-mega|p2a: Delphox|Delphox|Delphoxite\n|move|p1b: Mudsdale|Protect|p1b: Mudsdale\n|-singleturn|p1b: Mudsdale|Protect\n|move|p1a: Sableye|Will-O-Wisp|p2b: Garchomp\n|-status|p2b: Garchomp|brn\n|move|p2a: Delphox|Heat Wave|p1a: Sableye|[spread] p1a\n|-activate|p1b: Mudsdale|move: Protect\n|-damage|p1a: Sableye|0 fnt\n|faint|p1a: Sableye\n|move|p2b: Garchomp|Earthquake|p1b: Mudsdale|[spread] \n|-activate|p1b: Mudsdale|move: Protect\n|-immune|p2a: Delphox|[from] ability: Levitate\n|\n|-damage|p2b: Garchomp|95/100 brn|[from] brn\n|upkeep\n|\n|t:|1776366499\n|switch|p1a: Crabominable|Crabominable, L50, M|100/100\n|turn|8\n|inactive|Thogi_ has 30 seconds left.\n|\n|t:|1776366525\n|detailschange|p1a: Crabominable|Crabominable-Mega, L50, M\n|-mega|p1a: Crabominable|Crabominable|Crabominite\n|move|p1a: Crabominable|Mach Punch|p2a: Delphox\n|-resisted|p2a: Delphox|1\n|-damage|p2a: Delphox|10/100\n|move|p2a: Delphox|Heat Wave|p1a: Crabominable|[spread] p1a,p1b\n|-supereffective|p1a: Crabominable|1\n|-damage|p1a: Crabominable|20/100\n|-damage|p1b: Mudsdale|23/100\n|move|p2b: Garchomp|Earthquake|p1a: Crabominable|[spread] p1a,p1b\n|-immune|p2a: Delphox|[from] ability: Levitate\n|-crit|p1a: Crabominable\n|-damage|p1a: Crabominable|0 fnt\n|-damage|p1b: Mudsdale|3/100\n|faint|p1a: Crabominable\n|move|p1b: Mudsdale|Rock Slide|p2a: Delphox|[spread] p2a,p2b\n|-supereffective|p2a: Delphox|1\n|-crit|p2a: Delphox\n|-resisted|p2b: Garchomp|1\n|-damage|p2a: Delphox|0 fnt\n|-damage|p2b: Garchomp|84/100 brn\n|faint|p2a: Delphox\n|\n|-damage|p2b: Garchomp|78/100 brn|[from] brn\n|upkeep\n|\n|t:|1776366543\n|switch|p1a: Sinistcha|Sinistcha, L50|100/100\n|-heal|p1b: Mudsdale|27/100|[from] ability: Hospitality|[of] p1a: Sinistcha\n|turn|9\n|\n|t:|1776366561\n|move|p1b: Mudsdale|Protect|p1b: Mudsdale\n|-singleturn|p1b: Mudsdale|Protect\n|move|p2b: Garchomp|Stomping Tantrum|p1b: Mudsdale\n|-activate|p1b: Mudsdale|move: Protect\n|move|p1a: Sinistcha|Matcha Gotcha|p2b: Garchomp\n|-damage|p2b: Garchomp|34/100 brn\n|\n|-damage|p2b: Garchomp|28/100 brn|[from] brn\n|upkeep\n|turn|10\n|-message|Kazuma Yato forfeited.\n|\n|win|Thogi_\n|raw|Thogi_'s rating: 1110 &rarr; <strong>1138</strong><br />(+28 for winning)\n|raw|Kazuma Yato's rating: 1153 &rarr; <strong>1125</strong><br />(-28 for losing)\n|l|\u2606Kazuma Yato\n|player|p2|\n|j|\u2606Kazuma Yato\n|player|p2|Kazuma Yato|2|\n",
  "uploadtime": 1776366573,
  "views": 15,
  "formatid": "gen9championsvgc2026regma",
  "rating": 1125,
  "private": 0,
  "password": null
}