{
  "id": "gen9championsvgc2026regma-2585283167",
  "format": "[Gen 9 Champions] VGC 2026 Reg M-A",
  "players": [
    "willidrako4",
    "Lup12"
  ],
  "log": "|j|\u2606willidrako4\n|j|\u2606Lup12\n|t:|1776333585\n|gametype|doubles\n|player|p1|willidrako4|266|1113\n|player|p2|Lup12|steven|1168\n|gen|9\n|tier|[Gen 9 Champions] VGC 2026 Reg M-A\n|rated|\n|rule|Species Clause: Limit one of each Pok\u00e9mon\n|rule|Item Clause: Limit 1 of each item\n|clearpoke\n|poke|p1|Chimecho, L50, F|\n|poke|p1|Incineroar, L50, F|\n|poke|p1|Archaludon, L50, M|\n|poke|p1|Basculegion, L50, M|\n|poke|p1|Politoed, L50, F|\n|poke|p1|Sinistcha, L50|\n|poke|p2|Wyrdeer, L50, F|\n|poke|p2|Milotic, L50, F|\n|poke|p2|Kingambit, L50, M|\n|poke|p2|Garchomp, L50, F|\n|poke|p2|Pelipper, L50, F|\n|poke|p2|Scizor, L50, M|\n|teampreview|4\n|inactive|Battle timer is ON: inactive players will automatically lose when time's up. (requested by Lup12)\n|\n|t:|1776333637\n|teamsize|p1|4\n|teamsize|p2|4\n|start\n|switch|p1a: Archaludon|Archaludon, L50, M|100/100\n|switch|p1b: Politoed|Politoed, L50, F, shiny|100/100\n|switch|p2a: Wyrdeer|Wyrdeer, L50, F|100/100\n|switch|p2b: Milotic|Milotic, L50, F|100/100\n|-ability|p2a: Wyrdeer|Intimidate|boost\n|-unboost|p1a: Archaludon|atk|1\n|-unboost|p1b: Politoed|atk|1\n|-weather|RainDance|[from] ability: Drizzle|[of] p1b: Politoed\n|turn|1\n|\n|t:|1776333652\n|move|p2a: Wyrdeer|Skill Swap|p1a: Archaludon\n|-activate|p2a: Wyrdeer|Skill Swap|Stamina|Intimidate|[of] p1a: Archaludon\n|-ability|p1a: Archaludon|Intimidate|boost\n|-unboost|p2a: Wyrdeer|atk|1\n|-unboost|p2b: Milotic|atk|1\n|-ability|p2b: Milotic|Competitive|boost\n|-boost|p2b: Milotic|spa|2\n|move|p2b: Milotic|Muddy Water|p1b: Politoed|[spread] p1a,p1b\n|-resisted|p1a: Archaludon|1\n|-resisted|p1b: Politoed|1\n|-damage|p1a: Archaludon|63/100\n|-damage|p1b: Politoed|74/100\n|move|p1a: Archaludon|Electro Shot||[still]\n|-prepare|p1a: Archaludon|Electro Shot\n|-boost|p1a: Archaludon|spa|1\n|-anim|p1a: Archaludon|Electro Shot|p2b: Milotic\n|-supereffective|p2b: Milotic|1\n|-damage|p2b: Milotic|20/100\n|move|p1b: Politoed|Weather Ball|p2a: Wyrdeer\n|-damage|p2a: Wyrdeer|36/100\n|-ability|p2a: Wyrdeer|Stamina|boost\n|-boost|p2a: Wyrdeer|def|1\n|-enditem|p2a: Wyrdeer|Sitrus Berry|[eat]\n|-heal|p2a: Wyrdeer|60/100|[from] item: Sitrus Berry\n|\n|-weather|RainDance|[upkeep]\n|-heal|p2b: Milotic|26/100|[from] item: Leftovers\n|-heal|p1a: Archaludon|70/100|[from] item: Leftovers\n|upkeep\n|turn|2\n|inactive|Lup12 has 30 seconds left.\n|\n|t:|1776333678\n|move|p1b: Politoed|Protect|p1b: Politoed\n|-singleturn|p1b: Politoed|Protect\n|move|p2a: Wyrdeer|Thunder Wave|p1a: Archaludon\n|-status|p1a: Archaludon|par\n|move|p2b: Milotic|Muddy Water|p1b: Politoed|[spread] p1a\n|-activate|p1b: Politoed|move: Protect\n|-resisted|p1a: Archaludon|1\n|-damage|p1a: Archaludon|31/100 par\n|move|p1a: Archaludon|Electro Shot||[still]\n|-prepare|p1a: Archaludon|Electro Shot\n|-boost|p1a: Archaludon|spa|1\n|-anim|p1a: Archaludon|Electro Shot|p2b: Milotic\n|-supereffective|p2b: Milotic|1\n|-damage|p2b: Milotic|0 fnt\n|faint|p2b: Milotic\n|\n|-weather|RainDance|[upkeep]\n|-heal|p1a: Archaludon|38/100 par|[from] item: Leftovers\n|upkeep\n|\n|t:|1776333691\n|switch|p2b: Garchomp|Garchomp, L50, F|100/100\n|turn|3\n|\n|t:|1776333704\n|move|p1a: Archaludon|Protect|p1a: Archaludon\n|-singleturn|p1a: Archaludon|Protect\n|move|p2b: Garchomp|Stomping Tantrum|p1a: Archaludon\n|-activate|p1a: Archaludon|move: Protect\n|move|p2a: Wyrdeer|Thunder Wave|p1b: Politoed\n|-status|p1b: Politoed|par\n|move|p1b: Politoed|Ice Beam|p2b: Garchomp\n|-supereffective|p2b: Garchomp|2\n|-enditem|p2b: Garchomp|Yache Berry|[eat]\n|-enditem|p2b: Garchomp|Yache Berry|[weaken]\n|-damage|p2b: Garchomp|48/100\n|\n|-weather|RainDance|[upkeep]\n|-heal|p1a: Archaludon|44/100 par|[from] item: Leftovers\n|upkeep\n|turn|4\n|\n|t:|1776333729\n|move|p2b: Garchomp|Stomping Tantrum|p1a: Archaludon\n|-supereffective|p1a: Archaludon|1\n|-damage|p1a: Archaludon|0 fnt\n|faint|p1a: Archaludon\n|move|p2a: Wyrdeer|Psychic Noise|p1b: Politoed\n|-damage|p1b: Politoed|54/100 par\n|-start|p1b: Politoed|move: Heal Block\n|move|p1b: Politoed|Ice Beam|p2b: Garchomp\n|-supereffective|p2b: Garchomp|2\n|-damage|p2b: Garchomp|0 fnt\n|faint|p2b: Garchomp\n|\n|-weather|RainDance|[upkeep]\n|upkeep\n|\n|t:|1776333740\n|switch|p2b: Kingambit|Kingambit, L50, M|100/100\n|switch|p1a: Basculegion|Basculegion, L50, M, shiny|100/100\n|turn|5\n|\n|t:|1776333758\n|move|p1a: Basculegion|Aqua Jet|p2b: Kingambit\n|-damage|p2b: Kingambit|72/100\n|move|p2b: Kingambit|Sucker Punch||[still]\n|-fail|p2b: Kingambit\n|move|p2a: Wyrdeer|Skill Swap|p1a: Basculegion\n|-activate|p2a: Wyrdeer|Skill Swap|Adaptability|Stamina|[of] p1a: Basculegion\n|move|p1b: Politoed|Perish Song|p1b: Politoed\n|-start|p1a: Basculegion|perish3|[silent]\n|-start|p1b: Politoed|perish3|[silent]\n|-start|p2a: Wyrdeer|perish3|[silent]\n|-start|p2b: Kingambit|perish3|[silent]\n|-fieldactivate|move: Perish Song\n|\n|-weather|none\n|-end|p1b: Politoed|move: Heal Block\n|-start|p1a: Basculegion|perish3\n|-start|p2a: Wyrdeer|perish3\n|-start|p2b: Kingambit|perish3\n|-start|p1b: Politoed|perish3\n|upkeep\n|turn|6\n|inactive|Lup12 has 30 seconds left.\n|\n|t:|1776333785\n|move|p1b: Politoed|Protect|p1b: Politoed\n|-singleturn|p1b: Politoed|Protect\n|move|p1a: Basculegion|Aqua Jet|p2b: Kingambit\n|-damage|p2b: Kingambit|57/100\n|move|p2a: Wyrdeer|Psychic Noise|p1b: Politoed\n|-activate|p1b: Politoed|move: Protect\n|move|p2b: Kingambit|Kowtow Cleave|p1a: Basculegion\n|-supereffective|p1a: Basculegion|1\n|-crit|p1a: Basculegion\n|-damage|p1a: Basculegion|0 fnt\n|faint|p1a: Basculegion\n|\n|-start|p2a: Wyrdeer|perish2\n|-start|p2b: Kingambit|perish2\n|-start|p1b: Politoed|perish2\n|upkeep\n|\n|t:|1776333798\n|switch|p1a: Chimecho|Chimecho, L50, F|100/100\n|turn|7\n|inactive|Lup12 has 30 seconds left.\n|\n|t:|1776333824\n|detailschange|p1a: Chimecho|Chimecho-Mega, L50, F\n|-mega|p1a: Chimecho|Chimecho|Chimechite\n|move|p2a: Wyrdeer|Thunder Wave|p1a: Chimecho\n|-status|p1a: Chimecho|par\n|move|p2b: Kingambit|Kowtow Cleave|p1b: Politoed\n|-damage|p1b: Politoed|0 fnt\n|faint|p1b: Politoed\n|cant|p1a: Chimecho|par\n|\n|-start|p2a: Wyrdeer|perish1\n|-start|p2b: Kingambit|perish1\n|upkeep\n|turn|8\n|inactive|Lup12 has 30 seconds left.\n|\n|t:|1776333856\n|move|p2a: Wyrdeer|Psychic Noise|p1a: Chimecho\n|-resisted|p1a: Chimecho|2\n|-damage|p1a: Chimecho|92/100 par\n|-start|p1a: Chimecho|move: Heal Block\n|move|p2b: Kingambit|Kowtow Cleave|p1a: Chimecho\n|-supereffective|p1a: Chimecho|1\n|-damage|p1a: Chimecho|7/100 par\n|cant|p1a: Chimecho|par\n|\n|-start|p2a: Wyrdeer|perish0\n|-start|p2b: Kingambit|perish0\n|upkeep\n|faint|p2a: Wyrdeer\n|faint|p2b: Kingambit\n|\n|win|willidrako4\n|raw|willidrako4's rating: 1113 &rarr; <strong>1142</strong><br />(+29 for winning)\n|raw|Lup12's rating: 1168 &rarr; <strong>1139</strong><br />(-29 for losing)\n|l|\u2606Lup12\n|player|p2|\n|c|\u2606willidrako4|xd\n",
  "uploadtime": 1776333882,
  "views": 29,
  "formatid": "gen9championsvgc2026regma",
  "rating": 1139,
  "private": 0,
  "password": null
}