{
  "id": "gen9championsvgc2026regma-2585036123",
  "format": "[Gen 9 Champions] VGC 2026 Reg M-A",
  "players": [
    "d4ntez",
    "Unbenlievable"
  ],
  "log": "|j|\u2606d4ntez\n|j|\u2606Unbenlievable\n|t:|1776305461\n|gametype|doubles\n|player|p1|d4ntez|cyclist|1079\n|player|p2|Unbenlievable|266|1140\n|gen|9\n|tier|[Gen 9 Champions] VGC 2026 Reg M-A\n|rated|\n|rule|Species Clause: Limit one of each Pok\u00e9mon\n|rule|Item Clause: Limit 1 of each item\n|clearpoke\n|poke|p1|Hydrapple, L50, M|\n|poke|p1|Chandelure, L50, F|\n|poke|p1|Aromatisse, L50, F|\n|poke|p1|Crabominable, L50, M|\n|poke|p1|Scizor, L50, M|\n|poke|p1|Simipour, L50, F|\n|poke|p2|Torkoal, L50, M|\n|poke|p2|Trevenant, L50, M|\n|poke|p2|Golurk, L50|\n|poke|p2|Kingambit, L50, M|\n|poke|p2|Drampa, L50, F|\n|poke|p2|Farigiraf, L50, M|\n|teampreview|4\n|\n|t:|1776305489\n|teamsize|p1|4\n|teamsize|p2|4\n|start\n|switch|p1a: Nova York 1929|Simipour, L50, F|100/100\n|switch|p1b: Siri P\u00f3s-Barra|Crabominable, L50, M, shiny|100/100\n|switch|p2a: Farigiraf|Farigiraf, L50, M|100/100\n|switch|p2b: Kingambit|Kingambit, L50, M|100/100\n|turn|1\n|\n|t:|1776305517\n|switch|p2b: Golurk|Golurk, L50|100/100\n|move|p1b: Siri P\u00f3s-Barra|Upper Hand||[still]\n|cant|p2a: Farigiraf|ability: Armor Tail|Upper Hand|[of] p1b: Siri P\u00f3s-Barra\n|move|p1a: Nova York 1929|Taunt|p2a: Farigiraf\n|-start|p2a: Farigiraf|move: Taunt\n|cant|p2a: Farigiraf|move: Taunt|Trick Room\n|\n|upkeep\n|turn|2\n|\n|t:|1776305533\n|move|p1a: Nova York 1929|Flip Turn|p2b: Golurk\n|-supereffective|p2b: Golurk|1\n|-damage|p2b: Golurk|38/100\n|\n|t:|1776305538\n|switch|p1a: Obotic\u00e1rio|Aromatisse, L50, F|100/100|[from] Flip Turn\n|move|p2a: Farigiraf|Dazzling Gleam|p1b: Siri P\u00f3s-Barra|[spread] p1a,p1b\n|-supereffective|p1b: Siri P\u00f3s-Barra|1\n|-damage|p1a: Obotic\u00e1rio|83/100\n|-damage|p1b: Siri P\u00f3s-Barra|53/100\n|move|p2b: Golurk|Dynamic Punch|p1b: Siri P\u00f3s-Barra\n|-supereffective|p1b: Siri P\u00f3s-Barra|1\n|-damage|p1b: Siri P\u00f3s-Barra|0 fnt\n|faint|p1b: Siri P\u00f3s-Barra\n|\n|upkeep\n|\n|t:|1776305552\n|switch|p1b: Kit Festa 2000|Chandelure, L50, F|100/100\n|turn|3\n|\n|t:|1776305561\n|switch|p2a: Torkoal|Torkoal, L50, M|100/100\n|-weather|SunnyDay|[from] ability: Drought|[of] p2a: Torkoal\n|detailschange|p1b: Kit Festa 2000|Chandelure-Mega, L50, F\n|-mega|p1b: Kit Festa 2000|Chandelure|Chandelurite\n|move|p1b: Kit Festa 2000|Heat Wave|p2b: Golurk|[spread] p2a,p2b\n|-resisted|p2a: Torkoal|1\n|-damage|p2a: Torkoal|39/100\n|-damage|p2b: Golurk|0 fnt\n|faint|p2b: Golurk\n|move|p1a: Obotic\u00e1rio|Moonblast|p2a: Torkoal\n|-resisted|p2a: Torkoal|1\n|-damage|p2a: Torkoal|10/100\n|\n|-weather|SunnyDay|[upkeep]\n|upkeep\n|\n|t:|1776305569\n|switch|p2b: Farigiraf|Farigiraf, L50, M|100/100\n|turn|4\n|\n|t:|1776305587\n|move|p1b: Kit Festa 2000|Heat Wave|p2b: Farigiraf|[spread] p2a\n|-miss|p1b: Kit Festa 2000|p2b: Farigiraf\n|-resisted|p2a: Torkoal|1\n|-damage|p2a: Torkoal|0 fnt\n|faint|p2a: Torkoal\n|move|p1a: Obotic\u00e1rio|Moonblast|p2b: Farigiraf\n|-damage|p2b: Farigiraf|66/100\n|move|p2b: Farigiraf|Trick Room|p2b: Farigiraf\n|-fieldstart|move: Trick Room|[of] p2b: Farigiraf\n|\n|-weather|SunnyDay|[upkeep]\n|-heal|p2b: Farigiraf|72/100|[from] item: Leftovers\n|upkeep\n|\n|t:|1776305591\n|switch|p2a: Kingambit|Kingambit, L50, M|100/100\n|turn|5\n|\n|t:|1776305619\n|switch|p1b: Nova York 1929|Simipour, L50, F|100/100\n|move|p1a: Obotic\u00e1rio|Moonblast|p2a: Kingambit\n|-damage|p2a: Kingambit|71/100\n|move|p2a: Kingambit|Kowtow Cleave|p1b: Nova York 1929\n|-damage|p1b: Nova York 1929|0 fnt\n|faint|p1b: Nova York 1929\n|move|p2b: Farigiraf|Dazzling Gleam|p1a: Obotic\u00e1rio\n|-damage|p1a: Obotic\u00e1rio|60/100\n|\n|-weather|SunnyDay|[upkeep]\n|-heal|p2b: Farigiraf|78/100|[from] item: Leftovers\n|upkeep\n|\n|t:|1776305634\n|switch|p1b: Kit Festa 2000|Chandelure-Mega, L50, F|100/100\n|turn|6\n|\n|t:|1776305640\n|move|p1a: Obotic\u00e1rio|After You|p1b: Kit Festa 2000\n|-activate|p1b: Kit Festa 2000|move: After You\n|move|p1b: Kit Festa 2000|Heat Wave|p2a: Kingambit|[spread] p2a,p2b\n|-supereffective|p2a: Kingambit|1\n|-damage|p2a: Kingambit|0 fnt\n|-damage|p2b: Farigiraf|0 fnt\n|faint|p2a: Kingambit\n|faint|p2b: Farigiraf\n|\n|win|d4ntez\n|raw|d4ntez's rating: 1079 &rarr; <strong>1112</strong><br />(+33 for winning)\n|raw|Unbenlievable's rating: 1140 &rarr; <strong>1111</strong><br />(-29 for losing)\n|l|\u2606Unbenlievable\n|player|p2|\n",
  "uploadtime": 1776305658,
  "views": 30,
  "formatid": "gen9championsvgc2026regma",
  "rating": 1111,
  "private": 0,
  "password": null
}