{
  "id": "gen9championsvgc2026regma-2580639411",
  "format": "[Gen 9 Champions] VGC 2026 Reg M-A",
  "players": [
    "PhatBabyShane",
    "lobbychatlagsmypc"
  ],
  "log": "|j|\u2606PhatBabyShane\n|j|\u2606lobbychatlagsmypc\n|t:|1775920411\n|gametype|doubles\n|player|p1|PhatBabyShane|flannery|1113\n|player|p2|lobbychatlagsmypc|102|1192\n|gen|9\n|tier|[Gen 9 Champions] VGC 2026 Reg M-A\n|rated|\n|rule|Species Clause: Limit one of each Pok\u00e9mon\n|rule|Item Clause: Limit 1 of each item\n|clearpoke\n|poke|p1|Charizard, L50, F|\n|poke|p1|Aerodactyl, L50, F|\n|poke|p1|Venusaur, L50, M|\n|poke|p1|Raichu, L50, M|\n|poke|p1|Farigiraf, L50, F|\n|poke|p1|Dragonite, L50, F|\n|poke|p2|Starmie, L50|\n|poke|p2|Pelipper, L50, F|\n|poke|p2|Incineroar, L50, M|\n|poke|p2|Farigiraf, L50, M|\n|poke|p2|Dragapult, L50, M|\n|poke|p2|Sinistcha, L50|\n|teampreview|4\n|inactive|Battle timer is ON: inactive players will automatically lose when time's up. (requested by PhatBabyShane)\n|inactive|PhatBabyShane has 60 seconds left.\n|\n|t:|1775920447\n|teamsize|p1|4\n|teamsize|p2|4\n|start\n|switch|p1a: Aerodactyl|Aerodactyl, L50, F|100/100\n|switch|p1b: Farigiraf|Farigiraf, L50, F|100/100\n|switch|p2a: Starmie|Starmie, L50|100/100\n|switch|p2b: Incineroar|Incineroar, L50, M|100/100\n|-ability|p1a: Aerodactyl|Pressure\n|-ability|p2b: Incineroar|Intimidate|boost\n|-unboost|p1a: Aerodactyl|atk|1\n|-unboost|p1b: Farigiraf|atk|1\n|turn|1\n|inactive|PhatBabyShane has 30 seconds left.\n|inactive|lobbychatlagsmypc has 30 seconds left.\n|\n|t:|1775920477\n|move|p2a: Starmie|Protect|p2a: Starmie\n|-singleturn|p2a: Starmie|Protect\n|move|p1a: Aerodactyl|Rock Slide|p2b: Incineroar|[spread] p2b\n|-activate|p2a: Starmie|move: Protect\n|-supereffective|p2b: Incineroar|1\n|-damage|p2b: Incineroar|65/100\n|cant|p2b: Incineroar|flinch\n|move|p1b: Farigiraf|Hyper Voice|p2b: Incineroar|[spread] p2b\n|-activate|p2a: Starmie|move: Protect\n|-damage|p2b: Incineroar|43/100\n|\n|upkeep\n|turn|2\n|\n|t:|1775920497\n|switch|p2b: Farigiraf|Farigiraf, L50, M|100/100\n|detailschange|p2a: Starmie|Starmie-Mega, L50\n|-mega|p2a: Starmie|Starmie|Starminite\n|move|p1b: Farigiraf|Protect|p1b: Farigiraf\n|-singleturn|p1b: Farigiraf|Protect\n|move|p1a: Aerodactyl|Rock Slide|p2a: Starmie|[spread] p2a,p2b\n|-damage|p2a: Starmie|79/100\n|-damage|p2b: Farigiraf|83/100\n|move|p2a: Starmie|Flip Turn|p1a: Aerodactyl\n|-supereffective|p1a: Aerodactyl|1\n|-enditem|p1a: Aerodactyl|Focus Sash\n|-damage|p1a: Aerodactyl|1/100\n|inactive|lobbychatlagsmypc has 30 seconds left.\n|\n|t:|1775920526\n|switch|p2a: Pelipper|Pelipper, L50, F|100/100|[from] Flip Turn\n|-weather|RainDance|[from] ability: Drizzle|[of] p2a: Pelipper\n|\n|-weather|RainDance|[upkeep]\n|upkeep\n|turn|3\n|\n|t:|1775920547\n|move|p1a: Aerodactyl|Rock Slide|p2a: Pelipper|[spread] p2a,p2b\n|-supereffective|p2a: Pelipper|1\n|-damage|p2a: Pelipper|65/100\n|-damage|p2b: Farigiraf|66/100\n|move|p2a: Pelipper|Weather Ball|p1b: Farigiraf\n|-damage|p1b: Farigiraf|37/100\n|cant|p2b: Farigiraf|flinch\n|move|p1b: Farigiraf|Imprison|p1b: Farigiraf\n|-start|p1b: Farigiraf|move: Imprison\n|\n|-weather|RainDance|[upkeep]\n|upkeep\n|turn|4\n|inactive|PhatBabyShane has 30 seconds left.\n|\n|t:|1775920578\n|move|p1a: Aerodactyl|Rock Slide|p2b: Farigiraf|[spread] p2a\n|-miss|p1a: Aerodactyl|p2b: Farigiraf\n|-supereffective|p2a: Pelipper|1\n|-damage|p2a: Pelipper|27/100\n|move|p2a: Pelipper|Tailwind|p2a: Pelipper\n|-sidestart|p2: lobbychatlagsmypc|move: Tailwind\n|move|p2b: Farigiraf|Psychic|p1a: Aerodactyl\n|-damage|p1a: Aerodactyl|0 fnt\n|faint|p1a: Aerodactyl\n|move|p1b: Farigiraf|Hyper Voice|p2b: Farigiraf|[spread] p2a,p2b\n|-damage|p2a: Pelipper|0 fnt\n|-damage|p2b: Farigiraf|38/100\n|-enditem|p2b: Farigiraf|Sitrus Berry|[eat]\n|-heal|p2b: Farigiraf|63/100|[from] item: Sitrus Berry\n|faint|p2a: Pelipper\n|\n|-weather|RainDance|[upkeep]\n|upkeep\n|\n|t:|1775920593\n|switch|p1a: Raichu|Raichu, L50, M|100/100\n|switch|p2a: Starmie|Starmie-Mega, L50|79/100\n|turn|5\n|\n|t:|1775920610\n|move|p1b: Farigiraf|Protect|p1b: Farigiraf\n|-singleturn|p1b: Farigiraf|Protect\n|move|p2a: Starmie|Flip Turn|p1a: Raichu\n|-damage|p1a: Raichu|0 fnt\n|faint|p1a: Raichu\n|\n|t:|1775920613\n|switch|p2a: Incineroar|Incineroar, L50, M|43/100|[from] Flip Turn\n|-ability|p2a: Incineroar|Intimidate|boost\n|-unboost|p1b: Farigiraf|atk|1\n|move|p2b: Farigiraf|Psychic|p1b: Farigiraf\n|-activate|p1b: Farigiraf|move: Protect\n|\n|-weather|RainDance|[upkeep]\n|upkeep\n|\n|t:|1775920622\n|switch|p1a: Charizard|Charizard, L50, F|100/100\n|turn|6\n|inactive|PhatBabyShane has 30 seconds left.\n|\n|t:|1775920651\n|detailschange|p1a: Charizard|Charizard-Mega-Y, L50, F\n|-mega|p1a: Charizard|Charizard|Charizardite Y\n|-weather|SunnyDay|[from] ability: Drought|[of] p1a: Charizard\n|move|p2a: Incineroar|Throat Chop|p1b: Farigiraf\n|-supereffective|p1b: Farigiraf|1\n|-damage|p1b: Farigiraf|0 fnt\n|faint|p1b: Farigiraf\n|move|p2b: Farigiraf|Psychic|p1a: Charizard\n|-damage|p1a: Charizard|60/100\n|move|p1a: Charizard|Heat Wave|p2b: Farigiraf|[spread] \n|-miss|p1a: Charizard|p2a: Incineroar\n|-miss|p1a: Charizard|p2b: Farigiraf\n|\n|-weather|SunnyDay|[upkeep]\n|upkeep\n|turn|7\n|c|\u2606PhatBabyShane|wow\n|inactive|PhatBabyShane has 30 seconds left.\n|c|\u2606lobbychatlagsmypc|tbf the miss didnt matter\n|inactive|lobbychatlagsmypc has 30 seconds left.\n|c|\u2606lobbychatlagsmypc|i protect on last turn of tw and outspeed with starmie\n|inactive|lobbychatlagsmypc has 20 seconds left.\n|\n|t:|1775920699\n|move|p2a: Incineroar|Throat Chop|p1a: Charizard\n|-damage|p1a: Charizard|13/100\n|-start|p1a: Charizard|Throat Chop|[silent]\n|move|p2b: Farigiraf|Psychic|p1a: Charizard\n|-damage|p1a: Charizard|0 fnt\n|faint|p1a: Charizard\n|\n|win|lobbychatlagsmypc\n|raw|PhatBabyShane's rating: 1113 &rarr; <strong>1094</strong><br />(-19 for losing)\n|raw|lobbychatlagsmypc's rating: 1192 &rarr; <strong>1211</strong><br />(+19 for winning)\n",
  "uploadtime": 1775920706,
  "views": 18,
  "formatid": "gen9championsvgc2026regma",
  "rating": 1094,
  "private": 0,
  "password": null
}