{
  "id": "gen9championsvgc2026regma-2581428375",
  "format": "[Gen 9 Champions] VGC 2026 Reg M-A",
  "players": [
    "thealex610",
    "combee3392"
  ],
  "log": "|j|\u2606thealex610\n|j|\u2606combee3392\n|t:|1775999428\n|gametype|doubles\n|player|p1|thealex610|170|1000\n|player|p2|combee3392|266|1086\n|gen|9\n|tier|[Gen 9 Champions] VGC 2026 Reg M-A\n|rated|\n|rule|Species Clause: Limit one of each Pok\u00e9mon\n|rule|Item Clause: Limit 1 of each item\n|clearpoke\n|poke|p1|Sneasler, L50, M|\n|poke|p1|Talonflame, L50, F|\n|poke|p1|Milotic, L50, F|\n|poke|p1|Aegislash, L50, F|\n|poke|p1|Scizor, L50, F|\n|poke|p1|Tyranitar, L50, F|\n|poke|p2|Mimikyu, L50, F|\n|poke|p2|Camerupt, L50, F|\n|poke|p2|Roserade, L50, M|\n|poke|p2|Orthworm, L50, F|\n|poke|p2|Palafin, L50, F|\n|poke|p2|Rotom-Frost, L50|\n|teampreview|4\nthealex610 has agreed to open team sheets.\ncombee3392 rejected open team sheets.\n|\n|t:|1775999463\n|teamsize|p1|4\n|teamsize|p2|4\n|start\n|switch|p1a: Sneasler|Sneasler, L50, M|100/100\n|switch|p1b: Talonflame|Talonflame, L50, F|100/100\n|switch|p2a: Palafin|Palafin, L50, F|100/100\n|switch|p2b: googoo|Mimikyu, L50, F, shiny|100/100\n|turn|1\n|\n|t:|1775999488\n|move|p2a: Palafin|Jet Punch|p1b: Talonflame\n|-supereffective|p1b: Talonflame|1\n|-damage|p1b: Talonflame|36/100\n|move|p1b: Talonflame|Tailwind|p1b: Talonflame\n|-sidestart|p1: thealex610|move: Tailwind\n|move|p1a: Sneasler|Dire Claw|p2b: googoo\n|-activate|p2b: googoo|ability: Disguise\n|-damage|p2b: googoo|100/100\n|detailschange|p2b: googoo|Mimikyu-Busted, L50, F, shiny\n|-damage|p2b: googoo|88/100|[from] pokemon: Mimikyu-Busted\n|move|p2b: googoo|Trick Room|p2b: googoo\n|-fieldstart|move: Trick Room|[of] p2b: googoo\n|\n|upkeep\n|turn|2\n|\n|t:|1775999509\n|switch|p2b: Orthworm|Orthworm, L50, F|100/100\n|switch|p1a: Aegislash|Aegislash, L50, F|100/100\n|move|p1b: Talonflame|Protect|p1b: Talonflame\n|-singleturn|p1b: Talonflame|Protect\n|move|p2a: Palafin|Jet Punch|p1b: Talonflame\n|-activate|p1b: Talonflame|move: Protect\n|\n|upkeep\n|turn|3\n|\n|t:|1775999531\n|switch|p1b: Sneasler|Sneasler, L50, M|100/100\n|move|p2a: Palafin|Jet Punch|p1b: Sneasler\n|-damage|p1b: Sneasler|61/100\n|move|p2b: Orthworm|Shed Tail|p2b: Orthworm\n|-start|p2b: Orthworm|Substitute|[from] move: Shed Tail\n|-damage|p2b: Orthworm|50/100\n|\n|t:|1775999538\n|switch|p2b: Camerupt|Camerupt, L50, F|100/100|[from] Shed Tail\n|-formechange|p1a: Aegislash|Aegislash-Blade|\n|move|p1a: Aegislash|Sacred Sword|p2b: Camerupt\n|-end|p2b: Camerupt|Substitute\n|\n|upkeep\n|turn|4\n|\n|t:|1775999557\n|detailschange|p2a: Palafin|Palafin-Hero, L50, F\n|switch|p2a: Orthworm|Orthworm, L50, F|50/100\n|detailschange|p2b: Camerupt|Camerupt-Mega, L50, F\n|-mega|p2b: Camerupt|Camerupt|Cameruptite\n|move|p1b: Sneasler|Fake Out|p2a: Orthworm\n|-resisted|p2a: Orthworm|1\n|-damage|p2a: Orthworm|45/100\n|move|p2b: Camerupt|Earthquake|p1b: Sneasler|[spread] p1a,p1b\n|-heal|p2a: Orthworm|70/100|[from] ability: Earth Eater|[of] p2b: Camerupt\n|-supereffective|p1a: Aegislash|1\n|-supereffective|p1b: Sneasler|1\n|-damage|p1a: Aegislash|10/100\n|-damage|p1b: Sneasler|0 fnt\n|faint|p1b: Sneasler\n|move|p1a: Aegislash|Sacred Sword|p2b: Camerupt\n|-damage|p2b: Camerupt|68/100\n|\n|-heal|p2a: Orthworm|76/100|[from] item: Leftovers\n|-heal|p1a: Aegislash|16/100|[from] item: Leftovers\n|-sideend|p1: thealex610|move: Tailwind\n|upkeep\n|\n|t:|1775999577\n|switch|p1b: Talonflame|Talonflame, L50, F|36/100\n|turn|5\n|\n|t:|1775999602\n|move|p2b: Camerupt|Heat Wave|p1b: Talonflame|[spread] p1a,p1b\n|-supereffective|p1a: Aegislash|1\n|-resisted|p1b: Talonflame|1\n|-damage|p1a: Aegislash|0 fnt\n|-damage|p1b: Talonflame|0 fnt\n|faint|p1a: Aegislash\n|faint|p1b: Talonflame\n|move|p2a: Orthworm|Shed Tail|p2a: Orthworm\n|-start|p2a: Orthworm|Substitute|[from] move: Shed Tail\n|-damage|p2a: Orthworm|26/100\n|\n|t:|1775999611\n|switch|p2a: Palafin|Palafin-Hero, L50, F|100/100|[from] Shed Tail\n|-activate|p2a: Palafin|ability: Zero to Hero\n|\n|-fieldend|move: Trick Room\n|upkeep\n|\n|t:|1775999619\n|switch|p1a: Scizor|Scizor, L50, F, shiny|100/100\n|turn|6\n|\n|t:|1775999626\n|detailschange|p1a: Scizor|Scizor-Mega, L50, F, shiny\n|-mega|p1a: Scizor|Scizor|Scizorite\n|move|p2a: Palafin|Aura Sphere|p1a: Scizor\n|-damage|p1a: Scizor|75/100\n|move|p1a: Scizor|Dual Wingbeat|p2b: Camerupt\n|-damage|p2b: Camerupt|46/100\n|-damage|p2b: Camerupt|19/100\n|-hitcount|p2b: Camerupt|2\n|move|p2b: Camerupt|Flamethrower|p1a: Scizor\n|-supereffective|p1a: Scizor|2\n|-damage|p1a: Scizor|0 fnt\n|faint|p1a: Scizor\n|\n|win|combee3392\n|raw|thealex610's rating: 1000 &rarr; <strong>1000</strong><br />(+0 for losing)\n|raw|combee3392's rating: 1086 &rarr; <strong>1107</strong><br />(+21 for winning)\n|c|\u2606combee3392|gg\n",
  "uploadtime": 1775999639,
  "views": 57,
  "formatid": "gen9championsvgc2026regma",
  "rating": 1000,
  "private": 0,
  "password": null
}