{
  "id": "gen9championsvgc2026regma-2584367190",
  "format": "[Gen 9 Champions] VGC 2026 Reg M-A",
  "players": [
    "Cbvgcgame426",
    "Mulegator12"
  ],
  "log": "|j|\u2606Cbvgcgame426\n|j|\u2606Mulegator12\n|t:|1776255389\n|gametype|doubles\n|player|p1|Cbvgcgame426|red|1089\n|player|p2|Mulegator12|2|1156\n|gen|9\n|tier|[Gen 9 Champions] VGC 2026 Reg M-A\n|rated|\n|rule|Species Clause: Limit one of each Pok\u00e9mon\n|rule|Item Clause: Limit 1 of each item\n|clearpoke\n|poke|p1|Charizard, L50, M|\n|poke|p1|Venusaur, L50, M|\n|poke|p1|Garchomp, L50, F|\n|poke|p1|Rotom-Wash, L50|\n|poke|p1|Sneasler, L50, F|\n|poke|p1|Incineroar, L50, F|\n|poke|p2|Scizor, L50, F|\n|poke|p2|Gardevoir, L50, F|\n|poke|p2|Milotic, L50, F|\n|poke|p2|Talonflame, L50, M|\n|poke|p2|Lopunny, L50, M|\n|poke|p2|Mamoswine, L50, M|\n|teampreview|4\n|\n|t:|1776255451\n|teamsize|p1|4\n|teamsize|p2|4\n|start\n|switch|p1a: Garchomp|Garchomp, L50, F|100/100\n|switch|p1b: Incineroar|Incineroar, L50, F|100/100\n|switch|p2a: Lopunny|Lopunny, L50, M|100/100\n|switch|p2b: Talonflame|Talonflame, L50, M|100/100\n|-ability|p1b: Incineroar|Intimidate|boost\n|-unboost|p2a: Lopunny|atk|1\n|-unboost|p2b: Talonflame|atk|1\n|turn|1\n|\n|t:|1776255478\n|switch|p2b: Scizor|Scizor, L50, F|100/100\n|detailschange|p2a: Lopunny|Lopunny-Mega, L50, M\n|-mega|p2a: Lopunny|Lopunny|Lopunnite\n|move|p2a: Lopunny|Fake Out|p1a: Garchomp\n|-damage|p1a: Garchomp|87/100\n|-damage|p2a: Lopunny|88/100|[from] ability: Rough Skin|[of] p1a: Garchomp\n|move|p1b: Incineroar|Fake Out|p2b: Scizor\n|-resisted|p2b: Scizor|1\n|-damage|p2b: Scizor|92/100\n|cant|p1a: Garchomp|flinch\n|\n|upkeep\n|turn|2\n|\n|t:|1776255497\n|switch|p1b: Charizard|Charizard, L50, M|100/100\n|move|p2b: Scizor|Protect|p2b: Scizor\n|-singleturn|p2b: Scizor|Protect\n|move|p1a: Garchomp|Earthquake|p2a: Lopunny|[spread] p2a\n|-activate|p2b: Scizor|move: Protect\n|-immune|p1b: Charizard\n|-damage|p2a: Lopunny|35/100\n|move|p2a: Lopunny|Triple Axel|p1a: Garchomp\n|-supereffective|p1a: Garchomp|2\n|-damage|p1a: Garchomp|67/100\n|-damage|p2a: Lopunny|23/100|[from] ability: Rough Skin|[of] p1a: Garchomp\n|-supereffective|p1a: Garchomp|2\n|-damage|p1a: Garchomp|28/100\n|-damage|p2a: Lopunny|10/100|[from] ability: Rough Skin|[of] p1a: Garchomp\n|-supereffective|p1a: Garchomp|2\n|-damage|p1a: Garchomp|0 fnt\n|-damage|p2a: Lopunny|0 fnt|[from] ability: Rough Skin|[of] p1a: Garchomp\n|faint|p1a: Garchomp\n|faint|p2a: Lopunny\n|-hitcount|p1: Garchomp|3\n|\n|upkeep\n|\n|t:|1776255520\n|switch|p2a: Talonflame|Talonflame, L50, M|100/100\n|switch|p1a: Incineroar|Incineroar, L50, F|100/100\n|-ability|p1a: Incineroar|Intimidate|boost\n|-unboost|p2a: Talonflame|atk|1\n|-unboost|p2b: Scizor|atk|1\n|turn|3\n|\n|t:|1776255545\n|switch|p2b: Gardevoir|Gardevoir, L50, F|100/100\n|detailschange|p1b: Charizard|Charizard-Mega-Y, L50, M\n|-mega|p1b: Charizard|Charizard|Charizardite Y\n|-weather|SunnyDay|[from] ability: Drought|[of] p1b: Charizard\n|move|p1a: Incineroar|Fake Out|p2a: Talonflame\n|-damage|p2a: Talonflame|78/100\n|cant|p2a: Talonflame|flinch\n|move|p1b: Charizard|Heat Wave|p2a: Talonflame|[spread] p2a,p2b\n|-resisted|p2a: Talonflame|1\n|-damage|p2a: Talonflame|23/100\n|-damage|p2b: Gardevoir|29/100\n|\n|-weather|SunnyDay|[upkeep]\n|upkeep\n|turn|4\n|\n|t:|1776255572\n|move|p1b: Charizard|Protect|p1b: Charizard\n|-singleturn|p1b: Charizard|Protect\n|move|p2b: Gardevoir|Moonblast|p1b: Charizard\n|-activate|p1b: Charizard|move: Protect\n|move|p2a: Talonflame|Brave Bird|p1b: Charizard\n|-activate|p1b: Charizard|move: Protect\n|move|p1a: Incineroar|Darkest Lariat|p2b: Gardevoir\n|-damage|p2b: Gardevoir|0 fnt\n|faint|p2b: Gardevoir\n|\n|-weather|SunnyDay|[upkeep]\n|upkeep\n|\n|t:|1776255575\n|switch|p2b: Scizor|Scizor, L50, F|92/100\n|turn|5\n|\n|t:|1776255603\n|move|p2b: Scizor|Bullet Punch|p1b: Charizard\n|-resisted|p1b: Charizard|1\n|-damage|p1b: Charizard|73/100\n|move|p2a: Talonflame|Brave Bird|p1b: Charizard\n|-damage|p1b: Charizard|21/100\n|-damage|p2a: Talonflame|6/100|[from] Recoil\n|move|p1b: Charizard|Weather Ball|p2a: Talonflame\n|-resisted|p2a: Talonflame|1\n|-damage|p2a: Talonflame|0 fnt\n|faint|p2a: Talonflame\n|move|p1a: Incineroar|Flare Blitz|p2b: Scizor\n|-supereffective|p2b: Scizor|2\n|-damage|p2b: Scizor|0 fnt\n|faint|p2b: Scizor\n|-damage|p1a: Incineroar|77/100|[from] Recoil\n|\n|win|Cbvgcgame426\n|raw|Cbvgcgame426's rating: 1089 &rarr; <strong>1121</strong><br />(+32 for winning)\n|raw|Mulegator12's rating: 1156 &rarr; <strong>1126</strong><br />(-30 for losing)\n",
  "uploadtime": 1776255612,
  "views": 31,
  "formatid": "gen9championsvgc2026regma",
  "rating": 1121,
  "private": 0,
  "password": null
}