{
  "id": "gen9championsvgc2026regma-2584303158",
  "format": "[Gen 9 Champions] VGC 2026 Reg M-A",
  "players": [
    "SleepyBadBoy",
    "fangyusuhe"
  ],
  "log": "|j|\u2606SleepyBadBoy\n|j|\u2606fangyusuhe\n|t:|1776249091\n|gametype|doubles\n|player|p1|SleepyBadBoy|102|1383\n|player|p2|fangyusuhe|dawn|1484\n|gen|9\n|tier|[Gen 9 Champions] VGC 2026 Reg M-A\n|rated|\n|rule|Species Clause: Limit one of each Pok\u00e9mon\n|rule|Item Clause: Limit 1 of each item\n|clearpoke\n|poke|p1|Gengar, L50, F|\n|poke|p1|Politoed, L50, M|\n|poke|p1|Incineroar, L50, F|\n|poke|p1|Palafin, L50, M|\n|poke|p1|Corviknight, L50, M|\n|poke|p1|Sinistcha, L50|\n|poke|p2|Charizard, L50, M|\n|poke|p2|Sneasler, L50, F|\n|poke|p2|Basculegion, L50, M|\n|poke|p2|Garchomp, L50, F|\n|poke|p2|Incineroar, L50, M|\n|poke|p2|Venusaur, L50, F|\n|teampreview|4\n|inactive|Battle timer is ON: inactive players will automatically lose when time's up. (requested by SleepyBadBoy)\n|l|\u2606fangyusuhe\n|inactive|fangyusuhe disconnected and has a minute to reconnect!\n|player|p2|\n|j|\u2606fangyusuhe\n|inactive|fangyusuhe reconnected.\n|player|p2|fangyusuhe|dawn|\n|inactive|SleepyBadBoy has 60 seconds left.\n|\n|t:|1776249148\n|teamsize|p1|4\n|teamsize|p2|4\n|start\n|switch|p1a: Palafin|Palafin, L50, M|100/100\n|switch|p1b: Gengar|Gengar, L50, F|100/100\n|switch|p2a: Sneasler|Sneasler, L50, F|100/100\n|switch|p2b: Basculegion|Basculegion, L50, M|100/100\n|turn|1\n|\n|t:|1776249163\n|detailschange|p1a: Palafin|Palafin-Hero, L50, M\n|switch|p1a: Incineroar|Incineroar, L50, F|100/100\n|-ability|p1a: Incineroar|Intimidate|boost\n|-unboost|p2a: Sneasler|atk|1\n|-unboost|p2b: Basculegion|atk|1\n|-enditem|p2a: Sneasler|White Herb\n|-clearnegativeboost|p2a: Sneasler|[silent]\n|detailschange|p1b: Gengar|Gengar-Mega, L50, F\n|-mega|p1b: Gengar|Gengar|Gengarite\n|move|p1b: Gengar|Protect|p1b: Gengar\n|-singleturn|p1b: Gengar|Protect\n|move|p2a: Sneasler|Fake Out|p1a: Incineroar\n|-damage|p1a: Incineroar|90/100\n|move|p2b: Basculegion|Flip Turn|p1b: Gengar\n|-activate|p1b: Gengar|move: Protect\n|\n|upkeep\n|turn|2\n|\n|t:|1776249183\n|move|p1a: Incineroar|Fake Out|p2a: Sneasler\n|-damage|p2a: Sneasler|82/100\n|cant|p2a: Sneasler|flinch\n|move|p2b: Basculegion|Flip Turn|p1b: Gengar\n|-damage|p1b: Gengar|72/100\n|\n|t:|1776249193\n|switch|p2b: Venusaur|Venusaur, L50, F|100/100|[from] Flip Turn\n|move|p1b: Gengar|Perish Song|p1b: Gengar\n|-start|p1a: Incineroar|perish3|[silent]\n|-start|p1b: Gengar|perish3|[silent]\n|-start|p2a: Sneasler|perish3|[silent]\n|-start|p2b: Venusaur|perish3|[silent]\n|-fieldactivate|move: Perish Song\n|\n|-start|p2a: Sneasler|perish3\n|-start|p1b: Gengar|perish3\n|-start|p2b: Venusaur|perish3\n|-start|p1a: Incineroar|perish3\n|upkeep\n|turn|3\n|\n|t:|1776249203\n|move|p1b: Gengar|Protect|p1b: Gengar\n|-singleturn|p1b: Gengar|Protect\n|move|p1a: Incineroar|Protect|p1a: Incineroar\n|-singleturn|p1a: Incineroar|Protect\n|move|p2a: Sneasler|Close Combat|p1a: Incineroar\n|-activate|p1a: Incineroar|move: Protect\n|move|p2b: Venusaur|Sleep Powder|p1b: Gengar\n|-activate|p1b: Gengar|move: Protect\n|\n|-start|p2a: Sneasler|perish2\n|-start|p1b: Gengar|perish2\n|-start|p2b: Venusaur|perish2\n|-start|p1a: Incineroar|perish2\n|upkeep\n|turn|4\n|\n|t:|1776249216\n|switch|p1a: Politoed|Politoed, L50, M|100/100\n|-weather|RainDance|[from] ability: Drizzle|[of] p1a: Politoed\n|move|p2a: Sneasler|Close Combat|p1a: Politoed\n|-damage|p1a: Politoed|47/100\n|-unboost|p2a: Sneasler|def|1\n|-unboost|p2a: Sneasler|spd|1\n|-enditem|p1a: Politoed|Sitrus Berry|[eat]\n|-heal|p1a: Politoed|72/100|[from] item: Sitrus Berry\n|move|p1b: Gengar|Disable|p2b: Venusaur\n|-start|p2b: Venusaur|Disable|Sleep Powder\n|move|p2b: Venusaur|Energy Ball|p1a: Politoed\n|-supereffective|p1a: Politoed|1\n|-damage|p1a: Politoed|0 fnt\n|faint|p1a: Politoed\n|\n|-weather|RainDance|[upkeep]\n|-start|p2a: Sneasler|perish1\n|-start|p1b: Gengar|perish1\n|-start|p2b: Venusaur|perish1\n|upkeep\n|\n|t:|1776249231\n|switch|p1a: Incineroar|Incineroar, L50, F|90/100\n|-ability|p1a: Incineroar|Intimidate|boost\n|-unboost|p2a: Sneasler|atk|1\n|-unboost|p2b: Venusaur|atk|1\n|turn|5\n|\n|t:|1776249237\n|switch|p1b: Palafin|Palafin-Hero, L50, M|100/100\n|-activate|p1b: Palafin|ability: Zero to Hero\n|move|p1a: Incineroar|Fake Out|p2b: Venusaur\n|-damage|p2b: Venusaur|85/100\n|move|p2a: Sneasler|Close Combat|p1a: Incineroar\n|-supereffective|p1a: Incineroar|1\n|-enditem|p1a: Incineroar|Chople Berry|[eat]\n|-enditem|p1a: Incineroar|Chople Berry|[weaken]\n|-damage|p1a: Incineroar|54/100\n|-unboost|p2a: Sneasler|def|1\n|-unboost|p2a: Sneasler|spd|1\n|cant|p2b: Venusaur|flinch\n|\n|-weather|RainDance|[upkeep]\n|-start|p2a: Sneasler|perish0\n|-start|p2b: Venusaur|perish0\n|upkeep\n|faint|p2a: Sneasler\n|faint|p2b: Venusaur\n|\n|t:|1776249241\n|switch|p2a: Charizard|Charizard, L50, M|100/100\n|switch|p2b: Basculegion|Basculegion, L50, M|100/100\n|turn|6\n|\n|t:|1776249257\n|move|p2b: Basculegion|Last Respects|p1b: Palafin\n|-damage|p1b: Palafin|19/100\n|move|p2a: Charizard|Weather Ball|p1a: Incineroar\n|-supereffective|p1a: Incineroar|1\n|-damage|p1a: Incineroar|0 fnt\n|faint|p1a: Incineroar\n|move|p1b: Palafin|Wave Crash|p2a: Charizard\n|-supereffective|p2a: Charizard|1\n|-damage|p2a: Charizard|0 fnt\n|faint|p2a: Charizard\n|-damage|p1b: Palafin|0 fnt|[from] Recoil\n|faint|p1b: Palafin\n|\n|-weather|RainDance|[upkeep]\n|upkeep\n|\n|t:|1776249264\n|switch|p1b: Gengar|Gengar-Mega, L50, F|72/100\n|turn|7\n|-message|SleepyBadBoy forfeited.\n|\n|win|fangyusuhe\n|raw|SleepyBadBoy's rating: 1383 &rarr; <strong>1369</strong><br />(-14 for losing)\n|raw|fangyusuhe's rating: 1484 &rarr; <strong>1498</strong><br />(+14 for winning)\n|l|\u2606SleepyBadBoy\n|player|p1|\n",
  "uploadtime": 1776249279,
  "views": 57,
  "formatid": "gen9championsvgc2026regma",
  "rating": 1369,
  "private": 0,
  "password": null
}