{
  "id": "gen9championsvgc2026regma-2586786625",
  "format": "[Gen 9 Champions] VGC 2026 Reg M-A",
  "players": [
    "Andemannalt",
    "areestoo"
  ],
  "log": "|j|\u2606Andemannalt\n|j|\u2606areestoo\n|t:|1776459825\n|gametype|doubles\n|player|p1|Andemannalt|169|1202\n|player|p2|areestoo|101|1266\n|gen|9\n|tier|[Gen 9 Champions] VGC 2026 Reg M-A\n|rated|\n|rule|Species Clause: Limit one of each Pok\u00e9mon\n|rule|Item Clause: Limit 1 of each item\n|clearpoke\n|poke|p1|Skarmory, L50, F|\n|poke|p1|Garchomp, L50, M|\n|poke|p1|Tyranitar, L50, F|\n|poke|p1|Rotom-Heat, L50|\n|poke|p1|Sinistcha, L50|\n|poke|p1|Milotic, L50, F|\n|poke|p2|Incineroar, L50, F|\n|poke|p2|Farigiraf, L50, F|\n|poke|p2|Torkoal, L50, F|\n|poke|p2|Scovillain, L50, F|\n|poke|p2|Hatterene, L50, F|\n|poke|p2|Crabominable, L50, M|\n|teampreview|4\n|inactive|Battle timer is ON: inactive players will automatically lose when time's up. (requested by areestoo)\n|inactive|areestoo has 60 seconds left.\n|\n|t:|1776459873\n|teamsize|p1|4\n|teamsize|p2|4\n|start\n|switch|p1a: Incin obliterator|Milotic, L50, F|100/100\n|switch|p1b: Tyranitar|Tyranitar, L50, F|100/100\n|switch|p2a: Farigiraf|Farigiraf, L50, F|100/100\n|switch|p2b: Scovillain|Scovillain, L50, F|100/100\n|-weather|Sandstorm|[from] ability: Sand Stream|[of] p1b: Tyranitar\n|turn|1\n|inactive|Andemannalt has 30 seconds left.\n|\n|t:|1776459899\n|detailschange|p2b: Scovillain|Scovillain-Mega, L50, F\n|-mega|p2b: Scovillain|Scovillain|Scovillainite\n|move|p2b: Scovillain|Rage Powder|p2b: Scovillain\n|-singleturn|p2b: Scovillain|move: Rage Powder\n|move|p1a: Incin obliterator|Weather Ball|p2b: Scovillain\n|-supereffective|p2b: Scovillain|1\n|-damage|p2b: Scovillain|42/100\n|-status|p1a: Incin obliterator|brn|[from] ability: Spicy Spray|[of] p2b: Scovillain\n|move|p1b: Tyranitar|Rock Slide|p2b: Scovillain|[spread] p2a,p2b\n|-supereffective|p2b: Scovillain|1\n|-damage|p2a: Farigiraf|64/100\n|-damage|p2b: Scovillain|0 fnt\n|-status|p1b: Tyranitar|brn|[from] ability: Spicy Spray|[of] p2b: Scovillain\n|faint|p2b: Scovillain\n|move|p2a: Farigiraf|Trick Room|p2a: Farigiraf\n|-fieldstart|move: Trick Room|[of] p2a: Farigiraf\n|\n|-weather|Sandstorm|[upkeep]\n|-damage|p2a: Farigiraf|58/100|[from] Sandstorm\n|-damage|p1a: Incin obliterator|95/100 brn|[from] Sandstorm\n|-heal|p1a: Incin obliterator|100/100 brn|[from] item: Leftovers\n|-damage|p1b: Tyranitar|95/100 brn|[from] brn\n|-damage|p1a: Incin obliterator|95/100 brn|[from] brn\n|upkeep\n|\n|t:|1776459913\n|switch|p2b: Hatterene|Hatterene, L50, F|100/100\n|turn|2\n|inactive|Andemannalt has 30 seconds left.\n|\n|t:|1776459947\n|move|p2b: Hatterene|Dazzling Gleam|p1b: Tyranitar|[spread] p1a,p1b\n|-supereffective|p1b: Tyranitar|1\n|-damage|p1a: Incin obliterator|60/100 brn\n|-damage|p1b: Tyranitar|42/100 brn\n|move|p2a: Farigiraf|Nasty Plot|p2a: Farigiraf\n|-boost|p2a: Farigiraf|spa|2\n|move|p1b: Tyranitar|Knock Off|p2a: Farigiraf\n|-supereffective|p2a: Farigiraf|1\n|-damage|p2a: Farigiraf|1/100\n|-enditem|p2a: Farigiraf|Mental Herb|[from] move: Knock Off|[of] p1b: Tyranitar\n|move|p1a: Incin obliterator|Scald|p2b: Hatterene\n|-damage|p2b: Hatterene|69/100\n|\n|-weather|Sandstorm|[upkeep]\n|-damage|p2b: Hatterene|63/100|[from] Sandstorm\n|-damage|p2a: Farigiraf|0 fnt|[from] Sandstorm\n|-damage|p1a: Incin obliterator|54/100 brn|[from] Sandstorm\n|faint|p2a: Farigiraf\n|-heal|p1a: Incin obliterator|60/100 brn|[from] item: Leftovers\n|-damage|p1b: Tyranitar|36/100 brn|[from] brn\n|-damage|p1a: Incin obliterator|54/100 brn|[from] brn\n|upkeep\n|\n|t:|1776459955\n|switch|p2a: Incineroar|Incineroar, L50, F|100/100\n|-ability|p2a: Incineroar|Intimidate|boost\n|-unboost|p1a: Incin obliterator|atk|1\n|-ability|p1a: Incin obliterator|Competitive|boost\n|-boost|p1a: Incin obliterator|spa|2\n|-unboost|p1b: Tyranitar|atk|1\n|turn|3\n|\n|t:|1776459974\n|move|p2b: Hatterene|Dazzling Gleam|p1b: Tyranitar|[spread] p1a,p1b\n|-supereffective|p1b: Tyranitar|1\n|-damage|p1a: Incin obliterator|26/100 brn\n|-damage|p1b: Tyranitar|0 fnt\n|faint|p1b: Tyranitar\n|move|p2a: Incineroar|Throat Chop|p1a: Incin obliterator\n|-damage|p1a: Incin obliterator|0 fnt\n|faint|p1a: Incin obliterator\n|\n|-weather|Sandstorm|[upkeep]\n|-damage|p2b: Hatterene|57/100|[from] Sandstorm\n|-damage|p2a: Incineroar|95/100|[from] Sandstorm\n|upkeep\n|\n|t:|1776459983\n|switch|p1b: Steel blaster 9000|Garchomp, L50, M|100/100\n|switch|p1a: No more Floette|Skarmory, L50, F|100/100\n|turn|4\n|\n|t:|1776459999\n|move|p1a: No more Floette|Protect|p1a: No more Floette\n|-singleturn|p1a: No more Floette|Protect\n|move|p1b: Steel blaster 9000|Protect|p1b: Steel blaster 9000\n|-singleturn|p1b: Steel blaster 9000|Protect\n|move|p2b: Hatterene|Dazzling Gleam|p1a: No more Floette|[spread] \n|-activate|p1a: No more Floette|move: Protect\n|-activate|p1b: Steel blaster 9000|move: Protect\n|move|p2a: Incineroar|Throat Chop|p1b: Steel blaster 9000\n|-activate|p1b: Steel blaster 9000|move: Protect\n|\n|-weather|Sandstorm|[upkeep]\n|-damage|p2b: Hatterene|51/100|[from] Sandstorm\n|-damage|p2a: Incineroar|89/100|[from] Sandstorm\n|upkeep\n|turn|5\n|\n|t:|1776460017\n|detailschange|p1a: No more Floette|Skarmory-Mega, L50, F\n|-mega|p1a: No more Floette|Skarmory|Skarmorite\n|move|p2b: Hatterene|Dazzling Gleam|p1a: No more Floette|[spread] p1a,p1b\n|-resisted|p1a: No more Floette|1\n|-supereffective|p1b: Steel blaster 9000|1\n|-damage|p1a: No more Floette|72/100\n|-damage|p1b: Steel blaster 9000|5/100\n|move|p2a: Incineroar|Throat Chop|p1b: Steel blaster 9000\n|-damage|p1b: Steel blaster 9000|0 fnt\n|faint|p1b: Steel blaster 9000\n|move|p1a: No more Floette|Iron Head|p2b: Hatterene\n|-supereffective|p2b: Hatterene|1\n|-damage|p2b: Hatterene|0 fnt\n|faint|p2b: Hatterene\n|\n|-weather|none\n|-fieldend|move: Trick Room\n|upkeep\n|turn|6\n|\n|t:|1776460032\n|move|p1a: No more Floette|Protect|p1a: No more Floette\n|-singleturn|p1a: No more Floette|Protect\n|move|p2a: Incineroar|Flare Blitz|p1a: No more Floette\n|-activate|p1a: No more Floette|move: Protect\n|\n|upkeep\n|turn|7\n|c|\u2606areestoo|just press iron head a bunch of times and flinch\n|c|\u2606areestoo|you can do it\n|inactive|Andemannalt has 30 seconds left.\n|inactive|Andemannalt has 20 seconds left.\n|inactive|Andemannalt has 15 seconds left.\n|\n|t:|1776460077\n|move|p1a: No more Floette|Brave Bird|p2a: Incineroar\n|-damage|p2a: Incineroar|29/100\n|-damage|p1a: No more Floette|43/100|[from] Recoil\n|move|p2a: Incineroar|Flare Blitz|p1a: No more Floette\n|-supereffective|p1a: No more Floette|1\n|-damage|p1a: No more Floette|0 fnt\n|faint|p1a: No more Floette\n|-damage|p2a: Incineroar|19/100|[from] Recoil\n|\n|win|areestoo\n|raw|Andemannalt's rating: 1202 &rarr; <strong>1182</strong><br />(-20 for losing)\n|raw|areestoo's rating: 1266 &rarr; <strong>1286</strong><br />(+20 for winning)\n",
  "uploadtime": 1776460078,
  "views": 22,
  "formatid": "gen9championsvgc2026regma",
  "rating": 1182,
  "private": 0,
  "password": null
}