{
  "id": "gen9championsvgc2026regma-2582809053",
  "format": "[Gen 9 Champions] VGC 2026 Reg M-A",
  "players": [
    "kantinevgc",
    "soolers2test"
  ],
  "log": "|j|\u2606kantinevgc\n|j|\u2606soolers2test\n|t:|1776115733\n|gametype|doubles\n|player|p1|kantinevgc|roughneck-gen4|1163\n|player|p2|soolers2test|169|1261\n|gen|9\n|tier|[Gen 9 Champions] VGC 2026 Reg M-A\n|rated|\n|rule|Species Clause: Limit one of each Pok\u00e9mon\n|rule|Item Clause: Limit 1 of each item\n|clearpoke\n|poke|p1|Chesnaught, L50, M|\n|poke|p1|Slowking-Galar, L50, M|\n|poke|p1|Incineroar, L50, M|\n|poke|p1|Ninetales-Alola, L50, M|\n|poke|p1|Kleavor, L50, F|\n|poke|p1|Aegislash, L50, M|\n|poke|p2|Glimmora, L50, M|\n|poke|p2|Basculegion-F, L50, F|\n|poke|p2|Toxicroak, L50, F|\n|poke|p2|Pelipper, L50, F|\n|poke|p2|Greninja-*, L50, F|\n|poke|p2|Orthworm, L50, M|\n|teampreview|4\n|\n|t:|1776115761\n|teamsize|p1|4\n|teamsize|p2|4\n|start\n|switch|p1a: Kleavor|Kleavor, L50, F|100/100\n|switch|p1b: Slowking|Slowking-Galar, L50, M|100/100\n|switch|p2a: Glimmora|Glimmora, L50, M|100/100\n|switch|p2b: Toxicroak|Toxicroak, L50, F|100/100\n|turn|1\n|\n|t:|1776115790\n|detailschange|p2a: Glimmora|Glimmora-Mega, L50, M\n|-mega|p2a: Glimmora|Glimmora|Glimmoranite\n|move|p2b: Toxicroak|Fake Out|p1a: Kleavor\n|-resisted|p1a: Kleavor|1\n|-damage|p1a: Kleavor|93/100\n|cant|p1a: Kleavor|flinch\n|move|p2a: Glimmora|Earth Power|p1b: Slowking\n|-supereffective|p1b: Slowking|1\n|-damage|p1b: Slowking|52/100\n|move|p1b: Slowking|Trick Room|p1b: Slowking\n|-fieldstart|move: Trick Room|[of] p1b: Slowking\n|\n|upkeep\n|turn|2\n|l|\u2606kantinevgc\n|player|p1|\n|j|\u2606kantinevgc\n|player|p1|kantinevgc|roughneck-gen4|\n|\n|t:|1776115825\n|switch|p1a: Chesnaught|Chesnaught, L50, M|100/100\n|move|p2a: Glimmora|Spiky Shield|p2a: Glimmora\n|-singleturn|p2a: Glimmora|move: Protect\n|move|p2b: Toxicroak|Sucker Punch|p1b: Slowking\n|-supereffective|p1b: Slowking|1\n|-damage|p1b: Slowking|19/100\n|move|p1b: Slowking|Eerie Spell|p2b: Toxicroak\n|-supereffective|p2b: Toxicroak|2\n|-damage|p2b: Toxicroak|0 fnt\n|faint|p2b: Toxicroak\n|\n|upkeep\n|\n|t:|1776115839\n|switch|p2b: Pelipper|Pelipper, L50, F|100/100\n|-weather|RainDance|[from] ability: Drizzle|[of] p2b: Pelipper\n|turn|3\n|\n|t:|1776115844\n|switch|p2a: Basculegion|Basculegion-F, L50, F, shiny|100/100\n|detailschange|p1a: Chesnaught|Chesnaught-Mega, L50, M\n|-mega|p1a: Chesnaught|Chesnaught|Chesnaughtite\n|move|p1b: Slowking|Sludge Bomb|p2b: Pelipper\n|-damage|p2b: Pelipper|44/100\n|move|p1a: Chesnaught|Wood Hammer|p2b: Pelipper\n|-damage|p2b: Pelipper|0 fnt\n|faint|p2b: Pelipper\n|-damage|p1a: Chesnaught|91/100|[from] Recoil\n|\n|-weather|RainDance|[upkeep]\n|upkeep\n|\n|t:|1776115854\n|switch|p2b: Glimmora|Glimmora-Mega, L50, M|100/100\n|turn|4\n|\n|t:|1776115864\n|move|p2b: Glimmora|Spiky Shield|p2b: Glimmora\n|-singleturn|p2b: Glimmora|move: Protect\n|move|p1b: Slowking|Eerie Spell|p2a: Basculegion\n|-damage|p2a: Basculegion|62/100\n|move|p1a: Chesnaught|Wood Hammer|p2a: Basculegion\n|-supereffective|p2a: Basculegion|1\n|-damage|p2a: Basculegion|0 fnt\n|faint|p2a: Basculegion\n|-damage|p1a: Chesnaught|70/100|[from] Recoil\n|\n|-weather|RainDance|[upkeep]\n|upkeep\n|turn|5\n|\n|t:|1776115873\n|move|p2b: Glimmora|Spiky Shield||[still]\n|-fail|p2b: Glimmora\n|move|p1b: Slowking|Eerie Spell|p2b: Glimmora\n|-supereffective|p2b: Glimmora|1\n|-damage|p2b: Glimmora|22/100\n|-activate|p2b: Glimmora|move: Eerie Spell|Spiky Shield|3\n|move|p1a: Chesnaught|Body Press|p2b: Glimmora\n|-damage|p2b: Glimmora|0 fnt\n|faint|p2b: Glimmora\n|\n|win|kantinevgc\n|raw|kantinevgc's rating: 1163 &rarr; <strong>1195</strong><br />(+32 for winning)\n|raw|soolers2test's rating: 1261 &rarr; <strong>1229</strong><br />(-32 for losing)\n|l|\u2606soolers2test\n|player|p2|\n",
  "uploadtime": 1776115884,
  "views": 15,
  "formatid": "gen9championsvgc2026regma",
  "rating": 1195,
  "private": 0,
  "password": null
}