{
  "id": "gen9championsvgc2026regma-2582354472",
  "format": "[Gen 9 Champions] VGC 2026 Reg M-A",
  "players": [
    "SCPRafael",
    "ternis"
  ],
  "log": "|j|\u2606SCPRafael\n|j|\u2606ternis\n|t:|1776085877\n|gametype|doubles\n|player|p1|SCPRafael|101|1243\n|player|p2|ternis|2|1335\n|gen|9\n|tier|[Gen 9 Champions] VGC 2026 Reg M-A\n|rated|\n|rule|Species Clause: Limit one of each Pok\u00e9mon\n|rule|Item Clause: Limit 1 of each item\n|clearpoke\n|poke|p1|Aegislash, L50, F|\n|poke|p1|Sneasler, L50, F|\n|poke|p1|Froslass, L50, F|\n|poke|p1|Volcarona, L50, M|\n|poke|p1|Araquanid, L50, F|\n|poke|p1|Garchomp, L50, M|\n|poke|p2|Floette-Eternal, L50, F|\n|poke|p2|Incineroar, L50, F|\n|poke|p2|Maushold, L50|\n|poke|p2|Farigiraf, L50, M|\n|poke|p2|Rotom-Wash, L50|\n|poke|p2|Basculegion, L50, M|\n|teampreview|4\n|inactive|Battle timer is ON: inactive players will automatically lose when time's up. (requested by ternis)\n|\n|t:|1776085932\n|teamsize|p1|4\n|teamsize|p2|4\n|start\n|switch|p1a: Sneasler|Sneasler, L50, F, shiny|100/100\n|switch|p1b: Froslass|Froslass, L50, F, shiny|100/100\n|switch|p2a: Farigiraf|Farigiraf, L50, M|100/100\n|switch|p2b: Incineroar|Incineroar, L50, F|100/100\n|-ability|p2b: Incineroar|Intimidate|boost\n|-unboost|p1a: Sneasler|atk|1\n|-unboost|p1b: Froslass|atk|1\n|turn|1\n|\n|t:|1776085950\n|detailschange|p1b: Froslass|Froslass-Mega, L50, F, shiny\n|-mega|p1b: Froslass|Froslass|Froslassite\n|-weather|Snowscape|[from] ability: Snow Warning|[of] p1b: Froslass\n|move|p1b: Froslass|Protect|p1b: Froslass\n|-singleturn|p1b: Froslass|Protect\n|move|p1a: Sneasler|Close Combat|p2b: Incineroar\n|-supereffective|p2b: Incineroar|1\n|-damage|p2b: Incineroar|10/100\n|-unboost|p1a: Sneasler|def|1\n|-unboost|p1a: Sneasler|spd|1\n|-enditem|p2b: Incineroar|Sitrus Berry|[eat]\n|-heal|p2b: Incineroar|35/100|[from] item: Sitrus Berry\n|move|p2b: Incineroar|Flare Blitz|p1b: Froslass\n|-activate|p1b: Froslass|move: Protect\n|move|p2a: Farigiraf|Trick Room|p2a: Farigiraf\n|-fieldstart|move: Trick Room|[of] p2a: Farigiraf\n|\n|-weather|Snowscape|[upkeep]\n|upkeep\n|turn|2\n|\n|t:|1776085973\n|switch|p1b: Araquanid|Araquanid, L50, F, shiny|100/100\n|move|p1a: Sneasler|Protect|p1a: Sneasler\n|-singleturn|p1a: Sneasler|Protect\n|move|p2b: Incineroar|Flare Blitz|p1b: Araquanid\n|-damage|p1b: Araquanid|76/100\n|-damage|p2b: Incineroar|28/100|[from] Recoil\n|move|p2a: Farigiraf|Psychic|p1a: Sneasler\n|-activate|p1a: Sneasler|move: Protect\n|\n|-weather|Snowscape|[upkeep]\n|upkeep\n|turn|3\n|\n|t:|1776085998\n|switch|p1a: Aegislash|Aegislash, L50, F, shiny|100/100\n|move|p1b: Araquanid|Leech Life|p2a: Farigiraf\n|-supereffective|p2a: Farigiraf|1\n|-damage|p2a: Farigiraf|32/100\n|-heal|p1b: Araquanid|100/100|[from] drain|[of] p2a: Farigiraf\n|move|p2a: Farigiraf|Psychic|p1a: Aegislash\n|-resisted|p1a: Aegislash|1\n|-damage|p1a: Aegislash|86/100\n|move|p2b: Incineroar|Parting Shot|p1a: Aegislash\n|-unboost|p1a: Aegislash|atk|1\n|-unboost|p1a: Aegislash|spa|1\n|\n|t:|1776086013\n|switch|p2b: Floette|Floette-Eternal, L50, F|100/100|[from] Parting Shot\n|\n|-weather|Snowscape|[upkeep]\n|-heal|p1a: Aegislash|92/100|[from] item: Leftovers\n|-heal|p2a: Farigiraf|39/100|[from] item: Leftovers\n|upkeep\n|turn|4\n|\n|t:|1776086028\n|switch|p2a: Incineroar|Incineroar, L50, F|28/100\n|-ability|p2a: Incineroar|Intimidate|boost\n|-unboost|p1a: Aegislash|atk|1\n|-unboost|p1b: Araquanid|atk|1\n|detailschange|p2b: Floette|Floette-Mega, L50, F\n|-mega|p2b: Floette|Floette|Floettite\n|-ability|p2b: Floette|Fairy Aura\n|move|p1b: Araquanid|Liquidation|p2b: Floette\n|-damage|p2b: Floette|49/100\n|-formechange|p1a: Aegislash|Aegislash-Blade|\n|move|p1a: Aegislash|Flash Cannon|p2b: Floette\n|-supereffective|p2b: Floette|1\n|-damage|p2b: Floette|12/100\n|move|p2b: Floette|Moonblast|p1b: Araquanid\n|-damage|p1b: Araquanid|34/100\n|\n|-weather|Snowscape|[upkeep]\n|-heal|p1a: Aegislash|98/100|[from] item: Leftovers\n|upkeep\n|turn|5\n|inactive|SCPRafael has 30 seconds left.\n|inactive|ternis has 30 seconds left.\n|inactive|SCPRafael has 20 seconds left.\n|inactive|SCPRafael has 15 seconds left.\n|inactive|ternis has 20 seconds left.\n|\n|t:|1776086071\n|switch|p2b: Basculegion|Basculegion, L50, M|100/100\n|move|p1b: Araquanid|Protect|p1b: Araquanid\n|-singleturn|p1b: Araquanid|Protect\n|move|p1a: Aegislash|Sacred Sword|p2a: Incineroar\n|-supereffective|p2a: Incineroar|1\n|-damage|p2a: Incineroar|0 fnt\n|faint|p2a: Incineroar\n|\n|-weather|none\n|-heal|p1a: Aegislash|100/100|[from] item: Leftovers\n|-fieldend|move: Trick Room\n|upkeep\n|\n|t:|1776086090\n|switch|p2a: Farigiraf|Farigiraf, L50, M|39/100\n|turn|6\n|\n|t:|1776086103\n|-formechange|p1a: Aegislash|Aegislash|\n|move|p1a: Aegislash|King's Shield|p1a: Aegislash\n|-singleturn|p1a: Aegislash|Protect\n|move|p2b: Basculegion|Last Respects|p1b: Araquanid\n|-damage|p1b: Araquanid|0 fnt\n|faint|p1b: Araquanid\n|move|p2a: Farigiraf|Trick Room|p2a: Farigiraf\n|-fieldstart|move: Trick Room|[of] p2a: Farigiraf\n|\n|-heal|p2a: Farigiraf|45/100|[from] item: Leftovers\n|upkeep\n|\n|t:|1776086117\n|switch|p1b: Froslass|Froslass-Mega, L50, F, shiny|100/100\n|-weather|Snowscape|[from] ability: Snow Warning|[of] p1b: Froslass\n|turn|7\n|\n|t:|1776086131\n|move|p2a: Farigiraf|Protect|p2a: Farigiraf\n|-singleturn|p2a: Farigiraf|Protect\n|move|p1b: Froslass|Protect|p1b: Froslass\n|-singleturn|p1b: Froslass|Protect\n|-formechange|p1a: Aegislash|Aegislash-Blade|\n|move|p1a: Aegislash|Shadow Ball|p2b: Basculegion\n|-supereffective|p2b: Basculegion|1\n|-damage|p2b: Basculegion|45/100\n|move|p2b: Basculegion|Last Respects|p1b: Froslass\n|-activate|p1b: Froslass|move: Protect\n|\n|-weather|Snowscape|[upkeep]\n|-heal|p2a: Farigiraf|51/100|[from] item: Leftovers\n|upkeep\n|turn|8\n|inactive|SCPRafael has 30 seconds left.\n|inactive|ternis has 30 seconds left.\n|\n|t:|1776086163\n|move|p2b: Basculegion|Protect|p2b: Basculegion\n|-singleturn|p2b: Basculegion|Protect\n|move|p1a: Aegislash|Shadow Ball|p2b: Basculegion\n|-activate|p2b: Basculegion|move: Protect\n|move|p1b: Froslass|Blizzard|p2a: Farigiraf|[spread] p2a\n|-activate|p2b: Basculegion|move: Protect\n|-crit|p2a: Farigiraf\n|-damage|p2a: Farigiraf|0 fnt\n|faint|p2a: Farigiraf\n|\n|-weather|Snowscape|[upkeep]\n|upkeep\n|\n|t:|1776086176\n|switch|p2a: Floette|Floette-Mega, L50, F|12/100\n|-ability|p2a: Floette|Fairy Aura\n|turn|9\n|\n|t:|1776086188\n|move|p1a: Aegislash|Shadow Ball|p2b: Basculegion\n|-supereffective|p2b: Basculegion|1\n|-damage|p2b: Basculegion|0 fnt\n|faint|p2b: Basculegion\n|move|p2a: Floette|Moonblast|p1b: Froslass\n|-damage|p1b: Froslass|13/100\n|move|p1b: Froslass|Blizzard|p2a: Floette\n|-damage|p2a: Floette|0 fnt\n|faint|p2a: Floette\n|\n|win|SCPRafael\n|raw|SCPRafael's rating: 1243 &rarr; <strong>1274</strong><br />(+31 for winning)\n|raw|ternis's rating: 1335 &rarr; <strong>1310</strong><br />(-25 for losing)\n|l|\u2606ternis\n|player|p2|\n",
  "uploadtime": 1776086195,
  "views": 37,
  "formatid": "gen9championsvgc2026regma",
  "rating": 1274,
  "private": 0,
  "password": null
}