{
  "id": "gen9championsvgc2026regma-2581038614",
  "format": "[Gen 9 Champions] VGC 2026 Reg M-A",
  "players": [
    "Ste3lGolem",
    "savemelivie"
  ],
  "log": "|j|\u2606Ste3lGolem\n|j|\u2606savemelivie\n|t:|1775954089\n|gametype|doubles\n|player|p1|Ste3lGolem|265|1000\n|player|p2|savemelivie|swimmerf-gen4|1048\n|gen|9\n|tier|[Gen 9 Champions] VGC 2026 Reg M-A\n|rated|\n|rule|Species Clause: Limit one of each Pok\u00e9mon\n|rule|Item Clause: Limit 1 of each item\n|clearpoke\n|poke|p1|Chesnaught, L50, F|\n|poke|p1|Golurk, L50|\n|poke|p1|Incineroar, L50, M|\n|poke|p1|Farigiraf, L50, M|\n|poke|p1|Rotom-Frost, L50|\n|poke|p1|Glimmora, L50, M|\n|poke|p2|Skarmory, L50, M|\n|poke|p2|Kommo-o, L50, F|\n|poke|p2|Orthworm, L50, F|\n|poke|p2|Sinistcha, L50|\n|poke|p2|Meowscarada, L50, F|\n|poke|p2|Incineroar, L50, F|\n|teampreview|4\n|\n|t:|1775954121\n|teamsize|p1|4\n|teamsize|p2|4\n|start\n|switch|p1a: Incineroar|Incineroar, L50, M|100/100\n|switch|p1b: Farigiraf|Farigiraf, L50, M, shiny|100/100\n|switch|p2a: Skarmory|Skarmory, L50, M|100/100\n|switch|p2b: Orthworm|Orthworm, L50, F|100/100\n|turn|1\n|\n|t:|1775954142\n|detailschange|p2a: Skarmory|Skarmory-Mega, L50, M\n|-mega|p2a: Skarmory|Skarmory|Skarmorite\n|move|p2a: Skarmory|Tailwind|p2a: Skarmory\n|-sidestart|p2: savemelivie|move: Tailwind\n|move|p2b: Orthworm|Shed Tail|p2b: Orthworm\n|-start|p2b: Orthworm|Substitute|[from] move: Shed Tail\n|-damage|p2b: Orthworm|50/100\n|-enditem|p2b: Orthworm|Sitrus Berry|[eat]\n|-heal|p2b: Orthworm|75/100|[from] item: Sitrus Berry\n|\n|t:|1775954152\n|switch|p2b: Kommo-o|Kommo-o, L50, F|100/100|[from] Shed Tail\n|move|p1a: Incineroar|Flare Blitz|p2a: Skarmory\n|-supereffective|p2a: Skarmory|1\n|-damage|p2a: Skarmory|0 fnt\n|faint|p2a: Skarmory\n|-damage|p1a: Incineroar|75/100|[from] Recoil\n|move|p1b: Farigiraf|Trick Room|p1b: Farigiraf\n|-fieldstart|move: Trick Room|[of] p1b: Farigiraf\n|\n|upkeep\n|\n|t:|1775954169\n|switch|p2a: Incineroar|Incineroar, L50, F|100/100\n|-ability|p2a: Incineroar|Intimidate|boost\n|-unboost|p1a: Incineroar|atk|1\n|-unboost|p1b: Farigiraf|atk|1\n|turn|2\n|\n|t:|1775954180\n|switch|p1a: Chesnaught|Chesnaught, L50, F, shiny|100/100\n|move|p2a: Incineroar|Fake Out||[still]\n|cant|p1b: Farigiraf|ability: Armor Tail|Fake Out|[of] p2a: Incineroar\n|move|p1b: Farigiraf|Reflect|p1b: Farigiraf\n|-sidestart|p1: Ste3lGolem|Reflect\n|move|p2b: Kommo-o|Clangorous Soul|p2b: Kommo-o\n|-boost|p2b: Kommo-o|atk|1\n|-boost|p2b: Kommo-o|def|1\n|-boost|p2b: Kommo-o|spa|1\n|-boost|p2b: Kommo-o|spd|1\n|-boost|p2b: Kommo-o|spe|1\n|-damage|p2b: Kommo-o|68/100\n|\n|-heal|p2b: Kommo-o|74/100|[from] item: Leftovers\n|upkeep\n|turn|3\n|\n|t:|1775954208\n|detailschange|p1a: Chesnaught|Chesnaught-Mega, L50, F, shiny\n|-mega|p1a: Chesnaught|Chesnaught|Chesnaughtite\n|move|p1a: Chesnaught|Iron Defense|p1a: Chesnaught\n|-boost|p1a: Chesnaught|def|2\n|move|p1b: Farigiraf|Hyper Voice|p2b: Kommo-o|[spread] p2a,p2b\n|-damage|p2a: Incineroar|80/100\n|-damage|p2b: Kommo-o|54/100\n|move|p2a: Incineroar|Flare Blitz|p1a: Chesnaught\n|-supereffective|p1a: Chesnaught|1\n|-damage|p1a: Chesnaught|84/100\n|-status|p1a: Chesnaught|brn\n|-damage|p2a: Incineroar|74/100|[from] Recoil\n|move|p2b: Kommo-o|Clanging Scales|p1a: Chesnaught|[spread] p1a,p1b\n|-damage|p1a: Chesnaught|44/100 brn\n|-damage|p1b: Farigiraf|50/100\n|-unboost|p2b: Kommo-o|def|1\n|\n|-heal|p2b: Kommo-o|60/100|[from] item: Leftovers\n|-damage|p1a: Chesnaught|37/100 brn|[from] brn\n|upkeep\n|turn|4\n|\n|t:|1775954236\n|move|p1a: Chesnaught|Body Press|p2a: Incineroar\n|-supereffective|p2a: Incineroar|1\n|-damage|p2a: Incineroar|0 fnt\n|faint|p2a: Incineroar\n|move|p1b: Farigiraf|Hyper Voice|p2b: Kommo-o\n|-damage|p2b: Kommo-o|35/100\n|move|p2b: Kommo-o|Clanging Scales|p1b: Farigiraf|[spread] p1a,p1b\n|-damage|p1a: Chesnaught|0 fnt\n|-damage|p1b: Farigiraf|3/100\n|faint|p1a: Chesnaught\n|-unboost|p2b: Kommo-o|def|1\n|\n|-heal|p2b: Kommo-o|41/100|[from] item: Leftovers\n|-sideend|p2: savemelivie|move: Tailwind\n|upkeep\n|\n|t:|1775954251\n|switch|p1a: Glimmora|Glimmora, L50, M|100/100\n|switch|p2a: Orthworm|Orthworm, L50, F|75/100\n|turn|5\n|\n|t:|1775954266\n|move|p1b: Farigiraf|Hyper Voice|p2a: Orthworm|[spread] p2a,p2b\n|-resisted|p2a: Orthworm|1\n|-damage|p2a: Orthworm|56/100\n|-damage|p2b: Kommo-o|21/100\n|move|p2a: Orthworm|Iron Defense|p2a: Orthworm\n|-boost|p2a: Orthworm|def|2\n|move|p1a: Glimmora|Flash Cannon|p2b: Kommo-o\n|-activate|p2b: Kommo-o|move: Substitute|[damage]\n|move|p2b: Kommo-o|Clanging Scales|p1a: Glimmora|[spread] p1a,p1b\n|-damage|p1a: Glimmora|37/100\n|-damage|p1b: Farigiraf|0 fnt\n|faint|p1b: Farigiraf\n|-unboost|p2b: Kommo-o|def|1\n|\n|-heal|p1a: Glimmora|43/100|[from] item: Leftovers\n|-heal|p2b: Kommo-o|27/100|[from] item: Leftovers\n|-fieldend|move: Trick Room\n|upkeep\n|\n|t:|1775954280\n|switch|p1b: Incineroar|Incineroar, L50, M|75/100\n|turn|6\n|\n|t:|1775954296\n|move|p1b: Incineroar|Fake Out|p2b: Kommo-o\n|-end|p2b: Kommo-o|Substitute\n|move|p2b: Kommo-o|Clanging Scales|p1b: Incineroar|[spread] p1a,p1b\n|-damage|p1a: Glimmora|0 fnt\n|-damage|p1b: Incineroar|33/100\n|-enditem|p1b: Incineroar|Sitrus Berry|[eat]\n|-heal|p1b: Incineroar|58/100|[from] item: Sitrus Berry\n|faint|p1a: Glimmora\n|-unboost|p2b: Kommo-o|def|1\n|move|p2a: Orthworm|Body Press|p1b: Incineroar\n|-supereffective|p1b: Incineroar|1\n|-damage|p1b: Incineroar|0 fnt\n|faint|p1b: Incineroar\n|\n|win|savemelivie\n|raw|Ste3lGolem's rating: 1000 &rarr; <strong>1000</strong><br />(+0 for losing)\n|raw|savemelivie's rating: 1048 &rarr; <strong>1076</strong><br />(+28 for winning)\n|l|\u2606Ste3lGolem\n|player|p1|\n",
  "uploadtime": 1775954311,
  "views": 12,
  "formatid": "gen9championsvgc2026regma",
  "rating": 1000,
  "private": 0,
  "password": null
}