{
  "id": "gen9championsvgc2026regma-2582189652",
  "format": "[Gen 9 Champions] VGC 2026 Reg M-A",
  "players": [
    "pichuavk",
    "FlorenceTheThief"
  ],
  "log": "|j|\u2606pichuavk\n|j|\u2606FlorenceTheThief\n|t:|1776069268\n|gametype|doubles\n|player|p1|pichuavk|265|1086\n|player|p2|FlorenceTheThief|candice|1023\n|gen|9\n|tier|[Gen 9 Champions] VGC 2026 Reg M-A\n|rated|\n|rule|Species Clause: Limit one of each Pok\u00e9mon\n|rule|Item Clause: Limit 1 of each item\n|clearpoke\n|poke|p1|Charizard, L50, F|\n|poke|p1|Whimsicott, L50, M|\n|poke|p1|Sneasler, L50, M|\n|poke|p1|Dragapult, L50, M|\n|poke|p1|Kingambit, L50, F|\n|poke|p1|Garchomp, L50, F|\n|poke|p2|Meganium, L50, F|\n|poke|p2|Pelipper, L50, M|\n|poke|p2|Empoleon, L50, M|\n|poke|p2|Incineroar, L50, F|\n|poke|p2|Sinistcha, L50|\n|poke|p2|Tyranitar, L50, F|\n|teampreview|4\n|inactive|Battle timer is ON: inactive players will automatically lose when time's up. (requested by FlorenceTheThief)\n|c|\u2606FlorenceTheThief|glhf\n|\n|t:|1776069307\n|teamsize|p1|4\n|teamsize|p2|4\n|start\n|switch|p1a: Charizard|Charizard, L50, F|100/100\n|switch|p1b: Whimsicott|Whimsicott, L50, M|100/100\n|switch|p2a: Meganium|Meganium, L50, F|100/100\n|switch|p2b: Wet Chicken|Pelipper, L50, M|100/100\n|-weather|RainDance|[from] ability: Drizzle|[of] p2b: Wet Chicken\n|turn|1\n|c|\u2606pichuavk|=\n|inactive|FlorenceTheThief has 30 seconds left.\n|\n|t:|1776069334\n|detailschange|p1a: Charizard|Charizard-Mega-Y, L50, F\n|-mega|p1a: Charizard|Charizard|Charizardite Y\n|-weather|SunnyDay|[from] ability: Drought|[of] p1a: Charizard\n|detailschange|p2a: Meganium|Meganium-Mega, L50, F\n|-mega|p2a: Meganium|Meganium|Meganiumite\n|move|p2b: Wet Chicken|Wide Guard|p2b: Wet Chicken\n|-singleturn|p2b: Wet Chicken|Wide Guard\n|move|p1b: Whimsicott|Tailwind|p1b: Whimsicott\n|-sidestart|p1: pichuavk|move: Tailwind\n|move|p1a: Charizard|Heat Wave|p2b: Wet Chicken|[spread] \n|-activate|p2a: Meganium|move: Wide Guard\n|-activate|p2b: Wet Chicken|move: Wide Guard\n|move|p2a: Meganium|Weather Ball|p1b: Whimsicott\n|-supereffective|p1b: Whimsicott|1\n|-enditem|p1b: Whimsicott|Focus Sash\n|-damage|p1b: Whimsicott|1/100\n|\n|-weather|SunnyDay|[upkeep]\n|upkeep\n|turn|2\n|inactive|pichuavk has 30 seconds left.\n|\n|t:|1776069362\n|move|p1b: Whimsicott|Protect|p1b: Whimsicott\n|-singleturn|p1b: Whimsicott|Protect\n|move|p1a: Charizard|Overheat|p2a: Meganium\n|-supereffective|p2a: Meganium|1\n|-damage|p2a: Meganium|0 fnt\n|-unboost|p1a: Charizard|spa|2\n|faint|p2a: Meganium\n|move|p2b: Wet Chicken|Tailwind|p2b: Wet Chicken\n|-sidestart|p2: FlorenceTheThief|move: Tailwind\n|\n|-weather|SunnyDay|[upkeep]\n|upkeep\n|\n|t:|1776069374\n|switch|p2a: Incineroar|Incineroar, L50, F|100/100\n|-ability|p2a: Incineroar|Intimidate|boost\n|-unboost|p1a: Charizard|atk|1\n|-unboost|p1b: Whimsicott|atk|1\n|turn|3\n|\n|t:|1776069383\n|switch|p1b: Garchomp|Garchomp, L50, F|100/100\n|switch|p2b: Earl Gray|Sinistcha, L50|100/100\n|move|p1a: Charizard|Protect|p1a: Charizard\n|-singleturn|p1a: Charizard|Protect\n|move|p2a: Incineroar|Fake Out|p1b: Garchomp\n|-damage|p1b: Garchomp|89/100\n|-damage|p2a: Incineroar|88/100|[from] ability: Rough Skin|[of] p1b: Garchomp\n|\n|-weather|SunnyDay|[upkeep]\n|upkeep\n|turn|4\n|inactive|pichuavk has 30 seconds left.\n|\n|t:|1776069411\n|switch|p1a: Whimsicott|Whimsicott, L50, M|1/100\n|move|p2b: Earl Gray|Protect|p2b: Earl Gray\n|-singleturn|p2b: Earl Gray|Protect\n|move|p2a: Incineroar|Protect|p2a: Incineroar\n|-singleturn|p2a: Incineroar|Protect\n|move|p1b: Garchomp|Rock Slide|p2a: Incineroar|[spread] \n|-activate|p2a: Incineroar|move: Protect\n|-activate|p2b: Earl Gray|move: Protect\n|\n|-weather|SunnyDay|[upkeep]\n|-sideend|p1: pichuavk|move: Tailwind\n|upkeep\n|turn|5\n|\n|t:|1776069432\n|move|p1a: Whimsicott|Tailwind|p1a: Whimsicott\n|-sidestart|p1: pichuavk|move: Tailwind\n|move|p1b: Garchomp|Rock Slide|p2b: Earl Gray|[spread] p2a\n|-miss|p1b: Garchomp|p2b: Earl Gray\n|-supereffective|p2a: Incineroar|1\n|-damage|p2a: Incineroar|56/100\n|move|p2b: Earl Gray|Matcha Gotcha|p1b: Garchomp|[spread] p1a,p1b\n|-resisted|p1a: Whimsicott|1\n|-damage|p1a: Whimsicott|0 fnt\n|-damage|p1b: Garchomp|63/100\n|-status|p1b: Garchomp|brn\n|faint|p1a: Whimsicott\n|move|p2a: Incineroar|Darkest Lariat|p1b: Garchomp\n|-damage|p1b: Garchomp|25/100 brn\n|-damage|p2a: Incineroar|44/100|[from] ability: Rough Skin|[of] p1b: Garchomp\n|\n|-weather|none\n|-damage|p1b: Garchomp|20/100 brn|[from] brn\n|-sideend|p2: FlorenceTheThief|move: Tailwind\n|upkeep\n|\n|t:|1776069451\n|switch|p1a: Sneasler|Sneasler, L50, M|100/100\n|turn|6\n|\n|t:|1776069466\n|move|p2b: Earl Gray|Protect|p2b: Earl Gray\n|-singleturn|p2b: Earl Gray|Protect\n|move|p2a: Incineroar|Protect|p2a: Incineroar\n|-singleturn|p2a: Incineroar|Protect\n|move|p1b: Garchomp|Rock Slide|p2b: Earl Gray|[spread] \n|-activate|p2a: Incineroar|move: Protect\n|-activate|p2b: Earl Gray|move: Protect\n|move|p1a: Sneasler|Close Combat|p2a: Incineroar\n|-activate|p2a: Incineroar|move: Protect\n|\n|-damage|p1b: Garchomp|14/100 brn|[from] brn\n|upkeep\n|turn|7\n|\n|t:|1776069490\n|switch|p2a: Wet Chicken|Pelipper, L50, M|100/100\n|-weather|RainDance|[from] ability: Drizzle|[of] p2a: Wet Chicken\n|move|p1b: Garchomp|Rock Slide|p2b: Earl Gray|[spread] p2a,p2b\n|-supereffective|p2a: Wet Chicken|1\n|-damage|p2a: Wet Chicken|82/100\n|-damage|p2b: Earl Gray|92/100\n|move|p1a: Sneasler|Close Combat|p2a: Wet Chicken\n|-resisted|p2a: Wet Chicken|1\n|-damage|p2a: Wet Chicken|53/100\n|-unboost|p1a: Sneasler|def|1\n|-unboost|p1a: Sneasler|spd|1\n|move|p2b: Earl Gray|Trick Room|p2b: Earl Gray\n|-fieldstart|move: Trick Room|[of] p2b: Earl Gray\n|\n|-weather|RainDance|[upkeep]\n|-damage|p1b: Garchomp|8/100 brn|[from] brn\n|upkeep\n|turn|8\n|inactive|FlorenceTheThief has 30 seconds left.\n|\n|t:|1776069516\n|move|p2a: Wet Chicken|Hurricane|p1a: Sneasler\n|-supereffective|p1a: Sneasler|1\n|-damage|p1a: Sneasler|0 fnt\n|faint|p1a: Sneasler\n|move|p2b: Earl Gray|Matcha Gotcha|p1b: Garchomp\n|-damage|p1b: Garchomp|0 fnt\n|-heal|p2b: Earl Gray|96/100|[from] drain|[of] p1b: Garchomp\n|faint|p1b: Garchomp\n|\n|-weather|RainDance|[upkeep]\n|-sideend|p1: pichuavk|move: Tailwind\n|upkeep\n|\n|t:|1776069528\n|switch|p1b: Charizard|Charizard-Mega-Y, L50, F|100/100\n|-weather|SunnyDay|[from] ability: Drought|[of] p1b: Charizard\n|turn|9\n|\n|t:|1776069542\n|switch|p2b: Incineroar|Incineroar, L50, F|44/100\n|-ability|p2b: Incineroar|Intimidate|boost\n|-unboost|p1b: Charizard|atk|1\n|move|p2a: Wet Chicken|Wide Guard|p2a: Wet Chicken\n|-singleturn|p2a: Wet Chicken|Wide Guard\n|move|p1b: Charizard|Heat Wave|p2b: Incineroar|[spread] \n|-activate|p2a: Wet Chicken|move: Wide Guard\n|-activate|p2b: Incineroar|move: Wide Guard\n|\n|-weather|SunnyDay|[upkeep]\n|upkeep\n|turn|10\n|c|\u2606pichuavk|gg\n|-message|pichuavk forfeited.\n|\n|win|FlorenceTheThief\n|raw|pichuavk's rating: 1086 &rarr; <strong>1059</strong><br />(-27 for losing)\n|raw|FlorenceTheThief's rating: 1023 &rarr; <strong>1066</strong><br />(+43 for winning)\n|l|\u2606pichuavk\n|player|p1|\n|c|\u2606FlorenceTheThief|gg\n",
  "uploadtime": 1776069560,
  "views": 12,
  "formatid": "gen9championsvgc2026regma",
  "rating": 1059,
  "private": 0,
  "password": null
}