{
  "id": "gen9championsvgc2026regma-2583714062",
  "format": "[Gen 9 Champions] VGC 2026 Reg M-A",
  "players": [
    "W0LFEN74",
    "learningplz"
  ],
  "log": "|j|\u2606W0LFEN74\n|j|\u2606learningplz\n|t:|1776192726\n|gametype|doubles\n|player|p1|W0LFEN74|102|1134\n|player|p2|learningplz|266|1146\n|gen|9\n|tier|[Gen 9 Champions] VGC 2026 Reg M-A\n|rated|\n|rule|Species Clause: Limit one of each Pok\u00e9mon\n|rule|Item Clause: Limit 1 of each item\n|clearpoke\n|poke|p1|Lucario, L50, M|\n|poke|p1|Alcremie, L50, F|\n|poke|p1|Incineroar, L50, M|\n|poke|p1|Aegislash, L50, M|\n|poke|p1|Sinistcha, L50|\n|poke|p1|Aerodactyl, L50, M|\n|poke|p2|Talonflame, L50, F|\n|poke|p2|Meowscarada, L50, F|\n|poke|p2|Milotic, L50, F|\n|poke|p2|Lucario, L50, F|\n|poke|p2|Garchomp, L50, F|\n|poke|p2|Gardevoir, L50, F|\n|teampreview|4\n|\n|t:|1776192791\n|teamsize|p1|4\n|teamsize|p2|4\n|start\n|switch|p1a: Aerodactyl|Aerodactyl, L50, M|100/100\n|switch|p1b: Alcremie|Alcremie, L50, F|100/100\n|switch|p2a: Talonflame|Talonflame, L50, F, shiny|100/100\n|switch|p2b: Garchomp|Garchomp, L50, F, shiny|100/100\n|-ability|p1a: Aerodactyl|Unnerve\n|turn|1\n|\n|t:|1776192814\n|detailschange|p1a: Aerodactyl|Aerodactyl-Mega, L50, M\n|-mega|p1a: Aerodactyl|Aerodactyl|Aerodactylite\n|move|p1b: Alcremie|Helping Hand|p1a: Aerodactyl\n|-singleturn|p1a: Aerodactyl|Helping Hand|[of] p1b: Alcremie\n|move|p2a: Talonflame|Tailwind|p2a: Talonflame\n|-sidestart|p2: learningplz|move: Tailwind\n|move|p2b: Garchomp|Rock Slide|p1b: Alcremie|[spread] p1a,p1b\n|-supereffective|p1a: Aerodactyl|1\n|-damage|p1a: Aerodactyl|49/100\n|-damage|p1b: Alcremie|77/100\n|move|p1a: Aerodactyl|Rock Slide|p2b: Garchomp|[spread] p2a,p2b\n|-supereffective|p2a: Talonflame|2\n|-resisted|p2b: Garchomp|1\n|-damage|p2a: Talonflame|0 fnt\n|-damage|p2b: Garchomp|78/100\n|faint|p2a: Talonflame\n|\n|-heal|p1b: Alcremie|83/100|[from] item: Leftovers\n|upkeep\n|\n|t:|1776192838\n|switch|p2a: Milotic|Milotic, L50, F, shiny|100/100\n|turn|2\n|\n|t:|1776192856\n|switch|p1b: Sinistcha|Sinistcha, L50|100/100\n|-heal|p1a: Aerodactyl|73/100|[from] ability: Hospitality|[of] p1b: Sinistcha\n|move|p2b: Garchomp|Protect|p2b: Garchomp\n|-singleturn|p2b: Garchomp|Protect\n|move|p1a: Aerodactyl|Dual Wingbeat|p2a: Milotic\n|-damage|p2a: Milotic|75/100\n|-damage|p2a: Milotic|49/100\n|-hitcount|p2a: Milotic|2\n|move|p2a: Milotic|Ice Beam|p1a: Aerodactyl\n|-supereffective|p1a: Aerodactyl|1\n|-damage|p1a: Aerodactyl|20/100\n|\n|-heal|p2a: Milotic|55/100|[from] item: Leftovers\n|upkeep\n|turn|3\n|\n|t:|1776192885\n|move|p1a: Aerodactyl|Protect|p1a: Aerodactyl\n|-singleturn|p1a: Aerodactyl|Protect\n|move|p2b: Garchomp|Dragon Claw|p1a: Aerodactyl\n|-activate|p1a: Aerodactyl|move: Protect\n|move|p2a: Milotic|Ice Beam|p1b: Sinistcha\n|-supereffective|p1b: Sinistcha|1\n|-damage|p1b: Sinistcha|35/100\n|move|p1b: Sinistcha|Matcha Gotcha|p2a: Milotic|[spread] p2a,p2b\n|-supereffective|p2a: Milotic|1\n|-damage|p2a: Milotic|21/100\n|-heal|p1b: Sinistcha|58/100|[from] drain|[of] p2a: Milotic\n|-damage|p2b: Garchomp|45/100\n|-heal|p1b: Sinistcha|79/100|[from] drain|[of] p2b: Garchomp\n|\n|-heal|p2a: Milotic|27/100|[from] item: Leftovers\n|upkeep\n|turn|4\n|\n|t:|1776192908\n|move|p1b: Sinistcha|Rage Powder|p1b: Sinistcha\n|-singleturn|p1b: Sinistcha|move: Rage Powder\n|move|p2b: Garchomp|Rock Slide|p1a: Aerodactyl|[spread] p1a,p1b\n|-supereffective|p1a: Aerodactyl|1\n|-damage|p1a: Aerodactyl|0 fnt\n|-damage|p1b: Sinistcha|60/100\n|faint|p1a: Aerodactyl\n|move|p2a: Milotic|Ice Beam|p1b: Sinistcha\n|-supereffective|p1b: Sinistcha|1\n|-damage|p1b: Sinistcha|0 fnt\n|faint|p1b: Sinistcha\n|\n|-heal|p2a: Milotic|33/100|[from] item: Leftovers\n|-sideend|p2: learningplz|move: Tailwind\n|upkeep\n|\n|t:|1776192916\n|switch|p1a: Aegislash|Aegislash, L50, M|100/100\n|switch|p1b: Alcremie|Alcremie, L50, F|83/100\n|turn|5\n|\n|t:|1776192940\n|move|p1a: Aegislash|King's Shield|p1a: Aegislash\n|-singleturn|p1a: Aegislash|Protect\n|move|p2b: Garchomp|Rock Slide|p1a: Aegislash|[spread] p1b\n|-activate|p1a: Aegislash|move: Protect\n|-damage|p1b: Alcremie|56/100\n|move|p2a: Milotic|Scald|p1b: Alcremie\n|-damage|p1b: Alcremie|38/100\n|-status|p1b: Alcremie|brn\n|move|p1b: Alcremie|Decorate|p1a: Aegislash\n|-boost|p1a: Aegislash|atk|2\n|-boost|p1a: Aegislash|spa|2\n|\n|-heal|p2a: Milotic|39/100|[from] item: Leftovers\n|-heal|p1b: Alcremie|44/100 brn|[from] item: Leftovers\n|-damage|p1b: Alcremie|38/100 brn|[from] brn\n|upkeep\n|turn|6\n|\n|t:|1776192977\n|move|p2a: Milotic|Protect|p2a: Milotic\n|-singleturn|p2a: Milotic|Protect\n|move|p2b: Garchomp|Earthquake|p1a: Aegislash|[spread] p1a,p1b\n|-activate|p2a: Milotic|move: Protect\n|-supereffective|p1a: Aegislash|1\n|-damage|p1a: Aegislash|23/100\n|-damage|p1b: Alcremie|0 fnt\n|faint|p1b: Alcremie\n|-formechange|p1a: Aegislash|Aegislash-Blade|\n|move|p1a: Aegislash|Flash Cannon|p2b: Garchomp\n|-damage|p2b: Garchomp|0 fnt\n|faint|p2b: Garchomp\n|\n|-heal|p2a: Milotic|45/100|[from] item: Leftovers\n|upkeep\n|\n|t:|1776192990\n|switch|p2b: Gardevoir|Gardevoir, L50, F, shiny|100/100\n|turn|7\n|\n|t:|1776193009\n|detailschange|p2b: Gardevoir|Gardevoir-Mega, L50, F, shiny\n|-mega|p2b: Gardevoir|Gardevoir|Gardevoirite\n|move|p1a: Aegislash|Shadow Sneak|p2a: Milotic\n|-crit|p2a: Milotic\n|-damage|p2a: Milotic|0 fnt\n|faint|p2a: Milotic\n|move|p2b: Gardevoir|Psyshock|p1a: Aegislash\n|-resisted|p1a: Aegislash|1\n|-damage|p1a: Aegislash|0 fnt\n|faint|p1a: Aegislash\n|\n|win|learningplz\n|raw|W0LFEN74's rating: 1134 &rarr; <strong>1110</strong><br />(-24 for losing)\n|raw|learningplz's rating: 1146 &rarr; <strong>1170</strong><br />(+24 for winning)\n|l|\u2606W0LFEN74\n|player|p1|\n",
  "uploadtime": 1776193022,
  "views": 20,
  "formatid": "gen9championsvgc2026regma",
  "rating": 1110,
  "private": 0,
  "password": null
}