{
  "id": "gen9championsvgc2026regma-2587905608",
  "format": "[Gen 9 Champions] VGC 2026 Reg M-A",
  "players": [
    "TheGamingMammoth",
    "BANKAI_545"
  ],
  "log": "|j|\u2606TheGamingMammoth\n|j|\u2606BANKAI_545\n|t:|1776577169\n|gametype|doubles\n|player|p1|TheGamingMammoth|1|1214\n|player|p2|BANKAI_545|n|1216\n|gen|9\n|tier|[Gen 9 Champions] VGC 2026 Reg M-A\n|rated|\n|rule|Species Clause: Limit one of each Pok\u00e9mon\n|rule|Item Clause: Limit 1 of each item\n|clearpoke\n|poke|p1|Politoed, L50, F|\n|poke|p1|Venusaur, L50, F|\n|poke|p1|Charizard, L50, F, shiny|\n|poke|p1|Clefable, L50, F|\n|poke|p1|Scizor, L50, F|\n|poke|p1|Sableye, L50, M|\n|poke|p2|Gengar, L50, M, shiny|\n|poke|p2|Incineroar, L50, M|\n|poke|p2|Sinistcha-Masterpiece, L50, shiny|\n|poke|p2|Tauros-Paldea-Aqua, L50, M|\n|poke|p2|Tyranitar, L50, F, shiny|\n|poke|p2|Rotom-Heat, L50, shiny|\n|teampreview|4\n|inactive|Battle timer is ON: inactive players will automatically lose when time's up. (requested by BANKAI_545)\n|inactive|TheGamingMammoth has 60 seconds left.\n|\n|t:|1776577202\n|teamsize|p1|4\n|teamsize|p2|4\n|start\n|switch|p1a: Venusaur|Venusaur, L50, F|100/100\n|switch|p1b: Sableye|Sableye, L50, M|100/100\n|switch|p2a: gengy|Gengar, L50, M, shiny|100/100\n|switch|p2b: roar!|Incineroar, L50, M|100/100\n|-ability|p2b: roar!|Intimidate|boost\n|-unboost|p1a: Venusaur|atk|1\n|-unboost|p1b: Sableye|atk|1\n|turn|1\n|inactive|TheGamingMammoth has 30 seconds left.\n|inactive|TheGamingMammoth has 20 seconds left.\n|\n|t:|1776577240\n|detailschange|p2a: gengy|Gengar-Mega, L50, M, shiny\n|-mega|p2a: gengy|Gengar|Gengarite\n|move|p1a: Venusaur|Protect|p1a: Venusaur\n|-singleturn|p1a: Venusaur|Protect\n|move|p2b: roar!|Fake Out|p1a: Venusaur\n|-activate|p1a: Venusaur|move: Protect\n|move|p1b: Sableye|Sunny Day|p1b: Sableye\n|-weather|SunnyDay\n|move|p2a: gengy|Perish Song|p2a: gengy\n|-start|p1a: Venusaur|perish3|[silent]\n|-start|p1b: Sableye|perish3|[silent]\n|-start|p2a: gengy|perish3|[silent]\n|-start|p2b: roar!|perish3|[silent]\n|-fieldactivate|move: Perish Song\n|\n|-weather|SunnyDay|[upkeep]\n|-start|p1a: Venusaur|perish3\n|-start|p2a: gengy|perish3\n|-start|p2b: roar!|perish3\n|-start|p1b: Sableye|perish3\n|upkeep\n|turn|2\n|inactive|TheGamingMammoth has 30 seconds left.\n|inactive|BANKAI_545 has 30 seconds left.\n|\n|t:|1776577270\n|move|p2a: gengy|Protect|p2a: gengy\n|-singleturn|p2a: gengy|Protect\n|move|p2b: roar!|Protect|p2b: roar!\n|-singleturn|p2b: roar!|Protect\n|move|p1a: Venusaur|Sleep Powder|p2b: roar!\n|-activate|p2b: roar!|move: Protect\n|move|p1b: Sableye|Foul Play|p2a: gengy\n|-activate|p2a: gengy|move: Protect\n|\n|-weather|SunnyDay|[upkeep]\n|-start|p2a: gengy|perish2\n|-start|p1a: Venusaur|perish2\n|-start|p2b: roar!|perish2\n|-start|p1b: Sableye|perish2\n|upkeep\n|turn|3\n|\n|t:|1776577283\n|switch|p2a: Tauros|Tauros-Paldea-Aqua, L50, M|100/100\n|-ability|p2a: Tauros|Intimidate|boost\n|-unboost|p1a: Venusaur|atk|1\n|-unboost|p1b: Sableye|atk|1\n|move|p1b: Sableye|Encore||[still]\n|-fail|p1b: Sableye\n|move|p1a: Venusaur|Sleep Powder|p2b: roar!|[miss]\n|-miss|p1a: Venusaur|p2b: roar!\n|move|p2b: roar!|Parting Shot|p2a: Tauros\n|-unboost|p2a: Tauros|atk|1\n|-unboost|p2a: Tauros|spa|1\n|\n|t:|1776577286\n|switch|p2b: gengy|Gengar-Mega, L50, M, shiny|100/100|[from] Parting Shot\n|-enditem|p2a: Tauros|White Herb\n|-clearnegativeboost|p2a: Tauros|[silent]\n|\n|-weather|SunnyDay|[upkeep]\n|-start|p1a: Venusaur|perish1\n|-start|p1b: Sableye|perish1\n|upkeep\n|turn|4\n|inactive|TheGamingMammoth has 30 seconds left.\n|\n|t:|1776577312\n|switch|p1b: Politoed|Politoed, L50, F|100/100\n|-weather|RainDance|[from] ability: Drizzle|[of] p1b: Politoed\n|move|p2b: gengy|Protect|p2b: gengy\n|-singleturn|p2b: gengy|Protect\n|move|p2a: Tauros|Protect|p2a: Tauros\n|-singleturn|p2a: Tauros|Protect\n|move|p1a: Venusaur|Sleep Powder|p2a: Tauros\n|-activate|p2a: Tauros|move: Protect\n|\n|-weather|RainDance|[upkeep]\n|-start|p1a: Venusaur|perish0\n|faint|p1a: Venusaur\n|upkeep\n|\n|t:|1776577320\n|switch|p1a: Sableye|Sableye, L50, M|100/100\n|turn|5\n|\n|t:|1776577331\n|switch|p2b: Godslia|Tyranitar, L50, F, shiny|100/100\n|-weather|Sandstorm|[from] ability: Sand Stream|[of] p2b: Godslia\n|move|p1a: Sableye|Encore|p2b: Godslia\n|-hint|Since gen 7, Dark is immune to Prankster moves.\n|-immune|p2b: Godslia\n|move|p1b: Politoed|Psychic|p2a: Tauros\n|-supereffective|p2a: Tauros|1\n|-damage|p2a: Tauros|25/100\n|move|p2a: Tauros|Wave Crash|p1a: Sableye\n|-damage|p1a: Sableye|40/100\n|-damage|p2a: Tauros|6/100|[from] Recoil\n|\n|-weather|Sandstorm|[upkeep]\n|-damage|p1b: Politoed|95/100|[from] Sandstorm\n|-damage|p2a: Tauros|0 fnt|[from] Sandstorm\n|-damage|p1a: Sableye|34/100|[from] Sandstorm\n|faint|p2a: Tauros\n|-heal|p1a: Sableye|40/100|[from] item: Leftovers\n|upkeep\n|\n|t:|1776577348\n|switch|p2a: roar!|Incineroar, L50, M|100/100\n|-ability|p2a: roar!|Intimidate|boost\n|-unboost|p1a: Sableye|atk|1\n|-unboost|p1b: Politoed|atk|1\n|turn|6\n|inactive|TheGamingMammoth has 30 seconds left.\n|\n|t:|1776577377\n|switch|p1b: Scizor|Scizor, L50, F|100/100\n|move|p2b: Godslia|Rock Slide|p1b: Scizor|[spread] p1a,p1b\n|-damage|p1a: Sableye|0 fnt\n|-damage|p1b: Scizor|68/100\n|faint|p1a: Sableye\n|move|p2a: roar!|Throat Chop|p1b: Scizor\n|-damage|p1b: Scizor|34/100\n|-start|p1b: Scizor|Throat Chop|[silent]\n|\n|-weather|Sandstorm|[upkeep]\n|-damage|p2a: roar!|95/100|[from] Sandstorm\n|upkeep\n|\n|t:|1776577384\n|switch|p1a: Politoed|Politoed, L50, F|95/100\n|-weather|RainDance|[from] ability: Drizzle|[of] p1a: Politoed\n|turn|7\n|\n|t:|1776577408\n|move|p1a: Politoed|Weather Ball|p2a: roar!\n|-supereffective|p2a: roar!|1\n|-damage|p2a: roar!|0 fnt\n|faint|p2a: roar!\n|move|p2b: Godslia|Rock Slide|p1b: Scizor|[spread] p1a,p1b\n|-damage|p1a: Politoed|44/100\n|-damage|p1b: Scizor|0 fnt\n|faint|p1b: Scizor\n|\n|-weather|RainDance|[upkeep]\n|upkeep\n|\n|t:|1776577414\n|switch|p2a: gengy|Gengar-Mega, L50, M, shiny|100/100\n|turn|8\n|\n|t:|1776577421\n|move|p1a: Politoed|Weather Ball|p2a: gengy\n|-damage|p2a: gengy|21/100\n|move|p2a: gengy|Shadow Ball|p1a: Politoed\n|-damage|p1a: Politoed|0 fnt\n|faint|p1a: Politoed\n|\n|win|BANKAI_545\n|raw|TheGamingMammoth's rating: 1214 &rarr; <strong>1189</strong><br />(-25 for losing)\n|raw|BANKAI_545's rating: 1216 &rarr; <strong>1241</strong><br />(+25 for winning)\n",
  "uploadtime": 1776577422,
  "views": 10,
  "formatid": "gen9championsvgc2026regma",
  "rating": 1189,
  "private": 0,
  "password": null
}