{
  "id": "gen9championsvgc2026regma-2581454080",
  "format": "[Gen 9 Champions] VGC 2026 Reg M-A",
  "players": [
    "thunder in night",
    "6life5live"
  ],
  "log": "|j|\u2606thunder in night\n|j|\u26066life5live\n|t:|1776001983\n|gametype|doubles\n|player|p1|thunder in night|hilbert|1149\n|player|p2|6life5live|rosa|1157\n|gen|9\n|tier|[Gen 9 Champions] VGC 2026 Reg M-A\n|rated|\n|rule|Species Clause: Limit one of each Pok\u00e9mon\n|rule|Item Clause: Limit 1 of each item\n|clearpoke\n|poke|p1|Forretress, L50, F|\n|poke|p1|Araquanid, L50, F|\n|poke|p1|Charizard, L50, F|\n|poke|p1|Sneasler, L50, M|\n|poke|p1|Maushold-Four, L50|\n|poke|p1|Glimmora, L50, M|\n|poke|p2|Sneasler, L50, F|\n|poke|p2|Rotom-Wash, L50|\n|poke|p2|Charizard, L50, M|\n|poke|p2|Garchomp, L50, M|\n|poke|p2|Whimsicott, L50, M|\n|poke|p2|Incineroar, L50, F|\n|teampreview|4\n|\n|t:|1776002007\n|teamsize|p1|4\n|teamsize|p2|4\n|start\n|switch|p1a: Sneasler|Sneasler, L50, M|100/100\n|switch|p1b: Araquanid|Araquanid, L50, F|100/100\n|switch|p2a: Garchomp|Garchomp, L50, M|100/100\n|switch|p2b: Rotom|Rotom-Wash, L50|100/100\n|turn|1\n|\n|t:|1776002026\n|move|p2b: Rotom|Protect|p2b: Rotom\n|-singleturn|p2b: Rotom|Protect\n|move|p1b: Araquanid|Wide Guard|p1b: Araquanid\n|-singleturn|p1b: Araquanid|Wide Guard\n|move|p2a: Garchomp|Earthquake|p1b: Araquanid|[spread] \n|-activate|p1a: Sneasler|move: Wide Guard\n|-activate|p1b: Araquanid|move: Wide Guard\n|-activate|p2b: Rotom|move: Protect\n|move|p1a: Sneasler|Close Combat|p2a: Garchomp\n|-damage|p2a: Garchomp|27/100\n|-unboost|p1a: Sneasler|def|1\n|-unboost|p1a: Sneasler|spd|1\n|-damage|p1a: Sneasler|88/100|[from] ability: Rough Skin|[of] p2a: Garchomp\n|-enditem|p1a: Sneasler|White Herb\n|-clearnegativeboost|p1a: Sneasler|[silent]\n|\n|upkeep\n|turn|2\n|\n|t:|1776002057\n|switch|p2a: Sneasler|Sneasler, L50, F|100/100\n|move|p1b: Araquanid|Wide Guard|p1b: Araquanid\n|-singleturn|p1b: Araquanid|Wide Guard\n|move|p1a: Sneasler|Close Combat|p2b: Rotom\n|-damage|p2b: Rotom|29/100\n|-unboost|p1a: Sneasler|def|1\n|-unboost|p1a: Sneasler|spd|1\n|move|p2b: Rotom|Thunderbolt|p1b: Araquanid\n|-supereffective|p1b: Araquanid|1\n|-damage|p1b: Araquanid|42/100\n|\n|-heal|p2b: Rotom|35/100|[from] item: Leftovers\n|upkeep\n|turn|3\n|\n|t:|1776002078\n|move|p2a: Sneasler|Fake Out|p1a: Sneasler\n|-damage|p1a: Sneasler|51/100\n|cant|p1a: Sneasler|flinch\n|move|p2b: Rotom|Thunderbolt|p1b: Araquanid\n|-supereffective|p1b: Araquanid|1\n|-damage|p1b: Araquanid|0 fnt\n|faint|p1b: Araquanid\n|\n|-heal|p2b: Rotom|41/100|[from] item: Leftovers\n|upkeep\n|\n|t:|1776002089\n|switch|p1b: Forretress|Forretress, L50, F|100/100\n|turn|4\n|\n|t:|1776002111\n|move|p1a: Sneasler|Dire Claw|p2b: Rotom\n|-damage|p2b: Rotom|0 fnt\n|faint|p2b: Rotom\n|move|p2a: Sneasler|Low Kick|p1a: Sneasler\n|-resisted|p1a: Sneasler|1\n|-damage|p1a: Sneasler|11/100\n|move|p1b: Forretress|Pain Split|p2a: Sneasler\n|-sethp|p2a: Sneasler|100/100|[from] move: Pain Split|[silent]\n|-sethp|p1b: Forretress|96/100|[from] move: Pain Split\n|\n|upkeep\n|\n|t:|1776002128\n|switch|p2b: Charizard|Charizard, L50, M, shiny|100/100\n|turn|5\n|\n|t:|1776002136\n|detailschange|p2b: Charizard|Charizard-Mega-Y, L50, M, shiny\n|-mega|p2b: Charizard|Charizard|Charizardite Y\n|-weather|SunnyDay|[from] ability: Drought|[of] p2b: Charizard\n|move|p1b: Forretress|Helping Hand|p1a: Sneasler\n|-singleturn|p1a: Sneasler|Helping Hand|[of] p1b: Forretress\n|move|p2a: Sneasler|Protect|p2a: Sneasler\n|-singleturn|p2a: Sneasler|Protect\n|move|p1a: Sneasler|Rock Slide|p2b: Charizard|[spread] p2b\n|-activate|p2a: Sneasler|move: Protect\n|-supereffective|p2b: Charizard|2\n|-damage|p2b: Charizard|0 fnt\n|faint|p2b: Charizard\n|\n|-weather|SunnyDay|[upkeep]\n|upkeep\n|\n|t:|1776002152\n|switch|p2b: Garchomp|Garchomp, L50, M|27/100\n|turn|6\n|\n|t:|1776002161\n|move|p1a: Sneasler|Close Combat|p2a: Sneasler\n|-resisted|p2a: Sneasler|1\n|-damage|p2a: Sneasler|39/100\n|-unboost|p1a: Sneasler|def|1\n|-unboost|p1a: Sneasler|spd|1\n|move|p2b: Garchomp|Stomping Tantrum|p1a: Sneasler\n|-supereffective|p1a: Sneasler|1\n|-damage|p1a: Sneasler|0 fnt\n|faint|p1a: Sneasler\n|move|p2a: Sneasler|Low Kick|p1b: Forretress\n|-damage|p1b: Forretress|62/100\n|move|p1b: Forretress|Ice Spinner|p2b: Garchomp\n|-supereffective|p2b: Garchomp|2\n|-damage|p2b: Garchomp|0 fnt\n|-damage|p1b: Forretress|50/100|[from] ability: Rough Skin|[of] p2b: Garchomp\n|faint|p2b: Garchomp\n|\n|-weather|SunnyDay|[upkeep]\n|upkeep\n|\n|t:|1776002169\n|switch|p1a: Glimmora|Glimmora, L50, M|100/100\n|turn|7\n|\n|t:|1776002184\n|detailschange|p1a: Glimmora|Glimmora-Mega, L50, M\n|-mega|p1a: Glimmora|Glimmora|Glimmoranite\n|move|p2a: Sneasler|Low Kick|p1a: Glimmora\n|-damage|p1a: Glimmora|53/100\n|move|p1a: Glimmora|Earth Power|p2a: Sneasler\n|-supereffective|p2a: Sneasler|1\n|-damage|p2a: Sneasler|0 fnt\n|faint|p2a: Sneasler\n|\n|win|thunder in night\n|raw|thunder in night's rating: 1149 &rarr; <strong>1175</strong><br />(+26 for winning)\n|raw|6life5live's rating: 1157 &rarr; <strong>1131</strong><br />(-26 for losing)\n|l|\u26066life5live\n|player|p2|\n",
  "uploadtime": 1776002196,
  "views": 30,
  "formatid": "gen9championsvgc2026regma",
  "rating": 1131,
  "private": 0,
  "password": null
}