{
  "id": "gen9championsvgc2026regma-2585992982",
  "format": "[Gen 9 Champions] VGC 2026 Reg M-A",
  "players": [
    "BerGado",
    "Saachan46"
  ],
  "log": "|j|\u2606BerGado\n|j|\u2606Saachan46\n|t:|1776388348\n|gametype|doubles\n|player|p1|BerGado|2|1120\n|player|p2|Saachan46|170|1174\n|gen|9\n|tier|[Gen 9 Champions] VGC 2026 Reg M-A\n|rated|\n|rule|Species Clause: Limit one of each Pok\u00e9mon\n|rule|Item Clause: Limit 1 of each item\n|clearpoke\n|poke|p1|Dragonite, L50, M|\n|poke|p1|Basculegion, L50, M|\n|poke|p1|Garchomp, L50, M|\n|poke|p1|Liepard, L50, F|\n|poke|p1|Lucario, L50, M|\n|poke|p1|Pelipper, L50, F|\n|poke|p2|Floette-Eternal, L50, F|\n|poke|p2|Aegislash, L50, F|\n|poke|p2|Incineroar, L50, M|\n|poke|p2|Sneasler, L50, M|\n|poke|p2|Rotom-Wash, L50|\n|poke|p2|Kommo-o, L50, M|\n|teampreview|4\n|inactive|Battle timer is ON: inactive players will automatically lose when time's up. (requested by BerGado)\n|inactive|Saachan46 has 60 seconds left.\n|\n|t:|1776388386\n|teamsize|p1|4\n|teamsize|p2|4\n|start\n|switch|p1a: Pelipper|Pelipper, L50, F|100/100\n|switch|p1b: Dragonite|Dragonite, L50, M|100/100\n|switch|p2a: Rotom|Rotom-Wash, L50|100/100\n|switch|p2b: Floette|Floette-Eternal, L50, F|100/100\n|-weather|RainDance|[from] ability: Drizzle|[of] p1a: Pelipper\n|turn|1\n|\n|t:|1776388405\n|detailschange|p2b: Floette|Floette-Mega, L50, F\n|-mega|p2b: Floette|Floette|Floettite\n|-ability|p2b: Floette|Fairy Aura\n|detailschange|p1b: Dragonite|Dragonite-Mega, L50, M\n|-mega|p1b: Dragonite|Dragonite|Dragoninite\n|move|p1b: Dragonite|Protect|p1b: Dragonite\n|-singleturn|p1b: Dragonite|Protect\n|move|p2a: Rotom|Thunderbolt|p1b: Dragonite\n|-activate|p1b: Dragonite|move: Protect\n|move|p2b: Floette|Dazzling Gleam|p1a: Pelipper|[spread] p1a\n|-activate|p1b: Dragonite|move: Protect\n|-damage|p1a: Pelipper|34/100\n|-enditem|p1a: Pelipper|Sitrus Berry|[eat]\n|-heal|p1a: Pelipper|59/100|[from] item: Sitrus Berry\n|move|p1a: Pelipper|Tailwind|p1a: Pelipper\n|-sidestart|p1: BerGado|move: Tailwind\n|\n|-weather|RainDance|[upkeep]\n|upkeep\n|turn|2\n|inactive|Saachan46 has 30 seconds left.\n|\n|t:|1776388434\n|move|p2b: Floette|Protect|p2b: Floette\n|-singleturn|p2b: Floette|Protect\n|move|p1a: Pelipper|Wide Guard|p1a: Pelipper\n|-singleturn|p1a: Pelipper|Wide Guard\n|move|p1b: Dragonite|Hurricane|p2b: Floette\n|-activate|p2b: Floette|move: Protect\n|move|p2a: Rotom|Thunderbolt|p1b: Dragonite\n|-damage|p1b: Dragonite|84/100\n|-status|p1b: Dragonite|par\n|\n|-weather|RainDance|[upkeep]\n|upkeep\n|turn|3\n|inactive|BerGado has 30 seconds left.\n|\n|t:|1776388468\n|switch|p1b: Garchomp|Garchomp, L50, M|100/100\n|move|p2a: Rotom|Thunderbolt|p1a: Pelipper\n|-supereffective|p1a: Pelipper|2\n|-damage|p1a: Pelipper|0 fnt\n|faint|p1a: Pelipper\n|move|p2b: Floette|Moonblast|p1b: Garchomp\n|-supereffective|p1b: Garchomp|1\n|-damage|p1b: Garchomp|0 fnt\n|faint|p1b: Garchomp\n|\n|-weather|RainDance|[upkeep]\n|upkeep\n|\n|t:|1776388479\n|switch|p1b: Basculegion|Basculegion, L50, M|100/100\n|switch|p1a: Dragonite|Dragonite-Mega, L50, M|84/100 par\n|turn|4\n|\n|t:|1776388502\n|move|p1b: Basculegion|Wave Crash|p2b: Floette\n|-damage|p2b: Floette|0 fnt\n|faint|p2b: Floette\n|-damage|p1b: Basculegion|70/100|[from] Recoil\n|move|p2a: Rotom|Thunderbolt|p1b: Basculegion\n|-supereffective|p1b: Basculegion|1\n|-damage|p1b: Basculegion|0 fnt\n|faint|p1b: Basculegion\n|move|p1a: Dragonite|Draco Meteor|p2a: Rotom\n|-damage|p2a: Rotom|0 fnt\n|-unboost|p1a: Dragonite|spa|2\n|faint|p2a: Rotom\n|\n|-weather|RainDance|[upkeep]\n|-sideend|p1: BerGado|move: Tailwind\n|upkeep\n|\n|t:|1776388506\n|switch|p2b: Incineroar|Incineroar, L50, M|100/100\n|switch|p2a: Aegislash|Aegislash, L50, F|100/100\n|-ability|p2b: Incineroar|Intimidate|boost\n|-unboost|p1a: Dragonite|atk|1\n|turn|5\n|\n|t:|1776388520\n|move|p2b: Incineroar|Fake Out|p1a: Dragonite\n|-damage|p1a: Dragonite|75/100 par\n|-formechange|p2a: Aegislash|Aegislash-Blade|\n|move|p2a: Aegislash|Poltergeist|p1a: Dragonite|[miss]\n|-miss|p2a: Aegislash|p1a: Dragonite\n|cant|p1a: Dragonite|flinch\n|\n|-weather|none\n|upkeep\n|turn|6\n|\n|t:|1776388532\n|-formechange|p2a: Aegislash|Aegislash|\n|move|p2a: Aegislash|King's Shield|p2a: Aegislash\n|-singleturn|p2a: Aegislash|Protect\n|move|p2b: Incineroar|Flare Blitz|p1a: Dragonite\n|-resisted|p1a: Dragonite|1\n|-damage|p1a: Dragonite|54/100 par\n|-damage|p2b: Incineroar|95/100|[from] Recoil\n|move|p1a: Dragonite|Hurricane|p2b: Incineroar\n|-damage|p2b: Incineroar|64/100\n|\n|upkeep\n|turn|7\n|\n|t:|1776388557\n|move|p2b: Incineroar|Helping Hand|p2a: Aegislash\n|-singleturn|p2a: Aegislash|Helping Hand|[of] p2b: Incineroar\n|-formechange|p2a: Aegislash|Aegislash-Blade|\n|move|p2a: Aegislash|Iron Head|p1a: Dragonite\n|-damage|p1a: Dragonite|0 fnt\n|faint|p1a: Dragonite\n|\n|win|Saachan46\n|raw|BerGado's rating: 1120 &rarr; <strong>1099</strong><br />(-21 for losing)\n|raw|Saachan46's rating: 1174 &rarr; <strong>1195</strong><br />(+21 for winning)\n",
  "uploadtime": 1776388558,
  "views": 22,
  "formatid": "gen9championsvgc2026regma",
  "rating": 1099,
  "private": 0,
  "password": null
}