{
  "id": "gen9championsvgc2026regma-2583225553",
  "format": "[Gen 9 Champions] VGC 2026 Reg M-A",
  "players": [
    "B3rtaa",
    "Hinya"
  ],
  "log": "|j|\u2606B3rtaa\n|j|\u2606Hinya\n|t:|1776156794\n|gametype|doubles\n|player|p1|B3rtaa|101|1153\n|player|p2|Hinya|arezu|1071\n|gen|9\n|tier|[Gen 9 Champions] VGC 2026 Reg M-A\n|rated|\n|rule|Species Clause: Limit one of each Pok\u00e9mon\n|rule|Item Clause: Limit 1 of each item\n|clearpoke\n|poke|p1|Venusaur, L50, M|\n|poke|p1|Charizard, L50, M|\n|poke|p1|Basculegion, L50, M|\n|poke|p1|Sneasler, L50, F|\n|poke|p1|Garchomp, L50, F|\n|poke|p1|Incineroar, L50, M|\n|poke|p2|Floette-Eternal, L50, F|\n|poke|p2|Incineroar, L50, M|\n|poke|p2|Sinistcha, L50|\n|poke|p2|Garchomp, L50, M|\n|poke|p2|Corviknight, L50, M|\n|poke|p2|Tyranitar, L50, M|\n|teampreview|4\n|inactive|Battle timer is ON: inactive players will automatically lose when time's up. (requested by Hinya)\n|\n|t:|1776156823\n|teamsize|p1|4\n|teamsize|p2|4\n|start\n|switch|p1a: Basculegion|Basculegion, L50, M|100/100\n|switch|p1b: Incineroar|Incineroar, L50, M|100/100\n|switch|p2a: \uc5b4\ud765\uc5fc|Incineroar, L50, M|100/100\n|switch|p2b: \ud55c\uce74\ub9ac\uc544\uc2a4|Garchomp, L50, M|100/100\n|-ability|p1b: Incineroar|Intimidate|boost\n|-unboost|p2a: \uc5b4\ud765\uc5fc|atk|1\n|-unboost|p2b: \ud55c\uce74\ub9ac\uc544\uc2a4|atk|1\n|-ability|p2a: \uc5b4\ud765\uc5fc|Intimidate|boost\n|-unboost|p1a: Basculegion|atk|1\n|-unboost|p1b: Incineroar|atk|1\n|turn|1\n|\n|t:|1776156840\n|move|p1b: Incineroar|Fake Out|p2b: \ud55c\uce74\ub9ac\uc544\uc2a4\n|-damage|p2b: \ud55c\uce74\ub9ac\uc544\uc2a4|92/100\n|-damage|p1b: Incineroar|88/100|[from] ability: Rough Skin|[of] p2b: \ud55c\uce74\ub9ac\uc544\uc2a4\n|move|p2a: \uc5b4\ud765\uc5fc|Fake Out|p1b: Incineroar\n|-damage|p1b: Incineroar|82/100\n|move|p1a: Basculegion|Flip Turn|p2a: \uc5b4\ud765\uc5fc\n|-supereffective|p2a: \uc5b4\ud765\uc5fc|1\n|-damage|p2a: \uc5b4\ud765\uc5fc|61/100\n|\n|t:|1776156852\n|switch|p1a: Sneasler|Sneasler, L50, F|100/100|[from] Flip Turn\n|cant|p2b: \ud55c\uce74\ub9ac\uc544\uc2a4|flinch\n|\n|upkeep\n|turn|2\n|\n|t:|1776156865\n|move|p1a: Sneasler|Close Combat|p2b: \ud55c\uce74\ub9ac\uc544\uc2a4\n|-damage|p2b: \ud55c\uce74\ub9ac\uc544\uc2a4|19/100\n|-unboost|p1a: Sneasler|def|1\n|-unboost|p1a: Sneasler|spd|1\n|-damage|p1a: Sneasler|88/100|[from] ability: Rough Skin|[of] p2b: \ud55c\uce74\ub9ac\uc544\uc2a4\n|-enditem|p1a: Sneasler|White Herb\n|-clearnegativeboost|p1a: Sneasler|[silent]\n|move|p2b: \ud55c\uce74\ub9ac\uc544\uc2a4|Stomping Tantrum|p1a: Sneasler\n|-supereffective|p1a: Sneasler|1\n|-damage|p1a: Sneasler|0 fnt\n|faint|p1a: Sneasler\n|move|p1b: Incineroar|Parting Shot|p2b: \ud55c\uce74\ub9ac\uc544\uc2a4\n|-unboost|p2b: \ud55c\uce74\ub9ac\uc544\uc2a4|atk|1\n|-unboost|p2b: \ud55c\uce74\ub9ac\uc544\uc2a4|spa|1\n|\n|t:|1776156877\n|switch|p1b: Basculegion|Basculegion, L50, M|100/100|[from] Parting Shot\n|move|p2a: \uc5b4\ud765\uc5fc|Parting Shot|p1b: Basculegion\n|-unboost|p1b: Basculegion|atk|1\n|-unboost|p1b: Basculegion|spa|1\n|\n|t:|1776156886\n|switch|p2a: \ud50c\ub77c\uc5e3\ud14c|Floette-Eternal, L50, F|100/100|[from] Parting Shot\n|\n|upkeep\n|\n|t:|1776156891\n|switch|p1a: Incineroar|Incineroar, L50, M|82/100\n|-ability|p1a: Incineroar|Intimidate|boost\n|-unboost|p2a: \ud50c\ub77c\uc5e3\ud14c|atk|1\n|-unboost|p2b: \ud55c\uce74\ub9ac\uc544\uc2a4|atk|1\n|turn|3\n|\n|t:|1776156905\n|switch|p2b: \uc5b4\ud765\uc5fc|Incineroar, L50, M|61/100\n|-ability|p2b: \uc5b4\ud765\uc5fc|Intimidate|boost\n|-unboost|p1a: Incineroar|atk|1\n|-unboost|p1b: Basculegion|atk|1\n|detailschange|p2a: \ud50c\ub77c\uc5e3\ud14c|Floette-Mega, L50, F\n|-mega|p2a: \ud50c\ub77c\uc5e3\ud14c|Floette|Floettite\n|-ability|p2a: \ud50c\ub77c\uc5e3\ud14c|Fairy Aura\n|move|p2a: \ud50c\ub77c\uc5e3\ud14c|Protect|p2a: \ud50c\ub77c\uc5e3\ud14c\n|-singleturn|p2a: \ud50c\ub77c\uc5e3\ud14c|Protect\n|move|p1b: Basculegion|Flip Turn|p2b: \uc5b4\ud765\uc5fc\n|-supereffective|p2b: \uc5b4\ud765\uc5fc|1\n|-damage|p2b: \uc5b4\ud765\uc5fc|33/100\n|-enditem|p2b: \uc5b4\ud765\uc5fc|Sitrus Berry|[eat]\n|-heal|p2b: \uc5b4\ud765\uc5fc|58/100|[from] item: Sitrus Berry\n|\n|t:|1776156917\n|switch|p1b: Charizard|Charizard, L50, M|100/100|[from] Flip Turn\n|move|p1a: Incineroar|Parting Shot|p2a: \ud50c\ub77c\uc5e3\ud14c\n|-activate|p2a: \ud50c\ub77c\uc5e3\ud14c|move: Protect\n|\n|upkeep\n|turn|4\n|\n|t:|1776156933\n|switch|p1a: Basculegion|Basculegion, L50, M|100/100\n|detailschange|p1b: Charizard|Charizard-Mega-Y, L50, M\n|-mega|p1b: Charizard|Charizard|Charizardite Y\n|-weather|SunnyDay|[from] ability: Drought|[of] p1b: Charizard\n|move|p2b: \uc5b4\ud765\uc5fc|Fake Out|p1b: Charizard\n|-damage|p1b: Charizard|88/100\n|move|p2a: \ud50c\ub77c\uc5e3\ud14c|Calm Mind|p2a: \ud50c\ub77c\uc5e3\ud14c\n|-boost|p2a: \ud50c\ub77c\uc5e3\ud14c|spa|1\n|-boost|p2a: \ud50c\ub77c\uc5e3\ud14c|spd|1\n|cant|p1b: Charizard|flinch\n|\n|-weather|SunnyDay|[upkeep]\n|upkeep\n|turn|5\n|\n|t:|1776156950\n|move|p2a: \ud50c\ub77c\uc5e3\ud14c|Protect|p2a: \ud50c\ub77c\uc5e3\ud14c\n|-singleturn|p2a: \ud50c\ub77c\uc5e3\ud14c|Protect\n|move|p1a: Basculegion|Last Respects|p2a: \ud50c\ub77c\uc5e3\ud14c\n|-activate|p2a: \ud50c\ub77c\uc5e3\ud14c|move: Protect\n|move|p1b: Charizard|Weather Ball|p2a: \ud50c\ub77c\uc5e3\ud14c\n|-activate|p2a: \ud50c\ub77c\uc5e3\ud14c|move: Protect\n|move|p2b: \uc5b4\ud765\uc5fc|Parting Shot|p1a: Basculegion\n|-unboost|p1a: Basculegion|atk|1\n|-unboost|p1a: Basculegion|spa|1\n|\n|t:|1776156960\n|switch|p2b: \ud55c\uce74\ub9ac\uc544\uc2a4|Garchomp, L50, M|19/100|[from] Parting Shot\n|\n|-weather|SunnyDay|[upkeep]\n|upkeep\n|turn|6\n|\n|t:|1776156971\n|switch|p2b: \uc5b4\ud765\uc5fc|Incineroar, L50, M|58/100\n|-ability|p2b: \uc5b4\ud765\uc5fc|Intimidate|boost\n|-unboost|p1a: Basculegion|atk|1\n|-unboost|p1b: Charizard|atk|1\n|move|p1a: Basculegion|Last Respects|p2a: \ud50c\ub77c\uc5e3\ud14c\n|-damage|p2a: \ud50c\ub77c\uc5e3\ud14c|59/100\n|move|p2a: \ud50c\ub77c\uc5e3\ud14c|Dazzling Gleam|p1b: Charizard|[spread] p1a,p1b\n|-resisted|p1b: Charizard|1\n|-damage|p1a: Basculegion|15/100\n|-damage|p1b: Charizard|52/100\n|move|p1b: Charizard|Weather Ball|p2a: \ud50c\ub77c\uc5e3\ud14c\n|-damage|p2a: \ud50c\ub77c\uc5e3\ud14c|0 fnt\n|faint|p2a: \ud50c\ub77c\uc5e3\ud14c\n|\n|-weather|SunnyDay|[upkeep]\n|upkeep\n|\n|t:|1776156988\n|switch|p2a: \ud55c\uce74\ub9ac\uc544\uc2a4|Garchomp, L50, M|19/100\n|turn|7\n|\n|t:|1776156996\n|switch|p1a: Incineroar|Incineroar, L50, M|82/100\n|-ability|p1a: Incineroar|Intimidate|boost\n|-unboost|p2a: \ud55c\uce74\ub9ac\uc544\uc2a4|atk|1\n|-unboost|p2b: \uc5b4\ud765\uc5fc|atk|1\n|move|p1b: Charizard|Protect|p1b: Charizard\n|-singleturn|p1b: Charizard|Protect\n|move|p2a: \ud55c\uce74\ub9ac\uc544\uc2a4|Rock Slide|p1b: Charizard|[spread] p1a\n|-activate|p1b: Charizard|move: Protect\n|-supereffective|p1a: Incineroar|1\n|-damage|p1a: Incineroar|60/100\n|move|p2b: \uc5b4\ud765\uc5fc|Darkest Lariat|p1a: Incineroar\n|-resisted|p1a: Incineroar|1\n|-damage|p1a: Incineroar|51/100\n|\n|-weather|SunnyDay|[upkeep]\n|upkeep\n|turn|8\n|\n|t:|1776157009\n|switch|p2b: \ub9d0\ucc28\ub77c\ub5bc|Sinistcha, L50|100/100\n|-heal|p2a: \ud55c\uce74\ub9ac\uc544\uc2a4|44/100|[from] ability: Hospitality|[of] p2b: \ub9d0\ucc28\ub77c\ub5bc\n|move|p1a: Incineroar|Fake Out|p2a: \ud55c\uce74\ub9ac\uc544\uc2a4\n|-damage|p2a: \ud55c\uce74\ub9ac\uc544\uc2a4|30/100\n|-damage|p1a: Incineroar|39/100|[from] ability: Rough Skin|[of] p2a: \ud55c\uce74\ub9ac\uc544\uc2a4\n|-enditem|p1a: Incineroar|Sitrus Berry|[eat]\n|-heal|p1a: Incineroar|63/100|[from] item: Sitrus Berry\n|cant|p2a: \ud55c\uce74\ub9ac\uc544\uc2a4|flinch\n|move|p1b: Charizard|Air Slash|p2b: \ub9d0\ucc28\ub77c\ub5bc\n|-supereffective|p2b: \ub9d0\ucc28\ub77c\ub5bc|1\n|-damage|p2b: \ub9d0\ucc28\ub77c\ub5bc|0 fnt\n|faint|p2b: \ub9d0\ucc28\ub77c\ub5bc\n|\n|-weather|none\n|upkeep\n|\n|t:|1776157017\n|switch|p2b: \uc5b4\ud765\uc5fc|Incineroar, L50, M|58/100\n|-ability|p2b: \uc5b4\ud765\uc5fc|Intimidate|boost\n|-unboost|p1a: Incineroar|atk|1\n|-unboost|p1b: Charizard|atk|1\n|turn|9\n|\n|t:|1776157026\n|move|p2b: \uc5b4\ud765\uc5fc|Fake Out|p1a: Incineroar\n|-damage|p1a: Incineroar|54/100\n|move|p2a: \ud55c\uce74\ub9ac\uc544\uc2a4|Rock Slide|p1b: Charizard|[spread] p1a,p1b\n|-supereffective|p1a: Incineroar|1\n|-supereffective|p1b: Charizard|2\n|-damage|p1a: Incineroar|30/100\n|-damage|p1b: Charizard|0 fnt\n|faint|p1b: Charizard\n|cant|p1a: Incineroar|flinch\n|\n|upkeep\n|\n|t:|1776157032\n|switch|p1b: Basculegion|Basculegion, L50, M|15/100\n|turn|10\n|\n|t:|1776157046\n|move|p1b: Basculegion|Flip Turn|p2b: \uc5b4\ud765\uc5fc\n|-supereffective|p2b: \uc5b4\ud765\uc5fc|1\n|-damage|p2b: \uc5b4\ud765\uc5fc|8/100\n|move|p2a: \ud55c\uce74\ub9ac\uc544\uc2a4|Stomping Tantrum|p1a: Incineroar\n|-supereffective|p1a: Incineroar|1\n|-damage|p1a: Incineroar|0 fnt\n|faint|p1a: Incineroar\n|move|p2b: \uc5b4\ud765\uc5fc|Darkest Lariat|p1b: Basculegion\n|-supereffective|p1b: Basculegion|1\n|-damage|p1b: Basculegion|0 fnt\n|faint|p1b: Basculegion\n|\n|win|Hinya\n|raw|B3rtaa's rating: 1153 &rarr; <strong>1122</strong><br />(-31 for losing)\n|raw|Hinya's rating: 1071 &rarr; <strong>1107</strong><br />(+36 for winning)\n",
  "uploadtime": 1776157053,
  "views": 26,
  "formatid": "gen9championsvgc2026regma",
  "rating": 1107,
  "private": 0,
  "password": null
}