{
  "id": "gen9championsvgc2026regma-2586470745",
  "format": "[Gen 9 Champions] VGC 2026 Reg M-A",
  "players": [
    "Ivanpmd",
    "carlinhosdalva1"
  ],
  "log": "|j|\u2606Ivanpmd\n|j|\u2606carlinhosdalva1\n|t:|1776436938\n|gametype|doubles\n|player|p1|Ivanpmd|cheren|1033\n|player|p2|carlinhosdalva1|101|1017\n|gen|9\n|tier|[Gen 9 Champions] VGC 2026 Reg M-A\n|rated|\n|rule|Species Clause: Limit one of each Pok\u00e9mon\n|rule|Item Clause: Limit 1 of each item\n|clearpoke\n|poke|p1|Floette-Eternal, L50, F|\n|poke|p1|Garchomp, L50, M|\n|poke|p1|Incineroar, L50, F|\n|poke|p1|Sneasler, L50, M|\n|poke|p1|Basculegion-F, L50, F|\n|poke|p1|Whimsicott, L50, M|\n|poke|p2|Incineroar, L50, F|\n|poke|p2|Gengar, L50, M|\n|poke|p2|Maushold-Four, L50|\n|poke|p2|Sableye, L50, M|\n|poke|p2|Chandelure, L50, M|\n|poke|p2|Primarina, L50, M|\n|teampreview|4\n|inactive|Battle timer is ON: inactive players will automatically lose when time's up. (requested by Ivanpmd)\nIvanpmd has agreed to open team sheets.\n|\n|t:|1776436955\n|teamsize|p1|4\n|teamsize|p2|4\n|start\n|switch|p1a: Incineroar|Incineroar, L50, F|100/100\n|switch|p1b: Whimsicott|Whimsicott, L50, M|100/100\n|switch|p2a: Incineroar|Incineroar, L50, F|100/100\n|switch|p2b: Gengar|Gengar, L50, M|100/100\n|-ability|p1a: Incineroar|Intimidate|boost\n|-unboost|p2a: Incineroar|atk|1\n|-unboost|p2b: Gengar|atk|1\n|-ability|p2a: Incineroar|Intimidate|boost\n|-unboost|p1a: Incineroar|atk|1\n|-unboost|p1b: Whimsicott|atk|1\n|turn|1\n|inactive|carlinhosdalva1 has 30 seconds left.\n|\n|t:|1776436982\n|detailschange|p2b: Gengar|Gengar-Mega, L50, M\n|-mega|p2b: Gengar|Gengar|Gengarite\n|move|p1a: Incineroar|Fake Out|p2a: Incineroar\n|-damage|p2a: Incineroar|94/100\n|cant|p2a: Incineroar|flinch\n|move|p1b: Whimsicott|Tailwind|p1b: Whimsicott\n|-sidestart|p1: Ivanpmd|move: Tailwind\n|move|p2b: Gengar|Perish Song|p2b: Gengar\n|-start|p1a: Incineroar|perish3|[silent]\n|-start|p1b: Whimsicott|perish3|[silent]\n|-start|p2a: Incineroar|perish3|[silent]\n|-start|p2b: Gengar|perish3|[silent]\n|-fieldactivate|move: Perish Song\n|\n|-start|p1b: Whimsicott|perish3\n|-start|p2b: Gengar|perish3\n|-start|p1a: Incineroar|perish3\n|-start|p2a: Incineroar|perish3\n|upkeep\n|turn|2\n|\n|t:|1776437003\n|move|p2b: Gengar|Protect|p2b: Gengar\n|-singleturn|p2b: Gengar|Protect\n|move|p2a: Incineroar|Protect|p2a: Incineroar\n|-singleturn|p2a: Incineroar|Protect\n|move|p1b: Whimsicott|U-turn|p2a: Incineroar\n|-activate|p2a: Incineroar|move: Protect\n|move|p1a: Incineroar|Parting Shot|p2b: Gengar\n|-activate|p2b: Gengar|move: Protect\n|\n|-start|p1b: Whimsicott|perish2\n|-start|p2b: Gengar|perish2\n|-start|p1a: Incineroar|perish2\n|-start|p2a: Incineroar|perish2\n|upkeep\n|turn|3\n|\n|t:|1776437027\n|switch|p2b: Maushold|Maushold-Four, L50|100/100\n|move|p1b: Whimsicott|U-turn|p2a: Incineroar\n|-damage|p2a: Incineroar|89/100\n|\n|t:|1776437039\n|switch|p1b: Garchomp|Garchomp, L50, M, shiny|100/100|[from] U-turn\n|move|p1a: Incineroar|Parting Shot|p2b: Maushold\n|-unboost|p2b: Maushold|atk|1\n|-unboost|p2b: Maushold|spa|1\n|\n|t:|1776437045\n|switch|p1a: Floette|Floette-Eternal, L50, F|100/100|[from] Parting Shot\n|move|p2a: Incineroar|Parting Shot|p1b: Garchomp\n|-unboost|p1b: Garchomp|atk|1\n|-unboost|p1b: Garchomp|spa|1\n|\n|t:|1776437050\n|switch|p2a: Gengar|Gengar-Mega, L50, M|100/100|[from] Parting Shot\n|\n|upkeep\n|turn|4\n|\n|t:|1776437072\n|detailschange|p1a: Floette|Floette-Mega, L50, F\n|-mega|p1a: Floette|Floette|Floettite\n|-ability|p1a: Floette|Fairy Aura\n|move|p2b: Maushold|Follow Me|p2b: Maushold\n|-singleturn|p2b: Maushold|move: Follow Me\n|move|p1b: Garchomp|Swords Dance|p1b: Garchomp\n|-boost|p1b: Garchomp|atk|2\n|move|p1a: Floette|Draining Kiss|p2b: Maushold\n|-damage|p2b: Maushold|56/100\n|move|p2a: Gengar|Perish Song|p2a: Gengar\n|-start|p1a: Floette|perish3|[silent]\n|-start|p1b: Garchomp|perish3|[silent]\n|-start|p2a: Gengar|perish3|[silent]\n|-start|p2b: Maushold|perish3|[silent]\n|-fieldactivate|move: Perish Song\n|\n|-start|p1b: Garchomp|perish3\n|-start|p1a: Floette|perish3\n|-start|p2a: Gengar|perish3\n|-start|p2b: Maushold|perish3\n|-sideend|p1: Ivanpmd|move: Tailwind\n|upkeep\n|turn|5\n|\n|t:|1776437089\n|move|p2a: Gengar|Protect|p2a: Gengar\n|-singleturn|p2a: Gengar|Protect\n|move|p2b: Maushold|Protect|p2b: Maushold\n|-singleturn|p2b: Maushold|Protect\n|move|p1b: Garchomp|Rock Slide|p2a: Gengar|[spread] \n|-activate|p2a: Gengar|move: Protect\n|-activate|p2b: Maushold|move: Protect\n|move|p1a: Floette|Dazzling Gleam|p2a: Gengar|[spread] \n|-activate|p2a: Gengar|move: Protect\n|-activate|p2b: Maushold|move: Protect\n|\n|-start|p2a: Gengar|perish2\n|-start|p2b: Maushold|perish2\n|-start|p1b: Garchomp|perish2\n|-start|p1a: Floette|perish2\n|upkeep\n|turn|6\n|inactive|carlinhosdalva1 has 30 seconds left.\n|inactive|carlinhosdalva1 has 20 seconds left.\n|\n|t:|1776437125\n|move|p2b: Maushold|Follow Me|p2b: Maushold\n|-singleturn|p2b: Maushold|move: Follow Me\n|move|p2a: Gengar|Shadow Ball|p1b: Garchomp\n|-damage|p1b: Garchomp|59/100\n|move|p1b: Garchomp|Rock Slide|p2b: Maushold|[spread] p2b\n|-miss|p1b: Garchomp|p2a: Gengar\n|-damage|p2b: Maushold|17/100\n|move|p1a: Floette|Dazzling Gleam|p2b: Maushold|[spread] p2a,p2b\n|-resisted|p2a: Gengar|1\n|-damage|p2a: Gengar|83/100\n|-damage|p2b: Maushold|0 fnt\n|faint|p2b: Maushold\n|\n|-start|p2a: Gengar|perish1\n|-start|p1b: Garchomp|perish1\n|-start|p1a: Floette|perish1\n|upkeep\n|\n|t:|1776437140\n|switch|p2b: Incineroar|Incineroar, L50, F|89/100\n|-ability|p2b: Incineroar|Intimidate|boost\n|-unboost|p1a: Floette|atk|1\n|-unboost|p1b: Garchomp|atk|1\n|turn|7\n|inactive|Ivanpmd has 30 seconds left.\n|\n|t:|1776437172\n|switch|p2a: Sableye|Sableye, L50, M|100/100\n|move|p2b: Incineroar|Protect|p2b: Incineroar\n|-singleturn|p2b: Incineroar|Protect\n|move|p1b: Garchomp|Rock Slide|p2b: Incineroar|[spread] p2a\n|-activate|p2b: Incineroar|move: Protect\n|-damage|p2a: Sableye|81/100\n|move|p1a: Floette|Dazzling Gleam|p2a: Sableye|[spread] p2a\n|-activate|p2b: Incineroar|move: Protect\n|-supereffective|p2a: Sableye|1\n|-damage|p2a: Sableye|0 fnt\n|faint|p2a: Sableye\n|\n|-start|p1b: Garchomp|perish0\n|-start|p1a: Floette|perish0\n|faint|p1b: Garchomp\n|faint|p1a: Floette\n|upkeep\n|\n|t:|1776437189\n|switch|p1b: Whimsicott|Whimsicott, L50, M|100/100\n|switch|p1a: Incineroar|Incineroar, L50, F|100/100\n|switch|p2a: Gengar|Gengar-Mega, L50, M|83/100\n|-ability|p1a: Incineroar|Intimidate|boost\n|-unboost|p2a: Gengar|atk|1\n|-unboost|p2b: Incineroar|atk|1\n|turn|8\n|\n|t:|1776437215\n|move|p1b: Whimsicott|Encore|p2b: Incineroar\n|-hint|Since gen 7, Dark is immune to Prankster moves.\n|-immune|p2b: Incineroar\n|move|p2a: Gengar|Shadow Ball|p1b: Whimsicott\n|-damage|p1b: Whimsicott|39/100\n|-enditem|p1b: Whimsicott|Sitrus Berry|[eat]\n|-heal|p1b: Whimsicott|63/100|[from] item: Sitrus Berry\n|move|p1a: Incineroar|Flare Blitz|p2a: Gengar\n|-damage|p2a: Gengar|25/100\n|-damage|p1a: Incineroar|85/100|[from] Recoil\n|move|p2b: Incineroar|Flare Blitz|p1b: Whimsicott\n|-supereffective|p1b: Whimsicott|1\n|-crit|p1b: Whimsicott\n|-damage|p1b: Whimsicott|0 fnt\n|faint|p1b: Whimsicott\n|-damage|p2b: Incineroar|72/100|[from] Recoil\n|\n|-heal|p1a: Incineroar|91/100|[from] item: Leftovers\n|upkeep\n|turn|9\n|inactive|carlinhosdalva1 has 30 seconds left.\n|\n|t:|1776437248\n|move|p2a: Gengar|Shadow Ball|p1a: Incineroar\n|-resisted|p1a: Incineroar|1\n|-damage|p1a: Incineroar|71/100\n|move|p1a: Incineroar|Flare Blitz|p2a: Gengar\n|-damage|p2a: Gengar|0 fnt\n|faint|p2a: Gengar\n|-damage|p1a: Incineroar|64/100|[from] Recoil\n|move|p2b: Incineroar|Parting Shot|p1a: Incineroar\n|-unboost|p1a: Incineroar|atk|1\n|-unboost|p1a: Incineroar|spa|1\n|\n|-heal|p1a: Incineroar|70/100|[from] item: Leftovers\n|upkeep\n|turn|10\n|\n|t:|1776437268\n|move|p2b: Incineroar|Protect|p2b: Incineroar\n|-singleturn|p2b: Incineroar|Protect\n|move|p1a: Incineroar|Parting Shot|p2b: Incineroar\n|-activate|p2b: Incineroar|move: Protect\n|\n|-heal|p1a: Incineroar|76/100|[from] item: Leftovers\n|upkeep\n|turn|11\n|\n|t:|1776437276\n|move|p1a: Incineroar|Parting Shot|p2b: Incineroar\n|-unboost|p2b: Incineroar|atk|1\n|-unboost|p2b: Incineroar|spa|1\n|move|p2b: Incineroar|Parting Shot|p1a: Incineroar\n|-unboost|p1a: Incineroar|atk|1\n|-unboost|p1a: Incineroar|spa|1\n|\n|-heal|p1a: Incineroar|82/100|[from] item: Leftovers\n|upkeep\n|turn|12\n|\n|t:|1776437285\n|move|p2b: Incineroar|Protect|p2b: Incineroar\n|-singleturn|p2b: Incineroar|Protect\n|move|p1a: Incineroar|Parting Shot|p2b: Incineroar\n|-activate|p2b: Incineroar|move: Protect\n|\n|-heal|p1a: Incineroar|88/100|[from] item: Leftovers\n|upkeep\n|turn|13\n|\n|t:|1776437292\n|move|p1a: Incineroar|Parting Shot|p2b: Incineroar\n|-unboost|p2b: Incineroar|atk|1\n|-unboost|p2b: Incineroar|spa|1\n|move|p2b: Incineroar|Parting Shot|p1a: Incineroar\n|-unboost|p1a: Incineroar|atk|1\n|-unboost|p1a: Incineroar|spa|1\n|\n|-heal|p1a: Incineroar|94/100|[from] item: Leftovers\n|upkeep\n|turn|14\n|\n|t:|1776437304\n|move|p2b: Incineroar|Protect|p2b: Incineroar\n|-singleturn|p2b: Incineroar|Protect\n|move|p1a: Incineroar|Parting Shot|p2b: Incineroar\n|-activate|p2b: Incineroar|move: Protect\n|\n|-heal|p1a: Incineroar|100/100|[from] item: Leftovers\n|upkeep\n|turn|15\n|\n|t:|1776437313\n|move|p1a: Incineroar|Parting Shot|p2b: Incineroar\n|-unboost|p2b: Incineroar|atk|1\n|-unboost|p2b: Incineroar|spa|1\n|move|p2b: Incineroar|Parting Shot|p1a: Incineroar\n|-unboost|p1a: Incineroar|atk|1\n|-unboost|p1a: Incineroar|spa|1\n|\n|upkeep\n|turn|16\n|\n|t:|1776437323\n|move|p1a: Incineroar|Will-O-Wisp|p2b: Incineroar\n|-immune|p2b: Incineroar\n|move|p2b: Incineroar|Parting Shot|p1a: Incineroar\n|-unboost|p1a: Incineroar|atk|1\n|-unboost|p1a: Incineroar|spa|1\n|\n|upkeep\n|turn|17\n|\n|t:|1776437332\n|move|p1a: Incineroar|Parting Shot|p2b: Incineroar\n|-unboost|p2b: Incineroar|atk|1\n|-unboost|p2b: Incineroar|spa|1\n|move|p2b: Incineroar|Flare Blitz|p1a: Incineroar\n|-resisted|p1a: Incineroar|1\n|-damage|p1a: Incineroar|94/100\n|-damage|p2b: Incineroar|70/100|[from] Recoil\n|\n|-heal|p1a: Incineroar|100/100|[from] item: Leftovers\n|upkeep\n|turn|18\n|\n|t:|1776437343\n|move|p1a: Incineroar|Flare Blitz|p2b: Incineroar\n|-resisted|p2b: Incineroar|1\n|-damage|p2b: Incineroar|64/100\n|-damage|p1a: Incineroar|98/100|[from] Recoil\n|move|p2b: Incineroar|Flare Blitz|p1a: Incineroar\n|-resisted|p1a: Incineroar|1\n|-damage|p1a: Incineroar|92/100\n|-damage|p2b: Incineroar|62/100|[from] Recoil\n|\n|-heal|p1a: Incineroar|98/100|[from] item: Leftovers\n|upkeep\n|turn|19\n|\n|t:|1776437356\n|move|p1a: Incineroar|Flare Blitz|p2b: Incineroar\n|-resisted|p2b: Incineroar|1\n|-damage|p2b: Incineroar|57/100\n|-damage|p1a: Incineroar|96/100|[from] Recoil\n|move|p2b: Incineroar|Parting Shot|p1a: Incineroar\n|-unboost|p1a: Incineroar|atk|1\n|-unboost|p1a: Incineroar|spa|1\n|\n|-heal|p1a: Incineroar|100/100|[from] item: Leftovers\n|upkeep\n|turn|20\n|\n|t:|1776437369\n|move|p1a: Incineroar|Parting Shot|p2b: Incineroar\n|-unboost|p2b: Incineroar|atk|1\n|-unboost|p2b: Incineroar|spa|1\n|move|p2b: Incineroar|Flare Blitz|p1a: Incineroar\n|-resisted|p1a: Incineroar|1\n|-damage|p1a: Incineroar|95/100\n|-damage|p2b: Incineroar|55/100|[from] Recoil\n|\n|-heal|p1a: Incineroar|100/100|[from] item: Leftovers\n|upkeep\n|turn|21\n|\n|t:|1776437381\n|move|p1a: Incineroar|Parting Shot|p2b: Incineroar\n|-unboost|p2b: Incineroar|atk|0\n|-unboost|p2b: Incineroar|spa|1\n|move|p2b: Incineroar|Flare Blitz|p1a: Incineroar\n|-resisted|p1a: Incineroar|1\n|-damage|p1a: Incineroar|95/100\n|-damage|p2b: Incineroar|53/100|[from] Recoil\n|\n|-heal|p1a: Incineroar|100/100|[from] item: Leftovers\n|upkeep\n|turn|22\n|\n|t:|1776437391\n|move|p1a: Incineroar|Parting Shot|p2b: Incineroar\n|-unboost|p2b: Incineroar|atk|0\n|-unboost|p2b: Incineroar|spa|0\n|move|p2b: Incineroar|Flare Blitz|p1a: Incineroar\n|-resisted|p1a: Incineroar|1\n|-damage|p1a: Incineroar|95/100\n|-damage|p2b: Incineroar|52/100|[from] Recoil\n|\n|-heal|p1a: Incineroar|100/100|[from] item: Leftovers\n|upkeep\n|turn|23\n|\n|t:|1776437401\n|move|p1a: Incineroar|Parting Shot|p2b: Incineroar\n|-unboost|p2b: Incineroar|atk|0\n|-unboost|p2b: Incineroar|spa|0\n|move|p2b: Incineroar|Flare Blitz|p1a: Incineroar\n|-resisted|p1a: Incineroar|1\n|-damage|p1a: Incineroar|95/100\n|-damage|p2b: Incineroar|50/100|[from] Recoil\n|-enditem|p2b: Incineroar|Sitrus Berry|[eat]\n|-heal|p2b: Incineroar|75/100|[from] item: Sitrus Berry\n|\n|-heal|p1a: Incineroar|100/100|[from] item: Leftovers\n|upkeep\n|turn|24\n|\n|t:|1776437412\n|move|p1a: Incineroar|Parting Shot|p2b: Incineroar\n|-unboost|p2b: Incineroar|atk|0\n|-unboost|p2b: Incineroar|spa|0\n|move|p2b: Incineroar|Flare Blitz|p1a: Incineroar\n|-resisted|p1a: Incineroar|1\n|-damage|p1a: Incineroar|95/100\n|-damage|p2b: Incineroar|73/100|[from] Recoil\n|\n|-heal|p1a: Incineroar|100/100|[from] item: Leftovers\n|upkeep\n|turn|25\n|\n|t:|1776437423\n|move|p1a: Incineroar|Parting Shot|p2b: Incineroar\n|-unboost|p2b: Incineroar|atk|0\n|-unboost|p2b: Incineroar|spa|0\n|move|p2b: Incineroar|Flare Blitz|p1a: Incineroar\n|-resisted|p1a: Incineroar|1\n|-damage|p1a: Incineroar|96/100\n|-damage|p2b: Incineroar|71/100|[from] Recoil\n|\n|-heal|p1a: Incineroar|100/100|[from] item: Leftovers\n|upkeep\n|turn|26\n|\n|t:|1776437434\n|move|p1a: Incineroar|Parting Shot|p2b: Incineroar\n|-unboost|p2b: Incineroar|atk|0\n|-unboost|p2b: Incineroar|spa|0\n|move|p2b: Incineroar|Flare Blitz|p1a: Incineroar\n|-resisted|p1a: Incineroar|1\n|-damage|p1a: Incineroar|95/100\n|-damage|p2b: Incineroar|70/100|[from] Recoil\n|\n|-heal|p1a: Incineroar|100/100|[from] item: Leftovers\n|upkeep\n|turn|27\n|\n|t:|1776437444\n|move|p1a: Incineroar|Parting Shot|p2b: Incineroar\n|-unboost|p2b: Incineroar|atk|0\n|-unboost|p2b: Incineroar|spa|0\n|move|p2b: Incineroar|Flare Blitz|p1a: Incineroar\n|-resisted|p1a: Incineroar|1\n|-damage|p1a: Incineroar|95/100\n|-damage|p2b: Incineroar|68/100|[from] Recoil\n|\n|-heal|p1a: Incineroar|100/100|[from] item: Leftovers\n|upkeep\n|turn|28\n|\n|t:|1776437455\n|move|p1a: Incineroar|Parting Shot|p2b: Incineroar\n|-unboost|p2b: Incineroar|atk|0\n|-unboost|p2b: Incineroar|spa|0\n|move|p2b: Incineroar|Flare Blitz|p1a: Incineroar\n|-resisted|p1a: Incineroar|1\n|-damage|p1a: Incineroar|95/100\n|-damage|p2b: Incineroar|66/100|[from] Recoil\n|\n|-heal|p1a: Incineroar|100/100|[from] item: Leftovers\n|upkeep\n|turn|29\n|\n|t:|1776437465\n|move|p1a: Incineroar|Parting Shot|p2b: Incineroar\n|-unboost|p2b: Incineroar|atk|0\n|-unboost|p2b: Incineroar|spa|0\n|move|p2b: Incineroar|Flare Blitz|p1a: Incineroar\n|-resisted|p1a: Incineroar|1\n|-damage|p1a: Incineroar|95/100\n|-damage|p2b: Incineroar|64/100|[from] Recoil\n|\n|-heal|p1a: Incineroar|100/100|[from] item: Leftovers\n|upkeep\n|turn|30\n|\n|t:|1776437476\n|move|p1a: Incineroar|Parting Shot|p2b: Incineroar\n|-unboost|p2b: Incineroar|atk|0\n|-unboost|p2b: Incineroar|spa|0\n|move|p2b: Incineroar|Flare Blitz|p1a: Incineroar\n|-resisted|p1a: Incineroar|1\n|-damage|p1a: Incineroar|95/100\n|-damage|p2b: Incineroar|62/100|[from] Recoil\n|\n|-heal|p1a: Incineroar|100/100|[from] item: Leftovers\n|upkeep\n|turn|31\n|\n|t:|1776437486\n|move|p1a: Incineroar|Will-O-Wisp|p2b: Incineroar\n|-immune|p2b: Incineroar\n|move|p2b: Incineroar|Flare Blitz|p1a: Incineroar\n|-resisted|p1a: Incineroar|1\n|-damage|p1a: Incineroar|95/100\n|-damage|p2b: Incineroar|60/100|[from] Recoil\n|\n|-heal|p1a: Incineroar|100/100|[from] item: Leftovers\n|upkeep\n|turn|32\n|\n|t:|1776437496\n|move|p1a: Incineroar|Will-O-Wisp|p2b: Incineroar\n|-immune|p2b: Incineroar\n|move|p2b: Incineroar|Flare Blitz|p1a: Incineroar\n|-resisted|p1a: Incineroar|1\n|-damage|p1a: Incineroar|95/100\n|-damage|p2b: Incineroar|59/100|[from] Recoil\n|\n|-heal|p1a: Incineroar|100/100|[from] item: Leftovers\n|upkeep\n|turn|33\n|inactive|Ivanpmd has 30 seconds left.\n|\n|t:|1776437506\n|move|p1a: Incineroar|Will-O-Wisp|p1: Whimsicott|[notarget]\n|-fail|p1a: Incineroar\n|move|p2b: Incineroar|Parting Shot|p1a: Incineroar\n|-unboost|p1a: Incineroar|atk|0\n|-unboost|p1a: Incineroar|spa|0\n|\n|upkeep\n|turn|34\n|inactive|Ivanpmd has 25 seconds left this turn.\n|inactive|Ivanpmd has 20 seconds left.\n|\n|t:|1776437513\n|move|p1a: Incineroar|Will-O-Wisp|p2b: Incineroar\n|-immune|p2b: Incineroar\n|move|p2b: Incineroar|Parting Shot|p1a: Incineroar\n|-unboost|p1a: Incineroar|atk|0\n|-unboost|p1a: Incineroar|spa|0\n|\n|upkeep\n|turn|35\n|inactive|Ivanpmd has 20 seconds left this turn.\n|inactive|Ivanpmd has 15 seconds left.\n|\n|t:|1776437521\n|move|p1a: Incineroar|Will-O-Wisp|p2b: Incineroar\n|-immune|p2b: Incineroar\n|move|p2b: Incineroar|Parting Shot|p1a: Incineroar\n|-unboost|p1a: Incineroar|atk|0\n|-unboost|p1a: Incineroar|spa|0\n|\n|upkeep\n|turn|36\n|inactive|Ivanpmd has 15 seconds left this turn.\n|inactive|Ivanpmd has 10 seconds left.\n|\n|t:|1776437528\n|move|p1a: Incineroar|Will-O-Wisp|p2b: Incineroar\n|-immune|p2b: Incineroar\n|move|p2b: Incineroar|Parting Shot|p1a: Incineroar\n|-unboost|p1a: Incineroar|atk|0\n|-unboost|p1a: Incineroar|spa|0\n|\n|upkeep\n|turn|37\n|inactive|Ivanpmd has 10 seconds left this turn.\n|inactive|Ivanpmd has 5 seconds left.\n|\n|t:|1776437536\n|move|p1a: Incineroar|Will-O-Wisp|p2b: Incineroar\n|-immune|p2b: Incineroar\n|move|p2b: Incineroar|Parting Shot|p1a: Incineroar\n|-unboost|p1a: Incineroar|atk|0\n|-unboost|p1a: Incineroar|spa|0\n|\n|upkeep\n|turn|38\n|inactive|Ivanpmd has 5 seconds left this turn.\n|-message|Ivanpmd lost due to inactivity.\n|\n|win|carlinhosdalva1\n|raw|Ivanpmd's rating: 1033 &rarr; <strong>1017</strong><br />(-16 for losing)\n|raw|carlinhosdalva1's rating: 1017 &rarr; <strong>1056</strong><br />(+39 for winning)\n|l|\u2606carlinhosdalva1\n|player|p2|\n|c|\u2606Ivanpmd|WHAT?!\n",
  "uploadtime": 1776437556,
  "views": 19,
  "formatid": "gen9championsvgc2026regma",
  "rating": 1017,
  "private": 0,
  "password": null
}