{
  "id": "gen9championsvgc2026regma-2588901020",
  "format": "[Gen 9 Champions] VGC 2026 Reg M-A",
  "players": [
    "Thiagovik",
    "monkeyswag1411"
  ],
  "log": "|j|\u2606Thiagovik\n|j|\u2606monkeyswag1411\n|t:|1776684037\n|gametype|doubles\n|player|p1|Thiagovik|blackbelt-gen4|1002\n|player|p2|monkeyswag1411|psychic|1082\n|gen|9\n|tier|[Gen 9 Champions] VGC 2026 Reg M-A\n|rated|\n|rule|Species Clause: Limit one of each Pok\u00e9mon\n|rule|Item Clause: Limit 1 of each item\n|clearpoke\n|poke|p1|Sylveon, L50, F|\n|poke|p1|Tyranitar, L50, F|\n|poke|p1|Archaludon, L50, F|\n|poke|p1|Mr. Rime, L50, M|\n|poke|p1|Golurk, L50|\n|poke|p1|Goodra-Hisui, L50, F|\n|poke|p2|Jolteon, L50, F, shiny|\n|poke|p2|Garchomp, L50, M, shiny|\n|poke|p2|Sneasler, L50, F, shiny|\n|poke|p2|Starmie, L50, shiny|\n|poke|p2|Delphox, L50, M, shiny|\n|poke|p2|Manectric, L50, M, shiny|\n|teampreview|4\n|inactive|Battle timer is ON: inactive players will automatically lose when time's up. (requested by Thiagovik)\nmonkeyswag1411 rejected open team sheets.\n|\n|t:|1776684066\n|teamsize|p1|4\n|teamsize|p2|4\n|start\n|switch|p1a: Debi e Loide|Mr. Rime, L50, M|100/100\n|switch|p1b: Titan|Golurk, L50|100/100\n|switch|p2a: Jolteon|Jolteon, L50, F, shiny|100/100\n|switch|p2b: Manectric|Manectric, L50, M, shiny|100/100\n|turn|1\n|inactive|Thiagovik has 30 seconds left.\n|\n|t:|1776684099\n|move|p1a: Debi e Loide|Protect|p1a: Debi e Loide\n|-singleturn|p1a: Debi e Loide|Protect\n|move|p2a: Jolteon|Shadow Ball|p1b: Titan\n|-supereffective|p1b: Titan|1\n|-damage|p1b: Titan|42/100\n|move|p2b: Manectric|Crunch|p1b: Titan\n|-supereffective|p1b: Titan|1\n|-damage|p1b: Titan|10/100\n|move|p1b: Titan|Earthquake|p2b: Manectric|[spread] p2a,p2b\n|-activate|p1a: Debi e Loide|move: Protect\n|-supereffective|p2a: Jolteon|1\n|-supereffective|p2b: Manectric|1\n|-enditem|p2a: Jolteon|Focus Sash\n|-damage|p2a: Jolteon|1/100\n|-damage|p2b: Manectric|0 fnt\n|faint|p2b: Manectric\n|\n|upkeep\n|\n|t:|1776684115\n|switch|p2b: Garchomp|Garchomp, L50, M, shiny|100/100\n|turn|2\n|\n|t:|1776684127\n|move|p1b: Titan|Protect|p1b: Titan\n|-singleturn|p1b: Titan|Protect\n|move|p2a: Jolteon|Shadow Ball|p1a: Debi e Loide\n|-supereffective|p1a: Debi e Loide|1\n|-damage|p1a: Debi e Loide|50/100\n|move|p2b: Garchomp|Rock Slide|p1b: Titan|[spread] p1a\n|-activate|p1b: Titan|move: Protect\n|-supereffective|p1a: Debi e Loide|1\n|-damage|p1a: Debi e Loide|1/100\n|move|p1a: Debi e Loide|Skill Swap|p1b: Titan\n|-activate|p1b: Titan|move: Protect\n|\n|upkeep\n|turn|3\n|inactive|Thiagovik has 30 seconds left.\n|\n|t:|1776684159\n|detailschange|p2b: Garchomp|Garchomp-Mega, L50, M, shiny\n|-mega|p2b: Garchomp|Garchomp|Garchompite\n|move|p2a: Jolteon|Protect|p2a: Jolteon\n|-singleturn|p2a: Jolteon|Protect\n|move|p2b: Garchomp|Rock Slide|p1b: Titan|[spread] p1b\n|-miss|p2b: Garchomp|p1a: Debi e Loide\n|-resisted|p1b: Titan|1\n|-damage|p1b: Titan|0 fnt\n|faint|p1b: Titan\n|move|p1a: Debi e Loide|Sheer Cold|p2b: Garchomp|[miss]\n|-miss|p1a: Debi e Loide|p2b: Garchomp\n|\n|upkeep\n|\n|t:|1776684176\n|switch|p1b: Danoninho|Sylveon, L50, F|100/100\n|turn|4\n|\n|t:|1776684187\n|move|p2b: Garchomp|Protect|p2b: Garchomp\n|-singleturn|p2b: Garchomp|Protect\n|move|p1a: Debi e Loide|Protect|p1a: Debi e Loide\n|-singleturn|p1a: Debi e Loide|Protect\n|move|p2a: Jolteon|Discharge|p1a: Debi e Loide|[spread] p1b\n|-activate|p2b: Garchomp|move: Protect\n|-activate|p1a: Debi e Loide|move: Protect\n|-damage|p1b: Danoninho|81/100\n|-status|p1b: Danoninho|par\n|move|p1b: Danoninho|Hyper Voice|p2b: Garchomp|[spread] p2a\n|-activate|p2b: Garchomp|move: Protect\n|-damage|p2a: Jolteon|0 fnt\n|faint|p2a: Jolteon\n|\n|upkeep\n|\n|t:|1776684201\n|switch|p2a: Starmie|Starmie, L50, shiny|100/100\n|turn|5\n|\n|t:|1776684222\n|move|p2b: Garchomp|Rock Slide|p1b: Danoninho|[spread] p1a,p1b\n|-supereffective|p1a: Debi e Loide|1\n|-crit|p1a: Debi e Loide\n|-damage|p1a: Debi e Loide|0 fnt\n|-damage|p1b: Danoninho|50/100 par\n|-enditem|p1b: Danoninho|Sitrus Berry|[eat]\n|-heal|p1b: Danoninho|75/100 par|[from] item: Sitrus Berry\n|faint|p1a: Debi e Loide\n|move|p2a: Starmie|Liquidation|p1b: Danoninho\n|-damage|p1b: Danoninho|30/100 par\n|move|p1b: Danoninho|Reflect|p1b: Danoninho\n|-sidestart|p1: Thiagovik|Reflect\n|\n|upkeep\n|\n|t:|1776684234\n|switch|p1a: Parrudo|Archaludon, L50, F|100/100\n|turn|6\n|\n|t:|1776684253\n|move|p2b: Garchomp|Protect|p2b: Garchomp\n|-singleturn|p2b: Garchomp|Protect\n|move|p2a: Starmie|Protect|p2a: Starmie\n|-singleturn|p2a: Starmie|Protect\n|move|p1a: Parrudo|Draco Meteor|p2b: Garchomp\n|-activate|p2b: Garchomp|move: Protect\n|move|p1b: Danoninho|Hyper Voice|p2b: Garchomp|[spread] \n|-activate|p2a: Starmie|move: Protect\n|-activate|p2b: Garchomp|move: Protect\n|\n|upkeep\n|turn|7\n|inactive|Thiagovik has 30 seconds left.\n|\n|t:|1776684282\n|move|p2b: Garchomp|Earthquake|p1b: Danoninho|[spread] p2a,p1a,p1b\n|-supereffective|p1a: Parrudo|1\n|-damage|p2a: Starmie|27/100\n|-damage|p1a: Parrudo|55/100\n|-damage|p1b: Danoninho|0 fnt\n|-ability|p1a: Parrudo|Stamina|boost\n|-boost|p1a: Parrudo|def|1\n|faint|p1b: Danoninho\n|move|p2a: Starmie|Liquidation|p1a: Parrudo\n|-resisted|p1a: Parrudo|1\n|-damage|p1a: Parrudo|49/100\n|-ability|p1a: Parrudo|Stamina|boost\n|-boost|p1a: Parrudo|def|1\n|move|p1a: Parrudo|Draco Meteor|p2b: Garchomp\n|-supereffective|p2b: Garchomp|1\n|-damage|p2b: Garchomp|0 fnt\n|-unboost|p1a: Parrudo|spa|2\n|faint|p2b: Garchomp\n|\n|-heal|p1a: Parrudo|55/100|[from] item: Leftovers\n|upkeep\n|turn|8\n|\n|t:|1776684301\n|move|p1a: Parrudo|Protect|p1a: Parrudo\n|-singleturn|p1a: Parrudo|Protect\n|move|p2a: Starmie|Self-Destruct|p1a: Parrudo\n|-activate|p1a: Parrudo|move: Protect\n|faint|p2a: Starmie\n|\n|win|Thiagovik\n|raw|Thiagovik's rating: 1002 &rarr; <strong>1051</strong><br />(+49 for winning)\n|raw|monkeyswag1411's rating: 1082 &rarr; <strong>1055</strong><br />(-27 for losing)\n|l|\u2606monkeyswag1411\n|player|p2|\n",
  "uploadtime": 1776684310,
  "views": 11,
  "formatid": "gen9championsvgc2026regma",
  "rating": 1051,
  "private": 0,
  "password": null
}