{
  "id": "gen9championsvgc2026regma-2581719148",
  "format": "[Gen 9 Champions] VGC 2026 Reg M-A",
  "players": [
    "kdjfalkcsd",
    "unpowered_b"
  ],
  "log": "|j|\u2606kdjfalkcsd\n|j|\u2606unpowered_b\n|t:|1776023168\n|gametype|doubles\n|player|p1|kdjfalkcsd|266|1005\n|player|p2|unpowered_b|mira|1000\n|gen|9\n|tier|[Gen 9 Champions] VGC 2026 Reg M-A\n|rated|\n|rule|Species Clause: Limit one of each Pok\u00e9mon\n|rule|Item Clause: Limit 1 of each item\n|clearpoke\n|poke|p1|Alakazam, L50, M|\n|poke|p1|Meowstic, L50, M|\n|poke|p1|Incineroar, L50, M|\n|poke|p1|Chesnaught, L50, M|\n|poke|p1|Clefable, L50, M|\n|poke|p1|Empoleon, L50, F|\n|poke|p2|Torkoal, L50, M|\n|poke|p2|Typhlosion, L50, M|\n|poke|p2|Meganium, L50, M|\n|poke|p2|Sylveon, L50, F|\n|teampreview|4\n|\n|t:|1776023221\n|teamsize|p1|4\n|teamsize|p2|4\n|start\n|switch|p1a: Alakazam|Alakazam, L50, M|100/100\n|switch|p1b: Meowstic|Meowstic, L50, M|100/100\n|switch|p2a: Meganium|Meganium, L50, M|100/100\n|switch|p2b: Sylveon|Sylveon, L50, F|100/100\n|turn|1\n|\n|t:|1776023259\n|detailschange|p1a: Alakazam|Alakazam-Mega, L50, M\n|-mega|p1a: Alakazam|Alakazam|Alakazite\n|-ability|p1a: Alakazam|Pixilate|Trace|[from] ability: Trace|[of] p2b: Sylveon\n|detailschange|p2a: Meganium|Meganium-Mega, L50, M\n|-mega|p2a: Meganium|Meganium|Meganiumite\n|move|p1b: Meowstic|Fake Out|p2a: Meganium\n|-damage|p2a: Meganium|95/100\n|move|p1a: Alakazam|Nasty Plot|p1a: Alakazam\n|-boost|p1a: Alakazam|spa|2\n|cant|p2a: Meganium|flinch\n|move|p2b: Sylveon|Calm Mind|p2b: Sylveon\n|-boost|p2b: Sylveon|spa|1\n|-boost|p2b: Sylveon|spd|1\n|\n|upkeep\n|turn|2\n|\n|t:|1776023284\n|move|p1b: Meowstic|Psychic Terrain|p1b: Meowstic\n|-fieldstart|move: Psychic Terrain\n|move|p1a: Alakazam|Expanding Force|p2a: Meganium|[spread] p2a,p2b\n|-damage|p2a: Meganium|0 fnt\n|-damage|p2b: Sylveon|12/100\n|faint|p2a: Meganium\n|move|p2b: Sylveon|Calm Mind|p2b: Sylveon\n|-boost|p2b: Sylveon|spa|1\n|-boost|p2b: Sylveon|spd|1\n|\n|-heal|p2b: Sylveon|18/100|[from] item: Leftovers\n|upkeep\n|\n|t:|1776023298\n|switch|p2a: Torkoal|Torkoal, L50, M|100/100\n|-weather|SunnyDay|[from] ability: Drought|[of] p2a: Torkoal\n|turn|3\n|\n|t:|1776023310\n|switch|p1b: Incineroar|Incineroar, L50, M|100/100\n|-ability|p1b: Incineroar|Intimidate|boost\n|-unboost|p2a: Torkoal|atk|1\n|-unboost|p2b: Sylveon|atk|1\n|move|p1a: Alakazam|Expanding Force|p2a: Torkoal|[spread] p2b\n|-miss|p1a: Alakazam|p2a: Torkoal\n|-damage|p2b: Sylveon|0 fnt\n|faint|p2b: Sylveon\n|move|p2a: Torkoal|Yawn|p1a: Alakazam\n|-start|p1a: Alakazam|move: Yawn|[of] p2a: Torkoal\n|\n|-weather|SunnyDay|[upkeep]\n|upkeep\n|\n|t:|1776023322\n|switch|p2b: Typhlosion|Typhlosion, L50, M|100/100\n|turn|4\n|\n|t:|1776023344\n|switch|p1a: Meowstic|Meowstic, L50, M|100/100\n|move|p2b: Typhlosion|Eruption|p1b: Incineroar|[spread] p1a,p1b\n|-resisted|p1b: Incineroar|1\n|-damage|p1a: Meowstic|18/100\n|-damage|p1b: Incineroar|64/100\n|move|p1b: Incineroar|Flare Blitz|p2b: Typhlosion\n|-start|p2b: Typhlosion|ability: Flash Fire\n|move|p2a: Torkoal|Eruption|p1a: Meowstic|[spread] p1a,p1b\n|-resisted|p1b: Incineroar|1\n|-damage|p1a: Meowstic|0 fnt\n|-damage|p1b: Incineroar|41/100\n|-enditem|p1b: Incineroar|Sitrus Berry|[eat]\n|-heal|p1b: Incineroar|65/100|[from] item: Sitrus Berry\n|faint|p1a: Meowstic\n|\n|-weather|SunnyDay|[upkeep]\n|upkeep\n|\n|t:|1776023357\n|switch|p1a: Alakazam|Alakazam-Mega, L50, M|100/100\n|-ability|p1a: Alakazam|Drought|Trace|[from] ability: Trace|[of] p2a: Torkoal\n|turn|5\n|\n|t:|1776023369\n|move|p2b: Typhlosion|Eruption|p1b: Incineroar|[spread] p1a,p1b\n|-resisted|p1b: Incineroar|1\n|-damage|p1a: Alakazam|0 fnt\n|-damage|p1b: Incineroar|10/100\n|faint|p1a: Alakazam\n|move|p1b: Incineroar|Flare Blitz|p2a: Torkoal\n|-resisted|p2a: Torkoal|1\n|-damage|p2a: Torkoal|68/100\n|-damage|p1b: Incineroar|1/100|[from] Recoil\n|move|p2a: Torkoal|Yawn|p1b: Incineroar\n|-start|p1b: Incineroar|move: Yawn|[of] p2a: Torkoal\n|\n|-weather|SunnyDay|[upkeep]\n|upkeep\n|\n|t:|1776023375\n|switch|p1a: Empoleon|Empoleon, L50, F|100/100\n|turn|6\n|-message|kdjfalkcsd forfeited.\n|\n|win|unpowered_b\n|raw|kdjfalkcsd's rating: 1005 &rarr; <strong>1000</strong><br />(-5 for losing)\n|raw|unpowered_b's rating: 1000 &rarr; <strong>1041</strong><br />(+41 for winning)\n|l|\u2606kdjfalkcsd\n|player|p1|\n",
  "uploadtime": 1776023393,
  "views": 13,
  "formatid": "gen9championsvgc2026regma",
  "rating": 1000,
  "private": 0,
  "password": null
}