{
  "id": "gen9championsvgc2026regma-2586640865",
  "format": "[Gen 9 Champions] VGC 2026 Reg M-A",
  "players": [
    "TestingAHHH",
    "fuuuuuuuuuunnn"
  ],
  "log": "|j|\u2606TestingAHHH\n|j|\u2606fuuuuuuuuuunnn\n|t:|1776448788\n|gametype|doubles\n|player|p1|TestingAHHH|1|1109\n|player|p2|fuuuuuuuuuunnn|ethan|1195\n|gen|9\n|tier|[Gen 9 Champions] VGC 2026 Reg M-A\n|rated|\n|rule|Species Clause: Limit one of each Pok\u00e9mon\n|rule|Item Clause: Limit 1 of each item\n|clearpoke\n|poke|p1|Starmie, L50|\n|poke|p1|Sinistcha, L50|\n|poke|p1|Pelipper, L50, M|\n|poke|p1|Incineroar, L50, F|\n|poke|p1|Garchomp, L50, F|\n|poke|p1|Kingambit, L50, M|\n|poke|p2|Dragonite, L50, M|\n|poke|p2|Pelipper, L50, F|\n|poke|p2|Basculegion, L50, M|\n|poke|p2|Sneasler, L50, M|\n|poke|p2|Scizor, L50, M|\n|poke|p2|Archaludon, L50, M|\n|teampreview|4\n|inactive|Battle timer is ON: inactive players will automatically lose when time's up. (requested by fuuuuuuuuuunnn)\n|inactive|TestingAHHH has 60 seconds left.\n|inactive|TestingAHHH has 30 seconds left.\n|\n|t:|1776448882\n|teamsize|p1|4\n|teamsize|p2|4\n|start\n|switch|p1a: Incineroar|Incineroar, L50, F|100/100\n|switch|p1b: Sinistcha|Sinistcha, L50|100/100\n|switch|p2a: I LOVE WATER|Pelipper, L50, F|100/100\n|switch|p2b: Lanky legs|Sneasler, L50, M|100/100\n|-weather|RainDance|[from] ability: Drizzle|[of] p2a: I LOVE WATER\n|-ability|p1a: Incineroar|Intimidate|boost\n|-unboost|p2a: I LOVE WATER|atk|1\n|-unboost|p2b: Lanky legs|atk|1\n|-enditem|p2b: Lanky legs|White Herb\n|-clearnegativeboost|p2b: Lanky legs|[silent]\n|turn|1\n|inactive|TestingAHHH has 30 seconds left.\n|inactive|TestingAHHH has 20 seconds left.\n|inactive|TestingAHHH has 15 seconds left.\n|\n|t:|1776448923\n|move|p1b: Sinistcha|Protect|p1b: Sinistcha\n|-singleturn|p1b: Sinistcha|Protect\n|move|p2b: Lanky legs|Fake Out|p1a: Incineroar\n|-damage|p1a: Incineroar|85/100\n|cant|p1a: Incineroar|flinch\n|move|p2a: I LOVE WATER|Tailwind|p2a: I LOVE WATER\n|-sidestart|p2: fuuuuuuuuuunnn|move: Tailwind\n|\n|-weather|RainDance|[upkeep]\n|upkeep\n|turn|2\n|inactive|TestingAHHH has 30 seconds left.\n|\n|t:|1776448954\n|move|p1b: Sinistcha|Rage Powder|p1b: Sinistcha\n|-singleturn|p1b: Sinistcha|move: Rage Powder\n|move|p2b: Lanky legs|Acrobatics|p1b: Sinistcha\n|-supereffective|p1b: Sinistcha|1\n|-damage|p1b: Sinistcha|17/100\n|-enditem|p1b: Sinistcha|Sitrus Berry|[eat]\n|-heal|p1b: Sinistcha|42/100|[from] item: Sitrus Berry\n|move|p2a: I LOVE WATER|Hydro Pump|p1b: Sinistcha|[miss]\n|-miss|p2a: I LOVE WATER|p1b: Sinistcha\n|move|p1a: Incineroar|Will-O-Wisp|p2b: Lanky legs\n|-status|p2b: Lanky legs|brn\n|\n|-weather|RainDance|[upkeep]\n|-damage|p2b: Lanky legs|95/100 brn|[from] brn\n|upkeep\n|turn|3\n|\n|t:|1776448975\n|switch|p1b: Starmie|Starmie, L50|100/100\n|move|p2b: Lanky legs|Acrobatics|p1b: Starmie\n|-damage|p1b: Starmie|66/100\n|move|p2a: I LOVE WATER|Hydro Pump|p1a: Incineroar\n|-supereffective|p1a: Incineroar|1\n|-damage|p1a: Incineroar|0 fnt\n|faint|p1a: Incineroar\n|\n|-weather|RainDance|[upkeep]\n|-damage|p2b: Lanky legs|89/100 brn|[from] brn\n|upkeep\n|\n|t:|1776448984\n|switch|p1a: Sinistcha|Sinistcha, L50|42/100\n|-heal|p1b: Starmie|91/100|[from] ability: Hospitality|[of] p1a: Sinistcha\n|turn|4\n|\n|t:|1776449005\n|detailschange|p1b: Starmie|Starmie-Mega, L50\n|-mega|p1b: Starmie|Starmie|Starminite\n|move|p2a: I LOVE WATER|Helping Hand|p2b: Lanky legs\n|-singleturn|p2b: Lanky legs|Helping Hand|[of] p2a: I LOVE WATER\n|move|p1b: Starmie|Protect|p1b: Starmie\n|-singleturn|p1b: Starmie|Protect\n|move|p1a: Sinistcha|Protect|p1a: Sinistcha\n|-singleturn|p1a: Sinistcha|Protect\n|move|p2b: Lanky legs|Dire Claw|p1b: Starmie\n|-activate|p1b: Starmie|move: Protect\n|\n|-weather|RainDance|[upkeep]\n|-damage|p2b: Lanky legs|83/100 brn|[from] brn\n|-sideend|p2: fuuuuuuuuuunnn|move: Tailwind\n|upkeep\n|turn|5\n|inactive|TestingAHHH has 30 seconds left.\n|inactive|fuuuuuuuuuunnn has 30 seconds left.\n|\n|t:|1776449041\n|move|p2b: Lanky legs|Dire Claw|p1b: Starmie\n|-damage|p1b: Starmie|63/100\n|-status|p1b: Starmie|psn\n|move|p1b: Starmie|Psycho Cut|p2b: Lanky legs\n|-supereffective|p2b: Lanky legs|2\n|-damage|p2b: Lanky legs|0 fnt\n|faint|p2b: Lanky legs\n|move|p1a: Sinistcha|Matcha Gotcha|p2a: I LOVE WATER\n|-damage|p2a: I LOVE WATER|50/100\n|-heal|p1a: Sinistcha|66/100|[from] drain|[of] p2a: I LOVE WATER\n|move|p2a: I LOVE WATER|Tailwind|p2a: I LOVE WATER\n|-sidestart|p2: fuuuuuuuuuunnn|move: Tailwind\n|\n|-weather|none\n|-damage|p1b: Starmie|51/100 psn|[from] psn\n|upkeep\n|\n|t:|1776449055\n|switch|p2b: Biggie|Dragonite, L50, M, shiny|100/100\n|turn|6\n|inactive|TestingAHHH has 30 seconds left.\n|inactive|TestingAHHH has 20 seconds left.\n|\n|t:|1776449093\n|switch|p2a: Orbital cannon|Archaludon, L50, M|100/100\n|move|p2b: Biggie|Protect|p2b: Biggie\n|-singleturn|p2b: Biggie|Protect\n|move|p1b: Starmie|Protect|p1b: Starmie\n|-singleturn|p1b: Starmie|Protect\n|move|p1a: Sinistcha|Matcha Gotcha|p2a: Orbital cannon|[spread] p2a\n|-activate|p2b: Biggie|move: Protect\n|-resisted|p2a: Orbital cannon|2\n|-damage|p2a: Orbital cannon|93/100\n|-heal|p1a: Sinistcha|70/100|[from] drain|[of] p2a: Orbital cannon\n|-ability|p2a: Orbital cannon|Stamina|boost\n|-boost|p2a: Orbital cannon|def|1\n|\n|-damage|p1b: Starmie|38/100 psn|[from] psn\n|upkeep\n|turn|7\n|inactive|TestingAHHH has 30 seconds left.\n|\n|t:|1776449126\n|switch|p2b: I LOVE WATER|Pelipper, L50, F|50/100\n|-weather|RainDance|[from] ability: Drizzle|[of] p2b: I LOVE WATER\n|move|p1a: Sinistcha|Rage Powder|p1a: Sinistcha\n|-singleturn|p1a: Sinistcha|move: Rage Powder\n|move|p2a: Orbital cannon|Electro Shot||[still]\n|-prepare|p2a: Orbital cannon|Electro Shot\n|-boost|p2a: Orbital cannon|spa|1\n|-anim|p2a: Orbital cannon|Electro Shot|p1a: Sinistcha\n|-resisted|p1a: Sinistcha|1\n|-damage|p1a: Sinistcha|45/100\n|move|p1b: Starmie|Psycho Cut|p2b: I LOVE WATER\n|-damage|p2b: I LOVE WATER|0 fnt\n|faint|p2b: I LOVE WATER\n|\n|-weather|RainDance|[upkeep]\n|-damage|p1b: Starmie|26/100 psn|[from] psn\n|upkeep\n|\n|t:|1776449138\n|switch|p2b: Biggie|Dragonite, L50, M, shiny|100/100\n|turn|8\n|\n|t:|1776449151\n|detailschange|p2b: Biggie|Dragonite-Mega, L50, M, shiny\n|-mega|p2b: Biggie|Dragonite|Dragoninite\n|move|p1b: Starmie|Protect|p1b: Starmie\n|-singleturn|p1b: Starmie|Protect\n|move|p1a: Sinistcha|Protect|p1a: Sinistcha\n|-singleturn|p1a: Sinistcha|Protect\n|move|p2b: Biggie|Hurricane|p1a: Sinistcha\n|-activate|p1a: Sinistcha|move: Protect\n|move|p2a: Orbital cannon|Electro Shot||[still]\n|-prepare|p2a: Orbital cannon|Electro Shot\n|-boost|p2a: Orbital cannon|spa|1\n|-anim|p2a: Orbital cannon|Electro Shot|p1b: Starmie\n|-activate|p1b: Starmie|move: Protect\n|\n|-weather|RainDance|[upkeep]\n|-damage|p1b: Starmie|14/100 psn|[from] psn\n|-sideend|p2: fuuuuuuuuuunnn|move: Tailwind\n|upkeep\n|turn|9\n|\n|t:|1776449174\n|move|p1b: Starmie|Psycho Cut|p2b: Biggie\n|-damage|p2b: Biggie|68/100\n|move|p2b: Biggie|Hurricane|p1a: Sinistcha\n|-supereffective|p1a: Sinistcha|1\n|-crit|p1a: Sinistcha\n|-damage|p1a: Sinistcha|0 fnt\n|faint|p1a: Sinistcha\n|move|p2a: Orbital cannon|Electro Shot||[still]\n|-prepare|p2a: Orbital cannon|Electro Shot\n|-boost|p2a: Orbital cannon|spa|1\n|-anim|p2a: Orbital cannon|Electro Shot|p1b: Starmie\n|-supereffective|p1b: Starmie|1\n|-damage|p1b: Starmie|0 fnt\n|faint|p1b: Starmie\n|\n|-weather|RainDance|[upkeep]\n|upkeep\n|\n|t:|1776449184\n|switch|p1a: Garchomp|Garchomp, L50, F|100/100\n|turn|10\n|\n|t:|1776449201\n|move|p1a: Garchomp|Dragon Claw|p2b: Biggie\n|-supereffective|p2b: Biggie|1\n|-damage|p2b: Biggie|0 fnt\n|faint|p2b: Biggie\n|move|p2a: Orbital cannon|Draco Meteor|p1a: Garchomp|[miss]\n|-miss|p2a: Orbital cannon|p1a: Garchomp\n|\n|-weather|RainDance|[upkeep]\n|upkeep\n|turn|11\n|\n|t:|1776449209\n|move|p1a: Garchomp|Swords Dance|p1a: Garchomp\n|-boost|p1a: Garchomp|atk|2\n|move|p2a: Orbital cannon|Draco Meteor|p1a: Garchomp\n|-supereffective|p1a: Garchomp|1\n|-enditem|p1a: Garchomp|Focus Sash\n|-damage|p1a: Garchomp|1/100\n|-unboost|p2a: Orbital cannon|spa|2\n|\n|-weather|none\n|upkeep\n|turn|12\n|\n|t:|1776449216\n|move|p1a: Garchomp|Earthquake|p2a: Orbital cannon\n|-supereffective|p2a: Orbital cannon|1\n|-damage|p2a: Orbital cannon|0 fnt\n|faint|p2a: Orbital cannon\n|\n|win|TestingAHHH\n|raw|TestingAHHH's rating: 1109 &rarr; <strong>1140</strong><br />(+31 for winning)\n|raw|fuuuuuuuuuunnn's rating: 1195 &rarr; <strong>1164</strong><br />(-31 for losing)\n|l|\u2606fuuuuuuuuuunnn\n|player|p2|\n",
  "uploadtime": 1776449231,
  "views": 29,
  "formatid": "gen9championsvgc2026regma",
  "rating": 1140,
  "private": 0,
  "password": null
}