{
  "id": "gen9championsvgc2026regma-2580308165",
  "format": "[Gen 9 Champions] VGC 2026 Reg M-A",
  "players": [
    "KaiMVGC",
    "redistr"
  ],
  "log": "|j|\u2606KaiMVGC\n|j|\u2606redistr\n|t:|1775878621\n|gametype|doubles\n|player|p1|KaiMVGC|boarder|1040\n|player|p2|redistr|chili|1070\n|gen|9\n|tier|[Gen 9 Champions] VGC 2026 Reg M-A\n|rated|\n|rule|Species Clause: Limit one of each Pok\u00e9mon\n|rule|Item Clause: Limit 1 of each item\n|clearpoke\n|poke|p1|Floette-Eternal, L50, F|\n|poke|p1|Talonflame, L50, M|\n|poke|p1|Garchomp, L50, F|\n|poke|p1|Sneasler, L50, F|\n|poke|p1|Maushold-Four, L50|\n|poke|p1|Rotom-Wash, L50|\n|poke|p2|Delphox, L50, F|\n|poke|p2|Garchomp, L50, F|\n|poke|p2|Incineroar, L50, F|\n|poke|p2|Sneasler, L50, F|\n|poke|p2|Kingambit, L50, F|\n|poke|p2|Floette-Eternal, L50, F|\n|teampreview|4\n|inactive|Battle timer is ON: inactive players will automatically lose when time's up. (requested by redistr)\n|inactive|KaiMVGC has 60 seconds left.\n|\n|t:|1775878653\n|teamsize|p1|4\n|teamsize|p2|4\n|start\n|switch|p1a: Garchomp|Garchomp, L50, F|100/100\n|switch|p1b: Talonflame|Talonflame, L50, M|100/100\n|switch|p2a: Sneasler|Sneasler, L50, F|100/100\n|switch|p2b: Delphox|Delphox, L50, F|100/100\n|turn|1\n|inactive|redistr has 30 seconds left.\n|\n|t:|1775878678\n|detailschange|p2b: Delphox|Delphox-Mega, L50, F\n|-mega|p2b: Delphox|Delphox|Delphoxite\n|move|p1b: Talonflame|Protect|p1b: Talonflame\n|-singleturn|p1b: Talonflame|Protect\n|move|p2a: Sneasler|Fake Out|p1b: Talonflame\n|-activate|p1b: Talonflame|move: Protect\n|move|p2b: Delphox|Psychic|p1a: Garchomp\n|-damage|p1a: Garchomp|51/100\n|move|p1a: Garchomp|Stone Edge|p2b: Delphox\n|-supereffective|p2b: Delphox|1\n|-damage|p2b: Delphox|23/100\n|\n|upkeep\n|turn|2\n|inactive|KaiMVGC has 30 seconds left.\n|\n|t:|1775878707\n|switch|p2b: Incineroar|Incineroar, L50, F|100/100\n|-ability|p2b: Incineroar|Intimidate|boost\n|-unboost|p1a: Garchomp|atk|1\n|-unboost|p1b: Talonflame|atk|1\n|move|p1a: Garchomp|Protect|p1a: Garchomp\n|-singleturn|p1a: Garchomp|Protect\n|move|p1b: Talonflame|Tailwind|p1b: Talonflame\n|-sidestart|p1: KaiMVGC|move: Tailwind\n|move|p2a: Sneasler|Close Combat|p1a: Garchomp\n|-activate|p1a: Garchomp|move: Protect\n|\n|upkeep\n|turn|3\n|\n|t:|1775878720\n|switch|p1a: Sneasler|Sneasler, L50, F|100/100\n|move|p1b: Talonflame|Protect|p1b: Talonflame\n|-singleturn|p1b: Talonflame|Protect\n|move|p2b: Incineroar|Fake Out|p1b: Talonflame\n|-activate|p1b: Talonflame|move: Protect\n|move|p2a: Sneasler|Close Combat|p1a: Sneasler\n|-resisted|p1a: Sneasler|1\n|-damage|p1a: Sneasler|43/100\n|-unboost|p2a: Sneasler|def|1\n|-unboost|p2a: Sneasler|spd|1\n|-enditem|p2a: Sneasler|White Herb\n|-clearnegativeboost|p2a: Sneasler|[silent]\n|\n|upkeep\n|turn|4\n|\n|t:|1775878739\n|move|p2a: Sneasler|Protect|p2a: Sneasler\n|-singleturn|p2a: Sneasler|Protect\n|move|p1b: Talonflame|Acrobatics|p2a: Sneasler\n|-activate|p2a: Sneasler|move: Protect\n|move|p1a: Sneasler|Close Combat|p2a: Sneasler\n|-activate|p2a: Sneasler|move: Protect\n|move|p2b: Incineroar|Flare Blitz|p1a: Sneasler\n|-damage|p1a: Sneasler|0 fnt\n|faint|p1a: Sneasler\n|-damage|p2b: Incineroar|90/100|[from] Recoil\n|\n|-heal|p2b: Incineroar|96/100|[from] item: Leftovers\n|upkeep\n|\n|t:|1775878742\n|switch|p1a: Garchomp|Garchomp, L50, F|51/100\n|turn|5\n|\n|t:|1775878761\n|switch|p2a: Garchomp|Garchomp, L50, F|100/100\n|switch|p2b: Delphox|Delphox-Mega, L50, F|23/100\n|move|p1b: Talonflame|Acrobatics|p2a: Garchomp\n|-damage|p2a: Garchomp|71/100\n|-damage|p1b: Talonflame|88/100|[from] ability: Rough Skin|[of] p2a: Garchomp\n|move|p1a: Garchomp|Earthquake|p2b: Delphox|[spread] p2a\n|-immune|p1b: Talonflame\n|-immune|p2b: Delphox|[from] ability: Levitate\n|-damage|p2a: Garchomp|39/100\n|-enditem|p2a: Garchomp|Sitrus Berry|[eat]\n|-heal|p2a: Garchomp|63/100|[from] item: Sitrus Berry\n|\n|-sideend|p1: KaiMVGC|move: Tailwind\n|upkeep\n|turn|6\n|inactive|KaiMVGC has 30 seconds left.\n|inactive|redistr has 30 seconds left.\n|\n|t:|1775878794\n|switch|p2b: Incineroar|Incineroar, L50, F|96/100\n|-ability|p2b: Incineroar|Intimidate|boost\n|-unboost|p1a: Garchomp|atk|1\n|-unboost|p1b: Talonflame|atk|1\n|move|p1a: Garchomp|Protect|p1a: Garchomp\n|-singleturn|p1a: Garchomp|Protect\n|move|p1b: Talonflame|Tailwind|p1b: Talonflame\n|-sidestart|p1: KaiMVGC|move: Tailwind\n|move|p2a: Garchomp|Dragon Claw|p1a: Garchomp\n|-activate|p1a: Garchomp|move: Protect\n|\n|-heal|p2b: Incineroar|100/100|[from] item: Leftovers\n|upkeep\n|turn|7\n|\n|t:|1775878805\n|switch|p1a: Rotom|Rotom-Wash, L50|100/100\n|move|p1b: Talonflame|Protect|p1b: Talonflame\n|-singleturn|p1b: Talonflame|Protect\n|move|p2b: Incineroar|Fake Out|p1a: Rotom\n|-damage|p1a: Rotom|89/100\n|move|p2a: Garchomp|Dragon Claw|p1a: Rotom\n|-damage|p1a: Rotom|45/100\n|\n|-heal|p1a: Rotom|51/100|[from] item: Leftovers\n|upkeep\n|turn|8\n|\n|t:|1775878819\n|move|p1b: Talonflame|Acrobatics|p2a: Garchomp\n|-crit|p2a: Garchomp\n|-damage|p2a: Garchomp|4/100\n|-damage|p1b: Talonflame|76/100|[from] ability: Rough Skin|[of] p2a: Garchomp\n|move|p1a: Rotom|Hydro Pump|p2a: Garchomp|[miss]\n|-miss|p1a: Rotom|p2a: Garchomp\n|move|p2a: Garchomp|Rock Slide|p1b: Talonflame|[spread] p1a,p1b\n|-supereffective|p1b: Talonflame|2\n|-damage|p1a: Rotom|27/100\n|-damage|p1b: Talonflame|0 fnt\n|faint|p1b: Talonflame\n|move|p2b: Incineroar|Parting Shot|p1a: Rotom\n|-unboost|p1a: Rotom|atk|1\n|-unboost|p1a: Rotom|spa|1\n|\n|t:|1775878832\n|switch|p2b: Sneasler|Sneasler, L50, F|100/100|[from] Parting Shot\n|\n|-heal|p1a: Rotom|33/100|[from] item: Leftovers\n|upkeep\n|\n|t:|1775878834\n|switch|p1b: Garchomp|Garchomp, L50, F|51/100\n|turn|9\n|\n|t:|1775878851\n|switch|p2a: Incineroar|Incineroar, L50, F|100/100\n|-ability|p2a: Incineroar|Intimidate|boost\n|-unboost|p1a: Rotom|atk|1\n|-unboost|p1b: Garchomp|atk|1\n|move|p1a: Rotom|Protect|p1a: Rotom\n|-singleturn|p1a: Rotom|Protect\n|move|p2b: Sneasler|Fake Out|p1b: Garchomp\n|-damage|p1b: Garchomp|37/100\n|-damage|p2b: Sneasler|88/100|[from] ability: Rough Skin|[of] p1b: Garchomp\n|-enditem|p1b: Garchomp|Sitrus Berry|[eat]\n|-heal|p1b: Garchomp|62/100|[from] item: Sitrus Berry\n|cant|p1b: Garchomp|flinch\n|\n|-heal|p1a: Rotom|39/100|[from] item: Leftovers\n|-sideend|p1: KaiMVGC|move: Tailwind\n|upkeep\n|turn|10\n|\n|t:|1775878866\n|move|p1b: Garchomp|Protect|p1b: Garchomp\n|-singleturn|p1b: Garchomp|Protect\n|move|p2a: Incineroar|Fake Out|p1b: Garchomp\n|-activate|p1b: Garchomp|move: Protect\n|move|p2b: Sneasler|Dire Claw|p1a: Rotom\n|-damage|p1a: Rotom|0 fnt\n|faint|p1a: Rotom\n|\n|upkeep\n|turn|11\n|\n|t:|1775878877\n|move|p2b: Sneasler|Protect|p2b: Sneasler\n|-singleturn|p2b: Sneasler|Protect\n|move|p1b: Garchomp|Earthquake|p2b: Sneasler|[spread] p2a\n|-activate|p2b: Sneasler|move: Protect\n|-supereffective|p2a: Incineroar|1\n|-damage|p2a: Incineroar|62/100\n|move|p2a: Incineroar|Parting Shot|p1b: Garchomp\n|-unboost|p1b: Garchomp|atk|1\n|-unboost|p1b: Garchomp|spa|1\n|-message|KaiMVGC forfeited.\n|\n|win|redistr\n|raw|KaiMVGC's rating: 1040 &rarr; <strong>1025</strong><br />(-15 for losing)\n|raw|redistr's rating: 1070 &rarr; <strong>1097</strong><br />(+27 for winning)\n|l|\u2606KaiMVGC\n|player|p1|\n",
  "uploadtime": 1775878889,
  "views": 40,
  "formatid": "gen9championsvgc2026regma",
  "rating": 1025,
  "private": 0,
  "password": null
}