{
  "id": "gen9championsvgc2026regma-2582709212",
  "format": "[Gen 9 Champions] VGC 2026 Reg M-A",
  "players": [
    "n8_dawgg",
    "mr.sylent"
  ],
  "log": "|j|\u2606n8_dawgg\n|j|\u2606mr.sylent\n|t:|1776108755\n|gametype|doubles\n|player|p1|n8_dawgg|170|1008\n|player|p2|mr.sylent|skyla|1072\n|gen|9\n|tier|[Gen 9 Champions] VGC 2026 Reg M-A\n|rated|\n|rule|Species Clause: Limit one of each Pok\u00e9mon\n|rule|Item Clause: Limit 1 of each item\n|clearpoke\n|poke|p1|Alcremie, L50, F|\n|poke|p1|Farigiraf, L50, F|\n|poke|p1|Gardevoir, L50, M|\n|poke|p1|Crabominable, L50, F|\n|poke|p1|Incineroar, L50, M|\n|poke|p2|Sinistcha, L50|\n|poke|p2|Blastoise, L50, F|\n|poke|p2|Pelipper, L50, F|\n|poke|p2|Basculegion, L50, M|\n|poke|p2|Drampa, L50, F|\n|poke|p2|Alakazam, L50, F|\n|teampreview|4\n|inactive|Battle timer is ON: inactive players will automatically lose when time's up. (requested by mr.sylent)\n|\n|t:|1776108782\n|teamsize|p1|4\n|teamsize|p2|4\n|start\n|switch|p1a: Alcremie|Alcremie, L50, F|100/100\n|switch|p1b: Farigiraf|Farigiraf, L50, F|100/100\n|switch|p2a: Drampa|Drampa, L50, F|100/100\n|switch|p2b: Alakazam|Alakazam, L50, F|100/100\n|-ability|p2a: Drampa|Cloud Nine\n|turn|1\n|inactive|n8_dawgg has 30 seconds left.\n|inactive|mr.sylent has 30 seconds left.\n|\n|t:|1776108812\n|detailschange|p2a: Drampa|Drampa-Mega, L50, F\n|-mega|p2a: Drampa|Drampa|Drampanite\n|move|p2b: Alakazam|Light Screen|p2b: Alakazam\n|-sidestart|p2: mr.sylent|move: Light Screen\n|move|p1a: Alcremie|Decorate|p1b: Farigiraf\n|-boost|p1b: Farigiraf|atk|2\n|-boost|p1b: Farigiraf|spa|2\n|move|p1b: Farigiraf|Baton Pass|p1b: Farigiraf\n|c|\u2606mr.sylent|interesting\n|\n|t:|1776108826\n|switch|p1b: Gardevoir|Gardevoir, L50, M|100/100|[from] Baton Pass\n|-ability|p1b: Gardevoir|Berserk|Trace|[from] ability: Trace|[of] p2a: Drampa\n|move|p2a: Drampa|Calm Mind|p2a: Drampa\n|-boost|p2a: Drampa|spa|1\n|-boost|p2a: Drampa|spd|1\n|\n|upkeep\n|turn|2\n|c|\u2606mr.sylent|starting with farig to stop fake out aswell\n|inactive|mr.sylent has 30 seconds left.\n|inactive|n8_dawgg has 30 seconds left.\n|\n|t:|1776108859\n|detailschange|p1b: Gardevoir|Gardevoir-Mega, L50, M\n|-mega|p1b: Gardevoir|Gardevoir|Gardevoirite\n|move|p1b: Gardevoir|Protect|p1b: Gardevoir\n|-singleturn|p1b: Gardevoir|Protect\n|move|p2b: Alakazam|Speed Swap|p2a: Drampa\n|-activate|p2b: Alakazam|move: Speed Swap|[of] p2a: Drampa\n|move|p2a: Drampa|Hyper Voice|p1a: Alcremie|[spread] p1a\n|-activate|p1b: Gardevoir|move: Protect\n|-crit|p1a: Alcremie\n|-damage|p1a: Alcremie|20/100\n|move|p1a: Alcremie|Decorate|p1b: Gardevoir\n|-boost|p1b: Gardevoir|atk|2\n|-boost|p1b: Gardevoir|spa|2\n|\n|upkeep\n|turn|3\n|c|\u2606n8_dawgg|alcremie stops taunt too\n|c|\u2606mr.sylent|oh yeah\n|inactive|mr.sylent has 30 seconds left.\n|inactive|mr.sylent has 20 seconds left.\n|c|\u2606n8_dawgg|this bouta go kaboom if i live\n|\n|t:|1776108899\n|switch|p1a: Incineroar|Incineroar, L50, M|100/100\n|-ability|p1a: Incineroar|Intimidate|boost\n|-unboost|p2a: Drampa|atk|1\n|-fail|p2b: Alakazam|unboost|Attack|[from] ability: Inner Focus|[of] p2b: Alakazam\n|move|p2a: Drampa|Hyper Voice|p1a: Incineroar|[spread] p1a,p1b\n|-damage|p1a: Incineroar|54/100\n|-damage|p1b: Gardevoir|39/100\n|move|p1b: Gardevoir|Hyper Voice|p2b: Alakazam|[spread] p2a,p2b\n|-supereffective|p2a: Drampa|1\n|-damage|p2a: Drampa|0 fnt\n|-enditem|p2b: Alakazam|Focus Sash\n|-damage|p2b: Alakazam|1/100\n|faint|p2a: Drampa\n|move|p2b: Alakazam|Psychic|p1b: Gardevoir\n|-resisted|p1b: Gardevoir|1\n|-damage|p1b: Gardevoir|15/100\n|\n|upkeep\n|c|\u2606mr.sylent|i think youll live\n|c|\u2606mr.sylent|that indeed went kaboom\n|inactive|mr.sylent has 30 seconds left.\n|\n|t:|1776108924\n|switch|p2a: Sinistcha|Sinistcha, L50|100/100\n|-heal|p2b: Alakazam|26/100|[from] ability: Hospitality|[of] p2a: Sinistcha\n|turn|4\n|c|\u2606n8_dawgg|yeah i just wanted an alcremie gimmick team to use on champions ladder lol\n|c|\u2606mr.sylent|it seems well constructed\n|inactive|mr.sylent has 30 seconds left.\n|\n|t:|1776108950\n|move|p1b: Gardevoir|Protect|p1b: Gardevoir\n|-singleturn|p1b: Gardevoir|Protect\n|move|p2a: Sinistcha|Matcha Gotcha|p1a: Incineroar|[spread] p1a\n|-activate|p1b: Gardevoir|move: Protect\n|-resisted|p1a: Incineroar|1\n|-damage|p1a: Incineroar|45/100\n|move|p1a: Incineroar|Flare Blitz|p2a: Sinistcha\n|-supereffective|p2a: Sinistcha|1\n|-damage|p2a: Sinistcha|20/100\n|-enditem|p2a: Sinistcha|Sitrus Berry|[eat]\n|-heal|p2a: Sinistcha|44/100|[from] item: Sitrus Berry\n|-damage|p1a: Incineroar|21/100|[from] Recoil\n|move|p2b: Alakazam|Reflect|p2b: Alakazam\n|-sidestart|p2: mr.sylent|Reflect\n|\n|upkeep\n|turn|5\n|c|\u2606n8_dawgg|i want the alcremie titles lol\n|c|\u2606mr.sylent|lol\n|inactive|n8_dawgg has 30 seconds left.\n|inactive|mr.sylent has 30 seconds left.\n|c|\u2606n8_dawgg|watch this. parting shot expected right?\n|\n|t:|1776108981\n|move|p1b: Gardevoir|Hyper Voice|p2a: Sinistcha|[spread] p2a,p2b\n|-damage|p2a: Sinistcha|0 fnt\n|-damage|p2b: Alakazam|0 fnt\n|faint|p2a: Sinistcha\n|faint|p2b: Alakazam\n|move|p1a: Incineroar|Baton Pass|p1a: Incineroar\n|\n|t:|1776108987\n|switch|p1a: Farigiraf|Farigiraf, L50, F|100/100|[from] Baton Pass\n|\n|-sideend|p2: mr.sylent|move: Light Screen\n|upkeep\n|\n|t:|1776108993\n|switch|p2a: Pelipper|Pelipper, L50, F|100/100\n|-weather|RainDance|[from] ability: Drizzle|[of] p2a: Pelipper\n|turn|6\n|c|\u2606mr.sylent|i see\n|\n|t:|1776109011\n|move|p2a: Pelipper|Weather Ball|p1b: Gardevoir\n|-damage|p1b: Gardevoir|0 fnt\n|faint|p1b: Gardevoir\n|move|p1a: Farigiraf|Psychic|p2a: Pelipper\n|-crit|p2a: Pelipper\n|-damage|p2a: Pelipper|17/100\n|\n|-weather|RainDance|[upkeep]\n|upkeep\n|c|\u2606n8_dawgg|batton pass go brrr\n|\n|t:|1776109019\n|switch|p1b: Incineroar|Incineroar, L50, M|21/100\n|-ability|p1b: Incineroar|Intimidate|boost\n|-unboost|p2a: Pelipper|atk|1\n|turn|7\n|\n|t:|1776109025\n|move|p1b: Incineroar|Fake Out|p2a: Pelipper\n|-damage|p2a: Pelipper|8/100\n|cant|p2a: Pelipper|flinch\n|move|p1a: Farigiraf|Trick Room|p1a: Farigiraf\n|-fieldstart|move: Trick Room|[of] p1a: Farigiraf\n|\n|-weather|RainDance|[upkeep]\n|upkeep\n|turn|8\n|c|\u2606mr.sylent|ggs\n|c|\u2606n8_dawgg|ggs\n|\n|t:|1776109036\n|move|p1a: Farigiraf|Psychic|p2a: Pelipper\n|-damage|p2a: Pelipper|0 fnt\n|faint|p2a: Pelipper\n|\n|win|n8_dawgg\n|raw|n8_dawgg's rating: 1008 &rarr; <strong>1054</strong><br />(+46 for winning)\n|raw|mr.sylent's rating: 1072 &rarr; <strong>1047</strong><br />(-25 for losing)\n|l|\u2606mr.sylent\n|player|p2|\n",
  "uploadtime": 1776109045,
  "views": 16,
  "formatid": "gen9championsvgc2026regma",
  "rating": 1047,
  "private": 0,
  "password": null
}