{
  "id": "gen9championsvgc2026regma-2588216877",
  "format": "[Gen 9 Champions] VGC 2026 Reg M-A",
  "players": [
    "SDLT 2KRL March",
    "Rawdawger08"
  ],
  "log": "|j|\u2606SDLT 2KRL March\n|j|\u2606Rawdawger08\n|t:|1776615256\n|gametype|doubles\n|player|p1|SDLT 2KRL March|valerie|\n|player|p2|Rawdawger08|plasmagrunt|\n|gen|9\n|tier|[Gen 9 Champions] VGC 2026 Reg M-A\n|rated|Tournament battle\n|rule|Species Clause: Limit one of each Pok\u00e9mon\n|rule|Item Clause: Limit 1 of each item\n|raw|<div class=\"infobox\"><details class=\"readmore\" open><summary><strong>1 custom rule:</strong></summary> Force Open Team Sheets</details></div>\n|clearpoke\n|poke|p1|Kangaskhan, L50, F, shiny|\n|poke|p1|Farigiraf, L50, M, shiny|\n|poke|p1|Talonflame, L50, F, shiny|\n|poke|p1|Floette-Eternal, L50, F|\n|poke|p1|Sneasler, L50, F, shiny|\n|poke|p1|Basculegion, L50, M|\n|poke|p2|Sneasler, L50, F|\n|poke|p2|Incineroar, L50, F|\n|poke|p2|Dragonite, L50, M|\n|poke|p2|Kingambit, L50, M|\n|poke|p2|Basculegion, L50, M|\n|poke|p2|Sinistcha-Masterpiece, L50|\n|teampreview|4\n|showteam|p1|Kangaskhan||Kangaskhanite|Scrappy|FakeOut,HammerArm,DoubleEdge,Crunch|||F|||50|]Farigiraf||ColburBerry|ArmorTail|ShadowBall,HyperVoice,TrickRoom,Psychic|||M|||50|]Talonflame||SharpBeak|GaleWings|Tailwind,Taunt,Protect,BraveBird|||F|||50|]Floette-Eternal||Floettite|FlowerVeil|Moonblast,LightofRuin,DazzlingGleam,Protect|||F|||50|]Sneasler||FocusSash|Unburden|FakeOut,CloseCombat,DireClaw,Protect|||F|||50|]Basculegion||MysticWater|Adaptability|AquaJet,LastRespects,Protect,WaveCrash|||M|||50|\n|showteam|p2|Sneasler||WhiteHerb|Unburden|CloseCombat,DireClaw,FakeOut,Protect|||F|||50|]Incineroar||SitrusBerry|Intimidate|FakeOut,ThroatChop,PartingShot,HelpingHand|||F|||50|]Dragonite||Dragoninite|Multiscale|DragonPulse,ExtremeSpeed,Protect,Tailwind|||M|||50|]Kingambit||BlackGlasses|Defiant|KowtowCleave,LowKick,SuckerPunch,IronHead|||M|||50|]Basculegion||ChoiceScarf|Adaptability|FlipTurn,IcyWind,LastRespects,WaveCrash|||M|||50|]Sinistcha-Masterpiece||OccaBerry|Hospitality|MatchaGotcha,RagePowder,LifeDew,CalmMind||||||50|\n|inactive|Battle timer is ON: inactive players will automatically lose when time's up. (requested by SDLT 2KRL March)\n|inactive|Rawdawger08 has 60 seconds left.\n|\n|t:|1776615297\n|teamsize|p1|4\n|teamsize|p2|4\n|start\n|switch|p1a: Floette|Floette-Eternal, L50, F|100/100\n|switch|p1b: Athena|Talonflame, L50, F, shiny|100/100\n|switch|p2a: Basculegion|Basculegion, L50, M|100/100\n|switch|p2b: Incineroar|Incineroar, L50, F|100/100\n|-ability|p2b: Incineroar|Intimidate|boost\n|-unboost|p1a: Floette|atk|1\n|-unboost|p1b: Athena|atk|1\n|turn|1\n|\n|t:|1776615313\n|move|p1b: Athena|Protect|p1b: Athena\n|-singleturn|p1b: Athena|Protect\n|move|p1a: Floette|Protect|p1a: Floette\n|-singleturn|p1a: Floette|Protect\n|move|p2b: Incineroar|Fake Out|p1a: Floette\n|-activate|p1a: Floette|move: Protect\n|move|p2a: Basculegion|Flip Turn|p1b: Athena\n|-activate|p1b: Athena|move: Protect\n|\n|upkeep\n|turn|2\n|\n|t:|1776615323\n|switch|p2b: Kingambit|Kingambit, L50, M|100/100\n|detailschange|p1a: Floette|Floette-Mega, L50, F\n|-mega|p1a: Floette|Floette|Floettite\n|-ability|p1a: Floette|Fairy Aura\n|move|p1b: Athena|Tailwind|p1b: Athena\n|-sidestart|p1: SDLT 2KRL March|move: Tailwind\n|move|p1a: Floette|Light of Ruin|p2a: Basculegion\n|-damage|p2a: Basculegion|0 fnt\n|faint|p2a: Basculegion\n|-damage|p1a: Floette|35/100|[from] Recoil\n|\n|upkeep\n|\n|t:|1776615335\n|switch|p2a: Incineroar|Incineroar, L50, F|100/100\n|-ability|p2a: Incineroar|Intimidate|boost\n|-unboost|p1a: Floette|atk|1\n|-unboost|p1b: Athena|atk|1\n|turn|3\n|\n|t:|1776615345\n|switch|p1b: Ryoiki Tenkai|Farigiraf, L50, M, shiny|100/100\n|move|p2a: Incineroar|Helping Hand|p2b: Kingambit\n|-singleturn|p2b: Kingambit|Helping Hand|[of] p2a: Incineroar\n|move|p1a: Floette|Light of Ruin|p2a: Incineroar\n|-damage|p2a: Incineroar|11/100\n|-enditem|p2a: Incineroar|Sitrus Berry|[eat]\n|-heal|p2a: Incineroar|36/100|[from] item: Sitrus Berry\n|-damage|p1a: Floette|0 fnt|[from] Recoil\n|faint|p1a: Floette\n|move|p2b: Kingambit|Iron Head|p1b: Ryoiki Tenkai\n|-damage|p1b: Ryoiki Tenkai|33/100\n|\n|upkeep\n|inactive|SDLT 2KRL March has 30 seconds left.\n|\n|t:|1776615377\n|switch|p1a: Sneasler|Sneasler, L50, F, shiny|100/100\n|turn|4\n|\n|t:|1776615395\n|switch|p2b: Sinistcha|Sinistcha-Masterpiece, L50|100/100\n|-heal|p2a: Incineroar|60/100|[from] ability: Hospitality|[of] p2b: Sinistcha\n|move|p1a: Sneasler|Close Combat|p2b: Sinistcha\n|-immune|p2b: Sinistcha\n|move|p1b: Ryoiki Tenkai|Hyper Voice|p2b: Sinistcha|[spread] p2a\n|-immune|p2b: Sinistcha\n|-damage|p2a: Incineroar|34/100\n|move|p2a: Incineroar|Throat Chop|p1b: Ryoiki Tenkai\n|-supereffective|p1b: Ryoiki Tenkai|1\n|-enditem|p1b: Ryoiki Tenkai|Colbur Berry|[eat]\n|-enditem|p1b: Ryoiki Tenkai|Colbur Berry|[weaken]\n|-damage|p1b: Ryoiki Tenkai|1/100\n|-start|p1b: Ryoiki Tenkai|Throat Chop|[silent]\n|\n|upkeep\n|turn|5\n|inactive|Rawdawger08 has 30 seconds left.\n|\n|t:|1776615430\n|move|p2b: Sinistcha|Rage Powder|p2b: Sinistcha\n|-singleturn|p2b: Sinistcha|move: Rage Powder\n|move|p1a: Sneasler|Dire Claw|p2b: Sinistcha\n|-damage|p2b: Sinistcha|66/100\n|move|p1b: Ryoiki Tenkai|Shadow Ball|p2b: Sinistcha\n|-supereffective|p2b: Sinistcha|1\n|-damage|p2b: Sinistcha|0 fnt\n|faint|p2b: Sinistcha\n|move|p2a: Incineroar|Throat Chop|p1b: Ryoiki Tenkai\n|-supereffective|p1b: Ryoiki Tenkai|1\n|-damage|p1b: Ryoiki Tenkai|0 fnt\n|faint|p1b: Ryoiki Tenkai\n|\n|-sideend|p1: SDLT 2KRL March|move: Tailwind\n|upkeep\n|\n|t:|1776615450\n|switch|p2b: Kingambit|Kingambit, L50, M|100/100\n|switch|p1b: Athena|Talonflame, L50, F, shiny|100/100\n|turn|6\n|j| Rolling Stonedge\n|inactive|Rawdawger08 has 30 seconds left.\n|\n|t:|1776615476\n|move|p2a: Incineroar|Helping Hand|p2b: Kingambit\n|-singleturn|p2b: Kingambit|Helping Hand|[of] p2a: Incineroar\n|move|p1b: Athena|Brave Bird|p2a: Incineroar\n|-damage|p2a: Incineroar|0 fnt\n|faint|p2a: Incineroar\n|-damage|p1b: Athena|86/100|[from] Recoil\n|move|p2b: Kingambit|Sucker Punch|p1a: Sneasler\n|-resisted|p1a: Sneasler|1\n|-damage|p1a: Sneasler|33/100\n|move|p1a: Sneasler|Close Combat|p2b: Kingambit\n|-supereffective|p2b: Kingambit|2\n|-damage|p2b: Kingambit|0 fnt\n|-unboost|p1a: Sneasler|def|1\n|-unboost|p1a: Sneasler|spd|1\n|faint|p2b: Kingambit\n|\n|win|SDLT 2KRL March\n|n|\u2606SDLT 2KRL March|sdlt2krlmarch\n|n|\u2606Rawdawger08|rawdawger08\n|n| Rolling Stonedge|rollingstonedge\n",
  "uploadtime": 1776615477,
  "views": 9,
  "formatid": "gen9championsvgc2026regma",
  "rating": null,
  "private": 0,
  "password": null
}