{
  "id": "gen9championsvgc2026regma-2586560805",
  "format": "[Gen 9 Champions] VGC 2026 Reg M-A",
  "players": [
    "Quinntee",
    "tonybravais"
  ],
  "log": "|j|\u2606Quinntee\n|j|\u2606tonybravais\n|t:|1776443109\n|gametype|doubles\n|player|p1|Quinntee|170|1174\n|player|p2|tonybravais|170|1115\n|gen|9\n|tier|[Gen 9 Champions] VGC 2026 Reg M-A\n|rated|\n|rule|Species Clause: Limit one of each Pok\u00e9mon\n|rule|Item Clause: Limit 1 of each item\n|clearpoke\n|poke|p1|Pelipper, L50, M|\n|poke|p1|Archaludon, L50, F|\n|poke|p1|Basculegion, L50, M|\n|poke|p1|Goodra-Hisui, L50, M|\n|poke|p1|Manectric, L50, M|\n|poke|p1|Crabominable, L50, M|\n|poke|p2|Farigiraf, L50, F|\n|poke|p2|Slowking-Galar, L50, F|\n|poke|p2|Glaceon, L50, F|\n|poke|p2|Empoleon, L50, F|\n|poke|p2|Golurk, L50|\n|poke|p2|Camerupt, L50, F|\n|teampreview|4\n|inactive|Battle timer is ON: inactive players will automatically lose when time's up. (requested by Quinntee)\n|inactive|tonybravais has 60 seconds left.\n|inactive|Quinntee has 60 seconds left.\n|inactive|tonybravais has 30 seconds left.\n|\n|t:|1776443175\n|teamsize|p1|4\n|teamsize|p2|4\n|start\n|switch|p1a: Manectric|Manectric, L50, M, shiny|100/100\n|switch|p1b: Archaludon|Archaludon, L50, F|100/100\n|switch|p2a: Slowking|Slowking-Galar, L50, F|100/100\n|switch|p2b: Golurk|Golurk, L50|100/100\n|turn|1\n|\n|t:|1776443192\n|detailschange|p1a: Manectric|Manectric-Mega, L50, M, shiny\n|-mega|p1a: Manectric|Manectric|Manectite\n|-ability|p1a: Manectric|Intimidate|boost\n|-unboost|p2a: Slowking|atk|1\n|-unboost|p2b: Golurk|atk|1\n|detailschange|p2b: Golurk|Golurk-Mega, L50\n|-mega|p2b: Golurk|Golurk|Golurkite\n|move|p1a: Manectric|Volt Switch|p2a: Slowking\n|-damage|p2a: Slowking|75/100\n|\n|t:|1776443199\n|switch|p1a: Pelipper|Pelipper, L50, M|100/100|[from] Volt Switch\n|-weather|RainDance|[from] ability: Drizzle|[of] p1a: Pelipper\n|move|p1b: Archaludon|Electro Shot||[still]\n|-prepare|p1b: Archaludon|Electro Shot\n|-boost|p1b: Archaludon|spa|1\n|-anim|p1b: Archaludon|Electro Shot|p2a: Slowking\n|-damage|p2a: Slowking|35/100\n|move|p2b: Golurk|Headlong Rush|p1b: Archaludon\n|-supereffective|p1b: Archaludon|1\n|-damage|p1b: Archaludon|5/100\n|-unboost|p2b: Golurk|def|1\n|-unboost|p2b: Golurk|spd|1\n|-ability|p1b: Archaludon|Stamina|boost\n|-boost|p1b: Archaludon|def|1\n|move|p2a: Slowking|Trick Room|p2a: Slowking\n|-fieldstart|move: Trick Room|[of] p2a: Slowking\n|\n|-weather|RainDance|[upkeep]\n|-heal|p1b: Archaludon|11/100|[from] item: Leftovers\n|upkeep\n|turn|2\n|inactive|Quinntee has 30 seconds left.\n|inactive|tonybravais has 30 seconds left.\n|inactive|Quinntee has 20 seconds left.\n|inactive|tonybravais has 20 seconds left.\n|inactive|tonybravais has 15 seconds left.\n|inactive|tonybravais has 10 seconds left.\n|inactive|tonybravais has 5 seconds left.\n|\n|t:|1776443252\n|switch|p2b: Glaceon|Glaceon, L50, F|100/100\n|-prepare|p2a: Slowking|Chilly Reception|[premajor]\n|move|p2a: Slowking|Chilly Reception|p2a: Slowking\n|-weather|Snowscape\n|\n|t:|1776443260\n|switch|p2a: Golurk|Golurk-Mega, L50|100/100|[from] Chilly Reception\n|move|p1a: Pelipper|Weather Ball|p2b: Glaceon\n|-resisted|p2b: Glaceon|1\n|-damage|p2b: Glaceon|85/100\n|move|p1b: Archaludon|Dragon Pulse|p2a: Golurk\n|-damage|p2a: Golurk|44/100\n|\n|-weather|Snowscape|[upkeep]\n|-heal|p1b: Archaludon|17/100|[from] item: Leftovers\n|upkeep\n|turn|3\n|inactive|Quinntee has 30 seconds left.\n|inactive|Quinntee has 20 seconds left.\n|inactive|Quinntee has 15 seconds left.\n|inactive|Quinntee has 10 seconds left.\n|inactive|Quinntee has 5 seconds left.\n|\n|t:|1776443315\n|move|p2a: Golurk|Poltergeist|p1a: Pelipper\n|-activate|p1a: Pelipper|move: Poltergeist|Focus Sash\n|-damage|p1a: Pelipper|3/100\n|move|p2b: Glaceon|Blizzard|p1a: Pelipper|[spread] p1a,p1b\n|-crit|p1b: Archaludon\n|-damage|p1a: Pelipper|0 fnt\n|-damage|p1b: Archaludon|0 fnt\n|faint|p1a: Pelipper\n|faint|p1b: Archaludon\n|\n|-weather|Snowscape|[upkeep]\n|upkeep\n|\n|t:|1776443325\n|switch|p1a: Basculegion|Basculegion, L50, M, shiny|100/100\n|switch|p1b: Manectric|Manectric-Mega, L50, M, shiny|100/100\n|-ability|p1b: Manectric|Intimidate|boost\n|-unboost|p2a: Golurk|atk|1\n|-unboost|p2b: Glaceon|atk|1\n|turn|4\n|\n|t:|1776443338\n|move|p1b: Manectric|Protect|p1b: Manectric\n|-singleturn|p1b: Manectric|Protect\n|move|p2a: Golurk|Poltergeist|p1a: Basculegion\n|-activate|p1a: Basculegion|move: Poltergeist|Choice Scarf\n|-supereffective|p1a: Basculegion|1\n|-damage|p1a: Basculegion|0 fnt\n|faint|p1a: Basculegion\n|move|p2b: Glaceon|Blizzard|p1b: Manectric\n|-activate|p1b: Manectric|move: Protect\n|\n|-weather|Snowscape|[upkeep]\n|upkeep\n|turn|5\n|\n|t:|1776443351\n|move|p2a: Golurk|Drain Punch|p1b: Manectric\n|-damage|p1b: Manectric|70/100\n|-heal|p2a: Golurk|56/100|[from] drain|[of] p1b: Manectric\n|move|p2b: Glaceon|Blizzard|p1b: Manectric\n|-damage|p1b: Manectric|0 fnt\n|faint|p1b: Manectric\n|\n|win|tonybravais\n|raw|Quinntee's rating: 1174 &rarr; <strong>1145</strong><br />(-29 for losing)\n|raw|tonybravais's rating: 1115 &rarr; <strong>1144</strong><br />(+29 for winning)\n|l|\u2606Quinntee\n|player|p1|\n",
  "uploadtime": 1776443361,
  "views": 30,
  "formatid": "gen9championsvgc2026regma",
  "rating": 1144,
  "private": 0,
  "password": null
}