{
  "id": "gen9championsvgc2026regma-2583307972",
  "format": "[Gen 9 Champions] VGC 2026 Reg M-A",
  "players": [
    "MrTestingPith",
    "GarchompLover21"
  ],
  "log": "|j|\u2606MrTestingPith\n|j|\u2606GarchompLover21\n|t:|1776165436\n|gametype|doubles\n|player|p1|MrTestingPith|265|1416\n|player|p2|GarchompLover21|cyrus|1416\n|gen|9\n|tier|[Gen 9 Champions] VGC 2026 Reg M-A\n|rated|\n|rule|Species Clause: Limit one of each Pok\u00e9mon\n|rule|Item Clause: Limit 1 of each item\n|clearpoke\n|poke|p1|Hippowdon, L50, F|\n|poke|p1|Meganium, L50, M|\n|poke|p1|Excadrill, L50, F|\n|poke|p1|Rotom-Wash, L50|\n|poke|p1|Sneasler, L50, M|\n|poke|p1|Dragapult, L50, M|\n|poke|p2|Pelipper, L50, M|\n|poke|p2|Archaludon, L50, F|\n|poke|p2|Incineroar, L50, F|\n|poke|p2|Klefki, L50, M|\n|poke|p2|Sneasler, L50, M|\n|poke|p2|Starmie, L50|\n|teampreview|4\n|inactive|Battle timer is ON: inactive players will automatically lose when time's up. (requested by GarchompLover21)\n|j| maliciousdeez\n|j| AnyNam3\n|l| AnyNam3\n|inactive|GarchompLover21 has 60 seconds left.\n|j| kimera7275\n|l| kimera7275\n|j| DR NEFARIO MD\nMrTestingPith rejected open team sheets.\n|inactive|GarchompLover21 has 30 seconds left.\n|\n|t:|1776165504\n|teamsize|p1|4\n|teamsize|p2|4\n|start\n|switch|p1a: Dragapult|Dragapult, L50, M|100/100\n|switch|p1b: Excadrill|Excadrill, L50, F|100/100\n|switch|p2a: Starmie|Starmie, L50, shiny|100/100\n|switch|p2b: Sneasler|Sneasler, L50, M|100/100\n|turn|1\n|\n|t:|1776165524\n|move|p2a: Starmie|Protect|p2a: Starmie\n|-singleturn|p2a: Starmie|Protect\n|move|p1b: Excadrill|Protect|p1b: Excadrill\n|-singleturn|p1b: Excadrill|Protect\n|move|p1a: Dragapult|Phantom Force||[still]\n|-prepare|p1a: Dragapult|Phantom Force\n|move|p2b: Sneasler|Throat Chop|p1a: Dragapult|[miss]\n|-miss|p2b: Sneasler|p1a: Dragapult\n|\n|upkeep\n|turn|2\n|j| sileshar\n|\n|t:|1776165537\n|switch|p2a: Incineroar|Incineroar, L50, F|100/100\n|-ability|p2a: Incineroar|Intimidate|boost\n|-fail|p1a: Dragapult|unboost|[from] ability: Clear Body|[of] p1a: Dragapult\n|-unboost|p1b: Excadrill|atk|1\n|move|p1a: Dragapult|Phantom Force|p2a: Incineroar|[from] lockedmove\n|-resisted|p2a: Incineroar|1\n|-damage|p2a: Incineroar|81/100\n|move|p2b: Sneasler|Throat Chop|p1a: Dragapult\n|-supereffective|p1a: Dragapult|1\n|-enditem|p1a: Dragapult|Colbur Berry|[eat]\n|-enditem|p1a: Dragapult|Colbur Berry|[weaken]\n|-damage|p1a: Dragapult|64/100\n|-start|p1a: Dragapult|Throat Chop|[silent]\n|move|p1b: Excadrill|High Horsepower|p2b: Sneasler\n|-supereffective|p2b: Sneasler|1\n|-damage|p2b: Sneasler|0 fnt\n|faint|p2b: Sneasler\n|\n|upkeep\n|inactive|GarchompLover21 has 30 seconds left.\n|inactive|GarchompLover21 has 20 seconds left.\n|\n|t:|1776165575\n|switch|p2b: Pelipper|Pelipper, L50, M|100/100\n|-weather|RainDance|[from] ability: Drizzle|[of] p2b: Pelipper\n|turn|3\n|inactive|GarchompLover21 has 30 seconds left.\n|\n|t:|1776165602\n|switch|p1b: Hippowdon|Hippowdon, L50, F|100/100\n|-weather|Sandstorm|[from] ability: Sand Stream|[of] p1b: Hippowdon\n|move|p2a: Incineroar|Fake Out|p1b: Hippowdon\n|-damage|p1b: Hippowdon|93/100\n|move|p1a: Dragapult|Dragon Darts|p2b: Pelipper\n|-damage|p2b: Pelipper|65/100\n|-anim|p1a: Dragapult|Dragon Darts|p2a: Incineroar\n|-damage|p2a: Incineroar|58/100\n|move|p2b: Pelipper|Hurricane|p1a: Dragapult|[miss]\n|-miss|p2b: Pelipper|p1a: Dragapult\n|\n|-weather|Sandstorm|[upkeep]\n|-damage|p1a: Dragapult|58/100|[from] Sandstorm\n|-damage|p2b: Pelipper|59/100|[from] Sandstorm\n|-damage|p2a: Incineroar|52/100|[from] Sandstorm\n|-heal|p1b: Hippowdon|99/100|[from] item: Leftovers\n|-end|p1a: Dragapult|Throat Chop|[silent]\n|upkeep\n|turn|4\n|l| maliciousdeez\n|\n|t:|1776165621\n|switch|p2b: Starmie|Starmie, L50, shiny|100/100\n|move|p1a: Dragapult|Phantom Force||[still]\n|-prepare|p1a: Dragapult|Phantom Force\n|move|p2a: Incineroar|Darkest Lariat|p1a: Dragapult|[miss]\n|-miss|p2a: Incineroar|p1a: Dragapult\n|move|p1b: Hippowdon|High Horsepower|p2a: Incineroar\n|-supereffective|p2a: Incineroar|1\n|-damage|p2a: Incineroar|0 fnt\n|faint|p2a: Incineroar\n|\n|-weather|Sandstorm|[upkeep]\n|-damage|p1a: Dragapult|51/100|[from] Sandstorm\n|-damage|p2b: Starmie|94/100|[from] Sandstorm\n|-heal|p1b: Hippowdon|100/100|[from] item: Leftovers\n|upkeep\n|\n|t:|1776165630\n|switch|p2a: Pelipper|Pelipper, L50, M|59/100\n|-weather|RainDance|[from] ability: Drizzle|[of] p2a: Pelipper\n|turn|5\n|\n|t:|1776165647\n|detailschange|p2b: Starmie|Starmie-Mega, L50, shiny\n|-mega|p2b: Starmie|Starmie|Starminite\n|move|p1a: Dragapult|Phantom Force|p2b: Starmie|[from] lockedmove\n|-supereffective|p2b: Starmie|1\n|-damage|p2b: Starmie|0 fnt\n|faint|p2b: Starmie\n|move|p2a: Pelipper|Tailwind|p2a: Pelipper\n|-sidestart|p2: GarchompLover21|move: Tailwind\n|move|p1b: Hippowdon|Rock Slide|p2a: Pelipper\n|-supereffective|p2a: Pelipper|1\n|-damage|p2a: Pelipper|6/100\n|\n|-weather|RainDance|[upkeep]\n|upkeep\n|turn|6\n|\n|t:|1776165662\n|move|p2a: Pelipper|Hurricane|p1a: Dragapult\n|-damage|p1a: Dragapult|0 fnt\n|faint|p1a: Dragapult\n|move|p1b: Hippowdon|Rock Slide|p2a: Pelipper\n|-supereffective|p2a: Pelipper|1\n|-damage|p2a: Pelipper|0 fnt\n|faint|p2a: Pelipper\n|\n|win|MrTestingPith\n|raw|MrTestingPith's rating: 1416 &rarr; <strong>1436</strong><br />(+20 for winning)\n|raw|GarchompLover21's rating: 1416 &rarr; <strong>1396</strong><br />(-20 for losing)\n|l|\u2606GarchompLover21\n|player|p2|\n",
  "uploadtime": 1776165676,
  "views": 37,
  "formatid": "gen9championsvgc2026regma",
  "rating": 1396,
  "private": 0,
  "password": null
}