{
  "id": "gen9championsvgc2026regma-2588325975",
  "format": "[Gen 9 Champions] VGC 2026 Reg M-A",
  "players": [
    "MakeItaHardGame",
    "yuriimon"
  ],
  "log": "|j|\u2606MakeItaHardGame\n|j|\u2606yuriimon\n|t:|1776624299\n|gametype|doubles\n|player|p1|MakeItaHardGame|169|1041\n|player|p2|yuriimon|waitress-gen4|1082\n|gen|9\n|tier|[Gen 9 Champions] VGC 2026 Reg M-A\n|rated|\n|rule|Species Clause: Limit one of each Pok\u00e9mon\n|rule|Item Clause: Limit 1 of each item\n|clearpoke\n|poke|p1|Maushold, L50, shiny|\n|poke|p1|Camerupt, L50, M, shiny|\n|poke|p1|Kingambit, L50, F, shiny|\n|poke|p1|Farigiraf, L50, M, shiny|\n|poke|p1|Sylveon, L50, M, shiny|\n|poke|p1|Dragonite, L50, F, shiny|\n|poke|p2|Glimmora, L50, F|\n|poke|p2|Archaludon, L50, F|\n|poke|p2|Politoed, L50, M|\n|poke|p2|Chesnaught, L50, F|\n|poke|p2|Incineroar, L50, M|\n|poke|p2|Garchomp, L50, F|\n|teampreview|4\n|inactive|Battle timer is ON: inactive players will automatically lose when time's up. (requested by yuriimon)\n|inactive|yuriimon has 60 seconds left.\n|\n|t:|1776624337\n|teamsize|p1|4\n|teamsize|p2|4\n|start\n|switch|p1a: FamilyOf4|Maushold, L50, shiny|100/100\n|switch|p1b: SkinnyWilly|Farigiraf, L50, M, shiny|100/100\n|switch|p2a: Chesnaught|Chesnaught, L50, F|100/100\n|switch|p2b: Garchomp|Garchomp, L50, F|100/100\n|turn|1\n|\n|t:|1776624351\n|detailschange|p2a: Chesnaught|Chesnaught-Mega, L50, F\n|-mega|p2a: Chesnaught|Chesnaught|Chesnaughtite\n|move|p2b: Garchomp|Rock Slide|p1a: FamilyOf4|[spread] p1a,p1b\n|-damage|p1a: FamilyOf4|71/100\n|-damage|p1b: SkinnyWilly|86/100\n|cant|p1a: FamilyOf4|flinch\n|move|p2a: Chesnaught|Iron Defense|p2a: Chesnaught\n|-boost|p2a: Chesnaught|def|2\n|move|p1b: SkinnyWilly|Trick Room|p1b: SkinnyWilly\n|-fieldstart|move: Trick Room|[of] p1b: SkinnyWilly\n|\n|upkeep\n|turn|2\n|\n|t:|1776624366\n|move|p2a: Chesnaught|Body Press|p1b: SkinnyWilly\n|-damage|p1b: SkinnyWilly|0 fnt\n|faint|p1b: SkinnyWilly\n|move|p1a: FamilyOf4|U-turn|p2a: Chesnaught\n|-damage|p2a: Chesnaught|97/100\n|\n|t:|1776624374\n|switch|p1a: WillyInserter|Kingambit, L50, F, shiny|100/100|[from] U-turn\n|move|p2b: Garchomp|Rock Slide|p1a: WillyInserter\n|-resisted|p1a: WillyInserter|1\n|-damage|p1a: WillyInserter|91/100\n|\n|upkeep\n|\n|t:|1776624380\n|switch|p1b: CamelToe|Camerupt, L50, M, shiny|100/100\n|turn|3\n|\n|t:|1776624395\n|switch|p2b: Politoed|Politoed, L50, M|100/100\n|-weather|RainDance|[from] ability: Drizzle|[of] p2b: Politoed\n|detailschange|p1b: CamelToe|Camerupt-Mega, L50, M, shiny\n|-mega|p1b: CamelToe|Camerupt|Cameruptite\n|move|p1b: CamelToe|Eruption|p2b: Politoed|[spread] p2a,p2b\n|-supereffective|p2a: Chesnaught|1\n|-resisted|p2b: Politoed|1\n|-damage|p2a: Chesnaught|45/100\n|-damage|p2b: Politoed|87/100\n|move|p1a: WillyInserter|Kowtow Cleave|p2b: Politoed\n|-damage|p2b: Politoed|39/100\n|move|p2a: Chesnaught|Body Press|p1b: CamelToe\n|-damage|p1b: CamelToe|0 fnt\n|faint|p1b: CamelToe\n|\n|-weather|RainDance|[upkeep]\n|upkeep\n|\n|t:|1776624410\n|switch|p1b: FamilyOf4|Maushold, L50, shiny|71/100\n|turn|4\n|\n|t:|1776624423\n|move|p1b: FamilyOf4|Follow Me|p1b: FamilyOf4\n|-singleturn|p1b: FamilyOf4|move: Follow Me\n|move|p1a: WillyInserter|Kowtow Cleave|p2b: Politoed\n|-damage|p2b: Politoed|0 fnt\n|faint|p2b: Politoed\n|move|p2a: Chesnaught|Body Press|p1b: FamilyOf4\n|-supereffective|p1b: FamilyOf4|1\n|-damage|p1b: FamilyOf4|0 fnt\n|faint|p1b: FamilyOf4\n|\n|-weather|RainDance|[upkeep]\n|upkeep\n|\n|t:|1776624431\n|switch|p2b: Garchomp|Garchomp, L50, F|100/100\n|turn|5\n|\n|t:|1776624438\n|move|p1a: WillyInserter|Low Kick|p2a: Chesnaught\n|-damage|p2a: Chesnaught|37/100\n|move|p2a: Chesnaught|Body Press|p1a: WillyInserter\n|-supereffective|p1a: WillyInserter|2\n|-enditem|p1a: WillyInserter|Chople Berry|[eat]\n|-enditem|p1a: WillyInserter|Chople Berry|[weaken]\n|-damage|p1a: WillyInserter|0 fnt\n|faint|p1a: WillyInserter\n|\n|win|yuriimon\n|raw|MakeItaHardGame's rating: 1041 &rarr; <strong>1027</strong><br />(-14 for losing)\n|raw|yuriimon's rating: 1082 &rarr; <strong>1106</strong><br />(+24 for winning)\n|c|\u2606yuriimon|gg\n",
  "uploadtime": 1776624450,
  "views": 8,
  "formatid": "gen9championsvgc2026regma",
  "rating": 1027,
  "private": 0,
  "password": null
}