{
  "id": "gen9championsvgc2026regma-2580945187",
  "format": "[Gen 9 Champions] VGC 2026 Reg M-A",
  "players": [
    "ricoaipim",
    "King L5"
  ],
  "log": "|j|\u2606ricoaipim\n|j|\u2606King L5\n|t:|1775945555\n|gametype|doubles\n|player|p1|ricoaipim|101|1142\n|player|p2|King L5|#dcliiinfernalarmory|1223\n|gen|9\n|tier|[Gen 9 Champions] VGC 2026 Reg M-A\n|rated|\n|rule|Species Clause: Limit one of each Pok\u00e9mon\n|rule|Item Clause: Limit 1 of each item\n|clearpoke\n|poke|p1|Pelipper, L50, F|\n|poke|p1|Floette-Eternal, L50, F|\n|poke|p1|Basculegion, L50, M|\n|poke|p1|Garchomp, L50, M|\n|poke|p1|Incineroar, L50, F|\n|poke|p1|Sinistcha, L50|\n|poke|p2|Floette-Eternal, L50, F|\n|poke|p2|Incineroar, L50, F|\n|poke|p2|Sinistcha, L50|\n|poke|p2|Basculegion, L50, M|\n|poke|p2|Aerodactyl, L50, F|\n|poke|p2|Garchomp, L50, M|\n|teampreview|4\n|\n|t:|1775945598\n|teamsize|p1|4\n|teamsize|p2|4\n|start\n|switch|p1a: Garchomp|Garchomp, L50, M|100/100\n|switch|p1b: Pelipper|Pelipper, L50, F|100/100\n|switch|p2a: Floette|Floette-Eternal, L50, F|100/100\n|switch|p2b: Incineroar|Incineroar, L50, F|100/100\n|-weather|RainDance|[from] ability: Drizzle|[of] p1b: Pelipper\n|-ability|p2b: Incineroar|Intimidate|boost\n|-unboost|p1a: Garchomp|atk|1\n|-unboost|p1b: Pelipper|atk|1\n|turn|1\n|\n|t:|1775945612\n|switch|p1a: Incineroar|Incineroar, L50, F|100/100\n|-ability|p1a: Incineroar|Intimidate|boost\n|-unboost|p2a: Floette|atk|1\n|-unboost|p2b: Incineroar|atk|1\n|detailschange|p2a: Floette|Floette-Mega, L50, F\n|-mega|p2a: Floette|Floette|Floettite\n|-ability|p2a: Floette|Fairy Aura\n|move|p2b: Incineroar|Fake Out|p1a: Incineroar\n|-damage|p1a: Incineroar|94/100\n|move|p2a: Floette|Calm Mind|p2a: Floette\n|-boost|p2a: Floette|spa|1\n|-boost|p2a: Floette|spd|1\n|move|p1b: Pelipper|Tailwind|p1b: Pelipper\n|-sidestart|p1: ricoaipim|move: Tailwind\n|\n|-weather|RainDance|[upkeep]\n|upkeep\n|turn|2\n|\n|t:|1775945637\n|move|p1b: Pelipper|Weather Ball|p2a: Floette\n|-damage|p2a: Floette|71/100\n|move|p1a: Incineroar|Flare Blitz|p2a: Floette\n|-damage|p2a: Floette|49/100\n|-damage|p1a: Incineroar|88/100|[from] Recoil\n|move|p2a: Floette|Calm Mind|p2a: Floette\n|-boost|p2a: Floette|spa|1\n|-boost|p2a: Floette|spd|1\n|move|p2b: Incineroar|Parting Shot|p1a: Incineroar\n|-unboost|p1a: Incineroar|atk|1\n|-unboost|p1a: Incineroar|spa|1\n|\n|t:|1775945649\n|switch|p2b: Garchomp|Garchomp, L50, M|100/100|[from] Parting Shot\n|\n|-weather|RainDance|[upkeep]\n|upkeep\n|turn|3\n|\n|t:|1775945695\n|move|p1b: Pelipper|Hurricane|p2a: Floette\n|-damage|p2a: Floette|33/100\n|-start|p2a: Floette|confusion\n|move|p2b: Garchomp|Dragon Claw|p1a: Incineroar\n|-damage|p1a: Incineroar|55/100\n|move|p1a: Incineroar|Throat Chop|p2a: Floette\n|-resisted|p2a: Floette|1\n|-damage|p2a: Floette|23/100\n|-start|p2a: Floette|Throat Chop|[silent]\n|-activate|p2a: Floette|confusion\n|-damage|p2a: Floette|19/100|[from] confusion\n|\n|-weather|RainDance|[upkeep]\n|upkeep\n|turn|4\n|\n|t:|1775945713\n|move|p1b: Pelipper|Protect|p1b: Pelipper\n|-singleturn|p1b: Pelipper|Protect\n|-activate|p2a: Floette|confusion\n|move|p2a: Floette|Protect|p2a: Floette\n|-singleturn|p2a: Floette|Protect\n|move|p2b: Garchomp|Stomping Tantrum|p1a: Incineroar\n|-supereffective|p1a: Incineroar|1\n|-damage|p1a: Incineroar|0 fnt\n|faint|p1a: Incineroar\n|\n|-weather|RainDance|[upkeep]\n|-end|p2a: Floette|Throat Chop|[silent]\n|-sideend|p1: ricoaipim|move: Tailwind\n|upkeep\n|\n|t:|1775945725\n|switch|p1a: Floette|Floette-Eternal, L50, F|100/100\n|turn|5\n|\n|t:|1775945747\n|move|p1a: Floette|Protect|p1a: Floette\n|-singleturn|p1a: Floette|Protect\n|move|p2b: Garchomp|Stomping Tantrum|p1a: Floette\n|-activate|p1a: Floette|move: Protect\n|-activate|p2a: Floette|confusion\n|move|p2a: Floette|Draining Kiss|p1b: Pelipper\n|-enditem|p1b: Pelipper|Focus Sash\n|-damage|p1b: Pelipper|1/100\n|-heal|p2a: Floette|75/100|[from] drain|[of] p1b: Pelipper\n|move|p1b: Pelipper|Tailwind|p1b: Pelipper\n|-sidestart|p1: ricoaipim|move: Tailwind\n|\n|-weather|none\n|upkeep\n|turn|6\n|\n|t:|1775945779\n|detailschange|p1a: Floette|Floette-Mega, L50, F\n|-mega|p1a: Floette|Floette|Floettite\n|-ability|p1a: Floette|Fairy Aura\n|move|p1a: Floette|Dazzling Gleam|p2a: Floette|[spread] p2a,p2b\n|-crit|p2a: Floette\n|-supereffective|p2b: Garchomp|1\n|-damage|p2a: Floette|17/100\n|-damage|p2b: Garchomp|0 fnt\n|faint|p2b: Garchomp\n|move|p1b: Pelipper|Hurricane|p2a: Floette\n|-damage|p2a: Floette|0 fnt\n|faint|p2a: Floette\n|\n|upkeep\n|\n|t:|1775945789\n|switch|p2b: Incineroar|Incineroar, L50, F|100/100\n|switch|p2a: Basculegion|Basculegion, L50, M|100/100\n|-ability|p2b: Incineroar|Intimidate|boost\n|-unboost|p1a: Floette|atk|1\n|-unboost|p1b: Pelipper|atk|1\n|turn|7\n|c|\u2606King L5|Bro\n|c|\u2606ricoaipim|holy shit\n|c|\u2606ricoaipim|extreme luck\n|\n|t:|1775945819\n|move|p1a: Floette|Protect|p1a: Floette\n|-singleturn|p1a: Floette|Protect\n|move|p1b: Pelipper|Protect|p1b: Pelipper\n|-singleturn|p1b: Pelipper|Protect\n|move|p2b: Incineroar|Fake Out|p1b: Pelipper\n|-activate|p1b: Pelipper|move: Protect\n|move|p2a: Basculegion|Last Respects|p1a: Floette\n|-activate|p1a: Floette|move: Protect\n|\n|upkeep\n|turn|8\n|\n|t:|1775945838\n|move|p1a: Floette|Moonblast|p2a: Basculegion\n|-damage|p2a: Basculegion|6/100\n|move|p1b: Pelipper|Hurricane|p2a: Basculegion|[miss]\n|-miss|p1b: Pelipper|p2a: Basculegion\n|move|p2a: Basculegion|Last Respects|p1a: Floette\n|-damage|p1a: Floette|0 fnt\n|faint|p1a: Floette\n|move|p2b: Incineroar|Darkest Lariat|p1b: Pelipper\n|-damage|p1b: Pelipper|0 fnt\n|faint|p1b: Pelipper\n|\n|-sideend|p1: ricoaipim|move: Tailwind\n|upkeep\n|\n|t:|1775945853\n|switch|p1b: Garchomp|Garchomp, L50, M|100/100\n|turn|9\n|l|\u2606King L5\n|player|p2|\n|j|\u2606King L5\n|player|p2|King L5|#dcliiinfernalarmory|\n|\n|t:|1775945895\n|move|p2a: Basculegion|Last Respects|p1b: Garchomp\n|-damage|p1b: Garchomp|0 fnt\n|faint|p1b: Garchomp\n|\n|win|King L5\n|raw|ricoaipim's rating: 1142 &rarr; <strong>1123</strong><br />(-19 for losing)\n|raw|King L5's rating: 1223 &rarr; <strong>1242</strong><br />(+19 for winning)\n|l|\u2606King L5\n|player|p2|\n|l|\u2606ricoaipim\n|player|p1|\n|j|\u2606King L5\n|player|p2|King L5|#dcliiinfernalarmory|\n",
  "uploadtime": 1775946333,
  "views": 16,
  "formatid": "gen9championsvgc2026regma",
  "rating": 1123,
  "private": 0,
  "password": null
}