{
  "id": "gen9championsvgc2026regma-2582229465",
  "format": "[Gen 9 Champions] VGC 2026 Reg M-A",
  "players": [
    "MensPlantDier",
    "colfox"
  ],
  "log": "|j|\u2606MensPlantDier\n|j|\u2606colfox\n|t:|1776073836\n|gametype|doubles\n|player|p1|MensPlantDier|teamrocket|1027\n|player|p2|colfox|1|1020\n|gen|9\n|tier|[Gen 9 Champions] VGC 2026 Reg M-A\n|rated|\n|rule|Species Clause: Limit one of each Pok\u00e9mon\n|rule|Item Clause: Limit 1 of each item\n|clearpoke\n|poke|p1|Gengar, L50, M|\n|poke|p1|Starmie, L50|\n|poke|p1|Sinistcha, L50|\n|poke|p1|Pelipper, L50, F|\n|poke|p1|Archaludon, L50, F|\n|poke|p1|Kingambit, L50, M|\n|poke|p2|Ninetales, L50, F|\n|poke|p2|Dragonite, L50, F|\n|poke|p2|Sylveon, L50, M|\n|poke|p2|Whimsicott, L50, M|\n|poke|p2|Delphox, L50, F|\n|poke|p2|Garchomp, L50, F|\n|teampreview|4\ncolfox has agreed to open team sheets.\n|\n|t:|1776073883\n|teamsize|p1|4\n|teamsize|p2|4\n|start\n|switch|p1a: Starmie|Starmie, L50|100/100\n|switch|p1b: Sinistcha|Sinistcha, L50|100/100\n|switch|p2a: Delphox|Delphox, L50, F|100/100\n|switch|p2b: Whimsicott|Whimsicott, L50, M|100/100\n|turn|1\n|\n|t:|1776073936\n|detailschange|p2a: Delphox|Delphox-Mega, L50, F\n|-mega|p2a: Delphox|Delphox|Delphoxite\n|detailschange|p1a: Starmie|Starmie-Mega, L50\n|-mega|p1a: Starmie|Starmie|Starminite\n|move|p2b: Whimsicott|Tailwind|p2b: Whimsicott\n|-sidestart|p2: colfox|move: Tailwind\n|move|p2a: Delphox|Shadow Ball|p1a: Starmie\n|-supereffective|p1a: Starmie|1\n|-damage|p1a: Starmie|23/100\n|move|p1a: Starmie|Ice Spinner|p2b: Whimsicott\n|-supereffective|p2b: Whimsicott|1\n|-enditem|p2b: Whimsicott|Focus Sash\n|-damage|p2b: Whimsicott|1/100\n|move|p1b: Sinistcha|Shadow Ball|p2b: Whimsicott\n|-damage|p2b: Whimsicott|0 fnt\n|faint|p2b: Whimsicott\n|\n|upkeep\n|\n|t:|1776073951\n|switch|p2b: Ninetales|Ninetales, L50, F|100/100\n|-weather|SunnyDay|[from] ability: Drought|[of] p2b: Ninetales\n|turn|2\n|\n|t:|1776073965\n|move|p1b: Sinistcha|Rage Powder|p1b: Sinistcha\n|-singleturn|p1b: Sinistcha|move: Rage Powder\n|move|p2a: Delphox|Shadow Ball|p1b: Sinistcha\n|-supereffective|p1b: Sinistcha|1\n|-damage|p1b: Sinistcha|42/100\n|-enditem|p1b: Sinistcha|Sitrus Berry|[eat]\n|-heal|p1b: Sinistcha|67/100|[from] item: Sitrus Berry\n|move|p2b: Ninetales|Flamethrower|p1b: Sinistcha\n|-supereffective|p1b: Sinistcha|1\n|-damage|p1b: Sinistcha|0 fnt\n|faint|p1b: Sinistcha\n|move|p1a: Starmie|Waterfall|p2a: Delphox\n|-supereffective|p2a: Delphox|1\n|-damage|p2a: Delphox|0 fnt\n|faint|p2a: Delphox\n|\n|-weather|SunnyDay|[upkeep]\n|upkeep\n|\n|t:|1776073979\n|switch|p2a: Garchomp|Garchomp, L50, F|100/100\n|switch|p1b: Pelipper|Pelipper, L50, F|100/100\n|-weather|RainDance|[from] ability: Drizzle|[of] p1b: Pelipper\n|turn|3\n|\n|t:|1776074006\n|move|p1a: Starmie|Protect|p1a: Starmie\n|-singleturn|p1a: Starmie|Protect\n|move|p2a: Garchomp|Rock Slide|p1a: Starmie|[spread] p1b\n|-activate|p1a: Starmie|move: Protect\n|-supereffective|p1b: Pelipper|1\n|-damage|p1b: Pelipper|48/100\n|move|p2b: Ninetales|Flamethrower|p1a: Starmie\n|-activate|p1a: Starmie|move: Protect\n|move|p1b: Pelipper|Tailwind|p1b: Pelipper\n|-sidestart|p1: MensPlantDier|move: Tailwind\n|\n|-weather|RainDance|[upkeep]\n|upkeep\n|turn|4\n|\n|t:|1776074021\n|move|p2a: Garchomp|Rock Slide|p1b: Pelipper|[spread] p1b\n|-miss|p2a: Garchomp|p1a: Starmie\n|-supereffective|p1b: Pelipper|1\n|-damage|p1b: Pelipper|0 fnt\n|faint|p1b: Pelipper\n|move|p1a: Starmie|Ice Spinner|p2a: Garchomp\n|-supereffective|p2a: Garchomp|2\n|-damage|p2a: Garchomp|0 fnt\n|-damage|p1a: Starmie|11/100|[from] ability: Rough Skin|[of] p2a: Garchomp\n|faint|p2a: Garchomp\n|move|p2b: Ninetales|Flamethrower|p1a: Starmie\n|-resisted|p1a: Starmie|1\n|-damage|p1a: Starmie|0 fnt\n|faint|p1a: Starmie\n|\n|-weather|RainDance|[upkeep]\n|-sideend|p2: colfox|move: Tailwind\n|upkeep\n|\n|t:|1776074036\n|switch|p1b: Archaludon|Archaludon, L50, F|100/100\n|turn|5\n|\n|t:|1776074044\n|move|p1b: Archaludon|Electro Shot||[still]\n|-prepare|p1b: Archaludon|Electro Shot\n|-boost|p1b: Archaludon|spa|1\n|-anim|p1b: Archaludon|Electro Shot|p2b: Ninetales\n|-damage|p2b: Ninetales|9/100\n|move|p2b: Ninetales|Flamethrower|p1b: Archaludon\n|-damage|p1b: Archaludon|78/100\n|\n|-weather|RainDance|[upkeep]\n|-heal|p1b: Archaludon|84/100|[from] item: Leftovers\n|upkeep\n|turn|6\n|\n|t:|1776074054\n|move|p1b: Archaludon|Electro Shot||[still]\n|-prepare|p1b: Archaludon|Electro Shot\n|-boost|p1b: Archaludon|spa|1\n|-anim|p1b: Archaludon|Electro Shot|p2b: Ninetales\n|-damage|p2b: Ninetales|0 fnt\n|faint|p2b: Ninetales\n|\n|win|MensPlantDier\n|raw|MensPlantDier's rating: 1027 &rarr; <strong>1062</strong><br />(+35 for winning)\n|raw|colfox's rating: 1020 &rarr; <strong>1007</strong><br />(-13 for losing)\n",
  "uploadtime": 1776074061,
  "views": 12,
  "formatid": "gen9championsvgc2026regma",
  "rating": 1007,
  "private": 0,
  "password": null
}