{
  "id": "gen9championsvgc2026regma-2580455422",
  "format": "[Gen 9 Champions] VGC 2026 Reg M-A",
  "players": [
    "roofslayer",
    "areestoo"
  ],
  "log": "|j|\u2606roofslayer\n|j|\u2606areestoo\n|t:|1775899170\n|gametype|doubles\n|player|p1|roofslayer|102|1060\n|player|p2|areestoo|265|1104\n|gen|9\n|tier|[Gen 9 Champions] VGC 2026 Reg M-A\n|rated|\n|rule|Species Clause: Limit one of each Pok\u00e9mon\n|rule|Item Clause: Limit 1 of each item\n|clearpoke\n|poke|p1|Crabominable, L50, F|\n|poke|p1|Slowking-Galar, L50, F|\n|poke|p1|Farigiraf, L50, M|\n|poke|p1|Pelipper, L50, M|\n|poke|p1|Archaludon, L50, F|\n|poke|p1|Gengar, L50, M|\n|poke|p2|Delphox, L50, F|\n|poke|p2|Garchomp, L50, M|\n|poke|p2|Whimsicott, L50, F|\n|poke|p2|Rotom-Wash, L50|\n|poke|p2|Sneasler, L50, M|\n|poke|p2|Incineroar, L50, M|\n|teampreview|4\n|inactive|Battle timer is ON: inactive players will automatically lose when time's up. (requested by areestoo)\n|inactive|roofslayer has 60 seconds left.\n|inactive|areestoo has 60 seconds left.\n|inactive|roofslayer has 30 seconds left.\n|inactive|areestoo has 30 seconds left.\n|inactive|areestoo has 20 seconds left.\n|\n|t:|1775899245\n|teamsize|p1|4\n|teamsize|p2|4\n|start\n|switch|p1a: Slowking|Slowking-Galar, L50, F|100/100\n|switch|p1b: Crabominable|Crabominable, L50, F|100/100\n|switch|p2a: Garchomp|Garchomp, L50, M|100/100\n|switch|p2b: Incineroar|Incineroar, L50, M|100/100\n|-ability|p2b: Incineroar|Intimidate|boost\n|-unboost|p1a: Slowking|atk|1\n|-unboost|p1b: Crabominable|atk|1\n|turn|1\n|\n|t:|1775899264\n|move|p1b: Crabominable|Protect|p1b: Crabominable\n|-singleturn|p1b: Crabominable|Protect\n|move|p2a: Garchomp|Rock Slide|p1b: Crabominable|[spread] p1a\n|-activate|p1b: Crabominable|move: Protect\n|-damage|p1a: Slowking|86/100\n|move|p2b: Incineroar|Taunt|p1a: Slowking\n|-start|p1a: Slowking|move: Taunt\n|-prepare|p1a: Slowking|Chilly Reception|[premajor]\n|cant|p1a: Slowking|move: Taunt|Chilly Reception\n|\n|-heal|p1a: Slowking|92/100|[from] item: Leftovers\n|upkeep\n|turn|2\n|\n|t:|1775899286\n|switch|p1b: Archaludon|Archaludon, L50, F|100/100\n|switch|p1a: Pelipper|Pelipper, L50, M|100/100\n|-weather|RainDance|[from] ability: Drizzle|[of] p1a: Pelipper\n|move|p2a: Garchomp|Rock Slide|p1b: Archaludon|[spread] p1a,p1b\n|-supereffective|p1a: Pelipper|1\n|-resisted|p1b: Archaludon|1\n|-crit|p1b: Archaludon\n|-damage|p1a: Pelipper|57/100\n|-damage|p1b: Archaludon|88/100\n|-ability|p1b: Archaludon|Stamina|boost\n|-boost|p1b: Archaludon|def|1\n|move|p2b: Incineroar|Flare Blitz|p1b: Archaludon\n|-damage|p1b: Archaludon|76/100\n|-ability|p1b: Archaludon|Stamina|boost\n|-boost|p1b: Archaludon|def|1\n|-damage|p2b: Incineroar|97/100|[from] Recoil\n|\n|-weather|RainDance|[upkeep]\n|upkeep\n|turn|3\n|inactive|areestoo has 30 seconds left.\n|\n|t:|1775899320\n|switch|p2a: Delphox|Delphox, L50, F|100/100\n|move|p2b: Incineroar|Parting Shot|p1b: Archaludon\n|-unboost|p1b: Archaludon|atk|1\n|-unboost|p1b: Archaludon|spa|1\n|\n|t:|1775899326\n|switch|p2b: Rotom|Rotom-Wash, L50|100/100|[from] Parting Shot\n|move|p1a: Pelipper|Tailwind|p1a: Pelipper\n|-sidestart|p1: roofslayer|move: Tailwind\n|move|p1b: Archaludon|Electro Shot||[still]\n|-prepare|p1b: Archaludon|Electro Shot\n|-boost|p1b: Archaludon|spa|1\n|-anim|p1b: Archaludon|Electro Shot|p2b: Rotom\n|-damage|p2b: Rotom|50/100\n|-heal|p1b: Archaludon|81/100|[from] item: Shell Bell|[of] p2b: Rotom\n|\n|-weather|RainDance|[upkeep]\n|-heal|p2b: Rotom|56/100|[from] item: Leftovers\n|upkeep\n|turn|4\n|inactive|roofslayer has 30 seconds left.\n|inactive|areestoo has 30 seconds left.\n|\n|t:|1775899352\n|detailschange|p2a: Delphox|Delphox-Mega, L50, F\n|-mega|p2a: Delphox|Delphox|Delphoxite\n|move|p1a: Pelipper|Weather Ball|p2a: Delphox\n|-supereffective|p2a: Delphox|1\n|-damage|p2a: Delphox|0 fnt\n|faint|p2a: Delphox\n|move|p1b: Archaludon|Electro Shot||[still]\n|-prepare|p1b: Archaludon|Electro Shot\n|-boost|p1b: Archaludon|spa|1\n|-anim|p1b: Archaludon|Electro Shot|p2b: Rotom\n|-damage|p2b: Rotom|0 fnt\n|faint|p2b: Rotom\n|-heal|p1b: Archaludon|87/100|[from] item: Shell Bell|[of] p2: Rotom\n|\n|-weather|RainDance|[upkeep]\n|upkeep\n|\n|t:|1775899359\n|switch|p2a: Garchomp|Garchomp, L50, M|100/100\n|switch|p2b: Incineroar|Incineroar, L50, M|97/100\n|-ability|p2b: Incineroar|Intimidate|boost\n|-unboost|p1a: Pelipper|atk|1\n|-unboost|p1b: Archaludon|atk|1\n|turn|5\n|-message|areestoo forfeited.\n|\n|win|roofslayer\n|raw|roofslayer's rating: 1041 &rarr; <strong>1081</strong><br />(+40 for winning)\n|raw|areestoo's rating: 1104 &rarr; <strong>1075</strong><br />(-29 for losing)\n",
  "uploadtime": 1775899369,
  "views": 17,
  "formatid": "gen9championsvgc2026regma",
  "rating": 1075,
  "private": 0,
  "password": null
}