{
  "id": "gen9championsvgc2026regma-2586661447",
  "format": "[Gen 9 Champions] VGC 2026 Reg M-A",
  "players": [
    "mw71wm",
    "RNG can't stop me"
  ],
  "log": "|j|\u2606mw71wm\n|j|\u2606RNG can't stop me\n|t:|1776450199\n|gametype|doubles\n|player|p1|mw71wm|unknown|1086\n|player|p2|RNG can't stop me|n|1122\n|gen|9\n|tier|[Gen 9 Champions] VGC 2026 Reg M-A\n|rated|\n|rule|Species Clause: Limit one of each Pok\u00e9mon\n|rule|Item Clause: Limit 1 of each item\n|clearpoke\n|poke|p1|Skarmory, L50, M|\n|poke|p1|Aerodactyl, L50, M|\n|poke|p1|Dragapult, L50, M|\n|poke|p1|Scovillain, L50, M|\n|poke|p1|Greninja-*, L50, M|\n|poke|p1|Kommo-o, L50, M|\n|poke|p2|Excadrill, L50, F|\n|poke|p2|Sneasler, L50, F|\n|poke|p2|Sinistcha, L50|\n|poke|p2|Milotic, L50, M|\n|poke|p2|Aerodactyl, L50, F|\n|poke|p2|Incineroar, L50, M|\n|teampreview|4\n|c|\u2606RNG can't stop me|gl hf\n|inactive|Battle timer is ON: inactive players will automatically lose when time's up. (requested by mw71wm)\n|\n|t:|1776450244\n|teamsize|p1|4\n|teamsize|p2|4\n|start\n|switch|p1a: Spadartile|Skarmory, L50, M, shiny|100/100\n|switch|p1b: Pink tape meg|Kommo-o, L50, M, shiny|100/100\n|switch|p2a: Milotic|Milotic, L50, M|100/100\n|switch|p2b: Incineroar|Incineroar, L50, M|100/100\n|-ability|p2b: Incineroar|Intimidate|boost\n|-unboost|p1a: Spadartile|atk|1\n|-unboost|p1b: Pink tape meg|atk|1\n|turn|1\n|\n|t:|1776450261\n|move|p1a: Spadartile|Protect|p1a: Spadartile\n|-singleturn|p1a: Spadartile|Protect\n|move|p1b: Pink tape meg|Coaching|p1a: Spadartile\n|-boost|p1a: Spadartile|atk|1\n|-boost|p1a: Spadartile|def|1\n|move|p2a: Milotic|Icy Wind|p1b: Pink tape meg|[spread] p1b\n|-activate|p1a: Spadartile|move: Protect\n|-supereffective|p1b: Pink tape meg|1\n|-damage|p1b: Pink tape meg|78/100\n|-unboost|p1b: Pink tape meg|spe|1\n|move|p2b: Incineroar|Flare Blitz|p1a: Spadartile\n|-activate|p1a: Spadartile|move: Protect\n|\n|-heal|p1b: Pink tape meg|84/100|[from] item: Leftovers\n|upkeep\n|turn|2\n|inactive|RNG can't stop me has 30 seconds left.\n|\n|t:|1776450292\n|detailschange|p1a: Spadartile|Skarmory-Mega, L50, M, shiny\n|-mega|p1a: Spadartile|Skarmory|Skarmorite\n|move|p1a: Spadartile|Swords Dance|p1a: Spadartile\n|-boost|p1a: Spadartile|atk|2\n|move|p2a: Milotic|Icy Wind|p1b: Pink tape meg|[spread] p1a,p1b\n|-supereffective|p1b: Pink tape meg|1\n|-damage|p1a: Spadartile|89/100\n|-damage|p1b: Pink tape meg|63/100\n|-unboost|p1a: Spadartile|spe|1\n|-unboost|p1b: Pink tape meg|spe|1\n|move|p2b: Incineroar|Flare Blitz|p1a: Spadartile\n|-supereffective|p1a: Spadartile|1\n|-crit|p1a: Spadartile\n|-damage|p1a: Spadartile|0 fnt\n|faint|p1a: Spadartile\n|-damage|p2b: Incineroar|76/100|[from] Recoil\n|move|p1b: Pink tape meg|Iron Defense|p1b: Pink tape meg\n|-boost|p1b: Pink tape meg|def|2\n|\n|-heal|p1b: Pink tape meg|69/100|[from] item: Leftovers\n|upkeep\n|\n|t:|1776450309\n|switch|p1a: Pull up drag|Dragapult, L50, M, shiny|100/100\n|turn|3\n|\n|t:|1776450318\n|move|p1a: Pull up drag|Protect|p1a: Pull up drag\n|-singleturn|p1a: Pull up drag|Protect\n|move|p2a: Milotic|Icy Wind|p1b: Pink tape meg|[spread] p1b\n|-activate|p1a: Pull up drag|move: Protect\n|-supereffective|p1b: Pink tape meg|1\n|-damage|p1b: Pink tape meg|48/100\n|-unboost|p1b: Pink tape meg|spe|1\n|move|p2b: Incineroar|Parting Shot|p1a: Pull up drag\n|-activate|p1a: Pull up drag|move: Protect\n|move|p1b: Pink tape meg|Coaching|p1a: Pull up drag\n|-boost|p1a: Pull up drag|atk|1\n|-boost|p1a: Pull up drag|def|1\n|\n|-heal|p1b: Pink tape meg|54/100|[from] item: Leftovers\n|upkeep\n|turn|4\n|\n|t:|1776450338\n|move|p1a: Pull up drag|Dragon Darts|p2b: Incineroar\n|-damage|p2b: Incineroar|17/100\n|-anim|p1a: Pull up drag|Dragon Darts|p2a: Milotic\n|-damage|p2a: Milotic|66/100\n|move|p2a: Milotic|Icy Wind|p1b: Pink tape meg|[spread] p1a,p1b\n|-supereffective|p1a: Pull up drag|1\n|-supereffective|p1b: Pink tape meg|1\n|-damage|p1a: Pull up drag|71/100\n|-damage|p1b: Pink tape meg|31/100\n|-unboost|p1b: Pink tape meg|spe|1\n|move|p2b: Incineroar|Darkest Lariat|p1a: Pull up drag\n|-supereffective|p1a: Pull up drag|1\n|-damage|p1a: Pull up drag|0 fnt\n|faint|p1a: Pull up drag\n|move|p1b: Pink tape meg|Body Press|p2b: Incineroar\n|-supereffective|p2b: Incineroar|1\n|-enditem|p2b: Incineroar|Chople Berry|[eat]\n|-enditem|p2b: Incineroar|Chople Berry|[weaken]\n|-damage|p2b: Incineroar|0 fnt\n|faint|p2b: Incineroar\n|\n|-heal|p2a: Milotic|72/100|[from] item: Leftovers\n|-heal|p1b: Pink tape meg|37/100|[from] item: Leftovers\n|upkeep\n|\n|t:|1776450353\n|switch|p1a: Uomini arrabiati|Scovillain, L50, M, shiny|100/100\n|switch|p2b: Sneasler|Sneasler, L50, F|100/100\n|turn|5\n|\n|t:|1776450372\n|switch|p2a: Sinistcha|Sinistcha, L50|100/100\n|move|p2b: Sneasler|Protect|p2b: Sneasler\n|-singleturn|p2b: Sneasler|Protect\n|move|p1a: Uomini arrabiati|Rage Powder|p1a: Uomini arrabiati\n|-singleturn|p1a: Uomini arrabiati|move: Rage Powder\n|move|p1b: Pink tape meg|Body Press|p2b: Sneasler\n|-activate|p2b: Sneasler|move: Protect\n|\n|-heal|p1b: Pink tape meg|43/100|[from] item: Leftovers\n|upkeep\n|turn|6\n|\n|t:|1776450388\n|move|p1a: Uomini arrabiati|Rage Powder|p1a: Uomini arrabiati\n|-singleturn|p1a: Uomini arrabiati|move: Rage Powder\n|move|p2a: Sinistcha|Rage Powder|p2a: Sinistcha\n|-singleturn|p2a: Sinistcha|move: Rage Powder\n|move|p2b: Sneasler|Dire Claw|p1a: Uomini arrabiati\n|-supereffective|p1a: Uomini arrabiati|1\n|-damage|p1a: Uomini arrabiati|0 fnt\n|faint|p1a: Uomini arrabiati\n|move|p1b: Pink tape meg|Body Press|p2b: Sneasler\n|-resisted|p2b: Sneasler|1\n|-damage|p2b: Sneasler|19/100\n|\n|-heal|p1b: Pink tape meg|49/100|[from] item: Leftovers\n|upkeep\n|turn|7\n|inactive|RNG can't stop me has 30 seconds left.\n|\n|t:|1776450421\n|move|p2b: Sneasler|Dire Claw|p1b: Pink tape meg\n|-damage|p1b: Pink tape meg|31/100\n|move|p2a: Sinistcha|Matcha Gotcha|p1b: Pink tape meg\n|-resisted|p1b: Pink tape meg|1\n|-damage|p1b: Pink tape meg|12/100\n|move|p1b: Pink tape meg|Body Press|p2b: Sneasler\n|-resisted|p2b: Sneasler|1\n|-damage|p2b: Sneasler|0 fnt\n|faint|p2b: Sneasler\n|\n|-heal|p1b: Pink tape meg|18/100|[from] item: Leftovers\n|upkeep\n|\n|t:|1776450429\n|switch|p2b: Milotic|Milotic, L50, M|72/100\n|turn|8\n|\n|t:|1776450433\n|move|p2b: Milotic|Scald|p1b: Pink tape meg\n|-resisted|p1b: Pink tape meg|1\n|-damage|p1b: Pink tape meg|2/100\n|-status|p1b: Pink tape meg|brn\n|move|p2a: Sinistcha|Matcha Gotcha|p1b: Pink tape meg\n|-resisted|p1b: Pink tape meg|1\n|-damage|p1b: Pink tape meg|0 fnt\n|faint|p1b: Pink tape meg\n|\n|win|RNG can't stop me\n|raw|mw71wm's rating: 1086 &rarr; <strong>1065</strong><br />(-21 for losing)\n|raw|RNG can&apos;t stop me's rating: 1122 &rarr; <strong>1144</strong><br />(+22 for winning)\n",
  "uploadtime": 1776450440,
  "views": 32,
  "formatid": "gen9championsvgc2026regma",
  "rating": 1065,
  "private": 0,
  "password": null
}