{
  "id": "gen9championsvgc2026regma-2588304413",
  "format": "[Gen 9 Champions] VGC 2026 Reg M-A",
  "players": [
    "Gabuchwan",
    "Somechips"
  ],
  "log": "|j|\u2606Gabuchwan\n|j|\u2606Somechips\n|t:|1776622538\n|gametype|doubles\n|player|p1|Gabuchwan|waitress|1163\n|player|p2|Somechips|266|1206\n|gen|9\n|tier|[Gen 9 Champions] VGC 2026 Reg M-A\n|rated|\n|rule|Species Clause: Limit one of each Pok\u00e9mon\n|rule|Item Clause: Limit 1 of each item\n|clearpoke\n|poke|p1|Froslass, L50, F|\n|poke|p1|Corviknight, L50, M|\n|poke|p1|Farigiraf, L50, M|\n|poke|p1|Politoed, L50, F|\n|poke|p1|Meowscarada, L50, M|\n|poke|p1|Jolteon, L50, F|\n|poke|p2|Pelipper, L50, F|\n|poke|p2|Venusaur, L50, F|\n|poke|p2|Palafin, L50, F|\n|poke|p2|Archaludon, L50, M|\n|poke|p2|Incineroar, L50, F|\n|poke|p2|Clefable, L50, F|\n|teampreview|4\n|\n|t:|1776622585\n|teamsize|p1|4\n|teamsize|p2|4\n|start\n|switch|p1a: Jolteon|Jolteon, L50, F|100/100\n|switch|p1b: Froslass|Froslass, L50, F|100/100\n|switch|p2a: Incineroar|Incineroar, L50, F|100/100\n|switch|p2b: Archaludon|Archaludon, L50, M|100/100\n|-ability|p2a: Incineroar|Intimidate|boost\n|-unboost|p1a: Jolteon|atk|1\n|-unboost|p1b: Froslass|atk|1\n|turn|1\n|\n|t:|1776622603\n|switch|p1b: Farigiraf|Farigiraf, L50, M|100/100\n|move|p1a: Jolteon|Fake Tears|p2b: Archaludon\n|-unboost|p2b: Archaludon|spd|2\n|move|p2b: Archaludon|Flash Cannon|p1b: Farigiraf\n|-damage|p1b: Farigiraf|65/100\n|move|p2a: Incineroar|Darkest Lariat|p1b: Farigiraf\n|-supereffective|p1b: Farigiraf|1\n|-damage|p1b: Farigiraf|0 fnt\n|faint|p1b: Farigiraf\n|\n|upkeep\n|\n|t:|1776622613\n|switch|p1b: Froslass|Froslass, L50, F|100/100\n|turn|2\n|\n|t:|1776622628\n|detailschange|p1b: Froslass|Froslass-Mega, L50, F\n|-mega|p1b: Froslass|Froslass|Froslassite\n|-weather|Snowscape|[from] ability: Snow Warning|[of] p1b: Froslass\n|move|p2b: Archaludon|Protect|p2b: Archaludon\n|-singleturn|p2b: Archaludon|Protect\n|move|p1a: Jolteon|Fake Tears|p2a: Incineroar\n|-unboost|p2a: Incineroar|spd|2\n|move|p1b: Froslass|Blizzard|p2b: Archaludon|[spread] p2a\n|-activate|p2b: Archaludon|move: Protect\n|-resisted|p2a: Incineroar|1\n|-damage|p2a: Incineroar|68/100\n|move|p2a: Incineroar|Darkest Lariat|p1b: Froslass\n|-supereffective|p1b: Froslass|1\n|-damage|p1b: Froslass|30/100\n|\n|-weather|Snowscape|[upkeep]\n|upkeep\n|turn|3\n|\n|t:|1776622661\n|switch|p2b: Pelipper|Pelipper, L50, F|100/100\n|-weather|RainDance|[from] ability: Drizzle|[of] p2b: Pelipper\n|move|p1a: Jolteon|Thunderbolt|p2a: Incineroar\n|-damage|p2a: Incineroar|0 fnt\n|faint|p2a: Incineroar\n|move|p1b: Froslass|Shadow Ball|p2b: Pelipper\n|-damage|p2b: Pelipper|60/100\n|\n|-weather|RainDance|[upkeep]\n|upkeep\n|\n|t:|1776622675\n|switch|p2a: Archaludon|Archaludon, L50, M|100/100\n|turn|4\n|\n|t:|1776622691\n|switch|p1b: Meowscarada|Meowscarada, L50, M|100/100\n|move|p1a: Jolteon|Electroweb|p2a: Archaludon|[spread] p2a,p2b\n|-resisted|p2a: Archaludon|1\n|-supereffective|p2b: Pelipper|2\n|-damage|p2a: Archaludon|87/100\n|-damage|p2b: Pelipper|0 fnt\n|-unboost|p2a: Archaludon|spe|1\n|-ability|p2a: Archaludon|Stamina|boost\n|-boost|p2a: Archaludon|def|1\n|faint|p2b: Pelipper\n|move|p2a: Archaludon|Electro Shot||[still]\n|-prepare|p2a: Archaludon|Electro Shot\n|-boost|p2a: Archaludon|spa|1\n|-anim|p2a: Archaludon|Electro Shot|p1b: Meowscarada\n|-resisted|p1b: Meowscarada|1\n|-damage|p1b: Meowscarada|49/100\n|\n|-weather|RainDance|[upkeep]\n|-heal|p2a: Archaludon|94/100|[from] item: Leftovers\n|upkeep\n|\n|t:|1776622708\n|switch|p2b: Clefable|Clefable, L50, F|100/100\n|turn|5\n|\n|t:|1776622727\n|move|p2b: Clefable|Follow Me|p2b: Clefable\n|-singleturn|p2b: Clefable|move: Follow Me\n|move|p1b: Meowscarada|Flower Trick|p2b: Clefable\n|-start|p1b: Meowscarada|typechange|Grass|[from] ability: Protean\n|-crit|p2b: Clefable\n|-damage|p2b: Clefable|52/100\n|move|p1a: Jolteon|Fake Tears|p2b: Clefable\n|-unboost|p2b: Clefable|spd|2\n|move|p2a: Archaludon|Flash Cannon|p1b: Meowscarada\n|-damage|p1b: Meowscarada|0 fnt\n|faint|p1b: Meowscarada\n|\n|-weather|RainDance|[upkeep]\n|-heal|p2a: Archaludon|99/100|[from] item: Leftovers\n|upkeep\n|\n|t:|1776622740\n|switch|p1b: Froslass|Froslass-Mega, L50, F|30/100\n|-weather|Snowscape|[from] ability: Snow Warning|[of] p1b: Froslass\n|turn|6\n|\n|t:|1776622755\n|move|p1b: Froslass|Protect|p1b: Froslass\n|-singleturn|p1b: Froslass|Protect\n|move|p2b: Clefable|Follow Me|p2b: Clefable\n|-singleturn|p2b: Clefable|move: Follow Me\n|move|p1a: Jolteon|Thunderbolt|p2b: Clefable\n|-damage|p2b: Clefable|0 fnt\n|faint|p2b: Clefable\n|move|p2a: Archaludon|Flash Cannon|p1b: Froslass\n|-activate|p1b: Froslass|move: Protect\n|\n|-weather|Snowscape|[upkeep]\n|-heal|p2a: Archaludon|100/100|[from] item: Leftovers\n|upkeep\n|turn|7\n|\n|t:|1776622768\n|move|p1a: Jolteon|Fake Tears|p2a: Archaludon\n|-unboost|p2a: Archaludon|spd|2\n|move|p1b: Froslass|Shadow Ball|p2a: Archaludon\n|-damage|p2a: Archaludon|0 fnt\n|faint|p2a: Archaludon\n|\n|win|Gabuchwan\n|raw|Gabuchwan's rating: 1163 &rarr; <strong>1191</strong><br />(+28 for winning)\n|raw|Somechips's rating: 1206 &rarr; <strong>1178</strong><br />(-28 for losing)\n|l|\u2606Somechips\n|player|p2|\n",
  "uploadtime": 1776622919,
  "views": 16,
  "formatid": "gen9championsvgc2026regma",
  "rating": 1178,
  "private": 0,
  "password": null
}