{
  "id": "gen9championsvgc2026regma-2585383086",
  "format": "[Gen 9 Champions] VGC 2026 Reg M-A",
  "players": [
    "Cheasleywithaw",
    "Emirnent"
  ],
  "log": "|j|\u2606Cheasleywithaw\n|j|\u2606Emirnent\n|t:|1776343156\n|gametype|doubles\n|player|p1|Cheasleywithaw|102|1429\n|player|p2|Emirnent|266|1558\n|gen|9\n|tier|[Gen 9 Champions] VGC 2026 Reg M-A\n|rated|\n|rule|Species Clause: Limit one of each Pok\u00e9mon\n|rule|Item Clause: Limit 1 of each item\n|clearpoke\n|poke|p1|Incineroar, L50, F|\n|poke|p1|Sinistcha-Masterpiece, L50|\n|poke|p1|Floette-Eternal, L50, F|\n|poke|p1|Aerodactyl, L50, F|\n|poke|p1|Garchomp, L50, F|\n|poke|p1|Rotom-Wash, L50|\n|poke|p2|Scovillain, L50, F|\n|poke|p2|Incineroar, L50, F|\n|poke|p2|Farigiraf, L50, M|\n|poke|p2|Gallade, L50, M|\n|poke|p2|Kingambit, L50, F|\n|poke|p2|Primarina, L50, F|\n|teampreview|4\nCheasleywithaw has agreed to open team sheets.\n|inactive|Battle timer is ON: inactive players will automatically lose when time's up. (requested by Emirnent)\n|inactive|Emirnent has 60 seconds left.\n|j| Buusama\n|inactive|Emirnent has 30 seconds left.\n|\n|t:|1776343230\n|teamsize|p1|4\n|teamsize|p2|4\n|start\n|switch|p1a: Garchomp|Garchomp, L50, F|100/100\n|switch|p1b: Rotom|Rotom-Wash, L50|100/100\n|switch|p2a: Incineroar|Incineroar, L50, F|100/100\n|switch|p2b: Farigiraf|Farigiraf, L50, M|100/100\n|-ability|p2a: Incineroar|Intimidate|boost\n|-unboost|p1a: Garchomp|atk|1\n|-unboost|p1b: Rotom|atk|1\n|-enditem|p1a: Garchomp|White Herb\n|-clearnegativeboost|p1a: Garchomp|[silent]\n|turn|1\n|inactive|Cheasleywithaw has 30 seconds left.\n|\n|t:|1776343259\n|move|p2a: Incineroar|Fake Out|p1a: Garchomp\n|-damage|p1a: Garchomp|87/100\n|-damage|p2a: Incineroar|88/100|[from] ability: Rough Skin|[of] p1a: Garchomp\n|cant|p1a: Garchomp|flinch\n|move|p1b: Rotom|Volt Switch|p2b: Farigiraf\n|-damage|p2b: Farigiraf|63/100\n|\n|t:|1776343267\n|switch|p1b: Floette|Floette-Eternal, L50, F|100/100|[from] Volt Switch\n|move|p2b: Farigiraf|Trick Room|p2b: Farigiraf\n|-fieldstart|move: Trick Room|[of] p2b: Farigiraf\n|\n|upkeep\n|turn|2\n|\n|t:|1776343281\n|switch|p1a: Incineroar|Incineroar, L50, F|100/100\n|-ability|p1a: Incineroar|Intimidate|boost\n|-unboost|p2a: Incineroar|atk|1\n|-unboost|p2b: Farigiraf|atk|1\n|-enditem|p2a: Incineroar|White Herb\n|-clearnegativeboost|p2a: Incineroar|[silent]\n|detailschange|p1b: Floette|Floette-Mega, L50, F\n|-mega|p1b: Floette|Floette|Floettite\n|-ability|p1b: Floette|Fairy Aura\n|move|p2b: Farigiraf|Psychic|p1a: Incineroar\n|-immune|p1a: Incineroar\n|move|p2a: Incineroar|Throat Chop|p1a: Incineroar\n|-resisted|p1a: Incineroar|1\n|-damage|p1a: Incineroar|84/100\n|-start|p1a: Incineroar|Throat Chop|[silent]\n|move|p1b: Floette|Dazzling Gleam|p2a: Incineroar|[spread] p2a,p2b\n|-damage|p2a: Incineroar|45/100\n|-damage|p2b: Farigiraf|9/100\n|-enditem|p2b: Farigiraf|Sitrus Berry|[eat]\n|-heal|p2b: Farigiraf|34/100|[from] item: Sitrus Berry\n|\n|upkeep\n|turn|3\n|\n|t:|1776343306\n|switch|p1a: Rotom|Rotom-Wash, L50|100/100\n|move|p2a: Incineroar|Close Combat|p1a: Rotom\n|-damage|p1a: Rotom|55/100\n|-unboost|p2a: Incineroar|def|1\n|-unboost|p2a: Incineroar|spd|1\n|move|p2b: Farigiraf|Hyper Voice|p1b: Floette|[spread] p1a,p1b\n|-crit|p1a: Rotom\n|-damage|p1a: Rotom|0 fnt\n|-damage|p1b: Floette|78/100\n|faint|p1a: Rotom\n|move|p1b: Floette|Calm Mind|p1b: Floette\n|-boost|p1b: Floette|spa|1\n|-boost|p1b: Floette|spd|1\n|\n|upkeep\n|\n|t:|1776343319\n|switch|p1a: Incineroar|Incineroar, L50, F|84/100\n|-ability|p1a: Incineroar|Intimidate|boost\n|-unboost|p2a: Incineroar|atk|1\n|-unboost|p2b: Farigiraf|atk|1\n|turn|4\n|j| zSpacePirate\n|inactive|Emirnent has 30 seconds left.\n|inactive|Emirnent has 20 seconds left.\n|inactive|Emirnent has 15 seconds left.\n|\n|t:|1776343363\n|move|p2b: Farigiraf|Hyper Voice|p1b: Floette|[spread] p1a,p1b\n|-damage|p1a: Incineroar|55/100\n|-damage|p1b: Floette|61/100\n|move|p2a: Incineroar|Close Combat|p1a: Incineroar\n|-supereffective|p1a: Incineroar|1\n|-damage|p1a: Incineroar|18/100\n|-unboost|p2a: Incineroar|def|1\n|-unboost|p2a: Incineroar|spd|1\n|-enditem|p1a: Incineroar|Sitrus Berry|[eat]\n|-heal|p1a: Incineroar|43/100|[from] item: Sitrus Berry\n|move|p1a: Incineroar|Darkest Lariat|p2b: Farigiraf\n|-supereffective|p2b: Farigiraf|1\n|-damage|p2b: Farigiraf|0 fnt\n|faint|p2b: Farigiraf\n|move|p1b: Floette|Calm Mind|p1b: Floette\n|-boost|p1b: Floette|spa|1\n|-boost|p1b: Floette|spd|1\n|\n|upkeep\n|j| Choklit Milk\n|\n|t:|1776343376\n|switch|p2b: Kingambit|Kingambit, L50, F, shiny|100/100\n|turn|5\n|\n|t:|1776343383\n|move|p1b: Floette|Protect|p1b: Floette\n|-singleturn|p1b: Floette|Protect\n|move|p2b: Kingambit|Swords Dance|p2b: Kingambit\n|-boost|p2b: Kingambit|atk|2\n|move|p2a: Incineroar|Close Combat|p1a: Incineroar\n|-supereffective|p1a: Incineroar|1\n|-damage|p1a: Incineroar|0 fnt\n|-unboost|p2a: Incineroar|def|1\n|-unboost|p2a: Incineroar|spd|1\n|faint|p1a: Incineroar\n|\n|-fieldend|move: Trick Room\n|upkeep\n|\n|t:|1776343391\n|switch|p1a: Garchomp|Garchomp, L50, F|87/100\n|turn|6\n|\n|t:|1776343400\n|move|p2b: Kingambit|Sucker Punch|p1a: Garchomp\n|-damage|p1a: Garchomp|0 fnt\n|-damage|p2b: Kingambit|88/100|[from] ability: Rough Skin|[of] p1a: Garchomp\n|faint|p1a: Garchomp\n|move|p1b: Floette|Dazzling Gleam|p2b: Kingambit|[spread] p2a,p2b\n|-damage|p2a: Incineroar|0 fnt\n|-damage|p2b: Kingambit|0 fnt\n|faint|p2a: Incineroar\n|faint|p2b: Kingambit\n|\n|upkeep\n|\n|t:|1776343411\n|switch|p2b: Scovillain|Scovillain, L50, F|100/100\n|turn|7\n|\n|t:|1776343415\n|detailschange|p2b: Scovillain|Scovillain-Mega, L50, F\n|-mega|p2b: Scovillain|Scovillain|Scovillainite\n|move|p1b: Floette|Moonblast|p2b: Scovillain\n|-resisted|p2b: Scovillain|1\n|-damage|p2b: Scovillain|22/100\n|-status|p1b: Floette|brn|[from] ability: Spicy Spray|[of] p2b: Scovillain\n|move|p2b: Scovillain|Flare Blitz|p1b: Floette\n|-damage|p1b: Floette|5/100 brn\n|-damage|p2b: Scovillain|2/100|[from] Recoil\n|\n|-damage|p1b: Floette|0 fnt|[from] brn\n|faint|p1b: Floette\n|\n|win|Emirnent\n|raw|Cheasleywithaw's rating: 1429 &rarr; <strong>1416</strong><br />(-13 for losing)\n|raw|Emirnent's rating: 1558 &rarr; <strong>1571</strong><br />(+13 for winning)\n|l|\u2606Cheasleywithaw\n|player|p1|\n|l|\u2606Emirnent\n|player|p2|\n|l| Buusama\n|l| zSpacePirate\n",
  "uploadtime": 1776343441,
  "views": 45,
  "formatid": "gen9championsvgc2026regma",
  "rating": 1416,
  "private": 0,
  "password": null
}