{
  "id": "gen9championsvgc2026regma-2581908748",
  "format": "[Gen 9 Champions] VGC 2026 Reg M-A",
  "players": [
    "Hatake77VGC",
    "phan of phanpy"
  ],
  "log": "|j|\u2606Hatake77VGC\n|j|\u2606phan of phanpy\n|t:|1776038794\n|gametype|doubles\n|player|p1|Hatake77VGC|1|1136\n|player|p2|phan of phanpy|pokemaniac|1113\n|gen|9\n|tier|[Gen 9 Champions] VGC 2026 Reg M-A\n|rated|\n|rule|Species Clause: Limit one of each Pok\u00e9mon\n|rule|Item Clause: Limit 1 of each item\n|clearpoke\n|poke|p1|Kommo-o, L50, F|\n|poke|p1|Incineroar, L50, F|\n|poke|p1|Lycanroc-Dusk, L50, M|\n|poke|p1|Farigiraf, L50, F|\n|poke|p1|Drampa, L50, M|\n|poke|p1|Armarouge, L50, F|\n|poke|p2|Gengar, L50, M|\n|poke|p2|Incineroar, L50, F|\n|poke|p2|Politoed, L50, F|\n|poke|p2|Sinistcha, L50|\n|poke|p2|Charizard, L50, F|\n|poke|p2|Sneasler, L50, F|\n|teampreview|4\n|\n|t:|1776038840\n|teamsize|p1|4\n|teamsize|p2|4\n|start\n|switch|p1a: Lycanroc|Lycanroc-Dusk, L50, M|100/100\n|switch|p1b: Farigiraf|Farigiraf, L50, F, shiny|100/100\n|switch|p2a: Gengar|Gengar, L50, M|100/100\n|switch|p2b: Incineroar|Incineroar, L50, F|100/100\n|-ability|p2b: Incineroar|Intimidate|boost\n|-unboost|p1a: Lycanroc|atk|1\n|-unboost|p1b: Farigiraf|atk|1\n|turn|1\n|\n|t:|1776038887\n|detailschange|p2a: Gengar|Gengar-Mega, L50, M\n|-mega|p2a: Gengar|Gengar|Gengarite\n|move|p2a: Gengar|Protect|p2a: Gengar\n|-singleturn|p2a: Gengar|Protect\n|move|p1a: Lycanroc|Accelerock|p2b: Incineroar\n|-supereffective|p2b: Incineroar|1\n|-damage|p2b: Incineroar|67/100\n|move|p2b: Incineroar|Parting Shot|p1b: Farigiraf\n|-unboost|p1b: Farigiraf|atk|1\n|-unboost|p1b: Farigiraf|spa|1\n|\n|t:|1776038902\n|switch|p2b: Sinistcha|Sinistcha, L50|100/100|[from] Parting Shot\n|move|p1b: Farigiraf|Trick Room|p1b: Farigiraf\n|-fieldstart|move: Trick Room|[of] p1b: Farigiraf\n|\n|upkeep\n|turn|2\n|\n|t:|1776038915\n|move|p2b: Sinistcha|Rage Powder|p2b: Sinistcha\n|-singleturn|p2b: Sinistcha|move: Rage Powder\n|move|p1b: Farigiraf|Psychic Terrain|p1b: Farigiraf\n|-fieldstart|move: Psychic Terrain\n|move|p1a: Lycanroc|Throat Chop|p2b: Sinistcha\n|-supereffective|p2b: Sinistcha|1\n|-damage|p2b: Sinistcha|58/100\n|-start|p2b: Sinistcha|Throat Chop|[silent]\n|move|p2a: Gengar|Perish Song|p2a: Gengar\n|-start|p1a: Lycanroc|perish3|[silent]\n|-start|p1b: Farigiraf|perish3|[silent]\n|-start|p2a: Gengar|perish3|[silent]\n|-start|p2b: Sinistcha|perish3|[silent]\n|-fieldactivate|move: Perish Song\n|\n|-start|p1b: Farigiraf|perish3\n|-start|p2b: Sinistcha|perish3\n|-start|p1a: Lycanroc|perish3\n|-start|p2a: Gengar|perish3\n|upkeep\n|turn|3\n|\n|t:|1776038930\n|move|p2b: Sinistcha|Protect|p2b: Sinistcha\n|-singleturn|p2b: Sinistcha|Protect\n|move|p2a: Gengar|Protect|p2a: Gengar\n|-singleturn|p2a: Gengar|Protect\n|move|p1b: Farigiraf|Expanding Force|p2b: Sinistcha|[spread] \n|-activate|p2a: Gengar|move: Protect\n|-activate|p2b: Sinistcha|move: Protect\n|move|p1a: Lycanroc|Throat Chop|p2b: Sinistcha\n|-activate|p2b: Sinistcha|move: Protect\n|\n|-end|p2b: Sinistcha|Throat Chop|[silent]\n|-start|p1b: Farigiraf|perish2\n|-start|p2b: Sinistcha|perish2\n|-start|p1a: Lycanroc|perish2\n|-start|p2a: Gengar|perish2\n|upkeep\n|turn|4\n|\n|t:|1776038974\n|switch|p2a: Incineroar|Incineroar, L50, F|67/100\n|-ability|p2a: Incineroar|Intimidate|boost\n|-unboost|p1a: Lycanroc|atk|1\n|-unboost|p1b: Farigiraf|atk|1\n|move|p2b: Sinistcha|Rage Powder|p2b: Sinistcha\n|-singleturn|p2b: Sinistcha|move: Rage Powder\n|move|p1b: Farigiraf|Expanding Force|p2b: Sinistcha|[spread] p2b\n|-immune|p2a: Incineroar\n|-damage|p2b: Sinistcha|22/100\n|move|p1a: Lycanroc|Throat Chop|p2b: Sinistcha\n|-supereffective|p2b: Sinistcha|1\n|-damage|p2b: Sinistcha|0 fnt\n|faint|p2b: Sinistcha\n|\n|-start|p1b: Farigiraf|perish1\n|-start|p1a: Lycanroc|perish1\n|upkeep\n|\n|t:|1776038999\n|switch|p2b: Gengar|Gengar-Mega, L50, M|100/100\n|turn|5\n|\n|t:|1776039009\n|move|p2a: Incineroar|Protect|p2a: Incineroar\n|-singleturn|p2a: Incineroar|Protect\n|move|p2b: Gengar|Protect|p2b: Gengar\n|-singleturn|p2b: Gengar|Protect\n|move|p1a: Lycanroc|Accelerock|p2a: Incineroar\n|-activate|p2a: Incineroar|move: Psychic Terrain\n|move|p1b: Farigiraf|Thunderbolt|p2a: Incineroar\n|-activate|p2a: Incineroar|move: Protect\n|\n|-start|p1b: Farigiraf|perish0\n|-start|p1a: Lycanroc|perish0\n|-fieldend|move: Trick Room\n|faint|p1b: Farigiraf\n|faint|p1a: Lycanroc\n|upkeep\n|\n|t:|1776039021\n|switch|p1a: Armarouge|Armarouge, L50, F|100/100\n|switch|p1b: Drampa|Drampa, L50, M, shiny|100/100\n|-ability|p1b: Drampa|Cloud Nine\n|turn|6\n|\n|t:|1776039056\n|detailschange|p1b: Drampa|Drampa-Mega, L50, M, shiny\n|-mega|p1b: Drampa|Drampa|Drampanite\n|move|p2b: Gengar|Perish Song|p2b: Gengar\n|-start|p1a: Armarouge|perish3|[silent]\n|-start|p1b: Drampa|perish3|[silent]\n|-start|p2a: Incineroar|perish3|[silent]\n|-start|p2b: Gengar|perish3|[silent]\n|-fieldactivate|move: Perish Song\n|move|p2a: Incineroar|Darkest Lariat|p1a: Armarouge\n|-supereffective|p1a: Armarouge|1\n|-enditem|p1a: Armarouge|Colbur Berry|[eat]\n|-enditem|p1a: Armarouge|Colbur Berry|[weaken]\n|-damage|p1a: Armarouge|70/100\n|move|p1b: Drampa|Earth Power|p2b: Gengar\n|-supereffective|p2b: Gengar|1\n|-damage|p2b: Gengar|24/100\n|move|p1a: Armarouge|Trick Room|p1a: Armarouge\n|-fieldstart|move: Trick Room|[of] p1a: Armarouge\n|\n|-start|p1b: Drampa|perish3\n|-start|p2a: Incineroar|perish3\n|-start|p1a: Armarouge|perish3\n|-start|p2b: Gengar|perish3\n|-fieldend|move: Psychic Terrain\n|upkeep\n|turn|7\n|\n|t:|1776039092\n|move|p2a: Incineroar|Protect|p2a: Incineroar\n|-singleturn|p2a: Incineroar|Protect\n|move|p2b: Gengar|Protect|p2b: Gengar\n|-singleturn|p2b: Gengar|Protect\n|move|p1b: Drampa|Calm Mind|p1b: Drampa\n|-boost|p1b: Drampa|spa|1\n|-boost|p1b: Drampa|spd|1\n|move|p1a: Armarouge|Expanding Force|p2b: Gengar\n|-activate|p2b: Gengar|move: Protect\n|\n|-start|p1b: Drampa|perish2\n|-start|p2a: Incineroar|perish2\n|-start|p1a: Armarouge|perish2\n|-start|p2b: Gengar|perish2\n|upkeep\n|turn|8\n|\n|t:|1776039121\n|move|p2a: Incineroar|Protect||[still]\n|-fail|p2a: Incineroar\n|move|p2b: Gengar|Protect|p2b: Gengar\n|-singleturn|p2b: Gengar|Protect\n|move|p1b: Drampa|Earth Power|p2a: Incineroar\n|-supereffective|p2a: Incineroar|1\n|-damage|p2a: Incineroar|0 fnt\n|faint|p2a: Incineroar\n|move|p1a: Armarouge|Expanding Force|p2b: Gengar\n|-activate|p2b: Gengar|move: Protect\n|\n|-start|p1b: Drampa|perish1\n|-start|p1a: Armarouge|perish1\n|-start|p2b: Gengar|perish1\n|upkeep\n|-message|Hatake77VGC forfeited.\n|\n|win|phan of phanpy\n|raw|Hatake77VGC's rating: 1136 &rarr; <strong>1109</strong><br />(-27 for losing)\n|raw|phan of phanpy's rating: 1113 &rarr; <strong>1140</strong><br />(+27 for winning)\n|l|\u2606Hatake77VGC\n|player|p1|\n",
  "uploadtime": 1776039147,
  "views": 13,
  "formatid": "gen9championsvgc2026regma",
  "rating": 1109,
  "private": 0,
  "password": null
}