{
  "id": "gen9championsvgc2026regma-2580908976",
  "format": "[Gen 9 Champions] VGC 2026 Reg M-A",
  "players": [
    "Insano012",
    "chiumma"
  ],
  "log": "|j|\u2606Insano012\n|j|\u2606chiumma\n|t:|1775942458\n|gametype|doubles\n|player|p1|Insano012|blackbelt-gen4dp|\n|player|p2|chiumma|266|\n|gen|9\n|tier|[Gen 9 Champions] VGC 2026 Reg M-A\n|rated|Tournament battle\n|rule|Species Clause: Limit one of each Pok\u00e9mon\n|rule|Item Clause: Limit 1 of each item\n|raw|<div class=\"infobox\"><details class=\"readmore\" open><summary><strong>1 custom rule:</strong></summary> Force Open Team Sheets</details></div>\n|clearpoke\n|poke|p1|Floette-Eternal, L50, F|\n|poke|p1|Delphox, L50, F|\n|poke|p1|Incineroar, L50, M|\n|poke|p1|Aerodactyl, L50, M|\n|poke|p1|Maushold-Four, L50|\n|poke|p1|Garchomp, L50, M|\n|poke|p2|Pelipper, L50, M|\n|poke|p2|Archaludon, L50, F|\n|poke|p2|Basculegion, L50, M|\n|poke|p2|Sneasler, L50, F|\n|poke|p2|Dragonite, L50, F|\n|poke|p2|Appletun, L50, M|\n|teampreview|4\n|showteam|p1|Floette-Eternal||Floettite|FlowerVeil|Moonblast,DazzlingGleam,Protect,CalmMind|||F|||50|]Delphox||Delphoxite|Blaze|HeatWave,Psychic,Substitute,Protect|||F|||50|]Incineroar||SitrusBerry|Intimidate|FakeOut,PartingShot,FlareBlitz,ThroatChop|||M|||50|]Aerodactyl||FocusSash|Unnerve|Tailwind,DualWingbeat,RockSlide,Protect|||M|||50|]Maushold-Four||ChopleBerry|FriendGuard|FollowMe,SuperFang,Taunt,Protect||||||50|]Garchomp||WhiteHerb|RoughSkin|Earthquake,RockSlide,DragonClaw,Protect|||M|||50|\n|showteam|p2|Pelipper||FocusSash|Drizzle|Tailwind,Hurricane,WeatherBall,Protect|||M|||50|]Archaludon||Leftovers|Stalwart|DracoMeteor,ElectroShot,FlashCannon,Protect|||F|||50|]Basculegion||MysticWater|SwiftSwim|AquaJet,Liquidation,FlipTurn,LastRespects|||M|||50|]Sneasler||WhiteHerb|Unburden|FakeOut,CloseCombat,DireClaw,Protect|||F|||50|]Dragonite||Dragoninite|Multiscale|DracoMeteor,Hurricane,IceBeam,Protect|||F|||50|]Appletun||DragonFang|ThickFat|AppleAcid,DragonPulse,LeechSeed,Protect|||M|||50|\n|j| altersquared III\n|c|\u2606Insano012|gl\n|c|\u2606chiumma|GL\n|j| JustIh5an\n|\n|t:|1775942497\n|teamsize|p1|4\n|teamsize|p2|4\n|start\n|switch|p1a: Aerodactyl|Aerodactyl, L50, M|100/100\n|switch|p1b: Maushold|Maushold-Four, L50, shiny|100/100\n|switch|p2a: Basculegion|Basculegion, L50, M|100/100\n|switch|p2b: Archaludon|Archaludon, L50, F|100/100\n|-ability|p1a: Aerodactyl|Unnerve\n|turn|1\n|j| NitroSlayer12\n|j| TrasEgo\n|j| Red Fang X\n|\n|t:|1775942522\n|switch|p2b: Pelipper|Pelipper, L50, M|100/100\n|-weather|RainDance|[from] ability: Drizzle|[of] p2b: Pelipper\n|move|p1a: Aerodactyl|Protect|p1a: Aerodactyl\n|-singleturn|p1a: Aerodactyl|Protect\n|move|p2a: Basculegion|Flip Turn|p1b: Maushold\n|-damage|p1b: Maushold|39/100\n|inactive|Battle timer is ON: inactive players will automatically lose when time's up. (requested by Insano012)\n|j| PPYYY\n|\n|t:|1775942534\n|switch|p2a: Archaludon|Archaludon, L50, F|100/100|[from] Flip Turn\n|move|p1b: Maushold|Super Fang|p2b: Pelipper\n|-damage|p2b: Pelipper|51/100\n|\n|-weather|RainDance|[upkeep]\n|upkeep\n|turn|2\n|j| TheRiftMaker\n|l| TrasEgo\n|j| TrasEgo\n|j| jovic\n|j|+chromate\n|l| TrasEgo\n|inactive|Insano012 has 30 seconds left.\n|\n|t:|1775942559\n|move|p1b: Maushold|Protect|p1b: Maushold\n|-singleturn|p1b: Maushold|Protect\n|move|p1a: Aerodactyl|Rock Slide|p2a: Archaludon|[spread] p2a,p2b\n|-resisted|p2a: Archaludon|1\n|-supereffective|p2b: Pelipper|1\n|-damage|p2a: Archaludon|91/100\n|-damage|p2b: Pelipper|3/100\n|move|p2a: Archaludon|Electro Shot||[still]\n|-prepare|p2a: Archaludon|Electro Shot\n|-boost|p2a: Archaludon|spa|1\n|-anim|p2a: Archaludon|Electro Shot|p1a: Aerodactyl\n|-supereffective|p1a: Aerodactyl|1\n|-enditem|p1a: Aerodactyl|Focus Sash\n|-damage|p1a: Aerodactyl|1/100\n|cant|p2b: Pelipper|flinch\n|\n|-weather|RainDance|[upkeep]\n|-heal|p2a: Archaludon|97/100|[from] item: Leftovers\n|upkeep\n|turn|3\n|j| TrasEgo\n|j| Yaoyao168\n|l| PPYYY\n|inactive|Insano012 has 30 seconds left.\n|inactive|Insano012 has 20 seconds left.\n|\n|t:|1775942599\n|move|p2a: Archaludon|Protect|p2a: Archaludon\n|-singleturn|p2a: Archaludon|Protect\n|move|p1a: Aerodactyl|Tailwind|p1a: Aerodactyl\n|-sidestart|p1: Insano012|move: Tailwind\n|move|p1b: Maushold|Super Fang|p2a: Archaludon\n|-activate|p2a: Archaludon|move: Protect\n|move|p2b: Pelipper|Hurricane|p1b: Maushold\n|-damage|p1b: Maushold|0 fnt\n|faint|p1b: Maushold\n|\n|-weather|RainDance|[upkeep]\n|-heal|p2a: Archaludon|100/100|[from] item: Leftovers\n|upkeep\n|\n|t:|1775942612\n|switch|p1b: Garchomp|Garchomp, L50, M|100/100\n|turn|4\n|l| Red Fang X\n|l| NitroSlayer12\n|inactive|Insano012 has 30 seconds left.\n|\n|t:|1775942640\n|move|p1b: Garchomp|Protect|p1b: Garchomp\n|-singleturn|p1b: Garchomp|Protect\n|move|p1a: Aerodactyl|Rock Slide|p2b: Pelipper|[spread] p2a,p2b\n|-resisted|p2a: Archaludon|1\n|-supereffective|p2b: Pelipper|1\n|-damage|p2a: Archaludon|91/100\n|-damage|p2b: Pelipper|0 fnt\n|faint|p2b: Pelipper\n|move|p2a: Archaludon|Draco Meteor|p1b: Garchomp\n|-activate|p1b: Garchomp|move: Protect\n|\n|-weather|RainDance|[upkeep]\n|-heal|p2a: Archaludon|97/100|[from] item: Leftovers\n|upkeep\n|\n|t:|1775942646\n|switch|p2b: Basculegion|Basculegion, L50, M|100/100\n|turn|5\n|\n|t:|1775942661\n|move|p1a: Aerodactyl|Rock Slide|p2a: Archaludon|[spread] p2a,p2b\n|-resisted|p2a: Archaludon|1\n|-damage|p2a: Archaludon|88/100\n|-damage|p2b: Basculegion|68/100\n|move|p1b: Garchomp|Earthquake|p2b: Basculegion|[spread] p2a,p2b\n|-immune|p1a: Aerodactyl\n|-supereffective|p2a: Archaludon|1\n|-damage|p2a: Archaludon|27/100\n|-damage|p2b: Basculegion|15/100\n|cant|p2b: Basculegion|flinch\n|move|p2a: Archaludon|Draco Meteor|p1b: Garchomp\n|-supereffective|p1b: Garchomp|1\n|-damage|p1b: Garchomp|0 fnt\n|-unboost|p2a: Archaludon|spa|2\n|faint|p1b: Garchomp\n|\n|-weather|none\n|-heal|p2a: Archaludon|33/100|[from] item: Leftovers\n|upkeep\n|j| anubisjr\n|\n|t:|1775942672\n|switch|p1b: Floette|Floette-Eternal, L50, F|100/100\n|turn|6\n|j| Red Fang X\n|l| Red Fang X\n|\n|t:|1775942689\n|detailschange|p1b: Floette|Floette-Mega, L50, F\n|-mega|p1b: Floette|Floette|Floettite\n|-ability|p1b: Floette|Fairy Aura\n|move|p2b: Basculegion|Aqua Jet|p1a: Aerodactyl\n|-supereffective|p1a: Aerodactyl|1\n|-damage|p1a: Aerodactyl|0 fnt\n|faint|p1a: Aerodactyl\n|move|p1b: Floette|Dazzling Gleam|p2b: Basculegion|[spread] p2a,p2b\n|-damage|p2a: Archaludon|0 fnt\n|-damage|p2b: Basculegion|0 fnt\n|faint|p2a: Archaludon\n|faint|p2b: Basculegion\n|\n|-sideend|p1: Insano012|move: Tailwind\n|upkeep\n|\n|t:|1775942699\n|switch|p2b: Dragonite|Dragonite, L50, F|100/100\n|turn|7\n|c|\u2606chiumma|Gg\n|\n|t:|1775942707\n|move|p1b: Floette|Moonblast|p2b: Dragonite\n|-supereffective|p2b: Dragonite|1\n|-damage|p2b: Dragonite|16/100\n|move|p2b: Dragonite|Hurricane|p1b: Floette\n|-damage|p1b: Floette|63/100\n|\n|upkeep\n|turn|8\n|\n|t:|1775942715\n|detailschange|p2b: Dragonite|Dragonite-Mega, L50, F\n|-mega|p2b: Dragonite|Dragonite|Dragoninite\n|move|p1b: Floette|Moonblast|p2b: Dragonite\n|-supereffective|p2b: Dragonite|1\n|-damage|p2b: Dragonite|0 fnt\n|faint|p2b: Dragonite\n|\n|win|Insano012\n|n|\u2606Insano012|insano012\n|n|\u2606chiumma|chiumma\n|n| altersquared III|altersquarediii\n|n| JustIh5an|justih5an\n|n| TheRiftMaker|theriftmaker\n|n| jovic|jovic\n|n| chromate|chromate\n|n| TrasEgo|trasego\n|n| Yaoyao168|yaoyao168\n|n| anubisjr|anubisjr\n",
  "uploadtime": 1775942715,
  "views": 12,
  "formatid": "gen9championsvgc2026regma",
  "rating": null,
  "private": 0,
  "password": null
}