{
  "id": "gen9championsvgc2026regma-2585614560",
  "format": "[Gen 9 Champions] VGC 2026 Reg M-A",
  "players": [
    "PalWorldMoney",
    "octyMD"
  ],
  "log": "|j|\u2606PalWorldMoney\n|j|\u2606octyMD\n|t:|1776358999\n|gametype|doubles\n|player|p1|PalWorldMoney|2|1069\n|player|p2|octyMD|169|1053\n|gen|9\n|tier|[Gen 9 Champions] VGC 2026 Reg M-A\n|rated|\n|rule|Species Clause: Limit one of each Pok\u00e9mon\n|rule|Item Clause: Limit 1 of each item\n|clearpoke\n|poke|p1|Farigiraf, L50, M|\n|poke|p1|Blastoise, L50, F|\n|poke|p1|Sinistcha, L50|\n|poke|p1|Incineroar, L50, F|\n|poke|p1|Steelix, L50, M|\n|poke|p1|Tyranitar, L50, F|\n|poke|p2|Sneasler, L50, M|\n|poke|p2|Kingambit, L50, F|\n|poke|p2|Clefable, L50, F|\n|poke|p2|Delphox, L50, F|\n|poke|p2|Dragonite, L50, M|\n|poke|p2|Basculegion, L50, M|\n|teampreview|4\n|\n|t:|1776359039\n|teamsize|p1|4\n|teamsize|p2|4\n|start\n|switch|p1a: Farigiraf|Farigiraf, L50, M|100/100\n|switch|p1b: Blastoise|Blastoise, L50, F|100/100\n|switch|p2a: Basculegion|Basculegion, L50, M|100/100\n|switch|p2b: Sneasler|Sneasler, L50, M|100/100\n|turn|1\n|\n|t:|1776359055\n|move|p1b: Blastoise|Fake Out|p2b: Sneasler\n|-damage|p2b: Sneasler|87/100\n|move|p2a: Basculegion|Wave Crash|p1a: Farigiraf\n|-damage|p1a: Farigiraf|40/100\n|-damage|p2a: Basculegion|77/100|[from] Recoil\n|cant|p2b: Sneasler|flinch\n|move|p1a: Farigiraf|Trick Room|p1a: Farigiraf\n|-fieldstart|move: Trick Room|[of] p1a: Farigiraf\n|\n|upkeep\n|turn|2\n|\n|t:|1776359071\n|detailschange|p1b: Blastoise|Blastoise-Mega, L50, F\n|-mega|p1b: Blastoise|Blastoise|Blastoisinite\n|move|p2b: Sneasler|Protect|p2b: Sneasler\n|-singleturn|p2b: Sneasler|Protect\n|move|p1a: Farigiraf|Rain Dance|p1a: Farigiraf\n|-weather|RainDance\n|move|p1b: Blastoise|Water Spout|p2b: Sneasler|[spread] p2a\n|-activate|p2b: Sneasler|move: Protect\n|-resisted|p2a: Basculegion|1\n|-damage|p2a: Basculegion|22/100\n|move|p2a: Basculegion|Wave Crash|p1a: Farigiraf\n|-damage|p1a: Farigiraf|0 fnt\n|faint|p1a: Farigiraf\n|-damage|p2a: Basculegion|8/100|[from] Recoil\n|\n|-weather|RainDance|[upkeep]\n|upkeep\n|\n|t:|1776359088\n|switch|p1a: Incineroar|Incineroar, L50, F|100/100\n|-ability|p1a: Incineroar|Intimidate|boost\n|-unboost|p2a: Basculegion|atk|1\n|-unboost|p2b: Sneasler|atk|1\n|turn|3\n|inactive|Battle timer is ON: inactive players will automatically lose when time's up. (requested by PalWorldMoney)\n|inactive|octyMD has 60 seconds left.\n|inactive|octyMD has 30 seconds left.\n|inactive|octyMD has 20 seconds left.\n|inactive|octyMD has 15 seconds left.\n|inactive|octyMD has 10 seconds left.\n|inactive|octyMD has 5 seconds left.\n|\n|t:|1776359265\n|move|p1a: Incineroar|Fake Out|p2b: Sneasler\n|-crit|p2b: Sneasler\n|-damage|p2b: Sneasler|57/100\n|move|p1b: Blastoise|Water Spout|p2a: Basculegion|[spread] p2a,p2b\n|-resisted|p2a: Basculegion|1\n|-damage|p2a: Basculegion|0 fnt\n|-damage|p2b: Sneasler|0 fnt\n|faint|p2a: Basculegion\n|faint|p2b: Sneasler\n|\n|-weather|RainDance|[upkeep]\n|upkeep\n|inactive|octyMD has 30 seconds left.\n|inactive|octyMD has 20 seconds left.\n|inactive|octyMD has 15 seconds left.\n|inactive|octyMD has 10 seconds left.\n|inactive|octyMD has 5 seconds left.\n|\n|t:|1776359320\n|switch|p2a: Dragonite|Dragonite, L50, M|100/100\n|switch|p2b: Kingambit|Kingambit, L50, F|100/100\n|turn|4\n|inactive|octyMD has 30 seconds left.\n|inactive|PalWorldMoney has 30 seconds left.\n|inactive|octyMD has 20 seconds left.\n|inactive|PalWorldMoney has 20 seconds left.\n|inactive|octyMD has 15 seconds left.\n|inactive|octyMD has 10 seconds left.\n|inactive|octyMD has 5 seconds left.\n|\n|t:|1776359376\n|move|p1b: Blastoise|Protect|p1b: Blastoise\n|-singleturn|p1b: Blastoise|Protect\n|move|p2b: Kingambit|Swords Dance|p2b: Kingambit\n|-boost|p2b: Kingambit|atk|2\n|move|p1a: Incineroar|Parting Shot|p2a: Dragonite\n|-unboost|p2a: Dragonite|atk|1\n|-unboost|p2a: Dragonite|spa|1\n|\n|t:|1776359384\n|switch|p1a: Sinistcha|Sinistcha, L50|100/100|[from] Parting Shot\n|move|p2a: Dragonite|Scale Shot|p1b: Blastoise\n|-activate|p1b: Blastoise|move: Protect\n|\n|-weather|RainDance|[upkeep]\n|upkeep\n|turn|5\n|inactive|octyMD has 30 seconds left.\n|inactive|octyMD has 20 seconds left.\n|inactive|octyMD has 15 seconds left.\n|inactive|octyMD has 10 seconds left.\n|inactive|octyMD has 5 seconds left.\n|\n|t:|1776359439\n|move|p1a: Sinistcha|Rage Powder|p1a: Sinistcha\n|-singleturn|p1a: Sinistcha|move: Rage Powder\n|move|p2b: Kingambit|Swords Dance|p2b: Kingambit\n|-boost|p2b: Kingambit|atk|2\n|move|p1b: Blastoise|Water Spout|p2a: Dragonite|[spread] p2a,p2b\n|-resisted|p2a: Dragonite|1\n|-damage|p2a: Dragonite|77/100\n|-damage|p2b: Kingambit|6/100\n|move|p2a: Dragonite|Scale Shot|p1a: Sinistcha\n|-damage|p1a: Sinistcha|92/100\n|-damage|p1a: Sinistcha|81/100\n|-hitcount|p1a: Sinistcha|2\n|-unboost|p2a: Dragonite|def|1\n|-boost|p2a: Dragonite|spe|1\n|\n|-weather|RainDance|[upkeep]\n|-heal|p1a: Sinistcha|88/100|[from] item: Leftovers\n|-fieldend|move: Trick Room\n|upkeep\n|turn|6\n|inactive|octyMD has 30 seconds left.\n|inactive|octyMD has 20 seconds left.\n|inactive|octyMD has 15 seconds left.\n|inactive|octyMD has 10 seconds left.\n|inactive|octyMD has 5 seconds left.\n|\n|t:|1776359495\n|move|p1a: Sinistcha|Rage Powder|p1a: Sinistcha\n|-singleturn|p1a: Sinistcha|move: Rage Powder\n|move|p2a: Dragonite|Scale Shot|p1a: Sinistcha\n|-damage|p1a: Sinistcha|79/100\n|-damage|p1a: Sinistcha|70/100\n|-damage|p1a: Sinistcha|59/100\n|-hitcount|p1a: Sinistcha|3\n|-unboost|p2a: Dragonite|def|1\n|-boost|p2a: Dragonite|spe|1\n|move|p1b: Blastoise|Water Spout|p2a: Dragonite|[spread] p2a,p2b\n|-resisted|p2a: Dragonite|1\n|-damage|p2a: Dragonite|35/100\n|-damage|p2b: Kingambit|0 fnt\n|faint|p2b: Kingambit\n|\n|-weather|none\n|-heal|p1a: Sinistcha|66/100|[from] item: Leftovers\n|upkeep\n|turn|7\n|inactive|PalWorldMoney has 30 seconds left.\n|inactive|octyMD has 30 seconds left.\n|inactive|PalWorldMoney has 20 seconds left.\n|inactive|octyMD has 20 seconds left.\n|inactive|PalWorldMoney has 15 seconds left.\n|inactive|octyMD has 15 seconds left.\n|inactive|octyMD has 10 seconds left.\n|inactive|octyMD has 5 seconds left.\n|\n|t:|1776359551\n|move|p1a: Sinistcha|Rage Powder|p1a: Sinistcha\n|-singleturn|p1a: Sinistcha|move: Rage Powder\n|move|p2a: Dragonite|Scale Shot|p1a: Sinistcha\n|-damage|p1a: Sinistcha|56/100\n|-damage|p1a: Sinistcha|47/100\n|-damage|p1a: Sinistcha|36/100\n|-hitcount|p1a: Sinistcha|3\n|-unboost|p2a: Dragonite|def|1\n|-boost|p2a: Dragonite|spe|1\n|move|p1b: Blastoise|Water Spout|p2a: Dragonite\n|-resisted|p2a: Dragonite|1\n|-damage|p2a: Dragonite|0 fnt\n|faint|p2a: Dragonite\n|\n|win|PalWorldMoney\n|raw|PalWorldMoney's rating: 1069 &rarr; <strong>1097</strong><br />(+28 for winning)\n|raw|octyMD's rating: 1053 &rarr; <strong>1036</strong><br />(-17 for losing)\n",
  "uploadtime": 1776359597,
  "views": 21,
  "formatid": "gen9championsvgc2026regma",
  "rating": 1036,
  "private": 0,
  "password": null
}