{
  "id": "gen9championsvgc2026regma-2586977294",
  "format": "[Gen 9 Champions] VGC 2026 Reg M-A",
  "players": [
    "iqsolid",
    "bio2.0"
  ],
  "log": "|j|\u2606iqsolid\n|j|\u2606bio2.0\n|t:|1776477546\n|gametype|doubles\n|player|p1|iqsolid|steven|1322\n|player|p2|bio2.0|170|1286\n|gen|9\n|tier|[Gen 9 Champions] VGC 2026 Reg M-A\n|rated|\n|rule|Species Clause: Limit one of each Pok\u00e9mon\n|rule|Item Clause: Limit 1 of each item\n|clearpoke\n|poke|p1|Maushold, L50|\n|poke|p1|Rotom-Wash, L50|\n|poke|p1|Incineroar, L50, M|\n|poke|p1|Whimsicott, L50, F|\n|poke|p1|Gengar, L50, F|\n|poke|p1|Goodra-Hisui, L50, F|\n|poke|p2|Greninja-*, L50, M|\n|poke|p2|Talonflame, L50, M|\n|poke|p2|Pelipper, L50, F|\n|poke|p2|Kingambit, L50, M|\n|poke|p2|Tauros-Paldea-Aqua, L50, M|\n|poke|p2|Archaludon, L50, F|\n|teampreview|4\n|\n|t:|1776477587\n|teamsize|p1|4\n|teamsize|p2|4\n|start\n|switch|p1a: Goodra|Goodra-Hisui, L50, F|100/100\n|switch|p1b: Maushold|Maushold, L50|100/100\n|switch|p2a: Talonflame|Talonflame, L50, M|100/100\n|switch|p2b: Kingambit|Kingambit, L50, M|100/100\n|turn|1\n|\n|t:|1776477612\n|move|p2a: Talonflame|Brave Bird|p1b: Maushold\n|-damage|p1b: Maushold|36/100\n|-damage|p2a: Talonflame|75/100|[from] Recoil\n|move|p1b: Maushold|Super Fang|p2b: Kingambit\n|-damage|p2b: Kingambit|51/100\n|move|p1a: Goodra|Body Press|p2b: Kingambit\n|-supereffective|p2b: Kingambit|2\n|-enditem|p2b: Kingambit|Chople Berry|[eat]\n|-enditem|p2b: Kingambit|Chople Berry|[weaken]\n|-damage|p2b: Kingambit|19/100\n|move|p2b: Kingambit|Kowtow Cleave|p1a: Goodra\n|-damage|p1a: Goodra|74/100\n|-ability|p1a: Goodra|Gooey\n|-unboost|p2b: Kingambit|spe|1\n|-ability|p2b: Kingambit|Defiant|boost\n|-boost|p2b: Kingambit|atk|2\n|\n|-heal|p1a: Goodra|80/100|[from] item: Leftovers\n|upkeep\n|turn|2\n|inactive|Battle timer is ON: inactive players will automatically lose when time's up. (requested by bio2.0)\n|\n|t:|1776477638\n|move|p1b: Maushold|Protect|p1b: Maushold\n|-singleturn|p1b: Maushold|Protect\n|move|p2b: Kingambit|Sucker Punch||[still]\n|-fail|p2b: Kingambit\n|move|p2a: Talonflame|Brave Bird|p1b: Maushold\n|-activate|p1b: Maushold|move: Protect\n|move|p1a: Goodra|Shelter|p1a: Goodra\n|-boost|p1a: Goodra|def|2\n|\n|-heal|p1a: Goodra|86/100|[from] item: Leftovers\n|upkeep\n|turn|3\n|\n|t:|1776477658\n|switch|p1b: Rotom|Rotom-Wash, L50|100/100\n|move|p2b: Kingambit|Protect|p2b: Kingambit\n|-singleturn|p2b: Kingambit|Protect\n|move|p2a: Talonflame|Brave Bird|p1b: Rotom\n|-resisted|p1b: Rotom|1\n|-damage|p1b: Rotom|74/100\n|-damage|p2a: Talonflame|67/100|[from] Recoil\n|move|p1a: Goodra|Body Press|p2b: Kingambit\n|-activate|p2b: Kingambit|move: Protect\n|\n|-heal|p1a: Goodra|92/100|[from] item: Leftovers\n|upkeep\n|turn|4\n|inactive|iqsolid has 30 seconds left.\n|inactive|iqsolid has 20 seconds left.\n|\n|t:|1776477693\n|move|p2b: Kingambit|Sucker Punch|p1b: Rotom\n|-damage|p1b: Rotom|0 fnt\n|faint|p1b: Rotom\n|move|p2a: Talonflame|Rain Dance|p2a: Talonflame\n|-weather|RainDance\n|move|p1a: Goodra|Body Press|p2b: Kingambit\n|-supereffective|p2b: Kingambit|2\n|-damage|p2b: Kingambit|0 fnt\n|faint|p2b: Kingambit\n|\n|-weather|RainDance|[upkeep]\n|-heal|p1a: Goodra|98/100|[from] item: Leftovers\n|upkeep\n|\n|t:|1776477707\n|switch|p1b: Gengar|Gengar, L50, F|100/100\n|switch|p2b: Archaludon|Archaludon, L50, F|100/100\n|turn|5\n|\n|t:|1776477730\n|detailschange|p1b: Gengar|Gengar-Mega, L50, F\n|-mega|p1b: Gengar|Gengar|Gengarite\n|move|p2a: Talonflame|Tailwind|p2a: Talonflame\n|-sidestart|p2: bio2.0|move: Tailwind\n|move|p2b: Archaludon|Electro Shot||[still]\n|-prepare|p2b: Archaludon|Electro Shot\n|-boost|p2b: Archaludon|spa|1\n|-anim|p2b: Archaludon|Electro Shot|p1a: Goodra\n|-resisted|p1a: Goodra|1\n|-crit|p1a: Goodra\n|-damage|p1a: Goodra|67/100\n|move|p1b: Gengar|Sludge Bomb|p2a: Talonflame\n|-damage|p2a: Talonflame|0 fnt\n|faint|p2a: Talonflame\n|move|p1a: Goodra|Body Press|p2b: Archaludon\n|-supereffective|p2b: Archaludon|1\n|-damage|p2b: Archaludon|25/100\n|\n|-weather|RainDance|[upkeep]\n|-heal|p1a: Goodra|73/100|[from] item: Leftovers\n|upkeep\n|\n|t:|1776477738\n|switch|p2a: Greninja|Greninja, L50, M|100/100\n|turn|6\n|\n|t:|1776477760\n|detailschange|p2a: Greninja|Greninja-Mega, L50, M\n|-mega|p2a: Greninja|Greninja|Greninjite\n|move|p1b: Gengar|Protect|p1b: Gengar\n|-singleturn|p1b: Gengar|Protect\n|move|p2a: Greninja|Hydro Pump|p1b: Gengar\n|-start|p2a: Greninja|typechange|Water|[from] ability: Protean\n|-activate|p1b: Gengar|move: Protect\n|move|p2b: Archaludon|Draco Meteor|p1a: Goodra\n|-damage|p1a: Goodra|2/100\n|-unboost|p2b: Archaludon|spa|2\n|-enditem|p2b: Archaludon|White Herb\n|-clearnegativeboost|p2b: Archaludon|[silent]\n|move|p1a: Goodra|Body Press|p2a: Greninja\n|-damage|p2a: Greninja|32/100\n|\n|-weather|RainDance|[upkeep]\n|-heal|p1a: Goodra|8/100|[from] item: Leftovers\n|upkeep\n|turn|7\n|inactive|iqsolid has 30 seconds left.\n|\n|t:|1776477789\n|switch|p1a: Maushold|Maushold, L50|36/100\n|move|p2a: Greninja|Hydro Pump|p1b: Gengar\n|-damage|p1b: Gengar|26/100\n|move|p2b: Archaludon|Electro Shot||[still]\n|-prepare|p2b: Archaludon|Electro Shot\n|-boost|p2b: Archaludon|spa|1\n|-anim|p2b: Archaludon|Electro Shot|p1a: Maushold\n|-crit|p1a: Maushold\n|-damage|p1a: Maushold|0 fnt\n|faint|p1a: Maushold\n|move|p1b: Gengar|Sludge Bomb|p2a: Greninja\n|-damage|p2a: Greninja|0 fnt\n|faint|p2a: Greninja\n|\n|-weather|RainDance|[upkeep]\n|upkeep\n|\n|t:|1776477802\n|switch|p1a: Goodra|Goodra-Hisui, L50, F|8/100\n|turn|8\n|\n|t:|1776477811\n|move|p1b: Gengar|Protect|p1b: Gengar\n|-singleturn|p1b: Gengar|Protect\n|move|p1a: Goodra|Protect|p1a: Goodra\n|-singleturn|p1a: Goodra|Protect\n|move|p2b: Archaludon|Electro Shot||[still]\n|-prepare|p2b: Archaludon|Electro Shot\n|-boost|p2b: Archaludon|spa|1\n|-anim|p2b: Archaludon|Electro Shot|p1b: Gengar\n|-activate|p1b: Gengar|move: Protect\n|\n|-weather|none\n|-heal|p1a: Goodra|14/100|[from] item: Leftovers\n|-sideend|p2: bio2.0|move: Tailwind\n|upkeep\n|turn|9\n|\n|t:|1776477817\n|move|p1b: Gengar|Shadow Ball|p2b: Archaludon\n|-damage|p2b: Archaludon|0 fnt\n|faint|p2b: Archaludon\n|\n|win|iqsolid\n|raw|iqsolid's rating: 1322 &rarr; <strong>1340</strong><br />(+18 for winning)\n|raw|bio2.0's rating: 1286 &rarr; <strong>1264</strong><br />(-22 for losing)\n",
  "uploadtime": 1776477821,
  "views": 26,
  "formatid": "gen9championsvgc2026regma",
  "rating": 1264,
  "private": 0,
  "password": null
}