{
  "id": "gen9championsvgc2026regma-2586944521",
  "format": "[Gen 9 Champions] VGC 2026 Reg M-A",
  "players": [
    "mattheusfinco",
    "superkiro"
  ],
  "log": "|j|\u2606mattheusfinco\n|j|\u2606superkiro\n|t:|1776474259\n|gametype|doubles\n|player|p1|mattheusfinco|gentleman-gen4|1050\n|player|p2|superkiro|266|1000\n|gen|9\n|tier|[Gen 9 Champions] VGC 2026 Reg M-A\n|rated|\n|rule|Species Clause: Limit one of each Pok\u00e9mon\n|rule|Item Clause: Limit 1 of each item\n|clearpoke\n|poke|p1|Clawitzer, L50, M|\n|poke|p1|Politoed, L50, M|\n|poke|p1|Farigiraf, L50, F|\n|poke|p1|Sneasler, L50, M|\n|poke|p1|Charizard, L50, M|\n|poke|p1|Corviknight, L50, F|\n|poke|p2|Alakazam, L50, M|\n|poke|p2|Slowbro, L50, M|\n|poke|p2|Sinistcha, L50|\n|poke|p2|Garchomp, L50, M|\n|poke|p2|Rotom-Wash, L50|\n|poke|p2|Armarouge, L50, M|\n|teampreview|4\n|\n|t:|1776474311\n|teamsize|p1|4\n|teamsize|p2|4\n|start\n|switch|p1a: Farigiraf|Farigiraf, L50, F|100/100\n|switch|p1b: Sneasler|Sneasler, L50, M|100/100\n|switch|p2a: Slowbro|Slowbro, L50, M|100/100\n|switch|p2b: Sinistcha|Sinistcha, L50|100/100\n|turn|1\n|\n|t:|1776474338\n|move|p1b: Sneasler|Fake Out|p2b: Sinistcha\n|-immune|p2b: Sinistcha\n|move|p2b: Sinistcha|Rage Powder|p2b: Sinistcha\n|-singleturn|p2b: Sinistcha|move: Rage Powder\n|move|p1a: Farigiraf|Calm Mind|p1a: Farigiraf\n|-boost|p1a: Farigiraf|spa|1\n|-boost|p1a: Farigiraf|spd|1\n|move|p2a: Slowbro|Psychic Terrain|p2a: Slowbro\n|-fieldstart|move: Psychic Terrain\n|\n|upkeep\n|turn|2\n|\n|t:|1776474393\n|move|p2b: Sinistcha|Protect|p2b: Sinistcha\n|-singleturn|p2b: Sinistcha|Protect\n|move|p1b: Sneasler|Dire Claw|p2a: Slowbro\n|-damage|p2a: Slowbro|71/100\n|-status|p2a: Slowbro|slp\n|move|p1a: Farigiraf|Psychic|p2b: Sinistcha\n|-activate|p2b: Sinistcha|move: Protect\n|cant|p2a: Slowbro|slp\n|\n|-heal|p2a: Slowbro|77/100 slp|[from] item: Leftovers\n|upkeep\n|turn|3\n|\n|t:|1776474416\n|switch|p2b: Garchomp|Garchomp, L50, M|100/100\n|move|p1b: Sneasler|Taunt|p2b: Garchomp\n|-start|p2b: Garchomp|move: Taunt\n|move|p1a: Farigiraf|Calm Mind|p1a: Farigiraf\n|-boost|p1a: Farigiraf|spa|1\n|-boost|p1a: Farigiraf|spd|1\n|-curestatus|p2a: Slowbro|slp|[msg]\n|move|p2a: Slowbro|Light Screen|p2a: Slowbro\n|-sidestart|p2: superkiro|move: Light Screen\n|\n|-heal|p2a: Slowbro|83/100|[from] item: Leftovers\n|upkeep\n|turn|4\n|\n|t:|1776474446\n|move|p1b: Sneasler|Close Combat|p2b: Garchomp\n|-damage|p2b: Garchomp|30/100\n|-unboost|p1b: Sneasler|def|1\n|-unboost|p1b: Sneasler|spd|1\n|-damage|p1b: Sneasler|88/100|[from] ability: Rough Skin|[of] p2b: Garchomp\n|move|p2b: Garchomp|Dragon Claw|p1a: Farigiraf\n|-damage|p1a: Farigiraf|67/100\n|move|p2a: Slowbro|Psychic|p1b: Sneasler\n|-supereffective|p1b: Sneasler|2\n|-damage|p1b: Sneasler|0 fnt\n|faint|p1b: Sneasler\n|move|p1a: Farigiraf|Trick Room|p1a: Farigiraf\n|-fieldstart|move: Trick Room|[of] p1a: Farigiraf\n|\n|-heal|p2a: Slowbro|89/100|[from] item: Leftovers\n|upkeep\n|\n|t:|1776474464\n|switch|p1b: Politoed|Politoed, L50, M|100/100\n|-weather|RainDance|[from] ability: Drizzle|[of] p1b: Politoed\n|turn|5\n|\n|t:|1776474490\n|switch|p2b: Sinistcha|Sinistcha, L50|100/100\n|-heal|p2a: Slowbro|100/100|[from] ability: Hospitality|[of] p2b: Sinistcha\n|move|p2a: Slowbro|Psychic|p1b: Politoed\n|-damage|p1b: Politoed|59/100\n|move|p1a: Farigiraf|Baton Pass|p1a: Farigiraf\n|\n|t:|1776474498\n|switch|p1a: Clawitzer|Clawitzer, L50, M|100/100|[from] Baton Pass\n|move|p1b: Politoed|Weather Ball|p2b: Sinistcha\n|-resisted|p2b: Sinistcha|1\n|-damage|p2b: Sinistcha|81/100\n|\n|-weather|RainDance|[upkeep]\n|-fieldend|move: Psychic Terrain\n|upkeep\n|turn|6\n|\n|t:|1776474518\n|move|p1b: Politoed|Helping Hand|p1a: Clawitzer\n|-singleturn|p1a: Clawitzer|Helping Hand|[of] p1b: Politoed\n|move|p2a: Slowbro|Psychic Terrain|p2a: Slowbro\n|-fieldstart|move: Psychic Terrain\n|move|p1a: Clawitzer|Dragon Pulse|p2b: Sinistcha\n|-damage|p2b: Sinistcha|0 fnt\n|faint|p2b: Sinistcha\n|\n|-weather|RainDance|[upkeep]\n|upkeep\n|\n|t:|1776474530\n|switch|p2b: Garchomp|Garchomp, L50, M|30/100\n|turn|7\n|\n|t:|1776474549\n|move|p2b: Garchomp|Protect|p2b: Garchomp\n|-singleturn|p2b: Garchomp|Protect\n|move|p2a: Slowbro|Psychic|p1b: Politoed\n|-damage|p1b: Politoed|22/100\n|move|p1a: Clawitzer|Dragon Pulse|p2b: Garchomp\n|-activate|p2b: Garchomp|move: Protect\n|move|p1b: Politoed|Encore|p2a: Slowbro\n|-start|p2a: Slowbro|Encore\n|\n|-weather|RainDance|[upkeep]\n|-sideend|p2: superkiro|move: Light Screen\n|upkeep\n|turn|8\n|\n|t:|1776474572\n|move|p1b: Politoed|Protect|p1b: Politoed\n|-singleturn|p1b: Politoed|Protect\n|move|p2a: Slowbro|Psychic|p1b: Politoed\n|-activate|p1b: Politoed|move: Protect\n|move|p1a: Clawitzer|Dragon Pulse|p2b: Garchomp\n|-supereffective|p2b: Garchomp|1\n|-damage|p2b: Garchomp|0 fnt\n|faint|p2b: Garchomp\n|\n|-weather|RainDance|[upkeep]\n|-fieldend|move: Trick Room\n|upkeep\n|\n|t:|1776474584\n|switch|p2b: Alakazam|Alakazam, L50, M|100/100\n|turn|9\n|\n|t:|1776474622\n|switch|p1b: Farigiraf|Farigiraf, L50, F|67/100\n|detailschange|p2b: Alakazam|Alakazam-Mega, L50, M\n|-mega|p2b: Alakazam|Alakazam|Alakazite\n|-ability|p2b: Alakazam|Mega Launcher|Trace|[from] ability: Trace|[of] p1a: Clawitzer\n|move|p2b: Alakazam|Shadow Ball|p1b: Farigiraf\n|-immune|p1b: Farigiraf\n|move|p1a: Clawitzer|Water Pulse|p2b: Alakazam\n|-damage|p2b: Alakazam|0 fnt\n|faint|p2b: Alakazam\n|move|p2a: Slowbro|Psychic|p1a: Clawitzer\n|-damage|p1a: Clawitzer|78/100\n|\n|-weather|none\n|upkeep\n|turn|10\n|\n|t:|1776474649\n|move|p1b: Farigiraf|Psychic|p2a: Slowbro\n|-resisted|p2a: Slowbro|1\n|-crit|p2a: Slowbro\n|-damage|p2a: Slowbro|56/100\n|move|p1a: Clawitzer|Dragon Pulse|p2a: Slowbro\n|-damage|p2a: Slowbro|0 fnt\n|faint|p2a: Slowbro\n|\n|win|mattheusfinco\n|raw|mattheusfinco's rating: 1050 &rarr; <strong>1078</strong><br />(+28 for winning)\n|raw|superkiro's rating: 1000 &rarr; <strong>1000</strong><br />(+0 for losing)\n",
  "uploadtime": 1776474659,
  "views": 28,
  "formatid": "gen9championsvgc2026regma",
  "rating": 1000,
  "private": 0,
  "password": null
}