{
  "id": "gen9championsvgc2026regma-2583410408",
  "format": "[Gen 9 Champions] VGC 2026 Reg M-A",
  "players": [
    "rytjbjtes",
    "Steem07"
  ],
  "log": "|j|\u2606rytjbjtes\n|j|\u2606Steem07\n|t:|1776173797\n|gametype|doubles\n|player|p1|rytjbjtes|gentleman-gen4dp|1078\n|player|p2|Steem07|169|1070\n|gen|9\n|tier|[Gen 9 Champions] VGC 2026 Reg M-A\n|rated|\n|rule|Species Clause: Limit one of each Pok\u00e9mon\n|rule|Item Clause: Limit 1 of each item\n|clearpoke\n|poke|p1|Gengar, L50, M|\n|poke|p1|Incineroar, L50, M|\n|poke|p1|Clefable, L50, M|\n|poke|p1|Sinistcha, L50|\n|poke|p1|Meowscarada, L50, M|\n|poke|p1|Talonflame, L50, M|\n|poke|p2|Aerodactyl, L50, M|\n|poke|p2|Goodra-Hisui, L50, F|\n|poke|p2|Venusaur, L50, M|\n|poke|p2|Torkoal, L50, F|\n|poke|p2|Klefki, L50, F|\n|poke|p2|Slowbro, L50, F|\n|teampreview|4\n|\n|t:|1776173816\n|teamsize|p1|4\n|teamsize|p2|4\n|start\n|switch|p1a: Talonflame|Talonflame, L50, M|100/100\n|switch|p1b: Gengar|Gengar, L50, M|100/100\n|switch|p2a: Slowbro|Slowbro, L50, F|100/100\n|switch|p2b: Klefki|Klefki, L50, F|100/100\n|turn|1\n|\n|t:|1776173827\n|detailschange|p1b: Gengar|Gengar-Mega, L50, M\n|-mega|p1b: Gengar|Gengar|Gengarite\n|move|p1b: Gengar|Perish Song|p1b: Gengar\n|-start|p1a: Talonflame|perish3|[silent]\n|-start|p1b: Gengar|perish3|[silent]\n|-start|p2a: Slowbro|perish3|[silent]\n|-start|p2b: Klefki|perish3|[silent]\n|-fieldactivate|move: Perish Song\n|move|p1a: Talonflame|Taunt|p2b: Klefki\n|-start|p2b: Klefki|move: Taunt\n|-enditem|p2b: Klefki|Mental Herb\n|-end|p2b: Klefki|move: Taunt\n|move|p2a: Slowbro|Calm Mind|p2a: Slowbro\n|-boost|p2a: Slowbro|spa|1\n|-boost|p2a: Slowbro|spd|1\n|move|p2b: Klefki|Trick Room|p2b: Klefki\n|-fieldstart|move: Trick Room|[of] p2b: Klefki\n|\n|-start|p2a: Slowbro|perish3\n|-start|p2b: Klefki|perish3\n|-start|p1a: Talonflame|perish3\n|-start|p1b: Gengar|perish3\n|upkeep\n|turn|2\n|\n|t:|1776173854\n|switch|p1a: Sinistcha|Sinistcha, L50|100/100\n|move|p1b: Gengar|Protect|p1b: Gengar\n|-singleturn|p1b: Gengar|Protect\n|move|p2b: Klefki|Reflect|p2b: Klefki\n|-sidestart|p2: Steem07|Reflect\n|move|p2a: Slowbro|Scald|p1a: Sinistcha\n|-resisted|p1a: Sinistcha|1\n|-damage|p1a: Sinistcha|74/100\n|-status|p1a: Sinistcha|brn\n|\n|-damage|p1a: Sinistcha|67/100 brn|[from] brn\n|-start|p2a: Slowbro|perish2\n|-start|p2b: Klefki|perish2\n|-start|p1b: Gengar|perish2\n|upkeep\n|turn|3\n|\n|t:|1776173871\n|move|p1a: Sinistcha|Rage Powder|p1a: Sinistcha\n|-singleturn|p1a: Sinistcha|move: Rage Powder\n|move|p2a: Slowbro|Scald|p1a: Sinistcha\n|-resisted|p1a: Sinistcha|1\n|-damage|p1a: Sinistcha|39/100 brn\n|move|p2b: Klefki|Dazzling Gleam|p1b: Gengar|[spread] p1a,p1b\n|-resisted|p1b: Gengar|1\n|-damage|p1a: Sinistcha|15/100 brn\n|-damage|p1b: Gengar|86/100\n|move|p1b: Gengar|Shadow Ball|p2b: Klefki\n|-damage|p2b: Klefki|44/100\n|-unboost|p2b: Klefki|spd|1\n|\n|-damage|p1a: Sinistcha|8/100 brn|[from] brn\n|-start|p2a: Slowbro|perish1\n|-start|p2b: Klefki|perish1\n|-start|p1b: Gengar|perish1\n|upkeep\n|turn|4\n|\n|t:|1776173909\n|switch|p1b: Talonflame|Talonflame, L50, M|100/100\n|move|p2a: Slowbro|Scald|p1a: Sinistcha\n|-resisted|p1a: Sinistcha|1\n|-damage|p1a: Sinistcha|0 fnt\n|faint|p1a: Sinistcha\n|move|p2b: Klefki|Dazzling Gleam|p1b: Talonflame\n|-resisted|p1b: Talonflame|1\n|-damage|p1b: Talonflame|76/100\n|\n|-start|p2a: Slowbro|perish0\n|-start|p2b: Klefki|perish0\n|faint|p2a: Slowbro\n|faint|p2b: Klefki\n|upkeep\n|\n|t:|1776173919\n|switch|p2a: Venusaur|Venusaur, L50, M|100/100\n|switch|p2b: Goodra|Goodra-Hisui, L50, F|100/100\n|switch|p1a: Gengar|Gengar-Mega, L50, M|86/100\n|turn|5\n|\n|t:|1776173930\n|move|p2b: Goodra|Iron Head|p1a: Gengar\n|-damage|p1a: Gengar|38/100\n|move|p2a: Venusaur|Bullet Seed|p2b: Goodra\n|-ability|p2b: Goodra|Sap Sipper|boost\n|-boost|p2b: Goodra|atk|1\n|move|p1b: Talonflame|Will-O-Wisp|p2b: Goodra\n|-status|p2b: Goodra|brn\n|move|p1a: Gengar|Perish Song|p1a: Gengar\n|-start|p1a: Gengar|perish3|[silent]\n|-start|p1b: Talonflame|perish3|[silent]\n|-start|p2a: Venusaur|perish3|[silent]\n|-start|p2b: Goodra|perish3|[silent]\n|-fieldactivate|move: Perish Song\n|\n|-damage|p2b: Goodra|94/100 brn|[from] brn\n|-start|p2b: Goodra|perish3\n|-start|p2a: Venusaur|perish3\n|-start|p1b: Talonflame|perish3\n|-start|p1a: Gengar|perish3\n|-fieldend|move: Trick Room\n|upkeep\n|turn|6\n|\n|t:|1776173949\n|switch|p1b: Incineroar|Incineroar, L50, M|100/100\n|-ability|p1b: Incineroar|Intimidate|boost\n|-unboost|p2a: Venusaur|atk|1\n|-unboost|p2b: Goodra|atk|1\n|move|p1a: Gengar|Protect|p1a: Gengar\n|-singleturn|p1a: Gengar|Protect\n|move|p2a: Venusaur|Bullet Seed|p2b: Goodra\n|-ability|p2b: Goodra|Sap Sipper|boost\n|-boost|p2b: Goodra|atk|1\n|move|p2b: Goodra|Breaking Swipe|p1a: Gengar|[spread] p1b\n|-activate|p1a: Gengar|move: Protect\n|-damage|p1b: Incineroar|87/100\n|-unboost|p1b: Incineroar|atk|1\n|\n|-heal|p2b: Goodra|100/100 brn|[from] item: Leftovers\n|-damage|p2b: Goodra|94/100 brn|[from] brn\n|-start|p1a: Gengar|perish2\n|-start|p2a: Venusaur|perish2\n|-start|p2b: Goodra|perish2\n|-sideend|p2: Steem07|Reflect\n|upkeep\n|turn|7\n|\n|t:|1776173968\n|switch|p1a: Talonflame|Talonflame, L50, M|76/100\n|move|p1b: Incineroar|Fake Out|p2a: Venusaur\n|-damage|p2a: Venusaur|94/100\n|cant|p2a: Venusaur|flinch\n|move|p2b: Goodra|Breaking Swipe|p1a: Talonflame|[spread] p1a,p1b\n|-damage|p1a: Talonflame|54/100\n|-damage|p1b: Incineroar|74/100\n|-unboost|p1a: Talonflame|atk|1\n|-unboost|p1b: Incineroar|atk|1\n|\n|-heal|p2b: Goodra|100/100 brn|[from] item: Leftovers\n|-damage|p2b: Goodra|94/100 brn|[from] brn\n|-start|p2a: Venusaur|perish1\n|-start|p2b: Goodra|perish1\n|upkeep\n|turn|8\n|\n|t:|1776173998\n|move|p1a: Talonflame|Dual Wingbeat|p2a: Venusaur\n|-supereffective|p2a: Venusaur|1\n|-damage|p2a: Venusaur|67/100\n|-supereffective|p2a: Venusaur|1\n|-damage|p2a: Venusaur|39/100\n|-hitcount|p2a: Venusaur|2\n|move|p2a: Venusaur|Sludge Bomb|p1b: Incineroar\n|-damage|p1b: Incineroar|50/100\n|move|p2b: Goodra|Breaking Swipe|p1a: Talonflame|[spread] p1a,p1b\n|-damage|p1a: Talonflame|34/100\n|-damage|p1b: Incineroar|37/100\n|-unboost|p1a: Talonflame|atk|1\n|-unboost|p1b: Incineroar|atk|1\n|move|p1b: Incineroar|Parting Shot|p2b: Goodra\n|-unboost|p2b: Goodra|atk|1\n|-unboost|p2b: Goodra|spa|1\n|inactive|Battle timer is ON: inactive players will automatically lose when time's up. (requested by rytjbjtes)\n|\n|t:|1776174006\n|switch|p1b: Gengar|Gengar-Mega, L50, M|38/100|[from] Parting Shot\n|\n|-heal|p2b: Goodra|100/100 brn|[from] item: Leftovers\n|-damage|p2b: Goodra|94/100 brn|[from] brn\n|-start|p2a: Venusaur|perish0\n|-start|p2b: Goodra|perish0\n|upkeep\n|faint|p2a: Venusaur\n|faint|p2b: Goodra\n|\n|win|rytjbjtes\n|raw|rytjbjtes's rating: 1078 &rarr; <strong>1106</strong><br />(+28 for winning)\n|raw|Steem07's rating: 1070 &rarr; <strong>1050</strong><br />(-20 for losing)\n",
  "uploadtime": 1776174008,
  "views": 13,
  "formatid": "gen9championsvgc2026regma",
  "rating": 1050,
  "private": 0,
  "password": null
}