{
  "id": "gen9championsvgc2026regma-2586547435",
  "format": "[Gen 9 Champions] VGC 2026 Reg M-A",
  "players": [
    "itiswhatitis246",
    "DylanNoPancakes"
  ],
  "log": "|j|\u2606itiswhatitis246\n|j|\u2606DylanNoPancakes\n|t:|1776442185\n|gametype|doubles\n|player|p1|itiswhatitis246|266|1142\n|player|p2|DylanNoPancakes|265|1129\n|gen|9\n|tier|[Gen 9 Champions] VGC 2026 Reg M-A\n|rated|\n|rule|Species Clause: Limit one of each Pok\u00e9mon\n|rule|Item Clause: Limit 1 of each item\n|clearpoke\n|poke|p1|Meowscarada, L50, F|\n|poke|p1|Delphox, L50, M|\n|poke|p1|Primarina, L50, M|\n|poke|p1|Kangaskhan, L50, F|\n|poke|p1|Aerodactyl, L50, F|\n|poke|p1|Aegislash, L50, F|\n|poke|p2|Pelipper, L50, F|\n|poke|p2|Basculegion, L50, M|\n|poke|p2|Incineroar, L50, F|\n|poke|p2|Sinistcha, L50|\n|poke|p2|Glalie, L50, F|\n|poke|p2|Sneasler, L50, F|\n|teampreview|4\n|inactive|Battle timer is ON: inactive players will automatically lose when time's up. (requested by itiswhatitis246)\n|\n|t:|1776442218\n|teamsize|p1|4\n|teamsize|p2|4\n|start\n|switch|p1a: Aerodactyl|Aerodactyl, L50, F|100/100\n|switch|p1b: Kangaskhan|Kangaskhan, L50, F|100/100\n|switch|p2a: Pelipper|Pelipper, L50, F|100/100\n|switch|p2b: Incineroar|Incineroar, L50, F|100/100\n|-weather|RainDance|[from] ability: Drizzle|[of] p2a: Pelipper\n|-ability|p2b: Incineroar|Intimidate|boost\n|-unboost|p1a: Aerodactyl|atk|1\n|-fail|p1b: Kangaskhan|unboost|Attack|[from] ability: Scrappy|[of] p1b: Kangaskhan\n|turn|1\n|inactive|DylanNoPancakes has 30 seconds left.\n|inactive|DylanNoPancakes has 20 seconds left.\n|\n|t:|1776442255\n|move|p2a: Pelipper|Protect|p2a: Pelipper\n|-singleturn|p2a: Pelipper|Protect\n|move|p1b: Kangaskhan|Fake Out|p2b: Incineroar\n|-damage|p2b: Incineroar|84/100\n|cant|p2b: Incineroar|flinch\n|move|p1a: Aerodactyl|Tailwind|p1a: Aerodactyl\n|-sidestart|p1: itiswhatitis246|move: Tailwind\n|\n|-weather|RainDance|[upkeep]\n|upkeep\n|turn|2\n|\n|t:|1776442276\n|detailschange|p1b: Kangaskhan|Kangaskhan-Mega, L50, F\n|-mega|p1b: Kangaskhan|Kangaskhan|Kangaskhanite\n|move|p1a: Aerodactyl|Rock Slide|p2a: Pelipper|[spread] p2a,p2b\n|-supereffective|p2a: Pelipper|1\n|-supereffective|p2b: Incineroar|1\n|-damage|p2a: Pelipper|57/100\n|-damage|p2b: Incineroar|53/100\n|move|p1b: Kangaskhan|Drain Punch|p2b: Incineroar\n|-supereffective|p2b: Incineroar|1\n|-enditem|p2b: Incineroar|Chople Berry|[eat]\n|-enditem|p2b: Incineroar|Chople Berry|[weaken]\n|-damage|p2b: Incineroar|26/100\n|-supereffective|p2b: Incineroar|1\n|-damage|p2b: Incineroar|12/100\n|-hitcount|p2b: Incineroar|2\n|move|p2a: Pelipper|Weather Ball|p1a: Aerodactyl\n|-supereffective|p1a: Aerodactyl|1\n|-enditem|p1a: Aerodactyl|Focus Sash\n|-damage|p1a: Aerodactyl|1/100\n|cant|p2b: Incineroar|flinch\n|\n|-weather|RainDance|[upkeep]\n|upkeep\n|turn|3\n|inactive|DylanNoPancakes has 30 seconds left.\n|\n|t:|1776442304\n|move|p2a: Pelipper|Protect|p2a: Pelipper\n|-singleturn|p2a: Pelipper|Protect\n|move|p1a: Aerodactyl|Rock Slide|p2a: Pelipper|[spread] p2b\n|-activate|p2a: Pelipper|move: Protect\n|-supereffective|p2b: Incineroar|1\n|-damage|p2b: Incineroar|0 fnt\n|faint|p2b: Incineroar\n|move|p1b: Kangaskhan|Double-Edge|p2a: Pelipper\n|-activate|p2a: Pelipper|move: Protect\n|\n|-weather|RainDance|[upkeep]\n|upkeep\n|\n|t:|1776442323\n|switch|p2b: Sneasler|Sneasler, L50, F|100/100\n|turn|4\n|\n|t:|1776442332\n|switch|p1b: Aegislash|Aegislash, L50, F, shiny|100/100\n|move|p1a: Aerodactyl|Protect|p1a: Aerodactyl\n|-singleturn|p1a: Aerodactyl|Protect\n|move|p2b: Sneasler|Fake Out|p1b: Aegislash\n|-immune|p1b: Aegislash\n|move|p2a: Pelipper|Tailwind|p2a: Pelipper\n|-sidestart|p2: DylanNoPancakes|move: Tailwind\n|\n|-weather|RainDance|[upkeep]\n|-sideend|p1: itiswhatitis246|move: Tailwind\n|upkeep\n|turn|5\n|\n|t:|1776442354\n|move|p2b: Sneasler|Dire Claw|p1a: Aerodactyl\n|-resisted|p1a: Aerodactyl|1\n|-damage|p1a: Aerodactyl|0 fnt\n|faint|p1a: Aerodactyl\n|move|p2a: Pelipper|Weather Ball|p1b: Aegislash\n|-damage|p1b: Aegislash|53/100\n|-formechange|p1b: Aegislash|Aegislash-Blade|\n|move|p1b: Aegislash|Poltergeist|p2a: Pelipper\n|-activate|p2a: Pelipper|move: Poltergeist|Focus Sash\n|-damage|p2a: Pelipper|0 fnt\n|faint|p2a: Pelipper\n|\n|-weather|none\n|-heal|p1b: Aegislash|59/100|[from] item: Leftovers\n|upkeep\n|\n|t:|1776442363\n|switch|p1a: Kangaskhan|Kangaskhan-Mega, L50, F|100/100\n|switch|p2a: Basculegion|Basculegion, L50, M|100/100\n|turn|6\n|inactive|DylanNoPancakes has 30 seconds left.\n|\n|t:|1776442395\n|-formechange|p1b: Aegislash|Aegislash|\n|move|p1b: Aegislash|King's Shield|p1b: Aegislash\n|-singleturn|p1b: Aegislash|Protect\n|move|p1a: Kangaskhan|Fake Out|p2b: Sneasler\n|-damage|p2b: Sneasler|60/100\n|-damage|p2b: Sneasler|50/100\n|-hitcount|p2b: Sneasler|2\n|move|p2a: Basculegion|Wave Crash|p1b: Aegislash\n|-activate|p1b: Aegislash|move: Protect\n|-unboost|p2a: Basculegion|atk|1\n|cant|p2b: Sneasler|flinch\n|\n|-heal|p1b: Aegislash|65/100|[from] item: Leftovers\n|upkeep\n|turn|7\n|inactive|itiswhatitis246 has 30 seconds left.\n|\n|t:|1776442423\n|move|p1a: Kangaskhan|Sucker Punch|p2a: Basculegion\n|-supereffective|p2a: Basculegion|1\n|-crit|p2a: Basculegion\n|-damage|p2a: Basculegion|0 fnt\n|faint|p2a: Basculegion\n|-hitcount|p2: Basculegion|1\n|move|p2b: Sneasler|Close Combat|p1a: Kangaskhan\n|-supereffective|p1a: Kangaskhan|1\n|-crit|p1a: Kangaskhan\n|-damage|p1a: Kangaskhan|0 fnt\n|-unboost|p2b: Sneasler|def|1\n|-unboost|p2b: Sneasler|spd|1\n|faint|p1a: Kangaskhan\n|-enditem|p2b: Sneasler|White Herb\n|-clearnegativeboost|p2b: Sneasler|[silent]\n|-formechange|p1b: Aegislash|Aegislash-Blade|\n|move|p1b: Aegislash|Poltergeist||[still]\n|-fail|p1b: Aegislash\n|\n|-heal|p1b: Aegislash|71/100|[from] item: Leftovers\n|-sideend|p2: DylanNoPancakes|move: Tailwind\n|upkeep\n|inactive|itiswhatitis246 has 30 seconds left.\n|\n|t:|1776442455\n|switch|p1a: Primarina|Primarina, L50, M|100/100\n|turn|8\n|\n|t:|1776442460\n|move|p1a: Primarina|Protect|p1a: Primarina\n|-singleturn|p1a: Primarina|Protect\n|move|p2b: Sneasler|Dire Claw|p1a: Primarina\n|-activate|p1a: Primarina|move: Protect\n|move|p1b: Aegislash|Poltergeist||[still]\n|-fail|p1b: Aegislash\n|\n|-heal|p1b: Aegislash|77/100|[from] item: Leftovers\n|upkeep\n|turn|9\n|\n|t:|1776442476\n|move|p2b: Sneasler|Dire Claw|p1a: Primarina\n|-supereffective|p1a: Primarina|1\n|-damage|p1a: Primarina|0 fnt\n|faint|p1a: Primarina\n|move|p1b: Aegislash|Iron Head|p2b: Sneasler\n|-damage|p2b: Sneasler|0 fnt\n|faint|p2b: Sneasler\n|\n|win|itiswhatitis246\n|raw|itiswhatitis246's rating: 1142 &rarr; <strong>1166</strong><br />(+24 for winning)\n|raw|DylanNoPancakes's rating: 1129 &rarr; <strong>1105</strong><br />(-24 for losing)\n|l|\u2606itiswhatitis246\n|player|p1|\n",
  "uploadtime": 1776442482,
  "views": 35,
  "formatid": "gen9championsvgc2026regma",
  "rating": 1105,
  "private": 0,
  "password": null
}