{
  "id": "gen9championsvgc2026regma-2585841882",
  "format": "[Gen 9 Champions] VGC 2026 Reg M-A",
  "players": [
    "Offthaheezy",
    "CaguamaHeineken"
  ],
  "log": "|j|\u2606Offthaheezy\n|j|\u2606CaguamaHeineken\n|t:|1776374751\n|gametype|doubles\n|player|p1|Offthaheezy|266|1049\n|player|p2|CaguamaHeineken|266|1113\n|gen|9\n|tier|[Gen 9 Champions] VGC 2026 Reg M-A\n|rated|\n|rule|Species Clause: Limit one of each Pok\u00e9mon\n|rule|Item Clause: Limit 1 of each item\n|clearpoke\n|poke|p1|Charizard, L50, F|\n|poke|p1|Venusaur, L50, M|\n|poke|p1|Garchomp, L50, F|\n|poke|p1|Rotom-Wash, L50|\n|poke|p1|Sneasler, L50, F|\n|poke|p1|Incineroar, L50, M|\n|poke|p2|Tyranitar, L50, M|\n|poke|p2|Aerodactyl, L50, M|\n|poke|p2|Whimsicott, L50, M|\n|poke|p2|Aggron, L50, M|\n|poke|p2|Gardevoir, L50, M|\n|poke|p2|Houndoom, L50, F|\n|teampreview|4\n|\n|t:|1776374793\n|teamsize|p1|4\n|teamsize|p2|4\n|start\n|switch|p1a: Charizard|Charizard, L50, F|100/100\n|switch|p1b: Venusaur|Venusaur, L50, M|100/100\n|switch|p2a: Aerodactyl|Aerodactyl, L50, M|100/100\n|switch|p2b: Whimsicott|Whimsicott, L50, M|100/100\n|-ability|p2a: Aerodactyl|Unnerve\n|turn|1\n|\n|t:|1776374855\n|move|p2a: Aerodactyl|Rock Slide|p1a: Charizard|[spread] p1a,p1b\n|-supereffective|p1a: Charizard|2\n|-damage|p1a: Charizard|0 fnt\n|-damage|p1b: Venusaur|66/100\n|faint|p1a: Charizard\n|move|p1b: Venusaur|Sludge Bomb|p2b: Whimsicott\n|-supereffective|p2b: Whimsicott|2\n|-damage|p2b: Whimsicott|0 fnt\n|faint|p2b: Whimsicott\n|\n|upkeep\n|\n|t:|1776374873\n|switch|p1a: Sneasler|Sneasler, L50, F|100/100\n|switch|p2b: Houndoom|Houndoom, L50, F|100/100\n|turn|2\n|\n|t:|1776374902\n|move|p1a: Sneasler|Fake Out|p2a: Aerodactyl\n|-resisted|p2a: Aerodactyl|1\n|-damage|p2a: Aerodactyl|88/100\n|cant|p2a: Aerodactyl|flinch\n|move|p2b: Houndoom|Flamethrower|p1b: Venusaur\n|-supereffective|p1b: Venusaur|1\n|-damage|p1b: Venusaur|0 fnt\n|faint|p1b: Venusaur\n|\n|upkeep\n|\n|t:|1776374915\n|switch|p1b: Garchomp|Garchomp, L50, F|100/100\n|turn|3\n|\n|t:|1776374950\n|move|p1b: Garchomp|Rock Slide|p2b: Houndoom|[spread] p2a,p2b\n|-supereffective|p2a: Aerodactyl|1\n|-supereffective|p2b: Houndoom|1\n|-damage|p2a: Aerodactyl|15/100\n|-damage|p2b: Houndoom|15/100\n|cant|p2a: Aerodactyl|flinch\n|move|p1a: Sneasler|Close Combat|p2b: Houndoom\n|-supereffective|p2b: Houndoom|1\n|-damage|p2b: Houndoom|0 fnt\n|-unboost|p1a: Sneasler|def|1\n|-unboost|p1a: Sneasler|spd|1\n|faint|p2b: Houndoom\n|-enditem|p1a: Sneasler|White Herb\n|-clearnegativeboost|p1a: Sneasler|[silent]\n|\n|upkeep\n|\n|t:|1776374959\n|switch|p2b: Aggron|Aggron, L50, M|100/100\n|turn|4\n|\n|t:|1776374996\n|detailschange|p2b: Aggron|Aggron-Mega, L50, M\n|-mega|p2b: Aggron|Aggron|Aggronite\n|move|p1a: Sneasler|Close Combat|p2b: Aggron\n|-supereffective|p2b: Aggron|1\n|-damage|p2b: Aggron|57/100\n|-unboost|p1a: Sneasler|def|1\n|-unboost|p1a: Sneasler|spd|1\n|move|p1b: Garchomp|Rock Slide|p2a: Aerodactyl|[spread] p2a,p2b\n|-supereffective|p2a: Aerodactyl|1\n|-resisted|p2b: Aggron|1\n|-damage|p2a: Aerodactyl|0 fnt\n|-damage|p2b: Aggron|52/100\n|faint|p2a: Aerodactyl\n|move|p2b: Aggron|Heavy Slam|p1a: Sneasler\n|-damage|p1a: Sneasler|0 fnt\n|faint|p1a: Sneasler\n|\n|upkeep\n|turn|5\n|\n|t:|1776375014\n|move|p1b: Garchomp|Rock Slide|p2b: Aggron\n|-resisted|p2b: Aggron|1\n|-crit|p2b: Aggron\n|-damage|p2b: Aggron|40/100\n|cant|p2b: Aggron|flinch\n|\n|upkeep\n|turn|6\n|\n|t:|1776375025\n|move|p1b: Garchomp|Rock Slide|p2b: Aggron\n|-resisted|p2b: Aggron|1\n|-damage|p2b: Aggron|34/100\n|cant|p2b: Aggron|flinch\n|\n|upkeep\n|turn|7\n|\n|t:|1776375034\n|move|p1b: Garchomp|Rock Slide|p2b: Aggron\n|-resisted|p2b: Aggron|1\n|-damage|p2b: Aggron|26/100\n|move|p2b: Aggron|Iron Defense|p2b: Aggron\n|-boost|p2b: Aggron|def|2\n|\n|upkeep\n|turn|8\n|\n|t:|1776375043\n|move|p1b: Garchomp|Rock Slide|p2b: Aggron\n|-resisted|p2b: Aggron|1\n|-damage|p2b: Aggron|23/100\n|cant|p2b: Aggron|flinch\n|\n|upkeep\n|turn|9\n|\n|t:|1776375050\n|move|p1b: Garchomp|Rock Slide|p2b: Aggron\n|-resisted|p2b: Aggron|1\n|-damage|p2b: Aggron|19/100\n|cant|p2b: Aggron|flinch\n|\n|upkeep\n|turn|10\n|\n|t:|1776375057\n|move|p1b: Garchomp|Rock Slide|p2b: Aggron|[miss]\n|-miss|p1b: Garchomp|p2b: Aggron\n|move|p2b: Aggron|Body Press|p1b: Garchomp\n|-damage|p1b: Garchomp|20/100\n|-damage|p2b: Aggron|7/100|[from] ability: Rough Skin|[of] p1b: Garchomp\n|\n|upkeep\n|turn|11\n|\n|t:|1776375066\n|move|p1b: Garchomp|Rock Slide|p2b: Aggron\n|-resisted|p2b: Aggron|1\n|-damage|p2b: Aggron|4/100\n|move|p2b: Aggron|Body Press|p1b: Garchomp\n|-damage|p1b: Garchomp|0 fnt\n|-damage|p2b: Aggron|0 fnt|[from] ability: Rough Skin|[of] p1b: Garchomp\n|faint|p1b: Garchomp\n|faint|p2b: Aggron\n|\n|win|CaguamaHeineken\n|raw|Offthaheezy's rating: 1049 &rarr; <strong>1035</strong><br />(-14 for losing)\n|raw|CaguamaHeineken's rating: 1113 &rarr; <strong>1133</strong><br />(+20 for winning)\n",
  "uploadtime": 1776375079,
  "views": 17,
  "formatid": "gen9championsvgc2026regma",
  "rating": 1035,
  "private": 0,
  "password": null
}