{
  "id": "gen9championsvgc2026regma-2587022449",
  "format": "[Gen 9 Champions] VGC 2026 Reg M-A",
  "players": [
    "88ccl3",
    "soaringpegasus"
  ],
  "log": "|j|\u260688ccl3\n|j|\u2606soaringpegasus\n|t:|1776482195\n|gametype|doubles\n|player|p1|88ccl3|2|1201\n|player|p2|soaringpegasus|backpacker|1114\n|gen|9\n|tier|[Gen 9 Champions] VGC 2026 Reg M-A\n|rated|\n|rule|Species Clause: Limit one of each Pok\u00e9mon\n|rule|Item Clause: Limit 1 of each item\n|clearpoke\n|poke|p1|Archaludon, L50, F|\n|poke|p1|Basculegion, L50, M|\n|poke|p1|Pelipper, L50, F|\n|poke|p1|Starmie, L50|\n|poke|p1|Klefki, L50, F|\n|poke|p1|Sinistcha-Masterpiece, L50|\n|poke|p2|Tyranitar, L50, M|\n|poke|p2|Excadrill, L50, F|\n|poke|p2|Arcanine-Hisui, L50, M|\n|poke|p2|Sinistcha-Masterpiece, L50|\n|poke|p2|Chandelure, L50, M|\n|poke|p2|Araquanid, L50, M|\n|teampreview|4\n|inactive|Battle timer is ON: inactive players will automatically lose when time's up. (requested by soaringpegasus)\n|inactive|88ccl3 also wants the timer to be on.\n|inactive|soaringpegasus has 60 seconds left.\n|\n|t:|1776482229\n|teamsize|p1|4\n|teamsize|p2|4\n|start\n|switch|p1a: Archaludon|Archaludon, L50, F, shiny|100/100\n|switch|p1b: Klefki|Klefki, L50, F|100/100\n|switch|p2a: Sinistcha|Sinistcha-Masterpiece, L50|100/100\n|switch|p2b: Tyranitar|Tyranitar, L50, M|100/100\n|-weather|Sandstorm|[from] ability: Sand Stream|[of] p2b: Tyranitar\n|turn|1\n|inactive|soaringpegasus has 30 seconds left.\n|\n|t:|1776482263\n|switch|p2a: Excadrill|Excadrill, L50, F|100/100\n|move|p2b: Tyranitar|Protect|p2b: Tyranitar\n|-singleturn|p2b: Tyranitar|Protect\n|move|p1b: Klefki|Rain Dance|p1b: Klefki\n|-weather|RainDance\n|move|p1a: Archaludon|Electro Shot||[still]\n|-prepare|p1a: Archaludon|Electro Shot\n|-boost|p1a: Archaludon|spa|1\n|-anim|p1a: Archaludon|Electro Shot|p2b: Tyranitar\n|-activate|p2b: Tyranitar|move: Protect\n|\n|-weather|RainDance|[upkeep]\n|upkeep\n|turn|2\n|inactive|88ccl3 has 30 seconds left.\n|inactive|soaringpegasus has 30 seconds left.\n|inactive|soaringpegasus has 20 seconds left.\n|inactive|soaringpegasus has 15 seconds left.\n|\n|t:|1776482304\n|detailschange|p2b: Tyranitar|Tyranitar-Mega, L50, M\n|-mega|p2b: Tyranitar|Tyranitar|Tyranitarite\n|-weather|Sandstorm|[from] ability: Sand Stream|[of] p2b: Tyranitar\n|move|p1a: Archaludon|Protect|p1a: Archaludon\n|-singleturn|p1a: Archaludon|Protect\n|move|p1b: Klefki|Reflect|p1b: Klefki\n|-sidestart|p1: 88ccl3|Reflect\n|move|p2a: Excadrill|High Horsepower|p1b: Klefki\n|-supereffective|p1b: Klefki|1\n|-damage|p1b: Klefki|22/100\n|move|p2b: Tyranitar|Assurance|p1b: Klefki\n|-resisted|p1b: Klefki|1\n|-damage|p1b: Klefki|0 fnt\n|faint|p1b: Klefki\n|\n|-weather|Sandstorm|[upkeep]\n|upkeep\n|\n|t:|1776482320\n|switch|p1b: Sinistcha|Sinistcha-Masterpiece, L50|100/100\n|turn|3\n|\n|t:|1776482336\n|switch|p2b: Sinistcha|Sinistcha-Masterpiece, L50|100/100\n|move|p2a: Excadrill|Swords Dance|p2a: Excadrill\n|-boost|p2a: Excadrill|atk|2\n|move|p1a: Archaludon|Flash Cannon|p2b: Sinistcha\n|-damage|p2b: Sinistcha|40/100\n|-unboost|p2b: Sinistcha|spd|1\n|-enditem|p2b: Sinistcha|Sitrus Berry|[eat]\n|-heal|p2b: Sinistcha|65/100|[from] item: Sitrus Berry\n|move|p1b: Sinistcha|Matcha Gotcha|p2b: Sinistcha|[spread] p2a,p2b\n|-resisted|p2b: Sinistcha|1\n|-damage|p2a: Excadrill|58/100\n|-damage|p2b: Sinistcha|44/100\n|\n|-weather|Sandstorm|[upkeep]\n|-damage|p1b: Sinistcha|94/100|[from] Sandstorm\n|-damage|p2b: Sinistcha|38/100|[from] Sandstorm\n|upkeep\n|turn|4\n|inactive|88ccl3 has 30 seconds left.\n|inactive|soaringpegasus has 30 seconds left.\n|inactive|soaringpegasus has 20 seconds left.\n|\n|t:|1776482374\n|move|p2b: Sinistcha|Rage Powder|p2b: Sinistcha\n|-singleturn|p2b: Sinistcha|move: Rage Powder\n|move|p2a: Excadrill|High Horsepower|p1a: Archaludon\n|-supereffective|p1a: Archaludon|1\n|-damage|p1a: Archaludon|0 fnt\n|faint|p1a: Archaludon\n|move|p1b: Sinistcha|Life Dew|p1b: Sinistcha\n|-heal|p1b: Sinistcha|100/100\n|\n|-weather|Sandstorm|[upkeep]\n|-damage|p2b: Sinistcha|32/100|[from] Sandstorm\n|-damage|p1b: Sinistcha|94/100|[from] Sandstorm\n|upkeep\n|\n|t:|1776482386\n|switch|p1a: Basculegion|Basculegion, L50, M|100/100\n|turn|5\n|\n|t:|1776482402\n|move|p2a: Excadrill|High Horsepower|p1a: Basculegion\n|-damage|p1a: Basculegion|11/100\n|move|p1a: Basculegion|Wave Crash|p2b: Sinistcha\n|-resisted|p2b: Sinistcha|1\n|-damage|p2b: Sinistcha|4/100\n|-damage|p1a: Basculegion|3/100|[from] Recoil\n|move|p2b: Sinistcha|Matcha Gotcha|p1a: Basculegion|[spread] p1a\n|-miss|p2b: Sinistcha|p1b: Sinistcha\n|-supereffective|p1a: Basculegion|1\n|-damage|p1a: Basculegion|0 fnt\n|-heal|p2b: Sinistcha|5/100|[from] drain|[of] p1a: Basculegion\n|faint|p1a: Basculegion\n|move|p1b: Sinistcha|Matcha Gotcha|p2b: Sinistcha|[spread] p2a,p2b\n|-crit|p2a: Excadrill\n|-resisted|p2b: Sinistcha|1\n|-damage|p2a: Excadrill|0 fnt\n|-heal|p1b: Sinistcha|100/100|[from] drain|[of] p2a: Excadrill\n|-damage|p2b: Sinistcha|0 fnt\n|faint|p2a: Excadrill\n|faint|p2b: Sinistcha\n|\n|-weather|Sandstorm|[upkeep]\n|-damage|p1b: Sinistcha|94/100|[from] Sandstorm\n|upkeep\n|\n|t:|1776482420\n|switch|p2a: Arcanine|Arcanine-Hisui, L50, M|100/100\n|switch|p2b: Tyranitar|Tyranitar-Mega, L50, M|100/100\n|-ability|p2a: Arcanine|Intimidate|boost\n|-unboost|p1b: Sinistcha|atk|1\n|turn|6\n|\n|t:|1776482434\n|move|p2a: Arcanine|Flare Blitz|p1b: Sinistcha\n|-supereffective|p1b: Sinistcha|1\n|-enditem|p1b: Sinistcha|Occa Berry|[eat]\n|-enditem|p1b: Sinistcha|Occa Berry|[weaken]\n|-damage|p1b: Sinistcha|59/100\n|-damage|p2a: Arcanine|91/100|[from] Recoil\n|move|p2b: Tyranitar|Assurance|p1b: Sinistcha\n|-supereffective|p1b: Sinistcha|1\n|-damage|p1b: Sinistcha|0 fnt\n|faint|p1b: Sinistcha\n|\n|win|soaringpegasus\n|raw|88ccl3's rating: 1201 &rarr; <strong>1170</strong><br />(-31 for losing)\n|raw|soaringpegasus's rating: 1114 &rarr; <strong>1145</strong><br />(+31 for winning)\n|l|\u260688ccl3\n|player|p1|\n|c|\u2606soaringpegasus|gg\n",
  "uploadtime": 1776482645,
  "views": 24,
  "formatid": "gen9championsvgc2026regma",
  "rating": 1145,
  "private": 0,
  "password": null
}