{
  "id": "gen9championsvgc2026regma-2581784315",
  "format": "[Gen 9 Champions] VGC 2026 Reg M-A",
  "players": [
    "Dddddsf",
    "ipissmypabts"
  ],
  "log": "|j|\u2606Dddddsf\n|j|\u2606ipissmypabts\n|html|<table width=\"100%\"><tr><td align=\"left\">Dddddsf</td><td align=\"right\">ipissmypabts</tr><tr><td align=\"left\"><i class=\"fa fa-circle\"></i> <i class=\"fa fa-circle-o\"></i> </td><td align=\"right\"><i class=\"fa fa-circle-o\"></i> <i class=\"fa fa-circle-o\"></i> </tr></table>\n|uhtml|bestof|<h2><strong>Game 2</strong> of <a href=\"/game-bestof3-gen9championsvgc2026regma-2581780760\">a best-of-3</a></h2>\n|t:|1776028146\n|gametype|doubles\n|player|p1|Dddddsf|red-masters3|\n|player|p2|ipissmypabts|265|\n|gen|9\n|tier|[Gen 9 Champions] VGC 2026 Reg M-A\n|rule|Species Clause: Limit one of each Pok\u00e9mon\n|rule|Item Clause: Limit 1 of each item\n|raw|<div class=\"infobox\"><details class=\"readmore\" open><summary><strong>1 custom rule:</strong></summary> Best of = 3</details></div>\n|clearpoke\n|poke|p1|Aerodactyl, L50, M|\n|poke|p1|Palafin, L50, M|\n|poke|p1|Incineroar, L50, F|\n|poke|p1|Meganium, L50, F|\n|poke|p1|Aegislash, L50, M|\n|poke|p1|Farigiraf, L50, M|\n|poke|p2|Feraligatr, L50, M|\n|poke|p2|Oranguru, L50, F|\n|poke|p2|Maushold-Four, L50|\n|poke|p2|Sneasler, L50, M|\n|poke|p2|Pelipper, L50, F|\n|poke|p2|Palafin, L50, M|\n|teampreview|4\n|\n|t:|1776028172\n|teamsize|p1|4\n|teamsize|p2|4\n|start\n|switch|p1a: Melman|Farigiraf, L50, M|100/100\n|switch|p1b: Wolfey's Friend|Incineroar, L50, F|100/100\n|switch|p2a: Pelipper|Pelipper, L50, F|100/100\n|switch|p2b: Palafin|Palafin, L50, M|100/100\n|-weather|RainDance|[from] ability: Drizzle|[of] p2a: Pelipper\n|-ability|p1b: Wolfey's Friend|Intimidate|boost\n|-unboost|p2a: Pelipper|atk|1\n|-unboost|p2b: Palafin|atk|1\n|turn|1\n|\n|t:|1776028209\n|move|p2b: Palafin|Flip Turn|p1a: Melman\n|-damage|p1a: Melman|73/100\n|\n|t:|1776028212\n|detailschange|p2b: Palafin|Palafin-Hero, L50, M\n|switch|p2b: Oranguru|Oranguru, L50, F|100/100|[from] Flip Turn\n|move|p2a: Pelipper|Weather Ball|p1a: Melman\n|-damage|p1a: Melman|15/100\n|move|p1b: Wolfey's Friend|Parting Shot|p2a: Pelipper\n|-unboost|p2a: Pelipper|atk|1\n|-unboost|p2a: Pelipper|spa|1\n|\n|t:|1776028222\n|switch|p1b: My Neck!!!|Meganium, L50, F|100/100|[from] Parting Shot\n|move|p1a: Melman|Trick Room|p1a: Melman\n|-fieldstart|move: Trick Room|[of] p1a: Melman\n|\n|-weather|RainDance|[upkeep]\n|upkeep\n|turn|2\n|\n|t:|1776028245\n|detailschange|p1b: My Neck!!!|Meganium-Mega, L50, F\n|-mega|p1b: My Neck!!!|Meganium|Meganiumite\n|move|p1a: Melman|Helping Hand|p1b: My Neck!!!\n|-singleturn|p1b: My Neck!!!|Helping Hand|[of] p1a: Melman\n|move|p2b: Oranguru|Instruct||[still]\n|-fail|p2b: Oranguru\n|move|p1b: My Neck!!!|Solar Beam||[still]\n|-prepare|p1b: My Neck!!!|Solar Beam\n|-activate|p1b: My Neck!!!|ability: Mega Sol\n|-anim|p1b: My Neck!!!|Solar Beam|p2b: Oranguru\n|-damage|p2b: Oranguru|16/100\n|move|p2a: Pelipper|Hurricane|p1b: My Neck!!!\n|-supereffective|p1b: My Neck!!!|1\n|-damage|p1b: My Neck!!!|45/100\n|\n|-weather|RainDance|[upkeep]\n|upkeep\n|turn|3\n|\n|t:|1776028279\n|move|p2b: Oranguru|Instruct|p2a: Pelipper\n|-singleturn|p2a: Pelipper|move: Instruct|[of] p2b: Oranguru\n|move|p2a: Pelipper|Hurricane|p1b: My Neck!!!\n|-supereffective|p1b: My Neck!!!|1\n|-damage|p1b: My Neck!!!|0 fnt\n|faint|p1b: My Neck!!!\n|move|p1a: Melman|Psychic|p2a: Pelipper\n|-damage|p2a: Pelipper|36/100\n|move|p2a: Pelipper|Hurricane|p1a: Melman\n|-damage|p1a: Melman|0 fnt\n|faint|p1a: Melman\n|\n|-weather|RainDance|[upkeep]\n|upkeep\n|\n|t:|1776028291\n|switch|p1a: Wolfey's Friend|Incineroar, L50, F|100/100\n|switch|p1b: Excalibore|Aegislash, L50, M, shiny|100/100\n|-ability|p1a: Wolfey's Friend|Intimidate|boost\n|-unboost|p2a: Pelipper|atk|1\n|-fail|p2b: Oranguru|unboost|Attack|[from] ability: Inner Focus|[of] p2b: Oranguru\n|turn|4\n|\n|t:|1776028325\n|move|p2b: Oranguru|Protect|p2b: Oranguru\n|-singleturn|p2b: Oranguru|Protect\n|move|p1a: Wolfey's Friend|Darkest Lariat|p2b: Oranguru\n|-activate|p2b: Oranguru|move: Protect\n|-formechange|p1b: Excalibore|Aegislash-Blade|\n|move|p1b: Excalibore|Poltergeist|p2a: Pelipper\n|-activate|p2a: Pelipper|move: Poltergeist|Charti Berry\n|-damage|p2a: Pelipper|0 fnt\n|faint|p2a: Pelipper\n|\n|-weather|RainDance|[upkeep]\n|upkeep\n|\n|t:|1776028335\n|switch|p2a: Palafin|Palafin-Hero, L50, M|100/100\n|-activate|p2a: Palafin|ability: Zero to Hero\n|turn|5\n|\n|t:|1776028345\n|-formechange|p1b: Excalibore|Aegislash|\n|move|p1b: Excalibore|King's Shield|p1b: Excalibore\n|-singleturn|p1b: Excalibore|Protect\n|move|p2a: Palafin|Jet Punch|p1a: Wolfey's Friend\n|-supereffective|p1a: Wolfey's Friend|1\n|-damage|p1a: Wolfey's Friend|0 fnt\n|faint|p1a: Wolfey's Friend\n|move|p2b: Oranguru|Instruct|p2a: Palafin\n|-singleturn|p2a: Palafin|move: Instruct|[of] p2b: Oranguru\n|move|p2a: Palafin|Jet Punch|p1b: Excalibore\n|-activate|p1b: Excalibore|move: Protect\n|-unboost|p2a: Palafin|atk|1\n|\n|-weather|none\n|-fieldend|move: Trick Room\n|upkeep\n|turn|6\n|\n|t:|1776028378\n|switch|p2b: Feraligatr|Feraligatr, L50, M|100/100\n|move|p2a: Palafin|Flip Turn|p1b: Excalibore\n|-damage|p1b: Excalibore|74/100\n|\n|t:|1776028382\n|switch|p2a: Oranguru|Oranguru, L50, F|16/100|[from] Flip Turn\n|-formechange|p1b: Excalibore|Aegislash-Blade|\n|move|p1b: Excalibore|Iron Head|p2b: Feraligatr\n|-resisted|p2b: Feraligatr|1\n|-damage|p2b: Feraligatr|80/100\n|\n|-heal|p1b: Excalibore|80/100|[from] item: Leftovers\n|upkeep\n|turn|7\n|\n|t:|1776028394\n|detailschange|p2b: Feraligatr|Feraligatr-Mega, L50, M\n|-mega|p2b: Feraligatr|Feraligatr|Feraligite\n|move|p2b: Feraligatr|Curse|p2b: Feraligatr\n|-unboost|p2b: Feraligatr|spe|1\n|-boost|p2b: Feraligatr|atk|1\n|-boost|p2b: Feraligatr|def|1\n|move|p1b: Excalibore|Sacred Sword|p2a: Oranguru\n|-damage|p2a: Oranguru|0 fnt\n|faint|p2a: Oranguru\n|\n|-heal|p1b: Excalibore|86/100|[from] item: Leftovers\n|upkeep\n|\n|t:|1776028397\n|switch|p2a: Palafin|Palafin-Hero, L50, M|100/100\n|turn|8\n|\n|t:|1776028407\n|-formechange|p1b: Excalibore|Aegislash|\n|move|p1b: Excalibore|King's Shield|p1b: Excalibore\n|-singleturn|p1b: Excalibore|Protect\n|move|p2a: Palafin|Jet Punch|p1b: Excalibore\n|-activate|p1b: Excalibore|move: Protect\n|-unboost|p2a: Palafin|atk|1\n|move|p2b: Feraligatr|Curse|p2b: Feraligatr\n|-unboost|p2b: Feraligatr|spe|1\n|-boost|p2b: Feraligatr|atk|1\n|-boost|p2b: Feraligatr|def|1\n|\n|-heal|p1b: Excalibore|93/100|[from] item: Leftovers\n|upkeep\n|turn|9\n|\n|t:|1776028413\n|move|p2a: Palafin|Jet Punch|p1b: Excalibore\n|-damage|p1b: Excalibore|66/100\n|-formechange|p1b: Excalibore|Aegislash-Blade|\n|move|p1b: Excalibore|Sacred Sword|p2b: Feraligatr\n|-damage|p2b: Feraligatr|54/100\n|move|p2b: Feraligatr|Liquidation|p1b: Excalibore\n|-damage|p1b: Excalibore|0 fnt\n|faint|p1b: Excalibore\n|\n|win|ipissmypabts\n||Dddddsf is ready for game 3.\n||ipissmypabts is ready for game 3.\n|uhtml|next|Next: <a href=\"/battle-gen9championsvgc2026regma-2581787797\"><strong>Game 3 of 3</strong></a>\n|j| JawzTKrookodile\n|l|\u2606Dddddsf\n|player|p1|\n",
  "uploadtime": 1776028750,
  "views": 13,
  "formatid": "gen9championsvgc2026regma",
  "rating": null,
  "private": 0,
  "password": null
}