{
  "id": "gen9championsvgc2026regma-2582034006",
  "format": "[Gen 9 Champions] VGC 2026 Reg M-A",
  "players": [
    "KingOvershield",
    "BigWeenLad"
  ],
  "log": "|j|\u2606KingOvershield\n|j|\u2606BigWeenLad\n|t:|1776050351\n|gametype|doubles\n|player|p1|KingOvershield|bugcatcher-gen4dp|1078\n|player|p2|BigWeenLad|170|1069\n|gen|9\n|tier|[Gen 9 Champions] VGC 2026 Reg M-A\n|rated|\n|rule|Species Clause: Limit one of each Pok\u00e9mon\n|rule|Item Clause: Limit 1 of each item\n|clearpoke\n|poke|p1|Incineroar, L50, F|\n|poke|p1|Gengar, L50, F|\n|poke|p1|Sinistcha, L50|\n|poke|p1|Kingambit, L50, M|\n|poke|p1|Tyranitar, L50, F|\n|poke|p1|Kommo-o, L50, F|\n|poke|p2|Tyranitar, L50, M|\n|poke|p2|Excadrill, L50, F|\n|poke|p2|Primarina, L50, M|\n|poke|p2|Sinistcha, L50|\n|poke|p2|Incineroar, L50, F|\n|poke|p2|Aegislash, L50, F|\n|teampreview|4\n|\n|t:|1776050428\n|teamsize|p1|4\n|teamsize|p2|4\n|start\n|switch|p1a: Incineroar|Incineroar, L50, F|100/100\n|switch|p1b: Gengar|Gengar, L50, F|100/100\n|switch|p2a: Primarina|Primarina, L50, M|100/100\n|switch|p2b: Excadrill|Excadrill, L50, F|100/100\n|-ability|p1a: Incineroar|Intimidate|boost\n|-unboost|p2a: Primarina|atk|1\n|-unboost|p2b: Excadrill|atk|1\n|turn|1\n|\n|t:|1776050466\n|detailschange|p1b: Gengar|Gengar-Mega, L50, F\n|-mega|p1b: Gengar|Gengar|Gengarite\n|move|p2b: Excadrill|Protect|p2b: Excadrill\n|-singleturn|p2b: Excadrill|Protect\n|move|p1a: Incineroar|Fake Out|p2b: Excadrill\n|-activate|p2b: Excadrill|move: Protect\n|move|p1b: Gengar|Shadow Ball|p2b: Excadrill\n|-activate|p2b: Excadrill|move: Protect\n|move|p2a: Primarina|Hyper Voice|p1a: Incineroar|[spread] p1a,p1b\n|-supereffective|p1a: Incineroar|1\n|-damage|p1a: Incineroar|58/100\n|-damage|p1b: Gengar|68/100\n|\n|upkeep\n|turn|2\n|\n|t:|1776050500\n|switch|p1a: Sinistcha|Sinistcha, L50|100/100\n|-heal|p1b: Gengar|92/100|[from] ability: Hospitality|[of] p1a: Sinistcha\n|move|p1b: Gengar|Protect|p1b: Gengar\n|-singleturn|p1b: Gengar|Protect\n|move|p2b: Excadrill|Earthquake|p1b: Gengar|[spread] p2a,p1a\n|-activate|p1b: Gengar|move: Protect\n|-resisted|p1a: Sinistcha|1\n|-damage|p2a: Primarina|73/100\n|-damage|p1a: Sinistcha|89/100\n|move|p2a: Primarina|Hyper Voice|p1a: Sinistcha|[spread] p1a\n|-activate|p1b: Gengar|move: Protect\n|-resisted|p1a: Sinistcha|1\n|-damage|p1a: Sinistcha|77/100\n|\n|upkeep\n|turn|3\n|\n|t:|1776050534\n|move|p2a: Primarina|Protect|p2a: Primarina\n|-singleturn|p2a: Primarina|Protect\n|move|p1b: Gengar|Substitute|p1b: Gengar\n|-start|p1b: Gengar|Substitute\n|-damage|p1b: Gengar|68/100\n|move|p2b: Excadrill|Rock Slide|p1a: Sinistcha|[spread] p1a,p1b\n|-activate|p1b: Gengar|move: Substitute|[damage]\n|-damage|p1a: Sinistcha|64/100\n|move|p1a: Sinistcha|Matcha Gotcha|p2b: Excadrill|[spread] p2b\n|-activate|p2a: Primarina|move: Protect\n|-damage|p2b: Excadrill|65/100\n|-heal|p1a: Sinistcha|82/100|[from] drain|[of] p2b: Excadrill\n|\n|upkeep\n|turn|4\n|\n|t:|1776050559\n|move|p1b: Gengar|Perish Song|p1b: Gengar\n|-start|p1a: Sinistcha|perish3|[silent]\n|-start|p1b: Gengar|perish3|[silent]\n|-start|p2a: Primarina|perish3|[silent]\n|-start|p2b: Excadrill|perish3|[silent]\n|-fieldactivate|move: Perish Song\n|move|p2b: Excadrill|Earthquake|p1a: Sinistcha|[spread] p2a,p1a,p1b\n|-supereffective|p1b: Gengar|1\n|-end|p1b: Gengar|Substitute\n|-resisted|p1a: Sinistcha|1\n|-damage|p2a: Primarina|47/100\n|-damage|p1a: Sinistcha|71/100\n|move|p2a: Primarina|Hyper Voice|p1b: Gengar|[spread] p1a,p1b\n|-resisted|p1a: Sinistcha|1\n|-damage|p1a: Sinistcha|59/100\n|-damage|p1b: Gengar|39/100\n|move|p1a: Sinistcha|Life Dew|p1a: Sinistcha|[spread] p1a,p1b\n|-heal|p1a: Sinistcha|84/100\n|-heal|p1b: Gengar|64/100\n|\n|-start|p1b: Gengar|perish3\n|-start|p2b: Excadrill|perish3\n|-start|p2a: Primarina|perish3\n|-start|p1a: Sinistcha|perish3\n|upkeep\n|turn|5\n|\n|t:|1776050587\n|move|p1b: Gengar|Protect|p1b: Gengar\n|-singleturn|p1b: Gengar|Protect\n|move|p2b: Excadrill|Earthquake|p1b: Gengar|[spread] p2a,p1a\n|-activate|p1b: Gengar|move: Protect\n|-resisted|p1a: Sinistcha|1\n|-damage|p2a: Primarina|21/100\n|-damage|p1a: Sinistcha|72/100\n|move|p2a: Primarina|Hyper Voice|p1b: Gengar|[spread] p1a\n|-activate|p1b: Gengar|move: Protect\n|-resisted|p1a: Sinistcha|1\n|-damage|p1a: Sinistcha|59/100\n|move|p1a: Sinistcha|Life Dew|p1a: Sinistcha|[spread] p1a,p1b\n|-heal|p1a: Sinistcha|84/100\n|-heal|p1b: Gengar|89/100\n|\n|-start|p1b: Gengar|perish2\n|-start|p2b: Excadrill|perish2\n|-start|p2a: Primarina|perish2\n|-start|p1a: Sinistcha|perish2\n|upkeep\n|turn|6\n|\n|t:|1776050614\n|move|p2a: Primarina|Protect|p2a: Primarina\n|-singleturn|p2a: Primarina|Protect\n|move|p1b: Gengar|Substitute|p1b: Gengar\n|-start|p1b: Gengar|Substitute\n|-damage|p1b: Gengar|65/100\n|move|p2b: Excadrill|Earthquake|p1a: Sinistcha|[spread] p1a,p1b\n|-activate|p2a: Primarina|move: Protect\n|-supereffective|p1b: Gengar|1\n|-end|p1b: Gengar|Substitute\n|-resisted|p1a: Sinistcha|1\n|-damage|p1a: Sinistcha|73/100\n|move|p1a: Sinistcha|Life Dew|p1a: Sinistcha|[spread] p1a,p1b\n|-heal|p1a: Sinistcha|98/100\n|-heal|p1b: Gengar|90/100\n|\n|-start|p1b: Gengar|perish1\n|-start|p2b: Excadrill|perish1\n|-start|p2a: Primarina|perish1\n|-start|p1a: Sinistcha|perish1\n|upkeep\n|turn|7\n|\n|t:|1776050644\n|switch|p1b: Kingambit|Kingambit, L50, M|100/100\n|switch|p1a: Incineroar|Incineroar, L50, F|58/100\n|-ability|p1a: Incineroar|Intimidate|boost\n|-unboost|p2a: Primarina|atk|1\n|-unboost|p2b: Excadrill|atk|1\n|move|p2b: Excadrill|High Horsepower|p1b: Kingambit\n|-supereffective|p1b: Kingambit|1\n|-damage|p1b: Kingambit|60/100\n|move|p2a: Primarina|Hyper Voice|p1b: Kingambit|[spread] p1a,p1b\n|-supereffective|p1a: Incineroar|1\n|-damage|p1a: Incineroar|16/100\n|-damage|p1b: Kingambit|29/100\n|\n|-start|p2b: Excadrill|perish0\n|-start|p2a: Primarina|perish0\n|upkeep\n|faint|p2b: Excadrill\n|faint|p2a: Primarina\n|\n|t:|1776050662\n|switch|p2b: Tyranitar|Tyranitar, L50, M|100/100\n|switch|p2a: Sinistcha|Sinistcha, L50|100/100\n|-weather|Sandstorm|[from] ability: Sand Stream|[of] p2b: Tyranitar\n|turn|8\n|\n|t:|1776050682\n|switch|p1b: Gengar|Gengar-Mega, L50, F|90/100\n|move|p1a: Incineroar|Fake Out|p2b: Tyranitar\n|-resisted|p2b: Tyranitar|1\n|-damage|p2b: Tyranitar|96/100\n|cant|p2b: Tyranitar|flinch\n|move|p2a: Sinistcha|Matcha Gotcha|p1b: Gengar|[spread] p1a,p1b\n|-resisted|p1a: Incineroar|1\n|-resisted|p1b: Gengar|1\n|-damage|p1a: Incineroar|7/100\n|-damage|p1b: Gengar|77/100\n|\n|-weather|Sandstorm|[upkeep]\n|-damage|p1b: Gengar|71/100|[from] Sandstorm\n|-damage|p2a: Sinistcha|94/100|[from] Sandstorm\n|-damage|p1a: Incineroar|1/100|[from] Sandstorm\n|upkeep\n|turn|9\n|\n|t:|1776050747\n|switch|p1a: Sinistcha|Sinistcha, L50|98/100\n|-heal|p1b: Gengar|96/100|[from] ability: Hospitality|[of] p1a: Sinistcha\n|detailschange|p2b: Tyranitar|Tyranitar-Mega, L50, M\n|-mega|p2b: Tyranitar|Tyranitar|Tyranitarite\n|move|p1b: Gengar|Protect|p1b: Gengar\n|-singleturn|p1b: Gengar|Protect\n|move|p2b: Tyranitar|Crunch|p1b: Gengar\n|-activate|p1b: Gengar|move: Protect\n|move|p2a: Sinistcha|Matcha Gotcha|p1a: Sinistcha|[spread] p1a\n|-activate|p1b: Gengar|move: Protect\n|-resisted|p1a: Sinistcha|1\n|-damage|p1a: Sinistcha|86/100\n|-heal|p2a: Sinistcha|99/100|[from] drain|[of] p1a: Sinistcha\n|-status|p1a: Sinistcha|brn\n|\n|-weather|Sandstorm|[upkeep]\n|-damage|p1b: Gengar|90/100|[from] Sandstorm\n|-damage|p1a: Sinistcha|80/100 brn|[from] Sandstorm\n|-damage|p2a: Sinistcha|94/100|[from] Sandstorm\n|-damage|p1a: Sinistcha|74/100 brn|[from] brn\n|upkeep\n|turn|10\n|\n|t:|1776050781\n|switch|p1a: Incineroar|Incineroar, L50, F|1/100\n|-ability|p1a: Incineroar|Intimidate|boost\n|-unboost|p2a: Sinistcha|atk|1\n|-unboost|p2b: Tyranitar|atk|1\n|move|p1b: Gengar|Substitute|p1b: Gengar\n|-start|p1b: Gengar|Substitute\n|-damage|p1b: Gengar|65/100\n|move|p2b: Tyranitar|Crunch|p1a: Incineroar\n|-resisted|p1a: Incineroar|1\n|-damage|p1a: Incineroar|0 fnt\n|faint|p1a: Incineroar\n|move|p2a: Sinistcha|Matcha Gotcha|p1b: Gengar\n|-resisted|p1b: Gengar|1\n|-activate|p1b: Gengar|move: Substitute|[damage]\n|-heal|p2a: Sinistcha|100/100|[from] drain|[of] p1b: Gengar\n|\n|-weather|Sandstorm|[upkeep]\n|-damage|p1b: Gengar|59/100|[from] Sandstorm\n|-damage|p2a: Sinistcha|94/100|[from] Sandstorm\n|upkeep\n|\n|t:|1776050798\n|switch|p1a: Sinistcha|Sinistcha, L50|74/100 brn\n|-heal|p1b: Gengar|84/100|[from] ability: Hospitality|[of] p1a: Sinistcha\n|turn|11\n|\n|t:|1776050810\n|move|p1a: Sinistcha|Protect|p1a: Sinistcha\n|-singleturn|p1a: Sinistcha|Protect\n|move|p1b: Gengar|Perish Song|p1b: Gengar\n|-start|p1a: Sinistcha|perish3|[silent]\n|-start|p1b: Gengar|perish3|[silent]\n|-start|p2a: Sinistcha|perish3|[silent]\n|-start|p2b: Tyranitar|perish3|[silent]\n|-fieldactivate|move: Perish Song\n|move|p2b: Tyranitar|Crunch|p1a: Sinistcha\n|-activate|p1a: Sinistcha|move: Protect\n|move|p2a: Sinistcha|Matcha Gotcha|p1a: Sinistcha|[spread] p1b\n|-activate|p1a: Sinistcha|move: Protect\n|-resisted|p1b: Gengar|1\n|-end|p1b: Gengar|Substitute\n|-heal|p2a: Sinistcha|98/100|[from] drain|[of] p1b: Gengar\n|\n|-weather|Sandstorm|[upkeep]\n|-damage|p1b: Gengar|78/100|[from] Sandstorm\n|-damage|p1a: Sinistcha|68/100 brn|[from] Sandstorm\n|-damage|p2a: Sinistcha|92/100|[from] Sandstorm\n|-damage|p1a: Sinistcha|62/100 brn|[from] brn\n|-start|p1b: Gengar|perish3\n|-start|p2b: Tyranitar|perish3\n|-start|p1a: Sinistcha|perish3\n|-start|p2a: Sinistcha|perish3\n|upkeep\n|turn|12\n|\n|t:|1776050846\n|move|p1b: Gengar|Protect|p1b: Gengar\n|-singleturn|p1b: Gengar|Protect\n|move|p2b: Tyranitar|Crunch|p1a: Sinistcha\n|-supereffective|p1a: Sinistcha|1\n|-crit|p1a: Sinistcha\n|-damage|p1a: Sinistcha|0 fnt\n|faint|p1a: Sinistcha\n|move|p2a: Sinistcha|Matcha Gotcha|p1b: Gengar\n|-activate|p1b: Gengar|move: Protect\n|\n|-weather|none\n|-start|p1b: Gengar|perish2\n|-start|p2b: Tyranitar|perish2\n|-start|p2a: Sinistcha|perish2\n|upkeep\n|\n|t:|1776050860\n|switch|p1a: Kingambit|Kingambit, L50, M|29/100\n|turn|13\n|\n|t:|1776050880\n|move|p1a: Kingambit|Protect|p1a: Kingambit\n|-singleturn|p1a: Kingambit|Protect\n|move|p1b: Gengar|Substitute|p1b: Gengar\n|-start|p1b: Gengar|Substitute\n|-damage|p1b: Gengar|53/100\n|move|p2b: Tyranitar|Crunch|p1b: Gengar\n|-supereffective|p1b: Gengar|1\n|-end|p1b: Gengar|Substitute\n|move|p2a: Sinistcha|Matcha Gotcha|p1b: Gengar|[spread] p1b\n|-activate|p1a: Kingambit|move: Protect\n|-resisted|p1b: Gengar|1\n|-damage|p1b: Gengar|41/100\n|-heal|p2a: Sinistcha|98/100|[from] drain|[of] p1b: Gengar\n|\n|-start|p1b: Gengar|perish1\n|-start|p2b: Tyranitar|perish1\n|-start|p2a: Sinistcha|perish1\n|upkeep\n|turn|14\n|c|\u2606KingOvershield|gg\n|\n|t:|1776050910\n|move|p1b: Gengar|Protect|p1b: Gengar\n|-singleturn|p1b: Gengar|Protect\n|move|p1a: Kingambit|Sucker Punch|p2a: Sinistcha\n|-supereffective|p2a: Sinistcha|1\n|-damage|p2a: Sinistcha|26/100\n|-enditem|p2a: Sinistcha|Sitrus Berry|[eat]\n|-heal|p2a: Sinistcha|50/100|[from] item: Sitrus Berry\n|move|p2b: Tyranitar|Crunch|p1a: Kingambit\n|-resisted|p1a: Kingambit|1\n|-damage|p1a: Kingambit|16/100\n|move|p2a: Sinistcha|Matcha Gotcha|p1a: Kingambit|[spread] p1a\n|-activate|p1b: Gengar|move: Protect\n|-resisted|p1a: Kingambit|1\n|-damage|p1a: Kingambit|5/100\n|-heal|p2a: Sinistcha|57/100|[from] drain|[of] p1a: Kingambit\n|\n|-start|p1b: Gengar|perish0\n|-start|p2b: Tyranitar|perish0\n|-start|p2a: Sinistcha|perish0\n|faint|p1b: Gengar\n|faint|p2b: Tyranitar\n|faint|p2a: Sinistcha\n|\n|win|KingOvershield\n|raw|KingOvershield's rating: 1078 &rarr; <strong>1106</strong><br />(+28 for winning)\n|raw|BigWeenLad's rating: 1069 &rarr; <strong>1049</strong><br />(-20 for losing)\n",
  "uploadtime": 1776050931,
  "views": 11,
  "formatid": "gen9championsvgc2026regma",
  "rating": 1049,
  "private": 0,
  "password": null
}