{
  "id": "gen9championsvgc2026regma-2586222633",
  "format": "[Gen 9 Champions] VGC 2026 Reg M-A",
  "players": [
    "SilverGrape",
    "yateblublu"
  ],
  "log": "|j|\u2606SilverGrape\n|j|\u2606yateblublu\n|t:|1776414230\n|gametype|doubles\n|player|p1|SilverGrape|266|1196\n|player|p2|yateblublu|erbie-unite|1223\n|gen|9\n|tier|[Gen 9 Champions] VGC 2026 Reg M-A\n|rated|\n|rule|Species Clause: Limit one of each Pok\u00e9mon\n|rule|Item Clause: Limit 1 of each item\n|clearpoke\n|poke|p1|Sandaconda, L50, F|\n|poke|p1|Golurk, L50|\n|poke|p1|Spiritomb, L50, F|\n|poke|p1|Dragonite, L50, F|\n|poke|p1|Araquanid, L50, F|\n|poke|p1|Hippowdon, L50, F|\n|poke|p2|Aerodactyl, L50, M|\n|poke|p2|Basculegion, L50, M|\n|poke|p2|Kommo-o, L50, F|\n|poke|p2|Scizor, L50, F|\n|poke|p2|Scovillain, L50, M|\n|poke|p2|Sneasler, L50, F|\n|teampreview|4\n|inactive|Battle timer is ON: inactive players will automatically lose when time's up. (requested by yateblublu)\n|inactive|yateblublu has 60 seconds left.\n|\n|t:|1776414267\n|teamsize|p1|4\n|teamsize|p2|4\n|start\n|switch|p1a: Sandaconda|Sandaconda, L50, F|100/100\n|switch|p1b: Hippowdon|Hippowdon, L50, F|100/100\n|switch|p2a: Scovillain|Scovillain, L50, M|100/100\n|switch|p2b: Scizor|Scizor, L50, F|100/100\n|-weather|Sandstorm|[from] ability: Sand Stream|[of] p1b: Hippowdon\n|turn|1\n|\n|t:|1776414286\n|detailschange|p2a: Scovillain|Scovillain-Mega, L50, M\n|-mega|p2a: Scovillain|Scovillain|Scovillainite\n|move|p1b: Hippowdon|Protect|p1b: Hippowdon\n|-singleturn|p1b: Hippowdon|Protect\n|move|p2a: Scovillain|Rage Powder|p2a: Scovillain\n|-singleturn|p2a: Scovillain|move: Rage Powder\n|move|p1a: Sandaconda|Minimize|p1a: Sandaconda\n|-boost|p1a: Sandaconda|evasion|2\n|move|p2b: Scizor|Swords Dance|p2b: Scizor\n|-boost|p2b: Scizor|atk|2\n|\n|-weather|Sandstorm|[upkeep]\n|-damage|p2a: Scovillain|95/100|[from] Sandstorm\n|upkeep\n|turn|2\n|inactive|SilverGrape has 30 seconds left.\n|\n|t:|1776414315\n|switch|p1b: Spiritomb|Spiritomb, L50, F|100/100\n|move|p2a: Scovillain|Leaf Storm|p1b: Spiritomb|[miss]\n|-miss|p2a: Scovillain|p1b: Spiritomb\n|move|p1a: Sandaconda|Minimize|p1a: Sandaconda\n|-boost|p1a: Sandaconda|evasion|2\n|move|p2b: Scizor|Swords Dance|p2b: Scizor\n|-boost|p2b: Scizor|atk|2\n|\n|-weather|Sandstorm|[upkeep]\n|-damage|p2a: Scovillain|89/100|[from] Sandstorm\n|-damage|p1b: Spiritomb|95/100|[from] Sandstorm\n|upkeep\n|turn|3\n|\n|t:|1776414332\n|move|p2a: Scovillain|Leaf Storm|p1a: Sandaconda|[miss]\n|-miss|p2a: Scovillain|p1a: Sandaconda\n|move|p1a: Sandaconda|Minimize|p1a: Sandaconda\n|-boost|p1a: Sandaconda|evasion|2\n|move|p2b: Scizor|Bug Bite|p1b: Spiritomb\n|-damage|p1b: Spiritomb|0 fnt\n|faint|p1b: Spiritomb\n|\n|-weather|Sandstorm|[upkeep]\n|-damage|p2a: Scovillain|83/100|[from] Sandstorm\n|upkeep\n|\n|t:|1776414348\n|switch|p1b: Hippowdon|Hippowdon, L50, F|100/100\n|turn|4\n|\n|t:|1776414365\n|move|p1b: Hippowdon|Protect|p1b: Hippowdon\n|-singleturn|p1b: Hippowdon|Protect\n|move|p2a: Scovillain|Rage Powder|p2a: Scovillain\n|-singleturn|p2a: Scovillain|move: Rage Powder\n|move|p2b: Scizor|Bullet Punch|p1b: Hippowdon\n|-activate|p1b: Hippowdon|move: Protect\n|move|p1a: Sandaconda|Coil|p1a: Sandaconda\n|-boost|p1a: Sandaconda|atk|1\n|-boost|p1a: Sandaconda|def|1\n|-boost|p1a: Sandaconda|accuracy|1\n|\n|-weather|Sandstorm|[upkeep]\n|-damage|p2a: Scovillain|77/100|[from] Sandstorm\n|upkeep\n|turn|5\n|\n|t:|1776414383\n|move|p2b: Scizor|Bullet Punch|p1b: Hippowdon\n|-damage|p1b: Hippowdon|15/100\n|move|p2a: Scovillain|Leaf Storm|p1b: Hippowdon\n|-supereffective|p1b: Hippowdon|1\n|-damage|p1b: Hippowdon|0 fnt\n|-unboost|p2a: Scovillain|spa|2\n|faint|p1b: Hippowdon\n|move|p1a: Sandaconda|Coil|p1a: Sandaconda\n|-boost|p1a: Sandaconda|atk|1\n|-boost|p1a: Sandaconda|def|1\n|-boost|p1a: Sandaconda|accuracy|1\n|\n|-weather|none\n|upkeep\n|\n|t:|1776414394\n|switch|p1b: Golurk|Golurk, L50|100/100\n|turn|6\n|\n|t:|1776414404\n|detailschange|p1b: Golurk|Golurk-Mega, L50\n|-mega|p1b: Golurk|Golurk|Golurkite\n|move|p2a: Scovillain|Rage Powder|p2a: Scovillain\n|-singleturn|p2a: Scovillain|move: Rage Powder\n|move|p2b: Scizor|Bullet Punch|p1b: Golurk\n|-damage|p1b: Golurk|0 fnt\n|faint|p1b: Golurk\n|move|p1a: Sandaconda|Coil|p1a: Sandaconda\n|-boost|p1a: Sandaconda|atk|1\n|-boost|p1a: Sandaconda|def|1\n|-boost|p1a: Sandaconda|accuracy|1\n|\n|upkeep\n|turn|7\n|\n|t:|1776414417\n|move|p2a: Scovillain|Rage Powder|p2a: Scovillain\n|-singleturn|p2a: Scovillain|move: Rage Powder\n|move|p1a: Sandaconda|Coil|p1a: Sandaconda\n|-boost|p1a: Sandaconda|atk|1\n|-boost|p1a: Sandaconda|def|1\n|-boost|p1a: Sandaconda|accuracy|1\n|move|p2b: Scizor|Swords Dance|p2b: Scizor\n|-boost|p2b: Scizor|atk|2\n|\n|upkeep\n|turn|8\n|\n|t:|1776414430\n|move|p2a: Scovillain|Rage Powder|p2a: Scovillain\n|-singleturn|p2a: Scovillain|move: Rage Powder\n|move|p2b: Scizor|Bullet Punch|p1a: Sandaconda|[miss]\n|-miss|p2b: Scizor|p1a: Sandaconda\n|move|p1a: Sandaconda|Coil|p1a: Sandaconda\n|-boost|p1a: Sandaconda|atk|1\n|-boost|p1a: Sandaconda|def|1\n|-boost|p1a: Sandaconda|accuracy|1\n|\n|upkeep\n|turn|9\n|\n|t:|1776414438\n|move|p2a: Scovillain|Rage Powder|p2a: Scovillain\n|-singleturn|p2a: Scovillain|move: Rage Powder\n|move|p2b: Scizor|Bullet Punch|p1a: Sandaconda|[miss]\n|-miss|p2b: Scizor|p1a: Sandaconda\n|move|p1a: Sandaconda|Coil|p1a: Sandaconda\n|-boost|p1a: Sandaconda|atk|1\n|-boost|p1a: Sandaconda|def|1\n|-boost|p1a: Sandaconda|accuracy|1\n|\n|upkeep\n|turn|10\n|\n|t:|1776414447\n|move|p2a: Scovillain|Rage Powder|p2a: Scovillain\n|-singleturn|p2a: Scovillain|move: Rage Powder\n|move|p2b: Scizor|Bullet Punch|p1a: Sandaconda\n|-damage|p1a: Sandaconda|65/100\n|move|p1a: Sandaconda|Rock Slide|p2b: Scizor|[spread] p2a,p2b\n|-supereffective|p2a: Scovillain|1\n|-damage|p2a: Scovillain|0 fnt\n|-damage|p2b: Scizor|47/100\n|-status|p1a: Sandaconda|brn|[from] ability: Spicy Spray|[of] p2a: Scovillain\n|faint|p2a: Scovillain\n|\n|-damage|p1a: Sandaconda|59/100 brn|[from] brn\n|upkeep\n|\n|t:|1776414454\n|switch|p2a: Kommo-o|Kommo-o, L50, F|100/100\n|turn|11\n|\n|t:|1776414462\n|move|p2b: Scizor|Bullet Punch|p1a: Sandaconda\n|-damage|p1a: Sandaconda|26/100 brn\n|move|p2a: Kommo-o|Clangorous Soul|p2a: Kommo-o\n|-boost|p2a: Kommo-o|atk|1\n|-boost|p2a: Kommo-o|def|1\n|-boost|p2a: Kommo-o|spa|1\n|-boost|p2a: Kommo-o|spd|1\n|-boost|p2a: Kommo-o|spe|1\n|-damage|p2a: Kommo-o|68/100\n|move|p1a: Sandaconda|Rock Slide|p2a: Kommo-o|[spread] p2a,p2b\n|-resisted|p2a: Kommo-o|1\n|-damage|p2a: Kommo-o|60/100\n|-damage|p2b: Scizor|20/100\n|\n|-heal|p2a: Kommo-o|66/100|[from] item: Leftovers\n|-damage|p1a: Sandaconda|19/100 brn|[from] brn\n|upkeep\n|turn|12\n|\n|t:|1776414476\n|move|p2a: Kommo-o|Protect|p2a: Kommo-o\n|-singleturn|p2a: Kommo-o|Protect\n|move|p2b: Scizor|Bullet Punch|p1a: Sandaconda\n|-damage|p1a: Sandaconda|0 fnt\n|faint|p1a: Sandaconda\n|\n|win|yateblublu\n|raw|SilverGrape's rating: 1196 &rarr; <strong>1173</strong><br />(-23 for losing)\n|raw|yateblublu's rating: 1223 &rarr; <strong>1246</strong><br />(+23 for winning)\n|c|\u2606yateblublu|chupala\n",
  "uploadtime": 1776414481,
  "views": 21,
  "formatid": "gen9championsvgc2026regma",
  "rating": 1173,
  "private": 0,
  "password": null
}