{
  "id": "gen9championsvgc2026regma-2587853281",
  "format": "[Gen 9 Champions] VGC 2026 Reg M-A",
  "players": [
    "poopsweq69",
    "Crene"
  ],
  "log": "|j|\u2606poopsweq69\n|j|\u2606Crene\n|t:|1776570822\n|gametype|doubles\n|player|p1|poopsweq69|unknown|1415\n|player|p2|Crene|erika|1416\n|gen|9\n|tier|[Gen 9 Champions] VGC 2026 Reg M-A\n|rated|\n|rule|Species Clause: Limit one of each Pok\u00e9mon\n|rule|Item Clause: Limit 1 of each item\n|clearpoke\n|poke|p1|Floette-Eternal, L50, F|\n|poke|p1|Sinistcha-Masterpiece, L50|\n|poke|p1|Incineroar, L50, F|\n|poke|p1|Sneasler, L50, M|\n|poke|p1|Aerodactyl, L50, M|\n|poke|p1|Scizor, L50, M, shiny|\n|poke|p2|Manectric, L50, M, shiny|\n|poke|p2|Archaludon, L50, M, shiny|\n|poke|p2|Sinistcha, L50|\n|poke|p2|Politoed, L50, M|\n|poke|p2|Scizor, L50, M, shiny|\n|poke|p2|Incineroar, L50, M|\n|teampreview|4\n|inactive|Battle timer is ON: inactive players will automatically lose when time's up. (requested by Crene)\n|inactive|poopsweq69 also wants the timer to be on.\n|inactive|Crene has 60 seconds left.\n|\n|t:|1776570870\n|teamsize|p1|4\n|teamsize|p2|4\n|start\n|switch|p1a: Sneasler|Sneasler, L50, M|100/100\n|switch|p1b: Aerodactyl|Aerodactyl, L50, M|100/100\n|switch|p2a: Scizor|Scizor, L50, M, shiny|100/100\n|switch|p2b: Archaludon|Archaludon, L50, M, shiny|100/100\n|-ability|p1b: Aerodactyl|Unnerve\n|turn|1\n|\n|t:|1776570882\n|detailschange|p2a: Scizor|Scizor-Mega, L50, M, shiny\n|-mega|p2a: Scizor|Scizor|Scizorite\n|move|p1b: Aerodactyl|Rock Slide|p2b: Archaludon|[spread] p2a,p2b\n|-resisted|p2b: Archaludon|1\n|-damage|p2a: Scizor|80/100\n|-damage|p2b: Archaludon|91/100\n|-ability|p2b: Archaludon|Stamina|boost\n|-boost|p2b: Archaludon|def|1\n|move|p1a: Sneasler|Close Combat|p2b: Archaludon\n|-supereffective|p2b: Archaludon|1\n|-crit|p2b: Archaludon\n|-damage|p2b: Archaludon|0 fnt\n|-unboost|p1a: Sneasler|def|1\n|-unboost|p1a: Sneasler|spd|1\n|faint|p2b: Archaludon\n|-enditem|p1a: Sneasler|White Herb\n|-clearnegativeboost|p1a: Sneasler|[silent]\n|cant|p2a: Scizor|flinch\n|\n|upkeep\n|\n|t:|1776570889\n|switch|p2b: Incineroar|Incineroar, L50, M|100/100\n|-ability|p2b: Incineroar|Intimidate|boost\n|-unboost|p1a: Sneasler|atk|1\n|-unboost|p1b: Aerodactyl|atk|1\n|turn|2\n|inactive|poopsweq69 has 30 seconds left.\n|\n|t:|1776570917\n|move|p1a: Sneasler|Close Combat|p2b: Incineroar\n|-supereffective|p2b: Incineroar|1\n|-damage|p2b: Incineroar|25/100\n|-unboost|p1a: Sneasler|def|1\n|-unboost|p1a: Sneasler|spd|1\n|move|p1b: Aerodactyl|Tailwind|p1b: Aerodactyl\n|-sidestart|p1: poopsweq69|move: Tailwind\n|move|p2a: Scizor|Swords Dance|p2a: Scizor\n|-boost|p2a: Scizor|atk|2\n|move|p2b: Incineroar|Will-O-Wisp|p1a: Sneasler|[miss]\n|-miss|p2b: Incineroar|p1a: Sneasler\n|\n|upkeep\n|turn|3\n|\n|t:|1776570931\n|switch|p1a: Sinistcha|Sinistcha-Masterpiece, L50|100/100\n|move|p2a: Scizor|Bullet Punch|p1a: Sinistcha\n|-damage|p1a: Sinistcha|43/100\n|-enditem|p1a: Sinistcha|Sitrus Berry|[eat]\n|-heal|p1a: Sinistcha|67/100|[from] item: Sitrus Berry\n|move|p1b: Aerodactyl|Rock Slide|p2b: Incineroar|[spread] p2a,p2b\n|-supereffective|p2b: Incineroar|1\n|-damage|p2a: Scizor|66/100\n|-damage|p2b: Incineroar|0 fnt\n|faint|p2b: Incineroar\n|\n|upkeep\n|\n|t:|1776570935\n|switch|p2b: Sinistcha|Sinistcha, L50|100/100\n|-heal|p2a: Scizor|91/100|[from] ability: Hospitality|[of] p2b: Sinistcha\n|turn|4\n|\n|t:|1776570957\n|move|p2b: Sinistcha|Protect|p2b: Sinistcha\n|-singleturn|p2b: Sinistcha|Protect\n|move|p2a: Scizor|Bullet Punch|p1b: Aerodactyl\n|-supereffective|p1b: Aerodactyl|1\n|-enditem|p1b: Aerodactyl|Focus Sash\n|-damage|p1b: Aerodactyl|1/100\n|move|p1b: Aerodactyl|Dual Wingbeat|p2b: Sinistcha\n|-activate|p2b: Sinistcha|move: Protect\n|move|p1a: Sinistcha|Life Dew|p1a: Sinistcha|[spread] p1a,p1b\n|-heal|p1a: Sinistcha|93/100\n|-heal|p1b: Aerodactyl|26/100\n|\n|upkeep\n|turn|5\n|\n|t:|1776570973\n|switch|p1b: Floette|Floette-Eternal, L50, F|100/100\n|move|p1a: Sinistcha|Rage Powder|p1a: Sinistcha\n|-singleturn|p1a: Sinistcha|move: Rage Powder\n|move|p2a: Scizor|Bullet Punch|p1a: Sinistcha\n|-damage|p1a: Sinistcha|40/100\n|move|p2b: Sinistcha|Life Dew||[still]|[spread] p2a,p2b\n|-heal|p2a: Scizor|100/100\n|-fail|p2b: Sinistcha|heal\n|\n|-sideend|p1: poopsweq69|move: Tailwind\n|upkeep\n|turn|6\n|\n|t:|1776570988\n|detailschange|p1b: Floette|Floette-Mega, L50, F\n|-mega|p1b: Floette|Floette|Floettite\n|-ability|p1b: Floette|Fairy Aura\n|move|p1a: Sinistcha|Rage Powder|p1a: Sinistcha\n|-singleturn|p1a: Sinistcha|move: Rage Powder\n|move|p2a: Scizor|Bullet Punch|p1a: Sinistcha\n|-damage|p1a: Sinistcha|0 fnt\n|faint|p1a: Sinistcha\n|move|p1b: Floette|Moonblast|p2b: Sinistcha\n|-damage|p2b: Sinistcha|34/100\n|-unboost|p2b: Sinistcha|spa|1\n|move|p2b: Sinistcha|Life Dew||[still]|[spread] p2a,p2b\n|-fail|p2a: Scizor|heal\n|-heal|p2b: Sinistcha|59/100\n|\n|upkeep\n|\n|t:|1776571011\n|switch|p1a: Sneasler|Sneasler, L50, M|100/100\n|turn|7\n|\n|t:|1776571020\n|move|p1a: Sneasler|Fake Out|p2a: Scizor\n|-resisted|p2a: Scizor|1\n|-damage|p2a: Scizor|95/100\n|move|p2b: Sinistcha|Rage Powder|p2b: Sinistcha\n|-singleturn|p2b: Sinistcha|move: Rage Powder\n|cant|p2a: Scizor|flinch\n|move|p1b: Floette|Moonblast|p2b: Sinistcha\n|-damage|p2b: Sinistcha|0 fnt\n|faint|p2b: Sinistcha\n|\n|upkeep\n|turn|8\n|\n|t:|1776571032\n|move|p2a: Scizor|Protect|p2a: Scizor\n|-singleturn|p2a: Scizor|Protect\n|move|p1a: Sneasler|Close Combat|p2a: Scizor\n|-activate|p2a: Scizor|move: Protect\n|move|p1b: Floette|Moonblast|p2a: Scizor\n|-activate|p2a: Scizor|move: Protect\n|\n|upkeep\n|turn|9\n|\n|t:|1776571036\n|move|p2a: Scizor|Bullet Punch|p1b: Floette\n|-supereffective|p1b: Floette|1\n|-crit|p1b: Floette\n|-damage|p1b: Floette|0 fnt\n|faint|p1b: Floette\n|move|p1a: Sneasler|Close Combat|p2a: Scizor\n|-damage|p2a: Scizor|44/100\n|-unboost|p1a: Sneasler|def|1\n|-unboost|p1a: Sneasler|spd|1\n|\n|upkeep\n|\n|t:|1776571044\n|switch|p1b: Aerodactyl|Aerodactyl, L50, M|26/100\n|-ability|p1b: Aerodactyl|Unnerve\n|turn|10\n|inactive|poopsweq69 has 30 seconds left.\n|\n|t:|1776571069\n|move|p1a: Sneasler|Protect|p1a: Sneasler\n|-singleturn|p1a: Sneasler|Protect\n|move|p2a: Scizor|Bullet Punch|p1a: Sneasler\n|-activate|p1a: Sneasler|move: Protect\n|move|p1b: Aerodactyl|Dual Wingbeat|p2a: Scizor\n|-damage|p2a: Scizor|28/100\n|-damage|p2a: Scizor|12/100\n|-hitcount|p2a: Scizor|2\n|\n|upkeep\n|turn|11\n|\n|t:|1776571081\n|move|p2a: Scizor|Bullet Punch|p1a: Sneasler\n|-damage|p1a: Sneasler|0 fnt\n|faint|p1a: Sneasler\n|move|p1b: Aerodactyl|Dual Wingbeat|p2a: Scizor|[miss]\n|-miss|p1b: Aerodactyl|p2a: Scizor\n|\n|upkeep\n|turn|12\n|c|\u2606Crene|ggwp\n|c|\u2606poopsweq69|Wow\n|c|\u2606poopsweq69|Gg ig\n|\n|t:|1776571093\n|move|p2a: Scizor|Bullet Punch|p1b: Aerodactyl\n|-supereffective|p1b: Aerodactyl|1\n|-damage|p1b: Aerodactyl|0 fnt\n|faint|p1b: Aerodactyl\n|\n|win|Crene\n|raw|poopsweq69's rating: 1415 &rarr; <strong>1395</strong><br />(-20 for losing)\n|raw|Crene's rating: 1416 &rarr; <strong>1436</strong><br />(+20 for winning)\n|c|\u2606Crene|I got 4 time flinched w rock slide\n|c|\u2606Crene|a miss is nothing\n|l|\u2606poopsweq69\n|player|p1|\n|l|\u2606Crene\n|player|p2|\n",
  "uploadtime": 1776571174,
  "views": 18,
  "formatid": "gen9championsvgc2026regma",
  "rating": 1395,
  "private": 0,
  "password": null
}