{
  "id": "gen9championsvgc2026regma-2580304851",
  "format": "[Gen 9 Champions] VGC 2026 Reg M-A",
  "players": [
    "Brakmeritus",
    "DNB Weavile"
  ],
  "log": "|j|\u2606Brakmeritus\n|j|\u2606DNB Weavile\n|t:|1775878222\n|gametype|doubles\n|player|p1|Brakmeritus|lady|1040\n|player|p2|DNB Weavile|acetrainerf|1000\n|gen|9\n|tier|[Gen 9 Champions] VGC 2026 Reg M-A\n|rated|\n|rule|Species Clause: Limit one of each Pok\u00e9mon\n|rule|Item Clause: Limit 1 of each item\n|clearpoke\n|poke|p1|Floette-Eternal, L50, F|\n|poke|p1|Maushold, L50|\n|poke|p1|Garchomp, L50, F|\n|poke|p1|Talonflame, L50, F|\n|poke|p1|Rotom-Wash, L50|\n|poke|p1|Aegislash, L50, F|\n|poke|p2|Clefable, L50, F|\n|poke|p2|Talonflame, L50, F|\n|poke|p2|Sneasler, L50, M|\n|poke|p2|Primarina, L50, F|\n|poke|p2|Kangaskhan, L50, F|\n|poke|p2|Kommo-o, L50, M|\n|teampreview|4\n|inactive|Battle timer is ON: inactive players will automatically lose when time's up. (requested by DNB Weavile)\n|c|\u2606DNB Weavile|glhf\nDNB Weavile rejected open team sheets.\n|c|\u2606Brakmeritus|glhf\n|inactive|Brakmeritus has 60 seconds left.\n|inactive|DNB Weavile has 60 seconds left.\n|\n|t:|1775878274\n|teamsize|p1|4\n|teamsize|p2|4\n|start\n|switch|p1a: Talonflame|Talonflame, L50, F|100/100\n|switch|p1b: Garchomp|Garchomp, L50, F|100/100\n|switch|p2a: Clefable|Clefable, L50, F|100/100\n|switch|p2b: Kommo-o|Kommo-o, L50, M|100/100\n|turn|1\n|inactive|Brakmeritus has 30 seconds left.\n|\n|t:|1775878299\n|detailschange|p2a: Clefable|Clefable-Mega, L50, F\n|-mega|p2a: Clefable|Clefable|Clefablite\n|move|p2a: Clefable|Follow Me|p2a: Clefable\n|-singleturn|p2a: Clefable|move: Follow Me\n|move|p1a: Talonflame|Tailwind|p1a: Talonflame\n|-sidestart|p1: Brakmeritus|move: Tailwind\n|move|p1b: Garchomp|Earthquake|p2b: Kommo-o|[spread] p2b\n|-immune|p1a: Talonflame\n|-immune|p2a: Clefable\n|-damage|p2b: Kommo-o|52/100\n|move|p2b: Kommo-o|Clanging Scales|p1b: Garchomp|[spread] p1a,p1b\n|-supereffective|p1b: Garchomp|1\n|-damage|p1a: Talonflame|46/100\n|-damage|p1b: Garchomp|26/100\n|-unboost|p2b: Kommo-o|def|1\n|\n|upkeep\n|turn|2\n|inactive|Brakmeritus has 30 seconds left.\n|inactive|Brakmeritus has 20 seconds left.\n|inactive|Brakmeritus has 15 seconds left.\n|inactive|Brakmeritus has 10 seconds left.\n|\n|t:|1775878347\n|move|p2b: Kommo-o|Protect|p2b: Kommo-o\n|-singleturn|p2b: Kommo-o|Protect\n|move|p1a: Talonflame|Acrobatics|p2b: Kommo-o\n|-activate|p2b: Kommo-o|move: Protect\n|move|p1b: Garchomp|Stone Edge|p2a: Clefable\n|-supereffective|p2a: Clefable|1\n|-damage|p2a: Clefable|55/100\n|move|p2a: Clefable|Moonblast|p1b: Garchomp\n|-supereffective|p1b: Garchomp|1\n|-damage|p1b: Garchomp|0 fnt\n|faint|p1b: Garchomp\n|\n|upkeep\n|\n|t:|1775878362\n|switch|p1b: Aegislash|Aegislash, L50, F|100/100\n|turn|3\n|inactive|DNB Weavile has 30 seconds left.\n|inactive|DNB Weavile has 20 seconds left.\n|\n|t:|1775878402\n|move|p2a: Clefable|Helping Hand|p2b: Kommo-o\n|-singleturn|p2b: Kommo-o|Helping Hand|[of] p2a: Clefable\n|move|p1a: Talonflame|Acrobatics|p2b: Kommo-o\n|-supereffective|p2b: Kommo-o|1\n|-damage|p2b: Kommo-o|0 fnt\n|faint|p2b: Kommo-o\n|-formechange|p1b: Aegislash|Aegislash-Blade|\n|move|p1b: Aegislash|Iron Head|p2a: Clefable\n|-supereffective|p2a: Clefable|1\n|-damage|p2a: Clefable|0 fnt\n|faint|p2a: Clefable\n|\n|upkeep\n|\n|t:|1775878409\n|switch|p2b: Primarina|Primarina, L50, F|100/100\n|switch|p2a: Talonflame|Talonflame, L50, F|100/100\n|turn|4\n|\n|t:|1775878425\n|move|p1a: Talonflame|Protect|p1a: Talonflame\n|-singleturn|p1a: Talonflame|Protect\n|-formechange|p1b: Aegislash|Aegislash|\n|move|p1b: Aegislash|King's Shield|p1b: Aegislash\n|-singleturn|p1b: Aegislash|Protect\n|move|p2a: Talonflame|Tailwind|p2a: Talonflame\n|-sidestart|p2: DNB Weavile|move: Tailwind\n|move|p2b: Primarina|Hyper Voice|p1b: Aegislash|[spread] \n|-activate|p1a: Talonflame|move: Protect\n|-activate|p1b: Aegislash|move: Protect\n|\n|-sideend|p1: Brakmeritus|move: Tailwind\n|upkeep\n|turn|5\n|inactive|Brakmeritus has 30 seconds left.\n|inactive|Brakmeritus has 20 seconds left.\n|inactive|Brakmeritus has 15 seconds left.\n|\n|t:|1775878468\n|move|p2a: Talonflame|Will-O-Wisp|p1b: Aegislash\n|-status|p1b: Aegislash|brn\n|move|p1a: Talonflame|Tailwind|p1a: Talonflame\n|-sidestart|p1: Brakmeritus|move: Tailwind\n|move|p2b: Primarina|Hyper Voice|p1b: Aegislash|[spread] p1a,p1b\n|-supereffective|p1a: Talonflame|1\n|-damage|p1a: Talonflame|0 fnt\n|-damage|p1b: Aegislash|63/100 brn\n|faint|p1a: Talonflame\n|-formechange|p1b: Aegislash|Aegislash-Blade|\n|move|p1b: Aegislash|Iron Head|p2b: Primarina\n|-damage|p2b: Primarina|71/100\n|\n|-heal|p1b: Aegislash|69/100 brn|[from] item: Leftovers\n|-damage|p1b: Aegislash|63/100 brn|[from] brn\n|upkeep\n|\n|t:|1775878482\n|switch|p1a: Floette|Floette-Eternal, L50, F|100/100\n|turn|6\n|inactive|Brakmeritus has 30 seconds left.\n|inactive|Brakmeritus has 20 seconds left.\n|\n|t:|1775878520\n|detailschange|p1a: Floette|Floette-Mega, L50, F\n|-mega|p1a: Floette|Floette|Floettite\n|-ability|p1a: Floette|Fairy Aura\n|move|p2a: Talonflame|Acrobatics|p1a: Floette\n|-damage|p1a: Floette|63/100\n|move|p1b: Aegislash|Shadow Sneak|p2a: Talonflame\n|-damage|p2a: Talonflame|85/100\n|move|p1a: Floette|Dazzling Gleam|p2b: Primarina|[spread] p2a,p2b\n|-resisted|p2a: Talonflame|1\n|-crit|p2b: Primarina\n|-damage|p2a: Talonflame|52/100\n|-damage|p2b: Primarina|3/100\n|move|p2b: Primarina|Hyper Voice|p1a: Floette|[spread] p1a,p1b\n|-crit|p1a: Floette\n|-damage|p1a: Floette|14/100\n|-damage|p1b: Aegislash|0 fnt\n|faint|p1b: Aegislash\n|\n|upkeep\n|turn|7\n|\n|t:|1775878542\n|move|p2a: Talonflame|Acrobatics|p1a: Floette\n|-damage|p1a: Floette|0 fnt\n|faint|p1a: Floette\n|\n|win|DNB Weavile\n|raw|Brakmeritus's rating: 1040 &rarr; <strong>1022</strong><br />(-18 for losing)\n|raw|DNB Weavile's rating: 1000 &rarr; <strong>1045</strong><br />(+45 for winning)\n",
  "uploadtime": 1775878542,
  "views": 14,
  "formatid": "gen9championsvgc2026regma",
  "rating": 1022,
  "private": 0,
  "password": null
}