{
  "id": "gen9championsvgc2026regma-2581171170",
  "format": "[Gen 9 Champions] VGC 2026 Reg M-A",
  "players": [
    "ahizzar",
    "dguiratheboon"
  ],
  "log": "|j|\u2606ahizzar\n|j|\u2606dguiratheboon\n|t:|1775966856\n|gametype|doubles\n|player|p1|ahizzar|red|1000\n|player|p2|dguiratheboon|2|1000\n|gen|9\n|tier|[Gen 9 Champions] VGC 2026 Reg M-A\n|rated|\n|rule|Species Clause: Limit one of each Pok\u00e9mon\n|rule|Item Clause: Limit 1 of each item\n|clearpoke\n|poke|p1|Meganium, L50, F|\n|poke|p1|Archaludon, L50, M|\n|poke|p1|Politoed, L50, M|\n|poke|p1|Basculegion, L50, M|\n|poke|p1|Talonflame, L50, F|\n|poke|p1|Maushold-Four, L50|\n|poke|p2|Starmie, L50|\n|poke|p2|Pelipper, L50, M|\n|poke|p2|Arcanine, L50, F|\n|poke|p2|Florges, L50, F|\n|poke|p2|Banette, L50, M|\n|poke|p2|Skarmory, L50, M|\n|teampreview|4\n|inactive|Battle timer is ON: inactive players will automatically lose when time's up. (requested by ahizzar)\nahizzar rejected open team sheets.\n|inactive|dguiratheboon has 60 seconds left.\n|\n|t:|1775966909\n|teamsize|p1|4\n|teamsize|p2|4\n|start\n|switch|p1a: Politoed|Politoed, L50, M|100/100\n|switch|p1b: Maushold|Maushold-Four, L50|100/100\n|switch|p2a: Starmie|Starmie, L50|100/100\n|switch|p2b: Skarmory|Skarmory, L50, M, shiny|100/100\n|-weather|RainDance|[from] ability: Drizzle|[of] p1a: Politoed\n|turn|1\n|\n|t:|1775966930\n|move|p1a: Politoed|Protect|p1a: Politoed\n|-singleturn|p1a: Politoed|Protect\n|move|p1b: Maushold|Taunt|p2b: Skarmory\n|-start|p2b: Skarmory|move: Taunt\n|move|p2a: Starmie|Bulk Up|p2a: Starmie\n|-boost|p2a: Starmie|atk|1\n|-boost|p2a: Starmie|def|1\n|cant|p2b: Skarmory|move: Taunt|Swords Dance\n|\n|-weather|RainDance|[upkeep]\n|upkeep\n|turn|2\n|inactive|dguiratheboon has 30 seconds left.\n|inactive|dguiratheboon has 20 seconds left.\n|inactive|dguiratheboon has 15 seconds left.\n|inactive|dguiratheboon has 10 seconds left.\n|\n|t:|1775966979\n|switch|p1a: Archaludon|Archaludon, L50, M|100/100\n|detailschange|p2b: Skarmory|Skarmory-Mega, L50, M, shiny\n|-mega|p2b: Skarmory|Skarmory|Skarmorite\n|move|p2a: Starmie|Aqua Jet|p1b: Maushold\n|-damage|p1b: Maushold|50/100\n|move|p1b: Maushold|Taunt|p2a: Starmie\n|-start|p2a: Starmie|move: Taunt\n|move|p2b: Skarmory|Brave Bird|p1a: Archaludon\n|-resisted|p1a: Archaludon|1\n|-damage|p1a: Archaludon|80/100\n|-damage|p2b: Skarmory|93/100|[from] Recoil\n|\n|-weather|RainDance|[upkeep]\n|upkeep\n|turn|3\n|inactive|dguiratheboon has 30 seconds left.\n|\n|t:|1775967007\n|move|p1b: Maushold|Follow Me|p1b: Maushold\n|-singleturn|p1b: Maushold|move: Follow Me\n|move|p2a: Starmie|Aqua Jet|p1b: Maushold\n|-damage|p1b: Maushold|0 fnt\n|faint|p1b: Maushold\n|move|p2b: Skarmory|Iron Head|p1a: Archaludon\n|-resisted|p1a: Archaludon|1\n|-damage|p1a: Archaludon|62/100\n|cant|p1a: Archaludon|flinch\n|\n|-weather|RainDance|[upkeep]\n|-end|p2b: Skarmory|move: Taunt\n|upkeep\n|\n|t:|1775967022\n|switch|p1b: Meganium|Meganium, L50, F|100/100\n|turn|4\n|\n|t:|1775967034\n|detailschange|p1b: Meganium|Meganium-Mega, L50, F\n|-mega|p1b: Meganium|Meganium|Meganiumite\n|move|p2a: Starmie|Aqua Jet|p1a: Archaludon\n|-resisted|p1a: Archaludon|1\n|-damage|p1a: Archaludon|45/100\n|move|p2b: Skarmory|Swords Dance|p2b: Skarmory\n|-boost|p2b: Skarmory|atk|2\n|move|p1b: Meganium|Solar Beam||[still]\n|-prepare|p1b: Meganium|Solar Beam\n|-activate|p1b: Meganium|ability: Mega Sol\n|-anim|p1b: Meganium|Solar Beam|p2a: Starmie\n|-supereffective|p2a: Starmie|1\n|-damage|p2a: Starmie|0 fnt\n|faint|p2a: Starmie\n|move|p1a: Archaludon|Electro Shot||[still]\n|-prepare|p1a: Archaludon|Electro Shot\n|-boost|p1a: Archaludon|spa|1\n|-anim|p1a: Archaludon|Electro Shot|p2b: Skarmory\n|-supereffective|p2b: Skarmory|1\n|-damage|p2b: Skarmory|0 fnt\n|faint|p2b: Skarmory\n|\n|-weather|RainDance|[upkeep]\n|upkeep\n|\n|t:|1775967053\n|switch|p2b: Arcanine|Arcanine, L50, F|100/100\n|switch|p2a: Banette|Banette, L50, M|100/100\n|-ability|p2b: Arcanine|Intimidate|boost\n|-unboost|p1a: Archaludon|atk|1\n|-unboost|p1b: Meganium|atk|1\n|-item|p1a: Archaludon|White Herb|[from] ability: Frisk|[of] p2a: Banette\n|-item|p1b: Meganium|Meganiumite|[from] ability: Frisk|[of] p2a: Banette\n|-enditem|p1a: Archaludon|White Herb\n|-clearnegativeboost|p1a: Archaludon|[silent]\n|turn|5\n|inactive|ahizzar has 30 seconds left.\n|inactive|dguiratheboon has 30 seconds left.\n|inactive|ahizzar has 20 seconds left.\n|\n|t:|1775967091\n|switch|p1a: Politoed|Politoed, L50, M|100/100\n|move|p2b: Arcanine|Protect|p2b: Arcanine\n|-singleturn|p2b: Arcanine|Protect\n|move|p1b: Meganium|Protect|p1b: Meganium\n|-singleturn|p1b: Meganium|Protect\n|move|p2a: Banette|Trailblaze|p1a: Politoed\n|-supereffective|p1a: Politoed|1\n|-damage|p1a: Politoed|65/100\n|-boost|p2a: Banette|spe|1\n|\n|-weather|none\n|upkeep\n|turn|6\n|inactive|ahizzar has 30 seconds left.\n|\n|t:|1775967123\n|move|p2b: Arcanine|Extreme Speed|p1b: Meganium\n|-damage|p1b: Meganium|74/100\n|move|p2a: Banette|Trailblaze|p1a: Politoed\n|-supereffective|p1a: Politoed|1\n|-damage|p1a: Politoed|24/100\n|-boost|p2a: Banette|spe|1\n|-enditem|p1a: Politoed|Sitrus Berry|[eat]\n|-heal|p1a: Politoed|49/100|[from] item: Sitrus Berry\n|move|p1b: Meganium|Solar Beam||[still]\n|-prepare|p1b: Meganium|Solar Beam\n|-activate|p1b: Meganium|ability: Mega Sol\n|-anim|p1b: Meganium|Solar Beam|p2a: Banette\n|-enditem|p2a: Banette|Focus Sash\n|-damage|p2a: Banette|1/100\n|move|p1a: Politoed|Icy Wind|p2a: Banette|[spread] p2b\n|-miss|p1a: Politoed|p2a: Banette\n|-resisted|p2b: Arcanine|1\n|-damage|p2b: Arcanine|95/100\n|-unboost|p2b: Arcanine|spe|1\n|\n|upkeep\n|turn|7\n|inactive|ahizzar has 30 seconds left.\n|\n|t:|1775967153\n|switch|p1a: Archaludon|Archaludon, L50, M|45/100\n|move|p1b: Meganium|Protect|p1b: Meganium\n|-singleturn|p1b: Meganium|Protect\n|move|p2a: Banette|Destiny Bond|p2a: Banette\n|-singlemove|p2a: Banette|Destiny Bond\n|move|p2b: Arcanine|Flare Blitz|p1b: Meganium\n|-activate|p1b: Meganium|move: Protect\n|\n|upkeep\n|turn|8\n|inactive|dguiratheboon has 30 seconds left.\n|\n|t:|1775967187\n|switch|p1a: Politoed|Politoed, L50, M|49/100\n|-weather|RainDance|[from] ability: Drizzle|[of] p1a: Politoed\n|move|p2a: Banette|Poltergeist|p1b: Meganium\n|-activate|p1b: Meganium|move: Poltergeist|Meganiumite\n|-damage|p1b: Meganium|23/100\n|move|p1b: Meganium|Weather Ball|p2b: Arcanine\n|-resisted|p2b: Arcanine|1\n|-damage|p2b: Arcanine|71/100\n|move|p2b: Arcanine|Close Combat|p1a: Politoed\n|-damage|p1a: Politoed|10/100\n|-unboost|p2b: Arcanine|def|1\n|-unboost|p2b: Arcanine|spd|1\n|\n|-weather|RainDance|[upkeep]\n|upkeep\n|turn|9\n|inactive|ahizzar has 30 seconds left.\n|inactive|dguiratheboon has 30 seconds left.\n|\n|t:|1775967214\n|move|p2a: Banette|Protect|p2a: Banette\n|-singleturn|p2a: Banette|Protect\n|move|p1b: Meganium|Protect|p1b: Meganium\n|-singleturn|p1b: Meganium|Protect\n|move|p2b: Arcanine|Extreme Speed|p1b: Meganium\n|-activate|p1b: Meganium|move: Protect\n|move|p1a: Politoed|Icy Wind|p2a: Banette|[spread] p2b\n|-activate|p2a: Banette|move: Protect\n|-resisted|p2b: Arcanine|1\n|-damage|p2b: Arcanine|63/100\n|-unboost|p2b: Arcanine|spe|1\n|\n|-weather|RainDance|[upkeep]\n|upkeep\n|turn|10\n|\n|t:|1775967234\n|switch|p1b: Archaludon|Archaludon, L50, M|45/100\n|move|p2b: Arcanine|Extreme Speed|p1b: Archaludon\n|-resisted|p1b: Archaludon|1\n|-damage|p1b: Archaludon|35/100\n|move|p2a: Banette|Destiny Bond|p2a: Banette\n|-singlemove|p2a: Banette|Destiny Bond\n|move|p1a: Politoed|Weather Ball|p2b: Arcanine\n|-supereffective|p2b: Arcanine|1\n|-damage|p2b: Arcanine|0 fnt\n|faint|p2b: Arcanine\n|\n|-weather|RainDance|[upkeep]\n|upkeep\n|turn|11\n|inactive|dguiratheboon has 30 seconds left.\n|\n|t:|1775967261\n|move|p2a: Banette|Poltergeist||[still]\n|-fail|p2a: Banette\n|move|p1b: Archaludon|Electro Shot||[still]\n|-prepare|p1b: Archaludon|Electro Shot\n|-boost|p1b: Archaludon|spa|1\n|-anim|p1b: Archaludon|Electro Shot|p2a: Banette\n|-damage|p2a: Banette|0 fnt\n|faint|p2a: Banette\n|\n|win|ahizzar\n|raw|ahizzar's rating: 1000 &rarr; <strong>1040</strong><br />(+40 for winning)\n|raw|dguiratheboon's rating: 1000 &rarr; <strong>1000</strong><br />(+0 for losing)\n",
  "uploadtime": 1775967271,
  "views": 12,
  "formatid": "gen9championsvgc2026regma",
  "rating": 1000,
  "private": 0,
  "password": null
}