{
  "id": "gen9championsvgc2026regma-2584295093",
  "format": "[Gen 9 Champions] VGC 2026 Reg M-A",
  "players": [
    "bunnu",
    "SimMikaze"
  ],
  "log": "|j|\u2606bunnu\n|j|\u2606SimMikaze\n|t:|1776248201\n|gametype|doubles\n|player|p1|bunnu|102|1056\n|player|p2|SimMikaze|miku-ghost|1145\n|gen|9\n|tier|[Gen 9 Champions] VGC 2026 Reg M-A\n|rated|\n|rule|Species Clause: Limit one of each Pok\u00e9mon\n|rule|Item Clause: Limit 1 of each item\n|clearpoke\n|poke|p1|Pikachu, L50, M|\n|poke|p1|Blastoise, L50, M|\n|poke|p1|Gardevoir, L50, F|\n|poke|p1|Incineroar, L50, M|\n|poke|p1|Garchomp, L50, F|\n|poke|p1|Talonflame, L50, F|\n|poke|p2|Gardevoir, L50, F|\n|poke|p2|Sinistcha, L50|\n|poke|p2|Incineroar, L50, M|\n|poke|p2|Rotom-Wash, L50|\n|poke|p2|Garchomp, L50, F|\n|poke|p2|Tyranitar, L50, M|\n|teampreview|4\n|c|\u2606SimMikaze|Pikachu?\n|\n|t:|1776248257\n|teamsize|p1|4\n|teamsize|p2|4\n|start\n|switch|p1a: Talonflame|Talonflame, L50, F|100/100\n|switch|p1b: Garchomp|Garchomp, L50, F|100/100\n|switch|p2a: Gardevoir|Gardevoir, L50, F, shiny|100/100\n|switch|p2b: Incineroar|Incineroar, L50, M, shiny|100/100\n|-ability|p2b: Incineroar|Intimidate|boost\n|-unboost|p1a: Talonflame|atk|1\n|-unboost|p1b: Garchomp|atk|1\n|turn|1\n|\n|t:|1776248276\n|detailschange|p2a: Gardevoir|Gardevoir-Mega, L50, F, shiny\n|-mega|p2a: Gardevoir|Gardevoir|Gardevoirite\n|move|p1a: Talonflame|Protect|p1a: Talonflame\n|-singleturn|p1a: Talonflame|Protect\n|move|p2b: Incineroar|Fake Out|p1b: Garchomp\n|-damage|p1b: Garchomp|89/100\n|-damage|p2b: Incineroar|88/100|[from] ability: Rough Skin|[of] p1b: Garchomp\n|cant|p1b: Garchomp|flinch\n|move|p2a: Gardevoir|Trick Room|p2a: Gardevoir\n|-fieldstart|move: Trick Room|[of] p2a: Gardevoir\n|\n|upkeep\n|turn|2\n|\n|t:|1776248298\n|switch|p1b: Incineroar|Incineroar, L50, M|100/100\n|-ability|p1b: Incineroar|Intimidate|boost\n|-unboost|p2a: Gardevoir|atk|1\n|-unboost|p2b: Incineroar|atk|1\n|move|p1a: Talonflame|Dual Wingbeat|p2a: Gardevoir\n|-damage|p2a: Gardevoir|86/100\n|-damage|p2a: Gardevoir|71/100\n|-hitcount|p2a: Gardevoir|2\n|move|p2b: Incineroar|Parting Shot|p1b: Incineroar\n|-unboost|p1b: Incineroar|atk|1\n|-unboost|p1b: Incineroar|spa|1\n|\n|t:|1776248304\n|switch|p2b: Rotom|Rotom-Wash, L50|100/100|[from] Parting Shot\n|move|p2a: Gardevoir|Hyper Voice|p1b: Incineroar|[spread] p1a,p1b\n|-resisted|p1a: Talonflame|1\n|-damage|p1a: Talonflame|64/100\n|-damage|p1b: Incineroar|62/100\n|\n|upkeep\n|turn|3\n|\n|t:|1776248347\n|switch|p2b: Incineroar|Incineroar, L50, M, shiny|88/100\n|-ability|p2b: Incineroar|Intimidate|boost\n|-unboost|p1a: Talonflame|atk|1\n|-unboost|p1b: Incineroar|atk|1\n|move|p1b: Incineroar|Flare Blitz|p2a: Gardevoir\n|-damage|p2a: Gardevoir|43/100\n|-damage|p1b: Incineroar|54/100|[from] Recoil\n|move|p2a: Gardevoir|Hyper Voice|p1a: Talonflame|[spread] p1a,p1b\n|-resisted|p1a: Talonflame|1\n|-damage|p1a: Talonflame|28/100\n|-damage|p1b: Incineroar|18/100\n|-enditem|p1b: Incineroar|Sitrus Berry|[eat]\n|-heal|p1b: Incineroar|43/100|[from] item: Sitrus Berry\n|move|p1a: Talonflame|Dual Wingbeat|p2a: Gardevoir\n|-damage|p2a: Gardevoir|32/100\n|-damage|p2a: Gardevoir|20/100\n|-hitcount|p2a: Gardevoir|2\n|\n|upkeep\n|turn|4\n|\n|t:|1776248371\n|move|p2b: Incineroar|Fake Out|p1b: Incineroar\n|-damage|p1b: Incineroar|33/100\n|cant|p1b: Incineroar|flinch\n|move|p2a: Gardevoir|Hyper Voice|p1a: Talonflame|[spread] p1a,p1b\n|-resisted|p1a: Talonflame|1\n|-damage|p1a: Talonflame|0 fnt\n|-damage|p1b: Incineroar|0 fnt\n|faint|p1a: Talonflame\n|faint|p1b: Incineroar\n|\n|upkeep\n|\n|t:|1776248405\n|switch|p1b: Garchomp|Garchomp, L50, F|89/100\n|switch|p1a: Gardevoir|Gardevoir, L50, F|100/100\n|turn|5\n|\n|t:|1776248424\n|switch|p2b: Rotom|Rotom-Wash, L50|100/100\n|detailschange|p1a: Gardevoir|Gardevoir-Mega, L50, F\n|-mega|p1a: Gardevoir|Gardevoir|Gardevoirite\n|move|p1b: Garchomp|Protect|p1b: Garchomp\n|-singleturn|p1b: Garchomp|Protect\n|move|p2a: Gardevoir|Hyper Voice|p1a: Gardevoir|[spread] p1a\n|-activate|p1b: Garchomp|move: Protect\n|-damage|p1a: Gardevoir|52/100\n|move|p1a: Gardevoir|Calm Mind|p1a: Gardevoir\n|-boost|p1a: Gardevoir|spa|1\n|-boost|p1a: Gardevoir|spd|1\n|\n|-fieldend|move: Trick Room\n|upkeep\n|turn|6\n|\n|t:|1776248450\n|move|p2b: Rotom|Thunderbolt|p1a: Gardevoir\n|-damage|p1a: Gardevoir|23/100\n|move|p1b: Garchomp|Stomping Tantrum|p2b: Rotom\n|-immune|p2b: Rotom|[from] ability: Levitate\n|move|p1a: Gardevoir|Calm Mind|p1a: Gardevoir\n|-boost|p1a: Gardevoir|spa|1\n|-boost|p1a: Gardevoir|spd|1\n|move|p2a: Gardevoir|Hyper Voice|p1b: Garchomp|[spread] p1a,p1b\n|-supereffective|p1b: Garchomp|1\n|-damage|p1a: Gardevoir|0 fnt\n|-damage|p1b: Garchomp|0 fnt\n|faint|p1a: Gardevoir\n|faint|p1b: Garchomp\n|\n|win|SimMikaze\n|raw|bunnu's rating: 1056 &rarr; <strong>1042</strong><br />(-14 for losing)\n|raw|SimMikaze's rating: 1145 &rarr; <strong>1164</strong><br />(+19 for winning)\n",
  "uploadtime": 1776248452,
  "views": 19,
  "formatid": "gen9championsvgc2026regma",
  "rating": 1042,
  "private": 0,
  "password": null
}