{
  "id": "gen9championsvgc2026regma-2589460395",
  "format": "[Gen 9 Champions] VGC 2026 Reg M-A",
  "players": [
    "Radagui95",
    "upgrade0330"
  ],
  "log": "|j|\u2606Radagui95\n|j|\u2606upgrade0330\n|t:|1776724936\n|gametype|doubles\n|player|p1|Radagui95|170|1042\n|player|p2|upgrade0330|cynthia-gen4|1000\n|gen|9\n|tier|[Gen 9 Champions] VGC 2026 Reg M-A\n|rated|\n|rule|Species Clause: Limit one of each Pok\u00e9mon\n|rule|Item Clause: Limit 1 of each item\n|clearpoke\n|poke|p1|Trevenant, L50, M, shiny|\n|poke|p1|Aerodactyl, L50, M|\n|poke|p1|Charizard, L50, F, shiny|\n|poke|p1|Sneasler, L50, M|\n|poke|p1|Archaludon, L50, M, shiny|\n|poke|p1|Basculegion, L50, M|\n|poke|p2|Gengar, L50, M|\n|poke|p2|Whimsicott, L50, M|\n|poke|p2|Incineroar, L50, M|\n|poke|p2|Excadrill, L50, M|\n|poke|p2|Palafin, L50, M|\n|poke|p2|Maushold, L50|\n|teampreview|4\nupgrade0330 rejected open team sheets.\n|\n|t:|1776724982\n|teamsize|p1|4\n|teamsize|p2|4\n|start\n|switch|p1a: Sneasler|Sneasler, L50, M|100/100\n|switch|p1b: Basculegion|Basculegion, L50, M|100/100\n|switch|p2a: Whimsicott|Whimsicott, L50, M|100/100\n|switch|p2b: Incineroar|Incineroar, L50, M|100/100\n|-ability|p2b: Incineroar|Intimidate|boost\n|-unboost|p1a: Sneasler|atk|1\n|-unboost|p1b: Basculegion|atk|1\n|-enditem|p1a: Sneasler|White Herb\n|-clearnegativeboost|p1a: Sneasler|[silent]\n|turn|1\n|\n|t:|1776725007\n|move|p1a: Sneasler|Fake Out|p2b: Incineroar\n|-damage|p2b: Incineroar|88/100\n|cant|p2b: Incineroar|flinch\n|move|p2a: Whimsicott|Taunt|p1b: Basculegion\n|-start|p1b: Basculegion|move: Taunt\n|move|p1b: Basculegion|Wave Crash|p2b: Incineroar\n|-supereffective|p2b: Incineroar|1\n|-crit|p2b: Incineroar\n|-damage|p2b: Incineroar|0 fnt\n|faint|p2b: Incineroar\n|-damage|p1b: Basculegion|71/100|[from] Recoil\n|\n|upkeep\n|c|\u2606upgrade0330|:(\n|\n|t:|1776725026\n|switch|p2b: Palafin|Palafin, L50, M|100/100\n|turn|2\n|\n|t:|1776725039\n|switch|p1b: Aerodactyl|Aerodactyl, L50, M|100/100\n|move|p2a: Whimsicott|Encore|p1a: Sneasler\n|-start|p1a: Sneasler|Encore\n|move|p1a: Sneasler|Fake Out||[still]\n|-hint|Fake Out only works on your first turn out.\n|-fail|p1a: Sneasler\n|move|p2b: Palafin|Flip Turn|p1a: Sneasler\n|-damage|p1a: Sneasler|62/100\n|\n|t:|1776725048\n|detailschange|p2b: Palafin|Palafin-Hero, L50, M\n|switch|p2b: Gengar|Gengar, L50, M|100/100|[from] Flip Turn\n|\n|upkeep\n|turn|3\n|\n|t:|1776725071\n|switch|p1a: Archaludon|Archaludon, L50, M, shiny|100/100\n|switch|p2a: Palafin|Palafin-Hero, L50, M|100/100\n|-activate|p2a: Palafin|ability: Zero to Hero\n|detailschange|p2b: Gengar|Gengar-Mega, L50, M\n|-mega|p2b: Gengar|Gengar|Gengarite\n|move|p2b: Gengar|Protect|p2b: Gengar\n|-singleturn|p2b: Gengar|Protect\n|move|p1b: Aerodactyl|Tailwind|p1b: Aerodactyl\n|-sidestart|p1: Radagui95|move: Tailwind\n|\n|upkeep\n|turn|4\n|\n|t:|1776725118\n|move|p2a: Palafin|Jet Punch|p1b: Aerodactyl\n|-supereffective|p1b: Aerodactyl|1\n|-damage|p1b: Aerodactyl|16/100\n|move|p1b: Aerodactyl|Dual Wingbeat|p2a: Palafin\n|-damage|p2a: Palafin|84/100\n|-crit|p2a: Palafin\n|-damage|p2a: Palafin|60/100\n|-hitcount|p2a: Palafin|2\n|move|p1a: Archaludon|Thunderbolt|p2a: Palafin\n|-supereffective|p2a: Palafin|1\n|-damage|p2a: Palafin|0 fnt\n|faint|p2a: Palafin\n|move|p2b: Gengar|Shadow Ball|p1a: Archaludon\n|-damage|p1a: Archaludon|31/100\n|-ability|p1a: Archaludon|Stamina|boost\n|-boost|p1a: Archaludon|def|1\n|\n|-heal|p1a: Archaludon|37/100|[from] item: Leftovers\n|upkeep\n|\n|t:|1776725135\n|switch|p2a: Whimsicott|Whimsicott, L50, M|100/100\n|turn|5\n|\n|t:|1776725151\n|move|p2a: Whimsicott|Protect|p2a: Whimsicott\n|-singleturn|p2a: Whimsicott|Protect\n|move|p2b: Gengar|Protect|p2b: Gengar\n|-singleturn|p2b: Gengar|Protect\n|move|p1b: Aerodactyl|Rock Slide|p2b: Gengar|[spread] \n|-activate|p2a: Whimsicott|move: Protect\n|-activate|p2b: Gengar|move: Protect\n|move|p1a: Archaludon|Draco Meteor|p2b: Gengar\n|-activate|p2b: Gengar|move: Protect\n|\n|-heal|p1a: Archaludon|43/100|[from] item: Leftovers\n|upkeep\n|turn|6\n|\n|t:|1776725169\n|move|p1b: Aerodactyl|Rock Slide|p2b: Gengar|[spread] p2a,p2b\n|-damage|p2a: Whimsicott|80/100\n|-damage|p2b: Gengar|67/100\n|move|p1a: Archaludon|Draco Meteor|p2b: Gengar\n|-damage|p2b: Gengar|0 fnt\n|-unboost|p1a: Archaludon|spa|2\n|faint|p2b: Gengar\n|move|p2a: Whimsicott|Dazzling Gleam|p1a: Archaludon|[spread] p1a,p1b\n|-damage|p1a: Archaludon|23/100\n|-damage|p1b: Aerodactyl|0 fnt\n|-ability|p1a: Archaludon|Stamina|boost\n|-boost|p1a: Archaludon|def|1\n|faint|p1b: Aerodactyl\n|\n|-heal|p1a: Archaludon|29/100|[from] item: Leftovers\n|-sideend|p1: Radagui95|move: Tailwind\n|upkeep\n|\n|t:|1776725177\n|switch|p1b: Sneasler|Sneasler, L50, M|62/100\n|turn|7\n|\n|t:|1776725188\n|move|p2a: Whimsicott|Encore|p1a: Archaludon\n|-start|p1a: Archaludon|Encore\n|move|p1b: Sneasler|Dire Claw|p2a: Whimsicott\n|-supereffective|p2a: Whimsicott|2\n|-damage|p2a: Whimsicott|0 fnt\n|faint|p2a: Whimsicott\n|\n|win|Radagui95\n|raw|Radagui95's rating: 1042 &rarr; <strong>1072</strong><br />(+30 for winning)\n|raw|upgrade0330's rating: 1000 &rarr; <strong>1000</strong><br />(+0 for losing)\n",
  "uploadtime": 1776725194,
  "views": 4,
  "formatid": "gen9championsvgc2026regma",
  "rating": 1000,
  "private": 0,
  "password": null
}