{
  "id": "gen9championsvgc2026regma-2588763824",
  "format": "[Gen 9 Champions] VGC 2026 Reg M-A",
  "players": [
    "noRNGplz",
    "Choppy_26"
  ],
  "log": "|j|\u2606noRNGplz\n|j|\u2606Choppy_26\n|t:|1776667691\n|gametype|doubles\n|player|p1|noRNGplz|265|1354\n|player|p2|Choppy_26|265|1306\n|gen|9\n|tier|[Gen 9 Champions] VGC 2026 Reg M-A\n|rated|\n|rule|Species Clause: Limit one of each Pok\u00e9mon\n|rule|Item Clause: Limit 1 of each item\n|clearpoke\n|poke|p1|Goodra-Hisui, L50, F|\n|poke|p1|Sneasler, L50, F|\n|poke|p1|Basculegion, L50, M|\n|poke|p1|Sinistcha-Masterpiece, L50|\n|poke|p1|Aerodactyl, L50, F|\n|poke|p1|Delphox, L50, F|\n|poke|p2|Scovillain, L50, F|\n|poke|p2|Conkeldurr, L50, F|\n|poke|p2|Gengar, L50, M|\n|poke|p2|Aegislash, L50, M|\n|poke|p2|Farigiraf, L50, F|\n|poke|p2|Politoed, L50, F|\n|teampreview|4\n|inactive|Battle timer is ON: inactive players will automatically lose when time's up. (requested by Choppy_26)\n|inactive|Choppy_26 has 60 seconds left.\n|\n|t:|1776667742\n|teamsize|p1|4\n|teamsize|p2|4\n|start\n|switch|p1a: Delphox|Delphox, L50, F|100/100\n|switch|p1b: Goodra|Goodra-Hisui, L50, F|100/100\n|switch|p2a: Politoed|Politoed, L50, F|100/100\n|switch|p2b: Scovillain|Scovillain, L50, F|100/100\n|-weather|RainDance|[from] ability: Drizzle|[of] p2a: Politoed\n|turn|1\n|\n|t:|1776667758\n|move|p1a: Delphox|Protect|p1a: Delphox\n|-singleturn|p1a: Delphox|Protect\n|move|p2b: Scovillain|Protect|p2b: Scovillain\n|-singleturn|p2b: Scovillain|Protect\n|move|p2a: Politoed|Weather Ball|p1a: Delphox\n|-activate|p1a: Delphox|move: Protect\n|move|p1b: Goodra|Shelter|p1b: Goodra\n|-boost|p1b: Goodra|def|2\n|\n|-weather|RainDance|[upkeep]\n|-ability|p2b: Scovillain|Moody|boost\n|-boost|p2b: Scovillain|def|2\n|-unboost|p2b: Scovillain|atk|1\n|upkeep\n|turn|2\n|inactive|Choppy_26 has 30 seconds left.\n|\n|t:|1776667784\n|detailschange|p1a: Delphox|Delphox-Mega, L50, F\n|-mega|p1a: Delphox|Delphox|Delphoxite\n|move|p1a: Delphox|Encore|p2b: Scovillain\n|-start|p2b: Scovillain|Encore\n|move|p2b: Scovillain|Protect||[still]\n|-fail|p2b: Scovillain\n|move|p2a: Politoed|Weather Ball|p1a: Delphox\n|-supereffective|p1a: Delphox|1\n|-damage|p1a: Delphox|8/100\n|move|p1b: Goodra|Body Press|p2a: Politoed\n|-damage|p2a: Politoed|47/100\n|\n|-weather|RainDance|[upkeep]\n|-heal|p2a: Politoed|53/100|[from] item: Leftovers\n|-ability|p2b: Scovillain|Moody|boost\n|-boost|p2b: Scovillain|spa|2\n|-unboost|p2b: Scovillain|atk|1\n|upkeep\n|turn|3\n|inactive|noRNGplz has 30 seconds left.\n|\n|t:|1776667810\n|move|p2b: Scovillain|Protect|p2b: Scovillain\n|-singleturn|p2b: Scovillain|Protect\n|move|p1a: Delphox|Psychic|p2a: Politoed\n|-damage|p2a: Politoed|16/100\n|move|p2a: Politoed|Weather Ball|p1a: Delphox\n|-supereffective|p1a: Delphox|1\n|-damage|p1a: Delphox|0 fnt\n|faint|p1a: Delphox\n|move|p1b: Goodra|Body Press|p2a: Politoed\n|-damage|p2a: Politoed|0 fnt\n|faint|p2a: Politoed\n|\n|-weather|RainDance|[upkeep]\n|-ability|p2b: Scovillain|Moody|boost\n|-boost|p2b: Scovillain|spe|2\n|-unboost|p2b: Scovillain|atk|1\n|upkeep\n|\n|t:|1776667827\n|switch|p1a: Aerodactyl|Aerodactyl, L50, F|100/100\n|switch|p2a: Conkeldurr|Conkeldurr, L50, F|100/100\n|-ability|p1a: Aerodactyl|Unnerve\n|turn|4\n|inactive|Choppy_26 has 30 seconds left.\n|\n|t:|1776667854\n|detailschange|p2b: Scovillain|Scovillain-Mega, L50, F\n|-mega|p2b: Scovillain|Scovillain|Scovillainite\n|move|p2b: Scovillain|Protect|p2b: Scovillain\n|-singleturn|p2b: Scovillain|Protect\n|move|p2a: Conkeldurr|Protect|p2a: Conkeldurr\n|-singleturn|p2a: Conkeldurr|Protect\n|move|p1a: Aerodactyl|Tailwind|p1a: Aerodactyl\n|-sidestart|p1: noRNGplz|move: Tailwind\n|move|p1b: Goodra|Shelter|p1b: Goodra\n|-boost|p1b: Goodra|def|2\n|\n|-weather|RainDance|[upkeep]\n|-end|p2b: Scovillain|Encore\n|upkeep\n|turn|5\n|\n|t:|1776667874\n|move|p2a: Conkeldurr|Mach Punch|p2b: Scovillain\n|-damage|p2b: Scovillain|85/100\n|-status|p2a: Conkeldurr|brn|[from] ability: Spicy Spray|[of] p2b: Scovillain\n|move|p1a: Aerodactyl|Rock Slide|p2a: Conkeldurr|[spread] p2a,p2b\n|-resisted|p2a: Conkeldurr|1\n|-supereffective|p2b: Scovillain|1\n|-damage|p2a: Conkeldurr|90/100 brn\n|-damage|p2b: Scovillain|60/100\n|-status|p1a: Aerodactyl|brn|[from] ability: Spicy Spray|[of] p2b: Scovillain\n|move|p2b: Scovillain|Giga Drain|p1a: Aerodactyl\n|-damage|p1a: Aerodactyl|3/100 brn\n|-heal|p2b: Scovillain|100/100|[from] drain|[of] p1a: Aerodactyl\n|move|p1b: Goodra|Body Press|p2b: Scovillain\n|-damage|p2b: Scovillain|63/100\n|-status|p1b: Goodra|brn|[from] ability: Spicy Spray|[of] p2b: Scovillain\n|\n|-weather|none\n|-damage|p1a: Aerodactyl|0 fnt|[from] brn\n|faint|p1a: Aerodactyl\n|-damage|p1b: Goodra|95/100 brn|[from] brn\n|-damage|p2a: Conkeldurr|84/100 brn|[from] brn\n|upkeep\n|\n|t:|1776667889\n|switch|p1a: Basculegion|Basculegion, L50, M|100/100\n|turn|6\n|\n|t:|1776667902\n|move|p1a: Basculegion|Last Respects|p2a: Conkeldurr\n|-crit|p2a: Conkeldurr\n|-damage|p2a: Conkeldurr|0 fnt\n|faint|p2a: Conkeldurr\n|move|p2b: Scovillain|Giga Drain|p1a: Basculegion\n|-supereffective|p1a: Basculegion|1\n|-damage|p1a: Basculegion|0 fnt\n|-heal|p2b: Scovillain|100/100|[from] drain|[of] p1a: Basculegion\n|faint|p1a: Basculegion\n|move|p1b: Goodra|Shelter|p1b: Goodra\n|-boost|p1b: Goodra|def|2\n|\n|-heal|p1b: Goodra|100/100 brn|[from] item: Leftovers\n|-damage|p1b: Goodra|95/100 brn|[from] brn\n|upkeep\n|\n|t:|1776667914\n|switch|p2a: Gengar|Gengar, L50, M|100/100\n|turn|7\n|\n|t:|1776667924\n|move|p2b: Scovillain|Leech Seed|p1b: Goodra\n|-start|p1b: Goodra|move: Leech Seed\n|move|p1b: Goodra|Heavy Slam|p2a: Gengar\n|-damage|p2a: Gengar|59/100\n|move|p2a: Gengar|Hex|p1b: Goodra\n|-damage|p1b: Goodra|48/100 brn\n|\n|-heal|p1b: Goodra|53/100 brn|[from] item: Leftovers\n|-damage|p1b: Goodra|41/100 brn|[from] Leech Seed|[of] p2b: Scovillain\n|-damage|p1b: Goodra|35/100 brn|[from] brn\n|-sideend|p1: noRNGplz|move: Tailwind\n|upkeep\n|turn|8\n|-message|noRNGplz forfeited.\n|\n|win|Choppy_26\n|raw|noRNGplz's rating: 1354 &rarr; <strong>1331</strong><br />(-23 for losing)\n|raw|Choppy_26's rating: 1306 &rarr; <strong>1329</strong><br />(+23 for winning)\n",
  "uploadtime": 1776667936,
  "views": 21,
  "formatid": "gen9championsvgc2026regma",
  "rating": 1329,
  "private": 0,
  "password": null
}