{
  "id": "gen9championsvgc2026regma-2588468097",
  "format": "[Gen 9 Champions] VGC 2026 Reg M-A",
  "players": [
    "ErikaLeaf",
    "uuyugftxdzrsfA"
  ],
  "log": "|j|\u2606ErikaLeaf\n|j|\u2606uuyugftxdzrsfA\n|t:|1776636182\n|gametype|doubles\n|player|p1|ErikaLeaf|erika|1092\n|player|p2|uuyugftxdzrsfA|266|1000\n|gen|9\n|tier|[Gen 9 Champions] VGC 2026 Reg M-A\n|rated|\n|rule|Species Clause: Limit one of each Pok\u00e9mon\n|rule|Item Clause: Limit 1 of each item\n|clearpoke\n|poke|p1|Rhyperior, L50, M|\n|poke|p1|Pelipper, L50, F|\n|poke|p1|Skarmory, L50, M|\n|poke|p1|Sinistcha, L50|\n|poke|p1|Abomasnow, L50, F|\n|poke|p1|Jolteon, L50, F|\n|poke|p2|Floette-Eternal, L50, F|\n|poke|p2|Sylveon, L50, F|\n|poke|p2|Garchomp, L50, F|\n|poke|p2|Corviknight, L50, F|\n|poke|p2|Talonflame, L50, M|\n|poke|p2|Torkoal, L50, M|\n|teampreview|4\n|inactive|Battle timer is ON: inactive players will automatically lose when time's up. (requested by uuyugftxdzrsfA)\nuuyugftxdzrsfA rejected open team sheets.\n|\n|t:|1776636197\n|teamsize|p1|4\n|teamsize|p2|4\n|start\n|switch|p1a: Pelipper|Pelipper, L50, F|100/100\n|switch|p1b: Jolteon|Jolteon, L50, F|100/100\n|switch|p2a: Floette|Floette-Eternal, L50, F|100/100\n|switch|p2b: Sylveon|Sylveon, L50, F|100/100\n|-weather|RainDance|[from] ability: Drizzle|[of] p1a: Pelipper\n|turn|1\n|inactive|ErikaLeaf has 30 seconds left.\n|inactive|uuyugftxdzrsfA has 30 seconds left.\n|inactive|ErikaLeaf has 20 seconds left.\n|\n|t:|1776636236\n|switch|p2a: Torkoal|Torkoal, L50, M|100/100\n|-weather|SunnyDay|[from] ability: Drought|[of] p2a: Torkoal\n|move|p1a: Pelipper|Soak|p2a: Torkoal\n|-start|p2a: Torkoal|typechange|Water\n|move|p1b: Jolteon|Thunder|p2a: Torkoal\n|-supereffective|p2a: Torkoal|1\n|-damage|p2a: Torkoal|0 fnt\n|faint|p2a: Torkoal\n|move|p2b: Sylveon|Moonblast|p1b: Jolteon\n|-damage|p1b: Jolteon|32/100\n|\n|-weather|SunnyDay|[upkeep]\n|upkeep\n|\n|t:|1776636250\n|switch|p2a: Garchomp|Garchomp, L50, F|100/100\n|turn|2\n|\n|t:|1776636263\n|switch|p1a: Skarmory|Skarmory, L50, M|100/100\n|move|p1b: Jolteon|Detect|p1b: Jolteon\n|-singleturn|p1b: Jolteon|Protect\n|move|p2a: Garchomp|Rock Tomb|p1b: Jolteon\n|-activate|p1b: Jolteon|move: Protect\n|move|p2b: Sylveon|Hyper Voice|p1b: Jolteon|[spread] p1a\n|-activate|p1b: Jolteon|move: Protect\n|-resisted|p1a: Skarmory|1\n|-damage|p1a: Skarmory|71/100\n|\n|-weather|SunnyDay|[upkeep]\n|upkeep\n|turn|3\n|inactive|ErikaLeaf has 30 seconds left.\n|inactive|ErikaLeaf has 20 seconds left.\n|\n|t:|1776636300\n|switch|p1b: Pelipper|Pelipper, L50, F|100/100\n|-weather|RainDance|[from] ability: Drizzle|[of] p1b: Pelipper\n|detailschange|p1a: Skarmory|Skarmory-Mega, L50, M\n|-mega|p1a: Skarmory|Skarmory|Skarmorite\n|move|p2b: Sylveon|Protect|p2b: Sylveon\n|-singleturn|p2b: Sylveon|Protect\n|move|p2a: Garchomp|Rock Tomb|p1b: Pelipper\n|-supereffective|p1b: Pelipper|1\n|-crit|p1b: Pelipper\n|-damage|p1b: Pelipper|15/100\n|-unboost|p1b: Pelipper|spe|1\n|move|p1a: Skarmory|Swords Dance|p1a: Skarmory\n|-boost|p1a: Skarmory|atk|2\n|\n|-weather|RainDance|[upkeep]\n|upkeep\n|turn|4\n|inactive|ErikaLeaf has 30 seconds left.\n|\n|t:|1776636327\n|move|p2a: Garchomp|Rock Tomb|p1a: Skarmory\n|-damage|p1a: Skarmory|48/100\n|-unboost|p1a: Skarmory|spe|1\n|move|p1b: Pelipper|Hydro Pump|p2a: Garchomp\n|-damage|p2a: Garchomp|19/100\n|move|p1a: Skarmory|Dual Wingbeat|p2b: Sylveon\n|-damage|p2b: Sylveon|57/100\n|-damage|p2b: Sylveon|11/100\n|-hitcount|p2b: Sylveon|2\n|move|p2b: Sylveon|Hyper Beam|p1a: Skarmory|[miss]\n|-miss|p2b: Sylveon|p1a: Skarmory\n|\n|-weather|RainDance|[upkeep]\n|upkeep\n|turn|5\n|\n|t:|1776636345\n|switch|p1b: Sinistcha|Sinistcha, L50|100/100\n|-heal|p1a: Skarmory|73/100|[from] ability: Hospitality|[of] p1b: Sinistcha\n|move|p2b: Sylveon|Protect|p2b: Sylveon\n|-singleturn|p2b: Sylveon|Protect\n|move|p2a: Garchomp|Rock Tomb|p1a: Skarmory\n|-damage|p1a: Skarmory|51/100\n|-unboost|p1a: Skarmory|spe|1\n|move|p1a: Skarmory|Dual Wingbeat|p2a: Garchomp\n|-damage|p2a: Garchomp|0 fnt\n|-damage|p1a: Skarmory|39/100|[from] ability: Rough Skin|[of] p2a: Garchomp\n|faint|p2a: Garchomp\n|-hitcount|p2: Garchomp|1\n|\n|-weather|RainDance|[upkeep]\n|upkeep\n|\n|t:|1776636356\n|switch|p2a: Floette|Floette-Eternal, L50, F|100/100\n|turn|6\n|\n|t:|1776636371\n|detailschange|p2a: Floette|Floette-Mega, L50, F\n|-mega|p2a: Floette|Floette|Floettite\n|-ability|p2a: Floette|Fairy Aura\n|move|p1a: Skarmory|Protect|p1a: Skarmory\n|-singleturn|p1a: Skarmory|Protect\n|move|p2a: Floette|Dazzling Gleam|p1b: Sinistcha|[spread] p1b\n|-activate|p1a: Skarmory|move: Protect\n|-damage|p1b: Sinistcha|47/100\n|move|p2b: Sylveon|Hyper Voice|p1a: Skarmory|[spread] p1b\n|-activate|p1a: Skarmory|move: Protect\n|-damage|p1b: Sinistcha|0 fnt\n|faint|p1b: Sinistcha\n|\n|-weather|RainDance|[upkeep]\n|upkeep\n|\n|t:|1776636386\n|switch|p1b: Jolteon|Jolteon, L50, F|32/100\n|turn|7\n|\n|t:|1776636399\n|move|p1b: Jolteon|Thunderbolt|p2b: Sylveon\n|-damage|p2b: Sylveon|0 fnt\n|faint|p2b: Sylveon\n|move|p2a: Floette|Light of Ruin|p1a: Skarmory\n|-resisted|p1a: Skarmory|1\n|-damage|p1a: Skarmory|0 fnt\n|faint|p1a: Skarmory\n|-damage|p2a: Floette|82/100|[from] Recoil\n|\n|-weather|none\n|upkeep\n|\n|t:|1776636411\n|switch|p1a: Pelipper|Pelipper, L50, F|15/100\n|-weather|RainDance|[from] ability: Drizzle|[of] p1a: Pelipper\n|turn|8\n|\n|t:|1776636417\n|move|p1a: Pelipper|Hurricane|p2a: Floette\n|-damage|p2a: Floette|50/100\n|move|p1b: Jolteon|Thunder|p2a: Floette\n|-damage|p2a: Floette|9/100\n|move|p2a: Floette|Dazzling Gleam|p1a: Pelipper|[spread] p1a,p1b\n|-damage|p1a: Pelipper|0 fnt\n|-damage|p1b: Jolteon|0 fnt\n|faint|p1a: Pelipper\n|faint|p1b: Jolteon\n|\n|win|uuyugftxdzrsfA\n|raw|ErikaLeaf's rating: 1065 &rarr; <strong>1042</strong><br />(-23 for losing)\n|raw|uuyugftxdzrsfA's rating: 1000 &rarr; <strong>1047</strong><br />(+47 for winning)\n",
  "uploadtime": 1776636428,
  "views": 15,
  "formatid": "gen9championsvgc2026regma",
  "rating": 1042,
  "private": 0,
  "password": null
}