{
  "id": "gen9championsvgc2026regma-2582993292",
  "format": "[Gen 9 Champions] VGC 2026 Reg M-A",
  "players": [
    "Azure Resolution",
    "Lol i am noob"
  ],
  "log": "|j|\u2606Azure Resolution\n|j|\u2606Lol i am noob\n|t:|1776131555\n|gametype|doubles\n|player|p1|Azure Resolution|gentleman-gen4dp|1303\n|player|p2|Lol i am noob|170|1303\n|gen|9\n|tier|[Gen 9 Champions] VGC 2026 Reg M-A\n|rated|\n|rule|Species Clause: Limit one of each Pok\u00e9mon\n|rule|Item Clause: Limit 1 of each item\n|clearpoke\n|poke|p1|Altaria, L50, F|\n|poke|p1|Whimsicott, L50, M|\n|poke|p1|Delphox, L50, M|\n|poke|p1|Kingambit, L50, F|\n|poke|p1|Basculegion, L50, M|\n|poke|p1|Rotom-Heat, L50|\n|poke|p2|Incineroar, L50, F|\n|poke|p2|Sylveon, L50, M|\n|poke|p2|Scizor, L50, M|\n|poke|p2|Sinistcha-Masterpiece, L50|\n|poke|p2|Palafin, L50, F|\n|poke|p2|Dragonite, L50, F|\n|teampreview|4\n|inactive|Battle timer is ON: inactive players will automatically lose when time's up. (requested by Lol i am noob)\n|inactive|Azure Resolution has 60 seconds left.\n|inactive|Lol i am noob has 60 seconds left.\n|\n|t:|1776131589\n|teamsize|p1|4\n|teamsize|p2|4\n|start\n|switch|p1a: Whimsicott|Whimsicott, L50, M|100/100\n|switch|p1b: Kingambit|Kingambit, L50, F|100/100\n|switch|p2a: Palafin|Palafin, L50, F|100/100\n|switch|p2b: Bad Dragon|Dragonite, L50, F, shiny|100/100\n|turn|1\n|inactive|Azure Resolution has 30 seconds left.\n|inactive|Azure Resolution has 20 seconds left.\n|\n|t:|1776131625\n|detailschange|p2a: Palafin|Palafin-Hero, L50, F\n|switch|p2a: RIP Amoonguss|Sinistcha-Masterpiece, L50, shiny|100/100\n|detailschange|p2b: Bad Dragon|Dragonite-Mega, L50, F, shiny\n|-mega|p2b: Bad Dragon|Dragonite|Dragoninite\n|move|p1a: Whimsicott|Tailwind|p1a: Whimsicott\n|-sidestart|p1: Azure Resolution|move: Tailwind\n|move|p1b: Kingambit|Kowtow Cleave|p2a: RIP Amoonguss\n|-supereffective|p2a: RIP Amoonguss|1\n|-damage|p2a: RIP Amoonguss|12/100\n|move|p2b: Bad Dragon|Flamethrower|p1b: Kingambit\n|-supereffective|p1b: Kingambit|1\n|-damage|p1b: Kingambit|26/100\n|-enditem|p1b: Kingambit|Sitrus Berry|[eat]\n|-heal|p1b: Kingambit|51/100|[from] item: Sitrus Berry\n|\n|upkeep\n|turn|2\n|inactive|Azure Resolution has 30 seconds left.\n|\n|t:|1776131659\n|switch|p1b: Rotom|Rotom-Heat, L50|100/100\n|move|p2a: RIP Amoonguss|Rage Powder|p2a: RIP Amoonguss\n|-singleturn|p2a: RIP Amoonguss|move: Rage Powder\n|move|p1a: Whimsicott|Taunt|p2a: RIP Amoonguss\n|-start|p2a: RIP Amoonguss|move: Taunt\n|move|p2b: Bad Dragon|Flamethrower|p1b: Rotom\n|-resisted|p1b: Rotom|1\n|-damage|p1b: Rotom|82/100\n|\n|upkeep\n|turn|3\n|inactive|Azure Resolution has 30 seconds left.\n|inactive|Azure Resolution has 20 seconds left.\n|\n|t:|1776131696\n|switch|p2a: Obligatory|Incineroar, L50, F|100/100\n|-ability|p2a: Obligatory|Intimidate|boost\n|-unboost|p1a: Whimsicott|atk|1\n|-unboost|p1b: Rotom|atk|1\n|-enditem|p1b: Rotom|White Herb\n|-clearnegativeboost|p1b: Rotom|[silent]\n|move|p1a: Whimsicott|Energy Ball|p2a: Obligatory\n|-resisted|p2a: Obligatory|1\n|-damage|p2a: Obligatory|89/100\n|move|p1b: Rotom|Nasty Plot|p1b: Rotom\n|-boost|p1b: Rotom|spa|2\n|move|p2b: Bad Dragon|Flamethrower|p1a: Whimsicott\n|-supereffective|p1a: Whimsicott|1\n|-enditem|p1a: Whimsicott|Focus Sash\n|-damage|p1a: Whimsicott|1/100\n|\n|upkeep\n|turn|4\n|\n|t:|1776131718\n|move|p2a: Obligatory|Fake Out|p1b: Rotom\n|-damage|p1b: Rotom|71/100\n|move|p1a: Whimsicott|Taunt|p2a: Obligatory\n|-hint|Since gen 7, Dark is immune to Prankster moves.\n|-immune|p2a: Obligatory\n|cant|p1b: Rotom|flinch\n|move|p2b: Bad Dragon|Tailwind|p2b: Bad Dragon\n|-sidestart|p2: Lol i am noob|move: Tailwind\n|\n|-sideend|p1: Azure Resolution|move: Tailwind\n|upkeep\n|turn|5\n|c|\u2606Azure Resolution|I fogor\n|\n|t:|1776131738\n|move|p1a: Whimsicott|Tailwind|p1a: Whimsicott\n|-sidestart|p1: Azure Resolution|move: Tailwind\n|move|p2b: Bad Dragon|Dragon Pulse|p1b: Rotom\n|-crit|p1b: Rotom\n|-damage|p1b: Rotom|0 fnt\n|faint|p1b: Rotom\n|move|p2a: Obligatory|Darkest Lariat|p1a: Whimsicott\n|-resisted|p1a: Whimsicott|1\n|-damage|p1a: Whimsicott|0 fnt\n|faint|p1a: Whimsicott\n|\n|upkeep\n|\n|t:|1776131756\n|switch|p1a: Delphox|Delphox, L50, M|100/100\n|switch|p1b: Kingambit|Kingambit, L50, F|51/100\n|turn|6\n|\n|t:|1776131779\n|detailschange|p1a: Delphox|Delphox-Mega, L50, M\n|-mega|p1a: Delphox|Delphox|Delphoxite\n|move|p1b: Kingambit|Protect|p1b: Kingambit\n|-singleturn|p1b: Kingambit|Protect\n|move|p1a: Delphox|Substitute|p1a: Delphox\n|-start|p1a: Delphox|Substitute\n|-damage|p1a: Delphox|75/100\n|move|p2b: Bad Dragon|Flamethrower|p1b: Kingambit\n|-activate|p1b: Kingambit|move: Protect\n|move|p2a: Obligatory|Darkest Lariat|p1a: Delphox\n|-supereffective|p1a: Delphox|1\n|-end|p1a: Delphox|Substitute\n|\n|upkeep\n|turn|7\n|inactive|Azure Resolution has 30 seconds left.\n|inactive|Azure Resolution has 20 seconds left.\n|inactive|Azure Resolution has 15 seconds left.\n|\n|t:|1776131823\n|move|p1a: Delphox|Psychic|p2b: Bad Dragon\n|-damage|p2b: Bad Dragon|81/100\n|move|p2b: Bad Dragon|Flamethrower|p1b: Kingambit\n|-supereffective|p1b: Kingambit|1\n|-damage|p1b: Kingambit|0 fnt\n|faint|p1b: Kingambit\n|move|p2a: Obligatory|Darkest Lariat|p1a: Delphox\n|-supereffective|p1a: Delphox|1\n|-damage|p1a: Delphox|0 fnt\n|faint|p1a: Delphox\n|\n|win|Lol i am noob\n|raw|Azure Resolution's rating: 1303 &rarr; <strong>1283</strong><br />(-20 for losing)\n|raw|Lol i am noob's rating: 1303 &rarr; <strong>1323</strong><br />(+20 for winning)\n|c|\u2606Azure Resolution|ggs\n|l|\u2606Lol i am noob\n|player|p2|\n",
  "uploadtime": 1776131834,
  "views": 43,
  "formatid": "gen9championsvgc2026regma",
  "rating": 1283,
  "private": 0,
  "password": null
}