{
  "id": "gen9championsvgc2026regma-2583053715",
  "format": "[Gen 9 Champions] VGC 2026 Reg M-A",
  "players": [
    "jarr206",
    "ilabchknnuggets"
  ],
  "log": "|j|\u2606jarr206\n|j|\u2606ilabchknnuggets\n|t:|1776137047\n|gametype|doubles\n|player|p1|jarr206|1|1034\n|player|p2|ilabchknnuggets|hooligans|1050\n|gen|9\n|tier|[Gen 9 Champions] VGC 2026 Reg M-A\n|rated|\n|rule|Species Clause: Limit one of each Pok\u00e9mon\n|rule|Item Clause: Limit 1 of each item\n|clearpoke\n|poke|p1|Charizard, L50, M|\n|poke|p1|Venusaur, L50, F|\n|poke|p1|Incineroar, L50, F|\n|poke|p1|Garchomp, L50, F|\n|poke|p1|Farigiraf, L50, M|\n|poke|p1|Whimsicott, L50, F|\n|poke|p2|Charizard, L50, F|\n|poke|p2|Venusaur, L50, F|\n|poke|p2|Garchomp, L50, F|\n|poke|p2|Rotom-Wash, L50|\n|poke|p2|Sneasler, L50, M|\n|poke|p2|Incineroar, L50, M|\n|teampreview|4\n|inactive|Battle timer is ON: inactive players will automatically lose when time's up. (requested by ilabchknnuggets)\n|\n|t:|1776137074\n|teamsize|p1|4\n|teamsize|p2|4\n|start\n|switch|p1a: Incineroar|Incineroar, L50, F, shiny|100/100\n|switch|p1b: Garchomp|Garchomp, L50, F|100/100\n|switch|p2a: Charizard|Charizard, L50, F|100/100\n|switch|p2b: Garchomp|Garchomp, L50, F|100/100\n|-ability|p1a: Incineroar|Intimidate|boost\n|-unboost|p2a: Charizard|atk|1\n|-unboost|p2b: Garchomp|atk|1\n|turn|1\n|\n|t:|1776137091\n|detailschange|p2a: Charizard|Charizard-Mega-Y, L50, F\n|-mega|p2a: Charizard|Charizard|Charizardite Y\n|-weather|SunnyDay|[from] ability: Drought|[of] p2a: Charizard\n|move|p2a: Charizard|Protect|p2a: Charizard\n|-singleturn|p2a: Charizard|Protect\n|move|p1a: Incineroar|Fake Out|p2a: Charizard\n|-activate|p2a: Charizard|move: Protect\n|move|p2b: Garchomp|Bulldoze|p1a: Incineroar|[spread] p1a,p1b\n|-activate|p2a: Charizard|move: Protect\n|-supereffective|p1a: Incineroar|1\n|-damage|p1a: Incineroar|59/100\n|-damage|p1b: Garchomp|84/100\n|-unboost|p1a: Incineroar|spe|1\n|-unboost|p1b: Garchomp|spe|1\n|move|p1b: Garchomp|Dragon Claw|p2b: Garchomp\n|-supereffective|p2b: Garchomp|1\n|-damage|p2b: Garchomp|3/100\n|-damage|p1b: Garchomp|72/100|[from] ability: Rough Skin|[of] p2b: Garchomp\n|\n|-weather|SunnyDay|[upkeep]\n|upkeep\n|turn|2\n|inactive|jarr206 has 30 seconds left.\n|\n|t:|1776137117\n|switch|p2b: Incineroar|Incineroar, L50, M|100/100\n|-ability|p2b: Incineroar|Intimidate|boost\n|-unboost|p1a: Incineroar|atk|1\n|-unboost|p1b: Garchomp|atk|1\n|move|p2a: Charizard|Heat Wave|p1a: Incineroar|[spread] p1a,p1b\n|-resisted|p1a: Incineroar|1\n|-resisted|p1b: Garchomp|1\n|-damage|p1a: Incineroar|24/100\n|-damage|p1b: Garchomp|34/100\n|move|p1b: Garchomp|Dragon Claw|p2b: Incineroar\n|-crit|p2b: Incineroar\n|-damage|p2b: Incineroar|35/100\n|-enditem|p2b: Incineroar|Sitrus Berry|[eat]\n|-heal|p2b: Incineroar|59/100|[from] item: Sitrus Berry\n|move|p1a: Incineroar|Parting Shot|p2a: Charizard\n|-unboost|p2a: Charizard|atk|1\n|-unboost|p2a: Charizard|spa|1\n|\n|t:|1776137137\n|switch|p1a: Charizard|Charizard, L50, M, shiny|100/100|[from] Parting Shot\n|\n|-weather|SunnyDay|[upkeep]\n|-damage|p1a: Charizard|88/100|[from] ability: Solar Power|[of] p1a: Charizard\n|upkeep\n|turn|3\n|\n|t:|1776137152\n|switch|p2a: Garchomp|Garchomp, L50, F|3/100\n|detailschange|p1a: Charizard|Charizard-Mega-Y, L50, M, shiny\n|-mega|p1a: Charizard|Charizard|Charizardite Y\n|move|p1a: Charizard|Hurricane|p2b: Incineroar|[miss]\n|-miss|p1a: Charizard|p2b: Incineroar\n|move|p1b: Garchomp|Dragon Claw|p2a: Garchomp\n|-supereffective|p2a: Garchomp|1\n|-damage|p2a: Garchomp|0 fnt\n|-damage|p1b: Garchomp|22/100|[from] ability: Rough Skin|[of] p2a: Garchomp\n|faint|p2a: Garchomp\n|move|p2b: Incineroar|Flare Blitz|p1a: Charizard\n|-resisted|p1a: Charizard|1\n|-crit|p1a: Charizard\n|-damage|p1a: Charizard|0 fnt\n|faint|p1a: Charizard\n|-damage|p2b: Incineroar|37/100|[from] Recoil\n|\n|-weather|SunnyDay|[upkeep]\n|upkeep\n|inactive|jarr206 has 30 seconds left.\n|\n|t:|1776137178\n|switch|p1a: Incineroar|Incineroar, L50, F, shiny|24/100\n|switch|p2a: Venusaur|Venusaur, L50, F|100/100\n|-ability|p1a: Incineroar|Intimidate|boost\n|-unboost|p2a: Venusaur|atk|1\n|-unboost|p2b: Incineroar|atk|1\n|turn|4\n|\n|t:|1776137194\n|move|p1a: Incineroar|Fake Out|p2a: Venusaur\n|-damage|p2a: Venusaur|82/100\n|cant|p2a: Venusaur|flinch\n|move|p1b: Garchomp|Dragon Claw|p2b: Incineroar\n|-damage|p2b: Incineroar|5/100\n|move|p2b: Incineroar|Flare Blitz|p1a: Incineroar\n|-resisted|p1a: Incineroar|1\n|-crit|p1a: Incineroar\n|-damage|p1a: Incineroar|0 fnt\n|faint|p1a: Incineroar\n|-damage|p2b: Incineroar|0 fnt|[from] Recoil\n|faint|p2b: Incineroar\n|\n|-weather|SunnyDay|[upkeep]\n|upkeep\n|\n|t:|1776137211\n|switch|p1a: Venusaur|Venusaur, L50, F|100/100\n|switch|p2b: Charizard|Charizard-Mega-Y, L50, F|100/100\n|turn|5\n|\n|t:|1776137226\n|move|p1a: Venusaur|Weather Ball|p2a: Venusaur\n|-supereffective|p2a: Venusaur|1\n|-damage|p2a: Venusaur|0 fnt\n|faint|p2a: Venusaur\n|move|p2b: Charizard|Weather Ball|p1a: Venusaur\n|-supereffective|p1a: Venusaur|1\n|-damage|p1a: Venusaur|0 fnt\n|faint|p1a: Venusaur\n|move|p1b: Garchomp|Dragon Claw|p2b: Charizard\n|-damage|p2b: Charizard|58/100\n|\n|-weather|none\n|upkeep\n|turn|6\n|\n|t:|1776137240\n|move|p2b: Charizard|Heat Wave|p1b: Garchomp\n|-resisted|p1b: Garchomp|1\n|-damage|p1b: Garchomp|0 fnt\n|faint|p1b: Garchomp\n|\n|win|ilabchknnuggets\n|raw|jarr206's rating: 1034 &rarr; <strong>1020</strong><br />(-14 for losing)\n|raw|ilabchknnuggets's rating: 1050 &rarr; <strong>1081</strong><br />(+31 for winning)\n|l|\u2606jarr206\n|player|p1|\n",
  "uploadtime": 1776137246,
  "views": 11,
  "formatid": "gen9championsvgc2026regma",
  "rating": 1020,
  "private": 0,
  "password": null
}