{
  "id": "gen9championsvgc2026regma-2583868995",
  "format": "[Gen 9 Champions] VGC 2026 Reg M-A",
  "players": [
    "Markiito18",
    "chesgoat"
  ],
  "log": "|j|\u2606Markiito18\n|j|\u2606chesgoat\n|t:|1776204074\n|gametype|doubles\n|player|p1|Markiito18|rood|1116\n|player|p2|chesgoat|veteran|1122\n|gen|9\n|tier|[Gen 9 Champions] VGC 2026 Reg M-A\n|rated|\n|rule|Species Clause: Limit one of each Pok\u00e9mon\n|rule|Item Clause: Limit 1 of each item\n|clearpoke\n|poke|p1|Hydreigon, L50, M|\n|poke|p1|Sneasler, L50, M|\n|poke|p1|Aggron, L50, M|\n|poke|p1|Sinistcha, L50|\n|poke|p1|Tyranitar, L50, M|\n|poke|p1|Aerodactyl, L50, M|\n|poke|p2|Sneasler, L50, M|\n|poke|p2|Kingambit, L50, F|\n|poke|p2|Clefable, L50, F|\n|poke|p2|Delphox, L50, M|\n|poke|p2|Dragonite, L50, M|\n|poke|p2|Basculegion, L50, M|\n|teampreview|4\n|inactive|Battle timer is ON: inactive players will automatically lose when time's up. (requested by chesgoat)\n|\n|t:|1776204109\n|teamsize|p1|4\n|teamsize|p2|4\n|start\n|switch|p1a: Sinistcha|Sinistcha, L50|100/100\n|switch|p1b: Sneasler|Sneasler, L50, M, shiny|100/100\n|switch|p2a: Sneasler|Sneasler, L50, M|100/100\n|switch|p2b: Kingambit|Kingambit, L50, F|100/100\n|turn|1\n|inactive|Markiito18 has 30 seconds left.\n|inactive|chesgoat has 30 seconds left.\n|inactive|Markiito18 has 20 seconds left.\n|inactive|chesgoat has 20 seconds left.\n|inactive|chesgoat has 15 seconds left.\n|inactive|chesgoat has 10 seconds left.\n|\n|t:|1776204158\n|move|p1b: Sneasler|Fake Out|p2b: Kingambit\n|-resisted|p2b: Kingambit|1\n|-damage|p2b: Kingambit|95/100\n|move|p2a: Sneasler|Dire Claw|p1a: Sinistcha\n|-damage|p1a: Sinistcha|70/100\n|cant|p2b: Kingambit|flinch\n|move|p1a: Sinistcha|Trick Room|p1a: Sinistcha\n|-fieldstart|move: Trick Room|[of] p1a: Sinistcha\n|\n|upkeep\n|turn|2\n|inactive|Markiito18 has 30 seconds left.\n|\n|t:|1776204187\n|switch|p1a: Aggron|Aggron, L50, M, shiny|100/100\n|switch|p2b: Basculegion|Basculegion, L50, M|100/100\n|move|p1b: Sneasler|Close Combat|p2b: Basculegion\n|-immune|p2b: Basculegion\n|move|p2a: Sneasler|Dire Claw|p1a: Aggron\n|-immune|p1a: Aggron\n|\n|upkeep\n|turn|3\n|inactive|Markiito18 has 30 seconds left.\n|inactive|chesgoat has 30 seconds left.\n|\n|t:|1776204218\n|switch|p1b: Sinistcha|Sinistcha, L50|70/100\n|detailschange|p1a: Aggron|Aggron-Mega, L50, M, shiny\n|-mega|p1a: Aggron|Aggron|Aggronite\n|move|p2a: Sneasler|Protect|p2a: Sneasler\n|-singleturn|p2a: Sneasler|Protect\n|move|p1a: Aggron|Iron Defense|p1a: Aggron\n|-boost|p1a: Aggron|def|2\n|move|p2b: Basculegion|Flip Turn|p1a: Aggron\n|-damage|p1a: Aggron|90/100\n|\n|t:|1776204231\n|switch|p2b: Clefable|Clefable, L50, F|100/100|[from] Flip Turn\n|\n|upkeep\n|turn|4\n|\n|t:|1776204254\n|move|p2b: Clefable|Protect|p2b: Clefable\n|-singleturn|p2b: Clefable|Protect\n|move|p1a: Aggron|Iron Defense|p1a: Aggron\n|-boost|p1a: Aggron|def|2\n|move|p1b: Sinistcha|Matcha Gotcha|p2b: Clefable|[spread] p2a\n|-activate|p2b: Clefable|move: Protect\n|-resisted|p2a: Sneasler|1\n|-damage|p2a: Sneasler|83/100\n|-heal|p1b: Sinistcha|78/100|[from] drain|[of] p2a: Sneasler\n|move|p2a: Sneasler|Dire Claw|p1b: Sinistcha\n|-damage|p1b: Sinistcha|46/100\n|-enditem|p1b: Sinistcha|Sitrus Berry|[eat]\n|-heal|p1b: Sinistcha|71/100|[from] item: Sitrus Berry\n|\n|upkeep\n|turn|5\n|inactive|Markiito18 has 30 seconds left.\n|inactive|Markiito18 has 20 seconds left.\n|\n|t:|1776204294\n|move|p2b: Clefable|Helping Hand|p2a: Sneasler\n|-singleturn|p2a: Sneasler|Helping Hand|[of] p2b: Clefable\n|move|p1a: Aggron|Heavy Slam|p2b: Clefable\n|-supereffective|p2b: Clefable|1\n|-damage|p2b: Clefable|0 fnt\n|faint|p2b: Clefable\n|move|p1b: Sinistcha|Life Dew|p1b: Sinistcha|[spread] p1a,p1b\n|-heal|p1a: Aggron|100/100\n|-heal|p1b: Sinistcha|96/100\n|move|p2a: Sneasler|Close Combat|p1a: Aggron\n|-supereffective|p1a: Aggron|1\n|-damage|p1a: Aggron|77/100\n|-unboost|p2a: Sneasler|def|1\n|-unboost|p2a: Sneasler|spd|1\n|\n|-fieldend|move: Trick Room\n|upkeep\n|-message|chesgoat forfeited.\n|\n|win|Markiito18\n|raw|Markiito18's rating: 1116 &rarr; <strong>1141</strong><br />(+25 for winning)\n|raw|chesgoat's rating: 1122 &rarr; <strong>1097</strong><br />(-25 for losing)\n|l|\u2606chesgoat\n|player|p2|\n",
  "uploadtime": 1776204313,
  "views": 18,
  "formatid": "gen9championsvgc2026regma",
  "rating": 1097,
  "private": 0,
  "password": null
}