{
  "id": "gen9championsvgc2026regma-2584808223",
  "format": "[Gen 9 Champions] VGC 2026 Reg M-A",
  "players": [
    "Missed Ledgedash",
    "Arthur8915"
  ],
  "log": "|j|\u2606Missed Ledgedash\n|j|\u2606Arthur8915\n|t:|1776285191\n|gametype|doubles\n|player|p1|Missed Ledgedash|juan-gen3|1198\n|player|p2|Arthur8915|steven|1214\n|gen|9\n|tier|[Gen 9 Champions] VGC 2026 Reg M-A\n|rated|\n|rule|Species Clause: Limit one of each Pok\u00e9mon\n|rule|Item Clause: Limit 1 of each item\n|clearpoke\n|poke|p1|Incineroar, L50, M|\n|poke|p1|Gengar, L50, F|\n|poke|p1|Gyarados, L50, F|\n|poke|p1|Tyranitar, L50, M|\n|poke|p1|Sneasler, L50, M|\n|poke|p1|Excadrill, L50, F|\n|poke|p2|Dragonite, L50, M|\n|poke|p2|Pelipper, L50, M|\n|poke|p2|Basculegion, L50, M|\n|poke|p2|Incineroar, L50, M|\n|poke|p2|Archaludon, L50, M|\n|poke|p2|Sinistcha, L50|\n|teampreview|4\n|inactive|Battle timer is ON: inactive players will automatically lose when time's up. (requested by Arthur8915)\n|inactive|Missed Ledgedash has 60 seconds left.\n|\n|t:|1776285225\n|teamsize|p1|4\n|teamsize|p2|4\n|start\n|switch|p1a: Tyranitar|Tyranitar, L50, M|100/100\n|switch|p1b: Gengar|Gengar, L50, F|100/100\n|switch|p2a: Dragonite|Dragonite, L50, M, shiny|100/100\n|switch|p2b: Incineroar|Incineroar, L50, M, shiny|100/100\n|-weather|Sandstorm|[from] ability: Sand Stream|[of] p1a: Tyranitar\n|-ability|p2b: Incineroar|Intimidate|boost\n|-unboost|p1a: Tyranitar|atk|1\n|-unboost|p1b: Gengar|atk|1\n|turn|1\n|\n|t:|1776285243\n|switch|p1a: Excadrill|Excadrill, L50, F|100/100\n|switch|p2b: Pelipper|Pelipper, L50, M, shiny|100/100\n|-weather|RainDance|[from] ability: Drizzle|[of] p2b: Pelipper\n|detailschange|p1b: Gengar|Gengar-Mega, L50, F\n|-mega|p1b: Gengar|Gengar|Gengarite\n|detailschange|p2a: Dragonite|Dragonite-Mega, L50, M, shiny\n|-mega|p2a: Dragonite|Dragonite|Dragoninite\n|move|p2a: Dragonite|Protect|p2a: Dragonite\n|-singleturn|p2a: Dragonite|Protect\n|move|p1b: Gengar|Icy Wind|p2b: Pelipper|[spread] p2b\n|-activate|p2a: Dragonite|move: Protect\n|-damage|p2b: Pelipper|78/100\n|-unboost|p2b: Pelipper|spe|1\n|\n|-weather|RainDance|[upkeep]\n|upkeep\n|turn|2\n|\n|t:|1776285261\n|move|p1b: Gengar|Icy Wind|p2a: Dragonite|[spread] p2a,p2b\n|-supereffective|p2a: Dragonite|2\n|-damage|p2a: Dragonite|72/100\n|-damage|p2b: Pelipper|57/100\n|-unboost|p2a: Dragonite|spe|1\n|-unboost|p2b: Pelipper|spe|1\n|move|p1a: Excadrill|Rock Slide|p2b: Pelipper|[spread] p2a,p2b\n|-supereffective|p2a: Dragonite|1\n|-supereffective|p2b: Pelipper|1\n|-enditem|p2b: Pelipper|Charti Berry|[eat]\n|-enditem|p2b: Pelipper|Charti Berry|[weaken]\n|-damage|p2a: Dragonite|34/100\n|-damage|p2b: Pelipper|40/100\n|move|p2a: Dragonite|Hurricane|p1b: Gengar\n|-crit|p1b: Gengar\n|-damage|p1b: Gengar|0 fnt\n|faint|p1b: Gengar\n|move|p2b: Pelipper|Tailwind|p2b: Pelipper\n|-sidestart|p2: Arthur8915|move: Tailwind\n|\n|-weather|RainDance|[upkeep]\n|upkeep\n|\n|t:|1776285278\n|switch|p1b: Tyranitar|Tyranitar, L50, M|100/100\n|-weather|Sandstorm|[from] ability: Sand Stream|[of] p1b: Tyranitar\n|turn|3\n|\n|t:|1776285283\n|switch|p2b: Incineroar|Incineroar, L50, M, shiny|100/100\n|-ability|p2b: Incineroar|Intimidate|boost\n|-unboost|p1a: Excadrill|atk|1\n|-unboost|p1b: Tyranitar|atk|1\n|move|p2a: Dragonite|Protect|p2a: Dragonite\n|-singleturn|p2a: Dragonite|Protect\n|move|p1a: Excadrill|Rock Slide|p2b: Incineroar|[spread] \n|-activate|p2a: Dragonite|move: Protect\n|-miss|p1a: Excadrill|p2b: Incineroar\n|move|p1b: Tyranitar|Rock Slide|p2b: Incineroar|[spread] p2b\n|-activate|p2a: Dragonite|move: Protect\n|-supereffective|p2b: Incineroar|1\n|-damage|p2b: Incineroar|58/100\n|\n|-weather|Sandstorm|[upkeep]\n|-damage|p2a: Dragonite|28/100|[from] Sandstorm\n|-damage|p2b: Incineroar|52/100|[from] Sandstorm\n|upkeep\n|turn|4\n|\n|t:|1776285299\n|switch|p2a: Pelipper|Pelipper, L50, M, shiny|40/100\n|-weather|RainDance|[from] ability: Drizzle|[of] p2a: Pelipper\n|switch|p1b: Sneasler|Sneasler, L50, M|100/100\n|move|p2b: Incineroar|Protect|p2b: Incineroar\n|-singleturn|p2b: Incineroar|Protect\n|move|p1a: Excadrill|Protect||[still]\n|-fail|p1a: Excadrill\n|\n|-weather|RainDance|[upkeep]\n|upkeep\n|turn|5\n|\n|t:|1776285320\n|switch|p2b: Basculegion|Basculegion, L50, M|100/100\n|move|p1b: Sneasler|Fake Out|p2a: Pelipper\n|-damage|p2a: Pelipper|29/100\n|cant|p2a: Pelipper|flinch\n|move|p1a: Excadrill|High Horsepower|p2b: Basculegion\n|-damage|p2b: Basculegion|54/100\n|\n|-weather|RainDance|[upkeep]\n|-sideend|p2: Arthur8915|move: Tailwind\n|upkeep\n|turn|6\n|\n|t:|1776285334\n|switch|p1a: Tyranitar|Tyranitar, L50, M|100/100\n|-weather|Sandstorm|[from] ability: Sand Stream|[of] p1a: Tyranitar\n|move|p1b: Sneasler|Dire Claw|p2a: Pelipper\n|-crit|p2a: Pelipper\n|-damage|p2a: Pelipper|0 fnt\n|faint|p2a: Pelipper\n|move|p2b: Basculegion|Wave Crash|p1b: Sneasler\n|-damage|p1b: Sneasler|0 fnt\n|faint|p1b: Sneasler\n|-damage|p2b: Basculegion|28/100|[from] Recoil\n|\n|-weather|Sandstorm|[upkeep]\n|-damage|p2b: Basculegion|22/100|[from] Sandstorm\n|upkeep\n|\n|t:|1776285346\n|switch|p1b: Excadrill|Excadrill, L50, F|100/100\n|switch|p2a: Incineroar|Incineroar, L50, M, shiny|52/100\n|-ability|p2a: Incineroar|Intimidate|boost\n|-unboost|p1a: Tyranitar|atk|1\n|-unboost|p1b: Excadrill|atk|1\n|turn|7\n|\n|t:|1776285356\n|move|p1b: Excadrill|Protect|p1b: Excadrill\n|-singleturn|p1b: Excadrill|Protect\n|move|p1a: Tyranitar|Protect|p1a: Tyranitar\n|-singleturn|p1a: Tyranitar|Protect\n|move|p2a: Incineroar|Fake Out|p1b: Excadrill\n|-activate|p1b: Excadrill|move: Protect\n|move|p2b: Basculegion|Wave Crash|p1a: Tyranitar\n|-activate|p1a: Tyranitar|move: Protect\n|\n|-weather|Sandstorm|[upkeep]\n|-damage|p2b: Basculegion|16/100|[from] Sandstorm\n|-damage|p2a: Incineroar|46/100|[from] Sandstorm\n|-enditem|p2a: Incineroar|Sitrus Berry|[eat]\n|-heal|p2a: Incineroar|71/100|[from] item: Sitrus Berry\n|upkeep\n|turn|8\n|\n|t:|1776285363\n|switch|p2a: Dragonite|Dragonite-Mega, L50, M, shiny|28/100\n|move|p2b: Basculegion|Protect|p2b: Basculegion\n|-singleturn|p2b: Basculegion|Protect\n|move|p1b: Excadrill|Rock Slide|p2a: Dragonite|[spread] p2a\n|-activate|p2b: Basculegion|move: Protect\n|-supereffective|p2a: Dragonite|1\n|-damage|p2a: Dragonite|3/100\n|move|p1a: Tyranitar|Rock Slide|p2b: Basculegion|[spread] p2a\n|-activate|p2b: Basculegion|move: Protect\n|-supereffective|p2a: Dragonite|1\n|-damage|p2a: Dragonite|0 fnt\n|faint|p2a: Dragonite\n|\n|-weather|Sandstorm|[upkeep]\n|-damage|p2b: Basculegion|10/100|[from] Sandstorm\n|upkeep\n|\n|t:|1776285365\n|switch|p2a: Incineroar|Incineroar, L50, M, shiny|71/100\n|-ability|p2a: Incineroar|Intimidate|boost\n|-unboost|p1a: Tyranitar|atk|1\n|-unboost|p1b: Excadrill|atk|1\n|turn|9\n|\n|t:|1776285382\n|move|p1b: Excadrill|Protect|p1b: Excadrill\n|-singleturn|p1b: Excadrill|Protect\n|move|p1a: Tyranitar|Protect|p1a: Tyranitar\n|-singleturn|p1a: Tyranitar|Protect\n|move|p2a: Incineroar|Fake Out|p1b: Excadrill\n|-activate|p1b: Excadrill|move: Protect\n|move|p2b: Basculegion|Wave Crash|p1a: Tyranitar\n|-activate|p1a: Tyranitar|move: Protect\n|\n|-weather|Sandstorm|[upkeep]\n|-damage|p2b: Basculegion|4/100|[from] Sandstorm\n|-damage|p2a: Incineroar|65/100|[from] Sandstorm\n|upkeep\n|turn|10\n|\n|t:|1776285397\n|move|p2a: Incineroar|Protect|p2a: Incineroar\n|-singleturn|p2a: Incineroar|Protect\n|move|p2b: Basculegion|Aqua Jet|p1b: Excadrill\n|-supereffective|p1b: Excadrill|1\n|-damage|p1b: Excadrill|33/100\n|move|p1b: Excadrill|Rock Slide|p2a: Incineroar|[spread] p2b\n|-activate|p2a: Incineroar|move: Protect\n|-damage|p2b: Basculegion|0 fnt\n|faint|p2b: Basculegion\n|move|p1a: Tyranitar|Rock Slide|p2a: Incineroar\n|-activate|p2a: Incineroar|move: Protect\n|\n|-weather|none\n|upkeep\n|turn|11\n|\n|t:|1776285410\n|move|p1b: Excadrill|High Horsepower|p2a: Incineroar\n|-supereffective|p2a: Incineroar|1\n|-damage|p2a: Incineroar|16/100\n|move|p1a: Tyranitar|Low Kick|p2a: Incineroar\n|-supereffective|p2a: Incineroar|1\n|-damage|p2a: Incineroar|0 fnt\n|faint|p2a: Incineroar\n|\n|win|Missed Ledgedash\n|raw|Missed Ledgedash's rating: 1198 &rarr; <strong>1224</strong><br />(+26 for winning)\n|raw|Arthur8915's rating: 1214 &rarr; <strong>1188</strong><br />(-26 for losing)\n",
  "uploadtime": 1776285410,
  "views": 21,
  "formatid": "gen9championsvgc2026regma",
  "rating": 1188,
  "private": 0,
  "password": null
}