{
  "id": "gen9championsvgc2026regma-2585417095",
  "format": "[Gen 9 Champions] VGC 2026 Reg M-A",
  "players": [
    "CHOSSYxVGC",
    "blog2"
  ],
  "log": "|j|\u2606CHOSSYxVGC\n|j|\u2606blog2\n|t:|1776345815\n|gametype|doubles\n|player|p1|CHOSSYxVGC|1|1143\n|player|p2|blog2|170|1107\n|gen|9\n|tier|[Gen 9 Champions] VGC 2026 Reg M-A\n|rated|\n|rule|Species Clause: Limit one of each Pok\u00e9mon\n|rule|Item Clause: Limit 1 of each item\n|clearpoke\n|poke|p1|Sableye, L50, F|\n|poke|p1|Espathra, L50, M|\n|poke|p1|Maushold, L50|\n|poke|p1|Gengar, L50, F|\n|poke|p1|Glimmora, L50, M|\n|poke|p1|Gyarados, L50, F|\n|poke|p2|Dragonite, L50, F|\n|poke|p2|Sneasler, L50, M|\n|poke|p2|Sinistcha, L50|\n|poke|p2|Tinkaton, L50, F|\n|poke|p2|Weavile, L50, M|\n|poke|p2|Krookodile, L50, F|\n|teampreview|4\n|inactive|Battle timer is ON: inactive players will automatically lose when time's up. (requested by blog2)\n|\n|t:|1776345848\n|teamsize|p1|4\n|teamsize|p2|4\n|start\n|switch|p1a: Sableye|Sableye, L50, F|100/100\n|switch|p1b: Espathra|Espathra, L50, M|100/100\n|switch|p2a: Tinkaton|Tinkaton, L50, F|100/100\n|switch|p2b: Sneasler|Sneasler, L50, M|100/100\n|turn|1\n|\n|t:|1776345866\n|switch|p1b: Gyarados|Gyarados, L50, F|100/100\n|-ability|p1b: Gyarados|Intimidate|boost\n|-fail|p2a: Tinkaton|unboost|Attack|[from] ability: Own Tempo|[of] p2a: Tinkaton\n|-unboost|p2b: Sneasler|atk|1\n|move|p2a: Tinkaton|Fake Out|p1b: Gyarados\n|-damage|p1b: Gyarados|88/100\n|move|p1a: Sableye|Gravity|p1a: Sableye\n|-fieldstart|move: Gravity\n|move|p2b: Sneasler|Poison Jab|p1b: Gyarados\n|-crit|p1b: Gyarados\n|-damage|p1b: Gyarados|6/100\n|\n|upkeep\n|turn|2\n|\n|t:|1776345888\n|move|p2b: Sneasler|Protect|p2b: Sneasler\n|-singleturn|p2b: Sneasler|Protect\n|move|p1a: Sableye|Encore|p2a: Tinkaton\n|-start|p2a: Tinkaton|Encore\n|move|p2a: Tinkaton|Fake Out||[still]\n|-hint|Fake Out only works on your first turn out.\n|-fail|p2a: Tinkaton\n|move|p1b: Gyarados|Thunder Wave|p2b: Sneasler\n|-activate|p2b: Sneasler|move: Protect\n|\n|upkeep\n|turn|3\n|inactive|blog2 has 30 seconds left.\n|inactive|blog2 has 20 seconds left.\n|inactive|blog2 has 15 seconds left.\n|\n|t:|1776345931\n|switch|p1b: Espathra|Espathra, L50, M|100/100\n|switch|p2a: Sinistcha|Sinistcha, L50|100/100\n|move|p1a: Sableye|Encore|p2b: Sneasler\n|-start|p2b: Sneasler|Encore\n|move|p2b: Sneasler|Protect||[still]\n|-fail|p2b: Sneasler\n|\n|upkeep\n|turn|4\n|\n|t:|1776345946\n|switch|p2b: Dragonite|Dragonite, L50, F|100/100\n|move|p1b: Espathra|Hypnosis|p2a: Sinistcha\n|-status|p2a: Sinistcha|slp|[from] move: Hypnosis\n|cant|p2a: Sinistcha|slp\n|move|p1a: Sableye|Foul Play|p2b: Dragonite\n|-damage|p2b: Dragonite|82/100\n|\n|-ability|p1b: Espathra|Speed Boost|boost\n|-boost|p1b: Espathra|spe|1\n|upkeep\n|turn|5\n|\n|t:|1776345959\n|detailschange|p2b: Dragonite|Dragonite-Mega, L50, F\n|-mega|p2b: Dragonite|Dragonite|Dragoninite\n|move|p1b: Espathra|Hypnosis|p2b: Dragonite\n|-status|p2b: Dragonite|slp|[from] move: Hypnosis\n|cant|p2b: Dragonite|slp\n|cant|p2a: Sinistcha|slp\n|move|p1a: Sableye|Foul Play|p2a: Sinistcha\n|-supereffective|p2a: Sinistcha|1\n|-damage|p2a: Sinistcha|66/100 slp\n|\n|-heal|p2a: Sinistcha|72/100 slp|[from] item: Leftovers\n|-fieldend|move: Gravity\n|-ability|p1b: Espathra|Speed Boost|boost\n|-boost|p1b: Espathra|spe|1\n|upkeep\n|turn|6\n|\n|t:|1776345979\n|move|p1a: Sableye|Gravity|p1a: Sableye\n|-fieldstart|move: Gravity\n|move|p1b: Espathra|Lumina Crash|p2a: Sinistcha\n|-damage|p2a: Sinistcha|42/100 slp\n|-unboost|p2a: Sinistcha|spd|2\n|cant|p2b: Dragonite|slp\n|-curestatus|p2a: Sinistcha|slp|[msg]\n|move|p2a: Sinistcha|Matcha Gotcha|p1a: Sableye|[spread] p1a,p1b\n|-damage|p1a: Sableye|61/100\n|-heal|p2a: Sinistcha|57/100|[from] drain|[of] p1a: Sableye\n|-damage|p1b: Espathra|64/100\n|-heal|p2a: Sinistcha|75/100|[from] drain|[of] p1b: Espathra\n|\n|-heal|p2a: Sinistcha|81/100|[from] item: Leftovers\n|-ability|p1b: Espathra|Speed Boost|boost\n|-boost|p1b: Espathra|spe|1\n|upkeep\n|turn|7\n|inactive|CHOSSYxVGC has 30 seconds left.\n|\n|t:|1776346004\n|switch|p1a: Maushold|Maushold, L50|100/100\n|move|p1b: Espathra|Hypnosis|p2a: Sinistcha\n|-status|p2a: Sinistcha|slp|[from] move: Hypnosis\n|-curestatus|p2b: Dragonite|slp|[msg]\n|move|p2b: Dragonite|Dragon Pulse|p1b: Espathra\n|-damage|p1b: Espathra|0 fnt\n|faint|p1b: Espathra\n|cant|p2a: Sinistcha|slp\n|\n|-heal|p2a: Sinistcha|88/100 slp|[from] item: Leftovers\n|upkeep\n|\n|t:|1776346011\n|switch|p1b: Sableye|Sableye, L50, F|61/100\n|turn|8\n|\n|t:|1776346030\n|move|p2b: Dragonite|Protect|p2b: Dragonite\n|-singleturn|p2b: Dragonite|Protect\n|move|p1b: Sableye|Quash|p2b: Dragonite\n|-activate|p2b: Dragonite|move: Protect\n|move|p1a: Maushold|Population Bomb|p2b: Dragonite\n|-activate|p2b: Dragonite|move: Protect\n|-curestatus|p2a: Sinistcha|slp|[msg]\n|move|p2a: Sinistcha|Matcha Gotcha|p1a: Maushold|[spread] p1a,p1b\n|-damage|p1a: Maushold|65/100\n|-heal|p2a: Sinistcha|100/100|[from] drain|[of] p1a: Maushold\n|-damage|p1b: Sableye|24/100\n|\n|upkeep\n|turn|9\n|inactive|blog2 has 30 seconds left.\n|inactive|blog2 has 20 seconds left.\n|\n|t:|1776346069\n|move|p1b: Sableye|Encore|p2b: Dragonite\n|-start|p2b: Dragonite|Encore\n|move|p2b: Dragonite|Protect|p2b: Dragonite\n|-singleturn|p2b: Dragonite|Protect\n|move|p1a: Maushold|Shadow Claw|p2a: Sinistcha\n|-supereffective|p2a: Sinistcha|1\n|-damage|p2a: Sinistcha|70/100\n|move|p2a: Sinistcha|Matcha Gotcha|p1b: Sableye|[spread] p1a,p1b\n|-damage|p1a: Maushold|29/100\n|-heal|p2a: Sinistcha|85/100|[from] drain|[of] p1a: Maushold\n|-damage|p1b: Sableye|0 fnt\n|-heal|p2a: Sinistcha|95/100|[from] drain|[of] p1b: Sableye\n|-status|p1a: Maushold|brn\n|faint|p1b: Sableye\n|\n|-heal|p2a: Sinistcha|100/100|[from] item: Leftovers\n|-damage|p1a: Maushold|23/100 brn|[from] brn\n|upkeep\n|-message|CHOSSYxVGC forfeited.\n|\n|win|blog2\n|raw|CHOSSYxVGC's rating: 1143 &rarr; <strong>1115</strong><br />(-28 for losing)\n|raw|blog2's rating: 1107 &rarr; <strong>1135</strong><br />(+28 for winning)\n",
  "uploadtime": 1776346083,
  "views": 42,
  "formatid": "gen9championsvgc2026regma",
  "rating": 1115,
  "private": 0,
  "password": null
}