{
  "id": "gen9championsvgc2026regma-2584756911",
  "format": "[Gen 9 Champions] VGC 2026 Reg M-A",
  "players": [
    "skywalkingchris",
    "tunnelzx"
  ],
  "log": "|j|\u2606skywalkingchris\n|j|\u2606tunnelzx\n|t:|1776281483\n|gametype|doubles\n|player|p1|skywalkingchris|2|1084\n|player|p2|tunnelzx|harlequin|1125\n|gen|9\n|tier|[Gen 9 Champions] VGC 2026 Reg M-A\n|rated|\n|rule|Species Clause: Limit one of each Pok\u00e9mon\n|rule|Item Clause: Limit 1 of each item\n|clearpoke\n|poke|p1|Whimsicott, L50, F|\n|poke|p1|Froslass, L50, F|\n|poke|p1|Weavile, L50, F|\n|poke|p1|Lucario, L50, M|\n|poke|p1|Alcremie, L50, F|\n|poke|p1|Blastoise, L50, F|\n|poke|p2|Politoed, L50, F|\n|poke|p2|Sableye, L50, F|\n|poke|p2|Meganium, L50, F|\n|poke|p2|Toxicroak, L50, F|\n|poke|p2|Araquanid, L50, F|\n|poke|p2|Raichu, L50, F|\n|teampreview|4\ntunnelzx rejected open team sheets.\n|\n|t:|1776281512\n|teamsize|p1|4\n|teamsize|p2|4\n|start\n|switch|p1a: Whimsicott|Whimsicott, L50, F|100/100\n|switch|p1b: Alcremie|Alcremie, L50, F|100/100\n|switch|p2a: stitch|Sableye, L50, F, shiny|100/100\n|switch|p2b: Toxicroak|Toxicroak, L50, F|100/100\n|turn|1\n|\n|t:|1776281528\n|switch|p1b: Lucario|Lucario, L50, M|100/100\n|move|p2a: stitch|Detect|p2a: stitch\n|-singleturn|p2a: stitch|Protect\n|move|p1a: Whimsicott|Beat Up|p1b: Lucario\n|-resisted|p1b: Lucario|1\n|-damage|p1b: Lucario|99/100\n|-ability|p1b: Lucario|Justified|boost\n|-boost|p1b: Lucario|atk|1\n|-resisted|p1b: Lucario|1\n|-damage|p1b: Lucario|98/100\n|-ability|p1b: Lucario|Justified|boost\n|-boost|p1b: Lucario|atk|1\n|-resisted|p1b: Lucario|1\n|-damage|p1b: Lucario|96/100\n|-ability|p1b: Lucario|Justified|boost\n|-boost|p1b: Lucario|atk|1\n|-resisted|p1b: Lucario|1\n|-damage|p1b: Lucario|95/100\n|-ability|p1b: Lucario|Justified|boost\n|-boost|p1b: Lucario|atk|1\n|-hitcount|p1b: Lucario|4\n|move|p2b: Toxicroak|Poison Jab|p1a: Whimsicott\n|-supereffective|p1a: Whimsicott|2\n|-enditem|p1a: Whimsicott|Focus Sash\n|-damage|p1a: Whimsicott|1/100\n|\n|upkeep\n|turn|2\n|\n|t:|1776281576\n|switch|p1a: Froslass|Froslass, L50, F|100/100\n|move|p2b: Toxicroak|Upper Hand||[still]\n|-fail|p2b: Toxicroak\n|move|p2a: stitch|Rain Dance|p2a: stitch\n|-weather|RainDance\n|move|p1b: Lucario|Meteor Mash|p2a: stitch\n|-damage|p2a: stitch|0 fnt\n|faint|p2a: stitch\n|\n|-weather|RainDance|[upkeep]\n|upkeep\n|\n|t:|1776281588\n|switch|p2a: Pichaku|Raichu, L50, F|100/100\n|turn|3\n|\n|t:|1776281603\n|detailschange|p1a: Froslass|Froslass-Mega, L50, F\n|-mega|p1a: Froslass|Froslass|Froslassite\n|-weather|Snowscape|[from] ability: Snow Warning|[of] p1a: Froslass\n|move|p1b: Lucario|Protect|p1b: Lucario\n|-singleturn|p1b: Lucario|Protect\n|move|p2a: Pichaku|Fake Out|p1b: Lucario\n|-activate|p1b: Lucario|move: Protect\n|move|p1a: Froslass|Aurora Veil|p1a: Froslass\n|-sidestart|p1: skywalkingchris|move: Aurora Veil\n|move|p2b: Toxicroak|Knock Off|p1a: Froslass\n|-supereffective|p1a: Froslass|1\n|-damage|p1a: Froslass|72/100\n|\n|-weather|Snowscape|[upkeep]\n|upkeep\n|turn|4\n|\n|t:|1776281621\n|move|p1b: Lucario|Bullet Punch|p2a: Pichaku\n|-resisted|p2a: Pichaku|1\n|-damage|p2a: Pichaku|56/100\n|move|p1a: Froslass|Blizzard|p2b: Toxicroak|[spread] p2a,p2b\n|-damage|p2a: Pichaku|0 fnt\n|-damage|p2b: Toxicroak|29/100\n|faint|p2a: Pichaku\n|move|p2b: Toxicroak|Knock Off|p1a: Froslass\n|-supereffective|p1a: Froslass|1\n|-damage|p1a: Froslass|44/100\n|\n|-weather|Snowscape|[upkeep]\n|upkeep\n|\n|t:|1776281631\n|switch|p2a: Lesbian|Meganium, L50, F, shiny|100/100\n|turn|5\n|\n|t:|1776281651\n|detailschange|p2a: Lesbian|Meganium-Mega, L50, F, shiny\n|-mega|p2a: Lesbian|Meganium|Meganiumite\n|move|p1b: Lucario|Protect|p1b: Lucario\n|-singleturn|p1b: Lucario|Protect\n|move|p2b: Toxicroak|Upper Hand||[still]\n|-fail|p2b: Toxicroak\n|move|p1a: Froslass|Blizzard|p2a: Lesbian|[spread] p2a,p2b\n|-supereffective|p2a: Lesbian|1\n|-damage|p2a: Lesbian|37/100\n|-damage|p2b: Toxicroak|0 fnt\n|faint|p2b: Toxicroak\n|move|p2a: Lesbian|Weather Ball|p1a: Froslass\n|-supereffective|p1a: Froslass|1\n|-damage|p1a: Froslass|0 fnt\n|faint|p1a: Froslass\n|\n|-weather|Snowscape|[upkeep]\n|upkeep\n|\n|t:|1776281665\n|switch|p1a: Alcremie|Alcremie, L50, F|100/100\n|turn|6\n|\n|t:|1776281675\n|move|p1b: Lucario|Bullet Punch|p2a: Lesbian\n|-supereffective|p2a: Lesbian|1\n|-damage|p2a: Lesbian|0 fnt\n|faint|p2a: Lesbian\n|\n|win|skywalkingchris\n|raw|skywalkingchris's rating: 1084 &rarr; <strong>1115</strong><br />(+31 for winning)\n|raw|tunnelzx's rating: 1125 &rarr; <strong>1097</strong><br />(-28 for losing)\n|l|\u2606tunnelzx\n|player|p2|\n",
  "uploadtime": 1776281680,
  "views": 29,
  "formatid": "gen9championsvgc2026regma",
  "rating": 1097,
  "private": 0,
  "password": null
}