{
  "id": "gen9championsvgc2026regma-2582604819",
  "format": "[Gen 9 Champions] VGC 2026 Reg M-A",
  "players": [
    "Bhdidi",
    "squirethe2nd"
  ],
  "log": "|j|\u2606Bhdidi\n|j|\u2606squirethe2nd\n|t:|1776102147\n|gametype|doubles\n|player|p1|Bhdidi|169|1174\n|player|p2|squirethe2nd|steven|1173\n|gen|9\n|tier|[Gen 9 Champions] VGC 2026 Reg M-A\n|rated|\n|rule|Species Clause: Limit one of each Pok\u00e9mon\n|rule|Item Clause: Limit 1 of each item\n|clearpoke\n|poke|p1|Incineroar, L50, F|\n|poke|p1|Garchomp, L50, F|\n|poke|p1|Sinistcha, L50|\n|poke|p1|Sneasler, L50, F|\n|poke|p1|Tyranitar, L50, F|\n|poke|p1|Primarina, L50, F|\n|poke|p2|Charizard, L50, F|\n|poke|p2|Sneasler, L50, F|\n|poke|p2|Incineroar, L50, M|\n|poke|p2|Whimsicott, L50, M|\n|poke|p2|Rotom-Wash, L50|\n|poke|p2|Garchomp, L50, M|\n|teampreview|4\n|inactive|Battle timer is ON: inactive players will automatically lose when time's up. (requested by squirethe2nd)\n|inactive|Bhdidi has 60 seconds left.\n|\n|t:|1776102203\n|teamsize|p1|4\n|teamsize|p2|4\n|start\n|switch|p1a: Incineroar|Incineroar, L50, F|100/100\n|switch|p1b: Primarina|Primarina, L50, F|100/100\n|switch|p2a: Whimsicott|Whimsicott, L50, M|100/100\n|switch|p2b: Rotom|Rotom-Wash, L50|100/100\n|-ability|p1a: Incineroar|Intimidate|boost\n|-unboost|p2a: Whimsicott|atk|1\n|-unboost|p2b: Rotom|atk|1\n|turn|1\n|\n|t:|1776102227\n|switch|p1b: Sinistcha|Sinistcha, L50|100/100\n|move|p2a: Whimsicott|Protect|p2a: Whimsicott\n|-singleturn|p2a: Whimsicott|Protect\n|move|p2b: Rotom|Protect|p2b: Rotom\n|-singleturn|p2b: Rotom|Protect\n|move|p1a: Incineroar|Parting Shot|p2b: Rotom\n|-activate|p2b: Rotom|move: Protect\n|\n|upkeep\n|turn|2\n|\n|t:|1776102240\n|move|p2a: Whimsicott|Tailwind|p2a: Whimsicott\n|-sidestart|p2: squirethe2nd|move: Tailwind\n|move|p2b: Rotom|Hydro Pump|p1a: Incineroar\n|-supereffective|p1a: Incineroar|1\n|-damage|p1a: Incineroar|11/100\n|-enditem|p1a: Incineroar|Sitrus Berry|[eat]\n|-heal|p1a: Incineroar|36/100|[from] item: Sitrus Berry\n|move|p1b: Sinistcha|Matcha Gotcha|p2a: Whimsicott|[spread] p2a,p2b\n|-resisted|p2a: Whimsicott|1\n|-supereffective|p2b: Rotom|1\n|-damage|p2a: Whimsicott|76/100\n|-damage|p2b: Rotom|38/100\n|move|p1a: Incineroar|Flare Blitz|p2a: Whimsicott\n|-supereffective|p2a: Whimsicott|1\n|-damage|p2a: Whimsicott|0 fnt\n|faint|p2a: Whimsicott\n|-damage|p1a: Incineroar|19/100|[from] Recoil\n|\n|-heal|p2b: Rotom|44/100|[from] item: Leftovers\n|upkeep\n|\n|t:|1776102256\n|switch|p2a: Sneasler|Sneasler, L50, F|100/100\n|turn|3\n|\n|t:|1776102272\n|move|p1b: Sinistcha|Rage Powder|p1b: Sinistcha\n|-singleturn|p1b: Sinistcha|move: Rage Powder\n|move|p2a: Sneasler|Dire Claw|p1b: Sinistcha\n|-crit|p1b: Sinistcha\n|-damage|p1b: Sinistcha|48/100\n|-status|p1b: Sinistcha|par\n|move|p2b: Rotom|Thunderbolt|p1b: Sinistcha\n|-resisted|p1b: Sinistcha|1\n|-damage|p1b: Sinistcha|25/100 par\n|move|p1a: Incineroar|Parting Shot|p2a: Sneasler\n|-unboost|p2a: Sneasler|atk|1\n|-unboost|p2a: Sneasler|spa|1\n|\n|t:|1776102284\n|switch|p1a: Primarina|Primarina, L50, F|100/100|[from] Parting Shot\n|-enditem|p2a: Sneasler|White Herb\n|-clearnegativeboost|p2a: Sneasler|[silent]\n|\n|-heal|p2b: Rotom|50/100|[from] item: Leftovers\n|upkeep\n|turn|4\n|\n|t:|1776102302\n|switch|p1b: Incineroar|Incineroar, L50, F|19/100\n|-ability|p1b: Incineroar|Intimidate|boost\n|-unboost|p2a: Sneasler|atk|1\n|-unboost|p2b: Rotom|atk|1\n|move|p1a: Primarina|Protect|p1a: Primarina\n|-singleturn|p1a: Primarina|Protect\n|move|p2a: Sneasler|Dire Claw|p1b: Incineroar\n|-crit|p1b: Incineroar\n|-damage|p1b: Incineroar|0 fnt\n|faint|p1b: Incineroar\n|move|p2b: Rotom|Thunderbolt|p1a: Primarina\n|-activate|p1a: Primarina|move: Protect\n|\n|-heal|p2b: Rotom|55/100|[from] item: Leftovers\n|upkeep\n|\n|t:|1776102310\n|switch|p1b: Sneasler|Sneasler, L50, F|100/100\n|turn|5\n|\n|t:|1776102335\n|move|p2b: Rotom|Protect|p2b: Rotom\n|-singleturn|p2b: Rotom|Protect\n|move|p1b: Sneasler|Fake Out|p2a: Sneasler\n|-damage|p2a: Sneasler|75/100\n|cant|p2a: Sneasler|flinch\n|move|p1a: Primarina|Calm Mind|p1a: Primarina\n|-boost|p1a: Primarina|spa|1\n|-boost|p1a: Primarina|spd|1\n|\n|-heal|p2b: Rotom|61/100|[from] item: Leftovers\n|-sideend|p2: squirethe2nd|move: Tailwind\n|upkeep\n|turn|6\n|\n|t:|1776102350\n|move|p2a: Sneasler|Dire Claw|p1a: Primarina\n|-supereffective|p1a: Primarina|1\n|-damage|p1a: Primarina|46/100\n|move|p1b: Sneasler|Close Combat|p2b: Rotom\n|-damage|p2b: Rotom|0 fnt\n|-unboost|p1b: Sneasler|def|1\n|-unboost|p1b: Sneasler|spd|1\n|faint|p2b: Rotom\n|-enditem|p1b: Sneasler|White Herb\n|-clearnegativeboost|p1b: Sneasler|[silent]\n|move|p1a: Primarina|Hyper Voice|p2a: Sneasler\n|-damage|p2a: Sneasler|0 fnt\n|faint|p2a: Sneasler\n|\n|-heal|p1a: Primarina|52/100|[from] item: Leftovers\n|upkeep\n|\n|t:|1776102361\n|switch|p2b: Garchomp|Garchomp, L50, M|100/100\n|turn|7\n|\n|t:|1776102367\n|switch|p1b: Sinistcha|Sinistcha, L50|25/100 par\n|-heal|p1a: Primarina|76/100|[from] ability: Hospitality|[of] p1b: Sinistcha\n|move|p2b: Garchomp|Earthquake|p1b: Sinistcha|[spread] p1a,p1b\n|-resisted|p1b: Sinistcha|1\n|-damage|p1a: Primarina|36/100\n|-damage|p1b: Sinistcha|7/100 par\n|move|p1a: Primarina|Moonblast|p2b: Garchomp\n|-supereffective|p2b: Garchomp|1\n|-damage|p2b: Garchomp|0 fnt\n|faint|p2b: Garchomp\n|\n|win|Bhdidi\n|raw|Bhdidi's rating: 1174 &rarr; <strong>1199</strong><br />(+25 for winning)\n|raw|squirethe2nd's rating: 1173 &rarr; <strong>1148</strong><br />(-25 for losing)\n|l|\u2606Bhdidi\n|player|p1|\n",
  "uploadtime": 1776102503,
  "views": 14,
  "formatid": "gen9championsvgc2026regma",
  "rating": 1148,
  "private": 0,
  "password": null
}