{
  "id": "gen9championsvgc2026regma-2584069789",
  "format": "[Gen 9 Champions] VGC 2026 Reg M-A",
  "players": [
    "Morasardo",
    "grape city"
  ],
  "log": "|j|\u2606Morasardo\n|j|\u2606grape city\n|t:|1776222069\n|gametype|doubles\n|player|p1|Morasardo|hilbert|\n|player|p2|grape city|infielder|\n|gen|9\n|tier|[Gen 9 Champions] VGC 2026 Reg M-A\n|rated|Tournament battle\n|rule|Species Clause: Limit one of each Pok\u00e9mon\n|rule|Item Clause: Limit 1 of each item\n|raw|<div class=\"infobox\"><details class=\"readmore\" open><summary><strong>1 custom rule:</strong></summary> Force Open Team Sheets</details></div>\n|clearpoke\n|poke|p1|Charizard, L50, F|\n|poke|p1|Maushold-Four, L50|\n|poke|p1|Kingambit, L50, M|\n|poke|p1|Sneasler, L50, M|\n|poke|p1|Dragapult, L50, M|\n|poke|p1|Garchomp, L50, M|\n|poke|p2|Gengar, L50, M|\n|poke|p2|Palafin, L50, F|\n|poke|p2|Pelipper, L50, F|\n|poke|p2|Kingambit, L50, M|\n|poke|p2|Dragonite, L50, M|\n|poke|p2|Incineroar, L50, F|\n|teampreview|4\n|showteam|p1|Charizard||CharizarditeY|Blaze|HeatWave,SolarBeam,Overheat,Protect|||F|||50|]Maushold-Four||ChopleBerry|FriendGuard|Protect,FollowMe,SuperFang,Encore||||||50|]Kingambit||BlackGlasses|Defiant|SuckerPunch,KowtowCleave,IronHead,Protect|||M|||50|]Sneasler||FocusSash|Unburden|Feint,DireClaw,CloseCombat,FakeOut|||M|||50|]Dragapult||LumBerry|ClearBody|DracoMeteor,ShadowBall,WillOWisp,PsychicFangs|||M|||50|]Garchomp||ChoiceScarf|RoughSkin|RockTomb,StompingTantrum,RockSlide,DragonClaw|||M|||50|\n|showteam|p2|Gengar||Gengarite|CursedBody|ShadowBall,SludgeBomb,IcyWind,Protect|||M|||50|]Palafin||MysticWater|ZerotoHero|WaveCrash,JetPunch,CloseCombat,Protect|||F|||50|]Pelipper||ChoiceScarf|Drizzle|Hurricane,MuddyWater,WeatherBall,Tailwind|||F|||50|]Kingambit||ChopleBerry|Defiant|KowtowCleave,IronHead,SuckerPunch,LowKick|||M|||50|]Dragonite||LumBerry|InnerFocus|ScaleShot,ExtremeSpeed,RockSlide,Protect|||M|||50|]Incineroar||SitrusBerry|Intimidate|ThroatChop,PartingShot,HelpingHand,FakeOut|||F|||50|\n|\n|t:|1776222117\n|teamsize|p1|4\n|teamsize|p2|4\n|start\n|switch|p1a: Sneasler|Sneasler, L50, M|100/100\n|switch|p1b: Garchomp|Garchomp, L50, M|100/100\n|switch|p2a: Incineroar|Incineroar, L50, F|100/100\n|switch|p2b: Dragonite|Dragonite, L50, M|100/100\n|-ability|p2a: Incineroar|Intimidate|boost\n|-unboost|p1a: Sneasler|atk|1\n|-unboost|p1b: Garchomp|atk|1\n|turn|1\n|\n|t:|1776222140\n|move|p2b: Dragonite|Protect|p2b: Dragonite\n|-singleturn|p2b: Dragonite|Protect\n|move|p1a: Sneasler|Fake Out|p2a: Incineroar\n|-damage|p2a: Incineroar|93/100\n|cant|p2a: Incineroar|flinch\n|move|p1b: Garchomp|Rock Slide|p2b: Dragonite|[spread] p2a\n|-activate|p2b: Dragonite|move: Protect\n|-supereffective|p2a: Incineroar|1\n|-damage|p2a: Incineroar|72/100\n|\n|upkeep\n|turn|2\n|\n|t:|1776222163\n|move|p2a: Incineroar|Helping Hand|p2b: Dragonite\n|-singleturn|p2b: Dragonite|Helping Hand|[of] p2a: Incineroar\n|move|p1b: Garchomp|Rock Slide|p2a: Incineroar|[spread] p2b\n|-miss|p1b: Garchomp|p2a: Incineroar\n|-supereffective|p2b: Dragonite|1\n|-damage|p2b: Dragonite|70/100\n|move|p1a: Sneasler|Close Combat|p2a: Incineroar\n|-supereffective|p2a: Incineroar|1\n|-damage|p2a: Incineroar|12/100\n|-unboost|p1a: Sneasler|def|1\n|-unboost|p1a: Sneasler|spd|1\n|-enditem|p2a: Incineroar|Sitrus Berry|[eat]\n|-heal|p2a: Incineroar|37/100|[from] item: Sitrus Berry\n|move|p2b: Dragonite|Scale Shot|p1a: Sneasler\n|-damage|p1a: Sneasler|52/100\n|-damage|p1a: Sneasler|4/100\n|-damage|p1a: Sneasler|0 fnt\n|faint|p1a: Sneasler\n|-hitcount|p1: Sneasler|3\n|-unboost|p2b: Dragonite|def|1\n|-boost|p2b: Dragonite|spe|1\n|\n|upkeep\n|\n|t:|1776222186\n|switch|p1a: Kingambit|Kingambit, L50, M|100/100\n|turn|3\n|\n|t:|1776222201\n|switch|p1b: Charizard|Charizard, L50, F|100/100\n|switch|p2a: Kingambit|Kingambit, L50, M|100/100\n|move|p1a: Kingambit|Protect|p1a: Kingambit\n|-singleturn|p1a: Kingambit|Protect\n|move|p2b: Dragonite|Scale Shot|p1b: Charizard\n|-damage|p1b: Charizard|84/100\n|-damage|p1b: Charizard|68/100\n|-damage|p1b: Charizard|53/100\n|-hitcount|p1b: Charizard|3\n|-unboost|p2b: Dragonite|def|1\n|-boost|p2b: Dragonite|spe|1\n|\n|upkeep\n|turn|4\n|\n|t:|1776222227\n|detailschange|p1b: Charizard|Charizard-Mega-Y, L50, F\n|-mega|p1b: Charizard|Charizard|Charizardite Y\n|-weather|SunnyDay|[from] ability: Drought|[of] p1b: Charizard\n|move|p2b: Dragonite|Extreme Speed|p1b: Charizard\n|-damage|p1b: Charizard|16/100\n|move|p2a: Kingambit|Sucker Punch|p1b: Charizard\n|-damage|p1b: Charizard|0 fnt\n|faint|p1b: Charizard\n|move|p1a: Kingambit|Sucker Punch||[still]\n|-fail|p1a: Kingambit\n|\n|-weather|SunnyDay|[upkeep]\n|upkeep\n|c|\u2606Morasardo|gg\n|\n|t:|1776222238\n|switch|p1b: Garchomp|Garchomp, L50, M|100/100\n|turn|5\n|\n|t:|1776222259\n|move|p2b: Dragonite|Protect|p2b: Dragonite\n|-singleturn|p2b: Dragonite|Protect\n|move|p1a: Kingambit|Sucker Punch||[still]\n|-fail|p1a: Kingambit\n|move|p1b: Garchomp|Dragon Claw|p2b: Dragonite\n|-activate|p2b: Dragonite|move: Protect\n|move|p2a: Kingambit|Low Kick|p1a: Kingambit\n|-supereffective|p1a: Kingambit|2\n|-damage|p1a: Kingambit|0 fnt\n|faint|p1a: Kingambit\n|\n|-weather|SunnyDay|[upkeep]\n|upkeep\n|turn|6\n|\n|t:|1776222280\n|move|p2b: Dragonite|Scale Shot|p1b: Garchomp\n|-supereffective|p1b: Garchomp|1\n|-damage|p1b: Garchomp|75/100\n|-supereffective|p1b: Garchomp|1\n|-crit|p1b: Garchomp\n|-damage|p1b: Garchomp|34/100\n|-hitcount|p1b: Garchomp|2\n|-unboost|p2b: Dragonite|def|1\n|-boost|p2b: Dragonite|spe|1\n|move|p1b: Garchomp|Dragon Claw|p2b: Dragonite\n|-supereffective|p2b: Dragonite|1\n|-damage|p2b: Dragonite|0 fnt\n|faint|p2b: Dragonite\n|move|p2a: Kingambit|Kowtow Cleave|p1b: Garchomp\n|-damage|p1b: Garchomp|0 fnt\n|-damage|p2a: Kingambit|88/100|[from] ability: Rough Skin|[of] p1b: Garchomp\n|faint|p1b: Garchomp\n|\n|win|grape city\n|n|\u2606Morasardo|morasardo\n|n|\u2606grape city|grapecity\n|c|\u2606grape city|gg\n|l|\u2606Morasardo\n|player|p1|\n",
  "uploadtime": 1776222718,
  "views": 17,
  "formatid": "gen9championsvgc2026regma",
  "rating": null,
  "private": 0,
  "password": null
}