{
  "id": "gen9championsvgc2026regma-2587871244",
  "format": "[Gen 9 Champions] VGC 2026 Reg M-A",
  "players": [
    "regichigga",
    "JasmineThia"
  ],
  "log": "|j|\u2606regichigga\n|j|\u2606JasmineThia\n|t:|1776572883\n|gametype|doubles\n|player|p1|regichigga|brycen|1200\n|player|p2|JasmineThia|selene-masters2|1264\n|gen|9\n|tier|[Gen 9 Champions] VGC 2026 Reg M-A\n|rated|\n|rule|Species Clause: Limit one of each Pok\u00e9mon\n|rule|Item Clause: Limit 1 of each item\n|clearpoke\n|poke|p1|Golurk, L50|\n|poke|p1|Farigiraf, L50, M, shiny|\n|poke|p1|Incineroar, L50, M, shiny|\n|poke|p1|Torkoal, L50, F, shiny|\n|poke|p1|Sneasler, L50, M|\n|poke|p1|Venusaur, L50, M, shiny|\n|poke|p2|Kangaskhan, L50, F|\n|poke|p2|Primarina, L50, M, shiny|\n|poke|p2|Aegislash, L50, M, shiny|\n|poke|p2|Farigiraf, L50, F|\n|poke|p2|Volcarona, L50, M|\n|poke|p2|Ninetales-Alola, L50, F|\n|teampreview|4\n|inactive|Battle timer is ON: inactive players will automatically lose when time's up. (requested by JasmineThia)\n|\n|t:|1776572900\n|teamsize|p1|4\n|teamsize|p2|4\n|start\n|switch|p1a: Torkoal|Torkoal, L50, F, shiny|100/100\n|switch|p1b: Venusaur|Venusaur, L50, M, shiny|100/100\n|switch|p2a: Farigiraf|Farigiraf, L50, F|100/100\n|switch|p2b: Kangaskhan|Kangaskhan, L50, F|100/100\n|-weather|SunnyDay|[from] ability: Drought|[of] p1a: Torkoal\n|turn|1\n|\n|t:|1776572916\n|switch|p1a: Farigiraf|Farigiraf, L50, M, shiny|100/100\n|detailschange|p2b: Kangaskhan|Kangaskhan-Mega, L50, F\n|-mega|p2b: Kangaskhan|Kangaskhan|Kangaskhanite\n|move|p2b: Kangaskhan|Fake Out||[still]\n|cant|p1a: Farigiraf|ability: Armor Tail|Fake Out|[of] p2b: Kangaskhan\n|move|p1b: Venusaur|Sleep Powder|p2b: Kangaskhan\n|-status|p2b: Kangaskhan|slp|[from] move: Sleep Powder\n|move|p2a: Farigiraf|Twin Beam|p1b: Venusaur\n|-supereffective|p1b: Venusaur|1\n|-damage|p1b: Venusaur|62/100\n|-supereffective|p1b: Venusaur|1\n|-damage|p1b: Venusaur|24/100\n|-hitcount|p1b: Venusaur|2\n|\n|-weather|SunnyDay|[upkeep]\n|upkeep\n|turn|2\n|\n|t:|1776572934\n|move|p1b: Venusaur|Sleep Powder|p2a: Farigiraf|[miss]\n|-miss|p1b: Venusaur|p2a: Farigiraf\n|cant|p2b: Kangaskhan|slp\n|move|p2a: Farigiraf|Imprison|p2a: Farigiraf\n|-start|p2a: Farigiraf|move: Imprison\n|cant|p1a: Farigiraf|move: Imprison|Trick Room\n|\n|-weather|SunnyDay|[upkeep]\n|upkeep\n|turn|3\n|\n|t:|1776572948\n|move|p1b: Venusaur|Sleep Powder|p2a: Farigiraf\n|-status|p2a: Farigiraf|slp|[from] move: Sleep Powder\n|cant|p2b: Kangaskhan|slp\n|move|p1a: Farigiraf|Psychic|p2b: Kangaskhan\n|-damage|p2b: Kangaskhan|72/100 slp\n|cant|p2a: Farigiraf|slp\n|\n|-weather|SunnyDay|[upkeep]\n|upkeep\n|turn|4\n|\n|t:|1776572961\n|move|p1b: Venusaur|Protect|p1b: Venusaur\n|-singleturn|p1b: Venusaur|Protect\n|-curestatus|p2b: Kangaskhan|slp|[msg]\n|move|p2b: Kangaskhan|Double-Edge|p1b: Venusaur\n|-activate|p1b: Venusaur|move: Protect\n|cant|p2a: Farigiraf|slp\n|move|p1a: Farigiraf|Hyper Voice|p2b: Kangaskhan|[spread] p2a,p2b\n|-damage|p2a: Farigiraf|79/100 slp\n|-damage|p2b: Kangaskhan|52/100\n|\n|-weather|SunnyDay|[upkeep]\n|upkeep\n|turn|5\n|\n|t:|1776572976\n|move|p1b: Venusaur|Sleep Powder|p2b: Kangaskhan\n|-status|p2b: Kangaskhan|slp|[from] move: Sleep Powder\n|cant|p2b: Kangaskhan|slp\n|-curestatus|p2a: Farigiraf|slp|[msg]\n|move|p2a: Farigiraf|Twin Beam|p1b: Venusaur\n|-supereffective|p1b: Venusaur|1\n|-damage|p1b: Venusaur|0 fnt\n|faint|p1b: Venusaur\n|-hitcount|p1: Venusaur|1\n|move|p1a: Farigiraf|Hyper Voice|p2b: Kangaskhan|[spread] p2a,p2b\n|-damage|p2a: Farigiraf|60/100\n|-damage|p2b: Kangaskhan|30/100 slp\n|\n|-weather|none\n|upkeep\n|\n|t:|1776572995\n|switch|p1b: Golurk|Golurk, L50|100/100\n|turn|6\n|\n|t:|1776573013\n|switch|p2a: Ninetales|Ninetales-Alola, L50, F|100/100\n|-weather|Snowscape|[from] ability: Snow Warning|[of] p2a: Ninetales\n|detailschange|p1b: Golurk|Golurk-Mega, L50\n|-mega|p1b: Golurk|Golurk|Golurkite\n|move|p1b: Golurk|Protect|p1b: Golurk\n|-singleturn|p1b: Golurk|Protect\n|cant|p2b: Kangaskhan|slp\n|move|p1a: Farigiraf|Psychic|p2b: Kangaskhan\n|-damage|p2b: Kangaskhan|0 fnt\n|faint|p2b: Kangaskhan\n|\n|-weather|Snowscape|[upkeep]\n|upkeep\n|\n|t:|1776573017\n|switch|p2b: Farigiraf|Farigiraf, L50, F|60/100\n|turn|7\n|\n|t:|1776573035\n|move|p2a: Ninetales|Encore|p1b: Golurk\n|-start|p1b: Golurk|Encore\n|move|p1b: Golurk|Protect||[still]\n|-fail|p1b: Golurk\n|move|p2b: Farigiraf|Imprison|p2b: Farigiraf\n|-start|p2b: Farigiraf|move: Imprison\n|move|p1a: Farigiraf|Hyper Voice|p2a: Ninetales|[spread] p2a,p2b\n|-damage|p2a: Ninetales|66/100\n|-damage|p2b: Farigiraf|40/100\n|\n|-weather|Snowscape|[upkeep]\n|upkeep\n|turn|8\n|\n|t:|1776573049\n|switch|p2a: Primarina|Primarina, L50, M, shiny|100/100\n|move|p1b: Golurk|Protect|p1b: Golurk\n|-singleturn|p1b: Golurk|Protect\n|move|p2b: Farigiraf|Twin Beam|p1b: Golurk\n|-activate|p1b: Golurk|move: Protect\n|move|p1a: Farigiraf|Hyper Voice|p2a: Primarina|[spread] p2a,p2b\n|-damage|p2a: Primarina|76/100\n|-damage|p2b: Farigiraf|19/100\n|\n|-weather|Snowscape|[upkeep]\n|-heal|p2a: Primarina|82/100|[from] item: Leftovers\n|upkeep\n|turn|9\n|\n|t:|1776573069\n|switch|p1b: Torkoal|Torkoal, L50, F, shiny|100/100\n|-weather|SunnyDay|[from] ability: Drought|[of] p1b: Torkoal\n|move|p2a: Primarina|Calm Mind|p2a: Primarina\n|-boost|p2a: Primarina|spa|1\n|-boost|p2a: Primarina|spd|1\n|move|p1a: Farigiraf|Psychic|p2b: Farigiraf\n|-resisted|p2b: Farigiraf|1\n|-damage|p2b: Farigiraf|6/100\n|move|p2b: Farigiraf|Twin Beam|p1b: Torkoal\n|-damage|p1b: Torkoal|82/100\n|-damage|p1b: Torkoal|63/100\n|-hitcount|p1b: Torkoal|2\n|\n|-weather|SunnyDay|[upkeep]\n|-heal|p2a: Primarina|88/100|[from] item: Leftovers\n|upkeep\n|turn|10\n|\n|t:|1776573087\n|switch|p2b: Ninetales|Ninetales-Alola, L50, F|66/100\n|-weather|Snowscape|[from] ability: Snow Warning|[of] p2b: Ninetales\n|move|p1b: Torkoal|Protect|p1b: Torkoal\n|-singleturn|p1b: Torkoal|Protect\n|move|p2a: Primarina|Hyper Voice|p1a: Farigiraf|[spread] p1a\n|-activate|p1b: Torkoal|move: Protect\n|-damage|p1a: Farigiraf|54/100\n|move|p1a: Farigiraf|Hyper Voice|p2b: Ninetales|[spread] p2a,p2b\n|-damage|p2a: Primarina|71/100\n|-damage|p2b: Ninetales|35/100\n|\n|-weather|Snowscape|[upkeep]\n|-heal|p2a: Primarina|77/100|[from] item: Leftovers\n|upkeep\n|turn|11\n|\n|t:|1776573108\n|move|p2b: Ninetales|Blizzard|p1a: Farigiraf|[spread] p1a,p1b\n|-resisted|p1b: Torkoal|1\n|-damage|p1a: Farigiraf|24/100\n|-damage|p1b: Torkoal|45/100\n|-status|p1b: Torkoal|frz\n|-enditem|p1a: Farigiraf|Sitrus Berry|[eat]\n|-heal|p1a: Farigiraf|49/100|[from] item: Sitrus Berry\n|move|p2a: Primarina|Hyper Voice|p1a: Farigiraf|[spread] p1a,p1b\n|-supereffective|p1b: Torkoal|1\n|-damage|p1a: Farigiraf|0 fnt\n|-damage|p1b: Torkoal|0 fnt\n|faint|p1a: Farigiraf\n|faint|p1b: Torkoal\n|\n|-weather|Snowscape|[upkeep]\n|-heal|p2a: Primarina|83/100|[from] item: Leftovers\n|upkeep\n|\n|t:|1776573123\n|switch|p1b: Golurk|Golurk-Mega, L50|100/100\n|turn|12\n|\n|t:|1776573131\n|move|p2b: Ninetales|Aurora Veil|p2b: Ninetales\n|-sidestart|p2: JasmineThia|move: Aurora Veil\n|move|p1b: Golurk|Poltergeist|p2a: Primarina\n|-activate|p2a: Primarina|move: Poltergeist|Leftovers\n|-damage|p2a: Primarina|30/100\n|move|p2a: Primarina|Hyper Voice|p1b: Golurk\n|-supereffective|p1b: Golurk|1\n|-damage|p1b: Golurk|0 fnt\n|faint|p1b: Golurk\n|\n|win|JasmineThia\n|raw|regichigga's rating: 1200 &rarr; <strong>1180</strong><br />(-20 for losing)\n|raw|JasmineThia's rating: 1264 &rarr; <strong>1284</strong><br />(+20 for winning)\n",
  "uploadtime": 1776573146,
  "views": 12,
  "formatid": "gen9championsvgc2026regma",
  "rating": 1180,
  "private": 0,
  "password": null
}