{
  "id": "gen9championsvgc2026regma-2588570456",
  "format": "[Gen 9 Champions] VGC 2026 Reg M-A",
  "players": [
    "rileyscott64",
    "MortadelaTrans"
  ],
  "log": "|j|\u2606rileyscott64\n|j|\u2606MortadelaTrans\n|t:|1776646014\n|gametype|doubles\n|player|p1|rileyscott64|169|1043\n|player|p2|MortadelaTrans|dawn|1048\n|gen|9\n|tier|[Gen 9 Champions] VGC 2026 Reg M-A\n|rated|\n|rule|Species Clause: Limit one of each Pok\u00e9mon\n|rule|Item Clause: Limit 1 of each item\n|clearpoke\n|poke|p1|Golurk, L50|\n|poke|p1|Empoleon, L50, F|\n|poke|p1|Oranguru, L50, M|\n|poke|p1|Corviknight, L50, M|\n|poke|p1|Sinistcha, L50|\n|poke|p1|Arcanine-Hisui, L50, M|\n|poke|p2|Gardevoir, L50, F, shiny|\n|poke|p2|Garchomp, L50, F|\n|poke|p2|Rotom-Wash, L50|\n|poke|p2|Sneasler, L50, M|\n|poke|p2|Scizor, L50, M|\n|poke|p2|Froslass, L50, F|\n|teampreview|4\n|\n|t:|1776646074\n|teamsize|p1|4\n|teamsize|p2|4\n|start\n|switch|p1a: Golurk|Golurk, L50|100/100\n|switch|p1b: Oranguru|Oranguru, L50, M|100/100\n|switch|p2a: Froslass|Froslass, L50, F|100/100\n|switch|p2b: Pu\u00f1_al_fallo|Scizor, L50, M|100/100\n|turn|1\n|\n|t:|1776646119\n|detailschange|p2a: Froslass|Froslass-Mega, L50, F\n|-mega|p2a: Froslass|Froslass|Froslassite\n|-weather|Snowscape|[from] ability: Snow Warning|[of] p2a: Froslass\n|detailschange|p1a: Golurk|Golurk-Mega, L50\n|-mega|p1a: Golurk|Golurk|Golurkite\n|move|p1a: Golurk|Protect|p1a: Golurk\n|-singleturn|p1a: Golurk|Protect\n|move|p2a: Froslass|Blizzard|p1a: Golurk|[spread] p1b\n|-activate|p1a: Golurk|move: Protect\n|-damage|p1b: Oranguru|69/100\n|move|p2b: Pu\u00f1_al_fallo|Bug Bite|p1b: Oranguru\n|-supereffective|p1b: Oranguru|1\n|-damage|p1b: Oranguru|0 fnt\n|faint|p1b: Oranguru\n|\n|-weather|Snowscape|[upkeep]\n|upkeep\n|\n|t:|1776646136\n|switch|p1b: Arcanine|Arcanine-Hisui, L50, M|100/100\n|-ability|p1b: Arcanine|Intimidate|boost\n|-unboost|p2a: Froslass|atk|1\n|-unboost|p2b: Pu\u00f1_al_fallo|atk|1\n|turn|2\n|\n|t:|1776646148\n|move|p2a: Froslass|Blizzard|p1b: Arcanine|[spread] p1a,p1b\n|-supereffective|p1a: Golurk|1\n|-resisted|p1b: Arcanine|1\n|-damage|p1a: Golurk|16/100\n|-damage|p1b: Arcanine|76/100\n|move|p1b: Arcanine|Flare Blitz|p2b: Pu\u00f1_al_fallo\n|-supereffective|p2b: Pu\u00f1_al_fallo|2\n|-enditem|p2b: Pu\u00f1_al_fallo|Focus Sash\n|-damage|p2b: Pu\u00f1_al_fallo|1/100\n|-damage|p1b: Arcanine|48/100|[from] Recoil\n|move|p2b: Pu\u00f1_al_fallo|Swords Dance|p2b: Pu\u00f1_al_fallo\n|-boost|p2b: Pu\u00f1_al_fallo|atk|2\n|move|p1a: Golurk|Poltergeist|p2a: Froslass\n|-activate|p2a: Froslass|move: Poltergeist|Froslassite\n|-supereffective|p2a: Froslass|1\n|-damage|p2a: Froslass|0 fnt\n|faint|p2a: Froslass\n|\n|-weather|Snowscape|[upkeep]\n|upkeep\n|\n|t:|1776646169\n|switch|p2a: U\u00f1as|Sneasler, L50, M|100/100\n|turn|3\n|\n|t:|1776646184\n|move|p1b: Arcanine|Extreme Speed|p2b: Pu\u00f1_al_fallo\n|-resisted|p2b: Pu\u00f1_al_fallo|1\n|-damage|p2b: Pu\u00f1_al_fallo|0 fnt\n|faint|p2b: Pu\u00f1_al_fallo\n|move|p2a: U\u00f1as|Dire Claw|p1a: Golurk\n|-resisted|p1a: Golurk|2\n|-damage|p1a: Golurk|5/100\n|move|p1a: Golurk|Headlong Rush|p2a: U\u00f1as\n|-supereffective|p2a: U\u00f1as|1\n|-damage|p2a: U\u00f1as|0 fnt\n|-unboost|p1a: Golurk|def|1\n|-unboost|p1a: Golurk|spd|1\n|faint|p2a: U\u00f1as\n|\n|-weather|Snowscape|[upkeep]\n|upkeep\n|\n|t:|1776646200\n|switch|p2b: Cynthia|Garchomp, L50, F|100/100\n|turn|4\n|\n|t:|1776646221\n|move|p1a: Golurk|Protect|p1a: Golurk\n|-singleturn|p1a: Golurk|Protect\n|move|p1b: Arcanine|Extreme Speed|p2b: Cynthia\n|-damage|p2b: Cynthia|72/100\n|-damage|p1b: Arcanine|36/100|[from] ability: Rough Skin|[of] p2b: Cynthia\n|move|p2b: Cynthia|Earthquake|p1b: Arcanine|[spread] p1b\n|-activate|p1a: Golurk|move: Protect\n|-supereffective|p1b: Arcanine|2\n|-damage|p1b: Arcanine|0 fnt\n|faint|p1b: Arcanine\n|\n|-weather|Snowscape|[upkeep]\n|upkeep\n|\n|t:|1776646233\n|switch|p1b: Empoleon|Empoleon, L50, F|100/100\n|turn|5\n|\n|t:|1776646242\n|move|p2b: Cynthia|Earthquake|p1b: Empoleon|[spread] p1a,p1b\n|-supereffective|p1b: Empoleon|1\n|-damage|p1a: Golurk|0 fnt\n|-damage|p1b: Empoleon|11/100\n|faint|p1a: Golurk\n|move|p1b: Empoleon|Ice Beam|p2b: Cynthia\n|-supereffective|p2b: Cynthia|2\n|-enditem|p2b: Cynthia|Yache Berry|[eat]\n|-enditem|p2b: Cynthia|Yache Berry|[weaken]\n|-damage|p2b: Cynthia|2/100\n|-status|p2b: Cynthia|frz\n|\n|-weather|none\n|upkeep\n|turn|6\n|\n|t:|1776646259\n|-curestatus|p2b: Cynthia|frz|[msg]\n|move|p2b: Cynthia|Earthquake|p1b: Empoleon\n|-supereffective|p1b: Empoleon|1\n|-damage|p1b: Empoleon|0 fnt\n|faint|p1b: Empoleon\n|\n|win|MortadelaTrans\n|raw|rileyscott64's rating: 1043 &rarr; <strong>1027</strong><br />(-16 for losing)\n|raw|MortadelaTrans's rating: 1048 &rarr; <strong>1080</strong><br />(+32 for winning)\n",
  "uploadtime": 1776646266,
  "views": 9,
  "formatid": "gen9championsvgc2026regma",
  "rating": 1027,
  "private": 0,
  "password": null
}