{
  "id": "gen9championsvgc2026regma-2587150411",
  "format": "[Gen 9 Champions] VGC 2026 Reg M-A",
  "players": [
    "Lkztx",
    "docpenguin"
  ],
  "log": "|j|\u2606Lkztx\n|j|\u2606docpenguin\n|t:|1776500807\n|gametype|doubles\n|player|p1|Lkztx|169|1016\n|player|p2|docpenguin|265|1000\n|gen|9\n|tier|[Gen 9 Champions] VGC 2026 Reg M-A\n|rated|\n|rule|Species Clause: Limit one of each Pok\u00e9mon\n|rule|Item Clause: Limit 1 of each item\n|clearpoke\n|poke|p1|Farigiraf, L50, F|\n|poke|p1|Drampa, L50, F|\n|poke|p1|Aegislash, L50, M|\n|poke|p1|Incineroar, L50, F|\n|poke|p1|Sinistcha, L50|\n|poke|p1|Sneasler, L50, M|\n|poke|p2|Incineroar, L50, M, shiny|\n|poke|p2|Dragonite, L50, F|\n|poke|p2|Garchomp, L50, F|\n|poke|p2|Whimsicott, L50, F|\n|poke|p2|Floette-Eternal, L50, F|\n|poke|p2|Kingambit, L50, M|\n|teampreview|4\n|inactive|Battle timer is ON: inactive players will automatically lose when time's up. (requested by Lkztx)\n|inactive|Lkztx has 60 seconds left.\n|inactive|docpenguin has 60 seconds left.\n|inactive|docpenguin has 30 seconds left.\n|\n|t:|1776500876\n|teamsize|p1|4\n|teamsize|p2|4\n|start\n|switch|p1a: Farigiraf|Farigiraf, L50, F|100/100\n|switch|p1b: Incineroar|Incineroar, L50, F|100/100\n|switch|p2a: Kingambit|Kingambit, L50, M|100/100\n|switch|p2b: Floette|Floette-Eternal, L50, F|100/100\n|-ability|p1b: Incineroar|Intimidate|boost\n|-unboost|p2a: Kingambit|atk|1\n|-ability|p2a: Kingambit|Defiant|boost\n|-boost|p2a: Kingambit|atk|2\n|-unboost|p2b: Floette|atk|1\n|turn|1\n|inactive|Lkztx has 30 seconds left.\n|\n|t:|1776500905\n|detailschange|p2b: Floette|Floette-Mega, L50, F\n|-mega|p2b: Floette|Floette|Floettite\n|-ability|p2b: Floette|Fairy Aura\n|move|p2a: Kingambit|Protect|p2a: Kingambit\n|-singleturn|p2a: Kingambit|Protect\n|move|p1b: Incineroar|Fake Out|p2b: Floette\n|-damage|p2b: Floette|87/100\n|cant|p2b: Floette|flinch\n|move|p1a: Farigiraf|Trick Room|p1a: Farigiraf\n|-fieldstart|move: Trick Room|[of] p1a: Farigiraf\n|\n|upkeep\n|turn|2\n|\n|t:|1776500927\n|move|p2a: Kingambit|Kowtow Cleave|p1a: Farigiraf\n|-supereffective|p1a: Farigiraf|1\n|-damage|p1a: Farigiraf|0 fnt\n|faint|p1a: Farigiraf\n|move|p1b: Incineroar|Flare Blitz|p2a: Kingambit\n|-supereffective|p2a: Kingambit|1\n|-damage|p2a: Kingambit|30/100\n|-status|p2a: Kingambit|brn\n|-damage|p1b: Incineroar|77/100|[from] Recoil\n|move|p2b: Floette|Chilling Water|p1b: Incineroar\n|-supereffective|p1b: Incineroar|1\n|-damage|p1b: Incineroar|49/100\n|-unboost|p1b: Incineroar|atk|1\n|\n|-heal|p2a: Kingambit|36/100 brn|[from] item: Leftovers\n|-damage|p2a: Kingambit|30/100 brn|[from] brn\n|upkeep\n|\n|t:|1776500942\n|switch|p1a: Drampa|Drampa, L50, F|100/100\n|turn|3\n|\n|t:|1776500965\n|detailschange|p1a: Drampa|Drampa-Mega, L50, F\n|-mega|p1a: Drampa|Drampa|Drampanite\n|move|p2a: Kingambit|Protect|p2a: Kingambit\n|-singleturn|p2a: Kingambit|Protect\n|move|p1a: Drampa|Heat Wave|p2b: Floette|[spread] p2b\n|-activate|p2a: Kingambit|move: Protect\n|-damage|p2b: Floette|62/100\n|move|p1b: Incineroar|Parting Shot|p2b: Floette\n|-unboost|p2b: Floette|atk|1\n|-unboost|p2b: Floette|spa|1\n|\n|t:|1776500975\n|switch|p1b: Sinistcha|Sinistcha, L50|100/100|[from] Parting Shot\n|move|p2b: Floette|Dazzling Gleam|p1b: Sinistcha|[spread] p1a,p1b\n|-supereffective|p1a: Drampa|1\n|-damage|p1a: Drampa|51/100\n|-damage|p1b: Sinistcha|65/100\n|\n|-heal|p2a: Kingambit|36/100 brn|[from] item: Leftovers\n|-damage|p2a: Kingambit|30/100 brn|[from] brn\n|upkeep\n|turn|4\n|\n|t:|1776500990\n|move|p1a: Drampa|Heat Wave|p2b: Floette|[spread] p2a,p2b\n|-supereffective|p2a: Kingambit|1\n|-damage|p2a: Kingambit|0 fnt\n|-damage|p2b: Floette|37/100\n|faint|p2a: Kingambit\n|move|p1b: Sinistcha|Matcha Gotcha|p2b: Floette\n|-damage|p2b: Floette|0 fnt\n|-heal|p1b: Sinistcha|81/100|[from] drain|[of] p2b: Floette\n|faint|p2b: Floette\n|\n|upkeep\n|\n|t:|1776500994\n|switch|p2a: Incineroar|Incineroar, L50, M, shiny|100/100\n|switch|p2b: Dragonite|Dragonite, L50, F|100/100\n|-ability|p2a: Incineroar|Intimidate|boost\n|-unboost|p1a: Drampa|atk|1\n|-unboost|p1b: Sinistcha|atk|1\n|turn|5\n|inactive|Lkztx has 30 seconds left.\n|\n|t:|1776501019\n|move|p2b: Dragonite|Protect|p2b: Dragonite\n|-singleturn|p2b: Dragonite|Protect\n|move|p1b: Sinistcha|Rage Powder|p1b: Sinistcha\n|-singleturn|p1b: Sinistcha|move: Rage Powder\n|move|p1a: Drampa|Draco Meteor|p2b: Dragonite\n|-activate|p2b: Dragonite|move: Protect\n|move|p2a: Incineroar|Parting Shot|p1b: Sinistcha\n|-unboost|p1b: Sinistcha|atk|1\n|-unboost|p1b: Sinistcha|spa|1\n|\n|-fieldend|move: Trick Room\n|upkeep\n|turn|6\n|\n|t:|1776501040\n|move|p2b: Dragonite|Fire Blast|p1b: Sinistcha\n|-supereffective|p1b: Sinistcha|1\n|-damage|p1b: Sinistcha|0 fnt\n|faint|p1b: Sinistcha\n|move|p2a: Incineroar|Parting Shot|p1a: Drampa\n|-unboost|p1a: Drampa|atk|1\n|-unboost|p1a: Drampa|spa|1\n|move|p1a: Drampa|Draco Meteor|p2b: Dragonite\n|-supereffective|p2b: Dragonite|1\n|-damage|p2b: Dragonite|0 fnt\n|-unboost|p1a: Drampa|spa|2\n|faint|p2b: Dragonite\n|\n|upkeep\n|\n|t:|1776501052\n|switch|p1b: Incineroar|Incineroar, L50, F|49/100\n|-ability|p1b: Incineroar|Intimidate|boost\n|-unboost|p2a: Incineroar|atk|1\n|turn|7\n|\n|t:|1776501062\n|move|p1b: Incineroar|Fake Out|p2a: Incineroar\n|-damage|p2a: Incineroar|91/100\n|cant|p2a: Incineroar|flinch\n|move|p1a: Drampa|Hyper Voice|p2a: Incineroar\n|-damage|p2a: Incineroar|72/100\n|\n|upkeep\n|turn|8\n|\n|t:|1776501084\n|move|p2a: Incineroar|Throat Chop|p1b: Incineroar\n|-resisted|p1b: Incineroar|1\n|-damage|p1b: Incineroar|40/100\n|-start|p1b: Incineroar|Throat Chop|[silent]\n|move|p1b: Incineroar|Flare Blitz|p2a: Incineroar\n|-resisted|p2a: Incineroar|1\n|-damage|p2a: Incineroar|50/100\n|-enditem|p2a: Incineroar|Sitrus Berry|[eat]\n|-heal|p2a: Incineroar|75/100|[from] item: Sitrus Berry\n|-damage|p1b: Incineroar|33/100|[from] Recoil\n|move|p1a: Drampa|Hyper Voice|p2a: Incineroar\n|-damage|p2a: Incineroar|58/100\n|\n|upkeep\n|turn|9\n|\n|t:|1776501104\n|move|p2a: Incineroar|Throat Chop|p1b: Incineroar\n|-resisted|p1b: Incineroar|1\n|-damage|p1b: Incineroar|24/100\n|move|p1b: Incineroar|Flare Blitz|p2a: Incineroar\n|-resisted|p2a: Incineroar|1\n|-damage|p2a: Incineroar|37/100\n|-damage|p1b: Incineroar|17/100|[from] Recoil\n|move|p1a: Drampa|Hyper Voice|p2a: Incineroar\n|-damage|p2a: Incineroar|18/100\n|\n|-end|p1b: Incineroar|Throat Chop|[silent]\n|upkeep\n|turn|10\n|\n|t:|1776501126\n|move|p2a: Incineroar|Throat Chop|p1a: Drampa\n|-damage|p1a: Drampa|32/100\n|-start|p1a: Drampa|Throat Chop|[silent]\n|-ability|p1a: Drampa|Berserk|boost\n|-boost|p1a: Drampa|spa|1\n|move|p1b: Incineroar|Flare Blitz|p2a: Incineroar\n|-resisted|p2a: Incineroar|1\n|-damage|p2a: Incineroar|0 fnt\n|faint|p2a: Incineroar\n|-damage|p1b: Incineroar|11/100|[from] Recoil\n|\n|win|Lkztx\n|raw|Lkztx's rating: 1016 &rarr; <strong>1052</strong><br />(+36 for winning)\n|raw|docpenguin's rating: 1000 &rarr; <strong>1000</strong><br />(+0 for losing)\n|l|\u2606docpenguin\n|player|p2|\n",
  "uploadtime": 1776501140,
  "views": 14,
  "formatid": "gen9championsvgc2026regma",
  "rating": 1000,
  "private": 0,
  "password": null
}