{
  "id": "gen9championsvgc2026regma-2586856316",
  "format": "[Gen 9 Champions] VGC 2026 Reg M-A",
  "players": [
    "PabloApenass",
    "Anicredible"
  ],
  "log": "|j|\u2606PabloApenass\n|j|\u2606Anicredible\n|t:|1776465763\n|gametype|doubles\n|player|p1|PabloApenass|265|1000\n|player|p2|Anicredible|schoolkid-gen4|1020\n|gen|9\n|tier|[Gen 9 Champions] VGC 2026 Reg M-A\n|rated|\n|rule|Species Clause: Limit one of each Pok\u00e9mon\n|rule|Item Clause: Limit 1 of each item\n|clearpoke\n|poke|p1|Froslass, L50, F|\n|poke|p1|Sneasler, L50, M|\n|poke|p1|Aerodactyl, L50, M|\n|poke|p1|Garchomp, L50, F|\n|poke|p1|Kingambit, L50, M|\n|poke|p1|Rotom-Wash, L50|\n|poke|p2|Kangaskhan, L50, F|\n|poke|p2|Sinistcha, L50|\n|poke|p2|Sneasler, L50, F|\n|poke|p2|Talonflame, L50, F|\n|poke|p2|Corviknight, L50, F|\n|poke|p2|Primarina, L50, F|\n|teampreview|4\n|inactive|Battle timer is ON: inactive players will automatically lose when time's up. (requested by Anicredible)\nAnicredible rejected open team sheets.\n|inactive|PabloApenass has 60 seconds left.\n|inactive|Anicredible has 60 seconds left.\n|inactive|Anicredible has 30 seconds left.\n|inactive|Anicredible has 20 seconds left.\n|inactive|Anicredible has 15 seconds left.\n|\n|t:|1776465844\n|teamsize|p1|4\n|teamsize|p2|4\n|start\n|switch|p1a: Sneasler|Sneasler, L50, M|100/100\n|switch|p1b: Aerodactyl|Aerodactyl, L50, M|100/100\n|switch|p2a: Primarina|Primarina, L50, F|100/100\n|switch|p2b: Talonflame|Talonflame, L50, F|100/100\n|-ability|p1b: Aerodactyl|Unnerve\n|turn|1\n|inactive|PabloApenass has 30 seconds left.\n|\n|t:|1776465869\n|move|p2b: Talonflame|Protect|p2b: Talonflame\n|-singleturn|p2b: Talonflame|Protect\n|move|p1a: Sneasler|Fake Out|p2a: Primarina\n|-damage|p2a: Primarina|81/100\n|move|p1b: Aerodactyl|Rock Slide|p2b: Talonflame|[spread] p2a\n|-activate|p2b: Talonflame|move: Protect\n|-damage|p2a: Primarina|53/100\n|cant|p2a: Primarina|flinch\n|\n|upkeep\n|turn|2\n|\n|t:|1776465886\n|move|p2a: Primarina|Protect|p2a: Primarina\n|-singleturn|p2a: Primarina|Protect\n|move|p1a: Sneasler|Fake Out||[still]\n|-hint|Fake Out only works on your first turn out.\n|-fail|p1a: Sneasler\n|move|p2b: Talonflame|Tailwind|p2b: Talonflame\n|-sidestart|p2: Anicredible|move: Tailwind\n|move|p1b: Aerodactyl|Rock Slide|p2a: Primarina|[spread] p2b\n|-activate|p2a: Primarina|move: Protect\n|-supereffective|p2b: Talonflame|2\n|-enditem|p2b: Talonflame|Focus Sash\n|-damage|p2b: Talonflame|1/100\n|\n|upkeep\n|turn|3\n|inactive|Anicredible has 30 seconds left.\n|\n|t:|1776465914\n|switch|p1a: Rotom|Rotom-Wash, L50|100/100\n|move|p2b: Talonflame|Will-O-Wisp|p1a: Rotom\n|-status|p1a: Rotom|brn\n|move|p1b: Aerodactyl|Tailwind|p1b: Aerodactyl\n|-sidestart|p1: PabloApenass|move: Tailwind\n|move|p2a: Primarina|Hyper Voice|p1a: Rotom|[spread] p1a,p1b\n|-resisted|p1a: Rotom|1\n|-supereffective|p1b: Aerodactyl|1\n|-damage|p1a: Rotom|68/100 brn\n|-enditem|p1b: Aerodactyl|Focus Sash\n|-damage|p1b: Aerodactyl|1/100\n|\n|-damage|p1a: Rotom|62/100 brn|[from] brn\n|upkeep\n|turn|4\n|inactive|Anicredible has 30 seconds left.\n|\n|t:|1776465942\n|switch|p2b: Sinistcha|Sinistcha, L50|100/100\n|-heal|p2a: Primarina|78/100|[from] ability: Hospitality|[of] p2b: Sinistcha\n|move|p1b: Aerodactyl|Protect|p1b: Aerodactyl\n|-singleturn|p1b: Aerodactyl|Protect\n|move|p2a: Primarina|Protect|p2a: Primarina\n|-singleturn|p2a: Primarina|Protect\n|move|p1a: Rotom|Thunderbolt|p2a: Primarina\n|-activate|p2a: Primarina|move: Protect\n|\n|-damage|p1a: Rotom|56/100 brn|[from] brn\n|upkeep\n|turn|5\n|\n|t:|1776465960\n|move|p2b: Sinistcha|Rage Powder|p2b: Sinistcha\n|-singleturn|p2b: Sinistcha|move: Rage Powder\n|move|p1a: Rotom|Thunderbolt|p2b: Sinistcha\n|-resisted|p2b: Sinistcha|1\n|-damage|p2b: Sinistcha|81/100\n|move|p1b: Aerodactyl|Tailwind||[still]\n|-fail|p1b: Aerodactyl\n|move|p2a: Primarina|Calm Mind|p2a: Primarina\n|-boost|p2a: Primarina|spa|1\n|-boost|p2a: Primarina|spd|1\n|\n|-damage|p1a: Rotom|50/100 brn|[from] brn\n|-sideend|p2: Anicredible|move: Tailwind\n|upkeep\n|turn|6\n|\n|t:|1776465982\n|switch|p1b: Sneasler|Sneasler, L50, M|100/100\n|move|p2b: Sinistcha|Rage Powder|p2b: Sinistcha\n|-singleturn|p2b: Sinistcha|move: Rage Powder\n|move|p1a: Rotom|Thunderbolt|p2b: Sinistcha\n|-resisted|p2b: Sinistcha|1\n|-damage|p2b: Sinistcha|65/100\n|-status|p2b: Sinistcha|par\n|move|p2a: Primarina|Hyper Voice|p1a: Rotom|[spread] p1a,p1b\n|-resisted|p1a: Rotom|1\n|-damage|p1a: Rotom|5/100 brn\n|-damage|p1b: Sneasler|11/100\n|\n|-damage|p1a: Rotom|0 fnt|[from] brn\n|faint|p1a: Rotom\n|-sideend|p1: PabloApenass|move: Tailwind\n|upkeep\n|\n|t:|1776465985\n|switch|p1a: Garchomp|Garchomp, L50, F|100/100\n|turn|7\n|\n|t:|1776466000\n|move|p2a: Primarina|Protect|p2a: Primarina\n|-singleturn|p2a: Primarina|Protect\n|move|p1b: Sneasler|Dire Claw|p2a: Primarina\n|-activate|p2a: Primarina|move: Protect\n|move|p1a: Garchomp|Dragon Claw|p2b: Sinistcha\n|-damage|p2b: Sinistcha|26/100 par\n|move|p2b: Sinistcha|Trick Room|p2b: Sinistcha\n|-fieldstart|move: Trick Room|[of] p2b: Sinistcha\n|\n|upkeep\n|turn|8\n|\n|t:|1776466020\n|move|p2b: Sinistcha|Strength Sap|p1a: Garchomp\n|-unboost|p1a: Garchomp|atk|1\n|-heal|p2b: Sinistcha|100/100 par\n|move|p2a: Primarina|Hyper Voice|p1b: Sneasler|[spread] p1a,p1b\n|-damage|p1a: Garchomp|20/100\n|-damage|p1b: Sneasler|0 fnt\n|faint|p1b: Sneasler\n|move|p1a: Garchomp|Stomping Tantrum|p2b: Sinistcha\n|-resisted|p2b: Sinistcha|1\n|-damage|p2b: Sinistcha|87/100 par\n|\n|upkeep\n|\n|t:|1776466027\n|switch|p1b: Aerodactyl|Aerodactyl, L50, M|1/100\n|-ability|p1b: Aerodactyl|Unnerve\n|turn|9\n|c|\u2606Anicredible|ggwp\n|\n|t:|1776466036\n|move|p2b: Sinistcha|Matcha Gotcha|p1b: Aerodactyl|[spread] p1a,p1b\n|-damage|p1a: Garchomp|0 fnt\n|-heal|p2b: Sinistcha|97/100 par|[from] drain|[of] p1a: Garchomp\n|-damage|p1b: Aerodactyl|0 fnt\n|-heal|p2b: Sinistcha|98/100 par|[from] drain|[of] p1b: Aerodactyl\n|faint|p1a: Garchomp\n|faint|p1b: Aerodactyl\n|\n|win|Anicredible\n|raw|PabloApenass's rating: 1000 &rarr; <strong>1000</strong><br />(+0 for losing)\n|raw|Anicredible's rating: 1020 &rarr; <strong>1055</strong><br />(+35 for winning)\n",
  "uploadtime": 1776466046,
  "views": 23,
  "formatid": "gen9championsvgc2026regma",
  "rating": 1000,
  "private": 0,
  "password": null
}