{
  "id": "gen9championsvgc2026regma-2584486902",
  "format": "[Gen 9 Champions] VGC 2026 Reg M-A",
  "players": [
    "InfinityBagel",
    "MrBrumak"
  ],
  "log": "|j|\u2606InfinityBagel\n|j|\u2606MrBrumak\n|t:|1776264101\n|gametype|doubles\n|player|p1|InfinityBagel|lucas-gen4pt|1074\n|player|p2|MrBrumak|2|1135\n|gen|9\n|tier|[Gen 9 Champions] VGC 2026 Reg M-A\n|rated|\n|rule|Species Clause: Limit one of each Pok\u00e9mon\n|rule|Item Clause: Limit 1 of each item\n|clearpoke\n|poke|p1|Froslass, L50, F|\n|poke|p1|Hydreigon, L50, F|\n|poke|p1|Scizor, L50, F|\n|poke|p1|Whimsicott, L50, F|\n|poke|p1|Sneasler, L50, M|\n|poke|p1|Zoroark-Hisui, L50, M|\n|poke|p2|Pelipper, L50, F|\n|poke|p2|Archaludon, L50, M|\n|poke|p2|Basculegion, L50, M|\n|poke|p2|Meganium, L50, F|\n|poke|p2|Incineroar, L50, F|\n|poke|p2|Aerodactyl, L50, F|\n|teampreview|4\n|inactive|Battle timer is ON: inactive players will automatically lose when time's up. (requested by InfinityBagel)\nInfinityBagel rejected open team sheets.\n|inactive|MrBrumak has 60 seconds left.\n|\n|t:|1776264141\n|teamsize|p1|4\n|teamsize|p2|4\n|start\n|switch|p1a: Whimsicott|Whimsicott, L50, F|100/100\n|switch|p1b: Hydreigon|Hydreigon, L50, F|100/100\n|switch|p2a: Aerodactyl|Aerodactyl, L50, F|100/100\n|switch|p2b: Basculegion|Basculegion, L50, M|100/100\n|-ability|p2a: Aerodactyl|Pressure\n|turn|1\n|\n|t:|1776264162\n|move|p1a: Whimsicott|Tailwind|p1a: Whimsicott\n|-sidestart|p1: InfinityBagel|move: Tailwind\n|move|p1b: Hydreigon|Nasty Plot|p1b: Hydreigon\n|-boost|p1b: Hydreigon|spa|2\n|move|p2b: Basculegion|Flip Turn|p1a: Whimsicott\n|-resisted|p1a: Whimsicott|1\n|-damage|p1a: Whimsicott|79/100\n|\n|t:|1776264171\n|switch|p2b: Meganium|Meganium, L50, F|100/100|[from] Flip Turn\n|move|p2a: Aerodactyl|Tailwind|p2a: Aerodactyl\n|-sidestart|p2: MrBrumak|move: Tailwind\n|\n|-heal|p1a: Whimsicott|85/100|[from] item: Leftovers\n|upkeep\n|turn|2\n|\n|t:|1776264183\n|detailschange|p2b: Meganium|Meganium-Mega, L50, F\n|-mega|p2b: Meganium|Meganium|Meganiumite\n|move|p1a: Whimsicott|Stun Spore|p2a: Aerodactyl\n|-status|p2a: Aerodactyl|par\n|move|p1b: Hydreigon|Flamethrower|p2b: Meganium\n|-supereffective|p2b: Meganium|1\n|-damage|p2b: Meganium|0 fnt\n|faint|p2b: Meganium\n|move|p2a: Aerodactyl|Dual Wingbeat|p1a: Whimsicott|[miss]\n|-miss|p2a: Aerodactyl|p1a: Whimsicott\n|\n|-heal|p1a: Whimsicott|91/100|[from] item: Leftovers\n|upkeep\n|\n|t:|1776264193\n|switch|p2b: Basculegion|Basculegion, L50, M|100/100\n|turn|3\n|\n|t:|1776264205\n|switch|p2a: Pelipper|Pelipper, L50, F|100/100\n|move|p2b: Basculegion|Wave Crash|p1b: Hydreigon\n|-enditem|p1b: Hydreigon|Focus Sash\n|-damage|p1b: Hydreigon|1/100\n|replace|p1b: Zoroark|Zoroark-Hisui, L50, M\n|-end|p1b: Zoroark|Illusion\n|-damage|p2b: Basculegion|79/100|[from] Recoil\n|move|p1b: Zoroark|Shadow Ball|p2b: Basculegion\n|-supereffective|p2b: Basculegion|1\n|-damage|p2b: Basculegion|0 fnt\n|faint|p2b: Basculegion\n|move|p1a: Whimsicott|Dazzling Gleam|p2a: Pelipper\n|-damage|p2a: Pelipper|71/100\n|\n|-heal|p1a: Whimsicott|97/100|[from] item: Leftovers\n|-heal|p2a: Pelipper|77/100|[from] item: Leftovers\n|upkeep\n|\n|t:|1776264216\n|switch|p2b: Aerodactyl|Aerodactyl, L50, F|100/100 par\n|-ability|p2b: Aerodactyl|Pressure\n|turn|4\n|\n|t:|1776264230\n|move|p1a: Whimsicott|Helping Hand|p1b: Zoroark\n|-singleturn|p1b: Zoroark|Helping Hand|[of] p1a: Whimsicott\n|move|p1b: Zoroark|Hyper Voice|p2a: Pelipper|[spread] p2a,p2b\n|-resisted|p2b: Aerodactyl|1\n|-damage|p2a: Pelipper|0 fnt\n|-damage|p2b: Aerodactyl|22/100 par\n|faint|p2a: Pelipper\n|move|p2b: Aerodactyl|Dual Wingbeat|p1a: Whimsicott\n|-supereffective|p1a: Whimsicott|1\n|-damage|p1a: Whimsicott|52/100\n|-supereffective|p1a: Whimsicott|1\n|-damage|p1a: Whimsicott|8/100\n|-hitcount|p1a: Whimsicott|2\n|\n|-heal|p1a: Whimsicott|14/100|[from] item: Leftovers\n|-sideend|p1: InfinityBagel|move: Tailwind\n|-sideend|p2: MrBrumak|move: Tailwind\n|upkeep\n|turn|5\n|-message|MrBrumak forfeited.\n|\n|win|InfinityBagel\n|raw|InfinityBagel's rating: 1074 &rarr; <strong>1108</strong><br />(+34 for winning)\n|raw|MrBrumak's rating: 1135 &rarr; <strong>1106</strong><br />(-29 for losing)\n|l|\u2606MrBrumak\n|player|p2|\n",
  "uploadtime": 1776264248,
  "views": 25,
  "formatid": "gen9championsvgc2026regma",
  "rating": 1106,
  "private": 0,
  "password": null
}