{
  "id": "gen9championsvgc2026regma-2586520863",
  "format": "[Gen 9 Champions] VGC 2026 Reg M-A",
  "players": [
    "PhpRyV",
    "pokegambit5"
  ],
  "log": "|j|\u2606PhpRyV\n|j|\u2606pokegambit5\n|t:|1776440321\n|gametype|doubles\n|player|p1|PhpRyV|pokemonbreeder-gen4|1102\n|player|p2|pokegambit5|170|1092\n|gen|9\n|tier|[Gen 9 Champions] VGC 2026 Reg M-A\n|rated|\n|rule|Species Clause: Limit one of each Pok\u00e9mon\n|rule|Item Clause: Limit 1 of each item\n|clearpoke\n|poke|p1|Lycanroc-Dusk, L50, F|\n|poke|p1|Garchomp, L50, M|\n|poke|p1|Incineroar, L50, M|\n|poke|p1|Ceruledge, L50, M|\n|poke|p1|Rotom-Wash, L50|\n|poke|p1|Gallade, L50, M|\n|poke|p2|Meowstic, L50, M|\n|poke|p2|Alakazam, L50, F|\n|poke|p2|Incineroar, L50, M|\n|poke|p2|Whimsicott, L50, F|\n|poke|p2|Garchomp, L50, M|\n|poke|p2|Tinkaton, L50, F|\n|teampreview|4\n|\n|t:|1776440383\n|teamsize|p1|4\n|teamsize|p2|4\n|start\n|switch|p1a: Incineroar|Incineroar, L50, M|100/100\n|switch|p1b: Lycanroc|Lycanroc-Dusk, L50, F|100/100\n|switch|p2a: Tinkaton|Tinkaton, L50, F|100/100\n|switch|p2b: Incineroar|Incineroar, L50, M|100/100\n|-ability|p2a: Tinkaton|Mold Breaker\n|-ability|p2b: Incineroar|Intimidate|boost\n|-unboost|p1a: Incineroar|atk|1\n|-unboost|p1b: Lycanroc|atk|1\n|-ability|p1a: Incineroar|Intimidate|boost\n|-unboost|p2a: Tinkaton|atk|1\n|-unboost|p2b: Incineroar|atk|1\n|turn|1\n|inactive|Battle timer is ON: inactive players will automatically lose when time's up. (requested by pokegambit5)\n|\n|t:|1776440415\n|move|p1b: Lycanroc|Protect|p1b: Lycanroc\n|-singleturn|p1b: Lycanroc|Protect\n|move|p1a: Incineroar|Fake Out|p2b: Incineroar\n|-damage|p2b: Incineroar|94/100\n|cant|p2b: Incineroar|flinch\n|move|p2a: Tinkaton|Gigaton Hammer|p1b: Lycanroc\n|-activate|p1b: Lycanroc|move: Protect\n|\n|upkeep\n|turn|2\n|inactive|PhpRyV has 30 seconds left.\n|inactive|pokegambit5 has 30 seconds left.\n|\n|t:|1776440446\n|move|p1b: Lycanroc|Accelerock|p2b: Incineroar\n|-supereffective|p2b: Incineroar|1\n|-damage|p2b: Incineroar|67/100\n|move|p2a: Tinkaton|Play Rough|p1a: Incineroar\n|-damage|p1a: Incineroar|77/100\n|move|p2b: Incineroar|Parting Shot|p1b: Lycanroc\n|-unboost|p1b: Lycanroc|atk|1\n|-unboost|p1b: Lycanroc|spa|1\n|\n|t:|1776440456\n|switch|p2b: Meowstic|Meowstic, L50, M|100/100|[from] Parting Shot\n|move|p1a: Incineroar|Flare Blitz|p2a: Tinkaton\n|-supereffective|p2a: Tinkaton|1\n|-damage|p2a: Tinkaton|9/100\n|-damage|p1a: Incineroar|48/100|[from] Recoil\n|-enditem|p1a: Incineroar|Sitrus Berry|[eat]\n|-heal|p1a: Incineroar|73/100|[from] item: Sitrus Berry\n|\n|upkeep\n|turn|3\n|\n|t:|1776440474\n|move|p2a: Tinkaton|Protect|p2a: Tinkaton\n|-singleturn|p2a: Tinkaton|Protect\n|move|p1b: Lycanroc|Accelerock|p2a: Tinkaton\n|-activate|p2a: Tinkaton|move: Protect\n|move|p2b: Meowstic|Thunder Wave|p1b: Lycanroc\n|-status|p1b: Lycanroc|par\n|move|p1a: Incineroar|Flare Blitz|p2b: Meowstic\n|-damage|p2b: Meowstic|67/100\n|-damage|p1a: Incineroar|63/100|[from] Recoil\n|\n|upkeep\n|turn|4\n|\n|t:|1776440491\n|move|p2b: Meowstic|Psychic Terrain|p2b: Meowstic\n|-fieldstart|move: Psychic Terrain\n|move|p1b: Lycanroc|Accelerock|p2a: Tinkaton\n|-activate|p2a: Tinkaton|move: Psychic Terrain\n|move|p2a: Tinkaton|Gigaton Hammer|p1b: Lycanroc\n|-supereffective|p1b: Lycanroc|1\n|-enditem|p1b: Lycanroc|Focus Sash\n|-damage|p1b: Lycanroc|1/100 par\n|move|p1a: Incineroar|Parting Shot|p2b: Meowstic\n|-unboost|p2b: Meowstic|atk|1\n|-unboost|p2b: Meowstic|spa|1\n|\n|t:|1776440498\n|switch|p1a: Garchomp|Garchomp, L50, M|100/100|[from] Parting Shot\n|\n|upkeep\n|turn|5\n|\n|t:|1776440517\n|move|p1b: Lycanroc|Protect|p1b: Lycanroc\n|-singleturn|p1b: Lycanroc|Protect\n|move|p2b: Meowstic|Reflect|p2b: Meowstic\n|-sidestart|p2: pokegambit5|Reflect\n|move|p1a: Garchomp|Earthquake|p2b: Meowstic|[spread] p2a,p2b\n|-activate|p1b: Lycanroc|move: Protect\n|-supereffective|p2a: Tinkaton|1\n|-damage|p2a: Tinkaton|0 fnt\n|-damage|p2b: Meowstic|46/100\n|faint|p2a: Tinkaton\n|\n|upkeep\n|\n|t:|1776440529\n|switch|p2a: Incineroar|Incineroar, L50, M|67/100\n|-ability|p2a: Incineroar|Intimidate|boost\n|-unboost|p1a: Garchomp|atk|1\n|-unboost|p1b: Lycanroc|atk|1\n|turn|6\n|\n|t:|1776440546\n|switch|p1a: Incineroar|Incineroar, L50, M|63/100\n|-ability|p1a: Incineroar|Intimidate|boost\n|-unboost|p2a: Incineroar|atk|1\n|-unboost|p2b: Meowstic|atk|1\n|switch|p2b: Alakazam|Alakazam, L50, F|100/100\n|cant|p1b: Lycanroc|par\n|move|p2a: Incineroar|Throat Chop|p1a: Incineroar\n|-resisted|p1a: Incineroar|1\n|-damage|p1a: Incineroar|52/100\n|-start|p1a: Incineroar|Throat Chop|[silent]\n|\n|upkeep\n|turn|7\n|inactive|pokegambit5 has 30 seconds left.\n|\n|t:|1776440576\n|detailschange|p2b: Alakazam|Alakazam-Mega, L50, F\n|-mega|p2b: Alakazam|Alakazam|Alakazite\n|-ability|p2b: Alakazam|Intimidate|Trace|[from] ability: Trace|[of] p1a: Incineroar\n|-ability|p2b: Alakazam|Intimidate|boost\n|-unboost|p1a: Incineroar|atk|1\n|-unboost|p1b: Lycanroc|atk|1\n|move|p1b: Lycanroc|Protect|p1b: Lycanroc\n|-singleturn|p1b: Lycanroc|Protect\n|move|p2b: Alakazam|Dazzling Gleam|p1b: Lycanroc|[spread] p1a\n|-activate|p1b: Lycanroc|move: Protect\n|-damage|p1a: Incineroar|30/100\n|move|p2a: Incineroar|Flare Blitz|p1a: Incineroar\n|-resisted|p1a: Incineroar|1\n|-damage|p1a: Incineroar|15/100\n|-damage|p2a: Incineroar|62/100|[from] Recoil\n|move|p1a: Incineroar|Flare Blitz|p2b: Alakazam\n|-damage|p2b: Alakazam|52/100\n|-damage|p1a: Incineroar|4/100|[from] Recoil\n|\n|-end|p1a: Incineroar|Throat Chop|[silent]\n|upkeep\n|turn|8\n|inactive|pokegambit5 has 30 seconds left.\n|\n|t:|1776440605\n|move|p1a: Incineroar|Protect|p1a: Incineroar\n|-singleturn|p1a: Incineroar|Protect\n|move|p2b: Alakazam|Dazzling Gleam|p1a: Incineroar|[spread] p1b\n|-activate|p1a: Incineroar|move: Protect\n|-damage|p1b: Lycanroc|0 fnt\n|faint|p1b: Lycanroc\n|move|p2a: Incineroar|Parting Shot|p1a: Incineroar\n|-activate|p1a: Incineroar|move: Protect\n|\n|-fieldend|move: Psychic Terrain\n|upkeep\n|\n|t:|1776440613\n|switch|p1b: Gallade|Gallade, L50, M|100/100\n|turn|9\n|\n|t:|1776440627\n|move|p2b: Alakazam|Expanding Force|p1b: Gallade\n|-crit|p1b: Gallade\n|-damage|p1b: Gallade|28/100\n|move|p1a: Incineroar|Flare Blitz|p2b: Alakazam\n|-damage|p2b: Alakazam|3/100\n|-damage|p1a: Incineroar|0 fnt|[from] Recoil\n|faint|p1a: Incineroar\n|move|p2a: Incineroar|Parting Shot|p1b: Gallade\n|-unboost|p1b: Gallade|atk|1\n|-unboost|p1b: Gallade|spa|1\n|\n|t:|1776440637\n|switch|p2a: Meowstic|Meowstic, L50, M|46/100|[from] Parting Shot\n|move|p1b: Gallade|Trick Room|p1b: Gallade\n|-fieldstart|move: Trick Room|[of] p1b: Gallade\n|\n|-sideend|p2: pokegambit5|Reflect\n|upkeep\n|\n|t:|1776440639\n|switch|p1a: Garchomp|Garchomp, L50, M|100/100\n|turn|10\n|\n|t:|1776440651\n|switch|p2b: Incineroar|Incineroar, L50, M|62/100\n|-ability|p2b: Incineroar|Intimidate|boost\n|-unboost|p1a: Garchomp|atk|1\n|-unboost|p1b: Gallade|atk|1\n|move|p1b: Gallade|Wide Guard|p1b: Gallade\n|-singleturn|p1b: Gallade|Wide Guard\n|move|p2a: Meowstic|Thunder Wave|p1b: Gallade\n|-status|p1b: Gallade|par\n|move|p1a: Garchomp|Earthquake|p2a: Meowstic|[spread] p2a,p2b\n|-activate|p1b: Gallade|move: Wide Guard\n|-supereffective|p2b: Incineroar|1\n|-damage|p2a: Meowstic|24/100\n|-damage|p2b: Incineroar|20/100\n|-enditem|p2b: Incineroar|Sitrus Berry|[eat]\n|-heal|p2b: Incineroar|45/100|[from] item: Sitrus Berry\n|\n|upkeep\n|turn|11\n|inactive|pokegambit5 has 30 seconds left.\n|\n|t:|1776440686\n|move|p1b: Gallade|Wide Guard|p1b: Gallade\n|-singleturn|p1b: Gallade|Wide Guard\n|move|p2a: Meowstic|Reflect|p2a: Meowstic\n|-sidestart|p2: pokegambit5|Reflect\n|move|p2b: Incineroar|Parting Shot|p1a: Garchomp\n|-unboost|p1a: Garchomp|atk|1\n|-unboost|p1a: Garchomp|spa|1\n|\n|t:|1776440693\n|switch|p2b: Alakazam|Alakazam-Mega, L50, F|3/100|[from] Parting Shot\n|-ability|p2b: Alakazam|Sharpness|Trace|[from] ability: Trace|[of] p1b: Gallade\n|move|p1a: Garchomp|Earthquake|p2a: Meowstic|[spread] p2a,p2b\n|-activate|p1b: Gallade|move: Wide Guard\n|-damage|p2a: Meowstic|13/100\n|-damage|p2b: Alakazam|0 fnt\n|faint|p2b: Alakazam\n|\n|upkeep\n|\n|t:|1776440704\n|switch|p2b: Incineroar|Incineroar, L50, M|45/100\n|-ability|p2b: Incineroar|Intimidate|boost\n|-unboost|p1a: Garchomp|atk|1\n|-unboost|p1b: Gallade|atk|1\n|turn|12\n|\n|t:|1776440715\n|move|p2a: Meowstic|Helping Hand|p2b: Incineroar\n|-singleturn|p2b: Incineroar|Helping Hand|[of] p2a: Meowstic\n|cant|p1b: Gallade|par\n|move|p2b: Incineroar|Throat Chop|p1a: Garchomp\n|-crit|p1a: Garchomp\n|-damage|p1a: Garchomp|32/100\n|-start|p1a: Garchomp|Throat Chop|[silent]\n|-damage|p2b: Incineroar|32/100|[from] ability: Rough Skin|[of] p1a: Garchomp\n|move|p1a: Garchomp|Earthquake|p2b: Incineroar|[spread] p1b,p2a,p2b\n|-supereffective|p2b: Incineroar|1\n|-damage|p1b: Gallade|7/100 par\n|-damage|p2a: Meowstic|4/100\n|-damage|p2b: Incineroar|16/100\n|\n|upkeep\n|turn|13\n|\n|t:|1776440738\n|move|p2a: Meowstic|Helping Hand|p2b: Incineroar\n|-singleturn|p2b: Incineroar|Helping Hand|[of] p2a: Meowstic\n|move|p1b: Gallade|Sacred Sword|p2b: Incineroar\n|-supereffective|p2b: Incineroar|1\n|-damage|p2b: Incineroar|0 fnt\n|faint|p2b: Incineroar\n|move|p1a: Garchomp|Earthquake|p2a: Meowstic|[spread] p1b,p2a\n|-damage|p1b: Gallade|0 fnt\n|-damage|p2a: Meowstic|0 fnt\n|faint|p1b: Gallade\n|faint|p2a: Meowstic\n|\n|win|PhpRyV\n|raw|PhpRyV's rating: 1102 &rarr; <strong>1126</strong><br />(+24 for winning)\n|raw|pokegambit5's rating: 1092 &rarr; <strong>1069</strong><br />(-23 for losing)\n",
  "uploadtime": 1776440757,
  "views": 23,
  "formatid": "gen9championsvgc2026regma",
  "rating": 1069,
  "private": 0,
  "password": null
}