{
  "id": "gen9championsvgc2026regma-2587843231",
  "format": "[Gen 9 Champions] VGC 2026 Reg M-A",
  "players": [
    "Pizzameme123",
    "alolanvulpix147"
  ],
  "log": "|j|\u2606Pizzameme123\n|j|\u2606alolanvulpix147\n|t:|1776569741\n|gametype|doubles\n|player|p1|Pizzameme123|265|1106\n|player|p2|alolanvulpix147|101|1204\n|gen|9\n|tier|[Gen 9 Champions] VGC 2026 Reg M-A\n|rated|\n|rule|Species Clause: Limit one of each Pok\u00e9mon\n|rule|Item Clause: Limit 1 of each item\n|clearpoke\n|poke|p1|Chesnaught, L50, M|\n|poke|p1|Charizard, L50, M|\n|poke|p1|Garchomp, L50, M|\n|poke|p1|Whimsicott, L50, F|\n|poke|p1|Rotom-Wash, L50|\n|poke|p1|Incineroar, L50, F|\n|poke|p2|Charizard, L50, M|\n|poke|p2|Venusaur, L50, M|\n|poke|p2|Sneasler, L50, F|\n|poke|p2|Archaludon, L50, M|\n|poke|p2|Sableye, L50, F|\n|poke|p2|Aegislash, L50, F|\n|teampreview|4\n|inactive|Battle timer is ON: inactive players will automatically lose when time's up. (requested by Pizzameme123)\n|\n|t:|1776569791\n|teamsize|p1|4\n|teamsize|p2|4\n|start\n|switch|p1a: Jeff|Garchomp, L50, M|100/100\n|switch|p1b: Original151|Charizard, L50, M|100/100\n|switch|p2a: Sneasler|Sneasler, L50, F|100/100\n|switch|p2b: Sableye|Sableye, L50, F|100/100\n|turn|1\n|\n|t:|1776569807\n|detailschange|p1b: Original151|Charizard-Mega-Y, L50, M\n|-mega|p1b: Original151|Charizard|Charizardite Y\n|-weather|SunnyDay|[from] ability: Drought|[of] p1b: Original151\n|move|p2a: Sneasler|Fake Out|p1a: Jeff\n|-damage|p1a: Jeff|85/100\n|-damage|p2a: Sneasler|88/100|[from] ability: Rough Skin|[of] p1a: Jeff\n|move|p2b: Sableye|Rain Dance|p2b: Sableye\n|-weather|RainDance\n|cant|p1a: Jeff|flinch\n|move|p1b: Original151|Weather Ball|p2a: Sneasler\n|-damage|p2a: Sneasler|0 fnt\n|faint|p2a: Sneasler\n|\n|-weather|RainDance|[upkeep]\n|upkeep\n|\n|t:|1776569823\n|switch|p2a: Archaludon|Archaludon, L50, M|100/100\n|turn|2\n|\n|t:|1776569844\n|switch|p1a: Jaiden|Whimsicott, L50, F|100/100\n|move|p1b: Original151|Protect|p1b: Original151\n|-singleturn|p1b: Original151|Protect\n|move|p2a: Archaludon|Protect|p2a: Archaludon\n|-singleturn|p2a: Archaludon|Protect\n|move|p2b: Sableye|Disable|p1b: Original151\n|-activate|p1b: Original151|move: Protect\n|\n|-weather|RainDance|[upkeep]\n|upkeep\n|turn|3\n|inactive|Pizzameme123 has 30 seconds left.\n|\n|t:|1776569871\n|move|p1a: Jaiden|Encore|p2a: Archaludon\n|-start|p2a: Archaludon|Encore\n|move|p2a: Archaludon|Protect|p2a: Archaludon\n|-singleturn|p2a: Archaludon|Protect\n|move|p2b: Sableye|Rain Dance||[still]\n|-fail|p2b: Sableye\n|move|p1b: Original151|Weather Ball|p2b: Sableye\n|-damage|p2b: Sableye|5/100\n|-enditem|p2b: Sableye|Sitrus Berry|[eat]\n|-heal|p2b: Sableye|30/100|[from] item: Sitrus Berry\n|\n|-weather|RainDance|[upkeep]\n|upkeep\n|turn|4\n|\n|t:|1776569895\n|switch|p2a: Charizard|Charizard, L50, M|100/100\n|move|p2b: Sableye|Disable|p1b: Original151\n|-start|p1b: Original151|Disable|Weather Ball\n|move|p1a: Jaiden|Moonblast|p2b: Sableye\n|-supereffective|p2b: Sableye|1\n|-damage|p2b: Sableye|0 fnt\n|faint|p2b: Sableye\n|cant|p1b: Original151|Disable|Weather Ball\n|\n|-weather|RainDance|[upkeep]\n|upkeep\n|\n|t:|1776569905\n|switch|p2b: Archaludon|Archaludon, L50, M|100/100\n|turn|5\n|\n|t:|1776569926\n|switch|p1a: Bumcineroar|Incineroar, L50, F|100/100\n|-ability|p1a: Bumcineroar|Intimidate|boost\n|-unboost|p2a: Charizard|atk|1\n|-unboost|p2b: Archaludon|atk|1\n|move|p2a: Charizard|Protect|p2a: Charizard\n|-singleturn|p2a: Charizard|Protect\n|move|p1b: Original151|Protect|p1b: Original151\n|-singleturn|p1b: Original151|Protect\n|move|p2b: Archaludon|Electro Shot||[still]\n|-prepare|p2b: Archaludon|Electro Shot\n|-boost|p2b: Archaludon|spa|1\n|-anim|p2b: Archaludon|Electro Shot|p1b: Original151\n|-activate|p1b: Original151|move: Protect\n|\n|-weather|none\n|upkeep\n|turn|6\n|inactive|alolanvulpix147 has 30 seconds left.\n|\n|t:|1776569953\n|detailschange|p2a: Charizard|Charizard-Mega-Y, L50, M\n|-mega|p2a: Charizard|Charizard|Charizardite Y\n|-weather|SunnyDay|[from] ability: Drought|[of] p2a: Charizard\n|move|p2a: Charizard|Weather Ball|p1a: Bumcineroar\n|-resisted|p1a: Bumcineroar|1\n|-damage|p1a: Bumcineroar|57/100\n|move|p1b: Original151|Heat Wave|p2a: Charizard|[spread] p2a,p2b\n|-resisted|p2a: Charizard|1\n|-damage|p2a: Charizard|66/100\n|-damage|p2b: Archaludon|18/100\n|-ability|p2b: Archaludon|Stamina|boost\n|-boost|p2b: Archaludon|def|1\n|move|p2b: Archaludon|Draco Meteor|p1b: Original151\n|-damage|p1b: Original151|7/100\n|-unboost|p2b: Archaludon|spa|2\n|move|p1a: Bumcineroar|Parting Shot|p2a: Charizard\n|-unboost|p2a: Charizard|atk|1\n|-unboost|p2a: Charizard|spa|1\n|\n|t:|1776569970\n|switch|p1a: Jeff|Garchomp, L50, M|85/100|[from] Parting Shot\n|\n|-weather|SunnyDay|[upkeep]\n|upkeep\n|turn|7\n|\n|t:|1776569993\n|switch|p1b: Bumcineroar|Incineroar, L50, F|57/100\n|-ability|p1b: Bumcineroar|Intimidate|boost\n|-unboost|p2a: Charizard|atk|1\n|-unboost|p2b: Archaludon|atk|1\n|move|p1a: Jeff|Stomping Tantrum|p2b: Archaludon\n|-supereffective|p2b: Archaludon|1\n|-damage|p2b: Archaludon|0 fnt\n|faint|p2b: Archaludon\n|move|p2a: Charizard|Heat Wave|p1b: Bumcineroar|[spread] p1a,p1b\n|-resisted|p1a: Jeff|1\n|-resisted|p1b: Bumcineroar|1\n|-damage|p1a: Jeff|57/100\n|-damage|p1b: Bumcineroar|38/100\n|\n|-weather|SunnyDay|[upkeep]\n|upkeep\n|turn|8\n|\n|t:|1776570008\n|switch|p1a: Jaiden|Whimsicott, L50, F|100/100\n|move|p2a: Charizard|Protect|p2a: Charizard\n|-singleturn|p2a: Charizard|Protect\n|move|p1b: Bumcineroar|Fake Out|p2a: Charizard\n|-activate|p2a: Charizard|move: Protect\n|\n|-weather|SunnyDay|[upkeep]\n|upkeep\n|turn|9\n|\n|t:|1776570019\n|move|p1a: Jaiden|Encore|p2a: Charizard\n|-start|p2a: Charizard|Encore\n|move|p2a: Charizard|Protect||[still]\n|-fail|p2a: Charizard\n|move|p1b: Bumcineroar|Parting Shot|p2a: Charizard\n|-unboost|p2a: Charizard|atk|1\n|-unboost|p2a: Charizard|spa|1\n|\n|t:|1776570029\n|switch|p1b: Original151|Charizard-Mega-Y, L50, M|7/100|[from] Parting Shot\n|\n|-weather|SunnyDay|[upkeep]\n|upkeep\n|turn|10\n|-message|alolanvulpix147 forfeited.\n|\n|win|Pizzameme123\n|raw|Pizzameme123's rating: 1106 &rarr; <strong>1138</strong><br />(+32 for winning)\n|raw|alolanvulpix147's rating: 1204 &rarr; <strong>1172</strong><br />(-32 for losing)\n",
  "uploadtime": 1776570037,
  "views": 16,
  "formatid": "gen9championsvgc2026regma",
  "rating": 1138,
  "private": 0,
  "password": null
}