{
  "id": "gen9championsvgc2026regma-2580443824",
  "format": "[Gen 9 Champions] VGC 2026 Reg M-A",
  "players": [
    "htrddcgj",
    "adriamontero"
  ],
  "log": "|j|\u2606htrddcgj\n|j|\u2606adriamontero\n|t:|1775897425\n|gametype|doubles\n|player|p1|htrddcgj|koga|1000\n|player|p2|adriamontero|266|1000\n|gen|9\n|tier|[Gen 9 Champions] VGC 2026 Reg M-A\n|rated|\n|rule|Species Clause: Limit one of each Pok\u00e9mon\n|rule|Item Clause: Limit 1 of each item\n|clearpoke\n|poke|p1|Gengar, L50, M|\n|poke|p1|Corviknight, L50, F|\n|poke|p1|Milotic, L50, F|\n|poke|p1|Incineroar, L50, F|\n|poke|p1|Sneasler, L50, F|\n|poke|p1|Altaria, L50, M|\n|poke|p2|Delphox, L50, F|\n|poke|p2|Garchomp, L50, F|\n|poke|p2|Sneasler, L50, M|\n|poke|p2|Clefable, L50, M|\n|poke|p2|Corviknight, L50, M|\n|poke|p2|Whimsicott, L50, M|\n|teampreview|4\n|inactive|Battle timer is ON: inactive players will automatically lose when time's up. (requested by adriamontero)\nadriamontero rejected open team sheets.\n|\n|t:|1775897486\n|teamsize|p1|4\n|teamsize|p2|4\n|start\n|switch|p1a: Milotic|Milotic, L50, F|100/100\n|switch|p1b: Corviknight|Corviknight, L50, F|100/100\n|switch|p2a: Delphox|Delphox, L50, F|100/100\n|switch|p2b: Maddy|Whimsicott, L50, M|100/100\n|turn|1\n|\n|t:|1775897510\n|detailschange|p2a: Delphox|Delphox-Mega, L50, F\n|-mega|p2a: Delphox|Delphox|Delphoxite\n|move|p1b: Corviknight|Protect|p1b: Corviknight\n|-singleturn|p1b: Corviknight|Protect\n|move|p2b: Maddy|Sunny Day|p2b: Maddy\n|-weather|SunnyDay\n|move|p2a: Delphox|Heat Wave|p1a: Milotic|[spread] p1a\n|-activate|p1b: Corviknight|move: Protect\n|-resisted|p1a: Milotic|1\n|-crit|p1a: Milotic\n|-damage|p1a: Milotic|63/100\n|move|p1a: Milotic|Scald|p2a: Delphox\n|-supereffective|p2a: Delphox|1\n|-damage|p2a: Delphox|68/100\n|\n|-weather|SunnyDay|[upkeep]\n|upkeep\n|turn|2\n|inactive|htrddcgj has 30 seconds left.\n|\n|t:|1775897537\n|switch|p1b: Incineroar|Incineroar, L50, F|100/100\n|-ability|p1b: Incineroar|Intimidate|boost\n|-unboost|p2a: Delphox|atk|1\n|-unboost|p2b: Maddy|atk|1\n|move|p1a: Milotic|Protect|p1a: Milotic\n|-singleturn|p1a: Milotic|Protect\n|move|p2a: Delphox|Heat Wave|p1b: Incineroar|[spread] p1b\n|-activate|p1a: Milotic|move: Protect\n|-resisted|p1b: Incineroar|1\n|-damage|p1b: Incineroar|74/100\n|move|p2b: Maddy|Moonblast|p1a: Milotic\n|-activate|p1a: Milotic|move: Protect\n|\n|-weather|SunnyDay|[upkeep]\n|upkeep\n|turn|3\n|inactive|htrddcgj has 30 seconds left.\n|\n|t:|1775897568\n|switch|p2b: Garchomp|Garchomp, L50, F, shiny|100/100\n|move|p2a: Delphox|Protect|p2a: Delphox\n|-singleturn|p2a: Delphox|Protect\n|move|p1b: Incineroar|Fake Out|p2b: Garchomp\n|-damage|p2b: Garchomp|88/100\n|-damage|p1b: Incineroar|62/100|[from] ability: Rough Skin|[of] p2b: Garchomp\n|move|p1a: Milotic|Icy Wind|p2a: Delphox|[spread] p2b\n|-activate|p2a: Delphox|move: Protect\n|-supereffective|p2b: Garchomp|2\n|-damage|p2b: Garchomp|29/100\n|-unboost|p2b: Garchomp|spe|1\n|\n|-weather|SunnyDay|[upkeep]\n|upkeep\n|turn|4\n|inactive|htrddcgj has 30 seconds left.\n|inactive|htrddcgj has 20 seconds left.\n|\n|t:|1775897605\n|move|p2a: Delphox|Heat Wave|p1a: Milotic|[spread] p1a,p1b\n|-resisted|p1a: Milotic|1\n|-resisted|p1b: Incineroar|1\n|-damage|p1a: Milotic|41/100\n|-damage|p1b: Incineroar|31/100\n|-enditem|p1a: Milotic|Sitrus Berry|[eat]\n|-heal|p1a: Milotic|65/100|[from] item: Sitrus Berry\n|move|p2b: Garchomp|Earthquake|p1a: Milotic|[spread] p1a,p1b\n|-immune|p2a: Delphox|[from] ability: Levitate\n|-supereffective|p1b: Incineroar|1\n|-enditem|p1b: Incineroar|Shuca Berry|[eat]\n|-enditem|p1b: Incineroar|Shuca Berry|[weaken]\n|-damage|p1a: Milotic|22/100\n|-damage|p1b: Incineroar|0 fnt\n|faint|p1b: Incineroar\n|move|p1a: Milotic|Icy Wind|p2b: Garchomp|[spread] p2a,p2b\n|-resisted|p2a: Delphox|1\n|-supereffective|p2b: Garchomp|2\n|-damage|p2a: Delphox|62/100\n|-damage|p2b: Garchomp|0 fnt\n|-unboost|p2a: Delphox|spe|1\n|faint|p2b: Garchomp\n|\n|-weather|SunnyDay|[upkeep]\n|upkeep\n|\n|t:|1775897625\n|switch|p2b: Corviknight|Corviknight, L50, M|100/100\n|switch|p1b: Gengar|Gengar, L50, M|100/100\n|turn|5\n|\n|t:|1775897643\n|switch|p2a: Maddy|Whimsicott, L50, M|100/100\n|detailschange|p1b: Gengar|Gengar-Mega, L50, M\n|-mega|p1b: Gengar|Gengar|Gengarite\n|move|p1b: Gengar|Shadow Ball|p2b: Corviknight\n|-damage|p2b: Corviknight|45/100\n|move|p1a: Milotic|Recover|p1a: Milotic\n|-heal|p1a: Milotic|72/100\n|move|p2b: Corviknight|Tailwind|p2b: Corviknight\n|-sidestart|p2: adriamontero|move: Tailwind\n|\n|-weather|none\n|-heal|p2b: Corviknight|51/100|[from] item: Leftovers\n|upkeep\n|turn|6\n|inactive|htrddcgj has 30 seconds left.\n|inactive|adriamontero has 30 seconds left.\n|inactive|htrddcgj has 20 seconds left.\n|inactive|htrddcgj has 15 seconds left.\n|\n|t:|1775897685\n|move|p1b: Gengar|Protect|p1b: Gengar\n|-singleturn|p1b: Gengar|Protect\n|move|p2a: Maddy|Encore|p1a: Milotic\n|-start|p1a: Milotic|Encore\n|move|p2b: Corviknight|Roost|p2b: Corviknight\n|-heal|p2b: Corviknight|100/100\n|-singleturn|p2b: Corviknight|move: Roost\n|move|p1a: Milotic|Recover|p1a: Milotic\n|-heal|p1a: Milotic|100/100\n|\n|upkeep\n|turn|7\n|\n|t:|1775897699\n|switch|p1a: Corviknight|Corviknight, L50, F|100/100\n|move|p2a: Maddy|Encore|p1b: Gengar\n|-start|p1b: Gengar|Encore\n|move|p1b: Gengar|Protect||[still]\n|-fail|p1b: Gengar\n|move|p2b: Corviknight|Bulk Up|p2b: Corviknight\n|-boost|p2b: Corviknight|atk|1\n|-boost|p2b: Corviknight|def|1\n|\n|upkeep\n|turn|8\n|\n|t:|1775897724\n|switch|p1b: Milotic|Milotic, L50, F|100/100\n|move|p2a: Maddy|Moonblast|p1b: Milotic\n|-damage|p1b: Milotic|82/100\n|move|p2b: Corviknight|Bulk Up|p2b: Corviknight\n|-boost|p2b: Corviknight|atk|1\n|-boost|p2b: Corviknight|def|1\n|move|p1a: Corviknight|Brave Bird|p2a: Maddy\n|-supereffective|p2a: Maddy|1\n|-enditem|p2a: Maddy|Focus Sash\n|-damage|p2a: Maddy|1/100\n|-damage|p1a: Corviknight|74/100|[from] Recoil\n|\n|-heal|p1a: Corviknight|80/100|[from] item: Leftovers\n|-sideend|p2: adriamontero|move: Tailwind\n|upkeep\n|turn|9\n|inactive|htrddcgj has 30 seconds left.\n|\n|t:|1775897753\n|move|p2a: Maddy|Tailwind|p2a: Maddy\n|-sidestart|p2: adriamontero|move: Tailwind\n|move|p2b: Corviknight|Brave Bird|p1b: Milotic\n|-damage|p1b: Milotic|0 fnt\n|faint|p1b: Milotic\n|-damage|p2b: Corviknight|74/100|[from] Recoil\n|move|p1a: Corviknight|Iron Defense|p1a: Corviknight\n|-boost|p1a: Corviknight|def|2\n|\n|-heal|p2b: Corviknight|80/100|[from] item: Leftovers\n|-heal|p1a: Corviknight|85/100|[from] item: Leftovers\n|upkeep\n|\n|t:|1775897766\n|switch|p1b: Gengar|Gengar-Mega, L50, M|100/100\n|turn|10\n|\n|t:|1775897788\n|move|p2a: Maddy|Encore|p1a: Corviknight\n|-start|p1a: Corviknight|Encore\n|move|p1b: Gengar|Sludge Wave|p2a: Maddy|[spread] p2a\n|-immune|p1a: Corviknight\n|-immune|p2b: Corviknight\n|-supereffective|p2a: Maddy|2\n|-damage|p2a: Maddy|0 fnt\n|faint|p2a: Maddy\n|move|p2b: Corviknight|Brave Bird|p1b: Gengar\n|-damage|p1b: Gengar|0 fnt\n|faint|p1b: Gengar\n|-damage|p2b: Corviknight|58/100|[from] Recoil\n|move|p1a: Corviknight|Iron Defense|p1a: Corviknight\n|-boost|p1a: Corviknight|def|2\n|\n|-heal|p2b: Corviknight|64/100|[from] item: Leftovers\n|-heal|p1a: Corviknight|91/100|[from] item: Leftovers\n|upkeep\n|\n|t:|1775897794\n|switch|p2a: Delphox|Delphox-Mega, L50, F|62/100\n|turn|11\n|-message|htrddcgj forfeited.\n|\n|win|adriamontero\n|raw|htrddcgj's rating: 1000 &rarr; <strong>1000</strong><br />(+0 for losing)\n|raw|adriamontero's rating: 1000 &rarr; <strong>1040</strong><br />(+40 for winning)\n|l|\u2606htrddcgj\n|player|p1|\n",
  "uploadtime": 1775897812,
  "views": 25,
  "formatid": "gen9championsvgc2026regma",
  "rating": 1000,
  "private": 0,
  "password": null
}