{
  "id": "gen9championsvgc2026regma-2587795186",
  "format": "[Gen 9 Champions] VGC 2026 Reg M-A",
  "players": [
    "JacintoElGrande",
    "TheNewMeliolizard"
  ],
  "log": "|j|\u2606JacintoElGrande\n|j|\u2606TheNewMeliolizard\n|t:|1776564770\n|gametype|doubles\n|player|p1|JacintoElGrande|doctor-gen8|1356\n|player|p2|TheNewMeliolizard|larry|1446\n|gen|9\n|tier|[Gen 9 Champions] VGC 2026 Reg M-A\n|rated|\n|rule|Species Clause: Limit one of each Pok\u00e9mon\n|rule|Item Clause: Limit 1 of each item\n|clearpoke\n|poke|p1|Aggron, L50, M|\n|poke|p1|Incineroar, L50, M|\n|poke|p1|Sinistcha, L50|\n|poke|p1|Pelipper, L50, F|\n|poke|p1|Sneasler, L50, M|\n|poke|p1|Archaludon, L50, M|\n|poke|p2|Aggron, L50, F, shiny|\n|poke|p2|Rotom-Wash, L50, shiny|\n|poke|p2|Sinistcha, L50, shiny|\n|poke|p2|Incineroar, L50, F, shiny|\n|poke|p2|Ninetales-Alola, L50, F, shiny|\n|poke|p2|Tyranitar, L50, M, shiny|\n|teampreview|4\n|inactive|Battle timer is ON: inactive players will automatically lose when time's up. (requested by JacintoElGrande)\nJacintoElGrande has agreed to open team sheets.\n|inactive|TheNewMeliolizard has 60 seconds left.\n|c|\u2606TheNewMeliolizard|the wall\n|inactive|TheNewMeliolizard has 30 seconds left.\n|c|\u2606JacintoElGrande|THE WALL\n|inactive|TheNewMeliolizard has 20 seconds left.\n|inactive|TheNewMeliolizard has 15 seconds left.\n|inactive|TheNewMeliolizard has 10 seconds left.\n|\n|t:|1776564858\n|teamsize|p1|4\n|teamsize|p2|4\n|start\n|switch|p1a: Archaludon|Archaludon, L50, M|100/100\n|switch|p1b: Pelipper|Pelipper, L50, F|100/100\n|switch|p2a: Aggron|Aggron, L50, F, shiny|100/100\n|switch|p2b: Rotom|Rotom-Wash, L50, shiny|100/100\n|-weather|RainDance|[from] ability: Drizzle|[of] p1b: Pelipper\n|turn|1\n|\n|t:|1776564881\n|detailschange|p2a: Aggron|Aggron-Mega, L50, F, shiny\n|-mega|p2a: Aggron|Aggron|Aggronite\n|move|p1a: Archaludon|Flash Cannon|p2b: Rotom\n|-resisted|p2b: Rotom|2\n|-damage|p2b: Rotom|89/100\n|move|p1b: Pelipper|Weather Ball|p2b: Rotom\n|-resisted|p2b: Rotom|1\n|-damage|p2b: Rotom|58/100\n|move|p2b: Rotom|Volt Switch|p1b: Pelipper\n|-supereffective|p1b: Pelipper|2\n|-enditem|p1b: Pelipper|Focus Sash\n|-damage|p1b: Pelipper|1/100\n|\n|t:|1776564892\n|switch|p2b: Incineroar|Incineroar, L50, F, shiny|100/100|[from] Volt Switch\n|-ability|p2b: Incineroar|Intimidate|boost\n|-unboost|p1a: Archaludon|atk|1\n|-unboost|p1b: Pelipper|atk|1\n|move|p2a: Aggron|Iron Defense|p2a: Aggron\n|-boost|p2a: Aggron|def|2\n|\n|-weather|RainDance|[upkeep]\n|upkeep\n|turn|2\n|c|\u2606JacintoElGrande|welp i tried a predict lol\n|c|\u2606TheNewMeliolizard|:)\n|inactive|TheNewMeliolizard has 30 seconds left.\n|c|\u2606TheNewMeliolizard|j\u00e1 sentes el grande?\n|\n|t:|1776564925\n|switch|p1a: Sinistcha|Sinistcha, L50|100/100\n|-heal|p1b: Pelipper|26/100|[from] ability: Hospitality|[of] p1a: Sinistcha\n|move|p1b: Pelipper|Protect|p1b: Pelipper\n|-singleturn|p1b: Pelipper|Protect\n|move|p2b: Incineroar|Fake Out|p1b: Pelipper\n|-activate|p1b: Pelipper|move: Protect\n|move|p2a: Aggron|Body Press|p1a: Sinistcha\n|-immune|p1a: Sinistcha\n|\n|-weather|RainDance|[upkeep]\n|upkeep\n|turn|3\n|c|\u2606JacintoElGrande|sjsjsjsj sisi\n|\n|t:|1776564950\n|move|p1b: Pelipper|Weather Ball|p2a: Aggron\n|-damage|p2a: Aggron|39/100\n|move|p1a: Sinistcha|Shadow Ball|p2a: Aggron\n|-damage|p2a: Aggron|12/100\n|move|p2b: Incineroar|Darkest Lariat|p1a: Sinistcha\n|-supereffective|p1a: Sinistcha|1\n|-damage|p1a: Sinistcha|33/100\n|move|p2a: Aggron|Heavy Slam|p1b: Pelipper\n|-resisted|p1b: Pelipper|1\n|-crit|p1b: Pelipper\n|-damage|p1b: Pelipper|0 fnt\n|faint|p1b: Pelipper\n|\n|-weather|RainDance|[upkeep]\n|-heal|p1a: Sinistcha|39/100|[from] item: Leftovers\n|upkeep\n|\n|t:|1776564959\n|switch|p1b: Archaludon|Archaludon, L50, M|100/100\n|turn|4\n|\n|t:|1776564965\n|switch|p2b: Sinistcha|Sinistcha, L50, shiny|100/100\n|-heal|p2a: Aggron|37/100|[from] ability: Hospitality|[of] p2b: Sinistcha\n|move|p2a: Aggron|Protect|p2a: Aggron\n|-singleturn|p2a: Aggron|Protect\n|move|p1b: Archaludon|Electro Shot||[still]\n|-prepare|p1b: Archaludon|Electro Shot\n|-boost|p1b: Archaludon|spa|1\n|-anim|p1b: Archaludon|Electro Shot|p2b: Sinistcha\n|-resisted|p2b: Sinistcha|1\n|-damage|p2b: Sinistcha|65/100\n|move|p1a: Sinistcha|Matcha Gotcha|p2a: Aggron|[spread] p2b\n|-activate|p2a: Aggron|move: Protect\n|-resisted|p2b: Sinistcha|1\n|-damage|p2b: Sinistcha|53/100\n|-heal|p1a: Sinistcha|45/100|[from] drain|[of] p2b: Sinistcha\n|\n|-weather|RainDance|[upkeep]\n|-heal|p1a: Sinistcha|52/100|[from] item: Leftovers\n|upkeep\n|turn|5\n|\n|t:|1776564979\n|move|p2b: Sinistcha|Rage Powder|p2b: Sinistcha\n|-singleturn|p2b: Sinistcha|move: Rage Powder\n|move|p1b: Archaludon|Electro Shot||[still]\n|-prepare|p1b: Archaludon|Electro Shot\n|-boost|p1b: Archaludon|spa|1\n|-anim|p1b: Archaludon|Electro Shot|p2a: Aggron\n|-damage|p2a: Aggron|0 fnt\n|faint|p2a: Aggron\n|move|p1a: Sinistcha|Shadow Ball|p2b: Sinistcha\n|-supereffective|p2b: Sinistcha|1\n|-damage|p2b: Sinistcha|0 fnt\n|faint|p2b: Sinistcha\n|\n|-weather|none\n|-heal|p1a: Sinistcha|58/100|[from] item: Leftovers\n|upkeep\n|\n|t:|1776564988\n|switch|p2b: Rotom|Rotom-Wash, L50, shiny|58/100\n|switch|p2a: Incineroar|Incineroar, L50, F, shiny|100/100\n|-ability|p2a: Incineroar|Intimidate|boost\n|-unboost|p1a: Sinistcha|atk|1\n|-unboost|p1b: Archaludon|atk|1\n|turn|6\n|-message|TheNewMeliolizard forfeited.\n|\n|win|JacintoElGrande\n|raw|JacintoElGrande's rating: 1356 &rarr; <strong>1381</strong><br />(+25 for winning)\n|raw|TheNewMeliolizard's rating: 1446 &rarr; <strong>1421</strong><br />(-25 for losing)\n|l|\u2606TheNewMeliolizard\n|player|p2|\n|c|\u2606JacintoElGrande|gg mate\n",
  "uploadtime": 1776565000,
  "views": 25,
  "formatid": "gen9championsvgc2026regma",
  "rating": 1381,
  "private": 0,
  "password": null
}