{
  "id": "gen9championsvgc2026regma-2584138719",
  "format": "[Gen 9 Champions] VGC 2026 Reg M-A",
  "players": [
    "Senpai_1987",
    "WalkEmDownM0rt"
  ],
  "log": "|j|\u2606Senpai_1987\n|j|\u2606WalkEmDownM0rt\n|t:|1776229564\n|gametype|doubles\n|player|p1|Senpai_1987|aromalady|1437\n|player|p2|WalkEmDownM0rt|boarder|1351\n|gen|9\n|tier|[Gen 9 Champions] VGC 2026 Reg M-A\n|rated|\n|rule|Species Clause: Limit one of each Pok\u00e9mon\n|rule|Item Clause: Limit 1 of each item\n|clearpoke\n|poke|p1|Pelipper, L50, M|\n|poke|p1|Basculegion, L50, M|\n|poke|p1|Archaludon, L50, F|\n|poke|p1|Feraligatr, L50, F|\n|poke|p1|Sneasler, L50, F|\n|poke|p1|Scizor, L50, F|\n|poke|p2|Garchomp, L50, F|\n|poke|p2|Delphox, L50, F|\n|poke|p2|Basculegion, L50, M|\n|poke|p2|Sneasler, L50, F|\n|poke|p2|Kingambit, L50, M|\n|poke|p2|Meganium, L50, F|\n|teampreview|4\n|j| BerryV587\n|j| tsetse\n|\n|t:|1776229586\n|teamsize|p1|4\n|teamsize|p2|4\n|start\n|switch|p1a: The Bowl|Pelipper, L50, M|100/100\n|switch|p1b: The Log|Basculegion, L50, M, shiny|100/100\n|switch|p2a: Meganium|Meganium, L50, F|100/100\n|switch|p2b: Sneasler|Sneasler, L50, F|100/100\n|-weather|RainDance|[from] ability: Drizzle|[of] p1a: The Bowl\n|turn|1\n|l| tsetse\n|inactive|Battle timer is ON: inactive players will automatically lose when time's up. (requested by Senpai_1987)\n|\n|t:|1776229608\n|detailschange|p2a: Meganium|Meganium-Mega, L50, F\n|-mega|p2a: Meganium|Meganium|Meganiumite\n|move|p2b: Sneasler|Fake Out|p1a: The Bowl\n|-damage|p1a: The Bowl|83/100\n|move|p1b: The Log|Flip Turn|p2b: Sneasler\n|-damage|p2b: Sneasler|0 fnt\n|faint|p2b: Sneasler\n|\n|t:|1776229616\n|switch|p1b: The Sink|Archaludon, L50, F|100/100|[from] Flip Turn\n|move|p2a: Meganium|Solar Beam||[still]\n|-prepare|p2a: Meganium|Solar Beam\n|-activate|p2a: Meganium|ability: Mega Sol\n|-anim|p2a: Meganium|Solar Beam|p1a: The Bowl\n|-damage|p1a: The Bowl|0 fnt\n|faint|p1a: The Bowl\n|\n|-weather|RainDance|[upkeep]\n|upkeep\n|\n|t:|1776229630\n|switch|p2b: Kingambit|Kingambit, L50, M|100/100\n|switch|p1a: The Lid|Feraligatr, L50, F|100/100\n|turn|2\n|\n|t:|1776229639\n|move|p1a: The Lid|Protect|p1a: The Lid\n|-singleturn|p1a: The Lid|Protect\n|move|p2a: Meganium|Protect|p2a: Meganium\n|-singleturn|p2a: Meganium|Protect\n|move|p1b: The Sink|Aura Sphere|p2b: Kingambit\n|-supereffective|p2b: Kingambit|2\n|-enditem|p2b: Kingambit|Chople Berry|[eat]\n|-enditem|p2b: Kingambit|Chople Berry|[weaken]\n|-damage|p2b: Kingambit|51/100\n|move|p2b: Kingambit|Low Kick|p1b: The Sink\n|-supereffective|p1b: The Sink|1\n|-enditem|p1b: The Sink|Chople Berry|[eat]\n|-enditem|p1b: The Sink|Chople Berry|[weaken]\n|-damage|p1b: The Sink|74/100\n|\n|-weather|RainDance|[upkeep]\n|upkeep\n|turn|3\n|inactive|Senpai_1987 has 30 seconds left.\n|inactive|WalkEmDownM0rt has 30 seconds left.\n|\n|t:|1776229674\n|detailschange|p1a: The Lid|Feraligatr-Mega, L50, F\n|-mega|p1a: The Lid|Feraligatr|Feraligite\n|move|p2b: Kingambit|Sucker Punch|p1b: The Sink\n|-crit|p1b: The Sink\n|-damage|p1b: The Sink|21/100\n|move|p1b: The Sink|Aura Sphere|p2b: Kingambit\n|-supereffective|p2b: Kingambit|2\n|-damage|p2b: Kingambit|0 fnt\n|faint|p2b: Kingambit\n|move|p1a: The Lid|Dragon Dance|p1a: The Lid\n|-boost|p1a: The Lid|atk|1\n|-boost|p1a: The Lid|spe|1\n|move|p2a: Meganium|Weather Ball|p1b: The Sink\n|-damage|p1b: The Sink|0 fnt\n|faint|p1b: The Sink\n|\n|-weather|RainDance|[upkeep]\n|upkeep\n|\n|t:|1776229684\n|switch|p1b: The Log|Basculegion, L50, M, shiny|100/100\n|switch|p2b: Basculegion|Basculegion, L50, M|100/100\n|turn|4\n|l| BerryV587\n|j| Forgorn\n|\n|t:|1776229704\n|move|p1b: The Log|Last Respects|p2a: Meganium\n|-damage|p2a: Meganium|0 fnt\n|faint|p2a: Meganium\n|move|p1a: The Lid|Double-Edge|p2b: Basculegion\n|-enditem|p2b: Basculegion|Focus Sash\n|-damage|p2b: Basculegion|1/100\n|-damage|p1a: The Lid|61/100|[from] Recoil\n|move|p2b: Basculegion|Last Respects|p1b: The Log\n|-supereffective|p1b: The Log|1\n|-damage|p1b: The Log|0 fnt\n|faint|p1b: The Log\n|\n|-weather|RainDance|[upkeep]\n|upkeep\n|turn|5\n|-message|WalkEmDownM0rt forfeited.\n|\n|win|Senpai_1987\n|raw|Senpai_1987's rating: 1437 &rarr; <strong>1452</strong><br />(+15 for winning)\n|raw|WalkEmDownM0rt's rating: 1351 &rarr; <strong>1336</strong><br />(-15 for losing)\n|l|\u2606WalkEmDownM0rt\n|player|p2|\n",
  "uploadtime": 1776229719,
  "views": 27,
  "formatid": "gen9championsvgc2026regma",
  "rating": 1336,
  "private": 0,
  "password": null
}