{
  "id": "gen9championsvgc2026regma-2588751292",
  "format": "[Gen 9 Champions] VGC 2026 Reg M-A",
  "players": [
    "raigonjoy",
    "ryanempire"
  ],
  "log": "|j|\u2606raigonjoy\n|j|\u2606ryanempire\n|t:|1776666004\n|gametype|doubles\n|player|p1|raigonjoy|1|1118\n|player|p2|ryanempire|265|1034\n|gen|9\n|tier|[Gen 9 Champions] VGC 2026 Reg M-A\n|rated|\n|rule|Species Clause: Limit one of each Pok\u00e9mon\n|rule|Item Clause: Limit 1 of each item\n|clearpoke\n|poke|p1|Gengar, L50, M|\n|poke|p1|Basculegion, L50, M|\n|poke|p1|Sneasler, L50, M|\n|poke|p1|Maushold-Four, L50|\n|poke|p1|Sinistcha, L50|\n|poke|p1|Incineroar, L50, M|\n|poke|p2|Vivillon, L50, F|\n|poke|p2|Dragapult, L50, F|\n|poke|p2|Garchomp, L50, F|\n|poke|p2|Gengar, L50, F|\n|poke|p2|Arcanine, L50, F|\n|poke|p2|Milotic, L50, F|\n|teampreview|4\n|inactive|Battle timer is ON: inactive players will automatically lose when time's up. (requested by raigonjoy)\n|inactive|raigonjoy has 60 seconds left.\n|inactive|ryanempire has 60 seconds left.\nryanempire rejected open team sheets.\n|\n|t:|1776666054\n|teamsize|p1|4\n|teamsize|p2|4\n|start\n|switch|p1a: Maushold|Maushold-Four, L50|100/100\n|switch|p1b: Basculegion|Basculegion, L50, M|100/100\n|switch|p2a: Vivillon|Vivillon, L50, F|100/100\n|switch|p2b: Arcanine|Arcanine, L50, F|100/100\n|-ability|p2b: Arcanine|Intimidate|boost\n|-unboost|p1a: Maushold|atk|1\n|-unboost|p1b: Basculegion|atk|1\n|turn|1\n|\n|t:|1776666078\n|switch|p2b: Milotic|Milotic, L50, F|100/100\n|move|p1a: Maushold|Protect|p1a: Maushold\n|-singleturn|p1a: Maushold|Protect\n|move|p1b: Basculegion|Flip Turn|p2a: Vivillon\n|-damage|p2a: Vivillon|59/100\n|\n|t:|1776666086\n|switch|p1b: Sinistcha|Sinistcha, L50|100/100|[from] Flip Turn\n|move|p2a: Vivillon|Sleep Powder|p1b: Sinistcha\n|-immune|p1b: Sinistcha\n|\n|upkeep\n|turn|2\n|inactive|ryanempire has 30 seconds left.\n|\n|t:|1776666116\n|move|p1b: Sinistcha|Rage Powder|p1b: Sinistcha\n|-singleturn|p1b: Sinistcha|move: Rage Powder\n|move|p1a: Maushold|Super Fang|p2b: Milotic\n|-damage|p2b: Milotic|50/100\n|move|p2a: Vivillon|Hurricane|p1b: Sinistcha|[miss]\n|-miss|p2a: Vivillon|p1b: Sinistcha\n|move|p2b: Milotic|Ice Beam|p1b: Sinistcha\n|-supereffective|p1b: Sinistcha|1\n|-damage|p1b: Sinistcha|66/100\n|\n|-heal|p2b: Milotic|56/100|[from] item: Leftovers\n|upkeep\n|turn|3\n|inactive|raigonjoy has 30 seconds left.\n|\n|t:|1776666148\n|switch|p1a: Gengar|Gengar, L50, M|100/100\n|move|p1b: Sinistcha|Protect|p1b: Sinistcha\n|-singleturn|p1b: Sinistcha|Protect\n|move|p2a: Vivillon|Hurricane|p1b: Sinistcha\n|-activate|p1b: Sinistcha|move: Protect\n|move|p2b: Milotic|Life Dew|p2b: Milotic|[spread] p2a,p2b\n|-heal|p2a: Vivillon|84/100\n|-heal|p2b: Milotic|82/100\n|\n|-heal|p2b: Milotic|88/100|[from] item: Leftovers\n|upkeep\n|turn|4\n|\n|t:|1776666172\n|detailschange|p1a: Gengar|Gengar-Mega, L50, M\n|-mega|p1a: Gengar|Gengar|Gengarite\n|move|p2a: Vivillon|Protect|p2a: Vivillon\n|-singleturn|p2a: Vivillon|Protect\n|move|p1b: Sinistcha|Rage Powder|p1b: Sinistcha\n|-singleturn|p1b: Sinistcha|move: Rage Powder\n|move|p1a: Gengar|Perish Song|p1a: Gengar\n|-start|p1a: Gengar|perish3|[silent]\n|-start|p1b: Sinistcha|perish3|[silent]\n|-start|p2a: Vivillon|perish3|[silent]\n|-start|p2b: Milotic|perish3|[silent]\n|-fieldactivate|move: Perish Song\n|move|p2b: Milotic|Ice Beam|p1b: Sinistcha\n|-supereffective|p1b: Sinistcha|1\n|-damage|p1b: Sinistcha|22/100\n|\n|-heal|p2b: Milotic|94/100|[from] item: Leftovers\n|-start|p1a: Gengar|perish3\n|-start|p2a: Vivillon|perish3\n|-start|p2b: Milotic|perish3\n|-start|p1b: Sinistcha|perish3\n|upkeep\n|turn|5\n|inactive|raigonjoy has 30 seconds left.\n|\n|t:|1776666197\n|switch|p1b: Maushold|Maushold-Four, L50|100/100\n|move|p1a: Gengar|Protect|p1a: Gengar\n|-singleturn|p1a: Gengar|Protect\n|move|p2a: Vivillon|Hurricane|p1b: Maushold\n|-damage|p1b: Maushold|54/100\n|move|p2b: Milotic|Life Dew|p2b: Milotic|[spread] p2a,p2b\n|-heal|p2a: Vivillon|100/100\n|-heal|p2b: Milotic|100/100\n|\n|-start|p1a: Gengar|perish2\n|-start|p2a: Vivillon|perish2\n|-start|p2b: Milotic|perish2\n|upkeep\n|turn|6\n|inactive|raigonjoy has 30 seconds left.\n|inactive|raigonjoy has 20 seconds left.\n|inactive|ryanempire has 30 seconds left.\n|inactive|raigonjoy has 15 seconds left.\n|\n|t:|1776666241\n|switch|p1a: Sinistcha|Sinistcha, L50|22/100\n|-heal|p1b: Maushold|78/100|[from] ability: Hospitality|[of] p1a: Sinistcha\n|move|p1b: Maushold|U-turn|p1a: Sinistcha\n|-damage|p1a: Sinistcha|14/100\n|\n|t:|1776666247\n|switch|p1b: Gengar|Gengar-Mega, L50, M|100/100|[from] U-turn\n|move|p2a: Vivillon|Hurricane|p1a: Sinistcha|[miss]\n|-miss|p2a: Vivillon|p1a: Sinistcha\n|move|p2b: Milotic|Scald|p1a: Sinistcha\n|-resisted|p1a: Sinistcha|1\n|-damage|p1a: Sinistcha|0 fnt\n|faint|p1a: Sinistcha\n|\n|-start|p2a: Vivillon|perish1\n|-start|p2b: Milotic|perish1\n|upkeep\n|\n|t:|1776666262\n|switch|p1a: Maushold|Maushold-Four, L50|78/100\n|turn|7\n|\n|t:|1776666272\n|move|p1a: Maushold|Protect|p1a: Maushold\n|-singleturn|p1a: Maushold|Protect\n|move|p1b: Gengar|Protect|p1b: Gengar\n|-singleturn|p1b: Gengar|Protect\n|move|p2a: Vivillon|Hurricane|p1a: Maushold\n|-activate|p1a: Maushold|move: Protect\n|move|p2b: Milotic|Scald|p1a: Maushold\n|-activate|p1a: Maushold|move: Protect\n|\n|-start|p2a: Vivillon|perish0\n|-start|p2b: Milotic|perish0\n|faint|p2a: Vivillon\n|faint|p2b: Milotic\n|upkeep\n|\n|t:|1776666284\n|switch|p2a: Arcanine|Arcanine, L50, F|100/100\n|switch|p2b: Gengar|Gengar, L50, F|100/100\n|-ability|p2a: Arcanine|Intimidate|boost\n|-unboost|p1a: Maushold|atk|1\n|-unboost|p1b: Gengar|atk|1\n|turn|8\n|\n|t:|1776666297\n|detailschange|p2b: Gengar|Gengar-Mega, L50, F\n|-mega|p2b: Gengar|Gengar|Gengarite\n|move|p1a: Maushold|Follow Me|p1a: Maushold\n|-singleturn|p1a: Maushold|move: Follow Me\n|move|p2b: Gengar|Shadow Ball|p1a: Maushold\n|-immune|p1a: Maushold\n|move|p1b: Gengar|Perish Song|p1b: Gengar\n|-start|p1a: Maushold|perish3|[silent]\n|-start|p1b: Gengar|perish3|[silent]\n|-start|p2a: Arcanine|perish3|[silent]\n|-start|p2b: Gengar|perish3|[silent]\n|-fieldactivate|move: Perish Song\n|move|p2a: Arcanine|Flare Blitz|p1a: Maushold\n|-damage|p1a: Maushold|15/100\n|-damage|p2a: Arcanine|81/100|[from] Recoil\n|\n|-start|p2b: Gengar|perish3\n|-start|p1a: Maushold|perish3\n|-start|p1b: Gengar|perish3\n|-start|p2a: Arcanine|perish3\n|upkeep\n|turn|9\n|-message|ryanempire forfeited.\n|\n|win|raigonjoy\n|raw|raigonjoy's rating: 1118 &rarr; <strong>1137</strong><br />(+19 for winning)\n|raw|ryanempire's rating: 1034 &rarr; <strong>1022</strong><br />(-12 for losing)\n|l|\u2606ryanempire\n|player|p2|\n",
  "uploadtime": 1776666326,
  "views": 9,
  "formatid": "gen9championsvgc2026regma",
  "rating": 1022,
  "private": 0,
  "password": null
}