{
  "id": "gen9championsvgc2026regma-2588523572",
  "format": "[Gen 9 Champions] VGC 2026 Reg M-A",
  "players": [
    "Agusanidapee",
    "Supremejustme3"
  ],
  "log": "|j|\u2606Agusanidapee\n|j|\u2606Supremejustme3\n|t:|1776641438\n|gametype|doubles\n|player|p1|Agusanidapee|veteran|1193\n|player|p2|Supremejustme3|blackbelt-gen4|1196\n|gen|9\n|tier|[Gen 9 Champions] VGC 2026 Reg M-A\n|rated|\n|rule|Species Clause: Limit one of each Pok\u00e9mon\n|rule|Item Clause: Limit 1 of each item\n|clearpoke\n|poke|p1|Charizard, L50, M, shiny|\n|poke|p1|Venusaur, L50, M|\n|poke|p1|Kingambit, L50, M|\n|poke|p1|Sneasler, L50, F|\n|poke|p1|Garchomp, L50, M|\n|poke|p1|Arcanine-Hisui, L50, F|\n|poke|p2|Blastoise, L50, M|\n|poke|p2|Talonflame, L50, M|\n|poke|p2|Sinistcha, L50|\n|poke|p2|Corviknight, L50, F|\n|poke|p2|Sneasler, L50, M|\n|poke|p2|Farigiraf, L50, F|\n|teampreview|4\n|inactive|Battle timer is ON: inactive players will automatically lose when time's up. (requested by Agusanidapee)\nSupremejustme3 rejected open team sheets.\n|\n|t:|1776641478\n|teamsize|p1|4\n|teamsize|p2|4\n|start\n|switch|p1a: Sneasler|Sneasler, L50, F|100/100\n|switch|p1b: Garchomp|Garchomp, L50, M|100/100\n|switch|p2a: Blastoise|Blastoise, L50, M|100/100\n|switch|p2b: Farigiraf|Farigiraf, L50, F|100/100\n|turn|1\n|inactive|Supremejustme3 has 30 seconds left.\n|\n|t:|1776641510\n|detailschange|p2a: Blastoise|Blastoise-Mega, L50, M\n|-mega|p2a: Blastoise|Blastoise|Blastoisinite\n|move|p2a: Blastoise|Fake Out|p1b: Garchomp\n|-damage|p1b: Garchomp|92/100\n|-damage|p2a: Blastoise|88/100|[from] ability: Rough Skin|[of] p1b: Garchomp\n|cant|p1b: Garchomp|flinch\n|move|p1a: Sneasler|Close Combat|p2b: Farigiraf\n|-damage|p2b: Farigiraf|24/100\n|-unboost|p1a: Sneasler|def|1\n|-unboost|p1a: Sneasler|spd|1\n|-enditem|p1a: Sneasler|White Herb\n|-clearnegativeboost|p1a: Sneasler|[silent]\n|move|p2b: Farigiraf|Trick Room|p2b: Farigiraf\n|-fieldstart|move: Trick Room|[of] p2b: Farigiraf\n|\n|upkeep\n|turn|2\n|inactive|Agusanidapee has 30 seconds left.\n|inactive|Supremejustme3 has 30 seconds left.\n|\n|t:|1776641542\n|move|p1a: Sneasler|Protect|p1a: Sneasler\n|-singleturn|p1a: Sneasler|Protect\n|move|p2b: Farigiraf|Psychic|p1a: Sneasler\n|-activate|p1a: Sneasler|move: Protect\n|move|p2a: Blastoise|Water Spout|p1b: Garchomp|[spread] p1b\n|-activate|p1a: Sneasler|move: Protect\n|-damage|p1b: Garchomp|34/100\n|move|p1b: Garchomp|Dragon Claw|p2b: Farigiraf\n|-damage|p2b: Farigiraf|0 fnt\n|faint|p2b: Farigiraf\n|\n|upkeep\n|\n|t:|1776641556\n|switch|p2b: Corviknight|Corviknight, L50, F|100/100\n|turn|3\n|inactive|Supremejustme3 has 30 seconds left.\n|inactive|Supremejustme3 has 20 seconds left.\n|\n|t:|1776641595\n|move|p2b: Corviknight|Bulk Up|p2b: Corviknight\n|-boost|p2b: Corviknight|atk|1\n|-boost|p2b: Corviknight|def|1\n|move|p2a: Blastoise|Water Spout|p1b: Garchomp|[spread] p1a,p1b\n|-damage|p1a: Sneasler|23/100\n|-damage|p1b: Garchomp|0 fnt\n|faint|p1b: Garchomp\n|move|p1a: Sneasler|Close Combat|p2b: Corviknight\n|-damage|p2b: Corviknight|74/100\n|-unboost|p1a: Sneasler|def|1\n|-unboost|p1a: Sneasler|spd|1\n|\n|-heal|p2b: Corviknight|79/100|[from] item: Leftovers\n|upkeep\n|\n|t:|1776641607\n|switch|p1b: Arcanine|Arcanine-Hisui, L50, F|100/100\n|turn|4\n|\n|t:|1776641630\n|move|p2b: Corviknight|Bulk Up|p2b: Corviknight\n|-boost|p2b: Corviknight|atk|1\n|-boost|p2b: Corviknight|def|1\n|move|p2a: Blastoise|Water Spout|p1a: Sneasler|[spread] p1a,p1b\n|-supereffective|p1b: Arcanine|2\n|-damage|p1a: Sneasler|0 fnt\n|-enditem|p1b: Arcanine|Focus Sash\n|-damage|p1b: Arcanine|1/100\n|faint|p1a: Sneasler\n|move|p1b: Arcanine|Flare Blitz|p2b: Corviknight\n|-supereffective|p2b: Corviknight|1\n|-damage|p2b: Corviknight|43/100\n|\n|-heal|p2b: Corviknight|49/100|[from] item: Leftovers\n|upkeep\n|\n|t:|1776641643\n|switch|p1a: Kingambit|Kingambit, L50, M|100/100\n|turn|5\n|\n|t:|1776641662\n|move|p1b: Arcanine|Protect|p1b: Arcanine\n|-singleturn|p1b: Arcanine|Protect\n|move|p1a: Kingambit|Kowtow Cleave|p2b: Corviknight\n|-damage|p2b: Corviknight|33/100\n|move|p2b: Corviknight|Body Press|p1a: Kingambit\n|-supereffective|p1a: Kingambit|2\n|-enditem|p1a: Kingambit|Chople Berry|[eat]\n|-enditem|p1a: Kingambit|Chople Berry|[weaken]\n|-damage|p1a: Kingambit|23/100\n|move|p2a: Blastoise|Water Spout|p1a: Kingambit|[spread] p1a\n|-activate|p1b: Arcanine|move: Protect\n|-damage|p1a: Kingambit|0 fnt\n|faint|p1a: Kingambit\n|\n|-heal|p2b: Corviknight|39/100|[from] item: Leftovers\n|-fieldend|move: Trick Room\n|upkeep\n|turn|6\n|-message|Agusanidapee forfeited.\n|\n|win|Supremejustme3\n|raw|Agusanidapee's rating: 1193 &rarr; <strong>1168</strong><br />(-25 for losing)\n|raw|Supremejustme3's rating: 1196 &rarr; <strong>1221</strong><br />(+25 for winning)\n|l|\u2606Agusanidapee\n|player|p1|\n|l|\u2606Supremejustme3\n|player|p2|\n|j|\u2606Supremejustme3\n|player|p2|Supremejustme3|blackbelt-gen4|\n",
  "uploadtime": 1776642162,
  "views": 8,
  "formatid": "gen9championsvgc2026regma",
  "rating": 1168,
  "private": 0,
  "password": null
}