{
  "id": "gen9championsvgc2026regma-2582571290",
  "format": "[Gen 9 Champions] VGC 2026 Reg M-A",
  "players": [
    "jojohhhh",
    "porygon-epilepz"
  ],
  "log": "|j|\u2606jojohhhh\n|j|\u2606porygon-epilepz\n|t:|1776100089\n|gametype|doubles\n|player|p1|jojohhhh|101|1020\n|player|p2|porygon-epilepz|hiker-gen4|1110\n|gen|9\n|tier|[Gen 9 Champions] VGC 2026 Reg M-A\n|rated|\n|rule|Species Clause: Limit one of each Pok\u00e9mon\n|rule|Item Clause: Limit 1 of each item\n|clearpoke\n|poke|p1|Audino, L50, F|\n|poke|p1|Infernape, L50, M|\n|poke|p1|Drampa, L50, F|\n|poke|p1|Incineroar, L50, F|\n|poke|p1|Passimian, L50, M|\n|poke|p1|Dragonite, L50, M|\n|poke|p2|Kommo-o, L50, M|\n|poke|p2|Incineroar, L50, M|\n|poke|p2|Glimmora, L50, M|\n|poke|p2|Sinistcha, L50|\n|poke|p2|Talonflame, L50, M|\n|poke|p2|Rotom-Wash, L50|\n|teampreview|4\n|inactive|Battle timer is ON: inactive players will automatically lose when time's up. (requested by jojohhhh)\n|\n|t:|1776100114\n|teamsize|p1|4\n|teamsize|p2|4\n|start\n|switch|p1a: Audino|Audino, L50, F, shiny|100/100\n|switch|p1b: Incineroar|Incineroar, L50, F|100/100\n|switch|p2a: Kommo-o|Kommo-o, L50, M|100/100\n|switch|p2b: Sinistcha|Sinistcha, L50|100/100\n|-ability|p1b: Incineroar|Intimidate|boost\n|-unboost|p2a: Kommo-o|atk|1\n|-unboost|p2b: Sinistcha|atk|1\n|turn|1\n|inactive|jojohhhh has 30 seconds left.\n|\n|t:|1776100150\n|detailschange|p1a: Audino|Audino-Mega, L50, F, shiny\n|-mega|p1a: Audino|Audino|Audinite\n|move|p1b: Incineroar|Fake Out|p2a: Kommo-o\n|-damage|p2a: Kommo-o|90/100\n|cant|p2a: Kommo-o|flinch\n|move|p2b: Sinistcha|Matcha Gotcha|p1a: Audino|[spread] p1a,p1b\n|-resisted|p1b: Incineroar|1\n|-damage|p1a: Audino|86/100\n|-damage|p1b: Incineroar|88/100\n|move|p1a: Audino|Calm Mind|p1a: Audino\n|-boost|p1a: Audino|spa|1\n|-boost|p1a: Audino|spd|1\n|\n|-heal|p2a: Kommo-o|96/100|[from] item: Leftovers\n|upkeep\n|turn|2\n|inactive|jojohhhh has 30 seconds left.\n|\n|t:|1776100178\n|move|p2b: Sinistcha|Rage Powder|p2b: Sinistcha\n|-singleturn|p2b: Sinistcha|move: Rage Powder\n|move|p2a: Kommo-o|Clangorous Soul|p2a: Kommo-o\n|-boost|p2a: Kommo-o|atk|1\n|-boost|p2a: Kommo-o|def|1\n|-boost|p2a: Kommo-o|spa|1\n|-boost|p2a: Kommo-o|spd|1\n|-boost|p2a: Kommo-o|spe|1\n|-damage|p2a: Kommo-o|63/100\n|move|p1b: Incineroar|Bulk Up|p1b: Incineroar\n|-boost|p1b: Incineroar|atk|1\n|-boost|p1b: Incineroar|def|1\n|move|p1a: Audino|Thunder Wave|p2b: Sinistcha\n|-status|p2b: Sinistcha|par\n|\n|-heal|p2a: Kommo-o|69/100|[from] item: Leftovers\n|upkeep\n|turn|3\n|\n|t:|1776100202\n|move|p2a: Kommo-o|Aura Sphere|p1b: Incineroar\n|-supereffective|p1b: Incineroar|1\n|-damage|p1b: Incineroar|0 fnt\n|faint|p1b: Incineroar\n|move|p1a: Audino|Hyper Voice|p2b: Sinistcha|[spread] p2a\n|-immune|p2b: Sinistcha\n|-damage|p2a: Kommo-o|48/100\n|move|p2b: Sinistcha|Life Dew||[still]|[spread] p2a,p2b\n|-heal|p2a: Kommo-o|73/100\n|-fail|p2b: Sinistcha|heal\n|\n|-heal|p2a: Kommo-o|79/100|[from] item: Leftovers\n|upkeep\n|\n|t:|1776100216\n|switch|p1b: Passimian|Passimian, L50, M|100/100\n|turn|4\n|\n|t:|1776100234\n|move|p1b: Passimian|Protect|p1b: Passimian\n|-singleturn|p1b: Passimian|Protect\n|move|p2a: Kommo-o|Clanging Scales|p1a: Audino|[spread] \n|-activate|p1b: Passimian|move: Protect\n|-immune|p1a: Audino\n|move|p1a: Audino|Thunder Wave|p2a: Kommo-o\n|-status|p2a: Kommo-o|par\n|move|p2b: Sinistcha|Matcha Gotcha|p1b: Passimian|[spread] p1a\n|-activate|p1b: Passimian|move: Protect\n|-damage|p1a: Audino|77/100\n|\n|-heal|p2a: Kommo-o|86/100 par|[from] item: Leftovers\n|upkeep\n|turn|5\n|\n|t:|1776100259\n|move|p1b: Passimian|Gunk Shot|p2b: Sinistcha\n|-damage|p2b: Sinistcha|72/100 par\n|move|p2a: Kommo-o|Clanging Scales|p1b: Passimian|[spread] p1b\n|-immune|p1a: Audino\n|-damage|p1b: Passimian|51/100\n|-unboost|p2a: Kommo-o|def|1\n|move|p1a: Audino|Calm Mind|p1a: Audino\n|-boost|p1a: Audino|spa|1\n|-boost|p1a: Audino|spd|1\n|move|p2b: Sinistcha|Matcha Gotcha|p1b: Passimian|[spread] p1a,p1b\n|-damage|p1a: Audino|69/100\n|-heal|p2b: Sinistcha|76/100 par|[from] drain|[of] p1a: Audino\n|-damage|p1b: Passimian|29/100\n|-heal|p2b: Sinistcha|89/100 par|[from] drain|[of] p1b: Passimian\n|-status|p1b: Passimian|brn\n|-enditem|p1b: Passimian|Lum Berry|[eat]\n|-curestatus|p1b: Passimian|brn|[msg]\n|\n|-heal|p2a: Kommo-o|92/100 par|[from] item: Leftovers\n|upkeep\n|turn|6\n|inactive|jojohhhh has 30 seconds left.\n|\n|t:|1776100284\n|move|p1b: Passimian|Rock Slide|p2b: Sinistcha|[spread] p2a,p2b\n|-resisted|p2a: Kommo-o|1\n|-damage|p2a: Kommo-o|85/100 par\n|-damage|p2b: Sinistcha|75/100 par\n|cant|p2a: Kommo-o|flinch\n|move|p1a: Audino|Hyper Voice|p2b: Sinistcha|[spread] p2a\n|-immune|p2b: Sinistcha\n|-damage|p2a: Kommo-o|57/100 par\n|move|p2b: Sinistcha|Matcha Gotcha|p1a: Audino|[spread] p1a,p1b\n|-damage|p1a: Audino|61/100\n|-heal|p2b: Sinistcha|79/100 par|[from] drain|[of] p1a: Audino\n|-damage|p1b: Passimian|7/100\n|-heal|p2b: Sinistcha|92/100 par|[from] drain|[of] p1b: Passimian\n|\n|-heal|p2a: Kommo-o|63/100 par|[from] item: Leftovers\n|upkeep\n|turn|7\n|\n|t:|1776100308\n|move|p1b: Passimian|Gunk Shot|p2b: Sinistcha\n|-damage|p2b: Sinistcha|63/100 par\n|move|p2a: Kommo-o|Aura Sphere|p1a: Audino\n|-damage|p1a: Audino|47/100\n|move|p1a: Audino|Hyper Voice|p2b: Sinistcha|[spread] p2a\n|-immune|p2b: Sinistcha\n|-damage|p2a: Kommo-o|37/100 par\n|move|p2b: Sinistcha|Matcha Gotcha|p1a: Audino|[spread] p1a,p1b\n|-damage|p1a: Audino|39/100\n|-heal|p2b: Sinistcha|67/100 par|[from] drain|[of] p1a: Audino\n|-damage|p1b: Passimian|0 fnt\n|-heal|p2b: Sinistcha|71/100 par|[from] drain|[of] p1b: Passimian\n|faint|p1b: Passimian\n|\n|-heal|p2a: Kommo-o|43/100 par|[from] item: Leftovers\n|upkeep\n|\n|t:|1776100325\n|switch|p1b: Dragonite|Dragonite, L50, M|100/100\n|turn|8\n|\n|t:|1776100333\n|move|p2a: Kommo-o|Protect|p2a: Kommo-o\n|-singleturn|p2a: Kommo-o|Protect\n|move|p1b: Dragonite|Dragon Claw|p2a: Kommo-o\n|-activate|p2a: Kommo-o|move: Protect\n|move|p1a: Audino|Calm Mind|p1a: Audino\n|-boost|p1a: Audino|spa|1\n|-boost|p1a: Audino|spd|1\n|move|p2b: Sinistcha|Life Dew|p2b: Sinistcha|[spread] p2a,p2b\n|-heal|p2a: Kommo-o|68/100 par\n|-heal|p2b: Sinistcha|97/100 par\n|\n|-heal|p2a: Kommo-o|74/100 par|[from] item: Leftovers\n|upkeep\n|turn|9\n|\n|t:|1776100352\n|move|p1b: Dragonite|Dragon Claw|p2a: Kommo-o\n|-supereffective|p2a: Kommo-o|1\n|-damage|p2a: Kommo-o|0 fnt\n|faint|p2a: Kommo-o\n|move|p1a: Audino|Hyper Voice|p2b: Sinistcha\n|-immune|p2b: Sinistcha\n|move|p2b: Sinistcha|Matcha Gotcha|p1b: Dragonite|[spread] p1a,p1b\n|-resisted|p1b: Dragonite|2\n|-damage|p1a: Audino|33/100\n|-heal|p2b: Sinistcha|100/100 par|[from] drain|[of] p1a: Audino\n|-damage|p1b: Dragonite|98/100\n|-status|p1a: Audino|brn\n|\n|-heal|p1b: Dragonite|100/100|[from] item: Leftovers\n|-damage|p1a: Audino|27/100 brn|[from] brn\n|upkeep\n|\n|t:|1776100367\n|switch|p2a: Rotom|Rotom-Wash, L50|100/100\n|turn|10\n|\n|t:|1776100378\n|cant|p2b: Sinistcha|par\n|move|p2a: Rotom|Will-O-Wisp|p1b: Dragonite\n|-status|p1b: Dragonite|brn\n|move|p1b: Dragonite|Dragon Claw|p2b: Sinistcha\n|-damage|p2b: Sinistcha|80/100 par\n|move|p1a: Audino|Hyper Voice|p2a: Rotom|[spread] p2a\n|-immune|p2b: Sinistcha\n|-damage|p2a: Rotom|54/100\n|\n|-damage|p1b: Dragonite|94/100 brn|[from] brn\n|-damage|p1a: Audino|20/100 brn|[from] brn\n|upkeep\n|turn|11\n|\n|t:|1776100395\n|move|p2a: Rotom|Protect|p2a: Rotom\n|-singleturn|p2a: Rotom|Protect\n|move|p1b: Dragonite|Dragon Claw|p2b: Sinistcha\n|-damage|p2b: Sinistcha|61/100 par\n|move|p1a: Audino|Hyper Voice|p2a: Rotom|[spread] \n|-activate|p2a: Rotom|move: Protect\n|-immune|p2b: Sinistcha\n|move|p2b: Sinistcha|Matcha Gotcha|p1b: Dragonite|[spread] p1a,p1b\n|-resisted|p1b: Dragonite|2\n|-damage|p1a: Audino|15/100 brn\n|-heal|p2b: Sinistcha|64/100 par|[from] drain|[of] p1a: Audino\n|-damage|p1b: Dragonite|89/100 brn\n|-heal|p2b: Sinistcha|67/100 par|[from] drain|[of] p1b: Dragonite\n|\n|-heal|p1b: Dragonite|95/100 brn|[from] item: Leftovers\n|-activate|p1a: Audino|ability: Healer\n|-curestatus|p1b: Dragonite|brn|[msg]\n|-damage|p1a: Audino|9/100 brn|[from] brn\n|upkeep\n|turn|12\n|inactive|jojohhhh has 30 seconds left.\n|\n|t:|1776100421\n|move|p2a: Rotom|Thunderbolt|p1b: Dragonite\n|-damage|p1b: Dragonite|65/100\n|move|p1b: Dragonite|Dragon Claw|p2b: Sinistcha\n|-damage|p2b: Sinistcha|31/100 par\n|-enditem|p2b: Sinistcha|Sitrus Berry|[eat]\n|-heal|p2b: Sinistcha|56/100 par|[from] item: Sitrus Berry\n|move|p1a: Audino|Hyper Voice|p2a: Rotom|[spread] p2a\n|-immune|p2b: Sinistcha\n|-damage|p2a: Rotom|6/100\n|move|p2b: Sinistcha|Life Dew|p2b: Sinistcha|[spread] p2a,p2b\n|-heal|p2a: Rotom|30/100\n|-heal|p2b: Sinistcha|81/100 par\n|\n|-heal|p1b: Dragonite|71/100|[from] item: Leftovers\n|-damage|p1a: Audino|2/100 brn|[from] brn\n|upkeep\n|turn|13\n|\n|t:|1776100442\n|move|p2b: Sinistcha|Rage Powder|p2b: Sinistcha\n|-singleturn|p2b: Sinistcha|move: Rage Powder\n|move|p2a: Rotom|Thunderbolt|p1a: Audino\n|-damage|p1a: Audino|0 fnt\n|faint|p1a: Audino\n|move|p1b: Dragonite|Dragon Claw|p2b: Sinistcha\n|-damage|p2b: Sinistcha|42/100 par\n|\n|-heal|p1b: Dragonite|77/100|[from] item: Leftovers\n|upkeep\n|turn|14\n|\n|t:|1776100456\n|move|p2a: Rotom|Thunderbolt|p1b: Dragonite\n|-damage|p1b: Dragonite|45/100\n|move|p1b: Dragonite|Rock Slide|p2b: Sinistcha|[spread] p2a,p2b\n|-damage|p2a: Rotom|8/100\n|-damage|p2b: Sinistcha|24/100 par\n|move|p2b: Sinistcha|Life Dew|p2b: Sinistcha|[spread] p2a,p2b\n|-heal|p2a: Rotom|32/100\n|-heal|p2b: Sinistcha|49/100 par\n|\n|-heal|p1b: Dragonite|51/100|[from] item: Leftovers\n|upkeep\n|turn|15\n|-message|jojohhhh forfeited.\n|\n|win|porygon-epilepz\n|raw|jojohhhh's rating: 1020 &rarr; <strong>1010</strong><br />(-10 for losing)\n|raw|porygon-epilepz's rating: 1110 &rarr; <strong>1129</strong><br />(+19 for winning)\n",
  "uploadtime": 1776100095,
  "views": 15,
  "formatid": "gen9championsvgc2026regma",
  "rating": 1010,
  "private": 0,
  "password": null
}