{
  "id": "gen9championsvgc2026regma-2582983273",
  "format": "[Gen 9 Champions] VGC 2026 Reg M-A",
  "players": [
    "UnloshTheWash",
    "your amazing mum"
  ],
  "log": "|j|\u203dUnloshTheWash\n|j|\u2606your amazing mum\n|t:|1776130667\n|gametype|doubles\n|player|p1|UnloshTheWash|red|1300\n|player|p2|your amazing mum|lenora|1302\n|gen|9\n|tier|[Gen 9 Champions] VGC 2026 Reg M-A\n|rated|\n|rule|Species Clause: Limit one of each Pok\u00e9mon\n|rule|Item Clause: Limit 1 of each item\n|clearpoke\n|poke|p1|Delphox, L50, F|\n|poke|p1|Mamoswine, L50, F|\n|poke|p1|Orthworm, L50, M|\n|poke|p1|Rotom-Wash, L50|\n|poke|p1|Maushold-Four, L50|\n|poke|p1|Sneasler, L50, M|\n|poke|p2|Farigiraf, L50, M|\n|poke|p2|Empoleon, L50, M|\n|poke|p2|Tyranitar, L50, F|\n|poke|p2|Excadrill, L50, M|\n|poke|p2|Meganium, L50, M|\n|poke|p2|Pelipper, L50, F|\n|teampreview|4\n|\n|t:|1776130696\n|teamsize|p1|4\n|teamsize|p2|4\n|start\n|switch|p1a: Maushold|Maushold-Four, L50|100/100\n|switch|p1b: Orthworm|Orthworm, L50, M|100/100\n|switch|p2a: Excadrill|Excadrill, L50, M|100/100\n|switch|p2b: Empoleon|Empoleon, L50, M|100/100\n|turn|1\n|\n|t:|1776130715\n|switch|p2a: Pelipper|Pelipper, L50, F|100/100\n|-weather|RainDance|[from] ability: Drizzle|[of] p2a: Pelipper\n|move|p1a: Maushold|Super Fang|p2a: Pelipper|[miss]\n|-miss|p1a: Maushold|p2a: Pelipper\n|move|p1b: Orthworm|Body Press|p2a: Pelipper\n|-resisted|p2a: Pelipper|1\n|-damage|p2a: Pelipper|90/100\n|move|p2b: Empoleon|Surf|p1a: Maushold|[spread] p2a,p1a,p1b\n|-resisted|p2a: Pelipper|1\n|-damage|p2a: Pelipper|60/100\n|-damage|p1a: Maushold|45/100\n|-damage|p1b: Orthworm|54/100\n|\n|-weather|RainDance|[upkeep]\n|upkeep\n|turn|2\n|\n|t:|1776130733\n|move|p2a: Pelipper|Helping Hand|p2b: Empoleon\n|-singleturn|p2b: Empoleon|Helping Hand|[of] p2a: Pelipper\n|move|p1a: Maushold|Taunt|p2a: Pelipper\n|-start|p2a: Pelipper|move: Taunt\n|move|p1b: Orthworm|Body Press|p2b: Empoleon\n|-supereffective|p2b: Empoleon|1\n|-enditem|p2b: Empoleon|Chople Berry|[eat]\n|-enditem|p2b: Empoleon|Chople Berry|[weaken]\n|-damage|p2b: Empoleon|70/100\n|move|p2b: Empoleon|Surf|p1a: Maushold|[spread] p2a,p1a,p1b\n|-resisted|p2a: Pelipper|1\n|-damage|p2a: Pelipper|12/100\n|-damage|p1a: Maushold|0 fnt\n|-damage|p1b: Orthworm|0 fnt\n|faint|p1a: Maushold\n|faint|p1b: Orthworm\n|\n|-weather|RainDance|[upkeep]\n|upkeep\n|\n|t:|1776130740\n|switch|p1a: Sneasler|Sneasler, L50, M|100/100\n|switch|p1b: Delphox|Delphox, L50, F|100/100\n|turn|3\n|\n|t:|1776130750\n|detailschange|p1b: Delphox|Delphox-Mega, L50, F\n|-mega|p1b: Delphox|Delphox|Delphoxite\n|move|p2b: Empoleon|Protect|p2b: Empoleon\n|-singleturn|p2b: Empoleon|Protect\n|move|p1b: Delphox|Psychic|p2a: Pelipper\n|-damage|p2a: Pelipper|0 fnt\n|faint|p2a: Pelipper\n|move|p1a: Sneasler|Close Combat|p2b: Empoleon\n|-activate|p2b: Empoleon|move: Protect\n|\n|-weather|RainDance|[upkeep]\n|upkeep\n|\n|t:|1776130760\n|switch|p2a: Excadrill|Excadrill, L50, M|100/100\n|turn|4\n|\n|t:|1776130778\n|move|p2a: Excadrill|Protect|p2a: Excadrill\n|-singleturn|p2a: Excadrill|Protect\n|move|p1b: Delphox|Heat Wave|p2b: Empoleon|[spread] p2b\n|-activate|p2a: Excadrill|move: Protect\n|-damage|p2b: Empoleon|51/100\n|move|p1a: Sneasler|Close Combat|p2b: Empoleon\n|-supereffective|p2b: Empoleon|1\n|-damage|p2b: Empoleon|0 fnt\n|-unboost|p1a: Sneasler|def|1\n|-unboost|p1a: Sneasler|spd|1\n|faint|p2b: Empoleon\n|-enditem|p1a: Sneasler|White Herb\n|-clearnegativeboost|p1a: Sneasler|[silent]\n|\n|-weather|RainDance|[upkeep]\n|upkeep\n|\n|t:|1776130787\n|switch|p2b: Tyranitar|Tyranitar, L50, F|100/100\n|-weather|Sandstorm|[from] ability: Sand Stream|[of] p2b: Tyranitar\n|turn|5\n|\n|t:|1776130797\n|detailschange|p2b: Tyranitar|Tyranitar-Mega, L50, F\n|-mega|p2b: Tyranitar|Tyranitar|Tyranitarite\n|move|p1a: Sneasler|Protect|p1a: Sneasler\n|-singleturn|p1a: Sneasler|Protect\n|move|p1b: Delphox|Protect|p1b: Delphox\n|-singleturn|p1b: Delphox|Protect\n|move|p2a: Excadrill|High Horsepower|p1a: Sneasler\n|-activate|p1a: Sneasler|move: Protect\n|move|p2b: Tyranitar|Rock Slide|p1b: Delphox|[spread] \n|-activate|p1a: Sneasler|move: Protect\n|-activate|p1b: Delphox|move: Protect\n|\n|-weather|Sandstorm|[upkeep]\n|-damage|p1a: Sneasler|94/100|[from] Sandstorm\n|-damage|p1b: Delphox|94/100|[from] Sandstorm\n|upkeep\n|turn|6\n|\n|t:|1776130816\n|move|p1a: Sneasler|Close Combat|p2b: Tyranitar\n|-supereffective|p2b: Tyranitar|2\n|-damage|p2b: Tyranitar|0 fnt\n|-unboost|p1a: Sneasler|def|1\n|-unboost|p1a: Sneasler|spd|1\n|faint|p2b: Tyranitar\n|move|p2a: Excadrill|High Horsepower|p1a: Sneasler|[miss]\n|-miss|p2a: Excadrill|p1a: Sneasler\n|move|p1b: Delphox|Heat Wave|p2a: Excadrill\n|-supereffective|p2a: Excadrill|1\n|-enditem|p2a: Excadrill|Focus Sash\n|-damage|p2a: Excadrill|1/100\n|-status|p2a: Excadrill|brn\n|\n|-weather|Sandstorm|[upkeep]\n|-damage|p1a: Sneasler|88/100|[from] Sandstorm\n|-damage|p1b: Delphox|88/100|[from] Sandstorm\n|-damage|p2a: Excadrill|0 fnt|[from] brn\n|faint|p2a: Excadrill\n|\n|win|UnloshTheWash\n|raw|UnloshTheWash's rating: 1300 &rarr; <strong>1325</strong><br />(+25 for winning)\n|raw|your amazing mum's rating: 1302 &rarr; <strong>1282</strong><br />(-20 for losing)\n",
  "uploadtime": 1776130832,
  "views": 21,
  "formatid": "gen9championsvgc2026regma",
  "rating": 1282,
  "private": 0,
  "password": null
}