{
  "id": "gen9championsvgc2026regma-2586533146",
  "format": "[Gen 9 Champions] VGC 2026 Reg M-A",
  "players": [
    "hoover5722",
    "dylvgc"
  ],
  "log": "|j|\u2606hoover5722\n|j|\u2606dylvgc\n|t:|1776441210\n|gametype|doubles\n|player|p1|hoover5722|170|1238\n|player|p2|dylvgc|lida|1163\n|gen|9\n|tier|[Gen 9 Champions] VGC 2026 Reg M-A\n|rated|\n|rule|Species Clause: Limit one of each Pok\u00e9mon\n|rule|Item Clause: Limit 1 of each item\n|clearpoke\n|poke|p1|Talonflame, L50, F|\n|poke|p1|Archaludon, L50, M|\n|poke|p1|Sinistcha, L50|\n|poke|p1|Glimmora, L50, F|\n|poke|p1|Lycanroc-Dusk, L50, M|\n|poke|p1|Rotom-Wash, L50|\n|poke|p2|Charizard, L50, M|\n|poke|p2|Milotic, L50, F|\n|poke|p2|Sinistcha, L50|\n|poke|p2|Incineroar, L50, M|\n|poke|p2|Gardevoir, L50, F|\n|poke|p2|Corviknight, L50, M|\n|teampreview|4\n|\n|t:|1776441249\n|teamsize|p1|4\n|teamsize|p2|4\n|start\n|switch|p1a: Talonflame|Talonflame, L50, F|100/100\n|switch|p1b: Glimmora|Glimmora, L50, F|100/100\n|switch|p2a: Incineroar|Incineroar, L50, M|100/100\n|switch|p2b: Gardevoir|Gardevoir, L50, F|100/100\n|-ability|p2b: Gardevoir|Gale Wings|Trace|[from] ability: Trace|[of] p1a: Talonflame\n|-ability|p2a: Incineroar|Intimidate|boost\n|-unboost|p1a: Talonflame|atk|1\n|-unboost|p1b: Glimmora|atk|1\n|turn|1\n|\n|t:|1776441265\n|detailschange|p2b: Gardevoir|Gardevoir-Mega, L50, F\n|-mega|p2b: Gardevoir|Gardevoir|Gardevoirite\n|move|p1a: Talonflame|Protect|p1a: Talonflame\n|-singleturn|p1a: Talonflame|Protect\n|move|p1b: Glimmora|Spiky Shield|p1b: Glimmora\n|-singleturn|p1b: Glimmora|move: Protect\n|move|p2a: Incineroar|Fake Out|p1b: Glimmora\n|-activate|p1b: Glimmora|move: Protect\n|-damage|p2a: Incineroar|88/100|[from] Spiky Shield|[of] p1b: Glimmora\n|move|p2b: Gardevoir|Trick Room|p2b: Gardevoir\n|-fieldstart|move: Trick Room|[of] p2b: Gardevoir\n|\n|upkeep\n|turn|2\n|\n|t:|1776441284\n|switch|p1a: Archaludon|Archaludon, L50, M|100/100\n|detailschange|p1b: Glimmora|Glimmora-Mega, L50, F\n|-mega|p1b: Glimmora|Glimmora|Glimmoranite\n|move|p2a: Incineroar|Darkest Lariat|p1a: Archaludon\n|-damage|p1a: Archaludon|75/100\n|-ability|p1a: Archaludon|Stamina|boost\n|-boost|p1a: Archaludon|def|1\n|move|p2b: Gardevoir|Psyshock|p1b: Glimmora\n|-supereffective|p1b: Glimmora|1\n|-damage|p1b: Glimmora|17/100\n|move|p1b: Glimmora|Sludge Bomb|p2b: Gardevoir\n|-supereffective|p2b: Gardevoir|1\n|-damage|p2b: Gardevoir|0 fnt\n|faint|p2b: Gardevoir\n|\n|-heal|p1a: Archaludon|81/100|[from] item: Leftovers\n|upkeep\n|\n|t:|1776441302\n|switch|p2b: Milotic|Milotic, L50, F|100/100\n|turn|3\n|\n|t:|1776441318\n|switch|p1b: Rotom|Rotom-Wash, L50|100/100\n|move|p2a: Incineroar|Parting Shot|p1a: Archaludon\n|-unboost|p1a: Archaludon|atk|1\n|-unboost|p1a: Archaludon|spa|1\n|\n|t:|1776441324\n|switch|p2a: Sinistcha|Sinistcha, L50|100/100|[from] Parting Shot\n|move|p1a: Archaludon|Electro Shot||[still]\n|-prepare|p1a: Archaludon|Electro Shot\n|-boost|p1a: Archaludon|spa|1\n|move|p2b: Milotic|Scald|p1a: Archaludon\n|-resisted|p1a: Archaludon|1\n|-damage|p1a: Archaludon|64/100\n|-status|p1a: Archaludon|brn\n|-ability|p1a: Archaludon|Stamina|boost\n|-boost|p1a: Archaludon|def|1\n|\n|-heal|p1a: Archaludon|71/100 brn|[from] item: Leftovers\n|-damage|p1a: Archaludon|64/100 brn|[from] brn\n|upkeep\n|turn|4\n|\n|t:|1776441349\n|move|p2a: Sinistcha|Matcha Gotcha|p1b: Rotom|[spread] p1a,p1b\n|-resisted|p1a: Archaludon|2\n|-supereffective|p1b: Rotom|1\n|-enditem|p1b: Rotom|Rindo Berry|[eat]\n|-enditem|p1b: Rotom|Rindo Berry|[weaken]\n|-damage|p1a: Archaludon|58/100 brn\n|-damage|p1b: Rotom|76/100\n|-ability|p1a: Archaludon|Stamina|boost\n|-boost|p1a: Archaludon|def|1\n|move|p1a: Archaludon|Electro Shot|p2b: Milotic|[from] lockedmove\n|-supereffective|p2b: Milotic|1\n|-enditem|p2b: Milotic|Wacan Berry|[eat]\n|-enditem|p2b: Milotic|Wacan Berry|[weaken]\n|-damage|p2b: Milotic|71/100\n|move|p1b: Rotom|Shadow Ball|p2a: Sinistcha\n|-supereffective|p2a: Sinistcha|1\n|-damage|p2a: Sinistcha|58/100\n|-unboost|p2a: Sinistcha|spd|1\n|move|p2b: Milotic|Scald|p1b: Rotom\n|-resisted|p1b: Rotom|1\n|-damage|p1b: Rotom|60/100\n|\n|-heal|p1a: Archaludon|64/100 brn|[from] item: Leftovers\n|-damage|p1a: Archaludon|58/100 brn|[from] brn\n|upkeep\n|turn|5\n|\n|t:|1776441378\n|move|p2a: Sinistcha|Matcha Gotcha|p1b: Rotom|[spread] p1a,p1b\n|-resisted|p1a: Archaludon|2\n|-supereffective|p1b: Rotom|1\n|-damage|p1a: Archaludon|52/100 brn\n|-heal|p2a: Sinistcha|61/100|[from] drain|[of] p1a: Archaludon\n|-damage|p1b: Rotom|7/100\n|-heal|p2a: Sinistcha|85/100|[from] drain|[of] p1b: Rotom\n|-status|p1b: Rotom|brn\n|-ability|p1a: Archaludon|Stamina|boost\n|-boost|p1a: Archaludon|def|1\n|move|p1a: Archaludon|Draco Meteor|p2a: Sinistcha|[miss]\n|-miss|p1a: Archaludon|p2a: Sinistcha\n|move|p1b: Rotom|Thunderbolt|p2b: Milotic\n|-supereffective|p2b: Milotic|1\n|-damage|p2b: Milotic|16/100\n|move|p2b: Milotic|Scald|p1b: Rotom\n|-resisted|p1b: Rotom|1\n|-damage|p1b: Rotom|0 fnt\n|faint|p1b: Rotom\n|\n|-heal|p1a: Archaludon|58/100 brn|[from] item: Leftovers\n|-damage|p1a: Archaludon|52/100 brn|[from] brn\n|-fieldend|move: Trick Room\n|upkeep\n|\n|t:|1776441396\n|switch|p1b: Talonflame|Talonflame, L50, F|100/100\n|turn|6\n|\n|t:|1776441413\n|switch|p2a: Incineroar|Incineroar, L50, M|88/100\n|-ability|p2a: Incineroar|Intimidate|boost\n|-unboost|p1a: Archaludon|atk|1\n|-unboost|p1b: Talonflame|atk|1\n|move|p2b: Milotic|Protect|p2b: Milotic\n|-singleturn|p2b: Milotic|Protect\n|move|p1b: Talonflame|Tailwind|p1b: Talonflame\n|-sidestart|p1: hoover5722|move: Tailwind\n|move|p1a: Archaludon|Aura Sphere|p2b: Milotic\n|-activate|p2b: Milotic|move: Protect\n|\n|-heal|p1a: Archaludon|58/100 brn|[from] item: Leftovers\n|-damage|p1a: Archaludon|52/100 brn|[from] brn\n|upkeep\n|turn|7\n|\n|t:|1776441429\n|switch|p2b: Sinistcha|Sinistcha, L50|85/100\n|-heal|p2a: Incineroar|100/100|[from] ability: Hospitality|[of] p2b: Sinistcha\n|move|p1b: Talonflame|Protect|p1b: Talonflame\n|-singleturn|p1b: Talonflame|Protect\n|move|p1a: Archaludon|Protect|p1a: Archaludon\n|-singleturn|p1a: Archaludon|Protect\n|move|p2a: Incineroar|Darkest Lariat|p1b: Talonflame\n|-activate|p1b: Talonflame|move: Protect\n|\n|-heal|p1a: Archaludon|58/100 brn|[from] item: Leftovers\n|-damage|p1a: Archaludon|52/100 brn|[from] brn\n|upkeep\n|turn|8\n|\n|t:|1776441451\n|move|p1b: Talonflame|Dual Wingbeat|p2b: Sinistcha\n|-supereffective|p2b: Sinistcha|1\n|-damage|p2b: Sinistcha|64/100\n|-supereffective|p2b: Sinistcha|1\n|-damage|p2b: Sinistcha|41/100\n|-enditem|p2b: Sinistcha|Sitrus Berry|[eat]\n|-heal|p2b: Sinistcha|65/100|[from] item: Sitrus Berry\n|-hitcount|p2b: Sinistcha|2\n|move|p1a: Archaludon|Aura Sphere|p2a: Incineroar\n|-supereffective|p2a: Incineroar|1\n|-damage|p2a: Incineroar|57/100\n|move|p2b: Sinistcha|Strength Sap|p1b: Talonflame\n|-unboost|p1b: Talonflame|atk|1\n|-heal|p2b: Sinistcha|100/100\n|move|p2a: Incineroar|Darkest Lariat|p1a: Archaludon\n|-damage|p1a: Archaludon|26/100 brn\n|-ability|p1a: Archaludon|Stamina|boost\n|-boost|p1a: Archaludon|def|1\n|\n|-heal|p1a: Archaludon|32/100 brn|[from] item: Leftovers\n|-damage|p1a: Archaludon|26/100 brn|[from] brn\n|upkeep\n|turn|9\n|\n|t:|1776441499\n|move|p1b: Talonflame|Protect|p1b: Talonflame\n|-singleturn|p1b: Talonflame|Protect\n|move|p1a: Archaludon|Protect|p1a: Archaludon\n|-singleturn|p1a: Archaludon|Protect\n|move|p2b: Sinistcha|Rage Powder|p2b: Sinistcha\n|-singleturn|p2b: Sinistcha|move: Rage Powder\n|move|p2a: Incineroar|Darkest Lariat|p1a: Archaludon\n|-activate|p1a: Archaludon|move: Protect\n|\n|-heal|p1a: Archaludon|32/100 brn|[from] item: Leftovers\n|-damage|p1a: Archaludon|26/100 brn|[from] brn\n|-sideend|p1: hoover5722|move: Tailwind\n|upkeep\n|turn|10\n|\n|t:|1776441517\n|switch|p2b: Milotic|Milotic, L50, F|16/100\n|move|p1b: Talonflame|Dual Wingbeat|p2a: Incineroar\n|-damage|p2a: Incineroar|50/100\n|-damage|p2a: Incineroar|45/100\n|-hitcount|p2a: Incineroar|2\n|move|p1a: Archaludon|Aura Sphere|p2a: Incineroar\n|-supereffective|p2a: Incineroar|1\n|-damage|p2a: Incineroar|2/100\n|move|p2a: Incineroar|Parting Shot|p1a: Archaludon\n|-unboost|p1a: Archaludon|atk|1\n|-unboost|p1a: Archaludon|spa|1\n|\n|t:|1776441529\n|switch|p2a: Sinistcha|Sinistcha, L50|100/100|[from] Parting Shot\n|-heal|p2b: Milotic|40/100|[from] ability: Hospitality|[of] p2a: Sinistcha\n|\n|-heal|p1a: Archaludon|32/100 brn|[from] item: Leftovers\n|-damage|p1a: Archaludon|26/100 brn|[from] brn\n|upkeep\n|turn|11\n|\n|t:|1776441555\n|switch|p1b: Glimmora|Glimmora-Mega, L50, F|17/100\n|switch|p2a: Incineroar|Incineroar, L50, M|2/100\n|-ability|p2a: Incineroar|Intimidate|boost\n|-unboost|p1a: Archaludon|atk|1\n|-unboost|p1b: Glimmora|atk|1\n|move|p2b: Milotic|Scald|p1b: Glimmora\n|-supereffective|p1b: Glimmora|1\n|-damage|p1b: Glimmora|0 fnt\n|faint|p1b: Glimmora\n|move|p1a: Archaludon|Electro Shot||[still]\n|-prepare|p1a: Archaludon|Electro Shot\n|-boost|p1a: Archaludon|spa|1\n|\n|-heal|p1a: Archaludon|32/100 brn|[from] item: Leftovers\n|-damage|p1a: Archaludon|26/100 brn|[from] brn\n|upkeep\n|\n|t:|1776441567\n|switch|p1b: Talonflame|Talonflame, L50, F|100/100\n|turn|12\n|\n|t:|1776441589\n|move|p2a: Incineroar|Fake Out|p1a: Archaludon\n|-resisted|p1a: Archaludon|1\n|-damage|p1a: Archaludon|25/100 brn\n|-ability|p1a: Archaludon|Stamina|boost\n|-boost|p1a: Archaludon|def|1\n|move|p1b: Talonflame|Dual Wingbeat|p2a: Incineroar\n|-damage|p2a: Incineroar|0 fnt\n|faint|p2a: Incineroar\n|-hitcount|p2: Incineroar|1\n|move|p2b: Milotic|Scald|p1b: Talonflame\n|-supereffective|p1b: Talonflame|1\n|-enditem|p1b: Talonflame|Focus Sash\n|-damage|p1b: Talonflame|1/100\n|cant|p1a: Archaludon|flinch\n|\n|-heal|p1a: Archaludon|31/100 brn|[from] item: Leftovers\n|-damage|p1a: Archaludon|25/100 brn|[from] brn\n|upkeep\n|\n|t:|1776441605\n|switch|p2a: Sinistcha|Sinistcha, L50|100/100\n|-heal|p2b: Milotic|65/100|[from] ability: Hospitality|[of] p2a: Sinistcha\n|turn|13\n|\n|t:|1776441624\n|move|p1b: Talonflame|Protect|p1b: Talonflame\n|-singleturn|p1b: Talonflame|Protect\n|move|p2b: Milotic|Icy Wind|p1a: Archaludon|[spread] p1a\n|-activate|p1b: Talonflame|move: Protect\n|-damage|p1a: Archaludon|15/100 brn\n|-unboost|p1a: Archaludon|spe|1\n|move|p2a: Sinistcha|Shadow Ball|p1a: Archaludon\n|-damage|p1a: Archaludon|0 fnt\n|faint|p1a: Archaludon\n|\n|upkeep\n|turn|14\n|-message|hoover5722 forfeited.\n|\n|win|dylvgc\n|raw|hoover5722's rating: 1238 &rarr; <strong>1208</strong><br />(-30 for losing)\n|raw|dylvgc's rating: 1163 &rarr; <strong>1193</strong><br />(+30 for winning)\n|l|\u2606hoover5722\n|player|p1|\n",
  "uploadtime": 1776441646,
  "views": 21,
  "formatid": "gen9championsvgc2026regma",
  "rating": 1193,
  "private": 0,
  "password": null
}