{
  "id": "gen9championsvgc2026regma-2583774750",
  "format": "[Gen 9 Champions] VGC 2026 Reg M-A",
  "players": [
    "CODZ-UWWU",
    "bo1scammer"
  ],
  "log": "|j|\u2606CODZ-UWWU\n|j|\u2606bo1scammer\n|t:|1776196818\n|gametype|doubles\n|player|p1|CODZ-UWWU|miku-ghost|1153\n|player|p2|bo1scammer|rocketgruntf|1093\n|gen|9\n|tier|[Gen 9 Champions] VGC 2026 Reg M-A\n|rated|\n|rule|Species Clause: Limit one of each Pok\u00e9mon\n|rule|Item Clause: Limit 1 of each item\n|clearpoke\n|poke|p1|Dragonite, L50, F|\n|poke|p1|Politoed, L50, F|\n|poke|p1|Archaludon, L50, F|\n|poke|p1|Basculegion, L50, M|\n|poke|p1|Sinistcha, L50|\n|poke|p1|Incineroar, L50, M|\n|poke|p2|Incineroar, L50, M|\n|poke|p2|Floette-Eternal, L50, F|\n|poke|p2|Sneasler, L50, M|\n|poke|p2|Aerodactyl, L50, M|\n|poke|p2|Garchomp, L50, F|\n|poke|p2|Sinistcha, L50|\n|teampreview|4\n|\n|t:|1776196866\n|teamsize|p1|4\n|teamsize|p2|4\n|start\n|switch|p1a: Basculegion|Basculegion, L50, M|100/100\n|switch|p1b: Politoed|Politoed, L50, F, shiny|100/100\n|switch|p2a: Aerodactyl|Aerodactyl, L50, M|100/100\n|switch|p2b: Garchomp|Garchomp, L50, F, shiny|100/100\n|-ability|p2a: Aerodactyl|Unnerve\n|-weather|RainDance|[from] ability: Drizzle|[of] p1b: Politoed\n|turn|1\n|\n|t:|1776196878\n|move|p2b: Garchomp|Earthquake|p1a: Basculegion|[spread] p1a,p1b\n|-immune|p2a: Aerodactyl\n|-damage|p1a: Basculegion|48/100\n|-damage|p1b: Politoed|50/100\n|move|p1a: Basculegion|Flip Turn|p2a: Aerodactyl\n|-supereffective|p2a: Aerodactyl|1\n|-enditem|p2a: Aerodactyl|Focus Sash\n|-damage|p2a: Aerodactyl|1/100\n|\n|t:|1776196889\n|switch|p1a: Dragonite|Dragonite, L50, F, shiny|100/100|[from] Flip Turn\n|move|p2a: Aerodactyl|Tailwind|p2a: Aerodactyl\n|-sidestart|p2: bo1scammer|move: Tailwind\n|move|p1b: Politoed|Icy Wind|p2b: Garchomp|[spread] p2a\n|-miss|p1b: Politoed|p2b: Garchomp\n|-supereffective|p2a: Aerodactyl|1\n|-damage|p2a: Aerodactyl|0 fnt\n|-enditem|p1b: Politoed|Sitrus Berry|[eat]\n|-heal|p1b: Politoed|74/100|[from] item: Sitrus Berry\n|faint|p2a: Aerodactyl\n|\n|-weather|RainDance|[upkeep]\n|upkeep\n|\n|t:|1776196909\n|switch|p2a: Sneasler|Sneasler, L50, M|100/100\n|turn|2\n|\n|t:|1776196929\n|switch|p2b: Floette|Floette-Eternal, L50, F|100/100\n|move|p1a: Dragonite|Protect|p1a: Dragonite\n|-singleturn|p1a: Dragonite|Protect\n|move|p2a: Sneasler|Fake Out|p1a: Dragonite\n|-activate|p1a: Dragonite|move: Protect\n|move|p1b: Politoed|Encore|p2a: Sneasler\n|-start|p2a: Sneasler|Encore\n|\n|-weather|RainDance|[upkeep]\n|upkeep\n|turn|3\n|\n|t:|1776196952\n|switch|p2a: Garchomp|Garchomp, L50, F, shiny|100/100\n|detailschange|p2b: Floette|Floette-Mega, L50, F\n|-mega|p2b: Floette|Floette|Floettite\n|-ability|p2b: Floette|Fairy Aura\n|detailschange|p1a: Dragonite|Dragonite-Mega, L50, F, shiny\n|-mega|p1a: Dragonite|Dragonite|Dragoninite\n|move|p2b: Floette|Light of Ruin|p1a: Dragonite\n|-supereffective|p1a: Dragonite|1\n|-damage|p1a: Dragonite|0 fnt\n|faint|p1a: Dragonite\n|-damage|p2b: Floette|46/100|[from] Recoil\n|move|p1b: Politoed|Weather Ball|p2b: Floette\n|-damage|p2b: Floette|0 fnt\n|faint|p2b: Floette\n|\n|-weather|RainDance|[upkeep]\n|upkeep\n|\n|t:|1776196974\n|switch|p2b: Sneasler|Sneasler, L50, M|100/100\n|switch|p1a: Basculegion|Basculegion, L50, M|48/100\n|turn|4\n|inactive|Battle timer is ON: inactive players will automatically lose when time's up. (requested by bo1scammer)\n|\n|t:|1776197033\n|switch|p1b: Sinistcha|Sinistcha, L50|100/100\n|-heal|p1a: Basculegion|73/100|[from] ability: Hospitality|[of] p1b: Sinistcha\n|move|p2a: Garchomp|Stomping Tantrum|p1b: Sinistcha\n|-resisted|p1b: Sinistcha|1\n|-crit|p1b: Sinistcha\n|-damage|p1b: Sinistcha|73/100\n|move|p2b: Sneasler|Throat Chop|p1a: Basculegion\n|-supereffective|p1a: Basculegion|1\n|-damage|p1a: Basculegion|0 fnt\n|faint|p1a: Basculegion\n|\n|-weather|RainDance|[upkeep]\n|-heal|p1b: Sinistcha|79/100|[from] item: Leftovers\n|-sideend|p2: bo1scammer|move: Tailwind\n|upkeep\n|\n|t:|1776197044\n|switch|p1a: Politoed|Politoed, L50, F, shiny|74/100\n|turn|5\n|\n|t:|1776197057\n|move|p1b: Sinistcha|Protect|p1b: Sinistcha\n|-singleturn|p1b: Sinistcha|Protect\n|move|p2a: Garchomp|Stomping Tantrum|p1a: Politoed\n|-damage|p1a: Politoed|22/100\n|move|p2b: Sneasler|Throat Chop|p1b: Sinistcha\n|-activate|p1b: Sinistcha|move: Protect\n|move|p1a: Politoed|Icy Wind|p2b: Sneasler|[spread] p2a,p2b\n|-supereffective|p2a: Garchomp|2\n|-crit|p2a: Garchomp\n|-damage|p2a: Garchomp|29/100\n|-damage|p2b: Sneasler|86/100\n|-unboost|p2a: Garchomp|spe|1\n|-unboost|p2b: Sneasler|spe|1\n|-enditem|p2b: Sneasler|White Herb\n|-clearnegativeboost|p2b: Sneasler|[silent]\n|\n|-weather|none\n|-heal|p1b: Sinistcha|85/100|[from] item: Leftovers\n|upkeep\n|turn|6\n|\n|t:|1776197078\n|move|p2b: Sneasler|Throat Chop|p1b: Sinistcha\n|-supereffective|p1b: Sinistcha|1\n|-damage|p1b: Sinistcha|37/100\n|-start|p1b: Sinistcha|Throat Chop|[silent]\n|move|p2a: Garchomp|Stomping Tantrum|p1a: Politoed\n|-damage|p1a: Politoed|0 fnt\n|faint|p1a: Politoed\n|move|p1b: Sinistcha|Matcha Gotcha|p2b: Sneasler|[spread] p2b\n|-miss|p1b: Sinistcha|p2a: Garchomp\n|-resisted|p2b: Sneasler|1\n|-damage|p2b: Sneasler|69/100\n|-heal|p1b: Sinistcha|46/100|[from] drain|[of] p2b: Sneasler\n|-status|p2b: Sneasler|brn\n|\n|-heal|p1b: Sinistcha|52/100|[from] item: Leftovers\n|-damage|p2b: Sneasler|63/100 brn|[from] brn\n|upkeep\n|turn|7\n|l|\u2606CODZ-UWWU\n|inactive|CODZ-UWWU disconnected and has a minute to reconnect!\n|player|p1|\n|inactive|CODZ-UWWU has 30 seconds left.\n|inactive|bo1scammer has 30 seconds left.\n|inactive|CODZ-UWWU has 20 seconds left.\n|inactive|CODZ-UWWU has 15 seconds left.\n|inactive|CODZ-UWWU has 10 seconds left.\n|inactive|CODZ-UWWU has 5 seconds left.\n|-message|CODZ-UWWU lost due to inactivity.\n|\n|win|bo1scammer\n|raw|CODZ-UWWU's rating: 1153 &rarr; <strong>1124</strong><br />(-29 for losing)\n|raw|bo1scammer's rating: 1093 &rarr; <strong>1124</strong><br />(+31 for winning)\n",
  "uploadtime": 1776197133,
  "views": 23,
  "formatid": "gen9championsvgc2026regma",
  "rating": 1124,
  "private": 0,
  "password": null
}