{
  "id": "gen9championsvgc2026regma-2580760585",
  "format": "[Gen 9 Champions] VGC 2026 Reg M-A",
  "players": [
    "freegrgr",
    "debouls"
  ],
  "log": "|j|\u2606freegrgr\n|j|\u2606debouls\n|t:|1775930282\n|gametype|doubles\n|player|p1|freegrgr|dawn|1165\n|player|p2|debouls|266|1141\n|gen|9\n|tier|[Gen 9 Champions] VGC 2026 Reg M-A\n|rated|\n|rule|Species Clause: Limit one of each Pok\u00e9mon\n|rule|Item Clause: Limit 1 of each item\n|clearpoke\n|poke|p1|Floette-Eternal, L50, F|\n|poke|p1|Basculegion-F, L50, F|\n|poke|p1|Sneasler, L50, M|\n|poke|p1|Garchomp, L50, M|\n|poke|p1|Kingambit, L50, M|\n|poke|p1|Aerodactyl, L50, M|\n|poke|p2|Starmie, L50|\n|poke|p2|Sneasler, L50, F|\n|poke|p2|Sinistcha, L50|\n|poke|p2|Kingambit, L50, F|\n|poke|p2|Dragonite, L50, M|\n|poke|p2|Pelipper, L50, M|\n|teampreview|4\n|j| g94655\n|inactive|Battle timer is ON: inactive players will automatically lose when time's up. (requested by freegrgr)\n|\n|t:|1775930316\n|teamsize|p1|4\n|teamsize|p2|4\n|start\n|switch|p1a: Aerodactyl|Aerodactyl, L50, M, shiny|100/100\n|switch|p1b: Floette|Floette-Eternal, L50, F|100/100\n|switch|p2a: Sneasler|Sneasler, L50, F|100/100\n|switch|p2b: Kingambit|Kingambit, L50, F|100/100\n|-ability|p1a: Aerodactyl|Pressure\n|turn|1\n|inactive|debouls has 30 seconds left.\n|inactive|debouls has 20 seconds left.\n|\n|t:|1775930354\n|move|p1a: Aerodactyl|Protect|p1a: Aerodactyl\n|-singleturn|p1a: Aerodactyl|Protect\n|move|p1b: Floette|Protect|p1b: Floette\n|-singleturn|p1b: Floette|Protect\n|move|p2a: Sneasler|Dire Claw|p1b: Floette\n|-activate|p1b: Floette|move: Protect\n|move|p2b: Kingambit|Iron Head|p1a: Aerodactyl\n|-activate|p1a: Aerodactyl|move: Protect\n|\n|upkeep\n|turn|2\n|\n|t:|1775930374\n|detailschange|p1b: Floette|Floette-Mega, L50, F\n|-mega|p1b: Floette|Floette|Floettite\n|-ability|p1b: Floette|Fairy Aura\n|move|p1a: Aerodactyl|Dual Wingbeat|p2a: Sneasler|[miss]\n|-miss|p1a: Aerodactyl|p2a: Sneasler\n|move|p2a: Sneasler|Dire Claw|p1b: Floette\n|-supereffective|p1b: Floette|1\n|-damage|p1b: Floette|7/100\n|-status|p1b: Floette|psn\n|move|p1b: Floette|Light of Ruin|p2b: Kingambit\n|-damage|p2b: Kingambit|0 fnt\n|faint|p2b: Kingambit\n|-damage|p1b: Floette|0 fnt|[from] Recoil\n|faint|p1b: Floette\n|\n|upkeep\n|inactive|freegrgr has 30 seconds left.\n|\n|t:|1775930402\n|switch|p1b: Sneasler|Sneasler, L50, M, shiny|100/100\n|switch|p2b: Pelipper|Pelipper, L50, M|100/100\n|-weather|RainDance|[from] ability: Drizzle|[of] p2b: Pelipper\n|turn|3\n|inactive|debouls has 30 seconds left.\n|inactive|debouls has 20 seconds left.\n|\n|t:|1775930440\n|move|p1b: Sneasler|Fake Out|p2b: Pelipper\n|-damage|p2b: Pelipper|81/100\n|move|p1a: Aerodactyl|Tailwind|p1a: Aerodactyl\n|-sidestart|p1: freegrgr|move: Tailwind\n|cant|p2b: Pelipper|flinch\n|move|p2a: Sneasler|Coaching|p2b: Pelipper\n|-boost|p2b: Pelipper|atk|1\n|-boost|p2b: Pelipper|def|1\n|\n|-weather|RainDance|[upkeep]\n|upkeep\n|turn|4\n|\n|t:|1775930459\n|move|p1a: Aerodactyl|Dual Wingbeat|p2a: Sneasler\n|-supereffective|p2a: Sneasler|1\n|-damage|p2a: Sneasler|31/100\n|-supereffective|p2a: Sneasler|1\n|-damage|p2a: Sneasler|0 fnt\n|faint|p2a: Sneasler\n|-hitcount|p2: Sneasler|2\n|move|p1b: Sneasler|Dire Claw|p2b: Pelipper\n|-damage|p2b: Pelipper|46/100\n|-status|p2b: Pelipper|slp\n|cant|p2b: Pelipper|slp\n|\n|-weather|RainDance|[upkeep]\n|upkeep\n|\n|t:|1775930471\n|switch|p2a: Dragonite|Dragonite, L50, M|100/100\n|turn|5\n|\n|t:|1775930485\n|detailschange|p2a: Dragonite|Dragonite-Mega, L50, M\n|-mega|p2a: Dragonite|Dragonite|Dragoninite\n|move|p1a: Aerodactyl|Rock Slide|p2b: Pelipper|[spread] p2a,p2b\n|-supereffective|p2a: Dragonite|1\n|-supereffective|p2b: Pelipper|1\n|-damage|p2a: Dragonite|80/100\n|-damage|p2b: Pelipper|0 fnt\n|faint|p2b: Pelipper\n|move|p1b: Sneasler|Dire Claw|p2a: Dragonite\n|-damage|p2a: Dragonite|45/100\n|-status|p2a: Dragonite|slp\n|cant|p2a: Dragonite|slp\n|\n|-weather|RainDance|[upkeep]\n|upkeep\n|turn|6\n|\n|t:|1775930505\n|move|p1a: Aerodactyl|Rock Slide|p2a: Dragonite\n|-supereffective|p2a: Dragonite|1\n|-damage|p2a: Dragonite|0 fnt\n|faint|p2a: Dragonite\n|\n|win|freegrgr\n|raw|freegrgr's rating: 1165 &rarr; <strong>1188</strong><br />(+23 for winning)\n|raw|debouls's rating: 1141 &rarr; <strong>1118</strong><br />(-23 for losing)\n|l|\u2606freegrgr\n|player|p1|\n|l| g94655\n",
  "uploadtime": 1775930515,
  "views": 20,
  "formatid": "gen9championsvgc2026regma",
  "rating": 1118,
  "private": 0,
  "password": null
}