{
  "id": "gen9championsvgc2026regma-2585749083",
  "format": "[Gen 9 Champions] VGC 2026 Reg M-A",
  "players": [
    "ChaosStarsz777",
    "grimsley is bi"
  ],
  "log": "|j|\u2606ChaosStarsz777\n|j|\u2606grimsley is bi\n|t:|1776367918\n|gametype|doubles\n|player|p1|ChaosStarsz777|red|1062\n|player|p2|grimsley is bi|grimsley|1139\n|gen|9\n|tier|[Gen 9 Champions] VGC 2026 Reg M-A\n|rated|\n|rule|Species Clause: Limit one of each Pok\u00e9mon\n|rule|Item Clause: Limit 1 of each item\n|clearpoke\n|poke|p1|Delphox, L50, F|\n|poke|p1|Tyranitar, L50, F|\n|poke|p1|Garchomp, L50, M|\n|poke|p1|Gyarados, L50, M|\n|poke|p1|Sinistcha, L50|\n|poke|p1|Rotom-Wash, L50|\n|poke|p2|Pelipper, L50, F|\n|poke|p2|Basculegion, L50, M|\n|poke|p2|Meganium, L50, M|\n|poke|p2|Goodra-Hisui, L50, M|\n|poke|p2|Sinistcha, L50|\n|poke|p2|Incineroar, L50, F|\n|teampreview|4\n|inactive|Battle timer is ON: inactive players will automatically lose when time's up. (requested by ChaosStarsz777)\n|\n|t:|1776367940\n|teamsize|p1|4\n|teamsize|p2|4\n|start\n|switch|p1a: Garchomp|Garchomp, L50, M|100/100\n|switch|p1b: Rotom|Rotom-Wash, L50|100/100\n|switch|p2a: Bellasaura|Meganium, L50, M|100/100\n|switch|p2b: Locket|Goodra-Hisui, L50, M, shiny|100/100\n|turn|1\n|\n|t:|1776367961\n|switch|p2b: White Lie|Incineroar, L50, F, shiny|100/100\n|-ability|p2b: White Lie|Intimidate|boost\n|-unboost|p1a: Garchomp|atk|1\n|-unboost|p1b: Rotom|atk|1\n|detailschange|p2a: Bellasaura|Meganium-Mega, L50, M\n|-mega|p2a: Bellasaura|Meganium|Meganiumite\n|move|p1a: Garchomp|Swords Dance|p1a: Garchomp\n|-boost|p1a: Garchomp|atk|2\n|move|p1b: Rotom|Volt Switch|p2b: White Lie\n|-damage|p2b: White Lie|50/100\n|-enditem|p2b: White Lie|Sitrus Berry|[eat]\n|-heal|p2b: White Lie|75/100|[from] item: Sitrus Berry\n|\n|t:|1776367975\n|switch|p1b: Tyranitar|Tyranitar, L50, F|100/100|[from] Volt Switch\n|-weather|Sandstorm|[from] ability: Sand Stream|[of] p1b: Tyranitar\n|move|p2a: Bellasaura|Dazzling Gleam|p1a: Garchomp|[spread] p1b\n|-miss|p2a: Bellasaura|p1a: Garchomp\n|-supereffective|p1b: Tyranitar|1\n|-damage|p1b: Tyranitar|43/100\n|\n|-weather|Sandstorm|[upkeep]\n|-damage|p2b: White Lie|69/100|[from] Sandstorm\n|-damage|p2a: Bellasaura|95/100|[from] Sandstorm\n|upkeep\n|turn|2\n|\n|t:|1776367993\n|move|p1a: Garchomp|Protect|p1a: Garchomp\n|-singleturn|p1a: Garchomp|Protect\n|move|p1b: Tyranitar|Protect|p1b: Tyranitar\n|-singleturn|p1b: Tyranitar|Protect\n|move|p2b: White Lie|Fake Out|p1a: Garchomp\n|-activate|p1a: Garchomp|move: Protect\n|move|p2a: Bellasaura|Dazzling Gleam|p1b: Tyranitar|[spread] \n|-activate|p1a: Garchomp|move: Protect\n|-activate|p1b: Tyranitar|move: Protect\n|\n|-weather|Sandstorm|[upkeep]\n|-damage|p2b: White Lie|63/100|[from] Sandstorm\n|-damage|p2a: Bellasaura|89/100|[from] Sandstorm\n|upkeep\n|turn|3\n|inactive|ChaosStarsz777 has 30 seconds left.\n|\n|t:|1776368020\n|switch|p1b: Rotom|Rotom-Wash, L50|100/100\n|move|p2a: Bellasaura|Protect|p2a: Bellasaura\n|-singleturn|p2a: Bellasaura|Protect\n|move|p1a: Garchomp|Earthquake|p2a: Bellasaura|[spread] p2b\n|-activate|p2a: Bellasaura|move: Protect\n|-immune|p1b: Rotom|[from] ability: Levitate\n|-supereffective|p2b: White Lie|1\n|-damage|p2b: White Lie|0 fnt\n|faint|p2b: White Lie\n|\n|-weather|Sandstorm|[upkeep]\n|-damage|p1b: Rotom|95/100|[from] Sandstorm\n|-damage|p2a: Bellasaura|83/100|[from] Sandstorm\n|upkeep\n|\n|t:|1776368033\n|switch|p2b: Sinistcha|Sinistcha, L50|100/100\n|-heal|p2a: Bellasaura|100/100|[from] ability: Hospitality|[of] p2b: Sinistcha\n|turn|4\n|inactive|ChaosStarsz777 has 30 seconds left.\n|\n|t:|1776368065\n|move|p1a: Garchomp|Dragon Claw|p2b: Sinistcha\n|-damage|p2b: Sinistcha|33/100\n|move|p1b: Rotom|Thunderbolt|p2a: Bellasaura\n|-resisted|p2a: Bellasaura|1\n|-damage|p2a: Bellasaura|77/100\n|move|p2a: Bellasaura|Dazzling Gleam|p1a: Garchomp|[spread] p1a,p1b\n|-supereffective|p1a: Garchomp|1\n|-damage|p1a: Garchomp|17/100\n|-damage|p1b: Rotom|54/100\n|-enditem|p1a: Garchomp|Sitrus Berry|[eat]\n|-heal|p1a: Garchomp|42/100|[from] item: Sitrus Berry\n|move|p2b: Sinistcha|Matcha Gotcha|p1a: Garchomp|[spread] p1b\n|-miss|p2b: Sinistcha|p1a: Garchomp\n|-supereffective|p1b: Rotom|1\n|-damage|p1b: Rotom|0 fnt\n|-heal|p2b: Sinistcha|59/100|[from] drain|[of] p1b: Rotom\n|faint|p1b: Rotom\n|\n|-weather|Sandstorm|[upkeep]\n|-damage|p2a: Bellasaura|71/100|[from] Sandstorm\n|-damage|p2b: Sinistcha|53/100|[from] Sandstorm\n|upkeep\n|\n|t:|1776368084\n|switch|p1b: Delphox|Delphox, L50, F|100/100\n|turn|5\n|inactive|ChaosStarsz777 has 30 seconds left.\n|\n|t:|1776368113\n|detailschange|p1b: Delphox|Delphox-Mega, L50, F\n|-mega|p1b: Delphox|Delphox|Delphoxite\n|move|p2a: Bellasaura|Protect|p2a: Bellasaura\n|-singleturn|p2a: Bellasaura|Protect\n|move|p1a: Garchomp|Dragon Claw|p2b: Sinistcha\n|-damage|p2b: Sinistcha|0 fnt\n|faint|p2b: Sinistcha\n|move|p1b: Delphox|Heat Wave|p2a: Bellasaura\n|-activate|p2a: Bellasaura|move: Protect\n|\n|-weather|none\n|upkeep\n|\n|t:|1776368122\n|switch|p2b: Locket|Goodra-Hisui, L50, M, shiny|100/100\n|turn|6\n|\n|t:|1776368138\n|move|p1a: Garchomp|Earthquake|p2a: Bellasaura|[spread] p2a,p2b\n|-immune|p1b: Delphox|[from] ability: Levitate\n|-resisted|p2a: Bellasaura|1\n|-supereffective|p2b: Locket|1\n|-damage|p2a: Bellasaura|47/100\n|-damage|p2b: Locket|2/100\n|move|p1b: Delphox|Heat Wave|p2b: Locket|[spread] p2a,p2b\n|-supereffective|p2a: Bellasaura|1\n|-damage|p2a: Bellasaura|0 fnt\n|-damage|p2b: Locket|0 fnt\n|faint|p2a: Bellasaura\n|faint|p2b: Locket\n|\n|win|ChaosStarsz777\n|raw|ChaosStarsz777's rating: 1062 &rarr; <strong>1099</strong><br />(+37 for winning)\n|raw|grimsley is bi's rating: 1139 &rarr; <strong>1109</strong><br />(-30 for losing)\n|l|\u2606grimsley is bi\n|player|p2|\n",
  "uploadtime": 1776368152,
  "views": 20,
  "formatid": "gen9championsvgc2026regma",
  "rating": 1099,
  "private": 0,
  "password": null
}