{
  "id": "gen9championsvgc2026regma-2585883214",
  "format": "[Gen 9 Champions] VGC 2026 Reg M-A",
  "players": [
    "Poppo Loco",
    "miloticgang"
  ],
  "log": "|j|\u2606Poppo Loco\n|j|\u2606miloticgang\n|t:|1776378186\n|gametype|doubles\n|player|p1|Poppo Loco|170|1031\n|player|p2|miloticgang|102|1078\n|gen|9\n|tier|[Gen 9 Champions] VGC 2026 Reg M-A\n|rated|\n|rule|Species Clause: Limit one of each Pok\u00e9mon\n|rule|Item Clause: Limit 1 of each item\n|clearpoke\n|poke|p1|Heracross, L50, F|\n|poke|p1|Scovillain, L50, M|\n|poke|p1|Milotic, L50, F|\n|poke|p1|Hydreigon, L50, M|\n|poke|p1|Sneasler, L50, F|\n|poke|p1|Aerodactyl, L50, F|\n|poke|p2|Slowbro-Galar, L50, M|\n|poke|p2|Golurk, L50|\n|poke|p2|Sableye, L50, M|\n|poke|p2|Sylveon, L50, M|\n|poke|p2|Farigiraf, L50, M|\n|poke|p2|Camerupt, L50, M|\n|teampreview|4\n|inactive|Battle timer is ON: inactive players will automatically lose when time's up. (requested by miloticgang)\nmiloticgang rejected open team sheets.\n|\n|t:|1776378210\n|teamsize|p1|4\n|teamsize|p2|4\n|start\n|switch|p1a: Heartlink|Heracross, L50, F, shiny|100/100\n|switch|p1b: Menaceel|Hydreigon, L50, M|100/100\n|switch|p2a: Slowbro|Slowbro-Galar, L50, M|100/100\n|switch|p2b: Sableye|Sableye, L50, M|100/100\n|turn|1\n|\n|t:|1776378226\n|move|p2b: Sableye|Light Screen|p2b: Sableye\n|-sidestart|p2: miloticgang|move: Light Screen\n|move|p1b: Menaceel|Snarl|p2b: Sableye|[spread] p2a,p2b\n|-supereffective|p2a: Slowbro|1\n|-damage|p2a: Slowbro|62/100\n|-damage|p2b: Sableye|81/100\n|-unboost|p2a: Slowbro|spa|1\n|-unboost|p2b: Sableye|spa|1\n|move|p1a: Heartlink|Brutal Swing|p2a: Slowbro|[spread] p1b,p2a,p2b\n|-resisted|p1b: Menaceel|1\n|-supereffective|p2a: Slowbro|1\n|-damage|p1b: Menaceel|94/100\n|-damage|p2a: Slowbro|40/100\n|-damage|p2b: Sableye|67/100\n|-enditem|p2a: Slowbro|Sitrus Berry|[eat]\n|-heal|p2a: Slowbro|64/100|[from] item: Sitrus Berry\n|move|p2a: Slowbro|Trick Room|p2a: Slowbro\n|-fieldstart|move: Trick Room|[of] p2a: Slowbro\n|\n|upkeep\n|turn|2\n|inactive|Poppo Loco has 30 seconds left.\n|\n|t:|1776378253\n|move|p1a: Heartlink|Protect|p1a: Heartlink\n|-singleturn|p1a: Heartlink|Protect\n|move|p2b: Sableye|Swagger|p2a: Slowbro\n|-boost|p2a: Slowbro|atk|2\n|-immune|p2a: Slowbro|confusion|[from] ability: Own Tempo\n|move|p2a: Slowbro|Drain Punch|p1b: Menaceel\n|-supereffective|p1b: Menaceel|1\n|-damage|p1b: Menaceel|0 fnt\n|-heal|p2a: Slowbro|100/100|[from] drain|[of] p1b: Menaceel\n|faint|p1b: Menaceel\n|\n|upkeep\n|\n|t:|1776378274\n|switch|p1b: Spice Love|Scovillain, L50, M, shiny|100/100\n|turn|3\n|c|\u2606miloticgang|be honest thats unique\n|\n|t:|1776378294\n|detailschange|p1b: Spice Love|Scovillain-Mega, L50, M, shiny\n|-mega|p1b: Spice Love|Scovillain|Scovillainite\n|move|p1b: Spice Love|Rage Powder|p1b: Spice Love\n|-singleturn|p1b: Spice Love|move: Rage Powder\n|move|p2b: Sableye|Taunt|p1b: Spice Love\n|-start|p1b: Spice Love|move: Taunt\n|move|p2a: Slowbro|Zen Headbutt|p1b: Spice Love\n|-damage|p1b: Spice Love|36/100\n|-status|p2a: Slowbro|brn|[from] ability: Spicy Spray|[of] p1b: Spice Love\n|move|p1a: Heartlink|Brutal Swing|p2b: Sableye|[spread] p1b,p2a,p2b\n|-crit|p1b: Spice Love\n|-supereffective|p2a: Slowbro|1\n|-damage|p1b: Spice Love|21/100\n|-damage|p2a: Slowbro|78/100 brn\n|-damage|p2b: Sableye|52/100\n|-status|p1a: Heartlink|brn|[from] ability: Spicy Spray|[of] p1b: Spice Love\n|\n|-damage|p2a: Slowbro|72/100 brn|[from] brn\n|-damage|p1a: Heartlink|95/100 brn|[from] brn\n|upkeep\n|turn|4\n|c|\u2606miloticgang|damn i thought that would go first\n|inactive|miloticgang has 30 seconds left.\n|\n|t:|1776378321\n|switch|p1b: Crushabyss|Milotic, L50, F|100/100\n|move|p2b: Sableye|Swagger|p2a: Slowbro\n|-boost|p2a: Slowbro|atk|2\n|-immune|p2a: Slowbro|confusion|[from] ability: Own Tempo\n|move|p2a: Slowbro|Zen Headbutt|p1a: Heartlink\n|-supereffective|p1a: Heartlink|1\n|-damage|p1a: Heartlink|0 fnt\n|faint|p1a: Heartlink\n|\n|-damage|p2a: Slowbro|66/100 brn|[from] brn\n|upkeep\n|inactive|Poppo Loco has 30 seconds left.\n|\n|t:|1776378348\n|switch|p1a: Spice Love|Scovillain-Mega, L50, M, shiny|21/100\n|turn|5\n|inactive|miloticgang has 30 seconds left.\n|\n|t:|1776378373\n|move|p1a: Spice Love|Rage Powder|p1a: Spice Love\n|-singleturn|p1a: Spice Love|move: Rage Powder\n|move|p2b: Sableye|Taunt|p1a: Spice Love\n|-start|p1a: Spice Love|move: Taunt\n|move|p2a: Slowbro|Drain Punch|p1a: Spice Love\n|-damage|p1a: Spice Love|0 fnt\n|-heal|p2a: Slowbro|75/100 brn|[from] drain|[of] p1a: Spice Love\n|faint|p1a: Spice Love\n|move|p1b: Crushabyss|Draining Kiss|p2b: Sableye\n|-supereffective|p2b: Sableye|1\n|-damage|p2b: Sableye|34/100\n|\n|-damage|p2a: Slowbro|69/100 brn|[from] brn\n|-sideend|p2: miloticgang|move: Light Screen\n|-fieldend|move: Trick Room\n|upkeep\n|turn|6\n|\n|t:|1776378399\n|move|p2b: Sableye|Swagger|p2a: Slowbro\n|-boost|p2a: Slowbro|atk|2\n|-immune|p2a: Slowbro|confusion|[from] ability: Own Tempo\n|move|p1b: Crushabyss|Scald|p2a: Slowbro\n|-damage|p2a: Slowbro|35/100 brn\n|move|p2a: Slowbro|Shell Side Arm|p1b: Crushabyss|[anim] Shell Side Arm Physical\n|-damage|p1b: Crushabyss|23/100\n|-hint|Physical Shell Side Arm\n|\n|-heal|p1b: Crushabyss|29/100|[from] item: Leftovers\n|-damage|p2a: Slowbro|29/100 brn|[from] brn\n|upkeep\n|turn|7\n|\n|t:|1776378416\n|move|p2b: Sableye|Light Screen|p2b: Sableye\n|-sidestart|p2: miloticgang|move: Light Screen\n|move|p1b: Crushabyss|Draining Kiss|p2b: Sableye\n|-supereffective|p2b: Sableye|1\n|-damage|p2b: Sableye|14/100\n|-heal|p1b: Crushabyss|41/100|[from] drain|[of] p2b: Sableye\n|move|p2a: Slowbro|Shell Side Arm|p1b: Crushabyss|[anim] Shell Side Arm Physical\n|-damage|p1b: Crushabyss|0 fnt\n|-hint|Physical Shell Side Arm\n|faint|p1b: Crushabyss\n|\n|win|miloticgang\n|raw|Poppo Loco's rating: 1031 &rarr; <strong>1018</strong><br />(-13 for losing)\n|raw|miloticgang's rating: 1078 &rarr; <strong>1102</strong><br />(+24 for winning)\n|l|\u2606Poppo Loco\n|player|p1|\n",
  "uploadtime": 1776378429,
  "views": 23,
  "formatid": "gen9championsvgc2026regma",
  "rating": 1018,
  "private": 0,
  "password": null
}