{
  "id": "gen9championsvgc2026regma-2585378642",
  "format": "[Gen 9 Champions] VGC 2026 Reg M-A",
  "players": [
    "Ibhaansfuckassteam",
    "ilabchknnuggets"
  ],
  "log": "|j|\u2606Ibhaansfuckassteam\n|j|\u2606ilabchknnuggets\n|t:|1776342790\n|gametype|doubles\n|player|p1|Ibhaansfuckassteam|ghetsis-gen5bw|1073\n|player|p2|ilabchknnuggets|hooligans|1000\n|gen|9\n|tier|[Gen 9 Champions] VGC 2026 Reg M-A\n|rated|\n|rule|Species Clause: Limit one of each Pok\u00e9mon\n|rule|Item Clause: Limit 1 of each item\n|clearpoke\n|poke|p1|Sylveon, L50, F|\n|poke|p1|Froslass, L50, F|\n|poke|p1|Archaludon, L50, F|\n|poke|p1|Aerodactyl, L50, F|\n|poke|p1|Typhlosion-Hisui, L50, F|\n|poke|p1|Hawlucha, L50, F|\n|poke|p2|Aggron, L50, M|\n|poke|p2|Sinistcha, L50|\n|poke|p2|Sableye, L50, M|\n|poke|p2|Garchomp, L50, M|\n|poke|p2|Gardevoir, L50, F|\n|poke|p2|Luxray, L50, F|\n|teampreview|4\n|inactive|Battle timer is ON: inactive players will automatically lose when time's up. (requested by ilabchknnuggets)\n|\n|t:|1776342818\n|teamsize|p1|4\n|teamsize|p2|4\n|start\n|switch|p1a: Aerodactyl|Aerodactyl, L50, F|100/100\n|switch|p1b: Typhlosion|Typhlosion-Hisui, L50, F|100/100\n|switch|p2a: Luxray|Luxray, L50, F|100/100\n|switch|p2b: Sinistcha|Sinistcha, L50|100/100\n|-ability|p1a: Aerodactyl|Unnerve\n|-item|p2a: Luxray|Shuca Berry|[from] ability: Frisk|[of] p1b: Typhlosion\n|-ability|p2a: Luxray|Intimidate|boost\n|-unboost|p1a: Aerodactyl|atk|1\n|-unboost|p1b: Typhlosion|atk|1\n|turn|1\n|inactive|Ibhaansfuckassteam has 30 seconds left.\n|\n|t:|1776342849\n|move|p1b: Typhlosion|Eruption|p2b: Sinistcha|[spread] p2a,p2b\n|-supereffective|p2b: Sinistcha|1\n|-damage|p2a: Luxray|30/100\n|-damage|p2b: Sinistcha|0 fnt\n|faint|p2b: Sinistcha\n|move|p1a: Aerodactyl|Dual Wingbeat|p2a: Luxray|[miss]\n|-miss|p1a: Aerodactyl|p2a: Luxray\n|move|p2a: Luxray|Wild Charge|p1a: Aerodactyl\n|-supereffective|p1a: Aerodactyl|1\n|-enditem|p1a: Aerodactyl|Focus Sash\n|-damage|p1a: Aerodactyl|1/100\n|-damage|p2a: Luxray|9/100|[from] Recoil\n|\n|upkeep\n|\n|t:|1776342869\n|switch|p2b: Sableye|Sableye, L50, M|100/100\n|turn|2\n|\n|t:|1776342876\n|move|p2b: Sableye|Light Screen|p2b: Sableye\n|-sidestart|p2: ilabchknnuggets|move: Light Screen\n|move|p1b: Typhlosion|Eruption|p2a: Luxray|[spread] p2a,p2b\n|-damage|p2a: Luxray|0 fnt\n|-damage|p2b: Sableye|57/100\n|faint|p2a: Luxray\n|move|p1a: Aerodactyl|Tailwind|p1a: Aerodactyl\n|-sidestart|p1: Ibhaansfuckassteam|move: Tailwind\n|\n|-heal|p2b: Sableye|63/100|[from] item: Leftovers\n|upkeep\n|\n|t:|1776342882\n|switch|p2a: Aggron|Aggron, L50, M, shiny|100/100\n|turn|3\n|\n|t:|1776342896\n|detailschange|p2a: Aggron|Aggron-Mega, L50, M, shiny\n|-mega|p2a: Aggron|Aggron|Aggronite\n|move|p2b: Sableye|Quash|p1b: Typhlosion\n|-activate|p1b: Typhlosion|move: Quash\n|move|p1a: Aerodactyl|Dual Wingbeat|p2b: Sableye\n|-damage|p2b: Sableye|46/100\n|-damage|p2b: Sableye|28/100\n|-hitcount|p2b: Sableye|2\n|move|p2a: Aggron|Rock Slide|p1a: Aerodactyl|[spread] p1a,p1b\n|-supereffective|p1a: Aerodactyl|1\n|-supereffective|p1b: Typhlosion|1\n|-damage|p1a: Aerodactyl|0 fnt\n|-damage|p1b: Typhlosion|35/100\n|faint|p1a: Aerodactyl\n|cant|p1b: Typhlosion|flinch\n|\n|-heal|p2b: Sableye|34/100|[from] item: Leftovers\n|upkeep\n|\n|t:|1776342913\n|switch|p1a: Hawlucha|Hawlucha, L50, F|100/100\n|turn|4\n|\n|t:|1776342931\n|switch|p1b: Sylveon|Sylveon, L50, F|100/100\n|detailschange|p1a: Hawlucha|Hawlucha-Mega, L50, F\n|-mega|p1a: Hawlucha|Hawlucha|Hawluchanite\n|move|p2b: Sableye|Quash||[still]\n|-fail|p2b: Sableye\n|move|p1a: Hawlucha|Swords Dance|p1a: Hawlucha\n|-boost|p1a: Hawlucha|atk|2\n|move|p2a: Aggron|Ice Punch|p1a: Hawlucha\n|-supereffective|p1a: Hawlucha|1\n|-damage|p1a: Hawlucha|38/100\n|\n|-heal|p2b: Sableye|39/100|[from] item: Leftovers\n|upkeep\n|turn|5\n|\n|t:|1776342956\n|move|p1a: Hawlucha|Detect|p1a: Hawlucha\n|-singleturn|p1a: Hawlucha|Protect\n|move|p2b: Sableye|Quash|p1a: Hawlucha\n|-activate|p1a: Hawlucha|move: Protect\n|move|p1b: Sylveon|Yawn|p2a: Aggron\n|-start|p2a: Aggron|move: Yawn|[of] p1b: Sylveon\n|move|p2a: Aggron|Ice Punch|p1a: Hawlucha\n|-activate|p1a: Hawlucha|move: Protect\n|\n|-heal|p2b: Sableye|45/100|[from] item: Leftovers\n|-sideend|p1: Ibhaansfuckassteam|move: Tailwind\n|upkeep\n|turn|6\n|\n|t:|1776342974\n|switch|p1a: Typhlosion|Typhlosion-Hisui, L50, F|35/100\n|-item|p2a: Aggron|Aggronite|[from] ability: Frisk|[of] p1a: Typhlosion\n|-item|p2b: Sableye|Leftovers|[from] ability: Frisk|[of] p1a: Typhlosion\n|move|p2b: Sableye|Quash||[still]\n|-fail|p2b: Sableye\n|move|p1b: Sylveon|Hyper Voice|p2b: Sableye|[spread] p2a,p2b\n|-resisted|p2a: Aggron|1\n|-supereffective|p2b: Sableye|1\n|-damage|p2a: Aggron|77/100\n|-damage|p2b: Sableye|0 fnt\n|faint|p2b: Sableye\n|move|p2a: Aggron|Ice Punch|p1a: Typhlosion\n|-resisted|p1a: Typhlosion|1\n|-damage|p1a: Typhlosion|14/100\n|-status|p1a: Typhlosion|frz\n|\n|-end|p2a: Aggron|move: Yawn|[silent]\n|-status|p2a: Aggron|slp\n|-sideend|p2: ilabchknnuggets|move: Light Screen\n|upkeep\n|turn|7\n|inactive|Ibhaansfuckassteam has 30 seconds left.\n|\n|t:|1776342999\n|switch|p1a: Hawlucha|Hawlucha-Mega, L50, F|38/100\n|move|p1b: Sylveon|Hyper Voice|p2a: Aggron\n|-resisted|p2a: Aggron|1\n|-damage|p2a: Aggron|32/100 slp\n|cant|p2a: Aggron|slp\n|\n|upkeep\n|turn|8\n|-message|ilabchknnuggets forfeited.\n|\n|win|Ibhaansfuckassteam\n|raw|Ibhaansfuckassteam's rating: 1073 &rarr; <strong>1096</strong><br />(+23 for winning)\n|raw|ilabchknnuggets's rating: 1000 &rarr; <strong>1000</strong><br />(+0 for losing)\n|l|\u2606ilabchknnuggets\n|player|p2|\n",
  "uploadtime": 1776343009,
  "views": 23,
  "formatid": "gen9championsvgc2026regma",
  "rating": 1000,
  "private": 0,
  "password": null
}