{
  "id": "gen9championsvgc2026regma-2585969787",
  "format": "[Gen 9 Champions] VGC 2026 Reg M-A",
  "players": [
    "superboy245",
    "Alelu1234"
  ],
  "log": "|j|\u2606superboy245\n|j|\u2606Alelu1234\n|t:|1776386171\n|gametype|doubles\n|player|p1|superboy245|buck|1366\n|player|p2|Alelu1234|170|1428\n|gen|9\n|tier|[Gen 9 Champions] VGC 2026 Reg M-A\n|rated|\n|rule|Species Clause: Limit one of each Pok\u00e9mon\n|rule|Item Clause: Limit 1 of each item\n|clearpoke\n|poke|p1|Greninja-*, L50, M|\n|poke|p1|Politoed, L50, M|\n|poke|p1|Basculegion, L50, M|\n|poke|p1|Lucario, L50, M|\n|poke|p1|Sinistcha, L50|\n|poke|p1|Toxicroak, L50, M|\n|poke|p2|Heracross, L50, F|\n|poke|p2|Whimsicott, L50, M|\n|poke|p2|Kingambit, L50, M|\n|poke|p2|Basculegion, L50, M|\n|poke|p2|Sylveon, L50, F|\n|poke|p2|Sneasler, L50, M|\n|teampreview|4\nsuperboy245 rejected open team sheets.\n|inactive|Battle timer is ON: inactive players will automatically lose when time's up. (requested by Alelu1234)\n|\n|t:|1776386226\n|teamsize|p1|4\n|teamsize|p2|4\n|start\n|switch|p1a: Lucario|Lucario, L50, M|100/100\n|switch|p1b: Basculegion|Basculegion, L50, M|100/100\n|switch|p2a: Sylveon|Sylveon, L50, F|100/100\n|switch|p2b: Whimsicott|Whimsicott, L50, M|100/100\n|turn|1\n|inactive|superboy245 has 30 seconds left.\n|\n|t:|1776386253\n|detailschange|p1a: Lucario|Lucario-Mega, L50, M\n|-mega|p1a: Lucario|Lucario|Lucarionite\n|move|p2a: Sylveon|Protect|p2a: Sylveon\n|-singleturn|p2a: Sylveon|Protect\n|move|p2b: Whimsicott|Tailwind|p2b: Whimsicott\n|-sidestart|p2: Alelu1234|move: Tailwind\n|move|p1a: Lucario|Meteor Mash|p2a: Sylveon\n|-activate|p2a: Sylveon|move: Protect\n|move|p1b: Basculegion|Flip Turn|p2b: Whimsicott\n|-resisted|p2b: Whimsicott|1\n|-damage|p2b: Whimsicott|76/100\n|\n|t:|1776386258\n|switch|p1b: Sinistcha|Sinistcha, L50|100/100|[from] Flip Turn\n|\n|upkeep\n|turn|2\n|\n|t:|1776386285\n|switch|p2a: Heracross|Heracross, L50, F|100/100\n|move|p2b: Whimsicott|Protect|p2b: Whimsicott\n|-singleturn|p2b: Whimsicott|Protect\n|move|p1b: Sinistcha|Rage Powder|p1b: Sinistcha\n|-singleturn|p1b: Sinistcha|move: Rage Powder\n|move|p1a: Lucario|Bullet Punch|p2a: Heracross\n|-damage|p2a: Heracross|64/100\n|\n|upkeep\n|turn|3\n|\n|t:|1776386299\n|detailschange|p2a: Heracross|Heracross-Mega, L50, F\n|-mega|p2a: Heracross|Heracross|Heracronite\n|move|p1b: Sinistcha|Rage Powder|p1b: Sinistcha\n|-singleturn|p1b: Sinistcha|move: Rage Powder\n|move|p2b: Whimsicott|Encore|p1a: Lucario\n|-start|p1a: Lucario|Encore\n|move|p1a: Lucario|Bullet Punch|p2a: Heracross\n|-damage|p2a: Heracross|38/100\n|move|p2a: Heracross|Pin Missile|p1b: Sinistcha\n|-damage|p1b: Sinistcha|85/100\n|-damage|p1b: Sinistcha|70/100\n|-damage|p1b: Sinistcha|56/100\n|-damage|p1b: Sinistcha|41/100\n|-damage|p1b: Sinistcha|25/100\n|-hitcount|p1b: Sinistcha|5\n|\n|-heal|p1b: Sinistcha|31/100|[from] item: Leftovers\n|upkeep\n|turn|4\n|inactive|superboy245 has 30 seconds left.\n|\n|t:|1776386328\n|switch|p1a: Basculegion|Basculegion, L50, M|100/100\n|move|p1b: Sinistcha|Protect|p1b: Sinistcha\n|-singleturn|p1b: Sinistcha|Protect\n|move|p2b: Whimsicott|Moonblast|p1b: Sinistcha\n|-activate|p1b: Sinistcha|move: Protect\n|move|p2a: Heracross|Close Combat|p1a: Basculegion\n|-immune|p1a: Basculegion\n|\n|-heal|p1b: Sinistcha|38/100|[from] item: Leftovers\n|-sideend|p2: Alelu1234|move: Tailwind\n|upkeep\n|turn|5\n|\n|t:|1776386342\n|switch|p1b: Politoed|Politoed, L50, M|100/100\n|-weather|RainDance|[from] ability: Drizzle|[of] p1b: Politoed\n|move|p2a: Heracross|Protect|p2a: Heracross\n|-singleturn|p2a: Heracross|Protect\n|move|p2b: Whimsicott|Tailwind|p2b: Whimsicott\n|-sidestart|p2: Alelu1234|move: Tailwind\n|move|p1a: Basculegion|Flip Turn|p2a: Heracross\n|-activate|p2a: Heracross|move: Protect\n|\n|-weather|RainDance|[upkeep]\n|upkeep\n|turn|6\n|inactive|Alelu1234 has 30 seconds left.\n|\n|t:|1776386376\n|switch|p2a: Basculegion|Basculegion, L50, M|100/100\n|move|p2b: Whimsicott|Moonblast|p1b: Politoed\n|-damage|p1b: Politoed|78/100\n|move|p1a: Basculegion|Flip Turn|p2a: Basculegion\n|-resisted|p2a: Basculegion|1\n|-damage|p2a: Basculegion|69/100\n|\n|t:|1776386389\n|switch|p1a: Sinistcha|Sinistcha, L50|38/100|[from] Flip Turn\n|-heal|p1b: Politoed|100/100|[from] ability: Hospitality|[of] p1a: Sinistcha\n|move|p1b: Politoed|Ice Beam|p2b: Whimsicott\n|-supereffective|p2b: Whimsicott|1\n|-damage|p2b: Whimsicott|12/100\n|\n|-weather|RainDance|[upkeep]\n|-heal|p1a: Sinistcha|44/100|[from] item: Leftovers\n|upkeep\n|turn|7\n|\n|t:|1776386401\n|move|p2b: Whimsicott|Protect|p2b: Whimsicott\n|-singleturn|p2b: Whimsicott|Protect\n|move|p1a: Sinistcha|Protect|p1a: Sinistcha\n|-singleturn|p1a: Sinistcha|Protect\n|move|p2a: Basculegion|Last Respects|p1a: Sinistcha\n|-activate|p1a: Sinistcha|move: Protect\n|move|p1b: Politoed|Weather Ball|p2a: Basculegion\n|-resisted|p2a: Basculegion|1\n|-damage|p2a: Basculegion|41/100\n|\n|-weather|RainDance|[upkeep]\n|-heal|p1a: Sinistcha|50/100|[from] item: Leftovers\n|upkeep\n|turn|8\n|inactive|superboy245 has 30 seconds left.\n|inactive|Alelu1234 has 30 seconds left.\n|inactive|superboy245 has 20 seconds left.\n|\n|t:|1776386437\n|switch|p2a: Sylveon|Sylveon, L50, F|100/100\n|move|p2b: Whimsicott|Moonblast|p1a: Sinistcha\n|-damage|p1a: Sinistcha|11/100\n|move|p1b: Politoed|Ice Beam|p2b: Whimsicott\n|-supereffective|p2b: Whimsicott|1\n|-damage|p2b: Whimsicott|0 fnt\n|faint|p2b: Whimsicott\n|move|p1a: Sinistcha|Matcha Gotcha|p2a: Sylveon\n|-damage|p2a: Sylveon|78/100\n|-heal|p1a: Sinistcha|24/100|[from] drain|[of] p2a: Sylveon\n|\n|-weather|RainDance|[upkeep]\n|-heal|p2a: Sylveon|84/100|[from] item: Leftovers\n|-heal|p1a: Sinistcha|30/100|[from] item: Leftovers\n|-sideend|p2: Alelu1234|move: Tailwind\n|upkeep\n|\n|t:|1776386452\n|switch|p2b: Heracross|Heracross-Mega, L50, F|38/100\n|turn|9\n|\n|t:|1776386473\n|move|p2b: Heracross|Protect|p2b: Heracross\n|-singleturn|p2b: Heracross|Protect\n|move|p1a: Sinistcha|Rage Powder|p1a: Sinistcha\n|-singleturn|p1a: Sinistcha|move: Rage Powder\n|move|p1b: Politoed|Weather Ball|p2b: Heracross\n|-activate|p2b: Heracross|move: Protect\n|move|p2a: Sylveon|Hyper Voice|p1b: Politoed|[spread] p1a,p1b\n|-damage|p1a: Sinistcha|0 fnt\n|-damage|p1b: Politoed|74/100\n|faint|p1a: Sinistcha\n|\n|-weather|none\n|-heal|p2a: Sylveon|90/100|[from] item: Leftovers\n|upkeep\n|\n|t:|1776386489\n|switch|p1a: Lucario|Lucario-Mega, L50, M|100/100\n|turn|10\n|\n|t:|1776386515\n|switch|p1b: Basculegion|Basculegion, L50, M|100/100\n|move|p1a: Lucario|Protect|p1a: Lucario\n|-singleturn|p1a: Lucario|Protect\n|move|p2b: Heracross|Close Combat|p1a: Lucario\n|-activate|p1a: Lucario|move: Protect\n|move|p2a: Sylveon|Hyper Voice|p1a: Lucario|[spread] p1b\n|-activate|p1a: Lucario|move: Protect\n|-damage|p1b: Basculegion|56/100\n|\n|-heal|p2a: Sylveon|96/100|[from] item: Leftovers\n|upkeep\n|turn|11\n|inactive|Alelu1234 has 30 seconds left.\n|inactive|Alelu1234 has 20 seconds left.\n|inactive|superboy245 has 30 seconds left.\n|inactive|Alelu1234 has 15 seconds left.\n|\n|t:|1776386557\n|switch|p1a: Politoed|Politoed, L50, M|74/100\n|-weather|RainDance|[from] ability: Drizzle|[of] p1a: Politoed\n|move|p1b: Basculegion|Wave Crash|p2a: Sylveon\n|-damage|p2a: Sylveon|0 fnt\n|faint|p2a: Sylveon\n|-damage|p1b: Basculegion|24/100|[from] Recoil\n|move|p2b: Heracross|Close Combat|p1a: Politoed\n|-damage|p1a: Politoed|0 fnt\n|-unboost|p2b: Heracross|def|1\n|-unboost|p2b: Heracross|spd|1\n|faint|p1a: Politoed\n|\n|-weather|RainDance|[upkeep]\n|upkeep\n|\n|t:|1776386569\n|switch|p1a: Lucario|Lucario-Mega, L50, M|100/100\n|switch|p2a: Basculegion|Basculegion, L50, M|41/100\n|turn|12\n|\n|t:|1776386586\n|move|p1a: Lucario|Bullet Punch|p2b: Heracross\n|-damage|p2b: Heracross|2/100\n|move|p1b: Basculegion|Last Respects|p2a: Basculegion\n|-supereffective|p2a: Basculegion|1\n|-damage|p2a: Basculegion|0 fnt\n|faint|p2a: Basculegion\n|move|p2b: Heracross|Close Combat|p1a: Lucario\n|-supereffective|p1a: Lucario|1\n|-damage|p1a: Lucario|0 fnt\n|-unboost|p2b: Heracross|def|1\n|-unboost|p2b: Heracross|spd|1\n|faint|p1a: Lucario\n|\n|-weather|RainDance|[upkeep]\n|upkeep\n|turn|13\n|c|\u2606superboy245|Gg\n|\n|t:|1776386599\n|move|p1b: Basculegion|Flip Turn|p2b: Heracross\n|-damage|p2b: Heracross|0 fnt\n|faint|p2b: Heracross\n|\n|win|superboy245\n|raw|superboy245's rating: 1366 &rarr; <strong>1390</strong><br />(+24 for winning)\n|raw|Alelu1234's rating: 1428 &rarr; <strong>1404</strong><br />(-24 for losing)\n|c|\u2606Alelu1234|gg\n|c|\u2606Alelu1234|are you scarfed\n|c|\u2606Alelu1234|or switf swim\n|c|\u2606superboy245|Nope\n|c|\u2606superboy245|White herb\n|c|\u2606superboy245|Swift\n|c|\u2606Alelu1234|how do you outspeed then\n|c|\u2606Alelu1234|I am scarfed\n|c|\u2606Alelu1234|oh swift\n|c|\u2606superboy245|Are you swift?\n|c|\u2606superboy245|Oh\n|c|\u2606Alelu1234|gg!\n|l|\u2606Alelu1234\n|player|p2|\n|c|\u2606superboy245|gg!\n",
  "uploadtime": 1776386602,
  "views": 30,
  "formatid": "gen9championsvgc2026regma",
  "rating": 1390,
  "private": 0,
  "password": null
}