{
  "id": "gen9championsvgc2026regma-2581760262",
  "format": "[Gen 9 Champions] VGC 2026 Reg M-A",
  "players": [
    "AquaticPanic",
    "semolini"
  ],
  "log": "|j|\u2606AquaticPanic\n|j|\u2606semolini\n|t:|1776026276\n|gametype|doubles\n|player|p1|AquaticPanic|265|1086\n|player|p2|semolini|cynthia-gen4|1155\n|gen|9\n|tier|[Gen 9 Champions] VGC 2026 Reg M-A\n|rated|\n|rule|Species Clause: Limit one of each Pok\u00e9mon\n|rule|Item Clause: Limit 1 of each item\n|clearpoke\n|poke|p1|Venusaur, L50, F|\n|poke|p1|Charizard, L50, F|\n|poke|p1|Kingambit, L50, F|\n|poke|p1|Pelipper, L50, M|\n|poke|p1|Garchomp, L50, F|\n|poke|p1|Basculegion, L50, M|\n|poke|p2|Froslass, L50, F|\n|poke|p2|Sneasler, L50, F|\n|poke|p2|Aerodactyl, L50, F|\n|poke|p2|Garchomp, L50, M|\n|poke|p2|Kingambit, L50, M|\n|poke|p2|Rotom-Wash, L50|\n|teampreview|4\n|inactive|Battle timer is ON: inactive players will automatically lose when time's up. (requested by semolini)\n|\n|t:|1776026307\n|teamsize|p1|4\n|teamsize|p2|4\n|start\n|switch|p1a: Garchomp|Garchomp, L50, F|100/100\n|switch|p1b: Venusaur|Venusaur, L50, F|100/100\n|switch|p2a: Froslass|Froslass, L50, F, shiny|100/100\n|switch|p2b: Sneasler|Sneasler, L50, F|100/100\n|turn|1\n|inactive|semolini has 30 seconds left.\n|\n|t:|1776026338\n|detailschange|p2a: Froslass|Froslass-Mega, L50, F, shiny\n|-mega|p2a: Froslass|Froslass|Froslassite\n|-weather|Snowscape|[from] ability: Snow Warning|[of] p2a: Froslass\n|detailschange|p1b: Venusaur|Venusaur-Mega, L50, F\n|-mega|p1b: Venusaur|Venusaur|Venusaurite\n|move|p1a: Garchomp|Protect|p1a: Garchomp\n|-singleturn|p1a: Garchomp|Protect\n|move|p2a: Froslass|Blizzard|p1a: Garchomp|[spread] p1b\n|-activate|p1a: Garchomp|move: Protect\n|-supereffective|p1b: Venusaur|1\n|-damage|p1b: Venusaur|67/100\n|move|p2b: Sneasler|Close Combat|p1b: Venusaur\n|-resisted|p1b: Venusaur|1\n|-damage|p1b: Venusaur|40/100\n|-unboost|p2b: Sneasler|def|1\n|-unboost|p2b: Sneasler|spd|1\n|-enditem|p2b: Sneasler|White Herb\n|-clearnegativeboost|p2b: Sneasler|[silent]\n|move|p1b: Venusaur|Sleep Powder|p2a: Froslass\n|-status|p2a: Froslass|slp|[from] move: Sleep Powder\n|\n|-weather|Snowscape|[upkeep]\n|upkeep\n|turn|2\n|inactive|semolini has 30 seconds left.\n|inactive|semolini has 20 seconds left.\n|inactive|semolini has 15 seconds left.\n|\n|t:|1776026381\n|switch|p2a: Garchomp|Garchomp, L50, M, shiny|100/100\n|switch|p1b: Pelipper|Pelipper, L50, M|100/100\n|-weather|RainDance|[from] ability: Drizzle|[of] p1b: Pelipper\n|move|p2b: Sneasler|Protect|p2b: Sneasler\n|-singleturn|p2b: Sneasler|Protect\n|move|p1a: Garchomp|Earthquake|p2b: Sneasler|[spread] p2a\n|-activate|p2b: Sneasler|move: Protect\n|-immune|p1b: Pelipper\n|-damage|p2a: Garchomp|64/100\n|\n|-weather|RainDance|[upkeep]\n|upkeep\n|turn|3\n|\n|t:|1776026403\n|switch|p2b: Rotom|Rotom-Wash, L50, shiny|100/100\n|move|p2a: Garchomp|Dragon Claw|p1a: Garchomp\n|-supereffective|p1a: Garchomp|1\n|-crit|p1a: Garchomp\n|-damage|p1a: Garchomp|0 fnt\n|-damage|p2a: Garchomp|52/100|[from] ability: Rough Skin|[of] p1a: Garchomp\n|faint|p1a: Garchomp\n|move|p1b: Pelipper|Hurricane|p2b: Rotom\n|-resisted|p2b: Rotom|1\n|-damage|p2b: Rotom|75/100\n|\n|-weather|RainDance|[upkeep]\n|upkeep\n|\n|t:|1776026418\n|switch|p1a: Venusaur|Venusaur-Mega, L50, F|40/100\n|turn|4\n|\n|t:|1776026438\n|move|p1b: Pelipper|Wide Guard|p1b: Pelipper\n|-singleturn|p1b: Pelipper|Wide Guard\n|move|p2b: Rotom|Electroweb|p1a: Venusaur|[spread] \n|-activate|p1a: Venusaur|move: Wide Guard\n|-activate|p1b: Pelipper|move: Wide Guard\n|move|p2a: Garchomp|Earthquake|p1a: Venusaur|[spread] \n|-activate|p1a: Venusaur|move: Wide Guard\n|-activate|p1b: Pelipper|move: Wide Guard\n|-immune|p2b: Rotom|[from] ability: Levitate\n|move|p1a: Venusaur|Giga Drain|p2b: Rotom\n|-supereffective|p2b: Rotom|1\n|-damage|p2b: Rotom|0 fnt\n|-heal|p1a: Venusaur|65/100|[from] drain|[of] p2b: Rotom\n|faint|p2b: Rotom\n|\n|-weather|RainDance|[upkeep]\n|upkeep\n|\n|t:|1776026456\n|switch|p2b: Froslass|Froslass-Mega, L50, F, shiny|100/100 slp\n|-weather|Snowscape|[from] ability: Snow Warning|[of] p2b: Froslass\n|turn|5\n|\n|t:|1776026476\n|cant|p2b: Froslass|slp\n|move|p2a: Garchomp|Dragon Claw|p1a: Venusaur\n|-damage|p1a: Venusaur|29/100\n|move|p1a: Venusaur|Giga Drain|p2b: Froslass\n|-damage|p2b: Froslass|49/100 slp\n|-heal|p1a: Venusaur|50/100|[from] drain|[of] p2b: Froslass\n|move|p1b: Pelipper|Weather Ball|p2a: Garchomp\n|-supereffective|p2a: Garchomp|2\n|-damage|p2a: Garchomp|0 fnt\n|faint|p2a: Garchomp\n|\n|-weather|Snowscape|[upkeep]\n|upkeep\n|\n|t:|1776026488\n|switch|p2a: Sneasler|Sneasler, L50, F|100/100\n|turn|6\n|\n|t:|1776026505\n|move|p2a: Sneasler|Fake Out|p1a: Venusaur\n|-damage|p1a: Venusaur|36/100\n|cant|p2b: Froslass|slp\n|cant|p1a: Venusaur|flinch\n|move|p1b: Pelipper|Weather Ball|p2a: Sneasler\n|-damage|p2a: Sneasler|66/100\n|\n|-weather|Snowscape|[upkeep]\n|upkeep\n|turn|7\n|\n|t:|1776026525\n|move|p1b: Pelipper|Wide Guard|p1b: Pelipper\n|-singleturn|p1b: Pelipper|Wide Guard\n|-curestatus|p2b: Froslass|slp|[msg]\n|move|p2b: Froslass|Blizzard|p1b: Pelipper|[spread] \n|-activate|p1a: Venusaur|move: Wide Guard\n|-activate|p1b: Pelipper|move: Wide Guard\n|move|p2a: Sneasler|Dire Claw|p1b: Pelipper\n|-damage|p1b: Pelipper|64/100\n|move|p1a: Venusaur|Giga Drain|p2b: Froslass\n|-damage|p2b: Froslass|0 fnt\n|-heal|p1a: Venusaur|55/100|[from] drain|[of] p2b: Froslass\n|faint|p2b: Froslass\n|\n|-weather|Snowscape|[upkeep]\n|upkeep\n|turn|8\n|-message|semolini forfeited.\n|\n|win|AquaticPanic\n|raw|AquaticPanic's rating: 1086 &rarr; <strong>1118</strong><br />(+32 for winning)\n|raw|semolini's rating: 1155 &rarr; <strong>1125</strong><br />(-30 for losing)\n|l|\u2606semolini\n|player|p2|\n",
  "uploadtime": 1776026545,
  "views": 16,
  "formatid": "gen9championsvgc2026regma",
  "rating": 1118,
  "private": 0,
  "password": null
}