{
  "id": "gen9championsvgc2026regma-2583719913",
  "format": "[Gen 9 Champions] VGC 2026 Reg M-A",
  "players": [
    "lilvortex",
    "JD20shoots3s"
  ],
  "log": "|j|\u2606lilvortex\n|j|\u2606JD20shoots3s\n|t:|1776193094\n|gametype|doubles\n|player|p1|lilvortex|pokemaniac|1111\n|player|p2|JD20shoots3s|hoopster|1194\n|gen|9\n|tier|[Gen 9 Champions] VGC 2026 Reg M-A\n|rated|\n|rule|Species Clause: Limit one of each Pok\u00e9mon\n|rule|Item Clause: Limit 1 of each item\n|clearpoke\n|poke|p1|Starmie, L50|\n|poke|p1|Pelipper, L50, M|\n|poke|p1|Maushold, L50|\n|poke|p1|Archaludon, L50, M|\n|poke|p1|Dragonite, L50, M|\n|poke|p1|Rotom-Wash, L50|\n|poke|p2|Gengar, L50, F|\n|poke|p2|Incineroar, L50, M|\n|poke|p2|Milotic, L50, F|\n|poke|p2|Tyranitar, L50, F|\n|poke|p2|Excadrill, L50, M|\n|poke|p2|Rotom-Wash, L50|\n|teampreview|4\n|inactive|Battle timer is ON: inactive players will automatically lose when time's up. (requested by JD20shoots3s)\n|inactive|lilvortex has 60 seconds left.\n|inactive|JD20shoots3s has 60 seconds left.\n|inactive|lilvortex has 30 seconds left.\n|inactive|lilvortex has 20 seconds left.\n|inactive|lilvortex has 15 seconds left.\n|inactive|lilvortex has 10 seconds left.\n|\n|t:|1776193176\n|teamsize|p1|4\n|teamsize|p2|4\n|start\n|switch|p1a: Starmie|Starmie, L50|100/100\n|switch|p1b: Rotom|Rotom-Wash, L50|100/100\n|switch|p2a: Tyranitar|Tyranitar, L50, F|100/100\n|switch|p2b: Excadrill|Excadrill, L50, M|100/100\n|-weather|Sandstorm|[from] ability: Sand Stream|[of] p2a: Tyranitar\n|turn|1\n|inactive|lilvortex has 30 seconds left.\n|inactive|JD20shoots3s has 30 seconds left.\n|inactive|lilvortex has 20 seconds left.\n|inactive|JD20shoots3s has 20 seconds left.\n|inactive|lilvortex has 15 seconds left.\n|\n|t:|1776193219\n|move|p1a: Starmie|Protect|p1a: Starmie\n|-singleturn|p1a: Starmie|Protect\n|move|p2b: Excadrill|Rock Slide|p1a: Starmie|[spread] p1b\n|-activate|p1a: Starmie|move: Protect\n|-damage|p1b: Rotom|72/100\n|move|p1b: Rotom|Volt Switch|p2a: Tyranitar\n|-damage|p2a: Tyranitar|80/100\n|\n|t:|1776193229\n|switch|p1b: Pelipper|Pelipper, L50, M|100/100|[from] Volt Switch\n|-weather|RainDance|[from] ability: Drizzle|[of] p1b: Pelipper\n|move|p2a: Tyranitar|Knock Off|p1a: Starmie\n|-activate|p1a: Starmie|move: Protect\n|\n|-weather|RainDance|[upkeep]\n|upkeep\n|turn|2\n|inactive|lilvortex has 30 seconds left.\n|inactive|lilvortex has 20 seconds left.\n|inactive|lilvortex has 15 seconds left.\n|\n|t:|1776193272\n|detailschange|p1a: Starmie|Starmie-Mega, L50\n|-mega|p1a: Starmie|Starmie|Starminite\n|move|p2a: Tyranitar|Protect|p2a: Tyranitar\n|-singleturn|p2a: Tyranitar|Protect\n|move|p1b: Pelipper|Wide Guard|p1b: Pelipper\n|-singleturn|p1b: Pelipper|Wide Guard\n|move|p1a: Starmie|Flip Turn|p2a: Tyranitar\n|-activate|p2a: Tyranitar|move: Protect\n|move|p2b: Excadrill|Rock Slide|p1a: Starmie|[spread] \n|-activate|p1a: Starmie|move: Wide Guard\n|-activate|p1b: Pelipper|move: Wide Guard\n|\n|-weather|RainDance|[upkeep]\n|upkeep\n|turn|3\n|inactive|lilvortex has 30 seconds left.\n|inactive|lilvortex has 20 seconds left.\n|\n|t:|1776193311\n|switch|p2a: Milotic|Milotic, L50, F|100/100\n|move|p1a: Starmie|Zen Headbutt|p2b: Excadrill\n|-resisted|p2b: Excadrill|1\n|-damage|p2b: Excadrill|52/100\n|move|p2b: Excadrill|Rock Slide|p1a: Starmie|[spread] p1a,p1b\n|-supereffective|p1b: Pelipper|1\n|-damage|p1a: Starmie|72/100\n|-damage|p1b: Pelipper|43/100\n|move|p1b: Pelipper|Weather Ball|p2a: Milotic\n|-resisted|p2a: Milotic|1\n|-damage|p2a: Milotic|77/100\n|\n|-weather|RainDance|[upkeep]\n|-heal|p2a: Milotic|83/100|[from] item: Leftovers\n|upkeep\n|turn|4\n|inactive|lilvortex has 30 seconds left.\n|\n|t:|1776193336\n|switch|p1a: Maushold|Maushold, L50|100/100\n|move|p2b: Excadrill|Protect|p2b: Excadrill\n|-singleturn|p2b: Excadrill|Protect\n|move|p1b: Pelipper|Protect|p1b: Pelipper\n|-singleturn|p1b: Pelipper|Protect\n|move|p2a: Milotic|Ice Beam|p1b: Pelipper\n|-activate|p1b: Pelipper|move: Protect\n|\n|-weather|RainDance|[upkeep]\n|-heal|p2a: Milotic|89/100|[from] item: Leftovers\n|upkeep\n|turn|5\n|inactive|lilvortex has 30 seconds left.\n|inactive|JD20shoots3s has 30 seconds left.\n|inactive|lilvortex has 20 seconds left.\n|inactive|lilvortex has 15 seconds left.\n|inactive|lilvortex has 10 seconds left.\n|\n|t:|1776193381\n|switch|p2a: Tyranitar|Tyranitar, L50, F|80/100\n|-weather|Sandstorm|[from] ability: Sand Stream|[of] p2a: Tyranitar\n|move|p1a: Maushold|Follow Me|p1a: Maushold\n|-singleturn|p1a: Maushold|move: Follow Me\n|move|p2b: Excadrill|Iron Head|p1a: Maushold\n|-damage|p1a: Maushold|44/100\n|move|p1b: Pelipper|Tailwind|p1b: Pelipper\n|-sidestart|p1: lilvortex|move: Tailwind\n|\n|-weather|Sandstorm|[upkeep]\n|-damage|p1a: Maushold|38/100|[from] Sandstorm\n|-damage|p1b: Pelipper|37/100|[from] Sandstorm\n|upkeep\n|turn|6\n|\n|t:|1776193401\n|switch|p1b: Rotom|Rotom-Wash, L50|72/100\n|move|p1a: Maushold|Super Fang|p2a: Tyranitar\n|-damage|p2a: Tyranitar|41/100\n|move|p2b: Excadrill|Iron Head|p1a: Maushold\n|-damage|p1a: Maushold|0 fnt\n|faint|p1a: Maushold\n|move|p2a: Tyranitar|Ice Punch|p1b: Rotom\n|-resisted|p1b: Rotom|1\n|-damage|p1b: Rotom|57/100\n|\n|-weather|Sandstorm|[upkeep]\n|-damage|p1b: Rotom|52/100|[from] Sandstorm\n|upkeep\n|\n|t:|1776193412\n|switch|p1a: Starmie|Starmie-Mega, L50|72/100\n|turn|7\n|\n|t:|1776193431\n|switch|p1b: Pelipper|Pelipper, L50, M|37/100\n|-weather|RainDance|[from] ability: Drizzle|[of] p1b: Pelipper\n|move|p2b: Excadrill|Protect|p2b: Excadrill\n|-singleturn|p2b: Excadrill|Protect\n|move|p2a: Tyranitar|Protect|p2a: Tyranitar\n|-singleturn|p2a: Tyranitar|Protect\n|move|p1a: Starmie|Flip Turn|p2b: Excadrill\n|-activate|p2b: Excadrill|move: Protect\n|\n|-weather|RainDance|[upkeep]\n|upkeep\n|turn|8\n|\n|t:|1776193454\n|switch|p2a: Milotic|Milotic, L50, F|89/100\n|move|p1a: Starmie|Flip Turn|p2b: Excadrill\n|-supereffective|p2b: Excadrill|1\n|-damage|p2b: Excadrill|0 fnt\n|faint|p2b: Excadrill\n|\n|t:|1776193459\n|switch|p1a: Rotom|Rotom-Wash, L50|52/100|[from] Flip Turn\n|move|p1b: Pelipper|Weather Ball|p2a: Milotic\n|-resisted|p2a: Milotic|1\n|-damage|p2a: Milotic|63/100\n|\n|-weather|RainDance|[upkeep]\n|-heal|p2a: Milotic|69/100|[from] item: Leftovers\n|-sideend|p1: lilvortex|move: Tailwind\n|upkeep\n|\n|t:|1776193468\n|switch|p2b: Gengar|Gengar, L50, F|100/100\n|turn|9\n|inactive|JD20shoots3s has 30 seconds left.\n|\n|t:|1776193494\n|switch|p2a: Tyranitar|Tyranitar, L50, F|41/100\n|-weather|Sandstorm|[from] ability: Sand Stream|[of] p2a: Tyranitar\n|detailschange|p2b: Gengar|Gengar-Mega, L50, F\n|-mega|p2b: Gengar|Gengar|Gengarite\n|move|p1b: Pelipper|Protect|p1b: Pelipper\n|-singleturn|p1b: Pelipper|Protect\n|move|p1a: Rotom|Hydro Pump|p2b: Gengar|[miss]\n|-miss|p1a: Rotom|p2b: Gengar\n|move|p2b: Gengar|Perish Song|p2b: Gengar\n|-start|p1a: Rotom|perish3|[silent]\n|-start|p1b: Pelipper|perish3|[silent]\n|-start|p2a: Tyranitar|perish3|[silent]\n|-start|p2b: Gengar|perish3|[silent]\n|-fieldactivate|move: Perish Song\n|\n|-weather|Sandstorm|[upkeep]\n|-damage|p1a: Rotom|46/100|[from] Sandstorm\n|-damage|p2b: Gengar|95/100|[from] Sandstorm\n|-damage|p1b: Pelipper|31/100|[from] Sandstorm\n|-start|p1a: Rotom|perish3\n|-start|p2b: Gengar|perish3\n|-start|p1b: Pelipper|perish3\n|-start|p2a: Tyranitar|perish3\n|upkeep\n|turn|10\n|inactive|JD20shoots3s has 30 seconds left.\n|inactive|JD20shoots3s has 20 seconds left.\n|inactive|JD20shoots3s has 15 seconds left.\n|inactive|JD20shoots3s has 10 seconds left.\n|\n|t:|1776193544\n|move|p1a: Rotom|Hydro Pump|p2b: Gengar\n|-damage|p2b: Gengar|20/100\n|move|p2b: Gengar|Sludge Bomb|p1b: Pelipper\n|-damage|p1b: Pelipper|0 fnt\n|faint|p1b: Pelipper\n|move|p2a: Tyranitar|Rock Slide|p1a: Rotom|[miss]\n|-miss|p2a: Tyranitar|p1a: Rotom\n|\n|-weather|Sandstorm|[upkeep]\n|-damage|p1a: Rotom|40/100|[from] Sandstorm\n|-damage|p2b: Gengar|14/100|[from] Sandstorm\n|-start|p1a: Rotom|perish2\n|-start|p2b: Gengar|perish2\n|-start|p2a: Tyranitar|perish2\n|upkeep\n|\n|t:|1776193551\n|switch|p1b: Starmie|Starmie-Mega, L50|72/100\n|turn|11\n|\n|t:|1776193572\n|move|p1a: Rotom|Hydro Pump|p2b: Gengar\n|-damage|p2b: Gengar|0 fnt\n|faint|p2b: Gengar\n|move|p1b: Starmie|Liquidation|p2a: Tyranitar\n|-supereffective|p2a: Tyranitar|1\n|-damage|p2a: Tyranitar|0 fnt\n|faint|p2a: Tyranitar\n|\n|-weather|Sandstorm|[upkeep]\n|-damage|p1a: Rotom|35/100|[from] Sandstorm\n|-damage|p1b: Starmie|66/100|[from] Sandstorm\n|-start|p1a: Rotom|perish1\n|upkeep\n|\n|t:|1776193584\n|switch|p2b: Milotic|Milotic, L50, F|69/100\n|turn|12\n|\n|t:|1776193587\n|move|p2b: Milotic|Protect|p2b: Milotic\n|-singleturn|p2b: Milotic|Protect\n|move|p1a: Rotom|Hydro Pump|p2b: Milotic\n|-activate|p2b: Milotic|move: Protect\n|move|p1b: Starmie|Zen Headbutt|p2b: Milotic\n|-activate|p2b: Milotic|move: Protect\n|\n|-weather|Sandstorm|[upkeep]\n|-damage|p1a: Rotom|29/100|[from] Sandstorm\n|-damage|p1b: Starmie|60/100|[from] Sandstorm\n|-damage|p2b: Milotic|63/100|[from] Sandstorm\n|-heal|p2b: Milotic|69/100|[from] item: Leftovers\n|-start|p1a: Rotom|perish0\n|faint|p1a: Rotom\n|upkeep\n|turn|13\n|c|\u2606JD20shoots3s|Scarf Rotom got me good\n|\n|t:|1776193606\n|move|p1b: Starmie|Zen Headbutt|p2b: Milotic\n|-damage|p2b: Milotic|15/100\n|move|p2b: Milotic|Scald|p1b: Starmie\n|-resisted|p1b: Starmie|1\n|-damage|p1b: Starmie|41/100\n|\n|-weather|none\n|-heal|p2b: Milotic|21/100|[from] item: Leftovers\n|upkeep\n|turn|14\n|c|\u2606JD20shoots3s|GG\n|c|\u2606lilvortex|ggs\n|\n|t:|1776193619\n|move|p1b: Starmie|Zen Headbutt|p2b: Milotic|[miss]\n|-miss|p1b: Starmie|p2b: Milotic\n|move|p2b: Milotic|Scald|p1b: Starmie\n|-resisted|p1b: Starmie|1\n|-damage|p1b: Starmie|25/100\n|-status|p1b: Starmie|brn\n|\n|-heal|p2b: Milotic|27/100|[from] item: Leftovers\n|-damage|p1b: Starmie|19/100 brn|[from] brn\n|upkeep\n|turn|15\n|c|\u2606JD20shoots3s|Oh\n|c|\u2606lilvortex|this could be bad\n|\n|t:|1776193643\n|move|p1b: Starmie|Zen Headbutt|p2b: Milotic\n|-damage|p2b: Milotic|2/100\n|move|p2b: Milotic|Recover|p2b: Milotic\n|-heal|p2b: Milotic|52/100\n|\n|-heal|p2b: Milotic|58/100|[from] item: Leftovers\n|-damage|p1b: Starmie|13/100 brn|[from] brn\n|upkeep\n|turn|16\n|c|\u2606JD20shoots3s|GG lol\n|\n|t:|1776193657\n|move|p1b: Starmie|Zen Headbutt|p2b: Milotic\n|-damage|p2b: Milotic|32/100\n|move|p2b: Milotic|Scald|p1b: Starmie\n|-resisted|p1b: Starmie|1\n|-damage|p1b: Starmie|0 fnt\n|faint|p1b: Starmie\n|\n|win|JD20shoots3s\n|raw|lilvortex's rating: 1111 &rarr; <strong>1092</strong><br />(-19 for losing)\n|raw|JD20shoots3s's rating: 1194 &rarr; <strong>1213</strong><br />(+19 for winning)\n|l|\u2606lilvortex\n|player|p1|\n",
  "uploadtime": 1776193665,
  "views": 17,
  "formatid": "gen9championsvgc2026regma",
  "rating": 1092,
  "private": 0,
  "password": null
}