{
  "id": "gen9championsvgc2026regma-2586202254",
  "format": "[Gen 9 Champions] VGC 2026 Reg M-A",
  "players": [
    "PauloWhite",
    "Pokeventurer"
  ],
  "log": "|j|\u2606PauloWhite\n|j|\u2606Pokeventurer\n|t:|1776411834\n|gametype|doubles\n|player|p1|PauloWhite|dancer|1401\n|player|p2|Pokeventurer|170|1453\n|gen|9\n|tier|[Gen 9 Champions] VGC 2026 Reg M-A\n|rated|\n|rule|Species Clause: Limit one of each Pok\u00e9mon\n|rule|Item Clause: Limit 1 of each item\n|clearpoke\n|poke|p1|Feraligatr, L50, M|\n|poke|p1|Ninetales-Alola, L50, F|\n|poke|p1|Incineroar, L50, M|\n|poke|p1|Sneasler, L50, M|\n|poke|p1|Sinistcha, L50|\n|poke|p1|Delphox, L50, F|\n|poke|p2|Talonflame, L50, M|\n|poke|p2|Kingambit, L50, M|\n|poke|p2|Garchomp, L50, F|\n|poke|p2|Basculegion, L50, M|\n|poke|p2|Floette-Eternal, L50, F|\n|poke|p2|Pelipper, L50, M|\n|teampreview|4\n|inactive|Battle timer is ON: inactive players will automatically lose when time's up. (requested by Pokeventurer)\n|\n|t:|1776411861\n|teamsize|p1|4\n|teamsize|p2|4\n|start\n|switch|p1a: Incineroar|Incineroar, L50, M|100/100\n|switch|p1b: Delphox|Delphox, L50, F|100/100\n|switch|p2a: Floette|Floette-Eternal, L50, F|100/100\n|switch|p2b: Talonflame|Talonflame, L50, M|100/100\n|-ability|p1a: Incineroar|Intimidate|boost\n|-unboost|p2a: Floette|atk|1\n|-unboost|p2b: Talonflame|atk|1\n|turn|1\n|\n|t:|1776411878\n|detailschange|p2a: Floette|Floette-Mega, L50, F\n|-mega|p2a: Floette|Floette|Floettite\n|-ability|p2a: Floette|Fairy Aura\n|move|p2b: Talonflame|Upper Hand|p1a: Incineroar\n|-supereffective|p1a: Incineroar|1\n|-enditem|p1a: Incineroar|Chople Berry|[eat]\n|-enditem|p1a: Incineroar|Chople Berry|[weaken]\n|-damage|p1a: Incineroar|92/100\n|cant|p1a: Incineroar|flinch\n|move|p1b: Delphox|Nasty Plot|p1b: Delphox\n|-boost|p1b: Delphox|spa|2\n|move|p2a: Floette|Dazzling Gleam|p1b: Delphox|[spread] p1a,p1b\n|-resisted|p1b: Delphox|1\n|-damage|p1a: Incineroar|52/100\n|-damage|p1b: Delphox|76/100\n|\n|upkeep\n|turn|2\n|j| trisew\n|inactive|PauloWhite has 30 seconds left.\n|j| CrazyyBoi\n|j| RedCharonKnight\n|inactive|PauloWhite has 20 seconds left.\n|j| 1#MiraidonHater\n|inactive|PauloWhite has 15 seconds left.\n|l| trisew\n|inactive|PauloWhite has 10 seconds left.\n|\n|t:|1776411924\n|move|p1b: Delphox|Protect|p1b: Delphox\n|-singleturn|p1b: Delphox|Protect\n|move|p2b: Talonflame|Tailwind|p2b: Talonflame\n|-sidestart|p2: Pokeventurer|move: Tailwind\n|move|p2a: Floette|Moonblast|p1a: Incineroar\n|-damage|p1a: Incineroar|0 fnt\n|faint|p1a: Incineroar\n|\n|upkeep\n|j| gokua2\n|\n|t:|1776411939\n|switch|p1a: Sinistcha|Sinistcha, L50|100/100\n|-heal|p1b: Delphox|100/100|[from] ability: Hospitality|[of] p1a: Sinistcha\n|turn|3\n|\n|t:|1776411953\n|detailschange|p1b: Delphox|Delphox-Mega, L50, F\n|-mega|p1b: Delphox|Delphox|Delphoxite\n|move|p2b: Talonflame|Dual Wingbeat|p1a: Sinistcha\n|-supereffective|p1a: Sinistcha|1\n|-damage|p1a: Sinistcha|77/100\n|-supereffective|p1a: Sinistcha|1\n|-damage|p1a: Sinistcha|56/100\n|-hitcount|p1a: Sinistcha|2\n|move|p2a: Floette|Moonblast|p1a: Sinistcha\n|-damage|p1a: Sinistcha|0 fnt\n|faint|p1a: Sinistcha\n|move|p1b: Delphox|Psychic|p2a: Floette\n|-damage|p2a: Floette|29/100\n|\n|upkeep\n|\n|t:|1776411965\n|switch|p1a: Ninetales|Ninetales-Alola, L50, F|100/100\n|-weather|Snowscape|[from] ability: Snow Warning|[of] p1a: Ninetales\n|turn|4\n|\n|t:|1776411971\n|move|p2b: Talonflame|Dual Wingbeat|p1b: Delphox\n|-damage|p1b: Delphox|86/100\n|-damage|p1b: Delphox|71/100\n|-hitcount|p1b: Delphox|2\n|move|p2a: Floette|Dazzling Gleam|p1a: Ninetales|[spread] p1a,p1b\n|-resisted|p1b: Delphox|1\n|-damage|p1a: Ninetales|48/100\n|-damage|p1b: Delphox|52/100\n|move|p1b: Delphox|Heat Wave|p2a: Floette|[spread] p2a,p2b\n|-resisted|p2b: Talonflame|1\n|-damage|p2a: Floette|0 fnt\n|-damage|p2b: Talonflame|42/100\n|faint|p2a: Floette\n|move|p1a: Ninetales|Aurora Veil|p1a: Ninetales\n|-sidestart|p1: PauloWhite|move: Aurora Veil\n|\n|-weather|Snowscape|[upkeep]\n|upkeep\n|\n|t:|1776411986\n|switch|p2a: Basculegion|Basculegion, L50, M|100/100\n|turn|5\n|\n|t:|1776411995\n|move|p1b: Delphox|Protect|p1b: Delphox\n|-singleturn|p1b: Delphox|Protect\n|move|p2a: Basculegion|Last Respects|p1a: Ninetales\n|-damage|p1a: Ninetales|3/100\n|move|p2b: Talonflame|Dual Wingbeat|p1a: Ninetales\n|-damage|p1a: Ninetales|0 fnt\n|faint|p1a: Ninetales\n|-hitcount|p1: Ninetales|1\n|\n|-weather|Snowscape|[upkeep]\n|-sideend|p2: Pokeventurer|move: Tailwind\n|upkeep\n|turn|6\n|c|\u2606Pokeventurer|gg\n|\n|t:|1776412005\n|move|p2a: Basculegion|Last Respects|p1b: Delphox\n|-supereffective|p1b: Delphox|1\n|-damage|p1b: Delphox|0 fnt\n|faint|p1b: Delphox\n|\n|win|Pokeventurer\n|raw|PauloWhite's rating: 1401 &rarr; <strong>1384</strong><br />(-17 for losing)\n|raw|Pokeventurer's rating: 1453 &rarr; <strong>1470</strong><br />(+17 for winning)\n|l|\u2606Pokeventurer\n|player|p2|\n|l| 1#MiraidonHater\n|l|\u2606PauloWhite\n|player|p1|\n|l| CrazyyBoi\n|l| gokua2\n|j| gokua2\n",
  "uploadtime": 1776412009,
  "views": 43,
  "formatid": "gen9championsvgc2026regma",
  "rating": 1384,
  "private": 0,
  "password": null
}