{
  "id": "gen9championsvgc2026regma-2585924104",
  "format": "[Gen 9 Champions] VGC 2026 Reg M-A",
  "players": [
    "rougeou",
    "Kyooby"
  ],
  "log": "|j|\u2606rougeou\n|j|\u2606Kyooby\n|t:|1776381898\n|gametype|doubles\n|player|p1|rougeou|102|1109\n|player|p2|Kyooby|volkner|1103\n|gen|9\n|tier|[Gen 9 Champions] VGC 2026 Reg M-A\n|rated|\n|rule|Species Clause: Limit one of each Pok\u00e9mon\n|rule|Item Clause: Limit 1 of each item\n|clearpoke\n|poke|p1|Feraligatr, L50, F|\n|poke|p1|Talonflame, L50, M|\n|poke|p1|Aegislash, L50, M|\n|poke|p1|Sneasler, L50, F|\n|poke|p1|Meowscarada, L50, F|\n|poke|p1|Weavile, L50, F|\n|poke|p2|Maushold-Four, L50|\n|poke|p2|Gardevoir, L50, M|\n|poke|p2|Espathra, L50, M|\n|poke|p2|Basculegion, L50, M|\n|poke|p2|Kommo-o, L50, M|\n|poke|p2|Heliolisk, L50, M|\n|teampreview|4\n|inactive|Battle timer is ON: inactive players will automatically lose when time's up. (requested by Kyooby)\n|inactive|rougeou has 60 seconds left.\n|\n|t:|1776381934\n|teamsize|p1|4\n|teamsize|p2|4\n|start\n|switch|p1a: Meowscarada|Meowscarada, L50, F, shiny|100/100\n|switch|p1b: Talonflame|Talonflame, L50, M, shiny|100/100\n|switch|p2a: Espathra|Espathra, L50, M|100/100\n|switch|p2b: Basculegion|Basculegion, L50, M|100/100\n|turn|1\n|\n|t:|1776381956\n|switch|p2b: Maushold|Maushold-Four, L50|100/100\n|move|p1b: Talonflame|Tailwind|p1b: Talonflame\n|-sidestart|p1: rougeou|move: Tailwind\n|move|p1a: Meowscarada|Knock Off|p2b: Maushold\n|-damage|p2b: Maushold|30/100\n|-enditem|p2b: Maushold|Focus Sash|[from] move: Knock Off|[of] p1a: Meowscarada\n|move|p2a: Espathra|Lumina Crash|p1b: Talonflame\n|-damage|p1b: Talonflame|51/100\n|-unboost|p1b: Talonflame|spd|2\n|\n|-ability|p2a: Espathra|Speed Boost|boost\n|-boost|p2a: Espathra|spe|1\n|upkeep\n|turn|2\n|\n|t:|1776381977\n|move|p2b: Maushold|Protect|p2b: Maushold\n|-singleturn|p2b: Maushold|Protect\n|move|p1b: Talonflame|Dual Wingbeat|p2b: Maushold\n|-activate|p2b: Maushold|move: Protect\n|move|p1a: Meowscarada|Knock Off|p2a: Espathra\n|-supereffective|p2a: Espathra|1\n|-damage|p2a: Espathra|6/100\n|-enditem|p2a: Espathra|Lum Berry|[from] move: Knock Off|[of] p1a: Meowscarada\n|move|p2a: Espathra|Shadow Ball|p1a: Meowscarada\n|-resisted|p1a: Meowscarada|1\n|-damage|p1a: Meowscarada|88/100\n|\n|-ability|p2a: Espathra|Speed Boost|boost\n|-boost|p2a: Espathra|spe|1\n|upkeep\n|turn|3\n|\n|t:|1776381996\n|switch|p2b: Basculegion|Basculegion, L50, M|100/100\n|move|p1b: Talonflame|Flare Blitz|p2a: Espathra\n|-damage|p2a: Espathra|0 fnt\n|faint|p2a: Espathra\n|-damage|p1b: Talonflame|49/100|[from] Recoil\n|move|p1a: Meowscarada|Flower Trick|p2b: Basculegion\n|-supereffective|p2b: Basculegion|1\n|-crit|p2b: Basculegion\n|-damage|p2b: Basculegion|0 fnt\n|faint|p2b: Basculegion\n|\n|upkeep\n|\n|t:|1776382007\n|switch|p2a: Maushold|Maushold-Four, L50|30/100\n|switch|p2b: Gardevoir|Gardevoir, L50, M, shiny|100/100\n|-ability|p2b: Gardevoir|Overgrow|Trace|[from] ability: Trace|[of] p1a: Meowscarada\n|turn|4\n|\n|t:|1776382023\n|move|p1b: Talonflame|Protect|p1b: Talonflame\n|-singleturn|p1b: Talonflame|Protect\n|move|p2a: Maushold|Protect|p2a: Maushold\n|-singleturn|p2a: Maushold|Protect\n|move|p2b: Gardevoir|Protect|p2b: Gardevoir\n|-singleturn|p2b: Gardevoir|Protect\n|move|p1a: Meowscarada|Flower Trick|p2b: Gardevoir\n|-activate|p2b: Gardevoir|move: Protect\n|\n|-sideend|p1: rougeou|move: Tailwind\n|upkeep\n|turn|5\n|\n|t:|1776382042\n|detailschange|p2b: Gardevoir|Gardevoir-Mega, L50, M, shiny\n|-mega|p2b: Gardevoir|Gardevoir|Gardevoirite\n|move|p1a: Meowscarada|Protect|p1a: Meowscarada\n|-singleturn|p1a: Meowscarada|Protect\n|move|p2a: Maushold|Follow Me|p2a: Maushold\n|-singleturn|p2a: Maushold|move: Follow Me\n|move|p1b: Talonflame|Tailwind|p1b: Talonflame\n|-sidestart|p1: rougeou|move: Tailwind\n|move|p2b: Gardevoir|Hyper Voice|p1a: Meowscarada|[spread] p1b\n|-activate|p1a: Meowscarada|move: Protect\n|-resisted|p1b: Talonflame|1\n|-damage|p1b: Talonflame|0 fnt\n|faint|p1b: Talonflame\n|\n|upkeep\n|\n|t:|1776382054\n|switch|p1b: Aegislash|Aegislash, L50, M|100/100\n|turn|6\n|\n|t:|1776382076\n|move|p2a: Maushold|Protect|p2a: Maushold\n|-singleturn|p2a: Maushold|Protect\n|move|p1a: Meowscarada|Flower Trick|p2a: Maushold\n|-activate|p2a: Maushold|move: Protect\n|-formechange|p1b: Aegislash|Aegislash-Blade|\n|move|p1b: Aegislash|Poltergeist|p2b: Gardevoir|[miss]\n|-miss|p1b: Aegislash|p2b: Gardevoir\n|move|p2b: Gardevoir|Hyper Voice|p1a: Meowscarada|[spread] p1a,p1b\n|-supereffective|p1a: Meowscarada|1\n|-resisted|p1b: Aegislash|1\n|-damage|p1a: Meowscarada|0 fnt\n|-damage|p1b: Aegislash|44/100\n|-enditem|p1b: Aegislash|Sitrus Berry|[eat]\n|-heal|p1b: Aegislash|69/100|[from] item: Sitrus Berry\n|faint|p1a: Meowscarada\n|\n|upkeep\n|\n|t:|1776382088\n|switch|p1a: Feraligatr|Feraligatr, L50, F, shiny|100/100\n|turn|7\n|\n|t:|1776382111\n|move|p2a: Maushold|Follow Me|p2a: Maushold\n|-singleturn|p2a: Maushold|move: Follow Me\n|move|p1b: Aegislash|Iron Head|p2a: Maushold\n|-damage|p2a: Maushold|0 fnt\n|faint|p2a: Maushold\n|move|p1a: Feraligatr|Waterfall|p2b: Gardevoir\n|-damage|p2b: Gardevoir|26/100\n|move|p2b: Gardevoir|Hyper Voice|p1b: Aegislash|[spread] p1a,p1b\n|-crit|p1a: Feraligatr\n|-resisted|p1b: Aegislash|1\n|-damage|p1a: Feraligatr|15/100\n|-damage|p1b: Aegislash|10/100\n|\n|upkeep\n|turn|8\n|\n|t:|1776382130\n|move|p1b: Aegislash|Shadow Sneak|p2b: Gardevoir\n|-supereffective|p2b: Gardevoir|1\n|-damage|p2b: Gardevoir|0 fnt\n|faint|p2b: Gardevoir\n|\n|win|rougeou\n|raw|rougeou's rating: 1109 &rarr; <strong>1134</strong><br />(+25 for winning)\n|raw|Kyooby's rating: 1103 &rarr; <strong>1078</strong><br />(-25 for losing)\n",
  "uploadtime": 1776382130,
  "views": 15,
  "formatid": "gen9championsvgc2026regma",
  "rating": 1078,
  "private": 0,
  "password": null
}