{
  "id": "gen9championsvgc2026regma-2586142739",
  "format": "[Gen 9 Champions] VGC 2026 Reg M-A",
  "players": [
    "ryanbunz",
    "Lclown"
  ],
  "log": "|j|\u2606ryanbunz\n|j|\u2606Lclown\n|t:|1776404362\n|gametype|doubles\n|player|p1|ryanbunz|giovanni|1039\n|player|p2|Lclown|265|1066\n|gen|9\n|tier|[Gen 9 Champions] VGC 2026 Reg M-A\n|rated|\n|rule|Species Clause: Limit one of each Pok\u00e9mon\n|rule|Item Clause: Limit 1 of each item\n|clearpoke\n|poke|p1|Gengar, L50, F|\n|poke|p1|Altaria, L50, M|\n|poke|p1|Clefable, L50, F|\n|poke|p1|Kommo-o, L50, F|\n|poke|p1|Bastiodon, L50, F|\n|poke|p1|Kingambit, L50, F|\n|poke|p2|Starmie, L50|\n|poke|p2|Maushold-Four, L50|\n|poke|p2|Vanilluxe, L50, F|\n|poke|p2|Froslass, L50, F|\n|poke|p2|Aerodactyl, L50, F|\n|poke|p2|Whimsicott, L50, M|\n|teampreview|4\n|inactive|Battle timer is ON: inactive players will automatically lose when time's up. (requested by Lclown)\n|\n|t:|1776404373\n|teamsize|p1|4\n|teamsize|p2|4\n|start\n|switch|p1a: Gengar|Gengar, L50, F|100/100\n|switch|p1b: Altaria|Altaria, L50, M|100/100\n|switch|p2a: Vanilluxe|Vanilluxe, L50, F|100/100\n|switch|p2b: Froslass|Froslass, L50, F|100/100\n|-ability|p1b: Altaria|Cloud Nine\n|turn|1\n|\n|t:|1776404384\n|detailschange|p2b: Froslass|Froslass-Mega, L50, F\n|-mega|p2b: Froslass|Froslass|Froslassite\n|-weather|Snowscape|[from] ability: Snow Warning|[of] p2b: Froslass\n|detailschange|p1a: Gengar|Gengar-Mega, L50, F\n|-mega|p1a: Gengar|Gengar|Gengarite\n|move|p1b: Altaria|Perish Song|p1b: Altaria\n|-start|p1a: Gengar|perish3|[silent]\n|-start|p1b: Altaria|perish3|[silent]\n|-start|p2a: Vanilluxe|perish3|[silent]\n|-start|p2b: Froslass|perish3|[silent]\n|-fieldactivate|move: Perish Song\n|move|p2b: Froslass|Blizzard|p1b: Altaria|[spread] p1b\n|-miss|p2b: Froslass|p1a: Gengar\n|-supereffective|p1b: Altaria|2\n|-damage|p1b: Altaria|0 fnt\n|faint|p1b: Altaria\n|move|p1a: Gengar|Substitute|p1a: Gengar\n|-start|p1a: Gengar|Substitute\n|-damage|p1a: Gengar|76/100\n|move|p2a: Vanilluxe|Blizzard|p1a: Gengar\n|-end|p1a: Gengar|Substitute\n|\n|-weather|Snowscape|[upkeep]\n|-start|p2b: Froslass|perish3\n|-start|p1a: Gengar|perish3\n|-start|p2a: Vanilluxe|perish3\n|upkeep\n|\n|t:|1776404397\n|switch|p1b: Clefable|Clefable, L50, F|100/100\n|turn|2\n|\n|t:|1776404410\n|move|p1a: Gengar|Protect|p1a: Gengar\n|-singleturn|p1a: Gengar|Protect\n|move|p2b: Froslass|Blizzard|p1b: Clefable|[spread] p1b\n|-activate|p1a: Gengar|move: Protect\n|-damage|p1b: Clefable|58/100\n|move|p2a: Vanilluxe|Aurora Veil|p2a: Vanilluxe\n|-sidestart|p2: Lclown|move: Aurora Veil\n|move|p1b: Clefable|Moonblast|p2b: Froslass\n|-damage|p2b: Froslass|74/100\n|\n|-weather|Snowscape|[upkeep]\n|-start|p2b: Froslass|perish2\n|-start|p1a: Gengar|perish2\n|-start|p2a: Vanilluxe|perish2\n|upkeep\n|turn|3\n|inactive|ryanbunz has 30 seconds left.\n|\n|t:|1776404435\n|switch|p1b: Bastiodon|Bastiodon, L50, F|100/100\n|move|p2b: Froslass|Blizzard|p1b: Bastiodon|[spread] p1a,p1b\n|-resisted|p1b: Bastiodon|1\n|-damage|p1a: Gengar|27/100\n|-damage|p1b: Bastiodon|84/100\n|move|p1a: Gengar|Phantom Force||[still]\n|-prepare|p1a: Gengar|Phantom Force\n|move|p2a: Vanilluxe|Blizzard|p1a: Gengar|[spread] p1b\n|-miss|p2a: Vanilluxe|p1a: Gengar\n|-resisted|p1b: Bastiodon|1\n|-damage|p1b: Bastiodon|70/100\n|\n|-weather|Snowscape|[upkeep]\n|-start|p2b: Froslass|perish1\n|-start|p1a: Gengar|perish1\n|-start|p2a: Vanilluxe|perish1\n|upkeep\n|turn|4\n|\n|t:|1776404457\n|move|p2b: Froslass|Thunderbolt|p1b: Bastiodon\n|-damage|p1b: Bastiodon|47/100\n|-enditem|p1b: Bastiodon|Sitrus Berry|[eat]\n|-heal|p1b: Bastiodon|71/100|[from] item: Sitrus Berry\n|move|p1a: Gengar|Phantom Force|p2b: Froslass|[from] lockedmove\n|-supereffective|p2b: Froslass|1\n|-damage|p2b: Froslass|47/100\n|move|p2a: Vanilluxe|Blizzard|p1b: Bastiodon|[spread] p1a,p1b\n|-resisted|p1b: Bastiodon|1\n|-damage|p1a: Gengar|0 fnt\n|-damage|p1b: Bastiodon|57/100\n|faint|p1a: Gengar\n|move|p1b: Bastiodon|Substitute|p1b: Bastiodon\n|-start|p1b: Bastiodon|Substitute\n|-damage|p1b: Bastiodon|33/100\n|\n|-weather|Snowscape|[upkeep]\n|-start|p2b: Froslass|perish0\n|-start|p2a: Vanilluxe|perish0\n|faint|p2b: Froslass\n|faint|p2a: Vanilluxe\n|upkeep\n|\n|t:|1776404461\n|switch|p2b: Maushold|Maushold-Four, L50|100/100\n|switch|p1a: Clefable|Clefable, L50, F|58/100\n|switch|p2a: Aerodactyl|Aerodactyl, L50, F|100/100\n|-ability|p2a: Aerodactyl|Unnerve\n|turn|5\n|\n|t:|1776404476\n|move|p2b: Maushold|Follow Me|p2b: Maushold\n|-singleturn|p2b: Maushold|move: Follow Me\n|move|p1a: Clefable|Follow Me|p1a: Clefable\n|-singleturn|p1a: Clefable|move: Follow Me\n|move|p2a: Aerodactyl|Earthquake|p1a: Clefable|[spread] p2b,p1a,p1b\n|-supereffective|p1b: Bastiodon|2\n|-end|p1b: Bastiodon|Substitute\n|-damage|p2b: Maushold|81/100\n|-damage|p1a: Clefable|38/100\n|move|p1b: Bastiodon|Body Press|p2b: Maushold\n|-supereffective|p2b: Maushold|1\n|-damage|p2b: Maushold|24/100\n|-enditem|p2b: Maushold|Sitrus Berry|[eat]\n|-heal|p2b: Maushold|49/100|[from] item: Sitrus Berry\n|\n|-weather|none\n|upkeep\n|turn|6\n|\n|t:|1776404494\n|move|p1a: Clefable|Protect|p1a: Clefable\n|-singleturn|p1a: Clefable|Protect\n|move|p1b: Bastiodon|Protect|p1b: Bastiodon\n|-singleturn|p1b: Bastiodon|Protect\n|move|p2a: Aerodactyl|Earthquake|p1b: Bastiodon|[spread] p2b\n|-activate|p1a: Clefable|move: Protect\n|-activate|p1b: Bastiodon|move: Protect\n|-damage|p2b: Maushold|28/100\n|move|p2b: Maushold|Population Bomb|p1a: Clefable\n|-activate|p1a: Clefable|move: Protect\n|\n|-sideend|p2: Lclown|move: Aurora Veil\n|upkeep\n|turn|7\n|\n|t:|1776404505\n|move|p2a: Aerodactyl|Earthquake|p1b: Bastiodon|[spread] p2b,p1a,p1b\n|-supereffective|p1b: Bastiodon|2\n|-damage|p2b: Maushold|0 fnt\n|-damage|p1a: Clefable|19/100\n|-damage|p1b: Bastiodon|0 fnt\n|faint|p2b: Maushold\n|faint|p1b: Bastiodon\n|move|p1a: Clefable|Moonblast|p2a: Aerodactyl\n|-damage|p2a: Aerodactyl|57/100\n|\n|upkeep\n|turn|8\n|\n|t:|1776404511\n|move|p1a: Clefable|Protect|p1a: Clefable\n|-singleturn|p1a: Clefable|Protect\n|move|p2a: Aerodactyl|Dual Wingbeat|p1a: Clefable\n|-activate|p1a: Clefable|move: Protect\n|\n|upkeep\n|turn|9\n|\n|t:|1776404515\n|move|p2a: Aerodactyl|Dual Wingbeat|p1a: Clefable\n|-damage|p1a: Clefable|3/100\n|-damage|p1a: Clefable|0 fnt\n|faint|p1a: Clefable\n|-hitcount|p1: Clefable|2\n|\n|win|Lclown\n|raw|ryanbunz's rating: 1039 &rarr; <strong>1024</strong><br />(-15 for losing)\n|raw|Lclown's rating: 1066 &rarr; <strong>1094</strong><br />(+28 for winning)\n|l|\u2606ryanbunz\n|player|p1|\n",
  "uploadtime": 1776404519,
  "views": 20,
  "formatid": "gen9championsvgc2026regma",
  "rating": 1024,
  "private": 0,
  "password": null
}