{
  "id": "gen9championsvgc2026regma-2585054577",
  "format": "[Gen 9 Champions] VGC 2026 Reg M-A",
  "players": [
    "Melmetalica",
    "lookout mudd"
  ],
  "log": "|j|\u2606Melmetalica\n|j|\u2606lookout mudd\n|t:|1776307188\n|gametype|doubles\n|player|p1|Melmetalica|169|1040\n|player|p2|lookout mudd|steven-gen6|1083\n|gen|9\n|tier|[Gen 9 Champions] VGC 2026 Reg M-A\n|rated|\n|rule|Species Clause: Limit one of each Pok\u00e9mon\n|rule|Item Clause: Limit 1 of each item\n|clearpoke\n|poke|p1|Banette, L50, F|\n|poke|p1|Corviknight, L50, F|\n|poke|p1|Sinistcha, L50|\n|poke|p1|Typhlosion-Hisui, L50, F|\n|poke|p1|Lucario, L50, F|\n|poke|p1|Whimsicott, L50, F|\n|poke|p2|Tyranitar, L50, F|\n|poke|p2|Excadrill, L50, M|\n|poke|p2|Sinistcha-Masterpiece, L50|\n|poke|p2|Alakazam, L50, M|\n|poke|p2|Camerupt, L50, F|\n|poke|p2|Primarina, L50, M|\n|teampreview|4\n|\n|t:|1776307206\n|teamsize|p1|4\n|teamsize|p2|4\n|start\n|switch|p1a: Whimsicott|Whimsicott, L50, F|100/100\n|switch|p1b: Lucario|Lucario, L50, F|100/100\n|switch|p2a: Sinistcha|Sinistcha-Masterpiece, L50|100/100\n|switch|p2b: Camerupt|Camerupt, L50, F|100/100\n|turn|1\n|inactive|Battle timer is ON: inactive players will automatically lose when time's up. (requested by Melmetalica)\n|inactive|Melmetalica has 60 seconds left.\n|\n|t:|1776307242\n|detailschange|p1b: Lucario|Lucario-Mega, L50, F\n|-mega|p1b: Lucario|Lucario|Lucarionite\n|detailschange|p2b: Camerupt|Camerupt-Mega, L50, F\n|-mega|p2b: Camerupt|Camerupt|Cameruptite\n|move|p2a: Sinistcha|Rage Powder|p2a: Sinistcha\n|-singleturn|p2a: Sinistcha|move: Rage Powder\n|move|p1b: Lucario|Flash Cannon|p2a: Sinistcha\n|-damage|p2a: Sinistcha|34/100\n|-enditem|p2a: Sinistcha|Sitrus Berry|[eat]\n|-heal|p2a: Sinistcha|59/100|[from] item: Sitrus Berry\n|move|p1a: Whimsicott|Moonblast|p2a: Sinistcha\n|-damage|p2a: Sinistcha|30/100\n|move|p2b: Camerupt|Eruption|p1a: Whimsicott|[spread] p1a,p1b\n|-supereffective|p1a: Whimsicott|1\n|-supereffective|p1b: Lucario|1\n|-enditem|p1a: Whimsicott|Focus Sash\n|-damage|p1a: Whimsicott|1/100\n|-damage|p1b: Lucario|0 fnt\n|faint|p1b: Lucario\n|\n|upkeep\n|\n|t:|1776307254\n|switch|p1b: Typhlosion|Typhlosion-Hisui, L50, F|100/100\n|-item|p2b: Camerupt|Cameruptite|[from] ability: Frisk|[of] p1b: Typhlosion\n|turn|2\n|\n|t:|1776307265\n|move|p1a: Whimsicott|Sunny Day|p1a: Whimsicott\n|-weather|SunnyDay\n|move|p1b: Typhlosion|Eruption|p2a: Sinistcha|[spread] p2a,p2b\n|-supereffective|p2a: Sinistcha|1\n|-resisted|p2b: Camerupt|1\n|-crit|p2b: Camerupt\n|-damage|p2a: Sinistcha|0 fnt\n|-damage|p2b: Camerupt|46/100\n|faint|p2a: Sinistcha\n|move|p2b: Camerupt|Earth Power|p1b: Typhlosion\n|-supereffective|p1b: Typhlosion|1\n|-damage|p1b: Typhlosion|0 fnt\n|faint|p1b: Typhlosion\n|\n|-weather|SunnyDay|[upkeep]\n|upkeep\n|\n|t:|1776307275\n|switch|p1b: Sinistcha|Sinistcha, L50|100/100\n|switch|p2a: Alakazam|Alakazam, L50, M|100/100\n|-heal|p1a: Whimsicott|26/100|[from] ability: Hospitality|[of] p1b: Sinistcha\n|turn|3\n|\n|t:|1776307285\n|move|p1a: Whimsicott|Encore|p2b: Camerupt\n|-start|p2b: Camerupt|Encore\n|move|p2a: Alakazam|Speed Swap|p2b: Camerupt\n|-activate|p2a: Alakazam|move: Speed Swap|[of] p2b: Camerupt\n|move|p2b: Camerupt|Earth Power|p1a: Whimsicott\n|-resisted|p1a: Whimsicott|1\n|-damage|p1a: Whimsicott|0 fnt\n|faint|p1a: Whimsicott\n|move|p1b: Sinistcha|Calm Mind|p1b: Sinistcha\n|-boost|p1b: Sinistcha|spa|1\n|-boost|p1b: Sinistcha|spd|1\n|\n|-weather|SunnyDay|[upkeep]\n|upkeep\n|turn|4\n|\n|t:|1776307300\n|switch|p2b: Primarina|Primarina, L50, M|100/100\n|move|p1b: Sinistcha|Matcha Gotcha|p2b: Primarina|[spread] p2b\n|-miss|p1b: Sinistcha|p2a: Alakazam\n|-supereffective|p2b: Primarina|1\n|-damage|p2b: Primarina|45/100\n|move|p2a: Alakazam|Light Screen|p2a: Alakazam\n|-sidestart|p2: lookout mudd|move: Light Screen\n|\n|-weather|SunnyDay|[upkeep]\n|-heal|p2b: Primarina|51/100|[from] item: Leftovers\n|upkeep\n|turn|5\n|\n|t:|1776307318\n|switch|p2a: Camerupt|Camerupt-Mega, L50, F|46/100\n|move|p1b: Sinistcha|Calm Mind|p1b: Sinistcha\n|-boost|p1b: Sinistcha|spa|1\n|-boost|p1b: Sinistcha|spd|1\n|move|p2b: Primarina|Moonblast|p1b: Sinistcha\n|-damage|p1b: Sinistcha|69/100\n|\n|-weather|SunnyDay|[upkeep]\n|-heal|p2b: Primarina|57/100|[from] item: Leftovers\n|upkeep\n|turn|6\n|\n|t:|1776307337\n|move|p1b: Sinistcha|Scald|p2a: Camerupt\n|-supereffective|p2a: Camerupt|2\n|-damage|p2a: Camerupt|0 fnt\n|faint|p2a: Camerupt\n|move|p2b: Primarina|Moonblast|p1b: Sinistcha\n|-damage|p1b: Sinistcha|37/100\n|-enditem|p1b: Sinistcha|Sitrus Berry|[eat]\n|-heal|p1b: Sinistcha|62/100|[from] item: Sitrus Berry\n|\n|-weather|none\n|-heal|p2b: Primarina|63/100|[from] item: Leftovers\n|upkeep\n|\n|t:|1776307343\n|switch|p2a: Alakazam|Alakazam, L50, M|100/100\n|turn|7\n|\n|t:|1776307364\n|move|p2a: Alakazam|Speed Swap|p2b: Primarina\n|-activate|p2a: Alakazam|move: Speed Swap|[of] p2b: Primarina\n|move|p2b: Primarina|Calm Mind|p2b: Primarina\n|-boost|p2b: Primarina|spa|1\n|-boost|p2b: Primarina|spd|1\n|move|p1b: Sinistcha|Matcha Gotcha|p2a: Alakazam|[spread] p2a,p2b\n|-crit|p2a: Alakazam\n|-supereffective|p2b: Primarina|1\n|-damage|p2a: Alakazam|15/100\n|-heal|p1b: Sinistcha|100/100|[from] drain|[of] p2a: Alakazam\n|-damage|p2b: Primarina|23/100\n|-status|p2a: Alakazam|brn\n|\n|-heal|p2b: Primarina|29/100|[from] item: Leftovers\n|-damage|p2a: Alakazam|9/100 brn|[from] brn\n|upkeep\n|turn|8\n|\n|t:|1776307379\n|move|p2b: Primarina|Moonblast|p1b: Sinistcha\n|-crit|p1b: Sinistcha\n|-damage|p1b: Sinistcha|0 fnt\n|faint|p1b: Sinistcha\n|\n|win|lookout mudd\n|raw|Melmetalica's rating: 1040 &rarr; <strong>1026</strong><br />(-14 for losing)\n|raw|lookout mudd's rating: 1083 &rarr; <strong>1107</strong><br />(+24 for winning)\n|l|\u2606Melmetalica\n|player|p1|\n",
  "uploadtime": 1776307390,
  "views": 43,
  "formatid": "gen9championsvgc2026regma",
  "rating": 1026,
  "private": 0,
  "password": null
}