{
  "id": "gen9championsvgc2026regma-2585344627",
  "format": "[Gen 9 Champions] VGC 2026 Reg M-A",
  "players": [
    "Dramgar_04",
    "Eeveian"
  ],
  "log": "|j|\u2606Dramgar_04\n|j|\u2606Eeveian\n|t:|1776339817\n|gametype|doubles\n|player|p1|Dramgar_04|265|1129\n|player|p2|Eeveian|milo|1192\n|gen|9\n|tier|[Gen 9 Champions] VGC 2026 Reg M-A\n|rated|\n|rule|Species Clause: Limit one of each Pok\u00e9mon\n|rule|Item Clause: Limit 1 of each item\n|clearpoke\n|poke|p1|Whimsicott, L50, F|\n|poke|p1|Emboar, L50, M|\n|poke|p1|Starmie, L50|\n|poke|p1|Sinistcha, L50|\n|poke|p1|Krookodile, L50, M|\n|poke|p1|Corviknight, L50, M|\n|poke|p2|Gengar, L50, F|\n|poke|p2|Maushold, L50|\n|poke|p2|Incineroar, L50, M|\n|poke|p2|Kommo-o, L50, M|\n|poke|p2|Mamoswine, L50, F|\n|poke|p2|Scizor, L50, M|\n|teampreview|4\n|inactive|Battle timer is ON: inactive players will automatically lose when time's up. (requested by Dramgar_04)\n|inactive|Eeveian has 60 seconds left.\n|\n|t:|1776339865\n|teamsize|p1|4\n|teamsize|p2|4\n|start\n|switch|p1a: Starmie|Starmie, L50|100/100\n|switch|p1b: Emboar|Emboar, L50, M, shiny|100/100\n|switch|p2a: Incineroar|Incineroar, L50, M|100/100\n|switch|p2b: Kommo-o|Kommo-o, L50, M|100/100\n|-ability|p2a: Incineroar|Intimidate|boost\n|-unboost|p1a: Starmie|atk|1\n|-unboost|p1b: Emboar|atk|1\n|turn|1\n|\n|t:|1776339883\n|detailschange|p1a: Starmie|Starmie-Mega, L50\n|-mega|p1a: Starmie|Starmie|Starminite\n|move|p2a: Incineroar|Fake Out|p1a: Starmie\n|-damage|p1a: Starmie|87/100\n|move|p1b: Emboar|Close Combat|p2a: Incineroar\n|-supereffective|p2a: Incineroar|1\n|-damage|p2a: Incineroar|23/100\n|-unboost|p1b: Emboar|def|1\n|-unboost|p1b: Emboar|spd|1\n|-enditem|p2a: Incineroar|Sitrus Berry|[eat]\n|-heal|p2a: Incineroar|48/100|[from] item: Sitrus Berry\n|cant|p1a: Starmie|flinch\n|move|p2b: Kommo-o|Clangorous Soul|p2b: Kommo-o\n|-boost|p2b: Kommo-o|atk|1\n|-boost|p2b: Kommo-o|def|1\n|-boost|p2b: Kommo-o|spa|1\n|-boost|p2b: Kommo-o|spd|1\n|-boost|p2b: Kommo-o|spe|1\n|-damage|p2b: Kommo-o|68/100\n|\n|-heal|p2b: Kommo-o|74/100|[from] item: Leftovers\n|upkeep\n|turn|2\n|inactive|Dramgar_04 has 30 seconds left.\n|inactive|Eeveian has 30 seconds left.\n|inactive|Eeveian has 20 seconds left.\n|\n|t:|1776339918\n|move|p1a: Starmie|Protect|p1a: Starmie\n|-singleturn|p1a: Starmie|Protect\n|move|p2b: Kommo-o|Clanging Scales|p1b: Emboar|[spread] p1b\n|-activate|p1a: Starmie|move: Protect\n|-damage|p1b: Emboar|0 fnt\n|faint|p1b: Emboar\n|-unboost|p2b: Kommo-o|def|1\n|move|p2a: Incineroar|Parting Shot|p1a: Starmie\n|-activate|p1a: Starmie|move: Protect\n|\n|-heal|p2b: Kommo-o|79/100|[from] item: Leftovers\n|upkeep\n|\n|t:|1776339932\n|switch|p1b: Whimsicott|Whimsicott, L50, F, shiny|100/100\n|turn|3\n|\n|t:|1776339952\n|switch|p2b: Mamoswine|Mamoswine, L50, F|100/100\n|move|p1b: Whimsicott|Tailwind|p1b: Whimsicott\n|-sidestart|p1: Dramgar_04|move: Tailwind\n|move|p1a: Starmie|Liquidation|p2a: Incineroar\n|-supereffective|p2a: Incineroar|1\n|-damage|p2a: Incineroar|0 fnt\n|faint|p2a: Incineroar\n|\n|upkeep\n|\n|t:|1776339960\n|switch|p2a: Gengar|Gengar, L50, F, shiny|100/100\n|turn|4\n|\n|t:|1776339974\n|detailschange|p2a: Gengar|Gengar-Mega, L50, F, shiny\n|-mega|p2a: Gengar|Gengar|Gengarite\n|move|p1b: Whimsicott|Protect|p1b: Whimsicott\n|-singleturn|p1b: Whimsicott|Protect\n|move|p2a: Gengar|Protect|p2a: Gengar\n|-singleturn|p2a: Gengar|Protect\n|move|p1a: Starmie|Zen Headbutt|p2a: Gengar\n|-activate|p2a: Gengar|move: Protect\n|move|p2b: Mamoswine|High Horsepower|p1a: Starmie\n|-damage|p1a: Starmie|12/100\n|\n|upkeep\n|turn|5\n|inactive|Eeveian has 30 seconds left.\n|inactive|Eeveian has 20 seconds left.\n|inactive|Eeveian has 15 seconds left.\n|inactive|Eeveian has 10 seconds left.\n|\n|t:|1776340022\n|switch|p2a: Kommo-o|Kommo-o, L50, M|79/100\n|move|p1b: Whimsicott|Encore||[still]\n|-fail|p1b: Whimsicott\n|move|p1a: Starmie|Liquidation|p2b: Mamoswine\n|-supereffective|p2b: Mamoswine|1\n|-damage|p2b: Mamoswine|0 fnt\n|faint|p2b: Mamoswine\n|\n|-heal|p2a: Kommo-o|85/100|[from] item: Leftovers\n|upkeep\n|\n|t:|1776340030\n|switch|p2b: Gengar|Gengar-Mega, L50, F, shiny|100/100\n|turn|6\n|\n|t:|1776340048\n|move|p1b: Whimsicott|Protect|p1b: Whimsicott\n|-singleturn|p1b: Whimsicott|Protect\n|move|p1a: Starmie|Protect|p1a: Starmie\n|-singleturn|p1a: Starmie|Protect\n|move|p2b: Gengar|Shadow Ball|p1a: Starmie\n|-activate|p1a: Starmie|move: Protect\n|move|p2a: Kommo-o|Clanging Scales|p1a: Starmie|[spread] \n|-activate|p1a: Starmie|move: Protect\n|-activate|p1b: Whimsicott|move: Protect\n|\n|-heal|p2a: Kommo-o|91/100|[from] item: Leftovers\n|-sideend|p1: Dramgar_04|move: Tailwind\n|upkeep\n|turn|7\n|\n|t:|1776340071\n|move|p2b: Gengar|Protect|p2b: Gengar\n|-singleturn|p2b: Gengar|Protect\n|move|p1b: Whimsicott|Tailwind|p1b: Whimsicott\n|-sidestart|p1: Dramgar_04|move: Tailwind\n|move|p1a: Starmie|Zen Headbutt|p2b: Gengar\n|-activate|p2b: Gengar|move: Protect\n|move|p2a: Kommo-o|Clanging Scales|p1b: Whimsicott|[spread] p1a\n|-immune|p1b: Whimsicott\n|-damage|p1a: Starmie|0 fnt\n|faint|p1a: Starmie\n|-unboost|p2a: Kommo-o|def|1\n|\n|-heal|p2a: Kommo-o|97/100|[from] item: Leftovers\n|upkeep\n|\n|t:|1776340084\n|switch|p1a: Sinistcha|Sinistcha, L50|100/100\n|turn|8\n|inactive|Eeveian has 30 seconds left.\n|\n|t:|1776340111\n|move|p1b: Whimsicott|Encore|p2b: Gengar\n|-start|p2b: Gengar|Encore\n|move|p2b: Gengar|Protect||[still]\n|-fail|p2b: Gengar\n|move|p1a: Sinistcha|Matcha Gotcha|p2a: Kommo-o|[spread] p2b\n|-miss|p1a: Sinistcha|p2a: Kommo-o\n|-resisted|p2b: Gengar|1\n|-damage|p2b: Gengar|87/100\n|-status|p2b: Gengar|brn\n|move|p2a: Kommo-o|Clanging Scales|p1a: Sinistcha|[spread] p1a\n|-immune|p1b: Whimsicott\n|-damage|p1a: Sinistcha|70/100\n|-unboost|p2a: Kommo-o|def|1\n|\n|-heal|p2a: Kommo-o|100/100|[from] item: Leftovers\n|-damage|p2b: Gengar|81/100 brn|[from] brn\n|upkeep\n|turn|9\n|\n|t:|1776340131\n|move|p2b: Gengar|Protect|p2b: Gengar\n|-singleturn|p2b: Gengar|Protect\n|move|p1b: Whimsicott|Moonblast|p2a: Kommo-o\n|-supereffective|p2a: Kommo-o|2\n|-damage|p2a: Kommo-o|0 fnt\n|faint|p2a: Kommo-o\n|move|p1a: Sinistcha|Matcha Gotcha|p2b: Gengar\n|-activate|p2b: Gengar|move: Protect\n|\n|-damage|p2b: Gengar|75/100 brn|[from] brn\n|upkeep\n|turn|10\n|\n|t:|1776340153\n|move|p2b: Gengar|Protect||[still]\n|-fail|p2b: Gengar\n|move|p1b: Whimsicott|Moonblast|p2b: Gengar\n|-resisted|p2b: Gengar|1\n|-damage|p2b: Gengar|59/100 brn\n|move|p1a: Sinistcha|Matcha Gotcha|p2b: Gengar\n|-resisted|p2b: Gengar|1\n|-damage|p2b: Gengar|39/100 brn\n|-heal|p1a: Sinistcha|78/100|[from] drain|[of] p2b: Gengar\n|\n|-damage|p2b: Gengar|33/100 brn|[from] brn\n|-end|p2b: Gengar|Encore\n|-sideend|p1: Dramgar_04|move: Tailwind\n|upkeep\n|turn|11\n|\n|t:|1776340174\n|move|p1b: Whimsicott|Encore|p2b: Gengar\n|-start|p2b: Gengar|Encore\n|move|p2b: Gengar|Protect|p2b: Gengar\n|-singleturn|p2b: Gengar|Protect\n|move|p1a: Sinistcha|Life Dew||[still]|[spread] p1a,p1b\n|-heal|p1a: Sinistcha|100/100\n|-fail|p1b: Whimsicott|heal\n|\n|-damage|p2b: Gengar|27/100 brn|[from] brn\n|upkeep\n|turn|12\n|-message|Eeveian forfeited.\n|\n|win|Dramgar_04\n|raw|Dramgar_04's rating: 1129 &rarr; <strong>1158</strong><br />(+29 for winning)\n|raw|Eeveian's rating: 1192 &rarr; <strong>1163</strong><br />(-29 for losing)\n|l|\u2606Eeveian\n|player|p2|\n",
  "uploadtime": 1776342270,
  "views": 22,
  "formatid": "gen9championsvgc2026regma",
  "rating": 1158,
  "private": 0,
  "password": null
}