{
  "id": "gen9championsvgc2026regma-2585859068",
  "format": "[Gen 9 Champions] VGC 2026 Reg M-A",
  "players": [
    "Strin",
    "KarlPeixoto"
  ],
  "log": "|j|\u2606Strin\n|j|\u2606KarlPeixoto\n|t:|1776376135\n|gametype|doubles\n|player|p1|Strin|266|1020\n|player|p2|KarlPeixoto|265|1095\n|gen|9\n|tier|[Gen 9 Champions] VGC 2026 Reg M-A\n|rated|\n|rule|Species Clause: Limit one of each Pok\u00e9mon\n|rule|Item Clause: Limit 1 of each item\n|clearpoke\n|poke|p1|Hydreigon, L50, F|\n|poke|p1|Feraligatr, L50, M|\n|poke|p1|Sableye, L50, M|\n|poke|p1|Ninetales-Alola, L50, F|\n|poke|p1|Abomasnow, L50, F|\n|poke|p1|Talonflame, L50, M|\n|poke|p2|Delphox, L50, F|\n|poke|p2|Basculegion, L50, M|\n|poke|p2|Kingambit, L50, F|\n|poke|p2|Dragonite, L50, M|\n|poke|p2|Clefable, L50, F|\n|poke|p2|Milotic, L50, F|\n|teampreview|4\n|inactive|Battle timer is ON: inactive players will automatically lose when time's up. (requested by Strin)\n|\n|t:|1776376164\n|teamsize|p1|4\n|teamsize|p2|4\n|start\n|switch|p1a: Sableye|Sableye, L50, M|100/100\n|switch|p1b: Feraligatr|Feraligatr, L50, M|100/100\n|switch|p2a: Clefable|Clefable, L50, F, shiny|100/100\n|switch|p2b: Basculegion|Basculegion, L50, M, shiny|100/100\n|turn|1\n|inactive|Strin has 30 seconds left.\n|inactive|Strin has 20 seconds left.\n|\n|t:|1776376200\n|move|p2b: Basculegion|Aqua Jet|p1a: Sableye\n|-crit|p1a: Sableye\n|-damage|p1a: Sableye|51/100\n|move|p1b: Feraligatr|Dragon Dance|p1b: Feraligatr\n|-boost|p1b: Feraligatr|atk|1\n|-boost|p1b: Feraligatr|spe|1\n|move|p2a: Clefable|Moonblast|p1a: Sableye\n|-supereffective|p1a: Sableye|1\n|-damage|p1a: Sableye|0 fnt\n|faint|p1a: Sableye\n|\n|upkeep\n|\n|t:|1776376209\n|switch|p1a: Abomasnow|Abomasnow, L50, F|100/100\n|-weather|Snowscape|[from] ability: Snow Warning|[of] p1a: Abomasnow\n|turn|2\n|\n|t:|1776376227\n|switch|p2b: Kingambit|Kingambit, L50, F|100/100\n|move|p2a: Clefable|Follow Me|p2a: Clefable\n|-singleturn|p2a: Clefable|move: Follow Me\n|move|p1b: Feraligatr|Dragon Dance|p1b: Feraligatr\n|-boost|p1b: Feraligatr|atk|1\n|-boost|p1b: Feraligatr|spe|1\n|move|p1a: Abomasnow|Energy Ball|p2a: Clefable\n|-damage|p2a: Clefable|65/100\n|\n|-weather|Snowscape|[upkeep]\n|upkeep\n|turn|3\n|\n|t:|1776376246\n|detailschange|p1b: Feraligatr|Feraligatr-Mega, L50, M\n|-mega|p1b: Feraligatr|Feraligatr|Feraligite\n|move|p2a: Clefable|Follow Me|p2a: Clefable\n|-singleturn|p2a: Clefable|move: Follow Me\n|move|p1b: Feraligatr|Liquidation|p2a: Clefable\n|-damage|p2a: Clefable|10/100\n|-enditem|p2a: Clefable|Sitrus Berry|[eat]\n|-heal|p2a: Clefable|35/100|[from] item: Sitrus Berry\n|move|p1a: Abomasnow|Blizzard|p2a: Clefable|[spread] p2a,p2b\n|-resisted|p2b: Kingambit|1\n|-damage|p2a: Clefable|2/100\n|-damage|p2b: Kingambit|82/100\n|move|p2b: Kingambit|Swords Dance|p2b: Kingambit\n|-boost|p2b: Kingambit|atk|2\n|\n|-weather|Snowscape|[upkeep]\n|upkeep\n|turn|4\n|\n|t:|1776376267\n|move|p1b: Feraligatr|Protect|p1b: Feraligatr\n|-singleturn|p1b: Feraligatr|Protect\n|move|p2a: Clefable|Follow Me|p2a: Clefable\n|-singleturn|p2a: Clefable|move: Follow Me\n|move|p1a: Abomasnow|Blizzard|p2b: Kingambit|[spread] p2a,p2b\n|-resisted|p2b: Kingambit|1\n|-damage|p2a: Clefable|0 fnt\n|-damage|p2b: Kingambit|63/100\n|faint|p2a: Clefable\n|move|p2b: Kingambit|Kowtow Cleave|p1b: Feraligatr\n|-activate|p1b: Feraligatr|move: Protect\n|\n|-weather|Snowscape|[upkeep]\n|upkeep\n|\n|t:|1776376275\n|switch|p2a: Dragonite|Dragonite, L50, M|100/100\n|turn|5\n|\n|t:|1776376287\n|detailschange|p2a: Dragonite|Dragonite-Mega, L50, M\n|-mega|p2a: Dragonite|Dragonite|Dragoninite\n|move|p1b: Feraligatr|Liquidation|p2b: Kingambit\n|-damage|p2b: Kingambit|0 fnt\n|faint|p2b: Kingambit\n|move|p2a: Dragonite|Haze|p2a: Dragonite\n|-clearallboost\n|move|p1a: Abomasnow|Blizzard|p2a: Dragonite\n|-supereffective|p2a: Dragonite|2\n|-damage|p2a: Dragonite|8/100\n|\n|-weather|Snowscape|[upkeep]\n|upkeep\n|\n|t:|1776376297\n|switch|p2b: Basculegion|Basculegion, L50, M, shiny|100/100\n|turn|6\n|\n|t:|1776376308\n|move|p2b: Basculegion|Last Respects|p1a: Abomasnow\n|-damage|p1a: Abomasnow|8/100\n|move|p2a: Dragonite|Dragon Claw|p1b: Feraligatr\n|-supereffective|p1b: Feraligatr|1\n|-damage|p1b: Feraligatr|26/100\n|move|p1b: Feraligatr|Double-Edge|p2b: Basculegion\n|-damage|p2b: Basculegion|0 fnt\n|faint|p2b: Basculegion\n|-damage|p1b: Feraligatr|0 fnt|[from] Recoil\n|faint|p1b: Feraligatr\n|move|p1a: Abomasnow|Energy Ball|p2a: Dragonite\n|-resisted|p2a: Dragonite|2\n|-damage|p2a: Dragonite|0 fnt\n|faint|p2a: Dragonite\n|\n|win|Strin\n|raw|Strin's rating: 1020 &rarr; <strong>1065</strong><br />(+45 for winning)\n|raw|KarlPeixoto's rating: 1095 &rarr; <strong>1066</strong><br />(-29 for losing)\n|l|\u2606KarlPeixoto\n|player|p2|\n",
  "uploadtime": 1776376326,
  "views": 15,
  "formatid": "gen9championsvgc2026regma",
  "rating": 1065,
  "private": 0,
  "password": null
}