{
  "id": "gen9championsvgc2026regma-2582196782",
  "format": "[Gen 9 Champions] VGC 2026 Reg M-A",
  "players": [
    "suzuxsuzu",
    "Mr. Bean Stan"
  ],
  "log": "|j|\u2606suzuxsuzu\n|j|\u2606Mr. Bean Stan\n|t:|1776070092\n|gametype|doubles\n|player|p1|suzuxsuzu|170|1149\n|player|p2|Mr. Bean Stan|gentleman-gen6|1200\n|gen|9\n|tier|[Gen 9 Champions] VGC 2026 Reg M-A\n|rated|\n|rule|Species Clause: Limit one of each Pok\u00e9mon\n|rule|Item Clause: Limit 1 of each item\n|clearpoke\n|poke|p1|Infernape, L50, M|\n|poke|p1|Charizard, L50, F|\n|poke|p1|Goodra-Hisui, L50, M|\n|poke|p1|Meowscarada, L50, F|\n|poke|p1|Sylveon, L50, M|\n|poke|p1|Dragapult, L50, F|\n|poke|p2|Farigiraf, L50, F|\n|poke|p2|Incineroar, L50, F|\n|poke|p2|Crabominable, L50, M|\n|poke|p2|Torkoal, L50, F|\n|poke|p2|Sinistcha-Masterpiece, L50|\n|poke|p2|Basculegion, L50, M|\n|teampreview|4\n|inactive|Battle timer is ON: inactive players will automatically lose when time's up. (requested by Mr. Bean Stan)\n|\n|t:|1776070126\n|teamsize|p1|4\n|teamsize|p2|4\n|start\n|switch|p1a: Infernape|Infernape, L50, M|100/100\n|switch|p1b: Charizard|Charizard, L50, F|100/100\n|switch|p2a: Farigiraf|Farigiraf, L50, F|100/100\n|switch|p2b: Incineroar|Incineroar, L50, F|100/100\n|-ability|p2b: Incineroar|Intimidate|boost\n|-unboost|p1a: Infernape|atk|1\n|-unboost|p1b: Charizard|atk|1\n|turn|1\n|\n|t:|1776070144\n|detailschange|p1b: Charizard|Charizard-Mega-Y, L50, F\n|-mega|p1b: Charizard|Charizard|Charizardite Y\n|-weather|SunnyDay|[from] ability: Drought|[of] p1b: Charizard\n|move|p2b: Incineroar|Fake Out|p1b: Charizard\n|-damage|p1b: Charizard|82/100\n|move|p1a: Infernape|Taunt|p2a: Farigiraf\n|-start|p2a: Farigiraf|move: Taunt\n|-enditem|p2a: Farigiraf|Mental Herb\n|-end|p2a: Farigiraf|move: Taunt\n|cant|p1b: Charizard|flinch\n|move|p2a: Farigiraf|Trick Room|p2a: Farigiraf\n|-fieldstart|move: Trick Room|[of] p2a: Farigiraf\n|\n|-weather|SunnyDay|[upkeep]\n|upkeep\n|turn|2\n|\n|t:|1776070168\n|move|p2a: Farigiraf|Twin Beam|p1a: Infernape\n|-supereffective|p1a: Infernape|1\n|-damage|p1a: Infernape|38/100\n|-supereffective|p1a: Infernape|1\n|-damage|p1a: Infernape|0 fnt\n|faint|p1a: Infernape\n|-hitcount|p1: Infernape|2\n|move|p2b: Incineroar|Flare Blitz|p1b: Charizard\n|-resisted|p1b: Charizard|1\n|-damage|p1b: Charizard|10/100\n|-damage|p2b: Incineroar|82/100|[from] Recoil\n|move|p1b: Charizard|Heat Wave|p2b: Incineroar|[spread] p2a,p2b\n|-crit|p2a: Farigiraf\n|-resisted|p2b: Incineroar|1\n|-damage|p2a: Farigiraf|0 fnt\n|-damage|p2b: Incineroar|50/100\n|faint|p2a: Farigiraf\n|\n|-weather|SunnyDay|[upkeep]\n|upkeep\n|inactive|suzuxsuzu has 30 seconds left.\n|\n|t:|1776070197\n|switch|p2a: Torkoal|Torkoal, L50, F|100/100\n|switch|p1a: Goodra|Goodra-Hisui, L50, M|100/100\n|turn|3\n|\n|t:|1776070215\n|move|p1a: Goodra|Protect|p1a: Goodra\n|-singleturn|p1a: Goodra|Protect\n|move|p2a: Torkoal|Eruption|p1a: Goodra|[spread] p1b\n|-activate|p1a: Goodra|move: Protect\n|-resisted|p1b: Charizard|1\n|-damage|p1b: Charizard|0 fnt\n|faint|p1b: Charizard\n|move|p2b: Incineroar|Close Combat|p1a: Goodra\n|-activate|p1a: Goodra|move: Protect\n|\n|-weather|SunnyDay|[upkeep]\n|upkeep\n|\n|t:|1776070225\n|switch|p1b: Sylveon|Sylveon, L50, M|100/100\n|turn|4\n|inactive|Mr. Bean Stan has 30 seconds left.\n|\n|t:|1776070257\n|move|p2a: Torkoal|Eruption|p1b: Sylveon|[spread] p1a,p1b\n|-damage|p1a: Goodra|40/100\n|-damage|p1b: Sylveon|40/100\n|move|p1b: Sylveon|Hyper Voice|p2b: Incineroar|[spread] p2a,p2b\n|-resisted|p2a: Torkoal|1\n|-damage|p2a: Torkoal|70/100\n|-damage|p2b: Incineroar|0 fnt\n|faint|p2b: Incineroar\n|move|p1a: Goodra|Thunderbolt|p2a: Torkoal\n|-damage|p2a: Torkoal|30/100\n|\n|-weather|SunnyDay|[upkeep]\n|-heal|p1a: Goodra|46/100|[from] item: Leftovers\n|upkeep\n|\n|t:|1776070266\n|switch|p2b: Crabominable|Crabominable, L50, M|100/100\n|turn|5\n|\n|t:|1776070281\n|detailschange|p2b: Crabominable|Crabominable-Mega, L50, M\n|-mega|p2b: Crabominable|Crabominable|Crabominite\n|move|p1b: Sylveon|Protect|p1b: Sylveon\n|-singleturn|p1b: Sylveon|Protect\n|move|p1a: Goodra|Protect|p1a: Goodra\n|-singleturn|p1a: Goodra|Protect\n|move|p2a: Torkoal|Heat Wave|p1a: Goodra|[spread] \n|-activate|p1a: Goodra|move: Protect\n|-activate|p1b: Sylveon|move: Protect\n|move|p2b: Crabominable|Ice Hammer|p1b: Sylveon\n|-activate|p1b: Sylveon|move: Protect\n|\n|-weather|none\n|-heal|p1a: Goodra|52/100|[from] item: Leftovers\n|-fieldend|move: Trick Room\n|upkeep\n|turn|6\n|inactive|suzuxsuzu has 30 seconds left.\n|inactive|Mr. Bean Stan has 30 seconds left.\n|\n|t:|1776070312\n|move|p2b: Crabominable|Mach Punch|p1a: Goodra\n|-supereffective|p1a: Goodra|1\n|-damage|p1a: Goodra|0 fnt\n|-ability|p1a: Goodra|Gooey\n|-unboost|p2b: Crabominable|spe|1\n|faint|p1a: Goodra\n|move|p1b: Sylveon|Hyper Voice|p2b: Crabominable|[spread] p2a,p2b\n|-resisted|p2a: Torkoal|1\n|-crit|p2a: Torkoal\n|-supereffective|p2b: Crabominable|1\n|-damage|p2a: Torkoal|0 fnt\n|-damage|p2b: Crabominable|19/100\n|faint|p2a: Torkoal\n|\n|upkeep\n|turn|7\n|\n|t:|1776070328\n|move|p2b: Crabominable|Mach Punch|p1b: Sylveon\n|-resisted|p1b: Sylveon|1\n|-damage|p1b: Sylveon|19/100\n|move|p1b: Sylveon|Hyper Voice|p2b: Crabominable\n|-supereffective|p2b: Crabominable|1\n|-damage|p2b: Crabominable|0 fnt\n|faint|p2b: Crabominable\n|\n|win|suzuxsuzu\n|raw|suzuxsuzu's rating: 1149 &rarr; <strong>1178</strong><br />(+29 for winning)\n|raw|Mr. Bean Stan's rating: 1200 &rarr; <strong>1171</strong><br />(-29 for losing)\n|l|\u2606Mr. Bean Stan\n|player|p2|\n",
  "uploadtime": 1776070336,
  "views": 15,
  "formatid": "gen9championsvgc2026regma",
  "rating": 1171,
  "private": 0,
  "password": null
}