{
  "id": "gen9championsvgc2026regma-2588524049",
  "format": "[Gen 9 Champions] VGC 2026 Reg M-A",
  "players": [
    "jonathan53332",
    "FudgeRipplez"
  ],
  "log": "|j|\u2606jonathan53332\n|j|\u2606FudgeRipplez\n|html|<table width=\"100%\"><tr><td align=\"left\">jonathan53332</td><td align=\"right\">FudgeRipplez</tr><tr><td align=\"left\"><i class=\"fa fa-circle\"></i> <i class=\"fa fa-circle-o\"></i> </td><td align=\"right\"><i class=\"fa fa-circle-o\"></i> <i class=\"fa fa-circle-o\"></i> </tr></table>\n|uhtml|bestof|<h2><strong>Game 2</strong> of <a href=\"/game-bestof3-gen9championsvgc2026regma-2588521024\">a best-of-3</a></h2>\n|t:|1776641485\n|gametype|doubles\n|player|p1|jonathan53332|102|\n|player|p2|FudgeRipplez|265|\n|gen|9\n|tier|[Gen 9 Champions] VGC 2026 Reg M-A\n|rule|Species Clause: Limit one of each Pok\u00e9mon\n|rule|Item Clause: Limit 1 of each item\n|raw|<div class=\"infobox\"><details class=\"readmore\" open><summary><strong>1 custom rule:</strong></summary> Best of = 3</details></div>\n|clearpoke\n|poke|p1|Meganium, L50, M, shiny|\n|poke|p1|Pelipper, L50, F|\n|poke|p1|Primarina, L50, M|\n|poke|p1|Sinistcha-Masterpiece, L50, shiny|\n|poke|p1|Archaludon, L50, M, shiny|\n|poke|p1|Empoleon, L50, F|\n|poke|p2|Victreebel, L50, M|\n|poke|p2|Maushold-Four, L50, shiny|\n|poke|p2|Sinistcha-Masterpiece, L50, shiny|\n|poke|p2|Toxapex, L50, F, shiny|\n|poke|p2|Feraligatr, L50, F|\n|poke|p2|Hatterene, L50, F|\n|teampreview|4\n|\n|t:|1776641535\n|teamsize|p1|4\n|teamsize|p2|4\n|start\n|switch|p1a: Pelipper|Pelipper, L50, F|100/100\n|switch|p1b: Meganium|Meganium, L50, M, shiny|100/100\n|switch|p2a: Sinistcha|Sinistcha-Masterpiece, L50, shiny|100/100\n|switch|p2b: Toxapex|Toxapex, L50, F, shiny|100/100\n|-weather|RainDance|[from] ability: Drizzle|[of] p1a: Pelipper\n|turn|1\n|\n|t:|1776641583\n|detailschange|p1b: Meganium|Meganium-Mega, L50, M, shiny\n|-mega|p1b: Meganium|Meganium|Meganiumite\n|move|p1b: Meganium|Solar Beam||[still]\n|-prepare|p1b: Meganium|Solar Beam\n|-activate|p1b: Meganium|ability: Mega Sol\n|-anim|p1b: Meganium|Solar Beam|p2b: Toxapex\n|-damage|p2b: Toxapex|48/100\n|move|p1a: Pelipper|Hurricane|p2a: Sinistcha\n|-supereffective|p2a: Sinistcha|1\n|-damage|p2a: Sinistcha|2/100\n|-enditem|p2a: Sinistcha|Sitrus Berry|[eat]\n|-heal|p2a: Sinistcha|26/100|[from] item: Sitrus Berry\n|move|p2b: Toxapex|Toxic Spikes|p1a: Pelipper\n|-sidestart|p1: jonathan53332|move: Toxic Spikes\n|move|p2a: Sinistcha|Trick Room|p2a: Sinistcha\n|-fieldstart|move: Trick Room|[of] p2a: Sinistcha\n|\n|-weather|RainDance|[upkeep]\n|-heal|p2b: Toxapex|54/100|[from] item: Leftovers\n|upkeep\n|turn|2\n|\n|t:|1776641610\n|switch|p2b: Victreebel|Victreebel, L50, M|100/100\n|switch|p2a: Maushold|Maushold-Four, L50, shiny|100/100\n|move|p1a: Pelipper|Hurricane|p2b: Victreebel\n|-supereffective|p2b: Victreebel|1\n|-crit|p2b: Victreebel\n|-damage|p2b: Victreebel|0 fnt\n|faint|p2b: Victreebel\n|move|p1b: Meganium|Solar Beam||[still]\n|-prepare|p1b: Meganium|Solar Beam\n|-activate|p1b: Meganium|ability: Mega Sol\n|-anim|p1b: Meganium|Solar Beam|p2a: Maushold\n|-damage|p2a: Maushold|18/100\n|\n|-weather|RainDance|[upkeep]\n|upkeep\n|\n|t:|1776641616\n|switch|p2b: Toxapex|Toxapex, L50, F, shiny|87/100\n|turn|3\n|\n|t:|1776641649\n|move|p2b: Toxapex|Infestation|p1b: Meganium\n|-damage|p1b: Meganium|97/100\n|-activate|p1b: Meganium|move: Infestation|[of] p2b: Toxapex\n|move|p2a: Maushold|Population Bomb|p1b: Meganium\n|-crit|p1b: Meganium\n|-damage|p1b: Meganium|78/100\n|-damage|p1b: Meganium|64/100\n|-damage|p1b: Meganium|51/100\n|-hitcount|p1b: Meganium|3\n|move|p1a: Pelipper|Icy Wind|p2b: Toxapex|[spread] p2a,p2b\n|-resisted|p2b: Toxapex|1\n|-damage|p2a: Maushold|2/100\n|-damage|p2b: Toxapex|83/100\n|-unboost|p2a: Maushold|spe|1\n|-unboost|p2b: Toxapex|spe|1\n|cant|p1b: Meganium|flinch\n|\n|-weather|RainDance|[upkeep]\n|-heal|p2b: Toxapex|88/100|[from] item: Leftovers\n|-damage|p1b: Meganium|39/100|[from] move: Infestation|[partiallytrapped]\n|upkeep\n|turn|4\n|\n|t:|1776641678\n|move|p2b: Toxapex|Baneful Bunker|p2b: Toxapex\n|-singleturn|p2b: Toxapex|move: Protect\n|move|p2a: Maushold|Aerial Ace|p1b: Meganium\n|-supereffective|p1b: Meganium|1\n|-damage|p1b: Meganium|0 fnt\n|faint|p1b: Meganium\n|move|p1a: Pelipper|Hurricane|p2b: Toxapex\n|-activate|p2b: Toxapex|move: Protect\n|\n|-weather|RainDance|[upkeep]\n|-heal|p2b: Toxapex|94/100|[from] item: Leftovers\n|upkeep\n|\n|t:|1776641686\n|switch|p1b: Primarina|Primarina, L50, M|100/100\n|-status|p1b: Primarina|psn\n|turn|5\n|\n|t:|1776641699\n|move|p2b: Toxapex|Toxic|p1a: Pelipper\n|-status|p1a: Pelipper|tox\n|move|p2a: Maushold|Bullet Seed|p1b: Primarina\n|-supereffective|p1b: Primarina|1\n|-damage|p1b: Primarina|69/100 psn\n|-supereffective|p1b: Primarina|1\n|-damage|p1b: Primarina|41/100 psn\n|-hitcount|p1b: Primarina|2\n|move|p1b: Primarina|Hyper Voice|p2a: Maushold|[spread] p2a,p2b\n|-resisted|p2b: Toxapex|1\n|-damage|p2a: Maushold|0 fnt\n|-damage|p2b: Toxapex|72/100\n|faint|p2a: Maushold\n|move|p1a: Pelipper|Hurricane|p2b: Toxapex\n|-damage|p2b: Toxapex|35/100\n|-start|p2b: Toxapex|confusion\n|\n|-weather|none\n|-heal|p2b: Toxapex|41/100|[from] item: Leftovers\n|-heal|p1b: Primarina|46/100 psn|[from] item: Leftovers\n|-damage|p1b: Primarina|34/100 psn|[from] psn\n|-damage|p1a: Pelipper|95/100 tox|[from] psn\n|-fieldend|move: Trick Room\n|upkeep\n|\n|t:|1776641703\n|switch|p2a: Sinistcha|Sinistcha-Masterpiece, L50, shiny|26/100\n|-heal|p2b: Toxapex|65/100|[from] ability: Hospitality|[of] p2a: Sinistcha\n|turn|6\n|\n|t:|1776641716\n|-activate|p2b: Toxapex|confusion\n|move|p2b: Toxapex|Baneful Bunker|p2b: Toxapex\n|-singleturn|p2b: Toxapex|move: Protect\n|move|p1a: Pelipper|Icy Wind|p2b: Toxapex|[spread] p2a\n|-activate|p2b: Toxapex|move: Protect\n|-supereffective|p2a: Sinistcha|1\n|-damage|p2a: Sinistcha|0 fnt\n|faint|p2a: Sinistcha\n|move|p1b: Primarina|Shadow Ball|p2b: Toxapex\n|-activate|p2b: Toxapex|move: Protect\n|\n|-heal|p1b: Primarina|40/100 psn|[from] item: Leftovers\n|-heal|p2b: Toxapex|71/100|[from] item: Leftovers\n|-damage|p1a: Pelipper|83/100 tox|[from] psn\n|-damage|p1b: Primarina|28/100 psn|[from] psn\n|upkeep\n|turn|7\n|\n|t:|1776641731\n|move|p1a: Pelipper|Hurricane|p2b: Toxapex\n|-damage|p2b: Toxapex|34/100\n|move|p1b: Primarina|Energy Ball|p2b: Toxapex\n|-damage|p2b: Toxapex|9/100\n|-unboost|p2b: Toxapex|spd|1\n|-activate|p2b: Toxapex|confusion\n|-damage|p2b: Toxapex|5/100|[from] confusion\n|\n|-heal|p1b: Primarina|34/100 psn|[from] item: Leftovers\n|-heal|p2b: Toxapex|11/100|[from] item: Leftovers\n|-damage|p1a: Pelipper|65/100 tox|[from] psn\n|-damage|p1b: Primarina|22/100 psn|[from] psn\n|upkeep\n|turn|8\n|\n|t:|1776641744\n|-activate|p2b: Toxapex|confusion\n|-damage|p2b: Toxapex|6/100|[from] confusion\n|move|p1a: Pelipper|Icy Wind|p2b: Toxapex\n|-resisted|p2b: Toxapex|1\n|-damage|p2b: Toxapex|0 fnt\n|faint|p2b: Toxapex\n|\n|win|jonathan53332\n",
  "uploadtime": 1776641746,
  "views": 11,
  "formatid": "gen9championsvgc2026regma",
  "rating": null,
  "private": 0,
  "password": null
}