{
  "id": "gen9championsvgc2026regma-2584874867",
  "format": "[Gen 9 Champions] VGC 2026 Reg M-A",
  "players": [
    "fhadfgdasdfsdf",
    "yuriimon"
  ],
  "log": "|j|\u2606fhadfgdasdfsdf\n|j|\u2606yuriimon\n|t:|1776290597\n|gametype|doubles\n|player|p1|fhadfgdasdfsdf|gentleman-gen4|1071\n|player|p2|yuriimon|waitress-gen4|1135\n|gen|9\n|tier|[Gen 9 Champions] VGC 2026 Reg M-A\n|rated|\n|rule|Species Clause: Limit one of each Pok\u00e9mon\n|rule|Item Clause: Limit 1 of each item\n|clearpoke\n|poke|p1|Alakazam, L50, F|\n|poke|p1|Meowstic, L50, M|\n|poke|p1|Maushold-Four, L50|\n|poke|p1|Torkoal, L50, F|\n|poke|p1|Venusaur, L50, M|\n|poke|p1|Sneasler, L50, M|\n|poke|p2|Glimmora, L50, F|\n|poke|p2|Incineroar, L50, M|\n|poke|p2|Archaludon, L50, F|\n|poke|p2|Politoed, L50, M|\n|poke|p2|Basculegion, L50, M|\n|poke|p2|Chesnaught, L50, F|\n|teampreview|4\n|inactive|Battle timer is ON: inactive players will automatically lose when time's up. (requested by yuriimon)\n|inactive|yuriimon has 60 seconds left.\n|\n|t:|1776290634\n|teamsize|p1|4\n|teamsize|p2|4\n|start\n|switch|p1a: Meowstic|Meowstic, L50, M|100/100\n|switch|p1b: Venusaur|Venusaur, L50, M|100/100\n|switch|p2a: Incineroar|Incineroar, L50, M|100/100\n|switch|p2b: Basculegion|Basculegion, L50, M|100/100\n|-ability|p2a: Incineroar|Intimidate|boost\n|-unboost|p1a: Meowstic|atk|1\n|-unboost|p1b: Venusaur|atk|1\n|turn|1\n|\n|t:|1776290649\n|switch|p1a: Torkoal|Torkoal, L50, F|100/100\n|-weather|SunnyDay|[from] ability: Drought|[of] p1a: Torkoal\n|move|p1b: Venusaur|Sleep Powder|p2b: Basculegion\n|-status|p2b: Basculegion|slp|[from] move: Sleep Powder\n|cant|p2b: Basculegion|slp\n|move|p2a: Incineroar|Flare Blitz|p1b: Venusaur\n|-supereffective|p1b: Venusaur|1\n|-crit|p1b: Venusaur\n|-enditem|p1b: Venusaur|Focus Sash\n|-damage|p1b: Venusaur|1/100\n|-damage|p2a: Incineroar|75/100|[from] Recoil\n|\n|-weather|SunnyDay|[upkeep]\n|upkeep\n|turn|2\n|\n|t:|1776290669\n|switch|p2a: Politoed|Politoed, L50, M|100/100\n|-weather|RainDance|[from] ability: Drizzle|[of] p2a: Politoed\n|switch|p1a: Meowstic|Meowstic, L50, M|100/100\n|move|p1b: Venusaur|Protect|p1b: Venusaur\n|-singleturn|p1b: Venusaur|Protect\n|cant|p2b: Basculegion|slp\n|\n|-weather|RainDance|[upkeep]\n|upkeep\n|turn|3\n|\n|t:|1776290683\n|switch|p2a: Incineroar|Incineroar, L50, M|75/100\n|-ability|p2a: Incineroar|Intimidate|boost\n|-unboost|p1a: Meowstic|atk|1\n|-unboost|p1b: Venusaur|atk|1\n|-curestatus|p2b: Basculegion|slp|[msg]\n|move|p2b: Basculegion|Aqua Jet|p1b: Venusaur\n|-resisted|p1b: Venusaur|1\n|-damage|p1b: Venusaur|0 fnt\n|faint|p1b: Venusaur\n|move|p1a: Meowstic|Gravity|p1a: Meowstic\n|-fieldstart|move: Gravity\n|\n|-weather|RainDance|[upkeep]\n|upkeep\n|\n|t:|1776290699\n|switch|p1b: Torkoal|Torkoal, L50, F|100/100\n|-weather|SunnyDay|[from] ability: Drought|[of] p1b: Torkoal\n|turn|4\n|\n|t:|1776290721\n|switch|p2a: Politoed|Politoed, L50, M|100/100\n|-weather|RainDance|[from] ability: Drizzle|[of] p2a: Politoed\n|move|p1a: Meowstic|Sunny Day|p1a: Meowstic\n|-weather|SunnyDay\n|move|p2b: Basculegion|Wave Crash|p1b: Torkoal\n|-supereffective|p1b: Torkoal|1\n|-damage|p1b: Torkoal|45/100\n|-damage|p2b: Basculegion|85/100|[from] Recoil\n|move|p1b: Torkoal|Eruption|p2a: Politoed|[spread] p2a,p2b\n|-resisted|p2a: Politoed|1\n|-resisted|p2b: Basculegion|1\n|-damage|p2a: Politoed|84/100\n|-damage|p2b: Basculegion|65/100\n|\n|-weather|SunnyDay|[upkeep]\n|upkeep\n|turn|5\n|\n|t:|1776290744\n|switch|p1b: Alakazam|Alakazam, L50, F|100/100\n|move|p2a: Politoed|Helping Hand|p2b: Basculegion\n|-singleturn|p2b: Basculegion|Helping Hand|[of] p2a: Politoed\n|move|p1a: Meowstic|Psychic Terrain|p1a: Meowstic\n|-fieldstart|move: Psychic Terrain\n|move|p2b: Basculegion|Wave Crash|p1b: Alakazam\n|-damage|p1b: Alakazam|0 fnt\n|faint|p1b: Alakazam\n|-damage|p2b: Basculegion|43/100|[from] Recoil\n|\n|-weather|SunnyDay|[upkeep]\n|upkeep\n|-message|fhadfgdasdfsdf forfeited.\n|\n|win|yuriimon\n|raw|fhadfgdasdfsdf's rating: 1071 &rarr; <strong>1054</strong><br />(-17 for losing)\n|raw|yuriimon's rating: 1135 &rarr; <strong>1155</strong><br />(+20 for winning)\n|l|\u2606fhadfgdasdfsdf\n|player|p1|\n",
  "uploadtime": 1776290762,
  "views": 21,
  "formatid": "gen9championsvgc2026regma",
  "rating": 1054,
  "private": 0,
  "password": null
}