{
  "id": "gen9championsvgc2026regma-2587311001",
  "format": "[Gen 9 Champions] VGC 2026 Reg M-A",
  "players": [
    "DaviRay",
    "AustinMcballs"
  ],
  "log": "|j|\u2606DaviRay\n|j|\u2606AustinMcballs\n|t:|1776520822\n|gametype|doubles\n|player|p1|DaviRay|169|1035\n|player|p2|AustinMcballs|ortega|1113\n|gen|9\n|tier|[Gen 9 Champions] VGC 2026 Reg M-A\n|rated|\n|rule|Species Clause: Limit one of each Pok\u00e9mon\n|rule|Item Clause: Limit 1 of each item\n|clearpoke\n|poke|p1|Kingambit, L50, F, shiny|\n|poke|p1|Incineroar, L50, M, shiny|\n|poke|p1|Sneasler, L50, F, shiny|\n|poke|p1|Froslass, L50, F|\n|poke|p1|Aerodactyl, L50, F, shiny|\n|poke|p1|Clefable, L50, F|\n|poke|p2|Incineroar, L50, F|\n|poke|p2|Basculegion, L50, M|\n|poke|p2|Froslass, L50, F|\n|poke|p2|Sneasler, L50, F|\n|poke|p2|Corviknight, L50, M|\n|poke|p2|Rotom-Wash, L50|\n|teampreview|4\n|inactive|Battle timer is ON: inactive players will automatically lose when time's up. (requested by AustinMcballs)\n|inactive|DaviRay has 60 seconds left.\n|inactive|AustinMcballs has 60 seconds left.\n|inactive|AustinMcballs has 30 seconds left.\n|\n|t:|1776520900\n|teamsize|p1|4\n|teamsize|p2|4\n|start\n|switch|p1a: Aerodactyl|Aerodactyl, L50, F, shiny|100/100\n|switch|p1b: Sneasler|Sneasler, L50, F, shiny|100/100\n|switch|p2a: Basculegion|Basculegion, L50, M|100/100\n|switch|p2b: Rotom|Rotom-Wash, L50|100/100\n|turn|1\n|inactive|AustinMcballs has 30 seconds left.\n|\n|t:|1776520929\n|move|p1b: Sneasler|Fake Out|p2b: Rotom\n|-damage|p2b: Rotom|88/100\n|move|p2a: Basculegion|Flip Turn|p1a: Aerodactyl\n|-supereffective|p1a: Aerodactyl|1\n|-enditem|p1a: Aerodactyl|Focus Sash\n|-damage|p1a: Aerodactyl|1/100\n|inactive|AustinMcballs has 30 seconds left.\n|\n|t:|1776520956\n|switch|p2a: Sneasler|Sneasler, L50, F|100/100|[from] Flip Turn\n|move|p1a: Aerodactyl|Tailwind|p1a: Aerodactyl\n|-sidestart|p1: DaviRay|move: Tailwind\n|cant|p2b: Rotom|flinch\n|\n|upkeep\n|turn|2\n|inactive|AustinMcballs has 30 seconds left.\n|\n|t:|1776520985\n|move|p2a: Sneasler|Protect|p2a: Sneasler\n|-singleturn|p2a: Sneasler|Protect\n|move|p1a: Aerodactyl|Dual Wingbeat|p2a: Sneasler\n|-activate|p2a: Sneasler|move: Protect\n|move|p1b: Sneasler|Dire Claw|p2b: Rotom\n|-damage|p2b: Rotom|51/100\n|move|p2b: Rotom|Electroweb|p1a: Aerodactyl|[spread] p1a,p1b\n|-supereffective|p1a: Aerodactyl|1\n|-damage|p1a: Aerodactyl|0 fnt\n|-damage|p1b: Sneasler|79/100\n|-unboost|p1b: Sneasler|spe|1\n|faint|p1a: Aerodactyl\n|-enditem|p1b: Sneasler|White Herb\n|-clearnegativeboost|p1b: Sneasler|[silent]\n|\n|upkeep\n|\n|t:|1776520991\n|switch|p1a: Froslass|Froslass, L50, F|100/100\n|turn|3\n|\n|t:|1776521016\n|switch|p2a: Incineroar|Incineroar, L50, F|100/100\n|-ability|p2a: Incineroar|Intimidate|boost\n|-unboost|p1a: Froslass|atk|1\n|-unboost|p1b: Sneasler|atk|1\n|detailschange|p1a: Froslass|Froslass-Mega, L50, F\n|-mega|p1a: Froslass|Froslass|Froslassite\n|-weather|Snowscape|[from] ability: Snow Warning|[of] p1a: Froslass\n|move|p1b: Sneasler|Dire Claw|p2b: Rotom\n|-damage|p2b: Rotom|26/100\n|-status|p2b: Rotom|slp\n|move|p1a: Froslass|Aurora Veil|p1a: Froslass\n|-sidestart|p1: DaviRay|move: Aurora Veil\n|cant|p2b: Rotom|slp\n|\n|-weather|Snowscape|[upkeep]\n|upkeep\n|turn|4\n|\n|t:|1776521037\n|switch|p1a: Kingambit|Kingambit, L50, F, shiny|100/100\n|move|p2a: Incineroar|Fake Out|p1b: Sneasler\n|-damage|p1b: Sneasler|66/100\n|cant|p1b: Sneasler|flinch\n|cant|p2b: Rotom|slp\n|\n|-weather|Snowscape|[upkeep]\n|-sideend|p1: DaviRay|move: Tailwind\n|upkeep\n|turn|5\n|\n|t:|1776521053\n|switch|p2a: Basculegion|Basculegion, L50, M|100/100\n|move|p1a: Kingambit|Protect|p1a: Kingambit\n|-singleturn|p1a: Kingambit|Protect\n|move|p1b: Sneasler|Close Combat|p2a: Basculegion\n|-immune|p2a: Basculegion\n|-curestatus|p2b: Rotom|slp|[msg]\n|move|p2b: Rotom|Will-O-Wisp|p1a: Kingambit\n|-activate|p1a: Kingambit|move: Protect\n|\n|-weather|Snowscape|[upkeep]\n|upkeep\n|turn|6\n|inactive|AustinMcballs has 30 seconds left.\n|inactive|AustinMcballs has 20 seconds left.\n|inactive|AustinMcballs has 15 seconds left.\n|inactive|AustinMcballs has 10 seconds left.\n|\n|t:|1776521101\n|switch|p2a: Sneasler|Sneasler, L50, F|100/100\n|move|p1b: Sneasler|Dire Claw|p2b: Rotom\n|-damage|p2b: Rotom|0 fnt\n|faint|p2b: Rotom\n|move|p1a: Kingambit|Kowtow Cleave|p2a: Sneasler\n|-resisted|p2a: Sneasler|1\n|-damage|p2a: Sneasler|50/100\n|\n|-weather|Snowscape|[upkeep]\n|upkeep\n|\n|t:|1776521113\n|switch|p2b: Basculegion|Basculegion, L50, M|100/100\n|turn|7\n|inactive|DaviRay has 30 seconds left.\n|\n|t:|1776521139\n|move|p1b: Sneasler|Protect|p1b: Sneasler\n|-singleturn|p1b: Sneasler|Protect\n|move|p2b: Basculegion|Aqua Jet|p1b: Sneasler\n|-activate|p1b: Sneasler|move: Protect\n|move|p2a: Sneasler|Close Combat|p1a: Kingambit\n|-supereffective|p1a: Kingambit|2\n|-damage|p1a: Kingambit|0 fnt\n|-unboost|p2a: Sneasler|def|1\n|-unboost|p2a: Sneasler|spd|1\n|faint|p1a: Kingambit\n|-enditem|p2a: Sneasler|White Herb\n|-clearnegativeboost|p2a: Sneasler|[silent]\n|\n|-weather|none\n|-sideend|p1: DaviRay|move: Aurora Veil\n|upkeep\n|\n|t:|1776521147\n|switch|p1a: Froslass|Froslass-Mega, L50, F|100/100\n|-weather|Snowscape|[from] ability: Snow Warning|[of] p1a: Froslass\n|turn|8\n|\n|t:|1776521170\n|switch|p2b: Incineroar|Incineroar, L50, F|100/100\n|-ability|p2b: Incineroar|Intimidate|boost\n|-unboost|p1a: Froslass|atk|1\n|-unboost|p1b: Sneasler|atk|1\n|move|p1b: Sneasler|Close Combat|p2a: Sneasler\n|-resisted|p2a: Sneasler|1\n|-damage|p2a: Sneasler|22/100\n|-unboost|p1b: Sneasler|def|1\n|-unboost|p1b: Sneasler|spd|1\n|move|p2a: Sneasler|Dire Claw|p1a: Froslass\n|-resisted|p1a: Froslass|1\n|-damage|p1a: Froslass|77/100\n|move|p1a: Froslass|Shadow Ball|p2b: Incineroar\n|-resisted|p2b: Incineroar|1\n|-damage|p2b: Incineroar|80/100\n|\n|-weather|Snowscape|[upkeep]\n|upkeep\n|turn|9\n|\n|t:|1776521193\n|move|p1a: Froslass|Protect|p1a: Froslass\n|-singleturn|p1a: Froslass|Protect\n|move|p2b: Incineroar|Fake Out|p1b: Sneasler\n|-damage|p1b: Sneasler|38/100\n|cant|p1b: Sneasler|flinch\n|move|p2a: Sneasler|Dire Claw|p1a: Froslass\n|-activate|p1a: Froslass|move: Protect\n|\n|-weather|Snowscape|[upkeep]\n|upkeep\n|turn|10\n|\n|t:|1776521216\n|move|p1b: Sneasler|Close Combat|p2b: Incineroar\n|-supereffective|p2b: Incineroar|1\n|-damage|p2b: Incineroar|20/100\n|-unboost|p1b: Sneasler|def|1\n|-unboost|p1b: Sneasler|spd|1\n|-enditem|p2b: Incineroar|Sitrus Berry|[eat]\n|-heal|p2b: Incineroar|45/100|[from] item: Sitrus Berry\n|move|p2a: Sneasler|Close Combat|p1b: Sneasler\n|-resisted|p1b: Sneasler|1\n|-damage|p1b: Sneasler|0 fnt\n|-unboost|p2a: Sneasler|def|1\n|-unboost|p2a: Sneasler|spd|1\n|faint|p1b: Sneasler\n|move|p1a: Froslass|Shadow Ball|p2a: Sneasler\n|-damage|p2a: Sneasler|0 fnt\n|faint|p2a: Sneasler\n|move|p2b: Incineroar|Flare Blitz|p1a: Froslass\n|-supereffective|p1a: Froslass|1\n|-damage|p1a: Froslass|0 fnt\n|faint|p1a: Froslass\n|-damage|p2b: Incineroar|26/100|[from] Recoil\n|\n|win|AustinMcballs\n|raw|DaviRay's rating: 1035 &rarr; <strong>1023</strong><br />(-12 for losing)\n|raw|AustinMcballs's rating: 1113 &rarr; <strong>1132</strong><br />(+19 for winning)\n",
  "uploadtime": 1776521236,
  "views": 14,
  "formatid": "gen9championsvgc2026regma",
  "rating": 1023,
  "private": 0,
  "password": null
}