{
  "id": "gen9championsvgc2026regma-2582798315",
  "format": "[Gen 9 Champions] VGC 2026 Reg M-A",
  "players": [
    "chromate",
    "ischampionsout"
  ],
  "log": "|j|\u2606chromate\n|j|\u2606ischampionsout\n|t:|1776114934\n|gametype|doubles\n|player|p1|chromate|miku-ghost|\n|player|p2|ischampionsout|az|\n|gen|9\n|tier|[Gen 9 Champions] VGC 2026 Reg M-A\n|rated|Tournament battle\n|rule|Species Clause: Limit one of each Pok\u00e9mon\n|rule|Item Clause: Limit 1 of each item\n|raw|<div class=\"infobox\"><details class=\"readmore\" open><summary><strong>1 custom rule:</strong></summary> Force Open Team Sheets</details></div>\n|clearpoke\n|poke|p1|Charizard, L50, M|\n|poke|p1|Whimsicott, L50, M|\n|poke|p1|Garchomp, L50, M|\n|poke|p1|Sneasler, L50, F|\n|poke|p1|Kingambit, L50, F|\n|poke|p1|Sylveon, L50, M|\n|poke|p2|Gengar, L50, F|\n|poke|p2|Corviknight, L50, F|\n|poke|p2|Sneasler, L50, M|\n|poke|p2|Kingambit, L50, F|\n|poke|p2|Rotom-Wash, L50|\n|poke|p2|Incineroar, L50, F|\n|teampreview|4\n|showteam|p1|Charizard||CharizarditeY|Blaze|HeatWave,SolarBeam,WeatherBall,Protect|||M|||50|]Whimsicott||FocusSash|Prankster|Moonblast,Tailwind,Encore,SunnyDay|||M|||50|]Garchomp||ChoiceScarf|RoughSkin|Earthquake,DragonClaw,RockSlide,StompingTantrum|||M|||50|]Sneasler||WhiteHerb|Unburden|GunkShot,CloseCombat,FakeOut,Protect|||F|||50|]Kingambit||ChopleBerry|Defiant|IronHead,SuckerPunch,LowKick,Protect|||F|||50|]Sylveon||FairyFeather|Pixilate|HyperVoice,QuickAttack,HelpingHand,Detect|||M|||50|\n|showteam|p2|Gengar||Gengarite|CursedBody|ShadowBall,SludgeBomb,Substitute,Protect|||F|||50|]Corviknight||Leftovers|MirrorArmor|IronDefense,Roost,IronHead,BodyPress|||F|||50|]Sneasler||FocusSash|Unburden|FakeOut,CloseCombat,Coaching,DireClaw|||M|||50|]Kingambit||ChopleBerry|Defiant|SuckerPunch,KowtowCleave,LowKick,Protect|||F|||50|]Rotom-Wash||ChoiceScarf|Levitate|WillOWisp,HydroPump,VoltSwitch,Thunderbolt||||||50|]Incineroar||ShucaBerry|Intimidate|FlareBlitz,DarkestLariat,PartingShot,FakeOut|||F|||50|\n|c|\u2606ischampionsout|glhf\n|j| Tealnotsu\n|j| Lacksatives\n|c|\u2606chromate|glhf\n|j| h0nchkrow\n|l| h0nchkrow\n|j|@Therazer456\n|j| froggypunch\n|\n|t:|1776114981\n|teamsize|p1|4\n|teamsize|p2|4\n|start\n|switch|p1a: Charizard|Charizard, L50, M|100/100\n|switch|p1b: Whimsicott|Whimsicott, L50, M|100/100\n|switch|p2a: Rotom|Rotom-Wash, L50|100/100\n|switch|p2b: Sneasler|Sneasler, L50, M|100/100\n|turn|1\n|\n|t:|1776115010\n|detailschange|p1a: Charizard|Charizard-Mega-Y, L50, M\n|-mega|p1a: Charizard|Charizard|Charizardite Y\n|-weather|SunnyDay|[from] ability: Drought|[of] p1a: Charizard\n|move|p2b: Sneasler|Fake Out|p1a: Charizard\n|-damage|p1a: Charizard|84/100\n|move|p1b: Whimsicott|Tailwind|p1b: Whimsicott\n|-sidestart|p1: chromate|move: Tailwind\n|cant|p1a: Charizard|flinch\n|move|p2a: Rotom|Thunderbolt|p1a: Charizard\n|-supereffective|p1a: Charizard|1\n|-damage|p1a: Charizard|15/100\n|\n|-weather|SunnyDay|[upkeep]\n|upkeep\n|turn|2\n|\n|t:|1776115025\n|switch|p2a: Kingambit|Kingambit, L50, F|100/100\n|switch|p2b: Corviknight|Corviknight, L50, F|100/100\n|move|p1b: Whimsicott|Moonblast|p2a: Kingambit\n|-damage|p2a: Kingambit|67/100\n|move|p1a: Charizard|Solar Beam||[still]\n|-prepare|p1a: Charizard|Solar Beam\n|-anim|p1a: Charizard|Solar Beam|p2a: Kingambit\n|-resisted|p2a: Kingambit|1\n|-damage|p2a: Kingambit|43/100\n|\n|-weather|SunnyDay|[upkeep]\n|upkeep\n|turn|3\n|\n|t:|1776115045\n|switch|p1a: Sneasler|Sneasler, L50, F|100/100\n|move|p2a: Kingambit|Sucker Punch||[still]\n|-fail|p2a: Kingambit\n|move|p1b: Whimsicott|Moonblast|p2a: Kingambit\n|-damage|p2a: Kingambit|13/100\n|move|p2b: Corviknight|Iron Head|p1b: Whimsicott\n|-supereffective|p1b: Whimsicott|1\n|-damage|p1b: Whimsicott|44/100\n|\n|-weather|SunnyDay|[upkeep]\n|upkeep\n|turn|4\n|\n|t:|1776115069\n|switch|p1b: Garchomp|Garchomp, L50, M|100/100\n|switch|p2a: Sneasler|Sneasler, L50, M|100/100\n|move|p1a: Sneasler|Close Combat|p2a: Sneasler\n|-resisted|p2a: Sneasler|1\n|-damage|p2a: Sneasler|43/100\n|-unboost|p1a: Sneasler|def|1\n|-unboost|p1a: Sneasler|spd|1\n|-enditem|p1a: Sneasler|White Herb\n|-clearnegativeboost|p1a: Sneasler|[silent]\n|move|p2b: Corviknight|Iron Head|p1b: Garchomp\n|-damage|p1b: Garchomp|76/100\n|-damage|p2b: Corviknight|88/100|[from] ability: Rough Skin|[of] p1b: Garchomp\n|\n|-weather|SunnyDay|[upkeep]\n|-heal|p2b: Corviknight|94/100|[from] item: Leftovers\n|-sideend|p1: chromate|move: Tailwind\n|upkeep\n|turn|5\n|\n|t:|1776115095\n|move|p2a: Sneasler|Fake Out|p1b: Garchomp\n|-damage|p1b: Garchomp|62/100\n|-damage|p2a: Sneasler|31/100|[from] ability: Rough Skin|[of] p1b: Garchomp\n|move|p1a: Sneasler|Close Combat|p2b: Corviknight\n|-damage|p2b: Corviknight|45/100\n|-unboost|p1a: Sneasler|def|1\n|-unboost|p1a: Sneasler|spd|1\n|cant|p1b: Garchomp|flinch\n|move|p2b: Corviknight|Iron Defense|p2b: Corviknight\n|-boost|p2b: Corviknight|def|2\n|\n|-weather|none\n|-heal|p2b: Corviknight|51/100|[from] item: Leftovers\n|upkeep\n|turn|6\n|j| Raynobi\n|\n|t:|1776115129\n|switch|p2a: Kingambit|Kingambit, L50, F|13/100\n|move|p1a: Sneasler|Protect|p1a: Sneasler\n|-singleturn|p1a: Sneasler|Protect\n|move|p1b: Garchomp|Dragon Claw|p2a: Kingambit\n|-resisted|p2a: Kingambit|1\n|-crit|p2a: Kingambit\n|-damage|p2a: Kingambit|0 fnt\n|faint|p2a: Kingambit\n|move|p2b: Corviknight|Roost|p2b: Corviknight\n|-heal|p2b: Corviknight|100/100\n|-singleturn|p2b: Corviknight|move: Roost\n|\n|upkeep\n|\n|t:|1776115135\n|switch|p2a: Rotom|Rotom-Wash, L50|100/100\n|turn|7\n|j| Rodaku\n|\n|t:|1776115146\n|move|p1a: Sneasler|Gunk Shot|p2a: Rotom|[miss]\n|-miss|p1a: Sneasler|p2a: Rotom\n|move|p1b: Garchomp|Dragon Claw|p2a: Rotom\n|-damage|p2a: Rotom|43/100\n|move|p2a: Rotom|Hydro Pump|p1a: Sneasler\n|-damage|p1a: Sneasler|1/100\n|move|p2b: Corviknight|Body Press|p1b: Garchomp\n|-damage|p1b: Garchomp|17/100\n|-damage|p2b: Corviknight|88/100|[from] ability: Rough Skin|[of] p1b: Garchomp\n|\n|-heal|p2b: Corviknight|94/100|[from] item: Leftovers\n|upkeep\n|turn|8\n|c| Raynobi|u better not loose after beating me\n|\n|t:|1776115188\n|switch|p2a: Sneasler|Sneasler, L50, M|31/100\n|move|p1a: Sneasler|Protect|p1a: Sneasler\n|-singleturn|p1a: Sneasler|Protect\n|move|p1b: Garchomp|Dragon Claw|p2a: Sneasler\n|-damage|p2a: Sneasler|0 fnt\n|faint|p2a: Sneasler\n|move|p2b: Corviknight|Iron Head|p1a: Sneasler\n|-activate|p1a: Sneasler|move: Protect\n|\n|-heal|p2b: Corviknight|99/100|[from] item: Leftovers\n|upkeep\n|\n|t:|1776115192\n|switch|p2a: Rotom|Rotom-Wash, L50|43/100\n|turn|9\n|\n|t:|1776115208\n|move|p1a: Sneasler|Close Combat|p2a: Rotom\n|-damage|p2a: Rotom|0 fnt\n|-unboost|p1a: Sneasler|def|1\n|-unboost|p1a: Sneasler|spd|1\n|faint|p2a: Rotom\n|move|p1b: Garchomp|Dragon Claw|p2b: Corviknight\n|-resisted|p2b: Corviknight|1\n|-damage|p2b: Corviknight|92/100\n|move|p2b: Corviknight|Iron Head|p1b: Garchomp\n|-damage|p1b: Garchomp|0 fnt\n|-damage|p2b: Corviknight|80/100|[from] ability: Rough Skin|[of] p1b: Garchomp\n|faint|p1b: Garchomp\n|\n|-heal|p2b: Corviknight|85/100|[from] item: Leftovers\n|upkeep\n|\n|t:|1776115212\n|switch|p1b: Whimsicott|Whimsicott, L50, M|44/100\n|turn|10\n|-message|ischampionsout forfeited.\n|\n|win|chromate\n|n|\u2606chromate|chromate\n|n|\u2606ischampionsout|ischampionsout\n|n| Tealnotsu|tealnotsu\n|n| Lacksatives|lacksatives\n|n| Therazer456|therazer456\n|n| froggypunch|froggypunch\n|n| Raynobi|raynobi\n|n| Rodaku|rodaku\n",
  "uploadtime": 1776115212,
  "views": 29,
  "formatid": "gen9championsvgc2026regma",
  "rating": null,
  "private": 0,
  "password": null
}