{
  "id": "gen9championsvgc2026regma-2586297273",
  "format": "[Gen 9 Champions] VGC 2026 Reg M-A",
  "players": [
    "elmassagista",
    "VacuOz"
  ],
  "log": "|j|\u2606elmassagista\n|j|\u2606VacuOz\n|t:|1776422591\n|gametype|doubles\n|player|p1|elmassagista|cress|1128\n|player|p2|VacuOz|ghetsis|1042\n|gen|9\n|tier|[Gen 9 Champions] VGC 2026 Reg M-A\n|rated|\n|rule|Species Clause: Limit one of each Pok\u00e9mon\n|rule|Item Clause: Limit 1 of each item\n|clearpoke\n|poke|p1|Politoed, L50, F|\n|poke|p1|Simipour, L50, M|\n|poke|p1|Gengar, L50, F|\n|poke|p1|Incineroar, L50, M|\n|poke|p1|Kingambit, L50, M|\n|poke|p1|Maushold, L50|\n|poke|p2|Delphox, L50, F|\n|poke|p2|Garchomp, L50, F|\n|poke|p2|Sneasler, L50, M|\n|poke|p2|Incineroar, L50, F|\n|poke|p2|Kingambit, L50, F|\n|poke|p2|Whimsicott, L50, F|\n|teampreview|4\n|\n|t:|1776422622\n|teamsize|p1|4\n|teamsize|p2|4\n|start\n|switch|p1a: Simipour|Simipour, L50, M|100/100\n|switch|p1b: Politoed|Politoed, L50, F|100/100\n|switch|p2a: Incineroar|Incineroar, L50, F|100/100\n|switch|p2b: Whimsicott|Whimsicott, L50, F, shiny|100/100\n|-weather|RainDance|[from] ability: Drizzle|[of] p1b: Politoed\n|-ability|p2a: Incineroar|Intimidate|boost\n|-unboost|p1a: Simipour|atk|1\n|-unboost|p1b: Politoed|atk|1\n|turn|1\n|\n|t:|1776422641\n|move|p1a: Simipour|Fake Out|p2a: Incineroar\n|-damage|p2a: Incineroar|94/100\n|cant|p2a: Incineroar|flinch\n|move|p2b: Whimsicott|Tailwind|p2b: Whimsicott\n|-sidestart|p2: VacuOz|move: Tailwind\n|move|p1b: Politoed|Muddy Water|p2b: Whimsicott|[spread] p2a,p2b\n|-supereffective|p2a: Incineroar|1\n|-resisted|p2b: Whimsicott|1\n|-damage|p2a: Incineroar|40/100\n|-damage|p2b: Whimsicott|80/100\n|-unboost|p2b: Whimsicott|accuracy|1\n|\n|-weather|RainDance|[upkeep]\n|-heal|p2a: Incineroar|46/100|[from] item: Leftovers\n|upkeep\n|turn|2\n|\n|t:|1776422665\n|switch|p1a: Kingambit|Kingambit, L50, M|100/100\n|move|p2b: Whimsicott|Protect|p2b: Whimsicott\n|-singleturn|p2b: Whimsicott|Protect\n|move|p2a: Incineroar|Parting Shot|p1b: Politoed\n|-unboost|p1b: Politoed|atk|1\n|-unboost|p1b: Politoed|spa|1\n|\n|t:|1776422674\n|switch|p2a: Delphox|Delphox, L50, F, shiny|100/100|[from] Parting Shot\n|move|p1b: Politoed|Muddy Water|p2a: Delphox|[spread] p2a\n|-activate|p2b: Whimsicott|move: Protect\n|-supereffective|p2a: Delphox|1\n|-damage|p2a: Delphox|51/100\n|\n|-weather|RainDance|[upkeep]\n|upkeep\n|turn|3\n|\n|t:|1776422691\n|detailschange|p2a: Delphox|Delphox-Mega, L50, F, shiny\n|-mega|p2a: Delphox|Delphox|Delphoxite\n|move|p2b: Whimsicott|Fake Tears|p1a: Kingambit\n|-hint|Since gen 7, Dark is immune to Prankster moves.\n|-immune|p1a: Kingambit\n|move|p2a: Delphox|Heat Wave|p1b: Politoed|[spread] p1a,p1b\n|-supereffective|p1a: Kingambit|1\n|-resisted|p1b: Politoed|1\n|-damage|p1a: Kingambit|57/100\n|-damage|p1b: Politoed|92/100\n|move|p1b: Politoed|Icy Wind|p2b: Whimsicott|[spread] p2b\n|-miss|p1b: Politoed|p2a: Delphox\n|-supereffective|p2b: Whimsicott|1\n|-damage|p2b: Whimsicott|65/100\n|-unboost|p2b: Whimsicott|spe|1\n|move|p1a: Kingambit|Kowtow Cleave|p2a: Delphox\n|-supereffective|p2a: Delphox|1\n|-damage|p2a: Delphox|0 fnt\n|faint|p2a: Delphox\n|\n|-weather|RainDance|[upkeep]\n|-heal|p1b: Politoed|98/100|[from] item: Leftovers\n|upkeep\n|\n|t:|1776422709\n|switch|p2a: Incineroar|Incineroar, L50, F|46/100\n|-ability|p2a: Incineroar|Intimidate|boost\n|-unboost|p1a: Kingambit|atk|1\n|-ability|p1a: Kingambit|Defiant|boost\n|-boost|p1a: Kingambit|atk|2\n|-unboost|p1b: Politoed|atk|1\n|turn|4\n|\n|t:|1776422733\n|move|p2b: Whimsicott|Protect|p2b: Whimsicott\n|-singleturn|p2b: Whimsicott|Protect\n|move|p2a: Incineroar|Will-O-Wisp|p1a: Kingambit\n|-status|p1a: Kingambit|brn\n|move|p1b: Politoed|Muddy Water|p2a: Incineroar|[spread] p2a\n|-activate|p2b: Whimsicott|move: Protect\n|-supereffective|p2a: Incineroar|1\n|-damage|p2a: Incineroar|9/100\n|-unboost|p2a: Incineroar|accuracy|1\n|move|p1a: Kingambit|Iron Head|p2b: Whimsicott\n|-activate|p2b: Whimsicott|move: Protect\n|\n|-weather|RainDance|[upkeep]\n|-heal|p2a: Incineroar|15/100|[from] item: Leftovers\n|-heal|p1b: Politoed|100/100|[from] item: Leftovers\n|-damage|p1a: Kingambit|51/100 brn|[from] brn\n|-sideend|p2: VacuOz|move: Tailwind\n|upkeep\n|turn|5\n|\n|t:|1776422767\n|move|p1b: Politoed|Muddy Water|p2b: Whimsicott|[spread] p2b\n|-miss|p1b: Politoed|p2a: Incineroar\n|-resisted|p2b: Whimsicott|1\n|-damage|p2b: Whimsicott|52/100\n|move|p2b: Whimsicott|Moonblast|p1a: Kingambit\n|-damage|p1a: Kingambit|20/100 brn\n|move|p2a: Incineroar|Parting Shot|p1b: Politoed\n|-unboost|p1b: Politoed|atk|1\n|-unboost|p1b: Politoed|spa|1\n|\n|t:|1776422777\n|switch|p2a: Kingambit|Kingambit, L50, F|100/100|[from] Parting Shot\n|move|p1a: Kingambit|Iron Head|p2b: Whimsicott\n|-supereffective|p2b: Whimsicott|1\n|-damage|p2b: Whimsicott|0 fnt\n|faint|p2b: Whimsicott\n|\n|-weather|none\n|-damage|p1a: Kingambit|15/100 brn|[from] brn\n|upkeep\n|\n|t:|1776422785\n|switch|p2b: Incineroar|Incineroar, L50, F|15/100\n|-ability|p2b: Incineroar|Intimidate|boost\n|-unboost|p1a: Kingambit|atk|1\n|-ability|p1a: Kingambit|Defiant|boost\n|-boost|p1a: Kingambit|atk|2\n|-unboost|p1b: Politoed|atk|1\n|turn|6\n|\n|t:|1776422818\n|move|p1b: Politoed|Protect|p1b: Politoed\n|-singleturn|p1b: Politoed|Protect\n|move|p1a: Kingambit|Protect|p1a: Kingambit\n|-singleturn|p1a: Kingambit|Protect\n|move|p2b: Incineroar|Fake Out|p1a: Kingambit\n|-activate|p1a: Kingambit|move: Protect\n|move|p2a: Kingambit|Swords Dance|p2a: Kingambit\n|-boost|p2a: Kingambit|atk|2\n|\n|-heal|p2b: Incineroar|21/100|[from] item: Leftovers\n|-damage|p1a: Kingambit|9/100 brn|[from] brn\n|upkeep\n|turn|7\n|\n|t:|1776422841\n|move|p2a: Kingambit|Protect|p2a: Kingambit\n|-singleturn|p2a: Kingambit|Protect\n|move|p1a: Kingambit|Sucker Punch|p2b: Incineroar\n|-resisted|p2b: Incineroar|1\n|-damage|p2b: Incineroar|0 fnt\n|faint|p2b: Incineroar\n|move|p1b: Politoed|Perish Song|p1b: Politoed\n|-start|p1a: Kingambit|perish3|[silent]\n|-start|p1b: Politoed|perish3|[silent]\n|-start|p2a: Kingambit|perish3|[silent]\n|-fieldactivate|move: Perish Song\n|\n|-damage|p1a: Kingambit|3/100 brn|[from] brn\n|-start|p1b: Politoed|perish3\n|-start|p1a: Kingambit|perish3\n|-start|p2a: Kingambit|perish3\n|upkeep\n|turn|8\n|\n|t:|1776422860\n|move|p1b: Politoed|Protect|p1b: Politoed\n|-singleturn|p1b: Politoed|Protect\n|move|p2a: Kingambit|Sucker Punch||[still]\n|-fail|p2a: Kingambit\n|move|p1a: Kingambit|Kowtow Cleave|p2a: Kingambit\n|-resisted|p2a: Kingambit|1\n|-damage|p2a: Kingambit|81/100\n|\n|-damage|p1a: Kingambit|0 fnt|[from] brn\n|faint|p1a: Kingambit\n|-start|p1b: Politoed|perish2\n|-start|p2a: Kingambit|perish2\n|upkeep\n|\n|t:|1776422874\n|switch|p1a: Simipour|Simipour, L50, M|100/100\n|turn|9\n|\n|t:|1776422883\n|switch|p1b: Gengar|Gengar, L50, F|100/100\n|move|p1a: Simipour|Fake Out|p2a: Kingambit\n|-resisted|p2a: Kingambit|1\n|-damage|p2a: Kingambit|78/100\n|cant|p2a: Kingambit|flinch\n|\n|-start|p2a: Kingambit|perish1\n|upkeep\n|turn|10\n|\n|t:|1776422898\n|move|p1b: Gengar|Protect|p1b: Gengar\n|-singleturn|p1b: Gengar|Protect\n|move|p1a: Simipour|Protect|p1a: Simipour\n|-singleturn|p1a: Simipour|Protect\n|move|p2a: Kingambit|Kowtow Cleave|p1a: Simipour\n|-activate|p1a: Simipour|move: Protect\n|\n|-start|p2a: Kingambit|perish0\n|faint|p2a: Kingambit\n|\n|win|elmassagista\n|raw|elmassagista's rating: 1128 &rarr; <strong>1147</strong><br />(+19 for winning)\n|raw|VacuOz's rating: 1042 &rarr; <strong>1030</strong><br />(-12 for losing)\n|c|\u2606VacuOz|gg\n|l|\u2606VacuOz\n|player|p2|\n",
  "uploadtime": 1776422918,
  "views": 28,
  "formatid": "gen9championsvgc2026regma",
  "rating": 1030,
  "private": 0,
  "password": null
}