{
  "id": "gen9championsvgc2026regma-2580319350",
  "format": "[Gen 9 Champions] VGC 2026 Reg M-A",
  "players": [
    "eevee1ynn",
    "torterrnite"
  ],
  "log": "|j|\u2606eevee1ynn\n|j|\u2606torterrnite\n|t:|1775879945\n|gametype|doubles\n|player|p1|eevee1ynn|lass-gen8|1072\n|player|p2|torterrnite|266|1083\n|gen|9\n|tier|[Gen 9 Champions] VGC 2026 Reg M-A\n|rated|\n|rule|Species Clause: Limit one of each Pok\u00e9mon\n|rule|Item Clause: Limit 1 of each item\n|clearpoke\n|poke|p1|Samurott-Hisui, L50, F|\n|poke|p1|Arcanine-Hisui, L50, F|\n|poke|p1|Ninetales-Alola, L50, F|\n|poke|p1|Sneasler, L50, M|\n|poke|p1|Gengar, L50, M|\n|poke|p1|Clefable, L50, M|\n|poke|p2|Chesnaught, L50, F|\n|poke|p2|Farigiraf, L50, F|\n|poke|p2|Infernape, L50, F|\n|poke|p2|Araquanid, L50, F|\n|poke|p2|Aegislash, L50, F|\n|poke|p2|Aromatisse, L50, M|\n|teampreview|4\n|\n|t:|1775879995\n|teamsize|p1|4\n|teamsize|p2|4\n|start\n|switch|p1a: Clefable|Clefable, L50, M|100/100\n|switch|p1b: Gengar|Gengar, L50, M|100/100\n|switch|p2a: Aromatisse|Aromatisse, L50, M|100/100\n|switch|p2b: Infernape|Infernape, L50, F|100/100\n|turn|1\n|inactive|Battle timer is ON: inactive players will automatically lose when time's up. (requested by torterrnite)\n|\n|t:|1775880011\n|detailschange|p1b: Gengar|Gengar-Mega, L50, M\n|-mega|p1b: Gengar|Gengar|Gengarite\n|move|p2b: Infernape|Fake Out|p1a: Clefable\n|-damage|p1a: Clefable|91/100\n|move|p1b: Gengar|Perish Song|p1b: Gengar\n|-start|p1a: Clefable|perish3|[silent]\n|-start|p1b: Gengar|perish3|[silent]\n|-start|p2a: Aromatisse|perish3|[silent]\n|-start|p2b: Infernape|perish3|[silent]\n|-fieldactivate|move: Perish Song\n|cant|p1a: Clefable|flinch\n|move|p2a: Aromatisse|Trick Room|p2a: Aromatisse\n|-fieldstart|move: Trick Room|[of] p2a: Aromatisse\n|\n|-start|p2a: Aromatisse|perish3\n|-start|p1a: Clefable|perish3\n|-start|p2b: Infernape|perish3\n|-start|p1b: Gengar|perish3\n|upkeep\n|turn|2\n|\n|t:|1775880035\n|move|p1a: Clefable|Follow Me|p1a: Clefable\n|-singleturn|p1a: Clefable|move: Follow Me\n|move|p2a: Aromatisse|Moonblast|p1a: Clefable\n|-damage|p1a: Clefable|48/100\n|-enditem|p1a: Clefable|Sitrus Berry|[eat]\n|-heal|p1a: Clefable|73/100|[from] item: Sitrus Berry\n|move|p2b: Infernape|Fire Blast|p1a: Clefable\n|-damage|p1a: Clefable|27/100\n|move|p1b: Gengar|Shadow Ball|p2b: Infernape\n|-damage|p2b: Infernape|18/100\n|-unboost|p2b: Infernape|spd|1\n|\n|-start|p2a: Aromatisse|perish2\n|-start|p1a: Clefable|perish2\n|-start|p2b: Infernape|perish2\n|-start|p1b: Gengar|perish2\n|upkeep\n|turn|3\n|inactive|eevee1ynn has 30 seconds left.\n|\n|t:|1775880068\n|move|p1b: Gengar|Protect|p1b: Gengar\n|-singleturn|p1b: Gengar|Protect\n|move|p2a: Aromatisse|Moonblast|p1a: Clefable\n|-damage|p1a: Clefable|0 fnt\n|faint|p1a: Clefable\n|move|p2b: Infernape|Fire Blast|p1b: Gengar\n|-activate|p1b: Gengar|move: Protect\n|\n|-start|p2a: Aromatisse|perish1\n|-start|p2b: Infernape|perish1\n|-start|p1b: Gengar|perish1\n|upkeep\n|\n|t:|1775880082\n|switch|p1a: Arcanine|Arcanine-Hisui, L50, F|100/100\n|-ability|p1a: Arcanine|Intimidate|boost\n|-unboost|p2a: Aromatisse|atk|1\n|-unboost|p2b: Infernape|atk|1\n|turn|4\n|inactive|eevee1ynn has 30 seconds left.\n|\n|t:|1775880107\n|switch|p1b: Samurott|Samurott-Hisui, L50, F|100/100\n|move|p1a: Arcanine|Extreme Speed|p2b: Infernape\n|-damage|p2b: Infernape|0 fnt\n|faint|p2b: Infernape\n|move|p2a: Aromatisse|Moonblast|p1b: Samurott\n|-supereffective|p1b: Samurott|1\n|-damage|p1b: Samurott|0 fnt\n|faint|p1b: Samurott\n|\n|-start|p2a: Aromatisse|perish0\n|faint|p2a: Aromatisse\n|upkeep\n|\n|t:|1775880117\n|switch|p2a: Araquanid|Araquanid, L50, F|100/100\n|switch|p1b: Gengar|Gengar-Mega, L50, M|100/100\n|switch|p2b: Aegislash|Aegislash, L50, F|100/100\n|turn|5\n|\n|t:|1775880125\n|move|p1a: Arcanine|Protect|p1a: Arcanine\n|-singleturn|p1a: Arcanine|Protect\n|move|p1b: Gengar|Protect|p1b: Gengar\n|-singleturn|p1b: Gengar|Protect\n|move|p2a: Araquanid|Liquidation|p1a: Arcanine\n|-activate|p1a: Arcanine|move: Protect\n|move|p2b: Aegislash|Swords Dance|p2b: Aegislash\n|-boost|p2b: Aegislash|atk|2\n|\n|-fieldend|move: Trick Room\n|upkeep\n|turn|6\n|\n|t:|1775880147\n|move|p1b: Gengar|Shadow Ball|p2b: Aegislash\n|-supereffective|p2b: Aegislash|1\n|-damage|p2b: Aegislash|21/100\n|move|p1a: Arcanine|Flare Blitz|p2b: Aegislash\n|-supereffective|p2b: Aegislash|1\n|-damage|p2b: Aegislash|0 fnt\n|faint|p2b: Aegislash\n|-damage|p1a: Arcanine|93/100|[from] Recoil\n|move|p2a: Araquanid|Liquidation|p1a: Arcanine\n|-supereffective|p1a: Arcanine|2\n|-damage|p1a: Arcanine|0 fnt\n|faint|p1a: Arcanine\n|\n|upkeep\n|turn|7\n|\n|t:|1775880159\n|move|p1b: Gengar|Sludge Bomb|p2a: Araquanid\n|-damage|p2a: Araquanid|52/100\n|move|p2a: Araquanid|Liquidation|p1b: Gengar\n|-damage|p1b: Gengar|0 fnt\n|faint|p1b: Gengar\n|\n|win|torterrnite\n|raw|eevee1ynn's rating: 1072 &rarr; <strong>1052</strong><br />(-20 for losing)\n|raw|torterrnite's rating: 1083 &rarr; <strong>1110</strong><br />(+27 for winning)\n",
  "uploadtime": 1775880160,
  "views": 13,
  "formatid": "gen9championsvgc2026regma",
  "rating": 1052,
  "private": 0,
  "password": null
}