{
  "id": "gen9championsvgc2026regma-2581365728",
  "format": "[Gen 9 Champions] VGC 2026 Reg M-A",
  "players": [
    "lkmklaxm8279",
    "viperino7"
  ],
  "log": "|j|\u203dlkmklaxm8279\n|j|\u2606viperino7\n|t:|1775992246\n|gametype|doubles\n|player|p1|lkmklaxm8279|1|1095\n|player|p2|viperino7|102|1142\n|gen|9\n|tier|[Gen 9 Champions] VGC 2026 Reg M-A\n|rated|\n|rule|Species Clause: Limit one of each Pok\u00e9mon\n|rule|Item Clause: Limit 1 of each item\n|clearpoke\n|poke|p1|Abomasnow, L50, F|\n|poke|p1|Snorlax, L50, M|\n|poke|p1|Tyrantrum, L50, M|\n|poke|p1|Kingambit, L50, M|\n|poke|p1|Mamoswine, L50, M|\n|poke|p1|Mr. Rime, L50, F|\n|poke|p2|Garchomp, L50, M|\n|poke|p2|Sneasler, L50, F|\n|poke|p2|Floette-Eternal, L50, F|\n|poke|p2|Rotom-Wash, L50|\n|poke|p2|Incineroar, L50, F|\n|poke|p2|Aerodactyl, L50, F|\n|teampreview|4\nlkmklaxm8279 rejected open team sheets.\n|inactive|Battle timer is ON: inactive players will automatically lose when time's up. (requested by lkmklaxm8279)\n|\n|t:|1775992279\n|teamsize|p1|4\n|teamsize|p2|4\n|start\n|switch|p1a: Abomasnow|Abomasnow, L50, F|100/100\n|switch|p1b: Mr. Rime|Mr. Rime, L50, F|100/100\n|switch|p2a: Sneasler|Sneasler, L50, F|100/100\n|switch|p2b: Garchomp|Garchomp, L50, M, shiny|100/100\n|-weather|Snowscape|[from] ability: Snow Warning|[of] p1a: Abomasnow\n|turn|1\n|\n|t:|1775992295\n|switch|p2b: Incineroar|Incineroar, L50, F, shiny|100/100\n|-ability|p2b: Incineroar|Intimidate|boost\n|-unboost|p1a: Abomasnow|atk|1\n|-unboost|p1b: Mr. Rime|atk|1\n|detailschange|p1a: Abomasnow|Abomasnow-Mega, L50, F\n|-mega|p1a: Abomasnow|Abomasnow|Abomasite\n|move|p2a: Sneasler|Fake Out|p1b: Mr. Rime\n|-damage|p1b: Mr. Rime|92/100\n|cant|p1b: Mr. Rime|flinch\n|move|p1a: Abomasnow|Aurora Veil|p1a: Abomasnow\n|-sidestart|p1: lkmklaxm8279|move: Aurora Veil\n|\n|-weather|Snowscape|[upkeep]\n|-heal|p1b: Mr. Rime|98/100|[from] ability: Ice Body\n|upkeep\n|turn|2\n|\n|t:|1775992319\n|switch|p1a: Tyrantrum|Tyrantrum, L50, M|100/100\n|move|p2a: Sneasler|Dire Claw|p1a: Tyrantrum\n|-resisted|p1a: Tyrantrum|1\n|-damage|p1a: Tyrantrum|89/100\n|-status|p1a: Tyrantrum|slp\n|move|p1b: Mr. Rime|Sheer Cold|p2a: Sneasler|[miss]\n|-miss|p1b: Mr. Rime|p2a: Sneasler\n|move|p2b: Incineroar|Throat Chop|p1b: Mr. Rime\n|-supereffective|p1b: Mr. Rime|1\n|-damage|p1b: Mr. Rime|72/100\n|-start|p1b: Mr. Rime|Throat Chop|[silent]\n|\n|-weather|Snowscape|[upkeep]\n|-heal|p1b: Mr. Rime|78/100|[from] ability: Ice Body\n|upkeep\n|turn|3\n|inactive|viperino7 has 30 seconds left.\n|\n|t:|1775992346\n|move|p2a: Sneasler|Close Combat|p1a: Tyrantrum\n|-supereffective|p1a: Tyrantrum|1\n|-damage|p1a: Tyrantrum|21/100 slp\n|-unboost|p2a: Sneasler|def|1\n|-unboost|p2a: Sneasler|spd|1\n|-enditem|p1a: Tyrantrum|Sitrus Berry|[eat]\n|-heal|p1a: Tyrantrum|45/100 slp|[from] item: Sitrus Berry\n|-enditem|p2a: Sneasler|White Herb\n|-clearnegativeboost|p2a: Sneasler|[silent]\n|cant|p1a: Tyrantrum|slp\n|move|p1b: Mr. Rime|Sheer Cold|p2b: Incineroar\n|-damage|p2b: Incineroar|0 fnt\n|faint|p2b: Incineroar\n|-ohko\n|\n|-weather|Snowscape|[upkeep]\n|-heal|p1b: Mr. Rime|83/100|[from] ability: Ice Body\n|-end|p1b: Mr. Rime|Throat Chop|[silent]\n|upkeep\n|\n|t:|1775992359\n|switch|p2b: Garchomp|Garchomp, L50, M, shiny|100/100\n|turn|4\n|\n|t:|1775992381\n|cant|p1a: Tyrantrum|slp\n|move|p2a: Sneasler|Coaching|p2b: Garchomp\n|-boost|p2b: Garchomp|atk|1\n|-boost|p2b: Garchomp|def|1\n|move|p2b: Garchomp|Stone Edge|p1b: Mr. Rime|[miss]\n|-miss|p2b: Garchomp|p1b: Mr. Rime\n|move|p1b: Mr. Rime|Sheer Cold|p2a: Sneasler|[miss]\n|-miss|p1b: Mr. Rime|p2a: Sneasler\n|\n|-weather|Snowscape|[upkeep]\n|-heal|p1b: Mr. Rime|89/100|[from] ability: Ice Body\n|upkeep\n|turn|5\n|\n|t:|1775992402\n|move|p2a: Sneasler|Coaching|p2b: Garchomp\n|-boost|p2b: Garchomp|atk|1\n|-boost|p2b: Garchomp|def|1\n|move|p2b: Garchomp|Earthquake|p1b: Mr. Rime|[spread] p2a,p1a,p1b\n|-supereffective|p2a: Sneasler|1\n|-supereffective|p1a: Tyrantrum|1\n|-damage|p2a: Sneasler|0 fnt\n|-damage|p1a: Tyrantrum|0 fnt\n|-damage|p1b: Mr. Rime|54/100\n|faint|p2a: Sneasler\n|faint|p1a: Tyrantrum\n|move|p1b: Mr. Rime|Sheer Cold|p2b: Garchomp|[miss]\n|-miss|p1b: Mr. Rime|p2b: Garchomp\n|\n|-weather|none\n|-sideend|p1: lkmklaxm8279|move: Aurora Veil\n|upkeep\n|\n|t:|1775992416\n|switch|p2a: Floette|Floette-Eternal, L50, F|100/100\n|switch|p1a: Abomasnow|Abomasnow-Mega, L50, F|100/100\n|-weather|Snowscape|[from] ability: Snow Warning|[of] p1a: Abomasnow\n|turn|6\n|\n|t:|1775992432\n|detailschange|p2a: Floette|Floette-Mega, L50, F\n|-mega|p2a: Floette|Floette|Floettite\n|-ability|p2a: Floette|Fairy Aura\n|move|p2b: Garchomp|Stomping Tantrum|p1b: Mr. Rime\n|-damage|p1b: Mr. Rime|0 fnt\n|faint|p1b: Mr. Rime\n|move|p2a: Floette|Calm Mind|p2a: Floette\n|-boost|p2a: Floette|spa|1\n|-boost|p2a: Floette|spd|1\n|move|p1a: Abomasnow|Blizzard|p2a: Floette|[spread] p2a,p2b\n|-supereffective|p2b: Garchomp|2\n|-damage|p2a: Floette|86/100\n|-damage|p2b: Garchomp|0 fnt\n|faint|p2b: Garchomp\n|\n|-weather|Snowscape|[upkeep]\n|upkeep\n|\n|t:|1775992446\n|switch|p1b: Kingambit|Kingambit, L50, M|100/100\n|turn|7\n|\n|t:|1775992456\n|move|p2a: Floette|Moonblast|p1b: Kingambit\n|-damage|p1b: Kingambit|13/100\n|move|p1b: Kingambit|Iron Head|p2a: Floette\n|-supereffective|p2a: Floette|1\n|-crit|p2a: Floette\n|-damage|p2a: Floette|0 fnt\n|faint|p2a: Floette\n|\n|win|lkmklaxm8279\n|raw|lkmklaxm8279's rating: 1095 &rarr; <strong>1124</strong><br />(+29 for winning)\n|raw|viperino7's rating: 1142 &rarr; <strong>1114</strong><br />(-28 for losing)\n",
  "uploadtime": 1775992462,
  "views": 19,
  "formatid": "gen9championsvgc2026regma",
  "rating": 1114,
  "private": 0,
  "password": null
}