{
  "id": "gen9championsvgc2026regma-2581445014",
  "format": "[Gen 9 Champions] VGC 2026 Reg M-A",
  "players": [
    "Braute",
    "hugoggg"
  ],
  "log": "|j|\u2606Braute\n|j|\u2606hugoggg\n|html|<table width=\"100%\"><tr><td align=\"left\">Braute</td><td align=\"right\">hugoggg</tr><tr><td align=\"left\"><i class=\"fa fa-circle-o\"></i> <i class=\"fa fa-circle-o\"></i> </td><td align=\"right\"><i class=\"fa fa-circle-o\"></i> <i class=\"fa fa-circle-o\"></i> </tr></table>\n|uhtml|bestof|<h2><strong>Game 1</strong> of <a href=\"/game-bestof3-gen9championsvgc2026regma-2581445013\">a best-of-3</a></h2>\n|t:|1776001098\n|gametype|doubles\n|player|p1|Braute|miku-fire|\n|player|p2|hugoggg|2|\n|gen|9\n|tier|[Gen 9 Champions] VGC 2026 Reg M-A\n|rule|Species Clause: Limit one of each Pok\u00e9mon\n|rule|Item Clause: Limit 1 of each item\n|raw|<div class=\"infobox\"><details class=\"readmore\" open><summary><strong>1 custom rule:</strong></summary> Best of = 3</details></div>\n|clearpoke\n|poke|p1|Beedrill, L50, F|\n|poke|p1|Incineroar, L50, M|\n|poke|p1|Talonflame, L50, F|\n|poke|p1|Kingambit, L50, F|\n|poke|p1|Tyranitar, L50, F|\n|poke|p1|Excadrill, L50, F|\n|poke|p2|Alakazam, L50, F|\n|poke|p2|Meowstic, L50, M|\n|poke|p2|Incineroar, L50, F|\n|poke|p2|Whimsicott, L50, F|\n|poke|p2|Maushold-Four, L50|\n|poke|p2|Sneasler, L50, F|\n|teampreview|4\n|inactive|Battle timer is ON: inactive players will automatically lose when time's up. (requested by Braute)\n|\n|t:|1776001126\n|teamsize|p1|4\n|teamsize|p2|4\n|start\n|switch|p1a: Talonflame|Talonflame, L50, F|100/100\n|switch|p1b: Beedrill|Beedrill, L50, F, shiny|100/100\n|switch|p2a: Alakazam|Alakazam, L50, F, shiny|100/100\n|switch|p2b: Incineroar|Incineroar, L50, F|100/100\n|-ability|p2b: Incineroar|Intimidate|boost\n|-unboost|p1a: Talonflame|atk|1\n|-unboost|p1b: Beedrill|atk|1\n|turn|1\n|\n|t:|1776001135\n|move|p1a: Talonflame|Protect|p1a: Talonflame\n|-singleturn|p1a: Talonflame|Protect\n|move|p1b: Beedrill|Protect|p1b: Beedrill\n|-singleturn|p1b: Beedrill|Protect\n|move|p2b: Incineroar|Fake Out|p1b: Beedrill\n|-activate|p1b: Beedrill|move: Protect\n|move|p2a: Alakazam|Nasty Plot|p2a: Alakazam\n|-boost|p2a: Alakazam|spa|2\n|\n|upkeep\n|turn|2\n|\n|t:|1776001144\n|detailschange|p1b: Beedrill|Beedrill-Mega, L50, F, shiny\n|-mega|p1b: Beedrill|Beedrill|Beedrillite\n|move|p2a: Alakazam|Protect|p2a: Alakazam\n|-singleturn|p2a: Alakazam|Protect\n|move|p1a: Talonflame|Tailwind|p1a: Talonflame\n|-sidestart|p1: Braute|move: Tailwind\n|move|p1b: Beedrill|U-turn|p2a: Alakazam\n|-activate|p2a: Alakazam|move: Protect\n|move|p2b: Incineroar|Parting Shot|p1b: Beedrill\n|-unboost|p1b: Beedrill|atk|1\n|-unboost|p1b: Beedrill|spa|1\n|\n|t:|1776001163\n|switch|p2b: Meowstic|Meowstic, L50, M|100/100|[from] Parting Shot\n|\n|upkeep\n|turn|3\n|inactive|Braute has 30 seconds left.\n|\n|t:|1776001191\n|move|p2a: Alakazam|Protect||[still]\n|-fail|p2a: Alakazam\n|move|p1b: Beedrill|U-turn|p2a: Alakazam\n|-supereffective|p2a: Alakazam|1\n|-damage|p2a: Alakazam|0 fnt\n|faint|p2a: Alakazam\n|\n|t:|1776001197\n|switch|p1b: Tyranitar|Tyranitar, L50, F|100/100|[from] U-turn\n|-weather|Sandstorm|[from] ability: Sand Stream|[of] p1b: Tyranitar\n|move|p1a: Talonflame|Flare Blitz|p2b: Meowstic\n|-damage|p2b: Meowstic|62/100\n|-status|p2b: Meowstic|brn\n|-damage|p1a: Talonflame|85/100|[from] Recoil\n|move|p2b: Meowstic|Trick Room|p2b: Meowstic\n|-fieldstart|move: Trick Room|[of] p2b: Meowstic\n|\n|-weather|Sandstorm|[upkeep]\n|-damage|p2b: Meowstic|56/100 brn|[from] Sandstorm\n|-damage|p1a: Talonflame|80/100|[from] Sandstorm\n|-damage|p2b: Meowstic|50/100 brn|[from] brn\n|upkeep\n|\n|t:|1776001202\n|switch|p2a: Sneasler|Sneasler, L50, F|100/100\n|turn|4\n|\n|t:|1776001225\n|switch|p2b: Incineroar|Incineroar, L50, F|100/100\n|-ability|p2b: Incineroar|Intimidate|boost\n|-unboost|p1a: Talonflame|atk|1\n|-unboost|p1b: Tyranitar|atk|1\n|move|p1b: Tyranitar|Protect|p1b: Tyranitar\n|-singleturn|p1b: Tyranitar|Protect\n|move|p2a: Sneasler|U-turn|p1b: Tyranitar\n|-activate|p1b: Tyranitar|move: Protect\n|move|p1a: Talonflame|Dual Wingbeat|p2a: Sneasler\n|-supereffective|p2a: Sneasler|1\n|-damage|p2a: Sneasler|67/100\n|-supereffective|p2a: Sneasler|1\n|-damage|p2a: Sneasler|37/100\n|-hitcount|p2a: Sneasler|2\n|\n|-weather|Sandstorm|[upkeep]\n|-damage|p2b: Incineroar|95/100|[from] Sandstorm\n|-damage|p2a: Sneasler|31/100|[from] Sandstorm\n|-damage|p1a: Talonflame|74/100|[from] Sandstorm\n|upkeep\n|turn|5\n|inactive|Braute has 30 seconds left.\n|inactive|hugoggg has 30 seconds left.\n|\n|t:|1776001252\n|move|p2b: Incineroar|Parting Shot|p1b: Tyranitar\n|-unboost|p1b: Tyranitar|atk|1\n|-unboost|p1b: Tyranitar|spa|1\n|\n|t:|1776001255\n|switch|p2b: Meowstic|Meowstic, L50, M|50/100 brn|[from] Parting Shot\n|move|p2a: Sneasler|U-turn|p1b: Tyranitar\n|-supereffective|p1b: Tyranitar|1\n|-damage|p1b: Tyranitar|57/100\n|\n|t:|1776001260\n|switch|p2a: Incineroar|Incineroar, L50, F|95/100|[from] U-turn\n|-ability|p2a: Incineroar|Intimidate|boost\n|-unboost|p1a: Talonflame|atk|1\n|-unboost|p1b: Tyranitar|atk|1\n|move|p1b: Tyranitar|Rock Slide|p2a: Incineroar|[spread] p2b\n|-miss|p1b: Tyranitar|p2a: Incineroar\n|-damage|p2b: Meowstic|36/100 brn\n|move|p1a: Talonflame|Dual Wingbeat|p2a: Incineroar\n|-damage|p2a: Incineroar|89/100\n|-damage|p2a: Incineroar|84/100\n|-hitcount|p2a: Incineroar|2\n|\n|-weather|Sandstorm|[upkeep]\n|-damage|p2a: Incineroar|78/100|[from] Sandstorm\n|-damage|p2b: Meowstic|30/100 brn|[from] Sandstorm\n|-damage|p1a: Talonflame|68/100|[from] Sandstorm\n|-damage|p2b: Meowstic|24/100 brn|[from] brn\n|-sideend|p1: Braute|move: Tailwind\n|upkeep\n|turn|6\n|inactive|hugoggg has 30 seconds left.\n|inactive|hugoggg has 20 seconds left.\n|\n|t:|1776001296\n|switch|p1a: Excadrill|Excadrill, L50, F|100/100\n|move|p2b: Meowstic|Helping Hand|p2a: Incineroar\n|-singleturn|p2a: Incineroar|Helping Hand|[of] p2b: Meowstic\n|move|p2a: Incineroar|Throat Chop|p1a: Excadrill\n|-damage|p1a: Excadrill|33/100\n|-start|p1a: Excadrill|Throat Chop|[silent]\n|move|p1b: Tyranitar|Knock Off|p2b: Meowstic\n|-supereffective|p2b: Meowstic|1\n|-damage|p2b: Meowstic|0 fnt\n|-enditem|p2b: Meowstic|Mental Herb|[from] move: Knock Off|[of] p1b: Tyranitar\n|faint|p2b: Meowstic\n|\n|-weather|Sandstorm|[upkeep]\n|-damage|p2a: Incineroar|72/100|[from] Sandstorm\n|upkeep\n|\n|t:|1776001305\n|switch|p2b: Sneasler|Sneasler, L50, F|31/100\n|turn|7\n|\n|t:|1776001327\n|switch|p1b: Talonflame|Talonflame, L50, F|68/100\n|move|p1a: Excadrill|Protect|p1a: Excadrill\n|-singleturn|p1a: Excadrill|Protect\n|move|p2a: Incineroar|Flare Blitz|p1a: Excadrill\n|-activate|p1a: Excadrill|move: Protect\n|move|p2b: Sneasler|Close Combat|p1b: Talonflame\n|-resisted|p1b: Talonflame|1\n|-damage|p1b: Talonflame|16/100\n|-unboost|p2b: Sneasler|def|1\n|-unboost|p2b: Sneasler|spd|1\n|-enditem|p2b: Sneasler|White Herb\n|-clearnegativeboost|p2b: Sneasler|[silent]\n|\n|-weather|none\n|-end|p1a: Excadrill|Throat Chop|[silent]\n|-fieldend|move: Trick Room\n|upkeep\n|turn|8\n|inactive|Braute has 30 seconds left.\n|inactive|hugoggg has 30 seconds left.\n|inactive|Braute has 20 seconds left.\n|\n|t:|1776001369\n|move|p2b: Sneasler|Protect|p2b: Sneasler\n|-singleturn|p2b: Sneasler|Protect\n|move|p1b: Talonflame|Tailwind|p1b: Talonflame\n|-sidestart|p1: Braute|move: Tailwind\n|move|p1a: Excadrill|High Horsepower|p2a: Incineroar\n|-supereffective|p2a: Incineroar|1\n|-damage|p2a: Incineroar|0 fnt\n|faint|p2a: Incineroar\n|\n|upkeep\n|turn|9\n|\n|t:|1776001379\n|switch|p1b: Tyranitar|Tyranitar, L50, F|57/100\n|-weather|Sandstorm|[from] ability: Sand Stream|[of] p1b: Tyranitar\n|move|p1a: Excadrill|Iron Head|p2b: Sneasler\n|-damage|p2b: Sneasler|0 fnt\n|faint|p2b: Sneasler\n|\n|win|Braute\n",
  "uploadtime": 1776001379,
  "views": 37,
  "formatid": "gen9championsvgc2026regma",
  "rating": null,
  "private": 0,
  "password": null
}