{
  "id": "gen9championsvgc2026regma-2586066850",
  "format": "[Gen 9 Champions] VGC 2026 Reg M-A",
  "players": [
    "sethleander",
    "slimeko325"
  ],
  "log": "|j|\u2606sethleander\n|j|\u2606slimeko325\n|t:|1776395463\n|gametype|doubles\n|player|p1|sethleander|morty-masters|1151\n|player|p2|slimeko325|miku-fairy|1252\n|gen|9\n|tier|[Gen 9 Champions] VGC 2026 Reg M-A\n|rated|\n|rule|Species Clause: Limit one of each Pok\u00e9mon\n|rule|Item Clause: Limit 1 of each item\n|clearpoke\n|poke|p1|Greninja-*, L50, M|\n|poke|p1|Archaludon, L50, F|\n|poke|p1|Politoed, L50, F|\n|poke|p1|Toxicroak, L50, F|\n|poke|p1|Kingambit, L50, F|\n|poke|p1|Arcanine-Hisui, L50, F|\n|poke|p2|Gengar, L50, F|\n|poke|p2|Rotom-Wash, L50|\n|poke|p2|Whimsicott, L50, F|\n|poke|p2|Orthworm, L50, M|\n|poke|p2|Araquanid, L50, F|\n|poke|p2|Garchomp, L50, M|\n|teampreview|4\n|inactive|Battle timer is ON: inactive players will automatically lose when time's up. (requested by slimeko325)\n|\n|t:|1776395485\n|teamsize|p1|4\n|teamsize|p2|4\n|start\n|switch|p1a: Politoed|Politoed, L50, F|100/100\n|switch|p1b: Greninja|Greninja, L50, M|100/100\n|switch|p2a: Rotom|Rotom-Wash, L50|100/100\n|switch|p2b: Garchomp|Garchomp, L50, M|100/100\n|-weather|RainDance|[from] ability: Drizzle|[of] p1a: Politoed\n|turn|1\n|inactive|sethleander has 30 seconds left.\n|inactive|slimeko325 has 30 seconds left.\n|\n|t:|1776395515\n|detailschange|p1b: Greninja|Greninja-Mega, L50, M\n|-mega|p1b: Greninja|Greninja|Greninjite\n|move|p1a: Politoed|Protect|p1a: Politoed\n|-singleturn|p1a: Politoed|Protect\n|move|p2b: Garchomp|Earthquake|p1b: Greninja|[spread] p1b\n|-activate|p1a: Politoed|move: Protect\n|-immune|p2a: Rotom|[from] ability: Levitate\n|-damage|p1b: Greninja|35/100\n|move|p1b: Greninja|Ice Beam|p2b: Garchomp\n|-start|p1b: Greninja|typechange|Ice|[from] ability: Protean\n|-supereffective|p2b: Garchomp|2\n|-damage|p2b: Garchomp|0 fnt\n|faint|p2b: Garchomp\n|move|p2a: Rotom|Discharge|p1a: Politoed|[spread] p1b\n|-activate|p1a: Politoed|move: Protect\n|-damage|p1b: Greninja|0 fnt\n|faint|p1b: Greninja\n|\n|-weather|RainDance|[upkeep]\n|upkeep\n|\n|t:|1776395535\n|switch|p1b: Archaludon|Archaludon, L50, F|100/100\n|switch|p2b: Whimsicott|Whimsicott, L50, F|100/100\n|turn|2\n|\n|t:|1776395550\n|move|p2b: Whimsicott|Protect|p2b: Whimsicott\n|-singleturn|p2b: Whimsicott|Protect\n|move|p2a: Rotom|Discharge|p1a: Politoed|[spread] p1a,p1b\n|-activate|p2b: Whimsicott|move: Protect\n|-supereffective|p1a: Politoed|1\n|-resisted|p1b: Archaludon|1\n|-damage|p1a: Politoed|34/100\n|-damage|p1b: Archaludon|84/100\n|-ability|p1b: Archaludon|Stamina|boost\n|-boost|p1b: Archaludon|def|1\n|-enditem|p1a: Politoed|Sitrus Berry|[eat]\n|-heal|p1a: Politoed|59/100|[from] item: Sitrus Berry\n|move|p1b: Archaludon|Flash Cannon|p2b: Whimsicott\n|-activate|p2b: Whimsicott|move: Protect\n|move|p1a: Politoed|Ice Beam|p2b: Whimsicott\n|-activate|p2b: Whimsicott|move: Protect\n|\n|-weather|RainDance|[upkeep]\n|-heal|p1b: Archaludon|90/100|[from] item: Leftovers\n|upkeep\n|turn|3\n|inactive|slimeko325 has 30 seconds left.\n|\n|t:|1776395579\n|switch|p2b: Gengar|Gengar, L50, F|100/100\n|move|p2a: Rotom|Volt Switch|p1a: Politoed\n|-supereffective|p1a: Politoed|1\n|-damage|p1a: Politoed|0 fnt\n|faint|p1a: Politoed\n|\n|t:|1776395586\n|switch|p2a: Whimsicott|Whimsicott, L50, F|100/100|[from] Volt Switch\n|move|p1b: Archaludon|Flash Cannon|p2b: Gengar\n|-damage|p2b: Gengar|41/100\n|-start|p1b: Archaludon|Disable|Flash Cannon|[from] ability: Cursed Body|[of] p2b: Gengar\n|\n|-weather|RainDance|[upkeep]\n|-heal|p1b: Archaludon|96/100|[from] item: Leftovers\n|upkeep\n|\n|t:|1776395594\n|switch|p1a: Toxicroak|Toxicroak, L50, F|100/100\n|turn|4\n|\n|t:|1776395603\n|detailschange|p2b: Gengar|Gengar-Mega, L50, F\n|-mega|p2b: Gengar|Gengar|Gengarite\n|move|p2a: Whimsicott|Protect|p2a: Whimsicott\n|-singleturn|p2a: Whimsicott|Protect\n|move|p2b: Gengar|Protect|p2b: Gengar\n|-singleturn|p2b: Gengar|Protect\n|move|p1a: Toxicroak|Poison Jab|p2a: Whimsicott\n|-activate|p2a: Whimsicott|move: Protect\n|move|p1b: Archaludon|Electro Shot||[still]\n|-prepare|p1b: Archaludon|Electro Shot\n|-boost|p1b: Archaludon|spa|1\n|-anim|p1b: Archaludon|Electro Shot|p2b: Gengar\n|-activate|p2b: Gengar|move: Protect\n|\n|-weather|RainDance|[upkeep]\n|-heal|p1b: Archaludon|100/100|[from] item: Leftovers\n|upkeep\n|turn|5\n|inactive|slimeko325 has 30 seconds left.\n|\n|t:|1776395634\n|switch|p2b: Rotom|Rotom-Wash, L50|100/100\n|move|p2a: Whimsicott|Moonblast|p1b: Archaludon\n|-damage|p1b: Archaludon|64/100\n|-ability|p1b: Archaludon|Stamina|boost\n|-boost|p1b: Archaludon|def|1\n|move|p1a: Toxicroak|Poison Jab|p2a: Whimsicott\n|-supereffective|p2a: Whimsicott|2\n|-crit|p2a: Whimsicott\n|-enditem|p2a: Whimsicott|Focus Sash\n|-damage|p2a: Whimsicott|1/100\n|move|p1b: Archaludon|Electro Shot||[still]\n|-prepare|p1b: Archaludon|Electro Shot\n|-boost|p1b: Archaludon|spa|1\n|-anim|p1b: Archaludon|Electro Shot|p2b: Rotom\n|-damage|p2b: Rotom|17/100\n|\n|-weather|none\n|-heal|p1b: Archaludon|70/100|[from] item: Leftovers\n|upkeep\n|turn|6\n|inactive|sethleander has 30 seconds left.\n|\n|t:|1776395668\n|move|p2a: Whimsicott|Protect|p2a: Whimsicott\n|-singleturn|p2a: Whimsicott|Protect\n|move|p1a: Toxicroak|Protect|p1a: Toxicroak\n|-singleturn|p1a: Toxicroak|Protect\n|move|p1b: Archaludon|Protect|p1b: Archaludon\n|-singleturn|p1b: Archaludon|Protect\n|move|p2b: Rotom|Discharge|p1b: Archaludon|[spread] \n|-activate|p2a: Whimsicott|move: Protect\n|-activate|p1a: Toxicroak|move: Protect\n|-activate|p1b: Archaludon|move: Protect\n|\n|-heal|p1b: Archaludon|76/100|[from] item: Leftovers\n|-end|p1b: Archaludon|Disable\n|upkeep\n|turn|7\n|\n|t:|1776395688\n|move|p2a: Whimsicott|Encore|p1b: Archaludon\n|-start|p1b: Archaludon|Encore\n|move|p1b: Archaludon|Protect|p1b: Archaludon\n|-singleturn|p1b: Archaludon|Protect\n|move|p1a: Toxicroak|Drain Punch|p2b: Rotom\n|-damage|p2b: Rotom|0 fnt\n|faint|p2b: Rotom\n|\n|-heal|p1b: Archaludon|82/100|[from] item: Leftovers\n|upkeep\n|\n|t:|1776395696\n|switch|p2b: Gengar|Gengar-Mega, L50, F|41/100\n|turn|8\n|\n|t:|1776395704\n|move|p1a: Toxicroak|Protect|p1a: Toxicroak\n|-singleturn|p1a: Toxicroak|Protect\n|move|p1b: Archaludon|Protect||[still]\n|-fail|p1b: Archaludon\n|move|p2a: Whimsicott|Encore|p1a: Toxicroak\n|-activate|p1a: Toxicroak|move: Protect\n|move|p2b: Gengar|Shadow Ball|p1b: Archaludon\n|-damage|p1b: Archaludon|32/100\n|-ability|p1b: Archaludon|Stamina|boost\n|-boost|p1b: Archaludon|def|1\n|\n|-heal|p1b: Archaludon|38/100|[from] item: Leftovers\n|upkeep\n|turn|9\n|\n|t:|1776395725\n|move|p1b: Archaludon|Protect|p1b: Archaludon\n|-singleturn|p1b: Archaludon|Protect\n|move|p2a: Whimsicott|Encore|p1a: Toxicroak\n|-start|p1a: Toxicroak|Encore\n|move|p1a: Toxicroak|Protect||[still]\n|-fail|p1a: Toxicroak\n|move|p2b: Gengar|Shadow Ball|p1a: Toxicroak\n|-damage|p1a: Toxicroak|34/100\n|\n|-heal|p1b: Archaludon|44/100|[from] item: Leftovers\n|-end|p1b: Archaludon|Encore\n|upkeep\n|turn|10\n|\n|t:|1776395738\n|move|p1a: Toxicroak|Protect|p1a: Toxicroak\n|-singleturn|p1a: Toxicroak|Protect\n|move|p2a: Whimsicott|Encore|p1b: Archaludon\n|-start|p1b: Archaludon|Encore\n|move|p1b: Archaludon|Protect||[still]\n|-fail|p1b: Archaludon\n|move|p2b: Gengar|Shadow Ball|p1b: Archaludon\n|-damage|p1b: Archaludon|0 fnt\n|faint|p1b: Archaludon\n|\n|upkeep\n|turn|11\n|\n|t:|1776395750\n|move|p1a: Toxicroak|Protect||[still]\n|-fail|p1a: Toxicroak\n|move|p2b: Gengar|Shadow Ball|p1a: Toxicroak\n|-damage|p1a: Toxicroak|0 fnt\n|faint|p1a: Toxicroak\n|\n|win|slimeko325\n|raw|sethleander's rating: 1151 &rarr; <strong>1133</strong><br />(-18 for losing)\n|raw|slimeko325's rating: 1252 &rarr; <strong>1270</strong><br />(+18 for winning)\n",
  "uploadtime": 1776395753,
  "views": 29,
  "formatid": "gen9championsvgc2026regma",
  "rating": 1133,
  "private": 0,
  "password": null
}