{
  "id": "gen9championsvgc2026regma-2587794473",
  "format": "[Gen 9 Champions] VGC 2026 Reg M-A",
  "players": [
    "karmapolicevgc",
    "bassv991"
  ],
  "log": "|j|\u2606karmapolicevgc\n|j|\u2606bassv991\n|t:|1776564698\n|gametype|doubles\n|player|p1|karmapolicevgc|li|1503\n|player|p2|bassv991|266|1499\n|gen|9\n|tier|[Gen 9 Champions] VGC 2026 Reg M-A\n|rated|\n|rule|Species Clause: Limit one of each Pok\u00e9mon\n|rule|Item Clause: Limit 1 of each item\n|clearpoke\n|poke|p1|Scovillain, L50, M|\n|poke|p1|Hippowdon, L50, F|\n|poke|p1|Dragonite, L50, F|\n|poke|p1|Milotic, L50, M|\n|poke|p1|Sneasler, L50, M|\n|poke|p1|Farigiraf, L50, M|\n|poke|p2|Gengar, L50, M|\n|poke|p2|Sneasler, L50, M|\n|poke|p2|Pelipper, L50, F|\n|poke|p2|Basculegion, L50, M|\n|poke|p2|Scovillain, L50, F|\n|poke|p2|Kingambit, L50, M|\n|teampreview|4\n|\n|t:|1776564733\n|teamsize|p1|4\n|teamsize|p2|4\n|start\n|switch|p1a: Sneasler|Sneasler, L50, M|100/100\n|switch|p1b: Farigiraf|Farigiraf, L50, M|100/100\n|switch|p2a: Gengar|Gengar, L50, M|100/100\n|switch|p2b: Kingambit|Kingambit, L50, M|100/100\n|turn|1\n|\n|t:|1776564775\n|switch|p2b: Pelipper|Pelipper, L50, F|100/100\n|-weather|RainDance|[from] ability: Drizzle|[of] p2b: Pelipper\n|detailschange|p2a: Gengar|Gengar-Mega, L50, M\n|-mega|p2a: Gengar|Gengar|Gengarite\n|move|p1a: Sneasler|Close Combat|p2b: Pelipper\n|-resisted|p2b: Pelipper|1\n|-damage|p2b: Pelipper|75/100\n|-unboost|p1a: Sneasler|def|1\n|-unboost|p1a: Sneasler|spd|1\n|move|p2a: Gengar|Shadow Ball|p1a: Sneasler\n|-enditem|p1a: Sneasler|Focus Sash\n|-damage|p1a: Sneasler|1/100\n|-unboost|p1a: Sneasler|spd|1\n|move|p1b: Farigiraf|Twin Beam|p2a: Gengar\n|-supereffective|p2a: Gengar|1\n|-damage|p2a: Gengar|65/100\n|-supereffective|p2a: Gengar|1\n|-damage|p2a: Gengar|32/100\n|-hitcount|p2a: Gengar|2\n|\n|-weather|RainDance|[upkeep]\n|upkeep\n|turn|2\n|\n|t:|1776564832\n|move|p1a: Sneasler|Dire Claw|p2b: Pelipper\n|-damage|p2b: Pelipper|36/100\n|-enditem|p2b: Pelipper|Sitrus Berry|[eat]\n|-heal|p2b: Pelipper|61/100|[from] item: Sitrus Berry\n|move|p2a: Gengar|Sludge Bomb|p1b: Farigiraf\n|-damage|p1b: Farigiraf|60/100\n|-status|p1b: Farigiraf|psn\n|move|p2b: Pelipper|Weather Ball|p1b: Farigiraf\n|-damage|p1b: Farigiraf|23/100 psn\n|-enditem|p1b: Farigiraf|Sitrus Berry|[eat]\n|-heal|p1b: Farigiraf|48/100 psn|[from] item: Sitrus Berry\n|move|p1b: Farigiraf|Twin Beam|p2a: Gengar\n|-supereffective|p2a: Gengar|1\n|-damage|p2a: Gengar|0 fnt\n|faint|p2a: Gengar\n|-hitcount|p2: Gengar|1\n|\n|-weather|RainDance|[upkeep]\n|-damage|p1b: Farigiraf|36/100 psn|[from] psn\n|upkeep\n|\n|t:|1776564855\n|switch|p2a: Basculegion|Basculegion, L50, M|100/100\n|turn|3\n|j| smur\n|\n|t:|1776564871\n|move|p2a: Basculegion|Last Respects|p1a: Sneasler\n|-damage|p1a: Sneasler|0 fnt\n|faint|p1a: Sneasler\n|move|p2b: Pelipper|Weather Ball|p1b: Farigiraf\n|-damage|p1b: Farigiraf|0 fnt\n|faint|p1b: Farigiraf\n|\n|-weather|RainDance|[upkeep]\n|upkeep\n|\n|t:|1776564880\n|switch|p1a: Dragonite|Dragonite, L50, F|100/100\n|switch|p1b: Scovillain|Scovillain, L50, M|100/100\n|turn|4\n|\n|t:|1776564907\n|move|p1b: Scovillain|Protect|p1b: Scovillain\n|-singleturn|p1b: Scovillain|Protect\n|move|p2a: Basculegion|Wave Crash|p1b: Scovillain\n|-activate|p1b: Scovillain|move: Protect\n|move|p1a: Dragonite|Fire Spin|p2b: Pelipper\n|-resisted|p2b: Pelipper|1\n|-damage|p2b: Pelipper|59/100\n|-activate|p2b: Pelipper|move: Fire Spin|[of] p1a: Dragonite\n|move|p2b: Pelipper|Hurricane|p1a: Dragonite\n|-damage|p1a: Dragonite|85/100\n|\n|-weather|RainDance|[upkeep]\n|-heal|p1a: Dragonite|91/100|[from] item: Leftovers\n|-damage|p2b: Pelipper|47/100|[from] move: Fire Spin|[partiallytrapped]\n|-ability|p1b: Scovillain|Moody|boost\n|-boost|p1b: Scovillain|spe|2\n|-unboost|p1b: Scovillain|spa|1\n|upkeep\n|turn|5\n|\n|t:|1776564934\n|detailschange|p1b: Scovillain|Scovillain-Mega, L50, M\n|-mega|p1b: Scovillain|Scovillain|Scovillainite\n|move|p1a: Dragonite|Extreme Speed|p2b: Pelipper\n|-damage|p2b: Pelipper|25/100\n|move|p2a: Basculegion|Wave Crash|p1b: Scovillain\n|-crit|p1b: Scovillain\n|-damage|p1b: Scovillain|0 fnt\n|-status|p2a: Basculegion|brn|[from] ability: Spicy Spray|[of] p1b: Scovillain\n|faint|p1b: Scovillain\n|-damage|p2a: Basculegion|75/100 brn|[from] Recoil\n|move|p2b: Pelipper|Hurricane|p1a: Dragonite\n|-damage|p1a: Dragonite|64/100\n|\n|-weather|none\n|-heal|p1a: Dragonite|70/100|[from] item: Leftovers\n|-damage|p2a: Basculegion|69/100 brn|[from] brn\n|-damage|p2b: Pelipper|13/100|[from] move: Fire Spin|[partiallytrapped]\n|upkeep\n|turn|6\n|\n|t:|1776564958\n|move|p2a: Basculegion|Last Respects|p1a: Dragonite\n|-damage|p1a: Dragonite|49/100\n|move|p1a: Dragonite|Roost|p1a: Dragonite\n|-heal|p1a: Dragonite|99/100\n|-singleturn|p1a: Dragonite|move: Roost\n|move|p2b: Pelipper|Hurricane|p1a: Dragonite\n|-damage|p1a: Dragonite|71/100\n|-start|p1a: Dragonite|confusion\n|\n|-heal|p1a: Dragonite|77/100|[from] item: Leftovers\n|-damage|p2a: Basculegion|63/100 brn|[from] brn\n|-damage|p2b: Pelipper|1/100|[from] move: Fire Spin|[partiallytrapped]\n|upkeep\n|turn|7\n|\n|t:|1776564978\n|move|p2a: Basculegion|Last Respects|p1a: Dragonite\n|-damage|p1a: Dragonite|57/100\n|-activate|p1a: Dragonite|confusion\n|move|p1a: Dragonite|Fire Spin|p2a: Basculegion\n|-resisted|p2a: Basculegion|1\n|-damage|p2a: Basculegion|60/100 brn\n|-activate|p2a: Basculegion|move: Fire Spin|[of] p1a: Dragonite\n|move|p2b: Pelipper|Hurricane|p1a: Dragonite\n|-damage|p1a: Dragonite|26/100\n|\n|-heal|p1a: Dragonite|32/100|[from] item: Leftovers\n|-damage|p2a: Basculegion|53/100 brn|[from] brn\n|-damage|p2a: Basculegion|41/100 brn|[from] move: Fire Spin|[partiallytrapped]\n|-damage|p2b: Pelipper|0 fnt|[from] move: Fire Spin|[partiallytrapped]\n|faint|p2b: Pelipper\n|upkeep\n|\n|t:|1776564993\n|switch|p2b: Kingambit|Kingambit, L50, M|100/100\n|turn|8\n|\n|t:|1776564999\n|-activate|p1a: Dragonite|confusion\n|-damage|p1a: Dragonite|23/100|[from] confusion\n|move|p2a: Basculegion|Last Respects|p1a: Dragonite\n|-damage|p1a: Dragonite|0 fnt\n|faint|p1a: Dragonite\n|\n|win|bassv991\n|raw|karmapolicevgc's rating: 1503 &rarr; <strong>1483</strong><br />(-20 for losing)\n|raw|bassv991's rating: 1499 &rarr; <strong>1519</strong><br />(+20 for winning)\n|l|\u2606karmapolicevgc\n|player|p1|\n|l|\u2606bassv991\n|player|p2|\n|l| smur\n",
  "uploadtime": 1776565008,
  "views": 15,
  "formatid": "gen9championsvgc2026regma",
  "rating": 1483,
  "private": 0,
  "password": null
}