{
  "id": "gen9championsvgc2026regma-2582723273",
  "format": "[Gen 9 Champions] VGC 2026 Reg M-A",
  "players": [
    "yuriimon",
    "The Boosterer"
  ],
  "log": "|j|\u2606yuriimon\n|j|\u2606The Boosterer\n|t:|1776109684\n|gametype|doubles\n|player|p1|yuriimon|waitress-gen4|1053\n|player|p2|The Boosterer|marley|1084\n|gen|9\n|tier|[Gen 9 Champions] VGC 2026 Reg M-A\n|rated|\n|rule|Species Clause: Limit one of each Pok\u00e9mon\n|rule|Item Clause: Limit 1 of each item\n|clearpoke\n|poke|p1|Feraligatr, L50, M|\n|poke|p1|Aerodactyl, L50, F|\n|poke|p1|Sneasler, L50, F|\n|poke|p1|Mimikyu, L50, F|\n|poke|p1|Camerupt, L50, M|\n|poke|p1|Kingambit, L50, M|\n|poke|p2|Pelipper, L50, M|\n|poke|p2|Archaludon, L50, F|\n|poke|p2|Palafin, L50, M|\n|poke|p2|Whimsicott, L50, F|\n|poke|p2|Floette-Eternal, L50, F|\n|poke|p2|Incineroar, L50, F|\n|teampreview|4\n|inactive|Battle timer is ON: inactive players will automatically lose when time's up. (requested by The Boosterer)\n|inactive|yuriimon also wants the timer to be on.\n|inactive|The Boosterer has 60 seconds left.\n|\n|t:|1776109724\n|teamsize|p1|4\n|teamsize|p2|4\n|start\n|switch|p1a: Kingambit|Kingambit, L50, M|100/100\n|switch|p1b: Mimikyu|Mimikyu, L50, F|100/100\n|switch|p2a: Black Lives Matter|Incineroar, L50, F|100/100\n|switch|p2b: Dying Supernova|Floette-Eternal, L50, F|100/100\n|-ability|p2a: Black Lives Matter|Intimidate|boost\n|-unboost|p1a: Kingambit|atk|1\n|-ability|p1a: Kingambit|Defiant|boost\n|-boost|p1a: Kingambit|atk|2\n|-unboost|p1b: Mimikyu|atk|1\n|turn|1\n|\n|t:|1776109739\n|detailschange|p2b: Dying Supernova|Floette-Mega, L50, F\n|-mega|p2b: Dying Supernova|Floette|Floettite\n|-ability|p2b: Dying Supernova|Fairy Aura\n|move|p2a: Black Lives Matter|Fake Out|p1a: Kingambit\n|-resisted|p1a: Kingambit|1\n|-damage|p1a: Kingambit|96/100\n|move|p2b: Dying Supernova|Light of Ruin|p1a: Kingambit\n|-damage|p1a: Kingambit|0 fnt\n|faint|p1a: Kingambit\n|-damage|p2b: Dying Supernova|44/100|[from] Recoil\n|move|p1b: Mimikyu|Trick Room|p1b: Mimikyu\n|-fieldstart|move: Trick Room|[of] p1b: Mimikyu\n|\n|upkeep\n|\n|t:|1776109748\n|switch|p1a: Camerupt|Camerupt, L50, M|100/100\n|turn|2\n|\n|t:|1776109759\n|switch|p2a: We are Peli Pper|Pelipper, L50, M|100/100\n|-weather|RainDance|[from] ability: Drizzle|[of] p2a: We are Peli Pper\n|detailschange|p1a: Camerupt|Camerupt-Mega, L50, M\n|-mega|p1a: Camerupt|Camerupt|Cameruptite\n|move|p1a: Camerupt|Eruption|p2b: Dying Supernova|[spread] p2a,p2b\n|-resisted|p2a: We are Peli Pper|1\n|-damage|p2a: We are Peli Pper|80/100\n|-damage|p2b: Dying Supernova|20/100\n|move|p1b: Mimikyu|Sunny Day|p1b: Mimikyu\n|-weather|SunnyDay\n|move|p2b: Dying Supernova|Giga Drain|p1b: Mimikyu\n|-activate|p1b: Mimikyu|ability: Disguise\n|-damage|p1b: Mimikyu|100/100\n|detailschange|p1b: Mimikyu|Mimikyu-Busted, L50, F\n|-damage|p1b: Mimikyu|88/100|[from] pokemon: Mimikyu-Busted\n|\n|-weather|SunnyDay|[upkeep]\n|-heal|p2a: We are Peli Pper|86/100|[from] item: Leftovers\n|upkeep\n|turn|3\n|\n|t:|1776109783\n|switch|p2a: Black Lives Matter|Incineroar, L50, F|100/100\n|-ability|p2a: Black Lives Matter|Intimidate|boost\n|-unboost|p1a: Camerupt|atk|1\n|-unboost|p1b: Mimikyu|atk|1\n|switch|p2b: Babies in Fridges|Archaludon, L50, F|100/100\n|move|p1a: Camerupt|Eruption|p2b: Babies in Fridges|[spread] p2a,p2b\n|-resisted|p2a: Black Lives Matter|1\n|-damage|p2a: Black Lives Matter|61/100\n|-damage|p2b: Babies in Fridges|0 fnt\n|faint|p2b: Babies in Fridges\n|move|p1b: Mimikyu|Play Rough|p2a: Black Lives Matter\n|-damage|p2a: Black Lives Matter|45/100\n|\n|-weather|SunnyDay|[upkeep]\n|upkeep\n|\n|t:|1776109796\n|switch|p2b: We are Peli Pper|Pelipper, L50, M|86/100\n|-weather|RainDance|[from] ability: Drizzle|[of] p2b: We are Peli Pper\n|turn|4\n|\n|t:|1776109812\n|move|p1a: Camerupt|Protect|p1a: Camerupt\n|-singleturn|p1a: Camerupt|Protect\n|move|p2a: Black Lives Matter|Parting Shot|p1a: Camerupt\n|-activate|p1a: Camerupt|move: Protect\n|move|p2b: We are Peli Pper|Weather Ball|p1a: Camerupt\n|-activate|p1a: Camerupt|move: Protect\n|move|p1b: Mimikyu|Sunny Day|p1b: Mimikyu\n|-weather|SunnyDay\n|\n|-weather|SunnyDay|[upkeep]\n|-heal|p2b: We are Peli Pper|92/100|[from] item: Leftovers\n|upkeep\n|turn|5\n|\n|t:|1776109827\n|switch|p1b: Aerodactyl|Aerodactyl, L50, F|100/100\n|-ability|p1b: Aerodactyl|Unnerve\n|move|p1a: Camerupt|Eruption|p2a: Black Lives Matter|[spread] p2a,p2b\n|-resisted|p2a: Black Lives Matter|1\n|-resisted|p2b: We are Peli Pper|1\n|-damage|p2a: Black Lives Matter|4/100\n|-damage|p2b: We are Peli Pper|33/100\n|move|p2a: Black Lives Matter|Parting Shot|p1a: Camerupt\n|-unboost|p1a: Camerupt|atk|1\n|-unboost|p1a: Camerupt|spa|1\n|\n|t:|1776109838\n|switch|p2a: Dying Supernova|Floette-Mega, L50, F|20/100|[from] Parting Shot\n|-ability|p2a: Dying Supernova|Fairy Aura\n|move|p2b: We are Peli Pper|U-turn|p1a: Camerupt\n|-resisted|p1a: Camerupt|1\n|-damage|p1a: Camerupt|96/100\n|\n|t:|1776109844\n|switch|p2b: Black Lives Matter|Incineroar, L50, F|4/100|[from] U-turn\n|-ability|p2b: Black Lives Matter|Intimidate|boost\n|-unboost|p1a: Camerupt|atk|1\n|-unboost|p1b: Aerodactyl|atk|1\n|\n|-weather|SunnyDay|[upkeep]\n|-fieldend|move: Trick Room\n|upkeep\n|turn|6\n|\n|t:|1776109863\n|move|p1a: Camerupt|Protect|p1a: Camerupt\n|-singleturn|p1a: Camerupt|Protect\n|move|p2b: Black Lives Matter|Fake Out|p1b: Aerodactyl\n|-resisted|p1b: Aerodactyl|1\n|-damage|p1b: Aerodactyl|91/100\n|cant|p1b: Aerodactyl|flinch\n|move|p2a: Dying Supernova|Dazzling Gleam|p1a: Camerupt|[spread] p1b\n|-activate|p1a: Camerupt|move: Protect\n|-damage|p1b: Aerodactyl|19/100\n|\n|-weather|SunnyDay|[upkeep]\n|upkeep\n|turn|7\n|\n|t:|1776109890\n|move|p1b: Aerodactyl|Rock Slide|p2a: Dying Supernova|[spread] p2a,p2b\n|-supereffective|p2b: Black Lives Matter|1\n|-damage|p2a: Dying Supernova|0 fnt\n|-damage|p2b: Black Lives Matter|0 fnt\n|faint|p2a: Dying Supernova\n|faint|p2b: Black Lives Matter\n|move|p1a: Camerupt|Eruption|p2: Dying Supernova|[notarget]\n|-fail|p1a: Camerupt\n|\n|-weather|SunnyDay|[upkeep]\n|upkeep\n|\n|t:|1776109897\n|switch|p2b: We are Peli Pper|Pelipper, L50, M|33/100\n|-weather|RainDance|[from] ability: Drizzle|[of] p2b: We are Peli Pper\n|turn|8\n|\n|t:|1776109909\n|move|p1a: Camerupt|Protect|p1a: Camerupt\n|-singleturn|p1a: Camerupt|Protect\n|move|p1b: Aerodactyl|Rock Slide|p2b: We are Peli Pper\n|-supereffective|p2b: We are Peli Pper|1\n|-damage|p2b: We are Peli Pper|0 fnt\n|faint|p2b: We are Peli Pper\n|\n|win|yuriimon\n|raw|yuriimon's rating: 1053 &rarr; <strong>1088</strong><br />(+35 for winning)\n|raw|The Boosterer's rating: 1084 &rarr; <strong>1059</strong><br />(-25 for losing)\n|l|\u2606The Boosterer\n|player|p2|\n|c|\u2606yuriimon|gg\n",
  "uploadtime": 1776109920,
  "views": 18,
  "formatid": "gen9championsvgc2026regma",
  "rating": 1059,
  "private": 0,
  "password": null
}