{
  "id": "gen9championsvgc2026regma-2584580716",
  "format": "[Gen 9 Champions] VGC 2026 Reg M-A",
  "players": [
    "DryIceBros",
    "Poliwhirl100"
  ],
  "log": "|j|\u2606DryIceBros\n|j|\u2606Poliwhirl100\n|t:|1776270095\n|gametype|doubles\n|player|p1|DryIceBros|mars|1234\n|player|p2|Poliwhirl100|preschooler|1267\n|gen|9\n|tier|[Gen 9 Champions] VGC 2026 Reg M-A\n|rated|\n|rule|Species Clause: Limit one of each Pok\u00e9mon\n|rule|Item Clause: Limit 1 of each item\n|clearpoke\n|poke|p1|Crabominable, L50, F|\n|poke|p1|Farigiraf, L50, M|\n|poke|p1|Ninetales-Alola, L50, F|\n|poke|p1|Incineroar, L50, F|\n|poke|p1|Torkoal, L50, M|\n|poke|p1|Basculegion, L50, M|\n|poke|p2|Dragapult, L50, M|\n|poke|p2|Sneasler, L50, F|\n|poke|p2|Excadrill, L50, M|\n|poke|p2|Tyranitar, L50, F|\n|poke|p2|Charizard, L50, F|\n|poke|p2|Corviknight, L50, F|\n|teampreview|4\nDryIceBros has agreed to open team sheets.\n|\n|t:|1776270150\n|teamsize|p1|4\n|teamsize|p2|4\n|start\n|switch|p1a: Farigiraf|Farigiraf, L50, M|100/100\n|switch|p1b: Crabominable|Crabominable, L50, F|100/100\n|switch|p2a: Excadrill|Excadrill, L50, M|100/100\n|switch|p2b: Dragapult|Dragapult, L50, M|100/100\n|turn|1\n|\n|t:|1776270159\n|move|p1b: Crabominable|Protect|p1b: Crabominable\n|-singleturn|p1b: Crabominable|Protect\n|move|p2b: Dragapult|Draco Meteor|p1a: Farigiraf\n|-damage|p1a: Farigiraf|57/100\n|-unboost|p2b: Dragapult|spa|2\n|move|p2a: Excadrill|High Horsepower|p1a: Farigiraf\n|-damage|p1a: Farigiraf|3/100\n|-enditem|p1a: Farigiraf|Sitrus Berry|[eat]\n|-heal|p1a: Farigiraf|27/100|[from] item: Sitrus Berry\n|move|p1a: Farigiraf|Trick Room|p1a: Farigiraf\n|-fieldstart|move: Trick Room|[of] p1a: Farigiraf\n|\n|upkeep\n|turn|2\n|\n|t:|1776270198\n|detailschange|p1b: Crabominable|Crabominable-Mega, L50, F\n|-mega|p1b: Crabominable|Crabominable|Crabominite\n|move|p2a: Excadrill|Protect|p2a: Excadrill\n|-singleturn|p2a: Excadrill|Protect\n|move|p1b: Crabominable|Drain Punch|p2a: Excadrill\n|-activate|p2a: Excadrill|move: Protect\n|move|p1a: Farigiraf|Psychic|p2a: Excadrill\n|-activate|p2a: Excadrill|move: Protect\n|move|p2b: Dragapult|Draco Meteor|p1a: Farigiraf\n|-damage|p1a: Farigiraf|6/100\n|-unboost|p2b: Dragapult|spa|2\n|\n|upkeep\n|turn|3\n|\n|t:|1776270215\n|switch|p2a: Sneasler|Sneasler, L50, F|100/100\n|move|p1b: Crabominable|Drain Punch|p2a: Sneasler\n|-resisted|p2a: Sneasler|1\n|-damage|p2a: Sneasler|51/100\n|move|p1a: Farigiraf|Psychic|p2a: Sneasler\n|-supereffective|p2a: Sneasler|2\n|-damage|p2a: Sneasler|0 fnt\n|faint|p2a: Sneasler\n|move|p2b: Dragapult|Draco Meteor|p1a: Farigiraf\n|-damage|p1a: Farigiraf|0 fnt\n|-unboost|p2b: Dragapult|spa|2\n|faint|p1a: Farigiraf\n|\n|upkeep\n|\n|t:|1776270230\n|switch|p1a: Incineroar|Incineroar, L50, F|100/100\n|switch|p2a: Tyranitar|Tyranitar, L50, F|100/100\n|-ability|p1a: Incineroar|Intimidate|boost\n|-unboost|p2a: Tyranitar|atk|1\n|-fail|p2b: Dragapult|unboost|[from] ability: Clear Body|[of] p2b: Dragapult\n|-weather|Sandstorm|[from] ability: Sand Stream|[of] p2a: Tyranitar\n|turn|4\n|\n|t:|1776270240\n|switch|p2b: Excadrill|Excadrill, L50, M|100/100\n|move|p2a: Tyranitar|Protect|p2a: Tyranitar\n|-singleturn|p2a: Tyranitar|Protect\n|move|p1a: Incineroar|Fake Out|p2a: Tyranitar\n|-activate|p2a: Tyranitar|move: Protect\n|move|p1b: Crabominable|Drain Punch|p2a: Tyranitar\n|-activate|p2a: Tyranitar|move: Protect\n|\n|-weather|Sandstorm|[upkeep]\n|-damage|p1b: Crabominable|95/100|[from] Sandstorm\n|-damage|p1a: Incineroar|95/100|[from] Sandstorm\n|upkeep\n|turn|5\n|\n|t:|1776270270\n|switch|p2a: Dragapult|Dragapult, L50, M|100/100\n|move|p1b: Crabominable|Drain Punch|p2a: Dragapult\n|-immune|p2a: Dragapult\n|move|p1a: Incineroar|Flare Blitz|p2b: Excadrill\n|-supereffective|p2b: Excadrill|1\n|-enditem|p2b: Excadrill|Focus Sash\n|-damage|p2b: Excadrill|1/100\n|-damage|p1a: Incineroar|64/100|[from] Recoil\n|move|p2b: Excadrill|Iron Head|p1b: Crabominable\n|-supereffective|p1b: Crabominable|1\n|-damage|p1b: Crabominable|27/100\n|\n|-weather|Sandstorm|[upkeep]\n|-damage|p1b: Crabominable|21/100|[from] Sandstorm\n|-damage|p1a: Incineroar|58/100|[from] Sandstorm\n|-damage|p2a: Dragapult|94/100|[from] Sandstorm\n|-fieldend|move: Trick Room\n|upkeep\n|turn|6\n|\n|t:|1776270288\n|move|p1b: Crabominable|Mach Punch|p2b: Excadrill\n|-supereffective|p2b: Excadrill|1\n|-damage|p2b: Excadrill|0 fnt\n|faint|p2b: Excadrill\n|move|p2a: Dragapult|Draco Meteor|p1a: Incineroar\n|-damage|p1a: Incineroar|13/100\n|-unboost|p2a: Dragapult|spa|2\n|move|p1a: Incineroar|Throat Chop|p2a: Dragapult\n|-supereffective|p2a: Dragapult|1\n|-damage|p2a: Dragapult|10/100\n|-start|p2a: Dragapult|Throat Chop|[silent]\n|\n|-weather|Sandstorm|[upkeep]\n|-damage|p2a: Dragapult|4/100|[from] Sandstorm\n|-damage|p1a: Incineroar|7/100|[from] Sandstorm\n|-damage|p1b: Crabominable|15/100|[from] Sandstorm\n|upkeep\n|\n|t:|1776270291\n|switch|p2b: Tyranitar|Tyranitar, L50, F|100/100\n|turn|7\n|\n|t:|1776270300\n|move|p2b: Tyranitar|Protect|p2b: Tyranitar\n|-singleturn|p2b: Tyranitar|Protect\n|move|p1b: Crabominable|Mach Punch|p2b: Tyranitar\n|-activate|p2b: Tyranitar|move: Protect\n|move|p2a: Dragapult|Draco Meteor|p1b: Crabominable\n|-damage|p1b: Crabominable|0 fnt\n|-unboost|p2a: Dragapult|spa|2\n|faint|p1b: Crabominable\n|move|p1a: Incineroar|Throat Chop|p2a: Dragapult\n|-supereffective|p2a: Dragapult|1\n|-damage|p2a: Dragapult|0 fnt\n|faint|p2a: Dragapult\n|\n|-weather|Sandstorm|[upkeep]\n|-damage|p1a: Incineroar|1/100|[from] Sandstorm\n|upkeep\n|\n|t:|1776270302\n|switch|p1b: Basculegion|Basculegion, L50, M|100/100\n|turn|8\n|\n|t:|1776270310\n|detailschange|p2b: Tyranitar|Tyranitar-Mega, L50, F\n|-mega|p2b: Tyranitar|Tyranitar|Tyranitarite\n|move|p1b: Basculegion|Wave Crash|p2b: Tyranitar\n|-supereffective|p2b: Tyranitar|1\n|-damage|p2b: Tyranitar|10/100\n|-damage|p1b: Basculegion|69/100|[from] Recoil\n|move|p2b: Tyranitar|Knock Off|p1b: Basculegion\n|-supereffective|p1b: Basculegion|1\n|-damage|p1b: Basculegion|0 fnt\n|-enditem|p1b: Basculegion|Choice Scarf|[from] move: Knock Off|[of] p2b: Tyranitar\n|faint|p1b: Basculegion\n|move|p1a: Incineroar|Flare Blitz|p2b: Tyranitar\n|-resisted|p2b: Tyranitar|1\n|-damage|p2b: Tyranitar|0 fnt\n|faint|p2b: Tyranitar\n|-damage|p1a: Incineroar|0 fnt|[from] Recoil\n|faint|p1a: Incineroar\n|\n|win|DryIceBros\n|raw|DryIceBros's rating: 1234 &rarr; <strong>1261</strong><br />(+27 for winning)\n|raw|Poliwhirl100's rating: 1267 &rarr; <strong>1240</strong><br />(-27 for losing)\n",
  "uploadtime": 1776270324,
  "views": 27,
  "formatid": "gen9championsvgc2026regma",
  "rating": 1240,
  "private": 0,
  "password": null
}