{
  "id": "gen9championsvgc2026regma-2587825882",
  "format": "[Gen 9 Champions] VGC 2026 Reg M-A",
  "players": [
    "Venusaur-Saurr",
    "Firdaws"
  ],
  "log": "|j|\u203dVenusaur-Saurr\n|j|\u2606Firdaws\n|t:|1776567922\n|gametype|doubles\n|player|p1|Venusaur-Saurr|riley|\n|player|p2|Firdaws|essentia|\n|gen|9\n|tier|[Gen 9 Champions] VGC 2026 Reg M-A\n|rated|Tournament battle\n|rule|Species Clause: Limit one of each Pok\u00e9mon\n|rule|Item Clause: Limit 1 of each item\n|raw|<div class=\"infobox\"><details class=\"readmore\" open><summary><strong>1 custom rule:</strong></summary> Force Open Team Sheets</details></div>\n|clearpoke\n|poke|p1|Aerodactyl, L50, F|\n|poke|p1|Meowstic, L50, M|\n|poke|p1|Ninetales-Alola, L50, M|\n|poke|p1|Torkoal, L50, F|\n|poke|p1|Greninja, L50, M|\n|poke|p1|Venusaur, L50, F|\n|poke|p2|Scovillain, L50, F|\n|poke|p2|Sinistcha-Masterpiece, L50|\n|poke|p2|Kingambit, L50, F|\n|poke|p2|Aerodactyl, L50, M|\n|poke|p2|Excadrill, L50, M|\n|poke|p2|Tyranitar, L50, F|\n|teampreview|4\n|showteam|p1|Aerodactyl||FocusSash|Unnerve|Tailwind,Taunt,DualWingbeat,RockSlide|||F|||50|]Meowstic||ColburBerry|Prankster|RainDance,Psyshock,ThunderWave,QuickGuard|||M|||50|]Ninetales-Alola||NeverMeltIce|SnowWarning|Encore,DazzlingGleam,FreezeDry,WeatherBall|||M|||50|]Torkoal||SitrusBerry|Drought|HelpingHand,HeatWave,EarthPower,WeatherBall|||F|||50|]Greninja||Greninjite|Protean|Uturn,WeatherBall,GunkShot,HydroPump|||M|||50|]Venusaur||Venusaurite|Chlorophyll|SleepPowder,WeatherBall,EarthPower,EnergyBall|||F|||50|\n|showteam|p2|Scovillain||Scovillainite|Chlorophyll|RagePowder,LeechSeed,Protect,Flamethrower|||F|||50|]Sinistcha-Masterpiece||Leftovers|Hospitality|MatchaGotcha,LifeDew,Protect,TrickRoom||||||50|]Kingambit||BlackGlasses|Defiant|SuckerPunch,IronHead,Protect,LowKick|||F|||50|]Aerodactyl||FocusSash|RockHead|DualWingbeat,Tailwind,RockSlide,Protect|||M|||50|]Excadrill||LumBerry|SandRush|Earthquake,Protect,IronHead,RockSlide|||M|||50|]Tyranitar||ChopleBerry|SandStream|RockSlide,KnockOff,Protect,IcePunch|||F|||50|\n|\n|t:|1776568005\n|teamsize|p1|4\n|teamsize|p2|4\n|start\n|switch|p1a: Meowstic|Meowstic, L50, M|100/100\n|switch|p1b: Greninja|Greninja, L50, M|100/100\n|switch|p2a: Scovillain|Scovillain, L50, F|100/100\n|switch|p2b: Kingambit|Kingambit, L50, F|100/100\n|turn|1\n|\n|t:|1776568041\n|detailschange|p2a: Scovillain|Scovillain-Mega, L50, F\n|-mega|p2a: Scovillain|Scovillain|Scovillainite\n|move|p2a: Scovillain|Protect|p2a: Scovillain\n|-singleturn|p2a: Scovillain|Protect\n|move|p1a: Meowstic|Rain Dance|p1a: Meowstic\n|-weather|RainDance\n|move|p1b: Greninja|Weather Ball|p2a: Scovillain\n|-start|p1b: Greninja|typechange|Water|[from] ability: Protean\n|-activate|p2a: Scovillain|move: Protect\n|move|p2b: Kingambit|Iron Head|p1b: Greninja\n|-resisted|p1b: Greninja|1\n|-damage|p1b: Greninja|58/100\n|\n|-weather|RainDance|[upkeep]\n|upkeep\n|turn|2\n|\n|t:|1776568056\n|switch|p1a: Torkoal|Torkoal, L50, F|100/100\n|-weather|SunnyDay|[from] ability: Drought|[of] p1a: Torkoal\n|detailschange|p1b: Greninja|Greninja-Mega, L50, M\n|-mega|p1b: Greninja|Greninja|Greninjite\n|move|p2b: Kingambit|Sucker Punch|p1b: Greninja\n|-resisted|p1b: Greninja|1\n|-damage|p1b: Greninja|15/100\n|move|p1b: Greninja|Weather Ball|p2a: Scovillain\n|-start|p1b: Greninja|typechange|Fire|[from] ability: Protean\n|-damage|p2a: Scovillain|20/100\n|-immune|p1b: Greninja\n|move|p2a: Scovillain|Leech Seed|p1a: Torkoal\n|-start|p1a: Torkoal|move: Leech Seed\n|\n|-weather|SunnyDay|[upkeep]\n|-damage|p1a: Torkoal|88/100|[from] Leech Seed|[of] p2a: Scovillain\n|-heal|p2a: Scovillain|33/100|[silent]\n|upkeep\n|turn|3\n|\n|t:|1776568077\n|switch|p1b: Venusaur|Venusaur, L50, F|100/100\n|move|p2a: Scovillain|Protect|p2a: Scovillain\n|-singleturn|p2a: Scovillain|Protect\n|move|p2b: Kingambit|Sucker Punch||[still]\n|-fail|p2b: Kingambit\n|move|p1a: Torkoal|Heat Wave|p2a: Scovillain|[spread] p2b\n|-activate|p2a: Scovillain|move: Protect\n|-supereffective|p2b: Kingambit|1\n|-damage|p2b: Kingambit|25/100\n|\n|-weather|SunnyDay|[upkeep]\n|-damage|p1a: Torkoal|76/100|[from] Leech Seed|[of] p2a: Scovillain\n|-heal|p2a: Scovillain|46/100|[silent]\n|upkeep\n|turn|4\n|\n|t:|1776568092\n|switch|p2a: Tyranitar|Tyranitar, L50, F|100/100\n|-weather|Sandstorm|[from] ability: Sand Stream|[of] p2a: Tyranitar\n|move|p2b: Kingambit|Protect|p2b: Kingambit\n|-singleturn|p2b: Kingambit|Protect\n|move|p1b: Venusaur|Earth Power|p2a: Tyranitar\n|-supereffective|p2a: Tyranitar|1\n|-damage|p2a: Tyranitar|59/100\n|move|p1a: Torkoal|Heat Wave|p2b: Kingambit|[spread] p2a\n|-activate|p2b: Kingambit|move: Protect\n|-resisted|p2a: Tyranitar|1\n|-damage|p2a: Tyranitar|50/100\n|\n|-weather|Sandstorm|[upkeep]\n|-damage|p1b: Venusaur|95/100|[from] Sandstorm\n|-damage|p1a: Torkoal|69/100|[from] Sandstorm\n|-damage|p1a: Torkoal|57/100|[from] Leech Seed|[of] p2a: Tyranitar\n|-heal|p2a: Tyranitar|63/100|[silent]\n|upkeep\n|turn|5\n|\n|t:|1776568123\n|switch|p2b: Scovillain|Scovillain-Mega, L50, F|46/100\n|switch|p1a: Meowstic|Meowstic, L50, M|100/100\n|move|p2a: Tyranitar|Rock Slide|p1b: Venusaur|[spread] p1a,p1b\n|-damage|p1a: Meowstic|57/100\n|-damage|p1b: Venusaur|62/100\n|cant|p1b: Venusaur|flinch\n|\n|-weather|Sandstorm|[upkeep]\n|-damage|p1a: Meowstic|51/100|[from] Sandstorm\n|-damage|p1b: Venusaur|56/100|[from] Sandstorm\n|-damage|p2b: Scovillain|40/100|[from] Sandstorm\n|upkeep\n|turn|6\n|\n|t:|1776568145\n|switch|p1a: Torkoal|Torkoal, L50, F|57/100\n|-weather|SunnyDay|[from] ability: Drought|[of] p1a: Torkoal\n|switch|p2a: Kingambit|Kingambit, L50, F|25/100\n|move|p2b: Scovillain|Protect|p2b: Scovillain\n|-singleturn|p2b: Scovillain|Protect\n|move|p1b: Venusaur|Energy Ball|p2a: Kingambit\n|-resisted|p2a: Kingambit|1\n|-damage|p2a: Kingambit|6/100\n|\n|-weather|SunnyDay|[upkeep]\n|upkeep\n|turn|7\n|\n|t:|1776568168\n|switch|p1b: Meowstic|Meowstic, L50, M|51/100\n|move|p2a: Kingambit|Sucker Punch||[still]\n|-fail|p2a: Kingambit\n|move|p2b: Scovillain|Leech Seed|p1a: Torkoal\n|-start|p1a: Torkoal|move: Leech Seed\n|move|p1a: Torkoal|Heat Wave|p2b: Scovillain|[spread] p2a,p2b\n|-supereffective|p2a: Kingambit|1\n|-crit|p2a: Kingambit\n|-damage|p2a: Kingambit|0 fnt\n|-damage|p2b: Scovillain|0 fnt\n|-immune|p1a: Torkoal\n|faint|p2a: Kingambit\n|faint|p2b: Scovillain\n|\n|-weather|SunnyDay|[upkeep]\n|upkeep\n|\n|t:|1776568179\n|switch|p2b: Tyranitar|Tyranitar, L50, F|63/100\n|switch|p2a: Excadrill|Excadrill, L50, M|100/100\n|-weather|Sandstorm|[from] ability: Sand Stream|[of] p2b: Tyranitar\n|turn|8\n|\n|t:|1776568206\n|move|p2b: Tyranitar|Protect|p2b: Tyranitar\n|-singleturn|p2b: Tyranitar|Protect\n|move|p1b: Meowstic|Rain Dance|p1b: Meowstic\n|-weather|RainDance\n|move|p2a: Excadrill|Earthquake|p1a: Torkoal|[spread] p1a,p1b\n|-activate|p2b: Tyranitar|move: Protect\n|-supereffective|p1a: Torkoal|1\n|-crit|p1b: Meowstic\n|-damage|p1a: Torkoal|0 fnt\n|-damage|p1b: Meowstic|0 fnt\n|faint|p1a: Torkoal\n|faint|p1b: Meowstic\n|\n|-weather|RainDance|[upkeep]\n|upkeep\n|\n|t:|1776568220\n|switch|p1b: Venusaur|Venusaur, L50, F|56/100\n|switch|p1a: Greninja|Greninja-Mega, L50, M|15/100\n|turn|9\n|\n|t:|1776568248\n|move|p1a: Greninja|Weather Ball|p2b: Tyranitar\n|-start|p1a: Greninja|typechange|Water|[from] ability: Protean\n|-supereffective|p2b: Tyranitar|1\n|-damage|p2b: Tyranitar|0 fnt\n|faint|p2b: Tyranitar\n|move|p2a: Excadrill|Iron Head|p1b: Venusaur\n|-damage|p1b: Venusaur|0 fnt\n|faint|p1b: Venusaur\n|\n|-weather|RainDance|[upkeep]\n|upkeep\n|turn|10\n|\n|t:|1776568265\n|move|p1a: Greninja|Weather Ball|p2a: Excadrill\n|-supereffective|p2a: Excadrill|1\n|-damage|p2a: Excadrill|0 fnt\n|faint|p2a: Excadrill\n|\n|win|Venusaur-Saurr\n|n|\u203dVenusaur-Saurr|venusaursaurr\n|n|\u2606Firdaws|firdaws\n|l|\u2606Firdaws\n|player|p2|\n",
  "uploadtime": 1776568274,
  "views": 11,
  "formatid": "gen9championsvgc2026regma",
  "rating": null,
  "private": 0,
  "password": null
}