{
  "id": "gen9championsvgc2026regma-2583235669",
  "format": "[Gen 9 Champions] VGC 2026 Reg M-A",
  "players": [
    "RandomGuyInSchool",
    "cats dream of you"
  ],
  "log": "|j|\u2606RandomGuyInSchool\n|j|\u2606cats dream of you\n|t:|1776157926\n|gametype|doubles\n|player|p1|RandomGuyInSchool|schoolkid-gen4|1051\n|player|p2|cats dream of you|hilbert|1045\n|gen|9\n|tier|[Gen 9 Champions] VGC 2026 Reg M-A\n|rated|\n|rule|Species Clause: Limit one of each Pok\u00e9mon\n|rule|Item Clause: Limit 1 of each item\n|clearpoke\n|poke|p1|Rotom-Wash, L50|\n|poke|p1|Incineroar, L50, F|\n|poke|p1|Sinistcha, L50|\n|poke|p1|Drampa, L50, M|\n|poke|p1|Floette-Eternal, L50, F|\n|poke|p1|Sneasler, L50, F|\n|poke|p2|Corviknight, L50, F|\n|poke|p2|Gardevoir, L50, F|\n|poke|p2|Garchomp, L50, F|\n|poke|p2|Sinistcha, L50|\n|poke|p2|Dragonite, L50, F|\n|poke|p2|Sneasler, L50, F|\n|teampreview|4\n|inactive|Battle timer is ON: inactive players will automatically lose when time's up. (requested by RandomGuyInSchool)\nRandomGuyInSchool rejected open team sheets.\n|inactive|RandomGuyInSchool has 60 seconds left.\n|inactive|cats dream of you has 60 seconds left.\n|\n|t:|1776157987\n|teamsize|p1|4\n|teamsize|p2|4\n|start\n|switch|p1a: Rotom|Rotom-Wash, L50|100/100\n|switch|p1b: Floette|Floette-Eternal, L50, F|100/100\n|switch|p2a: Corviknight|Corviknight, L50, F, shiny|100/100\n|switch|p2b: Gardevoir|Gardevoir, L50, F, shiny|100/100\n|turn|1\n|\n|t:|1776158006\n|detailschange|p2b: Gardevoir|Gardevoir-Mega, L50, F, shiny\n|-mega|p2b: Gardevoir|Gardevoir|Gardevoirite\n|move|p1b: Floette|Protect|p1b: Floette\n|-singleturn|p1b: Floette|Protect\n|move|p1a: Rotom|Volt Switch|p2a: Corviknight\n|-supereffective|p2a: Corviknight|1\n|-damage|p2a: Corviknight|48/100\n|\n|t:|1776158017\n|switch|p1a: Incineroar|Incineroar, L50, F|100/100|[from] Volt Switch\n|-ability|p1a: Incineroar|Intimidate|boost\n|-ability|p2a: Corviknight|Mirror Armor\n|-unboost|p1a: Incineroar|atk|1\n|-unboost|p2b: Gardevoir|atk|1\n|move|p2b: Gardevoir|Hyper Voice|p1b: Floette|[spread] p1a\n|-activate|p1b: Floette|move: Protect\n|-damage|p1a: Incineroar|47/100\n|move|p2a: Corviknight|Iron Head|p1b: Floette\n|-activate|p1b: Floette|move: Protect\n|\n|-heal|p2a: Corviknight|54/100|[from] item: Leftovers\n|upkeep\n|turn|2\n|\n|t:|1776158040\n|switch|p2a: Garchomp|Garchomp, L50, F|100/100\n|detailschange|p1b: Floette|Floette-Mega, L50, F\n|-mega|p1b: Floette|Floette|Floettite\n|-ability|p1b: Floette|Fairy Aura\n|move|p2b: Gardevoir|Protect|p2b: Gardevoir\n|-singleturn|p2b: Gardevoir|Protect\n|move|p1a: Incineroar|Fake Out|p2a: Garchomp\n|-damage|p2a: Garchomp|93/100\n|move|p1b: Floette|Calm Mind|p1b: Floette\n|-boost|p1b: Floette|spa|1\n|-boost|p1b: Floette|spd|1\n|\n|upkeep\n|turn|3\n|\n|t:|1776158058\n|switch|p2b: Corviknight|Corviknight, L50, F, shiny|54/100\n|switch|p1a: Rotom|Rotom-Wash, L50|100/100\n|move|p1b: Floette|Protect|p1b: Floette\n|-singleturn|p1b: Floette|Protect\n|move|p2a: Garchomp|Rock Slide|p1a: Rotom|[spread] p1a\n|-activate|p1b: Floette|move: Protect\n|-damage|p1a: Rotom|78/100\n|\n|-heal|p2b: Corviknight|60/100|[from] item: Leftovers\n|upkeep\n|turn|4\n|\n|t:|1776158080\n|move|p1a: Rotom|Thunderbolt|p2b: Corviknight\n|-supereffective|p2b: Corviknight|1\n|-damage|p2b: Corviknight|0 fnt\n|faint|p2b: Corviknight\n|move|p1b: Floette|Dazzling Gleam|p2a: Garchomp\n|-supereffective|p2a: Garchomp|1\n|-damage|p2a: Garchomp|0 fnt\n|faint|p2a: Garchomp\n|\n|upkeep\n|\n|t:|1776158087\n|switch|p2a: Sneasler|Sneasler, L50, F, shiny|100/100\n|switch|p2b: Gardevoir|Gardevoir-Mega, L50, F, shiny|100/100\n|turn|5\n|\n|t:|1776158098\n|switch|p1a: Incineroar|Incineroar, L50, F|47/100\n|-ability|p1a: Incineroar|Intimidate|boost\n|-unboost|p2a: Sneasler|atk|1\n|-unboost|p2b: Gardevoir|atk|1\n|move|p1b: Floette|Protect|p1b: Floette\n|-singleturn|p1b: Floette|Protect\n|move|p2a: Sneasler|Fake Out|p1b: Floette\n|-activate|p1b: Floette|move: Protect\n|move|p2b: Gardevoir|Hyper Voice|p1b: Floette|[spread] p1a\n|-activate|p1b: Floette|move: Protect\n|-damage|p1a: Incineroar|0 fnt\n|faint|p1a: Incineroar\n|\n|upkeep\n|\n|t:|1776158109\n|switch|p1a: Rotom|Rotom-Wash, L50|78/100\n|turn|6\n|inactive|RandomGuyInSchool has 30 seconds left.\n|\n|t:|1776158138\n|move|p1a: Rotom|Will-O-Wisp|p2a: Sneasler\n|-status|p2a: Sneasler|brn\n|move|p2a: Sneasler|Dire Claw|p1b: Floette\n|-supereffective|p1b: Floette|1\n|-damage|p1b: Floette|57/100\n|-status|p1b: Floette|par\n|move|p2b: Gardevoir|Hyper Voice|p1b: Floette|[spread] p1a,p1b\n|-damage|p1a: Rotom|0 fnt\n|-damage|p1b: Floette|17/100 par\n|faint|p1a: Rotom\n|move|p1b: Floette|Dazzling Gleam|p2a: Sneasler|[spread] p2a,p2b\n|-enditem|p2a: Sneasler|Focus Sash\n|-damage|p2a: Sneasler|1/100 brn\n|-damage|p2b: Gardevoir|40/100\n|\n|-damage|p2a: Sneasler|0 fnt|[from] brn\n|faint|p2a: Sneasler\n|upkeep\n|\n|t:|1776158154\n|switch|p1a: Sinistcha|Sinistcha, L50|100/100\n|-heal|p1b: Floette|42/100 par|[from] ability: Hospitality|[of] p1a: Sinistcha\n|turn|7\n|\n|t:|1776158163\n|move|p1b: Floette|Protect|p1b: Floette\n|-singleturn|p1b: Floette|Protect\n|move|p2b: Gardevoir|Hyper Voice|p1a: Sinistcha|[spread] p1a\n|-activate|p1b: Floette|move: Protect\n|-damage|p1a: Sinistcha|36/100\n|-enditem|p1a: Sinistcha|Sitrus Berry|[eat]\n|-heal|p1a: Sinistcha|61/100|[from] item: Sitrus Berry\n|move|p1a: Sinistcha|Trick Room|p1a: Sinistcha\n|-fieldstart|move: Trick Room|[of] p1a: Sinistcha\n|\n|upkeep\n|turn|8\n|\n|t:|1776158176\n|move|p1a: Sinistcha|Matcha Gotcha|p2b: Gardevoir\n|-damage|p2b: Gardevoir|16/100\n|-heal|p1a: Sinistcha|72/100|[from] drain|[of] p2b: Gardevoir\n|move|p1b: Floette|Dazzling Gleam|p2b: Gardevoir\n|-damage|p2b: Gardevoir|0 fnt\n|faint|p2b: Gardevoir\n|\n|win|RandomGuyInSchool\n|raw|RandomGuyInSchool's rating: 1051 &rarr; <strong>1083</strong><br />(+32 for winning)\n|raw|cats dream of you's rating: 1045 &rarr; <strong>1029</strong><br />(-16 for losing)\n|c|\u2606RandomGuyInSchool|ggwp\n|l|\u2606cats dream of you\n|player|p2|\n",
  "uploadtime": 1776158186,
  "views": 17,
  "formatid": "gen9championsvgc2026regma",
  "rating": 1029,
  "private": 0,
  "password": null
}