{
  "id": "gen9championsvgc2026regma-2587466719",
  "format": "[Gen 9 Champions] VGC 2026 Reg M-A",
  "players": [
    "cojoTheKing",
    "ratbas"
  ],
  "log": "|j|\u2606cojoTheKing\n|j|\u2606ratbas\n|t:|1776534230\n|gametype|doubles\n|player|p1|cojoTheKing|102|1087\n|player|p2|ratbas|boarder|1068\n|gen|9\n|tier|[Gen 9 Champions] VGC 2026 Reg M-A\n|rated|\n|rule|Species Clause: Limit one of each Pok\u00e9mon\n|rule|Item Clause: Limit 1 of each item\n|clearpoke\n|poke|p1|Sandaconda, L50, M|\n|poke|p1|Garchomp, L50, M|\n|poke|p1|Aggron, L50, M|\n|poke|p1|Kommo-o, L50, M|\n|poke|p1|Alakazam, L50, F|\n|poke|p1|Empoleon, L50, M|\n|poke|p2|Gyarados, L50, F|\n|poke|p2|Rotom-Heat, L50|\n|poke|p2|Incineroar, L50, F|\n|poke|p2|Dragapult, L50, F|\n|poke|p2|Garchomp, L50, F|\n|poke|p2|Whimsicott, L50, F|\n|teampreview|4\n|\n|t:|1776534250\n|teamsize|p1|4\n|teamsize|p2|4\n|start\n|switch|p1a: Sandaconda|Sandaconda, L50, M|100/100\n|switch|p1b: Kommo-o|Kommo-o, L50, M|100/100\n|switch|p2a: Incineroar|Incineroar, L50, F|100/100\n|switch|p2b: Whimsicott|Whimsicott, L50, F|100/100\n|-ability|p2a: Incineroar|Intimidate|boost\n|-unboost|p1a: Sandaconda|atk|1\n|-unboost|p1b: Kommo-o|atk|1\n|turn|1\n|\n|t:|1776534265\n|move|p2b: Whimsicott|Protect|p2b: Whimsicott\n|-singleturn|p2b: Whimsicott|Protect\n|move|p1b: Kommo-o|Upper Hand|p2a: Incineroar\n|-supereffective|p2a: Incineroar|1\n|-damage|p2a: Incineroar|62/100\n|cant|p2a: Incineroar|flinch\n|move|p1a: Sandaconda|Stealth Rock|p2b: Whimsicott\n|-sidestart|p2: ratbas|move: Stealth Rock\n|\n|upkeep\n|turn|2\n|inactive|Battle timer is ON: inactive players will automatically lose when time's up. (requested by cojoTheKing)\n|\n|t:|1776534287\n|move|p2b: Whimsicott|Tailwind|p2b: Whimsicott\n|-sidestart|p2: ratbas|move: Tailwind\n|move|p1b: Kommo-o|Clangorous Soul|p1b: Kommo-o\n|-boost|p1b: Kommo-o|atk|1\n|-boost|p1b: Kommo-o|def|1\n|-boost|p1b: Kommo-o|spa|1\n|-boost|p1b: Kommo-o|spd|1\n|-boost|p1b: Kommo-o|spe|1\n|-damage|p1b: Kommo-o|68/100\n|move|p2a: Incineroar|Flare Blitz|p1a: Sandaconda\n|-damage|p1a: Sandaconda|60/100\n|-weather|Sandstorm|[from] ability: Sand Spit|[of] p1a: Sandaconda\n|-damage|p2a: Incineroar|52/100|[from] Recoil\n|move|p1a: Sandaconda|Sand Tomb|p2a: Incineroar\n|-supereffective|p2a: Incineroar|1\n|-enditem|p2a: Incineroar|Shuca Berry|[eat]\n|-enditem|p2a: Incineroar|Shuca Berry|[weaken]\n|-damage|p2a: Incineroar|41/100\n|-activate|p2a: Incineroar|move: Sand Tomb|[of] p1a: Sandaconda\n|\n|-weather|Sandstorm|[upkeep]\n|-damage|p2b: Whimsicott|95/100|[from] Sandstorm\n|-damage|p2a: Incineroar|35/100|[from] Sandstorm\n|-damage|p2a: Incineroar|23/100|[from] move: Sand Tomb|[partiallytrapped]\n|upkeep\n|turn|3\n|inactive|cojoTheKing has 30 seconds left.\n|inactive|ratbas has 30 seconds left.\n|\n|t:|1776534316\n|move|p2b: Whimsicott|Moonblast|p1b: Kommo-o\n|-supereffective|p1b: Kommo-o|2\n|-damage|p1b: Kommo-o|0 fnt\n|faint|p1b: Kommo-o\n|move|p2a: Incineroar|Flare Blitz|p1a: Sandaconda\n|-damage|p1a: Sandaconda|15/100\n|-damage|p2a: Incineroar|12/100|[from] Recoil\n|move|p1a: Sandaconda|Glare|p2b: Whimsicott\n|-status|p2b: Whimsicott|par\n|\n|-weather|Sandstorm|[upkeep]\n|-damage|p2b: Whimsicott|89/100 par|[from] Sandstorm\n|-damage|p2a: Incineroar|6/100|[from] Sandstorm\n|-damage|p2a: Incineroar|0 fnt|[from] move: Sand Tomb|[partiallytrapped]\n|faint|p2a: Incineroar\n|upkeep\n|\n|t:|1776534333\n|switch|p1b: Empoleon|Empoleon, L50, M|100/100\n|switch|p2a: Gyarados|Gyarados, L50, F|100/100\n|-damage|p2a: Gyarados|75/100|[from] Stealth Rock\n|-ability|p2a: Gyarados|Intimidate|boost\n|-unboost|p1a: Sandaconda|atk|1\n|-unboost|p1b: Empoleon|atk|1\n|turn|4\n|inactive|ratbas has 30 seconds left.\n|\n|t:|1776534359\n|detailschange|p2a: Gyarados|Gyarados-Mega, L50, F\n|-mega|p2a: Gyarados|Gyarados|Gyaradosite\n|-ability|p2a: Gyarados|Mold Breaker\n|move|p2a: Gyarados|Waterfall|p1a: Sandaconda\n|-supereffective|p1a: Sandaconda|1\n|-enditem|p1a: Sandaconda|Passho Berry|[eat]\n|-enditem|p1a: Sandaconda|Passho Berry|[weaken]\n|-damage|p1a: Sandaconda|0 fnt\n|faint|p1a: Sandaconda\n|move|p2b: Whimsicott|U-turn|p1b: Empoleon\n|-resisted|p1b: Empoleon|1\n|-damage|p1b: Empoleon|94/100\n|\n|t:|1776534371\n|switch|p2b: Garchomp|Garchomp, L50, F|100/100|[from] U-turn\n|-damage|p2b: Garchomp|94/100|[from] Stealth Rock\n|move|p1b: Empoleon|Air Slash|p2b: Garchomp\n|-damage|p2b: Garchomp|66/100\n|\n|-weather|Sandstorm|[upkeep]\n|-damage|p2a: Gyarados|70/100|[from] Sandstorm\n|-heal|p1b: Empoleon|99/100|[from] item: Leftovers\n|upkeep\n|\n|t:|1776534383\n|switch|p1a: Garchomp|Garchomp, L50, M|100/100\n|turn|5\n|\n|t:|1776534395\n|move|p2b: Garchomp|Brick Break|p1b: Empoleon\n|-supereffective|p1b: Empoleon|1\n|-damage|p1b: Empoleon|37/100\n|move|p2a: Gyarados|Outrage|p1b: Empoleon\n|-resisted|p1b: Empoleon|1\n|-damage|p1b: Empoleon|5/100\n|move|p1a: Garchomp|Poison Jab|p2a: Gyarados\n|-damage|p2a: Gyarados|41/100\n|move|p1b: Empoleon|Ice Beam|p2b: Garchomp\n|-supereffective|p2b: Garchomp|2\n|-damage|p2b: Garchomp|0 fnt\n|faint|p2b: Garchomp\n|\n|-weather|Sandstorm|[upkeep]\n|-damage|p2a: Gyarados|35/100|[from] Sandstorm\n|-heal|p1b: Empoleon|12/100|[from] item: Leftovers\n|-sideend|p2: ratbas|move: Tailwind\n|upkeep\n|\n|t:|1776534413\n|switch|p2b: Whimsicott|Whimsicott, L50, F|89/100 par\n|-damage|p2b: Whimsicott|76/100 par|[from] Stealth Rock\n|turn|6\n|\n|t:|1776534429\n|move|p2b: Whimsicott|Tailwind|p2b: Whimsicott\n|-sidestart|p2: ratbas|move: Tailwind\n|move|p2a: Gyarados|Outrage|p1a: Garchomp|[from] lockedmove\n|-supereffective|p1a: Garchomp|1\n|-damage|p1a: Garchomp|3/100\n|move|p1a: Garchomp|Poison Jab|p2b: Whimsicott\n|-supereffective|p2b: Whimsicott|2\n|-damage|p2b: Whimsicott|0 fnt\n|faint|p2b: Whimsicott\n|move|p1b: Empoleon|Air Slash|p2a: Gyarados\n|-damage|p2a: Gyarados|12/100\n|\n|-weather|none\n|-heal|p1b: Empoleon|18/100|[from] item: Leftovers\n|upkeep\n|turn|7\n|\n|t:|1776534450\n|move|p2a: Gyarados|Outrage|p1a: Garchomp|[from] lockedmove\n|-supereffective|p1a: Garchomp|1\n|-damage|p1a: Garchomp|0 fnt\n|faint|p1a: Garchomp\n|-start|p2a: Gyarados|confusion|[fatigue]\n|move|p1b: Empoleon|Air Slash|p2a: Gyarados\n|-damage|p2a: Gyarados|0 fnt\n|faint|p2a: Gyarados\n|\n|win|cojoTheKing\n|raw|cojoTheKing's rating: 1087 &rarr; <strong>1112</strong><br />(+25 for winning)\n|raw|ratbas's rating: 1068 &rarr; <strong>1049</strong><br />(-19 for losing)\n|l|\u2606ratbas\n|player|p2|\n",
  "uploadtime": 1776534466,
  "views": 16,
  "formatid": "gen9championsvgc2026regma",
  "rating": 1049,
  "private": 0,
  "password": null
}