{
  "id": "gen9championsvgc2026regma-2582197764",
  "format": "[Gen 9 Champions] VGC 2026 Reg M-A",
  "players": [
    "aggsapphire",
    "siryoshikenobi"
  ],
  "log": "|j|\u2606aggsapphire\n|j|\u2606siryoshikenobi\n|t:|1776070202\n|gametype|doubles\n|player|p1|aggsapphire|266|1171\n|player|p2|siryoshikenobi|169|1220\n|gen|9\n|tier|[Gen 9 Champions] VGC 2026 Reg M-A\n|rated|\n|rule|Species Clause: Limit one of each Pok\u00e9mon\n|rule|Item Clause: Limit 1 of each item\n|clearpoke\n|poke|p1|Charizard, L50, M|\n|poke|p1|Venusaur, L50, M|\n|poke|p1|Incineroar, L50, F|\n|poke|p1|Basculegion, L50, M|\n|poke|p1|Garchomp, L50, F|\n|poke|p1|Sneasler, L50, F|\n|poke|p2|Maushold, L50|\n|poke|p2|Hatterene, L50, F|\n|poke|p2|Crabominable, L50, M|\n|poke|p2|Lycanroc-Dusk, L50, M|\n|poke|p2|Aegislash, L50, M|\n|poke|p2|Camerupt, L50, F|\n|teampreview|4\n|inactive|Battle timer is ON: inactive players will automatically lose when time's up. (requested by siryoshikenobi)\n|inactive|aggsapphire has 60 seconds left.\n|\n|t:|1776070262\n|teamsize|p1|4\n|teamsize|p2|4\n|start\n|switch|p1a: Charizard|Charizard, L50, M|100/100\n|switch|p1b: Garchomp|Garchomp, L50, F|100/100\n|switch|p2a: Maushold|Maushold, L50|100/100\n|switch|p2b: Hatterene|Hatterene, L50, F|100/100\n|turn|1\n|inactive|siryoshikenobi has 30 seconds left.\n|\n|t:|1776070290\n|detailschange|p1a: Charizard|Charizard-Mega-Y, L50, M\n|-mega|p1a: Charizard|Charizard|Charizardite Y\n|-weather|SunnyDay|[from] ability: Drought|[of] p1a: Charizard\n|move|p2a: Maushold|Super Fang|p1b: Garchomp\n|-damage|p1b: Garchomp|51/100\n|-damage|p2a: Maushold|88/100|[from] ability: Rough Skin|[of] p1b: Garchomp\n|move|p1b: Garchomp|Earthquake|p2a: Maushold|[spread] p2a,p2b\n|-immune|p1a: Charizard\n|-damage|p2a: Maushold|37/100\n|-damage|p2b: Hatterene|66/100\n|move|p1a: Charizard|Heat Wave|p2b: Hatterene|[spread] p2a,p2b\n|-damage|p2a: Maushold|0 fnt\n|-damage|p2b: Hatterene|27/100\n|faint|p2a: Maushold\n|move|p2b: Hatterene|Trick Room|p2b: Hatterene\n|-fieldstart|move: Trick Room|[of] p2b: Hatterene\n|\n|-weather|SunnyDay|[upkeep]\n|upkeep\n|\n|t:|1776070308\n|switch|p2a: Crabominable|Crabominable, L50, M|100/100\n|turn|2\n|\n|t:|1776070322\n|detailschange|p2a: Crabominable|Crabominable-Mega, L50, M\n|-mega|p2a: Crabominable|Crabominable|Crabominite\n|move|p1b: Garchomp|Protect|p1b: Garchomp\n|-singleturn|p1b: Garchomp|Protect\n|move|p2b: Hatterene|Dazzling Gleam|p1b: Garchomp|[spread] p1a\n|-activate|p1b: Garchomp|move: Protect\n|-resisted|p1a: Charizard|1\n|-damage|p1a: Charizard|85/100\n|move|p2a: Crabominable|Thunder Punch|p1a: Charizard\n|-supereffective|p1a: Charizard|1\n|-damage|p1a: Charizard|0 fnt\n|faint|p1a: Charizard\n|\n|-weather|SunnyDay|[upkeep]\n|upkeep\n|inactive|aggsapphire has 30 seconds left.\n|\n|t:|1776070348\n|switch|p1a: Sneasler|Sneasler, L50, F|100/100\n|turn|3\n|\n|t:|1776070370\n|move|p2b: Hatterene|Protect|p2b: Hatterene\n|-singleturn|p2b: Hatterene|Protect\n|move|p1a: Sneasler|Protect|p1a: Sneasler\n|-singleturn|p1a: Sneasler|Protect\n|move|p2a: Crabominable|Ice Hammer|p1b: Garchomp\n|-supereffective|p1b: Garchomp|2\n|-damage|p1b: Garchomp|0 fnt\n|-unboost|p2a: Crabominable|spe|1\n|-damage|p2a: Crabominable|88/100|[from] ability: Rough Skin|[of] p1b: Garchomp\n|faint|p1b: Garchomp\n|\n|-weather|SunnyDay|[upkeep]\n|upkeep\n|\n|t:|1776070384\n|switch|p1b: Basculegion|Basculegion, L50, M|100/100\n|turn|4\n|\n|t:|1776070396\n|move|p1a: Sneasler|Protect|p1a: Sneasler\n|-singleturn|p1a: Sneasler|Protect\n|move|p2a: Crabominable|Thunder Punch|p1b: Basculegion\n|-supereffective|p1b: Basculegion|1\n|-damage|p1b: Basculegion|8/100\n|move|p2b: Hatterene|Psychic|p1a: Sneasler\n|-activate|p1a: Sneasler|move: Protect\n|move|p1b: Basculegion|Last Respects|p2b: Hatterene\n|-supereffective|p2b: Hatterene|1\n|-damage|p2b: Hatterene|0 fnt\n|faint|p2b: Hatterene\n|\n|-weather|SunnyDay|[upkeep]\n|upkeep\n|\n|t:|1776070408\n|switch|p2b: Lycanroc|Lycanroc-Dusk, L50, M, shiny|100/100\n|turn|5\n|\n|t:|1776070427\n|move|p2b: Lycanroc|Accelerock|p1b: Basculegion\n|-damage|p1b: Basculegion|0 fnt\n|faint|p1b: Basculegion\n|move|p2a: Crabominable|Ice Hammer|p1a: Sneasler\n|-damage|p1a: Sneasler|0 fnt\n|-unboost|p2a: Crabominable|spe|1\n|faint|p1a: Sneasler\n|\n|win|siryoshikenobi\n|raw|aggsapphire's rating: 1171 &rarr; <strong>1150</strong><br />(-21 for losing)\n|raw|siryoshikenobi's rating: 1220 &rarr; <strong>1241</strong><br />(+21 for winning)\n|l|\u2606siryoshikenobi\n|player|p2|\n",
  "uploadtime": 1776070441,
  "views": 13,
  "formatid": "gen9championsvgc2026regma",
  "rating": 1150,
  "private": 0,
  "password": null
}