{
  "id": "gen9championsvgc2026regma-2583735288",
  "format": "[Gen 9 Champions] VGC 2026 Reg M-A",
  "players": [
    "QuakeForest",
    "TheRealBanette\u00a9\u00ae"
  ],
  "log": "|j|\u2606QuakeForest\n|j|\u2606TheRealBanette\u00a9\u00ae\n|t:|1776194134\n|gametype|doubles\n|player|p1|QuakeForest|ethan|1000\n|player|p2|TheRealBanette\u00a9\u00ae|colress|1000\n|gen|9\n|tier|[Gen 9 Champions] VGC 2026 Reg M-A\n|rated|\n|rule|Species Clause: Limit one of each Pok\u00e9mon\n|rule|Item Clause: Limit 1 of each item\n|clearpoke\n|poke|p1|Kangaskhan, L50, F|\n|poke|p1|Archaludon, L50, F|\n|poke|p1|Farigiraf, L50, M|\n|poke|p1|Aerodactyl, L50, F|\n|poke|p1|Torkoal, L50, M|\n|poke|p1|Dragapult, L50, M|\n|poke|p2|Chesnaught, L50, M|\n|poke|p2|Glimmora, L50, F|\n|poke|p2|Vivillon, L50, F|\n|poke|p2|Sinistcha-Masterpiece, L50|\n|poke|p2|Incineroar, L50, M|\n|teampreview|4\n|inactive|Battle timer is ON: inactive players will automatically lose when time's up. (requested by QuakeForest)\n|\n|t:|1776194164\n|teamsize|p1|4\n|teamsize|p2|4\n|start\n|switch|p1a: Kangaskhan|Kangaskhan, L50, F|100/100\n|switch|p1b: Aerodactyl|Aerodactyl, L50, F, shiny|100/100\n|switch|p2a: Incineroar|Incineroar, L50, M|100/100\n|switch|p2b: Vivillon|Vivillon, L50, F|100/100\n|-ability|p1b: Aerodactyl|Unnerve\n|-ability|p2a: Incineroar|Intimidate|boost\n|-unboost|p1a: Kangaskhan|atk|1\n|-unboost|p1b: Aerodactyl|atk|1\n|turn|1\n|inactive|QuakeForest has 30 seconds left.\n|inactive|TheRealBanette\u00a9\u00ae has 30 seconds left.\n|\n|t:|1776194192\n|detailschange|p1a: Kangaskhan|Kangaskhan-Mega, L50, F\n|-mega|p1a: Kangaskhan|Kangaskhan|Kangaskhanite\n|move|p1a: Kangaskhan|Fake Out|p2a: Incineroar\n|-damage|p2a: Incineroar|87/100\n|-damage|p2a: Incineroar|84/100\n|-hitcount|p2a: Incineroar|2\n|cant|p2a: Incineroar|flinch\n|move|p2b: Vivillon|Sleep Powder|p1b: Aerodactyl\n|-status|p1b: Aerodactyl|slp|[from] move: Sleep Powder\n|cant|p1b: Aerodactyl|slp\n|\n|upkeep\n|turn|2\n|\n|t:|1776194214\n|move|p2b: Vivillon|Sleep Powder|p1a: Kangaskhan\n|-status|p1a: Kangaskhan|slp|[from] move: Sleep Powder\n|cant|p1b: Aerodactyl|slp\n|cant|p1a: Kangaskhan|slp\n|move|p2a: Incineroar|Parting Shot|p1a: Kangaskhan\n|-unboost|p1a: Kangaskhan|atk|1\n|-unboost|p1a: Kangaskhan|spa|1\n|\n|t:|1776194225\n|switch|p2a: Chesnaught|Chesnaught, L50, M|100/100|[from] Parting Shot\n|\n|upkeep\n|turn|3\n|\n|t:|1776194241\n|switch|p1a: Torkoal|Torkoal, L50, M|100/100\n|-weather|SunnyDay|[from] ability: Drought|[of] p1a: Torkoal\n|move|p2b: Vivillon|Sleep Powder|p1b: Aerodactyl\n|-fail|p1b: Aerodactyl|slp\n|-curestatus|p1b: Aerodactyl|slp|[msg]\n|move|p1b: Aerodactyl|Tailwind|p1b: Aerodactyl\n|-sidestart|p1: QuakeForest|move: Tailwind\n|move|p2a: Chesnaught|Close Combat|p1a: Torkoal\n|-damage|p1a: Torkoal|62/100\n|-unboost|p2a: Chesnaught|def|1\n|-unboost|p2a: Chesnaught|spd|1\n|\n|-weather|SunnyDay|[upkeep]\n|upkeep\n|turn|4\n|\n|t:|1776194265\n|switch|p2a: Incineroar|Incineroar, L50, M|84/100\n|-ability|p2a: Incineroar|Intimidate|boost\n|-unboost|p1a: Torkoal|atk|1\n|-unboost|p1b: Aerodactyl|atk|1\n|move|p1b: Aerodactyl|Stealth Rock|p2a: Incineroar\n|-sidestart|p2: TheRealBanette\u00a9\u00ae|move: Stealth Rock\n|move|p2b: Vivillon|Sleep Powder|p1a: Torkoal\n|-status|p1a: Torkoal|slp|[from] move: Sleep Powder\n|cant|p1a: Torkoal|slp\n|\n|-weather|SunnyDay|[upkeep]\n|upkeep\n|turn|5\n|\n|t:|1776194288\n|move|p1b: Aerodactyl|Rock Slide|p2b: Vivillon|[spread] p2a,p2b\n|-supereffective|p2a: Incineroar|1\n|-supereffective|p2b: Vivillon|2\n|-damage|p2a: Incineroar|63/100\n|-damage|p2b: Vivillon|30/100\n|move|p2b: Vivillon|Sleep Powder|p1b: Aerodactyl\n|-status|p1b: Aerodactyl|slp|[from] move: Sleep Powder\n|cant|p1a: Torkoal|slp\n|move|p2a: Incineroar|Darkest Lariat|p1a: Torkoal\n|-damage|p1a: Torkoal|41/100 slp\n|\n|-weather|SunnyDay|[upkeep]\n|upkeep\n|turn|6\n|\n|t:|1776194306\n|switch|p2b: Sinistcha|Sinistcha-Masterpiece, L50|100/100\n|-damage|p2b: Sinistcha|88/100|[from] Stealth Rock\n|-heal|p2a: Incineroar|88/100|[from] ability: Hospitality|[of] p2b: Sinistcha\n|cant|p1b: Aerodactyl|slp\n|-curestatus|p1a: Torkoal|slp|[msg]\n|move|p1a: Torkoal|Eruption|p2a: Incineroar|[spread] p2a,p2b\n|-resisted|p2a: Incineroar|1\n|-supereffective|p2b: Sinistcha|1\n|-damage|p2a: Incineroar|79/100\n|-damage|p2b: Sinistcha|48/100\n|move|p2a: Incineroar|Darkest Lariat|p1b: Aerodactyl\n|-damage|p1b: Aerodactyl|56/100 slp\n|\n|-weather|SunnyDay|[upkeep]\n|-sideend|p1: QuakeForest|move: Tailwind\n|upkeep\n|turn|7\n|-message|QuakeForest forfeited.\n|\n|win|TheRealBanette\u00a9\u00ae\n|raw|QuakeForest's rating: 1000 &rarr; <strong>1000</strong><br />(+0 for losing)\n|raw|TheRealBanette\u00a9\u00ae's rating: 1000 &rarr; <strong>1040</strong><br />(+40 for winning)\n|l|\u2606QuakeForest\n|player|p1|\n",
  "uploadtime": 1776194329,
  "views": 33,
  "formatid": "gen9championsvgc2026regma",
  "rating": 1000,
  "private": 0,
  "password": null
}