{
  "id": "gen9championsvgc2026regma-2585369757",
  "format": "[Gen 9 Champions] VGC 2026 Reg M-A",
  "players": [
    "ikerpcp",
    "Zappyzap01"
  ],
  "log": "|j|\u2606ikerpcp\n|j|\u2606Zappyzap01\n|t:|1776342050\n|gametype|doubles\n|player|p1|ikerpcp|cynthia-masters4|1335\n|player|p2|Zappyzap01|benga|1369\n|gen|9\n|tier|[Gen 9 Champions] VGC 2026 Reg M-A\n|rated|\n|rule|Species Clause: Limit one of each Pok\u00e9mon\n|rule|Item Clause: Limit 1 of each item\n|clearpoke\n|poke|p1|Infernape, L50, M|\n|poke|p1|Kingambit, L50, F|\n|poke|p1|Charizard, L50, M|\n|poke|p1|Meganium, L50, F|\n|poke|p1|Milotic, L50, F|\n|poke|p1|Garchomp, L50, F|\n|poke|p2|Sylveon, L50, F|\n|poke|p2|Camerupt, L50, M|\n|poke|p2|Sableye, L50, M|\n|poke|p2|Oranguru, L50, M|\n|poke|p2|Torkoal, L50, M|\n|poke|p2|Meganium, L50, F|\n|teampreview|4\n|\n|t:|1776342119\n|teamsize|p1|4\n|teamsize|p2|4\n|start\n|switch|p1a: Garchomp|Garchomp, L50, F|100/100\n|switch|p1b: Charizard|Charizard, L50, M, shiny|100/100\n|switch|p2a: Oranguru|Oranguru, L50, M, shiny|100/100\n|switch|p2b: Sylveon|Sylveon, L50, F, shiny|100/100\n|turn|1\n|inactive|Battle timer is ON: inactive players will automatically lose when time's up. (requested by ikerpcp)\n|j| DEAD_BURG\n|\n|t:|1776342131\n|switch|p1a: Kingambit|Kingambit, L50, F, shiny|100/100\n|detailschange|p1b: Charizard|Charizard-Mega-Y, L50, M, shiny\n|-mega|p1b: Charizard|Charizard|Charizardite Y\n|-weather|SunnyDay|[from] ability: Drought|[of] p1b: Charizard\n|move|p1b: Charizard|Heat Wave|p2b: Sylveon|[spread] p2a,p2b\n|-damage|p2a: Oranguru|45/100\n|-damage|p2b: Sylveon|54/100\n|move|p2b: Sylveon|Hyper Voice|p1b: Charizard|[spread] p1a,p1b\n|-resisted|p1b: Charizard|1\n|-damage|p1a: Kingambit|57/100\n|-damage|p1b: Charizard|73/100\n|move|p2a: Oranguru|Trick Room|p2a: Oranguru\n|-fieldstart|move: Trick Room|[of] p2a: Oranguru\n|\n|-weather|SunnyDay|[upkeep]\n|upkeep\n|turn|2\n|inactive|ikerpcp has 30 seconds left.\n|\n|t:|1776342160\n|move|p1a: Kingambit|Protect|p1a: Kingambit\n|-singleturn|p1a: Kingambit|Protect\n|move|p2b: Sylveon|Hyper Voice|p1a: Kingambit|[spread] p1b\n|-activate|p1a: Kingambit|move: Protect\n|-resisted|p1b: Charizard|1\n|-damage|p1b: Charizard|50/100\n|move|p2a: Oranguru|Instruct|p2b: Sylveon\n|-singleturn|p2b: Sylveon|move: Instruct|[of] p2a: Oranguru\n|move|p2b: Sylveon|Hyper Voice|p1b: Charizard|[spread] p1b\n|-activate|p1a: Kingambit|move: Protect\n|-resisted|p1b: Charizard|1\n|-damage|p1b: Charizard|22/100\n|move|p1b: Charizard|Heat Wave|p2a: Oranguru|[spread] p2a,p2b\n|-damage|p2a: Oranguru|0 fnt\n|-damage|p2b: Sylveon|5/100\n|faint|p2a: Oranguru\n|\n|-weather|SunnyDay|[upkeep]\n|upkeep\n|\n|t:|1776342176\n|switch|p2a: Camerupt|Camerupt, L50, M, shiny|100/100\n|turn|3\n|\n|t:|1776342189\n|detailschange|p2a: Camerupt|Camerupt-Mega, L50, M, shiny\n|-mega|p2a: Camerupt|Camerupt|Cameruptite\n|move|p1b: Charizard|Protect|p1b: Charizard\n|-singleturn|p1b: Charizard|Protect\n|move|p1a: Kingambit|Sucker Punch|p2b: Sylveon\n|-resisted|p2b: Sylveon|1\n|-damage|p2b: Sylveon|0 fnt\n|faint|p2b: Sylveon\n|move|p2a: Camerupt|Eruption|p1b: Charizard|[spread] p1a\n|-activate|p1b: Charizard|move: Protect\n|-supereffective|p1a: Kingambit|1\n|-damage|p1a: Kingambit|0 fnt\n|faint|p1a: Kingambit\n|\n|-weather|SunnyDay|[upkeep]\n|upkeep\n|\n|t:|1776342202\n|switch|p2b: Sableye|Sableye, L50, M, shiny|100/100\n|switch|p1a: Garchomp|Garchomp, L50, F|100/100\n|turn|4\n|\n|t:|1776342214\n|move|p2b: Sableye|Fake Out|p1a: Garchomp\n|-damage|p1a: Garchomp|94/100\n|-damage|p2b: Sableye|88/100|[from] ability: Rough Skin|[of] p1a: Garchomp\n|move|p2a: Camerupt|Eruption|p1b: Charizard|[spread] p1a,p1b\n|-resisted|p1a: Garchomp|1\n|-crit|p1a: Garchomp\n|-resisted|p1b: Charizard|1\n|-damage|p1a: Garchomp|15/100\n|-damage|p1b: Charizard|0 fnt\n|faint|p1b: Charizard\n|cant|p1a: Garchomp|flinch\n|\n|-weather|SunnyDay|[upkeep]\n|upkeep\n|\n|t:|1776342225\n|switch|p1b: Milotic|Milotic, L50, F, shiny|100/100\n|turn|5\n|\n|t:|1776342242\n|move|p2a: Camerupt|Eruption|p1a: Garchomp|[spread] p1a,p1b\n|-resisted|p1a: Garchomp|1\n|-crit|p1a: Garchomp\n|-resisted|p1b: Milotic|1\n|-damage|p1a: Garchomp|0 fnt\n|-damage|p1b: Milotic|69/100\n|faint|p1a: Garchomp\n|move|p2b: Sableye|Foul Play|p1b: Milotic\n|-damage|p1b: Milotic|47/100\n|move|p1b: Milotic|Scald|p2a: Camerupt\n|-supereffective|p2a: Camerupt|2\n|-damage|p2a: Camerupt|44/100\n|\n|-weather|none\n|-heal|p1b: Milotic|53/100|[from] item: Leftovers\n|-fieldend|move: Trick Room\n|upkeep\n|turn|6\n|inactive|ikerpcp has 30 seconds left.\n|\n|t:|1776342267\n|move|p2a: Camerupt|Protect|p2a: Camerupt\n|-singleturn|p2a: Camerupt|Protect\n|move|p1b: Milotic|Scald|p2a: Camerupt\n|-activate|p2a: Camerupt|move: Protect\n|move|p2b: Sableye|Foul Play|p1b: Milotic\n|-damage|p1b: Milotic|31/100\n|\n|-heal|p1b: Milotic|37/100|[from] item: Leftovers\n|upkeep\n|turn|7\n|\n|t:|1776342282\n|move|p2b: Sableye|Quash|p1b: Milotic\n|-activate|p1b: Milotic|move: Quash\n|move|p2a: Camerupt|Earth Power|p1b: Milotic\n|-damage|p1b: Milotic|0 fnt\n|faint|p1b: Milotic\n|\n|win|Zappyzap01\n|raw|ikerpcp's rating: 1335 &rarr; <strong>1317</strong><br />(-18 for losing)\n|raw|Zappyzap01's rating: 1369 &rarr; <strong>1387</strong><br />(+18 for winning)\n|c|\u2606ikerpcp|ggwp\n|l|\u2606Zappyzap01\n|player|p2|\n|l|\u2606ikerpcp\n|player|p1|\n",
  "uploadtime": 1776343034,
  "views": 29,
  "formatid": "gen9championsvgc2026regma",
  "rating": 1317,
  "private": 0,
  "password": null
}