{
  "id": "gen9championsvgc2026regma-2584535851",
  "format": "[Gen 9 Champions] VGC 2026 Reg M-A",
  "players": [
    "lorin zirankibar",
    "AmuwuElao"
  ],
  "log": "|j|\u2606lorin zirankibar\n|j|\u2606AmuwuElao\n|t:|1776267244\n|gametype|doubles\n|player|p1|lorin zirankibar|sada-ai|1168\n|player|p2|AmuwuElao|alder|1228\n|gen|9\n|tier|[Gen 9 Champions] VGC 2026 Reg M-A\n|rated|\n|rule|Species Clause: Limit one of each Pok\u00e9mon\n|rule|Item Clause: Limit 1 of each item\n|clearpoke\n|poke|p1|Froslass, L50, F|\n|poke|p1|Araquanid, L50, F|\n|poke|p1|Lycanroc-Dusk, L50, M|\n|poke|p1|Talonflame, L50, F|\n|poke|p1|Rotom-Frost, L50|\n|poke|p1|Sneasler, L50, M|\n|poke|p2|Hatterene, L50, F|\n|poke|p2|Oranguru, L50, M|\n|poke|p2|Golurk, L50|\n|poke|p2|Hydreigon, L50, F|\n|poke|p2|Torkoal, L50, F|\n|poke|p2|Clefable, L50, F|\n|teampreview|4\n|\n|t:|1776267301\n|teamsize|p1|4\n|teamsize|p2|4\n|start\n|switch|p1a: Araquanid|Araquanid, L50, F, shiny|100/100\n|switch|p1b: Froslass|Froslass, L50, F, shiny|100/100\n|switch|p2a: Oranguru|Oranguru, L50, M, shiny|100/100\n|switch|p2b: Golurk|Golurk, L50, shiny|100/100\n|turn|1\n|\n|t:|1776267345\n|switch|p1b: Sneasler|Sneasler, L50, M|100/100\n|move|p2b: Golurk|Protect|p2b: Golurk\n|-singleturn|p2b: Golurk|Protect\n|move|p1a: Araquanid|Leech Life|p2a: Oranguru\n|-supereffective|p2a: Oranguru|1\n|-damage|p2a: Oranguru|60/100\n|move|p2a: Oranguru|Trick Room|p2a: Oranguru\n|-fieldstart|move: Trick Room|[of] p2a: Oranguru\n|\n|upkeep\n|turn|2\n|\n|t:|1776267386\n|detailschange|p2b: Golurk|Golurk-Mega, L50, shiny\n|-mega|p2b: Golurk|Golurk|Golurkite\n|move|p1a: Araquanid|Substitute|p1a: Araquanid\n|-start|p1a: Araquanid|Substitute\n|-damage|p1a: Araquanid|75/100\n|move|p2b: Golurk|Poltergeist|p1a: Araquanid\n|-activate|p1a: Araquanid|move: Poltergeist|Leftovers\n|-end|p1a: Araquanid|Substitute\n|move|p2a: Oranguru|Instruct|p2b: Golurk\n|-singleturn|p2b: Golurk|move: Instruct|[of] p2a: Oranguru\n|move|p2b: Golurk|Poltergeist|p1a: Araquanid\n|-activate|p1a: Araquanid|move: Poltergeist|Leftovers\n|-damage|p1a: Araquanid|4/100\n|move|p1b: Sneasler|Dire Claw|p2b: Golurk\n|-resisted|p2b: Golurk|2\n|-damage|p2b: Golurk|91/100\n|-status|p2b: Golurk|par\n|\n|-heal|p1a: Araquanid|10/100|[from] item: Leftovers\n|upkeep\n|turn|3\n|\n|t:|1776267424\n|switch|p1a: Rotom|Rotom-Frost, L50, shiny|100/100\n|move|p2b: Golurk|Headlong Rush|p1a: Rotom\n|-immune|p1a: Rotom|[from] ability: Levitate\n|move|p2a: Oranguru|Instruct|p2b: Golurk\n|-singleturn|p2b: Golurk|move: Instruct|[of] p2a: Oranguru\n|move|p2b: Golurk|Headlong Rush|p1a: Rotom\n|-immune|p1a: Rotom|[from] ability: Levitate\n|move|p1b: Sneasler|Close Combat|p2a: Oranguru\n|-crit|p2a: Oranguru\n|-damage|p2a: Oranguru|0 fnt\n|-unboost|p1b: Sneasler|def|1\n|-unboost|p1b: Sneasler|spd|1\n|faint|p2a: Oranguru\n|-enditem|p1b: Sneasler|White Herb\n|-clearnegativeboost|p1b: Sneasler|[silent]\n|\n|upkeep\n|\n|t:|1776267436\n|switch|p2a: Torkoal|Torkoal, L50, F|100/100\n|-weather|SunnyDay|[from] ability: Drought|[of] p2a: Torkoal\n|turn|4\n|\n|t:|1776267462\n|move|p1b: Sneasler|Protect|p1b: Sneasler\n|-singleturn|p1b: Sneasler|Protect\n|move|p2b: Golurk|Headlong Rush|p1b: Sneasler\n|-supereffective|p1b: Sneasler|1\n|-ability|p2b: Golurk|Unseen Fist\n|-zbroken|p1b: Sneasler\n|-damage|p1b: Sneasler|29/100\n|-unboost|p2b: Golurk|def|1\n|-unboost|p2b: Golurk|spd|1\n|move|p2a: Torkoal|Eruption|p1b: Sneasler|[spread] p1a\n|-activate|p1b: Sneasler|move: Protect\n|-supereffective|p1a: Rotom|1\n|-damage|p1a: Rotom|0 fnt\n|faint|p1a: Rotom\n|\n|-weather|SunnyDay|[upkeep]\n|upkeep\n|\n|t:|1776267476\n|switch|p1a: Araquanid|Araquanid, L50, F, shiny|10/100\n|turn|5\n|\n|t:|1776267499\n|move|p1a: Araquanid|Wide Guard|p1a: Araquanid\n|-singleturn|p1a: Araquanid|Wide Guard\n|move|p2b: Golurk|Headlong Rush|p1b: Sneasler\n|-supereffective|p1b: Sneasler|1\n|-damage|p1b: Sneasler|0 fnt\n|-unboost|p2b: Golurk|def|1\n|-unboost|p2b: Golurk|spd|1\n|faint|p1b: Sneasler\n|move|p2a: Torkoal|Eruption|p1a: Araquanid\n|-activate|p1a: Araquanid|move: Wide Guard\n|\n|-weather|SunnyDay|[upkeep]\n|-heal|p1a: Araquanid|16/100|[from] item: Leftovers\n|-fieldend|move: Trick Room\n|upkeep\n|\n|t:|1776267511\n|switch|p1b: Froslass|Froslass, L50, F, shiny|100/100\n|turn|6\n|\n|t:|1776267548\n|detailschange|p1b: Froslass|Froslass-Mega, L50, F, shiny\n|-mega|p1b: Froslass|Froslass|Froslassite\n|-weather|Snowscape|[from] ability: Snow Warning|[of] p1b: Froslass\n|move|p1b: Froslass|Aurora Veil|p1b: Froslass\n|-sidestart|p1: lorin zirankibar|move: Aurora Veil\n|move|p1a: Araquanid|Liquidation|p2b: Golurk\n|-supereffective|p2b: Golurk|1\n|-damage|p2b: Golurk|0 fnt\n|faint|p2b: Golurk\n|move|p2a: Torkoal|Heat Wave|p1a: Araquanid|[spread] p1a,p1b\n|-supereffective|p1b: Froslass|1\n|-damage|p1a: Araquanid|6/100\n|-damage|p1b: Froslass|40/100\n|\n|-weather|Snowscape|[upkeep]\n|-heal|p1a: Araquanid|12/100|[from] item: Leftovers\n|upkeep\n|\n|t:|1776267558\n|switch|p2b: Hatterene|Hatterene, L50, F|100/100\n|turn|7\n|\n|t:|1776267592\n|move|p1b: Froslass|Shadow Ball|p2b: Hatterene\n|-supereffective|p2b: Hatterene|1\n|-crit|p2b: Hatterene\n|-damage|p2b: Hatterene|0 fnt\n|faint|p2b: Hatterene\n|move|p1a: Araquanid|Liquidation|p2a: Torkoal\n|-supereffective|p2a: Torkoal|1\n|-damage|p2a: Torkoal|23/100\n|move|p2a: Torkoal|Heat Wave|p1b: Froslass|[spread] p1a\n|-miss|p2a: Torkoal|p1b: Froslass\n|-crit|p1a: Araquanid\n|-damage|p1a: Araquanid|0 fnt\n|faint|p1a: Araquanid\n|\n|-weather|Snowscape|[upkeep]\n|upkeep\n|turn|8\n|\n|t:|1776267613\n|move|p1b: Froslass|Shadow Ball|p2a: Torkoal\n|-damage|p2a: Torkoal|0 fnt\n|faint|p2a: Torkoal\n|\n|win|lorin zirankibar\n|raw|lorin zirankibar's rating: 1168 &rarr; <strong>1197</strong><br />(+29 for winning)\n|raw|AmuwuElao's rating: 1228 &rarr; <strong>1199</strong><br />(-29 for losing)\n|l|\u2606AmuwuElao\n|player|p2|\n|l|\u2606lorin zirankibar\n|player|p1|\n|j|\u2606lorin zirankibar\n|player|p1|lorin zirankibar|sada-ai|\n|l|\u2606lorin zirankibar\n|player|p1|\n|j|\u2606lorin zirankibar\n|player|p1|lorin zirankibar|sada-ai|\n",
  "uploadtime": 1776267757,
  "views": 22,
  "formatid": "gen9championsvgc2026regma",
  "rating": 1197,
  "private": 0,
  "password": null
}