{
  "id": "gen9championsvgc2026regma-2583208508",
  "format": "[Gen 9 Champions] VGC 2026 Reg M-A",
  "players": [
    "Bertorium7",
    "LyRooster"
  ],
  "log": "|j|\u2606Bertorium7\n|j|\u2606LyRooster\n|t:|1776154915\n|gametype|doubles\n|player|p1|Bertorium7|2|1149\n|player|p2|LyRooster|169|1066\n|gen|9\n|tier|[Gen 9 Champions] VGC 2026 Reg M-A\n|rated|\n|rule|Species Clause: Limit one of each Pok\u00e9mon\n|rule|Item Clause: Limit 1 of each item\n|clearpoke\n|poke|p1|Gourgeist-*, L50, M|\n|poke|p1|Gengar, L50, F|\n|poke|p1|Aerodactyl, L50, M|\n|poke|p1|Garchomp, L50, F|\n|poke|p1|Tyranitar, L50, M|\n|poke|p1|Milotic, L50, F|\n|poke|p2|Steelix, L50, F|\n|poke|p2|Alakazam, L50, M|\n|poke|p2|Tyranitar, L50, M|\n|poke|p2|Rotom-Wash, L50|\n|poke|p2|Talonflame, L50, M|\n|poke|p2|Charizard, L50, F|\n|teampreview|4\n|inactive|Battle timer is ON: inactive players will automatically lose when time's up. (requested by LyRooster)\n|inactive|Bertorium7 has 60 seconds left.\n|\n|t:|1776154970\n|teamsize|p1|4\n|teamsize|p2|4\n|start\n|switch|p1a: Gourgeist|Gourgeist, L50, M|100/100\n|switch|p1b: Gengar|Gengar, L50, F|100/100\n|switch|p2a: Steelix|Steelix, L50, F|100/100\n|switch|p2b: Alakazam|Alakazam, L50, M|100/100\n|-item|p2a: Steelix|Steelixite|[from] ability: Frisk|[of] p1a: Gourgeist\n|-item|p2b: Alakazam|Focus Sash|[from] ability: Frisk|[of] p1a: Gourgeist\n|turn|1\n|\n|t:|1776154987\n|detailschange|p1b: Gengar|Gengar-Mega, L50, F\n|-mega|p1b: Gengar|Gengar|Gengarite\n|detailschange|p2a: Steelix|Steelix-Mega, L50, F\n|-mega|p2a: Steelix|Steelix|Steelixite\n|move|p1a: Gourgeist|Trick-or-Treat|p2a: Steelix\n|-start|p2a: Steelix|typeadd|Ghost|[from] move: Trick-or-Treat\n|move|p1b: Gengar|Shadow Ball|p2a: Steelix\n|-supereffective|p2a: Steelix|1\n|-damage|p2a: Steelix|13/100\n|-unboost|p2a: Steelix|spd|1\n|move|p2b: Alakazam|Speed Swap|p2a: Steelix\n|-activate|p2b: Alakazam|move: Speed Swap|[of] p2a: Steelix\n|move|p2a: Steelix|High Horsepower|p1b: Gengar\n|-supereffective|p1b: Gengar|1\n|-damage|p1b: Gengar|0 fnt\n|faint|p1b: Gengar\n|\n|upkeep\n|\n|t:|1776155007\n|switch|p1b: Garchomp|Garchomp, L50, F|100/100\n|turn|2\n|\n|t:|1776155028\n|move|p1a: Gourgeist|Trick-or-Treat|p2b: Alakazam\n|-start|p2b: Alakazam|typeadd|Ghost|[from] move: Trick-or-Treat\n|move|p2a: Steelix|Heavy Slam|p1a: Gourgeist\n|-damage|p1a: Gourgeist|41/100\n|move|p1b: Garchomp|Earthquake|p2a: Steelix|[spread] p1a,p2a,p2b\n|-resisted|p1a: Gourgeist|1\n|-supereffective|p2a: Steelix|1\n|-damage|p1a: Gourgeist|26/100\n|-damage|p2a: Steelix|0 fnt\n|-damage|p2b: Alakazam|22/100\n|faint|p2a: Steelix\n|move|p2b: Alakazam|Reflect|p2b: Alakazam\n|-sidestart|p2: LyRooster|Reflect\n|\n|upkeep\n|\n|t:|1776155044\n|switch|p2a: Talonflame|Talonflame, L50, M|100/100\n|turn|3\n|\n|t:|1776155055\n|move|p2a: Talonflame|Tailwind|p2a: Talonflame\n|-sidestart|p2: LyRooster|move: Tailwind\n|move|p1a: Gourgeist|Trick-or-Treat|p2a: Talonflame\n|-start|p2a: Talonflame|typeadd|Ghost|[from] move: Trick-or-Treat\n|move|p1b: Garchomp|Swords Dance|p1b: Garchomp\n|-boost|p1b: Garchomp|atk|2\n|move|p2b: Alakazam|Psychic|p1b: Garchomp\n|-damage|p1b: Garchomp|53/100\n|\n|upkeep\n|turn|4\n|\n|t:|1776155071\n|switch|p1a: Tyranitar|Tyranitar, L50, M|100/100\n|-weather|Sandstorm|[from] ability: Sand Stream|[of] p1a: Tyranitar\n|move|p2a: Talonflame|Will-O-Wisp|p1b: Garchomp|[miss]\n|-miss|p2a: Talonflame|p1b: Garchomp\n|move|p1b: Garchomp|Dragon Claw|p2a: Talonflame\n|-damage|p2a: Talonflame|30/100\n|move|p2b: Alakazam|Psychic|p1b: Garchomp\n|-damage|p1b: Garchomp|7/100\n|\n|-weather|Sandstorm|[upkeep]\n|-damage|p2a: Talonflame|24/100|[from] Sandstorm\n|-damage|p2b: Alakazam|16/100|[from] Sandstorm\n|upkeep\n|turn|5\n|\n|t:|1776155095\n|move|p2a: Talonflame|Will-O-Wisp|p1a: Tyranitar|[miss]\n|-miss|p2a: Talonflame|p1a: Tyranitar\n|move|p1b: Garchomp|Dragon Claw|p2b: Alakazam\n|-damage|p2b: Alakazam|0 fnt\n|faint|p2b: Alakazam\n|move|p1a: Tyranitar|Rock Slide|p2a: Talonflame|[miss]\n|-miss|p1a: Tyranitar|p2a: Talonflame\n|\n|-weather|Sandstorm|[upkeep]\n|-damage|p2a: Talonflame|18/100|[from] Sandstorm\n|upkeep\n|c|\u2606LyRooster|bro\n|\n|t:|1776155105\n|switch|p2b: Tyranitar|Tyranitar, L50, M|100/100\n|turn|6\n|\n|t:|1776155109\n|move|p1b: Garchomp|Protect|p1b: Garchomp\n|-singleturn|p1b: Garchomp|Protect\n|move|p1a: Tyranitar|Protect|p1a: Tyranitar\n|-singleturn|p1a: Tyranitar|Protect\n|move|p2a: Talonflame|Will-O-Wisp|p1a: Tyranitar\n|-activate|p1a: Tyranitar|move: Protect\n|move|p2b: Tyranitar|Rock Slide|p1b: Garchomp|[spread] \n|-activate|p1a: Tyranitar|move: Protect\n|-activate|p1b: Garchomp|move: Protect\n|\n|-weather|Sandstorm|[upkeep]\n|-damage|p2a: Talonflame|12/100|[from] Sandstorm\n|-sideend|p2: LyRooster|Reflect\n|-sideend|p2: LyRooster|move: Tailwind\n|upkeep\n|turn|7\n|inactive|Bertorium7 has 30 seconds left.\n|inactive|Bertorium7 has 20 seconds left.\n|\n|t:|1776155148\n|switch|p1b: Gourgeist|Gourgeist, L50, M|26/100\n|-item|p2a: Talonflame|Bright Powder|[from] ability: Frisk|[of] p1b: Gourgeist\n|-item|p2b: Tyranitar|Leftovers|[from] ability: Frisk|[of] p1b: Gourgeist\n|move|p2b: Tyranitar|Protect|p2b: Tyranitar\n|-singleturn|p2b: Tyranitar|Protect\n|move|p2a: Talonflame|Brave Bird|p1b: Gourgeist\n|-supereffective|p1b: Gourgeist|1\n|-damage|p1b: Gourgeist|0 fnt\n|faint|p1b: Gourgeist\n|-damage|p2a: Talonflame|2/100|[from] Recoil\n|move|p1a: Tyranitar|Rock Slide|p2b: Tyranitar|[spread] p2a\n|-activate|p2b: Tyranitar|move: Protect\n|-supereffective|p2a: Talonflame|2\n|-damage|p2a: Talonflame|0 fnt\n|faint|p2a: Talonflame\n|\n|-weather|Sandstorm|[upkeep]\n|upkeep\n|\n|t:|1776155159\n|switch|p1b: Garchomp|Garchomp, L50, F|7/100\n|turn|8\n|\n|t:|1776155167\n|move|p1a: Tyranitar|Protect|p1a: Tyranitar\n|-singleturn|p1a: Tyranitar|Protect\n|move|p1b: Garchomp|Earthquake|p2b: Tyranitar|[spread] p2b\n|-activate|p1a: Tyranitar|move: Protect\n|-supereffective|p2b: Tyranitar|1\n|-damage|p2b: Tyranitar|42/100\n|move|p2b: Tyranitar|Rock Slide|p1b: Garchomp|[spread] p1b\n|-activate|p1a: Tyranitar|move: Protect\n|-resisted|p1b: Garchomp|1\n|-damage|p1b: Garchomp|0 fnt\n|faint|p1b: Garchomp\n|\n|-weather|none\n|-heal|p2b: Tyranitar|48/100|[from] item: Leftovers\n|upkeep\n|turn|9\n|inactive|LyRooster has 30 seconds left.\n|inactive|LyRooster has 20 seconds left.\n|inactive|LyRooster has 15 seconds left.\n|inactive|LyRooster has 10 seconds left.\n|\n|t:|1776155216\n|move|p2b: Tyranitar|Knock Off|p1a: Tyranitar\n|-resisted|p1a: Tyranitar|1\n|-damage|p1a: Tyranitar|87/100\n|move|p1a: Tyranitar|Knock Off|p2b: Tyranitar\n|-resisted|p2b: Tyranitar|1\n|-damage|p2b: Tyranitar|27/100\n|-enditem|p2b: Tyranitar|Leftovers|[from] move: Knock Off|[of] p1a: Tyranitar\n|\n|upkeep\n|turn|10\n|\n|t:|1776155235\n|move|p2b: Tyranitar|Rock Slide|p1a: Tyranitar\n|-damage|p1a: Tyranitar|59/100\n|cant|p1a: Tyranitar|flinch\n|\n|upkeep\n|turn|11\n|\n|t:|1776155240\n|move|p2b: Tyranitar|Rock Slide|p1a: Tyranitar|[miss]\n|-miss|p2b: Tyranitar|p1a: Tyranitar\n|move|p1a: Tyranitar|Rock Slide|p2b: Tyranitar\n|-damage|p2b: Tyranitar|0 fnt\n|faint|p2b: Tyranitar\n|\n|win|Bertorium7\n|raw|Bertorium7's rating: 1149 &rarr; <strong>1168</strong><br />(+19 for winning)\n|raw|LyRooster's rating: 1066 &rarr; <strong>1051</strong><br />(-15 for losing)\n|l|\u2606LyRooster\n|player|p2|\n",
  "uploadtime": 1776155258,
  "views": 24,
  "formatid": "gen9championsvgc2026regma",
  "rating": 1051,
  "private": 0,
  "password": null
}