{
  "id": "gen9championsvgc2026regma-2588049592",
  "format": "[Gen 9 Champions] VGC 2026 Reg M-A",
  "players": [
    "iAmGross",
    "shu0910"
  ],
  "log": "|j|\u2606iAmGross\n|j|\u2606shu0910\n|html|<table width=\"100%\"><tr><td align=\"left\">iAmGross</td><td align=\"right\">shu0910</tr><tr><td align=\"left\"><i class=\"fa fa-circle-o\"></i> <i class=\"fa fa-circle-o\"></i> </td><td align=\"right\"><i class=\"fa fa-circle-o\"></i> <i class=\"fa fa-circle-o\"></i> </tr></table>\n|uhtml|bestof|<h2><strong>Game 1</strong> of <a href=\"/game-bestof3-gen9championsvgc2026regma-2588049591\">a best-of-3</a></h2>\n|t:|1776598052\n|gametype|doubles\n|player|p1|iAmGross|1|\n|player|p2|shu0910|170|\n|gen|9\n|tier|[Gen 9 Champions] VGC 2026 Reg M-A\n|rule|Species Clause: Limit one of each Pok\u00e9mon\n|rule|Item Clause: Limit 1 of each item\n|raw|<div class=\"infobox\"><details class=\"readmore\" open><summary><strong>1 custom rule:</strong></summary> Best of = 3</details></div>\n|clearpoke\n|poke|p1|Tyranitar, L50, M|\n|poke|p1|Clefable, L50, M|\n|poke|p1|Excadrill, L50, F|\n|poke|p1|Dragapult, L50, M|\n|poke|p1|Rotom-Heat, L50|\n|poke|p1|Gyarados, L50, M|\n|poke|p2|Froslass, L50, F|\n|poke|p2|Corviknight, L50, M|\n|poke|p2|Milotic, L50, M|\n|poke|p2|Ceruledge, L50, F|\n|poke|p2|Ninetales-Alola, L50, M|\n|poke|p2|Samurott-Hisui, L50, F|\n|teampreview|4\n|c|\u2606iAmGross|glhf\n|c|\u2606shu0910|glhf\n|\n|t:|1776598108\n|teamsize|p1|4\n|teamsize|p2|4\n|start\n|switch|p1a: Tyranitar|Tyranitar, L50, M|100/100\n|switch|p1b: Rotom|Rotom-Heat, L50|100/100\n|switch|p2a: Corviknight|Corviknight, L50, M|100/100\n|switch|p2b: Milotic|Milotic, L50, M|100/100\n|-weather|Sandstorm|[from] ability: Sand Stream|[of] p1a: Tyranitar\n|turn|1\n|\n|t:|1776598143\n|move|p1a: Tyranitar|Rock Slide|p2b: Milotic|[spread] p2a,p2b\n|-damage|p2a: Corviknight|77/100\n|-damage|p2b: Milotic|66/100\n|move|p1b: Rotom|Overheat|p2a: Corviknight\n|-supereffective|p2a: Corviknight|1\n|-damage|p2a: Corviknight|0 fnt\n|-unboost|p1b: Rotom|spa|2\n|faint|p2a: Corviknight\n|move|p2b: Milotic|Muddy Water|p1a: Tyranitar|[spread] p1b\n|-miss|p2b: Milotic|p1a: Tyranitar\n|-supereffective|p1b: Rotom|1\n|-damage|p1b: Rotom|28/100\n|\n|-weather|Sandstorm|[upkeep]\n|-damage|p1b: Rotom|23/100|[from] Sandstorm\n|-damage|p2b: Milotic|60/100|[from] Sandstorm\n|upkeep\n|\n|t:|1776598161\n|switch|p2a: Froslass|Froslass, L50, F|100/100\n|turn|2\n|\n|t:|1776598192\n|switch|p1b: Gyarados|Gyarados, L50, M|100/100\n|detailschange|p2a: Froslass|Froslass-Mega, L50, F\n|-mega|p2a: Froslass|Froslass|Froslassite\n|-weather|Snowscape|[from] ability: Snow Warning|[of] p2a: Froslass\n|move|p2a: Froslass|Aurora Veil|p2a: Froslass\n|-sidestart|p2: shu0910|move: Aurora Veil\n|move|p1a: Tyranitar|Rock Slide|p2b: Milotic|[spread] p2a\n|-miss|p1a: Tyranitar|p2b: Milotic\n|-supereffective|p2a: Froslass|1\n|-damage|p2a: Froslass|56/100\n|move|p2b: Milotic|Muddy Water|p1b: Gyarados|[spread] p1a,p1b\n|-supereffective|p1a: Tyranitar|1\n|-resisted|p1b: Gyarados|1\n|-damage|p1a: Tyranitar|46/100\n|-damage|p1b: Gyarados|87/100\n|\n|-weather|Snowscape|[upkeep]\n|upkeep\n|turn|3\n|\n|t:|1776598216\n|switch|p1a: Dragapult|Dragapult, L50, M|100/100\n|move|p2a: Froslass|Thunderbolt|p1b: Gyarados\n|-supereffective|p1b: Gyarados|2\n|-damage|p1b: Gyarados|0 fnt\n|faint|p1b: Gyarados\n|move|p2b: Milotic|Muddy Water|p1a: Dragapult\n|-resisted|p1a: Dragapult|1\n|-damage|p1a: Dragapult|74/100\n|\n|-weather|Snowscape|[upkeep]\n|upkeep\n|\n|t:|1776598226\n|switch|p1b: Tyranitar|Tyranitar, L50, M|46/100\n|-weather|Sandstorm|[from] ability: Sand Stream|[of] p1b: Tyranitar\n|turn|4\n|\n|t:|1776598243\n|switch|p2a: Samurott|Samurott-Hisui, L50, F|100/100\n|move|p1a: Dragapult|Shadow Ball|p2a: Samurott\n|-resisted|p2a: Samurott|1\n|-damage|p2a: Samurott|83/100\n|-unboost|p2a: Samurott|spd|1\n|move|p1b: Tyranitar|Rock Slide|p2b: Milotic|[spread] p2b\n|-miss|p1b: Tyranitar|p2a: Samurott\n|-damage|p2b: Milotic|34/100\n|-enditem|p2b: Milotic|Sitrus Berry|[eat]\n|-heal|p2b: Milotic|59/100|[from] item: Sitrus Berry\n|move|p2b: Milotic|Muddy Water|p1b: Tyranitar|[spread] p1a,p1b\n|-resisted|p1a: Dragapult|1\n|-supereffective|p1b: Tyranitar|1\n|-damage|p1a: Dragapult|54/100\n|-damage|p1b: Tyranitar|6/100\n|-unboost|p1b: Tyranitar|accuracy|1\n|\n|-weather|Sandstorm|[upkeep]\n|-damage|p1a: Dragapult|48/100|[from] Sandstorm\n|-damage|p2a: Samurott|77/100|[from] Sandstorm\n|-damage|p2b: Milotic|53/100|[from] Sandstorm\n|upkeep\n|turn|5\n|\n|t:|1776598271\n|move|p1a: Dragapult|Thunderbolt|p2a: Samurott\n|-supereffective|p2a: Samurott|1\n|-damage|p2a: Samurott|0 fnt\n|faint|p2a: Samurott\n|move|p1b: Tyranitar|Rock Slide|p2b: Milotic\n|-damage|p2b: Milotic|21/100\n|move|p2b: Milotic|Muddy Water|p1a: Dragapult|[spread] p1a,p1b\n|-resisted|p1a: Dragapult|1\n|-supereffective|p1b: Tyranitar|1\n|-damage|p1a: Dragapult|28/100\n|-damage|p1b: Tyranitar|0 fnt\n|faint|p1b: Tyranitar\n|\n|-weather|Sandstorm|[upkeep]\n|-damage|p1a: Dragapult|22/100|[from] Sandstorm\n|-damage|p2b: Milotic|15/100|[from] Sandstorm\n|upkeep\n|\n|t:|1776598283\n|switch|p2a: Froslass|Froslass-Mega, L50, F|56/100\n|switch|p1b: Rotom|Rotom-Heat, L50|23/100\n|-weather|Snowscape|[from] ability: Snow Warning|[of] p2a: Froslass\n|turn|6\n|\n|t:|1776598291\n|move|p1a: Dragapult|Protect|p1a: Dragapult\n|-singleturn|p1a: Dragapult|Protect\n|move|p1b: Rotom|Protect|p1b: Rotom\n|-singleturn|p1b: Rotom|Protect\n|move|p2a: Froslass|Blizzard|p1b: Rotom|[spread] \n|-activate|p1a: Dragapult|move: Protect\n|-activate|p1b: Rotom|move: Protect\n|move|p2b: Milotic|Muddy Water|p1b: Rotom|[spread] \n|-activate|p1a: Dragapult|move: Protect\n|-activate|p1b: Rotom|move: Protect\n|\n|-weather|Snowscape|[upkeep]\n|-sideend|p2: shu0910|move: Aurora Veil\n|upkeep\n|turn|7\n|\n|t:|1776598303\n|move|p1a: Dragapult|Shadow Ball|p2a: Froslass\n|-supereffective|p2a: Froslass|1\n|-damage|p2a: Froslass|0 fnt\n|faint|p2a: Froslass\n|move|p1b: Rotom|Thunderbolt|p2b: Milotic\n|-supereffective|p2b: Milotic|1\n|-damage|p2b: Milotic|0 fnt\n|faint|p2b: Milotic\n|\n|win|iAmGross\n||shu0910 is ready for game 2.\n|inactive|iAmGross has 30 seconds to confirm battle start!\n||iAmGross is ready for game 2.\n|uhtml|next|Next: <a href=\"/battle-gen9championsvgc2026regma-2588051554\"><strong>Game 2 of 3</strong></a>\n",
  "uploadtime": 1776598562,
  "views": 14,
  "formatid": "gen9championsvgc2026regma",
  "rating": null,
  "private": 0,
  "password": null
}