{
  "id": "gen9championsvgc2026regma-2588728740",
  "format": "[Gen 9 Champions] VGC 2026 Reg M-A",
  "players": [
    "AngryC18",
    "tastyfloop"
  ],
  "log": "|j|\u2606AngryC18\n|j|\u2606tastyfloop\n|t:|1776662883\n|gametype|doubles\n|player|p1|AngryC18|veteran|1118\n|player|p2|tastyfloop|ghetsis|1196\n|gen|9\n|tier|[Gen 9 Champions] VGC 2026 Reg M-A\n|rated|\n|rule|Species Clause: Limit one of each Pok\u00e9mon\n|rule|Item Clause: Limit 1 of each item\n|clearpoke\n|poke|p1|Hawlucha, L50, F|\n|poke|p1|Excadrill, L50, F|\n|poke|p1|Tyranitar, L50, M|\n|poke|p1|Sinistcha, L50|\n|poke|p1|Snorlax, L50, M|\n|poke|p1|Farigiraf, L50, F|\n|poke|p2|Basculegion, L50, M|\n|poke|p2|Archaludon, L50, F|\n|poke|p2|Pelipper, L50, F|\n|poke|p2|Sneasler, L50, F|\n|poke|p2|Sharpedo, L50, F|\n|poke|p2|Sinistcha, L50|\n|teampreview|4\nAngryC18 rejected open team sheets.\n|\n|t:|1776662929\n|teamsize|p1|4\n|teamsize|p2|4\n|start\n|switch|p1a: Hawlucha|Hawlucha, L50, F|100/100\n|switch|p1b: Snorlax|Snorlax, L50, M|100/100\n|switch|p2a: Sneasler|Sneasler, L50, F|100/100\n|switch|p2b: Sharpedo|Sharpedo, L50, F|100/100\n|-ability|p1a: Hawlucha|Mold Breaker\n|turn|1\n|\n|t:|1776662960\n|move|p1a: Hawlucha|Detect|p1a: Hawlucha\n|-singleturn|p1a: Hawlucha|Protect\n|move|p1b: Snorlax|Protect|p1b: Snorlax\n|-singleturn|p1b: Snorlax|Protect\n|move|p2a: Sneasler|Fake Out|p1a: Hawlucha\n|-activate|p1a: Hawlucha|move: Protect\n|move|p2b: Sharpedo|Crunch|p1b: Snorlax\n|-activate|p1b: Snorlax|move: Protect\n|\n|-ability|p2b: Sharpedo|Speed Boost|boost\n|-boost|p2b: Sharpedo|spe|1\n|upkeep\n|turn|2\n|\n|t:|1776662983\n|detailschange|p2b: Sharpedo|Sharpedo-Mega, L50, F\n|-mega|p2b: Sharpedo|Sharpedo|Sharpedonite\n|detailschange|p1a: Hawlucha|Hawlucha-Mega, L50, F\n|-mega|p1a: Hawlucha|Hawlucha|Hawluchanite\n|move|p2b: Sharpedo|Psychic Fangs|p1a: Hawlucha\n|-supereffective|p1a: Hawlucha|1\n|-damage|p1a: Hawlucha|2/100\n|move|p2a: Sneasler|Close Combat|p1b: Snorlax\n|-supereffective|p1b: Snorlax|1\n|-damage|p1b: Snorlax|3/100\n|-unboost|p2a: Sneasler|def|1\n|-unboost|p2a: Sneasler|spd|1\n|-enditem|p2a: Sneasler|White Herb\n|-clearnegativeboost|p2a: Sneasler|[silent]\n|move|p1a: Hawlucha|Entrainment|p1b: Snorlax\n|-ability|p1b: Snorlax|No Guard|Thick Fat|[from] move: Entrainment|[of] p1a: Hawlucha\n|move|p1b: Snorlax|Fissure|p2b: Sharpedo\n|-damage|p2b: Sharpedo|0 fnt\n|faint|p2b: Sharpedo\n|-ohko\n|\n|-heal|p1b: Snorlax|9/100|[from] item: Leftovers\n|upkeep\n|\n|t:|1776663002\n|switch|p2b: no sun pls|Pelipper, L50, F|100/100\n|-weather|RainDance|[from] ability: Drizzle|[of] p2b: no sun pls\n|turn|3\n|\n|t:|1776663024\n|switch|p1a: Sinistcha|Sinistcha, L50|100/100\n|-heal|p1b: Snorlax|34/100|[from] ability: Hospitality|[of] p1a: Sinistcha\n|switch|p2b: Archaludon|Archaludon, L50, F|100/100\n|move|p1b: Snorlax|Protect|p1b: Snorlax\n|-singleturn|p1b: Snorlax|Protect\n|move|p2a: Sneasler|Dire Claw|p1b: Snorlax\n|-activate|p1b: Snorlax|move: Protect\n|\n|-weather|RainDance|[upkeep]\n|-heal|p1b: Snorlax|40/100|[from] item: Leftovers\n|upkeep\n|turn|4\n|\n|t:|1776663056\n|move|p2b: Archaludon|Protect|p2b: Archaludon\n|-singleturn|p2b: Archaludon|Protect\n|move|p1b: Snorlax|Protect||[still]\n|-fail|p1b: Snorlax\n|move|p2a: Sneasler|Dire Claw|p1a: Sinistcha\n|-damage|p1a: Sinistcha|67/100\n|-status|p1a: Sinistcha|par\n|cant|p1a: Sinistcha|par\n|\n|-weather|RainDance|[upkeep]\n|-heal|p1b: Snorlax|46/100|[from] item: Leftovers\n|upkeep\n|turn|5\n|\n|t:|1776663085\n|move|p2a: Sneasler|Dire Claw|p1b: Snorlax\n|-damage|p1b: Snorlax|14/100\n|move|p2b: Archaludon|Electro Shot||[still]\n|-prepare|p2b: Archaludon|Electro Shot\n|-boost|p2b: Archaludon|spa|1\n|-anim|p2b: Archaludon|Electro Shot|p1b: Snorlax\n|-damage|p1b: Snorlax|0 fnt\n|faint|p1b: Snorlax\n|move|p1a: Sinistcha|Trick Room|p1a: Sinistcha\n|-fieldstart|move: Trick Room|[of] p1a: Sinistcha\n|\n|-weather|RainDance|[upkeep]\n|upkeep\n|\n|t:|1776663096\n|switch|p1b: Farigiraf|Farigiraf, L50, F|100/100\n|turn|6\n|\n|t:|1776663131\n|move|p1a: Sinistcha|Shadow Ball|p2b: Archaludon\n|-damage|p2b: Archaludon|59/100\n|-ability|p2b: Archaludon|Stamina|boost\n|-boost|p2b: Archaludon|def|1\n|move|p1b: Farigiraf|Psychic|p2a: Sneasler\n|-supereffective|p2a: Sneasler|2\n|-damage|p2a: Sneasler|0 fnt\n|faint|p2a: Sneasler\n|move|p2b: Archaludon|Electro Shot||[still]\n|-prepare|p2b: Archaludon|Electro Shot\n|-boost|p2b: Archaludon|spa|1\n|-anim|p2b: Archaludon|Electro Shot|p1b: Farigiraf\n|-damage|p1b: Farigiraf|17/100\n|-enditem|p1b: Farigiraf|Sitrus Berry|[eat]\n|-heal|p1b: Farigiraf|41/100|[from] item: Sitrus Berry\n|\n|-weather|RainDance|[upkeep]\n|-heal|p2b: Archaludon|65/100|[from] item: Leftovers\n|upkeep\n|\n|t:|1776663147\n|switch|p2a: no sun pls|Pelipper, L50, F|100/100\n|turn|7\n|\n|t:|1776663170\n|move|p2b: Archaludon|Protect|p2b: Archaludon\n|-singleturn|p2b: Archaludon|Protect\n|move|p1a: Sinistcha|Matcha Gotcha|p2a: no sun pls|[spread] p2a\n|-activate|p2b: Archaludon|move: Protect\n|-crit|p2a: no sun pls\n|-damage|p2a: no sun pls|38/100\n|-heal|p1a: Sinistcha|90/100 par|[from] drain|[of] p2a: no sun pls\n|move|p1b: Farigiraf|Psychic|p2b: Archaludon\n|-activate|p2b: Archaludon|move: Protect\n|move|p2a: no sun pls|Hurricane|p1a: Sinistcha\n|-supereffective|p1a: Sinistcha|1\n|-damage|p1a: Sinistcha|12/100 par\n|\n|-weather|none\n|-heal|p2b: Archaludon|71/100|[from] item: Leftovers\n|upkeep\n|turn|8\n|\n|t:|1776663197\n|move|p1a: Sinistcha|Matcha Gotcha|p2a: no sun pls|[spread] p2a,p2b\n|-resisted|p2b: Archaludon|2\n|-damage|p2a: no sun pls|0 fnt\n|-heal|p1a: Sinistcha|26/100 par|[from] drain|[of] p2a: no sun pls\n|-damage|p2b: Archaludon|63/100\n|-heal|p1a: Sinistcha|31/100 par|[from] drain|[of] p2b: Archaludon\n|-status|p2b: Archaludon|brn\n|-ability|p2b: Archaludon|Stamina|boost\n|-boost|p2b: Archaludon|def|1\n|faint|p2a: no sun pls\n|move|p1b: Farigiraf|Psychic|p2b: Archaludon\n|-resisted|p2b: Archaludon|1\n|-damage|p2b: Archaludon|40/100 brn\n|-ability|p2b: Archaludon|Stamina|boost\n|-boost|p2b: Archaludon|def|1\n|move|p2b: Archaludon|Flash Cannon|p1b: Farigiraf\n|-damage|p1b: Farigiraf|0 fnt\n|faint|p1b: Farigiraf\n|\n|-heal|p2b: Archaludon|46/100 brn|[from] item: Leftovers\n|-damage|p2b: Archaludon|40/100 brn|[from] brn\n|upkeep\n|\n|t:|1776663216\n|switch|p1b: Hawlucha|Hawlucha-Mega, L50, F|2/100\n|turn|9\n|\n|t:|1776663249\n|move|p1b: Hawlucha|Detect|p1b: Hawlucha\n|-singleturn|p1b: Hawlucha|Protect\n|move|p1a: Sinistcha|Shadow Ball|p2b: Archaludon\n|-damage|p2b: Archaludon|1/100 brn\n|-ability|p2b: Archaludon|Stamina|boost\n|-boost|p2b: Archaludon|def|1\n|move|p2b: Archaludon|Flash Cannon|p1a: Sinistcha\n|-damage|p1a: Sinistcha|0 fnt\n|faint|p1a: Sinistcha\n|\n|-heal|p2b: Archaludon|7/100 brn|[from] item: Leftovers\n|-damage|p2b: Archaludon|1/100 brn|[from] brn\n|-fieldend|move: Trick Room\n|upkeep\n|turn|10\n|\n|t:|1776663270\n|move|p2b: Archaludon|Protect|p2b: Archaludon\n|-singleturn|p2b: Archaludon|Protect\n|move|p1b: Hawlucha|Close Combat|p2b: Archaludon\n|-activate|p2b: Archaludon|move: Protect\n|\n|-heal|p2b: Archaludon|7/100 brn|[from] item: Leftovers\n|-damage|p2b: Archaludon|1/100 brn|[from] brn\n|upkeep\n|turn|11\n|\n|t:|1776663283\n|move|p1b: Hawlucha|Close Combat|p2b: Archaludon\n|-supereffective|p2b: Archaludon|1\n|-damage|p2b: Archaludon|0 fnt\n|-unboost|p1b: Hawlucha|def|1\n|-unboost|p1b: Hawlucha|spd|1\n|faint|p2b: Archaludon\n|\n|win|AngryC18\n|raw|AngryC18's rating: 1118 &rarr; <strong>1149</strong><br />(+31 for winning)\n|raw|tastyfloop's rating: 1196 &rarr; <strong>1165</strong><br />(-31 for losing)\n|c|\u2606tastyfloop|ggwp\n|c|\u2606AngryC18|GG\n|l|\u2606tastyfloop\n|player|p2|\n",
  "uploadtime": 1776663313,
  "views": 20,
  "formatid": "gen9championsvgc2026regma",
  "rating": 1149,
  "private": 0,
  "password": null
}