{
  "id": "gen9championsvgc2026regma-2589395482",
  "format": "[Gen 9 Champions] VGC 2026 Reg M-A",
  "players": [
    "Javitoxxx",
    "Nzell"
  ],
  "log": "|j|\u2606Javitoxxx\n|j|\u2606Nzell\n|t:|1776719521\n|gametype|doubles\n|player|p1|Javitoxxx|102|1365\n|player|p2|Nzell|emmet|1308\n|gen|9\n|tier|[Gen 9 Champions] VGC 2026 Reg M-A\n|rated|\n|rule|Species Clause: Limit one of each Pok\u00e9mon\n|rule|Item Clause: Limit 1 of each item\n|clearpoke\n|poke|p1|Froslass, L50, F|\n|poke|p1|Sneasler, L50, M|\n|poke|p1|Rotom-Wash, L50|\n|poke|p1|Glimmora, L50, F|\n|poke|p1|Whimsicott, L50, M|\n|poke|p1|Milotic, L50, M|\n|poke|p2|Venusaur, L50, M|\n|poke|p2|Tinkaton, L50, F|\n|poke|p2|Aerodactyl, L50, F|\n|poke|p2|Milotic, L50, F|\n|poke|p2|Incineroar, L50, M|\n|poke|p2|Sneasler, L50, F|\n|teampreview|4\nNzell has agreed to open team sheets.\n|inactive|Battle timer is ON: inactive players will automatically lose when time's up. (requested by Nzell)\n|inactive|Javitoxxx has 60 seconds left.\n|inactive|Nzell has 60 seconds left.\n|\n|t:|1776719571\n|teamsize|p1|4\n|teamsize|p2|4\n|start\n|switch|p1a: Rotom|Rotom-Wash, L50|100/100\n|switch|p1b: Glimmora|Glimmora, L50, F|100/100\n|switch|p2a: Aerodactyl|Aerodactyl, L50, F|100/100\n|switch|p2b: Sneasler|Sneasler, L50, F|100/100\n|-ability|p2a: Aerodactyl|Unnerve\n|turn|1\n|\n|t:|1776719592\n|switch|p1b: Froslass|Froslass, L50, F|100/100\n|move|p2b: Sneasler|Fake Out|p1b: Froslass\n|-immune|p1b: Froslass\n|move|p2a: Aerodactyl|Tailwind|p2a: Aerodactyl\n|-sidestart|p2: Nzell|move: Tailwind\n|move|p1a: Rotom|Thunderbolt|p2a: Aerodactyl\n|-supereffective|p2a: Aerodactyl|1\n|-damage|p2a: Aerodactyl|4/100\n|\n|upkeep\n|turn|2\n|inactive|Javitoxxx has 30 seconds left.\n|\n|t:|1776719622\n|move|p1b: Froslass|Protect|p1b: Froslass\n|-singleturn|p1b: Froslass|Protect\n|move|p2a: Aerodactyl|Rock Slide|p1a: Rotom|[spread] p1a\n|-activate|p1b: Froslass|move: Protect\n|-damage|p1a: Rotom|81/100\n|move|p2b: Sneasler|Close Combat|p1a: Rotom\n|-damage|p1a: Rotom|26/100\n|-unboost|p2b: Sneasler|def|1\n|-unboost|p2b: Sneasler|spd|1\n|-enditem|p2b: Sneasler|White Herb\n|-clearnegativeboost|p2b: Sneasler|[silent]\n|move|p1a: Rotom|Thunderbolt|p2a: Aerodactyl\n|-supereffective|p2a: Aerodactyl|1\n|-damage|p2a: Aerodactyl|0 fnt\n|-enditem|p1a: Rotom|Sitrus Berry|[eat]\n|-heal|p1a: Rotom|51/100|[from] item: Sitrus Berry\n|faint|p2a: Aerodactyl\n|\n|upkeep\n|\n|t:|1776719639\n|switch|p2a: Tinkaton|Tinkaton, L50, F|100/100\n|turn|3\n|\n|t:|1776719656\n|switch|p1b: Milotic|Milotic, L50, M|100/100\n|move|p2b: Sneasler|Close Combat|p1a: Rotom\n|-damage|p1a: Rotom|0 fnt\n|-unboost|p2b: Sneasler|def|1\n|-unboost|p2b: Sneasler|spd|1\n|faint|p1a: Rotom\n|move|p2a: Tinkaton|Swords Dance|p2a: Tinkaton\n|-boost|p2a: Tinkaton|atk|2\n|\n|upkeep\n|\n|t:|1776719667\n|switch|p1a: Froslass|Froslass, L50, F|100/100\n|turn|4\n|\n|t:|1776719690\n|detailschange|p1a: Froslass|Froslass-Mega, L50, F\n|-mega|p1a: Froslass|Froslass|Froslassite\n|-weather|Snowscape|[from] ability: Snow Warning|[of] p1a: Froslass\n|move|p2b: Sneasler|Protect|p2b: Sneasler\n|-singleturn|p2b: Sneasler|Protect\n|move|p1a: Froslass|Protect|p1a: Froslass\n|-singleturn|p1a: Froslass|Protect\n|move|p2a: Tinkaton|Swords Dance|p2a: Tinkaton\n|-boost|p2a: Tinkaton|atk|2\n|move|p1b: Milotic|Scald|p2a: Tinkaton\n|-damage|p2a: Tinkaton|72/100\n|\n|-weather|Snowscape|[upkeep]\n|-heal|p2a: Tinkaton|79/100|[from] item: Leftovers\n|-sideend|p2: Nzell|move: Tailwind\n|upkeep\n|turn|5\n|\n|t:|1776719712\n|move|p2b: Sneasler|Dire Claw|p1b: Milotic\n|-damage|p1b: Milotic|53/100\n|move|p1a: Froslass|Aurora Veil|p1a: Froslass\n|-sidestart|p1: Javitoxxx|move: Aurora Veil\n|move|p2a: Tinkaton|Gigaton Hammer|p1a: Froslass\n|-supereffective|p1a: Froslass|1\n|-damage|p1a: Froslass|0 fnt\n|faint|p1a: Froslass\n|move|p1b: Milotic|Scald|p2b: Sneasler\n|-damage|p2b: Sneasler|14/100\n|\n|-weather|Snowscape|[upkeep]\n|-heal|p2a: Tinkaton|85/100|[from] item: Leftovers\n|-heal|p1b: Milotic|59/100|[from] item: Leftovers\n|upkeep\n|\n|t:|1776719724\n|switch|p1a: Glimmora|Glimmora, L50, F|100/100\n|turn|6\n|\n|t:|1776719737\n|move|p2a: Tinkaton|Protect|p2a: Tinkaton\n|-singleturn|p2a: Tinkaton|Protect\n|move|p2b: Sneasler|Close Combat|p1b: Milotic\n|-damage|p1b: Milotic|8/100\n|-unboost|p2b: Sneasler|def|1\n|-unboost|p2b: Sneasler|spd|1\n|move|p1a: Glimmora|Earth Power|p2a: Tinkaton\n|-activate|p2a: Tinkaton|move: Protect\n|move|p1b: Milotic|Blizzard|p2a: Tinkaton|[spread] p2b\n|-activate|p2a: Tinkaton|move: Protect\n|-damage|p2b: Sneasler|0 fnt\n|faint|p2b: Sneasler\n|\n|-weather|Snowscape|[upkeep]\n|-heal|p2a: Tinkaton|91/100|[from] item: Leftovers\n|-heal|p1b: Milotic|14/100|[from] item: Leftovers\n|upkeep\n|\n|t:|1776719752\n|switch|p2b: Venusaur|Venusaur, L50, M|100/100\n|turn|7\n|\n|t:|1776719765\n|detailschange|p2b: Venusaur|Venusaur-Mega, L50, M\n|-mega|p2b: Venusaur|Venusaur|Venusaurite\n|move|p1b: Milotic|Protect|p1b: Milotic\n|-singleturn|p1b: Milotic|Protect\n|move|p1a: Glimmora|Earth Power|p2a: Tinkaton\n|-supereffective|p2a: Tinkaton|1\n|-damage|p2a: Tinkaton|34/100\n|move|p2a: Tinkaton|Gigaton Hammer|p1a: Glimmora\n|-supereffective|p1a: Glimmora|1\n|-damage|p1a: Glimmora|0 fnt\n|-activate|p1a: Glimmora|ability: Toxic Debris\n|-sidestart|p2: Nzell|move: Toxic Spikes\n|faint|p1a: Glimmora\n|move|p2b: Venusaur|Giga Drain|p1b: Milotic\n|-activate|p1b: Milotic|move: Protect\n|\n|-weather|Snowscape|[upkeep]\n|-heal|p2a: Tinkaton|40/100|[from] item: Leftovers\n|-heal|p1b: Milotic|20/100|[from] item: Leftovers\n|upkeep\n|turn|8\n|c|\u2606Nzell|ggs\n|c|\u2606Nzell|tinkaton\n|\n|t:|1776719787\n|move|p2a: Tinkaton|Swords Dance|p2a: Tinkaton\n|-boost|p2a: Tinkaton|atk|2\n|move|p1b: Milotic|Blizzard|p2b: Venusaur|[spread] p2a,p2b\n|-resisted|p2a: Tinkaton|1\n|-supereffective|p2b: Venusaur|1\n|-crit|p2b: Venusaur\n|-damage|p2a: Tinkaton|30/100\n|-damage|p2b: Venusaur|69/100\n|-status|p2a: Tinkaton|frz\n|-status|p2b: Venusaur|frz\n|cant|p2b: Venusaur|frz\n|\n|-weather|none\n|-heal|p2a: Tinkaton|36/100 frz|[from] item: Leftovers\n|-heal|p1b: Milotic|26/100|[from] item: Leftovers\n|upkeep\n|turn|9\n|c|\u2606Javitoxxx|ggs\n|c|\u2606Nzell|wtf\n|c|\u2606Javitoxxx|lol\n|\n|t:|1776719805\n|cant|p2a: Tinkaton|frz\n|-curestatus|p2b: Venusaur|frz|[msg]\n|move|p2b: Venusaur|Protect|p2b: Venusaur\n|-singleturn|p2b: Venusaur|Protect\n|move|p1b: Milotic|Scald|p2a: Tinkaton\n|-damage|p2a: Tinkaton|3/100 frz\n|-curestatus|p2a: Tinkaton|frz|[msg]\n|\n|-heal|p2a: Tinkaton|9/100|[from] item: Leftovers\n|-heal|p1b: Milotic|32/100|[from] item: Leftovers\n|-sideend|p1: Javitoxxx|move: Aurora Veil\n|upkeep\n|turn|10\n|c|\u2606Nzell|thank god\n|\n|t:|1776719822\n|move|p2a: Tinkaton|Play Rough|p1b: Milotic\n|-damage|p1b: Milotic|0 fnt\n|faint|p1b: Milotic\n|\n|win|Nzell\n|raw|Javitoxxx's rating: 1365 &rarr; <strong>1342</strong><br />(-23 for losing)\n|raw|Nzell's rating: 1308 &rarr; <strong>1331</strong><br />(+23 for winning)\n|l|\u2606Javitoxxx\n|player|p1|\n",
  "uploadtime": 1776719832,
  "views": 16,
  "formatid": "gen9championsvgc2026regma",
  "rating": 1331,
  "private": 0,
  "password": null
}