{
  "id": "gen9championsvgc2026regma-2584521233",
  "format": "[Gen 9 Champions] VGC 2026 Reg M-A",
  "players": [
    "chalkedlily",
    "Mederain"
  ],
  "log": "|j|\u2606chalkedlily\n|j|\u2606Mederain\n|t:|1776266319\n|gametype|doubles\n|player|p1|chalkedlily|169|1000\n|player|p2|Mederain|norman|1065\n|gen|9\n|tier|[Gen 9 Champions] VGC 2026 Reg M-A\n|rated|\n|rule|Species Clause: Limit one of each Pok\u00e9mon\n|rule|Item Clause: Limit 1 of each item\n|clearpoke\n|poke|p1|Meowstic-F, L50, F|\n|poke|p1|Wyrdeer, L50, F|\n|poke|p1|Kingambit, L50, M|\n|poke|p1|Aerodactyl, L50, F|\n|poke|p1|Sableye, L50, M|\n|poke|p1|Maushold, L50|\n|poke|p2|Greninja-*, L50, M|\n|poke|p2|Meowscarada, L50, F|\n|poke|p2|Zoroark-Hisui, L50, F|\n|poke|p2|Incineroar, L50, F|\n|poke|p2|Farigiraf, L50, M|\n|poke|p2|Whimsicott, L50, M|\n|teampreview|4\nchalkedlily has agreed to open team sheets.\n|\n|t:|1776266366\n|teamsize|p1|4\n|teamsize|p2|4\n|start\n|switch|p1a: Meowstic|Meowstic-F, L50, F|100/100\n|switch|p1b: Wyrdeer|Wyrdeer, L50, F|100/100\n|switch|p2a: Farigiraf|Farigiraf, L50, M|100/100\n|switch|p2b: Greninja|Greninja, L50, M|100/100\n|-ability|p1b: Wyrdeer|Intimidate|boost\n|-unboost|p2a: Farigiraf|atk|1\n|-unboost|p2b: Greninja|atk|1\n|turn|1\n|\n|t:|1776266383\n|move|p2a: Farigiraf|Helping Hand|p2b: Greninja\n|-singleturn|p2b: Greninja|Helping Hand|[of] p2a: Farigiraf\n|move|p1a: Meowstic|Protect|p1a: Meowstic\n|-singleturn|p1a: Meowstic|Protect\n|move|p2b: Greninja|Hyper Voice|p1b: Wyrdeer|[spread] p1b\n|-activate|p1a: Meowstic|move: Protect\n|-damage|p1b: Wyrdeer|43/100\n|move|p1b: Wyrdeer|Skill Swap|p2a: Farigiraf\n|-activate|p1b: Wyrdeer|Skill Swap|Armor Tail|Intimidate|[of] p2a: Farigiraf\n|-ability|p2a: Farigiraf|Intimidate|boost\n|-unboost|p1a: Meowstic|atk|1\n|-ability|p1a: Meowstic|Competitive|boost\n|-boost|p1a: Meowstic|spa|2\n|-unboost|p1b: Wyrdeer|atk|1\n|\n|upkeep\n|turn|2\n|\n|t:|1776266416\n|detailschange|p1a: Meowstic|Meowstic-F-Mega, L50, F\n|-mega|p1a: Meowstic|Meowstic|Meowsticite\n|-ability|p1a: Meowstic|Intimidate|Trace|[from] ability: Trace|[of] p2a: Farigiraf\n|-ability|p1a: Meowstic|Intimidate|boost\n|-unboost|p2a: Farigiraf|atk|1\n|-unboost|p2b: Greninja|atk|1\n|move|p2a: Farigiraf|Helping Hand|p2b: Greninja\n|-singleturn|p2b: Greninja|Helping Hand|[of] p2a: Farigiraf\n|move|p1a: Meowstic|Thunderbolt|p2b: Greninja\n|-damage|p2b: Greninja|0 fnt\n|replace|p2b: Zoroark|Zoroark-Hisui, L50, F\n|-end|p2b: Zoroark|Illusion\n|faint|p2b: Zoroark\n|move|p1b: Wyrdeer|Psyshield Bash|p2a: Farigiraf\n|-resisted|p2a: Farigiraf|1\n|-damage|p2a: Farigiraf|87/100\n|-boost|p1b: Wyrdeer|def|1\n|\n|upkeep\n|\n|t:|1776266431\n|switch|p2b: Greninja|Greninja, L50, M|100/100\n|turn|3\n|\n|t:|1776266459\n|move|p1a: Meowstic|Protect|p1a: Meowstic\n|-singleturn|p1a: Meowstic|Protect\n|move|p2b: Greninja|Sludge Wave|p1a: Meowstic|[spread] p2a\n|-start|p2b: Greninja|typechange|Poison|[from] ability: Protean\n|-activate|p1a: Meowstic|move: Protect\n|-miss|p2b: Greninja|p1b: Wyrdeer\n|-damage|p2a: Farigiraf|58/100\n|move|p2a: Farigiraf|Hyper Voice|p1b: Wyrdeer|[spread] p1b\n|-activate|p1a: Meowstic|move: Protect\n|-damage|p1b: Wyrdeer|18/100\n|move|p1b: Wyrdeer|Trick Room|p1b: Wyrdeer\n|-fieldstart|move: Trick Room|[of] p1b: Wyrdeer\n|\n|upkeep\n|turn|4\n|\n|t:|1776266479\n|move|p2b: Greninja|Protect|p2b: Greninja\n|-singleturn|p2b: Greninja|Protect\n|move|p1b: Wyrdeer|Psyshield Bash|p2b: Greninja\n|-activate|p2b: Greninja|move: Protect\n|move|p1a: Meowstic|Psychic|p2b: Greninja\n|-activate|p2b: Greninja|move: Protect\n|move|p2a: Farigiraf|Trick Room|p2a: Farigiraf\n|-fieldend|move: Trick Room\n|\n|upkeep\n|turn|5\n|\n|t:|1776266497\n|detailschange|p2b: Greninja|Greninja-Mega, L50, M\n|-mega|p2b: Greninja|Greninja|Greninjite\n|move|p2b: Greninja|Icy Wind|p1a: Meowstic|[spread] p1a,p1b\n|-start|p2b: Greninja|typechange|Ice|[from] ability: Protean\n|-damage|p1a: Meowstic|76/100\n|-damage|p1b: Wyrdeer|0 fnt\n|-unboost|p1a: Meowstic|spe|1\n|faint|p1b: Wyrdeer\n|move|p1a: Meowstic|Psychic|p2b: Greninja\n|-damage|p2b: Greninja|0 fnt\n|faint|p2b: Greninja\n|move|p2a: Farigiraf|Hyper Voice|p1a: Meowstic\n|-damage|p1a: Meowstic|39/100\n|\n|upkeep\n|\n|t:|1776266512\n|switch|p2b: Incineroar|Incineroar, L50, F|100/100\n|switch|p1b: Aerodactyl|Aerodactyl, L50, F|100/100\n|-ability|p1b: Aerodactyl|Unnerve\n|-ability|p2b: Incineroar|Intimidate|boost\n|-unboost|p1a: Meowstic|atk|1\n|-unboost|p1b: Aerodactyl|atk|1\n|turn|6\n|\n|t:|1776266533\n|move|p1a: Meowstic|Protect|p1a: Meowstic\n|-singleturn|p1a: Meowstic|Protect\n|move|p1b: Aerodactyl|Rock Slide|p2b: Incineroar|[spread] p2a,p2b\n|-supereffective|p2b: Incineroar|1\n|-damage|p2a: Farigiraf|45/100\n|-damage|p2b: Incineroar|73/100\n|move|p2b: Incineroar|Snarl|p1b: Aerodactyl|[spread] p1b\n|-activate|p1a: Meowstic|move: Protect\n|-damage|p1b: Aerodactyl|85/100\n|-unboost|p1b: Aerodactyl|spa|1\n|move|p2a: Farigiraf|Hyper Voice|p1b: Aerodactyl|[spread] p1b\n|-activate|p1a: Meowstic|move: Protect\n|-resisted|p1b: Aerodactyl|1\n|-damage|p1b: Aerodactyl|68/100\n|\n|-heal|p2b: Incineroar|79/100|[from] item: Leftovers\n|upkeep\n|turn|7\n|\n|t:|1776266557\n|move|p1b: Aerodactyl|Rock Slide|p2b: Incineroar|[spread] p2a,p2b\n|-supereffective|p2b: Incineroar|1\n|-damage|p2a: Farigiraf|32/100\n|-damage|p2b: Incineroar|52/100\n|move|p1a: Meowstic|Thunderbolt|p2b: Incineroar\n|-damage|p2b: Incineroar|0 fnt\n|faint|p2b: Incineroar\n|move|p2a: Farigiraf|Hyper Voice|p1b: Aerodactyl|[spread] p1a,p1b\n|-resisted|p1b: Aerodactyl|1\n|-damage|p1a: Meowstic|7/100\n|-damage|p1b: Aerodactyl|49/100\n|\n|upkeep\n|turn|8\n|-message|Mederain forfeited.\n|\n|win|chalkedlily\n|raw|chalkedlily's rating: 1000 &rarr; <strong>1047</strong><br />(+47 for winning)\n|raw|Mederain's rating: 1065 &rarr; <strong>1042</strong><br />(-23 for losing)\n|l|\u2606Mederain\n|player|p2|\n",
  "uploadtime": 1776266576,
  "views": 26,
  "formatid": "gen9championsvgc2026regma",
  "rating": 1042,
  "private": 0,
  "password": null
}