{
  "id": "gen9championsvgc2026regma-2584883312",
  "format": "[Gen 9 Champions] VGC 2026 Reg M-A",
  "players": [
    "kingcs2",
    "Gloryrush"
  ],
  "log": "|j|\u2606kingcs2\n|j|\u2606Gloryrush\n|t:|1776291319\n|gametype|doubles\n|player|p1|kingcs2|psychicf|1173\n|player|p2|Gloryrush|266|1156\n|gen|9\n|tier|[Gen 9 Champions] VGC 2026 Reg M-A\n|rated|\n|rule|Species Clause: Limit one of each Pok\u00e9mon\n|rule|Item Clause: Limit 1 of each item\n|clearpoke\n|poke|p1|Ampharos, L50, M|\n|poke|p1|Farigiraf, L50, M|\n|poke|p1|Torkoal, L50, F|\n|poke|p1|Azumarill, L50, M|\n|poke|p1|Kingambit, L50, M|\n|poke|p1|Sinistcha, L50|\n|poke|p2|Sneasler, L50, M|\n|poke|p2|Tyranitar, L50, M|\n|poke|p2|Milotic, L50, M|\n|poke|p2|Weavile, L50, F|\n|poke|p2|Hawlucha, L50, F|\n|poke|p2|Manectric, L50, F|\n|teampreview|4\n|inactive|Battle timer is ON: inactive players will automatically lose when time's up. (requested by kingcs2)\n|l|\u2606Gloryrush\n|inactive|Gloryrush disconnected and has a minute to reconnect!\n|player|p2|\n|\n|t:|1776291352\n|teamsize|p1|4\n|teamsize|p2|4\n|start\n|switch|p1a: Sinistcha|Sinistcha, L50|100/100\n|switch|p1b: Ampharos|Ampharos, L50, M, shiny|100/100\n|switch|p2a: Weavile|Weavile, L50, F|100/100\n|switch|p2b: Manectric|Manectric, L50, F|100/100\n|-ability|p2a: Weavile|Pressure\n|turn|1\n|inactive|Gloryrush has 30 seconds left.\n|inactive|Gloryrush has 20 seconds left.\n|inactive|Gloryrush has 15 seconds left.\n|j|\u2606Gloryrush\n|inactive|Gloryrush reconnected and has 15 seconds left.\n|player|p2|Gloryrush|266|\n|inactive|Gloryrush has 10 seconds left.\n|inactive|Gloryrush has 5 seconds left.\n|\n|t:|1776291404\n|detailschange|p2b: Manectric|Manectric-Mega, L50, F\n|-mega|p2b: Manectric|Manectric|Manectite\n|-ability|p2b: Manectric|Intimidate|boost\n|-unboost|p1a: Sinistcha|atk|1\n|-unboost|p1b: Ampharos|atk|1\n|move|p1b: Ampharos|Protect|p1b: Ampharos\n|-singleturn|p1b: Ampharos|Protect\n|move|p2a: Weavile|Fake Out|p1b: Ampharos\n|-activate|p1b: Ampharos|move: Protect\n|move|p2b: Manectric|Snarl|p1b: Ampharos|[spread] p1a\n|-activate|p1b: Ampharos|move: Protect\n|-supereffective|p1a: Sinistcha|1\n|-damage|p1a: Sinistcha|67/100\n|-unboost|p1a: Sinistcha|spa|1\n|move|p1a: Sinistcha|Trick Room|p1a: Sinistcha\n|-fieldstart|move: Trick Room|[of] p1a: Sinistcha\n|\n|upkeep\n|turn|2\n|inactive|kingcs2 has 30 seconds left.\n|inactive|Gloryrush has 30 seconds left.\n|inactive|kingcs2 has 20 seconds left.\n|inactive|kingcs2 has 15 seconds left.\n|\n|t:|1776291444\n|switch|p2a: Tyranitar|Tyranitar, L50, M|100/100\n|-weather|Sandstorm|[from] ability: Sand Stream|[of] p2a: Tyranitar\n|detailschange|p1b: Ampharos|Ampharos-Mega, L50, M, shiny\n|-mega|p1b: Ampharos|Ampharos|Ampharosite\n|-ability|p1b: Ampharos|Mold Breaker\n|move|p1b: Ampharos|Thunderbolt|p2a: Tyranitar\n|-damage|p2a: Tyranitar|62/100\n|-status|p2a: Tyranitar|par\n|move|p1a: Sinistcha|Matcha Gotcha|p2b: Manectric|[spread] p2a,p2b\n|-supereffective|p2a: Tyranitar|1\n|-damage|p2a: Tyranitar|42/100 par\n|-heal|p1a: Sinistcha|79/100|[from] drain|[of] p2a: Tyranitar\n|-damage|p2b: Manectric|77/100\n|-heal|p1a: Sinistcha|88/100|[from] drain|[of] p2b: Manectric\n|-status|p2b: Manectric|brn\n|move|p2b: Manectric|Snarl|p1a: Sinistcha|[spread] p1a,p1b\n|-supereffective|p1a: Sinistcha|1\n|-damage|p1a: Sinistcha|56/100\n|-damage|p1b: Ampharos|88/100\n|-unboost|p1a: Sinistcha|spa|1\n|-unboost|p1b: Ampharos|spa|1\n|\n|-weather|Sandstorm|[upkeep]\n|-damage|p1b: Ampharos|82/100|[from] Sandstorm\n|-damage|p1a: Sinistcha|49/100|[from] Sandstorm\n|-damage|p2b: Manectric|71/100 brn|[from] Sandstorm\n|-enditem|p1a: Sinistcha|Sitrus Berry|[eat]\n|-heal|p1a: Sinistcha|74/100|[from] item: Sitrus Berry\n|-damage|p2b: Manectric|65/100 brn|[from] brn\n|upkeep\n|turn|3\n|inactive|kingcs2 has 30 seconds left.\n|inactive|Gloryrush has 30 seconds left.\n|inactive|Gloryrush has 20 seconds left.\n|\n|t:|1776291480\n|move|p2a: Tyranitar|Crunch|p1a: Sinistcha\n|-supereffective|p1a: Sinistcha|1\n|-damage|p1a: Sinistcha|9/100\n|move|p1b: Ampharos|Volt Switch|p2a: Tyranitar\n|-damage|p2a: Tyranitar|22/100 par\n|\n|t:|1776291489\n|switch|p1b: Azumarill|Azumarill, L50, M, shiny|100/100|[from] Volt Switch\n|move|p1a: Sinistcha|Matcha Gotcha|p2b: Manectric|[spread] p2a,p2b\n|-supereffective|p2a: Tyranitar|1\n|-damage|p2a: Tyranitar|7/100 par\n|-heal|p1a: Sinistcha|17/100|[from] drain|[of] p2a: Tyranitar\n|-damage|p2b: Manectric|47/100 brn\n|-heal|p1a: Sinistcha|25/100|[from] drain|[of] p2b: Manectric\n|move|p2b: Manectric|Snarl|p1b: Azumarill|[spread] p1a,p1b\n|-supereffective|p1a: Sinistcha|1\n|-resisted|p1b: Azumarill|1\n|-damage|p1a: Sinistcha|0 fnt\n|-damage|p1b: Azumarill|92/100\n|-unboost|p1b: Azumarill|spa|1\n|faint|p1a: Sinistcha\n|\n|-weather|Sandstorm|[upkeep]\n|-damage|p1b: Azumarill|86/100|[from] Sandstorm\n|-damage|p2b: Manectric|41/100 brn|[from] Sandstorm\n|-damage|p2b: Manectric|35/100 brn|[from] brn\n|upkeep\n|\n|t:|1776291503\n|switch|p1a: Ampharos|Ampharos-Mega, L50, M, shiny|82/100\n|-ability|p1a: Ampharos|Mold Breaker\n|turn|4\n|\n|t:|1776291515\n|cant|p2a: Tyranitar|par\n|move|p1a: Ampharos|Thunderbolt|p2a: Tyranitar\n|-damage|p2a: Tyranitar|0 fnt\n|faint|p2a: Tyranitar\n|move|p1b: Azumarill|Liquidation|p2b: Manectric\n|-damage|p2b: Manectric|0 fnt\n|faint|p2b: Manectric\n|\n|-weather|Sandstorm|[upkeep]\n|-damage|p1a: Ampharos|75/100|[from] Sandstorm\n|-damage|p1b: Azumarill|80/100|[from] Sandstorm\n|upkeep\n|\n|t:|1776291525\n|switch|p2a: Sneasler|Sneasler, L50, M|100/100\n|switch|p2b: Weavile|Weavile, L50, F|100/100\n|-ability|p2b: Weavile|Pressure\n|turn|5\n|\n|t:|1776291541\n|switch|p1b: Farigiraf|Farigiraf, L50, M|100/100\n|move|p2a: Sneasler|Fake Out||[still]\n|cant|p1b: Farigiraf|ability: Armor Tail|Fake Out|[of] p2a: Sneasler\n|move|p2b: Weavile|Fake Out||[still]\n|cant|p1b: Farigiraf|ability: Armor Tail|Fake Out|[of] p2b: Weavile\n|move|p1a: Ampharos|Volt Switch|p2b: Weavile\n|-damage|p2b: Weavile|36/100\n|\n|t:|1776291551\n|switch|p1a: Azumarill|Azumarill, L50, M, shiny|80/100|[from] Volt Switch\n|\n|-weather|Sandstorm|[upkeep]\n|-damage|p1a: Azumarill|74/100|[from] Sandstorm\n|-damage|p1b: Farigiraf|94/100|[from] Sandstorm\n|-damage|p2a: Sneasler|95/100|[from] Sandstorm\n|-damage|p2b: Weavile|29/100|[from] Sandstorm\n|-fieldend|move: Trick Room\n|upkeep\n|turn|6\n|\n|t:|1776291562\n|move|p1a: Azumarill|Aqua Jet|p2b: Weavile\n|-crit|p2b: Weavile\n|-damage|p2b: Weavile|0 fnt\n|faint|p2b: Weavile\n|move|p2a: Sneasler|Dire Claw|p1a: Azumarill\n|-supereffective|p1a: Azumarill|1\n|-damage|p1a: Azumarill|0 fnt\n|faint|p1a: Azumarill\n|move|p1b: Farigiraf|Trick Room|p1b: Farigiraf\n|-fieldstart|move: Trick Room|[of] p1b: Farigiraf\n|\n|-weather|none\n|upkeep\n|-message|Gloryrush forfeited.\n|\n|win|kingcs2\n|raw|kingcs2's rating: 1173 &rarr; <strong>1197</strong><br />(+24 for winning)\n|raw|Gloryrush's rating: 1156 &rarr; <strong>1132</strong><br />(-24 for losing)\n|l|\u2606Gloryrush\n|player|p2|\n",
  "uploadtime": 1776291578,
  "views": 18,
  "formatid": "gen9championsvgc2026regma",
  "rating": 1132,
  "private": 0,
  "password": null
}