{
  "id": "gen9championsvgc2026regma-2583865618",
  "format": "[Gen 9 Champions] VGC 2026 Reg M-A",
  "players": [
    "tritan11",
    "Qloser"
  ],
  "log": "|j|\u2606tritan11\n|j|\u2606Qloser\n|t:|1776203803\n|gametype|doubles\n|player|p1|tritan11|steven|1134\n|player|p2|Qloser|norman|1162\n|gen|9\n|tier|[Gen 9 Champions] VGC 2026 Reg M-A\n|rated|\n|rule|Species Clause: Limit one of each Pok\u00e9mon\n|rule|Item Clause: Limit 1 of each item\n|clearpoke\n|poke|p1|Gengar, L50, F|\n|poke|p1|Tinkaton, L50, F|\n|poke|p1|Incineroar, L50, M|\n|poke|p1|Milotic, L50, M|\n|poke|p1|Kommo-o, L50, M|\n|poke|p1|Aerodactyl, L50, F|\n|poke|p2|Charizard, L50, M|\n|poke|p2|Kingambit, L50, F|\n|poke|p2|Rotom-Wash, L50|\n|poke|p2|Tyranitar, L50, F|\n|poke|p2|Sinistcha, L50|\n|poke|p2|Excadrill, L50, F|\n|teampreview|4\n|inactive|Battle timer is ON: inactive players will automatically lose when time's up. (requested by Qloser)\n|inactive|tritan11 also wants the timer to be on.\n|inactive|tritan11 has 60 seconds left.\n|\n|t:|1776203849\n|teamsize|p1|4\n|teamsize|p2|4\n|start\n|switch|p1a: Incineroar|Incineroar, L50, M|100/100\n|switch|p1b: Kommo-o|Kommo-o, L50, M|100/100\n|switch|p2a: Kingambit|Kingambit, L50, F|100/100\n|switch|p2b: Rotom|Rotom-Wash, L50|100/100\n|-ability|p1a: Incineroar|Intimidate|boost\n|-unboost|p2a: Kingambit|atk|1\n|-ability|p2a: Kingambit|Defiant|boost\n|-boost|p2a: Kingambit|atk|2\n|-unboost|p2b: Rotom|atk|1\n|turn|1\n|\n|t:|1776203875\n|move|p1a: Incineroar|Fake Out|p2a: Kingambit\n|-resisted|p2a: Kingambit|1\n|-damage|p2a: Kingambit|97/100\n|move|p1b: Kommo-o|Clangorous Soul|p1b: Kommo-o\n|-boost|p1b: Kommo-o|atk|1\n|-boost|p1b: Kommo-o|def|1\n|-boost|p1b: Kommo-o|spa|1\n|-boost|p1b: Kommo-o|spd|1\n|-boost|p1b: Kommo-o|spe|1\n|-damage|p1b: Kommo-o|68/100\n|move|p2b: Rotom|Hydro Pump|p1a: Incineroar\n|-supereffective|p1a: Incineroar|1\n|-damage|p1a: Incineroar|10/100\n|-enditem|p1a: Incineroar|Sitrus Berry|[eat]\n|-heal|p1a: Incineroar|35/100|[from] item: Sitrus Berry\n|cant|p2a: Kingambit|flinch\n|\n|-heal|p1b: Kommo-o|74/100|[from] item: Leftovers\n|upkeep\n|turn|2\n|inactive|Qloser has 30 seconds left.\n|\n|t:|1776203902\n|switch|p1a: Tinkaton|Tinkaton, L50, F|100/100\n|-ability|p1a: Tinkaton|Mold Breaker\n|move|p2a: Kingambit|Protect|p2a: Kingambit\n|-singleturn|p2a: Kingambit|Protect\n|move|p1b: Kommo-o|Close Combat|p2a: Kingambit\n|-activate|p2a: Kingambit|move: Protect\n|move|p2b: Rotom|Electroweb|p1a: Tinkaton|[spread] p1a,p1b\n|-resisted|p1b: Kommo-o|1\n|-damage|p1a: Tinkaton|77/100\n|-damage|p1b: Kommo-o|67/100\n|-unboost|p1a: Tinkaton|spe|1\n|-unboost|p1b: Kommo-o|spe|1\n|\n|-heal|p1b: Kommo-o|72/100|[from] item: Leftovers\n|upkeep\n|turn|3\n|\n|t:|1776203926\n|switch|p2a: Sinistcha|Sinistcha, L50|100/100\n|move|p1a: Tinkaton|Fake Out|p2b: Rotom\n|-damage|p2b: Rotom|88/100\n|move|p1b: Kommo-o|Clangorous Soul|p1b: Kommo-o\n|-boost|p1b: Kommo-o|atk|1\n|-boost|p1b: Kommo-o|def|1\n|-boost|p1b: Kommo-o|spa|1\n|-boost|p1b: Kommo-o|spd|1\n|-boost|p1b: Kommo-o|spe|1\n|-damage|p1b: Kommo-o|40/100\n|cant|p2b: Rotom|flinch\n|\n|-heal|p1b: Kommo-o|46/100|[from] item: Leftovers\n|upkeep\n|turn|4\n|\n|t:|1776203948\n|move|p1a: Tinkaton|Helping Hand|p1b: Kommo-o\n|-singleturn|p1b: Kommo-o|Helping Hand|[of] p1a: Tinkaton\n|move|p2a: Sinistcha|Rage Powder|p2a: Sinistcha\n|-singleturn|p2a: Sinistcha|move: Rage Powder\n|move|p1b: Kommo-o|Dragon Claw|p2a: Sinistcha\n|-damage|p2a: Sinistcha|15/100\n|move|p2b: Rotom|Thunderbolt|p1a: Tinkaton\n|-damage|p1a: Tinkaton|27/100\n|\n|-heal|p1b: Kommo-o|51/100|[from] item: Leftovers\n|-heal|p2a: Sinistcha|21/100|[from] item: Leftovers\n|upkeep\n|turn|5\n|inactive|tritan11 has 30 seconds left.\n|\n|t:|1776203974\n|move|p1a: Tinkaton|Helping Hand|p1b: Kommo-o\n|-singleturn|p1b: Kommo-o|Helping Hand|[of] p1a: Tinkaton\n|move|p1b: Kommo-o|Dragon Claw|p2b: Rotom\n|-damage|p2b: Rotom|0 fnt\n|faint|p2b: Rotom\n|move|p2a: Sinistcha|Strength Sap|p1b: Kommo-o\n|-unboost|p1b: Kommo-o|atk|1\n|-heal|p2a: Sinistcha|100/100\n|\n|-heal|p1b: Kommo-o|57/100|[from] item: Leftovers\n|upkeep\n|\n|t:|1776203997\n|switch|p2b: Charizard|Charizard, L50, M|100/100\n|turn|6\n|\n|t:|1776204008\n|move|p1b: Kommo-o|Dragon Claw|p2a: Sinistcha\n|-damage|p2a: Sinistcha|57/100\n|move|p2b: Charizard|Dragon Dance|p2b: Charizard\n|-boost|p2b: Charizard|atk|1\n|-boost|p2b: Charizard|spe|1\n|move|p1a: Tinkaton|Gigaton Hammer|p2a: Sinistcha\n|-damage|p2a: Sinistcha|7/100\n|move|p2a: Sinistcha|Matcha Gotcha|p1b: Kommo-o|[spread] p1a,p1b\n|-resisted|p1a: Tinkaton|1\n|-resisted|p1b: Kommo-o|1\n|-damage|p1a: Tinkaton|14/100\n|-heal|p2a: Sinistcha|13/100|[from] drain|[of] p1a: Tinkaton\n|-damage|p1b: Kommo-o|52/100\n|-heal|p2a: Sinistcha|16/100|[from] drain|[of] p1b: Kommo-o\n|\n|-heal|p1b: Kommo-o|58/100|[from] item: Leftovers\n|-heal|p2a: Sinistcha|22/100|[from] item: Leftovers\n|upkeep\n|turn|7\n|\n|t:|1776204032\n|switch|p1a: Incineroar|Incineroar, L50, M|35/100\n|-ability|p1a: Incineroar|Intimidate|boost\n|-unboost|p2a: Sinistcha|atk|1\n|-unboost|p2b: Charizard|atk|1\n|move|p2a: Sinistcha|Rage Powder|p2a: Sinistcha\n|-singleturn|p2a: Sinistcha|move: Rage Powder\n|move|p2b: Charizard|Dragon Dance|p2b: Charizard\n|-boost|p2b: Charizard|atk|1\n|-boost|p2b: Charizard|spe|1\n|move|p1b: Kommo-o|Dragon Claw|p2a: Sinistcha\n|-damage|p2a: Sinistcha|0 fnt\n|faint|p2a: Sinistcha\n|\n|-heal|p1b: Kommo-o|63/100|[from] item: Leftovers\n|upkeep\n|\n|t:|1776204041\n|switch|p2a: Kingambit|Kingambit, L50, F|97/100\n|turn|8\n|\n|t:|1776204048\n|move|p2b: Charizard|Protect|p2b: Charizard\n|-singleturn|p2b: Charizard|Protect\n|move|p2a: Kingambit|Protect|p2a: Kingambit\n|-singleturn|p2a: Kingambit|Protect\n|move|p1a: Incineroar|Fake Out|p2b: Charizard\n|-activate|p2b: Charizard|move: Protect\n|move|p1b: Kommo-o|Close Combat|p2a: Kingambit\n|-activate|p2a: Kingambit|move: Protect\n|\n|-heal|p1b: Kommo-o|69/100|[from] item: Leftovers\n|upkeep\n|turn|9\n|\n|t:|1776204063\n|detailschange|p2b: Charizard|Charizard-Mega-X, L50, M\n|-mega|p2b: Charizard|Charizard|Charizardite X\n|move|p2a: Kingambit|Sucker Punch|p1b: Kommo-o\n|-resisted|p1b: Kommo-o|1\n|-damage|p1b: Kommo-o|58/100\n|move|p2b: Charizard|Dragon Claw|p1b: Kommo-o\n|-supereffective|p1b: Kommo-o|1\n|-damage|p1b: Kommo-o|0 fnt\n|faint|p1b: Kommo-o\n|move|p1a: Incineroar|Will-O-Wisp|p2a: Kingambit\n|-status|p2a: Kingambit|brn\n|\n|-damage|p2a: Kingambit|91/100 brn|[from] brn\n|upkeep\n|\n|t:|1776204079\n|switch|p1b: Gengar|Gengar, L50, F|100/100\n|turn|10\n|\n|t:|1776204092\n|detailschange|p1b: Gengar|Gengar-Mega, L50, F\n|-mega|p1b: Gengar|Gengar|Gengarite\n|move|p2b: Charizard|Flare Blitz|p1b: Gengar\n|-damage|p1b: Gengar|0 fnt\n|faint|p1b: Gengar\n|-damage|p2b: Charizard|76/100|[from] Recoil\n|move|p1a: Incineroar|Flare Blitz|p2a: Kingambit\n|-supereffective|p2a: Kingambit|1\n|-damage|p2a: Kingambit|18/100 brn\n|-damage|p1a: Incineroar|10/100|[from] Recoil\n|move|p2a: Kingambit|Kowtow Cleave|p1a: Incineroar\n|-resisted|p1a: Incineroar|1\n|-damage|p1a: Incineroar|0 fnt\n|faint|p1a: Incineroar\n|\n|-damage|p2a: Kingambit|13/100 brn|[from] brn\n|upkeep\n|-message|tritan11 forfeited.\n|\n|win|Qloser\n|raw|tritan11's rating: 1134 &rarr; <strong>1111</strong><br />(-23 for losing)\n|raw|Qloser's rating: 1162 &rarr; <strong>1185</strong><br />(+23 for winning)\n",
  "uploadtime": 1776204098,
  "views": 27,
  "formatid": "gen9championsvgc2026regma",
  "rating": 1111,
  "private": 0,
  "password": null
}