{
  "id": "gen9championsvgc2026regma-2587418251",
  "format": "[Gen 9 Champions] VGC 2026 Reg M-A",
  "players": [
    "Miurzechi",
    "Kondroid"
  ],
  "log": "|j|\u2606Miurzechi\n|j|\u2606Kondroid\n|t:|1776530146\n|gametype|doubles\n|player|p1|Miurzechi|101|1119\n|player|p2|Kondroid|hilbert-wonderlauncher|1202\n|gen|9\n|tier|[Gen 9 Champions] VGC 2026 Reg M-A\n|rated|\n|rule|Species Clause: Limit one of each Pok\u00e9mon\n|rule|Item Clause: Limit 1 of each item\n|clearpoke\n|poke|p1|Aegislash, L50, F|\n|poke|p1|Slowking-Galar, L50, F|\n|poke|p1|Corviknight, L50, M|\n|poke|p1|Garchomp, L50, F|\n|poke|p1|Floette-Eternal, L50, F|\n|poke|p1|Talonflame, L50, F|\n|poke|p2|Crabominable, L50, M, shiny|\n|poke|p2|Slowking-Galar, L50, M|\n|poke|p2|Golurk, L50, shiny|\n|poke|p2|Oranguru, L50, M|\n|poke|p2|Incineroar, L50, M|\n|poke|p2|Hydreigon, L50, M, shiny|\n|teampreview|4\n|inactive|Battle timer is ON: inactive players will automatically lose when time's up. (requested by Kondroid)\n|inactive|Kondroid has 60 seconds left.\n|\n|t:|1776530186\n|teamsize|p1|4\n|teamsize|p2|4\n|start\n|switch|p1a: King Artur|Slowking-Galar, L50, F|100/100\n|switch|p1b: Excalibur&Prydwen|Aegislash, L50, F|100/100\n|switch|p2a: Oranguru|Oranguru, L50, M|100/100\n|switch|p2b: Golurk|Golurk, L50, shiny|100/100\n|-clearboost|p1b: Excalibur&Prydwen|[from] ability: Curious Medicine|[of] p1a: King Artur\n|turn|1\n|\n|t:|1776530204\n|move|p2b: Golurk|Protect|p2b: Golurk\n|-singleturn|p2b: Golurk|Protect\n|-formechange|p1b: Excalibur&Prydwen|Aegislash-Blade|\n|move|p1b: Excalibur&Prydwen|Shadow Claw|p2b: Golurk\n|-activate|p2b: Golurk|move: Protect\n|move|p2a: Oranguru|Trick Room|p2a: Oranguru\n|-fieldstart|move: Trick Room|[of] p2a: Oranguru\n|move|p1a: King Artur|Trick Room|p1a: King Artur\n|-fieldend|move: Trick Room\n|\n|upkeep\n|turn|2\n|\n|t:|1776530222\n|switch|p2b: Incineroar|Incineroar, L50, M|100/100\n|-ability|p2b: Incineroar|Intimidate|boost\n|-unboost|p1a: King Artur|atk|1\n|-unboost|p1b: Excalibur&Prydwen|atk|1\n|move|p1b: Excalibur&Prydwen|Shadow Claw|p2b: Incineroar\n|-resisted|p2b: Incineroar|1\n|-damage|p2b: Incineroar|86/100\n|move|p1a: King Artur|Psychic|p2b: Incineroar\n|-immune|p2b: Incineroar\n|move|p2a: Oranguru|Trick Room|p2a: Oranguru\n|-fieldstart|move: Trick Room|[of] p2a: Oranguru\n|\n|upkeep\n|turn|3\n|\n|t:|1776530242\n|switch|p2a: Golurk|Golurk, L50, shiny|100/100\n|move|p2b: Incineroar|Fake Out|p1a: King Artur\n|-damage|p1a: King Artur|91/100\n|cant|p1a: King Artur|flinch\n|move|p1b: Excalibur&Prydwen|Sacred Sword|p2a: Golurk\n|-immune|p2a: Golurk\n|\n|upkeep\n|turn|4\n|inactive|Kondroid has 30 seconds left.\n|inactive|Kondroid has 20 seconds left.\n|inactive|Kondroid has 15 seconds left.\n|\n|t:|1776530285\n|detailschange|p2a: Golurk|Golurk-Mega, L50, shiny\n|-mega|p2a: Golurk|Golurk|Golurkite\n|move|p1a: King Artur|Sludge Wave|p2a: Golurk|[spread] p2a,p2b\n|-immune|p1b: Excalibur&Prydwen\n|-resisted|p2a: Golurk|2\n|-damage|p2a: Golurk|94/100\n|-damage|p2b: Incineroar|64/100\n|-status|p2b: Incineroar|psn\n|move|p2a: Golurk|Poltergeist|p1b: Excalibur&Prydwen\n|-activate|p1b: Excalibur&Prydwen|move: Poltergeist|Spell Tag\n|-supereffective|p1b: Excalibur&Prydwen|1\n|-damage|p1b: Excalibur&Prydwen|0 fnt\n|faint|p1b: Excalibur&Prydwen\n|move|p2b: Incineroar|Flare Blitz|p1a: King Artur\n|-damage|p1a: King Artur|52/100\n|-damage|p2b: Incineroar|51/100 psn|[from] Recoil\n|\n|-damage|p2b: Incineroar|39/100 psn|[from] psn\n|upkeep\n|-enditem|p2b: Incineroar|Sitrus Berry|[eat]\n|-heal|p2b: Incineroar|63/100 psn|[from] item: Sitrus Berry\n|\n|t:|1776530301\n|switch|p1b: Lancelot|Corviknight, L50, M|100/100\n|turn|5\n|\n|t:|1776530320\n|move|p1a: King Artur|Sludge Wave|p2a: Golurk|[spread] p2a,p2b\n|-immune|p1b: Lancelot\n|-resisted|p2a: Golurk|2\n|-damage|p2a: Golurk|89/100\n|-damage|p2b: Incineroar|43/100 psn\n|move|p2a: Golurk|Poltergeist|p1b: Lancelot\n|-activate|p1b: Lancelot|move: Poltergeist|Leftovers\n|-damage|p1b: Lancelot|43/100\n|move|p2b: Incineroar|Darkest Lariat|p1a: King Artur\n|-supereffective|p1a: King Artur|1\n|-damage|p1a: King Artur|0 fnt\n|faint|p1a: King Artur\n|move|p1b: Lancelot|Brave Bird|p2a: Golurk\n|-damage|p2a: Golurk|52/100\n|-damage|p1b: Lancelot|31/100|[from] Recoil\n|\n|-heal|p1b: Lancelot|37/100|[from] item: Leftovers\n|-damage|p2b: Incineroar|30/100 psn|[from] psn\n|upkeep\n|\n|t:|1776530331\n|switch|p1a: Morgana|Floette-Eternal, L50, F|100/100\n|turn|6\n|\n|t:|1776530343\n|detailschange|p1a: Morgana|Floette-Mega, L50, F\n|-mega|p1a: Morgana|Floette|Floettite\n|-ability|p1a: Morgana|Fairy Aura\n|move|p2a: Golurk|Headlong Rush|p1a: Morgana\n|-damage|p1a: Morgana|2/100\n|-unboost|p2a: Golurk|def|1\n|-unboost|p2a: Golurk|spd|1\n|move|p2b: Incineroar|Flare Blitz|p1b: Lancelot\n|-supereffective|p1b: Lancelot|1\n|-damage|p1b: Lancelot|0 fnt\n|faint|p1b: Lancelot\n|-damage|p2b: Incineroar|18/100 psn|[from] Recoil\n|move|p1a: Morgana|Calm Mind|p1a: Morgana\n|-boost|p1a: Morgana|spa|1\n|-boost|p1a: Morgana|spd|1\n|\n|-damage|p2b: Incineroar|5/100 psn|[from] psn\n|-fieldend|move: Trick Room\n|upkeep\n|turn|7\n|\n|t:|1776530363\n|move|p1a: Morgana|Moonblast|p2a: Golurk\n|-damage|p2a: Golurk|0 fnt\n|faint|p2a: Golurk\n|move|p2b: Incineroar|Flare Blitz|p1a: Morgana\n|-damage|p1a: Morgana|0 fnt\n|faint|p1a: Morgana\n|-damage|p2b: Incineroar|5/100 psn|[from] Recoil\n|\n|win|Kondroid\n|raw|Miurzechi's rating: 1119 &rarr; <strong>1100</strong><br />(-19 for losing)\n|raw|Kondroid's rating: 1202 &rarr; <strong>1221</strong><br />(+19 for winning)\n",
  "uploadtime": 1776530370,
  "views": 12,
  "formatid": "gen9championsvgc2026regma",
  "rating": 1100,
  "private": 0,
  "password": null
}