{
  "id": "gen9championsvgc2026regma-2582434644",
  "format": "[Gen 9 Champions] VGC 2026 Reg M-A",
  "players": [
    "jukasinjakudo",
    "iiApreachless"
  ],
  "log": "|j|\u2606jukasinjakudo\n|j|\u2606iiApreachless\n|t:|1776091458\n|gametype|doubles\n|player|p1|jukasinjakudo|n|1276\n|player|p2|iiApreachless|1|1365\n|gen|9\n|tier|[Gen 9 Champions] VGC 2026 Reg M-A\n|rated|\n|rule|Species Clause: Limit one of each Pok\u00e9mon\n|rule|Item Clause: Limit 1 of each item\n|clearpoke\n|poke|p1|Pelipper, L50, M|\n|poke|p1|Archaludon, L50, F|\n|poke|p1|Sinistcha, L50|\n|poke|p1|Basculegion, L50, M|\n|poke|p1|Kingambit, L50, M|\n|poke|p1|Talonflame, L50, M|\n|poke|p2|Incineroar, L50, F|\n|poke|p2|Sneasler, L50, M|\n|poke|p2|Charizard, L50, M|\n|poke|p2|Whimsicott, L50, F|\n|poke|p2|Garchomp, L50, F|\n|poke|p2|Venusaur, L50, F|\n|teampreview|4\n|inactive|Battle timer is ON: inactive players will automatically lose when time's up. (requested by jukasinjakudo)\n|\n|t:|1776091495\n|teamsize|p1|4\n|teamsize|p2|4\n|start\n|switch|p1a: Talonflame|Talonflame, L50, M|100/100\n|switch|p1b: Archaludon|Archaludon, L50, F|100/100\n|switch|p2a: Sneasler|Sneasler, L50, M|100/100\n|switch|p2b: Charizard|Charizard, L50, M|100/100\n|turn|1\n|inactive|jukasinjakudo has 30 seconds left.\n|inactive|iiApreachless has 30 seconds left.\n|inactive|iiApreachless has 20 seconds left.\n|inactive|iiApreachless has 15 seconds left.\n|\n|t:|1776091539\n|switch|p2b: Whimsicott|Whimsicott, L50, F|100/100\n|move|p1b: Archaludon|Protect|p1b: Archaludon\n|-singleturn|p1b: Archaludon|Protect\n|move|p1a: Talonflame|Upper Hand|p2a: Sneasler\n|-resisted|p2a: Sneasler|1\n|-damage|p2a: Sneasler|87/100\n|cant|p2a: Sneasler|flinch\n|\n|upkeep\n|turn|2\n|\n|t:|1776091564\n|move|p1a: Talonflame|Dual Wingbeat|p2b: Whimsicott\n|-supereffective|p2b: Whimsicott|1\n|-damage|p2b: Whimsicott|71/100\n|-supereffective|p2b: Whimsicott|1\n|-crit|p2b: Whimsicott\n|-damage|p2b: Whimsicott|26/100\n|-hitcount|p2b: Whimsicott|2\n|move|p2b: Whimsicott|Tailwind|p2b: Whimsicott\n|-sidestart|p2: iiApreachless|move: Tailwind\n|move|p2a: Sneasler|Close Combat|p1b: Archaludon\n|-supereffective|p1b: Archaludon|1\n|-damage|p1b: Archaludon|15/100\n|-unboost|p2a: Sneasler|def|1\n|-unboost|p2a: Sneasler|spd|1\n|-ability|p1b: Archaludon|Stamina|boost\n|-boost|p1b: Archaludon|def|1\n|-enditem|p2a: Sneasler|White Herb\n|-clearnegativeboost|p2a: Sneasler|[silent]\n|move|p1b: Archaludon|Flash Cannon|p2a: Sneasler\n|-damage|p2a: Sneasler|30/100\n|\n|-heal|p1b: Archaludon|21/100|[from] item: Leftovers\n|upkeep\n|turn|3\n|inactive|jukasinjakudo has 30 seconds left.\n|inactive|iiApreachless has 30 seconds left.\n|\n|t:|1776091598\n|move|p1b: Archaludon|Protect|p1b: Archaludon\n|-singleturn|p1b: Archaludon|Protect\n|move|p2b: Whimsicott|Encore|p1a: Talonflame\n|-start|p1a: Talonflame|Encore\n|move|p1a: Talonflame|Dual Wingbeat|p2b: Whimsicott\n|-supereffective|p2b: Whimsicott|1\n|-damage|p2b: Whimsicott|0 fnt\n|faint|p2b: Whimsicott\n|-hitcount|p2: Whimsicott|1\n|move|p2a: Sneasler|Close Combat|p1b: Archaludon\n|-activate|p1b: Archaludon|move: Protect\n|\n|-heal|p1b: Archaludon|28/100|[from] item: Leftovers\n|upkeep\n|\n|t:|1776091608\n|switch|p2b: Charizard|Charizard, L50, M|100/100\n|turn|4\n|\n|t:|1776091625\n|switch|p1b: Pelipper|Pelipper, L50, M|100/100\n|-weather|RainDance|[from] ability: Drizzle|[of] p1b: Pelipper\n|detailschange|p2b: Charizard|Charizard-Mega-Y, L50, M\n|-mega|p2b: Charizard|Charizard|Charizardite Y\n|-weather|SunnyDay|[from] ability: Drought|[of] p2b: Charizard\n|move|p1a: Talonflame|Dual Wingbeat|p2a: Sneasler\n|-supereffective|p2a: Sneasler|1\n|-damage|p2a: Sneasler|0 fnt\n|faint|p2a: Sneasler\n|-hitcount|p2: Sneasler|1\n|move|p2b: Charizard|Weather Ball|p1a: Talonflame\n|-resisted|p1a: Talonflame|1\n|-damage|p1a: Talonflame|19/100\n|\n|-weather|SunnyDay|[upkeep]\n|upkeep\n|\n|t:|1776091640\n|switch|p2a: Garchomp|Garchomp, L50, F|100/100\n|turn|5\n|\n|t:|1776091663\n|switch|p1a: Archaludon|Archaludon, L50, F|28/100\n|move|p1b: Pelipper|Wide Guard|p1b: Pelipper\n|-singleturn|p1b: Pelipper|Wide Guard\n|move|p2a: Garchomp|Dragon Claw|p1b: Pelipper\n|-damage|p1b: Pelipper|46/100\n|move|p2b: Charizard|Heat Wave|p1a: Archaludon|[spread] \n|-activate|p1a: Archaludon|move: Wide Guard\n|-activate|p1b: Pelipper|move: Wide Guard\n|\n|-weather|SunnyDay|[upkeep]\n|-heal|p1a: Archaludon|34/100|[from] item: Leftovers\n|-sideend|p2: iiApreachless|move: Tailwind\n|upkeep\n|turn|6\n|\n|t:|1776091675\n|switch|p1b: Talonflame|Talonflame, L50, M|19/100\n|move|p1a: Archaludon|Protect|p1a: Archaludon\n|-singleturn|p1a: Archaludon|Protect\n|move|p2a: Garchomp|Dragon Claw|p1b: Talonflame\n|-crit|p1b: Talonflame\n|-damage|p1b: Talonflame|0 fnt\n|faint|p1b: Talonflame\n|move|p2b: Charizard|Heat Wave|p1a: Archaludon\n|-activate|p1a: Archaludon|move: Protect\n|\n|-weather|SunnyDay|[upkeep]\n|-heal|p1a: Archaludon|40/100|[from] item: Leftovers\n|upkeep\n|\n|t:|1776091685\n|switch|p1b: Pelipper|Pelipper, L50, M|46/100\n|-weather|RainDance|[from] ability: Drizzle|[of] p1b: Pelipper\n|turn|7\n|\n|t:|1776091699\n|move|p2a: Garchomp|Dragon Claw|p1a: Archaludon\n|-damage|p1a: Archaludon|11/100\n|-ability|p1a: Archaludon|Stamina|boost\n|-boost|p1a: Archaludon|def|1\n|move|p2b: Charizard|Weather Ball|p1b: Pelipper\n|-resisted|p1b: Pelipper|1\n|-damage|p1b: Pelipper|0 fnt\n|faint|p1b: Pelipper\n|move|p1a: Archaludon|Electro Shot||[still]\n|-prepare|p1a: Archaludon|Electro Shot\n|-boost|p1a: Archaludon|spa|1\n|-anim|p1a: Archaludon|Electro Shot|p2b: Charizard\n|-supereffective|p2b: Charizard|1\n|-damage|p2b: Charizard|0 fnt\n|faint|p2b: Charizard\n|\n|-weather|RainDance|[upkeep]\n|-heal|p1a: Archaludon|18/100|[from] item: Leftovers\n|upkeep\n|\n|t:|1776091708\n|switch|p1b: Basculegion|Basculegion, L50, M|100/100\n|turn|8\n|\n|t:|1776091717\n|move|p1b: Basculegion|Wave Crash|p2a: Garchomp\n|-damage|p2a: Garchomp|0 fnt\n|-damage|p1b: Basculegion|88/100|[from] ability: Rough Skin|[of] p2a: Garchomp\n|faint|p2a: Garchomp\n|-damage|p1b: Basculegion|57/100|[from] Recoil\n|\n|win|jukasinjakudo\n|raw|jukasinjakudo's rating: 1276 &rarr; <strong>1307</strong><br />(+31 for winning)\n|raw|iiApreachless's rating: 1365 &rarr; <strong>1340</strong><br />(-25 for losing)\n|l|\u2606iiApreachless\n|player|p2|\n",
  "uploadtime": 1776091725,
  "views": 39,
  "formatid": "gen9championsvgc2026regma",
  "rating": 1307,
  "private": 0,
  "password": null
}