{
  "id": "gen9championsvgc2026regma-2582103259",
  "format": "[Gen 9 Champions] VGC 2026 Reg M-A",
  "players": [
    "CarajilloMan",
    "SpiderKash"
  ],
  "log": "|j|\u2606CarajilloMan\n|j|\u2606SpiderKash\n|t:|1776058268\n|gametype|doubles\n|player|p1|CarajilloMan|ninjaboy|1415\n|player|p2|SpiderKash|101|1533\n|gen|9\n|tier|[Gen 9 Champions] VGC 2026 Reg M-A\n|rated|\n|rule|Species Clause: Limit one of each Pok\u00e9mon\n|rule|Item Clause: Limit 1 of each item\n|clearpoke\n|poke|p1|Aggron, L50, M|\n|poke|p1|Sinistcha, L50|\n|poke|p1|Palafin, L50, F|\n|poke|p1|Incineroar, L50, M|\n|poke|p1|Dragapult, L50, F|\n|poke|p1|Glimmora, L50, M|\n|poke|p2|Incineroar, L50, F|\n|poke|p2|Whimsicott, L50, F|\n|poke|p2|Blastoise, L50, M|\n|poke|p2|Farigiraf, L50, M|\n|poke|p2|Aegislash, L50, F|\n|poke|p2|Dragonite, L50, M|\n|teampreview|4\n|inactive|Battle timer is ON: inactive players will automatically lose when time's up. (requested by SpiderKash)\n|\n|t:|1776058294\n|teamsize|p1|4\n|teamsize|p2|4\n|start\n|switch|p1a: Palafin|Palafin, L50, F|100/100\n|switch|p1b: Dragapult|Dragapult, L50, F|100/100\n|switch|p2a: Whimsicott|Whimsicott, L50, F|100/100\n|switch|p2b: Aegislash|Aegislash, L50, F|100/100\n|turn|1\n|\n|t:|1776058301\n|detailschange|p1a: Palafin|Palafin-Hero, L50, F\n|switch|p1a: Incineroar|Incineroar, L50, M|100/100\n|-ability|p1a: Incineroar|Intimidate|boost\n|-unboost|p2a: Whimsicott|atk|1\n|-unboost|p2b: Aegislash|atk|1\n|move|p2a: Whimsicott|Tailwind|p2a: Whimsicott\n|-sidestart|p2: SpiderKash|move: Tailwind\n|-formechange|p2b: Aegislash|Aegislash-Blade|\n|move|p2b: Aegislash|Shadow Ball|p1b: Dragapult\n|-supereffective|p1b: Dragapult|1\n|-damage|p1b: Dragapult|0 fnt\n|faint|p1b: Dragapult\n|\n|upkeep\n|\n|t:|1776058310\n|switch|p1b: Palafin|Palafin-Hero, L50, F|100/100\n|-activate|p1b: Palafin|ability: Zero to Hero\n|turn|2\n|\n|t:|1776058318\n|switch|p2a: Farigiraf|Farigiraf, L50, M|100/100\n|move|p2b: Aegislash|Shadow Ball|p1b: Palafin\n|-damage|p1b: Palafin|43/100\n|move|p1b: Palafin|Bulk Up|p1b: Palafin\n|-boost|p1b: Palafin|atk|1\n|-boost|p1b: Palafin|def|1\n|move|p1a: Incineroar|Flare Blitz|p2a: Farigiraf\n|-damage|p2a: Farigiraf|66/100\n|-damage|p1a: Incineroar|88/100|[from] Recoil\n|\n|-heal|p1b: Palafin|49/100|[from] item: Leftovers\n|upkeep\n|turn|3\n|\n|t:|1776058340\n|switch|p2a: Whimsicott|Whimsicott, L50, F|100/100\n|move|p1b: Palafin|Protect|p1b: Palafin\n|-singleturn|p1b: Palafin|Protect\n|move|p2b: Aegislash|Shadow Ball|p1b: Palafin\n|-activate|p1b: Palafin|move: Protect\n|move|p1a: Incineroar|Throat Chop|p2b: Aegislash\n|-supereffective|p2b: Aegislash|1\n|-damage|p2b: Aegislash|0 fnt\n|faint|p2b: Aegislash\n|\n|-heal|p1b: Palafin|55/100|[from] item: Leftovers\n|upkeep\n|j| Atlas191\n|\n|t:|1776058348\n|switch|p2b: Blastoise|Blastoise, L50, M|100/100\n|turn|4\n|l| Atlas191\n|\n|t:|1776058359\n|switch|p1a: Sinistcha|Sinistcha, L50|100/100\n|-heal|p1b: Palafin|80/100|[from] ability: Hospitality|[of] p1a: Sinistcha\n|detailschange|p2b: Blastoise|Blastoise-Mega, L50, M\n|-mega|p2b: Blastoise|Blastoise|Blastoisinite\n|move|p2a: Whimsicott|Encore|p1b: Palafin\n|-start|p1b: Palafin|Encore\n|move|p1b: Palafin|Protect||[still]\n|-fail|p1b: Palafin\n|move|p2b: Blastoise|Water Spout|p1b: Palafin|[spread] p1a,p1b\n|-resisted|p1a: Sinistcha|1\n|-resisted|p1b: Palafin|1\n|-damage|p1a: Sinistcha|70/100\n|-damage|p1b: Palafin|46/100\n|\n|-heal|p1b: Palafin|52/100|[from] item: Leftovers\n|-sideend|p2: SpiderKash|move: Tailwind\n|upkeep\n|turn|5\n|\n|t:|1776058383\n|move|p1b: Palafin|Protect|p1b: Palafin\n|-singleturn|p1b: Palafin|Protect\n|move|p2a: Whimsicott|Moonblast|p1a: Sinistcha\n|-damage|p1a: Sinistcha|31/100\n|-enditem|p1a: Sinistcha|Sitrus Berry|[eat]\n|-heal|p1a: Sinistcha|56/100|[from] item: Sitrus Berry\n|move|p2b: Blastoise|Dark Pulse|p1a: Sinistcha\n|-supereffective|p1a: Sinistcha|1\n|-crit|p1a: Sinistcha\n|-damage|p1a: Sinistcha|0 fnt\n|faint|p1a: Sinistcha\n|\n|-heal|p1b: Palafin|58/100|[from] item: Leftovers\n|upkeep\n|\n|t:|1776058391\n|switch|p1a: Incineroar|Incineroar, L50, M|88/100\n|-ability|p1a: Incineroar|Intimidate|boost\n|-unboost|p2a: Whimsicott|atk|1\n|-unboost|p2b: Blastoise|atk|1\n|turn|6\n|-message|CarajilloMan forfeited.\n|\n|win|SpiderKash\n|raw|CarajilloMan's rating: 1415 &rarr; <strong>1402</strong><br />(-13 for losing)\n|raw|SpiderKash's rating: 1533 &rarr; <strong>1546</strong><br />(+13 for winning)\n|l|\u2606CarajilloMan\n|player|p1|\n",
  "uploadtime": 1776058421,
  "views": 138,
  "formatid": "gen9championsvgc2026regma",
  "rating": 1402,
  "private": 0,
  "password": null
}