{
  "id": "gen9championsvgc2026regma-2586227723",
  "format": "[Gen 9 Champions] VGC 2026 Reg M-A",
  "players": [
    "AAAlelele",
    "Lesuu"
  ],
  "log": "|j|\u2606AAAlelele\n|j|\u2606Lesuu\n|t:|1776414810\n|gametype|doubles\n|player|p1|AAAlelele|ninjaboy|1233\n|player|p2|Lesuu|169|1298\n|gen|9\n|tier|[Gen 9 Champions] VGC 2026 Reg M-A\n|rated|\n|rule|Species Clause: Limit one of each Pok\u00e9mon\n|rule|Item Clause: Limit 1 of each item\n|clearpoke\n|poke|p1|Floette-Eternal, L50, F|\n|poke|p1|Sneasler, L50, M|\n|poke|p1|Kingambit, L50, F|\n|poke|p1|Farigiraf, L50, F|\n|poke|p1|Camerupt, L50, F|\n|poke|p1|Rotom-Heat, L50|\n|poke|p2|Chimecho, L50, F|\n|poke|p2|Tyranitar, L50, M|\n|poke|p2|Kommo-o, L50, M|\n|poke|p2|Incineroar, L50, F|\n|poke|p2|Sinistcha, L50|\n|poke|p2|Farigiraf, L50, F|\n|teampreview|4\n|\n|t:|1776414843\n|teamsize|p1|4\n|teamsize|p2|4\n|start\n|switch|p1a: Sneasler|Sneasler, L50, M|100/100\n|switch|p1b: Rotom|Rotom-Heat, L50|100/100\n|switch|p2a: Kommo-o|Kommo-o, L50, M|100/100\n|switch|p2b: Farigiraf|Farigiraf, L50, F|100/100\n|turn|1\n|\n|t:|1776414861\n|move|p2a: Kommo-o|Upper Hand||[still]\n|-fail|p2a: Kommo-o\n|move|p1b: Rotom|Trick|p2a: Kommo-o\n|-activate|p1b: Rotom|move: Trick|[of] p2a: Kommo-o\n|-item|p2a: Kommo-o|Choice Scarf|[from] move: Trick\n|-item|p1b: Rotom|Dragon Fang|[from] move: Trick\n|move|p1a: Sneasler|Close Combat|p2b: Farigiraf\n|-damage|p2b: Farigiraf|50/100\n|-unboost|p1a: Sneasler|def|1\n|-unboost|p1a: Sneasler|spd|1\n|-enditem|p1a: Sneasler|White Herb\n|-clearnegativeboost|p1a: Sneasler|[silent]\n|move|p2b: Farigiraf|Trick Room|p2b: Farigiraf\n|-fieldstart|move: Trick Room|[of] p2b: Farigiraf\n|\n|upkeep\n|turn|2\n|\n|t:|1776414885\n|move|p2b: Farigiraf|Psychic|p1a: Sneasler\n|-supereffective|p1a: Sneasler|2\n|-damage|p1a: Sneasler|0 fnt\n|faint|p1a: Sneasler\n|move|p2a: Kommo-o|Clanging Scales|p1b: Rotom\n|-damage|p1b: Rotom|24/100\n|-unboost|p2a: Kommo-o|def|1\n|move|p1b: Rotom|Volt Switch|p2b: Farigiraf\n|-damage|p2b: Farigiraf|24/100\n|\n|t:|1776414899\n|switch|p1b: Kingambit|Kingambit, L50, F|100/100|[from] Volt Switch\n|\n|upkeep\n|\n|t:|1776414903\n|switch|p1a: Floette|Floette-Eternal, L50, F|100/100\n|turn|3\n|\n|t:|1776414938\n|switch|p2a: Tyranitar|Tyranitar, L50, M|100/100\n|-weather|Sandstorm|[from] ability: Sand Stream|[of] p2a: Tyranitar\n|detailschange|p1a: Floette|Floette-Mega, L50, F\n|-mega|p1a: Floette|Floette|Floettite\n|-ability|p1a: Floette|Fairy Aura\n|move|p1b: Kingambit|Iron Head|p2b: Farigiraf\n|-damage|p2b: Farigiraf|0 fnt\n|faint|p2b: Farigiraf\n|move|p1a: Floette|Dazzling Gleam|p2a: Tyranitar\n|-supereffective|p2a: Tyranitar|1\n|-damage|p2a: Tyranitar|25/100\n|\n|-weather|Sandstorm|[upkeep]\n|-damage|p1a: Floette|95/100|[from] Sandstorm\n|upkeep\n|\n|t:|1776414953\n|switch|p2b: Chimecho|Chimecho, L50, F|100/100\n|turn|4\n|\n|t:|1776414969\n|detailschange|p2b: Chimecho|Chimecho-Mega, L50, F\n|-mega|p2b: Chimecho|Chimecho|Chimechite\n|move|p2a: Tyranitar|Protect|p2a: Tyranitar\n|-singleturn|p2a: Tyranitar|Protect\n|move|p1b: Kingambit|Iron Head|p2a: Tyranitar\n|-activate|p2a: Tyranitar|move: Protect\n|move|p2b: Chimecho|Calm Mind|p2b: Chimecho\n|-boost|p2b: Chimecho|spa|1\n|-boost|p2b: Chimecho|spd|1\n|move|p1a: Floette|Moonblast|p2b: Chimecho\n|-resisted|p2b: Chimecho|1\n|-damage|p2b: Chimecho|78/100\n|-unboost|p2b: Chimecho|spa|1\n|\n|-weather|Sandstorm|[upkeep]\n|-damage|p1a: Floette|89/100|[from] Sandstorm\n|upkeep\n|turn|5\n|\n|t:|1776414998\n|switch|p2a: Kommo-o|Kommo-o, L50, M|100/100\n|move|p1b: Kingambit|Iron Head|p2a: Kommo-o\n|-damage|p2a: Kommo-o|64/100\n|move|p2b: Chimecho|Flash Cannon|p1a: Floette\n|-supereffective|p1a: Floette|1\n|-damage|p1a: Floette|8/100\n|move|p1a: Floette|Moonblast|p2b: Chimecho\n|-resisted|p2b: Chimecho|1\n|-damage|p2b: Chimecho|57/100\n|\n|-weather|Sandstorm|[upkeep]\n|-damage|p2a: Kommo-o|58/100|[from] Sandstorm\n|-damage|p1a: Floette|2/100|[from] Sandstorm\n|-fieldend|move: Trick Room\n|upkeep\n|turn|6\n|\n|t:|1776415037\n|move|p2a: Kommo-o|Protect|p2a: Kommo-o\n|-singleturn|p2a: Kommo-o|Protect\n|move|p2b: Chimecho|Protect|p2b: Chimecho\n|-singleturn|p2b: Chimecho|Protect\n|move|p1b: Kingambit|Protect|p1b: Kingambit\n|-singleturn|p1b: Kingambit|Protect\n|move|p1a: Floette|Dazzling Gleam|p2b: Chimecho|[spread] \n|-activate|p2a: Kommo-o|move: Protect\n|-activate|p2b: Chimecho|move: Protect\n|\n|-weather|Sandstorm|[upkeep]\n|-damage|p1a: Floette|0 fnt|[from] Sandstorm\n|-damage|p2a: Kommo-o|52/100|[from] Sandstorm\n|faint|p1a: Floette\n|upkeep\n|\n|t:|1776415041\n|switch|p1a: Rotom|Rotom-Heat, L50|24/100\n|turn|7\n|\n|t:|1776415062\n|switch|p2a: Tyranitar|Tyranitar, L50, M|25/100\n|move|p1b: Kingambit|Sucker Punch||[still]\n|-fail|p1b: Kingambit\n|move|p1a: Rotom|Thunderbolt|p2b: Chimecho\n|-damage|p2b: Chimecho|32/100\n|move|p2b: Chimecho|Calm Mind|p2b: Chimecho\n|-boost|p2b: Chimecho|spa|1\n|-boost|p2b: Chimecho|spd|1\n|\n|-weather|none\n|upkeep\n|turn|8\n|\n|t:|1776415101\n|move|p1b: Kingambit|Sucker Punch|p2b: Chimecho\n|-supereffective|p2b: Chimecho|1\n|-damage|p2b: Chimecho|0 fnt\n|faint|p2b: Chimecho\n|move|p1a: Rotom|Thunderbolt|p2a: Tyranitar\n|-damage|p2a: Tyranitar|0 fnt\n|faint|p2a: Tyranitar\n|\n|upkeep\n|\n|t:|1776415113\n|switch|p2a: Kommo-o|Kommo-o, L50, M|52/100\n|turn|9\n|\n|t:|1776415122\n|move|p1b: Kingambit|Protect|p1b: Kingambit\n|-singleturn|p1b: Kingambit|Protect\n|move|p1a: Rotom|Overheat|p2a: Kommo-o\n|-resisted|p2a: Kommo-o|1\n|-damage|p2a: Kommo-o|25/100\n|-unboost|p1a: Rotom|spa|2\n|move|p2a: Kommo-o|Clanging Scales|p1a: Rotom|[spread] p1a\n|-activate|p1b: Kingambit|move: Protect\n|-damage|p1a: Rotom|0 fnt\n|faint|p1a: Rotom\n|-unboost|p2a: Kommo-o|def|1\n|\n|upkeep\n|turn|10\n|\n|t:|1776415136\n|move|p1b: Kingambit|Sucker Punch|p2a: Kommo-o\n|-resisted|p2a: Kommo-o|1\n|-damage|p2a: Kommo-o|0 fnt\n|faint|p2a: Kommo-o\n|\n|win|AAAlelele\n|raw|AAAlelele's rating: 1233 &rarr; <strong>1263</strong><br />(+30 for winning)\n|raw|Lesuu's rating: 1298 &rarr; <strong>1268</strong><br />(-30 for losing)\n|l|\u2606Lesuu\n|player|p2|\n",
  "uploadtime": 1776415150,
  "views": 34,
  "formatid": "gen9championsvgc2026regma",
  "rating": 1263,
  "private": 0,
  "password": null
}