{
  "id": "gen9championsvgc2026regma-2588858949",
  "format": "[Gen 9 Champions] VGC 2026 Reg M-A",
  "players": [
    "aberrantologist",
    "el choro 37"
  ],
  "log": "|j|\u2606aberrantologist\n|j|\u2606el choro 37\n|t:|1776679402\n|gametype|doubles\n|player|p1|aberrantologist|pokemaniac|1073\n|player|p2|el choro 37|cyrus|1041\n|gen|9\n|tier|[Gen 9 Champions] VGC 2026 Reg M-A\n|rated|\n|rule|Species Clause: Limit one of each Pok\u00e9mon\n|rule|Item Clause: Limit 1 of each item\n|clearpoke\n|poke|p1|Alcremie, L50, F, shiny|\n|poke|p1|Greninja, L50, M, shiny|\n|poke|p1|Garchomp, L50, M, shiny|\n|poke|p1|Whimsicott, L50, F|\n|poke|p1|Corviknight, L50, M, shiny|\n|poke|p1|Sneasler, L50, M, shiny|\n|poke|p2|Beedrill, L50, M|\n|poke|p2|Aegislash, L50, M|\n|poke|p2|Rotom-Wash, L50|\n|poke|p2|Incineroar, L50, M|\n|poke|p2|Sneasler, L50, M|\n|poke|p2|Whimsicott, L50, F|\n|teampreview|4\n|\n|t:|1776679439\n|teamsize|p1|4\n|teamsize|p2|4\n|start\n|switch|p1a: Whimsicott|Whimsicott, L50, F|100/100\n|switch|p1b: Garchomp|Garchomp, L50, M, shiny|100/100\n|switch|p2a: Vitor Roque|Incineroar, L50, M|100/100\n|switch|p2b: Traicionaro|Beedrill, L50, M|100/100\n|-ability|p2a: Vitor Roque|Intimidate|boost\n|-unboost|p1a: Whimsicott|atk|1\n|-unboost|p1b: Garchomp|atk|1\n|turn|1\n|\n|t:|1776679446\n|detailschange|p2b: Traicionaro|Beedrill-Mega, L50, M\n|-mega|p2b: Traicionaro|Beedrill|Beedrillite\n|move|p2a: Vitor Roque|Fake Out|p1a: Whimsicott\n|-damage|p1a: Whimsicott|83/100\n|cant|p1a: Whimsicott|flinch\n|move|p1b: Garchomp|Rock Slide|p2a: Vitor Roque|[spread] p2a,p2b\n|-supereffective|p2a: Vitor Roque|1\n|-crit|p2a: Vitor Roque\n|-supereffective|p2b: Traicionaro|1\n|-damage|p2a: Vitor Roque|44/100\n|-damage|p2b: Traicionaro|34/100\n|move|p2b: Traicionaro|Poison Jab|p1a: Whimsicott\n|-supereffective|p1a: Whimsicott|2\n|-damage|p1a: Whimsicott|0 fnt\n|faint|p1a: Whimsicott\n|\n|upkeep\n|\n|t:|1776679471\n|switch|p1a: Alcremie|Alcremie, L50, F, shiny|100/100\n|turn|2\n|\n|t:|1776679476\n|switch|p2b: Marie Curie|Whimsicott, L50, F|100/100\n|switch|p2a: Centinela|Aegislash, L50, M|100/100\n|move|p1b: Garchomp|Rock Slide|p2b: Marie Curie|[spread] p2a,p2b\n|-resisted|p2a: Centinela|1\n|-damage|p2a: Centinela|96/100\n|-damage|p2b: Marie Curie|82/100\n|move|p1a: Alcremie|Decorate|p1b: Garchomp\n|-boost|p1b: Garchomp|atk|2\n|-boost|p1b: Garchomp|spa|2\n|\n|-heal|p2a: Centinela|100/100|[from] item: Leftovers\n|upkeep\n|turn|3\n|\n|t:|1776679503\n|switch|p1b: Greninja|Greninja, L50, M, shiny|100/100\n|move|p2b: Marie Curie|Stun Spore|p1b: Greninja\n|-hint|Since gen 7, Dark is immune to Prankster moves.\n|-immune|p1b: Greninja\n|move|p1a: Alcremie|Decorate|p1b: Greninja\n|-boost|p1b: Greninja|atk|2\n|-boost|p1b: Greninja|spa|2\n|move|p2a: Centinela|Swords Dance|p2a: Centinela\n|-boost|p2a: Centinela|atk|2\n|\n|upkeep\n|turn|4\n|\n|t:|1776679522\n|detailschange|p1b: Greninja|Greninja-Mega, L50, M, shiny\n|-mega|p1b: Greninja|Greninja|Greninjite\n|move|p1b: Greninja|Surf|p2b: Marie Curie|[spread] p1a,p2a,p2b\n|-start|p1b: Greninja|typechange|Water|[from] ability: Protean\n|-resisted|p2b: Marie Curie|1\n|-damage|p1a: Alcremie|39/100\n|-damage|p2a: Centinela|41/100\n|-damage|p2b: Marie Curie|24/100\n|-enditem|p1a: Alcremie|Sitrus Berry|[eat]\n|-heal|p1a: Alcremie|64/100|[from] item: Sitrus Berry\n|move|p2b: Marie Curie|Moonblast|p1b: Greninja\n|-damage|p1b: Greninja|49/100\n|move|p1a: Alcremie|Decorate|p1b: Greninja\n|-boost|p1b: Greninja|atk|2\n|-boost|p1b: Greninja|spa|2\n|-formechange|p2a: Centinela|Aegislash-Blade|\n|move|p2a: Centinela|Close Combat|p1b: Greninja\n|-damage|p1b: Greninja|0 fnt\n|-unboost|p2a: Centinela|def|1\n|-unboost|p2a: Centinela|spd|1\n|faint|p1b: Greninja\n|\n|-heal|p2a: Centinela|47/100|[from] item: Leftovers\n|upkeep\n|\n|t:|1776679539\n|switch|p1b: Garchomp|Garchomp, L50, M, shiny|100/100\n|turn|5\n|\n|t:|1776679546\n|-formechange|p2a: Centinela|Aegislash|\n|move|p2a: Centinela|King's Shield|p2a: Centinela\n|-singleturn|p2a: Centinela|Protect\n|move|p2b: Marie Curie|Stun Spore|p1b: Garchomp\n|-status|p1b: Garchomp|par\n|move|p1b: Garchomp|Earthquake|p2b: Marie Curie|[spread] p1a,p2b\n|-activate|p2a: Centinela|move: Protect\n|-resisted|p2b: Marie Curie|1\n|-damage|p1a: Alcremie|32/100\n|-damage|p2b: Marie Curie|0 fnt\n|faint|p2b: Marie Curie\n|move|p1a: Alcremie|Decorate|p1b: Garchomp\n|-boost|p1b: Garchomp|atk|2\n|-boost|p1b: Garchomp|spa|2\n|\n|-heal|p2a: Centinela|53/100|[from] item: Leftovers\n|upkeep\n|\n|t:|1776679557\n|switch|p2b: Vitor Roque|Incineroar, L50, M|44/100\n|-ability|p2b: Vitor Roque|Intimidate|boost\n|-unboost|p1a: Alcremie|atk|1\n|-unboost|p1b: Garchomp|atk|1\n|turn|6\n|\n|t:|1776679563\n|move|p2b: Vitor Roque|Fake Out|p1b: Garchomp\n|-damage|p1b: Garchomp|88/100 par\n|cant|p1b: Garchomp|flinch\n|move|p1a: Alcremie|Decorate|p1b: Garchomp\n|-boost|p1b: Garchomp|atk|2\n|-boost|p1b: Garchomp|spa|2\n|-formechange|p2a: Centinela|Aegislash-Blade|\n|move|p2a: Centinela|Close Combat|p1b: Garchomp\n|-damage|p1b: Garchomp|0 fnt\n|-unboost|p2a: Centinela|def|1\n|-unboost|p2a: Centinela|spd|1\n|faint|p1b: Garchomp\n|\n|-heal|p2a: Centinela|59/100|[from] item: Leftovers\n|upkeep\n|turn|7\n|\n|t:|1776679579\n|move|p2a: Centinela|Shadow Sneak|p1a: Alcremie\n|-damage|p1a: Alcremie|0 fnt\n|faint|p1a: Alcremie\n|\n|win|el choro 37\n|raw|aberrantologist's rating: 1073 &rarr; <strong>1050</strong><br />(-23 for losing)\n|raw|el choro 37's rating: 1041 &rarr; <strong>1078</strong><br />(+37 for winning)\n",
  "uploadtime": 1776679583,
  "views": 9,
  "formatid": "gen9championsvgc2026regma",
  "rating": 1050,
  "private": 0,
  "password": null
}