{
  "id": "gen9championsvgc2026regma-2584825083",
  "format": "[Gen 9 Champions] VGC 2026 Reg M-A",
  "players": [
    "Birdcritta",
    "sparkelzlol"
  ],
  "log": "|j|\u2606Birdcritta\n|j|\u2606sparkelzlol\n|t:|1776286513\n|gametype|doubles\n|player|p1|Birdcritta|101|1234\n|player|p2|sparkelzlol|riley|1234\n|gen|9\n|tier|[Gen 9 Champions] VGC 2026 Reg M-A\n|rated|\n|rule|Species Clause: Limit one of each Pok\u00e9mon\n|rule|Item Clause: Limit 1 of each item\n|clearpoke\n|poke|p1|Milotic, L50, F|\n|poke|p1|Tyranitar, L50, F|\n|poke|p1|Garchomp, L50, M|\n|poke|p1|Sinistcha, L50|\n|poke|p1|Corviknight, L50, F|\n|poke|p1|Basculegion, L50, M|\n|poke|p2|Aggron, L50, M|\n|poke|p2|Aerodactyl, L50, M|\n|poke|p2|Sinistcha, L50|\n|poke|p2|Milotic, L50, F|\n|poke|p2|Meowscarada, L50, M|\n|poke|p2|Rotom-Wash, L50|\n|teampreview|4\n|inactive|Battle timer is ON: inactive players will automatically lose when time's up. (requested by sparkelzlol)\n|inactive|Birdcritta has 60 seconds left.\n|\n|t:|1776286549\n|teamsize|p1|4\n|teamsize|p2|4\n|start\n|switch|p1a: Corviknight|Corviknight, L50, F|100/100\n|switch|p1b: Sinistcha|Sinistcha, L50|100/100\n|switch|p2a: Rotom|Rotom-Wash, L50|100/100\n|switch|p2b: Meowscarada|Meowscarada, L50, M|100/100\n|turn|1\n|inactive|Birdcritta has 30 seconds left.\n|\n|t:|1776286578\n|switch|p1a: Garchomp|Garchomp, L50, M, shiny|100/100\n|switch|p1b: Tyranitar|Tyranitar, L50, F|100/100\n|-weather|Sandstorm|[from] ability: Sand Stream|[of] p1b: Tyranitar\n|move|p2a: Rotom|Volt Switch|p1a: Garchomp\n|-immune|p1a: Garchomp\n|move|p2b: Meowscarada|Knock Off|p1b: Tyranitar\n|-start|p2b: Meowscarada|typechange|Dark|[from] ability: Protean\n|-resisted|p1b: Tyranitar|1\n|-damage|p1b: Tyranitar|83/100\n|\n|-weather|Sandstorm|[upkeep]\n|-damage|p2a: Rotom|95/100|[from] Sandstorm\n|-damage|p2b: Meowscarada|95/100|[from] Sandstorm\n|upkeep\n|turn|2\n|\n|t:|1776286595\n|detailschange|p1b: Tyranitar|Tyranitar-Mega, L50, F\n|-mega|p1b: Tyranitar|Tyranitar|Tyranitarite\n|move|p2a: Rotom|Volt Switch|p1b: Tyranitar\n|-damage|p1b: Tyranitar|66/100\n|\n|t:|1776286600\n|switch|p2a: Sinistcha|Sinistcha, L50|100/100|[from] Volt Switch\n|-heal|p2b: Meowscarada|100/100|[from] ability: Hospitality|[of] p2a: Sinistcha\n|move|p2b: Meowscarada|Triple Axel|p1a: Garchomp\n|-supereffective|p1a: Garchomp|2\n|-damage|p1a: Garchomp|75/100\n|-supereffective|p1a: Garchomp|2\n|-damage|p1a: Garchomp|31/100\n|-supereffective|p1a: Garchomp|2\n|-damage|p1a: Garchomp|0 fnt\n|faint|p1a: Garchomp\n|-hitcount|p1: Garchomp|3\n|move|p1b: Tyranitar|Dragon Dance|p1b: Tyranitar\n|-boost|p1b: Tyranitar|atk|1\n|-boost|p1b: Tyranitar|spe|1\n|\n|-weather|Sandstorm|[upkeep]\n|-damage|p2b: Meowscarada|95/100|[from] Sandstorm\n|-damage|p2a: Sinistcha|94/100|[from] Sandstorm\n|upkeep\n|\n|t:|1776286618\n|switch|p1a: Sinistcha|Sinistcha, L50|100/100\n|-heal|p1b: Tyranitar|91/100|[from] ability: Hospitality|[of] p1a: Sinistcha\n|turn|3\n|\n|t:|1776286630\n|move|p2a: Sinistcha|Protect|p2a: Sinistcha\n|-singleturn|p2a: Sinistcha|Protect\n|move|p2b: Meowscarada|Knock Off|p1a: Sinistcha\n|-supereffective|p1a: Sinistcha|1\n|-damage|p1a: Sinistcha|0 fnt\n|-enditem|p1a: Sinistcha|Mental Herb|[from] move: Knock Off|[of] p2b: Meowscarada\n|faint|p1a: Sinistcha\n|move|p1b: Tyranitar|Crunch|p2a: Sinistcha\n|-activate|p2a: Sinistcha|move: Protect\n|\n|-weather|Sandstorm|[upkeep]\n|-damage|p2b: Meowscarada|89/100|[from] Sandstorm\n|-damage|p2a: Sinistcha|88/100|[from] Sandstorm\n|upkeep\n|\n|t:|1776286632\n|switch|p1a: Corviknight|Corviknight, L50, F|100/100\n|turn|4\n|\n|t:|1776286649\n|move|p2b: Meowscarada|Flower Trick|p1b: Tyranitar\n|-supereffective|p1b: Tyranitar|1\n|-crit|p1b: Tyranitar\n|-damage|p1b: Tyranitar|46/100\n|move|p1b: Tyranitar|Thunder Wave|p2b: Meowscarada\n|-status|p2b: Meowscarada|par\n|move|p1a: Corviknight|Bulk Up|p1a: Corviknight\n|-boost|p1a: Corviknight|atk|1\n|-boost|p1a: Corviknight|def|1\n|move|p2a: Sinistcha|Life Dew|p2a: Sinistcha|[spread] p2a,p2b\n|-heal|p2a: Sinistcha|100/100\n|-heal|p2b: Meowscarada|100/100 par\n|\n|-weather|Sandstorm|[upkeep]\n|-damage|p2b: Meowscarada|95/100 par|[from] Sandstorm\n|-damage|p2a: Sinistcha|94/100|[from] Sandstorm\n|upkeep\n|turn|5\n|\n|t:|1776286668\n|move|p1b: Tyranitar|Dragon Dance|p1b: Tyranitar\n|-boost|p1b: Tyranitar|atk|1\n|-boost|p1b: Tyranitar|spe|1\n|move|p2b: Meowscarada|Flower Trick|p1b: Tyranitar\n|-supereffective|p1b: Tyranitar|1\n|-crit|p1b: Tyranitar\n|-damage|p1b: Tyranitar|0 fnt\n|faint|p1b: Tyranitar\n|move|p1a: Corviknight|Body Press|p2b: Meowscarada\n|-supereffective|p2b: Meowscarada|1\n|-damage|p2b: Meowscarada|0 fnt\n|faint|p2b: Meowscarada\n|move|p2a: Sinistcha|Matcha Gotcha|p1a: Corviknight\n|-resisted|p1a: Corviknight|2\n|-damage|p1a: Corviknight|93/100\n|-heal|p2a: Sinistcha|99/100|[from] drain|[of] p1a: Corviknight\n|\n|-weather|none\n|upkeep\n|\n|t:|1776286676\n|switch|p2b: Rotom|Rotom-Wash, L50|95/100\n|turn|6\n|\n|t:|1776286683\n|move|p2b: Rotom|Volt Switch|p1a: Corviknight\n|-supereffective|p1a: Corviknight|1\n|-damage|p1a: Corviknight|40/100\n|-enditem|p1a: Corviknight|Sitrus Berry|[eat]\n|-heal|p1a: Corviknight|65/100|[from] item: Sitrus Berry\n|\n|t:|1776286686\n|switch|p2b: Aggron|Aggron, L50, M, shiny|100/100|[from] Volt Switch\n|move|p1a: Corviknight|Brave Bird|p2a: Sinistcha\n|-supereffective|p2a: Sinistcha|1\n|-damage|p2a: Sinistcha|0 fnt\n|faint|p2a: Sinistcha\n|-damage|p1a: Corviknight|35/100|[from] Recoil\n|\n|upkeep\n|\n|t:|1776286691\n|switch|p2a: Rotom|Rotom-Wash, L50|95/100\n|turn|7\n|\n|t:|1776286695\n|detailschange|p2b: Aggron|Aggron-Mega, L50, M, shiny\n|-mega|p2b: Aggron|Aggron|Aggronite\n|move|p2a: Rotom|Volt Switch|p1a: Corviknight\n|-supereffective|p1a: Corviknight|1\n|-damage|p1a: Corviknight|0 fnt\n|faint|p1a: Corviknight\n|\n|win|sparkelzlol\n|raw|Birdcritta's rating: 1234 &rarr; <strong>1209</strong><br />(-25 for losing)\n|raw|sparkelzlol's rating: 1234 &rarr; <strong>1259</strong><br />(+25 for winning)\n|l|\u2606Birdcritta\n|player|p1|\n",
  "uploadtime": 1776286701,
  "views": 30,
  "formatid": "gen9championsvgc2026regma",
  "rating": 1209,
  "private": 0,
  "password": null
}