{
  "id": "gen9championsvgc2026regma-2586772345",
  "format": "[Gen 9 Champions] VGC 2026 Reg M-A",
  "players": [
    "Tigoazulfofo",
    "Yaoshi"
  ],
  "log": "|j|\u2606Tigoazulfofo\n|j|\u2606Yaoshi\n|t:|1776458697\n|gametype|doubles\n|player|p1|Tigoazulfofo|volkner|1073\n|player|p2|Yaoshi|steven-masters3|1119\n|gen|9\n|tier|[Gen 9 Champions] VGC 2026 Reg M-A\n|rated|\n|rule|Species Clause: Limit one of each Pok\u00e9mon\n|rule|Item Clause: Limit 1 of each item\n|clearpoke\n|poke|p1|Floette-Eternal, L50, F|\n|poke|p1|Mimikyu, L50, F|\n|poke|p1|Chandelure, L50, F|\n|poke|p1|Sneasler, L50, F|\n|poke|p1|Sinistcha, L50|\n|poke|p1|Florges-White, L50, F|\n|poke|p2|Ampharos, L50, F|\n|poke|p2|Reuniclus, L50, M|\n|poke|p2|Cofagrigus, L50, F|\n|poke|p2|Rampardos, L50, M|\n|poke|p2|Crabominable, L50, M|\n|poke|p2|Ninetales-Alola, L50, F|\n|teampreview|4\n|inactive|Battle timer is ON: inactive players will automatically lose when time's up. (requested by Yaoshi)\n|inactive|Tigoazulfofo has 60 seconds left.\n|\n|t:|1776458743\n|teamsize|p1|4\n|teamsize|p2|4\n|start\n|switch|p1a: Floette|Floette-Eternal, L50, F|100/100\n|switch|p1b: Sneasler|Sneasler, L50, F|100/100\n|switch|p2a: Cofagrigus|Cofagrigus, L50, F, shiny|100/100\n|switch|p2b: Rampardos|Rampardos, L50, M, shiny|100/100\n|-ability|p1b: Sneasler|Pressure\n|-ability|p2b: Rampardos|Mold Breaker\n|turn|1\n|\n|t:|1776458754\n|detailschange|p1a: Floette|Floette-Mega, L50, F\n|-mega|p1a: Floette|Floette|Floettite\n|-ability|p1a: Floette|Fairy Aura\n|move|p2b: Rampardos|Protect|p2b: Rampardos\n|-singleturn|p2b: Rampardos|Protect\n|move|p1b: Sneasler|Fake Out|p2b: Rampardos\n|-activate|p2b: Rampardos|move: Protect\n|move|p1a: Floette|Calm Mind|p1a: Floette\n|-boost|p1a: Floette|spa|1\n|-boost|p1a: Floette|spd|1\n|move|p2a: Cofagrigus|Trick Room|p2a: Cofagrigus\n|-fieldstart|move: Trick Room|[of] p2a: Cofagrigus\n|\n|upkeep\n|turn|2\n|\n|t:|1776458770\n|move|p2a: Cofagrigus|Will-O-Wisp|p1b: Sneasler\n|-status|p1b: Sneasler|brn\n|move|p2b: Rampardos|Rock Slide|p1b: Sneasler|[spread] p1a,p1b\n|-resisted|p1b: Sneasler|1\n|-damage|p1a: Floette|44/100\n|-damage|p1b: Sneasler|73/100 brn\n|move|p1b: Sneasler|Close Combat|p2b: Rampardos\n|-supereffective|p2b: Rampardos|1\n|-damage|p2b: Rampardos|6/100\n|-unboost|p1b: Sneasler|def|1\n|-unboost|p1b: Sneasler|spd|1\n|-enditem|p1b: Sneasler|White Herb\n|-clearnegativeboost|p1b: Sneasler|[silent]\n|cant|p1a: Floette|flinch\n|\n|-damage|p1b: Sneasler|67/100 brn|[from] brn\n|upkeep\n|turn|3\n|\n|t:|1776458792\n|move|p2a: Cofagrigus|Shadow Ball|p1b: Sneasler\n|-damage|p1b: Sneasler|35/100 brn\n|move|p2b: Rampardos|Rock Slide|p1a: Floette|[spread] p1a,p1b\n|-crit|p1a: Floette\n|-resisted|p1b: Sneasler|1\n|-damage|p1a: Floette|0 fnt\n|-damage|p1b: Sneasler|6/100 brn\n|faint|p1a: Floette\n|cant|p1b: Sneasler|flinch\n|\n|-damage|p1b: Sneasler|0 fnt|[from] brn\n|faint|p1b: Sneasler\n|upkeep\n|\n|t:|1776458803\n|switch|p1b: Sinistcha|Sinistcha, L50|100/100\n|switch|p1a: Chandelure|Chandelure, L50, F|100/100\n|turn|4\n|\n|t:|1776458810\n|move|p1a: Chandelure|Protect|p1a: Chandelure\n|-singleturn|p1a: Chandelure|Protect\n|move|p2a: Cofagrigus|Shadow Ball|p1b: Sinistcha\n|-supereffective|p1b: Sinistcha|1\n|-damage|p1b: Sinistcha|49/100\n|move|p2b: Rampardos|Rock Slide|p1b: Sinistcha|[spread] p1b\n|-activate|p1a: Chandelure|move: Protect\n|-damage|p1b: Sinistcha|10/100\n|cant|p1b: Sinistcha|flinch\n|\n|upkeep\n|turn|5\n|c|\u2606Yaoshi|ggs\n|\n|t:|1776458828\n|move|p1b: Sinistcha|Protect|p1b: Sinistcha\n|-singleturn|p1b: Sinistcha|Protect\n|move|p2a: Cofagrigus|Shadow Ball|p1b: Sinistcha\n|-activate|p1b: Sinistcha|move: Protect\n|move|p2b: Rampardos|Rock Slide|p1a: Chandelure|[spread] p1a\n|-activate|p1b: Sinistcha|move: Protect\n|-supereffective|p1a: Chandelure|1\n|-damage|p1a: Chandelure|0 fnt\n|faint|p1a: Chandelure\n|\n|-fieldend|move: Trick Room\n|upkeep\n|turn|6\n|\n|t:|1776458845\n|move|p2b: Rampardos|Protect|p2b: Rampardos\n|-singleturn|p2b: Rampardos|Protect\n|move|p1b: Sinistcha|Matcha Gotcha|p2a: Cofagrigus|[spread] p2a\n|-activate|p2b: Rampardos|move: Protect\n|-damage|p2a: Cofagrigus|70/100\n|-heal|p1b: Sinistcha|25/100|[from] drain|[of] p2a: Cofagrigus\n|move|p2a: Cofagrigus|Trick Room|p2a: Cofagrigus\n|-fieldstart|move: Trick Room|[of] p2a: Cofagrigus\n|\n|upkeep\n|turn|7\n|-message|Tigoazulfofo forfeited.\n|\n|win|Yaoshi\n|raw|Tigoazulfofo's rating: 1073 &rarr; <strong>1055</strong><br />(-18 for losing)\n|raw|Yaoshi's rating: 1119 &rarr; <strong>1141</strong><br />(+22 for winning)\n|l|\u2606Tigoazulfofo\n|player|p1|\n",
  "uploadtime": 1776458853,
  "views": 26,
  "formatid": "gen9championsvgc2026regma",
  "rating": 1055,
  "private": 0,
  "password": null
}