{
  "id": "gen9championsvgc2026regma-2588634127",
  "format": "[Gen 9 Champions] VGC 2026 Reg M-A",
  "players": [
    "stickyydot",
    "Ryan1Baek"
  ],
  "log": "|j|\u2606stickyydot\n|j|\u2606Ryan1Baek\n|html|<table width=\"100%\"><tr><td align=\"left\">stickyydot</td><td align=\"right\">Ryan1Baek</tr><tr><td align=\"left\"><i class=\"fa fa-circle-o\"></i> <i class=\"fa fa-circle-o\"></i> </td><td align=\"right\"><i class=\"fa fa-circle-o\"></i> <i class=\"fa fa-circle-o\"></i> </tr></table>\n|uhtml|bestof|<h2><strong>Game 1</strong> of <a href=\"/game-bestof3-gen9championsvgc2026regma-2588634126\">a best-of-3</a></h2>\n|t:|1776652192\n|gametype|doubles\n|player|p1|stickyydot|169|\n|player|p2|Ryan1Baek|carmine-festival|\n|gen|9\n|tier|[Gen 9 Champions] VGC 2026 Reg M-A\n|rule|Species Clause: Limit one of each Pok\u00e9mon\n|rule|Item Clause: Limit 1 of each item\n|raw|<div class=\"infobox\"><details class=\"readmore\" open><summary><strong>1 custom rule:</strong></summary> Best of = 3</details></div>\n|clearpoke\n|poke|p1|Meganium, L50, F, shiny|\n|poke|p1|Talonflame, L50, M, shiny|\n|poke|p1|Gyarados, L50, M, shiny|\n|poke|p1|Sneasler, L50, F, shiny|\n|poke|p1|Garchomp, L50, M, shiny|\n|poke|p1|Aegislash, L50, M, shiny|\n|poke|p2|Delphox, L50, M, shiny|\n|poke|p2|Garchomp, L50, F|\n|poke|p2|Sneasler, L50, F|\n|poke|p2|Kingambit, L50, F|\n|poke|p2|Aerodactyl, L50, F, shiny|\n|poke|p2|Rotom-Wash, L50|\n|teampreview|4\nstickyydot rejected open team sheets.\n|\n|t:|1776652250\n|teamsize|p1|4\n|teamsize|p2|4\n|start\n|switch|p1a: Brib|Talonflame, L50, M, shiny|100/100\n|switch|p1b: Clawguy|Sneasler, L50, F, shiny|100/100\n|switch|p2a: Aerodactyl|Aerodactyl, L50, F, shiny|100/100\n|switch|p2b: Kingambit|Kingambit, L50, F|100/100\n|-ability|p2a: Aerodactyl|Unnerve\n|turn|1\n|inactive|Battle timer is ON: inactive players will automatically lose when time's up. (requested by Ryan1Baek)\n|inactive|Ryan1Baek has 60 seconds left.\n|\n|t:|1776652292\n|switch|p2b: Garchomp|Garchomp, L50, F|100/100\n|move|p1b: Clawguy|Fake Out|p2a: Aerodactyl\n|-resisted|p2a: Aerodactyl|1\n|-damage|p2a: Aerodactyl|88/100\n|move|p1a: Brib|Tailwind|p1a: Brib\n|-sidestart|p1: stickyydot|move: Tailwind\n|cant|p2a: Aerodactyl|flinch\n|\n|upkeep\n|turn|2\n|\n|t:|1776652309\n|switch|p1b: forsh|Gyarados, L50, M, shiny|100/100\n|-ability|p1b: forsh|Intimidate|boost\n|-unboost|p2a: Aerodactyl|atk|1\n|-unboost|p2b: Garchomp|atk|1\n|move|p1a: Brib|Will-O-Wisp|p2b: Garchomp\n|-status|p2b: Garchomp|brn\n|move|p2b: Garchomp|Rock Slide|p1a: Brib|[spread] p1a,p1b\n|-supereffective|p1a: Brib|2\n|-supereffective|p1b: forsh|1\n|-damage|p1a: Brib|60/100\n|-damage|p1b: forsh|86/100\n|move|p2a: Aerodactyl|Tailwind|p2a: Aerodactyl\n|-sidestart|p2: Ryan1Baek|move: Tailwind\n|\n|-damage|p2b: Garchomp|95/100 brn|[from] brn\n|upkeep\n|turn|3\n|\n|t:|1776652333\n|switch|p2b: Rotom|Rotom-Wash, L50|100/100\n|detailschange|p1b: forsh|Gyarados-Mega, L50, M, shiny\n|-mega|p1b: forsh|Gyarados|Gyaradosite\n|-ability|p1b: forsh|Mold Breaker\n|move|p2a: Aerodactyl|Rock Slide|p1a: Brib|[spread] p1b\n|-miss|p2a: Aerodactyl|p1a: Brib\n|-damage|p1b: forsh|74/100\n|move|p1a: Brib|Will-O-Wisp|p2a: Aerodactyl\n|-status|p2a: Aerodactyl|brn\n|cant|p1b: forsh|flinch\n|\n|-damage|p2a: Aerodactyl|82/100 brn|[from] brn\n|upkeep\n|turn|4\n|inactive|stickyydot has 30 seconds left.\n|\n|t:|1776652358\n|switch|p1b: Pythagreus|Garchomp, L50, M, shiny|100/100\n|move|p2a: Aerodactyl|Rock Slide|p1a: Brib|[spread] p1a,p1b\n|-supereffective|p1a: Brib|2\n|-crit|p1a: Brib\n|-resisted|p1b: Pythagreus|1\n|-damage|p1a: Brib|0 fnt\n|-damage|p1b: Pythagreus|97/100\n|faint|p1a: Brib\n|move|p2b: Rotom|Will-O-Wisp|p1b: Pythagreus\n|-status|p1b: Pythagreus|brn\n|\n|-damage|p1b: Pythagreus|91/100 brn|[from] brn\n|-damage|p2a: Aerodactyl|76/100 brn|[from] brn\n|-sideend|p1: stickyydot|move: Tailwind\n|upkeep\n|\n|t:|1776652372\n|switch|p1a: Clawguy|Sneasler, L50, F, shiny|100/100\n|turn|5\n|\n|t:|1776652392\n|move|p2a: Aerodactyl|Dual Wingbeat|p1a: Clawguy\n|-supereffective|p1a: Clawguy|1\n|-damage|p1a: Clawguy|80/100\n|-supereffective|p1a: Clawguy|1\n|-damage|p1a: Clawguy|59/100\n|-hitcount|p1a: Clawguy|2\n|move|p1b: Pythagreus|Rock Slide|p2a: Aerodactyl|[spread] p2a,p2b\n|-supereffective|p2a: Aerodactyl|1\n|-damage|p2a: Aerodactyl|43/100 brn\n|-damage|p2b: Rotom|88/100\n|move|p2b: Rotom|Will-O-Wisp|p1a: Clawguy\n|-status|p1a: Clawguy|brn\n|move|p1a: Clawguy|Dire Claw|p2b: Rotom\n|-damage|p2b: Rotom|65/100\n|-status|p2b: Rotom|psn\n|\n|-damage|p2b: Rotom|53/100 psn|[from] psn\n|-damage|p2a: Aerodactyl|37/100 brn|[from] brn\n|-damage|p1b: Pythagreus|85/100 brn|[from] brn\n|-damage|p1a: Clawguy|53/100 brn|[from] brn\n|-sideend|p2: Ryan1Baek|move: Tailwind\n|upkeep\n|turn|6\n|inactive|Ryan1Baek has 30 seconds left.\n|\n|t:|1776652422\n|switch|p2a: Garchomp|Garchomp, L50, F|95/100 brn\n|move|p1b: Pythagreus|Rock Slide|p2a: Garchomp|[spread] p2a,p2b\n|-resisted|p2a: Garchomp|1\n|-damage|p2a: Garchomp|89/100 brn\n|-damage|p2b: Rotom|42/100 psn\n|-enditem|p2b: Rotom|Sitrus Berry|[eat]\n|-heal|p2b: Rotom|67/100 psn|[from] item: Sitrus Berry\n|move|p1a: Clawguy|Close Combat|p2b: Rotom\n|-damage|p2b: Rotom|27/100 psn\n|-unboost|p1a: Clawguy|def|1\n|-unboost|p1a: Clawguy|spd|1\n|move|p2b: Rotom|Hydro Pump|p1a: Clawguy\n|-damage|p1a: Clawguy|0 fnt\n|faint|p1a: Clawguy\n|\n|-damage|p2b: Rotom|15/100 psn|[from] psn\n|-damage|p2a: Garchomp|83/100 brn|[from] brn\n|-damage|p1b: Pythagreus|79/100 brn|[from] brn\n|upkeep\n|\n|t:|1776652436\n|switch|p1a: forsh|Gyarados-Mega, L50, M, shiny|74/100\n|-ability|p1a: forsh|Mold Breaker\n|turn|7\n|\n|t:|1776652446\n|move|p2a: Garchomp|Earthquake|p1b: Pythagreus|[spread] p1a,p1b\n|-immune|p2b: Rotom|[from] ability: Levitate\n|-damage|p1a: forsh|57/100\n|-damage|p1b: Pythagreus|56/100 brn\n|move|p1b: Pythagreus|Rock Slide|p2b: Rotom|[spread] p2a\n|-miss|p1b: Pythagreus|p2b: Rotom\n|-resisted|p2a: Garchomp|1\n|-damage|p2a: Garchomp|78/100 brn\n|move|p1a: forsh|Crunch|p2b: Rotom\n|-damage|p2b: Rotom|0 fnt\n|faint|p2b: Rotom\n|\n|-damage|p2a: Garchomp|72/100 brn|[from] brn\n|-damage|p1b: Pythagreus|50/100 brn|[from] brn\n|upkeep\n|\n|t:|1776652462\n|switch|p2b: Aerodactyl|Aerodactyl, L50, F, shiny|37/100 brn\n|-ability|p2b: Aerodactyl|Unnerve\n|turn|8\n|\n|t:|1776652476\n|move|p1b: Pythagreus|Rock Slide|p2a: Garchomp|[spread] p2a,p2b\n|-resisted|p2a: Garchomp|1\n|-supereffective|p2b: Aerodactyl|1\n|-damage|p2a: Garchomp|66/100 brn\n|-damage|p2b: Aerodactyl|4/100 brn\n|cant|p2a: Garchomp|flinch\n|move|p2b: Aerodactyl|Tailwind|p2b: Aerodactyl\n|-sidestart|p2: Ryan1Baek|move: Tailwind\n|move|p1a: forsh|Dragon Dance|p1a: forsh\n|-boost|p1a: forsh|atk|1\n|-boost|p1a: forsh|spe|1\n|\n|-damage|p2a: Garchomp|60/100 brn|[from] brn\n|-damage|p2b: Aerodactyl|0 fnt|[from] brn\n|faint|p2b: Aerodactyl\n|-damage|p1b: Pythagreus|44/100 brn|[from] brn\n|upkeep\n|\n|t:|1776652489\n|switch|p2b: Kingambit|Kingambit, L50, F|100/100\n|turn|9\n|\n|t:|1776652511\n|move|p2a: Garchomp|Earthquake|p1b: Pythagreus|[spread] p2b,p1a,p1b\n|-supereffective|p2b: Kingambit|1\n|-damage|p2b: Kingambit|70/100\n|-damage|p1a: forsh|41/100\n|-damage|p1b: Pythagreus|23/100 brn\n|move|p1b: Pythagreus|Rock Slide|p2a: Garchomp|[spread] p2a,p2b\n|-resisted|p2a: Garchomp|1\n|-resisted|p2b: Kingambit|1\n|-damage|p2a: Garchomp|55/100 brn\n|-damage|p2b: Kingambit|65/100\n|move|p1a: forsh|Waterfall|p2a: Garchomp\n|-damage|p2a: Garchomp|0 fnt\n|-damage|p1a: forsh|28/100|[from] ability: Rough Skin|[of] p2a: Garchomp\n|faint|p2a: Garchomp\n|move|p2b: Kingambit|Kowtow Cleave|p1a: forsh\n|-resisted|p1a: forsh|1\n|-damage|p1a: forsh|10/100\n|\n|-damage|p1b: Pythagreus|17/100 brn|[from] brn\n|upkeep\n|turn|10\n|\n|t:|1776652531\n|move|p2b: Kingambit|Sucker Punch|p1a: forsh\n|-resisted|p1a: forsh|1\n|-damage|p1a: forsh|0 fnt\n|faint|p1a: forsh\n|move|p1b: Pythagreus|Rock Slide|p2b: Kingambit\n|-resisted|p2b: Kingambit|1\n|-damage|p2b: Kingambit|60/100\n|\n|-damage|p1b: Pythagreus|11/100 brn|[from] brn\n|upkeep\n|turn|11\n|\n|t:|1776652537\n|move|p2b: Kingambit|Sucker Punch|p1b: Pythagreus\n|-damage|p1b: Pythagreus|0 fnt\n|-damage|p2b: Kingambit|48/100|[from] ability: Rough Skin|[of] p1b: Pythagreus\n|faint|p1b: Pythagreus\n|\n|win|Ryan1Baek\n||stickyydot is ready for game 2.\n||Ryan1Baek is ready for game 2.\n|uhtml|next|Next: <a href=\"/battle-gen9championsvgc2026regma-2588637617\"><strong>Game 2 of 3</strong></a>\n",
  "uploadtime": 1776652544,
  "views": 2,
  "formatid": "gen9championsvgc2026regma",
  "rating": null,
  "private": 0,
  "password": null
}