{
  "id": "gen9championsvgc2026regma-2587930808",
  "format": "[Gen 9 Champions] VGC 2026 Reg M-A",
  "players": [
    "zhz2021",
    "Marshadow27"
  ],
  "log": "|j|\u2606zhz2021\n|j|\u2606Marshadow27\n|t:|1776580707\n|gametype|doubles\n|player|p1|zhz2021|marley|1404\n|player|p2|Marshadow27|blue-gen3champion|1440\n|gen|9\n|tier|[Gen 9 Champions] VGC 2026 Reg M-A\n|rated|\n|rule|Species Clause: Limit one of each Pok\u00e9mon\n|rule|Item Clause: Limit 1 of each item\n|clearpoke\n|poke|p1|Sableye, L50, M|\n|poke|p1|Archaludon, L50, F|\n|poke|p1|Scovillain, L50, F, shiny|\n|poke|p1|Basculegion-F, L50, F, shiny|\n|poke|p1|Pelipper, L50, F|\n|poke|p1|Mamoswine, L50, M|\n|poke|p2|Greninja, L50, M|\n|poke|p2|Rotom-Wash, L50|\n|poke|p2|Sinistcha, L50|\n|poke|p2|Garchomp, L50, F|\n|poke|p2|Incineroar, L50, F|\n|poke|p2|Orthworm, L50, M|\n|teampreview|4\n|\n|t:|1776580758\n|teamsize|p1|4\n|teamsize|p2|4\n|start\n|switch|p1a: Pelipper|Pelipper, L50, F|100/100\n|switch|p1b: Scovillain|Scovillain, L50, F, shiny|100/100\n|switch|p2a: Incineroar|Incineroar, L50, F|100/100\n|switch|p2b: Orthworm|Orthworm, L50, M|100/100\n|-weather|RainDance|[from] ability: Drizzle|[of] p1a: Pelipper\n|-ability|p2a: Incineroar|Intimidate|boost\n|-unboost|p1a: Pelipper|atk|1\n|-unboost|p1b: Scovillain|atk|1\n|turn|1\n|j| sammap\n|\n|t:|1776580781\n|switch|p1b: Archaludon|Archaludon, L50, F|100/100\n|move|p2a: Incineroar|Fake Out|p1a: Pelipper\n|-damage|p1a: Pelipper|89/100\n|cant|p1a: Pelipper|flinch\n|move|p2b: Orthworm|Shed Tail|p2b: Orthworm\n|-start|p2b: Orthworm|Substitute|[from] move: Shed Tail\n|-damage|p2b: Orthworm|50/100\n|-enditem|p2b: Orthworm|Sitrus Berry|[eat]\n|-heal|p2b: Orthworm|75/100|[from] item: Sitrus Berry\n|\n|t:|1776580790\n|switch|p2b: Garchomp|Garchomp, L50, F|100/100|[from] Shed Tail\n|\n|-weather|RainDance|[upkeep]\n|upkeep\n|turn|2\n|\n|t:|1776580805\n|move|p1b: Archaludon|Protect|p1b: Archaludon\n|-singleturn|p1b: Archaludon|Protect\n|move|p2b: Garchomp|Swords Dance|p2b: Garchomp\n|-boost|p2b: Garchomp|atk|2\n|move|p1a: Pelipper|Tailwind|p1a: Pelipper\n|-sidestart|p1: zhz2021|move: Tailwind\n|move|p2a: Incineroar|Parting Shot|p1b: Archaludon\n|-activate|p1b: Archaludon|move: Protect\n|\n|-weather|RainDance|[upkeep]\n|upkeep\n|turn|3\n|inactive|Battle timer is ON: inactive players will automatically lose when time's up. (requested by zhz2021)\n|\n|t:|1776580840\n|move|p2b: Garchomp|Protect|p2b: Garchomp\n|-singleturn|p2b: Garchomp|Protect\n|move|p1a: Pelipper|Weather Ball|p2b: Garchomp\n|-activate|p2b: Garchomp|move: Protect\n|move|p1b: Archaludon|Electro Shot||[still]\n|-prepare|p1b: Archaludon|Electro Shot\n|-boost|p1b: Archaludon|spa|1\n|-anim|p1b: Archaludon|Electro Shot|p2a: Incineroar\n|-damage|p2a: Incineroar|45/100\n|move|p2a: Incineroar|Parting Shot|p1b: Archaludon\n|-unboost|p1b: Archaludon|atk|1\n|-unboost|p1b: Archaludon|spa|1\n|\n|t:|1776580851\n|switch|p2a: Rotom|Rotom-Wash, L50|100/100|[from] Parting Shot\n|\n|-weather|RainDance|[upkeep]\n|upkeep\n|turn|4\n|inactive|zhz2021 has 30 seconds left.\n|\n|t:|1776580878\n|move|p1b: Archaludon|Protect|p1b: Archaludon\n|-singleturn|p1b: Archaludon|Protect\n|move|p1a: Pelipper|Weather Ball|p2b: Garchomp\n|-end|p2b: Garchomp|Substitute\n|move|p2a: Rotom|Volt Switch|p1a: Pelipper\n|-supereffective|p1a: Pelipper|2\n|-damage|p1a: Pelipper|0 fnt\n|faint|p1a: Pelipper\n|\n|t:|1776580884\n|switch|p2a: Incineroar|Incineroar, L50, F|45/100|[from] Volt Switch\n|-ability|p2a: Incineroar|Intimidate|boost\n|-unboost|p1b: Archaludon|atk|1\n|move|p2b: Garchomp|Earthquake|p1b: Archaludon|[spread] p2a\n|-activate|p1b: Archaludon|move: Protect\n|-supereffective|p2a: Incineroar|1\n|-damage|p2a: Incineroar|0 fnt\n|faint|p2a: Incineroar\n|\n|-weather|RainDance|[upkeep]\n|upkeep\n|inactive|zhz2021 has 30 seconds left.\n|\n|t:|1776580917\n|switch|p1a: Scovillain|Scovillain, L50, F, shiny|100/100\n|switch|p2a: Rotom|Rotom-Wash, L50|100/100\n|turn|5\n|\n|t:|1776580923\n|detailschange|p1a: Scovillain|Scovillain-Mega, L50, F, shiny\n|-mega|p1a: Scovillain|Scovillain|Scovillainite\n|move|p2b: Garchomp|Protect|p2b: Garchomp\n|-singleturn|p2b: Garchomp|Protect\n|move|p1b: Archaludon|Electro Shot||[still]\n|-prepare|p1b: Archaludon|Electro Shot\n|-boost|p1b: Archaludon|spa|1\n|-anim|p1b: Archaludon|Electro Shot|p2a: Rotom\n|-damage|p2a: Rotom|0 fnt\n|faint|p2a: Rotom\n|move|p1a: Scovillain|Giga Drain|p2b: Garchomp\n|-activate|p2b: Garchomp|move: Protect\n|\n|-weather|none\n|-sideend|p1: zhz2021|move: Tailwind\n|upkeep\n|\n|t:|1776580931\n|switch|p2a: Orthworm|Orthworm, L50, M|75/100\n|turn|6\n|inactive|zhz2021 has 30 seconds left.\n|\n|t:|1776580958\n|move|p1a: Scovillain|Rage Powder|p1a: Scovillain\n|-singleturn|p1a: Scovillain|move: Rage Powder\n|move|p2b: Garchomp|Earthquake|p1b: Archaludon|[spread] p1a,p1b\n|-heal|p2a: Orthworm|100/100|[from] ability: Earth Eater|[of] p2b: Garchomp\n|-supereffective|p1b: Archaludon|1\n|-damage|p1a: Scovillain|23/100\n|-enditem|p1b: Archaludon|Focus Sash\n|-damage|p1b: Archaludon|1/100\n|-status|p2b: Garchomp|brn|[from] ability: Spicy Spray|[of] p1a: Scovillain\n|move|p1b: Archaludon|Aura Sphere|p2a: Orthworm\n|-supereffective|p2a: Orthworm|1\n|-damage|p2a: Orthworm|7/100\n|move|p2a: Orthworm|Iron Defense|p2a: Orthworm\n|-boost|p2a: Orthworm|def|2\n|\n|-damage|p2b: Garchomp|94/100 brn|[from] brn\n|upkeep\n|turn|7\n|\n|t:|1776580973\n|move|p2b: Garchomp|Earthquake|p1b: Archaludon|[spread] p1a,p1b\n|-heal|p2a: Orthworm|32/100|[from] ability: Earth Eater|[of] p2b: Garchomp\n|-supereffective|p1b: Archaludon|1\n|-damage|p1a: Scovillain|0 fnt\n|-damage|p1b: Archaludon|0 fnt\n|faint|p1a: Scovillain\n|faint|p1b: Archaludon\n|move|p2a: Orthworm|Iron Defense|p2a: Orthworm\n|-boost|p2a: Orthworm|def|2\n|\n|-damage|p2b: Garchomp|88/100 brn|[from] brn\n|upkeep\n|\n|t:|1776580975\n|switch|p1b: Basculegion|Basculegion-F, L50, F, shiny|100/100\n|turn|8\n|\n|t:|1776580984\n|move|p2b: Garchomp|Protect|p2b: Garchomp\n|-singleturn|p2b: Garchomp|Protect\n|move|p1b: Basculegion|Icy Wind|p2a: Orthworm|[spread] p2a\n|-activate|p2b: Garchomp|move: Protect\n|-resisted|p2a: Orthworm|1\n|-damage|p2a: Orthworm|24/100\n|-unboost|p2a: Orthworm|spe|1\n|move|p2a: Orthworm|Heavy Slam|p1b: Basculegion\n|-resisted|p1b: Basculegion|1\n|-damage|p1b: Basculegion|90/100\n|\n|-damage|p2b: Garchomp|82/100 brn|[from] brn\n|upkeep\n|turn|9\n|\n|t:|1776580996\n|move|p2b: Garchomp|Earthquake|p1b: Basculegion|[spread] p1b\n|-heal|p2a: Orthworm|49/100|[from] ability: Earth Eater|[of] p2b: Garchomp\n|-damage|p1b: Basculegion|49/100\n|move|p1b: Basculegion|Icy Wind|p2a: Orthworm|[spread] p2a,p2b\n|-resisted|p2a: Orthworm|1\n|-supereffective|p2b: Garchomp|2\n|-damage|p2a: Orthworm|42/100\n|-damage|p2b: Garchomp|28/100 brn\n|-unboost|p2a: Orthworm|spe|1\n|-unboost|p2b: Garchomp|spe|1\n|move|p2a: Orthworm|Heavy Slam|p1b: Basculegion\n|-resisted|p1b: Basculegion|1\n|-damage|p1b: Basculegion|38/100\n|\n|-damage|p2b: Garchomp|22/100 brn|[from] brn\n|upkeep\n|turn|10\n|\n|t:|1776581004\n|move|p2b: Garchomp|Protect|p2b: Garchomp\n|-singleturn|p2b: Garchomp|Protect\n|move|p1b: Basculegion|Muddy Water|p2a: Orthworm|[spread] p2a\n|-activate|p2b: Garchomp|move: Protect\n|-damage|p2a: Orthworm|8/100\n|move|p2a: Orthworm|Heavy Slam|p1b: Basculegion\n|-resisted|p1b: Basculegion|1\n|-damage|p1b: Basculegion|27/100\n|\n|-damage|p2b: Garchomp|16/100 brn|[from] brn\n|upkeep\n|turn|11\n|\n|t:|1776581009\n|move|p1b: Basculegion|Muddy Water|p2a: Orthworm|[spread] p2b\n|-miss|p1b: Basculegion|p2a: Orthworm\n|-damage|p2b: Garchomp|0 fnt\n|faint|p2b: Garchomp\n|move|p2a: Orthworm|Heavy Slam|p1b: Basculegion\n|-resisted|p1b: Basculegion|1\n|-crit|p1b: Basculegion\n|-damage|p1b: Basculegion|13/100\n|\n|upkeep\n|turn|12\n|l| sammap\n|\n|t:|1776581030\n|move|p1b: Basculegion|Hex|p2a: Orthworm\n|-damage|p2a: Orthworm|0 fnt\n|faint|p2a: Orthworm\n|\n|win|zhz2021\n|raw|zhz2021's rating: 1404 &rarr; <strong>1426</strong><br />(+22 for winning)\n|raw|Marshadow27's rating: 1440 &rarr; <strong>1418</strong><br />(-22 for losing)\n|l|\u2606Marshadow27\n|player|p2|\n|l|\u2606zhz2021\n|player|p1|\n",
  "uploadtime": 1776581063,
  "views": 13,
  "formatid": "gen9championsvgc2026regma",
  "rating": 1418,
  "private": 0,
  "password": null
}