{
  "id": "gen9championsvgc2026regma-2586749568",
  "format": "[Gen 9 Champions] VGC 2026 Reg M-A",
  "players": [
    "Ongalabong",
    "mafiuuu"
  ],
  "log": "|j|\u2606Ongalabong\n|j|\u2606mafiuuu\n|t:|1776456910\n|gametype|doubles\n|player|p1|Ongalabong|benga|1280\n|player|p2|mafiuuu|1|1241\n|gen|9\n|tier|[Gen 9 Champions] VGC 2026 Reg M-A\n|rated|\n|rule|Species Clause: Limit one of each Pok\u00e9mon\n|rule|Item Clause: Limit 1 of each item\n|clearpoke\n|poke|p1|Crabominable, L50, M|\n|poke|p1|Farigiraf, L50, M|\n|poke|p1|Incineroar, L50, F|\n|poke|p1|Venusaur, L50, M|\n|poke|p1|Basculegion, L50, M|\n|poke|p1|Ninetales-Alola, L50, M|\n|poke|p2|Froslass, L50, F|\n|poke|p2|Glaceon, L50, F|\n|poke|p2|Aerodactyl, L50, F|\n|poke|p2|Kingambit, L50, M|\n|poke|p2|Infernape, L50, M|\n|poke|p2|Milotic, L50, F|\n|teampreview|4\n|inactive|Battle timer is ON: inactive players will automatically lose when time's up. (requested by mafiuuu)\n|\n|t:|1776456934\n|teamsize|p1|4\n|teamsize|p2|4\n|start\n|switch|p1a: Incineroar|Incineroar, L50, F|100/100\n|switch|p1b: Basculegion|Basculegion, L50, M|100/100\n|switch|p2a: Kingambit|Kingambit, L50, M|100/100\n|switch|p2b: Infernape|Infernape, L50, M|100/100\n|-ability|p1a: Incineroar|Intimidate|boost\n|-unboost|p2a: Kingambit|atk|1\n|-ability|p2a: Kingambit|Defiant|boost\n|-boost|p2a: Kingambit|atk|2\n|-unboost|p2b: Infernape|atk|1\n|turn|1\n|\n|t:|1776456957\n|switch|p1b: Venusaur|Venusaur, L50, M|100/100\n|move|p2b: Infernape|Fake Out|p1a: Incineroar\n|-damage|p1a: Incineroar|95/100\n|move|p2a: Kingambit|Sucker Punch||[still]\n|-fail|p2a: Kingambit\n|cant|p1a: Incineroar|flinch\n|\n|upkeep\n|turn|2\n|inactive|Ongalabong has 30 seconds left.\n|inactive|Ongalabong has 20 seconds left.\n|\n|t:|1776456994\n|detailschange|p1b: Venusaur|Venusaur-Mega, L50, M\n|-mega|p1b: Venusaur|Venusaur|Venusaurite\n|move|p2b: Infernape|Aura Sphere|p1a: Incineroar\n|-supereffective|p1a: Incineroar|1\n|-damage|p1a: Incineroar|38/100\n|-enditem|p1a: Incineroar|Sitrus Berry|[eat]\n|-heal|p1a: Incineroar|63/100|[from] item: Sitrus Berry\n|move|p1b: Venusaur|Leech Seed|p2b: Infernape\n|-start|p2b: Infernape|move: Leech Seed\n|move|p1a: Incineroar|Flare Blitz|p2a: Kingambit\n|-supereffective|p2a: Kingambit|1\n|-damage|p2a: Kingambit|25/100\n|-damage|p1a: Incineroar|38/100|[from] Recoil\n|move|p2a: Kingambit|Kowtow Cleave|p1b: Venusaur\n|-damage|p1b: Venusaur|37/100\n|\n|-damage|p2b: Infernape|88/100|[from] Leech Seed|[of] p1b: Venusaur\n|-heal|p1b: Venusaur|48/100|[silent]\n|upkeep\n|turn|3\n|inactive|Ongalabong has 30 seconds left.\n|inactive|Ongalabong has 20 seconds left.\n|\n|t:|1776457029\n|switch|p2b: Aerodactyl|Aerodactyl, L50, F, shiny|100/100\n|switch|p1a: Basculegion|Basculegion, L50, M|100/100\n|move|p1b: Venusaur|Protect|p1b: Venusaur\n|-singleturn|p1b: Venusaur|Protect\n|move|p2a: Kingambit|Sucker Punch||[still]\n|-fail|p2a: Kingambit\n|\n|upkeep\n|turn|4\n|\n|t:|1776457044\n|move|p1a: Basculegion|Aqua Jet|p2b: Aerodactyl\n|-supereffective|p2b: Aerodactyl|1\n|-damage|p2b: Aerodactyl|16/100\n|move|p2a: Kingambit|Sucker Punch||[still]\n|-fail|p2a: Kingambit\n|move|p2b: Aerodactyl|Dual Wingbeat|p1b: Venusaur\n|-supereffective|p1b: Venusaur|1\n|-damage|p1b: Venusaur|21/100\n|-supereffective|p1b: Venusaur|1\n|-damage|p1b: Venusaur|0 fnt\n|faint|p1b: Venusaur\n|-hitcount|p1: Venusaur|2\n|\n|upkeep\n|inactive|Ongalabong has 30 seconds left.\n|inactive|Ongalabong has 20 seconds left.\n|inactive|Ongalabong has 15 seconds left.\n|\n|t:|1776457089\n|switch|p1b: Crabominable|Crabominable, L50, M|100/100\n|turn|5\n|\n|t:|1776457101\n|move|p2b: Aerodactyl|Protect|p2b: Aerodactyl\n|-singleturn|p2b: Aerodactyl|Protect\n|move|p1a: Basculegion|Aqua Jet|p2b: Aerodactyl\n|-activate|p2b: Aerodactyl|move: Protect\n|move|p1b: Crabominable|Mach Punch|p2a: Kingambit\n|-supereffective|p2a: Kingambit|2\n|-damage|p2a: Kingambit|0 fnt\n|faint|p2a: Kingambit\n|\n|upkeep\n|\n|t:|1776457113\n|switch|p2a: Froslass|Froslass, L50, F, shiny|100/100\n|turn|6\n|\n|t:|1776457129\n|switch|p1a: Incineroar|Incineroar, L50, F|38/100\n|-ability|p1a: Incineroar|Intimidate|boost\n|-unboost|p2a: Froslass|atk|1\n|-unboost|p2b: Aerodactyl|atk|1\n|detailschange|p2a: Froslass|Froslass-Mega, L50, F, shiny\n|-mega|p2a: Froslass|Froslass|Froslassite\n|-weather|Snowscape|[from] ability: Snow Warning|[of] p2a: Froslass\n|move|p2b: Aerodactyl|Protect||[still]\n|-fail|p2b: Aerodactyl\n|move|p1b: Crabominable|Mach Punch|p2b: Aerodactyl\n|-damage|p2b: Aerodactyl|0 fnt\n|faint|p2b: Aerodactyl\n|move|p2a: Froslass|Aurora Veil|p2a: Froslass\n|-sidestart|p2: mafiuuu|move: Aurora Veil\n|\n|-weather|Snowscape|[upkeep]\n|upkeep\n|\n|t:|1776457140\n|switch|p2b: Infernape|Infernape, L50, M|88/100\n|turn|7\n|\n|t:|1776457157\n|move|p2b: Infernape|Fake Out|p1a: Incineroar\n|-damage|p1a: Incineroar|29/100\n|move|p2a: Froslass|Blizzard|p1b: Crabominable|[spread] p1a,p1b\n|-resisted|p1a: Incineroar|1\n|-resisted|p1b: Crabominable|1\n|-damage|p1a: Incineroar|12/100\n|-damage|p1b: Crabominable|75/100\n|cant|p1a: Incineroar|flinch\n|move|p1b: Crabominable|Drain Punch|p2b: Infernape\n|-damage|p2b: Infernape|41/100\n|-heal|p1b: Crabominable|93/100|[from] drain|[of] p2b: Infernape\n|\n|-weather|Snowscape|[upkeep]\n|upkeep\n|turn|8\n|inactive|Ongalabong has 30 seconds left.\n|\n|t:|1776457183\n|switch|p1a: Basculegion|Basculegion, L50, M|100/100\n|move|p2a: Froslass|Shadow Ball|p1b: Crabominable\n|-damage|p1b: Crabominable|43/100\n|move|p2b: Infernape|Heat Wave|p1b: Crabominable|[spread] p1a,p1b\n|-resisted|p1a: Basculegion|1\n|-supereffective|p1b: Crabominable|1\n|-damage|p1a: Basculegion|82/100\n|-damage|p1b: Crabominable|0 fnt\n|faint|p1b: Crabominable\n|\n|-weather|Snowscape|[upkeep]\n|upkeep\n|\n|t:|1776457190\n|switch|p1b: Incineroar|Incineroar, L50, F|12/100\n|-ability|p1b: Incineroar|Intimidate|boost\n|-unboost|p2a: Froslass|atk|1\n|-unboost|p2b: Infernape|atk|1\n|turn|9\n|\n|t:|1776457199\n|move|p1b: Incineroar|Fake Out|p2b: Infernape\n|-damage|p2b: Infernape|29/100\n|move|p1a: Basculegion|Last Respects|p2a: Froslass\n|-supereffective|p2a: Froslass|1\n|-damage|p2a: Froslass|0 fnt\n|faint|p2a: Froslass\n|cant|p2b: Infernape|flinch\n|\n|-weather|Snowscape|[upkeep]\n|upkeep\n|turn|10\n|\n|t:|1776457208\n|move|p1a: Basculegion|Last Respects|p2b: Infernape\n|-damage|p2b: Infernape|0 fnt\n|faint|p2b: Infernape\n|\n|win|Ongalabong\n|raw|Ongalabong's rating: 1280 &rarr; <strong>1302</strong><br />(+22 for winning)\n|raw|mafiuuu's rating: 1241 &rarr; <strong>1219</strong><br />(-22 for losing)\n",
  "uploadtime": 1776457215,
  "views": 40,
  "formatid": "gen9championsvgc2026regma",
  "rating": 1219,
  "private": 0,
  "password": null
}