{
  "id": "gen9championsvgc2026regma-2588134980",
  "format": "[Gen 9 Champions] VGC 2026 Reg M-A",
  "players": [
    "NomDatBass",
    "GenericEdgeLrd"
  ],
  "log": "|j|\u2606NomDatBass\n|j|\u2606GenericEdgeLrd\n|t:|1776607911\n|gametype|doubles\n|player|p1|NomDatBass|266|1144\n|player|p2|GenericEdgeLrd|gentleman-gen4|1098\n|gen|9\n|tier|[Gen 9 Champions] VGC 2026 Reg M-A\n|rated|\n|rule|Species Clause: Limit one of each Pok\u00e9mon\n|rule|Item Clause: Limit 1 of each item\n|clearpoke\n|poke|p1|Gardevoir, L50, F, shiny|\n|poke|p1|Incineroar, L50, F|\n|poke|p1|Sinistcha, L50|\n|poke|p1|Kingambit, L50, F|\n|poke|p1|Rotom-Wash, L50|\n|poke|p1|Arcanine-Hisui, L50, F|\n|poke|p2|Glimmora, L50, M, shiny|\n|poke|p2|Orthworm, L50, F|\n|poke|p2|Garchomp, L50, M|\n|poke|p2|Sinistcha, L50|\n|poke|p2|Farigiraf, L50, F|\n|poke|p2|Avalugg, L50, F|\n|teampreview|4\n|inactive|Battle timer is ON: inactive players will automatically lose when time's up. (requested by GenericEdgeLrd)\n|inactive|NomDatBass has 60 seconds left.\n|\n|t:|1776607948\n|teamsize|p1|4\n|teamsize|p2|4\n|start\n|switch|p1a: Incineroar|Incineroar, L50, F|100/100\n|switch|p1b: Sinistcha|Sinistcha, L50|100/100\n|switch|p2a: Garchomp|Garchomp, L50, M|100/100\n|switch|p2b: Orthworm|Orthworm, L50, F|100/100\n|-ability|p1a: Incineroar|Intimidate|boost\n|-unboost|p2a: Garchomp|atk|1\n|-unboost|p2b: Orthworm|atk|1\n|turn|1\n|\n|t:|1776607965\n|move|p1a: Incineroar|Fake Out|p2a: Garchomp\n|-damage|p2a: Garchomp|90/100\n|cant|p2a: Garchomp|flinch\n|move|p2b: Orthworm|Shed Tail|p2b: Orthworm\n|-start|p2b: Orthworm|Substitute|[from] move: Shed Tail\n|-damage|p2b: Orthworm|50/100\n|\n|t:|1776607972\n|switch|p2b: Glimmora|Glimmora, L50, M, shiny|100/100|[from] Shed Tail\n|move|p1b: Sinistcha|Trick Room|p1b: Sinistcha\n|-fieldstart|move: Trick Room|[of] p1b: Sinistcha\n|\n|upkeep\n|turn|2\n|inactive|NomDatBass has 30 seconds left.\n|\n|t:|1776607999\n|switch|p1a: Rotom|Rotom-Wash, L50|100/100\n|move|p2b: Glimmora|Protect|p2b: Glimmora\n|-singleturn|p2b: Glimmora|Protect\n|move|p2a: Garchomp|Protect|p2a: Garchomp\n|-singleturn|p2a: Garchomp|Protect\n|move|p1b: Sinistcha|Matcha Gotcha|p2a: Garchomp|[spread] \n|-activate|p2a: Garchomp|move: Protect\n|-activate|p2b: Glimmora|move: Protect\n|\n|upkeep\n|turn|3\n|inactive|GenericEdgeLrd has 30 seconds left.\n|\n|t:|1776608026\n|switch|p1b: Incineroar|Incineroar, L50, F|100/100\n|-ability|p1b: Incineroar|Intimidate|boost\n|-unboost|p2a: Garchomp|atk|1\n|-immune|p2b: Glimmora\n|switch|p2a: Orthworm|Orthworm, L50, F|50/100\n|detailschange|p2b: Glimmora|Glimmora-Mega, L50, M, shiny\n|-mega|p2b: Glimmora|Glimmora|Glimmoranite\n|move|p1a: Rotom|Will-O-Wisp|p2a: Orthworm\n|-status|p2a: Orthworm|brn\n|move|p2b: Glimmora|Sludge Wave|p1b: Incineroar|[spread] p1a,p1b\n|-immune|p2a: Orthworm\n|-damage|p1a: Rotom|39/100\n|-damage|p1b: Incineroar|60/100\n|\n|-heal|p2a: Orthworm|56/100 brn|[from] item: Leftovers\n|-damage|p2a: Orthworm|50/100 brn|[from] brn\n|upkeep\n|turn|4\n|inactive|NomDatBass has 30 seconds left.\n|inactive|NomDatBass has 20 seconds left.\n|\n|t:|1776608065\n|move|p2a: Orthworm|Helping Hand|p2b: Glimmora\n|-singleturn|p2b: Glimmora|Helping Hand|[of] p2a: Orthworm\n|move|p1b: Incineroar|Drain Punch|p2b: Glimmora\n|-activate|p2b: Glimmora|move: Substitute|[damage]\n|-heal|p1b: Incineroar|69/100|[from] drain|[of] p2b: Glimmora\n|move|p1a: Rotom|Hydro Pump|p2b: Glimmora\n|-supereffective|p2b: Glimmora|1\n|-end|p2b: Glimmora|Substitute\n|move|p2b: Glimmora|Sludge Wave|p1b: Incineroar|[spread] p1a,p1b\n|-immune|p2a: Orthworm\n|-damage|p1a: Rotom|0 fnt\n|-damage|p1b: Incineroar|10/100\n|-enditem|p1b: Incineroar|Sitrus Berry|[eat]\n|-heal|p1b: Incineroar|35/100|[from] item: Sitrus Berry\n|faint|p1a: Rotom\n|\n|-heal|p2a: Orthworm|56/100 brn|[from] item: Leftovers\n|-damage|p2a: Orthworm|50/100 brn|[from] brn\n|upkeep\n|\n|t:|1776608087\n|switch|p1a: Gardevoir|Gardevoir, L50, F, shiny|100/100\n|turn|5\n|\n|t:|1776608101\n|move|p2a: Orthworm|Protect|p2a: Orthworm\n|-singleturn|p2a: Orthworm|Protect\n|move|p2b: Glimmora|Protect|p2b: Glimmora\n|-singleturn|p2b: Glimmora|Protect\n|move|p1b: Incineroar|Flare Blitz|p2a: Orthworm\n|-activate|p2a: Orthworm|move: Protect\n|move|p1a: Gardevoir|Psyshock|p2b: Glimmora\n|-activate|p2b: Glimmora|move: Protect\n|\n|-heal|p2a: Orthworm|56/100 brn|[from] item: Leftovers\n|-damage|p2a: Orthworm|50/100 brn|[from] brn\n|-fieldend|move: Trick Room\n|upkeep\n|turn|6\n|inactive|NomDatBass has 30 seconds left.\n|inactive|GenericEdgeLrd has 30 seconds left.\n|\n|t:|1776608134\n|detailschange|p1a: Gardevoir|Gardevoir-Mega, L50, F, shiny\n|-mega|p1a: Gardevoir|Gardevoir|Gardevoirite\n|move|p2a: Orthworm|Helping Hand|p2b: Glimmora\n|-singleturn|p2b: Glimmora|Helping Hand|[of] p2a: Orthworm\n|move|p1a: Gardevoir|Protect|p1a: Gardevoir\n|-singleturn|p1a: Gardevoir|Protect\n|move|p2b: Glimmora|Sludge Wave|p1b: Incineroar|[spread] p1b\n|-activate|p1a: Gardevoir|move: Protect\n|-immune|p2a: Orthworm\n|-damage|p1b: Incineroar|0 fnt\n|faint|p1b: Incineroar\n|\n|-heal|p2a: Orthworm|56/100 brn|[from] item: Leftovers\n|-damage|p2a: Orthworm|50/100 brn|[from] brn\n|upkeep\n|\n|t:|1776608151\n|switch|p1b: Sinistcha|Sinistcha, L50|100/100\n|turn|7\n|\n|t:|1776608163\n|move|p2a: Orthworm|Helping Hand|p2b: Glimmora\n|-singleturn|p2b: Glimmora|Helping Hand|[of] p2a: Orthworm\n|move|p2b: Glimmora|Sludge Wave|p1b: Sinistcha|[spread] p1a,p1b\n|-immune|p2a: Orthworm\n|-supereffective|p1a: Gardevoir|1\n|-crit|p1a: Gardevoir\n|-damage|p1a: Gardevoir|0 fnt\n|-damage|p1b: Sinistcha|27/100\n|faint|p1a: Gardevoir\n|move|p1b: Sinistcha|Trick Room|p1b: Sinistcha\n|-fieldstart|move: Trick Room|[of] p1b: Sinistcha\n|\n|-heal|p2a: Orthworm|56/100 brn|[from] item: Leftovers\n|-damage|p2a: Orthworm|50/100 brn|[from] brn\n|upkeep\n|turn|8\n|-message|NomDatBass forfeited.\n|\n|win|GenericEdgeLrd\n|raw|NomDatBass's rating: 1144 &rarr; <strong>1116</strong><br />(-28 for losing)\n|raw|GenericEdgeLrd's rating: 1098 &rarr; <strong>1127</strong><br />(+29 for winning)\n",
  "uploadtime": 1776608179,
  "views": 10,
  "formatid": "gen9championsvgc2026regma",
  "rating": 1116,
  "private": 0,
  "password": null
}