{
  "id": "gen9championsvgc2026regma-2586784408",
  "format": "[Gen 9 Champions] VGC 2026 Reg M-A",
  "players": [
    "imxdness \u266a",
    "NaecheVGC"
  ],
  "log": "|j|\u2606imxdness \u266a\n|j|\u2606NaecheVGC\n|t:|1776459647\n|gametype|doubles\n|player|p1|imxdness \u266a|2|1266\n|player|p2|NaecheVGC|266|1333\n|gen|9\n|tier|[Gen 9 Champions] VGC 2026 Reg M-A\n|rated|\n|rule|Species Clause: Limit one of each Pok\u00e9mon\n|rule|Item Clause: Limit 1 of each item\n|clearpoke\n|poke|p1|Pelipper, L50, M|\n|poke|p1|Archaludon, L50, F|\n|poke|p1|Dragonite, L50, M|\n|poke|p1|Incineroar, L50, F|\n|poke|p1|Sneasler, L50, M|\n|poke|p1|Drampa, L50, M|\n|poke|p2|Spiritomb, L50, M|\n|poke|p2|Aggron, L50, F|\n|poke|p2|Ampharos, L50, F|\n|poke|p2|Incineroar, L50, M|\n|poke|p2|Basculegion, L50, M|\n|poke|p2|Pelipper, L50, M|\n|teampreview|4\n|inactive|Battle timer is ON: inactive players will automatically lose when time's up. (requested by imxdness \u266a)\n|\n|t:|1776459676\n|teamsize|p1|4\n|teamsize|p2|4\n|start\n|switch|p1a: Sneasler|Sneasler, L50, M|100/100\n|switch|p1b: Dragonite|Dragonite, L50, M|100/100\n|switch|p2a: Spiritomb|Spiritomb, L50, M|100/100\n|switch|p2b: Aggron|Aggron, L50, F|100/100\n|turn|1\n|\n|t:|1776459699\n|detailschange|p1b: Dragonite|Dragonite-Mega, L50, M\n|-mega|p1b: Dragonite|Dragonite|Dragoninite\n|detailschange|p2b: Aggron|Aggron-Mega, L50, F\n|-mega|p2b: Aggron|Aggron|Aggronite\n|move|p2a: Spiritomb|Ally Switch|p2a: Spiritomb\n|swap|p2a: Spiritomb|1|[from] move: Ally Switch\n|move|p1a: Sneasler|Close Combat|p2b: Spiritomb\n|-immune|p2b: Spiritomb\n|move|p1b: Dragonite|Draco Meteor|p2a: Aggron\n|-resisted|p2a: Aggron|1\n|-damage|p2a: Aggron|65/100\n|-unboost|p1b: Dragonite|spa|2\n|move|p2a: Aggron|Iron Defense|p2a: Aggron\n|-boost|p2a: Aggron|def|2\n|\n|upkeep\n|turn|2\n|inactive|imxdness \u266a has 30 seconds left.\n|\n|t:|1776459732\n|move|p2a: Aggron|Protect|p2a: Aggron\n|-singleturn|p2a: Aggron|Protect\n|move|p1a: Sneasler|Close Combat|p2a: Aggron\n|-activate|p2a: Aggron|move: Protect\n|move|p1b: Dragonite|Draco Meteor|p2b: Spiritomb\n|-damage|p2b: Spiritomb|60/100\n|-unboost|p1b: Dragonite|spa|2\n|move|p2b: Spiritomb|Trick Room|p2b: Spiritomb\n|-fieldstart|move: Trick Room|[of] p2b: Spiritomb\n|\n|upkeep\n|turn|3\n|\n|t:|1776459752\n|switch|p1a: Pelipper|Pelipper, L50, M|100/100\n|-weather|RainDance|[from] ability: Drizzle|[of] p1a: Pelipper\n|move|p1b: Dragonite|Protect|p1b: Dragonite\n|-singleturn|p1b: Dragonite|Protect\n|move|p2b: Spiritomb|Will-O-Wisp|p1a: Pelipper\n|-status|p1a: Pelipper|brn\n|move|p2a: Aggron|Iron Defense|p2a: Aggron\n|-boost|p2a: Aggron|def|2\n|\n|-weather|RainDance|[upkeep]\n|-damage|p1a: Pelipper|95/100 brn|[from] brn\n|upkeep\n|turn|4\n|inactive|imxdness \u266a has 30 seconds left.\n|\n|t:|1776459785\n|switch|p1b: Archaludon|Archaludon, L50, F|100/100\n|move|p2b: Spiritomb|Dark Pulse|p1a: Pelipper\n|-damage|p1a: Pelipper|56/100 brn\n|move|p2a: Aggron|Body Press|p1a: Pelipper\n|-resisted|p1a: Pelipper|1\n|-damage|p1a: Pelipper|0 fnt\n|faint|p1a: Pelipper\n|\n|-weather|RainDance|[upkeep]\n|upkeep\n|\n|t:|1776459795\n|switch|p1a: Sneasler|Sneasler, L50, M|100/100\n|turn|5\n|c|\u2606NaecheVGC|The wall\n|\n|t:|1776459820\n|move|p2b: Spiritomb|Will-O-Wisp|p1a: Sneasler\n|-status|p1a: Sneasler|brn\n|move|p2a: Aggron|Body Press|p1b: Archaludon\n|-supereffective|p1b: Archaludon|1\n|-damage|p1b: Archaludon|0 fnt\n|faint|p1b: Archaludon\n|move|p1a: Sneasler|Close Combat|p2a: Aggron\n|-supereffective|p2a: Aggron|1\n|-damage|p2a: Aggron|57/100\n|-unboost|p1a: Sneasler|def|1\n|-unboost|p1a: Sneasler|spd|1\n|-enditem|p1a: Sneasler|White Herb\n|-clearnegativeboost|p1a: Sneasler|[silent]\n|\n|-weather|RainDance|[upkeep]\n|-damage|p1a: Sneasler|95/100 brn|[from] brn\n|upkeep\n|-message|imxdness \u266a forfeited.\n|\n|win|NaecheVGC\n|raw|imxdness \u266a's rating: 1266 &rarr; <strong>1246</strong><br />(-20 for losing)\n|raw|NaecheVGC's rating: 1333 &rarr; <strong>1349</strong><br />(+16 for winning)\n|l|\u2606imxdness \u266a\n|player|p1|\n",
  "uploadtime": 1776459937,
  "views": 47,
  "formatid": "gen9championsvgc2026regma",
  "rating": 1246,
  "private": 0,
  "password": null
}