{
  "id": "gen9championsvgc2026regma-2580912130",
  "format": "[Gen 9 Champions] VGC 2026 Reg M-A",
  "players": [
    "Sfizio1908",
    "Dirtmaster3000"
  ],
  "log": "|j|\u2606Sfizio1908\n|j|\u2606Dirtmaster3000\n|html|<table width=\"100%\"><tr><td align=\"left\">Sfizio1908</td><td align=\"right\">Dirtmaster3000</tr><tr><td align=\"left\"><i class=\"fa fa-circle-o\"></i> <i class=\"fa fa-circle-o\"></i> </td><td align=\"right\"><i class=\"fa fa-circle-o\"></i> <i class=\"fa fa-circle-o\"></i> </tr></table>\n|uhtml|bestof|<h2><strong>Game 1</strong> of <a href=\"/game-bestof3-gen9championsvgc2026regma-2580912129\">a best-of-3</a></h2>\n|t:|1775942722\n|gametype|doubles\n|player|p1|Sfizio1908|ethan|\n|player|p2|Dirtmaster3000|ethan|\n|gen|9\n|tier|[Gen 9 Champions] VGC 2026 Reg M-A\n|rule|Species Clause: Limit one of each Pok\u00e9mon\n|rule|Item Clause: Limit 1 of each item\n|raw|<div class=\"infobox\"><details class=\"readmore\" open><summary><strong>1 custom rule:</strong></summary> Best of = 3</details></div>\n|clearpoke\n|poke|p1|Charizard, L50, F|\n|poke|p1|Whimsicott, L50, F|\n|poke|p1|Farigiraf, L50, F|\n|poke|p1|Sneasler, L50, F|\n|poke|p1|Basculegion, L50, M|\n|poke|p1|Meowscarada, L50, F|\n|poke|p2|Farigiraf, L50, M|\n|poke|p2|Pelipper, L50, F|\n|poke|p2|Basculegion, L50, M|\n|poke|p2|Meganium, L50, M|\n|poke|p2|Incineroar, L50, M|\n|poke|p2|Archaludon, L50, M|\n|teampreview|4\nDirtmaster3000 has agreed to open team sheets.\nSfizio1908 has agreed to open team sheets.\n|showteam|p1|Charizard||CharizarditeY|SolarPower|HeatWave,Overheat,SolarBeam,Protect|||F|||50|]Whimsicott||FocusSash|Prankster|Moonblast,Tailwind,Encore,Protect|||F|||50|]Farigiraf||SitrusBerry|ArmorTail|Psychic,HyperVoice,HelpingHand,TrickRoom|||F|||50|]Sneasler||WhiteHerb|Unburden|CloseCombat,DireClaw,FakeOut,Protect|||F|||50|]Basculegion||ChoiceScarf|Adaptability|WaveCrash,AquaJet,LastRespects,IceBeam|||M|||50|]Meowscarada||MiracleSeed|Protean|FlowerTrick,Uturn,SuckerPunch,Protect|||F|||50|\n|showteam|p2|Farigiraf||Leftovers|ArmorTail|Psychic,HelpingHand,TrickRoom,Protect|||M|||50|]Pelipper||FocusSash|Drizzle|Hurricane,WeatherBall,Tailwind,Protect|||F|||50|]Basculegion||ChoiceScarf|Adaptability|WaveCrash,LastRespects,AquaJet,FlipTurn|||M|||50|]Meganium||Meganiumite|Overgrow|SolarBeam,WeatherBall,Synthesis,Protect|||M|||50|]Incineroar||SitrusBerry|Intimidate|FakeOut,DarkestLariat,WillOWisp,PartingShot|||M|||50|]Archaludon||WhiteHerb|Sturdy|ElectroShot,DracoMeteor,FlashCannon,Protect|||M|||50|\n|\n|t:|1775942806\n|teamsize|p1|4\n|teamsize|p2|4\n|start\n|switch|p1a: Farigiraf|Farigiraf, L50, F|100/100\n|switch|p1b: Sneasler|Sneasler, L50, F|100/100\n|switch|p2a: Meganium|Meganium, L50, M|100/100\n|switch|p2b: Incineroar|Incineroar, L50, M|100/100\n|-ability|p2b: Incineroar|Intimidate|boost\n|-unboost|p1a: Farigiraf|atk|1\n|-unboost|p1b: Sneasler|atk|1\n|-enditem|p1b: Sneasler|White Herb\n|-clearnegativeboost|p1b: Sneasler|[silent]\n|turn|1\n|inactive|Battle timer is ON: inactive players will automatically lose when time's up. (requested by Dirtmaster3000)\n|inactive|Dirtmaster3000 has 60 seconds left.\n|inactive|Sfizio1908 has 60 seconds left.\n|\n|t:|1775942854\n|switch|p2a: Pelipper|Pelipper, L50, F|100/100\n|-weather|RainDance|[from] ability: Drizzle|[of] p2a: Pelipper\n|move|p1a: Farigiraf|Helping Hand|p1b: Sneasler\n|-singleturn|p1b: Sneasler|Helping Hand|[of] p1a: Farigiraf\n|move|p1b: Sneasler|Dire Claw|p2a: Pelipper\n|-crit|p2a: Pelipper\n|-enditem|p2a: Pelipper|Focus Sash\n|-damage|p2a: Pelipper|1/100\n|move|p2b: Incineroar|Parting Shot|p1b: Sneasler\n|-unboost|p1b: Sneasler|atk|1\n|-unboost|p1b: Sneasler|spa|1\n|\n|t:|1775942874\n|switch|p2b: Archaludon|Archaludon, L50, M|100/100|[from] Parting Shot\n|\n|-weather|RainDance|[upkeep]\n|upkeep\n|turn|2\n|inactive|Dirtmaster3000 has 30 seconds left.\n|inactive|Dirtmaster3000 has 20 seconds left.\n|\n|t:|1775942914\n|switch|p2a: Incineroar|Incineroar, L50, M|100/100\n|-ability|p2a: Incineroar|Intimidate|boost\n|-unboost|p1a: Farigiraf|atk|1\n|-unboost|p1b: Sneasler|atk|1\n|move|p1b: Sneasler|Close Combat|p2b: Archaludon\n|-supereffective|p2b: Archaludon|1\n|-crit|p2b: Archaludon\n|-ability|p2b: Archaludon|Sturdy\n|-damage|p2b: Archaludon|1/100\n|-unboost|p1b: Sneasler|def|1\n|-unboost|p1b: Sneasler|spd|1\n|move|p2b: Archaludon|Electro Shot||[still]\n|-prepare|p2b: Archaludon|Electro Shot\n|-boost|p2b: Archaludon|spa|1\n|-anim|p2b: Archaludon|Electro Shot|p1a: Farigiraf\n|-damage|p1a: Farigiraf|37/100\n|-enditem|p1a: Farigiraf|Sitrus Berry|[eat]\n|-heal|p1a: Farigiraf|62/100|[from] item: Sitrus Berry\n|move|p1a: Farigiraf|Hyper Voice|p2b: Archaludon|[spread] p2a,p2b\n|-resisted|p2b: Archaludon|1\n|-damage|p2a: Incineroar|78/100\n|-damage|p2b: Archaludon|0 fnt\n|faint|p2b: Archaludon\n|\n|-weather|RainDance|[upkeep]\n|upkeep\n|inactive|Dirtmaster3000 has 30 seconds left.\n|\n|t:|1775942948\n|switch|p2b: Meganium|Meganium, L50, M|100/100\n|turn|3\n|\n|t:|1775942973\n|switch|p1a: Charizard|Charizard, L50, F|100/100\n|move|p1b: Sneasler|Protect|p1b: Sneasler\n|-singleturn|p1b: Sneasler|Protect\n|move|p2b: Meganium|Weather Ball|p1b: Sneasler\n|-activate|p1b: Sneasler|move: Protect\n|move|p2a: Incineroar|Darkest Lariat|p1a: Charizard\n|-damage|p1a: Charizard|57/100\n|\n|-weather|RainDance|[upkeep]\n|upkeep\n|turn|4\n|inactive|Sfizio1908 has 30 seconds left.\n|inactive|Dirtmaster3000 has 30 seconds left.\n|inactive|Sfizio1908 has 20 seconds left.\n|inactive|Dirtmaster3000 has 20 seconds left.\n|inactive|Dirtmaster3000 has 15 seconds left.\n|inactive|Dirtmaster3000 has 10 seconds left.\n|inactive|Dirtmaster3000 has 5 seconds left.\n|\n|t:|1775943024\n|switch|p1b: Farigiraf|Farigiraf, L50, F|62/100\n|switch|p1a: Basculegion|Basculegion, L50, M|100/100\n|move|p2b: Meganium|Weather Ball|p1a: Basculegion\n|-resisted|p1a: Basculegion|1\n|-damage|p1a: Basculegion|79/100\n|move|p2a: Incineroar|Parting Shot|p1b: Farigiraf\n|-unboost|p1b: Farigiraf|atk|1\n|-unboost|p1b: Farigiraf|spa|1\n|\n|t:|1775943036\n|switch|p2a: Pelipper|Pelipper, L50, F|1/100|[from] Parting Shot\n|\n|-weather|RainDance|[upkeep]\n|upkeep\n|turn|5\n|\n|t:|1775943050\n|detailschange|p2b: Meganium|Meganium-Mega, L50, M\n|-mega|p2b: Meganium|Meganium|Meganiumite\n|move|p1b: Farigiraf|Helping Hand|p1a: Basculegion\n|-singleturn|p1a: Basculegion|Helping Hand|[of] p1b: Farigiraf\n|move|p2a: Pelipper|Protect|p2a: Pelipper\n|-singleturn|p2a: Pelipper|Protect\n|move|p1a: Basculegion|Ice Beam|p2b: Meganium\n|-supereffective|p2b: Meganium|1\n|-damage|p2b: Meganium|53/100\n|move|p2b: Meganium|Solar Beam||[still]\n|-prepare|p2b: Meganium|Solar Beam\n|-activate|p2b: Meganium|ability: Mega Sol\n|-anim|p2b: Meganium|Solar Beam|p1a: Basculegion\n|-supereffective|p1a: Basculegion|1\n|-damage|p1a: Basculegion|0 fnt\n|faint|p1a: Basculegion\n|\n|-weather|none\n|upkeep\n|\n|t:|1775943067\n|switch|p1a: Sneasler|Sneasler, L50, F|100/100\n|turn|6\n|\n|t:|1775943082\n|switch|p2a: Incineroar|Incineroar, L50, M|78/100\n|-ability|p2a: Incineroar|Intimidate|boost\n|-unboost|p1a: Sneasler|atk|1\n|-unboost|p1b: Farigiraf|atk|1\n|move|p2b: Meganium|Protect|p2b: Meganium\n|-singleturn|p2b: Meganium|Protect\n|move|p1a: Sneasler|Dire Claw|p2b: Meganium\n|-activate|p2b: Meganium|move: Protect\n|move|p1b: Farigiraf|Hyper Voice|p2a: Incineroar|[spread] p2a\n|-activate|p2b: Meganium|move: Protect\n|-damage|p2a: Incineroar|63/100\n|\n|upkeep\n|turn|7\n|inactive|Dirtmaster3000 has 30 seconds left.\n|inactive|Dirtmaster3000 has 20 seconds left.\n|\n|t:|1775943118\n|switch|p2b: Pelipper|Pelipper, L50, F|1/100\n|-weather|RainDance|[from] ability: Drizzle|[of] p2b: Pelipper\n|move|p1b: Farigiraf|Helping Hand|p1a: Sneasler\n|-singleturn|p1a: Sneasler|Helping Hand|[of] p1b: Farigiraf\n|move|p1a: Sneasler|Close Combat|p2a: Incineroar\n|-supereffective|p2a: Incineroar|1\n|-damage|p2a: Incineroar|0 fnt\n|-unboost|p1a: Sneasler|def|1\n|-unboost|p1a: Sneasler|spd|1\n|faint|p2a: Incineroar\n|\n|-weather|RainDance|[upkeep]\n|upkeep\n|\n|t:|1775943132\n|switch|p2a: Meganium|Meganium-Mega, L50, M|53/100\n|turn|8\n|inactive|Sfizio1908 has 30 seconds left.\n|\n|t:|1775943161\n|move|p1a: Sneasler|Protect|p1a: Sneasler\n|-singleturn|p1a: Sneasler|Protect\n|move|p2a: Meganium|Protect|p2a: Meganium\n|-singleturn|p2a: Meganium|Protect\n|move|p2b: Pelipper|Tailwind|p2b: Pelipper\n|-sidestart|p2: Dirtmaster3000|move: Tailwind\n|move|p1b: Farigiraf|Hyper Voice|p2b: Pelipper|[spread] p2b\n|-activate|p2a: Meganium|move: Protect\n|-damage|p2b: Pelipper|0 fnt\n|faint|p2b: Pelipper\n|\n|-weather|RainDance|[upkeep]\n|upkeep\n|turn|9\n|\n|t:|1775943177\n|switch|p1a: Charizard|Charizard, L50, F|57/100\n|move|p2a: Meganium|Weather Ball|p1a: Charizard\n|-resisted|p1a: Charizard|1\n|-damage|p1a: Charizard|29/100\n|move|p1b: Farigiraf|Trick Room|p1b: Farigiraf\n|-fieldstart|move: Trick Room|[of] p1b: Farigiraf\n|\n|-weather|RainDance|[upkeep]\n|upkeep\n|turn|10\n|inactive|Sfizio1908 has 30 seconds left.\n|inactive|Dirtmaster3000 has 30 seconds left.\n|\n|t:|1775943205\n|detailschange|p1a: Charizard|Charizard-Mega-Y, L50, F\n|-mega|p1a: Charizard|Charizard|Charizardite Y\n|-weather|SunnyDay|[from] ability: Drought|[of] p1a: Charizard\n|move|p1b: Farigiraf|Psychic|p2a: Meganium\n|-damage|p2a: Meganium|35/100\n|move|p1a: Charizard|Overheat|p2a: Meganium\n|-supereffective|p2a: Meganium|1\n|-damage|p2a: Meganium|0 fnt\n|-unboost|p1a: Charizard|spa|2\n|faint|p2a: Meganium\n|\n|win|Sfizio1908\n|inactive|Sfizio1908 has 30 seconds to confirm battle start!\n|inactive|Dirtmaster3000 has 30 seconds to confirm battle start!\n||Dirtmaster3000 is ready for game 2.\n||Sfizio1908 is ready for game 2.\n|uhtml|next|Next: <a href=\"/battle-gen9championsvgc2026regma-2580917871\"><strong>Game 2 of 3</strong></a>\n|l|\u2606Sfizio1908\n|player|p1|\n",
  "uploadtime": 1775944273,
  "views": 12,
  "formatid": "gen9championsvgc2026regma",
  "rating": null,
  "private": 0,
  "password": null
}