{
  "id": "gen9championsvgc2026regma-2580606507",
  "format": "[Gen 9 Champions] VGC 2026 Reg M-A",
  "players": [
    "5wamp",
    "Reebookpump"
  ],
  "log": "|j|\u26065wamp\n|j|\u2606Reebookpump\n|html|<table width=\"100%\"><tr><td align=\"left\">5wamp</td><td align=\"right\">Reebookpump</tr><tr><td align=\"left\"><i class=\"fa fa-circle-o\"></i> <i class=\"fa fa-circle-o\"></i> </td><td align=\"right\"><i class=\"fa fa-circle-o\"></i> <i class=\"fa fa-circle-o\"></i> </tr></table>\n|uhtml|bestof|<h2><strong>Game 1</strong> of <a href=\"/game-bestof3-gen9championsvgc2026regma-2580606506\">a best-of-3</a></h2>\n|t:|1775917499\n|gametype|doubles\n|player|p1|5wamp|carmine-festival|\n|player|p2|Reebookpump|red-masters|\n|gen|9\n|tier|[Gen 9 Champions] VGC 2026 Reg M-A\n|rated|Tournament battle\n|rule|Species Clause: Limit one of each Pok\u00e9mon\n|rule|Item Clause: Limit 1 of each item\n|raw|<div class=\"infobox\"><details class=\"readmore\" open><summary><strong>2 custom rules:</strong></summary> Force Open Team Sheets, Best of = 3</details></div>\n|clearpoke\n|poke|p1|Floette-Eternal, L50, F|\n|poke|p1|Garchomp, L50, F|\n|poke|p1|Aegislash, L50, F|\n|poke|p1|Milotic, L50, F|\n|poke|p1|Sinistcha, L50|\n|poke|p1|Incineroar, L50, F|\n|poke|p2|Charizard, L50, F|\n|poke|p2|Venusaur, L50, F|\n|poke|p2|Pelipper, L50, F|\n|poke|p2|Garchomp, L50, F|\n|poke|p2|Rotom-Wash, L50|\n|poke|p2|Incineroar, L50, M|\n|teampreview|4\n|showteam|p1|Floette-Eternal||Floettite|FlowerVeil|Moonblast,DazzlingGleam,CalmMind,Protect|||F|||50|]Garchomp||LumBerry|SandVeil|StompingTantrum,DragonClaw,RockSlide,Protect|||F|||50|]Aegislash||SpellTag|StanceChange|Poltergeist,ShadowSneak,SacredSword,KingsShield|||F|||50|]Milotic||Leftovers|Competitive|Scald,IceBeam,Recover,Protect|||F|||50|]Sinistcha||OccaBerry|Hospitality|MatchaGotcha,StrengthSap,RagePowder,TrickRoom||||||50|]Incineroar||SitrusBerry|Intimidate|FakeOut,FlareBlitz,ThroatChop,PartingShot|||F|||50|\n|showteam|p2|Charizard||CharizarditeY|SolarPower|HeatWave,WeatherBall,Hurricane,Protect|||F|||50|]Venusaur||Venusaurite|Chlorophyll|SludgeBomb,WeatherBall,EarthPower,Protect|||F|||50|]Pelipper||FocusSash|Drizzle|Hurricane,WeatherBall,Tailwind,Protect|||F|||50|]Garchomp||SoftSand|RoughSkin|Earthquake,DragonClaw,SwordsDance,Protect|||F|||50|]Rotom-Wash||ChoiceScarf|Levitate|HydroPump,Discharge,Thunder,VoltSwitch||||||50|]Incineroar||SitrusBerry|Intimidate|FakeOut,FlareBlitz,ThroatChop,PartingShot|||M|||50|\n|inactive|Battle timer is ON: inactive players will automatically lose when time's up. (requested by 5wamp)\n|j| Avatar Kony\n|\n|t:|1775917526\n|teamsize|p1|4\n|teamsize|p2|4\n|start\n|switch|p1a: Garchomp|Garchomp, L50, F|100/100\n|switch|p1b: Milotic|Milotic, L50, F|100/100\n|switch|p2a: Venusaur|Venusaur, L50, F|100/100\n|switch|p2b: Rotom|Rotom-Wash, L50|100/100\n|turn|1\n|j| Zavok65\n|inactive|Reebookpump has 30 seconds left.\n|inactive|Reebookpump has 20 seconds left.\n|\n|t:|1775917562\n|switch|p1b: Aegislash|Aegislash, L50, F|100/100\n|detailschange|p2a: Venusaur|Venusaur-Mega, L50, F\n|-mega|p2a: Venusaur|Venusaur|Venusaurite\n|move|p2b: Rotom|Volt Switch|p1b: Aegislash\n|-damage|p1b: Aegislash|74/100\n|\n|t:|1775917578\n|switch|p2b: Pelipper|Pelipper, L50, F|100/100|[from] Volt Switch\n|-weather|RainDance|[from] ability: Drizzle|[of] p2b: Pelipper\n|move|p1a: Garchomp|Dragon Claw|p2a: Venusaur\n|-damage|p2a: Venusaur|68/100\n|move|p2a: Venusaur|Sludge Bomb|p1a: Garchomp\n|-resisted|p1a: Garchomp|1\n|-damage|p1a: Garchomp|74/100\n|-status|p1a: Garchomp|psn\n|-enditem|p1a: Garchomp|Lum Berry|[eat]\n|-curestatus|p1a: Garchomp|psn|[msg]\n|\n|-weather|RainDance|[upkeep]\n|upkeep\n|turn|2\n|\n|t:|1775917596\n|move|p1a: Garchomp|Rock Slide|p2a: Venusaur|[spread] p2a,p2b\n|-supereffective|p2b: Pelipper|1\n|-damage|p2a: Venusaur|53/100\n|-damage|p2b: Pelipper|47/100\n|move|p2b: Pelipper|Weather Ball|p1a: Garchomp\n|-damage|p1a: Garchomp|0 fnt\n|faint|p1a: Garchomp\n|cant|p2a: Venusaur|flinch\n|-formechange|p1b: Aegislash|Aegislash-Blade|\n|move|p1b: Aegislash|Poltergeist|p2a: Venusaur|[miss]\n|-miss|p1b: Aegislash|p2a: Venusaur\n|\n|-weather|RainDance|[upkeep]\n|upkeep\n|\n|t:|1775917610\n|switch|p1a: Milotic|Milotic, L50, F|100/100\n|turn|3\n|\n|t:|1775917623\n|switch|p2b: Rotom|Rotom-Wash, L50|100/100\n|move|p1a: Milotic|Protect|p1a: Milotic\n|-singleturn|p1a: Milotic|Protect\n|-formechange|p1b: Aegislash|Aegislash|\n|move|p1b: Aegislash|King's Shield|p1b: Aegislash\n|-singleturn|p1b: Aegislash|Protect\n|move|p2a: Venusaur|Earth Power|p1b: Aegislash\n|-activate|p1b: Aegislash|move: Protect\n|\n|-weather|RainDance|[upkeep]\n|upkeep\n|turn|4\n|\n|t:|1775917644\n|move|p2b: Rotom|Volt Switch|p1b: Aegislash\n|-damage|p1b: Aegislash|46/100\n|\n|t:|1775917649\n|switch|p2b: Pelipper|Pelipper, L50, F|47/100|[from] Volt Switch\n|move|p2a: Venusaur|Earth Power|p1b: Aegislash\n|-supereffective|p1b: Aegislash|1\n|-damage|p1b: Aegislash|0 fnt\n|faint|p1b: Aegislash\n|move|p1a: Milotic|Scald|p2b: Pelipper\n|-resisted|p2b: Pelipper|1\n|-damage|p2b: Pelipper|3/100\n|\n|-weather|RainDance|[upkeep]\n|upkeep\n|\n|t:|1775917654\n|switch|p1b: Floette|Floette-Eternal, L50, F|100/100\n|turn|5\n|\n|t:|1775917670\n|switch|p2b: Charizard|Charizard, L50, F|100/100\n|detailschange|p1b: Floette|Floette-Mega, L50, F\n|-mega|p1b: Floette|Floette|Floettite\n|-ability|p1b: Floette|Fairy Aura\n|move|p1b: Floette|Dazzling Gleam|p2a: Venusaur|[spread] p2a,p2b\n|-resisted|p2a: Venusaur|1\n|-resisted|p2b: Charizard|1\n|-damage|p2a: Venusaur|35/100\n|-damage|p2b: Charizard|67/100\n|move|p2a: Venusaur|Sludge Bomb|p1b: Floette\n|-supereffective|p1b: Floette|1\n|-damage|p1b: Floette|35/100\n|move|p1a: Milotic|Ice Beam|p2a: Venusaur\n|-supereffective|p2a: Venusaur|1\n|-damage|p2a: Venusaur|14/100\n|\n|-weather|none\n|upkeep\n|turn|6\n|inactive|Reebookpump has 30 seconds left.\n|inactive|Reebookpump has 20 seconds left.\n|\n|t:|1775917710\n|move|p2b: Charizard|Heat Wave|p1a: Milotic|[spread] p1a,p1b\n|-resisted|p1a: Milotic|1\n|-crit|p1b: Floette\n|-damage|p1a: Milotic|89/100\n|-damage|p1b: Floette|0 fnt\n|-status|p1a: Milotic|brn\n|faint|p1b: Floette\n|move|p2a: Venusaur|Sludge Bomb|p1a: Milotic\n|-crit|p1a: Milotic\n|-damage|p1a: Milotic|40/100 brn\n|move|p1a: Milotic|Scald|p2b: Charizard\n|-supereffective|p2b: Charizard|1\n|-damage|p2b: Charizard|0 fnt\n|faint|p2b: Charizard\n|\n|-heal|p1a: Milotic|46/100 brn|[from] item: Leftovers\n|-damage|p1a: Milotic|40/100 brn|[from] brn\n|upkeep\n|-message|5wamp forfeited.\n|\n|win|Reebookpump\n||5wamp is ready for game 2.\n||Reebookpump is ready for game 2.\n|uhtml|next|Next: <a href=\"/battle-gen9championsvgc2026regma-2580608877\"><strong>Game 2 of 3</strong></a>\n|l| Zavok65\n|l| Avatar Kony\n",
  "uploadtime": 1775917714,
  "views": 13,
  "formatid": "gen9championsvgc2026regma",
  "rating": null,
  "private": 0,
  "password": null
}