{
  "id": "gen9championsvgc2026regma-2588946350",
  "format": "[Gen 9 Champions] VGC 2026 Reg M-A",
  "players": [
    "Thee_Brid",
    "bigpedro"
  ],
  "log": "|j|\u2606Thee_Brid\n|j|\u2606bigpedro\n|t:|1776688432\n|gametype|doubles\n|player|p1|Thee_Brid|102|1300\n|player|p2|bigpedro|wallace|1345\n|gen|9\n|tier|[Gen 9 Champions] VGC 2026 Reg M-A\n|rated|\n|rule|Species Clause: Limit one of each Pok\u00e9mon\n|rule|Item Clause: Limit 1 of each item\n|clearpoke\n|poke|p1|Dedenne, L50, F|\n|poke|p1|Aerodactyl, L50, F|\n|poke|p1|Incineroar, L50, F|\n|poke|p1|Milotic, L50, M|\n|poke|p1|Sinistcha, L50|\n|poke|p1|Tyranitar, L50, M|\n|poke|p2|Floette-Eternal, L50, F|\n|poke|p2|Delphox, L50, M|\n|poke|p2|Aerodactyl, L50, F|\n|poke|p2|Garchomp, L50, M|\n|poke|p2|Basculegion, L50, M|\n|poke|p2|Sneasler, L50, F|\n|teampreview|4\n|inactive|Battle timer is ON: inactive players will automatically lose when time's up. (requested by bigpedro)\n|\n|t:|1776688460\n|teamsize|p1|4\n|teamsize|p2|4\n|start\n|switch|p1a: Dedenne|Dedenne, L50, F|100/100\n|switch|p1b: Incineroar|Incineroar, L50, F|100/100\n|switch|p2a: Sneasler|Sneasler, L50, F|100/100\n|switch|p2b: Aerodactyl|Aerodactyl, L50, F|100/100\n|-ability|p2b: Aerodactyl|Unnerve\n|-ability|p1b: Incineroar|Intimidate|boost\n|-unboost|p2a: Sneasler|atk|1\n|-unboost|p2b: Aerodactyl|atk|1\n|-enditem|p2a: Sneasler|White Herb\n|-clearnegativeboost|p2a: Sneasler|[silent]\n|turn|1\n|\n|t:|1776688478\n|move|p2b: Aerodactyl|Protect|p2b: Aerodactyl\n|-singleturn|p2b: Aerodactyl|Protect\n|move|p2a: Sneasler|Fake Out|p1b: Incineroar\n|-damage|p1b: Incineroar|89/100\n|cant|p1b: Incineroar|flinch\n|move|p1a: Dedenne|Nuzzle|p2a: Sneasler\n|-damage|p2a: Sneasler|91/100\n|-status|p2a: Sneasler|par\n|\n|upkeep\n|turn|2\n|\n|t:|1776688494\n|move|p2b: Aerodactyl|Rock Slide|p1a: Dedenne|[spread] \n|-miss|p2b: Aerodactyl|p1a: Dedenne\n|-miss|p2b: Aerodactyl|p1b: Incineroar\n|move|p2a: Sneasler|Close Combat|p1b: Incineroar\n|-supereffective|p1b: Incineroar|1\n|-damage|p1b: Incineroar|0 fnt\n|-unboost|p2a: Sneasler|def|1\n|-unboost|p2a: Sneasler|spd|1\n|faint|p1b: Incineroar\n|move|p1a: Dedenne|Nuzzle|p2b: Aerodactyl\n|-supereffective|p2b: Aerodactyl|1\n|-damage|p2b: Aerodactyl|85/100\n|-status|p2b: Aerodactyl|par\n|\n|upkeep\n|\n|t:|1776688508\n|switch|p1b: Milotic|Milotic, L50, M|100/100\n|turn|3\n|\n|t:|1776688515\n|move|p1a: Dedenne|Helping Hand|p1b: Milotic\n|-singleturn|p1b: Milotic|Helping Hand|[of] p1a: Dedenne\n|move|p2a: Sneasler|Dire Claw|p1b: Milotic\n|-damage|p1b: Milotic|51/100\n|-status|p1b: Milotic|par\n|move|p2b: Aerodactyl|Tailwind|p2b: Aerodactyl\n|-sidestart|p2: bigpedro|move: Tailwind\n|move|p1b: Milotic|Icy Wind|p2a: Sneasler|[spread] p2a,p2b\n|-supereffective|p2b: Aerodactyl|1\n|-damage|p2a: Sneasler|52/100 par\n|-damage|p2b: Aerodactyl|25/100 par\n|-unboost|p2a: Sneasler|spe|1\n|-unboost|p2b: Aerodactyl|spe|1\n|\n|-heal|p1b: Milotic|57/100 par|[from] item: Leftovers\n|upkeep\n|turn|4\n|\n|t:|1776688535\n|move|p1b: Milotic|Protect|p1b: Milotic\n|-singleturn|p1b: Milotic|Protect\n|move|p2a: Sneasler|Dire Claw|p1b: Milotic\n|-activate|p1b: Milotic|move: Protect\n|move|p2b: Aerodactyl|Rock Slide|p1b: Milotic|[spread] p1a\n|-activate|p1b: Milotic|move: Protect\n|-damage|p1a: Dedenne|83/100\n|cant|p1a: Dedenne|flinch\n|\n|-heal|p1b: Milotic|63/100 par|[from] item: Leftovers\n|upkeep\n|turn|5\n|\n|t:|1776688554\n|move|p1a: Dedenne|Helping Hand|p1b: Milotic\n|-singleturn|p1b: Milotic|Helping Hand|[of] p1a: Dedenne\n|move|p2a: Sneasler|Close Combat|p1b: Milotic\n|-damage|p1b: Milotic|0 fnt\n|-unboost|p2a: Sneasler|def|1\n|-unboost|p2a: Sneasler|spd|1\n|faint|p1b: Milotic\n|cant|p2b: Aerodactyl|par\n|\n|upkeep\n|\n|t:|1776688564\n|switch|p1b: Aerodactyl|Aerodactyl, L50, F|100/100\n|-ability|p1b: Aerodactyl|Unnerve\n|turn|6\n|\n|t:|1776688582\n|detailschange|p1b: Aerodactyl|Aerodactyl-Mega, L50, F\n|-mega|p1b: Aerodactyl|Aerodactyl|Aerodactylite\n|move|p1a: Dedenne|Helping Hand|p1b: Aerodactyl\n|-singleturn|p1b: Aerodactyl|Helping Hand|[of] p1a: Dedenne\n|cant|p2a: Sneasler|par\n|move|p1b: Aerodactyl|Rock Slide|p2a: Sneasler|[spread] p2a,p2b\n|-resisted|p2a: Sneasler|1\n|-supereffective|p2b: Aerodactyl|1\n|-damage|p2a: Sneasler|0 fnt\n|-damage|p2b: Aerodactyl|0 fnt\n|faint|p2a: Sneasler\n|faint|p2b: Aerodactyl\n|\n|-sideend|p2: bigpedro|move: Tailwind\n|upkeep\n|\n|t:|1776688593\n|switch|p2b: Floette|Floette-Eternal, L50, F|100/100\n|switch|p2a: Garchomp|Garchomp, L50, M|100/100\n|turn|7\n|\n|t:|1776688609\n|detailschange|p2b: Floette|Floette-Mega, L50, F\n|-mega|p2b: Floette|Floette|Floettite\n|-ability|p2b: Floette|Fairy Aura\n|move|p1b: Aerodactyl|Protect|p1b: Aerodactyl\n|-singleturn|p1b: Aerodactyl|Protect\n|move|p2a: Garchomp|Stomping Tantrum|p1a: Dedenne\n|-supereffective|p1a: Dedenne|1\n|-damage|p1a: Dedenne|0 fnt\n|faint|p1a: Dedenne\n|move|p2b: Floette|Light of Ruin|p1b: Aerodactyl\n|-activate|p1b: Aerodactyl|move: Protect\n|\n|upkeep\n|turn|8\n|\n|t:|1776688624\n|move|p1b: Aerodactyl|Iron Head|p2b: Floette\n|-supereffective|p2b: Floette|1\n|-damage|p2b: Floette|4/100\n|move|p2b: Floette|Light of Ruin|p1b: Aerodactyl\n|-crit|p1b: Aerodactyl\n|-damage|p1b: Aerodactyl|0 fnt\n|faint|p1b: Aerodactyl\n|-damage|p2b: Floette|0 fnt|[from] Recoil\n|faint|p2b: Floette\n|\n|win|bigpedro\n|raw|Thee_Brid's rating: 1300 &rarr; <strong>1278</strong><br />(-22 for losing)\n|raw|bigpedro's rating: 1345 &rarr; <strong>1362</strong><br />(+17 for winning)\n",
  "uploadtime": 1776688632,
  "views": 8,
  "formatid": "gen9championsvgc2026regma",
  "rating": 1278,
  "private": 0,
  "password": null
}