{
  "id": "gen9championsvgc2026regma-2585891472",
  "format": "[Gen 9 Champions] VGC 2026 Reg M-A",
  "players": [
    "hitsumigur",
    "MistysBikiniB0tt0m"
  ],
  "log": "|j|\u2606hitsumigur\n|j|\u2606MistysBikiniB0tt0m\n|t:|1776378916\n|gametype|doubles\n|player|p1|hitsumigur|101|1095\n|player|p2|MistysBikiniB0tt0m|102|1000\n|gen|9\n|tier|[Gen 9 Champions] VGC 2026 Reg M-A\n|rated|\n|rule|Species Clause: Limit one of each Pok\u00e9mon\n|rule|Item Clause: Limit 1 of each item\n|clearpoke\n|poke|p1|Farigiraf, L50, F|\n|poke|p1|Clefable, L50, F|\n|poke|p1|Skeledirge, L50, F|\n|poke|p1|Kingambit, L50, M|\n|poke|p1|Manectric, L50, F|\n|poke|p1|Corviknight, L50, M|\n|poke|p2|Delphox, L50, F|\n|poke|p2|Garchomp, L50, M|\n|poke|p2|Gengar, L50, M|\n|poke|p2|Clefable, L50, F|\n|poke|p2|Corviknight, L50, F|\n|poke|p2|Rotom-Wash, L50|\n|teampreview|4\n|\n|t:|1776378946\n|teamsize|p1|4\n|teamsize|p2|4\n|start\n|switch|p1a: Manectric|Manectric, L50, F|100/100\n|switch|p1b: Farigiraf|Farigiraf, L50, F|100/100\n|switch|p2a: Gengar|Gengar, L50, M|100/100\n|switch|p2b: Corviknight|Corviknight, L50, F|100/100\n|turn|1\n|inactive|Battle timer is ON: inactive players will automatically lose when time's up. (requested by hitsumigur)\n|\n|t:|1776378960\n|detailschange|p1a: Manectric|Manectric-Mega, L50, F\n|-mega|p1a: Manectric|Manectric|Manectite\n|-ability|p1a: Manectric|Intimidate|boost\n|-unboost|p2a: Gengar|atk|1\n|-ability|p2b: Corviknight|Mirror Armor\n|-unboost|p1a: Manectric|atk|1\n|move|p2b: Corviknight|Protect|p2b: Corviknight\n|-singleturn|p2b: Corviknight|Protect\n|move|p2a: Gengar|Shadow Ball|p1a: Manectric\n|-damage|p1a: Manectric|57/100\n|move|p1a: Manectric|Volt Switch|p2a: Gengar\n|-damage|p2a: Gengar|27/100\n|\n|t:|1776378975\n|switch|p1a: Skeledirge|Skeledirge, L50, F|100/100|[from] Volt Switch\n|move|p1b: Farigiraf|Trick Room|p1b: Farigiraf\n|-fieldstart|move: Trick Room|[of] p1b: Farigiraf\n|\n|upkeep\n|turn|2\n|\n|t:|1776378988\n|switch|p2b: Garchomp|Garchomp, L50, M|100/100\n|move|p1b: Farigiraf|Psychic|p2b: Garchomp\n|-damage|p2b: Garchomp|46/100\n|move|p1a: Skeledirge|Torch Song|p2b: Garchomp\n|-resisted|p2b: Garchomp|1\n|-damage|p2b: Garchomp|22/100\n|-boost|p1a: Skeledirge|spa|1\n|move|p2a: Gengar|Shadow Ball|p1a: Skeledirge\n|-supereffective|p1a: Skeledirge|1\n|-damage|p1a: Skeledirge|34/100\n|-enditem|p1a: Skeledirge|Sitrus Berry|[eat]\n|-heal|p1a: Skeledirge|59/100|[from] item: Sitrus Berry\n|\n|upkeep\n|turn|3\n|\n|t:|1776379009\n|move|p2b: Garchomp|Protect|p2b: Garchomp\n|-singleturn|p2b: Garchomp|Protect\n|move|p1b: Farigiraf|Psychic|p2a: Gengar\n|-supereffective|p2a: Gengar|1\n|-damage|p2a: Gengar|0 fnt\n|-start|p1b: Farigiraf|Disable|Psychic|[from] ability: Cursed Body|[of] p2a: Gengar\n|faint|p2a: Gengar\n|move|p1a: Skeledirge|Torch Song|p2b: Garchomp\n|-activate|p2b: Garchomp|move: Protect\n|\n|upkeep\n|\n|t:|1776379020\n|switch|p2a: Delphox|Delphox, L50, F|100/100\n|turn|4\n|\n|t:|1776379040\n|detailschange|p2a: Delphox|Delphox-Mega, L50, F\n|-mega|p2a: Delphox|Delphox|Delphoxite\n|move|p2a: Delphox|Protect|p2a: Delphox\n|-singleturn|p2a: Delphox|Protect\n|move|p1b: Farigiraf|Hyper Voice|p2a: Delphox|[spread] p2b\n|-activate|p2a: Delphox|move: Protect\n|-damage|p2b: Garchomp|0 fnt\n|faint|p2b: Garchomp\n|move|p1a: Skeledirge|Torch Song|p2a: Delphox\n|-activate|p2a: Delphox|move: Protect\n|\n|upkeep\n|\n|t:|1776379055\n|switch|p2b: Corviknight|Corviknight, L50, F|100/100\n|turn|5\n|inactive|hitsumigur has 30 seconds left.\n|inactive|hitsumigur has 20 seconds left.\n|inactive|hitsumigur has 15 seconds left.\n|\n|t:|1776379097\n|move|p1b: Farigiraf|Hyper Voice|p2b: Corviknight|[spread] p2a,p2b\n|-resisted|p2b: Corviknight|1\n|-damage|p2a: Delphox|68/100\n|-damage|p2b: Corviknight|84/100\n|move|p1a: Skeledirge|Shadow Ball|p2a: Delphox\n|-supereffective|p2a: Delphox|1\n|-damage|p2a: Delphox|0 fnt\n|faint|p2a: Delphox\n|move|p2b: Corviknight|Roost|p2b: Corviknight\n|-heal|p2b: Corviknight|100/100\n|-singleturn|p2b: Corviknight|move: Roost\n|\n|-fieldend|move: Trick Room\n|upkeep\n|turn|6\n|\n|t:|1776379116\n|move|p1b: Farigiraf|Ally Switch|p1b: Farigiraf\n|swap|p1b: Farigiraf|0|[from] move: Ally Switch\n|move|p2b: Corviknight|Body Press|p1b: Skeledirge\n|-immune|p1b: Skeledirge\n|move|p1b: Skeledirge|Torch Song|p2b: Corviknight\n|-supereffective|p2b: Corviknight|1\n|-damage|p2b: Corviknight|0 fnt\n|-boost|p1b: Skeledirge|spa|1\n|faint|p2b: Corviknight\n|\n|win|hitsumigur\n|raw|hitsumigur's rating: 1095 &rarr; <strong>1114</strong><br />(+19 for winning)\n|raw|MistysBikiniB0tt0m's rating: 1000 &rarr; <strong>1000</strong><br />(+0 for losing)\n|c|\u2606MistysBikiniB0tt0m|Nice\n|c|\u2606MistysBikiniB0tt0m|Gg\n|l|\u2606hitsumigur\n|player|p1|\n",
  "uploadtime": 1776379139,
  "views": 14,
  "formatid": "gen9championsvgc2026regma",
  "rating": 1000,
  "private": 0,
  "password": null
}