{
  "id": "gen9championsvgc2026regma-2587017752",
  "format": "[Gen 9 Champions] VGC 2026 Reg M-A",
  "players": [
    "Jeremykhoo",
    "Delarous"
  ],
  "log": "|j|\u2606Jeremykhoo\n|j|\u2606Delarous\n|t:|1776481697\n|gametype|doubles\n|player|p1|Jeremykhoo|hilbert-wonderlauncher|1128\n|player|p2|Delarous|265|1043\n|gen|9\n|tier|[Gen 9 Champions] VGC 2026 Reg M-A\n|rated|\n|rule|Species Clause: Limit one of each Pok\u00e9mon\n|rule|Item Clause: Limit 1 of each item\n|clearpoke\n|poke|p1|Tyranitar, L50, F|\n|poke|p1|Whimsicott, L50, F|\n|poke|p1|Aggron, L50, M|\n|poke|p1|Drampa, L50, F|\n|poke|p1|Sylveon, L50, M|\n|poke|p1|Arcanine, L50, M|\n|poke|p2|Greninja-*, L50, M|\n|poke|p2|Pelipper, L50, M|\n|poke|p2|Heliolisk, L50, F|\n|poke|p2|Aegislash, L50, F|\n|poke|p2|Incineroar, L50, F|\n|poke|p2|Aerodactyl, L50, M|\n|teampreview|4\n|inactive|Battle timer is ON: inactive players will automatically lose when time's up. (requested by Delarous)\n|inactive|Jeremykhoo has 60 seconds left.\n|\n|t:|1776481818\n|teamsize|p1|4\n|teamsize|p2|4\n|start\n|switch|p1a: Whimsicott|Whimsicott, L50, F|100/100\n|switch|p1b: Aggron|Aggron, L50, M|100/100\n|switch|p2a: Incineroar|Incineroar, L50, F|100/100\n|switch|p2b: Pelipper|Pelipper, L50, M|100/100\n|-weather|RainDance|[from] ability: Drizzle|[of] p2b: Pelipper\n|-ability|p2a: Incineroar|Intimidate|boost\n|-unboost|p1a: Whimsicott|atk|1\n|-unboost|p1b: Aggron|atk|1\n|turn|1\n|inactive|Jeremykhoo has 30 seconds left.\n|inactive|Jeremykhoo has 20 seconds left.\n|\n|t:|1776481854\n|move|p1b: Aggron|Protect|p1b: Aggron\n|-singleturn|p1b: Aggron|Protect\n|move|p2a: Incineroar|Fake Out|p1b: Aggron\n|-activate|p1b: Aggron|move: Protect\n|move|p1a: Whimsicott|Light Screen|p1a: Whimsicott\n|-sidestart|p1: Jeremykhoo|move: Light Screen\n|move|p2b: Pelipper|Hurricane|p1a: Whimsicott\n|-supereffective|p1a: Whimsicott|1\n|-damage|p1a: Whimsicott|19/100\n|-start|p1a: Whimsicott|confusion\n|\n|-weather|RainDance|[upkeep]\n|upkeep\n|turn|2\n|inactive|Jeremykhoo has 30 seconds left.\n|\n|t:|1776481881\n|switch|p1a: Arcanine|Arcanine, L50, M|100/100\n|-ability|p1a: Arcanine|Intimidate|boost\n|-unboost|p2a: Incineroar|atk|1\n|-unboost|p2b: Pelipper|atk|1\n|detailschange|p1b: Aggron|Aggron-Mega, L50, M\n|-mega|p1b: Aggron|Aggron|Aggronite\n|move|p2b: Pelipper|Weather Ball|p1b: Aggron\n|-damage|p1b: Aggron|58/100\n|move|p2a: Incineroar|Close Combat|p1b: Aggron\n|-supereffective|p1b: Aggron|1\n|-damage|p1b: Aggron|41/100\n|-unboost|p2a: Incineroar|def|1\n|-unboost|p2a: Incineroar|spd|1\n|move|p1b: Aggron|Body Press|p2a: Incineroar\n|-supereffective|p2a: Incineroar|1\n|-damage|p2a: Incineroar|11/100\n|\n|-weather|RainDance|[upkeep]\n|-heal|p2a: Incineroar|17/100|[from] item: Leftovers\n|upkeep\n|turn|3\n|inactive|Jeremykhoo has 30 seconds left.\n|inactive|Delarous has 30 seconds left.\n|inactive|Jeremykhoo has 20 seconds left.\n|\n|t:|1776481919\n|switch|p2a: Aegislash|Aegislash, L50, F, shiny|100/100\n|move|p1b: Aggron|Protect|p1b: Aggron\n|-singleturn|p1b: Aggron|Protect\n|move|p1a: Arcanine|Extreme Speed|p2a: Aegislash\n|-immune|p2a: Aegislash\n|move|p2b: Pelipper|Weather Ball|p1b: Aggron\n|-activate|p1b: Aggron|move: Protect\n|\n|-weather|RainDance|[upkeep]\n|upkeep\n|turn|4\n|inactive|Jeremykhoo has 30 seconds left.\n|\n|t:|1776481946\n|switch|p1b: Sylveon|Sylveon, L50, M|100/100\n|move|p1a: Arcanine|Protect|p1a: Arcanine\n|-singleturn|p1a: Arcanine|Protect\n|move|p2a: Aegislash|King's Shield|p2a: Aegislash\n|-singleturn|p2a: Aegislash|Protect\n|move|p2b: Pelipper|Weather Ball|p1b: Sylveon\n|-damage|p1b: Sylveon|68/100\n|\n|-weather|RainDance|[upkeep]\n|upkeep\n|turn|5\n|inactive|Jeremykhoo has 30 seconds left.\n|inactive|Delarous has 30 seconds left.\n|inactive|Jeremykhoo has 20 seconds left.\n|inactive|Jeremykhoo has 15 seconds left.\n|\n|t:|1776481989\n|move|p1a: Arcanine|Extreme Speed|p2b: Pelipper\n|-damage|p2b: Pelipper|74/100\n|move|p2b: Pelipper|Tailwind|p2b: Pelipper\n|-sidestart|p2: Delarous|move: Tailwind\n|-formechange|p2a: Aegislash|Aegislash-Blade|\n|move|p2a: Aegislash|Iron Head|p1b: Sylveon\n|-supereffective|p1b: Sylveon|1\n|-damage|p1b: Sylveon|0 fnt\n|faint|p1b: Sylveon\n|\n|-weather|none\n|-sideend|p1: Jeremykhoo|move: Light Screen\n|upkeep\n|\n|t:|1776482002\n|switch|p1b: Whimsicott|Whimsicott, L50, F|19/100\n|turn|6\n|\n|t:|1776482014\n|switch|p2b: Incineroar|Incineroar, L50, F|17/100\n|-ability|p2b: Incineroar|Intimidate|boost\n|-unboost|p1a: Arcanine|atk|1\n|-unboost|p1b: Whimsicott|atk|1\n|-formechange|p2a: Aegislash|Aegislash|\n|move|p2a: Aegislash|King's Shield|p2a: Aegislash\n|-singleturn|p2a: Aegislash|Protect\n|move|p1a: Arcanine|Protect|p1a: Arcanine\n|-singleturn|p1a: Arcanine|Protect\n|move|p1b: Whimsicott|Tailwind|p1b: Whimsicott\n|-sidestart|p1: Jeremykhoo|move: Tailwind\n|\n|-heal|p2b: Incineroar|23/100|[from] item: Leftovers\n|upkeep\n|turn|7\n|inactive|Delarous has 30 seconds left.\n|\n|t:|1776482041\n|move|p2b: Incineroar|Fake Out|p1a: Arcanine\n|-damage|p1a: Arcanine|88/100\n|move|p1b: Whimsicott|Moonblast|p2b: Incineroar\n|-damage|p2b: Incineroar|0 fnt\n|faint|p2b: Incineroar\n|cant|p1a: Arcanine|flinch\n|-formechange|p2a: Aegislash|Aegislash-Blade|\n|move|p2a: Aegislash|Iron Head|p1b: Whimsicott\n|-supereffective|p1b: Whimsicott|1\n|-damage|p1b: Whimsicott|0 fnt\n|faint|p1b: Whimsicott\n|\n|upkeep\n|\n|t:|1776482055\n|switch|p1b: Aggron|Aggron-Mega, L50, M|41/100\n|switch|p2b: Pelipper|Pelipper, L50, M|74/100\n|-weather|RainDance|[from] ability: Drizzle|[of] p2b: Pelipper\n|turn|8\n|\n|t:|1776482068\n|-formechange|p2a: Aegislash|Aegislash|\n|move|p2a: Aegislash|King's Shield|p2a: Aegislash\n|-singleturn|p2a: Aegislash|Protect\n|move|p1b: Aggron|Protect|p1b: Aggron\n|-singleturn|p1b: Aggron|Protect\n|move|p1a: Arcanine|Extreme Speed|p2b: Pelipper\n|-damage|p2b: Pelipper|55/100\n|move|p2b: Pelipper|Weather Ball|p1b: Aggron\n|-activate|p1b: Aggron|move: Protect\n|\n|-weather|RainDance|[upkeep]\n|-sideend|p2: Delarous|move: Tailwind\n|upkeep\n|turn|9\n|inactive|Jeremykhoo has 30 seconds left.\n|\n|t:|1776482099\n|move|p1a: Arcanine|Overheat|p2a: Aegislash\n|-supereffective|p2a: Aegislash|1\n|-damage|p2a: Aegislash|67/100\n|-unboost|p1a: Arcanine|spa|2\n|move|p1b: Aggron|Heavy Slam|p2b: Pelipper\n|-resisted|p2b: Pelipper|1\n|-crit|p2b: Pelipper\n|-damage|p2b: Pelipper|3/100\n|move|p2b: Pelipper|Weather Ball|p1b: Aggron\n|-damage|p1b: Aggron|0 fnt\n|faint|p1b: Aggron\n|-formechange|p2a: Aegislash|Aegislash-Blade|\n|move|p2a: Aegislash|Poltergeist|p1a: Arcanine\n|-activate|p1a: Arcanine|move: Poltergeist|Shuca Berry\n|-damage|p1a: Arcanine|0 fnt\n|faint|p1a: Arcanine\n|\n|win|Delarous\n|raw|Jeremykhoo's rating: 1128 &rarr; <strong>1097</strong><br />(-31 for losing)\n|raw|Delarous's rating: 1043 &rarr; <strong>1085</strong><br />(+42 for winning)\n|c|\u2606Jeremykhoo|Ggwp\n",
  "uploadtime": 1776482118,
  "views": 12,
  "formatid": "gen9championsvgc2026regma",
  "rating": 1085,
  "private": 0,
  "password": null
}