{
  "id": "gen9championsvgc2026regma-2581780707",
  "format": "[Gen 9 Champions] VGC 2026 Reg M-A",
  "players": [
    "Plaweh",
    "Maruja444"
  ],
  "log": "|j|\u2606Plaweh\n|j|\u2606Maruja444\n|t:|1776027861\n|gametype|doubles\n|player|p1|Plaweh|elesa|1053\n|player|p2|Maruja444|nurseryaide|1000\n|gen|9\n|tier|[Gen 9 Champions] VGC 2026 Reg M-A\n|rated|\n|rule|Species Clause: Limit one of each Pok\u00e9mon\n|rule|Item Clause: Limit 1 of each item\n|clearpoke\n|poke|p1|Basculegion, L50, M|\n|poke|p1|Pelipper, L50, F|\n|poke|p1|Archaludon, L50, F|\n|poke|p1|Incineroar, L50, M|\n|poke|p1|Venusaur, L50, F|\n|poke|p1|Farigiraf, L50, F|\n|poke|p2|Aerodactyl, L50, F|\n|poke|p2|Charizard, L50, F|\n|poke|p2|Garchomp, L50, F|\n|poke|p2|Basculegion, L50, M|\n|poke|p2|Palafin, L50, M|\n|poke|p2|Jolteon, L50, M|\n|teampreview|4\n|\n|t:|1776027886\n|teamsize|p1|4\n|teamsize|p2|4\n|start\n|switch|p1a: Farigiraf|Farigiraf, L50, F|100/100\n|switch|p1b: Archaludon|Archaludon, L50, F|100/100\n|switch|p2a: Aerodactyl|Aerodactyl, L50, F|100/100\n|switch|p2b: Jolteon|Jolteon, L50, M|100/100\n|turn|1\n|\n|t:|1776027919\n|switch|p2a: Garchomp|Garchomp, L50, F|100/100\n|move|p1a: Farigiraf|Helping Hand|p1b: Archaludon\n|-singleturn|p1b: Archaludon|Helping Hand|[of] p1a: Farigiraf\n|move|p2b: Jolteon|Light Screen|p2b: Jolteon\n|-sidestart|p2: Maruja444|move: Light Screen\n|move|p1b: Archaludon|Electro Shot||[still]\n|-prepare|p1b: Archaludon|Electro Shot\n|-boost|p1b: Archaludon|spa|1\n|\n|upkeep\n|turn|2\n|\n|t:|1776027938\n|move|p2b: Jolteon|Protect|p2b: Jolteon\n|-singleturn|p2b: Jolteon|Protect\n|move|p2a: Garchomp|Earthquake|p1a: Farigiraf|[spread] p1a,p1b\n|-activate|p2b: Jolteon|move: Protect\n|-supereffective|p1b: Archaludon|1\n|-damage|p1a: Farigiraf|60/100\n|-damage|p1b: Archaludon|48/100\n|-ability|p1b: Archaludon|Stamina|boost\n|-boost|p1b: Archaludon|def|1\n|move|p1b: Archaludon|Electro Shot|p2a: Garchomp|[from] lockedmove\n|-immune|p2a: Garchomp\n|move|p1a: Farigiraf|Hyper Voice|p2b: Jolteon|[spread] p2a\n|-activate|p2b: Jolteon|move: Protect\n|-damage|p2a: Garchomp|73/100\n|\n|upkeep\n|turn|3\n|\n|t:|1776027963\n|switch|p2b: Aerodactyl|Aerodactyl, L50, F|100/100\n|move|p1a: Farigiraf|Helping Hand|p1b: Archaludon\n|-singleturn|p1b: Archaludon|Helping Hand|[of] p1a: Farigiraf\n|move|p2a: Garchomp|Earthquake|p1b: Archaludon|[spread] p1a,p1b\n|-immune|p2b: Aerodactyl\n|-supereffective|p1b: Archaludon|1\n|-damage|p1a: Farigiraf|21/100\n|-damage|p1b: Archaludon|7/100\n|-ability|p1b: Archaludon|Stamina|boost\n|-boost|p1b: Archaludon|def|1\n|move|p1b: Archaludon|Dragon Pulse|p2a: Garchomp\n|-supereffective|p2a: Garchomp|1\n|-damage|p2a: Garchomp|0 fnt\n|faint|p2a: Garchomp\n|\n|upkeep\n|\n|t:|1776027977\n|switch|p2a: Charizard|Charizard, L50, F|100/100\n|turn|4\n|\n|t:|1776027991\n|move|p2b: Aerodactyl|Tailwind|p2b: Aerodactyl\n|-sidestart|p2: Maruja444|move: Tailwind\n|move|p2a: Charizard|Dragon Claw|p1b: Archaludon\n|-damage|p1b: Archaludon|0 fnt\n|faint|p1b: Archaludon\n|move|p1a: Farigiraf|Hyper Voice|p2b: Aerodactyl|[spread] p2a,p2b\n|-resisted|p2b: Aerodactyl|1\n|-damage|p2a: Charizard|76/100\n|-damage|p2b: Aerodactyl|88/100\n|\n|upkeep\n|\n|t:|1776028002\n|switch|p1b: Incineroar|Incineroar, L50, M|100/100\n|-ability|p1b: Incineroar|Intimidate|boost\n|-unboost|p2a: Charizard|atk|1\n|-unboost|p2b: Aerodactyl|atk|1\n|turn|5\n|\n|t:|1776028023\n|detailschange|p2a: Charizard|Charizard-Mega-X, L50, F\n|-mega|p2a: Charizard|Charizard|Charizardite X\n|move|p1b: Incineroar|Fake Out|p2b: Aerodactyl\n|-resisted|p2b: Aerodactyl|1\n|-damage|p2b: Aerodactyl|80/100\n|cant|p2b: Aerodactyl|flinch\n|move|p2a: Charizard|Dragon Claw|p1b: Incineroar\n|-damage|p1b: Incineroar|76/100\n|move|p1a: Farigiraf|Psychic|p2b: Aerodactyl\n|-damage|p2b: Aerodactyl|47/100\n|\n|-sideend|p2: Maruja444|move: Light Screen\n|upkeep\n|turn|6\n|\n|t:|1776028053\n|switch|p2a: Jolteon|Jolteon, L50, M|100/100\n|move|p2b: Aerodactyl|Protect|p2b: Aerodactyl\n|-singleturn|p2b: Aerodactyl|Protect\n|move|p1b: Incineroar|Parting Shot|p2a: Jolteon\n|-unboost|p2a: Jolteon|atk|1\n|-unboost|p2a: Jolteon|spa|1\n|\n|t:|1776028060\n|switch|p1b: Basculegion|Basculegion, L50, M|100/100|[from] Parting Shot\n|move|p1a: Farigiraf|Psychic|p2b: Aerodactyl\n|-activate|p2b: Aerodactyl|move: Protect\n|\n|upkeep\n|turn|7\n|\n|t:|1776028085\n|switch|p1b: Incineroar|Incineroar, L50, M|76/100\n|-ability|p1b: Incineroar|Intimidate|boost\n|-unboost|p2a: Jolteon|atk|1\n|-unboost|p2b: Aerodactyl|atk|1\n|move|p2b: Aerodactyl|Rock Slide|p1b: Incineroar|[spread] p1a,p1b\n|-crit|p1a: Farigiraf\n|-supereffective|p1b: Incineroar|1\n|-damage|p1a: Farigiraf|0 fnt\n|-damage|p1b: Incineroar|63/100\n|faint|p1a: Farigiraf\n|move|p2a: Jolteon|Thunder|p1b: Incineroar\n|-damage|p1b: Incineroar|39/100\n|-status|p1b: Incineroar|par\n|-enditem|p1b: Incineroar|Sitrus Berry|[eat]\n|-heal|p1b: Incineroar|64/100 par|[from] item: Sitrus Berry\n|\n|-sideend|p2: Maruja444|move: Tailwind\n|upkeep\n|\n|t:|1776028097\n|switch|p1a: Basculegion|Basculegion, L50, M|100/100\n|turn|8\n|\n|t:|1776028115\n|move|p2b: Aerodactyl|Protect|p2b: Aerodactyl\n|-singleturn|p2b: Aerodactyl|Protect\n|move|p1b: Incineroar|Fake Out|p2a: Jolteon\n|-damage|p2a: Jolteon|86/100\n|cant|p2a: Jolteon|flinch\n|move|p1a: Basculegion|Last Respects|p2a: Jolteon\n|-damage|p2a: Jolteon|0 fnt\n|faint|p2a: Jolteon\n|\n|upkeep\n|\n|t:|1776028124\n|switch|p2a: Charizard|Charizard-Mega-X, L50, F|76/100\n|turn|9\n|\n|t:|1776028150\n|move|p2b: Aerodactyl|Tailwind|p2b: Aerodactyl\n|-sidestart|p2: Maruja444|move: Tailwind\n|move|p2a: Charizard|Thunder Punch|p1a: Basculegion\n|-supereffective|p1a: Basculegion|1\n|-damage|p1a: Basculegion|16/100\n|move|p1a: Basculegion|Last Respects|p2a: Charizard\n|-damage|p2a: Charizard|3/100\n|move|p1b: Incineroar|Parting Shot|p2a: Charizard\n|-unboost|p2a: Charizard|atk|1\n|-unboost|p2a: Charizard|spa|1\n|\n|upkeep\n|turn|10\n|\n|t:|1776028188\n|move|p1a: Basculegion|Aqua Jet|p2b: Aerodactyl\n|-supereffective|p2b: Aerodactyl|1\n|-damage|p2b: Aerodactyl|0 fnt\n|faint|p2b: Aerodactyl\n|move|p2a: Charizard|Thunder Punch|p1a: Basculegion\n|-supereffective|p1a: Basculegion|1\n|-damage|p1a: Basculegion|0 fnt\n|faint|p1a: Basculegion\n|move|p1b: Incineroar|Darkest Lariat|p2a: Charizard\n|-damage|p2a: Charizard|0 fnt\n|faint|p2a: Charizard\n|\n|win|Plaweh\n|raw|Plaweh's rating: 1053 &rarr; <strong>1080</strong><br />(+27 for winning)\n|raw|Maruja444's rating: 1000 &rarr; <strong>1000</strong><br />(+0 for losing)\n|l|\u2606Maruja444\n|player|p2|\n",
  "uploadtime": 1776028198,
  "views": 13,
  "formatid": "gen9championsvgc2026regma",
  "rating": 1000,
  "private": 0,
  "password": null
}