{
  "id": "gen9championsvgc2026regma-2586688467",
  "format": "[Gen 9 Champions] VGC 2026 Reg M-A",
  "players": [
    "LancelotFaberge",
    "Mence"
  ],
  "log": "|j|\u2606LancelotFaberge\n|j|\u2606Mence\n|t:|1776452308\n|gametype|doubles\n|player|p1|LancelotFaberge|101|\n|player|p2|Mence|169|\n|gen|9\n|tier|[Gen 9 Champions] VGC 2026 Reg M-A\n|rule|Species Clause: Limit one of each Pok\u00e9mon\n|rule|Item Clause: Limit 1 of each item\n|clearpoke\n|poke|p1|Froslass, L50, F|\n|poke|p1|Rotom-Wash, L50|\n|poke|p1|Sneasler, L50, M|\n|poke|p1|Arcanine-Hisui, L50, M|\n|poke|p1|Glaceon, L50, F|\n|poke|p1|Garchomp, L50, F|\n|poke|p2|Scovillain, L50, F|\n|poke|p2|Incineroar, L50, F|\n|poke|p2|Farigiraf, L50, F|\n|poke|p2|Gallade, L50, M|\n|poke|p2|Kingambit, L50, F|\n|poke|p2|Pelipper, L50, M|\n|teampreview|4\n|inactive|Battle timer is ON: inactive players will automatically lose when time's up. (requested by LancelotFaberge)\n|inactive|Mence has 60 seconds left.\n|\n|t:|1776452409\n|teamsize|p1|4\n|teamsize|p2|4\n|start\n|switch|p1a: FEISTY|Froslass, L50, F, shiny|100/100\n|switch|p1b: Gwen|Glaceon, L50, F, shiny|100/100\n|switch|p2a: Scovillain|Scovillain, L50, F|100/100\n|switch|p2b: Farigiraf|Farigiraf, L50, F|100/100\n|turn|1\n|inactive|LancelotFaberge has 30 seconds left.\n|inactive|Mence has 30 seconds left.\n|inactive|LancelotFaberge has 20 seconds left.\n|inactive|Mence has 20 seconds left.\n|inactive|Mence has 15 seconds left.\n|\n|t:|1776452450\n|detailschange|p1a: FEISTY|Froslass-Mega, L50, F, shiny\n|-mega|p1a: FEISTY|Froslass|Froslassite\n|-weather|Snowscape|[from] ability: Snow Warning|[of] p1a: FEISTY\n|detailschange|p2a: Scovillain|Scovillain-Mega, L50, F\n|-mega|p2a: Scovillain|Scovillain|Scovillainite\n|move|p1a: FEISTY|Blizzard|p2b: Farigiraf|[spread] p2a,p2b\n|-damage|p2a: Scovillain|60/100\n|-damage|p2b: Farigiraf|58/100\n|-status|p1a: FEISTY|brn|[from] ability: Spicy Spray|[of] p2a: Scovillain\n|move|p1b: Gwen|Blizzard|p2b: Farigiraf|[spread] p2a,p2b\n|-damage|p2a: Scovillain|0 fnt\n|-damage|p2b: Farigiraf|4/100\n|-status|p1b: Gwen|brn|[from] ability: Spicy Spray|[of] p2a: Scovillain\n|-enditem|p2b: Farigiraf|Sitrus Berry|[eat]\n|-heal|p2b: Farigiraf|29/100|[from] item: Sitrus Berry\n|faint|p2a: Scovillain\n|move|p2b: Farigiraf|Trick Room|p2b: Farigiraf\n|-fieldstart|move: Trick Room|[of] p2b: Farigiraf\n|\n|-weather|Snowscape|[upkeep]\n|-damage|p1b: Gwen|95/100 brn|[from] brn\n|-damage|p1a: FEISTY|94/100 brn|[from] brn\n|upkeep\n|inactive|Mence has 30 seconds left.\n|inactive|Mence has 20 seconds left.\n|inactive|Mence has 15 seconds left.\n|\n|t:|1776452494\n|switch|p2a: Kingambit|Kingambit, L50, F|100/100\n|turn|2\n|inactive|LancelotFaberge has 30 seconds left.\n|inactive|Mence has 30 seconds left.\n|\n|t:|1776452521\n|move|p1b: Gwen|Protect|p1b: Gwen\n|-singleturn|p1b: Gwen|Protect\n|move|p2a: Kingambit|Kowtow Cleave|p1a: FEISTY\n|-supereffective|p1a: FEISTY|1\n|-damage|p1a: FEISTY|0 fnt\n|faint|p1a: FEISTY\n|move|p2b: Farigiraf|Psychic|p1b: Gwen\n|-activate|p1b: Gwen|move: Protect\n|\n|-weather|Snowscape|[upkeep]\n|-damage|p1b: Gwen|89/100 brn|[from] brn\n|upkeep\n|\n|t:|1776452532\n|switch|p1a: Skyler|Sneasler, L50, M|100/100\n|turn|3\n|inactive|Mence has 30 seconds left.\n|inactive|Mence has 20 seconds left.\n|inactive|Mence has 15 seconds left.\n|\n|t:|1776452572\n|move|p1a: Skyler|Fake Out||[still]\n|cant|p2b: Farigiraf|ability: Armor Tail|Fake Out|[of] p1a: Skyler\n|move|p2a: Kingambit|Iron Head|p1b: Gwen|[miss]\n|-miss|p2a: Kingambit|p1b: Gwen\n|move|p2b: Farigiraf|Psychic|p1a: Skyler\n|-supereffective|p1a: Skyler|2\n|-enditem|p1a: Skyler|Focus Sash\n|-damage|p1a: Skyler|1/100\n|move|p1b: Gwen|Blizzard|p2b: Farigiraf|[spread] p2a,p2b\n|-resisted|p2a: Kingambit|1\n|-crit|p2a: Kingambit\n|-damage|p2a: Kingambit|59/100\n|-damage|p2b: Farigiraf|0 fnt\n|faint|p2b: Farigiraf\n|\n|-weather|Snowscape|[upkeep]\n|-damage|p1b: Gwen|83/100 brn|[from] brn\n|upkeep\n|\n|t:|1776452587\n|switch|p2b: Gallade|Gallade, L50, M|100/100\n|turn|4\n|\n|t:|1776452610\n|move|p2a: Kingambit|Iron Head|p1b: Gwen\n|-supereffective|p1b: Gwen|1\n|-damage|p1b: Gwen|19/100 brn\n|move|p1b: Gwen|Blizzard|p2b: Gallade|[spread] p2a,p2b\n|-resisted|p2a: Kingambit|1\n|-damage|p2a: Kingambit|34/100\n|-damage|p2b: Gallade|52/100\n|move|p2b: Gallade|Psycho Cut|p1a: Skyler\n|-supereffective|p1a: Skyler|2\n|-damage|p1a: Skyler|0 fnt\n|faint|p1a: Skyler\n|\n|-weather|Snowscape|[upkeep]\n|-damage|p1b: Gwen|13/100 brn|[from] brn\n|upkeep\n|\n|t:|1776452622\n|switch|p1a: Blitzwolfer|Arcanine-Hisui, L50, M|100/100\n|-ability|p1a: Blitzwolfer|Intimidate|boost\n|-unboost|p2a: Kingambit|atk|1\n|-ability|p2a: Kingambit|Defiant|boost\n|-boost|p2a: Kingambit|atk|2\n|-unboost|p2b: Gallade|atk|1\n|turn|5\n|inactive|Mence has 30 seconds left.\n|\n|t:|1776452655\n|move|p2b: Gallade|Protect|p2b: Gallade\n|-singleturn|p2b: Gallade|Protect\n|move|p2a: Kingambit|Kowtow Cleave|p1a: Blitzwolfer\n|-damage|p1a: Blitzwolfer|0 fnt\n|faint|p1a: Blitzwolfer\n|move|p1b: Gwen|Blizzard|p2b: Gallade|[spread] p2a\n|-activate|p2b: Gallade|move: Protect\n|-resisted|p2a: Kingambit|1\n|-damage|p2a: Kingambit|5/100\n|-status|p2a: Kingambit|frz\n|\n|-weather|none\n|-damage|p1b: Gwen|7/100 brn|[from] brn\n|-fieldend|move: Trick Room\n|upkeep\n|turn|6\n|inactive|Mence has 30 seconds left.\n|\n|t:|1776452691\n|-curestatus|p2a: Kingambit|frz|[msg]\n|move|p2a: Kingambit|Sucker Punch|p1b: Gwen\n|-damage|p1b: Gwen|0 fnt\n|faint|p1b: Gwen\n|\n|win|Mence\n",
  "uploadtime": 1776452696,
  "views": 27,
  "formatid": "gen9championsvgc2026regma",
  "rating": null,
  "private": 0,
  "password": null
}