{
  "id": "gen9championsvgc2026regma-2586711993",
  "format": "[Gen 9 Champions] VGC 2026 Reg M-A",
  "players": [
    "Flamewasp",
    "sirae"
  ],
  "log": "|j|\u2606Flamewasp\n|j|\u2606sirae\n|t:|1776454071\n|gametype|doubles\n|player|p1|Flamewasp|102|1056\n|player|p2|sirae|caitlin|1145\n|gen|9\n|tier|[Gen 9 Champions] VGC 2026 Reg M-A\n|rated|\n|rule|Species Clause: Limit one of each Pok\u00e9mon\n|rule|Item Clause: Limit 1 of each item\n|clearpoke\n|poke|p1|Chimecho, L50, F|\n|poke|p1|Garchomp, L50, M|\n|poke|p1|Incineroar, L50, M|\n|poke|p1|Slowbro, L50, M|\n|poke|p1|Sinistcha, L50|\n|poke|p1|Kommo-o, L50, M|\n|poke|p2|Gengar, L50, F|\n|poke|p2|Farigiraf, L50, F|\n|poke|p2|Incineroar, L50, F|\n|poke|p2|Sylveon, L50, F|\n|poke|p2|Sinistcha, L50|\n|poke|p2|Feraligatr, L50, M|\n|teampreview|4\n|inactive|Battle timer is ON: inactive players will automatically lose when time's up. (requested by sirae)\n|inactive|Flamewasp has 60 seconds left.\n|\n|t:|1776454115\n|teamsize|p1|4\n|teamsize|p2|4\n|start\n|switch|p1a: Chimecho|Chimecho, L50, F|100/100\n|switch|p1b: Slowbro|Slowbro, L50, M|100/100\n|switch|p2a: Sylveon|Sylveon, L50, F|100/100\n|switch|p2b: Farigiraf|Farigiraf, L50, F|100/100\n|turn|1\n|\n|t:|1776454140\n|detailschange|p1a: Chimecho|Chimecho-Mega, L50, F\n|-mega|p1a: Chimecho|Chimecho|Chimechite\n|move|p2a: Sylveon|Shadow Ball|p1a: Chimecho\n|-supereffective|p1a: Chimecho|1\n|-damage|p1a: Chimecho|58/100\n|move|p1a: Chimecho|Flash Cannon|p2a: Sylveon\n|-supereffective|p2a: Sylveon|1\n|-damage|p2a: Sylveon|17/100\n|move|p2b: Farigiraf|Imprison|p2b: Farigiraf\n|-start|p2b: Farigiraf|move: Imprison\n|move|p1b: Slowbro|Scald|p2b: Farigiraf\n|-damage|p2b: Farigiraf|73/100\n|-status|p2b: Farigiraf|brn\n|\n|-damage|p2b: Farigiraf|67/100 brn|[from] brn\n|upkeep\n|turn|2\n|inactive|Flamewasp has 30 seconds left.\n|inactive|Flamewasp has 20 seconds left.\n|inactive|Flamewasp has 15 seconds left.\n|inactive|Flamewasp has 10 seconds left.\n|\n|t:|1776454185\n|switch|p1a: Sinistcha|Sinistcha, L50|100/100\n|move|p2b: Farigiraf|Protect|p2b: Farigiraf\n|-singleturn|p2b: Farigiraf|Protect\n|move|p2a: Sylveon|Shadow Ball|p1a: Sinistcha\n|-supereffective|p1a: Sinistcha|1\n|-damage|p1a: Sinistcha|43/100\n|-enditem|p1a: Sinistcha|Sitrus Berry|[eat]\n|-heal|p1a: Sinistcha|68/100|[from] item: Sitrus Berry\n|move|p1b: Slowbro|Scald|p2a: Sylveon\n|-damage|p2a: Sylveon|0 fnt\n|faint|p2a: Sylveon\n|\n|-damage|p2b: Farigiraf|60/100 brn|[from] brn\n|upkeep\n|\n|t:|1776454199\n|switch|p2a: Gengar|Gengar, L50, F|100/100\n|turn|3\n|inactive|Flamewasp has 30 seconds left.\n|inactive|Flamewasp has 20 seconds left.\n|inactive|Flamewasp has 15 seconds left.\n|\n|t:|1776454242\n|switch|p1a: Garchomp|Garchomp, L50, M|100/100\n|detailschange|p2a: Gengar|Gengar-Mega, L50, F\n|-mega|p2a: Gengar|Gengar|Gengarite\n|move|p2a: Gengar|Shadow Ball|p1a: Garchomp\n|-damage|p1a: Garchomp|48/100\n|move|p2b: Farigiraf|Psychic|p1a: Garchomp\n|-damage|p1a: Garchomp|2/100\n|move|p1b: Slowbro|Scald|p2b: Farigiraf\n|-damage|p2b: Farigiraf|34/100 brn\n|\n|-heal|p1a: Garchomp|8/100|[from] item: Leftovers\n|-damage|p2b: Farigiraf|28/100 brn|[from] brn\n|upkeep\n|turn|4\n|inactive|sirae has 30 seconds left.\n|inactive|Flamewasp has 30 seconds left.\n|\n|t:|1776454273\n|move|p2b: Farigiraf|Protect|p2b: Farigiraf\n|-singleturn|p2b: Farigiraf|Protect\n|move|p2a: Gengar|Shadow Ball|p1a: Garchomp\n|-damage|p1a: Garchomp|0 fnt\n|faint|p1a: Garchomp\n|move|p1b: Slowbro|Scald|p2a: Gengar\n|-damage|p2a: Gengar|70/100\n|\n|-damage|p2b: Farigiraf|22/100 brn|[from] brn\n|upkeep\n|\n|t:|1776454287\n|switch|p1a: Sinistcha|Sinistcha, L50|68/100\n|turn|5\n|\n|t:|1776454304\n|switch|p2b: Incineroar|Incineroar, L50, F|100/100\n|-ability|p2b: Incineroar|Intimidate|boost\n|-unboost|p1a: Sinistcha|atk|1\n|-unboost|p1b: Slowbro|atk|1\n|move|p2a: Gengar|Disable|p1b: Slowbro\n|-start|p1b: Slowbro|Disable|Scald\n|move|p1a: Sinistcha|Strength Sap|p2a: Gengar\n|-unboost|p2a: Gengar|atk|1\n|-heal|p1a: Sinistcha|100/100\n|cant|p1b: Slowbro|Disable|Scald\n|\n|upkeep\n|turn|6\n|\n|t:|1776454323\n|move|p2b: Incineroar|Fake Out|p1b: Slowbro\n|-damage|p1b: Slowbro|94/100\n|move|p2a: Gengar|Shadow Ball|p1a: Sinistcha\n|-supereffective|p1a: Sinistcha|1\n|-damage|p1a: Sinistcha|0 fnt\n|faint|p1a: Sinistcha\n|cant|p1b: Slowbro|flinch\n|\n|upkeep\n|\n|t:|1776454330\n|switch|p1a: Chimecho|Chimecho-Mega, L50, F|58/100\n|turn|7\n|\n|t:|1776454340\n|move|p1a: Chimecho|Protect|p1a: Chimecho\n|-singleturn|p1a: Chimecho|Protect\n|move|p2a: Gengar|Perish Song|p2a: Gengar\n|-start|p1a: Chimecho|perish3|[silent]\n|-start|p1b: Slowbro|perish3|[silent]\n|-start|p2a: Gengar|perish3|[silent]\n|-start|p2b: Incineroar|perish3|[silent]\n|-fieldactivate|move: Perish Song\n|move|p2b: Incineroar|Parting Shot|p1b: Slowbro\n|-unboost|p1b: Slowbro|atk|1\n|-unboost|p1b: Slowbro|spa|1\n|\n|t:|1776454347\n|switch|p2b: Farigiraf|Farigiraf, L50, F|22/100 brn|[from] Parting Shot\n|move|p1b: Slowbro|Psychic|p2a: Gengar\n|-supereffective|p2a: Gengar|1\n|-damage|p2a: Gengar|21/100\n|\n|-damage|p2b: Farigiraf|15/100 brn|[from] brn\n|-start|p2a: Gengar|perish3\n|-start|p1a: Chimecho|perish3\n|-start|p1b: Slowbro|perish3\n|upkeep\n|turn|8\n|\n|t:|1776454365\n|switch|p2a: Incineroar|Incineroar, L50, F|100/100\n|-ability|p2a: Incineroar|Intimidate|boost\n|-unboost|p1a: Chimecho|atk|1\n|-unboost|p1b: Slowbro|atk|1\n|move|p2b: Farigiraf|Protect|p2b: Farigiraf\n|-singleturn|p2b: Farigiraf|Protect\n|move|p1a: Chimecho|Psychic|p2b: Farigiraf\n|-activate|p2b: Farigiraf|move: Protect\n|move|p1b: Slowbro|Psychic|p2a: Incineroar\n|-immune|p2a: Incineroar\n|\n|-damage|p2b: Farigiraf|9/100 brn|[from] brn\n|-end|p1b: Slowbro|Disable\n|-start|p1a: Chimecho|perish2\n|-start|p1b: Slowbro|perish2\n|upkeep\n|turn|9\n|\n|t:|1776454390\n|move|p2a: Incineroar|Fake Out|p1b: Slowbro\n|-damage|p1b: Slowbro|87/100\n|move|p1a: Chimecho|Psychic|p2b: Farigiraf\n|-resisted|p2b: Farigiraf|1\n|-damage|p2b: Farigiraf|0 fnt\n|faint|p2b: Farigiraf\n|cant|p1b: Slowbro|flinch\n|\n|-start|p1a: Chimecho|perish1\n|-start|p1b: Slowbro|perish1\n|upkeep\n|\n|t:|1776454396\n|switch|p2b: Gengar|Gengar-Mega, L50, F|21/100\n|turn|10\n|\n|t:|1776454403\n|move|p2b: Gengar|Protect|p2b: Gengar\n|-singleturn|p2b: Gengar|Protect\n|move|p2a: Incineroar|Fake Out||[still]\n|-hint|Fake Out only works on your first turn out.\n|-fail|p2a: Incineroar\n|move|p1a: Chimecho|Psychic|p2b: Gengar\n|-activate|p2b: Gengar|move: Protect\n|move|p1b: Slowbro|Scald|p2a: Incineroar\n|-supereffective|p2a: Incineroar|1\n|-damage|p2a: Incineroar|62/100\n|\n|-start|p1a: Chimecho|perish0\n|-start|p1b: Slowbro|perish0\n|faint|p1a: Chimecho\n|faint|p1b: Slowbro\n|\n|win|sirae\n|raw|Flamewasp's rating: 1056 &rarr; <strong>1042</strong><br />(-14 for losing)\n|raw|sirae's rating: 1145 &rarr; <strong>1164</strong><br />(+19 for winning)\n|c|\u2606Flamewasp|gg\n|c|\u2606Flamewasp|wp\n",
  "uploadtime": 1776454418,
  "views": 30,
  "formatid": "gen9championsvgc2026regma",
  "rating": 1042,
  "private": 0,
  "password": null
}