{
  "id": "gen9championsvgc2026regma-2584969197",
  "format": "[Gen 9 Champions] VGC 2026 Reg M-A",
  "players": [
    "speedy07",
    "dr.ultraball head"
  ],
  "log": "|j|\u2606speedy07\n|j|\u2606dr.ultraball head\n|t:|1776299187\n|gametype|doubles\n|player|p1|speedy07|2|1094\n|player|p2|dr.ultraball head|acetrainer-gen3rs|1000\n|gen|9\n|tier|[Gen 9 Champions] VGC 2026 Reg M-A\n|rated|\n|rule|Species Clause: Limit one of each Pok\u00e9mon\n|rule|Item Clause: Limit 1 of each item\n|clearpoke\n|poke|p1|Delphox, L50, F|\n|poke|p1|Whimsicott, L50, M|\n|poke|p1|Floette-Eternal, L50, F|\n|poke|p1|Kingambit, L50, F|\n|poke|p1|Altaria, L50, M|\n|poke|p1|Rotom-Wash, L50|\n|poke|p2|Chandelure, L50, M|\n|poke|p2|Whimsicott, L50, M|\n|poke|p2|Orthworm, L50, M|\n|poke|p2|Tyranitar, L50, M|\n|poke|p2|Garchomp, L50, F|\n|poke|p2|Gyarados, L50, M|\n|teampreview|4\n|inactive|Battle timer is ON: inactive players will automatically lose when time's up. (requested by speedy07)\n|j| Josegalasso96\n|l| Josegalasso96\n|inactive|dr.ultraball head has 60 seconds left.\n|\n|t:|1776299232\n|teamsize|p1|4\n|teamsize|p2|4\n|start\n|switch|p1a: Delphox|Delphox, L50, F|100/100\n|switch|p1b: Kingambit|Kingambit, L50, F|100/100\n|switch|p2a: Bites|Garchomp, L50, F|100/100\n|switch|p2b: Moeko|Whimsicott, L50, M|100/100\n|turn|1\n|\n|t:|1776299253\n|move|p2b: Moeko|Tailwind|p2b: Moeko\n|-sidestart|p2: dr.ultraball head|move: Tailwind\n|move|p2a: Bites|Swords Dance|p2a: Bites\n|-boost|p2a: Bites|atk|2\n|move|p1a: Delphox|Heat Wave|p2a: Bites|[spread] p2a,p2b\n|-resisted|p2a: Bites|1\n|-supereffective|p2b: Moeko|1\n|-damage|p2a: Bites|83/100\n|-enditem|p2b: Moeko|Focus Sash\n|-damage|p2b: Moeko|1/100\n|move|p1b: Kingambit|Stealth Rock|p2a: Bites\n|-sidestart|p2: dr.ultraball head|move: Stealth Rock\n|\n|upkeep\n|turn|2\n|\n|t:|1776299270\n|move|p2b: Moeko|Encore|p1b: Kingambit\n|-hint|Since gen 7, Dark is immune to Prankster moves.\n|-immune|p1b: Kingambit\n|move|p1b: Kingambit|Sucker Punch|p2a: Bites\n|-damage|p2a: Bites|29/100\n|move|p2a: Bites|Earthquake|p1b: Kingambit|[spread] p2b,p1a,p1b\n|-resisted|p2b: Moeko|1\n|-supereffective|p1a: Delphox|1\n|-supereffective|p1b: Kingambit|1\n|-damage|p2b: Moeko|0 fnt\n|-damage|p1a: Delphox|0 fnt\n|-damage|p1b: Kingambit|0 fnt\n|faint|p2b: Moeko\n|faint|p1a: Delphox\n|faint|p1b: Kingambit\n|\n|upkeep\n|inactive|dr.ultraball head has 30 seconds left.\n|c|\u2606dr.ultraball head|I always forget about that..\n|\n|t:|1776299298\n|switch|p2b: Kyo|Chandelure, L50, M|100/100\n|switch|p1a: Whimsicott|Whimsicott, L50, M|100/100\n|switch|p1b: Floette|Floette-Eternal, L50, F|100/100\n|-damage|p2b: Kyo|76/100|[from] Stealth Rock\n|turn|3\n|\n|t:|1776299313\n|detailschange|p2b: Kyo|Chandelure-Mega, L50, M\n|-mega|p2b: Kyo|Chandelure|Chandelurite\n|detailschange|p1b: Floette|Floette-Mega, L50, F\n|-mega|p1b: Floette|Floette|Floettite\n|-ability|p1b: Floette|Fairy Aura\n|move|p1a: Whimsicott|Tailwind|p1a: Whimsicott\n|-sidestart|p1: speedy07|move: Tailwind\n|move|p1b: Floette|Dazzling Gleam|p2a: Bites|[spread] p2a,p2b\n|-supereffective|p2a: Bites|1\n|-resisted|p2b: Kyo|1\n|-damage|p2a: Bites|0 fnt\n|-damage|p2b: Kyo|47/100\n|faint|p2a: Bites\n|move|p2b: Kyo|Heat Wave|p1b: Floette|[spread] p1a,p1b\n|-supereffective|p1a: Whimsicott|1\n|-enditem|p1a: Whimsicott|Focus Sash\n|-damage|p1a: Whimsicott|1/100\n|-damage|p1b: Floette|62/100\n|-status|p1b: Floette|brn\n|\n|-damage|p1b: Floette|56/100 brn|[from] brn\n|upkeep\n|\n|t:|1776299330\n|switch|p2a: Nessy|Gyarados, L50, M|100/100\n|-damage|p2a: Nessy|76/100|[from] Stealth Rock\n|-ability|p2a: Nessy|Intimidate|boost\n|-unboost|p1a: Whimsicott|atk|1\n|-unboost|p1b: Floette|atk|1\n|turn|4\n|\n|t:|1776299341\n|move|p2b: Kyo|Protect|p2b: Kyo\n|-singleturn|p2b: Kyo|Protect\n|move|p1a: Whimsicott|Leech Seed|p2b: Kyo\n|-activate|p2b: Kyo|move: Protect\n|move|p1b: Floette|Dazzling Gleam|p2a: Nessy|[spread] p2a\n|-activate|p2b: Kyo|move: Protect\n|-damage|p2a: Nessy|32/100\n|move|p2a: Nessy|Waterfall|p1b: Floette\n|-damage|p1b: Floette|10/100 brn\n|\n|-heal|p2a: Nessy|38/100|[from] item: Leftovers\n|-damage|p1b: Floette|4/100 brn|[from] brn\n|-sideend|p2: dr.ultraball head|move: Tailwind\n|upkeep\n|turn|5\n|\n|t:|1776299359\n|move|p1a: Whimsicott|Leech Seed|p2b: Kyo\n|-start|p2b: Kyo|move: Leech Seed\n|move|p1b: Floette|Dazzling Gleam|p2b: Kyo|[spread] p2a,p2b\n|-resisted|p2b: Kyo|1\n|-damage|p2a: Nessy|0 fnt\n|-damage|p2b: Kyo|21/100\n|faint|p2a: Nessy\n|move|p2b: Kyo|Heat Wave|p1a: Whimsicott|[spread] p1a,p1b\n|-supereffective|p1a: Whimsicott|1\n|-damage|p1a: Whimsicott|0 fnt\n|-damage|p1b: Floette|0 fnt\n|faint|p1a: Whimsicott\n|faint|p1b: Floette\n|\n|win|dr.ultraball head\n|raw|speedy07's rating: 1094 &rarr; <strong>1064</strong><br />(-30 for losing)\n|raw|dr.ultraball head's rating: 1000 &rarr; <strong>1051</strong><br />(+51 for winning)\n|l|\u2606speedy07\n|player|p1|\n|c|\u2606dr.ultraball head|Ggs\n",
  "uploadtime": 1776299373,
  "views": 30,
  "formatid": "gen9championsvgc2026regma",
  "rating": 1051,
  "private": 0,
  "password": null
}