{
  "id": "gen9championsvgc2026regma-2583182270",
  "format": "[Gen 9 Champions] VGC 2026 Reg M-A",
  "players": [
    "lolgz",
    "MingulinSelmo"
  ],
  "log": "|j|\u2606lolgz\n|j|\u2606MingulinSelmo\n|html|<table width=\"100%\"><tr><td align=\"left\">lolgz</td><td align=\"right\">MingulinSelmo</tr><tr><td align=\"left\"><i class=\"fa fa-circle\"></i> <i class=\"fa fa-circle-o\"></i> </td><td align=\"right\"><i class=\"fa fa-circle-o\"></i> <i class=\"fa fa-circle\"></i> </tr></table>\n|uhtml|bestof|<h2><strong>Game 3</strong> of <a href=\"/game-bestof3-gen9championsvgc2026regma-2583177457\">a best-of-3</a></h2>\n|t:|1776151946\n|gametype|doubles\n|player|p1|lolgz|1|\n|player|p2|MingulinSelmo|shauntal|\n|gen|9\n|tier|[Gen 9 Champions] VGC 2026 Reg M-A\n|rated|Tournament battle\n|rule|Species Clause: Limit one of each Pok\u00e9mon\n|rule|Item Clause: Limit 1 of each item\n|raw|<div class=\"infobox\"><details class=\"readmore\" open><summary><strong>2 custom rules:</strong></summary> Force Open Team Sheets, Best of = 3</details></div>\n|clearpoke\n|poke|p1|Floette-Eternal, L50, F|\n|poke|p1|Incineroar, L50, M|\n|poke|p1|Sneasler, L50, M|\n|poke|p1|Charizard, L50, M|\n|poke|p1|Basculegion, L50, M|\n|poke|p1|Whimsicott, L50, M|\n|poke|p2|Basculegion, L50, M|\n|poke|p2|Pelipper, L50, F|\n|poke|p2|Archaludon, L50, M|\n|poke|p2|Dragonite, L50, M|\n|poke|p2|Banette, L50, F|\n|poke|p2|Sneasler, L50, M|\n|teampreview|4\n|showteam|p1|Floette-Eternal||Floettite|FlowerVeil|DazzlingGleam,DrainingKiss,Protect,CalmMind|||F|||50|]Incineroar||SitrusBerry|Intimidate|FakeOut,ThroatChop,FlareBlitz,PartingShot|||M|||50|]Sneasler||WhiteHerb|Pressure|FakeOut,CloseCombat,DireClaw,Protect|||M|||50|]Charizard||CharizarditeY|Blaze|HeatWave,SolarBeam,AirSlash,Protect|||M|||50|]Basculegion||ChoiceScarf|Adaptability|WaveCrash,AquaJet,FlipTurn,LastRespects|||M|||50|]Whimsicott||FocusSash|Prankster|Tailwind,Moonblast,SunnyDay,Encore|||M|||50|\n|showteam|p2|Basculegion||ChoiceScarf|SwiftSwim|LastRespects,WaveCrash,FlipTurn,Crunch|||M|||50|]Pelipper||FocusSash|Drizzle|WideGuard,Hurricane,WeatherBall,Tailwind|||F|||50|]Archaludon||Leftovers|Stamina|ElectroShot,FlashCannon,AuraSphere,Protect|||M|||50|]Dragonite||Dragoninite|Multiscale|Thunder,Hurricane,DracoMeteor,Protect|||M|||50|]Banette||Banettite|Insomnia|RainDance,Protect,DestinyBond,Poltergeist|||F|||50|]Sneasler||WhiteHerb|Unburden|FakeOut,DireClaw,CloseCombat,Protect|||M|||50|\n|inactive|Battle timer is ON: inactive players will automatically lose when time's up. (requested by MingulinSelmo)\n|inactive|MingulinSelmo has 60 seconds left.\n|\n|t:|1776151999\n|teamsize|p1|4\n|teamsize|p2|4\n|start\n|switch|p1a: Incineroar|Incineroar, L50, M|100/100\n|switch|p1b: Basculegion|Basculegion, L50, M|100/100\n|switch|p2a: Sneasler|Sneasler, L50, M|100/100\n|switch|p2b: Pelipper|Pelipper, L50, F|100/100\n|-weather|RainDance|[from] ability: Drizzle|[of] p2b: Pelipper\n|-ability|p1a: Incineroar|Intimidate|boost\n|-unboost|p2a: Sneasler|atk|1\n|-unboost|p2b: Pelipper|atk|1\n|-enditem|p2a: Sneasler|White Herb\n|-clearnegativeboost|p2a: Sneasler|[silent]\n|turn|1\n|inactive|MingulinSelmo has 30 seconds left.\n|inactive|MingulinSelmo has 20 seconds left.\n|inactive|MingulinSelmo has 15 seconds left.\n|inactive|MingulinSelmo has 10 seconds left.\n|\n|t:|1776152046\n|move|p2a: Sneasler|Protect|p2a: Sneasler\n|-singleturn|p2a: Sneasler|Protect\n|move|p1a: Incineroar|Fake Out|p2b: Pelipper\n|-damage|p2b: Pelipper|90/100\n|move|p1b: Basculegion|Wave Crash|p2a: Sneasler\n|-activate|p2a: Sneasler|move: Protect\n|cant|p2b: Pelipper|flinch\n|\n|-weather|RainDance|[upkeep]\n|upkeep\n|turn|2\n|\n|t:|1776152071\n|switch|p1a: Whimsicott|Whimsicott, L50, M|100/100\n|move|p2a: Sneasler|Dire Claw|p1b: Basculegion\n|-resisted|p1b: Basculegion|1\n|-damage|p1b: Basculegion|76/100\n|move|p1b: Basculegion|Wave Crash|p2a: Sneasler\n|-damage|p2a: Sneasler|0 fnt\n|faint|p2a: Sneasler\n|-damage|p1b: Basculegion|50/100|[from] Recoil\n|move|p2b: Pelipper|Weather Ball|p1a: Whimsicott\n|-resisted|p1a: Whimsicott|1\n|-damage|p1a: Whimsicott|45/100\n|\n|-weather|RainDance|[upkeep]\n|upkeep\n|\n|t:|1776152082\n|switch|p2a: Basculegion|Basculegion, L50, M|100/100\n|turn|3\n|j| Rengoku Stan\n|\n|t:|1776152092\n|switch|p1b: Incineroar|Incineroar, L50, M|100/100\n|-ability|p1b: Incineroar|Intimidate|boost\n|-unboost|p2a: Basculegion|atk|1\n|-unboost|p2b: Pelipper|atk|1\n|move|p1a: Whimsicott|Tailwind|p1a: Whimsicott\n|-sidestart|p1: lolgz|move: Tailwind\n|move|p2a: Basculegion|Last Respects|p1b: Incineroar\n|-resisted|p1b: Incineroar|1\n|-damage|p1b: Incineroar|86/100\n|move|p2b: Pelipper|Tailwind|p2b: Pelipper\n|-sidestart|p2: MingulinSelmo|move: Tailwind\n|\n|-weather|RainDance|[upkeep]\n|upkeep\n|turn|4\n|\n|t:|1776152112\n|switch|p2b: Dragonite|Dragonite, L50, M|100/100\n|move|p1a: Whimsicott|Sunny Day|p1a: Whimsicott\n|-weather|SunnyDay\n|move|p2a: Basculegion|Last Respects|p1a: Whimsicott\n|-damage|p1a: Whimsicott|0 fnt\n|faint|p1a: Whimsicott\n|move|p1b: Incineroar|Throat Chop|p2a: Basculegion\n|-supereffective|p2a: Basculegion|1\n|-damage|p2a: Basculegion|9/100\n|-start|p2a: Basculegion|Throat Chop|[silent]\n|\n|-weather|SunnyDay|[upkeep]\n|upkeep\n|\n|t:|1776152122\n|switch|p1a: Basculegion|Basculegion, L50, M|50/100\n|turn|5\n|j| pr.iyanshu768500\n|\n|t:|1776152135\n|switch|p2b: Pelipper|Pelipper, L50, F|90/100\n|-weather|RainDance|[from] ability: Drizzle|[of] p2b: Pelipper\n|move|p2a: Basculegion|Last Respects|p1a: Basculegion\n|-supereffective|p1a: Basculegion|1\n|-damage|p1a: Basculegion|0 fnt\n|faint|p1a: Basculegion\n|move|p1b: Incineroar|Throat Chop|p2a: Basculegion\n|-supereffective|p2a: Basculegion|1\n|-damage|p2a: Basculegion|0 fnt\n|faint|p2a: Basculegion\n|\n|-weather|RainDance|[upkeep]\n|upkeep\n|\n|t:|1776152145\n|switch|p2a: Dragonite|Dragonite, L50, M|100/100\n|switch|p1a: Floette|Floette-Eternal, L50, F|100/100\n|turn|6\n|\n|t:|1776152165\n|detailschange|p1a: Floette|Floette-Mega, L50, F\n|-mega|p1a: Floette|Floette|Floettite\n|-ability|p1a: Floette|Fairy Aura\n|move|p2a: Dragonite|Protect|p2a: Dragonite\n|-singleturn|p2a: Dragonite|Protect\n|move|p1a: Floette|Calm Mind|p1a: Floette\n|-boost|p1a: Floette|spa|1\n|-boost|p1a: Floette|spd|1\n|move|p2b: Pelipper|Hurricane|p1a: Floette\n|-crit|p1a: Floette\n|-damage|p1a: Floette|38/100\n|move|p1b: Incineroar|Throat Chop|p2a: Dragonite\n|-activate|p2a: Dragonite|move: Protect\n|\n|-weather|RainDance|[upkeep]\n|-sideend|p1: lolgz|move: Tailwind\n|-sideend|p2: MingulinSelmo|move: Tailwind\n|upkeep\n|turn|7\n|\n|t:|1776152189\n|detailschange|p2a: Dragonite|Dragonite-Mega, L50, M\n|-mega|p2a: Dragonite|Dragonite|Dragoninite\n|move|p1a: Floette|Draining Kiss|p2a: Dragonite\n|-supereffective|p2a: Dragonite|1\n|-damage|p2a: Dragonite|48/100\n|-heal|p1a: Floette|82/100|[from] drain|[of] p2a: Dragonite\n|move|p2a: Dragonite|Hurricane|p1a: Floette\n|-damage|p1a: Floette|39/100\n|move|p2b: Pelipper|Hurricane|p1a: Floette\n|-damage|p1a: Floette|11/100\n|-start|p1a: Floette|confusion\n|move|p1b: Incineroar|Throat Chop|p2a: Dragonite\n|-damage|p2a: Dragonite|15/100\n|-start|p2a: Dragonite|Throat Chop|[silent]\n|\n|-weather|RainDance|[upkeep]\n|upkeep\n|turn|8\n|inactive|MingulinSelmo has 30 seconds left.\n|\n|t:|1776152222\n|-activate|p1a: Floette|confusion\n|move|p1a: Floette|Draining Kiss|p2b: Pelipper\n|-damage|p2b: Pelipper|0 fnt\n|-heal|p1a: Floette|72/100|[from] drain|[of] p2b: Pelipper\n|faint|p2b: Pelipper\n|move|p2a: Dragonite|Hurricane|p1b: Incineroar\n|-damage|p1b: Incineroar|30/100\n|-start|p1b: Incineroar|confusion\n|-enditem|p1b: Incineroar|Sitrus Berry|[eat]\n|-heal|p1b: Incineroar|54/100|[from] item: Sitrus Berry\n|-activate|p1b: Incineroar|confusion\n|move|p1b: Incineroar|Throat Chop|p2a: Dragonite\n|-damage|p2a: Dragonite|0 fnt\n|faint|p2a: Dragonite\n|\n|win|lolgz\n",
  "uploadtime": 1776152223,
  "views": 13,
  "formatid": "gen9championsvgc2026regma",
  "rating": null,
  "private": 0,
  "password": null
}