{
  "id": "gen9championsvgc2026regma-2583249119",
  "format": "[Gen 9 Champions] VGC 2026 Reg M-A",
  "players": [
    "thefloshingcat",
    "DSEA Skyve"
  ],
  "log": "|j|\u2606thefloshingcat\n|j|\u2606DSEA Skyve\n|t:|1776159384\n|gametype|doubles\n|player|p1|thefloshingcat|plasmagrunt-gen5bw|1045\n|player|p2|DSEA Skyve|twins-gen4dp|1140\n|gen|9\n|tier|[Gen 9 Champions] VGC 2026 Reg M-A\n|rated|\n|rule|Species Clause: Limit one of each Pok\u00e9mon\n|rule|Item Clause: Limit 1 of each item\n|clearpoke\n|poke|p1|Gengar, L50, F|\n|poke|p1|Maushold-Four, L50|\n|poke|p1|Garchomp, L50, F|\n|poke|p1|Rotom-Wash, L50|\n|poke|p1|Sinistcha, L50|\n|poke|p1|Incineroar, L50, M|\n|poke|p2|Torkoal, L50, F|\n|poke|p2|Scovillain, L50, F|\n|poke|p2|Maushold-Four, L50|\n|poke|p2|Whimsicott, L50, F|\n|poke|p2|Garchomp, L50, M|\n|poke|p2|Meowstic-F, L50, F|\n|teampreview|4\n|inactive|Battle timer is ON: inactive players will automatically lose when time's up. (requested by DSEA Skyve)\n|inactive|DSEA Skyve has 60 seconds left.\n|\n|t:|1776159428\n|teamsize|p1|4\n|teamsize|p2|4\n|start\n|switch|p1a: Gengar|Gengar, L50, F, shiny|100/100\n|switch|p1b: Incineroar|Incineroar, L50, M|100/100\n|switch|p2a: Meowstic|Meowstic-F, L50, F|100/100\n|switch|p2b: Torkoal|Torkoal, L50, F|100/100\n|-ability|p1b: Incineroar|Intimidate|boost\n|-unboost|p2a: Meowstic|atk|1\n|-ability|p2a: Meowstic|Competitive|boost\n|-boost|p2a: Meowstic|spa|2\n|-unboost|p2b: Torkoal|atk|1\n|-weather|SunnyDay|[from] ability: Drought|[of] p2b: Torkoal\n|turn|1\n|inactive|thefloshingcat has 30 seconds left.\n|inactive|DSEA Skyve has 30 seconds left.\n|inactive|DSEA Skyve has 20 seconds left.\n|inactive|DSEA Skyve has 15 seconds left.\n|\n|t:|1776159470\n|detailschange|p1a: Gengar|Gengar-Mega, L50, F, shiny\n|-mega|p1a: Gengar|Gengar|Gengarite\n|move|p2a: Meowstic|Protect|p2a: Meowstic\n|-singleturn|p2a: Meowstic|Protect\n|move|p2b: Torkoal|Protect|p2b: Torkoal\n|-singleturn|p2b: Torkoal|Protect\n|move|p1b: Incineroar|Fake Out|p2b: Torkoal\n|-activate|p2b: Torkoal|move: Protect\n|move|p1a: Gengar|Shadow Ball|p2a: Meowstic\n|-activate|p2a: Meowstic|move: Protect\n|\n|-weather|SunnyDay|[upkeep]\n|upkeep\n|turn|2\n|inactive|DSEA Skyve has 30 seconds left.\n|inactive|DSEA Skyve has 20 seconds left.\n|inactive|DSEA Skyve has 15 seconds left.\n|\n|t:|1776159510\n|detailschange|p2a: Meowstic|Meowstic-F-Mega, L50, F\n|-mega|p2a: Meowstic|Meowstic|Meowsticite\n|-ability|p2a: Meowstic|Intimidate|Trace|[from] ability: Trace|[of] p1b: Incineroar\n|-ability|p2a: Meowstic|Intimidate|boost\n|-unboost|p1a: Gengar|atk|1\n|-unboost|p1b: Incineroar|atk|1\n|move|p1a: Gengar|Shadow Ball|p2a: Meowstic\n|-supereffective|p2a: Meowstic|1\n|-damage|p2a: Meowstic|0 fnt\n|faint|p2a: Meowstic\n|move|p1b: Incineroar|Flare Blitz|p2b: Torkoal\n|-resisted|p2b: Torkoal|1\n|-damage|p2b: Torkoal|76/100\n|-damage|p1b: Incineroar|94/100|[from] Recoil\n|move|p2b: Torkoal|Body Press|p1b: Incineroar\n|-supereffective|p1b: Incineroar|1\n|-damage|p1b: Incineroar|39/100\n|\n|-weather|SunnyDay|[upkeep]\n|upkeep\n|inactive|DSEA Skyve has 30 seconds left.\n|inactive|DSEA Skyve has 20 seconds left.\n|\n|t:|1776159547\n|switch|p2a: Garchomp|Garchomp, L50, M|100/100\n|turn|3\n|-activate|p2b: Torkoal|item: Quick Claw\n|\n|t:|1776159566\n|switch|p1b: Garchomp|Garchomp, L50, F|100/100\n|move|p2b: Torkoal|Protect|p2b: Torkoal\n|-singleturn|p2b: Torkoal|Protect\n|move|p1a: Gengar|Perish Song|p1a: Gengar\n|-start|p1a: Gengar|perish3|[silent]\n|-start|p1b: Garchomp|perish3|[silent]\n|-start|p2a: Garchomp|perish3|[silent]\n|-start|p2b: Torkoal|perish3|[silent]\n|-fieldactivate|move: Perish Song\n|move|p2a: Garchomp|Earthquake|p1b: Garchomp|[spread] p1a,p1b\n|-activate|p2b: Torkoal|move: Protect\n|-supereffective|p1a: Gengar|1\n|-damage|p1a: Gengar|0 fnt\n|-damage|p1b: Garchomp|63/100\n|faint|p1a: Gengar\n|\n|-weather|SunnyDay|[upkeep]\n|-start|p1b: Garchomp|perish3\n|-start|p2a: Garchomp|perish3\n|-start|p2b: Torkoal|perish3\n|upkeep\n|\n|t:|1776159582\n|switch|p1a: Incineroar|Incineroar, L50, M|39/100\n|-ability|p1a: Incineroar|Intimidate|boost\n|-unboost|p2a: Garchomp|atk|1\n|-unboost|p2b: Torkoal|atk|1\n|-enditem|p2a: Garchomp|White Herb\n|-clearnegativeboost|p2a: Garchomp|[silent]\n|turn|4\n|\n|t:|1776159603\n|switch|p2b: Scovillain|Scovillain, L50, F|100/100\n|move|p1a: Incineroar|Fake Out|p2a: Garchomp\n|-damage|p2a: Garchomp|86/100\n|-damage|p1a: Incineroar|26/100|[from] ability: Rough Skin|[of] p2a: Garchomp\n|cant|p2a: Garchomp|flinch\n|move|p1b: Garchomp|Earthquake|p2a: Garchomp|[spread] p1a,p2a,p2b\n|-supereffective|p1a: Incineroar|1\n|-enditem|p1a: Incineroar|Shuca Berry|[eat]\n|-enditem|p1a: Incineroar|Shuca Berry|[weaken]\n|-damage|p1a: Incineroar|0 fnt\n|-damage|p2a: Garchomp|45/100\n|-damage|p2b: Scovillain|29/100\n|faint|p1a: Incineroar\n|\n|-weather|SunnyDay|[upkeep]\n|-start|p1b: Garchomp|perish2\n|-start|p2a: Garchomp|perish2\n|upkeep\n|\n|t:|1776159617\n|switch|p1a: Maushold|Maushold-Four, L50|100/100\n|turn|5\n|\n|t:|1776159633\n|move|p2b: Scovillain|Protect|p2b: Scovillain\n|-singleturn|p2b: Scovillain|Protect\n|move|p1a: Maushold|Shadow Claw|p2b: Scovillain\n|-activate|p2b: Scovillain|move: Protect\n|move|p2a: Garchomp|Earthquake|p1a: Maushold|[spread] p1a,p1b\n|-activate|p2b: Scovillain|move: Protect\n|-damage|p1a: Maushold|48/100\n|-damage|p1b: Garchomp|33/100\n|move|p1b: Garchomp|Breaking Swipe|p2a: Garchomp|[spread] p2a\n|-activate|p2b: Scovillain|move: Protect\n|-supereffective|p2a: Garchomp|1\n|-damage|p2a: Garchomp|2/100\n|-unboost|p2a: Garchomp|atk|1\n|-damage|p1b: Garchomp|21/100|[from] ability: Rough Skin|[of] p2a: Garchomp\n|\n|-weather|none\n|-start|p1b: Garchomp|perish1\n|-start|p2a: Garchomp|perish1\n|upkeep\n|turn|6\n|inactive|DSEA Skyve has 30 seconds left.\n|inactive|DSEA Skyve has 20 seconds left.\n|inactive|DSEA Skyve has 15 seconds left.\n|inactive|DSEA Skyve has 10 seconds left.\n|\n|t:|1776159683\n|move|p1a: Maushold|Shadow Claw|p2b: Scovillain\n|-damage|p2b: Scovillain|7/100\n|move|p1b: Garchomp|Breaking Swipe|p2a: Garchomp|[spread] p2a,p2b\n|-supereffective|p2a: Garchomp|1\n|-damage|p2a: Garchomp|0 fnt\n|-damage|p2b: Scovillain|0 fnt\n|-damage|p1b: Garchomp|9/100|[from] ability: Rough Skin|[of] p2a: Garchomp\n|faint|p2a: Garchomp\n|faint|p2b: Scovillain\n|\n|-start|p1b: Garchomp|perish0\n|upkeep\n|faint|p1b: Garchomp\n|\n|t:|1776159705\n|switch|p2a: Torkoal|Torkoal, L50, F|76/100\n|-weather|SunnyDay|[from] ability: Drought|[of] p2a: Torkoal\n|turn|7\n|-activate|p2a: Torkoal|item: Quick Claw\n|\n|t:|1776159716\n|move|p2a: Torkoal|Body Press|p1a: Maushold\n|-supereffective|p1a: Maushold|1\n|-enditem|p1a: Maushold|Chople Berry|[eat]\n|-enditem|p1a: Maushold|Chople Berry|[weaken]\n|-damage|p1a: Maushold|10/100\n|move|p1a: Maushold|Thunder Wave|p2a: Torkoal|[miss]\n|-miss|p1a: Maushold|p2a: Torkoal\n|\n|-weather|SunnyDay|[upkeep]\n|upkeep\n|turn|8\n|\n|t:|1776159728\n|move|p1a: Maushold|Thunder Wave|p2a: Torkoal\n|-status|p2a: Torkoal|par\n|move|p2a: Torkoal|Body Press|p1a: Maushold\n|-supereffective|p1a: Maushold|1\n|-damage|p1a: Maushold|0 fnt\n|faint|p1a: Maushold\n|\n|win|DSEA Skyve\n|raw|thefloshingcat's rating: 1045 &rarr; <strong>1033</strong><br />(-12 for losing)\n|raw|DSEA Skyve's rating: 1140 &rarr; <strong>1158</strong><br />(+18 for winning)\n|l|\u2606thefloshingcat\n|player|p1|\n",
  "uploadtime": 1776159760,
  "views": 16,
  "formatid": "gen9championsvgc2026regma",
  "rating": 1033,
  "private": 0,
  "password": null
}