{
  "id": "gen9championsvgc2026regma-2581629268",
  "format": "[Gen 9 Champions] VGC 2026 Reg M-A",
  "players": [
    "SukyShiro",
    "DaTrupro075"
  ],
  "log": "|j|\u2606SukyShiro\n|j|\u2606DaTrupro075\n|t:|1776016379\n|gametype|doubles\n|player|p1|SukyShiro|266|1153\n|player|p2|DaTrupro075|serena-masters3|1066\n|gen|9\n|tier|[Gen 9 Champions] VGC 2026 Reg M-A\n|rated|\n|rule|Species Clause: Limit one of each Pok\u00e9mon\n|rule|Item Clause: Limit 1 of each item\n|clearpoke\n|poke|p1|Gengar, L50, M|\n|poke|p1|Incineroar, L50, M|\n|poke|p1|Politoed, L50, F|\n|poke|p1|Sinistcha, L50|\n|poke|p1|Basculegion, L50, M|\n|poke|p1|Archaludon, L50, M|\n|poke|p2|Victreebel, L50, F|\n|poke|p2|Incineroar, L50, F|\n|poke|p2|Primarina, L50, F|\n|poke|p2|Garchomp, L50, F|\n|poke|p2|Goodra-Hisui, L50, M|\n|poke|p2|Dragapult, L50, M|\n|teampreview|4\n|\n|t:|1776016396\n|teamsize|p1|4\n|teamsize|p2|4\n|start\n|switch|p1a: Gengar|Gengar, L50, M|100/100\n|switch|p1b: Incineroar|Incineroar, L50, M|100/100\n|switch|p2a: Victreebel|Victreebel, L50, F|100/100\n|switch|p2b: Goodra|Goodra-Hisui, L50, M|100/100\n|-ability|p1b: Incineroar|Intimidate|boost\n|-unboost|p2a: Victreebel|atk|1\n|-unboost|p2b: Goodra|atk|1\n|turn|1\n|\n|t:|1776016412\n|detailschange|p1a: Gengar|Gengar-Mega, L50, M\n|-mega|p1a: Gengar|Gengar|Gengarite\n|detailschange|p2a: Victreebel|Victreebel-Mega, L50, F\n|-mega|p2a: Victreebel|Victreebel|Victreebelite\n|move|p2b: Goodra|Protect|p2b: Goodra\n|-singleturn|p2b: Goodra|Protect\n|move|p1b: Incineroar|Fake Out|p2a: Victreebel\n|-damage|p2a: Victreebel|88/100\n|move|p1a: Gengar|Perish Song|p1a: Gengar\n|-start|p1a: Gengar|perish3|[silent]\n|-start|p1b: Incineroar|perish3|[silent]\n|-start|p2a: Victreebel|perish3|[silent]\n|-start|p2b: Goodra|perish3|[silent]\n|-fieldactivate|move: Perish Song\n|cant|p2a: Victreebel|flinch\n|\n|-start|p1a: Gengar|perish3\n|-start|p2a: Victreebel|perish3\n|-start|p1b: Incineroar|perish3\n|-start|p2b: Goodra|perish3\n|upkeep\n|turn|2\n|\n|t:|1776016441\n|move|p1a: Gengar|Shadow Ball|p2b: Goodra\n|-damage|p2b: Goodra|70/100\n|-unboost|p2b: Goodra|spd|1\n|move|p2a: Victreebel|Sleep Powder|p1b: Incineroar\n|-status|p1b: Incineroar|slp|[from] move: Sleep Powder\n|cant|p1b: Incineroar|slp\n|move|p2b: Goodra|Dragon Pulse|p1a: Gengar\n|-damage|p1a: Gengar|52/100\n|\n|-heal|p2b: Goodra|76/100|[from] item: Leftovers\n|-start|p1a: Gengar|perish2\n|-start|p2a: Victreebel|perish2\n|-start|p1b: Incineroar|perish2\n|-start|p2b: Goodra|perish2\n|upkeep\n|turn|3\n|\n|t:|1776016462\n|move|p1a: Gengar|Protect|p1a: Gengar\n|-singleturn|p1a: Gengar|Protect\n|move|p2a: Victreebel|Knock Off|p1a: Gengar\n|-activate|p1a: Gengar|move: Protect\n|cant|p1b: Incineroar|slp\n|move|p2b: Goodra|Dragon Pulse|p1a: Gengar\n|-activate|p1a: Gengar|move: Protect\n|\n|-heal|p2b: Goodra|82/100|[from] item: Leftovers\n|-start|p1a: Gengar|perish1\n|-start|p2a: Victreebel|perish1\n|-start|p1b: Incineroar|perish1\n|-start|p2b: Goodra|perish1\n|upkeep\n|turn|4\n|\n|t:|1776016486\n|switch|p1a: Politoed|Politoed, L50, F|100/100\n|-weather|RainDance|[from] ability: Drizzle|[of] p1a: Politoed\n|move|p2a: Victreebel|Knock Off|p1a: Politoed\n|-damage|p1a: Politoed|80/100\n|-enditem|p1a: Politoed|Sitrus Berry|[from] move: Knock Off|[of] p2a: Victreebel\n|-curestatus|p1b: Incineroar|slp|[msg]\n|move|p1b: Incineroar|Parting Shot|p2b: Goodra\n|-unboost|p2b: Goodra|atk|1\n|-unboost|p2b: Goodra|spa|1\n|\n|t:|1776016497\n|switch|p1b: Archaludon|Archaludon, L50, M|100/100|[from] Parting Shot\n|move|p2b: Goodra|Dragon Pulse|p1a: Politoed\n|-damage|p1a: Politoed|64/100\n|\n|-weather|RainDance|[upkeep]\n|-heal|p2b: Goodra|88/100|[from] item: Leftovers\n|-start|p2a: Victreebel|perish0\n|-start|p2b: Goodra|perish0\n|faint|p2a: Victreebel\n|faint|p2b: Goodra\n|upkeep\n|\n|t:|1776016506\n|switch|p2a: Primarina|Primarina, L50, F|100/100\n|switch|p2b: Dragapult|Dragapult, L50, M|100/100\n|turn|5\n|\n|t:|1776016519\n|move|p1b: Archaludon|Protect|p1b: Archaludon\n|-singleturn|p1b: Archaludon|Protect\n|move|p2a: Primarina|Protect|p2a: Primarina\n|-singleturn|p2a: Primarina|Protect\n|move|p2b: Dragapult|Dragon Pulse|p1b: Archaludon\n|-activate|p1b: Archaludon|move: Protect\n|move|p1a: Politoed|Perish Song|p1a: Politoed\n|-start|p1a: Politoed|perish3|[silent]\n|-start|p1b: Archaludon|perish3|[silent]\n|-start|p2a: Primarina|perish3|[silent]\n|-start|p2b: Dragapult|perish3|[silent]\n|-fieldactivate|move: Perish Song\n|\n|-weather|RainDance|[upkeep]\n|-start|p2b: Dragapult|perish3\n|-start|p1b: Archaludon|perish3\n|-start|p1a: Politoed|perish3\n|-start|p2a: Primarina|perish3\n|upkeep\n|turn|6\n|\n|t:|1776016535\n|switch|p1a: Incineroar|Incineroar, L50, M|100/100\n|-ability|p1a: Incineroar|Intimidate|boost\n|-unboost|p2a: Primarina|atk|1\n|-unboost|p2b: Dragapult|atk|1\n|move|p2b: Dragapult|Dragon Pulse|p1b: Archaludon\n|-damage|p1b: Archaludon|48/100\n|move|p1b: Archaludon|Electro Shot||[still]\n|-prepare|p1b: Archaludon|Electro Shot\n|-boost|p1b: Archaludon|spa|1\n|-anim|p1b: Archaludon|Electro Shot|p2a: Primarina\n|-supereffective|p2a: Primarina|1\n|-damage|p2a: Primarina|0 fnt\n|faint|p2a: Primarina\n|\n|-weather|RainDance|[upkeep]\n|-start|p2b: Dragapult|perish2\n|-start|p1b: Archaludon|perish2\n|upkeep\n|turn|7\n|-message|DaTrupro075 forfeited.\n|\n|win|SukyShiro\n|raw|SukyShiro's rating: 1153 &rarr; <strong>1172</strong><br />(+19 for winning)\n|raw|DaTrupro075's rating: 1066 &rarr; <strong>1051</strong><br />(-15 for losing)\n|l|\u2606DaTrupro075\n|player|p2|\n",
  "uploadtime": 1776016555,
  "views": 22,
  "formatid": "gen9championsvgc2026regma",
  "rating": 1051,
  "private": 0,
  "password": null
}