{
  "id": "gen9championsvgc2026regma-2588747333",
  "format": "[Gen 9 Champions] VGC 2026 Reg M-A",
  "players": [
    "raigonjoy",
    "tomyabo21"
  ],
  "log": "|j|\u2606raigonjoy\n|j|\u2606tomyabo21\n|t:|1776665455\n|gametype|doubles\n|player|p1|raigonjoy|1|1148\n|player|p2|tomyabo21|266|1073\n|gen|9\n|tier|[Gen 9 Champions] VGC 2026 Reg M-A\n|rated|\n|rule|Species Clause: Limit one of each Pok\u00e9mon\n|rule|Item Clause: Limit 1 of each item\n|clearpoke\n|poke|p1|Gengar, L50, F|\n|poke|p1|Basculegion, L50, M|\n|poke|p1|Sneasler, L50, M|\n|poke|p1|Maushold-Four, L50|\n|poke|p1|Sinistcha, L50|\n|poke|p1|Incineroar, L50, M|\n|poke|p2|Tyranitar, L50, F|\n|poke|p2|Excadrill, L50, F|\n|poke|p2|Incineroar, L50, M|\n|poke|p2|Whimsicott, L50, M|\n|poke|p2|Kingambit, L50, F|\n|poke|p2|Rotom-Wash, L50|\n|teampreview|4\n|inactive|Battle timer is ON: inactive players will automatically lose when time's up. (requested by raigonjoy)\n|inactive|raigonjoy has 60 seconds left.\n|inactive|tomyabo21 has 60 seconds left.\n|\n|t:|1776665497\n|teamsize|p1|4\n|teamsize|p2|4\n|start\n|switch|p1a: Gengar|Gengar, L50, F|100/100\n|switch|p1b: Incineroar|Incineroar, L50, M|100/100\n|switch|p2a: Whimsicott|Whimsicott, L50, M|100/100\n|switch|p2b: Incineroar|Incineroar, L50, M|100/100\n|-ability|p2b: Incineroar|Intimidate|boost\n|-unboost|p1a: Gengar|atk|1\n|-unboost|p1b: Incineroar|atk|1\n|-ability|p1b: Incineroar|Intimidate|boost\n|-unboost|p2a: Whimsicott|atk|1\n|-unboost|p2b: Incineroar|atk|1\n|turn|1\n|\n|t:|1776665521\n|move|p2a: Whimsicott|Protect|p2a: Whimsicott\n|-singleturn|p2a: Whimsicott|Protect\n|move|p1a: Gengar|Sludge Bomb|p2a: Whimsicott\n|-activate|p2a: Whimsicott|move: Protect\n|move|p2b: Incineroar|Flare Blitz|p1a: Gengar\n|-damage|p1a: Gengar|63/100\n|-status|p1a: Gengar|brn\n|-damage|p2b: Incineroar|90/100|[from] Recoil\n|move|p1b: Incineroar|Parting Shot|p2b: Incineroar\n|-unboost|p2b: Incineroar|atk|1\n|-unboost|p2b: Incineroar|spa|1\n|\n|t:|1776665536\n|switch|p1b: Sinistcha|Sinistcha, L50|100/100|[from] Parting Shot\n|-heal|p1a: Gengar|87/100 brn|[from] ability: Hospitality|[of] p1b: Sinistcha\n|\n|-damage|p1a: Gengar|81/100 brn|[from] brn\n|upkeep\n|turn|2\n|inactive|raigonjoy has 30 seconds left.\n|inactive|raigonjoy has 20 seconds left.\n|\n|t:|1776665572\n|switch|p1a: Incineroar|Incineroar, L50, M|100/100\n|-ability|p1a: Incineroar|Intimidate|boost\n|-unboost|p2a: Whimsicott|atk|1\n|-unboost|p2b: Incineroar|atk|1\n|move|p2a: Whimsicott|Tailwind|p2a: Whimsicott\n|-sidestart|p2: tomyabo21|move: Tailwind\n|move|p2b: Incineroar|Parting Shot|p1a: Incineroar\n|-unboost|p1a: Incineroar|atk|1\n|-unboost|p1a: Incineroar|spa|1\n|\n|t:|1776665582\n|switch|p2b: Tyranitar|Tyranitar, L50, F|100/100|[from] Parting Shot\n|-weather|Sandstorm|[from] ability: Sand Stream|[of] p2b: Tyranitar\n|move|p1b: Sinistcha|Trick Room|p1b: Sinistcha\n|-fieldstart|move: Trick Room|[of] p1b: Sinistcha\n|\n|-weather|Sandstorm|[upkeep]\n|-damage|p1a: Incineroar|95/100|[from] Sandstorm\n|-damage|p1b: Sinistcha|94/100|[from] Sandstorm\n|-damage|p2a: Whimsicott|95/100|[from] Sandstorm\n|upkeep\n|turn|3\n|inactive|raigonjoy has 30 seconds left.\n|inactive|raigonjoy has 20 seconds left.\n|inactive|tomyabo21 has 30 seconds left.\n|\n|t:|1776665617\n|detailschange|p2b: Tyranitar|Tyranitar-Mega, L50, F\n|-mega|p2b: Tyranitar|Tyranitar|Tyranitarite\n|move|p2b: Tyranitar|Protect|p2b: Tyranitar\n|-singleturn|p2b: Tyranitar|Protect\n|move|p1a: Incineroar|Fake Out|p2b: Tyranitar\n|-activate|p2b: Tyranitar|move: Protect\n|move|p2a: Whimsicott|Encore|p1b: Sinistcha\n|-start|p1b: Sinistcha|Encore\n|move|p1b: Sinistcha|Trick Room|p1b: Sinistcha\n|-fieldend|move: Trick Room\n|\n|-weather|Sandstorm|[upkeep]\n|-damage|p2a: Whimsicott|89/100|[from] Sandstorm\n|-damage|p1b: Sinistcha|88/100|[from] Sandstorm\n|-damage|p1a: Incineroar|89/100|[from] Sandstorm\n|upkeep\n|turn|4\n|\n|t:|1776665636\n|switch|p1a: Basculegion|Basculegion, L50, M|100/100\n|move|p2a: Whimsicott|Dazzling Gleam|p1a: Basculegion|[spread] p1a,p1b\n|-crit|p1b: Sinistcha\n|-damage|p1a: Basculegion|81/100\n|-damage|p1b: Sinistcha|62/100\n|move|p2b: Tyranitar|Knock Off|p1b: Sinistcha\n|-supereffective|p1b: Sinistcha|1\n|-enditem|p1b: Sinistcha|Colbur Berry|[eat]\n|-enditem|p1b: Sinistcha|Colbur Berry|[weaken]\n|-damage|p1b: Sinistcha|11/100\n|move|p1b: Sinistcha|Trick Room|p1b: Sinistcha\n|-fieldstart|move: Trick Room|[of] p1b: Sinistcha\n|\n|-weather|Sandstorm|[upkeep]\n|-damage|p1b: Sinistcha|5/100|[from] Sandstorm\n|-damage|p1a: Basculegion|75/100|[from] Sandstorm\n|-damage|p2a: Whimsicott|83/100|[from] Sandstorm\n|upkeep\n|turn|5\n|inactive|raigonjoy has 30 seconds left.\n|inactive|raigonjoy has 20 seconds left.\n|inactive|raigonjoy has 15 seconds left.\n|inactive|raigonjoy has 10 seconds left.\n|\n|t:|1776665683\n|switch|p1b: Incineroar|Incineroar, L50, M|89/100\n|-ability|p1b: Incineroar|Intimidate|boost\n|-unboost|p2a: Whimsicott|atk|1\n|-unboost|p2b: Tyranitar|atk|1\n|move|p2b: Tyranitar|Protect|p2b: Tyranitar\n|-singleturn|p2b: Tyranitar|Protect\n|move|p1a: Basculegion|Wave Crash|p2b: Tyranitar\n|-activate|p2b: Tyranitar|move: Protect\n|move|p2a: Whimsicott|Dazzling Gleam|p1b: Incineroar|[spread] p1a,p1b\n|-damage|p1a: Basculegion|57/100\n|-damage|p1b: Incineroar|75/100\n|\n|-weather|Sandstorm|[upkeep]\n|-damage|p1b: Incineroar|69/100|[from] Sandstorm\n|-damage|p1a: Basculegion|51/100|[from] Sandstorm\n|-damage|p2a: Whimsicott|77/100|[from] Sandstorm\n|-sideend|p2: tomyabo21|move: Tailwind\n|upkeep\n|turn|6\n|inactive|raigonjoy has 30 seconds left.\n|\n|t:|1776665718\n|switch|p2b: Incineroar|Incineroar, L50, M|90/100\n|-ability|p2b: Incineroar|Intimidate|boost\n|-unboost|p1a: Basculegion|atk|1\n|-unboost|p1b: Incineroar|atk|1\n|move|p2a: Whimsicott|Protect|p2a: Whimsicott\n|-singleturn|p2a: Whimsicott|Protect\n|move|p1b: Incineroar|Fake Out|p2b: Incineroar\n|-damage|p2b: Incineroar|84/100\n|move|p1a: Basculegion|Wave Crash|p2b: Incineroar\n|-supereffective|p2b: Incineroar|1\n|-damage|p2b: Incineroar|13/100\n|-enditem|p2b: Incineroar|Sitrus Berry|[eat]\n|-heal|p2b: Incineroar|38/100|[from] item: Sitrus Berry\n|-damage|p1a: Basculegion|28/100|[from] Recoil\n|\n|-weather|none\n|upkeep\n|turn|7\n|\n|t:|1776665741\n|switch|p1b: Sinistcha|Sinistcha, L50|5/100\n|-heal|p1a: Basculegion|52/100|[from] ability: Hospitality|[of] p1b: Sinistcha\n|move|p2b: Incineroar|Fake Out|p1b: Sinistcha\n|-immune|p1b: Sinistcha\n|move|p2a: Whimsicott|Dazzling Gleam|p1a: Basculegion|[spread] p1a,p1b\n|-damage|p1a: Basculegion|34/100\n|-damage|p1b: Sinistcha|0 fnt\n|faint|p1b: Sinistcha\n|move|p1a: Basculegion|Wave Crash|p2b: Incineroar\n|-supereffective|p2b: Incineroar|1\n|-damage|p2b: Incineroar|0 fnt\n|faint|p2b: Incineroar\n|-damage|p1a: Basculegion|22/100|[from] Recoil\n|\n|upkeep\n|\n|t:|1776665758\n|switch|p2b: Tyranitar|Tyranitar-Mega, L50, F|100/100\n|switch|p1b: Gengar|Gengar, L50, F|81/100 brn\n|-weather|Sandstorm|[from] ability: Sand Stream|[of] p2b: Tyranitar\n|turn|8\n|\n|t:|1776665781\n|switch|p1a: Incineroar|Incineroar, L50, M|69/100\n|-ability|p1a: Incineroar|Intimidate|boost\n|-unboost|p2a: Whimsicott|atk|1\n|-unboost|p2b: Tyranitar|atk|1\n|detailschange|p1b: Gengar|Gengar-Mega, L50, F\n|-mega|p1b: Gengar|Gengar|Gengarite\n|move|p2a: Whimsicott|Protect|p2a: Whimsicott\n|-singleturn|p2a: Whimsicott|Protect\n|move|p2b: Tyranitar|Protect|p2b: Tyranitar\n|-singleturn|p2b: Tyranitar|Protect\n|move|p1b: Gengar|Perish Song|p1b: Gengar\n|-start|p1a: Incineroar|perish3|[silent]\n|-start|p1b: Gengar|perish3|[silent]\n|-start|p2a: Whimsicott|perish3|[silent]\n|-start|p2b: Tyranitar|perish3|[silent]\n|-fieldactivate|move: Perish Song\n|\n|-weather|Sandstorm|[upkeep]\n|-damage|p1a: Incineroar|63/100|[from] Sandstorm\n|-damage|p1b: Gengar|75/100 brn|[from] Sandstorm\n|-damage|p2a: Whimsicott|71/100|[from] Sandstorm\n|-damage|p1b: Gengar|69/100 brn|[from] brn\n|-start|p1a: Incineroar|perish3\n|-start|p2b: Tyranitar|perish3\n|-start|p1b: Gengar|perish3\n|-start|p2a: Whimsicott|perish3\n|-fieldend|move: Trick Room\n|upkeep\n|turn|9\n|inactive|raigonjoy has 30 seconds left.\n|inactive|tomyabo21 has 30 seconds left.\n|\n|t:|1776665815\n|move|p1b: Gengar|Protect|p1b: Gengar\n|-singleturn|p1b: Gengar|Protect\n|move|p1a: Incineroar|Fake Out|p2b: Tyranitar\n|-resisted|p2b: Tyranitar|1\n|-damage|p2b: Tyranitar|97/100\n|move|p2a: Whimsicott|Tailwind|p2a: Whimsicott\n|-sidestart|p2: tomyabo21|move: Tailwind\n|cant|p2b: Tyranitar|flinch\n|\n|-weather|Sandstorm|[upkeep]\n|-damage|p2a: Whimsicott|65/100|[from] Sandstorm\n|-damage|p1b: Gengar|63/100 brn|[from] Sandstorm\n|-damage|p1a: Incineroar|57/100|[from] Sandstorm\n|-damage|p1b: Gengar|57/100 brn|[from] brn\n|-start|p2a: Whimsicott|perish2\n|-start|p2b: Tyranitar|perish2\n|-start|p1b: Gengar|perish2\n|-start|p1a: Incineroar|perish2\n|upkeep\n|turn|10\n|inactive|raigonjoy has 30 seconds left.\n|\n|t:|1776665840\n|switch|p1b: Basculegion|Basculegion, L50, M|22/100\n|move|p2a: Whimsicott|Dazzling Gleam|p1b: Basculegion|[spread] p1a,p1b\n|-damage|p1a: Incineroar|44/100\n|-damage|p1b: Basculegion|2/100\n|move|p2b: Tyranitar|Rock Slide|p1b: Basculegion|[spread] p1a\n|-miss|p2b: Tyranitar|p1b: Basculegion\n|-supereffective|p1a: Incineroar|1\n|-damage|p1a: Incineroar|0 fnt\n|faint|p1a: Incineroar\n|\n|-weather|Sandstorm|[upkeep]\n|-damage|p2a: Whimsicott|59/100|[from] Sandstorm\n|-damage|p1b: Basculegion|0 fnt|[from] Sandstorm\n|faint|p1b: Basculegion\n|-start|p2a: Whimsicott|perish1\n|-start|p2b: Tyranitar|perish1\n|upkeep\n|\n|t:|1776665859\n|switch|p1b: Gengar|Gengar-Mega, L50, F|57/100 brn\n|turn|11\n|\n|t:|1776665872\n|move|p1b: Gengar|Protect|p1b: Gengar\n|-singleturn|p1b: Gengar|Protect\n|move|p2a: Whimsicott|Encore|p1b: Gengar\n|-activate|p1b: Gengar|move: Protect\n|move|p2b: Tyranitar|Knock Off|p1b: Gengar\n|-activate|p1b: Gengar|move: Protect\n|\n|-weather|Sandstorm|[upkeep]\n|-damage|p2a: Whimsicott|53/100|[from] Sandstorm\n|-damage|p1b: Gengar|51/100 brn|[from] Sandstorm\n|-damage|p1b: Gengar|45/100 brn|[from] brn\n|-start|p2a: Whimsicott|perish0\n|-start|p2b: Tyranitar|perish0\n|faint|p2a: Whimsicott\n|faint|p2b: Tyranitar\n|upkeep\n|\n|t:|1776665885\n|switch|p2b: Excadrill|Excadrill, L50, F|100/100\n|turn|12\n|-message|raigonjoy forfeited.\n|\n|win|tomyabo21\n|raw|raigonjoy's rating: 1148 &rarr; <strong>1118</strong><br />(-30 for losing)\n|raw|tomyabo21's rating: 1073 &rarr; <strong>1108</strong><br />(+35 for winning)\n|l|\u2606raigonjoy\n|player|p1|\n|j|\u2606raigonjoy\n|player|p1|raigonjoy|1|\n",
  "uploadtime": 1776665914,
  "views": 14,
  "formatid": "gen9championsvgc2026regma",
  "rating": 1108,
  "private": 0,
  "password": null
}