{
  "id": "gen9championsvgc2026regma-2581417827",
  "format": "[Gen 9 Champions] VGC 2026 Reg M-A",
  "players": [
    "kkjftdytjk",
    "thealex610"
  ],
  "log": "|j|\u2606kkjftdytjk\n|j|\u2606thealex610\n|t:|1775998353\n|gametype|doubles\n|player|p1|kkjftdytjk|170|1079\n|player|p2|thealex610|170|1000\n|gen|9\n|tier|[Gen 9 Champions] VGC 2026 Reg M-A\n|rated|\n|rule|Species Clause: Limit one of each Pok\u00e9mon\n|rule|Item Clause: Limit 1 of each item\n|clearpoke\n|poke|p1|Gardevoir, L50, F|\n|poke|p1|Sneasler, L50, M|\n|poke|p1|Garchomp, L50, M|\n|poke|p1|Corviknight, L50, M|\n|poke|p1|Dragonite, L50, F|\n|poke|p1|Rotom-Wash, L50|\n|poke|p2|Sneasler, L50, M|\n|poke|p2|Talonflame, L50, F|\n|poke|p2|Milotic, L50, F|\n|poke|p2|Aegislash, L50, F|\n|poke|p2|Tyranitar, L50, F|\n|poke|p2|Scizor, L50, F|\n|teampreview|4\n|\n|t:|1775998388\n|teamsize|p1|4\n|teamsize|p2|4\n|start\n|switch|p1a: Corviknight|Corviknight, L50, M|100/100\n|switch|p1b: Garchomp|Garchomp, L50, M|100/100\n|switch|p2a: Sneasler|Sneasler, L50, M|100/100\n|switch|p2b: Talonflame|Talonflame, L50, F|100/100\n|turn|1\n|\n|t:|1775998408\n|move|p2a: Sneasler|Fake Out|p1a: Corviknight\n|-resisted|p1a: Corviknight|1\n|-damage|p1a: Corviknight|94/100\n|move|p2b: Talonflame|Tailwind|p2b: Talonflame\n|-sidestart|p2: thealex610|move: Tailwind\n|move|p1b: Garchomp|Stomping Tantrum|p2a: Sneasler\n|-supereffective|p2a: Sneasler|1\n|-damage|p2a: Sneasler|0 fnt\n|faint|p2a: Sneasler\n|cant|p1a: Corviknight|flinch\n|\n|-heal|p1a: Corviknight|99/100|[from] item: Leftovers\n|upkeep\n|\n|t:|1775998431\n|switch|p2a: Scizor|Scizor, L50, F, shiny|100/100\n|turn|2\n|\n|t:|1775998451\n|detailschange|p2a: Scizor|Scizor-Mega, L50, F, shiny\n|-mega|p2a: Scizor|Scizor|Scizorite\n|move|p1b: Garchomp|Protect|p1b: Garchomp\n|-singleturn|p1b: Garchomp|Protect\n|move|p2b: Talonflame|Flare Blitz|p1a: Corviknight\n|-supereffective|p1a: Corviknight|1\n|-damage|p1a: Corviknight|25/100\n|-damage|p2b: Talonflame|70/100|[from] Recoil\n|move|p2a: Scizor|Swords Dance|p2a: Scizor\n|-boost|p2a: Scizor|atk|2\n|move|p1a: Corviknight|Tailwind|p1a: Corviknight\n|-sidestart|p1: kkjftdytjk|move: Tailwind\n|\n|-heal|p1a: Corviknight|31/100|[from] item: Leftovers\n|upkeep\n|turn|3\n|\n|t:|1775998479\n|move|p2b: Talonflame|Flare Blitz|p1a: Corviknight\n|-supereffective|p1a: Corviknight|1\n|-crit|p1a: Corviknight\n|-damage|p1a: Corviknight|0 fnt\n|faint|p1a: Corviknight\n|-damage|p2b: Talonflame|57/100|[from] Recoil\n|move|p1b: Garchomp|Rock Slide|p2a: Scizor|[spread] p2a\n|-miss|p1b: Garchomp|p2b: Talonflame\n|-damage|p2a: Scizor|80/100\n|cant|p2a: Scizor|flinch\n|\n|upkeep\n|\n|t:|1775998489\n|switch|p1a: Sneasler|Sneasler, L50, M|100/100\n|turn|4\n|\n|t:|1775998494\n|move|p2b: Talonflame|Protect|p2b: Talonflame\n|-singleturn|p2b: Talonflame|Protect\n|move|p2a: Scizor|Protect|p2a: Scizor\n|-singleturn|p2a: Scizor|Protect\n|move|p1a: Sneasler|Fake Out|p2a: Scizor\n|-activate|p2a: Scizor|move: Protect\n|move|p1b: Garchomp|Rock Slide|p2a: Scizor|[spread] \n|-activate|p2a: Scizor|move: Protect\n|-activate|p2b: Talonflame|move: Protect\n|\n|-sideend|p2: thealex610|move: Tailwind\n|upkeep\n|turn|5\n|\n|t:|1775998519\n|move|p1a: Sneasler|Coaching|p1b: Garchomp\n|-boost|p1b: Garchomp|atk|1\n|-boost|p1b: Garchomp|def|1\n|move|p1b: Garchomp|Stomping Tantrum|p2a: Scizor\n|-damage|p2a: Scizor|26/100\n|move|p2b: Talonflame|Brave Bird|p1b: Garchomp\n|-damage|p1b: Garchomp|63/100\n|-damage|p2b: Talonflame|44/100|[from] ability: Rough Skin|[of] p1b: Garchomp\n|-damage|p2b: Talonflame|30/100|[from] Recoil\n|move|p2a: Scizor|Dual Wingbeat|p1a: Sneasler\n|-supereffective|p1a: Sneasler|1\n|-enditem|p1a: Sneasler|Focus Sash\n|-damage|p1a: Sneasler|1/100\n|-supereffective|p1a: Sneasler|1\n|-damage|p1a: Sneasler|0 fnt\n|faint|p1a: Sneasler\n|-hitcount|p1: Sneasler|2\n|\n|-sideend|p1: kkjftdytjk|move: Tailwind\n|upkeep\n|\n|t:|1775998533\n|switch|p1a: Gardevoir|Gardevoir, L50, F|100/100\n|-ability|p1a: Gardevoir|Technician|Trace|[from] ability: Trace|[of] p2a: Scizor\n|turn|6\n|\n|t:|1775998552\n|detailschange|p1a: Gardevoir|Gardevoir-Mega, L50, F\n|-mega|p1a: Gardevoir|Gardevoir|Gardevoirite\n|move|p1a: Gardevoir|Protect|p1a: Gardevoir\n|-singleturn|p1a: Gardevoir|Protect\n|move|p2a: Scizor|Bullet Punch|p1a: Gardevoir\n|-activate|p1a: Gardevoir|move: Protect\n|move|p2b: Talonflame|Brave Bird|p1b: Garchomp\n|-damage|p1b: Garchomp|29/100\n|-damage|p2b: Talonflame|18/100|[from] ability: Rough Skin|[of] p1b: Garchomp\n|-damage|p2b: Talonflame|5/100|[from] Recoil\n|move|p1b: Garchomp|Stomping Tantrum|p2a: Scizor\n|-damage|p2a: Scizor|0 fnt\n|faint|p2a: Scizor\n|\n|upkeep\n|\n|t:|1775998566\n|switch|p2a: Aegislash|Aegislash, L50, F|100/100\n|turn|7\n|\n|t:|1775998583\n|move|p1b: Garchomp|Protect|p1b: Garchomp\n|-singleturn|p1b: Garchomp|Protect\n|-formechange|p2a: Aegislash|Aegislash-Blade|\n|move|p2a: Aegislash|Shadow Sneak|p1a: Gardevoir\n|-supereffective|p1a: Gardevoir|1\n|-damage|p1a: Gardevoir|39/100\n|move|p2b: Talonflame|Brave Bird|p1b: Garchomp\n|-activate|p1b: Garchomp|move: Protect\n|move|p1a: Gardevoir|Hyper Voice|p2b: Talonflame|[spread] p2a,p2b\n|-resisted|p2a: Aegislash|1\n|-resisted|p2b: Talonflame|1\n|-damage|p2a: Aegislash|56/100\n|-damage|p2b: Talonflame|0 fnt\n|faint|p2b: Talonflame\n|\n|-heal|p2a: Aegislash|62/100|[from] item: Leftovers\n|upkeep\n|turn|8\n|\n|t:|1775998601\n|move|p1a: Gardevoir|Protect|p1a: Gardevoir\n|-singleturn|p1a: Gardevoir|Protect\n|-formechange|p2a: Aegislash|Aegislash|\n|move|p2a: Aegislash|King's Shield|p2a: Aegislash\n|-singleturn|p2a: Aegislash|Protect\n|move|p1b: Garchomp|Stomping Tantrum|p2a: Aegislash\n|-activate|p2a: Aegislash|move: Protect\n|-unboost|p1b: Garchomp|atk|1\n|\n|-heal|p2a: Aegislash|68/100|[from] item: Leftovers\n|upkeep\n|turn|9\n|\n|t:|1775998619\n|-formechange|p2a: Aegislash|Aegislash-Blade|\n|move|p2a: Aegislash|Shadow Sneak|p1a: Gardevoir\n|-supereffective|p1a: Gardevoir|1\n|-damage|p1a: Gardevoir|0 fnt\n|faint|p1a: Gardevoir\n|move|p1b: Garchomp|Stomping Tantrum|p2a: Aegislash\n|-supereffective|p2a: Aegislash|1\n|-damage|p2a: Aegislash|0 fnt\n|faint|p2a: Aegislash\n|\n|win|kkjftdytjk\n|raw|kkjftdytjk's rating: 1079 &rarr; <strong>1101</strong><br />(+22 for winning)\n|raw|thealex610's rating: 1000 &rarr; <strong>1000</strong><br />(+0 for losing)\n|l|\u2606kkjftdytjk\n|player|p1|\n",
  "uploadtime": 1775998725,
  "views": 19,
  "formatid": "gen9championsvgc2026regma",
  "rating": 1000,
  "private": 0,
  "password": null
}