{
  "id": "gen9championsvgc2026regma-2582673741",
  "format": "[Gen 9 Champions] VGC 2026 Reg M-A",
  "players": [
    "salsuigetsu",
    "scrambledegg6"
  ],
  "log": "|j|\u2606salsuigetsu\n|j|\u2606scrambledegg6\n|t:|1776106436\n|gametype|doubles\n|player|p1|salsuigetsu|burglar|1081\n|player|p2|scrambledegg6|lance|1040\n|gen|9\n|tier|[Gen 9 Champions] VGC 2026 Reg M-A\n|rated|\n|rule|Species Clause: Limit one of each Pok\u00e9mon\n|rule|Item Clause: Limit 1 of each item\n|clearpoke\n|poke|p1|Milotic, L50, F|\n|poke|p1|Zoroark-Hisui, L50, M|\n|poke|p1|Alcremie-Caramel-Swirl, L50, F|\n|poke|p1|Medicham, L50, F|\n|poke|p1|Weavile, L50, M|\n|poke|p1|Trevenant, L50, M|\n|poke|p2|Aerodactyl, L50, M|\n|poke|p2|Sneasler, L50, M|\n|poke|p2|Floette-Eternal, L50, F|\n|poke|p2|Kingambit, L50, M|\n|poke|p2|Maushold-Four, L50|\n|poke|p2|Basculegion, L50, M|\n|teampreview|4\n|inactive|Battle timer is ON: inactive players will automatically lose when time's up. (requested by scrambledegg6)\nscrambledegg6 has agreed to open team sheets.\n|\n|t:|1776106463\n|teamsize|p1|4\n|teamsize|p2|4\n|start\n|switch|p1a: Yuzu|Alcremie-Caramel-Swirl, L50, F|100/100\n|switch|p1b: Feitan|Weavile, L50, M|100/100\n|switch|p2a: Aerodactyl|Aerodactyl, L50, M, shiny|100/100\n|switch|p2b: Sneasler|Sneasler, L50, M|100/100\n|-ability|p2a: Aerodactyl|Unnerve\n|turn|1\n|\n|t:|1776106480\n|move|p1b: Feitan|Protect|p1b: Feitan\n|-singleturn|p1b: Feitan|Protect\n|move|p2a: Aerodactyl|Rock Slide|p1a: Yuzu|[spread] p1a\n|-activate|p1b: Feitan|move: Protect\n|-damage|p1a: Yuzu|70/100\n|move|p2b: Sneasler|Close Combat|p1b: Feitan\n|-activate|p1b: Feitan|move: Protect\n|cant|p1a: Yuzu|flinch\n|\n|upkeep\n|turn|2\n|\n|t:|1776106505\n|move|p2a: Aerodactyl|Rock Slide|p1b: Feitan|[spread] p1b\n|-miss|p2a: Aerodactyl|p1a: Yuzu\n|-damage|p1b: Feitan|50/100\n|replace|p1b: Illumi|Zoroark-Hisui, L50, M\n|-end|p1b: Illumi|Illusion\n|move|p2b: Sneasler|Close Combat|p1a: Yuzu\n|-resisted|p1a: Yuzu|1\n|-damage|p1a: Yuzu|38/100\n|-unboost|p2b: Sneasler|def|1\n|-unboost|p2b: Sneasler|spd|1\n|-enditem|p2b: Sneasler|White Herb\n|-clearnegativeboost|p2b: Sneasler|[silent]\n|move|p1b: Illumi|Hyper Voice|p2b: Sneasler|[spread] p2a,p2b\n|-resisted|p2a: Aerodactyl|1\n|-damage|p2a: Aerodactyl|77/100\n|-damage|p2b: Sneasler|52/100\n|move|p1a: Yuzu|Decorate|p1b: Illumi\n|-boost|p1b: Illumi|atk|2\n|-boost|p1b: Illumi|spa|2\n|\n|upkeep\n|turn|3\n|inactive|salsuigetsu has 30 seconds left.\n|inactive|scrambledegg6 has 30 seconds left.\n|inactive|scrambledegg6 has 20 seconds left.\n|\n|t:|1776106545\n|move|p1b: Illumi|Protect|p1b: Illumi\n|-singleturn|p1b: Illumi|Protect\n|move|p2b: Sneasler|Dire Claw|p1a: Yuzu\n|-supereffective|p1a: Yuzu|1\n|-damage|p1a: Yuzu|0 fnt\n|faint|p1a: Yuzu\n|move|p2a: Aerodactyl|Dual Wingbeat|p1b: Illumi\n|-activate|p1b: Illumi|move: Protect\n|\n|upkeep\n|\n|t:|1776106556\n|switch|p1a: Feitan|Weavile, L50, M|100/100\n|turn|4\n|\n|t:|1776106569\n|move|p2b: Sneasler|Protect|p2b: Sneasler\n|-singleturn|p2b: Sneasler|Protect\n|move|p2a: Aerodactyl|Protect|p2a: Aerodactyl\n|-singleturn|p2a: Aerodactyl|Protect\n|move|p1a: Feitan|Fake Out|p2a: Aerodactyl\n|-activate|p2a: Aerodactyl|move: Protect\n|move|p1b: Illumi|Bitter Malice|p2a: Aerodactyl\n|-activate|p2a: Aerodactyl|move: Protect\n|\n|upkeep\n|turn|5\n|\n|t:|1776106588\n|move|p1b: Illumi|Protect|p1b: Illumi\n|-singleturn|p1b: Illumi|Protect\n|move|p2b: Sneasler|Close Combat|p1a: Feitan\n|-supereffective|p1a: Feitan|2\n|-crit|p1a: Feitan\n|-damage|p1a: Feitan|0 fnt\n|-unboost|p2b: Sneasler|def|1\n|-unboost|p2b: Sneasler|spd|1\n|faint|p1a: Feitan\n|move|p2a: Aerodactyl|Tailwind|p2a: Aerodactyl\n|-sidestart|p2: scrambledegg6|move: Tailwind\n|\n|upkeep\n|\n|t:|1776106603\n|switch|p1a: Suigetsu|Milotic, L50, F|100/100\n|turn|6\n|-message|salsuigetsu forfeited.\n|\n|win|scrambledegg6\n|raw|salsuigetsu's rating: 1081 &rarr; <strong>1056</strong><br />(-25 for losing)\n|raw|scrambledegg6's rating: 1040 &rarr; <strong>1078</strong><br />(+38 for winning)\n",
  "uploadtime": 1776106615,
  "views": 11,
  "formatid": "gen9championsvgc2026regma",
  "rating": 1056,
  "private": 0,
  "password": null
}