{
  "id": "gen9championsvgc2026regma-2580554223",
  "format": "[Gen 9 Champions] VGC 2026 Reg M-A",
  "players": [
    "Unchained",
    "WhiteBoySharia"
  ],
  "log": "|j|\u2606Unchained\n|j|\u2606WhiteBoySharia\n|t:|1775912246\n|gametype|doubles\n|player|p1|Unchained|102|1041\n|player|p2|WhiteBoySharia|kieran|1000\n|gen|9\n|tier|[Gen 9 Champions] VGC 2026 Reg M-A\n|rated|\n|rule|Species Clause: Limit one of each Pok\u00e9mon\n|rule|Item Clause: Limit 1 of each item\n|clearpoke\n|poke|p1|Jolteon, L50, F|\n|poke|p1|Bellibolt, L50, M|\n|poke|p1|Ampharos, L50, F|\n|poke|p1|Raichu, L50, M|\n|poke|p1|Mamoswine, L50, F|\n|poke|p1|Ninetales-Alola, L50, F|\n|poke|p2|Floette-Eternal, L50, F|\n|poke|p2|Archaludon, L50, M|\n|poke|p2|Whimsicott, L50, M|\n|poke|p2|Incineroar, L50, M|\n|poke|p2|Palafin, L50, M|\n|poke|p2|Sneasler, L50, M|\n|teampreview|4\n|inactive|Battle timer is ON: inactive players will automatically lose when time's up. (requested by WhiteBoySharia)\n|inactive|Unchained also wants the timer to be on.\n|inactive|Unchained has 60 seconds left.\n|inactive|WhiteBoySharia has 60 seconds left.\n|\n|t:|1775912296\n|teamsize|p1|4\n|teamsize|p2|4\n|start\n|switch|p1a: Jolteon|Jolteon, L50, F|100/100\n|switch|p1b: Bellibolt|Bellibolt, L50, M|100/100\n|switch|p2a: Archaludon|Archaludon, L50, M|100/100\n|switch|p2b: Sneasler|Sneasler, L50, M|100/100\n|turn|1\n|\n|t:|1775912316\n|move|p2b: Sneasler|Fake Out|p1a: Jolteon\n|-damage|p1a: Jolteon|70/100\n|cant|p1a: Jolteon|flinch\n|move|p2a: Archaludon|Snarl|p1b: Bellibolt|[spread] p1a,p1b\n|-damage|p1a: Jolteon|56/100\n|-damage|p1b: Bellibolt|88/100\n|-unboost|p1a: Jolteon|spa|1\n|-unboost|p1b: Bellibolt|spa|1\n|-start|p1b: Bellibolt|Charge|Snarl|[from] ability: Electromorphosis\n|move|p1b: Bellibolt|Electric Terrain|p1b: Bellibolt\n|-fieldstart|move: Electric Terrain\n|-end|p1b: Bellibolt|Charge|[silent]\n|\n|upkeep\n|turn|2\n|inactive|WhiteBoySharia has 30 seconds left.\n|\n|t:|1775912341\n|move|p1a: Jolteon|Volt Switch|p2b: Sneasler\n|-damage|p2b: Sneasler|56/100\n|\n|t:|1775912346\n|switch|p1a: Ampharos|Ampharos, L50, F|100/100|[from] Volt Switch\n|move|p2b: Sneasler|Close Combat|p1a: Ampharos\n|-damage|p1a: Ampharos|29/100\n|-unboost|p2b: Sneasler|def|1\n|-unboost|p2b: Sneasler|spd|1\n|move|p2a: Archaludon|Snarl|p1b: Bellibolt|[spread] p1a,p1b\n|-damage|p1a: Ampharos|18/100\n|-damage|p1b: Bellibolt|76/100\n|-unboost|p1a: Ampharos|spa|1\n|-unboost|p1b: Bellibolt|spa|1\n|-start|p1b: Bellibolt|Charge|Snarl|[from] ability: Electromorphosis\n|move|p1b: Bellibolt|Soak|p2a: Archaludon\n|-start|p2a: Archaludon|typechange|Water\n|\n|upkeep\n|turn|3\n|inactive|WhiteBoySharia has 30 seconds left.\n|\n|t:|1775912377\n|detailschange|p1a: Ampharos|Ampharos-Mega, L50, F\n|-mega|p1a: Ampharos|Ampharos|Ampharosite\n|-ability|p1a: Ampharos|Mold Breaker\n|move|p2b: Sneasler|Dire Claw|p1a: Ampharos\n|-damage|p1a: Ampharos|0 fnt\n|faint|p1a: Ampharos\n|move|p2a: Archaludon|Snarl|p1b: Bellibolt\n|-damage|p1b: Bellibolt|61/100\n|-unboost|p1b: Bellibolt|spa|1\n|-start|p1b: Bellibolt|Charge|Snarl|[from] ability: Electromorphosis\n|move|p1b: Bellibolt|Parabolic Charge|p2a: Archaludon|[spread] p2a,p2b\n|-supereffective|p2a: Archaludon|1\n|-damage|p2a: Archaludon|55/100\n|-heal|p1b: Bellibolt|82/100|[from] drain|[of] p2a: Archaludon\n|-damage|p2b: Sneasler|10/100\n|-heal|p1b: Bellibolt|99/100|[from] drain|[of] p2b: Sneasler\n|-ability|p2a: Archaludon|Stamina|boost\n|-boost|p2a: Archaludon|def|1\n|-end|p1b: Bellibolt|Charge|[silent]\n|\n|-heal|p2a: Archaludon|61/100|[from] item: Leftovers\n|upkeep\n|inactive|Unchained has 30 seconds left.\n|\n|t:|1775912405\n|switch|p1a: Raichu|Raichu, L50, M|100/100\n|turn|4\n|\n|t:|1775912426\n|switch|p2a: Whimsicott|Whimsicott, L50, M|100/100\n|switch|p1b: Jolteon|Jolteon, L50, F|56/100\n|move|p2b: Sneasler|Protect|p2b: Sneasler\n|-singleturn|p2b: Sneasler|Protect\n|move|p1a: Raichu|Volt Switch|p2b: Sneasler\n|-activate|p2b: Sneasler|move: Protect\n|\n|upkeep\n|turn|5\n|\n|t:|1775912448\n|move|p2a: Whimsicott|Tailwind|p2a: Whimsicott\n|-sidestart|p2: WhiteBoySharia|move: Tailwind\n|move|p2b: Sneasler|Close Combat|p1b: Jolteon\n|-damage|p1b: Jolteon|0 fnt\n|-unboost|p2b: Sneasler|def|1\n|-unboost|p2b: Sneasler|spd|1\n|faint|p1b: Jolteon\n|move|p1a: Raichu|Rising Voltage|p2b: Sneasler\n|-hint|Rising Voltage's BP doubled on grounded target.\n|-damage|p2b: Sneasler|0 fnt\n|faint|p2b: Sneasler\n|\n|-fieldend|move: Electric Terrain\n|upkeep\n|\n|t:|1775912463\n|switch|p1b: Bellibolt|Bellibolt, L50, M|99/100\n|switch|p2b: Floette|Floette-Eternal, L50, F|100/100\n|turn|6\n|\n|t:|1775912477\n|detailschange|p2b: Floette|Floette-Mega, L50, F\n|-mega|p2b: Floette|Floette|Floettite\n|-ability|p2b: Floette|Fairy Aura\n|move|p2a: Whimsicott|Encore|p1a: Raichu\n|-start|p1a: Raichu|Encore\n|move|p2b: Floette|Light of Ruin|p1b: Bellibolt\n|-damage|p1b: Bellibolt|0 fnt\n|faint|p1b: Bellibolt\n|-damage|p2b: Floette|29/100|[from] Recoil\n|move|p1a: Raichu|Rising Voltage|p2b: Floette\n|-damage|p2b: Floette|3/100\n|\n|upkeep\n|turn|7\n|-message|Unchained forfeited.\n|\n|win|WhiteBoySharia\n|raw|Unchained's rating: 1041 &rarr; <strong>1023</strong><br />(-18 for losing)\n|raw|WhiteBoySharia's rating: 1000 &rarr; <strong>1045</strong><br />(+45 for winning)\n|l|\u2606Unchained\n|player|p1|\n",
  "uploadtime": 1775912495,
  "views": 11,
  "formatid": "gen9championsvgc2026regma",
  "rating": 1023,
  "private": 0,
  "password": null
}