{
  "id": "gen9championsvgc2026regma-2583977095",
  "format": "[Gen 9 Champions] VGC 2026 Reg M-A",
  "players": [
    "wrjisami",
    "Aurasteal"
  ],
  "log": "|j|\u2606wrjisami\n|j|\u2606Aurasteal\n|t:|1776213515\n|gametype|doubles\n|player|p1|wrjisami|170|1173\n|player|p2|Aurasteal|caitlin|1148\n|gen|9\n|tier|[Gen 9 Champions] VGC 2026 Reg M-A\n|rated|\n|rule|Species Clause: Limit one of each Pok\u00e9mon\n|rule|Item Clause: Limit 1 of each item\n|clearpoke\n|poke|p1|Gengar, L50, M|\n|poke|p1|Incineroar, L50, M|\n|poke|p1|Sableye, L50, F|\n|poke|p1|Blastoise, L50, M|\n|poke|p1|Altaria, L50, M|\n|poke|p1|Kommo-o, L50, F|\n|poke|p2|Floette-Eternal, L50, F|\n|poke|p2|Incineroar, L50, M|\n|poke|p2|Aerodactyl, L50, M|\n|poke|p2|Garchomp, L50, F|\n|poke|p2|Sinistcha, L50|\n|poke|p2|Basculegion, L50, M|\n|teampreview|4\n|inactive|Battle timer is ON: inactive players will automatically lose when time's up. (requested by Aurasteal)\n|inactive|wrjisami has 60 seconds left.\n|\n|t:|1776213588\n|teamsize|p1|4\n|teamsize|p2|4\n|start\n|switch|p1a: Gengar|Gengar, L50, M|100/100\n|switch|p1b: Incineroar|Incineroar, L50, M|100/100\n|switch|p2a: Aerodactyl|Aerodactyl, L50, M, shiny|100/100\n|switch|p2b: Garchomp|Garchomp, L50, F|100/100\n|-ability|p2a: Aerodactyl|Unnerve\n|-ability|p1b: Incineroar|Intimidate|boost\n|-unboost|p2a: Aerodactyl|atk|1\n|-unboost|p2b: Garchomp|atk|1\n|turn|1\n|inactive|wrjisami has 30 seconds left.\n|inactiveoff|Battle timer is now OFF.\n|inactive|Battle timer is ON: inactive players will automatically lose when time's up. (requested by Aurasteal)\n|\n|t:|1776213642\n|detailschange|p1a: Gengar|Gengar-Mega, L50, M\n|-mega|p1a: Gengar|Gengar|Gengarite\n|move|p1b: Incineroar|Fake Out|p2b: Garchomp\n|-damage|p2b: Garchomp|90/100\n|-damage|p1b: Incineroar|88/100|[from] ability: Rough Skin|[of] p2b: Garchomp\n|move|p2a: Aerodactyl|Rock Slide|p1b: Incineroar|[spread] p1a,p1b\n|-supereffective|p1b: Incineroar|1\n|-damage|p1a: Gengar|77/100\n|-damage|p1b: Incineroar|54/100\n|move|p1a: Gengar|Perish Song|p1a: Gengar\n|-start|p1a: Gengar|perish3|[silent]\n|-start|p1b: Incineroar|perish3|[silent]\n|-start|p2a: Aerodactyl|perish3|[silent]\n|-start|p2b: Garchomp|perish3|[silent]\n|-fieldactivate|move: Perish Song\n|cant|p2b: Garchomp|flinch\n|\n|-start|p1a: Gengar|perish3\n|-start|p2a: Aerodactyl|perish3\n|-start|p2b: Garchomp|perish3\n|-start|p1b: Incineroar|perish3\n|upkeep\n|turn|2\n|\n|t:|1776213666\n|switch|p1b: Sableye|Sableye, L50, F|100/100\n|move|p1a: Gengar|Protect|p1a: Gengar\n|-singleturn|p1a: Gengar|Protect\n|move|p2a: Aerodactyl|Tailwind|p2a: Aerodactyl\n|-sidestart|p2: Aurasteal|move: Tailwind\n|move|p2b: Garchomp|Earthquake|p1b: Sableye|[spread] p1b\n|-activate|p1a: Gengar|move: Protect\n|-immune|p2a: Aerodactyl\n|-damage|p1b: Sableye|60/100\n|\n|-start|p2a: Aerodactyl|perish2\n|-start|p2b: Garchomp|perish2\n|-start|p1a: Gengar|perish2\n|upkeep\n|turn|3\n|\n|t:|1776213686\n|move|p1b: Sableye|Encore|p2a: Aerodactyl\n|-start|p2a: Aerodactyl|Encore\n|move|p2a: Aerodactyl|Tailwind||[still]\n|-fail|p2a: Aerodactyl\n|move|p2b: Garchomp|Earthquake|p1a: Gengar|[spread] p1a,p1b\n|-immune|p2a: Aerodactyl\n|-supereffective|p1a: Gengar|1\n|-damage|p1a: Gengar|1/100\n|-damage|p1b: Sableye|19/100\n|move|p1a: Gengar|Substitute|p1a: Gengar\n|-fail|p1a: Gengar|move: Substitute|[weak]\n|\n|-start|p2a: Aerodactyl|perish1\n|-start|p2b: Garchomp|perish1\n|-start|p1a: Gengar|perish1\n|upkeep\n|turn|4\n|\n|t:|1776213706\n|switch|p1a: Incineroar|Incineroar, L50, M|54/100\n|-ability|p1a: Incineroar|Intimidate|boost\n|-unboost|p2a: Aerodactyl|atk|1\n|-unboost|p2b: Garchomp|atk|1\n|move|p1b: Sableye|Disable|p2b: Garchomp\n|-start|p2b: Garchomp|Disable|Earthquake\n|move|p2a: Aerodactyl|Tailwind||[still]\n|-fail|p2a: Aerodactyl\n|cant|p2b: Garchomp|Disable|Earthquake\n|\n|-start|p2a: Aerodactyl|perish0\n|-start|p2b: Garchomp|perish0\n|faint|p2a: Aerodactyl\n|faint|p2b: Garchomp\n|upkeep\n|\n|t:|1776213711\n|switch|p2a: Basculegion|Basculegion, L50, M|100/100\n|switch|p2b: Floette|Floette-Eternal, L50, F|100/100\n|turn|5\n|\n|t:|1776213734\n|detailschange|p2b: Floette|Floette-Mega, L50, F\n|-mega|p2b: Floette|Floette|Floettite\n|-ability|p2b: Floette|Fairy Aura\n|move|p1b: Sableye|Protect|p1b: Sableye\n|-singleturn|p1b: Sableye|Protect\n|move|p1a: Incineroar|Fake Out|p2b: Floette\n|-damage|p2b: Floette|88/100\n|move|p2a: Basculegion|Last Respects|p1a: Incineroar\n|-resisted|p1a: Incineroar|1\n|-crit|p1a: Incineroar\n|-damage|p1a: Incineroar|0 fnt\n|faint|p1a: Incineroar\n|cant|p2b: Floette|flinch\n|\n|-sideend|p2: Aurasteal|move: Tailwind\n|upkeep\n|\n|t:|1776213751\n|switch|p1a: Gengar|Gengar-Mega, L50, M|1/100\n|turn|6\n|\n|t:|1776213764\n|move|p1b: Sableye|Disable|p2a: Basculegion\n|-start|p2a: Basculegion|Disable|Last Respects\n|cant|p2a: Basculegion|Disable|Last Respects\n|move|p1a: Gengar|Perish Song|p1a: Gengar\n|-start|p1a: Gengar|perish3|[silent]\n|-start|p1b: Sableye|perish3|[silent]\n|-start|p2a: Basculegion|perish3|[silent]\n|-start|p2b: Floette|perish3|[silent]\n|-fieldactivate|move: Perish Song\n|move|p2b: Floette|Dazzling Gleam|p1b: Sableye|[spread] p1a,p1b\n|-resisted|p1a: Gengar|1\n|-supereffective|p1b: Sableye|1\n|-damage|p1a: Gengar|0 fnt\n|-damage|p1b: Sableye|0 fnt\n|faint|p1a: Gengar\n|faint|p1b: Sableye\n|\n|-start|p2a: Basculegion|perish3\n|-start|p2b: Floette|perish3\n|upkeep\n|\n|t:|1776213783\n|switch|p1a: Blastoise|Blastoise, L50, M|100/100\n|turn|7\n|\n|t:|1776213790\n|move|p1a: Blastoise|Fake Out|p2b: Floette\n|-damage|p2b: Floette|77/100\n|-activate|p2a: Basculegion|move: Struggle\n|move|p2a: Basculegion|Struggle|p1a: Blastoise\n|-damage|p1a: Blastoise|87/100\n|-damage|p2a: Basculegion|75/100|[from] recoil\n|cant|p2b: Floette|flinch\n|\n|-heal|p1a: Blastoise|93/100|[from] item: Leftovers\n|-start|p2a: Basculegion|perish2\n|-start|p2b: Floette|perish2\n|upkeep\n|turn|8\n|\n|t:|1776213809\n|move|p1a: Blastoise|Protect|p1a: Blastoise\n|-singleturn|p1a: Blastoise|Protect\n|-activate|p2a: Basculegion|move: Struggle\n|move|p2a: Basculegion|Struggle|p1a: Blastoise\n|-activate|p1a: Blastoise|move: Protect\n|move|p2b: Floette|Moonblast|p1a: Blastoise\n|-activate|p1a: Blastoise|move: Protect\n|\n|-heal|p1a: Blastoise|99/100|[from] item: Leftovers\n|-start|p2a: Basculegion|perish1\n|-start|p2b: Floette|perish1\n|upkeep\n|turn|9\n|\n|t:|1776213824\n|-activate|p2a: Basculegion|move: Struggle\n|move|p2a: Basculegion|Struggle|p1a: Blastoise\n|-damage|p1a: Blastoise|85/100\n|-damage|p2a: Basculegion|50/100|[from] recoil\n|move|p2b: Floette|Moonblast|p1a: Blastoise\n|-damage|p1a: Blastoise|25/100\n|move|p1a: Blastoise|Life Dew|p1a: Blastoise\n|-heal|p1a: Blastoise|50/100\n|\n|-heal|p1a: Blastoise|56/100|[from] item: Leftovers\n|-end|p2a: Basculegion|Disable\n|-start|p2a: Basculegion|perish0\n|-start|p2b: Floette|perish0\n|upkeep\n|faint|p2a: Basculegion\n|faint|p2b: Floette\n|\n|win|wrjisami\n|raw|wrjisami's rating: 1173 &rarr; <strong>1196</strong><br />(+23 for winning)\n|raw|Aurasteal's rating: 1148 &rarr; <strong>1125</strong><br />(-23 for losing)\n",
  "uploadtime": 1776213986,
  "views": 18,
  "formatid": "gen9championsvgc2026regma",
  "rating": 1125,
  "private": 0,
  "password": null
}