{
  "id": "gen9championsvgc2026regma-2586768331",
  "format": "[Gen 9 Champions] VGC 2026 Reg M-A",
  "players": [
    "Billybobyeup",
    "Typespammer"
  ],
  "log": "|j|\u2606Billybobyeup\n|j|\u2606Typespammer\n|t:|1776458382\n|gametype|doubles\n|player|p1|Billybobyeup|unknown|1211\n|player|p2|Typespammer|101|1245\n|gen|9\n|tier|[Gen 9 Champions] VGC 2026 Reg M-A\n|rated|\n|rule|Species Clause: Limit one of each Pok\u00e9mon\n|rule|Item Clause: Limit 1 of each item\n|clearpoke\n|poke|p1|Charizard, L50, M|\n|poke|p1|Venusaur, L50, M|\n|poke|p1|Garchomp, L50, M|\n|poke|p1|Whimsicott, L50, F|\n|poke|p1|Milotic, L50, F|\n|poke|p1|Kingambit, L50, M|\n|poke|p2|Tinkaton, L50, F|\n|poke|p2|Froslass, L50, F|\n|poke|p2|Ceruledge, L50, M|\n|poke|p2|Kingambit, L50, M|\n|poke|p2|Machamp, L50, F|\n|poke|p2|Milotic, L50, M|\n|teampreview|4\n|inactive|Battle timer is ON: inactive players will automatically lose when time's up. (requested by Billybobyeup)\n|j| ragtagbags\nBillybobyeup has agreed to open team sheets.\n|\n|t:|1776458403\n|teamsize|p1|4\n|teamsize|p2|4\n|start\n|switch|p1a: Venusaur|Venusaur, L50, M, shiny|100/100\n|switch|p1b: Charizard|Charizard, L50, M, shiny|100/100\n|switch|p2a: Tinkaton|Tinkaton, L50, F, shiny|100/100\n|switch|p2b: Ceruledge|Ceruledge, L50, M, shiny|100/100\n|turn|1\n|\n|t:|1776458423\n|switch|p1a: Kingambit|Kingambit, L50, M, shiny|100/100\n|detailschange|p1b: Charizard|Charizard-Mega-Y, L50, M, shiny\n|-mega|p1b: Charizard|Charizard|Charizardite Y\n|-weather|SunnyDay|[from] ability: Drought|[of] p1b: Charizard\n|move|p2a: Tinkaton|Feint|p1b: Charizard\n|-damage|p1b: Charizard|90/100\n|move|p1b: Charizard|Weather Ball|p2a: Tinkaton\n|-supereffective|p2a: Tinkaton|1\n|-enditem|p2a: Tinkaton|Focus Sash\n|-damage|p2a: Tinkaton|1/100\n|move|p2b: Ceruledge|Poltergeist|p1b: Charizard\n|-activate|p1b: Charizard|move: Poltergeist|Charizardite Y\n|-damage|p1b: Charizard|0 fnt\n|faint|p1b: Charizard\n|\n|-weather|SunnyDay|[upkeep]\n|upkeep\n|\n|t:|1776458442\n|switch|p1b: Garchomp|Garchomp, L50, M, shiny|100/100\n|turn|2\n|inactive|Typespammer has 30 seconds left.\n|\n|t:|1776458472\n|move|p2b: Ceruledge|Protect|p2b: Ceruledge\n|-singleturn|p2b: Ceruledge|Protect\n|move|p1a: Kingambit|Protect|p1a: Kingambit\n|-singleturn|p1a: Kingambit|Protect\n|move|p1b: Garchomp|Earthquake|p2a: Tinkaton|[spread] p2a\n|-activate|p1a: Kingambit|move: Protect\n|-activate|p2b: Ceruledge|move: Protect\n|-supereffective|p2a: Tinkaton|1\n|-damage|p2a: Tinkaton|0 fnt\n|faint|p2a: Tinkaton\n|\n|-weather|SunnyDay|[upkeep]\n|upkeep\n|\n|t:|1776458487\n|switch|p2a: Machamp|Machamp, L50, F, shiny|100/100\n|turn|3\n|\n|t:|1776458500\n|switch|p2b: Froslass|Froslass, L50, F, shiny|100/100\n|switch|p1a: Venusaur|Venusaur, L50, M, shiny|100/100\n|move|p1b: Garchomp|Earthquake|p2b: Froslass|[spread] p1a,p2a,p2b\n|-damage|p1a: Venusaur|40/100\n|-damage|p2a: Machamp|58/100\n|-damage|p2b: Froslass|30/100\n|move|p2a: Machamp|Dynamic Punch|p1a: Venusaur\n|-resisted|p1a: Venusaur|1\n|-damage|p1a: Venusaur|5/100\n|-start|p1a: Venusaur|confusion\n|\n|-weather|SunnyDay|[upkeep]\n|upkeep\n|turn|4\n|\n|t:|1776458516\n|detailschange|p2b: Froslass|Froslass-Mega, L50, F, shiny\n|-mega|p2b: Froslass|Froslass|Froslassite\n|-weather|Snowscape|[from] ability: Snow Warning|[of] p2b: Froslass\n|-activate|p1a: Venusaur|confusion\n|-damage|p1a: Venusaur|0 fnt|[from] confusion\n|faint|p1a: Venusaur\n|move|p2a: Machamp|Wide Guard|p2a: Machamp\n|-singleturn|p2a: Machamp|Wide Guard\n|move|p1b: Garchomp|Earthquake|p2b: Froslass|[spread] \n|-activate|p2a: Machamp|move: Wide Guard\n|-activate|p2b: Froslass|move: Wide Guard\n|move|p2b: Froslass|Blizzard|p1b: Garchomp\n|-supereffective|p1b: Garchomp|2\n|-damage|p1b: Garchomp|0 fnt\n|faint|p1b: Garchomp\n|\n|-weather|Snowscape|[upkeep]\n|upkeep\n|\n|t:|1776458530\n|switch|p1a: Kingambit|Kingambit, L50, M, shiny|100/100\n|turn|5\n|\n|t:|1776458535\n|move|p2b: Froslass|Blizzard|p1a: Kingambit\n|-resisted|p1a: Kingambit|1\n|-damage|p1a: Kingambit|63/100\n|move|p1a: Kingambit|Iron Head|p2a: Machamp\n|-damage|p2a: Machamp|7/100\n|move|p2a: Machamp|Dynamic Punch|p1a: Kingambit\n|-supereffective|p1a: Kingambit|2\n|-damage|p1a: Kingambit|0 fnt\n|faint|p1a: Kingambit\n|\n|win|Typespammer\n|raw|Billybobyeup's rating: 1211 &rarr; <strong>1188</strong><br />(-23 for losing)\n|raw|Typespammer's rating: 1245 &rarr; <strong>1268</strong><br />(+23 for winning)\n|l|\u2606Billybobyeup\n|player|p1|\n",
  "uploadtime": 1776458545,
  "views": 49,
  "formatid": "gen9championsvgc2026regma",
  "rating": 1188,
  "private": 0,
  "password": null
}