{
  "id": "gen9championsvgc2026regma-2587711857",
  "format": "[Gen 9 Champions] VGC 2026 Reg M-A",
  "players": [
    "MistysBikiniB0tt0m",
    "recalderecalde"
  ],
  "log": "|j|\u2606MistysBikiniB0tt0m\n|j|\u2606recalderecalde\n|t:|1776556373\n|gametype|doubles\n|player|p1|MistysBikiniB0tt0m|265|1038\n|player|p2|recalderecalde|101|1000\n|gen|9\n|tier|[Gen 9 Champions] VGC 2026 Reg M-A\n|rated|\n|rule|Species Clause: Limit one of each Pok\u00e9mon\n|rule|Item Clause: Limit 1 of each item\n|clearpoke\n|poke|p1|Delphox, L50, F|\n|poke|p1|Garchomp, L50, F|\n|poke|p1|Gengar, L50, F|\n|poke|p1|Tyranitar, L50, M|\n|poke|p1|Corviknight, L50, M|\n|poke|p1|Excadrill, L50, M|\n|poke|p2|Gengar, L50, F|\n|poke|p2|Corviknight, L50, F|\n|poke|p2|Maushold, L50|\n|poke|p2|Incineroar, L50, M|\n|poke|p2|Politoed, L50, F|\n|poke|p2|Volcarona, L50, M|\n|teampreview|4\n|\n|t:|1776556417\n|teamsize|p1|4\n|teamsize|p2|4\n|start\n|switch|p1a: Excadrill|Excadrill, L50, M|100/100\n|switch|p1b: Corviknight|Corviknight, L50, M|100/100\n|switch|p2a: Gengar|Gengar, L50, F|100/100\n|switch|p2b: Politoed|Politoed, L50, F|100/100\n|-weather|RainDance|[from] ability: Drizzle|[of] p2b: Politoed\n|turn|1\n|\n|t:|1776556452\n|switch|p1b: Tyranitar|Tyranitar, L50, M|100/100\n|-weather|Sandstorm|[from] ability: Sand Stream|[of] p1b: Tyranitar\n|move|p1a: Excadrill|Rock Slide|p2b: Politoed|[spread] \n|-miss|p1a: Excadrill|p2a: Gengar\n|-miss|p1a: Excadrill|p2b: Politoed\n|move|p2a: Gengar|Disable|p1a: Excadrill\n|-start|p1a: Excadrill|Disable|Rock Slide\n|move|p2b: Politoed|Encore||[still]\n|-fail|p2b: Politoed\n|\n|-weather|Sandstorm|[upkeep]\n|-damage|p2a: Gengar|95/100|[from] Sandstorm\n|-damage|p2b: Politoed|94/100|[from] Sandstorm\n|-heal|p2b: Politoed|100/100|[from] item: Leftovers\n|upkeep\n|turn|2\n|\n|t:|1776556513\n|switch|p2a: Incineroar|Incineroar, L50, M|100/100\n|-ability|p2a: Incineroar|Intimidate|boost\n|-unboost|p1a: Excadrill|atk|1\n|-unboost|p1b: Tyranitar|atk|1\n|detailschange|p1b: Tyranitar|Tyranitar-Mega, L50, M\n|-mega|p1b: Tyranitar|Tyranitar|Tyranitarite\n|move|p2b: Politoed|Protect|p2b: Politoed\n|-singleturn|p2b: Politoed|Protect\n|move|p1a: Excadrill|Iron Head|p2a: Incineroar\n|-resisted|p2a: Incineroar|1\n|-damage|p2a: Incineroar|86/100\n|move|p1b: Tyranitar|Rock Slide|p2b: Politoed|[spread] p2a\n|-activate|p2b: Politoed|move: Protect\n|-supereffective|p2a: Incineroar|1\n|-damage|p2a: Incineroar|36/100\n|\n|-weather|Sandstorm|[upkeep]\n|-damage|p2b: Politoed|94/100|[from] Sandstorm\n|-damage|p2a: Incineroar|30/100|[from] Sandstorm\n|-heal|p2b: Politoed|100/100|[from] item: Leftovers\n|upkeep\n|turn|3\n|\n|t:|1776556553\n|switch|p1b: Corviknight|Corviknight, L50, M|100/100\n|switch|p2b: Gengar|Gengar, L50, F|95/100\n|switch|p2a: Volcarona|Volcarona, L50, M|100/100\n|move|p1a: Excadrill|Protect||[still]\n|-fail|p1a: Excadrill\n|\n|-weather|Sandstorm|[upkeep]\n|-damage|p2b: Gengar|89/100|[from] Sandstorm\n|-damage|p2a: Volcarona|94/100|[from] Sandstorm\n|upkeep\n|turn|4\n|\n|t:|1776556598\n|move|p1b: Corviknight|Protect|p1b: Corviknight\n|-singleturn|p1b: Corviknight|Protect\n|move|p1a: Excadrill|Earthquake|p2b: Gengar|[spread] p2a,p2b\n|-activate|p1b: Corviknight|move: Protect\n|-supereffective|p2b: Gengar|1\n|-damage|p2a: Volcarona|58/100\n|-damage|p2b: Gengar|0 fnt\n|faint|p2b: Gengar\n|move|p2a: Volcarona|Will-O-Wisp|p1a: Excadrill\n|-status|p1a: Excadrill|brn\n|\n|-weather|Sandstorm|[upkeep]\n|-damage|p2a: Volcarona|52/100|[from] Sandstorm\n|-damage|p1a: Excadrill|95/100 brn|[from] brn\n|upkeep\n|\n|t:|1776556617\n|switch|p2b: Politoed|Politoed, L50, F|100/100\n|-weather|RainDance|[from] ability: Drizzle|[of] p2b: Politoed\n|turn|5\n|\n|t:|1776556654\n|move|p1a: Excadrill|Earthquake|p2b: Politoed|[spread] p2a,p2b\n|-immune|p1b: Corviknight\n|-damage|p2a: Volcarona|34/100\n|-damage|p2b: Politoed|87/100\n|-enditem|p2a: Volcarona|Sitrus Berry|[eat]\n|-heal|p2a: Volcarona|59/100|[from] item: Sitrus Berry\n|move|p2a: Volcarona|Will-O-Wisp|p1b: Corviknight\n|-status|p1b: Corviknight|brn\n|move|p2b: Politoed|Encore|p1b: Corviknight\n|-start|p1b: Corviknight|Encore\n|move|p1b: Corviknight|Protect||[still]\n|-fail|p1b: Corviknight\n|\n|-weather|RainDance|[upkeep]\n|-heal|p2b: Politoed|93/100|[from] item: Leftovers\n|-damage|p1a: Excadrill|89/100 brn|[from] brn\n|-damage|p1b: Corviknight|95/100 brn|[from] brn\n|-end|p1a: Excadrill|Disable\n|upkeep\n|turn|6\n|\n|t:|1776556684\n|switch|p1b: Tyranitar|Tyranitar-Mega, L50, M|100/100\n|-weather|Sandstorm|[from] ability: Sand Stream|[of] p1b: Tyranitar\n|move|p2b: Politoed|Protect|p2b: Politoed\n|-singleturn|p2b: Politoed|Protect\n|move|p1a: Excadrill|Rock Slide|p2a: Volcarona|[spread] p2a\n|-activate|p2b: Politoed|move: Protect\n|-supereffective|p2a: Volcarona|2\n|-damage|p2a: Volcarona|23/100\n|move|p2a: Volcarona|Flamethrower|p1a: Excadrill\n|-supereffective|p1a: Excadrill|1\n|-damage|p1a: Excadrill|0 fnt\n|faint|p1a: Excadrill\n|\n|-weather|Sandstorm|[upkeep]\n|-damage|p2a: Volcarona|17/100|[from] Sandstorm\n|-damage|p2b: Politoed|87/100|[from] Sandstorm\n|-heal|p2b: Politoed|93/100|[from] item: Leftovers\n|upkeep\n|\n|t:|1776556707\n|switch|p1a: Garchomp|Garchomp, L50, F|100/100\n|turn|7\n|\n|t:|1776556731\n|switch|p1b: Corviknight|Corviknight, L50, M|95/100 brn\n|switch|p2b: Incineroar|Incineroar, L50, M|30/100\n|-ability|p2b: Incineroar|Intimidate|boost\n|-unboost|p1a: Garchomp|atk|1\n|-ability|p1b: Corviknight|Mirror Armor\n|-unboost|p2b: Incineroar|atk|1\n|move|p2a: Volcarona|Protect|p2a: Volcarona\n|-singleturn|p2a: Volcarona|Protect\n|move|p1a: Garchomp|Earthquake|p2b: Incineroar|[spread] p2b\n|-activate|p2a: Volcarona|move: Protect\n|-immune|p1b: Corviknight\n|-supereffective|p2b: Incineroar|1\n|-crit|p2b: Incineroar\n|-damage|p2b: Incineroar|0 fnt\n|faint|p2b: Incineroar\n|\n|-weather|Sandstorm|[upkeep]\n|-damage|p2a: Volcarona|10/100|[from] Sandstorm\n|-damage|p1b: Corviknight|89/100 brn|[from] brn\n|upkeep\n|inactive|Battle timer is ON: inactive players will automatically lose when time's up. (requested by MistysBikiniB0tt0m)\n|inactive|recalderecalde has 60 seconds left.\n|inactive|recalderecalde has 30 seconds left.\n|inactive|recalderecalde has 20 seconds left.\n|inactive|recalderecalde has 15 seconds left.\n|inactive|recalderecalde has 10 seconds left.\n|inactive|recalderecalde has 5 seconds left.\n|\n|t:|1776556886\n|switch|p2b: Politoed|Politoed, L50, F|93/100\n|-weather|RainDance|[from] ability: Drizzle|[of] p2b: Politoed\n|turn|8\n|inactive|MistysBikiniB0tt0m has 30 seconds left.\n|inactive|recalderecalde has 30 seconds left.\n|inactive|recalderecalde has 20 seconds left.\n|inactive|recalderecalde has 15 seconds left.\n|inactive|recalderecalde has 10 seconds left.\n|inactive|recalderecalde has 5 seconds left.\n|\n|t:|1776556941\n|move|p1a: Garchomp|Earthquake|p2a: Volcarona|[spread] p2a,p2b\n|-immune|p1b: Corviknight\n|-damage|p2a: Volcarona|0 fnt\n|-damage|p2b: Politoed|65/100\n|faint|p2a: Volcarona\n|move|p2b: Politoed|Weather Ball|p1b: Corviknight\n|-damage|p1b: Corviknight|46/100 brn\n|-enditem|p1b: Corviknight|Sitrus Berry|[eat]\n|-heal|p1b: Corviknight|71/100 brn|[from] item: Sitrus Berry\n|move|p1b: Corviknight|Roost|p1b: Corviknight\n|-heal|p1b: Corviknight|100/100 brn\n|-singleturn|p1b: Corviknight|move: Roost\n|\n|-weather|RainDance|[upkeep]\n|-heal|p2b: Politoed|72/100|[from] item: Leftovers\n|-damage|p1b: Corviknight|95/100 brn|[from] brn\n|upkeep\n|turn|9\n|inactive|recalderecalde has 30 seconds left.\n|inactive|recalderecalde has 20 seconds left.\n|inactive|recalderecalde has 15 seconds left.\n|inactive|recalderecalde has 10 seconds left.\n|inactive|recalderecalde has 5 seconds left.\n|\n|t:|1776556996\n|move|p1a: Garchomp|Dragon Claw|p2b: Politoed\n|-damage|p2b: Politoed|41/100\n|move|p2b: Politoed|Weather Ball|p1b: Corviknight\n|-damage|p1b: Corviknight|55/100 brn\n|move|p1b: Corviknight|Body Press|p2b: Politoed\n|-damage|p2b: Politoed|28/100\n|\n|-weather|RainDance|[upkeep]\n|-heal|p2b: Politoed|34/100|[from] item: Leftovers\n|-damage|p1b: Corviknight|49/100 brn|[from] brn\n|upkeep\n|turn|10\n|inactive|recalderecalde has 30 seconds left.\n|inactive|recalderecalde has 20 seconds left.\n|inactive|recalderecalde has 15 seconds left.\n|inactive|recalderecalde has 10 seconds left.\n|inactive|recalderecalde has 5 seconds left.\n|\n|t:|1776557051\n|move|p1a: Garchomp|Dragon Claw|p2b: Politoed\n|-crit|p2b: Politoed\n|-damage|p2b: Politoed|0 fnt\n|faint|p2b: Politoed\n|\n|win|MistysBikiniB0tt0m\n|raw|MistysBikiniB0tt0m's rating: 1038 &rarr; <strong>1069</strong><br />(+31 for winning)\n|raw|recalderecalde's rating: 1000 &rarr; <strong>1000</strong><br />(+0 for losing)\n|l|\u2606recalderecalde\n|player|p2|\n",
  "uploadtime": 1776557122,
  "views": 12,
  "formatid": "gen9championsvgc2026regma",
  "rating": 1000,
  "private": 0,
  "password": null
}