{
  "id": "gen9championsvgc2026regma-2580663574",
  "format": "[Gen 9 Champions] VGC 2026 Reg M-A",
  "players": [
    "Locm19",
    "23456789XB"
  ],
  "log": "|j|\u2606Locm19\n|j|\u260623456789XB\n|t:|1775922397\n|gametype|doubles\n|player|p1|Locm19|2|1049\n|player|p2|23456789XB|cynthia|1148\n|gen|9\n|tier|[Gen 9 Champions] VGC 2026 Reg M-A\n|rated|\n|rule|Species Clause: Limit one of each Pok\u00e9mon\n|rule|Item Clause: Limit 1 of each item\n|clearpoke\n|poke|p1|Empoleon, L50, F|\n|poke|p1|Torterra, L50, M|\n|poke|p1|Incineroar, L50, F|\n|poke|p1|Hawlucha, L50, M|\n|poke|p1|Heliolisk, L50, M|\n|poke|p1|Kingambit, L50, F|\n|poke|p2|Slowbro, L50, M|\n|poke|p2|Maushold, L50|\n|poke|p2|Incineroar, L50, F|\n|poke|p2|Sinistcha, L50|\n|poke|p2|Lucario, L50, F|\n|poke|p2|Typhlosion-Hisui, L50, M|\n|teampreview|4\n|inactive|Battle timer is ON: inactive players will automatically lose when time's up. (requested by 23456789XB)\n|inactive|Locm19 also wants the timer to be on.\n|c|\u260623456789XB|Glhf\n|inactive|23456789XB has 60 seconds left.\n|\n|t:|1775922449\n|teamsize|p1|4\n|teamsize|p2|4\n|start\n|switch|p1a: Torterra|Torterra, L50, M|100/100\n|switch|p1b: Empoleon|Empoleon, L50, F|100/100\n|switch|p2a: Typhlosion|Typhlosion-Hisui, L50, M|100/100\n|switch|p2b: Sinistcha|Sinistcha, L50|100/100\n|-item|p1a: Torterra|Bright Powder|[from] ability: Frisk|[of] p2a: Typhlosion\n|-item|p1b: Empoleon|Focus Sash|[from] ability: Frisk|[of] p2a: Typhlosion\n|turn|1\n|\n|t:|1775922466\n|move|p1a: Torterra|Wide Guard|p1a: Torterra\n|-singleturn|p1a: Torterra|Wide Guard\n|move|p2b: Sinistcha|Rage Powder|p2b: Sinistcha\n|-singleturn|p2b: Sinistcha|move: Rage Powder\n|move|p2a: Typhlosion|Eruption|p1a: Torterra|[spread] \n|-activate|p1a: Torterra|move: Wide Guard\n|-activate|p1b: Empoleon|move: Wide Guard\n|move|p1b: Empoleon|Hydro Cannon|p2b: Sinistcha\n|-resisted|p2b: Sinistcha|1\n|-damage|p2b: Sinistcha|67/100\n|-mustrecharge|p1b: Empoleon\n|\n|upkeep\n|turn|2\n|\n|t:|1775922483\n|switch|p2a: Slowbro|Slowbro, L50, M|100/100\n|move|p1a: Torterra|Wide Guard|p1a: Torterra\n|-singleturn|p1a: Torterra|Wide Guard\n|cant|p1b: Empoleon|recharge\n|move|p2b: Sinistcha|Trick Room|p2b: Sinistcha\n|-fieldstart|move: Trick Room|[of] p2b: Sinistcha\n|\n|upkeep\n|turn|3\n|\n|t:|1775922494\n|switch|p2b: Maushold|Maushold, L50|100/100\n|detailschange|p2a: Slowbro|Slowbro-Mega, L50, M\n|-mega|p2a: Slowbro|Slowbro|Slowbronite\n|move|p2a: Slowbro|Calm Mind|p2a: Slowbro\n|-boost|p2a: Slowbro|spa|1\n|-boost|p2a: Slowbro|spd|1\n|move|p1a: Torterra|Wood Hammer|p2a: Slowbro\n|-supereffective|p2a: Slowbro|1\n|-damage|p2a: Slowbro|58/100\n|-damage|p1a: Torterra|87/100|[from] Recoil\n|move|p1b: Empoleon|Ice Beam|p2b: Maushold\n|-crit|p2b: Maushold\n|-damage|p2b: Maushold|49/100\n|\n|upkeep\n|turn|4\n|\n|t:|1775922508\n|move|p2b: Maushold|Follow Me|p2b: Maushold\n|-singleturn|p2b: Maushold|move: Follow Me\n|move|p2a: Slowbro|Calm Mind|p2a: Slowbro\n|-boost|p2a: Slowbro|spa|1\n|-boost|p2a: Slowbro|spd|1\n|move|p1a: Torterra|Wood Hammer|p2b: Maushold\n|-damage|p2b: Maushold|0 fnt\n|faint|p2b: Maushold\n|-damage|p1a: Torterra|72/100|[from] Recoil\n|move|p1b: Empoleon|Surf|p2a: Slowbro|[spread] p1a,p2a\n|-resisted|p2a: Slowbro|1\n|-damage|p1a: Torterra|42/100\n|-damage|p2a: Slowbro|51/100\n|\n|upkeep\n|\n|t:|1775922510\n|switch|p2b: Sinistcha|Sinistcha, L50|67/100\n|-heal|p2a: Slowbro|76/100|[from] ability: Hospitality|[of] p2b: Sinistcha\n|turn|5\n|\n|t:|1775922524\n|move|p1a: Torterra|Wide Guard|p1a: Torterra\n|-singleturn|p1a: Torterra|Wide Guard\n|move|p2a: Slowbro|Psychic|p1a: Torterra\n|-damage|p1a: Torterra|0 fnt\n|faint|p1a: Torterra\n|move|p1b: Empoleon|Ice Beam|p2b: Sinistcha\n|-supereffective|p2b: Sinistcha|1\n|-damage|p2b: Sinistcha|18/100\n|move|p2b: Sinistcha|Life Dew|p2b: Sinistcha|[spread] p2a,p2b\n|-heal|p2a: Slowbro|100/100\n|-heal|p2b: Sinistcha|44/100\n|\n|upkeep\n|\n|t:|1775922536\n|switch|p1a: Kingambit|Kingambit, L50, F|100/100\n|turn|6\n|\n|t:|1775922554\n|move|p2a: Slowbro|Scald|p1a: Kingambit\n|-damage|p1a: Kingambit|24/100\n|-status|p1a: Kingambit|brn\n|move|p1a: Kingambit|Kowtow Cleave|p2a: Slowbro\n|-supereffective|p2a: Slowbro|1\n|-damage|p2a: Slowbro|78/100\n|move|p1b: Empoleon|Ice Beam|p2b: Sinistcha\n|-supereffective|p2b: Sinistcha|1\n|-damage|p2b: Sinistcha|0 fnt\n|faint|p2b: Sinistcha\n|\n|-heal|p1a: Kingambit|30/100 brn|[from] item: Leftovers\n|-damage|p1a: Kingambit|24/100 brn|[from] brn\n|-fieldend|move: Trick Room\n|upkeep\n|\n|t:|1775922561\n|switch|p2b: Typhlosion|Typhlosion-Hisui, L50, M|100/100\n|-item|p1a: Kingambit|Leftovers|[from] ability: Frisk|[of] p2b: Typhlosion\n|-item|p1b: Empoleon|Focus Sash|[from] ability: Frisk|[of] p2b: Typhlosion\n|turn|7\n|\n|t:|1775922568\n|move|p1a: Kingambit|Sucker Punch|p2b: Typhlosion\n|-supereffective|p2b: Typhlosion|1\n|-damage|p2b: Typhlosion|54/100\n|move|p2b: Typhlosion|Heat Wave|p1b: Empoleon|[spread] p1a,p1b\n|-supereffective|p1a: Kingambit|1\n|-damage|p1a: Kingambit|0 fnt\n|-damage|p1b: Empoleon|69/100\n|faint|p1a: Kingambit\n|move|p1b: Empoleon|Surf|p2a: Slowbro|[spread] p2a,p2b\n|-resisted|p2a: Slowbro|1\n|-supereffective|p2b: Typhlosion|1\n|-damage|p2a: Slowbro|71/100\n|-damage|p2b: Typhlosion|0 fnt\n|faint|p2b: Typhlosion\n|move|p2a: Slowbro|Scald|p1b: Empoleon\n|-resisted|p1b: Empoleon|1\n|-damage|p1b: Empoleon|32/100\n|\n|upkeep\n|\n|t:|1775922570\n|switch|p1a: Hawlucha|Hawlucha, L50, M|100/100\n|turn|8\n|\n|t:|1775922578\n|detailschange|p1a: Hawlucha|Hawlucha-Mega, L50, M\n|-mega|p1a: Hawlucha|Hawlucha|Hawluchanite\n|move|p1a: Hawlucha|Bounce||[still]\n|-prepare|p1a: Hawlucha|Bounce\n|move|p1b: Empoleon|Flash Cannon|p2a: Slowbro\n|-resisted|p2a: Slowbro|1\n|-damage|p2a: Slowbro|62/100\n|move|p2a: Slowbro|Psychic|p1a: Hawlucha\n|-supereffective|p1a: Hawlucha|1\n|-damage|p1a: Hawlucha|0 fnt\n|faint|p1a: Hawlucha\n|\n|upkeep\n|turn|9\n|\n|t:|1775922589\n|move|p1b: Empoleon|Surf|p2a: Slowbro\n|-resisted|p2a: Slowbro|1\n|-damage|p2a: Slowbro|52/100\n|move|p2a: Slowbro|Psychic|p1b: Empoleon\n|-resisted|p1b: Empoleon|1\n|-damage|p1b: Empoleon|0 fnt\n|faint|p1b: Empoleon\n|\n|win|23456789XB\n|raw|Locm19's rating: 1049 &rarr; <strong>1036</strong><br />(-13 for losing)\n|raw|23456789XB's rating: 1148 &rarr; <strong>1166</strong><br />(+18 for winning)\n|l|\u2606Locm19\n|player|p1|\n",
  "uploadtime": 1775922594,
  "views": 21,
  "formatid": "gen9championsvgc2026regma",
  "rating": 1036,
  "private": 0,
  "password": null
}