{
  "id": "gen9championsvgc2026regma-2580491298",
  "format": "[Gen 9 Champions] VGC 2026 Reg M-A",
  "players": [
    "Ramingo",
    "RedDeadDragon"
  ],
  "log": "|j|\u2606Ramingo\n|j|\u2606RedDeadDragon\n|t:|1775904267\n|gametype|doubles\n|player|p1|Ramingo|265|1124\n|player|p2|RedDeadDragon|steven|1150\n|gen|9\n|tier|[Gen 9 Champions] VGC 2026 Reg M-A\n|rated|\n|rule|Species Clause: Limit one of each Pok\u00e9mon\n|rule|Item Clause: Limit 1 of each item\n|clearpoke\n|poke|p1|Floette-Eternal, L50, F|\n|poke|p1|Sinistcha, L50|\n|poke|p1|Garchomp, L50, F|\n|poke|p1|Incineroar, L50, F|\n|poke|p1|Pelipper, L50, M|\n|poke|p1|Basculegion, L50, M|\n|poke|p2|Hawlucha, L50, F|\n|poke|p2|Vanilluxe, L50, M|\n|poke|p2|Snorlax, L50, M|\n|poke|p2|Excadrill, L50, F|\n|teampreview|4\n|\n|t:|1775904285\n|teamsize|p1|4\n|teamsize|p2|4\n|start\n|switch|p1a: Floette|Floette-Eternal, L50, F|100/100\n|switch|p1b: Incineroar|Incineroar, L50, F|100/100\n|switch|p2a: Hawlucha|Hawlucha, L50, F|100/100\n|switch|p2b: Snorlax|Snorlax, L50, M|100/100\n|-ability|p2a: Hawlucha|Mold Breaker\n|-ability|p1b: Incineroar|Intimidate|boost\n|-unboost|p2a: Hawlucha|atk|1\n|-unboost|p2b: Snorlax|atk|1\n|turn|1\n|inactive|Battle timer is ON: inactive players will automatically lose when time's up. (requested by Ramingo)\n|\n|t:|1775904297\n|detailschange|p1a: Floette|Floette-Mega, L50, F\n|-mega|p1a: Floette|Floette|Floettite\n|-ability|p1a: Floette|Fairy Aura\n|move|p2a: Hawlucha|Detect|p2a: Hawlucha\n|-singleturn|p2a: Hawlucha|Protect\n|move|p2b: Snorlax|Protect|p2b: Snorlax\n|-singleturn|p2b: Snorlax|Protect\n|move|p1b: Incineroar|Fake Out|p2b: Snorlax\n|-activate|p2b: Snorlax|move: Protect\n|move|p1a: Floette|Calm Mind|p1a: Floette\n|-boost|p1a: Floette|spa|1\n|-boost|p1a: Floette|spd|1\n|\n|upkeep\n|turn|2\n|\n|t:|1775904316\n|detailschange|p2a: Hawlucha|Hawlucha-Mega, L50, F\n|-mega|p2a: Hawlucha|Hawlucha|Hawluchanite\n|move|p2a: Hawlucha|Entrainment|p2b: Snorlax\n|-ability|p2b: Snorlax|No Guard|Immunity|[from] move: Entrainment|[of] p2a: Hawlucha\n|move|p1a: Floette|Draining Kiss|p2a: Hawlucha\n|-supereffective|p2a: Hawlucha|1\n|-damage|p2a: Hawlucha|0 fnt\n|faint|p2a: Hawlucha\n|move|p1b: Incineroar|Will-O-Wisp|p2b: Snorlax\n|-status|p2b: Snorlax|brn\n|move|p2b: Snorlax|Fissure|p1a: Floette\n|-damage|p1a: Floette|0 fnt\n|faint|p1a: Floette\n|-ohko\n|\n|-damage|p2b: Snorlax|95/100 brn|[from] brn\n|upkeep\n|\n|t:|1775904331\n|switch|p2a: Excadrill|Excadrill, L50, F|100/100\n|switch|p1a: Sinistcha|Sinistcha, L50|100/100\n|-ability|p2a: Excadrill|Mold Breaker\n|turn|3\n|\n|t:|1775904354\n|move|p2a: Excadrill|Protect|p2a: Excadrill\n|-singleturn|p2a: Excadrill|Protect\n|move|p1a: Sinistcha|Matcha Gotcha|p2a: Excadrill|[spread] p2b\n|-activate|p2a: Excadrill|move: Protect\n|-damage|p2b: Snorlax|79/100 brn\n|move|p1b: Incineroar|Throat Chop|p2b: Snorlax\n|-damage|p2b: Snorlax|60/100 brn\n|-start|p2b: Snorlax|Throat Chop|[silent]\n|move|p2b: Snorlax|Fissure|p1b: Incineroar\n|-damage|p1b: Incineroar|0 fnt\n|faint|p1b: Incineroar\n|-ohko\n|\n|-damage|p2b: Snorlax|54/100 brn|[from] brn\n|upkeep\n|j| markgayson\n|l| markgayson\n|\n|t:|1775904363\n|switch|p1b: Garchomp|Garchomp, L50, F|100/100\n|turn|4\n|\n|t:|1775904374\n|move|p1b: Garchomp|Earthquake|p2a: Excadrill|[spread] p1a,p2a,p2b\n|-resisted|p1a: Sinistcha|1\n|-supereffective|p2a: Excadrill|1\n|-damage|p1a: Sinistcha|84/100\n|-damage|p2a: Excadrill|0 fnt\n|-damage|p2b: Snorlax|31/100 brn\n|faint|p2a: Excadrill\n|move|p1a: Sinistcha|Matcha Gotcha|p2b: Snorlax\n|-damage|p2b: Snorlax|12/100 brn\n|-heal|p1a: Sinistcha|98/100|[from] drain|[of] p2b: Snorlax\n|move|p2b: Snorlax|Fissure|p1b: Garchomp\n|-damage|p1b: Garchomp|0 fnt\n|faint|p1b: Garchomp\n|-ohko\n|\n|-damage|p2b: Snorlax|6/100 brn|[from] brn\n|-end|p2b: Snorlax|Throat Chop|[silent]\n|upkeep\n|c|\u2606Ramingo|gg\n|c|\u2606Ramingo|i think you won\n|\n|t:|1775904388\n|switch|p2a: Vanilluxe|Vanilluxe, L50, M|100/100\n|-weather|Snowscape|[from] ability: Snow Warning|[of] p2a: Vanilluxe\n|turn|5\n|\n|t:|1775904401\n|move|p2b: Snorlax|Protect|p2b: Snorlax\n|-singleturn|p2b: Snorlax|Protect\n|move|p2a: Vanilluxe|Blizzard|p1a: Sinistcha\n|-supereffective|p1a: Sinistcha|1\n|-damage|p1a: Sinistcha|11/100\n|-enditem|p1a: Sinistcha|Sitrus Berry|[eat]\n|-heal|p1a: Sinistcha|35/100|[from] item: Sitrus Berry\n|move|p1a: Sinistcha|Matcha Gotcha|p2a: Vanilluxe|[spread] p2a\n|-activate|p2b: Snorlax|move: Protect\n|-damage|p2a: Vanilluxe|78/100\n|-heal|p1a: Sinistcha|47/100|[from] drain|[of] p2a: Vanilluxe\n|\n|-weather|Snowscape|[upkeep]\n|-damage|p2b: Snorlax|0 fnt|[from] brn\n|faint|p2b: Snorlax\n|upkeep\n|turn|6\n|\n|t:|1775904410\n|move|p2a: Vanilluxe|Blizzard|p1a: Sinistcha\n|-supereffective|p1a: Sinistcha|1\n|-damage|p1a: Sinistcha|0 fnt\n|faint|p1a: Sinistcha\n|\n|win|RedDeadDragon\n|raw|Ramingo's rating: 1124 &rarr; <strong>1101</strong><br />(-23 for losing)\n|raw|RedDeadDragon's rating: 1150 &rarr; <strong>1173</strong><br />(+23 for winning)\n",
  "uploadtime": 1775904414,
  "views": 15,
  "formatid": "gen9championsvgc2026regma",
  "rating": 1101,
  "private": 0,
  "password": null
}