{
  "id": "gen9championsvgc2026regma-2582810122",
  "format": "[Gen 9 Champions] VGC 2026 Reg M-A",
  "players": [
    "jeanmixed",
    "lisarb660"
  ],
  "log": "|j|\u2606jeanmixed\n|j|\u2606lisarb660\n|t:|1776115814\n|gametype|doubles\n|player|p1|jeanmixed|veteran|\n|player|p2|lisarb660|volkner|\n|gen|9\n|tier|[Gen 9 Champions] VGC 2026 Reg M-A\n|rule|Species Clause: Limit one of each Pok\u00e9mon\n|rule|Item Clause: Limit 1 of each item\n|clearpoke\n|poke|p1|Venusaur, L50, F|\n|poke|p1|Incineroar, L50, M|\n|poke|p1|Empoleon, L50, M|\n|poke|p1|Aerodactyl, L50, F|\n|poke|p1|Sableye, L50, F|\n|poke|p1|Dragonite, L50, F|\n|poke|p2|Basculegion, L50, M|\n|poke|p2|Pelipper, L50, M|\n|poke|p2|Dragonite, L50, F|\n|poke|p2|Archaludon, L50, M|\n|poke|p2|Sneasler, L50, F|\n|poke|p2|Rotom-Heat, L50|\n|teampreview|4\n|\n|t:|1776115835\n|teamsize|p1|4\n|teamsize|p2|4\n|start\n|switch|p1a: Aerodactyl|Aerodactyl, L50, F|100/100\n|switch|p1b: Sableye|Sableye, L50, F|100/100\n|switch|p2a: pelicano|Pelipper, L50, M|100/100\n|switch|p2b: lagartixa pan\u00e7uda|Dragonite, L50, F, shiny|100/100\n|-ability|p1a: Aerodactyl|Unnerve\n|-weather|RainDance|[from] ability: Drizzle|[of] p2a: pelicano\n|turn|1\n|\n|t:|1776115851\n|switch|p2b: 09/11|Archaludon, L50, M|100/100\n|move|p1b: Sableye|Protect|p1b: Sableye\n|-singleturn|p1b: Sableye|Protect\n|move|p1a: Aerodactyl|Protect|p1a: Aerodactyl\n|-singleturn|p1a: Aerodactyl|Protect\n|move|p2a: pelicano|Tailwind|p2a: pelicano\n|-sidestart|p2: lisarb660|move: Tailwind\n|\n|-weather|RainDance|[upkeep]\n|upkeep\n|turn|2\n|\n|t:|1776115888\n|switch|p1a: Venusaur|Venusaur, L50, F, shiny|100/100\n|move|p1b: Sableye|Encore|p2a: pelicano\n|-start|p2a: pelicano|Encore\n|move|p2a: pelicano|Tailwind||[still]\n|-fail|p2a: pelicano\n|move|p2b: 09/11|Electro Shot||[still]\n|-prepare|p2b: 09/11|Electro Shot\n|-boost|p2b: 09/11|spa|1\n|-anim|p2b: 09/11|Electro Shot|p1b: Sableye\n|-damage|p1b: Sableye|24/100\n|\n|-weather|RainDance|[upkeep]\n|upkeep\n|turn|3\n|\n|t:|1776115917\n|switch|p2a: lagartixa pan\u00e7uda|Dragonite, L50, F, shiny|100/100\n|detailschange|p1a: Venusaur|Venusaur-Mega, L50, F, shiny\n|-mega|p1a: Venusaur|Venusaur|Venusaurite\n|move|p2b: 09/11|Protect|p2b: 09/11\n|-singleturn|p2b: 09/11|Protect\n|move|p1b: Sableye|Disable|p2b: 09/11\n|-activate|p2b: 09/11|move: Protect\n|move|p1a: Venusaur|Earth Power|p2b: 09/11\n|-activate|p2b: 09/11|move: Protect\n|\n|-weather|RainDance|[upkeep]\n|upkeep\n|turn|4\n|\n|t:|1776115946\n|switch|p1a: Empoleon|Empoleon, L50, M|100/100\n|move|p1b: Sableye|Encore|p2b: 09/11\n|-start|p2b: 09/11|Encore\n|move|p2b: 09/11|Protect|p2b: 09/11\n|-singleturn|p2b: 09/11|Protect\n|move|p2a: lagartixa pan\u00e7uda|Thunder|p1b: Sableye\n|-damage|p1b: Sableye|0 fnt\n|faint|p1b: Sableye\n|\n|-weather|RainDance|[upkeep]\n|-sideend|p2: lisarb660|move: Tailwind\n|upkeep\n|j| mofriu4334\n|\n|t:|1776115957\n|switch|p1b: Aerodactyl|Aerodactyl, L50, F|100/100\n|-ability|p1b: Aerodactyl|Unnerve\n|turn|5\n|c| mofriu4334|Omg\n|\n|t:|1776115974\n|switch|p2b: tubar\u00e3o|Basculegion, L50, M|100/100\n|detailschange|p2a: lagartixa pan\u00e7uda|Dragonite-Mega, L50, F, shiny\n|-mega|p2a: lagartixa pan\u00e7uda|Dragonite|Dragoninite\n|move|p1b: Aerodactyl|Rock Slide|p2b: tubar\u00e3o|[spread] p2a,p2b\n|-supereffective|p2a: lagartixa pan\u00e7uda|1\n|-damage|p2a: lagartixa pan\u00e7uda|75/100\n|-damage|p2b: tubar\u00e3o|70/100\n|move|p2a: lagartixa pan\u00e7uda|Thunder|p1a: Empoleon\n|-supereffective|p1a: Empoleon|1\n|-damage|p1a: Empoleon|18/100\n|move|p1a: Empoleon|Ice Beam|p2a: lagartixa pan\u00e7uda\n|-supereffective|p2a: lagartixa pan\u00e7uda|2\n|-damage|p2a: lagartixa pan\u00e7uda|0 fnt\n|faint|p2a: lagartixa pan\u00e7uda\n|\n|-weather|none\n|-heal|p1a: Empoleon|23/100|[from] item: Leftovers\n|upkeep\n|c| mofriu4334|T\u00f4 passada com essa luta\n|\n|t:|1776115990\n|switch|p2a: pelicano|Pelipper, L50, M|100/100\n|-weather|RainDance|[from] ability: Drizzle|[of] p2a: pelicano\n|turn|6\n|\n|t:|1776116013\n|move|p2b: tubar\u00e3o|Wave Crash|p1b: Aerodactyl\n|-supereffective|p1b: Aerodactyl|1\n|-enditem|p1b: Aerodactyl|Focus Sash\n|-damage|p1b: Aerodactyl|1/100\n|-damage|p2b: tubar\u00e3o|44/100|[from] Recoil\n|move|p1b: Aerodactyl|Tailwind|p1b: Aerodactyl\n|-sidestart|p1: jeanmixed|move: Tailwind\n|move|p1a: Empoleon|Ice Beam|p2a: pelicano\n|-damage|p2a: pelicano|47/100\n|move|p2a: pelicano|Tailwind|p2a: pelicano\n|-sidestart|p2: lisarb660|move: Tailwind\n|\n|-weather|RainDance|[upkeep]\n|-heal|p1a: Empoleon|29/100|[from] item: Leftovers\n|upkeep\n|turn|7\n|\n|t:|1776116039\n|move|p1b: Aerodactyl|Protect|p1b: Aerodactyl\n|-singleturn|p1b: Aerodactyl|Protect\n|move|p2b: tubar\u00e3o|Last Respects|p1a: Empoleon\n|-damage|p1a: Empoleon|0 fnt\n|faint|p1a: Empoleon\n|move|p2a: pelicano|Weather Ball|p1b: Aerodactyl\n|-activate|p1b: Aerodactyl|move: Protect\n|\n|-weather|RainDance|[upkeep]\n|upkeep\n|\n|t:|1776116048\n|switch|p1a: Venusaur|Venusaur-Mega, L50, F, shiny|100/100\n|turn|8\n|\n|t:|1776116075\n|move|p2b: tubar\u00e3o|Last Respects|p1a: Venusaur\n|-damage|p1a: Venusaur|57/100\n|move|p1b: Aerodactyl|Dual Wingbeat|p2b: tubar\u00e3o\n|-damage|p2b: tubar\u00e3o|20/100\n|-damage|p2b: tubar\u00e3o|0 fnt\n|faint|p2b: tubar\u00e3o\n|-hitcount|p2: tubar\u00e3o|2\n|move|p2a: pelicano|Weather Ball|p1b: Aerodactyl\n|-supereffective|p1b: Aerodactyl|1\n|-damage|p1b: Aerodactyl|0 fnt\n|faint|p1b: Aerodactyl\n|move|p1a: Venusaur|Giga Drain|p2a: pelicano\n|-damage|p2a: pelicano|0 fnt\n|-heal|p1a: Venusaur|75/100|[from] drain|[of] p2a: pelicano\n|faint|p2a: pelicano\n|\n|-weather|RainDance|[upkeep]\n|upkeep\n|\n|t:|1776116094\n|switch|p2b: 09/11|Archaludon, L50, M|100/100\n|turn|9\n|\n|t:|1776116101\n|move|p2b: 09/11|Protect|p2b: 09/11\n|-singleturn|p2b: 09/11|Protect\n|move|p1a: Venusaur|Earth Power|p2b: 09/11\n|-activate|p2b: 09/11|move: Protect\n|\n|-weather|RainDance|[upkeep]\n|-sideend|p2: lisarb660|move: Tailwind\n|-sideend|p1: jeanmixed|move: Tailwind\n|upkeep\n|turn|10\n|\n|t:|1776116114\n|move|p1a: Venusaur|Earth Power|p2b: 09/11\n|-supereffective|p2b: 09/11|1\n|-damage|p2b: 09/11|37/100\n|-ability|p2b: 09/11|Stamina|boost\n|-boost|p2b: 09/11|def|1\n|move|p2b: 09/11|Electro Shot||[still]\n|-prepare|p2b: 09/11|Electro Shot\n|-boost|p2b: 09/11|spa|1\n|-anim|p2b: 09/11|Electro Shot|p1a: Venusaur\n|-resisted|p1a: Venusaur|1\n|-damage|p1a: Venusaur|49/100\n|\n|-weather|none\n|-heal|p2b: 09/11|43/100|[from] item: Leftovers\n|upkeep\n|turn|11\n|\n|t:|1776116146\n|move|p1a: Venusaur|Earth Power|p2b: 09/11\n|-supereffective|p2b: 09/11|1\n|-crit|p2b: 09/11\n|-damage|p2b: 09/11|0 fnt\n|faint|p2b: 09/11\n|\n|win|jeanmixed\n",
  "uploadtime": 1776116151,
  "views": 21,
  "formatid": "gen9championsvgc2026regma",
  "rating": null,
  "private": 0,
  "password": null
}