{
  "id": "gen9championsvgc2026regma-2580806885",
  "format": "[Gen 9 Champions] VGC 2026 Reg M-A",
  "players": [
    "Cuca02",
    "syshj"
  ],
  "log": "|j|\u2606Cuca02\n|j|\u2606syshj\n|t:|1775934039\n|gametype|doubles\n|player|p1|Cuca02|jogger|1099\n|player|p2|syshj|dawn|1147\n|gen|9\n|tier|[Gen 9 Champions] VGC 2026 Reg M-A\n|rated|\n|rule|Species Clause: Limit one of each Pok\u00e9mon\n|rule|Item Clause: Limit 1 of each item\n|clearpoke\n|poke|p1|Scovillain, L50, F|\n|poke|p1|Dragonite, L50, M|\n|poke|p1|Sneasler, L50, F|\n|poke|p1|Primarina, L50, M|\n|poke|p1|Kingambit, L50, F|\n|poke|p1|Garganacl, L50, F|\n|poke|p2|Incineroar, L50, M|\n|poke|p2|Sinistcha, L50|\n|poke|p2|Talonflame, L50, M|\n|poke|p2|Kingambit, L50, F|\n|poke|p2|Floette-Eternal, L50, F|\n|poke|p2|Garchomp, L50, F|\n|teampreview|4\nCuca02 has agreed to open team sheets.\n|\n|t:|1775934085\n|teamsize|p1|4\n|teamsize|p2|4\n|start\n|switch|p1a: Primarina|Primarina, L50, M|100/100\n|switch|p1b: Scovillain|Scovillain, L50, F|100/100\n|switch|p2a: Talonflame|Talonflame, L50, M|100/100\n|switch|p2b: Floette|Floette-Eternal, L50, F|100/100\n|turn|1\n|\n|t:|1775934107\n|switch|p1b: Garganacl|Garganacl, L50, F|100/100\n|move|p2a: Talonflame|Dual Wingbeat|p1b: Garganacl\n|-resisted|p1b: Garganacl|1\n|-damage|p1b: Garganacl|96/100\n|-resisted|p1b: Garganacl|1\n|-damage|p1b: Garganacl|90/100\n|-hitcount|p1b: Garganacl|2\n|move|p2b: Floette|Calm Mind|p2b: Floette\n|-boost|p2b: Floette|spa|1\n|-boost|p2b: Floette|spd|1\n|move|p1a: Primarina|Hyper Voice|p2b: Floette|[spread] p2a,p2b\n|-supereffective|p2a: Talonflame|1\n|-enditem|p2a: Talonflame|Focus Sash\n|-damage|p2a: Talonflame|1/100\n|-damage|p2b: Floette|80/100\n|\n|upkeep\n|turn|2\n|\n|t:|1775934131\n|detailschange|p2b: Floette|Floette-Mega, L50, F\n|-mega|p2b: Floette|Floette|Floettite\n|-ability|p2b: Floette|Fairy Aura\n|move|p2a: Talonflame|Tailwind|p2a: Talonflame\n|-sidestart|p2: syshj|move: Tailwind\n|move|p2b: Floette|Moonblast|p1a: Primarina\n|-damage|p1a: Primarina|6/100\n|move|p1a: Primarina|Hyper Voice|p2b: Floette|[spread] p2a,p2b\n|-supereffective|p2a: Talonflame|1\n|-damage|p2a: Talonflame|0 fnt\n|-damage|p2b: Floette|62/100\n|faint|p2a: Talonflame\n|move|p1b: Garganacl|Salt Cure|p2b: Floette\n|-crit|p2b: Floette\n|-damage|p2b: Floette|42/100\n|-start|p2b: Floette|Salt Cure\n|\n|-heal|p1a: Primarina|12/100|[from] item: Leftovers\n|-damage|p2b: Floette|36/100|[from] Salt Cure\n|upkeep\n|\n|t:|1775934157\n|switch|p2a: Garchomp|Garchomp, L50, F|100/100\n|turn|3\n|\n|t:|1775934185\n|move|p1b: Garganacl|Wide Guard|p1b: Garganacl\n|-singleturn|p1b: Garganacl|Wide Guard\n|move|p2a: Garchomp|Stomping Tantrum|p1a: Primarina\n|-damage|p1a: Primarina|0 fnt\n|faint|p1a: Primarina\n|move|p2b: Floette|Moonblast|p1b: Garganacl\n|-damage|p1b: Garganacl|17/100\n|-enditem|p1b: Garganacl|Sitrus Berry|[eat]\n|-heal|p1b: Garganacl|42/100|[from] item: Sitrus Berry\n|\n|-damage|p2b: Floette|30/100|[from] Salt Cure\n|upkeep\n|\n|t:|1775934197\n|switch|p1a: Dragonite|Dragonite, L50, M|100/100\n|turn|4\n|\n|t:|1775934208\n|move|p1a: Dragonite|Extreme Speed|p2b: Floette\n|-damage|p2b: Floette|0 fnt\n|faint|p2b: Floette\n|move|p2a: Garchomp|Stomping Tantrum|p1b: Garganacl\n|-supereffective|p1b: Garganacl|1\n|-damage|p1b: Garganacl|0 fnt\n|faint|p1b: Garganacl\n|\n|upkeep\n|\n|t:|1775934216\n|switch|p2b: Kingambit|Kingambit, L50, F|100/100\n|switch|p1b: Scovillain|Scovillain, L50, F|100/100\n|turn|5\n|\n|t:|1775934225\n|detailschange|p1b: Scovillain|Scovillain-Mega, L50, F\n|-mega|p1b: Scovillain|Scovillain|Scovillainite\n|move|p1b: Scovillain|Rage Powder|p1b: Scovillain\n|-singleturn|p1b: Scovillain|move: Rage Powder\n|move|p2b: Kingambit|Sucker Punch||[still]\n|-fail|p2b: Kingambit\n|move|p2a: Garchomp|Stomping Tantrum|p1b: Scovillain\n|-damage|p1b: Scovillain|56/100\n|-status|p2a: Garchomp|brn|[from] ability: Spicy Spray|[of] p1b: Scovillain\n|move|p1a: Dragonite|Scale Shot|p2a: Garchomp\n|-supereffective|p2a: Garchomp|1\n|-damage|p2a: Garchomp|75/100 brn\n|-supereffective|p2a: Garchomp|1\n|-damage|p2a: Garchomp|44/100 brn\n|-supereffective|p2a: Garchomp|1\n|-damage|p2a: Garchomp|14/100 brn\n|-hitcount|p2a: Garchomp|3\n|-unboost|p1a: Dragonite|def|1\n|-boost|p1a: Dragonite|spe|1\n|\n|-damage|p2a: Garchomp|8/100 brn|[from] brn\n|-sideend|p2: syshj|move: Tailwind\n|upkeep\n|turn|6\n|\n|t:|1775934271\n|move|p1a: Dragonite|Extreme Speed|p2a: Garchomp\n|-damage|p2a: Garchomp|0 fnt\n|-damage|p1a: Dragonite|89/100|[from] ability: Rough Skin|[of] p2a: Garchomp\n|faint|p2a: Garchomp\n|move|p1b: Scovillain|Flamethrower|p2b: Kingambit\n|-supereffective|p2b: Kingambit|1\n|-damage|p2b: Kingambit|22/100\n|move|p2b: Kingambit|Kowtow Cleave|p1b: Scovillain\n|-damage|p1b: Scovillain|0 fnt\n|-status|p2b: Kingambit|brn|[from] ability: Spicy Spray|[of] p1b: Scovillain\n|faint|p1b: Scovillain\n|\n|-damage|p2b: Kingambit|16/100 brn|[from] brn\n|upkeep\n|turn|7\n|\n|t:|1775934284\n|move|p1a: Dragonite|Stomping Tantrum|p2b: Kingambit\n|-supereffective|p2b: Kingambit|1\n|-damage|p2b: Kingambit|0 fnt\n|faint|p2b: Kingambit\n|\n|win|Cuca02\n|raw|Cuca02's rating: 1099 &rarr; <strong>1128</strong><br />(+29 for winning)\n|raw|syshj's rating: 1147 &rarr; <strong>1119</strong><br />(-28 for losing)\n|l|\u2606Cuca02\n|player|p1|\n",
  "uploadtime": 1775934296,
  "views": 15,
  "formatid": "gen9championsvgc2026regma",
  "rating": 1119,
  "private": 0,
  "password": null
}