{
  "id": "gen9championsvgc2026regma-2581144843",
  "format": "[Gen 9 Champions] VGC 2026 Reg M-A",
  "players": [
    "peripeciax",
    "floydzera"
  ],
  "log": "|j|\u2606peripeciax\n|j|\u2606floydzera\n|t:|1775964201\n|gametype|doubles\n|player|p1|peripeciax|102|1043\n|player|p2|floydzera|volkner|1109\n|gen|9\n|tier|[Gen 9 Champions] VGC 2026 Reg M-A\n|rated|\n|rule|Species Clause: Limit one of each Pok\u00e9mon\n|rule|Item Clause: Limit 1 of each item\n|clearpoke\n|poke|p1|Tinkaton, L50, F|\n|poke|p1|Maushold-Four, L50|\n|poke|p1|Rotom-Wash, L50|\n|poke|p1|Gengar, L50, F|\n|poke|p1|Talonflame, L50, F|\n|poke|p1|Palafin, L50, M|\n|poke|p2|Froslass, L50, F|\n|poke|p2|Incineroar, L50, F|\n|poke|p2|Rotom-Frost, L50|\n|poke|p2|Garchomp, L50, F|\n|poke|p2|Basculegion, L50, M|\n|poke|p2|Kingambit, L50, F|\n|teampreview|4\nfloydzera rejected open team sheets.\n|\n|t:|1775964270\n|teamsize|p1|4\n|teamsize|p2|4\n|start\n|switch|p1a: Talonflame|Talonflame, L50, F|100/100\n|switch|p1b: Rotom|Rotom-Wash, L50|100/100\n|switch|p2a: Froslass|Froslass, L50, F|100/100\n|switch|p2b: Incineroar|Incineroar, L50, F|100/100\n|-ability|p2b: Incineroar|Intimidate|boost\n|-unboost|p1a: Talonflame|atk|1\n|-unboost|p1b: Rotom|atk|1\n|turn|1\n|\n|t:|1775964295\n|detailschange|p2a: Froslass|Froslass-Mega, L50, F\n|-mega|p2a: Froslass|Froslass|Froslassite\n|-weather|Snowscape|[from] ability: Snow Warning|[of] p2a: Froslass\n|move|p2b: Incineroar|Fake Out|p1a: Talonflame\n|-damage|p1a: Talonflame|79/100\n|cant|p1a: Talonflame|flinch\n|move|p2a: Froslass|Blizzard|p1b: Rotom|[spread] p1a,p1b\n|-resisted|p1b: Rotom|1\n|-damage|p1a: Talonflame|0 fnt\n|-damage|p1b: Rotom|73/100\n|-status|p1b: Rotom|frz\n|faint|p1a: Talonflame\n|cant|p1b: Rotom|frz\n|\n|-weather|Snowscape|[upkeep]\n|upkeep\n|\n|t:|1775964314\n|switch|p1a: Palafin|Palafin, L50, M|100/100\n|turn|2\n|\n|t:|1775964332\n|move|p2a: Froslass|Blizzard|p1b: Rotom|[spread] p1a,p1b\n|-resisted|p1a: Palafin|1\n|-resisted|p1b: Rotom|1\n|-damage|p1a: Palafin|64/100\n|-damage|p1b: Rotom|48/100 frz\n|move|p1a: Palafin|Flip Turn|p2b: Incineroar\n|-supereffective|p2b: Incineroar|1\n|-damage|p2b: Incineroar|64/100\n|\n|t:|1775964340\n|detailschange|p1a: Palafin|Palafin-Hero, L50, M\n|switch|p1a: Gengar|Gengar, L50, F, shiny|100/100|[from] Flip Turn\n|cant|p1b: Rotom|frz\n|move|p2b: Incineroar|Parting Shot|p1b: Rotom\n|-unboost|p1b: Rotom|atk|1\n|-unboost|p1b: Rotom|spa|1\n|\n|t:|1775964349\n|switch|p2b: Kingambit|Kingambit, L50, F|100/100|[from] Parting Shot\n|\n|-weather|Snowscape|[upkeep]\n|upkeep\n|turn|3\n|\n|t:|1775964365\n|detailschange|p1a: Gengar|Gengar-Mega, L50, F, shiny\n|-mega|p1a: Gengar|Gengar|Gengarite\n|-curestatus|p1b: Rotom|frz|[msg]\n|move|p1b: Rotom|Protect|p1b: Rotom\n|-singleturn|p1b: Rotom|Protect\n|move|p2b: Kingambit|Sucker Punch|p1a: Gengar\n|-supereffective|p1a: Gengar|1\n|-damage|p1a: Gengar|0 fnt\n|faint|p1a: Gengar\n|move|p2a: Froslass|Shadow Ball|p1b: Rotom\n|-activate|p1b: Rotom|move: Protect\n|\n|-weather|Snowscape|[upkeep]\n|upkeep\n|\n|t:|1775964379\n|switch|p1a: Palafin|Palafin-Hero, L50, M|64/100\n|-activate|p1a: Palafin|ability: Zero to Hero\n|turn|4\n|\n|t:|1775964403\n|move|p2b: Kingambit|Sucker Punch|p1b: Rotom\n|-damage|p1b: Rotom|6/100\n|move|p2a: Froslass|Shadow Ball|p1b: Rotom\n|-damage|p1b: Rotom|0 fnt\n|faint|p1b: Rotom\n|move|p1a: Palafin|Aura Sphere|p2b: Kingambit\n|-supereffective|p2b: Kingambit|2\n|-enditem|p2b: Kingambit|Focus Sash\n|-damage|p2b: Kingambit|1/100\n|\n|-weather|Snowscape|[upkeep]\n|upkeep\n|turn|5\n|-message|peripeciax forfeited.\n|\n|win|floydzera\n|raw|peripeciax's rating: 1043 &rarr; <strong>1030</strong><br />(-13 for losing)\n|raw|floydzera's rating: 1109 &rarr; <strong>1129</strong><br />(+20 for winning)\n|l|\u2606peripeciax\n|player|p1|\n",
  "uploadtime": 1775964432,
  "views": 18,
  "formatid": "gen9championsvgc2026regma",
  "rating": 1030,
  "private": 0,
  "password": null
}