{
  "id": "gen9championsvgc2026regma-2588639998",
  "format": "[Gen 9 Champions] VGC 2026 Reg M-A",
  "players": [
    "Bugsnax4smash",
    "Shiphero"
  ],
  "log": "|j|\u2606Bugsnax4smash\n|j|\u2606Shiphero\n|t:|1776652776\n|gametype|doubles\n|player|p1|Bugsnax4smash|skierf|1054\n|player|p2|Shiphero|lady|1051\n|gen|9\n|tier|[Gen 9 Champions] VGC 2026 Reg M-A\n|rated|\n|rule|Species Clause: Limit one of each Pok\u00e9mon\n|rule|Item Clause: Limit 1 of each item\n|clearpoke\n|poke|p1|Victreebel, L50, F|\n|poke|p1|Kingambit, L50, M|\n|poke|p1|Zoroark-Hisui, L50, M|\n|poke|p1|Azumarill, L50, F|\n|poke|p1|Volcarona, L50, F|\n|poke|p1|Kommo-o, L50, F|\n|poke|p2|Gengar, L50, F, shiny|\n|poke|p2|Dragonite, L50, M|\n|poke|p2|Torterra, L50, F|\n|poke|p2|Lucario, L50, F|\n|poke|p2|Palafin, L50, F|\n|poke|p2|Arcanine, L50, F|\n|teampreview|4\n|\n|t:|1776652800\n|teamsize|p1|4\n|teamsize|p2|4\n|start\n|switch|p1a: Kingambit|Kingambit, L50, M|100/100\n|switch|p1b: Victreebel|Victreebel, L50, F|100/100\n|switch|p2a: Gengar|Gengar, L50, F, shiny|100/100\n|switch|p2b: Arcanine|Arcanine, L50, F|100/100\n|-ability|p2b: Arcanine|Intimidate|boost\n|-unboost|p1a: Kingambit|atk|1\n|-ability|p1a: Kingambit|Defiant|boost\n|-boost|p1a: Kingambit|atk|2\n|-unboost|p1b: Victreebel|atk|1\n|turn|1\n|\n|t:|1776652840\n|detailschange|p2a: Gengar|Gengar-Mega, L50, F, shiny\n|-mega|p2a: Gengar|Gengar|Gengarite\n|move|p1a: Kingambit|Protect|p1a: Kingambit\n|-singleturn|p1a: Kingambit|Protect\n|move|p2a: Gengar|Destiny Bond|p2a: Gengar\n|-singlemove|p2a: Gengar|Destiny Bond\n|move|p1b: Victreebel|Bitter Malice|p2a: Gengar\n|-supereffective|p2a: Gengar|1\n|-damage|p2a: Gengar|0 fnt\n|faint|p2a: Gengar\n|-activate|p2a: Gengar|move: Destiny Bond\n|faint|p1b: Victreebel\n|move|p2b: Arcanine|Flare Blitz|p1a: Kingambit\n|-activate|p1a: Kingambit|move: Protect\n|\n|upkeep\n|\n|t:|1776652862\n|switch|p2a: Lucario|Lucario, L50, F|100/100\n|switch|p1b: Kommo-o|Kommo-o, L50, F|100/100\n|turn|2\n|\n|t:|1776652885\n|move|p1a: Kingambit|Sucker Punch|p2b: Arcanine\n|-damage|p2b: Arcanine|0 fnt\n|faint|p2b: Arcanine\n|move|p2a: Lucario|Close Combat|p1a: Kingambit\n|-supereffective|p1a: Kingambit|2\n|-damage|p1a: Kingambit|0 fnt\n|-unboost|p2a: Lucario|def|1\n|-unboost|p2a: Lucario|spd|1\n|faint|p1a: Kingambit\n|move|p1b: Kommo-o|Iron Defense|p1b: Kommo-o\n|-boost|p1b: Kommo-o|def|2\n|\n|upkeep\n|\n|t:|1776652897\n|switch|p2b: Dragonite|Dragonite, L50, M|100/100\n|switch|p1a: Victreebel|Victreebel, L50, F|100/100\n|turn|3\n|\n|t:|1776652919\n|detailschange|p1a: Victreebel|Victreebel-Mega, L50, F\n|-mega|p1a: Victreebel|Victreebel|Victreebelite\n|move|p2a: Lucario|Protect|p2a: Lucario\n|-singleturn|p2a: Lucario|Protect\n|move|p1b: Kommo-o|Protect|p1b: Kommo-o\n|-singleturn|p1b: Kommo-o|Protect\n|move|p2b: Dragonite|Dragon Pulse|p1b: Kommo-o\n|-activate|p1b: Kommo-o|move: Protect\n|move|p1a: Victreebel|Sludge Bomb|p2b: Dragonite\n|-damage|p2b: Dragonite|59/100\n|-status|p2b: Dragonite|psn\n|\n|-heal|p2b: Dragonite|65/100 psn|[from] item: Leftovers\n|-damage|p2b: Dragonite|52/100 psn|[from] psn\n|upkeep\n|turn|4\n|\n|t:|1776652945\n|move|p2a: Lucario|Protect||[still]\n|-fail|p2a: Lucario\n|move|p2b: Dragonite|Roost|p2b: Dragonite\n|-heal|p2b: Dragonite|100/100 psn\n|-singleturn|p2b: Dragonite|move: Roost\n|move|p1b: Kommo-o|Body Press|p2a: Lucario\n|-supereffective|p2a: Lucario|1\n|-damage|p2a: Lucario|0 fnt\n|faint|p2a: Lucario\n|move|p1a: Victreebel|Sludge Bomb|p2b: Dragonite\n|-damage|p2b: Dragonite|59/100 psn\n|\n|-heal|p2b: Dragonite|65/100 psn|[from] item: Leftovers\n|-damage|p2b: Dragonite|52/100 psn|[from] psn\n|upkeep\n|turn|5\n|\n|t:|1776652965\n|move|p2b: Dragonite|Dragon Pulse|p1b: Kommo-o\n|-supereffective|p1b: Kommo-o|1\n|-damage|p1b: Kommo-o|64/100\n|move|p1b: Kommo-o|Body Press|p2b: Dragonite\n|-resisted|p2b: Dragonite|1\n|-damage|p2b: Dragonite|17/100 psn\n|move|p1a: Victreebel|Sludge Bomb|p2b: Dragonite\n|-damage|p2b: Dragonite|0 fnt\n|faint|p2b: Dragonite\n|\n|win|Bugsnax4smash\n|raw|Bugsnax4smash's rating: 1054 &rarr; <strong>1086</strong><br />(+32 for winning)\n|raw|Shiphero's rating: 1051 &rarr; <strong>1034</strong><br />(-17 for losing)\n|l|\u2606Shiphero\n|player|p2|\n",
  "uploadtime": 1776652980,
  "views": 5,
  "formatid": "gen9championsvgc2026regma",
  "rating": 1034,
  "private": 0,
  "password": null
}