{
  "id": "gen9championsvgc2026regma-2587457370",
  "format": "[Gen 9 Champions] VGC 2026 Reg M-A",
  "players": [
    "golisopod loyalist",
    "dr.ultraball head"
  ],
  "log": "|j|\u2606golisopod loyalist\n|j|\u2606dr.ultraball head\n|t:|1776533438\n|gametype|doubles\n|player|p1|golisopod loyalist|lady-gen4|1117\n|player|p2|dr.ultraball head|gardenia-masters|1148\n|gen|9\n|tier|[Gen 9 Champions] VGC 2026 Reg M-A\n|rated|\n|rule|Species Clause: Limit one of each Pok\u00e9mon\n|rule|Item Clause: Limit 1 of each item\n|clearpoke\n|poke|p1|Crabominable, L50, F|\n|poke|p1|Sinistcha, L50|\n|poke|p1|Incineroar, L50, M|\n|poke|p1|Kingambit, L50, M|\n|poke|p1|Garchomp, L50, F|\n|poke|p1|Maushold, L50|\n|poke|p2|Incineroar, L50, F|\n|poke|p2|Aggron, L50, M|\n|poke|p2|Sinistcha, L50|\n|poke|p2|Primarina, L50, F|\n|poke|p2|Farigiraf, L50, M|\n|poke|p2|Tyranitar, L50, F|\n|teampreview|4\n|\n|t:|1776533498\n|teamsize|p1|4\n|teamsize|p2|4\n|start\n|switch|p1a: Sinistcha|Sinistcha, L50|100/100\n|switch|p1b: Garchomp|Garchomp, L50, F|100/100\n|switch|p2a: Incineroar|Incineroar, L50, F|100/100\n|switch|p2b: Sinistcha|Sinistcha, L50|100/100\n|-ability|p2a: Incineroar|Intimidate|boost\n|-unboost|p1a: Sinistcha|atk|1\n|-unboost|p1b: Garchomp|atk|1\n|turn|1\n|l|\u2606dr.ultraball head\n|player|p2|\n|j|\u2606dr.ultraball head\n|player|p2|dr.ultraball head|gardenia-masters|\n|\n|t:|1776533540\n|move|p1b: Garchomp|Rock Slide|p2b: Sinistcha|[spread] p2a,p2b\n|-supereffective|p2a: Incineroar|1\n|-damage|p2a: Incineroar|75/100\n|-damage|p2b: Sinistcha|89/100\n|move|p1a: Sinistcha|Shadow Ball|p2a: Incineroar\n|-resisted|p2a: Incineroar|1\n|-damage|p2a: Incineroar|60/100\n|move|p2a: Incineroar|Parting Shot|p1b: Garchomp\n|-unboost|p1b: Garchomp|atk|1\n|-unboost|p1b: Garchomp|spa|1\n|\n|t:|1776533557\n|switch|p2a: Primarina|Primarina, L50, F|100/100|[from] Parting Shot\n|cant|p2b: Sinistcha|flinch\n|\n|upkeep\n|turn|2\n|\n|t:|1776533600\n|switch|p1b: down air|Incineroar, L50, M|100/100\n|-ability|p1b: down air|Intimidate|boost\n|-unboost|p2a: Primarina|atk|1\n|-unboost|p2b: Sinistcha|atk|1\n|move|p2b: Sinistcha|Rage Powder|p2b: Sinistcha\n|-singleturn|p2b: Sinistcha|move: Rage Powder\n|move|p2a: Primarina|Hyper Voice|p1a: Sinistcha|[spread] p1a,p1b\n|-resisted|p1a: Sinistcha|1\n|-supereffective|p1b: down air|1\n|-damage|p1a: Sinistcha|80/100\n|-damage|p1b: down air|35/100\n|-enditem|p1b: down air|Sitrus Berry|[eat]\n|-heal|p1b: down air|60/100|[from] item: Sitrus Berry\n|move|p1a: Sinistcha|Trick Room|p1a: Sinistcha\n|-fieldstart|move: Trick Room|[of] p1a: Sinistcha\n|\n|upkeep\n|turn|3\n|l|\u2606dr.ultraball head\n|player|p2|\n|inactive|Battle timer is ON: inactive players will automatically lose when time's up. (requested by golisopod loyalist)\n|inactive|dr.ultraball head has 30 seconds to reconnect!\n|inactiveoff|Battle timer is now OFF.\n|j|\u2606dr.ultraball head\n|player|p2|dr.ultraball head|gardenia-masters|\n|\n|t:|1776533728\n|switch|p2b: Incineroar|Incineroar, L50, F|60/100\n|-ability|p2b: Incineroar|Intimidate|boost\n|-unboost|p1a: Sinistcha|atk|1\n|-unboost|p1b: down air|atk|1\n|move|p1b: down air|Flare Blitz|p2b: Incineroar\n|-resisted|p2b: Incineroar|1\n|-damage|p2b: Incineroar|42/100\n|-enditem|p2b: Incineroar|Sitrus Berry|[eat]\n|-heal|p2b: Incineroar|66/100|[from] item: Sitrus Berry\n|-damage|p1b: down air|54/100|[from] Recoil\n|move|p2a: Primarina|Hyper Voice|p1a: Sinistcha|[spread] p1a,p1b\n|-resisted|p1a: Sinistcha|1\n|-supereffective|p1b: down air|1\n|-crit|p1b: down air\n|-damage|p1a: Sinistcha|60/100\n|-damage|p1b: down air|0 fnt\n|faint|p1b: down air\n|move|p1a: Sinistcha|Shadow Ball|p2b: Incineroar\n|-resisted|p2b: Incineroar|1\n|-damage|p2b: Incineroar|52/100\n|\n|upkeep\n|inactive|Battle timer is ON: inactive players will automatically lose when time's up. (requested by golisopod loyalist)\n|\n|t:|1776533750\n|switch|p1b: Crabominable|Crabominable, L50, F|100/100\n|turn|4\n|\n|t:|1776533774\n|detailschange|p1b: Crabominable|Crabominable-Mega, L50, F\n|-mega|p1b: Crabominable|Crabominable|Crabominite\n|move|p1b: Crabominable|Drain Punch|p2b: Incineroar\n|-supereffective|p2b: Incineroar|1\n|-damage|p2b: Incineroar|0 fnt\n|faint|p2b: Incineroar\n|move|p2a: Primarina|Hyper Voice|p1a: Sinistcha|[spread] p1a,p1b\n|-resisted|p1a: Sinistcha|1\n|-damage|p1a: Sinistcha|39/100\n|-damage|p1b: Crabominable|70/100\n|move|p1a: Sinistcha|Matcha Gotcha|p2a: Primarina\n|-supereffective|p2a: Primarina|1\n|-damage|p2a: Primarina|48/100\n|-heal|p1a: Sinistcha|67/100|[from] drain|[of] p2a: Primarina\n|\n|-heal|p2a: Primarina|54/100|[from] item: Leftovers\n|upkeep\n|\n|t:|1776533794\n|switch|p2b: Aggron|Aggron, L50, M|100/100\n|turn|5\n|\n|t:|1776533803\n|switch|p2a: Sinistcha|Sinistcha, L50|89/100\n|detailschange|p2b: Aggron|Aggron-Mega, L50, M\n|-mega|p2b: Aggron|Aggron|Aggronite\n|move|p2b: Aggron|Protect|p2b: Aggron\n|-singleturn|p2b: Aggron|Protect\n|move|p1b: Crabominable|Drain Punch|p2b: Aggron\n|-activate|p2b: Aggron|move: Protect\n|move|p1a: Sinistcha|Matcha Gotcha|p2a: Sinistcha|[spread] p2a\n|-activate|p2b: Aggron|move: Protect\n|-resisted|p2a: Sinistcha|1\n|-damage|p2a: Sinistcha|79/100\n|-heal|p1a: Sinistcha|72/100|[from] drain|[of] p2a: Sinistcha\n|\n|upkeep\n|turn|6\n|\n|t:|1776533827\n|move|p2a: Sinistcha|Rage Powder|p2a: Sinistcha\n|-singleturn|p2a: Sinistcha|move: Rage Powder\n|move|p1b: Crabominable|Drain Punch|p2a: Sinistcha\n|-immune|p2a: Sinistcha\n|move|p2b: Aggron|Heavy Slam|p1b: Crabominable\n|-supereffective|p1b: Crabominable|1\n|-damage|p1b: Crabominable|37/100\n|move|p1a: Sinistcha|Shadow Ball|p2a: Sinistcha\n|-supereffective|p2a: Sinistcha|1\n|-damage|p2a: Sinistcha|18/100\n|\n|-fieldend|move: Trick Room\n|upkeep\n|turn|7\n|\n|t:|1776533847\n|move|p1b: Crabominable|Protect|p1b: Crabominable\n|-singleturn|p1b: Crabominable|Protect\n|move|p2a: Sinistcha|Strength Sap|p1a: Sinistcha\n|-unboost|p1a: Sinistcha|atk|1\n|-heal|p2a: Sinistcha|40/100\n|move|p2b: Aggron|Body Press|p1b: Crabominable\n|-activate|p1b: Crabominable|move: Protect\n|move|p1a: Sinistcha|Trick Room|p1a: Sinistcha\n|-fieldstart|move: Trick Room|[of] p1a: Sinistcha\n|\n|upkeep\n|turn|8\n|\n|t:|1776533864\n|move|p2a: Sinistcha|Rage Powder|p2a: Sinistcha\n|-singleturn|p2a: Sinistcha|move: Rage Powder\n|move|p1b: Crabominable|Drain Punch|p2a: Sinistcha\n|-immune|p2a: Sinistcha\n|move|p2b: Aggron|Body Press|p1b: Crabominable\n|-supereffective|p1b: Crabominable|1\n|-damage|p1b: Crabominable|0 fnt\n|faint|p1b: Crabominable\n|move|p1a: Sinistcha|Shadow Ball|p2a: Sinistcha\n|-supereffective|p2a: Sinistcha|1\n|-damage|p2a: Sinistcha|0 fnt\n|faint|p2a: Sinistcha\n|\n|upkeep\n|\n|t:|1776533879\n|switch|p1b: Garchomp|Garchomp, L50, F|100/100\n|switch|p2a: Primarina|Primarina, L50, F|54/100\n|turn|9\n|\n|t:|1776533890\n|move|p2b: Aggron|Heavy Slam|p1a: Sinistcha\n|-damage|p1a: Sinistcha|25/100\n|move|p2a: Primarina|Hyper Voice|p1a: Sinistcha|[spread] p1a,p1b\n|-resisted|p1a: Sinistcha|1\n|-damage|p1a: Sinistcha|7/100\n|-damage|p1b: Garchomp|59/100\n|move|p1a: Sinistcha|Matcha Gotcha|p2b: Aggron|[spread] p2a,p2b\n|-supereffective|p2a: Primarina|1\n|-resisted|p2b: Aggron|1\n|-damage|p2a: Primarina|12/100\n|-heal|p1a: Sinistcha|29/100|[from] drain|[of] p2a: Primarina\n|-damage|p2b: Aggron|90/100\n|-heal|p1a: Sinistcha|34/100|[from] drain|[of] p2b: Aggron\n|-status|p2a: Primarina|brn\n|move|p1b: Garchomp|Stomping Tantrum|p2b: Aggron\n|-supereffective|p2b: Aggron|1\n|-damage|p2b: Aggron|62/100\n|\n|-heal|p2a: Primarina|18/100 brn|[from] item: Leftovers\n|-damage|p2a: Primarina|12/100 brn|[from] brn\n|upkeep\n|turn|10\n|inactive|golisopod loyalist has 30 seconds left.\n|inactive|dr.ultraball head has 30 seconds left.\n|\n|t:|1776533921\n|move|p1a: Sinistcha|Protect|p1a: Sinistcha\n|-singleturn|p1a: Sinistcha|Protect\n|move|p2b: Aggron|Heavy Slam|p1a: Sinistcha\n|-activate|p1a: Sinistcha|move: Protect\n|move|p2a: Primarina|Hyper Voice|p1a: Sinistcha|[spread] p1b\n|-activate|p1a: Sinistcha|move: Protect\n|-damage|p1b: Garchomp|20/100\n|move|p1b: Garchomp|Rock Slide|p2a: Primarina|[spread] p2a,p2b\n|-resisted|p2b: Aggron|1\n|-damage|p2a: Primarina|0 fnt\n|-damage|p2b: Aggron|57/100\n|faint|p2a: Primarina\n|\n|upkeep\n|turn|11\n|\n|t:|1776533944\n|move|p1a: Sinistcha|Protect||[still]\n|-fail|p1a: Sinistcha\n|move|p1b: Garchomp|Protect|p1b: Garchomp\n|-singleturn|p1b: Garchomp|Protect\n|move|p2b: Aggron|Heavy Slam|p1a: Sinistcha\n|-damage|p1a: Sinistcha|0 fnt\n|faint|p1a: Sinistcha\n|\n|-fieldend|move: Trick Room\n|upkeep\n|turn|12\n|\n|t:|1776533957\n|move|p1b: Garchomp|Stomping Tantrum|p2b: Aggron\n|-supereffective|p2b: Aggron|1\n|-damage|p2b: Aggron|26/100\n|move|p2b: Aggron|Heavy Slam|p1b: Garchomp\n|-damage|p1b: Garchomp|0 fnt\n|faint|p1b: Garchomp\n|\n|win|dr.ultraball head\n|raw|golisopod loyalist's rating: 1117 &rarr; <strong>1094</strong><br />(-23 for losing)\n|raw|dr.ultraball head's rating: 1148 &rarr; <strong>1171</strong><br />(+23 for winning)\n|c|\u2606dr.ultraball head|Ggs\n|c|\u2606golisopod loyalist|gg\n|l|\u2606golisopod loyalist\n|player|p1|\n|l|\u2606dr.ultraball head\n|player|p2|\n|j|\u2606dr.ultraball head\n|player|p2|dr.ultraball head|gardenia-masters|\n",
  "uploadtime": 1776535819,
  "views": 15,
  "formatid": "gen9championsvgc2026regma",
  "rating": 1094,
  "private": 0,
  "password": null
}