{
  "id": "gen9championsvgc2026regma-2581336477",
  "format": "[Gen 9 Champions] VGC 2026 Reg M-A",
  "players": [
    "silvermagicianvgc",
    "ray amyrand"
  ],
  "log": "|j|\u2606silvermagicianvgc\n|j|\u2606ray amyrand\n|t:|1775988405\n|gametype|doubles\n|player|p1|silvermagicianvgc|silver|1433\n|player|p2|ray amyrand|2|1378\n|gen|9\n|tier|[Gen 9 Champions] VGC 2026 Reg M-A\n|rated|\n|rule|Species Clause: Limit one of each Pok\u00e9mon\n|rule|Item Clause: Limit 1 of each item\n|clearpoke\n|poke|p1|Floette-Eternal, L50, F|\n|poke|p1|Garchomp, L50, F|\n|poke|p1|Aerodactyl, L50, M|\n|poke|p1|Incineroar, L50, M|\n|poke|p1|Milotic, L50, F|\n|poke|p1|Sinistcha, L50|\n|poke|p2|Charizard, L50, F|\n|poke|p2|Typhlosion-Hisui, L50, F|\n|poke|p2|Kingambit, L50, F|\n|poke|p2|Garchomp, L50, M|\n|poke|p2|Rotom-Wash, L50|\n|poke|p2|Whimsicott, L50, F|\n|teampreview|4\n|j| KOPLUS\n|j| gE1xjZRtuhW2DdT0AK\n|\n|t:|1775988466\n|teamsize|p1|4\n|teamsize|p2|4\n|start\n|switch|p1a: Garchomp|Garchomp, L50, F|100/100\n|switch|p1b: Aerodactyl|Aerodactyl, L50, M|100/100\n|switch|p2a: Rotom|Rotom-Wash, L50|100/100\n|switch|p2b: Kingambit|Kingambit, L50, F|100/100\n|-ability|p1b: Aerodactyl|Unnerve\n|turn|1\n|\n|t:|1775988492\n|switch|p2b: Whimsicott|Whimsicott, L50, F|100/100\n|move|p1b: Aerodactyl|Protect|p1b: Aerodactyl\n|-singleturn|p1b: Aerodactyl|Protect\n|move|p1a: Garchomp|Stomping Tantrum|p2b: Whimsicott\n|-resisted|p2b: Whimsicott|1\n|-damage|p2b: Whimsicott|70/100\n|move|p2a: Rotom|Will-O-Wisp|p1a: Garchomp\n|-status|p1a: Garchomp|brn\n|\n|-damage|p1a: Garchomp|95/100 brn|[from] brn\n|upkeep\n|turn|2\n|\n|t:|1775988526\n|switch|p1a: Milotic|Milotic, L50, F, shiny|100/100\n|switch|p1b: Incineroar|Incineroar, L50, M|100/100\n|-ability|p1b: Incineroar|Intimidate|boost\n|-unboost|p2a: Rotom|atk|1\n|-unboost|p2b: Whimsicott|atk|1\n|move|p2b: Whimsicott|Encore||[still]\n|-fail|p2b: Whimsicott\n|move|p2a: Rotom|Will-O-Wisp|p1b: Incineroar\n|-immune|p1b: Incineroar\n|\n|upkeep\n|turn|3\n|\n|t:|1775988555\n|move|p2b: Whimsicott|Protect|p2b: Whimsicott\n|-singleturn|p2b: Whimsicott|Protect\n|move|p1b: Incineroar|Fake Out|p2a: Rotom\n|-damage|p2a: Rotom|89/100\n|cant|p2a: Rotom|flinch\n|move|p1a: Milotic|Icy Wind|p2b: Whimsicott|[spread] p2a\n|-activate|p2b: Whimsicott|move: Protect\n|-resisted|p2a: Rotom|1\n|-damage|p2a: Rotom|84/100\n|-unboost|p2a: Rotom|spe|1\n|\n|upkeep\n|turn|4\n|\n|t:|1775988609\n|move|p2b: Whimsicott|Encore|p1a: Milotic\n|-start|p1a: Milotic|Encore\n|move|p1a: Milotic|Icy Wind|p2a: Rotom|[spread] p2a,p2b\n|-resisted|p2a: Rotom|1\n|-crit|p2a: Rotom\n|-supereffective|p2b: Whimsicott|1\n|-damage|p2a: Rotom|75/100\n|-damage|p2b: Whimsicott|30/100\n|-unboost|p2a: Rotom|spe|1\n|-unboost|p2b: Whimsicott|spe|1\n|move|p1b: Incineroar|Parting Shot|p2a: Rotom\n|-unboost|p2a: Rotom|atk|1\n|-unboost|p2a: Rotom|spa|1\n|\n|t:|1775988620\n|switch|p1b: Aerodactyl|Aerodactyl, L50, M|100/100|[from] Parting Shot\n|-ability|p1b: Aerodactyl|Unnerve\n|move|p2a: Rotom|Hydro Pump|p1b: Aerodactyl|[miss]\n|-miss|p2a: Rotom|p1b: Aerodactyl\n|\n|upkeep\n|turn|5\n|\n|t:|1775988640\n|switch|p1a: Garchomp|Garchomp, L50, F|95/100 brn\n|move|p2b: Whimsicott|Tailwind|p2b: Whimsicott\n|-sidestart|p2: ray amyrand|move: Tailwind\n|move|p1b: Aerodactyl|Earthquake|p2b: Whimsicott|[spread] p1a,p2b\n|-immune|p2a: Rotom|[from] ability: Levitate\n|-resisted|p2b: Whimsicott|1\n|-damage|p1a: Garchomp|74/100 brn\n|-damage|p2b: Whimsicott|14/100\n|move|p2a: Rotom|Volt Switch|p1b: Aerodactyl\n|-supereffective|p1b: Aerodactyl|1\n|-damage|p1b: Aerodactyl|55/100\n|\n|t:|1775988657\n|switch|p2a: Kingambit|Kingambit, L50, F|100/100|[from] Volt Switch\n|\n|-damage|p1a: Garchomp|68/100 brn|[from] brn\n|upkeep\n|turn|6\n|\n|t:|1775988672\n|move|p2b: Whimsicott|Moonblast|p1a: Garchomp\n|-supereffective|p1a: Garchomp|1\n|-damage|p1a: Garchomp|0 fnt\n|faint|p1a: Garchomp\n|move|p1b: Aerodactyl|Tailwind|p1b: Aerodactyl\n|-sidestart|p1: silvermagicianvgc|move: Tailwind\n|move|p2a: Kingambit|Iron Head|p1b: Aerodactyl\n|-supereffective|p1b: Aerodactyl|1\n|-damage|p1b: Aerodactyl|0 fnt\n|faint|p1b: Aerodactyl\n|\n|upkeep\n|\n|t:|1775988681\n|switch|p1b: Incineroar|Incineroar, L50, M|100/100\n|switch|p1a: Milotic|Milotic, L50, F, shiny|100/100\n|-ability|p1b: Incineroar|Intimidate|boost\n|-unboost|p2a: Kingambit|atk|1\n|-ability|p2a: Kingambit|Defiant|boost\n|-boost|p2a: Kingambit|atk|2\n|-unboost|p2b: Whimsicott|atk|1\n|turn|7\n|j| Reign1997\n|\n|t:|1775988709\n|move|p2b: Whimsicott|Protect|p2b: Whimsicott\n|-singleturn|p2b: Whimsicott|Protect\n|move|p1b: Incineroar|Fake Out|p2a: Kingambit\n|-resisted|p2a: Kingambit|1\n|-crit|p2a: Kingambit\n|-damage|p2a: Kingambit|94/100\n|move|p1a: Milotic|Scald|p2a: Kingambit\n|-damage|p2a: Kingambit|60/100\n|-status|p2a: Kingambit|brn\n|cant|p2a: Kingambit|flinch\n|\n|-damage|p2a: Kingambit|55/100 brn|[from] brn\n|upkeep\n|turn|8\n|\n|t:|1775988731\n|move|p2b: Whimsicott|Moonblast|p1b: Incineroar\n|-damage|p1b: Incineroar|68/100\n|move|p1a: Milotic|Scald|p2b: Whimsicott\n|-resisted|p2b: Whimsicott|1\n|-damage|p2b: Whimsicott|0 fnt\n|faint|p2b: Whimsicott\n|move|p1b: Incineroar|Flare Blitz|p2a: Kingambit\n|-supereffective|p2a: Kingambit|1\n|-damage|p2a: Kingambit|0 fnt\n|faint|p2a: Kingambit\n|-damage|p1b: Incineroar|50/100|[from] Recoil\n|-enditem|p1b: Incineroar|Sitrus Berry|[eat]\n|-heal|p1b: Incineroar|75/100|[from] item: Sitrus Berry\n|\n|-sideend|p2: ray amyrand|move: Tailwind\n|upkeep\n|\n|t:|1775988741\n|switch|p2b: Charizard|Charizard, L50, F|100/100\n|switch|p2a: Rotom|Rotom-Wash, L50|75/100\n|turn|9\n|\n|t:|1775988756\n|detailschange|p2b: Charizard|Charizard-Mega-Y, L50, F\n|-mega|p2b: Charizard|Charizard|Charizardite Y\n|-weather|SunnyDay|[from] ability: Drought|[of] p2b: Charizard\n|move|p1a: Milotic|Icy Wind|p2b: Charizard|[spread] p2a,p2b\n|-resisted|p2a: Rotom|1\n|-damage|p2a: Rotom|70/100\n|-damage|p2b: Charizard|88/100\n|-unboost|p2a: Rotom|spe|1\n|-unboost|p2b: Charizard|spe|1\n|move|p1b: Incineroar|Throat Chop|p2a: Rotom\n|-damage|p2a: Rotom|37/100\n|-start|p2a: Rotom|Throat Chop|[silent]\n|-enditem|p2a: Rotom|Sitrus Berry|[eat]\n|-heal|p2a: Rotom|62/100|[from] item: Sitrus Berry\n|move|p2b: Charizard|Weather Ball|p1b: Incineroar\n|-resisted|p1b: Incineroar|1\n|-damage|p1b: Incineroar|33/100\n|move|p2a: Rotom|Hydro Pump|p1b: Incineroar\n|-supereffective|p1b: Incineroar|1\n|-damage|p1b: Incineroar|2/100\n|\n|-weather|SunnyDay|[upkeep]\n|-sideend|p1: silvermagicianvgc|move: Tailwind\n|upkeep\n|turn|10\n|\n|t:|1775988782\n|move|p2b: Charizard|Protect|p2b: Charizard\n|-singleturn|p2b: Charizard|Protect\n|move|p1a: Milotic|Icy Wind|p2b: Charizard|[spread] p2a\n|-activate|p2b: Charizard|move: Protect\n|-resisted|p2a: Rotom|1\n|-damage|p2a: Rotom|57/100\n|-unboost|p2a: Rotom|spe|1\n|move|p1b: Incineroar|Throat Chop|p2a: Rotom\n|-damage|p2a: Rotom|26/100\n|move|p2a: Rotom|Volt Switch|p1b: Incineroar\n|-damage|p1b: Incineroar|0 fnt\n|faint|p1b: Incineroar\n|\n|-weather|SunnyDay|[upkeep]\n|-end|p2a: Rotom|Throat Chop|[silent]\n|upkeep\n|turn|11\n|j| Koiman\n|j| kanp\n|\n|t:|1775988821\n|move|p1a: Milotic|Protect|p1a: Milotic\n|-singleturn|p1a: Milotic|Protect\n|move|p2b: Charizard|Solar Beam||[still]\n|-prepare|p2b: Charizard|Solar Beam\n|-anim|p2b: Charizard|Solar Beam|p1a: Milotic\n|-activate|p1a: Milotic|move: Protect\n|move|p2a: Rotom|Volt Switch|p1a: Milotic\n|-activate|p1a: Milotic|move: Protect\n|\n|-weather|SunnyDay|[upkeep]\n|upkeep\n|turn|12\n|\n|t:|1775988845\n|move|p2b: Charizard|Solar Beam||[still]\n|-prepare|p2b: Charizard|Solar Beam\n|-anim|p2b: Charizard|Solar Beam|p1a: Milotic\n|-supereffective|p1a: Milotic|1\n|-damage|p1a: Milotic|33/100\n|move|p1a: Milotic|Scald|p2a: Rotom\n|-resisted|p2a: Rotom|1\n|-damage|p2a: Rotom|18/100\n|move|p2a: Rotom|Volt Switch|p1a: Milotic\n|-supereffective|p1a: Milotic|1\n|-damage|p1a: Milotic|0 fnt\n|faint|p1a: Milotic\n|\n|win|ray amyrand\n|raw|silvermagicianvgc's rating: 1433 &rarr; <strong>1410</strong><br />(-23 for losing)\n|raw|ray amyrand's rating: 1378 &rarr; <strong>1401</strong><br />(+23 for winning)\n",
  "uploadtime": 1775988854,
  "views": 67,
  "formatid": "gen9championsvgc2026regma",
  "rating": 1401,
  "private": 0,
  "password": null
}