{
  "id": "gen9championsvgc2026regma-2582481885",
  "format": "[Gen 9 Champions] VGC 2026 Reg M-A",
  "players": [
    "free-bean-joe",
    "hipsterbrownkid"
  ],
  "log": "|j|\u2606free-bean-joe\n|j|\u2606hipsterbrownkid\n|t:|1776094503\n|gametype|doubles\n|player|p1|free-bean-joe|266|1100\n|player|p2|hipsterbrownkid|wallace|1116\n|gen|9\n|tier|[Gen 9 Champions] VGC 2026 Reg M-A\n|rated|\n|rule|Species Clause: Limit one of each Pok\u00e9mon\n|rule|Item Clause: Limit 1 of each item\n|clearpoke\n|poke|p1|Klefki, L50, F|\n|poke|p1|Sneasler, L50, F|\n|poke|p1|Corviknight, L50, M|\n|poke|p1|Slowbro, L50, M|\n|poke|p1|Zoroark-Hisui, L50, M|\n|poke|p1|Sinistcha, L50|\n|poke|p2|Camerupt, L50, F|\n|poke|p2|Golurk, L50|\n|poke|p2|Oranguru, L50, F|\n|poke|p2|Sinistcha, L50|\n|poke|p2|Incineroar, L50, F|\n|poke|p2|Kingambit, L50, F|\n|teampreview|4\n|inactive|Battle timer is ON: inactive players will automatically lose when time's up. (requested by hipsterbrownkid)\n|inactive|free-bean-joe has 60 seconds left.\n|\n|t:|1776094541\n|teamsize|p1|4\n|teamsize|p2|4\n|start\n|switch|p1a: Klefki|Klefki, L50, F|100/100\n|switch|p1b: Slowbro|Slowbro, L50, M|100/100\n|switch|p2a: Oranguru|Oranguru, L50, F|100/100\n|switch|p2b: Camerupt|Camerupt, L50, F|100/100\n|turn|1\n|inactive|free-bean-joe has 30 seconds left.\n|inactive|hipsterbrownkid has 30 seconds left.\n|inactive|free-bean-joe has 20 seconds left.\n|inactive|hipsterbrownkid has 20 seconds left.\n|\n|t:|1776094581\n|switch|p2a: Kingambit|Kingambit, L50, F|100/100\n|detailschange|p2b: Camerupt|Camerupt-Mega, L50, F\n|-mega|p2b: Camerupt|Camerupt|Cameruptite\n|move|p1a: Klefki|Rain Dance|p1a: Klefki\n|-weather|RainDance\n|move|p1b: Slowbro|Hyper Beam|p2b: Camerupt\n|-damage|p2b: Camerupt|28/100\n|-mustrecharge|p1b: Slowbro\n|move|p2b: Camerupt|Earth Power|p1a: Klefki\n|-supereffective|p1a: Klefki|1\n|-damage|p1a: Klefki|0 fnt\n|faint|p1a: Klefki\n|\n|-weather|RainDance|[upkeep]\n|upkeep\n|\n|t:|1776094597\n|switch|p1a: Sneasler|Sneasler, L50, F|100/100\n|turn|2\n|inactive|free-bean-joe has 30 seconds left.\n|\n|t:|1776094629\n|switch|p2a: Incineroar|Incineroar, L50, F|100/100\n|-ability|p2a: Incineroar|Intimidate|boost\n|-unboost|p1a: Sneasler|atk|1\n|-unboost|p1b: Slowbro|atk|1\n|switch|p2b: Oranguru|Oranguru, L50, F|100/100\n|move|p1a: Sneasler|Fake Out|p2a: Incineroar\n|-damage|p2a: Incineroar|94/100\n|cant|p1b: Slowbro|recharge\n|\n|-weather|RainDance|[upkeep]\n|upkeep\n|turn|3\n|inactive|free-bean-joe has 30 seconds left.\n|\n|t:|1776094656\n|move|p2a: Incineroar|Fake Out|p1b: Slowbro\n|-immune|p1b: Slowbro\n|move|p1b: Slowbro|Hyper Beam|p2b: Oranguru\n|-damage|p2b: Oranguru|43/100\n|-mustrecharge|p1b: Slowbro\n|move|p1a: Sneasler|Close Combat|p2a: Incineroar\n|-supereffective|p2a: Incineroar|1\n|-damage|p2a: Incineroar|29/100\n|-unboost|p1a: Sneasler|def|1\n|-unboost|p1a: Sneasler|spd|1\n|-enditem|p2a: Incineroar|Sitrus Berry|[eat]\n|-heal|p2a: Incineroar|53/100|[from] item: Sitrus Berry\n|move|p2b: Oranguru|Trick Room|p2b: Oranguru\n|-fieldstart|move: Trick Room|[of] p2b: Oranguru\n|\n|-weather|RainDance|[upkeep]\n|upkeep\n|turn|4\n|inactive|free-bean-joe has 30 seconds left.\n|inactive|hipsterbrownkid has 30 seconds left.\n|\n|t:|1776094682\n|switch|p1a: Slowbro|Slowbro, L50, M|100/100\n|move|p2b: Oranguru|Psychic Noise|p1a: Slowbro\n|-resisted|p1a: Slowbro|1\n|-damage|p1a: Slowbro|87/100\n|-start|p1a: Slowbro|move: Heal Block\n|move|p2a: Incineroar|Parting Shot|p1b: Slowbro\n|-unboost|p1b: Slowbro|atk|1\n|-unboost|p1b: Slowbro|spa|1\n|\n|t:|1776094693\n|switch|p2a: Kingambit|Kingambit, L50, F|100/100|[from] Parting Shot\n|cant|p1b: Slowbro|recharge\n|\n|-weather|RainDance|[upkeep]\n|upkeep\n|turn|5\n|inactive|free-bean-joe has 30 seconds left.\n|\n|t:|1776094723\n|switch|p1b: Sneasler|Sneasler, L50, F|100/100\n|detailschange|p1a: Slowbro|Slowbro-Mega, L50, M\n|-mega|p1a: Slowbro|Slowbro|Slowbronite\n|move|p1a: Slowbro|Surf|p2a: Kingambit|[spread] p1b,p2a,p2b\n|-damage|p1b: Sneasler|33/100\n|-damage|p2a: Kingambit|47/100\n|-damage|p2b: Oranguru|5/100\n|move|p2a: Kingambit|Kowtow Cleave|p1a: Slowbro\n|-supereffective|p1a: Slowbro|1\n|-damage|p1a: Slowbro|30/100\n|move|p2b: Oranguru|Instruct|p2a: Kingambit\n|-singleturn|p2a: Kingambit|move: Instruct|[of] p2b: Oranguru\n|move|p2a: Kingambit|Kowtow Cleave|p1a: Slowbro\n|-supereffective|p1a: Slowbro|1\n|-damage|p1a: Slowbro|0 fnt\n|faint|p1a: Slowbro\n|\n|-weather|none\n|upkeep\n|\n|t:|1776094743\n|switch|p1a: Sneasler|Sneasler, L50, F|100/100\n|turn|6\n|inactive|hipsterbrownkid has 30 seconds left.\n|\n|t:|1776094773\n|switch|p2a: Incineroar|Incineroar, L50, F|53/100\n|-ability|p2a: Incineroar|Intimidate|boost\n|-unboost|p1a: Sneasler|atk|1\n|-unboost|p1b: Sneasler|atk|1\n|move|p1b: Sneasler|Fake Out|p2a: Incineroar\n|-damage|p2a: Incineroar|46/100\n|move|p2b: Oranguru|Psychic Noise|p1a: Sneasler\n|-damage|p1a: Sneasler|48/100\n|-start|p1a: Sneasler|move: Heal Block\n|replace|p1a: Zoroark|Zoroark-Hisui, L50, M\n|-end|p1a: Zoroark|Illusion\n|move|p1a: Zoroark|Bitter Malice|p2a: Incineroar\n|-resisted|p2a: Incineroar|1\n|-damage|p2a: Incineroar|27/100\n|-unboost|p2a: Incineroar|atk|1\n|\n|upkeep\n|turn|7\n|-message|free-bean-joe forfeited.\n|\n|win|hipsterbrownkid\n|raw|free-bean-joe's rating: 1100 &rarr; <strong>1076</strong><br />(-24 for losing)\n|raw|hipsterbrownkid's rating: 1116 &rarr; <strong>1140</strong><br />(+24 for winning)\n|l|\u2606free-bean-joe\n|player|p1|\n",
  "uploadtime": 1776094795,
  "views": 27,
  "formatid": "gen9championsvgc2026regma",
  "rating": 1076,
  "private": 0,
  "password": null
}