{
  "id": "gen9championsvgc2026regma-2586857500",
  "format": "[Gen 9 Champions] VGC 2026 Reg M-A",
  "players": [
    "migovgc",
    "EDJPP"
  ],
  "log": "|j|\u2606migovgc\n|j|\u2606EDJPP\n|t:|1776465867\n|gametype|doubles\n|player|p1|migovgc|cheryl|\n|player|p2|EDJPP|volkner|\n|gen|9\n|tier|[Gen 9 Champions] VGC 2026 Reg M-A\n|rated|Tournament battle\n|rule|Species Clause: Limit one of each Pok\u00e9mon\n|rule|Item Clause: Limit 1 of each item\n|raw|<div class=\"infobox\"><details class=\"readmore\" open><summary><strong>1 custom rule:</strong></summary> Force Open Team Sheets</details></div>\n|clearpoke\n|poke|p1|Charizard, L50, M|\n|poke|p1|Tyranitar, L50, M|\n|poke|p1|Garchomp, L50, F|\n|poke|p1|Venusaur, L50, M|\n|poke|p1|Aerodactyl, L50, M|\n|poke|p1|Rotom-Wash, L50|\n|poke|p2|Froslass, L50, F|\n|poke|p2|Ninetales-Alola, L50, F|\n|poke|p2|Incineroar, L50, M|\n|poke|p2|Tauros-Paldea-Aqua, L50, M|\n|poke|p2|Gengar, L50, M|\n|poke|p2|Sinistcha, L50|\n|teampreview|4\n|showteam|p1|Charizard||CharizarditeY|Blaze|HeatWave,Overheat,Protect,ScorchingSands|||M|||50|]Tyranitar||Tyranitarite|SandStream|RockSlide,KnockOff,DragonDance,Protect|||M|||50|]Garchomp||WhiteHerb|RoughSkin|Earthquake,Protect,RockSlide,DragonClaw|||F|||50|]Venusaur||FocusSash|Chlorophyll|SleepPowder,SludgeBomb,Protect,GigaDrain|||M|||50|]Aerodactyl||ChoiceScarf|Pressure|RockSlide,Tailwind,DualWingbeat,PsychicFangs|||M|||50|]Rotom-Wash||Leftovers|Levitate|VoltSwitch,HydroPump,Protect,WillOWisp||||||50|\n|showteam|p2|Froslass||Froslassite|SnowCloak|Protect,Blizzard,ShadowBall,NastyPlot|||F|||50|]Ninetales-Alola||FocusSash|SnowWarning|AuroraVeil,Blizzard,IcyWind,Moonblast|||F|||50|]Incineroar||Leftovers|Intimidate|FakeOut,FlareBlitz,PartingShot,DarkestLariat|||M|||50|]Tauros-Paldea-Aqua||MysticWater|Intimidate|AquaJet,CloseCombat,WaveCrash,Protect|||M|||50|]Gengar||Gengarite|CursedBody|Protect,ShadowBall,SludgeBomb,NastyPlot|||M|||50|]Sinistcha||SitrusBerry|Hospitality|LifeDew,MatchaGotcha,Scald,RagePowder||||||50|\n|inactive|Battle timer is ON: inactive players will automatically lose when time's up. (requested by EDJPP)\n|inactive|migovgc also wants the timer to be on.\n|inactive|migovgc has 60 seconds left.\n|inactive|EDJPP has 60 seconds left.\n|inactive|migovgc has 30 seconds left.\n|inactive|EDJPP has 30 seconds left.\n|\n|t:|1776465933\n|teamsize|p1|4\n|teamsize|p2|4\n|start\n|switch|p1a: Aerodactyl|Aerodactyl, L50, M, shiny|100/100\n|switch|p1b: Charizard|Charizard, L50, M, shiny|100/100\n|switch|p2a: Matcha|Sinistcha, L50|100/100\n|switch|p2b: Incineroar|Incineroar, L50, M|100/100\n|-ability|p1a: Aerodactyl|Pressure\n|-ability|p2b: Incineroar|Intimidate|boost\n|-unboost|p1a: Aerodactyl|atk|1\n|-unboost|p1b: Charizard|atk|1\n|turn|1\n|\n|t:|1776465951\n|move|p2b: Incineroar|Fake Out|p1b: Charizard\n|-damage|p1b: Charizard|85/100\n|move|p1a: Aerodactyl|Rock Slide|p2b: Incineroar|[spread] p2a,p2b\n|-supereffective|p2b: Incineroar|1\n|-damage|p2a: Matcha|85/100\n|-damage|p2b: Incineroar|69/100\n|cant|p1b: Charizard|flinch\n|move|p2a: Matcha|Matcha Gotcha|p1a: Aerodactyl|[spread] p1a,p1b\n|-resisted|p1b: Charizard|2\n|-damage|p1a: Aerodactyl|65/100\n|-heal|p2a: Matcha|100/100|[from] drain|[of] p1a: Aerodactyl\n|-damage|p1b: Charizard|77/100\n|-status|p1a: Aerodactyl|brn\n|\n|-heal|p2b: Incineroar|75/100|[from] item: Leftovers\n|-damage|p1a: Aerodactyl|59/100 brn|[from] brn\n|upkeep\n|turn|2\n|inactive|EDJPP has 30 seconds left.\n|\n|t:|1776465980\n|move|p1a: Aerodactyl|Rock Slide|p2a: Matcha|[spread] p2a,p2b\n|-supereffective|p2b: Incineroar|1\n|-damage|p2a: Matcha|94/100\n|-damage|p2b: Incineroar|59/100\n|move|p1b: Charizard|Overheat|p2a: Matcha\n|-supereffective|p2a: Matcha|1\n|-damage|p2a: Matcha|0 fnt\n|-unboost|p1b: Charizard|spa|2\n|faint|p2a: Matcha\n|cant|p2b: Incineroar|flinch\n|\n|-heal|p2b: Incineroar|66/100|[from] item: Leftovers\n|-damage|p1a: Aerodactyl|53/100 brn|[from] brn\n|upkeep\n|\n|t:|1776465992\n|switch|p2a: Ninetales|Ninetales-Alola, L50, F|100/100\n|-weather|Snowscape|[from] ability: Snow Warning|[of] p2a: Ninetales\n|turn|3\n|\n|t:|1776466012\n|switch|p1b: Tyranitar|Tyranitar, L50, M, shiny|100/100\n|-weather|Sandstorm|[from] ability: Sand Stream|[of] p1b: Tyranitar\n|move|p1a: Aerodactyl|Rock Slide|p2b: Incineroar|[spread] p2a,p2b\n|-supereffective|p2a: Ninetales|1\n|-supereffective|p2b: Incineroar|1\n|-damage|p2a: Ninetales|72/100\n|-damage|p2b: Incineroar|49/100\n|cant|p2a: Ninetales|flinch\n|move|p2b: Incineroar|Parting Shot|p1b: Tyranitar\n|-unboost|p1b: Tyranitar|atk|1\n|-unboost|p1b: Tyranitar|spa|1\n|\n|t:|1776466022\n|switch|p2b: Froslass|Froslass, L50, F|100/100|[from] Parting Shot\n|\n|-weather|Sandstorm|[upkeep]\n|-damage|p2b: Froslass|94/100|[from] Sandstorm\n|-damage|p2a: Ninetales|66/100|[from] Sandstorm\n|-damage|p1a: Aerodactyl|48/100 brn|[from] brn\n|upkeep\n|turn|4\n|\n|t:|1776466040\n|switch|p2a: Incineroar|Incineroar, L50, M|49/100\n|-ability|p2a: Incineroar|Intimidate|boost\n|-unboost|p1a: Aerodactyl|atk|1\n|-unboost|p1b: Tyranitar|atk|1\n|move|p2b: Froslass|Protect|p2b: Froslass\n|-singleturn|p2b: Froslass|Protect\n|move|p1a: Aerodactyl|Rock Slide|p2a: Incineroar|[spread] p2a\n|-activate|p2b: Froslass|move: Protect\n|-supereffective|p2a: Incineroar|1\n|-damage|p2a: Incineroar|37/100\n|move|p1b: Tyranitar|Rock Slide|p2a: Incineroar|[spread] p2a\n|-activate|p2b: Froslass|move: Protect\n|-supereffective|p2a: Incineroar|1\n|-damage|p2a: Incineroar|8/100\n|\n|-weather|Sandstorm|[upkeep]\n|-damage|p2b: Froslass|88/100|[from] Sandstorm\n|-damage|p2a: Incineroar|2/100|[from] Sandstorm\n|-heal|p2a: Incineroar|8/100|[from] item: Leftovers\n|-damage|p1a: Aerodactyl|42/100 brn|[from] brn\n|upkeep\n|turn|5\n|inactive|migovgc has 30 seconds left.\n|inactive|EDJPP has 30 seconds left.\n|inactive|EDJPP has 20 seconds left.\n|inactive|EDJPP has 15 seconds left.\n|inactive|EDJPP has 10 seconds left.\n|inactive|EDJPP has 5 seconds left.\n|\n|t:|1776466095\n|detailschange|p1b: Tyranitar|Tyranitar-Mega, L50, M, shiny\n|-mega|p1b: Tyranitar|Tyranitar|Tyranitarite\n|move|p2b: Froslass|Protect||[still]\n|-fail|p2b: Froslass\n|move|p2a: Incineroar|Fake Out|p1b: Tyranitar\n|-resisted|p1b: Tyranitar|1\n|-damage|p1b: Tyranitar|96/100\n|move|p1a: Aerodactyl|Rock Slide|p2a: Incineroar|[spread] p2a,p2b\n|-supereffective|p2a: Incineroar|1\n|-supereffective|p2b: Froslass|1\n|-damage|p2a: Incineroar|0 fnt\n|-damage|p2b: Froslass|66/100\n|faint|p2a: Incineroar\n|cant|p1b: Tyranitar|flinch\n|\n|-weather|Sandstorm|[upkeep]\n|-damage|p2b: Froslass|60/100|[from] Sandstorm\n|-damage|p1a: Aerodactyl|36/100 brn|[from] brn\n|upkeep\n|\n|t:|1776466110\n|switch|p2a: Ninetales|Ninetales-Alola, L50, F|66/100\n|-weather|Snowscape|[from] ability: Snow Warning|[of] p2a: Ninetales\n|turn|6\n|inactive|migovgc has 30 seconds left.\n|inactive|EDJPP has 30 seconds left.\n|inactive|migovgc has 20 seconds left.\n|inactive|EDJPP has 20 seconds left.\n|inactive|EDJPP has 15 seconds left.\n|inactive|EDJPP has 10 seconds left.\n|\n|t:|1776466155\n|switch|p1b: Charizard|Charizard, L50, M, shiny|77/100\n|move|p2b: Froslass|Protect|p2b: Froslass\n|-singleturn|p2b: Froslass|Protect\n|move|p1a: Aerodactyl|Rock Slide|p2a: Ninetales|[spread] p2a\n|-activate|p2b: Froslass|move: Protect\n|-supereffective|p2a: Ninetales|1\n|-damage|p2a: Ninetales|52/100\n|move|p2a: Ninetales|Moonblast|p1b: Charizard\n|-resisted|p1b: Charizard|1\n|-damage|p1b: Charizard|55/100\n|\n|-weather|Snowscape|[upkeep]\n|-damage|p1a: Aerodactyl|30/100 brn|[from] brn\n|upkeep\n|turn|7\n|\n|t:|1776466172\n|detailschange|p2b: Froslass|Froslass-Mega, L50, F\n|-mega|p2b: Froslass|Froslass|Froslassite\n|move|p1a: Aerodactyl|Rock Slide|p2b: Froslass|[spread] p2a,p2b\n|-supereffective|p2a: Ninetales|1\n|-supereffective|p2b: Froslass|1\n|-crit|p2b: Froslass\n|-damage|p2a: Ninetales|40/100\n|-damage|p2b: Froslass|20/100\n|move|p2b: Froslass|Blizzard|p1a: Aerodactyl|[spread] p1a,p1b\n|-supereffective|p1a: Aerodactyl|1\n|-damage|p1a: Aerodactyl|0 fnt\n|-damage|p1b: Charizard|0 fnt\n|faint|p1a: Aerodactyl\n|faint|p1b: Charizard\n|move|p2a: Ninetales|Blizzard|p1: Aerodactyl|[notarget]\n|-fail|p2a: Ninetales\n|\n|-weather|Snowscape|[upkeep]\n|upkeep\n|\n|t:|1776466183\n|switch|p1a: Rotom|Rotom-Wash, L50, shiny|100/100\n|switch|p1b: Tyranitar|Tyranitar-Mega, L50, M, shiny|96/100\n|-weather|Sandstorm|[from] ability: Sand Stream|[of] p1b: Tyranitar\n|turn|8\n|inactive|migovgc has 30 seconds left.\n|inactive|migovgc has 20 seconds left.\n|inactive|migovgc has 15 seconds left.\n|inactive|migovgc has 10 seconds left.\n|\n|t:|1776466230\n|move|p2b: Froslass|Blizzard|p1a: Rotom|[spread] p1a,p1b\n|-resisted|p1a: Rotom|1\n|-damage|p1a: Rotom|77/100\n|-damage|p1b: Tyranitar|72/100\n|move|p2a: Ninetales|Moonblast|p1b: Tyranitar\n|-supereffective|p1b: Tyranitar|1\n|-damage|p1b: Tyranitar|27/100\n|move|p1b: Tyranitar|Rock Slide|p2b: Froslass|[spread] p2a,p2b\n|-supereffective|p2a: Ninetales|1\n|-supereffective|p2b: Froslass|1\n|-damage|p2a: Ninetales|0 fnt\n|-damage|p2b: Froslass|0 fnt\n|faint|p2a: Ninetales\n|faint|p2b: Froslass\n|\n|win|migovgc\n|n|\u2606migovgc|migovgc\n|n|\u2606EDJPP|edjpp\n",
  "uploadtime": 1776466241,
  "views": 14,
  "formatid": "gen9championsvgc2026regma",
  "rating": null,
  "private": 0,
  "password": null
}