{
  "id": "gen9championsvgc2026regma-2583385767",
  "format": "[Gen 9 Champions] VGC 2026 Reg M-A",
  "players": [
    "dondonso",
    "coummmfpk"
  ],
  "log": "|j|\u2606dondonso\n|j|\u2606coummmfpk\n|t:|1776172023\n|gametype|doubles\n|player|p1|dondonso|265|1178\n|player|p2|coummmfpk|flannery|1227\n|gen|9\n|tier|[Gen 9 Champions] VGC 2026 Reg M-A\n|rated|\n|rule|Species Clause: Limit one of each Pok\u00e9mon\n|rule|Item Clause: Limit 1 of each item\n|clearpoke\n|poke|p1|Gengar, L50, M|\n|poke|p1|Politoed, L50, M|\n|poke|p1|Incineroar, L50, M|\n|poke|p1|Basculegion, L50, M|\n|poke|p1|Archaludon, L50, M|\n|poke|p1|Whimsicott, L50, F|\n|poke|p2|Volcarona, L50, F|\n|poke|p2|Tyranitar, L50, F|\n|poke|p2|Garchomp, L50, M|\n|poke|p2|Gengar, L50, M|\n|poke|p2|Meowscarada, L50, F|\n|poke|p2|Sableye, L50, M|\n|teampreview|4\n|inactive|Battle timer is ON: inactive players will automatically lose when time's up. (requested by dondonso)\n|inactive|coummmfpk has 60 seconds left.\n|\n|t:|1776172063\n|teamsize|p1|4\n|teamsize|p2|4\n|start\n|switch|p1a: Archaludon|Archaludon, L50, M|100/100\n|switch|p1b: Whimsicott|Whimsicott, L50, F|100/100\n|switch|p2a: Sableye|Sableye, L50, M|100/100\n|switch|p2b: Gengar|Gengar, L50, M|100/100\n|turn|1\n|inactive|dondonso has 30 seconds left.\n|\n|t:|1776172098\n|switch|p1b: Basculegion|Basculegion, L50, M|100/100\n|detailschange|p2b: Gengar|Gengar-Mega, L50, M\n|-mega|p2b: Gengar|Gengar|Gengarite\n|move|p2a: Sableye|Reflect|p2a: Sableye\n|-sidestart|p2: coummmfpk|Reflect\n|move|p2b: Gengar|Sludge Bomb|p1b: Basculegion\n|-resisted|p1b: Basculegion|1\n|-damage|p1b: Basculegion|70/100\n|-status|p1b: Basculegion|psn\n|move|p1a: Archaludon|Draco Meteor|p2b: Gengar\n|-damage|p2b: Gengar|26/100\n|-unboost|p1a: Archaludon|spa|2\n|\n|-damage|p1b: Basculegion|57/100 psn|[from] psn\n|upkeep\n|turn|2\n|\n|t:|1776172119\n|move|p2b: Gengar|Protect|p2b: Gengar\n|-singleturn|p2b: Gengar|Protect\n|move|p1b: Basculegion|Flip Turn|p2a: Sableye\n|-damage|p2a: Sableye|65/100\n|\n|t:|1776172130\n|switch|p1b: Whimsicott|Whimsicott, L50, F|100/100|[from] Flip Turn\n|move|p1a: Archaludon|Draco Meteor|p2b: Gengar\n|-activate|p2b: Gengar|move: Protect\n|move|p2a: Sableye|Foul Play|p1b: Whimsicott\n|-resisted|p1b: Whimsicott|1\n|-damage|p1b: Whimsicott|88/100\n|\n|upkeep\n|turn|3\n|\n|t:|1776172151\n|switch|p2a: Meowscarada|Meowscarada, L50, F|100/100\n|move|p1b: Whimsicott|Encore|p2b: Gengar\n|-start|p2b: Gengar|Encore\n|move|p2b: Gengar|Protect||[still]\n|-fail|p2b: Gengar\n|move|p1a: Archaludon|Draco Meteor|p2a: Meowscarada\n|-damage|p2a: Meowscarada|52/100\n|-unboost|p1a: Archaludon|spa|2\n|\n|upkeep\n|turn|4\n|\n|t:|1776172173\n|switch|p2b: Tyranitar|Tyranitar, L50, F|100/100\n|-weather|Sandstorm|[from] ability: Sand Stream|[of] p2b: Tyranitar\n|move|p2a: Meowscarada|Protect|p2a: Meowscarada\n|-singleturn|p2a: Meowscarada|Protect\n|move|p1b: Whimsicott|Beat Up|p1a: Archaludon\n|-damage|p1a: Archaludon|98/100\n|-ability|p1a: Archaludon|Stamina|boost\n|-boost|p1a: Archaludon|def|1\n|-damage|p1a: Archaludon|97/100\n|-ability|p1a: Archaludon|Stamina|boost\n|-boost|p1a: Archaludon|def|1\n|-damage|p1a: Archaludon|96/100\n|-ability|p1a: Archaludon|Stamina|boost\n|-boost|p1a: Archaludon|def|1\n|-hitcount|p1a: Archaludon|3\n|move|p1a: Archaludon|Draco Meteor|p2a: Meowscarada\n|-activate|p2a: Meowscarada|move: Protect\n|\n|-weather|Sandstorm|[upkeep]\n|-damage|p2a: Meowscarada|47/100|[from] Sandstorm\n|-damage|p1b: Whimsicott|82/100|[from] Sandstorm\n|-heal|p1a: Archaludon|100/100|[from] item: Leftovers\n|upkeep\n|turn|5\n|-message|coummmfpk forfeited.\n|\n|win|dondonso\n|raw|dondonso's rating: 1178 &rarr; <strong>1207</strong><br />(+29 for winning)\n|raw|coummmfpk's rating: 1227 &rarr; <strong>1198</strong><br />(-29 for losing)\n|l|\u2606coummmfpk\n|player|p2|\n",
  "uploadtime": 1776172194,
  "views": 14,
  "formatid": "gen9championsvgc2026regma",
  "rating": 1198,
  "private": 0,
  "password": null
}