{
  "id": "gen9championsvgc2026regma-2584771946",
  "format": "[Gen 9 Champions] VGC 2026 Reg M-A",
  "players": [
    "kofdjgjerognre",
    "Ramiel1776"
  ],
  "log": "|j|\u2606kofdjgjerognre\n|j|\u2606Ramiel1776\n|t:|1776282556\n|gametype|doubles\n|player|p1|kofdjgjerognre|169|1000\n|player|p2|Ramiel1776|101|1047\n|gen|9\n|tier|[Gen 9 Champions] VGC 2026 Reg M-A\n|rated|\n|rule|Species Clause: Limit one of each Pok\u00e9mon\n|rule|Item Clause: Limit 1 of each item\n|clearpoke\n|poke|p1|Blastoise, L50, F|\n|poke|p1|Pelipper, L50, F|\n|poke|p1|Sinistcha, L50|\n|poke|p1|Sneasler, L50, M|\n|poke|p1|Garchomp, L50, M|\n|poke|p1|Kingambit, L50, F|\n|poke|p2|Garchomp, L50, F|\n|poke|p2|Pelipper, L50, M|\n|poke|p2|Weavile, L50, M|\n|poke|p2|Scizor, L50, F|\n|poke|p2|Gallade, L50, M|\n|poke|p2|Archaludon, L50, M|\n|teampreview|4\n|inactive|Battle timer is ON: inactive players will automatically lose when time's up. (requested by kofdjgjerognre)\n|inactive|Ramiel1776 has 60 seconds left.\n|inactive|Ramiel1776 has 30 seconds left.\n|inactive|Ramiel1776 has 20 seconds left.\n|inactive|Ramiel1776 has 15 seconds left.\n|\n|t:|1776282633\n|teamsize|p1|4\n|teamsize|p2|4\n|start\n|switch|p1a: Pelipper|Pelipper, L50, F|100/100\n|switch|p1b: Sneasler|Sneasler, L50, M|100/100\n|switch|p2a: Weavile|Weavile, L50, M|100/100\n|switch|p2b: Gallade|Gallade, L50, M|100/100\n|-ability|p2a: Weavile|Pressure\n|-weather|RainDance|[from] ability: Drizzle|[of] p1a: Pelipper\n|turn|1\n|inactive|kofdjgjerognre has 30 seconds left.\n|inactive|Ramiel1776 has 30 seconds left.\n|inactive|Ramiel1776 has 20 seconds left.\n|inactive|Ramiel1776 has 15 seconds left.\n|inactive|Ramiel1776 has 10 seconds left.\n|\n|t:|1776282688\n|move|p2a: Weavile|Fake Out|p1b: Sneasler\n|-damage|p1b: Sneasler|77/100\n|move|p1a: Pelipper|Tailwind|p1a: Pelipper\n|-sidestart|p1: kofdjgjerognre|move: Tailwind\n|cant|p1b: Sneasler|flinch\n|move|p2b: Gallade|Psycho Cut|p1b: Sneasler\n|-supereffective|p1b: Sneasler|2\n|-damage|p1b: Sneasler|0 fnt\n|faint|p1b: Sneasler\n|\n|-weather|RainDance|[upkeep]\n|upkeep\n|\n|t:|1776282696\n|switch|p1b: Blastoise|Blastoise, L50, F|100/100\n|turn|2\n|\n|t:|1776282705\n|switch|p1a: Garchomp|Garchomp, L50, M|100/100\n|switch|p2a: Archaludon|Archaludon, L50, M|100/100\n|detailschange|p1b: Blastoise|Blastoise-Mega, L50, F\n|-mega|p1b: Blastoise|Blastoise|Blastoisinite\n|move|p2b: Gallade|Protect|p2b: Gallade\n|-singleturn|p2b: Gallade|Protect\n|move|p1b: Blastoise|Water Spout|p2a: Archaludon|[spread] p2a\n|-activate|p2b: Gallade|move: Protect\n|-resisted|p2a: Archaludon|1\n|-damage|p2a: Archaludon|46/100\n|-ability|p2a: Archaludon|Stamina|boost\n|-boost|p2a: Archaludon|def|1\n|\n|-weather|RainDance|[upkeep]\n|-heal|p2a: Archaludon|52/100|[from] item: Leftovers\n|upkeep\n|turn|3\n|\n|t:|1776282724\n|switch|p2b: Weavile|Weavile, L50, M|100/100\n|-ability|p2b: Weavile|Pressure\n|move|p2a: Archaludon|Protect|p2a: Archaludon\n|-singleturn|p2a: Archaludon|Protect\n|move|p1a: Garchomp|Dragon Claw|p2b: Weavile\n|-damage|p2b: Weavile|26/100\n|move|p1b: Blastoise|Water Spout|p2b: Weavile|[spread] p2b\n|-activate|p2a: Archaludon|move: Protect\n|-damage|p2b: Weavile|0 fnt\n|faint|p2b: Weavile\n|\n|-weather|RainDance|[upkeep]\n|-heal|p2a: Archaludon|58/100|[from] item: Leftovers\n|upkeep\n|\n|t:|1776282741\n|switch|p2b: Gallade|Gallade, L50, M|100/100\n|turn|4\n|\n|t:|1776282753\n|move|p2b: Gallade|Protect|p2b: Gallade\n|-singleturn|p2b: Gallade|Protect\n|move|p1a: Garchomp|Dragon Claw|p2a: Archaludon\n|-damage|p2a: Archaludon|37/100\n|-ability|p2a: Archaludon|Stamina|boost\n|-boost|p2a: Archaludon|def|1\n|move|p1b: Blastoise|Water Spout|p2b: Gallade|[spread] p2a\n|-activate|p2b: Gallade|move: Protect\n|-resisted|p2a: Archaludon|1\n|-damage|p2a: Archaludon|0 fnt\n|faint|p2a: Archaludon\n|\n|-weather|RainDance|[upkeep]\n|-sideend|p1: kofdjgjerognre|move: Tailwind\n|upkeep\n|\n|t:|1776282763\n|switch|p2a: Scizor|Scizor, L50, F|100/100\n|turn|5\n|c|\u2606Ramiel1776|no logic\n|-message|Ramiel1776 forfeited.\n|\n|win|kofdjgjerognre\n|raw|kofdjgjerognre's rating: 1000 &rarr; <strong>1045</strong><br />(+45 for winning)\n|raw|Ramiel1776's rating: 1047 &rarr; <strong>1028</strong><br />(-19 for losing)\n|l|\u2606Ramiel1776\n|player|p2|\n",
  "uploadtime": 1776282775,
  "views": 17,
  "formatid": "gen9championsvgc2026regma",
  "rating": 1028,
  "private": 0,
  "password": null
}