{
  "id": "gen9championsvgc2026regma-2580323936",
  "format": "[Gen 9 Champions] VGC 2026 Reg M-A",
  "players": [
    "mortal polarity",
    "eevee1ynn"
  ],
  "log": "|j|\u203dmortal polarity\n|j|\u2606eevee1ynn\n|t:|1775880492\n|gametype|doubles\n|player|p1|mortal polarity|waiter-gen4dp|1033\n|player|p2|eevee1ynn|lass-gen8|1107\n|gen|9\n|tier|[Gen 9 Champions] VGC 2026 Reg M-A\n|rated|\n|rule|Species Clause: Limit one of each Pok\u00e9mon\n|rule|Item Clause: Limit 1 of each item\n|clearpoke\n|poke|p1|Torkoal, L50, M|\n|poke|p1|Farigiraf, L50, F|\n|poke|p1|Venusaur, L50, F|\n|poke|p1|Hawlucha, L50, F|\n|poke|p1|Golurk, L50|\n|poke|p1|Incineroar, L50, F|\n|poke|p2|Samurott-Hisui, L50, M|\n|poke|p2|Arcanine-Hisui, L50, F|\n|poke|p2|Ninetales-Alola, L50, M|\n|poke|p2|Sneasler, L50, M|\n|poke|p2|Gengar, L50, M|\n|poke|p2|Clefable, L50, F|\n|teampreview|4\n|inactive|Battle timer is ON: inactive players will automatically lose when time's up. (requested by mortal polarity)\nmortal polarity has agreed to open team sheets.\n|\n|t:|1775880539\n|teamsize|p1|4\n|teamsize|p2|4\n|start\n|switch|p1a: Farigiraf|Farigiraf, L50, F|100/100\n|switch|p1b: Incineroar|Incineroar, L50, F|100/100\n|switch|p2a: Sneasler|Sneasler, L50, M|100/100\n|switch|p2b: Ninetales|Ninetales-Alola, L50, M|100/100\n|-weather|Snowscape|[from] ability: Snow Warning|[of] p2b: Ninetales\n|-ability|p1b: Incineroar|Intimidate|boost\n|-unboost|p2a: Sneasler|atk|1\n|-unboost|p2b: Ninetales|atk|1\n|-enditem|p2a: Sneasler|White Herb\n|-clearnegativeboost|p2a: Sneasler|[silent]\n|turn|1\n|\n|t:|1775880560\n|move|p1b: Incineroar|Fake Out|p2b: Ninetales\n|-damage|p2b: Ninetales|92/100\n|move|p2a: Sneasler|Close Combat|p1b: Incineroar\n|-supereffective|p1b: Incineroar|1\n|-enditem|p1b: Incineroar|Chople Berry|[eat]\n|-enditem|p1b: Incineroar|Chople Berry|[weaken]\n|-damage|p1b: Incineroar|54/100\n|-unboost|p2a: Sneasler|def|1\n|-unboost|p2a: Sneasler|spd|1\n|cant|p2b: Ninetales|flinch\n|move|p1a: Farigiraf|Trick Room|p1a: Farigiraf\n|-fieldstart|move: Trick Room|[of] p1a: Farigiraf\n|\n|-weather|Snowscape|[upkeep]\n|upkeep\n|turn|2\n|inactive|mortal polarity has 30 seconds left.\n|\n|t:|1775880587\n|switch|p2b: Arcanine|Arcanine-Hisui, L50, F|100/100\n|-ability|p2b: Arcanine|Intimidate|boost\n|-unboost|p1a: Farigiraf|atk|1\n|-unboost|p1b: Incineroar|atk|1\n|switch|p2a: Samurott|Samurott-Hisui, L50, M|100/100\n|move|p1a: Farigiraf|Reflect|p1a: Farigiraf\n|-sidestart|p1: mortal polarity|Reflect\n|move|p1b: Incineroar|Parting Shot|p2a: Samurott\n|-unboost|p2a: Samurott|atk|1\n|-unboost|p2a: Samurott|spa|1\n|\n|t:|1775880596\n|switch|p1b: Torkoal|Torkoal, L50, M|100/100|[from] Parting Shot\n|\n|-weather|Snowscape|[upkeep]\n|upkeep\n|turn|3\n|inactive|mortal polarity has 30 seconds left.\n|\n|t:|1775880629\n|switch|p1a: Hawlucha|Hawlucha, L50, F|100/100\n|move|p1b: Torkoal|Will-O-Wisp|p2a: Samurott|[miss]\n|-miss|p1b: Torkoal|p2a: Samurott\n|move|p2a: Samurott|Ceaseless Edge|p1a: Hawlucha\n|-resisted|p1a: Hawlucha|1\n|-damage|p1a: Hawlucha|85/100\n|-sidestart|p1: mortal polarity|Spikes\n|move|p2b: Arcanine|Rock Slide|p1b: Torkoal|[spread] p1a\n|-miss|p2b: Arcanine|p1b: Torkoal\n|-crit|p1a: Hawlucha\n|-damage|p1a: Hawlucha|25/100\n|\n|-weather|Snowscape|[upkeep]\n|upkeep\n|turn|4\n|inactive|eevee1ynn has 30 seconds left.\n|inactive|mortal polarity has 30 seconds left.\n|\n|t:|1775880662\n|switch|p2a: Ninetales|Ninetales-Alola, L50, M|92/100\n|detailschange|p1a: Hawlucha|Hawlucha-Mega, L50, F\n|-mega|p1a: Hawlucha|Hawlucha|Hawluchanite\n|move|p1b: Torkoal|Eruption|p2b: Arcanine|[spread] p2a,p2b\n|-supereffective|p2a: Ninetales|1\n|-resisted|p2b: Arcanine|2\n|-damage|p2a: Ninetales|16/100\n|-damage|p2b: Arcanine|90/100\n|move|p2b: Arcanine|Rock Slide|p1a: Hawlucha|[spread] p1a,p1b\n|-supereffective|p1b: Torkoal|1\n|-damage|p1a: Hawlucha|2/100\n|-damage|p1b: Torkoal|73/100\n|move|p1a: Hawlucha|Entrainment|p1b: Torkoal\n|-ability|p1b: Torkoal|No Guard|White Smoke|[from] move: Entrainment|[of] p1a: Hawlucha\n|\n|-weather|Snowscape|[upkeep]\n|-heal|p1b: Torkoal|79/100|[from] item: Leftovers\n|upkeep\n|turn|5\n|\n|t:|1775880683\n|switch|p2a: Samurott|Samurott-Hisui, L50, M|100/100\n|move|p2b: Arcanine|Extreme Speed|p1a: Hawlucha\n|-damage|p1a: Hawlucha|0 fnt\n|faint|p1a: Hawlucha\n|move|p1b: Torkoal|Fissure|p2b: Arcanine\n|-damage|p2b: Arcanine|0 fnt\n|faint|p2b: Arcanine\n|-ohko\n|\n|-weather|none\n|-heal|p1b: Torkoal|85/100|[from] item: Leftovers\n|-fieldend|move: Trick Room\n|upkeep\n|\n|t:|1775880696\n|switch|p1a: Incineroar|Incineroar, L50, F|54/100\n|switch|p2b: Sneasler|Sneasler, L50, M|100/100\n|-damage|p1a: Incineroar|42/100|[from] Spikes\n|-ability|p1a: Incineroar|Intimidate|boost\n|-unboost|p2a: Samurott|atk|1\n|-unboost|p2b: Sneasler|atk|1\n|turn|6\n|\n|t:|1775880703\n|move|p1a: Incineroar|Fake Out|p2a: Samurott\n|-damage|p2a: Samurott|88/100\n|move|p2b: Sneasler|Dire Claw|p1b: Torkoal\n|-damage|p1b: Torkoal|69/100\n|-status|p1b: Torkoal|psn\n|cant|p2a: Samurott|flinch\n|move|p1b: Torkoal|Fissure|p2a: Samurott\n|-damage|p2a: Samurott|0 fnt\n|faint|p2a: Samurott\n|-ohko\n|\n|-heal|p1b: Torkoal|75/100 psn|[from] item: Leftovers\n|-damage|p1b: Torkoal|63/100 psn|[from] psn\n|-sideend|p1: mortal polarity|Reflect\n|upkeep\n|\n|t:|1775880706\n|switch|p2a: Ninetales|Ninetales-Alola, L50, M|16/100\n|-weather|Snowscape|[from] ability: Snow Warning|[of] p2a: Ninetales\n|turn|7\n|\n|t:|1775880720\n|move|p2a: Ninetales|Blizzard|p1b: Torkoal|[spread] p1a,p1b\n|-resisted|p1a: Incineroar|1\n|-resisted|p1b: Torkoal|1\n|-damage|p1a: Incineroar|28/100\n|-damage|p1b: Torkoal|44/100 psn\n|move|p2b: Sneasler|Close Combat|p1b: Torkoal\n|-damage|p1b: Torkoal|7/100 psn\n|-unboost|p2b: Sneasler|def|1\n|-unboost|p2b: Sneasler|spd|1\n|move|p1a: Incineroar|Parting Shot|p2b: Sneasler\n|-unboost|p2b: Sneasler|atk|1\n|-unboost|p2b: Sneasler|spa|1\n|\n|t:|1775880731\n|switch|p1a: Farigiraf|Farigiraf, L50, F|100/100|[from] Parting Shot\n|-damage|p1a: Farigiraf|88/100|[from] Spikes\n|move|p1b: Torkoal|Fissure|p2b: Sneasler\n|-damage|p2b: Sneasler|0 fnt\n|faint|p2b: Sneasler\n|-ohko\n|\n|-weather|Snowscape|[upkeep]\n|-heal|p1b: Torkoal|13/100 psn|[from] item: Leftovers\n|-damage|p1b: Torkoal|0 fnt|[from] psn\n|faint|p1b: Torkoal\n|upkeep\n|\n|t:|1775880733\n|switch|p1b: Incineroar|Incineroar, L50, F|28/100\n|-damage|p1b: Incineroar|16/100|[from] Spikes\n|-ability|p1b: Incineroar|Intimidate|boost\n|-unboost|p2a: Ninetales|atk|1\n|turn|8\n|-message|eevee1ynn forfeited.\n|\n|win|mortal polarity\n|raw|mortal polarity's rating: 1033 &rarr; <strong>1075</strong><br />(+42 for winning)\n|raw|eevee1ynn's rating: 1107 &rarr; <strong>1077</strong><br />(-30 for losing)\n",
  "uploadtime": 1775880736,
  "views": 12,
  "formatid": "gen9championsvgc2026regma",
  "rating": 1075,
  "private": 0,
  "password": null
}