{
  "id": "gen9championsvgc2026regma-2585783873",
  "format": "[Gen 9 Champions] VGC 2026 Reg M-A",
  "players": [
    "reisquaza1",
    "nano jump"
  ],
  "log": "|j|\u2606reisquaza1\n|j|\u2606nano jump\n|t:|1776370366\n|gametype|doubles\n|player|p1|reisquaza1|flannery|1361\n|player|p2|nano jump|steven-masters|1419\n|gen|9\n|tier|[Gen 9 Champions] VGC 2026 Reg M-A\n|rated|\n|rule|Species Clause: Limit one of each Pok\u00e9mon\n|rule|Item Clause: Limit 1 of each item\n|clearpoke\n|poke|p1|Delphox, L50, F|\n|poke|p1|Garchomp, L50, M|\n|poke|p1|Kingambit, L50, F|\n|poke|p1|Sneasler, L50, M|\n|poke|p1|Basculegion, L50, M|\n|poke|p1|Floette-Eternal, L50, F|\n|poke|p2|Talonflame, L50, M|\n|poke|p2|Blastoise, L50, M|\n|poke|p2|Sinistcha, L50|\n|poke|p2|Kingambit, L50, M|\n|poke|p2|Farigiraf, L50, F|\n|poke|p2|Sylveon, L50, M|\n|teampreview|4\nreisquaza1 has agreed to open team sheets.\n|inactive|Battle timer is ON: inactive players will automatically lose when time's up. (requested by reisquaza1)\n|inactive|reisquaza1 has 60 seconds left.\n|inactive|nano jump has 30 seconds left.\n|inactive|reisquaza1 has 30 seconds left.\n|inactive|reisquaza1 has 20 seconds left.\n|inactive|reisquaza1 has 15 seconds left.\n|\n|t:|1776370475\n|teamsize|p1|4\n|teamsize|p2|4\n|start\n|switch|p1a: Floette|Floette-Eternal, L50, F|100/100\n|switch|p1b: Kingambit|Kingambit, L50, F|100/100\n|switch|p2a: Talonflame|Talonflame, L50, M, shiny|100/100\n|switch|p2b: Blastoise|Blastoise, L50, M|100/100\n|turn|1\n|\n|t:|1776370493\n|detailschange|p1a: Floette|Floette-Mega, L50, F\n|-mega|p1a: Floette|Floette|Floettite\n|-ability|p1a: Floette|Fairy Aura\n|detailschange|p2b: Blastoise|Blastoise-Mega, L50, M\n|-mega|p2b: Blastoise|Blastoise|Blastoisinite\n|move|p1b: Kingambit|Protect|p1b: Kingambit\n|-singleturn|p1b: Kingambit|Protect\n|move|p2a: Talonflame|Tailwind|p2a: Talonflame\n|-sidestart|p2: nano jump|move: Tailwind\n|move|p2b: Blastoise|Water Spout|p1b: Kingambit|[spread] p1a\n|-activate|p1b: Kingambit|move: Protect\n|-damage|p1a: Floette|45/100\n|move|p1a: Floette|Calm Mind|p1a: Floette\n|-boost|p1a: Floette|spa|1\n|-boost|p1a: Floette|spd|1\n|\n|upkeep\n|turn|2\n|\n|t:|1776370514\n|switch|p2a: Farigiraf|Farigiraf, L50, F|100/100\n|switch|p1b: Garchomp|Garchomp, L50, M|100/100\n|move|p2b: Blastoise|Water Spout|p1a: Floette|[spread] p1a,p1b\n|-damage|p1a: Floette|11/100\n|-damage|p1b: Garchomp|28/100\n|move|p1a: Floette|Dazzling Gleam|p2b: Blastoise|[spread] p2a,p2b\n|-damage|p2a: Farigiraf|20/100\n|-damage|p2b: Blastoise|31/100\n|-enditem|p2a: Farigiraf|Sitrus Berry|[eat]\n|-heal|p2a: Farigiraf|45/100|[from] item: Sitrus Berry\n|\n|upkeep\n|turn|3\n|\n|t:|1776370534\n|move|p2a: Farigiraf|Helping Hand|p2b: Blastoise\n|-singleturn|p2b: Blastoise|Helping Hand|[of] p2a: Farigiraf\n|move|p1a: Floette|Protect|p1a: Floette\n|-singleturn|p1a: Floette|Protect\n|move|p2b: Blastoise|Water Spout|p1a: Floette|[spread] p1b\n|-activate|p1a: Floette|move: Protect\n|-damage|p1b: Garchomp|0 fnt\n|faint|p1b: Garchomp\n|\n|upkeep\n|\n|t:|1776370547\n|switch|p1b: Kingambit|Kingambit, L50, F|100/100\n|turn|4\n|\n|t:|1776370564\n|switch|p2a: Kingambit|Kingambit, L50, M|100/100\n|move|p1b: Kingambit|Protect|p1b: Kingambit\n|-singleturn|p1b: Kingambit|Protect\n|move|p2b: Blastoise|Water Pulse|p1a: Floette\n|-damage|p1a: Floette|0 fnt\n|faint|p1a: Floette\n|\n|-sideend|p2: nano jump|move: Tailwind\n|upkeep\n|\n|t:|1776370571\n|switch|p1a: Sneasler|Sneasler, L50, M|100/100\n|turn|5\n|\n|t:|1776370590\n|switch|p2a: Farigiraf|Farigiraf, L50, F|45/100\n|move|p1b: Kingambit|Sucker Punch||[still]\n|cant|p2a: Farigiraf|ability: Armor Tail|Sucker Punch|[of] p1b: Kingambit\n|move|p1a: Sneasler|Rock Slide|p2b: Blastoise|[spread] p2a\n|-miss|p1a: Sneasler|p2b: Blastoise\n|-damage|p2a: Farigiraf|31/100\n|move|p2b: Blastoise|Water Spout|p1a: Sneasler|[spread] p1a,p1b\n|-damage|p1a: Sneasler|75/100\n|-damage|p1b: Kingambit|81/100\n|\n|upkeep\n|turn|6\n|inactive|reisquaza1 has 30 seconds left.\n|inactive|reisquaza1 has 20 seconds left.\n|inactive|reisquaza1 has 15 seconds left.\n|inactive|nano jump has 30 seconds left.\n|\n|t:|1776370640\n|move|p1a: Sneasler|Rock Slide|p2b: Blastoise|[spread] p2b\n|-miss|p1a: Sneasler|p2a: Farigiraf\n|-damage|p2b: Blastoise|12/100\n|move|p2b: Blastoise|Water Pulse|p1b: Kingambit\n|-damage|p1b: Kingambit|33/100\n|-start|p1b: Kingambit|confusion\n|-activate|p1b: Kingambit|confusion\n|move|p1b: Kingambit|Kowtow Cleave|p2a: Farigiraf\n|-supereffective|p2a: Farigiraf|1\n|-damage|p2a: Farigiraf|0 fnt\n|faint|p2a: Farigiraf\n|\n|upkeep\n|\n|t:|1776370651\n|switch|p2a: Talonflame|Talonflame, L50, M, shiny|100/100\n|turn|7\n|\n|t:|1776370663\n|move|p2a: Talonflame|Protect|p2a: Talonflame\n|-singleturn|p2a: Talonflame|Protect\n|-activate|p1b: Kingambit|confusion\n|move|p1b: Kingambit|Sucker Punch||[still]\n|-fail|p1b: Kingambit\n|move|p1a: Sneasler|Rock Slide|p2a: Talonflame|[spread] p2b\n|-activate|p2a: Talonflame|move: Protect\n|-damage|p2b: Blastoise|0 fnt\n|faint|p2b: Blastoise\n|\n|upkeep\n|\n|t:|1776370664\n|switch|p2b: Kingambit|Kingambit, L50, M|100/100\n|turn|8\n|\n|t:|1776370686\n|move|p2a: Talonflame|Dual Wingbeat|p1a: Sneasler\n|-supereffective|p1a: Sneasler|1\n|-damage|p1a: Sneasler|14/100\n|-supereffective|p1a: Sneasler|1\n|-crit|p1a: Sneasler\n|-damage|p1a: Sneasler|0 fnt\n|faint|p1a: Sneasler\n|-hitcount|p1: Sneasler|2\n|-activate|p1b: Kingambit|confusion\n|move|p1b: Kingambit|Sucker Punch||[still]\n|-fail|p1b: Kingambit\n|move|p2b: Kingambit|Low Kick|p1b: Kingambit\n|-supereffective|p1b: Kingambit|2\n|-damage|p1b: Kingambit|0 fnt\n|faint|p1b: Kingambit\n|\n|win|nano jump\n|raw|reisquaza1's rating: 1361 &rarr; <strong>1344</strong><br />(-17 for losing)\n|raw|nano jump's rating: 1419 &rarr; <strong>1436</strong><br />(+17 for winning)\n|l|\u2606reisquaza1\n|player|p1|\n|l|\u2606nano jump\n|player|p2|\n|j|\u2606reisquaza1\n|player|p1|reisquaza1|flannery|\n",
  "uploadtime": 1776370727,
  "views": 28,
  "formatid": "gen9championsvgc2026regma",
  "rating": 1344,
  "private": 0,
  "password": null
}