{
  "id": "gen9championsvgc2026regma-2582504683",
  "format": "[Gen 9 Champions] VGC 2026 Reg M-A",
  "players": [
    "HMQ0512",
    "Autistaqliao"
  ],
  "log": "|j|\u2606HMQ0512\n|j|\u2606Autistaqliao\n|t:|1776095934\n|gametype|doubles\n|player|p1|HMQ0512|265|1158\n|player|p2|Autistaqliao|170|1108\n|gen|9\n|tier|[Gen 9 Champions] VGC 2026 Reg M-A\n|rated|\n|rule|Species Clause: Limit one of each Pok\u00e9mon\n|rule|Item Clause: Limit 1 of each item\n|clearpoke\n|poke|p1|Charizard, L50, M|\n|poke|p1|Kingambit, L50, F|\n|poke|p1|Floette-Eternal, L50, F|\n|poke|p1|Aerodactyl, L50, F|\n|poke|p1|Garchomp, L50, M|\n|poke|p1|Rotom-Wash, L50|\n|poke|p2|Scizor, L50, F|\n|poke|p2|Farigiraf, L50, F|\n|poke|p2|Torkoal, L50, F|\n|poke|p2|Incineroar, L50, M|\n|poke|p2|Milotic, L50, F|\n|poke|p2|Garganacl, L50, F|\n|teampreview|4\n|inactive|Battle timer is ON: inactive players will automatically lose when time's up. (requested by HMQ0512)\n|inactive|HMQ0512 has 60 seconds left.\n|j| therai1\n|\n|t:|1776095993\n|teamsize|p1|4\n|teamsize|p2|4\n|start\n|switch|p1a: Rotom|Rotom-Wash, L50|100/100\n|switch|p1b: Kingambit|Kingambit, L50, F|100/100\n|switch|p2a: Garganacl|Garganacl, L50, F|100/100\n|switch|p2b: Farigiraf|Farigiraf, L50, F|100/100\n|turn|1\n|inactive|HMQ0512 has 30 seconds left.\n|inactive|Autistaqliao has 30 seconds left.\n|\n|t:|1776096031\n|switch|p2b: Scizor|Scizor, L50, F|100/100\n|move|p1a: Rotom|Hydro Pump|p2a: Garganacl\n|-supereffective|p2a: Garganacl|1\n|-damage|p2a: Garganacl|2/100\n|move|p1b: Kingambit|Iron Head|p2b: Scizor\n|-resisted|p2b: Scizor|1\n|-damage|p2b: Scizor|76/100\n|move|p2a: Garganacl|Stealth Rock|p1b: Kingambit\n|-sidestart|p1: HMQ0512|move: Stealth Rock\n|\n|upkeep\n|turn|2\n|\n|t:|1776096053\n|detailschange|p2b: Scizor|Scizor-Mega, L50, F\n|-mega|p2b: Scizor|Scizor|Scizorite\n|move|p2a: Garganacl|Protect|p2a: Garganacl\n|-singleturn|p2a: Garganacl|Protect\n|move|p1b: Kingambit|Sucker Punch||[still]\n|-fail|p1b: Kingambit\n|move|p1a: Rotom|Hydro Pump|p2b: Scizor\n|-damage|p2b: Scizor|23/100\n|move|p2b: Scizor|Curse|p2b: Scizor\n|-unboost|p2b: Scizor|spe|1\n|-boost|p2b: Scizor|atk|1\n|-boost|p2b: Scizor|def|1\n|\n|upkeep\n|turn|3\n|inactive|HMQ0512 has 30 seconds left.\n|inactive|HMQ0512 has 20 seconds left.\n|\n|t:|1776096092\n|switch|p1a: Charizard|Charizard, L50, M|100/100\n|-damage|p1a: Charizard|51/100|[from] Stealth Rock\n|switch|p2a: Farigiraf|Farigiraf, L50, F|100/100\n|move|p1b: Kingambit|Sucker Punch||[still]\n|cant|p2a: Farigiraf|ability: Armor Tail|Sucker Punch|[of] p1b: Kingambit\n|move|p2b: Scizor|Bullet Punch|p1b: Kingambit\n|-resisted|p1b: Kingambit|1\n|-damage|p1b: Kingambit|80/100\n|\n|upkeep\n|turn|4\n|l| therai1\n|\n|t:|1776096116\n|detailschange|p1a: Charizard|Charizard-Mega-Y, L50, M\n|-mega|p1a: Charizard|Charizard|Charizardite Y\n|-weather|SunnyDay|[from] ability: Drought|[of] p1a: Charizard\n|move|p2b: Scizor|Bullet Punch|p1a: Charizard\n|-resisted|p1a: Charizard|1\n|-damage|p1a: Charizard|21/100\n|move|p1a: Charizard|Heat Wave|p2b: Scizor|[spread] p2a,p2b\n|-supereffective|p2b: Scizor|2\n|-damage|p2a: Farigiraf|38/100\n|-damage|p2b: Scizor|0 fnt\n|faint|p2b: Scizor\n|move|p1b: Kingambit|Iron Head|p2a: Farigiraf\n|-damage|p2a: Farigiraf|0 fnt\n|faint|p2a: Farigiraf\n|\n|-weather|SunnyDay|[upkeep]\n|upkeep\n|\n|t:|1776096129\n|switch|p2b: Torkoal|Torkoal, L50, F|100/100\n|switch|p2a: Garganacl|Garganacl, L50, F|2/100\n|turn|5\n|\n|t:|1776096137\n|move|p2a: Garganacl|Wide Guard|p2a: Garganacl\n|-singleturn|p2a: Garganacl|Wide Guard\n|move|p1b: Kingambit|Sucker Punch|p2b: Torkoal\n|-damage|p2b: Torkoal|68/100\n|move|p1a: Charizard|Heat Wave|p2b: Torkoal|[spread] \n|-activate|p2a: Garganacl|move: Wide Guard\n|-activate|p2b: Torkoal|move: Wide Guard\n|move|p2b: Torkoal|Eruption|p1a: Charizard|[spread] p1a,p1b\n|-resisted|p1a: Charizard|1\n|-supereffective|p1b: Kingambit|1\n|-enditem|p1b: Kingambit|Occa Berry|[eat]\n|-enditem|p1b: Kingambit|Occa Berry|[weaken]\n|-damage|p1a: Charizard|0 fnt\n|-damage|p1b: Kingambit|19/100\n|faint|p1a: Charizard\n|\n|-weather|SunnyDay|[upkeep]\n|upkeep\n|\n|t:|1776096156\n|switch|p1a: Garchomp|Garchomp, L50, M|100/100\n|-damage|p1a: Garchomp|94/100|[from] Stealth Rock\n|turn|6\n|\n|t:|1776096171\n|move|p1b: Kingambit|Protect|p1b: Kingambit\n|-singleturn|p1b: Kingambit|Protect\n|move|p1a: Garchomp|Earthquake|p2a: Garganacl|[spread] p2a,p2b\n|-activate|p1b: Kingambit|move: Protect\n|-supereffective|p2a: Garganacl|1\n|-supereffective|p2b: Torkoal|1\n|-damage|p2a: Garganacl|0 fnt\n|-damage|p2b: Torkoal|11/100\n|faint|p2a: Garganacl\n|move|p2b: Torkoal|Eruption|p1b: Kingambit|[spread] p1a\n|-activate|p1b: Kingambit|move: Protect\n|-resisted|p1a: Garchomp|1\n|-damage|p1a: Garchomp|90/100\n|\n|-weather|SunnyDay|[upkeep]\n|upkeep\n|turn|7\n|-message|Autistaqliao forfeited.\n|\n|win|HMQ0512\n|raw|HMQ0512's rating: 1158 &rarr; <strong>1179</strong><br />(+21 for winning)\n|raw|Autistaqliao's rating: 1108 &rarr; <strong>1087</strong><br />(-21 for losing)\n|l|\u2606Autistaqliao\n|player|p2|\n",
  "uploadtime": 1776096193,
  "views": 9,
  "formatid": "gen9championsvgc2026regma",
  "rating": 1087,
  "private": 0,
  "password": null
}