{
  "id": "gen9championsvgc2026regma-2587401962",
  "format": "[Gen 9 Champions] VGC 2026 Reg M-A",
  "players": [
    "Karuro20",
    "KyroFacultativo"
  ],
  "log": "|j|\u2606Karuro20\n|j|\u2606KyroFacultativo\n|t:|1776528811\n|gametype|doubles\n|player|p1|Karuro20|brycen|1099\n|player|p2|KyroFacultativo|266|1012\n|gen|9\n|tier|[Gen 9 Champions] VGC 2026 Reg M-A\n|rated|\n|rule|Species Clause: Limit one of each Pok\u00e9mon\n|rule|Item Clause: Limit 1 of each item\n|clearpoke\n|poke|p1|Golurk, L50|\n|poke|p1|Farigiraf, L50, M|\n|poke|p1|Incineroar, L50, F|\n|poke|p1|Torkoal, L50, M|\n|poke|p1|Sinistcha, L50|\n|poke|p1|Sneasler, L50, F|\n|poke|p2|Maushold-Four, L50|\n|poke|p2|Delphox, L50, F|\n|poke|p2|Passimian, L50, M|\n|poke|p2|Kangaskhan, L50, F|\n|poke|p2|Alcremie, L50, F|\n|poke|p2|Cofagrigus, L50, M|\n|teampreview|4\n|\n|t:|1776528835\n|teamsize|p1|4\n|teamsize|p2|4\n|start\n|switch|p1a: Sneasler|Sneasler, L50, F|100/100\n|switch|p1b: Incineroar|Incineroar, L50, F|100/100\n|switch|p2a: Passimian|Passimian, L50, M|100/100\n|switch|p2b: Cofagrigus|Cofagrigus, L50, M|100/100\n|-ability|p1b: Incineroar|Intimidate|boost\n|-unboost|p2a: Passimian|atk|1\n|-ability|p2a: Passimian|Defiant|boost\n|-boost|p2a: Passimian|atk|2\n|-unboost|p2b: Cofagrigus|atk|1\n|turn|1\n|\n|t:|1776528864\n|move|p1a: Sneasler|Dire Claw|p2a: Passimian\n|-damage|p2a: Passimian|47/100\n|move|p2a: Passimian|Acrobatics|p1a: Sneasler\n|-supereffective|p1a: Sneasler|1\n|-damage|p1a: Sneasler|11/100\n|move|p1b: Incineroar|Parting Shot|p2b: Cofagrigus\n|-unboost|p2b: Cofagrigus|atk|1\n|-unboost|p2b: Cofagrigus|spa|1\n|\n|t:|1776528876\n|switch|p1b: Torkoal|Torkoal, L50, M|100/100|[from] Parting Shot\n|-weather|SunnyDay|[from] ability: Drought|[of] p1b: Torkoal\n|move|p2b: Cofagrigus|Iron Defense|p2b: Cofagrigus\n|-boost|p2b: Cofagrigus|def|2\n|\n|-weather|SunnyDay|[upkeep]\n|upkeep\n|turn|2\n|\n|t:|1776528896\n|switch|p1a: Farigiraf|Farigiraf, L50, M|100/100\n|move|p2a: Passimian|Acrobatics|p1b: Torkoal\n|-damage|p1b: Torkoal|80/100\n|move|p2b: Cofagrigus|Body Press|p1b: Torkoal\n|-damage|p1b: Torkoal|29/100\n|move|p1b: Torkoal|Eruption|p2a: Passimian|[spread] p2a,p2b\n|-damage|p2a: Passimian|12/100\n|-damage|p2b: Cofagrigus|75/100\n|\n|-weather|SunnyDay|[upkeep]\n|upkeep\n|turn|3\n|\n|t:|1776528911\n|move|p1b: Torkoal|Protect|p1b: Torkoal\n|-singleturn|p1b: Torkoal|Protect\n|move|p2a: Passimian|U-turn|p1a: Farigiraf\n|-supereffective|p1a: Farigiraf|1\n|-damage|p1a: Farigiraf|34/100\n|\n|t:|1776528917\n|switch|p2a: Alcremie|Alcremie, L50, F|100/100|[from] U-turn\n|move|p1a: Farigiraf|Trick Room|p1a: Farigiraf\n|-fieldstart|move: Trick Room|[of] p1a: Farigiraf\n|move|p2b: Cofagrigus|Trick Room|p2b: Cofagrigus\n|-fieldend|move: Trick Room\n|\n|-weather|SunnyDay|[upkeep]\n|upkeep\n|turn|4\n|\n|t:|1776528940\n|move|p2a: Alcremie|Decorate|p2b: Cofagrigus\n|-boost|p2b: Cofagrigus|atk|2\n|-boost|p2b: Cofagrigus|spa|2\n|move|p1a: Farigiraf|Psychic|p2b: Cofagrigus\n|-damage|p2b: Cofagrigus|27/100\n|move|p2b: Cofagrigus|Body Press|p1b: Torkoal\n|-damage|p1b: Torkoal|0 fnt\n|faint|p1b: Torkoal\n|\n|-weather|SunnyDay|[upkeep]\n|upkeep\n|\n|t:|1776528946\n|switch|p1b: Incineroar|Incineroar, L50, F|100/100\n|-ability|p1b: Incineroar|Intimidate|boost\n|-unboost|p2a: Alcremie|atk|1\n|-unboost|p2b: Cofagrigus|atk|1\n|turn|5\n|\n|t:|1776528964\n|move|p1b: Incineroar|Fake Out|p2a: Alcremie\n|-damage|p2a: Alcremie|83/100\n|cant|p2a: Alcremie|flinch\n|move|p1a: Farigiraf|Psychic|p2b: Cofagrigus\n|-damage|p2b: Cofagrigus|0 fnt\n|faint|p2b: Cofagrigus\n|\n|-weather|none\n|upkeep\n|\n|t:|1776528967\n|switch|p2b: Delphox|Delphox, L50, F|100/100\n|turn|6\n|\n|t:|1776528981\n|detailschange|p2b: Delphox|Delphox-Mega, L50, F\n|-mega|p2b: Delphox|Delphox|Delphoxite\n|move|p2b: Delphox|Calm Mind|p2b: Delphox\n|-boost|p2b: Delphox|spa|1\n|-boost|p2b: Delphox|spd|1\n|move|p2a: Alcremie|Decorate|p2b: Delphox\n|-boost|p2b: Delphox|atk|2\n|-boost|p2b: Delphox|spa|2\n|move|p1b: Incineroar|Flare Blitz|p2a: Alcremie\n|-damage|p2a: Alcremie|5/100\n|-damage|p1b: Incineroar|83/100|[from] Recoil\n|move|p1a: Farigiraf|Hyper Voice|p2b: Delphox|[spread] p2a,p2b\n|-damage|p2a: Alcremie|0 fnt\n|-damage|p2b: Delphox|80/100\n|faint|p2a: Alcremie\n|\n|upkeep\n|\n|t:|1776528989\n|switch|p2a: Passimian|Passimian, L50, M|12/100\n|turn|7\n|\n|t:|1776529006\n|move|p2b: Delphox|Heat Wave|p1a: Farigiraf|[spread] p1a,p1b\n|-resisted|p1b: Incineroar|1\n|-damage|p1a: Farigiraf|0 fnt\n|-damage|p1b: Incineroar|35/100\n|faint|p1a: Farigiraf\n|move|p2a: Passimian|Close Combat|p1b: Incineroar\n|-supereffective|p1b: Incineroar|1\n|-enditem|p1b: Incineroar|Chople Berry|[eat]\n|-enditem|p1b: Incineroar|Chople Berry|[weaken]\n|-damage|p1b: Incineroar|0 fnt\n|-unboost|p2a: Passimian|def|1\n|-unboost|p2a: Passimian|spd|1\n|faint|p1b: Incineroar\n|\n|upkeep\n|\n|t:|1776529009\n|switch|p1b: Sneasler|Sneasler, L50, F|11/100\n|turn|8\n|-message|Karuro20 forfeited.\n|\n|win|KyroFacultativo\n|raw|Karuro20's rating: 1099 &rarr; <strong>1068</strong><br />(-31 for losing)\n|raw|KyroFacultativo's rating: 1012 &rarr; <strong>1060</strong><br />(+48 for winning)\n|l|\u2606Karuro20\n|player|p1|\n",
  "uploadtime": 1776529019,
  "views": 15,
  "formatid": "gen9championsvgc2026regma",
  "rating": 1060,
  "private": 0,
  "password": null
}