{
  "id": "gen9championsvgc2026regma-2585585224",
  "format": "[Gen 9 Champions] VGC 2026 Reg M-A",
  "players": [
    "jajajajajajajamon",
    "YoYutta"
  ],
  "log": "|j|\u2606jajajajajajajamon\n|j|\u2606YoYutta\n|t:|1776357141\n|gametype|doubles\n|player|p1|jajajajajajajamon|265|1204\n|player|p2|YoYutta|preschooler|1231\n|gen|9\n|tier|[Gen 9 Champions] VGC 2026 Reg M-A\n|rated|\n|rule|Species Clause: Limit one of each Pok\u00e9mon\n|rule|Item Clause: Limit 1 of each item\n|clearpoke\n|poke|p1|Aerodactyl, L50, M|\n|poke|p1|Charizard, L50, F|\n|poke|p1|Garchomp, L50, F|\n|poke|p1|Incineroar, L50, M|\n|poke|p1|Scovillain, L50, F|\n|poke|p1|Rotom-Wash, L50|\n|poke|p2|Floette-Eternal, L50, F|\n|poke|p2|Orthworm, L50, F|\n|poke|p2|Garchomp, L50, M|\n|poke|p2|Whimsicott, L50, M|\n|poke|p2|Rotom-Heat, L50|\n|poke|p2|Tauros-Paldea-Aqua, L50, M|\n|teampreview|4\n|inactive|Battle timer is ON: inactive players will automatically lose when time's up. (requested by jajajajajajajamon)\n|\n|t:|1776357180\n|teamsize|p1|4\n|teamsize|p2|4\n|start\n|switch|p1a: Garchomp|Garchomp, L50, F|100/100\n|switch|p1b: Scovillain|Scovillain, L50, F|100/100\n|switch|p2a: Rotom|Rotom-Heat, L50|100/100\n|switch|p2b: Whimsicott|Whimsicott, L50, M|100/100\n|turn|1\n|\n|t:|1776357204\n|switch|p1b: Incineroar|Incineroar, L50, M|100/100\n|-ability|p1b: Incineroar|Intimidate|boost\n|-unboost|p2a: Rotom|atk|1\n|-unboost|p2b: Whimsicott|atk|1\n|move|p2b: Whimsicott|Protect|p2b: Whimsicott\n|-singleturn|p2b: Whimsicott|Protect\n|move|p1a: Garchomp|Rock Slide|p2b: Whimsicott|[spread] p2a\n|-activate|p2b: Whimsicott|move: Protect\n|-supereffective|p2a: Rotom|1\n|-damage|p2a: Rotom|57/100\n|move|p2a: Rotom|Will-O-Wisp|p1a: Garchomp\n|-status|p1a: Garchomp|brn\n|\n|-damage|p1a: Garchomp|94/100 brn|[from] brn\n|upkeep\n|turn|2\n|\n|t:|1776357221\n|move|p2b: Whimsicott|Tailwind|p2b: Whimsicott\n|-sidestart|p2: YoYutta|move: Tailwind\n|move|p1a: Garchomp|Rock Slide|p2b: Whimsicott|[spread] p2a,p2b\n|-supereffective|p2a: Rotom|1\n|-damage|p2a: Rotom|33/100\n|-damage|p2b: Whimsicott|86/100\n|move|p2a: Rotom|Volt Switch|p1b: Incineroar\n|-damage|p1b: Incineroar|73/100\n|\n|t:|1776357240\n|switch|p2a: Floette|Floette-Eternal, L50, F|100/100|[from] Volt Switch\n|move|p1b: Incineroar|Close Combat|p2a: Floette\n|-resisted|p2a: Floette|1\n|-damage|p2a: Floette|79/100\n|-unboost|p1b: Incineroar|def|1\n|-unboost|p1b: Incineroar|spd|1\n|-enditem|p1b: Incineroar|White Herb\n|-clearnegativeboost|p1b: Incineroar|[silent]\n|\n|-damage|p1a: Garchomp|88/100 brn|[from] brn\n|upkeep\n|turn|3\n|c|\u2606YoYutta|Man\n|c|\u2606YoYutta|Wtf\n|inactive|YoYutta has 30 seconds left.\n|inactive|YoYutta has 20 seconds left.\n|\n|t:|1776357276\n|switch|p1a: Scovillain|Scovillain, L50, F|100/100\n|detailschange|p2a: Floette|Floette-Mega, L50, F\n|-mega|p2a: Floette|Floette|Floettite\n|-ability|p2a: Floette|Fairy Aura\n|move|p2b: Whimsicott|Moonblast|p1a: Scovillain\n|-resisted|p1a: Scovillain|1\n|-damage|p1a: Scovillain|79/100\n|move|p2a: Floette|Calm Mind|p2a: Floette\n|-boost|p2a: Floette|spa|1\n|-boost|p2a: Floette|spd|1\n|move|p1b: Incineroar|Parting Shot|p2a: Floette\n|-unboost|p2a: Floette|atk|1\n|-unboost|p2a: Floette|spa|1\n|c|\u2606jajajajajajajamon|god forbid a quirked up white boy runs white herb incin\n|\n|t:|1776357289\n|switch|p1b: Rotom|Rotom-Wash, L50|100/100|[from] Parting Shot\n|\n|upkeep\n|turn|4\n|\n|t:|1776357302\n|detailschange|p1a: Scovillain|Scovillain-Mega, L50, F\n|-mega|p1a: Scovillain|Scovillain|Scovillainite\n|move|p2b: Whimsicott|Protect|p2b: Whimsicott\n|-singleturn|p2b: Whimsicott|Protect\n|move|p1a: Scovillain|Helping Hand|p1b: Rotom\n|-singleturn|p1b: Rotom|Helping Hand|[of] p1a: Scovillain\n|move|p2a: Floette|Calm Mind|p2a: Floette\n|-boost|p2a: Floette|spa|1\n|-boost|p2a: Floette|spd|1\n|move|p1b: Rotom|Thunderbolt|p2a: Floette\n|-damage|p2a: Floette|52/100\n|\n|upkeep\n|turn|5\n|\n|t:|1776357325\n|move|p1a: Scovillain|Rage Powder|p1a: Scovillain\n|-singleturn|p1a: Scovillain|move: Rage Powder\n|move|p2b: Whimsicott|Moonblast|p1b: Rotom\n|-damage|p1b: Rotom|63/100\n|move|p2a: Floette|Dazzling Gleam|p1b: Rotom|[spread] p1a,p1b\n|-resisted|p1a: Scovillain|1\n|-damage|p1a: Scovillain|43/100\n|-damage|p1b: Rotom|0 fnt\n|-status|p2a: Floette|brn|[from] ability: Spicy Spray|[of] p1a: Scovillain\n|faint|p1b: Rotom\n|\n|-damage|p2a: Floette|46/100 brn|[from] brn\n|-sideend|p2: YoYutta|move: Tailwind\n|upkeep\n|\n|t:|1776357337\n|switch|p1b: Incineroar|Incineroar, L50, M|73/100\n|-ability|p1b: Incineroar|Intimidate|boost\n|-unboost|p2a: Floette|atk|1\n|-unboost|p2b: Whimsicott|atk|1\n|turn|6\n|\n|t:|1776357355\n|switch|p1b: Garchomp|Garchomp, L50, F|88/100 brn\n|move|p2b: Whimsicott|Protect|p2b: Whimsicott\n|-singleturn|p2b: Whimsicott|Protect\n|move|p2a: Floette|Protect|p2a: Floette\n|-singleturn|p2a: Floette|Protect\n|move|p1a: Scovillain|Giga Drain|p2a: Floette\n|-activate|p2a: Floette|move: Protect\n|\n|-damage|p1b: Garchomp|82/100 brn|[from] brn\n|-damage|p2a: Floette|40/100 brn|[from] brn\n|upkeep\n|turn|7\n|\n|t:|1776357372\n|switch|p1b: Incineroar|Incineroar, L50, M|73/100\n|-ability|p1b: Incineroar|Intimidate|boost\n|-unboost|p2a: Floette|atk|1\n|-unboost|p2b: Whimsicott|atk|1\n|move|p2b: Whimsicott|Tailwind|p2b: Whimsicott\n|-sidestart|p2: YoYutta|move: Tailwind\n|move|p2a: Floette|Dazzling Gleam|p1a: Scovillain|[spread] p1a,p1b\n|-resisted|p1a: Scovillain|1\n|-damage|p1a: Scovillain|7/100\n|-damage|p1b: Incineroar|30/100\n|move|p1a: Scovillain|Giga Drain|p2a: Floette\n|-damage|p2a: Floette|25/100 brn\n|-heal|p1a: Scovillain|14/100|[from] drain|[of] p2a: Floette\n|\n|-damage|p2a: Floette|19/100 brn|[from] brn\n|upkeep\n|turn|8\n|\n|t:|1776357392\n|switch|p1b: Garchomp|Garchomp, L50, F|82/100 brn\n|move|p2b: Whimsicott|Moonblast|p1b: Garchomp\n|-supereffective|p1b: Garchomp|1\n|-damage|p1b: Garchomp|13/100 brn\n|move|p2a: Floette|Dazzling Gleam|p1b: Garchomp|[spread] p1a,p1b\n|-resisted|p1a: Scovillain|1\n|-supereffective|p1b: Garchomp|1\n|-damage|p1a: Scovillain|0 fnt\n|-damage|p1b: Garchomp|0 fnt\n|faint|p1a: Scovillain\n|faint|p1b: Garchomp\n|\n|-damage|p2a: Floette|13/100 brn|[from] brn\n|upkeep\n|\n|t:|1776357401\n|switch|p1b: Incineroar|Incineroar, L50, M|30/100\n|-ability|p1b: Incineroar|Intimidate|boost\n|-unboost|p2a: Floette|atk|1\n|-unboost|p2b: Whimsicott|atk|1\n|turn|9\n|\n|t:|1776357405\n|move|p2b: Whimsicott|Tailwind||[still]\n|-fail|p2b: Whimsicott\n|move|p2a: Floette|Moonblast|p1b: Incineroar\n|-damage|p1b: Incineroar|0 fnt\n|faint|p1b: Incineroar\n|\n|win|YoYutta\n|raw|jajajajajajajamon's rating: 1204 &rarr; <strong>1181</strong><br />(-23 for losing)\n|raw|YoYutta's rating: 1231 &rarr; <strong>1254</strong><br />(+23 for winning)\n|c|\u2606jajajajajajajamon|gg\n|l|\u2606jajajajajajajamon\n|player|p1|\n",
  "uploadtime": 1776357475,
  "views": 24,
  "formatid": "gen9championsvgc2026regma",
  "rating": 1181,
  "private": 0,
  "password": null
}