{
  "id": "gen9championsvgc2026regma-2580975591",
  "format": "[Gen 9 Champions] VGC 2026 Reg M-A",
  "players": [
    "pun1sher2",
    "Slyscor"
  ],
  "log": "|j|\u2606pun1sher2\n|j|\u2606Slyscor\n|t:|1775948231\n|gametype|doubles\n|player|p1|pun1sher2|170|1071\n|player|p2|Slyscor|veteran|1040\n|gen|9\n|tier|[Gen 9 Champions] VGC 2026 Reg M-A\n|rated|\n|rule|Species Clause: Limit one of each Pok\u00e9mon\n|rule|Item Clause: Limit 1 of each item\n|clearpoke\n|poke|p1|Charizard, L50, F|\n|poke|p1|Rotom-Wash, L50|\n|poke|p1|Sneasler, L50, M|\n|poke|p1|Corviknight, L50, F|\n|poke|p1|Gardevoir, L50, M|\n|poke|p1|Meowstic, L50, M|\n|poke|p2|Golurk, L50|\n|poke|p2|Farigiraf, L50, M|\n|poke|p2|Sneasler, L50, M|\n|poke|p2|Incineroar, L50, F|\n|poke|p2|Torkoal, L50, F|\n|poke|p2|Venusaur, L50, F|\n|teampreview|4\n|\n|t:|1775948284\n|teamsize|p1|4\n|teamsize|p2|4\n|start\n|switch|p1a: Corviknight|Corviknight, L50, F|100/100\n|switch|p1b: Meowstic|Meowstic, L50, M|100/100\n|switch|p2a: Farigiraf|Farigiraf, L50, M|100/100\n|switch|p2b: Sneasler|Sneasler, L50, M|100/100\n|turn|1\n|\n|t:|1775948301\n|move|p2b: Sneasler|Fake Out|p1b: Meowstic\n|-damage|p1b: Meowstic|81/100\n|cant|p1b: Meowstic|flinch\n|move|p1a: Corviknight|Iron Defense|p1a: Corviknight\n|-boost|p1a: Corviknight|def|2\n|move|p2a: Farigiraf|Hyper Voice|p1b: Meowstic|[spread] p1a,p1b\n|-resisted|p1a: Corviknight|1\n|-damage|p1a: Corviknight|86/100\n|-damage|p1b: Meowstic|45/100\n|\n|-heal|p1a: Corviknight|92/100|[from] item: Leftovers\n|upkeep\n|turn|2\n|\n|t:|1775948322\n|move|p1b: Meowstic|Light Screen|p1b: Meowstic\n|-sidestart|p1: pun1sher2|move: Light Screen\n|move|p2b: Sneasler|Dire Claw|p1b: Meowstic\n|-damage|p1b: Meowstic|0 fnt\n|faint|p1b: Meowstic\n|move|p1a: Corviknight|Iron Defense|p1a: Corviknight\n|-boost|p1a: Corviknight|def|2\n|move|p2a: Farigiraf|Trick Room|p2a: Farigiraf\n|-fieldstart|move: Trick Room|[of] p2a: Farigiraf\n|\n|-heal|p1a: Corviknight|98/100|[from] item: Leftovers\n|upkeep\n|\n|t:|1775948343\n|switch|p1b: Sneasler|Sneasler, L50, M|100/100\n|turn|3\n|\n|t:|1775948359\n|move|p1b: Sneasler|Fake Out||[still]\n|cant|p2a: Farigiraf|ability: Armor Tail|Fake Out|[of] p1b: Sneasler\n|move|p2a: Farigiraf|Psychic|p1b: Sneasler\n|-supereffective|p1b: Sneasler|2\n|-damage|p1b: Sneasler|0 fnt\n|faint|p1b: Sneasler\n|move|p1a: Corviknight|Iron Defense|p1a: Corviknight\n|-boost|p1a: Corviknight|def|2\n|move|p2b: Sneasler|Coaching|p2a: Farigiraf\n|-boost|p2a: Farigiraf|atk|1\n|-boost|p2a: Farigiraf|def|1\n|\n|-heal|p1a: Corviknight|100/100|[from] item: Leftovers\n|upkeep\n|\n|t:|1775948382\n|switch|p1b: Gardevoir|Gardevoir, L50, M|100/100\n|-ability|p1b: Gardevoir|Armor Tail|Trace|[from] ability: Trace|[of] p2a: Farigiraf\n|turn|4\n|\n|t:|1775948397\n|move|p2a: Farigiraf|Protect|p2a: Farigiraf\n|-singleturn|p2a: Farigiraf|Protect\n|move|p1b: Gardevoir|Protect|p1b: Gardevoir\n|-singleturn|p1b: Gardevoir|Protect\n|move|p1a: Corviknight|Body Press|p2b: Sneasler\n|-resisted|p2b: Sneasler|1\n|-damage|p2b: Sneasler|28/100\n|move|p2b: Sneasler|Dire Claw|p1b: Gardevoir\n|-activate|p1b: Gardevoir|move: Protect\n|\n|upkeep\n|turn|5\n|\n|t:|1775948429\n|switch|p2a: Golurk|Golurk, L50, shiny|100/100\n|move|p1a: Corviknight|Body Press|p2a: Golurk\n|-immune|p2a: Golurk\n|move|p1b: Gardevoir|Psychic|p2b: Sneasler\n|-supereffective|p2b: Sneasler|2\n|-damage|p2b: Sneasler|0 fnt\n|faint|p2b: Sneasler\n|\n|upkeep\n|\n|t:|1775948437\n|switch|p2b: Farigiraf|Farigiraf, L50, M|100/100\n|turn|6\n|\n|t:|1775948451\n|detailschange|p2a: Golurk|Golurk-Mega, L50, shiny\n|-mega|p2a: Golurk|Golurk|Golurkite\n|move|p2b: Farigiraf|Protect|p2b: Farigiraf\n|-singleturn|p2b: Farigiraf|Protect\n|move|p1b: Gardevoir|Protect|p1b: Gardevoir\n|-singleturn|p1b: Gardevoir|Protect\n|move|p2a: Golurk|Poltergeist|p1b: Gardevoir\n|-activate|p1b: Gardevoir|move: Protect\n|move|p1a: Corviknight|Body Press|p2b: Farigiraf\n|-activate|p2b: Farigiraf|move: Protect\n|\n|-sideend|p1: pun1sher2|move: Light Screen\n|-fieldend|move: Trick Room\n|upkeep\n|turn|7\n|c|\u2606Slyscor|dude unseen fist cucked again\n|\n|t:|1775948494\n|detailschange|p1b: Gardevoir|Gardevoir-Mega, L50, M\n|-mega|p1b: Gardevoir|Gardevoir|Gardevoirite\n|move|p1b: Gardevoir|Hyper Voice|p2b: Farigiraf|[spread] p2a,p2b\n|-damage|p2a: Golurk|57/100\n|-damage|p2b: Farigiraf|60/100\n|move|p1a: Corviknight|Body Press|p2b: Farigiraf\n|-damage|p2b: Farigiraf|0 fnt\n|faint|p2b: Farigiraf\n|move|p2a: Golurk|Poltergeist|p1b: Gardevoir\n|-activate|p1b: Gardevoir|move: Poltergeist|Gardevoirite\n|-supereffective|p1b: Gardevoir|1\n|-damage|p1b: Gardevoir|0 fnt\n|faint|p1b: Gardevoir\n|\n|upkeep\n|\n|t:|1775948506\n|switch|p2b: Torkoal|Torkoal, L50, F|100/100\n|-weather|SunnyDay|[from] ability: Drought|[of] p2b: Torkoal\n|turn|8\n|\n|t:|1775948518\n|move|p1a: Corviknight|Body Press|p2b: Torkoal\n|-damage|p2b: Torkoal|28/100\n|move|p2a: Golurk|Poltergeist|p1a: Corviknight\n|-activate|p1a: Corviknight|move: Poltergeist|Leftovers\n|-damage|p1a: Corviknight|88/100\n|move|p2b: Torkoal|Eruption|p1a: Corviknight\n|-supereffective|p1a: Corviknight|1\n|-damage|p1a: Corviknight|27/100\n|\n|-weather|SunnyDay|[upkeep]\n|-heal|p1a: Corviknight|33/100|[from] item: Leftovers\n|upkeep\n|turn|9\n|\n|t:|1775948537\n|move|p2b: Torkoal|Protect|p2b: Torkoal\n|-singleturn|p2b: Torkoal|Protect\n|move|p1a: Corviknight|Body Press|p2b: Torkoal\n|-activate|p2b: Torkoal|move: Protect\n|move|p2a: Golurk|Ice Punch|p1a: Corviknight\n|-damage|p1a: Corviknight|26/100\n|\n|-weather|SunnyDay|[upkeep]\n|-heal|p1a: Corviknight|32/100|[from] item: Leftovers\n|upkeep\n|turn|10\n|\n|t:|1775948547\n|move|p1a: Corviknight|Body Press|p2b: Torkoal\n|-crit|p2b: Torkoal\n|-damage|p2b: Torkoal|0 fnt\n|faint|p2b: Torkoal\n|move|p2a: Golurk|Poltergeist|p1a: Corviknight|[miss]\n|-miss|p2a: Golurk|p1a: Corviknight\n|\n|-weather|SunnyDay|[upkeep]\n|-heal|p1a: Corviknight|38/100|[from] item: Leftovers\n|upkeep\n|turn|11\n|c|\u2606Slyscor|bro\n|\n|t:|1775948559\n|move|p1a: Corviknight|Steel Wing|p2a: Golurk\n|-crit|p2a: Golurk\n|-damage|p2a: Golurk|27/100\n|move|p2a: Golurk|Poltergeist|p1a: Corviknight|[miss]\n|-miss|p2a: Golurk|p1a: Corviknight\n|\n|-weather|SunnyDay|[upkeep]\n|-heal|p1a: Corviknight|44/100|[from] item: Leftovers\n|upkeep\n|turn|12\n|c|\u2606Slyscor|dude\n|\n|t:|1775948571\n|move|p1a: Corviknight|Steel Wing|p2a: Golurk\n|-damage|p2a: Golurk|6/100\n|move|p2a: Golurk|Poltergeist|p1a: Corviknight\n|-activate|p1a: Corviknight|move: Poltergeist|Leftovers\n|-damage|p1a: Corviknight|31/100\n|\n|-weather|none\n|-heal|p1a: Corviknight|37/100|[from] item: Leftovers\n|upkeep\n|turn|13\n|\n|t:|1775948581\n|move|p1a: Corviknight|Steel Wing|p2a: Golurk\n|-damage|p2a: Golurk|0 fnt\n|faint|p2a: Golurk\n|\n|win|pun1sher2\n|raw|pun1sher2's rating: 1071 &rarr; <strong>1098</strong><br />(+27 for winning)\n|raw|Slyscor's rating: 1040 &rarr; <strong>1025</strong><br />(-15 for losing)\n|l|\u2606pun1sher2\n|player|p1|\n",
  "uploadtime": 1775948590,
  "views": 10,
  "formatid": "gen9championsvgc2026regma",
  "rating": 1025,
  "private": 0,
  "password": null
}