{
  "id": "gen9championsvgc2026regma-2584618559",
  "format": "[Gen 9 Champions] VGC 2026 Reg M-A",
  "players": [
    "ceesar99",
    "Yunobo7"
  ],
  "log": "|j|\u2606ceesar99\n|j|\u2606Yunobo7\n|t:|1776272471\n|gametype|doubles\n|player|p1|ceesar99|benga|1211\n|player|p2|Yunobo7|miku-ghost|1291\n|gen|9\n|tier|[Gen 9 Champions] VGC 2026 Reg M-A\n|rated|\n|rule|Species Clause: Limit one of each Pok\u00e9mon\n|rule|Item Clause: Limit 1 of each item\n|clearpoke\n|poke|p1|Glimmora, L50, M|\n|poke|p1|Corviknight, L50, M|\n|poke|p1|Milotic, L50, M|\n|poke|p1|Dragapult, L50, F|\n|poke|p1|Incineroar, L50, F|\n|poke|p1|Farigiraf, L50, M|\n|poke|p2|Delphox, L50, F|\n|poke|p2|Garchomp, L50, M|\n|poke|p2|Rotom-Wash, L50|\n|poke|p2|Kingambit, L50, M|\n|poke|p2|Sneasler, L50, M|\n|poke|p2|Sinistcha, L50|\n|teampreview|4\n|inactive|Battle timer is ON: inactive players will automatically lose when time's up. (requested by Yunobo7)\n|\n|t:|1776272495\n|teamsize|p1|4\n|teamsize|p2|4\n|start\n|switch|p1a: Farigiraf|Farigiraf, L50, M|100/100\n|switch|p1b: Milotic|Milotic, L50, M, shiny|100/100\n|switch|p2a: Delphox|Delphox, L50, F|100/100\n|switch|p2b: Rotom|Rotom-Wash, L50|100/100\n|turn|1\n|\n|t:|1776272513\n|detailschange|p2a: Delphox|Delphox-Mega, L50, F\n|-mega|p2a: Delphox|Delphox|Delphoxite\n|move|p2b: Rotom|Thunderbolt|p1b: Milotic\n|-supereffective|p1b: Milotic|1\n|-damage|p1b: Milotic|50/100\n|move|p2a: Delphox|Substitute|p2a: Delphox\n|-start|p2a: Delphox|Substitute\n|-damage|p2a: Delphox|76/100\n|move|p1b: Milotic|Muddy Water|p2a: Delphox|[spread] p2a\n|-miss|p1b: Milotic|p2b: Rotom\n|-supereffective|p2a: Delphox|1\n|-end|p2a: Delphox|Substitute\n|move|p1a: Farigiraf|Psychic|p2b: Rotom\n|-damage|p2b: Rotom|40/100\n|\n|-heal|p1b: Milotic|56/100|[from] item: Leftovers\n|upkeep\n|turn|2\n|\n|t:|1776272531\n|move|p1b: Milotic|Protect|p1b: Milotic\n|-singleturn|p1b: Milotic|Protect\n|move|p2b: Rotom|Thunderbolt|p1b: Milotic\n|-activate|p1b: Milotic|move: Protect\n|move|p2a: Delphox|Heat Wave|p1a: Farigiraf|[spread] \n|-activate|p1b: Milotic|move: Protect\n|-miss|p2a: Delphox|p1a: Farigiraf\n|move|p1a: Farigiraf|Psychic|p2b: Rotom\n|-damage|p2b: Rotom|0 fnt\n|faint|p2b: Rotom\n|\n|-heal|p1b: Milotic|62/100|[from] item: Leftovers\n|upkeep\n|\n|t:|1776272536\n|switch|p2b: Garchomp|Garchomp, L50, M|100/100\n|turn|3\n|\n|t:|1776272550\n|move|p2a: Delphox|Psychic|p1b: Milotic\n|-damage|p1b: Milotic|26/100\n|move|p2b: Garchomp|Earthquake|p1a: Farigiraf|[spread] p1b\n|-immune|p2a: Delphox|[from] ability: Levitate\n|-miss|p2b: Garchomp|p1a: Farigiraf\n|-crit|p1b: Milotic\n|-damage|p1b: Milotic|0 fnt\n|faint|p1b: Milotic\n|move|p1a: Farigiraf|Dazzling Gleam|p2b: Garchomp|[spread] p2a,p2b\n|-resisted|p2a: Delphox|1\n|-supereffective|p2b: Garchomp|1\n|-crit|p2b: Garchomp\n|-damage|p2a: Delphox|66/100\n|-damage|p2b: Garchomp|38/100\n|\n|upkeep\n|\n|t:|1776272565\n|switch|p1b: Dragapult|Dragapult, L50, F|100/100\n|turn|4\n|\n|t:|1776272575\n|move|p2a: Delphox|Protect|p2a: Delphox\n|-singleturn|p2a: Delphox|Protect\n|move|p1b: Dragapult|Shadow Ball|p2a: Delphox\n|-activate|p2a: Delphox|move: Protect\n|move|p2b: Garchomp|Dragon Claw|p1b: Dragapult\n|-supereffective|p1b: Dragapult|1\n|-crit|p1b: Dragapult\n|-damage|p1b: Dragapult|0 fnt\n|faint|p1b: Dragapult\n|move|p1a: Farigiraf|Dazzling Gleam|p2a: Delphox|[spread] p2b\n|-activate|p2a: Delphox|move: Protect\n|-supereffective|p2b: Garchomp|1\n|-damage|p2b: Garchomp|0 fnt\n|faint|p2b: Garchomp\n|\n|upkeep\n|\n|t:|1776272589\n|switch|p1b: Glimmora|Glimmora, L50, M, shiny|100/100\n|switch|p2b: Sneasler|Sneasler, L50, M|100/100\n|turn|5\n|\n|t:|1776272601\n|detailschange|p1b: Glimmora|Glimmora-Mega, L50, M, shiny\n|-mega|p1b: Glimmora|Glimmora|Glimmoranite\n|move|p1b: Glimmora|Spiky Shield|p1b: Glimmora\n|-singleturn|p1b: Glimmora|move: Protect\n|move|p2a: Delphox|Substitute|p2a: Delphox\n|-start|p2a: Delphox|Substitute\n|-damage|p2a: Delphox|42/100\n|move|p2b: Sneasler|Dire Claw|p1a: Farigiraf\n|-damage|p1a: Farigiraf|60/100\n|move|p1a: Farigiraf|Psychic|p2b: Sneasler\n|-supereffective|p2b: Sneasler|2\n|-damage|p2b: Sneasler|0 fnt\n|faint|p2b: Sneasler\n|\n|upkeep\n|turn|6\n|inactive|ceesar99 has 30 seconds left.\n|\n|t:|1776272630\n|move|p2a: Delphox|Psychic|p1b: Glimmora\n|-supereffective|p1b: Glimmora|1\n|-crit|p1b: Glimmora\n|-damage|p1b: Glimmora|0 fnt\n|faint|p1b: Glimmora\n|move|p1a: Farigiraf|Trick Room|p1a: Farigiraf\n|-fieldstart|move: Trick Room|[of] p1a: Farigiraf\n|\n|upkeep\n|turn|7\n|\n|t:|1776272637\n|move|p2a: Delphox|Protect|p2a: Delphox\n|-singleturn|p2a: Delphox|Protect\n|move|p1a: Farigiraf|Dazzling Gleam|p2a: Delphox\n|-activate|p2a: Delphox|move: Protect\n|\n|upkeep\n|turn|8\n|\n|t:|1776272650\n|move|p1a: Farigiraf|Psychic|p2a: Delphox\n|-resisted|p2a: Delphox|1\n|-activate|p2a: Delphox|move: Substitute|[damage]\n|move|p2a: Delphox|Heat Wave|p1a: Farigiraf|[miss]\n|-miss|p2a: Delphox|p1a: Farigiraf\n|\n|upkeep\n|turn|9\n|\n|t:|1776272659\n|move|p2a: Delphox|Protect|p2a: Delphox\n|-singleturn|p2a: Delphox|Protect\n|move|p1a: Farigiraf|Psychic|p2a: Delphox\n|-activate|p2a: Delphox|move: Protect\n|\n|upkeep\n|turn|10\n|\n|t:|1776272667\n|move|p1a: Farigiraf|Psychic|p2a: Delphox\n|-resisted|p2a: Delphox|1\n|-end|p2a: Delphox|Substitute\n|move|p2a: Delphox|Heat Wave|p1a: Farigiraf|[miss]\n|-miss|p2a: Delphox|p1a: Farigiraf\n|\n|-fieldend|move: Trick Room\n|upkeep\n|turn|11\n|\n|t:|1776272675\n|move|p2a: Delphox|Heat Wave|p1a: Farigiraf\n|-damage|p1a: Farigiraf|0 fnt\n|faint|p1a: Farigiraf\n|\n|win|Yunobo7\n|raw|ceesar99's rating: 1211 &rarr; <strong>1192</strong><br />(-19 for losing)\n|raw|Yunobo7's rating: 1291 &rarr; <strong>1310</strong><br />(+19 for winning)\n|l|\u2606ceesar99\n|player|p1|\n",
  "uploadtime": 1776272682,
  "views": 16,
  "formatid": "gen9championsvgc2026regma",
  "rating": 1192,
  "private": 0,
  "password": null
}