{
  "id": "gen9championsvgc2026regma-2583912609",
  "format": "[Gen 9 Champions] VGC 2026 Reg M-A",
  "players": [
    "Eon_Edge",
    "tripel axel"
  ],
  "log": "|j|\u2606Eon_Edge\n|j|\u2606tripel axel\n|t:|1776207714\n|gametype|doubles\n|player|p1|Eon_Edge|coin|1379\n|player|p2|tripel axel|janine|1319\n|gen|9\n|tier|[Gen 9 Champions] VGC 2026 Reg M-A\n|rated|\n|rule|Species Clause: Limit one of each Pok\u00e9mon\n|rule|Item Clause: Limit 1 of each item\n|clearpoke\n|poke|p1|Banette, L50, M|\n|poke|p1|Aerodactyl, L50, F|\n|poke|p1|Empoleon, L50, M|\n|poke|p1|Garchomp, L50, F|\n|poke|p1|Charizard, L50, F|\n|poke|p1|Maushold, L50|\n|poke|p2|Chesnaught, L50, F|\n|poke|p2|Sinistcha, L50|\n|poke|p2|Incineroar, L50, M|\n|poke|p2|Delphox, L50, M|\n|poke|p2|Garganacl, L50, F|\n|poke|p2|Rotom-Wash, L50|\n|teampreview|4\n|inactive|Battle timer is ON: inactive players will automatically lose when time's up. (requested by tripel axel)\n|inactive|Eon_Edge has 60 seconds left.\n|inactive|tripel axel has 60 seconds left.\n|\n|t:|1776207774\n|teamsize|p1|4\n|teamsize|p2|4\n|start\n|switch|p1a: Banette|Banette, L50, M|100/100\n|switch|p1b: Empoleon|Empoleon, L50, M|100/100\n|switch|p2a: Delphox|Delphox, L50, M|100/100\n|switch|p2b: Rotom|Rotom-Wash, L50|100/100\n|-item|p2a: Delphox|Delphoxite|[from] ability: Frisk|[of] p1a: Banette\n|-item|p2b: Rotom|Choice Scarf|[from] ability: Frisk|[of] p1a: Banette\n|turn|1\n|inactive|Eon_Edge has 30 seconds left.\n|\n|t:|1776207801\n|detailschange|p1a: Banette|Banette-Mega, L50, M\n|-mega|p1a: Banette|Banette|Banettite\n|move|p1b: Empoleon|Protect|p1b: Empoleon\n|-singleturn|p1b: Empoleon|Protect\n|move|p2b: Rotom|Volt Switch|p1a: Banette\n|-damage|p1a: Banette|51/100\n|\n|t:|1776207809\n|switch|p2b: Garganacl|Garganacl, L50, F|100/100|[from] Volt Switch\n|move|p2a: Delphox|Heat Wave|p1a: Banette|[spread] p1a\n|-activate|p1b: Empoleon|move: Protect\n|-damage|p1a: Banette|0 fnt\n|faint|p1a: Banette\n|\n|upkeep\n|\n|t:|1776207819\n|switch|p1a: Aerodactyl|Aerodactyl, L50, F|100/100\n|-ability|p1a: Aerodactyl|Unnerve\n|turn|2\n|\n|t:|1776207829\n|detailschange|p2a: Delphox|Delphox-Mega, L50, M\n|-mega|p2a: Delphox|Delphox|Delphoxite\n|move|p2a: Delphox|Heat Wave|p1b: Empoleon|[spread] p1a\n|-miss|p2a: Delphox|p1b: Empoleon\n|-resisted|p1a: Aerodactyl|1\n|-damage|p1a: Aerodactyl|69/100\n|move|p1a: Aerodactyl|Tailwind|p1a: Aerodactyl\n|-sidestart|p1: Eon_Edge|move: Tailwind\n|move|p1b: Empoleon|Hydro Pump|p2b: Garganacl\n|-supereffective|p2b: Garganacl|1\n|-damage|p2b: Garganacl|31/100\n|move|p2b: Garganacl|Salt Cure|p1a: Aerodactyl\n|-supereffective|p1a: Aerodactyl|1\n|-damage|p1a: Aerodactyl|26/100\n|-start|p1a: Aerodactyl|Salt Cure\n|\n|-heal|p2b: Garganacl|37/100|[from] item: Leftovers\n|-damage|p1a: Aerodactyl|20/100|[from] Salt Cure\n|upkeep\n|turn|3\n|inactive|Eon_Edge has 30 seconds left.\n|inactive|Eon_Edge has 20 seconds left.\n|inactive|tripel axel has 30 seconds left.\n|\n|t:|1776207869\n|switch|p1a: Maushold|Maushold, L50|100/100\n|switch|p2a: Rotom|Rotom-Wash, L50|100/100\n|move|p2b: Garganacl|Protect|p2b: Garganacl\n|-singleturn|p2b: Garganacl|Protect\n|move|p1b: Empoleon|Hydro Pump|p2a: Rotom\n|-resisted|p2a: Rotom|1\n|-damage|p2a: Rotom|65/100\n|\n|-heal|p2b: Garganacl|43/100|[from] item: Leftovers\n|upkeep\n|turn|4\n|\n|t:|1776207889\n|move|p1b: Empoleon|Protect|p1b: Empoleon\n|-singleturn|p1b: Empoleon|Protect\n|move|p1a: Maushold|Super Fang|p2a: Rotom|[miss]\n|-miss|p1a: Maushold|p2a: Rotom\n|move|p2a: Rotom|Volt Switch|p1b: Empoleon\n|-activate|p1b: Empoleon|move: Protect\n|move|p2b: Garganacl|Salt Cure|p1b: Empoleon\n|-activate|p1b: Empoleon|move: Protect\n|\n|-heal|p2b: Garganacl|48/100|[from] item: Leftovers\n|upkeep\n|turn|5\n|\n|t:|1776207905\n|move|p1a: Maushold|Follow Me|p1a: Maushold\n|-singleturn|p1a: Maushold|move: Follow Me\n|move|p2a: Rotom|Volt Switch|p1a: Maushold\n|-damage|p1a: Maushold|62/100\n|\n|t:|1776207911\n|switch|p2a: Delphox|Delphox-Mega, L50, M|100/100|[from] Volt Switch\n|move|p1b: Empoleon|Hydro Pump|p2b: Garganacl\n|-supereffective|p2b: Garganacl|1\n|-damage|p2b: Garganacl|0 fnt\n|faint|p2b: Garganacl\n|\n|-sideend|p1: Eon_Edge|move: Tailwind\n|upkeep\n|\n|t:|1776207921\n|switch|p2b: Rotom|Rotom-Wash, L50|65/100\n|turn|6\n|\n|t:|1776207927\n|move|p1a: Maushold|Protect|p1a: Maushold\n|-singleturn|p1a: Maushold|Protect\n|move|p2b: Rotom|Thunderbolt|p1b: Empoleon\n|-supereffective|p1b: Empoleon|1\n|-damage|p1b: Empoleon|46/100\n|move|p2a: Delphox|Heat Wave|p1b: Empoleon|[spread] p1b\n|-activate|p1a: Maushold|move: Protect\n|-damage|p1b: Empoleon|16/100\n|move|p1b: Empoleon|Hydro Pump|p2a: Delphox\n|-supereffective|p2a: Delphox|1\n|-damage|p2a: Delphox|0 fnt\n|faint|p2a: Delphox\n|\n|-heal|p1b: Empoleon|21/100|[from] item: Leftovers\n|upkeep\n|\n|t:|1776207944\n|switch|p2a: Incineroar|Incineroar, L50, M|100/100\n|-ability|p2a: Incineroar|Intimidate|boost\n|-unboost|p1a: Maushold|atk|1\n|-unboost|p1b: Empoleon|atk|1\n|-ability|p1b: Empoleon|Competitive|boost\n|-boost|p1b: Empoleon|spa|2\n|turn|7\n|\n|t:|1776207957\n|move|p1a: Maushold|Protect||[still]\n|-fail|p1a: Maushold\n|move|p1b: Empoleon|Protect|p1b: Empoleon\n|-singleturn|p1b: Empoleon|Protect\n|move|p2a: Incineroar|Fake Out|p1a: Maushold\n|-damage|p1a: Maushold|44/100\n|move|p2b: Rotom|Thunderbolt|p1b: Empoleon\n|-activate|p1b: Empoleon|move: Protect\n|\n|-heal|p1b: Empoleon|27/100|[from] item: Leftovers\n|upkeep\n|turn|8\n|\n|t:|1776207976\n|move|p1a: Maushold|Follow Me|p1a: Maushold\n|-singleturn|p1a: Maushold|move: Follow Me\n|move|p2b: Rotom|Thunderbolt|p1a: Maushold\n|-damage|p1a: Maushold|0 fnt\n|faint|p1a: Maushold\n|move|p1b: Empoleon|Hydro Pump|p2a: Incineroar\n|-supereffective|p2a: Incineroar|1\n|-damage|p2a: Incineroar|0 fnt\n|faint|p2a: Incineroar\n|\n|-heal|p1b: Empoleon|33/100|[from] item: Leftovers\n|upkeep\n|\n|t:|1776207980\n|switch|p1a: Aerodactyl|Aerodactyl, L50, F|20/100\n|-ability|p1a: Aerodactyl|Unnerve\n|turn|9\n|\n|t:|1776207992\n|move|p1a: Aerodactyl|Protect|p1a: Aerodactyl\n|-singleturn|p1a: Aerodactyl|Protect\n|move|p2b: Rotom|Thunderbolt|p1a: Aerodactyl\n|-activate|p1a: Aerodactyl|move: Protect\n|move|p1b: Empoleon|Flash Cannon|p2b: Rotom\n|-resisted|p2b: Rotom|2\n|-damage|p2b: Rotom|42/100\n|\n|-heal|p1b: Empoleon|39/100|[from] item: Leftovers\n|upkeep\n|turn|10\n|\n|t:|1776208003\n|move|p2b: Rotom|Thunderbolt|p1a: Aerodactyl\n|-supereffective|p1a: Aerodactyl|1\n|-damage|p1a: Aerodactyl|0 fnt\n|faint|p1a: Aerodactyl\n|move|p1b: Empoleon|Hydro Pump|p2b: Rotom\n|-resisted|p2b: Rotom|1\n|-damage|p2b: Rotom|0 fnt\n|faint|p2b: Rotom\n|\n|win|Eon_Edge\n|raw|Eon_Edge's rating: 1379 &rarr; <strong>1396</strong><br />(+17 for winning)\n|raw|tripel axel's rating: 1319 &rarr; <strong>1302</strong><br />(-17 for losing)\n",
  "uploadtime": 1776208007,
  "views": 23,
  "formatid": "gen9championsvgc2026regma",
  "rating": 1302,
  "private": 0,
  "password": null
}