{
  "id": "gen9championsvgc2026regma-2583722758",
  "format": "[Gen 9 Champions] VGC 2026 Reg M-A",
  "players": [
    "nick765chb",
    "Juya"
  ],
  "log": "|j|\u2606nick765chb\n|j|\u2606Juya\n|t:|1776193278\n|gametype|doubles\n|player|p1|nick765chb|169|1343\n|player|p2|Juya|169|1305\n|gen|9\n|tier|[Gen 9 Champions] VGC 2026 Reg M-A\n|rated|\n|rule|Species Clause: Limit one of each Pok\u00e9mon\n|rule|Item Clause: Limit 1 of each item\n|clearpoke\n|poke|p1|Venusaur, L50, M|\n|poke|p1|Dragonite, L50, F|\n|poke|p1|Kingambit, L50, M|\n|poke|p1|Sneasler, L50, F|\n|poke|p1|Incineroar, L50, M|\n|poke|p1|Basculegion, L50, M|\n|poke|p2|Floette-Eternal, L50, F|\n|poke|p2|Whimsicott, L50, F|\n|poke|p2|Tyranitar, L50, F|\n|poke|p2|Garchomp, L50, M|\n|poke|p2|Typhlosion-Hisui, L50, M|\n|poke|p2|Tsareena, L50, F|\n|teampreview|4\n|inactive|Battle timer is ON: inactive players will automatically lose when time's up. (requested by Juya)\n|inactive|nick765chb has 60 seconds left.\n|\n|t:|1776193311\n|teamsize|p1|4\n|teamsize|p2|4\n|start\n|switch|p1a: Venusaur|Venusaur, L50, M|100/100\n|switch|p1b: Basculegion|Basculegion, L50, M|100/100\n|switch|p2a: Whimsicott|Whimsicott, L50, F, shiny|100/100\n|switch|p2b: Typhlosion|Typhlosion-Hisui, L50, M|100/100\n|turn|1\n|inactive|nick765chb has 30 seconds left.\n|\n|t:|1776193342\n|detailschange|p1a: Venusaur|Venusaur-Mega, L50, M\n|-mega|p1a: Venusaur|Venusaur|Venusaurite\n|move|p2a: Whimsicott|Fake Tears|p1a: Venusaur\n|-unboost|p1a: Venusaur|spd|2\n|move|p2b: Typhlosion|Shadow Ball|p1b: Basculegion\n|-supereffective|p1b: Basculegion|1\n|-damage|p1b: Basculegion|0 fnt\n|faint|p1b: Basculegion\n|move|p1a: Venusaur|Sludge Bomb|p2a: Whimsicott\n|-supereffective|p2a: Whimsicott|2\n|-enditem|p2a: Whimsicott|Focus Sash\n|-damage|p2a: Whimsicott|1/100\n|\n|upkeep\n|\n|t:|1776193356\n|switch|p1b: Incineroar|Incineroar, L50, M|100/100\n|-ability|p1b: Incineroar|Intimidate|boost\n|-unboost|p2a: Whimsicott|atk|1\n|-unboost|p2b: Typhlosion|atk|1\n|turn|2\n|\n|t:|1776193370\n|switch|p1a: Sneasler|Sneasler, L50, F|100/100\n|move|p1b: Incineroar|Fake Out|p2a: Whimsicott\n|-damage|p2a: Whimsicott|0 fnt\n|faint|p2a: Whimsicott\n|move|p2b: Typhlosion|Shadow Ball|p1a: Sneasler\n|-damage|p1a: Sneasler|37/100\n|\n|upkeep\n|\n|t:|1776193380\n|switch|p2a: Garchomp|Garchomp, L50, M|100/100\n|turn|3\n|inactive|nick765chb has 30 seconds left.\n|\n|t:|1776193413\n|move|p1a: Sneasler|Protect|p1a: Sneasler\n|-singleturn|p1a: Sneasler|Protect\n|move|p2b: Typhlosion|Shadow Ball|p1a: Sneasler\n|-activate|p1a: Sneasler|move: Protect\n|move|p2a: Garchomp|Swords Dance|p2a: Garchomp\n|-boost|p2a: Garchomp|atk|2\n|move|p1b: Incineroar|Parting Shot|p2a: Garchomp\n|-unboost|p2a: Garchomp|atk|1\n|-unboost|p2a: Garchomp|spa|1\n|\n|t:|1776193424\n|switch|p1b: Venusaur|Venusaur-Mega, L50, M|100/100|[from] Parting Shot\n|\n|upkeep\n|turn|4\n|inactive|nick765chb has 30 seconds left.\n|\n|t:|1776193456\n|move|p2b: Typhlosion|Shadow Ball|p1a: Sneasler\n|-damage|p1a: Sneasler|0 fnt\n|faint|p1a: Sneasler\n|move|p2a: Garchomp|Dragon Claw|p1b: Venusaur\n|-damage|p1b: Venusaur|48/100\n|move|p1b: Venusaur|Leech Seed|p2a: Garchomp\n|-start|p2a: Garchomp|move: Leech Seed\n|\n|-damage|p2a: Garchomp|88/100|[from] Leech Seed|[of] p1b: Venusaur\n|-heal|p1b: Venusaur|60/100|[silent]\n|upkeep\n|\n|t:|1776193468\n|switch|p1a: Incineroar|Incineroar, L50, M|100/100\n|-ability|p1a: Incineroar|Intimidate|boost\n|-unboost|p2a: Garchomp|atk|1\n|-unboost|p2b: Typhlosion|atk|1\n|turn|5\n|inactive|nick765chb has 30 seconds left.\n|\n|t:|1776193500\n|switch|p2a: Tsareena|Tsareena, L50, F|100/100\n|move|p2b: Typhlosion|Shadow Ball|p1b: Venusaur\n|-damage|p1b: Venusaur|30/100\n|move|p1b: Venusaur|Earth Power|p2b: Typhlosion\n|-supereffective|p2b: Typhlosion|1\n|-damage|p2b: Typhlosion|34/100\n|-unboost|p2b: Typhlosion|spd|1\n|move|p1a: Incineroar|Darkest Lariat|p2b: Typhlosion\n|-supereffective|p2b: Typhlosion|1\n|-damage|p2b: Typhlosion|0 fnt\n|faint|p2b: Typhlosion\n|\n|upkeep\n|\n|t:|1776193511\n|switch|p2b: Garchomp|Garchomp, L50, M|88/100\n|turn|6\n|\n|t:|1776193533\n|move|p2a: Tsareena|Protect|p2a: Tsareena\n|-singleturn|p2a: Tsareena|Protect\n|move|p2b: Garchomp|Swords Dance|p2b: Garchomp\n|-boost|p2b: Garchomp|atk|2\n|move|p1b: Venusaur|Leech Seed|p2b: Garchomp\n|-start|p2b: Garchomp|move: Leech Seed\n|move|p1a: Incineroar|Flare Blitz|p2a: Tsareena\n|-activate|p2a: Tsareena|move: Protect\n|\n|-damage|p2b: Garchomp|76/100|[from] Leech Seed|[of] p1b: Venusaur\n|-heal|p1b: Venusaur|42/100|[silent]\n|upkeep\n|turn|7\n|inactive|nick765chb has 30 seconds left.\n|inactive|nick765chb has 20 seconds left.\n|inactive|nick765chb has 15 seconds left.\n|inactive|nick765chb has 10 seconds left.\n|inactive|nick765chb has 5 seconds left.\n|\n|t:|1776193584\n|move|p2a: Tsareena|Helping Hand|p2b: Garchomp\n|-singleturn|p2b: Garchomp|Helping Hand|[of] p2a: Tsareena\n|move|p2b: Garchomp|Stomping Tantrum|p1a: Incineroar\n|-supereffective|p1a: Incineroar|1\n|-damage|p1a: Incineroar|0 fnt\n|faint|p1a: Incineroar\n|move|p1b: Venusaur|Sludge Bomb|p2a: Tsareena\n|-supereffective|p2a: Tsareena|1\n|-damage|p2a: Tsareena|21/100\n|\n|-damage|p2b: Garchomp|64/100|[from] Leech Seed|[of] p1b: Venusaur\n|-heal|p1b: Venusaur|54/100|[silent]\n|upkeep\n|turn|8\n|\n|t:|1776193601\n|move|p2a: Tsareena|Helping Hand|p2b: Garchomp\n|-singleturn|p2b: Garchomp|Helping Hand|[of] p2a: Tsareena\n|move|p2b: Garchomp|Dragon Claw|p1b: Venusaur\n|-damage|p1b: Venusaur|0 fnt\n|faint|p1b: Venusaur\n|\n|win|Juya\n|raw|nick765chb's rating: 1343 &rarr; <strong>1321</strong><br />(-22 for losing)\n|raw|Juya's rating: 1305 &rarr; <strong>1327</strong><br />(+22 for winning)\n",
  "uploadtime": 1776193611,
  "views": 41,
  "formatid": "gen9championsvgc2026regma",
  "rating": 1321,
  "private": 0,
  "password": null
}