{
  "id": "gen9championsvgc2026regma-2588253423",
  "format": "[Gen 9 Champions] VGC 2026 Reg M-A",
  "players": [
    "labaladecos",
    "lSuis"
  ],
  "log": "|j|\u2606labaladecos\n|j|\u2606lSuis\n|t:|1776618331\n|gametype|doubles\n|player|p1|labaladecos|hugh|1191\n|player|p2|lSuis|clerk|1260\n|gen|9\n|tier|[Gen 9 Champions] VGC 2026 Reg M-A\n|rated|\n|rule|Species Clause: Limit one of each Pok\u00e9mon\n|rule|Item Clause: Limit 1 of each item\n|clearpoke\n|poke|p1|Dragonite, L50, F|\n|poke|p1|Pelipper, L50, F|\n|poke|p1|Archaludon, L50, F|\n|poke|p1|Basculegion, L50, M|\n|poke|p1|Gengar, L50, M|\n|poke|p1|Scizor, L50, M|\n|poke|p2|Gardevoir, L50, M, shiny|\n|poke|p2|Maushold, L50, shiny|\n|poke|p2|Basculegion, L50, M, shiny|\n|poke|p2|Garchomp, L50, M, shiny|\n|poke|p2|Kingambit, L50, F, shiny|\n|poke|p2|Talonflame, L50, M, shiny|\n|teampreview|4\n|inactive|Battle timer is ON: inactive players will automatically lose when time's up. (requested by lSuis)\nlSuis rejected open team sheets.\n|inactive|labaladecos has 60 seconds left.\n|\n|t:|1776618382\n|teamsize|p1|4\n|teamsize|p2|4\n|start\n|switch|p1a: Pelipper|Pelipper, L50, F|100/100\n|switch|p1b: Basculegion|Basculegion, L50, M|100/100\n|switch|p2a: Elma|Gardevoir, L50, M, shiny|100/100\n|switch|p2b: :v|Maushold, L50, shiny|100/100\n|-weather|RainDance|[from] ability: Drizzle|[of] p1a: Pelipper\n|-ability|p2a: Elma|Drizzle|Trace|[from] ability: Trace|[of] p1a: Pelipper\n|turn|1\n|\n|t:|1776618399\n|detailschange|p2a: Elma|Gardevoir-Mega, L50, M, shiny\n|-mega|p2a: Elma|Gardevoir|Gardevoirite\n|move|p2b: :v|Follow Me|p2b: :v\n|-singleturn|p2b: :v|move: Follow Me\n|move|p1b: Basculegion|Wave Crash|p2b: :v\n|-enditem|p2b: :v|Focus Sash\n|-damage|p2b: :v|1/100\n|-damage|p1b: Basculegion|71/100|[from] Recoil\n|move|p1a: Pelipper|Icy Wind|p2a: Elma|[spread] p2a,p2b\n|-damage|p2a: Elma|94/100\n|-damage|p2b: :v|0 fnt\n|-unboost|p2a: Elma|spe|1\n|faint|p2b: :v\n|move|p2a: Elma|Trick Room|p2a: Elma\n|-fieldstart|move: Trick Room|[of] p2a: Elma\n|\n|-weather|RainDance|[upkeep]\n|upkeep\n|\n|t:|1776618412\n|switch|p2b: Amy|Basculegion, L50, M, shiny|100/100\n|turn|2\n|inactive|labaladecos has 30 seconds left.\n|\n|t:|1776618446\n|switch|p1a: Scizor|Scizor, L50, M|100/100\n|move|p1b: Basculegion|Aqua Jet|p2a: Elma\n|-damage|p2a: Elma|43/100\n|move|p2a: Elma|Hyper Voice|p1b: Basculegion|[spread] p1a,p1b\n|-resisted|p1a: Scizor|1\n|-damage|p1a: Scizor|68/100\n|-damage|p1b: Basculegion|10/100\n|move|p2b: Amy|Last Respects|p1b: Basculegion\n|-supereffective|p1b: Basculegion|1\n|-damage|p1b: Basculegion|0 fnt\n|faint|p1b: Basculegion\n|\n|-weather|RainDance|[upkeep]\n|upkeep\n|\n|t:|1776618462\n|switch|p1b: Archaludon|Archaludon, L50, F|100/100\n|turn|3\n|\n|t:|1776618469\n|detailschange|p1a: Scizor|Scizor-Mega, L50, M\n|-mega|p1a: Scizor|Scizor|Scizorite\n|move|p2a: Elma|Protect|p2a: Elma\n|-singleturn|p2a: Elma|Protect\n|move|p1a: Scizor|Bullet Punch|p2a: Elma\n|-activate|p2a: Elma|move: Protect\n|move|p2b: Amy|Last Respects|p1a: Scizor\n|-damage|p1a: Scizor|14/100\n|move|p1b: Archaludon|Electro Shot||[still]\n|-prepare|p1b: Archaludon|Electro Shot\n|-boost|p1b: Archaludon|spa|1\n|-anim|p1b: Archaludon|Electro Shot|p2b: Amy\n|-supereffective|p2b: Amy|1\n|-damage|p2b: Amy|0 fnt\n|faint|p2b: Amy\n|\n|-weather|RainDance|[upkeep]\n|upkeep\n|\n|t:|1776618480\n|switch|p2b: Koe|Kingambit, L50, F, shiny|100/100\n|turn|4\n|\n|t:|1776618497\n|move|p1a: Scizor|Bullet Punch|p2a: Elma\n|-supereffective|p2a: Elma|1\n|-damage|p2a: Elma|0 fnt\n|faint|p2a: Elma\n|move|p2b: Koe|Low Kick|p1b: Archaludon\n|-supereffective|p1b: Archaludon|1\n|-damage|p1b: Archaludon|54/100\n|-ability|p1b: Archaludon|Stamina|boost\n|-boost|p1b: Archaludon|def|1\n|move|p1b: Archaludon|Aura Sphere|p2b: Koe\n|-supereffective|p2b: Koe|2\n|-enditem|p2b: Koe|Chople Berry|[eat]\n|-enditem|p2b: Koe|Chople Berry|[weaken]\n|-damage|p2b: Koe|17/100\n|\n|-weather|RainDance|[upkeep]\n|-heal|p1b: Archaludon|60/100|[from] item: Leftovers\n|upkeep\n|turn|5\n|-message|lSuis forfeited.\n|\n|win|labaladecos\n|raw|labaladecos's rating: 1191 &rarr; <strong>1221</strong><br />(+30 for winning)\n|raw|lSuis's rating: 1260 &rarr; <strong>1230</strong><br />(-30 for losing)\n|l|\u2606lSuis\n|player|p2|\n",
  "uploadtime": 1776618512,
  "views": 12,
  "formatid": "gen9championsvgc2026regma",
  "rating": 1221,
  "private": 0,
  "password": null
}