{
  "id": "gen9championsvgc2026regma-2583891418",
  "format": "[Gen 9 Champions] VGC 2026 Reg M-A",
  "players": [
    "paumelone",
    "peepeepowo"
  ],
  "log": "|j|\u2606paumelone\n|j|\u2606peepeepowo\n|t:|1776205928\n|gametype|doubles\n|player|p1|paumelone|2|1075\n|player|p2|peepeepowo|iris-gen5bw2|1055\n|gen|9\n|tier|[Gen 9 Champions] VGC 2026 Reg M-A\n|rated|\n|rule|Species Clause: Limit one of each Pok\u00e9mon\n|rule|Item Clause: Limit 1 of each item\n|clearpoke\n|poke|p1|Toucannon, L50, F|\n|poke|p1|Garchomp, L50, F|\n|poke|p1|Tyranitar, L50, F|\n|poke|p1|Incineroar, L50, F|\n|poke|p1|Hippowdon, L50, F|\n|poke|p1|Farigiraf, L50, F|\n|poke|p2|Basculegion, L50, M|\n|poke|p2|Pelipper, L50, F|\n|poke|p2|Floette-Eternal, L50, F|\n|poke|p2|Gyarados, L50, M|\n|poke|p2|Sneasler, L50, F|\n|poke|p2|Sinistcha, L50|\n|teampreview|4\npaumelone rejected open team sheets.\n|\n|t:|1776205959\n|teamsize|p1|4\n|teamsize|p2|4\n|start\n|switch|p1a: Toucannon|Toucannon, L50, F, shiny|100/100\n|switch|p1b: Tyranitar|Tyranitar, L50, F, shiny|100/100\n|switch|p2a: Gyarados|Gyarados, L50, M|100/100\n|switch|p2b: Sneasler|Sneasler, L50, F|100/100\n|-ability|p2a: Gyarados|Intimidate|boost\n|-unboost|p1a: Toucannon|atk|1\n|-unboost|p1b: Tyranitar|atk|1\n|-weather|Sandstorm|[from] ability: Sand Stream|[of] p1b: Tyranitar\n|turn|1\n|\n|t:|1776205999\n|switch|p1a: Incineroar|Incineroar, L50, F|100/100\n|-ability|p1a: Incineroar|Intimidate|boost\n|-unboost|p2a: Gyarados|atk|1\n|-unboost|p2b: Sneasler|atk|1\n|-enditem|p2b: Sneasler|White Herb\n|-clearnegativeboost|p2b: Sneasler|[silent]\n|switch|p1b: Garchomp|Garchomp, L50, F|100/100\n|move|p2b: Sneasler|Fake Out|p1b: Garchomp\n|-damage|p1b: Garchomp|85/100\n|move|p2a: Gyarados|Thunder Wave|p1a: Incineroar|[miss]\n|-miss|p2a: Gyarados|p1a: Incineroar\n|\n|-weather|Sandstorm|[upkeep]\n|-damage|p2b: Sneasler|95/100|[from] Sandstorm\n|-damage|p2a: Gyarados|95/100|[from] Sandstorm\n|-damage|p1a: Incineroar|95/100|[from] Sandstorm\n|upkeep\n|turn|2\n|\n|t:|1776206038\n|move|p2b: Sneasler|Protect|p2b: Sneasler\n|-singleturn|p2b: Sneasler|Protect\n|move|p2a: Gyarados|Protect|p2a: Gyarados\n|-singleturn|p2a: Gyarados|Protect\n|move|p1a: Incineroar|Protect|p1a: Incineroar\n|-singleturn|p1a: Incineroar|Protect\n|move|p1b: Garchomp|Earthquake|p2b: Sneasler|[spread] \n|-activate|p1a: Incineroar|move: Protect\n|-activate|p2a: Gyarados|move: Protect\n|-activate|p2b: Sneasler|move: Protect\n|\n|-weather|Sandstorm|[upkeep]\n|-damage|p2b: Sneasler|89/100|[from] Sandstorm\n|-damage|p2a: Gyarados|89/100|[from] Sandstorm\n|-damage|p1a: Incineroar|89/100|[from] Sandstorm\n|upkeep\n|turn|3\n|\n|t:|1776206062\n|switch|p1a: Toucannon|Toucannon, L50, F, shiny|100/100\n|move|p2b: Sneasler|Close Combat|p1a: Toucannon\n|-damage|p1a: Toucannon|16/100\n|-unboost|p2b: Sneasler|def|1\n|-unboost|p2b: Sneasler|spd|1\n|move|p1b: Garchomp|Earthquake|p2a: Gyarados|[spread] p2b\n|-immune|p1a: Toucannon\n|-immune|p2a: Gyarados\n|-supereffective|p2b: Sneasler|1\n|-damage|p2b: Sneasler|0 fnt\n|faint|p2b: Sneasler\n|move|p2a: Gyarados|Waterfall|p1a: Toucannon\n|-damage|p1a: Toucannon|0 fnt\n|faint|p1a: Toucannon\n|\n|-weather|Sandstorm|[upkeep]\n|-damage|p2a: Gyarados|83/100|[from] Sandstorm\n|upkeep\n|\n|t:|1776206087\n|switch|p2b: Floette|Floette-Eternal, L50, F|100/100\n|switch|p1a: Tyranitar|Tyranitar, L50, F, shiny|100/100\n|turn|4\n|\n|t:|1776206109\n|detailschange|p2b: Floette|Floette-Mega, L50, F\n|-mega|p2b: Floette|Floette|Floettite\n|-ability|p2b: Floette|Fairy Aura\n|move|p2b: Floette|Protect|p2b: Floette\n|-singleturn|p2b: Floette|Protect\n|move|p1b: Garchomp|Iron Head|p2b: Floette\n|-activate|p2b: Floette|move: Protect\n|move|p2a: Gyarados|Waterfall|p1a: Tyranitar\n|-supereffective|p1a: Tyranitar|1\n|-damage|p1a: Tyranitar|55/100\n|move|p1a: Tyranitar|Rock Slide|p2b: Floette|[spread] p2a\n|-activate|p2b: Floette|move: Protect\n|-supereffective|p2a: Gyarados|1\n|-damage|p2a: Gyarados|7/100\n|\n|-weather|Sandstorm|[upkeep]\n|-damage|p2b: Floette|95/100|[from] Sandstorm\n|-damage|p2a: Gyarados|2/100|[from] Sandstorm\n|upkeep\n|turn|5\n|\n|t:|1776206139\n|switch|p2b: Pelipper|Pelipper, L50, F|100/100\n|-weather|RainDance|[from] ability: Drizzle|[of] p2b: Pelipper\n|switch|p1a: Incineroar|Incineroar, L50, F|89/100\n|-ability|p1a: Incineroar|Intimidate|boost\n|-unboost|p2a: Gyarados|atk|1\n|-unboost|p2b: Pelipper|atk|1\n|move|p1b: Garchomp|Iron Head|p2b: Pelipper\n|-resisted|p2b: Pelipper|1\n|-damage|p2b: Pelipper|85/100\n|move|p2a: Gyarados|Waterfall|p1a: Incineroar\n|-supereffective|p1a: Incineroar|1\n|-damage|p1a: Incineroar|34/100\n|\n|-weather|RainDance|[upkeep]\n|upkeep\n|turn|6\n|\n|t:|1776206187\n|switch|p1b: Tyranitar|Tyranitar, L50, F, shiny|55/100\n|-weather|Sandstorm|[from] ability: Sand Stream|[of] p1b: Tyranitar\n|move|p2b: Pelipper|Wide Guard|p2b: Pelipper\n|-singleturn|p2b: Pelipper|Wide Guard\n|move|p1a: Incineroar|Fake Out|p2b: Pelipper\n|-damage|p2b: Pelipper|73/100\n|move|p2a: Gyarados|Waterfall|p1a: Incineroar\n|-supereffective|p1a: Incineroar|1\n|-damage|p1a: Incineroar|0 fnt\n|faint|p1a: Incineroar\n|\n|-weather|Sandstorm|[upkeep]\n|-damage|p2b: Pelipper|67/100|[from] Sandstorm\n|-damage|p2a: Gyarados|0 fnt|[from] Sandstorm\n|faint|p2a: Gyarados\n|upkeep\n|\n|t:|1776206208\n|switch|p2a: Floette|Floette-Mega, L50, F|95/100\n|switch|p1a: Garchomp|Garchomp, L50, F|85/100\n|-ability|p2a: Floette|Fairy Aura\n|turn|7\n|\n|t:|1776206226\n|detailschange|p1b: Tyranitar|Tyranitar-Mega, L50, F, shiny\n|-mega|p1b: Tyranitar|Tyranitar|Tyranitarite\n|move|p2a: Floette|Protect|p2a: Floette\n|-singleturn|p2a: Floette|Protect\n|move|p1a: Garchomp|Iron Head|p2a: Floette\n|-activate|p2a: Floette|move: Protect\n|move|p2b: Pelipper|Tailwind|p2b: Pelipper\n|-sidestart|p2: peepeepowo|move: Tailwind\n|move|p1b: Tyranitar|Rock Slide|p2a: Floette|[spread] p2b\n|-activate|p2a: Floette|move: Protect\n|-supereffective|p2b: Pelipper|1\n|-damage|p2b: Pelipper|0 fnt\n|faint|p2b: Pelipper\n|\n|-weather|Sandstorm|[upkeep]\n|-damage|p2a: Floette|89/100|[from] Sandstorm\n|upkeep\n|turn|8\n|\n|t:|1776206274\n|move|p2a: Floette|Dazzling Gleam|p1a: Garchomp|[spread] p1a,p1b\n|-supereffective|p1a: Garchomp|1\n|-supereffective|p1b: Tyranitar|1\n|-damage|p1a: Garchomp|0 fnt\n|-damage|p1b: Tyranitar|7/100\n|faint|p1a: Garchomp\n|move|p1b: Tyranitar|Knock Off|p2a: Floette\n|-resisted|p2a: Floette|1\n|-damage|p2a: Floette|59/100\n|\n|-weather|Sandstorm|[upkeep]\n|-damage|p2a: Floette|53/100|[from] Sandstorm\n|upkeep\n|turn|9\n|\n|t:|1776206285\n|move|p1b: Tyranitar|Protect|p1b: Tyranitar\n|-singleturn|p1b: Tyranitar|Protect\n|move|p2a: Floette|Moonblast|p1b: Tyranitar\n|-activate|p1b: Tyranitar|move: Protect\n|\n|-weather|Sandstorm|[upkeep]\n|-damage|p2a: Floette|47/100|[from] Sandstorm\n|upkeep\n|turn|10\n|\n|t:|1776206297\n|move|p1b: Tyranitar|Protect||[still]\n|-fail|p1b: Tyranitar\n|move|p2a: Floette|Moonblast|p1b: Tyranitar\n|-supereffective|p1b: Tyranitar|1\n|-damage|p1b: Tyranitar|0 fnt\n|faint|p1b: Tyranitar\n|\n|win|peepeepowo\n|raw|paumelone's rating: 1075 &rarr; <strong>1053</strong><br />(-22 for losing)\n|raw|peepeepowo's rating: 1055 &rarr; <strong>1089</strong><br />(+34 for winning)\n",
  "uploadtime": 1776206307,
  "views": 18,
  "formatid": "gen9championsvgc2026regma",
  "rating": 1053,
  "private": 0,
  "password": null
}