{
  "id": "gen9championsvgc2026regma-2583954411",
  "format": "[Gen 9 Champions] VGC 2026 Reg M-A",
  "players": [
    "Draczin",
    "JimmiBunnie"
  ],
  "log": "|j|\u2606Draczin\n|j|\u2606JimmiBunnie\n|t:|1776211440\n|gametype|doubles\n|player|p1|Draczin|101|1182\n|player|p2|JimmiBunnie|pokekid|1084\n|gen|9\n|tier|[Gen 9 Champions] VGC 2026 Reg M-A\n|rated|\n|rule|Species Clause: Limit one of each Pok\u00e9mon\n|rule|Item Clause: Limit 1 of each item\n|clearpoke\n|poke|p1|Charizard, L50, M|\n|poke|p1|Whimsicott, L50, M|\n|poke|p1|Venusaur, L50, M|\n|poke|p1|Rotom-Wash, L50|\n|poke|p1|Kingambit, L50, M|\n|poke|p1|Incineroar, L50, F|\n|poke|p2|Lopunny, L50, F|\n|poke|p2|Garchomp, L50, M|\n|poke|p2|Incineroar, L50, M|\n|poke|p2|Rotom-Wash, L50|\n|poke|p2|Whimsicott, L50, F|\n|poke|p2|Milotic, L50, M|\n|teampreview|4\n|inactive|Battle timer is ON: inactive players will automatically lose when time's up. (requested by Draczin)\n|\n|t:|1776211470\n|teamsize|p1|4\n|teamsize|p2|4\n|start\n|switch|p1a: Whimsicott|Whimsicott, L50, M|100/100\n|switch|p1b: Charizard|Charizard, L50, M|100/100\n|switch|p2a: Milotic|Milotic, L50, M|100/100\n|switch|p2b: Garchomp|Garchomp, L50, M|100/100\n|turn|1\n|inactive|JimmiBunnie has 30 seconds left.\n|\n|t:|1776211498\n|switch|p2b: Incineroar|Incineroar, L50, M|100/100\n|-ability|p2b: Incineroar|Intimidate|boost\n|-unboost|p1a: Whimsicott|atk|1\n|-unboost|p1b: Charizard|atk|1\n|move|p1b: Charizard|Protect|p1b: Charizard\n|-singleturn|p1b: Charizard|Protect\n|move|p1a: Whimsicott|Tailwind|p1a: Whimsicott\n|-sidestart|p1: Draczin|move: Tailwind\n|move|p2a: Milotic|Scald|p1b: Charizard\n|-activate|p1b: Charizard|move: Protect\n|\n|upkeep\n|turn|2\n|\n|t:|1776211523\n|switch|p1a: Venusaur|Venusaur, L50, M|100/100\n|detailschange|p1b: Charizard|Charizard-Mega-Y, L50, M\n|-mega|p1b: Charizard|Charizard|Charizardite Y\n|-weather|SunnyDay|[from] ability: Drought|[of] p1b: Charizard\n|move|p1b: Charizard|Air Slash|p2a: Milotic\n|-damage|p2a: Milotic|72/100\n|move|p2a: Milotic|Icy Wind|p1b: Charizard|[spread] p1a,p1b\n|-supereffective|p1a: Venusaur|1\n|-damage|p1a: Venusaur|77/100\n|-damage|p1b: Charizard|90/100\n|-unboost|p1a: Venusaur|spe|1\n|-unboost|p1b: Charizard|spe|1\n|move|p2b: Incineroar|Flare Blitz|p1a: Venusaur\n|-supereffective|p1a: Venusaur|1\n|-damage|p1a: Venusaur|0 fnt\n|faint|p1a: Venusaur\n|-damage|p2b: Incineroar|80/100|[from] Recoil\n|\n|-weather|SunnyDay|[upkeep]\n|-heal|p2a: Milotic|78/100|[from] item: Leftovers\n|upkeep\n|\n|t:|1776211538\n|switch|p1a: Whimsicott|Whimsicott, L50, M|100/100\n|turn|3\n|\n|t:|1776211545\n|move|p1a: Whimsicott|Moonblast|p2b: Incineroar\n|-crit|p2b: Incineroar\n|-damage|p2b: Incineroar|38/100\n|-enditem|p2b: Incineroar|Sitrus Berry|[eat]\n|-heal|p2b: Incineroar|63/100|[from] item: Sitrus Berry\n|move|p1b: Charizard|Air Slash|p2b: Incineroar\n|-damage|p2b: Incineroar|25/100\n|move|p2a: Milotic|Icy Wind|p1b: Charizard|[spread] p1a,p1b\n|-supereffective|p1a: Whimsicott|1\n|-damage|p1a: Whimsicott|67/100\n|-damage|p1b: Charizard|81/100\n|-unboost|p1a: Whimsicott|spe|1\n|-unboost|p1b: Charizard|spe|1\n|move|p2b: Incineroar|Flare Blitz|p1a: Whimsicott\n|-supereffective|p1a: Whimsicott|1\n|-damage|p1a: Whimsicott|0 fnt\n|faint|p1a: Whimsicott\n|-damage|p2b: Incineroar|10/100|[from] Recoil\n|\n|-weather|SunnyDay|[upkeep]\n|-heal|p2a: Milotic|84/100|[from] item: Leftovers\n|upkeep\n|\n|t:|1776211555\n|switch|p1a: Rotom|Rotom-Wash, L50|100/100\n|turn|4\n|\n|t:|1776211575\n|switch|p2b: Lopunny|Lopunny, L50, F|100/100\n|move|p1a: Rotom|Thunderbolt|p2a: Milotic\n|-supereffective|p2a: Milotic|1\n|-damage|p2a: Milotic|33/100\n|move|p1b: Charizard|Heat Wave|p2a: Milotic|[spread] p2a,p2b\n|-resisted|p2a: Milotic|1\n|-damage|p2a: Milotic|11/100\n|-damage|p2b: Lopunny|8/100\n|-status|p2b: Lopunny|brn\n|move|p2a: Milotic|Scald|p1b: Charizard\n|-supereffective|p1b: Charizard|1\n|-damage|p1b: Charizard|52/100\n|\n|-weather|SunnyDay|[upkeep]\n|-heal|p2a: Milotic|17/100|[from] item: Leftovers\n|-damage|p2b: Lopunny|2/100 brn|[from] brn\n|-sideend|p1: Draczin|move: Tailwind\n|upkeep\n|turn|5\n|inactive|JimmiBunnie has 30 seconds left.\n|\n|t:|1776211603\n|detailschange|p2b: Lopunny|Lopunny-Mega, L50, F\n|-mega|p2b: Lopunny|Lopunny|Lopunnite\n|move|p1a: Rotom|Thunderbolt|p2b: Lopunny\n|-damage|p2b: Lopunny|0 fnt\n|faint|p2b: Lopunny\n|move|p2a: Milotic|Scald|p1b: Charizard\n|-supereffective|p1b: Charizard|1\n|-damage|p1b: Charizard|25/100\n|move|p1b: Charizard|Air Slash|p2a: Milotic\n|-damage|p2a: Milotic|0 fnt\n|faint|p2a: Milotic\n|\n|-weather|SunnyDay|[upkeep]\n|upkeep\n|\n|t:|1776211615\n|switch|p2b: Garchomp|Garchomp, L50, M|100/100\n|switch|p2a: Incineroar|Incineroar, L50, M|10/100\n|-ability|p2a: Incineroar|Intimidate|boost\n|-unboost|p1a: Rotom|atk|1\n|-unboost|p1b: Charizard|atk|1\n|turn|6\n|inactive|JimmiBunnie has 30 seconds left.\n|\n|t:|1776211645\n|move|p1b: Charizard|Protect|p1b: Charizard\n|-singleturn|p1b: Charizard|Protect\n|move|p2a: Incineroar|Fake Out|p1a: Rotom\n|-damage|p1a: Rotom|86/100\n|cant|p1a: Rotom|flinch\n|move|p2b: Garchomp|Rock Slide|p1b: Charizard|[spread] p1a\n|-activate|p1b: Charizard|move: Protect\n|-damage|p1a: Rotom|57/100\n|\n|-weather|none\n|upkeep\n|turn|7\n|inactive|JimmiBunnie has 30 seconds left.\n|\n|t:|1776211679\n|move|p1a: Rotom|Thunderbolt|p2a: Incineroar\n|-damage|p2a: Incineroar|0 fnt\n|faint|p2a: Incineroar\n|move|p2b: Garchomp|Rock Slide|p1b: Charizard|[spread] p1a,p1b\n|-supereffective|p1b: Charizard|2\n|-damage|p1a: Rotom|29/100\n|-damage|p1b: Charizard|0 fnt\n|faint|p1b: Charizard\n|\n|upkeep\n|turn|8\n|-message|Draczin forfeited.\n|\n|win|JimmiBunnie\n|raw|Draczin's rating: 1182 &rarr; <strong>1150</strong><br />(-32 for losing)\n|raw|JimmiBunnie's rating: 1084 &rarr; <strong>1119</strong><br />(+35 for winning)\n|l|\u2606Draczin\n|player|p1|\n",
  "uploadtime": 1776211696,
  "views": 17,
  "formatid": "gen9championsvgc2026regma",
  "rating": 1119,
  "private": 0,
  "password": null
}