{
  "id": "gen9championsvgc2026regma-2584341111",
  "format": "[Gen 9 Champions] VGC 2026 Reg M-A",
  "players": [
    "malucy",
    "HighSkyGodSlayer8"
  ],
  "log": "|j|\u2606malucy\n|j|\u2606HighSkyGodSlayer8\n|t:|1776253006\n|gametype|doubles\n|player|p1|malucy|170|1082\n|player|p2|HighSkyGodSlayer8|169|1022\n|gen|9\n|tier|[Gen 9 Champions] VGC 2026 Reg M-A\n|rated|\n|rule|Species Clause: Limit one of each Pok\u00e9mon\n|rule|Item Clause: Limit 1 of each item\n|clearpoke\n|poke|p1|Delphox, L50, M|\n|poke|p1|Farigiraf, L50, M|\n|poke|p1|Whimsicott, L50, M|\n|poke|p1|Incineroar, L50, F|\n|poke|p1|Milotic, L50, M|\n|poke|p1|Decidueye-Hisui, L50, F|\n|poke|p2|Arcanine, L50, F|\n|poke|p2|Beedrill, L50, F|\n|poke|p2|Espeon, L50, F|\n|poke|p2|Ninetales, L50, M|\n|poke|p2|Skarmory, L50, F|\n|poke|p2|Lopunny, L50, F|\n|teampreview|4\n|\n|t:|1776253053\n|teamsize|p1|4\n|teamsize|p2|4\n|start\n|switch|p1a: Whimsicott|Whimsicott, L50, M|100/100\n|switch|p1b: Farigiraf|Farigiraf, L50, M|100/100\n|switch|p2a: Skarmory|Skarmory, L50, F|100/100\n|switch|p2b: Beedrill|Beedrill, L50, F|100/100\n|turn|1\n|\n|t:|1776253070\n|detailschange|p2b: Beedrill|Beedrill-Mega, L50, F\n|-mega|p2b: Beedrill|Beedrill|Beedrillite\n|move|p1a: Whimsicott|Tailwind|p1a: Whimsicott\n|-sidestart|p1: malucy|move: Tailwind\n|move|p1b: Farigiraf|Nasty Plot|p1b: Farigiraf\n|-boost|p1b: Farigiraf|spa|2\n|move|p2b: Beedrill|U-turn|p1a: Whimsicott\n|-damage|p1a: Whimsicott|33/100\n|\n|t:|1776253081\n|switch|p2b: Ninetales|Ninetales, L50, M|100/100|[from] U-turn\n|-weather|SunnyDay|[from] ability: Drought|[of] p2b: Ninetales\n|move|p2a: Skarmory|Tailwind|p2a: Skarmory\n|-sidestart|p2: HighSkyGodSlayer8|move: Tailwind\n|\n|-weather|SunnyDay|[upkeep]\n|upkeep\n|turn|2\n|inactive|Battle timer is ON: inactive players will automatically lose when time's up. (requested by HighSkyGodSlayer8)\n|\n|t:|1776253113\n|move|p1a: Whimsicott|Moonblast|p2b: Ninetales\n|-resisted|p2b: Ninetales|1\n|-damage|p2b: Ninetales|84/100\n|-unboost|p2b: Ninetales|spa|1\n|move|p2b: Ninetales|Heat Wave|p1b: Farigiraf|[spread] p1a,p1b\n|-supereffective|p1a: Whimsicott|1\n|-damage|p1a: Whimsicott|0 fnt\n|-damage|p1b: Farigiraf|74/100\n|faint|p1a: Whimsicott\n|move|p1b: Farigiraf|Psychic Noise|p2b: Ninetales\n|-damage|p2b: Ninetales|22/100\n|-start|p2b: Ninetales|move: Heal Block\n|move|p2a: Skarmory|Brave Bird|p1b: Farigiraf\n|-damage|p1b: Farigiraf|38/100\n|-damage|p2a: Skarmory|85/100|[from] Recoil\n|\n|-weather|SunnyDay|[upkeep]\n|upkeep\n|\n|t:|1776253130\n|switch|p1a: Delphox|Delphox, L50, M|100/100\n|turn|3\n|inactive|malucy has 30 seconds left.\n|\n|t:|1776253155\n|detailschange|p1a: Delphox|Delphox-Mega, L50, M\n|-mega|p1a: Delphox|Delphox|Delphoxite\n|move|p2b: Ninetales|Encore||[still]\n|-fail|p2b: Ninetales\n|move|p1a: Delphox|Heat Wave|p2b: Ninetales|[spread] p2a,p2b\n|-supereffective|p2a: Skarmory|1\n|-resisted|p2b: Ninetales|1\n|-damage|p2a: Skarmory|0 fnt\n|-damage|p2b: Ninetales|0 fnt\n|faint|p2a: Skarmory\n|faint|p2b: Ninetales\n|move|p1b: Farigiraf|Power Swap|p1a: Delphox\n|-swapboost|p1b: Farigiraf|p1a: Delphox|atk, spa|[from] move: Power Swap\n|\n|-weather|SunnyDay|[upkeep]\n|upkeep\n|\n|t:|1776253169\n|switch|p2b: Beedrill|Beedrill-Mega, L50, F|100/100\n|switch|p2a: Arcanine|Arcanine, L50, F|100/100\n|-ability|p2a: Arcanine|Intimidate|boost\n|-unboost|p1a: Delphox|atk|1\n|-unboost|p1b: Farigiraf|atk|1\n|turn|4\n|\n|t:|1776253191\n|move|p1a: Delphox|Protect|p1a: Delphox\n|-singleturn|p1a: Delphox|Protect\n|move|p2b: Beedrill|Drill Run|p1a: Delphox\n|-activate|p1a: Delphox|move: Protect\n|move|p2a: Arcanine|Flare Blitz|p1b: Farigiraf\n|-damage|p1b: Farigiraf|0 fnt\n|faint|p1b: Farigiraf\n|-damage|p2a: Arcanine|84/100|[from] Recoil\n|\n|-weather|SunnyDay|[upkeep]\n|-sideend|p1: malucy|move: Tailwind\n|-sideend|p2: HighSkyGodSlayer8|move: Tailwind\n|upkeep\n|\n|t:|1776253202\n|switch|p1b: Decidueye|Decidueye-Hisui, L50, F|100/100\n|turn|5\n|\n|t:|1776253217\n|move|p2b: Beedrill|Protect|p2b: Beedrill\n|-singleturn|p2b: Beedrill|Protect\n|move|p1b: Decidueye|Triple Arrows|p2a: Arcanine\n|-damage|p2a: Arcanine|33/100\n|-unboost|p2a: Arcanine|def|1\n|move|p1a: Delphox|Heat Wave|p2b: Beedrill|[spread] p2a\n|-activate|p2b: Beedrill|move: Protect\n|-resisted|p2a: Arcanine|1\n|-damage|p2a: Arcanine|0 fnt\n|faint|p2a: Arcanine\n|\n|-weather|none\n|upkeep\n|turn|6\n|inactive|HighSkyGodSlayer8 has 30 seconds left.\n|inactive|HighSkyGodSlayer8 has 20 seconds left.\n|\n|t:|1776253253\n|move|p2b: Beedrill|U-turn|p1a: Delphox\n|-damage|p1a: Delphox|10/100\n|move|p1b: Decidueye|Triple Arrows|p2b: Beedrill\n|-resisted|p2b: Beedrill|2\n|-damage|p2b: Beedrill|73/100\n|-unboost|p2b: Beedrill|def|1\n|move|p1a: Delphox|Heat Wave|p2b: Beedrill\n|-supereffective|p2b: Beedrill|1\n|-damage|p2b: Beedrill|0 fnt\n|faint|p2b: Beedrill\n|\n|win|malucy\n|raw|malucy's rating: 1082 &rarr; <strong>1105</strong><br />(+23 for winning)\n|raw|HighSkyGodSlayer8's rating: 1022 &rarr; <strong>1011</strong><br />(-11 for losing)\n|l|\u2606HighSkyGodSlayer8\n|player|p2|\n",
  "uploadtime": 1776253268,
  "views": 22,
  "formatid": "gen9championsvgc2026regma",
  "rating": 1011,
  "private": 0,
  "password": null
}