{
  "id": "gen9championsvgc2026regma-2586440132",
  "format": "[Gen 9 Champions] VGC 2026 Reg M-A",
  "players": [
    "reggie1000",
    "kairanger"
  ],
  "log": "|j|\u2606reggie1000\n|j|\u2606kairanger\n|t:|1776434837\n|gametype|doubles\n|player|p1|reggie1000|265|1067\n|player|p2|kairanger|2|1043\n|gen|9\n|tier|[Gen 9 Champions] VGC 2026 Reg M-A\n|rated|\n|rule|Species Clause: Limit one of each Pok\u00e9mon\n|rule|Item Clause: Limit 1 of each item\n|clearpoke\n|poke|p1|Scovillain, L50, M|\n|poke|p1|Dragapult, L50, F|\n|poke|p1|Sinistcha-Masterpiece, L50|\n|poke|p1|Tauros-Paldea-Aqua, L50, M|\n|poke|p1|Talonflame, L50, F|\n|poke|p1|Farigiraf, L50, F|\n|poke|p2|Sableye, L50, F|\n|poke|p2|Runerigus, L50, M|\n|poke|p2|Hydrapple, L50, M|\n|poke|p2|Sharpedo, L50, F|\n|poke|p2|Drampa, L50, M|\n|poke|p2|Tyrantrum, L50, F|\n|teampreview|4\n|\n|t:|1776434861\n|teamsize|p1|4\n|teamsize|p2|4\n|start\n|switch|p1a: Can't touch this|Scovillain, L50, M|100/100\n|switch|p1b: Sophie|Farigiraf, L50, F|100/100\n|switch|p2a: Sableye|Sableye, L50, F|100/100\n|switch|p2b: Runerigus|Runerigus, L50, M|100/100\n|turn|1\n|\n|t:|1776434892\n|move|p2a: Sableye|Taunt||[still]\n|cant|p1b: Sophie|ability: Armor Tail|Taunt|[of] p2a: Sableye\n|move|p1a: Can't touch this|Giga Drain|p2b: Runerigus\n|-supereffective|p2b: Runerigus|1\n|-damage|p2b: Runerigus|46/100\n|move|p2b: Runerigus|Body Press|p1a: Can't touch this\n|-damage|p1a: Can't touch this|52/100\n|move|p1b: Sophie|Trick Room|p1b: Sophie\n|-fieldstart|move: Trick Room|[of] p1b: Sophie\n|\n|-heal|p2b: Runerigus|52/100|[from] item: Leftovers\n|-ability|p1a: Can't touch this|Moody|boost\n|-boost|p1a: Can't touch this|spa|2\n|-unboost|p1a: Can't touch this|def|1\n|upkeep\n|turn|2\n|\n|t:|1776434933\n|detailschange|p2a: Sableye|Sableye-Mega, L50, F\n|-mega|p2a: Sableye|Sableye|Sablenite\n|move|p1a: Can't touch this|Protect|p1a: Can't touch this\n|-singleturn|p1a: Can't touch this|Protect\n|move|p2a: Sableye|Encore|p1b: Sophie\n|-start|p1b: Sophie|Encore\n|move|p2b: Runerigus|Body Press|p1a: Can't touch this\n|-activate|p1a: Can't touch this|move: Protect\n|move|p1b: Sophie|Trick Room|p1b: Sophie\n|-fieldend|move: Trick Room\n|\n|-heal|p2b: Runerigus|58/100|[from] item: Leftovers\n|-ability|p1a: Can't touch this|Moody|boost\n|-boost|p1a: Can't touch this|spa|2\n|-unboost|p1a: Can't touch this|def|1\n|upkeep\n|turn|3\n|\n|t:|1776434971\n|move|p1a: Can't touch this|Giga Drain|p2b: Runerigus\n|-supereffective|p2b: Runerigus|1\n|-damage|p2b: Runerigus|0 fnt\n|-heal|p1a: Can't touch this|75/100|[from] drain|[of] p2b: Runerigus\n|faint|p2b: Runerigus\n|move|p2a: Sableye|Taunt|p1b: Sophie\n|-start|p1b: Sophie|move: Taunt\n|cant|p1b: Sophie|move: Taunt|Trick Room\n|\n|-ability|p1a: Can't touch this|Moody|boost\n|-boost|p1a: Can't touch this|def|2\n|-unboost|p1a: Can't touch this|spa|1\n|upkeep\n|\n|t:|1776434982\n|switch|p2b: Sharpedo|Sharpedo, L50, F|100/100\n|turn|4\n|\n|t:|1776434997\n|switch|p1b: That's the tea|Sinistcha-Masterpiece, L50|100/100\n|-heal|p1a: Can't touch this|99/100|[from] ability: Hospitality|[of] p1b: That's the tea\n|detailschange|p1a: Can't touch this|Scovillain-Mega, L50, M\n|-mega|p1a: Can't touch this|Scovillain|Scovillainite\n|move|p2b: Sharpedo|Crunch|p1b: That's the tea\n|-supereffective|p1b: That's the tea|1\n|-damage|p1b: That's the tea|40/100\n|-enditem|p1b: That's the tea|Sitrus Berry|[eat]\n|-heal|p1b: That's the tea|65/100|[from] item: Sitrus Berry\n|move|p1a: Can't touch this|Giga Drain|p2b: Sharpedo\n|-supereffective|p2b: Sharpedo|1\n|-enditem|p2b: Sharpedo|Focus Sash\n|-damage|p2b: Sharpedo|1/100\n|-heal|p1a: Can't touch this|100/100|[from] drain|[of] p2b: Sharpedo\n|move|p2a: Sableye|Encore|p1a: Can't touch this\n|-start|p1a: Can't touch this|Encore\n|\n|-ability|p2b: Sharpedo|Speed Boost|boost\n|-boost|p2b: Sharpedo|spe|1\n|upkeep\n|turn|5\n|\n|t:|1776435024\n|move|p2b: Sharpedo|Crunch|p1a: Can't touch this\n|-damage|p1a: Can't touch this|52/100\n|-status|p2b: Sharpedo|brn|[from] ability: Spicy Spray|[of] p1a: Can't touch this\n|move|p1a: Can't touch this|Giga Drain|p2a: Sableye\n|-damage|p2a: Sableye|18/100\n|-heal|p1a: Can't touch this|82/100|[from] drain|[of] p2a: Sableye\n|move|p1b: That's the tea|Matcha Gotcha|p2b: Sharpedo|[spread] p2a,p2b\n|-supereffective|p2b: Sharpedo|1\n|-crit|p2b: Sharpedo\n|-damage|p2a: Sableye|0 fnt\n|-heal|p1b: That's the tea|71/100|[from] drain|[of] p2a: Sableye\n|-damage|p2b: Sharpedo|0 fnt\n|-heal|p1b: That's the tea|71/100|[from] drain|[of] p2b: Sharpedo\n|faint|p2a: Sableye\n|faint|p2b: Sharpedo\n|\n|upkeep\n|\n|t:|1776435029\n|switch|p2a: Tyrantrum|Tyrantrum, L50, F|100/100\n|turn|6\n|\n|t:|1776435043\n|move|p1b: That's the tea|Rage Powder|p1b: That's the tea\n|-singleturn|p1b: That's the tea|move: Rage Powder\n|move|p2a: Tyrantrum|Head Smash|p1b: That's the tea\n|-damage|p1b: That's the tea|22/100\n|move|p1a: Can't touch this|Giga Drain|p2a: Tyrantrum\n|-damage|p2a: Tyrantrum|0 fnt\n|-heal|p1a: Can't touch this|100/100|[from] drain|[of] p2a: Tyrantrum\n|faint|p2a: Tyrantrum\n|\n|win|reggie1000\n|raw|reggie1000's rating: 1067 &rarr; <strong>1095</strong><br />(+28 for winning)\n|raw|kairanger's rating: 1043 &rarr; <strong>1028</strong><br />(-15 for losing)\n|l|\u2606kairanger\n|player|p2|\n",
  "uploadtime": 1776435101,
  "views": 26,
  "formatid": "gen9championsvgc2026regma",
  "rating": 1028,
  "private": 0,
  "password": null
}