{
  "id": "gen9championsvgc2026regma-2587676240",
  "format": "[Gen 9 Champions] VGC 2026 Reg M-A",
  "players": [
    "FallenTurtlle",
    "WilBM"
  ],
  "log": "|j|\u2606FallenTurtlle\n|j|\u2606WilBM\n|t:|1776552838\n|gametype|doubles\n|player|p1|FallenTurtlle|serena|1169\n|player|p2|WilBM|roxie|1115\n|gen|9\n|tier|[Gen 9 Champions] VGC 2026 Reg M-A\n|rated|\n|rule|Species Clause: Limit one of each Pok\u00e9mon\n|rule|Item Clause: Limit 1 of each item\n|clearpoke\n|poke|p1|Tsareena, L50, F|\n|poke|p1|Mamoswine, L50, F|\n|poke|p1|Pelipper, L50, M|\n|poke|p1|Scizor, L50, M|\n|poke|p1|Gengar, L50, F, shiny|\n|poke|p1|Incineroar, L50, F|\n|poke|p2|Typhlosion-Hisui, L50, M|\n|poke|p2|Venusaur, L50, M|\n|poke|p2|Sneasler, L50, M|\n|poke|p2|Whimsicott, L50, F|\n|poke|p2|Gyarados, L50, M|\n|poke|p2|Charizard, L50, M|\n|teampreview|4\n|\n|t:|1776552866\n|teamsize|p1|4\n|teamsize|p2|4\n|start\n|switch|p1a: Tsareena|Tsareena, L50, F|100/100\n|switch|p1b: Scizor|Scizor, L50, M|100/100\n|switch|p2a: Charizard|Charizard, L50, M|100/100\n|switch|p2b: Venusaur|Venusaur, L50, M|100/100\n|turn|1\n|inactive|Battle timer is ON: inactive players will automatically lose when time's up. (requested by WilBM)\n|\n|t:|1776552885\n|detailschange|p2a: Charizard|Charizard-Mega-Y, L50, M\n|-mega|p2a: Charizard|Charizard|Charizardite Y\n|-weather|SunnyDay|[from] ability: Drought|[of] p2a: Charizard\n|move|p1b: Scizor|Feint|p2a: Charizard\n|-damage|p2a: Charizard|75/100\n|move|p2b: Venusaur|Sludge Bomb|p1a: Tsareena\n|-supereffective|p1a: Tsareena|1\n|-damage|p1a: Tsareena|0 fnt\n|faint|p1a: Tsareena\n|move|p2a: Charizard|Heat Wave|p1b: Scizor\n|-supereffective|p1b: Scizor|2\n|-damage|p1b: Scizor|0 fnt\n|faint|p1b: Scizor\n|\n|-weather|SunnyDay|[upkeep]\n|upkeep\n|\n|t:|1776552894\n|switch|p1a: Pelipper|Pelipper, L50, M|100/100\n|switch|p1b: Mamoswine|Mamoswine, L50, F|100/100\n|-weather|RainDance|[from] ability: Drizzle|[of] p1a: Pelipper\n|turn|2\n|\n|t:|1776552909\n|switch|p2b: Gyarados|Gyarados, L50, M|100/100\n|-ability|p2b: Gyarados|Intimidate|boost\n|-unboost|p1a: Pelipper|atk|1\n|-fail|p1b: Mamoswine|unboost|Attack|[from] ability: Oblivious|[of] p1b: Mamoswine\n|move|p2a: Charizard|Protect|p2a: Charizard\n|-singleturn|p2a: Charizard|Protect\n|move|p1b: Mamoswine|Protect|p1b: Mamoswine\n|-singleturn|p1b: Mamoswine|Protect\n|move|p1a: Pelipper|Tailwind|p1a: Pelipper\n|-sidestart|p1: FallenTurtlle|move: Tailwind\n|\n|-weather|RainDance|[upkeep]\n|upkeep\n|turn|3\n|\n|t:|1776552930\n|switch|p2a: Venusaur|Venusaur, L50, M|100/100\n|move|p1b: Mamoswine|Icicle Crash|p2a: Venusaur\n|-supereffective|p2a: Venusaur|1\n|-damage|p2a: Venusaur|0 fnt\n|faint|p2a: Venusaur\n|move|p1a: Pelipper|Hurricane|p2b: Gyarados\n|-damage|p2b: Gyarados|69/100\n|-start|p2b: Gyarados|confusion\n|-activate|p2b: Gyarados|confusion\n|move|p2b: Gyarados|Waterfall|p1b: Mamoswine\n|-supereffective|p1b: Mamoswine|1\n|-enditem|p1b: Mamoswine|Focus Sash\n|-damage|p1b: Mamoswine|1/100\n|\n|-weather|RainDance|[upkeep]\n|upkeep\n|\n|t:|1776552947\n|switch|p2a: Charizard|Charizard-Mega-Y, L50, M|75/100\n|-weather|SunnyDay|[from] ability: Drought|[of] p2a: Charizard\n|turn|4\n|\n|t:|1776552959\n|move|p2a: Charizard|Protect|p2a: Charizard\n|-singleturn|p2a: Charizard|Protect\n|-activate|p2b: Gyarados|confusion\n|move|p2b: Gyarados|Protect|p2b: Gyarados\n|-singleturn|p2b: Gyarados|Protect\n|move|p1a: Pelipper|Wide Guard|p1a: Pelipper\n|-singleturn|p1a: Pelipper|Wide Guard\n|move|p1b: Mamoswine|Icicle Crash|p2a: Charizard\n|-activate|p2a: Charizard|move: Protect\n|\n|-weather|SunnyDay|[upkeep]\n|upkeep\n|turn|5\n|\n|t:|1776552980\n|switch|p2a: Typhlosion|Typhlosion-Hisui, L50, M|100/100\n|-item|p1a: Pelipper|Sitrus Berry|[from] ability: Frisk|[of] p2a: Typhlosion\n|move|p1b: Mamoswine|Icicle Crash|p2a: Typhlosion\n|-resisted|p2a: Typhlosion|1\n|-damage|p2a: Typhlosion|65/100\n|move|p1a: Pelipper|Hurricane|p2b: Gyarados|[miss]\n|-miss|p1a: Pelipper|p2b: Gyarados\n|-activate|p2b: Gyarados|confusion\n|move|p2b: Gyarados|Waterfall|p1b: Mamoswine\n|-supereffective|p1b: Mamoswine|1\n|-damage|p1b: Mamoswine|0 fnt\n|faint|p1b: Mamoswine\n|\n|-weather|SunnyDay|[upkeep]\n|-sideend|p1: FallenTurtlle|move: Tailwind\n|upkeep\n|turn|6\n|\n|t:|1776552999\n|switch|p2b: Charizard|Charizard-Mega-Y, L50, M|75/100\n|move|p2a: Typhlosion|Shadow Ball|p1a: Pelipper\n|-damage|p1a: Pelipper|41/100\n|-unboost|p1a: Pelipper|spd|1\n|-enditem|p1a: Pelipper|Sitrus Berry|[eat]\n|-heal|p1a: Pelipper|66/100|[from] item: Sitrus Berry\n|move|p1a: Pelipper|Hurricane|p2a: Typhlosion\n|-crit|p2a: Typhlosion\n|-damage|p2a: Typhlosion|0 fnt\n|faint|p2a: Typhlosion\n|\n|-weather|SunnyDay|[upkeep]\n|upkeep\n|\n|t:|1776553005\n|switch|p2a: Gyarados|Gyarados, L50, M|69/100\n|-ability|p2a: Gyarados|Intimidate|boost\n|-unboost|p1a: Pelipper|atk|1\n|turn|7\n|\n|t:|1776553018\n|move|p2b: Charizard|Air Slash|p1a: Pelipper\n|-damage|p1a: Pelipper|0 fnt\n|faint|p1a: Pelipper\n|\n|win|WilBM\n|raw|FallenTurtlle's rating: 1169 &rarr; <strong>1140</strong><br />(-29 for losing)\n|raw|WilBM's rating: 1115 &rarr; <strong>1144</strong><br />(+29 for winning)\n",
  "uploadtime": 1776553019,
  "views": 11,
  "formatid": "gen9championsvgc2026regma",
  "rating": 1140,
  "private": 0,
  "password": null
}