{
  "id": "gen9championsvgc2026regma-2588245704",
  "format": "[Gen 9 Champions] VGC 2026 Reg M-A",
  "players": [
    "TTT x",
    "idkwhattodo23"
  ],
  "log": "|j|\u2606TTT x\n|j|\u2606idkwhattodo23\n|html|<table width=\"100%\"><tr><td align=\"left\">TTT x</td><td align=\"right\">idkwhattodo23</tr><tr><td align=\"left\"><i class=\"fa fa-circle\"></i> <i class=\"fa fa-circle-o\"></i> </td><td align=\"right\"><i class=\"fa fa-circle-o\"></i> <i class=\"fa fa-circle-o\"></i> </tr></table>\n|uhtml|bestof|<h2><strong>Game 2</strong> of <a href=\"/game-bestof3-gen9championsvgc2026regma-2588243013\">a best-of-3</a></h2>\n|t:|1776617683\n|gametype|doubles\n|player|p1|TTT x|#smogonxnpa2025draftee|\n|player|p2|idkwhattodo23|red|\n|gen|9\n|tier|[Gen 9 Champions] VGC 2026 Reg M-A\n|rated|Tournament battle\n|rule|Species Clause: Limit one of each Pok\u00e9mon\n|rule|Item Clause: Limit 1 of each item\n|raw|<div class=\"infobox\"><details class=\"readmore\" open><summary><strong>1 custom rule:</strong></summary> Best of = 3</details></div>\n|clearpoke\n|poke|p1|Archaludon, L50, M|\n|poke|p1|Scovillain, L50, F|\n|poke|p1|Sinistcha, L50|\n|poke|p1|Pelipper, L50, F|\n|poke|p1|Scizor, L50, F|\n|poke|p1|Incineroar, L50, F|\n|poke|p2|Garchomp, L50, M|\n|poke|p2|Floette-Eternal, L50, F|\n|poke|p2|Aerodactyl, L50, M|\n|poke|p2|Incineroar, L50, F|\n|poke|p2|Sneasler, L50, M|\n|poke|p2|Basculegion, L50, M|\n|teampreview|4\n|inactive|Battle timer is ON: inactive players will automatically lose when time's up. (requested by idkwhattodo23)\n|j| Sun and Moon Rock\n|j|+Hasayo\n|inactive|TTT x has 60 seconds left.\n|\n|t:|1776617744\n|teamsize|p1|4\n|teamsize|p2|4\n|start\n|switch|p1a: Scovillain|Scovillain, L50, F|100/100\n|switch|p1b: Archaludon|Archaludon, L50, M|100/100\n|switch|p2a: Floette|Floette-Eternal, L50, F|100/100\n|switch|p2b: Aerodactyl|Aerodactyl, L50, M|100/100\n|-ability|p2b: Aerodactyl|Unnerve\n|turn|1\n|\n|t:|1776617763\n|switch|p1b: Scizor|Scizor, L50, F|100/100\n|detailschange|p2a: Floette|Floette-Mega, L50, F\n|-mega|p2a: Floette|Floette|Floettite\n|-ability|p2a: Floette|Fairy Aura\n|detailschange|p1a: Scovillain|Scovillain-Mega, L50, F\n|-mega|p1a: Scovillain|Scovillain|Scovillainite\n|move|p2b: Aerodactyl|Tailwind|p2b: Aerodactyl\n|-sidestart|p2: idkwhattodo23|move: Tailwind\n|move|p2a: Floette|Light of Ruin|p1b: Scizor\n|-resisted|p1b: Scizor|1\n|-damage|p1b: Scizor|40/100\n|-damage|p2a: Floette|64/100|[from] Recoil\n|move|p1a: Scovillain|Leech Seed|p2a: Floette\n|-start|p2a: Floette|move: Leech Seed\n|\n|-damage|p2a: Floette|52/100|[from] Leech Seed|[of] p1a: Scovillain\n|upkeep\n|turn|2\n|j| Rolling Stonedge\n|\n|t:|1776617785\n|switch|p2a: Incineroar|Incineroar, L50, F|100/100\n|-ability|p2a: Incineroar|Intimidate|boost\n|-unboost|p1a: Scovillain|atk|1\n|-unboost|p1b: Scizor|atk|1\n|move|p1b: Scizor|Bullet Punch|p2b: Aerodactyl\n|-supereffective|p2b: Aerodactyl|1\n|-damage|p2b: Aerodactyl|37/100\n|move|p2b: Aerodactyl|Rock Slide|p1a: Scovillain|[spread] p1a,p1b\n|-supereffective|p1a: Scovillain|1\n|-damage|p1a: Scovillain|52/100\n|-damage|p1b: Scizor|15/100\n|-status|p2b: Aerodactyl|brn|[from] ability: Spicy Spray|[of] p1a: Scovillain\n|cant|p1a: Scovillain|flinch\n|\n|-damage|p2b: Aerodactyl|31/100 brn|[from] brn\n|upkeep\n|turn|3\n|\n|t:|1776617808\n|switch|p1b: Archaludon|Archaludon, L50, M|100/100\n|move|p1a: Scovillain|Protect|p1a: Scovillain\n|-singleturn|p1a: Scovillain|Protect\n|move|p2a: Incineroar|Fake Out|p1b: Archaludon\n|-resisted|p1b: Archaludon|1\n|-damage|p1b: Archaludon|96/100\n|-ability|p1b: Archaludon|Stamina|boost\n|-boost|p1b: Archaludon|def|1\n|move|p2b: Aerodactyl|Rock Slide|p1a: Scovillain|[spread] p1b\n|-activate|p1a: Scovillain|move: Protect\n|-resisted|p1b: Archaludon|1\n|-damage|p1b: Archaludon|93/100\n|-ability|p1b: Archaludon|Stamina|boost\n|-boost|p1b: Archaludon|def|1\n|\n|-heal|p1b: Archaludon|99/100|[from] item: Leftovers\n|-damage|p2b: Aerodactyl|26/100 brn|[from] brn\n|upkeep\n|turn|4\n|\n|t:|1776617825\n|move|p2b: Aerodactyl|Rock Slide|p1b: Archaludon|[spread] p1a,p1b\n|-supereffective|p1a: Scovillain|1\n|-resisted|p1b: Archaludon|1\n|-damage|p1a: Scovillain|28/100\n|-damage|p1b: Archaludon|97/100\n|-ability|p1b: Archaludon|Stamina|boost\n|-boost|p1b: Archaludon|def|1\n|move|p2a: Incineroar|Flare Blitz|p1a: Scovillain\n|-damage|p1a: Scovillain|0 fnt\n|-immune|p2a: Incineroar\n|faint|p1a: Scovillain\n|-damage|p2a: Incineroar|93/100|[from] Recoil\n|move|p1b: Archaludon|Dragon Pulse|p2a: Incineroar\n|-damage|p2a: Incineroar|68/100\n|\n|-heal|p1b: Archaludon|100/100|[from] item: Leftovers\n|-damage|p2b: Aerodactyl|20/100 brn|[from] brn\n|-sideend|p2: idkwhattodo23|move: Tailwind\n|upkeep\n|\n|t:|1776617835\n|switch|p1a: Scizor|Scizor, L50, F|15/100\n|turn|5\n|\n|t:|1776617847\n|move|p1a: Scizor|Protect|p1a: Scizor\n|-singleturn|p1a: Scizor|Protect\n|move|p2b: Aerodactyl|Rock Slide|p1b: Archaludon|[spread] p1b\n|-activate|p1a: Scizor|move: Protect\n|-resisted|p1b: Archaludon|1\n|-damage|p1b: Archaludon|99/100\n|-ability|p1b: Archaludon|Stamina|boost\n|-boost|p1b: Archaludon|def|1\n|cant|p1b: Archaludon|flinch\n|move|p2a: Incineroar|Flare Blitz|p1a: Scizor\n|-activate|p1a: Scizor|move: Protect\n|\n|-heal|p1b: Archaludon|100/100|[from] item: Leftovers\n|-damage|p2b: Aerodactyl|14/100 brn|[from] brn\n|upkeep\n|turn|6\n|\n|t:|1776617860\n|switch|p1a: Sinistcha|Sinistcha, L50|100/100\n|move|p2b: Aerodactyl|Protect|p2b: Aerodactyl\n|-singleturn|p2b: Aerodactyl|Protect\n|move|p1b: Archaludon|Dragon Pulse|p2a: Incineroar\n|-damage|p2a: Incineroar|42/100\n|-enditem|p2a: Incineroar|Sitrus Berry|[eat]\n|-heal|p2a: Incineroar|67/100|[from] item: Sitrus Berry\n|move|p2a: Incineroar|Flare Blitz|p1a: Sinistcha\n|-supereffective|p1a: Sinistcha|1\n|-damage|p1a: Sinistcha|23/100\n|-damage|p2a: Incineroar|44/100|[from] Recoil\n|\n|-damage|p2b: Aerodactyl|8/100 brn|[from] brn\n|upkeep\n|turn|7\n|\n|t:|1776617880\n|move|p1a: Sinistcha|Protect|p1a: Sinistcha\n|-singleturn|p1a: Sinistcha|Protect\n|move|p2b: Aerodactyl|Tailwind|p2b: Aerodactyl\n|-sidestart|p2: idkwhattodo23|move: Tailwind\n|move|p2a: Incineroar|Flare Blitz|p1a: Sinistcha\n|-activate|p1a: Sinistcha|move: Protect\n|move|p1b: Archaludon|Dragon Pulse|p2a: Incineroar\n|-damage|p2a: Incineroar|19/100\n|\n|-damage|p2b: Aerodactyl|2/100 brn|[from] brn\n|upkeep\n|turn|8\n|\n|t:|1776617892\n|switch|p2b: Floette|Floette-Mega, L50, F|52/100\n|-ability|p2b: Floette|Fairy Aura\n|move|p1a: Sinistcha|Protect|p1a: Sinistcha\n|-singleturn|p1a: Sinistcha|Protect\n|move|p2a: Incineroar|Flare Blitz|p1a: Sinistcha\n|-activate|p1a: Sinistcha|move: Protect\n|move|p1b: Archaludon|Dragon Pulse|p2a: Incineroar\n|-damage|p2a: Incineroar|0 fnt\n|faint|p2a: Incineroar\n|\n|upkeep\n|\n|t:|1776617898\n|switch|p2a: Basculegion|Basculegion, L50, M|100/100\n|turn|9\n|\n|t:|1776617903\n|move|p1b: Archaludon|Protect|p1b: Archaludon\n|-singleturn|p1b: Archaludon|Protect\n|move|p2a: Basculegion|Last Respects|p1a: Sinistcha\n|-supereffective|p1a: Sinistcha|1\n|-enditem|p1a: Sinistcha|Kasib Berry|[eat]\n|-enditem|p1a: Sinistcha|Kasib Berry|[weaken]\n|-damage|p1a: Sinistcha|0 fnt\n|faint|p1a: Sinistcha\n|move|p2b: Floette|Light of Ruin|p1b: Archaludon\n|-activate|p1b: Archaludon|move: Protect\n|\n|upkeep\n|\n|t:|1776617909\n|switch|p1a: Scizor|Scizor, L50, F|15/100\n|turn|10\n|\n|t:|1776617914\n|move|p1a: Scizor|Protect|p1a: Scizor\n|-singleturn|p1a: Scizor|Protect\n|move|p2a: Basculegion|Last Respects|p1a: Scizor\n|-activate|p1a: Scizor|move: Protect\n|move|p2b: Floette|Light of Ruin|p1b: Archaludon\n|-damage|p1b: Archaludon|0 fnt\n|faint|p1b: Archaludon\n|-damage|p2b: Floette|0 fnt|[from] Recoil\n|faint|p2b: Floette\n|\n|-sideend|p2: idkwhattodo23|move: Tailwind\n|upkeep\n|\n|t:|1776617924\n|switch|p2b: Aerodactyl|Aerodactyl, L50, M|2/100 brn\n|-ability|p2b: Aerodactyl|Unnerve\n|turn|11\n|-message|TTT x forfeited.\n|\n|win|idkwhattodo23\n|l|\u2606TTT x\n|player|p1|\n|l| Rolling Stonedge\n|l| Sun and Moon Rock\n|j| holysign\n|l| Hasayo\n",
  "uploadtime": 1776618101,
  "views": 35,
  "formatid": "gen9championsvgc2026regma",
  "rating": null,
  "private": 0,
  "password": null
}