{
  "id": "gen9championsvgc2026regma-2585522955",
  "format": "[Gen 9 Champions] VGC 2026 Reg M-A",
  "players": [
    "rintaro uchiha",
    "norbish"
  ],
  "log": "|j|\u2606rintaro uchiha\n|j|\u2606norbish\n|t:|1776353193\n|gametype|doubles\n|player|p1|rintaro uchiha|ethan|1286\n|player|p2|norbish|wallace|1200\n|gen|9\n|tier|[Gen 9 Champions] VGC 2026 Reg M-A\n|rated|\n|rule|Species Clause: Limit one of each Pok\u00e9mon\n|rule|Item Clause: Limit 1 of each item\n|clearpoke\n|poke|p1|Gardevoir, L50, F|\n|poke|p1|Aerodactyl, L50, M|\n|poke|p1|Garchomp, L50, M|\n|poke|p1|Incineroar, L50, F|\n|poke|p1|Sinistcha, L50|\n|poke|p1|Snorlax, L50, F|\n|poke|p2|Meganium, L50, F|\n|poke|p2|Dragonite, L50, M|\n|poke|p2|Incineroar, L50, M|\n|poke|p2|Sneasler, L50, M|\n|poke|p2|Politoed, L50, F|\n|poke|p2|Espathra, L50, F|\n|teampreview|4\n|inactive|Battle timer is ON: inactive players will automatically lose when time's up. (requested by norbish)\n|\n|t:|1776353224\n|teamsize|p1|4\n|teamsize|p2|4\n|start\n|switch|p1a: Incineroar|Incineroar, L50, F|100/100\n|switch|p1b: Gardevoir|Gardevoir, L50, F|100/100\n|switch|p2a: Espathra|Espathra, L50, F|100/100\n|switch|p2b: Incineroar|Incineroar, L50, M|100/100\n|-ability|p1b: Gardevoir|Intimidate|Trace|[from] ability: Trace|[of] p2b: Incineroar\n|-ability|p1b: Gardevoir|Intimidate|boost\n|-unboost|p2a: Espathra|atk|1\n|-unboost|p2b: Incineroar|atk|1\n|-ability|p2b: Incineroar|Intimidate|boost\n|-unboost|p1a: Incineroar|atk|1\n|-unboost|p1b: Gardevoir|atk|1\n|-ability|p1a: Incineroar|Intimidate|boost\n|-unboost|p2a: Espathra|atk|1\n|-unboost|p2b: Incineroar|atk|1\n|turn|1\n|inactive|rintaro uchiha has 30 seconds left.\n|inactive|rintaro uchiha has 20 seconds left.\n|inactive|rintaro uchiha has 15 seconds left.\n|inactive|rintaro uchiha has 10 seconds left.\n|inactive|rintaro uchiha has 5 seconds left.\n|\n|t:|1776353276\n|detailschange|p1b: Gardevoir|Gardevoir-Mega, L50, F\n|-mega|p1b: Gardevoir|Gardevoir|Gardevoirite\n|move|p2b: Incineroar|Fake Out|p1a: Incineroar\n|-damage|p1a: Incineroar|95/100\n|move|p2a: Espathra|Calm Mind|p2a: Espathra\n|-boost|p2a: Espathra|spa|1\n|-boost|p2a: Espathra|spd|1\n|move|p1b: Gardevoir|Hyper Voice|p2b: Incineroar|[spread] p2a,p2b\n|-damage|p2a: Espathra|48/100\n|-damage|p2b: Incineroar|58/100\n|cant|p1a: Incineroar|flinch\n|\n|-ability|p2a: Espathra|Speed Boost|boost\n|-boost|p2a: Espathra|spe|1\n|upkeep\n|turn|2\n|\n|t:|1776353294\n|move|p2a: Espathra|Protect|p2a: Espathra\n|-singleturn|p2a: Espathra|Protect\n|move|p2b: Incineroar|Parting Shot|p1b: Gardevoir\n|-unboost|p1b: Gardevoir|atk|1\n|-unboost|p1b: Gardevoir|spa|1\n|\n|t:|1776353307\n|switch|p2b: Sneasler|Sneasler, L50, M|100/100|[from] Parting Shot\n|move|p1a: Incineroar|Parting Shot|p2b: Sneasler\n|-unboost|p2b: Sneasler|atk|1\n|-unboost|p2b: Sneasler|spa|1\n|\n|t:|1776353311\n|switch|p1a: Snorlax|Snorlax, L50, F|100/100|[from] Parting Shot\n|-enditem|p2b: Sneasler|White Herb\n|-clearnegativeboost|p2b: Sneasler|[silent]\n|move|p1b: Gardevoir|Trick Room|p1b: Gardevoir\n|-fieldstart|move: Trick Room|[of] p1b: Gardevoir\n|\n|-ability|p2a: Espathra|Speed Boost|boost\n|-boost|p2a: Espathra|spe|1\n|upkeep\n|turn|3\n|\n|t:|1776353334\n|move|p1a: Snorlax|Belly Drum|p1a: Snorlax\n|-damage|p1a: Snorlax|50/100\n|-setboost|p1a: Snorlax|atk|6|[from] move: Belly Drum\n|-enditem|p1a: Snorlax|Sitrus Berry|[eat]\n|-heal|p1a: Snorlax|75/100|[from] item: Sitrus Berry\n|move|p1b: Gardevoir|Psychic|p2b: Sneasler\n|-supereffective|p2b: Sneasler|2\n|-damage|p2b: Sneasler|0 fnt\n|faint|p2b: Sneasler\n|move|p2a: Espathra|Baton Pass|p2a: Espathra\n|\n|t:|1776353345\n|switch|p2a: Meganium|Meganium, L50, F|100/100|[from] Baton Pass\n|\n|upkeep\n|\n|t:|1776353349\n|switch|p2b: Incineroar|Incineroar, L50, M|58/100\n|-ability|p2b: Incineroar|Intimidate|boost\n|-unboost|p1a: Snorlax|atk|1\n|-unboost|p1b: Gardevoir|atk|1\n|turn|4\n|\n|t:|1776353357\n|switch|p1b: Incineroar|Incineroar, L50, F|95/100\n|-ability|p1b: Incineroar|Intimidate|boost\n|-unboost|p2a: Meganium|atk|1\n|-unboost|p2b: Incineroar|atk|1\n|detailschange|p2a: Meganium|Meganium-Mega, L50, F\n|-mega|p2a: Meganium|Meganium|Meganiumite\n|move|p1a: Snorlax|Protect|p1a: Snorlax\n|-singleturn|p1a: Snorlax|Protect\n|move|p2b: Incineroar|Fake Out|p1a: Snorlax\n|-activate|p1a: Snorlax|move: Protect\n|move|p2a: Meganium|Dazzling Gleam|p1b: Incineroar|[spread] p1b\n|-activate|p1a: Snorlax|move: Protect\n|-damage|p1b: Incineroar|53/100\n|\n|upkeep\n|turn|5\n|\n|t:|1776353375\n|move|p2a: Meganium|Protect|p2a: Meganium\n|-singleturn|p2a: Meganium|Protect\n|move|p1b: Incineroar|Fake Out|p2a: Meganium\n|-activate|p2a: Meganium|move: Protect\n|move|p1a: Snorlax|Facade|p2b: Incineroar\n|-damage|p2b: Incineroar|0 fnt\n|faint|p2b: Incineroar\n|\n|upkeep\n|\n|t:|1776353386\n|switch|p2b: Espathra|Espathra, L50, F|48/100\n|turn|6\n|\n|t:|1776353395\n|switch|p1b: Sinistcha|Sinistcha, L50|100/100\n|-heal|p1a: Snorlax|100/100|[from] ability: Hospitality|[of] p1b: Sinistcha\n|move|p2b: Espathra|Protect|p2b: Espathra\n|-singleturn|p2b: Espathra|Protect\n|move|p2a: Meganium|Protect||[still]\n|-fail|p2a: Meganium\n|move|p1a: Snorlax|Facade|p2a: Meganium\n|-crit|p2a: Meganium\n|-damage|p2a: Meganium|0 fnt\n|faint|p2a: Meganium\n|\n|-fieldend|move: Trick Room\n|-ability|p2b: Espathra|Speed Boost|boost\n|-boost|p2b: Espathra|spe|1\n|upkeep\n|turn|7\n|-message|norbish forfeited.\n|\n|win|rintaro uchiha\n|raw|rintaro uchiha's rating: 1305 &rarr; <strong>1319</strong><br />(+14 for winning)\n|raw|norbish's rating: 1200 &rarr; <strong>1182</strong><br />(-18 for losing)\n|l|\u2606norbish\n|player|p2|\n",
  "uploadtime": 1776353412,
  "views": 30,
  "formatid": "gen9championsvgc2026regma",
  "rating": 1182,
  "private": 0,
  "password": null
}