{
  "id": "gen9championsvgc2026regma-2587612079",
  "format": "[Gen 9 Champions] VGC 2026 Reg M-A",
  "players": [
    "Unaii11",
    "chaini xD"
  ],
  "log": "|j|\u2606Unaii11\n|j|\u2606chaini xD\n|t:|1776546899\n|gametype|doubles\n|player|p1|Unaii11|169|1255\n|player|p2|chaini xD|nurseryaide|1331\n|gen|9\n|tier|[Gen 9 Champions] VGC 2026 Reg M-A\n|rated|\n|rule|Species Clause: Limit one of each Pok\u00e9mon\n|rule|Item Clause: Limit 1 of each item\n|clearpoke\n|poke|p1|Charizard, L50, M, shiny|\n|poke|p1|Maushold-Four, L50, shiny|\n|poke|p1|Sneasler, L50, F, shiny|\n|poke|p1|Dragapult, L50, M|\n|poke|p1|Kingambit, L50, M|\n|poke|p1|Garchomp, L50, M|\n|poke|p2|Skarmory, L50, M|\n|poke|p2|Sneasler, L50, M, shiny|\n|poke|p2|Garchomp, L50, M|\n|poke|p2|Sinistcha, L50|\n|poke|p2|Incineroar, L50, M, shiny|\n|poke|p2|Rotom-Wash, L50, shiny|\n|teampreview|4\n|inactive|Battle timer is ON: inactive players will automatically lose when time's up. (requested by chaini xD)\n|\n|t:|1776546954\n|teamsize|p1|4\n|teamsize|p2|4\n|start\n|switch|p1a: Garchomp|Garchomp, L50, M|100/100\n|switch|p1b: Kingambit|Kingambit, L50, M|100/100\n|switch|p2a: Garchomp|Garchomp, L50, M|100/100\n|switch|p2b: Rotom|Rotom-Wash, L50, shiny|100/100\n|turn|1\n|inactive|Unaii11 has 30 seconds left.\n|\n|t:|1776546981\n|move|p2a: Garchomp|Protect|p2a: Garchomp\n|-singleturn|p2a: Garchomp|Protect\n|move|p1b: Kingambit|Protect|p1b: Kingambit\n|-singleturn|p1b: Kingambit|Protect\n|move|p1a: Garchomp|Dragon Claw|p2a: Garchomp\n|-activate|p2a: Garchomp|move: Protect\n|move|p2b: Rotom|Hydro Pump|p1a: Garchomp|[miss]\n|-miss|p2b: Rotom|p1a: Garchomp\n|\n|upkeep\n|turn|2\n|\n|t:|1776546997\n|switch|p2a: DAAAAAMMMM|Skarmory, L50, M|100/100\n|move|p1a: Garchomp|Dragon Claw|p2b: Rotom\n|-damage|p2b: Rotom|50/100\n|move|p2b: Rotom|Hydro Pump|p1b: Kingambit|[miss]\n|-miss|p2b: Rotom|p1b: Kingambit\n|move|p1b: Kingambit|Kowtow Cleave|p2b: Rotom\n|-damage|p2b: Rotom|0 fnt\n|faint|p2b: Rotom\n|\n|upkeep\n|\n|t:|1776547007\n|switch|p2b: Garchomp|Garchomp, L50, M|100/100\n|turn|3\n|\n|t:|1776547019\n|switch|p1b: Charizard|Charizard, L50, M, shiny|100/100\n|move|p1a: Garchomp|Dragon Claw|p2b: Garchomp\n|-supereffective|p2b: Garchomp|1\n|-enditem|p2b: Garchomp|Haban Berry|[eat]\n|-enditem|p2b: Garchomp|Haban Berry|[weaken]\n|-damage|p2b: Garchomp|59/100\n|-damage|p1a: Garchomp|88/100|[from] ability: Rough Skin|[of] p2b: Garchomp\n|move|p2b: Garchomp|Earthquake|p1a: Garchomp|[spread] p1a\n|-immune|p2a: DAAAAAMMMM\n|-immune|p1b: Charizard\n|-damage|p1a: Garchomp|53/100\n|move|p2a: DAAAAAMMMM|Swords Dance|p2a: DAAAAAMMMM\n|-boost|p2a: DAAAAAMMMM|atk|2\n|\n|upkeep\n|turn|4\n|inactive|chaini xD has 30 seconds left.\n|inactive|Unaii11 has 30 seconds left.\n|inactive|chaini xD has 20 seconds left.\n|inactive|chaini xD has 15 seconds left.\n|\n|t:|1776547064\n|detailschange|p1b: Charizard|Charizard-Mega-Y, L50, M, shiny\n|-mega|p1b: Charizard|Charizard|Charizardite Y\n|-weather|SunnyDay|[from] ability: Drought|[of] p1b: Charizard\n|detailschange|p2a: DAAAAAMMMM|Skarmory-Mega, L50, M\n|-mega|p2a: DAAAAAMMMM|Skarmory|Skarmorite\n|move|p2b: Garchomp|Protect|p2b: Garchomp\n|-singleturn|p2b: Garchomp|Protect\n|move|p1a: Garchomp|Dragon Claw|p2b: Garchomp\n|-activate|p2b: Garchomp|move: Protect\n|move|p2a: DAAAAAMMMM|Brave Bird|p1b: Charizard\n|-damage|p1b: Charizard|0 fnt\n|faint|p1b: Charizard\n|-damage|p2a: DAAAAAMMMM|62/100|[from] Recoil\n|\n|-weather|SunnyDay|[upkeep]\n|upkeep\n|inactive|Unaii11 has 30 seconds left.\n|inactive|Unaii11 has 20 seconds left.\n|inactive|Unaii11 has 15 seconds left.\n|inactive|Unaii11 has 10 seconds left.\n|\n|t:|1776547113\n|switch|p1b: Maushold|Maushold-Four, L50, shiny|100/100\n|turn|5\n|\n|t:|1776547125\n|move|p1a: Garchomp|Dragon Claw|p2b: Garchomp\n|-supereffective|p2b: Garchomp|1\n|-damage|p2b: Garchomp|0 fnt\n|-damage|p1a: Garchomp|41/100|[from] ability: Rough Skin|[of] p2b: Garchomp\n|faint|p2b: Garchomp\n|move|p1b: Maushold|Super Fang|p2a: DAAAAAMMMM|[miss]\n|-miss|p1b: Maushold|p2a: DAAAAAMMMM\n|move|p2a: DAAAAAMMMM|Iron Head|p1a: Garchomp\n|-crit|p1a: Garchomp\n|-damage|p1a: Garchomp|0 fnt\n|-damage|p2a: DAAAAAMMMM|50/100|[from] ability: Rough Skin|[of] p1a: Garchomp\n|faint|p1a: Garchomp\n|\n|-weather|SunnyDay|[upkeep]\n|upkeep\n|\n|t:|1776547136\n|switch|p2b: Sneasler|Sneasler, L50, M, shiny|100/100\n|switch|p1a: Kingambit|Kingambit, L50, M|100/100\n|turn|6\n|inactive|chaini xD has 30 seconds left.\n|\n|t:|1776547165\n|move|p2b: Sneasler|Protect|p2b: Sneasler\n|-singleturn|p2b: Sneasler|Protect\n|move|p1a: Kingambit|Protect|p1a: Kingambit\n|-singleturn|p1a: Kingambit|Protect\n|move|p1b: Maushold|Encore|p2b: Sneasler\n|-activate|p2b: Sneasler|move: Protect\n|move|p2a: DAAAAAMMMM|Brave Bird|p1b: Maushold\n|-damage|p1b: Maushold|0 fnt\n|faint|p1b: Maushold\n|-damage|p2a: DAAAAAMMMM|12/100|[from] Recoil\n|\n|-weather|SunnyDay|[upkeep]\n|upkeep\n|turn|7\n|-message|Unaii11 forfeited.\n|\n|win|chaini xD\n|raw|Unaii11's rating: 1255 &rarr; <strong>1235</strong><br />(-20 for losing)\n|raw|chaini xD's rating: 1331 &rarr; <strong>1347</strong><br />(+16 for winning)\n|l|\u2606Unaii11\n|player|p1|\n",
  "uploadtime": 1776547189,
  "views": 19,
  "formatid": "gen9championsvgc2026regma",
  "rating": 1235,
  "private": 0,
  "password": null
}