{
  "id": "gen9championsvgc2026regma-2582533321",
  "format": "[Gen 9 Champions] VGC 2026 Reg M-A",
  "players": [
    "pkmemes19",
    "BlazingDurendal"
  ],
  "log": "|j|\u2606pkmemes19\n|j|\u2606BlazingDurendal\n|t:|1776097741\n|gametype|doubles\n|player|p1|pkmemes19|burgh|1098\n|player|p2|BlazingDurendal|janitor|1120\n|gen|9\n|tier|[Gen 9 Champions] VGC 2026 Reg M-A\n|rated|\n|rule|Species Clause: Limit one of each Pok\u00e9mon\n|rule|Item Clause: Limit 1 of each item\n|clearpoke\n|poke|p1|Pelipper, L50, F|\n|poke|p1|Dragonite, L50, M|\n|poke|p1|Archaludon, L50, M|\n|poke|p1|Basculegion, L50, M|\n|poke|p1|Sneasler, L50, M|\n|poke|p1|Rotom-Heat, L50|\n|poke|p2|Medicham, L50, M|\n|poke|p2|Arcanine-Hisui, L50, M|\n|poke|p2|Hydreigon, L50, M|\n|poke|p2|Hatterene, L50, F|\n|poke|p2|Corviknight, L50, F|\n|poke|p2|Maushold-Four, L50|\n|teampreview|4\npkmemes19 has agreed to open team sheets.\n|\n|t:|1776097773\n|teamsize|p1|4\n|teamsize|p2|4\n|start\n|switch|p1a: Pelipper|Pelipper, L50, F, shiny|100/100\n|switch|p1b: Archaludon|Archaludon, L50, M|100/100\n|switch|p2a: Medicham|Medicham, L50, M, shiny|100/100\n|switch|p2b: Maushold|Maushold-Four, L50|100/100\n|-weather|RainDance|[from] ability: Drizzle|[of] p1a: Pelipper\n|turn|1\n|\n|t:|1776097791\n|detailschange|p2a: Medicham|Medicham-Mega, L50, M, shiny\n|-mega|p2a: Medicham|Medicham|Medichamite\n|move|p1b: Archaludon|Protect|p1b: Archaludon\n|-singleturn|p1b: Archaludon|Protect\n|move|p2b: Maushold|Follow Me|p2b: Maushold\n|-singleturn|p2b: Maushold|move: Follow Me\n|move|p2a: Medicham|Close Combat|p1b: Archaludon\n|-activate|p1b: Archaludon|move: Protect\n|move|p1a: Pelipper|Tailwind|p1a: Pelipper\n|-sidestart|p1: pkmemes19|move: Tailwind\n|\n|-weather|RainDance|[upkeep]\n|upkeep\n|turn|2\n|\n|t:|1776097827\n|move|p2b: Maushold|Follow Me|p2b: Maushold\n|-singleturn|p2b: Maushold|move: Follow Me\n|move|p1a: Pelipper|Hurricane|p2b: Maushold\n|-damage|p2b: Maushold|34/100\n|move|p1b: Archaludon|Electro Shot||[still]\n|-prepare|p1b: Archaludon|Electro Shot\n|-boost|p1b: Archaludon|spa|1\n|-anim|p1b: Archaludon|Electro Shot|p2b: Maushold\n|-damage|p2b: Maushold|0 fnt\n|faint|p2b: Maushold\n|move|p2a: Medicham|Zen Headbutt|p1a: Pelipper\n|-damage|p1a: Pelipper|3/100\n|\n|-weather|RainDance|[upkeep]\n|upkeep\n|\n|t:|1776097854\n|switch|p2b: Hydreigon|Hydreigon, L50, M, shiny|100/100\n|turn|3\n|\n|t:|1776097872\n|switch|p2a: Corviknight|Corviknight, L50, F, shiny|100/100\n|move|p1a: Pelipper|Hurricane|p2a: Corviknight\n|-resisted|p2a: Corviknight|1\n|-damage|p2a: Corviknight|75/100\n|move|p2b: Hydreigon|Earth Power|p1b: Archaludon\n|-supereffective|p1b: Archaludon|1\n|-damage|p1b: Archaludon|36/100\n|-ability|p1b: Archaludon|Stamina|boost\n|-boost|p1b: Archaludon|def|1\n|move|p1b: Archaludon|Draco Meteor|p2b: Hydreigon\n|-supereffective|p2b: Hydreigon|1\n|-damage|p2b: Hydreigon|0 fnt\n|-unboost|p1b: Archaludon|spa|2\n|faint|p2b: Hydreigon\n|\n|-weather|RainDance|[upkeep]\n|-heal|p1b: Archaludon|42/100|[from] item: Leftovers\n|-heal|p2a: Corviknight|81/100|[from] item: Leftovers\n|upkeep\n|\n|t:|1776097891\n|switch|p2b: Medicham|Medicham-Mega, L50, M, shiny|100/100\n|turn|4\n|\n|t:|1776097905\n|move|p2b: Medicham|Fake Out|p1b: Archaludon\n|-resisted|p1b: Archaludon|1\n|-damage|p1b: Archaludon|36/100\n|-ability|p1b: Archaludon|Stamina|boost\n|-boost|p1b: Archaludon|def|1\n|move|p1a: Pelipper|Hurricane|p2b: Medicham\n|-supereffective|p2b: Medicham|1\n|-damage|p2b: Medicham|0 fnt\n|faint|p2b: Medicham\n|cant|p1b: Archaludon|flinch\n|move|p2a: Corviknight|Brave Bird|p1b: Archaludon\n|-resisted|p1b: Archaludon|1\n|-damage|p1b: Archaludon|28/100\n|-ability|p1b: Archaludon|Stamina|boost\n|-boost|p1b: Archaludon|def|1\n|-damage|p2a: Corviknight|79/100|[from] Recoil\n|\n|-weather|RainDance|[upkeep]\n|-heal|p1b: Archaludon|35/100|[from] item: Leftovers\n|-heal|p2a: Corviknight|84/100|[from] item: Leftovers\n|-sideend|p1: pkmemes19|move: Tailwind\n|upkeep\n|turn|5\n|-message|BlazingDurendal forfeited.\n|\n|win|pkmemes19\n|raw|pkmemes19's rating: 1098 &rarr; <strong>1125</strong><br />(+27 for winning)\n|raw|BlazingDurendal's rating: 1120 &rarr; <strong>1093</strong><br />(-27 for losing)\n|l|\u2606BlazingDurendal\n|player|p2|\n",
  "uploadtime": 1776097929,
  "views": 21,
  "formatid": "gen9championsvgc2026regma",
  "rating": 1093,
  "private": 0,
  "password": null
}