{
  "id": "gen9championsvgc2026regma-2588110048",
  "format": "[Gen 9 Champions] VGC 2026 Reg M-A",
  "players": [
    "QBkiller55",
    "NoProblemAgency"
  ],
  "log": "|j|\u2606QBkiller55\n|j|\u203dNoProblemAgency\n|t:|1776605359\n|gametype|doubles\n|player|p1|QBkiller55|morty|1212\n|player|p2|NoProblemAgency|red|1173\n|gen|9\n|tier|[Gen 9 Champions] VGC 2026 Reg M-A\n|rated|\n|rule|Species Clause: Limit one of each Pok\u00e9mon\n|rule|Item Clause: Limit 1 of each item\n|clearpoke\n|poke|p1|Aegislash, L50, M|\n|poke|p1|Tyranitar, L50, M|\n|poke|p1|Garchomp, L50, F|\n|poke|p1|Rotom-Wash, L50|\n|poke|p1|Aerodactyl, L50, M|\n|poke|p1|Kingambit, L50, M|\n|poke|p2|Gengar, L50, F|\n|poke|p2|Incineroar, L50, F|\n|poke|p2|Kommo-o, L50, M|\n|poke|p2|Basculegion, L50, M|\n|poke|p2|Maushold, L50|\n|poke|p2|Rotom-Wash, L50|\n|teampreview|4\n|j| sa2turn\n|l|\u2606QBkiller55\n|player|p1|\n|l| sa2turn\n|j|\u2606QBkiller55\n|player|p1|QBkiller55|morty|\n|inactive|Battle timer is ON: inactive players will automatically lose when time's up. (requested by NoProblemAgency)\n|\n|t:|1776605429\n|teamsize|p1|4\n|teamsize|p2|4\n|start\n|switch|p1a: Kingambit|Kingambit, L50, M|100/100\n|switch|p1b: Aerodactyl|Aerodactyl, L50, M|100/100\n|switch|p2a: Gengar|Gengar, L50, F|100/100\n|switch|p2b: Kommo-o|Kommo-o, L50, M|100/100\n|-ability|p1b: Aerodactyl|Unnerve\n|turn|1\n|\n|t:|1776605443\n|detailschange|p2a: Gengar|Gengar-Mega, L50, F\n|-mega|p2a: Gengar|Gengar|Gengarite\n|move|p2a: Gengar|Protect|p2a: Gengar\n|-singleturn|p2a: Gengar|Protect\n|move|p1b: Aerodactyl|Rock Slide|p2b: Kommo-o|[spread] p2b\n|-activate|p2a: Gengar|move: Protect\n|-resisted|p2b: Kommo-o|1\n|-damage|p2b: Kommo-o|89/100\n|move|p2b: Kommo-o|Aura Sphere|p1a: Kingambit\n|-supereffective|p1a: Kingambit|2\n|-crit|p1a: Kingambit\n|-enditem|p1a: Kingambit|Chople Berry|[eat]\n|-enditem|p1a: Kingambit|Chople Berry|[weaken]\n|-damage|p1a: Kingambit|0 fnt\n|faint|p1a: Kingambit\n|\n|upkeep\n|\n|t:|1776605458\n|switch|p1a: Garchomp|Garchomp, L50, F|100/100\n|turn|2\n|\n|t:|1776605464\n|move|p1b: Aerodactyl|Tailwind|p1b: Aerodactyl\n|-sidestart|p1: QBkiller55|move: Tailwind\n|move|p1a: Garchomp|Earthquake|p2b: Kommo-o|[spread] p2a,p2b\n|-immune|p1b: Aerodactyl\n|-supereffective|p2a: Gengar|1\n|-crit|p2a: Gengar\n|-crit|p2b: Kommo-o\n|-damage|p2a: Gengar|0 fnt\n|-damage|p2b: Kommo-o|28/100\n|faint|p2a: Gengar\n|move|p2b: Kommo-o|Clanging Scales|p1a: Garchomp|[spread] p1a,p1b\n|-supereffective|p1a: Garchomp|1\n|-damage|p1a: Garchomp|0 fnt\n|-damage|p1b: Aerodactyl|31/100\n|faint|p1a: Garchomp\n|-unboost|p2b: Kommo-o|def|1\n|\n|upkeep\n|\n|t:|1776605475\n|switch|p2a: Rotom|Rotom-Wash, L50|100/100\n|switch|p1a: Tyranitar|Tyranitar, L50, M|100/100\n|-weather|Sandstorm|[from] ability: Sand Stream|[of] p1a: Tyranitar\n|turn|3\n|\n|t:|1776605487\n|detailschange|p1a: Tyranitar|Tyranitar-Mega, L50, M\n|-mega|p1a: Tyranitar|Tyranitar|Tyranitarite\n|move|p2b: Kommo-o|Protect|p2b: Kommo-o\n|-singleturn|p2b: Kommo-o|Protect\n|move|p1b: Aerodactyl|Dual Wingbeat|p2b: Kommo-o\n|-activate|p2b: Kommo-o|move: Protect\n|move|p1a: Tyranitar|Rock Slide|p2a: Rotom|[spread] p2a\n|-activate|p2b: Kommo-o|move: Protect\n|-damage|p2a: Rotom|66/100\n|move|p2a: Rotom|Volt Switch|p1b: Aerodactyl\n|-supereffective|p1b: Aerodactyl|1\n|-damage|p1b: Aerodactyl|0 fnt\n|faint|p1b: Aerodactyl\n|\n|t:|1776605492\n|switch|p2a: Basculegion|Basculegion, L50, M|100/100|[from] Volt Switch\n|\n|-weather|Sandstorm|[upkeep]\n|-damage|p2a: Basculegion|94/100|[from] Sandstorm\n|upkeep\n|turn|4\n|\n|t:|1776605500\n|switch|p2a: Rotom|Rotom-Wash, L50|66/100\n|move|p1a: Tyranitar|Rock Slide|p2a: Rotom|[spread] p2a,p2b\n|-resisted|p2b: Kommo-o|1\n|-damage|p2a: Rotom|31/100\n|-damage|p2b: Kommo-o|3/100\n|-enditem|p2a: Rotom|Sitrus Berry|[eat]\n|-heal|p2a: Rotom|56/100|[from] item: Sitrus Berry\n|move|p2b: Kommo-o|Aura Sphere|p1a: Tyranitar\n|-supereffective|p1a: Tyranitar|2\n|-damage|p1a: Tyranitar|29/100\n|\n|-weather|Sandstorm|[upkeep]\n|-damage|p2a: Rotom|50/100|[from] Sandstorm\n|upkeep\n|turn|5\n|\n|t:|1776605513\n|move|p2b: Kommo-o|Protect|p2b: Kommo-o\n|-singleturn|p2b: Kommo-o|Protect\n|move|p1a: Tyranitar|Rock Slide|p2b: Kommo-o|[spread] p2a\n|-activate|p2b: Kommo-o|move: Protect\n|-damage|p2a: Rotom|13/100\n|move|p2a: Rotom|Hydro Pump|p1a: Tyranitar\n|-supereffective|p1a: Tyranitar|1\n|-damage|p1a: Tyranitar|0 fnt\n|faint|p1a: Tyranitar\n|\n|win|NoProblemAgency\n|raw|QBkiller55's rating: 1212 &rarr; <strong>1184</strong><br />(-28 for losing)\n|raw|NoProblemAgency's rating: 1173 &rarr; <strong>1201</strong><br />(+28 for winning)\n",
  "uploadtime": 1776605515,
  "views": 6,
  "formatid": "gen9championsvgc2026regma",
  "rating": 1184,
  "private": 0,
  "password": null
}