{
  "id": "gen9championsvgc2026regma-2584499044",
  "format": "[Gen 9 Champions] VGC 2026 Reg M-A",
  "players": [
    "DriftmanREALVEVO",
    "Epicjavi"
  ],
  "log": "|j|\u2606DriftmanREALVEVO\n|j|\u2606Epicjavi\n|t:|1776264875\n|gametype|doubles\n|player|p1|DriftmanREALVEVO|rood|1061\n|player|p2|Epicjavi|benga|1070\n|gen|9\n|tier|[Gen 9 Champions] VGC 2026 Reg M-A\n|rated|\n|rule|Species Clause: Limit one of each Pok\u00e9mon\n|rule|Item Clause: Limit 1 of each item\n|clearpoke\n|poke|p1|Kingambit, L50, M|\n|poke|p1|Salazzle, L50, F|\n|poke|p1|Kleavor, L50, F|\n|poke|p1|Slowking-Galar, L50, M|\n|poke|p1|Starmie, L50|\n|poke|p1|Drampa, L50, F|\n|poke|p2|Greninja-*, L50, M|\n|poke|p2|Lucario, L50, M|\n|poke|p2|Incineroar, L50, M|\n|poke|p2|Milotic, L50, F|\n|poke|p2|Dragapult, L50, F|\n|poke|p2|Pelipper, L50, F|\n|teampreview|4\n|\n|t:|1776264922\n|teamsize|p1|4\n|teamsize|p2|4\n|start\n|switch|p1a: Kleavor|Kleavor, L50, F, shiny|100/100\n|switch|p1b: Kingambit|Kingambit, L50, M, shiny|100/100\n|switch|p2a: Nimbo|Milotic, L50, F|100/100\n|switch|p2b: Akuma|Lucario, L50, M|100/100\n|turn|1\n|\n|t:|1776264945\n|detailschange|p2b: Akuma|Lucario-Mega, L50, M\n|-mega|p2b: Akuma|Lucario|Lucarionite\n|move|p1b: Kingambit|Protect|p1b: Kingambit\n|-singleturn|p1b: Kingambit|Protect\n|move|p1a: Kleavor|Close Combat|p2b: Akuma\n|-supereffective|p2b: Akuma|1\n|-damage|p2b: Akuma|0 fnt\n|-unboost|p1a: Kleavor|def|1\n|-unboost|p1a: Kleavor|spd|1\n|faint|p2b: Akuma\n|move|p2a: Nimbo|Scald|p1a: Kleavor\n|-supereffective|p1a: Kleavor|1\n|-damage|p1a: Kleavor|0 fnt\n|faint|p1a: Kleavor\n|\n|upkeep\n|\n|t:|1776264963\n|switch|p2b: Amarilla|Dragapult, L50, F, shiny|100/100\n|switch|p1a: Starmie|Starmie, L50, shiny|100/100\n|turn|2\n|\n|t:|1776264973\n|detailschange|p1a: Starmie|Starmie-Mega, L50, shiny\n|-mega|p1a: Starmie|Starmie|Starminite\n|move|p2b: Amarilla|Protect|p2b: Amarilla\n|-singleturn|p2b: Amarilla|Protect\n|move|p1b: Kingambit|Sucker Punch||[still]\n|-fail|p1b: Kingambit\n|move|p1a: Starmie|Ice Spinner|p2b: Amarilla\n|-activate|p2b: Amarilla|move: Protect\n|move|p2a: Nimbo|Scald|p1b: Kingambit\n|-damage|p1b: Kingambit|74/100\n|\n|upkeep\n|turn|3\n|\n|t:|1776264991\n|switch|p2b: Kagekiri|Greninja, L50, M, shiny|100/100\n|move|p1b: Kingambit|Sucker Punch||[still]\n|-fail|p1b: Kingambit\n|move|p1a: Starmie|Ice Spinner|p2b: Kagekiri\n|-resisted|p2b: Kagekiri|1\n|-damage|p2b: Kagekiri|61/100\n|move|p2a: Nimbo|Scald|p1b: Kingambit\n|-damage|p1b: Kingambit|46/100\n|\n|upkeep\n|turn|4\n|\n|t:|1776265018\n|move|p1b: Kingambit|Protect|p1b: Kingambit\n|-singleturn|p1b: Kingambit|Protect\n|move|p2b: Kagekiri|Dark Pulse|p1a: Starmie\n|-start|p2b: Kagekiri|typechange|Dark|[from] ability: Protean\n|-supereffective|p1a: Starmie|1\n|-damage|p1a: Starmie|3/100\n|move|p1a: Starmie|Liquidation|p2b: Kagekiri\n|-damage|p2b: Kagekiri|0 fnt\n|faint|p2b: Kagekiri\n|move|p2a: Nimbo|Scald|p1b: Kingambit\n|-activate|p1b: Kingambit|move: Protect\n|\n|upkeep\n|\n|t:|1776265029\n|switch|p2b: Amarilla|Dragapult, L50, F, shiny|100/100\n|turn|5\n|\n|t:|1776265047\n|move|p2b: Amarilla|Protect|p2b: Amarilla\n|-singleturn|p2b: Amarilla|Protect\n|move|p1a: Starmie|Protect|p1a: Starmie\n|-singleturn|p1a: Starmie|Protect\n|move|p1b: Kingambit|Sucker Punch||[still]\n|-fail|p1b: Kingambit\n|move|p2a: Nimbo|Scald|p1b: Kingambit\n|-damage|p1b: Kingambit|19/100\n|\n|upkeep\n|turn|6\n|inactive|Battle timer is ON: inactive players will automatically lose when time's up. (requested by DriftmanREALVEVO)\n|\n|t:|1776265116\n|move|p2b: Amarilla|Protect||[still]\n|-fail|p2b: Amarilla\n|move|p1b: Kingambit|Sucker Punch||[still]\n|-fail|p1b: Kingambit\n|move|p1a: Starmie|Ice Spinner|p2b: Amarilla\n|-supereffective|p2b: Amarilla|1\n|-damage|p2b: Amarilla|0 fnt\n|faint|p2b: Amarilla\n|move|p2a: Nimbo|Scald|p1b: Kingambit\n|-damage|p1b: Kingambit|0 fnt\n|faint|p1b: Kingambit\n|\n|upkeep\n|\n|t:|1776265129\n|switch|p1b: Drampa|Drampa, L50, F, shiny|100/100\n|-ability|p1b: Drampa|Cloud Nine\n|turn|7\n|\n|t:|1776265140\n|move|p1a: Starmie|Psycho Cut|p2a: Nimbo\n|-damage|p2a: Nimbo|47/100\n|move|p2a: Nimbo|Scald|p1a: Starmie\n|-resisted|p1a: Starmie|1\n|-damage|p1a: Starmie|0 fnt\n|faint|p1a: Starmie\n|move|p1b: Drampa|Thunderbolt|p2a: Nimbo\n|-supereffective|p2a: Nimbo|1\n|-damage|p2a: Nimbo|0 fnt\n|faint|p2a: Nimbo\n|\n|win|DriftmanREALVEVO\n|raw|DriftmanREALVEVO's rating: 1061 &rarr; <strong>1093</strong><br />(+32 for winning)\n|raw|Epicjavi's rating: 1070 &rarr; <strong>1049</strong><br />(-21 for losing)\n|l|\u2606Epicjavi\n|player|p2|\n",
  "uploadtime": 1776265155,
  "views": 32,
  "formatid": "gen9championsvgc2026regma",
  "rating": 1049,
  "private": 0,
  "password": null
}