{
  "id": "gen9championsvgc2026regma-2588819325",
  "format": "[Gen 9 Champions] VGC 2026 Reg M-A",
  "players": [
    "Isidino",
    "mafiakitty"
  ],
  "log": "|j|\u203dIsidino\n|j|\u2606mafiakitty\n|t:|1776674746\n|gametype|doubles\n|player|p1|Isidino|169|1230\n|player|p2|mafiakitty|170|1291\n|gen|9\n|tier|[Gen 9 Champions] VGC 2026 Reg M-A\n|rated|\n|rule|Species Clause: Limit one of each Pok\u00e9mon\n|rule|Item Clause: Limit 1 of each item\n|clearpoke\n|poke|p1|Sinistcha-Masterpiece, L50|\n|poke|p1|Oranguru, L50, F|\n|poke|p1|Torkoal, L50, F|\n|poke|p1|Crabominable, L50, M, shiny|\n|poke|p1|Drampa, L50, F|\n|poke|p1|Kingambit, L50, M, shiny|\n|poke|p2|Hawlucha, L50, F, shiny|\n|poke|p2|Hippowdon, L50, F, shiny|\n|poke|p2|Vanilluxe, L50, F, shiny|\n|poke|p2|Azumarill, L50, F|\n|poke|p2|Scovillain, L50, F|\n|poke|p2|Snorlax, L50, F, shiny|\n|teampreview|4\n|inactive|Battle timer is ON: inactive players will automatically lose when time's up. (requested by Isidino)\n|\n|t:|1776674772\n|teamsize|p1|4\n|teamsize|p2|4\n|start\n|switch|p1a: Sinistcha|Sinistcha-Masterpiece, L50|100/100\n|switch|p1b: Oranguru|Oranguru, L50, F|100/100\n|switch|p2a: Hawlucha|Hawlucha, L50, F, shiny|100/100\n|switch|p2b: Vanilluxe|Vanilluxe, L50, F, shiny|100/100\n|-weather|Snowscape|[from] ability: Snow Warning|[of] p2b: Vanilluxe\n|turn|1\n|\n|t:|1776674786\n|detailschange|p2a: Hawlucha|Hawlucha-Mega, L50, F, shiny\n|-mega|p2a: Hawlucha|Hawlucha|Hawluchanite\n|move|p1a: Sinistcha|Rage Powder|p1a: Sinistcha\n|-singleturn|p1a: Sinistcha|move: Rage Powder\n|move|p2a: Hawlucha|Entrainment|p1a: Sinistcha\n|-ability|p1a: Sinistcha|No Guard|Hospitality|[from] move: Entrainment|[of] p2a: Hawlucha\n|move|p2b: Vanilluxe|Blizzard|p1a: Sinistcha|[spread] p1a,p1b\n|-supereffective|p1a: Sinistcha|1\n|-damage|p1a: Sinistcha|2/100\n|-damage|p1b: Oranguru|62/100\n|-status|p1a: Sinistcha|frz\n|move|p1b: Oranguru|Trick Room|p1b: Oranguru\n|-fieldstart|move: Trick Room|[of] p1b: Oranguru\n|\n|-weather|Snowscape|[upkeep]\n|upkeep\n|turn|2\n|\n|t:|1776674805\n|move|p2b: Vanilluxe|Ice Shard|p1a: Sinistcha\n|-supereffective|p1a: Sinistcha|1\n|-damage|p1a: Sinistcha|0 fnt\n|faint|p1a: Sinistcha\n|move|p1b: Oranguru|Hyper Voice|p2a: Hawlucha|[spread] p2a,p2b\n|-damage|p2a: Hawlucha|77/100\n|-damage|p2b: Vanilluxe|79/100\n|move|p2a: Hawlucha|Brave Bird|p1b: Oranguru\n|-damage|p1b: Oranguru|10/100\n|-damage|p2a: Hawlucha|55/100|[from] Recoil\n|\n|-weather|Snowscape|[upkeep]\n|upkeep\n|\n|t:|1776674808\n|switch|p1a: Torkoal|Torkoal, L50, F|100/100\n|-weather|SunnyDay|[from] ability: Drought|[of] p1a: Torkoal\n|turn|3\n|\n|t:|1776674822\n|switch|p2a: Hippowdon|Hippowdon, L50, F, shiny|100/100\n|-weather|Sandstorm|[from] ability: Sand Stream|[of] p2a: Hippowdon\n|move|p2b: Vanilluxe|Protect|p2b: Vanilluxe\n|-singleturn|p2b: Vanilluxe|Protect\n|move|p1a: Torkoal|Eruption|p2a: Hippowdon|[spread] p2a\n|-activate|p2b: Vanilluxe|move: Protect\n|-damage|p2a: Hippowdon|57/100\n|move|p1b: Oranguru|Instruct|p1a: Torkoal\n|-singleturn|p1a: Torkoal|move: Instruct|[of] p1b: Oranguru\n|move|p1a: Torkoal|Eruption|p2a: Hippowdon|[spread] p2a\n|-activate|p2b: Vanilluxe|move: Protect\n|-damage|p2a: Hippowdon|13/100\n|\n|-weather|Sandstorm|[upkeep]\n|-damage|p1a: Torkoal|94/100|[from] Sandstorm\n|-damage|p1b: Oranguru|4/100|[from] Sandstorm\n|-damage|p2b: Vanilluxe|73/100|[from] Sandstorm\n|upkeep\n|turn|4\n|\n|t:|1776674845\n|move|p2b: Vanilluxe|Ice Shard|p1b: Oranguru\n|-damage|p1b: Oranguru|0 fnt\n|faint|p1b: Oranguru\n|move|p1a: Torkoal|Eruption|p2b: Vanilluxe|[spread] p2a,p2b\n|-supereffective|p2b: Vanilluxe|1\n|-crit|p2b: Vanilluxe\n|-damage|p2a: Hippowdon|0 fnt\n|-damage|p2b: Vanilluxe|0 fnt\n|faint|p2a: Hippowdon\n|faint|p2b: Vanilluxe\n|\n|-weather|Sandstorm|[upkeep]\n|-damage|p1a: Torkoal|88/100|[from] Sandstorm\n|upkeep\n|\n|t:|1776674853\n|switch|p2a: Hawlucha|Hawlucha-Mega, L50, F, shiny|55/100\n|switch|p1b: Crabominable|Crabominable, L50, M, shiny|100/100\n|switch|p2b: Scovillain|Scovillain, L50, F|100/100\n|turn|5\n|\n|t:|1776674864\n|detailschange|p1b: Crabominable|Crabominable-Mega, L50, M, shiny\n|-mega|p1b: Crabominable|Crabominable|Crabominite\n|move|p2b: Scovillain|Protect|p2b: Scovillain\n|-singleturn|p2b: Scovillain|Protect\n|move|p2a: Hawlucha|Protect|p2a: Hawlucha\n|-singleturn|p2a: Hawlucha|Protect\n|move|p1a: Torkoal|Eruption|p2b: Scovillain|[spread] \n|-activate|p2a: Hawlucha|move: Protect\n|-activate|p2b: Scovillain|move: Protect\n|move|p1b: Crabominable|Ice Punch|p2a: Hawlucha\n|-activate|p2a: Hawlucha|move: Protect\n|\n|-weather|Sandstorm|[upkeep]\n|-damage|p1a: Torkoal|82/100|[from] Sandstorm\n|-damage|p1b: Crabominable|95/100|[from] Sandstorm\n|-damage|p2b: Scovillain|94/100|[from] Sandstorm\n|-damage|p2a: Hawlucha|49/100|[from] Sandstorm\n|-fieldend|move: Trick Room\n|-ability|p2b: Scovillain|Moody|boost\n|-boost|p2b: Scovillain|spd|2\n|-unboost|p2b: Scovillain|def|1\n|upkeep\n|turn|6\n|inactive|mafiakitty has 30 seconds left.\n|\n|t:|1776674891\n|move|p1b: Crabominable|Mach Punch|p2a: Hawlucha\n|-resisted|p2a: Hawlucha|1\n|-damage|p2a: Hawlucha|31/100\n|move|p2a: Hawlucha|Close Combat|p1b: Crabominable\n|-supereffective|p1b: Crabominable|1\n|-damage|p1b: Crabominable|0 fnt\n|-unboost|p2a: Hawlucha|def|1\n|-unboost|p2a: Hawlucha|spd|1\n|faint|p1b: Crabominable\n|move|p2b: Scovillain|Burning Jealousy|p1a: Torkoal\n|-resisted|p1a: Torkoal|1\n|-damage|p1a: Torkoal|64/100\n|move|p1a: Torkoal|Eruption|p2a: Hawlucha|[spread] p2a,p2b\n|-damage|p2a: Hawlucha|0 fnt\n|-damage|p2b: Scovillain|75/100\n|faint|p2a: Hawlucha\n|\n|-weather|Sandstorm|[upkeep]\n|-damage|p2b: Scovillain|69/100|[from] Sandstorm\n|-damage|p1a: Torkoal|58/100|[from] Sandstorm\n|-ability|p2b: Scovillain|Moody|boost\n|-boost|p2b: Scovillain|spa|2\n|-unboost|p2b: Scovillain|def|1\n|upkeep\n|turn|7\n|\n|t:|1776674908\n|move|p2b: Scovillain|Giga Drain|p1a: Torkoal\n|-resisted|p1a: Torkoal|1\n|-damage|p1a: Torkoal|21/100\n|-heal|p2b: Scovillain|89/100|[from] drain|[of] p1a: Torkoal\n|move|p1a: Torkoal|Weather Ball|p2b: Scovillain\n|-supereffective|p2b: Scovillain|1\n|-damage|p2b: Scovillain|55/100\n|\n|-weather|none\n|-ability|p2b: Scovillain|Moody|boost\n|-boost|p2b: Scovillain|spa|2\n|-unboost|p2b: Scovillain|atk|1\n|upkeep\n|turn|8\n|-message|Isidino forfeited.\n|\n|win|mafiakitty\n|raw|Isidino's rating: 1230 &rarr; <strong>1209</strong><br />(-21 for losing)\n|raw|mafiakitty's rating: 1291 &rarr; <strong>1312</strong><br />(+21 for winning)\n",
  "uploadtime": 1776674915,
  "views": 15,
  "formatid": "gen9championsvgc2026regma",
  "rating": 1209,
  "private": 0,
  "password": null
}