{
  "id": "gen9championsvgc2026regma-2589393559",
  "format": "[Gen 9 Champions] VGC 2026 Reg M-A",
  "players": [
    "fertq228",
    "Venusaur-Saurr"
  ],
  "log": "|j|\u2606fertq228\n|j|\u203dVenusaur-Saurr\n|t:|1776719373\n|gametype|doubles\n|player|p1|fertq228|hooligans|\n|player|p2|Venusaur-Saurr|riley|\n|gen|9\n|tier|[Gen 9 Champions] VGC 2026 Reg M-A\n|rule|Species Clause: Limit one of each Pok\u00e9mon\n|rule|Item Clause: Limit 1 of each item\n|clearpoke\n|poke|p1|Basculegion, L50, M|\n|poke|p1|Pelipper, L50, F|\n|poke|p1|Archaludon, L50, M|\n|poke|p1|Kangaskhan, L50, F|\n|poke|p1|Farigiraf, L50, M|\n|poke|p1|Jolteon, L50, M|\n|poke|p2|Aerodactyl, L50, M|\n|poke|p2|Meowstic, L50, M|\n|poke|p2|Ninetales-Alola, L50, M|\n|poke|p2|Torkoal, L50, M|\n|poke|p2|Greninja, L50, F|\n|poke|p2|Venusaur, L50, F|\n|teampreview|4\nVenusaur-Saurr rejected open team sheets.\n|inactive|Battle timer is ON: inactive players will automatically lose when time's up. (requested by fertq228)\n|\n|t:|1776719424\n|teamsize|p1|4\n|teamsize|p2|4\n|start\n|switch|p1a: Basculegion|Basculegion, L50, M|100/100\n|switch|p1b: Kangaskhan|Kangaskhan, L50, F|100/100\n|switch|p2a: Aerodactyl|Aerodactyl, L50, M|100/100\n|switch|p2b: Greninja|Greninja, L50, F|100/100\n|-ability|p2a: Aerodactyl|Pressure\n|turn|1\n|\n|t:|1776719444\n|switch|p2a: Venusaur|Venusaur, L50, F|100/100\n|switch|p2b: Ninetales|Ninetales-Alola, L50, M|100/100\n|-weather|Snowscape|[from] ability: Snow Warning|[of] p2b: Ninetales\n|detailschange|p1b: Kangaskhan|Kangaskhan-Mega, L50, F\n|-mega|p1b: Kangaskhan|Kangaskhan|Kangaskhanite\n|move|p1b: Kangaskhan|Fake Out|p2b: Ninetales\n|-damage|p2b: Ninetales|84/100\n|-damage|p2b: Ninetales|80/100\n|-hitcount|p2b: Ninetales|2\n|move|p1a: Basculegion|Flip Turn|p2a: Venusaur\n|-resisted|p2a: Venusaur|1\n|-damage|p2a: Venusaur|77/100\n|\n|t:|1776719460\n|switch|p1a: Pelipper|Pelipper, L50, F|100/100|[from] Flip Turn\n|-weather|RainDance|[from] ability: Drizzle|[of] p1a: Pelipper\n|\n|-weather|RainDance|[upkeep]\n|upkeep\n|turn|2\n|\n|t:|1776719475\n|switch|p1b: Archaludon|Archaludon, L50, M|100/100\n|move|p2b: Ninetales|Freeze-Dry|p1a: Pelipper\n|-supereffective|p1a: Pelipper|2\n|-enditem|p1a: Pelipper|Focus Sash\n|-damage|p1a: Pelipper|1/100\n|move|p2a: Venusaur|Sleep Powder|p1b: Archaludon|[miss]\n|-miss|p2a: Venusaur|p1b: Archaludon\n|move|p1a: Pelipper|Tailwind|p1a: Pelipper\n|-sidestart|p1: fertq228|move: Tailwind\n|\n|-weather|RainDance|[upkeep]\n|upkeep\n|turn|3\n|inactive|Venusaur-Saurr has 30 seconds left.\n|inactive|Venusaur-Saurr has 20 seconds left.\n|inactive|Venusaur-Saurr has 15 seconds left.\n|inactive|Venusaur-Saurr has 10 seconds left.\n|inactive|Venusaur-Saurr has 5 seconds left.\n|\n|t:|1776719526\n|switch|p2b: Aerodactyl|Aerodactyl, L50, M|100/100\n|-ability|p2b: Aerodactyl|Pressure\n|detailschange|p2a: Venusaur|Venusaur-Mega, L50, F\n|-mega|p2a: Venusaur|Venusaur|Venusaurite\n|move|p1b: Archaludon|Electro Shot||[still]\n|-prepare|p1b: Archaludon|Electro Shot\n|-boost|p1b: Archaludon|spa|1\n|-anim|p1b: Archaludon|Electro Shot|p2b: Aerodactyl\n|-supereffective|p2b: Aerodactyl|1\n|-enditem|p2b: Aerodactyl|Focus Sash\n|-damage|p2b: Aerodactyl|1/100\n|move|p1a: Pelipper|Hurricane|p2a: Venusaur\n|-supereffective|p2a: Venusaur|1\n|-damage|p2a: Venusaur|0 fnt\n|faint|p2a: Venusaur\n|\n|-weather|RainDance|[upkeep]\n|upkeep\n|\n|t:|1776719544\n|switch|p2a: Ninetales|Ninetales-Alola, L50, M|80/100\n|-weather|Snowscape|[from] ability: Snow Warning|[of] p2a: Ninetales\n|turn|4\n|\n|t:|1776719552\n|switch|p1a: Kangaskhan|Kangaskhan-Mega, L50, F|100/100\n|move|p1b: Archaludon|Flash Cannon|p2a: Ninetales\n|-supereffective|p2a: Ninetales|2\n|-damage|p2a: Ninetales|0 fnt\n|faint|p2a: Ninetales\n|move|p2b: Aerodactyl|Tailwind|p2b: Aerodactyl\n|-sidestart|p2: Venusaur-Saurr|move: Tailwind\n|\n|-weather|Snowscape|[upkeep]\n|upkeep\n|\n|t:|1776719562\n|switch|p2a: Greninja|Greninja, L50, F|100/100\n|turn|5\n|\n|t:|1776719573\n|switch|p1b: Pelipper|Pelipper, L50, F|1/100\n|-weather|RainDance|[from] ability: Drizzle|[of] p1b: Pelipper\n|move|p1a: Kangaskhan|Fake Out|p2b: Aerodactyl\n|-resisted|p2b: Aerodactyl|1\n|-damage|p2b: Aerodactyl|0 fnt\n|faint|p2b: Aerodactyl\n|-hitcount|p2: Aerodactyl|1\n|move|p2a: Greninja|Weather Ball|p1a: Kangaskhan\n|-start|p2a: Greninja|typechange|Water|[from] ability: Protean\n|-damage|p1a: Kangaskhan|45/100\n|\n|-weather|RainDance|[upkeep]\n|-sideend|p1: fertq228|move: Tailwind\n|upkeep\n|turn|6\n|l|\u203dVenusaur-Saurr\n|inactive|Venusaur-Saurr disconnected and has 300 seconds to reconnect!\n|player|p2|\n|inactive|Venusaur-Saurr has 270 seconds to reconnect!\n|inactive|Venusaur-Saurr has 240 seconds to reconnect!\n|j|\u203dVenusaur-Saurr\n|inactive|Venusaur-Saurr reconnected and has 55 seconds left.\n|player|p2|Venusaur-Saurr|riley|\n|n|\u203dVenusaur-Saurr|venusaursaurr\n|\n|t:|1776719646\n|move|p2a: Greninja|Weather Ball|p1a: Kangaskhan\n|-damage|p1a: Kangaskhan|0 fnt\n|faint|p1a: Kangaskhan\n|move|p1b: Pelipper|Tailwind|p1b: Pelipper\n|-sidestart|p1: fertq228|move: Tailwind\n|\n|-weather|RainDance|[upkeep]\n|upkeep\n|\n|t:|1776719653\n|switch|p1a: Archaludon|Archaludon, L50, M|100/100\n|turn|7\n|\n|t:|1776719658\n|move|p2a: Greninja|Weather Ball|p1b: Pelipper\n|-resisted|p1b: Pelipper|1\n|-damage|p1b: Pelipper|0 fnt\n|faint|p1b: Pelipper\n|move|p1a: Archaludon|Electro Shot||[still]\n|-prepare|p1a: Archaludon|Electro Shot\n|-boost|p1a: Archaludon|spa|1\n|-anim|p1a: Archaludon|Electro Shot|p2a: Greninja\n|-supereffective|p2a: Greninja|1\n|-damage|p2a: Greninja|0 fnt\n|faint|p2a: Greninja\n|\n|win|fertq228\n",
  "uploadtime": 1776719668,
  "views": 12,
  "formatid": "gen9championsvgc2026regma",
  "rating": null,
  "private": 0,
  "password": null
}