{
  "id": "gen9championsvgc2026regma-2582325882",
  "format": "[Gen 9 Champions] VGC 2026 Reg M-A",
  "players": [
    "MyNameIsTomL",
    "skullyards"
  ],
  "log": "|j|\u2606MyNameIsTomL\n|j|\u2606skullyards\n|t:|1776083538\n|gametype|doubles\n|player|p1|MyNameIsTomL|1|1122\n|player|p2|skullyards|1|1050\n|gen|9\n|tier|[Gen 9 Champions] VGC 2026 Reg M-A\n|rated|\n|rule|Species Clause: Limit one of each Pok\u00e9mon\n|rule|Item Clause: Limit 1 of each item\n|clearpoke\n|poke|p1|Gengar, L50, F|\n|poke|p1|Toxicroak, L50, F|\n|poke|p1|Whimsicott, L50, M|\n|poke|p1|Incineroar, L50, F|\n|poke|p1|Sinistcha, L50|\n|poke|p1|Meganium, L50, M|\n|poke|p2|Castform, L50, F|\n|poke|p2|Meganium, L50, M|\n|poke|p2|Pelipper, L50, F|\n|poke|p2|Slowbro, L50, F|\n|poke|p2|Sableye, L50, F|\n|poke|p2|Salazzle, L50, F|\n|teampreview|4\n|inactive|Battle timer is ON: inactive players will automatically lose when time's up. (requested by MyNameIsTomL)\n|\n|t:|1776083570\n|teamsize|p1|4\n|teamsize|p2|4\n|start\n|switch|p1a: Gengar|Gengar, L50, F|100/100\n|switch|p1b: Incineroar|Incineroar, L50, F|100/100\n|switch|p2a: Salazzle|Salazzle, L50, F|100/100\n|switch|p2b: Sableye|Sableye, L50, F|100/100\n|-ability|p1b: Incineroar|Intimidate|boost\n|-unboost|p2a: Salazzle|atk|1\n|-unboost|p2b: Sableye|atk|1\n|turn|1\n|inactive|MyNameIsTomL has 30 seconds left.\n|inactive|skullyards has 30 seconds left.\n|\n|t:|1776083602\n|detailschange|p1a: Gengar|Gengar-Mega, L50, F\n|-mega|p1a: Gengar|Gengar|Gengarite\n|move|p2a: Salazzle|Fake Out|p1b: Incineroar\n|-damage|p1b: Incineroar|96/100\n|cant|p1b: Incineroar|flinch\n|move|p1a: Gengar|Perish Song|p1a: Gengar\n|-start|p1a: Gengar|perish3|[silent]\n|-start|p1b: Incineroar|perish3|[silent]\n|-start|p2a: Salazzle|perish3|[silent]\n|-start|p2b: Sableye|perish3|[silent]\n|-fieldactivate|move: Perish Song\n|move|p2b: Sableye|Foul Play|p1a: Gengar\n|-supereffective|p1a: Gengar|1\n|-damage|p1a: Gengar|45/100\n|\n|-start|p2a: Salazzle|perish3\n|-start|p1a: Gengar|perish3\n|-start|p1b: Incineroar|perish3\n|-start|p2b: Sableye|perish3\n|upkeep\n|turn|2\n|inactive|skullyards has 30 seconds left.\n|\n|t:|1776083628\n|move|p1a: Gengar|Protect|p1a: Gengar\n|-singleturn|p1a: Gengar|Protect\n|move|p1b: Incineroar|Protect|p1b: Incineroar\n|-singleturn|p1b: Incineroar|Protect\n|move|p2a: Salazzle|Toxic|p1b: Incineroar\n|-activate|p1b: Incineroar|move: Protect\n|move|p2b: Sableye|Foul Play|p1a: Gengar\n|-activate|p1a: Gengar|move: Protect\n|\n|-start|p2a: Salazzle|perish2\n|-start|p1a: Gengar|perish2\n|-start|p1b: Incineroar|perish2\n|-start|p2b: Sableye|perish2\n|upkeep\n|turn|3\n|inactive|MyNameIsTomL has 30 seconds left.\n|\n|t:|1776083665\n|switch|p1a: Toxicroak|Toxicroak, L50, F|100/100\n|move|p2a: Salazzle|Toxic|p1b: Incineroar\n|-status|p1b: Incineroar|tox\n|move|p1b: Incineroar|Parting Shot|p2a: Salazzle\n|-unboost|p2a: Salazzle|atk|1\n|-unboost|p2a: Salazzle|spa|1\n|\n|t:|1776083674\n|switch|p1b: Gengar|Gengar-Mega, L50, F|45/100|[from] Parting Shot\n|move|p2b: Sableye|Foul Play|p1a: Toxicroak\n|-resisted|p1a: Toxicroak|1\n|-damage|p1a: Toxicroak|69/100\n|\n|-start|p2a: Salazzle|perish1\n|-start|p2b: Sableye|perish1\n|upkeep\n|turn|4\n|\n|t:|1776083698\n|switch|p1a: Sinistcha|Sinistcha, L50|100/100\n|-heal|p1b: Gengar|70/100|[from] ability: Hospitality|[of] p1a: Sinistcha\n|switch|p2b: Castform|Castform, L50, F|100/100\n|move|p1b: Gengar|Protect|p1b: Gengar\n|-singleturn|p1b: Gengar|Protect\n|move|p2a: Salazzle|Toxic|p1a: Sinistcha\n|-status|p1a: Sinistcha|tox\n|\n|-damage|p1a: Sinistcha|94/100 tox|[from] psn\n|-start|p2a: Salazzle|perish0\n|faint|p2a: Salazzle\n|upkeep\n|\n|t:|1776083722\n|switch|p2a: Sableye|Sableye, L50, F|100/100\n|turn|5\n|\n|t:|1776083732\n|move|p1a: Sinistcha|Rage Powder|p1a: Sinistcha\n|-singleturn|p1a: Sinistcha|move: Rage Powder\n|move|p1b: Gengar|Perish Song|p1b: Gengar\n|-start|p1a: Sinistcha|perish3|[silent]\n|-start|p1b: Gengar|perish3|[silent]\n|-start|p2a: Sableye|perish3|[silent]\n|-start|p2b: Castform|perish3|[silent]\n|-fieldactivate|move: Perish Song\n|move|p2b: Castform|Cosmic Power|p2b: Castform\n|-boost|p2b: Castform|def|1\n|-boost|p2b: Castform|spd|1\n|move|p2a: Sableye|Snarl|p1a: Sinistcha|[spread] p1a,p1b\n|-supereffective|p1a: Sinistcha|1\n|-supereffective|p1b: Gengar|1\n|-damage|p1a: Sinistcha|73/100 tox\n|-damage|p1b: Gengar|47/100\n|-unboost|p1a: Sinistcha|spa|1\n|-unboost|p1b: Gengar|spa|1\n|\n|-damage|p1a: Sinistcha|61/100 tox|[from] psn\n|-start|p1b: Gengar|perish3\n|-start|p2b: Castform|perish3\n|-start|p1a: Sinistcha|perish3\n|-start|p2a: Sableye|perish3\n|upkeep\n|turn|6\n|inactive|MyNameIsTomL has 30 seconds left.\n|inactive|skullyards has 30 seconds left.\n|inactive|MyNameIsTomL has 20 seconds left.\n|\n|t:|1776083768\n|switch|p1a: Incineroar|Incineroar, L50, F|96/100 tox\n|-ability|p1a: Incineroar|Intimidate|boost\n|-unboost|p2a: Sableye|atk|1\n|-unboost|p2b: Castform|atk|1\n|move|p1b: Gengar|Protect|p1b: Gengar\n|-singleturn|p1b: Gengar|Protect\n|move|p2b: Castform|Cosmic Power|p2b: Castform\n|-boost|p2b: Castform|def|1\n|-boost|p2b: Castform|spd|1\n|move|p2a: Sableye|Snarl|p1a: Incineroar|[spread] p1a\n|-activate|p1b: Gengar|move: Protect\n|-resisted|p1a: Incineroar|1\n|-damage|p1a: Incineroar|91/100 tox\n|-unboost|p1a: Incineroar|spa|1\n|\n|-damage|p1a: Incineroar|85/100 tox|[from] psn\n|-start|p1b: Gengar|perish2\n|-start|p2b: Castform|perish2\n|-start|p2a: Sableye|perish2\n|upkeep\n|turn|7\n|inactive|MyNameIsTomL has 30 seconds left.\n|inactive|skullyards has 30 seconds left.\n|inactive|skullyards has 20 seconds left.\n|\n|t:|1776083804\n|switch|p1b: Toxicroak|Toxicroak, L50, F|69/100\n|switch|p2a: Slowbro|Slowbro, L50, F|100/100\n|move|p1a: Incineroar|Parting Shot|p2b: Castform\n|-unboost|p2b: Castform|atk|1\n|-unboost|p2b: Castform|spa|1\n|\n|t:|1776083813\n|switch|p1a: Gengar|Gengar-Mega, L50, F|47/100|[from] Parting Shot\n|move|p2b: Castform|Guard Swap|p2a: Slowbro\n|-swapboost|p2b: Castform|p2a: Slowbro|def, spd|[from] move: Guard Swap\n|\n|-start|p2b: Castform|perish1\n|upkeep\n|turn|8\n|\n|t:|1776083835\n|detailschange|p2a: Slowbro|Slowbro-Mega, L50, F\n|-mega|p2a: Slowbro|Slowbro|Slowbronite\n|move|p1b: Toxicroak|Fake Out|p2a: Slowbro\n|-damage|p2a: Slowbro|97/100\n|move|p1a: Gengar|Haze|p1a: Gengar\n|-clearallboost\n|move|p2b: Castform|Weather Ball|p1b: Toxicroak\n|-damage|p1b: Toxicroak|50/100\n|cant|p2a: Slowbro|flinch\n|\n|-start|p2b: Castform|perish0\n|upkeep\n|faint|p2b: Castform\n|\n|t:|1776083842\n|switch|p2b: Sableye|Sableye, L50, F|100/100\n|turn|9\n|\n|t:|1776083861\n|switch|p1b: Sinistcha|Sinistcha, L50|61/100 tox\n|-heal|p1a: Gengar|72/100|[from] ability: Hospitality|[of] p1b: Sinistcha\n|move|p1a: Gengar|Protect|p1a: Gengar\n|-singleturn|p1a: Gengar|Protect\n|move|p2b: Sableye|Foul Play|p1a: Gengar\n|-activate|p1a: Gengar|move: Protect\n|move|p2a: Slowbro|Stored Power|p1b: Sinistcha\n|-damage|p1b: Sinistcha|50/100 tox\n|\n|-damage|p1b: Sinistcha|44/100 tox|[from] psn\n|upkeep\n|turn|10\n|inactive|skullyards has 30 seconds left.\n|inactive|skullyards has 20 seconds left.\n|\n|t:|1776083896\n|move|p1b: Sinistcha|Rage Powder|p1b: Sinistcha\n|-singleturn|p1b: Sinistcha|move: Rage Powder\n|move|p1a: Gengar|Perish Song|p1a: Gengar\n|-start|p1a: Gengar|perish3|[silent]\n|-start|p1b: Sinistcha|perish3|[silent]\n|-start|p2a: Slowbro|perish3|[silent]\n|-start|p2b: Sableye|perish3|[silent]\n|-fieldactivate|move: Perish Song\n|move|p2b: Sableye|Snarl|p1a: Gengar|[spread] p1a,p1b\n|-supereffective|p1a: Gengar|1\n|-supereffective|p1b: Sinistcha|1\n|-damage|p1a: Gengar|47/100\n|-damage|p1b: Sinistcha|24/100 tox\n|-unboost|p1a: Gengar|spa|1\n|-unboost|p1b: Sinistcha|spa|1\n|move|p2a: Slowbro|Scald|p1b: Sinistcha\n|-resisted|p1b: Sinistcha|1\n|-damage|p1b: Sinistcha|2/100 tox\n|\n|-damage|p1b: Sinistcha|0 fnt|[from] psn\n|faint|p1b: Sinistcha\n|-start|p1a: Gengar|perish3\n|-start|p2b: Sableye|perish3\n|-start|p2a: Slowbro|perish3\n|upkeep\n|\n|t:|1776083915\n|switch|p1b: Incineroar|Incineroar, L50, F|85/100 tox\n|-ability|p1b: Incineroar|Intimidate|boost\n|-unboost|p2a: Slowbro|atk|1\n|-unboost|p2b: Sableye|atk|1\n|turn|11\n|\n|t:|1776083924\n|move|p1a: Gengar|Protect|p1a: Gengar\n|-singleturn|p1a: Gengar|Protect\n|move|p1b: Incineroar|Protect|p1b: Incineroar\n|-singleturn|p1b: Incineroar|Protect\n|move|p2b: Sableye|Foul Play|p1a: Gengar\n|-activate|p1a: Gengar|move: Protect\n|move|p2a: Slowbro|Scald|p1b: Incineroar\n|-activate|p1b: Incineroar|move: Protect\n|\n|-damage|p1b: Incineroar|79/100 tox|[from] psn\n|-start|p1a: Gengar|perish2\n|-start|p2b: Sableye|perish2\n|-start|p2a: Slowbro|perish2\n|upkeep\n|turn|12\n|\n|t:|1776083945\n|switch|p1a: Toxicroak|Toxicroak, L50, F|50/100\n|move|p1b: Incineroar|Parting Shot|p2a: Slowbro\n|-unboost|p2a: Slowbro|atk|1\n|-unboost|p2a: Slowbro|spa|1\n|\n|t:|1776083950\n|switch|p1b: Gengar|Gengar-Mega, L50, F|47/100|[from] Parting Shot\n|move|p2b: Sableye|Foul Play|p1a: Toxicroak\n|-resisted|p1a: Toxicroak|1\n|-damage|p1a: Toxicroak|19/100\n|move|p2a: Slowbro|Scald|p1b: Gengar\n|-damage|p1b: Gengar|15/100\n|\n|-start|p2b: Sableye|perish1\n|-start|p2a: Slowbro|perish1\n|upkeep\n|turn|13\n|inactive|skullyards has 30 seconds left.\n|\n|t:|1776083975\n|move|p1b: Gengar|Protect|p1b: Gengar\n|-singleturn|p1b: Gengar|Protect\n|move|p1a: Toxicroak|Protect|p1a: Toxicroak\n|-singleturn|p1a: Toxicroak|Protect\n|move|p2b: Sableye|Snarl|p1b: Gengar|[spread] \n|-activate|p1a: Toxicroak|move: Protect\n|-activate|p1b: Gengar|move: Protect\n|move|p2a: Slowbro|Body Press|p1a: Toxicroak\n|-activate|p1a: Toxicroak|move: Protect\n|\n|-start|p2b: Sableye|perish0\n|-start|p2a: Slowbro|perish0\n|faint|p2b: Sableye\n|faint|p2a: Slowbro\n|\n|win|MyNameIsTomL\n|raw|MyNameIsTomL's rating: 1122 &rarr; <strong>1142</strong><br />(+20 for winning)\n|raw|skullyards's rating: 1050 &rarr; <strong>1036</strong><br />(-14 for losing)\n|l|\u2606skullyards\n|player|p2|\n",
  "uploadtime": 1776083993,
  "views": 26,
  "formatid": "gen9championsvgc2026regma",
  "rating": 1036,
  "private": 0,
  "password": null
}