{
  "id": "gen9championsvgc2026regma-2587640575",
  "format": "[Gen 9 Champions] VGC 2026 Reg M-A",
  "players": [
    "SlipqyVGC",
    "anidiotnon"
  ],
  "log": "|j|\u2606SlipqyVGC\n|j|\u2606anidiotnon\n|t:|1776549502\n|gametype|doubles\n|player|p1|SlipqyVGC|miku-ghost|1453\n|player|p2|anidiotnon|red|1375\n|gen|9\n|tier|[Gen 9 Champions] VGC 2026 Reg M-A\n|rated|\n|rule|Species Clause: Limit one of each Pok\u00e9mon\n|rule|Item Clause: Limit 1 of each item\n|clearpoke\n|poke|p1|Sneasler, L50, M|\n|poke|p1|Talonflame, L50, M, shiny|\n|poke|p1|Kingambit, L50, M, shiny|\n|poke|p1|Floette-Eternal, L50, F|\n|poke|p1|Garchomp, L50, F|\n|poke|p1|Basculegion, L50, M, shiny|\n|poke|p2|Charizard, L50, M|\n|poke|p2|Venusaur, L50, M|\n|poke|p2|Garchomp, L50, F|\n|poke|p2|Sneasler, L50, M|\n|poke|p2|Whimsicott, L50, M|\n|poke|p2|Incineroar, L50, F|\n|teampreview|4\n|inactive|Battle timer is ON: inactive players will automatically lose when time's up. (requested by SlipqyVGC)\n|j| direc_t10n\n|inactive|SlipqyVGC has 60 seconds left.\n|\n|t:|1776549538\n|teamsize|p1|4\n|teamsize|p2|4\n|start\n|switch|p1a: Talonflame|Talonflame, L50, M, shiny|100/100\n|switch|p1b: Garchomp|Garchomp, L50, F|100/100\n|switch|p2a: Whimsicott|Whimsicott, L50, M|100/100\n|switch|p2b: Garchomp|Garchomp, L50, F|100/100\n|turn|1\n|\n|t:|1776549551\n|move|p2a: Whimsicott|Tailwind|p2a: Whimsicott\n|-sidestart|p2: anidiotnon|move: Tailwind\n|move|p1a: Talonflame|Dual Wingbeat|p2a: Whimsicott\n|-supereffective|p2a: Whimsicott|1\n|-damage|p2a: Whimsicott|35/100\n|-supereffective|p2a: Whimsicott|1\n|-damage|p2a: Whimsicott|0 fnt\n|faint|p2a: Whimsicott\n|-hitcount|p2: Whimsicott|2\n|move|p2b: Garchomp|Dragon Claw|p1b: Garchomp\n|-supereffective|p1b: Garchomp|1\n|-enditem|p1b: Garchomp|Haban Berry|[eat]\n|-enditem|p1b: Garchomp|Haban Berry|[weaken]\n|-damage|p1b: Garchomp|64/100\n|-damage|p2b: Garchomp|88/100|[from] ability: Rough Skin|[of] p1b: Garchomp\n|move|p1b: Garchomp|Dragon Claw|p2b: Garchomp\n|-supereffective|p2b: Garchomp|1\n|-damage|p2b: Garchomp|13/100\n|-damage|p1b: Garchomp|52/100|[from] ability: Rough Skin|[of] p2b: Garchomp\n|\n|upkeep\n|\n|t:|1776549570\n|switch|p2a: Sneasler|Sneasler, L50, M|100/100\n|turn|2\n|\n|t:|1776549574\n|move|p2a: Sneasler|Fake Out|p1a: Talonflame\n|-damage|p1a: Talonflame|80/100\n|cant|p1a: Talonflame|flinch\n|move|p2b: Garchomp|Dragon Claw|p1b: Garchomp\n|-supereffective|p1b: Garchomp|1\n|-damage|p1b: Garchomp|0 fnt\n|-damage|p2b: Garchomp|1/100|[from] ability: Rough Skin|[of] p1b: Garchomp\n|faint|p1b: Garchomp\n|\n|upkeep\n|\n|t:|1776549584\n|switch|p1b: Sneasler|Sneasler, L50, M|100/100\n|turn|3\n|c| direc_t10n|Shoulda double protected\n|c| direc_t10n|Or talon doesn't have protect\n|c|\u2606anidiotnon|i still lose this\n|inactive|SlipqyVGC has 30 seconds left.\n|inactive|anidiotnon has 30 seconds left.\n|inactive|SlipqyVGC has 20 seconds left.\n|inactive|anidiotnon has 20 seconds left.\n|\n|t:|1776549623\n|switch|p2a: Charizard|Charizard, L50, M|100/100\n|move|p2b: Garchomp|Dragon Claw|p1b: Sneasler\n|-damage|p1b: Sneasler|17/100\n|move|p1a: Talonflame|Tailwind|p1a: Talonflame\n|-sidestart|p1: SlipqyVGC|move: Tailwind\n|move|p1b: Sneasler|Close Combat|p2a: Charizard\n|-resisted|p2a: Charizard|1\n|-crit|p2a: Charizard\n|-damage|p2a: Charizard|24/100\n|-unboost|p1b: Sneasler|def|1\n|-unboost|p1b: Sneasler|spd|1\n|\n|upkeep\n|turn|4\n|\n|t:|1776549647\n|switch|p2a: Sneasler|Sneasler, L50, M|100/100\n|move|p1b: Sneasler|Protect|p1b: Sneasler\n|-singleturn|p1b: Sneasler|Protect\n|move|p2b: Garchomp|Dragon Claw|p1b: Sneasler\n|-activate|p1b: Sneasler|move: Protect\n|move|p1a: Talonflame|Flare Blitz|p2b: Garchomp\n|-resisted|p2b: Garchomp|1\n|-crit|p2b: Garchomp\n|-damage|p2b: Garchomp|0 fnt\n|-damage|p1a: Talonflame|68/100|[from] ability: Rough Skin|[of] p2b: Garchomp\n|faint|p2b: Garchomp\n|-damage|p1a: Talonflame|67/100|[from] Recoil\n|\n|-sideend|p2: anidiotnon|move: Tailwind\n|upkeep\n|\n|t:|1776549654\n|switch|p2b: Charizard|Charizard, L50, M|24/100\n|turn|5\n|-message|anidiotnon forfeited.\n|\n|win|SlipqyVGC\n|raw|SlipqyVGC's rating: 1453 &rarr; <strong>1469</strong><br />(+16 for winning)\n|raw|anidiotnon's rating: 1375 &rarr; <strong>1359</strong><br />(-16 for losing)\n|l|\u2606anidiotnon\n|player|p2|\n|l|\u2606SlipqyVGC\n|player|p1|\n|l| direc_t10n\n",
  "uploadtime": 1776549722,
  "views": 18,
  "formatid": "gen9championsvgc2026regma",
  "rating": 1359,
  "private": 0,
  "password": null
}