{
  "id": "gen9championsvgc2026regma-2583599277",
  "format": "[Gen 9 Champions] VGC 2026 Reg M-A",
  "players": [
    "Brendan49",
    "Devinifico"
  ],
  "log": "|j|\u2606Brendan49\n|j|\u2606Devinifico\n|t:|1776185715\n|gametype|doubles\n|player|p1|Brendan49|pokemaniac|1000\n|player|p2|Devinifico|266|1060\n|gen|9\n|tier|[Gen 9 Champions] VGC 2026 Reg M-A\n|rated|\n|rule|Species Clause: Limit one of each Pok\u00e9mon\n|rule|Item Clause: Limit 1 of each item\n|clearpoke\n|poke|p1|Maushold-Four, L50|\n|poke|p1|Gengar, L50, M|\n|poke|p1|Kommo-o, L50, M|\n|poke|p1|Whimsicott, L50, M|\n|poke|p1|Bastiodon, L50, M|\n|poke|p1|Incineroar, L50, F|\n|poke|p2|Klefki, L50, M|\n|poke|p2|Aurorus, L50, F|\n|poke|p2|Maushold-Four, L50|\n|poke|p2|Aegislash, L50, F|\n|poke|p2|Milotic, L50, M|\n|poke|p2|Lopunny, L50, M|\n|teampreview|4\nBrendan49 rejected open team sheets.\n|inactive|Battle timer is ON: inactive players will automatically lose when time's up. (requested by Devinifico)\n|j| Wenpachi\n|\n|t:|1776185752\n|teamsize|p1|4\n|teamsize|p2|4\n|start\n|switch|p1a: Whimsicott|Whimsicott, L50, M|100/100\n|switch|p1b: Incineroar|Incineroar, L50, F|100/100\n|switch|p2a: Milotic|Milotic, L50, M|100/100\n|switch|p2b: Aegislash|Aegislash, L50, F|100/100\n|-ability|p1b: Incineroar|Intimidate|boost\n|-unboost|p2a: Milotic|atk|1\n|-unboost|p2b: Aegislash|atk|1\n|turn|1\n|inactive|Brendan49 has 30 seconds left.\n|-activate|p2b: Aegislash|item: Quick Claw\n|\n|t:|1776185780\n|move|p1a: Whimsicott|Protect|p1a: Whimsicott\n|-singleturn|p1a: Whimsicott|Protect\n|-formechange|p2b: Aegislash|Aegislash-Blade|\n|move|p2b: Aegislash|Iron Head|p1a: Whimsicott\n|-activate|p1a: Whimsicott|move: Protect\n|move|p2a: Milotic|Surf|p1b: Incineroar|[spread] p2b,p1b\n|-activate|p1a: Whimsicott|move: Protect\n|-supereffective|p1b: Incineroar|1\n|-damage|p2b: Aegislash|66/100\n|-damage|p1b: Incineroar|46/100\n|move|p1b: Incineroar|Parting Shot|p2b: Aegislash\n|-unboost|p2b: Aegislash|atk|1\n|-unboost|p2b: Aegislash|spa|1\n|\n|t:|1776185791\n|switch|p1b: Gengar|Gengar, L50, M|100/100|[from] Parting Shot\n|\n|upkeep\n|turn|2\n|\n|t:|1776185807\n|switch|p2b: Maushold|Maushold-Four, L50|100/100\n|detailschange|p1b: Gengar|Gengar-Mega, L50, M\n|-mega|p1b: Gengar|Gengar|Gengarite\n|move|p1a: Whimsicott|Encore||[still]\n|-fail|p1a: Whimsicott\n|move|p1b: Gengar|Disable||[still]\n|-fail|p1b: Gengar\n|move|p2a: Milotic|Ice Beam|p1a: Whimsicott\n|-supereffective|p1a: Whimsicott|1\n|-damage|p1a: Whimsicott|27/100\n|-status|p1a: Whimsicott|frz\n|\n|upkeep\n|turn|3\n|\n|t:|1776185827\n|switch|p1a: Kommo-o|Kommo-o, L50, M|100/100\n|move|p2b: Maushold|Helping Hand|p2a: Milotic\n|-singleturn|p2a: Milotic|Helping Hand|[of] p2b: Maushold\n|move|p1b: Gengar|Perish Song|p1b: Gengar\n|-immune|p1a: Kommo-o|[from] ability: Soundproof\n|-start|p1b: Gengar|perish3|[silent]\n|-start|p2a: Milotic|perish3|[silent]\n|-start|p2b: Maushold|perish3|[silent]\n|-fieldactivate|move: Perish Song\n|move|p2a: Milotic|Surf|p1a: Kommo-o|[spread] p2b,p1a,p1b\n|-resisted|p1a: Kommo-o|1\n|-crit|p1a: Kommo-o\n|-damage|p2b: Maushold|35/100\n|-damage|p1a: Kommo-o|64/100\n|-damage|p1b: Gengar|38/100\n|\n|-start|p1b: Gengar|perish3\n|-start|p2b: Maushold|perish3\n|-start|p2a: Milotic|perish3\n|upkeep\n|turn|4\n|l| Wenpachi\n|inactive|Brendan49 has 30 seconds left.\n|\n|t:|1776185859\n|move|p2b: Maushold|Helping Hand|p2a: Milotic\n|-singleturn|p2a: Milotic|Helping Hand|[of] p2b: Maushold\n|move|p1a: Kommo-o|Vacuum Wave|p2b: Maushold\n|-supereffective|p2b: Maushold|1\n|-damage|p2b: Maushold|0 fnt\n|faint|p2b: Maushold\n|move|p1b: Gengar|Disable|p2a: Milotic\n|-start|p2a: Milotic|Disable|Surf\n|cant|p2a: Milotic|Disable|Surf\n|\n|-start|p1b: Gengar|perish2\n|-start|p2a: Milotic|perish2\n|upkeep\n|\n|t:|1776185874\n|switch|p2b: Lopunny|Lopunny, L50, M|100/100\n|turn|5\n|\n|t:|1776185890\n|detailschange|p2b: Lopunny|Lopunny-Mega, L50, M\n|-mega|p2b: Lopunny|Lopunny|Lopunnite\n|move|p1b: Gengar|Protect|p1b: Gengar\n|-singleturn|p1b: Gengar|Protect\n|move|p1a: Kommo-o|Protect|p1a: Kommo-o\n|-singleturn|p1a: Kommo-o|Protect\n|move|p2b: Lopunny|Facade|p1b: Gengar\n|-activate|p1b: Gengar|move: Protect\n|move|p2a: Milotic|Ice Beam|p1a: Kommo-o\n|-activate|p1a: Kommo-o|move: Protect\n|\n|-start|p1b: Gengar|perish1\n|-start|p2a: Milotic|perish1\n|upkeep\n|turn|6\n|\n|t:|1776185911\n|switch|p1b: Incineroar|Incineroar, L50, F|46/100\n|-ability|p1b: Incineroar|Intimidate|boost\n|-unboost|p2a: Milotic|atk|1\n|-fail|p2b: Lopunny|unboost|Attack|[from] ability: Scrappy|[of] p2b: Lopunny\n|move|p2b: Lopunny|Protect|p2b: Lopunny\n|-singleturn|p2b: Lopunny|Protect\n|move|p1a: Kommo-o|Vacuum Wave|p2b: Lopunny\n|-activate|p2b: Lopunny|move: Protect\n|move|p2a: Milotic|Ice Beam|p1a: Kommo-o\n|-supereffective|p1a: Kommo-o|1\n|-damage|p1a: Kommo-o|0 fnt\n|faint|p1a: Kommo-o\n|\n|-start|p2a: Milotic|perish0\n|faint|p2a: Milotic\n|upkeep\n|\n|t:|1776185925\n|switch|p1a: Gengar|Gengar-Mega, L50, M|38/100\n|switch|p2a: Aegislash|Aegislash, L50, F|66/100\n|turn|7\n|inactive|Brendan49 has 30 seconds left.\n|inactive|Brendan49 has 20 seconds left.\n|inactive|Brendan49 has 15 seconds left.\n|inactive|Brendan49 has 10 seconds left.\n|inactive|Brendan49 has 5 seconds left.\n|\n|t:|1776185977\n|move|p2b: Lopunny|Protect||[still]\n|-fail|p2b: Lopunny\n|move|p2a: Aegislash|King's Shield|p2a: Aegislash\n|-singleturn|p2a: Aegislash|Protect\n|move|p1b: Incineroar|Fake Out|p2b: Lopunny\n|-damage|p2b: Lopunny|81/100\n|move|p1a: Gengar|Perish Song|p1a: Gengar\n|-start|p1a: Gengar|perish3|[silent]\n|-start|p1b: Incineroar|perish3|[silent]\n|-start|p2a: Aegislash|perish3|[silent]\n|-start|p2b: Lopunny|perish3|[silent]\n|-fieldactivate|move: Perish Song\n|\n|-start|p2b: Lopunny|perish3\n|-start|p1a: Gengar|perish3\n|-start|p1b: Incineroar|perish3\n|-start|p2a: Aegislash|perish3\n|upkeep\n|turn|8\n|-activate|p2a: Aegislash|item: Quick Claw\n|\n|t:|1776185996\n|-formechange|p2a: Aegislash|Aegislash-Blade|\n|move|p2a: Aegislash|Shadow Claw|p1a: Gengar\n|-supereffective|p1a: Gengar|1\n|-damage|p1a: Gengar|0 fnt\n|faint|p1a: Gengar\n|move|p2b: Lopunny|Facade|p1b: Incineroar\n|-damage|p1b: Incineroar|9/100\n|move|p1b: Incineroar|Flare Blitz|p2b: Lopunny\n|-damage|p2b: Lopunny|0 fnt\n|faint|p2b: Lopunny\n|-damage|p1b: Incineroar|0 fnt|[from] Recoil\n|faint|p1b: Incineroar\n|\n|-start|p2a: Aegislash|perish2\n|upkeep\n|c|\u2606Brendan49|no shot\n|\n|t:|1776186008\n|switch|p1b: Whimsicott|Whimsicott, L50, M|27/100 frz\n|turn|9\n|\n|t:|1776186012\n|-curestatus|p1b: Whimsicott|frz|[msg]\n|move|p1b: Whimsicott|Protect|p1b: Whimsicott\n|-singleturn|p1b: Whimsicott|Protect\n|move|p2a: Aegislash|Iron Head|p1b: Whimsicott\n|-activate|p1b: Whimsicott|move: Protect\n|\n|-start|p2a: Aegislash|perish1\n|upkeep\n|turn|10\n|\n|t:|1776186024\n|move|p1b: Whimsicott|Protect|p1b: Whimsicott\n|-singleturn|p1b: Whimsicott|Protect\n|move|p2a: Aegislash|Iron Head|p1b: Whimsicott\n|-activate|p1b: Whimsicott|move: Protect\n|\n|-start|p2a: Aegislash|perish0\n|faint|p2a: Aegislash\n|\n|win|Brendan49\n|raw|Brendan49's rating: 1000 &rarr; <strong>1047</strong><br />(+47 for winning)\n|raw|Devinifico's rating: 1060 &rarr; <strong>1038</strong><br />(-22 for losing)\n|c|\u2606Brendan49|cinema\n|l|\u2606Devinifico\n|player|p2|\n|c|\u2606Brendan49|ggs\n",
  "uploadtime": 1776186049,
  "views": 35,
  "formatid": "gen9championsvgc2026regma",
  "rating": 1038,
  "private": 0,
  "password": null
}