{
  "id": "gen9championsvgc2026regma-2585939077",
  "format": "[Gen 9 Champions] VGC 2026 Reg M-A",
  "players": [
    "FortuneMC",
    "Rharo0"
  ],
  "log": "|j|\u2606FortuneMC\n|j|\u2606Rharo0\n|t:|1776383275\n|gametype|doubles\n|player|p1|FortuneMC|veteran|1182\n|player|p2|Rharo0|pokemonbreeder|1113\n|gen|9\n|tier|[Gen 9 Champions] VGC 2026 Reg M-A\n|rated|\n|rule|Species Clause: Limit one of each Pok\u00e9mon\n|rule|Item Clause: Limit 1 of each item\n|clearpoke\n|poke|p1|Serperior, L50, M|\n|poke|p1|Whimsicott, L50, F|\n|poke|p1|Garchomp, L50, M|\n|poke|p1|Slowbro, L50, F|\n|poke|p1|Charizard, L50, M|\n|poke|p1|Farigiraf, L50, F|\n|poke|p2|Sableye, L50, F|\n|poke|p2|Banette, L50, M|\n|poke|p2|Rampardos, L50, M|\n|poke|p2|Drampa, L50, F|\n|poke|p2|Salazzle, L50, F|\n|poke|p2|Simisage, L50, F|\n|teampreview|4\n|inactive|Battle timer is ON: inactive players will automatically lose when time's up. (requested by FortuneMC)\n|\n|t:|1776383321\n|teamsize|p1|4\n|teamsize|p2|4\n|start\n|switch|p1a: Garchomp|Garchomp, L50, M|100/100\n|switch|p1b: Charizard|Charizard, L50, M|100/100\n|switch|p2a: Banette|Banette, L50, M|100/100\n|switch|p2b: Simisage|Simisage, L50, F|100/100\n|turn|1\n|\n|t:|1776383330\n|detailschange|p1b: Charizard|Charizard-Mega-Y, L50, M\n|-mega|p1b: Charizard|Charizard|Charizardite Y\n|-weather|SunnyDay|[from] ability: Drought|[of] p1b: Charizard\n|move|p1b: Charizard|Protect|p1b: Charizard\n|-singleturn|p1b: Charizard|Protect\n|move|p2b: Simisage|Fake Out|p1b: Charizard\n|-activate|p1b: Charizard|move: Protect\n|move|p1a: Garchomp|Earthquake|p2a: Banette|[spread] p2a,p2b\n|-activate|p1b: Charizard|move: Protect\n|-resisted|p2b: Simisage|1\n|-damage|p2a: Banette|37/100\n|-damage|p2b: Simisage|72/100\n|move|p2a: Banette|Destiny Bond|p2a: Banette\n|-singlemove|p2a: Banette|Destiny Bond\n|\n|-weather|SunnyDay|[upkeep]\n|upkeep\n|turn|2\n|inactive|Rharo0 has 30 seconds left.\n|\n|t:|1776383363\n|switch|p1a: Whimsicott|Whimsicott, L50, F|100/100\n|detailschange|p2a: Banette|Banette-Mega, L50, M\n|-mega|p2a: Banette|Banette|Banettite\n|move|p2b: Simisage|Endure|p2b: Simisage\n|-singleturn|p2b: Simisage|move: Endure\n|move|p1b: Charizard|Weather Ball|p2b: Simisage\n|-supereffective|p2b: Simisage|1\n|-activate|p2b: Simisage|move: Endure\n|-damage|p2b: Simisage|1/100\n|-enditem|p2b: Simisage|Sitrus Berry|[eat]\n|-heal|p2b: Simisage|26/100|[from] item: Sitrus Berry\n|move|p2a: Banette|Poltergeist|p1b: Charizard\n|-activate|p1b: Charizard|move: Poltergeist|Charizardite Y\n|-damage|p1b: Charizard|0 fnt\n|faint|p1b: Charizard\n|\n|-weather|SunnyDay|[upkeep]\n|upkeep\n|inactive|FortuneMC has 30 seconds left.\n|\n|t:|1776383389\n|switch|p1b: Garchomp|Garchomp, L50, M|100/100\n|turn|3\n|\n|t:|1776383412\n|switch|p2b: Drampa|Drampa, L50, F|100/100\n|-ability|p2b: Drampa|Cloud Nine\n|move|p1a: Whimsicott|Tailwind|p1a: Whimsicott\n|-sidestart|p1: FortuneMC|move: Tailwind\n|move|p2a: Banette|Destiny Bond|p2a: Banette\n|-singlemove|p2a: Banette|Destiny Bond\n|move|p1b: Garchomp|Earthquake|p2b: Drampa|[spread] p1a,p2a,p2b\n|-resisted|p1a: Whimsicott|1\n|-damage|p1a: Whimsicott|85/100\n|-damage|p2a: Banette|0 fnt\n|-damage|p2b: Drampa|59/100\n|faint|p2a: Banette\n|-activate|p2a: Banette|move: Destiny Bond\n|faint|p1b: Garchomp\n|\n|-weather|SunnyDay|[upkeep]\n|upkeep\n|\n|t:|1776383432\n|switch|p1b: Serperior|Serperior, L50, M|100/100\n|switch|p2a: Simisage|Simisage, L50, F|26/100\n|turn|4\n|\n|t:|1776383455\n|move|p2a: Simisage|Fake Out|p1b: Serperior\n|-damage|p1b: Serperior|91/100\n|move|p1a: Whimsicott|Fake Tears|p1b: Serperior\n|-boost|p1b: Serperior|spd|2\n|cant|p1b: Serperior|flinch\n|move|p2b: Drampa|Fire Blast|p1b: Serperior\n|-supereffective|p1b: Serperior|1\n|-damage|p1b: Serperior|49/100\n|\n|-weather|SunnyDay|[upkeep]\n|upkeep\n|turn|5\n|inactive|Rharo0 has 30 seconds left.\n|\n|t:|1776383481\n|move|p1a: Whimsicott|Fake Tears|p1b: Serperior\n|-boost|p1b: Serperior|spd|2\n|move|p1b: Serperior|Synthesis|p1b: Serperior\n|-heal|p1b: Serperior|99/100\n|move|p2a: Simisage|Seed Bomb|p1b: Serperior\n|-resisted|p1b: Serperior|1\n|-damage|p1b: Serperior|79/100\n|move|p2b: Drampa|Fire Blast|p1b: Serperior\n|-supereffective|p1b: Serperior|1\n|-damage|p1b: Serperior|50/100\n|\n|-weather|none\n|upkeep\n|turn|6\n|c|\u2606Rharo0|Crazy support\n|inactive|FortuneMC has 30 seconds left.\n|\n|t:|1776383510\n|move|p1b: Serperior|Synthesis|p1b: Serperior\n|-heal|p1b: Serperior|100/100\n|move|p1a: Whimsicott|Moonblast|p2b: Drampa\n|-supereffective|p2b: Drampa|1\n|-damage|p2b: Drampa|8/100\n|move|p2a: Simisage|Seed Bomb|p1b: Serperior\n|-resisted|p1b: Serperior|1\n|-damage|p1b: Serperior|82/100\n|move|p2b: Drampa|Fire Blast|p1b: Serperior\n|-supereffective|p1b: Serperior|1\n|-damage|p1b: Serperior|54/100\n|\n|-sideend|p1: FortuneMC|move: Tailwind\n|upkeep\n|turn|7\n|c|\u2606Rharo0|U going to win\n|\n|t:|1776383531\n|move|p1a: Whimsicott|Tailwind|p1a: Whimsicott\n|-sidestart|p1: FortuneMC|move: Tailwind\n|move|p1b: Serperior|Leaf Storm|p2b: Drampa\n|-resisted|p2b: Drampa|1\n|-damage|p2b: Drampa|0 fnt\n|-boost|p1b: Serperior|spa|2\n|faint|p2b: Drampa\n|move|p2a: Simisage|Seed Bomb|p1b: Serperior\n|-resisted|p1b: Serperior|1\n|-damage|p1b: Serperior|36/100\n|\n|upkeep\n|\n|t:|1776383542\n|switch|p2b: Rampardos|Rampardos, L50, M|100/100\n|-ability|p2b: Rampardos|Mold Breaker\n|turn|8\n|\n|t:|1776383550\n|move|p2b: Rampardos|Protect|p2b: Rampardos\n|-singleturn|p2b: Rampardos|Protect\n|move|p1a: Whimsicott|Fake Tears|p2b: Rampardos\n|-activate|p2b: Rampardos|move: Protect\n|move|p1b: Serperior|Leaf Storm|p2b: Rampardos\n|-activate|p2b: Rampardos|move: Protect\n|move|p2a: Simisage|Seed Bomb|p1b: Serperior\n|-resisted|p1b: Serperior|1\n|-damage|p1b: Serperior|18/100\n|\n|upkeep\n|turn|9\n|\n|t:|1776383570\n|move|p1a: Whimsicott|Encore|p2b: Rampardos\n|-start|p2b: Rampardos|Encore\n|move|p2b: Rampardos|Protect||[still]\n|-fail|p2b: Rampardos\n|move|p1b: Serperior|Synthesis|p1b: Serperior\n|-heal|p1b: Serperior|68/100\n|move|p2a: Simisage|Seed Bomb|p1b: Serperior\n|-resisted|p1b: Serperior|1\n|-damage|p1b: Serperior|48/100\n|\n|upkeep\n|turn|10\n|\n|t:|1776383584\n|move|p2b: Rampardos|Protect|p2b: Rampardos\n|-singleturn|p2b: Rampardos|Protect\n|move|p1b: Serperior|Leaf Storm|p2a: Simisage\n|-resisted|p2a: Simisage|1\n|-damage|p2a: Simisage|0 fnt\n|-boost|p1b: Serperior|spa|2\n|faint|p2a: Simisage\n|move|p1a: Whimsicott|Moonblast|p2b: Rampardos\n|-activate|p2b: Rampardos|move: Protect\n|\n|-sideend|p1: FortuneMC|move: Tailwind\n|upkeep\n|turn|11\n|c|\u2606Rharo0|GG\n|c|\u2606FortuneMC|gg\n|-message|Rharo0 forfeited.\n|\n|win|FortuneMC\n|raw|FortuneMC's rating: 1182 &rarr; <strong>1202</strong><br />(+20 for winning)\n|raw|Rharo0's rating: 1113 &rarr; <strong>1093</strong><br />(-20 for losing)\n|l|\u2606Rharo0\n|player|p2|\n",
  "uploadtime": 1776383604,
  "views": 15,
  "formatid": "gen9championsvgc2026regma",
  "rating": 1093,
  "private": 0,
  "password": null
}