{
  "id": "gen9championsvgc2026regma-2586642390",
  "format": "[Gen 9 Champions] VGC 2026 Reg M-A",
  "players": [
    "Sqqido2898",
    "fwmeofwofnfwnfwnfn"
  ],
  "log": "|j|\u2606Sqqido2898\n|j|\u2606fwmeofwofnfwnfwnfn\n|t:|1776448894\n|gametype|doubles\n|player|p1|Sqqido2898|veteran|1052\n|player|p2|fwmeofwofnfwnfwnfn|266|1024\n|gen|9\n|tier|[Gen 9 Champions] VGC 2026 Reg M-A\n|rated|\n|rule|Species Clause: Limit one of each Pok\u00e9mon\n|rule|Item Clause: Limit 1 of each item\n|clearpoke\n|poke|p1|Greninja-*, L50, F|\n|poke|p1|Pelipper, L50, M|\n|poke|p1|Kingambit, L50, M|\n|poke|p1|Garchomp, L50, F|\n|poke|p1|Basculegion, L50, M|\n|poke|p1|Archaludon, L50, F|\n|poke|p2|Pelipper, L50, M|\n|poke|p2|Dragonite, L50, M|\n|poke|p2|Archaludon, L50, M|\n|poke|p2|Basculegion, L50, M|\n|poke|p2|Sneasler, L50, M|\n|poke|p2|Rotom-Heat, L50|\n|teampreview|4\nSqqido2898 has agreed to open team sheets.\n|\n|t:|1776448932\n|teamsize|p1|4\n|teamsize|p2|4\n|start\n|switch|p1a: Frog|Greninja, L50, F, shiny|100/100\n|switch|p1b: Feesh|Basculegion, L50, M, shiny|100/100\n|switch|p2a: Archaludon|Archaludon, L50, M|100/100\n|switch|p2b: Basculegion|Basculegion, L50, M|100/100\n|turn|1\n|\n|t:|1776448982\n|move|p1a: Frog|Protect|p1a: Frog\n|-start|p1a: Frog|typechange|Normal|[from] ability: Protean\n|-singleturn|p1a: Frog|Protect\n|move|p1b: Feesh|Flip Turn|p2b: Basculegion\n|-resisted|p2b: Basculegion|1\n|-damage|p2b: Basculegion|78/100\n|\n|t:|1776448995\n|switch|p1b: Uncle|Kingambit, L50, M, shiny|100/100|[from] Flip Turn\n|move|p2b: Basculegion|Flip Turn|p1b: Uncle\n|-damage|p1b: Uncle|72/100\n|\n|t:|1776449001\n|switch|p2b: Pelipper|Pelipper, L50, M|100/100|[from] Flip Turn\n|-weather|RainDance|[from] ability: Drizzle|[of] p2b: Pelipper\n|move|p2a: Archaludon|Electro Shot||[still]\n|-prepare|p2a: Archaludon|Electro Shot\n|-boost|p2a: Archaludon|spa|1\n|-anim|p2a: Archaludon|Electro Shot|p1b: Uncle\n|-damage|p1b: Uncle|12/100\n|\n|-weather|RainDance|[upkeep]\n|upkeep\n|turn|2\n|\n|t:|1776449049\n|detailschange|p1a: Frog|Greninja-Mega, L50, F, shiny\n|-mega|p1a: Frog|Greninja|Greninjite\n|move|p1b: Uncle|Sucker Punch|p2a: Archaludon\n|-damage|p2a: Archaludon|70/100\n|-ability|p2a: Archaludon|Stamina|boost\n|-boost|p2a: Archaludon|def|1\n|move|p1a: Frog|Ice Beam|p2a: Archaludon\n|-start|p1a: Frog|typechange|Ice|[from] ability: Protean\n|-damage|p2a: Archaludon|23/100\n|-status|p2a: Archaludon|frz\n|-ability|p2a: Archaludon|Stamina|boost\n|-boost|p2a: Archaludon|def|1\n|move|p2b: Pelipper|Tailwind|p2b: Pelipper\n|-sidestart|p2: fwmeofwofnfwnfwnfn|move: Tailwind\n|cant|p2a: Archaludon|frz\n|\n|-weather|RainDance|[upkeep]\n|-heal|p2a: Archaludon|29/100 frz|[from] item: Leftovers\n|upkeep\n|turn|3\n|\n|t:|1776449088\n|switch|p2a: Basculegion|Basculegion, L50, M|78/100\n|move|p2b: Pelipper|Hurricane|p1a: Frog\n|-damage|p1a: Frog|30/100\n|move|p1a: Frog|Ice Beam|p2a: Basculegion\n|-resisted|p2a: Basculegion|1\n|-damage|p2a: Basculegion|50/100\n|move|p1b: Uncle|Kowtow Cleave|p2b: Pelipper\n|-damage|p2b: Pelipper|33/100\n|\n|-weather|RainDance|[upkeep]\n|upkeep\n|turn|4\n|\n|t:|1776449115\n|move|p1a: Frog|Protect|p1a: Frog\n|-singleturn|p1a: Frog|Protect\n|move|p2a: Basculegion|Aqua Jet|p1a: Frog\n|-activate|p1a: Frog|move: Protect\n|move|p2b: Pelipper|Hurricane|p1b: Uncle\n|-resisted|p1b: Uncle|1\n|-damage|p1b: Uncle|0 fnt\n|faint|p1b: Uncle\n|\n|-weather|RainDance|[upkeep]\n|upkeep\n|\n|t:|1776449125\n|switch|p1b: Matter|Garchomp, L50, F|100/100\n|turn|5\n|\n|t:|1776449158\n|move|p2a: Basculegion|Wave Crash|p1b: Matter\n|-damage|p1b: Matter|0 fnt\n|-damage|p2a: Basculegion|38/100|[from] ability: Rough Skin|[of] p1b: Matter\n|faint|p1b: Matter\n|-damage|p2a: Basculegion|7/100|[from] Recoil\n|move|p2b: Pelipper|Hurricane|p1a: Frog\n|-damage|p1a: Frog|0 fnt\n|faint|p1a: Frog\n|\n|-weather|none\n|-sideend|p2: fwmeofwofnfwnfwnfn|move: Tailwind\n|upkeep\n|\n|t:|1776449178\n|switch|p1b: Feesh|Basculegion, L50, M, shiny|100/100\n|turn|6\n|\n|t:|1776449193\n|switch|p2a: Rotom|Rotom-Heat, L50|100/100\n|move|p2b: Pelipper|Protect|p2b: Pelipper\n|-singleturn|p2b: Pelipper|Protect\n|move|p1b: Feesh|Last Respects|p2a: Rotom\n|-damage|p2a: Rotom|0 fnt\n|faint|p2a: Rotom\n|\n|upkeep\n|\n|t:|1776449203\n|switch|p2a: Basculegion|Basculegion, L50, M|7/100\n|turn|7\n|\n|t:|1776449229\n|move|p1b: Feesh|Last Respects|p2a: Basculegion\n|-supereffective|p2a: Basculegion|1\n|-damage|p2a: Basculegion|0 fnt\n|faint|p2a: Basculegion\n|move|p2b: Pelipper|Hurricane|p1b: Feesh|[miss]\n|-miss|p2b: Pelipper|p1b: Feesh\n|\n|upkeep\n|\n|t:|1776449236\n|switch|p2a: Archaludon|Archaludon, L50, M|29/100 frz\n|turn|8\n|\n|t:|1776449244\n|move|p1b: Feesh|Last Respects|p2a: Archaludon\n|-damage|p2a: Archaludon|0 fnt\n|faint|p2a: Archaludon\n|move|p2b: Pelipper|Hurricane|p1b: Feesh\n|-damage|p1b: Feesh|41/100\n|\n|upkeep\n|turn|9\n|\n|t:|1776449253\n|move|p1b: Feesh|Last Respects|p2b: Pelipper\n|-damage|p2b: Pelipper|0 fnt\n|faint|p2b: Pelipper\n|\n|win|Sqqido2898\n|raw|Sqqido2898's rating: 1052 &rarr; <strong>1082</strong><br />(+30 for winning)\n|raw|fwmeofwofnfwnfwnfn's rating: 1024 &rarr; <strong>1011</strong><br />(-13 for losing)\n|l|\u2606fwmeofwofnfwnfwnfn\n|player|p2|\n",
  "uploadtime": 1776449259,
  "views": 38,
  "formatid": "gen9championsvgc2026regma",
  "rating": 1011,
  "private": 0,
  "password": null
}