{
  "id": "gen9championsvgc2026regma-2581120924",
  "format": "[Gen 9 Champions] VGC 2026 Reg M-A",
  "players": [
    "hozesama",
    "iiApreachless"
  ],
  "log": "|j|\u2606hozesama\n|j|\u2606iiApreachless\n|t:|1775961872\n|gametype|doubles\n|player|p1|hozesama|cynthia-masters4|1372\n|player|p2|iiApreachless|1|1283\n|gen|9\n|tier|[Gen 9 Champions] VGC 2026 Reg M-A\n|rated|\n|rule|Species Clause: Limit one of each Pok\u00e9mon\n|rule|Item Clause: Limit 1 of each item\n|clearpoke\n|poke|p1|Gyarados, L50, M|\n|poke|p1|Venusaur, L50, F|\n|poke|p1|Sneasler, L50, M|\n|poke|p1|Kingambit, L50, F|\n|poke|p1|Basculegion, L50, M|\n|poke|p1|Mamoswine, L50, M|\n|poke|p2|Incineroar, L50, F|\n|poke|p2|Sneasler, L50, M|\n|poke|p2|Charizard, L50, M|\n|poke|p2|Whimsicott, L50, F|\n|poke|p2|Garchomp, L50, M|\n|poke|p2|Sinistcha, L50|\n|teampreview|4\n|inactive|Battle timer is ON: inactive players will automatically lose when time's up. (requested by hozesama)\n|\n|t:|1775961914\n|teamsize|p1|4\n|teamsize|p2|4\n|start\n|switch|p1a: Sneasler|Sneasler, L50, M|100/100\n|switch|p1b: Mamoswine|Mamoswine, L50, M|100/100\n|switch|p2a: Charizard|Charizard, L50, M|100/100\n|switch|p2b: Sneasler|Sneasler, L50, M|100/100\n|turn|1\n|\n|t:|1775961937\n|move|p2a: Charizard|Protect|p2a: Charizard\n|-singleturn|p2a: Charizard|Protect\n|move|p1a: Sneasler|Fake Out|p2b: Sneasler\n|-damage|p2b: Sneasler|79/100\n|cant|p2b: Sneasler|flinch\n|move|p1b: Mamoswine|Rock Slide|p2b: Sneasler|[spread] p2b\n|-activate|p2a: Charizard|move: Protect\n|-resisted|p2b: Sneasler|1\n|-damage|p2b: Sneasler|63/100\n|\n|upkeep\n|turn|2\n|inactive|hozesama has 30 seconds left.\n|\n|t:|1775961971\n|switch|p2a: Sinistcha|Sinistcha, L50|100/100\n|-heal|p2b: Sneasler|88/100|[from] ability: Hospitality|[of] p2a: Sinistcha\n|move|p2b: Sneasler|Close Combat|p1b: Mamoswine\n|-supereffective|p1b: Mamoswine|1\n|-damage|p1b: Mamoswine|0 fnt\n|-unboost|p2b: Sneasler|def|1\n|-unboost|p2b: Sneasler|spd|1\n|faint|p1b: Mamoswine\n|-enditem|p2b: Sneasler|White Herb\n|-clearnegativeboost|p2b: Sneasler|[silent]\n|move|p1a: Sneasler|Dire Claw|p2a: Sinistcha\n|-damage|p2a: Sinistcha|58/100\n|\n|-heal|p2a: Sinistcha|64/100|[from] item: Leftovers\n|upkeep\n|\n|t:|1775961979\n|switch|p1b: Gyarados|Gyarados, L50, M|100/100\n|-ability|p1b: Gyarados|Intimidate|boost\n|-unboost|p2a: Sinistcha|atk|1\n|-unboost|p2b: Sneasler|atk|1\n|turn|3\n|\n|t:|1775961999\n|switch|p2b: Garchomp|Garchomp, L50, M|100/100\n|move|p1a: Sneasler|Coaching|p1b: Gyarados\n|-boost|p1b: Gyarados|atk|1\n|-boost|p1b: Gyarados|def|1\n|move|p1b: Gyarados|Dragon Dance|p1b: Gyarados\n|-boost|p1b: Gyarados|atk|1\n|-boost|p1b: Gyarados|spe|1\n|move|p2a: Sinistcha|Strength Sap|p1b: Gyarados\n|-unboost|p1b: Gyarados|atk|1\n|-heal|p2a: Sinistcha|100/100\n|\n|upkeep\n|turn|4\n|inactive|iiApreachless has 30 seconds left.\n|inactive|iiApreachless has 20 seconds left.\n|inactive|iiApreachless has 15 seconds left.\n|\n|t:|1775962040\n|detailschange|p1b: Gyarados|Gyarados-Mega, L50, M\n|-mega|p1b: Gyarados|Gyarados|Gyaradosite\n|-ability|p1b: Gyarados|Mold Breaker\n|move|p1a: Sneasler|Coaching|p1b: Gyarados\n|-boost|p1b: Gyarados|atk|1\n|-boost|p1b: Gyarados|def|1\n|move|p1b: Gyarados|Ice Fang|p2b: Garchomp\n|-supereffective|p2b: Garchomp|2\n|-damage|p2b: Garchomp|0 fnt\n|-damage|p1b: Gyarados|88/100|[from] ability: Rough Skin|[of] p2b: Garchomp\n|faint|p2b: Garchomp\n|move|p2a: Sinistcha|Trick Room|p2a: Sinistcha\n|-fieldstart|move: Trick Room|[of] p2a: Sinistcha\n|\n|upkeep\n|\n|t:|1775962052\n|switch|p2b: Charizard|Charizard, L50, M|100/100\n|turn|5\n|\n|t:|1775962062\n|switch|p2a: Sneasler|Sneasler, L50, M|88/100\n|detailschange|p2b: Charizard|Charizard-Mega-Y, L50, M\n|-mega|p2b: Charizard|Charizard|Charizardite Y\n|-weather|SunnyDay|[from] ability: Drought|[of] p2b: Charizard\n|move|p2b: Charizard|Solar Beam||[still]\n|-prepare|p2b: Charizard|Solar Beam\n|-anim|p2b: Charizard|Solar Beam|p1b: Gyarados\n|-supereffective|p1b: Gyarados|1\n|-damage|p1b: Gyarados|13/100\n|move|p1b: Gyarados|Waterfall|p2b: Charizard\n|-supereffective|p2b: Charizard|1\n|-damage|p2b: Charizard|0 fnt\n|faint|p2b: Charizard\n|move|p1a: Sneasler|Dire Claw|p2a: Sneasler\n|-resisted|p2a: Sneasler|1\n|-damage|p2a: Sneasler|56/100\n|\n|-weather|SunnyDay|[upkeep]\n|upkeep\n|\n|t:|1775962074\n|switch|p2b: Sinistcha|Sinistcha, L50|100/100\n|-heal|p2a: Sneasler|80/100|[from] ability: Hospitality|[of] p2b: Sinistcha\n|turn|6\n|\n|t:|1775962086\n|move|p2b: Sinistcha|Strength Sap|p1a: Sneasler\n|-unboost|p1a: Sneasler|atk|1\n|-enditem|p1a: Sneasler|White Herb\n|-clearnegativeboost|p1a: Sneasler|[silent]\n|move|p1b: Gyarados|Crunch|p2b: Sinistcha\n|-supereffective|p2b: Sinistcha|1\n|-damage|p2b: Sinistcha|0 fnt\n|faint|p2b: Sinistcha\n|move|p2a: Sneasler|Dire Claw|p1b: Gyarados\n|-damage|p1b: Gyarados|0 fnt\n|faint|p1b: Gyarados\n|move|p1a: Sneasler|Dire Claw|p2a: Sneasler\n|-resisted|p2a: Sneasler|1\n|-damage|p2a: Sneasler|49/100\n|-status|p2a: Sneasler|par\n|\n|-weather|SunnyDay|[upkeep]\n|upkeep\n|\n|t:|1775962097\n|switch|p1b: Kingambit|Kingambit, L50, F|100/100\n|turn|7\n|\n|t:|1775962109\n|move|p1b: Kingambit|Kowtow Cleave|p2a: Sneasler\n|-resisted|p2a: Sneasler|1\n|-damage|p2a: Sneasler|12/100 par\n|move|p2a: Sneasler|Close Combat|p1b: Kingambit\n|-supereffective|p1b: Kingambit|2\n|-enditem|p1b: Kingambit|Chople Berry|[eat]\n|-enditem|p1b: Kingambit|Chople Berry|[weaken]\n|-damage|p1b: Kingambit|18/100\n|-unboost|p2a: Sneasler|def|1\n|-unboost|p2a: Sneasler|spd|1\n|move|p1a: Sneasler|Dire Claw|p2a: Sneasler\n|-resisted|p2a: Sneasler|1\n|-damage|p2a: Sneasler|0 fnt\n|faint|p2a: Sneasler\n|\n|win|hozesama\n|raw|hozesama's rating: 1372 &rarr; <strong>1387</strong><br />(+15 for winning)\n|raw|iiApreachless's rating: 1283 &rarr; <strong>1264</strong><br />(-19 for losing)\n|l|\u2606iiApreachless\n|player|p2|\n",
  "uploadtime": 1775962124,
  "views": 26,
  "formatid": "gen9championsvgc2026regma",
  "rating": 1264,
  "private": 0,
  "password": null
}