{
  "id": "gen9championsvgc2026regma-2588511543",
  "format": "[Gen 9 Champions] VGC 2026 Reg M-A",
  "players": [
    "Silvist",
    "Astral Legionis"
  ],
  "log": "|j|\u2606Silvist\n|j|\u2606Astral Legionis\n|t:|1776640268\n|gametype|doubles\n|player|p1|Silvist|170|1260\n|player|p2|Astral Legionis|170|1188\n|gen|9\n|tier|[Gen 9 Champions] VGC 2026 Reg M-A\n|rated|\n|rule|Species Clause: Limit one of each Pok\u00e9mon\n|rule|Item Clause: Limit 1 of each item\n|clearpoke\n|poke|p1|Aerodactyl, L50, F|\n|poke|p1|Garchomp, L50, M|\n|poke|p1|Incineroar, L50, M|\n|poke|p1|Sneasler, L50, M|\n|poke|p1|Kingambit, L50, M|\n|poke|p1|Delphox, L50, M|\n|poke|p2|Reuniclus, L50, F|\n|poke|p2|Mimikyu, L50, F|\n|poke|p2|Kingambit, L50, F|\n|poke|p2|Primarina, L50, F|\n|poke|p2|Farigiraf, L50, M|\n|poke|p2|Aerodactyl, L50, F|\n|teampreview|4\n|\n|t:|1776640307\n|teamsize|p1|4\n|teamsize|p2|4\n|start\n|switch|p1a: Aerodactyl|Aerodactyl, L50, F|100/100\n|switch|p1b: Garchomp|Garchomp, L50, M|100/100\n|switch|p2a: Farigiraf|Farigiraf, L50, M|100/100\n|switch|p2b: Kingambit|Kingambit, L50, F|100/100\n|-ability|p1a: Aerodactyl|Unnerve\n|turn|1\n|\n|t:|1776640356\n|move|p1a: Aerodactyl|Rock Slide|p2b: Kingambit|[spread] p2a\n|-miss|p1a: Aerodactyl|p2b: Kingambit\n|-damage|p2a: Farigiraf|73/100\n|move|p1b: Garchomp|Earthquake|p2b: Kingambit|[spread] p2a,p2b\n|-immune|p1a: Aerodactyl\n|-supereffective|p2b: Kingambit|1\n|-damage|p2a: Farigiraf|31/100\n|-damage|p2b: Kingambit|40/100\n|move|p2b: Kingambit|Swords Dance|p2b: Kingambit\n|-boost|p2b: Kingambit|atk|2\n|move|p2a: Farigiraf|Trick Room|p2a: Farigiraf\n|-fieldstart|move: Trick Room|[of] p2a: Farigiraf\n|\n|upkeep\n|turn|2\n|\n|t:|1776640379\n|move|p2b: Kingambit|Kowtow Cleave|p1b: Garchomp\n|-damage|p1b: Garchomp|0 fnt\n|-damage|p2b: Kingambit|28/100|[from] ability: Rough Skin|[of] p1b: Garchomp\n|faint|p1b: Garchomp\n|move|p2a: Farigiraf|Psychic Noise|p1a: Aerodactyl\n|-damage|p1a: Aerodactyl|53/100\n|-start|p1a: Aerodactyl|move: Heal Block\n|move|p1a: Aerodactyl|Rock Slide|p2b: Kingambit|[spread] p2a,p2b\n|-resisted|p2b: Kingambit|1\n|-damage|p2a: Farigiraf|4/100\n|-damage|p2b: Kingambit|17/100\n|\n|upkeep\n|\n|t:|1776640411\n|switch|p1b: Delphox|Delphox, L50, M|100/100\n|turn|3\n|\n|t:|1776640438\n|detailschange|p1b: Delphox|Delphox-Mega, L50, M\n|-mega|p1b: Delphox|Delphox|Delphoxite\n|move|p1b: Delphox|Protect|p1b: Delphox\n|-singleturn|p1b: Delphox|Protect\n|move|p2b: Kingambit|Kowtow Cleave|p1b: Delphox\n|-activate|p1b: Delphox|move: Protect\n|move|p2a: Farigiraf|Hyper Voice|p1a: Aerodactyl|[spread] p1a\n|-activate|p1b: Delphox|move: Protect\n|-resisted|p1a: Aerodactyl|1\n|-damage|p1a: Aerodactyl|31/100\n|move|p1a: Aerodactyl|Rock Slide|p2a: Farigiraf|[spread] p2a,p2b\n|-resisted|p2b: Kingambit|1\n|-damage|p2a: Farigiraf|0 fnt\n|-damage|p2b: Kingambit|7/100\n|faint|p2a: Farigiraf\n|\n|-end|p1a: Aerodactyl|move: Heal Block\n|upkeep\n|\n|t:|1776640449\n|switch|p2a: Primarina|Primarina, L50, F|100/100\n|turn|4\n|\n|t:|1776640480\n|move|p2b: Kingambit|Kowtow Cleave|p1b: Delphox\n|-supereffective|p1b: Delphox|1\n|-damage|p1b: Delphox|0 fnt\n|faint|p1b: Delphox\n|move|p2a: Primarina|Hyper Voice|p1a: Aerodactyl\n|-supereffective|p1a: Aerodactyl|1\n|-damage|p1a: Aerodactyl|0 fnt\n|faint|p1a: Aerodactyl\n|\n|upkeep\n|\n|t:|1776640491\n|switch|p1a: Sneasler|Sneasler, L50, M|100/100\n|turn|5\n|\n|t:|1776640513\n|move|p2b: Kingambit|Kowtow Cleave|p1a: Sneasler\n|-resisted|p1a: Sneasler|1\n|-damage|p1a: Sneasler|0 fnt\n|faint|p1a: Sneasler\n|\n|win|Astral Legionis\n|raw|Silvist's rating: 1260 &rarr; <strong>1230</strong><br />(-30 for losing)\n|raw|Astral Legionis's rating: 1188 &rarr; <strong>1218</strong><br />(+30 for winning)\n|l|\u2606Silvist\n|player|p1|\n",
  "uploadtime": 1776640519,
  "views": 10,
  "formatid": "gen9championsvgc2026regma",
  "rating": 1218,
  "private": 0,
  "password": null
}