{
  "id": "gen9championsvgc2026regma-2588528594",
  "format": "[Gen 9 Champions] VGC 2026 Reg M-A",
  "players": [
    "aroswing",
    "Astral Legionis"
  ],
  "log": "|j|\u2606aroswing\n|j|\u2606Astral Legionis\n|t:|1776641925\n|gametype|doubles\n|player|p1|aroswing|marnie|1283\n|player|p2|Astral Legionis|170|1234\n|gen|9\n|tier|[Gen 9 Champions] VGC 2026 Reg M-A\n|rated|\n|rule|Species Clause: Limit one of each Pok\u00e9mon\n|rule|Item Clause: Limit 1 of each item\n|clearpoke\n|poke|p1|Rotom-Wash, L50, shiny|\n|poke|p1|Aerodactyl, L50, M|\n|poke|p1|Gardevoir, L50, F, shiny|\n|poke|p1|Garchomp, L50, F|\n|poke|p1|Gallade, L50, M|\n|poke|p1|Floette-Eternal, L50, F|\n|poke|p2|Reuniclus, L50, F|\n|poke|p2|Mimikyu, L50, M|\n|poke|p2|Kingambit, L50, M|\n|poke|p2|Primarina, L50, M|\n|poke|p2|Farigiraf, L50, M|\n|poke|p2|Aerodactyl, L50, F|\n|teampreview|4\n|inactive|Battle timer is ON: inactive players will automatically lose when time's up. (requested by aroswing)\n|inactive|aroswing has 60 seconds left.\n|inactive|aroswing has 30 seconds left.\n|inactive|aroswing has 20 seconds left.\n|inactive|aroswing has 15 seconds left.\n|inactive|aroswing has 10 seconds left.\n|inactive|aroswing has 5 seconds left.\n|\n|t:|1776642012\n|teamsize|p1|4\n|teamsize|p2|4\n|start\n|switch|p1a: Floette|Floette-Eternal, L50, F|100/100\n|switch|p1b: Gardevoir|Gardevoir, L50, F, shiny|100/100\n|switch|p2a: Mimikyu|Mimikyu, L50, M|100/100\n|switch|p2b: Kingambit|Kingambit, L50, M|100/100\n|turn|1\n|\n|t:|1776642033\n|detailschange|p1a: Floette|Floette-Mega, L50, F\n|-mega|p1a: Floette|Floette|Floettite\n|-ability|p1a: Floette|Fairy Aura\n|move|p1b: Gardevoir|Dazzling Gleam|p2a: Mimikyu|[spread] p2a,p2b\n|-activate|p2a: Mimikyu|ability: Disguise\n|-damage|p2a: Mimikyu|100/100\n|-damage|p2b: Kingambit|64/100\n|detailschange|p2a: Mimikyu|Mimikyu-Busted, L50, M\n|-damage|p2a: Mimikyu|88/100|[from] pokemon: Mimikyu-Busted\n|move|p1a: Floette|Dazzling Gleam|p2a: Mimikyu|[spread] p2a,p2b\n|-damage|p2a: Mimikyu|40/100\n|-damage|p2b: Kingambit|21/100\n|move|p2b: Kingambit|Swords Dance|p2b: Kingambit\n|-boost|p2b: Kingambit|atk|2\n|move|p2a: Mimikyu|Trick Room|p2a: Mimikyu\n|-fieldstart|move: Trick Room|[of] p2a: Mimikyu\n|\n|upkeep\n|turn|2\n|inactive|Astral Legionis has 30 seconds left.\n|inactive|Astral Legionis has 20 seconds left.\n|inactive|Astral Legionis has 15 seconds left.\n|\n|t:|1776642075\n|move|p1a: Floette|Protect|p1a: Floette\n|-singleturn|p1a: Floette|Protect\n|move|p2b: Kingambit|Kowtow Cleave|p1a: Floette\n|-activate|p1a: Floette|move: Protect\n|move|p2a: Mimikyu|Play Rough|p1a: Floette\n|-activate|p1a: Floette|move: Protect\n|move|p1b: Gardevoir|Dazzling Gleam|p2a: Mimikyu|[spread] p2a,p2b\n|-damage|p2a: Mimikyu|0 fnt\n|-damage|p2b: Kingambit|0 fnt\n|faint|p2a: Mimikyu\n|faint|p2b: Kingambit\n|\n|upkeep\n|\n|t:|1776642083\n|switch|p2b: Aerodactyl|Aerodactyl, L50, F|100/100\n|switch|p2a: Reuniclus|Reuniclus, L50, F|100/100\n|-ability|p2b: Aerodactyl|Unnerve\n|turn|3\n|\n|t:|1776642096\n|detailschange|p2b: Aerodactyl|Aerodactyl-Mega, L50, F\n|-mega|p2b: Aerodactyl|Aerodactyl|Aerodactylite\n|move|p2b: Aerodactyl|Wide Guard|p2b: Aerodactyl\n|-singleturn|p2b: Aerodactyl|Wide Guard\n|move|p2a: Reuniclus|Calm Mind|p2a: Reuniclus\n|-boost|p2a: Reuniclus|spa|1\n|-boost|p2a: Reuniclus|spd|1\n|move|p1a: Floette|Dazzling Gleam|p2a: Reuniclus|[spread] \n|-activate|p2a: Reuniclus|move: Wide Guard\n|-activate|p2b: Aerodactyl|move: Wide Guard\n|move|p1b: Gardevoir|Dazzling Gleam|p2a: Reuniclus|[spread] \n|-activate|p2a: Reuniclus|move: Wide Guard\n|-activate|p2b: Aerodactyl|move: Wide Guard\n|\n|upkeep\n|turn|4\n|inactive|Astral Legionis has 30 seconds left.\n|\n|t:|1776642122\n|move|p2b: Aerodactyl|Protect|p2b: Aerodactyl\n|-singleturn|p2b: Aerodactyl|Protect\n|move|p2a: Reuniclus|Psychic|p1a: Floette\n|-damage|p1a: Floette|42/100\n|move|p1a: Floette|Moonblast|p2b: Aerodactyl\n|-activate|p2b: Aerodactyl|move: Protect\n|move|p1b: Gardevoir|Dazzling Gleam|p2b: Aerodactyl|[spread] p2a\n|-activate|p2b: Aerodactyl|move: Protect\n|-damage|p2a: Reuniclus|77/100\n|\n|-heal|p2a: Reuniclus|83/100|[from] item: Leftovers\n|upkeep\n|turn|5\n|\n|t:|1776642143\n|move|p1a: Floette|Protect|p1a: Floette\n|-singleturn|p1a: Floette|Protect\n|move|p2b: Aerodactyl|Wide Guard|p2b: Aerodactyl\n|-singleturn|p2b: Aerodactyl|Wide Guard\n|move|p2a: Reuniclus|Psychic|p1b: Gardevoir\n|-resisted|p1b: Gardevoir|1\n|-damage|p1b: Gardevoir|58/100\n|move|p1b: Gardevoir|Dazzling Gleam|p2a: Reuniclus|[spread] \n|-activate|p2a: Reuniclus|move: Wide Guard\n|-activate|p2b: Aerodactyl|move: Wide Guard\n|\n|-heal|p2a: Reuniclus|89/100|[from] item: Leftovers\n|-fieldend|move: Trick Room\n|upkeep\n|turn|6\n|\n|t:|1776642160\n|move|p2b: Aerodactyl|Rock Slide|p1b: Gardevoir|[spread] p1a\n|-miss|p2b: Aerodactyl|p1b: Gardevoir\n|-damage|p1a: Floette|12/100\n|move|p1b: Gardevoir|Dazzling Gleam|p2a: Reuniclus|[spread] p2a,p2b\n|-damage|p2a: Reuniclus|62/100\n|-damage|p2b: Aerodactyl|48/100\n|cant|p1a: Floette|flinch\n|move|p2a: Reuniclus|Psychic|p1b: Gardevoir\n|-resisted|p1b: Gardevoir|1\n|-damage|p1b: Gardevoir|14/100\n|\n|-heal|p2a: Reuniclus|68/100|[from] item: Leftovers\n|upkeep\n|turn|7\n|\n|t:|1776642178\n|move|p2b: Aerodactyl|Rock Slide|p1b: Gardevoir|[spread] p1a,p1b\n|-damage|p1a: Floette|0 fnt\n|-damage|p1b: Gardevoir|0 fnt\n|faint|p1a: Floette\n|faint|p1b: Gardevoir\n|move|p2a: Reuniclus|Calm Mind|p2a: Reuniclus\n|-boost|p2a: Reuniclus|spa|1\n|-boost|p2a: Reuniclus|spd|1\n|\n|-heal|p2a: Reuniclus|74/100|[from] item: Leftovers\n|upkeep\n|\n|t:|1776642187\n|switch|p1a: Garchomp|Garchomp, L50, F|100/100\n|switch|p1b: Gallade|Gallade, L50, M|100/100\n|turn|8\n|\n|t:|1776642204\n|move|p2b: Aerodactyl|Protect|p2b: Aerodactyl\n|-singleturn|p2b: Aerodactyl|Protect\n|move|p1b: Gallade|Wide Guard|p1b: Gallade\n|-singleturn|p1b: Gallade|Wide Guard\n|move|p1a: Garchomp|Rock Slide|p2b: Aerodactyl|[spread] p2a\n|-activate|p2b: Aerodactyl|move: Protect\n|-damage|p2a: Reuniclus|53/100\n|move|p2a: Reuniclus|Psychic|p1a: Garchomp\n|-damage|p1a: Garchomp|0 fnt\n|faint|p1a: Garchomp\n|\n|-heal|p2a: Reuniclus|59/100|[from] item: Leftovers\n|upkeep\n|turn|9\n|\n|t:|1776642220\n|move|p2b: Aerodactyl|Dual Wingbeat|p1b: Gallade|[miss]\n|-miss|p2b: Aerodactyl|p1b: Gallade\n|move|p1b: Gallade|Psycho Cut|p2b: Aerodactyl\n|-crit|p2b: Aerodactyl\n|-damage|p2b: Aerodactyl|0 fnt\n|faint|p2b: Aerodactyl\n|move|p2a: Reuniclus|Psychic|p1b: Gallade\n|-damage|p1b: Gallade|8/100\n|\n|-heal|p2a: Reuniclus|65/100|[from] item: Leftovers\n|upkeep\n|turn|10\n|\n|t:|1776642231\n|move|p1b: Gallade|Sacred Sword|p2a: Reuniclus\n|-resisted|p2a: Reuniclus|1\n|-damage|p2a: Reuniclus|31/100\n|move|p2a: Reuniclus|Psychic|p1b: Gallade\n|-damage|p1b: Gallade|0 fnt\n|faint|p1b: Gallade\n|\n|win|Astral Legionis\n|raw|aroswing's rating: 1283 &rarr; <strong>1254</strong><br />(-29 for losing)\n|raw|Astral Legionis's rating: 1234 &rarr; <strong>1263</strong><br />(+29 for winning)\n|l|\u2606aroswing\n|player|p1|\n",
  "uploadtime": 1776642266,
  "views": 14,
  "formatid": "gen9championsvgc2026regma",
  "rating": 1254,
  "private": 0,
  "password": null
}