{
  "id": "gen9championsvgc2026regma-2589557788",
  "format": "[Gen 9 Champions] VGC 2026 Reg M-A",
  "players": [
    "Slapme2",
    "DaddyWex"
  ],
  "log": "|j|\u2606Slapme2\n|j|\u2606DaddyWex\n|t:|1776733959\n|gametype|doubles\n|player|p1|Slapme2|chili|1081\n|player|p2|DaddyWex|turo|1168\n|gen|9\n|tier|[Gen 9 Champions] VGC 2026 Reg M-A\n|rated|\n|rule|Species Clause: Limit one of each Pok\u00e9mon\n|rule|Item Clause: Limit 1 of each item\n|clearpoke\n|poke|p1|Crabominable, L50, M|\n|poke|p1|Oranguru, L50, F|\n|poke|p1|Primarina, L50, M|\n|poke|p1|Camerupt, L50, F|\n|poke|p1|Meowscarada, L50, F|\n|poke|p1|Sableye, L50, F|\n|poke|p2|Venusaur, L50, M|\n|poke|p2|Charizard, L50, M, shiny|\n|poke|p2|Milotic, L50, M|\n|poke|p2|Sneasler, L50, M|\n|poke|p2|Hydrapple, L50, M|\n|poke|p2|Tinkaton, L50, F|\n|teampreview|4\n|inactive|Battle timer is ON: inactive players will automatically lose when time's up. (requested by Slapme2)\n|\n|t:|1776734017\n|teamsize|p1|4\n|teamsize|p2|4\n|start\n|switch|p1a: Meowscarada|Meowscarada, L50, F|100/100\n|switch|p1b: Oranguru|Oranguru, L50, F|100/100\n|switch|p2a: Milotic|Milotic, L50, M|100/100\n|switch|p2b: Charizard|Charizard, L50, M, shiny|100/100\n|turn|1\n|\n|t:|1776734035\n|detailschange|p2b: Charizard|Charizard-Mega-Y, L50, M, shiny\n|-mega|p2b: Charizard|Charizard|Charizardite Y\n|-weather|SunnyDay|[from] ability: Drought|[of] p2b: Charizard\n|move|p1a: Meowscarada|Flower Trick|p2a: Milotic\n|-start|p1a: Meowscarada|typechange|Grass|[from] ability: Protean\n|-supereffective|p2a: Milotic|1\n|-crit|p2a: Milotic\n|-damage|p2a: Milotic|0 fnt\n|faint|p2a: Milotic\n|move|p2b: Charizard|Heat Wave|p1a: Meowscarada|[spread] p1a,p1b\n|-supereffective|p1a: Meowscarada|1\n|-enditem|p1a: Meowscarada|Focus Sash\n|-damage|p1a: Meowscarada|1/100\n|-damage|p1b: Oranguru|53/100\n|move|p1b: Oranguru|Trick Room|p1b: Oranguru\n|-fieldstart|move: Trick Room|[of] p1b: Oranguru\n|\n|-weather|SunnyDay|[upkeep]\n|upkeep\n|\n|t:|1776734053\n|switch|p2a: Hydrapple|Hydrapple, L50, M|100/100\n|-ability|p2a: Hydrapple|Supersweet Syrup\n|-unboost|p1a: Meowscarada|evasion|1\n|-unboost|p1b: Oranguru|evasion|1\n|turn|2\n|\n|t:|1776734073\n|move|p1a: Meowscarada|Sucker Punch||[still]\n|-fail|p1a: Meowscarada\n|move|p2a: Hydrapple|Nasty Plot|p2a: Hydrapple\n|-boost|p2a: Hydrapple|spa|2\n|move|p1b: Oranguru|Psychic|p2a: Hydrapple\n|-damage|p2a: Hydrapple|70/100\n|move|p2b: Charizard|Heat Wave|p1a: Meowscarada|[spread] p1a,p1b\n|-supereffective|p1a: Meowscarada|1\n|-damage|p1a: Meowscarada|0 fnt\n|-damage|p1b: Oranguru|7/100\n|faint|p1a: Meowscarada\n|\n|-weather|SunnyDay|[upkeep]\n|upkeep\n|\n|t:|1776734077\n|switch|p1a: Crabominable|Crabominable, L50, M|100/100\n|turn|3\n|\n|t:|1776734101\n|detailschange|p1a: Crabominable|Crabominable-Mega, L50, M\n|-mega|p1a: Crabominable|Crabominable|Crabominite\n|move|p2a: Hydrapple|Protect|p2a: Hydrapple\n|-singleturn|p2a: Hydrapple|Protect\n|move|p1a: Crabominable|Ice Hammer|p2a: Hydrapple\n|-activate|p2a: Hydrapple|move: Protect\n|move|p1b: Oranguru|Psychic|p2b: Charizard\n|-crit|p2b: Charizard\n|-damage|p2b: Charizard|58/100\n|move|p2b: Charizard|Weather Ball|p1a: Crabominable\n|-supereffective|p1a: Crabominable|1\n|-damage|p1a: Crabominable|0 fnt\n|faint|p1a: Crabominable\n|\n|-weather|SunnyDay|[upkeep]\n|upkeep\n|\n|t:|1776734111\n|switch|p1a: Primarina|Primarina, L50, M|100/100\n|turn|4\n|\n|t:|1776734120\n|move|p2b: Charizard|Protect|p2b: Charizard\n|-singleturn|p2b: Charizard|Protect\n|move|p2a: Hydrapple|Energy Ball|p1a: Primarina\n|-supereffective|p1a: Primarina|1\n|-damage|p1a: Primarina|0 fnt\n|faint|p1a: Primarina\n|move|p1b: Oranguru|Instruct|p1: Primarina|[notarget]\n|-fail|p1b: Oranguru\n|\n|-weather|SunnyDay|[upkeep]\n|upkeep\n|turn|5\n|-message|Slapme2 forfeited.\n|\n|win|DaddyWex\n|raw|Slapme2's rating: 1081 &rarr; <strong>1064</strong><br />(-17 for losing)\n|raw|DaddyWex's rating: 1168 &rarr; <strong>1187</strong><br />(+19 for winning)\n|l|\u2606Slapme2\n|player|p1|\n",
  "uploadtime": 1776734135,
  "views": 4,
  "formatid": "gen9championsvgc2026regma",
  "rating": 1064,
  "private": 0,
  "password": null
}