{
  "id": "gen9championsvgc2026regma-2587545077",
  "format": "[Gen 9 Champions] VGC 2026 Reg M-A",
  "players": [
    "adimanto",
    "Da1mon!"
  ],
  "log": "|j|\u2606adimanto\n|j|\u2606Da1mon!\n|t:|1776541006\n|gametype|doubles\n|player|p1|adimanto|gambler|1130\n|player|p2|Da1mon!|ghetsis|1187\n|gen|9\n|tier|[Gen 9 Champions] VGC 2026 Reg M-A\n|rated|\n|rule|Species Clause: Limit one of each Pok\u00e9mon\n|rule|Item Clause: Limit 1 of each item\n|clearpoke\n|poke|p1|Diggersby, L50, M, shiny|\n|poke|p1|Lopunny, L50, F, shiny|\n|poke|p1|Drampa, L50, M, shiny|\n|poke|p1|Zoroark-Hisui, L50, F, shiny|\n|poke|p1|Farigiraf, L50, M, shiny|\n|poke|p1|Ditto, L50, shiny|\n|poke|p2|Chesnaught, L50, M, shiny|\n|poke|p2|Slowking-Galar, L50, F|\n|poke|p2|Kingambit, L50, F|\n|poke|p2|Armarouge, L50, M|\n|poke|p2|Oranguru, L50, M|\n|poke|p2|Primarina, L50, F|\n|teampreview|4\n|\n|t:|1776541081\n|teamsize|p1|4\n|teamsize|p2|4\n|start\n|switch|p1a: Lopunny|Lopunny, L50, F, shiny|100/100\n|switch|p1b: Farigiraf|Farigiraf, L50, M, shiny|100/100\n|switch|p2a: Chesnaught|Chesnaught, L50, M, shiny|100/100\n|switch|p2b: Kingambit|Kingambit, L50, F|100/100\n|turn|1\n|\n|t:|1776541106\n|detailschange|p1a: Lopunny|Lopunny-Mega, L50, F, shiny\n|-mega|p1a: Lopunny|Lopunny|Lopunnite\n|detailschange|p2a: Chesnaught|Chesnaught-Mega, L50, M, shiny\n|-mega|p2a: Chesnaught|Chesnaught|Chesnaughtite\n|move|p2b: Kingambit|Protect|p2b: Kingambit\n|-singleturn|p2b: Kingambit|Protect\n|move|p1a: Lopunny|Fake Out|p2b: Kingambit\n|-activate|p2b: Kingambit|move: Protect\n|move|p1b: Farigiraf|Sludge Bomb|p2a: Chesnaught\n|-immune|p2a: Chesnaught|[from] ability: Bulletproof\n|move|p2a: Chesnaught|Body Press|p1a: Lopunny\n|-supereffective|p1a: Lopunny|1\n|-damage|p1a: Lopunny|0 fnt\n|faint|p1a: Lopunny\n|\n|upkeep\n|\n|t:|1776541126\n|switch|p1a: Drampa|Drampa, L50, M, shiny|100/100\n|-ability|p1a: Drampa|Cloud Nine\n|turn|2\n|\n|t:|1776541155\n|move|p1b: Farigiraf|Protect|p1b: Farigiraf\n|-singleturn|p1b: Farigiraf|Protect\n|move|p2a: Chesnaught|Spiky Shield|p2a: Chesnaught\n|-singleturn|p2a: Chesnaught|move: Protect\n|move|p2b: Kingambit|Kowtow Cleave|p1b: Farigiraf\n|-activate|p1b: Farigiraf|move: Protect\n|move|p1a: Drampa|Earth Power|p2b: Kingambit\n|-supereffective|p2b: Kingambit|1\n|-damage|p2b: Kingambit|42/100\n|\n|upkeep\n|turn|3\n|\n|t:|1776541200\n|move|p1b: Farigiraf|Protect|p1b: Farigiraf\n|-singleturn|p1b: Farigiraf|Protect\n|move|p2b: Kingambit|Protect|p2b: Kingambit\n|-singleturn|p2b: Kingambit|Protect\n|move|p2a: Chesnaught|Body Press|p1a: Drampa\n|-supereffective|p1a: Drampa|1\n|-damage|p1a: Drampa|0 fnt\n|faint|p1a: Drampa\n|\n|upkeep\n|\n|t:|1776541212\n|switch|p1a: Farigiraf|Farigiraf, L50, M, shiny|100/100\n|turn|4\n|\n|t:|1776541237\n|move|p1a: Farigiraf|Helping Hand|p1b: Farigiraf\n|-singleturn|p1b: Farigiraf|Helping Hand|[of] p1a: Farigiraf\n|move|p1b: Farigiraf|Bitter Malice|p2a: Chesnaught\n|-damage|p2a: Chesnaught|47/100\n|-unboost|p2a: Chesnaught|atk|1\n|move|p2b: Kingambit|Kowtow Cleave|p1b: Farigiraf\n|-supereffective|p1b: Farigiraf|1\n|-damage|p1b: Farigiraf|0 fnt\n|replace|p1b: Zoroark|Zoroark-Hisui, L50, F, shiny\n|-end|p1b: Zoroark|Illusion\n|faint|p1b: Zoroark\n|move|p2a: Chesnaught|Body Press|p1a: Farigiraf\n|-damage|p1a: Farigiraf|46/100\n|-enditem|p1a: Farigiraf|Sitrus Berry|[eat]\n|-heal|p1a: Farigiraf|71/100|[from] item: Sitrus Berry\n|\n|upkeep\n|turn|5\n|\n|t:|1776541255\n|move|p1a: Farigiraf|Hyper Voice|p2a: Chesnaught|[spread] p2a,p2b\n|-resisted|p2b: Kingambit|1\n|-damage|p2a: Chesnaught|20/100\n|-damage|p2b: Kingambit|28/100\n|move|p2b: Kingambit|Kowtow Cleave|p1a: Farigiraf\n|-supereffective|p1a: Farigiraf|1\n|-damage|p1a: Farigiraf|0 fnt\n|faint|p1a: Farigiraf\n|\n|win|Da1mon!\n|raw|adimanto's rating: 1130 &rarr; <strong>1109</strong><br />(-21 for losing)\n|raw|Da1mon!'s rating: 1187 &rarr; <strong>1208</strong><br />(+21 for winning)\n|l|\u2606adimanto\n|player|p1|\n",
  "uploadtime": 1776542128,
  "views": 21,
  "formatid": "gen9championsvgc2026regma",
  "rating": 1109,
  "private": 0,
  "password": null
}