{
  "id": "gen9championsvgc2026regma-2580354531",
  "format": "[Gen 9 Champions] VGC 2026 Reg M-A",
  "players": [
    "IBOIIII",
    "Willthekid65934"
  ],
  "log": "|j|\u2606IBOIIII\n|j|\u2606Willthekid65934\n|t:|1775884374\n|gametype|doubles\n|player|p1|IBOIIII|102|1000\n|player|p2|Willthekid65934|steven|1000\n|gen|9\n|tier|[Gen 9 Champions] VGC 2026 Reg M-A\n|rated|\n|rule|Species Clause: Limit one of each Pok\u00e9mon\n|rule|Item Clause: Limit 1 of each item\n|clearpoke\n|poke|p1|Incineroar, L50, M|\n|poke|p1|Floette-Eternal, L50, F|\n|poke|p1|Sinistcha-Masterpiece, L50|\n|poke|p1|Tyranitar, L50, M|\n|poke|p1|Excadrill, L50, F|\n|poke|p1|Rotom-Wash, L50|\n|poke|p2|Tyranitar, L50, F|\n|poke|p2|Excadrill, L50, F|\n|poke|p2|Primarina, L50, F|\n|poke|p2|Incineroar, L50, M|\n|poke|p2|Sinistcha-Masterpiece, L50|\n|poke|p2|Corviknight, L50, M|\n|teampreview|4\n|inactive|Battle timer is ON: inactive players will automatically lose when time's up. (requested by Willthekid65934)\n|inactive|Willthekid65934 has 60 seconds left.\n|\n|t:|1775884424\n|teamsize|p1|4\n|teamsize|p2|4\n|start\n|switch|p1a: Sinistcha|Sinistcha-Masterpiece, L50|100/100\n|switch|p1b: Floette|Floette-Eternal, L50, F|100/100\n|switch|p2a: Craven edge|Corviknight, L50, M|100/100\n|switch|p2b: Godzilla|Tyranitar, L50, F|100/100\n|-weather|Sandstorm|[from] ability: Sand Stream|[of] p2b: Godzilla\n|turn|1\n|\n|t:|1775884443\n|switch|p1a: Rotom|Rotom-Wash, L50|100/100\n|detailschange|p1b: Floette|Floette-Mega, L50, F\n|-mega|p1b: Floette|Floette|Floettite\n|-ability|p1b: Floette|Fairy Aura\n|detailschange|p2b: Godzilla|Tyranitar-Mega, L50, F\n|-mega|p2b: Godzilla|Tyranitar|Tyranitarite\n|move|p1b: Floette|Moonblast|p2b: Godzilla\n|-supereffective|p2b: Godzilla|1\n|-damage|p2b: Godzilla|19/100\n|move|p2b: Godzilla|Crunch|p1a: Rotom\n|-damage|p1a: Rotom|54/100\n|move|p2a: Craven edge|Tailwind|p2a: Craven edge\n|-sidestart|p2: Willthekid65934|move: Tailwind\n|\n|-weather|Sandstorm|[upkeep]\n|-damage|p1b: Floette|94/100|[from] Sandstorm\n|-damage|p1a: Rotom|48/100|[from] Sandstorm\n|-enditem|p1a: Rotom|Sitrus Berry|[eat]\n|-heal|p1a: Rotom|73/100|[from] item: Sitrus Berry\n|upkeep\n|turn|2\n|inactive|Willthekid65934 has 30 seconds left.\n|\n|t:|1775884469\n|move|p2b: Godzilla|Rock Slide|p1b: Floette|[spread] p1a,p1b\n|-damage|p1a: Rotom|38/100\n|-damage|p1b: Floette|47/100\n|move|p2a: Craven edge|Brave Bird|p1b: Floette\n|-damage|p1b: Floette|0 fnt\n|faint|p1b: Floette\n|-damage|p2a: Craven edge|89/100|[from] Recoil\n|move|p1a: Rotom|Thunderbolt|p2a: Craven edge\n|-supereffective|p2a: Craven edge|1\n|-damage|p2a: Craven edge|24/100\n|\n|-weather|Sandstorm|[upkeep]\n|-damage|p1a: Rotom|32/100|[from] Sandstorm\n|-heal|p2a: Craven edge|30/100|[from] item: Leftovers\n|upkeep\n|\n|t:|1775884477\n|switch|p1b: Excadrill|Excadrill, L50, F|100/100\n|turn|3\n|\n|t:|1775884495\n|move|p2b: Godzilla|Protect|p2b: Godzilla\n|-singleturn|p2b: Godzilla|Protect\n|move|p1b: Excadrill|Rock Slide|p2a: Craven edge|[spread] p2a\n|-activate|p2b: Godzilla|move: Protect\n|-damage|p2a: Craven edge|16/100\n|move|p2a: Craven edge|Brave Bird|p1a: Rotom\n|-resisted|p1a: Rotom|1\n|-damage|p1a: Rotom|13/100\n|-damage|p2a: Craven edge|11/100|[from] Recoil\n|move|p1a: Rotom|Thunderbolt|p2b: Godzilla\n|-activate|p2b: Godzilla|move: Protect\n|\n|-weather|Sandstorm|[upkeep]\n|-damage|p1a: Rotom|8/100|[from] Sandstorm\n|-heal|p2a: Craven edge|17/100|[from] item: Leftovers\n|upkeep\n|turn|4\n|\n|t:|1775884507\n|move|p1a: Rotom|Protect|p1a: Rotom\n|-singleturn|p1a: Rotom|Protect\n|move|p1b: Excadrill|Earthquake|p2a: Craven edge|[spread] p2b\n|-activate|p1a: Rotom|move: Protect\n|-immune|p2a: Craven edge\n|-supereffective|p2b: Godzilla|1\n|-damage|p2b: Godzilla|0 fnt\n|faint|p2b: Godzilla\n|move|p2a: Craven edge|Roost|p2a: Craven edge\n|-heal|p2a: Craven edge|67/100\n|-singleturn|p2a: Craven edge|move: Roost\n|\n|-weather|Sandstorm|[upkeep]\n|-damage|p1a: Rotom|2/100|[from] Sandstorm\n|-heal|p2a: Craven edge|73/100|[from] item: Leftovers\n|-sideend|p2: Willthekid65934|move: Tailwind\n|upkeep\n|\n|t:|1775884513\n|switch|p2b: Primarina|Primarina, L50, F|100/100\n|turn|5\n|\n|t:|1775884527\n|switch|p1a: Sinistcha|Sinistcha-Masterpiece, L50|100/100\n|move|p1b: Excadrill|Iron Head|p2b: Primarina\n|-damage|p2b: Primarina|41/100\n|move|p2b: Primarina|Hyper Voice|p1b: Excadrill|[spread] p1a,p1b\n|-resisted|p1a: Sinistcha|1\n|-supereffective|p1b: Excadrill|1\n|-damage|p1a: Sinistcha|83/100\n|-damage|p1b: Excadrill|16/100\n|move|p2a: Craven edge|Tailwind|p2a: Craven edge\n|-sidestart|p2: Willthekid65934|move: Tailwind\n|\n|-weather|none\n|-heal|p2a: Craven edge|79/100|[from] item: Leftovers\n|upkeep\n|turn|6\n|\n|t:|1775884540\n|move|p2b: Primarina|Hyper Voice|p1b: Excadrill|[spread] p1a,p1b\n|-resisted|p1a: Sinistcha|1\n|-supereffective|p1b: Excadrill|1\n|-damage|p1a: Sinistcha|65/100\n|-damage|p1b: Excadrill|0 fnt\n|faint|p1b: Excadrill\n|move|p2a: Craven edge|Brave Bird|p1a: Sinistcha\n|-supereffective|p1a: Sinistcha|1\n|-damage|p1a: Sinistcha|0 fnt\n|faint|p1a: Sinistcha\n|-damage|p2a: Craven edge|60/100|[from] Recoil\n|\n|-heal|p2a: Craven edge|66/100|[from] item: Leftovers\n|upkeep\n|c|\u2606Willthekid65934|Straight up\n|-message|IBOIIII forfeited.\n|\n|win|Willthekid65934\n|raw|IBOIIII's rating: 1000 &rarr; <strong>1000</strong><br />(+0 for losing)\n|raw|Willthekid65934's rating: 1000 &rarr; <strong>1040</strong><br />(+40 for winning)\n|l|\u2606IBOIIII\n|player|p1|\n|c|\u2606Willthekid65934|Gg\n",
  "uploadtime": 1775884560,
  "views": 10,
  "formatid": "gen9championsvgc2026regma",
  "rating": 1000,
  "private": 0,
  "password": null
}