{
  "id": "gen9championsvgc2026regma-2585708508",
  "format": "[Gen 9 Champions] VGC 2026 Reg M-A",
  "players": [
    "pawfreak",
    "Amerikanj"
  ],
  "log": "|j|\u2606pawfreak\n|j|\u2606Amerikanj\n|t:|1776365157\n|gametype|doubles\n|player|p1|pawfreak|n|1006\n|player|p2|Amerikanj|steven|1102\n|gen|9\n|tier|[Gen 9 Champions] VGC 2026 Reg M-A\n|rated|\n|rule|Species Clause: Limit one of each Pok\u00e9mon\n|rule|Item Clause: Limit 1 of each item\n|clearpoke\n|poke|p1|Farigiraf, L50, M|\n|poke|p1|Torkoal, L50, F|\n|poke|p1|Tyranitar, L50, F|\n|poke|p1|Clefable, L50, F|\n|poke|p1|Aggron, L50, F|\n|poke|p1|Klefki, L50, F|\n|poke|p2|Aegislash, L50, F|\n|poke|p2|Floette-Eternal, L50, F|\n|poke|p2|Garchomp, L50, M|\n|poke|p2|Incineroar, L50, M|\n|poke|p2|Rotom-Wash, L50|\n|poke|p2|Talonflame, L50, M|\n|teampreview|4\n|\n|t:|1776365191\n|teamsize|p1|4\n|teamsize|p2|4\n|start\n|switch|p1a: Farigiraf|Farigiraf, L50, M|100/100\n|switch|p1b: Clefable|Clefable, L50, F|100/100\n|switch|p2a: Talonflame|Talonflame, L50, M|100/100\n|switch|p2b: Incineroar|Incineroar, L50, M|100/100\n|-ability|p2b: Incineroar|Intimidate|boost\n|-unboost|p1a: Farigiraf|atk|1\n|-unboost|p1b: Clefable|atk|1\n|turn|1\n|\n|t:|1776365211\n|move|p1b: Clefable|Follow Me|p1b: Clefable\n|-singleturn|p1b: Clefable|move: Follow Me\n|move|p2a: Talonflame|Acrobatics||[still]\n|cant|p1a: Farigiraf|ability: Armor Tail|Acrobatics|[of] p2a: Talonflame\n|move|p2b: Incineroar|Darkest Lariat|p1b: Clefable\n|-resisted|p1b: Clefable|1\n|-damage|p1b: Clefable|77/100\n|move|p1a: Farigiraf|Trick Room|p1a: Farigiraf\n|-fieldstart|move: Trick Room|[of] p1a: Farigiraf\n|\n|upkeep\n|turn|2\n|l|\u2606pawfreak\n|player|p1|\n|j|\u2606pawfreak\n|player|p1|pawfreak|n|\n|\n|t:|1776365237\n|switch|p2a: Garchomp|Garchomp, L50, M|100/100\n|move|p1b: Clefable|Follow Me|p1b: Clefable\n|-singleturn|p1b: Clefable|move: Follow Me\n|move|p1a: Farigiraf|Hyper Voice|p2b: Incineroar|[spread] p2a,p2b\n|-damage|p2a: Garchomp|62/100\n|-damage|p2b: Incineroar|70/100\n|move|p2b: Incineroar|Flare Blitz|p1b: Clefable\n|-damage|p1b: Clefable|14/100\n|-start|p2b: Incineroar|Attract|[from] ability: Cute Charm|[of] p1b: Clefable\n|-damage|p2b: Incineroar|47/100|[from] Recoil\n|\n|-heal|p2b: Incineroar|53/100|[from] item: Leftovers\n|upkeep\n|turn|3\n|\n|t:|1776365257\n|-activate|p2b: Incineroar|move: Attract|[of] p1b: Clefable\n|cant|p2b: Incineroar|Attract\n|move|p1b: Clefable|Follow Me|p1b: Clefable\n|-singleturn|p1b: Clefable|move: Follow Me\n|move|p1a: Farigiraf|Hyper Voice|p2b: Incineroar|[spread] p2a,p2b\n|-crit|p2b: Incineroar\n|-damage|p2a: Garchomp|23/100\n|-damage|p2b: Incineroar|4/100\n|move|p2a: Garchomp|Rock Slide|p1a: Farigiraf|[spread] p1a\n|-miss|p2a: Garchomp|p1b: Clefable\n|-damage|p1a: Farigiraf|77/100\n|\n|-heal|p2b: Incineroar|10/100|[from] item: Leftovers\n|upkeep\n|turn|4\n|\n|t:|1776365282\n|-activate|p2b: Incineroar|move: Attract|[of] p1b: Clefable\n|cant|p2b: Incineroar|Attract\n|move|p2a: Garchomp|Protect|p2a: Garchomp\n|-singleturn|p2a: Garchomp|Protect\n|move|p1b: Clefable|Dazzling Gleam|p2a: Garchomp|[spread] p2b\n|-activate|p2a: Garchomp|move: Protect\n|-damage|p2b: Incineroar|0 fnt\n|faint|p2b: Incineroar\n|move|p1a: Farigiraf|Hyper Voice|p2a: Garchomp\n|-activate|p2a: Garchomp|move: Protect\n|\n|upkeep\n|\n|t:|1776365296\n|switch|p2b: Floette|Floette-Eternal, L50, F|100/100\n|turn|5\n|\n|t:|1776365307\n|switch|p2a: Talonflame|Talonflame, L50, M|100/100\n|move|p1a: Farigiraf|Protect|p1a: Farigiraf\n|-singleturn|p1a: Farigiraf|Protect\n|move|p1b: Clefable|Dazzling Gleam|p2b: Floette|[spread] p2a,p2b\n|-resisted|p2a: Talonflame|1\n|-damage|p2a: Talonflame|77/100\n|-damage|p2b: Floette|81/100\n|move|p2b: Floette|Dazzling Gleam|p1b: Clefable|[spread] p1b\n|-activate|p1a: Farigiraf|move: Protect\n|-damage|p1b: Clefable|0 fnt\n|faint|p1b: Clefable\n|\n|-fieldend|move: Trick Room\n|upkeep\n|\n|t:|1776365320\n|switch|p1b: Aggron|Aggron, L50, F|100/100\n|turn|6\n|\n|t:|1776365331\n|detailschange|p2b: Floette|Floette-Mega, L50, F\n|-mega|p2b: Floette|Floette|Floettite\n|-ability|p2b: Floette|Fairy Aura\n|detailschange|p1b: Aggron|Aggron-Mega, L50, F\n|-mega|p1b: Aggron|Aggron|Aggronite\n|move|p2b: Floette|Protect|p2b: Floette\n|-singleturn|p2b: Floette|Protect\n|move|p2a: Talonflame|Flare Blitz|p1b: Aggron\n|-supereffective|p1b: Aggron|1\n|-damage|p1b: Aggron|59/100\n|-damage|p2a: Talonflame|64/100|[from] Recoil\n|move|p1b: Aggron|Iron Head|p2b: Floette\n|-activate|p2b: Floette|move: Protect\n|move|p1a: Farigiraf|Trick Room|p1a: Farigiraf\n|-fieldstart|move: Trick Room|[of] p1a: Farigiraf\n|\n|upkeep\n|turn|7\n|\n|t:|1776365353\n|switch|p2b: Garchomp|Garchomp, L50, M|23/100\n|move|p1b: Aggron|Iron Head|p2b: Garchomp\n|-damage|p2b: Garchomp|0 fnt\n|-damage|p1b: Aggron|46/100|[from] ability: Rough Skin|[of] p2b: Garchomp\n|faint|p2b: Garchomp\n|move|p1a: Farigiraf|Psychic|p2a: Talonflame\n|-damage|p2a: Talonflame|0 fnt\n|faint|p2a: Talonflame\n|\n|upkeep\n|\n|t:|1776365366\n|switch|p2b: Floette|Floette-Mega, L50, F|81/100\n|-ability|p2b: Floette|Fairy Aura\n|turn|8\n|\n|t:|1776365376\n|move|p1a: Farigiraf|Protect|p1a: Farigiraf\n|-singleturn|p1a: Farigiraf|Protect\n|move|p1b: Aggron|Iron Head|p2b: Floette\n|-supereffective|p2b: Floette|1\n|-damage|p2b: Floette|0 fnt\n|faint|p2b: Floette\n|\n|win|pawfreak\n|raw|pawfreak's rating: 1006 &rarr; <strong>1056</strong><br />(+50 for winning)\n|raw|Amerikanj's rating: 1102 &rarr; <strong>1070</strong><br />(-32 for losing)\n|l|\u2606Amerikanj\n|player|p2|\n",
  "uploadtime": 1776365383,
  "views": 21,
  "formatid": "gen9championsvgc2026regma",
  "rating": 1056,
  "private": 0,
  "password": null
}