{
  "id": "gen9championsvgc2026regma-2582456958",
  "format": "[Gen 9 Champions] VGC 2026 Reg M-A",
  "players": [
    "Zapdos79",
    "AskGeeves"
  ],
  "log": "|j|\u2606Zapdos79\n|j|\u2606AskGeeves\n|t:|1776092916\n|gametype|doubles\n|player|p1|Zapdos79|flannery|1072\n|player|p2|AskGeeves|170|1093\n|gen|9\n|tier|[Gen 9 Champions] VGC 2026 Reg M-A\n|rated|\n|rule|Species Clause: Limit one of each Pok\u00e9mon\n|rule|Item Clause: Limit 1 of each item\n|clearpoke\n|poke|p1|Tyranitar, L50, F|\n|poke|p1|Talonflame, L50, F|\n|poke|p1|Excadrill, L50, F|\n|poke|p1|Meganium, L50, M|\n|poke|p1|Farigiraf, L50, M|\n|poke|p1|Incineroar, L50, M|\n|poke|p2|Slowking-Galar, L50, F|\n|poke|p2|Farigiraf, L50, F|\n|poke|p2|Hatterene, L50, F|\n|poke|p2|Meganium, L50, F|\n|poke|p2|Meowstic, L50, M|\n|poke|p2|Delphox, L50, F|\n|teampreview|4\n|inactive|Battle timer is ON: inactive players will automatically lose when time's up. (requested by AskGeeves)\n|inactive|Zapdos79 has 60 seconds left.\n|inactive|Zapdos79 has 30 seconds left.\n|\n|t:|1776092978\n|teamsize|p1|4\n|teamsize|p2|4\n|start\n|switch|p1a: Meganium|Meganium, L50, M|100/100\n|switch|p1b: Incineroar|Incineroar, L50, M|100/100\n|switch|p2a: Slowking|Slowking-Galar, L50, F|100/100\n|switch|p2b: Farigiraf|Farigiraf, L50, F|100/100\n|-ability|p1b: Incineroar|Intimidate|boost\n|-unboost|p2a: Slowking|atk|1\n|-unboost|p2b: Farigiraf|atk|1\n|turn|1\n|inactive|AskGeeves has 30 seconds left.\n|\n|t:|1776093012\n|switch|p1a: Excadrill|Excadrill, L50, F|100/100\n|move|p1b: Incineroar|Parting Shot|p2a: Slowking\n|-unboost|p2a: Slowking|atk|1\n|-unboost|p2a: Slowking|spa|1\n|\n|t:|1776093019\n|switch|p1b: Tyranitar|Tyranitar, L50, F|100/100|[from] Parting Shot\n|-weather|Sandstorm|[from] ability: Sand Stream|[of] p1b: Tyranitar\n|move|p2a: Slowking|Psychic Terrain|p2a: Slowking\n|-fieldstart|move: Psychic Terrain\n|move|p2b: Farigiraf|Trick Room|p2b: Farigiraf\n|-fieldstart|move: Trick Room|[of] p2b: Farigiraf\n|\n|-weather|Sandstorm|[upkeep]\n|-damage|p2a: Slowking|95/100|[from] Sandstorm\n|-damage|p2b: Farigiraf|94/100|[from] Sandstorm\n|-heal|p2a: Slowking|100/100|[from] item: Leftovers\n|upkeep\n|turn|2\n|inactive|AskGeeves has 30 seconds left.\n|\n|t:|1776093054\n|switch|p2a: Hatterene|Hatterene, L50, F|100/100\n|move|p1a: Excadrill|Protect|p1a: Excadrill\n|-singleturn|p1a: Excadrill|Protect\n|move|p2b: Farigiraf|Expanding Force|p1a: Excadrill|[spread] \n|-activate|p1a: Excadrill|move: Protect\n|-immune|p1b: Tyranitar\n|move|p1b: Tyranitar|Knock Off|p2a: Hatterene\n|-damage|p2a: Hatterene|35/100\n|-enditem|p2a: Hatterene|Mental Herb|[from] move: Knock Off|[of] p1b: Tyranitar\n|\n|-weather|Sandstorm|[upkeep]\n|-damage|p2a: Hatterene|29/100|[from] Sandstorm\n|-damage|p2b: Farigiraf|88/100|[from] Sandstorm\n|upkeep\n|turn|3\n|inactive|AskGeeves has 30 seconds left.\n|\n|t:|1776093083\n|switch|p1b: Incineroar|Incineroar, L50, M|100/100\n|-ability|p1b: Incineroar|Intimidate|boost\n|-unboost|p2a: Hatterene|atk|1\n|-unboost|p2b: Farigiraf|atk|1\n|move|p2a: Hatterene|Dazzling Gleam|p1b: Incineroar|[spread] p1a,p1b\n|-resisted|p1a: Excadrill|1\n|-damage|p1a: Excadrill|77/100\n|-damage|p1b: Incineroar|69/100\n|move|p2b: Farigiraf|Hyper Voice|p1a: Excadrill|[spread] p1a,p1b\n|-resisted|p1a: Excadrill|1\n|-damage|p1a: Excadrill|54/100\n|-damage|p1b: Incineroar|39/100\n|-enditem|p1b: Incineroar|Sitrus Berry|[eat]\n|-heal|p1b: Incineroar|64/100|[from] item: Sitrus Berry\n|move|p1a: Excadrill|Iron Head|p2a: Hatterene\n|-supereffective|p2a: Hatterene|1\n|-damage|p2a: Hatterene|0 fnt\n|faint|p2a: Hatterene\n|\n|-weather|Sandstorm|[upkeep]\n|-damage|p1b: Incineroar|58/100|[from] Sandstorm\n|-damage|p2b: Farigiraf|82/100|[from] Sandstorm\n|upkeep\n|\n|t:|1776093106\n|switch|p2a: Slowking|Slowking-Galar, L50, F|100/100\n|turn|4\n|\n|t:|1776093127\n|move|p2a: Slowking|Toxic|p1b: Incineroar\n|-status|p1b: Incineroar|tox\n|move|p1b: Incineroar|Parting Shot|p2b: Farigiraf\n|-unboost|p2b: Farigiraf|atk|1\n|-unboost|p2b: Farigiraf|spa|1\n|\n|t:|1776093132\n|switch|p1b: Meganium|Meganium, L50, M|100/100|[from] Parting Shot\n|move|p2b: Farigiraf|Expanding Force|p1a: Excadrill|[spread] p1a,p1b\n|-resisted|p1a: Excadrill|1\n|-damage|p1a: Excadrill|30/100\n|-damage|p1b: Meganium|51/100\n|move|p1a: Excadrill|High Horsepower|p2a: Slowking\n|-supereffective|p2a: Slowking|1\n|-damage|p2a: Slowking|0 fnt\n|faint|p2a: Slowking\n|\n|-weather|Sandstorm|[upkeep]\n|-damage|p2b: Farigiraf|76/100|[from] Sandstorm\n|-damage|p1b: Meganium|45/100|[from] Sandstorm\n|upkeep\n|\n|t:|1776093150\n|switch|p2a: Meganium|Meganium, L50, F|100/100\n|turn|5\n|inactive|Zapdos79 has 30 seconds left.\n|\n|t:|1776093181\n|detailschange|p2a: Meganium|Meganium-Mega, L50, F\n|-mega|p2a: Meganium|Meganium|Meganiumite\n|detailschange|p1b: Meganium|Meganium-Mega, L50, M\n|-mega|p1b: Meganium|Meganium|Meganiumite\n|move|p1a: Excadrill|Protect|p1a: Excadrill\n|-singleturn|p1a: Excadrill|Protect\n|move|p2b: Farigiraf|Expanding Force|p1a: Excadrill|[spread] p1b\n|-activate|p1a: Excadrill|move: Protect\n|-damage|p1b: Meganium|4/100\n|move|p2a: Meganium|Weather Ball|p1b: Meganium\n|-supereffective|p1b: Meganium|1\n|-damage|p1b: Meganium|0 fnt\n|faint|p1b: Meganium\n|\n|-weather|none\n|-fieldend|move: Trick Room\n|-fieldend|move: Psychic Terrain\n|upkeep\n|\n|t:|1776093195\n|switch|p1b: Tyranitar|Tyranitar, L50, F|100/100\n|-weather|Sandstorm|[from] ability: Sand Stream|[of] p1b: Tyranitar\n|turn|6\n|inactive|AskGeeves has 30 seconds left.\n|\n|t:|1776093222\n|move|p2b: Farigiraf|Protect|p2b: Farigiraf\n|-singleturn|p2b: Farigiraf|Protect\n|move|p1a: Excadrill|Iron Head|p2a: Meganium\n|-supereffective|p2a: Meganium|1\n|-damage|p2a: Meganium|27/100\n|move|p1b: Tyranitar|Rock Slide|p2a: Meganium|[spread] p2a\n|-activate|p2b: Farigiraf|move: Protect\n|-damage|p2a: Meganium|0 fnt\n|faint|p2a: Meganium\n|\n|-weather|Sandstorm|[upkeep]\n|-damage|p2b: Farigiraf|70/100|[from] Sandstorm\n|upkeep\n|turn|7\n|-message|AskGeeves forfeited.\n|\n|win|Zapdos79\n|raw|Zapdos79's rating: 1072 &rarr; <strong>1103</strong><br />(+31 for winning)\n|raw|AskGeeves's rating: 1093 &rarr; <strong>1068</strong><br />(-25 for losing)\n|l|\u2606AskGeeves\n|player|p2|\n",
  "uploadtime": 1776093296,
  "views": 23,
  "formatid": "gen9championsvgc2026regma",
  "rating": 1068,
  "private": 0,
  "password": null
}