{
  "id": "gen9championsvgc2026regma-2585379044",
  "format": "[Gen 9 Champions] VGC 2026 Reg M-A",
  "players": [
    "lorofog",
    "StellarMunchlax"
  ],
  "log": "|j|\u2606lorofog\n|j|\u2606StellarMunchlax\n|t:|1776342825\n|gametype|doubles\n|player|p1|lorofog|265|1251\n|player|p2|StellarMunchlax|preschooler|1206\n|gen|9\n|tier|[Gen 9 Champions] VGC 2026 Reg M-A\n|rated|\n|rule|Species Clause: Limit one of each Pok\u00e9mon\n|rule|Item Clause: Limit 1 of each item\n|clearpoke\n|poke|p1|Emboar, L50, F|\n|poke|p1|Zoroark, L50, F|\n|poke|p1|Ninetales-Alola, L50, F|\n|poke|p1|Gyarados, L50, M|\n|poke|p1|Farigiraf, L50, F|\n|poke|p1|Scizor, L50, M|\n|poke|p2|Snorlax, L50, F|\n|poke|p2|Sinistcha, L50|\n|poke|p2|Milotic, L50, M|\n|poke|p2|Alakazam, L50, F|\n|poke|p2|Excadrill, L50, F|\n|poke|p2|Tyranitar, L50, F|\n|teampreview|4\n|inactive|Battle timer is ON: inactive players will automatically lose when time's up. (requested by StellarMunchlax)\n|\n|t:|1776342878\n|teamsize|p1|4\n|teamsize|p2|4\n|start\n|switch|p1a: Emboar|Emboar, L50, F|100/100\n|switch|p1b: Scizor|Scizor, L50, M|100/100\n|switch|p2a: Excadrill|Excadrill, L50, F|100/100\n|switch|p2b: Tyranitar|Tyranitar, L50, F|100/100\n|-ability|p2a: Excadrill|Mold Breaker\n|-weather|Sandstorm|[from] ability: Sand Stream|[of] p2b: Tyranitar\n|turn|1\n|inactive|StellarMunchlax has 30 seconds left.\n|inactive|StellarMunchlax has 20 seconds left.\n|\n|t:|1776342914\n|switch|p2a: Sinistcha|Sinistcha, L50|100/100\n|switch|p1a: Gyarados|Gyarados, L50, M|100/100\n|-ability|p1a: Gyarados|Intimidate|boost\n|-unboost|p2a: Sinistcha|atk|1\n|-unboost|p2b: Tyranitar|atk|1\n|move|p1b: Scizor|Close Combat|p2a: Sinistcha\n|-immune|p2a: Sinistcha\n|move|p2b: Tyranitar|Focus Energy|p2b: Tyranitar\n|-start|p2b: Tyranitar|move: Focus Energy\n|\n|-weather|Sandstorm|[upkeep]\n|-damage|p1a: Gyarados|95/100|[from] Sandstorm\n|-damage|p2a: Sinistcha|94/100|[from] Sandstorm\n|-heal|p1a: Gyarados|100/100|[from] item: Leftovers\n|upkeep\n|turn|2\n|\n|t:|1776342936\n|switch|p1a: Emboar|Emboar, L50, F|100/100\n|move|p2b: Tyranitar|Protect|p2b: Tyranitar\n|-singleturn|p2b: Tyranitar|Protect\n|move|p1b: Scizor|Bug Bite|p2a: Sinistcha\n|-damage|p2a: Sinistcha|45/100\n|move|p2a: Sinistcha|Trick Room|p2a: Sinistcha\n|-fieldstart|move: Trick Room|[of] p2a: Sinistcha\n|\n|-weather|Sandstorm|[upkeep]\n|-damage|p2a: Sinistcha|39/100|[from] Sandstorm\n|-damage|p1a: Emboar|95/100|[from] Sandstorm\n|upkeep\n|turn|3\n|\n|t:|1776342961\n|switch|p2a: Milotic|Milotic, L50, M|100/100\n|detailschange|p1a: Emboar|Emboar-Mega, L50, F\n|-mega|p1a: Emboar|Emboar|Emboarite\n|-ability|p1a: Emboar|Mold Breaker\n|move|p2b: Tyranitar|Rock Slide|p1a: Emboar|[spread] p1a,p1b\n|-crit|p1a: Emboar\n|-crit|p1b: Scizor\n|-damage|p1a: Emboar|45/100\n|-damage|p1b: Scizor|51/100\n|move|p1b: Scizor|Bug Bite|p2a: Milotic\n|-damage|p2a: Milotic|54/100\n|move|p1a: Emboar|Drain Punch|p2b: Tyranitar\n|-supereffective|p2b: Tyranitar|2\n|-damage|p2b: Tyranitar|0 fnt\n|-heal|p1a: Emboar|100/100|[from] drain|[of] p2b: Tyranitar\n|faint|p2b: Tyranitar\n|\n|-weather|Sandstorm|[upkeep]\n|-damage|p1a: Emboar|95/100|[from] Sandstorm\n|-damage|p2a: Milotic|49/100|[from] Sandstorm\n|-heal|p2a: Milotic|54/100|[from] item: Leftovers\n|upkeep\n|\n|t:|1776342984\n|switch|p2b: Excadrill|Excadrill, L50, F|100/100\n|-ability|p2b: Excadrill|Mold Breaker\n|turn|4\n|\n|t:|1776343005\n|move|p2b: Excadrill|Protect|p2b: Excadrill\n|-singleturn|p2b: Excadrill|Protect\n|move|p1b: Scizor|Bug Bite|p2a: Milotic\n|-damage|p2a: Milotic|12/100\n|move|p1a: Emboar|Drain Punch|p2b: Excadrill\n|-activate|p2b: Excadrill|move: Protect\n|move|p2a: Milotic|Scald|p1a: Emboar\n|-supereffective|p1a: Emboar|1\n|-damage|p1a: Emboar|46/100\n|\n|-weather|Sandstorm|[upkeep]\n|-damage|p1a: Emboar|40/100|[from] Sandstorm\n|-damage|p2a: Milotic|6/100|[from] Sandstorm\n|-heal|p2a: Milotic|12/100|[from] item: Leftovers\n|upkeep\n|turn|5\n|inactive|StellarMunchlax has 30 seconds left.\n|\n|t:|1776343039\n|switch|p2b: Sinistcha|Sinistcha, L50|39/100\n|-heal|p2a: Milotic|37/100|[from] ability: Hospitality|[of] p2b: Sinistcha\n|move|p2a: Milotic|Protect|p2a: Milotic\n|-singleturn|p2a: Milotic|Protect\n|move|p1b: Scizor|Bug Bite|p2a: Milotic\n|-activate|p2a: Milotic|move: Protect\n|move|p1a: Emboar|Flare Blitz|p2b: Sinistcha\n|-supereffective|p2b: Sinistcha|1\n|-crit|p2b: Sinistcha\n|-damage|p2b: Sinistcha|0 fnt\n|faint|p2b: Sinistcha\n|-damage|p1a: Emboar|28/100|[from] Recoil\n|\n|-weather|none\n|-heal|p2a: Milotic|43/100|[from] item: Leftovers\n|upkeep\n|\n|t:|1776343057\n|switch|p2b: Excadrill|Excadrill, L50, F|100/100\n|-ability|p2b: Excadrill|Mold Breaker\n|turn|6\n|\n|t:|1776343071\n|detailschange|p2b: Excadrill|Excadrill-Mega, L50, F\n|-mega|p2b: Excadrill|Excadrill|Excadrite\n|move|p1b: Scizor|Bug Bite|p2a: Milotic\n|-damage|p2a: Milotic|0 fnt\n|faint|p2a: Milotic\n|move|p1a: Emboar|Drain Punch|p2b: Excadrill\n|-supereffective|p2b: Excadrill|1\n|-damage|p2b: Excadrill|12/100\n|-heal|p1a: Emboar|75/100|[from] drain|[of] p2b: Excadrill\n|move|p2b: Excadrill|High Horsepower|p1a: Emboar\n|-supereffective|p1a: Emboar|1\n|-damage|p1a: Emboar|0 fnt\n|faint|p1a: Emboar\n|\n|-fieldend|move: Trick Room\n|upkeep\n|\n|t:|1776343086\n|switch|p1a: Gyarados|Gyarados, L50, M|100/100\n|-ability|p1a: Gyarados|Intimidate|boost\n|-unboost|p2b: Excadrill|atk|1\n|turn|7\n|-message|StellarMunchlax forfeited.\n|\n|win|lorofog\n|raw|lorofog's rating: 1251 &rarr; <strong>1273</strong><br />(+22 for winning)\n|raw|StellarMunchlax's rating: 1206 &rarr; <strong>1184</strong><br />(-22 for losing)\n|l|\u2606StellarMunchlax\n|player|p2|\n",
  "uploadtime": 1776343101,
  "views": 64,
  "formatid": "gen9championsvgc2026regma",
  "rating": 1184,
  "private": 0,
  "password": null
}