{
  "id": "gen9championsvgc2026regma-2589418592",
  "format": "[Gen 9 Champions] VGC 2026 Reg M-A",
  "players": [
    "phuaut",
    "oooooboi"
  ],
  "log": "|j|\u2606phuaut\n|j|\u2606oooooboi\n|t:|1776721324\n|gametype|doubles\n|player|p1|phuaut|striker|1048\n|player|p2|oooooboi|265|1082\n|gen|9\n|tier|[Gen 9 Champions] VGC 2026 Reg M-A\n|rated|\n|rule|Species Clause: Limit one of each Pok\u00e9mon\n|rule|Item Clause: Limit 1 of each item\n|clearpoke\n|poke|p1|Castform, L50, F|\n|poke|p1|Pelipper, L50, F|\n|poke|p1|Torkoal, L50, F|\n|poke|p1|Tyranitar, L50, M|\n|poke|p1|Meganium, L50, M|\n|poke|p1|Abomasnow, L50, M|\n|poke|p2|Aggron, L50, M|\n|poke|p2|Incineroar, L50, M|\n|poke|p2|Sinistcha, L50|\n|poke|p2|Pelipper, L50, M|\n|poke|p2|Basculegion, L50, M|\n|poke|p2|Archaludon, L50, F|\n|teampreview|4\n|c|\u2606oooooboi|how many weather you need\n|c|\u2606oooooboi|gotta catch em all ahh team\n|c|\u2606phuaut|yes\n|c|\u2606oooooboi|lol\n|c|\u2606oooooboi|glhf\n|\n|t:|1776721412\n|teamsize|p1|4\n|teamsize|p2|4\n|start\n|switch|p1a: Castform|Castform, L50, F|100/100\n|switch|p1b: Torkoal|Torkoal, L50, F|100/100\n|switch|p2a: The Wall|Aggron, L50, M|100/100\n|switch|p2b: Incineroar|Incineroar, L50, M|100/100\n|-ability|p2b: Incineroar|Intimidate|boost\n|-unboost|p1a: Castform|atk|1\n|-unboost|p1b: Torkoal|atk|1\n|-weather|SunnyDay|[from] ability: Drought|[of] p1b: Torkoal\n|-formechange|p1a: Castform|Castform-Sunny|[msg]|[from] ability: Forecast\n|turn|1\n|c|\u2606phuaut|hurry up\n|\n|t:|1776721430\n|switch|p1b: Pelipper|Pelipper, L50, F|100/100\n|-weather|RainDance|[from] ability: Drizzle|[of] p1b: Pelipper\n|-formechange|p1a: Castform|Castform-Rainy|[msg]|[from] ability: Forecast\n|detailschange|p2a: The Wall|Aggron-Mega, L50, M\n|-mega|p2a: The Wall|Aggron|Aggronite\n|move|p2a: The Wall|Protect|p2a: The Wall\n|-singleturn|p2a: The Wall|Protect\n|move|p2b: Incineroar|Fake Out|p1b: Pelipper\n|-damage|p1b: Pelipper|88/100\n|move|p1a: Castform|Weather Ball|p2b: Incineroar\n|-supereffective|p2b: Incineroar|1\n|-damage|p2b: Incineroar|10/100\n|-enditem|p2b: Incineroar|Sitrus Berry|[eat]\n|-heal|p2b: Incineroar|35/100|[from] item: Sitrus Berry\n|\n|-weather|RainDance|[upkeep]\n|upkeep\n|turn|2\n|\n|t:|1776721459\n|switch|p1b: Torkoal|Torkoal, L50, F|100/100\n|-weather|SunnyDay|[from] ability: Drought|[of] p1b: Torkoal\n|-formechange|p1a: Castform|Castform-Sunny|[msg]|[from] ability: Forecast\n|move|p1a: Castform|Weather Ball|p2a: The Wall\n|-supereffective|p2a: The Wall|1\n|-damage|p2a: The Wall|32/100\n|move|p2b: Incineroar|Parting Shot|p1a: Castform\n|-unboost|p1a: Castform|atk|1\n|-unboost|p1a: Castform|spa|1\n|\n|t:|1776721470\n|switch|p2b: Pelipper|Pelipper, L50, M|100/100|[from] Parting Shot\n|-weather|RainDance|[from] ability: Drizzle|[of] p2b: Pelipper\n|-formechange|p1a: Castform|Castform-Rainy|[msg]|[from] ability: Forecast\n|move|p2a: The Wall|Body Press|p1a: Castform\n|-damage|p1a: Castform|37/100\n|\n|-weather|RainDance|[upkeep]\n|upkeep\n|turn|3\n|\n|t:|1776721483\n|switch|p2b: Sinistcha|Sinistcha, L50|100/100\n|-heal|p2a: The Wall|57/100|[from] ability: Hospitality|[of] p2b: Sinistcha\n|move|p2a: The Wall|Protect|p2a: The Wall\n|-singleturn|p2a: The Wall|Protect\n|move|p1a: Castform|Thunderbolt|p2b: Sinistcha\n|-resisted|p2b: Sinistcha|1\n|-damage|p2b: Sinistcha|93/100\n|move|p1b: Torkoal|Eruption|p2b: Sinistcha|[spread] p2b\n|-activate|p2a: The Wall|move: Protect\n|-supereffective|p2b: Sinistcha|1\n|-damage|p2b: Sinistcha|43/100\n|\n|-weather|RainDance|[upkeep]\n|-heal|p2b: Sinistcha|49/100|[from] item: Leftovers\n|upkeep\n|turn|4\n|\n|t:|1776721515\n|switch|p1b: Pelipper|Pelipper, L50, F|88/100\n|move|p1a: Castform|Protect|p1a: Castform\n|-singleturn|p1a: Castform|Protect\n|move|p2b: Sinistcha|Matcha Gotcha|p1b: Pelipper|[spread] p1b\n|-activate|p1a: Castform|move: Protect\n|-damage|p1b: Pelipper|46/100\n|-heal|p2b: Sinistcha|65/100|[from] drain|[of] p1b: Pelipper\n|move|p2a: The Wall|Body Press|p1b: Pelipper\n|-resisted|p1b: Pelipper|1\n|-damage|p1b: Pelipper|27/100\n|\n|-weather|RainDance|[upkeep]\n|-heal|p2b: Sinistcha|71/100|[from] item: Leftovers\n|upkeep\n|turn|5\n|\n|t:|1776721540\n|switch|p1a: Tyranitar|Tyranitar, L50, M|100/100\n|-weather|Sandstorm|[from] ability: Sand Stream|[of] p1a: Tyranitar\n|move|p1b: Pelipper|Hurricane|p2b: Sinistcha\n|-supereffective|p2b: Sinistcha|1\n|-damage|p2b: Sinistcha|0 fnt\n|faint|p2b: Sinistcha\n|move|p2a: The Wall|Body Press|p1a: Tyranitar\n|-supereffective|p1a: Tyranitar|2\n|-crit|p1a: Tyranitar\n|-damage|p1a: Tyranitar|0 fnt\n|faint|p1a: Tyranitar\n|\n|-weather|Sandstorm|[upkeep]\n|-damage|p1b: Pelipper|21/100|[from] Sandstorm\n|upkeep\n|\n|t:|1776721554\n|switch|p2b: Pelipper|Pelipper, L50, M|100/100\n|switch|p1a: Castform|Castform, L50, F|37/100\n|-weather|RainDance|[from] ability: Drizzle|[of] p2b: Pelipper\n|-formechange|p1a: Castform|Castform-Rainy|[msg]|[from] ability: Forecast\n|turn|6\n|\n|t:|1776721567\n|switch|p1b: Torkoal|Torkoal, L50, F|100/100\n|-weather|SunnyDay|[from] ability: Drought|[of] p1b: Torkoal\n|-formechange|p1a: Castform|Castform-Sunny|[msg]|[from] ability: Forecast\n|move|p2a: The Wall|Protect|p2a: The Wall\n|-singleturn|p2a: The Wall|Protect\n|move|p1a: Castform|Thunderbolt|p2b: Pelipper\n|-supereffective|p2b: Pelipper|2\n|-enditem|p2b: Pelipper|Focus Sash\n|-damage|p2b: Pelipper|1/100\n|move|p2b: Pelipper|Hurricane|p1a: Castform|[miss]\n|-miss|p2b: Pelipper|p1a: Castform\n|\n|-weather|SunnyDay|[upkeep]\n|upkeep\n|turn|7\n|\n|t:|1776721589\n|switch|p2a: Incineroar|Incineroar, L50, M|35/100\n|-ability|p2a: Incineroar|Intimidate|boost\n|-unboost|p1a: Castform|atk|1\n|-unboost|p1b: Torkoal|atk|1\n|move|p2b: Pelipper|Protect|p2b: Pelipper\n|-singleturn|p2b: Pelipper|Protect\n|move|p1a: Castform|Thunderbolt|p2b: Pelipper\n|-activate|p2b: Pelipper|move: Protect\n|move|p1b: Torkoal|Eruption|p2b: Pelipper|[spread] p2a\n|-activate|p2b: Pelipper|move: Protect\n|-resisted|p2a: Incineroar|1\n|-damage|p2a: Incineroar|1/100\n|\n|-weather|SunnyDay|[upkeep]\n|upkeep\n|turn|8\n|c|\u2606oooooboi|that was lucky\n|\n|t:|1776721622\n|move|p1a: Castform|Protect|p1a: Castform\n|-singleturn|p1a: Castform|Protect\n|move|p2a: Incineroar|Fake Out|p1b: Torkoal\n|-damage|p1b: Torkoal|92/100\n|move|p2b: Pelipper|Weather Ball|p1a: Castform\n|-activate|p1a: Castform|move: Protect\n|cant|p1b: Torkoal|flinch\n|\n|-weather|SunnyDay|[upkeep]\n|upkeep\n|turn|9\n|\n|t:|1776721645\n|move|p1a: Castform|Thunderbolt|p2b: Pelipper\n|-supereffective|p2b: Pelipper|2\n|-damage|p2b: Pelipper|0 fnt\n|faint|p2b: Pelipper\n|move|p2a: Incineroar|Darkest Lariat|p1a: Castform\n|-damage|p1a: Castform|0 fnt\n|faint|p1a: Castform\n|move|p1b: Torkoal|Eruption|p2a: Incineroar\n|-resisted|p2a: Incineroar|1\n|-damage|p2a: Incineroar|0 fnt\n|faint|p2a: Incineroar\n|\n|-weather|SunnyDay|[upkeep]\n|upkeep\n|\n|t:|1776721658\n|switch|p1a: Pelipper|Pelipper, L50, F|21/100\n|switch|p2b: The Wall|Aggron-Mega, L50, M|57/100\n|-weather|RainDance|[from] ability: Drizzle|[of] p1a: Pelipper\n|turn|10\n|\n|t:|1776721675\n|move|p1a: Pelipper|Roost|p1a: Pelipper\n|-heal|p1a: Pelipper|72/100\n|-singleturn|p1a: Pelipper|move: Roost\n|move|p2b: The Wall|Body Press|p1b: Torkoal\n|-damage|p1b: Torkoal|64/100\n|move|p1b: Torkoal|Eruption|p2b: The Wall\n|-supereffective|p2b: The Wall|1\n|-damage|p2b: The Wall|31/100\n|\n|-weather|RainDance|[upkeep]\n|upkeep\n|turn|11\n|\n|t:|1776721688\n|move|p1a: Pelipper|Roost|p1a: Pelipper\n|-heal|p1a: Pelipper|100/100\n|-singleturn|p1a: Pelipper|move: Roost\n|move|p2b: The Wall|Iron Defense|p2b: The Wall\n|-boost|p2b: The Wall|def|2\n|move|p1b: Torkoal|Eruption|p2b: The Wall\n|-supereffective|p2b: The Wall|1\n|-damage|p2b: The Wall|3/100\n|\n|-weather|RainDance|[upkeep]\n|upkeep\n|turn|12\n|\n|t:|1776721700\n|move|p1a: Pelipper|Roost||[still]\n|-fail|p1a: Pelipper|heal\n|move|p2b: The Wall|Body Press|p1b: Torkoal\n|-damage|p1b: Torkoal|13/100\n|move|p1b: Torkoal|Eruption|p2b: The Wall\n|-supereffective|p2b: The Wall|1\n|-damage|p2b: The Wall|0 fnt\n|faint|p2b: The Wall\n|\n|win|phuaut\n|raw|phuaut's rating: 1048 &rarr; <strong>1084</strong><br />(+36 for winning)\n|raw|oooooboi's rating: 1082 &rarr; <strong>1058</strong><br />(-24 for losing)\n|c|\u2606oooooboi|gg wp\n|c|\u2606oooooboi|great team\n|c|\u2606phuaut|ty\n|l|\u2606phuaut\n|player|p1|\n",
  "uploadtime": 1776721725,
  "views": 4,
  "formatid": "gen9championsvgc2026regma",
  "rating": 1058,
  "private": 0,
  "password": null
}