{
  "id": "gen9championsvgc2026regma-2585921610",
  "format": "[Gen 9 Champions] VGC 2026 Reg M-A",
  "players": [
    "shadowluffy2002",
    "ToiletClogger456"
  ],
  "log": "|j|\u2606shadowluffy2002\n|j|\u2606ToiletClogger456\n|t:|1776381675\n|gametype|doubles\n|player|p1|shadowluffy2002|170|1513\n|player|p2|ToiletClogger456|barry|1434\n|gen|9\n|tier|[Gen 9 Champions] VGC 2026 Reg M-A\n|rated|\n|rule|Species Clause: Limit one of each Pok\u00e9mon\n|rule|Item Clause: Limit 1 of each item\n|clearpoke\n|poke|p1|Basculegion, L50, M|\n|poke|p1|Archaludon, L50, M|\n|poke|p1|Pelipper, L50, M|\n|poke|p1|Farigiraf, L50, F|\n|poke|p1|Sneasler, L50, M|\n|poke|p1|Delphox, L50, F|\n|poke|p2|Sylveon, L50, M|\n|poke|p2|Incineroar, L50, F|\n|poke|p2|Chesnaught, L50, F|\n|poke|p2|Kleavor, L50, M|\n|poke|p2|Corviknight, L50, M|\n|poke|p2|Chimecho, L50, F|\n|teampreview|4\nshadowluffy2002 has agreed to open team sheets.\n|\n|t:|1776381731\n|teamsize|p1|4\n|teamsize|p2|4\n|start\n|switch|p1a: Archaludon|Archaludon, L50, M|100/100\n|switch|p1b: Basculegion|Basculegion, L50, M|100/100\n|switch|p2a: Kleavor|Kleavor, L50, M|100/100\n|switch|p2b: Incineroar|Incineroar, L50, F|100/100\n|-ability|p2b: Incineroar|Intimidate|boost\n|-unboost|p1a: Archaludon|atk|1\n|-unboost|p1b: Basculegion|atk|1\n|turn|1\n|\n|t:|1776381767\n|move|p2a: Kleavor|Stone Axe|p1b: Basculegion\n|-damage|p1b: Basculegion|48/100\n|-sidestart|p1: shadowluffy2002|move: Stealth Rock\n|move|p1b: Basculegion|Wave Crash|p2a: Kleavor\n|-supereffective|p2a: Kleavor|1\n|-damage|p2a: Kleavor|0 fnt\n|faint|p2a: Kleavor\n|-damage|p1b: Basculegion|18/100|[from] Recoil\n|move|p1a: Archaludon|Flash Cannon|p2b: Incineroar\n|-resisted|p2b: Incineroar|1\n|-damage|p2b: Incineroar|88/100\n|-unboost|p2b: Incineroar|spd|1\n|move|p2b: Incineroar|Parting Shot|p1a: Archaludon\n|-unboost|p1a: Archaludon|atk|1\n|-unboost|p1a: Archaludon|spa|1\n|\n|t:|1776381784\n|switch|p2b: Sylveon|Sylveon, L50, M|100/100|[from] Parting Shot\n|\n|upkeep\n|\n|t:|1776381787\n|switch|p2a: Incineroar|Incineroar, L50, F|88/100\n|-ability|p2a: Incineroar|Intimidate|boost\n|-unboost|p1a: Archaludon|atk|1\n|-unboost|p1b: Basculegion|atk|1\n|turn|2\n|\n|t:|1776381799\n|switch|p1b: Pelipper|Pelipper, L50, M|100/100\n|-damage|p1b: Pelipper|76/100|[from] Stealth Rock\n|-weather|RainDance|[from] ability: Drizzle|[of] p1b: Pelipper\n|switch|p2a: Chimecho|Chimecho, L50, F|100/100\n|move|p1a: Archaludon|Electro Shot||[still]\n|-prepare|p1a: Archaludon|Electro Shot\n|-boost|p1a: Archaludon|spa|1\n|-anim|p1a: Archaludon|Electro Shot|p2b: Sylveon\n|-damage|p2b: Sylveon|73/100\n|move|p2b: Sylveon|Yawn|p1a: Archaludon\n|-start|p1a: Archaludon|move: Yawn|[of] p2b: Sylveon\n|\n|-weather|RainDance|[upkeep]\n|-heal|p2b: Sylveon|79/100|[from] item: Leftovers\n|upkeep\n|turn|3\n|\n|t:|1776381819\n|switch|p1a: Delphox|Delphox, L50, F|100/100\n|-damage|p1a: Delphox|76/100|[from] Stealth Rock\n|detailschange|p2a: Chimecho|Chimecho-Mega, L50, F\n|-mega|p2a: Chimecho|Chimecho|Chimechite\n|move|p2b: Sylveon|Detect|p2b: Sylveon\n|-singleturn|p2b: Sylveon|Protect\n|move|p1b: Pelipper|Weather Ball|p2b: Sylveon\n|-activate|p2b: Sylveon|move: Protect\n|move|p2a: Chimecho|Yawn|p1a: Delphox\n|-start|p1a: Delphox|move: Yawn|[of] p2a: Chimecho\n|\n|-weather|RainDance|[upkeep]\n|-heal|p2b: Sylveon|85/100|[from] item: Leftovers\n|upkeep\n|turn|4\n|\n|t:|1776381835\n|switch|p1a: Archaludon|Archaludon, L50, M|100/100\n|-damage|p1a: Archaludon|94/100|[from] Stealth Rock\n|move|p1b: Pelipper|Weather Ball|p2b: Sylveon\n|-damage|p2b: Sylveon|37/100\n|move|p2a: Chimecho|Yawn|p1a: Archaludon\n|-start|p1a: Archaludon|move: Yawn|[of] p2a: Chimecho\n|move|p2b: Sylveon|Yawn|p1b: Pelipper\n|-start|p1b: Pelipper|move: Yawn|[of] p2b: Sylveon\n|\n|-weather|RainDance|[upkeep]\n|-heal|p2b: Sylveon|43/100|[from] item: Leftovers\n|upkeep\n|turn|5\n|\n|t:|1776381862\n|switch|p1a: Delphox|Delphox, L50, F|76/100\n|-damage|p1a: Delphox|51/100|[from] Stealth Rock\n|move|p1b: Pelipper|Weather Ball|p2b: Sylveon\n|-damage|p2b: Sylveon|0 fnt\n|faint|p2b: Sylveon\n|move|p2a: Chimecho|Yawn|p1a: Delphox\n|-start|p1a: Delphox|move: Yawn|[of] p2a: Chimecho\n|\n|-weather|RainDance|[upkeep]\n|-end|p1b: Pelipper|move: Yawn|[silent]\n|-status|p1b: Pelipper|slp\n|upkeep\n|\n|t:|1776381867\n|switch|p2b: Incineroar|Incineroar, L50, F|88/100\n|-ability|p2b: Incineroar|Intimidate|boost\n|-unboost|p1a: Delphox|atk|1\n|-unboost|p1b: Pelipper|atk|1\n|turn|6\n|\n|t:|1776381884\n|switch|p1b: Basculegion|Basculegion, L50, M|18/100\n|-damage|p1b: Basculegion|6/100|[from] Stealth Rock\n|move|p1a: Delphox|Protect|p1a: Delphox\n|-singleturn|p1a: Delphox|Protect\n|move|p2a: Chimecho|Recover||[still]\n|-fail|p2a: Chimecho|heal\n|move|p2b: Incineroar|Throat Chop|p1b: Basculegion\n|-supereffective|p1b: Basculegion|1\n|-damage|p1b: Basculegion|0 fnt\n|faint|p1b: Basculegion\n|\n|-weather|none\n|-end|p1a: Delphox|move: Yawn|[silent]\n|-status|p1a: Delphox|slp\n|upkeep\n|\n|t:|1776381900\n|switch|p1b: Archaludon|Archaludon, L50, M|94/100\n|-damage|p1b: Archaludon|88/100|[from] Stealth Rock\n|turn|7\n|\n|t:|1776381908\n|switch|p1a: Pelipper|Pelipper, L50, M|76/100 slp\n|-damage|p1a: Pelipper|52/100 slp|[from] Stealth Rock\n|-weather|RainDance|[from] ability: Drizzle|[of] p1a: Pelipper\n|move|p1b: Archaludon|Electro Shot||[still]\n|-prepare|p1b: Archaludon|Electro Shot\n|-boost|p1b: Archaludon|spa|1\n|-anim|p1b: Archaludon|Electro Shot|p2b: Incineroar\n|-damage|p2b: Incineroar|40/100\n|-enditem|p2b: Incineroar|Sitrus Berry|[eat]\n|-heal|p2b: Incineroar|65/100|[from] item: Sitrus Berry\n|move|p2a: Chimecho|Yawn|p1b: Archaludon\n|-start|p1b: Archaludon|move: Yawn|[of] p2a: Chimecho\n|move|p2b: Incineroar|Throat Chop|p1a: Pelipper\n|-damage|p1a: Pelipper|12/100 slp\n|-start|p1a: Pelipper|Throat Chop|[silent]\n|\n|-weather|RainDance|[upkeep]\n|upkeep\n|turn|8\n|\n|t:|1776381928\n|move|p1b: Archaludon|Electro Shot||[still]\n|-prepare|p1b: Archaludon|Electro Shot\n|-boost|p1b: Archaludon|spa|1\n|-anim|p1b: Archaludon|Electro Shot|p2b: Incineroar\n|-damage|p2b: Incineroar|1/100\n|cant|p1a: Pelipper|slp\n|move|p2a: Chimecho|Psyshock|p1a: Pelipper\n|-damage|p1a: Pelipper|0 fnt\n|faint|p1a: Pelipper\n|move|p2b: Incineroar|Parting Shot|p1b: Archaludon\n|-unboost|p1b: Archaludon|atk|1\n|-unboost|p1b: Archaludon|spa|1\n|\n|-weather|RainDance|[upkeep]\n|-end|p1b: Archaludon|move: Yawn|[silent]\n|-status|p1b: Archaludon|slp\n|upkeep\n|\n|t:|1776381935\n|switch|p1a: Delphox|Delphox, L50, F|51/100 slp\n|-damage|p1a: Delphox|27/100 slp|[from] Stealth Rock\n|turn|9\n|\n|t:|1776381946\n|detailschange|p1a: Delphox|Delphox-Mega, L50, F\n|-mega|p1a: Delphox|Delphox|Delphoxite\n|cant|p1a: Delphox|slp\n|cant|p1b: Archaludon|slp\n|move|p2a: Chimecho|Flash Cannon|p1b: Archaludon\n|-resisted|p1b: Archaludon|1\n|-damage|p1b: Archaludon|69/100 slp\n|-ability|p1b: Archaludon|Stamina|boost\n|-boost|p1b: Archaludon|def|1\n|move|p2b: Incineroar|Throat Chop|p1a: Delphox\n|-supereffective|p1a: Delphox|1\n|-damage|p1a: Delphox|0 fnt\n|faint|p1a: Delphox\n|\n|-weather|RainDance|[upkeep]\n|upkeep\n|turn|10\n|\n|t:|1776381954\n|cant|p1b: Archaludon|slp\n|move|p2a: Chimecho|Flash Cannon|p1b: Archaludon\n|-resisted|p1b: Archaludon|1\n|-damage|p1b: Archaludon|49/100 slp\n|-ability|p1b: Archaludon|Stamina|boost\n|-boost|p1b: Archaludon|def|1\n|move|p2b: Incineroar|Parting Shot|p1b: Archaludon\n|-unboost|p1b: Archaludon|atk|1\n|-unboost|p1b: Archaludon|spa|1\n|\n|-weather|RainDance|[upkeep]\n|upkeep\n|turn|11\n|\n|t:|1776381964\n|-curestatus|p1b: Archaludon|slp|[msg]\n|move|p1b: Archaludon|Electro Shot||[still]\n|-prepare|p1b: Archaludon|Electro Shot\n|-boost|p1b: Archaludon|spa|1\n|-anim|p1b: Archaludon|Electro Shot|p2b: Incineroar\n|-damage|p2b: Incineroar|0 fnt\n|faint|p2b: Incineroar\n|move|p2a: Chimecho|Yawn|p1b: Archaludon\n|-start|p1b: Archaludon|move: Yawn|[of] p2a: Chimecho\n|\n|-weather|none\n|upkeep\n|turn|12\n|\n|t:|1776381975\n|move|p1b: Archaludon|Flash Cannon|p2a: Chimecho\n|-resisted|p2a: Chimecho|1\n|-damage|p2a: Chimecho|75/100\n|move|p2a: Chimecho|Flash Cannon|p1b: Archaludon\n|-resisted|p1b: Archaludon|1\n|-damage|p1b: Archaludon|29/100\n|-ability|p1b: Archaludon|Stamina|boost\n|-boost|p1b: Archaludon|def|1\n|\n|-end|p1b: Archaludon|move: Yawn|[silent]\n|-status|p1b: Archaludon|slp\n|upkeep\n|turn|13\n|\n|t:|1776381980\n|cant|p1b: Archaludon|slp\n|move|p2a: Chimecho|Flash Cannon|p1b: Archaludon\n|-resisted|p1b: Archaludon|1\n|-damage|p1b: Archaludon|9/100 slp\n|-ability|p1b: Archaludon|Stamina|boost\n|-boost|p1b: Archaludon|def|1\n|\n|upkeep\n|turn|14\n|\n|t:|1776381982\n|cant|p1b: Archaludon|slp\n|move|p2a: Chimecho|Flash Cannon|p1b: Archaludon\n|-resisted|p1b: Archaludon|1\n|-damage|p1b: Archaludon|0 fnt\n|faint|p1b: Archaludon\n|\n|win|ToiletClogger456\n|raw|shadowluffy2002's rating: 1513 &rarr; <strong>1489</strong><br />(-24 for losing)\n|raw|ToiletClogger456's rating: 1434 &rarr; <strong>1458</strong><br />(+24 for winning)\n|l|\u2606shadowluffy2002\n|player|p1|\n",
  "uploadtime": 1776381991,
  "views": 30,
  "formatid": "gen9championsvgc2026regma",
  "rating": 1458,
  "private": 0,
  "password": null
}