{
  "id": "gen9championsvgc2026regma-2587769338",
  "format": "[Gen 9 Champions] VGC 2026 Reg M-A",
  "players": [
    "sweepy boi",
    "AidzPlayz"
  ],
  "log": "|j|\u2606sweepy boi\n|j|\u2606AidzPlayz\n|t:|1776562150\n|gametype|doubles\n|player|p1|sweepy boi|skyla|1310\n|player|p2|AidzPlayz|ghetsis-gen5bw|1397\n|gen|9\n|tier|[Gen 9 Champions] VGC 2026 Reg M-A\n|rated|\n|rule|Species Clause: Limit one of each Pok\u00e9mon\n|rule|Item Clause: Limit 1 of each item\n|clearpoke\n|poke|p1|Palafin, L50, M|\n|poke|p1|Sinistcha, L50|\n|poke|p1|Aegislash, L50, M|\n|poke|p1|Manectric, L50, F|\n|poke|p1|Pelipper, L50, M|\n|poke|p1|Heliolisk, L50, F|\n|poke|p2|Aerodactyl, L50, M|\n|poke|p2|Incineroar, L50, M|\n|poke|p2|Floette-Eternal, L50, F|\n|poke|p2|Basculegion, L50, M|\n|poke|p2|Garchomp, L50, F|\n|poke|p2|Sneasler, L50, F|\n|teampreview|4\n|inactive|Battle timer is ON: inactive players will automatically lose when time's up. (requested by AidzPlayz)\n|\n|t:|1776562182\n|teamsize|p1|4\n|teamsize|p2|4\n|start\n|switch|p1a: Palafin|Palafin, L50, M|100/100\n|switch|p1b: Manectric|Manectric, L50, F|100/100\n|switch|p2a: Aerodactyl|Aerodactyl, L50, M|100/100\n|switch|p2b: Garchomp|Garchomp, L50, F|100/100\n|-ability|p2a: Aerodactyl|Unnerve\n|turn|1\n|inactive|sweepy boi has 30 seconds left.\n|\n|t:|1776562214\n|detailschange|p1b: Manectric|Manectric-Mega, L50, F\n|-mega|p1b: Manectric|Manectric|Manectite\n|-ability|p1b: Manectric|Intimidate|boost\n|-unboost|p2a: Aerodactyl|atk|1\n|-unboost|p2b: Garchomp|atk|1\n|move|p1b: Manectric|Volt Switch|p2a: Aerodactyl\n|-supereffective|p2a: Aerodactyl|1\n|-damage|p2a: Aerodactyl|14/100\n|\n|t:|1776562225\n|switch|p1b: Pelipper|Pelipper, L50, M|100/100|[from] Volt Switch\n|-weather|RainDance|[from] ability: Drizzle|[of] p1b: Pelipper\n|move|p2a: Aerodactyl|Tailwind|p2a: Aerodactyl\n|-sidestart|p2: AidzPlayz|move: Tailwind\n|move|p2b: Garchomp|Earthquake|p1b: Pelipper|[spread] p1a\n|-immune|p2a: Aerodactyl\n|-immune|p1b: Pelipper\n|-damage|p1a: Palafin|68/100\n|move|p1a: Palafin|Flip Turn|p2a: Aerodactyl\n|-supereffective|p2a: Aerodactyl|1\n|-damage|p2a: Aerodactyl|0 fnt\n|faint|p2a: Aerodactyl\n|\n|t:|1776562243\n|detailschange|p1a: Palafin|Palafin-Hero, L50, M\n|switch|p1a: Manectric|Manectric-Mega, L50, F|100/100|[from] Flip Turn\n|-ability|p1a: Manectric|Intimidate|boost\n|-unboost|p2b: Garchomp|atk|1\n|\n|-weather|RainDance|[upkeep]\n|upkeep\n|\n|t:|1776562253\n|switch|p2a: Floette|Floette-Eternal, L50, F|100/100\n|turn|2\n|\n|t:|1776562264\n|detailschange|p2a: Floette|Floette-Mega, L50, F\n|-mega|p2a: Floette|Floette|Floettite\n|-ability|p2a: Floette|Fairy Aura\n|move|p2b: Garchomp|Protect|p2b: Garchomp\n|-singleturn|p2b: Garchomp|Protect\n|move|p2a: Floette|Moonblast|p1a: Manectric\n|-damage|p1a: Manectric|0 fnt\n|faint|p1a: Manectric\n|move|p1b: Pelipper|Tailwind|p1b: Pelipper\n|-sidestart|p1: sweepy boi|move: Tailwind\n|\n|-weather|RainDance|[upkeep]\n|upkeep\n|\n|t:|1776562287\n|switch|p1a: Palafin|Palafin-Hero, L50, M|68/100\n|-activate|p1a: Palafin|ability: Zero to Hero\n|turn|3\n|\n|t:|1776562305\n|move|p2a: Floette|Protect|p2a: Floette\n|-singleturn|p2a: Floette|Protect\n|move|p2b: Garchomp|Rock Slide|p1b: Pelipper|[spread] \n|-miss|p2b: Garchomp|p1a: Palafin\n|-miss|p2b: Garchomp|p1b: Pelipper\n|move|p1a: Palafin|Wave Crash|p2a: Floette\n|-activate|p2a: Floette|move: Protect\n|move|p1b: Pelipper|Hurricane|p2b: Garchomp\n|-damage|p2b: Garchomp|57/100\n|\n|-weather|RainDance|[upkeep]\n|upkeep\n|turn|4\n|inactive|AidzPlayz has 30 seconds left.\n|\n|t:|1776562335\n|switch|p2a: Basculegion|Basculegion, L50, M|100/100\n|move|p2b: Garchomp|Rock Slide|p1a: Palafin|[spread] p1a,p1b\n|-supereffective|p1b: Pelipper|1\n|-damage|p1a: Palafin|57/100\n|-damage|p1b: Pelipper|80/100\n|cant|p1a: Palafin|flinch\n|move|p1b: Pelipper|Hurricane|p2b: Garchomp\n|-damage|p2b: Garchomp|14/100\n|\n|-weather|RainDance|[upkeep]\n|-sideend|p2: AidzPlayz|move: Tailwind\n|upkeep\n|turn|5\n|inactive|AidzPlayz has 30 seconds left.\n|\n|t:|1776562367\n|switch|p2a: Floette|Floette-Mega, L50, F|100/100\n|-ability|p2a: Floette|Fairy Aura\n|switch|p1b: Heliolisk|Heliolisk, L50, F|100/100\n|move|p2b: Garchomp|Protect|p2b: Garchomp\n|-singleturn|p2b: Garchomp|Protect\n|move|p1a: Palafin|Jet Punch|p2b: Garchomp\n|-activate|p2b: Garchomp|move: Protect\n|\n|-weather|none\n|-sideend|p1: sweepy boi|move: Tailwind\n|upkeep\n|turn|6\n|inactive|sweepy boi has 30 seconds left.\n|\n|t:|1776562393\n|move|p2a: Floette|Protect|p2a: Floette\n|-singleturn|p2a: Floette|Protect\n|move|p1b: Heliolisk|Shed Tail|p1b: Heliolisk\n|-start|p1b: Heliolisk|Substitute|[from] move: Shed Tail\n|-damage|p1b: Heliolisk|50/100\n|\n|t:|1776562398\n|switch|p1b: Pelipper|Pelipper, L50, M|80/100|[from] Shed Tail\n|-weather|RainDance|[from] ability: Drizzle|[of] p1b: Pelipper\n|move|p2b: Garchomp|Earthquake|p1b: Pelipper|[spread] p1a\n|-activate|p2a: Floette|move: Protect\n|-immune|p1b: Pelipper\n|-damage|p1a: Palafin|36/100\n|move|p1a: Palafin|Wave Crash|p2a: Floette\n|-activate|p2a: Floette|move: Protect\n|\n|-weather|RainDance|[upkeep]\n|upkeep\n|turn|7\n|inactive|AidzPlayz has 30 seconds left.\n|\n|t:|1776562430\n|move|p2a: Floette|Dazzling Gleam|p1b: Pelipper|[spread] p1a,p1b\n|-end|p1b: Pelipper|Substitute\n|-damage|p1a: Palafin|0 fnt\n|faint|p1a: Palafin\n|move|p2b: Garchomp|Dragon Claw|p1b: Pelipper\n|-damage|p1b: Pelipper|59/100\n|move|p1b: Pelipper|Tailwind|p1b: Pelipper\n|-sidestart|p1: sweepy boi|move: Tailwind\n|\n|-weather|RainDance|[upkeep]\n|upkeep\n|\n|t:|1776562439\n|switch|p1a: Heliolisk|Heliolisk, L50, F|50/100\n|turn|8\n|\n|t:|1776562464\n|move|p1a: Heliolisk|Electroweb|p2b: Garchomp|[spread] p2a\n|-immune|p2b: Garchomp\n|-damage|p2a: Floette|82/100\n|-unboost|p2a: Floette|spe|1\n|move|p1b: Pelipper|Hurricane|p2a: Floette\n|-damage|p2a: Floette|52/100\n|move|p2b: Garchomp|Dragon Claw|p1b: Pelipper\n|-damage|p1b: Pelipper|35/100\n|-enditem|p1b: Pelipper|Sitrus Berry|[eat]\n|-heal|p1b: Pelipper|60/100|[from] item: Sitrus Berry\n|move|p2a: Floette|Dazzling Gleam|p1b: Pelipper|[spread] p1a,p1b\n|-damage|p1a: Heliolisk|0 fnt\n|-damage|p1b: Pelipper|7/100\n|faint|p1a: Heliolisk\n|\n|-weather|RainDance|[upkeep]\n|upkeep\n|turn|9\n|-message|sweepy boi forfeited.\n|\n|win|AidzPlayz\n|raw|sweepy boi's rating: 1310 &rarr; <strong>1295</strong><br />(-15 for losing)\n|raw|AidzPlayz's rating: 1397 &rarr; <strong>1412</strong><br />(+15 for winning)\n",
  "uploadtime": 1776562473,
  "views": 16,
  "formatid": "gen9championsvgc2026regma",
  "rating": 1295,
  "private": 0,
  "password": null
}