{
  "id": "gen9championsvgc2026regma-2588434246",
  "format": "[Gen 9 Champions] VGC 2026 Reg M-A",
  "players": [
    "shangenb",
    "The boy savior"
  ],
  "log": "|j|\u2606shangenb\n|j|\u2606The boy savior\n|t:|1776633199\n|gametype|doubles\n|player|p1|shangenb|102|1481\n|player|p2|The boy savior|gambler|1452\n|gen|9\n|tier|[Gen 9 Champions] VGC 2026 Reg M-A\n|rated|\n|rule|Species Clause: Limit one of each Pok\u00e9mon\n|rule|Item Clause: Limit 1 of each item\n|clearpoke\n|poke|p1|Floette-Eternal, L50, F|\n|poke|p1|Garchomp, L50, M|\n|poke|p1|Sneasler, L50, F|\n|poke|p1|Basculegion-F, L50, F|\n|poke|p1|Aerodactyl, L50, F|\n|poke|p1|Incineroar, L50, F|\n|poke|p2|Lopunny, L50, F, shiny|\n|poke|p2|Kleavor, L50, F|\n|poke|p2|Pelipper, L50, F, shiny|\n|poke|p2|Basculegion, L50, M, shiny|\n|poke|p2|Archaludon, L50, F|\n|poke|p2|Scizor, L50, M|\n|teampreview|4\n|inactive|Battle timer is ON: inactive players will automatically lose when time's up. (requested by shangenb)\n|inactive|shangenb has 60 seconds left.\nThe boy savior rejected open team sheets.\n|\n|t:|1776633244\n|teamsize|p1|4\n|teamsize|p2|4\n|start\n|switch|p1a: Basculegion|Basculegion-F, L50, F|100/100\n|switch|p1b: Aerodactyl|Aerodactyl, L50, F|100/100\n|switch|p2a: Silver Chariot|Scizor, L50, M|100/100\n|switch|p2b: Aqua Necklace|Basculegion, L50, M, shiny|100/100\n|-ability|p1b: Aerodactyl|Unnerve\n|turn|1\n|inactive|shangenb has 30 seconds left.\n|\n|t:|1776633280\n|detailschange|p2a: Silver Chariot|Scizor-Mega, L50, M\n|-mega|p2a: Silver Chariot|Scizor|Scizorite\n|move|p2a: Silver Chariot|Bullet Punch|p1b: Aerodactyl\n|-supereffective|p1b: Aerodactyl|1\n|-enditem|p1b: Aerodactyl|Focus Sash\n|-damage|p1b: Aerodactyl|1/100\n|move|p1a: Basculegion|Shadow Ball|p2b: Aqua Necklace\n|-supereffective|p2b: Aqua Necklace|1\n|-damage|p2b: Aqua Necklace|0 fnt\n|faint|p2b: Aqua Necklace\n|move|p1b: Aerodactyl|Rock Slide|p2a: Silver Chariot\n|-damage|p2a: Silver Chariot|76/100\n|\n|upkeep\n|\n|t:|1776633294\n|switch|p2b: Super Fly|Archaludon, L50, F|100/100\n|turn|2\n|\n|t:|1776633319\n|switch|p1a: Incineroar|Incineroar, L50, F|100/100\n|-ability|p1a: Incineroar|Intimidate|boost\n|-unboost|p2a: Silver Chariot|atk|1\n|-unboost|p2b: Super Fly|atk|1\n|move|p2a: Silver Chariot|Bullet Punch|p1b: Aerodactyl\n|-supereffective|p1b: Aerodactyl|1\n|-damage|p1b: Aerodactyl|0 fnt\n|faint|p1b: Aerodactyl\n|move|p2b: Super Fly|Flash Cannon|p1a: Incineroar\n|-resisted|p1a: Incineroar|1\n|-damage|p1a: Incineroar|81/100\n|\n|upkeep\n|\n|t:|1776633332\n|switch|p1b: Basculegion|Basculegion-F, L50, F|100/100\n|turn|3\n|\n|t:|1776633352\n|move|p2b: Super Fly|Protect|p2b: Super Fly\n|-singleturn|p2b: Super Fly|Protect\n|move|p2a: Silver Chariot|Protect|p2a: Silver Chariot\n|-singleturn|p2a: Silver Chariot|Protect\n|move|p1b: Basculegion|Shadow Ball|p2a: Silver Chariot\n|-activate|p2a: Silver Chariot|move: Protect\n|move|p1a: Incineroar|Parting Shot|p2b: Super Fly\n|-activate|p2b: Super Fly|move: Protect\n|\n|upkeep\n|turn|4\n|\n|t:|1776633370\n|switch|p2a: Weather Report|Pelipper, L50, F, shiny|100/100\n|-weather|RainDance|[from] ability: Drizzle|[of] p2a: Weather Report\n|move|p1b: Basculegion|Shadow Ball|p2a: Weather Report\n|-damage|p2a: Weather Report|33/100\n|-enditem|p2a: Weather Report|Sitrus Berry|[eat]\n|-heal|p2a: Weather Report|58/100|[from] item: Sitrus Berry\n|move|p2b: Super Fly|Electro Shot||[still]\n|-prepare|p2b: Super Fly|Electro Shot\n|-boost|p2b: Super Fly|spa|1\n|-anim|p2b: Super Fly|Electro Shot|p1b: Basculegion\n|-supereffective|p1b: Basculegion|1\n|-damage|p1b: Basculegion|0 fnt\n|faint|p1b: Basculegion\n|move|p1a: Incineroar|Throat Chop|p2a: Weather Report\n|-damage|p2a: Weather Report|24/100\n|-start|p2a: Weather Report|Throat Chop|[silent]\n|\n|-weather|RainDance|[upkeep]\n|upkeep\n|\n|t:|1776633389\n|switch|p1b: Floette|Floette-Eternal, L50, F|100/100\n|turn|5\n|\n|t:|1776633401\n|detailschange|p1b: Floette|Floette-Mega, L50, F\n|-mega|p1b: Floette|Floette|Floettite\n|-ability|p1b: Floette|Fairy Aura\n|move|p1b: Floette|Light of Ruin|p2b: Super Fly\n|-damage|p2b: Super Fly|0 fnt\n|faint|p2b: Super Fly\n|-damage|p1b: Floette|52/100|[from] Recoil\n|move|p2a: Weather Report|Tailwind|p2a: Weather Report\n|-sidestart|p2: The boy savior|move: Tailwind\n|move|p1a: Incineroar|Throat Chop|p2a: Weather Report\n|-damage|p2a: Weather Report|0 fnt\n|faint|p2a: Weather Report\n|\n|-weather|RainDance|[upkeep]\n|upkeep\n|\n|t:|1776633408\n|switch|p2a: Silver Chariot|Scizor-Mega, L50, M|76/100\n|turn|6\n|\n|t:|1776633423\n|move|p2a: Silver Chariot|Bug Bite|p1a: Incineroar\n|-damage|p1a: Incineroar|43/100\n|-enditem|p1a: Incineroar|Sitrus Berry|[from] stealeat|[move] Bug Bite|[of] p2a: Silver Chariot\n|-heal|p2a: Silver Chariot|100/100|[from] item: Sitrus Berry\n|move|p1b: Floette|Light of Ruin|p2a: Silver Chariot\n|-resisted|p2a: Silver Chariot|1\n|-damage|p2a: Silver Chariot|39/100\n|-damage|p1b: Floette|20/100|[from] Recoil\n|move|p1a: Incineroar|Flare Blitz|p2a: Silver Chariot\n|-supereffective|p2a: Silver Chariot|2\n|-damage|p2a: Silver Chariot|0 fnt\n|faint|p2a: Silver Chariot\n|-damage|p1a: Incineroar|32/100|[from] Recoil\n|\n|win|shangenb\n|raw|shangenb's rating: 1481 &rarr; <strong>1499</strong><br />(+18 for winning)\n|raw|The boy savior's rating: 1452 &rarr; <strong>1434</strong><br />(-18 for losing)\n|l|\u2606The boy savior\n|player|p2|\n",
  "uploadtime": 1776633446,
  "views": 12,
  "formatid": "gen9championsvgc2026regma",
  "rating": 1434,
  "private": 0,
  "password": null
}