{
  "id": "gen9championsvgc2026regma-2588539313",
  "format": "[Gen 9 Champions] VGC 2026 Reg M-A",
  "players": [
    "bearhug6672",
    "Devta"
  ],
  "log": "|j|\u2606bearhug6672\n|j|\u2606Devta\n|t:|1776642966\n|gametype|doubles\n|player|p1|bearhug6672|doubleteam|1230\n|player|p2|Devta|hexmaniac-gen6|1268\n|gen|9\n|tier|[Gen 9 Champions] VGC 2026 Reg M-A\n|rated|\n|rule|Species Clause: Limit one of each Pok\u00e9mon\n|rule|Item Clause: Limit 1 of each item\n|clearpoke\n|poke|p1|Delphox, L50, M|\n|poke|p1|Kingambit, L50, M|\n|poke|p1|Sinistcha, L50|\n|poke|p1|Primarina, L50, M|\n|poke|p1|Garchomp, L50, M|\n|poke|p1|Sneasler, L50, F|\n|poke|p2|Gengar, L50, F, shiny|\n|poke|p2|Sneasler, L50, M|\n|poke|p2|Incineroar, L50, F|\n|poke|p2|Kingambit, L50, M|\n|poke|p2|Pelipper, L50, M|\n|poke|p2|Basculegion, L50, M|\n|teampreview|4\n|inactive|Battle timer is ON: inactive players will automatically lose when time's up. (requested by bearhug6672)\n|inactive|Devta has 60 seconds left.\n|inactive|Devta has 30 seconds left.\n|inactive|Devta has 20 seconds left.\n|inactive|Devta has 15 seconds left.\n|inactive|Devta has 10 seconds left.\n|\n|t:|1776643048\n|teamsize|p1|4\n|teamsize|p2|4\n|start\n|switch|p1a: Kingambit|Kingambit, L50, M|100/100\n|switch|p1b: Sneasler|Sneasler, L50, F|100/100\n|switch|p2a: Pelipper|Pelipper, L50, M|100/100\n|switch|p2b: Basculegion|Basculegion, L50, M|100/100\n|-weather|RainDance|[from] ability: Drizzle|[of] p2a: Pelipper\n|turn|1\n|inactive|Devta has 30 seconds left.\n|\n|t:|1776643076\n|switch|p2b: Kingambit|Kingambit, L50, M|100/100\n|move|p2a: Pelipper|Protect|p2a: Pelipper\n|-singleturn|p2a: Pelipper|Protect\n|move|p1b: Sneasler|Fake Out|p2a: Pelipper\n|-activate|p2a: Pelipper|move: Protect\n|move|p1a: Kingambit|Sucker Punch||[still]\n|-fail|p1a: Kingambit\n|\n|-weather|RainDance|[upkeep]\n|upkeep\n|turn|2\n|\n|t:|1776643091\n|switch|p2b: Basculegion|Basculegion, L50, M|100/100\n|move|p1b: Sneasler|Close Combat|p2b: Basculegion\n|-immune|p2b: Basculegion\n|move|p2a: Pelipper|Hurricane|p1b: Sneasler\n|-supereffective|p1b: Sneasler|1\n|-damage|p1b: Sneasler|0 fnt\n|faint|p1b: Sneasler\n|move|p1a: Kingambit|Kowtow Cleave|p2b: Basculegion\n|-supereffective|p2b: Basculegion|1\n|-damage|p2b: Basculegion|0 fnt\n|faint|p2b: Basculegion\n|\n|-weather|RainDance|[upkeep]\n|upkeep\n|\n|t:|1776643109\n|switch|p1b: Delphox|Delphox, L50, M|100/100\n|switch|p2b: Kingambit|Kingambit, L50, M|100/100\n|turn|3\n|inactive|Devta has 30 seconds left.\n|\n|t:|1776643135\n|detailschange|p1b: Delphox|Delphox-Mega, L50, M\n|-mega|p1b: Delphox|Delphox|Delphoxite\n|move|p1b: Delphox|Substitute|p1b: Delphox\n|-start|p1b: Delphox|Substitute\n|-damage|p1b: Delphox|76/100\n|move|p2a: Pelipper|Tailwind|p2a: Pelipper\n|-sidestart|p2: Devta|move: Tailwind\n|move|p2b: Kingambit|Low Kick|p1a: Kingambit\n|-supereffective|p1a: Kingambit|2\n|-damage|p1a: Kingambit|0 fnt\n|faint|p1a: Kingambit\n|\n|-weather|RainDance|[upkeep]\n|upkeep\n|\n|t:|1776643148\n|switch|p1a: Sinistcha|Sinistcha, L50|100/100\n|-heal|p1b: Delphox|100/100|[from] ability: Hospitality|[of] p1a: Sinistcha\n|turn|4\n|\n|t:|1776643163\n|move|p2a: Pelipper|Hurricane|p1a: Sinistcha\n|-supereffective|p1a: Sinistcha|1\n|-damage|p1a: Sinistcha|12/100\n|-enditem|p1a: Sinistcha|Sitrus Berry|[eat]\n|-heal|p1a: Sinistcha|36/100|[from] item: Sitrus Berry\n|move|p1b: Delphox|Heat Wave|p2b: Kingambit|[spread] p2a,p2b\n|-resisted|p2a: Pelipper|1\n|-supereffective|p2b: Kingambit|1\n|-damage|p2a: Pelipper|84/100\n|-damage|p2b: Kingambit|60/100\n|move|p2b: Kingambit|Kowtow Cleave|p1b: Delphox\n|-supereffective|p1b: Delphox|1\n|-end|p1b: Delphox|Substitute\n|move|p1a: Sinistcha|Matcha Gotcha|p2a: Pelipper|[spread] p2a,p2b\n|-resisted|p2b: Kingambit|1\n|-damage|p2a: Pelipper|50/100\n|-heal|p1a: Sinistcha|53/100|[from] drain|[of] p2a: Pelipper\n|-damage|p2b: Kingambit|48/100\n|-heal|p1a: Sinistcha|59/100|[from] drain|[of] p2b: Kingambit\n|-enditem|p2a: Pelipper|Sitrus Berry|[eat]\n|-heal|p2a: Pelipper|74/100|[from] item: Sitrus Berry\n|\n|-weather|RainDance|[upkeep]\n|upkeep\n|turn|5\n|inactive|bearhug6672 has 30 seconds left.\n|inactive|Devta has 30 seconds left.\n|\n|t:|1776643197\n|move|p2a: Pelipper|Hurricane|p1a: Sinistcha\n|-supereffective|p1a: Sinistcha|1\n|-damage|p1a: Sinistcha|0 fnt\n|faint|p1a: Sinistcha\n|move|p1b: Delphox|Substitute|p1b: Delphox\n|-start|p1b: Delphox|Substitute\n|-damage|p1b: Delphox|76/100\n|move|p2b: Kingambit|Kowtow Cleave|p1b: Delphox\n|-supereffective|p1b: Delphox|1\n|-end|p1b: Delphox|Substitute\n|\n|-weather|none\n|upkeep\n|turn|6\n|\n|t:|1776643216\n|switch|p2a: Gengar|Gengar, L50, F, shiny|100/100\n|move|p1b: Delphox|Heat Wave|p2b: Kingambit|[spread] p2a,p2b\n|-supereffective|p2b: Kingambit|1\n|-damage|p2a: Gengar|48/100\n|-damage|p2b: Kingambit|0 fnt\n|-start|p1b: Delphox|Disable|Heat Wave|[from] ability: Cursed Body|[of] p2a: Gengar\n|faint|p2b: Kingambit\n|\n|-sideend|p2: Devta|move: Tailwind\n|upkeep\n|\n|t:|1776643221\n|switch|p2b: Pelipper|Pelipper, L50, M|74/100\n|-weather|RainDance|[from] ability: Drizzle|[of] p2b: Pelipper\n|turn|7\n|\n|t:|1776643234\n|detailschange|p2a: Gengar|Gengar-Mega, L50, F, shiny\n|-mega|p2a: Gengar|Gengar|Gengarite\n|move|p2a: Gengar|Protect|p2a: Gengar\n|-singleturn|p2a: Gengar|Protect\n|move|p1b: Delphox|Psychic|p2a: Gengar\n|-activate|p2a: Gengar|move: Protect\n|move|p2b: Pelipper|Tailwind|p2b: Pelipper\n|-sidestart|p2: Devta|move: Tailwind\n|\n|-weather|RainDance|[upkeep]\n|upkeep\n|turn|8\n|\n|t:|1776643246\n|move|p2a: Gengar|Shadow Ball|p1b: Delphox\n|-supereffective|p1b: Delphox|1\n|-damage|p1b: Delphox|0 fnt\n|faint|p1b: Delphox\n|\n|win|Devta\n|raw|bearhug6672's rating: 1230 &rarr; <strong>1208</strong><br />(-22 for losing)\n|raw|Devta's rating: 1268 &rarr; <strong>1290</strong><br />(+22 for winning)\n",
  "uploadtime": 1776643246,
  "views": 11,
  "formatid": "gen9championsvgc2026regma",
  "rating": 1208,
  "private": 0,
  "password": null
}