{
  "id": "gen9championsvgc2026regma-2588399081",
  "format": "[Gen 9 Champions] VGC 2026 Reg M-A",
  "players": [
    "Liber Dragon",
    "Kaliser 257"
  ],
  "log": "|j|\u2606Liber Dragon\n|j|\u2606Kaliser 257\n|t:|1776630231\n|gametype|doubles\n|player|p1|Liber Dragon|veteran|\n|player|p2|Kaliser 257|acetrainer|\n|gen|9\n|tier|[Gen 9 Champions] VGC 2026 Reg M-A\n|rule|Species Clause: Limit one of each Pok\u00e9mon\n|rule|Item Clause: Limit 1 of each item\n|clearpoke\n|poke|p1|Lucario, L50, M|\n|poke|p1|Pelipper, L50, M|\n|poke|p1|Farigiraf, L50, M|\n|poke|p1|Basculegion, L50, M|\n|poke|p1|Archaludon, L50, M|\n|poke|p1|Garchomp, L50, M|\n|poke|p2|Tyranitar, L50, M|\n|poke|p2|Excadrill, L50, F|\n|poke|p2|Incineroar, L50, M|\n|poke|p2|Milotic, L50, F|\n|poke|p2|Sinistcha, L50|\n|poke|p2|Drampa, L50, M|\n|teampreview|4\n|inactive|Battle timer is ON: inactive players will automatically lose when time's up. (requested by Liber Dragon)\nKaliser 257 has agreed to open team sheets.\n|inactiveoff|Battle timer is now OFF.\nLiber Dragon has agreed to open team sheets.\n|showteam|p1|Lucario||Lucarionite|InnerFocus|MeteorMash,CloseCombat,IcePunch,Detect|||M|||50|]Pelipper||SitrusBerry|Drizzle|WideGuard,Tailwind,Protect,Hurricane|||M|||50|]Farigiraf||ColburBerry|ArmorTail|Psychic,TrickRoom,AllySwitch,Reflect|||M|||50|]Basculegion||FocusSash|SwiftSwim|Liquidation,LastRespects,AquaJet,Protect|||M|||50|]Archaludon||Leftovers|Stamina|ElectroShot,Snarl,DragonPulse,Protect|||M|||50|]Garchomp||ChoiceScarf|RoughSkin|DragonClaw,StompingTantrum,RockSlide,Earthquake|||M|||50|\n|showteam|p2|Tyranitar||ChopleBerry|SandStream|RockSlide,KnockOff,IcePunch,LowKick|||M|||50|]Excadrill||Excadrite|SandRush|HighHorsepower,IronHead,RockSlide,Protect|||F|||50|]Incineroar||ShucaBerry|Intimidate|FlareBlitz,PartingShot,WillOWisp,FakeOut|||M|||50|]Milotic||SitrusBerry|Competitive|Scald,IcyWind,AlluringVoice,Recover|||F|||50|]Sinistcha||MentalHerb|Hospitality|MatchaGotcha,LifeDew,RagePowder,TrickRoom||||||50|]Drampa||Drampanite|Berserk|DragonPulse,HyperVoice,Thunderbolt,Protect|||M|||50|\n|\n|t:|1776630313\n|teamsize|p1|4\n|teamsize|p2|4\n|start\n|switch|p1a: Lucario|Lucario, L50, M|100/100\n|switch|p1b: Pelipper|Pelipper, L50, M|100/100\n|switch|p2a: Goodzilla|Tyranitar, L50, M|100/100\n|switch|p2b: Oscar|Excadrill, L50, F|100/100\n|-weather|RainDance|[from] ability: Drizzle|[of] p1b: Pelipper\n|-weather|Sandstorm|[from] ability: Sand Stream|[of] p2a: Goodzilla\n|turn|1\n|\n|t:|1776630356\n|switch|p1b: Archaludon|Archaludon, L50, M|100/100\n|switch|p2a: To\u00f1o|Incineroar, L50, M|100/100\n|-ability|p2a: To\u00f1o|Intimidate|boost\n|-fail|p1a: Lucario|unboost|Attack|[from] ability: Inner Focus|[of] p1a: Lucario\n|-unboost|p1b: Archaludon|atk|1\n|move|p2b: Oscar|Protect|p2b: Oscar\n|-singleturn|p2b: Oscar|Protect\n|move|p1a: Lucario|Detect||[still]\n|-fail|p1a: Lucario\n|\n|-weather|Sandstorm|[upkeep]\n|-damage|p2a: To\u00f1o|95/100|[from] Sandstorm\n|upkeep\n|turn|2\n|\n|t:|1776630407\n|switch|p1b: Pelipper|Pelipper, L50, M|100/100\n|-weather|RainDance|[from] ability: Drizzle|[of] p1b: Pelipper\n|detailschange|p1a: Lucario|Lucario-Mega, L50, M\n|-mega|p1a: Lucario|Lucario|Lucarionite\n|move|p1a: Lucario|Close Combat|p2b: Oscar\n|-supereffective|p2b: Oscar|1\n|-damage|p2b: Oscar|0 fnt\n|-unboost|p1a: Lucario|def|1\n|-unboost|p1a: Lucario|spd|1\n|faint|p2b: Oscar\n|move|p2a: To\u00f1o|Will-O-Wisp|p1b: Pelipper\n|-status|p1b: Pelipper|brn\n|\n|-weather|RainDance|[upkeep]\n|-damage|p1b: Pelipper|95/100 brn|[from] brn\n|upkeep\n|\n|t:|1776630430\n|switch|p2b: Goodzilla|Tyranitar, L50, M|100/100\n|-weather|Sandstorm|[from] ability: Sand Stream|[of] p2b: Goodzilla\n|turn|3\n|\n|t:|1776630452\n|switch|p1a: Basculegion|Basculegion, L50, M|100/100\n|move|p1b: Pelipper|Wide Guard|p1b: Pelipper\n|-singleturn|p1b: Pelipper|Wide Guard\n|move|p2b: Goodzilla|Rock Slide|p1b: Pelipper|[spread] \n|-activate|p1a: Basculegion|move: Wide Guard\n|-activate|p1b: Pelipper|move: Wide Guard\n|move|p2a: To\u00f1o|Flare Blitz|p1a: Basculegion\n|-resisted|p1a: Basculegion|1\n|-crit|p1a: Basculegion\n|-damage|p1a: Basculegion|52/100\n|-damage|p2a: To\u00f1o|79/100|[from] Recoil\n|\n|-weather|Sandstorm|[upkeep]\n|-damage|p1a: Basculegion|46/100|[from] Sandstorm\n|-damage|p1b: Pelipper|89/100 brn|[from] Sandstorm\n|-damage|p2a: To\u00f1o|73/100|[from] Sandstorm\n|-damage|p1b: Pelipper|83/100 brn|[from] brn\n|upkeep\n|turn|4\n|\n|t:|1776630487\n|move|p1a: Basculegion|Liquidation|p2b: Goodzilla\n|-supereffective|p2b: Goodzilla|1\n|-damage|p2b: Goodzilla|37/100\n|move|p1b: Pelipper|Tailwind|p1b: Pelipper\n|-sidestart|p1: Liber Dragon|move: Tailwind\n|move|p2b: Goodzilla|Knock Off|p1a: Basculegion\n|-supereffective|p1a: Basculegion|1\n|-damage|p1a: Basculegion|0 fnt\n|-enditem|p1a: Basculegion|Focus Sash|[from] move: Knock Off|[of] p2b: Goodzilla\n|faint|p1a: Basculegion\n|move|p2a: To\u00f1o|Parting Shot|p1b: Pelipper\n|-unboost|p1b: Pelipper|atk|1\n|-unboost|p1b: Pelipper|spa|1\n|\n|t:|1776630499\n|switch|p2a: Drampa|Drampa, L50, M|100/100|[from] Parting Shot\n|\n|-weather|Sandstorm|[upkeep]\n|-damage|p1b: Pelipper|77/100 brn|[from] Sandstorm\n|-damage|p2a: Drampa|95/100|[from] Sandstorm\n|-damage|p1b: Pelipper|71/100 brn|[from] brn\n|upkeep\n|\n|t:|1776630519\n|switch|p1a: Archaludon|Archaludon, L50, M|100/100\n|turn|5\n|\n|t:|1776630542\n|detailschange|p2a: Drampa|Drampa-Mega, L50, M\n|-mega|p2a: Drampa|Drampa|Drampanite\n|move|p1b: Pelipper|Protect|p1b: Pelipper\n|-singleturn|p1b: Pelipper|Protect\n|move|p2a: Drampa|Protect|p2a: Drampa\n|-singleturn|p2a: Drampa|Protect\n|move|p1a: Archaludon|Dragon Pulse|p2a: Drampa\n|-activate|p2a: Drampa|move: Protect\n|move|p2b: Goodzilla|Low Kick|p1a: Archaludon\n|-supereffective|p1a: Archaludon|1\n|-damage|p1a: Archaludon|57/100\n|-ability|p1a: Archaludon|Stamina|boost\n|-boost|p1a: Archaludon|def|1\n|\n|-weather|Sandstorm|[upkeep]\n|-damage|p1b: Pelipper|65/100 brn|[from] Sandstorm\n|-damage|p2a: Drampa|89/100|[from] Sandstorm\n|-heal|p1a: Archaludon|63/100|[from] item: Leftovers\n|-damage|p1b: Pelipper|59/100 brn|[from] brn\n|upkeep\n|turn|6\n|\n|t:|1776630595\n|switch|p2a: To\u00f1o|Incineroar, L50, M|73/100\n|-ability|p2a: To\u00f1o|Intimidate|boost\n|-unboost|p1a: Archaludon|atk|1\n|-unboost|p1b: Pelipper|atk|1\n|move|p1a: Archaludon|Dragon Pulse|p2a: To\u00f1o\n|-damage|p2a: To\u00f1o|42/100\n|move|p1b: Pelipper|Hurricane|p2a: To\u00f1o|[miss]\n|-miss|p1b: Pelipper|p2a: To\u00f1o\n|move|p2b: Goodzilla|Low Kick|p1a: Archaludon\n|-supereffective|p1a: Archaludon|1\n|-damage|p1a: Archaludon|31/100\n|-ability|p1a: Archaludon|Stamina|boost\n|-boost|p1a: Archaludon|def|1\n|\n|-weather|Sandstorm|[upkeep]\n|-damage|p1b: Pelipper|53/100 brn|[from] Sandstorm\n|-damage|p2a: To\u00f1o|37/100|[from] Sandstorm\n|-heal|p1a: Archaludon|38/100|[from] item: Leftovers\n|-damage|p1b: Pelipper|47/100 brn|[from] brn\n|upkeep\n|-enditem|p1b: Pelipper|Sitrus Berry|[eat]\n|-heal|p1b: Pelipper|71/100 brn|[from] item: Sitrus Berry\n|turn|7\n|\n|t:|1776630625\n|move|p1a: Archaludon|Protect|p1a: Archaludon\n|-singleturn|p1a: Archaludon|Protect\n|move|p1b: Pelipper|Protect|p1b: Pelipper\n|-singleturn|p1b: Pelipper|Protect\n|move|p2b: Goodzilla|Low Kick|p1a: Archaludon\n|-activate|p1a: Archaludon|move: Protect\n|move|p2a: To\u00f1o|Flare Blitz|p1a: Archaludon\n|-activate|p1a: Archaludon|move: Protect\n|\n|-weather|none\n|-heal|p1a: Archaludon|44/100|[from] item: Leftovers\n|-damage|p1b: Pelipper|65/100 brn|[from] brn\n|-sideend|p1: Liber Dragon|move: Tailwind\n|upkeep\n|turn|8\n|\n|t:|1776630652\n|move|p1a: Archaludon|Dragon Pulse|p2a: To\u00f1o\n|-damage|p2a: To\u00f1o|4/100\n|move|p1b: Pelipper|Tailwind|p1b: Pelipper\n|-sidestart|p1: Liber Dragon|move: Tailwind\n|move|p2b: Goodzilla|Low Kick|p1a: Archaludon\n|-supereffective|p1a: Archaludon|1\n|-damage|p1a: Archaludon|20/100\n|-ability|p1a: Archaludon|Stamina|boost\n|-boost|p1a: Archaludon|def|1\n|move|p2a: To\u00f1o|Flare Blitz|p1a: Archaludon\n|-damage|p1a: Archaludon|8/100\n|-ability|p1a: Archaludon|Stamina|boost\n|-boost|p1a: Archaludon|def|1\n|-damage|p2a: To\u00f1o|0 fnt|[from] Recoil\n|faint|p2a: To\u00f1o\n|\n|-heal|p1a: Archaludon|14/100|[from] item: Leftovers\n|-damage|p1b: Pelipper|59/100 brn|[from] brn\n|upkeep\n|\n|t:|1776630671\n|switch|p2a: Drampa|Drampa-Mega, L50, M|89/100\n|turn|9\n|\n|t:|1776630684\n|move|p2a: Drampa|Protect|p2a: Drampa\n|-singleturn|p2a: Drampa|Protect\n|move|p1a: Archaludon|Dragon Pulse|p2b: Goodzilla\n|-damage|p2b: Goodzilla|3/100\n|move|p1b: Pelipper|Hurricane|p2b: Goodzilla\n|-resisted|p2b: Goodzilla|1\n|-damage|p2b: Goodzilla|0 fnt\n|faint|p2b: Goodzilla\n|\n|-heal|p1a: Archaludon|20/100|[from] item: Leftovers\n|-damage|p1b: Pelipper|53/100 brn|[from] brn\n|upkeep\n|turn|10\n|\n|t:|1776630699\n|move|p1a: Archaludon|Dragon Pulse|p2a: Drampa\n|-supereffective|p2a: Drampa|1\n|-damage|p2a: Drampa|14/100\n|-ability|p2a: Drampa|Berserk|boost\n|-boost|p2a: Drampa|spa|1\n|move|p1b: Pelipper|Hurricane|p2a: Drampa\n|-damage|p2a: Drampa|0 fnt\n|faint|p2a: Drampa\n|\n|win|Liber Dragon\n",
  "uploadtime": 1776630709,
  "views": 11,
  "formatid": "gen9championsvgc2026regma",
  "rating": null,
  "private": 0,
  "password": null
}