{
  "id": "gen9championsvgc2026regma-2583750558",
  "format": "[Gen 9 Champions] VGC 2026 Reg M-A",
  "players": [
    "Seismitoad dynasty",
    "Nachofrize"
  ],
  "log": "|j|\u2606Seismitoad dynasty\n|j|\u2606Nachofrize\n|t:|1776195178\n|gametype|doubles\n|player|p1|Seismitoad dynasty|li|1124\n|player|p2|Nachofrize|cynthia|1154\n|gen|9\n|tier|[Gen 9 Champions] VGC 2026 Reg M-A\n|rated|\n|rule|Species Clause: Limit one of each Pok\u00e9mon\n|rule|Item Clause: Limit 1 of each item\n|clearpoke\n|poke|p1|Drampa, L50, F|\n|poke|p1|Alakazam, L50, M|\n|poke|p1|Sinistcha, L50|\n|poke|p1|Pelipper, L50, M|\n|poke|p1|Basculegion, L50, M|\n|poke|p1|Scizor, L50, F|\n|poke|p2|Sableye, L50, F|\n|poke|p2|Aggron, L50, F|\n|poke|p2|Toxapex, L50, F|\n|poke|p2|Clefable, L50, F|\n|poke|p2|Conkeldurr, L50, M|\n|poke|p2|Rotom-Mow, L50|\n|teampreview|4\n|inactive|Battle timer is ON: inactive players will automatically lose when time's up. (requested by Seismitoad dynasty)\n|\n|t:|1776195217\n|teamsize|p1|4\n|teamsize|p2|4\n|start\n|switch|p1a: Drampa|Drampa, L50, F|100/100\n|switch|p1b: Alakazam|Alakazam, L50, M|100/100\n|switch|p2a: Toxapex|Toxapex, L50, F|100/100\n|switch|p2b: Rotom|Rotom-Mow, L50|100/100\n|-ability|p1a: Drampa|Cloud Nine\n|turn|1\n|\n|t:|1776195238\n|move|p2a: Toxapex|Baneful Bunker|p2a: Toxapex\n|-singleturn|p2a: Toxapex|move: Protect\n|move|p1b: Alakazam|Light Screen|p1b: Alakazam\n|-sidestart|p1: Seismitoad dynasty|move: Light Screen\n|move|p2b: Rotom|Shadow Ball|p1b: Alakazam\n|-supereffective|p1b: Alakazam|1\n|-damage|p1b: Alakazam|63/100\n|move|p1a: Drampa|Calm Mind|p1a: Drampa\n|-boost|p1a: Drampa|spa|1\n|-boost|p1a: Drampa|spd|1\n|\n|upkeep\n|turn|2\n|inactive|Seismitoad dynasty has 30 seconds left.\n|\n|t:|1776195265\n|move|p1b: Alakazam|Speed Swap|p1a: Drampa\n|-activate|p1b: Alakazam|move: Speed Swap|[of] p1a: Drampa\n|move|p1a: Drampa|Calm Mind|p1a: Drampa\n|-boost|p1a: Drampa|spa|1\n|-boost|p1a: Drampa|spd|1\n|move|p2b: Rotom|Shadow Ball|p1b: Alakazam\n|-supereffective|p1b: Alakazam|1\n|-crit|p1b: Alakazam\n|-damage|p1b: Alakazam|0 fnt\n|faint|p1b: Alakazam\n|move|p2a: Toxapex|Toxic|p1a: Drampa\n|-status|p1a: Drampa|tox\n|\n|-damage|p1a: Drampa|95/100 tox|[from] psn\n|upkeep\n|\n|t:|1776195277\n|switch|p1b: Sinistcha|Sinistcha, L50|100/100\n|-heal|p1a: Drampa|100/100 tox|[from] ability: Hospitality|[of] p1b: Sinistcha\n|turn|3\n|\n|t:|1776195298\n|move|p2a: Toxapex|Wide Guard|p2a: Toxapex\n|-singleturn|p2a: Toxapex|Wide Guard\n|move|p1b: Sinistcha|Rage Powder|p1b: Sinistcha\n|-singleturn|p1b: Sinistcha|move: Rage Powder\n|move|p1a: Drampa|Earth Power|p2a: Toxapex\n|-supereffective|p2a: Toxapex|1\n|-damage|p2a: Toxapex|1/100\n|move|p2b: Rotom|Shadow Ball|p1b: Sinistcha\n|-supereffective|p1b: Sinistcha|1\n|-crit|p1b: Sinistcha\n|-damage|p1b: Sinistcha|30/100\n|-enditem|p1b: Sinistcha|Sitrus Berry|[eat]\n|-heal|p1b: Sinistcha|54/100|[from] item: Sitrus Berry\n|\n|-heal|p2a: Toxapex|7/100|[from] item: Leftovers\n|-damage|p1a: Drampa|89/100 tox|[from] psn\n|upkeep\n|turn|4\n|inactive|Nachofrize has 30 seconds left.\n|\n|t:|1776195324\n|detailschange|p1a: Drampa|Drampa-Mega, L50, F\n|-mega|p1a: Drampa|Drampa|Drampanite\n|move|p2a: Toxapex|Baneful Bunker|p2a: Toxapex\n|-singleturn|p2a: Toxapex|move: Protect\n|move|p2b: Rotom|Shadow Ball|p1b: Sinistcha\n|-supereffective|p1b: Sinistcha|1\n|-damage|p1b: Sinistcha|19/100\n|move|p1b: Sinistcha|Life Dew|p1b: Sinistcha|[spread] p1a,p1b\n|-heal|p1a: Drampa|100/100 tox\n|-heal|p1b: Sinistcha|44/100\n|move|p1a: Drampa|Earth Power|p2a: Toxapex\n|-activate|p2a: Toxapex|move: Protect\n|\n|-heal|p2a: Toxapex|13/100|[from] item: Leftovers\n|-damage|p1a: Drampa|83/100 tox|[from] psn\n|upkeep\n|turn|5\n|inactive|Seismitoad dynasty has 30 seconds left.\n|inactive|Nachofrize has 30 seconds left.\n|\n|t:|1776195359\n|move|p2b: Rotom|Shadow Ball|p1b: Sinistcha\n|-supereffective|p1b: Sinistcha|1\n|-crit|p1b: Sinistcha\n|-damage|p1b: Sinistcha|0 fnt\n|faint|p1b: Sinistcha\n|move|p1a: Drampa|Hyper Voice|p2a: Toxapex|[spread] p2a,p2b\n|-damage|p2a: Toxapex|0 fnt\n|-damage|p2b: Rotom|0 fnt\n|faint|p2a: Toxapex\n|faint|p2b: Rotom\n|\n|-damage|p1a: Drampa|59/100 tox|[from] psn\n|-sideend|p1: Seismitoad dynasty|move: Light Screen\n|upkeep\n|\n|t:|1776195367\n|switch|p2b: Aggron|Aggron, L50, F, shiny|100/100\n|switch|p1b: Scizor|Scizor, L50, F|100/100\n|switch|p2a: Sableye|Sableye, L50, F|100/100\n|turn|6\n|\n|t:|1776195383\n|detailschange|p2b: Aggron|Aggron-Mega, L50, F, shiny\n|-mega|p2b: Aggron|Aggron|Aggronite\n|move|p2a: Sableye|Fake Out|p1a: Drampa\n|-damage|p1a: Drampa|52/100 tox\n|move|p1b: Scizor|Swords Dance|p1b: Scizor\n|-boost|p1b: Scizor|atk|2\n|move|p2b: Aggron|Body Press|p1a: Drampa\n|-supereffective|p1a: Drampa|1\n|-damage|p1a: Drampa|0 fnt\n|faint|p1a: Drampa\n|\n|upkeep\n|turn|7\n|\n|t:|1776195401\n|move|p1b: Scizor|Protect|p1b: Scizor\n|-singleturn|p1b: Scizor|Protect\n|move|p2b: Aggron|Iron Defense|p2b: Aggron\n|-boost|p2b: Aggron|def|2\n|move|p2a: Sableye|Foul Play|p1b: Scizor\n|-activate|p1b: Scizor|move: Protect\n|\n|upkeep\n|turn|8\n|\n|t:|1776195410\n|move|p1b: Scizor|Bullet Punch|p2a: Sableye\n|-damage|p2a: Sableye|29/100\n|move|p2a: Sableye|Foul Play|p1b: Scizor\n|-damage|p1b: Scizor|0 fnt\n|faint|p1b: Scizor\n|\n|win|Nachofrize\n|raw|Seismitoad dynasty's rating: 1124 &rarr; <strong>1101</strong><br />(-23 for losing)\n|raw|Nachofrize's rating: 1154 &rarr; <strong>1177</strong><br />(+23 for winning)\n|l|\u2606Seismitoad dynasty\n|player|p1|\n",
  "uploadtime": 1776195418,
  "views": 20,
  "formatid": "gen9championsvgc2026regma",
  "rating": 1101,
  "private": 0,
  "password": null
}