{
  "id": "gen9championsvgc2026regma-2581460541",
  "format": "[Gen 9 Champions] VGC 2026 Reg M-A",
  "players": [
    "Chema_1024",
    "RNKnight"
  ],
  "log": "|j|\u2606Chema_1024\n|j|\u2606RNKnight\n|t:|1776002595\n|gametype|doubles\n|player|p1|Chema_1024|170|1054\n|player|p2|RNKnight|rika|1133\n|gen|9\n|tier|[Gen 9 Champions] VGC 2026 Reg M-A\n|rated|\n|rule|Species Clause: Limit one of each Pok\u00e9mon\n|rule|Item Clause: Limit 1 of each item\n|clearpoke\n|poke|p1|Delphox, L50, F|\n|poke|p1|Ninetales-Alola, L50, F|\n|poke|p1|Rotom-Wash, L50|\n|poke|p1|Garchomp, L50, F|\n|poke|p1|Sneasler, L50, F|\n|poke|p1|Venusaur, L50, F|\n|poke|p2|Floette-Eternal, L50, F|\n|poke|p2|Maushold-Four, L50|\n|poke|p2|Talonflame, L50, M|\n|poke|p2|Garchomp, L50, F|\n|poke|p2|Rotom-Wash, L50|\n|poke|p2|Aegislash, L50, F|\n|teampreview|4\n|\n|t:|1776002618\n|teamsize|p1|4\n|teamsize|p2|4\n|start\n|switch|p1a: Venusaur|Venusaur, L50, F|100/100\n|switch|p1b: Rotom|Rotom-Wash, L50|100/100\n|switch|p2a: Talonflame|Talonflame, L50, M|100/100\n|switch|p2b: Garchomp|Garchomp, L50, F|100/100\n|turn|1\n|\n|t:|1776002646\n|detailschange|p1a: Venusaur|Venusaur-Mega, L50, F\n|-mega|p1a: Venusaur|Venusaur|Venusaurite\n|move|p2a: Talonflame|Acrobatics|p1a: Venusaur\n|-supereffective|p1a: Venusaur|1\n|-damage|p1a: Venusaur|35/100\n|move|p1b: Rotom|Volt Switch|p2a: Talonflame\n|-supereffective|p2a: Talonflame|1\n|-damage|p2a: Talonflame|10/100\n|\n|t:|1776002659\n|switch|p1b: Sneasler|Sneasler, L50, F|100/100|[from] Volt Switch\n|-ability|p1b: Sneasler|Pressure\n|move|p2b: Garchomp|Rock Slide|p1b: Sneasler|[spread] p1b\n|-miss|p2b: Garchomp|p1a: Venusaur\n|-resisted|p1b: Sneasler|1\n|-damage|p1b: Sneasler|83/100\n|move|p1a: Venusaur|Leech Seed|p2b: Garchomp\n|-start|p2b: Garchomp|move: Leech Seed\n|\n|-damage|p2b: Garchomp|88/100|[from] Leech Seed|[of] p1a: Venusaur\n|-heal|p1a: Venusaur|48/100|[silent]\n|upkeep\n|turn|2\n|\n|t:|1776002693\n|move|p1b: Sneasler|Fake Out|p2a: Talonflame\n|-crit|p2a: Talonflame\n|-damage|p2a: Talonflame|0 fnt\n|faint|p2a: Talonflame\n|move|p2b: Garchomp|Earthquake|p1a: Venusaur|[spread] p1a,p1b\n|-supereffective|p1b: Sneasler|1\n|-damage|p1a: Venusaur|10/100\n|-damage|p1b: Sneasler|0 fnt\n|faint|p1b: Sneasler\n|move|p1a: Venusaur|Giga Drain|p2b: Garchomp\n|-damage|p2b: Garchomp|55/100\n|-heal|p1a: Venusaur|26/100|[from] drain|[of] p2b: Garchomp\n|\n|-damage|p2b: Garchomp|43/100|[from] Leech Seed|[of] p1a: Venusaur\n|-heal|p1a: Venusaur|39/100|[silent]\n|upkeep\n|\n|t:|1776002707\n|switch|p2a: Floette|Floette-Eternal, L50, F|100/100\n|switch|p1b: Rotom|Rotom-Wash, L50|100/100\n|turn|3\n|\n|t:|1776002733\n|detailschange|p2a: Floette|Floette-Mega, L50, F\n|-mega|p2a: Floette|Floette|Floettite\n|-ability|p2a: Floette|Fairy Aura\n|move|p1a: Venusaur|Protect|p1a: Venusaur\n|-singleturn|p1a: Venusaur|Protect\n|move|p1b: Rotom|Electroweb|p2b: Garchomp|[spread] p2a\n|-immune|p2b: Garchomp\n|-damage|p2a: Floette|88/100\n|-unboost|p2a: Floette|spe|1\n|move|p2b: Garchomp|Rock Slide|p1a: Venusaur|[spread] p1b\n|-activate|p1a: Venusaur|move: Protect\n|-damage|p1b: Rotom|78/100\n|move|p2a: Floette|Dazzling Gleam|p1b: Rotom|[spread] p1b\n|-activate|p1a: Venusaur|move: Protect\n|-damage|p1b: Rotom|10/100\n|\n|-damage|p2b: Garchomp|30/100|[from] Leech Seed|[of] p1a: Venusaur\n|-heal|p1a: Venusaur|51/100|[silent]\n|upkeep\n|turn|4\n|\n|t:|1776002767\n|switch|p2a: Aegislash|Aegislash, L50, F|100/100\n|move|p1b: Rotom|Electroweb|p2b: Garchomp|[spread] p2a\n|-immune|p2b: Garchomp\n|-damage|p2a: Aegislash|85/100\n|-unboost|p2a: Aegislash|spe|1\n|move|p2b: Garchomp|Rock Slide|p1b: Rotom|[spread] p1b\n|-miss|p2b: Garchomp|p1a: Venusaur\n|-damage|p1b: Rotom|0 fnt\n|faint|p1b: Rotom\n|move|p1a: Venusaur|Sludge Bomb|p2a: Aegislash\n|-immune|p2a: Aegislash\n|\n|-damage|p2b: Garchomp|18/100|[from] Leech Seed|[of] p1a: Venusaur\n|-heal|p1a: Venusaur|64/100|[silent]\n|upkeep\n|\n|t:|1776002782\n|switch|p1b: Garchomp|Garchomp, L50, F|100/100\n|turn|5\n|\n|t:|1776002809\n|move|p2a: Aegislash|Wide Guard|p2a: Aegislash\n|-singleturn|p2a: Aegislash|Wide Guard\n|move|p2b: Garchomp|Earthquake|p1b: Garchomp|[spread] p1a,p1b\n|-activate|p2a: Aegislash|move: Wide Guard\n|-damage|p1a: Venusaur|26/100\n|-damage|p1b: Garchomp|53/100\n|move|p1b: Garchomp|Earthquake|p2a: Aegislash|[spread] p1a\n|-activate|p2a: Aegislash|move: Wide Guard\n|-activate|p2b: Garchomp|move: Wide Guard\n|-damage|p1a: Venusaur|0 fnt\n|faint|p1a: Venusaur\n|\n|upkeep\n|turn|6\n|-message|Chema_1024 forfeited.\n|\n|win|RNKnight\n|raw|Chema_1024's rating: 1054 &rarr; <strong>1040</strong><br />(-14 for losing)\n|raw|RNKnight's rating: 1133 &rarr; <strong>1152</strong><br />(+19 for winning)\n|l|\u2606Chema_1024\n|player|p1|\n",
  "uploadtime": 1776002866,
  "views": 16,
  "formatid": "gen9championsvgc2026regma",
  "rating": 1040,
  "private": 0,
  "password": null
}