{
  "id": "gen9championsvgc2026regma-2588349762",
  "format": "[Gen 9 Champions] VGC 2026 Reg M-A",
  "players": [
    "TheCluelessEngi",
    "1#MiraidonHater"
  ],
  "log": "|j|\u2606TheCluelessEngi\n|j|\u26061#MiraidonHater\n|t:|1776626233\n|gametype|doubles\n|player|p1|TheCluelessEngi|emmet|1418\n|player|p2|1#MiraidonHater|volkner|1503\n|gen|9\n|tier|[Gen 9 Champions] VGC 2026 Reg M-A\n|rated|\n|rule|Species Clause: Limit one of each Pok\u00e9mon\n|rule|Item Clause: Limit 1 of each item\n|clearpoke\n|poke|p1|Delphox, L50, F|\n|poke|p1|Basculegion, L50, M|\n|poke|p1|Aerodactyl, L50, M|\n|poke|p1|Sneasler, L50, M|\n|poke|p1|Garchomp, L50, M|\n|poke|p1|Kingambit, L50, M|\n|poke|p2|Gardevoir, L50, M|\n|poke|p2|Basculegion, L50, M|\n|poke|p2|Tsareena, L50, F|\n|poke|p2|Incineroar, L50, M|\n|poke|p2|Pelipper, L50, F|\n|poke|p2|Archaludon, L50, M|\n|teampreview|4\n1#MiraidonHater has agreed to open team sheets.\n|\n|t:|1776626284\n|teamsize|p1|4\n|teamsize|p2|4\n|start\n|switch|p1a: Aerodactyl|Aerodactyl, L50, M|100/100\n|switch|p1b: Delphox|Delphox, L50, F|100/100\n|switch|p2a: Dop Dururum|Basculegion, L50, M|100/100\n|switch|p2b: Bohemian Rhapsody|Pelipper, L50, F|100/100\n|-ability|p1a: Aerodactyl|Unnerve\n|-weather|RainDance|[from] ability: Drizzle|[of] p2b: Bohemian Rhapsody\n|turn|1\n|\n|t:|1776626305\n|switch|p1b: Sneasler|Sneasler, L50, M|100/100\n|move|p2a: Dop Dururum|Flip Turn|p1a: Aerodactyl\n|-supereffective|p1a: Aerodactyl|1\n|-enditem|p1a: Aerodactyl|Focus Sash\n|-damage|p1a: Aerodactyl|1/100\n|\n|t:|1776626313\n|switch|p2a: Bishow|Gardevoir, L50, M|100/100|[from] Flip Turn\n|-ability|p2a: Bishow|Unnerve|Trace|[from] ability: Trace|[of] p1a: Aerodactyl\n|-ability|p2a: Bishow|Unnerve\n|move|p1a: Aerodactyl|Tailwind|p1a: Aerodactyl\n|-sidestart|p1: TheCluelessEngi|move: Tailwind\n|move|p2b: Bohemian Rhapsody|Tailwind|p2b: Bohemian Rhapsody\n|-sidestart|p2: 1#MiraidonHater|move: Tailwind\n|\n|-weather|RainDance|[upkeep]\n|upkeep\n|turn|2\n|\n|t:|1776626350\n|switch|p2a: Dop Dururum|Basculegion, L50, M|100/100\n|move|p1b: Sneasler|Fake Out|p2a: Dop Dururum\n|-immune|p2a: Dop Dururum\n|move|p2b: Bohemian Rhapsody|Wide Guard|p2b: Bohemian Rhapsody\n|-singleturn|p2b: Bohemian Rhapsody|Wide Guard\n|move|p1a: Aerodactyl|Rock Slide|p2a: Dop Dururum|[spread] \n|-activate|p2a: Dop Dururum|move: Wide Guard\n|-activate|p2b: Bohemian Rhapsody|move: Wide Guard\n|\n|-weather|RainDance|[upkeep]\n|upkeep\n|turn|3\n|\n|t:|1776626388\n|move|p2b: Bohemian Rhapsody|Wide Guard|p2b: Bohemian Rhapsody\n|-singleturn|p2b: Bohemian Rhapsody|Wide Guard\n|move|p2a: Dop Dururum|Wave Crash|p1b: Sneasler\n|-damage|p1b: Sneasler|0 fnt\n|faint|p1b: Sneasler\n|-damage|p2a: Dop Dururum|72/100|[from] Recoil\n|move|p1a: Aerodactyl|Rock Slide|p2b: Bohemian Rhapsody|[spread] \n|-activate|p2a: Dop Dururum|move: Wide Guard\n|-activate|p2b: Bohemian Rhapsody|move: Wide Guard\n|\n|-weather|RainDance|[upkeep]\n|upkeep\n|\n|t:|1776626398\n|switch|p1b: Kingambit|Kingambit, L50, M|100/100\n|turn|4\n|\n|t:|1776626403\n|switch|p2b: Killer Queen|Tsareena, L50, F|100/100\n|move|p1a: Aerodactyl|Protect|p1a: Aerodactyl\n|-singleturn|p1a: Aerodactyl|Protect\n|move|p2a: Dop Dururum|Wave Crash|p1b: Kingambit\n|-damage|p1b: Kingambit|13/100\n|-damage|p2a: Dop Dururum|42/100|[from] Recoil\n|move|p1b: Kingambit|Kowtow Cleave|p2a: Dop Dururum\n|-supereffective|p2a: Dop Dururum|1\n|-damage|p2a: Dop Dururum|0 fnt\n|faint|p2a: Dop Dururum\n|\n|-weather|RainDance|[upkeep]\n|-sideend|p1: TheCluelessEngi|move: Tailwind\n|-sideend|p2: 1#MiraidonHater|move: Tailwind\n|upkeep\n|\n|t:|1776626419\n|switch|p2a: Bohemian Rhapsody|Pelipper, L50, F|100/100\n|turn|5\n|\n|t:|1776626442\n|move|p1a: Aerodactyl|Tailwind|p1a: Aerodactyl\n|-sidestart|p1: TheCluelessEngi|move: Tailwind\n|move|p1b: Kingambit|Kowtow Cleave|p2b: Killer Queen\n|-damage|p2b: Killer Queen|46/100\n|move|p2a: Bohemian Rhapsody|Tailwind|p2a: Bohemian Rhapsody\n|-sidestart|p2: 1#MiraidonHater|move: Tailwind\n|move|p2b: Killer Queen|Trop Kick|p1a: Aerodactyl\n|-damage|p1a: Aerodactyl|0 fnt\n|-enditem|p2b: Killer Queen|Sitrus Berry|[eat]\n|-heal|p2b: Killer Queen|71/100|[from] item: Sitrus Berry\n|faint|p1a: Aerodactyl\n|\n|-weather|none\n|upkeep\n|\n|t:|1776626450\n|switch|p1a: Delphox|Delphox, L50, F|100/100\n|turn|6\n|\n|t:|1776626459\n|detailschange|p1a: Delphox|Delphox-Mega, L50, F\n|-mega|p1a: Delphox|Delphox|Delphoxite\n|move|p2a: Bohemian Rhapsody|Wide Guard|p2a: Bohemian Rhapsody\n|-singleturn|p2a: Bohemian Rhapsody|Wide Guard\n|move|p1a: Delphox|Heat Wave|p2a: Bohemian Rhapsody|[spread] \n|-activate|p2a: Bohemian Rhapsody|move: Wide Guard\n|-activate|p2b: Killer Queen|move: Wide Guard\n|move|p2b: Killer Queen|Low Kick|p1b: Kingambit\n|-supereffective|p1b: Kingambit|2\n|-damage|p1b: Kingambit|0 fnt\n|faint|p1b: Kingambit\n|\n|upkeep\n|turn|7\n|-message|TheCluelessEngi forfeited.\n|\n|win|1#MiraidonHater\n",
  "uploadtime": 1776626235,
  "views": 9,
  "formatid": "gen9championsvgc2026regma",
  "rating": null,
  "private": 0,
  "password": null
}