{
  "id": "gen9championsvgc2026regma-2584515401",
  "format": "[Gen 9 Champions] VGC 2026 Reg M-A",
  "players": [
    "Giftedyew",
    "chzao"
  ],
  "log": "|j|\u2606Giftedyew\n|j|\u2606chzao\n|t:|1776265947\n|gametype|doubles\n|player|p1|Giftedyew|102|1366\n|player|p2|chzao|clay|1350\n|gen|9\n|tier|[Gen 9 Champions] VGC 2026 Reg M-A\n|rated|\n|rule|Species Clause: Limit one of each Pok\u00e9mon\n|rule|Item Clause: Limit 1 of each item\n|clearpoke\n|poke|p1|Floette-Eternal, L50, F|\n|poke|p1|Aerodactyl, L50, M|\n|poke|p1|Sneasler, L50, M|\n|poke|p1|Kingambit, L50, F|\n|poke|p1|Basculegion, L50, M|\n|poke|p1|Maushold-Four, L50|\n|poke|p2|Meganium, L50, M|\n|poke|p2|Aerodactyl, L50, F|\n|poke|p2|Archaludon, L50, F|\n|poke|p2|Typhlosion-Hisui, L50, M|\n|poke|p2|Tauros-Paldea-Aqua, L50, M|\n|poke|p2|Kangaskhan, L50, F|\n|teampreview|4\n|inactive|Battle timer is ON: inactive players will automatically lose when time's up. (requested by chzao)\n|inactive|chzao has 60 seconds left.\n|\n|t:|1776266012\n|teamsize|p1|4\n|teamsize|p2|4\n|start\n|switch|p1a: Aerodactyl|Aerodactyl, L50, M|100/100\n|switch|p1b: Basculegion|Basculegion, L50, M|100/100\n|switch|p2a: Typhlosion|Typhlosion-Hisui, L50, M|100/100\n|switch|p2b: Aerodactyl|Aerodactyl, L50, F|100/100\n|-ability|p2b: Aerodactyl|Unnerve\n|-ability|p1a: Aerodactyl|Unnerve\n|-item|p1a: Aerodactyl|Focus Sash|[from] ability: Frisk|[of] p2a: Typhlosion\n|-item|p1b: Basculegion|Choice Scarf|[from] ability: Frisk|[of] p2a: Typhlosion\n|turn|1\n|\n|t:|1776266024\n|move|p2a: Typhlosion|Shadow Ball|p1b: Basculegion\n|-supereffective|p1b: Basculegion|1\n|-damage|p1b: Basculegion|13/100\n|move|p1b: Basculegion|Flip Turn|p2b: Aerodactyl\n|-supereffective|p2b: Aerodactyl|1\n|-enditem|p2b: Aerodactyl|Focus Sash\n|-damage|p2b: Aerodactyl|1/100\n|\n|t:|1776266040\n|switch|p1b: Floette|Floette-Eternal, L50, F|100/100|[from] Flip Turn\n|move|p1a: Aerodactyl|Rock Slide|p2a: Typhlosion|[spread] p2a,p2b\n|-supereffective|p2a: Typhlosion|1\n|-supereffective|p2b: Aerodactyl|1\n|-damage|p2a: Typhlosion|20/100\n|-damage|p2b: Aerodactyl|0 fnt\n|faint|p2b: Aerodactyl\n|\n|upkeep\n|\n|t:|1776266052\n|switch|p2b: Kangaskhan|Kangaskhan, L50, F|100/100\n|turn|2\n|\n|t:|1776266065\n|detailschange|p2b: Kangaskhan|Kangaskhan-Mega, L50, F\n|-mega|p2b: Kangaskhan|Kangaskhan|Kangaskhanite\n|detailschange|p1b: Floette|Floette-Mega, L50, F\n|-mega|p1b: Floette|Floette|Floettite\n|-ability|p1b: Floette|Fairy Aura\n|move|p1a: Aerodactyl|Protect|p1a: Aerodactyl\n|-singleturn|p1a: Aerodactyl|Protect\n|move|p1b: Floette|Protect|p1b: Floette\n|-singleturn|p1b: Floette|Protect\n|move|p2b: Kangaskhan|Fake Out|p1a: Aerodactyl\n|-activate|p1a: Aerodactyl|move: Protect\n|move|p2a: Typhlosion|Shadow Ball|p1b: Floette\n|-activate|p1b: Floette|move: Protect\n|\n|upkeep\n|turn|3\n|\n|t:|1776266082\n|switch|p1b: Basculegion|Basculegion, L50, M|13/100\n|move|p2a: Typhlosion|Shadow Ball|p1a: Aerodactyl\n|-damage|p1a: Aerodactyl|48/100\n|move|p1a: Aerodactyl|Tailwind|p1a: Aerodactyl\n|-sidestart|p1: Giftedyew|move: Tailwind\n|move|p2b: Kangaskhan|Double-Edge|p1b: Basculegion\n|-immune|p1b: Basculegion\n|\n|upkeep\n|turn|4\n|\n|t:|1776266094\n|move|p2b: Kangaskhan|Sucker Punch|p1b: Basculegion\n|-supereffective|p1b: Basculegion|1\n|-damage|p1b: Basculegion|0 fnt\n|faint|p1b: Basculegion\n|-hitcount|p1: Basculegion|1\n|move|p1a: Aerodactyl|Rock Slide|p2b: Kangaskhan|[spread] p2a,p2b\n|-supereffective|p2a: Typhlosion|1\n|-damage|p2a: Typhlosion|0 fnt\n|-damage|p2b: Kangaskhan|75/100\n|faint|p2a: Typhlosion\n|\n|upkeep\n|\n|t:|1776266102\n|switch|p2a: Archaludon|Archaludon, L50, F|100/100\n|switch|p1b: Sneasler|Sneasler, L50, M|100/100\n|turn|5\n|\n|t:|1776266114\n|switch|p1a: Floette|Floette-Mega, L50, F|100/100\n|-ability|p1a: Floette|Fairy Aura\n|move|p2a: Archaludon|Protect|p2a: Archaludon\n|-singleturn|p2a: Archaludon|Protect\n|move|p1b: Sneasler|Close Combat|p2b: Kangaskhan\n|-supereffective|p2b: Kangaskhan|1\n|-damage|p2b: Kangaskhan|0 fnt\n|-unboost|p1b: Sneasler|def|1\n|-unboost|p1b: Sneasler|spd|1\n|faint|p2b: Kangaskhan\n|-enditem|p1b: Sneasler|White Herb\n|-clearnegativeboost|p1b: Sneasler|[silent]\n|\n|upkeep\n|turn|6\n|\n|t:|1776266122\n|move|p1b: Sneasler|Close Combat|p2a: Archaludon\n|-supereffective|p2a: Archaludon|1\n|-ability|p2a: Archaludon|Sturdy\n|-damage|p2a: Archaludon|1/100\n|-unboost|p1b: Sneasler|def|1\n|-unboost|p1b: Sneasler|spd|1\n|move|p1a: Floette|Moonblast|p2a: Archaludon\n|-damage|p2a: Archaludon|0 fnt\n|faint|p2a: Archaludon\n|\n|win|Giftedyew\n|raw|Giftedyew's rating: 1366 &rarr; <strong>1385</strong><br />(+19 for winning)\n|raw|chzao's rating: 1350 &rarr; <strong>1331</strong><br />(-19 for losing)\n|l|\u2606chzao\n|player|p2|\n|l|\u2606Giftedyew\n|player|p1|\n",
  "uploadtime": 1776266150,
  "views": 28,
  "formatid": "gen9championsvgc2026regma",
  "rating": 1331,
  "private": 0,
  "password": null
}