{
  "id": "gen9championsvgc2026regma-2581145430",
  "format": "[Gen 9 Champions] VGC 2026 Reg M-A",
  "players": [
    "TheFlamingSponge",
    "KIN07"
  ],
  "log": "|j|\u2606TheFlamingSponge\n|j|\u2606KIN07\n|t:|1775964255\n|gametype|doubles\n|player|p1|TheFlamingSponge|roxie|1078\n|player|p2|KIN07|hilda-wonderlauncher|1089\n|gen|9\n|tier|[Gen 9 Champions] VGC 2026 Reg M-A\n|rated|\n|rule|Species Clause: Limit one of each Pok\u00e9mon\n|rule|Item Clause: Limit 1 of each item\n|clearpoke\n|poke|p1|Glimmora, L50, F|\n|poke|p1|Whimsicott, L50, M|\n|poke|p1|Incineroar, L50, F|\n|poke|p1|Rotom-Wash, L50|\n|poke|p1|Tyranitar, L50, M|\n|poke|p1|Sneasler, L50, M|\n|poke|p2|Aerodactyl, L50, F|\n|poke|p2|Floette-Eternal, L50, F|\n|poke|p2|Incineroar, L50, F|\n|poke|p2|Kingambit, L50, M|\n|poke|p2|Sneasler, L50, F|\n|poke|p2|Sinistcha, L50|\n|teampreview|4\n|inactive|Battle timer is ON: inactive players will automatically lose when time's up. (requested by KIN07)\n|inactive|TheFlamingSponge also wants the timer to be on.\n|inactive|KIN07 has 60 seconds left.\n|inactive|KIN07 has 30 seconds left.\n|inactive|KIN07 has 20 seconds left.\n|\n|t:|1775964326\n|teamsize|p1|4\n|teamsize|p2|4\n|start\n|switch|p1a: Whimsicott|Whimsicott, L50, M, shiny|100/100\n|switch|p1b: Rotom|Rotom-Wash, L50, shiny|100/100\n|switch|p2a: Incineroar|Incineroar, L50, F|100/100\n|switch|p2b: Kingambit|Kingambit, L50, M|100/100\n|-ability|p2a: Incineroar|Intimidate|boost\n|-unboost|p1a: Whimsicott|atk|1\n|-unboost|p1b: Rotom|atk|1\n|turn|1\n|inactive|TheFlamingSponge has 30 seconds left.\n|\n|t:|1775964355\n|move|p2a: Incineroar|Fake Out|p1a: Whimsicott\n|-damage|p1a: Whimsicott|91/100\n|cant|p1a: Whimsicott|flinch\n|move|p1b: Rotom|Hydro Pump|p2a: Incineroar\n|-supereffective|p2a: Incineroar|1\n|-damage|p2a: Incineroar|32/100\n|move|p2b: Kingambit|Iron Head|p1a: Whimsicott\n|-supereffective|p1a: Whimsicott|1\n|-damage|p1a: Whimsicott|11/100\n|\n|upkeep\n|turn|2\n|inactive|KIN07 has 30 seconds left.\n|inactive|KIN07 has 20 seconds left.\n|inactive|KIN07 has 15 seconds left.\n|\n|t:|1775964395\n|switch|p2a: Floette|Floette-Eternal, L50, F|100/100\n|move|p1a: Whimsicott|Encore||[still]\n|-fail|p1a: Whimsicott\n|move|p1b: Rotom|Volt Switch|p2b: Kingambit\n|-damage|p2b: Kingambit|66/100\n|\n|t:|1775964402\n|switch|p1b: Glimmora|Glimmora, L50, F, shiny|100/100|[from] Volt Switch\n|move|p2b: Kingambit|Iron Head|p1a: Whimsicott\n|-supereffective|p1a: Whimsicott|1\n|-damage|p1a: Whimsicott|0 fnt\n|faint|p1a: Whimsicott\n|\n|upkeep\n|\n|t:|1775964412\n|switch|p1a: Rotom|Rotom-Wash, L50, shiny|100/100\n|turn|3\n|inactive|TheFlamingSponge has 30 seconds left.\n|inactive|KIN07 has 30 seconds left.\n|\n|t:|1775964439\n|detailschange|p1b: Glimmora|Glimmora-Mega, L50, F, shiny\n|-mega|p1b: Glimmora|Glimmora|Glimmoranite\n|detailschange|p2a: Floette|Floette-Mega, L50, F\n|-mega|p2a: Floette|Floette|Floettite\n|-ability|p2a: Floette|Fairy Aura\n|move|p2a: Floette|Protect|p2a: Floette\n|-singleturn|p2a: Floette|Protect\n|move|p1b: Glimmora|Earth Power|p2b: Kingambit\n|-supereffective|p2b: Kingambit|1\n|-damage|p2b: Kingambit|0 fnt\n|faint|p2b: Kingambit\n|move|p1a: Rotom|Hydro Pump|p2a: Floette\n|-activate|p2a: Floette|move: Protect\n|\n|upkeep\n|\n|t:|1775964453\n|switch|p2b: Incineroar|Incineroar, L50, F|32/100\n|-ability|p2b: Incineroar|Intimidate|boost\n|-unboost|p1a: Rotom|atk|1\n|-unboost|p1b: Glimmora|atk|1\n|turn|4\n|inactive|KIN07 has 30 seconds left.\n|inactive|KIN07 has 20 seconds left.\n|inactive|KIN07 has 15 seconds left.\n|inactive|KIN07 has 10 seconds left.\n|\n|t:|1775964500\n|switch|p1a: Incineroar|Incineroar, L50, F, shiny|100/100\n|-ability|p1a: Incineroar|Intimidate|boost\n|-unboost|p2a: Floette|atk|1\n|-unboost|p2b: Incineroar|atk|1\n|move|p1b: Glimmora|Spiky Shield|p1b: Glimmora\n|-singleturn|p1b: Glimmora|move: Protect\n|move|p2b: Incineroar|Fake Out|p1b: Glimmora\n|-activate|p1b: Glimmora|move: Protect\n|-damage|p2b: Incineroar|20/100|[from] Spiky Shield|[of] p1b: Glimmora\n|move|p2a: Floette|Moonblast|p1b: Glimmora\n|-activate|p1b: Glimmora|move: Protect\n|\n|upkeep\n|turn|5\n|\n|t:|1775964517\n|switch|p2b: Sneasler|Sneasler, L50, F|100/100\n|move|p2a: Floette|Protect|p2a: Floette\n|-singleturn|p2a: Floette|Protect\n|move|p1a: Incineroar|Fake Out|p2a: Floette\n|-activate|p2a: Floette|move: Protect\n|move|p1b: Glimmora|Sludge Bomb|p2a: Floette\n|-activate|p2a: Floette|move: Protect\n|\n|upkeep\n|turn|6\n|inactive|TheFlamingSponge has 30 seconds left.\n|inactive|KIN07 has 30 seconds left.\n|inactive|TheFlamingSponge has 20 seconds left.\n|inactive|KIN07 has 20 seconds left.\n|inactive|TheFlamingSponge has 15 seconds left.\n|\n|t:|1775964559\n|switch|p1b: Rotom|Rotom-Wash, L50, shiny|100/100\n|move|p2b: Sneasler|Close Combat|p1a: Incineroar\n|-supereffective|p1a: Incineroar|1\n|-damage|p1a: Incineroar|0 fnt\n|-unboost|p2b: Sneasler|def|1\n|-unboost|p2b: Sneasler|spd|1\n|faint|p1a: Incineroar\n|-enditem|p2b: Sneasler|White Herb\n|-clearnegativeboost|p2b: Sneasler|[silent]\n|move|p2a: Floette|Calm Mind|p2a: Floette\n|-boost|p2a: Floette|spa|1\n|-boost|p2a: Floette|spd|1\n|\n|upkeep\n|\n|t:|1775964570\n|switch|p1a: Glimmora|Glimmora-Mega, L50, F, shiny|100/100\n|turn|7\n|\n|t:|1775964593\n|move|p2b: Sneasler|Close Combat|p1a: Glimmora\n|-damage|p1a: Glimmora|34/100\n|-unboost|p2b: Sneasler|def|1\n|-unboost|p2b: Sneasler|spd|1\n|move|p1a: Glimmora|Earth Power|p2b: Sneasler\n|-supereffective|p2b: Sneasler|1\n|-damage|p2b: Sneasler|0 fnt\n|faint|p2b: Sneasler\n|move|p2a: Floette|Moonblast|p1b: Rotom\n|-damage|p1b: Rotom|2/100\n|move|p1b: Rotom|Hydro Pump|p2a: Floette\n|-damage|p2a: Floette|77/100\n|\n|-heal|p1b: Rotom|8/100|[from] item: Leftovers\n|upkeep\n|\n|t:|1775964598\n|switch|p2b: Incineroar|Incineroar, L50, F|20/100\n|-ability|p2b: Incineroar|Intimidate|boost\n|-unboost|p1a: Glimmora|atk|1\n|-unboost|p1b: Rotom|atk|1\n|turn|8\n|\n|t:|1775964606\n|move|p1a: Glimmora|Spiky Shield|p1a: Glimmora\n|-singleturn|p1a: Glimmora|move: Protect\n|move|p2b: Incineroar|Fake Out|p1a: Glimmora\n|-activate|p1a: Glimmora|move: Protect\n|-damage|p2b: Incineroar|7/100|[from] Spiky Shield|[of] p1a: Glimmora\n|move|p2a: Floette|Dazzling Gleam|p1b: Rotom|[spread] p1b\n|-activate|p1a: Glimmora|move: Protect\n|-damage|p1b: Rotom|0 fnt\n|faint|p1b: Rotom\n|\n|upkeep\n|turn|9\n|\n|t:|1775964614\n|move|p1a: Glimmora|Sludge Bomb|p2a: Floette\n|-supereffective|p2a: Floette|1\n|-damage|p2a: Floette|7/100\n|move|p2a: Floette|Moonblast|p1a: Glimmora\n|-resisted|p1a: Glimmora|1\n|-damage|p1a: Glimmora|0 fnt\n|faint|p1a: Glimmora\n|\n|win|KIN07\n|raw|TheFlamingSponge's rating: 1078 &rarr; <strong>1057</strong><br />(-21 for losing)\n|raw|KIN07's rating: 1089 &rarr; <strong>1115</strong><br />(+26 for winning)\n|l|\u2606TheFlamingSponge\n|player|p1|\n",
  "uploadtime": 1775964630,
  "views": 12,
  "formatid": "gen9championsvgc2026regma",
  "rating": 1057,
  "private": 0,
  "password": null
}