{
  "id": "gen9championsvgc2026regma-2587448083",
  "format": "[Gen 9 Champions] VGC 2026 Reg M-A",
  "players": [
    "Hasagy",
    "Alltret"
  ],
  "log": "|j|\u2606Hasagy\n|j|\u2606Alltret\n|t:|1776532650\n|gametype|doubles\n|player|p1|Hasagy|266|1045\n|player|p2|Alltret|dragontamer|1000\n|gen|9\n|tier|[Gen 9 Champions] VGC 2026 Reg M-A\n|rated|\n|rule|Species Clause: Limit one of each Pok\u00e9mon\n|rule|Item Clause: Limit 1 of each item\n|clearpoke\n|poke|p1|Hippowdon, L50, M|\n|poke|p1|Aggron, L50, M|\n|poke|p1|Garchomp, L50, M|\n|poke|p1|Incineroar, L50, M|\n|poke|p1|Kleavor, L50, M|\n|poke|p1|Emolga, L50, F|\n|poke|p2|Meganium, L50, M|\n|poke|p2|Pelipper, L50, F|\n|poke|p2|Archaludon, L50, M|\n|poke|p2|Heliolisk, L50, M|\n|poke|p2|Tauros-Paldea-Aqua, L50, M|\n|poke|p2|Kangaskhan, L50, F|\n|teampreview|4\n|inactive|Battle timer is ON: inactive players will automatically lose when time's up. (requested by Hasagy)\nHasagy rejected open team sheets.\n|\n|t:|1776532683\n|teamsize|p1|4\n|teamsize|p2|4\n|start\n|switch|p1a: Kleavor|Kleavor, L50, M|100/100\n|switch|p1b: Garchomp|Garchomp, L50, M|100/100\n|switch|p2a: Kangaskhan|Kangaskhan, L50, F|100/100\n|switch|p2b: Tauros|Tauros-Paldea-Aqua, L50, M|100/100\n|-ability|p2b: Tauros|Intimidate|boost\n|-unboost|p1a: Kleavor|atk|1\n|-unboost|p1b: Garchomp|atk|1\n|turn|1\n|\n|t:|1776532702\n|move|p1b: Garchomp|Protect|p1b: Garchomp\n|-singleturn|p1b: Garchomp|Protect\n|move|p1a: Kleavor|Protect|p1a: Kleavor\n|-singleturn|p1a: Kleavor|Protect\n|move|p2a: Kangaskhan|Fake Out|p1a: Kleavor\n|-activate|p1a: Kleavor|move: Protect\n|move|p2b: Tauros|Wave Crash|p1b: Garchomp\n|-activate|p1b: Garchomp|move: Protect\n|\n|upkeep\n|turn|2\n|\n|t:|1776532723\n|detailschange|p2a: Kangaskhan|Kangaskhan-Mega, L50, F\n|-mega|p2a: Kangaskhan|Kangaskhan|Kangaskhanite\n|move|p1b: Garchomp|Dragon Claw|p2b: Tauros\n|-damage|p2b: Tauros|68/100\n|move|p2b: Tauros|Wave Crash|p1a: Kleavor\n|-supereffective|p1a: Kleavor|1\n|-damage|p1a: Kleavor|0 fnt\n|faint|p1a: Kleavor\n|-damage|p2b: Tauros|29/100|[from] Recoil\n|move|p2a: Kangaskhan|Double-Edge|p1b: Garchomp\n|-damage|p1b: Garchomp|31/100\n|-damage|p1b: Garchomp|15/100\n|-hitcount|p1b: Garchomp|2\n|-damage|p2a: Kangaskhan|76/100|[from] Recoil\n|\n|upkeep\n|\n|t:|1776532746\n|switch|p1a: Hippowdon|Hippowdon, L50, M|100/100\n|-weather|Sandstorm|[from] ability: Sand Stream|[of] p1a: Hippowdon\n|turn|3\n|\n|t:|1776532752\n|switch|p2a: Pelipper|Pelipper, L50, F|100/100\n|-weather|RainDance|[from] ability: Drizzle|[of] p2a: Pelipper\n|move|p2b: Tauros|Aqua Jet|p1b: Garchomp\n|-damage|p1b: Garchomp|0 fnt\n|faint|p1b: Garchomp\n|move|p1a: Hippowdon|High Horsepower|p2a: Pelipper\n|-immune|p2a: Pelipper\n|\n|-weather|RainDance|[upkeep]\n|upkeep\n|\n|t:|1776532757\n|switch|p1b: Aggron|Aggron, L50, M|100/100\n|turn|4\n|\n|t:|1776532768\n|detailschange|p1b: Aggron|Aggron-Mega, L50, M\n|-mega|p1b: Aggron|Aggron|Aggronite\n|move|p2b: Tauros|Wave Crash|p1a: Hippowdon\n|-supereffective|p1a: Hippowdon|1\n|-damage|p1a: Hippowdon|0 fnt\n|faint|p1a: Hippowdon\n|-damage|p2b: Tauros|0 fnt|[from] Recoil\n|faint|p2b: Tauros\n|move|p2a: Pelipper|Tailwind|p2a: Pelipper\n|-sidestart|p2: Alltret|move: Tailwind\n|move|p1b: Aggron|Body Press|p2a: Pelipper\n|-resisted|p2a: Pelipper|1\n|-damage|p2a: Pelipper|78/100\n|\n|-weather|RainDance|[upkeep]\n|upkeep\n|\n|t:|1776532780\n|switch|p2b: Archaludon|Archaludon, L50, M|100/100\n|turn|5\n|\n|t:|1776532785\n|move|p2b: Archaludon|Electro Shot||[still]\n|-prepare|p2b: Archaludon|Electro Shot\n|-boost|p2b: Archaludon|spa|1\n|-anim|p2b: Archaludon|Electro Shot|p1b: Aggron\n|-damage|p1b: Aggron|43/100\n|move|p2a: Pelipper|Weather Ball|p1b: Aggron\n|-damage|p1b: Aggron|3/100\n|move|p1b: Aggron|Body Press|p2b: Archaludon\n|-supereffective|p2b: Archaludon|1\n|-damage|p2b: Archaludon|37/100\n|\n|-weather|RainDance|[upkeep]\n|upkeep\n|turn|6\n|\n|t:|1776532795\n|move|p2b: Archaludon|Electro Shot||[still]\n|-prepare|p2b: Archaludon|Electro Shot\n|-boost|p2b: Archaludon|spa|1\n|-anim|p2b: Archaludon|Electro Shot|p1b: Aggron\n|-damage|p1b: Aggron|0 fnt\n|faint|p1b: Aggron\n|\n|win|Alltret\n|raw|Hasagy's rating: 1045 &rarr; <strong>1026</strong><br />(-19 for losing)\n|raw|Alltret's rating: 1000 &rarr; <strong>1045</strong><br />(+45 for winning)\n",
  "uploadtime": 1776532804,
  "views": 15,
  "formatid": "gen9championsvgc2026regma",
  "rating": 1026,
  "private": 0,
  "password": null
}