{
  "id": "gen9championsvgc2026regma-2586888057",
  "format": "[Gen 9 Champions] VGC 2026 Reg M-A",
  "players": [
    "mr sucks at games",
    "loklastaji"
  ],
  "log": "|j|\u2606mr sucks at games\n|j|\u2606loklastaji\n|t:|1776468752\n|gametype|doubles\n|player|p1|mr sucks at games|101|1092\n|player|p2|loklastaji|2|1074\n|gen|9\n|tier|[Gen 9 Champions] VGC 2026 Reg M-A\n|rated|\n|rule|Species Clause: Limit one of each Pok\u00e9mon\n|rule|Item Clause: Limit 1 of each item\n|clearpoke\n|poke|p1|Alakazam, L50, M|\n|poke|p1|Drampa, L50, F|\n|poke|p1|Sinistcha-Masterpiece, L50|\n|poke|p1|Archaludon, L50, F|\n|poke|p1|Aerodactyl, L50, M|\n|poke|p1|Arcanine-Hisui, L50, F|\n|poke|p2|Samurott-Hisui, L50, M|\n|poke|p2|Delphox, L50, M|\n|poke|p2|Tinkaton, L50, F|\n|poke|p2|Decidueye-Hisui, L50, F|\n|poke|p2|Altaria, L50, M|\n|poke|p2|Farigiraf, L50, F|\n|teampreview|4\nmr sucks at games rejected open team sheets.\n|\n|t:|1776468801\n|teamsize|p1|4\n|teamsize|p2|4\n|start\n|switch|p1a: Alakazam|Alakazam, L50, M|100/100\n|switch|p1b: Drampa|Drampa, L50, F|100/100\n|switch|p2a: Tinkaton|Tinkaton, L50, F|100/100\n|switch|p2b: Samurott|Samurott-Hisui, L50, M|100/100\n|-ability|p1b: Drampa|Cloud Nine\n|turn|1\n|\n|t:|1776468820\n|move|p1b: Drampa|Protect|p1b: Drampa\n|-singleturn|p1b: Drampa|Protect\n|move|p2a: Tinkaton|Fake Out|p1b: Drampa\n|-activate|p1b: Drampa|move: Protect\n|move|p1a: Alakazam|Reflect|p1a: Alakazam\n|-sidestart|p1: mr sucks at games|Reflect\n|move|p2b: Samurott|Ceaseless Edge|p1a: Alakazam\n|-supereffective|p1a: Alakazam|1\n|-enditem|p1a: Alakazam|Colbur Berry|[eat]\n|-enditem|p1a: Alakazam|Colbur Berry|[weaken]\n|-damage|p1a: Alakazam|32/100\n|-sidestart|p1: mr sucks at games|Spikes\n|\n|upkeep\n|turn|2\n|\n|t:|1776468840\n|detailschange|p1b: Drampa|Drampa-Mega, L50, F\n|-mega|p1b: Drampa|Drampa|Drampanite\n|move|p1a: Alakazam|Speed Swap|p1b: Drampa\n|-activate|p1a: Alakazam|move: Speed Swap|[of] p1b: Drampa\n|move|p1b: Drampa|Calm Mind|p1b: Drampa\n|-boost|p1b: Drampa|spa|1\n|-boost|p1b: Drampa|spd|1\n|move|p2a: Tinkaton|Gigaton Hammer|p1a: Alakazam\n|-damage|p1a: Alakazam|0 fnt\n|faint|p1a: Alakazam\n|move|p2b: Samurott|Sacred Sword|p1b: Drampa\n|-supereffective|p1b: Drampa|1\n|-damage|p1b: Drampa|50/100\n|-ability|p1b: Drampa|Berserk|boost\n|-boost|p1b: Drampa|spa|1\n|\n|upkeep\n|\n|t:|1776468855\n|switch|p1a: Sinistcha|Sinistcha-Masterpiece, L50|100/100\n|-damage|p1a: Sinistcha|88/100|[from] Spikes\n|-heal|p1b: Drampa|75/100|[from] ability: Hospitality|[of] p1a: Sinistcha\n|turn|3\n|\n|t:|1776468871\n|switch|p2b: Decidueye|Decidueye-Hisui, L50, F|100/100\n|move|p2a: Tinkaton|Protect|p2a: Tinkaton\n|-singleturn|p2a: Tinkaton|Protect\n|move|p1a: Sinistcha|Rage Powder|p1a: Sinistcha\n|-singleturn|p1a: Sinistcha|move: Rage Powder\n|move|p1b: Drampa|Earth Power|p2a: Tinkaton\n|-activate|p2a: Tinkaton|move: Protect\n|\n|upkeep\n|turn|4\n|\n|t:|1776468887\n|switch|p2a: Farigiraf|Farigiraf, L50, F|100/100\n|move|p1b: Drampa|Hyper Voice|p2a: Farigiraf|[spread] p2a,p2b\n|-damage|p2a: Farigiraf|13/100\n|-damage|p2b: Decidueye|5/100\n|move|p2b: Decidueye|Close Combat|p1b: Drampa\n|-supereffective|p1b: Drampa|1\n|-crit|p1b: Drampa\n|-damage|p1b: Drampa|0 fnt\n|-unboost|p2b: Decidueye|def|1\n|-unboost|p2b: Decidueye|spd|1\n|faint|p1b: Drampa\n|move|p1a: Sinistcha|Life Dew|p1a: Sinistcha\n|-heal|p1a: Sinistcha|100/100\n|\n|upkeep\n|\n|t:|1776468895\n|switch|p1b: Aerodactyl|Aerodactyl, L50, M|100/100\n|-ability|p1b: Aerodactyl|Unnerve\n|turn|5\n|c|\u2606mr sucks at games|ofc its a crit\n|\n|t:|1776468947\n|switch|p2b: Samurott|Samurott-Hisui, L50, M|100/100\n|switch|p2a: Tinkaton|Tinkaton, L50, F|100/100\n|move|p1b: Aerodactyl|Rock Slide|p2a: Tinkaton|[spread] p2a,p2b\n|-resisted|p2a: Tinkaton|1\n|-damage|p2a: Tinkaton|86/100\n|-damage|p2b: Samurott|77/100\n|move|p1a: Sinistcha|Shadow Ball|p2b: Samurott\n|-resisted|p2b: Samurott|1\n|-damage|p2b: Samurott|49/100\n|\n|-sideend|p1: mr sucks at games|Reflect\n|upkeep\n|turn|6\n|\n|t:|1776468980\n|move|p1b: Aerodactyl|Protect|p1b: Aerodactyl\n|-singleturn|p1b: Aerodactyl|Protect\n|move|p2a: Tinkaton|Fake Out|p1b: Aerodactyl\n|-activate|p1b: Aerodactyl|move: Protect\n|move|p2b: Samurott|Aqua Cutter|p1b: Aerodactyl\n|-activate|p1b: Aerodactyl|move: Protect\n|move|p1a: Sinistcha|Shadow Ball|p2a: Tinkaton\n|-damage|p2a: Tinkaton|45/100\n|-unboost|p2a: Tinkaton|spd|1\n|\n|upkeep\n|turn|7\n|\n|t:|1776468996\n|move|p2b: Samurott|Sucker Punch|p1b: Aerodactyl\n|-damage|p1b: Aerodactyl|55/100\n|move|p1b: Aerodactyl|Rock Slide|p2a: Tinkaton|[spread] p2a,p2b\n|-resisted|p2a: Tinkaton|1\n|-damage|p2a: Tinkaton|32/100\n|-damage|p2b: Samurott|25/100\n|move|p2a: Tinkaton|Gigaton Hammer|p1b: Aerodactyl\n|-supereffective|p1b: Aerodactyl|1\n|-damage|p1b: Aerodactyl|0 fnt\n|faint|p1b: Aerodactyl\n|move|p1a: Sinistcha|Shadow Ball|p2a: Tinkaton\n|-damage|p2a: Tinkaton|0 fnt\n|faint|p2a: Tinkaton\n|\n|upkeep\n|\n|t:|1776469012\n|switch|p2a: Decidueye|Decidueye-Hisui, L50, F|5/100\n|turn|8\n|inactive|Battle timer is ON: inactive players will automatically lose when time's up. (requested by loklastaji)\n|\n|t:|1776469045\n|move|p2b: Samurott|Sucker Punch|p1a: Sinistcha\n|-supereffective|p1a: Sinistcha|1\n|-damage|p1a: Sinistcha|23/100\n|move|p2a: Decidueye|Brave Bird|p1a: Sinistcha\n|-supereffective|p1a: Sinistcha|1\n|-damage|p1a: Sinistcha|0 fnt\n|faint|p1a: Sinistcha\n|-damage|p2a: Decidueye|0 fnt|[from] Recoil\n|faint|p2a: Decidueye\n|\n|win|loklastaji\n|raw|mr sucks at games's rating: 1092 &rarr; <strong>1067</strong><br />(-25 for losing)\n|raw|loklastaji's rating: 1074 &rarr; <strong>1104</strong><br />(+30 for winning)\n|c|\u2606mr sucks at games|gg\n",
  "uploadtime": 1776469059,
  "views": 20,
  "formatid": "gen9championsvgc2026regma",
  "rating": 1067,
  "private": 0,
  "password": null
}