{
  "id": "gen9championsvgc2026regma-2587389712",
  "format": "[Gen 9 Champions] VGC 2026 Reg M-A",
  "players": [
    "blu3falcon",
    "psouza"
  ],
  "log": "|j|\u2606blu3falcon\n|j|\u2606psouza\n|t:|1776527785\n|gametype|doubles\n|player|p1|blu3falcon|1|1203\n|player|p2|psouza|266|1290\n|gen|9\n|tier|[Gen 9 Champions] VGC 2026 Reg M-A\n|rated|\n|rule|Species Clause: Limit one of each Pok\u00e9mon\n|rule|Item Clause: Limit 1 of each item\n|clearpoke\n|poke|p1|Floette-Eternal, L50, F|\n|poke|p1|Aerodactyl, L50, M|\n|poke|p1|Sneasler, L50, M|\n|poke|p1|Charizard, L50, M|\n|poke|p1|Garchomp, L50, M|\n|poke|p1|Kingambit, L50, F|\n|poke|p2|Sableye, L50, F|\n|poke|p2|Aromatisse, L50, F|\n|poke|p2|Rotom-Heat, L50|\n|poke|p2|Kingambit, L50, F|\n|poke|p2|Pelipper, L50, M|\n|poke|p2|Excadrill, L50, F|\n|teampreview|4\n|inactive|Battle timer is ON: inactive players will automatically lose when time's up. (requested by blu3falcon)\nblu3falcon has agreed to open team sheets.\n|inactive|psouza has 60 seconds left.\n|\n|t:|1776527819\n|teamsize|p1|4\n|teamsize|p2|4\n|start\n|switch|p1a: Floette|Floette-Eternal, L50, F|100/100\n|switch|p1b: Garchomp|Garchomp, L50, M|100/100\n|switch|p2a: Aromatisse|Aromatisse, L50, F|100/100\n|switch|p2b: Excadrill|Excadrill, L50, F|100/100\n|-ability|p2b: Excadrill|Mold Breaker\n|turn|1\n|\n|t:|1776527837\n|detailschange|p2b: Excadrill|Excadrill-Mega, L50, F\n|-mega|p2b: Excadrill|Excadrill|Excadrite\n|move|p1a: Floette|Protect|p1a: Floette\n|-singleturn|p1a: Floette|Protect\n|move|p1b: Garchomp|Earthquake|p2b: Excadrill|[spread] p2a,p2b\n|-activate|p1a: Floette|move: Protect\n|-supereffective|p2b: Excadrill|1\n|-damage|p2a: Aromatisse|73/100\n|-damage|p2b: Excadrill|38/100\n|move|p2b: Excadrill|Iron Head|p1a: Floette\n|-supereffective|p1a: Floette|1\n|-ability|p2b: Excadrill|Piercing Drill\n|-zbroken|p1a: Floette\n|-damage|p1a: Floette|72/100\n|move|p2a: Aromatisse|Trick Room|p2a: Aromatisse\n|-fieldstart|move: Trick Room|[of] p2a: Aromatisse\n|\n|upkeep\n|turn|2\n|inactive|blu3falcon has 30 seconds left.\n|inactive|blu3falcon has 20 seconds left.\n|\n|t:|1776527875\n|switch|p1a: Kingambit|Kingambit, L50, F|100/100\n|switch|p1b: Sneasler|Sneasler, L50, M|100/100\n|-ability|p1b: Sneasler|Pressure\n|move|p2b: Excadrill|Protect|p2b: Excadrill\n|-singleturn|p2b: Excadrill|Protect\n|move|p2a: Aromatisse|Moonblast|p1b: Sneasler\n|-damage|p1b: Sneasler|55/100\n|\n|upkeep\n|turn|3\n|inactive|psouza has 30 seconds left.\n|inactive|psouza has 20 seconds left.\n|inactive|psouza has 15 seconds left.\n|inactive|psouza has 10 seconds left.\n|\n|t:|1776527924\n|move|p2a: Aromatisse|Heal Pulse|p2b: Excadrill\n|-heal|p2b: Excadrill|88/100\n|move|p1a: Kingambit|Iron Head|p2a: Aromatisse\n|-supereffective|p2a: Aromatisse|1\n|-damage|p2a: Aromatisse|2/100\n|move|p2b: Excadrill|High Horsepower|p1b: Sneasler\n|-supereffective|p1b: Sneasler|1\n|-damage|p1b: Sneasler|0 fnt\n|faint|p1b: Sneasler\n|\n|upkeep\n|\n|t:|1776527946\n|switch|p1b: Garchomp|Garchomp, L50, M|100/100\n|turn|4\n|\n|t:|1776527955\n|move|p1a: Kingambit|Protect|p1a: Kingambit\n|-singleturn|p1a: Kingambit|Protect\n|move|p2a: Aromatisse|Heal Pulse|p2b: Excadrill\n|-heal|p2b: Excadrill|100/100\n|move|p2b: Excadrill|High Horsepower|p1a: Kingambit\n|-supereffective|p1a: Kingambit|1\n|-ability|p2b: Excadrill|Piercing Drill\n|-zbroken|p1a: Kingambit\n|-damage|p1a: Kingambit|77/100\n|move|p1b: Garchomp|Stomping Tantrum|p2b: Excadrill\n|-supereffective|p2b: Excadrill|1\n|-damage|p2b: Excadrill|39/100\n|\n|upkeep\n|turn|5\n|\n|t:|1776527973\n|move|p1a: Kingambit|Sucker Punch|p2b: Excadrill\n|-damage|p2b: Excadrill|0 fnt\n|faint|p2b: Excadrill\n|move|p2a: Aromatisse|Heal Pulse|p2: Excadrill|[notarget]\n|-fail|p2a: Aromatisse\n|move|p1b: Garchomp|Stomping Tantrum|p2a: Aromatisse\n|-damage|p2a: Aromatisse|0 fnt\n|faint|p2a: Aromatisse\n|\n|-fieldend|move: Trick Room\n|upkeep\n|\n|t:|1776527978\n|switch|p2b: Kingambit|Kingambit, L50, F|100/100\n|switch|p2a: Pelipper|Pelipper, L50, M|100/100\n|-weather|RainDance|[from] ability: Drizzle|[of] p2a: Pelipper\n|turn|6\n|\n|t:|1776528000\n|move|p2b: Kingambit|Sucker Punch|p1b: Garchomp\n|-damage|p1b: Garchomp|58/100\n|-damage|p2b: Kingambit|88/100|[from] ability: Rough Skin|[of] p1b: Garchomp\n|move|p1b: Garchomp|Stomping Tantrum|p2b: Kingambit\n|-supereffective|p2b: Kingambit|1\n|-crit|p2b: Kingambit\n|-damage|p2b: Kingambit|6/100\n|move|p2a: Pelipper|Weather Ball|p1b: Garchomp\n|-damage|p1b: Garchomp|0 fnt\n|faint|p1b: Garchomp\n|move|p1a: Kingambit|Kowtow Cleave|p2a: Pelipper\n|-damage|p2a: Pelipper|38/100\n|-enditem|p2a: Pelipper|Sitrus Berry|[eat]\n|-heal|p2a: Pelipper|62/100|[from] item: Sitrus Berry\n|\n|-weather|RainDance|[upkeep]\n|upkeep\n|\n|t:|1776528011\n|switch|p1b: Floette|Floette-Eternal, L50, F|72/100\n|turn|7\n|\n|t:|1776528018\n|detailschange|p1b: Floette|Floette-Mega, L50, F\n|-mega|p1b: Floette|Floette|Floettite\n|-ability|p1b: Floette|Fairy Aura\n|move|p2a: Pelipper|Wide Guard|p2a: Pelipper\n|-singleturn|p2a: Pelipper|Wide Guard\n|move|p1a: Kingambit|Sucker Punch|p2b: Kingambit\n|-resisted|p2b: Kingambit|1\n|-damage|p2b: Kingambit|0 fnt\n|faint|p2b: Kingambit\n|move|p1b: Floette|Draining Kiss|p2a: Pelipper\n|-damage|p2a: Pelipper|14/100\n|-heal|p1b: Floette|100/100|[from] drain|[of] p2a: Pelipper\n|\n|-weather|RainDance|[upkeep]\n|upkeep\n|turn|8\n|-message|psouza forfeited.\n|\n|win|blu3falcon\n|raw|blu3falcon's rating: 1203 &rarr; <strong>1234</strong><br />(+31 for winning)\n|raw|psouza's rating: 1290 &rarr; <strong>1259</strong><br />(-31 for losing)\n|l|\u2606psouza\n|player|p2|\n",
  "uploadtime": 1776528033,
  "views": 21,
  "formatid": "gen9championsvgc2026regma",
  "rating": 1234,
  "private": 0,
  "password": null
}