{
  "id": "gen9championsvgc2026regma-2586911525",
  "format": "[Gen 9 Champions] VGC 2026 Reg M-A",
  "players": [
    "AftLeogamer71",
    "mattheusfinco"
  ],
  "log": "|j|\u2606AftLeogamer71\n|j|\u2606mattheusfinco\n|t:|1776471039\n|gametype|doubles\n|player|p1|AftLeogamer71|pokemaniac|1019\n|player|p2|mattheusfinco|gentleman-gen4|1033\n|gen|9\n|tier|[Gen 9 Champions] VGC 2026 Reg M-A\n|rated|\n|rule|Species Clause: Limit one of each Pok\u00e9mon\n|rule|Item Clause: Limit 1 of each item\n|clearpoke\n|poke|p1|Pelipper, L50, M|\n|poke|p1|Dragonite, L50, F|\n|poke|p1|Archaludon, L50, M|\n|poke|p1|Basculegion, L50, M|\n|poke|p1|Sneasler, L50, M|\n|poke|p1|Rotom-Heat, L50|\n|poke|p2|Clawitzer, L50, F|\n|poke|p2|Politoed, L50, F|\n|poke|p2|Farigiraf, L50, F|\n|poke|p2|Sneasler, L50, M|\n|poke|p2|Charizard, L50, F|\n|poke|p2|Corviknight, L50, F|\n|teampreview|4\n|\n|t:|1776471066\n|teamsize|p1|4\n|teamsize|p2|4\n|start\n|switch|p1a: Basculegion|Basculegion, L50, M|100/100\n|switch|p1b: Sneasler|Sneasler, L50, M|100/100\n|switch|p2a: Sneasler|Sneasler, L50, M|100/100\n|switch|p2b: Clawitzer|Clawitzer, L50, F|100/100\n|turn|1\n|\n|t:|1776471112\n|move|p1b: Sneasler|Fake Out|p2b: Clawitzer\n|-damage|p2b: Clawitzer|81/100\n|move|p2a: Sneasler|Fake Out|p1b: Sneasler\n|-damage|p1b: Sneasler|72/100\n|move|p1a: Basculegion|Flip Turn|p2a: Sneasler\n|-damage|p2a: Sneasler|41/100\n|\n|t:|1776471124\n|switch|p1a: Dragonite|Dragonite, L50, F|100/100|[from] Flip Turn\n|cant|p2b: Clawitzer|flinch\n|\n|upkeep\n|turn|2\n|\n|t:|1776471138\n|move|p1b: Sneasler|Protect|p1b: Sneasler\n|-singleturn|p1b: Sneasler|Protect\n|move|p2a: Sneasler|Close Combat|p1b: Sneasler\n|-activate|p1b: Sneasler|move: Protect\n|move|p1a: Dragonite|Tailwind|p1a: Dragonite\n|-sidestart|p1: AftLeogamer71|move: Tailwind\n|move|p2b: Clawitzer|Dragon Pulse|p1a: Dragonite\n|-supereffective|p1a: Dragonite|1\n|-damage|p1a: Dragonite|38/100\n|\n|upkeep\n|turn|3\n|\n|t:|1776471163\n|switch|p1a: Pelipper|Pelipper, L50, M|100/100\n|-weather|RainDance|[from] ability: Drizzle|[of] p1a: Pelipper\n|switch|p2a: Charizard|Charizard, L50, F|100/100\n|move|p2b: Clawitzer|Protect|p2b: Clawitzer\n|-singleturn|p2b: Clawitzer|Protect\n|move|p1b: Sneasler|Close Combat|p2b: Clawitzer\n|-activate|p2b: Clawitzer|move: Protect\n|\n|-weather|RainDance|[upkeep]\n|upkeep\n|turn|4\n|\n|t:|1776471188\n|detailschange|p2a: Charizard|Charizard-Mega-Y, L50, F\n|-mega|p2a: Charizard|Charizard|Charizardite Y\n|-weather|SunnyDay|[from] ability: Drought|[of] p2a: Charizard\n|move|p1b: Sneasler|Close Combat|p2b: Clawitzer\n|-damage|p2b: Clawitzer|2/100\n|-unboost|p1b: Sneasler|def|1\n|-unboost|p1b: Sneasler|spd|1\n|-enditem|p1b: Sneasler|White Herb\n|-clearnegativeboost|p1b: Sneasler|[silent]\n|move|p1a: Pelipper|Weather Ball|p2a: Charizard\n|-resisted|p2a: Charizard|1\n|-damage|p2a: Charizard|79/100\n|move|p2a: Charizard|Scorching Sands|p1b: Sneasler\n|-supereffective|p1b: Sneasler|1\n|-damage|p1b: Sneasler|0 fnt\n|faint|p1b: Sneasler\n|move|p2b: Clawitzer|Dragon Pulse|p1a: Pelipper\n|-damage|p1a: Pelipper|12/100\n|\n|-weather|SunnyDay|[upkeep]\n|upkeep\n|\n|t:|1776471205\n|switch|p1b: Basculegion|Basculegion, L50, M|100/100\n|turn|5\n|\n|t:|1776471226\n|switch|p1a: Dragonite|Dragonite, L50, F|38/100\n|move|p1b: Basculegion|Flip Turn|p2a: Charizard\n|-supereffective|p2a: Charizard|1\n|-damage|p2a: Charizard|31/100\n|\n|t:|1776471232\n|switch|p1b: Pelipper|Pelipper, L50, M|12/100|[from] Flip Turn\n|-weather|RainDance|[from] ability: Drizzle|[of] p1b: Pelipper\n|move|p2a: Charizard|Solar Beam||[still]\n|-prepare|p2a: Charizard|Solar Beam\n|move|p2b: Clawitzer|Dragon Pulse|p1a: Dragonite\n|-supereffective|p1a: Dragonite|1\n|-damage|p1a: Dragonite|0 fnt\n|faint|p1a: Dragonite\n|\n|-weather|RainDance|[upkeep]\n|-sideend|p1: AftLeogamer71|move: Tailwind\n|upkeep\n|\n|t:|1776471243\n|switch|p1a: Basculegion|Basculegion, L50, M|100/100\n|turn|6\n|\n|t:|1776471268\n|move|p1b: Pelipper|Protect|p1b: Pelipper\n|-singleturn|p1b: Pelipper|Protect\n|move|p1a: Basculegion|Aqua Jet|p2a: Charizard\n|-supereffective|p2a: Charizard|1\n|-damage|p2a: Charizard|0 fnt\n|faint|p2a: Charizard\n|move|p2b: Clawitzer|Heal Pulse|p2: Charizard|[notarget]\n|-fail|p2b: Clawitzer\n|\n|-weather|RainDance|[upkeep]\n|upkeep\n|\n|t:|1776471283\n|switch|p2a: Sneasler|Sneasler, L50, M|41/100\n|turn|7\n|\n|t:|1776471298\n|move|p2b: Clawitzer|Protect|p2b: Clawitzer\n|-singleturn|p2b: Clawitzer|Protect\n|move|p2a: Sneasler|Fake Out|p1b: Pelipper\n|-damage|p1b: Pelipper|0 fnt\n|faint|p1b: Pelipper\n|move|p1a: Basculegion|Aqua Jet|p2b: Clawitzer\n|-activate|p2b: Clawitzer|move: Protect\n|\n|-weather|RainDance|[upkeep]\n|upkeep\n|turn|8\n|\n|t:|1776471314\n|switch|p2b: Corviknight|Corviknight, L50, F|100/100\n|move|p1a: Basculegion|Aqua Jet|p2b: Corviknight\n|-crit|p2b: Corviknight\n|-damage|p2b: Corviknight|58/100\n|move|p2a: Sneasler|Dire Claw|p1a: Basculegion\n|-resisted|p1a: Basculegion|1\n|-damage|p1a: Basculegion|70/100\n|\n|-weather|RainDance|[upkeep]\n|-heal|p2b: Corviknight|64/100|[from] item: Leftovers\n|upkeep\n|turn|9\n|\n|t:|1776471338\n|move|p1a: Basculegion|Aqua Jet|p2a: Sneasler\n|-damage|p2a: Sneasler|0 fnt\n|faint|p2a: Sneasler\n|move|p2b: Corviknight|Iron Defense|p2b: Corviknight\n|-boost|p2b: Corviknight|def|2\n|\n|-weather|none\n|-heal|p2b: Corviknight|70/100|[from] item: Leftovers\n|upkeep\n|\n|t:|1776471346\n|switch|p2a: Clawitzer|Clawitzer, L50, F|2/100\n|turn|10\n|\n|t:|1776471364\n|move|p1a: Basculegion|Aqua Jet|p2a: Clawitzer\n|-resisted|p2a: Clawitzer|1\n|-damage|p2a: Clawitzer|0 fnt\n|faint|p2a: Clawitzer\n|move|p2b: Corviknight|Iron Defense|p2b: Corviknight\n|-boost|p2b: Corviknight|def|2\n|\n|-heal|p2b: Corviknight|76/100|[from] item: Leftovers\n|upkeep\n|turn|11\n|\n|t:|1776471373\n|move|p1a: Basculegion|Wave Crash|p2b: Corviknight\n|-damage|p2b: Corviknight|58/100\n|-damage|p1a: Basculegion|64/100|[from] Recoil\n|move|p2b: Corviknight|Brave Bird|p1a: Basculegion\n|-damage|p1a: Basculegion|0 fnt\n|faint|p1a: Basculegion\n|-damage|p2b: Corviknight|33/100|[from] Recoil\n|\n|win|mattheusfinco\n|raw|AftLeogamer71's rating: 1019 &rarr; <strong>1007</strong><br />(-12 for losing)\n|raw|mattheusfinco's rating: 1033 &rarr; <strong>1067</strong><br />(+34 for winning)\n",
  "uploadtime": 1776471385,
  "views": 26,
  "formatid": "gen9championsvgc2026regma",
  "rating": 1007,
  "private": 0,
  "password": null
}