{
  "id": "gen9championsvgc2026regma-2582196992",
  "format": "[Gen 9 Champions] VGC 2026 Reg M-A",
  "players": [
    "E.Kennedy10",
    "Quyt_DZ"
  ],
  "log": "|j|\u2606E.Kennedy10\n|j|\u2606Quyt_DZ\n|t:|1776070115\n|gametype|doubles\n|player|p1|E.Kennedy10|2|1106\n|player|p2|Quyt_DZ|aromalady|1099\n|gen|9\n|tier|[Gen 9 Champions] VGC 2026 Reg M-A\n|rated|\n|rule|Species Clause: Limit one of each Pok\u00e9mon\n|rule|Item Clause: Limit 1 of each item\n|clearpoke\n|poke|p1|Basculegion, L50, M|\n|poke|p1|Kingambit, L50, F|\n|poke|p1|Farigiraf, L50, F|\n|poke|p1|Sneasler, L50, M|\n|poke|p1|Blastoise, L50, M|\n|poke|p1|Aggron, L50, M|\n|poke|p2|Snorlax, L50, M|\n|poke|p2|Gallade, L50, M|\n|poke|p2|Meowstic, L50, M|\n|poke|p2|Ceruledge, L50, F|\n|poke|p2|Kangaskhan, L50, F|\n|poke|p2|Whimsicott, L50, M|\n|teampreview|4\n|inactive|Battle timer is ON: inactive players will automatically lose when time's up. (requested by Quyt_DZ)\n|inactive|E.Kennedy10 has 60 seconds left.\n|inactive|E.Kennedy10 has 30 seconds left.\n|\n|t:|1776070225\n|teamsize|p1|4\n|teamsize|p2|4\n|start\n|switch|p1a: Farigiraf|Farigiraf, L50, F|100/100\n|switch|p1b: Blastoise|Blastoise, L50, M|100/100\n|switch|p2a: Snorlax|Snorlax, L50, M|100/100\n|switch|p2b: Meowstic|Meowstic, L50, M|100/100\n|turn|1\n|inactive|E.Kennedy10 has 30 seconds left.\n|\n|t:|1776070251\n|detailschange|p1b: Blastoise|Blastoise-Mega, L50, M\n|-mega|p1b: Blastoise|Blastoise|Blastoisinite\n|move|p2b: Meowstic|Light Screen|p2b: Meowstic\n|-sidestart|p2: Quyt_DZ|move: Light Screen\n|move|p1b: Blastoise|Water Spout|p2b: Meowstic|[spread] p2a,p2b\n|-damage|p2a: Snorlax|75/100\n|-damage|p2b: Meowstic|61/100\n|move|p2a: Snorlax|Belly Drum|p2a: Snorlax\n|-damage|p2a: Snorlax|25/100\n|-setboost|p2a: Snorlax|atk|6|[from] move: Belly Drum\n|-enditem|p2a: Snorlax|Sitrus Berry|[eat]\n|-heal|p2a: Snorlax|50/100|[from] item: Sitrus Berry\n|move|p1a: Farigiraf|Trick Room|p1a: Farigiraf\n|-fieldstart|move: Trick Room|[of] p1a: Farigiraf\n|\n|upkeep\n|turn|2\n|\n|t:|1776070274\n|move|p1a: Farigiraf|Protect|p1a: Farigiraf\n|-singleturn|p1a: Farigiraf|Protect\n|move|p2b: Meowstic|Psych Up|p2a: Snorlax\n|-copyboost|p2b: Meowstic|p2a: Snorlax|[from] move: Psych Up\n|move|p2a: Snorlax|Thunder Punch|p1b: Blastoise\n|-supereffective|p1b: Blastoise|1\n|-damage|p1b: Blastoise|0 fnt\n|faint|p1b: Blastoise\n|\n|upkeep\n|\n|t:|1776070286\n|switch|p1b: Sneasler|Sneasler, L50, M|100/100\n|turn|3\n|\n|t:|1776070296\n|move|p1b: Sneasler|Fake Out|p2a: Snorlax\n|-damage|p2a: Snorlax|40/100\n|move|p2b: Meowstic|Baton Pass|p2b: Meowstic\n|\n|t:|1776070301\n|switch|p2b: Kangaskhan|Kangaskhan, L50, F, shiny|100/100|[from] Baton Pass\n|cant|p2a: Snorlax|flinch\n|move|p1a: Farigiraf|Hyper Voice|p2b: Kangaskhan|[spread] p2a,p2b\n|-damage|p2a: Snorlax|31/100\n|-damage|p2b: Kangaskhan|84/100\n|\n|upkeep\n|turn|4\n|\n|t:|1776070322\n|detailschange|p2b: Kangaskhan|Kangaskhan-Mega, L50, F, shiny\n|-mega|p2b: Kangaskhan|Kangaskhan|Kangaskhanite\n|move|p2a: Snorlax|Heat Crash|p1b: Sneasler\n|-enditem|p1b: Sneasler|Focus Sash\n|-damage|p1b: Sneasler|1/100\n|move|p1a: Farigiraf|Psychic|p2b: Kangaskhan\n|-damage|p2b: Kangaskhan|64/100\n|move|p2b: Kangaskhan|Drain Punch|p1a: Farigiraf\n|-damage|p1a: Farigiraf|0 fnt\n|-heal|p2b: Kangaskhan|100/100|[from] drain|[of] p1a: Farigiraf\n|faint|p1a: Farigiraf\n|-hitcount|p1: Farigiraf|1\n|move|p1b: Sneasler|Close Combat|p2a: Snorlax\n|-supereffective|p2a: Snorlax|1\n|-damage|p2a: Snorlax|0 fnt\n|-unboost|p1b: Sneasler|def|1\n|-unboost|p1b: Sneasler|spd|1\n|faint|p2a: Snorlax\n|\n|upkeep\n|inactive|E.Kennedy10 has 30 seconds left.\n|inactive|E.Kennedy10 has 20 seconds left.\n|inactive|E.Kennedy10 has 15 seconds left.\n|inactive|E.Kennedy10 has 10 seconds left.\n|inactive|E.Kennedy10 has 5 seconds left.\n|\n|t:|1776070375\n|switch|p2a: Ceruledge|Ceruledge, L50, F|100/100\n|switch|p1a: Kingambit|Kingambit, L50, F|100/100\n|turn|5\n|\n|t:|1776070392\n|move|p1a: Kingambit|Kowtow Cleave|p2a: Ceruledge\n|-supereffective|p2a: Ceruledge|1\n|-enditem|p2a: Ceruledge|Focus Sash\n|-damage|p2a: Ceruledge|1/100\n|-ability|p2a: Ceruledge|Weak Armor|boost\n|-unboost|p2a: Ceruledge|def|1\n|-boost|p2a: Ceruledge|spe|2\n|move|p2b: Kangaskhan|Rock Slide|p1a: Kingambit|[spread] p1a,p1b\n|-resisted|p1a: Kingambit|1\n|-resisted|p1b: Sneasler|1\n|-damage|p1a: Kingambit|70/100\n|-damage|p1b: Sneasler|0 fnt\n|faint|p1b: Sneasler\n|move|p2a: Ceruledge|Psych Up|p2b: Kangaskhan\n|-copyboost|p2a: Ceruledge|p2b: Kangaskhan|[from] move: Psych Up\n|\n|-sideend|p2: Quyt_DZ|move: Light Screen\n|-fieldend|move: Trick Room\n|upkeep\n|turn|6\n|\n|t:|1776070414\n|move|p2a: Ceruledge|Bitter Blade|p1a: Kingambit\n|-supereffective|p1a: Kingambit|1\n|-crit|p1a: Kingambit\n|-damage|p1a: Kingambit|0 fnt\n|-heal|p2a: Ceruledge|49/100|[from] drain|[of] p1a: Kingambit\n|faint|p1a: Kingambit\n|\n|win|Quyt_DZ\n|raw|E.Kennedy10's rating: 1106 &rarr; <strong>1080</strong><br />(-26 for losing)\n|raw|Quyt_DZ's rating: 1099 &rarr; <strong>1125</strong><br />(+26 for winning)\n",
  "uploadtime": 1776070421,
  "views": 15,
  "formatid": "gen9championsvgc2026regma",
  "rating": 1080,
  "private": 0,
  "password": null
}