{
  "id": "gen9championsvgc2026regma-2583427079",
  "format": "[Gen 9 Champions] VGC 2026 Reg M-A",
  "players": [
    "malucy",
    "davidaz"
  ],
  "log": "|j|\u2606malucy\n|j|\u203ddavidaz\n|t:|1776174922\n|gametype|doubles\n|player|p1|malucy|169|1140\n|player|p2|davidaz|dawn|1179\n|gen|9\n|tier|[Gen 9 Champions] VGC 2026 Reg M-A\n|rated|\n|rule|Species Clause: Limit one of each Pok\u00e9mon\n|rule|Item Clause: Limit 1 of each item\n|clearpoke\n|poke|p1|Aerodactyl, L50, M|\n|poke|p1|Corviknight, L50, F|\n|poke|p1|Hydreigon, L50, M|\n|poke|p1|Palafin, L50, M|\n|poke|p1|Arcanine-Hisui, L50, M|\n|poke|p1|Incineroar, L50, F|\n|poke|p2|Tyranitar, L50, M|\n|poke|p2|Excadrill, L50, F|\n|poke|p2|Milotic, L50, M|\n|poke|p2|Sinistcha, L50|\n|poke|p2|Rotom-Heat, L50|\n|poke|p2|Sneasler, L50, M|\n|teampreview|4\n|j| P1NTM\n|l| P1NTM\n|\n|t:|1776174947\n|teamsize|p1|4\n|teamsize|p2|4\n|start\n|switch|p1a: Palafin|Palafin, L50, M|100/100\n|switch|p1b: Incineroar|Incineroar, L50, F|100/100\n|switch|p2a: Tyranitar|Tyranitar, L50, M|100/100\n|switch|p2b: Excadrill|Excadrill, L50, F|100/100\n|-weather|Sandstorm|[from] ability: Sand Stream|[of] p2a: Tyranitar\n|-ability|p1b: Incineroar|Intimidate|boost\n|-unboost|p2a: Tyranitar|atk|1\n|-unboost|p2b: Excadrill|atk|1\n|turn|1\n|inactive|Battle timer is ON: inactive players will automatically lose when time's up. (requested by malucy)\n|inactive|davidaz has 60 seconds left.\n|\n|t:|1776174987\n|detailschange|p2a: Tyranitar|Tyranitar-Mega, L50, M\n|-mega|p2a: Tyranitar|Tyranitar|Tyranitarite\n|move|p1b: Incineroar|Fake Out|p2b: Excadrill\n|-resisted|p2b: Excadrill|1\n|-damage|p2b: Excadrill|93/100\n|move|p1a: Palafin|Jet Punch|p2a: Tyranitar\n|-supereffective|p2a: Tyranitar|1\n|-damage|p2a: Tyranitar|76/100\n|cant|p2b: Excadrill|flinch\n|move|p2a: Tyranitar|Rock Slide|p1b: Incineroar|[spread] p1a,p1b\n|-supereffective|p1b: Incineroar|1\n|-damage|p1a: Palafin|73/100\n|-damage|p1b: Incineroar|50/100\n|-enditem|p1b: Incineroar|Sitrus Berry|[eat]\n|-heal|p1b: Incineroar|75/100|[from] item: Sitrus Berry\n|\n|-weather|Sandstorm|[upkeep]\n|-damage|p1a: Palafin|67/100|[from] Sandstorm\n|-damage|p1b: Incineroar|69/100|[from] Sandstorm\n|upkeep\n|turn|2\n|\n|t:|1776175009\n|detailschange|p1a: Palafin|Palafin-Hero, L50, M\n|switch|p1a: Aerodactyl|Aerodactyl, L50, M|100/100\n|-ability|p1a: Aerodactyl|Unnerve\n|move|p2b: Excadrill|Rock Slide|p1a: Aerodactyl|[spread] p1a,p1b\n|-supereffective|p1a: Aerodactyl|1\n|-supereffective|p1b: Incineroar|1\n|-damage|p1a: Aerodactyl|55/100\n|-damage|p1b: Incineroar|41/100\n|move|p2a: Tyranitar|Rock Slide|p1a: Aerodactyl|[spread] p1a,p1b\n|-supereffective|p1a: Aerodactyl|1\n|-supereffective|p1b: Incineroar|1\n|-damage|p1a: Aerodactyl|0 fnt\n|-damage|p1b: Incineroar|0 fnt\n|faint|p1a: Aerodactyl\n|faint|p1b: Incineroar\n|\n|-weather|Sandstorm|[upkeep]\n|upkeep\n|\n|t:|1776175022\n|switch|p1a: Hydreigon|Hydreigon, L50, M|100/100\n|switch|p1b: Palafin|Palafin-Hero, L50, M|67/100\n|-activate|p1b: Palafin|ability: Zero to Hero\n|turn|3\n|\n|t:|1776175036\n|move|p2b: Excadrill|Protect|p2b: Excadrill\n|-singleturn|p2b: Excadrill|Protect\n|move|p1a: Hydreigon|Nasty Plot|p1a: Hydreigon\n|-boost|p1a: Hydreigon|spa|2\n|move|p1b: Palafin|Drain Punch|p2a: Tyranitar\n|-supereffective|p2a: Tyranitar|2\n|-damage|p2a: Tyranitar|0 fnt\n|-heal|p1b: Palafin|100/100|[from] drain|[of] p2a: Tyranitar\n|faint|p2a: Tyranitar\n|\n|-weather|Sandstorm|[upkeep]\n|-damage|p1a: Hydreigon|95/100|[from] Sandstorm\n|-damage|p1b: Palafin|95/100|[from] Sandstorm\n|upkeep\n|\n|t:|1776175045\n|switch|p2a: Milotic|Milotic, L50, M|100/100\n|turn|4\n|\n|t:|1776175058\n|move|p1b: Palafin|Jet Punch|p2b: Excadrill\n|-supereffective|p2b: Excadrill|1\n|-damage|p2b: Excadrill|0 fnt\n|faint|p2b: Excadrill\n|move|p1a: Hydreigon|Dark Pulse|p2a: Milotic\n|-damage|p2a: Milotic|42/100\n|move|p2a: Milotic|Ice Beam|p1a: Hydreigon\n|-supereffective|p1a: Hydreigon|1\n|-damage|p1a: Hydreigon|53/100\n|\n|-weather|Sandstorm|[upkeep]\n|-damage|p1a: Hydreigon|47/100|[from] Sandstorm\n|-damage|p1b: Palafin|89/100|[from] Sandstorm\n|-damage|p2a: Milotic|36/100|[from] Sandstorm\n|-heal|p2a: Milotic|42/100|[from] item: Leftovers\n|upkeep\n|\n|t:|1776175070\n|switch|p2b: Sneasler|Sneasler, L50, M|100/100\n|turn|5\n|\n|t:|1776175086\n|move|p2b: Sneasler|Fake Out|p1b: Palafin\n|-damage|p1b: Palafin|75/100\n|cant|p1b: Palafin|flinch\n|move|p1a: Hydreigon|Draco Meteor|p2a: Milotic\n|-crit|p2a: Milotic\n|-damage|p2a: Milotic|0 fnt\n|-unboost|p1a: Hydreigon|spa|2\n|faint|p2a: Milotic\n|\n|-weather|none\n|upkeep\n|turn|6\n|-activate|p1b: Palafin|item: Quick Claw\n|\n|t:|1776175100\n|move|p1b: Palafin|Jet Punch|p2b: Sneasler\n|-damage|p2b: Sneasler|29/100\n|move|p2b: Sneasler|Close Combat|p1a: Hydreigon\n|-supereffective|p1a: Hydreigon|1\n|-damage|p1a: Hydreigon|0 fnt\n|-unboost|p2b: Sneasler|def|1\n|-unboost|p2b: Sneasler|spd|1\n|faint|p1a: Hydreigon\n|-enditem|p2b: Sneasler|White Herb\n|-clearnegativeboost|p2b: Sneasler|[silent]\n|\n|upkeep\n|turn|7\n|\n|t:|1776175113\n|move|p1b: Palafin|Jet Punch|p2b: Sneasler\n|-damage|p2b: Sneasler|0 fnt\n|faint|p2b: Sneasler\n|\n|win|malucy\n|raw|malucy's rating: 1140 &rarr; <strong>1168</strong><br />(+28 for winning)\n|raw|davidaz's rating: 1179 &rarr; <strong>1151</strong><br />(-28 for losing)\n|c|\u2606malucy|gg\n|l|\u203ddavidaz\n|player|p2|\n",
  "uploadtime": 1776175118,
  "views": 14,
  "formatid": "gen9championsvgc2026regma",
  "rating": 1151,
  "private": 0,
  "password": null
}