{
  "id": "gen9championsvgc2026regma-2581286098",
  "format": "[Gen 9 Champions] VGC 2026 Reg M-A",
  "players": [
    "sonic1",
    "yamede\u86c7\u5982"
  ],
  "log": "|j|\u2606sonic1\n|j|\u2606yamede\u86c7\u5982\n|t:|1775981455\n|gametype|doubles\n|player|p1|sonic1|169|1331\n|player|p2|yamede\u86c7\u5982|265|1459\n|gen|9\n|tier|[Gen 9 Champions] VGC 2026 Reg M-A\n|rated|\n|rule|Species Clause: Limit one of each Pok\u00e9mon\n|rule|Item Clause: Limit 1 of each item\n|clearpoke\n|poke|p1|Whimsicott, L50, M|\n|poke|p1|Charizard, L50, M|\n|poke|p1|Sneasler, L50, F|\n|poke|p1|Garchomp, L50, M|\n|poke|p1|Kingambit, L50, F|\n|poke|p1|Farigiraf, L50, M|\n|poke|p2|Tyranitar, L50, F|\n|poke|p2|Milotic, L50, F|\n|poke|p2|Excadrill, L50, M|\n|poke|p2|Gardevoir, L50, F|\n|poke|p2|Incineroar, L50, M|\n|poke|p2|Sinistcha, L50|\n|teampreview|4\n|inactive|Battle timer is ON: inactive players will automatically lose when time's up. (requested by sonic1)\n|j| gE1xjZRtuhW2DdT0AK\n|inactive|sonic1 has 60 seconds left.\n|inactive|yamede\u86c7\u5982 has 60 seconds left.\n|\n|t:|1775981510\n|teamsize|p1|4\n|teamsize|p2|4\n|start\n|switch|p1a: Garchomp|Garchomp, L50, M|100/100\n|switch|p1b: Sneasler|Sneasler, L50, F|100/100\n|switch|p2a: Tyranitar|Tyranitar, L50, F|100/100\n|switch|p2b: Excadrill|Excadrill, L50, M|100/100\n|-weather|Sandstorm|[from] ability: Sand Stream|[of] p2a: Tyranitar\n|turn|1\n|inactive|yamede\u86c7\u5982 has 30 seconds left.\n|inactive|sonic1 has 30 seconds left.\n|inactive|yamede\u86c7\u5982 has 20 seconds left.\n|inactive|yamede\u86c7\u5982 has 15 seconds left.\n|j| jungro\n|inactive|yamede\u86c7\u5982 has 10 seconds left.\n|l| jungro\n|inactive|yamede\u86c7\u5982 has 5 seconds left.\n|\n|t:|1775981560\n|switch|p1b: Charizard|Charizard, L50, M|100/100\n|move|p2b: Excadrill|Protect|p2b: Excadrill\n|-singleturn|p2b: Excadrill|Protect\n|move|p2a: Tyranitar|Protect|p2a: Tyranitar\n|-singleturn|p2a: Tyranitar|Protect\n|move|p1a: Garchomp|Earthquake|p2b: Excadrill|[spread] \n|-activate|p2a: Tyranitar|move: Protect\n|-activate|p2b: Excadrill|move: Protect\n|-immune|p1b: Charizard\n|\n|-weather|Sandstorm|[upkeep]\n|-damage|p1b: Charizard|95/100|[from] Sandstorm\n|upkeep\n|turn|2\n|inactive|yamede\u86c7\u5982 has 30 seconds left.\n|inactive|yamede\u86c7\u5982 has 20 seconds left.\n|inactive|yamede\u86c7\u5982 has 15 seconds left.\n|inactive|yamede\u86c7\u5982 has 10 seconds left.\n|\n|t:|1775981610\n|switch|p2b: Milotic|Milotic, L50, F, shiny|100/100\n|detailschange|p1b: Charizard|Charizard-Mega-Y, L50, M\n|-mega|p1b: Charizard|Charizard|Charizardite Y\n|-weather|SunnyDay|[from] ability: Drought|[of] p1b: Charizard\n|detailschange|p2a: Tyranitar|Tyranitar-Mega, L50, F\n|-mega|p2a: Tyranitar|Tyranitar|Tyranitarite\n|-weather|Sandstorm|[from] ability: Sand Stream|[of] p2a: Tyranitar\n|move|p1b: Charizard|Protect|p1b: Charizard\n|-singleturn|p1b: Charizard|Protect\n|move|p1a: Garchomp|Earthquake|p2b: Milotic|[spread] p2a,p2b\n|-activate|p1b: Charizard|move: Protect\n|-supereffective|p2a: Tyranitar|1\n|-damage|p2a: Tyranitar|42/100\n|-damage|p2b: Milotic|66/100\n|move|p2a: Tyranitar|Rock Slide|p1b: Charizard|[spread] p1a\n|-activate|p1b: Charizard|move: Protect\n|-resisted|p1a: Garchomp|1\n|-crit|p1a: Garchomp\n|-damage|p1a: Garchomp|75/100\n|\n|-weather|Sandstorm|[upkeep]\n|-damage|p1b: Charizard|89/100|[from] Sandstorm\n|-damage|p2b: Milotic|60/100|[from] Sandstorm\n|-heal|p2b: Milotic|66/100|[from] item: Leftovers\n|upkeep\n|turn|3\n|inactive|yamede\u86c7\u5982 has 30 seconds left.\n|inactive|yamede\u86c7\u5982 has 20 seconds left.\n|inactive|yamede\u86c7\u5982 has 15 seconds left.\n|\n|t:|1775981652\n|switch|p2a: Sinistcha|Sinistcha, L50|100/100\n|-heal|p2b: Milotic|91/100|[from] ability: Hospitality|[of] p2a: Sinistcha\n|switch|p1b: Whimsicott|Whimsicott, L50, M|100/100\n|move|p1a: Garchomp|Earthquake|p2a: Sinistcha|[spread] p1b,p2a,p2b\n|-resisted|p1b: Whimsicott|1\n|-resisted|p2a: Sinistcha|1\n|-damage|p1b: Whimsicott|71/100\n|-damage|p2a: Sinistcha|83/100\n|-damage|p2b: Milotic|54/100\n|move|p2b: Milotic|Coil|p2b: Milotic\n|-boost|p2b: Milotic|atk|1\n|-boost|p2b: Milotic|def|1\n|-boost|p2b: Milotic|accuracy|1\n|\n|-weather|Sandstorm|[upkeep]\n|-damage|p1b: Whimsicott|65/100|[from] Sandstorm\n|-damage|p2b: Milotic|48/100|[from] Sandstorm\n|-damage|p2a: Sinistcha|77/100|[from] Sandstorm\n|-heal|p2b: Milotic|54/100|[from] item: Leftovers\n|upkeep\n|turn|4\n|inactive|yamede\u86c7\u5982 has 30 seconds left.\n|\n|t:|1775981685\n|switch|p1a: Charizard|Charizard-Mega-Y, L50, M|89/100\n|-weather|SunnyDay|[from] ability: Drought|[of] p1a: Charizard\n|move|p1b: Whimsicott|Tailwind|p1b: Whimsicott\n|-sidestart|p1: sonic1|move: Tailwind\n|move|p2b: Milotic|Recover|p2b: Milotic\n|-heal|p2b: Milotic|100/100\n|move|p2a: Sinistcha|Matcha Gotcha|p1b: Whimsicott|[spread] p1a,p1b\n|-resisted|p1a: Charizard|2\n|-resisted|p1b: Whimsicott|1\n|-damage|p1a: Charizard|84/100\n|-heal|p2a: Sinistcha|80/100|[from] drain|[of] p1a: Charizard\n|-damage|p1b: Whimsicott|46/100\n|-heal|p2a: Sinistcha|87/100|[from] drain|[of] p1b: Whimsicott\n|\n|-weather|SunnyDay|[upkeep]\n|upkeep\n|turn|5\n|inactive|sonic1 has 30 seconds left.\n|inactive|yamede\u86c7\u5982 has 30 seconds left.\n|inactive|yamede\u86c7\u5982 has 20 seconds left.\n|\n|t:|1775981722\n|switch|p2a: Tyranitar|Tyranitar-Mega, L50, F|42/100\n|-weather|Sandstorm|[from] ability: Sand Stream|[of] p2a: Tyranitar\n|move|p1b: Whimsicott|Moonblast|p2b: Milotic\n|-damage|p2b: Milotic|80/100\n|move|p1a: Charizard|Heat Wave|p2b: Milotic|[spread] p2a,p2b\n|-resisted|p2a: Tyranitar|1\n|-resisted|p2b: Milotic|1\n|-damage|p2a: Tyranitar|29/100\n|-damage|p2b: Milotic|66/100\n|move|p2b: Milotic|Hypnosis|p1a: Charizard\n|-status|p1a: Charizard|slp|[from] move: Hypnosis\n|\n|-weather|Sandstorm|[upkeep]\n|-damage|p1b: Whimsicott|41/100|[from] Sandstorm\n|-damage|p1a: Charizard|78/100 slp|[from] Sandstorm\n|-damage|p2b: Milotic|60/100|[from] Sandstorm\n|-heal|p2b: Milotic|66/100|[from] item: Leftovers\n|upkeep\n|turn|6\n|inactive|sonic1 has 30 seconds left.\n|inactive|yamede\u86c7\u5982 has 30 seconds left.\n|\n|t:|1775981752\n|switch|p1a: Garchomp|Garchomp, L50, M|75/100\n|switch|p2a: Sinistcha|Sinistcha, L50|87/100\n|-heal|p2b: Milotic|91/100|[from] ability: Hospitality|[of] p2a: Sinistcha\n|move|p1b: Whimsicott|Moonblast|p2a: Sinistcha\n|-damage|p2a: Sinistcha|57/100\n|move|p2b: Milotic|Muddy Water|p1b: Whimsicott|[spread] p1a,p1b\n|-resisted|p1b: Whimsicott|1\n|-damage|p1a: Garchomp|51/100\n|-damage|p1b: Whimsicott|22/100\n|\n|-weather|Sandstorm|[upkeep]\n|-damage|p1b: Whimsicott|17/100|[from] Sandstorm\n|-damage|p2b: Milotic|85/100|[from] Sandstorm\n|-damage|p2a: Sinistcha|50/100|[from] Sandstorm\n|-enditem|p2a: Sinistcha|Sitrus Berry|[eat]\n|-heal|p2a: Sinistcha|75/100|[from] item: Sitrus Berry\n|-heal|p2b: Milotic|91/100|[from] item: Leftovers\n|upkeep\n|turn|7\n|inactive|sonic1 has 30 seconds left.\n|inactive|sonic1 has 20 seconds left.\n|inactive|sonic1 has 15 seconds left.\n|inactive|sonic1 has 10 seconds left.\n|\n|t:|1775981798\n|switch|p1a: Charizard|Charizard-Mega-Y, L50, M|78/100 slp\n|-weather|SunnyDay|[from] ability: Drought|[of] p1a: Charizard\n|switch|p1b: Sneasler|Sneasler, L50, F|100/100\n|move|p2b: Milotic|Coil|p2b: Milotic\n|-boost|p2b: Milotic|atk|1\n|-boost|p2b: Milotic|def|1\n|-boost|p2b: Milotic|accuracy|1\n|move|p2a: Sinistcha|Matcha Gotcha|p1a: Charizard|[spread] p1a,p1b\n|-resisted|p1a: Charizard|2\n|-resisted|p1b: Sneasler|1\n|-damage|p1a: Charizard|72/100 slp\n|-heal|p2a: Sinistcha|78/100|[from] drain|[of] p1a: Charizard\n|-damage|p1b: Sneasler|85/100\n|-heal|p2a: Sinistcha|85/100|[from] drain|[of] p1b: Sneasler\n|\n|-weather|SunnyDay|[upkeep]\n|-heal|p2b: Milotic|97/100|[from] item: Leftovers\n|-sideend|p1: sonic1|move: Tailwind\n|upkeep\n|turn|8\n|inactive|sonic1 has 30 seconds left.\n|inactive|yamede\u86c7\u5982 has 30 seconds left.\n|\n|t:|1775981832\n|switch|p2a: Tyranitar|Tyranitar-Mega, L50, F|29/100\n|-weather|Sandstorm|[from] ability: Sand Stream|[of] p2a: Tyranitar\n|move|p1b: Sneasler|Dire Claw|p2a: Tyranitar\n|-resisted|p2a: Tyranitar|1\n|-damage|p2a: Tyranitar|13/100\n|cant|p1a: Charizard|slp\n|move|p2b: Milotic|Hypnosis|p1b: Sneasler\n|-status|p1b: Sneasler|slp|[from] move: Hypnosis\n|\n|-weather|Sandstorm|[upkeep]\n|-damage|p1b: Sneasler|79/100 slp|[from] Sandstorm\n|-damage|p1a: Charizard|66/100 slp|[from] Sandstorm\n|-damage|p2b: Milotic|91/100|[from] Sandstorm\n|-heal|p2b: Milotic|97/100|[from] item: Leftovers\n|upkeep\n|turn|9\n|\n|t:|1775981855\n|switch|p1b: Whimsicott|Whimsicott, L50, M|17/100\n|switch|p1a: Garchomp|Garchomp, L50, M|51/100\n|move|p2a: Tyranitar|Dragon Dance|p2a: Tyranitar\n|-boost|p2a: Tyranitar|atk|1\n|-boost|p2a: Tyranitar|spe|1\n|move|p2b: Milotic|Muddy Water|p1b: Whimsicott|[spread] p1a,p1b\n|-resisted|p1b: Whimsicott|1\n|-damage|p1a: Garchomp|25/100\n|-damage|p1b: Whimsicott|0 fnt\n|faint|p1b: Whimsicott\n|\n|-weather|Sandstorm|[upkeep]\n|-damage|p2b: Milotic|91/100|[from] Sandstorm\n|-heal|p2b: Milotic|97/100|[from] item: Leftovers\n|upkeep\n|\n|t:|1775981866\n|switch|p1b: Charizard|Charizard-Mega-Y, L50, M|66/100 slp\n|-weather|SunnyDay|[from] ability: Drought|[of] p1b: Charizard\n|turn|10\n|\n|t:|1775981871\n|move|p1a: Garchomp|Earthquake|p2b: Milotic|[spread] p2a,p2b\n|-immune|p1b: Charizard\n|-supereffective|p2a: Tyranitar|1\n|-damage|p2a: Tyranitar|0 fnt\n|-damage|p2b: Milotic|78/100\n|faint|p2a: Tyranitar\n|cant|p1b: Charizard|slp\n|move|p2b: Milotic|Muddy Water|p1a: Garchomp|[spread] p1a,p1b\n|-supereffective|p1b: Charizard|1\n|-damage|p1a: Garchomp|13/100\n|-damage|p1b: Charizard|42/100 slp\n|\n|-weather|SunnyDay|[upkeep]\n|-heal|p2b: Milotic|84/100|[from] item: Leftovers\n|upkeep\n|\n|t:|1775981885\n|switch|p2a: Excadrill|Excadrill, L50, M|100/100\n|turn|11\n|inactive|yamede\u86c7\u5982 has 30 seconds left.\n|inactive|yamede\u86c7\u5982 has 20 seconds left.\n|inactive|yamede\u86c7\u5982 has 15 seconds left.\n|\n|t:|1775981927\n|move|p1a: Garchomp|Earthquake|p2a: Excadrill|[spread] p2a,p2b\n|-immune|p1b: Charizard\n|-supereffective|p2a: Excadrill|1\n|-enditem|p2a: Excadrill|Focus Sash\n|-damage|p2a: Excadrill|1/100\n|-damage|p2b: Milotic|64/100\n|move|p2a: Excadrill|Iron Head|p1a: Garchomp\n|-damage|p1a: Garchomp|0 fnt\n|faint|p1a: Garchomp\n|-curestatus|p1b: Charizard|slp|[msg]\n|move|p1b: Charizard|Heat Wave|p2b: Milotic|[spread] p2a,p2b\n|-supereffective|p2a: Excadrill|1\n|-crit|p2a: Excadrill\n|-resisted|p2b: Milotic|1\n|-damage|p2a: Excadrill|0 fnt\n|-damage|p2b: Milotic|45/100\n|faint|p2a: Excadrill\n|move|p2b: Milotic|Hypnosis|p1b: Charizard\n|-status|p1b: Charizard|slp|[from] move: Hypnosis\n|\n|-weather|SunnyDay|[upkeep]\n|-heal|p2b: Milotic|51/100|[from] item: Leftovers\n|upkeep\n|\n|t:|1775981945\n|switch|p1a: Sneasler|Sneasler, L50, F|79/100 slp\n|switch|p2a: Sinistcha|Sinistcha, L50|85/100\n|-heal|p2b: Milotic|76/100|[from] ability: Hospitality|[of] p2a: Sinistcha\n|turn|12\n|\n|t:|1775981953\n|cant|p1a: Sneasler|slp\n|cant|p1b: Charizard|slp\n|move|p2b: Milotic|Muddy Water|p1a: Sneasler|[spread] p1a,p1b\n|-supereffective|p1b: Charizard|1\n|-damage|p1a: Sneasler|64/100 slp\n|-damage|p1b: Charizard|21/100 slp\n|move|p2a: Sinistcha|Matcha Gotcha|p1a: Sneasler|[spread] p1a\n|-miss|p2a: Sinistcha|p1b: Charizard\n|-resisted|p1a: Sneasler|1\n|-damage|p1a: Sneasler|46/100 slp\n|-heal|p2a: Sinistcha|93/100|[from] drain|[of] p1a: Sneasler\n|\n|-weather|SunnyDay|[upkeep]\n|-heal|p2b: Milotic|82/100|[from] item: Leftovers\n|upkeep\n|turn|13\n|\n|t:|1775981966\n|cant|p1a: Sneasler|slp\n|cant|p1b: Charizard|slp\n|move|p2b: Milotic|Muddy Water|p1b: Charizard|[spread] p1a,p1b\n|-supereffective|p1b: Charizard|1\n|-damage|p1a: Sneasler|31/100 slp\n|-damage|p1b: Charizard|0 fnt\n|-unboost|p1a: Sneasler|accuracy|1\n|faint|p1b: Charizard\n|-enditem|p1a: Sneasler|White Herb\n|-clearnegativeboost|p1a: Sneasler|[silent]\n|move|p2a: Sinistcha|Trick Room|p2a: Sinistcha\n|-fieldstart|move: Trick Room|[of] p2a: Sinistcha\n|\n|-weather|SunnyDay|[upkeep]\n|-heal|p2b: Milotic|88/100|[from] item: Leftovers\n|upkeep\n|turn|14\n|\n|t:|1775981973\n|move|p2a: Sinistcha|Matcha Gotcha|p1a: Sneasler\n|-resisted|p1a: Sneasler|1\n|-damage|p1a: Sneasler|11/100 slp\n|-heal|p2a: Sinistcha|100/100|[from] drain|[of] p1a: Sneasler\n|move|p2b: Milotic|Muddy Water|p1a: Sneasler\n|-damage|p1a: Sneasler|0 fnt\n|faint|p1a: Sneasler\n|\n|win|yamede\u86c7\u5982\n|raw|sonic1's rating: 1331 &rarr; <strong>1318</strong><br />(-13 for losing)\n|raw|yamede\u86c7\u5982's rating: 1459 &rarr; <strong>1472</strong><br />(+13 for winning)\n|l|\u2606sonic1\n|player|p1|\n|l|\u2606yamede\u86c7\u5982\n|player|p2|\n",
  "uploadtime": 1775981991,
  "views": 37,
  "formatid": "gen9championsvgc2026regma",
  "rating": 1318,
  "private": 0,
  "password": null
}