{
  "id": "gen9championsvgc2026regma-2585727920",
  "format": "[Gen 9 Champions] VGC 2026 Reg M-A",
  "players": [
    "Zygarde-Ange",
    "fumbari 24"
  ],
  "log": "|j|\u2606Zygarde-Ange\n|j|\u2606fumbari 24\n|t:|1776366472\n|gametype|doubles\n|player|p1|Zygarde-Ange|ghetsis-gen5bw|1104\n|player|p2|fumbari 24|ghetsis|1185\n|gen|9\n|tier|[Gen 9 Champions] VGC 2026 Reg M-A\n|rated|\n|rule|Species Clause: Limit one of each Pok\u00e9mon\n|rule|Item Clause: Limit 1 of each item\n|clearpoke\n|poke|p1|Aggron, L50, M|\n|poke|p1|Incineroar, L50, F|\n|poke|p1|Pelipper, L50, F|\n|poke|p1|Sinistcha-Masterpiece, L50|\n|poke|p1|Basculegion, L50, M|\n|poke|p1|Archaludon, L50, M|\n|poke|p2|Blastoise, L50, M|\n|poke|p2|Pelipper, L50, M|\n|poke|p2|Raichu, L50, M|\n|poke|p2|Sinistcha, L50|\n|poke|p2|Archaludon, L50, M|\n|poke|p2|Lycanroc-Dusk, L50, M|\n|teampreview|4\n|\n|t:|1776366495\n|teamsize|p1|4\n|teamsize|p2|4\n|start\n|switch|p1a: Basculegion|Basculegion, L50, M|100/100\n|switch|p1b: Archaludon|Archaludon, L50, M|100/100\n|switch|p2a: Pippins|Raichu, L50, M|100/100\n|switch|p2b: Harbor|Blastoise, L50, M|100/100\n|turn|1\n|inactive|Battle timer is ON: inactive players will automatically lose when time's up. (requested by fumbari 24)\n|\n|t:|1776366523\n|detailschange|p2b: Harbor|Blastoise-Mega, L50, M\n|-mega|p2b: Harbor|Blastoise|Blastoisinite\n|move|p2a: Pippins|Fake Out|p1b: Archaludon\n|-resisted|p1b: Archaludon|1\n|-damage|p1b: Archaludon|97/100\n|-ability|p1b: Archaludon|Stamina|boost\n|-boost|p1b: Archaludon|def|1\n|move|p1a: Basculegion|Wave Crash|p2a: Pippins\n|-enditem|p2a: Pippins|Focus Sash\n|-damage|p2a: Pippins|1/100\n|-damage|p1a: Basculegion|76/100|[from] Recoil\n|cant|p1b: Archaludon|flinch\n|move|p2b: Harbor|Shell Smash|p2b: Harbor\n|-unboost|p2b: Harbor|def|1\n|-unboost|p2b: Harbor|spd|1\n|-boost|p2b: Harbor|atk|2\n|-boost|p2b: Harbor|spa|2\n|-boost|p2b: Harbor|spe|2\n|\n|upkeep\n|turn|2\n|\n|t:|1776366543\n|move|p2b: Harbor|Protect|p2b: Harbor\n|-singleturn|p2b: Harbor|Protect\n|move|p1a: Basculegion|Wave Crash|p2a: Pippins\n|-damage|p2a: Pippins|0 fnt\n|faint|p2a: Pippins\n|-damage|p1a: Basculegion|76/100|[from] Recoil\n|move|p1b: Archaludon|Electro Shot||[still]\n|-prepare|p1b: Archaludon|Electro Shot\n|-boost|p1b: Archaludon|spa|1\n|\n|upkeep\n|\n|t:|1776366557\n|switch|p2a: MineMine|Pelipper, L50, M|100/100\n|-weather|RainDance|[from] ability: Drizzle|[of] p2a: MineMine\n|turn|3\n|\n|t:|1776366566\n|switch|p1a: Sinistcha|Sinistcha-Masterpiece, L50|100/100\n|-heal|p1b: Archaludon|100/100|[from] ability: Hospitality|[of] p1a: Sinistcha\n|move|p2b: Harbor|Water Spout|p1a: Sinistcha|[spread] p1a,p1b\n|-resisted|p1a: Sinistcha|1\n|-resisted|p1b: Archaludon|1\n|-crit|p1b: Archaludon\n|-damage|p1a: Sinistcha|0 fnt\n|-damage|p1b: Archaludon|0 fnt\n|faint|p1a: Sinistcha\n|faint|p1b: Archaludon\n|move|p2a: MineMine|Tailwind|p2a: MineMine\n|-sidestart|p2: fumbari 24|move: Tailwind\n|\n|-weather|RainDance|[upkeep]\n|upkeep\n|\n|t:|1776366578\n|switch|p1b: Aggron|Aggron, L50, M|100/100\n|switch|p1a: Basculegion|Basculegion, L50, M|76/100\n|turn|4\n|\n|t:|1776366591\n|detailschange|p1b: Aggron|Aggron-Mega, L50, M\n|-mega|p1b: Aggron|Aggron|Aggronite\n|move|p2b: Harbor|Protect|p2b: Harbor\n|-singleturn|p2b: Harbor|Protect\n|move|p1a: Basculegion|Last Respects|p2b: Harbor\n|-activate|p2b: Harbor|move: Protect\n|move|p2a: MineMine|Hurricane|p1a: Basculegion\n|-damage|p1a: Basculegion|10/100\n|move|p1b: Aggron|Body Press|p2b: Harbor\n|-activate|p2b: Harbor|move: Protect\n|\n|-weather|RainDance|[upkeep]\n|upkeep\n|turn|5\n|\n|t:|1776366605\n|move|p2b: Harbor|Water Spout|p1a: Basculegion|[spread] p1a,p1b\n|-resisted|p1a: Basculegion|1\n|-damage|p1a: Basculegion|0 fnt\n|-damage|p1b: Aggron|0 fnt\n|faint|p1a: Basculegion\n|faint|p1b: Aggron\n|\n|win|fumbari 24\n|raw|Zygarde-Ange's rating: 1104 &rarr; <strong>1085</strong><br />(-19 for losing)\n|raw|fumbari 24's rating: 1185 &rarr; <strong>1204</strong><br />(+19 for winning)\n",
  "uploadtime": 1776366609,
  "views": 25,
  "formatid": "gen9championsvgc2026regma",
  "rating": 1085,
  "private": 0,
  "password": null
}