{
  "id": "gen9championsvgc2026regma-2581412680",
  "format": "[Gen 9 Champions] VGC 2026 Reg M-A",
  "players": [
    "iceman5687",
    "AlMighty_ScrEamm"
  ],
  "log": "|j|\u2606iceman5687\n|j|\u2606AlMighty_ScrEamm\n|t:|1775997820\n|gametype|doubles\n|player|p1|iceman5687|266|1089\n|player|p2|AlMighty_ScrEamm|ethan|1047\n|gen|9\n|tier|[Gen 9 Champions] VGC 2026 Reg M-A\n|rated|\n|rule|Species Clause: Limit one of each Pok\u00e9mon\n|rule|Item Clause: Limit 1 of each item\n|clearpoke\n|poke|p1|Feraligatr, L50, M|\n|poke|p1|Whimsicott, L50, M|\n|poke|p1|Aegislash, L50, M|\n|poke|p1|Incineroar, L50, F|\n|poke|p1|Basculegion, L50, M|\n|poke|p1|Sinistcha, L50|\n|poke|p2|Venusaur, L50, F|\n|poke|p2|Sableye, L50, M|\n|poke|p2|Delphox, L50, M|\n|poke|p2|Torkoal, L50, F|\n|poke|p2|Kingambit, L50, M|\n|poke|p2|Sylveon, L50, F|\n|teampreview|4\n|inactive|Battle timer is ON: inactive players will automatically lose when time's up. (requested by AlMighty_ScrEamm)\n|inactive|iceman5687 has 60 seconds left.\n|inactive|AlMighty_ScrEamm has 60 seconds left.\n|\n|t:|1775997857\n|teamsize|p1|4\n|teamsize|p2|4\n|start\n|switch|p1a: Feraligatr|Feraligatr, L50, M|100/100\n|switch|p1b: Basculegion|Basculegion, L50, M|100/100\n|switch|p2a: Sableye|Sableye, L50, M|100/100\n|switch|p2b: Delphox|Delphox, L50, M|100/100\n|turn|1\n|\n|t:|1775997876\n|detailschange|p1a: Feraligatr|Feraligatr-Mega, L50, M\n|-mega|p1a: Feraligatr|Feraligatr|Feraligite\n|move|p2b: Delphox|Protect|p2b: Delphox\n|-singleturn|p2b: Delphox|Protect\n|move|p2a: Sableye|Fake Out|p1a: Feraligatr\n|-damage|p1a: Feraligatr|93/100\n|move|p1b: Basculegion|Wave Crash|p2b: Delphox\n|-activate|p2b: Delphox|move: Protect\n|cant|p1a: Feraligatr|flinch\n|\n|upkeep\n|turn|2\n|\n|t:|1775997897\n|switch|p2b: Venusaur|Venusaur, L50, F|100/100\n|move|p2a: Sableye|Sunny Day|p2a: Sableye\n|-weather|SunnyDay\n|move|p1b: Basculegion|Wave Crash|p2b: Venusaur\n|-resisted|p2b: Venusaur|1\n|-damage|p2b: Venusaur|73/100\n|-damage|p1b: Basculegion|93/100|[from] Recoil\n|move|p1a: Feraligatr|Dragon Dance|p1a: Feraligatr\n|-boost|p1a: Feraligatr|atk|1\n|-boost|p1a: Feraligatr|spe|1\n|\n|-weather|SunnyDay|[upkeep]\n|upkeep\n|turn|3\n|\n|t:|1775997917\n|switch|p1b: Whimsicott|Whimsicott, L50, M|100/100\n|move|p1a: Feraligatr|Protect|p1a: Feraligatr\n|-singleturn|p1a: Feraligatr|Protect\n|move|p2b: Venusaur|Sleep Powder|p1a: Feraligatr\n|-activate|p1a: Feraligatr|move: Protect\n|move|p2a: Sableye|Foul Play|p1b: Whimsicott\n|-resisted|p1b: Whimsicott|1\n|-damage|p1b: Whimsicott|86/100\n|\n|-weather|SunnyDay|[upkeep]\n|upkeep\n|turn|4\n|\n|t:|1775997936\n|move|p2b: Venusaur|Protect|p2b: Venusaur\n|-singleturn|p2b: Venusaur|Protect\n|move|p1b: Whimsicott|Tailwind|p1b: Whimsicott\n|-sidestart|p1: iceman5687|move: Tailwind\n|move|p1a: Feraligatr|Double-Edge|p2b: Venusaur\n|-activate|p2b: Venusaur|move: Protect\n|move|p2a: Sableye|Foul Play|p1a: Feraligatr\n|-damage|p1a: Feraligatr|0 fnt\n|faint|p1a: Feraligatr\n|\n|-weather|SunnyDay|[upkeep]\n|upkeep\n|\n|t:|1775997948\n|switch|p1a: Aegislash|Aegislash, L50, M|100/100\n|turn|5\n|inactive|iceman5687 has 30 seconds left.\n|\n|t:|1775997980\n|move|p1b: Whimsicott|Light Screen|p1b: Whimsicott\n|-sidestart|p1: iceman5687|move: Light Screen\n|move|p2a: Sableye|Trick|p1a: Aegislash\n|-activate|p2a: Sableye|move: Trick|[of] p1a: Aegislash\n|-item|p1a: Aegislash|Black Glasses|[from] move: Trick\n|-item|p2a: Sableye|Leftovers|[from] move: Trick\n|move|p2b: Venusaur|Weather Ball|p1a: Aegislash\n|-supereffective|p1a: Aegislash|1\n|-damage|p1a: Aegislash|36/100\n|-formechange|p1a: Aegislash|Aegislash-Blade|\n|move|p1a: Aegislash|Iron Head|p2a: Sableye\n|-damage|p2a: Sableye|45/100\n|\n|-weather|SunnyDay|[upkeep]\n|-heal|p2a: Sableye|51/100|[from] item: Leftovers\n|upkeep\n|turn|6\n|inactive|iceman5687 has 30 seconds left.\n|\n|t:|1775998012\n|move|p2b: Venusaur|Protect|p2b: Venusaur\n|-singleturn|p2b: Venusaur|Protect\n|-formechange|p1a: Aegislash|Aegislash|\n|move|p1a: Aegislash|King's Shield|p1a: Aegislash\n|-singleturn|p1a: Aegislash|Protect\n|move|p1b: Whimsicott|Endeavor|p2b: Venusaur\n|-activate|p2b: Venusaur|move: Protect\n|move|p2a: Sableye|Foul Play|p1a: Aegislash\n|-activate|p1a: Aegislash|move: Protect\n|-unboost|p2a: Sableye|atk|1\n|\n|-weather|none\n|-heal|p2a: Sableye|57/100|[from] item: Leftovers\n|upkeep\n|turn|7\n|\n|t:|1775998035\n|move|p2a: Sableye|Sunny Day|p2a: Sableye\n|-weather|SunnyDay\n|move|p1b: Whimsicott|Endeavor|p2b: Venusaur\n|-immune|p2b: Venusaur\n|move|p2b: Venusaur|Weather Ball|p1a: Aegislash\n|-supereffective|p1a: Aegislash|1\n|-damage|p1a: Aegislash|0 fnt\n|faint|p1a: Aegislash\n|\n|-weather|SunnyDay|[upkeep]\n|-heal|p2a: Sableye|62/100|[from] item: Leftovers\n|-sideend|p1: iceman5687|move: Tailwind\n|upkeep\n|\n|t:|1775998041\n|switch|p1a: Basculegion|Basculegion, L50, M|93/100\n|turn|8\n|c|\u2606AlMighty_ScrEamm|????\n|\n|t:|1775998055\n|move|p1b: Whimsicott|Tailwind|p1b: Whimsicott\n|-sidestart|p1: iceman5687|move: Tailwind\n|move|p1a: Basculegion|Last Respects|p2a: Sableye\n|-damage|p2a: Sableye|0 fnt\n|faint|p2a: Sableye\n|move|p2b: Venusaur|Sludge Bomb|p1b: Whimsicott\n|-supereffective|p1b: Whimsicott|2\n|-crit|p1b: Whimsicott\n|-damage|p1b: Whimsicott|0 fnt\n|faint|p1b: Whimsicott\n|\n|-weather|SunnyDay|[upkeep]\n|upkeep\n|\n|t:|1775998065\n|switch|p2a: Delphox|Delphox, L50, M|100/100\n|turn|9\n|\n|t:|1775998079\n|move|p2a: Delphox|Protect|p2a: Delphox\n|-singleturn|p2a: Delphox|Protect\n|move|p1a: Basculegion|Last Respects|p2b: Venusaur\n|-damage|p2b: Venusaur|0 fnt\n|faint|p2b: Venusaur\n|\n|-weather|SunnyDay|[upkeep]\n|-sideend|p1: iceman5687|move: Light Screen\n|upkeep\n|\n|t:|1775998085\n|switch|p2b: Sylveon|Sylveon, L50, F|100/100\n|turn|10\n|\n|t:|1775998099\n|detailschange|p2a: Delphox|Delphox-Mega, L50, M\n|-mega|p2a: Delphox|Delphox|Delphoxite\n|move|p1a: Basculegion|Last Respects|p2a: Delphox\n|-supereffective|p2a: Delphox|1\n|-damage|p2a: Delphox|0 fnt\n|faint|p2a: Delphox\n|move|p2b: Sylveon|Shadow Ball|p1a: Basculegion\n|-supereffective|p1a: Basculegion|1\n|-damage|p1a: Basculegion|43/100\n|\n|-weather|SunnyDay|[upkeep]\n|upkeep\n|turn|11\n|\n|t:|1775998116\n|move|p1a: Basculegion|Last Respects|p2b: Sylveon\n|-crit|p2b: Sylveon\n|-damage|p2b: Sylveon|0 fnt\n|faint|p2b: Sylveon\n|\n|win|iceman5687\n|raw|iceman5687's rating: 1089 &rarr; <strong>1112</strong><br />(+23 for winning)\n|raw|AlMighty_ScrEamm's rating: 1047 &rarr; <strong>1032</strong><br />(-15 for losing)\n",
  "uploadtime": 1775998117,
  "views": 18,
  "formatid": "gen9championsvgc2026regma",
  "rating": 1032,
  "private": 0,
  "password": null
}