{
  "id": "gen9championsvgc2026regma-2581282089",
  "format": "[Gen 9 Champions] VGC 2026 Reg M-A",
  "players": [
    "0MG_1TS_KOR3N",
    "loklastaji"
  ],
  "log": "|j|\u26060MG_1TS_KOR3N\n|j|\u2606loklastaji\n|t:|1775980886\n|gametype|doubles\n|player|p1|0MG_1TS_KOR3N|lucas|1182\n|player|p2|loklastaji|266|1235\n|gen|9\n|tier|[Gen 9 Champions] VGC 2026 Reg M-A\n|rated|\n|rule|Species Clause: Limit one of each Pok\u00e9mon\n|rule|Item Clause: Limit 1 of each item\n|clearpoke\n|poke|p1|Charizard, L50, F|\n|poke|p1|Venusaur, L50, M|\n|poke|p1|Incineroar, L50, F|\n|poke|p1|Garchomp, L50, M|\n|poke|p1|Rotom-Wash, L50|\n|poke|p1|Sneasler, L50, M|\n|poke|p2|Altaria, L50, M|\n|poke|p2|Scovillain, L50, F|\n|poke|p2|Krookodile, L50, F|\n|poke|p2|Rotom-Wash, L50|\n|poke|p2|Farigiraf, L50, M|\n|poke|p2|Sneasler, L50, F|\n|teampreview|4\n|inactive|Battle timer is ON: inactive players will automatically lose when time's up. (requested by 0MG_1TS_KOR3N)\n|inactive|0MG_1TS_KOR3N has 60 seconds left.\n|inactive|loklastaji has 60 seconds left.\n|\n|t:|1775980928\n|teamsize|p1|4\n|teamsize|p2|4\n|start\n|switch|p1a: Charizard|Charizard, L50, F|100/100\n|switch|p1b: Venusaur|Venusaur, L50, M|100/100\n|switch|p2a: Krookodile|Krookodile, L50, F|100/100\n|switch|p2b: Farigiraf|Farigiraf, L50, M|100/100\n|-ability|p2a: Krookodile|Intimidate|boost\n|-unboost|p1a: Charizard|atk|1\n|-unboost|p1b: Venusaur|atk|1\n|turn|1\n|\n|t:|1775980951\n|detailschange|p1a: Charizard|Charizard-Mega-Y, L50, F\n|-mega|p1a: Charizard|Charizard|Charizardite Y\n|-weather|SunnyDay|[from] ability: Drought|[of] p1a: Charizard\n|move|p1b: Venusaur|Sleep Powder|p2a: Krookodile\n|-status|p2a: Krookodile|slp|[from] move: Sleep Powder\n|cant|p2a: Krookodile|slp\n|move|p1a: Charizard|Heat Wave|p2a: Krookodile|[spread] p2b\n|-miss|p1a: Charizard|p2a: Krookodile\n|-damage|p2b: Farigiraf|22/100\n|-enditem|p2b: Farigiraf|Sitrus Berry|[eat]\n|-heal|p2b: Farigiraf|46/100|[from] item: Sitrus Berry\n|move|p2b: Farigiraf|Psychic|p1b: Venusaur\n|-supereffective|p1b: Venusaur|1\n|-enditem|p1b: Venusaur|Focus Sash\n|-damage|p1b: Venusaur|1/100\n|\n|-weather|SunnyDay|[upkeep]\n|upkeep\n|turn|2\n|inactive|loklastaji has 30 seconds left.\n|\n|t:|1775980985\n|move|p1b: Venusaur|Leaf Storm|p2a: Krookodile\n|-supereffective|p2a: Krookodile|1\n|-damage|p2a: Krookodile|0 fnt\n|-unboost|p1b: Venusaur|spa|2\n|faint|p2a: Krookodile\n|move|p1a: Charizard|Weather Ball|p2b: Farigiraf\n|-damage|p2b: Farigiraf|0 fnt\n|faint|p2b: Farigiraf\n|\n|-weather|SunnyDay|[upkeep]\n|upkeep\n|\n|t:|1775980997\n|switch|p2a: Sneasler|Sneasler, L50, F|100/100\n|switch|p2b: Altaria|Altaria, L50, M|100/100\n|turn|3\n|inactive|0MG_1TS_KOR3N has 30 seconds left.\n|\n|t:|1775981023\n|detailschange|p2b: Altaria|Altaria-Mega, L50, M\n|-mega|p2b: Altaria|Altaria|Altarianite\n|move|p1a: Charizard|Protect|p1a: Charizard\n|-singleturn|p1a: Charizard|Protect\n|move|p2a: Sneasler|Fake Out|p1a: Charizard\n|-activate|p1a: Charizard|move: Protect\n|move|p1b: Venusaur|Sleep Powder|p2a: Sneasler\n|-status|p2a: Sneasler|slp|[from] move: Sleep Powder\n|move|p2b: Altaria|Hyper Voice|p1a: Charizard|[spread] p1b\n|-activate|p1a: Charizard|move: Protect\n|-resisted|p1b: Venusaur|1\n|-damage|p1b: Venusaur|0 fnt\n|faint|p1b: Venusaur\n|\n|-weather|SunnyDay|[upkeep]\n|upkeep\n|\n|t:|1775981040\n|switch|p1b: Sneasler|Sneasler, L50, M|100/100\n|turn|4\n|\n|t:|1775981054\n|move|p2b: Altaria|Protect|p2b: Altaria\n|-singleturn|p2b: Altaria|Protect\n|move|p1b: Sneasler|Dire Claw|p2b: Altaria\n|-activate|p2b: Altaria|move: Protect\n|cant|p2a: Sneasler|slp\n|move|p1a: Charizard|Heat Wave|p2b: Altaria|[spread] p2a\n|-activate|p2b: Altaria|move: Protect\n|-damage|p2a: Sneasler|9/100 slp\n|\n|-weather|SunnyDay|[upkeep]\n|upkeep\n|turn|5\n|inactive|loklastaji has 30 seconds left.\n|\n|t:|1775981086\n|cant|p2a: Sneasler|slp\n|move|p1b: Sneasler|Dire Claw|p2b: Altaria\n|-supereffective|p2b: Altaria|1\n|-damage|p2b: Altaria|16/100\n|-status|p2b: Altaria|psn\n|move|p1a: Charizard|Heat Wave|p2b: Altaria|[spread] p2a,p2b\n|-resisted|p2b: Altaria|1\n|-damage|p2a: Sneasler|0 fnt\n|-damage|p2b: Altaria|0 fnt\n|faint|p2a: Sneasler\n|faint|p2b: Altaria\n|\n|win|0MG_1TS_KOR3N\n|raw|0MG_1TS_KOR3N's rating: 1182 &rarr; <strong>1211</strong><br />(+29 for winning)\n|raw|loklastaji's rating: 1235 &rarr; <strong>1206</strong><br />(-29 for losing)\n|l|\u26060MG_1TS_KOR3N\n|player|p1|\n",
  "uploadtime": 1775981098,
  "views": 17,
  "formatid": "gen9championsvgc2026regma",
  "rating": 1206,
  "private": 0,
  "password": null
}