{
  "id": "gen9championsvgc2026regma-2583621034",
  "format": "[Gen 9 Champions] VGC 2026 Reg M-A",
  "players": [
    "LUWITE",
    "Bokugyo"
  ],
  "log": "|j|\u2606LUWITE\n|j|\u2606Bokugyo\n|t:|1776187032\n|gametype|doubles\n|player|p1|LUWITE|ghetsis|1084\n|player|p2|Bokugyo|waitress|1000\n|gen|9\n|tier|[Gen 9 Champions] VGC 2026 Reg M-A\n|rated|\n|rule|Species Clause: Limit one of each Pok\u00e9mon\n|rule|Item Clause: Limit 1 of each item\n|clearpoke\n|poke|p1|Palafin, L50, M|\n|poke|p1|Clefable, L50, M|\n|poke|p1|Incineroar, L50, M|\n|poke|p1|Gengar, L50, F|\n|poke|p1|Kingambit, L50, M|\n|poke|p1|Dragonite, L50, M|\n|poke|p2|Venusaur, L50, M|\n|poke|p2|Charizard, L50, F|\n|poke|p2|Gliscor, L50, M|\n|poke|p2|Milotic, L50, M|\n|poke|p2|Incineroar, L50, M|\n|poke|p2|Heracross, L50, F|\n|teampreview|4\nLUWITE rejected open team sheets.\n|c|\u2606Bokugyo|Meowdy\n|\n|t:|1776187059\n|teamsize|p1|4\n|teamsize|p2|4\n|start\n|switch|p1a: Palafin|Palafin, L50, M|100/100\n|switch|p1b: Dragonite|Dragonite, L50, M|100/100\n|switch|p2a: Gliscor|Gliscor, L50, M|100/100\n|switch|p2b: Incineroar|Incineroar, L50, M|100/100\n|-ability|p2b: Incineroar|Intimidate|boost\n|-unboost|p1a: Palafin|atk|1\n|-fail|p1b: Dragonite|unboost|Attack|[from] ability: Inner Focus|[of] p1b: Dragonite\n|turn|1\n|c|\u2606LUWITE|howdy\n|-activate|p2a: Gliscor|item: Quick Claw\n|\n|t:|1776187083\n|detailschange|p1a: Palafin|Palafin-Hero, L50, M\n|switch|p1a: Clefable|Clefable, L50, M|100/100\n|move|p2b: Incineroar|Fake Out|p1a: Clefable\n|-damage|p1a: Clefable|89/100\n|move|p2a: Gliscor|Tailwind|p2a: Gliscor\n|-sidestart|p2: Bokugyo|move: Tailwind\n|move|p1b: Dragonite|Dragon Dance|p1b: Dragonite\n|-boost|p1b: Dragonite|atk|1\n|-boost|p1b: Dragonite|spe|1\n|\n|upkeep\n|turn|2\n|\n|t:|1776187104\n|move|p2a: Gliscor|Gunk Shot|p1a: Clefable|[miss]\n|-miss|p2a: Gliscor|p1a: Clefable\n|move|p1b: Dragonite|Dragon Dance|p1b: Dragonite\n|-boost|p1b: Dragonite|atk|1\n|-boost|p1b: Dragonite|spe|1\n|move|p2b: Incineroar|Taunt|p1a: Clefable\n|-start|p1a: Clefable|move: Taunt\n|move|p1a: Clefable|Moonblast|p2b: Incineroar\n|-damage|p2b: Incineroar|71/100\n|\n|upkeep\n|turn|3\n|-activate|p2a: Gliscor|item: Quick Claw\n|\n|t:|1776187120\n|switch|p2b: Milotic|Milotic, L50, M|100/100\n|switch|p1a: Kingambit|Kingambit, L50, M|100/100\n|move|p2a: Gliscor|Gunk Shot|p1a: Kingambit\n|-immune|p1a: Kingambit\n|move|p1b: Dragonite|Dragon Dance|p1b: Dragonite\n|-boost|p1b: Dragonite|atk|1\n|-boost|p1b: Dragonite|spe|1\n|\n|upkeep\n|turn|4\n|\n|t:|1776187138\n|move|p1b: Dragonite|Dragon Claw|p2b: Milotic\n|-damage|p2b: Milotic|0 fnt\n|faint|p2b: Milotic\n|move|p2a: Gliscor|High Horsepower|p1a: Kingambit\n|-supereffective|p1a: Kingambit|1\n|-damage|p1a: Kingambit|45/100\n|move|p1a: Kingambit|Kowtow Cleave|p2a: Gliscor\n|-damage|p2a: Gliscor|64/100\n|\n|-sideend|p2: Bokugyo|move: Tailwind\n|upkeep\n|\n|t:|1776187149\n|switch|p2b: Incineroar|Incineroar, L50, M|71/100\n|-ability|p2b: Incineroar|Intimidate|boost\n|-unboost|p1a: Kingambit|atk|1\n|-ability|p1a: Kingambit|Defiant|boost\n|-boost|p1a: Kingambit|atk|2\n|-fail|p1b: Dragonite|unboost|Attack|[from] ability: Inner Focus|[of] p1b: Dragonite\n|turn|5\n|\n|t:|1776187163\n|move|p2b: Incineroar|Fake Out|p1b: Dragonite\n|-damage|p1b: Dragonite|92/100\n|move|p1b: Dragonite|Dragon Dance|p1b: Dragonite\n|-boost|p1b: Dragonite|atk|1\n|-boost|p1b: Dragonite|spe|1\n|move|p2a: Gliscor|High Horsepower|p1a: Kingambit\n|-supereffective|p1a: Kingambit|1\n|-damage|p1a: Kingambit|0 fnt\n|faint|p1a: Kingambit\n|\n|upkeep\n|c|\u2606LUWITE|misclick lol\n|c|\u2606Bokugyo|Oop\n|\n|t:|1776187179\n|switch|p1a: Palafin|Palafin-Hero, L50, M|100/100\n|-activate|p1a: Palafin|ability: Zero to Hero\n|turn|6\n|\n|t:|1776187205\n|move|p1b: Dragonite|Dragon Claw|p2a: Gliscor\n|-damage|p2a: Gliscor|0 fnt\n|faint|p2a: Gliscor\n|move|p1a: Palafin|Bulk Up|p1a: Palafin\n|-boost|p1a: Palafin|atk|1\n|-boost|p1a: Palafin|def|1\n|move|p2b: Incineroar|Darkest Lariat|p1a: Palafin\n|-damage|p1a: Palafin|62/100\n|\n|upkeep\n|\n|t:|1776187213\n|switch|p2a: Venusaur|Venusaur, L50, M|100/100\n|turn|7\n|\n|t:|1776187232\n|detailschange|p2a: Venusaur|Venusaur-Mega, L50, M\n|-mega|p2a: Venusaur|Venusaur|Venusaurite\n|move|p2a: Venusaur|Protect|p2a: Venusaur\n|-singleturn|p2a: Venusaur|Protect\n|move|p1b: Dragonite|Dragon Claw|p2a: Venusaur\n|-activate|p2a: Venusaur|move: Protect\n|move|p1a: Palafin|Drain Punch|p2b: Incineroar\n|-supereffective|p2b: Incineroar|1\n|-damage|p2b: Incineroar|0 fnt\n|-heal|p1a: Palafin|100/100|[from] drain|[of] p2b: Incineroar\n|faint|p2b: Incineroar\n|\n|upkeep\n|turn|8\n|c|\u2606LUWITE|gg\n|c|\u2606Bokugyo|gg\n|\n|t:|1776187253\n|move|p1b: Dragonite|Dragon Claw|p2a: Venusaur\n|-damage|p2a: Venusaur|18/100\n|move|p1a: Palafin|Drain Punch|p2a: Venusaur\n|-resisted|p2a: Venusaur|1\n|-damage|p2a: Venusaur|0 fnt\n|faint|p2a: Venusaur\n|\n|win|LUWITE\n|raw|LUWITE's rating: 1084 &rarr; <strong>1105</strong><br />(+21 for winning)\n|raw|Bokugyo's rating: 1000 &rarr; <strong>1000</strong><br />(+0 for losing)\n",
  "uploadtime": 1776187260,
  "views": 26,
  "formatid": "gen9championsvgc2026regma",
  "rating": 1000,
  "private": 0,
  "password": null
}