{
  "id": "gen9championsvgc2026regma-2588386917",
  "format": "[Gen 9 Champions] VGC 2026 Reg M-A",
  "players": [
    "cozie34",
    "Tamejo"
  ],
  "log": "|j|\u2606cozie34\n|j|\u2606Tamejo\n|t:|1776629227\n|gametype|doubles\n|player|p1|cozie34|gambler|1214\n|player|p2|Tamejo|caitlin|1310\n|gen|9\n|tier|[Gen 9 Champions] VGC 2026 Reg M-A\n|rated|\n|rule|Species Clause: Limit one of each Pok\u00e9mon\n|rule|Item Clause: Limit 1 of each item\n|clearpoke\n|poke|p1|Pelipper, L50, F|\n|poke|p1|Basculegion, L50, M, shiny|\n|poke|p1|Dragonite, L50, F, shiny|\n|poke|p1|Archaludon, L50, M, shiny|\n|poke|p1|Sneasler, L50, F|\n|poke|p1|Rotom-Heat, L50, shiny|\n|poke|p2|Dragapult, L50, M|\n|poke|p2|Sylveon, L50, F|\n|poke|p2|Whimsicott, L50, F|\n|poke|p2|Glimmora, L50, F|\n|poke|p2|Charizard, L50, M|\n|poke|p2|Kingambit, L50, F|\n|teampreview|4\ncozie34 rejected open team sheets.\n|inactive|Battle timer is ON: inactive players will automatically lose when time's up. (requested by cozie34)\n|\n|t:|1776629281\n|teamsize|p1|4\n|teamsize|p2|4\n|start\n|switch|p1a: Pelipper|Pelipper, L50, F|100/100\n|switch|p1b: Basculegion|Basculegion, L50, M, shiny|100/100\n|switch|p2a: Whimsicott|Whimsicott, L50, F|100/100\n|switch|p2b: Dragapult|Dragapult, L50, M|100/100\n|-weather|RainDance|[from] ability: Drizzle|[of] p1a: Pelipper\n|turn|1\n|\n|t:|1776629306\n|move|p2a: Whimsicott|Tailwind|p2a: Whimsicott\n|-sidestart|p2: Tamejo|move: Tailwind\n|move|p2b: Dragapult|Phantom Force||[still]\n|-prepare|p2b: Dragapult|Phantom Force\n|move|p1b: Basculegion|Last Respects|p2b: Dragapult|[miss]\n|-miss|p1b: Basculegion|p2b: Dragapult\n|move|p1a: Pelipper|Tailwind|p1a: Pelipper\n|-sidestart|p1: cozie34|move: Tailwind\n|\n|-weather|RainDance|[upkeep]\n|upkeep\n|turn|2\n|\n|t:|1776629326\n|move|p2a: Whimsicott|Encore|p1a: Pelipper\n|-start|p1a: Pelipper|Encore\n|move|p1b: Basculegion|Last Respects|p2b: Dragapult|[miss]\n|-miss|p1b: Basculegion|p2b: Dragapult\n|move|p2b: Dragapult|Phantom Force|p1b: Basculegion|[from] lockedmove\n|-supereffective|p1b: Basculegion|1\n|-damage|p1b: Basculegion|0 fnt\n|faint|p1b: Basculegion\n|move|p1a: Pelipper|Tailwind||[still]\n|-fail|p1a: Pelipper\n|\n|-weather|RainDance|[upkeep]\n|upkeep\n|\n|t:|1776629337\n|switch|p1b: Sneasler|Sneasler, L50, F|100/100\n|turn|3\n|\n|t:|1776629351\n|switch|p1a: Rotom|Rotom-Heat, L50, shiny|100/100\n|move|p2b: Dragapult|Phantom Force||[still]\n|-prepare|p2b: Dragapult|Phantom Force\n|move|p1b: Sneasler|Dire Claw|p2a: Whimsicott\n|-supereffective|p2a: Whimsicott|2\n|-enditem|p2a: Whimsicott|Focus Sash\n|-damage|p2a: Whimsicott|1/100\n|-status|p2a: Whimsicott|psn\n|move|p2a: Whimsicott|Moonblast|p1b: Sneasler\n|-damage|p1b: Sneasler|60/100\n|\n|-weather|RainDance|[upkeep]\n|-damage|p2a: Whimsicott|0 fnt|[from] psn\n|faint|p2a: Whimsicott\n|upkeep\n|\n|t:|1776629368\n|switch|p2a: Charizard|Charizard, L50, M|100/100\n|turn|4\n|\n|t:|1776629380\n|detailschange|p2a: Charizard|Charizard-Mega-Y, L50, M\n|-mega|p2a: Charizard|Charizard|Charizardite Y\n|-weather|SunnyDay|[from] ability: Drought|[of] p2a: Charizard\n|move|p1b: Sneasler|Protect|p1b: Sneasler\n|-singleturn|p1b: Sneasler|Protect\n|move|p2b: Dragapult|Phantom Force|p1b: Sneasler|[from] lockedmove\n|-activate|p1b: Sneasler|move: Phantom Force|[broken]\n|-damage|p1b: Sneasler|0 fnt\n|faint|p1b: Sneasler\n|move|p1a: Rotom|Volt Switch|p2a: Charizard\n|-supereffective|p2a: Charizard|1\n|-crit|p2a: Charizard\n|-damage|p2a: Charizard|0 fnt\n|faint|p2a: Charizard\n|\n|t:|1776629393\n|switch|p1a: Pelipper|Pelipper, L50, F|100/100|[from] Volt Switch\n|-weather|RainDance|[from] ability: Drizzle|[of] p1a: Pelipper\n|\n|-weather|RainDance|[upkeep]\n|-sideend|p2: Tamejo|move: Tailwind\n|-sideend|p1: cozie34|move: Tailwind\n|upkeep\n|\n|t:|1776629399\n|switch|p1b: Rotom|Rotom-Heat, L50, shiny|100/100\n|switch|p2a: Sylveon|Sylveon, L50, F|100/100\n|turn|5\n|\n|t:|1776629424\n|move|p2b: Dragapult|Phantom Force||[still]\n|-prepare|p2b: Dragapult|Phantom Force\n|move|p1b: Rotom|Overheat|p2a: Sylveon\n|-crit|p2a: Sylveon\n|-damage|p2a: Sylveon|68/100\n|-unboost|p1b: Rotom|spa|2\n|move|p1a: Pelipper|Hurricane|p2b: Dragapult|[miss]\n|-miss|p1a: Pelipper|p2b: Dragapult\n|move|p2a: Sylveon|Calm Mind|p2a: Sylveon\n|-boost|p2a: Sylveon|spa|1\n|-boost|p2a: Sylveon|spd|1\n|\n|-weather|RainDance|[upkeep]\n|-heal|p2a: Sylveon|74/100|[from] item: Leftovers\n|upkeep\n|turn|6\n|\n|t:|1776629443\n|move|p2b: Dragapult|Phantom Force|p1a: Pelipper|[from] lockedmove\n|-damage|p1a: Pelipper|47/100\n|move|p1b: Rotom|Overheat|p2a: Sylveon\n|-damage|p2a: Sylveon|67/100\n|-unboost|p1b: Rotom|spa|2\n|move|p1a: Pelipper|Hurricane|p2a: Sylveon\n|-damage|p2a: Sylveon|42/100\n|-start|p2a: Sylveon|confusion\n|-activate|p2a: Sylveon|confusion\n|move|p2a: Sylveon|Calm Mind|p2a: Sylveon\n|-boost|p2a: Sylveon|spa|1\n|-boost|p2a: Sylveon|spd|1\n|\n|-weather|RainDance|[upkeep]\n|-heal|p2a: Sylveon|48/100|[from] item: Leftovers\n|upkeep\n|turn|7\n|\n|t:|1776629466\n|move|p2b: Dragapult|Phantom Force||[still]\n|-prepare|p2b: Dragapult|Phantom Force\n|move|p1b: Rotom|Overheat|p2a: Sylveon\n|-damage|p2a: Sylveon|45/100\n|-unboost|p1b: Rotom|spa|2\n|move|p1a: Pelipper|Hurricane|p2b: Dragapult|[miss]\n|-miss|p1a: Pelipper|p2b: Dragapult\n|-activate|p2a: Sylveon|confusion\n|move|p2a: Sylveon|Hyper Voice|p1b: Rotom|[spread] p1a,p1b\n|-resisted|p1b: Rotom|1\n|-damage|p1a: Pelipper|0 fnt\n|-damage|p1b: Rotom|57/100\n|faint|p1a: Pelipper\n|\n|-weather|RainDance|[upkeep]\n|-heal|p2a: Sylveon|51/100|[from] item: Leftovers\n|upkeep\n|turn|8\n|\n|t:|1776629483\n|move|p2b: Dragapult|Phantom Force|p1b: Rotom|[from] lockedmove\n|-damage|p1b: Rotom|0 fnt\n|faint|p1b: Rotom\n|\n|win|Tamejo\n|raw|cozie34's rating: 1214 &rarr; <strong>1196</strong><br />(-18 for losing)\n|raw|Tamejo's rating: 1310 &rarr; <strong>1325</strong><br />(+15 for winning)\n|l|\u2606cozie34\n|player|p1|\n",
  "uploadtime": 1776629499,
  "views": 14,
  "formatid": "gen9championsvgc2026regma",
  "rating": 1196,
  "private": 0,
  "password": null
}