{
  "id": "gen9championsvgc2026regma-2581284575",
  "format": "[Gen 9 Champions] VGC 2026 Reg M-A",
  "players": [
    "Chuggdot",
    "I\u2764\ufe0f\u5a1c\u7984Forever"
  ],
  "log": "|j|\u2606Chuggdot\n|j|\u2606I\u2764\ufe0f\u5a1c\u7984Forever\n|t:|1775981244\n|gametype|doubles\n|player|p1|Chuggdot|102|\n|player|p2|I\u2764\ufe0f\u5a1c\u7984Forever|youngcouple-gen4dp|\n|gen|9\n|tier|[Gen 9 Champions] VGC 2026 Reg M-A\n|rated|Tournament battle\n|rule|Species Clause: Limit one of each Pok\u00e9mon\n|rule|Item Clause: Limit 1 of each item\n|clearpoke\n|poke|p1|Empoleon, L50, F|\n|poke|p1|Sinistcha, L50|\n|poke|p1|Incineroar, L50, M|\n|poke|p1|Floette-Eternal, L50, F|\n|poke|p1|Aerodactyl, L50, F|\n|poke|p1|Mamoswine, L50, F|\n|poke|p2|Tyranitar, L50, F|\n|poke|p2|Milotic, L50, F|\n|poke|p2|Sylveon, L50, M|\n|poke|p2|Zoroark-Hisui, L50, F|\n|poke|p2|Excadrill, L50, F|\n|poke|p2|Wyrdeer, L50, F|\n|teampreview|4\n|inactive|Battle timer is ON: inactive players will automatically lose when time's up. (requested by Chuggdot)\nChuggdot has agreed to open team sheets.\n|inactive|Chuggdot has 60 seconds left.\n|j| aurora ltd\n|\n|t:|1775981284\n|teamsize|p1|4\n|teamsize|p2|4\n|start\n|switch|p1a: Mamoswine|Mamoswine, L50, F|100/100\n|switch|p1b: Sinistcha|Sinistcha, L50|100/100\n|switch|p2a: Excadrill|Excadrill, L50, F|100/100\n|switch|p2b: Neko Neko.NeNe|Sylveon, L50, M|100/100\n|turn|1\n|\n|t:|1775981300\n|move|p1b: Sinistcha|Rage Powder|p1b: Sinistcha\n|-singleturn|p1b: Sinistcha|move: Rage Powder\n|move|p1a: Mamoswine|High Horsepower|p2a: Excadrill\n|-enditem|p2a: Excadrill|Focus Sash\n|-damage|p2a: Excadrill|1/100\n|replace|p2a: Zoroark|Zoroark-Hisui, L50, F\n|-end|p2a: Zoroark|Illusion\n|move|p2a: Zoroark|Shadow Ball|p1b: Sinistcha\n|-supereffective|p1b: Sinistcha|1\n|-damage|p1b: Sinistcha|23/100\n|-enditem|p1b: Sinistcha|Sitrus Berry|[eat]\n|-heal|p1b: Sinistcha|48/100|[from] item: Sitrus Berry\n|move|p2b: Neko Neko.NeNe|Hyper Voice|p1b: Sinistcha|[spread] p1a,p1b\n|-damage|p1a: Mamoswine|35/100\n|-damage|p1b: Sinistcha|3/100\n|\n|upkeep\n|turn|2\n|inactive|Chuggdot has 30 seconds left.\n|inactive|I\u2764\ufe0f\u5a1c\u7984Forever has 30 seconds left.\n|\n|t:|1775981325\n|switch|p1b: Empoleon|Empoleon, L50, F|100/100\n|move|p2a: Zoroark|Protect|p2a: Zoroark\n|-singleturn|p2a: Zoroark|Protect\n|move|p1a: Mamoswine|High Horsepower|p2a: Zoroark\n|-activate|p2a: Zoroark|move: Protect\n|move|p2b: Neko Neko.NeNe|Hyper Voice|p1a: Mamoswine|[spread] p1a,p1b\n|-resisted|p1b: Empoleon|1\n|-damage|p1a: Mamoswine|0 fnt\n|-damage|p1b: Empoleon|79/100\n|faint|p1a: Mamoswine\n|\n|-heal|p1b: Empoleon|85/100|[from] item: Leftovers\n|upkeep\n|j| lilmuncle\n|\n|t:|1775981337\n|switch|p1a: Floette|Floette-Eternal, L50, F|100/100\n|turn|3\n|\n|t:|1775981343\n|detailschange|p1a: Floette|Floette-Mega, L50, F\n|-mega|p1a: Floette|Floette|Floettite\n|-ability|p1a: Floette|Fairy Aura\n|move|p2a: Zoroark|Taunt|p1a: Floette\n|-start|p1a: Floette|move: Taunt\n|cant|p1a: Floette|move: Taunt|Calm Mind\n|move|p1b: Empoleon|Icy Wind|p2b: Neko Neko.NeNe|[spread] p2a,p2b\n|-damage|p2a: Zoroark|0 fnt\n|-damage|p2b: Neko Neko.NeNe|92/100\n|-unboost|p2b: Neko Neko.NeNe|spe|1\n|faint|p2a: Zoroark\n|move|p2b: Neko Neko.NeNe|Hyper Voice|p1a: Floette|[spread] p1a,p1b\n|-resisted|p1b: Empoleon|1\n|-damage|p1a: Floette|57/100\n|-damage|p1b: Empoleon|59/100\n|\n|-heal|p1b: Empoleon|65/100|[from] item: Leftovers\n|upkeep\n|\n|t:|1775981354\n|switch|p2a: Excadrill|Excadrill, L50, F|100/100\n|turn|4\n|\n|t:|1775981363\n|switch|p1a: Sinistcha|Sinistcha, L50|3/100\n|-heal|p1b: Empoleon|90/100|[from] ability: Hospitality|[of] p1a: Sinistcha\n|move|p2a: Excadrill|Iron Head|p1a: Sinistcha\n|-damage|p1a: Sinistcha|0 fnt\n|faint|p1a: Sinistcha\n|move|p1b: Empoleon|Icy Wind|p2b: Neko Neko.NeNe|[spread] p2a,p2b\n|-crit|p2a: Excadrill\n|-damage|p2a: Excadrill|78/100\n|-damage|p2b: Neko Neko.NeNe|84/100\n|-unboost|p2a: Excadrill|spe|1\n|-unboost|p2b: Neko Neko.NeNe|spe|1\n|move|p2b: Neko Neko.NeNe|Hyper Voice|p1b: Empoleon\n|-resisted|p1b: Empoleon|1\n|-damage|p1b: Empoleon|63/100\n|\n|-heal|p1b: Empoleon|69/100|[from] item: Leftovers\n|upkeep\n|\n|t:|1775981378\n|switch|p1a: Floette|Floette-Mega, L50, F|57/100\n|-ability|p1a: Floette|Fairy Aura\n|turn|5\n|inactive|Chuggdot has 30 seconds left.\n|inactive|Chuggdot has 20 seconds left.\n|inactive|Chuggdot has 15 seconds left.\n|inactive|Chuggdot has 10 seconds left.\n|\n|t:|1775981423\n|switch|p2a: Tyranitar|Tyranitar, L50, F|100/100\n|-weather|Sandstorm|[from] ability: Sand Stream|[of] p2a: Tyranitar\n|move|p1a: Floette|Calm Mind|p1a: Floette\n|-boost|p1a: Floette|spa|1\n|-boost|p1a: Floette|spd|1\n|move|p1b: Empoleon|Hydro Pump|p2a: Tyranitar\n|-supereffective|p2a: Tyranitar|1\n|-damage|p2a: Tyranitar|53/100\n|move|p2b: Neko Neko.NeNe|Hyper Voice|p1b: Empoleon|[spread] p1a,p1b\n|-crit|p1a: Floette\n|-resisted|p1b: Empoleon|1\n|-damage|p1a: Floette|0 fnt\n|-damage|p1b: Empoleon|43/100\n|faint|p1a: Floette\n|\n|-weather|Sandstorm|[upkeep]\n|-damage|p2b: Neko Neko.NeNe|78/100|[from] Sandstorm\n|-heal|p1b: Empoleon|49/100|[from] item: Leftovers\n|upkeep\n|turn|6\n|c|\u2606Chuggdot|damn, gg\n|-message|Chuggdot forfeited.\n|\n|win|I\u2764\ufe0f\u5a1c\u7984Forever\n|n|\u2606Chuggdot|chuggdot\n|n|\u2606I\u2764\ufe0f\u5a1c\u7984Forever|iforever\n|n| aurora ltd|auroraltd\n|n| lilmuncle|lilmuncle\n|l|\u2606Chuggdot\n|player|p1|\n|l|\u2606I\u2764\ufe0f\u5a1c\u7984Forever\n|player|p2|\n|l| lilmuncle\n",
  "uploadtime": 1775981607,
  "views": 16,
  "formatid": "gen9championsvgc2026regma",
  "rating": null,
  "private": 0,
  "password": null
}