{
  "id": "gen9championsvgc2026regma-2584758239",
  "format": "[Gen 9 Champions] VGC 2026 Reg M-A",
  "players": [
    "mak_1811",
    "Tailwind Lobbyist"
  ],
  "log": "|j|\u2606mak_1811\n|j|\u2606Tailwind Lobbyist\n|t:|1776281577\n|gametype|doubles\n|player|p1|mak_1811|169|1096\n|player|p2|Tailwind Lobbyist|clerkf|1061\n|gen|9\n|tier|[Gen 9 Champions] VGC 2026 Reg M-A\n|rated|\n|rule|Species Clause: Limit one of each Pok\u00e9mon\n|rule|Item Clause: Limit 1 of each item\n|clearpoke\n|poke|p1|Beedrill, L50, M|\n|poke|p1|Sinistcha, L50|\n|poke|p1|Archaludon, L50, M|\n|poke|p1|Incineroar, L50, F|\n|poke|p1|Rotom-Wash, L50|\n|poke|p1|Primarina, L50, F|\n|poke|p2|Gengar, L50, M|\n|poke|p2|Kommo-o, L50, F|\n|poke|p2|Scizor, L50, F|\n|poke|p2|Incineroar, L50, F|\n|poke|p2|Sinistcha-Masterpiece, L50|\n|poke|p2|Rotom-Wash, L50|\n|teampreview|4\nmak_1811 rejected open team sheets.\n|inactive|Battle timer is ON: inactive players will automatically lose when time's up. (requested by Tailwind Lobbyist)\n|\n|t:|1776281619\n|teamsize|p1|4\n|teamsize|p2|4\n|start\n|switch|p1a: Beedrill|Beedrill, L50, M|100/100\n|switch|p1b: Rotom|Rotom-Wash, L50|100/100\n|switch|p2a: Gengar|Gengar, L50, M|100/100\n|switch|p2b: Incineroar|Incineroar, L50, F|100/100\n|-ability|p2b: Incineroar|Intimidate|boost\n|-unboost|p1a: Beedrill|atk|1\n|-unboost|p1b: Rotom|atk|1\n|turn|1\n|\n|t:|1776281639\n|detailschange|p1a: Beedrill|Beedrill-Mega, L50, M\n|-mega|p1a: Beedrill|Beedrill|Beedrillite\n|move|p1a: Beedrill|Protect|p1a: Beedrill\n|-singleturn|p1a: Beedrill|Protect\n|move|p2b: Incineroar|Fake Out|p1a: Beedrill\n|-activate|p1a: Beedrill|move: Protect\n|move|p1b: Rotom|Volt Switch|p2a: Gengar\n|-damage|p2a: Gengar|48/100\n|\n|t:|1776281650\n|switch|p1b: Archaludon|Archaludon, L50, M|100/100|[from] Volt Switch\n|move|p2a: Gengar|Perish Song|p2a: Gengar\n|-start|p1a: Beedrill|perish3|[silent]\n|-start|p1b: Archaludon|perish3|[silent]\n|-start|p2a: Gengar|perish3|[silent]\n|-start|p2b: Incineroar|perish3|[silent]\n|-fieldactivate|move: Perish Song\n|\n|-start|p1a: Beedrill|perish3\n|-start|p2a: Gengar|perish3\n|-start|p1b: Archaludon|perish3\n|-start|p2b: Incineroar|perish3\n|upkeep\n|turn|2\n|\n|t:|1776281669\n|detailschange|p2a: Gengar|Gengar-Mega, L50, M\n|-mega|p2a: Gengar|Gengar|Gengarite\n|move|p2a: Gengar|Protect|p2a: Gengar\n|-singleturn|p2a: Gengar|Protect\n|move|p1b: Archaludon|Protect|p1b: Archaludon\n|-singleturn|p1b: Archaludon|Protect\n|move|p1a: Beedrill|U-turn|p1b: Archaludon\n|-activate|p1b: Archaludon|move: Protect\n|move|p2b: Incineroar|Parting Shot|p1a: Beedrill\n|-unboost|p1a: Beedrill|atk|1\n|-unboost|p1a: Beedrill|spa|1\n|\n|t:|1776281681\n|switch|p2b: Sinistcha|Sinistcha-Masterpiece, L50|100/100|[from] Parting Shot\n|-heal|p2a: Gengar|73/100|[from] ability: Hospitality|[of] p2b: Sinistcha\n|\n|-start|p1a: Beedrill|perish2\n|-start|p2a: Gengar|perish2\n|-start|p1b: Archaludon|perish2\n|upkeep\n|turn|3\n|inactive|Tailwind Lobbyist has 30 seconds left.\n|\n|t:|1776281711\n|move|p1a: Beedrill|U-turn|p1b: Archaludon\n|-resisted|p1b: Archaludon|1\n|-damage|p1b: Archaludon|90/100\n|-ability|p1b: Archaludon|Stamina|boost\n|-boost|p1b: Archaludon|def|1\n|\n|t:|1776281716\n|switch|p1a: Rotom|Rotom-Wash, L50|100/100|[from] U-turn\n|move|p2a: Gengar|Shadow Ball|p1a: Rotom\n|-damage|p1a: Rotom|33/100\n|move|p1b: Archaludon|Draco Meteor|p2a: Gengar\n|-damage|p2a: Gengar|0 fnt\n|-unboost|p1b: Archaludon|spa|2\n|faint|p2a: Gengar\n|-enditem|p1b: Archaludon|White Herb\n|-clearnegativeboost|p1b: Archaludon|[silent]\n|move|p2b: Sinistcha|Matcha Gotcha|p1b: Archaludon|[spread] p1a,p1b\n|-supereffective|p1a: Rotom|1\n|-resisted|p1b: Archaludon|2\n|-damage|p1a: Rotom|0 fnt\n|-damage|p1b: Archaludon|84/100\n|-ability|p1b: Archaludon|Stamina|boost\n|-boost|p1b: Archaludon|def|1\n|faint|p1a: Rotom\n|\n|-start|p1b: Archaludon|perish1\n|upkeep\n|\n|t:|1776281739\n|switch|p2a: Kommo-o|Kommo-o, L50, F|100/100\n|switch|p1a: Beedrill|Beedrill-Mega, L50, M|100/100\n|turn|4\n|\n|t:|1776281748\n|switch|p1b: Primarina|Primarina, L50, F|100/100\n|switch|p2b: Incineroar|Incineroar, L50, F|100/100\n|-ability|p2b: Incineroar|Intimidate|boost\n|-unboost|p1a: Beedrill|atk|1\n|-unboost|p1b: Primarina|atk|1\n|move|p1a: Beedrill|Protect|p1a: Beedrill\n|-singleturn|p1a: Beedrill|Protect\n|move|p2a: Kommo-o|Iron Defense|p2a: Kommo-o\n|-boost|p2a: Kommo-o|def|2\n|\n|upkeep\n|turn|5\n|\n|t:|1776281769\n|move|p2b: Incineroar|Fake Out|p1b: Primarina\n|-damage|p1b: Primarina|87/100\n|move|p1a: Beedrill|U-turn|p2b: Incineroar\n|-damage|p2b: Incineroar|75/100\n|\n|t:|1776281775\n|switch|p1a: Archaludon|Archaludon, L50, M|84/100|[from] U-turn\n|move|p2a: Kommo-o|Poison Jab|p1b: Primarina\n|-supereffective|p1b: Primarina|1\n|-damage|p1b: Primarina|39/100\n|cant|p1b: Primarina|flinch\n|\n|upkeep\n|turn|6\n|inactive|mak_1811 has 30 seconds left.\n|inactive|mak_1811 has 20 seconds left.\n|\n|t:|1776281810\n|switch|p2b: Sinistcha|Sinistcha-Masterpiece, L50|100/100\n|move|p2a: Kommo-o|Protect|p2a: Kommo-o\n|-singleturn|p2a: Kommo-o|Protect\n|move|p1a: Archaludon|Electro Shot||[still]\n|-prepare|p1a: Archaludon|Electro Shot\n|-boost|p1a: Archaludon|spa|1\n|move|p1b: Primarina|Rain Dance|p1b: Primarina\n|-weather|RainDance\n|\n|-weather|RainDance|[upkeep]\n|upkeep\n|turn|7\n|\n|t:|1776281828\n|move|p1b: Primarina|Protect|p1b: Primarina\n|-singleturn|p1b: Primarina|Protect\n|move|p2b: Sinistcha|Rage Powder|p2b: Sinistcha\n|-singleturn|p2b: Sinistcha|move: Rage Powder\n|move|p2a: Kommo-o|Body Press|p1a: Archaludon\n|-supereffective|p1a: Archaludon|1\n|-damage|p1a: Archaludon|0 fnt\n|faint|p1a: Archaludon\n|\n|-weather|RainDance|[upkeep]\n|upkeep\n|\n|t:|1776281836\n|switch|p1a: Beedrill|Beedrill-Mega, L50, M|100/100\n|turn|8\n|\n|t:|1776281842\n|switch|p2b: Incineroar|Incineroar, L50, F|75/100\n|-ability|p2b: Incineroar|Intimidate|boost\n|-unboost|p1a: Beedrill|atk|1\n|-unboost|p1b: Primarina|atk|1\n|move|p2a: Kommo-o|Protect|p2a: Kommo-o\n|-singleturn|p2a: Kommo-o|Protect\n|move|p1a: Beedrill|Poison Jab|p2b: Incineroar\n|-damage|p2b: Incineroar|42/100\n|-status|p2b: Incineroar|psn\n|-enditem|p2b: Incineroar|Sitrus Berry|[eat]\n|-heal|p2b: Incineroar|67/100 psn|[from] item: Sitrus Berry\n|move|p1b: Primarina|Moonblast|p2a: Kommo-o\n|-activate|p2a: Kommo-o|move: Protect\n|\n|-weather|RainDance|[upkeep]\n|-damage|p2b: Incineroar|54/100 psn|[from] psn\n|upkeep\n|turn|9\n|inactive|Tailwind Lobbyist has 30 seconds left.\n|inactive|Tailwind Lobbyist has 20 seconds left.\n|\n|t:|1776281887\n|move|p1b: Primarina|Protect|p1b: Primarina\n|-singleturn|p1b: Primarina|Protect\n|move|p2b: Incineroar|Fake Out|p1a: Beedrill\n|-damage|p1a: Beedrill|75/100\n|cant|p1a: Beedrill|flinch\n|move|p2a: Kommo-o|Poison Jab|p1b: Primarina\n|-activate|p1b: Primarina|move: Protect\n|\n|-weather|RainDance|[upkeep]\n|-damage|p2b: Incineroar|42/100 psn|[from] psn\n|upkeep\n|turn|10\n|\n|t:|1776281903\n|move|p2a: Kommo-o|Protect|p2a: Kommo-o\n|-singleturn|p2a: Kommo-o|Protect\n|move|p1a: Beedrill|Swords Dance|p1a: Beedrill\n|-boost|p1a: Beedrill|atk|2\n|move|p2b: Incineroar|Parting Shot|p1b: Primarina\n|-unboost|p1b: Primarina|atk|1\n|-unboost|p1b: Primarina|spa|1\n|\n|t:|1776281910\n|switch|p2b: Sinistcha|Sinistcha-Masterpiece, L50|100/100|[from] Parting Shot\n|move|p1b: Primarina|Moonblast|p2a: Kommo-o\n|-activate|p2a: Kommo-o|move: Protect\n|\n|-weather|none\n|upkeep\n|turn|11\n|\n|t:|1776281928\n|move|p2b: Sinistcha|Rage Powder|p2b: Sinistcha\n|-singleturn|p2b: Sinistcha|move: Rage Powder\n|move|p1a: Beedrill|Swords Dance|p1a: Beedrill\n|-boost|p1a: Beedrill|atk|2\n|move|p2a: Kommo-o|Body Press|p1a: Beedrill\n|-resisted|p1a: Beedrill|2\n|-damage|p1a: Beedrill|23/100\n|move|p1b: Primarina|Hyper Voice|p2b: Sinistcha|[spread] p2b\n|-immune|p2a: Kommo-o|[from] ability: Soundproof\n|-resisted|p2b: Sinistcha|1\n|-damage|p2b: Sinistcha|88/100\n|\n|upkeep\n|turn|12\n|\n|t:|1776281942\n|move|p1a: Beedrill|Protect|p1a: Beedrill\n|-singleturn|p1a: Beedrill|Protect\n|move|p2a: Kommo-o|Poison Jab|p1b: Primarina\n|-supereffective|p1b: Primarina|1\n|-damage|p1b: Primarina|0 fnt\n|faint|p1b: Primarina\n|move|p2b: Sinistcha|Matcha Gotcha|p1a: Beedrill\n|-activate|p1a: Beedrill|move: Protect\n|\n|upkeep\n|turn|13\n|-message|mak_1811 forfeited.\n|\n|win|Tailwind Lobbyist\n|raw|mak_1811's rating: 1096 &rarr; <strong>1069</strong><br />(-27 for losing)\n|raw|Tailwind Lobbyist's rating: 1061 &rarr; <strong>1095</strong><br />(+34 for winning)\n|l|\u2606mak_1811\n|player|p1|\n|c|\u2606Tailwind Lobbyist|Closed team sheets to still lose\n|c|\u2606Tailwind Lobbyist|lol\n",
  "uploadtime": 1776281962,
  "views": 39,
  "formatid": "gen9championsvgc2026regma",
  "rating": 1069,
  "private": 0,
  "password": null
}