{
  "id": "gen9championsvgc2026regma-2586365710",
  "format": "[Gen 9 Champions] VGC 2026 Reg M-A",
  "players": [
    "Elcamarw",
    "takethephilpill"
  ],
  "log": "|j|\u2606Elcamarw\n|j|\u2606takethephilpill\n|t:|1776429171\n|gametype|doubles\n|player|p1|Elcamarw|169|1000\n|player|p2|takethephilpill|#ptplviistarmies|1080\n|gen|9\n|tier|[Gen 9 Champions] VGC 2026 Reg M-A\n|rated|\n|rule|Species Clause: Limit one of each Pok\u00e9mon\n|rule|Item Clause: Limit 1 of each item\n|clearpoke\n|poke|p1|Dragonite, L50, M|\n|poke|p1|Ninetales-Alola, L50, F|\n|poke|p1|Aegislash, L50, M|\n|poke|p1|Gyarados, L50, F|\n|poke|p1|Spiritomb, L50, M|\n|poke|p1|Infernape, L50, F|\n|poke|p2|Heracross, L50, M|\n|poke|p2|Talonflame, L50, M|\n|poke|p2|Incineroar, L50, F|\n|poke|p2|Floette-Eternal, L50, F|\n|poke|p2|Garchomp, L50, F|\n|poke|p2|Clefable, L50, M|\n|teampreview|4\n|inactive|Battle timer is ON: inactive players will automatically lose when time's up. (requested by takethephilpill)\ntakethephilpill rejected open team sheets.\n|inactive|Elcamarw has 60 seconds left.\n|\n|t:|1776429208\n|teamsize|p1|4\n|teamsize|p2|4\n|start\n|switch|p1a: Infernape|Infernape, L50, F|100/100\n|switch|p1b: Dragonite|Dragonite, L50, M|100/100\n|switch|p2a: Talonflame|Talonflame, L50, M|100/100\n|switch|p2b: Incineroar|Incineroar, L50, F|100/100\n|-ability|p2b: Incineroar|Intimidate|boost\n|-unboost|p1a: Infernape|atk|1\n|-unboost|p1b: Dragonite|atk|1\n|turn|1\n|\n|t:|1776429226\n|move|p1a: Infernape|Upper Hand|p2b: Incineroar\n|-supereffective|p2b: Incineroar|1\n|-damage|p2b: Incineroar|62/100\n|cant|p2b: Incineroar|flinch\n|move|p2a: Talonflame|Dual Wingbeat|p1a: Infernape\n|-supereffective|p1a: Infernape|1\n|-damage|p1a: Infernape|64/100\n|-supereffective|p1a: Infernape|1\n|-damage|p1a: Infernape|25/100\n|-hitcount|p1a: Infernape|2\n|move|p1b: Dragonite|Tailwind|p1b: Dragonite\n|-sidestart|p1: Elcamarw|move: Tailwind\n|\n|-heal|p2b: Incineroar|68/100|[from] item: Leftovers\n|upkeep\n|turn|2\n|inactive|Elcamarw has 30 seconds left.\n|inactive|takethephilpill has 30 seconds left.\n|inactive|Elcamarw has 20 seconds left.\n|\n|t:|1776429261\n|-singleturn|p1a: Infernape|move: Focus Punch\n|move|p2a: Talonflame|Tailwind|p2a: Talonflame\n|-sidestart|p2: takethephilpill|move: Tailwind\n|move|p2b: Incineroar|Flare Blitz|p1a: Infernape\n|-resisted|p1a: Infernape|1\n|-damage|p1a: Infernape|0 fnt\n|faint|p1a: Infernape\n|-damage|p2b: Incineroar|62/100|[from] Recoil\n|move|p1b: Dragonite|Dragon Tail|p2a: Talonflame\n|-damage|p2a: Talonflame|71/100\n|drag|p2a: Heracross|Heracross, L50, M|100/100\n|\n|-heal|p2b: Incineroar|68/100|[from] item: Leftovers\n|upkeep\n|\n|t:|1776429283\n|switch|p1a: Aegislash|Aegislash, L50, M|100/100\n|turn|3\n|\n|t:|1776429303\n|move|p1a: Aegislash|King's Shield|p1a: Aegislash\n|-singleturn|p1a: Aegislash|Protect\n|move|p2a: Heracross|High Horsepower|p1a: Aegislash\n|-activate|p1a: Aegislash|move: Protect\n|-unboost|p2a: Heracross|atk|1\n|move|p2b: Incineroar|Parting Shot|p1b: Dragonite\n|-unboost|p1b: Dragonite|atk|1\n|-unboost|p1b: Dragonite|spa|1\n|\n|t:|1776429312\n|switch|p2b: Floette|Floette-Eternal, L50, F|100/100|[from] Parting Shot\n|move|p1b: Dragonite|Dragon Tail|p2b: Floette\n|-immune|p2b: Floette\n|\n|upkeep\n|turn|4\n|inactive|Elcamarw has 30 seconds left.\n|\n|t:|1776429341\n|detailschange|p2a: Heracross|Heracross-Mega, L50, M\n|-mega|p2a: Heracross|Heracross|Heracronite\n|move|p1a: Aegislash|Wide Guard|p1a: Aegislash\n|-singleturn|p1a: Aegislash|Wide Guard\n|move|p1b: Dragonite|Tailwind||[still]\n|-fail|p1b: Dragonite\n|move|p2b: Floette|Dazzling Gleam|p1a: Aegislash|[spread] \n|-activate|p1a: Aegislash|move: Wide Guard\n|-activate|p1b: Dragonite|move: Wide Guard\n|move|p2a: Heracross|High Horsepower|p1a: Aegislash\n|-supereffective|p1a: Aegislash|1\n|-damage|p1a: Aegislash|50/100\n|-enditem|p1a: Aegislash|Sitrus Berry|[eat]\n|-heal|p1a: Aegislash|75/100|[from] item: Sitrus Berry\n|\n|-sideend|p1: Elcamarw|move: Tailwind\n|upkeep\n|turn|5\n|inactive|Elcamarw has 30 seconds left.\n|\n|t:|1776429368\n|move|p1b: Dragonite|Protect|p1b: Dragonite\n|-singleturn|p1b: Dragonite|Protect\n|move|p1a: Aegislash|King's Shield||[still]\n|-fail|p1a: Aegislash\n|move|p2b: Floette|Light of Ruin|p1b: Dragonite\n|-activate|p1b: Dragonite|move: Protect\n|move|p2a: Heracross|High Horsepower|p1a: Aegislash\n|-supereffective|p1a: Aegislash|1\n|-damage|p1a: Aegislash|28/100\n|\n|-sideend|p2: takethephilpill|move: Tailwind\n|upkeep\n|turn|6\n|inactive|Elcamarw has 30 seconds left.\n|\n|t:|1776429395\n|move|p1b: Dragonite|Tailwind|p1b: Dragonite\n|-sidestart|p1: Elcamarw|move: Tailwind\n|move|p2b: Floette|Light of Ruin|p1b: Dragonite\n|-supereffective|p1b: Dragonite|1\n|-damage|p1b: Dragonite|18/100\n|-damage|p2b: Floette|55/100|[from] Recoil\n|-formechange|p1a: Aegislash|Aegislash-Blade|\n|move|p1a: Aegislash|Iron Head|p2b: Floette\n|-supereffective|p2b: Floette|1\n|-damage|p2b: Floette|0 fnt\n|faint|p2b: Floette\n|move|p2a: Heracross|High Horsepower|p1a: Aegislash\n|-supereffective|p1a: Aegislash|1\n|-damage|p1a: Aegislash|0 fnt\n|faint|p1a: Aegislash\n|\n|upkeep\n|\n|t:|1776429411\n|switch|p2b: Talonflame|Talonflame, L50, M|71/100\n|switch|p1a: Gyarados|Gyarados, L50, F, shiny|100/100\n|-ability|p1a: Gyarados|Intimidate|boost\n|-unboost|p2a: Heracross|atk|1\n|-unboost|p2b: Talonflame|atk|1\n|turn|7\n|inactive|Elcamarw has 30 seconds left.\n|inactive|Elcamarw has 20 seconds left.\n|\n|t:|1776429450\n|switch|p2a: Incineroar|Incineroar, L50, F|68/100\n|-ability|p2a: Incineroar|Intimidate|boost\n|-unboost|p1a: Gyarados|atk|1\n|-unboost|p1b: Dragonite|atk|1\n|move|p1b: Dragonite|Protect|p1b: Dragonite\n|-singleturn|p1b: Dragonite|Protect\n|move|p1a: Gyarados|Waterfall|p2b: Talonflame\n|-supereffective|p2b: Talonflame|1\n|-damage|p2b: Talonflame|2/100\n|move|p2b: Talonflame|Dual Wingbeat|p1b: Dragonite\n|-activate|p1b: Dragonite|move: Protect\n|\n|-heal|p2a: Incineroar|74/100|[from] item: Leftovers\n|upkeep\n|turn|8\n|inactive|Elcamarw has 30 seconds left.\n|\n|t:|1776429476\n|move|p2b: Talonflame|Protect|p2b: Talonflame\n|-singleturn|p2b: Talonflame|Protect\n|move|p1b: Dragonite|Extreme Speed|p2b: Talonflame\n|-activate|p2b: Talonflame|move: Protect\n|move|p1a: Gyarados|Dragon Dance|p1a: Gyarados\n|-boost|p1a: Gyarados|atk|1\n|-boost|p1a: Gyarados|spe|1\n|move|p2a: Incineroar|Will-O-Wisp|p1a: Gyarados\n|-status|p1a: Gyarados|brn\n|\n|-heal|p2a: Incineroar|80/100|[from] item: Leftovers\n|-damage|p1a: Gyarados|95/100 brn|[from] brn\n|upkeep\n|turn|9\n|\n|t:|1776429496\n|move|p1b: Dragonite|Extreme Speed|p2b: Talonflame\n|-damage|p2b: Talonflame|0 fnt\n|faint|p2b: Talonflame\n|move|p1a: Gyarados|Dragon Dance|p1a: Gyarados\n|-boost|p1a: Gyarados|atk|1\n|-boost|p1a: Gyarados|spe|1\n|move|p2a: Incineroar|Parting Shot|p1a: Gyarados\n|-unboost|p1a: Gyarados|atk|1\n|-unboost|p1a: Gyarados|spa|1\n|\n|t:|1776429500\n|switch|p2a: Heracross|Heracross-Mega, L50, M|100/100|[from] Parting Shot\n|\n|-damage|p1a: Gyarados|89/100 brn|[from] brn\n|-sideend|p1: Elcamarw|move: Tailwind\n|upkeep\n|\n|t:|1776429502\n|switch|p2b: Incineroar|Incineroar, L50, F|80/100\n|-ability|p2b: Incineroar|Intimidate|boost\n|-unboost|p1a: Gyarados|atk|1\n|-unboost|p1b: Dragonite|atk|1\n|turn|10\n|inactive|Elcamarw has 30 seconds left.\n|\n|t:|1776429534\n|move|p2b: Incineroar|Fake Out|p1a: Gyarados\n|-damage|p1a: Gyarados|76/100 brn\n|cant|p1a: Gyarados|flinch\n|move|p1b: Dragonite|Tailwind|p1b: Dragonite\n|-sidestart|p1: Elcamarw|move: Tailwind\n|move|p2a: Heracross|Rock Slide|p1a: Gyarados|[spread] p1a,p1b\n|-supereffective|p1a: Gyarados|1\n|-supereffective|p1b: Dragonite|1\n|-damage|p1a: Gyarados|12/100 brn\n|-damage|p1b: Dragonite|0 fnt\n|faint|p1b: Dragonite\n|\n|-heal|p2b: Incineroar|86/100|[from] item: Leftovers\n|-damage|p1a: Gyarados|6/100 brn|[from] brn\n|upkeep\n|turn|11\n|\n|t:|1776429553\n|detailschange|p1a: Gyarados|Gyarados-Mega, L50, F, shiny\n|-mega|p1a: Gyarados|Gyarados|Gyaradosite\n|-ability|p1a: Gyarados|Mold Breaker\n|move|p1a: Gyarados|Waterfall|p2b: Incineroar\n|-supereffective|p2b: Incineroar|1\n|-damage|p2b: Incineroar|55/100\n|move|p2a: Heracross|Close Combat|p1a: Gyarados\n|-supereffective|p1a: Gyarados|1\n|-damage|p1a: Gyarados|0 fnt\n|-unboost|p2a: Heracross|def|1\n|-unboost|p2a: Heracross|spd|1\n|faint|p1a: Gyarados\n|\n|win|takethephilpill\n|raw|Elcamarw's rating: 1000 &rarr; <strong>1000</strong><br />(+0 for losing)\n|raw|takethephilpill's rating: 1080 &rarr; <strong>1102</strong><br />(+22 for winning)\n",
  "uploadtime": 1776429562,
  "views": 33,
  "formatid": "gen9championsvgc2026regma",
  "rating": 1000,
  "private": 0,
  "password": null
}