{
  "id": "gen9championsvgc2026regma-2584652645",
  "format": "[Gen 9 Champions] VGC 2026 Reg M-A",
  "players": [
    "central_executive",
    "naidoq"
  ],
  "log": "|j|\u2606central_executive\n|j|\u2606naidoq\n|t:|1776274603\n|gametype|doubles\n|player|p1|central_executive|1|1151\n|player|p2|naidoq|barry|1240\n|gen|9\n|tier|[Gen 9 Champions] VGC 2026 Reg M-A\n|rated|\n|rule|Species Clause: Limit one of each Pok\u00e9mon\n|rule|Item Clause: Limit 1 of each item\n|clearpoke\n|poke|p1|Floette-Eternal, L50, F|\n|poke|p1|Talonflame, L50, M|\n|poke|p1|Garchomp, L50, F|\n|poke|p1|Maushold-Four, L50|\n|poke|p1|Sneasler, L50, F|\n|poke|p1|Rotom-Wash, L50|\n|poke|p2|Kangaskhan, L50, F|\n|poke|p2|Gardevoir, L50, F|\n|poke|p2|Aegislash, L50, M|\n|poke|p2|Tauros-Paldea-Aqua, L50, M|\n|poke|p2|Aerodactyl, L50, F|\n|poke|p2|Glimmora, L50, M|\n|teampreview|4\n|inactive|Battle timer is ON: inactive players will automatically lose when time's up. (requested by naidoq)\n|inactive|central_executive has 60 seconds left.\n|\n|t:|1776274644\n|teamsize|p1|4\n|teamsize|p2|4\n|start\n|switch|p1a: Garchomp|Garchomp, L50, F|100/100\n|switch|p1b: Talonflame|Talonflame, L50, M, shiny|100/100\n|switch|p2a: Kangaskhan|Kangaskhan, L50, F|100/100\n|switch|p2b: Aerodactyl|Aerodactyl, L50, F|100/100\n|-ability|p2b: Aerodactyl|Unnerve\n|turn|1\n|inactive|central_executive has 30 seconds left.\n|\n|t:|1776274679\n|detailschange|p2a: Kangaskhan|Kangaskhan-Mega, L50, F\n|-mega|p2a: Kangaskhan|Kangaskhan|Kangaskhanite\n|move|p1b: Talonflame|Protect|p1b: Talonflame\n|-singleturn|p1b: Talonflame|Protect\n|move|p1a: Garchomp|Protect|p1a: Garchomp\n|-singleturn|p1a: Garchomp|Protect\n|move|p2a: Kangaskhan|Fake Out|p1a: Garchomp\n|-activate|p1a: Garchomp|move: Protect\n|move|p2b: Aerodactyl|Rock Slide|p1a: Garchomp|[spread] \n|-activate|p1a: Garchomp|move: Protect\n|-activate|p1b: Talonflame|move: Protect\n|\n|upkeep\n|turn|2\n|\n|t:|1776274695\n|move|p1b: Talonflame|Tailwind|p1b: Talonflame\n|-sidestart|p1: central_executive|move: Tailwind\n|move|p1a: Garchomp|Rock Slide|p2b: Aerodactyl|[spread] p2a,p2b\n|-supereffective|p2b: Aerodactyl|1\n|-damage|p2a: Kangaskhan|80/100\n|-damage|p2b: Aerodactyl|36/100\n|cant|p2b: Aerodactyl|flinch\n|cant|p2a: Kangaskhan|flinch\n|\n|upkeep\n|turn|3\n|\n|t:|1776274724\n|move|p2b: Aerodactyl|Protect|p2b: Aerodactyl\n|-singleturn|p2b: Aerodactyl|Protect\n|move|p1b: Talonflame|Flare Blitz|p2a: Kangaskhan\n|-damage|p2a: Kangaskhan|32/100\n|-damage|p1b: Talonflame|82/100|[from] Recoil\n|move|p1a: Garchomp|Rock Slide|p2b: Aerodactyl|[spread] p2a\n|-activate|p2b: Aerodactyl|move: Protect\n|-damage|p2a: Kangaskhan|12/100\n|cant|p2a: Kangaskhan|flinch\n|\n|upkeep\n|turn|4\n|\n|t:|1776274748\n|switch|p1b: Floette|Floette-Eternal, L50, F|100/100\n|switch|p2b: Tauros|Tauros-Paldea-Aqua, L50, M|100/100\n|-ability|p2b: Tauros|Intimidate|boost\n|-unboost|p1a: Garchomp|atk|1\n|-unboost|p1b: Floette|atk|1\n|move|p2a: Kangaskhan|Sucker Punch|p1a: Garchomp\n|-damage|p1a: Garchomp|75/100\n|-damage|p2a: Kangaskhan|0 fnt|[from] ability: Rough Skin|[of] p1a: Garchomp\n|faint|p2a: Kangaskhan\n|-hitcount|p1a: Garchomp|1\n|move|p1a: Garchomp|Rock Slide|p2b: Tauros|[miss]\n|-miss|p1a: Garchomp|p2b: Tauros\n|\n|upkeep\n|\n|t:|1776274769\n|switch|p2a: Gardevoir|Gardevoir, L50, F|100/100\n|-ability|p2a: Gardevoir|Flower Veil|Trace|[from] ability: Trace|[of] p1b: Floette\n|turn|5\n|inactive|central_executive has 30 seconds left.\n|\n|t:|1776274797\n|move|p1b: Floette|Protect|p1b: Floette\n|-singleturn|p1b: Floette|Protect\n|move|p2b: Tauros|Protect|p2b: Tauros\n|-singleturn|p2b: Tauros|Protect\n|move|p1a: Garchomp|Earthquake|p2b: Tauros|[spread] p2a\n|-activate|p1b: Floette|move: Protect\n|-activate|p2b: Tauros|move: Protect\n|-damage|p2a: Gardevoir|48/100\n|move|p2a: Gardevoir|Icy Wind|p1a: Garchomp|[spread] p1a\n|-activate|p1b: Floette|move: Protect\n|-supereffective|p1a: Garchomp|2\n|-damage|p1a: Garchomp|18/100\n|-unboost|p1a: Garchomp|spe|1\n|\n|-sideend|p1: central_executive|move: Tailwind\n|upkeep\n|turn|6\n|\n|t:|1776274820\n|detailschange|p1b: Floette|Floette-Mega, L50, F\n|-mega|p1b: Floette|Floette|Floettite\n|-ability|p1b: Floette|Fairy Aura\n|move|p2a: Gardevoir|Icy Wind|p1b: Floette|[spread] p1a,p1b\n|-supereffective|p1a: Garchomp|2\n|-damage|p1a: Garchomp|0 fnt\n|-damage|p1b: Floette|89/100\n|-unboost|p1b: Floette|spe|1\n|faint|p1a: Garchomp\n|move|p2b: Tauros|Wave Crash|p1b: Floette\n|-crit|p1b: Floette\n|-damage|p1b: Floette|0 fnt\n|faint|p1b: Floette\n|-damage|p2b: Tauros|72/100|[from] Recoil\n|\n|upkeep\n|\n|t:|1776274834\n|switch|p1a: Talonflame|Talonflame, L50, M, shiny|82/100\n|switch|p1b: Sneasler|Sneasler, L50, F, shiny|100/100\n|turn|7\n|inactive|naidoq has 30 seconds left.\n|\n|t:|1776274863\n|move|p2b: Tauros|Protect|p2b: Tauros\n|-singleturn|p2b: Tauros|Protect\n|move|p1b: Sneasler|Fake Out|p2b: Tauros\n|-activate|p2b: Tauros|move: Protect\n|move|p2a: Gardevoir|Icy Wind|p1b: Sneasler|[spread] p1b\n|-miss|p2a: Gardevoir|p1a: Talonflame\n|-damage|p1b: Sneasler|79/100\n|-unboost|p1b: Sneasler|spe|1\n|-enditem|p1b: Sneasler|White Herb\n|-clearnegativeboost|p1b: Sneasler|[silent]\n|move|p1a: Talonflame|Tailwind|p1a: Talonflame\n|-sidestart|p1: central_executive|move: Tailwind\n|\n|upkeep\n|turn|8\n|inactive|naidoq has 30 seconds left.\n|inactive|naidoq has 20 seconds left.\n|inactive|naidoq has 15 seconds left.\n|inactive|naidoq has 10 seconds left.\n|\n|t:|1776274913\n|switch|p2b: Aerodactyl|Aerodactyl, L50, F|36/100\n|-ability|p2b: Aerodactyl|Unnerve\n|move|p1b: Sneasler|Dire Claw|p2a: Gardevoir\n|-supereffective|p2a: Gardevoir|1\n|-damage|p2a: Gardevoir|0 fnt\n|faint|p2a: Gardevoir\n|move|p1a: Talonflame|Dual Wingbeat|p2b: Aerodactyl|[miss]\n|-miss|p1a: Talonflame|p2b: Aerodactyl\n|\n|upkeep\n|\n|t:|1776274924\n|switch|p2a: Tauros|Tauros-Paldea-Aqua, L50, M|72/100\n|-ability|p2a: Tauros|Intimidate|boost\n|-unboost|p1a: Talonflame|atk|1\n|-unboost|p1b: Sneasler|atk|1\n|turn|9\n|\n|t:|1776274943\n|move|p2b: Aerodactyl|Protect|p2b: Aerodactyl\n|-singleturn|p2b: Aerodactyl|Protect\n|move|p1b: Sneasler|Dire Claw|p2b: Aerodactyl\n|-activate|p2b: Aerodactyl|move: Protect\n|move|p1a: Talonflame|Dual Wingbeat|p2a: Tauros\n|-supereffective|p2a: Tauros|1\n|-damage|p2a: Tauros|43/100\n|-supereffective|p2a: Tauros|1\n|-damage|p2a: Tauros|14/100\n|-hitcount|p2a: Tauros|2\n|move|p2a: Tauros|Wave Crash|p1b: Sneasler\n|-damage|p1b: Sneasler|0 fnt\n|faint|p1b: Sneasler\n|-damage|p2a: Tauros|0 fnt|[from] Recoil\n|faint|p2a: Tauros\n|\n|upkeep\n|turn|10\n|\n|t:|1776274965\n|move|p1a: Talonflame|Flare Blitz|p2b: Aerodactyl\n|-resisted|p2b: Aerodactyl|1\n|-damage|p2b: Aerodactyl|10/100\n|-damage|p1a: Talonflame|73/100|[from] Recoil\n|move|p2b: Aerodactyl|Rock Slide|p1a: Talonflame\n|-supereffective|p1a: Talonflame|2\n|-damage|p1a: Talonflame|0 fnt\n|faint|p1a: Talonflame\n|\n|win|naidoq\n|raw|central_executive's rating: 1151 &rarr; <strong>1132</strong><br />(-19 for losing)\n|raw|naidoq's rating: 1240 &rarr; <strong>1259</strong><br />(+19 for winning)\n|c|\u2606naidoq|gg\n",
  "uploadtime": 1776274979,
  "views": 52,
  "formatid": "gen9championsvgc2026regma",
  "rating": 1132,
  "private": 0,
  "password": null
}