{
  "id": "gen9championsvgc2026regma-2583232678",
  "format": "[Gen 9 Champions] VGC 2026 Reg M-A",
  "players": [
    "dylankono",
    "Ribbonchu"
  ],
  "log": "|j|\u2606dylankono\n|j|\u2606Ribbonchu\n|t:|1776157592\n|gametype|doubles\n|player|p1|dylankono|1|1057\n|player|p2|Ribbonchu|101|1040\n|gen|9\n|tier|[Gen 9 Champions] VGC 2026 Reg M-A\n|rated|\n|rule|Species Clause: Limit one of each Pok\u00e9mon\n|rule|Item Clause: Limit 1 of each item\n|clearpoke\n|poke|p1|Heliolisk, L50, M|\n|poke|p1|Delphox, L50, F|\n|poke|p1|Garchomp, L50, M|\n|poke|p1|Sneasler, L50, F|\n|poke|p1|Charizard, L50, F|\n|poke|p1|Meowscarada, L50, F|\n|poke|p2|Zoroark-Hisui, L50, F|\n|poke|p2|Sylveon, L50, F|\n|poke|p2|Dragonite, L50, M|\n|poke|p2|Politoed, L50, M|\n|poke|p2|Whimsicott, L50, F|\n|poke|p2|Lucario, L50, M|\n|teampreview|4\n|inactive|Battle timer is ON: inactive players will automatically lose when time's up. (requested by dylankono)\n|\n|t:|1776157628\n|teamsize|p1|4\n|teamsize|p2|4\n|start\n|switch|p1a: Heliolisk|Heliolisk, L50, M, shiny|100/100\n|switch|p1b: Meowscarada|Meowscarada, L50, F|100/100\n|switch|p2a: Dragonite|Dragonite, L50, M, shiny|100/100\n|switch|p2b: Politoed|Politoed, L50, M, shiny|100/100\n|-weather|RainDance|[from] ability: Drizzle|[of] p2b: Politoed\n|turn|1\n|\n|t:|1776157650\n|switch|p2b: Sylveon|Sylveon, L50, F, shiny|100/100\n|move|p1b: Meowscarada|Sucker Punch|p2a: Dragonite\n|-start|p1b: Meowscarada|typechange|Dark|[from] ability: Protean\n|-supereffective|p2a: Dragonite|1\n|-damage|p2a: Dragonite|0 fnt\n|replace|p2a: Zoroark|Zoroark-Hisui, L50, F, shiny\n|-end|p2a: Zoroark|Illusion\n|faint|p2a: Zoroark\n|move|p1a: Heliolisk|Volt Switch|p2b: Sylveon\n|-damage|p2b: Sylveon|78/100\n|\n|t:|1776157664\n|switch|p1a: Delphox|Delphox, L50, F|100/100|[from] Volt Switch\n|\n|-weather|RainDance|[upkeep]\n|upkeep\n|\n|t:|1776157674\n|switch|p2a: Dragonite|Dragonite, L50, M, shiny|100/100\n|turn|2\n|\n|t:|1776157696\n|detailschange|p1a: Delphox|Delphox-Mega, L50, F\n|-mega|p1a: Delphox|Delphox|Delphoxite\n|detailschange|p2a: Dragonite|Dragonite-Mega, L50, M, shiny\n|-mega|p2a: Dragonite|Dragonite|Dragoninite\n|move|p1b: Meowscarada|Helping Hand|p1a: Delphox\n|-singleturn|p1a: Delphox|Helping Hand|[of] p1b: Meowscarada\n|move|p1a: Delphox|Dazzling Gleam|p2a: Dragonite|[spread] p2a,p2b\n|-supereffective|p2a: Dragonite|1\n|-damage|p2a: Dragonite|64/100\n|-damage|p2b: Sylveon|53/100\n|move|p2a: Dragonite|Hurricane|p1a: Delphox\n|-damage|p1a: Delphox|40/100\n|-start|p1a: Delphox|confusion\n|move|p2b: Sylveon|Hyper Beam|p1b: Meowscarada\n|-supereffective|p1b: Meowscarada|1\n|-damage|p1b: Meowscarada|0 fnt\n|-mustrecharge|p2b: Sylveon\n|faint|p1b: Meowscarada\n|\n|-weather|RainDance|[upkeep]\n|upkeep\n|\n|t:|1776157712\n|switch|p1b: Heliolisk|Heliolisk, L50, M, shiny|100/100\n|turn|3\n|\n|t:|1776157720\n|move|p1b: Heliolisk|Volt Switch|p2a: Dragonite\n|-damage|p2a: Dragonite|30/100\n|\n|t:|1776157723\n|switch|p1b: Sneasler|Sneasler, L50, F, shiny|100/100|[from] Volt Switch\n|-activate|p1a: Delphox|confusion\n|move|p1a: Delphox|Dazzling Gleam|p2a: Dragonite|[spread] p2a,p2b\n|-supereffective|p2a: Dragonite|1\n|-damage|p2a: Dragonite|0 fnt\n|-damage|p2b: Sylveon|36/100\n|faint|p2a: Dragonite\n|cant|p2b: Sylveon|recharge\n|\n|-weather|RainDance|[upkeep]\n|upkeep\n|\n|t:|1776157732\n|switch|p2a: Politoed|Politoed, L50, M, shiny|100/100\n|turn|4\n|\n|t:|1776157755\n|-end|p1a: Delphox|confusion\n|move|p1a: Delphox|Protect|p1a: Delphox\n|-singleturn|p1a: Delphox|Protect\n|move|p1b: Sneasler|Dire Claw|p2b: Sylveon\n|-supereffective|p2b: Sylveon|1\n|-damage|p2b: Sylveon|0 fnt\n|faint|p2b: Sylveon\n|move|p2a: Politoed|Muddy Water|p1a: Delphox|[spread] \n|-activate|p1a: Delphox|move: Protect\n|-miss|p2a: Politoed|p1b: Sneasler\n|\n|-weather|RainDance|[upkeep]\n|upkeep\n|turn|5\n|-message|Ribbonchu forfeited.\n|\n|win|dylankono\n|raw|dylankono's rating: 1057 &rarr; <strong>1087</strong><br />(+30 for winning)\n|raw|Ribbonchu's rating: 1040 &rarr; <strong>1025</strong><br />(-15 for losing)\n|l|\u2606Ribbonchu\n|player|p2|\n",
  "uploadtime": 1776157770,
  "views": 14,
  "formatid": "gen9championsvgc2026regma",
  "rating": 1025,
  "private": 0,
  "password": null
}