{
  "id": "gen9championsvgc2026regma-2582803605",
  "format": "[Gen 9 Champions] VGC 2026 Reg M-A",
  "players": [
    "jeanmixed",
    "lisarb660"
  ],
  "log": "|j|\u2606jeanmixed\n|j|\u2606lisarb660\n|t:|1776115329\n|gametype|doubles\n|player|p1|jeanmixed|veteran|\n|player|p2|lisarb660|volkner|\n|gen|9\n|tier|[Gen 9 Champions] VGC 2026 Reg M-A\n|rule|Species Clause: Limit one of each Pok\u00e9mon\n|rule|Item Clause: Limit 1 of each item\n|clearpoke\n|poke|p1|Venusaur, L50, F|\n|poke|p1|Incineroar, L50, M|\n|poke|p1|Empoleon, L50, F|\n|poke|p1|Aerodactyl, L50, M|\n|poke|p1|Sableye, L50, M|\n|poke|p1|Dragonite, L50, F|\n|poke|p2|Basculegion, L50, M|\n|poke|p2|Pelipper, L50, M|\n|poke|p2|Dragonite, L50, M|\n|poke|p2|Archaludon, L50, M|\n|poke|p2|Sneasler, L50, M|\n|poke|p2|Rotom-Heat, L50|\n|teampreview|4\n|\n|t:|1776115403\n|teamsize|p1|4\n|teamsize|p2|4\n|start\n|switch|p1a: Incineroar|Incineroar, L50, M, shiny|100/100\n|switch|p1b: Sableye|Sableye, L50, M|100/100\n|switch|p2a: 09/11|Archaludon, L50, M|100/100\n|switch|p2b: sasukemon|Sneasler, L50, M|100/100\n|-ability|p1a: Incineroar|Intimidate|boost\n|-unboost|p2a: 09/11|atk|1\n|-unboost|p2b: sasukemon|atk|1\n|-enditem|p2b: sasukemon|White Herb\n|-clearnegativeboost|p2b: sasukemon|[silent]\n|turn|1\n|\n|t:|1776115427\n|move|p1b: Sableye|Protect|p1b: Sableye\n|-singleturn|p1b: Sableye|Protect\n|move|p1a: Incineroar|Fake Out|p2b: sasukemon\n|-damage|p2b: sasukemon|80/100\n|cant|p2b: sasukemon|flinch\n|move|p2a: 09/11|Electro Shot||[still]\n|-prepare|p2a: 09/11|Electro Shot\n|-boost|p2a: 09/11|spa|1\n|\n|upkeep\n|turn|2\n|\n|t:|1776115449\n|switch|p1a: Dragonite|Dragonite, L50, F|100/100\n|move|p1b: Sableye|Disable|p2a: 09/11\n|-start|p2a: 09/11|Disable|Electro Shot\n|move|p2b: sasukemon|Close Combat|p1a: Dragonite\n|-resisted|p1a: Dragonite|1\n|-damage|p1a: Dragonite|84/100\n|-unboost|p2b: sasukemon|def|1\n|-unboost|p2b: sasukemon|spd|1\n|cant|p2a: 09/11|Disable|Electro Shot\n|\n|upkeep\n|turn|3\n|\n|t:|1776115475\n|move|p1a: Dragonite|Protect|p1a: Dragonite\n|-singleturn|p1a: Dragonite|Protect\n|move|p1b: Sableye|Encore|p2a: 09/11\n|-start|p2a: 09/11|Encore\n|move|p2b: sasukemon|Dire Claw|p1a: Dragonite\n|-activate|p1a: Dragonite|move: Protect\n|cant|p2a: 09/11|Disable|Electro Shot\n|\n|upkeep\n|turn|4\n|\n|t:|1776115493\n|switch|p2a: pelicano|Pelipper, L50, M|100/100\n|-weather|RainDance|[from] ability: Drizzle|[of] p2a: pelicano\n|move|p2b: sasukemon|Protect|p2b: sasukemon\n|-singleturn|p2b: sasukemon|Protect\n|move|p1b: Sableye|Rain Dance||[still]\n|-fail|p1b: Sableye\n|move|p1a: Dragonite|Hurricane|p2b: sasukemon\n|-activate|p2b: sasukemon|move: Protect\n|\n|-weather|RainDance|[upkeep]\n|upkeep\n|turn|5\n|\n|t:|1776115526\n|move|p1b: Sableye|Encore|p2b: sasukemon\n|-start|p2b: sasukemon|Encore\n|move|p2b: sasukemon|Protect||[still]\n|-fail|p2b: sasukemon\n|move|p2a: pelicano|Tailwind|p2a: pelicano\n|-sidestart|p2: lisarb660|move: Tailwind\n|move|p1a: Dragonite|Thunder|p2a: pelicano\n|-supereffective|p2a: pelicano|2\n|-enditem|p2a: pelicano|Focus Sash\n|-damage|p2a: pelicano|1/100\n|\n|-weather|RainDance|[upkeep]\n|upkeep\n|turn|6\n|\n|t:|1776115550\n|move|p2b: sasukemon|Protect|p2b: sasukemon\n|-singleturn|p2b: sasukemon|Protect\n|move|p1b: Sableye|Encore|p2a: pelicano\n|-start|p2a: pelicano|Encore\n|move|p2a: pelicano|Tailwind||[still]\n|-fail|p2a: pelicano\n|move|p1a: Dragonite|Hurricane|p2b: sasukemon\n|-activate|p2b: sasukemon|move: Protect\n|\n|-weather|RainDance|[upkeep]\n|upkeep\n|turn|7\n|\n|t:|1776115586\n|move|p2b: sasukemon|Protect|p2b: sasukemon\n|-singleturn|p2b: sasukemon|Protect\n|move|p1b: Sableye|Disable|p2b: sasukemon\n|-activate|p2b: sasukemon|move: Protect\n|move|p2a: pelicano|Tailwind||[still]\n|-fail|p2a: pelicano\n|move|p1a: Dragonite|Hurricane|p2b: sasukemon\n|-activate|p2b: sasukemon|move: Protect\n|\n|-weather|RainDance|[upkeep]\n|-end|p2b: sasukemon|Encore\n|upkeep\n|turn|8\n|\n|t:|1776115603\n|switch|p2a: 09/11|Archaludon, L50, M|100/100\n|move|p1b: Sableye|Encore|p2b: sasukemon\n|-start|p2b: sasukemon|Encore\n|move|p2b: sasukemon|Protect||[still]\n|-fail|p2b: sasukemon\n|move|p1a: Dragonite|Hurricane|p2b: sasukemon\n|-supereffective|p2b: sasukemon|1\n|-damage|p2b: sasukemon|0 fnt\n|faint|p2b: sasukemon\n|\n|-weather|none\n|-sideend|p2: lisarb660|move: Tailwind\n|upkeep\n|\n|t:|1776115624\n|switch|p2b: pelicano|Pelipper, L50, M|1/100\n|-weather|RainDance|[from] ability: Drizzle|[of] p2b: pelicano\n|turn|9\n|\n|t:|1776115637\n|move|p1b: Sableye|Protect|p1b: Sableye\n|-singleturn|p1b: Sableye|Protect\n|move|p1a: Dragonite|Protect|p1a: Dragonite\n|-singleturn|p1a: Dragonite|Protect\n|move|p2b: pelicano|Tailwind|p2b: pelicano\n|-sidestart|p2: lisarb660|move: Tailwind\n|move|p2a: 09/11|Flash Cannon|p1b: Sableye\n|-activate|p1b: Sableye|move: Protect\n|\n|-weather|RainDance|[upkeep]\n|upkeep\n|turn|10\n|\n|t:|1776115659\n|move|p1b: Sableye|Encore|p2a: 09/11\n|-start|p2a: 09/11|Encore\n|move|p2b: pelicano|Weather Ball|p1b: Sableye\n|-crit|p1b: Sableye\n|-damage|p1b: Sableye|0 fnt\n|faint|p1b: Sableye\n|move|p2a: 09/11|Flash Cannon|p1a: Dragonite\n|-damage|p1a: Dragonite|45/100\n|move|p1a: Dragonite|Draco Meteor|p2a: 09/11\n|-damage|p2a: 09/11|36/100\n|-unboost|p1a: Dragonite|spa|2\n|-ability|p2a: 09/11|Stamina|boost\n|-boost|p2a: 09/11|def|1\n|-enditem|p1a: Dragonite|White Herb\n|-clearnegativeboost|p1a: Dragonite|[silent]\n|\n|-weather|RainDance|[upkeep]\n|-heal|p2a: 09/11|42/100|[from] item: Leftovers\n|upkeep\n|\n|t:|1776115674\n|switch|p1b: Incineroar|Incineroar, L50, M, shiny|100/100\n|-ability|p1b: Incineroar|Intimidate|boost\n|-unboost|p2a: 09/11|atk|1\n|-unboost|p2b: pelicano|atk|1\n|turn|11\n|\n|t:|1776115691\n|move|p1b: Incineroar|Fake Out|p2a: 09/11\n|-resisted|p2a: 09/11|1\n|-damage|p2a: 09/11|40/100\n|-ability|p2a: 09/11|Stamina|boost\n|-boost|p2a: 09/11|def|1\n|move|p2b: pelicano|Weather Ball|p1b: Incineroar\n|-supereffective|p1b: Incineroar|1\n|-damage|p1b: Incineroar|0 fnt\n|faint|p1b: Incineroar\n|cant|p2a: 09/11|flinch\n|move|p1a: Dragonite|Draco Meteor|p2a: 09/11\n|-damage|p2a: 09/11|0 fnt\n|-unboost|p1a: Dragonite|spa|2\n|faint|p2a: 09/11\n|\n|-weather|RainDance|[upkeep]\n|upkeep\n|\n|t:|1776115705\n|switch|p2a: tubar\u00e3o|Basculegion, L50, M|100/100\n|switch|p1b: Venusaur|Venusaur, L50, F, shiny|100/100\n|turn|12\n|\n|t:|1776115719\n|detailschange|p1b: Venusaur|Venusaur-Mega, L50, F, shiny\n|-mega|p1b: Venusaur|Venusaur|Venusaurite\n|move|p2a: tubar\u00e3o|Last Respects|p1b: Venusaur\n|-damage|p1b: Venusaur|38/100\n|move|p2b: pelicano|Hurricane|p1b: Venusaur\n|-supereffective|p1b: Venusaur|1\n|-damage|p1b: Venusaur|0 fnt\n|faint|p1b: Venusaur\n|move|p1a: Dragonite|Thunder|p2b: pelicano\n|-supereffective|p2b: pelicano|2\n|-damage|p2b: pelicano|0 fnt\n|faint|p2b: pelicano\n|\n|-weather|RainDance|[upkeep]\n|-sideend|p2: lisarb660|move: Tailwind\n|upkeep\n|turn|13\n|\n|t:|1776115741\n|move|p2a: tubar\u00e3o|Last Respects|p1a: Dragonite\n|-damage|p1a: Dragonite|0 fnt\n|faint|p1a: Dragonite\n|\n|win|lisarb660\n",
  "uploadtime": 1776115760,
  "views": 17,
  "formatid": "gen9championsvgc2026regma",
  "rating": null,
  "private": 0,
  "password": null
}