{
  "id": "gen9championsvgc2026regma-2581855362",
  "format": "[Gen 9 Champions] VGC 2026 Reg M-A",
  "players": [
    "Slayerguiltygear",
    "himarikino"
  ],
  "log": "|j|\u2606Slayerguiltygear\n|j|\u2606himarikino\n|t:|1776034026\n|gametype|doubles\n|player|p1|Slayerguiltygear|102|1026\n|player|p2|himarikino|iono-masters|1086\n|gen|9\n|tier|[Gen 9 Champions] VGC 2026 Reg M-A\n|rated|\n|rule|Species Clause: Limit one of each Pok\u00e9mon\n|rule|Item Clause: Limit 1 of each item\n|clearpoke\n|poke|p1|Absol, L50, M|\n|poke|p1|Froslass, L50, F|\n|poke|p1|Corviknight, L50, F|\n|poke|p1|Garchomp, L50, M|\n|poke|p1|Arcanine, L50, M|\n|poke|p1|Whimsicott, L50, F|\n|poke|p2|Aegislash, L50, F|\n|poke|p2|Tyranitar, L50, F|\n|poke|p2|Hawlucha, L50, F|\n|poke|p2|Vanilluxe, L50, M|\n|poke|p2|Farigiraf, L50, M|\n|poke|p2|Incineroar, L50, F|\n|teampreview|4\n|\n|t:|1776034057\n|teamsize|p1|4\n|teamsize|p2|4\n|start\n|switch|p1a: Van|Absol, L50, M|100/100\n|switch|p1b: Whimsicott|Whimsicott, L50, F|100/100\n|switch|p2a: Hawlucha|Hawlucha, L50, F|100/100\n|switch|p2b: Vanilluxe|Vanilluxe, L50, M|100/100\n|-weather|Snowscape|[from] ability: Snow Warning|[of] p2b: Vanilluxe\n|turn|1\n|\n|t:|1776034075\n|detailschange|p2a: Hawlucha|Hawlucha-Mega, L50, F\n|-mega|p2a: Hawlucha|Hawlucha|Hawluchanite\n|move|p1b: Whimsicott|Tailwind|p1b: Whimsicott\n|-sidestart|p1: Slayerguiltygear|move: Tailwind\n|move|p1a: Van|Psycho Cut|p2a: Hawlucha\n|-supereffective|p2a: Hawlucha|1\n|-damage|p2a: Hawlucha|41/100\n|move|p2a: Hawlucha|Brave Bird|p1b: Whimsicott\n|-supereffective|p1b: Whimsicott|1\n|-enditem|p1b: Whimsicott|Focus Sash\n|-damage|p1b: Whimsicott|1/100\n|-damage|p2a: Hawlucha|6/100|[from] Recoil\n|move|p2b: Vanilluxe|Aurora Veil|p2b: Vanilluxe\n|-sidestart|p2: himarikino|move: Aurora Veil\n|\n|-weather|Snowscape|[upkeep]\n|upkeep\n|turn|2\n|\n|t:|1776034099\n|switch|p2b: Incineroar|Incineroar, L50, F|100/100\n|-ability|p2b: Incineroar|Intimidate|boost\n|-unboost|p1a: Van|atk|1\n|-unboost|p1b: Whimsicott|atk|1\n|move|p1b: Whimsicott|Protect|p1b: Whimsicott\n|-singleturn|p1b: Whimsicott|Protect\n|move|p2a: Hawlucha|Protect|p2a: Hawlucha\n|-singleturn|p2a: Hawlucha|Protect\n|move|p1a: Van|Psycho Cut|p2a: Hawlucha\n|-activate|p2a: Hawlucha|move: Protect\n|\n|-weather|Snowscape|[upkeep]\n|upkeep\n|turn|3\n|\n|t:|1776034129\n|switch|p1b: Leeroy|Garchomp, L50, M|100/100\n|switch|p2a: Tyranitar|Tyranitar, L50, F|100/100\n|-weather|Sandstorm|[from] ability: Sand Stream|[of] p2a: Tyranitar\n|move|p2b: Incineroar|Fake Out|p1a: Van\n|-damage|p1a: Van|80/100\n|cant|p1a: Van|flinch\n|\n|-weather|Sandstorm|[upkeep]\n|-damage|p1a: Van|74/100|[from] Sandstorm\n|-damage|p2b: Incineroar|95/100|[from] Sandstorm\n|upkeep\n|turn|4\n|\n|t:|1776034147\n|switch|p1a: Also Van|Corviknight, L50, F|100/100\n|-ability|p1a: Also Van|Unnerve\n|move|p1b: Leeroy|Earthquake|p2a: Tyranitar|[spread] p2a,p2b\n|-immune|p1a: Also Van\n|-supereffective|p2a: Tyranitar|1\n|-supereffective|p2b: Incineroar|1\n|-crit|p2b: Incineroar\n|-damage|p2a: Tyranitar|62/100\n|-damage|p2b: Incineroar|0 fnt\n|faint|p2b: Incineroar\n|move|p2a: Tyranitar|Ice Punch|p1b: Leeroy\n|-supereffective|p1b: Leeroy|2\n|-enditem|p1b: Leeroy|Yache Berry|[eat]\n|-enditem|p1b: Leeroy|Yache Berry|[weaken]\n|-damage|p1b: Leeroy|45/100\n|-status|p1b: Leeroy|frz\n|-damage|p2a: Tyranitar|50/100|[from] ability: Rough Skin|[of] p1b: Leeroy\n|\n|-weather|Sandstorm|[upkeep]\n|-sideend|p1: Slayerguiltygear|move: Tailwind\n|upkeep\n|\n|t:|1776034162\n|switch|p2b: Hawlucha|Hawlucha-Mega, L50, F|6/100\n|turn|5\n|\n|t:|1776034176\n|switch|p1b: Whimsicott|Whimsicott, L50, F|1/100\n|switch|p2a: Vanilluxe|Vanilluxe, L50, M|100/100\n|-weather|Snowscape|[from] ability: Snow Warning|[of] p2a: Vanilluxe\n|move|p2b: Hawlucha|Entrainment|p2a: Vanilluxe\n|-ability|p2a: Vanilluxe|No Guard|Snow Warning|[from] move: Entrainment|[of] p2b: Hawlucha\n|move|p1a: Also Van|Body Press|p2a: Vanilluxe\n|-supereffective|p2a: Vanilluxe|1\n|-damage|p2a: Vanilluxe|74/100\n|\n|-weather|Snowscape|[upkeep]\n|-sideend|p2: himarikino|move: Aurora Veil\n|upkeep\n|turn|6\n|\n|t:|1776034195\n|move|p1b: Whimsicott|Tailwind|p1b: Whimsicott\n|-sidestart|p1: Slayerguiltygear|move: Tailwind\n|move|p2b: Hawlucha|Brave Bird|p1b: Whimsicott\n|-supereffective|p1b: Whimsicott|1\n|-damage|p1b: Whimsicott|0 fnt\n|faint|p1b: Whimsicott\n|-damage|p2b: Hawlucha|5/100|[from] Recoil\n|move|p1a: Also Van|Body Press|p2a: Vanilluxe\n|-supereffective|p2a: Vanilluxe|1\n|-damage|p2a: Vanilluxe|35/100\n|move|p2a: Vanilluxe|Sheer Cold|p1a: Also Van\n|-damage|p1a: Also Van|0 fnt\n|faint|p1a: Also Van\n|-ohko\n|\n|-weather|Snowscape|[upkeep]\n|upkeep\n|\n|t:|1776034208\n|switch|p1b: Leeroy|Garchomp, L50, M|45/100 frz\n|switch|p1a: Van|Absol, L50, M|74/100\n|turn|7\n|\n|t:|1776034236\n|move|p1a: Van|Shadow Claw|p2a: Vanilluxe\n|-crit|p2a: Vanilluxe\n|-damage|p2a: Vanilluxe|8/100\n|cant|p1b: Leeroy|frz\n|move|p2b: Hawlucha|High Jump Kick|p1b: Leeroy\n|-damage|p1b: Leeroy|0 fnt\n|-damage|p2b: Hawlucha|0 fnt|[from] ability: Rough Skin|[of] p1b: Leeroy\n|faint|p1b: Leeroy\n|faint|p2b: Hawlucha\n|move|p2a: Vanilluxe|Sheer Cold|p1a: Van\n|-damage|p1a: Van|0 fnt\n|faint|p1a: Van\n|-ohko\n|\n|win|himarikino\n|raw|Slayerguiltygear's rating: 1026 &rarr; <strong>1014</strong><br />(-12 for losing)\n|raw|himarikino's rating: 1086 &rarr; <strong>1108</strong><br />(+22 for winning)\n|l|\u2606Slayerguiltygear\n|player|p1|\n",
  "uploadtime": 1776034255,
  "views": 12,
  "formatid": "gen9championsvgc2026regma",
  "rating": 1014,
  "private": 0,
  "password": null
}