{
  "id": "gen9championsvgc2026regma-2588852706",
  "format": "[Gen 9 Champions] VGC 2026 Reg M-A",
  "players": [
    "JLJL00",
    "soulo333"
  ],
  "log": "|j|\u2606JLJL00\n|j|\u2606soulo333\n|t:|1776678676\n|gametype|doubles\n|player|p1|JLJL00|buck|1203\n|player|p2|soulo333|102|1218\n|gen|9\n|tier|[Gen 9 Champions] VGC 2026 Reg M-A\n|rated|\n|rule|Species Clause: Limit one of each Pok\u00e9mon\n|rule|Item Clause: Limit 1 of each item\n|clearpoke\n|poke|p1|Pelipper, L50, F|\n|poke|p1|Archaludon, L50, F, shiny|\n|poke|p1|Basculegion, L50, M|\n|poke|p1|Dragonite, L50, F, shiny|\n|poke|p1|Aegislash, L50, F, shiny|\n|poke|p1|Aerodactyl, L50, M|\n|poke|p2|Charizard, L50, F|\n|poke|p2|Sneasler, L50, M|\n|poke|p2|Sinistcha, L50|\n|poke|p2|Incineroar, L50, F|\n|poke|p2|Milotic, L50, F|\n|poke|p2|Tyranitar, L50, M|\n|teampreview|4\n|\n|t:|1776678722\n|teamsize|p1|4\n|teamsize|p2|4\n|start\n|switch|p1a: Aerodactyl|Aerodactyl, L50, M|100/100\n|switch|p1b: Escritorio|Dragonite, L50, F, shiny|100/100\n|switch|p2a: Sneasler|Sneasler, L50, M|100/100\n|switch|p2b: Charizard|Charizard, L50, F|100/100\n|turn|1\n|inactive|Battle timer is ON: inactive players will automatically lose when time's up. (requested by JLJL00)\n|\n|t:|1776678738\n|detailschange|p2b: Charizard|Charizard-Mega-X, L50, F\n|-mega|p2b: Charizard|Charizard|Charizardite X\n|detailschange|p1b: Escritorio|Dragonite-Mega, L50, F, shiny\n|-mega|p1b: Escritorio|Dragonite|Dragoninite\n|move|p2a: Sneasler|Fake Out|p1a: Aerodactyl\n|-resisted|p1a: Aerodactyl|1\n|-damage|p1a: Aerodactyl|90/100\n|cant|p1a: Aerodactyl|flinch\n|move|p1b: Escritorio|Tailwind|p1b: Escritorio\n|-sidestart|p1: JLJL00|move: Tailwind\n|move|p2b: Charizard|Dragon Dance|p2b: Charizard\n|-boost|p2b: Charizard|atk|1\n|-boost|p2b: Charizard|spe|1\n|\n|upkeep\n|turn|2\n|inactive|soulo333 has 30 seconds left.\n|\n|t:|1776678765\n|switch|p2a: Tyranitar|Tyranitar, L50, M|100/100\n|-weather|Sandstorm|[from] ability: Sand Stream|[of] p2a: Tyranitar\n|move|p2b: Charizard|Protect|p2b: Charizard\n|-singleturn|p2b: Charizard|Protect\n|move|p1a: Aerodactyl|Rock Slide|p2b: Charizard|[spread] p2a\n|-activate|p2b: Charizard|move: Protect\n|-damage|p2a: Tyranitar|77/100\n|move|p1b: Escritorio|Draco Meteor|p2b: Charizard\n|-activate|p2b: Charizard|move: Protect\n|\n|-weather|Sandstorm|[upkeep]\n|-damage|p1b: Escritorio|95/100|[from] Sandstorm\n|-damage|p2b: Charizard|95/100|[from] Sandstorm\n|upkeep\n|turn|3\n|inactive|soulo333 has 30 seconds left.\n|\n|t:|1776678794\n|switch|p2b: Sinistcha|Sinistcha, L50|100/100\n|-heal|p2a: Tyranitar|100/100|[from] ability: Hospitality|[of] p2b: Sinistcha\n|move|p1a: Aerodactyl|Rock Slide|p2b: Sinistcha|[spread] p2a,p2b\n|-damage|p2a: Tyranitar|75/100\n|-damage|p2b: Sinistcha|75/100\n|move|p1b: Escritorio|Draco Meteor|p2b: Sinistcha\n|-damage|p2b: Sinistcha|0 fnt\n|-unboost|p1b: Escritorio|spa|2\n|faint|p2b: Sinistcha\n|move|p2a: Tyranitar|Rock Slide|p1b: Escritorio|[spread] p1a,p1b\n|-supereffective|p1a: Aerodactyl|1\n|-supereffective|p1b: Escritorio|1\n|-damage|p1a: Aerodactyl|0 fnt\n|-damage|p1b: Escritorio|37/100\n|faint|p1a: Aerodactyl\n|\n|-weather|Sandstorm|[upkeep]\n|-damage|p1b: Escritorio|31/100|[from] Sandstorm\n|upkeep\n|\n|t:|1776678810\n|switch|p1a: Futboler|Pelipper, L50, F|100/100\n|switch|p2b: Sneasler|Sneasler, L50, M|100/100\n|-weather|RainDance|[from] ability: Drizzle|[of] p1a: Futboler\n|turn|4\n|\n|t:|1776678822\n|switch|p1b: Basculegion|Basculegion, L50, M|100/100\n|move|p1a: Futboler|Protect|p1a: Futboler\n|-singleturn|p1a: Futboler|Protect\n|move|p2b: Sneasler|Fake Out|p1a: Futboler\n|-activate|p1a: Futboler|move: Protect\n|move|p2a: Tyranitar|Rock Slide|p1b: Basculegion|[spread] p1b\n|-activate|p1a: Futboler|move: Protect\n|-crit|p1b: Basculegion\n|-damage|p1b: Basculegion|38/100\n|\n|-weather|RainDance|[upkeep]\n|-sideend|p1: JLJL00|move: Tailwind\n|upkeep\n|turn|5\n|\n|t:|1776678842\n|move|p2a: Tyranitar|Protect|p2a: Tyranitar\n|-singleturn|p2a: Tyranitar|Protect\n|move|p1b: Basculegion|Wave Crash|p2a: Tyranitar\n|-activate|p2a: Tyranitar|move: Protect\n|move|p2b: Sneasler|Close Combat|p1a: Futboler\n|-resisted|p1a: Futboler|1\n|-damage|p1a: Futboler|66/100\n|-unboost|p2b: Sneasler|def|1\n|-unboost|p2b: Sneasler|spd|1\n|-enditem|p2b: Sneasler|White Herb\n|-clearnegativeboost|p2b: Sneasler|[silent]\n|move|p1a: Futboler|Hurricane|p2b: Sneasler\n|-supereffective|p2b: Sneasler|1\n|-damage|p2b: Sneasler|0 fnt\n|faint|p2b: Sneasler\n|\n|-weather|RainDance|[upkeep]\n|upkeep\n|-message|soulo333 forfeited.\n|\n|win|JLJL00\n|raw|JLJL00's rating: 1203 &rarr; <strong>1229</strong><br />(+26 for winning)\n|raw|soulo333's rating: 1218 &rarr; <strong>1192</strong><br />(-26 for losing)\n",
  "uploadtime": 1776678849,
  "views": 13,
  "formatid": "gen9championsvgc2026regma",
  "rating": 1192,
  "private": 0,
  "password": null
}