{
  "id": "gen9championsvgc2026regma-2581383366",
  "format": "[Gen 9 Champions] VGC 2026 Reg M-A",
  "players": [
    "Tsaquif",
    "NathanaelW19"
  ],
  "log": "|j|\u2606Tsaquif\n|j|\u2606NathanaelW19\n|t:|1775994448\n|gametype|doubles\n|player|p1|Tsaquif|steven|1101\n|player|p2|NathanaelW19|dragontamer|1174\n|gen|9\n|tier|[Gen 9 Champions] VGC 2026 Reg M-A\n|rated|\n|rule|Species Clause: Limit one of each Pok\u00e9mon\n|rule|Item Clause: Limit 1 of each item\n|clearpoke\n|poke|p1|Scizor, L50, F|\n|poke|p1|Pelipper, L50, M|\n|poke|p1|Basculegion, L50, M|\n|poke|p1|Sneasler, L50, M|\n|poke|p1|Primarina, L50, M|\n|poke|p1|Incineroar, L50, F|\n|poke|p2|Floette-Eternal, L50, F|\n|poke|p2|Meowscarada, L50, M|\n|poke|p2|Archaludon, L50, M|\n|poke|p2|Maushold, L50|\n|poke|p2|Basculegion, L50, M|\n|poke|p2|Pelipper, L50, F|\n|teampreview|4\n|inactive|Battle timer is ON: inactive players will automatically lose when time's up. (requested by NathanaelW19)\n|inactive|Tsaquif also wants the timer to be on.\n|\n|t:|1775994473\n|teamsize|p1|4\n|teamsize|p2|4\n|start\n|switch|p1a: Basculegion|Basculegion, L50, M|100/100\n|switch|p1b: Sneasler|Sneasler, L50, M|100/100\n|switch|p2a: Floette|Floette-Eternal, L50, F, shiny|100/100\n|switch|p2b: Meowscarada|Meowscarada, L50, M, shiny|100/100\n|turn|1\n|\n|t:|1775994498\n|move|p1a: Basculegion|Protect|p1a: Basculegion\n|-singleturn|p1a: Basculegion|Protect\n|move|p1b: Sneasler|Fake Out|p2a: Floette\n|-damage|p2a: Floette|76/100\n|cant|p2a: Floette|flinch\n|move|p2b: Meowscarada|Flower Trick|p1a: Basculegion\n|-activate|p1a: Basculegion|move: Protect\n|\n|upkeep\n|turn|2\n|\n|t:|1775994511\n|switch|p1b: Pelipper|Pelipper, L50, M|100/100\n|-weather|RainDance|[from] ability: Drizzle|[of] p1b: Pelipper\n|move|p2b: Meowscarada|Sucker Punch|p1a: Basculegion\n|-supereffective|p1a: Basculegion|1\n|-damage|p1a: Basculegion|26/100\n|move|p2a: Floette|Psychic|p1b: Pelipper\n|-damage|p1b: Pelipper|68/100\n|move|p1a: Basculegion|Wave Crash|p2a: Floette\n|-damage|p2a: Floette|0 fnt\n|faint|p2a: Floette\n|-damage|p1a: Basculegion|10/100|[from] Recoil\n|\n|-weather|RainDance|[upkeep]\n|upkeep\n|\n|t:|1775994522\n|switch|p2a: Basculegion|Basculegion, L50, M, shiny|100/100\n|turn|3\n|\n|t:|1775994535\n|move|p1a: Basculegion|Protect|p1a: Basculegion\n|-singleturn|p1a: Basculegion|Protect\n|move|p2a: Basculegion|Last Respects|p1b: Pelipper\n|-crit|p1b: Pelipper\n|-damage|p1b: Pelipper|2/100\n|move|p2b: Meowscarada|Flower Trick|p1b: Pelipper\n|-crit|p1b: Pelipper\n|-damage|p1b: Pelipper|0 fnt\n|faint|p1b: Pelipper\n|\n|-weather|RainDance|[upkeep]\n|upkeep\n|\n|t:|1775994548\n|switch|p1b: Sneasler|Sneasler, L50, M|100/100\n|turn|4\n|\n|t:|1775994562\n|move|p2a: Basculegion|Protect|p2a: Basculegion\n|-singleturn|p2a: Basculegion|Protect\n|move|p2b: Meowscarada|Protect|p2b: Meowscarada\n|-singleturn|p2b: Meowscarada|Protect\n|move|p1b: Sneasler|Fake Out|p2b: Meowscarada\n|-activate|p2b: Meowscarada|move: Protect\n|move|p1a: Basculegion|Last Respects|p2a: Basculegion\n|-activate|p2a: Basculegion|move: Protect\n|\n|-weather|RainDance|[upkeep]\n|upkeep\n|turn|5\n|\n|t:|1775994578\n|move|p1b: Sneasler|Protect|p1b: Sneasler\n|-singleturn|p1b: Sneasler|Protect\n|move|p2b: Meowscarada|Sucker Punch|p1a: Basculegion\n|-supereffective|p1a: Basculegion|1\n|-damage|p1a: Basculegion|0 fnt\n|faint|p1a: Basculegion\n|move|p2a: Basculegion|Wave Crash|p1b: Sneasler\n|-activate|p1b: Sneasler|move: Protect\n|\n|-weather|RainDance|[upkeep]\n|upkeep\n|\n|t:|1775994586\n|switch|p1a: Scizor|Scizor, L50, F|100/100\n|turn|6\n|\n|t:|1775994604\n|detailschange|p1a: Scizor|Scizor-Mega, L50, F\n|-mega|p1a: Scizor|Scizor|Scizorite\n|move|p2a: Basculegion|Wave Crash|p1a: Scizor\n|-damage|p1a: Scizor|2/100\n|-damage|p2a: Basculegion|76/100|[from] Recoil\n|move|p2b: Meowscarada|Knock Off|p1a: Scizor\n|-damage|p1a: Scizor|0 fnt\n|faint|p1a: Scizor\n|move|p1b: Sneasler|Dire Claw|p2a: Basculegion\n|-resisted|p2a: Basculegion|1\n|-damage|p2a: Basculegion|48/100\n|\n|-weather|none\n|upkeep\n|turn|7\n|\n|t:|1775994619\n|move|p2b: Meowscarada|Flower Trick|p1b: Sneasler\n|-resisted|p1b: Sneasler|1\n|-crit|p1b: Sneasler\n|-damage|p1b: Sneasler|69/100\n|move|p1b: Sneasler|Close Combat|p2b: Meowscarada\n|-supereffective|p2b: Meowscarada|1\n|-enditem|p2b: Meowscarada|Focus Sash\n|-damage|p2b: Meowscarada|1/100\n|-unboost|p1b: Sneasler|def|1\n|-unboost|p1b: Sneasler|spd|1\n|-enditem|p1b: Sneasler|White Herb\n|-clearnegativeboost|p1b: Sneasler|[silent]\n|move|p2a: Basculegion|Wave Crash|p1b: Sneasler\n|-damage|p1b: Sneasler|0 fnt\n|faint|p1b: Sneasler\n|-damage|p2a: Basculegion|27/100|[from] Recoil\n|\n|win|NathanaelW19\n|raw|Tsaquif's rating: 1101 &rarr; <strong>1081</strong><br />(-20 for losing)\n|raw|NathanaelW19's rating: 1174 &rarr; <strong>1194</strong><br />(+20 for winning)\n|l|\u2606Tsaquif\n|player|p1|\n",
  "uploadtime": 1775994636,
  "views": 15,
  "formatid": "gen9championsvgc2026regma",
  "rating": 1081,
  "private": 0,
  "password": null
}