{
  "id": "gen9championsvgc2026regma-2585706133",
  "format": "[Gen 9 Champions] VGC 2026 Reg M-A",
  "players": [
    "torrmentor20",
    "imfinking"
  ],
  "log": "|j|\u2606torrmentor20\n|j|\u2606imfinking\n|t:|1776365002\n|gametype|doubles\n|player|p1|torrmentor20|volo|1324\n|player|p2|imfinking|sada|1274\n|gen|9\n|tier|[Gen 9 Champions] VGC 2026 Reg M-A\n|rated|\n|rule|Species Clause: Limit one of each Pok\u00e9mon\n|rule|Item Clause: Limit 1 of each item\n|clearpoke\n|poke|p1|Sinistcha, L50|\n|poke|p1|Blastoise, L50, M|\n|poke|p1|Kingambit, L50, M|\n|poke|p1|Dragonite, L50, M|\n|poke|p1|Pelipper, L50, M|\n|poke|p1|Archaludon, L50, M|\n|poke|p2|Venusaur, L50, F|\n|poke|p2|Torkoal, L50, M|\n|poke|p2|Farigiraf, L50, M|\n|poke|p2|Golurk, L50|\n|poke|p2|Incineroar, L50, M|\n|poke|p2|Sneasler, L50, M|\n|teampreview|4\n|inactive|Battle timer is ON: inactive players will automatically lose when time's up. (requested by torrmentor20)\n|\n|t:|1776365045\n|teamsize|p1|4\n|teamsize|p2|4\n|start\n|switch|p1a: Archaludon|Archaludon, L50, M, shiny|100/100\n|switch|p1b: Kingambit|Kingambit, L50, M, shiny|100/100\n|switch|p2a: melman|Farigiraf, L50, M|100/100\n|switch|p2b: pingas bird|Sneasler, L50, M|100/100\n|turn|1\n|inactive|torrmentor20 has 30 seconds left.\n|inactive|torrmentor20 has 20 seconds left.\n|\n|t:|1776365081\n|switch|p1a: Pelipper|Pelipper, L50, M, shiny|100/100\n|-weather|RainDance|[from] ability: Drizzle|[of] p1a: Pelipper\n|move|p2b: pingas bird|Close Combat|p1a: Pelipper\n|-resisted|p1a: Pelipper|1\n|-damage|p1a: Pelipper|66/100\n|-unboost|p2b: pingas bird|def|1\n|-unboost|p2b: pingas bird|spd|1\n|-enditem|p2b: pingas bird|White Herb\n|-clearnegativeboost|p2b: pingas bird|[silent]\n|move|p1b: Kingambit|Kowtow Cleave|p2a: melman\n|-supereffective|p2a: melman|1\n|-damage|p2a: melman|0 fnt\n|faint|p2a: melman\n|\n|-weather|RainDance|[upkeep]\n|upkeep\n|\n|t:|1776365095\n|switch|p2a: or is it the bagel|Torkoal, L50, M|100/100\n|-weather|SunnyDay|[from] ability: Drought|[of] p2a: or is it the bagel\n|turn|2\n|\n|t:|1776365119\n|switch|p1a: Blastoise|Blastoise, L50, M, shiny|100/100\n|move|p1b: Kingambit|Sucker Punch|p2a: or is it the bagel\n|-damage|p2a: or is it the bagel|62/100\n|move|p2b: pingas bird|Dire Claw|p1a: Blastoise\n|-damage|p1a: Blastoise|63/100\n|move|p2a: or is it the bagel|Weather Ball|p1b: Kingambit\n|-supereffective|p1b: Kingambit|1\n|-damage|p1b: Kingambit|0 fnt\n|faint|p1b: Kingambit\n|-end|p1b: Kingambit|fallenundefined|[silent]\n|\n|-weather|SunnyDay|[upkeep]\n|upkeep\n|inactive|torrmentor20 has 30 seconds left.\n|inactive|torrmentor20 has 20 seconds left.\n|inactive|torrmentor20 has 15 seconds left.\n|\n|t:|1776365161\n|switch|p1b: Pelipper|Pelipper, L50, M, shiny|66/100\n|-weather|RainDance|[from] ability: Drizzle|[of] p1b: Pelipper\n|turn|3\n|inactive|imfinking has 30 seconds left.\n|inactive|imfinking has 20 seconds left.\n|inactive|imfinking has 15 seconds left.\n|inactive|imfinking has 10 seconds left.\n|inactive|imfinking has 5 seconds left.\n|\n|t:|1776365217\n|switch|p2a: you must die|Golurk, L50|100/100\n|detailschange|p1a: Blastoise|Blastoise-Mega, L50, M, shiny\n|-mega|p1a: Blastoise|Blastoise|Blastoisinite\n|move|p1b: Pelipper|Wide Guard|p1b: Pelipper\n|-singleturn|p1b: Pelipper|Wide Guard\n|move|p2b: pingas bird|Dire Claw|p1b: Pelipper\n|-damage|p1b: Pelipper|22/100\n|-status|p1b: Pelipper|slp\n|move|p1a: Blastoise|Surf|p2a: you must die|[spread] p2a,p2b\n|-activate|p1b: Pelipper|move: Wide Guard\n|-supereffective|p2a: you must die|1\n|-damage|p2a: you must die|0 fnt\n|-damage|p2b: pingas bird|20/100\n|faint|p2a: you must die\n|\n|-weather|RainDance|[upkeep]\n|upkeep\n|\n|t:|1776365231\n|switch|p2a: or is it the bagel|Torkoal, L50, M|62/100\n|-weather|SunnyDay|[from] ability: Drought|[of] p2a: or is it the bagel\n|turn|4\n|\n|t:|1776365258\n|move|p2a: or is it the bagel|Helping Hand|p2b: pingas bird\n|-singleturn|p2b: pingas bird|Helping Hand|[of] p2a: or is it the bagel\n|move|p2b: pingas bird|Close Combat|p1a: Blastoise\n|-damage|p1a: Blastoise|0 fnt\n|-unboost|p2b: pingas bird|def|1\n|-unboost|p2b: pingas bird|spd|1\n|faint|p1a: Blastoise\n|cant|p1b: Pelipper|slp\n|\n|-weather|SunnyDay|[upkeep]\n|upkeep\n|\n|t:|1776365264\n|switch|p1a: Archaludon|Archaludon, L50, M, shiny|100/100\n|turn|5\n|inactive|torrmentor20 has 30 seconds left.\n|inactive|imfinking has 30 seconds left.\n|inactive|torrmentor20 has 20 seconds left.\n|inactive|imfinking has 20 seconds left.\n|inactive|torrmentor20 has 15 seconds left.\n|inactive|imfinking has 15 seconds left.\n|\n|t:|1776365308\n|cant|p1b: Pelipper|slp\n|move|p2b: pingas bird|Dire Claw|p1b: Pelipper\n|-damage|p1b: Pelipper|0 fnt\n|faint|p1b: Pelipper\n|move|p1a: Archaludon|Flash Cannon|p2b: pingas bird\n|-damage|p2b: pingas bird|0 fnt\n|faint|p2b: pingas bird\n|move|p2a: or is it the bagel|Weather Ball|p1a: Archaludon\n|-damage|p1a: Archaludon|7/100\n|-ability|p1a: Archaludon|Stamina|boost\n|-boost|p1a: Archaludon|def|1\n|-enditem|p1a: Archaludon|Sitrus Berry|[eat]\n|-heal|p1a: Archaludon|32/100|[from] item: Sitrus Berry\n|\n|-weather|SunnyDay|[upkeep]\n|upkeep\n|turn|6\n|inactive|torrmentor20 has 30 seconds left.\n|\n|t:|1776365343\n|move|p1a: Archaludon|Aura Sphere|p2a: or is it the bagel\n|-damage|p2a: or is it the bagel|25/100\n|move|p2a: or is it the bagel|Weather Ball|p1a: Archaludon\n|-damage|p1a: Archaludon|0 fnt\n|faint|p1a: Archaludon\n|\n|win|imfinking\n|raw|torrmentor20's rating: 1324 &rarr; <strong>1301</strong><br />(-23 for losing)\n|raw|imfinking's rating: 1274 &rarr; <strong>1303</strong><br />(+29 for winning)\n|l|\u2606torrmentor20\n|player|p1|\n",
  "uploadtime": 1776365436,
  "views": 50,
  "formatid": "gen9championsvgc2026regma",
  "rating": 1301,
  "private": 0,
  "password": null
}