{
  "id": "gen9championsvgc2026regma-2582866240",
  "format": "[Gen 9 Champions] VGC 2026 Reg M-A",
  "players": [
    "Tijuana Katana",
    "sittingcheese"
  ],
  "log": "|j|\u2606Tijuana Katana\n|j|\u2606sittingcheese\n|t:|1776120350\n|gametype|doubles\n|player|p1|Tijuana Katana|102|1076\n|player|p2|sittingcheese|ethan|1149\n|gen|9\n|tier|[Gen 9 Champions] VGC 2026 Reg M-A\n|rated|\n|rule|Species Clause: Limit one of each Pok\u00e9mon\n|rule|Item Clause: Limit 1 of each item\n|clearpoke\n|poke|p1|Floette-Eternal, L50, F|\n|poke|p1|Whimsicott, L50, F|\n|poke|p1|Incineroar, L50, F|\n|poke|p1|Garchomp, L50, M|\n|poke|p1|Basculegion, L50, M|\n|poke|p1|Lucario, L50, M|\n|poke|p2|Typhlosion, L50, M|\n|poke|p2|Whimsicott, L50, F|\n|poke|p2|Talonflame, L50, M|\n|poke|p2|Charizard, L50, M|\n|poke|p2|Venusaur, L50, M|\n|poke|p2|Incineroar, L50, M|\n|teampreview|4\n|inactive|Battle timer is ON: inactive players will automatically lose when time's up. (requested by Tijuana Katana)\nsittingcheese has agreed to open team sheets.\n|inactive|Tijuana Katana has 60 seconds left.\n|\n|t:|1776120395\n|teamsize|p1|4\n|teamsize|p2|4\n|start\n|switch|p1a: Floette|Floette-Eternal, L50, F|100/100\n|switch|p1b: Whimsicott|Whimsicott, L50, F|100/100\n|switch|p2a: Talonflame|Talonflame, L50, M|100/100\n|switch|p2b: Incineroar|Incineroar, L50, M, shiny|100/100\n|-ability|p2b: Incineroar|Intimidate|boost\n|-unboost|p1a: Floette|atk|1\n|-block|p1b: Whimsicott|ability: Flower Veil|[of] p1a: Floette\n|turn|1\n|inactive|sittingcheese has 30 seconds left.\n|\n|t:|1776120422\n|switch|p1b: Incineroar|Incineroar, L50, F|100/100\n|-ability|p1b: Incineroar|Intimidate|boost\n|-unboost|p2a: Talonflame|atk|1\n|-unboost|p2b: Incineroar|atk|1\n|move|p1a: Floette|Protect|p1a: Floette\n|-singleturn|p1a: Floette|Protect\n|move|p2b: Incineroar|Fake Out|p1b: Incineroar\n|-damage|p1b: Incineroar|93/100\n|move|p2a: Talonflame|Tailwind|p2a: Talonflame\n|-sidestart|p2: sittingcheese|move: Tailwind\n|\n|upkeep\n|turn|2\n|inactive|Tijuana Katana has 30 seconds left.\n|inactive|sittingcheese has 30 seconds left.\n|\n|t:|1776120456\n|move|p1b: Incineroar|Fake Out|p2b: Incineroar\n|-damage|p2b: Incineroar|89/100\n|move|p2a: Talonflame|Flare Blitz|p2b: Incineroar\n|-resisted|p2b: Incineroar|1\n|-damage|p2b: Incineroar|73/100\n|-damage|p2a: Talonflame|95/100|[from] Recoil\n|cant|p2b: Incineroar|flinch\n|move|p1a: Floette|Calm Mind|p1a: Floette\n|-boost|p1a: Floette|spa|1\n|-boost|p1a: Floette|spd|1\n|\n|-heal|p2b: Incineroar|79/100|[from] item: Leftovers\n|upkeep\n|turn|3\n|\n|t:|1776120473\n|move|p1a: Floette|Protect|p1a: Floette\n|-singleturn|p1a: Floette|Protect\n|move|p2a: Talonflame|U-turn|p1a: Floette\n|-activate|p1a: Floette|move: Protect\n|move|p2b: Incineroar|Parting Shot|p1a: Floette\n|-activate|p1a: Floette|move: Protect\n|move|p1b: Incineroar|Parting Shot|p2a: Talonflame\n|-unboost|p2a: Talonflame|atk|1\n|-unboost|p2a: Talonflame|spa|1\n|\n|t:|1776120489\n|switch|p1b: Whimsicott|Whimsicott, L50, F|100/100|[from] Parting Shot\n|\n|-heal|p2b: Incineroar|85/100|[from] item: Leftovers\n|upkeep\n|turn|4\n|\n|t:|1776120507\n|detailschange|p1a: Floette|Floette-Mega, L50, F\n|-mega|p1a: Floette|Floette|Floettite\n|-ability|p1a: Floette|Fairy Aura\n|move|p1b: Whimsicott|Tailwind|p1b: Whimsicott\n|-sidestart|p1: Tijuana Katana|move: Tailwind\n|move|p2a: Talonflame|U-turn|p1a: Floette\n|-resisted|p1a: Floette|1\n|-damage|p1a: Floette|94/100\n|\n|t:|1776120515\n|switch|p2a: Charizard|Charizard, L50, M|100/100|[from] U-turn\n|move|p1a: Floette|Moonblast|p2b: Incineroar\n|-damage|p2b: Incineroar|0 fnt\n|faint|p2b: Incineroar\n|\n|-sideend|p2: sittingcheese|move: Tailwind\n|upkeep\n|\n|t:|1776120522\n|switch|p2b: Talonflame|Talonflame, L50, M|95/100\n|turn|5\n|\n|t:|1776120531\n|detailschange|p2a: Charizard|Charizard-Mega-Y, L50, M\n|-mega|p2a: Charizard|Charizard|Charizardite Y\n|-weather|SunnyDay|[from] ability: Drought|[of] p2a: Charizard\n|move|p1b: Whimsicott|Moonblast|p2b: Talonflame\n|-resisted|p2b: Talonflame|1\n|-damage|p2b: Talonflame|68/100\n|move|p1a: Floette|Moonblast|p2b: Talonflame\n|-resisted|p2b: Talonflame|1\n|-damage|p2b: Talonflame|0 fnt\n|faint|p2b: Talonflame\n|move|p2a: Charizard|Heat Wave|p1a: Floette|[spread] p1a,p1b\n|-supereffective|p1b: Whimsicott|1\n|-damage|p1a: Floette|58/100\n|-enditem|p1b: Whimsicott|Focus Sash\n|-damage|p1b: Whimsicott|1/100\n|-status|p1a: Floette|brn\n|\n|-weather|SunnyDay|[upkeep]\n|-damage|p1a: Floette|52/100 brn|[from] brn\n|upkeep\n|\n|t:|1776120547\n|switch|p2b: Typhlosion|Typhlosion, L50, M|100/100\n|turn|6\n|\n|t:|1776120557\n|move|p1a: Floette|Protect|p1a: Floette\n|-singleturn|p1a: Floette|Protect\n|move|p1b: Whimsicott|Light Screen|p1b: Whimsicott\n|-sidestart|p1: Tijuana Katana|move: Light Screen\n|move|p2a: Charizard|Overheat|p2b: Typhlosion\n|-start|p2b: Typhlosion|ability: Flash Fire\n|move|p2b: Typhlosion|Eruption|p1a: Floette|[spread] p1b\n|-activate|p1a: Floette|move: Protect\n|-supereffective|p1b: Whimsicott|1\n|-damage|p1b: Whimsicott|0 fnt\n|faint|p1b: Whimsicott\n|\n|-weather|SunnyDay|[upkeep]\n|-damage|p1a: Floette|46/100 brn|[from] brn\n|upkeep\n|inactive|Tijuana Katana has 30 seconds left.\n|inactive|Tijuana Katana has 20 seconds left.\n|inactive|Tijuana Katana has 15 seconds left.\n|inactive|Tijuana Katana has 10 seconds left.\n|\n|t:|1776120603\n|switch|p1b: Basculegion|Basculegion, L50, M|100/100\n|turn|7\n|\n|t:|1776120626\n|move|p2b: Typhlosion|Protect|p2b: Typhlosion\n|-singleturn|p2b: Typhlosion|Protect\n|move|p1b: Basculegion|Flip Turn|p2a: Charizard\n|-supereffective|p2a: Charizard|1\n|-damage|p2a: Charizard|46/100\n|\n|t:|1776120631\n|switch|p1b: Incineroar|Incineroar, L50, F|93/100|[from] Flip Turn\n|-ability|p1b: Incineroar|Intimidate|boost\n|-unboost|p2a: Charizard|atk|1\n|-unboost|p2b: Typhlosion|atk|1\n|move|p1a: Floette|Dazzling Gleam|p2b: Typhlosion|[spread] p2a\n|-activate|p2b: Typhlosion|move: Protect\n|-resisted|p2a: Charizard|1\n|-damage|p2a: Charizard|10/100\n|move|p2a: Charizard|Heat Wave|p1a: Floette|[spread] p1a\n|-miss|p2a: Charizard|p1b: Incineroar\n|-damage|p1a: Floette|20/100 brn\n|\n|-weather|SunnyDay|[upkeep]\n|-damage|p1a: Floette|14/100 brn|[from] brn\n|-sideend|p1: Tijuana Katana|move: Tailwind\n|upkeep\n|turn|8\n|\n|t:|1776120654\n|move|p1a: Floette|Dazzling Gleam|p2b: Typhlosion|[spread] p2a,p2b\n|-resisted|p2a: Charizard|1\n|-resisted|p2b: Typhlosion|1\n|-damage|p2a: Charizard|0 fnt\n|-damage|p2b: Typhlosion|53/100\n|faint|p2a: Charizard\n|move|p2b: Typhlosion|Eruption|p1a: Floette|[spread] p1a,p1b\n|-resisted|p1b: Incineroar|1\n|-damage|p1a: Floette|0 fnt\n|-damage|p1b: Incineroar|72/100\n|faint|p1a: Floette\n|move|p1b: Incineroar|Parting Shot|p2b: Typhlosion\n|-unboost|p2b: Typhlosion|atk|1\n|-unboost|p2b: Typhlosion|spa|1\n|\n|t:|1776120656\n|switch|p1b: Basculegion|Basculegion, L50, M|100/100|[from] Parting Shot\n|\n|-weather|SunnyDay|[upkeep]\n|upkeep\n|\n|t:|1776120658\n|switch|p1a: Incineroar|Incineroar, L50, F|72/100\n|-ability|p1a: Incineroar|Intimidate|boost\n|-unboost|p2b: Typhlosion|atk|1\n|turn|9\n|\n|t:|1776120674\n|move|p1b: Basculegion|Wave Crash|p2b: Typhlosion\n|-supereffective|p2b: Typhlosion|1\n|-damage|p2b: Typhlosion|0 fnt\n|faint|p2b: Typhlosion\n|-damage|p1b: Basculegion|87/100|[from] Recoil\n|\n|win|Tijuana Katana\n|raw|Tijuana Katana's rating: 1076 &rarr; <strong>1111</strong><br />(+35 for winning)\n|raw|sittingcheese's rating: 1149 &rarr; <strong>1119</strong><br />(-30 for losing)\n",
  "uploadtime": 1776120681,
  "views": 21,
  "formatid": "gen9championsvgc2026regma",
  "rating": 1111,
  "private": 0,
  "password": null
}