{
  "id": "gen9championsvgc2026regma-2588120132",
  "format": "[Gen 9 Champions] VGC 2026 Reg M-A",
  "players": [
    "ExessVGC",
    "Chiahk"
  ],
  "log": "|j|\u2606ExessVGC\n|j|\u2606Chiahk\n|t:|1776606440\n|gametype|doubles\n|player|p1|ExessVGC|lucas|1084\n|player|p2|Chiahk|266|1024\n|gen|9\n|tier|[Gen 9 Champions] VGC 2026 Reg M-A\n|rated|\n|rule|Species Clause: Limit one of each Pok\u00e9mon\n|rule|Item Clause: Limit 1 of each item\n|clearpoke\n|poke|p1|Charizard, L50, F, shiny|\n|poke|p1|Venusaur, L50, M|\n|poke|p1|Scovillain, L50, M|\n|poke|p1|Goodra-Hisui, L50, M|\n|poke|p1|Garchomp, L50, M|\n|poke|p1|Sneasler, L50, M|\n|poke|p2|Beedrill, L50, M|\n|poke|p2|Sylveon, L50, M|\n|poke|p2|Kommo-o, L50, F|\n|poke|p2|Incineroar, L50, F|\n|poke|p2|Garchomp, L50, M|\n|poke|p2|Sinistcha, L50|\n|teampreview|4\nChiahk rejected open team sheets.\n|inactive|Battle timer is ON: inactive players will automatically lose when time's up. (requested by Chiahk)\n|\n|t:|1776606499\n|teamsize|p1|4\n|teamsize|p2|4\n|start\n|switch|p1a: Charizard|Charizard, L50, F, shiny|100/100\n|switch|p1b: Sneasler|Sneasler, L50, M|100/100\n|switch|p2a: Beedrill|Beedrill, L50, M|100/100\n|switch|p2b: Sylveon|Sylveon, L50, M|100/100\n|turn|1\n|\n|t:|1776606513\n|detailschange|p1a: Charizard|Charizard-Mega-Y, L50, F, shiny\n|-mega|p1a: Charizard|Charizard|Charizardite Y\n|-weather|SunnyDay|[from] ability: Drought|[of] p1a: Charizard\n|detailschange|p2a: Beedrill|Beedrill-Mega, L50, M\n|-mega|p2a: Beedrill|Beedrill|Beedrillite\n|move|p2a: Beedrill|Protect|p2a: Beedrill\n|-singleturn|p2a: Beedrill|Protect\n|move|p2b: Sylveon|Protect|p2b: Sylveon\n|-singleturn|p2b: Sylveon|Protect\n|move|p1b: Sneasler|Fake Out|p2a: Beedrill\n|-activate|p2a: Beedrill|move: Protect\n|move|p1a: Charizard|Heat Wave|p2a: Beedrill|[spread] \n|-activate|p2a: Beedrill|move: Protect\n|-activate|p2b: Sylveon|move: Protect\n|\n|-weather|SunnyDay|[upkeep]\n|upkeep\n|turn|2\n|inactive|Chiahk has 30 seconds left.\n|\n|t:|1776606547\n|move|p1a: Charizard|Protect|p1a: Charizard\n|-singleturn|p1a: Charizard|Protect\n|move|p2a: Beedrill|Round|p1b: Sneasler\n|-damage|p1b: Sneasler|95/100\n|move|p2b: Sylveon|Round|p1b: Sneasler|[from] move: Round\n|-damage|p1b: Sneasler|0 fnt\n|faint|p1b: Sneasler\n|\n|-weather|SunnyDay|[upkeep]\n|upkeep\n|\n|t:|1776606562\n|switch|p1b: Garchomp|Garchomp, L50, M|100/100\n|turn|3\n|\n|t:|1776606578\n|move|p1b: Garchomp|Rock Slide|p2a: Beedrill|[spread] p2a,p2b\n|-supereffective|p2a: Beedrill|1\n|-damage|p2a: Beedrill|10/100\n|-damage|p2b: Sylveon|74/100\n|move|p2a: Beedrill|Round|p1a: Charizard\n|-damage|p1a: Charizard|96/100\n|move|p2b: Sylveon|Round|p1a: Charizard|[from] move: Round\n|-resisted|p1a: Charizard|1\n|-damage|p1a: Charizard|51/100\n|move|p1a: Charizard|Heat Wave|p2a: Beedrill|[spread] p2a,p2b\n|-supereffective|p2a: Beedrill|1\n|-damage|p2a: Beedrill|0 fnt\n|-damage|p2b: Sylveon|21/100\n|faint|p2a: Beedrill\n|\n|-weather|SunnyDay|[upkeep]\n|upkeep\n|\n|t:|1776606591\n|switch|p2a: Kommo-o|Kommo-o, L50, F|100/100\n|turn|4\n|\n|t:|1776606615\n|switch|p1b: Venusaur|Venusaur, L50, M|100/100\n|move|p1a: Charizard|Protect|p1a: Charizard\n|-singleturn|p1a: Charizard|Protect\n|move|p2b: Sylveon|Protect|p2b: Sylveon\n|-singleturn|p2b: Sylveon|Protect\n|move|p2a: Kommo-o|Clanging Scales|p1a: Charizard|[spread] p1b\n|-activate|p1a: Charizard|move: Protect\n|-damage|p1b: Venusaur|60/100\n|-unboost|p2a: Kommo-o|def|1\n|\n|-weather|SunnyDay|[upkeep]\n|upkeep\n|turn|5\n|inactive|ExessVGC has 30 seconds left.\n|\n|t:|1776606643\n|move|p2b: Sylveon|Helping Hand|p2a: Kommo-o\n|-singleturn|p2a: Kommo-o|Helping Hand|[of] p2b: Sylveon\n|move|p1b: Venusaur|Sleep Powder|p2a: Kommo-o\n|-status|p2a: Kommo-o|slp|[from] move: Sleep Powder\n|move|p1a: Charizard|Heat Wave|p2b: Sylveon|[spread] p2a,p2b\n|-resisted|p2a: Kommo-o|1\n|-damage|p2a: Kommo-o|63/100 slp\n|-damage|p2b: Sylveon|0 fnt\n|faint|p2b: Sylveon\n|cant|p2a: Kommo-o|slp\n|\n|-weather|none\n|-heal|p2a: Kommo-o|69/100 slp|[from] item: Leftovers\n|upkeep\n|\n|t:|1776606653\n|switch|p2b: Sinistcha|Sinistcha, L50|100/100\n|-heal|p2a: Kommo-o|94/100 slp|[from] ability: Hospitality|[of] p2b: Sinistcha\n|turn|6\n|\n|t:|1776606667\n|switch|p1a: Garchomp|Garchomp, L50, M|100/100\n|move|p2b: Sinistcha|Protect|p2b: Sinistcha\n|-singleturn|p2b: Sinistcha|Protect\n|cant|p2a: Kommo-o|slp\n|move|p1b: Venusaur|Earth Power|p2a: Kommo-o\n|-damage|p2a: Kommo-o|62/100 slp\n|-unboost|p2a: Kommo-o|spd|1\n|\n|-heal|p2a: Kommo-o|68/100 slp|[from] item: Leftovers\n|upkeep\n|turn|7\n|\n|t:|1776606692\n|move|p1a: Garchomp|Dragon Claw|p2a: Kommo-o\n|-supereffective|p2a: Kommo-o|1\n|-damage|p2a: Kommo-o|0 fnt\n|faint|p2a: Kommo-o\n|move|p1b: Venusaur|Sludge Bomb|p2b: Sinistcha\n|-damage|p2b: Sinistcha|61/100\n|-status|p2b: Sinistcha|psn\n|move|p2b: Sinistcha|Life Dew|p2b: Sinistcha\n|-heal|p2b: Sinistcha|86/100 psn\n|\n|-damage|p2b: Sinistcha|74/100 psn|[from] psn\n|upkeep\n|turn|8\n|-message|Chiahk forfeited.\n|\n|win|ExessVGC\n|raw|ExessVGC's rating: 1084 &rarr; <strong>1107</strong><br />(+23 for winning)\n|raw|Chiahk's rating: 1024 &rarr; <strong>1013</strong><br />(-11 for losing)\n|l|\u2606Chiahk\n|player|p2|\n",
  "uploadtime": 1776606709,
  "views": 11,
  "formatid": "gen9championsvgc2026regma",
  "rating": 1013,
  "private": 0,
  "password": null
}