{
  "id": "gen9championsvgc2026regma-2584936846",
  "format": "[Gen 9 Champions] VGC 2026 Reg M-A",
  "players": [
    "N1ko_c",
    "redtoteyreal"
  ],
  "log": "|j|\u2606N1ko_c\n|j|\u2606redtoteyreal\n|t:|1776296150\n|gametype|doubles\n|player|p1|N1ko_c|cynthia-gen4|1270\n|player|p2|redtoteyreal|ninjaboy|1358\n|gen|9\n|tier|[Gen 9 Champions] VGC 2026 Reg M-A\n|rated|\n|rule|Species Clause: Limit one of each Pok\u00e9mon\n|rule|Item Clause: Limit 1 of each item\n|clearpoke\n|poke|p1|Scizor, L50, F|\n|poke|p1|Pelipper, L50, M|\n|poke|p1|Incineroar, L50, F|\n|poke|p1|Basculegion, L50, M|\n|poke|p1|Raichu, L50, F|\n|poke|p1|Dragonite, L50, M|\n|poke|p2|Floette-Eternal, L50, F|\n|poke|p2|Maushold-Four, L50|\n|poke|p2|Aegislash, L50, F|\n|poke|p2|Aerodactyl, L50, F|\n|poke|p2|Rotom-Wash, L50|\n|poke|p2|Garchomp, L50, M|\n|teampreview|4\n|inactive|Battle timer is ON: inactive players will automatically lose when time's up. (requested by redtoteyreal)\n|inactive|redtoteyreal has 60 seconds left.\n|\n|t:|1776296187\n|teamsize|p1|4\n|teamsize|p2|4\n|start\n|switch|p1a: Scizor|Scizor, L50, F|100/100\n|switch|p1b: Incineroar|Incineroar, L50, F|100/100\n|switch|p2a: Maushold|Maushold-Four, L50|100/100\n|switch|p2b: Floette|Floette-Eternal, L50, F|100/100\n|-ability|p1b: Incineroar|Intimidate|boost\n|-unboost|p2a: Maushold|atk|1\n|-unboost|p2b: Floette|atk|1\n|turn|1\n|\n|t:|1776296200\n|switch|p2b: Rotom|Rotom-Wash, L50, shiny|100/100\n|detailschange|p1a: Scizor|Scizor-Mega, L50, F\n|-mega|p1a: Scizor|Scizor|Scizorite\n|move|p1b: Incineroar|Fake Out|p2a: Maushold\n|-damage|p2a: Maushold|86/100\n|move|p1a: Scizor|Bullet Punch|p2b: Rotom\n|-resisted|p2b: Rotom|2\n|-damage|p2b: Rotom|92/100\n|cant|p2a: Maushold|flinch\n|\n|upkeep\n|turn|2\n|\n|t:|1776296218\n|move|p2a: Maushold|Protect|p2a: Maushold\n|-singleturn|p2a: Maushold|Protect\n|move|p2b: Rotom|Will-O-Wisp|p1a: Scizor\n|-status|p1a: Scizor|brn\n|move|p1a: Scizor|Swords Dance|p1a: Scizor\n|-boost|p1a: Scizor|atk|2\n|move|p1b: Incineroar|Parting Shot|p2b: Rotom\n|-unboost|p2b: Rotom|atk|1\n|-unboost|p2b: Rotom|spa|1\n|\n|t:|1776296233\n|switch|p1b: Basculegion|Basculegion, L50, M|100/100|[from] Parting Shot\n|\n|-damage|p1a: Scizor|94/100 brn|[from] brn\n|upkeep\n|turn|3\n|inactive|redtoteyreal has 30 seconds left.\n|inactive|redtoteyreal has 20 seconds left.\n|inactive|redtoteyreal has 15 seconds left.\n|\n|t:|1776296274\n|move|p1b: Basculegion|Protect|p1b: Basculegion\n|-singleturn|p1b: Basculegion|Protect\n|move|p2a: Maushold|Taunt|p1a: Scizor\n|-start|p1a: Scizor|move: Taunt\n|move|p2b: Rotom|Volt Switch|p1b: Basculegion\n|-activate|p1b: Basculegion|move: Protect\n|cant|p1a: Scizor|move: Taunt|Swords Dance\n|\n|-damage|p1a: Scizor|88/100 brn|[from] brn\n|upkeep\n|turn|4\n|\n|t:|1776296292\n|switch|p1b: Incineroar|Incineroar, L50, F|100/100\n|-ability|p1b: Incineroar|Intimidate|boost\n|-unboost|p2a: Maushold|atk|1\n|-unboost|p2b: Rotom|atk|1\n|move|p2a: Maushold|Protect|p2a: Maushold\n|-singleturn|p2a: Maushold|Protect\n|move|p2b: Rotom|Volt Switch|p1b: Incineroar\n|-damage|p1b: Incineroar|86/100\n|\n|t:|1776296301\n|switch|p2b: Aegislash|Aegislash, L50, F, shiny|100/100|[from] Volt Switch\n|move|p1a: Scizor|Bug Bite|p2b: Aegislash\n|-resisted|p2b: Aegislash|2\n|-damage|p2b: Aegislash|92/100\n|\n|-damage|p1a: Scizor|82/100 brn|[from] brn\n|upkeep\n|turn|5\n|\n|t:|1776296323\n|move|p1a: Scizor|Bullet Punch|p2a: Maushold\n|-damage|p2a: Maushold|38/100\n|move|p2a: Maushold|Taunt|p1b: Incineroar\n|-start|p1b: Incineroar|move: Taunt\n|-formechange|p2b: Aegislash|Aegislash-Blade|\n|move|p2b: Aegislash|Poltergeist|p1a: Scizor\n|-activate|p1a: Scizor|move: Poltergeist|Scizorite\n|-damage|p1a: Scizor|24/100 brn\n|move|p1b: Incineroar|Flare Blitz|p2b: Aegislash\n|-supereffective|p2b: Aegislash|1\n|-damage|p2b: Aegislash|0 fnt\n|faint|p2b: Aegislash\n|-damage|p1b: Incineroar|61/100|[from] Recoil\n|\n|-damage|p1a: Scizor|17/100 brn|[from] brn\n|-end|p1a: Scizor|move: Taunt\n|upkeep\n|\n|t:|1776296345\n|switch|p2b: Floette|Floette-Eternal, L50, F|100/100\n|turn|6\n|\n|t:|1776296356\n|detailschange|p2b: Floette|Floette-Mega, L50, F\n|-mega|p2b: Floette|Floette|Floettite\n|-ability|p2b: Floette|Fairy Aura\n|move|p2a: Maushold|Follow Me|p2a: Maushold\n|-singleturn|p2a: Maushold|move: Follow Me\n|move|p1a: Scizor|Bullet Punch|p2a: Maushold\n|-damage|p2a: Maushold|0 fnt\n|faint|p2a: Maushold\n|move|p2b: Floette|Calm Mind|p2b: Floette\n|-boost|p2b: Floette|spa|1\n|-boost|p2b: Floette|spd|1\n|move|p1b: Incineroar|Throat Chop|p2b: Floette\n|-resisted|p2b: Floette|1\n|-damage|p2b: Floette|87/100\n|-start|p2b: Floette|Throat Chop|[silent]\n|\n|-damage|p1a: Scizor|11/100 brn|[from] brn\n|upkeep\n|\n|t:|1776296368\n|switch|p2a: Rotom|Rotom-Wash, L50, shiny|92/100\n|turn|7\n|\n|t:|1776296390\n|move|p1a: Scizor|Protect|p1a: Scizor\n|-singleturn|p1a: Scizor|Protect\n|move|p2b: Floette|Dazzling Gleam|p1b: Incineroar|[spread] p1b\n|-activate|p1a: Scizor|move: Protect\n|-damage|p1b: Incineroar|17/100\n|-enditem|p1b: Incineroar|Sitrus Berry|[eat]\n|-heal|p1b: Incineroar|42/100|[from] item: Sitrus Berry\n|move|p2a: Rotom|Thunderbolt|p1b: Incineroar\n|-damage|p1b: Incineroar|12/100\n|move|p1b: Incineroar|Throat Chop|p2a: Rotom\n|-damage|p2a: Rotom|58/100\n|-start|p2a: Rotom|Throat Chop|[silent]\n|\n|-damage|p1a: Scizor|5/100 brn|[from] brn\n|-end|p1b: Incineroar|move: Taunt\n|-end|p2b: Floette|Throat Chop|[silent]\n|upkeep\n|turn|8\n|\n|t:|1776296412\n|move|p2b: Floette|Protect|p2b: Floette\n|-singleturn|p2b: Floette|Protect\n|move|p1a: Scizor|Bullet Punch|p2b: Floette\n|-activate|p2b: Floette|move: Protect\n|move|p2a: Rotom|Thunderbolt|p1b: Incineroar\n|-damage|p1b: Incineroar|0 fnt\n|faint|p1b: Incineroar\n|\n|-damage|p1a: Scizor|0 fnt|[from] brn\n|faint|p1a: Scizor\n|-end|p2a: Rotom|Throat Chop|[silent]\n|upkeep\n|\n|t:|1776296420\n|switch|p1a: Pelipper|Pelipper, L50, M|100/100\n|switch|p1b: Basculegion|Basculegion, L50, M|100/100\n|-weather|RainDance|[from] ability: Drizzle|[of] p1a: Pelipper\n|turn|9\n|\n|t:|1776296430\n|move|p1b: Basculegion|Last Respects|p2b: Floette\n|-damage|p2b: Floette|22/100\n|move|p2b: Floette|Moonblast|p1b: Basculegion\n|-damage|p1b: Basculegion|0 fnt\n|faint|p1b: Basculegion\n|move|p2a: Rotom|Thunderbolt|p1a: Pelipper\n|-supereffective|p1a: Pelipper|2\n|-enditem|p1a: Pelipper|Focus Sash\n|-damage|p1a: Pelipper|1/100\n|move|p1a: Pelipper|Weather Ball|p2a: Rotom\n|-resisted|p2a: Rotom|1\n|-damage|p2a: Rotom|22/100\n|-enditem|p2a: Rotom|Sitrus Berry|[eat]\n|-heal|p2a: Rotom|47/100|[from] item: Sitrus Berry\n|\n|-weather|RainDance|[upkeep]\n|upkeep\n|turn|10\n|-message|N1ko_c forfeited.\n|\n|win|redtoteyreal\n|raw|N1ko_c's rating: 1270 &rarr; <strong>1251</strong><br />(-19 for losing)\n|raw|redtoteyreal's rating: 1358 &rarr; <strong>1373</strong><br />(+15 for winning)\n|l|\u2606N1ko_c\n|player|p1|\n",
  "uploadtime": 1776296443,
  "views": 31,
  "formatid": "gen9championsvgc2026regma",
  "rating": 1251,
  "private": 0,
  "password": null
}