{
  "id": "gen9championsvgc2026regma-2585908261",
  "format": "[Gen 9 Champions] VGC 2026 Reg M-A",
  "players": [
    "Amixous",
    "Kyooby"
  ],
  "log": "|j|\u2606Amixous\n|j|\u2606Kyooby\n|t:|1776380433\n|gametype|doubles\n|player|p1|Amixous|265|1049\n|player|p2|Kyooby|volkner|1134\n|gen|9\n|tier|[Gen 9 Champions] VGC 2026 Reg M-A\n|rated|\n|rule|Species Clause: Limit one of each Pok\u00e9mon\n|rule|Item Clause: Limit 1 of each item\n|clearpoke\n|poke|p1|Froslass, L50, F|\n|poke|p1|Maushold, L50|\n|poke|p1|Kingambit, L50, M|\n|poke|p1|Sneasler, L50, F|\n|poke|p1|Incineroar, L50, M|\n|poke|p1|Blastoise, L50, F|\n|poke|p2|Maushold-Four, L50|\n|poke|p2|Gardevoir, L50, M|\n|poke|p2|Espathra, L50, M|\n|poke|p2|Kommo-o, L50, M|\n|poke|p2|Gyarados, L50, M|\n|poke|p2|Heliolisk, L50, M|\n|teampreview|4\n|inactive|Battle timer is ON: inactive players will automatically lose when time's up. (requested by Kyooby)\n|inactive|Kyooby has 60 seconds left.\n|\n|t:|1776380469\n|teamsize|p1|4\n|teamsize|p2|4\n|start\n|switch|p1a: Incineroar|Incineroar, L50, M|100/100\n|switch|p1b: Blastoise|Blastoise, L50, F|100/100\n|switch|p2a: Maushold|Maushold-Four, L50|100/100\n|switch|p2b: Kommo-o|Kommo-o, L50, M|100/100\n|-ability|p1a: Incineroar|Intimidate|boost\n|-unboost|p2a: Maushold|atk|1\n|-unboost|p2b: Kommo-o|atk|1\n|turn|1\n|inactive|Kyooby has 30 seconds left.\n|inactive|Kyooby has 20 seconds left.\n|\n|t:|1776380505\n|move|p1b: Blastoise|Fake Out|p2a: Maushold\n|-damage|p2a: Maushold|87/100\n|move|p1a: Incineroar|Fake Out|p2b: Kommo-o\n|-damage|p2b: Kommo-o|90/100\n|cant|p2a: Maushold|flinch\n|cant|p2b: Kommo-o|flinch\n|\n|-heal|p2b: Kommo-o|96/100|[from] item: Leftovers\n|upkeep\n|turn|2\n|\n|t:|1776380527\n|move|p2a: Maushold|Encore|p1b: Blastoise\n|-start|p1b: Blastoise|Encore\n|move|p1b: Blastoise|Fake Out||[still]\n|-hint|Fake Out only works on your first turn out.\n|-fail|p1b: Blastoise\n|move|p2b: Kommo-o|Clangorous Soul|p2b: Kommo-o\n|-boost|p2b: Kommo-o|atk|1\n|-boost|p2b: Kommo-o|def|1\n|-boost|p2b: Kommo-o|spa|1\n|-boost|p2b: Kommo-o|spd|1\n|-boost|p2b: Kommo-o|spe|1\n|-damage|p2b: Kommo-o|63/100\n|move|p1a: Incineroar|Parting Shot|p2b: Kommo-o\n|-unboost|p2b: Kommo-o|atk|1\n|-unboost|p2b: Kommo-o|spa|1\n|\n|t:|1776380544\n|switch|p1a: Maushold|Maushold, L50|100/100|[from] Parting Shot\n|\n|-heal|p2b: Kommo-o|69/100|[from] item: Leftovers\n|upkeep\n|turn|3\n|\n|t:|1776380552\n|switch|p1b: Froslass|Froslass, L50, F|100/100\n|move|p1a: Maushold|Protect|p1a: Maushold\n|-singleturn|p1a: Maushold|Protect\n|move|p2b: Kommo-o|Clanging Scales|p1b: Froslass|[spread] p1b\n|-activate|p1a: Maushold|move: Protect\n|-damage|p1b: Froslass|52/100\n|-unboost|p2b: Kommo-o|def|1\n|move|p2a: Maushold|Super Fang|p1b: Froslass\n|-immune|p1b: Froslass\n|\n|-heal|p2b: Kommo-o|75/100|[from] item: Leftovers\n|upkeep\n|turn|4\n|\n|t:|1776380577\n|detailschange|p1b: Froslass|Froslass-Mega, L50, F\n|-mega|p1b: Froslass|Froslass|Froslassite\n|-weather|Snowscape|[from] ability: Snow Warning|[of] p1b: Froslass\n|move|p1a: Maushold|Follow Me|p1a: Maushold\n|-singleturn|p1a: Maushold|move: Follow Me\n|move|p2b: Kommo-o|Aura Sphere|p1a: Maushold\n|-supereffective|p1a: Maushold|1\n|-enditem|p1a: Maushold|Focus Sash\n|-damage|p1a: Maushold|1/100\n|move|p1b: Froslass|Nasty Plot|p1b: Froslass\n|-boost|p1b: Froslass|spa|2\n|move|p2a: Maushold|Encore|p1a: Maushold\n|-start|p1a: Maushold|Encore\n|\n|-weather|Snowscape|[upkeep]\n|-heal|p2b: Kommo-o|80/100|[from] item: Leftovers\n|upkeep\n|turn|5\n|inactive|Kyooby has 30 seconds left.\n|\n|t:|1776380604\n|move|p2a: Maushold|Protect|p2a: Maushold\n|-singleturn|p2a: Maushold|Protect\n|move|p1a: Maushold|Follow Me|p1a: Maushold\n|-singleturn|p1a: Maushold|move: Follow Me\n|move|p2b: Kommo-o|Clanging Scales|p1b: Froslass|[spread] p1a,p1b\n|-damage|p1a: Maushold|0 fnt\n|-damage|p1b: Froslass|19/100\n|faint|p1a: Maushold\n|-unboost|p2b: Kommo-o|def|1\n|move|p1b: Froslass|Blizzard|p2a: Maushold|[spread] p2b\n|-activate|p2a: Maushold|move: Protect\n|-supereffective|p2b: Kommo-o|1\n|-damage|p2b: Kommo-o|0 fnt\n|faint|p2b: Kommo-o\n|\n|-weather|Snowscape|[upkeep]\n|upkeep\n|\n|t:|1776380620\n|switch|p1a: Incineroar|Incineroar, L50, M|100/100\n|switch|p2b: Heliolisk|Heliolisk, L50, M, shiny|100/100\n|-ability|p1a: Incineroar|Intimidate|boost\n|-unboost|p2a: Maushold|atk|1\n|-unboost|p2b: Heliolisk|atk|1\n|turn|6\n|\n|t:|1776380633\n|move|p1a: Incineroar|Fake Out|p2b: Heliolisk\n|-damage|p2b: Heliolisk|81/100\n|move|p2a: Maushold|Follow Me|p2a: Maushold\n|-singleturn|p2a: Maushold|move: Follow Me\n|move|p1b: Froslass|Blizzard|p2b: Heliolisk|[spread] p2a,p2b\n|-damage|p2a: Maushold|0 fnt\n|-damage|p2b: Heliolisk|4/100\n|faint|p2a: Maushold\n|cant|p2b: Heliolisk|flinch\n|\n|-weather|Snowscape|[upkeep]\n|upkeep\n|\n|t:|1776380638\n|switch|p2a: Gardevoir|Gardevoir, L50, M, shiny|100/100\n|-ability|p2a: Gardevoir|Snow Warning|Trace|[from] ability: Trace|[of] p1b: Froslass\n|turn|7\n|\n|t:|1776380651\n|detailschange|p2a: Gardevoir|Gardevoir-Mega, L50, M, shiny\n|-mega|p2a: Gardevoir|Gardevoir|Gardevoirite\n|move|p1b: Froslass|Blizzard|p2b: Heliolisk|[spread] p2a,p2b\n|-damage|p2a: Gardevoir|27/100\n|-damage|p2b: Heliolisk|0 fnt\n|faint|p2b: Heliolisk\n|move|p2a: Gardevoir|Hyper Voice|p1b: Froslass|[spread] p1a,p1b\n|-damage|p1a: Incineroar|48/100\n|-damage|p1b: Froslass|0 fnt\n|-enditem|p1a: Incineroar|Sitrus Berry|[eat]\n|-heal|p1a: Incineroar|73/100|[from] item: Sitrus Berry\n|faint|p1b: Froslass\n|move|p1a: Incineroar|Throat Chop|p2a: Gardevoir\n|-damage|p2a: Gardevoir|0 fnt\n|faint|p2a: Gardevoir\n|\n|win|Amixous\n|raw|Amixous's rating: 1049 &rarr; <strong>1089</strong><br />(+40 for winning)\n|raw|Kyooby's rating: 1134 &rarr; <strong>1103</strong><br />(-31 for losing)\n",
  "uploadtime": 1776380651,
  "views": 15,
  "formatid": "gen9championsvgc2026regma",
  "rating": 1089,
  "private": 0,
  "password": null
}