{
  "id": "gen9championsvgc2026regma-2586188178",
  "format": "[Gen 9 Champions] VGC 2026 Reg M-A",
  "players": [
    "Sa1ty808",
    "yamzinyobooty"
  ],
  "log": "|j|\u2606Sa1ty808\n|j|\u2606yamzinyobooty\n|t:|1776410139\n|gametype|doubles\n|player|p1|Sa1ty808|2|1081\n|player|p2|yamzinyobooty|102|1107\n|gen|9\n|tier|[Gen 9 Champions] VGC 2026 Reg M-A\n|rated|\n|rule|Species Clause: Limit one of each Pok\u00e9mon\n|rule|Item Clause: Limit 1 of each item\n|clearpoke\n|poke|p1|Floette-Eternal, L50, F|\n|poke|p1|Basculegion, L50, M|\n|poke|p1|Aerodactyl, L50, F|\n|poke|p1|Sneasler, L50, M|\n|poke|p1|Kingambit, L50, M|\n|poke|p1|Farigiraf, L50, M|\n|poke|p2|Charizard, L50, F|\n|poke|p2|Venusaur, L50, M|\n|poke|p2|Garchomp, L50, F|\n|poke|p2|Incineroar, L50, M|\n|poke|p2|Gardevoir, L50, F|\n|poke|p2|Milotic, L50, M|\n|teampreview|4\n|j| ShowdownMutt\n|l| ShowdownMutt\n|inactive|Battle timer is ON: inactive players will automatically lose when time's up. (requested by yamzinyobooty)\n|\n|t:|1776410191\n|teamsize|p1|4\n|teamsize|p2|4\n|start\n|switch|p1a: Floette|Floette-Eternal, L50, F|100/100\n|switch|p1b: Sneasler|Sneasler, L50, M|100/100\n|switch|p2a: Charizard|Charizard, L50, F|100/100\n|switch|p2b: Venusaur|Venusaur, L50, M|100/100\n|turn|1\n|inactive|yamzinyobooty has 30 seconds left.\n|inactive|Sa1ty808 has 30 seconds left.\n|inactive|yamzinyobooty has 20 seconds left.\n|inactive|Sa1ty808 has 20 seconds left.\n|inactive|Sa1ty808 has 15 seconds left.\n|\n|t:|1776410240\n|switch|p2b: Garchomp|Garchomp, L50, F|100/100\n|detailschange|p2a: Charizard|Charizard-Mega-Y, L50, F\n|-mega|p2a: Charizard|Charizard|Charizardite Y\n|-weather|SunnyDay|[from] ability: Drought|[of] p2a: Charizard\n|detailschange|p1a: Floette|Floette-Mega, L50, F\n|-mega|p1a: Floette|Floette|Floettite\n|-ability|p1a: Floette|Fairy Aura\n|move|p1b: Sneasler|Fake Out|p2b: Garchomp\n|-crit|p2b: Garchomp\n|-damage|p2b: Garchomp|78/100\n|-damage|p1b: Sneasler|89/100|[from] ability: Rough Skin|[of] p2b: Garchomp\n|move|p2a: Charizard|Weather Ball|p1b: Sneasler\n|-damage|p1b: Sneasler|0 fnt\n|faint|p1b: Sneasler\n|move|p1a: Floette|Dazzling Gleam|p2b: Garchomp|[spread] p2a,p2b\n|-resisted|p2a: Charizard|1\n|-supereffective|p2b: Garchomp|1\n|-damage|p2a: Charizard|75/100\n|-damage|p2b: Garchomp|0 fnt\n|faint|p2b: Garchomp\n|\n|-weather|SunnyDay|[upkeep]\n|upkeep\n|\n|t:|1776410262\n|switch|p1b: Aerodactyl|Aerodactyl, L50, F|100/100\n|switch|p2b: Venusaur|Venusaur, L50, M|100/100\n|-ability|p1b: Aerodactyl|Unnerve\n|turn|2\n|\n|t:|1776410286\n|move|p2b: Venusaur|Sleep Powder|p1b: Aerodactyl|[miss]\n|-miss|p2b: Venusaur|p1b: Aerodactyl\n|move|p1b: Aerodactyl|Tailwind|p1b: Aerodactyl\n|-sidestart|p1: Sa1ty808|move: Tailwind\n|move|p1a: Floette|Dazzling Gleam|p2b: Venusaur|[spread] p2a,p2b\n|-resisted|p2a: Charizard|1\n|-resisted|p2b: Venusaur|1\n|-damage|p2a: Charizard|50/100\n|-damage|p2b: Venusaur|72/100\n|move|p2a: Charizard|Solar Beam||[still]\n|-prepare|p2a: Charizard|Solar Beam\n|-anim|p2a: Charizard|Solar Beam|p1b: Aerodactyl\n|-damage|p1b: Aerodactyl|29/100\n|\n|-weather|SunnyDay|[upkeep]\n|upkeep\n|turn|3\n|inactive|Sa1ty808 has 30 seconds left.\n|inactive|yamzinyobooty has 30 seconds left.\n|\n|t:|1776410316\n|switch|p2a: Milotic|Milotic, L50, M|100/100\n|move|p1b: Aerodactyl|Dual Wingbeat|p2b: Venusaur\n|-supereffective|p2b: Venusaur|1\n|-crit|p2b: Venusaur\n|-damage|p2b: Venusaur|2/100\n|-supereffective|p2b: Venusaur|1\n|-damage|p2b: Venusaur|0 fnt\n|faint|p2b: Venusaur\n|-hitcount|p2: Venusaur|2\n|move|p1a: Floette|Moonblast|p2a: Milotic\n|-damage|p2a: Milotic|43/100\n|\n|-weather|SunnyDay|[upkeep]\n|-heal|p2a: Milotic|49/100|[from] item: Leftovers\n|upkeep\n|\n|t:|1776410322\n|switch|p2b: Charizard|Charizard-Mega-Y, L50, F|50/100\n|turn|4\n|c|\u2606yamzinyobooty|gg\n|\n|t:|1776410337\n|move|p2b: Charizard|Protect|p2b: Charizard\n|-singleturn|p2b: Charizard|Protect\n|move|p1b: Aerodactyl|Rock Slide|p2b: Charizard|[spread] p2a\n|-activate|p2b: Charizard|move: Protect\n|-damage|p2a: Milotic|29/100\n|move|p1a: Floette|Moonblast|p2a: Milotic\n|-damage|p2a: Milotic|0 fnt\n|faint|p2a: Milotic\n|\n|-weather|SunnyDay|[upkeep]\n|upkeep\n|turn|5\n|-message|yamzinyobooty forfeited.\n|\n|win|Sa1ty808\n|raw|Sa1ty808's rating: 1081 &rarr; <strong>1111</strong><br />(+30 for winning)\n|raw|yamzinyobooty's rating: 1107 &rarr; <strong>1080</strong><br />(-27 for losing)\n",
  "uploadtime": 1776410348,
  "views": 16,
  "formatid": "gen9championsvgc2026regma",
  "rating": 1080,
  "private": 0,
  "password": null
}