{
  "id": "gen9championsvgc2026regma-2588828765",
  "format": "[Gen 9 Champions] VGC 2026 Reg M-A",
  "players": [
    "mafiakitty",
    "maku83199"
  ],
  "log": "|j|\u2606mafiakitty\n|j|\u2606maku83199\n|t:|1776675885\n|gametype|doubles\n|player|p1|mafiakitty|170|1344\n|player|p2|maku83199|101|1270\n|gen|9\n|tier|[Gen 9 Champions] VGC 2026 Reg M-A\n|rated|\n|rule|Species Clause: Limit one of each Pok\u00e9mon\n|rule|Item Clause: Limit 1 of each item\n|clearpoke\n|poke|p1|Hawlucha, L50, M, shiny|\n|poke|p1|Hippowdon, L50, F, shiny|\n|poke|p1|Vanilluxe, L50, F, shiny|\n|poke|p1|Azumarill, L50, M|\n|poke|p1|Scovillain, L50, F|\n|poke|p1|Snorlax, L50, M, shiny|\n|poke|p2|Charizard, L50, F|\n|poke|p2|Sneasler, L50, M|\n|poke|p2|Kingambit, L50, F|\n|poke|p2|Garchomp, L50, F|\n|poke|p2|Rotom-Wash, L50|\n|poke|p2|Floette-Eternal, L50, F|\n|teampreview|4\n|inactive|Battle timer is ON: inactive players will automatically lose when time's up. (requested by mafiakitty)\n|\n|t:|1776675929\n|teamsize|p1|4\n|teamsize|p2|4\n|start\n|switch|p1a: Scovillain|Scovillain, L50, F|100/100\n|switch|p1b: Snorlax|Snorlax, L50, M, shiny|100/100\n|switch|p2a: Sneasler|Sneasler, L50, M|100/100\n|switch|p2b: Floette|Floette-Eternal, L50, F|100/100\n|turn|1\n|\n|t:|1776675938\n|detailschange|p2b: Floette|Floette-Mega, L50, F\n|-mega|p2b: Floette|Floette|Floettite\n|-ability|p2b: Floette|Fairy Aura\n|move|p1a: Scovillain|Protect|p1a: Scovillain\n|-singleturn|p1a: Scovillain|Protect\n|move|p1b: Snorlax|Protect|p1b: Snorlax\n|-singleturn|p1b: Snorlax|Protect\n|move|p2a: Sneasler|Fake Out|p1b: Snorlax\n|-activate|p1b: Snorlax|move: Protect\n|move|p2b: Floette|Calm Mind|p2b: Floette\n|-boost|p2b: Floette|spa|1\n|-boost|p2b: Floette|spd|1\n|\n|-ability|p1a: Scovillain|Moody|boost\n|-boost|p1a: Scovillain|spa|2\n|-unboost|p1a: Scovillain|spe|1\n|upkeep\n|turn|2\n|\n|t:|1776675955\n|detailschange|p1a: Scovillain|Scovillain-Mega, L50, F\n|-mega|p1a: Scovillain|Scovillain|Scovillainite\n|move|p1a: Scovillain|Rage Powder|p1a: Scovillain\n|-singleturn|p1a: Scovillain|move: Rage Powder\n|move|p2a: Sneasler|Dire Claw|p1a: Scovillain\n|-supereffective|p1a: Scovillain|1\n|-damage|p1a: Scovillain|0 fnt\n|-status|p2a: Sneasler|brn|[from] ability: Spicy Spray|[of] p1a: Scovillain\n|faint|p1a: Scovillain\n|move|p2b: Floette|Dazzling Gleam|p1b: Snorlax\n|-damage|p1b: Snorlax|48/100\n|move|p1b: Snorlax|Curse|p1b: Snorlax\n|-unboost|p1b: Snorlax|spe|1\n|-boost|p1b: Snorlax|atk|1\n|-boost|p1b: Snorlax|def|1\n|\n|-heal|p1b: Snorlax|54/100|[from] item: Leftovers\n|-damage|p2a: Sneasler|95/100 brn|[from] brn\n|upkeep\n|\n|t:|1776675968\n|switch|p1a: Azumarill|Azumarill, L50, M|100/100\n|turn|3\n|\n|t:|1776675976\n|move|p1b: Snorlax|Protect|p1b: Snorlax\n|-singleturn|p1b: Snorlax|Protect\n|move|p2a: Sneasler|Close Combat|p1b: Snorlax\n|-activate|p1b: Snorlax|move: Protect\n|move|p2b: Floette|Dazzling Gleam|p1a: Azumarill|[spread] p1a\n|-activate|p1b: Snorlax|move: Protect\n|-damage|p1a: Azumarill|37/100\n|-enditem|p1a: Azumarill|Sitrus Berry|[eat]\n|-heal|p1a: Azumarill|62/100|[from] item: Sitrus Berry\n|move|p1a: Azumarill|Belly Drum|p1a: Azumarill\n|-damage|p1a: Azumarill|12/100\n|-setboost|p1a: Azumarill|atk|6|[from] move: Belly Drum\n|\n|-heal|p1b: Snorlax|60/100|[from] item: Leftovers\n|-damage|p2a: Sneasler|89/100 brn|[from] brn\n|upkeep\n|turn|4\n|inactive|maku83199 has 30 seconds left.\n|\n|t:|1776676002\n|move|p2b: Floette|Protect|p2b: Floette\n|-singleturn|p2b: Floette|Protect\n|move|p1a: Azumarill|Aqua Jet|p2b: Floette\n|-activate|p2b: Floette|move: Protect\n|move|p2a: Sneasler|Dire Claw|p1a: Azumarill\n|-supereffective|p1a: Azumarill|1\n|-damage|p1a: Azumarill|0 fnt\n|faint|p1a: Azumarill\n|move|p1b: Snorlax|Body Slam|p2a: Sneasler\n|-damage|p2a: Sneasler|0 fnt\n|faint|p2a: Sneasler\n|\n|-heal|p1b: Snorlax|66/100|[from] item: Leftovers\n|upkeep\n|\n|t:|1776676019\n|switch|p2a: Rotom|Rotom-Wash, L50|100/100\n|switch|p1a: Hippowdon|Hippowdon, L50, F, shiny|100/100\n|-weather|Sandstorm|[from] ability: Sand Stream|[of] p1a: Hippowdon\n|turn|5\n|\n|t:|1776676028\n|move|p2b: Floette|Dazzling Gleam|p1a: Hippowdon|[spread] p1a,p1b\n|-damage|p1a: Hippowdon|50/100\n|-damage|p1b: Snorlax|29/100\n|move|p2a: Rotom|Will-O-Wisp|p1b: Snorlax\n|-status|p1b: Snorlax|brn\n|move|p1a: Hippowdon|Fissure|p2b: Floette|[miss]\n|-miss|p1a: Hippowdon|p2b: Floette\n|move|p1b: Snorlax|Body Slam|p2a: Rotom\n|-damage|p2a: Rotom|74/100\n|\n|-weather|Sandstorm|[upkeep]\n|-damage|p2b: Floette|95/100|[from] Sandstorm\n|-damage|p2a: Rotom|69/100|[from] Sandstorm\n|-damage|p1b: Snorlax|23/100 brn|[from] Sandstorm\n|-heal|p1b: Snorlax|29/100 brn|[from] item: Leftovers\n|-damage|p1b: Snorlax|23/100 brn|[from] brn\n|upkeep\n|turn|6\n|\n|t:|1776676044\n|move|p2b: Floette|Dazzling Gleam|p1a: Hippowdon|[spread] p1a,p1b\n|-damage|p1a: Hippowdon|0 fnt\n|-damage|p1b: Snorlax|0 fnt\n|faint|p1a: Hippowdon\n|faint|p1b: Snorlax\n|\n|win|maku83199\n|raw|mafiakitty's rating: 1344 &rarr; <strong>1320</strong><br />(-24 for losing)\n|raw|maku83199's rating: 1270 &rarr; <strong>1300</strong><br />(+30 for winning)\n|l|\u2606mafiakitty\n|player|p1|\n",
  "uploadtime": 1776676080,
  "views": 15,
  "formatid": "gen9championsvgc2026regma",
  "rating": 1300,
  "private": 0,
  "password": null
}