{
  "id": "gen9championsvgc2026regma-2586607986",
  "format": "[Gen 9 Champions] VGC 2026 Reg M-A",
  "players": [
    "penledzuu",
    "Jegueperneta"
  ],
  "log": "|j|\u2606penledzuu\n|j|\u2606Jegueperneta\n|t:|1776446454\n|gametype|doubles\n|player|p1|penledzuu|ninjaboy|1180\n|player|p2|Jegueperneta|pokemaniac|1095\n|gen|9\n|tier|[Gen 9 Champions] VGC 2026 Reg M-A\n|rated|\n|rule|Species Clause: Limit one of each Pok\u00e9mon\n|rule|Item Clause: Limit 1 of each item\n|clearpoke\n|poke|p1|Gengar, L50, F|\n|poke|p1|Gardevoir, L50, M|\n|poke|p1|Arcanine-Hisui, L50, M|\n|poke|p1|Charizard, L50, M|\n|poke|p1|Machamp, L50, M|\n|poke|p1|Sneasler, L50, M|\n|poke|p2|Gengar, L50, F|\n|poke|p2|Whimsicott, L50, M|\n|poke|p2|Sneasler, L50, F|\n|poke|p2|Incineroar, L50, F|\n|poke|p2|Rotom-Wash, L50|\n|poke|p2|Dragonite, L50, F|\n|teampreview|4\n|inactive|Battle timer is ON: inactive players will automatically lose when time's up. (requested by Jegueperneta)\n|inactive|penledzuu also wants the timer to be on.\n|\n|t:|1776446485\n|teamsize|p1|4\n|teamsize|p2|4\n|start\n|switch|p1a: Gengar|Gengar, L50, F, shiny|100/100\n|switch|p1b: Sneasler|Sneasler, L50, M|100/100\n|switch|p2a: Gengar|Gengar, L50, F|100/100\n|switch|p2b: Whimsicott|Whimsicott, L50, M|100/100\n|turn|1\n|\n|t:|1776446510\n|detailschange|p2a: Gengar|Gengar-Mega, L50, F\n|-mega|p2a: Gengar|Gengar|Gengarite\n|move|p2b: Whimsicott|Protect|p2b: Whimsicott\n|-singleturn|p2b: Whimsicott|Protect\n|move|p2a: Gengar|Protect|p2a: Gengar\n|-singleturn|p2a: Gengar|Protect\n|move|p1b: Sneasler|Fake Out|p2b: Whimsicott\n|-activate|p2b: Whimsicott|move: Protect\n|move|p1a: Gengar|Shadow Ball|p2a: Gengar\n|-activate|p2a: Gengar|move: Protect\n|\n|upkeep\n|turn|2\n|inactive|Jegueperneta has 30 seconds left.\n|\n|t:|1776446539\n|move|p2b: Whimsicott|Encore|p1b: Sneasler\n|-start|p1b: Sneasler|Encore\n|move|p1b: Sneasler|Fake Out||[still]\n|-hint|Fake Out only works on your first turn out.\n|-fail|p1b: Sneasler\n|move|p2a: Gengar|Shadow Ball|p1a: Gengar\n|-supereffective|p1a: Gengar|1\n|-enditem|p1a: Gengar|Focus Sash\n|-damage|p1a: Gengar|1/100\n|move|p1a: Gengar|Shadow Ball|p2a: Gengar\n|-supereffective|p2a: Gengar|1\n|-damage|p2a: Gengar|0 fnt\n|faint|p2a: Gengar\n|\n|upkeep\n|\n|t:|1776446556\n|switch|p2a: Incineroar|Incineroar, L50, F|100/100\n|-ability|p2a: Incineroar|Intimidate|boost\n|-unboost|p1a: Gengar|atk|1\n|-unboost|p1b: Sneasler|atk|1\n|-enditem|p1b: Sneasler|White Herb\n|-clearnegativeboost|p1b: Sneasler|[silent]\n|turn|3\n|\n|t:|1776446573\n|switch|p1b: Gardevoir|Gardevoir, L50, M|100/100\n|-ability|p1b: Gardevoir|Prankster|Trace|[from] ability: Trace|[of] p2b: Whimsicott\n|move|p2b: Whimsicott|Tailwind|p2b: Whimsicott\n|-sidestart|p2: Jegueperneta|move: Tailwind\n|move|p1a: Gengar|Destiny Bond|p1a: Gengar\n|-singlemove|p1a: Gengar|Destiny Bond\n|move|p2a: Incineroar|Throat Chop|p1a: Gengar\n|-supereffective|p1a: Gengar|1\n|-damage|p1a: Gengar|0 fnt\n|faint|p1a: Gengar\n|-activate|p1a: Gengar|move: Destiny Bond\n|faint|p2a: Incineroar\n|\n|upkeep\n|\n|t:|1776446587\n|switch|p1a: Sneasler|Sneasler, L50, M|100/100\n|switch|p2a: Rotom|Rotom-Wash, L50|100/100\n|turn|4\n|\n|t:|1776446602\n|move|p2b: Whimsicott|Protect|p2b: Whimsicott\n|-singleturn|p2b: Whimsicott|Protect\n|move|p2a: Rotom|Protect|p2a: Rotom\n|-singleturn|p2a: Rotom|Protect\n|move|p1a: Sneasler|Dire Claw|p2b: Whimsicott\n|-activate|p2b: Whimsicott|move: Protect\n|move|p1b: Gardevoir|Mystical Fire|p2a: Rotom\n|-activate|p2a: Rotom|move: Protect\n|\n|upkeep\n|turn|5\n|\n|t:|1776446614\n|move|p2b: Whimsicott|Moonblast|p1b: Gardevoir\n|-damage|p1b: Gardevoir|61/100\n|move|p2a: Rotom|Will-O-Wisp|p1a: Sneasler\n|-status|p1a: Sneasler|brn\n|move|p1a: Sneasler|Dire Claw|p2b: Whimsicott\n|-supereffective|p2b: Whimsicott|2\n|-enditem|p2b: Whimsicott|Focus Sash\n|-damage|p2b: Whimsicott|1/100\n|move|p1b: Gardevoir|Mystical Fire|p2b: Whimsicott\n|-supereffective|p2b: Whimsicott|1\n|-damage|p2b: Whimsicott|0 fnt\n|faint|p2b: Whimsicott\n|\n|-damage|p1a: Sneasler|95/100 brn|[from] brn\n|upkeep\n|turn|6\n|\n|t:|1776446631\n|move|p2a: Rotom|Hydro Pump|p1b: Gardevoir\n|-damage|p1b: Gardevoir|17/100\n|-enditem|p1b: Gardevoir|Sitrus Berry|[eat]\n|-heal|p1b: Gardevoir|42/100|[from] item: Sitrus Berry\n|move|p1a: Sneasler|Dire Claw|p2a: Rotom\n|-damage|p2a: Rotom|81/100\n|move|p1b: Gardevoir|Mystical Fire|p2a: Rotom\n|-resisted|p2a: Rotom|1\n|-damage|p2a: Rotom|67/100\n|-unboost|p2a: Rotom|spa|1\n|\n|-damage|p1a: Sneasler|89/100 brn|[from] brn\n|-sideend|p2: Jegueperneta|move: Tailwind\n|upkeep\n|turn|7\n|\n|t:|1776446643\n|move|p1a: Sneasler|Dire Claw|p2a: Rotom\n|-damage|p2a: Rotom|49/100\n|-status|p2a: Rotom|psn\n|-enditem|p2a: Rotom|Sitrus Berry|[eat]\n|-heal|p2a: Rotom|74/100 psn|[from] item: Sitrus Berry\n|move|p1b: Gardevoir|Mystical Fire|p2a: Rotom\n|-resisted|p2a: Rotom|1\n|-damage|p2a: Rotom|58/100 psn\n|-unboost|p2a: Rotom|spa|1\n|move|p2a: Rotom|Thunderbolt|p1b: Gardevoir\n|-damage|p1b: Gardevoir|23/100\n|\n|-damage|p2a: Rotom|46/100 psn|[from] psn\n|-damage|p1a: Sneasler|83/100 brn|[from] brn\n|upkeep\n|turn|8\n|-message|Jegueperneta forfeited.\n|\n|win|penledzuu\n|raw|penledzuu's rating: 1180 &rarr; <strong>1199</strong><br />(+19 for winning)\n|raw|Jegueperneta's rating: 1095 &rarr; <strong>1077</strong><br />(-18 for losing)\n|l|\u2606Jegueperneta\n|player|p2|\n",
  "uploadtime": 1776446663,
  "views": 19,
  "formatid": "gen9championsvgc2026regma",
  "rating": 1077,
  "private": 0,
  "password": null
}