{
  "id": "gen9championsvgc2026regma-2586450790",
  "format": "[Gen 9 Champions] VGC 2026 Reg M-A",
  "players": [
    "mateobosques",
    "TYB - Talan"
  ],
  "log": "|j|\u2606mateobosques\n|j|\u2606TYB - Talan\n|t:|1776435555\n|gametype|doubles\n|player|p1|mateobosques|iris-gen5bw2|1112\n|player|p2|TYB - Talan|linebacker|1105\n|gen|9\n|tier|[Gen 9 Champions] VGC 2026 Reg M-A\n|rated|\n|rule|Species Clause: Limit one of each Pok\u00e9mon\n|rule|Item Clause: Limit 1 of each item\n|clearpoke\n|poke|p1|Golurk, L50|\n|poke|p1|Talonflame, L50, M|\n|poke|p1|Vanilluxe, L50, F|\n|poke|p1|Clefable, L50, M|\n|poke|p1|Avalugg, L50, M|\n|poke|p1|Milotic, L50, M|\n|poke|p2|Gengar, L50, F|\n|poke|p2|Incineroar, L50, M|\n|poke|p2|Sinistcha, L50|\n|poke|p2|Tyranitar, L50, M|\n|poke|p2|Kingambit, L50, F|\n|poke|p2|Sneasler, L50, M|\n|teampreview|4\n|inactive|Battle timer is ON: inactive players will automatically lose when time's up. (requested by TYB - Talan)\n|\n|t:|1776435584\n|teamsize|p1|4\n|teamsize|p2|4\n|start\n|switch|p1a: Talonflame|Talonflame, L50, M|100/100\n|switch|p1b: Avalugg|Avalugg, L50, M|100/100\n|switch|p2a: Incineroar|Incineroar, L50, M|100/100\n|switch|p2b: Sneasler|Sneasler, L50, M|100/100\n|-ability|p2a: Incineroar|Intimidate|boost\n|-unboost|p1a: Talonflame|atk|1\n|-unboost|p1b: Avalugg|atk|1\n|turn|1\n|\n|t:|1776435609\n|switch|p1a: Golurk|Golurk, L50|100/100\n|move|p2b: Sneasler|Fake Out|p1a: Golurk\n|-immune|p1a: Golurk\n|move|p2a: Incineroar|Fake Out|p1b: Avalugg\n|-damage|p1b: Avalugg|95/100\n|cant|p1b: Avalugg|flinch\n|\n|-heal|p1b: Avalugg|100/100|[from] item: Leftovers\n|upkeep\n|turn|2\n|\n|t:|1776435630\n|move|p2b: Sneasler|Close Combat|p1b: Avalugg\n|-supereffective|p1b: Avalugg|1\n|-damage|p1b: Avalugg|29/100\n|-unboost|p2b: Sneasler|def|1\n|-unboost|p2b: Sneasler|spd|1\n|-enditem|p2b: Sneasler|White Herb\n|-clearnegativeboost|p2b: Sneasler|[silent]\n|move|p2a: Incineroar|Parting Shot|p1a: Golurk\n|-unboost|p1a: Golurk|atk|1\n|-unboost|p1a: Golurk|spa|1\n|\n|t:|1776435639\n|switch|p2a: Tyranitar|Tyranitar, L50, M|100/100|[from] Parting Shot\n|-weather|Sandstorm|[from] ability: Sand Stream|[of] p2a: Tyranitar\n|move|p1a: Golurk|Headlong Rush|p2b: Sneasler\n|-supereffective|p2b: Sneasler|1\n|-damage|p2b: Sneasler|0 fnt\n|-unboost|p1a: Golurk|def|1\n|-unboost|p1a: Golurk|spd|1\n|faint|p2b: Sneasler\n|move|p1b: Avalugg|Body Press|p2a: Tyranitar\n|-supereffective|p2a: Tyranitar|2\n|-damage|p2a: Tyranitar|0 fnt\n|faint|p2a: Tyranitar\n|\n|-weather|Sandstorm|[upkeep]\n|-damage|p1b: Avalugg|23/100|[from] Sandstorm\n|-heal|p1b: Avalugg|29/100|[from] item: Leftovers\n|upkeep\n|\n|t:|1776435652\n|switch|p2b: Incineroar|Incineroar, L50, M|100/100\n|switch|p2a: Sinistcha|Sinistcha, L50|100/100\n|-ability|p2b: Incineroar|Intimidate|boost\n|-unboost|p1a: Golurk|atk|1\n|-unboost|p1b: Avalugg|atk|1\n|turn|3\n|\n|t:|1776435663\n|switch|p1a: Vanilluxe|Vanilluxe, L50, F|100/100\n|-weather|Snowscape|[from] ability: Snow Warning|[of] p1a: Vanilluxe\n|move|p2b: Incineroar|Fake Out|p1b: Avalugg\n|-damage|p1b: Avalugg|25/100\n|move|p2a: Sinistcha|Matcha Gotcha|p1b: Avalugg|[spread] p1a,p1b\n|-damage|p1a: Vanilluxe|55/100\n|-damage|p1b: Avalugg|0 fnt\n|faint|p1b: Avalugg\n|\n|-weather|Snowscape|[upkeep]\n|upkeep\n|\n|t:|1776435668\n|switch|p1b: Talonflame|Talonflame, L50, M|100/100\n|turn|4\n|\n|t:|1776435686\n|move|p1b: Talonflame|Dual Wingbeat|p2a: Sinistcha\n|-supereffective|p2a: Sinistcha|1\n|-damage|p2a: Sinistcha|64/100\n|-supereffective|p2a: Sinistcha|1\n|-damage|p2a: Sinistcha|31/100\n|-enditem|p2a: Sinistcha|Sitrus Berry|[eat]\n|-heal|p2a: Sinistcha|55/100|[from] item: Sitrus Berry\n|-hitcount|p2a: Sinistcha|2\n|move|p1a: Vanilluxe|Blizzard|p2a: Sinistcha|[spread] p2a,p2b\n|-supereffective|p2a: Sinistcha|1\n|-resisted|p2b: Incineroar|1\n|-crit|p2b: Incineroar\n|-damage|p2a: Sinistcha|0 fnt\n|-damage|p2b: Incineroar|66/100\n|faint|p2a: Sinistcha\n|move|p2b: Incineroar|Flare Blitz|p1a: Vanilluxe\n|-supereffective|p1a: Vanilluxe|1\n|-damage|p1a: Vanilluxe|0 fnt\n|faint|p1a: Vanilluxe\n|-damage|p2b: Incineroar|51/100|[from] Recoil\n|\n|-weather|Snowscape|[upkeep]\n|upkeep\n|\n|t:|1776435695\n|switch|p1a: Golurk|Golurk, L50|100/100\n|turn|5\n|\n|t:|1776435703\n|detailschange|p1a: Golurk|Golurk-Mega, L50\n|-mega|p1a: Golurk|Golurk|Golurkite\n|move|p1b: Talonflame|Dual Wingbeat|p2b: Incineroar\n|-damage|p2b: Incineroar|30/100\n|-damage|p2b: Incineroar|9/100\n|-hitcount|p2b: Incineroar|2\n|move|p2b: Incineroar|Darkest Lariat|p1a: Golurk\n|-supereffective|p1a: Golurk|1\n|-damage|p1a: Golurk|13/100\n|move|p1a: Golurk|Headlong Rush|p2b: Incineroar\n|-supereffective|p2b: Incineroar|1\n|-enditem|p2b: Incineroar|Shuca Berry|[eat]\n|-enditem|p2b: Incineroar|Shuca Berry|[weaken]\n|-damage|p2b: Incineroar|0 fnt\n|-unboost|p1a: Golurk|def|1\n|-unboost|p1a: Golurk|spd|1\n|faint|p2b: Incineroar\n|\n|win|mateobosques\n|raw|mateobosques's rating: 1112 &rarr; <strong>1136</strong><br />(+24 for winning)\n|raw|TYB - Talan's rating: 1105 &rarr; <strong>1081</strong><br />(-24 for losing)\n|l|\u2606TYB - Talan\n|player|p2|\n",
  "uploadtime": 1776435725,
  "views": 21,
  "formatid": "gen9championsvgc2026regma",
  "rating": 1081,
  "private": 0,
  "password": null
}