{
  "id": "gen9championsvgc2026regma-2584977296",
  "format": "[Gen 9 Champions] VGC 2026 Reg M-A",
  "players": [
    "McCoop",
    "Katarantaduhan"
  ],
  "log": "|j|\u2606McCoop\n|j|\u2606Katarantaduhan\n|t:|1776299950\n|gametype|doubles\n|player|p1|McCoop|266|1062\n|player|p2|Katarantaduhan|nate|1062\n|gen|9\n|tier|[Gen 9 Champions] VGC 2026 Reg M-A\n|rated|\n|rule|Species Clause: Limit one of each Pok\u00e9mon\n|rule|Item Clause: Limit 1 of each item\n|clearpoke\n|poke|p1|Gengar, L50, F|\n|poke|p1|Volcarona, L50, F|\n|poke|p1|Weavile, L50, M|\n|poke|p1|Rotom-Wash, L50|\n|poke|p1|Whimsicott, L50, M|\n|poke|p1|Dragapult, L50, F|\n|poke|p2|Charizard, L50, F|\n|poke|p2|Basculegion, L50, M|\n|poke|p2|Incineroar, L50, M|\n|poke|p2|Garchomp, L50, F|\n|poke|p2|Hippowdon, L50, M|\n|poke|p2|Leafeon, L50, M|\n|teampreview|4\n|\n|t:|1776300033\n|teamsize|p1|4\n|teamsize|p2|4\n|start\n|switch|p1a: Volcarona|Volcarona, L50, F|100/100\n|switch|p1b: Weavile|Weavile, L50, M|100/100\n|switch|p2a: Basculegion|Basculegion, L50, M, shiny|100/100\n|switch|p2b: Incineroar|Incineroar, L50, M|100/100\n|-ability|p2b: Incineroar|Intimidate|boost\n|-unboost|p1a: Volcarona|atk|1\n|-unboost|p1b: Weavile|atk|1\n|turn|1\n|\n|t:|1776300059\n|move|p1b: Weavile|Fake Out|p2b: Incineroar\n|-damage|p2b: Incineroar|91/100\n|cant|p2b: Incineroar|flinch\n|move|p1a: Volcarona|Quiver Dance|p1a: Volcarona\n|-boost|p1a: Volcarona|spa|1\n|-boost|p1a: Volcarona|spd|1\n|-boost|p1a: Volcarona|spe|1\n|move|p2a: Basculegion|Liquidation|p1a: Volcarona\n|-supereffective|p1a: Volcarona|1\n|-enditem|p1a: Volcarona|Passho Berry|[eat]\n|-enditem|p1a: Volcarona|Passho Berry|[weaken]\n|-damage|p1a: Volcarona|48/100\n|-status|p2a: Basculegion|brn|[from] ability: Flame Body|[of] p1a: Volcarona\n|\n|-damage|p2a: Basculegion|95/100 brn|[from] brn\n|upkeep\n|turn|2\n|\n|t:|1776300093\n|switch|p1b: Dragapult|Dragapult, L50, F|100/100\n|move|p2a: Basculegion|Aqua Jet|p1a: Volcarona\n|-supereffective|p1a: Volcarona|1\n|-damage|p1a: Volcarona|19/100\n|move|p1a: Volcarona|Giga Drain|p2a: Basculegion\n|-supereffective|p2a: Basculegion|1\n|-damage|p2a: Basculegion|28/100 brn\n|-heal|p1a: Volcarona|62/100|[from] drain|[of] p2a: Basculegion\n|move|p2b: Incineroar|Parting Shot|p1a: Volcarona\n|-unboost|p1a: Volcarona|atk|1\n|-unboost|p1a: Volcarona|spa|1\n|\n|t:|1776300112\n|switch|p2b: Leafeon|Leafeon, L50, M|100/100|[from] Parting Shot\n|\n|-damage|p2a: Basculegion|23/100 brn|[from] brn\n|upkeep\n|turn|3\n|\n|t:|1776300128\n|switch|p2b: Incineroar|Incineroar, L50, M|91/100\n|-ability|p2b: Incineroar|Intimidate|boost\n|-unboost|p1a: Volcarona|atk|1\n|-fail|p1b: Dragapult|unboost|[from] ability: Clear Body|[of] p1b: Dragapult\n|move|p2a: Basculegion|Aqua Jet|p1a: Volcarona\n|-supereffective|p1a: Volcarona|1\n|-damage|p1a: Volcarona|35/100\n|move|p1b: Dragapult|Dragon Darts|p2a: Basculegion\n|-damage|p2a: Basculegion|0 fnt\n|-anim|p1b: Dragapult|Dragon Darts|p2b: Incineroar\n|-damage|p2b: Incineroar|66/100\n|faint|p2a: Basculegion\n|move|p1a: Volcarona|Fiery Dance|p2b: Incineroar\n|-resisted|p2b: Incineroar|1\n|-damage|p2b: Incineroar|52/100\n|-boost|p1a: Volcarona|spa|1\n|\n|upkeep\n|\n|t:|1776300145\n|switch|p2a: Charizard|Charizard, L50, F, shiny|100/100\n|turn|4\n|\n|t:|1776300157\n|move|p2b: Incineroar|Fake Out|p1a: Volcarona\n|-damage|p1a: Volcarona|22/100\n|-heal|p2b: Incineroar|53/100|[from] item: Shell Bell|[of] p1a: Volcarona\n|move|p1b: Dragapult|Dragon Darts|p2a: Charizard\n|-damage|p2a: Charizard|63/100\n|-anim|p1b: Dragapult|Dragon Darts|p2b: Incineroar\n|-damage|p2b: Incineroar|26/100\n|cant|p1a: Volcarona|flinch\n|move|p2a: Charizard|Scorching Sands|p1a: Volcarona\n|-damage|p1a: Volcarona|8/100\n|\n|upkeep\n|turn|5\n|\n|t:|1776300176\n|move|p1b: Dragapult|Dragon Darts|p2a: Charizard\n|-damage|p2a: Charizard|24/100\n|-anim|p1b: Dragapult|Dragon Darts|p2b: Incineroar\n|-damage|p2b: Incineroar|0 fnt\n|faint|p2b: Incineroar\n|move|p1a: Volcarona|Fiery Dance|p2a: Charizard\n|-resisted|p2a: Charizard|1\n|-damage|p2a: Charizard|0 fnt\n|faint|p2a: Charizard\n|\n|upkeep\n|\n|t:|1776300188\n|switch|p2a: Leafeon|Leafeon, L50, M|100/100\n|turn|6\n|\n|t:|1776300194\n|move|p1b: Dragapult|Dragon Darts|p2a: Leafeon\n|-damage|p2a: Leafeon|78/100\n|-anim|p1b: Dragapult|Dragon Darts|p2a: Leafeon\n|-damage|p2a: Leafeon|53/100\n|move|p1a: Volcarona|Fiery Dance|p2a: Leafeon\n|-supereffective|p2a: Leafeon|1\n|-damage|p2a: Leafeon|0 fnt\n|-boost|p1a: Volcarona|spa|1\n|faint|p2a: Leafeon\n|\n|win|McCoop\n|raw|McCoop's rating: 1062 &rarr; <strong>1093</strong><br />(+31 for winning)\n|raw|Katarantaduhan's rating: 1062 &rarr; <strong>1043</strong><br />(-19 for losing)\n|l|\u2606Katarantaduhan\n|player|p2|\n",
  "uploadtime": 1776300208,
  "views": 17,
  "formatid": "gen9championsvgc2026regma",
  "rating": 1043,
  "private": 0,
  "password": null
}