{
  "id": "gen9championsvgc2026regma-2585092541",
  "format": "[Gen 9 Champions] VGC 2026 Reg M-A",
  "players": [
    "Juave",
    "deo100"
  ],
  "log": "|j|\u2606Juave\n|j|\u2606deo100\n|t:|1776310935\n|gametype|doubles\n|player|p1|Juave|waitress-gen4|1098\n|player|p2|deo100|2|1000\n|gen|9\n|tier|[Gen 9 Champions] VGC 2026 Reg M-A\n|rated|\n|rule|Species Clause: Limit one of each Pok\u00e9mon\n|rule|Item Clause: Limit 1 of each item\n|clearpoke\n|poke|p1|Venusaur, L50, F|\n|poke|p1|Incineroar, L50, F|\n|poke|p1|Sneasler, L50, F|\n|poke|p1|Gengar, L50, F|\n|poke|p1|Weavile, L50, F|\n|poke|p1|Whimsicott, L50, F|\n|poke|p2|Meganium, L50, M|\n|poke|p2|Kangaskhan, L50, F|\n|poke|p2|Aerodactyl, L50, F|\n|poke|p2|Typhlosion-Hisui, L50, M|\n|poke|p2|Archaludon, L50, F|\n|poke|p2|Tauros-Paldea-Aqua, L50, M|\n|teampreview|4\n|inactive|Battle timer is ON: inactive players will automatically lose when time's up. (requested by Juave)\nJuave rejected open team sheets.\n|inactive|Juave has 60 seconds left.\n|inactive|deo100 has 60 seconds left.\n|\n|t:|1776310976\n|teamsize|p1|4\n|teamsize|p2|4\n|start\n|switch|p1a: Incineroar|Incineroar, L50, F|100/100\n|switch|p1b: Gengar|Gengar, L50, F|100/100\n|switch|p2a: Kangaskhan|Kangaskhan, L50, F|100/100\n|switch|p2b: Aerodactyl|Aerodactyl, L50, F|100/100\n|-ability|p2b: Aerodactyl|Unnerve\n|-ability|p1a: Incineroar|Intimidate|boost\n|-fail|p2a: Kangaskhan|unboost|Attack|[from] ability: Scrappy|[of] p2a: Kangaskhan\n|-unboost|p2b: Aerodactyl|atk|1\n|turn|1\n|\n|t:|1776310993\n|move|p2a: Kangaskhan|Fake Out|p1b: Gengar\n|-damage|p1b: Gengar|67/100\n|-start|p2a: Kangaskhan|Disable|Fake Out|[from] ability: Cursed Body|[of] p1b: Gengar\n|move|p1a: Incineroar|Fake Out|p2b: Aerodactyl\n|-resisted|p2b: Aerodactyl|1\n|-damage|p2b: Aerodactyl|92/100\n|cant|p2b: Aerodactyl|flinch\n|cant|p1b: Gengar|flinch\n|\n|upkeep\n|turn|2\n|inactive|deo100 has 30 seconds left.\n|inactive|deo100 has 20 seconds left.\n|inactive|deo100 has 15 seconds left.\n|inactive|deo100 has 10 seconds left.\n|inactive|deo100 has 5 seconds left.\n|\n|t:|1776311048\n|switch|p1a: Weavile|Weavile, L50, F|100/100\n|-ability|p1a: Weavile|Pressure\n|move|p1b: Gengar|Protect|p1b: Gengar\n|-singleturn|p1b: Gengar|Protect\n|move|p2a: Kangaskhan|Sucker Punch||[still]\n|-fail|p2a: Kangaskhan\n|move|p2b: Aerodactyl|Tailwind|p2b: Aerodactyl\n|-sidestart|p2: deo100|move: Tailwind\n|\n|upkeep\n|turn|3\n|inactive|deo100 has 30 seconds left.\n|inactive|deo100 has 20 seconds left.\n|inactive|deo100 has 15 seconds left.\n|inactive|deo100 has 10 seconds left.\n|inactive|deo100 has 5 seconds left.\n|\n|t:|1776311103\n|move|p1a: Weavile|Fake Out|p2a: Kangaskhan\n|-damage|p2a: Kangaskhan|85/100\n|cant|p2a: Kangaskhan|flinch\n|move|p2b: Aerodactyl|Tailwind||[still]\n|-fail|p2b: Aerodactyl\n|move|p1b: Gengar|Perish Song|p1b: Gengar\n|-start|p1a: Weavile|perish3|[silent]\n|-start|p1b: Gengar|perish3|[silent]\n|-start|p2a: Kangaskhan|perish3|[silent]\n|-start|p2b: Aerodactyl|perish3|[silent]\n|-fieldactivate|move: Perish Song\n|\n|-start|p2b: Aerodactyl|perish3\n|-start|p2a: Kangaskhan|perish3\n|-start|p1a: Weavile|perish3\n|-start|p1b: Gengar|perish3\n|upkeep\n|turn|4\n|inactive|deo100 has 30 seconds left.\n|inactive|deo100 has 20 seconds left.\n|inactive|deo100 has 15 seconds left.\n|inactive|deo100 has 10 seconds left.\n|inactive|deo100 has 5 seconds left.\n|\n|t:|1776311158\n|switch|p1a: Incineroar|Incineroar, L50, F|100/100\n|-ability|p1a: Incineroar|Intimidate|boost\n|-fail|p2a: Kangaskhan|unboost|Attack|[from] ability: Scrappy|[of] p2a: Kangaskhan\n|-unboost|p2b: Aerodactyl|atk|1\n|detailschange|p1b: Gengar|Gengar-Mega, L50, F\n|-mega|p1b: Gengar|Gengar|Gengarite\n|move|p1b: Gengar|Protect|p1b: Gengar\n|-singleturn|p1b: Gengar|Protect\n|move|p2a: Kangaskhan|Sucker Punch||[still]\n|-fail|p2a: Kangaskhan\n|move|p2b: Aerodactyl|Tailwind||[still]\n|-fail|p2b: Aerodactyl\n|\n|-end|p2a: Kangaskhan|Disable\n|-start|p2b: Aerodactyl|perish2\n|-start|p2a: Kangaskhan|perish2\n|-start|p1b: Gengar|perish2\n|upkeep\n|turn|5\n|inactive|deo100 has 30 seconds left.\n|inactive|deo100 has 20 seconds left.\n|inactive|deo100 has 15 seconds left.\n|inactive|deo100 has 10 seconds left.\n|inactive|deo100 has 5 seconds left.\n|\n|t:|1776311213\n|switch|p1b: Weavile|Weavile, L50, F|100/100\n|-ability|p1b: Weavile|Pressure\n|move|p2a: Kangaskhan|Sucker Punch||[still]\n|-fail|p2a: Kangaskhan\n|move|p2b: Aerodactyl|Tailwind||[still]\n|-fail|p2b: Aerodactyl\n|move|p1a: Incineroar|Parting Shot|p2a: Kangaskhan\n|-unboost|p2a: Kangaskhan|atk|1\n|-unboost|p2a: Kangaskhan|spa|1\n|\n|t:|1776311217\n|switch|p1a: Gengar|Gengar-Mega, L50, F|67/100|[from] Parting Shot\n|\n|-start|p2b: Aerodactyl|perish1\n|-start|p2a: Kangaskhan|perish1\n|-sideend|p2: deo100|move: Tailwind\n|upkeep\n|turn|6\n|inactive|deo100 has 30 seconds left.\n|inactive|deo100 has 20 seconds left.\n|inactive|deo100 has 15 seconds left.\n|inactive|deo100 has 10 seconds left.\n|inactive|deo100 has 5 seconds left.\n|\n|t:|1776311272\n|move|p1a: Gengar|Protect|p1a: Gengar\n|-singleturn|p1a: Gengar|Protect\n|move|p1b: Weavile|Fake Out|p2b: Aerodactyl\n|-resisted|p2b: Aerodactyl|1\n|-damage|p2b: Aerodactyl|81/100\n|move|p2a: Kangaskhan|Sucker Punch||[still]\n|-fail|p2a: Kangaskhan\n|cant|p2b: Aerodactyl|flinch\n|\n|-start|p2b: Aerodactyl|perish0\n|-start|p2a: Kangaskhan|perish0\n|faint|p2b: Aerodactyl\n|faint|p2a: Kangaskhan\n|upkeep\n|inactive|deo100 has 30 seconds left.\n|inactive|deo100 has 20 seconds left.\n|inactive|deo100 has 15 seconds left.\n|inactive|deo100 has 10 seconds left.\n|inactive|deo100 has 5 seconds left.\n|\n|t:|1776311327\n|switch|p2b: Archaludon|Archaludon, L50, F|100/100\n|switch|p2a: Typhlosion|Typhlosion-Hisui, L50, M|100/100\n|-item|p1a: Gengar|Gengarite|[from] ability: Frisk|[of] p2a: Typhlosion\n|-item|p1b: Weavile|Focus Sash|[from] ability: Frisk|[of] p2a: Typhlosion\n|turn|7\n|inactive|deo100 has 30 seconds left.\n|inactive|deo100 has 20 seconds left.\n|inactive|deo100 has 15 seconds left.\n|inactive|deo100 has 10 seconds left.\n|inactive|deo100 has 5 seconds left.\n|\n|t:|1776311382\n|move|p2b: Archaludon|Protect|p2b: Archaludon\n|-singleturn|p2b: Archaludon|Protect\n|move|p2a: Typhlosion|Heat Wave|p1b: Weavile|[spread] p1a,p1b\n|-supereffective|p1b: Weavile|1\n|-damage|p1a: Gengar|14/100\n|-enditem|p1b: Weavile|Focus Sash\n|-damage|p1b: Weavile|1/100\n|-status|p1b: Weavile|brn\n|move|p1b: Weavile|Knock Off|p2a: Typhlosion\n|-supereffective|p2a: Typhlosion|1\n|-damage|p2a: Typhlosion|26/100\n|-enditem|p2a: Typhlosion|Choice Scarf|[from] move: Knock Off|[of] p1b: Weavile\n|move|p1a: Gengar|Perish Song|p1a: Gengar\n|-start|p1a: Gengar|perish3|[silent]\n|-start|p1b: Weavile|perish3|[silent]\n|-start|p2a: Typhlosion|perish3|[silent]\n|-start|p2b: Archaludon|perish3|[silent]\n|-fieldactivate|move: Perish Song\n|\n|-damage|p1b: Weavile|0 fnt|[from] brn\n|faint|p1b: Weavile\n|-start|p1a: Gengar|perish3\n|-start|p2a: Typhlosion|perish3\n|-start|p2b: Archaludon|perish3\n|upkeep\n|\n|t:|1776311396\n|switch|p1b: Incineroar|Incineroar, L50, F|100/100\n|-ability|p1b: Incineroar|Intimidate|boost\n|-unboost|p2a: Typhlosion|atk|1\n|-unboost|p2b: Archaludon|atk|1\n|turn|8\n|inactive|deo100 has 20 seconds left this turn.\n|inactive|deo100 has 15 seconds left.\n|inactive|deo100 has 10 seconds left.\n|inactive|deo100 has 5 seconds left.\n|-message|deo100 lost due to inactivity.\n|\n|win|Juave\n|raw|Juave's rating: 1098 &rarr; <strong>1116</strong><br />(+18 for winning)\n|raw|deo100's rating: 1000 &rarr; <strong>1000</strong><br />(+0 for losing)\n|l|\u2606Juave\n|player|p1|\n|j|\u2606Juave\n|player|p1|Juave|waitress-gen4|\n",
  "uploadtime": 1776311517,
  "views": 39,
  "formatid": "gen9championsvgc2026regma",
  "rating": 1000,
  "private": 0,
  "password": null
}