{
  "id": "gen9championsvgc2026regma-2587116559",
  "format": "[Gen 9 Champions] VGC 2026 Reg M-A",
  "players": [
    "DrakyPana",
    "Telerath"
  ],
  "log": "|j|\u2606DrakyPana\n|j|\u2606Telerath\n|t:|1776495726\n|gametype|doubles\n|player|p1|DrakyPana|n|1244\n|player|p2|Telerath|265|1171\n|gen|9\n|tier|[Gen 9 Champions] VGC 2026 Reg M-A\n|rated|\n|rule|Species Clause: Limit one of each Pok\u00e9mon\n|rule|Item Clause: Limit 1 of each item\n|clearpoke\n|poke|p1|Sneasler, L50, F|\n|poke|p1|Kingambit, L50, M|\n|poke|p1|Incineroar, L50, F|\n|poke|p1|Basculegion, L50, M|\n|poke|p1|Froslass, L50, F|\n|poke|p1|Sinistcha, L50|\n|poke|p2|Floette-Eternal, L50, F|\n|poke|p2|Delphox, L50, F|\n|poke|p2|Aerodactyl, L50, M|\n|poke|p2|Garchomp, L50, F|\n|poke|p2|Maushold, L50|\n|poke|p2|Incineroar, L50, F|\n|teampreview|4\n|inactive|Battle timer is ON: inactive players will automatically lose when time's up. (requested by Telerath)\n|inactive|DrakyPana has 60 seconds left.\n|inactive|Telerath has 60 seconds left.\n|inactive|DrakyPana has 30 seconds left.\n|inactive|DrakyPana has 20 seconds left.\n|\n|t:|1776495796\n|teamsize|p1|4\n|teamsize|p2|4\n|start\n|switch|p1a: Sneasler|Sneasler, L50, F|100/100\n|switch|p1b: Basculegion|Basculegion, L50, M|100/100\n|switch|p2a: Aerodactyl|Aerodactyl, L50, M|100/100\n|switch|p2b: Incineroar|Incineroar, L50, F|100/100\n|-ability|p2a: Aerodactyl|Unnerve\n|-ability|p2b: Incineroar|Intimidate|boost\n|-unboost|p1a: Sneasler|atk|1\n|-unboost|p1b: Basculegion|atk|1\n|turn|1\n|\n|t:|1776495811\n|move|p1a: Sneasler|Protect|p1a: Sneasler\n|-singleturn|p1a: Sneasler|Protect\n|move|p2b: Incineroar|Fake Out|p1a: Sneasler\n|-activate|p1a: Sneasler|move: Protect\n|move|p2a: Aerodactyl|Tailwind|p2a: Aerodactyl\n|-sidestart|p2: Telerath|move: Tailwind\n|move|p1b: Basculegion|Flip Turn|p2a: Aerodactyl\n|-supereffective|p2a: Aerodactyl|1\n|-crit|p2a: Aerodactyl\n|-enditem|p2a: Aerodactyl|Focus Sash\n|-damage|p2a: Aerodactyl|1/100\n|\n|t:|1776495822\n|switch|p1b: Incineroar|Incineroar, L50, F|100/100|[from] Flip Turn\n|-ability|p1b: Incineroar|Intimidate|boost\n|-unboost|p2a: Aerodactyl|atk|1\n|-unboost|p2b: Incineroar|atk|1\n|\n|upkeep\n|turn|2\n|\n|t:|1776495847\n|move|p1b: Incineroar|Fake Out|p2b: Incineroar\n|-damage|p2b: Incineroar|92/100\n|move|p2a: Aerodactyl|Dual Wingbeat|p1a: Sneasler\n|-supereffective|p1a: Sneasler|1\n|-damage|p1a: Sneasler|60/100\n|-supereffective|p1a: Sneasler|1\n|-damage|p1a: Sneasler|18/100\n|-hitcount|p1a: Sneasler|2\n|move|p1a: Sneasler|Dire Claw|p2a: Aerodactyl\n|-resisted|p2a: Aerodactyl|1\n|-damage|p2a: Aerodactyl|0 fnt\n|faint|p2a: Aerodactyl\n|cant|p2b: Incineroar|flinch\n|\n|upkeep\n|\n|t:|1776495865\n|switch|p2a: Floette|Floette-Eternal, L50, F|100/100\n|turn|3\n|inactive|DrakyPana has 30 seconds left.\n|\n|t:|1776495899\n|switch|p1a: Basculegion|Basculegion, L50, M|100/100\n|detailschange|p2a: Floette|Floette-Mega, L50, F\n|-mega|p2a: Floette|Floette|Floettite\n|-ability|p2a: Floette|Fairy Aura\n|move|p2a: Floette|Dazzling Gleam|p1b: Incineroar|[spread] p1a,p1b\n|-damage|p1a: Basculegion|40/100\n|-damage|p1b: Incineroar|66/100\n|move|p2b: Incineroar|Flare Blitz|p1b: Incineroar\n|-resisted|p1b: Incineroar|1\n|-damage|p1b: Incineroar|51/100\n|-damage|p2b: Incineroar|87/100|[from] Recoil\n|move|p1b: Incineroar|Parting Shot|p2a: Floette\n|-unboost|p2a: Floette|atk|1\n|-unboost|p2a: Floette|spa|1\n|\n|t:|1776495911\n|switch|p1b: Sneasler|Sneasler, L50, F|18/100|[from] Parting Shot\n|\n|upkeep\n|turn|4\n|inactive|Telerath has 30 seconds left.\n|inactive|Telerath has 20 seconds left.\n|inactive|Telerath has 15 seconds left.\n|inactive|Telerath has 10 seconds left.\n|inactive|Telerath has 5 seconds left.\n|\n|t:|1776495962\n|switch|p1a: Incineroar|Incineroar, L50, F|51/100\n|-ability|p1a: Incineroar|Intimidate|boost\n|-unboost|p2a: Floette|atk|1\n|-unboost|p2b: Incineroar|atk|1\n|move|p1b: Sneasler|Protect|p1b: Sneasler\n|-singleturn|p1b: Sneasler|Protect\n|move|p2a: Floette|Dazzling Gleam|p1a: Incineroar|[spread] p1a\n|-activate|p1b: Sneasler|move: Protect\n|-damage|p1a: Incineroar|26/100\n|move|p2b: Incineroar|Throat Chop|p1a: Incineroar\n|-resisted|p1a: Incineroar|1\n|-damage|p1a: Incineroar|19/100\n|-start|p1a: Incineroar|Throat Chop|[silent]\n|\n|-sideend|p2: Telerath|move: Tailwind\n|upkeep\n|turn|5\n|inactive|DrakyPana has 30 seconds left.\n|\n|t:|1776495993\n|switch|p2a: Garchomp|Garchomp, L50, F|100/100\n|move|p1a: Incineroar|Fake Out|p2b: Incineroar\n|-damage|p2b: Incineroar|79/100\n|move|p1b: Sneasler|Dire Claw|p2a: Garchomp\n|-resisted|p2a: Garchomp|1\n|-damage|p2a: Garchomp|82/100\n|-status|p2a: Garchomp|psn\n|-damage|p1b: Sneasler|6/100|[from] ability: Rough Skin|[of] p2a: Garchomp\n|cant|p2b: Incineroar|flinch\n|\n|-damage|p2a: Garchomp|70/100 psn|[from] psn\n|-end|p1a: Incineroar|Throat Chop|[silent]\n|upkeep\n|turn|6\n|inactive|DrakyPana has 30 seconds left.\n|inactive|Telerath has 30 seconds left.\n|inactive|DrakyPana has 20 seconds left.\n|inactive|Telerath has 20 seconds left.\n|inactive|DrakyPana has 15 seconds left.\n|inactive|Telerath has 15 seconds left.\n|inactive|Telerath has 10 seconds left.\n|inactive|Telerath has 5 seconds left.\n|\n|t:|1776496045\n|move|p1b: Sneasler|Protect|p1b: Sneasler\n|-singleturn|p1b: Sneasler|Protect\n|move|p2a: Garchomp|Earthquake|p1b: Sneasler|[spread] p2b,p1a\n|-activate|p1b: Sneasler|move: Protect\n|-supereffective|p2b: Incineroar|1\n|-crit|p2b: Incineroar\n|-supereffective|p1a: Incineroar|1\n|-enditem|p1a: Incineroar|Shuca Berry|[eat]\n|-enditem|p1a: Incineroar|Shuca Berry|[weaken]\n|-damage|p2b: Incineroar|0 fnt\n|-damage|p1a: Incineroar|0 fnt\n|faint|p2b: Incineroar\n|faint|p1a: Incineroar\n|\n|-damage|p2a: Garchomp|57/100 psn|[from] psn\n|upkeep\n|\n|t:|1776496066\n|switch|p1a: Froslass|Froslass, L50, F|100/100\n|switch|p2b: Floette|Floette-Mega, L50, F|100/100\n|-ability|p2b: Floette|Fairy Aura\n|turn|7\n|inactive|Telerath has 30 seconds left.\n|\n|t:|1776496096\n|detailschange|p1a: Froslass|Froslass-Mega, L50, F\n|-mega|p1a: Froslass|Froslass|Froslassite\n|-weather|Snowscape|[from] ability: Snow Warning|[of] p1a: Froslass\n|move|p2b: Floette|Protect|p2b: Floette\n|-singleturn|p2b: Floette|Protect\n|move|p1b: Sneasler|Dire Claw|p2b: Floette\n|-activate|p2b: Floette|move: Protect\n|move|p1a: Froslass|Aurora Veil|p1a: Froslass\n|-sidestart|p1: DrakyPana|move: Aurora Veil\n|move|p2a: Garchomp|Earthquake|p1a: Froslass|[spread] p1a,p1b\n|-activate|p2b: Floette|move: Protect\n|-supereffective|p1b: Sneasler|1\n|-damage|p1a: Froslass|70/100\n|-damage|p1b: Sneasler|0 fnt\n|faint|p1b: Sneasler\n|\n|-weather|Snowscape|[upkeep]\n|-damage|p2a: Garchomp|45/100 psn|[from] psn\n|upkeep\n|\n|t:|1776496108\n|switch|p1b: Basculegion|Basculegion, L50, M|40/100\n|turn|8\n|inactive|DrakyPana has 30 seconds left.\n|inactive|Telerath has 30 seconds left.\n|\n|t:|1776496142\n|move|p1b: Basculegion|Last Respects|p2b: Floette\n|-damage|p2b: Floette|0 fnt\n|faint|p2b: Floette\n|move|p1a: Froslass|Blizzard|p2a: Garchomp\n|-supereffective|p2a: Garchomp|2\n|-damage|p2a: Garchomp|0 fnt\n|faint|p2a: Garchomp\n|\n|win|DrakyPana\n|raw|DrakyPana's rating: 1244 &rarr; <strong>1264</strong><br />(+20 for winning)\n|raw|Telerath's rating: 1171 &rarr; <strong>1151</strong><br />(-20 for losing)\n",
  "uploadtime": 1776496142,
  "views": 15,
  "formatid": "gen9championsvgc2026regma",
  "rating": 1151,
  "private": 0,
  "password": null
}