{
  "id": "gen9championsvgc2026regma-2580977093",
  "format": "[Gen 9 Champions] VGC 2026 Reg M-A",
  "players": [
    "pokebizness",
    "happidoodledoo"
  ],
  "log": "|j|\u2606pokebizness\n|j|\u2606happidoodledoo\n|t:|1775948371\n|gametype|doubles\n|player|p1|pokebizness|firebreather|1292\n|player|p2|happidoodledoo|ghetsis|1382\n|gen|9\n|tier|[Gen 9 Champions] VGC 2026 Reg M-A\n|rated|\n|rule|Species Clause: Limit one of each Pok\u00e9mon\n|rule|Item Clause: Limit 1 of each item\n|clearpoke\n|poke|p1|Glimmora, L50, F|\n|poke|p1|Kommo-o, L50, F|\n|poke|p1|Whimsicott, L50, F|\n|poke|p1|Volcarona, L50, F|\n|poke|p1|Tyranitar, L50, F|\n|poke|p1|Basculegion, L50, M|\n|poke|p2|Starmie, L50|\n|poke|p2|Rotom-Mow, L50|\n|poke|p2|Archaludon, L50, M|\n|poke|p2|Sneasler, L50, F|\n|poke|p2|Pelipper, L50, M|\n|poke|p2|Incineroar, L50, M|\n|teampreview|4\n|inactive|Battle timer is ON: inactive players will automatically lose when time's up. (requested by pokebizness)\n|inactive|pokebizness has 60 seconds left.\n|inactive|happidoodledoo has 60 seconds left.\n|\n|t:|1775948421\n|teamsize|p1|4\n|teamsize|p2|4\n|start\n|switch|p1a: Kommo-o|Kommo-o, L50, F|100/100\n|switch|p1b: Basculegion|Basculegion, L50, M, shiny|100/100\n|switch|p2a: Incineroar|Incineroar, L50, M|100/100\n|switch|p2b: Sneasler|Sneasler, L50, F|100/100\n|-ability|p2a: Incineroar|Intimidate|boost\n|-unboost|p1a: Kommo-o|atk|1\n|-unboost|p1b: Basculegion|atk|1\n|turn|1\n|inactive|happidoodledoo has 30 seconds left.\n|\n|t:|1775948450\n|switch|p2a: Archaludon|Archaludon, L50, M|100/100\n|move|p2b: Sneasler|Fake Out|p1a: Kommo-o\n|-damage|p1a: Kommo-o|87/100\n|move|p1b: Basculegion|Flip Turn|p2a: Archaludon\n|-resisted|p2a: Archaludon|1\n|-damage|p2a: Archaludon|89/100\n|\n|t:|1775948466\n|switch|p1b: Whimsicott|Whimsicott, L50, F|100/100|[from] Flip Turn\n|cant|p1a: Kommo-o|flinch\n|\n|upkeep\n|turn|2\n|\n|t:|1775948476\n|move|p1b: Whimsicott|Encore|p2b: Sneasler\n|-start|p2b: Sneasler|Encore\n|move|p2b: Sneasler|Fake Out||[still]\n|-hint|Fake Out only works on your first turn out.\n|-fail|p2b: Sneasler\n|move|p2a: Archaludon|Draco Meteor|p1a: Kommo-o\n|-supereffective|p1a: Kommo-o|1\n|-damage|p1a: Kommo-o|0 fnt\n|-unboost|p2a: Archaludon|spa|2\n|faint|p1a: Kommo-o\n|\n|upkeep\n|\n|t:|1775948488\n|switch|p1a: Basculegion|Basculegion, L50, M, shiny|100/100\n|turn|3\n|\n|t:|1775948495\n|switch|p2b: Incineroar|Incineroar, L50, M|100/100\n|-ability|p2b: Incineroar|Intimidate|boost\n|-unboost|p1a: Basculegion|atk|1\n|-unboost|p1b: Whimsicott|atk|1\n|move|p1b: Whimsicott|Tailwind|p1b: Whimsicott\n|-sidestart|p1: pokebizness|move: Tailwind\n|move|p1a: Basculegion|Last Respects|p2a: Archaludon\n|-crit|p2a: Archaludon\n|-damage|p2a: Archaludon|3/100\n|move|p2a: Archaludon|Draco Meteor|p1a: Basculegion\n|-damage|p1a: Basculegion|55/100\n|-unboost|p2a: Archaludon|spa|2\n|\n|upkeep\n|turn|4\n|inactive|pokebizness has 30 seconds left.\n|inactive|happidoodledoo has 30 seconds left.\n|inactive|pokebizness has 20 seconds left.\n|inactive|pokebizness has 15 seconds left.\n|\n|t:|1775948537\n|switch|p1a: Tyranitar|Tyranitar, L50, F, shiny|100/100\n|-weather|Sandstorm|[from] ability: Sand Stream|[of] p1a: Tyranitar\n|switch|p2a: Starmie|Starmie, L50|100/100\n|move|p2b: Incineroar|Fake Out|p1b: Whimsicott\n|-damage|p1b: Whimsicott|83/100\n|cant|p1b: Whimsicott|flinch\n|\n|-weather|Sandstorm|[upkeep]\n|-damage|p1b: Whimsicott|77/100|[from] Sandstorm\n|-damage|p2a: Starmie|95/100|[from] Sandstorm\n|-damage|p2b: Incineroar|95/100|[from] Sandstorm\n|upkeep\n|turn|5\n|\n|t:|1775948558\n|switch|p1b: Basculegion|Basculegion, L50, M, shiny|55/100\n|detailschange|p2a: Starmie|Starmie-Mega, L50\n|-mega|p2a: Starmie|Starmie|Starminite\n|detailschange|p1a: Tyranitar|Tyranitar-Mega, L50, F, shiny\n|-mega|p1a: Tyranitar|Tyranitar|Tyranitarite\n|move|p2a: Starmie|Protect|p2a: Starmie\n|-singleturn|p2a: Starmie|Protect\n|move|p1a: Tyranitar|Knock Off|p2a: Starmie\n|-activate|p2a: Starmie|move: Protect\n|move|p2b: Incineroar|Parting Shot|p1a: Tyranitar\n|-unboost|p1a: Tyranitar|atk|1\n|-unboost|p1a: Tyranitar|spa|1\n|\n|t:|1775948565\n|switch|p2b: Sneasler|Sneasler, L50, F|100/100|[from] Parting Shot\n|\n|-weather|Sandstorm|[upkeep]\n|-damage|p1b: Basculegion|49/100|[from] Sandstorm\n|-damage|p2b: Sneasler|95/100|[from] Sandstorm\n|-damage|p2a: Starmie|89/100|[from] Sandstorm\n|upkeep\n|turn|6\n|j| gE1xjZRtuhW2DdT0AK\n|inactive|happidoodledoo has 30 seconds left.\n|inactive|pokebizness has 30 seconds left.\n|\n|t:|1775948598\n|switch|p1a: Whimsicott|Whimsicott, L50, F|77/100\n|switch|p2a: Incineroar|Incineroar, L50, M|95/100\n|-ability|p2a: Incineroar|Intimidate|boost\n|-unboost|p1a: Whimsicott|atk|1\n|-unboost|p1b: Basculegion|atk|1\n|move|p1b: Basculegion|Last Respects|p2b: Sneasler\n|-damage|p2b: Sneasler|20/100\n|move|p2b: Sneasler|Dire Claw|p1b: Basculegion\n|-resisted|p1b: Basculegion|1\n|-damage|p1b: Basculegion|25/100\n|\n|-weather|Sandstorm|[upkeep]\n|-damage|p1b: Basculegion|18/100|[from] Sandstorm\n|-damage|p1a: Whimsicott|71/100|[from] Sandstorm\n|-damage|p2b: Sneasler|14/100|[from] Sandstorm\n|-damage|p2a: Incineroar|89/100|[from] Sandstorm\n|-sideend|p1: pokebizness|move: Tailwind\n|upkeep\n|turn|7\n|inactive|happidoodledoo has 30 seconds left.\n|inactive|pokebizness has 30 seconds left.\n|\n|t:|1775948630\n|switch|p1b: Tyranitar|Tyranitar-Mega, L50, F, shiny|100/100\n|move|p2a: Incineroar|Fake Out|p1a: Whimsicott\n|-damage|p1a: Whimsicott|54/100\n|cant|p1a: Whimsicott|flinch\n|move|p2b: Sneasler|Dire Claw|p1a: Whimsicott\n|-supereffective|p1a: Whimsicott|2\n|-damage|p1a: Whimsicott|0 fnt\n|faint|p1a: Whimsicott\n|\n|-weather|Sandstorm|[upkeep]\n|-damage|p2b: Sneasler|8/100|[from] Sandstorm\n|-damage|p2a: Incineroar|83/100|[from] Sandstorm\n|upkeep\n|\n|t:|1775948649\n|switch|p1a: Basculegion|Basculegion, L50, M, shiny|18/100\n|turn|8\n|\n|t:|1775948673\n|move|p1a: Basculegion|Last Respects|p2b: Sneasler\n|-damage|p2b: Sneasler|0 fnt\n|faint|p2b: Sneasler\n|move|p1b: Tyranitar|Rock Slide|p2a: Incineroar\n|-supereffective|p2a: Incineroar|1\n|-damage|p2a: Incineroar|10/100\n|move|p2a: Incineroar|Darkest Lariat|p1a: Basculegion\n|-supereffective|p1a: Basculegion|1\n|-damage|p1a: Basculegion|0 fnt\n|faint|p1a: Basculegion\n|\n|-weather|none\n|upkeep\n|\n|t:|1775948684\n|switch|p2b: Starmie|Starmie-Mega, L50|89/100\n|turn|9\n|\n|t:|1775948708\n|move|p2b: Starmie|Liquidation|p1b: Tyranitar\n|-supereffective|p1b: Tyranitar|1\n|-damage|p1b: Tyranitar|0 fnt\n|faint|p1b: Tyranitar\n|\n|win|happidoodledoo\n|raw|pokebizness's rating: 1292 &rarr; <strong>1273</strong><br />(-19 for losing)\n|raw|happidoodledoo's rating: 1382 &rarr; <strong>1397</strong><br />(+15 for winning)\n|c|\u2606pokebizness|WP\n|l|\u2606pokebizness\n|player|p1|\n",
  "uploadtime": 1775948727,
  "views": 26,
  "formatid": "gen9championsvgc2026regma",
  "rating": 1273,
  "private": 0,
  "password": null
}