{
  "id": "gen9championsvgc2026regma-2580649725",
  "format": "[Gen 9 Champions] VGC 2026 Reg M-A",
  "players": [
    "maestro zoroli",
    "jeffthemalmar"
  ],
  "log": "|j|\u2606maestro zoroli\n|j|\u2606jeffthemalmar\n|t:|1775921274\n|gametype|doubles\n|player|p1|maestro zoroli|169|\n|player|p2|jeffthemalmar|lucas|\n|gen|9\n|tier|[Gen 9 Champions] VGC 2026 Reg M-A\n|rated|Tournament battle\n|rule|Species Clause: Limit one of each Pok\u00e9mon\n|rule|Item Clause: Limit 1 of each item\n|raw|<div class=\"infobox\"><details class=\"readmore\" open><summary><strong>1 custom rule:</strong></summary> Force Open Team Sheets</details></div>\n|clearpoke\n|poke|p1|Skarmory, L50, M|\n|poke|p1|Sneasler, L50, M|\n|poke|p1|Incineroar, L50, M|\n|poke|p1|Garchomp, L50, F|\n|poke|p1|Milotic, L50, F|\n|poke|p1|Charizard, L50, M|\n|poke|p2|Charizard, L50, M|\n|poke|p2|Venusaur, L50, M|\n|poke|p2|Incineroar, L50, M|\n|poke|p2|Farigiraf, L50, M|\n|poke|p2|Conkeldurr, L50, F|\n|poke|p2|Garchomp, L50, M|\n|teampreview|4\n|showteam|p1|Skarmory||Skarmorite|Sturdy|BraveBird,IronHead,Protect,Tailwind|||M|||50|]Sneasler||WhiteHerb|Unburden|Coaching,DireClaw,CloseCombat,Protect|||M|||50|]Incineroar||ChopleBerry|Intimidate|FakeOut,FlareBlitz,PartingShot,ThroatChop|||M|||50|]Garchomp||LumBerry|RoughSkin|Earthquake,StompingTantrum,RockSlide,Protect|||F|||50|]Milotic||SitrusBerry|Competitive|Scald,IceBeam,HelpingHand,Protect|||F|||50|]Charizard||CharizarditeY|SolarPower|HeatWave,Overheat,SolarBeam,Protect|||M|||50|\n|showteam|p2|Charizard||CharizarditeY|Blaze|WeatherBall,HeatWave,SolarBeam,Protect|||M|||50|]Venusaur||FocusSash|Chlorophyll|EnergyBall,SludgeBomb,SleepPowder,Protect|||M|||50|]Incineroar||LumBerry|Intimidate|FlareBlitz,DarkestLariat,FakeOut,PartingShot|||M|||50|]Farigiraf||SitrusBerry|ArmorTail|HyperVoice,Psychic,Thunder,TrickRoom|||M|||50|]Conkeldurr||WhiteHerb|SheerForce|CloseCombat,KnockOff,IcePunch,MachPunch|||F|||50|]Garchomp||ChoiceScarf|RoughSkin|DragonClaw,StompingTantrum,Earthquake,RockSlide|||M|||50|\n|j| JkShowdownguest\n|j| reanschawrzer\n|j| dozomofo\n|inactive|Battle timer is ON: inactive players will automatically lose when time's up. (requested by maestro zoroli)\nmaestro zoroli has agreed to open team sheets.\n|j| JokertheGreat\njeffthemalmar has agreed to open team sheets.\n|j| HardFreaQ\n|showteam|p1|Skarmory||Skarmorite|Sturdy|BraveBird,IronHead,Protect,Tailwind|||M|||50|]Sneasler||WhiteHerb|Unburden|Coaching,DireClaw,CloseCombat,Protect|||M|||50|]Incineroar||ChopleBerry|Intimidate|FakeOut,FlareBlitz,PartingShot,ThroatChop|||M|||50|]Garchomp||LumBerry|RoughSkin|Earthquake,StompingTantrum,RockSlide,Protect|||F|||50|]Milotic||SitrusBerry|Competitive|Scald,IceBeam,HelpingHand,Protect|||F|||50|]Charizard||CharizarditeY|SolarPower|HeatWave,Overheat,SolarBeam,Protect|||M|||50|\n|showteam|p2|Charizard||CharizarditeY|Blaze|WeatherBall,HeatWave,SolarBeam,Protect|||M|||50|]Venusaur||FocusSash|Chlorophyll|EnergyBall,SludgeBomb,SleepPowder,Protect|||M|||50|]Incineroar||LumBerry|Intimidate|FlareBlitz,DarkestLariat,FakeOut,PartingShot|||M|||50|]Farigiraf||SitrusBerry|ArmorTail|HyperVoice,Psychic,Thunder,TrickRoom|||M|||50|]Conkeldurr||WhiteHerb|SheerForce|CloseCombat,KnockOff,IcePunch,MachPunch|||F|||50|]Garchomp||ChoiceScarf|RoughSkin|DragonClaw,StompingTantrum,Earthquake,RockSlide|||M|||50|\n|j| sgrace\n|l| dozomofo\n|inactive|maestro zoroli has 60 seconds left.\n|inactive|jeffthemalmar has 60 seconds left.\n|l| JokertheGreat\n|j| ghostvein\n|j| 2rffwd\n|inactive|maestro zoroli has 30 seconds left.\n|inactive|maestro zoroli has 20 seconds left.\n|\n|t:|1775921352\n|teamsize|p1|4\n|teamsize|p2|4\n|start\n|switch|p1a: Charizard|Charizard, L50, M|100/100\n|switch|p1b: Incineroar|Incineroar, L50, M|100/100\n|switch|p2a: Charizard|Charizard, L50, M|100/100\n|switch|p2b: Venusaur|Venusaur, L50, M|100/100\n|-ability|p1b: Incineroar|Intimidate|boost\n|-unboost|p2a: Charizard|atk|1\n|-unboost|p2b: Venusaur|atk|1\n|turn|1\n|j| ClearFox\n|inactive|maestro zoroli has 30 seconds left.\n|l| ClearFox\n|inactive|maestro zoroli has 20 seconds left.\n|inactive|maestro zoroli has 15 seconds left.\n|\n|t:|1775921395\n|switch|p1b: Garchomp|Garchomp, L50, F|100/100\n|detailschange|p1a: Charizard|Charizard-Mega-Y, L50, M\n|-mega|p1a: Charizard|Charizard|Charizardite Y\n|-weather|SunnyDay|[from] ability: Drought|[of] p1a: Charizard\n|move|p2b: Venusaur|Protect|p2b: Venusaur\n|-singleturn|p2b: Venusaur|Protect\n|move|p2a: Charizard|Protect|p2a: Charizard\n|-singleturn|p2a: Charizard|Protect\n|move|p1a: Charizard|Heat Wave|p2a: Charizard|[spread] \n|-activate|p2a: Charizard|move: Protect\n|-activate|p2b: Venusaur|move: Protect\n|\n|-weather|SunnyDay|[upkeep]\n|upkeep\n|turn|2\n|j| venson04\n|inactive|jeffthemalmar has 30 seconds left.\n|j| Mariomon Mainer\n|inactive|jeffthemalmar has 20 seconds left.\n|j| just_danyy\n|\n|t:|1775921431\n|switch|p2b: Garchomp|Garchomp, L50, M|100/100\n|switch|p2a: Incineroar|Incineroar, L50, M|100/100\n|-ability|p2a: Incineroar|Intimidate|boost\n|-unboost|p1a: Charizard|atk|1\n|-unboost|p1b: Garchomp|atk|1\n|move|p1b: Garchomp|Rock Slide|p2a: Incineroar|[spread] p2a,p2b\n|-supereffective|p2a: Incineroar|1\n|-resisted|p2b: Garchomp|1\n|-damage|p2a: Incineroar|76/100\n|-damage|p2b: Garchomp|94/100\n|move|p1a: Charizard|Heat Wave|p2b: Garchomp|[spread] p2a,p2b\n|-resisted|p2a: Incineroar|1\n|-resisted|p2b: Garchomp|1\n|-damage|p2a: Incineroar|50/100\n|-damage|p2b: Garchomp|65/100\n|\n|-weather|SunnyDay|[upkeep]\n|upkeep\n|turn|3\n|l| just_danyy\n|l| Mariomon Mainer\n|j| mynamegrassgreen\n|inactive|maestro zoroli has 30 seconds left.\n|inactive|jeffthemalmar has 30 seconds left.\n|j| SeulClef\n|inactive|jeffthemalmar has 20 seconds left.\n|\n|t:|1775921472\n|switch|p1b: Incineroar|Incineroar, L50, M|100/100\n|-ability|p1b: Incineroar|Intimidate|boost\n|-unboost|p2a: Incineroar|atk|1\n|-unboost|p2b: Garchomp|atk|1\n|move|p1a: Charizard|Protect|p1a: Charizard\n|-singleturn|p1a: Charizard|Protect\n|move|p2a: Incineroar|Fake Out|p1b: Incineroar\n|-crit|p1b: Incineroar\n|-damage|p1b: Incineroar|83/100\n|move|p2b: Garchomp|Dragon Claw|p1b: Incineroar\n|-damage|p1b: Incineroar|56/100\n|\n|-weather|SunnyDay|[upkeep]\n|upkeep\n|turn|4\n|inactive|maestro zoroli has 30 seconds left.\n|\n|t:|1775921502\n|move|p2b: Garchomp|Dragon Claw|p1a: Charizard\n|-damage|p1a: Charizard|68/100\n|move|p1a: Charizard|Heat Wave|p2b: Garchomp|[spread] p2a,p2b\n|-resisted|p2a: Incineroar|1\n|-resisted|p2b: Garchomp|1\n|-crit|p2b: Garchomp\n|-damage|p2a: Incineroar|23/100\n|-damage|p2b: Garchomp|15/100\n|move|p1b: Incineroar|Parting Shot|p2a: Incineroar\n|-unboost|p2a: Incineroar|atk|1\n|-unboost|p2a: Incineroar|spa|1\n|\n|t:|1775921512\n|switch|p1b: Milotic|Milotic, L50, F|100/100|[from] Parting Shot\n|move|p2a: Incineroar|Parting Shot|p1a: Charizard\n|-unboost|p1a: Charizard|atk|1\n|-unboost|p1a: Charizard|spa|1\n|\n|t:|1775921519\n|switch|p2a: Venusaur|Venusaur, L50, M|100/100|[from] Parting Shot\n|\n|-weather|SunnyDay|[upkeep]\n|upkeep\n|turn|5\n|inactive|jeffthemalmar has 30 seconds left.\n|\n|t:|1775921546\n|move|p2a: Venusaur|Energy Ball|p1b: Milotic\n|-supereffective|p1b: Milotic|1\n|-damage|p1b: Milotic|47/100\n|-enditem|p1b: Milotic|Sitrus Berry|[eat]\n|-heal|p1b: Milotic|72/100|[from] item: Sitrus Berry\n|move|p2b: Garchomp|Dragon Claw|p1b: Milotic\n|-damage|p1b: Milotic|43/100\n|move|p1a: Charizard|Heat Wave|p2a: Venusaur|[spread] p2a\n|-miss|p1a: Charizard|p2b: Garchomp\n|-supereffective|p2a: Venusaur|1\n|-damage|p2a: Venusaur|4/100\n|move|p1b: Milotic|Ice Beam|p2a: Venusaur\n|-supereffective|p2a: Venusaur|1\n|-damage|p2a: Venusaur|0 fnt\n|faint|p2a: Venusaur\n|\n|-weather|none\n|upkeep\n|j| H4irashi\n|\n|t:|1775921564\n|switch|p2a: Charizard|Charizard, L50, M|100/100\n|turn|6\n|inactive|maestro zoroli has 30 seconds left.\n|inactive|jeffthemalmar has 30 seconds left.\n|l| 2rffwd\n|inactive|jeffthemalmar has 20 seconds left.\n|\n|t:|1775921601\n|detailschange|p2a: Charizard|Charizard-Mega-Y, L50, M\n|-mega|p2a: Charizard|Charizard|Charizardite Y\n|-weather|SunnyDay|[from] ability: Drought|[of] p2a: Charizard\n|move|p2b: Garchomp|Dragon Claw|p1b: Milotic\n|-damage|p1b: Milotic|13/100\n|move|p2a: Charizard|Heat Wave|p1a: Charizard|[spread] p1a,p1b\n|-resisted|p1a: Charizard|1\n|-resisted|p1b: Milotic|1\n|-damage|p1a: Charizard|40/100\n|-damage|p1b: Milotic|0 fnt\n|faint|p1b: Milotic\n|move|p1a: Charizard|Heat Wave|p2a: Charizard|[spread] p2a,p2b\n|-resisted|p2a: Charizard|1\n|-resisted|p2b: Garchomp|1\n|-damage|p2a: Charizard|80/100\n|-damage|p2b: Garchomp|0 fnt\n|faint|p2b: Garchomp\n|\n|-weather|SunnyDay|[upkeep]\n|upkeep\n|\n|t:|1775921615\n|switch|p2b: Incineroar|Incineroar, L50, M|23/100\n|switch|p1b: Incineroar|Incineroar, L50, M|56/100\n|-ability|p1b: Incineroar|Intimidate|boost\n|-unboost|p2a: Charizard|atk|1\n|-unboost|p2b: Incineroar|atk|1\n|-ability|p2b: Incineroar|Intimidate|boost\n|-unboost|p1a: Charizard|atk|1\n|-unboost|p1b: Incineroar|atk|1\n|turn|7\n|j| MisterChicken26_\n|inactive|jeffthemalmar has 30 seconds left.\n|\n|t:|1775921644\n|move|p1b: Incineroar|Fake Out|p2a: Charizard\n|-damage|p2a: Charizard|70/100\n|move|p2b: Incineroar|Fake Out|p1b: Incineroar\n|-damage|p1b: Incineroar|49/100\n|cant|p2a: Charizard|flinch\n|move|p1a: Charizard|Overheat|p2b: Incineroar\n|-resisted|p2b: Incineroar|1\n|-damage|p2b: Incineroar|0 fnt\n|-unboost|p1a: Charizard|spa|2\n|faint|p2b: Incineroar\n|\n|-weather|SunnyDay|[upkeep]\n|upkeep\n|turn|8\n|\n|t:|1775921659\n|move|p2a: Charizard|Weather Ball|p1b: Incineroar\n|-resisted|p1b: Incineroar|1\n|-damage|p1b: Incineroar|13/100\n|move|p1a: Charizard|Overheat|p2a: Charizard\n|-resisted|p2a: Charizard|1\n|-damage|p2a: Charizard|47/100\n|-unboost|p1a: Charizard|spa|2\n|move|p1b: Incineroar|Throat Chop|p2a: Charizard\n|-damage|p2a: Charizard|19/100\n|-start|p2a: Charizard|Throat Chop|[silent]\n|\n|-weather|SunnyDay|[upkeep]\n|upkeep\n|turn|9\n|\n|t:|1775921671\n|move|p2a: Charizard|Heat Wave|p1b: Incineroar|[spread] p1a\n|-miss|p2a: Charizard|p1b: Incineroar\n|-resisted|p1a: Charizard|1\n|-damage|p1a: Charizard|14/100\n|move|p1a: Charizard|Overheat|p2a: Charizard\n|-resisted|p2a: Charizard|1\n|-damage|p2a: Charizard|3/100\n|-unboost|p1a: Charizard|spa|1\n|move|p1b: Incineroar|Throat Chop|p2a: Charizard\n|-damage|p2a: Charizard|0 fnt\n|faint|p2a: Charizard\n|\n|win|maestro zoroli\n|n|\u2606maestro zoroli|maestrozoroli\n|n|\u2606jeffthemalmar|jeffthemalmar\n|n| JkShowdownguest|jkshowdownguest\n|n| reanschawrzer|reanschawrzer\n|n| HardFreaQ|hardfreaq\n|n| sgrace|sgrace\n|n| ghostvein|ghostvein\n|n| venson04|venson04\n|n| mynamegrassgreen|mynamegrassgreen\n|n| SeulClef|seulclef\n|n| H4irashi|h4irashi\n|n| MisterChicken26_|misterchicken26\n",
  "uploadtime": 1775921671,
  "views": 12,
  "formatid": "gen9championsvgc2026regma",
  "rating": null,
  "private": 0,
  "password": null
}