{
  "id": "gen9championsvgc2026regma-2584409800",
  "format": "[Gen 9 Champions] VGC 2026 Reg M-A",
  "players": [
    "VisitingGoat",
    "dkapflzksh"
  ],
  "log": "|j|\u2606VisitingGoat\n|j|\u2606dkapflzksh\n|t:|1776258839\n|gametype|doubles\n|player|p1|VisitingGoat|alec-anime|1438\n|player|p2|dkapflzksh|scientist-gen4dp|1345\n|gen|9\n|tier|[Gen 9 Champions] VGC 2026 Reg M-A\n|rated|\n|rule|Species Clause: Limit one of each Pok\u00e9mon\n|rule|Item Clause: Limit 1 of each item\n|clearpoke\n|poke|p1|Gardevoir, L50, F|\n|poke|p1|Greninja-*, L50, M|\n|poke|p1|Aerodactyl, L50, M|\n|poke|p1|Farigiraf, L50, F|\n|poke|p1|Kingambit, L50, M|\n|poke|p1|Sinistcha, L50|\n|poke|p2|Pelipper, L50, M|\n|poke|p2|Basculegion, L50, M|\n|poke|p2|Dragonite, L50, M|\n|poke|p2|Archaludon, L50, M|\n|poke|p2|Incineroar, L50, M|\n|poke|p2|Sinistcha-Masterpiece, L50|\n|teampreview|4\n|inactive|Battle timer is ON: inactive players will automatically lose when time's up. (requested by VisitingGoat)\n|inactive|VisitingGoat has 60 seconds left.\n|inactive|dkapflzksh has 60 seconds left.\n|\n|t:|1776258891\n|teamsize|p1|4\n|teamsize|p2|4\n|start\n|switch|p1a: Gardevoir|Gardevoir, L50, F|100/100\n|switch|p1b: Farigiraf|Farigiraf, L50, F|100/100\n|switch|p2a: Pelipper|Pelipper, L50, M, shiny|100/100\n|switch|p2b: Basculegion|Basculegion, L50, M, shiny|100/100\n|-weather|RainDance|[from] ability: Drizzle|[of] p2a: Pelipper\n|turn|1\n|c|\u2606VisitingGoat|glhf\n|inactive|dkapflzksh has 30 seconds left.\n|\n|t:|1776258920\n|detailschange|p1a: Gardevoir|Gardevoir-Mega, L50, F\n|-mega|p1a: Gardevoir|Gardevoir|Gardevoirite\n|move|p2b: Basculegion|Liquidation|p1b: Farigiraf\n|-damage|p1b: Farigiraf|52/100\n|move|p2a: Pelipper|Weather Ball|p1b: Farigiraf\n|-damage|p1b: Farigiraf|0 fnt\n|faint|p1b: Farigiraf\n|move|p1a: Gardevoir|Hyper Voice|p2b: Basculegion|[spread] p2a,p2b\n|-damage|p2a: Pelipper|5/100\n|-damage|p2b: Basculegion|40/100\n|\n|-weather|RainDance|[upkeep]\n|upkeep\n|\n|t:|1776258937\n|switch|p1b: Kingambit|Kingambit, L50, M|100/100\n|turn|2\n|\n|t:|1776258946\n|move|p2b: Basculegion|Aqua Jet|p1a: Gardevoir\n|-damage|p1a: Gardevoir|54/100\n|move|p1b: Kingambit|Sucker Punch||[still]\n|-fail|p1b: Kingambit\n|move|p2a: Pelipper|Weather Ball|p1a: Gardevoir\n|-damage|p1a: Gardevoir|3/100\n|move|p1a: Gardevoir|Hyper Voice|p2b: Basculegion|[spread] p2a,p2b\n|-damage|p2a: Pelipper|0 fnt\n|-damage|p2b: Basculegion|0 fnt\n|faint|p2a: Pelipper\n|faint|p2b: Basculegion\n|\n|-weather|RainDance|[upkeep]\n|upkeep\n|\n|t:|1776258959\n|switch|p2b: Incineroar|Incineroar, L50, M|100/100\n|switch|p2a: Archaludon|Archaludon, L50, M, shiny|100/100\n|-ability|p2b: Incineroar|Intimidate|boost\n|-unboost|p1a: Gardevoir|atk|1\n|-unboost|p1b: Kingambit|atk|1\n|-ability|p1b: Kingambit|Defiant|boost\n|-boost|p1b: Kingambit|atk|2\n|turn|3\n|\n|t:|1776258977\n|move|p1a: Gardevoir|Protect|p1a: Gardevoir\n|-singleturn|p1a: Gardevoir|Protect\n|move|p2b: Incineroar|Fake Out|p1a: Gardevoir\n|-activate|p1a: Gardevoir|move: Protect\n|move|p2a: Archaludon|Electro Shot||[still]\n|-prepare|p2a: Archaludon|Electro Shot\n|-boost|p2a: Archaludon|spa|1\n|-anim|p2a: Archaludon|Electro Shot|p1b: Kingambit\n|-damage|p1b: Kingambit|36/100\n|move|p1b: Kingambit|Low Kick|p2a: Archaludon\n|-supereffective|p2a: Archaludon|1\n|-damage|p2a: Archaludon|28/100\n|-ability|p2a: Archaludon|Stamina|boost\n|-boost|p2a: Archaludon|def|1\n|\n|-weather|RainDance|[upkeep]\n|-heal|p2a: Archaludon|34/100|[from] item: Leftovers\n|upkeep\n|turn|4\n|\n|t:|1776258996\n|move|p2a: Archaludon|Protect|p2a: Archaludon\n|-singleturn|p2a: Archaludon|Protect\n|move|p1b: Kingambit|Sucker Punch||[still]\n|-fail|p1b: Kingambit\n|move|p1a: Gardevoir|Encore|p2b: Incineroar\n|-start|p2b: Incineroar|Encore\n|move|p2b: Incineroar|Fake Out||[still]\n|-hint|Fake Out only works on your first turn out.\n|-fail|p2b: Incineroar\n|\n|-weather|RainDance|[upkeep]\n|-heal|p2a: Archaludon|40/100|[from] item: Leftovers\n|upkeep\n|turn|5\n|-message|dkapflzksh forfeited.\n|\n|win|VisitingGoat\n|raw|VisitingGoat's rating: 1438 &rarr; <strong>1453</strong><br />(+15 for winning)\n|raw|dkapflzksh's rating: 1345 &rarr; <strong>1330</strong><br />(-15 for losing)\n",
  "uploadtime": 1776259008,
  "views": 108,
  "formatid": "gen9championsvgc2026regma",
  "rating": 1330,
  "private": 0,
  "password": null
}