{
  "id": "gen9championsvgc2026regma-2583910753",
  "format": "[Gen 9 Champions] VGC 2026 Reg M-A",
  "players": [
    "Zarato",
    "hallieberdly"
  ],
  "log": "|j|\u2606Zarato\n|j|\u2606hallieberdly\n|t:|1776207551\n|gametype|doubles\n|player|p1|Zarato|n|1080\n|player|p2|hallieberdly|169|1094\n|gen|9\n|tier|[Gen 9 Champions] VGC 2026 Reg M-A\n|rated|\n|rule|Species Clause: Limit one of each Pok\u00e9mon\n|rule|Item Clause: Limit 1 of each item\n|clearpoke\n|poke|p1|Weavile, L50, M|\n|poke|p1|Glaceon, L50, M|\n|poke|p1|Froslass, L50, F|\n|poke|p1|Incineroar, L50, F|\n|poke|p1|Sinistcha, L50|\n|poke|p1|Sneasler, L50, F|\n|poke|p2|Tyranitar, L50, F|\n|poke|p2|Garchomp, L50, F|\n|poke|p2|Sneasler, L50, F|\n|poke|p2|Decidueye-Hisui, L50, F|\n|poke|p2|Aerodactyl, L50, F|\n|poke|p2|Meganium, L50, M|\n|teampreview|4\n|inactive|Battle timer is ON: inactive players will automatically lose when time's up. (requested by Zarato)\nZarato has agreed to open team sheets.\n|inactive|hallieberdly has 60 seconds left.\n|\n|t:|1776207591\n|teamsize|p1|4\n|teamsize|p2|4\n|start\n|switch|p1a: Weavile|Weavile, L50, M|100/100\n|switch|p1b: Froslass|Froslass, L50, F|100/100\n|switch|p2a: Sneasler|Sneasler, L50, F|100/100\n|switch|p2b: Aerodactyl|Aerodactyl, L50, F|100/100\n|-ability|p2b: Aerodactyl|Unnerve\n|-ability|p1a: Weavile|Pressure\n|turn|1\n|\n|t:|1776207615\n|detailschange|p1b: Froslass|Froslass-Mega, L50, F\n|-mega|p1b: Froslass|Froslass|Froslassite\n|-weather|Snowscape|[from] ability: Snow Warning|[of] p1b: Froslass\n|move|p2a: Sneasler|Fake Out|p1a: Weavile\n|-damage|p1a: Weavile|84/100\n|cant|p1a: Weavile|flinch\n|move|p2b: Aerodactyl|Tailwind|p2b: Aerodactyl\n|-sidestart|p2: hallieberdly|move: Tailwind\n|move|p1b: Froslass|Blizzard|p2a: Sneasler|[spread] p2a,p2b\n|-supereffective|p2b: Aerodactyl|1\n|-damage|p2a: Sneasler|45/100\n|-enditem|p2b: Aerodactyl|Focus Sash\n|-damage|p2b: Aerodactyl|1/100\n|\n|-weather|Snowscape|[upkeep]\n|upkeep\n|turn|2\n|\n|t:|1776207635\n|move|p1a: Weavile|Ice Shard|p2b: Aerodactyl\n|-supereffective|p2b: Aerodactyl|1\n|-damage|p2b: Aerodactyl|0 fnt\n|faint|p2b: Aerodactyl\n|move|p2a: Sneasler|Close Combat|p1a: Weavile\n|-supereffective|p1a: Weavile|2\n|-damage|p1a: Weavile|0 fnt\n|-unboost|p2a: Sneasler|def|1\n|-unboost|p2a: Sneasler|spd|1\n|faint|p1a: Weavile\n|-enditem|p2a: Sneasler|White Herb\n|-clearnegativeboost|p2a: Sneasler|[silent]\n|move|p1b: Froslass|Blizzard|p2a: Sneasler\n|-damage|p2a: Sneasler|0 fnt\n|faint|p2a: Sneasler\n|\n|-weather|Snowscape|[upkeep]\n|upkeep\n|inactive|Zarato has 30 seconds left.\n|\n|t:|1776207661\n|switch|p2b: Tyranitar|Tyranitar, L50, F|100/100\n|switch|p2a: Garchomp|Garchomp, L50, F|100/100\n|switch|p1a: Sneasler|Sneasler, L50, F|100/100\n|-weather|Sandstorm|[from] ability: Sand Stream|[of] p2b: Tyranitar\n|turn|3\n|\n|t:|1776207674\n|switch|p1b: Sinistcha|Sinistcha, L50|100/100\n|move|p2a: Garchomp|Protect|p2a: Garchomp\n|-singleturn|p2a: Garchomp|Protect\n|move|p1a: Sneasler|Fake Out|p2a: Garchomp\n|-activate|p2a: Garchomp|move: Protect\n|move|p2b: Tyranitar|Earthquake|p1b: Sinistcha|[spread] p1a,p1b\n|-activate|p2a: Garchomp|move: Protect\n|-supereffective|p1a: Sneasler|1\n|-resisted|p1b: Sinistcha|1\n|-damage|p1a: Sneasler|0 fnt\n|-damage|p1b: Sinistcha|88/100\n|faint|p1a: Sneasler\n|\n|-weather|Sandstorm|[upkeep]\n|-damage|p1b: Sinistcha|81/100|[from] Sandstorm\n|upkeep\n|\n|t:|1776207688\n|switch|p1a: Froslass|Froslass-Mega, L50, F|100/100\n|-weather|Snowscape|[from] ability: Snow Warning|[of] p1a: Froslass\n|turn|4\n|\n|t:|1776207696\n|move|p2a: Garchomp|Rock Slide|p1a: Froslass|[spread] p1a,p1b\n|-supereffective|p1a: Froslass|1\n|-damage|p1a: Froslass|66/100\n|-damage|p1b: Sinistcha|67/100\n|move|p2b: Tyranitar|Rock Slide|p1b: Sinistcha|[spread] p1a,p1b\n|-supereffective|p1a: Froslass|1\n|-damage|p1a: Froslass|0 fnt\n|-damage|p1b: Sinistcha|38/100\n|faint|p1a: Froslass\n|cant|p1b: Sinistcha|flinch\n|\n|-weather|Snowscape|[upkeep]\n|-sideend|p2: hallieberdly|move: Tailwind\n|upkeep\n|turn|5\n|\n|t:|1776207711\n|move|p2a: Garchomp|Dragon Claw|p1b: Sinistcha\n|-damage|p1b: Sinistcha|9/100\n|move|p2b: Tyranitar|Knock Off|p1b: Sinistcha\n|-supereffective|p1b: Sinistcha|1\n|-enditem|p1b: Sinistcha|Colbur Berry|[eat]\n|-enditem|p1b: Sinistcha|Colbur Berry|[weaken]\n|-damage|p1b: Sinistcha|0 fnt\n|faint|p1b: Sinistcha\n|\n|win|hallieberdly\n|raw|Zarato's rating: 1080 &rarr; <strong>1059</strong><br />(-21 for losing)\n|raw|hallieberdly's rating: 1094 &rarr; <strong>1119</strong><br />(+25 for winning)\n",
  "uploadtime": 1776207720,
  "views": 19,
  "formatid": "gen9championsvgc2026regma",
  "rating": 1059,
  "private": 0,
  "password": null
}