{
  "id": "gen9championsvgc2026regma-2580750086",
  "format": "[Gen 9 Champions] VGC 2026 Reg M-A",
  "players": [
    "iceycheeze",
    "sammg"
  ],
  "log": "|j|\u2606iceycheeze\n|j|\u2606sammg\n|t:|1775929414\n|gametype|doubles\n|player|p1|iceycheeze|morty|1183\n|player|p2|sammg|101|1272\n|gen|9\n|tier|[Gen 9 Champions] VGC 2026 Reg M-A\n|rated|\n|rule|Species Clause: Limit one of each Pok\u00e9mon\n|rule|Item Clause: Limit 1 of each item\n|clearpoke\n|poke|p1|Froslass, L50, F|\n|poke|p1|Incineroar, L50, M|\n|poke|p1|Whimsicott, L50, M|\n|poke|p1|Basculegion, L50, M|\n|poke|p1|Garchomp, L50, F|\n|poke|p1|Rotom-Frost, L50|\n|poke|p2|Maushold-Four, L50|\n|poke|p2|Floette-Eternal, L50, F|\n|poke|p2|Garchomp, L50, F|\n|poke|p2|Talonflame, L50, M|\n|poke|p2|Rotom-Wash, L50|\n|poke|p2|Aegislash, L50, M|\n|teampreview|4\n|inactive|Battle timer is ON: inactive players will automatically lose when time's up. (requested by sammg)\n|inactive|iceycheeze also wants the timer to be on.\n|inactive|iceycheeze has 60 seconds left.\n|inactive|sammg has 60 seconds left.\n|\n|t:|1775929448\n|teamsize|p1|4\n|teamsize|p2|4\n|start\n|switch|p1a: Froslass|Froslass, L50, F|100/100\n|switch|p1b: Whimsicott|Whimsicott, L50, M|100/100\n|switch|p2a: Floette|Floette-Eternal, L50, F|100/100\n|switch|p2b: Maushold|Maushold-Four, L50|100/100\n|turn|1\n|\n|t:|1775929471\n|detailschange|p1a: Froslass|Froslass-Mega, L50, F\n|-mega|p1a: Froslass|Froslass|Froslassite\n|-weather|Snowscape|[from] ability: Snow Warning|[of] p1a: Froslass\n|detailschange|p2a: Floette|Floette-Mega, L50, F\n|-mega|p2a: Floette|Floette|Floettite\n|-ability|p2a: Floette|Fairy Aura\n|move|p1b: Whimsicott|Tailwind|p1b: Whimsicott\n|-sidestart|p1: iceycheeze|move: Tailwind\n|move|p1a: Froslass|Aurora Veil|p1a: Froslass\n|-sidestart|p1: iceycheeze|move: Aurora Veil\n|move|p2b: Maushold|Super Fang|p1b: Whimsicott\n|-damage|p1b: Whimsicott|51/100\n|move|p2a: Floette|Calm Mind|p2a: Floette\n|-boost|p2a: Floette|spa|1\n|-boost|p2a: Floette|spd|1\n|\n|-weather|Snowscape|[upkeep]\n|upkeep\n|turn|2\n|inactive|iceycheeze has 30 seconds left.\n|inactive|sammg has 30 seconds left.\n|\n|t:|1775929500\n|move|p1b: Whimsicott|Fake Tears|p2a: Floette\n|-unboost|p2a: Floette|spd|2\n|move|p1a: Froslass|Blizzard|p2b: Maushold|[spread] p2a,p2b\n|-damage|p2a: Floette|62/100\n|-damage|p2b: Maushold|38/100\n|move|p2b: Maushold|Taunt|p1b: Whimsicott\n|-start|p1b: Whimsicott|move: Taunt\n|move|p2a: Floette|Dazzling Gleam|p1b: Whimsicott|[spread] p1a,p1b\n|-damage|p1a: Froslass|34/100\n|-damage|p1b: Whimsicott|0 fnt\n|faint|p1b: Whimsicott\n|\n|-weather|Snowscape|[upkeep]\n|upkeep\n|\n|t:|1775929518\n|switch|p1b: Incineroar|Incineroar, L50, M|100/100\n|-ability|p1b: Incineroar|Intimidate|boost\n|-unboost|p2a: Floette|atk|1\n|-unboost|p2b: Maushold|atk|1\n|turn|3\n|\n|t:|1775929525\n|move|p2b: Maushold|Protect|p2b: Maushold\n|-singleturn|p2b: Maushold|Protect\n|move|p2a: Floette|Protect|p2a: Floette\n|-singleturn|p2a: Floette|Protect\n|move|p1b: Incineroar|Fake Out|p2a: Floette\n|-activate|p2a: Floette|move: Protect\n|move|p1a: Froslass|Blizzard|p2b: Maushold|[spread] \n|-activate|p2a: Floette|move: Protect\n|-activate|p2b: Maushold|move: Protect\n|\n|-weather|Snowscape|[upkeep]\n|upkeep\n|turn|4\n|\n|t:|1775929544\n|move|p1a: Froslass|Blizzard|p2b: Maushold|[spread] p2a,p2b\n|-damage|p2a: Floette|23/100\n|-damage|p2b: Maushold|0 fnt\n|faint|p2b: Maushold\n|move|p1b: Incineroar|Parting Shot|p2a: Floette\n|-unboost|p2a: Floette|atk|1\n|-unboost|p2a: Floette|spa|1\n|\n|t:|1775929552\n|switch|p1b: Basculegion|Basculegion, L50, M|100/100|[from] Parting Shot\n|move|p2a: Floette|Dazzling Gleam|p1b: Basculegion|[spread] p1a,p1b\n|-damage|p1a: Froslass|0 fnt\n|-damage|p1b: Basculegion|59/100\n|faint|p1a: Froslass\n|\n|-weather|Snowscape|[upkeep]\n|-sideend|p1: iceycheeze|move: Tailwind\n|upkeep\n|\n|t:|1775929563\n|switch|p2b: Talonflame|Talonflame, L50, M|100/100\n|switch|p1a: Incineroar|Incineroar, L50, M|100/100\n|-ability|p1a: Incineroar|Intimidate|boost\n|-unboost|p2a: Floette|atk|1\n|-unboost|p2b: Talonflame|atk|1\n|turn|5\n|\n|t:|1775929582\n|move|p2b: Talonflame|Protect|p2b: Talonflame\n|-singleturn|p2b: Talonflame|Protect\n|move|p2a: Floette|Protect|p2a: Floette\n|-singleturn|p2a: Floette|Protect\n|move|p1a: Incineroar|Fake Out|p2b: Talonflame\n|-activate|p2b: Talonflame|move: Protect\n|move|p1b: Basculegion|Last Respects|p2b: Talonflame\n|-activate|p2b: Talonflame|move: Protect\n|\n|-weather|none\n|-sideend|p1: iceycheeze|move: Aurora Veil\n|upkeep\n|turn|6\n|\n|t:|1775929603\n|move|p2b: Talonflame|Tailwind|p2b: Talonflame\n|-sidestart|p2: sammg|move: Tailwind\n|move|p2a: Floette|Dazzling Gleam|p1b: Basculegion|[spread] p1a,p1b\n|-damage|p1a: Incineroar|64/100\n|-damage|p1b: Basculegion|0 fnt\n|faint|p1b: Basculegion\n|move|p1a: Incineroar|Darkest Lariat|p2b: Talonflame\n|-damage|p2b: Talonflame|48/100\n|\n|upkeep\n|turn|7\n|c|\u2606iceycheeze|gg\n|-message|iceycheeze forfeited.\n|\n|win|sammg\n|raw|iceycheeze's rating: 1183 &rarr; <strong>1164</strong><br />(-19 for losing)\n|raw|sammg's rating: 1272 &rarr; <strong>1291</strong><br />(+19 for winning)\n|l|\u2606iceycheeze\n|player|p1|\n|c|\u2606sammg|gg\n|l|\u2606sammg\n|player|p2|\n",
  "uploadtime": 1775929676,
  "views": 46,
  "formatid": "gen9championsvgc2026regma",
  "rating": 1164,
  "private": 0,
  "password": null
}