{
  "id": "gen9championsvgc2026regma-2586348381",
  "format": "[Gen 9 Champions] VGC 2026 Reg M-A",
  "players": [
    "OpenTeamPlz",
    "VGCTorremolinos"
  ],
  "log": "|j|\u2606OpenTeamPlz\n|j|\u2606VGCTorremolinos\n|t:|1776427626\n|gametype|doubles\n|player|p1|OpenTeamPlz|1|1059\n|player|p2|VGCTorremolinos|iris|1033\n|gen|9\n|tier|[Gen 9 Champions] VGC 2026 Reg M-A\n|rated|\n|rule|Species Clause: Limit one of each Pok\u00e9mon\n|rule|Item Clause: Limit 1 of each item\n|clearpoke\n|poke|p1|Maushold-Four, L50|\n|poke|p1|Gengar, L50, F|\n|poke|p1|Politoed, L50, M|\n|poke|p1|Basculegion, L50, M|\n|poke|p1|Aggron, L50, M|\n|poke|p1|Incineroar, L50, M|\n|poke|p2|Starmie, L50|\n|poke|p2|Tinkaton, L50, F|\n|poke|p2|Pelipper, L50, M|\n|poke|p2|Incineroar, L50, F|\n|poke|p2|Maushold-Four, L50|\n|poke|p2|Basculegion, L50, M|\n|teampreview|4\n|inactive|Battle timer is ON: inactive players will automatically lose when time's up. (requested by OpenTeamPlz)\nOpenTeamPlz has agreed to open team sheets.\n|\n|t:|1776427647\n|teamsize|p1|4\n|teamsize|p2|4\n|start\n|switch|p1a: Aggron|Aggron, L50, M|100/100\n|switch|p1b: Maushold|Maushold-Four, L50|100/100\n|switch|p2a: Tokusentai|Starmie, L50|100/100\n|switch|p2b: Auby!!!!|Tinkaton, L50, F|100/100\n|turn|1\n|\n|t:|1776427661\n|detailschange|p2a: Tokusentai|Starmie-Mega, L50\n|-mega|p2a: Tokusentai|Starmie|Starminite\n|move|p1b: Maushold|Protect|p1b: Maushold\n|-singleturn|p1b: Maushold|Protect\n|move|p1a: Aggron|Protect|p1a: Aggron\n|-singleturn|p1a: Aggron|Protect\n|move|p2b: Auby!!!!|Fake Out|p1a: Aggron\n|-activate|p1a: Aggron|move: Protect\n|move|p2a: Tokusentai|Liquidation|p1b: Maushold\n|-activate|p1b: Maushold|move: Protect\n|\n|upkeep\n|turn|2\n|\n|t:|1776427683\n|switch|p2b: Cat|Incineroar, L50, F|100/100\n|-ability|p2b: Cat|Intimidate|boost\n|-unboost|p1a: Aggron|atk|1\n|-unboost|p1b: Maushold|atk|1\n|detailschange|p1a: Aggron|Aggron-Mega, L50, M\n|-mega|p1a: Aggron|Aggron|Aggronite\n|move|p1b: Maushold|Follow Me|p1b: Maushold\n|-singleturn|p1b: Maushold|move: Follow Me\n|move|p2a: Tokusentai|Liquidation|p1b: Maushold\n|-damage|p1b: Maushold|3/100\n|move|p1a: Aggron|Iron Defense|p1a: Aggron\n|-boost|p1a: Aggron|def|2\n|\n|upkeep\n|turn|3\n|\n|t:|1776427699\n|move|p1b: Maushold|Protect|p1b: Maushold\n|-singleturn|p1b: Maushold|Protect\n|move|p2a: Tokusentai|Protect|p2a: Tokusentai\n|-singleturn|p2a: Tokusentai|Protect\n|move|p1a: Aggron|Protect|p1a: Aggron\n|-singleturn|p1a: Aggron|Protect\n|move|p2b: Cat|Fake Out|p1b: Maushold\n|-activate|p1b: Maushold|move: Protect\n|\n|upkeep\n|turn|4\n|\n|t:|1776427713\n|move|p1b: Maushold|Population Bomb|p2a: Tokusentai\n|-damage|p2a: Tokusentai|96/100\n|-damage|p2a: Tokusentai|92/100\n|-damage|p2a: Tokusentai|88/100\n|-crit|p2a: Tokusentai\n|-damage|p2a: Tokusentai|79/100\n|-crit|p2a: Tokusentai\n|-damage|p2a: Tokusentai|70/100\n|-damage|p2a: Tokusentai|66/100\n|-damage|p2a: Tokusentai|62/100\n|-damage|p2a: Tokusentai|57/100\n|-damage|p2a: Tokusentai|53/100\n|-damage|p2a: Tokusentai|49/100\n|-hitcount|p2a: Tokusentai|10\n|cant|p2a: Tokusentai|flinch\n|move|p2b: Cat|Darkest Lariat|p1b: Maushold\n|-damage|p1b: Maushold|0 fnt\n|faint|p1b: Maushold\n|move|p1a: Aggron|Body Press|p2b: Cat\n|-supereffective|p2b: Cat|1\n|-damage|p2b: Cat|0 fnt\n|faint|p2b: Cat\n|\n|upkeep\n|\n|t:|1776427733\n|switch|p1b: Gengar|Gengar, L50, F|100/100\n|switch|p2b: Auby!!!!|Tinkaton, L50, F|100/100\n|turn|5\n|\n|t:|1776427741\n|move|p1b: Gengar|Shadow Ball|p2a: Tokusentai\n|-supereffective|p2a: Tokusentai|1\n|-damage|p2a: Tokusentai|0 fnt\n|faint|p2a: Tokusentai\n|move|p2b: Auby!!!!|Gigaton Hammer|p1b: Gengar\n|-damage|p1b: Gengar|0 fnt\n|faint|p1b: Gengar\n|move|p1a: Aggron|Body Press|p2b: Auby!!!!\n|-damage|p2b: Auby!!!!|19/100\n|\n|-heal|p2b: Auby!!!!|25/100|[from] item: Leftovers\n|upkeep\n|\n|t:|1776427752\n|switch|p1b: Politoed|Politoed, L50, M|100/100\n|switch|p2a: FSH|Basculegion, L50, M|100/100\n|-weather|RainDance|[from] ability: Drizzle|[of] p1b: Politoed\n|turn|6\n|\n|t:|1776427762\n|move|p2b: Auby!!!!|Protect|p2b: Auby!!!!\n|-singleturn|p2b: Auby!!!!|Protect\n|move|p2a: FSH|Last Respects|p1a: Aggron\n|-damage|p1a: Aggron|77/100\n|move|p1b: Politoed|Perish Song|p1b: Politoed\n|-start|p1a: Aggron|perish3|[silent]\n|-start|p1b: Politoed|perish3|[silent]\n|-start|p2a: FSH|perish3|[silent]\n|-start|p2b: Auby!!!!|perish3|[silent]\n|-fieldactivate|move: Perish Song\n|move|p1a: Aggron|Body Press|p2b: Auby!!!!\n|-activate|p2b: Auby!!!!|move: Protect\n|\n|-weather|RainDance|[upkeep]\n|-heal|p2b: Auby!!!!|32/100|[from] item: Leftovers\n|-start|p2a: FSH|perish3\n|-start|p2b: Auby!!!!|perish3\n|-start|p1b: Politoed|perish3\n|-start|p1a: Aggron|perish3\n|upkeep\n|turn|7\n|\n|t:|1776427772\n|move|p2b: Auby!!!!|Protect||[still]\n|-fail|p2b: Auby!!!!\n|move|p1b: Politoed|Protect|p1b: Politoed\n|-singleturn|p1b: Politoed|Protect\n|move|p1a: Aggron|Protect|p1a: Aggron\n|-singleturn|p1a: Aggron|Protect\n|move|p2a: FSH|Last Respects|p1b: Politoed\n|-activate|p1b: Politoed|move: Protect\n|\n|-weather|RainDance|[upkeep]\n|-heal|p2b: Auby!!!!|38/100|[from] item: Leftovers\n|-start|p2a: FSH|perish2\n|-start|p2b: Auby!!!!|perish2\n|-start|p1b: Politoed|perish2\n|-start|p1a: Aggron|perish2\n|upkeep\n|turn|8\n|\n|t:|1776427782\n|move|p2b: Auby!!!!|Protect|p2b: Auby!!!!\n|-singleturn|p2b: Auby!!!!|Protect\n|move|p2a: FSH|Last Respects|p1b: Politoed\n|-damage|p1b: Politoed|21/100\n|move|p1b: Politoed|Muddy Water|p2a: FSH|[spread] p2a\n|-activate|p2b: Auby!!!!|move: Protect\n|-resisted|p2a: FSH|1\n|-damage|p2a: FSH|84/100\n|move|p1a: Aggron|Body Press|p2b: Auby!!!!\n|-activate|p2b: Auby!!!!|move: Protect\n|\n|-weather|RainDance|[upkeep]\n|-heal|p2b: Auby!!!!|44/100|[from] item: Leftovers\n|-start|p2a: FSH|perish1\n|-start|p2b: Auby!!!!|perish1\n|-start|p1b: Politoed|perish1\n|-start|p1a: Aggron|perish1\n|upkeep\n|turn|9\n|\n|t:|1776427788\n|move|p1b: Politoed|Protect|p1b: Politoed\n|-singleturn|p1b: Politoed|Protect\n|move|p1a: Aggron|Protect|p1a: Aggron\n|-singleturn|p1a: Aggron|Protect\n|move|p2a: FSH|Last Respects|p1b: Politoed\n|-activate|p1b: Politoed|move: Protect\n|move|p2b: Auby!!!!|Gigaton Hammer|p1b: Politoed\n|-activate|p1b: Politoed|move: Protect\n|\n|-weather|RainDance|[upkeep]\n|-heal|p2b: Auby!!!!|50/100|[from] item: Leftovers\n|-start|p2a: FSH|perish0\n|-start|p2b: Auby!!!!|perish0\n|-start|p1b: Politoed|perish0\n|-start|p1a: Aggron|perish0\n|faint|p2a: FSH\n|faint|p2b: Auby!!!!\n|faint|p1b: Politoed\n|faint|p1a: Aggron\n|\n|win|OpenTeamPlz\n|raw|OpenTeamPlz's rating: 1059 &rarr; <strong>1088</strong><br />(+29 for winning)\n|raw|VGCTorremolinos's rating: 1033 &rarr; <strong>1019</strong><br />(-14 for losing)\n",
  "uploadtime": 1776427798,
  "views": 24,
  "formatid": "gen9championsvgc2026regma",
  "rating": 1019,
  "private": 0,
  "password": null
}