{
  "id": "gen9championsvgc2026regma-2589431896",
  "format": "[Gen 9 Champions] VGC 2026 Reg M-A",
  "players": [
    "SDLT LucaIaria63",
    "whoknowsmyfname"
  ],
  "log": "|raw|<div class=\"broadcast-blue\"><strong>This battle is required to be public due to a player having a name starting with 'sdlt'.</div>\n|j|\u2606SDLT LucaIaria63\n|j|\u2606whoknowsmyfname\n|t:|1776722428\n|gametype|doubles\n|player|p1|SDLT LucaIaria63|colress|1178\n|player|p2|whoknowsmyfname|102|1124\n|gen|9\n|tier|[Gen 9 Champions] VGC 2026 Reg M-A\n|rated|\n|rule|Species Clause: Limit one of each Pok\u00e9mon\n|rule|Item Clause: Limit 1 of each item\n|clearpoke\n|poke|p1|Gardevoir, L50, F|\n|poke|p1|Sinistcha, L50|\n|poke|p1|Politoed, L50, M|\n|poke|p1|Noivern, L50, F|\n|poke|p1|Garchomp, L50, F|\n|poke|p1|Rotom-Wash, L50|\n|poke|p2|Sneasler, L50, M|\n|poke|p2|Feraligatr, L50, F, shiny|\n|poke|p2|Talonflame, L50, M|\n|poke|p2|Sinistcha, L50|\n|poke|p2|Kingambit, L50, M|\n|poke|p2|Gardevoir, L50, F|\n|teampreview|4\n|\n|t:|1776722470\n|teamsize|p1|4\n|teamsize|p2|4\n|start\n|switch|p1a: Garchomp|Garchomp, L50, F|100/100\n|switch|p1b: Rotom|Rotom-Wash, L50|100/100\n|switch|p2a: Sneasler|Sneasler, L50, M|100/100\n|switch|p2b: Kingambit|Kingambit, L50, M|100/100\n|turn|1\n|\n|t:|1776722494\n|move|p2b: Kingambit|Protect|p2b: Kingambit\n|-singleturn|p2b: Kingambit|Protect\n|move|p2a: Sneasler|Fake Out|p1a: Garchomp\n|-damage|p1a: Garchomp|89/100\n|-damage|p2a: Sneasler|88/100|[from] ability: Rough Skin|[of] p1a: Garchomp\n|cant|p1a: Garchomp|flinch\n|move|p1b: Rotom|Will-O-Wisp|p2b: Kingambit\n|-activate|p2b: Kingambit|move: Protect\n|\n|upkeep\n|turn|2\n|\n|t:|1776722510\n|move|p2a: Sneasler|Coaching|p2b: Kingambit\n|-boost|p2b: Kingambit|atk|1\n|-boost|p2b: Kingambit|def|1\n|move|p1a: Garchomp|Earthquake|p2a: Sneasler|[spread] p2a,p2b\n|-immune|p1b: Rotom|[from] ability: Levitate\n|-supereffective|p2a: Sneasler|1\n|-supereffective|p2b: Kingambit|1\n|-damage|p2a: Sneasler|0 fnt\n|-damage|p2b: Kingambit|63/100\n|faint|p2a: Sneasler\n|move|p1b: Rotom|Will-O-Wisp|p2b: Kingambit\n|-status|p2b: Kingambit|brn\n|-enditem|p2b: Kingambit|Lum Berry|[eat]\n|-curestatus|p2b: Kingambit|brn|[msg]\n|move|p2b: Kingambit|Kowtow Cleave|p1b: Rotom\n|-damage|p1b: Rotom|36/100\n|\n|-heal|p1b: Rotom|41/100|[from] item: Leftovers\n|upkeep\n|\n|t:|1776722530\n|switch|p2a: Sinistcha|Sinistcha, L50|100/100\n|-heal|p2b: Kingambit|87/100|[from] ability: Hospitality|[of] p2a: Sinistcha\n|turn|3\n|\n|t:|1776722543\n|move|p2a: Sinistcha|Rage Powder|p2a: Sinistcha\n|-singleturn|p2a: Sinistcha|move: Rage Powder\n|move|p1a: Garchomp|Earthquake|p2b: Kingambit|[spread] p2a,p2b\n|-immune|p1b: Rotom|[from] ability: Levitate\n|-resisted|p2a: Sinistcha|1\n|-supereffective|p2b: Kingambit|1\n|-damage|p2a: Sinistcha|85/100\n|-damage|p2b: Kingambit|49/100\n|move|p1b: Rotom|Will-O-Wisp|p2a: Sinistcha\n|-status|p2a: Sinistcha|brn\n|move|p2b: Kingambit|Kowtow Cleave|p1a: Garchomp\n|-damage|p1a: Garchomp|26/100\n|-damage|p2b: Kingambit|37/100|[from] ability: Rough Skin|[of] p1a: Garchomp\n|-enditem|p1a: Garchomp|Sitrus Berry|[eat]\n|-heal|p1a: Garchomp|50/100|[from] item: Sitrus Berry\n|\n|-heal|p1b: Rotom|47/100|[from] item: Leftovers\n|-damage|p2a: Sinistcha|79/100 brn|[from] brn\n|upkeep\n|turn|4\n|\n|t:|1776722566\n|switch|p1b: Sinistcha|Sinistcha, L50|100/100\n|-heal|p1a: Garchomp|75/100|[from] ability: Hospitality|[of] p1b: Sinistcha\n|move|p2b: Kingambit|Sucker Punch|p1a: Garchomp\n|-damage|p1a: Garchomp|24/100\n|-damage|p2b: Kingambit|25/100|[from] ability: Rough Skin|[of] p1a: Garchomp\n|move|p1a: Garchomp|Earthquake|p2b: Kingambit|[spread] p1b,p2a,p2b\n|-resisted|p1b: Sinistcha|1\n|-resisted|p2a: Sinistcha|1\n|-supereffective|p2b: Kingambit|1\n|-damage|p1b: Sinistcha|84/100\n|-damage|p2a: Sinistcha|62/100 brn\n|-damage|p2b: Kingambit|0 fnt\n|faint|p2b: Kingambit\n|move|p2a: Sinistcha|Matcha Gotcha|p1b: Sinistcha|[spread] p1a,p1b\n|-resisted|p1b: Sinistcha|1\n|-damage|p1a: Garchomp|0 fnt\n|-heal|p2a: Sinistcha|76/100 brn|[from] drain|[of] p1a: Garchomp\n|-damage|p1b: Sinistcha|71/100\n|-heal|p2a: Sinistcha|83/100 brn|[from] drain|[of] p1b: Sinistcha\n|faint|p1a: Garchomp\n|\n|-damage|p2a: Sinistcha|77/100 brn|[from] brn\n|upkeep\n|l|\u2606SDLT LucaIaria63\n|player|p1|\n|j|\u2606SDLT LucaIaria63\n|player|p1|SDLT LucaIaria63|colress|\n|\n|t:|1776722594\n|switch|p1a: Gardevoir|Gardevoir, L50, F|100/100\n|switch|p2b: Gardevoir|Gardevoir, L50, F|100/100\n|-ability|p1a: Gardevoir|Hospitality|Trace|[from] ability: Trace|[of] p2a: Sinistcha\n|-heal|p1b: Sinistcha|95/100|[from] ability: Hospitality|[of] p1a: Gardevoir\n|-ability|p2b: Gardevoir|Hospitality|Trace|[from] ability: Trace|[of] p1b: Sinistcha\n|-heal|p2a: Sinistcha|100/100 brn|[from] ability: Hospitality|[of] p2b: Gardevoir\n|turn|5\n|\n|t:|1776722615\n|detailschange|p1a: Gardevoir|Gardevoir-Mega, L50, F\n|-mega|p1a: Gardevoir|Gardevoir|Gardevoirite\n|move|p2b: Gardevoir|Protect|p2b: Gardevoir\n|-singleturn|p2b: Gardevoir|Protect\n|move|p1a: Gardevoir|Calm Mind|p1a: Gardevoir\n|-boost|p1a: Gardevoir|spa|1\n|-boost|p1a: Gardevoir|spd|1\n|move|p1b: Sinistcha|Shadow Ball|p2a: Sinistcha\n|-supereffective|p2a: Sinistcha|1\n|-damage|p2a: Sinistcha|26/100 brn\n|-unboost|p2a: Sinistcha|spd|1\n|-enditem|p2a: Sinistcha|Sitrus Berry|[eat]\n|-heal|p2a: Sinistcha|51/100 brn|[from] item: Sitrus Berry\n|move|p2a: Sinistcha|Shadow Ball|p1a: Gardevoir\n|-supereffective|p1a: Gardevoir|1\n|-damage|p1a: Gardevoir|63/100\n|\n|-damage|p2a: Sinistcha|45/100 brn|[from] brn\n|upkeep\n|turn|6\n|\n|t:|1776722643\n|detailschange|p2b: Gardevoir|Gardevoir-Mega, L50, F\n|-mega|p2b: Gardevoir|Gardevoir|Gardevoirite\n|move|p1a: Gardevoir|Hyper Voice|p2a: Sinistcha|[spread] p2a,p2b\n|-crit|p2a: Sinistcha\n|-damage|p2a: Sinistcha|0 fnt\n|-damage|p2b: Gardevoir|39/100\n|faint|p2a: Sinistcha\n|move|p2b: Gardevoir|Hyper Voice|p1a: Gardevoir|[spread] p1a,p1b\n|-damage|p1a: Gardevoir|30/100\n|-damage|p1b: Sinistcha|26/100\n|move|p1b: Sinistcha|Shadow Ball|p2b: Gardevoir\n|-supereffective|p2b: Gardevoir|1\n|-damage|p2b: Gardevoir|0 fnt\n|faint|p2b: Gardevoir\n|\n|win|SDLT LucaIaria63\n|raw|SDLT LucaIaria63's rating: 1178 &rarr; <strong>1199</strong><br />(+21 for winning)\n|raw|whoknowsmyfname's rating: 1124 &rarr; <strong>1103</strong><br />(-21 for losing)\n|l|\u2606whoknowsmyfname\n|player|p2|\n",
  "uploadtime": 1776722675,
  "views": 3,
  "formatid": "gen9championsvgc2026regma",
  "rating": 1103,
  "private": 0,
  "password": null
}