{
  "id": "gen9championsvgc2026regma-2586855502",
  "format": "[Gen 9 Champions] VGC 2026 Reg M-A",
  "players": [
    "Johten",
    "Pepepta24"
  ],
  "log": "|j|\u2606Johten\n|j|\u2606Pepepta24\n|t:|1776465687\n|gametype|doubles\n|player|p1|Johten|veteran|1157\n|player|p2|Pepepta24|drayden|1117\n|gen|9\n|tier|[Gen 9 Champions] VGC 2026 Reg M-A\n|rated|\n|rule|Species Clause: Limit one of each Pok\u00e9mon\n|rule|Item Clause: Limit 1 of each item\n|clearpoke\n|poke|p1|Aggron, L50, M|\n|poke|p1|Farigiraf, L50, M|\n|poke|p1|Aerodactyl, L50, F|\n|poke|p1|Gallade, L50, M|\n|poke|p1|Luxray, L50, F|\n|poke|p1|Primarina, L50, F|\n|poke|p2|Pelipper, L50, F|\n|poke|p2|Dragonite, L50, F|\n|poke|p2|Archaludon, L50, M|\n|poke|p2|Basculegion, L50, M|\n|poke|p2|Sneasler, L50, M|\n|poke|p2|Rotom-Heat, L50|\n|teampreview|4\n|inactive|Battle timer is ON: inactive players will automatically lose when time's up. (requested by Johten)\n|inactive|Johten has 60 seconds left.\n|inactive|Pepepta24 has 60 seconds left.\n|inactive|Pepepta24 has 30 seconds left.\n|inactive|Pepepta24 has 20 seconds left.\n|inactive|Pepepta24 has 15 seconds left.\n|inactive|Pepepta24 has 10 seconds left.\n|\n|t:|1776465770\n|teamsize|p1|4\n|teamsize|p2|4\n|start\n|switch|p1a: Farigiraf|Farigiraf, L50, M|100/100\n|switch|p1b: Luxray|Luxray, L50, F|100/100\n|switch|p2a: Pelipper|Pelipper, L50, F|100/100\n|switch|p2b: Archaludon|Archaludon, L50, M|100/100\n|-weather|RainDance|[from] ability: Drizzle|[of] p2a: Pelipper\n|-ability|p1b: Luxray|Intimidate|boost\n|-unboost|p2a: Pelipper|atk|1\n|-unboost|p2b: Archaludon|atk|1\n|turn|1\n|inactive|Johten has 30 seconds left.\n|inactive|Pepepta24 has 30 seconds left.\n|inactive|Pepepta24 has 20 seconds left.\n|inactive|Pepepta24 has 15 seconds left.\n|\n|t:|1776465814\n|move|p2a: Pelipper|Protect|p2a: Pelipper\n|-singleturn|p2a: Pelipper|Protect\n|move|p2b: Archaludon|Electro Shot||[still]\n|-prepare|p2b: Archaludon|Electro Shot\n|-boost|p2b: Archaludon|spa|1\n|-anim|p2b: Archaludon|Electro Shot|p1a: Farigiraf\n|-damage|p1a: Farigiraf|52/100\n|move|p1b: Luxray|Snarl|p2a: Pelipper|[spread] p2b\n|-activate|p2a: Pelipper|move: Protect\n|-damage|p2b: Archaludon|92/100\n|-unboost|p2b: Archaludon|spa|1\n|-ability|p2b: Archaludon|Stamina|boost\n|-boost|p2b: Archaludon|def|1\n|move|p1a: Farigiraf|Thunder Wave|p2b: Archaludon\n|-status|p2b: Archaludon|par\n|\n|-weather|RainDance|[upkeep]\n|-heal|p2b: Archaludon|98/100 par|[from] item: Leftovers\n|upkeep\n|turn|2\n|inactive|Johten has 30 seconds left.\n|inactive|Pepepta24 has 30 seconds left.\n|inactive|Johten has 20 seconds left.\n|inactive|Pepepta24 has 20 seconds left.\n|inactive|Pepepta24 has 15 seconds left.\n|\n|t:|1776465855\n|switch|p2a: Sneasler|Sneasler, L50, M|100/100\n|move|p1b: Luxray|Volt Switch|p2a: Sneasler\n|-damage|p2a: Sneasler|74/100\n|\n|t:|1776465860\n|switch|p1b: Gallade|Gallade, L50, M|100/100|[from] Volt Switch\n|move|p1a: Farigiraf|Beat Up|p1b: Gallade\n|-damage|p1b: Gallade|97/100\n|-ability|p1b: Gallade|Justified|boost\n|-boost|p1b: Gallade|atk|1\n|-damage|p1b: Gallade|92/100\n|-ability|p1b: Gallade|Justified|boost\n|-boost|p1b: Gallade|atk|1\n|-damage|p1b: Gallade|87/100\n|-ability|p1b: Gallade|Justified|boost\n|-boost|p1b: Gallade|atk|1\n|-damage|p1b: Gallade|83/100\n|-ability|p1b: Gallade|Justified|boost\n|-boost|p1b: Gallade|atk|1\n|-hitcount|p1b: Gallade|4\n|move|p2b: Archaludon|Electro Shot||[still]\n|-prepare|p2b: Archaludon|Electro Shot\n|-boost|p2b: Archaludon|spa|1\n|-anim|p2b: Archaludon|Electro Shot|p1a: Farigiraf\n|-damage|p1a: Farigiraf|0 fnt\n|faint|p1a: Farigiraf\n|\n|-weather|RainDance|[upkeep]\n|-heal|p2b: Archaludon|100/100 par|[from] item: Leftovers\n|upkeep\n|\n|t:|1776465883\n|switch|p1a: Luxray|Luxray, L50, F|100/100\n|-ability|p1a: Luxray|Intimidate|boost\n|-unboost|p2a: Sneasler|atk|1\n|-unboost|p2b: Archaludon|atk|1\n|-enditem|p2a: Sneasler|White Herb\n|-clearnegativeboost|p2a: Sneasler|[silent]\n|turn|3\n|inactive|Pepepta24 has 30 seconds left.\n|\n|t:|1776465916\n|switch|p2b: Pelipper|Pelipper, L50, F|100/100\n|detailschange|p1b: Gallade|Gallade-Mega, L50, M\n|-mega|p1b: Gallade|Gallade|Galladite\n|move|p2a: Sneasler|Fake Out|p1b: Gallade\n|-damage|p1b: Gallade|65/100\n|move|p1b: Gallade|Psycho Cut|p2a: Sneasler\n|-supereffective|p2a: Sneasler|2\n|-damage|p2a: Sneasler|0 fnt\n|faint|p2a: Sneasler\n|move|p1a: Luxray|Snarl|p2b: Pelipper\n|-damage|p2b: Pelipper|80/100\n|-unboost|p2b: Pelipper|spa|1\n|\n|-weather|RainDance|[upkeep]\n|upkeep\n|\n|t:|1776465940\n|switch|p2a: Basculegion|Basculegion, L50, M|100/100\n|turn|4\n|\n|t:|1776465963\n|switch|p2b: Archaludon|Archaludon, L50, M|100/100 par\n|move|p1b: Gallade|Protect|p1b: Gallade\n|-singleturn|p1b: Gallade|Protect\n|move|p2a: Basculegion|Last Respects|p1b: Gallade\n|-activate|p1b: Gallade|move: Protect\n|move|p1a: Luxray|Supercell Slam|p2a: Basculegion\n|-supereffective|p2a: Basculegion|1\n|-damage|p2a: Basculegion|0 fnt\n|faint|p2a: Basculegion\n|\n|-weather|RainDance|[upkeep]\n|upkeep\n|\n|t:|1776465969\n|switch|p2a: Pelipper|Pelipper, L50, F|80/100\n|turn|5\n|\n|t:|1776465978\n|move|p1b: Gallade|Drain Punch|p2b: Archaludon\n|-supereffective|p2b: Archaludon|1\n|-damage|p2b: Archaludon|0 fnt\n|-heal|p1b: Gallade|100/100|[from] drain|[of] p2b: Archaludon\n|faint|p2b: Archaludon\n|move|p2a: Pelipper|Hurricane|p1b: Gallade\n|-supereffective|p1b: Gallade|1\n|-damage|p1b: Gallade|5/100\n|-start|p1b: Gallade|confusion\n|move|p1a: Luxray|Volt Switch|p2a: Pelipper\n|-supereffective|p2a: Pelipper|2\n|-damage|p2a: Pelipper|0 fnt\n|faint|p2a: Pelipper\n|\n|win|Johten\n|raw|Johten's rating: 1157 &rarr; <strong>1179</strong><br />(+22 for winning)\n|raw|Pepepta24's rating: 1117 &rarr; <strong>1095</strong><br />(-22 for losing)\n|l|\u2606Pepepta24\n|player|p2|\n",
  "uploadtime": 1776465991,
  "views": 35,
  "formatid": "gen9championsvgc2026regma",
  "rating": 1095,
  "private": 0,
  "password": null
}