{
  "id": "gen9championsvgc2026regma-2583306776",
  "format": "[Gen 9 Champions] VGC 2026 Reg M-A",
  "players": [
    "giustounaprova",
    "TheWonderfulGirl"
  ],
  "log": "|j|\u2606giustounaprova\n|j|\u2606TheWonderfulGirl\n|t:|1776165322\n|gametype|doubles\n|player|p1|giustounaprova|2|1087\n|player|p2|TheWonderfulGirl|pokekid|1128\n|gen|9\n|tier|[Gen 9 Champions] VGC 2026 Reg M-A\n|rated|\n|rule|Species Clause: Limit one of each Pok\u00e9mon\n|rule|Item Clause: Limit 1 of each item\n|clearpoke\n|poke|p1|Oranguru, L50, M|\n|poke|p1|Camerupt, L50, M|\n|poke|p1|Basculegion, L50, M|\n|poke|p1|Conkeldurr, L50, F|\n|poke|p1|Mimikyu, L50, M|\n|poke|p1|Manectric, L50, M|\n|poke|p2|Froslass, L50, F|\n|poke|p2|Garchomp, L50, F|\n|poke|p2|Rotom-Frost, L50|\n|poke|p2|Empoleon, L50, F|\n|poke|p2|Incineroar, L50, F|\n|poke|p2|Kingambit, L50, F|\n|teampreview|4\n|inactive|Battle timer is ON: inactive players will automatically lose when time's up. (requested by TheWonderfulGirl)\n|inactive|giustounaprova has 60 seconds left.\n|inactive|TheWonderfulGirl has 60 seconds left.\n|\n|t:|1776165369\n|teamsize|p1|4\n|teamsize|p2|4\n|start\n|switch|p1a: Mimikyu|Mimikyu, L50, M|100/100\n|switch|p1b: Basculegion|Basculegion, L50, M|100/100\n|switch|p2a: Froslass|Froslass, L50, F|100/100\n|switch|p2b: Rotom|Rotom-Frost, L50|100/100\n|turn|1\n|inactive|TheWonderfulGirl has 30 seconds left.\n|\n|t:|1776165397\n|detailschange|p2a: Froslass|Froslass-Mega, L50, F\n|-mega|p2a: Froslass|Froslass|Froslassite\n|-weather|Snowscape|[from] ability: Snow Warning|[of] p2a: Froslass\n|move|p2b: Rotom|Volt Switch|p1b: Basculegion\n|-supereffective|p1b: Basculegion|1\n|-damage|p1b: Basculegion|26/100\n|\n|t:|1776165403\n|switch|p2b: Incineroar|Incineroar, L50, F|100/100|[from] Volt Switch\n|-ability|p2b: Incineroar|Intimidate|boost\n|-unboost|p1a: Mimikyu|atk|1\n|-unboost|p1b: Basculegion|atk|1\n|move|p1b: Basculegion|Flip Turn|p2b: Incineroar\n|-supereffective|p2b: Incineroar|1\n|-damage|p2b: Incineroar|49/100\n|-enditem|p2b: Incineroar|Sitrus Berry|[eat]\n|-heal|p2b: Incineroar|74/100|[from] item: Sitrus Berry\n|\n|t:|1776165415\n|switch|p1b: Camerupt|Camerupt, L50, M|100/100|[from] Flip Turn\n|move|p2a: Froslass|Blizzard|p1a: Mimikyu|[spread] p1a,p1b\n|-activate|p1a: Mimikyu|ability: Disguise\n|-damage|p1a: Mimikyu|100/100\n|-damage|p1b: Camerupt|33/100\n|detailschange|p1a: Mimikyu|Mimikyu-Busted, L50, M\n|-damage|p1a: Mimikyu|88/100|[from] pokemon: Mimikyu-Busted\n|move|p1a: Mimikyu|Trick Room|p1a: Mimikyu\n|-fieldstart|move: Trick Room|[of] p1a: Mimikyu\n|\n|-weather|Snowscape|[upkeep]\n|upkeep\n|turn|2\n|inactive|TheWonderfulGirl has 30 seconds left.\n|\n|t:|1776165442\n|detailschange|p1b: Camerupt|Camerupt-Mega, L50, M\n|-mega|p1b: Camerupt|Camerupt|Cameruptite\n|move|p2b: Incineroar|Fake Out|p1b: Camerupt\n|-damage|p1b: Camerupt|19/100\n|cant|p1b: Camerupt|flinch\n|move|p1a: Mimikyu|Play Rough|p2b: Incineroar\n|-damage|p2b: Incineroar|50/100\n|move|p2a: Froslass|Aurora Veil|p2a: Froslass\n|-sidestart|p2: TheWonderfulGirl|move: Aurora Veil\n|\n|-weather|Snowscape|[upkeep]\n|upkeep\n|turn|3\n|inactive|TheWonderfulGirl has 30 seconds left.\n|\n|t:|1776165470\n|move|p2a: Froslass|Protect|p2a: Froslass\n|-singleturn|p2a: Froslass|Protect\n|move|p1a: Mimikyu|Shadow Sneak|p2a: Froslass\n|-activate|p2a: Froslass|move: Protect\n|move|p1b: Camerupt|Heat Wave|p2b: Incineroar|[spread] \n|-activate|p2a: Froslass|move: Protect\n|-miss|p1b: Camerupt|p2b: Incineroar\n|move|p2b: Incineroar|Parting Shot|p1b: Camerupt\n|-unboost|p1b: Camerupt|atk|1\n|-unboost|p1b: Camerupt|spa|1\n|\n|t:|1776165486\n|switch|p2b: Empoleon|Empoleon, L50, F|100/100|[from] Parting Shot\n|\n|-weather|Snowscape|[upkeep]\n|upkeep\n|turn|4\n|\n|t:|1776165502\n|switch|p1b: Basculegion|Basculegion, L50, M|26/100\n|switch|p2a: Incineroar|Incineroar, L50, F|50/100\n|-ability|p2a: Incineroar|Intimidate|boost\n|-unboost|p1a: Mimikyu|atk|1\n|-unboost|p1b: Basculegion|atk|1\n|move|p1a: Mimikyu|Shadow Sneak|p2a: Incineroar\n|-resisted|p2a: Incineroar|1\n|-damage|p2a: Incineroar|47/100\n|move|p2b: Empoleon|Flash Cannon|p1a: Mimikyu\n|-supereffective|p1a: Mimikyu|1\n|-damage|p1a: Mimikyu|14/100\n|-enditem|p1a: Mimikyu|Sitrus Berry|[eat]\n|-heal|p1a: Mimikyu|39/100|[from] item: Sitrus Berry\n|\n|-weather|Snowscape|[upkeep]\n|upkeep\n|turn|5\n|inactive|giustounaprova has 30 seconds left.\n|inactive|TheWonderfulGirl has 30 seconds left.\n|inactive|giustounaprova has 20 seconds left.\n|inactive|TheWonderfulGirl has 20 seconds left.\n|\n|t:|1776165539\n|switch|p1a: Conkeldurr|Conkeldurr, L50, F|100/100\n|move|p2a: Incineroar|Parting Shot|p1b: Basculegion\n|-unboost|p1b: Basculegion|atk|1\n|-unboost|p1b: Basculegion|spa|1\n|\n|t:|1776165547\n|switch|p2a: Froslass|Froslass-Mega, L50, F|100/100|[from] Parting Shot\n|move|p2b: Empoleon|Flash Cannon|p1b: Basculegion\n|-resisted|p1b: Basculegion|1\n|-damage|p1b: Basculegion|5/100\n|move|p1b: Basculegion|Flip Turn|p2a: Froslass\n|-damage|p2a: Froslass|86/100\n|\n|t:|1776165554\n|switch|p1b: Mimikyu|Mimikyu-Busted, L50, M|39/100|[from] Flip Turn\n|\n|-weather|none\n|-fieldend|move: Trick Room\n|upkeep\n|turn|6\n|inactive|giustounaprova has 30 seconds left.\n|inactive|giustounaprova has 20 seconds left.\n|\n|t:|1776165592\n|switch|p2a: Incineroar|Incineroar, L50, F|47/100\n|-ability|p2a: Incineroar|Intimidate|boost\n|-unboost|p1a: Conkeldurr|atk|1\n|-unboost|p1b: Mimikyu|atk|1\n|switch|p1a: Basculegion|Basculegion, L50, M|5/100\n|move|p2b: Empoleon|Flash Cannon|p1b: Mimikyu\n|-supereffective|p1b: Mimikyu|1\n|-damage|p1b: Mimikyu|0 fnt\n|faint|p1b: Mimikyu\n|\n|-sideend|p2: TheWonderfulGirl|move: Aurora Veil\n|upkeep\n|\n|t:|1776165603\n|switch|p1b: Conkeldurr|Conkeldurr, L50, F|100/100\n|turn|7\n|\n|t:|1776165613\n|move|p2a: Incineroar|Fake Out|p1b: Conkeldurr\n|-damage|p1b: Conkeldurr|86/100\n|move|p1a: Basculegion|Phantom Force||[still]\n|-prepare|p1a: Basculegion|Phantom Force\n|move|p2b: Empoleon|Flash Cannon|p1a: Basculegion|[miss]\n|-miss|p2b: Empoleon|p1a: Basculegion\n|cant|p1b: Conkeldurr|flinch\n|\n|upkeep\n|turn|8\n|\n|t:|1776165638\n|switch|p1b: Camerupt|Camerupt-Mega, L50, M|19/100\n|move|p1a: Basculegion|Phantom Force|p2a: Incineroar|[from] lockedmove\n|-resisted|p2a: Incineroar|1\n|-damage|p2a: Incineroar|20/100\n|move|p2b: Empoleon|Flash Cannon|p1a: Basculegion\n|-resisted|p1a: Basculegion|1\n|-damage|p1a: Basculegion|0 fnt\n|faint|p1a: Basculegion\n|move|p2a: Incineroar|Parting Shot|p1b: Camerupt\n|-unboost|p1b: Camerupt|atk|1\n|-unboost|p1b: Camerupt|spa|1\n|\n|t:|1776165651\n|switch|p2a: Froslass|Froslass-Mega, L50, F|86/100|[from] Parting Shot\n|-weather|Snowscape|[from] ability: Snow Warning|[of] p2a: Froslass\n|\n|-weather|Snowscape|[upkeep]\n|upkeep\n|\n|t:|1776165657\n|switch|p1a: Conkeldurr|Conkeldurr, L50, F|86/100\n|turn|9\n|inactive|TheWonderfulGirl has 30 seconds left.\n|\n|t:|1776165685\n|switch|p2a: Incineroar|Incineroar, L50, F|20/100\n|-ability|p2a: Incineroar|Intimidate|boost\n|-unboost|p1a: Conkeldurr|atk|1\n|-unboost|p1b: Camerupt|atk|1\n|move|p1a: Conkeldurr|Protect|p1a: Conkeldurr\n|-singleturn|p1a: Conkeldurr|Protect\n|move|p1b: Camerupt|Protect|p1b: Camerupt\n|-singleturn|p1b: Camerupt|Protect\n|move|p2b: Empoleon|Water Pulse|p1b: Camerupt\n|-activate|p1b: Camerupt|move: Protect\n|\n|-weather|Snowscape|[upkeep]\n|upkeep\n|turn|10\n|\n|t:|1776165706\n|move|p2a: Incineroar|Fake Out|p1a: Conkeldurr\n|-damage|p1a: Conkeldurr|72/100\n|move|p2b: Empoleon|Water Pulse|p1b: Camerupt\n|-supereffective|p1b: Camerupt|2\n|-crit|p1b: Camerupt\n|-damage|p1b: Camerupt|0 fnt\n|faint|p1b: Camerupt\n|cant|p1a: Conkeldurr|flinch\n|\n|-weather|Snowscape|[upkeep]\n|upkeep\n|turn|11\n|\n|t:|1776165722\n|move|p1a: Conkeldurr|Mach Punch|p2a: Incineroar\n|-supereffective|p2a: Incineroar|1\n|-damage|p2a: Incineroar|0 fnt\n|faint|p2a: Incineroar\n|move|p2b: Empoleon|Flash Cannon|p1a: Conkeldurr\n|-damage|p1a: Conkeldurr|34/100\n|\n|-weather|Snowscape|[upkeep]\n|upkeep\n|-message|giustounaprova forfeited.\n|\n|t:|1776165730\n|switch|p2a: Rotom|Rotom-Frost, L50|100/100\n|turn|12\n|\n|win|TheWonderfulGirl\n|raw|giustounaprova's rating: 1087 &rarr; <strong>1067</strong><br />(-20 for losing)\n|raw|TheWonderfulGirl's rating: 1128 &rarr; <strong>1150</strong><br />(+22 for winning)\n|l|\u2606giustounaprova\n|player|p1|\n",
  "uploadtime": 1776165740,
  "views": 14,
  "formatid": "gen9championsvgc2026regma",
  "rating": 1067,
  "private": 0,
  "password": null
}