{
  "id": "gen9championsvgc2026regma-2584678557",
  "format": "[Gen 9 Champions] VGC 2026 Reg M-A",
  "players": [
    "FrozenFlynn",
    "Awarren1996"
  ],
  "log": "|j|\u2606FrozenFlynn\n|j|\u2606Awarren1996\n|t:|1776276254\n|gametype|doubles\n|player|p1|FrozenFlynn|cheren-gen5bw2|1081\n|player|p2|Awarren1996|2|1155\n|gen|9\n|tier|[Gen 9 Champions] VGC 2026 Reg M-A\n|rated|\n|rule|Species Clause: Limit one of each Pok\u00e9mon\n|rule|Item Clause: Limit 1 of each item\n|clearpoke\n|poke|p1|Cofagrigus, L50, M|\n|poke|p1|Crabominable, L50, F|\n|poke|p1|Rotom-Wash, L50|\n|poke|p1|Armarouge, L50, M|\n|poke|p1|Drampa, L50, F|\n|poke|p1|Sinistcha, L50|\n|poke|p2|Farigiraf, L50, F|\n|poke|p2|Milotic, L50, M|\n|poke|p2|Golurk, L50|\n|poke|p2|Corviknight, L50, M|\n|poke|p2|Incineroar, L50, M|\n|poke|p2|Crabominable, L50, M|\n|teampreview|4\n|inactive|Battle timer is ON: inactive players will automatically lose when time's up. (requested by FrozenFlynn)\n|inactive|FrozenFlynn has 60 seconds left.\n|\n|t:|1776276312\n|teamsize|p1|4\n|teamsize|p2|4\n|start\n|switch|p1a: Armarouge|Armarouge, L50, M|100/100\n|switch|p1b: Rotom|Rotom-Wash, L50|100/100\n|switch|p2a: Incineroar|Incineroar, L50, M|100/100\n|switch|p2b: Milotic|Milotic, L50, M|100/100\n|-ability|p2a: Incineroar|Intimidate|boost\n|-unboost|p1a: Armarouge|atk|1\n|-unboost|p1b: Rotom|atk|1\n|turn|1\n|inactive|Awarren1996 has 30 seconds left.\n|\n|t:|1776276342\n|move|p1a: Armarouge|Protect|p1a: Armarouge\n|-singleturn|p1a: Armarouge|Protect\n|move|p2a: Incineroar|Fake Out|p1b: Rotom\n|-damage|p1b: Rotom|84/100\n|cant|p1b: Rotom|flinch\n|move|p2b: Milotic|Scald|p1a: Armarouge\n|-activate|p1a: Armarouge|move: Protect\n|\n|upkeep\n|turn|2\n|inactive|FrozenFlynn has 30 seconds left.\n|\n|t:|1776276367\n|switch|p1a: Sinistcha|Sinistcha, L50|100/100\n|-heal|p1b: Rotom|100/100|[from] ability: Hospitality|[of] p1a: Sinistcha\n|move|p1b: Rotom|Hydro Pump|p2a: Incineroar\n|-supereffective|p2a: Incineroar|1\n|-damage|p2a: Incineroar|0 fnt\n|faint|p2a: Incineroar\n|move|p2b: Milotic|Scald|p1a: Sinistcha\n|-resisted|p1a: Sinistcha|1\n|-damage|p1a: Sinistcha|89/100\n|\n|upkeep\n|\n|t:|1776276374\n|switch|p2a: Golurk|Golurk, L50|100/100\n|turn|3\n|inactive|Awarren1996 has 30 seconds left.\n|inactive|Awarren1996 has 20 seconds left.\n|\n|t:|1776276413\n|move|p1b: Rotom|Protect|p1b: Rotom\n|-singleturn|p1b: Rotom|Protect\n|move|p2a: Golurk|Protect|p2a: Golurk\n|-singleturn|p2a: Golurk|Protect\n|move|p2b: Milotic|Ice Beam|p1a: Sinistcha\n|-supereffective|p1a: Sinistcha|1\n|-damage|p1a: Sinistcha|53/100\n|move|p1a: Sinistcha|Matcha Gotcha|p2b: Milotic|[spread] p2b\n|-activate|p2a: Golurk|move: Protect\n|-supereffective|p2b: Milotic|1\n|-damage|p2b: Milotic|66/100\n|-heal|p1a: Sinistcha|70/100|[from] drain|[of] p2b: Milotic\n|\n|-heal|p2b: Milotic|71/100|[from] item: Leftovers\n|upkeep\n|turn|4\n|\n|t:|1776276436\n|switch|p2a: Corviknight|Corviknight, L50, M|100/100\n|move|p1b: Rotom|Hydro Pump|p2a: Corviknight\n|-damage|p2a: Corviknight|56/100\n|move|p2b: Milotic|Ice Beam|p1a: Sinistcha\n|-supereffective|p1a: Sinistcha|1\n|-damage|p1a: Sinistcha|35/100\n|move|p1a: Sinistcha|Matcha Gotcha|p2a: Corviknight|[spread] p2a,p2b\n|-resisted|p2a: Corviknight|2\n|-supereffective|p2b: Milotic|1\n|-damage|p2a: Corviknight|51/100\n|-heal|p1a: Sinistcha|38/100|[from] drain|[of] p2a: Corviknight\n|-damage|p2b: Milotic|42/100\n|-heal|p1a: Sinistcha|52/100|[from] drain|[of] p2b: Milotic\n|\n|-heal|p2b: Milotic|48/100|[from] item: Leftovers\n|upkeep\n|turn|5\n|inactive|FrozenFlynn has 30 seconds left.\n|inactive|FrozenFlynn has 20 seconds left.\n|inactive|FrozenFlynn has 15 seconds left.\n|inactive|FrozenFlynn has 10 seconds left.\n|\n|t:|1776276481\n|move|p1b: Rotom|Volt Switch|p2a: Corviknight\n|-supereffective|p2a: Corviknight|1\n|-damage|p2a: Corviknight|0 fnt\n|faint|p2a: Corviknight\n|\n|t:|1776276489\n|switch|p1b: Armarouge|Armarouge, L50, M|100/100|[from] Volt Switch\n|move|p2b: Milotic|Life Dew|p2b: Milotic\n|-heal|p2b: Milotic|73/100\n|move|p1a: Sinistcha|Matcha Gotcha|p2b: Milotic\n|-supereffective|p2b: Milotic|1\n|-damage|p2b: Milotic|28/100\n|-heal|p1a: Sinistcha|74/100|[from] drain|[of] p2b: Milotic\n|-status|p2b: Milotic|brn\n|\n|-heal|p2b: Milotic|34/100 brn|[from] item: Leftovers\n|-damage|p2b: Milotic|28/100 brn|[from] brn\n|upkeep\n|\n|t:|1776276495\n|switch|p2a: Golurk|Golurk, L50|100/100\n|turn|6\n|\n|t:|1776276517\n|detailschange|p2a: Golurk|Golurk-Mega, L50\n|-mega|p2a: Golurk|Golurk|Golurkite\n|move|p1b: Armarouge|Protect|p1b: Armarouge\n|-singleturn|p1b: Armarouge|Protect\n|move|p2b: Milotic|Scald|p1b: Armarouge\n|-activate|p1b: Armarouge|move: Protect\n|move|p1a: Sinistcha|Matcha Gotcha|p2a: Golurk|[spread] p2a,p2b\n|-supereffective|p2a: Golurk|1\n|-supereffective|p2b: Milotic|1\n|-damage|p2a: Golurk|50/100\n|-heal|p1a: Sinistcha|98/100|[from] drain|[of] p2a: Golurk\n|-damage|p2b: Milotic|0 fnt\n|-heal|p1a: Sinistcha|100/100|[from] drain|[of] p2b: Milotic\n|-status|p2a: Golurk|brn\n|faint|p2b: Milotic\n|move|p2a: Golurk|Poltergeist|p1a: Sinistcha\n|-activate|p1a: Sinistcha|move: Poltergeist|Mental Herb\n|-supereffective|p1a: Sinistcha|1\n|-damage|p1a: Sinistcha|31/100\n|\n|-damage|p2a: Golurk|44/100 brn|[from] brn\n|upkeep\n|turn|7\n|-message|Awarren1996 forfeited.\n|\n|win|FrozenFlynn\n|raw|FrozenFlynn's rating: 1081 &rarr; <strong>1115</strong><br />(+34 for winning)\n|raw|Awarren1996's rating: 1155 &rarr; <strong>1125</strong><br />(-30 for losing)\n|l|\u2606Awarren1996\n|player|p2|\n",
  "uploadtime": 1776276542,
  "views": 21,
  "formatid": "gen9championsvgc2026regma",
  "rating": 1115,
  "private": 0,
  "password": null
}