{
  "id": "gen9championsvgc2026regma-2583332386",
  "format": "[Gen 9 Champions] VGC 2026 Reg M-A",
  "players": [
    "the great crusader",
    "sonnyl"
  ],
  "log": "|j|\u2606the great crusader\n|j|\u2606sonnyl\n|t:|1776167684\n|gametype|doubles\n|player|p1|the great crusader|plasmagrunt|1306\n|player|p2|sonnyl|102|1229\n|gen|9\n|tier|[Gen 9 Champions] VGC 2026 Reg M-A\n|rated|\n|rule|Species Clause: Limit one of each Pok\u00e9mon\n|rule|Item Clause: Limit 1 of each item\n|clearpoke\n|poke|p1|Aerodactyl, L50, M|\n|poke|p1|Tyranitar, L50, M|\n|poke|p1|Sinistcha, L50|\n|poke|p1|Garchomp, L50, F|\n|poke|p1|Arcanine-Hisui, L50, F|\n|poke|p1|Milotic, L50, F|\n|poke|p2|Froslass, L50, F|\n|poke|p2|Garchomp, L50, M|\n|poke|p2|Rotom-Frost, L50|\n|poke|p2|Empoleon, L50, M|\n|poke|p2|Incineroar, L50, M|\n|poke|p2|Kingambit, L50, M|\n|teampreview|4\n|inactive|Battle timer is ON: inactive players will automatically lose when time's up. (requested by the great crusader)\n|\n|t:|1776167716\n|teamsize|p1|4\n|teamsize|p2|4\n|start\n|switch|p1a: Aerodactyl|Aerodactyl, L50, M|100/100\n|switch|p1b: Milotic|Milotic, L50, F|100/100\n|switch|p2a: Incineroar|Incineroar, L50, M|100/100\n|switch|p2b: Kingambit|Kingambit, L50, M|100/100\n|-ability|p1a: Aerodactyl|Unnerve\n|-ability|p2a: Incineroar|Intimidate|boost\n|-unboost|p1a: Aerodactyl|atk|1\n|-unboost|p1b: Milotic|atk|1\n|-ability|p1b: Milotic|Competitive|boost\n|-boost|p1b: Milotic|spa|2\n|turn|1\n|inactive|sonnyl has 30 seconds left.\n|\n|t:|1776167743\n|move|p1a: Aerodactyl|Protect|p1a: Aerodactyl\n|-singleturn|p1a: Aerodactyl|Protect\n|move|p1b: Milotic|Protect|p1b: Milotic\n|-singleturn|p1b: Milotic|Protect\n|move|p2a: Incineroar|Fake Out|p1b: Milotic\n|-activate|p1b: Milotic|move: Protect\n|move|p2b: Kingambit|Iron Head|p1a: Aerodactyl\n|-activate|p1a: Aerodactyl|move: Protect\n|\n|upkeep\n|turn|2\n|\n|t:|1776167760\n|switch|p2a: Empoleon|Empoleon, L50, M|100/100\n|move|p1a: Aerodactyl|Rock Slide|p2a: Empoleon|[spread] p2a,p2b\n|-resisted|p2a: Empoleon|1\n|-resisted|p2b: Kingambit|1\n|-damage|p2a: Empoleon|91/100\n|-damage|p2b: Kingambit|94/100\n|cant|p2b: Kingambit|flinch\n|move|p1b: Milotic|Scald|p2b: Kingambit\n|-damage|p2b: Kingambit|16/100\n|\n|-heal|p2a: Empoleon|97/100|[from] item: Leftovers\n|upkeep\n|turn|3\n|\n|t:|1776167784\n|move|p1a: Aerodactyl|Rock Slide|p2b: Kingambit|[spread] p2a,p2b\n|-resisted|p2a: Empoleon|1\n|-resisted|p2b: Kingambit|1\n|-damage|p2a: Empoleon|87/100\n|-damage|p2b: Kingambit|10/100\n|move|p2b: Kingambit|Iron Head|p1a: Aerodactyl\n|-supereffective|p1a: Aerodactyl|1\n|-enditem|p1a: Aerodactyl|Focus Sash\n|-damage|p1a: Aerodactyl|1/100\n|move|p1b: Milotic|Scald|p2b: Kingambit\n|-damage|p2b: Kingambit|0 fnt\n|faint|p2b: Kingambit\n|cant|p2a: Empoleon|flinch\n|\n|-heal|p2a: Empoleon|93/100|[from] item: Leftovers\n|upkeep\n|c|\u2606sonnyl|come on\n|c|\u2606sonnyl|please\n|\n|t:|1776167805\n|switch|p2b: Incineroar|Incineroar, L50, M|100/100\n|-ability|p2b: Incineroar|Intimidate|boost\n|-unboost|p1a: Aerodactyl|atk|1\n|-unboost|p1b: Milotic|atk|1\n|-ability|p1b: Milotic|Competitive|boost\n|-boost|p1b: Milotic|spa|2\n|turn|4\n|c|\u2606sonnyl|whoops\n|\n|t:|1776167822\n|move|p1a: Aerodactyl|Protect|p1a: Aerodactyl\n|-singleturn|p1a: Aerodactyl|Protect\n|move|p1b: Milotic|Protect|p1b: Milotic\n|-singleturn|p1b: Milotic|Protect\n|move|p2a: Empoleon|Water Pulse|p1a: Aerodactyl\n|-activate|p1a: Aerodactyl|move: Protect\n|move|p2b: Incineroar|Parting Shot|p1b: Milotic\n|-activate|p1b: Milotic|move: Protect\n|\n|-heal|p2a: Empoleon|99/100|[from] item: Leftovers\n|upkeep\n|turn|5\n|\n|t:|1776167839\n|move|p1a: Aerodactyl|Tailwind|p1a: Aerodactyl\n|-sidestart|p1: the great crusader|move: Tailwind\n|move|p1b: Milotic|Scald|p2b: Incineroar\n|-supereffective|p2b: Incineroar|1\n|-damage|p2b: Incineroar|0 fnt\n|faint|p2b: Incineroar\n|move|p2a: Empoleon|Roar|p1b: Milotic\n|drag|p1b: Arcanine|Arcanine-Hisui, L50, F|100/100\n|-ability|p1b: Arcanine|Intimidate|boost\n|-unboost|p2a: Empoleon|atk|1\n|-ability|p2a: Empoleon|Competitive|boost\n|-boost|p2a: Empoleon|spa|2\n|\n|-heal|p2a: Empoleon|100/100|[from] item: Leftovers\n|upkeep\n|\n|t:|1776167851\n|switch|p2b: Froslass|Froslass, L50, F|100/100\n|turn|6\n|\n|t:|1776167874\n|switch|p1a: Tyranitar|Tyranitar, L50, M|100/100\n|-weather|Sandstorm|[from] ability: Sand Stream|[of] p1a: Tyranitar\n|detailschange|p2b: Froslass|Froslass-Mega, L50, F\n|-mega|p2b: Froslass|Froslass|Froslassite\n|-weather|Snowscape|[from] ability: Snow Warning|[of] p2b: Froslass\n|move|p1b: Arcanine|Close Combat|p2a: Empoleon\n|-supereffective|p2a: Empoleon|1\n|-damage|p2a: Empoleon|19/100\n|-unboost|p1b: Arcanine|def|1\n|-unboost|p1b: Arcanine|spd|1\n|move|p2b: Froslass|Aurora Veil|p2b: Froslass\n|-sidestart|p2: sonnyl|move: Aurora Veil\n|move|p2a: Empoleon|Flash Cannon|p1a: Tyranitar\n|-supereffective|p1a: Tyranitar|1\n|-damage|p1a: Tyranitar|0 fnt\n|faint|p1a: Tyranitar\n|\n|-weather|Snowscape|[upkeep]\n|-heal|p2a: Empoleon|25/100|[from] item: Leftovers\n|upkeep\n|\n|t:|1776167889\n|switch|p1a: Aerodactyl|Aerodactyl, L50, M|1/100\n|-ability|p1a: Aerodactyl|Unnerve\n|turn|7\n|\n|t:|1776167900\n|move|p2a: Empoleon|Protect|p2a: Empoleon\n|-singleturn|p2a: Empoleon|Protect\n|move|p1a: Aerodactyl|Rock Slide|p2b: Froslass|[spread] p2b\n|-activate|p2a: Empoleon|move: Protect\n|-supereffective|p2b: Froslass|1\n|-damage|p2b: Froslass|67/100\n|move|p1b: Arcanine|Close Combat|p2a: Empoleon\n|-activate|p2a: Empoleon|move: Protect\n|move|p2b: Froslass|Blizzard|p1a: Aerodactyl|[spread] p1a,p1b\n|-supereffective|p1a: Aerodactyl|1\n|-resisted|p1b: Arcanine|1\n|-damage|p1a: Aerodactyl|0 fnt\n|-damage|p1b: Arcanine|50/100\n|-enditem|p1b: Arcanine|Sitrus Berry|[eat]\n|-heal|p1b: Arcanine|75/100|[from] item: Sitrus Berry\n|faint|p1a: Aerodactyl\n|\n|-weather|Snowscape|[upkeep]\n|-heal|p2a: Empoleon|30/100|[from] item: Leftovers\n|upkeep\n|\n|t:|1776167913\n|switch|p1a: Milotic|Milotic, L50, F|100/100\n|turn|8\n|\n|t:|1776167932\n|move|p1b: Arcanine|Close Combat|p2a: Empoleon\n|-supereffective|p2a: Empoleon|1\n|-damage|p2a: Empoleon|0 fnt\n|-unboost|p1b: Arcanine|def|1\n|-unboost|p1b: Arcanine|spd|1\n|faint|p2a: Empoleon\n|move|p1a: Milotic|Hypnosis|p2b: Froslass\n|-status|p2b: Froslass|slp|[from] move: Hypnosis\n|cant|p2b: Froslass|slp\n|\n|-weather|Snowscape|[upkeep]\n|-sideend|p1: the great crusader|move: Tailwind\n|upkeep\n|turn|9\n|\n|t:|1776167944\n|-curestatus|p2b: Froslass|slp|[msg]\n|move|p2b: Froslass|Shadow Ball|p1b: Arcanine\n|-damage|p1b: Arcanine|0 fnt\n|faint|p1b: Arcanine\n|move|p1a: Milotic|Icy Wind|p2b: Froslass\n|-resisted|p2b: Froslass|1\n|-damage|p2b: Froslass|61/100\n|-unboost|p2b: Froslass|spe|1\n|\n|-weather|Snowscape|[upkeep]\n|upkeep\n|turn|10\n|\n|t:|1776167956\n|move|p2b: Froslass|Shadow Ball|p1a: Milotic\n|-damage|p1a: Milotic|62/100\n|-unboost|p1a: Milotic|spd|1\n|-ability|p1a: Milotic|Competitive|boost\n|-boost|p1a: Milotic|spa|2\n|move|p1a: Milotic|Scald|p2b: Froslass\n|-damage|p2b: Froslass|0 fnt\n|faint|p2b: Froslass\n|\n|win|the great crusader\n|raw|the great crusader's rating: 1306 &rarr; <strong>1322</strong><br />(+16 for winning)\n|raw|sonnyl's rating: 1229 &rarr; <strong>1209</strong><br />(-20 for losing)\n|c|\u2606sonnyl|are we fr\n|c|\u2606sonnyl|gg\n|c|\u2606the great crusader|Oh that's tragic\n|c|\u2606the great crusader|Gg\n|c|\u2606sonnyl|walls me anyway\n|c|\u2606sonnyl|i think\n|c|\u2606sonnyl|unless i freeze\n|l|\u2606sonnyl\n|player|p2|\n|c|\u2606the great crusader|I could protect stall for leftovers\n|c|\u2606the great crusader|It wasn't looking good\n",
  "uploadtime": 1776168019,
  "views": 46,
  "formatid": "gen9championsvgc2026regma",
  "rating": 1209,
  "private": 0,
  "password": null
}