{
  "id": "gen9championsvgc2026regma-2585025480",
  "format": "[Gen 9 Champions] VGC 2026 Reg M-A",
  "players": [
    "bielp104",
    "Skadoty"
  ],
  "log": "|j|\u2606bielp104\n|j|\u2606Skadoty\n|t:|1776304456\n|gametype|doubles\n|player|p1|bielp104|169|1363\n|player|p2|Skadoty|101|1427\n|gen|9\n|tier|[Gen 9 Champions] VGC 2026 Reg M-A\n|rated|\n|rule|Species Clause: Limit one of each Pok\u00e9mon\n|rule|Item Clause: Limit 1 of each item\n|clearpoke\n|poke|p1|Meganium, L50, F|\n|poke|p1|Primarina, L50, F|\n|poke|p1|Sneasler, L50, M|\n|poke|p1|Pelipper, L50, F|\n|poke|p1|Basculegion, L50, M|\n|poke|p1|Archaludon, L50, M|\n|poke|p2|Hydreigon, L50, M|\n|poke|p2|Farigiraf, L50, M|\n|poke|p2|Torkoal, L50, F|\n|poke|p2|Crabominable, L50, F|\n|poke|p2|Kingambit, L50, F|\n|poke|p2|Armarouge, L50, M|\n|teampreview|4\n|inactive|Battle timer is ON: inactive players will automatically lose when time's up. (requested by Skadoty)\n|inactive|Skadoty has 60 seconds left.\n|\n|t:|1776304496\n|teamsize|p1|4\n|teamsize|p2|4\n|start\n|switch|p1a: Sneasler|Sneasler, L50, M|100/100\n|switch|p1b: Primarina|Primarina, L50, F|100/100\n|switch|p2a: Hydreigon|Hydreigon, L50, M|100/100\n|switch|p2b: Farigiraf|Farigiraf, L50, M|100/100\n|turn|1\n|inactive|bielp104 has 30 seconds left.\n|\n|t:|1776304528\n|move|p1a: Sneasler|Dire Claw|p2b: Farigiraf\n|-damage|p2b: Farigiraf|67/100\n|move|p2a: Hydreigon|Draco Meteor|p1a: Sneasler\n|-damage|p1a: Sneasler|1/100\n|-unboost|p2a: Hydreigon|spa|2\n|move|p1b: Primarina|Calm Mind|p1b: Primarina\n|-boost|p1b: Primarina|spa|1\n|-boost|p1b: Primarina|spd|1\n|move|p2b: Farigiraf|Trick Room|p2b: Farigiraf\n|-fieldstart|move: Trick Room|[of] p2b: Farigiraf\n|\n|upkeep\n|turn|2\n|\n|t:|1776304546\n|switch|p2a: Kingambit|Kingambit, L50, F|100/100\n|move|p1a: Sneasler|Protect|p1a: Sneasler\n|-singleturn|p1a: Sneasler|Protect\n|move|p2b: Farigiraf|Dazzling Gleam|p1a: Sneasler|[spread] p1b\n|-activate|p1a: Sneasler|move: Protect\n|-damage|p1b: Primarina|93/100\n|move|p1b: Primarina|Dazzling Gleam|p2b: Farigiraf|[spread] p2a,p2b\n|-damage|p2a: Kingambit|60/100\n|-damage|p2b: Farigiraf|23/100\n|\n|upkeep\n|turn|3\n|\n|t:|1776304564\n|switch|p1a: Pelipper|Pelipper, L50, F|100/100\n|-weather|RainDance|[from] ability: Drizzle|[of] p1a: Pelipper\n|move|p2a: Kingambit|Iron Head|p1b: Primarina\n|-damage|p1b: Primarina|24/100\n|cant|p1b: Primarina|flinch\n|move|p2b: Farigiraf|Dazzling Gleam|p1a: Pelipper|[spread] p1a,p1b\n|-damage|p1a: Pelipper|75/100\n|-damage|p1b: Primarina|17/100\n|\n|-weather|RainDance|[upkeep]\n|upkeep\n|turn|4\n|\n|t:|1776304583\n|switch|p2b: Torkoal|Torkoal, L50, F|100/100\n|-weather|SunnyDay|[from] ability: Drought|[of] p2b: Torkoal\n|move|p2a: Kingambit|Kowtow Cleave|p1a: Pelipper\n|-damage|p1a: Pelipper|16/100\n|move|p1b: Primarina|Hyper Voice|p2a: Kingambit|[spread] p2a,p2b\n|-supereffective|p2b: Torkoal|1\n|-damage|p2a: Kingambit|39/100\n|-damage|p2b: Torkoal|38/100\n|move|p1a: Pelipper|Weather Ball|p2a: Kingambit\n|-supereffective|p2a: Kingambit|1\n|-damage|p2a: Kingambit|0 fnt\n|faint|p2a: Kingambit\n|\n|-weather|SunnyDay|[upkeep]\n|upkeep\n|\n|t:|1776304600\n|switch|p2a: Hydreigon|Hydreigon, L50, M|100/100\n|turn|5\n|\n|t:|1776304618\n|move|p2b: Torkoal|Heat Wave|p1a: Pelipper|[spread] p1a\n|-miss|p2b: Torkoal|p1b: Primarina\n|-resisted|p1a: Pelipper|1\n|-crit|p1a: Pelipper\n|-damage|p1a: Pelipper|0 fnt\n|faint|p1a: Pelipper\n|move|p1b: Primarina|Dazzling Gleam|p2b: Torkoal|[spread] p2a,p2b\n|-supereffective|p2a: Hydreigon|2\n|-resisted|p2b: Torkoal|1\n|-crit|p2b: Torkoal\n|-damage|p2a: Hydreigon|0 fnt\n|-damage|p2b: Torkoal|0 fnt\n|faint|p2a: Hydreigon\n|faint|p2b: Torkoal\n|\n|-weather|SunnyDay|[upkeep]\n|-fieldend|move: Trick Room\n|upkeep\n|-message|Skadoty forfeited.\n|\n|win|bielp104\n|raw|bielp104's rating: 1363 &rarr; <strong>1387</strong><br />(+24 for winning)\n|raw|Skadoty's rating: 1427 &rarr; <strong>1403</strong><br />(-24 for losing)\n|l|\u2606Skadoty\n|player|p2|\n|l|\u2606bielp104\n|player|p1|\n",
  "uploadtime": 1776304821,
  "views": 43,
  "formatid": "gen9championsvgc2026regma",
  "rating": 1387,
  "private": 0,
  "password": null
}