{
  "id": "gen9championsvgc2026regma-2580845301",
  "format": "[Gen 9 Champions] VGC 2026 Reg M-A",
  "players": [
    "epic regi moment",
    "scara11"
  ],
  "log": "|j|\u2606epic regi moment\n|j|\u2606scara11\n|t:|1775937185\n|gametype|doubles\n|player|p1|epic regi moment|ghetsis-gen5bw|1072\n|player|p2|scara11|102|1000\n|gen|9\n|tier|[Gen 9 Champions] VGC 2026 Reg M-A\n|rated|\n|rule|Species Clause: Limit one of each Pok\u00e9mon\n|rule|Item Clause: Limit 1 of each item\n|clearpoke\n|poke|p1|Garchomp, L50, F|\n|poke|p1|Tyranitar, L50, F|\n|poke|p1|Sinistcha, L50|\n|poke|p1|Farigiraf, L50, F|\n|poke|p1|Excadrill, L50, F|\n|poke|p1|Floette-Eternal, L50, F|\n|poke|p2|Charizard, L50, M|\n|poke|p2|Venusaur, L50, F|\n|poke|p2|Sneasler, L50, M|\n|poke|p2|Incineroar, L50, F|\n|poke|p2|Basculegion, L50, M|\n|poke|p2|Garchomp, L50, M|\n|teampreview|4\n|inactive|Battle timer is ON: inactive players will automatically lose when time's up. (requested by epic regi moment)\n|inactive|epic regi moment has 60 seconds left.\n|\n|t:|1775937231\n|teamsize|p1|4\n|teamsize|p2|4\n|start\n|switch|p1a: Garchomp|Garchomp, L50, F|100/100\n|switch|p1b: Floette|Floette-Eternal, L50, F|100/100\n|switch|p2a: Charizard|Charizard, L50, M|100/100\n|switch|p2b: Venusaur|Venusaur, L50, F|100/100\n|turn|1\n|\n|t:|1775937251\n|detailschange|p2a: Charizard|Charizard-Mega-Y, L50, M\n|-mega|p2a: Charizard|Charizard|Charizardite Y\n|-weather|SunnyDay|[from] ability: Drought|[of] p2a: Charizard\n|move|p1a: Garchomp|Protect|p1a: Garchomp\n|-singleturn|p1a: Garchomp|Protect\n|move|p1b: Floette|Protect|p1b: Floette\n|-singleturn|p1b: Floette|Protect\n|move|p2b: Venusaur|Sludge Bomb|p1b: Floette\n|-activate|p1b: Floette|move: Protect\n|move|p2a: Charizard|Heat Wave|p1a: Garchomp|[spread] \n|-activate|p1a: Garchomp|move: Protect\n|-activate|p1b: Floette|move: Protect\n|\n|-weather|SunnyDay|[upkeep]\n|upkeep\n|turn|2\n|\n|t:|1775937270\n|switch|p2a: Incineroar|Incineroar, L50, F|100/100\n|-ability|p2a: Incineroar|Intimidate|boost\n|-unboost|p1a: Garchomp|atk|1\n|-unboost|p1b: Floette|atk|1\n|switch|p1b: Tyranitar|Tyranitar, L50, F|100/100\n|-weather|Sandstorm|[from] ability: Sand Stream|[of] p1b: Tyranitar\n|move|p1a: Garchomp|Dragon Claw|p2b: Venusaur\n|-damage|p2b: Venusaur|63/100\n|move|p2b: Venusaur|Sludge Bomb|p1b: Tyranitar\n|-resisted|p1b: Tyranitar|1\n|-damage|p1b: Tyranitar|87/100\n|\n|-weather|Sandstorm|[upkeep]\n|-damage|p2b: Venusaur|57/100|[from] Sandstorm\n|-damage|p2a: Incineroar|94/100|[from] Sandstorm\n|upkeep\n|turn|3\n|inactive|epic regi moment has 30 seconds left.\n|inactive|scara11 has 30 seconds left.\n|inactive|epic regi moment has 20 seconds left.\n|inactive|epic regi moment has 15 seconds left.\n|\n|t:|1775937311\n|switch|p2a: Charizard|Charizard-Mega-Y, L50, M|100/100\n|-weather|SunnyDay|[from] ability: Drought|[of] p2a: Charizard\n|move|p1b: Tyranitar|Protect|p1b: Tyranitar\n|-singleturn|p1b: Tyranitar|Protect\n|move|p2b: Venusaur|Energy Ball|p1b: Tyranitar\n|-activate|p1b: Tyranitar|move: Protect\n|move|p1a: Garchomp|Dragon Claw|p2b: Venusaur\n|-damage|p2b: Venusaur|20/100\n|\n|-weather|SunnyDay|[upkeep]\n|upkeep\n|turn|4\n|inactive|epic regi moment has 30 seconds left.\n|inactive|scara11 has 30 seconds left.\n|inactive|epic regi moment has 20 seconds left.\n|\n|t:|1775937348\n|switch|p2a: Incineroar|Incineroar, L50, F|94/100\n|-ability|p2a: Incineroar|Intimidate|boost\n|-unboost|p1a: Garchomp|atk|1\n|-unboost|p1b: Tyranitar|atk|1\n|switch|p1b: Farigiraf|Farigiraf, L50, F|100/100\n|move|p2b: Venusaur|Sleep Powder|p1a: Garchomp\n|-status|p1a: Garchomp|slp|[from] move: Sleep Powder\n|cant|p1a: Garchomp|slp\n|\n|-weather|SunnyDay|[upkeep]\n|upkeep\n|turn|5\n|inactive|epic regi moment has 30 seconds left.\n|inactive|scara11 has 30 seconds left.\n|\n|t:|1775937382\n|switch|p1a: Tyranitar|Tyranitar, L50, F|87/100\n|-weather|Sandstorm|[from] ability: Sand Stream|[of] p1a: Tyranitar\n|move|p2b: Venusaur|Sludge Bomb|p1b: Farigiraf\n|-damage|p1b: Farigiraf|64/100\n|move|p2a: Incineroar|Flare Blitz|p1b: Farigiraf\n|-damage|p1b: Farigiraf|16/100\n|-damage|p2a: Incineroar|77/100|[from] Recoil\n|move|p1b: Farigiraf|Trick Room|p1b: Farigiraf\n|-fieldstart|move: Trick Room|[of] p1b: Farigiraf\n|\n|-weather|Sandstorm|[upkeep]\n|-damage|p1b: Farigiraf|10/100|[from] Sandstorm\n|-damage|p2a: Incineroar|71/100|[from] Sandstorm\n|-damage|p2b: Venusaur|15/100|[from] Sandstorm\n|-heal|p1b: Farigiraf|16/100|[from] item: Leftovers\n|upkeep\n|turn|6\n|inactive|scara11 has 30 seconds left.\n|\n|t:|1775937409\n|switch|p2b: Charizard|Charizard-Mega-Y, L50, M|100/100\n|-weather|SunnyDay|[from] ability: Drought|[of] p2b: Charizard\n|move|p1a: Tyranitar|Rock Slide|p2b: Charizard|[spread] p2a,p2b\n|-supereffective|p2a: Incineroar|1\n|-supereffective|p2b: Charizard|2\n|-damage|p2a: Incineroar|13/100\n|-damage|p2b: Charizard|0 fnt\n|-enditem|p2a: Incineroar|Sitrus Berry|[eat]\n|-heal|p2a: Incineroar|38/100|[from] item: Sitrus Berry\n|faint|p2b: Charizard\n|move|p1b: Farigiraf|Hyper Voice|p2a: Incineroar\n|-damage|p2a: Incineroar|8/100\n|move|p2a: Incineroar|Parting Shot|p1a: Tyranitar\n|-unboost|p1a: Tyranitar|atk|1\n|-unboost|p1a: Tyranitar|spa|1\n|\n|t:|1775937425\n|switch|p2a: Basculegion|Basculegion, L50, M|100/100|[from] Parting Shot\n|\n|-weather|SunnyDay|[upkeep]\n|-heal|p1b: Farigiraf|22/100|[from] item: Leftovers\n|upkeep\n|\n|t:|1775937427\n|switch|p2b: Incineroar|Incineroar, L50, F|8/100\n|-ability|p2b: Incineroar|Intimidate|boost\n|-unboost|p1a: Tyranitar|atk|1\n|-unboost|p1b: Farigiraf|atk|1\n|turn|7\n|inactive|epic regi moment has 30 seconds left.\n|\n|t:|1775937453\n|move|p1b: Farigiraf|Psychic|p2a: Basculegion\n|-damage|p2a: Basculegion|61/100\n|move|p1a: Tyranitar|Rock Slide|p2b: Incineroar|[spread] p2a,p2b\n|-supereffective|p2b: Incineroar|1\n|-damage|p2a: Basculegion|38/100\n|-damage|p2b: Incineroar|0 fnt\n|faint|p2b: Incineroar\n|move|p2a: Basculegion|Flip Turn|p1b: Farigiraf\n|-damage|p1b: Farigiraf|3/100\n|\n|t:|1775937462\n|switch|p2a: Venusaur|Venusaur, L50, F|15/100|[from] Flip Turn\n|\n|-weather|SunnyDay|[upkeep]\n|-heal|p1b: Farigiraf|9/100|[from] item: Leftovers\n|upkeep\n|\n|t:|1775937467\n|switch|p2b: Basculegion|Basculegion, L50, M|38/100\n|turn|8\n|\n|t:|1775937480\n|move|p2a: Venusaur|Protect|p2a: Venusaur\n|-singleturn|p2a: Venusaur|Protect\n|move|p1a: Tyranitar|Crunch|p2b: Basculegion\n|-supereffective|p2b: Basculegion|1\n|-damage|p2b: Basculegion|0 fnt\n|faint|p2b: Basculegion\n|move|p1b: Farigiraf|Psychic|p2a: Venusaur\n|-activate|p2a: Venusaur|move: Protect\n|\n|-weather|SunnyDay|[upkeep]\n|-heal|p1b: Farigiraf|15/100|[from] item: Leftovers\n|upkeep\n|turn|9\n|l|\u2606scara11\n|inactive|scara11 disconnected and has a minute to reconnect!\n|player|p2|\n|inactive|scara11 has 30 seconds left.\n|inactive|scara11 has 20 seconds left.\n|inactive|scara11 has 15 seconds left.\n|inactive|scara11 has 10 seconds left.\n|inactive|scara11 has 5 seconds left.\n|-message|scara11 lost due to inactivity.\n|\n|win|epic regi moment\n|raw|epic regi moment's rating: 1072 &rarr; <strong>1095</strong><br />(+23 for winning)\n|raw|scara11's rating: 1000 &rarr; <strong>1000</strong><br />(+0 for losing)\n",
  "uploadtime": 1775937548,
  "views": 55,
  "formatid": "gen9championsvgc2026regma",
  "rating": 1000,
  "private": 0,
  "password": null
}