{
  "id": "gen9championsvgc2026regma-2585905656",
  "format": "[Gen 9 Champions] VGC 2026 Reg M-A",
  "players": [
    "BringDaNoize",
    "Ramen Broth"
  ],
  "log": "|j|\u2606BringDaNoize\n|j|\u2606Ramen Broth\n|t:|1776380193\n|gametype|doubles\n|player|p1|BringDaNoize|guitarist-gen4|1381\n|player|p2|Ramen Broth|169|1315\n|gen|9\n|tier|[Gen 9 Champions] VGC 2026 Reg M-A\n|rated|\n|rule|Species Clause: Limit one of each Pok\u00e9mon\n|rule|Item Clause: Limit 1 of each item\n|clearpoke\n|poke|p1|Machamp, L50, M|\n|poke|p1|Slowbro, L50, M|\n|poke|p1|Incineroar, L50, F|\n|poke|p1|Sinistcha, L50|\n|poke|p1|Clefable, L50, M|\n|poke|p1|Excadrill, L50, M|\n|poke|p2|Tyranitar, L50, F|\n|poke|p2|Meganium, L50, F|\n|poke|p2|Basculegion, L50, M|\n|poke|p2|Garchomp, L50, M|\n|poke|p2|Sneasler, L50, M|\n|poke|p2|Aerodactyl, L50, M|\n|teampreview|4\n|inactive|Battle timer is ON: inactive players will automatically lose when time's up. (requested by Ramen Broth)\n|j| TwistedGengar\n|inactive|BringDaNoize has 60 seconds left.\n|inactive|Ramen Broth has 60 seconds left.\n|inactive|BringDaNoize has 30 seconds left.\n|\n|t:|1776380255\n|teamsize|p1|4\n|teamsize|p2|4\n|start\n|switch|p1a: Slowbro|Slowbro, L50, M|100/100\n|switch|p1b: Incineroar|Incineroar, L50, F|100/100\n|switch|p2a: Sneasler|Sneasler, L50, M|100/100\n|switch|p2b: Basculegion|Basculegion, L50, M|100/100\n|-ability|p1b: Incineroar|Intimidate|boost\n|-unboost|p2a: Sneasler|atk|1\n|-unboost|p2b: Basculegion|atk|1\n|-enditem|p2a: Sneasler|White Herb\n|-clearnegativeboost|p2a: Sneasler|[silent]\n|turn|1\n|inactive|Ramen Broth has 30 seconds left.\n|\n|t:|1776380282\n|switch|p2b: Aerodactyl|Aerodactyl, L50, M|100/100\n|-ability|p2b: Aerodactyl|Unnerve\n|detailschange|p1a: Slowbro|Slowbro-Mega, L50, M\n|-mega|p1a: Slowbro|Slowbro|Slowbronite\n|move|p2a: Sneasler|Protect|p2a: Sneasler\n|-singleturn|p2a: Sneasler|Protect\n|move|p1b: Incineroar|Parting Shot|p2b: Aerodactyl\n|-unboost|p2b: Aerodactyl|atk|1\n|-unboost|p2b: Aerodactyl|spa|1\n|\n|t:|1776380292\n|switch|p1b: Machamp|Machamp, L50, M|100/100|[from] Parting Shot\n|move|p1a: Slowbro|Trick Room|p1a: Slowbro\n|-fieldstart|move: Trick Room|[of] p1a: Slowbro\n|\n|upkeep\n|turn|2\n|inactive|BringDaNoize has 30 seconds left.\n|inactive|BringDaNoize has 20 seconds left.\n|inactive|BringDaNoize has 15 seconds left.\n|inactive|BringDaNoize has 10 seconds left.\n|\n|t:|1776380338\n|switch|p2a: Basculegion|Basculegion, L50, M|100/100\n|move|p1a: Slowbro|Psychic|p2a: Basculegion\n|-crit|p2a: Basculegion\n|-damage|p2a: Basculegion|20/100\n|move|p1b: Machamp|Cross Chop|p2a: Basculegion\n|-immune|p2a: Basculegion\n|move|p2b: Aerodactyl|Dual Wingbeat|p1b: Machamp\n|-supereffective|p1b: Machamp|1\n|-damage|p1b: Machamp|73/100\n|-supereffective|p1b: Machamp|1\n|-damage|p1b: Machamp|49/100\n|-hitcount|p1b: Machamp|2\n|\n|upkeep\n|turn|3\n|inactive|Ramen Broth has 30 seconds left.\n|\n|t:|1776380366\n|move|p2b: Aerodactyl|Protect|p2b: Aerodactyl\n|-singleturn|p2b: Aerodactyl|Protect\n|move|p2a: Basculegion|Aqua Jet|p1b: Machamp\n|-damage|p1b: Machamp|22/100\n|move|p1a: Slowbro|Psychic|p2a: Basculegion\n|-damage|p2a: Basculegion|0 fnt\n|faint|p2a: Basculegion\n|move|p1b: Machamp|Stone Edge|p2b: Aerodactyl\n|-activate|p2b: Aerodactyl|move: Protect\n|\n|upkeep\n|\n|t:|1776380371\n|switch|p2a: Sneasler|Sneasler, L50, M|100/100\n|turn|4\n|j| Choklit Milk\n|l| Choklit Milk\n|inactive|BringDaNoize has 30 seconds left.\n|\n|t:|1776380405\n|switch|p1b: Incineroar|Incineroar, L50, F|100/100\n|-ability|p1b: Incineroar|Intimidate|boost\n|-unboost|p2a: Sneasler|atk|1\n|-unboost|p2b: Aerodactyl|atk|1\n|move|p2a: Sneasler|Fake Out|p1a: Slowbro\n|-damage|p1a: Slowbro|95/100\n|cant|p1a: Slowbro|flinch\n|move|p2b: Aerodactyl|Dual Wingbeat|p1b: Incineroar\n|-damage|p1b: Incineroar|93/100\n|-damage|p1b: Incineroar|84/100\n|-hitcount|p1b: Incineroar|2\n|\n|upkeep\n|turn|5\n|\n|t:|1776380427\n|switch|p2b: Meganium|Meganium, L50, F|100/100\n|move|p2a: Sneasler|Protect|p2a: Sneasler\n|-singleturn|p2a: Sneasler|Protect\n|move|p1a: Slowbro|Scald|p2b: Meganium\n|-resisted|p2b: Meganium|1\n|-damage|p2b: Meganium|79/100\n|move|p1b: Incineroar|Parting Shot|p2b: Meganium\n|-unboost|p2b: Meganium|atk|1\n|-unboost|p2b: Meganium|spa|1\n|\n|t:|1776380437\n|switch|p1b: Sinistcha|Sinistcha, L50|100/100|[from] Parting Shot\n|\n|-fieldend|move: Trick Room\n|upkeep\n|turn|6\n|\n|t:|1776380448\n|switch|p2a: Aerodactyl|Aerodactyl, L50, M|100/100\n|-ability|p2a: Aerodactyl|Unnerve\n|switch|p1a: Incineroar|Incineroar, L50, F|84/100\n|-ability|p1a: Incineroar|Intimidate|boost\n|-unboost|p2a: Aerodactyl|atk|1\n|-unboost|p2b: Meganium|atk|1\n|detailschange|p2b: Meganium|Meganium-Mega, L50, F\n|-mega|p2b: Meganium|Meganium|Meganiumite\n|move|p2b: Meganium|Weather Ball|p1b: Sinistcha\n|-supereffective|p1b: Sinistcha|1\n|-crit|p1b: Sinistcha\n|-damage|p1b: Sinistcha|16/100\n|move|p1b: Sinistcha|Trick Room|p1b: Sinistcha\n|-fieldstart|move: Trick Room|[of] p1b: Sinistcha\n|\n|upkeep\n|turn|7\n|c|\u2606BringDaNoize|IT'S A CRIT!!!\n|\n|t:|1776380471\n|switch|p2a: Sneasler|Sneasler, L50, M|100/100\n|move|p2b: Meganium|Protect|p2b: Meganium\n|-singleturn|p2b: Meganium|Protect\n|move|p1a: Incineroar|Flare Blitz|p2b: Meganium\n|-activate|p2b: Meganium|move: Protect\n|move|p1b: Sinistcha|Strength Sap|p2a: Sneasler\n|-unboost|p2a: Sneasler|atk|1\n|-heal|p1b: Sinistcha|100/100\n|\n|upkeep\n|turn|8\n|\n|t:|1776380484\n|switch|p2b: Aerodactyl|Aerodactyl, L50, M|100/100\n|-ability|p2b: Aerodactyl|Unnerve\n|move|p2a: Sneasler|Fake Out|p1a: Incineroar\n|-damage|p1a: Incineroar|74/100\n|cant|p1a: Incineroar|flinch\n|move|p1b: Sinistcha|Calm Mind|p1b: Sinistcha\n|-boost|p1b: Sinistcha|spa|1\n|-boost|p1b: Sinistcha|spd|1\n|\n|upkeep\n|turn|9\n|inactive|BringDaNoize has 30 seconds left.\n|\n|t:|1776380516\n|switch|p2b: Meganium|Meganium-Mega, L50, F|79/100\n|move|p2a: Sneasler|Protect|p2a: Sneasler\n|-singleturn|p2a: Sneasler|Protect\n|move|p1a: Incineroar|Flare Blitz|p2a: Sneasler\n|-activate|p2a: Sneasler|move: Protect\n|move|p1b: Sinistcha|Matcha Gotcha|p2b: Meganium|[spread] p2b\n|-activate|p2a: Sneasler|move: Protect\n|-resisted|p2b: Meganium|1\n|-damage|p2b: Meganium|64/100\n|\n|upkeep\n|turn|10\n|inactive|BringDaNoize has 30 seconds left.\n|inactive|BringDaNoize has 20 seconds left.\n|inactive|BringDaNoize has 15 seconds left.\n|\n|t:|1776380557\n|switch|p2a: Aerodactyl|Aerodactyl, L50, M|100/100\n|-ability|p2a: Aerodactyl|Unnerve\n|move|p1a: Incineroar|Flare Blitz|p2b: Meganium\n|-supereffective|p2b: Meganium|1\n|-damage|p2b: Meganium|0 fnt\n|faint|p2b: Meganium\n|-damage|p1a: Incineroar|54/100|[from] Recoil\n|move|p1b: Sinistcha|Calm Mind|p1b: Sinistcha\n|-boost|p1b: Sinistcha|spa|1\n|-boost|p1b: Sinistcha|spd|1\n|\n|-fieldend|move: Trick Room\n|upkeep\n|\n|t:|1776380561\n|switch|p2b: Sneasler|Sneasler, L50, M|100/100\n|turn|11\n|\n|t:|1776380575\n|switch|p1a: Machamp|Machamp, L50, M|22/100\n|move|p2a: Aerodactyl|Dual Wingbeat|p1b: Sinistcha|[miss]\n|-miss|p2a: Aerodactyl|p1b: Sinistcha\n|move|p2b: Sneasler|Close Combat|p1a: Machamp\n|-damage|p1a: Machamp|0 fnt\n|-unboost|p2b: Sneasler|def|1\n|-unboost|p2b: Sneasler|spd|1\n|faint|p1a: Machamp\n|move|p1b: Sinistcha|Trick Room|p1b: Sinistcha\n|-fieldstart|move: Trick Room|[of] p1b: Sinistcha\n|\n|upkeep\n|c|\u2606Ramen Broth|ggh\n|-message|Ramen Broth forfeited.\n|\n|win|BringDaNoize\n|raw|BringDaNoize's rating: 1381 &rarr; <strong>1397</strong><br />(+16 for winning)\n|raw|Ramen Broth's rating: 1315 &rarr; <strong>1299</strong><br />(-16 for losing)\n|l|\u2606Ramen Broth\n|player|p2|\n|l| TwistedGengar\n|j| TwistedGengar\n|l|\u2606BringDaNoize\n|player|p1|\n|j|\u2606BringDaNoize\n|player|p1|BringDaNoize|guitarist-gen4|\n",
  "uploadtime": 1776380628,
  "views": 26,
  "formatid": "gen9championsvgc2026regma",
  "rating": 1299,
  "private": 0,
  "password": null
}