{
  "id": "gen9championsvgc2026regma-2587728948",
  "format": "[Gen 9 Champions] VGC 2026 Reg M-A",
  "players": [
    "Cerebellibrarian",
    "ThatSteelOwl"
  ],
  "log": "|j|\u2606Cerebellibrarian\n|j|\u2606ThatSteelOwl\n|t:|1776558087\n|gametype|doubles\n|player|p1|Cerebellibrarian|266|1397\n|player|p2|ThatSteelOwl|pokemonbreederf-gen4|1496\n|gen|9\n|tier|[Gen 9 Champions] VGC 2026 Reg M-A\n|rated|\n|rule|Species Clause: Limit one of each Pok\u00e9mon\n|rule|Item Clause: Limit 1 of each item\n|clearpoke\n|poke|p1|Typhlosion-Hisui, L50, F|\n|poke|p1|Dragonite, L50, M|\n|poke|p1|Scizor, L50, F|\n|poke|p1|Blastoise, L50, F|\n|poke|p1|Maushold, L50|\n|poke|p1|Tsareena, L50, F|\n|poke|p2|Meganium, L50, F|\n|poke|p2|Gengar, L50, M|\n|poke|p2|Lucario, L50, F|\n|poke|p2|Pelipper, L50, M|\n|poke|p2|Basculegion, L50, M|\n|poke|p2|Kingambit, L50, M|\n|teampreview|4\n|j| p74\n|inactive|Battle timer is ON: inactive players will automatically lose when time's up. (requested by Cerebellibrarian)\n|inactive|ThatSteelOwl has 60 seconds left.\n|\n|t:|1776558149\n|teamsize|p1|4\n|teamsize|p2|4\n|start\n|switch|p1a: Typhlosion|Typhlosion-Hisui, L50, F|100/100\n|switch|p1b: Scizor|Scizor, L50, F|100/100\n|switch|p2a: Meganium|Meganium, L50, F|100/100\n|switch|p2b: Pelipper|Pelipper, L50, M|100/100\n|-weather|RainDance|[from] ability: Drizzle|[of] p2b: Pelipper\n|turn|1\n|\n|t:|1776558173\n|detailschange|p2a: Meganium|Meganium-Mega, L50, F\n|-mega|p2a: Meganium|Meganium|Meganiumite\n|move|p1b: Scizor|Bullet Punch|p2a: Meganium\n|-supereffective|p2a: Meganium|1\n|-damage|p2a: Meganium|27/100\n|move|p1a: Typhlosion|Eruption|p2b: Pelipper|[spread] p2a,p2b\n|-supereffective|p2a: Meganium|1\n|-resisted|p2b: Pelipper|1\n|-damage|p2a: Meganium|0 fnt\n|-damage|p2b: Pelipper|76/100\n|faint|p2a: Meganium\n|move|p2b: Pelipper|Tailwind|p2b: Pelipper\n|-sidestart|p2: ThatSteelOwl|move: Tailwind\n|\n|-weather|RainDance|[upkeep]\n|upkeep\n|\n|t:|1776558179\n|switch|p2a: Basculegion|Basculegion, L50, M|100/100\n|turn|2\n|\n|t:|1776558203\n|move|p1b: Scizor|Bullet Punch|p2a: Basculegion\n|-resisted|p2a: Basculegion|1\n|-damage|p2a: Basculegion|78/100\n|move|p2a: Basculegion|Wave Crash|p1a: Typhlosion\n|-supereffective|p1a: Typhlosion|1\n|-damage|p1a: Typhlosion|0 fnt\n|faint|p1a: Typhlosion\n|-damage|p2a: Basculegion|52/100|[from] Recoil\n|move|p2b: Pelipper|Hurricane|p1b: Scizor\n|-damage|p1b: Scizor|29/100\n|-start|p1b: Scizor|confusion\n|\n|-weather|RainDance|[upkeep]\n|upkeep\n|\n|t:|1776558211\n|switch|p1a: Tsareena|Tsareena, L50, F|100/100\n|turn|3\n|j| Choklit Milk\n|l| Choklit Milk\n|\n|t:|1776558229\n|move|p2a: Basculegion|Flip Turn|p1b: Scizor\n|-damage|p1b: Scizor|0 fnt\n|faint|p1b: Scizor\n|\n|t:|1776558233\n|switch|p2a: Kingambit|Kingambit, L50, M|100/100|[from] Flip Turn\n|move|p2b: Pelipper|Hurricane|p1a: Tsareena\n|-supereffective|p1a: Tsareena|1\n|-damage|p1a: Tsareena|0 fnt\n|faint|p1a: Tsareena\n|\n|-weather|RainDance|[upkeep]\n|upkeep\n|\n|t:|1776558237\n|switch|p1b: Blastoise|Blastoise, L50, F|100/100\n|turn|4\n|\n|t:|1776558250\n|move|p2a: Kingambit|Protect|p2a: Kingambit\n|-singleturn|p2a: Kingambit|Protect\n|move|p1b: Blastoise|Protect|p1b: Blastoise\n|-singleturn|p1b: Blastoise|Protect\n|move|p2b: Pelipper|Hurricane|p1b: Blastoise\n|-activate|p1b: Blastoise|move: Protect\n|\n|-weather|RainDance|[upkeep]\n|-sideend|p2: ThatSteelOwl|move: Tailwind\n|upkeep\n|turn|5\n|\n|t:|1776558260\n|detailschange|p1b: Blastoise|Blastoise-Mega, L50, F\n|-mega|p1b: Blastoise|Blastoise|Blastoisinite\n|move|p2a: Kingambit|Sucker Punch|p1b: Blastoise\n|-damage|p1b: Blastoise|59/100\n|move|p2b: Pelipper|Hurricane|p1b: Blastoise\n|-damage|p1b: Blastoise|19/100\n|move|p1b: Blastoise|Water Spout|p2b: Pelipper|[spread] p2a,p2b\n|-resisted|p2b: Pelipper|1\n|-damage|p2a: Kingambit|83/100\n|-damage|p2b: Pelipper|60/100\n|\n|-weather|none\n|upkeep\n|turn|6\n|-message|Cerebellibrarian forfeited.\n|\n|win|ThatSteelOwl\n|raw|Cerebellibrarian's rating: 1397 &rarr; <strong>1383</strong><br />(-14 for losing)\n|raw|ThatSteelOwl's rating: 1496 &rarr; <strong>1510</strong><br />(+14 for winning)\n|l|\u2606Cerebellibrarian\n|player|p1|\n|l|\u2606ThatSteelOwl\n|player|p2|\n",
  "uploadtime": 1776558712,
  "views": 16,
  "formatid": "gen9championsvgc2026regma",
  "rating": 1383,
  "private": 0,
  "password": null
}