{
  "id": "gen9championsvgc2026regma-2585563677",
  "format": "[Gen 9 Champions] VGC 2026 Reg M-A",
  "players": [
    "smp on whimsicott",
    "carwolfe"
  ],
  "log": "|j|\u2606smp on whimsicott\n|j|\u2606carwolfe\n|t:|1776355778\n|gametype|doubles\n|player|p1|smp on whimsicott|artist-gen4|1437\n|player|p2|carwolfe|1|1333\n|gen|9\n|tier|[Gen 9 Champions] VGC 2026 Reg M-A\n|rated|\n|rule|Species Clause: Limit one of each Pok\u00e9mon\n|rule|Item Clause: Limit 1 of each item\n|clearpoke\n|poke|p1|Floette-Eternal, L50, F|\n|poke|p1|Basculegion, L50, M|\n|poke|p1|Garchomp, L50, M|\n|poke|p1|Sneasler, L50, M|\n|poke|p1|Froslass, L50, F|\n|poke|p1|Kingambit, L50, M|\n|poke|p2|Sneasler, L50, M|\n|poke|p2|Farigiraf, L50, M|\n|poke|p2|Archaludon, L50, M|\n|poke|p2|Pelipper, L50, M|\n|poke|p2|Garchomp, L50, F|\n|poke|p2|Meganium, L50, M|\n|teampreview|4\n|inactive|Battle timer is ON: inactive players will automatically lose when time's up. (requested by carwolfe)\n|\n|t:|1776355824\n|teamsize|p1|4\n|teamsize|p2|4\n|start\n|switch|p1a: Froslass|Froslass, L50, F|100/100\n|switch|p1b: Sneasler|Sneasler, L50, M|100/100\n|switch|p2a: Farigiraf|Farigiraf, L50, M|100/100\n|switch|p2b: Sneasler|Sneasler, L50, M|100/100\n|turn|1\n|j| HelloThere72\n|inactive|smp on whimsicott has 30 seconds left.\n|\n|t:|1776355851\n|detailschange|p1a: Froslass|Froslass-Mega, L50, F\n|-mega|p1a: Froslass|Froslass|Froslassite\n|-weather|Snowscape|[from] ability: Snow Warning|[of] p1a: Froslass\n|move|p1b: Sneasler|Protect|p1b: Sneasler\n|-singleturn|p1b: Sneasler|Protect\n|move|p2b: Sneasler|Fake Out|p1b: Sneasler\n|-activate|p1b: Sneasler|move: Protect\n|move|p1a: Froslass|Blizzard|p2b: Sneasler|[spread] p2a,p2b\n|-damage|p2a: Farigiraf|65/100\n|-damage|p2b: Sneasler|39/100\n|move|p2a: Farigiraf|Trick Room|p2a: Farigiraf\n|-fieldstart|move: Trick Room|[of] p2a: Farigiraf\n|\n|-weather|Snowscape|[upkeep]\n|upkeep\n|turn|2\n|\n|t:|1776355871\n|switch|p1b: Kingambit|Kingambit, L50, M|100/100\n|switch|p2b: Pelipper|Pelipper, L50, M|100/100\n|-weather|RainDance|[from] ability: Drizzle|[of] p2b: Pelipper\n|move|p2a: Farigiraf|Psychic|p1b: Kingambit\n|-immune|p1b: Kingambit\n|move|p1a: Froslass|Blizzard|p2a: Farigiraf|[spread] p2a\n|-miss|p1a: Froslass|p2b: Pelipper\n|-damage|p2a: Farigiraf|32/100\n|\n|-weather|RainDance|[upkeep]\n|upkeep\n|turn|3\n|inactive|smp on whimsicott has 30 seconds left.\n|\n|t:|1776355904\n|switch|p1a: Garchomp|Garchomp, L50, M|100/100\n|move|p2a: Farigiraf|Psychic|p1a: Garchomp\n|-damage|p1a: Garchomp|63/100\n|-unboost|p1a: Garchomp|spd|1\n|move|p1b: Kingambit|Kowtow Cleave|p2b: Pelipper\n|-damage|p2b: Pelipper|51/100\n|move|p2b: Pelipper|Weather Ball|p1b: Kingambit\n|-damage|p1b: Kingambit|36/100\n|\n|-weather|RainDance|[upkeep]\n|upkeep\n|turn|4\n|\n|t:|1776355928\n|switch|p2b: Sneasler|Sneasler, L50, M|39/100\n|move|p2a: Farigiraf|Protect|p2a: Farigiraf\n|-singleturn|p2a: Farigiraf|Protect\n|move|p1b: Kingambit|Kowtow Cleave|p2a: Farigiraf\n|-activate|p2a: Farigiraf|move: Protect\n|move|p1a: Garchomp|Rock Slide|p2b: Sneasler|[spread] p2b\n|-activate|p2a: Farigiraf|move: Protect\n|-resisted|p2b: Sneasler|1\n|-damage|p2b: Sneasler|24/100\n|\n|-weather|RainDance|[upkeep]\n|upkeep\n|turn|5\n|\n|t:|1776355945\n|switch|p1a: Froslass|Froslass-Mega, L50, F|100/100\n|-weather|Snowscape|[from] ability: Snow Warning|[of] p1a: Froslass\n|move|p1b: Kingambit|Protect|p1b: Kingambit\n|-singleturn|p1b: Kingambit|Protect\n|move|p2b: Sneasler|Fake Out|p1b: Kingambit\n|-activate|p1b: Kingambit|move: Protect\n|move|p2a: Farigiraf|Psychic|p1a: Froslass\n|-damage|p1a: Froslass|60/100\n|\n|-weather|Snowscape|[upkeep]\n|-fieldend|move: Trick Room\n|upkeep\n|turn|6\n|\n|t:|1776355968\n|switch|p2b: Pelipper|Pelipper, L50, M|51/100\n|-weather|RainDance|[from] ability: Drizzle|[of] p2b: Pelipper\n|move|p2a: Farigiraf|Protect|p2a: Farigiraf\n|-singleturn|p2a: Farigiraf|Protect\n|move|p1a: Froslass|Blizzard|p2a: Farigiraf|[spread] p2b\n|-activate|p2a: Farigiraf|move: Protect\n|-damage|p2b: Pelipper|0 fnt\n|faint|p2b: Pelipper\n|move|p1b: Kingambit|Kowtow Cleave|p2a: Farigiraf\n|-activate|p2a: Farigiraf|move: Protect\n|\n|-weather|RainDance|[upkeep]\n|upkeep\n|\n|t:|1776355984\n|switch|p2b: Meganium|Meganium, L50, M|100/100\n|turn|7\n|\n|t:|1776356000\n|detailschange|p2b: Meganium|Meganium-Mega, L50, M\n|-mega|p2b: Meganium|Meganium|Meganiumite\n|move|p1a: Froslass|Blizzard|p2a: Farigiraf|[spread] p2b\n|-miss|p1a: Froslass|p2a: Farigiraf\n|-supereffective|p2b: Meganium|1\n|-damage|p2b: Meganium|26/100\n|move|p2b: Meganium|Weather Ball|p1b: Kingambit\n|-supereffective|p1b: Kingambit|1\n|-damage|p1b: Kingambit|0 fnt\n|faint|p1b: Kingambit\n|move|p2a: Farigiraf|Trick Room|p2a: Farigiraf\n|-fieldstart|move: Trick Room|[of] p2a: Farigiraf\n|\n|-weather|RainDance|[upkeep]\n|upkeep\n|\n|t:|1776356018\n|switch|p1b: Sneasler|Sneasler, L50, M|100/100\n|turn|8\n|\n|t:|1776356026\n|move|p2a: Farigiraf|Psychic|p1b: Sneasler\n|-supereffective|p1b: Sneasler|2\n|-enditem|p1b: Sneasler|Focus Sash\n|-damage|p1b: Sneasler|1/100\n|move|p2b: Meganium|Weather Ball|p1a: Froslass\n|-supereffective|p1a: Froslass|1\n|-damage|p1a: Froslass|0 fnt\n|faint|p1a: Froslass\n|move|p1b: Sneasler|Dire Claw|p2b: Meganium\n|-supereffective|p2b: Meganium|2\n|-damage|p2b: Meganium|0 fnt\n|faint|p2b: Meganium\n|\n|-weather|RainDance|[upkeep]\n|upkeep\n|\n|t:|1776356038\n|switch|p2b: Sneasler|Sneasler, L50, M|24/100\n|switch|p1a: Garchomp|Garchomp, L50, M|63/100\n|turn|9\n|\n|t:|1776356050\n|move|p1a: Garchomp|Protect|p1a: Garchomp\n|-singleturn|p1a: Garchomp|Protect\n|move|p1b: Sneasler|Protect|p1b: Sneasler\n|-singleturn|p1b: Sneasler|Protect\n|move|p2b: Sneasler|Fake Out|p1a: Garchomp\n|-activate|p1a: Garchomp|move: Protect\n|move|p2a: Farigiraf|Hyper Voice|p1b: Sneasler|[spread] \n|-activate|p1a: Garchomp|move: Protect\n|-activate|p1b: Sneasler|move: Protect\n|\n|-weather|RainDance|[upkeep]\n|upkeep\n|turn|10\n|\n|t:|1776356069\n|move|p2a: Farigiraf|Hyper Voice|p1b: Sneasler|[spread] p1a,p1b\n|-damage|p1a: Garchomp|34/100\n|-damage|p1b: Sneasler|0 fnt\n|faint|p1b: Sneasler\n|move|p1a: Garchomp|Dragon Claw|p2b: Sneasler\n|-damage|p2b: Sneasler|0 fnt\n|faint|p2b: Sneasler\n|\n|-weather|none\n|upkeep\n|turn|11\n|\n|t:|1776356086\n|move|p1a: Garchomp|Protect|p1a: Garchomp\n|-singleturn|p1a: Garchomp|Protect\n|move|p2a: Farigiraf|Hyper Voice|p1a: Garchomp\n|-activate|p1a: Garchomp|move: Protect\n|\n|-fieldend|move: Trick Room\n|upkeep\n|turn|12\n|\n|t:|1776356096\n|move|p1a: Garchomp|Earthquake|p2a: Farigiraf\n|-damage|p2a: Farigiraf|0 fnt\n|faint|p2a: Farigiraf\n|\n|win|smp on whimsicott\n|raw|smp on whimsicott's rating: 1437 &rarr; <strong>1451</strong><br />(+14 for winning)\n|raw|carwolfe's rating: 1333 &rarr; <strong>1319</strong><br />(-14 for losing)\n",
  "uploadtime": 1776356097,
  "views": 31,
  "formatid": "gen9championsvgc2026regma",
  "rating": 1319,
  "private": 0,
  "password": null
}