{
  "id": "gen9championsvgc2026regma-2587987763",
  "format": "[Gen 9 Champions] VGC 2026 Reg M-A",
  "players": [
    "testing4mymain",
    "Unskilled99"
  ],
  "log": "|j|\u2606testing4mymain\n|j|\u2606Unskilled99\n|html|<table width=\"100%\"><tr><td align=\"left\">testing4mymain</td><td align=\"right\">Unskilled99</tr><tr><td align=\"left\"><i class=\"fa fa-circle-o\"></i> <i class=\"fa fa-circle-o\"></i> </td><td align=\"right\"><i class=\"fa fa-circle-o\"></i> <i class=\"fa fa-circle\"></i> </tr></table>\n|uhtml|bestof|<h2><strong>Game 2</strong> of <a href=\"/game-bestof3-gen9championsvgc2026regma-2587984721\">a best-of-3</a></h2>\n|t:|1776589217\n|gametype|doubles\n|player|p1|testing4mymain|benga|\n|player|p2|Unskilled99|unknown|\n|gen|9\n|tier|[Gen 9 Champions] VGC 2026 Reg M-A\n|rated|Tournament battle\n|rule|Species Clause: Limit one of each Pok\u00e9mon\n|rule|Item Clause: Limit 1 of each item\n|raw|<div class=\"infobox\"><details class=\"readmore\" open><summary><strong>2 custom rules:</strong></summary> Force Open Team Sheets, Best of = 3</details></div>\n|clearpoke\n|poke|p1|Tyranitar, L50, F|\n|poke|p1|Excadrill, L50, F|\n|poke|p1|Gengar, L50, F, shiny|\n|poke|p1|Talonflame, L50, M|\n|poke|p1|Rotom-Wash, L50|\n|poke|p1|Farigiraf, L50, F|\n|poke|p2|Floette-Eternal, L50, F|\n|poke|p2|Incineroar, L50, F|\n|poke|p2|Garchomp, L50, M|\n|poke|p2|Sneasler, L50, M|\n|poke|p2|Rotom-Wash, L50|\n|poke|p2|Aerodactyl, L50, F|\n|teampreview|4\n|showteam|p1|Tyranitar||ChopleBerry|SandStream|RockSlide,KnockOff,IcePunch,Protect|||F|||50|]Excadrill||FocusSash|SandRush|Earthquake,IronHead,HighHorsepower,Protect|||F|||50|]Gengar||Gengarite|CursedBody|ShadowBall,SludgeBomb,IcyWind,Protect|||F|||50|]Talonflame||SharpBeak|GaleWings|DualWingbeat,FlareBlitz,Tailwind,Protect|||M|||50|]Rotom-Wash||Leftovers|Levitate|Thunderbolt,HydroPump,WillOWisp,VoltSwitch||||||50|]Farigiraf||SitrusBerry|ArmorTail|HyperVoice,PsychicNoise|||F|||50|\n|showteam|p2|Floette-Eternal||Floettite|FlowerVeil|CalmMind,DazzlingGleam,Moonblast,Protect|||F|||50|]Incineroar||SitrusBerry|Intimidate|PartingShot,FlareBlitz,ThroatChop,FakeOut|||F|||50|]Garchomp||SoftSand|RoughSkin|StompingTantrum,RockSlide,Earthquake,Protect|||M|||50|]Sneasler||WhiteHerb|Unburden|Coaching,CloseCombat,FakeOut,DireClaw|||M|||50|]Rotom-Wash||ChoiceScarf|Levitate|Electroweb,WillOWisp,HydroPump,Thunderbolt||||||50|]Aerodactyl||FocusSash|Unnerve|Tailwind,RockSlide,DualWingbeat,Protect|||F|||50|\n|inactive|Battle timer is ON: inactive players will automatically lose when time's up. (requested by testing4mymain)\n|inactive|testing4mymain has 60 seconds left.\n|inactive|testing4mymain has 30 seconds left.\n|inactive|testing4mymain has 20 seconds left.\n|\n|t:|1776589291\n|teamsize|p1|4\n|teamsize|p2|4\n|start\n|switch|p1a: Talonflame|Talonflame, L50, M|100/100\n|switch|p1b: Tyranitar|Tyranitar, L50, F|100/100\n|switch|p2a: Rotom|Rotom-Wash, L50|100/100\n|switch|p2b: Garchomp|Garchomp, L50, M|100/100\n|-weather|Sandstorm|[from] ability: Sand Stream|[of] p1b: Tyranitar\n|turn|1\n|inactive|testing4mymain has 30 seconds left.\n|inactive|Unskilled99 has 30 seconds left.\n|\n|t:|1776589326\n|switch|p1a: Excadrill|Excadrill, L50, F|100/100\n|switch|p2b: Incineroar|Incineroar, L50, F|100/100\n|-ability|p2b: Incineroar|Intimidate|boost\n|-unboost|p1a: Excadrill|atk|1\n|-unboost|p1b: Tyranitar|atk|1\n|move|p2a: Rotom|Thunderbolt|p1a: Excadrill\n|-immune|p1a: Excadrill\n|move|p1b: Tyranitar|Ice Punch|p2b: Incineroar\n|-resisted|p2b: Incineroar|1\n|-damage|p2b: Incineroar|93/100\n|\n|-weather|Sandstorm|[upkeep]\n|-damage|p2a: Rotom|95/100|[from] Sandstorm\n|-damage|p2b: Incineroar|86/100|[from] Sandstorm\n|upkeep\n|turn|2\n|\n|t:|1776589348\n|switch|p2a: Sneasler|Sneasler, L50, M|100/100\n|move|p2b: Incineroar|Fake Out|p1a: Excadrill\n|-resisted|p1a: Excadrill|1\n|-damage|p1a: Excadrill|93/100\n|cant|p1a: Excadrill|flinch\n|move|p1b: Tyranitar|Rock Slide|p2a: Sneasler|[spread] p2a,p2b\n|-resisted|p2a: Sneasler|1\n|-supereffective|p2b: Incineroar|1\n|-damage|p2a: Sneasler|84/100\n|-damage|p2b: Incineroar|54/100\n|\n|-weather|Sandstorm|[upkeep]\n|-damage|p2a: Sneasler|78/100|[from] Sandstorm\n|-damage|p2b: Incineroar|48/100|[from] Sandstorm\n|-enditem|p2b: Incineroar|Sitrus Berry|[eat]\n|-heal|p2b: Incineroar|73/100|[from] item: Sitrus Berry\n|upkeep\n|turn|3\n|inactive|Unskilled99 has 30 seconds left.\n|\n|t:|1776589382\n|switch|p2a: Rotom|Rotom-Wash, L50|95/100\n|switch|p1b: Talonflame|Talonflame, L50, M|100/100\n|move|p1a: Excadrill|Earthquake|p2a: Rotom|[spread] p2b\n|-immune|p1b: Talonflame\n|-immune|p2a: Rotom|[from] ability: Levitate\n|-supereffective|p2b: Incineroar|1\n|-damage|p2b: Incineroar|26/100\n|move|p2b: Incineroar|Parting Shot|p1b: Talonflame\n|-unboost|p1b: Talonflame|atk|1\n|-unboost|p1b: Talonflame|spa|1\n|\n|t:|1776589394\n|switch|p2b: Garchomp|Garchomp, L50, M|100/100|[from] Parting Shot\n|\n|-weather|Sandstorm|[upkeep]\n|-damage|p2a: Rotom|89/100|[from] Sandstorm\n|-damage|p1b: Talonflame|95/100|[from] Sandstorm\n|upkeep\n|turn|4\n|\n|t:|1776589418\n|move|p1a: Excadrill|Protect|p1a: Excadrill\n|-singleturn|p1a: Excadrill|Protect\n|move|p2a: Rotom|Thunderbolt|p1b: Talonflame\n|-supereffective|p1b: Talonflame|1\n|-damage|p1b: Talonflame|0 fnt\n|faint|p1b: Talonflame\n|move|p2b: Garchomp|Earthquake|p1a: Excadrill|[spread] \n|-activate|p1a: Excadrill|move: Protect\n|-immune|p2a: Rotom|[from] ability: Levitate\n|\n|-weather|Sandstorm|[upkeep]\n|-damage|p2a: Rotom|83/100|[from] Sandstorm\n|upkeep\n|\n|t:|1776589423\n|switch|p1b: Gengar|Gengar, L50, F, shiny|100/100\n|turn|5\n|inactive|Unskilled99 has 30 seconds left.\n|inactive|testing4mymain has 30 seconds left.\n|\n|t:|1776589457\n|switch|p1a: Tyranitar|Tyranitar, L50, F|100/100\n|detailschange|p1b: Gengar|Gengar-Mega, L50, F, shiny\n|-mega|p1b: Gengar|Gengar|Gengarite\n|move|p2a: Rotom|Thunderbolt|p1b: Gengar\n|-damage|p1b: Gengar|57/100\n|move|p1b: Gengar|Icy Wind|p2b: Garchomp|[spread] p2a,p2b\n|-resisted|p2a: Rotom|1\n|-supereffective|p2b: Garchomp|2\n|-damage|p2a: Rotom|76/100\n|-damage|p2b: Garchomp|37/100\n|-unboost|p2a: Rotom|spe|1\n|-unboost|p2b: Garchomp|spe|1\n|move|p2b: Garchomp|Earthquake|p1b: Gengar|[spread] p1a,p1b\n|-immune|p2a: Rotom|[from] ability: Levitate\n|-supereffective|p1a: Tyranitar|1\n|-supereffective|p1b: Gengar|1\n|-damage|p1a: Tyranitar|34/100\n|-damage|p1b: Gengar|0 fnt\n|faint|p1b: Gengar\n|\n|-weather|none\n|upkeep\n|\n|t:|1776589461\n|switch|p1b: Excadrill|Excadrill, L50, F|93/100\n|turn|6\n|\n|t:|1776589477\n|switch|p2b: Incineroar|Incineroar, L50, F|26/100\n|-ability|p2b: Incineroar|Intimidate|boost\n|-unboost|p1a: Tyranitar|atk|1\n|-unboost|p1b: Excadrill|atk|1\n|move|p1b: Excadrill|High Horsepower|p2b: Incineroar\n|-supereffective|p2b: Incineroar|1\n|-damage|p2b: Incineroar|0 fnt\n|faint|p2b: Incineroar\n|move|p2a: Rotom|Thunderbolt|p1a: Tyranitar\n|-damage|p1a: Tyranitar|3/100\n|move|p1a: Tyranitar|Knock Off|p2a: Rotom\n|-damage|p2a: Rotom|34/100\n|-enditem|p2a: Rotom|Choice Scarf|[from] move: Knock Off|[of] p1a: Tyranitar\n|\n|upkeep\n|\n|t:|1776589493\n|switch|p2b: Garchomp|Garchomp, L50, M|37/100\n|turn|7\n|\n|t:|1776589504\n|move|p1b: Excadrill|Protect|p1b: Excadrill\n|-singleturn|p1b: Excadrill|Protect\n|move|p2b: Garchomp|Earthquake|p1a: Tyranitar|[spread] p1a\n|-activate|p1b: Excadrill|move: Protect\n|-immune|p2a: Rotom|[from] ability: Levitate\n|-supereffective|p1a: Tyranitar|1\n|-damage|p1a: Tyranitar|0 fnt\n|faint|p1a: Tyranitar\n|move|p2a: Rotom|Hydro Pump|p1b: Excadrill\n|-activate|p1b: Excadrill|move: Protect\n|\n|upkeep\n|turn|8\n|c|\u2606testing4mymain|ggs\n|\n|t:|1776589513\n|move|p2b: Garchomp|Earthquake|p1b: Excadrill|[spread] p1b\n|-immune|p2a: Rotom|[from] ability: Levitate\n|-supereffective|p1b: Excadrill|1\n|-damage|p1b: Excadrill|0 fnt\n|faint|p1b: Excadrill\n|\n|win|Unskilled99\n",
  "uploadtime": 1776589513,
  "views": 9,
  "formatid": "gen9championsvgc2026regma",
  "rating": null,
  "private": 0,
  "password": null
}