{
  "id": "gen9championsvgc2026regma-2583981577",
  "format": "[Gen 9 Champions] VGC 2026 Reg M-A",
  "players": [
    "TheRealMyan",
    "Mimicry5"
  ],
  "log": "|j|\u2606TheRealMyan\n|j|\u2606Mimicry5\n|html|<table width=\"100%\"><tr><td align=\"left\">TheRealMyan</td><td align=\"right\">Mimicry5</tr><tr><td align=\"left\"><i class=\"fa fa-circle-o\"></i> <i class=\"fa fa-circle-o\"></i> </td><td align=\"right\"><i class=\"fa fa-circle-o\"></i> <i class=\"fa fa-circle-o\"></i> </tr></table>\n|uhtml|bestof|<h2><strong>Game 1</strong> of <a href=\"/game-bestof3-gen9championsvgc2026regma-2583981576\">a best-of-3</a></h2>\n|t:|1776213916\n|gametype|doubles\n|player|p1|TheRealMyan|miku-grass|\n|player|p2|Mimicry5|skier|\n|gen|9\n|tier|[Gen 9 Champions] VGC 2026 Reg M-A\n|rated|Tournament battle\n|rule|Species Clause: Limit one of each Pok\u00e9mon\n|rule|Item Clause: Limit 1 of each item\n|raw|<div class=\"infobox\"><details class=\"readmore\" open><summary><strong>2 custom rules:</strong></summary> Force Open Team Sheets, Best of = 3</details></div>\n|clearpoke\n|poke|p1|Pelipper, L50, F|\n|poke|p1|Basculegion, L50, M|\n|poke|p1|Sneasler, L50, F|\n|poke|p1|Incineroar, L50, F|\n|poke|p1|Meganium, L50, F|\n|poke|p1|Archaludon, L50, F|\n|poke|p2|Golurk, L50|\n|poke|p2|Orthworm, L50, M|\n|poke|p2|Farigiraf, L50, M|\n|poke|p2|Floette-Eternal, L50, F|\n|poke|p2|Incineroar, L50, M|\n|poke|p2|Rotom-Wash, L50|\n|teampreview|4\n|showteam|p1|Pelipper||FocusSash|Drizzle|WeatherBall,Tailwind,Protect,Hurricane|||F|||50|]Basculegion||MysticWater|SwiftSwim|LastRespects,FlipTurn,AquaJet,WaveCrash|||M|||50|]Sneasler||WhiteHerb|Unburden|FakeOut,CloseCombat,DireClaw,Protect|||F|||50|]Incineroar||LumBerry|Intimidate|FakeOut,PartingShot,DarkestLariat,FlareBlitz|||F|||50|]Meganium||Meganiumite|LeafGuard|WeatherBall,DazzlingGleam,SolarBeam,Protect|||F|||50|]Archaludon||Leftovers|Stamina|ElectroShot,Protect,DragonPulse,FlashCannon|||F|||50|\n|showteam|p2|Golurk||Golurkite|IronFist|Protect,Poltergeist,Earthquake,KnockOff||||||50|]Orthworm||OccaBerry|EarthEater|Protect,ShedTail,HeavySlam,HelpingHand|||M|||50|]Farigiraf||SitrusBerry|ArmorTail|TrickRoom,Imprison,Psyshock,Protect|||M|||50|]Floette-Eternal||Floettite|FlowerVeil|Protect,Moonblast,DazzlingGleam,LightofRuin|||F|||50|]Incineroar||ShucaBerry|Intimidate|FakeOut,PartingShot,Snarl,FlareBlitz|||M|||50|]Rotom-Wash||Leftovers|Levitate|HydroPump,VoltSwitch,Thunderbolt,Protect||||||50|\nTheRealMyan has agreed to open team sheets.\n|j| Dewpider is life\n|\n|t:|1776214035\n|teamsize|p1|4\n|teamsize|p2|4\n|start\n|switch|p1a: Sneasler|Sneasler, L50, F, shiny|100/100\n|switch|p1b: Archaludon|Archaludon, L50, F|100/100\n|switch|p2a: Orthworm|Orthworm, L50, M|100/100\n|switch|p2b: Farigiraf|Farigiraf, L50, M|100/100\n|turn|1\n|c|\u2606Mimicry5|glhf\n|\n|t:|1776214081\n|move|p1b: Archaludon|Protect|p1b: Archaludon\n|-singleturn|p1b: Archaludon|Protect\n|move|p1a: Sneasler|Close Combat|p2a: Orthworm\n|-supereffective|p2a: Orthworm|1\n|-crit|p2a: Orthworm\n|-damage|p2a: Orthworm|0 fnt\n|-unboost|p1a: Sneasler|def|1\n|-unboost|p1a: Sneasler|spd|1\n|faint|p2a: Orthworm\n|-enditem|p1a: Sneasler|White Herb\n|-clearnegativeboost|p1a: Sneasler|[silent]\n|move|p2b: Farigiraf|Psyshock|p1a: Sneasler\n|-supereffective|p1a: Sneasler|2\n|-damage|p1a: Sneasler|0 fnt\n|faint|p1a: Sneasler\n|\n|upkeep\n|\n|t:|1776214118\n|switch|p1a: Incineroar|Incineroar, L50, F, shiny|100/100\n|switch|p2a: Rotom|Rotom-Wash, L50|100/100\n|-ability|p1a: Incineroar|Intimidate|boost\n|-unboost|p2a: Rotom|atk|1\n|-unboost|p2b: Farigiraf|atk|1\n|turn|2\n|\n|t:|1776214209\n|move|p2b: Farigiraf|Protect|p2b: Farigiraf\n|-singleturn|p2b: Farigiraf|Protect\n|move|p2a: Rotom|Volt Switch|p1a: Incineroar\n|-damage|p1a: Incineroar|66/100\n|\n|t:|1776214217\n|switch|p2a: Floette|Floette-Eternal, L50, F|100/100|[from] Volt Switch\n|move|p1b: Archaludon|Flash Cannon|p2b: Farigiraf\n|-activate|p2b: Farigiraf|move: Protect\n|move|p1a: Incineroar|Darkest Lariat|p2a: Floette\n|-resisted|p2a: Floette|1\n|-damage|p2a: Floette|73/100\n|\n|upkeep\n|turn|3\n|\n|t:|1776214274\n|switch|p2b: Rotom|Rotom-Wash, L50|100/100\n|detailschange|p2a: Floette|Floette-Mega, L50, F\n|-mega|p2a: Floette|Floette|Floettite\n|-ability|p2a: Floette|Fairy Aura\n|move|p2a: Floette|Protect|p2a: Floette\n|-singleturn|p2a: Floette|Protect\n|move|p1b: Archaludon|Flash Cannon|p2a: Floette\n|-activate|p2a: Floette|move: Protect\n|move|p1a: Incineroar|Parting Shot|p2b: Rotom\n|-unboost|p2b: Rotom|atk|1\n|-unboost|p2b: Rotom|spa|1\n|\n|t:|1776214289\n|switch|p1a: Meganium|Meganium, L50, F|100/100|[from] Parting Shot\n|\n|upkeep\n|turn|4\n|\n|t:|1776214405\n|detailschange|p1a: Meganium|Meganium-Mega, L50, F\n|-mega|p1a: Meganium|Meganium|Meganiumite\n|move|p2a: Floette|Dazzling Gleam|p1a: Meganium|[spread] p1a,p1b\n|-damage|p1a: Meganium|64/100\n|-damage|p1b: Archaludon|51/100\n|-ability|p1b: Archaludon|Stamina|boost\n|-boost|p1b: Archaludon|def|1\n|move|p1a: Meganium|Solar Beam||[still]\n|-prepare|p1a: Meganium|Solar Beam\n|-activate|p1a: Meganium|ability: Mega Sol\n|-anim|p1a: Meganium|Solar Beam|p2b: Rotom\n|-supereffective|p2b: Rotom|1\n|-damage|p2b: Rotom|0 fnt\n|faint|p2b: Rotom\n|move|p1b: Archaludon|Flash Cannon|p2a: Floette\n|-supereffective|p2a: Floette|1\n|-damage|p2a: Floette|4/100\n|-unboost|p2a: Floette|spd|1\n|\n|-heal|p1b: Archaludon|57/100|[from] item: Leftovers\n|upkeep\n|\n|t:|1776214432\n|switch|p2b: Farigiraf|Farigiraf, L50, M|100/100\n|turn|5\n|\n|t:|1776214463\n|move|p2a: Floette|Protect|p2a: Floette\n|-singleturn|p2a: Floette|Protect\n|move|p1b: Archaludon|Protect|p1b: Archaludon\n|-singleturn|p1b: Archaludon|Protect\n|move|p1a: Meganium|Dazzling Gleam|p2a: Floette|[spread] p2b\n|-activate|p2a: Floette|move: Protect\n|-damage|p2b: Farigiraf|73/100\n|move|p2b: Farigiraf|Psyshock|p1a: Meganium\n|-damage|p1a: Meganium|31/100\n|\n|-heal|p1b: Archaludon|63/100|[from] item: Leftovers\n|upkeep\n|turn|6\n|\n|t:|1776214501\n|switch|p1a: Incineroar|Incineroar, L50, F, shiny|66/100\n|-ability|p1a: Incineroar|Intimidate|boost\n|-unboost|p2a: Floette|atk|1\n|-unboost|p2b: Farigiraf|atk|1\n|move|p2a: Floette|Moonblast|p1b: Archaludon\n|-damage|p1b: Archaludon|0 fnt\n|faint|p1b: Archaludon\n|move|p2b: Farigiraf|Psyshock|p1a: Incineroar\n|-immune|p1a: Incineroar\n|\n|upkeep\n|\n|t:|1776214510\n|switch|p1b: Meganium|Meganium-Mega, L50, F|31/100\n|turn|7\n|\n|t:|1776214544\n|move|p2a: Floette|Protect|p2a: Floette\n|-singleturn|p2a: Floette|Protect\n|move|p1b: Meganium|Protect|p1b: Meganium\n|-singleturn|p1b: Meganium|Protect\n|move|p2b: Farigiraf|Protect|p2b: Farigiraf\n|-singleturn|p2b: Farigiraf|Protect\n|move|p1a: Incineroar|Darkest Lariat|p2b: Farigiraf\n|-activate|p2b: Farigiraf|move: Protect\n|\n|upkeep\n|turn|8\n|\n|t:|1776214621\n|move|p2a: Floette|Moonblast|p1a: Incineroar\n|-crit|p1a: Incineroar\n|-damage|p1a: Incineroar|0 fnt\n|faint|p1a: Incineroar\n|move|p1b: Meganium|Solar Beam||[still]\n|-prepare|p1b: Meganium|Solar Beam\n|-activate|p1b: Meganium|ability: Mega Sol\n|-anim|p1b: Meganium|Solar Beam|p2b: Farigiraf\n|-damage|p2b: Farigiraf|33/100\n|-enditem|p2b: Farigiraf|Sitrus Berry|[eat]\n|-heal|p2b: Farigiraf|58/100|[from] item: Sitrus Berry\n|move|p2b: Farigiraf|Psyshock|p1b: Meganium\n|-damage|p1b: Meganium|0 fnt\n|faint|p1b: Meganium\n|\n|win|Mimicry5\n|inactive|TheRealMyan has 30 seconds to confirm battle start!\n|inactive|Mimicry5 has 30 seconds to confirm battle start!\n|l|\u2606Mimicry5\n|player|p2|\n||TheRealMyan is ready for game 2.\n||Mimicry5 is ready for game 2.\n|uhtml|next|Next: <a href=\"/battle-gen9championsvgc2026regma-2583989763\"><strong>Game 2 of 3</strong></a>\n|l| Dewpider is life\n",
  "uploadtime": 1776215359,
  "views": 13,
  "formatid": "gen9championsvgc2026regma",
  "rating": null,
  "private": 0,
  "password": null
}