{
  "id": "gen9championsvgc2026regma-2580513342",
  "format": "[Gen 9 Champions] VGC 2026 Reg M-A",
  "players": [
    "MikuFan69",
    "JavierAHA2"
  ],
  "log": "|j|\u2606MikuFan69\n|j|\u2606JavierAHA2\n|t:|1775907217\n|gametype|doubles\n|player|p1|MikuFan69|miku-ground|1087\n|player|p2|JavierAHA2|biker-gen4|1047\n|gen|9\n|tier|[Gen 9 Champions] VGC 2026 Reg M-A\n|rated|\n|rule|Species Clause: Limit one of each Pok\u00e9mon\n|rule|Item Clause: Limit 1 of each item\n|clearpoke\n|poke|p1|Gengar, L50, F|\n|poke|p1|Manectric, L50, M|\n|poke|p1|Basculegion, L50, M|\n|poke|p1|Liepard, L50, M|\n|poke|p1|Rotom-Heat, L50|\n|poke|p1|Vivillon, L50, F|\n|poke|p2|Farigiraf, L50, F|\n|poke|p2|Heracross, L50, F|\n|poke|p2|Incineroar, L50, M|\n|poke|p2|Sylveon, L50, M|\n|poke|p2|Slowking-Galar, L50, F|\n|poke|p2|Kingambit, L50, M|\n|teampreview|4\n|inactive|Battle timer is ON: inactive players will automatically lose when time's up. (requested by MikuFan69)\n|\n|t:|1775907241\n|teamsize|p1|4\n|teamsize|p2|4\n|start\n|switch|p1a: Manectric|Manectric, L50, M|100/100\n|switch|p1b: Liepard|Liepard, L50, M|100/100\n|switch|p2a: Farigiraf|Farigiraf, L50, F, shiny|100/100\n|switch|p2b: Incineroar|Incineroar, L50, M|100/100\n|-ability|p2b: Incineroar|Intimidate|boost\n|-unboost|p1a: Manectric|atk|1\n|-unboost|p1b: Liepard|atk|1\n|turn|1\n|\n|t:|1775907259\n|move|p1a: Manectric|Protect|p1a: Manectric\n|-singleturn|p1a: Manectric|Protect\n|move|p2b: Incineroar|Fake Out|p1a: Manectric\n|-activate|p1a: Manectric|move: Protect\n|move|p1b: Liepard|Knock Off|p2a: Farigiraf\n|-supereffective|p2a: Farigiraf|1\n|-damage|p2a: Farigiraf|57/100\n|-enditem|p2a: Farigiraf|Mental Herb|[from] move: Knock Off|[of] p1b: Liepard\n|move|p2a: Farigiraf|Trick Room|p2a: Farigiraf\n|-fieldstart|move: Trick Room|[of] p2a: Farigiraf\n|\n|upkeep\n|turn|2\n|\n|t:|1775907279\n|detailschange|p1a: Manectric|Manectric-Mega, L50, M\n|-mega|p1a: Manectric|Manectric|Manectite\n|-ability|p1a: Manectric|Intimidate|boost\n|-unboost|p2a: Farigiraf|atk|1\n|-unboost|p2b: Incineroar|atk|1\n|move|p2a: Farigiraf|Helping Hand|p2b: Incineroar\n|-singleturn|p2b: Incineroar|Helping Hand|[of] p2a: Farigiraf\n|move|p2b: Incineroar|Flare Blitz|p1b: Liepard\n|-damage|p1b: Liepard|1/100\n|-damage|p2b: Incineroar|76/100|[from] Recoil\n|move|p1b: Liepard|Knock Off|p2a: Farigiraf\n|-supereffective|p2a: Farigiraf|1\n|-damage|p2a: Farigiraf|27/100\n|move|p1a: Manectric|Snarl|p2a: Farigiraf|[spread] p2a,p2b\n|-supereffective|p2a: Farigiraf|1\n|-resisted|p2b: Incineroar|1\n|-damage|p2a: Farigiraf|10/100\n|-damage|p2b: Incineroar|69/100\n|-unboost|p2a: Farigiraf|spa|1\n|-unboost|p2b: Incineroar|spa|1\n|\n|upkeep\n|turn|3\n|inactive|JavierAHA2 has 30 seconds left.\n|\n|t:|1775907305\n|move|p2a: Farigiraf|Protect|p2a: Farigiraf\n|-singleturn|p2a: Farigiraf|Protect\n|move|p1b: Liepard|Rain Dance|p1b: Liepard\n|-weather|RainDance\n|move|p2b: Incineroar|Parting Shot|p1a: Manectric\n|-unboost|p1a: Manectric|atk|1\n|-unboost|p1a: Manectric|spa|1\n|\n|t:|1775907317\n|switch|p2b: Heracross|Heracross, L50, F, shiny|100/100|[from] Parting Shot\n|move|p1a: Manectric|Snarl|p2b: Heracross|[spread] p2b\n|-activate|p2a: Farigiraf|move: Protect\n|-resisted|p2b: Heracross|1\n|-damage|p2b: Heracross|96/100\n|-unboost|p2b: Heracross|spa|1\n|\n|-weather|RainDance|[upkeep]\n|upkeep\n|turn|4\n|inactive|JavierAHA2 has 30 seconds left.\n|inactive|JavierAHA2 has 20 seconds left.\n|\n|t:|1775907353\n|detailschange|p2b: Heracross|Heracross-Mega, L50, F, shiny\n|-mega|p2b: Heracross|Heracross|Heracronite\n|move|p2a: Farigiraf|Psychic|p1a: Manectric\n|-damage|p1a: Manectric|72/100\n|move|p2b: Heracross|Pin Missile|p1b: Liepard\n|-supereffective|p1b: Liepard|1\n|-damage|p1b: Liepard|0 fnt\n|faint|p1b: Liepard\n|-hitcount|p1: Liepard|1\n|move|p1a: Manectric|Snarl|p2b: Heracross|[spread] p2a,p2b\n|-supereffective|p2a: Farigiraf|1\n|-resisted|p2b: Heracross|1\n|-damage|p2a: Farigiraf|0 fnt\n|-damage|p2b: Heracross|92/100\n|-unboost|p2b: Heracross|spa|1\n|faint|p2a: Farigiraf\n|\n|-weather|RainDance|[upkeep]\n|upkeep\n|\n|t:|1775907373\n|switch|p2a: Kingambit|Kingambit, L50, M, shiny|100/100\n|switch|p1b: Vivillon|Vivillon, L50, F|100/100\n|turn|5\n|\n|t:|1775907388\n|switch|p2a: Incineroar|Incineroar, L50, M|69/100\n|-ability|p2a: Incineroar|Intimidate|boost\n|-unboost|p1a: Manectric|atk|1\n|-unboost|p1b: Vivillon|atk|1\n|move|p1b: Vivillon|Protect|p1b: Vivillon\n|-singleturn|p1b: Vivillon|Protect\n|move|p1a: Manectric|Protect|p1a: Manectric\n|-singleturn|p1a: Manectric|Protect\n|move|p2b: Heracross|Rock Blast|p1a: Manectric\n|-activate|p1a: Manectric|move: Protect\n|\n|-weather|RainDance|[upkeep]\n|-fieldend|move: Trick Room\n|upkeep\n|turn|6\n|inactive|MikuFan69 has 30 seconds left.\n|\n|t:|1775907416\n|move|p2a: Incineroar|Fake Out|p1b: Vivillon\n|-damage|p1b: Vivillon|72/100\n|move|p1a: Manectric|Volt Switch|p2b: Heracross\n|-damage|p2b: Heracross|73/100\n|\n|t:|1775907421\n|switch|p1a: Basculegion|Basculegion, L50, M|100/100|[from] Volt Switch\n|cant|p1b: Vivillon|flinch\n|move|p2b: Heracross|Rock Blast|p1b: Vivillon\n|-supereffective|p1b: Vivillon|2\n|-damage|p1b: Vivillon|0 fnt\n|faint|p1b: Vivillon\n|-hitcount|p1: Vivillon|1\n|\n|-weather|RainDance|[upkeep]\n|upkeep\n|\n|t:|1775907427\n|switch|p1b: Manectric|Manectric-Mega, L50, M|72/100\n|-ability|p1b: Manectric|Intimidate|boost\n|-unboost|p2a: Incineroar|atk|1\n|-unboost|p2b: Heracross|atk|1\n|turn|7\n|\n|t:|1775907451\n|move|p1b: Manectric|Flamethrower|p2b: Heracross\n|-supereffective|p2b: Heracross|1\n|-damage|p2b: Heracross|48/100\n|move|p1a: Basculegion|Last Respects|p2b: Heracross\n|-damage|p2b: Heracross|0 fnt\n|faint|p2b: Heracross\n|move|p2a: Incineroar|Parting Shot|p1b: Manectric\n|-unboost|p1b: Manectric|atk|1\n|-unboost|p1b: Manectric|spa|1\n|\n|t:|1775907461\n|switch|p2a: Kingambit|Kingambit, L50, M, shiny|100/100|[from] Parting Shot\n|\n|-weather|none\n|upkeep\n|\n|t:|1775907467\n|switch|p2b: Incineroar|Incineroar, L50, M|69/100\n|-ability|p2b: Incineroar|Intimidate|boost\n|-unboost|p1a: Basculegion|atk|1\n|-unboost|p1b: Manectric|atk|1\n|turn|8\n|l|\u2606JavierAHA2\n|inactive|JavierAHA2 disconnected and has a minute to reconnect!\n|player|p2|\n|inactive|JavierAHA2 has 30 seconds left.\n|j|\u2606JavierAHA2\n|inactive|JavierAHA2 reconnected and has 25 seconds left.\n|player|p2|JavierAHA2|biker-gen4|\n|inactive|JavierAHA2 has 20 seconds left.\n|\n|t:|1775907507\n|move|p2b: Incineroar|Fake Out|p1b: Manectric\n|-damage|p1b: Manectric|52/100\n|cant|p1b: Manectric|flinch\n|move|p1a: Basculegion|Last Respects|p2a: Kingambit\n|-resisted|p2a: Kingambit|1\n|-damage|p2a: Kingambit|76/100\n|move|p2a: Kingambit|Kowtow Cleave|p1a: Basculegion\n|-supereffective|p1a: Basculegion|1\n|-damage|p1a: Basculegion|0 fnt\n|faint|p1a: Basculegion\n|\n|upkeep\n|turn|9\n|\n|t:|1775907524\n|move|p2a: Kingambit|Protect|p2a: Kingambit\n|-singleturn|p2a: Kingambit|Protect\n|move|p1b: Manectric|Flamethrower|p2a: Kingambit\n|-activate|p2a: Kingambit|move: Protect\n|move|p2b: Incineroar|Parting Shot|p1b: Manectric\n|-unboost|p1b: Manectric|atk|1\n|-unboost|p1b: Manectric|spa|1\n|\n|upkeep\n|turn|10\n|\n|t:|1775907537\n|move|p1b: Manectric|Flamethrower|p2a: Kingambit\n|-supereffective|p2a: Kingambit|1\n|-damage|p2a: Kingambit|45/100\n|move|p2b: Incineroar|Flare Blitz|p1b: Manectric\n|-damage|p1b: Manectric|0 fnt\n|faint|p1b: Manectric\n|-damage|p2b: Incineroar|57/100|[from] Recoil\n|\n|win|JavierAHA2\n|raw|MikuFan69's rating: 1087 &rarr; <strong>1061</strong><br />(-26 for losing)\n|raw|JavierAHA2's rating: 1047 &rarr; <strong>1084</strong><br />(+37 for winning)\n",
  "uploadtime": 1775907548,
  "views": 29,
  "formatid": "gen9championsvgc2026regma",
  "rating": 1061,
  "private": 0,
  "password": null
}