{
  "id": "gen9championsvgc2026regma-2584575451",
  "format": "[Gen 9 Champions] VGC 2026 Reg M-A",
  "players": [
    "aggpas",
    "Gatorl0ver"
  ],
  "log": "|j|\u2606aggpas\n|j|\u2606Gatorl0ver\n|t:|1776269765\n|gametype|doubles\n|player|p1|aggpas|170|1202\n|player|p2|Gatorl0ver|1|1283\n|gen|9\n|tier|[Gen 9 Champions] VGC 2026 Reg M-A\n|rated|\n|rule|Species Clause: Limit one of each Pok\u00e9mon\n|rule|Item Clause: Limit 1 of each item\n|clearpoke\n|poke|p1|Feraligatr, L50, F|\n|poke|p1|Sinistcha, L50|\n|poke|p1|Aerodactyl, L50, M|\n|poke|p1|Dragapult, L50, M|\n|poke|p1|Incineroar, L50, F|\n|poke|p1|Sneasler, L50, M|\n|poke|p2|Feraligatr, L50, F|\n|poke|p2|Ninetales-Alola, L50, M|\n|poke|p2|Incineroar, L50, F|\n|poke|p2|Sinistcha, L50|\n|poke|p2|Sneasler, L50, M|\n|poke|p2|Corviknight, L50, F|\n|teampreview|4\n|inactive|Battle timer is ON: inactive players will automatically lose when time's up. (requested by aggpas)\nGatorl0ver has agreed to open team sheets.\naggpas has agreed to open team sheets.\n|showteam|p1|Feraligatr||Feraligite|SheerForce|DoubleEdge,DragonDance,Liquidation,Protect|||F|||50|]Sinistcha||Leftovers|Hospitality|Protect,RagePowder,MatchaGotcha,LifeDew||||||50|]Aerodactyl||FocusSash|Unnerve|Tailwind,RockSlide,DualWingbeat,Protect|||M|||50|]Dragapult||ChoiceScarf|Infiltrator|DragonDarts,PhantomForce,SuckerPunch,Uturn|||M|||50|]Incineroar||SitrusBerry|Intimidate|FakeOut,PartingShot,FlareBlitz,DarkestLariat|||F|||50|]Sneasler||WhiteHerb|Unburden|FakeOut,DireClaw,CloseCombat,Protect|||M|||50|\n|showteam|p2|Feraligatr||Feraligite|SheerForce|Liquidation,DoubleEdge,DragonDance,Protect|||F|||50|]Ninetales-Alola||FocusSash|SnowWarning|AuroraVeil,Blizzard,FreezeDry,Protect|||M|||50|]Incineroar||SitrusBerry|Intimidate|FakeOut,FlareBlitz,DarkestLariat,PartingShot|||F|||50|]Sinistcha||OccaBerry|Hospitality|LifeDew,RagePowder,MatchaGotcha,Protect||||||50|]Sneasler||WhiteHerb|Unburden|FakeOut,Coaching,CloseCombat,DireClaw|||M|||50|]Corviknight||Leftovers|MirrorArmor|IronHead,Tailwind,Roost,BodyPress|||F|||50|\n|\n|t:|1776269796\n|teamsize|p1|4\n|teamsize|p2|4\n|start\n|switch|p1a: Aerodactyl|Aerodactyl, L50, M|100/100\n|switch|p1b: Sneasler|Sneasler, L50, M|100/100\n|switch|p2a: Feraligatr|Feraligatr, L50, F|100/100\n|switch|p2b: Incineroar|Incineroar, L50, F|100/100\n|-ability|p1a: Aerodactyl|Unnerve\n|-ability|p2b: Incineroar|Intimidate|boost\n|-unboost|p1a: Aerodactyl|atk|1\n|-unboost|p1b: Sneasler|atk|1\n|-enditem|p1b: Sneasler|White Herb\n|-clearnegativeboost|p1b: Sneasler|[silent]\n|turn|1\n|inactive|Gatorl0ver has 30 seconds left.\n|\n|t:|1776269823\n|switch|p2b: Sinistcha|Sinistcha, L50|100/100\n|move|p2a: Feraligatr|Protect|p2a: Feraligatr\n|-singleturn|p2a: Feraligatr|Protect\n|move|p1b: Sneasler|Fake Out|p2b: Sinistcha\n|-immune|p2b: Sinistcha\n|move|p1a: Aerodactyl|Tailwind|p1a: Aerodactyl\n|-sidestart|p1: aggpas|move: Tailwind\n|\n|upkeep\n|turn|2\n|\n|t:|1776269840\n|switch|p1a: Feraligatr|Feraligatr, L50, F|100/100\n|switch|p2b: Incineroar|Incineroar, L50, F|100/100\n|-ability|p2b: Incineroar|Intimidate|boost\n|-unboost|p1a: Feraligatr|atk|1\n|-unboost|p1b: Sneasler|atk|1\n|detailschange|p2a: Feraligatr|Feraligatr-Mega, L50, F\n|-mega|p2a: Feraligatr|Feraligatr|Feraligite\n|move|p1b: Sneasler|Dire Claw|p2b: Incineroar\n|-damage|p2b: Incineroar|75/100\n|move|p2a: Feraligatr|Dragon Dance|p2a: Feraligatr\n|-boost|p2a: Feraligatr|atk|1\n|-boost|p2a: Feraligatr|spe|1\n|\n|upkeep\n|turn|3\n|\n|t:|1776269864\n|move|p1a: Feraligatr|Protect|p1a: Feraligatr\n|-singleturn|p1a: Feraligatr|Protect\n|move|p2b: Incineroar|Fake Out|p1a: Feraligatr\n|-activate|p1a: Feraligatr|move: Protect\n|move|p1b: Sneasler|Close Combat|p2b: Incineroar\n|-supereffective|p2b: Incineroar|1\n|-damage|p2b: Incineroar|0 fnt\n|-unboost|p1b: Sneasler|def|1\n|-unboost|p1b: Sneasler|spd|1\n|faint|p2b: Incineroar\n|move|p2a: Feraligatr|Liquidation|p1b: Sneasler\n|-damage|p1b: Sneasler|0 fnt\n|faint|p1b: Sneasler\n|\n|upkeep\n|\n|t:|1776269877\n|switch|p1b: Aerodactyl|Aerodactyl, L50, M|100/100\n|switch|p2b: Sinistcha|Sinistcha, L50|100/100\n|-ability|p1b: Aerodactyl|Unnerve\n|turn|4\n|inactive|Gatorl0ver has 30 seconds left.\n|\n|t:|1776269907\n|move|p1b: Aerodactyl|Protect|p1b: Aerodactyl\n|-singleturn|p1b: Aerodactyl|Protect\n|move|p2b: Sinistcha|Rage Powder|p2b: Sinistcha\n|-singleturn|p2b: Sinistcha|move: Rage Powder\n|move|p1a: Feraligatr|Dragon Dance|p1a: Feraligatr\n|-boost|p1a: Feraligatr|atk|1\n|-boost|p1a: Feraligatr|spe|1\n|move|p2a: Feraligatr|Liquidation|p1b: Aerodactyl\n|-activate|p1b: Aerodactyl|move: Protect\n|\n|-sideend|p1: aggpas|move: Tailwind\n|upkeep\n|turn|5\n|\n|t:|1776269925\n|detailschange|p1a: Feraligatr|Feraligatr-Mega, L50, F\n|-mega|p1a: Feraligatr|Feraligatr|Feraligite\n|move|p2a: Feraligatr|Double-Edge|p1a: Feraligatr\n|-supereffective|p1a: Feraligatr|1\n|-damage|p1a: Feraligatr|0 fnt\n|faint|p1a: Feraligatr\n|-damage|p2a: Feraligatr|68/100|[from] Recoil\n|move|p1b: Aerodactyl|Dual Wingbeat|p2b: Sinistcha\n|-supereffective|p2b: Sinistcha|1\n|-damage|p2b: Sinistcha|72/100\n|-supereffective|p2b: Sinistcha|1\n|-damage|p2b: Sinistcha|39/100\n|-hitcount|p2b: Sinistcha|2\n|move|p2b: Sinistcha|Matcha Gotcha|p1b: Aerodactyl\n|-damage|p1b: Aerodactyl|49/100\n|-heal|p2b: Sinistcha|62/100|[from] drain|[of] p1b: Aerodactyl\n|\n|upkeep\n|\n|t:|1776269935\n|switch|p1a: Sinistcha|Sinistcha, L50|100/100\n|-heal|p1b: Aerodactyl|74/100|[from] ability: Hospitality|[of] p1a: Sinistcha\n|turn|6\n|\n|t:|1776269949\n|move|p2a: Feraligatr|Double-Edge|p1a: Sinistcha\n|-damage|p1a: Sinistcha|1/100\n|-damage|p2a: Feraligatr|32/100|[from] Recoil\n|move|p1b: Aerodactyl|Tailwind|p1b: Aerodactyl\n|-sidestart|p1: aggpas|move: Tailwind\n|move|p1a: Sinistcha|Matcha Gotcha|p2b: Sinistcha|[spread] p2a,p2b\n|-resisted|p2b: Sinistcha|1\n|-damage|p2a: Feraligatr|5/100\n|-heal|p1a: Sinistcha|13/100|[from] drain|[of] p2a: Feraligatr\n|-damage|p2b: Sinistcha|51/100\n|-heal|p1a: Sinistcha|19/100|[from] drain|[of] p2b: Sinistcha\n|move|p2b: Sinistcha|Life Dew|p2b: Sinistcha|[spread] p2a,p2b\n|-heal|p2a: Feraligatr|31/100\n|-heal|p2b: Sinistcha|76/100\n|\n|-heal|p1a: Sinistcha|25/100|[from] item: Leftovers\n|upkeep\n|turn|7\n|\n|t:|1776269970\n|switch|p2b: Ninetales|Ninetales-Alola, L50, M|100/100\n|-weather|Snowscape|[from] ability: Snow Warning|[of] p2b: Ninetales\n|move|p2a: Feraligatr|Protect|p2a: Feraligatr\n|-singleturn|p2a: Feraligatr|Protect\n|move|p1b: Aerodactyl|Dual Wingbeat|p2a: Feraligatr\n|-activate|p2a: Feraligatr|move: Protect\n|move|p1a: Sinistcha|Life Dew|p1a: Sinistcha|[spread] p1a,p1b\n|-heal|p1a: Sinistcha|50/100\n|-heal|p1b: Aerodactyl|99/100\n|\n|-weather|Snowscape|[upkeep]\n|-heal|p1a: Sinistcha|57/100|[from] item: Leftovers\n|upkeep\n|turn|8\n|inactive|Gatorl0ver has 30 seconds left.\n|\n|t:|1776270000\n|move|p1b: Aerodactyl|Rock Slide|p2b: Ninetales|[spread] p2a,p2b\n|-supereffective|p2b: Ninetales|1\n|-damage|p2a: Feraligatr|10/100\n|-damage|p2b: Ninetales|47/100\n|move|p2a: Feraligatr|Liquidation|p1b: Aerodactyl\n|-supereffective|p1b: Aerodactyl|1\n|-crit|p1b: Aerodactyl\n|-damage|p1b: Aerodactyl|0 fnt\n|faint|p1b: Aerodactyl\n|move|p1a: Sinistcha|Life Dew|p1a: Sinistcha\n|-heal|p1a: Sinistcha|82/100\n|move|p2b: Ninetales|Blizzard|p1a: Sinistcha\n|-supereffective|p1a: Sinistcha|1\n|-damage|p1a: Sinistcha|0 fnt\n|faint|p1a: Sinistcha\n|\n|win|Gatorl0ver\n|raw|aggpas's rating: 1202 &rarr; <strong>1183</strong><br />(-19 for losing)\n|raw|Gatorl0ver's rating: 1283 &rarr; <strong>1302</strong><br />(+19 for winning)\n",
  "uploadtime": 1776270007,
  "views": 19,
  "formatid": "gen9championsvgc2026regma",
  "rating": 1183,
  "private": 0,
  "password": null
}