{
  "id": "gen9championsvgc2026regma-2584103536",
  "format": "[Gen 9 Champions] VGC 2026 Reg M-A",
  "players": [
    "gumpgoof",
    "Barber1"
  ],
  "log": "|j|\u2606gumpgoof\n|j|\u2606Barber1\n|t:|1776225484\n|gametype|doubles\n|player|p1|gumpgoof|giovanni|1203\n|player|p2|Barber1|cynthia-gen4|1286\n|gen|9\n|tier|[Gen 9 Champions] VGC 2026 Reg M-A\n|rated|\n|rule|Species Clause: Limit one of each Pok\u00e9mon\n|rule|Item Clause: Limit 1 of each item\n|clearpoke\n|poke|p1|Charizard, L50, M|\n|poke|p1|Venusaur, L50, M|\n|poke|p1|Whimsicott, L50, F|\n|poke|p1|Garchomp, L50, F|\n|poke|p1|Archaludon, L50, M|\n|poke|p1|Torkoal, L50, F|\n|poke|p2|Floette-Eternal, L50, F|\n|poke|p2|Sneasler, L50, F|\n|poke|p2|Basculegion, L50, M|\n|poke|p2|Delphox, L50, F|\n|poke|p2|Kingambit, L50, M|\n|poke|p2|Garchomp, L50, F|\n|teampreview|4\n|inactive|Battle timer is ON: inactive players will automatically lose when time's up. (requested by Barber1)\n|inactive|Barber1 has 60 seconds left.\n|\n|t:|1776225522\n|teamsize|p1|4\n|teamsize|p2|4\n|start\n|switch|p1a: Charizard|Charizard, L50, M|100/100\n|switch|p1b: Venusaur|Venusaur, L50, M|100/100\n|switch|p2a: Delphox|Delphox, L50, F|100/100\n|switch|p2b: Sneasler|Sneasler, L50, F|100/100\n|turn|1\n|inactive|gumpgoof has 30 seconds left.\n|inactive|Barber1 has 30 seconds left.\n|\n|t:|1776225557\n|switch|p1b: Garchomp|Garchomp, L50, F|100/100\n|detailschange|p2a: Delphox|Delphox-Mega, L50, F\n|-mega|p2a: Delphox|Delphox|Delphoxite\n|detailschange|p1a: Charizard|Charizard-Mega-Y, L50, M\n|-mega|p1a: Charizard|Charizard|Charizardite Y\n|-weather|SunnyDay|[from] ability: Drought|[of] p1a: Charizard\n|move|p2a: Delphox|Heat Wave|p1a: Charizard|[spread] p1a,p1b\n|-resisted|p1a: Charizard|1\n|-resisted|p1b: Garchomp|1\n|-damage|p1a: Charizard|71/100\n|-damage|p1b: Garchomp|66/100\n|move|p2b: Sneasler|Close Combat|p1a: Charizard\n|-resisted|p1a: Charizard|1\n|-damage|p1a: Charizard|23/100\n|-unboost|p2b: Sneasler|def|1\n|-unboost|p2b: Sneasler|spd|1\n|-enditem|p2b: Sneasler|White Herb\n|-clearnegativeboost|p2b: Sneasler|[silent]\n|move|p1a: Charizard|Air Slash|p2b: Sneasler\n|-supereffective|p2b: Sneasler|1\n|-damage|p2b: Sneasler|0 fnt\n|faint|p2b: Sneasler\n|\n|-weather|SunnyDay|[upkeep]\n|upkeep\n|inactive|Barber1 has 30 seconds left.\n|\n|t:|1776225582\n|switch|p2b: Garchomp|Garchomp, L50, F|100/100\n|turn|2\n|inactive|gumpgoof has 30 seconds left.\n|\n|t:|1776225611\n|switch|p1a: Whimsicott|Whimsicott, L50, F|100/100\n|move|p2a: Delphox|Heat Wave|p1a: Whimsicott|[spread] p1a,p1b\n|-supereffective|p1a: Whimsicott|1\n|-resisted|p1b: Garchomp|1\n|-enditem|p1a: Whimsicott|Focus Sash\n|-damage|p1a: Whimsicott|1/100\n|-damage|p1b: Garchomp|36/100\n|move|p1b: Garchomp|Dragon Claw|p2b: Garchomp\n|-supereffective|p2b: Garchomp|1\n|-damage|p2b: Garchomp|28/100\n|-damage|p1b: Garchomp|24/100|[from] ability: Rough Skin|[of] p2b: Garchomp\n|-enditem|p2b: Garchomp|Sitrus Berry|[eat]\n|-heal|p2b: Garchomp|53/100|[from] item: Sitrus Berry\n|move|p2b: Garchomp|Dragon Claw|p1b: Garchomp\n|-supereffective|p1b: Garchomp|1\n|-damage|p1b: Garchomp|0 fnt\n|-damage|p2b: Garchomp|40/100|[from] ability: Rough Skin|[of] p1b: Garchomp\n|faint|p1b: Garchomp\n|\n|-weather|SunnyDay|[upkeep]\n|upkeep\n|\n|t:|1776225632\n|switch|p1b: Venusaur|Venusaur, L50, M|100/100\n|turn|3\n|\n|t:|1776225653\n|move|p2a: Delphox|Protect|p2a: Delphox\n|-singleturn|p2a: Delphox|Protect\n|move|p1a: Whimsicott|Tailwind|p1a: Whimsicott\n|-sidestart|p1: gumpgoof|move: Tailwind\n|move|p1b: Venusaur|Sludge Bomb|p2a: Delphox\n|-activate|p2a: Delphox|move: Protect\n|move|p2b: Garchomp|Earthquake|p1b: Venusaur|[spread] p1a,p1b\n|-activate|p2a: Delphox|move: Protect\n|-resisted|p1a: Whimsicott|1\n|-damage|p1a: Whimsicott|0 fnt\n|-damage|p1b: Venusaur|60/100\n|faint|p1a: Whimsicott\n|\n|-weather|SunnyDay|[upkeep]\n|upkeep\n|\n|t:|1776225665\n|switch|p1a: Charizard|Charizard-Mega-Y, L50, M|23/100\n|turn|4\n|\n|t:|1776225685\n|switch|p2a: Kingambit|Kingambit, L50, M|100/100\n|-activate|p2a: Kingambit|ability: Supreme Overlord\n|-start|p2a: Kingambit|fallen1|[silent]\n|move|p1b: Venusaur|Sludge Bomb|p2a: Kingambit\n|-immune|p2a: Kingambit\n|move|p1a: Charizard|Air Slash|p2b: Garchomp\n|-crit|p2b: Garchomp\n|-damage|p2b: Garchomp|0 fnt\n|faint|p2b: Garchomp\n|\n|-weather|SunnyDay|[upkeep]\n|upkeep\n|\n|t:|1776225698\n|switch|p2b: Delphox|Delphox-Mega, L50, F|100/100\n|turn|5\n|\n|t:|1776225716\n|move|p2b: Delphox|Protect|p2b: Delphox\n|-singleturn|p2b: Delphox|Protect\n|move|p2a: Kingambit|Protect|p2a: Kingambit\n|-singleturn|p2a: Kingambit|Protect\n|move|p1b: Venusaur|Weather Ball|p2a: Kingambit\n|-activate|p2a: Kingambit|move: Protect\n|move|p1a: Charizard|Heat Wave|p2b: Delphox|[spread] \n|-activate|p2a: Kingambit|move: Protect\n|-activate|p2b: Delphox|move: Protect\n|\n|-weather|none\n|upkeep\n|turn|6\n|\n|t:|1776225740\n|move|p2a: Kingambit|Sucker Punch|p1b: Venusaur\n|-damage|p1b: Venusaur|11/100\n|move|p1a: Charizard|Heat Wave|p2a: Kingambit|[spread] p2a,p2b\n|-supereffective|p2a: Kingambit|1\n|-resisted|p2b: Delphox|1\n|-damage|p2a: Kingambit|8/100\n|-damage|p2b: Delphox|81/100\n|move|p2b: Delphox|Heat Wave|p1a: Charizard|[spread] p1a,p1b\n|-resisted|p1a: Charizard|1\n|-supereffective|p1b: Venusaur|1\n|-damage|p1a: Charizard|4/100\n|-damage|p1b: Venusaur|0 fnt\n|faint|p1b: Venusaur\n|\n|-sideend|p1: gumpgoof|move: Tailwind\n|upkeep\n|turn|7\n|-message|gumpgoof forfeited.\n|\n|win|Barber1\n|raw|gumpgoof's rating: 1203 &rarr; <strong>1184</strong><br />(-19 for losing)\n|raw|Barber1's rating: 1286 &rarr; <strong>1305</strong><br />(+19 for winning)\n|l|\u2606gumpgoof\n|player|p1|\n",
  "uploadtime": 1776225757,
  "views": 16,
  "formatid": "gen9championsvgc2026regma",
  "rating": 1184,
  "private": 0,
  "password": null
}