{
  "id": "gen9championsvgc2026regma-2584006263",
  "format": "[Gen 9 Champions] VGC 2026 Reg M-A",
  "players": [
    "Samaksh",
    "TheLucasus12"
  ],
  "log": "|j|\u2606Samaksh\n|j|\u2606TheLucasus12\n|t:|1776216121\n|gametype|doubles\n|player|p1|Samaksh|170|1124\n|player|p2|TheLucasus12|hiker-gen4|1049\n|gen|9\n|tier|[Gen 9 Champions] VGC 2026 Reg M-A\n|rated|\n|rule|Species Clause: Limit one of each Pok\u00e9mon\n|rule|Item Clause: Limit 1 of each item\n|clearpoke\n|poke|p1|Charizard, L50, M|\n|poke|p1|Venusaur, L50, F|\n|poke|p1|Basculegion, L50, M|\n|poke|p1|Sneasler, L50, F|\n|poke|p1|Garchomp, L50, F|\n|poke|p1|Incineroar, L50, F|\n|poke|p2|Dragonite, L50, M|\n|poke|p2|Basculegion, L50, M|\n|poke|p2|Archaludon, L50, M|\n|poke|p2|Pelipper, L50, F|\n|poke|p2|Incineroar, L50, M|\n|poke|p2|Meowstic, L50, M|\n|teampreview|4\n|\n|t:|1776216158\n|teamsize|p1|4\n|teamsize|p2|4\n|start\n|switch|p1a: Sneasler|Sneasler, L50, F|100/100\n|switch|p1b: Garchomp|Garchomp, L50, F|100/100\n|switch|p2a: Meowstic|Meowstic, L50, M|100/100\n|switch|p2b: Basculegion|Basculegion, L50, M|100/100\n|turn|1\n|\n|t:|1776216214\n|move|p1a: Sneasler|Protect|p1a: Sneasler\n|-singleturn|p1a: Sneasler|Protect\n|move|p2a: Meowstic|Fake Out|p1a: Sneasler\n|-activate|p1a: Sneasler|move: Protect\n|move|p1b: Garchomp|Earthquake|p2b: Basculegion|[spread] p2a,p2b\n|-activate|p1a: Sneasler|move: Protect\n|-damage|p2a: Meowstic|63/100\n|-damage|p2b: Basculegion|45/100\n|move|p2b: Basculegion|Liquidation|p1b: Garchomp\n|-damage|p1b: Garchomp|60/100\n|-damage|p2b: Basculegion|33/100|[from] ability: Rough Skin|[of] p1b: Garchomp\n|\n|upkeep\n|turn|2\n|\n|t:|1776216243\n|move|p2b: Basculegion|Protect|p2b: Basculegion\n|-singleturn|p2b: Basculegion|Protect\n|move|p2a: Meowstic|Rain Dance|p2a: Meowstic\n|-weather|RainDance\n|move|p1a: Sneasler|Dire Claw|p2b: Basculegion\n|-activate|p2b: Basculegion|move: Protect\n|move|p1b: Garchomp|Dragon Claw|p2a: Meowstic\n|-damage|p2a: Meowstic|23/100\n|\n|-weather|RainDance|[upkeep]\n|upkeep\n|turn|3\n|\n|t:|1776216281\n|switch|p2b: Dragonite|Dragonite, L50, M|100/100\n|move|p1a: Sneasler|Protect|p1a: Sneasler\n|-singleturn|p1a: Sneasler|Protect\n|move|p2a: Meowstic|Reflect|p2a: Meowstic\n|-sidestart|p2: TheLucasus12|Reflect\n|move|p1b: Garchomp|Earthquake|p2a: Meowstic|[spread] p2a\n|-activate|p1a: Sneasler|move: Protect\n|-immune|p2b: Dragonite\n|-crit|p2a: Meowstic\n|-damage|p2a: Meowstic|0 fnt\n|faint|p2a: Meowstic\n|\n|-weather|RainDance|[upkeep]\n|upkeep\n|\n|t:|1776216302\n|switch|p2a: Pelipper|Pelipper, L50, F|100/100\n|turn|4\n|\n|t:|1776216334\n|switch|p1b: Charizard|Charizard, L50, M|100/100\n|move|p1a: Sneasler|Rock Slide|p2a: Pelipper|[spread] p2a\n|-miss|p1a: Sneasler|p2b: Dragonite\n|-supereffective|p2a: Pelipper|1\n|-damage|p2a: Pelipper|70/100\n|move|p2b: Dragonite|Draco Meteor|p1b: Charizard\n|-damage|p1b: Charizard|27/100\n|-unboost|p2b: Dragonite|spa|2\n|move|p2a: Pelipper|Tailwind|p2a: Pelipper\n|-sidestart|p2: TheLucasus12|move: Tailwind\n|\n|-weather|RainDance|[upkeep]\n|upkeep\n|turn|5\n|\n|t:|1776216366\n|switch|p2a: Basculegion|Basculegion, L50, M|33/100\n|detailschange|p2b: Dragonite|Dragonite-Mega, L50, M\n|-mega|p2b: Dragonite|Dragonite|Dragoninite\n|detailschange|p1b: Charizard|Charizard-Mega-Y, L50, M\n|-mega|p1b: Charizard|Charizard|Charizardite Y\n|-weather|SunnyDay|[from] ability: Drought|[of] p1b: Charizard\n|move|p2b: Dragonite|Thunder|p1b: Charizard\n|-supereffective|p1b: Charizard|1\n|-damage|p1b: Charizard|0 fnt\n|faint|p1b: Charizard\n|move|p1a: Sneasler|Close Combat|p2b: Dragonite\n|-resisted|p2b: Dragonite|1\n|-damage|p2b: Dragonite|90/100\n|-unboost|p1a: Sneasler|def|1\n|-unboost|p1a: Sneasler|spd|1\n|-enditem|p1a: Sneasler|White Herb\n|-clearnegativeboost|p1a: Sneasler|[silent]\n|\n|-weather|SunnyDay|[upkeep]\n|upkeep\n|\n|t:|1776216388\n|switch|p1b: Venusaur|Venusaur, L50, F|100/100\n|turn|6\n|\n|t:|1776216415\n|switch|p2a: Pelipper|Pelipper, L50, F|70/100\n|-weather|RainDance|[from] ability: Drizzle|[of] p2a: Pelipper\n|move|p1a: Sneasler|Dire Claw|p2b: Dragonite\n|-damage|p2b: Dragonite|61/100\n|move|p2b: Dragonite|Hurricane|p1a: Sneasler\n|-supereffective|p1a: Sneasler|1\n|-damage|p1a: Sneasler|8/100\n|move|p1b: Venusaur|Energy Ball|p2a: Pelipper\n|-damage|p2a: Pelipper|0 fnt\n|faint|p2a: Pelipper\n|\n|-weather|RainDance|[upkeep]\n|upkeep\n|\n|t:|1776216429\n|switch|p2a: Basculegion|Basculegion, L50, M|33/100\n|turn|7\n|\n|t:|1776216450\n|move|p2a: Basculegion|Last Respects|p1b: Venusaur\n|-enditem|p1b: Venusaur|Focus Sash\n|-damage|p1b: Venusaur|1/100\n|move|p1a: Sneasler|Dire Claw|p2a: Basculegion\n|-resisted|p2a: Basculegion|1\n|-damage|p2a: Basculegion|14/100\n|move|p2b: Dragonite|Hurricane|p1a: Sneasler\n|-supereffective|p1a: Sneasler|1\n|-damage|p1a: Sneasler|0 fnt\n|faint|p1a: Sneasler\n|move|p1b: Venusaur|Sleep Powder|p2b: Dragonite\n|-status|p2b: Dragonite|slp|[from] move: Sleep Powder\n|\n|-weather|RainDance|[upkeep]\n|-sideend|p2: TheLucasus12|Reflect\n|-sideend|p2: TheLucasus12|move: Tailwind\n|upkeep\n|\n|t:|1776216467\n|switch|p1a: Garchomp|Garchomp, L50, F|60/100\n|turn|8\n|\n|t:|1776216491\n|move|p2a: Basculegion|Last Respects|p1a: Garchomp\n|-damage|p1a: Garchomp|0 fnt\n|faint|p1a: Garchomp\n|cant|p2b: Dragonite|slp\n|move|p1b: Venusaur|Sludge Bomb|p2a: Basculegion\n|-resisted|p2a: Basculegion|1\n|-damage|p2a: Basculegion|0 fnt\n|faint|p2a: Basculegion\n|\n|-weather|RainDance|[upkeep]\n|upkeep\n|turn|9\n|\n|t:|1776216523\n|cant|p2b: Dragonite|slp\n|move|p1b: Venusaur|Sludge Bomb|p2b: Dragonite\n|-damage|p2b: Dragonite|19/100 slp\n|\n|-weather|RainDance|[upkeep]\n|upkeep\n|turn|10\n|\n|t:|1776216535\n|-curestatus|p2b: Dragonite|slp|[msg]\n|move|p2b: Dragonite|Hurricane|p1b: Venusaur\n|-supereffective|p1b: Venusaur|1\n|-damage|p1b: Venusaur|0 fnt\n|faint|p1b: Venusaur\n|\n|win|TheLucasus12\n|raw|Samaksh's rating: 1124 &rarr; <strong>1094</strong><br />(-30 for losing)\n|raw|TheLucasus12's rating: 1049 &rarr; <strong>1089</strong><br />(+40 for winning)\n|l|\u2606Samaksh\n|player|p1|\n",
  "uploadtime": 1776216542,
  "views": 24,
  "formatid": "gen9championsvgc2026regma",
  "rating": 1089,
  "private": 0,
  "password": null
}