{
  "id": "gen9championsvgc2026regma-2588668494",
  "format": "[Gen 9 Champions] VGC 2026 Reg M-A",
  "players": [
    "SDLT 2KRL Kiki",
    "silly_sac21"
  ],
  "log": "|raw|<div class=\"broadcast-blue\"><strong>This battle is required to be public due to a player having a name starting with 'sdlt'.</div>\n|j|\u2606SDLT 2KRL Kiki\n|j|\u2606silly_sac21\n|t:|1776655721\n|gametype|doubles\n|player|p1|SDLT 2KRL Kiki|taunie|1000\n|player|p2|silly_sac21|1|1000\n|gen|9\n|tier|[Gen 9 Champions] VGC 2026 Reg M-A\n|rated|\n|rule|Species Clause: Limit one of each Pok\u00e9mon\n|rule|Item Clause: Limit 1 of each item\n|clearpoke\n|poke|p1|Scovillain, L50, F|\n|poke|p1|Espathra, L50, M|\n|poke|p1|Milotic, L50, F|\n|poke|p1|Floette-Eternal, L50, F|\n|poke|p1|Sneasler, L50, F|\n|poke|p1|Incineroar, L50, F|\n|poke|p2|Crabominable, L50, F|\n|poke|p2|Slowking, L50, M|\n|poke|p2|Incineroar, L50, F|\n|poke|p2|Tsareena, L50, F|\n|poke|p2|Hatterene, L50, F|\n|poke|p2|Camerupt, L50, F|\n|teampreview|4\n|inactive|Battle timer is ON: inactive players will automatically lose when time's up. (requested by SDLT 2KRL Kiki)\nsilly_sac21 has agreed to open team sheets.\nSDLT 2KRL Kiki has agreed to open team sheets.\n|showteam|p1|Scovillain||Scovillainite|Chlorophyll|Overheat,LeafStorm,RagePowder,Protect|||F|||50|]Espathra||FocusSash|SpeedBoost|LuminaCrash,BatonPass,CalmMind,Protect|||M|||50|]Milotic||Leftovers|Competitive|MuddyWater,IceBeam,Coil,Recover|||F|||50|]Floette-Eternal||Floettite|FlowerVeil|Moonblast,DazzlingGleam,Synthesis,Protect|||F|||50|]Sneasler||WhiteHerb|Unburden|CloseCombat,GunkShot,FakeOut,Protect|||F|||50|]Incineroar||SitrusBerry|Intimidate|FlareBlitz,DarkestLariat,PartingShot,FakeOut|||F|||50|\n|showteam|p2|Crabominable||Crabominite|HyperCutter|IceHammer,CloseCombat,ThunderPunch,Protect|||F|||50|]Slowking||ColburBerry|Regenerator|ChillyReception,TrickRoom,Scald,Earthquake|||M|||50|]Incineroar||SitrusBerry|Intimidate|FakeOut,PartingShot,FlareBlitz,DarkestLariat|||F|||50|]Tsareena||OccaBerry|QueenlyMajesty|Protect,PowerWhip,TripleAxel,KnockOff|||F|||50|]Hatterene||FairyFeather|MagicBounce|Protect,Psychic,DazzlingGleam,TrickRoom|||F|||50|]Camerupt||Cameruptite|SolidRock|Protect,HeatWave,EarthPower,AncientPower|||F|||50|\n|inactive|SDLT 2KRL Kiki has 60 seconds left.\n|\n|t:|1776655757\n|teamsize|p1|4\n|teamsize|p2|4\n|start\n|switch|p1a: Espathra|Espathra, L50, M|100/100\n|switch|p1b: Incineroar|Incineroar, L50, F|100/100\n|switch|p2a: Tsareena|Tsareena, L50, F|100/100\n|switch|p2b: Slowking|Slowking, L50, M|100/100\n|-ability|p1b: Incineroar|Intimidate|boost\n|-unboost|p2a: Tsareena|atk|1\n|-unboost|p2b: Slowking|atk|1\n|turn|1\n|inactive|SDLT 2KRL Kiki has 30 seconds left.\n|\n|t:|1776655785\n|switch|p2a: Incineroar|Incineroar, L50, F|100/100\n|-ability|p2a: Incineroar|Intimidate|boost\n|-unboost|p1a: Espathra|atk|1\n|-unboost|p1b: Incineroar|atk|1\n|move|p1a: Espathra|Calm Mind|p1a: Espathra\n|-boost|p1a: Espathra|spa|1\n|-boost|p1a: Espathra|spd|1\n|move|p1b: Incineroar|Parting Shot|p2a: Incineroar\n|-unboost|p2a: Incineroar|atk|1\n|-unboost|p2a: Incineroar|spa|1\n|\n|t:|1776655788\n|switch|p1b: Sneasler|Sneasler, L50, F|100/100|[from] Parting Shot\n|move|p2b: Slowking|Trick Room|p2b: Slowking\n|-fieldstart|move: Trick Room|[of] p2b: Slowking\n|\n|-ability|p1a: Espathra|Speed Boost|boost\n|-boost|p1a: Espathra|spe|1\n|upkeep\n|turn|2\n|inactive|silly_sac21 has 30 seconds left.\n|\n|t:|1776655816\n|switch|p1b: Incineroar|Incineroar, L50, F|100/100\n|-ability|p1b: Incineroar|Intimidate|boost\n|-unboost|p2a: Incineroar|atk|1\n|-unboost|p2b: Slowking|atk|1\n|move|p1a: Espathra|Protect|p1a: Espathra\n|-singleturn|p1a: Espathra|Protect\n|move|p2b: Slowking|Earthquake|p1a: Espathra|[spread] p2a,p1b\n|-activate|p1a: Espathra|move: Protect\n|-supereffective|p2a: Incineroar|1\n|-supereffective|p1b: Incineroar|1\n|-damage|p2a: Incineroar|89/100\n|-damage|p1b: Incineroar|90/100\n|move|p2a: Incineroar|Parting Shot|p1a: Espathra\n|-activate|p1a: Espathra|move: Protect\n|\n|-ability|p1a: Espathra|Speed Boost|boost\n|-boost|p1a: Espathra|spe|1\n|upkeep\n|turn|3\n|\n|t:|1776655836\n|switch|p2b: Tsareena|Tsareena, L50, F|100/100\n|move|p1b: Incineroar|Fake Out||[still]\n|cant|p2b: Tsareena|ability: Queenly Majesty|Fake Out|[of] p1b: Incineroar\n|move|p2a: Incineroar|Parting Shot|p1a: Espathra\n|-unboost|p1a: Espathra|atk|1\n|-unboost|p1a: Espathra|spa|1\n|\n|t:|1776655845\n|switch|p2a: Crabominable|Crabominable, L50, F|100/100|[from] Parting Shot\n|move|p1a: Espathra|Calm Mind|p1a: Espathra\n|-boost|p1a: Espathra|spa|1\n|-boost|p1a: Espathra|spd|1\n|\n|-ability|p1a: Espathra|Speed Boost|boost\n|-boost|p1a: Espathra|spe|1\n|upkeep\n|turn|4\n|inactive|SDLT 2KRL Kiki has 30 seconds left.\n|\n|t:|1776655875\n|switch|p1b: Sneasler|Sneasler, L50, F|100/100\n|detailschange|p2a: Crabominable|Crabominable-Mega, L50, F\n|-mega|p2a: Crabominable|Crabominable|Crabominite\n|move|p1a: Espathra|Protect|p1a: Espathra\n|-singleturn|p1a: Espathra|Protect\n|move|p2a: Crabominable|Ice Hammer|p1a: Espathra\n|-activate|p1a: Espathra|move: Protect\n|move|p2b: Tsareena|Knock Off|p1a: Espathra\n|-activate|p1a: Espathra|move: Protect\n|\n|-ability|p1a: Espathra|Speed Boost|boost\n|-boost|p1a: Espathra|spe|1\n|upkeep\n|turn|5\n|\n|t:|1776655897\n|switch|p1b: Incineroar|Incineroar, L50, F|90/100\n|-ability|p1b: Incineroar|Intimidate|boost\n|-unboost|p2a: Crabominable|atk|1\n|-unboost|p2b: Tsareena|atk|1\n|move|p2a: Crabominable|Ice Hammer|p1b: Incineroar\n|-resisted|p1b: Incineroar|1\n|-damage|p1b: Incineroar|71/100\n|-unboost|p2a: Crabominable|spe|1\n|move|p2b: Tsareena|Knock Off|p1a: Espathra\n|-supereffective|p1a: Espathra|1\n|-damage|p1a: Espathra|27/100\n|-enditem|p1a: Espathra|Focus Sash|[from] move: Knock Off|[of] p2b: Tsareena\n|move|p1a: Espathra|Baton Pass|p1a: Espathra\n|\n|t:|1776655907\n|switch|p1a: Floette|Floette-Eternal, L50, F|100/100|[from] Baton Pass\n|\n|-fieldend|move: Trick Room\n|upkeep\n|turn|6\n|\n|t:|1776655925\n|switch|p2a: Incineroar|Incineroar, L50, F|89/100\n|-ability|p2a: Incineroar|Intimidate|boost\n|-unboost|p1a: Floette|atk|1\n|-unboost|p1b: Incineroar|atk|1\n|detailschange|p1a: Floette|Floette-Mega, L50, F\n|-mega|p1a: Floette|Floette|Floettite\n|-ability|p1a: Floette|Fairy Aura\n|move|p1a: Floette|Dazzling Gleam|p2a: Incineroar|[spread] p2a,p2b\n|-damage|p2a: Incineroar|26/100\n|-damage|p2b: Tsareena|33/100\n|-enditem|p2a: Incineroar|Sitrus Berry|[eat]\n|-heal|p2a: Incineroar|50/100|[from] item: Sitrus Berry\n|move|p1b: Incineroar|Flare Blitz|p2b: Tsareena\n|-supereffective|p2b: Tsareena|1\n|-crit|p2b: Tsareena\n|-enditem|p2b: Tsareena|Occa Berry|[eat]\n|-enditem|p2b: Tsareena|Occa Berry|[weaken]\n|-damage|p2b: Tsareena|0 fnt\n|faint|p2b: Tsareena\n|-damage|p1b: Incineroar|62/100|[from] Recoil\n|\n|upkeep\n|inactive|silly_sac21 has 30 seconds left.\n|inactive|silly_sac21 has 20 seconds left.\n|inactive|silly_sac21 has 15 seconds left.\n|inactive|silly_sac21 has 10 seconds left.\n|inactive|silly_sac21 has 5 seconds left.\n|\n|t:|1776655976\n|switch|p2b: Slowking|Slowking, L50, M|100/100\n|turn|7\n|\n|t:|1776655990\n|switch|p2a: Crabominable|Crabominable-Mega, L50, F|100/100\n|move|p1b: Incineroar|Fake Out||[still]\n|-hint|Fake Out only works on your first turn out.\n|-fail|p1b: Incineroar\n|move|p1a: Floette|Moonblast|p2a: Crabominable\n|-supereffective|p2a: Crabominable|1\n|-damage|p2a: Crabominable|0 fnt\n|faint|p2a: Crabominable\n|-prepare|p2b: Slowking|Chilly Reception|[premajor]\n|move|p2b: Slowking|Chilly Reception|p2b: Slowking\n|-weather|Snowscape\n|-message|silly_sac21 forfeited.\n|\n|win|SDLT 2KRL Kiki\n|raw|SDLT 2KRL Kiki's rating: 1000 &rarr; <strong>1040</strong><br />(+40 for winning)\n|raw|silly_sac21's rating: 1000 &rarr; <strong>1000</strong><br />(+0 for losing)\n",
  "uploadtime": 1776656002,
  "views": 4,
  "formatid": "gen9championsvgc2026regma",
  "rating": 1000,
  "private": 0,
  "password": null
}