{
  "id": "gen9championsvgc2026regma-2580991536",
  "format": "[Gen 9 Champions] VGC 2026 Reg M-A",
  "players": [
    "goku s0los",
    "KrosFace"
  ],
  "log": "|j|\u2606goku s0los\n|j|\u2606KrosFace\n|t:|1775949686\n|gametype|doubles\n|player|p1|goku s0los|169|1114\n|player|p2|KrosFace|102|1135\n|gen|9\n|tier|[Gen 9 Champions] VGC 2026 Reg M-A\n|rated|\n|rule|Species Clause: Limit one of each Pok\u00e9mon\n|rule|Item Clause: Limit 1 of each item\n|clearpoke\n|poke|p1|Gengar, L50, F|\n|poke|p1|Incineroar, L50, F|\n|poke|p1|Sinistcha-Masterpiece, L50|\n|poke|p1|Kingambit, L50, F|\n|poke|p1|Tyranitar, L50, M|\n|poke|p1|Kommo-o, L50, F|\n|poke|p2|Froslass, L50, F|\n|poke|p2|Glaceon, L50, M|\n|poke|p2|Incineroar, L50, F|\n|poke|p2|Tauros-Paldea-Aqua, L50, M|\n|poke|p2|Talonflame, L50, F|\n|poke|p2|Tyranitar, L50, F|\n|teampreview|4\n|\n|t:|1775949729\n|teamsize|p1|4\n|teamsize|p2|4\n|start\n|switch|p1a: Gengar|Gengar, L50, F|100/100\n|switch|p1b: Incineroar|Incineroar, L50, F|100/100\n|switch|p2a: Froslass|Froslass, L50, F|100/100\n|switch|p2b: Talonflame|Talonflame, L50, F|100/100\n|-ability|p1b: Incineroar|Intimidate|boost\n|-unboost|p2a: Froslass|atk|1\n|-unboost|p2b: Talonflame|atk|1\n|turn|1\n|\n|t:|1775949749\n|detailschange|p2a: Froslass|Froslass-Mega, L50, F\n|-mega|p2a: Froslass|Froslass|Froslassite\n|-weather|Snowscape|[from] ability: Snow Warning|[of] p2a: Froslass\n|detailschange|p1a: Gengar|Gengar-Mega, L50, F\n|-mega|p1a: Gengar|Gengar|Gengarite\n|move|p2b: Talonflame|Protect|p2b: Talonflame\n|-singleturn|p2b: Talonflame|Protect\n|move|p1b: Incineroar|Fake Out|p2b: Talonflame\n|-activate|p2b: Talonflame|move: Protect\n|move|p1a: Gengar|Perish Song|p1a: Gengar\n|-start|p1a: Gengar|perish3|[silent]\n|-start|p1b: Incineroar|perish3|[silent]\n|-start|p2a: Froslass|perish3|[silent]\n|-start|p2b: Talonflame|perish3|[silent]\n|-fieldactivate|move: Perish Song\n|move|p2a: Froslass|Aurora Veil|p2a: Froslass\n|-sidestart|p2: KrosFace|move: Aurora Veil\n|\n|-weather|Snowscape|[upkeep]\n|-start|p1a: Gengar|perish3\n|-start|p2a: Froslass|perish3\n|-start|p2b: Talonflame|perish3\n|-start|p1b: Incineroar|perish3\n|upkeep\n|turn|2\n|\n|t:|1775949798\n|move|p1a: Gengar|Protect|p1a: Gengar\n|-singleturn|p1a: Gengar|Protect\n|move|p2b: Talonflame|Tailwind|p2b: Talonflame\n|-sidestart|p2: KrosFace|move: Tailwind\n|move|p2a: Froslass|Shadow Ball|p1a: Gengar\n|-activate|p1a: Gengar|move: Protect\n|move|p1b: Incineroar|Darkest Lariat|p2a: Froslass\n|-supereffective|p2a: Froslass|1\n|-damage|p2a: Froslass|51/100\n|\n|-weather|Snowscape|[upkeep]\n|-start|p2a: Froslass|perish2\n|-start|p2b: Talonflame|perish2\n|-start|p1a: Gengar|perish2\n|-start|p1b: Incineroar|perish2\n|upkeep\n|turn|3\n|\n|t:|1775949824\n|switch|p1a: Kingambit|Kingambit, L50, F|100/100\n|move|p2a: Froslass|Shadow Ball|p1a: Kingambit\n|-resisted|p1a: Kingambit|1\n|-damage|p1a: Kingambit|79/100\n|move|p2b: Talonflame|Taunt|p1b: Incineroar\n|-start|p1b: Incineroar|move: Taunt\n|cant|p1b: Incineroar|move: Taunt|Parting Shot\n|\n|-weather|Snowscape|[upkeep]\n|-start|p2a: Froslass|perish1\n|-start|p2b: Talonflame|perish1\n|-start|p1b: Incineroar|perish1\n|upkeep\n|turn|4\n|\n|t:|1775949863\n|switch|p2a: Tauros|Tauros-Paldea-Aqua, L50, M|100/100\n|-ability|p2a: Tauros|Intimidate|boost\n|-unboost|p1a: Kingambit|atk|1\n|-ability|p1a: Kingambit|Defiant|boost\n|-boost|p1a: Kingambit|atk|2\n|-unboost|p1b: Incineroar|atk|1\n|switch|p2b: Glaceon|Glaceon, L50, M|100/100\n|switch|p1b: Gengar|Gengar-Mega, L50, F|100/100\n|switch|p1a: Kommo-o|Kommo-o, L50, F|100/100\n|\n|-weather|Snowscape|[upkeep]\n|upkeep\n|turn|5\n|\n|t:|1775949919\n|move|p1b: Gengar|Protect|p1b: Gengar\n|-singleturn|p1b: Gengar|Protect\n|move|p1a: Kommo-o|Protect|p1a: Kommo-o\n|-singleturn|p1a: Kommo-o|Protect\n|move|p2a: Tauros|Raging Bull|p1b: Gengar\n|-activate|p1b: Gengar|move: Protect\n|move|p2b: Glaceon|Blizzard|p1b: Gengar|[spread] \n|-activate|p1a: Kommo-o|move: Protect\n|-activate|p1b: Gengar|move: Protect\n|\n|-weather|none\n|-sideend|p2: KrosFace|move: Tailwind\n|-sideend|p2: KrosFace|move: Aurora Veil\n|upkeep\n|turn|6\n|\n|t:|1775949963\n|move|p1b: Gengar|Sludge Bomb|p2b: Glaceon\n|-damage|p2b: Glaceon|34/100\n|move|p2a: Tauros|Close Combat|p1a: Kommo-o\n|-damage|p1a: Kommo-o|42/100\n|-unboost|p2a: Tauros|def|1\n|-unboost|p2a: Tauros|spd|1\n|-enditem|p2a: Tauros|White Herb\n|-clearnegativeboost|p2a: Tauros|[silent]\n|move|p1a: Kommo-o|Aura Sphere|p2b: Glaceon\n|-supereffective|p2b: Glaceon|1\n|-damage|p2b: Glaceon|0 fnt\n|faint|p2b: Glaceon\n|\n|-heal|p1a: Kommo-o|48/100|[from] item: Leftovers\n|upkeep\n|\n|t:|1775949987\n|switch|p2b: Talonflame|Talonflame, L50, F|100/100\n|turn|7\n|\n|t:|1775950005\n|switch|p1a: Incineroar|Incineroar, L50, F|100/100\n|-ability|p1a: Incineroar|Intimidate|boost\n|-unboost|p2a: Tauros|atk|1\n|-unboost|p2b: Talonflame|atk|1\n|move|p2b: Talonflame|Acrobatics|p1b: Gengar\n|-damage|p1b: Gengar|65/100\n|move|p1b: Gengar|Perish Song|p1b: Gengar\n|-start|p1a: Incineroar|perish3|[silent]\n|-start|p1b: Gengar|perish3|[silent]\n|-start|p2a: Tauros|perish3|[silent]\n|-start|p2b: Talonflame|perish3|[silent]\n|-fieldactivate|move: Perish Song\n|move|p2a: Tauros|Raging Bull|p1b: Gengar\n|-damage|p1b: Gengar|32/100\n|\n|-start|p1b: Gengar|perish3\n|-start|p2b: Talonflame|perish3\n|-start|p2a: Tauros|perish3\n|-start|p1a: Incineroar|perish3\n|upkeep\n|turn|8\n|\n|t:|1775950070\n|move|p1b: Gengar|Protect|p1b: Gengar\n|-singleturn|p1b: Gengar|Protect\n|move|p1a: Incineroar|Protect|p1a: Incineroar\n|-singleturn|p1a: Incineroar|Protect\n|move|p2b: Talonflame|Acrobatics|p1b: Gengar\n|-activate|p1b: Gengar|move: Protect\n|move|p2a: Tauros|Close Combat|p1b: Gengar\n|-activate|p1b: Gengar|move: Protect\n|\n|-start|p1b: Gengar|perish2\n|-start|p2b: Talonflame|perish2\n|-start|p2a: Tauros|perish2\n|-start|p1a: Incineroar|perish2\n|upkeep\n|turn|9\n|\n|t:|1775950108\n|switch|p1b: Kingambit|Kingambit, L50, F|79/100\n|move|p2b: Talonflame|Taunt|p1a: Incineroar\n|-start|p1a: Incineroar|move: Taunt\n|move|p2a: Tauros|Close Combat|p1b: Kingambit\n|-supereffective|p1b: Kingambit|2\n|-enditem|p1b: Kingambit|Chople Berry|[eat]\n|-enditem|p1b: Kingambit|Chople Berry|[weaken]\n|-damage|p1b: Kingambit|20/100\n|-unboost|p2a: Tauros|def|1\n|-unboost|p2a: Tauros|spd|1\n|cant|p1a: Incineroar|move: Taunt|Parting Shot\n|\n|-start|p2b: Talonflame|perish1\n|-start|p2a: Tauros|perish1\n|-start|p1a: Incineroar|perish1\n|upkeep\n|turn|10\n|\n|t:|1775950158\n|switch|p2a: Froslass|Froslass-Mega, L50, F|51/100\n|-weather|Snowscape|[from] ability: Snow Warning|[of] p2a: Froslass\n|switch|p1a: Kommo-o|Kommo-o, L50, F|48/100\n|move|p1b: Kingambit|Protect|p1b: Kingambit\n|-singleturn|p1b: Kingambit|Protect\n|move|p2b: Talonflame|Tailwind|p2b: Talonflame\n|-sidestart|p2: KrosFace|move: Tailwind\n|\n|-weather|Snowscape|[upkeep]\n|-heal|p1a: Kommo-o|54/100|[from] item: Leftovers\n|-start|p2b: Talonflame|perish0\n|faint|p2b: Talonflame\n|upkeep\n|\n|t:|1775950169\n|switch|p2b: Tauros|Tauros-Paldea-Aqua, L50, M|100/100\n|-ability|p2b: Tauros|Intimidate|boost\n|-unboost|p1a: Kommo-o|atk|1\n|-unboost|p1b: Kingambit|atk|1\n|-ability|p1b: Kingambit|Defiant|boost\n|-boost|p1b: Kingambit|atk|2\n|turn|11\n|\n|t:|1775950191\n|move|p1b: Kingambit|Sucker Punch||[still]\n|-fail|p1b: Kingambit\n|move|p2a: Froslass|Aurora Veil|p2a: Froslass\n|-sidestart|p2: KrosFace|move: Aurora Veil\n|move|p2b: Tauros|Raging Bull|p1b: Kingambit\n|-damage|p1b: Kingambit|0 fnt\n|faint|p1b: Kingambit\n|move|p1a: Kommo-o|Clangorous Soul|p1a: Kommo-o\n|-boost|p1a: Kommo-o|atk|1\n|-boost|p1a: Kommo-o|def|1\n|-boost|p1a: Kommo-o|spa|1\n|-boost|p1a: Kommo-o|spd|1\n|-boost|p1a: Kommo-o|spe|1\n|-damage|p1a: Kommo-o|22/100\n|\n|-weather|Snowscape|[upkeep]\n|-heal|p1a: Kommo-o|28/100|[from] item: Leftovers\n|upkeep\n|\n|t:|1775950224\n|switch|p1b: Incineroar|Incineroar, L50, F|100/100\n|-ability|p1b: Incineroar|Intimidate|boost\n|-unboost|p2a: Froslass|atk|1\n|-unboost|p2b: Tauros|atk|1\n|turn|12\n|\n|t:|1775950262\n|move|p1a: Kommo-o|Protect|p1a: Kommo-o\n|-singleturn|p1a: Kommo-o|Protect\n|move|p2a: Froslass|Blizzard|p1b: Incineroar|[spread] p1b\n|-activate|p1a: Kommo-o|move: Protect\n|-resisted|p1b: Incineroar|1\n|-crit|p1b: Incineroar\n|-damage|p1b: Incineroar|77/100\n|move|p2b: Tauros|Close Combat|p1b: Incineroar\n|-supereffective|p1b: Incineroar|1\n|-damage|p1b: Incineroar|2/100\n|-unboost|p2b: Tauros|def|1\n|-unboost|p2b: Tauros|spd|1\n|move|p1b: Incineroar|Darkest Lariat|p2a: Froslass\n|-supereffective|p2a: Froslass|1\n|-damage|p2a: Froslass|4/100\n|\n|-weather|Snowscape|[upkeep]\n|-heal|p1a: Kommo-o|34/100|[from] item: Leftovers\n|upkeep\n|turn|13\n|\n|t:|1775950318\n|move|p1a: Kommo-o|Protect||[still]\n|-fail|p1a: Kommo-o\n|move|p1b: Incineroar|Protect|p1b: Incineroar\n|-singleturn|p1b: Incineroar|Protect\n|move|p2a: Froslass|Blizzard|p1a: Kommo-o|[spread] p1a\n|-activate|p1b: Incineroar|move: Protect\n|-supereffective|p1a: Kommo-o|1\n|-crit|p1a: Kommo-o\n|-damage|p1a: Kommo-o|0 fnt\n|faint|p1a: Kommo-o\n|move|p2b: Tauros|Raging Bull|p1b: Incineroar\n|-activate|p1b: Incineroar|move: Protect\n|\n|-weather|Snowscape|[upkeep]\n|-sideend|p2: KrosFace|move: Tailwind\n|upkeep\n|\n|t:|1775950334\n|switch|p1a: Gengar|Gengar-Mega, L50, F|32/100\n|turn|14\n|\n|t:|1775950358\n|move|p1a: Gengar|Shadow Ball|p2a: Froslass\n|-supereffective|p2a: Froslass|1\n|-damage|p2a: Froslass|0 fnt\n|faint|p2a: Froslass\n|move|p2b: Tauros|Raging Bull|p1a: Gengar\n|-damage|p1a: Gengar|0 fnt\n|faint|p1a: Gengar\n|move|p1b: Incineroar|Darkest Lariat|p2b: Tauros\n|-resisted|p2b: Tauros|1\n|-damage|p2b: Tauros|89/100\n|\n|-weather|none\n|upkeep\n|turn|15\n|\n|t:|1775950372\n|move|p2b: Tauros|Raging Bull|p1b: Incineroar\n|-supereffective|p1b: Incineroar|1\n|-damage|p1b: Incineroar|0 fnt\n|faint|p1b: Incineroar\n|\n|win|KrosFace\n|raw|goku s0los's rating: 1114 &rarr; <strong>1091</strong><br />(-23 for losing)\n|raw|KrosFace's rating: 1135 &rarr; <strong>1158</strong><br />(+23 for winning)\n",
  "uploadtime": 1775950379,
  "views": 16,
  "formatid": "gen9championsvgc2026regma",
  "rating": 1091,
  "private": 0,
  "password": null
}