{
  "id": "gen9championsvgc2026regma-2585006614",
  "format": "[Gen 9 Champions] VGC 2026 Reg M-A",
  "players": [
    "D Hazey",
    "aura_sync"
  ],
  "log": "|j|\u2606D Hazey\n|j|\u2606aura_sync\n|t:|1776302702\n|gametype|doubles\n|player|p1|D Hazey|cynthia-masters|1049\n|player|p2|aura_sync|2|1051\n|gen|9\n|tier|[Gen 9 Champions] VGC 2026 Reg M-A\n|rated|\n|rule|Species Clause: Limit one of each Pok\u00e9mon\n|rule|Item Clause: Limit 1 of each item\n|clearpoke\n|poke|p1|Meganium, L50, M|\n|poke|p1|Heliolisk, L50, M|\n|poke|p1|Ariados, L50, F|\n|poke|p1|Arcanine-Hisui, L50, F|\n|poke|p1|Incineroar, L50, F|\n|poke|p1|Azumarill, L50, F|\n|poke|p2|Meowstic, L50, M|\n|poke|p2|Delphox, L50, F|\n|poke|p2|Pelipper, L50, F|\n|poke|p2|Charizard, L50, M|\n|poke|p2|Lucario, L50, M|\n|poke|p2|Primarina, L50, F|\n|teampreview|4\n|inactive|Battle timer is ON: inactive players will automatically lose when time's up. (requested by aura_sync)\n|inactive|D Hazey has 60 seconds left.\n|inactive|aura_sync has 60 seconds left.\naura_sync rejected open team sheets.\n|inactive|aura_sync has 30 seconds left.\n|inactive|aura_sync has 20 seconds left.\n|inactive|aura_sync has 15 seconds left.\n|inactive|aura_sync has 10 seconds left.\n|\n|t:|1776302801\n|teamsize|p1|4\n|teamsize|p2|4\n|start\n|switch|p1a: Meganium|Meganium, L50, M|100/100\n|switch|p1b: Heliolisk|Heliolisk, L50, M|100/100\n|switch|p2a: pepper|Pelipper, L50, F|100/100\n|switch|p2b: joesmoe|Meowstic, L50, M|100/100\n|-weather|RainDance|[from] ability: Drizzle|[of] p2a: pepper\n|turn|1\n|\n|t:|1776302825\n|detailschange|p1a: Meganium|Meganium-Mega, L50, M\n|-mega|p1a: Meganium|Meganium|Meganiumite\n|move|p2b: joesmoe|Fake Out|p1b: Heliolisk\n|-damage|p1b: Heliolisk|89/100\n|cant|p1b: Heliolisk|flinch\n|move|p2a: pepper|Tailwind|p2a: pepper\n|-sidestart|p2: aura_sync|move: Tailwind\n|move|p1a: Meganium|Dazzling Gleam|p2b: joesmoe|[spread] p2a,p2b\n|-damage|p2a: pepper|38/100\n|-damage|p2b: joesmoe|60/100\n|\n|-weather|RainDance|[upkeep]\n|-heal|p1b: Heliolisk|100/100|[from] ability: Dry Skin\n|-heal|p2a: pepper|43/100|[from] item: Leftovers\n|upkeep\n|turn|2\n|\n|t:|1776302840\n|move|p1a: Meganium|Protect|p1a: Meganium\n|-singleturn|p1a: Meganium|Protect\n|move|p2b: joesmoe|Psychic Terrain|p2b: joesmoe\n|-fieldstart|move: Psychic Terrain\n|move|p2a: pepper|Hurricane|p1a: Meganium\n|-activate|p1a: Meganium|move: Protect\n|move|p1b: Heliolisk|Glare|p2b: joesmoe\n|-status|p2b: joesmoe|par\n|\n|-weather|RainDance|[upkeep]\n|-heal|p2a: pepper|49/100|[from] item: Leftovers\n|upkeep\n|turn|3\n|inactive|D Hazey has 30 seconds left.\n|\n|t:|1776302868\n|switch|p1a: Azumarill|Azumarill, L50, F|100/100\n|move|p2a: pepper|Hurricane|p1a: Azumarill\n|-damage|p1a: Azumarill|53/100\n|-start|p1a: Azumarill|confusion\n|move|p1b: Heliolisk|Glare|p2a: pepper\n|-status|p2a: pepper|par\n|move|p2b: joesmoe|Expanding Force|p1a: Azumarill|[spread] p1a,p1b\n|-damage|p1a: Azumarill|20/100\n|-damage|p1b: Heliolisk|50/100\n|\n|-weather|RainDance|[upkeep]\n|-heal|p1b: Heliolisk|62/100|[from] ability: Dry Skin\n|-heal|p2a: pepper|55/100 par|[from] item: Leftovers\n|upkeep\n|turn|4\n|\n|t:|1776302891\n|switch|p2a: lululemon|Lucario, L50, M|100/100\n|-activate|p1a: Azumarill|confusion\n|move|p1a: Azumarill|Aqua Jet|p2b: joesmoe\n|-activate|p2b: joesmoe|move: Psychic Terrain\n|move|p1b: Heliolisk|Thunder|p2a: lululemon\n|-damage|p2a: lululemon|25/100\n|move|p2b: joesmoe|Expanding Force|p1b: Heliolisk|[spread] p1a,p1b\n|-crit|p1a: Azumarill\n|-damage|p1a: Azumarill|0 fnt\n|-damage|p1b: Heliolisk|12/100\n|faint|p1a: Azumarill\n|\n|-weather|RainDance|[upkeep]\n|-heal|p1b: Heliolisk|24/100|[from] ability: Dry Skin\n|-sideend|p2: aura_sync|move: Tailwind\n|upkeep\n|\n|t:|1776302909\n|switch|p1a: Meganium|Meganium-Mega, L50, M|100/100\n|turn|5\n|\n|t:|1776302927\n|switch|p1b: Arcanine|Arcanine-Hisui, L50, F|100/100\n|-ability|p1b: Arcanine|Intimidate|boost\n|-unboost|p2a: lululemon|atk|1\n|-unboost|p2b: joesmoe|atk|1\n|move|p2a: lululemon|Meteor Mash|p1a: Meganium\n|-supereffective|p1a: Meganium|1\n|-damage|p1a: Meganium|52/100\n|move|p1a: Meganium|Dazzling Gleam|p2b: joesmoe|[spread] p2a,p2b\n|-crit|p2a: lululemon\n|-damage|p2a: lululemon|0 fnt\n|-damage|p2b: joesmoe|18/100 par\n|faint|p2a: lululemon\n|move|p2b: joesmoe|Expanding Force|p1b: Arcanine|[spread] p1a,p1b\n|-damage|p1a: Meganium|23/100\n|-damage|p1b: Arcanine|56/100\n|\n|-weather|none\n|upkeep\n|\n|t:|1776302942\n|switch|p2a: pepper|Pelipper, L50, F|55/100 par\n|-weather|RainDance|[from] ability: Drizzle|[of] p2a: pepper\n|turn|6\n|\n|t:|1776302960\n|move|p1b: Arcanine|Crunch|p2b: joesmoe\n|-supereffective|p2b: joesmoe|1\n|-damage|p2b: joesmoe|0 fnt\n|faint|p2b: joesmoe\n|move|p1a: Meganium|Solar Beam||[still]\n|-prepare|p1a: Meganium|Solar Beam\n|-activate|p1a: Meganium|ability: Mega Sol\n|-anim|p1a: Meganium|Solar Beam|p2a: pepper\n|-damage|p2a: pepper|0 fnt\n|faint|p2a: pepper\n|\n|-weather|RainDance|[upkeep]\n|-fieldend|move: Psychic Terrain\n|upkeep\n|\n|t:|1776302969\n|switch|p2b: Primarina|Primarina, L50, F|100/100\n|turn|7\n|\n|t:|1776302976\n|move|p2b: Primarina|Protect|p2b: Primarina\n|-singleturn|p2b: Primarina|Protect\n|move|p1b: Arcanine|Crunch|p2b: Primarina\n|-activate|p2b: Primarina|move: Protect\n|move|p1a: Meganium|Solar Beam||[still]\n|-prepare|p1a: Meganium|Solar Beam\n|-activate|p1a: Meganium|ability: Mega Sol\n|-anim|p1a: Meganium|Solar Beam|p2b: Primarina\n|-activate|p2b: Primarina|move: Protect\n|\n|-weather|RainDance|[upkeep]\n|upkeep\n|turn|8\n|\n|t:|1776302989\n|move|p1b: Arcanine|Crunch|p2b: Primarina\n|-resisted|p2b: Primarina|1\n|-damage|p2b: Primarina|85/100\n|move|p1a: Meganium|Solar Beam||[still]\n|-prepare|p1a: Meganium|Solar Beam\n|-activate|p1a: Meganium|ability: Mega Sol\n|-anim|p1a: Meganium|Solar Beam|p2b: Primarina\n|-supereffective|p2b: Primarina|1\n|-damage|p2b: Primarina|0 fnt\n|faint|p2b: Primarina\n|\n|win|D Hazey\n|raw|D Hazey's rating: 1049 &rarr; <strong>1082</strong><br />(+33 for winning)\n|raw|aura_sync's rating: 1051 &rarr; <strong>1033</strong><br />(-18 for losing)\n|l|\u2606aura_sync\n|player|p2|\n",
  "uploadtime": 1776303003,
  "views": 18,
  "formatid": "gen9championsvgc2026regma",
  "rating": 1033,
  "private": 0,
  "password": null
}