{
  "id": "gen9championsvgc2026regma-2587325354",
  "format": "[Gen 9 Champions] VGC 2026 Reg M-A",
  "players": [
    "Lufa_07",
    "Average Wolfe Fan"
  ],
  "log": "|j|\u2606Lufa_07\n|j|\u2606Average Wolfe Fan\n|t:|1776522169\n|gametype|doubles\n|player|p1|Lufa_07|drayden|1136\n|player|p2|Average Wolfe Fan|lance|1048\n|gen|9\n|tier|[Gen 9 Champions] VGC 2026 Reg M-A\n|rated|\n|rule|Species Clause: Limit one of each Pok\u00e9mon\n|rule|Item Clause: Limit 1 of each item\n|clearpoke\n|poke|p1|Mimikyu, L50, M|\n|poke|p1|Goodra-Hisui, L50, M|\n|poke|p1|Crabominable, L50, M|\n|poke|p1|Incineroar, L50, F, shiny|\n|poke|p1|Drampa, L50, F|\n|poke|p1|Farigiraf, L50, M|\n|poke|p2|Golurk, L50|\n|poke|p2|Incineroar, L50, M, shiny|\n|poke|p2|Sinistcha-Masterpiece, L50|\n|poke|p2|Farigiraf, L50, M, shiny|\n|poke|p2|Tyranitar, L50, M|\n|poke|p2|Rotom-Wash, L50, shiny|\n|teampreview|4\n|inactive|Battle timer is ON: inactive players will automatically lose when time's up. (requested by Average Wolfe Fan)\n|\n|t:|1776522251\n|teamsize|p1|4\n|teamsize|p2|4\n|start\n|switch|p1a: Drampa|Drampa, L50, F|100/100\n|switch|p1b: Farigiraf|Farigiraf, L50, M|100/100\n|switch|p2a: Loooooong Neck|Farigiraf, L50, M, shiny|100/100\n|switch|p2b: \u0d9e|Rotom-Wash, L50, shiny|100/100\n|-ability|p1a: Drampa|Cloud Nine\n|turn|1\n|inactive|Lufa_07 has 30 seconds left.\n|\n|t:|1776522282\n|move|p2b: \u0d9e|Volt Switch|p1b: Farigiraf\n|-damage|p1b: Farigiraf|65/100\n|\n|t:|1776522287\n|switch|p2b: Massive Tweaker|Golurk, L50|100/100|[from] Volt Switch\n|move|p1b: Farigiraf|Psychic|p2a: Loooooong Neck\n|-resisted|p2a: Loooooong Neck|1\n|-damage|p2a: Loooooong Neck|86/100\n|move|p1a: Drampa|Earth Power|p2b: Massive Tweaker\n|-damage|p2b: Massive Tweaker|55/100\n|move|p2a: Loooooong Neck|Trick Room|p2a: Loooooong Neck\n|-fieldstart|move: Trick Room|[of] p2a: Loooooong Neck\n|\n|upkeep\n|turn|2\n|inactive|Lufa_07 has 30 seconds left.\n|inactive|Average Wolfe Fan has 30 seconds left.\n|inactive|Lufa_07 has 20 seconds left.\n|inactive|Lufa_07 has 15 seconds left.\n|inactive|Lufa_07 has 10 seconds left.\n|\n|t:|1776522333\n|detailschange|p2b: Massive Tweaker|Golurk-Mega, L50\n|-mega|p2b: Massive Tweaker|Golurk|Golurkite\n|move|p2b: Massive Tweaker|Protect|p2b: Massive Tweaker\n|-singleturn|p2b: Massive Tweaker|Protect\n|move|p1a: Drampa|Draco Meteor|p2b: Massive Tweaker\n|-activate|p2b: Massive Tweaker|move: Protect\n|move|p2a: Loooooong Neck|Hyper Voice|p1a: Drampa|[spread] p1a,p1b\n|-damage|p1a: Drampa|76/100\n|-damage|p1b: Farigiraf|41/100\n|-enditem|p1b: Farigiraf|Sitrus Berry|[eat]\n|-heal|p1b: Farigiraf|66/100|[from] item: Sitrus Berry\n|move|p1b: Farigiraf|Psychic|p2a: Loooooong Neck\n|-resisted|p2a: Loooooong Neck|1\n|-damage|p2a: Loooooong Neck|74/100\n|\n|upkeep\n|turn|3\n|inactive|Lufa_07 has 30 seconds left.\n|inactive|Average Wolfe Fan has 30 seconds left.\n|\n|t:|1776522362\n|switch|p2b: \u0d9e|Rotom-Wash, L50, shiny|100/100\n|switch|p1b: Crabominable|Crabominable, L50, M|100/100\n|move|p1a: Drampa|Draco Meteor|p2b: \u0d9e\n|-damage|p2b: \u0d9e|24/100\n|-unboost|p1a: Drampa|spa|2\n|move|p2a: Loooooong Neck|Hyper Voice|p1a: Drampa|[spread] p1a,p1b\n|-damage|p1a: Drampa|50/100\n|-damage|p1b: Crabominable|74/100\n|\n|upkeep\n|turn|4\n|inactive|Lufa_07 has 30 seconds left.\n|inactive|Average Wolfe Fan has 30 seconds left.\n|\n|t:|1776522390\n|switch|p1a: Goodra|Goodra-Hisui, L50, M|100/100\n|detailschange|p1b: Crabominable|Crabominable-Mega, L50, M\n|-mega|p1b: Crabominable|Crabominable|Crabominite\n|move|p2b: \u0d9e|Protect|p2b: \u0d9e\n|-singleturn|p2b: \u0d9e|Protect\n|move|p1b: Crabominable|Drain Punch|p2b: \u0d9e\n|-activate|p2b: \u0d9e|move: Protect\n|move|p2a: Loooooong Neck|Psychic|p1b: Crabominable\n|-supereffective|p1b: Crabominable|1\n|-damage|p1b: Crabominable|15/100\n|\n|upkeep\n|turn|5\n|inactive|Average Wolfe Fan has 30 seconds left.\n|\n|t:|1776522422\n|move|p2b: \u0d9e|Protect|p2b: \u0d9e\n|-singleturn|p2b: \u0d9e|Protect\n|move|p1b: Crabominable|Drain Punch|p2a: Loooooong Neck\n|-damage|p2a: Loooooong Neck|23/100\n|-heal|p1b: Crabominable|39/100|[from] drain|[of] p2a: Loooooong Neck\n|-enditem|p2a: Loooooong Neck|Sitrus Berry|[eat]\n|-heal|p2a: Loooooong Neck|48/100|[from] item: Sitrus Berry\n|move|p2a: Loooooong Neck|Psychic|p1b: Crabominable\n|-supereffective|p1b: Crabominable|1\n|-damage|p1b: Crabominable|0 fnt\n|faint|p1b: Crabominable\n|move|p1a: Goodra|Shelter|p1a: Goodra\n|-boost|p1a: Goodra|def|2\n|\n|-fieldend|move: Trick Room\n|upkeep\n|inactive|Lufa_07 has 30 seconds left.\n|\n|t:|1776522454\n|switch|p1b: Farigiraf|Farigiraf, L50, M|66/100\n|turn|6\n|\n|t:|1776522465\n|move|p2b: \u0d9e|Thunderbolt|p1b: Farigiraf\n|-damage|p1b: Farigiraf|19/100\n|move|p1b: Farigiraf|Psychic|p2b: \u0d9e\n|-damage|p2b: \u0d9e|0 fnt\n|faint|p2b: \u0d9e\n|move|p1a: Goodra|Shelter|p1a: Goodra\n|-boost|p1a: Goodra|def|2\n|move|p2a: Loooooong Neck|Hyper Voice|p1a: Goodra|[spread] p1a,p1b\n|-resisted|p1a: Goodra|1\n|-damage|p1a: Goodra|94/100\n|-damage|p1b: Farigiraf|0 fnt\n|faint|p1b: Farigiraf\n|\n|-heal|p1a: Goodra|99/100|[from] item: Leftovers\n|upkeep\n|\n|t:|1776522486\n|switch|p2b: Massive Tweaker|Golurk-Mega, L50|55/100\n|switch|p1b: Drampa|Drampa, L50, F|50/100\n|-ability|p1b: Drampa|Cloud Nine\n|turn|7\n|\n|t:|1776522511\n|move|p2a: Loooooong Neck|Helping Hand|p2b: Massive Tweaker\n|-singleturn|p2b: Massive Tweaker|Helping Hand|[of] p2a: Loooooong Neck\n|move|p1a: Goodra|Body Press|p2a: Loooooong Neck\n|-damage|p2a: Loooooong Neck|0 fnt\n|faint|p2a: Loooooong Neck\n|move|p2b: Massive Tweaker|Ice Punch|p1a: Goodra\n|-damage|p1a: Goodra|87/100\n|move|p1b: Drampa|Draco Meteor|p2b: Massive Tweaker\n|-damage|p2b: Massive Tweaker|0 fnt\n|-unboost|p1b: Drampa|spa|2\n|faint|p2b: Massive Tweaker\n|\n|-heal|p1a: Goodra|93/100|[from] item: Leftovers\n|upkeep\n|inactive|Average Wolfe Fan has 30 seconds left.\n|\n|t:|1776522541\n|switch|p2b: Wolfe Favo Mon|Incineroar, L50, M, shiny|100/100\n|-ability|p2b: Wolfe Favo Mon|Intimidate|boost\n|-unboost|p1a: Goodra|atk|1\n|-unboost|p1b: Drampa|atk|1\n|turn|8\n|\n|t:|1776522552\n|move|p1a: Goodra|Protect|p1a: Goodra\n|-singleturn|p1a: Goodra|Protect\n|move|p2b: Wolfe Favo Mon|Fake Out|p1b: Drampa\n|-damage|p1b: Drampa|39/100\n|cant|p1b: Drampa|flinch\n|\n|-heal|p1a: Goodra|99/100|[from] item: Leftovers\n|upkeep\n|turn|9\n|\n|t:|1776522564\n|move|p2b: Wolfe Favo Mon|Darkest Lariat|p1b: Drampa\n|-damage|p1b: Drampa|3/100\n|move|p1a: Goodra|Shelter|p1a: Goodra\n|-boost|p1a: Goodra|def|2\n|move|p1b: Drampa|Earth Power|p2b: Wolfe Favo Mon\n|-supereffective|p2b: Wolfe Favo Mon|1\n|-damage|p2b: Wolfe Favo Mon|64/100\n|\n|-heal|p1a: Goodra|100/100|[from] item: Leftovers\n|upkeep\n|turn|10\n|\n|t:|1776522576\n|move|p1b: Drampa|Protect|p1b: Drampa\n|-singleturn|p1b: Drampa|Protect\n|move|p1a: Goodra|Body Press|p2b: Wolfe Favo Mon\n|-supereffective|p2b: Wolfe Favo Mon|1\n|-damage|p2b: Wolfe Favo Mon|0 fnt\n|faint|p2b: Wolfe Favo Mon\n|\n|win|Lufa_07\n|raw|Lufa_07's rating: 1136 &rarr; <strong>1155</strong><br />(+19 for winning)\n|raw|Average Wolfe Fan's rating: 1048 &rarr; <strong>1035</strong><br />(-13 for losing)\n|l|\u2606Average Wolfe Fan\n|player|p2|\n",
  "uploadtime": 1776522594,
  "views": 18,
  "formatid": "gen9championsvgc2026regma",
  "rating": 1035,
  "private": 0,
  "password": null
}