{
  "id": "gen9championsvgc2026regma-2580930868",
  "format": "[Gen 9 Champions] VGC 2026 Reg M-A",
  "players": [
    "derpybaits",
    "Luma Tactas"
  ],
  "log": "|j|\u2606derpybaits\n|j|\u2606Luma Tactas\n|t:|1775944320\n|gametype|doubles\n|player|p1|derpybaits|266|1076\n|player|p2|Luma Tactas|acetrainerf|1044\n|gen|9\n|tier|[Gen 9 Champions] VGC 2026 Reg M-A\n|rated|\n|rule|Species Clause: Limit one of each Pok\u00e9mon\n|rule|Item Clause: Limit 1 of each item\n|clearpoke\n|poke|p1|Maushold, L50|\n|poke|p1|Garchomp, L50, F|\n|poke|p1|Talonflame, L50, F|\n|poke|p1|Rotom-Wash, L50|\n|poke|p1|Aegislash, L50, F|\n|poke|p1|Blastoise, L50, F|\n|poke|p2|Gardevoir, L50, F|\n|poke|p2|Sneasler, L50, M|\n|poke|p2|Maushold, L50|\n|poke|p2|Rotom-Wash, L50|\n|poke|p2|Talonflame, L50, M|\n|poke|p2|Garchomp, L50, F|\n|teampreview|4\nLuma Tactas rejected open team sheets.\n|\n|t:|1775944356\n|teamsize|p1|4\n|teamsize|p2|4\n|start\n|switch|p1a: Blastoise|Blastoise, L50, F|100/100\n|switch|p1b: Maushold|Maushold, L50|100/100\n|switch|p2a: Unseen|Sneasler, L50, M|100/100\n|switch|p2b: Talonflame|Talonflame, L50, M|100/100\n|turn|1\n|\n|t:|1775944379\n|move|p1b: Maushold|Protect|p1b: Maushold\n|-singleturn|p1b: Maushold|Protect\n|move|p1a: Blastoise|Protect|p1a: Blastoise\n|-singleturn|p1a: Blastoise|Protect\n|move|p2a: Unseen|Fake Out|p1b: Maushold\n|-activate|p1b: Maushold|move: Protect\n|move|p2b: Talonflame|Tailwind|p2b: Talonflame\n|-sidestart|p2: Luma Tactas|move: Tailwind\n|\n|upkeep\n|turn|2\n|\n|t:|1775944389\n|detailschange|p1a: Blastoise|Blastoise-Mega, L50, F\n|-mega|p1a: Blastoise|Blastoise|Blastoisinite\n|move|p2b: Talonflame|Protect|p2b: Talonflame\n|-singleturn|p2b: Talonflame|Protect\n|move|p1b: Maushold|Follow Me|p1b: Maushold\n|-singleturn|p1b: Maushold|move: Follow Me\n|move|p2a: Unseen|Close Combat|p1b: Maushold\n|-supereffective|p1b: Maushold|1\n|-enditem|p1b: Maushold|Focus Sash\n|-damage|p1b: Maushold|1/100\n|-unboost|p2a: Unseen|def|1\n|-unboost|p2a: Unseen|spd|1\n|-enditem|p2a: Unseen|White Herb\n|-clearnegativeboost|p2a: Unseen|[silent]\n|move|p1a: Blastoise|Shell Smash|p1a: Blastoise\n|-unboost|p1a: Blastoise|def|1\n|-unboost|p1a: Blastoise|spd|1\n|-boost|p1a: Blastoise|atk|2\n|-boost|p1a: Blastoise|spa|2\n|-boost|p1a: Blastoise|spe|2\n|\n|upkeep\n|turn|3\n|\n|t:|1775944420\n|move|p2a: Unseen|Protect|p2a: Unseen\n|-singleturn|p2a: Unseen|Protect\n|move|p1b: Maushold|Follow Me|p1b: Maushold\n|-singleturn|p1b: Maushold|move: Follow Me\n|move|p2b: Talonflame|Dual Wingbeat|p1b: Maushold\n|-damage|p1b: Maushold|0 fnt\n|faint|p1b: Maushold\n|-hitcount|p1: Maushold|1\n|move|p1a: Blastoise|Water Spout|p2a: Unseen|[spread] p2b\n|-activate|p2a: Unseen|move: Protect\n|-supereffective|p2b: Talonflame|1\n|-damage|p2b: Talonflame|0 fnt\n|faint|p2b: Talonflame\n|\n|upkeep\n|\n|t:|1775944433\n|switch|p2b: Ophelia|Gardevoir, L50, F, shiny|100/100\n|switch|p1b: Talonflame|Talonflame, L50, F|100/100\n|turn|4\n|\n|t:|1775944464\n|switch|p2a: Motorwash|Rotom-Wash, L50|100/100\n|detailschange|p2b: Ophelia|Gardevoir-Mega, L50, F, shiny\n|-mega|p2b: Ophelia|Gardevoir|Gardevoirite\n|move|p1b: Talonflame|Tailwind|p1b: Talonflame\n|-sidestart|p1: derpybaits|move: Tailwind\n|move|p1a: Blastoise|Water Spout|p2a: Motorwash|[spread] p2a,p2b\n|-resisted|p2a: Motorwash|1\n|-damage|p2a: Motorwash|28/100\n|-damage|p2b: Ophelia|0 fnt\n|faint|p2b: Ophelia\n|\n|-heal|p2a: Motorwash|34/100|[from] item: Leftovers\n|-sideend|p2: Luma Tactas|move: Tailwind\n|upkeep\n|\n|t:|1775944467\n|switch|p2b: Unseen|Sneasler, L50, M|100/100\n|turn|5\n|\n|t:|1775944478\n|move|p1a: Blastoise|Protect|p1a: Blastoise\n|-singleturn|p1a: Blastoise|Protect\n|move|p1b: Talonflame|Protect|p1b: Talonflame\n|-singleturn|p1b: Talonflame|Protect\n|move|p2b: Unseen|Fake Out|p1a: Blastoise\n|-activate|p1a: Blastoise|move: Protect\n|move|p2a: Motorwash|Thunderbolt|p1a: Blastoise\n|-activate|p1a: Blastoise|move: Protect\n|\n|-heal|p2a: Motorwash|40/100|[from] item: Leftovers\n|upkeep\n|turn|6\n|\n|t:|1775944487\n|move|p1b: Talonflame|Acrobatics|p2b: Unseen\n|-supereffective|p2b: Unseen|1\n|-damage|p2b: Unseen|0 fnt\n|faint|p2b: Unseen\n|move|p1a: Blastoise|Water Spout|p2a: Motorwash\n|-resisted|p2a: Motorwash|1\n|-damage|p2a: Motorwash|0 fnt\n|faint|p2a: Motorwash\n|\n|win|derpybaits\n|raw|derpybaits's rating: 1076 &rarr; <strong>1102</strong><br />(+26 for winning)\n|raw|Luma Tactas's rating: 1044 &rarr; <strong>1029</strong><br />(-15 for losing)\n",
  "uploadtime": 1775944491,
  "views": 10,
  "formatid": "gen9championsvgc2026regma",
  "rating": 1029,
  "private": 0,
  "password": null
}