{
  "id": "gen9championsvgc2026regma-2586611263",
  "format": "[Gen 9 Champions] VGC 2026 Reg M-A",
  "players": [
    "mime_724",
    "chaperomon"
  ],
  "log": "|j|\u2606mime_724\n|j|\u2606chaperomon\n|t:|1776446669\n|gametype|doubles\n|player|p1|mime_724|roxie|1123\n|player|p2|chaperomon|flannery|1142\n|gen|9\n|tier|[Gen 9 Champions] VGC 2026 Reg M-A\n|rated|\n|rule|Species Clause: Limit one of each Pok\u00e9mon\n|rule|Item Clause: Limit 1 of each item\n|clearpoke\n|poke|p1|Floette-Eternal, L50, F|\n|poke|p1|Tyranitar, L50, M|\n|poke|p1|Garchomp, L50, M|\n|poke|p1|Rotom-Wash, L50|\n|poke|p1|Corviknight, L50, M|\n|poke|p1|Incineroar, L50, M|\n|poke|p2|Feraligatr, L50, M|\n|poke|p2|Sinistcha, L50|\n|poke|p2|Rotom-Wash, L50|\n|poke|p2|Aerodactyl, L50, F|\n|poke|p2|Floette-Eternal, L50, F|\n|poke|p2|Incineroar, L50, M|\n|teampreview|4\n|inactive|Battle timer is ON: inactive players will automatically lose when time's up. (requested by mime_724)\n|inactive|chaperomon has 60 seconds left.\n|\n|t:|1776446708\n|teamsize|p1|4\n|teamsize|p2|4\n|start\n|switch|p1a: Floette|Floette-Eternal, L50, F|100/100\n|switch|p1b: Corviknight|Corviknight, L50, M|100/100\n|switch|p2a: Feraligatr|Feraligatr, L50, M|100/100\n|switch|p2b: Aerodactyl|Aerodactyl, L50, F|100/100\n|turn|1\n|\n|t:|1776446722\n|detailschange|p2a: Feraligatr|Feraligatr-Mega, L50, M\n|-mega|p2a: Feraligatr|Feraligatr|Feraligite\n|move|p1a: Floette|Protect|p1a: Floette\n|-singleturn|p1a: Floette|Protect\n|move|p2b: Aerodactyl|Tailwind|p2b: Aerodactyl\n|-sidestart|p2: chaperomon|move: Tailwind\n|move|p2a: Feraligatr|Substitute|p2a: Feraligatr\n|-start|p2a: Feraligatr|Substitute\n|-damage|p2a: Feraligatr|75/100\n|move|p1b: Corviknight|Tailwind|p1b: Corviknight\n|-sidestart|p1: mime_724|move: Tailwind\n|\n|upkeep\n|turn|2\n|\n|t:|1776446737\n|detailschange|p1a: Floette|Floette-Mega, L50, F\n|-mega|p1a: Floette|Floette|Floettite\n|-ability|p1a: Floette|Fairy Aura\n|move|p2b: Aerodactyl|Dual Wingbeat|p1a: Floette|[miss]\n|-miss|p2b: Aerodactyl|p1a: Floette\n|move|p1a: Floette|Dazzling Gleam|p2a: Feraligatr|[spread] p2a,p2b\n|-supereffective|p2a: Feraligatr|1\n|-end|p2a: Feraligatr|Substitute\n|-damage|p2b: Aerodactyl|30/100\n|move|p2a: Feraligatr|Liquidation|p1a: Floette\n|-damage|p1a: Floette|24/100\n|move|p1b: Corviknight|Bulk Up|p1b: Corviknight\n|-boost|p1b: Corviknight|atk|1\n|-boost|p1b: Corviknight|def|1\n|\n|upkeep\n|turn|3\n|inactive|chaperomon has 30 seconds left.\n|\n|t:|1776446762\n|move|p1a: Floette|Protect|p1a: Floette\n|-singleturn|p1a: Floette|Protect\n|move|p2a: Feraligatr|Aqua Jet|p1a: Floette\n|-activate|p1a: Floette|move: Protect\n|move|p2b: Aerodactyl|Rock Slide|p1b: Corviknight|[spread] p1b\n|-activate|p1a: Floette|move: Protect\n|-damage|p1b: Corviknight|89/100\n|cant|p1b: Corviknight|flinch\n|\n|-heal|p1b: Corviknight|95/100|[from] item: Leftovers\n|upkeep\n|turn|4\n|\n|t:|1776446778\n|switch|p1a: Rotom|Rotom-Wash, L50|100/100\n|move|p2a: Feraligatr|Aqua Jet|p1a: Rotom\n|-resisted|p1a: Rotom|1\n|-damage|p1a: Rotom|86/100\n|move|p2b: Aerodactyl|Rock Slide|p1b: Corviknight|[spread] p1a,p1b\n|-damage|p1a: Rotom|57/100\n|-damage|p1b: Corviknight|82/100\n|cant|p1b: Corviknight|flinch\n|\n|-heal|p1b: Corviknight|88/100|[from] item: Leftovers\n|-sideend|p1: mime_724|move: Tailwind\n|-sideend|p2: chaperomon|move: Tailwind\n|upkeep\n|turn|5\n|\n|t:|1776446797\n|move|p2b: Aerodactyl|Protect|p2b: Aerodactyl\n|-singleturn|p2b: Aerodactyl|Protect\n|move|p1a: Rotom|Volt Switch|p2a: Feraligatr\n|-damage|p2a: Feraligatr|46/100\n|\n|t:|1776446801\n|switch|p1a: Incineroar|Incineroar, L50, M|100/100|[from] Volt Switch\n|-ability|p1a: Incineroar|Intimidate|boost\n|-unboost|p2a: Feraligatr|atk|1\n|-unboost|p2b: Aerodactyl|atk|1\n|move|p2a: Feraligatr|Mega Kick|p1a: Incineroar|[miss]\n|-miss|p2a: Feraligatr|p1a: Incineroar\n|move|p1b: Corviknight|Tailwind|p1b: Corviknight\n|-sidestart|p1: mime_724|move: Tailwind\n|\n|-heal|p1b: Corviknight|94/100|[from] item: Leftovers\n|upkeep\n|turn|6\n|\n|t:|1776446819\n|switch|p2a: Rotom|Rotom-Wash, L50|100/100\n|move|p2b: Aerodactyl|Tailwind|p2b: Aerodactyl\n|-sidestart|p2: chaperomon|move: Tailwind\n|move|p1b: Corviknight|Body Press|p2b: Aerodactyl\n|-crit|p2b: Aerodactyl\n|-damage|p2b: Aerodactyl|0 fnt\n|faint|p2b: Aerodactyl\n|move|p1a: Incineroar|Parting Shot|p2a: Rotom\n|-unboost|p2a: Rotom|atk|1\n|-unboost|p2a: Rotom|spa|1\n|\n|t:|1776446827\n|switch|p1a: Rotom|Rotom-Wash, L50|57/100|[from] Parting Shot\n|\n|-heal|p1b: Corviknight|99/100|[from] item: Leftovers\n|upkeep\n|\n|t:|1776446838\n|switch|p2b: Incineroar|Incineroar, L50, M|100/100\n|-ability|p2b: Incineroar|Intimidate|boost\n|-unboost|p1a: Rotom|atk|1\n|-ability|p1b: Corviknight|Mirror Armor\n|-unboost|p2b: Incineroar|atk|1\n|turn|7\n|\n|t:|1776446856\n|move|p2b: Incineroar|Fake Out|p1a: Rotom\n|-damage|p1a: Rotom|48/100\n|move|p2a: Rotom|Thunderbolt|p1a: Rotom\n|-damage|p1a: Rotom|21/100\n|cant|p1a: Rotom|flinch\n|move|p1b: Corviknight|Bulk Up|p1b: Corviknight\n|-boost|p1b: Corviknight|atk|1\n|-boost|p1b: Corviknight|def|1\n|\n|-heal|p1b: Corviknight|100/100|[from] item: Leftovers\n|upkeep\n|turn|8\n|\n|t:|1776446868\n|move|p2a: Rotom|Thunderbolt|p1a: Rotom\n|-damage|p1a: Rotom|0 fnt\n|faint|p1a: Rotom\n|move|p2b: Incineroar|Flare Blitz|p1b: Corviknight\n|-supereffective|p1b: Corviknight|1\n|-damage|p1b: Corviknight|74/100\n|-damage|p2b: Incineroar|91/100|[from] Recoil\n|move|p1b: Corviknight|Body Press|p2b: Incineroar\n|-supereffective|p2b: Incineroar|1\n|-enditem|p2b: Incineroar|Chople Berry|[eat]\n|-enditem|p2b: Incineroar|Chople Berry|[weaken]\n|-damage|p2b: Incineroar|43/100\n|\n|-heal|p1b: Corviknight|80/100|[from] item: Leftovers\n|-sideend|p1: mime_724|move: Tailwind\n|upkeep\n|\n|t:|1776446882\n|switch|p1a: Incineroar|Incineroar, L50, M|100/100\n|-ability|p1a: Incineroar|Intimidate|boost\n|-unboost|p2a: Rotom|atk|1\n|-unboost|p2b: Incineroar|atk|1\n|turn|9\n|\n|t:|1776446897\n|move|p2a: Rotom|Thunderbolt|p1b: Corviknight\n|-supereffective|p1b: Corviknight|1\n|-damage|p1b: Corviknight|29/100\n|move|p2b: Incineroar|Parting Shot|p1a: Incineroar\n|-unboost|p1a: Incineroar|atk|1\n|-unboost|p1a: Incineroar|spa|1\n|\n|t:|1776446902\n|switch|p2b: Feraligatr|Feraligatr-Mega, L50, M|46/100|[from] Parting Shot\n|move|p1b: Corviknight|Tailwind|p1b: Corviknight\n|-sidestart|p1: mime_724|move: Tailwind\n|move|p1a: Incineroar|Parting Shot|p2b: Feraligatr\n|-unboost|p2b: Feraligatr|atk|1\n|-unboost|p2b: Feraligatr|spa|1\n|\n|t:|1776446910\n|switch|p1a: Floette|Floette-Mega, L50, F|24/100|[from] Parting Shot\n|-ability|p1a: Floette|Fairy Aura\n|\n|-heal|p1b: Corviknight|35/100|[from] item: Leftovers\n|-sideend|p2: chaperomon|move: Tailwind\n|upkeep\n|turn|10\n|\n|t:|1776446920\n|move|p1a: Floette|Protect|p1a: Floette\n|-singleturn|p1a: Floette|Protect\n|move|p2b: Feraligatr|Aqua Jet|p1a: Floette\n|-activate|p1a: Floette|move: Protect\n|move|p2a: Rotom|Thunderbolt|p1b: Corviknight\n|-supereffective|p1b: Corviknight|1\n|-damage|p1b: Corviknight|0 fnt\n|faint|p1b: Corviknight\n|\n|upkeep\n|\n|t:|1776446930\n|switch|p1b: Incineroar|Incineroar, L50, M|100/100\n|-ability|p1b: Incineroar|Intimidate|boost\n|-unboost|p2a: Rotom|atk|1\n|-unboost|p2b: Feraligatr|atk|1\n|turn|11\n|\n|t:|1776446939\n|switch|p2a: Incineroar|Incineroar, L50, M|43/100\n|-ability|p2a: Incineroar|Intimidate|boost\n|-unboost|p1a: Floette|atk|1\n|-unboost|p1b: Incineroar|atk|1\n|move|p2b: Feraligatr|Aqua Jet|p1a: Floette\n|-damage|p1a: Floette|4/100\n|move|p1a: Floette|Dazzling Gleam|p2b: Feraligatr|[spread] p2a,p2b\n|-supereffective|p2b: Feraligatr|1\n|-damage|p2a: Incineroar|0 fnt\n|-damage|p2b: Feraligatr|0 fnt\n|faint|p2a: Incineroar\n|faint|p2b: Feraligatr\n|move|p1b: Incineroar|Throat Chop|p2: Incineroar|[notarget]\n|-fail|p1b: Incineroar\n|\n|upkeep\n|\n|t:|1776446963\n|switch|p2b: Rotom|Rotom-Wash, L50|100/100\n|turn|12\n|\n|t:|1776446989\n|move|p1a: Floette|Moonblast|p2b: Rotom\n|-damage|p2b: Rotom|0 fnt\n|faint|p2b: Rotom\n|\n|win|mime_724\n|raw|mime_724's rating: 1123 &rarr; <strong>1149</strong><br />(+26 for winning)\n|raw|chaperomon's rating: 1142 &rarr; <strong>1116</strong><br />(-26 for losing)\n|l|\u2606mime_724\n|player|p1|\n",
  "uploadtime": 1776447038,
  "views": 30,
  "formatid": "gen9championsvgc2026regma",
  "rating": 1116,
  "private": 0,
  "password": null
}