{
  "id": "gen9championsvgc2026regma-2586741127",
  "format": "[Gen 9 Champions] VGC 2026 Reg M-A",
  "players": [
    "vroummm",
    "yngtgr"
  ],
  "log": "|j|\u2606vroummm\n|j|\u2606yngtgr\n|t:|1776456265\n|gametype|doubles\n|player|p1|vroummm|n|\n|player|p2|yngtgr|266|\n|gen|9\n|tier|[Gen 9 Champions] VGC 2026 Reg M-A\n|rated|Tournament battle\n|rule|Species Clause: Limit one of each Pok\u00e9mon\n|rule|Item Clause: Limit 1 of each item\n|raw|<div class=\"infobox\"><details class=\"readmore\" open><summary><strong>1 custom rule:</strong></summary> Force Open Team Sheets</details></div>\n|clearpoke\n|poke|p1|Floette-Eternal, L50, F|\n|poke|p1|Aerodactyl, L50, M|\n|poke|p1|Maushold, L50|\n|poke|p1|Sneasler, L50, F|\n|poke|p1|Kingambit, L50, M|\n|poke|p1|Basculegion, L50, M|\n|poke|p2|Gengar, L50, M|\n|poke|p2|Incineroar, L50, M|\n|poke|p2|Kommo-o, L50, M|\n|poke|p2|Sinistcha, L50|\n|poke|p2|Tyranitar, L50, F|\n|poke|p2|Basculegion, L50, M|\n|teampreview|4\n|showteam|p1|Floette-Eternal||Floettite|FlowerVeil|DazzlingGleam,Moonblast,CalmMind,Protect|||F|||50|]Aerodactyl||FocusSash|Unnerve|DualWingbeat,RockSlide,Tailwind,Protect|||M|||50|]Maushold||ChopleBerry|FriendGuard|HelpingHand,Protect,FollowMe,SuperFang||||||50|]Sneasler||WhiteHerb|Unburden|CloseCombat,DireClaw,FakeOut,Protect|||F|||50|]Kingambit||BlackGlasses|Defiant|KowtowCleave,SuckerPunch,Protect,IronHead|||M|||50|]Basculegion||ChoiceScarf|Adaptability|WaveCrash,FlipTurn,LastRespects,AquaJet|||M|||50|\n|showteam|p2|Gengar||Gengarite|CursedBody|ShadowBall,PerishSong,Taunt,Protect|||M|||50|]Incineroar||SitrusBerry|Intimidate|FakeOut,PartingShot,ThroatChop,Protect|||M|||50|]Kommo-o||Leftovers|Soundproof|ClangorousSoul,ClangingScales,AuraSphere,Protect|||M|||50|]Sinistcha||KasibBerry|Hospitality|MatchaGotcha,RagePowder,LifeDew,Protect||||||50|]Tyranitar||FocusSash|SandStream|RockSlide,KnockOff,LowKick,Protect|||F|||50|]Basculegion||ChoiceScarf|Adaptability|WaveCrash,LastRespects,FlipTurn,AquaJet|||M|||50|\n|c|\u2606vroummm|gl hf\n|inactive|Battle timer is ON: inactive players will automatically lose when time's up. (requested by yngtgr)\n|\n|t:|1776456349\n|teamsize|p1|4\n|teamsize|p2|4\n|start\n|switch|p1a: Sneasler|Sneasler, L50, F|100/100\n|switch|p1b: Kingambit|Kingambit, L50, M|100/100\n|switch|p2a: Gengar|Gengar, L50, M|100/100\n|switch|p2b: Kommo-o|Kommo-o, L50, M|100/100\n|turn|1\n|\n|t:|1776456368\n|detailschange|p2a: Gengar|Gengar-Mega, L50, M\n|-mega|p2a: Gengar|Gengar|Gengarite\n|move|p2a: Gengar|Protect|p2a: Gengar\n|-singleturn|p2a: Gengar|Protect\n|move|p2b: Kommo-o|Protect|p2b: Kommo-o\n|-singleturn|p2b: Kommo-o|Protect\n|move|p1a: Sneasler|Fake Out|p2b: Kommo-o\n|-activate|p2b: Kommo-o|move: Protect\n|move|p1b: Kingambit|Kowtow Cleave|p2a: Gengar\n|-activate|p2a: Gengar|move: Protect\n|\n|upkeep\n|turn|2\n|inactive|vroummm has 30 seconds left.\n|\n|t:|1776456397\n|move|p1b: Kingambit|Protect|p1b: Kingambit\n|-singleturn|p1b: Kingambit|Protect\n|move|p2a: Gengar|Taunt|p1a: Sneasler\n|-start|p1a: Sneasler|move: Taunt\n|move|p1a: Sneasler|Dire Claw|p2b: Kommo-o\n|-damage|p2b: Kommo-o|69/100\n|move|p2b: Kommo-o|Aura Sphere|p1b: Kingambit\n|-activate|p1b: Kingambit|move: Protect\n|\n|-heal|p2b: Kommo-o|75/100|[from] item: Leftovers\n|upkeep\n|turn|3\n|\n|t:|1776456418\n|switch|p2a: Sinistcha|Sinistcha, L50, shiny|100/100\n|-heal|p2b: Kommo-o|99/100|[from] ability: Hospitality|[of] p2a: Sinistcha\n|move|p1b: Kingambit|Sucker Punch|p2b: Kommo-o\n|-resisted|p2b: Kommo-o|1\n|-damage|p2b: Kommo-o|78/100\n|move|p1a: Sneasler|Dire Claw|p2b: Kommo-o\n|-damage|p2b: Kommo-o|41/100\n|-status|p2b: Kommo-o|psn\n|move|p2b: Kommo-o|Aura Sphere|p1b: Kingambit\n|-supereffective|p1b: Kingambit|2\n|-damage|p1b: Kingambit|0 fnt\n|faint|p1b: Kingambit\n|\n|-heal|p2b: Kommo-o|47/100 psn|[from] item: Leftovers\n|-damage|p2b: Kommo-o|35/100 psn|[from] psn\n|upkeep\n|\n|t:|1776456437\n|switch|p1b: Floette|Floette-Eternal, L50, F|100/100\n|turn|4\n|\n|t:|1776456456\n|switch|p2a: Gengar|Gengar-Mega, L50, M|100/100\n|detailschange|p1b: Floette|Floette-Mega, L50, F\n|-mega|p1b: Floette|Floette|Floettite\n|-ability|p1b: Floette|Fairy Aura\n|move|p1a: Sneasler|Dire Claw|p2a: Gengar\n|-resisted|p2a: Gengar|2\n|-damage|p2a: Gengar|87/100\n|move|p2b: Kommo-o|Clanging Scales|p1b: Floette|[spread] p1a\n|-immune|p1b: Floette\n|-damage|p1a: Sneasler|58/100\n|-unboost|p2b: Kommo-o|def|1\n|move|p1b: Floette|Calm Mind|p1b: Floette\n|-boost|p1b: Floette|spa|1\n|-boost|p1b: Floette|spd|1\n|\n|-heal|p2b: Kommo-o|41/100 psn|[from] item: Leftovers\n|-damage|p2b: Kommo-o|29/100 psn|[from] psn\n|-end|p1a: Sneasler|move: Taunt\n|upkeep\n|turn|5\n|inactive|vroummm has 30 seconds left.\n|inactive|yngtgr has 30 seconds left.\n|inactive|yngtgr has 20 seconds left.\n|inactive|yngtgr has 15 seconds left.\n|inactive|yngtgr has 10 seconds left.\n|\n|t:|1776456502\n|switch|p2b: Incineroar|Incineroar, L50, M|100/100\n|-ability|p2b: Incineroar|Intimidate|boost\n|-unboost|p1a: Sneasler|atk|1\n|-unboost|p1b: Floette|atk|1\n|-enditem|p1a: Sneasler|White Herb\n|-clearnegativeboost|p1a: Sneasler|[silent]\n|move|p1a: Sneasler|Dire Claw|p2a: Gengar\n|-resisted|p2a: Gengar|2\n|-damage|p2a: Gengar|75/100\n|move|p2a: Gengar|Perish Song|p2a: Gengar\n|-start|p1a: Sneasler|perish3|[silent]\n|-start|p1b: Floette|perish3|[silent]\n|-start|p2a: Gengar|perish3|[silent]\n|-start|p2b: Incineroar|perish3|[silent]\n|-fieldactivate|move: Perish Song\n|move|p1b: Floette|Dazzling Gleam|p2b: Incineroar|[spread] p2a,p2b\n|-resisted|p2a: Gengar|1\n|-crit|p2b: Incineroar\n|-damage|p2a: Gengar|40/100\n|-damage|p2b: Incineroar|23/100\n|-enditem|p2b: Incineroar|Sitrus Berry|[eat]\n|-heal|p2b: Incineroar|48/100|[from] item: Sitrus Berry\n|\n|-start|p1a: Sneasler|perish3\n|-start|p2a: Gengar|perish3\n|-start|p1b: Floette|perish3\n|-start|p2b: Incineroar|perish3\n|upkeep\n|turn|6\n|inactive|vroummm has 30 seconds left.\n|\n|t:|1776456531\n|move|p2a: Gengar|Protect|p2a: Gengar\n|-singleturn|p2a: Gengar|Protect\n|move|p2b: Incineroar|Protect|p2b: Incineroar\n|-singleturn|p2b: Incineroar|Protect\n|move|p1a: Sneasler|Close Combat|p2b: Incineroar\n|-activate|p2b: Incineroar|move: Protect\n|move|p1b: Floette|Moonblast|p2a: Gengar\n|-activate|p2a: Gengar|move: Protect\n|\n|-start|p1a: Sneasler|perish2\n|-start|p2a: Gengar|perish2\n|-start|p1b: Floette|perish2\n|-start|p2b: Incineroar|perish2\n|upkeep\n|turn|7\n|inactive|vroummm has 30 seconds left.\n|\n|t:|1776456563\n|switch|p2a: Sinistcha|Sinistcha, L50, shiny|100/100\n|-heal|p2b: Incineroar|72/100|[from] ability: Hospitality|[of] p2a: Sinistcha\n|move|p1a: Sneasler|Dire Claw|p2a: Sinistcha\n|-damage|p2a: Sinistcha|63/100\n|move|p1b: Floette|Dazzling Gleam|p2b: Incineroar|[spread] p2a,p2b\n|-damage|p2a: Sinistcha|7/100\n|-damage|p2b: Incineroar|21/100\n|move|p2b: Incineroar|Parting Shot|p2a: Sinistcha\n|-unboost|p2a: Sinistcha|atk|1\n|-unboost|p2a: Sinistcha|spa|1\n|\n|t:|1776456576\n|switch|p2b: Gengar|Gengar-Mega, L50, M|40/100|[from] Parting Shot\n|\n|-start|p1a: Sneasler|perish1\n|-start|p1b: Floette|perish1\n|upkeep\n|turn|8\n|\n|t:|1776456595\n|move|p2b: Gengar|Protect|p2b: Gengar\n|-singleturn|p2b: Gengar|Protect\n|move|p2a: Sinistcha|Protect|p2a: Sinistcha\n|-singleturn|p2a: Sinistcha|Protect\n|move|p1a: Sneasler|Dire Claw|p2b: Gengar\n|-activate|p2b: Gengar|move: Protect\n|move|p1b: Floette|Dazzling Gleam|p2a: Sinistcha|[spread] \n|-activate|p2a: Sinistcha|move: Protect\n|-activate|p2b: Gengar|move: Protect\n|\n|-start|p1a: Sneasler|perish0\n|-start|p1b: Floette|perish0\n|faint|p1a: Sneasler\n|faint|p1b: Floette\n|upkeep\n|\n|t:|1776456612\n|switch|p1a: Basculegion|Basculegion, L50, M|100/100\n|turn|9\n|inactive|yngtgr has 30 seconds left.\n|\n|t:|1776456638\n|move|p2a: Sinistcha|Rage Powder|p2a: Sinistcha\n|-singleturn|p2a: Sinistcha|move: Rage Powder\n|move|p1a: Basculegion|Last Respects|p2a: Sinistcha\n|-supereffective|p2a: Sinistcha|1\n|-enditem|p2a: Sinistcha|Kasib Berry|[eat]\n|-enditem|p2a: Sinistcha|Kasib Berry|[weaken]\n|-damage|p2a: Sinistcha|0 fnt\n|faint|p2a: Sinistcha\n|move|p2b: Gengar|Perish Song|p2b: Gengar\n|-start|p1a: Basculegion|perish3|[silent]\n|-start|p2b: Gengar|perish3|[silent]\n|-fieldactivate|move: Perish Song\n|\n|-start|p1a: Basculegion|perish3\n|-start|p2b: Gengar|perish3\n|upkeep\n|\n|t:|1776456643\n|switch|p2a: Incineroar|Incineroar, L50, M|21/100\n|-ability|p2a: Incineroar|Intimidate|boost\n|-unboost|p1a: Basculegion|atk|1\n|turn|10\n|\n|t:|1776456653\n|move|p2b: Gengar|Protect|p2b: Gengar\n|-singleturn|p2b: Gengar|Protect\n|move|p2a: Incineroar|Protect|p2a: Incineroar\n|-singleturn|p2a: Incineroar|Protect\n|move|p1a: Basculegion|Last Respects|p2a: Incineroar\n|-activate|p2a: Incineroar|move: Protect\n|\n|-start|p1a: Basculegion|perish2\n|-start|p2b: Gengar|perish2\n|upkeep\n|turn|11\n|\n|t:|1776456660\n|switch|p2b: Kommo-o|Kommo-o, L50, M|29/100 psn\n|move|p1a: Basculegion|Last Respects|p2b: Kommo-o\n|-damage|p2b: Kommo-o|0 fnt\n|faint|p2b: Kommo-o\n|move|p2a: Incineroar|Parting Shot|p1a: Basculegion\n|-unboost|p1a: Basculegion|atk|1\n|-unboost|p1a: Basculegion|spa|1\n|\n|t:|1776456665\n|switch|p2a: Gengar|Gengar-Mega, L50, M|40/100|[from] Parting Shot\n|\n|-start|p1a: Basculegion|perish1\n|upkeep\n|\n|t:|1776456666\n|switch|p2b: Incineroar|Incineroar, L50, M|21/100\n|-ability|p2b: Incineroar|Intimidate|boost\n|-unboost|p1a: Basculegion|atk|1\n|turn|12\n|inactive|vroummm has 30 seconds left.\n|j| zugasteam\n|c|\u2606vroummm|There was no chance that i win gg\n|inactive|vroummm has 20 seconds left.\n|\n|t:|1776456705\n|move|p2a: Gengar|Protect|p2a: Gengar\n|-singleturn|p2a: Gengar|Protect\n|move|p2b: Incineroar|Protect|p2b: Incineroar\n|-singleturn|p2b: Incineroar|Protect\n|move|p1a: Basculegion|Last Respects|p2a: Gengar\n|-activate|p2a: Gengar|move: Protect\n|\n|-start|p1a: Basculegion|perish0\n|faint|p1a: Basculegion\n|\n|win|yngtgr\n|n|\u2606vroummm|vroummm\n|n|\u2606yngtgr|yngtgr\n|n| zugasteam|zugasteam\n|c|\u2606vroummm|i've play like ass\n|l| zugasteam\n|l|\u2606vroummm\n|player|p1|\n",
  "uploadtime": 1776458090,
  "views": 26,
  "formatid": "gen9championsvgc2026regma",
  "rating": null,
  "private": 0,
  "password": null
}