{
  "id": "gen9championsvgc2026regma-2584371202",
  "format": "[Gen 9 Champions] VGC 2026 Reg M-A",
  "players": [
    "smp on whimsicott",
    "pingpongx"
  ],
  "log": "|j|\u2606smp on whimsicott\n|j|\u2606pingpongx\n|t:|1776255734\n|gametype|doubles\n|player|p1|smp on whimsicott|artist-gen4|1346\n|player|p2|pingpongx|265|1333\n|gen|9\n|tier|[Gen 9 Champions] VGC 2026 Reg M-A\n|rated|\n|rule|Species Clause: Limit one of each Pok\u00e9mon\n|rule|Item Clause: Limit 1 of each item\n|clearpoke\n|poke|p1|Arcanine, L50, M|\n|poke|p1|Venusaur, L50, M|\n|poke|p1|Sneasler, L50, M|\n|poke|p1|Rotom-Wash, L50|\n|poke|p1|Garchomp, L50, M|\n|poke|p1|Corviknight, L50, F|\n|poke|p2|Froslass, L50, F|\n|poke|p2|Arcanine-Hisui, L50, F|\n|poke|p2|Sneasler, L50, F|\n|poke|p2|Kingambit, L50, F|\n|poke|p2|Palafin, L50, F|\n|poke|p2|Sinistcha, L50|\n|teampreview|4\n|inactive|Battle timer is ON: inactive players will automatically lose when time's up. (requested by pingpongx)\n|inactive|smp on whimsicott has 60 seconds left.\n|inactive|smp on whimsicott has 30 seconds left.\n|\n|t:|1776255798\n|teamsize|p1|4\n|teamsize|p2|4\n|start\n|switch|p1a: Venusaur|Venusaur, L50, M|100/100\n|switch|p1b: Corviknight|Corviknight, L50, F|100/100\n|switch|p2a: Froslass|Froslass, L50, F|100/100\n|switch|p2b: Arcanine|Arcanine-Hisui, L50, F|100/100\n|-ability|p2b: Arcanine|Intimidate|boost\n|-unboost|p1a: Venusaur|atk|1\n|-ability|p1b: Corviknight|Mirror Armor\n|-unboost|p2b: Arcanine|atk|1\n|turn|1\n|\n|t:|1776255817\n|switch|p1b: Arcanine|Arcanine, L50, M|100/100\n|-ability|p1b: Arcanine|Intimidate|boost\n|-unboost|p2a: Froslass|atk|1\n|-unboost|p2b: Arcanine|atk|1\n|detailschange|p2a: Froslass|Froslass-Mega, L50, F\n|-mega|p2a: Froslass|Froslass|Froslassite\n|-weather|Snowscape|[from] ability: Snow Warning|[of] p2a: Froslass\n|detailschange|p1a: Venusaur|Venusaur-Mega, L50, M\n|-mega|p1a: Venusaur|Venusaur|Venusaurite\n|move|p2a: Froslass|Blizzard|p1a: Venusaur|[spread] p1a,p1b\n|-supereffective|p1a: Venusaur|1\n|-resisted|p1b: Arcanine|1\n|-damage|p1a: Venusaur|64/100\n|-damage|p1b: Arcanine|77/100\n|move|p2b: Arcanine|Rock Slide|p1a: Venusaur|[spread] p1a,p1b\n|-supereffective|p1b: Arcanine|1\n|-damage|p1a: Venusaur|54/100\n|-damage|p1b: Arcanine|49/100\n|-enditem|p1b: Arcanine|Sitrus Berry|[eat]\n|-heal|p1b: Arcanine|74/100|[from] item: Sitrus Berry\n|move|p1a: Venusaur|Leech Seed|p2a: Froslass\n|-start|p2a: Froslass|move: Leech Seed\n|\n|-weather|Snowscape|[upkeep]\n|-damage|p2a: Froslass|88/100|[from] Leech Seed|[of] p1a: Venusaur\n|-heal|p1a: Venusaur|64/100|[silent]\n|upkeep\n|turn|2\n|inactive|smp on whimsicott has 30 seconds left.\n|inactive|pingpongx has 30 seconds left.\n|\n|t:|1776255849\n|move|p2a: Froslass|Aurora Veil|p2a: Froslass\n|-sidestart|p2: pingpongx|move: Aurora Veil\n|move|p1b: Arcanine|Flare Blitz|p2a: Froslass\n|-supereffective|p2a: Froslass|1\n|-damage|p2a: Froslass|17/100\n|-status|p2a: Froslass|brn\n|-damage|p1b: Arcanine|56/100|[from] Recoil\n|move|p2b: Arcanine|Rock Slide|p1b: Arcanine|[spread] p1a,p1b\n|-supereffective|p1b: Arcanine|1\n|-damage|p1a: Venusaur|53/100\n|-damage|p1b: Arcanine|25/100\n|cant|p1a: Venusaur|flinch\n|\n|-weather|Snowscape|[upkeep]\n|-damage|p2a: Froslass|5/100 brn|[from] Leech Seed|[of] p1a: Venusaur\n|-heal|p1a: Venusaur|63/100|[silent]\n|-damage|p2a: Froslass|0 fnt|[from] brn\n|faint|p2a: Froslass\n|upkeep\n|\n|t:|1776255869\n|switch|p2a: Sneasler|Sneasler, L50, F|100/100\n|turn|3\n|\n|t:|1776255883\n|switch|p1b: Corviknight|Corviknight, L50, F|100/100\n|switch|p2b: Sinistcha|Sinistcha, L50|100/100\n|move|p1a: Venusaur|Protect|p1a: Venusaur\n|-singleturn|p1a: Venusaur|Protect\n|move|p2a: Sneasler|Fake Out|p1b: Corviknight\n|-resisted|p1b: Corviknight|1\n|-damage|p1b: Corviknight|94/100\n|\n|-weather|Snowscape|[upkeep]\n|-heal|p1b: Corviknight|99/100|[from] item: Leftovers\n|upkeep\n|turn|4\n|\n|t:|1776255899\n|move|p2b: Sinistcha|Rage Powder|p2b: Sinistcha\n|-singleturn|p2b: Sinistcha|move: Rage Powder\n|move|p2a: Sneasler|Close Combat|p1b: Corviknight\n|-damage|p1b: Corviknight|43/100\n|-unboost|p2a: Sneasler|def|1\n|-unboost|p2a: Sneasler|spd|1\n|-enditem|p2a: Sneasler|White Herb\n|-clearnegativeboost|p2a: Sneasler|[silent]\n|move|p1a: Venusaur|Leech Seed|p2a: Sneasler\n|-start|p2a: Sneasler|move: Leech Seed\n|move|p1b: Corviknight|Brave Bird|p2b: Sinistcha\n|-supereffective|p2b: Sinistcha|1\n|-damage|p2b: Sinistcha|55/100\n|-damage|p1b: Corviknight|29/100|[from] Recoil\n|\n|-weather|Snowscape|[upkeep]\n|-heal|p1b: Corviknight|35/100|[from] item: Leftovers\n|-damage|p2a: Sneasler|88/100|[from] Leech Seed|[of] p1a: Venusaur\n|-heal|p1a: Venusaur|73/100|[silent]\n|upkeep\n|turn|5\n|\n|t:|1776255924\n|move|p2a: Sneasler|Close Combat|p1b: Corviknight\n|-damage|p1b: Corviknight|0 fnt\n|-unboost|p2a: Sneasler|def|1\n|-unboost|p2a: Sneasler|spd|1\n|faint|p1b: Corviknight\n|move|p1a: Venusaur|Earth Power|p2a: Sneasler\n|-supereffective|p2a: Sneasler|1\n|-damage|p2a: Sneasler|11/100\n|move|p2b: Sinistcha|Strength Sap|p1a: Venusaur\n|-unboost|p1a: Venusaur|atk|1\n|-heal|p2b: Sinistcha|95/100\n|\n|-weather|none\n|-damage|p2a: Sneasler|0 fnt|[from] Leech Seed|[of] p1a: Venusaur\n|-heal|p1a: Venusaur|82/100|[silent]\n|faint|p2a: Sneasler\n|upkeep\n|\n|t:|1776255941\n|switch|p2a: Arcanine|Arcanine-Hisui, L50, F|100/100\n|switch|p1b: Arcanine|Arcanine, L50, M|25/100\n|-ability|p1b: Arcanine|Intimidate|boost\n|-unboost|p2a: Arcanine|atk|1\n|-unboost|p2b: Sinistcha|atk|1\n|-ability|p2a: Arcanine|Intimidate|boost\n|-unboost|p1a: Venusaur|atk|1\n|-unboost|p1b: Arcanine|atk|1\n|turn|6\n|\n|t:|1776255961\n|move|p1b: Arcanine|Flare Blitz|p2b: Sinistcha\n|-supereffective|p2b: Sinistcha|1\n|-damage|p2b: Sinistcha|63/100\n|-damage|p1b: Arcanine|16/100|[from] Recoil\n|move|p2a: Arcanine|Rock Slide|p1b: Arcanine|[spread] p1b\n|-miss|p2a: Arcanine|p1a: Venusaur\n|-supereffective|p1b: Arcanine|1\n|-damage|p1b: Arcanine|0 fnt\n|faint|p1b: Arcanine\n|move|p1a: Venusaur|Earth Power|p2a: Arcanine\n|-supereffective|p2a: Arcanine|2\n|-damage|p2a: Arcanine|9/100\n|move|p2b: Sinistcha|Matcha Gotcha|p1a: Venusaur\n|-resisted|p1a: Venusaur|2\n|-crit|p1a: Venusaur\n|-damage|p1a: Venusaur|73/100\n|-heal|p2b: Sinistcha|68/100|[from] drain|[of] p1a: Venusaur\n|\n|-sideend|p2: pingpongx|move: Aurora Veil\n|upkeep\n|\n|t:|1776255972\n|switch|p1b: Rotom|Rotom-Wash, L50|100/100\n|turn|7\n|\n|t:|1776255985\n|move|p2a: Arcanine|Protect|p2a: Arcanine\n|-singleturn|p2a: Arcanine|Protect\n|move|p1b: Rotom|Electroweb|p2a: Arcanine|[spread] p2b\n|-activate|p2a: Arcanine|move: Protect\n|-resisted|p2b: Sinistcha|1\n|-damage|p2b: Sinistcha|61/100\n|-unboost|p2b: Sinistcha|spe|1\n|move|p1a: Venusaur|Sludge Bomb|p2b: Sinistcha\n|-crit|p2b: Sinistcha\n|-damage|p2b: Sinistcha|0 fnt\n|faint|p2b: Sinistcha\n|\n|upkeep\n|turn|8\n|\n|t:|1776255999\n|move|p1b: Rotom|Electroweb|p2a: Arcanine\n|-damage|p2a: Arcanine|0 fnt\n|faint|p2a: Arcanine\n|\n|win|smp on whimsicott\n|raw|smp on whimsicott's rating: 1346 &rarr; <strong>1365</strong><br />(+19 for winning)\n|raw|pingpongx's rating: 1333 &rarr; <strong>1314</strong><br />(-19 for losing)\n",
  "uploadtime": 1776255999,
  "views": 28,
  "formatid": "gen9championsvgc2026regma",
  "rating": 1314,
  "private": 0,
  "password": null
}