{
  "id": "gen9championsvgc2026regma-2588426271",
  "format": "[Gen 9 Champions] VGC 2026 Reg M-A",
  "players": [
    "Kaktrum",
    "Sheepsoft"
  ],
  "log": "|j|\u2606Kaktrum\n|j|\u2606Sheepsoft\n|t:|1776632518\n|gametype|doubles\n|player|p1|Kaktrum|170|1295\n|player|p2|Sheepsoft|maid|1284\n|gen|9\n|tier|[Gen 9 Champions] VGC 2026 Reg M-A\n|rated|\n|rule|Species Clause: Limit one of each Pok\u00e9mon\n|rule|Item Clause: Limit 1 of each item\n|clearpoke\n|poke|p1|Farigiraf, L50, F|\n|poke|p1|Sneasler, L50, F|\n|poke|p1|Crabominable, L50, M|\n|poke|p1|Incineroar, L50, M|\n|poke|p1|Kingambit, L50, M|\n|poke|p1|Basculegion, L50, M|\n|poke|p2|Hydreigon, L50, F|\n|poke|p2|Aegislash, L50, F|\n|poke|p2|Floette-Eternal, L50, F|\n|poke|p2|Rotom-Wash, L50|\n|poke|p2|Volcarona, L50, F|\n|poke|p2|Sneasler, L50, M|\n|teampreview|4\n|\n|t:|1776632567\n|teamsize|p1|4\n|teamsize|p2|4\n|start\n|switch|p1a: Kingambit|Kingambit, L50, M|100/100\n|switch|p1b: Farigiraf|Farigiraf, L50, F|100/100\n|switch|p2a: Hydreigon|Hydreigon, L50, F|100/100\n|switch|p2b: Volcarona|Volcarona, L50, F|100/100\n|turn|1\n|\n|t:|1776632595\n|switch|p1a: Basculegion|Basculegion, L50, M|100/100\n|move|p2b: Volcarona|Heat Wave|p1b: Farigiraf|[spread] p1a,p1b\n|-resisted|p1a: Basculegion|1\n|-damage|p1a: Basculegion|85/100\n|-damage|p1b: Farigiraf|70/100\n|move|p2a: Hydreigon|Heat Wave|p1a: Basculegion|[spread] p1a,p1b\n|-resisted|p1a: Basculegion|1\n|-damage|p1a: Basculegion|71/100\n|-damage|p1b: Farigiraf|47/100\n|move|p1b: Farigiraf|Trick Room|p1b: Farigiraf\n|-fieldstart|move: Trick Room|[of] p1b: Farigiraf\n|\n|upkeep\n|turn|2\n|\n|t:|1776632636\n|switch|p1b: Crabominable|Crabominable, L50, M|100/100\n|move|p2a: Hydreigon|Protect|p2a: Hydreigon\n|-singleturn|p2a: Hydreigon|Protect\n|move|p1a: Basculegion|Wave Crash|p2b: Volcarona\n|-supereffective|p2b: Volcarona|1\n|-enditem|p2b: Volcarona|Passho Berry|[eat]\n|-enditem|p2b: Volcarona|Passho Berry|[weaken]\n|-damage|p2b: Volcarona|4/100\n|-damage|p1a: Basculegion|44/100|[from] Recoil\n|move|p2b: Volcarona|Giga Drain|p1a: Basculegion\n|-supereffective|p1a: Basculegion|1\n|-damage|p1a: Basculegion|1/100\n|-heal|p2b: Volcarona|29/100|[from] drain|[of] p1a: Basculegion\n|\n|upkeep\n|turn|3\n|\n|t:|1776632666\n|switch|p1a: Farigiraf|Farigiraf, L50, F|47/100\n|switch|p2a: Aegislash|Aegislash, L50, F|100/100\n|detailschange|p1b: Crabominable|Crabominable-Mega, L50, M\n|-mega|p1b: Crabominable|Crabominable|Crabominite\n|move|p2b: Volcarona|Protect|p2b: Volcarona\n|-singleturn|p2b: Volcarona|Protect\n|move|p1b: Crabominable|Ice Hammer|p2a: Aegislash\n|-resisted|p2a: Aegislash|1\n|-damage|p2a: Aegislash|69/100\n|-unboost|p1b: Crabominable|spe|1\n|\n|-heal|p2a: Aegislash|75/100|[from] item: Leftovers\n|upkeep\n|turn|4\n|\n|t:|1776632697\n|switch|p1a: Kingambit|Kingambit, L50, M|100/100\n|move|p1b: Crabominable|Ice Hammer|p2b: Volcarona\n|-resisted|p2b: Volcarona|1\n|-damage|p2b: Volcarona|0 fnt\n|-unboost|p1b: Crabominable|spe|1\n|-status|p1b: Crabominable|brn|[from] ability: Flame Body|[of] p2b: Volcarona\n|faint|p2b: Volcarona\n|-formechange|p2a: Aegislash|Aegislash-Blade|\n|move|p2a: Aegislash|Flash Cannon|p1b: Crabominable\n|-supereffective|p1b: Crabominable|1\n|-damage|p1b: Crabominable|18/100 brn\n|\n|-heal|p2a: Aegislash|81/100|[from] item: Leftovers\n|-damage|p1b: Crabominable|12/100 brn|[from] brn\n|upkeep\n|\n|t:|1776632714\n|switch|p2b: Floette|Floette-Eternal, L50, F|100/100\n|turn|5\n|\n|t:|1776632734\n|detailschange|p2b: Floette|Floette-Mega, L50, F\n|-mega|p2b: Floette|Floette|Floettite\n|-ability|p2b: Floette|Fairy Aura\n|-formechange|p2a: Aegislash|Aegislash|\n|move|p2a: Aegislash|King's Shield|p2a: Aegislash\n|-singleturn|p2a: Aegislash|Protect\n|move|p1b: Crabominable|Ice Hammer|p2b: Floette\n|-damage|p2b: Floette|46/100\n|-unboost|p1b: Crabominable|spe|1\n|move|p1a: Kingambit|Kowtow Cleave|p2a: Aegislash\n|-activate|p2a: Aegislash|move: Protect\n|-unboost|p1a: Kingambit|atk|1\n|-ability|p1a: Kingambit|Defiant|boost\n|-boost|p1a: Kingambit|atk|2\n|move|p2b: Floette|Calm Mind|p2b: Floette\n|-boost|p2b: Floette|spa|1\n|-boost|p2b: Floette|spd|1\n|\n|-heal|p2a: Aegislash|87/100|[from] item: Leftovers\n|-damage|p1b: Crabominable|6/100 brn|[from] brn\n|-fieldend|move: Trick Room\n|upkeep\n|turn|6\n|\n|t:|1776632780\n|switch|p2a: Hydreigon|Hydreigon, L50, F|100/100\n|move|p2b: Floette|Moonblast|p1a: Kingambit\n|-damage|p1a: Kingambit|0 fnt\n|faint|p1a: Kingambit\n|move|p1b: Crabominable|Ice Hammer|p2a: Hydreigon|[miss]\n|-miss|p1b: Crabominable|p2a: Hydreigon\n|\n|-damage|p1b: Crabominable|0 fnt|[from] brn\n|faint|p1b: Crabominable\n|upkeep\n|\n|t:|1776632794\n|switch|p1a: Basculegion|Basculegion, L50, M|1/100\n|switch|p1b: Farigiraf|Farigiraf, L50, F|47/100\n|turn|7\n|\n|t:|1776632815\n|move|p1b: Farigiraf|Helping Hand|p1a: Basculegion\n|-singleturn|p1a: Basculegion|Helping Hand|[of] p1b: Farigiraf\n|move|p1a: Basculegion|Aqua Jet|p2b: Floette\n|-damage|p2b: Floette|0 fnt\n|faint|p2b: Floette\n|move|p2a: Hydreigon|Dark Pulse|p1b: Farigiraf\n|-supereffective|p1b: Farigiraf|1\n|-enditem|p1b: Farigiraf|Colbur Berry|[eat]\n|-enditem|p1b: Farigiraf|Colbur Berry|[weaken]\n|-damage|p1b: Farigiraf|0 fnt\n|faint|p1b: Farigiraf\n|\n|upkeep\n|\n|t:|1776632825\n|switch|p2b: Aegislash|Aegislash, L50, F|87/100\n|turn|8\n|inactive|Battle timer is ON: inactive players will automatically lose when time's up. (requested by Sheepsoft)\n|inactive|Kaktrum has 60 seconds left.\n|inactive|Kaktrum has 30 seconds left.\n|inactive|Kaktrum has 20 seconds left.\n|inactive|Kaktrum has 15 seconds left.\n|inactive|Kaktrum has 10 seconds left.\n|inactive|Kaktrum has 5 seconds left.\n|\n|t:|1776632997\n|move|p1a: Basculegion|Aqua Jet|p2a: Hydreigon\n|-resisted|p2a: Hydreigon|1\n|-damage|p2a: Hydreigon|84/100\n|move|p2a: Hydreigon|Dark Pulse|p1a: Basculegion\n|-supereffective|p1a: Basculegion|1\n|-damage|p1a: Basculegion|0 fnt\n|faint|p1a: Basculegion\n|\n|win|Sheepsoft\n|raw|Kaktrum's rating: 1295 &rarr; <strong>1269</strong><br />(-26 for losing)\n|raw|Sheepsoft's rating: 1284 &rarr; <strong>1310</strong><br />(+26 for winning)\n",
  "uploadtime": 1776633012,
  "views": 23,
  "formatid": "gen9championsvgc2026regma",
  "rating": 1269,
  "private": 0,
  "password": null
}