{
  "id": "gen9championsvgc2026regma-2582583764",
  "format": "[Gen 9 Champions] VGC 2026 Reg M-A",
  "players": [
    "Emkattpinger",
    "torrmentor20"
  ],
  "log": "|j|\u2606Emkattpinger\n|j|\u2606torrmentor20\n|t:|1776100858\n|gametype|doubles\n|player|p1|Emkattpinger|lucas|1044\n|player|p2|torrmentor20|volo|1033\n|gen|9\n|tier|[Gen 9 Champions] VGC 2026 Reg M-A\n|rated|\n|rule|Species Clause: Limit one of each Pok\u00e9mon\n|rule|Item Clause: Limit 1 of each item\n|clearpoke\n|poke|p1|Hawlucha, L50, M|\n|poke|p1|Snorlax, L50, F|\n|poke|p1|Vanilluxe, L50, M|\n|poke|p1|Excadrill, L50, M|\n|poke|p1|Basculegion, L50, M|\n|poke|p1|Watchog, L50, F|\n|poke|p2|Delphox, L50, F|\n|poke|p2|Sableye, L50, F|\n|poke|p2|Kingambit, L50, M|\n|poke|p2|Alakazam, L50, M|\n|poke|p2|Sneasler, L50, F|\n|poke|p2|Gengar, L50, F|\n|teampreview|4\n|inactive|Battle timer is ON: inactive players will automatically lose when time's up. (requested by Emkattpinger)\n|\n|t:|1776100888\n|teamsize|p1|4\n|teamsize|p2|4\n|start\n|switch|p1a: Snorlax|Snorlax, L50, F|100/100\n|switch|p1b: Chris|Hawlucha, L50, M|100/100\n|switch|p2a: Sableye|Sableye, L50, F|100/100\n|switch|p2b: Gengar|Gengar, L50, F|100/100\n|turn|1\n|inactive|torrmentor20 has 30 seconds left.\n|\n|t:|1776100916\n|detailschange|p1b: Chris|Hawlucha-Mega, L50, M\n|-mega|p1b: Chris|Hawlucha|Hawluchanite\n|move|p2a: Sableye|Gravity|p2a: Sableye\n|-fieldstart|move: Gravity\n|move|p1b: Chris|Entrainment|p1a: Snorlax\n|-ability|p1a: Snorlax|No Guard|Thick Fat|[from] move: Entrainment|[of] p1b: Chris\n|move|p2b: Gengar|Hypnosis|p1b: Chris\n|-status|p1b: Chris|slp|[from] move: Hypnosis\n|move|p1a: Snorlax|Fissure|p2b: Gengar\n|-damage|p2b: Gengar|0 fnt\n|faint|p2b: Gengar\n|-ohko\n|\n|upkeep\n|\n|t:|1776100934\n|switch|p2b: Delphox|Delphox, L50, F|100/100\n|turn|2\n|\n|t:|1776100945\n|detailschange|p2b: Delphox|Delphox-Mega, L50, F\n|-mega|p2b: Delphox|Delphox|Delphoxite\n|move|p2a: Sableye|Sunny Day|p2a: Sableye\n|-weather|SunnyDay\n|move|p2b: Delphox|Heat Wave|p1b: Chris|[spread] p1a,p1b\n|-damage|p1a: Snorlax|63/100\n|-damage|p1b: Chris|19/100 slp\n|cant|p1b: Chris|slp\n|move|p1a: Snorlax|Fissure|p2a: Sableye\n|-damage|p2a: Sableye|0 fnt\n|faint|p2a: Sableye\n|-ohko\n|\n|-weather|SunnyDay|[upkeep]\n|-heal|p1a: Snorlax|69/100|[from] item: Leftovers\n|upkeep\n|\n|t:|1776100955\n|switch|p2a: Kingambit|Kingambit, L50, M|100/100\n|-activate|p2a: Kingambit|ability: Supreme Overlord\n|-start|p2a: Kingambit|fallen2|[silent]\n|turn|3\n|inactive|torrmentor20 has 30 seconds left.\n|\n|t:|1776100987\n|move|p2b: Delphox|Heat Wave|p1b: Chris|[spread] p1a,p1b\n|-damage|p1a: Snorlax|33/100\n|-damage|p1b: Chris|0 fnt\n|faint|p1b: Chris\n|move|p2a: Kingambit|Kowtow Cleave|p1a: Snorlax\n|-damage|p1a: Snorlax|0 fnt\n|faint|p1a: Snorlax\n|\n|-weather|SunnyDay|[upkeep]\n|upkeep\n|\n|t:|1776100997\n|switch|p1b: Excadrill|Excadrill, L50, M|100/100\n|switch|p1a: Basculegion|Basculegion, L50, M|100/100\n|turn|4\n|inactive|Emkattpinger has 30 seconds left.\n|\n|t:|1776101028\n|move|p2a: Kingambit|Sucker Punch|p1a: Basculegion\n|-supereffective|p1a: Basculegion|1\n|-damage|p1a: Basculegion|0 fnt\n|faint|p1a: Basculegion\n|move|p2b: Delphox|Heat Wave|p1b: Excadrill\n|-supereffective|p1b: Excadrill|1\n|-enditem|p1b: Excadrill|Focus Sash\n|-damage|p1b: Excadrill|1/100\n|move|p1b: Excadrill|Horn Drill|p2a: Kingambit\n|-damage|p2a: Kingambit|0 fnt\n|faint|p2a: Kingambit\n|-end|p2a: Kingambit|fallen2|[silent]\n|-ohko\n|\n|-weather|SunnyDay|[upkeep]\n|upkeep\n|turn|5\n|\n|t:|1776101042\n|move|p1b: Excadrill|Protect|p1b: Excadrill\n|-singleturn|p1b: Excadrill|Protect\n|move|p2b: Delphox|Heat Wave|p1b: Excadrill\n|-activate|p1b: Excadrill|move: Protect\n|\n|-weather|SunnyDay|[upkeep]\n|-fieldend|move: Gravity\n|upkeep\n|turn|6\n|\n|t:|1776101050\n|move|p2b: Delphox|Psychic|p1b: Excadrill\n|-resisted|p1b: Excadrill|1\n|-damage|p1b: Excadrill|0 fnt\n|faint|p1b: Excadrill\n|\n|win|torrmentor20\n|raw|Emkattpinger's rating: 1044 &rarr; <strong>1027</strong><br />(-17 for losing)\n|raw|torrmentor20's rating: 1033 &rarr; <strong>1069</strong><br />(+36 for winning)\n",
  "uploadtime": 1776101056,
  "views": 14,
  "formatid": "gen9championsvgc2026regma",
  "rating": 1027,
  "private": 0,
  "password": null
}