{
  "id": "gen9championsvgc2026regma-2587544375",
  "format": "[Gen 9 Champions] VGC 2026 Reg M-A",
  "players": [
    "NixkNaps",
    "autiorez"
  ],
  "log": "|j|\u2606NixkNaps\n|j|\u2606autiorez\n|t:|1776540942\n|gametype|doubles\n|player|p1|NixkNaps|nate|1034\n|player|p2|autiorez|youngn|1061\n|gen|9\n|tier|[Gen 9 Champions] VGC 2026 Reg M-A\n|rated|\n|rule|Species Clause: Limit one of each Pok\u00e9mon\n|rule|Item Clause: Limit 1 of each item\n|clearpoke\n|poke|p1|Froslass, L50, F, shiny|\n|poke|p1|Jolteon, L50, F, shiny|\n|poke|p1|Incineroar, L50, M|\n|poke|p1|Sinistcha, L50|\n|poke|p1|Empoleon, L50, F, shiny|\n|poke|p1|Weavile, L50, F|\n|poke|p2|Blastoise, L50, M|\n|poke|p2|Farigiraf, L50, M|\n|poke|p2|Araquanid, L50, M|\n|poke|p2|Empoleon, L50, F|\n|poke|p2|Meganium, L50, M|\n|poke|p2|Pelipper, L50, F|\n|teampreview|4\n|inactive|Battle timer is ON: inactive players will automatically lose when time's up. (requested by autiorez)\n|inactive|NixkNaps has 60 seconds left.\n|inactive|autiorez has 60 seconds left.\n|inactive|NixkNaps has 30 seconds left.\n|inactive|autiorez has 30 seconds left.\n|inactive|autiorez has 20 seconds left.\n|\n|t:|1776541017\n|teamsize|p1|4\n|teamsize|p2|4\n|start\n|switch|p1a: Froslass|Froslass, L50, F, shiny|100/100\n|switch|p1b: Weavile|Weavile, L50, F|100/100\n|switch|p2a: Blastoise|Blastoise, L50, M|100/100\n|switch|p2b: Farigiraf|Farigiraf, L50, M|100/100\n|-ability|p1b: Weavile|Pressure\n|turn|1\n|inactive|NixkNaps has 30 seconds left.\n|inactive|NixkNaps has 20 seconds left.\n|inactive|NixkNaps has 15 seconds left.\n|\n|t:|1776541061\n|switch|p1a: Incineroar|Incineroar, L50, M|100/100\n|-ability|p1a: Incineroar|Intimidate|boost\n|-unboost|p2a: Blastoise|atk|1\n|-unboost|p2b: Farigiraf|atk|1\n|detailschange|p2a: Blastoise|Blastoise-Mega, L50, M\n|-mega|p2a: Blastoise|Blastoise|Blastoisinite\n|move|p2a: Blastoise|Fake Out|p1b: Weavile\n|-damage|p1b: Weavile|89/100\n|cant|p1b: Weavile|flinch\n|move|p2b: Farigiraf|Trick Room|p2b: Farigiraf\n|-fieldstart|move: Trick Room|[of] p2b: Farigiraf\n|\n|upkeep\n|turn|2\n|\n|t:|1776541079\n|move|p2b: Farigiraf|Rain Dance|p2b: Farigiraf\n|-weather|RainDance\n|move|p1a: Incineroar|Darkest Lariat|p2b: Farigiraf\n|-supereffective|p2b: Farigiraf|1\n|-damage|p2b: Farigiraf|41/100\n|move|p2a: Blastoise|Muddy Water|p1b: Weavile|[spread] p1b\n|-miss|p2a: Blastoise|p1a: Incineroar\n|-damage|p1b: Weavile|8/100\n|-unboost|p1b: Weavile|accuracy|1\n|move|p1b: Weavile|Knock Off|p2b: Farigiraf|[miss]\n|-miss|p1b: Weavile|p2b: Farigiraf\n|\n|-weather|RainDance|[upkeep]\n|upkeep\n|turn|3\n|\n|t:|1776541099\n|switch|p1a: Sinistcha|Sinistcha, L50|100/100\n|-heal|p1b: Weavile|33/100|[from] ability: Hospitality|[of] p1a: Sinistcha\n|move|p2b: Farigiraf|Protect|p2b: Farigiraf\n|-singleturn|p2b: Farigiraf|Protect\n|move|p2a: Blastoise|Muddy Water|p1b: Weavile|[spread] p1a,p1b\n|-resisted|p1a: Sinistcha|1\n|-damage|p1a: Sinistcha|56/100\n|-damage|p1b: Weavile|0 fnt\n|-unboost|p1a: Sinistcha|accuracy|1\n|faint|p1b: Weavile\n|\n|-weather|RainDance|[upkeep]\n|upkeep\n|\n|t:|1776541114\n|switch|p1b: Incineroar|Incineroar, L50, M|100/100\n|-ability|p1b: Incineroar|Intimidate|boost\n|-unboost|p2a: Blastoise|atk|1\n|-unboost|p2b: Farigiraf|atk|1\n|turn|4\n|c|\u2606autiorez|yeah incineroar will def be useful against a rain team\n|c|\u2606autiorez|collectively one brain cell between incine players\n|inactive|autiorez has 30 seconds left.\n|\n|t:|1776541140\n|move|p2b: Farigiraf|Protect||[still]\n|-fail|p2b: Farigiraf\n|move|p1b: Incineroar|Fake Out||[still]\n|cant|p2b: Farigiraf|ability: Armor Tail|Fake Out|[of] p1b: Incineroar\n|move|p2a: Blastoise|Ice Beam|p1a: Sinistcha\n|-supereffective|p1a: Sinistcha|1\n|-damage|p1a: Sinistcha|0 fnt\n|faint|p1a: Sinistcha\n|\n|-weather|RainDance|[upkeep]\n|upkeep\n|c|\u2606autiorez|see\n|\n|t:|1776541148\n|switch|p1a: Froslass|Froslass, L50, F, shiny|100/100\n|turn|5\n|\n|t:|1776541155\n|detailschange|p1a: Froslass|Froslass-Mega, L50, F, shiny\n|-mega|p1a: Froslass|Froslass|Froslassite\n|-weather|Snowscape|[from] ability: Snow Warning|[of] p1a: Froslass\n|move|p2b: Farigiraf|Rain Dance|p2b: Farigiraf\n|-weather|RainDance\n|move|p1b: Incineroar|Darkest Lariat|p2b: Farigiraf\n|-supereffective|p2b: Farigiraf|1\n|-damage|p2b: Farigiraf|0 fnt\n|faint|p2b: Farigiraf\n|move|p2a: Blastoise|Muddy Water|p1b: Incineroar|[spread] p1a,p1b\n|-supereffective|p1b: Incineroar|1\n|-damage|p1a: Froslass|29/100\n|-damage|p1b: Incineroar|0 fnt\n|-unboost|p1a: Froslass|accuracy|1\n|faint|p1b: Incineroar\n|move|p1a: Froslass|Aurora Veil||[still]\n|-fail|p1a: Froslass\n|\n|-weather|RainDance|[upkeep]\n|-fieldend|move: Trick Room\n|upkeep\n|\n|t:|1776541164\n|switch|p2b: Araquanid|Araquanid, L50, M|100/100\n|turn|6\n|c|\u2606NixkNaps|ur so angry for what\n|-message|NixkNaps forfeited.\n|\n|win|autiorez\n|raw|NixkNaps's rating: 1034 &rarr; <strong>1022</strong><br />(-12 for losing)\n|raw|autiorez's rating: 1096 &rarr; <strong>1117</strong><br />(+21 for winning)\n|l|\u2606NixkNaps\n|player|p1|\n",
  "uploadtime": 1776541213,
  "views": 16,
  "formatid": "gen9championsvgc2026regma",
  "rating": 1022,
  "private": 0,
  "password": null
}