{
  "id": "gen9championsvgc2026regma-2586688865",
  "format": "[Gen 9 Champions] VGC 2026 Reg M-A",
  "players": [
    "Ace_Remnant",
    "AlekGeller"
  ],
  "log": "|j|\u2606Ace_Remnant\n|j|\u2606AlekGeller\n|t:|1776452336\n|gametype|doubles\n|player|p1|Ace_Remnant|n|1058\n|player|p2|AlekGeller|2|1040\n|gen|9\n|tier|[Gen 9 Champions] VGC 2026 Reg M-A\n|rated|\n|rule|Species Clause: Limit one of each Pok\u00e9mon\n|rule|Item Clause: Limit 1 of each item\n|clearpoke\n|poke|p1|Whimsicott, L50, M|\n|poke|p1|Milotic, L50, F|\n|poke|p1|Basculegion, L50, M|\n|poke|p1|Skarmory, L50, F|\n|poke|p1|Chandelure, L50, M|\n|poke|p1|Florges-Blue, L50, F|\n|poke|p2|Beedrill, L50, F|\n|poke|p2|Talonflame, L50, F|\n|poke|p2|Ninetales-Alola, L50, M|\n|poke|p2|Maushold, L50|\n|poke|p2|Incineroar, L50, F|\n|poke|p2|Milotic, L50, M|\n|teampreview|4\n|inactive|Battle timer is ON: inactive players will automatically lose when time's up. (requested by Ace_Remnant)\n|j| maruuram\n|l| maruuram\n|inactive|AlekGeller has 60 seconds left.\n|\n|t:|1776452372\n|teamsize|p1|4\n|teamsize|p2|4\n|start\n|switch|p1a: Milotic|Milotic, L50, F|100/100\n|switch|p1b: Skarmory|Skarmory, L50, F|100/100\n|switch|p2a: Maushold|Maushold, L50|100/100\n|switch|p2b: Beedrill|Beedrill, L50, F, shiny|100/100\n|turn|1\n|\n|t:|1776452396\n|detailschange|p2b: Beedrill|Beedrill-Mega, L50, F, shiny\n|-mega|p2b: Beedrill|Beedrill|Beedrillite\n|move|p2a: Maushold|Follow Me|p2a: Maushold\n|-singleturn|p2a: Maushold|move: Follow Me\n|move|p2b: Beedrill|Knock Off|p1a: Milotic\n|-damage|p1a: Milotic|53/100\n|-enditem|p1a: Milotic|Mystic Water|[from] move: Knock Off|[of] p2b: Beedrill\n|move|p1a: Milotic|Scald|p2a: Maushold\n|-damage|p2a: Maushold|49/100\n|move|p1b: Skarmory|Brave Bird|p2a: Maushold\n|-damage|p2a: Maushold|0 fnt\n|faint|p2a: Maushold\n|-damage|p1b: Skarmory|80/100|[from] Recoil\n|\n|upkeep\n|\n|t:|1776452414\n|switch|p2a: Talonflame|Talonflame, L50, F|100/100\n|turn|2\n|\n|t:|1776452437\n|move|p2a: Talonflame|Tailwind|p2a: Talonflame\n|-sidestart|p2: AlekGeller|move: Tailwind\n|move|p2b: Beedrill|Fell Stinger|p1a: Milotic\n|-damage|p1a: Milotic|0 fnt\n|faint|p1a: Milotic\n|-boost|p2b: Beedrill|atk|3\n|move|p1b: Skarmory|Brave Bird|p2b: Beedrill\n|-supereffective|p2b: Beedrill|1\n|-crit|p2b: Beedrill\n|-damage|p2b: Beedrill|0 fnt\n|faint|p2b: Beedrill\n|-damage|p1b: Skarmory|46/100|[from] Recoil\n|-enditem|p1b: Skarmory|Sitrus Berry|[eat]\n|-heal|p1b: Skarmory|71/100|[from] item: Sitrus Berry\n|\n|upkeep\n|\n|t:|1776452454\n|switch|p2b: Milotic|Milotic, L50, M|100/100\n|switch|p1a: Chandelure|Chandelure, L50, M, shiny|100/100\n|turn|3\n|\n|t:|1776452469\n|move|p1a: Chandelure|Protect|p1a: Chandelure\n|-singleturn|p1a: Chandelure|Protect\n|move|p2a: Talonflame|Flare Blitz|p1b: Skarmory\n|-supereffective|p1b: Skarmory|1\n|-damage|p1b: Skarmory|0 fnt\n|faint|p1b: Skarmory\n|-damage|p2a: Talonflame|83/100|[from] Recoil\n|move|p2b: Milotic|Scald|p1a: Chandelure\n|-activate|p1a: Chandelure|move: Protect\n|\n|upkeep\n|\n|t:|1776452480\n|switch|p1b: Whimsicott|Whimsicott, L50, M|100/100\n|turn|4\n|\n|t:|1776452491\n|detailschange|p1a: Chandelure|Chandelure-Mega, L50, M, shiny\n|-mega|p1a: Chandelure|Chandelure|Chandelurite\n|move|p1b: Whimsicott|Tailwind|p1b: Whimsicott\n|-sidestart|p1: Ace_Remnant|move: Tailwind\n|move|p2a: Talonflame|Brave Bird|p1b: Whimsicott\n|-supereffective|p1b: Whimsicott|1\n|-enditem|p1b: Whimsicott|Focus Sash\n|-damage|p1b: Whimsicott|1/100\n|-damage|p2a: Talonflame|59/100|[from] Recoil\n|move|p1a: Chandelure|Shadow Ball|p2b: Milotic\n|-damage|p2b: Milotic|61/100\n|-unboost|p2b: Milotic|spd|1\n|-ability|p2b: Milotic|Competitive|boost\n|-boost|p2b: Milotic|spa|2\n|move|p2b: Milotic|Scald|p1a: Chandelure\n|-supereffective|p1a: Chandelure|1\n|-damage|p1a: Chandelure|0 fnt\n|faint|p1a: Chandelure\n|\n|-heal|p2b: Milotic|67/100|[from] item: Leftovers\n|upkeep\n|turn|5\n|-message|Ace_Remnant forfeited.\n|\n|win|AlekGeller\n|raw|Ace_Remnant's rating: 1058 &rarr; <strong>1038</strong><br />(-20 for losing)\n|raw|AlekGeller's rating: 1040 &rarr; <strong>1076</strong><br />(+36 for winning)\n|l|\u2606Ace_Remnant\n|player|p1|\n",
  "uploadtime": 1776452522,
  "views": 31,
  "formatid": "gen9championsvgc2026regma",
  "rating": 1038,
  "private": 0,
  "password": null
}