{
  "id": "gen9championsvgc2026regma-2580676912",
  "format": "[Gen 9 Champions] VGC 2026 Reg M-A",
  "players": [
    "sodarist",
    "grok how do i win?"
  ],
  "log": "|j|\u2606sodarist\n|j|\u2606grok how do i win?\n|t:|1775923477\n|gametype|doubles\n|player|p1|sodarist|steven|1046\n|player|p2|grok how do i win?|2|1104\n|gen|9\n|tier|[Gen 9 Champions] VGC 2026 Reg M-A\n|rated|\n|rule|Species Clause: Limit one of each Pok\u00e9mon\n|rule|Item Clause: Limit 1 of each item\n|clearpoke\n|poke|p1|Tyranitar, L50, M|\n|poke|p1|Whimsicott, L50, M|\n|poke|p1|Excadrill, L50, F|\n|poke|p1|Milotic, L50, M|\n|poke|p1|Meowscarada, L50, F|\n|poke|p1|Incineroar, L50, F|\n|poke|p2|Charizard, L50, F|\n|poke|p2|Venusaur, L50, M|\n|poke|p2|Garchomp, L50, M|\n|poke|p2|Incineroar, L50, M|\n|poke|p2|Whimsicott, L50, F|\n|poke|p2|Raichu, L50, M|\n|teampreview|4\n|\n|t:|1775923522\n|teamsize|p1|4\n|teamsize|p2|4\n|start\n|switch|p1a: Whimsicott|Whimsicott, L50, M|100/100\n|switch|p1b: Incineroar|Incineroar, L50, F|100/100\n|switch|p2a: Whimsicott|Whimsicott, L50, F, shiny|100/100\n|switch|p2b: Garchomp|Garchomp, L50, M|100/100\n|-ability|p1b: Incineroar|Intimidate|boost\n|-unboost|p2a: Whimsicott|atk|1\n|-unboost|p2b: Garchomp|atk|1\n|turn|1\n|-activate|p1b: Incineroar|item: Quick Claw\n|\n|t:|1775923539\n|move|p2b: Garchomp|Protect|p2b: Garchomp\n|-singleturn|p2b: Garchomp|Protect\n|move|p1b: Incineroar|Fake Out|p2a: Whimsicott\n|-damage|p2a: Whimsicott|84/100\n|cant|p2a: Whimsicott|flinch\n|move|p1a: Whimsicott|Tailwind|p1a: Whimsicott\n|-sidestart|p1: sodarist|move: Tailwind\n|\n|upkeep\n|turn|2\n|\n|t:|1775923557\n|move|p2a: Whimsicott|Tailwind|p2a: Whimsicott\n|-sidestart|p2: grok how do i win?|move: Tailwind\n|move|p2b: Garchomp|Rock Slide|p1a: Whimsicott|[spread] p1a,p1b\n|-supereffective|p1b: Incineroar|1\n|-damage|p1a: Whimsicott|84/100\n|-damage|p1b: Incineroar|70/100\n|move|p1a: Whimsicott|Moonblast|p2b: Garchomp\n|-supereffective|p2b: Garchomp|1\n|-damage|p2b: Garchomp|16/100\n|move|p1b: Incineroar|Flare Blitz|p2a: Whimsicott\n|-supereffective|p2a: Whimsicott|1\n|-damage|p2a: Whimsicott|0 fnt\n|faint|p2a: Whimsicott\n|-damage|p1b: Incineroar|44/100|[from] Recoil\n|\n|upkeep\n|\n|t:|1775923570\n|switch|p2a: Charizard|Charizard, L50, F, shiny|100/100\n|turn|3\n|-activate|p1b: Incineroar|item: Quick Claw\n|\n|t:|1775923580\n|move|p2b: Garchomp|Protect|p2b: Garchomp\n|-singleturn|p2b: Garchomp|Protect\n|move|p1b: Incineroar|Parting Shot|p2a: Charizard\n|-unboost|p2a: Charizard|atk|1\n|-unboost|p2a: Charizard|spa|1\n|\n|t:|1775923586\n|switch|p1b: Tyranitar|Tyranitar, L50, M|100/100|[from] Parting Shot\n|-weather|Sandstorm|[from] ability: Sand Stream|[of] p1b: Tyranitar\n|move|p2a: Charizard|Heat Wave|p1a: Whimsicott|[spread] p1a,p1b\n|-supereffective|p1a: Whimsicott|1\n|-resisted|p1b: Tyranitar|1\n|-damage|p1a: Whimsicott|26/100\n|-damage|p1b: Tyranitar|95/100\n|-status|p1a: Whimsicott|brn\n|move|p1a: Whimsicott|Moonblast|p2a: Charizard\n|-resisted|p2a: Charizard|1\n|-damage|p2a: Charizard|74/100\n|\n|-weather|Sandstorm|[upkeep]\n|-damage|p2a: Charizard|68/100|[from] Sandstorm\n|-damage|p1a: Whimsicott|20/100 brn|[from] Sandstorm\n|-damage|p1a: Whimsicott|14/100 brn|[from] brn\n|upkeep\n|turn|4\n|\n|t:|1775923615\n|switch|p2a: Venusaur|Venusaur, L50, M, shiny|100/100\n|move|p1a: Whimsicott|Helping Hand|p1b: Tyranitar\n|-singleturn|p1b: Tyranitar|Helping Hand|[of] p1a: Whimsicott\n|move|p2b: Garchomp|Earthquake|p1a: Whimsicott|[spread] p2a,p1a,p1b\n|-resisted|p1a: Whimsicott|1\n|-supereffective|p1b: Tyranitar|1\n|-damage|p2a: Venusaur|63/100\n|-damage|p1a: Whimsicott|0 fnt\n|-damage|p1b: Tyranitar|51/100\n|faint|p1a: Whimsicott\n|move|p1b: Tyranitar|Rock Slide|p2b: Garchomp|[spread] p2a\n|-miss|p1b: Tyranitar|p2b: Garchomp\n|-damage|p2a: Venusaur|13/100\n|\n|-weather|Sandstorm|[upkeep]\n|-damage|p2a: Venusaur|7/100|[from] Sandstorm\n|-sideend|p1: sodarist|move: Tailwind\n|upkeep\n|\n|t:|1775923631\n|switch|p1a: Incineroar|Incineroar, L50, F|44/100\n|-ability|p1a: Incineroar|Intimidate|boost\n|-unboost|p2a: Venusaur|atk|1\n|-unboost|p2b: Garchomp|atk|1\n|turn|5\n|\n|t:|1775923652\n|move|p2b: Garchomp|Protect|p2b: Garchomp\n|-singleturn|p2b: Garchomp|Protect\n|move|p1a: Incineroar|Fake Out|p2a: Venusaur\n|-damage|p2a: Venusaur|0 fnt\n|faint|p2a: Venusaur\n|move|p1b: Tyranitar|Rock Slide|p2b: Garchomp\n|-activate|p2b: Garchomp|move: Protect\n|\n|-weather|Sandstorm|[upkeep]\n|-damage|p1a: Incineroar|38/100|[from] Sandstorm\n|-sideend|p2: grok how do i win?|move: Tailwind\n|upkeep\n|\n|t:|1775923662\n|switch|p2a: Charizard|Charizard, L50, F, shiny|68/100\n|turn|6\n|\n|t:|1775923669\n|switch|p1b: Excadrill|Excadrill, L50, F|100/100\n|detailschange|p2a: Charizard|Charizard-Mega-Y, L50, F, shiny\n|-mega|p2a: Charizard|Charizard|Charizardite Y\n|-weather|SunnyDay|[from] ability: Drought|[of] p2a: Charizard\n|move|p2b: Garchomp|Earthquake|p1a: Incineroar|[spread] p1a,p1b\n|-immune|p2a: Charizard\n|-supereffective|p1a: Incineroar|1\n|-supereffective|p1b: Excadrill|1\n|-damage|p1a: Incineroar|0 fnt\n|-damage|p1b: Excadrill|45/100\n|faint|p1a: Incineroar\n|move|p2a: Charizard|Heat Wave|p1b: Excadrill\n|-supereffective|p1b: Excadrill|1\n|-damage|p1b: Excadrill|0 fnt\n|faint|p1b: Excadrill\n|\n|-weather|SunnyDay|[upkeep]\n|upkeep\n|\n|t:|1775923684\n|switch|p1b: Tyranitar|Tyranitar, L50, M|51/100\n|-weather|Sandstorm|[from] ability: Sand Stream|[of] p1b: Tyranitar\n|turn|7\n|\n|t:|1775923692\n|detailschange|p1b: Tyranitar|Tyranitar-Mega, L50, M\n|-mega|p1b: Tyranitar|Tyranitar|Tyranitarite\n|move|p2b: Garchomp|Earthquake|p1b: Tyranitar|[spread] p1b\n|-immune|p2a: Charizard\n|-supereffective|p1b: Tyranitar|1\n|-damage|p1b: Tyranitar|27/100\n|move|p2a: Charizard|Heat Wave|p1b: Tyranitar\n|-resisted|p1b: Tyranitar|1\n|-damage|p1b: Tyranitar|14/100\n|move|p1b: Tyranitar|Rock Slide|p2b: Garchomp|[spread] p2a,p2b\n|-supereffective|p2a: Charizard|2\n|-resisted|p2b: Garchomp|1\n|-damage|p2a: Charizard|0 fnt\n|-damage|p2b: Garchomp|2/100\n|faint|p2a: Charizard\n|\n|-weather|Sandstorm|[upkeep]\n|upkeep\n|turn|8\n|\n|t:|1775923710\n|move|p2b: Garchomp|Earthquake|p1b: Tyranitar\n|-supereffective|p1b: Tyranitar|1\n|-damage|p1b: Tyranitar|0 fnt\n|faint|p1b: Tyranitar\n|\n|win|grok how do i win?\n|raw|sodarist's rating: 1046 &rarr; <strong>1032</strong><br />(-14 for losing)\n|raw|grok how do i win?'s rating: 1104 &rarr; <strong>1125</strong><br />(+21 for winning)\n|l|\u2606sodarist\n|player|p1|\n",
  "uploadtime": 1775923713,
  "views": 12,
  "formatid": "gen9championsvgc2026regma",
  "rating": 1032,
  "private": 0,
  "password": null
}