{
  "id": "gen9championsvgc2026regma-2585635877",
  "format": "[Gen 9 Champions] VGC 2026 Reg M-A",
  "players": [
    "AceTrainernaruto88",
    "9xsG"
  ],
  "log": "|j|\u2606AceTrainernaruto88\n|j|\u26069xsG\n|t:|1776360356\n|gametype|doubles\n|player|p1|AceTrainernaruto88|dragontamer|1055\n|player|p2|9xsG|101|1085\n|gen|9\n|tier|[Gen 9 Champions] VGC 2026 Reg M-A\n|rated|\n|rule|Species Clause: Limit one of each Pok\u00e9mon\n|rule|Item Clause: Limit 1 of each item\n|clearpoke\n|poke|p1|Beedrill, L50, F|\n|poke|p1|Sneasler, L50, M|\n|poke|p1|Aegislash, L50, M|\n|poke|p1|Milotic, L50, M|\n|poke|p1|Aerodactyl, L50, M|\n|poke|p1|Incineroar, L50, M|\n|poke|p2|Froslass, L50, F|\n|poke|p2|Hydrapple, L50, M|\n|poke|p2|Lopunny, L50, F|\n|poke|p2|Meowscarada, L50, F|\n|poke|p2|Sinistcha, L50|\n|poke|p2|Rotom-Wash, L50|\n|teampreview|4\n|inactive|Battle timer is ON: inactive players will automatically lose when time's up. (requested by 9xsG)\n|inactive|AceTrainernaruto88 has 60 seconds left.\n|inactive|9xsG has 60 seconds left.\n|inactive|AceTrainernaruto88 has 30 seconds left.\n|\n|t:|1776360423\n|teamsize|p1|4\n|teamsize|p2|4\n|start\n|switch|p1a: Beedrill|Beedrill, L50, F, shiny|100/100\n|switch|p1b: Sneasler|Sneasler, L50, M|100/100\n|switch|p2a: Froslass|Froslass, L50, F|100/100\n|switch|p2b: Sinistcha|Sinistcha, L50|100/100\n|turn|1\n|inactive|AceTrainernaruto88 has 30 seconds left.\n|\n|t:|1776360455\n|detailschange|p2a: Froslass|Froslass-Mega, L50, F\n|-mega|p2a: Froslass|Froslass|Froslassite\n|-weather|Snowscape|[from] ability: Snow Warning|[of] p2a: Froslass\n|detailschange|p1a: Beedrill|Beedrill-Mega, L50, F, shiny\n|-mega|p1a: Beedrill|Beedrill|Beedrillite\n|move|p1a: Beedrill|Cross Poison|p2b: Sinistcha\n|-damage|p2b: Sinistcha|54/100\n|move|p1b: Sneasler|Coaching|p1a: Beedrill\n|-boost|p1a: Beedrill|atk|1\n|-boost|p1a: Beedrill|def|1\n|move|p2a: Froslass|Aurora Veil|p2a: Froslass\n|-sidestart|p2: 9xsG|move: Aurora Veil\n|move|p2b: Sinistcha|Strength Sap|p1b: Sneasler\n|-unboost|p1b: Sneasler|atk|1\n|-heal|p2b: Sinistcha|100/100\n|-enditem|p1b: Sneasler|White Herb\n|-clearnegativeboost|p1b: Sneasler|[silent]\n|\n|-weather|Snowscape|[upkeep]\n|upkeep\n|turn|2\n|inactive|AceTrainernaruto88 has 30 seconds left.\n|inactive|AceTrainernaruto88 has 20 seconds left.\n|inactive|AceTrainernaruto88 has 15 seconds left.\n|inactive|AceTrainernaruto88 has 10 seconds left.\n|inactive|AceTrainernaruto88 has 5 seconds left.\n|\n|t:|1776360506\n|switch|p1b: Aegislash|Aegislash, L50, M|100/100\n|switch|p2a: Hydrapple|Hydrapple, L50, M|100/100\n|-ability|p2a: Hydrapple|Supersweet Syrup\n|-unboost|p1a: Beedrill|evasion|1\n|-unboost|p1b: Aegislash|evasion|1\n|move|p1a: Beedrill|Cross Poison|p2b: Sinistcha\n|-damage|p2b: Sinistcha|53/100\n|move|p2b: Sinistcha|Trick Room|p2b: Sinistcha\n|-fieldstart|move: Trick Room|[of] p2b: Sinistcha\n|\n|-weather|Snowscape|[upkeep]\n|upkeep\n|turn|3\n|inactive|AceTrainernaruto88 has 30 seconds left.\n|inactive|AceTrainernaruto88 has 20 seconds left.\n|inactive|AceTrainernaruto88 has 15 seconds left.\n|\n|t:|1776360548\n|move|p1b: Aegislash|Wide Guard|p1b: Aegislash\n|-singleturn|p1b: Aegislash|Wide Guard\n|move|p2a: Hydrapple|Nasty Plot|p2a: Hydrapple\n|-boost|p2a: Hydrapple|spa|2\n|move|p2b: Sinistcha|Strength Sap|p1a: Beedrill\n|-unboost|p1a: Beedrill|atk|1\n|-heal|p2b: Sinistcha|100/100\n|move|p1a: Beedrill|Cross Poison|p2a: Hydrapple\n|-supereffective|p2a: Hydrapple|1\n|-damage|p2a: Hydrapple|39/100\n|\n|-weather|Snowscape|[upkeep]\n|-heal|p2a: Hydrapple|45/100|[from] item: Leftovers\n|upkeep\n|turn|4\n|inactive|AceTrainernaruto88 has 30 seconds left.\n|inactive|9xsG has 30 seconds left.\n|inactive|AceTrainernaruto88 has 20 seconds left.\n|inactive|9xsG has 20 seconds left.\n|inactive|AceTrainernaruto88 has 15 seconds left.\n|inactive|AceTrainernaruto88 has 10 seconds left.\n|\n|t:|1776360597\n|switch|p2b: Froslass|Froslass-Mega, L50, F|100/100\n|move|p2a: Hydrapple|Protect|p2a: Hydrapple\n|-singleturn|p2a: Hydrapple|Protect\n|-formechange|p1b: Aegislash|Aegislash-Blade|\n|move|p1b: Aegislash|Iron Head|p2a: Hydrapple\n|-activate|p2a: Hydrapple|move: Protect\n|move|p1a: Beedrill|Cross Poison|p2a: Hydrapple\n|-activate|p2a: Hydrapple|move: Protect\n|\n|-weather|Snowscape|[upkeep]\n|-heal|p2a: Hydrapple|51/100|[from] item: Leftovers\n|upkeep\n|turn|5\n|\n|t:|1776360618\n|move|p1b: Aegislash|Wide Guard|p1b: Aegislash\n|-singleturn|p1b: Aegislash|Wide Guard\n|move|p2a: Hydrapple|Giga Drain|p1b: Aegislash\n|-resisted|p1b: Aegislash|1\n|-damage|p1b: Aegislash|48/100\n|-heal|p2a: Hydrapple|72/100|[from] drain|[of] p1b: Aegislash\n|move|p2b: Froslass|Blizzard|p1b: Aegislash|[spread] \n|-activate|p1a: Beedrill|move: Wide Guard\n|-activate|p1b: Aegislash|move: Wide Guard\n|move|p1a: Beedrill|Cross Poison|p2a: Hydrapple\n|-supereffective|p2a: Hydrapple|1\n|-crit|p2a: Hydrapple\n|-damage|p2a: Hydrapple|0 fnt\n|faint|p2a: Hydrapple\n|\n|-weather|none\n|-sideend|p2: 9xsG|move: Aurora Veil\n|upkeep\n|\n|t:|1776360634\n|switch|p2a: Rotom|Rotom-Wash, L50|100/100\n|turn|6\n|inactive|AceTrainernaruto88 has 30 seconds left.\n|\n|t:|1776360668\n|switch|p1b: Incineroar|Incineroar, L50, M|100/100\n|-ability|p1b: Incineroar|Intimidate|boost\n|-unboost|p2a: Rotom|atk|1\n|-unboost|p2b: Froslass|atk|1\n|move|p2b: Froslass|Shadow Ball|p1b: Incineroar\n|-resisted|p1b: Incineroar|1\n|-crit|p1b: Incineroar\n|-damage|p1b: Incineroar|76/100\n|move|p1a: Beedrill|Lunge|p2a: Rotom\n|-damage|p2a: Rotom|22/100\n|-unboost|p2a: Rotom|atk|1\n|move|p2a: Rotom|Thunderbolt|p1a: Beedrill\n|-damage|p1a: Beedrill|44/100\n|-status|p1a: Beedrill|par\n|\n|-fieldend|move: Trick Room\n|upkeep\n|turn|7\n|inactive|AceTrainernaruto88 has 30 seconds left.\n|inactive|9xsG has 30 seconds left.\n|inactive|AceTrainernaruto88 has 20 seconds left.\n|inactive|AceTrainernaruto88 has 15 seconds left.\n|inactive|AceTrainernaruto88 has 10 seconds left.\n|inactive|AceTrainernaruto88 has 5 seconds left.\n|\n|t:|1776360722\n|switch|p2a: Sinistcha|Sinistcha, L50|100/100\n|move|p2b: Froslass|Shadow Ball|p1a: Beedrill\n|-damage|p1a: Beedrill|0 fnt\n|faint|p1a: Beedrill\n|move|p1b: Incineroar|Flare Blitz|p2b: Froslass\n|-supereffective|p2b: Froslass|1\n|-damage|p2b: Froslass|0 fnt\n|faint|p2b: Froslass\n|-damage|p1b: Incineroar|50/100|[from] Recoil\n|\n|upkeep\n|-message|9xsG forfeited.\n|\n|win|AceTrainernaruto88\n|raw|AceTrainernaruto88's rating: 1055 &rarr; <strong>1089</strong><br />(+34 for winning)\n|raw|9xsG's rating: 1085 &rarr; <strong>1060</strong><br />(-25 for losing)\n|l|\u26069xsG\n|player|p2|\n|l|\u2606AceTrainernaruto88\n|player|p1|\n|j|\u2606AceTrainernaruto88\n|player|p1|AceTrainernaruto88|dragontamer|\n",
  "uploadtime": 1776360832,
  "views": 19,
  "formatid": "gen9championsvgc2026regma",
  "rating": 1060,
  "private": 0,
  "password": null
}