{
  "id": "gen9championsvgc2026regma-2580590121",
  "format": "[Gen 9 Champions] VGC 2026 Reg M-A",
  "players": [
    "jhbnauIdujky",
    "kaiobaa"
  ],
  "log": "|j|\u2606jhbnauIdujky\n|j|\u2606kaiobaa\n|t:|1775915940\n|gametype|doubles\n|player|p1|jhbnauIdujky|2|1000\n|player|p2|kaiobaa|wulfric|1008\n|gen|9\n|tier|[Gen 9 Champions] VGC 2026 Reg M-A\n|rated|\n|rule|Species Clause: Limit one of each Pok\u00e9mon\n|rule|Item Clause: Limit 1 of each item\n|clearpoke\n|poke|p1|Starmie, L50|\n|poke|p1|Raichu, L50, M|\n|poke|p1|Pelipper, L50, F|\n|poke|p1|Garchomp, L50, M|\n|poke|p1|Orthworm, L50, F|\n|poke|p1|Tauros-Paldea-Blaze, L50, M|\n|poke|p2|Floette-Eternal, L50, F|\n|poke|p2|Aerodactyl, L50, M|\n|poke|p2|Incineroar, L50, F|\n|poke|p2|Garchomp, L50, M|\n|poke|p2|Sneasler, L50, F|\n|poke|p2|Basculegion, L50, M|\n|teampreview|4\n|\n|t:|1775915972\n|teamsize|p1|4\n|teamsize|p2|4\n|start\n|switch|p1a: Pelipper|Pelipper, L50, F|100/100\n|switch|p1b: Raichu|Raichu, L50, M|100/100\n|switch|p2a: Floette|Floette-Eternal, L50, F|100/100\n|switch|p2b: Aerodactyl|Aerodactyl, L50, M|100/100\n|-ability|p2b: Aerodactyl|Unnerve\n|-weather|RainDance|[from] ability: Drizzle|[of] p1a: Pelipper\n|turn|1\n|\n|t:|1775916000\n|detailschange|p2a: Floette|Floette-Mega, L50, F\n|-mega|p2a: Floette|Floette|Floettite\n|-ability|p2a: Floette|Fairy Aura\n|move|p2b: Aerodactyl|Protect|p2b: Aerodactyl\n|-singleturn|p2b: Aerodactyl|Protect\n|move|p1b: Raichu|Fake Out|p2b: Aerodactyl\n|-activate|p2b: Aerodactyl|move: Protect\n|move|p2a: Floette|Moonblast|p1b: Raichu\n|-damage|p1b: Raichu|0 fnt\n|faint|p1b: Raichu\n|move|p1a: Pelipper|Tailwind|p1a: Pelipper\n|-sidestart|p1: jhbnauIdujky|move: Tailwind\n|\n|-weather|RainDance|[upkeep]\n|upkeep\n|\n|t:|1775916010\n|switch|p1b: Starmie|Starmie, L50, shiny|100/100\n|turn|2\n|\n|t:|1775916018\n|detailschange|p1b: Starmie|Starmie-Mega, L50, shiny\n|-mega|p1b: Starmie|Starmie|Starminite\n|move|p1b: Starmie|Liquidation|p2a: Floette\n|-damage|p2a: Floette|0 fnt\n|faint|p2a: Floette\n|move|p1a: Pelipper|Weather Ball|p2b: Aerodactyl\n|-supereffective|p2b: Aerodactyl|1\n|-enditem|p2b: Aerodactyl|Focus Sash\n|-damage|p2b: Aerodactyl|1/100\n|move|p2b: Aerodactyl|Rock Slide|p1b: Starmie|[spread] p1a,p1b\n|-supereffective|p1a: Pelipper|1\n|-damage|p1a: Pelipper|39/100\n|-damage|p1b: Starmie|67/100\n|\n|-weather|RainDance|[upkeep]\n|-heal|p1a: Pelipper|45/100|[from] item: Leftovers\n|upkeep\n|\n|t:|1775916033\n|switch|p2a: Basculegion|Basculegion, L50, M|100/100\n|turn|3\n|\n|t:|1775916049\n|move|p1a: Pelipper|Protect|p1a: Pelipper\n|-singleturn|p1a: Pelipper|Protect\n|move|p1b: Starmie|Psycho Cut|p2a: Basculegion\n|-damage|p2a: Basculegion|25/100\n|move|p2a: Basculegion|Last Respects|p1b: Starmie\n|-supereffective|p1b: Starmie|1\n|-damage|p1b: Starmie|0 fnt\n|faint|p1b: Starmie\n|move|p2b: Aerodactyl|Tailwind|p2b: Aerodactyl\n|-sidestart|p2: kaiobaa|move: Tailwind\n|\n|-weather|RainDance|[upkeep]\n|-heal|p1a: Pelipper|51/100|[from] item: Leftovers\n|upkeep\n|\n|t:|1775916055\n|switch|p1b: Tauros|Tauros-Paldea-Blaze, L50, M|100/100\n|-ability|p1b: Tauros|Intimidate|boost\n|-unboost|p2a: Basculegion|atk|1\n|-unboost|p2b: Aerodactyl|atk|1\n|turn|4\n|\n|t:|1775916080\n|move|p1b: Tauros|High Horsepower|p2a: Basculegion|[miss]\n|-miss|p1b: Tauros|p2a: Basculegion\n|move|p2a: Basculegion|Last Respects|p1b: Tauros\n|-damage|p1b: Tauros|47/100\n|move|p2b: Aerodactyl|Rock Slide|p1b: Tauros|[spread] p1b\n|-miss|p2b: Aerodactyl|p1a: Pelipper\n|-damage|p1b: Tauros|27/100\n|move|p1a: Pelipper|Weather Ball|p2b: Aerodactyl\n|-supereffective|p2b: Aerodactyl|1\n|-damage|p2b: Aerodactyl|0 fnt\n|faint|p2b: Aerodactyl\n|\n|-weather|RainDance|[upkeep]\n|-heal|p1a: Pelipper|57/100|[from] item: Leftovers\n|-sideend|p1: jhbnauIdujky|move: Tailwind\n|upkeep\n|\n|t:|1775916096\n|switch|p2b: Incineroar|Incineroar, L50, F|100/100\n|-ability|p2b: Incineroar|Intimidate|boost\n|-unboost|p1a: Pelipper|atk|1\n|-unboost|p1b: Tauros|atk|1\n|turn|5\n|\n|t:|1775916109\n|move|p2b: Incineroar|Fake Out|p1a: Pelipper\n|-damage|p1a: Pelipper|45/100\n|move|p2a: Basculegion|Last Respects|p1b: Tauros\n|-damage|p1b: Tauros|0 fnt\n|faint|p1b: Tauros\n|cant|p1a: Pelipper|flinch\n|\n|-weather|none\n|-heal|p1a: Pelipper|51/100|[from] item: Leftovers\n|upkeep\n|turn|6\n|-message|jhbnauIdujky forfeited.\n|\n|win|kaiobaa\n|raw|jhbnauIdujky's rating: 1000 &rarr; <strong>1000</strong><br />(+0 for losing)\n|raw|kaiobaa's rating: 1008 &rarr; <strong>1046</strong><br />(+38 for winning)\n|l|\u2606jhbnauIdujky\n|player|p1|\n",
  "uploadtime": 1775916120,
  "views": 18,
  "formatid": "gen9championsvgc2026regma",
  "rating": 1000,
  "private": 0,
  "password": null
}