{
  "id": "gen9championsvgc2026regma-2586954857",
  "format": "[Gen 9 Champions] VGC 2026 Reg M-A",
  "players": [
    "bio2.0",
    "25th_mang"
  ],
  "log": "|j|\u2606bio2.0\n|j|\u260625th_mang\n|t:|1776475288\n|gametype|doubles\n|player|p1|bio2.0|170|1325\n|player|p2|25th_mang|ballguy|1346\n|gen|9\n|tier|[Gen 9 Champions] VGC 2026 Reg M-A\n|rated|\n|rule|Species Clause: Limit one of each Pok\u00e9mon\n|rule|Item Clause: Limit 1 of each item\n|clearpoke\n|poke|p1|Greninja-*, L50, F|\n|poke|p1|Talonflame, L50, F|\n|poke|p1|Pelipper, L50, M|\n|poke|p1|Kingambit, L50, F|\n|poke|p1|Tauros-Paldea-Aqua, L50, M|\n|poke|p1|Archaludon, L50, F|\n|poke|p2|Blastoise, L50, F|\n|poke|p2|Kingambit, L50, F|\n|poke|p2|Kangaskhan, L50, F|\n|poke|p2|Sinistcha-Masterpiece, L50|\n|poke|p2|Aerodactyl, L50, M|\n|poke|p2|Farigiraf, L50, M|\n|teampreview|4\n|inactive|Battle timer is ON: inactive players will automatically lose when time's up. (requested by 25th_mang)\n|\n|t:|1776475316\n|teamsize|p1|4\n|teamsize|p2|4\n|start\n|switch|p1a: Pelipper|Pelipper, L50, M|100/100\n|switch|p1b: Kingambit|Kingambit, L50, F|100/100\n|switch|p2a: Blastoise|Blastoise, L50, F|100/100\n|switch|p2b: Farigiraf|Farigiraf, L50, M, shiny|100/100\n|-weather|RainDance|[from] ability: Drizzle|[of] p1a: Pelipper\n|turn|1\n|inactive|25th_mang has 30 seconds left.\n|\n|t:|1776475350\n|detailschange|p2a: Blastoise|Blastoise-Mega, L50, F\n|-mega|p2a: Blastoise|Blastoise|Blastoisinite\n|move|p2b: Farigiraf|Helping Hand|p2a: Blastoise\n|-singleturn|p2a: Blastoise|Helping Hand|[of] p2b: Farigiraf\n|move|p1a: Pelipper|Weather Ball|p2b: Farigiraf\n|-damage|p2b: Farigiraf|38/100\n|-enditem|p2b: Farigiraf|Sitrus Berry|[eat]\n|-heal|p2b: Farigiraf|63/100|[from] item: Sitrus Berry\n|move|p2a: Blastoise|Water Pulse|p1b: Kingambit\n|-damage|p1b: Kingambit|0 fnt\n|faint|p1b: Kingambit\n|\n|-weather|RainDance|[upkeep]\n|upkeep\n|\n|t:|1776475362\n|switch|p1b: Archaludon|Archaludon, L50, F|100/100\n|turn|2\n|\n|t:|1776475373\n|switch|p2a: Sinistcha|Sinistcha-Masterpiece, L50|100/100\n|-heal|p2b: Farigiraf|87/100|[from] ability: Hospitality|[of] p2a: Sinistcha\n|move|p1a: Pelipper|Weather Ball|p2b: Farigiraf\n|-damage|p2b: Farigiraf|27/100\n|move|p1b: Archaludon|Electro Shot||[still]\n|-prepare|p1b: Archaludon|Electro Shot\n|-boost|p1b: Archaludon|spa|1\n|-anim|p1b: Archaludon|Electro Shot|p2a: Sinistcha\n|-resisted|p2a: Sinistcha|1\n|-damage|p2a: Sinistcha|69/100\n|move|p2b: Farigiraf|Trick Room|p2b: Farigiraf\n|-fieldstart|move: Trick Room|[of] p2b: Farigiraf\n|\n|-weather|RainDance|[upkeep]\n|upkeep\n|turn|3\n|\n|t:|1776475397\n|switch|p2b: Kingambit|Kingambit, L50, F|100/100\n|move|p1b: Archaludon|Protect|p1b: Archaludon\n|-singleturn|p1b: Archaludon|Protect\n|move|p2a: Sinistcha|Matcha Gotcha|p1a: Pelipper|[spread] p1a\n|-activate|p1b: Archaludon|move: Protect\n|-crit|p1a: Pelipper\n|-damage|p1a: Pelipper|36/100\n|-heal|p2a: Sinistcha|94/100|[from] drain|[of] p1a: Pelipper\n|-status|p1a: Pelipper|brn\n|move|p1a: Pelipper|Weather Ball|p2b: Kingambit\n|-damage|p2b: Kingambit|33/100\n|\n|-weather|RainDance|[upkeep]\n|-damage|p1a: Pelipper|30/100 brn|[from] brn\n|upkeep\n|turn|4\n|inactive|25th_mang has 30 seconds left.\n|\n|t:|1776475424\n|move|p2b: Kingambit|Low Kick|p1b: Archaludon\n|-supereffective|p1b: Archaludon|1\n|-damage|p1b: Archaludon|41/100\n|move|p2a: Sinistcha|Matcha Gotcha|p1a: Pelipper|[spread] p1a,p1b\n|-resisted|p1b: Archaludon|2\n|-damage|p1a: Pelipper|0 fnt\n|-heal|p2a: Sinistcha|100/100|[from] drain|[of] p1a: Pelipper\n|-damage|p1b: Archaludon|33/100\n|-status|p1b: Archaludon|brn\n|faint|p1a: Pelipper\n|move|p1b: Archaludon|Draco Meteor|p2a: Sinistcha\n|-damage|p2a: Sinistcha|0 fnt\n|-unboost|p1b: Archaludon|spa|2\n|faint|p2a: Sinistcha\n|-enditem|p1b: Archaludon|White Herb\n|-clearnegativeboost|p1b: Archaludon|[silent]\n|\n|-weather|RainDance|[upkeep]\n|-damage|p1b: Archaludon|27/100 brn|[from] brn\n|upkeep\n|\n|t:|1776475440\n|switch|p2a: Blastoise|Blastoise-Mega, L50, F|100/100\n|switch|p1a: Greninja|Greninja, L50, F|100/100\n|turn|5\n|inactive|25th_mang has 30 seconds left.\n|\n|t:|1776475468\n|move|p1b: Archaludon|Protect|p1b: Archaludon\n|-singleturn|p1b: Archaludon|Protect\n|move|p1a: Greninja|Protect|p1a: Greninja\n|-start|p1a: Greninja|typechange|Normal|[from] ability: Protean\n|-singleturn|p1a: Greninja|Protect\n|move|p2a: Blastoise|Fake Out|p1a: Greninja\n|-activate|p1a: Greninja|move: Protect\n|move|p2b: Kingambit|Low Kick|p1b: Archaludon\n|-activate|p1b: Archaludon|move: Protect\n|\n|-weather|none\n|-damage|p1b: Archaludon|20/100 brn|[from] brn\n|upkeep\n|turn|6\n|inactive|bio2.0 has 30 seconds left.\n|\n|t:|1776475495\n|detailschange|p1a: Greninja|Greninja-Mega, L50, F\n|-mega|p1a: Greninja|Greninja|Greninjite\n|move|p2b: Kingambit|Sucker Punch|p1b: Archaludon\n|-damage|p1b: Archaludon|0 fnt\n|faint|p1b: Archaludon\n|move|p2a: Blastoise|Water Spout|p1a: Greninja\n|-resisted|p1a: Greninja|1\n|-damage|p1a: Greninja|40/100\n|move|p1a: Greninja|Gunk Shot|p2a: Blastoise\n|-start|p1a: Greninja|typechange|Poison|[from] ability: Protean\n|-damage|p2a: Blastoise|61/100\n|-status|p2a: Blastoise|psn\n|\n|-damage|p2a: Blastoise|49/100 psn|[from] psn\n|-fieldend|move: Trick Room\n|upkeep\n|turn|7\n|\n|t:|1776475513\n|move|p2b: Kingambit|Sucker Punch|p1a: Greninja\n|-damage|p1a: Greninja|0 fnt\n|faint|p1a: Greninja\n|\n|win|25th_mang\n|raw|bio2.0's rating: 1325 &rarr; <strong>1306</strong><br />(-19 for losing)\n|raw|25th_mang's rating: 1346 &rarr; <strong>1365</strong><br />(+19 for winning)\n",
  "uploadtime": 1776475532,
  "views": 31,
  "formatid": "gen9championsvgc2026regma",
  "rating": 1306,
  "private": 0,
  "password": null
}