{
  "id": "gen9championsvgc2026regma-2588129712",
  "format": "[Gen 9 Champions] VGC 2026 Reg M-A",
  "players": [
    "Reds Revival",
    "Gulptubus"
  ],
  "log": "|j|\u2606Reds Revival\n|j|\u2606Gulptubus\n|t:|1776607398\n|gametype|doubles\n|player|p1|Reds Revival|red|1163\n|player|p2|Gulptubus|pokemonranger-gen4|1111\n|gen|9\n|tier|[Gen 9 Champions] VGC 2026 Reg M-A\n|rated|\n|rule|Species Clause: Limit one of each Pok\u00e9mon\n|rule|Item Clause: Limit 1 of each item\n|clearpoke\n|poke|p1|Archaludon, L50, F|\n|poke|p1|Aerodactyl, L50, M|\n|poke|p1|Maushold-Four, L50|\n|poke|p1|Gallade, L50, M|\n|poke|p1|Typhlosion-Hisui, L50, M|\n|poke|p1|Tauros-Paldea-Aqua, L50, M|\n|poke|p2|Aerodactyl, L50, M|\n|poke|p2|Tyranitar, L50, F|\n|poke|p2|Garchomp, L50, M|\n|poke|p2|Orthworm, L50, F|\n|poke|p2|Rotom-Wash, L50|\n|poke|p2|Sneasler, L50, F|\n|teampreview|4\nReds Revival rejected open team sheets.\n|inactive|Battle timer is ON: inactive players will automatically lose when time's up. (requested by Reds Revival)\n|\n|t:|1776607454\n|teamsize|p1|4\n|teamsize|p2|4\n|start\n|switch|p1a: Gallade|Gallade, L50, M|100/100\n|switch|p1b: Maushold|Maushold-Four, L50|100/100\n|switch|p2a: Garchomp|Garchomp, L50, M|100/100\n|switch|p2b: Orthworm|Orthworm, L50, F|100/100\n|turn|1\n|inactive|Reds Revival has 30 seconds left.\n|inactive|Gulptubus has 30 seconds left.\n|\n|t:|1776607486\n|move|p1b: Maushold|Beat Up|p1a: Gallade\n|-damage|p1a: Gallade|97/100\n|-ability|p1a: Gallade|Justified|boost\n|-boost|p1a: Gallade|atk|1\n|-damage|p1a: Gallade|95/100\n|-ability|p1a: Gallade|Justified|boost\n|-boost|p1a: Gallade|atk|1\n|-damage|p1a: Gallade|92/100\n|-ability|p1a: Gallade|Justified|boost\n|-boost|p1a: Gallade|atk|1\n|-damage|p1a: Gallade|90/100\n|-ability|p1a: Gallade|Justified|boost\n|-boost|p1a: Gallade|atk|1\n|-hitcount|p1a: Gallade|4\n|move|p2a: Garchomp|Earthquake|p1a: Gallade|[spread] p1a,p1b\n|-immune|p2b: Orthworm|[from] ability: Earth Eater\n|-damage|p1a: Gallade|48/100\n|-damage|p1b: Maushold|49/100\n|move|p1a: Gallade|Drain Punch|p2b: Orthworm\n|-supereffective|p2b: Orthworm|1\n|-crit|p2b: Orthworm\n|-damage|p2b: Orthworm|0 fnt\n|-heal|p1a: Gallade|99/100|[from] drain|[of] p2b: Orthworm\n|faint|p2b: Orthworm\n|\n|-heal|p1b: Maushold|55/100|[from] item: Leftovers\n|upkeep\n|\n|t:|1776607497\n|switch|p2b: Sneasler|Sneasler, L50, F|100/100\n|turn|2\n|inactive|Gulptubus has 30 seconds left.\n|\n|t:|1776607523\n|move|p1b: Maushold|Protect|p1b: Maushold\n|-singleturn|p1b: Maushold|Protect\n|move|p1a: Gallade|Protect|p1a: Gallade\n|-singleturn|p1a: Gallade|Protect\n|move|p2b: Sneasler|Fake Out|p1a: Gallade\n|-activate|p1a: Gallade|move: Protect\n|move|p2a: Garchomp|Dragon Claw|p1b: Maushold\n|-activate|p1b: Maushold|move: Protect\n|\n|-heal|p1b: Maushold|61/100|[from] item: Leftovers\n|upkeep\n|turn|3\n|inactive|Reds Revival has 30 seconds left.\n|\n|t:|1776607563\n|detailschange|p1a: Gallade|Gallade-Mega, L50, M\n|-mega|p1a: Gallade|Gallade|Galladite\n|move|p1b: Maushold|Follow Me|p1b: Maushold\n|-singleturn|p1b: Maushold|move: Follow Me\n|move|p1a: Gallade|Drain Punch|p2a: Garchomp\n|-damage|p2a: Garchomp|0 fnt\n|-heal|p1a: Gallade|100/100|[from] drain|[of] p2a: Garchomp\n|faint|p2a: Garchomp\n|move|p2b: Sneasler|Close Combat|p1b: Maushold\n|-supereffective|p1b: Maushold|1\n|-damage|p1b: Maushold|0 fnt\n|-unboost|p2b: Sneasler|def|1\n|-unboost|p2b: Sneasler|spd|1\n|faint|p1b: Maushold\n|-enditem|p2b: Sneasler|White Herb\n|-clearnegativeboost|p2b: Sneasler|[silent]\n|\n|upkeep\n|\n|t:|1776607577\n|switch|p1b: Aerodactyl|Aerodactyl, L50, M|100/100\n|switch|p2a: Tyranitar|Tyranitar, L50, F|100/100\n|-ability|p1b: Aerodactyl|Unnerve\n|-weather|Sandstorm|[from] ability: Sand Stream|[of] p2a: Tyranitar\n|turn|4\n|\n|t:|1776607590\n|move|p1a: Gallade|Protect|p1a: Gallade\n|-singleturn|p1a: Gallade|Protect\n|move|p2a: Tyranitar|Protect|p2a: Tyranitar\n|-singleturn|p2a: Tyranitar|Protect\n|move|p2b: Sneasler|Dire Claw|p1a: Gallade\n|-activate|p1a: Gallade|move: Protect\n|move|p1b: Aerodactyl|Tailwind|p1b: Aerodactyl\n|-sidestart|p1: Reds Revival|move: Tailwind\n|\n|-weather|Sandstorm|[upkeep]\n|-damage|p1a: Gallade|95/100|[from] Sandstorm\n|-damage|p2b: Sneasler|95/100|[from] Sandstorm\n|upkeep\n|turn|5\n|\n|t:|1776607609\n|detailschange|p2a: Tyranitar|Tyranitar-Mega, L50, F\n|-mega|p2a: Tyranitar|Tyranitar|Tyranitarite\n|move|p1b: Aerodactyl|Dual Wingbeat|p2b: Sneasler\n|-supereffective|p2b: Sneasler|1\n|-damage|p2b: Sneasler|34/100\n|-supereffective|p2b: Sneasler|1\n|-damage|p2b: Sneasler|0 fnt\n|faint|p2b: Sneasler\n|-hitcount|p2: Sneasler|2\n|move|p1a: Gallade|Drain Punch|p2a: Tyranitar\n|-supereffective|p2a: Tyranitar|2\n|-damage|p2a: Tyranitar|0 fnt\n|-heal|p1a: Gallade|100/100|[from] drain|[of] p2a: Tyranitar\n|faint|p2a: Tyranitar\n|\n|win|Reds Revival\n|raw|Reds Revival's rating: 1163 &rarr; <strong>1184</strong><br />(+21 for winning)\n|raw|Gulptubus's rating: 1111 &rarr; <strong>1090</strong><br />(-21 for losing)\n|l|\u2606Gulptubus\n|player|p2|\n",
  "uploadtime": 1776607614,
  "views": 8,
  "formatid": "gen9championsvgc2026regma",
  "rating": 1090,
  "private": 0,
  "password": null
}