{
  "id": "gen9championsvgc2026regma-2588742689",
  "format": "[Gen 9 Champions] VGC 2026 Reg M-A",
  "players": [
    "speedyturtle87",
    "willkeeper"
  ],
  "log": "|j|\u2606speedyturtle87\n|j|\u2606willkeeper\n|t:|1776664793\n|gametype|doubles\n|player|p1|speedyturtle87|canari|1582\n|player|p2|willkeeper|yellow|1611\n|gen|9\n|tier|[Gen 9 Champions] VGC 2026 Reg M-A\n|rated|\n|rule|Species Clause: Limit one of each Pok\u00e9mon\n|rule|Item Clause: Limit 1 of each item\n|clearpoke\n|poke|p1|Aerodactyl, L50, M|\n|poke|p1|Meganium, L50, F|\n|poke|p1|Diggersby, L50, F|\n|poke|p1|Kingambit, L50, F|\n|poke|p1|Rotom-Wash, L50|\n|poke|p1|Sneasler, L50, F|\n|poke|p2|Froslass, L50, F|\n|poke|p2|Kingambit, L50, M|\n|poke|p2|Sinistcha, L50|\n|poke|p2|Sneasler, L50, M|\n|poke|p2|Arcanine-Hisui, L50, M|\n|poke|p2|Palafin, L50, F|\n|teampreview|4\n|inactive|Battle timer is ON: inactive players will automatically lose when time's up. (requested by speedyturtle87)\n|inactive|willkeeper also wants the timer to be on.\n|j| Xheadhonchkrow\n|j| jemymet\n|j| M0AK\n|inactive|speedyturtle87 has 60 seconds left.\n|j| Alice369\n|inactive|speedyturtle87 has 30 seconds left.\n|\n|t:|1776664860\n|teamsize|p1|4\n|teamsize|p2|4\n|start\n|switch|p1a: Aerodactyl|Aerodactyl, L50, M|100/100\n|switch|p1b: Diggersby|Diggersby, L50, F|100/100\n|switch|p2a: Palafin|Palafin, L50, F|100/100\n|switch|p2b: Sneasler|Sneasler, L50, M|100/100\n|-ability|p1a: Aerodactyl|Unnerve\n|turn|1\n|l|\u2606willkeeper\n|inactive|willkeeper disconnected and has a minute to reconnect!\n|player|p2|\n|inactive|willkeeper has 30 seconds left.\n|j|\u2606willkeeper\n|inactive|willkeeper reconnected and has 30 seconds left.\n|player|p2|willkeeper|yellow|\n|c| Alice369|DIGGERSBY :OOO\n|inactive|willkeeper has 20 seconds left.\n|inactive|willkeeper has 15 seconds left.\n|\n|t:|1776664900\n|detailschange|p2a: Palafin|Palafin-Hero, L50, F\n|switch|p2a: Froslass|Froslass, L50, F|100/100\n|move|p2b: Sneasler|Fake Out|p1a: Aerodactyl\n|-resisted|p1a: Aerodactyl|1\n|-damage|p1a: Aerodactyl|89/100\n|move|p1b: Diggersby|Earthquake|p2a: Froslass|[spread] p2a,p2b\n|-immune|p1a: Aerodactyl\n|-supereffective|p2b: Sneasler|1\n|-damage|p2a: Froslass|34/100\n|-damage|p2b: Sneasler|0 fnt\n|faint|p2b: Sneasler\n|cant|p1a: Aerodactyl|flinch\n|\n|upkeep\n|l| jemymet\n|\n|t:|1776664912\n|switch|p2b: Palafin|Palafin-Hero, L50, F|100/100\n|-activate|p2b: Palafin|ability: Zero to Hero\n|turn|2\n|\n|t:|1776664918\n|switch|p1a: Rotom|Rotom-Wash, L50|100/100\n|detailschange|p2a: Froslass|Froslass-Mega, L50, F\n|-mega|p2a: Froslass|Froslass|Froslassite\n|-weather|Snowscape|[from] ability: Snow Warning|[of] p2a: Froslass\n|move|p2b: Palafin|Jet Punch|p1a: Rotom\n|-resisted|p1a: Rotom|1\n|-damage|p1a: Rotom|76/100\n|move|p1b: Diggersby|Earthquake|p2a: Froslass|[spread] p2a,p2b\n|-immune|p1a: Rotom|[from] ability: Levitate\n|-damage|p2a: Froslass|0 fnt\n|-damage|p2b: Palafin|64/100\n|faint|p2a: Froslass\n|\n|-weather|Snowscape|[upkeep]\n|-heal|p1a: Rotom|82/100|[from] item: Leftovers\n|upkeep\n|\n|t:|1776664931\n|switch|p2a: Arcanine|Arcanine-Hisui, L50, M|100/100\n|-ability|p2a: Arcanine|Intimidate|boost\n|-unboost|p1a: Rotom|atk|1\n|-unboost|p1b: Diggersby|atk|1\n|turn|3\n|\n|t:|1776664952\n|move|p2b: Palafin|Jet Punch|p1b: Diggersby\n|-supereffective|p1b: Diggersby|1\n|-damage|p1b: Diggersby|0 fnt\n|faint|p1b: Diggersby\n|move|p2a: Arcanine|Rock Slide|p1a: Rotom\n|-damage|p1a: Rotom|45/100\n|move|p1a: Rotom|Volt Switch|p2b: Palafin\n|-supereffective|p2b: Palafin|1\n|-damage|p2b: Palafin|12/100\n|\n|t:|1776664964\n|switch|p1a: Meganium|Meganium, L50, F|100/100|[from] Volt Switch\n|\n|-weather|Snowscape|[upkeep]\n|upkeep\n|\n|t:|1776664966\n|switch|p1b: Rotom|Rotom-Wash, L50|45/100\n|turn|4\n|\n|t:|1776664976\n|detailschange|p1a: Meganium|Meganium-Mega, L50, F\n|-mega|p1a: Meganium|Meganium|Meganiumite\n|move|p1a: Meganium|Protect|p1a: Meganium\n|-singleturn|p1a: Meganium|Protect\n|move|p2a: Arcanine|Extreme Speed|p1b: Rotom\n|-damage|p1b: Rotom|15/100\n|move|p2b: Palafin|Jet Punch|p1b: Rotom\n|-resisted|p1b: Rotom|1\n|-damage|p1b: Rotom|0 fnt\n|faint|p1b: Rotom\n|\n|-weather|Snowscape|[upkeep]\n|upkeep\n|\n|t:|1776664983\n|switch|p1b: Aerodactyl|Aerodactyl, L50, M|89/100\n|-ability|p1b: Aerodactyl|Unnerve\n|turn|5\n|\n|t:|1776664991\n|move|p2b: Palafin|Jet Punch|p1b: Aerodactyl\n|-supereffective|p1b: Aerodactyl|1\n|-damage|p1b: Aerodactyl|0 fnt\n|faint|p1b: Aerodactyl\n|move|p2a: Arcanine|Flare Blitz|p1a: Meganium\n|-supereffective|p1a: Meganium|1\n|-crit|p1a: Meganium\n|-damage|p1a: Meganium|0 fnt\n|faint|p1a: Meganium\n|-damage|p2a: Arcanine|64/100|[from] Recoil\n|\n|win|willkeeper\n|raw|speedyturtle87's rating: 1582 &rarr; <strong>1564</strong><br />(-18 for losing)\n|raw|willkeeper's rating: 1611 &rarr; <strong>1629</strong><br />(+18 for winning)\n|c|\u2606speedyturtle87|well played\n",
  "uploadtime": 1776664997,
  "views": 19,
  "formatid": "gen9championsvgc2026regma",
  "rating": 1564,
  "private": 0,
  "password": null
}