{
  "id": "gen9championsvgc2026regma-2586197239",
  "format": "[Gen 9 Champions] VGC 2026 Reg M-A",
  "players": [
    "alexd454",
    "dune's kitchen"
  ],
  "log": "|j|\u2606alexd454\n|j|\u2606dune's kitchen\n|t:|1776411243\n|gametype|doubles\n|player|p1|alexd454|1|1142\n|player|p2|dune's kitchen|baker|1234\n|gen|9\n|tier|[Gen 9 Champions] VGC 2026 Reg M-A\n|rated|\n|rule|Species Clause: Limit one of each Pok\u00e9mon\n|rule|Item Clause: Limit 1 of each item\n|clearpoke\n|poke|p1|Pelipper, L50, F|\n|poke|p1|Kingambit, L50, M|\n|poke|p1|Sneasler, L50, M|\n|poke|p1|Starmie, L50|\n|poke|p1|Vivillon-Icy Snow, L50, F|\n|poke|p1|Gardevoir, L50, M|\n|poke|p2|Passimian, L50, F|\n|poke|p2|Scovillain, L50, F|\n|poke|p2|Torkoal, L50, F|\n|poke|p2|Hatterene, L50, F|\n|poke|p2|Maushold, L50|\n|poke|p2|Goodra-Hisui, L50, M|\n|teampreview|4\n|\n|t:|1776411263\n|teamsize|p1|4\n|teamsize|p2|4\n|start\n|switch|p1a: Sneasler|Sneasler, L50, M|100/100\n|switch|p1b: Starmie|Starmie, L50, shiny|100/100\n|switch|p2a: Passimian|Passimian, L50, F|100/100\n|switch|p2b: Scovillain|Scovillain, L50, F|100/100\n|turn|1\n|inactive|Battle timer is ON: inactive players will automatically lose when time's up. (requested by alexd454)\n|\n|t:|1776411292\n|detailschange|p1b: Starmie|Starmie-Mega, L50, shiny\n|-mega|p1b: Starmie|Starmie|Starminite\n|detailschange|p2b: Scovillain|Scovillain-Mega, L50, F\n|-mega|p2b: Scovillain|Scovillain|Scovillainite\n|move|p2a: Passimian|Protect|p2a: Passimian\n|-singleturn|p2a: Passimian|Protect\n|move|p1a: Sneasler|Fake Out|p2a: Passimian\n|-activate|p2a: Passimian|move: Protect\n|move|p1b: Starmie|Liquidation|p2b: Scovillain\n|-damage|p2b: Scovillain|10/100\n|-status|p1b: Starmie|brn|[from] ability: Spicy Spray|[of] p2b: Scovillain\n|move|p2b: Scovillain|Overheat|p1a: Sneasler\n|-damage|p1a: Sneasler|0 fnt\n|-unboost|p2b: Scovillain|spa|2\n|faint|p1a: Sneasler\n|\n|-damage|p1b: Starmie|95/100 brn|[from] brn\n|upkeep\n|\n|t:|1776411308\n|switch|p1a: Vivillon|Vivillon-Icy Snow, L50, F, shiny|100/100\n|turn|2\n|\n|t:|1776411318\n|move|p2b: Scovillain|Rage Powder|p2b: Scovillain\n|-singleturn|p2b: Scovillain|move: Rage Powder\n|move|p1b: Starmie|Liquidation|p2b: Scovillain\n|-damage|p2b: Scovillain|0 fnt\n|faint|p2b: Scovillain\n|-ability|p2a: Passimian|Spicy Spray|Receiver|[from] ability: Receiver|[of] p2b: Scovillain\n|move|p1a: Vivillon|Sleep Powder|p2a: Passimian\n|-status|p2a: Passimian|slp|[from] move: Sleep Powder\n|cant|p2a: Passimian|slp\n|\n|-damage|p1b: Starmie|89/100 brn|[from] brn\n|upkeep\n|\n|t:|1776411324\n|switch|p2b: Hatterene|Hatterene, L50, F|100/100\n|turn|3\n|\n|t:|1776411337\n|switch|p2a: Torkoal|Torkoal, L50, F|100/100\n|-weather|SunnyDay|[from] ability: Drought|[of] p2a: Torkoal\n|move|p1b: Starmie|Psycho Cut|p2a: Torkoal\n|-crit|p2a: Torkoal\n|-damage|p2a: Torkoal|68/100\n|move|p1a: Vivillon|Sleep Powder|p2b: Hatterene\n|move|p2b: Hatterene|Sleep Powder|p1a: Vivillon|[from] ability: Magic Bounce\n|-status|p1a: Vivillon|slp|[from] move: Sleep Powder\n|move|p2b: Hatterene|Trick Room|p2b: Hatterene\n|-fieldstart|move: Trick Room|[of] p2b: Hatterene\n|\n|-weather|SunnyDay|[upkeep]\n|-damage|p1b: Starmie|83/100 brn|[from] brn\n|upkeep\n|turn|4\n|\n|t:|1776411351\n|move|p1b: Starmie|Protect|p1b: Starmie\n|-singleturn|p1b: Starmie|Protect\n|move|p2a: Torkoal|Heat Wave|p1b: Starmie|[spread] p1a\n|-activate|p1b: Starmie|move: Protect\n|-supereffective|p1a: Vivillon|1\n|-damage|p1a: Vivillon|0 fnt\n|faint|p1a: Vivillon\n|move|p2b: Hatterene|Calm Mind|p2b: Hatterene\n|-boost|p2b: Hatterene|spa|1\n|-boost|p2b: Hatterene|spd|1\n|\n|-weather|SunnyDay|[upkeep]\n|-damage|p1b: Starmie|77/100 brn|[from] brn\n|upkeep\n|\n|t:|1776411357\n|switch|p1a: Kingambit|Kingambit, L50, M, shiny|100/100\n|turn|5\n|\n|t:|1776411381\n|move|p2a: Torkoal|Heat Wave|p1b: Starmie|[spread] p1a,p1b\n|-supereffective|p1a: Kingambit|1\n|-resisted|p1b: Starmie|1\n|-damage|p1a: Kingambit|0 fnt\n|-damage|p1b: Starmie|44/100 brn\n|faint|p1a: Kingambit\n|move|p2b: Hatterene|Draining Kiss|p1b: Starmie\n|-damage|p1b: Starmie|0 fnt\n|faint|p1b: Starmie\n|\n|win|dune's kitchen\n|raw|alexd454's rating: 1142 &rarr; <strong>1123</strong><br />(-19 for losing)\n|raw|dune&apos;s kitchen's rating: 1234 &rarr; <strong>1253</strong><br />(+19 for winning)\n|l|\u2606alexd454\n|player|p1|\n",
  "uploadtime": 1776411386,
  "views": 50,
  "formatid": "gen9championsvgc2026regma",
  "rating": 1123,
  "private": 0,
  "password": null
}