{
  "id": "gen9championsvgc2026regma-2582760213",
  "format": "[Gen 9 Champions] VGC 2026 Reg M-A",
  "players": [
    "mofriu4334",
    "jeanmixed"
  ],
  "log": "|j|\u2606mofriu4334\n|j|\u2606jeanmixed\n|t:|1776112182\n|gametype|doubles\n|player|p1|mofriu4334|bianca|\n|player|p2|jeanmixed|veteran|\n|gen|9\n|tier|[Gen 9 Champions] VGC 2026 Reg M-A\n|rule|Species Clause: Limit one of each Pok\u00e9mon\n|rule|Item Clause: Limit 1 of each item\n|clearpoke\n|poke|p1|Scizor, L50, M|\n|poke|p1|Rotom-Wash, L50|\n|poke|p1|Garchomp, L50, M|\n|poke|p1|Dragonite, L50, F|\n|poke|p1|Sylveon, L50, F|\n|poke|p1|Gengar, L50, F|\n|poke|p2|Venusaur, L50, F|\n|poke|p2|Incineroar, L50, M|\n|poke|p2|Empoleon, L50, M|\n|poke|p2|Aerodactyl, L50, M|\n|poke|p2|Sableye, L50, F|\n|poke|p2|Dragonite, L50, F|\n|teampreview|4\n|\n|t:|1776112225\n|teamsize|p1|4\n|teamsize|p2|4\n|start\n|switch|p1a: Sylveon|Sylveon, L50, F|100/100\n|switch|p1b: Scizor|Scizor, L50, M|100/100\n|switch|p2a: Aerodactyl|Aerodactyl, L50, M|100/100\n|switch|p2b: Sableye|Sableye, L50, F|100/100\n|-ability|p2a: Aerodactyl|Unnerve\n|turn|1\n|\n|t:|1776112265\n|move|p2b: Sableye|Protect|p2b: Sableye\n|-singleturn|p2b: Sableye|Protect\n|move|p2a: Aerodactyl|Protect|p2a: Aerodactyl\n|-singleturn|p2a: Aerodactyl|Protect\n|move|p1b: Scizor|Swords Dance|p1b: Scizor\n|-boost|p1b: Scizor|atk|2\n|move|p1a: Sylveon|Hyper Voice|p2a: Aerodactyl|[spread] \n|-activate|p2a: Aerodactyl|move: Protect\n|-activate|p2b: Sableye|move: Protect\n|\n|upkeep\n|turn|2\n|\n|t:|1776112296\n|move|p1a: Sylveon|Protect|p1a: Sylveon\n|-singleturn|p1a: Sylveon|Protect\n|move|p2b: Sableye|Encore|p1b: Scizor\n|-start|p1b: Scizor|Encore\n|move|p2a: Aerodactyl|Tailwind|p2a: Aerodactyl\n|-sidestart|p2: jeanmixed|move: Tailwind\n|move|p1b: Scizor|Swords Dance|p1b: Scizor\n|-boost|p1b: Scizor|atk|2\n|\n|upkeep\n|turn|3\n|\n|t:|1776112325\n|switch|p1b: Gengar|Gengar, L50, F|100/100\n|move|p2b: Sableye|Encore|p1a: Sylveon\n|-start|p1a: Sylveon|Encore\n|move|p1a: Sylveon|Protect|p1a: Sylveon\n|-singleturn|p1a: Sylveon|Protect\n|move|p2a: Aerodactyl|Dual Wingbeat|p1b: Gengar\n|-damage|p1b: Gengar|63/100\n|-damage|p1b: Gengar|27/100\n|-hitcount|p1b: Gengar|2\n|\n|upkeep\n|turn|4\n|\n|t:|1776112344\n|move|p1a: Sylveon|Protect||[still]\n|-fail|p1a: Sylveon\n|move|p2b: Sableye|Disable|p1a: Sylveon\n|-start|p1a: Sylveon|Disable|Protect\n|move|p2a: Aerodactyl|Dual Wingbeat|p1b: Gengar\n|-damage|p1b: Gengar|0 fnt\n|-start|p2a: Aerodactyl|Disable|Dual Wingbeat|[from] ability: Cursed Body|[of] p1b: Gengar\n|faint|p1b: Gengar\n|-hitcount|p1: Gengar|1\n|\n|upkeep\n|\n|t:|1776112356\n|switch|p1b: Dragonite|Dragonite, L50, F|100/100\n|turn|5\n|\n|t:|1776112383\n|switch|p1a: Scizor|Scizor, L50, M|100/100\n|move|p2b: Sableye|Protect|p2b: Sableye\n|-singleturn|p2b: Sableye|Protect\n|move|p1b: Dragonite|Extreme Speed|p2a: Aerodactyl\n|-resisted|p2a: Aerodactyl|1\n|-damage|p2a: Aerodactyl|75/100\n|move|p2a: Aerodactyl|Rock Slide|p1a: Scizor|[spread] p1a\n|-miss|p2a: Aerodactyl|p1b: Dragonite\n|-damage|p1a: Scizor|73/100\n|\n|-sideend|p2: jeanmixed|move: Tailwind\n|upkeep\n|turn|6\n|\n|t:|1776112437\n|move|p1a: Scizor|Bullet Punch|p2a: Aerodactyl\n|-supereffective|p2a: Aerodactyl|1\n|-damage|p2a: Aerodactyl|0 fnt\n|faint|p2a: Aerodactyl\n|move|p2b: Sableye|Rain Dance|p2b: Sableye\n|-weather|RainDance\n|move|p1b: Dragonite|Fire Punch|p2b: Sableye\n|-damage|p2b: Sableye|83/100\n|\n|-weather|RainDance|[upkeep]\n|upkeep\n|\n|t:|1776112447\n|switch|p2a: Dragonite|Dragonite, L50, F|100/100\n|turn|7\n|\n|t:|1776112474\n|move|p2b: Sableye|Protect|p2b: Sableye\n|-singleturn|p2b: Sableye|Protect\n|move|p1b: Dragonite|Dragon Dance|p1b: Dragonite\n|-boost|p1b: Dragonite|atk|1\n|-boost|p1b: Dragonite|spe|1\n|move|p2a: Dragonite|Draco Meteor|p1b: Dragonite\n|-supereffective|p1b: Dragonite|1\n|-damage|p1b: Dragonite|32/100\n|-unboost|p2a: Dragonite|spa|2\n|-enditem|p2a: Dragonite|White Herb\n|-clearnegativeboost|p2a: Dragonite|[silent]\n|move|p1a: Scizor|U-turn|p2b: Sableye\n|-activate|p2b: Sableye|move: Protect\n|\n|-weather|RainDance|[upkeep]\n|upkeep\n|turn|8\n|\n|t:|1776112503\n|move|p1b: Dragonite|Extreme Speed|p2a: Dragonite\n|-damage|p2a: Dragonite|78/100\n|move|p2b: Sableye|Encore|p1b: Dragonite\n|-start|p1b: Dragonite|Encore\n|move|p2a: Dragonite|Thunder|p1b: Dragonite\n|-damage|p1b: Dragonite|0 fnt\n|faint|p1b: Dragonite\n|move|p1a: Scizor|U-turn|p2b: Sableye\n|-damage|p2b: Sableye|34/100\n|\n|t:|1776112507\n|switch|p1a: Sylveon|Sylveon, L50, F|100/100|[from] U-turn\n|\n|-weather|RainDance|[upkeep]\n|upkeep\n|\n|t:|1776112510\n|switch|p1b: Scizor|Scizor, L50, M|73/100\n|turn|9\n|\n|t:|1776112527\n|move|p2b: Sableye|Protect|p2b: Sableye\n|-singleturn|p2b: Sableye|Protect\n|move|p2a: Dragonite|Protect|p2a: Dragonite\n|-singleturn|p2a: Dragonite|Protect\n|move|p1b: Scizor|Swords Dance|p1b: Scizor\n|-boost|p1b: Scizor|atk|2\n|move|p1a: Sylveon|Yawn|p2b: Sableye\n|-activate|p2b: Sableye|move: Protect\n|\n|-weather|RainDance|[upkeep]\n|upkeep\n|turn|10\n|\n|t:|1776112593\n|move|p1b: Scizor|Bullet Punch|p2b: Sableye\n|-damage|p2b: Sableye|0 fnt\n|faint|p2b: Sableye\n|move|p2a: Dragonite|Hurricane|p1a: Sylveon\n|-damage|p1a: Sylveon|72/100\n|move|p1a: Sylveon|Hyper Voice|p2a: Dragonite\n|-supereffective|p2a: Dragonite|1\n|-damage|p2a: Dragonite|4/100\n|\n|-weather|none\n|upkeep\n|\n|t:|1776112603\n|switch|p2b: Empoleon|Empoleon, L50, M|100/100\n|turn|11\n|\n|t:|1776112620\n|move|p2a: Dragonite|Protect|p2a: Dragonite\n|-singleturn|p2a: Dragonite|Protect\n|move|p1b: Scizor|Close Combat|p2b: Empoleon\n|-supereffective|p2b: Empoleon|1\n|-damage|p2b: Empoleon|0 fnt\n|-unboost|p1b: Scizor|def|1\n|-unboost|p1b: Scizor|spd|1\n|faint|p2b: Empoleon\n|move|p1a: Sylveon|Hyper Voice|p2a: Dragonite\n|-activate|p2a: Dragonite|move: Protect\n|\n|upkeep\n|turn|12\n|\n|t:|1776112639\n|move|p1b: Scizor|Bullet Punch|p2a: Dragonite\n|-damage|p2a: Dragonite|0 fnt\n|faint|p2a: Dragonite\n|\n|win|mofriu4334\n",
  "uploadtime": 1776112644,
  "views": 24,
  "formatid": "gen9championsvgc2026regma",
  "rating": null,
  "private": 0,
  "password": null
}