{
  "id": "gen9championsvgc2026regma-2582592268",
  "format": "[Gen 9 Champions] VGC 2026 Reg M-A",
  "players": [
    "Steeltrainer",
    "Zeyojan"
  ],
  "log": "|j|\u2606Steeltrainer\n|j|\u2606Zeyojan\n|t:|1776101379\n|gametype|doubles\n|player|p1|Steeltrainer|170|1000\n|player|p2|Zeyojan|169|1061\n|gen|9\n|tier|[Gen 9 Champions] VGC 2026 Reg M-A\n|rated|\n|rule|Species Clause: Limit one of each Pok\u00e9mon\n|rule|Item Clause: Limit 1 of each item\n|clearpoke\n|poke|p1|Delphox, L50, F|\n|poke|p1|Garchomp, L50, M|\n|poke|p1|Milotic, L50, F|\n|poke|p1|Kingambit, L50, M|\n|poke|p1|Sneasler, L50, F|\n|poke|p1|Sinistcha, L50|\n|poke|p2|Drampa, L50, M|\n|poke|p2|Politoed, L50, F|\n|poke|p2|Ninetales-Alola, L50, M|\n|poke|p2|Farigiraf, L50, F|\n|poke|p2|Incineroar, L50, M|\n|poke|p2|Vaporeon, L50, F|\n|teampreview|4\n|inactive|Battle timer is ON: inactive players will automatically lose when time's up. (requested by Zeyojan)\n|\n|t:|1776101405\n|teamsize|p1|4\n|teamsize|p2|4\n|start\n|switch|p1a: Milotic|Milotic, L50, F|100/100\n|switch|p1b: Delphox|Delphox, L50, F|100/100\n|switch|p2a: Politoed|Politoed, L50, F|100/100\n|switch|p2b: Farigiraf|Farigiraf, L50, F|100/100\n|-weather|RainDance|[from] ability: Drizzle|[of] p2a: Politoed\n|turn|1\n|\n|t:|1776101417\n|detailschange|p1b: Delphox|Delphox-Mega, L50, F\n|-mega|p1b: Delphox|Delphox|Delphoxite\n|move|p1b: Delphox|Substitute|p1b: Delphox\n|-start|p1b: Delphox|Substitute\n|-damage|p1b: Delphox|75/100\n|move|p1a: Milotic|Coil|p1a: Milotic\n|-boost|p1a: Milotic|atk|1\n|-boost|p1a: Milotic|def|1\n|-boost|p1a: Milotic|accuracy|1\n|move|p2a: Politoed|Muddy Water|p1a: Milotic|[spread] p1a,p1b\n|-supereffective|p1b: Delphox|1\n|-end|p1b: Delphox|Substitute\n|-resisted|p1a: Milotic|1\n|-damage|p1a: Milotic|86/100\n|move|p2b: Farigiraf|Trick Room|p2b: Farigiraf\n|-fieldstart|move: Trick Room|[of] p2b: Farigiraf\n|\n|-weather|RainDance|[upkeep]\n|-heal|p1a: Milotic|92/100|[from] item: Leftovers\n|upkeep\n|turn|2\n|\n|t:|1776101437\n|switch|p1b: Sinistcha|Sinistcha, L50|100/100\n|-heal|p1a: Milotic|100/100|[from] ability: Hospitality|[of] p1b: Sinistcha\n|move|p2b: Farigiraf|Psychic Terrain|p2b: Farigiraf\n|-fieldstart|move: Psychic Terrain\n|move|p2a: Politoed|Muddy Water|p1a: Milotic|[spread] p1a,p1b\n|-resisted|p1a: Milotic|1\n|-resisted|p1b: Sinistcha|1\n|-damage|p1a: Milotic|87/100\n|-damage|p1b: Sinistcha|82/100\n|-unboost|p1b: Sinistcha|accuracy|1\n|move|p1a: Milotic|Hypnosis|p2a: Politoed\n|-status|p2a: Politoed|slp|[from] move: Hypnosis\n|\n|-weather|RainDance|[upkeep]\n|-heal|p1a: Milotic|93/100|[from] item: Leftovers\n|upkeep\n|turn|3\n|\n|t:|1776101461\n|switch|p2a: Drampa|Drampa, L50, M|100/100\n|-ability|p2a: Drampa|Cloud Nine\n|move|p2b: Farigiraf|Expanding Force|p1b: Sinistcha|[spread] p1a,p1b\n|-damage|p1a: Milotic|57/100\n|-damage|p1b: Sinistcha|36/100\n|-enditem|p1b: Sinistcha|Sitrus Berry|[eat]\n|-heal|p1b: Sinistcha|61/100|[from] item: Sitrus Berry\n|move|p1b: Sinistcha|Psych Up|p1a: Milotic\n|-copyboost|p1b: Sinistcha|p1a: Milotic|[from] move: Psych Up\n|move|p1a: Milotic|Hypnosis|p2b: Farigiraf|[miss]\n|-miss|p1a: Milotic|p2b: Farigiraf\n|\n|-weather|RainDance|[upkeep]\n|-heal|p1a: Milotic|63/100|[from] item: Leftovers\n|upkeep\n|turn|4\n|inactive|Zeyojan has 30 seconds left.\n|\n|t:|1776101495\n|detailschange|p2a: Drampa|Drampa-Mega, L50, M\n|-mega|p2a: Drampa|Drampa|Drampanite\n|move|p1a: Milotic|Protect|p1a: Milotic\n|-singleturn|p1a: Milotic|Protect\n|move|p2a: Drampa|Hurricane|p1b: Sinistcha\n|-supereffective|p1b: Sinistcha|1\n|-damage|p1b: Sinistcha|0 fnt\n|faint|p1b: Sinistcha\n|move|p2b: Farigiraf|Expanding Force|p1a: Milotic\n|-activate|p1a: Milotic|move: Protect\n|\n|-weather|RainDance|[upkeep]\n|-heal|p1a: Milotic|69/100|[from] item: Leftovers\n|upkeep\n|\n|t:|1776101506\n|switch|p1b: Kingambit|Kingambit, L50, M|100/100\n|turn|5\n|\n|t:|1776101518\n|switch|p2b: Vaporeon|Vaporeon, L50, F|100/100\n|move|p2a: Drampa|Surf|p1b: Kingambit|[spread] p1a,p1b\n|-immune|p2b: Vaporeon|[from] ability: Water Absorb\n|-resisted|p1a: Milotic|1\n|-damage|p1a: Milotic|54/100\n|-damage|p1b: Kingambit|46/100\n|move|p1a: Milotic|Muddy Water|p2a: Drampa|[spread] p2a\n|-immune|p2b: Vaporeon|[from] ability: Water Absorb\n|-resisted|p2a: Drampa|1\n|-damage|p2a: Drampa|83/100\n|move|p1b: Kingambit|Iron Head|p2a: Drampa\n|-damage|p2a: Drampa|32/100\n|-ability|p2a: Drampa|Berserk|boost\n|-boost|p2a: Drampa|spa|1\n|\n|-weather|none\n|-heal|p1a: Milotic|60/100|[from] item: Leftovers\n|-fieldend|move: Trick Room\n|upkeep\n|turn|6\n|\n|t:|1776101542\n|switch|p2a: Politoed|Politoed, L50, F|100/100 slp\n|-weather|RainDance|[from] ability: Drizzle|[of] p2a: Politoed\n|move|p1b: Kingambit|Low Kick|p2b: Vaporeon\n|-damage|p2b: Vaporeon|82/100\n|move|p1a: Milotic|Hypnosis|p2a: Politoed\n|-fail|p2a: Politoed|slp\n|move|p2b: Vaporeon|Scald|p1b: Kingambit\n|-damage|p1b: Kingambit|0 fnt\n|faint|p1b: Kingambit\n|-heal|p2b: Vaporeon|86/100|[from] item: Shell Bell|[of] p1: Kingambit\n|\n|-weather|RainDance|[upkeep]\n|-heal|p1a: Milotic|66/100|[from] item: Leftovers\n|-fieldend|move: Psychic Terrain\n|upkeep\n|\n|t:|1776101553\n|switch|p1b: Delphox|Delphox-Mega, L50, F|75/100\n|turn|7\n|\n|t:|1776101564\n|move|p1b: Delphox|Psychic|p2a: Politoed|[miss]\n|-miss|p1b: Delphox|p2a: Politoed\n|move|p1a: Milotic|Hypnosis|p2b: Vaporeon\n|-status|p2b: Vaporeon|slp|[from] move: Hypnosis\n|cant|p2a: Politoed|slp\n|cant|p2b: Vaporeon|slp\n|\n|-weather|RainDance|[upkeep]\n|-heal|p1a: Milotic|72/100|[from] item: Leftovers\n|upkeep\n|turn|8\n|\n|t:|1776101577\n|move|p1b: Delphox|Substitute|p1b: Delphox\n|-start|p1b: Delphox|Substitute\n|-damage|p1b: Delphox|50/100\n|move|p1a: Milotic|Muddy Water|p2b: Vaporeon|[spread] p2a\n|-heal|p2b: Vaporeon|100/100 slp|[from] ability: Water Absorb|[of] p1a: Milotic\n|-resisted|p2a: Politoed|1\n|-damage|p2a: Politoed|82/100 slp\n|cant|p2a: Politoed|slp\n|-curestatus|p2b: Vaporeon|slp|[msg]\n|move|p2b: Vaporeon|Wish|p2b: Vaporeon\n|\n|-weather|RainDance|[upkeep]\n|-heal|p1a: Milotic|78/100|[from] item: Leftovers\n|upkeep\n|turn|9\n|\n|t:|1776101600\n|switch|p2b: Drampa|Drampa-Mega, L50, M|32/100\n|move|p1b: Delphox|Protect|p1b: Delphox\n|-singleturn|p1b: Delphox|Protect\n|move|p1a: Milotic|Hypnosis|p2b: Drampa\n|-status|p2b: Drampa|slp|[from] move: Hypnosis\n|-curestatus|p2a: Politoed|slp|[msg]\n|move|p2a: Politoed|Muddy Water|p1a: Milotic|[spread] p1a\n|-activate|p1b: Delphox|move: Protect\n|-resisted|p1a: Milotic|1\n|-damage|p1a: Milotic|65/100\n|\n|-weather|RainDance|[upkeep]\n|-heal|p2b: Drampa|99/100 slp|[from] move: Wish|[wisher] Vaporeon\n|-heal|p1a: Milotic|71/100|[from] item: Leftovers\n|upkeep\n|turn|10\n|inactive|Zeyojan has 30 seconds left.\n|\n|t:|1776101626\n|move|p1b: Delphox|Psychic|p2b: Drampa\n|-damage|p2b: Drampa|46/100 slp\n|-ability|p2b: Drampa|Berserk|boost\n|-boost|p2b: Drampa|spa|1\n|move|p1a: Milotic|Hypnosis|p2a: Politoed\n|-status|p2a: Politoed|slp|[from] move: Hypnosis\n|cant|p2a: Politoed|slp\n|cant|p2b: Drampa|slp\n|\n|-weather|none\n|-heal|p1a: Milotic|77/100|[from] item: Leftovers\n|upkeep\n|turn|11\n|\n|t:|1776101645\n|switch|p2b: Farigiraf|Farigiraf, L50, F|100/100\n|move|p1b: Delphox|Psychic|p2b: Farigiraf\n|-resisted|p2b: Farigiraf|1\n|-damage|p2b: Farigiraf|76/100\n|move|p1a: Milotic|Muddy Water|p2a: Politoed|[spread] p2a,p2b\n|-resisted|p2a: Politoed|1\n|-damage|p2a: Politoed|71/100 slp\n|-damage|p2b: Farigiraf|48/100\n|-unboost|p2b: Farigiraf|accuracy|1\n|-enditem|p2b: Farigiraf|Sitrus Berry|[eat]\n|-heal|p2b: Farigiraf|73/100|[from] item: Sitrus Berry\n|cant|p2a: Politoed|slp\n|\n|-heal|p1a: Milotic|83/100|[from] item: Leftovers\n|upkeep\n|turn|12\n|\n|t:|1776101668\n|move|p1b: Delphox|Psychic|p2a: Politoed\n|-damage|p2a: Politoed|23/100 slp\n|move|p1a: Milotic|Hypnosis|p2b: Farigiraf|[miss]\n|-miss|p1a: Milotic|p2b: Farigiraf\n|-curestatus|p2a: Politoed|slp|[msg]\n|move|p2a: Politoed|Muddy Water|p1a: Milotic|[spread] p1a,p1b\n|-supereffective|p1b: Delphox|1\n|-end|p1b: Delphox|Substitute\n|-resisted|p1a: Milotic|1\n|-damage|p1a: Milotic|74/100\n|move|p2b: Farigiraf|Trick Room|p2b: Farigiraf\n|-fieldstart|move: Trick Room|[of] p2b: Farigiraf\n|\n|-heal|p1a: Milotic|80/100|[from] item: Leftovers\n|upkeep\n|turn|13\n|\n|t:|1776101689\n|switch|p2a: Vaporeon|Vaporeon, L50, F|100/100\n|move|p1b: Delphox|Protect|p1b: Delphox\n|-singleturn|p1b: Delphox|Protect\n|move|p2b: Farigiraf|Trick|p1a: Milotic|[miss]\n|-miss|p2b: Farigiraf|p1a: Milotic\n|move|p1a: Milotic|Hypnosis|p2a: Vaporeon\n|-status|p2a: Vaporeon|slp|[from] move: Hypnosis\n|\n|-heal|p1a: Milotic|86/100|[from] item: Leftovers\n|upkeep\n|turn|14\n|\n|t:|1776101710\n|switch|p2b: Politoed|Politoed, L50, F|23/100\n|-weather|RainDance|[from] ability: Drizzle|[of] p2b: Politoed\n|cant|p2a: Vaporeon|slp\n|move|p1a: Milotic|Hypnosis|p2b: Politoed\n|-status|p2b: Politoed|slp|[from] move: Hypnosis\n|move|p1b: Delphox|Psychic|p2a: Vaporeon\n|-damage|p2a: Vaporeon|48/100 slp\n|\n|-weather|RainDance|[upkeep]\n|-heal|p1a: Milotic|92/100|[from] item: Leftovers\n|upkeep\n|turn|15\n|inactive|Steeltrainer has 30 seconds left.\n|\n|t:|1776101742\n|cant|p2a: Vaporeon|slp\n|cant|p2b: Politoed|slp\n|move|p1a: Milotic|Hypnosis|p2a: Vaporeon\n|-fail|p2a: Vaporeon|slp\n|move|p1b: Delphox|Psychic|p2a: Vaporeon\n|-damage|p2a: Vaporeon|0 fnt\n|faint|p2a: Vaporeon\n|\n|-weather|RainDance|[upkeep]\n|-heal|p1a: Milotic|98/100|[from] item: Leftovers\n|upkeep\n|\n|t:|1776101753\n|switch|p2a: Farigiraf|Farigiraf, L50, F|73/100\n|turn|16\n|\n|t:|1776101759\n|move|p1b: Delphox|Protect|p1b: Delphox\n|-singleturn|p1b: Delphox|Protect\n|move|p2a: Farigiraf|Trick|p1a: Milotic\n|-activate|p2a: Farigiraf|move: Trick|[of] p1a: Milotic\n|-enditem|p1a: Milotic|Leftovers|[silent]|[from] move: Trick\n|-item|p2a: Farigiraf|Leftovers|[from] move: Trick\n|-curestatus|p2b: Politoed|slp|[msg]\n|move|p2b: Politoed|Muddy Water|p1a: Milotic|[spread] p1a\n|-activate|p1b: Delphox|move: Protect\n|-resisted|p1a: Milotic|1\n|-damage|p1a: Milotic|85/100\n|move|p1a: Milotic|Hypnosis|p2a: Farigiraf\n|-status|p2a: Farigiraf|slp|[from] move: Hypnosis\n|\n|-weather|RainDance|[upkeep]\n|-heal|p2a: Farigiraf|79/100 slp|[from] item: Leftovers\n|-fieldend|move: Trick Room\n|upkeep\n|turn|17\n|\n|t:|1776101777\n|move|p1b: Delphox|Psychic|p2a: Farigiraf\n|-resisted|p2a: Farigiraf|1\n|-damage|p2a: Farigiraf|54/100 slp\n|move|p1a: Milotic|Hypnosis|p2b: Politoed\n|-status|p2b: Politoed|slp|[from] move: Hypnosis\n|cant|p2b: Politoed|slp\n|cant|p2a: Farigiraf|slp\n|\n|-weather|RainDance|[upkeep]\n|-heal|p2a: Farigiraf|60/100 slp|[from] item: Leftovers\n|upkeep\n|turn|18\n|\n|t:|1776101789\n|move|p1b: Delphox|Psychic|p2b: Politoed\n|-damage|p2b: Politoed|0 fnt\n|faint|p2b: Politoed\n|move|p1a: Milotic|Muddy Water|p2a: Farigiraf\n|-damage|p2a: Farigiraf|5/100 slp\n|cant|p2a: Farigiraf|slp\n|\n|-weather|none\n|-heal|p2a: Farigiraf|11/100 slp|[from] item: Leftovers\n|upkeep\n|\n|t:|1776101798\n|switch|p2b: Drampa|Drampa-Mega, L50, M|46/100 slp\n|turn|19\n|\n|t:|1776101807\n|move|p1b: Delphox|Psychic|p2b: Drampa\n|-damage|p2b: Drampa|0 fnt\n|faint|p2b: Drampa\n|move|p1a: Milotic|Muddy Water|p2a: Farigiraf\n|-damage|p2a: Farigiraf|0 fnt\n|faint|p2a: Farigiraf\n|\n|win|Steeltrainer\n|raw|Steeltrainer's rating: 1000 &rarr; <strong>1047</strong><br />(+47 for winning)\n|raw|Zeyojan's rating: 1061 &rarr; <strong>1039</strong><br />(-22 for losing)\n|l|\u2606Zeyojan\n|player|p2|\n",
  "uploadtime": 1776101814,
  "views": 30,
  "formatid": "gen9championsvgc2026regma",
  "rating": 1039,
  "private": 0,
  "password": null
}