{
  "id": "gen9championsvgc2026regma-2588693994",
  "format": "[Gen 9 Champions] VGC 2026 Reg M-A",
  "players": [
    "Kibuj",
    "Agent Aquato"
  ],
  "log": "|j|\u2606Kibuj\n|j|\u2606Agent Aquato\n|t:|1776658563\n|gametype|doubles\n|player|p1|Kibuj|266|1432\n|player|p2|Agent Aquato|leon-tower|1431\n|gen|9\n|tier|[Gen 9 Champions] VGC 2026 Reg M-A\n|rated|\n|rule|Species Clause: Limit one of each Pok\u00e9mon\n|rule|Item Clause: Limit 1 of each item\n|clearpoke\n|poke|p1|Charizard, L50, M|\n|poke|p1|Corviknight, L50, M|\n|poke|p1|Sneasler, L50, M|\n|poke|p1|Basculegion, L50, M|\n|poke|p1|Garchomp, L50, M|\n|poke|p1|Rotom-Wash, L50|\n|poke|p2|Scizor, L50, M, shiny|\n|poke|p2|Pelipper, L50, M, shiny|\n|poke|p2|Sinistcha, L50, shiny|\n|poke|p2|Incineroar, L50, M, shiny|\n|poke|p2|Archaludon, L50, M, shiny|\n|poke|p2|Dragonite, L50, M, shiny|\n|teampreview|4\n|inactive|Battle timer is ON: inactive players will automatically lose when time's up. (requested by Kibuj)\n|inactive|Agent Aquato has 60 seconds left.\n|\n|t:|1776658597\n|teamsize|p1|4\n|teamsize|p2|4\n|start\n|switch|p1a: Rotom|Rotom-Wash, L50|100/100\n|switch|p1b: Garchomp|Garchomp, L50, M|100/100\n|switch|p2a: Incineroar|Incineroar, L50, M, shiny|100/100\n|switch|p2b: Dragonite|Dragonite, L50, M, shiny|100/100\n|-ability|p2a: Incineroar|Intimidate|boost\n|-unboost|p1a: Rotom|atk|1\n|-unboost|p1b: Garchomp|atk|1\n|turn|1\n|\n|t:|1776658620\n|detailschange|p2b: Dragonite|Dragonite-Mega, L50, M, shiny\n|-mega|p2b: Dragonite|Dragonite|Dragoninite\n|move|p2a: Incineroar|Fake Out|p1a: Rotom\n|-damage|p1a: Rotom|88/100\n|move|p2b: Dragonite|Draco Meteor|p1b: Garchomp\n|-supereffective|p1b: Garchomp|1\n|-enditem|p1b: Garchomp|Haban Berry|[eat]\n|-enditem|p1b: Garchomp|Haban Berry|[weaken]\n|-damage|p1b: Garchomp|31/100\n|-unboost|p2b: Dragonite|spa|2\n|move|p1b: Garchomp|Rock Slide|p2b: Dragonite|[spread] p2a,p2b\n|-supereffective|p2a: Incineroar|1\n|-supereffective|p2b: Dragonite|1\n|-damage|p2a: Incineroar|81/100\n|-damage|p2b: Dragonite|89/100\n|cant|p1a: Rotom|flinch\n|\n|upkeep\n|turn|2\n|\n|t:|1776658639\n|switch|p2a: Archaludon|Archaludon, L50, M, shiny|100/100\n|move|p2b: Dragonite|Protect|p2b: Dragonite\n|-singleturn|p2b: Dragonite|Protect\n|move|p1b: Garchomp|Earthquake|p2b: Dragonite|[spread] p2a\n|-activate|p2b: Dragonite|move: Protect\n|-immune|p1a: Rotom|[from] ability: Levitate\n|-supereffective|p2a: Archaludon|1\n|-damage|p2a: Archaludon|65/100\n|-ability|p2a: Archaludon|Stamina|boost\n|-boost|p2a: Archaludon|def|1\n|move|p1a: Rotom|Thunderbolt|p2b: Dragonite\n|-activate|p2b: Dragonite|move: Protect\n|\n|-heal|p2a: Archaludon|71/100|[from] item: Leftovers\n|upkeep\n|turn|3\n|\n|t:|1776658662\n|switch|p2b: Sinistcha|Sinistcha, L50, shiny|100/100\n|-heal|p2a: Archaludon|96/100|[from] ability: Hospitality|[of] p2b: Sinistcha\n|move|p1b: Garchomp|Earthquake|p2b: Sinistcha|[spread] p2a,p2b\n|-immune|p1a: Rotom|[from] ability: Levitate\n|-supereffective|p2a: Archaludon|1\n|-resisted|p2b: Sinistcha|1\n|-damage|p2a: Archaludon|73/100\n|-damage|p2b: Sinistcha|91/100\n|-ability|p2a: Archaludon|Stamina|boost\n|-boost|p2a: Archaludon|def|1\n|move|p1a: Rotom|Hydro Pump|p2b: Sinistcha|[miss]\n|-miss|p1a: Rotom|p2b: Sinistcha\n|move|p2a: Archaludon|Dragon Pulse|p1b: Garchomp\n|-supereffective|p1b: Garchomp|1\n|-damage|p1b: Garchomp|0 fnt\n|faint|p1b: Garchomp\n|\n|-heal|p2a: Archaludon|80/100|[from] item: Leftovers\n|upkeep\n|\n|t:|1776658677\n|switch|p1b: Sneasler|Sneasler, L50, M|100/100\n|turn|4\n|\n|t:|1776658690\n|move|p2a: Archaludon|Protect|p2a: Archaludon\n|-singleturn|p2a: Archaludon|Protect\n|move|p1b: Sneasler|Dire Claw|p2b: Sinistcha\n|-damage|p2b: Sinistcha|61/100\n|move|p1a: Rotom|Will-O-Wisp|p2b: Sinistcha\n|-status|p2b: Sinistcha|brn\n|move|p2b: Sinistcha|Matcha Gotcha|p1b: Sneasler|[spread] p1a,p1b\n|-supereffective|p1a: Rotom|1\n|-resisted|p1b: Sneasler|1\n|-damage|p1a: Rotom|37/100\n|-heal|p2b: Sinistcha|83/100 brn|[from] drain|[of] p1a: Rotom\n|-damage|p1b: Sneasler|83/100\n|-heal|p2b: Sinistcha|91/100 brn|[from] drain|[of] p1b: Sneasler\n|-status|p1a: Rotom|brn\n|-status|p1b: Sneasler|brn\n|-enditem|p1a: Rotom|Sitrus Berry|[eat]\n|-heal|p1a: Rotom|62/100 brn|[from] item: Sitrus Berry\n|\n|-heal|p2a: Archaludon|86/100|[from] item: Leftovers\n|-damage|p1b: Sneasler|78/100 brn|[from] brn\n|-damage|p1a: Rotom|56/100 brn|[from] brn\n|-damage|p2b: Sinistcha|85/100 brn|[from] brn\n|upkeep\n|turn|5\n|inactive|Kibuj has 30 seconds left.\n|inactive|Agent Aquato has 30 seconds left.\n|\n|t:|1776658720\n|switch|p2b: Incineroar|Incineroar, L50, M, shiny|81/100\n|-ability|p2b: Incineroar|Intimidate|boost\n|-unboost|p1a: Rotom|atk|1\n|-unboost|p1b: Sneasler|atk|1\n|-enditem|p1b: Sneasler|White Herb\n|-clearnegativeboost|p1b: Sneasler|[silent]\n|move|p1b: Sneasler|Protect|p1b: Sneasler\n|-singleturn|p1b: Sneasler|Protect\n|move|p1a: Rotom|Will-O-Wisp|p2a: Archaludon\n|-status|p2a: Archaludon|brn\n|move|p2a: Archaludon|Dragon Pulse|p1b: Sneasler\n|-activate|p1b: Sneasler|move: Protect\n|\n|-heal|p2a: Archaludon|92/100 brn|[from] item: Leftovers\n|-damage|p1b: Sneasler|72/100 brn|[from] brn\n|-damage|p1a: Rotom|50/100 brn|[from] brn\n|-damage|p2a: Archaludon|86/100 brn|[from] brn\n|upkeep\n|turn|6\n|\n|t:|1776658742\n|switch|p2b: Sinistcha|Sinistcha, L50, shiny|85/100 brn\n|-heal|p2a: Archaludon|100/100 brn|[from] ability: Hospitality|[of] p2b: Sinistcha\n|move|p1b: Sneasler|Close Combat|p2a: Archaludon\n|-supereffective|p2a: Archaludon|1\n|-damage|p2a: Archaludon|78/100 brn\n|-unboost|p1b: Sneasler|def|1\n|-unboost|p1b: Sneasler|spd|1\n|-ability|p2a: Archaludon|Stamina|boost\n|-boost|p2a: Archaludon|def|1\n|move|p1a: Rotom|Hydro Pump|p2b: Sinistcha\n|-resisted|p2b: Sinistcha|1\n|-damage|p2b: Sinistcha|56/100 brn\n|move|p2a: Archaludon|Dragon Pulse|p1b: Sneasler\n|-damage|p1b: Sneasler|3/100 brn\n|\n|-heal|p2a: Archaludon|84/100 brn|[from] item: Leftovers\n|-damage|p1b: Sneasler|0 fnt|[from] brn\n|faint|p1b: Sneasler\n|-damage|p1a: Rotom|44/100 brn|[from] brn\n|-damage|p2a: Archaludon|78/100 brn|[from] brn\n|-damage|p2b: Sinistcha|50/100 brn|[from] brn\n|upkeep\n|\n|t:|1776658756\n|switch|p1b: Basculegion|Basculegion, L50, M|100/100\n|turn|7\n|\n|t:|1776658779\n|switch|p2b: Incineroar|Incineroar, L50, M, shiny|81/100\n|-ability|p2b: Incineroar|Intimidate|boost\n|-unboost|p1a: Rotom|atk|1\n|-unboost|p1b: Basculegion|atk|1\n|move|p1b: Basculegion|Last Respects|p2a: Archaludon\n|-damage|p2a: Archaludon|58/100 brn\n|-ability|p2a: Archaludon|Stamina|boost\n|-boost|p2a: Archaludon|def|1\n|move|p1a: Rotom|Hydro Pump|p2a: Archaludon\n|-resisted|p2a: Archaludon|1\n|-damage|p2a: Archaludon|35/100 brn\n|-ability|p2a: Archaludon|Stamina|boost\n|-boost|p2a: Archaludon|def|1\n|move|p2a: Archaludon|Dragon Pulse|p1b: Basculegion\n|-damage|p1b: Basculegion|55/100\n|\n|-heal|p2a: Archaludon|41/100 brn|[from] item: Leftovers\n|-damage|p1a: Rotom|39/100 brn|[from] brn\n|-damage|p2a: Archaludon|35/100 brn|[from] brn\n|upkeep\n|turn|8\n|\n|t:|1776658801\n|switch|p2b: Sinistcha|Sinistcha, L50, shiny|50/100 brn\n|-heal|p2a: Archaludon|60/100 brn|[from] ability: Hospitality|[of] p2b: Sinistcha\n|move|p1b: Basculegion|Last Respects|p2a: Archaludon\n|-damage|p2a: Archaludon|46/100 brn\n|-ability|p2a: Archaludon|Stamina|boost\n|-boost|p2a: Archaludon|def|1\n|move|p1a: Rotom|Hydro Pump|p2b: Sinistcha\n|-resisted|p2b: Sinistcha|1\n|-damage|p2b: Sinistcha|20/100 brn\n|move|p2a: Archaludon|Dragon Pulse|p1b: Basculegion\n|-damage|p1b: Basculegion|12/100\n|\n|-heal|p2a: Archaludon|53/100 brn|[from] item: Leftovers\n|-damage|p1a: Rotom|33/100 brn|[from] brn\n|-damage|p2a: Archaludon|46/100 brn|[from] brn\n|-damage|p2b: Sinistcha|13/100 brn|[from] brn\n|upkeep\n|turn|9\n|-message|Kibuj forfeited.\n|\n|win|Agent Aquato\n|raw|Kibuj's rating: 1432 &rarr; <strong>1412</strong><br />(-20 for losing)\n|raw|Agent Aquato's rating: 1431 &rarr; <strong>1451</strong><br />(+20 for winning)\n|l|\u2606Kibuj\n|player|p1|\n",
  "uploadtime": 1776658820,
  "views": 7,
  "formatid": "gen9championsvgc2026regma",
  "rating": 1412,
  "private": 0,
  "password": null
}