{
  "id": "gen9championsvgc2026regma-2584231162",
  "format": "[Gen 9 Champions] VGC 2026 Reg M-A",
  "players": [
    "noahguyvgc",
    "qazw2088"
  ],
  "log": "|j|\u2606noahguyvgc\n|j|\u2606qazw2088\n|t:|1776241039\n|gametype|doubles\n|player|p1|noahguyvgc|roxie|1123\n|player|p2|qazw2088|hilda-wonderlauncher|1140\n|gen|9\n|tier|[Gen 9 Champions] VGC 2026 Reg M-A\n|rated|\n|rule|Species Clause: Limit one of each Pok\u00e9mon\n|rule|Item Clause: Limit 1 of each item\n|clearpoke\n|poke|p1|Gengar, L50, F|\n|poke|p1|Whimsicott, L50, F|\n|poke|p1|Incineroar, L50, F|\n|poke|p1|Kommo-o, L50, M|\n|poke|p1|Heliolisk, L50, M|\n|poke|p1|Basculegion, L50, M|\n|poke|p2|Mimikyu, L50, F|\n|poke|p2|Lucario, L50, M|\n|poke|p2|Incineroar, L50, M|\n|poke|p2|Farigiraf, L50, M|\n|poke|p2|Starmie, L50|\n|poke|p2|Aerodactyl, L50, M|\n|teampreview|4\n|inactive|Battle timer is ON: inactive players will automatically lose when time's up. (requested by qazw2088)\n|inactive|noahguyvgc also wants the timer to be on.\n|\n|t:|1776241063\n|teamsize|p1|4\n|teamsize|p2|4\n|start\n|switch|p1a: Gengar|Gengar, L50, F|100/100\n|switch|p1b: Incineroar|Incineroar, L50, F|100/100\n|switch|p2a: Mimikyu|Mimikyu, L50, F|100/100\n|switch|p2b: Farigiraf|Farigiraf, L50, M|100/100\n|-ability|p1b: Incineroar|Intimidate|boost\n|-unboost|p2a: Mimikyu|atk|1\n|-unboost|p2b: Farigiraf|atk|1\n|turn|1\n|\n|t:|1776241079\n|detailschange|p1a: Gengar|Gengar-Mega, L50, F\n|-mega|p1a: Gengar|Gengar|Gengarite\n|move|p1a: Gengar|Perish Song|p1a: Gengar\n|-start|p1a: Gengar|perish3|[silent]\n|-start|p1b: Incineroar|perish3|[silent]\n|-start|p2a: Mimikyu|perish3|[silent]\n|-start|p2b: Farigiraf|perish3|[silent]\n|-fieldactivate|move: Perish Song\n|move|p2a: Mimikyu|Swords Dance|p2a: Mimikyu\n|-boost|p2a: Mimikyu|atk|2\n|move|p1b: Incineroar|Throat Chop|p2b: Farigiraf\n|-supereffective|p2b: Farigiraf|1\n|-damage|p2b: Farigiraf|19/100\n|-start|p2b: Farigiraf|Throat Chop|[silent]\n|move|p2b: Farigiraf|Psychic|p1a: Gengar\n|-supereffective|p1a: Gengar|1\n|-damage|p1a: Gengar|2/100\n|\n|-start|p1a: Gengar|perish3\n|-start|p2a: Mimikyu|perish3\n|-start|p1b: Incineroar|perish3\n|-start|p2b: Farigiraf|perish3\n|upkeep\n|turn|2\n|inactive|qazw2088 has 30 seconds left.\n|\n|t:|1776241112\n|move|p1a: Gengar|Protect|p1a: Gengar\n|-singleturn|p1a: Gengar|Protect\n|move|p2a: Mimikyu|Shadow Claw|p1b: Incineroar\n|-resisted|p1b: Incineroar|1\n|-damage|p1b: Incineroar|74/100\n|move|p1b: Incineroar|Throat Chop|p2a: Mimikyu\n|-activate|p2a: Mimikyu|ability: Disguise\n|-damage|p2a: Mimikyu|100/100\n|-start|p2a: Mimikyu|Throat Chop|[silent]\n|detailschange|p2a: Mimikyu|Mimikyu-Busted, L50, F\n|-damage|p2a: Mimikyu|89/100|[from] pokemon: Mimikyu-Busted\n|move|p2b: Farigiraf|Trick Room|p2b: Farigiraf\n|-fieldstart|move: Trick Room|[of] p2b: Farigiraf\n|\n|-end|p2b: Farigiraf|Throat Chop|[silent]\n|-start|p2b: Farigiraf|perish2\n|-start|p1b: Incineroar|perish2\n|-start|p2a: Mimikyu|perish2\n|-start|p1a: Gengar|perish2\n|upkeep\n|turn|3\n|inactive|noahguyvgc has 30 seconds left.\n|inactive|qazw2088 has 30 seconds left.\n|\n|t:|1776241138\n|switch|p1a: Whimsicott|Whimsicott, L50, F|100/100\n|move|p2b: Farigiraf|Hyper Voice|p1a: Whimsicott|[spread] p1a,p1b\n|-damage|p1a: Whimsicott|63/100\n|-damage|p1b: Incineroar|33/100\n|-enditem|p1b: Incineroar|Sitrus Berry|[eat]\n|-heal|p1b: Incineroar|58/100|[from] item: Sitrus Berry\n|move|p1b: Incineroar|Throat Chop|p2a: Mimikyu\n|-damage|p2a: Mimikyu|42/100\n|-enditem|p2a: Mimikyu|Sitrus Berry|[eat]\n|-heal|p2a: Mimikyu|66/100|[from] item: Sitrus Berry\n|move|p2a: Mimikyu|Shadow Claw|p1a: Whimsicott\n|-damage|p1a: Whimsicott|10/100\n|\n|-end|p2a: Mimikyu|Throat Chop|[silent]\n|-start|p2b: Farigiraf|perish1\n|-start|p1b: Incineroar|perish1\n|-start|p2a: Mimikyu|perish1\n|upkeep\n|turn|4\n|inactive|noahguyvgc has 30 seconds left.\n|\n|t:|1776241167\n|switch|p2b: Starmie|Starmie, L50|100/100\n|switch|p2a: Incineroar|Incineroar, L50, M|100/100\n|-ability|p2a: Incineroar|Intimidate|boost\n|-unboost|p1a: Whimsicott|atk|1\n|-unboost|p1b: Incineroar|atk|1\n|move|p1a: Whimsicott|Protect|p1a: Whimsicott\n|-singleturn|p1a: Whimsicott|Protect\n|move|p1b: Incineroar|Parting Shot|p2a: Incineroar\n|-unboost|p2a: Incineroar|atk|1\n|-unboost|p2a: Incineroar|spa|1\n|\n|t:|1776241179\n|switch|p1b: Gengar|Gengar-Mega, L50, F|2/100|[from] Parting Shot\n|\n|upkeep\n|turn|5\n|\n|t:|1776241190\n|switch|p1a: Incineroar|Incineroar, L50, F|58/100\n|-ability|p1a: Incineroar|Intimidate|boost\n|-unboost|p2a: Incineroar|atk|1\n|-unboost|p2b: Starmie|atk|1\n|detailschange|p2b: Starmie|Starmie-Mega, L50\n|-mega|p2b: Starmie|Starmie|Starminite\n|move|p1b: Gengar|Protect|p1b: Gengar\n|-singleturn|p1b: Gengar|Protect\n|move|p2a: Incineroar|Fake Out|p1a: Incineroar\n|-damage|p1a: Incineroar|51/100\n|move|p2b: Starmie|Psycho Cut|p1b: Gengar\n|-activate|p1b: Gengar|move: Protect\n|\n|upkeep\n|turn|6\n|inactive|noahguyvgc has 30 seconds left.\n|inactive|qazw2088 has 30 seconds left.\n|inactive|qazw2088 has 20 seconds left.\n|inactive|qazw2088 has 15 seconds left.\n|inactive|qazw2088 has 10 seconds left.\n|\n|t:|1776241235\n|switch|p1b: Whimsicott|Whimsicott, L50, F|10/100\n|move|p1a: Incineroar|Fake Out|p2b: Starmie\n|-damage|p2b: Starmie|85/100\n|cant|p2b: Starmie|flinch\n|move|p2a: Incineroar|Throat Chop|p1b: Whimsicott\n|-resisted|p1b: Whimsicott|1\n|-damage|p1b: Whimsicott|0 fnt\n|faint|p1b: Whimsicott\n|\n|-fieldend|move: Trick Room\n|upkeep\n|\n|t:|1776241244\n|switch|p1b: Gengar|Gengar-Mega, L50, F|2/100\n|turn|7\n|inactive|qazw2088 has 30 seconds left.\n|\n|t:|1776241271\n|move|p1b: Gengar|Shadow Ball|p2b: Starmie\n|-supereffective|p2b: Starmie|1\n|-damage|p2b: Starmie|0 fnt\n|faint|p2b: Starmie\n|move|p1a: Incineroar|Throat Chop|p2a: Incineroar\n|-resisted|p2a: Incineroar|1\n|-damage|p2a: Incineroar|84/100\n|-start|p2a: Incineroar|Throat Chop|[silent]\n|move|p2a: Incineroar|Flare Blitz|p1b: Gengar\n|-damage|p1b: Gengar|0 fnt\n|faint|p1b: Gengar\n|-damage|p2a: Incineroar|84/100|[from] Recoil\n|\n|-heal|p2a: Incineroar|90/100|[from] item: Leftovers\n|upkeep\n|\n|t:|1776241288\n|switch|p1b: Basculegion|Basculegion, L50, M|100/100\n|switch|p2b: Farigiraf|Farigiraf, L50, M|19/100\n|turn|8\n|\n|t:|1776241299\n|move|p1b: Basculegion|Wave Crash|p2a: Incineroar\n|-supereffective|p2a: Incineroar|1\n|-damage|p2a: Incineroar|0 fnt\n|faint|p2a: Incineroar\n|-damage|p1b: Basculegion|71/100|[from] Recoil\n|move|p1a: Incineroar|Throat Chop|p2b: Farigiraf\n|-supereffective|p2b: Farigiraf|1\n|-damage|p2b: Farigiraf|0 fnt\n|faint|p2b: Farigiraf\n|\n|upkeep\n|-message|qazw2088 forfeited.\n|\n|win|noahguyvgc\n|raw|noahguyvgc's rating: 1123 &rarr; <strong>1149</strong><br />(+26 for winning)\n|raw|qazw2088's rating: 1140 &rarr; <strong>1114</strong><br />(-26 for losing)\n|l|\u2606qazw2088\n|player|p2|\n",
  "uploadtime": 1776241312,
  "views": 17,
  "formatid": "gen9championsvgc2026regma",
  "rating": 1114,
  "private": 0,
  "password": null
}