{
  "id": "gen9championsvgc2026regma-2583414255",
  "format": "[Gen 9 Champions] VGC 2026 Reg M-A",
  "players": [
    "josecb0508",
    "pedrix021"
  ],
  "log": "|j|\u2606josecb0508\n|j|\u2606pedrix021\n|t:|1776174059\n|gametype|doubles\n|player|p1|josecb0508|101|1094\n|player|p2|pedrix021|cynthia-gen4|1086\n|gen|9\n|tier|[Gen 9 Champions] VGC 2026 Reg M-A\n|rated|\n|rule|Species Clause: Limit one of each Pok\u00e9mon\n|rule|Item Clause: Limit 1 of each item\n|clearpoke\n|poke|p1|Floette-Eternal, L50, F|\n|poke|p1|Kingambit, L50, M|\n|poke|p1|Sneasler, L50, F|\n|poke|p1|Garchomp, L50, M|\n|poke|p1|Basculegion, L50, M|\n|poke|p1|Froslass, L50, F|\n|poke|p2|Meowstic, L50, M|\n|poke|p2|Delphox, L50, F|\n|poke|p2|Garchomp, L50, M|\n|poke|p2|Sinistcha, L50|\n|poke|p2|Sneasler, L50, M|\n|poke|p2|Talonflame, L50, M|\n|teampreview|4\n|inactive|Battle timer is ON: inactive players will automatically lose when time's up. (requested by josecb0508)\n|\n|t:|1776174092\n|teamsize|p1|4\n|teamsize|p2|4\n|start\n|switch|p1a: Basculegion|Basculegion, L50, M|100/100\n|switch|p1b: Froslass|Froslass, L50, F|100/100\n|switch|p2a: Sinistcha|Sinistcha, L50|100/100\n|switch|p2b: Delphox|Delphox, L50, F|100/100\n|turn|1\n|\n|t:|1776174111\n|detailschange|p2b: Delphox|Delphox-Mega, L50, F\n|-mega|p2b: Delphox|Delphox|Delphoxite\n|detailschange|p1b: Froslass|Froslass-Mega, L50, F\n|-mega|p1b: Froslass|Froslass|Froslassite\n|-weather|Snowscape|[from] ability: Snow Warning|[of] p1b: Froslass\n|move|p2a: Sinistcha|Rage Powder|p2a: Sinistcha\n|-singleturn|p2a: Sinistcha|move: Rage Powder\n|move|p2b: Delphox|Burning Jealousy|p1a: Basculegion|[spread] p1a,p1b\n|-resisted|p1a: Basculegion|1\n|-supereffective|p1b: Froslass|1\n|-damage|p1a: Basculegion|84/100\n|-damage|p1b: Froslass|26/100\n|move|p1b: Froslass|Shadow Ball|p2a: Sinistcha\n|-supereffective|p2a: Sinistcha|1\n|-damage|p2a: Sinistcha|6/100\n|-enditem|p2a: Sinistcha|Sitrus Berry|[eat]\n|-heal|p2a: Sinistcha|31/100|[from] item: Sitrus Berry\n|move|p1a: Basculegion|Wave Crash|p2a: Sinistcha\n|-resisted|p2a: Sinistcha|1\n|-damage|p2a: Sinistcha|0 fnt\n|faint|p2a: Sinistcha\n|-damage|p1a: Basculegion|75/100|[from] Recoil\n|\n|-weather|Snowscape|[upkeep]\n|upkeep\n|inactive|pedrix021 has 30 seconds left.\n|\n|t:|1776174145\n|switch|p2a: Sneasler|Sneasler, L50, M|100/100\n|turn|2\n|inactive|pedrix021 has 30 seconds left.\n|inactive|pedrix021 has 20 seconds left.\n|inactive|pedrix021 has 15 seconds left.\n|\n|t:|1776174188\n|switch|p1a: Garchomp|Garchomp, L50, M|100/100\n|move|p2b: Delphox|Protect|p2b: Delphox\n|-singleturn|p2b: Delphox|Protect\n|move|p2a: Sneasler|Rock Slide|p1a: Garchomp|[spread] p1b\n|-miss|p2a: Sneasler|p1a: Garchomp\n|-supereffective|p1b: Froslass|1\n|-damage|p1b: Froslass|0 fnt\n|faint|p1b: Froslass\n|\n|-weather|Snowscape|[upkeep]\n|upkeep\n|\n|t:|1776174202\n|switch|p1b: Basculegion|Basculegion, L50, M|75/100\n|turn|3\n|\n|t:|1776174217\n|switch|p2b: Meowstic|Meowstic, L50, M|100/100\n|move|p1a: Garchomp|Protect|p1a: Garchomp\n|-singleturn|p1a: Garchomp|Protect\n|move|p2a: Sneasler|Close Combat|p1a: Garchomp\n|-activate|p1a: Garchomp|move: Protect\n|move|p1b: Basculegion|Wave Crash|p2b: Meowstic\n|-damage|p2b: Meowstic|1/100\n|-damage|p1b: Basculegion|45/100|[from] Recoil\n|-enditem|p1b: Basculegion|Sitrus Berry|[eat]\n|-heal|p1b: Basculegion|70/100|[from] item: Sitrus Berry\n|\n|-weather|Snowscape|[upkeep]\n|upkeep\n|turn|4\n|\n|t:|1776174240\n|move|p1b: Basculegion|Protect|p1b: Basculegion\n|-singleturn|p1b: Basculegion|Protect\n|move|p2b: Meowstic|Psychic Terrain|p2b: Meowstic\n|-fieldstart|move: Psychic Terrain\n|move|p2a: Sneasler|Close Combat|p1a: Garchomp\n|-damage|p1a: Garchomp|27/100\n|-unboost|p2a: Sneasler|def|1\n|-unboost|p2a: Sneasler|spd|1\n|-damage|p2a: Sneasler|88/100|[from] ability: Rough Skin|[of] p1a: Garchomp\n|-enditem|p2a: Sneasler|White Herb\n|-clearnegativeboost|p2a: Sneasler|[silent]\n|move|p1a: Garchomp|Earthquake|p2b: Meowstic|[spread] p2a,p2b\n|-activate|p1b: Basculegion|move: Protect\n|-supereffective|p2a: Sneasler|1\n|-damage|p2a: Sneasler|0 fnt\n|-damage|p2b: Meowstic|0 fnt\n|faint|p2a: Sneasler\n|faint|p2b: Meowstic\n|\n|-weather|Snowscape|[upkeep]\n|upkeep\n|\n|t:|1776174262\n|switch|p2b: Delphox|Delphox-Mega, L50, F|100/100\n|turn|5\n|\n|t:|1776174275\n|move|p2b: Delphox|Expanding Force|p1a: Garchomp\n|-damage|p1a: Garchomp|0 fnt\n|faint|p1a: Garchomp\n|move|p1b: Basculegion|Wave Crash|p2b: Delphox\n|-supereffective|p2b: Delphox|1\n|-damage|p2b: Delphox|0 fnt\n|faint|p2b: Delphox\n|-damage|p1b: Basculegion|44/100|[from] Recoil\n|\n|win|josecb0508\n|raw|josecb0508's rating: 1094 &rarr; <strong>1119</strong><br />(+25 for winning)\n|raw|pedrix021's rating: 1086 &rarr; <strong>1064</strong><br />(-22 for losing)\n|l|\u2606josecb0508\n|player|p1|\n",
  "uploadtime": 1776174301,
  "views": 17,
  "formatid": "gen9championsvgc2026regma",
  "rating": 1064,
  "private": 0,
  "password": null
}