{
  "id": "gen9championsvgc2026regma-2585894675",
  "format": "[Gen 9 Champions] VGC 2026 Reg M-A",
  "players": [
    "Little Fritz",
    "blackred123"
  ],
  "log": "|j|\u2606Little Fritz\n|j|\u2606blackred123\n|t:|1776379202\n|gametype|doubles\n|player|p1|Little Fritz|265|1210\n|player|p2|blackred123|iono-masters|1216\n|gen|9\n|tier|[Gen 9 Champions] VGC 2026 Reg M-A\n|rated|\n|rule|Species Clause: Limit one of each Pok\u00e9mon\n|rule|Item Clause: Limit 1 of each item\n|clearpoke\n|poke|p1|Meganium, L50, F|\n|poke|p1|Dragonite, L50, F|\n|poke|p1|Archaludon, L50, M|\n|poke|p1|Pelipper, L50, F|\n|poke|p1|Basculegion, L50, M|\n|poke|p1|Sneasler, L50, F|\n|poke|p2|Tyranitar, L50, M|\n|poke|p2|Sinistcha, L50|\n|poke|p2|Sneasler, L50, M|\n|poke|p2|Milotic, L50, F|\n|poke|p2|Torkoal, L50, F|\n|poke|p2|Lycanroc, L50, M|\n|teampreview|4\n|inactive|Battle timer is ON: inactive players will automatically lose when time's up. (requested by blackred123)\n|inactive|Little Fritz has 60 seconds left.\n|\n|t:|1776379246\n|teamsize|p1|4\n|teamsize|p2|4\n|start\n|switch|p1a: Bacalhau|Basculegion, L50, M|100/100\n|switch|p1b: Leite|Sneasler, L50, F|100/100\n|switch|p2a: \u57fa\u57fa\u62c9\u65af|Tyranitar, L50, M|100/100\n|switch|p2b: \u72fc\u53cb|Lycanroc, L50, M|100/100\n|-weather|Sandstorm|[from] ability: Sand Stream|[of] p2a: \u57fa\u57fa\u62c9\u65af\n|turn|1\n|inactive|Little Fritz has 30 seconds left.\n|inactive|Little Fritz has 20 seconds left.\n|inactive|blackred123 has 30 seconds left.\n|inactive|Little Fritz has 15 seconds left.\n|\n|t:|1776379288\n|move|p2a: \u57fa\u57fa\u62c9\u65af|Protect|p2a: \u57fa\u57fa\u62c9\u65af\n|-singleturn|p2a: \u57fa\u57fa\u62c9\u65af|Protect\n|move|p1b: Leite|Fake Out|p2b: \u72fc\u53cb\n|-resisted|p2b: \u72fc\u53cb|1\n|-damage|p2b: \u72fc\u53cb|89/100\n|move|p1a: Bacalhau|Aqua Jet|p2a: \u57fa\u57fa\u62c9\u65af\n|-activate|p2a: \u57fa\u57fa\u62c9\u65af|move: Protect\n|cant|p2b: \u72fc\u53cb|flinch\n|\n|-weather|Sandstorm|[upkeep]\n|-damage|p1b: Leite|95/100|[from] Sandstorm\n|-damage|p1a: Bacalhau|94/100|[from] Sandstorm\n|upkeep\n|turn|2\n|\n|t:|1776379313\n|switch|p1b: Frango|Pelipper, L50, F|100/100\n|-weather|RainDance|[from] ability: Drizzle|[of] p1b: Frango\n|switch|p2a: \u6590\u6d4e\u676f|Sinistcha, L50|100/100\n|-heal|p2b: \u72fc\u53cb|100/100|[from] ability: Hospitality|[of] p2a: \u6590\u6d4e\u676f\n|move|p1a: Bacalhau|Aqua Jet|p2b: \u72fc\u53cb\n|-supereffective|p2b: \u72fc\u53cb|1\n|-enditem|p2b: \u72fc\u53cb|Focus Sash\n|-damage|p2b: \u72fc\u53cb|1/100\n|move|p2b: \u72fc\u53cb|Rock Slide|p1b: Frango|[spread] p1a,p1b\n|-supereffective|p1b: Frango|1\n|-damage|p1a: Bacalhau|54/100\n|-damage|p1b: Frango|54/100\n|\n|-weather|RainDance|[upkeep]\n|upkeep\n|turn|3\n|inactive|Little Fritz has 30 seconds left.\n|inactive|blackred123 has 30 seconds left.\n|inactive|Little Fritz has 20 seconds left.\n|inactive|Little Fritz has 15 seconds left.\n|\n|t:|1776379357\n|move|p1a: Bacalhau|Last Respects|p2a: \u6590\u6d4e\u676f\n|-supereffective|p2a: \u6590\u6d4e\u676f|1\n|-damage|p2a: \u6590\u6d4e\u676f|58/100\n|move|p2b: \u72fc\u53cb|Rock Slide|p1b: Frango|[spread] p1a,p1b\n|-supereffective|p1b: Frango|1\n|-damage|p1a: Bacalhau|16/100\n|-damage|p1b: Frango|7/100\n|-enditem|p1b: Frango|Sitrus Berry|[eat]\n|-heal|p1b: Frango|32/100|[from] item: Sitrus Berry\n|cant|p1b: Frango|flinch\n|move|p2a: \u6590\u6d4e\u676f|Matcha Gotcha|p1a: Bacalhau|[spread] p1a,p1b\n|-supereffective|p1a: Bacalhau|1\n|-damage|p1a: Bacalhau|0 fnt\n|-heal|p2a: \u6590\u6d4e\u676f|67/100|[from] drain|[of] p1a: Bacalhau\n|-damage|p1b: Frango|0 fnt\n|-heal|p2a: \u6590\u6d4e\u676f|82/100|[from] drain|[of] p1b: Frango\n|faint|p1a: Bacalhau\n|faint|p1b: Frango\n|\n|-weather|RainDance|[upkeep]\n|upkeep\n|\n|t:|1776379376\n|switch|p1a: Leite|Sneasler, L50, F|95/100\n|switch|p1b: Peito de peru|Archaludon, L50, M|100/100\n|turn|4\n|\n|t:|1776379402\n|move|p2b: \u72fc\u53cb|Protect|p2b: \u72fc\u53cb\n|-singleturn|p2b: \u72fc\u53cb|Protect\n|move|p1a: Leite|Dire Claw|p2a: \u6590\u6d4e\u676f\n|-damage|p2a: \u6590\u6d4e\u676f|47/100\n|-enditem|p2a: \u6590\u6d4e\u676f|Sitrus Berry|[eat]\n|-heal|p2a: \u6590\u6d4e\u676f|72/100|[from] item: Sitrus Berry\n|move|p1b: Peito de peru|Electro Shot||[still]\n|-prepare|p1b: Peito de peru|Electro Shot\n|-boost|p1b: Peito de peru|spa|1\n|-anim|p1b: Peito de peru|Electro Shot|p2a: \u6590\u6d4e\u676f\n|-resisted|p2a: \u6590\u6d4e\u676f|1\n|-damage|p2a: \u6590\u6d4e\u676f|38/100\n|move|p2a: \u6590\u6d4e\u676f|Matcha Gotcha|p1b: Peito de peru|[spread] p1a,p1b\n|-resisted|p1a: Leite|1\n|-resisted|p1b: Peito de peru|2\n|-damage|p1a: Leite|78/100\n|-heal|p2a: \u6590\u6d4e\u676f|45/100|[from] drain|[of] p1a: Leite\n|-damage|p1b: Peito de peru|91/100\n|-heal|p2a: \u6590\u6d4e\u676f|50/100|[from] drain|[of] p1b: Peito de peru\n|-ability|p1b: Peito de peru|Stamina|boost\n|-boost|p1b: Peito de peru|def|1\n|\n|-weather|RainDance|[upkeep]\n|-heal|p1b: Peito de peru|97/100|[from] item: Leftovers\n|upkeep\n|turn|5\n|inactive|Little Fritz has 30 seconds left.\n|inactive|Little Fritz has 20 seconds left.\n|inactive|Little Fritz has 15 seconds left.\n|inactive|Little Fritz has 10 seconds left.\n|inactive|Little Fritz has 5 seconds left.\n|\n|t:|1776379452\n|switch|p2a: \u57fa\u57fa\u62c9\u65af|Tyranitar, L50, M|100/100\n|-weather|Sandstorm|[from] ability: Sand Stream|[of] p2a: \u57fa\u57fa\u62c9\u65af\n|move|p2b: \u72fc\u53cb|Endeavor|p1b: Peito de peru\n|-damage|p1b: Peito de peru|1/100\n|-ability|p1b: Peito de peru|Stamina|boost\n|-boost|p1b: Peito de peru|def|1\n|move|p1a: Leite|Dire Claw|p2a: \u57fa\u57fa\u62c9\u65af\n|-resisted|p2a: \u57fa\u57fa\u62c9\u65af|1\n|-damage|p2a: \u57fa\u57fa\u62c9\u65af|84/100\n|move|p1b: Peito de peru|Electro Shot||[still]\n|-prepare|p1b: Peito de peru|Electro Shot\n|-boost|p1b: Peito de peru|spa|1\n|\n|-weather|Sandstorm|[upkeep]\n|-damage|p1a: Leite|72/100|[from] Sandstorm\n|-heal|p1b: Peito de peru|7/100|[from] item: Leftovers\n|upkeep\n|turn|6\n|\n|t:|1776379475\n|switch|p2a: \u6590\u6d4e\u676f|Sinistcha, L50|50/100\n|-heal|p2b: \u72fc\u53cb|26/100|[from] ability: Hospitality|[of] p2a: \u6590\u6d4e\u676f\n|move|p1a: Leite|Protect|p1a: Leite\n|-singleturn|p1a: Leite|Protect\n|move|p2b: \u72fc\u53cb|Endeavor|p1a: Leite\n|-activate|p1a: Leite|move: Protect\n|move|p1b: Peito de peru|Electro Shot|p2a: \u6590\u6d4e\u676f|[from] lockedmove\n|-resisted|p2a: \u6590\u6d4e\u676f|1\n|-damage|p2a: \u6590\u6d4e\u676f|0 fnt\n|faint|p2a: \u6590\u6d4e\u676f\n|\n|-weather|Sandstorm|[upkeep]\n|-damage|p1a: Leite|67/100|[from] Sandstorm\n|-heal|p1b: Peito de peru|13/100|[from] item: Leftovers\n|upkeep\n|\n|t:|1776379484\n|switch|p2a: \u62c9\u6016\u6016|Sneasler, L50, M|100/100\n|turn|7\n|inactive|Little Fritz has 30 seconds left.\n|\n|t:|1776379513\n|move|p1b: Peito de peru|Protect|p1b: Peito de peru\n|-singleturn|p1b: Peito de peru|Protect\n|move|p2b: \u72fc\u53cb|Endeavor|p1a: Leite\n|-damage|p1a: Leite|25/100\n|move|p2a: \u62c9\u6016\u6016|Close Combat|p1b: Peito de peru\n|-activate|p1b: Peito de peru|move: Protect\n|move|p1a: Leite|Close Combat|p2b: \u72fc\u53cb\n|-supereffective|p2b: \u72fc\u53cb|1\n|-damage|p2b: \u72fc\u53cb|0 fnt\n|-unboost|p1a: Leite|def|1\n|-unboost|p1a: Leite|spd|1\n|faint|p2b: \u72fc\u53cb\n|-enditem|p1a: Leite|White Herb\n|-clearnegativeboost|p1a: Leite|[silent]\n|\n|-weather|Sandstorm|[upkeep]\n|-damage|p1a: Leite|20/100|[from] Sandstorm\n|-damage|p2a: \u62c9\u6016\u6016|95/100|[from] Sandstorm\n|-heal|p1b: Peito de peru|18/100|[from] item: Leftovers\n|upkeep\n|\n|t:|1776379519\n|switch|p2b: \u57fa\u57fa\u62c9\u65af|Tyranitar, L50, M|84/100\n|turn|8\n|inactive|Little Fritz has 30 seconds left.\n|inactive|Little Fritz has 20 seconds left.\n|inactive|Little Fritz has 15 seconds left.\n|inactive|Little Fritz has 10 seconds left.\n|\n|t:|1776379564\n|move|p1a: Leite|Protect|p1a: Leite\n|-singleturn|p1a: Leite|Protect\n|move|p2b: \u57fa\u57fa\u62c9\u65af|Protect|p2b: \u57fa\u57fa\u62c9\u65af\n|-singleturn|p2b: \u57fa\u57fa\u62c9\u65af|Protect\n|move|p2a: \u62c9\u6016\u6016|Close Combat|p1a: Leite\n|-activate|p1a: Leite|move: Protect\n|move|p1b: Peito de peru|Dragon Pulse|p2a: \u62c9\u6016\u6016\n|-damage|p2a: \u62c9\u6016\u6016|0 fnt\n|faint|p2a: \u62c9\u6016\u6016\n|\n|-weather|Sandstorm|[upkeep]\n|-damage|p1a: Leite|14/100|[from] Sandstorm\n|-heal|p1b: Peito de peru|24/100|[from] item: Leftovers\n|upkeep\n|turn|9\n|-message|blackred123 forfeited.\n|\n|win|Little Fritz\n|raw|Little Fritz's rating: 1210 &rarr; <strong>1235</strong><br />(+25 for winning)\n|raw|blackred123's rating: 1216 &rarr; <strong>1191</strong><br />(-25 for losing)\n|l|\u2606blackred123\n|player|p2|\n",
  "uploadtime": 1776379602,
  "views": 18,
  "formatid": "gen9championsvgc2026regma",
  "rating": 1191,
  "private": 0,
  "password": null
}