{
  "id": "gen9championsvgc2026regma-2582572154",
  "format": "[Gen 9 Champions] VGC 2026 Reg M-A",
  "players": [
    "Ewan2037",
    "magicallamp"
  ],
  "log": "|j|\u2606Ewan2037\n|j|\u2606magicallamp\n|t:|1776100143\n|gametype|doubles\n|player|p1|Ewan2037|265|1479\n|player|p2|magicallamp|n|1420\n|gen|9\n|tier|[Gen 9 Champions] VGC 2026 Reg M-A\n|rated|\n|rule|Species Clause: Limit one of each Pok\u00e9mon\n|rule|Item Clause: Limit 1 of each item\n|clearpoke\n|poke|p1|Pelipper, L50, M|\n|poke|p1|Sneasler, L50, F|\n|poke|p1|Archaludon, L50, F|\n|poke|p1|Incineroar, L50, M|\n|poke|p1|Manectric, L50, M|\n|poke|p1|Basculegion, L50, M|\n|poke|p2|Floette-Eternal, L50, F|\n|poke|p2|Kingambit, L50, F|\n|poke|p2|Aerodactyl, L50, M|\n|poke|p2|Incineroar, L50, F|\n|poke|p2|Charizard, L50, F|\n|poke|p2|Sneasler, L50, M|\n|teampreview|4\n|inactive|Battle timer is ON: inactive players will automatically lose when time's up. (requested by Ewan2037)\n|j| underfoot2\n|inactive|magicallamp has 60 seconds left.\n|l| underfoot2\n|j| oherrodersir\n|inactive|magicallamp has 30 seconds left.\n|j| CARtu348rjf90\n|inactive|magicallamp has 20 seconds left.\n|inactive|magicallamp has 15 seconds left.\n|inactive|magicallamp has 10 seconds left.\n|\n|t:|1776100251\n|teamsize|p1|4\n|teamsize|p2|4\n|start\n|switch|p1a: Sneasler|Sneasler, L50, F|100/100\n|switch|p1b: Basculegion|Basculegion, L50, M|100/100\n|switch|p2a: Kingambit|Kingambit, L50, F|100/100\n|switch|p2b: Sneasler|Sneasler, L50, M|100/100\n|turn|1\n|inactive|Ewan2037 has 30 seconds left.\n|inactive|Ewan2037 has 20 seconds left.\n|\n|t:|1776100289\n|switch|p1b: Archaludon|Archaludon, L50, F|100/100\n|move|p1a: Sneasler|Fake Out|p2b: Sneasler\n|-damage|p2b: Sneasler|75/100\n|cant|p2b: Sneasler|flinch\n|move|p2a: Kingambit|Iron Head|p1a: Sneasler\n|-damage|p1a: Sneasler|16/100\n|\n|upkeep\n|turn|2\n|inactive|magicallamp has 30 seconds left.\n|\n|t:|1776100315\n|switch|p1a: Pelipper|Pelipper, L50, M|100/100\n|-weather|RainDance|[from] ability: Drizzle|[of] p1a: Pelipper\n|move|p2b: Sneasler|Close Combat|p1a: Pelipper\n|-resisted|p1a: Pelipper|1\n|-damage|p1a: Pelipper|64/100\n|-unboost|p2b: Sneasler|def|1\n|-unboost|p2b: Sneasler|spd|1\n|-enditem|p2b: Sneasler|White Herb\n|-clearnegativeboost|p2b: Sneasler|[silent]\n|move|p1b: Archaludon|Electro Shot||[still]\n|-prepare|p1b: Archaludon|Electro Shot\n|-boost|p1b: Archaludon|spa|1\n|-anim|p1b: Archaludon|Electro Shot|p2b: Sneasler\n|-damage|p2b: Sneasler|0 fnt\n|faint|p2b: Sneasler\n|move|p2a: Kingambit|Kowtow Cleave|p1b: Archaludon\n|-damage|p1b: Archaludon|56/100\n|-ability|p1b: Archaludon|Stamina|boost\n|-boost|p1b: Archaludon|def|1\n|\n|-weather|RainDance|[upkeep]\n|upkeep\n|inactive|magicallamp has 30 seconds left.\n|j| stewpeed\n|\n|t:|1776100347\n|switch|p2b: Charizard|Charizard, L50, F|100/100\n|turn|3\n|inactive|Ewan2037 has 30 seconds left.\n|\n|t:|1776100376\n|switch|p1a: Basculegion|Basculegion, L50, M|100/100\n|detailschange|p2b: Charizard|Charizard-Mega-Y, L50, F\n|-mega|p2b: Charizard|Charizard|Charizardite Y\n|-weather|SunnyDay|[from] ability: Drought|[of] p2b: Charizard\n|move|p1b: Archaludon|Protect|p1b: Archaludon\n|-singleturn|p1b: Archaludon|Protect\n|move|p2b: Charizard|Weather Ball|p1b: Archaludon\n|-activate|p1b: Archaludon|move: Protect\n|move|p2a: Kingambit|Kowtow Cleave|p1a: Basculegion\n|-supereffective|p1a: Basculegion|1\n|-damage|p1a: Basculegion|0 fnt\n|faint|p1a: Basculegion\n|\n|-weather|SunnyDay|[upkeep]\n|upkeep\n|j| UltimatheoryPK\n|\n|t:|1776100398\n|switch|p1a: Sneasler|Sneasler, L50, F|16/100\n|turn|4\n|\n|t:|1776100417\n|move|p2a: Kingambit|Protect|p2a: Kingambit\n|-singleturn|p2a: Kingambit|Protect\n|move|p1a: Sneasler|Close Combat|p2a: Kingambit\n|-activate|p2a: Kingambit|move: Protect\n|move|p2b: Charizard|Heat Wave|p1b: Archaludon|[spread] p1a\n|-miss|p2b: Charizard|p1b: Archaludon\n|-damage|p1a: Sneasler|0 fnt\n|faint|p1a: Sneasler\n|move|p1b: Archaludon|Draco Meteor|p2b: Charizard\n|-damage|p2b: Charizard|0 fnt\n|-unboost|p1b: Archaludon|spa|2\n|faint|p2b: Charizard\n|\n|-weather|SunnyDay|[upkeep]\n|upkeep\n|\n|t:|1776100431\n|switch|p1a: Pelipper|Pelipper, L50, M|64/100\n|switch|p2b: Floette|Floette-Eternal, L50, F, shiny|100/100\n|-weather|RainDance|[from] ability: Drizzle|[of] p1a: Pelipper\n|turn|5\n|\n|t:|1776100445\n|move|p2b: Floette|Moonblast|p1b: Archaludon\n|-damage|p1b: Archaludon|0 fnt\n|faint|p1b: Archaludon\n|move|p1a: Pelipper|Tailwind|p1a: Pelipper\n|-sidestart|p1: Ewan2037|move: Tailwind\n|move|p2a: Kingambit|Kowtow Cleave|p1a: Pelipper\n|-damage|p1a: Pelipper|4/100\n|\n|-weather|RainDance|[upkeep]\n|upkeep\n|turn|6\n|-message|Ewan2037 forfeited.\n|\n|win|magicallamp\n|raw|Ewan2037's rating: 1479 &rarr; <strong>1456</strong><br />(-23 for losing)\n|raw|magicallamp's rating: 1420 &rarr; <strong>1443</strong><br />(+23 for winning)\n|l|\u2606Ewan2037\n|player|p1|\n|c|\u2606magicallamp|gg\n|l|\u2606magicallamp\n|player|p2|\n|l| UltimatheoryPK\n",
  "uploadtime": 1776100463,
  "views": 73,
  "formatid": "gen9championsvgc2026regma",
  "rating": 1443,
  "private": 0,
  "password": null
}