{
  "id": "gen9championsvgc2026regma-2584804028",
  "format": "[Gen 9 Champions] VGC 2026 Reg M-A",
  "players": [
    "MessiasMoises",
    "cash money gangsta"
  ],
  "log": "|j|\u2606MessiasMoises\n|j|\u2606cash money gangsta\n|t:|1776284872\n|gametype|doubles\n|player|p1|MessiasMoises|170|1024\n|player|p2|cash money gangsta|101|1000\n|gen|9\n|tier|[Gen 9 Champions] VGC 2026 Reg M-A\n|rated|\n|rule|Species Clause: Limit one of each Pok\u00e9mon\n|rule|Item Clause: Limit 1 of each item\n|clearpoke\n|poke|p1|Flareon, L50, F|\n|poke|p1|Ariados, L50, M|\n|poke|p1|Slowking, L50, M|\n|poke|p1|Tsareena, L50, F|\n|poke|p1|Camerupt, L50, F|\n|poke|p1|Incineroar, L50, M|\n|poke|p2|Tyranitar, L50, M|\n|poke|p2|Arcanine, L50, F|\n|poke|p2|Farigiraf, L50, M|\n|poke|p2|Conkeldurr, L50, F|\n|poke|p2|Garchomp, L50, F|\n|poke|p2|Sylveon, L50, M|\n|teampreview|4\n|\n|t:|1776284910\n|teamsize|p1|4\n|teamsize|p2|4\n|start\n|switch|p1a: Tsareena|Tsareena, L50, F|100/100\n|switch|p1b: Beth|Slowking, L50, M|100/100\n|switch|p2a: Garchomp|Garchomp, L50, F|100/100\n|switch|p2b: Arcanine|Arcanine, L50, F|100/100\n|-ability|p2b: Arcanine|Intimidate|boost\n|-unboost|p1a: Tsareena|atk|1\n|-fail|p1b: Beth|unboost|Attack|[from] ability: Oblivious|[of] p1b: Beth\n|turn|1\n|\n|t:|1776284956\n|switch|p2b: Sylveon|Sylveon, L50, M|100/100\n|move|p2a: Garchomp|Dragon Claw|p1b: Beth\n|-crit|p1b: Beth\n|-damage|p1b: Beth|28/100\n|move|p1a: Tsareena|Triple Axel|p2a: Garchomp\n|-supereffective|p2a: Garchomp|2\n|-damage|p2a: Garchomp|79/100\n|-damage|p1a: Tsareena|88/100|[from] ability: Rough Skin|[of] p2a: Garchomp\n|-supereffective|p2a: Garchomp|2\n|-damage|p2a: Garchomp|38/100\n|-damage|p1a: Tsareena|76/100|[from] ability: Rough Skin|[of] p2a: Garchomp\n|-hitcount|p2a: Garchomp|2\n|move|p1b: Beth|Trick Room|p1b: Beth\n|-fieldstart|move: Trick Room|[of] p1b: Beth\n|\n|upkeep\n|turn|2\n|\n|t:|1776284996\n|switch|p2a: Conkeldurr|Conkeldurr, L50, F|100/100\n|move|p1a: Tsareena|Protect|p1a: Tsareena\n|-singleturn|p1a: Tsareena|Protect\n|move|p1b: Beth|Hydro Pump|p2a: Conkeldurr\n|-damage|p2a: Conkeldurr|36/100\n|move|p2b: Sylveon|Hyper Voice|p1a: Tsareena|[spread] p1b\n|-activate|p1a: Tsareena|move: Protect\n|-damage|p1b: Beth|11/100\n|\n|upkeep\n|turn|3\n|\n|t:|1776285017\n|move|p2a: Conkeldurr|Protect|p2a: Conkeldurr\n|-singleturn|p2a: Conkeldurr|Protect\n|move|p1b: Beth|Psychic|p2a: Conkeldurr\n|-activate|p2a: Conkeldurr|move: Protect\n|move|p2b: Sylveon|Hyper Voice|p1b: Beth|[spread] p1a,p1b\n|-damage|p1a: Tsareena|55/100\n|-damage|p1b: Beth|0 fnt\n|faint|p1b: Beth\n|move|p1a: Tsareena|Triple Axel|p2b: Sylveon\n|-damage|p2b: Sylveon|95/100\n|-damage|p2b: Sylveon|84/100\n|-damage|p2b: Sylveon|66/100\n|-start|p1a: Tsareena|Attract|[from] ability: Cute Charm|[of] p2b: Sylveon\n|-hitcount|p2b: Sylveon|3\n|\n|-heal|p2b: Sylveon|72/100|[from] item: Leftovers\n|upkeep\n|\n|t:|1776285035\n|switch|p1b: Orb|Ariados, L50, M, shiny|100/100\n|turn|4\n|\n|t:|1776285052\n|switch|p2b: Arcanine|Arcanine, L50, F|100/100\n|-end|p1a: Tsareena|Attract|[silent]\n|-ability|p2b: Arcanine|Intimidate|boost\n|-unboost|p1a: Tsareena|atk|1\n|-unboost|p1b: Orb|atk|1\n|switch|p1a: Flareon|Flareon, L50, F, shiny|100/100\n|move|p1b: Orb|Toxic Thread|p1a: Flareon\n|-unboost|p1a: Flareon|spe|2\n|-status|p1a: Flareon|psn\n|move|p2a: Conkeldurr|Poison Jab|p1a: Flareon\n|-damage|p1a: Flareon|63/100 psn\n|\n|-heal|p1a: Flareon|69/100 psn|[from] item: Leftovers\n|-damage|p1a: Flareon|56/100 psn|[from] psn\n|upkeep\n|turn|5\n|\n|t:|1776285078\n|move|p2a: Conkeldurr|Protect|p2a: Conkeldurr\n|-singleturn|p2a: Conkeldurr|Protect\n|move|p1b: Orb|Rage Powder|p1b: Orb\n|-singleturn|p1b: Orb|move: Rage Powder\n|move|p1a: Flareon|Facade|p2b: Arcanine\n|-damage|p2b: Arcanine|14/100\n|move|p2b: Arcanine|Flare Blitz|p1b: Orb\n|-supereffective|p1b: Orb|1\n|-enditem|p1b: Orb|Focus Sash\n|-damage|p1b: Orb|1/100\n|-damage|p2b: Arcanine|0 fnt|[from] Recoil\n|faint|p2b: Arcanine\n|\n|-heal|p1a: Flareon|62/100 psn|[from] item: Leftovers\n|-damage|p1a: Flareon|50/100 psn|[from] psn\n|-fieldend|move: Trick Room\n|upkeep\n|\n|t:|1776285088\n|switch|p2b: Garchomp|Garchomp, L50, F|38/100\n|turn|6\n|\n|t:|1776285106\n|move|p1b: Orb|Rage Powder|p1b: Orb\n|-singleturn|p1b: Orb|move: Rage Powder\n|move|p2a: Conkeldurr|Mach Punch|p1b: Orb\n|-resisted|p1b: Orb|2\n|-damage|p1b: Orb|0 fnt\n|faint|p1b: Orb\n|move|p2b: Garchomp|Earthquake|p1a: Flareon|[spread] p2a,p1a\n|-supereffective|p1a: Flareon|1\n|-damage|p2a: Conkeldurr|2/100\n|-damage|p1a: Flareon|0 fnt\n|faint|p1a: Flareon\n|\n|upkeep\n|\n|t:|1776285120\n|switch|p1b: Tsareena|Tsareena, L50, F|55/100\n|turn|7\n|\n|t:|1776285130\n|move|p1b: Tsareena|Protect|p1b: Tsareena\n|-singleturn|p1b: Tsareena|Protect\n|move|p2b: Garchomp|Earthquake|p1b: Tsareena|[spread] p2a\n|-activate|p1b: Tsareena|move: Protect\n|-crit|p2a: Conkeldurr\n|-damage|p2a: Conkeldurr|0 fnt\n|faint|p2a: Conkeldurr\n|\n|upkeep\n|\n|t:|1776285133\n|switch|p2a: Sylveon|Sylveon, L50, M|72/100\n|turn|8\n|\n|t:|1776285140\n|move|p2a: Sylveon|Helping Hand|p2b: Garchomp\n|-singleturn|p2b: Garchomp|Helping Hand|[of] p2a: Sylveon\n|move|p2b: Garchomp|Earthquake|p1b: Tsareena|[spread] p2a,p1b\n|-resisted|p1b: Tsareena|1\n|-damage|p2a: Sylveon|4/100\n|-damage|p1b: Tsareena|27/100\n|move|p1b: Tsareena|Triple Axel|p2b: Garchomp\n|-supereffective|p2b: Garchomp|2\n|-damage|p2b: Garchomp|10/100\n|-damage|p1b: Tsareena|14/100|[from] ability: Rough Skin|[of] p2b: Garchomp\n|-supereffective|p2b: Garchomp|2\n|-damage|p2b: Garchomp|0 fnt\n|-damage|p1b: Tsareena|2/100|[from] ability: Rough Skin|[of] p2b: Garchomp\n|faint|p2b: Garchomp\n|-hitcount|p2: Garchomp|2\n|\n|-heal|p2a: Sylveon|10/100|[from] item: Leftovers\n|upkeep\n|turn|9\n|inactive|Battle timer is ON: inactive players will automatically lose when time's up. (requested by cash money gangsta)\n|\n|t:|1776285156\n|move|p1b: Tsareena|Protect|p1b: Tsareena\n|-singleturn|p1b: Tsareena|Protect\n|move|p2a: Sylveon|Hyper Voice|p1b: Tsareena\n|-activate|p1b: Tsareena|move: Protect\n|\n|-heal|p2a: Sylveon|16/100|[from] item: Leftovers\n|upkeep\n|turn|10\n|\n|t:|1776285164\n|move|p1b: Tsareena|Trop Kick|p2a: Sylveon\n|-damage|p2a: Sylveon|0 fnt\n|-start|p1b: Tsareena|Attract|[from] ability: Cute Charm|[of] p2a: Sylveon\n|faint|p2a: Sylveon\n|-end|p1b: Tsareena|Attract|[silent]\n|\n|win|MessiasMoises\n|raw|MessiasMoises's rating: 1024 &rarr; <strong>1058</strong><br />(+34 for winning)\n|raw|cash money gangsta's rating: 1000 &rarr; <strong>1000</strong><br />(+0 for losing)\n|l|\u2606cash money gangsta\n|player|p2|\n",
  "uploadtime": 1776285173,
  "views": 31,
  "formatid": "gen9championsvgc2026regma",
  "rating": 1000,
  "private": 0,
  "password": null
}