{
  "id": "gen9championsvgc2026regma-2587274785",
  "format": "[Gen 9 Champions] VGC 2026 Reg M-A",
  "players": [
    "hide on whimscott",
    "Synthiox"
  ],
  "log": "|j|\u2606hide on whimscott\n|j|\u2606Synthiox\n|t:|1776517214\n|gametype|doubles\n|player|p1|hide on whimscott|artist-gen4|1357\n|player|p2|Synthiox|ethan|1402\n|gen|9\n|tier|[Gen 9 Champions] VGC 2026 Reg M-A\n|rated|\n|rule|Species Clause: Limit one of each Pok\u00e9mon\n|rule|Item Clause: Limit 1 of each item\n|clearpoke\n|poke|p1|Venusaur, L50, M|\n|poke|p1|Sneasler, L50, F|\n|poke|p1|Kingambit, L50, M|\n|poke|p1|Incineroar, L50, F|\n|poke|p1|Basculegion, L50, M|\n|poke|p1|Dragonite, L50, F|\n|poke|p2|Ampharos, L50, F, shiny|\n|poke|p2|Sinistcha-Masterpiece, L50|\n|poke|p2|Slowking-Galar, L50, F|\n|poke|p2|Conkeldurr, L50, F|\n|poke|p2|Primarina, L50, F|\n|poke|p2|Pelipper, L50, F|\n|teampreview|4\n|inactive|Battle timer is ON: inactive players will automatically lose when time's up. (requested by hide on whimscott)\n|\n|t:|1776517257\n|teamsize|p1|4\n|teamsize|p2|4\n|start\n|switch|p1a: Basculegion|Basculegion, L50, M|100/100\n|switch|p1b: Dragonite|Dragonite, L50, F|100/100\n|switch|p2a: Conkeldurr|Conkeldurr, L50, F|100/100\n|switch|p2b: Primarina|Primarina, L50, F|100/100\n|turn|1\n|inactive|hide on whimscott has 30 seconds left.\n|inactive|Synthiox has 30 seconds left.\n|inactive|hide on whimscott has 20 seconds left.\n|\n|t:|1776517296\n|detailschange|p1b: Dragonite|Dragonite-Mega, L50, F\n|-mega|p1b: Dragonite|Dragonite|Dragoninite\n|move|p1a: Basculegion|Flip Turn|p2a: Conkeldurr\n|-damage|p2a: Conkeldurr|68/100\n|\n|t:|1776517300\n|switch|p1a: Kingambit|Kingambit, L50, M|100/100|[from] Flip Turn\n|move|p1b: Dragonite|Dragon Pulse|p2a: Conkeldurr\n|-damage|p2a: Conkeldurr|17/100\n|move|p2b: Primarina|Hyper Voice|p1b: Dragonite|[spread] p1a,p1b\n|-resisted|p1b: Dragonite|1\n|-damage|p1a: Kingambit|67/100\n|-damage|p1b: Dragonite|94/100\n|move|p2a: Conkeldurr|Ice Punch|p1b: Dragonite\n|-supereffective|p1b: Dragonite|2\n|-damage|p1b: Dragonite|0 fnt\n|faint|p1b: Dragonite\n|\n|upkeep\n|\n|t:|1776517312\n|switch|p1b: Basculegion|Basculegion, L50, M|100/100\n|turn|2\n|\n|t:|1776517329\n|move|p2b: Primarina|Protect|p2b: Primarina\n|-singleturn|p2b: Primarina|Protect\n|move|p2a: Conkeldurr|Protect|p2a: Conkeldurr\n|-singleturn|p2a: Conkeldurr|Protect\n|move|p1b: Basculegion|Last Respects|p2b: Primarina\n|-activate|p2b: Primarina|move: Protect\n|move|p1a: Kingambit|Kowtow Cleave|p2a: Conkeldurr\n|-activate|p2a: Conkeldurr|move: Protect\n|\n|upkeep\n|turn|3\n|\n|t:|1776517350\n|move|p1b: Basculegion|Last Respects|p2b: Primarina\n|-damage|p2b: Primarina|29/100\n|move|p1a: Kingambit|Kowtow Cleave|p2a: Conkeldurr\n|-resisted|p2a: Conkeldurr|1\n|-damage|p2a: Conkeldurr|0 fnt\n|faint|p2a: Conkeldurr\n|move|p2b: Primarina|Moonblast|p1a: Kingambit\n|-damage|p1a: Kingambit|13/100\n|\n|-heal|p2b: Primarina|35/100|[from] item: Leftovers\n|upkeep\n|\n|t:|1776517361\n|switch|p2a: Ampharos|Ampharos, L50, F, shiny|100/100\n|turn|4\n|\n|t:|1776517378\n|switch|p2b: Slowking|Slowking-Galar, L50, F|100/100\n|detailschange|p2a: Ampharos|Ampharos-Mega, L50, F, shiny\n|-mega|p2a: Ampharos|Ampharos|Ampharosite\n|-ability|p2a: Ampharos|Mold Breaker\n|move|p1a: Kingambit|Sucker Punch|p2a: Ampharos\n|-damage|p2a: Ampharos|65/100\n|move|p1b: Basculegion|Last Respects|p2a: Ampharos\n|-damage|p2a: Ampharos|8/100\n|move|p2a: Ampharos|Thunderbolt|p1a: Kingambit\n|-damage|p1a: Kingambit|0 fnt\n|faint|p1a: Kingambit\n|\n|upkeep\n|\n|t:|1776517388\n|switch|p1a: Incineroar|Incineroar, L50, F|100/100\n|-ability|p1a: Incineroar|Intimidate|boost\n|-unboost|p2a: Ampharos|atk|1\n|-unboost|p2b: Slowking|atk|1\n|turn|5\n|inactive|Synthiox has 30 seconds left.\n|inactive|Synthiox has 20 seconds left.\n|\n|t:|1776517426\n|switch|p2a: Primarina|Primarina, L50, F|35/100\n|move|p2b: Slowking|Protect|p2b: Slowking\n|-singleturn|p2b: Slowking|Protect\n|move|p1a: Incineroar|Fake Out|p2b: Slowking\n|-activate|p2b: Slowking|move: Protect\n|move|p1b: Basculegion|Last Respects|p2a: Primarina\n|-damage|p2a: Primarina|0 fnt\n|faint|p2a: Primarina\n|\n|upkeep\n|\n|t:|1776517436\n|switch|p2a: Ampharos|Ampharos-Mega, L50, F, shiny|8/100\n|-ability|p2a: Ampharos|Mold Breaker\n|turn|6\n|\n|t:|1776517444\n|move|p2a: Ampharos|Protect|p2a: Ampharos\n|-singleturn|p2a: Ampharos|Protect\n|move|p1b: Basculegion|Last Respects|p2a: Ampharos\n|-activate|p2a: Ampharos|move: Protect\n|move|p1a: Incineroar|Parting Shot|p2b: Slowking\n|-unboost|p2b: Slowking|atk|1\n|-unboost|p2b: Slowking|spa|1\n|move|p2b: Slowking|Trick Room|p2b: Slowking\n|-fieldstart|move: Trick Room|[of] p2b: Slowking\n|\n|upkeep\n|turn|7\n|\n|t:|1776517465\n|move|p2b: Slowking|Sludge Bomb|p1a: Incineroar\n|-damage|p1a: Incineroar|83/100\n|move|p2a: Ampharos|Thunderbolt|p1b: Basculegion\n|-supereffective|p1b: Basculegion|1\n|-damage|p1b: Basculegion|0 fnt\n|faint|p1b: Basculegion\n|move|p1a: Incineroar|Flare Blitz|p2a: Ampharos\n|-resisted|p2a: Ampharos|1\n|-damage|p2a: Ampharos|0 fnt\n|faint|p2a: Ampharos\n|-damage|p1a: Incineroar|80/100|[from] Recoil\n|\n|upkeep\n|turn|8\n|\n|t:|1776517476\n|move|p2b: Slowking|Sludge Bomb|p1a: Incineroar\n|-damage|p1a: Incineroar|62/100\n|-status|p1a: Incineroar|psn\n|move|p1a: Incineroar|Flare Blitz|p2b: Slowking\n|-damage|p2b: Slowking|51/100\n|-damage|p1a: Incineroar|46/100 psn|[from] Recoil\n|-enditem|p1a: Incineroar|Sitrus Berry|[eat]\n|-heal|p1a: Incineroar|70/100 psn|[from] item: Sitrus Berry\n|\n|-damage|p1a: Incineroar|58/100 psn|[from] psn\n|upkeep\n|turn|9\n|\n|t:|1776517490\n|move|p2b: Slowking|Sludge Bomb|p1a: Incineroar\n|-damage|p1a: Incineroar|42/100 psn\n|move|p1a: Incineroar|Flare Blitz|p2b: Slowking\n|-damage|p2b: Slowking|5/100\n|-damage|p1a: Incineroar|26/100 psn|[from] Recoil\n|\n|-damage|p1a: Incineroar|14/100 psn|[from] psn\n|upkeep\n|turn|10\n|\n|t:|1776517507\n|move|p1a: Incineroar|Protect|p1a: Incineroar\n|-singleturn|p1a: Incineroar|Protect\n|move|p2b: Slowking|Sludge Bomb|p1a: Incineroar\n|-activate|p1a: Incineroar|move: Protect\n|\n|-damage|p1a: Incineroar|1/100 psn|[from] psn\n|-fieldend|move: Trick Room\n|upkeep\n|turn|11\n|\n|t:|1776517510\n|move|p2b: Slowking|Protect|p2b: Slowking\n|-singleturn|p2b: Slowking|Protect\n|move|p1a: Incineroar|Flare Blitz|p2b: Slowking\n|-activate|p2b: Slowking|move: Protect\n|\n|-damage|p1a: Incineroar|0 fnt|[from] psn\n|faint|p1a: Incineroar\n|\n|win|Synthiox\n|raw|hide on whimscott's rating: 1357 &rarr; <strong>1340</strong><br />(-17 for losing)\n|raw|Synthiox's rating: 1402 &rarr; <strong>1419</strong><br />(+17 for winning)\n",
  "uploadtime": 1776517510,
  "views": 25,
  "formatid": "gen9championsvgc2026regma",
  "rating": 1340,
  "private": 0,
  "password": null
}