{
  "id": "gen9championsvgc2026regma-2584880959",
  "format": "[Gen 9 Champions] VGC 2026 Reg M-A",
  "players": [
    "weladdertogether",
    "Mahmood23"
  ],
  "log": "|j|\u2606weladdertogether\n|j|\u2606Mahmood23\n|t:|1776291120\n|gametype|doubles\n|player|p1|weladdertogether|1|1056\n|player|p2|Mahmood23|linebacker|1118\n|gen|9\n|tier|[Gen 9 Champions] VGC 2026 Reg M-A\n|rated|\n|rule|Species Clause: Limit one of each Pok\u00e9mon\n|rule|Item Clause: Limit 1 of each item\n|clearpoke\n|poke|p1|Aegislash, L50, M|\n|poke|p1|Lopunny, L50, F|\n|poke|p1|Pelipper, L50, F|\n|poke|p1|Primarina, L50, M|\n|poke|p1|Chimecho, L50, F|\n|poke|p1|Incineroar, L50, F|\n|poke|p2|Sneasler, L50, F|\n|poke|p2|Dragonite, L50, M|\n|poke|p2|Politoed, L50, F|\n|poke|p2|Sinistcha, L50|\n|poke|p2|Gyarados, L50, F|\n|poke|p2|Garchomp, L50, F|\n|teampreview|4\n|inactive|Battle timer is ON: inactive players will automatically lose when time's up. (requested by Mahmood23)\n|\n|t:|1776291166\n|teamsize|p1|4\n|teamsize|p2|4\n|start\n|switch|p1a: Chimecho|Chimecho, L50, F|100/100\n|switch|p1b: Pelipper|Pelipper, L50, F|100/100\n|switch|p2a: Garchomp|Garchomp, L50, F|100/100\n|switch|p2b: Sneasler|Sneasler, L50, F|100/100\n|-weather|RainDance|[from] ability: Drizzle|[of] p1b: Pelipper\n|turn|1\n|\n|t:|1776291181\n|detailschange|p1a: Chimecho|Chimecho-Mega, L50, F\n|-mega|p1a: Chimecho|Chimecho|Chimechite\n|move|p1b: Pelipper|Protect|p1b: Pelipper\n|-singleturn|p1b: Pelipper|Protect\n|move|p2b: Sneasler|Fake Out|p1b: Pelipper\n|-activate|p1b: Pelipper|move: Protect\n|move|p2a: Garchomp|Rock Slide|p1a: Chimecho|[spread] p1a\n|-activate|p1b: Pelipper|move: Protect\n|-resisted|p1a: Chimecho|1\n|-damage|p1a: Chimecho|93/100\n|move|p1a: Chimecho|Cosmic Power|p1a: Chimecho\n|-boost|p1a: Chimecho|def|1\n|-boost|p1a: Chimecho|spd|1\n|\n|-weather|RainDance|[upkeep]\n|upkeep\n|turn|2\n|\n|t:|1776291207\n|move|p2a: Garchomp|Rock Slide|p1b: Pelipper|[spread] p1a,p1b\n|-resisted|p1a: Chimecho|1\n|-supereffective|p1b: Pelipper|1\n|-damage|p1a: Chimecho|89/100\n|-damage|p1b: Pelipper|61/100\n|move|p2b: Sneasler|Rock Tomb|p1b: Pelipper\n|-supereffective|p1b: Pelipper|1\n|-damage|p1b: Pelipper|18/100\n|-unboost|p1b: Pelipper|spe|1\n|move|p1a: Chimecho|Cosmic Power|p1a: Chimecho\n|-boost|p1a: Chimecho|def|1\n|-boost|p1a: Chimecho|spd|1\n|cant|p1b: Pelipper|flinch\n|\n|-weather|RainDance|[upkeep]\n|upkeep\n|turn|3\n|\n|t:|1776291227\n|switch|p1b: Incineroar|Incineroar, L50, F|100/100\n|-ability|p1b: Incineroar|Intimidate|boost\n|-unboost|p2a: Garchomp|atk|1\n|-unboost|p2b: Sneasler|atk|1\n|move|p2a: Garchomp|Rock Slide|p1a: Chimecho|[spread] p1a\n|-miss|p2a: Garchomp|p1b: Incineroar\n|-resisted|p1a: Chimecho|1\n|-crit|p1a: Chimecho\n|-damage|p1a: Chimecho|79/100\n|move|p2b: Sneasler|Close Combat|p1a: Chimecho\n|-damage|p1a: Chimecho|64/100\n|-unboost|p2b: Sneasler|def|1\n|-unboost|p2b: Sneasler|spd|1\n|cant|p1a: Chimecho|flinch\n|\n|-weather|RainDance|[upkeep]\n|upkeep\n|turn|4\n|\n|t:|1776291242\n|move|p1b: Incineroar|Fake Out|p2b: Sneasler\n|-damage|p2b: Sneasler|68/100\n|move|p2a: Garchomp|Rock Slide|p1b: Incineroar|[spread] p1a,p1b\n|-resisted|p1a: Chimecho|1\n|-supereffective|p1b: Incineroar|1\n|-damage|p1a: Chimecho|62/100\n|-damage|p1b: Incineroar|80/100\n|cant|p2b: Sneasler|flinch\n|move|p1a: Chimecho|Recover|p1a: Chimecho\n|-heal|p1a: Chimecho|100/100\n|\n|-weather|RainDance|[upkeep]\n|upkeep\n|turn|5\n|inactive|weladdertogether has 30 seconds left.\n|\n|t:|1776291269\n|move|p2a: Garchomp|Rock Slide|p1a: Chimecho|[spread] p1a\n|-miss|p2a: Garchomp|p1b: Incineroar\n|-resisted|p1a: Chimecho|1\n|-crit|p1a: Chimecho\n|-damage|p1a: Chimecho|89/100\n|move|p2b: Sneasler|Close Combat|p1a: Chimecho\n|-damage|p1a: Chimecho|74/100\n|-unboost|p2b: Sneasler|def|1\n|-unboost|p2b: Sneasler|spd|1\n|cant|p1a: Chimecho|flinch\n|move|p1b: Incineroar|Parting Shot|p2a: Garchomp\n|-unboost|p2a: Garchomp|atk|1\n|-unboost|p2a: Garchomp|spa|1\n|\n|t:|1776291271\n|switch|p1b: Primarina|Primarina, L50, M|100/100|[from] Parting Shot\n|\n|-weather|none\n|upkeep\n|turn|6\n|\n|t:|1776291296\n|switch|p2a: Sinistcha|Sinistcha, L50|100/100\n|-heal|p2b: Sneasler|92/100|[from] ability: Hospitality|[of] p2a: Sinistcha\n|switch|p1b: Incineroar|Incineroar, L50, F|80/100\n|-ability|p1b: Incineroar|Intimidate|boost\n|-unboost|p2a: Sinistcha|atk|1\n|-unboost|p2b: Sneasler|atk|1\n|move|p2b: Sneasler|Dire Claw|p1b: Incineroar\n|-damage|p1b: Incineroar|62/100\n|-status|p1b: Incineroar|par\n|move|p1a: Chimecho|Stored Power|p2b: Sneasler\n|-supereffective|p2b: Sneasler|2\n|-damage|p2b: Sneasler|0 fnt\n|faint|p2b: Sneasler\n|\n|upkeep\n|\n|t:|1776291315\n|switch|p2b: Dragonite|Dragonite, L50, M|100/100\n|turn|7\n|\n|t:|1776291334\n|detailschange|p2b: Dragonite|Dragonite-Mega, L50, M\n|-mega|p2b: Dragonite|Dragonite|Dragoninite\n|move|p2b: Dragonite|Hurricane|p1a: Chimecho\n|-resisted|p1a: Chimecho|1\n|-damage|p1a: Chimecho|62/100\n|-start|p1a: Chimecho|confusion\n|move|p2a: Sinistcha|Matcha Gotcha|p1b: Incineroar|[spread] p1b\n|-miss|p2a: Sinistcha|p1a: Chimecho\n|-resisted|p1b: Incineroar|1\n|-damage|p1b: Incineroar|52/100 par\n|-activate|p1a: Chimecho|confusion\n|move|p1a: Chimecho|Baton Pass|p1a: Chimecho\n|\n|t:|1776291342\n|switch|p1a: Primarina|Primarina, L50, M|100/100|[from] Baton Pass\n|move|p1b: Incineroar|Flare Blitz|p2a: Sinistcha\n|-supereffective|p2a: Sinistcha|1\n|-damage|p2a: Sinistcha|30/100\n|-enditem|p2a: Sinistcha|Sitrus Berry|[eat]\n|-heal|p2a: Sinistcha|54/100|[from] item: Sitrus Berry\n|-damage|p1b: Incineroar|32/100 par|[from] Recoil\n|-enditem|p1b: Incineroar|Sitrus Berry|[eat]\n|-heal|p1b: Incineroar|56/100 par|[from] item: Sitrus Berry\n|\n|upkeep\n|turn|8\n|\n|t:|1776291360\n|move|p2b: Dragonite|Protect|p2b: Dragonite\n|-singleturn|p2b: Dragonite|Protect\n|-activate|p1a: Primarina|confusion\n|-damage|p1a: Primarina|95/100|[from] confusion\n|move|p2a: Sinistcha|Matcha Gotcha|p1a: Primarina|[spread] p1a,p1b\n|-supereffective|p1a: Primarina|1\n|-resisted|p1b: Incineroar|1\n|-damage|p1a: Primarina|72/100\n|-heal|p2a: Sinistcha|65/100|[from] drain|[of] p1a: Primarina\n|-damage|p1b: Incineroar|46/100 par\n|-heal|p2a: Sinistcha|71/100|[from] drain|[of] p1b: Incineroar\n|-status|p1a: Primarina|brn\n|move|p1b: Incineroar|Flare Blitz|p2a: Sinistcha\n|-supereffective|p2a: Sinistcha|1\n|-damage|p2a: Sinistcha|0 fnt\n|faint|p2a: Sinistcha\n|-damage|p1b: Incineroar|25/100 par|[from] Recoil\n|\n|-damage|p1a: Primarina|67/100 brn|[from] brn\n|upkeep\n|\n|t:|1776291377\n|switch|p2a: Garchomp|Garchomp, L50, F|100/100\n|turn|9\n|\n|t:|1776291388\n|switch|p1b: Pelipper|Pelipper, L50, F|18/100\n|-weather|RainDance|[from] ability: Drizzle|[of] p1b: Pelipper\n|move|p2a: Garchomp|Rock Slide|p1a: Primarina|[spread] p1a,p1b\n|-supereffective|p1b: Pelipper|1\n|-damage|p1a: Primarina|51/100 brn\n|-damage|p1b: Pelipper|0 fnt\n|faint|p1b: Pelipper\n|move|p2b: Dragonite|Hurricane|p1a: Primarina\n|-damage|p1a: Primarina|21/100 brn\n|-activate|p1a: Primarina|confusion\n|move|p1a: Primarina|Draining Kiss|p2a: Garchomp\n|-supereffective|p2a: Garchomp|1\n|-damage|p2a: Garchomp|34/100\n|-heal|p1a: Primarina|79/100 brn|[from] drain|[of] p2a: Garchomp\n|-damage|p1a: Primarina|67/100 brn|[from] ability: Rough Skin|[of] p2a: Garchomp\n|\n|-weather|RainDance|[upkeep]\n|-damage|p1a: Primarina|62/100 brn|[from] brn\n|upkeep\n|\n|t:|1776291397\n|switch|p1b: Incineroar|Incineroar, L50, F|25/100 par\n|-ability|p1b: Incineroar|Intimidate|boost\n|-unboost|p2a: Garchomp|atk|1\n|-unboost|p2b: Dragonite|atk|1\n|turn|10\n|\n|t:|1776291407\n|move|p1b: Incineroar|Fake Out|p2b: Dragonite\n|-damage|p2b: Dragonite|96/100\n|move|p2a: Garchomp|Rock Slide|p1b: Incineroar|[spread] p1a,p1b\n|-supereffective|p1b: Incineroar|1\n|-crit|p1b: Incineroar\n|-damage|p1a: Primarina|51/100 brn\n|-damage|p1b: Incineroar|0 fnt\n|faint|p1b: Incineroar\n|cant|p2b: Dragonite|flinch\n|-activate|p1a: Primarina|confusion\n|-damage|p1a: Primarina|46/100 brn|[from] confusion\n|\n|-weather|RainDance|[upkeep]\n|-damage|p1a: Primarina|41/100 brn|[from] brn\n|upkeep\n|\n|t:|1776291411\n|switch|p1b: Chimecho|Chimecho-Mega, L50, F|62/100\n|turn|11\n|\n|t:|1776291428\n|move|p2a: Garchomp|Rock Slide|p1b: Chimecho|[spread] p1a,p1b\n|-resisted|p1b: Chimecho|1\n|-damage|p1a: Primarina|32/100 brn\n|-damage|p1b: Chimecho|58/100\n|move|p2b: Dragonite|Hurricane|p1a: Primarina\n|-damage|p1a: Primarina|3/100 brn\n|cant|p1a: Primarina|flinch\n|move|p1b: Chimecho|Recover|p1b: Chimecho\n|-heal|p1b: Chimecho|100/100\n|\n|-weather|RainDance|[upkeep]\n|-damage|p1a: Primarina|0 fnt|[from] brn\n|faint|p1a: Primarina\n|upkeep\n|turn|12\n|inactive|weladdertogether has 30 seconds left.\n|\n|t:|1776291455\n|move|p2a: Garchomp|Rock Slide|p1b: Chimecho\n|-resisted|p1b: Chimecho|1\n|-damage|p1b: Chimecho|94/100\n|move|p2b: Dragonite|Hurricane|p1b: Chimecho\n|-resisted|p1b: Chimecho|1\n|-damage|p1b: Chimecho|73/100\n|move|p1b: Chimecho|Cosmic Power|p1b: Chimecho\n|-boost|p1b: Chimecho|def|1\n|-boost|p1b: Chimecho|spd|1\n|\n|-weather|RainDance|[upkeep]\n|upkeep\n|turn|13\n|\n|t:|1776291465\n|move|p2a: Garchomp|Rock Slide|p1b: Chimecho\n|-resisted|p1b: Chimecho|1\n|-damage|p1b: Chimecho|69/100\n|move|p2b: Dragonite|Hurricane|p1b: Chimecho\n|-resisted|p1b: Chimecho|1\n|-damage|p1b: Chimecho|54/100\n|cant|p1b: Chimecho|flinch\n|\n|-weather|none\n|upkeep\n|turn|14\n|\n|t:|1776291476\n|move|p2a: Garchomp|Rock Slide|p1b: Chimecho\n|-resisted|p1b: Chimecho|1\n|-damage|p1b: Chimecho|49/100\n|move|p2b: Dragonite|Hurricane|p1b: Chimecho\n|-resisted|p1b: Chimecho|1\n|-damage|p1b: Chimecho|35/100\n|move|p1b: Chimecho|Recover|p1b: Chimecho\n|-heal|p1b: Chimecho|85/100\n|\n|upkeep\n|turn|15\n|\n|t:|1776291484\n|move|p2a: Garchomp|Rock Slide|p1b: Chimecho\n|-resisted|p1b: Chimecho|1\n|-damage|p1b: Chimecho|81/100\n|move|p2b: Dragonite|Roost|p2b: Dragonite\n|-heal|p2b: Dragonite|100/100\n|-singleturn|p2b: Dragonite|move: Roost\n|move|p1b: Chimecho|Cosmic Power|p1b: Chimecho\n|-boost|p1b: Chimecho|def|1\n|-boost|p1b: Chimecho|spd|1\n|\n|upkeep\n|turn|16\n|\n|t:|1776291488\n|-activate|p2a: Garchomp|move: Struggle\n|move|p2a: Garchomp|Struggle|p1b: Chimecho\n|-damage|p1b: Chimecho|77/100\n|-damage|p2a: Garchomp|9/100|[from] recoil\n|move|p2b: Dragonite|Hurricane|p1b: Chimecho\n|-resisted|p1b: Chimecho|1\n|-damage|p1b: Chimecho|66/100\n|-start|p1b: Chimecho|confusion\n|-activate|p1b: Chimecho|confusion\n|move|p1b: Chimecho|Stored Power|p2a: Garchomp\n|-damage|p2a: Garchomp|0 fnt\n|faint|p2a: Garchomp\n|\n|upkeep\n|turn|17\n|\n|t:|1776291502\n|move|p2b: Dragonite|Hurricane|p1b: Chimecho\n|-resisted|p1b: Chimecho|1\n|-damage|p1b: Chimecho|55/100\n|-end|p1b: Chimecho|confusion\n|move|p1b: Chimecho|Recover|p1b: Chimecho\n|-heal|p1b: Chimecho|100/100\n|\n|upkeep\n|turn|18\n|\n|t:|1776291508\n|move|p2b: Dragonite|Hurricane|p1b: Chimecho\n|-resisted|p1b: Chimecho|1\n|-damage|p1b: Chimecho|90/100\n|move|p1b: Chimecho|Cosmic Power|p1b: Chimecho\n|-boost|p1b: Chimecho|def|1\n|-boost|p1b: Chimecho|spd|1\n|\n|upkeep\n|turn|19\n|\n|t:|1776291513\n|move|p2b: Dragonite|Hurricane|p1b: Chimecho|[miss]\n|-miss|p2b: Dragonite|p1b: Chimecho\n|move|p1b: Chimecho|Cosmic Power|p1b: Chimecho\n|-boost|p1b: Chimecho|def|1\n|-boost|p1b: Chimecho|spd|1\n|\n|upkeep\n|turn|20\n|\n|t:|1776291517\n|move|p2b: Dragonite|Hurricane|p1b: Chimecho|[miss]\n|-miss|p2b: Dragonite|p1b: Chimecho\n|move|p1b: Chimecho|Stored Power|p2b: Dragonite\n|-damage|p2b: Dragonite|72/100\n|\n|upkeep\n|turn|21\n|\n|t:|1776291521\n|move|p2b: Dragonite|Hurricane|p1b: Chimecho\n|-resisted|p1b: Chimecho|1\n|-damage|p1b: Chimecho|82/100\n|-start|p1b: Chimecho|confusion\n|-activate|p1b: Chimecho|confusion\n|move|p1b: Chimecho|Stored Power|p2b: Dragonite\n|-damage|p2b: Dragonite|16/100\n|\n|upkeep\n|turn|22\n|\n|t:|1776291526\n|move|p2b: Dragonite|Dragon Pulse|p1b: Chimecho\n|-resisted|p1b: Chimecho|1\n|-damage|p1b: Chimecho|76/100\n|-end|p1b: Chimecho|confusion\n|move|p1b: Chimecho|Stored Power|p2b: Dragonite\n|-damage|p2b: Dragonite|0 fnt\n|faint|p2b: Dragonite\n|\n|win|weladdertogether\n|raw|weladdertogether's rating: 1056 &rarr; <strong>1093</strong><br />(+37 for winning)\n|raw|Mahmood23's rating: 1118 &rarr; <strong>1089</strong><br />(-29 for losing)\n",
  "uploadtime": 1776291530,
  "views": 34,
  "formatid": "gen9championsvgc2026regma",
  "rating": 1089,
  "private": 0,
  "password": null
}