{
  "id": "gen9championsvgc2026regma-2584838008",
  "format": "[Gen 9 Champions] VGC 2026 Reg M-A",
  "players": [
    "kindlarkin",
    "Karmyng"
  ],
  "log": "|j|\u2606kindlarkin\n|j|\u2606Karmyng\n|t:|1776287563\n|gametype|doubles\n|player|p1|kindlarkin|102|1120\n|player|p2|Karmyng|fisherman-gen4|1112\n|gen|9\n|tier|[Gen 9 Champions] VGC 2026 Reg M-A\n|rated|\n|rule|Species Clause: Limit one of each Pok\u00e9mon\n|rule|Item Clause: Limit 1 of each item\n|clearpoke\n|poke|p1|Archaludon, L50, F|\n|poke|p1|Sinistcha, L50|\n|poke|p1|Camerupt, L50, F|\n|poke|p1|Hatterene, L50, F|\n|poke|p1|Araquanid, L50, F|\n|poke|p1|Meganium, L50, M|\n|poke|p2|Kingambit, L50, F|\n|poke|p2|Trevenant, L50, M|\n|poke|p2|Camerupt, L50, M|\n|poke|p2|Crabominable, L50, F|\n|poke|p2|Oranguru, L50, M|\n|poke|p2|Azumarill, L50, M|\n|teampreview|4\n|inactive|Battle timer is ON: inactive players will automatically lose when time's up. (requested by kindlarkin)\n|inactive|Karmyng has 60 seconds left.\n|\n|t:|1776287640\n|teamsize|p1|4\n|teamsize|p2|4\n|start\n|switch|p1a: Hatterene|Hatterene, L50, F|100/100\n|switch|p1b: Camerupt|Camerupt, L50, F|100/100\n|switch|p2a: Crabominable|Crabominable, L50, F, shiny|100/100\n|switch|p2b: Azumarill|Azumarill, L50, M, shiny|100/100\n|turn|1\n|inactive|Karmyng has 30 seconds left.\n|\n|t:|1776287667\n|switch|p1b: Archaludon|Archaludon, L50, F|100/100\n|detailschange|p2a: Crabominable|Crabominable-Mega, L50, F, shiny\n|-mega|p2a: Crabominable|Crabominable|Crabominite\n|move|p2a: Crabominable|Protect|p2a: Crabominable\n|-singleturn|p2a: Crabominable|Protect\n|move|p2b: Azumarill|Waterfall|p1b: Archaludon\n|-resisted|p1b: Archaludon|1\n|-damage|p1b: Archaludon|86/100\n|-ability|p1b: Archaludon|Stamina|boost\n|-boost|p1b: Archaludon|def|1\n|move|p1a: Hatterene|Trick Room|p1a: Hatterene\n|-fieldstart|move: Trick Room|[of] p1a: Hatterene\n|\n|-heal|p1b: Archaludon|92/100|[from] item: Leftovers\n|upkeep\n|turn|2\n|inactive|Karmyng has 30 seconds left.\n|inactive|Karmyng has 20 seconds left.\n|\n|t:|1776287705\n|move|p1a: Hatterene|Reflect|p1a: Hatterene\n|-sidestart|p1: kindlarkin|Reflect\n|move|p2a: Crabominable|Drain Punch|p1b: Archaludon\n|-supereffective|p1b: Archaludon|1\n|-damage|p1b: Archaludon|59/100\n|-ability|p1b: Archaludon|Stamina|boost\n|-boost|p1b: Archaludon|def|1\n|move|p2b: Azumarill|Play Rough|p1b: Archaludon\n|-crit|p1b: Archaludon\n|-damage|p1b: Archaludon|2/100\n|-ability|p1b: Archaludon|Stamina|boost\n|-boost|p1b: Archaludon|def|1\n|move|p1b: Archaludon|Aura Sphere|p2a: Crabominable\n|-supereffective|p2a: Crabominable|1\n|-crit|p2a: Crabominable\n|-damage|p2a: Crabominable|47/100\n|\n|-heal|p1b: Archaludon|8/100|[from] item: Leftovers\n|upkeep\n|turn|3\n|inactive|Karmyng has 30 seconds left.\n|\n|t:|1776287739\n|move|p1b: Archaludon|Protect|p1b: Archaludon\n|-singleturn|p1b: Archaludon|Protect\n|move|p1a: Hatterene|Dazzling Gleam|p2a: Crabominable|[spread] p2a,p2b\n|-supereffective|p2a: Crabominable|1\n|-damage|p2a: Crabominable|2/100\n|-damage|p2b: Azumarill|72/100\n|move|p2a: Crabominable|Drain Punch|p1b: Archaludon\n|-activate|p1b: Archaludon|move: Protect\n|move|p2b: Azumarill|Play Rough|p1b: Archaludon\n|-activate|p1b: Archaludon|move: Protect\n|\n|-heal|p1b: Archaludon|14/100|[from] item: Leftovers\n|upkeep\n|turn|4\n|inactive|kindlarkin has 30 seconds left.\n|inactive|kindlarkin has 20 seconds left.\n|inactive|kindlarkin has 15 seconds left.\n|inactive|Karmyng has 30 seconds left.\n|\n|t:|1776287780\n|switch|p1a: Sinistcha|Sinistcha, L50|100/100\n|-heal|p1b: Archaludon|39/100|[from] ability: Hospitality|[of] p1a: Sinistcha\n|switch|p2a: Kingambit|Kingambit, L50, F, shiny|100/100\n|move|p2b: Azumarill|Play Rough|p1b: Archaludon\n|-damage|p1b: Archaludon|30/100\n|-ability|p1b: Archaludon|Stamina|boost\n|-boost|p1b: Archaludon|def|1\n|move|p1b: Archaludon|Aura Sphere|p2a: Kingambit\n|-supereffective|p2a: Kingambit|2\n|-damage|p2a: Kingambit|19/100\n|\n|-heal|p1b: Archaludon|36/100|[from] item: Leftovers\n|upkeep\n|turn|5\n|inactive|kindlarkin has 30 seconds left.\n|inactive|Karmyng has 30 seconds left.\n|inactive|kindlarkin has 20 seconds left.\n|inactive|Karmyng has 20 seconds left.\n|inactive|kindlarkin has 15 seconds left.\n|inactive|Karmyng has 15 seconds left.\n|inactive|kindlarkin has 10 seconds left.\n|inactive|Karmyng has 10 seconds left.\n|\n|t:|1776287830\n|move|p2b: Azumarill|Play Rough|p1b: Archaludon\n|-damage|p1b: Archaludon|28/100\n|-ability|p1b: Archaludon|Stamina|boost\n|-boost|p1b: Archaludon|def|1\n|move|p2a: Kingambit|Swords Dance|p2a: Kingambit\n|-boost|p2a: Kingambit|atk|2\n|move|p1b: Archaludon|Aura Sphere|p2a: Kingambit\n|-supereffective|p2a: Kingambit|2\n|-damage|p2a: Kingambit|0 fnt\n|faint|p2a: Kingambit\n|move|p1a: Sinistcha|Trick Room|p1a: Sinistcha\n|-fieldend|move: Trick Room\n|\n|-heal|p1b: Archaludon|35/100|[from] item: Leftovers\n|upkeep\n|\n|t:|1776287837\n|switch|p2a: Trevenant|Trevenant, L50, M, shiny|100/100\n|-item|p1a: Sinistcha|Mental Herb|[from] ability: Frisk|[of] p2a: Trevenant\n|-item|p1b: Archaludon|Leftovers|[from] ability: Frisk|[of] p2a: Trevenant\n|turn|6\n|\n|t:|1776287855\n|move|p1b: Archaludon|Protect|p1b: Archaludon\n|-singleturn|p1b: Archaludon|Protect\n|move|p1a: Sinistcha|Matcha Gotcha|p2a: Trevenant|[spread] p2a,p2b\n|-resisted|p2a: Trevenant|1\n|-supereffective|p2b: Azumarill|1\n|-crit|p2b: Azumarill\n|-damage|p2a: Trevenant|86/100\n|-damage|p2b: Azumarill|0 fnt\n|faint|p2b: Azumarill\n|move|p2a: Trevenant|Poltergeist|p1b: Archaludon\n|-activate|p1b: Archaludon|move: Protect\n|\n|-heal|p1b: Archaludon|41/100|[from] item: Leftovers\n|-heal|p2a: Trevenant|92/100|[from] item: Leftovers\n|-sideend|p1: kindlarkin|Reflect\n|upkeep\n|-message|Karmyng forfeited.\n|\n|win|kindlarkin\n|raw|kindlarkin's rating: 1120 &rarr; <strong>1144</strong><br />(+24 for winning)\n|raw|Karmyng's rating: 1112 &rarr; <strong>1088</strong><br />(-24 for losing)\n|l|\u2606Karmyng\n|player|p2|\n",
  "uploadtime": 1776287973,
  "views": 36,
  "formatid": "gen9championsvgc2026regma",
  "rating": 1088,
  "private": 0,
  "password": null
}