{
  "id": "gen9championsvgc2026regma-2587984722",
  "format": "[Gen 9 Champions] VGC 2026 Reg M-A",
  "players": [
    "testing4mymain",
    "Unskilled99"
  ],
  "log": "|j|\u2606testing4mymain\n|j|\u2606Unskilled99\n|html|<table width=\"100%\"><tr><td align=\"left\">testing4mymain</td><td align=\"right\">Unskilled99</tr><tr><td align=\"left\"><i class=\"fa fa-circle-o\"></i> <i class=\"fa fa-circle-o\"></i> </td><td align=\"right\"><i class=\"fa fa-circle-o\"></i> <i class=\"fa fa-circle-o\"></i> </tr></table>\n|uhtml|bestof|<h2><strong>Game 1</strong> of <a href=\"/game-bestof3-gen9championsvgc2026regma-2587984721\">a best-of-3</a></h2>\n|t:|1776588768\n|gametype|doubles\n|player|p1|testing4mymain|benga|\n|player|p2|Unskilled99|unknown|\n|gen|9\n|tier|[Gen 9 Champions] VGC 2026 Reg M-A\n|rated|Tournament battle\n|rule|Species Clause: Limit one of each Pok\u00e9mon\n|rule|Item Clause: Limit 1 of each item\n|raw|<div class=\"infobox\"><details class=\"readmore\" open><summary><strong>2 custom rules:</strong></summary> Force Open Team Sheets, Best of = 3</details></div>\n|clearpoke\n|poke|p1|Tyranitar, L50, M|\n|poke|p1|Excadrill, L50, F|\n|poke|p1|Gengar, L50, M, shiny|\n|poke|p1|Talonflame, L50, F|\n|poke|p1|Rotom-Wash, L50|\n|poke|p1|Farigiraf, L50, M|\n|poke|p2|Floette-Eternal, L50, F|\n|poke|p2|Incineroar, L50, M|\n|poke|p2|Garchomp, L50, F|\n|poke|p2|Sneasler, L50, M|\n|poke|p2|Rotom-Wash, L50|\n|poke|p2|Aerodactyl, L50, M|\n|teampreview|4\n|showteam|p1|Tyranitar||ChopleBerry|SandStream|RockSlide,KnockOff,IcePunch,Protect|||M|||50|]Excadrill||FocusSash|SandRush|Earthquake,IronHead,HighHorsepower,Protect|||F|||50|]Gengar||Gengarite|CursedBody|ShadowBall,SludgeBomb,IcyWind,Protect|||M|||50|]Talonflame||SharpBeak|GaleWings|DualWingbeat,FlareBlitz,Tailwind,Protect|||F|||50|]Rotom-Wash||Leftovers|Levitate|Thunderbolt,HydroPump,WillOWisp,VoltSwitch||||||50|]Farigiraf||SitrusBerry|ArmorTail|HyperVoice,PsychicNoise|||M|||50|\n|showteam|p2|Floette-Eternal||Floettite|FlowerVeil|CalmMind,DazzlingGleam,Moonblast,Protect|||F|||50|]Incineroar||SitrusBerry|Intimidate|PartingShot,FlareBlitz,ThroatChop,FakeOut|||M|||50|]Garchomp||SoftSand|RoughSkin|StompingTantrum,RockSlide,Earthquake,Protect|||F|||50|]Sneasler||WhiteHerb|Unburden|Coaching,CloseCombat,FakeOut,DireClaw|||M|||50|]Rotom-Wash||ChoiceScarf|Levitate|Electroweb,WillOWisp,HydroPump,Thunderbolt||||||50|]Aerodactyl||FocusSash|Unnerve|Tailwind,RockSlide,DualWingbeat,Protect|||M|||50|\n|inactive|Battle timer is ON: inactive players will automatically lose when time's up. (requested by testing4mymain)\n|c|\u2606Unskilled99|ur team is unfinished?\n|inactive|testing4mymain has 60 seconds left.\n|inactive|Unskilled99 has 60 seconds left.\n|c|\u2606testing4mymain|Yea I was in the process of building when I got the notification I had 25 seconds left\n|c|\u2606Unskilled99|poor guy\n|inactive|testing4mymain has 30 seconds left.\n|inactive|Unskilled99 has 30 seconds left.\n|inactive|testing4mymain has 20 seconds left.\n|\n|t:|1776588843\n|teamsize|p1|4\n|teamsize|p2|4\n|start\n|switch|p1a: Gengar|Gengar, L50, M, shiny|100/100\n|switch|p1b: Rotom|Rotom-Wash, L50|100/100\n|switch|p2a: Rotom|Rotom-Wash, L50|100/100\n|switch|p2b: Garchomp|Garchomp, L50, F|100/100\n|turn|1\n|\n|t:|1776588866\n|switch|p2b: Incineroar|Incineroar, L50, M|100/100\n|-ability|p2b: Incineroar|Intimidate|boost\n|-unboost|p1a: Gengar|atk|1\n|-unboost|p1b: Rotom|atk|1\n|move|p1a: Gengar|Protect|p1a: Gengar\n|-singleturn|p1a: Gengar|Protect\n|move|p2a: Rotom|Electroweb|p1a: Gengar|[spread] \n|-activate|p1a: Gengar|move: Protect\n|-miss|p2a: Rotom|p1b: Rotom\n|move|p1b: Rotom|Will-O-Wisp|p2b: Incineroar\n|-immune|p2b: Incineroar\n|\n|upkeep\n|turn|2\n|inactive|testing4mymain has 30 seconds left.\n|\n|t:|1776588894\n|switch|p1a: Tyranitar|Tyranitar, L50, M|100/100\n|-weather|Sandstorm|[from] ability: Sand Stream|[of] p1a: Tyranitar\n|move|p2a: Rotom|Electroweb|p1a: Tyranitar|[spread] p1b\n|-miss|p2a: Rotom|p1a: Tyranitar\n|-damage|p1b: Rotom|86/100\n|-unboost|p1b: Rotom|spe|1\n|move|p2b: Incineroar|Parting Shot|p1b: Rotom\n|-unboost|p1b: Rotom|atk|1\n|-unboost|p1b: Rotom|spa|1\n|\n|t:|1776588914\n|switch|p2b: Garchomp|Garchomp, L50, F|100/100|[from] Parting Shot\n|move|p1b: Rotom|Volt Switch|p2a: Rotom\n|-damage|p2a: Rotom|85/100\n|\n|t:|1776588934\n|switch|p1b: Gengar|Gengar, L50, M, shiny|100/100|[from] Volt Switch\n|\n|-weather|Sandstorm|[upkeep]\n|-damage|p2a: Rotom|79/100|[from] Sandstorm\n|-damage|p1b: Gengar|95/100|[from] Sandstorm\n|upkeep\n|turn|3\n|inactive|testing4mymain has 30 seconds left.\n|\n|t:|1776588965\n|detailschange|p1b: Gengar|Gengar-Mega, L50, M, shiny\n|-mega|p1b: Gengar|Gengar|Gengarite\n|move|p2b: Garchomp|Protect|p2b: Garchomp\n|-singleturn|p2b: Garchomp|Protect\n|move|p1a: Tyranitar|Protect|p1a: Tyranitar\n|-singleturn|p1a: Tyranitar|Protect\n|move|p2a: Rotom|Electroweb|p1a: Tyranitar|[spread] p1b\n|-activate|p1a: Tyranitar|move: Protect\n|-damage|p1b: Gengar|74/100\n|-unboost|p1b: Gengar|spe|1\n|move|p1b: Gengar|Icy Wind|p2a: Rotom|[spread] p2a\n|-activate|p2b: Garchomp|move: Protect\n|-resisted|p2a: Rotom|1\n|-damage|p2a: Rotom|71/100\n|-unboost|p2a: Rotom|spe|1\n|\n|-weather|Sandstorm|[upkeep]\n|-damage|p1b: Gengar|68/100|[from] Sandstorm\n|-damage|p2a: Rotom|65/100|[from] Sandstorm\n|upkeep\n|turn|4\n|inactive|Unskilled99 has 30 seconds left.\n|\n|t:|1776588991\n|switch|p1a: Rotom|Rotom-Wash, L50|86/100\n|move|p1b: Gengar|Protect|p1b: Gengar\n|-singleturn|p1b: Gengar|Protect\n|move|p2b: Garchomp|Earthquake|p1b: Gengar|[spread] \n|-activate|p1b: Gengar|move: Protect\n|-immune|p2a: Rotom|[from] ability: Levitate\n|-immune|p1a: Rotom|[from] ability: Levitate\n|move|p2a: Rotom|Electroweb|p1b: Gengar|[spread] p1a\n|-activate|p1b: Gengar|move: Protect\n|-damage|p1a: Rotom|73/100\n|-unboost|p1a: Rotom|spe|1\n|\n|-weather|Sandstorm|[upkeep]\n|-damage|p2a: Rotom|60/100|[from] Sandstorm\n|-damage|p1b: Gengar|63/100|[from] Sandstorm\n|-damage|p1a: Rotom|67/100|[from] Sandstorm\n|-heal|p1a: Rotom|73/100|[from] item: Leftovers\n|upkeep\n|turn|5\n|\n|t:|1776589014\n|switch|p1b: Excadrill|Excadrill, L50, F|100/100\n|move|p2b: Garchomp|Earthquake|p1a: Rotom|[spread] p1b\n|-immune|p2a: Rotom|[from] ability: Levitate\n|-immune|p1a: Rotom|[from] ability: Levitate\n|-supereffective|p1b: Excadrill|1\n|-enditem|p1b: Excadrill|Focus Sash\n|-damage|p1b: Excadrill|1/100\n|move|p2a: Rotom|Electroweb|p1a: Rotom|[spread] p1a\n|-immune|p1b: Excadrill\n|-damage|p1a: Rotom|58/100\n|-unboost|p1a: Rotom|spe|1\n|move|p1a: Rotom|Will-O-Wisp|p2b: Garchomp\n|-status|p2b: Garchomp|brn\n|\n|-weather|Sandstorm|[upkeep]\n|-damage|p2a: Rotom|54/100|[from] Sandstorm\n|-damage|p1a: Rotom|52/100|[from] Sandstorm\n|-heal|p1a: Rotom|58/100|[from] item: Leftovers\n|-damage|p2b: Garchomp|94/100 brn|[from] brn\n|upkeep\n|turn|6\n|\n|t:|1776589036\n|switch|p2a: Incineroar|Incineroar, L50, M|100/100\n|-ability|p2a: Incineroar|Intimidate|boost\n|-unboost|p1a: Rotom|atk|1\n|-unboost|p1b: Excadrill|atk|1\n|move|p1b: Excadrill|Protect|p1b: Excadrill\n|-singleturn|p1b: Excadrill|Protect\n|move|p2b: Garchomp|Rock Slide|p1b: Excadrill|[spread] p1a\n|-activate|p1b: Excadrill|move: Protect\n|-damage|p1a: Rotom|51/100\n|move|p1a: Rotom|Volt Switch|p2a: Incineroar\n|-damage|p2a: Incineroar|78/100\n|\n|t:|1776589043\n|switch|p1a: Gengar|Gengar-Mega, L50, M, shiny|63/100|[from] Volt Switch\n|\n|-weather|none\n|-damage|p2b: Garchomp|88/100 brn|[from] brn\n|upkeep\n|turn|7\n|inactive|Unskilled99 has 30 seconds left.\n|\n|t:|1776589072\n|switch|p1b: Rotom|Rotom-Wash, L50|51/100\n|move|p1a: Gengar|Icy Wind|p2a: Incineroar|[spread] p2b\n|-miss|p1a: Gengar|p2a: Incineroar\n|-supereffective|p2b: Garchomp|2\n|-damage|p2b: Garchomp|21/100 brn\n|-unboost|p2b: Garchomp|spe|1\n|move|p2b: Garchomp|Rock Slide|p1a: Gengar|[spread] p1a,p1b\n|-damage|p1a: Gengar|47/100\n|-damage|p1b: Rotom|43/100\n|move|p2a: Incineroar|Throat Chop|p1a: Gengar\n|-supereffective|p1a: Gengar|1\n|-damage|p1a: Gengar|0 fnt\n|faint|p1a: Gengar\n|\n|-heal|p1b: Rotom|49/100|[from] item: Leftovers\n|-damage|p2b: Garchomp|15/100 brn|[from] brn\n|upkeep\n|\n|t:|1776589086\n|switch|p1a: Excadrill|Excadrill, L50, F|1/100\n|turn|8\n|\n|t:|1776589102\n|switch|p2a: Rotom|Rotom-Wash, L50|54/100\n|move|p1a: Excadrill|Earthquake|p2a: Rotom|[spread] p2b\n|-immune|p1b: Rotom|[from] ability: Levitate\n|-immune|p2a: Rotom|[from] ability: Levitate\n|-damage|p2b: Garchomp|0 fnt\n|faint|p2b: Garchomp\n|move|p1b: Rotom|Volt Switch|p2a: Rotom\n|-damage|p2a: Rotom|31/100\n|\n|t:|1776589109\n|switch|p1b: Tyranitar|Tyranitar, L50, M|100/100|[from] Volt Switch\n|-weather|Sandstorm|[from] ability: Sand Stream|[of] p1b: Tyranitar\n|\n|-weather|Sandstorm|[upkeep]\n|-damage|p2a: Rotom|25/100|[from] Sandstorm\n|upkeep\n|inactive|Unskilled99 has 30 seconds left.\n|\n|t:|1776589137\n|switch|p2b: Incineroar|Incineroar, L50, M|78/100\n|-ability|p2b: Incineroar|Intimidate|boost\n|-unboost|p1a: Excadrill|atk|1\n|-unboost|p1b: Tyranitar|atk|1\n|turn|9\n|\n|t:|1776589150\n|switch|p1a: Rotom|Rotom-Wash, L50|49/100\n|move|p2a: Rotom|Hydro Pump|p1b: Tyranitar\n|-supereffective|p1b: Tyranitar|1\n|-damage|p1b: Tyranitar|57/100\n|move|p2b: Incineroar|Parting Shot|p1b: Tyranitar\n|-unboost|p1b: Tyranitar|atk|1\n|-unboost|p1b: Tyranitar|spa|1\n|\n|t:|1776589158\n|switch|p2b: Sneasler|Sneasler, L50, M|100/100|[from] Parting Shot\n|move|p1b: Tyranitar|Rock Slide|p2a: Rotom|[spread] p2a,p2b\n|-resisted|p2b: Sneasler|1\n|-damage|p2a: Rotom|9/100\n|-damage|p2b: Sneasler|88/100\n|\n|-weather|Sandstorm|[upkeep]\n|-damage|p2a: Rotom|4/100|[from] Sandstorm\n|-damage|p2b: Sneasler|82/100|[from] Sandstorm\n|-damage|p1a: Rotom|43/100|[from] Sandstorm\n|-heal|p1a: Rotom|49/100|[from] item: Leftovers\n|upkeep\n|turn|10\n|\n|t:|1776589172\n|move|p1b: Tyranitar|Protect|p1b: Tyranitar\n|-singleturn|p1b: Tyranitar|Protect\n|move|p2a: Rotom|Hydro Pump|p1b: Tyranitar\n|-activate|p1b: Tyranitar|move: Protect\n|move|p2b: Sneasler|Close Combat|p1a: Rotom\n|-damage|p1a: Rotom|0 fnt\n|-unboost|p2b: Sneasler|def|1\n|-unboost|p2b: Sneasler|spd|1\n|faint|p1a: Rotom\n|-enditem|p2b: Sneasler|White Herb\n|-clearnegativeboost|p2b: Sneasler|[silent]\n|\n|-weather|Sandstorm|[upkeep]\n|-damage|p2b: Sneasler|76/100|[from] Sandstorm\n|-damage|p2a: Rotom|0 fnt|[from] Sandstorm\n|faint|p2a: Rotom\n|upkeep\n|\n|t:|1776589184\n|switch|p2a: Incineroar|Incineroar, L50, M|78/100\n|switch|p1a: Excadrill|Excadrill, L50, F|1/100\n|-ability|p2a: Incineroar|Intimidate|boost\n|-unboost|p1a: Excadrill|atk|1\n|-unboost|p1b: Tyranitar|atk|1\n|turn|11\n|\n|t:|1776589208\n|move|p2a: Incineroar|Fake Out|p1a: Excadrill\n|-resisted|p1a: Excadrill|1\n|-damage|p1a: Excadrill|0 fnt\n|faint|p1a: Excadrill\n|move|p2b: Sneasler|Close Combat|p1b: Tyranitar\n|-supereffective|p1b: Tyranitar|2\n|-enditem|p1b: Tyranitar|Chople Berry|[eat]\n|-enditem|p1b: Tyranitar|Chople Berry|[weaken]\n|-damage|p1b: Tyranitar|0 fnt\n|-unboost|p2b: Sneasler|def|1\n|-unboost|p2b: Sneasler|spd|1\n|faint|p1b: Tyranitar\n|\n|win|Unskilled99\n",
  "uploadtime": 1776589209,
  "views": 10,
  "formatid": "gen9championsvgc2026regma",
  "rating": null,
  "private": 0,
  "password": null
}