{
  "id": "gen9championsvgc2026regma-2581164042",
  "format": "[Gen 9 Champions] VGC 2026 Reg M-A",
  "players": [
    "pcatch ho-oh",
    "squishbeak"
  ],
  "log": "|j|\u2606pcatch ho-oh\n|j|\u2606squishbeak\n|t:|1775966105\n|gametype|doubles\n|player|p1|pcatch ho-oh|170|1085\n|player|p2|squishbeak|265|1157\n|gen|9\n|tier|[Gen 9 Champions] VGC 2026 Reg M-A\n|rated|\n|rule|Species Clause: Limit one of each Pok\u00e9mon\n|rule|Item Clause: Limit 1 of each item\n|clearpoke\n|poke|p1|Floette-Eternal, L50, F|\n|poke|p1|Aerodactyl, L50, M|\n|poke|p1|Garchomp, L50, F|\n|poke|p1|Incineroar, L50, F|\n|poke|p1|Sneasler, L50, M|\n|poke|p1|Basculegion, L50, M|\n|poke|p2|Chimecho, L50, M|\n|poke|p2|Sinistcha, L50|\n|poke|p2|Incineroar, L50, M|\n|poke|p2|Empoleon, L50, M|\n|poke|p2|Kangaskhan, L50, F|\n|poke|p2|Sneasler, L50, M|\n|teampreview|4\n|\n|t:|1775966139\n|teamsize|p1|4\n|teamsize|p2|4\n|start\n|switch|p1a: Floette|Floette-Eternal, L50, F|100/100\n|switch|p1b: Aerodactyl|Aerodactyl, L50, M|100/100\n|switch|p2a: Chimecho|Chimecho, L50, M|100/100\n|switch|p2b: Incineroar|Incineroar, L50, M|100/100\n|-ability|p1b: Aerodactyl|Unnerve\n|-ability|p2b: Incineroar|Intimidate|boost\n|-unboost|p1a: Floette|atk|1\n|-unboost|p1b: Aerodactyl|atk|1\n|turn|1\n|\n|t:|1775966159\n|detailschange|p1a: Floette|Floette-Mega, L50, F\n|-mega|p1a: Floette|Floette|Floettite\n|-ability|p1a: Floette|Fairy Aura\n|detailschange|p2a: Chimecho|Chimecho-Mega, L50, M\n|-mega|p2a: Chimecho|Chimecho|Chimechite\n|move|p2b: Incineroar|Fake Out|p1b: Aerodactyl\n|-resisted|p1b: Aerodactyl|1\n|-damage|p1b: Aerodactyl|89/100\n|cant|p1b: Aerodactyl|flinch\n|move|p1a: Floette|Calm Mind|p1a: Floette\n|-boost|p1a: Floette|spa|1\n|-boost|p1a: Floette|spd|1\n|move|p2a: Chimecho|Trick Room|p2a: Chimecho\n|-fieldstart|move: Trick Room|[of] p2a: Chimecho\n|\n|upkeep\n|turn|2\n|\n|t:|1775966194\n|move|p1a: Floette|Protect|p1a: Floette\n|-singleturn|p1a: Floette|Protect\n|move|p2b: Incineroar|Swords Dance|p2b: Incineroar\n|-boost|p2b: Incineroar|atk|2\n|move|p2a: Chimecho|Flash Cannon|p1b: Aerodactyl\n|-supereffective|p1b: Aerodactyl|1\n|-damage|p1b: Aerodactyl|0 fnt\n|faint|p1b: Aerodactyl\n|\n|upkeep\n|\n|t:|1775966210\n|switch|p1b: Sneasler|Sneasler, L50, M|100/100\n|turn|3\n|\n|t:|1775966229\n|move|p2b: Incineroar|Flare Blitz|p1a: Floette\n|-damage|p1a: Floette|0 fnt\n|faint|p1a: Floette\n|-damage|p2b: Incineroar|71/100|[from] Recoil\n|move|p2a: Chimecho|Flash Cannon|p1b: Sneasler\n|-damage|p1b: Sneasler|33/100\n|move|p1b: Sneasler|Close Combat|p2a: Chimecho\n|-damage|p2a: Chimecho|37/100\n|-unboost|p1b: Sneasler|def|1\n|-unboost|p1b: Sneasler|spd|1\n|-enditem|p1b: Sneasler|White Herb\n|-clearnegativeboost|p1b: Sneasler|[silent]\n|\n|upkeep\n|\n|t:|1775966240\n|switch|p1a: Garchomp|Garchomp, L50, F|100/100\n|turn|4\n|\n|t:|1775966256\n|move|p1b: Sneasler|Protect|p1b: Sneasler\n|-singleturn|p1b: Sneasler|Protect\n|move|p2b: Incineroar|Darkest Lariat|p1a: Garchomp\n|-damage|p1a: Garchomp|6/100\n|-damage|p2b: Incineroar|58/100|[from] ability: Rough Skin|[of] p1a: Garchomp\n|move|p2a: Chimecho|Flash Cannon|p1a: Garchomp\n|-damage|p1a: Garchomp|0 fnt\n|faint|p1a: Garchomp\n|\n|upkeep\n|turn|5\n|\n|t:|1775966267\n|move|p1b: Sneasler|Protect|p1b: Sneasler\n|-singleturn|p1b: Sneasler|Protect\n|move|p2b: Incineroar|Flare Blitz|p1b: Sneasler\n|-activate|p1b: Sneasler|move: Protect\n|move|p2a: Chimecho|Psychic|p1b: Sneasler\n|-activate|p1b: Sneasler|move: Protect\n|\n|-fieldend|move: Trick Room\n|upkeep\n|turn|6\n|inactive|Battle timer is ON: inactive players will automatically lose when time's up. (requested by squishbeak)\n|\n|t:|1775966279\n|move|p1b: Sneasler|Dire Claw|p2b: Incineroar\n|-damage|p2b: Incineroar|14/100\n|-status|p2b: Incineroar|par\n|-enditem|p2b: Incineroar|Sitrus Berry|[eat]\n|-heal|p2b: Incineroar|39/100 par|[from] item: Sitrus Berry\n|move|p2a: Chimecho|Psychic|p1b: Sneasler\n|-supereffective|p1b: Sneasler|2\n|-damage|p1b: Sneasler|0 fnt\n|faint|p1b: Sneasler\n|\n|win|squishbeak\n|raw|pcatch ho-oh's rating: 1085 &rarr; <strong>1067</strong><br />(-18 for losing)\n|raw|squishbeak's rating: 1157 &rarr; <strong>1177</strong><br />(+20 for winning)\n",
  "uploadtime": 1775966285,
  "views": 21,
  "formatid": "gen9championsvgc2026regma",
  "rating": 1067,
  "private": 0,
  "password": null
}