{
  "id": "gen9championsvgc2026regma-2580905209",
  "format": "[Gen 9 Champions] VGC 2026 Reg M-A",
  "players": [
    "SirNeru",
    "reddev94"
  ],
  "log": "|j|\u2606SirNeru\n|j|\u2606reddev94\n|t:|1775942136\n|gametype|doubles\n|player|p1|SirNeru|1|1062\n|player|p2|reddev94|102|1045\n|gen|9\n|tier|[Gen 9 Champions] VGC 2026 Reg M-A\n|rated|\n|rule|Species Clause: Limit one of each Pok\u00e9mon\n|rule|Item Clause: Limit 1 of each item\n|clearpoke\n|poke|p1|Beedrill, L50, F|\n|poke|p1|Palafin, L50, F|\n|poke|p1|Incineroar, L50, M|\n|poke|p1|Whimsicott, L50, M|\n|poke|p1|Weavile, L50, M|\n|poke|p1|Glimmora, L50, M|\n|poke|p2|Tyranitar, L50, F|\n|poke|p2|Excadrill, L50, F|\n|poke|p2|Gyarados, L50, F|\n|poke|p2|Rotom-Heat, L50|\n|poke|p2|Corviknight, L50, F|\n|poke|p2|Venusaur, L50, F|\n|teampreview|4\n|inactive|Battle timer is ON: inactive players will automatically lose when time's up. (requested by reddev94)\n|inactive|reddev94 has 60 seconds left.\n|\n|t:|1775942181\n|teamsize|p1|4\n|teamsize|p2|4\n|start\n|switch|p1a: Whimsicott|Whimsicott, L50, M, shiny|100/100\n|switch|p1b: Palafin|Palafin, L50, F|100/100\n|switch|p2a: Corviknight|Corviknight, L50, F, shiny|100/100\n|switch|p2b: Excadrill|Excadrill, L50, F, shiny|100/100\n|turn|1\n|\n|t:|1775942199\n|move|p1a: Whimsicott|Tailwind|p1a: Whimsicott\n|-sidestart|p1: SirNeru|move: Tailwind\n|move|p1b: Palafin|Flip Turn|p2b: Excadrill\n|-supereffective|p2b: Excadrill|1\n|-damage|p2b: Excadrill|27/100\n|\n|t:|1775942205\n|detailschange|p1b: Palafin|Palafin-Hero, L50, F\n|switch|p1b: Incineroar|Incineroar, L50, M|100/100|[from] Flip Turn\n|-ability|p1b: Incineroar|Intimidate|boost\n|-ability|p2a: Corviknight|Mirror Armor\n|-unboost|p1b: Incineroar|atk|1\n|-unboost|p2b: Excadrill|atk|1\n|move|p2b: Excadrill|Earthquake|p1b: Incineroar|[spread] p1a,p1b\n|-immune|p2a: Corviknight\n|-resisted|p1a: Whimsicott|1\n|-supereffective|p1b: Incineroar|1\n|-damage|p1a: Whimsicott|80/100\n|-damage|p1b: Incineroar|44/100\n|move|p2a: Corviknight|Brave Bird|p1a: Whimsicott\n|-supereffective|p1a: Whimsicott|1\n|-damage|p1a: Whimsicott|0 fnt\n|faint|p1a: Whimsicott\n|-damage|p2a: Corviknight|83/100|[from] Recoil\n|\n|-heal|p2a: Corviknight|89/100|[from] item: Leftovers\n|upkeep\n|\n|t:|1775942210\n|switch|p1a: Palafin|Palafin-Hero, L50, F|100/100\n|-activate|p1a: Palafin|ability: Zero to Hero\n|turn|2\n|\n|t:|1775942222\n|switch|p2b: Gyarados|Gyarados, L50, F|100/100\n|-ability|p2b: Gyarados|Intimidate|boost\n|-unboost|p1a: Palafin|atk|1\n|-unboost|p1b: Incineroar|atk|1\n|move|p1a: Palafin|Jet Punch|p2a: Corviknight\n|-damage|p2a: Corviknight|60/100\n|move|p1b: Incineroar|Flare Blitz|p2a: Corviknight\n|-supereffective|p2a: Corviknight|1\n|-damage|p2a: Corviknight|8/100\n|-damage|p1b: Incineroar|26/100|[from] Recoil\n|move|p2a: Corviknight|Tailwind|p2a: Corviknight\n|-sidestart|p2: reddev94|move: Tailwind\n|\n|-heal|p2a: Corviknight|14/100|[from] item: Leftovers\n|upkeep\n|turn|3\n|inactive|reddev94 has 30 seconds left.\n|inactive|reddev94 has 20 seconds left.\n|\n|t:|1775942257\n|move|p1a: Palafin|Flip Turn|p2a: Corviknight\n|-damage|p2a: Corviknight|0 fnt\n|faint|p2a: Corviknight\n|\n|t:|1775942261\n|switch|p1a: Glimmora|Glimmora, L50, M|100/100|[from] Flip Turn\n|move|p2b: Gyarados|Waterfall|p1b: Incineroar\n|-supereffective|p1b: Incineroar|1\n|-damage|p1b: Incineroar|0 fnt\n|faint|p1b: Incineroar\n|\n|upkeep\n|\n|t:|1775942270\n|switch|p2a: Tyranitar|Tyranitar, L50, F, shiny|100/100\n|switch|p1b: Palafin|Palafin-Hero, L50, F|100/100\n|-weather|Sandstorm|[from] ability: Sand Stream|[of] p2a: Tyranitar\n|turn|4\n|\n|t:|1775942291\n|switch|p2b: Excadrill|Excadrill, L50, F, shiny|27/100\n|detailschange|p1a: Glimmora|Glimmora-Mega, L50, M\n|-mega|p1a: Glimmora|Glimmora|Glimmoranite\n|move|p2a: Tyranitar|Protect|p2a: Tyranitar\n|-singleturn|p2a: Tyranitar|Protect\n|move|p1a: Glimmora|Power Gem|p2b: Excadrill\n|-resisted|p2b: Excadrill|2\n|-damage|p2b: Excadrill|7/100\n|move|p1b: Palafin|Wave Crash|p2a: Tyranitar\n|-activate|p2a: Tyranitar|move: Protect\n|\n|-weather|Sandstorm|[upkeep]\n|-damage|p1b: Palafin|94/100|[from] Sandstorm\n|-sideend|p1: SirNeru|move: Tailwind\n|upkeep\n|turn|5\n|inactive|reddev94 has 30 seconds left.\n|\n|t:|1775942323\n|switch|p2b: Gyarados|Gyarados, L50, F|100/100\n|-ability|p2b: Gyarados|Intimidate|boost\n|-unboost|p1a: Glimmora|atk|1\n|-unboost|p1b: Palafin|atk|1\n|detailschange|p2a: Tyranitar|Tyranitar-Mega, L50, F, shiny\n|-mega|p2a: Tyranitar|Tyranitar|Tyranitarite\n|move|p1a: Glimmora|Spiky Shield|p1a: Glimmora\n|-singleturn|p1a: Glimmora|move: Protect\n|move|p1b: Palafin|Jet Punch|p2b: Gyarados\n|-resisted|p2b: Gyarados|1\n|-damage|p2b: Gyarados|84/100\n|move|p2a: Tyranitar|Knock Off|p1b: Palafin\n|-damage|p1b: Palafin|37/100\n|-enditem|p1b: Palafin|Mystic Water|[from] move: Knock Off|[of] p2a: Tyranitar\n|\n|-weather|Sandstorm|[upkeep]\n|-damage|p2b: Gyarados|78/100|[from] Sandstorm\n|-damage|p1b: Palafin|31/100|[from] Sandstorm\n|-sideend|p2: reddev94|move: Tailwind\n|upkeep\n|turn|6\n|inactive|reddev94 has 30 seconds left.\n|inactive|reddev94 has 20 seconds left.\n|\n|t:|1775942361\n|move|p1a: Glimmora|Spiky Shield||[still]\n|-fail|p1a: Glimmora\n|move|p1b: Palafin|Protect|p1b: Palafin\n|-singleturn|p1b: Palafin|Protect\n|move|p2b: Gyarados|Protect|p2b: Gyarados\n|-singleturn|p2b: Gyarados|Protect\n|move|p2a: Tyranitar|Knock Off|p1a: Glimmora\n|-damage|p1a: Glimmora|48/100\n|\n|-weather|Sandstorm|[upkeep]\n|-damage|p1b: Palafin|25/100|[from] Sandstorm\n|-damage|p2b: Gyarados|72/100|[from] Sandstorm\n|upkeep\n|turn|7\n|\n|t:|1775942381\n|move|p1a: Glimmora|Power Gem|p2b: Gyarados\n|-supereffective|p2b: Gyarados|1\n|-damage|p2b: Gyarados|0 fnt\n|faint|p2b: Gyarados\n|move|p1b: Palafin|Wave Crash|p2a: Tyranitar\n|-supereffective|p2a: Tyranitar|1\n|-damage|p2a: Tyranitar|40/100\n|-damage|p1b: Palafin|4/100|[from] Recoil\n|move|p2a: Tyranitar|Rock Slide|p1a: Glimmora|[spread] p1a,p1b\n|-damage|p1a: Glimmora|4/100\n|-damage|p1b: Palafin|0 fnt\n|faint|p1b: Palafin\n|\n|-weather|Sandstorm|[upkeep]\n|upkeep\n|\n|t:|1775942392\n|switch|p2b: Excadrill|Excadrill, L50, F, shiny|7/100\n|turn|8\n|\n|t:|1775942395\n|move|p1a: Glimmora|Spiky Shield|p1a: Glimmora\n|-singleturn|p1a: Glimmora|move: Protect\n|move|p2b: Excadrill|Iron Head|p1a: Glimmora\n|-activate|p1a: Glimmora|move: Protect\n|-damage|p2b: Excadrill|0 fnt|[from] Spiky Shield|[of] p1a: Glimmora\n|faint|p2b: Excadrill\n|move|p2a: Tyranitar|Knock Off|p1a: Glimmora\n|-activate|p1a: Glimmora|move: Protect\n|-damage|p2a: Tyranitar|28/100|[from] Spiky Shield|[of] p1a: Glimmora\n|\n|-weather|none\n|upkeep\n|turn|9\n|\n|t:|1775942409\n|move|p1a: Glimmora|Energy Ball|p2a: Tyranitar\n|-supereffective|p2a: Tyranitar|1\n|-damage|p2a: Tyranitar|0 fnt\n|faint|p2a: Tyranitar\n|\n|win|SirNeru\n|raw|SirNeru's rating: 1062 &rarr; <strong>1091</strong><br />(+29 for winning)\n|raw|reddev94's rating: 1045 &rarr; <strong>1029</strong><br />(-16 for losing)\n|l|\u2606reddev94\n|player|p2|\n",
  "uploadtime": 1775942415,
  "views": 19,
  "formatid": "gen9championsvgc2026regma",
  "rating": 1029,
  "private": 0,
  "password": null
}