{
  "id": "gen9championsvgc2026regma-2581500431",
  "format": "[Gen 9 Champions] VGC 2026 Reg M-A",
  "players": [
    "dreadlysinister",
    "EagleWizard"
  ],
  "log": "|j|\u2606dreadlysinister\n|j|\u2606EagleWizard\n|t:|1776006133\n|gametype|doubles\n|player|p1|dreadlysinister|ingo|1236\n|player|p2|EagleWizard|169|1241\n|gen|9\n|tier|[Gen 9 Champions] VGC 2026 Reg M-A\n|rated|\n|rule|Species Clause: Limit one of each Pok\u00e9mon\n|rule|Item Clause: Limit 1 of each item\n|clearpoke\n|poke|p1|Greninja-*, L50, M|\n|poke|p1|Sinistcha-Masterpiece, L50|\n|poke|p1|Archaludon, L50, F|\n|poke|p1|Pelipper, L50, M|\n|poke|p1|Aegislash, L50, M|\n|poke|p1|Talonflame, L50, F|\n|poke|p2|Sneasler, L50, F|\n|poke|p2|Rotom-Heat, L50|\n|poke|p2|Incineroar, L50, M|\n|poke|p2|Kangaskhan, L50, F|\n|poke|p2|Gyarados, L50, M|\n|poke|p2|Sinistcha, L50|\n|teampreview|4\ndreadlysinister rejected open team sheets.\n|\n|t:|1776006184\n|teamsize|p1|4\n|teamsize|p2|4\n|start\n|switch|p1a: Pelipper|Pelipper, L50, M|100/100\n|switch|p1b: Talonflame|Talonflame, L50, F|100/100\n|switch|p2a: Rotom|Rotom-Heat, L50|100/100\n|switch|p2b: Sneasler|Sneasler, L50, F|100/100\n|-weather|RainDance|[from] ability: Drizzle|[of] p1a: Pelipper\n|turn|1\n|\n|t:|1776006215\n|move|p1b: Talonflame|Protect|p1b: Talonflame\n|-singleturn|p1b: Talonflame|Protect\n|move|p1a: Pelipper|Protect|p1a: Pelipper\n|-singleturn|p1a: Pelipper|Protect\n|move|p2a: Rotom|Volt Switch|p1b: Talonflame\n|-activate|p1b: Talonflame|move: Protect\n|move|p2b: Sneasler|Coaching|p2a: Rotom\n|-boost|p2a: Rotom|atk|1\n|-boost|p2a: Rotom|def|1\n|\n|-weather|RainDance|[upkeep]\n|upkeep\n|turn|2\n|\n|t:|1776006233\n|move|p1b: Talonflame|Dual Wingbeat|p2b: Sneasler\n|-supereffective|p2b: Sneasler|1\n|-damage|p2b: Sneasler|32/100\n|-supereffective|p2b: Sneasler|1\n|-damage|p2b: Sneasler|0 fnt\n|faint|p2b: Sneasler\n|-hitcount|p2: Sneasler|2\n|move|p2a: Rotom|Volt Switch|p1a: Pelipper\n|-supereffective|p1a: Pelipper|2\n|-crit|p1a: Pelipper\n|-damage|p1a: Pelipper|0 fnt\n|faint|p1a: Pelipper\n|\n|t:|1776006252\n|switch|p2a: Kangaskhan|Kangaskhan, L50, F|100/100|[from] Volt Switch\n|\n|-weather|RainDance|[upkeep]\n|upkeep\n|\n|t:|1776006261\n|switch|p2b: Rotom|Rotom-Heat, L50|100/100\n|switch|p1a: Archaludon|Archaludon, L50, F|100/100\n|turn|3\n|\n|t:|1776006305\n|detailschange|p2a: Kangaskhan|Kangaskhan-Mega, L50, F\n|-mega|p2a: Kangaskhan|Kangaskhan|Kangaskhanite\n|move|p1b: Talonflame|Protect|p1b: Talonflame\n|-singleturn|p1b: Talonflame|Protect\n|move|p1a: Archaludon|Protect|p1a: Archaludon\n|-singleturn|p1a: Archaludon|Protect\n|move|p2a: Kangaskhan|Fake Out|p1a: Archaludon\n|-activate|p1a: Archaludon|move: Protect\n|move|p2b: Rotom|Volt Switch|p1a: Archaludon\n|-activate|p1a: Archaludon|move: Protect\n|\n|-weather|RainDance|[upkeep]\n|upkeep\n|turn|4\n|\n|t:|1776006346\n|move|p1b: Talonflame|Brave Bird|p2a: Kangaskhan\n|-damage|p2a: Kangaskhan|57/100\n|-damage|p1b: Talonflame|82/100|[from] Recoil\n|move|p2b: Rotom|Volt Switch|p1b: Talonflame\n|-supereffective|p1b: Talonflame|1\n|-damage|p1b: Talonflame|0 fnt\n|faint|p1b: Talonflame\n|\n|t:|1776006354\n|switch|p2b: Sinistcha|Sinistcha, L50|100/100|[from] Volt Switch\n|-heal|p2a: Kangaskhan|82/100|[from] ability: Hospitality|[of] p2b: Sinistcha\n|move|p2a: Kangaskhan|Body Slam|p1a: Archaludon\n|-resisted|p1a: Archaludon|1\n|-damage|p1a: Archaludon|84/100\n|-status|p1a: Archaludon|par\n|-ability|p1a: Archaludon|Stamina|boost\n|-boost|p1a: Archaludon|def|1\n|-resisted|p1a: Archaludon|1\n|-damage|p1a: Archaludon|82/100 par\n|-ability|p1a: Archaludon|Stamina|boost\n|-boost|p1a: Archaludon|def|1\n|-hitcount|p1a: Archaludon|2\n|move|p1a: Archaludon|Electro Shot||[still]\n|-prepare|p1a: Archaludon|Electro Shot\n|-boost|p1a: Archaludon|spa|1\n|-anim|p1a: Archaludon|Electro Shot|p2a: Kangaskhan\n|-damage|p2a: Kangaskhan|14/100\n|\n|-weather|RainDance|[upkeep]\n|upkeep\n|\n|t:|1776006360\n|switch|p1b: Greninja|Greninja, L50, M|100/100\n|turn|5\n|\n|t:|1776006391\n|detailschange|p1b: Greninja|Greninja-Mega, L50, M\n|-mega|p1b: Greninja|Greninja|Greninjite\n|move|p2a: Kangaskhan|Protect|p2a: Kangaskhan\n|-singleturn|p2a: Kangaskhan|Protect\n|move|p1b: Greninja|Dark Pulse|p2b: Sinistcha\n|-start|p1b: Greninja|typechange|Dark|[from] ability: Protean\n|-supereffective|p2b: Sinistcha|1\n|-damage|p2b: Sinistcha|33/100\n|move|p2b: Sinistcha|Matcha Gotcha|p1a: Archaludon|[spread] p1a,p1b\n|-resisted|p1a: Archaludon|2\n|-damage|p1a: Archaludon|74/100 par\n|-heal|p2b: Sinistcha|38/100|[from] drain|[of] p1a: Archaludon\n|-damage|p1b: Greninja|64/100\n|-heal|p2b: Sinistcha|53/100|[from] drain|[of] p1b: Greninja\n|-ability|p1a: Archaludon|Stamina|boost\n|-boost|p1a: Archaludon|def|1\n|move|p1a: Archaludon|Electro Shot||[still]\n|-prepare|p1a: Archaludon|Electro Shot\n|-boost|p1a: Archaludon|spa|1\n|-anim|p1a: Archaludon|Electro Shot|p2a: Kangaskhan\n|-activate|p2a: Kangaskhan|move: Protect\n|\n|-weather|none\n|-heal|p2b: Sinistcha|59/100|[from] item: Leftovers\n|upkeep\n|turn|6\n|\n|t:|1776006445\n|move|p2b: Sinistcha|Protect|p2b: Sinistcha\n|-singleturn|p2b: Sinistcha|Protect\n|move|p2a: Kangaskhan|Sucker Punch|p1b: Greninja\n|-resisted|p1b: Greninja|1\n|-crit|p1b: Greninja\n|-damage|p1b: Greninja|32/100\n|-resisted|p1b: Greninja|1\n|-damage|p1b: Greninja|27/100\n|-hitcount|p1b: Greninja|2\n|move|p1b: Greninja|Dark Pulse|p2a: Kangaskhan\n|-damage|p2a: Kangaskhan|0 fnt\n|faint|p2a: Kangaskhan\n|move|p1a: Archaludon|Dragon Pulse|p2b: Sinistcha\n|-activate|p2b: Sinistcha|move: Protect\n|\n|-heal|p2b: Sinistcha|66/100|[from] item: Leftovers\n|upkeep\n|\n|t:|1776006456\n|switch|p2a: Rotom|Rotom-Heat, L50|100/100\n|turn|7\n|\n|t:|1776006488\n|move|p2b: Sinistcha|Rage Powder|p2b: Sinistcha\n|-singleturn|p2b: Sinistcha|move: Rage Powder\n|move|p2a: Rotom|Thunderbolt|p1b: Greninja\n|-damage|p1b: Greninja|0 fnt\n|faint|p1b: Greninja\n|move|p1a: Archaludon|Dragon Pulse|p2b: Sinistcha\n|-damage|p2b: Sinistcha|0 fnt\n|faint|p2b: Sinistcha\n|\n|upkeep\n|turn|8\n|\n|t:|1776006503\n|move|p2a: Rotom|Thunderbolt|p1a: Archaludon\n|-resisted|p1a: Archaludon|1\n|-damage|p1a: Archaludon|51/100 par\n|-ability|p1a: Archaludon|Stamina|boost\n|-boost|p1a: Archaludon|def|1\n|move|p1a: Archaludon|Dragon Pulse|p2a: Rotom\n|-damage|p2a: Rotom|0 fnt\n|faint|p2a: Rotom\n|\n|win|dreadlysinister\n|raw|dreadlysinister's rating: 1236 &rarr; <strong>1261</strong><br />(+25 for winning)\n|raw|EagleWizard's rating: 1241 &rarr; <strong>1216</strong><br />(-25 for losing)\n|l|\u2606EagleWizard\n|player|p2|\n",
  "uploadtime": 1776006521,
  "views": 32,
  "formatid": "gen9championsvgc2026regma",
  "rating": 1216,
  "private": 0,
  "password": null
}