{
  "id": "gen9championsvgc2026regma-2589436027",
  "format": "[Gen 9 Champions] VGC 2026 Reg M-A",
  "players": [
    "SkylerVampurr",
    "gasmask3"
  ],
  "log": "|j|\u2606SkylerVampurr\n|j|\u2606gasmask3\n|t:|1776722776\n|gametype|doubles\n|player|p1|SkylerVampurr|guitarist|1062\n|player|p2|gasmask3|170|1000\n|gen|9\n|tier|[Gen 9 Champions] VGC 2026 Reg M-A\n|rated|\n|rule|Species Clause: Limit one of each Pok\u00e9mon\n|rule|Item Clause: Limit 1 of each item\n|clearpoke\n|poke|p1|Farigiraf, L50, F|\n|poke|p1|Gallade, L50, M|\n|poke|p1|Garchomp, L50, F|\n|poke|p1|Orthworm, L50, F|\n|poke|p1|Slowbro-Galar, L50, M|\n|poke|p1|Kleavor, L50, M|\n|poke|p2|Froslass, L50, F|\n|poke|p2|Mamoswine, L50, F, shiny|\n|poke|p2|Corviknight, L50, F|\n|poke|p2|Florges, L50, F, shiny|\n|poke|p2|Sneasler, L50, M|\n|poke|p2|Araquanid, L50, M, shiny|\n|teampreview|4\n|\n|t:|1776722803\n|teamsize|p1|4\n|teamsize|p2|4\n|start\n|switch|p1a: Farigiraf|Farigiraf, L50, F|100/100\n|switch|p1b: Gallade|Gallade, L50, M|100/100\n|switch|p2a: Florges|Florges, L50, F, shiny|100/100\n|switch|p2b: Froslass|Froslass, L50, F|100/100\n|turn|1\n|\n|t:|1776722826\n|detailschange|p2b: Froslass|Froslass-Mega, L50, F\n|-mega|p2b: Froslass|Froslass|Froslassite\n|-weather|Snowscape|[from] ability: Snow Warning|[of] p2b: Froslass\n|move|p2b: Froslass|Will-O-Wisp|p1b: Gallade\n|-status|p1b: Gallade|brn\n|move|p1a: Farigiraf|Beat Up|p1b: Gallade\n|-damage|p1b: Gallade|96/100 brn\n|-ability|p1b: Gallade|Justified|boost\n|-boost|p1b: Gallade|atk|1\n|-damage|p1b: Gallade|92/100 brn\n|-ability|p1b: Gallade|Justified|boost\n|-boost|p1b: Gallade|atk|1\n|-crit|p1b: Gallade\n|-damage|p1b: Gallade|87/100 brn\n|-ability|p1b: Gallade|Justified|boost\n|-boost|p1b: Gallade|atk|1\n|-hitcount|p1b: Gallade|3\n|move|p1b: Gallade|Substitute|p1b: Gallade\n|-start|p1b: Gallade|Substitute\n|-damage|p1b: Gallade|63/100 brn\n|move|p2a: Florges|Light Screen|p2a: Florges\n|-sidestart|p2: gasmask3|move: Light Screen\n|\n|-weather|Snowscape|[upkeep]\n|-damage|p1b: Gallade|57/100 brn|[from] brn\n|upkeep\n|turn|2\n|\n|t:|1776722856\n|detailschange|p1b: Gallade|Gallade-Mega, L50, M\n|-mega|p1b: Gallade|Gallade|Galladite\n|move|p1a: Farigiraf|Protect|p1a: Farigiraf\n|-singleturn|p1a: Farigiraf|Protect\n|move|p2b: Froslass|Blizzard|p1b: Gallade|[spread] p1b\n|-activate|p1a: Farigiraf|move: Protect\n|-end|p1b: Gallade|Substitute\n|move|p1b: Gallade|Night Slash|p2b: Froslass\n|-supereffective|p2b: Froslass|1\n|-damage|p2b: Froslass|22/100\n|move|p2a: Florges|Moonblast|p1b: Gallade\n|-supereffective|p1b: Gallade|1\n|-damage|p1b: Gallade|0 fnt\n|faint|p1b: Gallade\n|\n|-weather|Snowscape|[upkeep]\n|upkeep\n|\n|t:|1776722874\n|switch|p1b: Orthworm|Orthworm, L50, F|100/100\n|turn|3\n|\n|t:|1776722900\n|switch|p2b: Mamoswine|Mamoswine, L50, F, shiny|100/100\n|switch|p2a: Corviknight|Corviknight, L50, F|100/100\n|-ability|p2a: Corviknight|Unnerve\n|move|p1a: Farigiraf|Beat Up|p2b: Mamoswine\n|-damage|p2b: Mamoswine|98/100\n|-damage|p2b: Mamoswine|97/100\n|-damage|p2b: Mamoswine|95/100\n|-hitcount|p2b: Mamoswine|3\n|move|p1b: Orthworm|Heavy Slam|p2a: Corviknight\n|-resisted|p2a: Corviknight|1\n|-damage|p2a: Corviknight|89/100\n|\n|-weather|Snowscape|[upkeep]\n|-heal|p2a: Corviknight|95/100|[from] item: Leftovers\n|upkeep\n|turn|4\n|\n|t:|1776722925\n|switch|p1a: Garchomp|Garchomp, L50, F|100/100\n|move|p2b: Mamoswine|Knock Off|p1a: Garchomp\n|-damage|p1a: Garchomp|60/100\n|-damage|p2b: Mamoswine|82/100|[from] ability: Rough Skin|[of] p1a: Garchomp\n|-enditem|p1a: Garchomp|Choice Scarf|[from] move: Knock Off|[of] p2b: Mamoswine\n|move|p2a: Corviknight|Tailwind|p2a: Corviknight\n|-sidestart|p2: gasmask3|move: Tailwind\n|move|p1b: Orthworm|Iron Defense|p1b: Orthworm\n|-boost|p1b: Orthworm|def|2\n|\n|-weather|Snowscape|[upkeep]\n|-heal|p2a: Corviknight|100/100|[from] item: Leftovers\n|upkeep\n|turn|5\n|\n|t:|1776722956\n|move|p2b: Mamoswine|Earthquake|p1b: Orthworm|[spread] p1a\n|-immune|p1b: Orthworm|[from] ability: Earth Eater\n|-immune|p2a: Corviknight\n|-damage|p1a: Garchomp|17/100\n|move|p2a: Corviknight|Iron Head|p1a: Garchomp\n|-damage|p1a: Garchomp|0 fnt\n|-damage|p2a: Corviknight|88/100|[from] ability: Rough Skin|[of] p1a: Garchomp\n|faint|p1a: Garchomp\n|move|p1b: Orthworm|Body Press|p2b: Mamoswine\n|-supereffective|p2b: Mamoswine|1\n|-enditem|p2b: Mamoswine|Chople Berry|[eat]\n|-enditem|p2b: Mamoswine|Chople Berry|[weaken]\n|-damage|p2b: Mamoswine|43/100\n|\n|-weather|none\n|-heal|p2a: Corviknight|94/100|[from] item: Leftovers\n|-sideend|p2: gasmask3|move: Light Screen\n|upkeep\n|\n|t:|1776722971\n|switch|p1a: Farigiraf|Farigiraf, L50, F|100/100\n|turn|6\n|\n|t:|1776723001\n|move|p2b: Mamoswine|Stealth Rock|p1b: Orthworm\n|-sidestart|p1: SkylerVampurr|move: Stealth Rock\n|move|p2a: Corviknight|Brave Bird|p1b: Orthworm\n|-resisted|p1b: Orthworm|1\n|-damage|p1b: Orthworm|95/100\n|-damage|p2a: Corviknight|92/100|[from] Recoil\n|move|p1b: Orthworm|Iron Defense|p1b: Orthworm\n|-boost|p1b: Orthworm|def|2\n|move|p1a: Farigiraf|Trick Room|p1a: Farigiraf\n|-fieldstart|move: Trick Room|[of] p1a: Farigiraf\n|\n|-heal|p2a: Corviknight|98/100|[from] item: Leftovers\n|upkeep\n|turn|7\n|\n|t:|1776723035\n|move|p1b: Orthworm|Body Press|p2b: Mamoswine\n|-supereffective|p2b: Mamoswine|1\n|-damage|p2b: Mamoswine|0 fnt\n|faint|p2b: Mamoswine\n|move|p1a: Farigiraf|Hyper Voice|p2a: Corviknight\n|-resisted|p2a: Corviknight|1\n|-damage|p2a: Corviknight|79/100\n|move|p2a: Corviknight|Brave Bird|p1b: Orthworm\n|-resisted|p1b: Orthworm|1\n|-damage|p1b: Orthworm|92/100\n|-damage|p2a: Corviknight|77/100|[from] Recoil\n|\n|-heal|p2a: Corviknight|83/100|[from] item: Leftovers\n|-sideend|p2: gasmask3|move: Tailwind\n|upkeep\n|\n|t:|1776723048\n|switch|p2b: Froslass|Froslass-Mega, L50, F|22/100\n|-weather|Snowscape|[from] ability: Snow Warning|[of] p2b: Froslass\n|turn|8\n|\n|t:|1776723073\n|move|p1a: Farigiraf|Protect|p1a: Farigiraf\n|-singleturn|p1a: Farigiraf|Protect\n|move|p1b: Orthworm|Heavy Slam|p2b: Froslass\n|-supereffective|p2b: Froslass|1\n|-damage|p2b: Froslass|0 fnt\n|faint|p2b: Froslass\n|move|p2a: Corviknight|Iron Head|p1a: Farigiraf\n|-activate|p1a: Farigiraf|move: Protect\n|\n|-weather|Snowscape|[upkeep]\n|-heal|p2a: Corviknight|89/100|[from] item: Leftovers\n|upkeep\n|\n|t:|1776723083\n|switch|p2b: Florges|Florges, L50, F, shiny|100/100\n|turn|9\n|\n|t:|1776723096\n|move|p1b: Orthworm|Heavy Slam|p2b: Florges\n|-supereffective|p2b: Florges|1\n|-enditem|p2b: Florges|Babiri Berry|[eat]\n|-enditem|p2b: Florges|Babiri Berry|[weaken]\n|-damage|p2b: Florges|43/100\n|move|p2a: Corviknight|Brave Bird|p1a: Farigiraf\n|-damage|p1a: Farigiraf|62/100\n|-damage|p2a: Corviknight|74/100|[from] Recoil\n|move|p2b: Florges|Calm Mind|p2b: Florges\n|-boost|p2b: Florges|spa|1\n|-boost|p2b: Florges|spd|1\n|move|p1a: Farigiraf|Hyper Voice|p2a: Corviknight|[spread] p2a,p2b\n|-resisted|p2a: Corviknight|1\n|-damage|p2a: Corviknight|61/100\n|-damage|p2b: Florges|31/100\n|\n|-weather|Snowscape|[upkeep]\n|-heal|p2a: Corviknight|66/100|[from] item: Leftovers\n|upkeep\n|turn|10\n|\n|t:|1776723128\n|move|p1b: Orthworm|Heavy Slam|p2b: Florges\n|-supereffective|p2b: Florges|1\n|-crit|p2b: Florges\n|-damage|p2b: Florges|0 fnt\n|faint|p2b: Florges\n|move|p2a: Corviknight|Iron Head|p1a: Farigiraf\n|-damage|p1a: Farigiraf|35/100\n|move|p1a: Farigiraf|Hyper Voice|p2a: Corviknight\n|-resisted|p2a: Corviknight|1\n|-damage|p2a: Corviknight|47/100\n|\n|-weather|Snowscape|[upkeep]\n|-heal|p2a: Corviknight|53/100|[from] item: Leftovers\n|-fieldend|move: Trick Room\n|upkeep\n|turn|11\n|\n|t:|1776723147\n|move|p2a: Corviknight|Iron Head|p1a: Farigiraf\n|-damage|p1a: Farigiraf|8/100\n|move|p1b: Orthworm|Body Press|p2a: Corviknight\n|-damage|p2a: Corviknight|0 fnt\n|faint|p2a: Corviknight\n|\n|win|SkylerVampurr\n|raw|SkylerVampurr's rating: 1062 &rarr; <strong>1087</strong><br />(+25 for winning)\n|raw|gasmask3's rating: 1000 &rarr; <strong>1000</strong><br />(+0 for losing)\n|c|\u2606SkylerVampurr|gg\n|l|\u2606gasmask3\n|player|p2|\n",
  "uploadtime": 1776723173,
  "views": 5,
  "formatid": "gen9championsvgc2026regma",
  "rating": 1000,
  "private": 0,
  "password": null
}