{
  "id": "gen9championsvgc2026regma-2581274477",
  "format": "[Gen 9 Champions] VGC 2026 Reg M-A",
  "players": [
    "Chuggdot",
    "tastyfloop"
  ],
  "log": "|j|\u2606Chuggdot\n|j|\u2606tastyfloop\n|t:|1775979795\n|gametype|doubles\n|player|p1|Chuggdot|102|1274\n|player|p2|tastyfloop|265|1306\n|gen|9\n|tier|[Gen 9 Champions] VGC 2026 Reg M-A\n|rated|\n|rule|Species Clause: Limit one of each Pok\u00e9mon\n|rule|Item Clause: Limit 1 of each item\n|clearpoke\n|poke|p1|Empoleon, L50, M|\n|poke|p1|Sinistcha, L50|\n|poke|p1|Incineroar, L50, M|\n|poke|p1|Floette-Eternal, L50, F|\n|poke|p1|Aerodactyl, L50, M|\n|poke|p1|Mamoswine, L50, F|\n|poke|p2|Charizard, L50, F|\n|poke|p2|Incineroar, L50, M|\n|poke|p2|Kingambit, L50, F|\n|poke|p2|Garchomp, L50, F|\n|poke|p2|Whimsicott, L50, F|\n|poke|p2|Farigiraf, L50, F|\n|teampreview|4\n|inactive|Battle timer is ON: inactive players will automatically lose when time's up. (requested by Chuggdot)\n|inactive|Chuggdot has 60 seconds left.\n|inactive|tastyfloop has 60 seconds left.\n|j| gE1xjZRtuhW2DdT0AK\n|inactive|Chuggdot has 30 seconds left.\n|\n|t:|1775979865\n|teamsize|p1|4\n|teamsize|p2|4\n|start\n|switch|p1a: Floette|Floette-Eternal, L50, F|100/100\n|switch|p1b: Mamoswine|Mamoswine, L50, F|100/100\n|switch|p2a: sun whims|Whimsicott, L50, F|100/100\n|switch|p2b: Kingambit|Kingambit, L50, F|100/100\n|turn|1\n|\n|t:|1775979887\n|detailschange|p1a: Floette|Floette-Mega, L50, F\n|-mega|p1a: Floette|Floette|Floettite\n|-ability|p1a: Floette|Fairy Aura\n|move|p2a: sun whims|Tailwind|p2a: sun whims\n|-sidestart|p2: tastyfloop|move: Tailwind\n|move|p1b: Mamoswine|High Horsepower|p2b: Kingambit\n|-supereffective|p2b: Kingambit|1\n|-damage|p2b: Kingambit|15/100\n|move|p2b: Kingambit|Iron Head|p1a: Floette\n|-supereffective|p1a: Floette|1\n|-damage|p1a: Floette|0 fnt\n|faint|p1a: Floette\n|\n|upkeep\n|\n|t:|1775979898\n|switch|p1a: Sinistcha|Sinistcha, L50|100/100\n|turn|2\n|\n|t:|1775979923\n|switch|p2a: Charizard|Charizard, L50, F|100/100\n|move|p2b: Kingambit|Sucker Punch||[still]\n|-fail|p2b: Kingambit\n|move|p1b: Mamoswine|High Horsepower|p2b: Kingambit\n|-supereffective|p2b: Kingambit|1\n|-damage|p2b: Kingambit|0 fnt\n|faint|p2b: Kingambit\n|-end|p2b: Kingambit|fallenundefined|[silent]\n|move|p1a: Sinistcha|Trick Room|p1a: Sinistcha\n|-fieldstart|move: Trick Room|[of] p1a: Sinistcha\n|\n|upkeep\n|\n|t:|1775979934\n|switch|p2b: Garchomp|Garchomp, L50, F|100/100\n|turn|3\n|\n|t:|1775979958\n|switch|p1b: Empoleon|Empoleon, L50, M|100/100\n|detailschange|p2a: Charizard|Charizard-Mega-Y, L50, F\n|-mega|p2a: Charizard|Charizard|Charizardite Y\n|-weather|SunnyDay|[from] ability: Drought|[of] p2a: Charizard\n|move|p1a: Sinistcha|Matcha Gotcha|p2b: Garchomp|[spread] p2a,p2b\n|-resisted|p2a: Charizard|2\n|-damage|p2a: Charizard|95/100\n|-damage|p2b: Garchomp|72/100\n|-status|p2b: Garchomp|brn\n|move|p2a: Charizard|Heat Wave|p1b: Empoleon|[spread] p1a\n|-miss|p2a: Charizard|p1b: Empoleon\n|-supereffective|p1a: Sinistcha|1\n|-damage|p1a: Sinistcha|0 fnt\n|faint|p1a: Sinistcha\n|move|p2b: Garchomp|Earthquake|p1b: Empoleon|[spread] p1b\n|-immune|p2a: Charizard\n|-supereffective|p1b: Empoleon|1\n|-damage|p1b: Empoleon|58/100\n|\n|-weather|SunnyDay|[upkeep]\n|-heal|p1b: Empoleon|63/100|[from] item: Leftovers\n|-damage|p2b: Garchomp|66/100 brn|[from] brn\n|upkeep\n|\n|t:|1775979959\n|switch|p1a: Mamoswine|Mamoswine, L50, F|100/100\n|turn|4\n|inactive|tastyfloop has 30 seconds left.\n|inactive|tastyfloop has 20 seconds left.\n|\n|t:|1775979995\n|move|p1b: Empoleon|Flash Cannon|p2b: Garchomp\n|-damage|p2b: Garchomp|33/100 brn\n|move|p1a: Mamoswine|Rock Slide|p2a: Charizard|[spread] p2a,p2b\n|-supereffective|p2a: Charizard|2\n|-resisted|p2b: Garchomp|1\n|-damage|p2a: Charizard|0 fnt\n|-damage|p2b: Garchomp|23/100 brn\n|faint|p2a: Charizard\n|cant|p2b: Garchomp|flinch\n|\n|-weather|SunnyDay|[upkeep]\n|-heal|p1b: Empoleon|69/100|[from] item: Leftovers\n|-damage|p2b: Garchomp|17/100 brn|[from] brn\n|-sideend|p2: tastyfloop|move: Tailwind\n|upkeep\n|\n|t:|1775980007\n|switch|p2a: sun whims|Whimsicott, L50, F|100/100\n|turn|5\n|\n|t:|1775980015\n|move|p1b: Empoleon|Flash Cannon|p2b: Garchomp\n|-damage|p2b: Garchomp|0 fnt\n|faint|p2b: Garchomp\n|move|p2a: sun whims|Moonblast|p1b: Empoleon\n|-resisted|p1b: Empoleon|1\n|-damage|p1b: Empoleon|55/100\n|move|p1a: Mamoswine|Rock Slide|p2a: sun whims\n|-damage|p2a: sun whims|60/100\n|\n|-weather|SunnyDay|[upkeep]\n|-heal|p1b: Empoleon|61/100|[from] item: Leftovers\n|upkeep\n|turn|6\n|c|\u2606tastyfloop|gg\n|-message|tastyfloop forfeited.\n|\n|win|Chuggdot\n|raw|Chuggdot's rating: 1274 &rarr; <strong>1301</strong><br />(+27 for winning)\n|raw|tastyfloop's rating: 1306 &rarr; <strong>1284</strong><br />(-22 for losing)\n|l|\u2606tastyfloop\n|player|p2|\n|c|\u2606Chuggdot|gg, unlucky game\n",
  "uploadtime": 1775980035,
  "views": 19,
  "formatid": "gen9championsvgc2026regma",
  "rating": 1284,
  "private": 0,
  "password": null
}