{
  "id": "gen9championsvgc2026regma-2588576595",
  "format": "[Gen 9 Champions] VGC 2026 Reg M-A",
  "players": [
    "sirae",
    "blazegeo"
  ],
  "log": "|j|\u2606sirae\n|j|\u2606blazegeo\n|t:|1776646619\n|gametype|doubles\n|player|p1|sirae|caitlin|1101\n|player|p2|blazegeo|170|1057\n|gen|9\n|tier|[Gen 9 Champions] VGC 2026 Reg M-A\n|rated|\n|rule|Species Clause: Limit one of each Pok\u00e9mon\n|rule|Item Clause: Limit 1 of each item\n|clearpoke\n|poke|p1|Feraligatr, L50, F|\n|poke|p1|Farigiraf, L50, F|\n|poke|p1|Aegislash, L50, F|\n|poke|p1|Incineroar, L50, F|\n|poke|p1|Toxicroak, L50, F|\n|poke|p1|Sylveon, L50, F|\n|poke|p2|Aegislash, L50, M|\n|poke|p2|Klefki, L50, M|\n|poke|p2|Whimsicott, L50, F|\n|poke|p2|Tyranitar, L50, M|\n|poke|p2|Zoroark-Hisui, L50, F|\n|poke|p2|Drampa, L50, M|\n|teampreview|4\n|inactive|Battle timer is ON: inactive players will automatically lose when time's up. (requested by blazegeo)\n|inactive|sirae also wants the timer to be on.\n|inactive|sirae has 60 seconds left.\n|inactive|blazegeo has 60 seconds left.\n|\n|t:|1776646667\n|teamsize|p1|4\n|teamsize|p2|4\n|start\n|switch|p1a: Sylveon|Sylveon, L50, F|100/100\n|switch|p1b: Feraligatr|Feraligatr, L50, F|100/100\n|switch|p2a: Whimsicott|Whimsicott, L50, F|100/100\n|switch|p2b: Klefki|Klefki, L50, M|100/100\n|turn|1\n|\n|t:|1776646689\n|detailschange|p1b: Feraligatr|Feraligatr-Mega, L50, F\n|-mega|p1b: Feraligatr|Feraligatr|Feraligite\n|move|p1a: Sylveon|Hyper Voice|p2b: Klefki|[spread] p2a,p2b\n|-resisted|p2b: Klefki|1\n|-damage|p2a: Whimsicott|24/100\n|-damage|p2b: Klefki|73/100\n|replace|p2a: Zoroark|Zoroark-Hisui, L50, F\n|-end|p2a: Zoroark|Illusion\n|move|p2a: Zoroark|Taunt|p1a: Sylveon\n|-start|p1a: Sylveon|move: Taunt\n|move|p1b: Feraligatr|Liquidation|p2b: Klefki\n|-damage|p2b: Klefki|13/100\n|move|p2b: Klefki|Trick Room|p2b: Klefki\n|-fieldstart|move: Trick Room|[of] p2b: Klefki\n|\n|upkeep\n|turn|2\n|\n|t:|1776646713\n|switch|p2a: Tyranitar|Tyranitar, L50, M|100/100\n|-weather|Sandstorm|[from] ability: Sand Stream|[of] p2a: Tyranitar\n|move|p2b: Klefki|Reflect|p2b: Klefki\n|-sidestart|p2: blazegeo|Reflect\n|move|p1b: Feraligatr|Aqua Jet|p2b: Klefki\n|-damage|p2b: Klefki|0 fnt\n|faint|p2b: Klefki\n|move|p1a: Sylveon|Hyper Voice|p2a: Tyranitar\n|-supereffective|p2a: Tyranitar|1\n|-damage|p2a: Tyranitar|44/100\n|\n|-weather|Sandstorm|[upkeep]\n|-damage|p1b: Feraligatr|95/100|[from] Sandstorm\n|-damage|p1a: Sylveon|95/100|[from] Sandstorm\n|upkeep\n|\n|t:|1776646732\n|switch|p2b: Whimsicott|Whimsicott, L50, F|24/100\n|turn|3\n|\n|t:|1776646749\n|move|p1b: Feraligatr|Protect|p1b: Feraligatr\n|-singleturn|p1b: Feraligatr|Protect\n|move|p2a: Tyranitar|Stone Edge|p1a: Sylveon\n|-damage|p1a: Sylveon|7/100\n|move|p2b: Whimsicott|Bitter Malice|p1a: Sylveon\n|-damage|p1a: Sylveon|0 fnt\n|faint|p1a: Sylveon\n|\n|-weather|Sandstorm|[upkeep]\n|-damage|p1b: Feraligatr|89/100|[from] Sandstorm\n|-damage|p2b: Whimsicott|17/100|[from] Sandstorm\n|upkeep\n|\n|t:|1776646760\n|switch|p1a: Incineroar|Incineroar, L50, F|100/100\n|-ability|p1a: Incineroar|Intimidate|boost\n|-unboost|p2a: Tyranitar|atk|1\n|-unboost|p2b: Whimsicott|atk|1\n|-enditem|p2a: Tyranitar|White Herb\n|-clearnegativeboost|p2a: Tyranitar|[silent]\n|turn|4\n|\n|t:|1776646777\n|move|p2b: Whimsicott|Protect|p2b: Whimsicott\n|-singleturn|p2b: Whimsicott|Protect\n|move|p1a: Incineroar|Fake Out|p2a: Tyranitar\n|-resisted|p2a: Tyranitar|1\n|-damage|p2a: Tyranitar|41/100\n|move|p1b: Feraligatr|Aqua Jet|p2b: Whimsicott\n|-activate|p2b: Whimsicott|move: Protect\n|cant|p2a: Tyranitar|flinch\n|\n|-weather|Sandstorm|[upkeep]\n|-damage|p1b: Feraligatr|83/100|[from] Sandstorm\n|-damage|p1a: Incineroar|95/100|[from] Sandstorm\n|-damage|p2b: Whimsicott|11/100|[from] Sandstorm\n|upkeep\n|turn|5\n|inactive|blazegeo has 30 seconds left.\n|\n|t:|1776646808\n|switch|p1a: Aegislash|Aegislash, L50, F|100/100\n|move|p1b: Feraligatr|Aqua Jet|p2b: Whimsicott\n|-damage|p2b: Whimsicott|0 fnt\n|replace|p2b: Zoroark|Zoroark-Hisui, L50, F\n|-end|p2b: Zoroark|Illusion\n|faint|p2b: Zoroark\n|move|p2a: Tyranitar|Crunch|p1b: Feraligatr\n|-damage|p1b: Feraligatr|48/100\n|\n|-weather|Sandstorm|[upkeep]\n|-damage|p1b: Feraligatr|42/100|[from] Sandstorm\n|-fieldend|move: Trick Room\n|upkeep\n|\n|t:|1776646819\n|switch|p2b: Whimsicott|Whimsicott, L50, F|100/100\n|turn|6\n|\n|t:|1776646840\n|switch|p1b: Incineroar|Incineroar, L50, F|95/100\n|-ability|p1b: Incineroar|Intimidate|boost\n|-unboost|p2a: Tyranitar|atk|1\n|-unboost|p2b: Whimsicott|atk|1\n|move|p2b: Whimsicott|Moonblast|p1b: Incineroar\n|-damage|p1b: Incineroar|58/100\n|-unboost|p1b: Incineroar|spa|1\n|-formechange|p1a: Aegislash|Aegislash-Blade|\n|move|p1a: Aegislash|Flash Cannon|p2b: Whimsicott\n|-supereffective|p2b: Whimsicott|1\n|-damage|p2b: Whimsicott|0 fnt\n|faint|p2b: Whimsicott\n|move|p2a: Tyranitar|Stone Edge|p1b: Incineroar\n|-supereffective|p1b: Incineroar|1\n|-damage|p1b: Incineroar|0 fnt\n|faint|p1b: Incineroar\n|\n|-weather|none\n|-sideend|p2: blazegeo|Reflect\n|upkeep\n|\n|t:|1776646854\n|switch|p1b: Feraligatr|Feraligatr-Mega, L50, F|42/100\n|turn|7\n|\n|t:|1776646864\n|move|p1b: Feraligatr|Liquidation|p2a: Tyranitar\n|-supereffective|p2a: Tyranitar|1\n|-damage|p2a: Tyranitar|0 fnt\n|faint|p2a: Tyranitar\n|\n|win|sirae\n|raw|sirae's rating: 1101 &rarr; <strong>1123</strong><br />(+22 for winning)\n|raw|blazegeo's rating: 1057 &rarr; <strong>1041</strong><br />(-16 for losing)\n",
  "uploadtime": 1776646867,
  "views": 7,
  "formatid": "gen9championsvgc2026regma",
  "rating": 1041,
  "private": 0,
  "password": null
}