{
  "id": "gen9championsvgc2026regma-2587141023",
  "format": "[Gen 9 Champions] VGC 2026 Reg M-A",
  "players": [
    "seemeier",
    "MilkTeaWayGalaxy"
  ],
  "log": "|j|\u2606seemeier\n|j|\u2606MilkTeaWayGalaxy\n|t:|1776499390\n|gametype|doubles\n|player|p1|seemeier|170|1405\n|player|p2|MilkTeaWayGalaxy|rosa-pokestar3|1376\n|gen|9\n|tier|[Gen 9 Champions] VGC 2026 Reg M-A\n|rated|\n|rule|Species Clause: Limit one of each Pok\u00e9mon\n|rule|Item Clause: Limit 1 of each item\n|clearpoke\n|poke|p1|Gengar, L50, F|\n|poke|p1|Incineroar, L50, M|\n|poke|p1|Sneasler, L50, M|\n|poke|p1|Sinistcha, L50|\n|poke|p1|Aerodactyl, L50, M|\n|poke|p1|Kingambit, L50, F|\n|poke|p2|Milotic, L50, M|\n|poke|p2|Froslass, L50, F|\n|poke|p2|Sneasler, L50, F|\n|poke|p2|Gyarados, L50, F|\n|poke|p2|Incineroar, L50, M|\n|poke|p2|Sinistcha, L50|\n|teampreview|4\n|inactive|Battle timer is ON: inactive players will automatically lose when time's up. (requested by seemeier)\n|inactive|seemeier has 60 seconds left.\n|inactive|MilkTeaWayGalaxy has 60 seconds left.\n|\n|t:|1776499439\n|teamsize|p1|4\n|teamsize|p2|4\n|start\n|switch|p1a: Gengar|Gengar, L50, F|100/100\n|switch|p1b: Aerodactyl|Aerodactyl, L50, M|100/100\n|switch|p2a: Froslass|Froslass, L50, F|100/100\n|switch|p2b: Milotic|Milotic, L50, M|100/100\n|-ability|p1b: Aerodactyl|Unnerve\n|turn|1\n|\n|t:|1776499458\n|switch|p2a: Incineroar|Incineroar, L50, M|100/100\n|-ability|p2a: Incineroar|Intimidate|boost\n|-unboost|p1a: Gengar|atk|1\n|-unboost|p1b: Aerodactyl|atk|1\n|detailschange|p1a: Gengar|Gengar-Mega, L50, F\n|-mega|p1a: Gengar|Gengar|Gengarite\n|move|p1a: Gengar|Shadow Ball|p2a: Incineroar\n|-resisted|p2a: Incineroar|1\n|-damage|p2a: Incineroar|80/100\n|move|p1b: Aerodactyl|Rock Slide|p2a: Incineroar|[spread] p2b\n|-miss|p1b: Aerodactyl|p2a: Incineroar\n|-damage|p2b: Milotic|83/100\n|move|p2b: Milotic|Icy Wind|p1b: Aerodactyl|[spread] p1a,p1b\n|-supereffective|p1b: Aerodactyl|1\n|-damage|p1a: Gengar|88/100\n|-damage|p1b: Aerodactyl|74/100\n|-unboost|p1a: Gengar|spe|1\n|-unboost|p1b: Aerodactyl|spe|1\n|\n|upkeep\n|turn|2\n|\n|t:|1776499482\n|switch|p1b: Kingambit|Kingambit, L50, F|100/100\n|move|p1a: Gengar|Sludge Wave|p2a: Incineroar|[spread] p2a,p2b\n|-immune|p1b: Kingambit\n|-damage|p2a: Incineroar|46/100\n|-damage|p2b: Milotic|53/100\n|move|p2b: Milotic|Scald|p1b: Kingambit\n|-damage|p1b: Kingambit|70/100\n|move|p2a: Incineroar|Darkest Lariat|p1a: Gengar\n|-supereffective|p1a: Gengar|1\n|-damage|p1a: Gengar|0 fnt\n|faint|p1a: Gengar\n|\n|upkeep\n|inactive|seemeier has 30 seconds left.\n|\n|t:|1776499510\n|switch|p1a: Aerodactyl|Aerodactyl, L50, M|74/100\n|-ability|p1a: Aerodactyl|Unnerve\n|turn|3\n|\n|t:|1776499522\n|switch|p2a: Sneasler|Sneasler, L50, F|100/100\n|move|p1a: Aerodactyl|Rock Slide|p2a: Sneasler|[spread] p2b\n|-miss|p1a: Aerodactyl|p2a: Sneasler\n|-damage|p2b: Milotic|29/100\n|move|p2b: Milotic|Recover|p2b: Milotic\n|-heal|p2b: Milotic|79/100\n|move|p1b: Kingambit|Kowtow Cleave|p2b: Milotic\n|-damage|p2b: Milotic|21/100\n|\n|upkeep\n|turn|4\n|\n|t:|1776499541\n|switch|p1b: Sneasler|Sneasler, L50, M|100/100\n|move|p2a: Sneasler|Protect|p2a: Sneasler\n|-singleturn|p2a: Sneasler|Protect\n|move|p2b: Milotic|Protect|p2b: Milotic\n|-singleturn|p2b: Milotic|Protect\n|move|p1a: Aerodactyl|Tailwind|p1a: Aerodactyl\n|-sidestart|p1: seemeier|move: Tailwind\n|\n|upkeep\n|turn|5\n|\n|t:|1776499560\n|switch|p2a: Incineroar|Incineroar, L50, M|46/100\n|-ability|p2a: Incineroar|Intimidate|boost\n|-unboost|p1a: Aerodactyl|atk|1\n|-unboost|p1b: Sneasler|atk|1\n|-enditem|p1b: Sneasler|White Herb\n|-clearnegativeboost|p1b: Sneasler|[silent]\n|move|p1b: Sneasler|Dire Claw|p2b: Milotic\n|-damage|p2b: Milotic|0 fnt\n|faint|p2b: Milotic\n|move|p1a: Aerodactyl|Dual Wingbeat|p2a: Incineroar\n|-damage|p2a: Incineroar|36/100\n|-damage|p2a: Incineroar|25/100\n|-hitcount|p2a: Incineroar|2\n|\n|upkeep\n|\n|t:|1776499573\n|switch|p2b: Froslass|Froslass, L50, F|100/100\n|turn|6\n|\n|t:|1776499595\n|detailschange|p2b: Froslass|Froslass-Mega, L50, F\n|-mega|p2b: Froslass|Froslass|Froslassite\n|-weather|Snowscape|[from] ability: Snow Warning|[of] p2b: Froslass\n|move|p1b: Sneasler|Protect|p1b: Sneasler\n|-singleturn|p1b: Sneasler|Protect\n|move|p1a: Aerodactyl|Protect|p1a: Aerodactyl\n|-singleturn|p1a: Aerodactyl|Protect\n|move|p2a: Incineroar|Fake Out|p1a: Aerodactyl\n|-activate|p1a: Aerodactyl|move: Protect\n|move|p2b: Froslass|Aurora Veil|p2b: Froslass\n|-sidestart|p2: MilkTeaWayGalaxy|move: Aurora Veil\n|\n|-weather|Snowscape|[upkeep]\n|upkeep\n|turn|7\n|\n|t:|1776499616\n|switch|p2a: Sneasler|Sneasler, L50, F|100/100\n|move|p1b: Sneasler|Dire Claw|p2b: Froslass\n|-resisted|p2b: Froslass|1\n|-damage|p2b: Froslass|85/100\n|move|p1a: Aerodactyl|Rock Slide|p2b: Froslass|[spread] p2a,p2b\n|-resisted|p2a: Sneasler|1\n|-supereffective|p2b: Froslass|1\n|-damage|p2a: Sneasler|92/100\n|-damage|p2b: Froslass|64/100\n|move|p2b: Froslass|Blizzard|p1a: Aerodactyl|[spread] p1a,p1b\n|-supereffective|p1a: Aerodactyl|1\n|-damage|p1a: Aerodactyl|0 fnt\n|-damage|p1b: Sneasler|41/100\n|faint|p1a: Aerodactyl\n|\n|-weather|Snowscape|[upkeep]\n|-sideend|p1: seemeier|move: Tailwind\n|upkeep\n|\n|t:|1776499629\n|switch|p1a: Kingambit|Kingambit, L50, F|70/100\n|turn|8\n|\n|t:|1776499638\n|move|p2b: Froslass|Protect|p2b: Froslass\n|-singleturn|p2b: Froslass|Protect\n|move|p1a: Kingambit|Sucker Punch||[still]\n|-fail|p1a: Kingambit\n|move|p1b: Sneasler|Dire Claw|p2a: Sneasler\n|-resisted|p2a: Sneasler|1\n|-damage|p2a: Sneasler|69/100\n|move|p2a: Sneasler|Close Combat|p1a: Kingambit\n|-supereffective|p1a: Kingambit|2\n|-damage|p1a: Kingambit|0 fnt\n|-unboost|p2a: Sneasler|def|1\n|-unboost|p2a: Sneasler|spd|1\n|faint|p1a: Kingambit\n|-enditem|p2a: Sneasler|White Herb\n|-clearnegativeboost|p2a: Sneasler|[silent]\n|\n|-weather|Snowscape|[upkeep]\n|upkeep\n|turn|9\n|-message|seemeier forfeited.\n|\n|win|MilkTeaWayGalaxy\n|raw|seemeier's rating: 1405 &rarr; <strong>1383</strong><br />(-22 for losing)\n|raw|MilkTeaWayGalaxy's rating: 1376 &rarr; <strong>1398</strong><br />(+22 for winning)\n|l|\u2606seemeier\n|player|p1|\n",
  "uploadtime": 1776499651,
  "views": 35,
  "formatid": "gen9championsvgc2026regma",
  "rating": 1383,
  "private": 0,
  "password": null
}