{
  "id": "gen9championsvgc2026regma-2584910181",
  "format": "[Gen 9 Champions] VGC 2026 Reg M-A",
  "players": [
    "Skelitron",
    "2manychromazones"
  ],
  "log": "|j|\u2606Skelitron\n|j|\u26062manychromazones\n|html|<table width=\"100%\"><tr><td align=\"left\">Skelitron</td><td align=\"right\">2manychromazones</tr><tr><td align=\"left\"><i class=\"fa fa-circle-o\"></i> <i class=\"fa fa-circle-o\"></i> </td><td align=\"right\"><i class=\"fa fa-circle-o\"></i> <i class=\"fa fa-circle-o\"></i> </tr></table>\n|uhtml|bestof|<h2><strong>Game 1</strong> of <a href=\"/game-bestof3-gen9championsvgc2026regma-2584910180\">a best-of-3</a></h2>\n|t:|1776293683\n|gametype|doubles\n|player|p1|Skelitron|hilda-wonderlauncher|\n|player|p2|2manychromazones|102|\n|gen|9\n|tier|[Gen 9 Champions] VGC 2026 Reg M-A\n|rule|Species Clause: Limit one of each Pok\u00e9mon\n|rule|Item Clause: Limit 1 of each item\n|raw|<div class=\"infobox\"><details class=\"readmore\" open><summary><strong>1 custom rule:</strong></summary> Best of = 3</details></div>\n|clearpoke\n|poke|p1|Chimecho, L50, F|\n|poke|p1|Incineroar, L50, F|\n|poke|p1|Mimikyu, L50, M|\n|poke|p1|Rhyperior, L50, F|\n|poke|p1|Hydreigon, L50, M|\n|poke|p1|Kangaskhan, L50, F|\n|poke|p2|Gardevoir, L50, M|\n|poke|p2|Torkoal, L50, F|\n|poke|p2|Leafeon, L50, F|\n|poke|p2|Armarouge, L50, M|\n|poke|p2|Charizard, L50, M|\n|poke|p2|Primarina, L50, M|\n|teampreview|4\n2manychromazones rejected open team sheets.\n|\n|t:|1776293709\n|teamsize|p1|4\n|teamsize|p2|4\n|start\n|switch|p1a: Incineroar|Incineroar, L50, F|100/100\n|switch|p1b: Rhyperior|Rhyperior, L50, F|100/100\n|switch|p2a: Torkoal|Torkoal, L50, F, shiny|100/100\n|switch|p2b: Leafeon|Leafeon, L50, F, shiny|100/100\n|-ability|p1a: Incineroar|Intimidate|boost\n|-unboost|p2a: Torkoal|atk|1\n|-unboost|p2b: Leafeon|atk|1\n|-weather|SunnyDay|[from] ability: Drought|[of] p2a: Torkoal\n|turn|1\n|\n|t:|1776293739\n|move|p1a: Incineroar|Fake Out|p2b: Leafeon\n|-damage|p2b: Leafeon|91/100\n|cant|p2b: Leafeon|flinch\n|move|p1b: Rhyperior|High Horsepower|p2a: Torkoal\n|-supereffective|p2a: Torkoal|1\n|-damage|p2a: Torkoal|11/100\n|move|p2a: Torkoal|Earth Power|p1b: Rhyperior\n|-supereffective|p1b: Rhyperior|1\n|-damage|p1b: Rhyperior|53/100\n|\n|-weather|SunnyDay|[upkeep]\n|upkeep\n|turn|2\n|\n|t:|1776293763\n|move|p1b: Rhyperior|Protect|p1b: Rhyperior\n|-singleturn|p1b: Rhyperior|Protect\n|move|p2b: Leafeon|Solar Blade||[still]\n|-prepare|p2b: Leafeon|Solar Blade\n|-anim|p2b: Leafeon|Solar Blade|p1b: Rhyperior\n|-activate|p1b: Rhyperior|move: Protect\n|move|p1a: Incineroar|Flare Blitz|p2b: Leafeon\n|-supereffective|p2b: Leafeon|1\n|-damage|p2b: Leafeon|0 fnt\n|faint|p2b: Leafeon\n|-damage|p1a: Incineroar|75/100|[from] Recoil\n|move|p2a: Torkoal|Earth Power|p1b: Rhyperior\n|-activate|p1b: Rhyperior|move: Protect\n|\n|-weather|SunnyDay|[upkeep]\n|upkeep\n|\n|t:|1776293778\n|switch|p2b: Armarouge|Armarouge, L50, M|100/100\n|turn|3\n|\n|t:|1776293790\n|switch|p1b: Mascot|Mimikyu, L50, M, shiny|100/100\n|move|p2b: Armarouge|Protect|p2b: Armarouge\n|-singleturn|p2b: Armarouge|Protect\n|move|p1a: Incineroar|Snarl|p2b: Armarouge|[spread] p2a\n|-activate|p2b: Armarouge|move: Protect\n|-damage|p2a: Torkoal|0 fnt\n|faint|p2a: Torkoal\n|\n|-weather|SunnyDay|[upkeep]\n|upkeep\n|\n|t:|1776293801\n|switch|p2a: Charizard|Charizard, L50, M, shiny|100/100\n|turn|4\n|\n|t:|1776293837\n|detailschange|p2a: Charizard|Charizard-Mega-Y, L50, M, shiny\n|-mega|p2a: Charizard|Charizard|Charizardite Y\n|move|p2b: Armarouge|Protect|p2b: Armarouge\n|-singleturn|p2b: Armarouge|Protect\n|move|p2a: Charizard|Flamethrower|p1b: Mascot\n|-activate|p1b: Mascot|ability: Disguise\n|-damage|p1b: Mascot|100/100\n|-status|p1b: Mascot|brn\n|detailschange|p1b: Mascot|Mimikyu-Busted, L50, M, shiny\n|-damage|p1b: Mascot|88/100 brn|[from] pokemon: Mimikyu-Busted\n|move|p1a: Incineroar|Parting Shot|p2a: Charizard\n|-unboost|p2a: Charizard|atk|1\n|-unboost|p2a: Charizard|spa|1\n|\n|t:|1776293850\n|switch|p1a: Rhyperior|Rhyperior, L50, F|53/100|[from] Parting Shot\n|move|p1b: Mascot|Trick Room|p1b: Mascot\n|-fieldstart|move: Trick Room|[of] p1b: Mascot\n|\n|-weather|SunnyDay|[upkeep]\n|-damage|p1b: Mascot|82/100 brn|[from] brn\n|upkeep\n|turn|5\n|\n|t:|1776293870\n|move|p1b: Mascot|Shadow Sneak|p2b: Armarouge\n|-supereffective|p2b: Armarouge|1\n|-damage|p2b: Armarouge|80/100\n|-ability|p2b: Armarouge|Weak Armor|boost\n|-unboost|p2b: Armarouge|def|1\n|-boost|p2b: Armarouge|spe|2\n|move|p1a: Rhyperior|Rock Slide|p2b: Armarouge|[spread] p2a\n|-miss|p1a: Rhyperior|p2b: Armarouge\n|-supereffective|p2a: Charizard|2\n|-damage|p2a: Charizard|0 fnt\n|faint|p2a: Charizard\n|move|p2b: Armarouge|Energy Ball|p1a: Rhyperior\n|-supereffective|p1a: Rhyperior|2\n|-enditem|p1a: Rhyperior|Rindo Berry|[eat]\n|-enditem|p1a: Rhyperior|Rindo Berry|[weaken]\n|-damage|p1a: Rhyperior|0 fnt\n|faint|p1a: Rhyperior\n|\n|-weather|none\n|-damage|p1b: Mascot|76/100 brn|[from] brn\n|upkeep\n|\n|t:|1776293887\n|switch|p1a: Kangaskhan|Kangaskhan, L50, F, shiny|100/100\n|turn|6\n|\n|t:|1776293895\n|detailschange|p1a: Kangaskhan|Kangaskhan-Mega, L50, F, shiny\n|-mega|p1a: Kangaskhan|Kangaskhan|Kangaskhanite\n|move|p1a: Kangaskhan|Fake Out|p2b: Armarouge\n|-damage|p2b: Armarouge|40/100\n|-ability|p2b: Armarouge|Weak Armor|boost\n|-unboost|p2b: Armarouge|def|1\n|-boost|p2b: Armarouge|spe|2\n|-damage|p2b: Armarouge|29/100\n|-ability|p2b: Armarouge|Weak Armor|boost\n|-unboost|p2b: Armarouge|def|1\n|-boost|p2b: Armarouge|spe|2\n|-hitcount|p2b: Armarouge|2\n|move|p1b: Mascot|Shadow Sneak|p2b: Armarouge\n|-supereffective|p2b: Armarouge|1\n|-crit|p2b: Armarouge\n|-damage|p2b: Armarouge|0 fnt\n|faint|p2b: Armarouge\n|\n|win|Skelitron\n|inactive|Skelitron has 30 seconds to confirm battle start!\n|inactive|2manychromazones has 30 seconds to confirm battle start!\n||Skelitron is ready for game 2.\n|l|\u26062manychromazones\n|player|p2|\n|inactive|2manychromazones has 20 seconds to confirm battle start!\n|inactive|2manychromazones has 10 seconds to confirm battle start!\n|uhtml|next|Next: <a href=\"/battle-gen9championsvgc2026regma-2584912916\"><strong>Game 2 of 3</strong></a>\n",
  "uploadtime": 1776294233,
  "views": 40,
  "formatid": "gen9championsvgc2026regma",
  "rating": null,
  "private": 0,
  "password": null
}