{
  "id": "gen9championsvgc2026regma-2587449158",
  "format": "[Gen 9 Champions] VGC 2026 Reg M-A",
  "players": [
    "rorain fearow",
    "hehe moon"
  ],
  "log": "|j|\u2606rorain fearow\n|j|\u2606hehe moon\n|t:|1776532743\n|gametype|doubles\n|player|p1|rorain fearow|birdkeeper|\n|player|p2|hehe moon|cheryl|\n|gen|9\n|tier|[Gen 9 Champions] VGC 2026 Reg M-A\n|rated|Tournament battle\n|rule|Species Clause: Limit one of each Pok\u00e9mon\n|rule|Item Clause: Limit 1 of each item\n|raw|<div class=\"infobox\"><details class=\"readmore\" open><summary><strong>1 custom rule:</strong></summary> Force Open Team Sheets</details></div>\n|clearpoke\n|poke|p1|Skarmory, L50, M|\n|poke|p1|Kommo-o, L50, F|\n|poke|p1|Sinistcha, L50|\n|poke|p1|Tyranitar, L50, M|\n|poke|p1|Excadrill, L50, F|\n|poke|p1|Incineroar, L50, F|\n|poke|p2|Garchomp, L50, M|\n|poke|p2|Tyranitar, L50, F|\n|poke|p2|Incineroar, L50, F|\n|poke|p2|Corviknight, L50, M|\n|poke|p2|Rotom-Wash, L50|\n|poke|p2|Sinistcha, L50|\n|teampreview|4\n|showteam|p1|Skarmory||Skarmorite|WeakArmor|IronHead,DualWingbeat,Tailwind,Protect|||M|||50|]Kommo-o||HabanBerry|Overcoat|ClangingScales,AuraSphere,ClangorousSoul,Protect|||F|||50|]Sinistcha||OccaBerry|Hospitality|MatchaGotcha,StrengthSap,RagePowder,TrickRoom||||||50|]Tyranitar||ChoiceScarf|SandStream|RockSlide,StoneEdge,KnockOff,LowKick|||M|||50|]Excadrill||FocusSash|SandRush|Earthquake,StompingTantrum,IronHead,Protect|||F|||50|]Incineroar||PasshoBerry|Intimidate|FlareBlitz,DarkestLariat,FakeOut,PartingShot|||F|||50|\n|showteam|p2|Garchomp||Garchompite|SandVeil|Earthquake,ScaleShot,SwordsDance,Protect|||M|||50|]Tyranitar||RoseliBerry|SandStream|RockSlide,LashOut,LowKick,Protect|||F|||50|]Incineroar||ChopleBerry|Intimidate|FlareBlitz,FakeOut,PartingShot,Protect|||F|||50|]Corviknight||Leftovers|MirrorArmor|BraveBird,IronHead,Tailwind,Roost|||M|||50|]Rotom-Wash||SitrusBerry|Levitate|HydroPump,VoltSwitch,WillOWisp,PainSplit||||||50|]Sinistcha||MiracleSeed|Hospitality|MatchaGotcha,RagePowder,Imprison,TrickRoom||||||50|\n|inactive|Battle timer is ON: inactive players will automatically lose when time's up. (requested by hehe moon)\n|j| Red Fang X\n|j| i always liked you\n|inactive|rorain fearow has 60 seconds left.\n|inactive|hehe moon has 60 seconds left.\n|j| Luigi Magnezone\n|l| Luigi Magnezone\n|inactive|rorain fearow has 30 seconds left.\n|c|\u2606rorain fearow|glhf\n|inactive|rorain fearow has 20 seconds left.\n|inactive|rorain fearow has 15 seconds left.\n|\n|t:|1776532819\n|teamsize|p1|4\n|teamsize|p2|4\n|start\n|switch|p1a: Skarmory|Skarmory, L50, M|100/100\n|switch|p1b: Kommo-o|Kommo-o, L50, F|100/100\n|switch|p2a: Corviknight|Corviknight, L50, M|100/100\n|switch|p2b: Rotom|Rotom-Wash, L50|100/100\n|turn|1\n|j| hiyopon\n|inactive|rorain fearow has 30 seconds left.\n|inactive|rorain fearow has 20 seconds left.\n|\n|t:|1776532856\n|detailschange|p1a: Skarmory|Skarmory-Mega, L50, M\n|-mega|p1a: Skarmory|Skarmory|Skarmorite\n|move|p1a: Skarmory|Iron Head|p2a: Corviknight\n|-resisted|p2a: Corviknight|1\n|-damage|p2a: Corviknight|81/100\n|move|p1b: Kommo-o|Aura Sphere|p2a: Corviknight\n|-damage|p2a: Corviknight|41/100\n|move|p2b: Rotom|Will-O-Wisp|p1a: Skarmory\n|-status|p1a: Skarmory|brn\n|move|p2a: Corviknight|Tailwind|p2a: Corviknight\n|-sidestart|p2: hehe moon|move: Tailwind\n|\n|-heal|p2a: Corviknight|47/100|[from] item: Leftovers\n|-damage|p1a: Skarmory|95/100 brn|[from] brn\n|upkeep\n|turn|2\n|\n|t:|1776532873\n|switch|p1a: Incineroar|Incineroar, L50, F|100/100\n|-ability|p1a: Incineroar|Intimidate|boost\n|-ability|p2a: Corviknight|Mirror Armor\n|-unboost|p1a: Incineroar|atk|1\n|-unboost|p2b: Rotom|atk|1\n|move|p1b: Kommo-o|Protect|p1b: Kommo-o\n|-singleturn|p1b: Kommo-o|Protect\n|move|p2b: Rotom|Volt Switch|p1a: Incineroar\n|-damage|p1a: Incineroar|76/100\n|\n|t:|1776532879\n|switch|p2b: Incineroar|Incineroar, L50, F|100/100|[from] Volt Switch\n|-ability|p2b: Incineroar|Intimidate|boost\n|-unboost|p1a: Incineroar|atk|1\n|-unboost|p1b: Kommo-o|atk|1\n|move|p2a: Corviknight|Roost|p2a: Corviknight\n|-heal|p2a: Corviknight|97/100\n|-singleturn|p2a: Corviknight|move: Roost\n|\n|-heal|p2a: Corviknight|100/100|[from] item: Leftovers\n|upkeep\n|turn|3\n|\n|t:|1776532894\n|move|p2b: Incineroar|Fake Out|p1a: Incineroar\n|-damage|p1a: Incineroar|65/100\n|cant|p1a: Incineroar|flinch\n|move|p2a: Corviknight|Brave Bird|p1b: Kommo-o\n|-supereffective|p1b: Kommo-o|1\n|-damage|p1b: Kommo-o|8/100\n|-damage|p2a: Corviknight|76/100|[from] Recoil\n|move|p1b: Kommo-o|Clangorous Soul||[still]\n|-fail|p1b: Kommo-o\n|\n|-heal|p2a: Corviknight|82/100|[from] item: Leftovers\n|upkeep\n|turn|4\n|\n|t:|1776532908\n|move|p1b: Kommo-o|Protect|p1b: Kommo-o\n|-singleturn|p1b: Kommo-o|Protect\n|move|p2a: Corviknight|Iron Head|p1b: Kommo-o\n|-activate|p1b: Kommo-o|move: Protect\n|move|p2b: Incineroar|Parting Shot|p1a: Incineroar\n|-unboost|p1a: Incineroar|atk|1\n|-unboost|p1a: Incineroar|spa|1\n|j| 123abv\n|\n|t:|1776532912\n|switch|p2b: Garchomp|Garchomp, L50, M|100/100|[from] Parting Shot\n|move|p1a: Incineroar|Parting Shot|p2b: Garchomp\n|-unboost|p2b: Garchomp|atk|1\n|-unboost|p2b: Garchomp|spa|1\n|\n|t:|1776532918\n|switch|p1a: Sinistcha|Sinistcha, L50|100/100|[from] Parting Shot\n|-heal|p1b: Kommo-o|32/100|[from] ability: Hospitality|[of] p1a: Sinistcha\n|\n|-heal|p2a: Corviknight|88/100|[from] item: Leftovers\n|-sideend|p2: hehe moon|move: Tailwind\n|upkeep\n|turn|5\n|j| Arksurit\n|l| hiyopon\n|j| knoxxzeta\n|\n|t:|1776532938\n|switch|p1b: Skarmory|Skarmory-Mega, L50, M|95/100 brn\n|detailschange|p2b: Garchomp|Garchomp-Mega, L50, M\n|-mega|p2b: Garchomp|Garchomp|Garchompite\n|move|p2b: Garchomp|Scale Shot|p1b: Skarmory|[miss]\n|-miss|p2b: Garchomp|p1b: Skarmory\n|move|p2a: Corviknight|Brave Bird|p1a: Sinistcha\n|-supereffective|p1a: Sinistcha|1\n|-damage|p1a: Sinistcha|15/100\n|-damage|p2a: Corviknight|63/100|[from] Recoil\n|move|p1a: Sinistcha|Strength Sap|p2a: Corviknight\n|-ability|p2a: Corviknight|Mirror Armor\n|-unboost|p1a: Sinistcha|atk|1\n|-heal|p1a: Sinistcha|95/100\n|\n|-heal|p2a: Corviknight|69/100|[from] item: Leftovers\n|-damage|p1b: Skarmory|89/100 brn|[from] brn\n|upkeep\n|turn|6\n|inactive|rorain fearow has 30 seconds left.\n|\n|t:|1776532965\n|switch|p2b: Incineroar|Incineroar, L50, F|100/100\n|-ability|p2b: Incineroar|Intimidate|boost\n|-unboost|p1a: Sinistcha|atk|1\n|-unboost|p1b: Skarmory|atk|1\n|switch|p1a: Incineroar|Incineroar, L50, F|65/100\n|-ability|p1a: Incineroar|Intimidate|boost\n|-ability|p2a: Corviknight|Mirror Armor\n|-unboost|p1a: Incineroar|atk|1\n|-unboost|p2b: Incineroar|atk|1\n|move|p1b: Skarmory|Tailwind|p1b: Skarmory\n|-sidestart|p1: rorain fearow|move: Tailwind\n|move|p2a: Corviknight|Brave Bird|p1a: Incineroar\n|-crit|p1a: Incineroar\n|-damage|p1a: Incineroar|0 fnt\n|faint|p1a: Incineroar\n|-damage|p2a: Corviknight|48/100|[from] Recoil\n|\n|-heal|p2a: Corviknight|54/100|[from] item: Leftovers\n|-damage|p1b: Skarmory|83/100 brn|[from] brn\n|upkeep\n|j| bl4ze4444\n|\n|t:|1776532977\n|switch|p1a: Sinistcha|Sinistcha, L50|95/100\n|-heal|p1b: Skarmory|100/100 brn|[from] ability: Hospitality|[of] p1a: Sinistcha\n|turn|7\n|j|%Yuichi\n|\n|t:|1776532990\n|switch|p1b: Kommo-o|Kommo-o, L50, F|32/100\n|move|p1a: Sinistcha|Matcha Gotcha|p2a: Corviknight|[spread] p2a,p2b\n|-resisted|p2a: Corviknight|2\n|-resisted|p2b: Incineroar|1\n|-damage|p2a: Corviknight|48/100\n|-heal|p1a: Sinistcha|99/100|[from] drain|[of] p2a: Corviknight\n|-damage|p2b: Incineroar|91/100\n|-heal|p1a: Sinistcha|100/100|[from] drain|[of] p2b: Incineroar\n|move|p2a: Corviknight|Roost|p2a: Corviknight\n|-heal|p2a: Corviknight|98/100\n|-singleturn|p2a: Corviknight|move: Roost\n|move|p2b: Incineroar|Flare Blitz|p1a: Sinistcha\n|-supereffective|p1a: Sinistcha|1\n|-enditem|p1a: Sinistcha|Occa Berry|[eat]\n|-enditem|p1a: Sinistcha|Occa Berry|[weaken]\n|-damage|p1a: Sinistcha|71/100\n|-damage|p2b: Incineroar|82/100|[from] Recoil\n|\n|-heal|p2a: Corviknight|100/100|[from] item: Leftovers\n|upkeep\n|turn|8\n|j|%Tb0lt\n|\n|t:|1776533013\n|switch|p1a: Skarmory|Skarmory-Mega, L50, M|100/100 brn\n|move|p1b: Kommo-o|Protect|p1b: Kommo-o\n|-singleturn|p1b: Kommo-o|Protect\n|move|p2a: Corviknight|Brave Bird|p1b: Kommo-o\n|-activate|p1b: Kommo-o|move: Protect\n|move|p2b: Incineroar|Parting Shot|p1a: Skarmory\n|-unboost|p1a: Skarmory|atk|1\n|-unboost|p1a: Skarmory|spa|1\n|\n|t:|1776533024\n|switch|p2b: Rotom|Rotom-Wash, L50|100/100|[from] Parting Shot\n|\n|-damage|p1a: Skarmory|95/100 brn|[from] brn\n|upkeep\n|turn|9\n|l|%Yuichi\n|l|%Tb0lt\n|\n|t:|1776533048\n|move|p1a: Skarmory|Iron Head|p2a: Corviknight\n|-resisted|p2a: Corviknight|1\n|-crit|p2a: Corviknight\n|-damage|p2a: Corviknight|86/100\n|move|p1b: Kommo-o|Aura Sphere|p2a: Corviknight\n|-damage|p2a: Corviknight|50/100\n|move|p2b: Rotom|Volt Switch|p1a: Skarmory\n|-supereffective|p1a: Skarmory|1\n|-damage|p1a: Skarmory|38/100 brn\n|j| SmolivOilVGC\n|\n|t:|1776533064\n|switch|p2b: Garchomp|Garchomp-Mega, L50, M|100/100|[from] Volt Switch\n|cant|p2a: Corviknight|flinch\n|\n|-heal|p2a: Corviknight|56/100|[from] item: Leftovers\n|-damage|p1a: Skarmory|32/100 brn|[from] brn\n|-sideend|p1: rorain fearow|move: Tailwind\n|upkeep\n|turn|10\n|j| gayaoi\n|inactive|rorain fearow has 30 seconds left.\n|l| SmolivOilVGC\n|\n|t:|1776533092\n|move|p1b: Kommo-o|Protect|p1b: Kommo-o\n|-singleturn|p1b: Kommo-o|Protect\n|move|p1a: Skarmory|Tailwind|p1a: Skarmory\n|-sidestart|p1: rorain fearow|move: Tailwind\n|move|p2b: Garchomp|Scale Shot|p1b: Kommo-o\n|-activate|p1b: Kommo-o|move: Protect\n|move|p2a: Corviknight|Tailwind|p2a: Corviknight\n|-sidestart|p2: hehe moon|move: Tailwind\n|\n|-heal|p2a: Corviknight|62/100|[from] item: Leftovers\n|-damage|p1a: Skarmory|26/100 brn|[from] brn\n|upkeep\n|turn|11\n|l| gayaoi\n|\n|t:|1776533113\n|move|p1a: Skarmory|Iron Head|p2b: Garchomp\n|-damage|p2b: Garchomp|89/100\n|move|p2b: Garchomp|Scale Shot|p1b: Kommo-o\n|-supereffective|p1b: Kommo-o|1\n|-enditem|p1b: Kommo-o|Haban Berry|[eat]\n|-enditem|p1b: Kommo-o|Haban Berry|[weaken]\n|-damage|p1b: Kommo-o|17/100\n|-supereffective|p1b: Kommo-o|1\n|-damage|p1b: Kommo-o|0 fnt\n|faint|p1b: Kommo-o\n|-hitcount|p1: Kommo-o|2\n|-unboost|p2b: Garchomp|def|1\n|-boost|p2b: Garchomp|spe|1\n|move|p2a: Corviknight|Roost|p2a: Corviknight\n|-heal|p2a: Corviknight|100/100\n|-singleturn|p2a: Corviknight|move: Roost\n|\n|-damage|p1a: Skarmory|20/100 brn|[from] brn\n|upkeep\n|\n|t:|1776533127\n|switch|p1b: Sinistcha|Sinistcha, L50|71/100\n|-heal|p1a: Skarmory|45/100 brn|[from] ability: Hospitality|[of] p1b: Sinistcha\n|turn|12\n|-message|rorain fearow forfeited.\n|\n|win|hehe moon\n|n|\u2606rorain fearow|rorainfearow\n|n|\u2606hehe moon|hehemoon\n|n| Red Fang X|redfangx\n|n| i always liked you|ialwayslikedyou\n|n| 123abv|123abv\n|n| Arksurit|arksurit\n|n| knoxxzeta|knoxxzeta\n|n| bl4ze4444|bl4ze4444\n|c|\u2606rorain fearow|gg\n|l|\u2606rorain fearow\n|player|p1|\n|l| Arksurit\n|l| Red Fang X\n|l| knoxxzeta\n|l| 123abv\n|l| i always liked you\n|l|\u2606hehe moon\n|player|p2|\n",
  "uploadtime": 1776534023,
  "views": 11,
  "formatid": "gen9championsvgc2026regma",
  "rating": null,
  "private": 0,
  "password": null
}