{
  "id": "gen9championsvgc2026regma-2587204031",
  "format": "[Gen 9 Champions] VGC 2026 Reg M-A",
  "players": [
    "VivaPardini",
    "canela_kuklcan"
  ],
  "log": "|j|\u2606VivaPardini\n|j|\u2606canela_kuklcan\n|t:|1776508515\n|gametype|doubles\n|player|p1|VivaPardini|1|1270\n|player|p2|canela_kuklcan|red|1219\n|gen|9\n|tier|[Gen 9 Champions] VGC 2026 Reg M-A\n|rated|\n|rule|Species Clause: Limit one of each Pok\u00e9mon\n|rule|Item Clause: Limit 1 of each item\n|clearpoke\n|poke|p1|Whimsicott, L50, F|\n|poke|p1|Politoed, L50, F|\n|poke|p1|Meganium, L50, M|\n|poke|p1|Archaludon, L50, F|\n|poke|p1|Arcanine-Hisui, L50, F|\n|poke|p1|Sneasler, L50, M|\n|poke|p2|Drampa, L50, M, shiny|\n|poke|p2|Farigiraf, L50, M, shiny|\n|poke|p2|Sinistcha, L50|\n|poke|p2|Torkoal, L50, F|\n|poke|p2|Kingambit, L50, F|\n|poke|p2|Conkeldurr, L50, M, shiny|\n|teampreview|4\n|inactive|Battle timer is ON: inactive players will automatically lose when time's up. (requested by canela_kuklcan)\n|\n|t:|1776508564\n|teamsize|p1|4\n|teamsize|p2|4\n|start\n|switch|p1a: Sneasler|Sneasler, L50, M|100/100\n|switch|p1b: Arcanine|Arcanine-Hisui, L50, F|100/100\n|switch|p2a: Farigiraf|Farigiraf, L50, M, shiny|100/100\n|switch|p2b: Conkeldurr|Conkeldurr, L50, M, shiny|100/100\n|-ability|p1b: Arcanine|Intimidate|boost\n|-unboost|p2a: Farigiraf|atk|1\n|-unboost|p2b: Conkeldurr|atk|1\n|-enditem|p2b: Conkeldurr|White Herb\n|-clearnegativeboost|p2b: Conkeldurr|[silent]\n|turn|1\n|inactive|VivaPardini has 30 seconds left.\n|inactive|VivaPardini has 20 seconds left.\n|inactive|VivaPardini has 15 seconds left.\n|inactive|VivaPardini has 10 seconds left.\n|\n|t:|1776508610\n|move|p2b: Conkeldurr|Protect|p2b: Conkeldurr\n|-singleturn|p2b: Conkeldurr|Protect\n|move|p1b: Arcanine|Flare Blitz|p2b: Conkeldurr\n|-activate|p2b: Conkeldurr|move: Protect\n|move|p1a: Sneasler|Dire Claw|p2b: Conkeldurr\n|-activate|p2b: Conkeldurr|move: Protect\n|move|p2a: Farigiraf|Trick Room|p2a: Farigiraf\n|-fieldstart|move: Trick Room|[of] p2a: Farigiraf\n|\n|upkeep\n|turn|2\n|inactive|VivaPardini has 30 seconds left.\n|inactive|VivaPardini has 20 seconds left.\n|\n|t:|1776508646\n|switch|p1a: Archaludon|Archaludon, L50, F|100/100\n|move|p2b: Conkeldurr|Close Combat|p1b: Arcanine\n|-supereffective|p1b: Arcanine|1\n|-damage|p1b: Arcanine|0 fnt\n|-unboost|p2b: Conkeldurr|def|1\n|-unboost|p2b: Conkeldurr|spd|1\n|faint|p1b: Arcanine\n|move|p2a: Farigiraf|Psychic|p1a: Archaludon\n|-resisted|p1a: Archaludon|1\n|-damage|p1a: Archaludon|75/100\n|-ability|p1a: Archaludon|Stamina|boost\n|-boost|p1a: Archaludon|def|1\n|\n|-heal|p1a: Archaludon|80/100|[from] item: Leftovers\n|upkeep\n|\n|t:|1776508662\n|switch|p1b: Politoed|Politoed, L50, F|100/100\n|-weather|RainDance|[from] ability: Drizzle|[of] p1b: Politoed\n|turn|3\n|\n|t:|1776508679\n|move|p2a: Farigiraf|Helping Hand|p2b: Conkeldurr\n|-singleturn|p2b: Conkeldurr|Helping Hand|[of] p2a: Farigiraf\n|move|p1a: Archaludon|Protect|p1a: Archaludon\n|-singleturn|p1a: Archaludon|Protect\n|move|p2b: Conkeldurr|Close Combat|p1a: Archaludon\n|-activate|p1a: Archaludon|move: Protect\n|move|p1b: Politoed|Hypnosis|p2b: Conkeldurr\n|-status|p2b: Conkeldurr|slp|[from] move: Hypnosis\n|\n|-weather|RainDance|[upkeep]\n|-heal|p1a: Archaludon|86/100|[from] item: Leftovers\n|upkeep\n|turn|4\n|\n|t:|1776508697\n|switch|p2b: Torkoal|Torkoal, L50, F|100/100\n|-weather|SunnyDay|[from] ability: Drought|[of] p2b: Torkoal\n|move|p2a: Farigiraf|Psychic|p1b: Politoed\n|-damage|p1b: Politoed|70/100\n|move|p1b: Politoed|Muddy Water|p2b: Torkoal|[spread] p2a,p2b\n|-supereffective|p2b: Torkoal|1\n|-damage|p2a: Farigiraf|91/100\n|-damage|p2b: Torkoal|67/100\n|move|p1a: Archaludon|Electro Shot||[still]\n|-prepare|p1a: Archaludon|Electro Shot\n|-boost|p1a: Archaludon|spa|1\n|\n|-weather|SunnyDay|[upkeep]\n|-heal|p1a: Archaludon|92/100|[from] item: Leftovers\n|upkeep\n|turn|5\n|\n|t:|1776508717\n|switch|p1b: Sneasler|Sneasler, L50, M|100/100\n|move|p2a: Farigiraf|Helping Hand|p2b: Torkoal\n|-singleturn|p2b: Torkoal|Helping Hand|[of] p2a: Farigiraf\n|move|p2b: Torkoal|Heat Wave|p1a: Archaludon|[spread] p1a,p1b\n|-damage|p1a: Archaludon|0 fnt\n|-damage|p1b: Sneasler|0 fnt\n|faint|p1a: Archaludon\n|faint|p1b: Sneasler\n|\n|-weather|SunnyDay|[upkeep]\n|-fieldend|move: Trick Room\n|upkeep\n|\n|t:|1776508729\n|switch|p1b: Politoed|Politoed, L50, F|70/100\n|-weather|RainDance|[from] ability: Drizzle|[of] p1b: Politoed\n|turn|6\n|\n|t:|1776508741\n|move|p1b: Politoed|Muddy Water|p2a: Farigiraf|[spread] p2a\n|-miss|p1b: Politoed|p2b: Torkoal\n|-damage|p2a: Farigiraf|55/100\n|move|p2b: Torkoal|Heat Wave|p1b: Politoed\n|-resisted|p1b: Politoed|1\n|-damage|p1b: Politoed|59/100\n|move|p2a: Farigiraf|Trick Room|p2a: Farigiraf\n|-fieldstart|move: Trick Room|[of] p2a: Farigiraf\n|\n|-weather|RainDance|[upkeep]\n|upkeep\n|turn|7\n|\n|t:|1776508762\n|move|p2b: Torkoal|Earth Power|p1b: Politoed\n|-damage|p1b: Politoed|37/100\n|-enditem|p1b: Politoed|Sitrus Berry|[eat]\n|-heal|p1b: Politoed|62/100|[from] item: Sitrus Berry\n|move|p2a: Farigiraf|Psychic|p1b: Politoed\n|-crit|p1b: Politoed\n|-damage|p1b: Politoed|13/100\n|-unboost|p1b: Politoed|spd|1\n|move|p1b: Politoed|Muddy Water|p2a: Farigiraf|[spread] p2a,p2b\n|-supereffective|p2b: Torkoal|1\n|-damage|p2a: Farigiraf|20/100\n|-damage|p2b: Torkoal|0 fnt\n|-unboost|p2a: Farigiraf|accuracy|1\n|faint|p2b: Torkoal\n|\n|-weather|RainDance|[upkeep]\n|upkeep\n|\n|t:|1776508777\n|switch|p2b: Drampa|Drampa, L50, M, shiny|100/100\n|turn|8\n|\n|t:|1776508788\n|detailschange|p2b: Drampa|Drampa-Mega, L50, M, shiny\n|-mega|p2b: Drampa|Drampa|Drampanite\n|move|p2a: Farigiraf|Protect|p2a: Farigiraf\n|-singleturn|p2a: Farigiraf|Protect\n|move|p2b: Drampa|Calm Mind|p2b: Drampa\n|-boost|p2b: Drampa|spa|1\n|-boost|p2b: Drampa|spd|1\n|move|p1b: Politoed|Hypnosis|p2b: Drampa|[miss]\n|-miss|p1b: Politoed|p2b: Drampa\n|\n|-weather|RainDance|[upkeep]\n|upkeep\n|turn|9\n|\n|t:|1776508802\n|move|p2b: Drampa|Calm Mind|p2b: Drampa\n|-boost|p2b: Drampa|spa|1\n|-boost|p2b: Drampa|spd|1\n|move|p1b: Politoed|Muddy Water|p2b: Drampa|[spread] p2a,p2b\n|-resisted|p2b: Drampa|1\n|-damage|p2a: Farigiraf|0 fnt\n|-damage|p2b: Drampa|92/100\n|faint|p2a: Farigiraf\n|\n|-weather|RainDance|[upkeep]\n|upkeep\n|\n|t:|1776508810\n|switch|p2a: Conkeldurr|Conkeldurr, L50, M, shiny|100/100 slp\n|turn|10\n|\n|t:|1776508817\n|cant|p2a: Conkeldurr|slp\n|move|p2b: Drampa|Calm Mind|p2b: Drampa\n|-boost|p2b: Drampa|spa|1\n|-boost|p2b: Drampa|spd|1\n|move|p1b: Politoed|Hypnosis|p2b: Drampa|[miss]\n|-miss|p1b: Politoed|p2b: Drampa\n|\n|-weather|none\n|-fieldend|move: Trick Room\n|upkeep\n|turn|11\n|\n|t:|1776508828\n|cant|p2a: Conkeldurr|slp\n|move|p1b: Politoed|Muddy Water|p2b: Drampa|[spread] p2a,p2b\n|-resisted|p2b: Drampa|1\n|-damage|p2a: Conkeldurr|68/100 slp\n|-damage|p2b: Drampa|88/100\n|-unboost|p2b: Drampa|accuracy|1\n|move|p2b: Drampa|Calm Mind|p2b: Drampa\n|-boost|p2b: Drampa|spa|1\n|-boost|p2b: Drampa|spd|1\n|\n|upkeep\n|turn|12\n|\n|t:|1776508842\n|-curestatus|p2a: Conkeldurr|slp|[msg]\n|move|p2a: Conkeldurr|Wide Guard|p2a: Conkeldurr\n|-singleturn|p2a: Conkeldurr|Wide Guard\n|move|p1b: Politoed|Muddy Water|p2a: Conkeldurr|[spread] \n|-activate|p2a: Conkeldurr|move: Wide Guard\n|-activate|p2b: Drampa|move: Wide Guard\n|move|p2b: Drampa|Calm Mind|p2b: Drampa\n|-boost|p2b: Drampa|spa|1\n|-boost|p2b: Drampa|spd|1\n|\n|upkeep\n|turn|13\n|\n|t:|1776508854\n|move|p2a: Conkeldurr|Wide Guard|p2a: Conkeldurr\n|-singleturn|p2a: Conkeldurr|Wide Guard\n|move|p1b: Politoed|Hypnosis|p2a: Conkeldurr\n|-status|p2a: Conkeldurr|slp|[from] move: Hypnosis\n|move|p2b: Drampa|Calm Mind|p2b: Drampa\n|-boost|p2b: Drampa|spa|1\n|-boost|p2b: Drampa|spd|1\n|\n|upkeep\n|turn|14\n|inactive|canela_kuklcan has 30 seconds left.\n|inactive|canela_kuklcan has 20 seconds left.\n|c|\u2606canela_kuklcan|did u calc for plus six draco on -1??\n|inactive|canela_kuklcan has 15 seconds left.\n|inactive|canela_kuklcan has 10 seconds left.\n|\n|t:|1776508900\n|cant|p2a: Conkeldurr|slp\n|move|p1b: Politoed|Muddy Water|p2a: Conkeldurr|[spread] p2a,p2b\n|-resisted|p2b: Drampa|1\n|-damage|p2a: Conkeldurr|37/100 slp\n|-damage|p2b: Drampa|84/100\n|move|p2b: Drampa|Draco Meteor|p1b: Politoed|[miss]\n|-miss|p2b: Drampa|p1b: Politoed\n|\n|upkeep\n|turn|15\n|\n|t:|1776508914\n|cant|p2a: Conkeldurr|slp\n|move|p1b: Politoed|Hypnosis|p2b: Drampa\n|-status|p2b: Drampa|slp|[from] move: Hypnosis\n|cant|p2b: Drampa|slp\n|\n|upkeep\n|turn|16\n|\n|t:|1776508926\n|-curestatus|p2a: Conkeldurr|slp|[msg]\n|move|p2a: Conkeldurr|Wide Guard|p2a: Conkeldurr\n|-singleturn|p2a: Conkeldurr|Wide Guard\n|move|p1b: Politoed|Hypnosis|p2a: Conkeldurr\n|-status|p2a: Conkeldurr|slp|[from] move: Hypnosis\n|-curestatus|p2b: Drampa|slp|[msg]\n|move|p2b: Drampa|Draco Meteor|p1b: Politoed|[miss]\n|-miss|p2b: Drampa|p1b: Politoed\n|\n|upkeep\n|turn|17\n|c|\u2606canela_kuklcan|my draco is the same accuracy as hypnosis rn\n|\n|t:|1776508950\n|cant|p2a: Conkeldurr|slp\n|move|p1b: Politoed|Hypnosis|p2b: Drampa\n|-status|p2b: Drampa|slp|[from] move: Hypnosis\n|cant|p2b: Drampa|slp\n|\n|upkeep\n|turn|18\n|\n|t:|1776508961\n|-curestatus|p2b: Drampa|slp|[msg]\n|move|p2b: Drampa|Protect|p2b: Drampa\n|-singleturn|p2b: Drampa|Protect\n|-curestatus|p2a: Conkeldurr|slp|[msg]\n|move|p2a: Conkeldurr|Wide Guard|p2a: Conkeldurr\n|-singleturn|p2a: Conkeldurr|Wide Guard\n|move|p1b: Politoed|Muddy Water|p2a: Conkeldurr|[spread] \n|-activate|p2a: Conkeldurr|move: Wide Guard\n|-activate|p2b: Drampa|move: Wide Guard\n|\n|upkeep\n|turn|19\n|c|\u2606VivaPardini|just attak with onk\n|\n|t:|1776508984\n|move|p2a: Conkeldurr|Wide Guard|p2a: Conkeldurr\n|-singleturn|p2a: Conkeldurr|Wide Guard\n|move|p1b: Politoed|Muddy Water|p2a: Conkeldurr|[spread] \n|-activate|p2a: Conkeldurr|move: Wide Guard\n|-activate|p2b: Drampa|move: Wide Guard\n|move|p2b: Drampa|Draco Meteor|p1b: Politoed|[miss]\n|-miss|p2b: Drampa|p1b: Politoed\n|\n|upkeep\n|turn|20\n|c|\u2606canela_kuklcan|no\n|c|\u2606VivaPardini|lol ok\n|\n|t:|1776508999\n|move|p2a: Conkeldurr|Wide Guard|p2a: Conkeldurr\n|-singleturn|p2a: Conkeldurr|Wide Guard\n|move|p1b: Politoed|Hypnosis|p2b: Drampa|[miss]\n|-miss|p1b: Politoed|p2b: Drampa\n|move|p2b: Drampa|Draco Meteor|p1b: Politoed\n|-damage|p1b: Politoed|0 fnt\n|-unboost|p2b: Drampa|spa|2\n|faint|p1b: Politoed\n|\n|win|canela_kuklcan\n|raw|VivaPardini's rating: 1270 &rarr; <strong>1241</strong><br />(-29 for losing)\n|raw|canela_kuklcan's rating: 1219 &rarr; <strong>1248</strong><br />(+29 for winning)\n|c|\u2606canela_kuklcan|ggwp\n|l|\u2606VivaPardini\n|player|p1|\n|c|\u2606canela_kuklcan|thanks for letting me have it\n",
  "uploadtime": 1776509038,
  "views": 32,
  "formatid": "gen9championsvgc2026regma",
  "rating": 1241,
  "private": 0,
  "password": null
}