{
  "id": "gen9championsvgc2026regma-2585919695",
  "format": "[Gen 9 Champions] VGC 2026 Reg M-A",
  "players": [
    "Patas valentine",
    "txpxyy"
  ],
  "log": "|j|\u2606Patas valentine\n|j|\u2606txpxyy\n|t:|1776381498\n|gametype|doubles\n|player|p1|Patas valentine|flannery|1079\n|player|p2|txpxyy|marshal|1046\n|gen|9\n|tier|[Gen 9 Champions] VGC 2026 Reg M-A\n|rated|\n|rule|Species Clause: Limit one of each Pok\u00e9mon\n|rule|Item Clause: Limit 1 of each item\n|clearpoke\n|poke|p1|Sylveon, L50, M|\n|poke|p1|Gengar, L50, M|\n|poke|p1|Sneasler, L50, M|\n|poke|p1|Orthworm, L50, F|\n|poke|p1|Milotic, L50, F|\n|poke|p1|Aegislash, L50, F|\n|poke|p2|Primarina, L50, F|\n|poke|p2|Arcanine-Hisui, L50, F|\n|poke|p2|Lopunny, L50, F|\n|poke|p2|Whimsicott, L50, M|\n|poke|p2|Raichu-Alola, L50, M|\n|poke|p2|Garchomp, L50, M|\n|teampreview|4\n|\n|t:|1776381551\n|teamsize|p1|4\n|teamsize|p2|4\n|start\n|switch|p1a: Aegislash|Aegislash, L50, F|100/100\n|switch|p1b: Orthworm|Orthworm, L50, F|100/100\n|switch|p2a: Raichu|Raichu-Alola, L50, M|100/100\n|switch|p2b: Bunn|Lopunny, L50, F, shiny|100/100\n|turn|1\n|inactive|Battle timer is ON: inactive players will automatically lose when time's up. (requested by Patas valentine)\n|\n|t:|1776381580\n|detailschange|p2b: Bunn|Lopunny-Mega, L50, F, shiny\n|-mega|p2b: Bunn|Lopunny|Lopunnite\n|move|p2b: Bunn|Fake Out|p1a: Aegislash\n|-resisted|p1a: Aegislash|1\n|-damage|p1a: Aegislash|92/100\n|move|p2a: Raichu|Electroweb|p1b: Orthworm|[spread] p1a,p1b\n|-damage|p1a: Aegislash|77/100\n|-damage|p1b: Orthworm|78/100\n|-unboost|p1a: Aegislash|spe|1\n|-unboost|p1b: Orthworm|spe|1\n|move|p1b: Orthworm|Iron Defense|p1b: Orthworm\n|-boost|p1b: Orthworm|def|2\n|cant|p1a: Aegislash|flinch\n|\n|upkeep\n|turn|2\n|\n|t:|1776381605\n|move|p2b: Bunn|Drain Punch|p1b: Orthworm\n|-supereffective|p1b: Orthworm|1\n|-damage|p1b: Orthworm|44/100\n|-enditem|p1b: Orthworm|Sitrus Berry|[eat]\n|-heal|p1b: Orthworm|69/100|[from] item: Sitrus Berry\n|move|p2a: Raichu|Electroweb|p1a: Aegislash|[spread] p1a,p1b\n|-damage|p1a: Aegislash|62/100\n|-damage|p1b: Orthworm|46/100\n|-unboost|p1a: Aegislash|spe|1\n|-unboost|p1b: Orthworm|spe|1\n|move|p1b: Orthworm|Body Press|p2b: Bunn\n|-supereffective|p2b: Bunn|1\n|-damage|p2b: Bunn|0 fnt\n|faint|p2b: Bunn\n|-formechange|p1a: Aegislash|Aegislash-Blade|\n|move|p1a: Aegislash|Poltergeist|p2a: Raichu\n|-activate|p2a: Raichu|move: Poltergeist|Sitrus Berry\n|-supereffective|p2a: Raichu|1\n|-damage|p2a: Raichu|0 fnt\n|faint|p2a: Raichu\n|\n|upkeep\n|\n|t:|1776381623\n|switch|p2b: Cleo|Arcanine-Hisui, L50, F, shiny|100/100\n|switch|p2a: Garchomp|Garchomp, L50, M, shiny|100/100\n|turn|3\n|\n|t:|1776381633\n|-formechange|p1a: Aegislash|Aegislash|\n|move|p1a: Aegislash|King's Shield|p1a: Aegislash\n|-singleturn|p1a: Aegislash|Protect\n|move|p2b: Cleo|Flare Blitz|p1a: Aegislash\n|-activate|p1a: Aegislash|move: Protect\n|-unboost|p2b: Cleo|atk|1\n|move|p2a: Garchomp|Stomping Tantrum|p1b: Orthworm\n|-heal|p1b: Orthworm|71/100|[from] ability: Earth Eater|[of] p2a: Garchomp\n|move|p1b: Orthworm|Shed Tail|p1b: Orthworm\n|-start|p1b: Orthworm|Substitute|[from] move: Shed Tail\n|-damage|p1b: Orthworm|21/100\n|\n|t:|1776381644\n|switch|p1b: Gengar|Gengar, L50, M|100/100|[from] Shed Tail\n|\n|upkeep\n|turn|4\n|\n|t:|1776381664\n|detailschange|p1b: Gengar|Gengar-Mega, L50, M\n|-mega|p1b: Gengar|Gengar|Gengarite\n|-formechange|p1a: Aegislash|Aegislash-Blade|\n|move|p1a: Aegislash|Shadow Sneak|p2a: Garchomp\n|-damage|p2a: Garchomp|73/100\n|move|p2b: Cleo|Flare Blitz|p1a: Aegislash\n|-supereffective|p1a: Aegislash|1\n|-damage|p1a: Aegislash|0 fnt\n|faint|p1a: Aegislash\n|move|p1b: Gengar|Perish Song|p1b: Gengar\n|-start|p1b: Gengar|perish3|[silent]\n|-start|p2a: Garchomp|perish3|[silent]\n|-start|p2b: Cleo|perish3|[silent]\n|-fieldactivate|move: Perish Song\n|move|p2a: Garchomp|Stomping Tantrum|p1b: Gengar\n|-supereffective|p1b: Gengar|1\n|-end|p1b: Gengar|Substitute\n|\n|-start|p2b: Cleo|perish3\n|-start|p1b: Gengar|perish3\n|-start|p2a: Garchomp|perish3\n|upkeep\n|\n|t:|1776381683\n|switch|p1a: Orthworm|Orthworm, L50, F|21/100\n|turn|5\n|inactive|Patas valentine has 30 seconds left.\n|inactive|txpxyy has 30 seconds left.\n|\n|t:|1776381717\n|move|p2b: Cleo|Flare Blitz|p1a: Orthworm\n|-supereffective|p1a: Orthworm|1\n|-damage|p1a: Orthworm|0 fnt\n|faint|p1a: Orthworm\n|move|p1b: Gengar|Shadow Ball|p2b: Cleo\n|-damage|p2b: Cleo|35/100\n|-unboost|p2b: Cleo|spd|1\n|move|p2a: Garchomp|Stomping Tantrum|p1b: Gengar\n|-supereffective|p1b: Gengar|1\n|-damage|p1b: Gengar|0 fnt\n|faint|p1b: Gengar\n|\n|-start|p2b: Cleo|perish2\n|-start|p2a: Garchomp|perish2\n|upkeep\n|\n|t:|1776381729\n|switch|p1b: Sylveon|Sylveon, L50, M, shiny|100/100\n|turn|6\n|\n|t:|1776381740\n|move|p1b: Sylveon|Protect|p1b: Sylveon\n|-singleturn|p1b: Sylveon|Protect\n|move|p2b: Cleo|Flare Blitz|p1b: Sylveon\n|-activate|p1b: Sylveon|move: Protect\n|move|p2a: Garchomp|Stomping Tantrum|p1b: Sylveon\n|-activate|p1b: Sylveon|move: Protect\n|\n|-start|p2b: Cleo|perish1\n|-start|p2a: Garchomp|perish1\n|upkeep\n|turn|7\n|\n|t:|1776381752\n|move|p2b: Cleo|Flare Blitz|p1b: Sylveon\n|-damage|p1b: Sylveon|56/100\n|move|p2a: Garchomp|Stomping Tantrum|p1b: Sylveon\n|-damage|p1b: Sylveon|4/100\n|move|p1b: Sylveon|Reflect|p1b: Sylveon\n|-sidestart|p1: Patas valentine|Reflect\n|\n|-start|p2b: Cleo|perish0\n|-start|p2a: Garchomp|perish0\n|faint|p2b: Cleo\n|faint|p2a: Garchomp\n|\n|win|Patas valentine\n|raw|Patas valentine's rating: 1079 &rarr; <strong>1104</strong><br />(+25 for winning)\n|raw|txpxyy's rating: 1046 &rarr; <strong>1031</strong><br />(-15 for losing)\n|c|\u2606txpxyy|oh nah\n|c|\u2606Patas valentine|lmao\n|c|\u2606txpxyy|gg\n",
  "uploadtime": 1776381773,
  "views": 13,
  "formatid": "gen9championsvgc2026regma",
  "rating": 1031,
  "private": 0,
  "password": null
}