{
  "id": "gen9championsvgc2026regma-2584133486",
  "format": "[Gen 9 Champions] VGC 2026 Reg M-A",
  "players": [
    "fireapething",
    "Niko highway"
  ],
  "log": "|j|\u2606fireapething\n|j|\u2606Niko highway\n|t:|1776228899\n|gametype|doubles\n|player|p1|fireapething|266|1399\n|player|p2|Niko highway|266|1500\n|gen|9\n|tier|[Gen 9 Champions] VGC 2026 Reg M-A\n|rated|\n|rule|Species Clause: Limit one of each Pok\u00e9mon\n|rule|Item Clause: Limit 1 of each item\n|clearpoke\n|poke|p1|Arcanine, L50, F|\n|poke|p1|Conkeldurr, L50, F|\n|poke|p1|Aerodactyl, L50, M|\n|poke|p1|Excadrill, L50, F|\n|poke|p1|Araquanid, L50, F|\n|poke|p1|Meowstic, L50, M|\n|poke|p2|Incineroar, L50, F|\n|poke|p2|Conkeldurr, L50, M|\n|poke|p2|Sinistcha, L50|\n|poke|p2|Cofagrigus, L50, M|\n|poke|p2|Drampa, L50, F|\n|poke|p2|Aegislash, L50, F|\n|teampreview|4\n|\n|t:|1776228965\n|teamsize|p1|4\n|teamsize|p2|4\n|start\n|switch|p1a: Arcanine|Arcanine, L50, F|100/100\n|switch|p1b: Aerodactyl|Aerodactyl, L50, M|100/100\n|switch|p2a: Incineroar|Incineroar, L50, F|100/100\n|switch|p2b: Cofagrigus|Cofagrigus, L50, M|100/100\n|-ability|p1b: Aerodactyl|Unnerve\n|-ability|p1a: Arcanine|Intimidate|boost\n|-unboost|p2a: Incineroar|atk|1\n|-unboost|p2b: Cofagrigus|atk|1\n|-ability|p2a: Incineroar|Intimidate|boost\n|-unboost|p1a: Arcanine|atk|1\n|-unboost|p1b: Aerodactyl|atk|1\n|turn|1\n|\n|t:|1776228987\n|detailschange|p1b: Aerodactyl|Aerodactyl-Mega, L50, M\n|-mega|p1b: Aerodactyl|Aerodactyl|Aerodactylite\n|move|p2a: Incineroar|Fake Out|p1a: Arcanine\n|-damage|p1a: Arcanine|92/100\n|move|p1b: Aerodactyl|Rock Slide|p2a: Incineroar|[spread] p2b\n|-miss|p1b: Aerodactyl|p2a: Incineroar\n|-damage|p2b: Cofagrigus|87/100\n|cant|p1a: Arcanine|flinch\n|cant|p2b: Cofagrigus|flinch\n|\n|-heal|p2b: Cofagrigus|93/100|[from] item: Leftovers\n|upkeep\n|turn|2\n|\n|t:|1776229002\n|switch|p2a: Conkeldurr|Conkeldurr, L50, M|100/100\n|move|p1b: Aerodactyl|Rock Slide|p2a: Conkeldurr|[spread] p2a\n|-miss|p1b: Aerodactyl|p2b: Cofagrigus\n|-resisted|p2a: Conkeldurr|1\n|-damage|p2a: Conkeldurr|91/100\n|move|p1a: Arcanine|Flamethrower|p2b: Cofagrigus\n|-damage|p2b: Cofagrigus|61/100\n|move|p2b: Cofagrigus|Trick Room|p2b: Cofagrigus\n|-fieldstart|move: Trick Room|[of] p2b: Cofagrigus\n|\n|-heal|p2b: Cofagrigus|67/100|[from] item: Leftovers\n|upkeep\n|turn|3\n|\n|t:|1776229015\n|move|p1a: Arcanine|Protect|p1a: Arcanine\n|-singleturn|p1a: Arcanine|Protect\n|move|p1b: Aerodactyl|Protect|p1b: Aerodactyl\n|-singleturn|p1b: Aerodactyl|Protect\n|move|p2b: Cofagrigus|Will-O-Wisp|p1b: Aerodactyl\n|-activate|p1b: Aerodactyl|move: Protect\n|move|p2a: Conkeldurr|Drain Punch|p1a: Arcanine\n|-activate|p1a: Arcanine|move: Protect\n|\n|-heal|p2b: Cofagrigus|74/100|[from] item: Leftovers\n|upkeep\n|turn|4\n|\n|t:|1776229028\n|switch|p1b: Araquanid|Araquanid, L50, F|100/100\n|move|p2b: Cofagrigus|Shadow Ball|p1b: Araquanid\n|-damage|p1b: Araquanid|81/100\n|-unboost|p1b: Araquanid|spd|1\n|move|p2a: Conkeldurr|Drain Punch|p1b: Araquanid\n|-resisted|p1b: Araquanid|1\n|-damage|p1b: Araquanid|49/100\n|-heal|p2a: Conkeldurr|100/100|[from] drain|[of] p1b: Araquanid\n|move|p1a: Arcanine|Will-O-Wisp|p2a: Conkeldurr\n|-status|p2a: Conkeldurr|brn\n|\n|-heal|p2b: Cofagrigus|80/100|[from] item: Leftovers\n|-heal|p1b: Araquanid|55/100|[from] item: Leftovers\n|-damage|p2a: Conkeldurr|94/100 brn|[from] brn\n|upkeep\n|turn|5\n|\n|t:|1776229043\n|move|p1b: Araquanid|Protect|p1b: Araquanid\n|-singleturn|p1b: Araquanid|Protect\n|move|p1a: Arcanine|Protect|p1a: Arcanine\n|-singleturn|p1a: Arcanine|Protect\n|move|p2b: Cofagrigus|Shadow Ball|p1b: Araquanid\n|-activate|p1b: Araquanid|move: Protect\n|move|p2a: Conkeldurr|Knock Off|p1a: Arcanine\n|-activate|p1a: Arcanine|move: Protect\n|\n|-heal|p2b: Cofagrigus|86/100|[from] item: Leftovers\n|-heal|p1b: Araquanid|60/100|[from] item: Leftovers\n|-damage|p2a: Conkeldurr|88/100 brn|[from] brn\n|upkeep\n|turn|6\n|j| Winieska Rambulera\n|\n|t:|1776229065\n|move|p2b: Cofagrigus|Shadow Ball|p1b: Araquanid\n|-damage|p1b: Araquanid|31/100\n|move|p2a: Conkeldurr|Knock Off|p1b: Araquanid\n|-damage|p1b: Araquanid|10/100\n|-enditem|p1b: Araquanid|Leftovers|[from] move: Knock Off|[of] p2a: Conkeldurr\n|move|p1b: Araquanid|Liquidation|p2a: Conkeldurr\n|-damage|p2a: Conkeldurr|37/100 brn\n|move|p1a: Arcanine|Snarl|p2b: Cofagrigus|[spread] p2a,p2b\n|-resisted|p2a: Conkeldurr|1\n|-supereffective|p2b: Cofagrigus|1\n|-damage|p2a: Conkeldurr|32/100 brn\n|-damage|p2b: Cofagrigus|66/100\n|-unboost|p2a: Conkeldurr|spa|1\n|-unboost|p2b: Cofagrigus|spa|1\n|\n|-heal|p2b: Cofagrigus|72/100|[from] item: Leftovers\n|-damage|p2a: Conkeldurr|25/100 brn|[from] brn\n|-fieldend|move: Trick Room\n|upkeep\n|turn|7\n|\n|t:|1776229098\n|move|p1a: Arcanine|Flamethrower|p2b: Cofagrigus\n|-damage|p2b: Cofagrigus|40/100\n|move|p1b: Araquanid|Liquidation|p2b: Cofagrigus\n|-damage|p2b: Cofagrigus|1/100\n|-activate|p2b: Cofagrigus|ability: Mummy|p1b: Araquanid|[ability] Water Bubble\n|move|p2a: Conkeldurr|Knock Off|p1a: Arcanine\n|-damage|p1a: Arcanine|74/100\n|-enditem|p1a: Arcanine|Sitrus Berry|[from] move: Knock Off|[of] p2a: Conkeldurr\n|move|p2b: Cofagrigus|Trick Room|p2b: Cofagrigus\n|-fieldstart|move: Trick Room|[of] p2b: Cofagrigus\n|\n|-heal|p2b: Cofagrigus|7/100|[from] item: Leftovers\n|-damage|p2a: Conkeldurr|19/100 brn|[from] brn\n|upkeep\n|turn|8\n|\n|t:|1776229121\n|switch|p2a: Incineroar|Incineroar, L50, F|100/100\n|-ability|p2a: Incineroar|Intimidate|boost\n|-unboost|p1a: Arcanine|atk|1\n|-unboost|p1b: Araquanid|atk|1\n|switch|p1b: Aerodactyl|Aerodactyl-Mega, L50, M|100/100\n|move|p2b: Cofagrigus|Shadow Ball|p1b: Aerodactyl\n|-damage|p1b: Aerodactyl|78/100\n|move|p1a: Arcanine|Snarl|p2b: Cofagrigus|[spread] p2a,p2b\n|-resisted|p2a: Incineroar|1\n|-supereffective|p2b: Cofagrigus|1\n|-damage|p2a: Incineroar|96/100\n|-damage|p2b: Cofagrigus|0 fnt\n|-unboost|p2a: Incineroar|spa|1\n|faint|p2b: Cofagrigus\n|\n|upkeep\n|\n|t:|1776229134\n|switch|p2b: Aegislash|Aegislash, L50, F|100/100\n|turn|9\n|\n|t:|1776229145\n|move|p1b: Aerodactyl|Protect|p1b: Aerodactyl\n|-singleturn|p1b: Aerodactyl|Protect\n|move|p2a: Incineroar|Fake Out|p1a: Arcanine\n|-damage|p1a: Arcanine|63/100\n|-formechange|p2b: Aegislash|Aegislash-Blade|\n|move|p2b: Aegislash|Iron Head|p1a: Arcanine\n|-resisted|p1a: Arcanine|1\n|-damage|p1a: Arcanine|42/100\n|cant|p1a: Arcanine|flinch\n|\n|upkeep\n|turn|10\n|\n|t:|1776229158\n|move|p2a: Incineroar|Throat Chop|p1a: Arcanine\n|-damage|p1a: Arcanine|7/100\n|-start|p1a: Arcanine|Throat Chop|[silent]\n|move|p2b: Aegislash|Iron Head|p1b: Aerodactyl\n|-supereffective|p1b: Aerodactyl|1\n|-damage|p1b: Aerodactyl|0 fnt\n|faint|p1b: Aerodactyl\n|move|p1a: Arcanine|Will-O-Wisp|p2b: Aegislash\n|-status|p2b: Aegislash|brn\n|\n|-damage|p2b: Aegislash|95/100 brn|[from] brn\n|upkeep\n|\n|t:|1776229167\n|switch|p1b: Araquanid|Araquanid, L50, F|10/100\n|turn|11\n|\n|t:|1776229174\n|move|p1b: Araquanid|Protect|p1b: Araquanid\n|-singleturn|p1b: Araquanid|Protect\n|move|p1a: Arcanine|Protect|p1a: Arcanine\n|-singleturn|p1a: Arcanine|Protect\n|move|p2b: Aegislash|Shadow Sneak|p1b: Araquanid\n|-activate|p1b: Araquanid|move: Protect\n|move|p2a: Incineroar|Throat Chop|p1a: Arcanine\n|-activate|p1a: Arcanine|move: Protect\n|\n|-damage|p2b: Aegislash|89/100 brn|[from] brn\n|-end|p1a: Arcanine|Throat Chop|[silent]\n|-fieldend|move: Trick Room\n|upkeep\n|turn|12\n|\n|t:|1776229196\n|move|p2b: Aegislash|Shadow Sneak|p1a: Arcanine\n|-damage|p1a: Arcanine|0 fnt\n|faint|p1a: Arcanine\n|move|p2a: Incineroar|Throat Chop|p1b: Araquanid\n|-damage|p1b: Araquanid|0 fnt\n|faint|p1b: Araquanid\n|\n|-damage|p2b: Aegislash|83/100 brn|[from] brn\n|upkeep\n|inactive|Battle timer is ON: inactive players will automatically lose when time's up. (requested by Niko highway)\n|\n|t:|1776229244\n|switch|p1a: Excadrill|Excadrill, L50, F|100/100\n|-ability|p1a: Excadrill|Mold Breaker\n|turn|13\n|\n|t:|1776229251\n|switch|p2a: Conkeldurr|Conkeldurr, L50, M|19/100 brn\n|-formechange|p2b: Aegislash|Aegislash|\n|move|p2b: Aegislash|King's Shield|p2b: Aegislash\n|-singleturn|p2b: Aegislash|Protect\n|move|p1a: Excadrill|Earthquake|p2a: Conkeldurr|[spread] p2a\n|-activate|p2b: Aegislash|move: Protect\n|-damage|p2a: Conkeldurr|0 fnt\n|faint|p2a: Conkeldurr\n|\n|-damage|p2b: Aegislash|77/100 brn|[from] brn\n|upkeep\n|\n|t:|1776229259\n|switch|p2a: Incineroar|Incineroar, L50, F|96/100\n|-ability|p2a: Incineroar|Intimidate|boost\n|-unboost|p1a: Excadrill|atk|1\n|turn|14\n|j| newmegasbad\n|\n|t:|1776229269\n|move|p2a: Incineroar|Fake Out|p1a: Excadrill\n|-resisted|p1a: Excadrill|1\n|-damage|p1a: Excadrill|91/100\n|cant|p1a: Excadrill|flinch\n|-formechange|p2b: Aegislash|Aegislash-Blade|\n|move|p2b: Aegislash|Poltergeist|p1a: Excadrill\n|-activate|p1a: Excadrill|move: Poltergeist|Choice Scarf\n|-damage|p1a: Excadrill|39/100\n|\n|-damage|p2b: Aegislash|71/100 brn|[from] brn\n|upkeep\n|turn|15\n|\n|t:|1776229280\n|-formechange|p2b: Aegislash|Aegislash|\n|move|p2b: Aegislash|King's Shield|p2b: Aegislash\n|-singleturn|p2b: Aegislash|Protect\n|move|p1a: Excadrill|Earthquake|p2b: Aegislash|[spread] p2a\n|-activate|p2b: Aegislash|move: Protect\n|-supereffective|p2a: Incineroar|1\n|-damage|p2a: Incineroar|49/100\n|-enditem|p2a: Incineroar|Sitrus Berry|[eat]\n|-heal|p2a: Incineroar|73/100|[from] item: Sitrus Berry\n|move|p2a: Incineroar|Flare Blitz|p1a: Excadrill\n|-supereffective|p1a: Excadrill|1\n|-damage|p1a: Excadrill|0 fnt\n|faint|p1a: Excadrill\n|-damage|p2a: Incineroar|61/100|[from] Recoil\n|\n|win|Niko highway\n|raw|fireapething's rating: 1399 &rarr; <strong>1385</strong><br />(-14 for losing)\n|raw|Niko highway's rating: 1500 &rarr; <strong>1514</strong><br />(+14 for winning)\n",
  "uploadtime": 1776229292,
  "views": 56,
  "formatid": "gen9championsvgc2026regma",
  "rating": 1385,
  "private": 0,
  "password": null
}