{
  "id": "gen9championsvgc2026regma-2583054932",
  "format": "[Gen 9 Champions] VGC 2026 Reg M-A",
  "players": [
    "SkelyStealth",
    "foxgirlmoony"
  ],
  "log": "|j|\u2606SkelyStealth\n|j|\u2606foxgirlmoony\n|t:|1776137164\n|gametype|doubles\n|player|p1|SkelyStealth|yellow|1426\n|player|p2|foxgirlmoony|rocketgruntf|1508\n|gen|9\n|tier|[Gen 9 Champions] VGC 2026 Reg M-A\n|rated|\n|rule|Species Clause: Limit one of each Pok\u00e9mon\n|rule|Item Clause: Limit 1 of each item\n|clearpoke\n|poke|p1|Farigiraf, L50, M|\n|poke|p1|Mimikyu, L50, M|\n|poke|p1|Incineroar, L50, M|\n|poke|p1|Torkoal, L50, F|\n|poke|p1|Crabominable, L50, F|\n|poke|p1|Chandelure, L50, M|\n|poke|p2|Floette-Eternal, L50, F|\n|poke|p2|Aerodactyl, L50, F|\n|poke|p2|Basculegion, L50, M|\n|poke|p2|Incineroar, L50, M|\n|poke|p2|Mamoswine, L50, M|\n|poke|p2|Sneasler, L50, F|\n|teampreview|4\n|inactive|Battle timer is ON: inactive players will automatically lose when time's up. (requested by foxgirlmoony)\n|inactive|SkelyStealth has 60 seconds left.\n|\n|t:|1776137214\n|teamsize|p1|4\n|teamsize|p2|4\n|start\n|switch|p1a: I'm Nobody|Mimikyu, L50, M|100/100\n|switch|p1b: Lazy Cat|Incineroar, L50, M|100/100\n|switch|p2a: Aerodactyl|Aerodactyl, L50, F|100/100\n|switch|p2b: Floette|Floette-Eternal, L50, F|100/100\n|-ability|p2a: Aerodactyl|Unnerve\n|-ability|p1b: Lazy Cat|Intimidate|boost\n|-unboost|p2a: Aerodactyl|atk|1\n|-unboost|p2b: Floette|atk|1\n|turn|1\n|\n|t:|1776137225\n|move|p2a: Aerodactyl|Protect|p2a: Aerodactyl\n|-singleturn|p2a: Aerodactyl|Protect\n|move|p2b: Floette|Protect|p2b: Floette\n|-singleturn|p2b: Floette|Protect\n|move|p1b: Lazy Cat|Fake Out|p2a: Aerodactyl\n|-activate|p2a: Aerodactyl|move: Protect\n|move|p1a: I'm Nobody|Trick Room|p1a: I'm Nobody\n|-fieldstart|move: Trick Room|[of] p1a: I'm Nobody\n|\n|upkeep\n|turn|2\n|\n|t:|1776137249\n|detailschange|p2b: Floette|Floette-Mega, L50, F\n|-mega|p2b: Floette|Floette|Floettite\n|-ability|p2b: Floette|Fairy Aura\n|move|p1b: Lazy Cat|Close Combat|p2b: Floette\n|-resisted|p2b: Floette|1\n|-damage|p2b: Floette|76/100\n|-unboost|p1b: Lazy Cat|def|1\n|-unboost|p1b: Lazy Cat|spd|1\n|-enditem|p1b: Lazy Cat|White Herb\n|-clearnegativeboost|p1b: Lazy Cat|[silent]\n|move|p1a: I'm Nobody|Play Rough|p2b: Floette\n|-damage|p2b: Floette|8/100\n|move|p2b: Floette|Moonblast|p1a: I'm Nobody\n|-activate|p1a: I'm Nobody|ability: Disguise\n|-damage|p1a: I'm Nobody|100/100\n|-unboost|p1a: I'm Nobody|spa|1\n|detailschange|p1a: I'm Nobody|Mimikyu-Busted, L50, M\n|-damage|p1a: I'm Nobody|88/100|[from] pokemon: Mimikyu-Busted\n|move|p2a: Aerodactyl|Dual Wingbeat|p1a: I'm Nobody\n|-damage|p1a: I'm Nobody|73/100\n|-damage|p1a: I'm Nobody|57/100\n|-hitcount|p1a: I'm Nobody|2\n|\n|upkeep\n|turn|3\n|j| Rainbow Chrome\n|inactive|SkelyStealth has 30 seconds left.\n|inactive|foxgirlmoony has 30 seconds left.\n|\n|t:|1776137279\n|switch|p1a: Sun's up|Torkoal, L50, F|100/100\n|-weather|SunnyDay|[from] ability: Drought|[of] p1a: Sun's up\n|move|p2b: Floette|Protect|p2b: Floette\n|-singleturn|p2b: Floette|Protect\n|move|p1b: Lazy Cat|Darkest Lariat|p2a: Aerodactyl\n|-damage|p2a: Aerodactyl|37/100\n|move|p2a: Aerodactyl|Rock Slide|p1b: Lazy Cat|[spread] p1a,p1b\n|-supereffective|p1a: Sun's up|1\n|-supereffective|p1b: Lazy Cat|1\n|-damage|p1a: Sun's up|75/100\n|-damage|p1b: Lazy Cat|71/100\n|\n|-weather|SunnyDay|[upkeep]\n|upkeep\n|turn|4\n|l| Rainbow Chrome\n|j| Rainbow Chrome\n|l| Rainbow Chrome\n|inactive|SkelyStealth has 30 seconds left.\n|\n|t:|1776137307\n|switch|p2b: Incineroar|Incineroar, L50, M|100/100\n|-ability|p2b: Incineroar|Intimidate|boost\n|-unboost|p1a: Sun's up|atk|1\n|-unboost|p1b: Lazy Cat|atk|1\n|move|p2a: Aerodactyl|Protect|p2a: Aerodactyl\n|-singleturn|p2a: Aerodactyl|Protect\n|move|p1a: Sun's up|Weather Ball|p2b: Incineroar\n|-resisted|p2b: Incineroar|1\n|-damage|p2b: Incineroar|60/100\n|move|p1b: Lazy Cat|Darkest Lariat|p2a: Aerodactyl\n|-activate|p2a: Aerodactyl|move: Protect\n|\n|-weather|SunnyDay|[upkeep]\n|upkeep\n|turn|5\n|inactive|SkelyStealth has 30 seconds left.\n|\n|t:|1776137337\n|move|p2b: Incineroar|Fake Out|p1b: Lazy Cat\n|-damage|p1b: Lazy Cat|57/100\n|move|p1a: Sun's up|Eruption|p2a: Aerodactyl|[spread] p2a,p2b\n|-resisted|p2a: Aerodactyl|1\n|-resisted|p2b: Incineroar|1\n|-crit|p2b: Incineroar\n|-damage|p2a: Aerodactyl|0 fnt\n|-damage|p2b: Incineroar|13/100\n|faint|p2a: Aerodactyl\n|cant|p1b: Lazy Cat|flinch\n|\n|-weather|SunnyDay|[upkeep]\n|-fieldend|move: Trick Room\n|upkeep\n|\n|t:|1776137345\n|switch|p2a: Sneasler|Sneasler, L50, F|100/100\n|turn|6\n|\n|t:|1776137366\n|switch|p1b: I'm Nobody|Mimikyu-Busted, L50, M|57/100\n|move|p1a: Sun's up|Protect|p1a: Sun's up\n|-singleturn|p1a: Sun's up|Protect\n|move|p2a: Sneasler|Dire Claw|p1b: I'm Nobody\n|-damage|p1b: I'm Nobody|0 fnt\n|faint|p1b: I'm Nobody\n|move|p2b: Incineroar|Flare Blitz|p1a: Sun's up\n|-activate|p1a: Sun's up|move: Protect\n|\n|-weather|SunnyDay|[upkeep]\n|upkeep\n|\n|t:|1776137374\n|switch|p1b: Lazy Cat|Incineroar, L50, M|57/100\n|-ability|p1b: Lazy Cat|Intimidate|boost\n|-unboost|p2a: Sneasler|atk|1\n|-unboost|p2b: Incineroar|atk|1\n|-enditem|p2a: Sneasler|White Herb\n|-clearnegativeboost|p2a: Sneasler|[silent]\n|turn|7\n|\n|t:|1776137391\n|move|p2a: Sneasler|Protect|p2a: Sneasler\n|-singleturn|p2a: Sneasler|Protect\n|move|p1b: Lazy Cat|Fake Out|p2a: Sneasler\n|-activate|p2a: Sneasler|move: Protect\n|move|p2b: Incineroar|Flare Blitz|p1b: Lazy Cat\n|-resisted|p1b: Lazy Cat|1\n|-damage|p1b: Lazy Cat|20/100\n|-damage|p2b: Incineroar|0 fnt|[from] Recoil\n|faint|p2b: Incineroar\n|move|p1a: Sun's up|Heat Wave|p2a: Sneasler\n|-activate|p2a: Sneasler|move: Protect\n|\n|-weather|none\n|upkeep\n|j| tsetse\n|\n|t:|1776137404\n|switch|p2b: Floette|Floette-Mega, L50, F|8/100\n|-ability|p2b: Floette|Fairy Aura\n|turn|8\n|\n|t:|1776137412\n|move|p2a: Sneasler|Close Combat|p1a: Sun's up\n|-damage|p1a: Sun's up|19/100\n|-unboost|p2a: Sneasler|def|1\n|-unboost|p2a: Sneasler|spd|1\n|move|p2b: Floette|Dazzling Gleam|p1a: Sun's up|[spread] p1a,p1b\n|-resisted|p1a: Sun's up|1\n|-damage|p1a: Sun's up|0 fnt\n|-damage|p1b: Lazy Cat|0 fnt\n|faint|p1a: Sun's up\n|faint|p1b: Lazy Cat\n|\n|upkeep\n|\n|t:|1776137414\n|switch|p1b: Kani|Crabominable, L50, F|100/100\n|turn|9\n|\n|t:|1776137424\n|move|p1b: Kani|Protect|p1b: Kani\n|-singleturn|p1b: Kani|Protect\n|move|p2a: Sneasler|Close Combat|p1b: Kani\n|-activate|p1b: Kani|move: Protect\n|move|p2b: Floette|Moonblast|p1b: Kani\n|-activate|p1b: Kani|move: Protect\n|\n|upkeep\n|turn|10\n|\n|t:|1776137430\n|detailschange|p1b: Kani|Crabominable-Mega, L50, F\n|-mega|p1b: Kani|Crabominable|Crabominite\n|move|p1b: Kani|Mach Punch|p2b: Floette\n|-resisted|p2b: Floette|1\n|-damage|p2b: Floette|0 fnt\n|faint|p2b: Floette\n|move|p2a: Sneasler|Close Combat|p1b: Kani\n|-supereffective|p1b: Kani|1\n|-crit|p1b: Kani\n|-damage|p1b: Kani|0 fnt\n|-unboost|p2a: Sneasler|def|1\n|-unboost|p2a: Sneasler|spd|1\n|faint|p1b: Kani\n|\n|win|foxgirlmoony\n|raw|SkelyStealth's rating: 1426 &rarr; <strong>1411</strong><br />(-15 for losing)\n|raw|foxgirlmoony's rating: 1508 &rarr; <strong>1523</strong><br />(+15 for winning)\n|c|\u2606SkelyStealth|gg\n|c|\u2606foxgirlmoony|gg\n|l|\u2606SkelyStealth\n|player|p1|\n|l|\u2606foxgirlmoony\n|player|p2|\n",
  "uploadtime": 1776137569,
  "views": 38,
  "formatid": "gen9championsvgc2026regma",
  "rating": 1411,
  "private": 0,
  "password": null
}