{
  "id": "gen9championsvgc2026regma-2581240890",
  "format": "[Gen 9 Champions] VGC 2026 Reg M-A",
  "players": [
    "GoodestGreavard",
    "alvin776"
  ],
  "log": "|j|\u2606GoodestGreavard\n|j|\u2606alvin776\n|t:|1775975039\n|gametype|doubles\n|player|p1|GoodestGreavard|102|1371\n|player|p2|alvin776|2|1337\n|gen|9\n|tier|[Gen 9 Champions] VGC 2026 Reg M-A\n|rated|\n|rule|Species Clause: Limit one of each Pok\u00e9mon\n|rule|Item Clause: Limit 1 of each item\n|clearpoke\n|poke|p1|Delphox, L50, M|\n|poke|p1|Mamoswine, L50, M|\n|poke|p1|Talonflame, L50, M|\n|poke|p1|Farigiraf, L50, M|\n|poke|p1|Rotom-Wash, L50|\n|poke|p1|Sneasler, L50, M|\n|poke|p2|Farigiraf, L50, F|\n|poke|p2|Lopunny, L50, F|\n|poke|p2|Rotom-Wash, L50|\n|poke|p2|Garchomp, L50, M|\n|poke|p2|Arcanine, L50, M|\n|poke|p2|Gengar, L50, F|\n|teampreview|4\n|j| gE1xjZRtuhW2DdT0AK\n|\n|t:|1775975074\n|teamsize|p1|4\n|teamsize|p2|4\n|start\n|switch|p1a: Delphox|Delphox, L50, M|100/100\n|switch|p1b: Talonflame|Talonflame, L50, M|100/100\n|switch|p2a: Lopunny|Lopunny, L50, F|100/100\n|switch|p2b: Rotom|Rotom-Wash, L50|100/100\n|turn|1\n|\n|t:|1775975110\n|switch|p1b: Farigiraf|Farigiraf, L50, M|100/100\n|detailschange|p1a: Delphox|Delphox-Mega, L50, M\n|-mega|p1a: Delphox|Delphox|Delphoxite\n|move|p2a: Lopunny|Fake Out||[still]\n|cant|p1b: Farigiraf|ability: Armor Tail|Fake Out|[of] p2a: Lopunny\n|move|p1a: Delphox|Psychic|p2b: Rotom\n|-damage|p2b: Rotom|45/100\n|move|p2b: Rotom|Volt Switch|p1b: Farigiraf\n|-damage|p1b: Farigiraf|74/100\n|\n|t:|1775975129\n|switch|p2b: Garchomp|Garchomp, L50, M|100/100|[from] Volt Switch\n|\n|upkeep\n|turn|2\n|\n|t:|1775975151\n|switch|p2a: Arcanine|Arcanine, L50, M|100/100\n|-ability|p2a: Arcanine|Intimidate|boost\n|-unboost|p1a: Delphox|atk|1\n|-unboost|p1b: Farigiraf|atk|1\n|move|p1a: Delphox|Protect|p1a: Delphox\n|-singleturn|p1a: Delphox|Protect\n|move|p2b: Garchomp|Rock Slide|p1b: Farigiraf|[spread] p1b\n|-activate|p1a: Delphox|move: Protect\n|-damage|p1b: Farigiraf|56/100\n|move|p1b: Farigiraf|Psychic|p2b: Garchomp\n|-damage|p2b: Garchomp|66/100\n|\n|upkeep\n|turn|3\n|\n|t:|1775975166\n|move|p1b: Farigiraf|Helping Hand|p1a: Delphox\n|-singleturn|p1a: Delphox|Helping Hand|[of] p1b: Farigiraf\n|move|p2b: Garchomp|Protect|p2b: Garchomp\n|-singleturn|p2b: Garchomp|Protect\n|move|p1a: Delphox|Dazzling Gleam|p2b: Garchomp|[spread] p2a\n|-activate|p2b: Garchomp|move: Protect\n|-resisted|p2a: Arcanine|1\n|-damage|p2a: Arcanine|85/100\n|move|p2a: Arcanine|Snarl|p1b: Farigiraf|[spread] p1a,p1b\n|-supereffective|p1a: Delphox|1\n|-supereffective|p1b: Farigiraf|1\n|-damage|p1a: Delphox|79/100\n|-damage|p1b: Farigiraf|38/100\n|-unboost|p1a: Delphox|spa|1\n|-unboost|p1b: Farigiraf|spa|1\n|-enditem|p1b: Farigiraf|Sitrus Berry|[eat]\n|-heal|p1b: Farigiraf|62/100|[from] item: Sitrus Berry\n|\n|upkeep\n|turn|4\n|j| Sebfx\n|\n|t:|1775975195\n|switch|p1b: Mamoswine|Mamoswine, L50, M|100/100\n|move|p1a: Delphox|Protect|p1a: Delphox\n|-singleturn|p1a: Delphox|Protect\n|move|p2b: Garchomp|Rock Slide|p1b: Mamoswine|[spread] p1b\n|-activate|p1a: Delphox|move: Protect\n|-damage|p1b: Mamoswine|80/100\n|move|p2a: Arcanine|Snarl|p1a: Delphox|[spread] p1b\n|-activate|p1a: Delphox|move: Protect\n|-damage|p1b: Mamoswine|65/100\n|-unboost|p1b: Mamoswine|spa|1\n|\n|upkeep\n|turn|5\n|\n|t:|1775975213\n|switch|p2b: Rotom|Rotom-Wash, L50|45/100\n|move|p1b: Mamoswine|Ice Shard|p2b: Rotom\n|-resisted|p2b: Rotom|1\n|-damage|p2b: Rotom|35/100\n|move|p1a: Delphox|Psychic|p2a: Arcanine\n|-damage|p2a: Arcanine|56/100\n|-unboost|p2a: Arcanine|spd|1\n|move|p2a: Arcanine|Heat Wave|p1b: Mamoswine|[spread] p1b\n|-miss|p2a: Arcanine|p1a: Delphox\n|-supereffective|p1b: Mamoswine|1\n|-damage|p1b: Mamoswine|0 fnt\n|faint|p1b: Mamoswine\n|\n|-heal|p2b: Rotom|41/100|[from] item: Leftovers\n|upkeep\n|\n|t:|1775975224\n|switch|p1b: Farigiraf|Farigiraf, L50, M|62/100\n|turn|6\n|\n|t:|1775975241\n|switch|p2a: Lopunny|Lopunny, L50, F|100/100\n|move|p1b: Farigiraf|Helping Hand|p1a: Delphox\n|-singleturn|p1a: Delphox|Helping Hand|[of] p1b: Farigiraf\n|move|p1a: Delphox|Psychic|p2a: Lopunny\n|-damage|p2a: Lopunny|35/100\n|move|p2b: Rotom|Hydro Pump|p1a: Delphox\n|-supereffective|p1a: Delphox|1\n|-damage|p1a: Delphox|0 fnt\n|faint|p1a: Delphox\n|\n|-heal|p2b: Rotom|47/100|[from] item: Leftovers\n|upkeep\n|\n|t:|1775975245\n|switch|p1a: Talonflame|Talonflame, L50, M|100/100\n|turn|7\n|\n|t:|1775975272\n|switch|p2a: Arcanine|Arcanine, L50, M|56/100\n|-ability|p2a: Arcanine|Intimidate|boost\n|-unboost|p1a: Talonflame|atk|1\n|-unboost|p1b: Farigiraf|atk|1\n|move|p1a: Talonflame|Acrobatics|p2a: Arcanine\n|-damage|p2a: Arcanine|29/100\n|-enditem|p2a: Arcanine|Sitrus Berry|[eat]\n|-heal|p2a: Arcanine|54/100|[from] item: Sitrus Berry\n|move|p2b: Rotom|Volt Switch|p1a: Talonflame\n|-supereffective|p1a: Talonflame|1\n|-damage|p1a: Talonflame|7/100\n|\n|t:|1775975285\n|switch|p2b: Garchomp|Garchomp, L50, M|66/100|[from] Volt Switch\n|move|p1b: Farigiraf|Psychic|p2b: Garchomp\n|-damage|p2b: Garchomp|31/100\n|\n|upkeep\n|turn|8\n|-message|GoodestGreavard forfeited.\n|\n|win|alvin776\n|raw|GoodestGreavard's rating: 1371 &rarr; <strong>1349</strong><br />(-22 for losing)\n|raw|alvin776's rating: 1337 &rarr; <strong>1359</strong><br />(+22 for winning)\n|l|\u2606GoodestGreavard\n|player|p1|\n",
  "uploadtime": 1775975294,
  "views": 37,
  "formatid": "gen9championsvgc2026regma",
  "rating": 1349,
  "private": 0,
  "password": null
}