{
  "id": "gen9championsvgc2026regma-2583025279",
  "format": "[Gen 9 Champions] VGC 2026 Reg M-A",
  "players": [
    "Donye East",
    "MaxiSilv"
  ],
  "log": "|j|\u2606Donye East\n|j|\u2606MaxiSilv\n|t:|1776134425\n|gametype|doubles\n|player|p1|Donye East|nemona-s|1095\n|player|p2|MaxiSilv|101|1179\n|gen|9\n|tier|[Gen 9 Champions] VGC 2026 Reg M-A\n|rated|\n|rule|Species Clause: Limit one of each Pok\u00e9mon\n|rule|Item Clause: Limit 1 of each item\n|clearpoke\n|poke|p1|Incineroar, L50, M|\n|poke|p1|Charizard, L50, M|\n|poke|p1|Whimsicott, L50, F|\n|poke|p1|Garchomp, L50, M|\n|poke|p1|Rotom-Wash, L50|\n|poke|p1|Gengar, L50, M|\n|poke|p2|Aerodactyl, L50, M|\n|poke|p2|Floette-Eternal, L50, F|\n|poke|p2|Garchomp, L50, M|\n|poke|p2|Sneasler, L50, F|\n|poke|p2|Rotom-Wash, L50|\n|poke|p2|Charizard, L50, M|\n|teampreview|4\n|inactive|Battle timer is ON: inactive players will automatically lose when time's up. (requested by Donye East)\nMaxiSilv has agreed to open team sheets.\n|inactive|Donye East has 60 seconds left.\n|inactive|MaxiSilv has 60 seconds left.\n|\n|t:|1776134464\n|teamsize|p1|4\n|teamsize|p2|4\n|start\n|switch|p1a: Rotom|Rotom-Wash, L50|100/100\n|switch|p1b: Garchomp|Garchomp, L50, M|100/100\n|switch|p2a: Aerodactyl|Aerodactyl, L50, M|100/100\n|switch|p2b: Sneasler|Sneasler, L50, F|100/100\n|-ability|p2a: Aerodactyl|Unnerve\n|turn|1\n|\n|t:|1776134482\n|move|p2b: Sneasler|Fake Out|p1a: Rotom\n|-damage|p1a: Rotom|82/100\n|move|p2a: Aerodactyl|Tailwind|p2a: Aerodactyl\n|-sidestart|p2: MaxiSilv|move: Tailwind\n|cant|p1a: Rotom|flinch\n|move|p1b: Garchomp|Earthquake|p2a: Aerodactyl|[spread] p2b\n|-immune|p1a: Rotom|[from] ability: Levitate\n|-immune|p2a: Aerodactyl\n|-supereffective|p2b: Sneasler|1\n|-damage|p2b: Sneasler|0 fnt\n|faint|p2b: Sneasler\n|\n|upkeep\n|\n|t:|1776134497\n|switch|p2b: Floette|Floette-Eternal, L50, F|100/100\n|turn|2\n|inactive|MaxiSilv has 30 seconds left.\n|\n|t:|1776134525\n|detailschange|p2b: Floette|Floette-Mega, L50, F\n|-mega|p2b: Floette|Floette|Floettite\n|-ability|p2b: Floette|Fairy Aura\n|move|p1b: Garchomp|Protect|p1b: Garchomp\n|-singleturn|p1b: Garchomp|Protect\n|move|p2a: Aerodactyl|Rock Slide|p1b: Garchomp|[spread] \n|-activate|p1b: Garchomp|move: Protect\n|-miss|p2a: Aerodactyl|p1a: Rotom\n|move|p2b: Floette|Draining Kiss|p1b: Garchomp\n|-activate|p1b: Garchomp|move: Protect\n|move|p1a: Rotom|Thunderbolt|p2a: Aerodactyl\n|-supereffective|p2a: Aerodactyl|1\n|-enditem|p2a: Aerodactyl|Focus Sash\n|-damage|p2a: Aerodactyl|1/100\n|\n|upkeep\n|turn|3\n|\n|t:|1776134550\n|move|p2a: Aerodactyl|Rock Slide|p1a: Rotom|[spread] p1a,p1b\n|-resisted|p1b: Garchomp|1\n|-damage|p1a: Rotom|46/100\n|-damage|p1b: Garchomp|86/100\n|move|p2b: Floette|Draining Kiss|p1b: Garchomp\n|-supereffective|p1b: Garchomp|1\n|-damage|p1b: Garchomp|0 fnt\n|-damage|p2b: Floette|88/100|[from] ability: Rough Skin|[of] p1b: Garchomp\n|faint|p1b: Garchomp\n|move|p1a: Rotom|Thunderbolt|p2a: Aerodactyl\n|-supereffective|p2a: Aerodactyl|1\n|-damage|p2a: Aerodactyl|0 fnt\n|faint|p2a: Aerodactyl\n|\n|upkeep\n|\n|t:|1776134563\n|switch|p2a: Rotom|Rotom-Wash, L50|100/100\n|switch|p1b: Whimsicott|Whimsicott, L50, F|100/100\n|turn|4\n|\n|t:|1776134581\n|move|p1b: Whimsicott|Tailwind|p1b: Whimsicott\n|-sidestart|p1: Donye East|move: Tailwind\n|move|p1a: Rotom|Thunderbolt|p2a: Rotom\n|-damage|p2a: Rotom|54/100\n|move|p2b: Floette|Light of Ruin|p1b: Whimsicott\n|-damage|p1b: Whimsicott|0 fnt\n|faint|p1b: Whimsicott\n|-damage|p2b: Floette|44/100|[from] Recoil\n|move|p2a: Rotom|Thunderbolt|p1a: Rotom\n|-damage|p1a: Rotom|0 fnt\n|faint|p1a: Rotom\n|\n|-heal|p2a: Rotom|60/100|[from] item: Leftovers\n|-sideend|p2: MaxiSilv|move: Tailwind\n|upkeep\n|\n|t:|1776134593\n|switch|p1b: Charizard|Charizard, L50, M, shiny|100/100\n|turn|5\n|\n|t:|1776134611\n|detailschange|p1b: Charizard|Charizard-Mega-Y, L50, M, shiny\n|-mega|p1b: Charizard|Charizard|Charizardite Y\n|-weather|SunnyDay|[from] ability: Drought|[of] p1b: Charizard\n|move|p2b: Floette|Protect|p2b: Floette\n|-singleturn|p2b: Floette|Protect\n|move|p1b: Charizard|Solar Beam||[still]\n|-prepare|p1b: Charizard|Solar Beam\n|-anim|p1b: Charizard|Solar Beam|p2a: Rotom\n|-supereffective|p2a: Rotom|1\n|-damage|p2a: Rotom|0 fnt\n|faint|p2a: Rotom\n|\n|-weather|SunnyDay|[upkeep]\n|upkeep\n|turn|6\n|\n|t:|1776134625\n|move|p1b: Charizard|Overheat|p2b: Floette|[miss]\n|-miss|p1b: Charizard|p2b: Floette\n|move|p2b: Floette|Psychic|p1b: Charizard\n|-damage|p1b: Charizard|63/100\n|\n|-weather|SunnyDay|[upkeep]\n|upkeep\n|turn|7\n|\n|t:|1776134636\n|move|p2b: Floette|Protect|p2b: Floette\n|-singleturn|p2b: Floette|Protect\n|move|p1b: Charizard|Overheat|p2b: Floette\n|-activate|p2b: Floette|move: Protect\n|\n|-weather|SunnyDay|[upkeep]\n|-sideend|p1: Donye East|move: Tailwind\n|upkeep\n|turn|8\n|\n|t:|1776134649\n|move|p1b: Charizard|Overheat|p2b: Floette\n|-damage|p2b: Floette|0 fnt\n|-unboost|p1b: Charizard|spa|2\n|faint|p2b: Floette\n|\n|win|Donye East\n|raw|Donye East's rating: 1095 &rarr; <strong>1127</strong><br />(+32 for winning)\n|raw|MaxiSilv's rating: 1179 &rarr; <strong>1148</strong><br />(-31 for losing)\n",
  "uploadtime": 1776134650,
  "views": 23,
  "formatid": "gen9championsvgc2026regma",
  "rating": 1127,
  "private": 0,
  "password": null
}