{
  "id": "gen9championsvgc2026regma-2588879689",
  "format": "[Gen 9 Champions] VGC 2026 Reg M-A",
  "players": [
    "hitmonchanny",
    "Freddybath"
  ],
  "log": "|j|\u2606hitmonchanny\n|j|\u2606Freddybath\n|t:|1776681747\n|gametype|doubles\n|player|p1|hitmonchanny|170|1071\n|player|p2|Freddybath|265|1000\n|gen|9\n|tier|[Gen 9 Champions] VGC 2026 Reg M-A\n|rated|\n|rule|Species Clause: Limit one of each Pok\u00e9mon\n|rule|Item Clause: Limit 1 of each item\n|clearpoke\n|poke|p1|Pelipper, L50, M|\n|poke|p1|Farigiraf, L50, M|\n|poke|p1|Basculegion-F, L50, F|\n|poke|p1|Sneasler, L50, F|\n|poke|p1|Archaludon, L50, M|\n|poke|p1|Dragonite, L50, F|\n|poke|p2|Gengar, L50, F|\n|poke|p2|Incineroar, L50, F|\n|poke|p2|Sinistcha, L50|\n|poke|p2|Toxapex, L50, M|\n|poke|p2|Scizor, L50, M|\n|poke|p2|Rotom-Wash, L50|\n|teampreview|4\nhitmonchanny has agreed to open team sheets.\nFreddybath rejected open team sheets.\n|\n|t:|1776681790\n|teamsize|p1|4\n|teamsize|p2|4\n|start\n|switch|p1a: Archaludon|Archaludon, L50, M|100/100\n|switch|p1b: Pelipper|Pelipper, L50, M|100/100\n|switch|p2a: Sinistcha|Sinistcha, L50|100/100\n|switch|p2b: Gengar|Gengar, L50, F|100/100\n|-weather|RainDance|[from] ability: Drizzle|[of] p1b: Pelipper\n|turn|1\n|\n|t:|1776681828\n|detailschange|p2b: Gengar|Gengar-Mega, L50, F\n|-mega|p2b: Gengar|Gengar|Gengarite\n|move|p2a: Sinistcha|Rage Powder|p2a: Sinistcha\n|-singleturn|p2a: Sinistcha|move: Rage Powder\n|move|p2b: Gengar|Taunt|p1b: Pelipper\n|-start|p1b: Pelipper|move: Taunt\n|move|p1a: Archaludon|Electro Shot||[still]\n|-prepare|p1a: Archaludon|Electro Shot\n|-boost|p1a: Archaludon|spa|1\n|-anim|p1a: Archaludon|Electro Shot|p2a: Sinistcha\n|-resisted|p2a: Sinistcha|1\n|-damage|p2a: Sinistcha|75/100\n|move|p1b: Pelipper|U-turn|p2a: Sinistcha\n|-damage|p2a: Sinistcha|66/100\n|\n|t:|1776681840\n|switch|p1b: Basculegion|Basculegion-F, L50, F|100/100|[from] U-turn\n|\n|-weather|RainDance|[upkeep]\n|upkeep\n|turn|2\n|\n|t:|1776681852\n|move|p1a: Archaludon|Protect|p1a: Archaludon\n|-singleturn|p1a: Archaludon|Protect\n|move|p2a: Sinistcha|Rage Powder|p2a: Sinistcha\n|-singleturn|p2a: Sinistcha|move: Rage Powder\n|move|p1b: Basculegion|Phantom Force||[still]\n|-prepare|p1b: Basculegion|Phantom Force\n|move|p2b: Gengar|Perish Song|p2b: Gengar\n|-start|p1a: Archaludon|perish3|[silent]\n|-miss|p2b: Gengar|p1b: Basculegion\n|-start|p2a: Sinistcha|perish3|[silent]\n|-start|p2b: Gengar|perish3|[silent]\n|-fieldactivate|move: Perish Song\n|\n|-weather|RainDance|[upkeep]\n|-start|p2b: Gengar|perish3\n|-start|p1a: Archaludon|perish3\n|-start|p2a: Sinistcha|perish3\n|upkeep\n|turn|3\n|\n|t:|1776681866\n|move|p2b: Gengar|Protect|p2b: Gengar\n|-singleturn|p2b: Gengar|Protect\n|move|p1b: Basculegion|Phantom Force|p2a: Sinistcha|[from] lockedmove\n|-supereffective|p2a: Sinistcha|1\n|-damage|p2a: Sinistcha|14/100\n|-enditem|p2a: Sinistcha|Sitrus Berry|[eat]\n|-heal|p2a: Sinistcha|39/100|[from] item: Sitrus Berry\n|move|p1a: Archaludon|Outrage|p2a: Sinistcha\n|-damage|p2a: Sinistcha|0 fnt\n|faint|p2a: Sinistcha\n|\n|-weather|RainDance|[upkeep]\n|-start|p2b: Gengar|perish2\n|-start|p1a: Archaludon|perish2\n|upkeep\n|\n|t:|1776681883\n|switch|p2a: Toxapex|Toxapex, L50, M|100/100\n|turn|4\n|\n|t:|1776681894\n|move|p1b: Basculegion|Phantom Force||[still]\n|-prepare|p1b: Basculegion|Phantom Force\n|move|p2b: Gengar|Shadow Ball|p2a: Toxapex\n|-damage|p2a: Toxapex|66/100\n|-unboost|p2a: Toxapex|spd|1\n|move|p1a: Archaludon|Outrage|p2a: Toxapex|[from] lockedmove\n|-damage|p2a: Toxapex|35/100\n|-start|p1a: Archaludon|confusion|[fatigue]\n|-enditem|p1a: Archaludon|Lum Berry|[eat]\n|-end|p1a: Archaludon|confusion\n|move|p2a: Toxapex|Infestation|p1a: Archaludon\n|-resisted|p1a: Archaludon|1\n|-damage|p1a: Archaludon|98/100\n|-activate|p1a: Archaludon|move: Infestation|[of] p2a: Toxapex\n|-ability|p1a: Archaludon|Stamina|boost\n|-boost|p1a: Archaludon|def|1\n|\n|-weather|RainDance|[upkeep]\n|-damage|p1a: Archaludon|86/100|[from] move: Infestation|[partiallytrapped]\n|-start|p2b: Gengar|perish1\n|-start|p1a: Archaludon|perish1\n|upkeep\n|turn|5\n|l|\u2606hitmonchanny\n|player|p1|\n|j|\u2606hitmonchanny\n|player|p1|hitmonchanny|170|\n|\n|t:|1776681940\n|switch|p2b: Scizor|Scizor, L50, M|100/100\n|move|p2a: Toxapex|Baneful Bunker|p2a: Toxapex\n|-singleturn|p2a: Toxapex|move: Protect\n|move|p1b: Basculegion|Phantom Force|p2b: Scizor|[from] lockedmove\n|-damage|p2b: Scizor|64/100\n|move|p1a: Archaludon|Electro Shot||[still]\n|-prepare|p1a: Archaludon|Electro Shot\n|-boost|p1a: Archaludon|spa|1\n|-anim|p1a: Archaludon|Electro Shot|p2a: Toxapex\n|-activate|p2a: Toxapex|move: Protect\n|\n|-weather|none\n|-damage|p1a: Archaludon|74/100|[from] move: Infestation|[partiallytrapped]\n|-start|p1a: Archaludon|perish0\n|faint|p1a: Archaludon\n|upkeep\n|\n|t:|1776681953\n|switch|p1a: Pelipper|Pelipper, L50, M|100/100\n|-weather|RainDance|[from] ability: Drizzle|[of] p1a: Pelipper\n|turn|6\n|\n|t:|1776681973\n|switch|p1b: Sneasler|Sneasler, L50, F|100/100\n|move|p2b: Scizor|Bullet Punch|p2a: Toxapex\n|-resisted|p2a: Toxapex|1\n|-damage|p2a: Toxapex|28/100\n|move|p1a: Pelipper|U-turn|p2a: Toxapex\n|-resisted|p2a: Toxapex|1\n|-damage|p2a: Toxapex|25/100\n|\n|t:|1776681983\n|switch|p1a: Basculegion|Basculegion-F, L50, F|100/100|[from] U-turn\n|move|p2a: Toxapex|Recover|p2a: Toxapex\n|-heal|p2a: Toxapex|75/100\n|\n|-weather|RainDance|[upkeep]\n|upkeep\n|turn|7\n|\n|t:|1776682005\n|switch|p1a: Pelipper|Pelipper, L50, M|100/100\n|move|p2a: Toxapex|Baneful Bunker|p2a: Toxapex\n|-singleturn|p2a: Toxapex|move: Protect\n|move|p1b: Sneasler|Close Combat|p2b: Scizor\n|-damage|p2b: Scizor|0 fnt\n|-unboost|p1b: Sneasler|def|1\n|-unboost|p1b: Sneasler|spd|1\n|faint|p2b: Scizor\n|-enditem|p1b: Sneasler|White Herb\n|-clearnegativeboost|p1b: Sneasler|[silent]\n|\n|-weather|RainDance|[upkeep]\n|upkeep\n|\n|t:|1776682018\n|switch|p2b: Gengar|Gengar-Mega, L50, F|100/100\n|turn|8\n|\n|t:|1776682040\n|move|p1b: Sneasler|Close Combat|p2a: Toxapex\n|-resisted|p2a: Toxapex|1\n|-damage|p2a: Toxapex|55/100\n|-unboost|p1b: Sneasler|def|1\n|-unboost|p1b: Sneasler|spd|1\n|move|p2b: Gengar|Perish Song|p2b: Gengar\n|-start|p1a: Pelipper|perish3|[silent]\n|-start|p1b: Sneasler|perish3|[silent]\n|-start|p2a: Toxapex|perish3|[silent]\n|-start|p2b: Gengar|perish3|[silent]\n|-fieldactivate|move: Perish Song\n|move|p1a: Pelipper|U-turn|p2b: Gengar\n|-resisted|p2b: Gengar|2\n|-damage|p2b: Gengar|98/100\n|\n|t:|1776682049\n|switch|p1a: Basculegion|Basculegion-F, L50, F|100/100|[from] U-turn\n|move|p2a: Toxapex|Infestation|p1b: Sneasler\n|-resisted|p1b: Sneasler|2\n|-damage|p1b: Sneasler|99/100\n|-activate|p1b: Sneasler|move: Infestation|[of] p2a: Toxapex\n|\n|-weather|RainDance|[upkeep]\n|-damage|p1b: Sneasler|87/100|[from] move: Infestation|[partiallytrapped]\n|-start|p1b: Sneasler|perish3\n|-start|p2b: Gengar|perish3\n|-start|p2a: Toxapex|perish3\n|upkeep\n|turn|9\n|\n|t:|1776682064\n|move|p2b: Gengar|Protect|p2b: Gengar\n|-singleturn|p2b: Gengar|Protect\n|move|p1a: Basculegion|Phantom Force||[still]\n|-prepare|p1a: Basculegion|Phantom Force\n|move|p1b: Sneasler|Close Combat|p2a: Toxapex\n|-resisted|p2a: Toxapex|1\n|-damage|p2a: Toxapex|36/100\n|-unboost|p1b: Sneasler|def|1\n|-unboost|p1b: Sneasler|spd|1\n|move|p2a: Toxapex|Recover|p2a: Toxapex\n|-heal|p2a: Toxapex|86/100\n|\n|-weather|RainDance|[upkeep]\n|-damage|p1b: Sneasler|75/100|[from] move: Infestation|[partiallytrapped]\n|-start|p1b: Sneasler|perish2\n|-start|p2b: Gengar|perish2\n|-start|p2a: Toxapex|perish2\n|upkeep\n|turn|10\n|\n|t:|1776682089\n|move|p1a: Basculegion|Phantom Force|p2b: Gengar|[from] lockedmove\n|-supereffective|p2b: Gengar|1\n|-damage|p2b: Gengar|25/100\n|move|p1b: Sneasler|Close Combat|p2a: Toxapex\n|-resisted|p2a: Toxapex|1\n|-damage|p2a: Toxapex|69/100\n|-unboost|p1b: Sneasler|def|1\n|-unboost|p1b: Sneasler|spd|1\n|move|p2b: Gengar|Shadow Ball|p1a: Basculegion\n|-supereffective|p1a: Basculegion|1\n|-damage|p1a: Basculegion|0 fnt\n|faint|p1a: Basculegion\n|move|p2a: Toxapex|Infestation|p1b: Sneasler\n|-resisted|p1b: Sneasler|2\n|-damage|p1b: Sneasler|73/100\n|\n|-weather|none\n|-damage|p1b: Sneasler|61/100|[from] move: Infestation|[partiallytrapped]\n|-start|p1b: Sneasler|perish1\n|-start|p2b: Gengar|perish1\n|-start|p2a: Toxapex|perish1\n|upkeep\n|\n|t:|1776682099\n|switch|p1a: Pelipper|Pelipper, L50, M|100/100\n|-weather|RainDance|[from] ability: Drizzle|[of] p1a: Pelipper\n|turn|11\n|\n|t:|1776682108\n|move|p2b: Gengar|Protect|p2b: Gengar\n|-singleturn|p2b: Gengar|Protect\n|move|p2a: Toxapex|Baneful Bunker|p2a: Toxapex\n|-singleturn|p2a: Toxapex|move: Protect\n|move|p1b: Sneasler|Close Combat|p2a: Toxapex\n|-activate|p2a: Toxapex|move: Protect\n|move|p1a: Pelipper|Knock Off|p2b: Gengar\n|-activate|p2b: Gengar|move: Protect\n|\n|-weather|RainDance|[upkeep]\n|-damage|p1b: Sneasler|48/100|[from] move: Infestation|[partiallytrapped]\n|-start|p1b: Sneasler|perish0\n|-start|p2b: Gengar|perish0\n|-start|p2a: Toxapex|perish0\n|faint|p1b: Sneasler\n|faint|p2b: Gengar\n|faint|p2a: Toxapex\n|\n|win|hitmonchanny\n|raw|hitmonchanny's rating: 1071 &rarr; <strong>1094</strong><br />(+23 for winning)\n|raw|Freddybath's rating: 1000 &rarr; <strong>1000</strong><br />(+0 for losing)\n|l|\u2606Freddybath\n|player|p2|\n",
  "uploadtime": 1776682135,
  "views": 22,
  "formatid": "gen9championsvgc2026regma",
  "rating": 1000,
  "private": 0,
  "password": null
}