{
  "id": "gen9championsvgc2026regma-2584734551",
  "format": "[Gen 9 Champions] VGC 2026 Reg M-A",
  "players": [
    "CamilleOPM",
    "Murphy's kitchen"
  ],
  "log": "|j|\u2606CamilleOPM\n|j|\u2606Murphy's kitchen\n|t:|1776279920\n|gametype|doubles\n|player|p1|CamilleOPM|cress|1422\n|player|p2|Murphy's kitchen|102|1588\n|gen|9\n|tier|[Gen 9 Champions] VGC 2026 Reg M-A\n|rated|\n|rule|Species Clause: Limit one of each Pok\u00e9mon\n|rule|Item Clause: Limit 1 of each item\n|clearpoke\n|poke|p1|Starmie, L50|\n|poke|p1|Sneasler, L50, F|\n|poke|p1|Incineroar, L50, F|\n|poke|p1|Sylveon, L50, F|\n|poke|p1|Kingambit, L50, M|\n|poke|p1|Sinistcha, L50|\n|poke|p2|Basculegion, L50, M|\n|poke|p2|Aerodactyl, L50, M|\n|poke|p2|Kommo-o, L50, M|\n|poke|p2|Scovillain, L50, M|\n|poke|p2|Scizor, L50, F|\n|poke|p2|Sneasler, L50, M|\n|teampreview|4\n|inactive|Battle timer is ON: inactive players will automatically lose when time's up. (requested by CamilleOPM)\n|\n|t:|1776279969\n|teamsize|p1|4\n|teamsize|p2|4\n|start\n|switch|p1a: Starmie|Starmie, L50, shiny|100/100\n|switch|p1b: Sneasler|Sneasler, L50, F|100/100\n|switch|p2a: Sneasler|Sneasler, L50, M|100/100\n|switch|p2b: Kommo-o|Kommo-o, L50, M|100/100\n|turn|1\n|\n|t:|1776279990\n|detailschange|p1a: Starmie|Starmie-Mega, L50, shiny\n|-mega|p1a: Starmie|Starmie|Starminite\n|move|p2a: Sneasler|Fake Out|p1a: Starmie\n|-damage|p1a: Starmie|82/100\n|move|p1b: Sneasler|Fake Out|p2a: Sneasler\n|-damage|p2a: Sneasler|76/100\n|cant|p1a: Starmie|flinch\n|move|p2b: Kommo-o|Clangorous Soul|p2b: Kommo-o\n|-boost|p2b: Kommo-o|atk|1\n|-boost|p2b: Kommo-o|def|1\n|-boost|p2b: Kommo-o|spa|1\n|-boost|p2b: Kommo-o|spd|1\n|-boost|p2b: Kommo-o|spe|1\n|-damage|p2b: Kommo-o|68/100\n|\n|-heal|p2b: Kommo-o|74/100|[from] item: Leftovers\n|upkeep\n|turn|2\n|inactive|CamilleOPM has 30 seconds left.\n|\n|t:|1776280017\n|switch|p1b: Incineroar|Incineroar, L50, F, shiny|100/100\n|-ability|p1b: Incineroar|Intimidate|boost\n|-unboost|p2a: Sneasler|atk|1\n|-unboost|p2b: Kommo-o|atk|1\n|-enditem|p2a: Sneasler|White Herb\n|-clearnegativeboost|p2a: Sneasler|[silent]\n|move|p2a: Sneasler|Dire Claw|p1a: Starmie\n|-damage|p1a: Starmie|26/100\n|-status|p1a: Starmie|par\n|move|p2b: Kommo-o|Clanging Scales|p1b: Incineroar|[spread] p1a,p1b\n|-damage|p1a: Starmie|0 fnt\n|-damage|p1b: Incineroar|50/100\n|-enditem|p1b: Incineroar|Sitrus Berry|[eat]\n|-heal|p1b: Incineroar|75/100|[from] item: Sitrus Berry\n|faint|p1a: Starmie\n|-unboost|p2b: Kommo-o|def|1\n|\n|-heal|p2b: Kommo-o|79/100|[from] item: Leftovers\n|upkeep\n|\n|t:|1776280026\n|switch|p1a: Sylveon|Sylveon, L50, F|100/100\n|turn|3\n|\n|t:|1776280050\n|move|p2a: Sneasler|Protect|p2a: Sneasler\n|-singleturn|p2a: Sneasler|Protect\n|move|p2b: Kommo-o|Protect|p2b: Kommo-o\n|-singleturn|p2b: Kommo-o|Protect\n|move|p1b: Incineroar|Fake Out|p2a: Sneasler\n|-activate|p2a: Sneasler|move: Protect\n|move|p1a: Sylveon|Hyper Voice|p2a: Sneasler|[spread] \n|-activate|p2a: Sneasler|move: Protect\n|-activate|p2b: Kommo-o|move: Protect\n|\n|-heal|p2b: Kommo-o|85/100|[from] item: Leftovers\n|upkeep\n|turn|4\n|\n|t:|1776280075\n|switch|p1b: Sneasler|Sneasler, L50, F|100/100\n|move|p2a: Sneasler|Dire Claw|p1a: Sylveon\n|-supereffective|p1a: Sylveon|1\n|-damage|p1a: Sylveon|9/100\n|-status|p1a: Sylveon|par\n|move|p2b: Kommo-o|Aura Sphere|p1b: Sneasler\n|-resisted|p1b: Sneasler|1\n|-damage|p1b: Sneasler|64/100\n|move|p1a: Sylveon|Hyper Voice|p2a: Sneasler|[spread] p2a\n|-immune|p2b: Kommo-o|[from] ability: Soundproof\n|-damage|p2a: Sneasler|15/100\n|\n|-heal|p2b: Kommo-o|91/100|[from] item: Leftovers\n|upkeep\n|turn|5\n|-message|CamilleOPM forfeited.\n|\n|win|Murphy's kitchen\n|raw|CamilleOPM's rating: 1422 &rarr; <strong>1411</strong><br />(-11 for losing)\n|raw|Murphy&apos;s kitchen's rating: 1588 &rarr; <strong>1599</strong><br />(+11 for winning)\n|l|\u2606CamilleOPM\n|player|p1|\n",
  "uploadtime": 1776280106,
  "views": 70,
  "formatid": "gen9championsvgc2026regma",
  "rating": 1411,
  "private": 0,
  "password": null
}