{
  "id": "gen9championsvgc2026regma-2581793309",
  "format": "[Gen 9 Champions] VGC 2026 Reg M-A",
  "players": [
    "casualmode",
    "shortyboy"
  ],
  "log": "|j|\u2606casualmode\n|j|\u2606shortyboy\n|t:|1776028861\n|gametype|doubles\n|player|p1|casualmode|colress|1000\n|player|p2|shortyboy|clay|1052\n|gen|9\n|tier|[Gen 9 Champions] VGC 2026 Reg M-A\n|rated|\n|rule|Species Clause: Limit one of each Pok\u00e9mon\n|rule|Item Clause: Limit 1 of each item\n|clearpoke\n|poke|p1|Hawlucha, L50, F|\n|poke|p1|Krookodile, L50, F|\n|poke|p1|Glalie, L50, M|\n|poke|p1|Whimsicott, L50, M|\n|poke|p1|Maushold, L50|\n|poke|p1|Ninetales-Alola, L50, F|\n|poke|p2|Manectric, L50, F|\n|poke|p2|Weavile, L50, M|\n|poke|p2|Archaludon, L50, M|\n|poke|p2|Pelipper, L50, F|\n|poke|p2|Basculegion, L50, M|\n|poke|p2|Snorlax, L50, M|\n|teampreview|4\n|\n|t:|1776028892\n|teamsize|p1|4\n|teamsize|p2|4\n|start\n|switch|p1a: Ninetales|Ninetales-Alola, L50, F|100/100\n|switch|p1b: Whimsicott|Whimsicott, L50, M|100/100\n|switch|p2a: Clawette|Weavile, L50, M|100/100\n|switch|p2b: Thunderbolt|Manectric, L50, F, shiny|100/100\n|-weather|Snowscape|[from] ability: Snow Warning|[of] p1a: Ninetales\n|turn|1\n|\n|t:|1776028924\n|switch|p2b: Pelipper|Pelipper, L50, F|100/100\n|-weather|RainDance|[from] ability: Drizzle|[of] p2b: Pelipper\n|move|p2a: Clawette|Fake Out|p1b: Whimsicott\n|-damage|p1b: Whimsicott|86/100\n|cant|p1b: Whimsicott|flinch\n|move|p1a: Ninetales|Aurora Veil||[still]\n|-fail|p1a: Ninetales\n|\n|-weather|RainDance|[upkeep]\n|upkeep\n|turn|2\n|\n|t:|1776028948\n|move|p1b: Whimsicott|Encore|p2a: Clawette\n|-hint|Since gen 7, Dark is immune to Prankster moves.\n|-immune|p2a: Clawette\n|move|p2a: Clawette|Scary Face|p1a: Ninetales\n|-unboost|p1a: Ninetales|spe|2\n|move|p1a: Ninetales|Imprison|p1a: Ninetales\n|-start|p1a: Ninetales|move: Imprison\n|move|p2b: Pelipper|Hurricane|p1b: Whimsicott\n|-supereffective|p1b: Whimsicott|1\n|-damage|p1b: Whimsicott|11/100\n|\n|-weather|RainDance|[upkeep]\n|upkeep\n|turn|3\n|\n|t:|1776028973\n|switch|p1a: Glalie|Glalie, L50, M|100/100\n|move|p1b: Whimsicott|Tailwind|p1b: Whimsicott\n|-sidestart|p1: casualmode|move: Tailwind\n|move|p2a: Clawette|Knock Off|p1b: Whimsicott\n|-resisted|p1b: Whimsicott|1\n|-damage|p1b: Whimsicott|0 fnt\n|-enditem|p1b: Whimsicott|Mental Herb|[from] move: Knock Off|[of] p2a: Clawette\n|faint|p1b: Whimsicott\n|move|p2b: Pelipper|Tailwind|p2b: Pelipper\n|-sidestart|p2: shortyboy|move: Tailwind\n|\n|-weather|RainDance|[upkeep]\n|-ability|p1a: Glalie|Moody|boost\n|-boost|p1a: Glalie|spa|2\n|-unboost|p1a: Glalie|atk|1\n|upkeep\n|\n|t:|1776028991\n|switch|p1b: Ninetales|Ninetales-Alola, L50, F|100/100\n|-weather|Snowscape|[from] ability: Snow Warning|[of] p1b: Ninetales\n|turn|4\n|\n|t:|1776029003\n|switch|p2b: Thunderbolt|Manectric, L50, F, shiny|100/100\n|move|p2a: Clawette|Knock Off|p1a: Glalie\n|-damage|p1a: Glalie|73/100\n|-enditem|p1a: Glalie|Leftovers|[from] move: Knock Off|[of] p2a: Clawette\n|move|p1b: Ninetales|Aurora Veil|p1b: Ninetales\n|-sidestart|p1: casualmode|move: Aurora Veil\n|move|p1a: Glalie|Freeze-Dry|p2b: Thunderbolt\n|-damage|p2b: Thunderbolt|26/100\n|\n|-weather|Snowscape|[upkeep]\n|-ability|p1a: Glalie|Moody|boost\n|-boost|p1a: Glalie|atk|2\n|-unboost|p1a: Glalie|spa|1\n|upkeep\n|turn|5\n|\n|t:|1776029027\n|switch|p2a: Pelipper|Pelipper, L50, F|100/100\n|-weather|RainDance|[from] ability: Drizzle|[of] p2a: Pelipper\n|switch|p1b: Hawlucha|Hawlucha, L50, F|100/100\n|detailschange|p2b: Thunderbolt|Manectric-Mega, L50, F, shiny\n|-mega|p2b: Thunderbolt|Manectric|Manectite\n|-ability|p2b: Thunderbolt|Intimidate|boost\n|-unboost|p1a: Glalie|atk|1\n|-unboost|p1b: Hawlucha|atk|1\n|move|p1a: Glalie|Protect|p1a: Glalie\n|-singleturn|p1a: Glalie|Protect\n|move|p2b: Thunderbolt|Thunder|p1a: Glalie\n|-activate|p1a: Glalie|move: Protect\n|\n|-weather|RainDance|[upkeep]\n|-ability|p1a: Glalie|Moody|boost\n|-boost|p1a: Glalie|spe|2\n|-unboost|p1a: Glalie|def|1\n|upkeep\n|turn|6\n|\n|t:|1776029079\n|switch|p2a: Clawette|Weavile, L50, M|100/100\n|detailschange|p1b: Hawlucha|Hawlucha-Mega, L50, F\n|-mega|p1b: Hawlucha|Hawlucha|Hawluchanite\n|move|p2b: Thunderbolt|Protect|p2b: Thunderbolt\n|-singleturn|p2b: Thunderbolt|Protect\n|move|p1a: Glalie|Freeze-Dry|p2b: Thunderbolt\n|-activate|p2b: Thunderbolt|move: Protect\n|move|p1b: Hawlucha|Taunt|p2a: Clawette\n|-start|p2a: Clawette|move: Taunt\n|\n|-weather|RainDance|[upkeep]\n|-sideend|p1: casualmode|move: Tailwind\n|-sideend|p2: shortyboy|move: Tailwind\n|-ability|p1a: Glalie|Moody|boost\n|-boost|p1a: Glalie|spd|2\n|-unboost|p1a: Glalie|atk|1\n|upkeep\n|turn|7\n|\n|t:|1776029124\n|move|p1a: Glalie|Protect|p1a: Glalie\n|-singleturn|p1a: Glalie|Protect\n|move|p1b: Hawlucha|Protect|p1b: Hawlucha\n|-singleturn|p1b: Hawlucha|Protect\n|move|p2a: Clawette|Fake Out|p1a: Glalie\n|-activate|p1a: Glalie|move: Protect\n|move|p2b: Thunderbolt|Thunder|p1b: Hawlucha\n|-activate|p1b: Hawlucha|move: Protect\n|\n|-weather|RainDance|[upkeep]\n|-ability|p1a: Glalie|Moody|boost\n|-boost|p1a: Glalie|atk|2\n|-unboost|p1a: Glalie|spd|1\n|upkeep\n|turn|8\n|\n|t:|1776029148\n|move|p2b: Thunderbolt|Thunder|p1a: Glalie\n|-damage|p1a: Glalie|44/100\n|move|p1a: Glalie|Freeze-Dry|p2b: Thunderbolt\n|-damage|p2b: Thunderbolt|0 fnt\n|faint|p2b: Thunderbolt\n|move|p2a: Clawette|Triple Axel|p1b: Hawlucha\n|-supereffective|p1b: Hawlucha|1\n|-crit|p1b: Hawlucha\n|-damage|p1b: Hawlucha|70/100\n|-supereffective|p1b: Hawlucha|1\n|-crit|p1b: Hawlucha\n|-damage|p1b: Hawlucha|17/100\n|-supereffective|p1b: Hawlucha|1\n|-damage|p1b: Hawlucha|0 fnt\n|faint|p1b: Hawlucha\n|-hitcount|p1: Hawlucha|3\n|\n|-weather|RainDance|[upkeep]\n|-end|p2a: Clawette|move: Taunt\n|-sideend|p1: casualmode|move: Aurora Veil\n|-ability|p1a: Glalie|Moody|boost\n|-boost|p1a: Glalie|spd|2\n|-unboost|p1a: Glalie|spe|1\n|upkeep\n|\n|t:|1776029167\n|switch|p2b: Basculegion|Basculegion, L50, M|100/100\n|switch|p1b: Ninetales|Ninetales-Alola, L50, F|100/100\n|-weather|Snowscape|[from] ability: Snow Warning|[of] p1b: Ninetales\n|turn|9\n|\n|t:|1776029193\n|switch|p2a: Pelipper|Pelipper, L50, F|100/100\n|-weather|RainDance|[from] ability: Drizzle|[of] p2a: Pelipper\n|move|p1b: Ninetales|Protect|p1b: Ninetales\n|-singleturn|p1b: Ninetales|Protect\n|move|p1a: Glalie|Protect|p1a: Glalie\n|-singleturn|p1a: Glalie|Protect\n|move|p2b: Basculegion|Wave Crash|p1a: Glalie\n|-activate|p1a: Glalie|move: Protect\n|\n|-weather|RainDance|[upkeep]\n|-ability|p1a: Glalie|Moody|boost\n|-boost|p1a: Glalie|spe|2\n|-unboost|p1a: Glalie|atk|1\n|upkeep\n|turn|10\n|\n|t:|1776029212\n|move|p2b: Basculegion|Wave Crash|p1a: Glalie\n|-crit|p1a: Glalie\n|-damage|p1a: Glalie|0 fnt\n|faint|p1a: Glalie\n|-damage|p2b: Basculegion|87/100|[from] Recoil\n|move|p1b: Ninetales|Blizzard|p2b: Basculegion|[spread] p2a\n|-miss|p1b: Ninetales|p2b: Basculegion\n|-damage|p2a: Pelipper|55/100\n|move|p2a: Pelipper|Tailwind|p2a: Pelipper\n|-sidestart|p2: shortyboy|move: Tailwind\n|\n|-weather|RainDance|[upkeep]\n|upkeep\n|turn|11\n|c|\u2606shortyboy|ez gg\n|\n|t:|1776029233\n|move|p2b: Basculegion|Wave Crash|p1b: Ninetales\n|-enditem|p1b: Ninetales|Focus Sash\n|-damage|p1b: Ninetales|1/100\n|-damage|p2b: Basculegion|62/100|[from] Recoil\n|move|p1b: Ninetales|Blizzard|p2a: Pelipper|[spread] p2a\n|-miss|p1b: Ninetales|p2b: Basculegion\n|-damage|p2a: Pelipper|13/100\n|move|p2a: Pelipper|Hurricane|p1b: Ninetales\n|-damage|p1b: Ninetales|0 fnt\n|faint|p1b: Ninetales\n|\n|win|shortyboy\n|raw|casualmode's rating: 1000 &rarr; <strong>1000</strong><br />(+0 for losing)\n|raw|shortyboy's rating: 1052 &rarr; <strong>1079</strong><br />(+27 for winning)\n",
  "uploadtime": 1776029233,
  "views": 16,
  "formatid": "gen9championsvgc2026regma",
  "rating": 1000,
  "private": 0,
  "password": null
}