{
  "id": "gen9championsvgc2026regma-2589533086",
  "format": "[Gen 9 Champions] VGC 2026 Reg M-A",
  "players": [
    "starakion",
    "jude billingham"
  ],
  "log": "|j|\u2606starakion\n|j|\u2606jude billingham\n|t:|1776731642\n|gametype|doubles\n|player|p1|starakion|steven|1106\n|player|p2|jude billingham|265|1054\n|gen|9\n|tier|[Gen 9 Champions] VGC 2026 Reg M-A\n|rated|\n|rule|Species Clause: Limit one of each Pok\u00e9mon\n|rule|Item Clause: Limit 1 of each item\n|clearpoke\n|poke|p1|Sableye, L50, F, shiny|\n|poke|p1|Incineroar, L50, F, shiny|\n|poke|p1|Starmie, L50, shiny|\n|poke|p1|Whimsicott, L50, M, shiny|\n|poke|p1|Gardevoir, L50, F, shiny|\n|poke|p1|Sneasler, L50, M, shiny|\n|poke|p2|Aerodactyl, L50, M|\n|poke|p2|Garchomp, L50, M|\n|poke|p2|Incineroar, L50, F, shiny|\n|poke|p2|Floette-Eternal, L50, F|\n|poke|p2|Sneasler, L50, F|\n|poke|p2|Venusaur, L50, M, shiny|\n|teampreview|4\n|inactive|Battle timer is ON: inactive players will automatically lose when time's up. (requested by jude billingham)\n|inactive|starakion has 60 seconds left.\n|inactive|starakion has 30 seconds left.\n|\n|t:|1776731709\n|teamsize|p1|4\n|teamsize|p2|4\n|start\n|switch|p1a: Sableye|Sableye, L50, F, shiny|100/100\n|switch|p1b: Incineroar|Incineroar, L50, F, shiny|100/100\n|switch|p2a: Aerodactyl|Aerodactyl, L50, M|100/100\n|switch|p2b: Sneasler|Sneasler, L50, F|100/100\n|-ability|p2a: Aerodactyl|Unnerve\n|-ability|p1b: Incineroar|Intimidate|boost\n|-unboost|p2a: Aerodactyl|atk|1\n|-unboost|p2b: Sneasler|atk|1\n|-enditem|p2b: Sneasler|White Herb\n|-clearnegativeboost|p2b: Sneasler|[silent]\n|turn|1\n|\n|t:|1776731731\n|move|p1b: Incineroar|Fake Out|p2a: Aerodactyl\n|-resisted|p2a: Aerodactyl|1\n|-damage|p2a: Aerodactyl|92/100\n|move|p1a: Sableye|Will-O-Wisp|p2b: Sneasler\n|-status|p2b: Sneasler|brn\n|move|p2b: Sneasler|Close Combat|p1b: Incineroar\n|-supereffective|p1b: Incineroar|1\n|-damage|p1b: Incineroar|42/100\n|-unboost|p2b: Sneasler|def|1\n|-unboost|p2b: Sneasler|spd|1\n|cant|p2a: Aerodactyl|flinch\n|\n|-damage|p2b: Sneasler|95/100 brn|[from] brn\n|upkeep\n|turn|2\n|inactive|starakion has 30 seconds left.\n|\n|t:|1776731760\n|switch|p2b: Incineroar|Incineroar, L50, F, shiny|100/100\n|-ability|p2b: Incineroar|Intimidate|boost\n|-unboost|p1a: Sableye|atk|1\n|-unboost|p1b: Incineroar|atk|1\n|move|p1a: Sableye|Reflect|p1a: Sableye\n|-sidestart|p1: starakion|Reflect\n|move|p2a: Aerodactyl|Tailwind|p2a: Aerodactyl\n|-sidestart|p2: jude billingham|move: Tailwind\n|move|p1b: Incineroar|Parting Shot|p2a: Aerodactyl\n|-unboost|p2a: Aerodactyl|atk|1\n|-unboost|p2a: Aerodactyl|spa|1\n|\n|t:|1776731781\n|switch|p1b: Sneasler|Sneasler, L50, M, shiny|100/100|[from] Parting Shot\n|\n|upkeep\n|turn|3\n|\n|t:|1776731802\n|move|p1b: Sneasler|Protect|p1b: Sneasler\n|-singleturn|p1b: Sneasler|Protect\n|move|p1a: Sableye|Will-O-Wisp|p2a: Aerodactyl\n|-status|p2a: Aerodactyl|brn\n|move|p2a: Aerodactyl|Dual Wingbeat|p1b: Sneasler\n|-activate|p1b: Sneasler|move: Protect\n|move|p2b: Incineroar|Parting Shot|p1a: Sableye\n|-unboost|p1a: Sableye|atk|1\n|-unboost|p1a: Sableye|spa|1\n|\n|t:|1776731813\n|switch|p2b: Venusaur|Venusaur, L50, M, shiny|100/100|[from] Parting Shot\n|\n|-damage|p2a: Aerodactyl|86/100 brn|[from] brn\n|upkeep\n|turn|4\n|\n|t:|1776731836\n|detailschange|p2b: Venusaur|Venusaur-Mega, L50, M, shiny\n|-mega|p2b: Venusaur|Venusaur|Venusaurite\n|move|p1a: Sableye|Will-O-Wisp|p2b: Venusaur\n|-status|p2b: Venusaur|brn\n|move|p2a: Aerodactyl|Dual Wingbeat|p1b: Sneasler\n|-supereffective|p1b: Sneasler|1\n|-damage|p1b: Sneasler|90/100\n|-supereffective|p1b: Sneasler|1\n|-damage|p1b: Sneasler|79/100\n|-hitcount|p1b: Sneasler|2\n|move|p2b: Venusaur|Leech Seed|p1a: Sableye\n|-start|p1a: Sableye|move: Leech Seed\n|move|p1b: Sneasler|Dire Claw|p2b: Venusaur\n|-damage|p2b: Venusaur|65/100 brn\n|\n|-damage|p1a: Sableye|88/100|[from] Leech Seed|[of] p2b: Venusaur\n|-heal|p2b: Venusaur|75/100 brn|[silent]\n|-damage|p2a: Aerodactyl|80/100 brn|[from] brn\n|-damage|p2b: Venusaur|69/100 brn|[from] brn\n|upkeep\n|turn|5\n|\n|t:|1776731858\n|switch|p2a: Incineroar|Incineroar, L50, F, shiny|100/100\n|-ability|p2a: Incineroar|Intimidate|boost\n|-unboost|p1a: Sableye|atk|1\n|-unboost|p1b: Sneasler|atk|1\n|-enditem|p1b: Sneasler|White Herb\n|-clearnegativeboost|p1b: Sneasler|[silent]\n|switch|p1a: Incineroar|Incineroar, L50, F, shiny|42/100\n|-enditem|p1a: Incineroar|Sitrus Berry|[eat]\n|-heal|p1a: Incineroar|67/100|[from] item: Sitrus Berry\n|-ability|p1a: Incineroar|Intimidate|boost\n|-unboost|p2a: Incineroar|atk|1\n|-unboost|p2b: Venusaur|atk|1\n|move|p1b: Sneasler|Dire Claw|p2b: Venusaur\n|-damage|p2b: Venusaur|34/100 brn\n|move|p2b: Venusaur|Leech Seed|p1b: Sneasler\n|-start|p1b: Sneasler|move: Leech Seed\n|\n|-damage|p1b: Sneasler|67/100|[from] Leech Seed|[of] p2b: Venusaur\n|-heal|p2b: Venusaur|44/100 brn|[silent]\n|-damage|p2b: Venusaur|38/100 brn|[from] brn\n|-sideend|p2: jude billingham|move: Tailwind\n|upkeep\n|turn|6\n|n|!starakion|starakion\n|inactive|starakion has 30 seconds left.\n|inactive|jude billingham has 30 seconds left.\n|\n|t:|1776731890\n|switch|p2a: Aerodactyl|Aerodactyl, L50, M|80/100 brn\n|-ability|p2a: Aerodactyl|Unnerve\n|move|p2b: Venusaur|Protect|p2b: Venusaur\n|-singleturn|p2b: Venusaur|Protect\n|move|p1a: Incineroar|Fake Out|p2b: Venusaur\n|-activate|p2b: Venusaur|move: Protect\n|move|p1b: Sneasler|Close Combat|p2a: Aerodactyl\n|-damage|p2a: Aerodactyl|0 fnt\n|-unboost|p1b: Sneasler|def|1\n|-unboost|p1b: Sneasler|spd|1\n|faint|p2a: Aerodactyl\n|\n|-damage|p1b: Sneasler|55/100|[from] Leech Seed|[of] p2b: Venusaur\n|-heal|p2b: Venusaur|48/100 brn|[silent]\n|-damage|p2b: Venusaur|42/100 brn|[from] brn\n|-sideend|p1: starakion|Reflect\n|upkeep\n|\n|t:|1776731903\n|switch|p2a: Incineroar|Incineroar, L50, F, shiny|100/100\n|-ability|p2a: Incineroar|Intimidate|boost\n|-unboost|p1a: Incineroar|atk|1\n|-unboost|p1b: Sneasler|atk|1\n|turn|7\n|\n|t:|1776731916\n|move|p2a: Incineroar|Fake Out|p1b: Sneasler\n|-damage|p1b: Sneasler|29/100\n|cant|p1b: Sneasler|flinch\n|move|p2b: Venusaur|Leech Seed|p1a: Incineroar\n|-start|p1a: Incineroar|move: Leech Seed\n|move|p1a: Incineroar|Flare Blitz|p2b: Venusaur\n|-supereffective|p2b: Venusaur|1\n|-damage|p2b: Venusaur|17/100 brn\n|-damage|p1a: Incineroar|59/100|[from] Recoil\n|\n|-damage|p1b: Sneasler|16/100|[from] Leech Seed|[of] p2b: Venusaur\n|-heal|p2b: Venusaur|27/100 brn|[silent]\n|-damage|p1a: Incineroar|47/100|[from] Leech Seed|[of] p2b: Venusaur\n|-heal|p2b: Venusaur|40/100 brn|[silent]\n|-damage|p2b: Venusaur|34/100 brn|[from] brn\n|upkeep\n|turn|8\n|\n|t:|1776731934\n|switch|p1b: Sableye|Sableye, L50, F, shiny|88/100\n|move|p2b: Venusaur|Protect|p2b: Venusaur\n|-singleturn|p2b: Venusaur|Protect\n|move|p2a: Incineroar|Parting Shot|p1a: Incineroar\n|-unboost|p1a: Incineroar|atk|1\n|-unboost|p1a: Incineroar|spa|1\n|\n|t:|1776731941\n|switch|p2a: Sneasler|Sneasler, L50, F|95/100 brn|[from] Parting Shot\n|move|p1a: Incineroar|Parting Shot|p2b: Venusaur\n|-activate|p2b: Venusaur|move: Protect\n|\n|-heal|p1b: Sableye|94/100|[from] item: Leftovers\n|-damage|p1a: Incineroar|34/100|[from] Leech Seed|[of] p2b: Venusaur\n|-heal|p2b: Venusaur|48/100 brn|[silent]\n|-damage|p2a: Sneasler|89/100 brn|[from] brn\n|-damage|p2b: Venusaur|42/100 brn|[from] brn\n|upkeep\n|turn|9\n|\n|t:|1776731954\n|switch|p2a: Incineroar|Incineroar, L50, F, shiny|100/100\n|-ability|p2a: Incineroar|Intimidate|boost\n|-unboost|p1a: Incineroar|atk|1\n|-unboost|p1b: Sableye|atk|1\n|move|p1b: Sableye|Reflect|p1b: Sableye\n|-sidestart|p1: starakion|Reflect\n|move|p2b: Venusaur|Leech Seed|p1b: Sableye\n|-start|p1b: Sableye|move: Leech Seed\n|move|p1a: Incineroar|Parting Shot|p2b: Venusaur\n|-unboost|p2b: Venusaur|atk|1\n|-unboost|p2b: Venusaur|spa|1\n|\n|t:|1776731959\n|switch|p1a: Starmie|Starmie, L50, shiny|100/100|[from] Parting Shot\n|\n|-heal|p1b: Sableye|99/100|[from] item: Leftovers\n|-damage|p1b: Sableye|88/100|[from] Leech Seed|[of] p2b: Venusaur\n|-heal|p2b: Venusaur|52/100 brn|[silent]\n|-damage|p2b: Venusaur|46/100 brn|[from] brn\n|upkeep\n|turn|10\n|inactive|jude billingham has 30 seconds left.\n|\n|t:|1776731990\n|move|p1a: Starmie|Protect|p1a: Starmie\n|-singleturn|p1a: Starmie|Protect\n|move|p2a: Incineroar|Fake Out|p1a: Starmie\n|-activate|p1a: Starmie|move: Protect\n|move|p2b: Venusaur|Leech Seed|p1a: Starmie\n|-activate|p1a: Starmie|move: Protect\n|move|p1b: Sableye|Foul Play|p2b: Venusaur\n|-damage|p2b: Venusaur|34/100 brn\n|\n|-heal|p1b: Sableye|93/100|[from] item: Leftovers\n|-damage|p1b: Sableye|81/100|[from] Leech Seed|[of] p2b: Venusaur\n|-heal|p2b: Venusaur|44/100 brn|[silent]\n|-damage|p2b: Venusaur|38/100 brn|[from] brn\n|upkeep\n|turn|11\n|\n|t:|1776732004\n|detailschange|p1a: Starmie|Starmie-Mega, L50, shiny\n|-mega|p1a: Starmie|Starmie|Starminite\n|move|p2b: Venusaur|Protect|p2b: Venusaur\n|-singleturn|p2b: Venusaur|Protect\n|move|p1b: Sableye|Recover|p1b: Sableye\n|-heal|p1b: Sableye|100/100\n|move|p1a: Starmie|Ice Spinner|p2b: Venusaur\n|-activate|p2b: Venusaur|move: Protect\n|move|p2a: Incineroar|Throat Chop|p1a: Starmie\n|-supereffective|p1a: Starmie|1\n|-damage|p1a: Starmie|50/100\n|-start|p1a: Starmie|Throat Chop|[silent]\n|\n|-damage|p1b: Sableye|88/100|[from] Leech Seed|[of] p2b: Venusaur\n|-heal|p2b: Venusaur|49/100 brn|[silent]\n|-damage|p2b: Venusaur|43/100 brn|[from] brn\n|upkeep\n|turn|12\n|\n|t:|1776732019\n|switch|p2b: Sneasler|Sneasler, L50, F|89/100 brn\n|move|p1a: Starmie|Liquidation|p2a: Incineroar\n|-supereffective|p2a: Incineroar|1\n|-damage|p2a: Incineroar|0 fnt\n|faint|p2a: Incineroar\n|move|p1b: Sableye|Foul Play|p2b: Sneasler\n|-resisted|p2b: Sneasler|1\n|-damage|p2b: Sneasler|41/100 brn\n|\n|-heal|p1b: Sableye|94/100|[from] item: Leftovers\n|-damage|p1b: Sableye|82/100|[from] Leech Seed|[of] p2b: Sneasler\n|-heal|p2b: Sneasler|53/100 brn|[silent]\n|-damage|p2b: Sneasler|48/100 brn|[from] brn\n|-end|p1a: Starmie|Throat Chop|[silent]\n|upkeep\n|\n|t:|1776732027\n|switch|p2a: Venusaur|Venusaur-Mega, L50, M, shiny|43/100 brn\n|turn|13\n|\n|t:|1776732051\n|move|p2b: Sneasler|Fake Out|p1a: Starmie\n|-damage|p1a: Starmie|44/100\n|move|p1b: Sableye|Recover|p1b: Sableye\n|-heal|p1b: Sableye|100/100\n|cant|p1a: Starmie|flinch\n|move|p2a: Venusaur|Giga Drain|p1b: Sableye\n|-damage|p1b: Sableye|60/100\n|-heal|p2a: Venusaur|60/100 brn|[from] drain|[of] p1b: Sableye\n|\n|-heal|p1b: Sableye|66/100|[from] item: Leftovers\n|-damage|p1b: Sableye|54/100|[from] Leech Seed|[of] p2b: Sneasler\n|-heal|p2b: Sneasler|60/100 brn|[silent]\n|-damage|p2b: Sneasler|54/100 brn|[from] brn\n|-damage|p2a: Venusaur|54/100 brn|[from] brn\n|-sideend|p1: starakion|Reflect\n|upkeep\n|turn|14\n|\n|t:|1776732072\n|move|p1b: Sableye|Recover|p1b: Sableye\n|-heal|p1b: Sableye|100/100\n|move|p2b: Sneasler|Dire Claw|p1a: Starmie\n|-damage|p1a: Starmie|16/100\n|move|p1a: Starmie|Liquidation|p2b: Sneasler\n|-damage|p2b: Sneasler|0 fnt\n|faint|p2b: Sneasler\n|move|p2a: Venusaur|Giga Drain|p1a: Starmie\n|-supereffective|p1a: Starmie|1\n|-damage|p1a: Starmie|0 fnt\n|-heal|p2a: Venusaur|60/100 brn|[from] drain|[of] p1a: Starmie\n|faint|p1a: Starmie\n|\n|-damage|p2a: Venusaur|54/100 brn|[from] brn\n|upkeep\n|\n|t:|1776732076\n|switch|p1a: Incineroar|Incineroar, L50, F, shiny|34/100\n|-ability|p1a: Incineroar|Intimidate|boost\n|-unboost|p2a: Venusaur|atk|1\n|turn|15\n|\n|t:|1776732091\n|switch|p1b: Sneasler|Sneasler, L50, M, shiny|16/100\n|move|p2a: Venusaur|Protect|p2a: Venusaur\n|-singleturn|p2a: Venusaur|Protect\n|move|p1a: Incineroar|Fake Out|p2a: Venusaur\n|-activate|p2a: Venusaur|move: Protect\n|\n|-damage|p2a: Venusaur|48/100 brn|[from] brn\n|upkeep\n|turn|16\n|\n|t:|1776732102\n|move|p2a: Venusaur|Protect||[still]\n|-fail|p2a: Venusaur\n|move|p1b: Sneasler|Dire Claw|p2a: Venusaur\n|-damage|p2a: Venusaur|12/100 brn\n|-fail|p1b: Sneasler\n|move|p1a: Incineroar|Flare Blitz|p2a: Venusaur\n|-supereffective|p2a: Venusaur|1\n|-damage|p2a: Venusaur|0 fnt\n|faint|p2a: Venusaur\n|-damage|p1a: Incineroar|31/100|[from] Recoil\n|\n|win|starakion\n",
  "uploadtime": 1776731880,
  "views": 1,
  "formatid": "gen9championsvgc2026regma",
  "rating": null,
  "private": 0,
  "password": null
}