{
  "id": "gen9championsvgc2026regma-2584034742",
  "format": "[Gen 9 Champions] VGC 2026 Reg M-A",
  "players": [
    "dkapflzksh",
    "Chococroc"
  ],
  "log": "|j|\u2606dkapflzksh\n|j|\u2606Chococroc\n|t:|1776218744\n|gametype|doubles\n|player|p1|dkapflzksh|scientist-gen4dp|1432\n|player|p2|Chococroc|pokemaniac|1479\n|gen|9\n|tier|[Gen 9 Champions] VGC 2026 Reg M-A\n|rated|\n|rule|Species Clause: Limit one of each Pok\u00e9mon\n|rule|Item Clause: Limit 1 of each item\n|clearpoke\n|poke|p1|Pelipper, L50, M|\n|poke|p1|Basculegion, L50, M|\n|poke|p1|Dragonite, L50, M|\n|poke|p1|Archaludon, L50, M|\n|poke|p1|Sableye, L50, F|\n|poke|p1|Sinistcha-Masterpiece, L50|\n|poke|p2|Gengar, L50, F|\n|poke|p2|Snorlax, L50, M|\n|poke|p2|Politoed, L50, F|\n|poke|p2|Archaludon, L50, F|\n|poke|p2|Whimsicott, L50, M|\n|poke|p2|Volcarona, L50, F|\n|teampreview|4\n|inactive|Battle timer is ON: inactive players will automatically lose when time's up. (requested by dkapflzksh)\n|j| Rainbow Chrome\n|\n|t:|1776218774\n|teamsize|p1|4\n|teamsize|p2|4\n|start\n|switch|p1a: Sableye|Sableye, L50, F|100/100\n|switch|p1b: Archaludon|Archaludon, L50, M, shiny|100/100\n|switch|p2a: Gengar|Gengar, L50, F|100/100\n|switch|p2b: Whimsicott|Whimsicott, L50, M|100/100\n|turn|1\n|\n|t:|1776218786\n|detailschange|p2a: Gengar|Gengar-Mega, L50, F\n|-mega|p2a: Gengar|Gengar|Gengarite\n|move|p1a: Sableye|Rain Dance|p1a: Sableye\n|-weather|RainDance\n|move|p2a: Gengar|Shadow Ball|p1b: Archaludon\n|-damage|p1b: Archaludon|47/100\n|-ability|p1b: Archaludon|Stamina|boost\n|-boost|p1b: Archaludon|def|1\n|move|p2b: Whimsicott|Moonblast|p1a: Sableye\n|-supereffective|p1a: Sableye|1\n|-damage|p1a: Sableye|7/100\n|move|p1b: Archaludon|Electro Shot||[still]\n|-prepare|p1b: Archaludon|Electro Shot\n|-boost|p1b: Archaludon|spa|1\n|-anim|p1b: Archaludon|Electro Shot|p2a: Gengar\n|-damage|p2a: Gengar|23/100\n|\n|-weather|RainDance|[upkeep]\n|-heal|p1b: Archaludon|53/100|[from] item: Leftovers\n|upkeep\n|turn|2\n|inactive|dkapflzksh has 30 seconds left.\n|inactive|Chococroc has 30 seconds left.\n|inactive|dkapflzksh has 20 seconds left.\n|inactive|Chococroc has 20 seconds left.\n|inactive|dkapflzksh has 15 seconds left.\n|\n|t:|1776218829\n|move|p1a: Sableye|Disable|p2a: Gengar\n|-start|p2a: Gengar|Disable|Shadow Ball\n|cant|p2a: Gengar|Disable|Shadow Ball\n|move|p2b: Whimsicott|Moonblast|p1a: Sableye\n|-supereffective|p1a: Sableye|1\n|-damage|p1a: Sableye|0 fnt\n|faint|p1a: Sableye\n|move|p1b: Archaludon|Flash Cannon|p2b: Whimsicott\n|-supereffective|p2b: Whimsicott|1\n|-enditem|p2b: Whimsicott|Focus Sash\n|-damage|p2b: Whimsicott|1/100\n|\n|-weather|RainDance|[upkeep]\n|-heal|p1b: Archaludon|59/100|[from] item: Leftovers\n|upkeep\n|\n|t:|1776218842\n|switch|p1a: Basculegion|Basculegion, L50, M, shiny|100/100\n|turn|3\n|\n|t:|1776218850\n|move|p2b: Whimsicott|Encore|p1b: Archaludon\n|-start|p1b: Archaludon|Encore\n|move|p1a: Basculegion|Liquidation|p2a: Gengar\n|-damage|p2a: Gengar|0 fnt\n|faint|p2a: Gengar\n|move|p1b: Archaludon|Flash Cannon|p2b: Whimsicott\n|-supereffective|p2b: Whimsicott|1\n|-damage|p2b: Whimsicott|0 fnt\n|faint|p2b: Whimsicott\n|\n|-weather|RainDance|[upkeep]\n|-heal|p1b: Archaludon|66/100|[from] item: Leftovers\n|upkeep\n|\n|t:|1776218856\n|switch|p2a: Snorlax|Snorlax, L50, M|100/100\n|switch|p2b: Archaludon|Archaludon, L50, F|100/100\n|turn|4\n|\n|t:|1776218866\n|move|p1a: Basculegion|Flip Turn|p2a: Snorlax\n|-damage|p2a: Snorlax|71/100\n|\n|t:|1776218869\n|switch|p1a: Dragonite|Dragonite, L50, M, shiny|100/100|[from] Flip Turn\n|move|p1b: Archaludon|Flash Cannon|p2a: Snorlax\n|-damage|p2a: Snorlax|37/100\n|move|p2b: Archaludon|Electro Shot||[still]\n|-prepare|p2b: Archaludon|Electro Shot\n|-boost|p2b: Archaludon|spa|1\n|-anim|p2b: Archaludon|Electro Shot|p1a: Dragonite\n|-damage|p1a: Dragonite|18/100\n|move|p2a: Snorlax|Yawn|p1b: Archaludon\n|-start|p1b: Archaludon|move: Yawn|[of] p2a: Snorlax\n|\n|-weather|RainDance|[upkeep]\n|-heal|p1b: Archaludon|72/100|[from] item: Leftovers\n|-heal|p2a: Snorlax|43/100|[from] item: Leftovers\n|upkeep\n|turn|5\n|inactive|Chococroc has 30 seconds left.\n|\n|t:|1776218894\n|detailschange|p1a: Dragonite|Dragonite-Mega, L50, M, shiny\n|-mega|p1a: Dragonite|Dragonite|Dragoninite\n|move|p1a: Dragonite|Draco Meteor|p2b: Archaludon|[miss]\n|-miss|p1a: Dragonite|p2b: Archaludon\n|move|p1b: Archaludon|Flash Cannon|p2a: Snorlax\n|-damage|p2a: Snorlax|9/100\n|move|p2b: Archaludon|Draco Meteor|p1b: Archaludon\n|-damage|p1b: Archaludon|0 fnt\n|-unboost|p2b: Archaludon|spa|2\n|faint|p1b: Archaludon\n|move|p2a: Snorlax|Body Slam|p1a: Dragonite\n|-damage|p1a: Dragonite|0 fnt\n|faint|p1a: Dragonite\n|\n|-weather|none\n|-heal|p2a: Snorlax|15/100|[from] item: Leftovers\n|upkeep\n|j| TomTom_JerryJerry\n|\n|t:|1776218911\n|switch|p1b: Basculegion|Basculegion, L50, M, shiny|100/100\n|turn|6\n|\n|t:|1776218919\n|move|p1b: Basculegion|Liquidation|p2a: Snorlax\n|-damage|p2a: Snorlax|0 fnt\n|faint|p2a: Snorlax\n|move|p2b: Archaludon|Draco Meteor|p1b: Basculegion\n|-damage|p1b: Basculegion|42/100\n|-unboost|p2b: Archaludon|spa|2\n|\n|upkeep\n|turn|7\n|inactive|dkapflzksh has 30 seconds left.\n|\n|t:|1776218950\n|move|p1b: Basculegion|Last Respects|p2b: Archaludon\n|-damage|p2b: Archaludon|26/100\n|-ability|p2b: Archaludon|Stamina|boost\n|-boost|p2b: Archaludon|def|1\n|move|p2b: Archaludon|Draco Meteor|p1b: Basculegion|[miss]\n|-miss|p2b: Archaludon|p1b: Basculegion\n|\n|upkeep\n|turn|8\n|-message|Chococroc forfeited.\n|\n|win|dkapflzksh\n|raw|dkapflzksh's rating: 1432 &rarr; <strong>1455</strong><br />(+23 for winning)\n|raw|Chococroc's rating: 1479 &rarr; <strong>1456</strong><br />(-23 for losing)\n",
  "uploadtime": 1776218959,
  "views": 93,
  "formatid": "gen9championsvgc2026regma",
  "rating": 1455,
  "private": 0,
  "password": null
}