{
  "id": "gen9championsvgc2026regma-2586897153",
  "format": "[Gen 9 Champions] VGC 2026 Reg M-A",
  "players": [
    "Rabbit_soup_",
    "SimMikaze"
  ],
  "log": "|j|\u2606Rabbit_soup_\n|j|\u2606SimMikaze\n|t:|1776469637\n|gametype|doubles\n|player|p1|Rabbit_soup_|169|1351\n|player|p2|SimMikaze|miku-ghost|1365\n|gen|9\n|tier|[Gen 9 Champions] VGC 2026 Reg M-A\n|rated|\n|rule|Species Clause: Limit one of each Pok\u00e9mon\n|rule|Item Clause: Limit 1 of each item\n|clearpoke\n|poke|p1|Pelipper, L50, M|\n|poke|p1|Basculegion, L50, M|\n|poke|p1|Zoroark-Hisui, L50, M|\n|poke|p1|Dragonite, L50, M|\n|poke|p1|Archaludon, L50, F|\n|poke|p1|Pinsir, L50, F|\n|poke|p2|Gardevoir, L50, F|\n|poke|p2|Garchomp, L50, F|\n|poke|p2|Incineroar, L50, M|\n|poke|p2|Tyranitar, L50, M|\n|poke|p2|Sinistcha, L50|\n|poke|p2|Rotom-Wash, L50|\n|teampreview|4\n|inactive|Battle timer is ON: inactive players will automatically lose when time's up. (requested by Rabbit_soup_)\n|inactive|Rabbit_soup_ has 60 seconds left.\n|inactive|SimMikaze has 60 seconds left.\n|inactive|Rabbit_soup_ has 30 seconds left.\n|inactive|SimMikaze has 30 seconds left.\n|inactive|Rabbit_soup_ has 20 seconds left.\n|inactive|SimMikaze has 20 seconds left.\n|inactive|Rabbit_soup_ has 15 seconds left.\n|inactive|Rabbit_soup_ has 10 seconds left.\n|inactive|Rabbit_soup_ has 5 seconds left.\n|\n|t:|1776469727\n|teamsize|p1|4\n|teamsize|p2|4\n|start\n|switch|p1a: Pinsir|Pinsir, L50, F|100/100\n|switch|p1b: Archaludon|Archaludon, L50, F|100/100\n|switch|p2a: Tyranitar|Tyranitar, L50, M|100/100\n|switch|p2b: Rotom|Rotom-Wash, L50|100/100\n|-weather|Sandstorm|[from] ability: Sand Stream|[of] p2a: Tyranitar\n|turn|1\n|inactive|SimMikaze has 30 seconds left.\n|inactive|SimMikaze has 20 seconds left.\n|\n|t:|1776469765\n|move|p2a: Tyranitar|Protect|p2a: Tyranitar\n|-singleturn|p2a: Tyranitar|Protect\n|move|p2b: Rotom|Volt Switch|p1a: Pinsir\n|-damage|p1a: Pinsir|42/100\n|replace|p1a: Zoroark|Zoroark-Hisui, L50, M\n|-end|p1a: Zoroark|Illusion\n|\n|t:|1776469773\n|switch|p2b: Garchomp|Garchomp, L50, F|100/100|[from] Volt Switch\n|move|p1a: Zoroark|Rain Dance|p1a: Zoroark\n|-weather|RainDance\n|move|p1b: Archaludon|Electro Shot||[still]\n|-prepare|p1b: Archaludon|Electro Shot\n|-boost|p1b: Archaludon|spa|1\n|-anim|p1b: Archaludon|Electro Shot|p2b: Garchomp\n|-immune|p2b: Garchomp\n|\n|-weather|RainDance|[upkeep]\n|upkeep\n|turn|2\n|inactive|SimMikaze has 30 seconds left.\n|inactive|SimMikaze has 20 seconds left.\n|-activate|p1b: Archaludon|item: Quick Claw\n|\n|t:|1776469810\n|switch|p2a: Rotom|Rotom-Wash, L50|100/100\n|move|p1b: Archaludon|Protect|p1b: Archaludon\n|-singleturn|p1b: Archaludon|Protect\n|move|p1a: Zoroark|Will-O-Wisp|p2b: Garchomp\n|-status|p2b: Garchomp|brn\n|move|p2b: Garchomp|Earthquake|p1b: Archaludon|[spread] p1a\n|-activate|p1b: Archaludon|move: Protect\n|-immune|p2a: Rotom|[from] ability: Levitate\n|-damage|p1a: Zoroark|0 fnt\n|faint|p1a: Zoroark\n|\n|-weather|RainDance|[upkeep]\n|-damage|p2b: Garchomp|94/100 brn|[from] brn\n|upkeep\n|\n|t:|1776469828\n|switch|p1a: Pinsir|Pinsir, L50, F|100/100\n|turn|3\n|inactive|Rabbit_soup_ has 30 seconds left.\n|inactive|SimMikaze has 30 seconds left.\n|inactive|SimMikaze has 20 seconds left.\n|inactive|SimMikaze has 15 seconds left.\n|inactive|SimMikaze has 10 seconds left.\n|-activate|p1b: Archaludon|item: Quick Claw\n|\n|t:|1776469874\n|move|p1a: Pinsir|Protect|p1a: Pinsir\n|-singleturn|p1a: Pinsir|Protect\n|move|p1b: Archaludon|Dragon Pulse|p2b: Garchomp\n|-supereffective|p2b: Garchomp|1\n|-damage|p2b: Garchomp|0 fnt\n|faint|p2b: Garchomp\n|move|p2a: Rotom|Hydro Pump|p1a: Pinsir\n|-activate|p1a: Pinsir|move: Protect\n|\n|-weather|RainDance|[upkeep]\n|upkeep\n|\n|t:|1776469881\n|switch|p2b: Tyranitar|Tyranitar, L50, M|100/100\n|-weather|Sandstorm|[from] ability: Sand Stream|[of] p2b: Tyranitar\n|turn|4\n|\n|t:|1776469897\n|detailschange|p1a: Pinsir|Pinsir-Mega, L50, F\n|-mega|p1a: Pinsir|Pinsir|Pinsirite\n|detailschange|p2b: Tyranitar|Tyranitar-Mega, L50, M\n|-mega|p2b: Tyranitar|Tyranitar|Tyranitarite\n|move|p1a: Pinsir|Feint|p2b: Tyranitar\n|-resisted|p2b: Tyranitar|1\n|-damage|p2b: Tyranitar|95/100\n|move|p2a: Rotom|Hydro Pump|p1a: Pinsir\n|-damage|p1a: Pinsir|31/100\n|move|p2b: Tyranitar|Rock Slide|p1b: Archaludon|[spread] p1a,p1b\n|-supereffective|p1a: Pinsir|2\n|-resisted|p1b: Archaludon|1\n|-damage|p1a: Pinsir|0 fnt\n|-damage|p1b: Archaludon|86/100\n|faint|p1a: Pinsir\n|move|p1b: Archaludon|Flash Cannon|p2b: Tyranitar\n|-supereffective|p2b: Tyranitar|1\n|-crit|p2b: Tyranitar\n|-damage|p2b: Tyranitar|0 fnt\n|faint|p2b: Tyranitar\n|\n|-weather|Sandstorm|[upkeep]\n|-damage|p2a: Rotom|94/100|[from] Sandstorm\n|upkeep\n|\n|t:|1776469912\n|switch|p1a: Basculegion|Basculegion, L50, M|100/100\n|switch|p2b: Sinistcha|Sinistcha, L50, shiny|100/100\n|-heal|p2a: Rotom|100/100|[from] ability: Hospitality|[of] p2b: Sinistcha\n|turn|5\n|-activate|p1b: Archaludon|item: Quick Claw\n|\n|t:|1776469922\n|move|p2b: Sinistcha|Rage Powder|p2b: Sinistcha\n|-singleturn|p2b: Sinistcha|move: Rage Powder\n|move|p1b: Archaludon|Dragon Pulse|p2b: Sinistcha\n|-damage|p2b: Sinistcha|17/100\n|move|p2a: Rotom|Hydro Pump|p1b: Archaludon\n|-resisted|p1b: Archaludon|1\n|-damage|p1b: Archaludon|60/100\n|move|p1a: Basculegion|Last Respects|p2b: Sinistcha\n|-supereffective|p2b: Sinistcha|1\n|-damage|p2b: Sinistcha|0 fnt\n|faint|p2b: Sinistcha\n|\n|-weather|Sandstorm|[upkeep]\n|-damage|p2a: Rotom|94/100|[from] Sandstorm\n|-damage|p1a: Basculegion|94/100|[from] Sandstorm\n|upkeep\n|turn|6\n|\n|t:|1776469928\n|move|p2a: Rotom|Hydro Pump|p1b: Archaludon\n|-resisted|p1b: Archaludon|1\n|-damage|p1b: Archaludon|35/100\n|move|p1a: Basculegion|Last Respects|p2a: Rotom\n|-damage|p2a: Rotom|0 fnt\n|faint|p2a: Rotom\n|\n|win|Rabbit_soup_\n|raw|Rabbit_soup_'s rating: 1351 &rarr; <strong>1372</strong><br />(+21 for winning)\n|raw|SimMikaze's rating: 1365 &rarr; <strong>1344</strong><br />(-21 for losing)\n|l|\u2606Rabbit_soup_\n|player|p1|\n|c|\u2606SimMikaze|It procs like the entire match\n|c|\u2606SimMikaze|Rediculous\n",
  "uploadtime": 1776469946,
  "views": 34,
  "formatid": "gen9championsvgc2026regma",
  "rating": 1344,
  "private": 0,
  "password": null
}