{
  "id": "gen9championsvgc2026regma-2586639470",
  "format": "[Gen 9 Champions] VGC 2026 Reg M-A",
  "players": [
    "DarkDragon59122",
    "drugty"
  ],
  "log": "|j|\u2606DarkDragon59122\n|j|\u2606drugty\n|t:|1776448689\n|gametype|doubles\n|player|p1|DarkDragon59122|2|1054\n|player|p2|drugty|170|1000\n|gen|9\n|tier|[Gen 9 Champions] VGC 2026 Reg M-A\n|rated|\n|rule|Species Clause: Limit one of each Pok\u00e9mon\n|rule|Item Clause: Limit 1 of each item\n|clearpoke\n|poke|p1|Froslass, L50, F|\n|poke|p1|Garchomp, L50, F|\n|poke|p1|Kingambit, L50, M|\n|poke|p1|Sneasler, L50, M|\n|poke|p1|Primarina, L50, M|\n|poke|p1|Charizard, L50, M|\n|poke|p2|Sinistcha, L50|\n|poke|p2|Crabominable, L50, F|\n|poke|p2|Drampa, L50, M|\n|poke|p2|Mr. Rime, L50, M|\n|poke|p2|Incineroar, L50, F|\n|poke|p2|Farigiraf, L50, M|\n|teampreview|4\n|inactive|Battle timer is ON: inactive players will automatically lose when time's up. (requested by drugty)\n|inactive|DarkDragon59122 has 60 seconds left.\ndrugty has agreed to open team sheets.\n|inactive|DarkDragon59122 has 30 seconds left.\n|inactive|DarkDragon59122 has 20 seconds left.\n|inactive|DarkDragon59122 has 15 seconds left.\n|inactive|DarkDragon59122 has 10 seconds left.\n|\n|t:|1776448774\n|teamsize|p1|4\n|teamsize|p2|4\n|start\n|switch|p1a: Sneasler|Sneasler, L50, M|100/100\n|switch|p1b: Primarina|Primarina, L50, M|100/100\n|switch|p2a: Mr. Rime|Mr. Rime, L50, M|100/100\n|switch|p2b: Crabominable|Crabominable, L50, F|100/100\n|turn|1\n|inactive|drugty has 30 seconds left.\n|inactive|drugty has 20 seconds left.\n|\n|t:|1776448810\n|move|p2b: Crabominable|Protect|p2b: Crabominable\n|-singleturn|p2b: Crabominable|Protect\n|move|p1a: Sneasler|Close Combat|p2b: Crabominable\n|-activate|p2b: Crabominable|move: Protect\n|move|p1b: Primarina|Moonblast|p2b: Crabominable\n|-activate|p2b: Crabominable|move: Protect\n|move|p2a: Mr. Rime|Trick Room|p2a: Mr. Rime\n|-fieldstart|move: Trick Room|[of] p2a: Mr. Rime\n|\n|upkeep\n|turn|2\n|\n|t:|1776448836\n|switch|p2b: Sinistcha|Sinistcha, L50|100/100\n|move|p1b: Primarina|Hyper Voice|p2a: Mr. Rime|[spread] p2a,p2b\n|-resisted|p2b: Sinistcha|1\n|-damage|p2a: Mr. Rime|70/100\n|-damage|p2b: Sinistcha|85/100\n|move|p2a: Mr. Rime|Encore|p1a: Sneasler\n|-start|p1a: Sneasler|Encore\n|move|p1a: Sneasler|Close Combat|p2a: Mr. Rime\n|-damage|p2a: Mr. Rime|11/100\n|-unboost|p1a: Sneasler|def|1\n|-unboost|p1a: Sneasler|spd|1\n|\n|upkeep\n|turn|3\n|inactive|drugty has 30 seconds left.\n|inactive|drugty has 20 seconds left.\n|inactive|drugty has 15 seconds left.\n|inactive|drugty has 10 seconds left.\n|inactive|drugty has 5 seconds left.\n|\n|t:|1776448888\n|switch|p2a: Incineroar|Incineroar, L50, F|100/100\n|-ability|p2a: Incineroar|Intimidate|boost\n|-unboost|p1a: Sneasler|atk|1\n|-unboost|p1b: Primarina|atk|1\n|move|p1b: Primarina|Moonblast|p2b: Sinistcha|[miss]\n|-miss|p1b: Primarina|p2b: Sinistcha\n|move|p2b: Sinistcha|Matcha Gotcha|p1a: Sneasler|[spread] p1a,p1b\n|-resisted|p1a: Sneasler|1\n|-supereffective|p1b: Primarina|1\n|-damage|p1a: Sneasler|74/100\n|-heal|p2b: Sinistcha|97/100|[from] drain|[of] p1a: Sneasler\n|-damage|p1b: Primarina|55/100\n|-heal|p2b: Sinistcha|100/100|[from] drain|[of] p1b: Primarina\n|move|p1a: Sneasler|Close Combat|p2a: Incineroar\n|-supereffective|p2a: Incineroar|1\n|-damage|p2a: Incineroar|32/100\n|-unboost|p1a: Sneasler|def|1\n|-unboost|p1a: Sneasler|spd|1\n|-enditem|p2a: Incineroar|Sitrus Berry|[eat]\n|-heal|p2a: Incineroar|57/100|[from] item: Sitrus Berry\n|\n|upkeep\n|turn|4\n|inactive|DarkDragon59122 has 30 seconds left.\n|\n|t:|1776448914\n|switch|p1a: Garchomp|Garchomp, L50, F|100/100\n|move|p2a: Incineroar|Fake Out|p1b: Primarina\n|-damage|p1b: Primarina|43/100\n|cant|p1b: Primarina|flinch\n|move|p2b: Sinistcha|Matcha Gotcha|p1b: Primarina|[spread] p1b\n|-miss|p2b: Sinistcha|p1a: Garchomp\n|-supereffective|p1b: Primarina|1\n|-damage|p1b: Primarina|0 fnt\n|faint|p1b: Primarina\n|\n|upkeep\n|\n|t:|1776448928\n|switch|p1b: Sneasler|Sneasler, L50, M|74/100\n|turn|5\n|\n|t:|1776448946\n|switch|p2a: Crabominable|Crabominable, L50, F|100/100\n|move|p1b: Sneasler|Fake Out|p2a: Crabominable\n|-damage|p2a: Crabominable|86/100\n|move|p2b: Sinistcha|Rage Powder|p2b: Sinistcha\n|-singleturn|p2b: Sinistcha|move: Rage Powder\n|move|p1a: Garchomp|Earthquake|p2b: Sinistcha|[spread] p1b,p2a,p2b\n|-supereffective|p1b: Sneasler|1\n|-resisted|p2b: Sinistcha|1\n|-damage|p1b: Sneasler|0 fnt\n|-damage|p2a: Crabominable|45/100\n|-damage|p2b: Sinistcha|83/100\n|faint|p1b: Sneasler\n|\n|-fieldend|move: Trick Room\n|upkeep\n|\n|t:|1776448959\n|switch|p1b: Charizard|Charizard, L50, M|100/100\n|turn|6\n|\n|t:|1776448966\n|detailschange|p1b: Charizard|Charizard-Mega-Y, L50, M\n|-mega|p1b: Charizard|Charizard|Charizardite Y\n|-weather|SunnyDay|[from] ability: Drought|[of] p1b: Charizard\n|detailschange|p2a: Crabominable|Crabominable-Mega, L50, F\n|-mega|p2a: Crabominable|Crabominable|Crabominite\n|move|p2a: Crabominable|Protect|p2a: Crabominable\n|-singleturn|p2a: Crabominable|Protect\n|move|p1a: Garchomp|Earthquake|p2b: Sinistcha|[spread] p2b\n|-activate|p2a: Crabominable|move: Protect\n|-immune|p1b: Charizard\n|-resisted|p2b: Sinistcha|1\n|-damage|p2b: Sinistcha|64/100\n|move|p1b: Charizard|Heat Wave|p2b: Sinistcha|[spread] \n|-activate|p2a: Crabominable|move: Protect\n|-miss|p1b: Charizard|p2b: Sinistcha\n|move|p2b: Sinistcha|Trick Room|p2b: Sinistcha\n|-fieldstart|move: Trick Room|[of] p2b: Sinistcha\n|\n|-weather|SunnyDay|[upkeep]\n|upkeep\n|turn|7\n|inactive|DarkDragon59122 has 30 seconds left.\n|inactive|drugty has 30 seconds left.\n|inactive|drugty has 20 seconds left.\n|inactive|drugty has 15 seconds left.\n|\n|t:|1776449011\n|move|p1b: Charizard|Protect|p1b: Charizard\n|-singleturn|p1b: Charizard|Protect\n|move|p1a: Garchomp|Protect|p1a: Garchomp\n|-singleturn|p1a: Garchomp|Protect\n|move|p2a: Crabominable|Ice Hammer|p1a: Garchomp\n|-activate|p1a: Garchomp|move: Protect\n|move|p2b: Sinistcha|Matcha Gotcha|p1b: Charizard|[spread] \n|-activate|p1a: Garchomp|move: Protect\n|-activate|p1b: Charizard|move: Protect\n|\n|-weather|SunnyDay|[upkeep]\n|upkeep\n|turn|8\n|\n|t:|1776449033\n|move|p2a: Crabominable|Ice Hammer|p1a: Garchomp\n|-supereffective|p1a: Garchomp|2\n|-enditem|p1a: Garchomp|Yache Berry|[eat]\n|-enditem|p1a: Garchomp|Yache Berry|[weaken]\n|-damage|p1a: Garchomp|0 fnt\n|-unboost|p2a: Crabominable|spe|1\n|-damage|p2a: Crabominable|33/100|[from] ability: Rough Skin|[of] p1a: Garchomp\n|faint|p1a: Garchomp\n|move|p2b: Sinistcha|Matcha Gotcha|p1b: Charizard\n|-resisted|p1b: Charizard|2\n|-damage|p1b: Charizard|93/100\n|-heal|p2b: Sinistcha|67/100|[from] drain|[of] p1b: Charizard\n|move|p1b: Charizard|Heat Wave|p2a: Crabominable|[spread] p2a,p2b\n|-supereffective|p2a: Crabominable|1\n|-supereffective|p2b: Sinistcha|1\n|-damage|p2a: Crabominable|0 fnt\n|-damage|p2b: Sinistcha|0 fnt\n|faint|p2a: Crabominable\n|faint|p2b: Sinistcha\n|\n|-weather|SunnyDay|[upkeep]\n|upkeep\n|\n|t:|1776449044\n|switch|p2a: Incineroar|Incineroar, L50, F|57/100\n|switch|p2b: Mr. Rime|Mr. Rime, L50, M|11/100\n|-ability|p2a: Incineroar|Intimidate|boost\n|-unboost|p1b: Charizard|atk|1\n|turn|9\n|\n|t:|1776449051\n|move|p1b: Charizard|Protect|p1b: Charizard\n|-singleturn|p1b: Charizard|Protect\n|move|p2a: Incineroar|Fake Out|p1b: Charizard\n|-activate|p1b: Charizard|move: Protect\n|move|p2b: Mr. Rime|Frost Breath|p1b: Charizard\n|-activate|p1b: Charizard|move: Protect\n|\n|-weather|SunnyDay|[upkeep]\n|upkeep\n|turn|10\n|\n|t:|1776449058\n|move|p2a: Incineroar|Flare Blitz|p1b: Charizard\n|-resisted|p1b: Charizard|1\n|-damage|p1b: Charizard|45/100\n|-damage|p2a: Incineroar|45/100|[from] Recoil\n|move|p2b: Mr. Rime|Encore|p1b: Charizard\n|-start|p1b: Charizard|Encore\n|move|p1b: Charizard|Protect||[still]\n|-fail|p1b: Charizard\n|\n|-weather|none\n|-fieldend|move: Trick Room\n|upkeep\n|turn|11\n|inactive|DarkDragon59122 has 30 seconds left.\n|\n|t:|1776449084\n|move|p1b: Charizard|Protect|p1b: Charizard\n|-singleturn|p1b: Charizard|Protect\n|move|p2b: Mr. Rime|Frost Breath|p1b: Charizard\n|-activate|p1b: Charizard|move: Protect\n|move|p2a: Incineroar|Flare Blitz|p1b: Charizard\n|-activate|p1b: Charizard|move: Protect\n|\n|upkeep\n|turn|12\n|\n|t:|1776449092\n|move|p1b: Charizard|Protect|p1b: Charizard\n|-singleturn|p1b: Charizard|Protect\n|move|p2a: Incineroar|Flare Blitz|p1b: Charizard\n|-activate|p1b: Charizard|move: Protect\n|move|p2b: Mr. Rime|Frost Breath|p1b: Charizard\n|-activate|p1b: Charizard|move: Protect\n|\n|-end|p1b: Charizard|Encore\n|upkeep\n|turn|13\n|\n|t:|1776449103\n|move|p1b: Charizard|Heat Wave|p2a: Incineroar|[spread] p2a,p2b\n|-resisted|p2a: Incineroar|1\n|-supereffective|p2b: Mr. Rime|1\n|-damage|p2a: Incineroar|29/100\n|-damage|p2b: Mr. Rime|0 fnt\n|faint|p2b: Mr. Rime\n|move|p2a: Incineroar|Flare Blitz|p1b: Charizard\n|-resisted|p1b: Charizard|1\n|-damage|p1b: Charizard|14/100\n|-damage|p2a: Incineroar|21/100|[from] Recoil\n|\n|upkeep\n|turn|14\n|\n|t:|1776449111\n|move|p1b: Charizard|Fire Blast|p2a: Incineroar\n|-resisted|p2a: Incineroar|1\n|-damage|p2a: Incineroar|0 fnt\n|faint|p2a: Incineroar\n|\n|win|DarkDragon59122\n|raw|DarkDragon59122's rating: 1054 &rarr; <strong>1081</strong><br />(+27 for winning)\n|raw|drugty's rating: 1000 &rarr; <strong>1000</strong><br />(+0 for losing)\n|l|\u2606drugty\n|player|p2|\n",
  "uploadtime": 1776449119,
  "views": 32,
  "formatid": "gen9championsvgc2026regma",
  "rating": 1000,
  "private": 0,
  "password": null
}