{
  "id": "gen9championsvgc2026regma-2589383875",
  "format": "[Gen 9 Champions] VGC 2026 Reg M-A",
  "players": [
    "Gandajajao",
    "otshibe"
  ],
  "log": "|j|\u2606Gandajajao\n|j|\u2606otshibe\n|t:|1776718635\n|gametype|doubles\n|player|p1|Gandajajao|102|1129\n|player|p2|otshibe|1|1125\n|gen|9\n|tier|[Gen 9 Champions] VGC 2026 Reg M-A\n|rated|\n|rule|Species Clause: Limit one of each Pok\u00e9mon\n|rule|Item Clause: Limit 1 of each item\n|clearpoke\n|poke|p1|Froslass, L50, F|\n|poke|p1|Rotom-Frost, L50|\n|poke|p1|Talonflame, L50, M|\n|poke|p1|Meganium, L50, M|\n|poke|p1|Tauros-Paldea-Aqua, L50, M|\n|poke|p1|Sneasler, L50, F|\n|poke|p2|Pelipper, L50, F|\n|poke|p2|Gyarados, L50, F|\n|poke|p2|Hydrapple, L50, M|\n|poke|p2|Basculegion, L50, M|\n|poke|p2|Raichu, L50, F|\n|poke|p2|Primarina, L50, M|\n|teampreview|4\n|inactive|Battle timer is ON: inactive players will automatically lose when time's up. (requested by Gandajajao)\nGandajajao rejected open team sheets.\n|\n|t:|1776718705\n|teamsize|p1|4\n|teamsize|p2|4\n|start\n|switch|p1a: Froslass|Froslass, L50, F|100/100\n|switch|p1b: Rotom|Rotom-Frost, L50|100/100\n|switch|p2a: Gyarados|Gyarados, L50, F|100/100\n|switch|p2b: Raichu|Raichu, L50, F|100/100\n|-ability|p2a: Gyarados|Intimidate|boost\n|-unboost|p1a: Froslass|atk|1\n|-unboost|p1b: Rotom|atk|1\n|turn|1\n|inactive|otshibe has 30 seconds left.\n|inactive|otshibe has 20 seconds left.\n|\n|t:|1776718742\n|detailschange|p1a: Froslass|Froslass-Mega, L50, F\n|-mega|p1a: Froslass|Froslass|Froslassite\n|-weather|Snowscape|[from] ability: Snow Warning|[of] p1a: Froslass\n|detailschange|p2a: Gyarados|Gyarados-Mega, L50, F\n|-mega|p2a: Gyarados|Gyarados|Gyaradosite\n|-ability|p2a: Gyarados|Mold Breaker\n|move|p2b: Raichu|Fake Out|p1b: Rotom\n|-damage|p1b: Rotom|92/100\n|cant|p1b: Rotom|flinch\n|move|p1a: Froslass|Aurora Veil|p1a: Froslass\n|-sidestart|p1: Gandajajao|move: Aurora Veil\n|move|p2a: Gyarados|Dragon Dance|p2a: Gyarados\n|-boost|p2a: Gyarados|atk|1\n|-boost|p2a: Gyarados|spe|1\n|\n|-weather|Snowscape|[upkeep]\n|upkeep\n|turn|2\n|inactive|otshibe has 30 seconds left.\n|inactive|otshibe has 20 seconds left.\n|inactive|otshibe has 15 seconds left.\n|inactive|otshibe has 10 seconds left.\n|inactive|otshibe has 5 seconds left.\n|\n|t:|1776718793\n|move|p2a: Gyarados|Protect|p2a: Gyarados\n|-singleturn|p2a: Gyarados|Protect\n|move|p1b: Rotom|Volt Switch|p2b: Raichu\n|-activate|p2b: Raichu|ability: Lightning Rod\n|-ability|p2b: Raichu|Lightning Rod|boost\n|-boost|p2b: Raichu|spa|1\n|move|p1a: Froslass|Blizzard|p2a: Gyarados|[spread] p2b\n|-activate|p2a: Gyarados|move: Protect\n|-damage|p2b: Raichu|33/100\n|move|p2b: Raichu|Volt Switch|p1a: Froslass\n|-damage|p1a: Froslass|69/100\n|\n|t:|1776718809\n|switch|p2b: Pelipper|Pelipper, L50, F|100/100|[from] Volt Switch\n|-weather|RainDance|[from] ability: Drizzle|[of] p2b: Pelipper\n|\n|-weather|RainDance|[upkeep]\n|upkeep\n|turn|3\n|\n|t:|1776718827\n|switch|p2b: Raichu|Raichu, L50, F|33/100\n|move|p2a: Gyarados|Crunch|p1a: Froslass\n|-supereffective|p1a: Froslass|1\n|-damage|p1a: Froslass|0 fnt\n|faint|p1a: Froslass\n|move|p1b: Rotom|Volt Switch|p2b: Raichu\n|-ability|p2b: Raichu|Lightning Rod|boost\n|-boost|p2b: Raichu|spa|1\n|\n|-weather|RainDance|[upkeep]\n|upkeep\n|\n|t:|1776718837\n|switch|p1a: Sneasler|Sneasler, L50, F|100/100\n|turn|4\n|\n|t:|1776718853\n|switch|p1b: Talonflame|Talonflame, L50, M|100/100\n|move|p2a: Gyarados|Protect|p2a: Gyarados\n|-singleturn|p2a: Gyarados|Protect\n|move|p1a: Sneasler|Fake Out|p2a: Gyarados\n|-activate|p2a: Gyarados|move: Protect\n|move|p2b: Raichu|Fake Out|p1b: Talonflame\n|-damage|p1b: Talonflame|92/100\n|\n|-weather|RainDance|[upkeep]\n|upkeep\n|turn|5\n|inactive|otshibe has 30 seconds left.\n|inactive|otshibe has 20 seconds left.\n|\n|t:|1776718891\n|switch|p2b: Basculegion|Basculegion, L50, M|100/100\n|move|p1b: Talonflame|Protect|p1b: Talonflame\n|-singleturn|p1b: Talonflame|Protect\n|move|p2a: Gyarados|Waterfall|p1a: Sneasler\n|-damage|p1a: Sneasler|0 fnt\n|faint|p1a: Sneasler\n|\n|-weather|RainDance|[upkeep]\n|-sideend|p1: Gandajajao|move: Aurora Veil\n|upkeep\n|l|\u2606Gandajajao\n|inactive|Gandajajao disconnected and has a minute to reconnect!\n|player|p1|\n|inactive|Gandajajao has 30 seconds left.\n|inactive|Gandajajao has 20 seconds left.\n|inactive|Gandajajao has 15 seconds left.\n|inactive|Gandajajao has 10 seconds left.\n|inactive|Gandajajao has 5 seconds left.\n|-message|Gandajajao lost due to inactivity.\n|\n|win|otshibe\n|raw|Gandajajao's rating: 1129 &rarr; <strong>1104</strong><br />(-25 for losing)\n|raw|otshibe's rating: 1125 &rarr; <strong>1150</strong><br />(+25 for winning)\n",
  "uploadtime": 1776718993,
  "views": 19,
  "formatid": "gen9championsvgc2026regma",
  "rating": 1104,
  "private": 0,
  "password": null
}