{
  "id": "gen9championsvgc2026regma-2584644037",
  "format": "[Gen 9 Champions] VGC 2026 Reg M-A",
  "players": [
    "andru_04",
    "gonegeb"
  ],
  "log": "|j|\u2606andru_04\n|j|\u2606gonegeb\n|t:|1776274076\n|gametype|doubles\n|player|p1|andru_04|n|1012\n|player|p2|gonegeb|corbeau|1107\n|gen|9\n|tier|[Gen 9 Champions] VGC 2026 Reg M-A\n|rated|\n|rule|Species Clause: Limit one of each Pok\u00e9mon\n|rule|Item Clause: Limit 1 of each item\n|clearpoke\n|poke|p1|Drampa, L50, F|\n|poke|p1|Sinistcha-Masterpiece, L50|\n|poke|p1|Aerodactyl, L50, M|\n|poke|p1|Floette-Eternal, L50, F|\n|poke|p1|Sneasler, L50, F|\n|poke|p1|Milotic, L50, M|\n|poke|p2|Lucario, L50, M|\n|poke|p2|Umbreon, L50, M|\n|poke|p2|Arcanine, L50, F|\n|poke|p2|Ceruledge, L50, M|\n|poke|p2|Corviknight, L50, M|\n|poke|p2|Whimsicott, L50, F|\n|teampreview|4\n|inactive|Battle timer is ON: inactive players will automatically lose when time's up. (requested by andru_04)\n|inactive|gonegeb has 60 seconds left.\nandru_04 has agreed to open team sheets.\n|inactive|gonegeb has 30 seconds left.\n|\n|t:|1776274140\n|teamsize|p1|4\n|teamsize|p2|4\n|start\n|switch|p1a: Floette|Floette-Eternal, L50, F|100/100\n|switch|p1b: Milotic|Milotic, L50, M|100/100\n|switch|p2a: Corviknight|Corviknight, L50, M|100/100\n|switch|p2b: Whimsicott|Whimsicott, L50, F, shiny|100/100\n|-ability|p2a: Corviknight|Pressure\n|turn|1\n|inactive|gonegeb has 30 seconds left.\n|\n|t:|1776274169\n|move|p1a: Floette|Protect|p1a: Floette\n|-singleturn|p1a: Floette|Protect\n|move|p2b: Whimsicott|Tailwind|p2b: Whimsicott\n|-sidestart|p2: gonegeb|move: Tailwind\n|move|p2a: Corviknight|Bulk Up|p2a: Corviknight\n|-boost|p2a: Corviknight|atk|1\n|-boost|p2a: Corviknight|def|1\n|move|p1b: Milotic|Icy Wind|p2b: Whimsicott|[spread] p2a,p2b\n|-supereffective|p2b: Whimsicott|1\n|-damage|p2a: Corviknight|92/100\n|-damage|p2b: Whimsicott|73/100\n|-unboost|p2a: Corviknight|spe|1\n|-unboost|p2b: Whimsicott|spe|1\n|\n|upkeep\n|turn|2\n|inactive|andru_04 has 30 seconds left.\n|\n|t:|1776274199\n|switch|p1a: Sinistcha|Sinistcha-Masterpiece, L50|100/100\n|move|p2b: Whimsicott|Encore||[still]\n|-fail|p2b: Whimsicott\n|move|p2a: Corviknight|Bulk Up|p2a: Corviknight\n|-boost|p2a: Corviknight|atk|1\n|-boost|p2a: Corviknight|def|1\n|move|p1b: Milotic|Icy Wind|p2a: Corviknight|[spread] p2a,p2b\n|-supereffective|p2b: Whimsicott|1\n|-damage|p2a: Corviknight|83/100\n|-damage|p2b: Whimsicott|45/100\n|-unboost|p2a: Corviknight|spe|1\n|-unboost|p2b: Whimsicott|spe|1\n|\n|upkeep\n|turn|3\n|\n|t:|1776274222\n|switch|p2b: Umbreon|Umbreon, L50, M, shiny|100/100\n|move|p1b: Milotic|Scald|p2a: Corviknight\n|-damage|p2a: Corviknight|51/100\n|-status|p2a: Corviknight|brn\n|-enditem|p2a: Corviknight|Lum Berry|[eat]\n|-curestatus|p2a: Corviknight|brn|[msg]\n|move|p1a: Sinistcha|Matcha Gotcha|p2b: Umbreon|[spread] p2b\n|-miss|p1a: Sinistcha|p2a: Corviknight\n|-damage|p2b: Umbreon|82/100\n|move|p2a: Corviknight|Brave Bird|p1a: Sinistcha\n|-supereffective|p1a: Sinistcha|1\n|-damage|p1a: Sinistcha|0 fnt\n|faint|p1a: Sinistcha\n|-damage|p2a: Corviknight|22/100|[from] Recoil\n|\n|-heal|p2b: Umbreon|88/100|[from] item: Leftovers\n|upkeep\n|\n|t:|1776274238\n|switch|p1a: Floette|Floette-Eternal, L50, F|100/100\n|turn|4\n|\n|t:|1776274251\n|move|p2b: Umbreon|Yawn|p1a: Floette\n|-start|p1a: Floette|move: Yawn|[of] p2b: Umbreon\n|move|p1a: Floette|Psychic|p2a: Corviknight\n|-resisted|p2a: Corviknight|1\n|-damage|p2a: Corviknight|10/100\n|move|p1b: Milotic|Scald|p2b: Umbreon\n|-crit|p2b: Umbreon\n|-damage|p2b: Umbreon|52/100\n|move|p2a: Corviknight|Roost|p2a: Corviknight\n|-heal|p2a: Corviknight|60/100\n|-singleturn|p2a: Corviknight|move: Roost\n|\n|-heal|p2b: Umbreon|58/100|[from] item: Leftovers\n|-sideend|p2: gonegeb|move: Tailwind\n|upkeep\n|turn|5\n|\n|t:|1776274266\n|switch|p1a: Sneasler|Sneasler, L50, F|100/100\n|move|p1b: Milotic|Scald|p2a: Corviknight\n|-damage|p2a: Corviknight|27/100\n|-status|p2a: Corviknight|brn\n|move|p2b: Umbreon|Yawn|p1b: Milotic\n|-start|p1b: Milotic|move: Yawn|[of] p2b: Umbreon\n|move|p2a: Corviknight|Roost|p2a: Corviknight\n|-heal|p2a: Corviknight|78/100 brn\n|-singleturn|p2a: Corviknight|move: Roost\n|\n|-heal|p2b: Umbreon|64/100|[from] item: Leftovers\n|-damage|p2a: Corviknight|72/100 brn|[from] brn\n|upkeep\n|turn|6\n|\n|t:|1776274286\n|move|p2b: Umbreon|Helping Hand|p2a: Corviknight\n|-singleturn|p2a: Corviknight|Helping Hand|[of] p2b: Umbreon\n|move|p1a: Sneasler|Brick Break|p2b: Umbreon\n|-supereffective|p2b: Umbreon|1\n|-damage|p2b: Umbreon|17/100\n|move|p1b: Milotic|Icy Wind|p2b: Umbreon|[spread] p2a,p2b\n|-damage|p2a: Corviknight|63/100 brn\n|-damage|p2b: Umbreon|10/100\n|-unboost|p2a: Corviknight|spe|1\n|-unboost|p2b: Umbreon|spe|1\n|move|p2a: Corviknight|Brave Bird|p1a: Sneasler\n|-supereffective|p1a: Sneasler|1\n|-damage|p1a: Sneasler|0 fnt\n|faint|p1a: Sneasler\n|-damage|p2a: Corviknight|38/100 brn|[from] Recoil\n|\n|-heal|p2b: Umbreon|16/100|[from] item: Leftovers\n|-damage|p2a: Corviknight|32/100 brn|[from] brn\n|-end|p1b: Milotic|move: Yawn|[silent]\n|-status|p1b: Milotic|slp\n|upkeep\n|\n|t:|1776274300\n|switch|p1a: Floette|Floette-Eternal, L50, F|100/100\n|turn|7\n|\n|t:|1776274323\n|switch|p2b: Whimsicott|Whimsicott, L50, F, shiny|45/100\n|move|p1a: Floette|Protect|p1a: Floette\n|-singleturn|p1a: Floette|Protect\n|cant|p1b: Milotic|slp\n|move|p2a: Corviknight|Roost|p2a: Corviknight\n|-heal|p2a: Corviknight|82/100 brn\n|-singleturn|p2a: Corviknight|move: Roost\n|\n|-damage|p2a: Corviknight|77/100 brn|[from] brn\n|upkeep\n|turn|8\n|\n|t:|1776274339\n|detailschange|p1a: Floette|Floette-Mega, L50, F\n|-mega|p1a: Floette|Floette|Floettite\n|-ability|p1a: Floette|Fairy Aura\n|move|p2b: Whimsicott|Encore|p1a: Floette\n|-start|p1a: Floette|Encore\n|move|p1a: Floette|Protect||[still]\n|-fail|p1a: Floette\n|cant|p1b: Milotic|slp\n|move|p2a: Corviknight|Body Press|p1b: Milotic\n|-damage|p1b: Milotic|83/100 slp\n|\n|-damage|p2a: Corviknight|71/100 brn|[from] brn\n|upkeep\n|turn|9\n|-message|andru_04 forfeited.\n|\n|win|gonegeb\n|raw|andru_04's rating: 1012 &rarr; <strong>1003</strong><br />(-9 for losing)\n|raw|gonegeb's rating: 1107 &rarr; <strong>1125</strong><br />(+18 for winning)\n|l|\u2606andru_04\n|player|p1|\n",
  "uploadtime": 1776274349,
  "views": 22,
  "formatid": "gen9championsvgc2026regma",
  "rating": 1003,
  "private": 0,
  "password": null
}