{
  "id": "gen9championsvgc2026regma-2585888806",
  "format": "[Gen 9 Champions] VGC 2026 Reg M-A",
  "players": [
    "knarkse",
    "Kyooby"
  ],
  "log": "|j|\u2606knarkse\n|j|\u2606Kyooby\n|t:|1776378679\n|gametype|doubles\n|player|p1|knarkse|102|1040\n|player|p2|Kyooby|volkner|1073\n|gen|9\n|tier|[Gen 9 Champions] VGC 2026 Reg M-A\n|rated|\n|rule|Species Clause: Limit one of each Pok\u00e9mon\n|rule|Item Clause: Limit 1 of each item\n|clearpoke\n|poke|p1|Pelipper, L50, M|\n|poke|p1|Heliolisk, L50, F|\n|poke|p1|Gyarados, L50, M|\n|poke|p1|Farigiraf, L50, M|\n|poke|p1|Incineroar, L50, F|\n|poke|p1|Rotom-Wash, L50|\n|poke|p2|Maushold-Four, L50|\n|poke|p2|Gardevoir, L50, M|\n|poke|p2|Espathra, L50, M|\n|poke|p2|Kommo-o, L50, M|\n|poke|p2|Gyarados, L50, M|\n|poke|p2|Heliolisk, L50, M|\n|teampreview|4\n|inactive|Battle timer is ON: inactive players will automatically lose when time's up. (requested by Kyooby)\nknarkse has agreed to open team sheets.\n|\n|t:|1776378703\n|teamsize|p1|4\n|teamsize|p2|4\n|start\n|switch|p1a: Dr. Pepper|Pelipper, L50, M|100/100\n|switch|p1b: Dorito|Heliolisk, L50, F, shiny|100/100\n|switch|p2a: Maushold|Maushold-Four, L50|100/100\n|switch|p2b: Kommo-o|Kommo-o, L50, M|100/100\n|-weather|RainDance|[from] ability: Drizzle|[of] p1a: Dr. Pepper\n|turn|1\n|\n|t:|1776378718\n|move|p2a: Maushold|Encore||[still]\n|-fail|p2a: Maushold\n|move|p1b: Dorito|Shed Tail|p1b: Dorito\n|-start|p1b: Dorito|Substitute|[from] move: Shed Tail\n|-damage|p1b: Dorito|50/100\n|\n|t:|1776378725\n|switch|p1b: Shramp|Gyarados, L50, M, shiny|100/100|[from] Shed Tail\n|-ability|p1b: Shramp|Intimidate|boost\n|-unboost|p2a: Maushold|atk|1\n|-unboost|p2b: Kommo-o|atk|1\n|move|p2b: Kommo-o|Clangorous Soul|p2b: Kommo-o\n|-boost|p2b: Kommo-o|atk|1\n|-boost|p2b: Kommo-o|def|1\n|-boost|p2b: Kommo-o|spa|1\n|-boost|p2b: Kommo-o|spd|1\n|-boost|p2b: Kommo-o|spe|1\n|-damage|p2b: Kommo-o|68/100\n|move|p1a: Dr. Pepper|Tailwind|p1a: Dr. Pepper\n|-sidestart|p1: knarkse|move: Tailwind\n|\n|-weather|RainDance|[upkeep]\n|-heal|p2b: Kommo-o|73/100|[from] item: Leftovers\n|upkeep\n|turn|2\n|inactive|knarkse has 30 seconds left.\n|inactive|Kyooby has 30 seconds left.\n|\n|t:|1776378755\n|switch|p1a: Bacon|Incineroar, L50, F, shiny|100/100\n|-ability|p1a: Bacon|Intimidate|boost\n|-unboost|p2a: Maushold|atk|1\n|-unboost|p2b: Kommo-o|atk|1\n|detailschange|p1b: Shramp|Gyarados-Mega, L50, M, shiny\n|-mega|p1b: Shramp|Gyarados|Gyaradosite\n|-ability|p1b: Shramp|Mold Breaker\n|move|p1b: Shramp|Dragon Dance|p1b: Shramp\n|-boost|p1b: Shramp|atk|1\n|-boost|p1b: Shramp|spe|1\n|move|p2b: Kommo-o|Clanging Scales|p1b: Shramp|[spread] p1a,p1b\n|-damage|p1a: Bacon|44/100\n|-damage|p1b: Shramp|56/100\n|-enditem|p1a: Bacon|Sitrus Berry|[eat]\n|-heal|p1a: Bacon|69/100|[from] item: Sitrus Berry\n|-unboost|p2b: Kommo-o|def|1\n|move|p2a: Maushold|Encore|p1b: Shramp\n|-start|p1b: Shramp|Encore\n|\n|-weather|RainDance|[upkeep]\n|-heal|p2b: Kommo-o|79/100|[from] item: Leftovers\n|upkeep\n|turn|3\n|inactive|knarkse has 30 seconds left.\n|\n|t:|1776378785\n|switch|p2a: Heliolisk|Heliolisk, L50, M, shiny|100/100\n|move|p1a: Bacon|Fake Out|p2b: Kommo-o\n|-damage|p2b: Kommo-o|70/100\n|move|p1b: Shramp|Dragon Dance|p1b: Shramp\n|-boost|p1b: Shramp|atk|1\n|-boost|p1b: Shramp|spe|1\n|cant|p2b: Kommo-o|flinch\n|\n|-weather|RainDance|[upkeep]\n|-heal|p2b: Kommo-o|75/100|[from] item: Leftovers\n|upkeep\n|turn|4\n|\n|t:|1776378808\n|move|p1b: Shramp|Dragon Dance|p1b: Shramp\n|-boost|p1b: Shramp|atk|1\n|-boost|p1b: Shramp|spe|1\n|move|p2b: Kommo-o|Aura Sphere|p1b: Shramp\n|-supereffective|p1b: Shramp|1\n|-end|p1b: Shramp|Substitute\n|move|p2a: Heliolisk|Thunderbolt|p1b: Shramp\n|-supereffective|p1b: Shramp|1\n|-damage|p1b: Shramp|0 fnt\n|faint|p1b: Shramp\n|move|p1a: Bacon|Taunt|p2a: Heliolisk\n|-start|p2a: Heliolisk|move: Taunt\n|\n|-weather|RainDance|[upkeep]\n|-heal|p2b: Kommo-o|81/100|[from] item: Leftovers\n|-sideend|p1: knarkse|move: Tailwind\n|upkeep\n|\n|t:|1776378822\n|switch|p1b: Dr. Pepper|Pelipper, L50, M|100/100\n|turn|5\n|\n|t:|1776378835\n|move|p2b: Kommo-o|Clanging Scales|p1b: Dr. Pepper|[spread] p1a,p1b\n|-damage|p1a: Bacon|8/100\n|-damage|p1b: Dr. Pepper|20/100\n|-unboost|p2b: Kommo-o|def|1\n|move|p2a: Heliolisk|Volt Switch|p1b: Dr. Pepper\n|-supereffective|p1b: Dr. Pepper|2\n|-damage|p1b: Dr. Pepper|0 fnt\n|faint|p1b: Dr. Pepper\n|\n|t:|1776378843\n|switch|p2a: Gyarados|Gyarados, L50, M|100/100|[from] Volt Switch\n|-ability|p2a: Gyarados|Intimidate|boost\n|-unboost|p1a: Bacon|atk|1\n|move|p1a: Bacon|Parting Shot|p2b: Kommo-o\n|-unboost|p2b: Kommo-o|atk|1\n|-unboost|p2b: Kommo-o|spa|1\n|\n|t:|1776378845\n|switch|p1a: Dorito|Heliolisk, L50, F, shiny|50/100|[from] Parting Shot\n|\n|-weather|none\n|-heal|p2b: Kommo-o|87/100|[from] item: Leftovers\n|upkeep\n|\n|t:|1776378851\n|switch|p1b: Bacon|Incineroar, L50, F, shiny|8/100\n|-ability|p1b: Bacon|Intimidate|boost\n|-unboost|p2a: Gyarados|atk|1\n|-unboost|p2b: Kommo-o|atk|1\n|turn|6\n|\n|t:|1776378861\n|switch|p2a: Heliolisk|Heliolisk, L50, M, shiny|100/100\n|move|p1b: Bacon|Fake Out|p2a: Heliolisk\n|-damage|p2a: Heliolisk|80/100\n|move|p2b: Kommo-o|Clanging Scales|p1a: Dorito|[spread] p1a,p1b\n|-damage|p1a: Dorito|0 fnt\n|-damage|p1b: Bacon|0 fnt\n|faint|p1a: Dorito\n|faint|p1b: Bacon\n|\n|win|Kyooby\n|raw|knarkse's rating: 1040 &rarr; <strong>1026</strong><br />(-14 for losing)\n|raw|Kyooby's rating: 1073 &rarr; <strong>1099</strong><br />(+26 for winning)\n",
  "uploadtime": 1776378862,
  "views": 15,
  "formatid": "gen9championsvgc2026regma",
  "rating": 1026,
  "private": 0,
  "password": null
}