{
  "id": "gen9championsvgc2026regma-2583255731",
  "format": "[Gen 9 Champions] VGC 2026 Reg M-A",
  "players": [
    "Realedo",
    "Aggressiv0"
  ],
  "log": "|j|\u2606Realedo\n|j|\u2606Aggressiv0\n|t:|1776160080\n|gametype|doubles\n|player|p1|Realedo|169|1119\n|player|p2|Aggressiv0|cynthia-gen4|1121\n|gen|9\n|tier|[Gen 9 Champions] VGC 2026 Reg M-A\n|rated|\n|rule|Species Clause: Limit one of each Pok\u00e9mon\n|rule|Item Clause: Limit 1 of each item\n|clearpoke\n|poke|p1|Basculegion, L50, M|\n|poke|p1|Sinistcha, L50|\n|poke|p1|Pelipper, L50, M|\n|poke|p1|Incineroar, L50, F|\n|poke|p1|Floette-Eternal, L50, F|\n|poke|p1|Garchomp, L50, M|\n|poke|p2|Charizard, L50, F|\n|poke|p2|Venusaur, L50, M|\n|poke|p2|Whimsicott, L50, M|\n|poke|p2|Incineroar, L50, F|\n|poke|p2|Kingambit, L50, M|\n|poke|p2|Garchomp, L50, M|\n|teampreview|4\nRealedo rejected open team sheets.\n|inactive|Battle timer is ON: inactive players will automatically lose when time's up. (requested by Realedo)\n|inactive|Aggressiv0 has 60 seconds left.\n|\n|t:|1776160130\n|teamsize|p1|4\n|teamsize|p2|4\n|start\n|switch|p1a: Incineroar|Incineroar, L50, F, shiny|100/100\n|switch|p1b: Floette|Floette-Eternal, L50, F, shiny|100/100\n|switch|p2a: Venusaur|Venusaur, L50, M|100/100\n|switch|p2b: Whimsicott|Whimsicott, L50, M|100/100\n|-ability|p1a: Incineroar|Intimidate|boost\n|-unboost|p2a: Venusaur|atk|1\n|-unboost|p2b: Whimsicott|atk|1\n|turn|1\n|\n|t:|1776160143\n|detailschange|p1b: Floette|Floette-Mega, L50, F, shiny\n|-mega|p1b: Floette|Floette|Floettite\n|-ability|p1b: Floette|Fairy Aura\n|move|p2b: Whimsicott|Protect|p2b: Whimsicott\n|-singleturn|p2b: Whimsicott|Protect\n|move|p2a: Venusaur|Protect|p2a: Venusaur\n|-singleturn|p2a: Venusaur|Protect\n|move|p1a: Incineroar|Fake Out|p2a: Venusaur\n|-activate|p2a: Venusaur|move: Protect\n|move|p1b: Floette|Calm Mind|p1b: Floette\n|-boost|p1b: Floette|spa|1\n|-boost|p1b: Floette|spd|1\n|\n|upkeep\n|turn|2\n|\n|t:|1776160164\n|switch|p1a: Basculegion|Basculegion, L50, M|100/100\n|move|p2b: Whimsicott|Encore|p1b: Floette\n|-start|p1b: Floette|Encore\n|move|p1b: Floette|Calm Mind|p1b: Floette\n|-boost|p1b: Floette|spa|1\n|-boost|p1b: Floette|spd|1\n|move|p2a: Venusaur|Sludge Bomb|p1b: Floette\n|-supereffective|p1b: Floette|1\n|-damage|p1b: Floette|67/100\n|-status|p1b: Floette|psn\n|\n|-damage|p1b: Floette|55/100 psn|[from] psn\n|upkeep\n|turn|3\n|inactive|Realedo has 30 seconds left.\n|\n|t:|1776160192\n|switch|p1b: Pelipper|Pelipper, L50, M|100/100\n|-weather|RainDance|[from] ability: Drizzle|[of] p1b: Pelipper\n|move|p2b: Whimsicott|Tailwind|p2b: Whimsicott\n|-sidestart|p2: Aggressiv0|move: Tailwind\n|move|p2a: Venusaur|Sludge Bomb|p1b: Pelipper\n|-damage|p1b: Pelipper|26/100\n|-status|p1b: Pelipper|psn\n|move|p1a: Basculegion|Flip Turn|p2a: Venusaur\n|-resisted|p2a: Venusaur|1\n|-damage|p2a: Venusaur|73/100\n|\n|t:|1776160206\n|switch|p1a: Incineroar|Incineroar, L50, F, shiny|100/100|[from] Flip Turn\n|-ability|p1a: Incineroar|Intimidate|boost\n|-unboost|p2a: Venusaur|atk|1\n|-unboost|p2b: Whimsicott|atk|1\n|\n|-weather|RainDance|[upkeep]\n|-heal|p2a: Venusaur|79/100|[from] item: Leftovers\n|-damage|p1b: Pelipper|14/100 psn|[from] psn\n|upkeep\n|turn|4\n|inactive|Aggressiv0 has 30 seconds left.\n|\n|t:|1776160236\n|move|p2a: Venusaur|Protect|p2a: Venusaur\n|-singleturn|p2a: Venusaur|Protect\n|move|p1a: Incineroar|Fake Out|p2a: Venusaur\n|-activate|p2a: Venusaur|move: Protect\n|move|p2b: Whimsicott|Moonblast|p1b: Pelipper\n|-crit|p1b: Pelipper\n|-damage|p1b: Pelipper|0 fnt\n|faint|p1b: Pelipper\n|\n|-weather|RainDance|[upkeep]\n|-heal|p2a: Venusaur|85/100|[from] item: Leftovers\n|upkeep\n|\n|t:|1776160247\n|switch|p1b: Basculegion|Basculegion, L50, M|100/100\n|turn|5\n|inactive|Aggressiv0 has 30 seconds left.\n|inactive|Aggressiv0 has 20 seconds left.\n|inactive|Aggressiv0 has 15 seconds left.\n|inactive|Aggressiv0 has 10 seconds left.\n|inactive|Aggressiv0 has 5 seconds left.\n|\n|t:|1776160302\n|move|p2b: Whimsicott|Tailwind||[still]\n|-fail|p2b: Whimsicott\n|move|p2a: Venusaur|Earth Power|p1b: Basculegion\n|-damage|p1b: Basculegion|72/100\n|move|p1b: Basculegion|Last Respects|p2a: Venusaur\n|-damage|p2a: Venusaur|21/100\n|move|p1a: Incineroar|Parting Shot|p2a: Venusaur\n|-unboost|p2a: Venusaur|atk|1\n|-unboost|p2a: Venusaur|spa|1\n|\n|t:|1776160312\n|switch|p1a: Floette|Floette-Mega, L50, F, shiny|55/100 psn|[from] Parting Shot\n|-ability|p1a: Floette|Fairy Aura\n|\n|-weather|RainDance|[upkeep]\n|-heal|p2a: Venusaur|27/100|[from] item: Leftovers\n|-damage|p1a: Floette|43/100 psn|[from] psn\n|upkeep\n|turn|6\n|inactive|Aggressiv0 has 30 seconds left.\n|inactive|Aggressiv0 has 20 seconds left.\n|inactive|Aggressiv0 has 15 seconds left.\n|inactive|Aggressiv0 has 10 seconds left.\n|inactive|Aggressiv0 has 5 seconds left.\n|\n|t:|1776160367\n|move|p1a: Floette|Protect|p1a: Floette\n|-singleturn|p1a: Floette|Protect\n|move|p2b: Whimsicott|Tailwind||[still]\n|-fail|p2b: Whimsicott\n|move|p2a: Venusaur|Earth Power|p1b: Basculegion\n|-damage|p1b: Basculegion|51/100\n|move|p1b: Basculegion|Last Respects|p2b: Whimsicott\n|-damage|p2b: Whimsicott|22/100\n|\n|-weather|RainDance|[upkeep]\n|-heal|p2a: Venusaur|33/100|[from] item: Leftovers\n|-damage|p1a: Floette|31/100 psn|[from] psn\n|-sideend|p2: Aggressiv0|move: Tailwind\n|upkeep\n|turn|7\n|inactive|Aggressiv0 has 30 seconds left.\n|inactive|Aggressiv0 has 20 seconds left.\n|inactive|Aggressiv0 has 15 seconds left.\n|inactive|Aggressiv0 has 10 seconds left.\n|inactive|Aggressiv0 has 5 seconds left.\n|\n|t:|1776160422\n|move|p2b: Whimsicott|Tailwind|p2b: Whimsicott\n|-sidestart|p2: Aggressiv0|move: Tailwind\n|move|p2a: Venusaur|Earth Power|p1a: Floette\n|-damage|p1a: Floette|15/100 psn\n|move|p1b: Basculegion|Last Respects|p2a: Venusaur\n|-damage|p2a: Venusaur|0 fnt\n|faint|p2a: Venusaur\n|move|p1a: Floette|Draining Kiss|p2b: Whimsicott\n|-damage|p2b: Whimsicott|0 fnt\n|-heal|p1a: Floette|29/100 psn|[from] drain|[of] p2b: Whimsicott\n|faint|p2b: Whimsicott\n|\n|-weather|none\n|-damage|p1a: Floette|17/100 psn|[from] psn\n|upkeep\n|inactive|Aggressiv0 has 30 seconds left.\n|inactive|Aggressiv0 has 20 seconds left.\n|inactive|Aggressiv0 has 15 seconds left.\n|inactive|Aggressiv0 has 10 seconds left.\n|inactive|Aggressiv0 has 5 seconds left.\n|\n|t:|1776160478\n|switch|p2b: Garchomp|Garchomp, L50, M|100/100\n|switch|p2a: Kingambit|Kingambit, L50, M|100/100\n|turn|8\n|inactive|Aggressiv0 has 30 seconds left.\n|inactive|Aggressiv0 has 20 seconds left.\n|inactive|Aggressiv0 has 15 seconds left.\n|inactive|Aggressiv0 has 10 seconds left.\n|inactive|Aggressiv0 has 5 seconds left.\n|\n|t:|1776160533\n|switch|p1b: Incineroar|Incineroar, L50, F, shiny|100/100\n|-ability|p1b: Incineroar|Intimidate|boost\n|-unboost|p2a: Kingambit|atk|1\n|-ability|p2a: Kingambit|Defiant|boost\n|-boost|p2a: Kingambit|atk|2\n|-unboost|p2b: Garchomp|atk|1\n|move|p2b: Garchomp|Rock Slide|p1b: Incineroar|[spread] p1b\n|-miss|p2b: Garchomp|p1a: Floette\n|-supereffective|p1b: Incineroar|1\n|-damage|p1b: Incineroar|78/100\n|move|p1a: Floette|Moonblast|p2b: Garchomp\n|-supereffective|p2b: Garchomp|1\n|-damage|p2b: Garchomp|0 fnt\n|faint|p2b: Garchomp\n|move|p2a: Kingambit|Iron Head|p1a: Floette\n|-supereffective|p1a: Floette|1\n|-damage|p1a: Floette|0 fnt\n|faint|p1a: Floette\n|\n|upkeep\n|\n|t:|1776160550\n|switch|p1a: Basculegion|Basculegion, L50, M|51/100\n|turn|9\n|inactive|Aggressiv0 has 30 seconds left.\n|inactive|Aggressiv0 has 20 seconds left.\n|inactive|Aggressiv0 has 15 seconds left.\n|inactive|Aggressiv0 has 10 seconds left.\n|inactive|Aggressiv0 has 5 seconds left.\n|\n|t:|1776160605\n|move|p1b: Incineroar|Fake Out|p2a: Kingambit\n|-resisted|p2a: Kingambit|1\n|-damage|p2a: Kingambit|97/100\n|move|p1a: Basculegion|Last Respects|p2a: Kingambit\n|-resisted|p2a: Kingambit|1\n|-damage|p2a: Kingambit|64/100\n|cant|p2a: Kingambit|flinch\n|\n|upkeep\n|turn|10\n|inactive|Aggressiv0 has 20 seconds left this turn.\n|inactive|Aggressiv0 has 15 seconds left.\n|inactive|Aggressiv0 has 10 seconds left.\n|inactive|Aggressiv0 has 5 seconds left.\n|-message|Aggressiv0 lost due to inactivity.\n|\n|win|Realedo\n|raw|Realedo's rating: 1119 &rarr; <strong>1144</strong><br />(+25 for winning)\n|raw|Aggressiv0's rating: 1121 &rarr; <strong>1096</strong><br />(-25 for losing)\n|c|\u2606Realedo|gg\n|c|\u2606Realedo|nice list\n|c|\u2606Realedo|was fun\n",
  "uploadtime": 1776160798,
  "views": 17,
  "formatid": "gen9championsvgc2026regma",
  "rating": 1096,
  "private": 0,
  "password": null
}