{
  "id": "gen9championsvgc2026regma-2580789751",
  "format": "[Gen 9 Champions] VGC 2026 Reg M-A",
  "players": [
    "FunnyPheesh",
    "Clippe"
  ],
  "log": "|j|\u2606FunnyPheesh\n|j|\u2606Clippe\n|t:|1775932646\n|gametype|doubles\n|player|p1|FunnyPheesh|gwynn|1041\n|player|p2|Clippe|169|1047\n|gen|9\n|tier|[Gen 9 Champions] VGC 2026 Reg M-A\n|rated|\n|rule|Species Clause: Limit one of each Pok\u00e9mon\n|rule|Item Clause: Limit 1 of each item\n|clearpoke\n|poke|p1|Crabominable, L50, F|\n|poke|p1|Slowking, L50, M|\n|poke|p1|Kingambit, L50, M|\n|poke|p1|Blastoise, L50, M|\n|poke|p1|Sneasler, L50, F|\n|poke|p1|Arcanine-Hisui, L50, F|\n|poke|p2|Goodra-Hisui, L50, M|\n|poke|p2|Audino, L50, M|\n|poke|p2|Incineroar, L50, F|\n|poke|p2|Farigiraf, L50, F|\n|poke|p2|Torkoal, L50, F|\n|poke|p2|Venusaur, L50, F|\n|teampreview|4\n|\n|t:|1775932669\n|teamsize|p1|4\n|teamsize|p2|4\n|start\n|switch|p1a: Sneasler|Sneasler, L50, F|100/100\n|switch|p1b: Slowking|Slowking, L50, M|100/100\n|switch|p2a: Venusaur|Venusaur, L50, F|100/100\n|switch|p2b: Goodra|Goodra-Hisui, L50, M|100/100\n|turn|1\n|\n|t:|1775932693\n|move|p2a: Venusaur|Protect|p2a: Venusaur\n|-singleturn|p2a: Venusaur|Protect\n|move|p1a: Sneasler|Fake Out|p2a: Venusaur\n|-activate|p2a: Venusaur|move: Protect\n|move|p2b: Goodra|Earthquake|p1a: Sneasler|[spread] p1a,p1b\n|-activate|p2a: Venusaur|move: Protect\n|-supereffective|p1a: Sneasler|1\n|-damage|p1a: Sneasler|19/100\n|-damage|p1b: Slowking|81/100\n|move|p1b: Slowking|Trick Room|p1b: Slowking\n|-fieldstart|move: Trick Room|[of] p1b: Slowking\n|\n|upkeep\n|turn|2\n|\n|t:|1775932712\n|switch|p1a: Crabominable|Crabominable, L50, F|100/100\n|-prepare|p1b: Slowking|Chilly Reception|[premajor]\n|move|p1b: Slowking|Chilly Reception|p1b: Slowking\n|-weather|Snowscape\n|\n|t:|1775932716\n|switch|p1b: Arcanine|Arcanine-Hisui, L50, F|100/100|[from] Chilly Reception\n|-ability|p1b: Arcanine|Intimidate|boost\n|-unboost|p2a: Venusaur|atk|1\n|-unboost|p2b: Goodra|atk|1\n|move|p2b: Goodra|Dragon Claw|p1b: Arcanine\n|-damage|p1b: Arcanine|65/100\n|move|p2a: Venusaur|Petal Blizzard|p1b: Arcanine|[spread] p1a,p1b\n|-ability|p2b: Goodra|Sap Sipper|boost\n|-boost|p2b: Goodra|atk|1\n|-damage|p1a: Crabominable|88/100\n|-damage|p1b: Arcanine|49/100\n|\n|-weather|Snowscape|[upkeep]\n|upkeep\n|turn|3\n|\n|t:|1775932740\n|switch|p1b: Slowking|Slowking, L50, M|100/100\n|detailschange|p1a: Crabominable|Crabominable-Mega, L50, F\n|-mega|p1a: Crabominable|Crabominable|Crabominite\n|move|p1a: Crabominable|Ice Hammer|p2a: Venusaur\n|-supereffective|p2a: Venusaur|1\n|-damage|p2a: Venusaur|0 fnt\n|-unboost|p1a: Crabominable|spe|1\n|faint|p2a: Venusaur\n|move|p2b: Goodra|Earthquake|p1b: Slowking|[spread] p1a,p1b\n|-damage|p1a: Crabominable|73/100\n|-damage|p1b: Slowking|82/100\n|\n|-weather|Snowscape|[upkeep]\n|upkeep\n|\n|t:|1775932754\n|switch|p2a: Audino|Audino, L50, M|100/100\n|turn|4\n|\n|t:|1775932769\n|detailschange|p2a: Audino|Audino-Mega, L50, M\n|-mega|p2a: Audino|Audino|Audinite\n|move|p1a: Crabominable|Drain Punch|p2b: Goodra\n|-supereffective|p2b: Goodra|1\n|-damage|p2b: Goodra|0 fnt\n|-heal|p1a: Crabominable|100/100|[from] drain|[of] p2b: Goodra\n|faint|p2b: Goodra\n|move|p1b: Slowking|Future Sight|p2a: Audino\n|-start|p1b: Slowking|move: Future Sight\n|move|p2a: Audino|Dazzling Gleam|p1b: Slowking|[spread] p1a,p1b\n|-supereffective|p1a: Crabominable|1\n|-damage|p1a: Crabominable|75/100\n|-damage|p1b: Slowking|68/100\n|\n|-weather|Snowscape|[upkeep]\n|upkeep\n|\n|t:|1775932783\n|switch|p2b: Torkoal|Torkoal, L50, F|100/100\n|-weather|SunnyDay|[from] ability: Drought|[of] p2b: Torkoal\n|turn|5\n|\n|t:|1775932792\n|move|p2a: Audino|Helping Hand|p2b: Torkoal\n|-singleturn|p2b: Torkoal|Helping Hand|[of] p2a: Audino\n|move|p1a: Crabominable|Protect|p1a: Crabominable\n|-singleturn|p1a: Crabominable|Protect\n|move|p2b: Torkoal|Eruption|p1b: Slowking|[spread] p1b\n|-activate|p1a: Crabominable|move: Protect\n|-resisted|p1b: Slowking|1\n|-damage|p1b: Slowking|21/100\n|-prepare|p1b: Slowking|Chilly Reception|[premajor]\n|move|p1b: Slowking|Chilly Reception|p1b: Slowking\n|-weather|Snowscape\n|\n|t:|1775932802\n|switch|p1b: Arcanine|Arcanine-Hisui, L50, F|49/100|[from] Chilly Reception\n|-ability|p1b: Arcanine|Intimidate|boost\n|-unboost|p2a: Audino|atk|1\n|-unboost|p2b: Torkoal|atk|1\n|\n|-weather|Snowscape|[upkeep]\n|-fieldend|move: Trick Room\n|upkeep\n|turn|6\n|\n|t:|1775932818\n|move|p1b: Arcanine|Head Smash|p2b: Torkoal\n|-supereffective|p2b: Torkoal|1\n|-damage|p2b: Torkoal|0 fnt\n|faint|p2b: Torkoal\n|-damage|p1b: Arcanine|5/100|[from] Recoil\n|move|p1a: Crabominable|Drain Punch|p2a: Audino\n|-damage|p2a: Audino|59/100\n|-heal|p1a: Crabominable|98/100|[from] drain|[of] p2a: Audino\n|move|p2a: Audino|Trick Room|p2a: Audino\n|-fieldstart|move: Trick Room|[of] p2a: Audino\n|\n|-weather|Snowscape|[upkeep]\n|-end|p2a: Audino|move: Future Sight\n|-damage|p2a: Audino|33/100\n|upkeep\n|turn|7\n|-message|Clippe forfeited.\n|\n|win|FunnyPheesh\n|raw|FunnyPheesh's rating: 1041 &rarr; <strong>1075</strong><br />(+34 for winning)\n|raw|Clippe's rating: 1047 &rarr; <strong>1030</strong><br />(-17 for losing)\n|l|\u2606Clippe\n|player|p2|\n",
  "uploadtime": 1775932841,
  "views": 18,
  "formatid": "gen9championsvgc2026regma",
  "rating": 1030,
  "private": 0,
  "password": null
}