{
  "id": "gen9championsvgc2026regma-2580299031",
  "format": "[Gen 9 Champions] VGC 2026 Reg M-A",
  "players": [
    "BLK DG",
    "LontraAssassina"
  ],
  "log": "|j|\u2606BLK DG\n|j|\u2606LontraAssassina\n|t:|1775877530\n|gametype|doubles\n|player|p1|BLK DG|irida|1000\n|player|p2|LontraAssassina|artist|1081\n|gen|9\n|tier|[Gen 9 Champions] VGC 2026 Reg M-A\n|rated|\n|rule|Species Clause: Limit one of each Pok\u00e9mon\n|rule|Item Clause: Limit 1 of each item\n|clearpoke\n|poke|p1|Charizard, L50, M|\n|poke|p1|Incineroar, L50, F|\n|poke|p1|Whimsicott, L50, F|\n|poke|p1|Garchomp, L50, M|\n|poke|p1|Rotom-Wash, L50|\n|poke|p1|Sneasler, L50, F|\n|poke|p2|Crabominable, L50, F|\n|poke|p2|Ninetales-Alola, L50, F|\n|poke|p2|Basculegion, L50, M|\n|poke|p2|Farigiraf, L50, F|\n|poke|p2|Aerodactyl, L50, F|\n|poke|p2|Incineroar, L50, M|\n|teampreview|4\n|inactive|Battle timer is ON: inactive players will automatically lose when time's up. (requested by BLK DG)\n|inactive|BLK DG has 60 seconds left.\n|inactive|LontraAssassina has 60 seconds left.\n|\n|t:|1775877586\n|teamsize|p1|4\n|teamsize|p2|4\n|start\n|switch|p1a: Sneasler|Sneasler, L50, F|100/100\n|switch|p1b: Charizard|Charizard, L50, M|100/100\n|switch|p2a: Incineroar|Incineroar, L50, M|100/100\n|switch|p2b: Aerodactyl|Aerodactyl, L50, F|100/100\n|-ability|p2b: Aerodactyl|Unnerve\n|-ability|p2a: Incineroar|Intimidate|boost\n|-unboost|p1a: Sneasler|atk|1\n|-unboost|p1b: Charizard|atk|1\n|-enditem|p1a: Sneasler|White Herb\n|-clearnegativeboost|p1a: Sneasler|[silent]\n|turn|1\n|\n|t:|1775877606\n|switch|p1b: Incineroar|Incineroar, L50, F|100/100\n|-ability|p1b: Incineroar|Intimidate|boost\n|-unboost|p2a: Incineroar|atk|1\n|-unboost|p2b: Aerodactyl|atk|1\n|move|p1a: Sneasler|Fake Out|p2a: Incineroar\n|-crit|p2a: Incineroar\n|-damage|p2a: Incineroar|79/100\n|cant|p2a: Incineroar|flinch\n|move|p2b: Aerodactyl|Tailwind|p2b: Aerodactyl\n|-sidestart|p2: LontraAssassina|move: Tailwind\n|\n|upkeep\n|turn|2\n|\n|t:|1775877625\n|move|p1a: Sneasler|Close Combat|p2a: Incineroar\n|-supereffective|p2a: Incineroar|1\n|-damage|p2a: Incineroar|0 fnt\n|-unboost|p1a: Sneasler|def|1\n|-unboost|p1a: Sneasler|spd|1\n|faint|p2a: Incineroar\n|move|p2b: Aerodactyl|Rock Slide|p1a: Sneasler|[spread] p1a,p1b\n|-resisted|p1a: Sneasler|1\n|-supereffective|p1b: Incineroar|1\n|-damage|p1a: Sneasler|83/100\n|-damage|p1b: Incineroar|80/100\n|cant|p1b: Incineroar|flinch\n|\n|upkeep\n|\n|t:|1775877638\n|switch|p2a: Basculegion|Basculegion, L50, M|100/100\n|turn|3\n|inactive|BLK DG has 30 seconds left.\n|\n|t:|1775877664\n|move|p1a: Sneasler|Protect|p1a: Sneasler\n|-singleturn|p1a: Sneasler|Protect\n|move|p2a: Basculegion|Wave Crash|p1b: Incineroar\n|-supereffective|p1b: Incineroar|1\n|-damage|p1b: Incineroar|0 fnt\n|faint|p1b: Incineroar\n|-damage|p2a: Basculegion|73/100|[from] Recoil\n|move|p2b: Aerodactyl|Rock Slide|p1a: Sneasler\n|-activate|p1a: Sneasler|move: Protect\n|\n|upkeep\n|\n|t:|1775877677\n|switch|p1b: Charizard|Charizard, L50, M|100/100\n|turn|4\n|\n|t:|1775877688\n|switch|p1a: Garchomp|Garchomp, L50, M|100/100\n|move|p1b: Charizard|Protect|p1b: Charizard\n|-singleturn|p1b: Charizard|Protect\n|move|p2b: Aerodactyl|Wide Guard|p2b: Aerodactyl\n|-singleturn|p2b: Aerodactyl|Wide Guard\n|move|p2a: Basculegion|Wave Crash|p1a: Garchomp\n|-damage|p1a: Garchomp|20/100\n|-damage|p2a: Basculegion|61/100|[from] ability: Rough Skin|[of] p1a: Garchomp\n|-damage|p2a: Basculegion|36/100|[from] Recoil\n|\n|-sideend|p2: LontraAssassina|move: Tailwind\n|upkeep\n|turn|5\n|j| fancy cucudrula\n|inactive|BLK DG has 30 seconds left.\n|inactive|BLK DG has 20 seconds left.\n|\n|t:|1775877726\n|detailschange|p1b: Charizard|Charizard-Mega-Y, L50, M\n|-mega|p1b: Charizard|Charizard|Charizardite Y\n|-weather|SunnyDay|[from] ability: Drought|[of] p1b: Charizard\n|move|p1a: Garchomp|Rock Slide|p2a: Basculegion|[spread] p2b\n|-miss|p1a: Garchomp|p2a: Basculegion\n|-supereffective|p2b: Aerodactyl|1\n|-damage|p2b: Aerodactyl|52/100\n|move|p2a: Basculegion|Wave Crash|p1a: Garchomp\n|-damage|p1a: Garchomp|0 fnt\n|-damage|p2a: Basculegion|24/100|[from] ability: Rough Skin|[of] p1a: Garchomp\n|faint|p1a: Garchomp\n|-damage|p2a: Basculegion|17/100|[from] Recoil\n|move|p2b: Aerodactyl|Tailwind|p2b: Aerodactyl\n|-sidestart|p2: LontraAssassina|move: Tailwind\n|move|p1b: Charizard|Solar Beam||[still]\n|-prepare|p1b: Charizard|Solar Beam\n|-anim|p1b: Charizard|Solar Beam|p2b: Aerodactyl\n|-damage|p2b: Aerodactyl|0 fnt\n|faint|p2b: Aerodactyl\n|\n|-weather|SunnyDay|[upkeep]\n|upkeep\n|\n|t:|1775877745\n|switch|p2b: Ninetales|Ninetales-Alola, L50, F|100/100\n|switch|p1a: Sneasler|Sneasler, L50, F|83/100\n|-weather|Snowscape|[from] ability: Snow Warning|[of] p2b: Ninetales\n|turn|6\n|\n|t:|1775877761\n|move|p1b: Charizard|Protect|p1b: Charizard\n|-singleturn|p1b: Charizard|Protect\n|move|p2a: Basculegion|Wave Crash|p1b: Charizard\n|-activate|p1b: Charizard|move: Protect\n|move|p2b: Ninetales|Blizzard|p1a: Sneasler|[spread] p1a\n|-activate|p1b: Charizard|move: Protect\n|-damage|p1a: Sneasler|44/100\n|move|p1a: Sneasler|Poison Jab|p2b: Ninetales\n|-supereffective|p2b: Ninetales|1\n|-damage|p2b: Ninetales|36/100\n|\n|-weather|Snowscape|[upkeep]\n|upkeep\n|turn|7\n|\n|t:|1775877780\n|move|p1b: Charizard|Protect|p1b: Charizard\n|-singleturn|p1b: Charizard|Protect\n|move|p2a: Basculegion|Wave Crash|p1b: Charizard\n|-activate|p1b: Charizard|move: Protect\n|move|p2b: Ninetales|Blizzard|p1b: Charizard|[spread] p1a\n|-activate|p1b: Charizard|move: Protect\n|-damage|p1a: Sneasler|6/100\n|move|p1a: Sneasler|Poison Jab|p2a: Basculegion\n|-resisted|p2a: Basculegion|1\n|-damage|p2a: Basculegion|0 fnt\n|faint|p2a: Basculegion\n|\n|-weather|Snowscape|[upkeep]\n|upkeep\n|turn|8\n|\n|t:|1775877795\n|move|p2b: Ninetales|Blizzard|p1b: Charizard|[spread] p1a,p1b\n|-damage|p1a: Sneasler|0 fnt\n|-damage|p1b: Charizard|71/100\n|faint|p1a: Sneasler\n|move|p1b: Charizard|Heat Wave|p2b: Ninetales\n|-supereffective|p2b: Ninetales|1\n|-damage|p2b: Ninetales|0 fnt\n|faint|p2b: Ninetales\n|\n|win|BLK DG\n|raw|BLK DG's rating: 1000 &rarr; <strong>1049</strong><br />(+49 for winning)\n|raw|LontraAssassina's rating: 1081 &rarr; <strong>1054</strong><br />(-27 for losing)\n|l|\u2606LontraAssassina\n|player|p2|\n",
  "uploadtime": 1775877805,
  "views": 18,
  "formatid": "gen9championsvgc2026regma",
  "rating": 1049,
  "private": 0,
  "password": null
}