{
  "id": "gen9championsvgc2026regma-2583138117",
  "format": "[Gen 9 Champions] VGC 2026 Reg M-A",
  "players": [
    "Star7700",
    "EquiLibriOus"
  ],
  "log": "|j|\u2606Star7700\n|j|\u2606EquiLibriOus\n|t:|1776146631\n|gametype|doubles\n|player|p1|Star7700|102|1088\n|player|p2|EquiLibriOus|doctor|1074\n|gen|9\n|tier|[Gen 9 Champions] VGC 2026 Reg M-A\n|rated|\n|rule|Species Clause: Limit one of each Pok\u00e9mon\n|rule|Item Clause: Limit 1 of each item\n|clearpoke\n|poke|p1|Aerodactyl, L50, F|\n|poke|p1|Tyranitar, L50, F|\n|poke|p1|Excadrill, L50, M|\n|poke|p1|Rotom-Wash, L50|\n|poke|p1|Sinistcha, L50|\n|poke|p1|Incineroar, L50, F|\n|poke|p2|Kingambit, L50, M|\n|poke|p2|Sinistcha, L50|\n|poke|p2|Blastoise, L50, M|\n|poke|p2|Pelipper, L50, F|\n|poke|p2|Talonflame, L50, F|\n|poke|p2|Garchomp, L50, F|\n|teampreview|4\nEquiLibriOus rejected open team sheets.\n|\n|t:|1776146675\n|teamsize|p1|4\n|teamsize|p2|4\n|start\n|switch|p1a: Tyranitar|Tyranitar, L50, F|100/100\n|switch|p1b: Rotom|Rotom-Wash, L50|100/100\n|switch|p2a: Sinistcha|Sinistcha, L50, shiny|100/100\n|switch|p2b: Blastoise|Blastoise, L50, M|100/100\n|-weather|Sandstorm|[from] ability: Sand Stream|[of] p1a: Tyranitar\n|turn|1\n|\n|t:|1776146701\n|detailschange|p2b: Blastoise|Blastoise-Mega, L50, M\n|-mega|p2b: Blastoise|Blastoise|Blastoisinite\n|move|p1a: Tyranitar|Crunch|p2a: Sinistcha\n|-supereffective|p2a: Sinistcha|1\n|-damage|p2a: Sinistcha|26/100\n|-unboost|p2a: Sinistcha|def|1\n|move|p1b: Rotom|Thunderbolt|p2b: Blastoise\n|-supereffective|p2b: Blastoise|1\n|-damage|p2b: Blastoise|17/100\n|move|p2b: Blastoise|Water Spout|p1b: Rotom|[spread] p1a,p1b\n|-supereffective|p1a: Tyranitar|1\n|-resisted|p1b: Rotom|1\n|-damage|p1a: Tyranitar|87/100\n|-damage|p1b: Rotom|94/100\n|move|p2a: Sinistcha|Matcha Gotcha|p1a: Tyranitar|[spread] p1a,p1b\n|-supereffective|p1a: Tyranitar|1\n|-supereffective|p1b: Rotom|1\n|-damage|p1a: Tyranitar|54/100\n|-heal|p2a: Sinistcha|44/100|[from] drain|[of] p1a: Tyranitar\n|-damage|p1b: Rotom|37/100\n|-heal|p2a: Sinistcha|69/100|[from] drain|[of] p1b: Rotom\n|\n|-weather|Sandstorm|[upkeep]\n|-damage|p1b: Rotom|31/100|[from] Sandstorm\n|-damage|p2b: Blastoise|11/100|[from] Sandstorm\n|-damage|p2a: Sinistcha|63/100|[from] Sandstorm\n|upkeep\n|turn|2\n|\n|t:|1776146757\n|switch|p2a: Pelipper|Pelipper, L50, F|100/100\n|-weather|RainDance|[from] ability: Drizzle|[of] p2a: Pelipper\n|move|p2b: Blastoise|Protect|p2b: Blastoise\n|-singleturn|p2b: Blastoise|Protect\n|move|p1a: Tyranitar|Crunch|p2a: Pelipper\n|-crit|p2a: Pelipper\n|-damage|p2a: Pelipper|36/100\n|move|p1b: Rotom|Thunderbolt|p2b: Blastoise\n|-activate|p2b: Blastoise|move: Protect\n|\n|-weather|RainDance|[upkeep]\n|upkeep\n|turn|3\n|\n|t:|1776146797\n|switch|p2b: Garchomp|Garchomp, L50, F, shiny|100/100\n|move|p1a: Tyranitar|Crunch|p2a: Pelipper\n|-crit|p2a: Pelipper\n|-damage|p2a: Pelipper|0 fnt\n|faint|p2a: Pelipper\n|move|p1b: Rotom|Thunderbolt|p2b: Garchomp\n|-immune|p2b: Garchomp\n|\n|-weather|RainDance|[upkeep]\n|upkeep\n|\n|t:|1776146812\n|switch|p2a: Sinistcha|Sinistcha, L50, shiny|63/100\n|turn|4\n|\n|t:|1776146836\n|switch|p1a: Aerodactyl|Aerodactyl, L50, F|100/100\n|move|p1b: Rotom|Protect|p1b: Rotom\n|-singleturn|p1b: Rotom|Protect\n|move|p2b: Garchomp|Dragon Claw|p1b: Rotom\n|-activate|p1b: Rotom|move: Protect\n|move|p2a: Sinistcha|Life Dew||[still]|[spread] p2a,p2b\n|-heal|p2a: Sinistcha|88/100\n|-fail|p2b: Garchomp|heal\n|\n|-weather|RainDance|[upkeep]\n|upkeep\n|turn|5\n|\n|t:|1776146867\n|detailschange|p1a: Aerodactyl|Aerodactyl-Mega, L50, F\n|-mega|p1a: Aerodactyl|Aerodactyl|Aerodactylite\n|move|p2b: Garchomp|Protect|p2b: Garchomp\n|-singleturn|p2b: Garchomp|Protect\n|move|p1a: Aerodactyl|Dual Wingbeat|p2a: Sinistcha\n|-supereffective|p2a: Sinistcha|1\n|-crit|p2a: Sinistcha\n|-damage|p2a: Sinistcha|17/100\n|-supereffective|p2a: Sinistcha|1\n|-damage|p2a: Sinistcha|0 fnt\n|faint|p2a: Sinistcha\n|-hitcount|p2: Sinistcha|2\n|move|p1b: Rotom|Hydro Pump|p2b: Garchomp\n|-activate|p2b: Garchomp|move: Protect\n|\n|-weather|RainDance|[upkeep]\n|upkeep\n|\n|t:|1776146880\n|switch|p2a: Blastoise|Blastoise-Mega, L50, M|11/100\n|turn|6\n|\n|t:|1776146896\n|move|p1a: Aerodactyl|Dual Wingbeat|p2b: Garchomp\n|-damage|p2b: Garchomp|69/100\n|-damage|p1a: Aerodactyl|88/100|[from] ability: Rough Skin|[of] p2b: Garchomp\n|-damage|p2b: Garchomp|38/100\n|-damage|p1a: Aerodactyl|76/100|[from] ability: Rough Skin|[of] p2b: Garchomp\n|-hitcount|p2b: Garchomp|2\n|move|p2b: Garchomp|Rock Slide|p1a: Aerodactyl|[spread] p1a,p1b\n|-supereffective|p1a: Aerodactyl|1\n|-crit|p1a: Aerodactyl\n|-damage|p1a: Aerodactyl|0 fnt\n|-damage|p1b: Rotom|9/100\n|faint|p1a: Aerodactyl\n|cant|p1b: Rotom|flinch\n|move|p2a: Blastoise|Water Spout|p1b: Rotom\n|-resisted|p1b: Rotom|1\n|-damage|p1b: Rotom|2/100\n|\n|-weather|none\n|upkeep\n|\n|t:|1776146917\n|switch|p1a: Tyranitar|Tyranitar, L50, F|54/100\n|-weather|Sandstorm|[from] ability: Sand Stream|[of] p1a: Tyranitar\n|turn|7\n|\n|t:|1776146944\n|move|p1a: Tyranitar|Ice Punch|p2b: Garchomp\n|-supereffective|p2b: Garchomp|2\n|-damage|p2b: Garchomp|0 fnt\n|-damage|p1a: Tyranitar|41/100|[from] ability: Rough Skin|[of] p2b: Garchomp\n|faint|p2b: Garchomp\n|move|p1b: Rotom|Thunderbolt|p2a: Blastoise\n|-supereffective|p2a: Blastoise|1\n|-damage|p2a: Blastoise|0 fnt\n|faint|p2a: Blastoise\n|\n|win|Star7700\n|raw|Star7700's rating: 1088 &rarr; <strong>1114</strong><br />(+26 for winning)\n|raw|EquiLibriOus's rating: 1074 &rarr; <strong>1054</strong><br />(-20 for losing)\n",
  "uploadtime": 1776146958,
  "views": 21,
  "formatid": "gen9championsvgc2026regma",
  "rating": 1054,
  "private": 0,
  "password": null
}