{
  "id": "gen9championsvgc2026regma-2588017243",
  "format": "[Gen 9 Champions] VGC 2026 Reg M-A",
  "players": [
    "Evil Yarrack",
    "qingyunyunyun"
  ],
  "log": "|j|\u2606Evil Yarrack\n|j|\u2606qingyunyunyun\n|t:|1776593487\n|gametype|doubles\n|player|p1|Evil Yarrack|youngster-gen4dp|1459\n|player|p2|qingyunyunyun|265|1467\n|gen|9\n|tier|[Gen 9 Champions] VGC 2026 Reg M-A\n|rated|\n|rule|Species Clause: Limit one of each Pok\u00e9mon\n|rule|Item Clause: Limit 1 of each item\n|clearpoke\n|poke|p1|Whimsicott, L50, M|\n|poke|p1|Armarouge, L50, M|\n|poke|p1|Tsareena, L50, F|\n|poke|p1|Tyranitar, L50, M|\n|poke|p1|Basculegion, L50, M|\n|poke|p1|Glimmora, L50, M|\n|poke|p2|Whimsicott, L50, F|\n|poke|p2|Floette-Eternal, L50, F|\n|poke|p2|Sinistcha-Masterpiece, L50|\n|poke|p2|Crabominable, L50, F|\n|poke|p2|Basculegion, L50, M|\n|poke|p2|Sneasler, L50, M|\n|teampreview|4\n|inactive|Battle timer is ON: inactive players will automatically lose when time's up. (requested by qingyunyunyun)\n|inactive|Evil Yarrack also wants the timer to be on.\n|\n|t:|1776593507\n|teamsize|p1|4\n|teamsize|p2|4\n|start\n|switch|p1a: Tsareena|Tsareena, L50, F|100/100\n|switch|p1b: Whimsicott|Whimsicott, L50, M|100/100\n|switch|p2a: Basculegion|Basculegion, L50, M|100/100\n|switch|p2b: Sneasler|Sneasler, L50, M|100/100\n|turn|1\n|\n|t:|1776593528\n|switch|p2a: Whimsicott|Whimsicott, L50, F|100/100\n|move|p1b: Whimsicott|Tailwind|p1b: Whimsicott\n|-sidestart|p1: Evil Yarrack|move: Tailwind\n|move|p1a: Tsareena|Trop Kick|p2a: Whimsicott\n|-resisted|p2a: Whimsicott|1\n|-damage|p2a: Whimsicott|74/100\n|-unboost|p2a: Whimsicott|atk|1\n|move|p2b: Sneasler|Close Combat|p1a: Tsareena\n|-damage|p1a: Tsareena|16/100\n|-unboost|p2b: Sneasler|def|1\n|-unboost|p2b: Sneasler|spd|1\n|-enditem|p1a: Tsareena|Sitrus Berry|[eat]\n|-heal|p1a: Tsareena|41/100|[from] item: Sitrus Berry\n|-enditem|p2b: Sneasler|White Herb\n|-clearnegativeboost|p2b: Sneasler|[silent]\n|\n|upkeep\n|turn|2\n|\n|t:|1776593548\n|switch|p1b: Basculegion|Basculegion, L50, M|100/100\n|move|p2a: Whimsicott|Encore||[still]\n|cant|p1a: Tsareena|ability: Queenly Majesty|Encore|[of] p2a: Whimsicott\n|move|p2b: Sneasler|Dire Claw|p1a: Tsareena\n|-supereffective|p1a: Tsareena|1\n|-damage|p1a: Tsareena|0 fnt\n|faint|p1a: Tsareena\n|\n|upkeep\n|inactive|Evil Yarrack has 30 seconds left.\n|\n|t:|1776593574\n|switch|p1a: Glimmora|Glimmora, L50, M|100/100\n|turn|3\n|\n|t:|1776593584\n|move|p2a: Whimsicott|Tailwind|p2a: Whimsicott\n|-sidestart|p2: qingyunyunyun|move: Tailwind\n|move|p2b: Sneasler|Close Combat|p1a: Glimmora\n|-damage|p1a: Glimmora|14/100\n|-unboost|p2b: Sneasler|def|1\n|-unboost|p2b: Sneasler|spd|1\n|-activate|p1a: Glimmora|ability: Toxic Debris\n|-sidestart|p2: qingyunyunyun|move: Toxic Spikes\n|move|p1b: Basculegion|Last Respects|p2b: Sneasler\n|-damage|p2b: Sneasler|0 fnt\n|faint|p2b: Sneasler\n|move|p1a: Glimmora|Sludge Bomb|p2a: Whimsicott\n|-supereffective|p2a: Whimsicott|2\n|-damage|p2a: Whimsicott|0 fnt\n|faint|p2a: Whimsicott\n|\n|upkeep\n|\n|t:|1776593596\n|switch|p2b: Floette|Floette-Eternal, L50, F|100/100\n|switch|p2a: Basculegion|Basculegion, L50, M|100/100\n|-status|p2a: Basculegion|psn\n|-status|p2b: Floette|psn\n|turn|4\n|\n|t:|1776593611\n|switch|p1a: Whimsicott|Whimsicott, L50, M|100/100\n|detailschange|p2b: Floette|Floette-Mega, L50, F\n|-mega|p2b: Floette|Floette|Floettite\n|-ability|p2b: Floette|Fairy Aura\n|move|p1b: Basculegion|Last Respects|p2a: Basculegion\n|-supereffective|p2a: Basculegion|1\n|-damage|p2a: Basculegion|0 fnt\n|faint|p2a: Basculegion\n|move|p2b: Floette|Dazzling Gleam|p1b: Basculegion|[spread] p1a,p1b\n|-crit|p1b: Basculegion\n|-damage|p1a: Whimsicott|46/100\n|-damage|p1b: Basculegion|26/100\n|\n|-damage|p2b: Floette|88/100 psn|[from] psn\n|-sideend|p1: Evil Yarrack|move: Tailwind\n|upkeep\n|turn|5\n|\n|t:|1776593622\n|move|p1a: Whimsicott|Tailwind|p1a: Whimsicott\n|-sidestart|p1: Evil Yarrack|move: Tailwind\n|move|p1b: Basculegion|Last Respects|p2b: Floette\n|-damage|p2b: Floette|31/100 psn\n|move|p2b: Floette|Dazzling Gleam|p1a: Whimsicott|[spread] p1a,p1b\n|-damage|p1a: Whimsicott|0 fnt\n|-damage|p1b: Basculegion|0 fnt\n|faint|p1a: Whimsicott\n|faint|p1b: Basculegion\n|\n|-damage|p2b: Floette|19/100 psn|[from] psn\n|upkeep\n|\n|t:|1776593627\n|switch|p1b: Glimmora|Glimmora, L50, M|14/100\n|turn|6\n|\n|t:|1776593629\n|move|p1b: Glimmora|Spiky Shield|p1b: Glimmora\n|-singleturn|p1b: Glimmora|move: Protect\n|move|p2b: Floette|Dazzling Gleam|p1b: Glimmora\n|-activate|p1b: Glimmora|move: Protect\n|\n|-damage|p2b: Floette|7/100 psn|[from] psn\n|-sideend|p2: qingyunyunyun|move: Tailwind\n|upkeep\n|turn|7\n|\n|t:|1776593632\n|move|p2b: Floette|Protect|p2b: Floette\n|-singleturn|p2b: Floette|Protect\n|move|p1b: Glimmora|Sludge Bomb|p2b: Floette\n|-activate|p2b: Floette|move: Protect\n|\n|-damage|p2b: Floette|0 fnt|[from] psn\n|faint|p2b: Floette\n|\n|win|Evil Yarrack\n|raw|Evil Yarrack's rating: 1474 &rarr; <strong>1494</strong><br />(+20 for winning)\n|raw|qingyunyunyun's rating: 1467 &rarr; <strong>1447</strong><br />(-20 for losing)\n",
  "uploadtime": 1776593636,
  "views": 29,
  "formatid": "gen9championsvgc2026regma",
  "rating": 1447,
  "private": 0,
  "password": null
}