{
  "id": "gen9championsvgc2026regma-2586663805",
  "format": "[Gen 9 Champions] VGC 2026 Reg M-A",
  "players": [
    "gyat67bayo67",
    "wbredx"
  ],
  "log": "|j|\u2606gyat67bayo67\n|j|\u2606wbredx\n|t:|1776450359\n|gametype|doubles\n|player|p1|gyat67bayo67|bugcatcher-gen4dp|\n|player|p2|wbredx|lance|\n|gen|9\n|tier|[Gen 9 Champions] VGC 2026 Reg M-A\n|rule|Species Clause: Limit one of each Pok\u00e9mon\n|rule|Item Clause: Limit 1 of each item\n|clearpoke\n|poke|p1|Vivillon-Fancy, L50, M|\n|poke|p1|Araquanid, L50, M|\n|poke|p1|Beedrill, L50, M|\n|poke|p1|Kleavor, L50, F|\n|poke|p1|Volcarona, L50, M|\n|poke|p1|Pinsir, L50, F|\n|poke|p2|Ampharos, L50, M|\n|poke|p2|Pelipper, L50, M|\n|poke|p2|Basculegion, L50, M|\n|poke|p2|Dragonite, L50, F|\n|poke|p2|Spiritomb, L50, F|\n|poke|p2|Garchomp, L50, F|\n|teampreview|4\ngyat67bayo67 rejected open team sheets.\n|\n|t:|1776450486\n|teamsize|p1|4\n|teamsize|p2|4\n|start\n|switch|p1a: Araquanid|Araquanid, L50, M|100/100\n|switch|p1b: Vivillon|Vivillon-Fancy, L50, M|100/100\n|switch|p2a: Pelipper|Pelipper, L50, M, shiny|100/100\n|switch|p2b: Garchomp|Garchomp, L50, F, shiny|100/100\n|-weather|RainDance|[from] ability: Drizzle|[of] p2a: Pelipper\n|turn|1\n|\n|t:|1776450538\n|move|p2a: Pelipper|Tailwind|p2a: Pelipper\n|-sidestart|p2: wbredx|move: Tailwind\n|move|p2b: Garchomp|Rock Slide|p1b: Vivillon|[spread] p1a,p1b\n|-supereffective|p1a: Araquanid|1\n|-supereffective|p1b: Vivillon|2\n|-damage|p1a: Araquanid|67/100\n|-enditem|p1b: Vivillon|Focus Sash\n|-damage|p1b: Vivillon|1/100\n|move|p1b: Vivillon|Sleep Powder|p2b: Garchomp\n|-status|p2b: Garchomp|slp|[from] move: Sleep Powder\n|move|p1a: Araquanid|Sticky Web|p2a: Pelipper\n|-sidestart|p2: wbredx|move: Sticky Web\n|\n|-weather|RainDance|[upkeep]\n|-heal|p1a: Araquanid|73/100|[from] item: Leftovers\n|upkeep\n|turn|2\n|\n|t:|1776450568\n|switch|p2a: Basculegion|Basculegion, L50, M, shiny|100/100\n|-activate|p2a: Basculegion|move: Sticky Web\n|-unboost|p2a: Basculegion|spe|1\n|switch|p2b: Dragonite|Dragonite, L50, F|100/100\n|move|p1b: Vivillon|Air Slash|p2a: Basculegion\n|-damage|p2a: Basculegion|63/100\n|move|p1a: Araquanid|Infestation|p2b: Dragonite\n|-resisted|p2b: Dragonite|1\n|-damage|p2b: Dragonite|99/100\n|-activate|p2b: Dragonite|move: Infestation|[of] p1a: Araquanid\n|\n|-weather|RainDance|[upkeep]\n|-heal|p1a: Araquanid|78/100|[from] item: Leftovers\n|-damage|p2b: Dragonite|87/100|[from] move: Infestation|[partiallytrapped]\n|upkeep\n|turn|3\n|\n|t:|1776450775\n|switch|p2a: Pelipper|Pelipper, L50, M, shiny|100/100\n|detailschange|p2b: Dragonite|Dragonite-Mega, L50, F\n|-mega|p2b: Dragonite|Dragonite|Dragoninite\n|move|p1b: Vivillon|Rage Powder|p1b: Vivillon\n|-singleturn|p1b: Vivillon|move: Rage Powder\n|move|p2b: Dragonite|Hurricane|p1b: Vivillon\n|-supereffective|p1b: Vivillon|1\n|-crit|p1b: Vivillon\n|-damage|p1b: Vivillon|0 fnt\n|faint|p1b: Vivillon\n|move|p1a: Araquanid|Aqua Ring|p1a: Araquanid\n|-start|p1a: Araquanid|Aqua Ring\n|\n|-weather|RainDance|[upkeep]\n|-heal|p1a: Araquanid|84/100|[from] item: Leftovers\n|-heal|p1a: Araquanid|89/100|[from] Aqua Ring\n|-damage|p2b: Dragonite|75/100|[from] move: Infestation|[partiallytrapped]\n|upkeep\n|\n|t:|1776450806\n|switch|p1b: Volcarona|Volcarona, L50, M|100/100\n|turn|4\n|\n|t:|1776450847\n|move|p2a: Pelipper|Hurricane|p1a: Araquanid\n|-supereffective|p1a: Araquanid|1\n|-damage|p1a: Araquanid|26/100\n|move|p2b: Dragonite|Hurricane|p1a: Araquanid\n|-supereffective|p1a: Araquanid|1\n|-damage|p1a: Araquanid|0 fnt\n|faint|p1a: Araquanid\n|move|p1b: Volcarona|Quiver Dance|p1b: Volcarona\n|-boost|p1b: Volcarona|spa|1\n|-boost|p1b: Volcarona|spd|1\n|-boost|p1b: Volcarona|spe|1\n|\n|-weather|RainDance|[upkeep]\n|-end|p2b: Dragonite|Infestation|[partiallytrapped]|[silent]\n|-sideend|p2: wbredx|move: Tailwind\n|upkeep\n|\n|t:|1776450853\n|switch|p1a: Beedrill|Beedrill, L50, M, shiny|100/100\n|turn|5\n|\n|t:|1776451092\n|detailschange|p1a: Beedrill|Beedrill-Mega, L50, M, shiny\n|-mega|p1a: Beedrill|Beedrill|Beedrillite\n|move|p1b: Volcarona|Giga Drain|p2a: Pelipper\n|-damage|p2a: Pelipper|48/100\n|move|p1a: Beedrill|Poison Jab|p2a: Pelipper\n|-damage|p2a: Pelipper|0 fnt\n|faint|p2a: Pelipper\n|move|p2b: Dragonite|Hurricane|p1a: Beedrill\n|-supereffective|p1a: Beedrill|1\n|-damage|p1a: Beedrill|0 fnt\n|faint|p1a: Beedrill\n|\n|-weather|none\n|upkeep\n|\n|t:|1776451109\n|switch|p2a: Basculegion|Basculegion, L50, M, shiny|63/100\n|-activate|p2a: Basculegion|move: Sticky Web\n|-unboost|p2a: Basculegion|spe|1\n|turn|6\n|\n|t:|1776451123\n|switch|p2a: Garchomp|Garchomp, L50, F, shiny|100/100 slp\n|-activate|p2a: Garchomp|move: Sticky Web\n|-unboost|p2a: Garchomp|spe|1\n|move|p1b: Volcarona|Giga Drain|p2a: Garchomp\n|-damage|p2a: Garchomp|69/100 slp\n|move|p2b: Dragonite|Rest|p2b: Dragonite\n|-status|p2b: Dragonite|slp|[from] move: Rest\n|-heal|p2b: Dragonite|100/100 slp|[silent]\n|\n|-heal|p2a: Garchomp|75/100 slp|[from] item: Leftovers\n|upkeep\n|turn|7\n|\n|t:|1776451174\n|switch|p2a: Basculegion|Basculegion, L50, M, shiny|63/100\n|-activate|p2a: Basculegion|move: Sticky Web\n|-unboost|p2a: Basculegion|spe|1\n|move|p1b: Volcarona|Quiver Dance|p1b: Volcarona\n|-boost|p1b: Volcarona|spa|1\n|-boost|p1b: Volcarona|spd|1\n|-boost|p1b: Volcarona|spe|1\n|cant|p2b: Dragonite|slp\n|move|p2b: Dragonite|Sleep Talk|p2b: Dragonite\n|move|p2b: Dragonite|Thunder|p1b: Volcarona|[from] move: Sleep Talk\n|-damage|p1b: Volcarona|76/100\n|\n|upkeep\n|turn|8\n|\n|t:|1776451214\n|switch|p2a: Garchomp|Garchomp, L50, F, shiny|75/100 slp\n|-activate|p2a: Garchomp|move: Sticky Web\n|-unboost|p2a: Garchomp|spe|1\n|move|p1b: Volcarona|Giga Drain|p2a: Garchomp\n|-damage|p2a: Garchomp|29/100 slp\n|-heal|p1b: Volcarona|100/100|[from] drain|[of] p2a: Garchomp\n|cant|p2b: Dragonite|slp\n|move|p2b: Dragonite|Sleep Talk|p2b: Dragonite\n|move|p2b: Dragonite|Thunder|p1b: Volcarona|[from] move: Sleep Talk|[miss]\n|-miss|p2b: Dragonite|p1b: Volcarona\n|\n|-heal|p2a: Garchomp|35/100 slp|[from] item: Leftovers\n|upkeep\n|turn|9\n|\n|t:|1776451231\n|move|p1b: Volcarona|Giga Drain|p2a: Garchomp\n|-damage|p2a: Garchomp|0 fnt\n|faint|p2a: Garchomp\n|-curestatus|p2b: Dragonite|slp|[msg]\n|move|p2b: Dragonite|Sleep Talk||[still]\n|-fail|p2b: Dragonite\n|\n|upkeep\n|\n|t:|1776451270\n|switch|p2a: Basculegion|Basculegion, L50, M, shiny|63/100\n|-activate|p2a: Basculegion|move: Sticky Web\n|-unboost|p2a: Basculegion|spe|1\n|turn|10\n|\n|t:|1776451412\n|move|p2a: Basculegion|Protect|p2a: Basculegion\n|-singleturn|p2a: Basculegion|Protect\n|move|p1b: Volcarona|Giga Drain|p2a: Basculegion\n|-activate|p2a: Basculegion|move: Protect\n|move|p2b: Dragonite|Rest|p2b: Dragonite\n|-fail|p2b: Dragonite|heal\n|\n|upkeep\n|turn|11\n|\n|t:|1776451452\n|move|p1b: Volcarona|Quiver Dance|p1b: Volcarona\n|-boost|p1b: Volcarona|spa|1\n|-boost|p1b: Volcarona|spd|1\n|-boost|p1b: Volcarona|spe|1\n|move|p2b: Dragonite|Rest|p2b: Dragonite\n|-fail|p2b: Dragonite|heal\n|move|p2a: Basculegion|Hex|p1b: Volcarona\n|-damage|p1b: Volcarona|89/100\n|\n|upkeep\n|turn|12\n|\n|t:|1776451531\n|move|p1b: Volcarona|Giga Drain|p2a: Basculegion\n|-supereffective|p2a: Basculegion|1\n|-damage|p2a: Basculegion|0 fnt\n|-heal|p1b: Volcarona|100/100|[from] drain|[of] p2a: Basculegion\n|faint|p2a: Basculegion\n|move|p2b: Dragonite|Rest|p2b: Dragonite\n|-fail|p2b: Dragonite|heal\n|\n|upkeep\n|turn|13\n|\n|t:|1776451567\n|move|p1b: Volcarona|Fiery Dance|p2b: Dragonite\n|-resisted|p2b: Dragonite|1\n|-damage|p2b: Dragonite|77/100\n|-boost|p1b: Volcarona|spa|1\n|move|p2b: Dragonite|Hurricane|p1b: Volcarona\n|-supereffective|p1b: Volcarona|1\n|-damage|p1b: Volcarona|47/100\n|-start|p1b: Volcarona|confusion\n|\n|upkeep\n|turn|14\n|\n|t:|1776451607\n|-activate|p1b: Volcarona|confusion\n|move|p1b: Volcarona|Bug Buzz|p2b: Dragonite\n|-resisted|p2b: Dragonite|1\n|-damage|p2b: Dragonite|22/100\n|move|p2b: Dragonite|Hurricane|p1b: Volcarona|[miss]\n|-miss|p2b: Dragonite|p1b: Volcarona\n|\n|upkeep\n|turn|15\n|\n|t:|1776451616\n|-end|p1b: Volcarona|confusion\n|move|p1b: Volcarona|Bug Buzz|p2b: Dragonite\n|-resisted|p2b: Dragonite|1\n|-crit|p2b: Dragonite\n|-damage|p2b: Dragonite|0 fnt\n|faint|p2b: Dragonite\n|\n|win|gyat67bayo67\n",
  "uploadtime": 1776451623,
  "views": 26,
  "formatid": "gen9championsvgc2026regma",
  "rating": null,
  "private": 0,
  "password": null
}