{
  "id": "gen9championsvgc2026regma-2584227904",
  "format": "[Gen 9 Champions] VGC 2026 Reg M-A",
  "players": [
    "aquileselpoderoso",
    "Mischievouz"
  ],
  "log": "|j|\u2606aquileselpoderoso\n|j|\u2606Mischievouz\n|t:|1776240665\n|gametype|doubles\n|player|p1|aquileselpoderoso|1|1075\n|player|p2|Mischievouz|101|1042\n|gen|9\n|tier|[Gen 9 Champions] VGC 2026 Reg M-A\n|rated|\n|rule|Species Clause: Limit one of each Pok\u00e9mon\n|rule|Item Clause: Limit 1 of each item\n|clearpoke\n|poke|p1|Corviknight, L50, M|\n|poke|p1|Volcarona, L50, F|\n|poke|p1|Azumarill, L50, M|\n|poke|p1|Dragonite, L50, M|\n|poke|p1|Gardevoir, L50, M|\n|poke|p1|Kommo-o, L50, F|\n|poke|p2|Maushold, L50|\n|poke|p2|Garchomp, L50, M|\n|poke|p2|Talonflame, L50, M|\n|poke|p2|Rotom-Wash, L50|\n|poke|p2|Aegislash, L50, M|\n|poke|p2|Floette-Eternal, L50, F|\n|teampreview|4\n|inactive|Battle timer is ON: inactive players will automatically lose when time's up. (requested by Mischievouz)\n|\n|t:|1776240689\n|teamsize|p1|4\n|teamsize|p2|4\n|start\n|switch|p1a: Dragonite|Dragonite, L50, M|100/100\n|switch|p1b: Kommo-o|Kommo-o, L50, F|100/100\n|switch|p2a: Floette|Floette-Eternal, L50, F|100/100\n|switch|p2b: Maushold|Maushold, L50|100/100\n|turn|1\n|inactive|aquileselpoderoso has 30 seconds left.\n|inactive|Mischievouz has 30 seconds left.\n|inactive|aquileselpoderoso has 20 seconds left.\n|\n|t:|1776240729\n|switch|p1a: Volcarona|Volcarona, L50, F|100/100\n|detailschange|p2a: Floette|Floette-Mega, L50, F\n|-mega|p2a: Floette|Floette|Floettite\n|-ability|p2a: Floette|Fairy Aura\n|move|p2b: Maushold|Follow Me|p2b: Maushold\n|-singleturn|p2b: Maushold|move: Follow Me\n|move|p1b: Kommo-o|Flash Cannon|p2b: Maushold\n|-damage|p2b: Maushold|70/100\n|move|p2a: Floette|Calm Mind|p2a: Floette\n|-boost|p2a: Floette|spa|1\n|-boost|p2a: Floette|spd|1\n|\n|upkeep\n|turn|2\n|\n|t:|1776240749\n|move|p2b: Maushold|Follow Me|p2b: Maushold\n|-singleturn|p2b: Maushold|move: Follow Me\n|move|p1b: Kommo-o|Flash Cannon|p2b: Maushold\n|-damage|p2b: Maushold|39/100\n|move|p2a: Floette|Dazzling Gleam|p1b: Kommo-o|[spread] p1a,p1b\n|-resisted|p1a: Volcarona|1\n|-supereffective|p1b: Kommo-o|2\n|-damage|p1a: Volcarona|74/100\n|-damage|p1b: Kommo-o|0 fnt\n|faint|p1b: Kommo-o\n|move|p1a: Volcarona|Tailwind|p1a: Volcarona\n|-sidestart|p1: aquileselpoderoso|move: Tailwind\n|\n|upkeep\n|\n|t:|1776240765\n|switch|p1b: Azumarill|Azumarill, L50, M|100/100\n|turn|3\n|\n|t:|1776240781\n|move|p2b: Maushold|Protect|p2b: Maushold\n|-singleturn|p2b: Maushold|Protect\n|move|p2a: Floette|Protect|p2a: Floette\n|-singleturn|p2a: Floette|Protect\n|move|p1a: Volcarona|Bug Buzz|p2b: Maushold\n|-activate|p2b: Maushold|move: Protect\n|move|p1b: Azumarill|Belly Drum|p1b: Azumarill\n|-damage|p1b: Azumarill|50/100\n|-setboost|p1b: Azumarill|atk|6|[from] move: Belly Drum\n|\n|upkeep\n|turn|4\n|inactive|aquileselpoderoso has 30 seconds left.\n|inactive|Mischievouz has 30 seconds left.\n|\n|t:|1776240810\n|move|p2b: Maushold|Follow Me|p2b: Maushold\n|-singleturn|p2b: Maushold|move: Follow Me\n|move|p1b: Azumarill|Aqua Jet|p2b: Maushold\n|-damage|p2b: Maushold|0 fnt\n|faint|p2b: Maushold\n|move|p1a: Volcarona|Fiery Dance|p2a: Floette\n|-damage|p2a: Floette|82/100\n|move|p2a: Floette|Dazzling Gleam|p1a: Volcarona|[spread] p1a,p1b\n|-resisted|p1a: Volcarona|1\n|-damage|p1a: Volcarona|47/100\n|-damage|p1b: Azumarill|0 fnt\n|-enditem|p1a: Volcarona|Sitrus Berry|[eat]\n|-heal|p1a: Volcarona|72/100|[from] item: Sitrus Berry\n|faint|p1b: Azumarill\n|\n|upkeep\n|\n|t:|1776240832\n|switch|p2b: Talonflame|Talonflame, L50, M|100/100\n|switch|p1b: Dragonite|Dragonite, L50, M|100/100\n|turn|5\n|\n|t:|1776240854\n|move|p1b: Dragonite|Extreme Speed|p2a: Floette\n|-damage|p2a: Floette|38/100\n|move|p2b: Talonflame|Tailwind|p2b: Talonflame\n|-sidestart|p2: Mischievouz|move: Tailwind\n|move|p2a: Floette|Calm Mind|p2a: Floette\n|-boost|p2a: Floette|spa|1\n|-boost|p2a: Floette|spd|1\n|move|p1a: Volcarona|Fiery Dance|p2a: Floette\n|-damage|p2a: Floette|24/100\n|-boost|p1a: Volcarona|spa|1\n|\n|-sideend|p1: aquileselpoderoso|move: Tailwind\n|upkeep\n|turn|6\n|inactive|aquileselpoderoso has 30 seconds left.\n|\n|t:|1776240880\n|move|p1b: Dragonite|Extreme Speed|p2a: Floette\n|-damage|p2a: Floette|0 fnt\n|faint|p2a: Floette\n|move|p2b: Talonflame|Acrobatics|p1a: Volcarona\n|-supereffective|p1a: Volcarona|1\n|-damage|p1a: Volcarona|0 fnt\n|faint|p1a: Volcarona\n|\n|upkeep\n|\n|t:|1776240885\n|switch|p2a: Garchomp|Garchomp, L50, M|100/100\n|turn|7\n|\n|t:|1776240895\n|move|p2b: Talonflame|Acrobatics|p1b: Dragonite\n|-damage|p1b: Dragonite|54/100\n|move|p2a: Garchomp|Stone Edge|p1b: Dragonite|[miss]\n|-miss|p2a: Garchomp|p1b: Dragonite\n|move|p1b: Dragonite|Outrage|p2a: Garchomp\n|-supereffective|p2a: Garchomp|1\n|-damage|p2a: Garchomp|0 fnt\n|-damage|p1b: Dragonite|42/100|[from] ability: Rough Skin|[of] p2a: Garchomp\n|faint|p2a: Garchomp\n|\n|upkeep\n|turn|8\n|\n|t:|1776240908\n|move|p2b: Talonflame|Acrobatics|p1b: Dragonite\n|-damage|p1b: Dragonite|0 fnt\n|faint|p1b: Dragonite\n|\n|win|Mischievouz\n|raw|aquileselpoderoso's rating: 1075 &rarr; <strong>1052</strong><br />(-23 for losing)\n|raw|Mischievouz's rating: 1042 &rarr; <strong>1079</strong><br />(+37 for winning)\n|l|\u2606aquileselpoderoso\n|player|p1|\n",
  "uploadtime": 1776240912,
  "views": 25,
  "formatid": "gen9championsvgc2026regma",
  "rating": 1052,
  "private": 0,
  "password": null
}