{
  "id": "gen9championsvgc2026regma-2588135025",
  "format": "[Gen 9 Champions] VGC 2026 Reg M-A",
  "players": [
    "slothgameplay",
    "232WEWE"
  ],
  "log": "|j|\u2606slothgameplay\n|j|\u2606232WEWE\n|t:|1776607915\n|gametype|doubles\n|player|p1|slothgameplay|169|1094\n|player|p2|232WEWE|266|1158\n|gen|9\n|tier|[Gen 9 Champions] VGC 2026 Reg M-A\n|rated|\n|rule|Species Clause: Limit one of each Pok\u00e9mon\n|rule|Item Clause: Limit 1 of each item\n|clearpoke\n|poke|p1|Gengar, L50, M, shiny|\n|poke|p1|Incineroar, L50, F|\n|poke|p1|Sinistcha-Masterpiece, L50|\n|poke|p1|Aegislash, L50, M|\n|poke|p1|Tyranitar, L50, F|\n|poke|p1|Kommo-o, L50, F|\n|poke|p2|Aggron, L50, M|\n|poke|p2|Tyranitar, L50, M|\n|poke|p2|Sinistcha, L50|\n|poke|p2|Farigiraf, L50, F|\n|poke|p2|Sneasler, L50, F|\n|poke|p2|Milotic, L50, M|\n|teampreview|4\n|\n|t:|1776607953\n|teamsize|p1|4\n|teamsize|p2|4\n|start\n|switch|p1a: Incineroar|Incineroar, L50, F|100/100\n|switch|p1b: Kommo-o|Kommo-o, L50, F|100/100\n|switch|p2a: Aggron|Aggron, L50, M|100/100\n|switch|p2b: Farigiraf|Farigiraf, L50, F|100/100\n|-ability|p1a: Incineroar|Intimidate|boost\n|-unboost|p2a: Aggron|atk|1\n|-unboost|p2b: Farigiraf|atk|1\n|turn|1\n|\n|t:|1776607997\n|move|p1b: Kommo-o|Clangorous Soul|p1b: Kommo-o\n|-boost|p1b: Kommo-o|atk|1\n|-boost|p1b: Kommo-o|def|1\n|-boost|p1b: Kommo-o|spa|1\n|-boost|p1b: Kommo-o|spd|1\n|-boost|p1b: Kommo-o|spe|1\n|-damage|p1b: Kommo-o|68/100\n|move|p1a: Incineroar|Throat Chop|p2b: Farigiraf\n|-supereffective|p2b: Farigiraf|1\n|-damage|p2b: Farigiraf|49/100\n|-start|p2b: Farigiraf|Throat Chop|[silent]\n|-enditem|p2b: Farigiraf|Sitrus Berry|[eat]\n|-heal|p2b: Farigiraf|74/100|[from] item: Sitrus Berry\n|move|p2a: Aggron|Iron Defense|p2a: Aggron\n|-boost|p2a: Aggron|def|2\n|move|p2b: Farigiraf|Trick Room|p2b: Farigiraf\n|-fieldstart|move: Trick Room|[of] p2b: Farigiraf\n|\n|-heal|p1b: Kommo-o|74/100|[from] item: Leftovers\n|upkeep\n|turn|2\n|\n|t:|1776608033\n|switch|p1a: Sinistcha|Sinistcha-Masterpiece, L50|100/100\n|-heal|p1b: Kommo-o|99/100|[from] ability: Hospitality|[of] p1a: Sinistcha\n|detailschange|p2a: Aggron|Aggron-Mega, L50, M\n|-mega|p2a: Aggron|Aggron|Aggronite\n|move|p1b: Kommo-o|Protect|p1b: Kommo-o\n|-singleturn|p1b: Kommo-o|Protect\n|move|p2a: Aggron|Iron Defense|p2a: Aggron\n|-boost|p2a: Aggron|def|2\n|move|p2b: Farigiraf|Psychic|p1b: Kommo-o\n|-activate|p1b: Kommo-o|move: Protect\n|\n|-heal|p1b: Kommo-o|100/100|[from] item: Leftovers\n|-end|p2b: Farigiraf|Throat Chop|[silent]\n|upkeep\n|turn|3\n|\n|t:|1776608066\n|move|p1a: Sinistcha|Rage Powder|p1a: Sinistcha\n|-singleturn|p1a: Sinistcha|move: Rage Powder\n|move|p2a: Aggron|Iron Defense|p2a: Aggron\n|-boost|p2a: Aggron|def|2\n|move|p1b: Kommo-o|Aura Sphere|p2a: Aggron\n|-supereffective|p2a: Aggron|1\n|-damage|p2a: Aggron|32/100\n|move|p2b: Farigiraf|Roar|p1a: Sinistcha\n|drag|p1a: Jigokudo|Gengar, L50, M, shiny|100/100\n|\n|upkeep\n|turn|4\n|\n|t:|1776608088\n|detailschange|p1a: Jigokudo|Gengar-Mega, L50, M, shiny\n|-mega|p1a: Jigokudo|Gengar|Gengarite\n|move|p2a: Aggron|Protect|p2a: Aggron\n|-singleturn|p2a: Aggron|Protect\n|move|p1a: Jigokudo|Protect|p1a: Jigokudo\n|-singleturn|p1a: Jigokudo|Protect\n|move|p1b: Kommo-o|Protect|p1b: Kommo-o\n|-singleturn|p1b: Kommo-o|Protect\n|move|p2b: Farigiraf|Roar|p1b: Kommo-o\n|-immune|p1b: Kommo-o|[from] ability: Soundproof\n|\n|upkeep\n|turn|5\n|\n|t:|1776608133\n|move|p1a: Jigokudo|Protect||[still]\n|-fail|p1a: Jigokudo\n|move|p2a: Aggron|Body Press|p1b: Kommo-o\n|-damage|p1b: Kommo-o|7/100\n|move|p1b: Kommo-o|Aura Sphere|p2a: Aggron\n|-supereffective|p2a: Aggron|1\n|-damage|p2a: Aggron|0 fnt\n|faint|p2a: Aggron\n|move|p2b: Farigiraf|Roar|p1a: Jigokudo\n|drag|p1a: Sinistcha|Sinistcha-Masterpiece, L50|100/100\n|-heal|p1b: Kommo-o|32/100|[from] ability: Hospitality|[of] p1a: Sinistcha\n|\n|-heal|p1b: Kommo-o|38/100|[from] item: Leftovers\n|-fieldend|move: Trick Room\n|upkeep\n|-message|232WEWE forfeited.\n|\n|win|slothgameplay\n|raw|slothgameplay's rating: 1094 &rarr; <strong>1125</strong><br />(+31 for winning)\n|raw|232WEWE's rating: 1158 &rarr; <strong>1128</strong><br />(-30 for losing)\n",
  "uploadtime": 1776608147,
  "views": 8,
  "formatid": "gen9championsvgc2026regma",
  "rating": 1125,
  "private": 0,
  "password": null
}