{
  "id": "gen9championsvgc2026regma-2582605879",
  "format": "[Gen 9 Champions] VGC 2026 Reg M-A",
  "players": [
    "kelnesdiz",
    "Tamejo"
  ],
  "log": "|j|\u2606kelnesdiz\n|j|\u2606Tamejo\n|t:|1776102209\n|gametype|doubles\n|player|p1|kelnesdiz|265|1230\n|player|p2|Tamejo|caitlin|1306\n|gen|9\n|tier|[Gen 9 Champions] VGC 2026 Reg M-A\n|rated|\n|rule|Species Clause: Limit one of each Pok\u00e9mon\n|rule|Item Clause: Limit 1 of each item\n|clearpoke\n|poke|p1|Typhlosion-Hisui, L50, M|\n|poke|p1|Whimsicott, L50, M|\n|poke|p1|Charizard, L50, M|\n|poke|p1|Rotom-Wash, L50|\n|poke|p1|Incineroar, L50, F|\n|poke|p1|Garchomp, L50, M|\n|poke|p2|Dragapult, L50, F|\n|poke|p2|Farigiraf, L50, M|\n|poke|p2|Sylveon, L50, F|\n|poke|p2|Whimsicott, L50, M|\n|poke|p2|Glimmora, L50, F|\n|poke|p2|Crabominable, L50, F|\n|teampreview|4\nkelnesdiz rejected open team sheets.\n|\n|t:|1776102266\n|teamsize|p1|4\n|teamsize|p2|4\n|start\n|switch|p1a: Garchomp|Garchomp, L50, M|100/100\n|switch|p1b: Rotom|Rotom-Wash, L50|100/100\n|switch|p2a: Whimsicott|Whimsicott, L50, M|100/100\n|switch|p2b: Dragapult|Dragapult, L50, F|100/100\n|turn|1\n|inactive|Battle timer is ON: inactive players will automatically lose when time's up. (requested by kelnesdiz)\n|inactive|kelnesdiz has 60 seconds left.\n|\n|t:|1776102314\n|move|p1a: Garchomp|Dragon Claw|p2b: Dragapult\n|-supereffective|p2b: Dragapult|1\n|-damage|p2b: Dragapult|0 fnt\n|faint|p2b: Dragapult\n|move|p2a: Whimsicott|Moonblast|p1a: Garchomp\n|-supereffective|p1a: Garchomp|1\n|-damage|p1a: Garchomp|42/100\n|move|p1b: Rotom|Volt Switch|p2a: Whimsicott\n|-resisted|p2a: Whimsicott|1\n|-damage|p2a: Whimsicott|84/100\n|\n|t:|1776102324\n|switch|p1b: Charizard|Charizard, L50, M|100/100|[from] Volt Switch\n|\n|upkeep\n|\n|t:|1776102330\n|switch|p2b: Sylveon|Sylveon, L50, F|100/100\n|turn|2\n|\n|t:|1776102342\n|switch|p1a: Rotom|Rotom-Wash, L50|100/100\n|detailschange|p1b: Charizard|Charizard-Mega-Y, L50, M\n|-mega|p1b: Charizard|Charizard|Charizardite Y\n|-weather|SunnyDay|[from] ability: Drought|[of] p1b: Charizard\n|move|p2a: Whimsicott|Tailwind|p2a: Whimsicott\n|-sidestart|p2: Tamejo|move: Tailwind\n|move|p2b: Sylveon|Mystical Fire|p1b: Charizard\n|-resisted|p1b: Charizard|1\n|-damage|p1b: Charizard|84/100\n|-unboost|p1b: Charizard|spa|1\n|move|p1b: Charizard|Heat Wave|p2a: Whimsicott|[spread] p2a,p2b\n|-supereffective|p2a: Whimsicott|1\n|-damage|p2a: Whimsicott|0 fnt\n|-damage|p2b: Sylveon|64/100\n|-status|p2b: Sylveon|brn\n|faint|p2a: Whimsicott\n|\n|-weather|SunnyDay|[upkeep]\n|-heal|p2b: Sylveon|70/100 brn|[from] item: Leftovers\n|-damage|p2b: Sylveon|64/100 brn|[from] brn\n|upkeep\n|\n|t:|1776102354\n|switch|p2a: Glimmora|Glimmora, L50, F|100/100\n|turn|3\n|\n|t:|1776102367\n|detailschange|p2a: Glimmora|Glimmora-Mega, L50, F\n|-mega|p2a: Glimmora|Glimmora|Glimmoranite\n|move|p1b: Charizard|Protect|p1b: Charizard\n|-singleturn|p1b: Charizard|Protect\n|move|p2a: Glimmora|Sludge Bomb|p1a: Rotom\n|-damage|p1a: Rotom|27/100\n|-enditem|p1a: Rotom|Sitrus Berry|[eat]\n|-heal|p1a: Rotom|51/100|[from] item: Sitrus Berry\n|move|p2b: Sylveon|Calm Mind|p2b: Sylveon\n|-boost|p2b: Sylveon|spa|1\n|-boost|p2b: Sylveon|spd|1\n|move|p1a: Rotom|Hydro Pump|p2a: Glimmora\n|-supereffective|p2a: Glimmora|1\n|-crit|p2a: Glimmora\n|-damage|p2a: Glimmora|38/100\n|\n|-weather|SunnyDay|[upkeep]\n|-heal|p2b: Sylveon|70/100 brn|[from] item: Leftovers\n|-damage|p2b: Sylveon|64/100 brn|[from] brn\n|upkeep\n|turn|4\n|inactive|kelnesdiz has 30 seconds left.\n|inactive|Tamejo has 30 seconds left.\n|inactive|kelnesdiz has 20 seconds left.\n|inactive|Tamejo has 20 seconds left.\n|inactive|Tamejo has 15 seconds left.\n|inactive|Tamejo has 10 seconds left.\n|\n|t:|1776102412\n|switch|p1b: Typhlosion|Typhlosion-Hisui, L50, M|100/100\n|-item|p2a: Glimmora|Glimmoranite|[from] ability: Frisk|[of] p1b: Typhlosion\n|-item|p2b: Sylveon|Leftovers|[from] ability: Frisk|[of] p1b: Typhlosion\n|move|p2a: Glimmora|Power Gem|p1b: Typhlosion\n|-supereffective|p1b: Typhlosion|1\n|-damage|p1b: Typhlosion|0 fnt\n|faint|p1b: Typhlosion\n|move|p2b: Sylveon|Hyper Voice|p1a: Rotom\n|-damage|p1a: Rotom|0 fnt\n|faint|p1a: Rotom\n|\n|-weather|SunnyDay|[upkeep]\n|-heal|p2b: Sylveon|70/100 brn|[from] item: Leftovers\n|-damage|p2b: Sylveon|64/100 brn|[from] brn\n|upkeep\n|\n|t:|1776102428\n|switch|p1b: Charizard|Charizard-Mega-Y, L50, M|84/100\n|switch|p1a: Garchomp|Garchomp, L50, M|42/100\n|turn|5\n|\n|t:|1776102441\n|move|p2a: Glimmora|Spiky Shield|p2a: Glimmora\n|-singleturn|p2a: Glimmora|move: Protect\n|move|p1b: Charizard|Protect|p1b: Charizard\n|-singleturn|p1b: Charizard|Protect\n|move|p1a: Garchomp|Iron Head|p2a: Glimmora\n|-activate|p2a: Glimmora|move: Protect\n|-damage|p1a: Garchomp|30/100|[from] Spiky Shield|[of] p2a: Glimmora\n|move|p2b: Sylveon|Hyper Voice|p1b: Charizard|[spread] p1a\n|-activate|p1b: Charizard|move: Protect\n|-supereffective|p1a: Garchomp|1\n|-damage|p1a: Garchomp|0 fnt\n|faint|p1a: Garchomp\n|\n|-weather|SunnyDay|[upkeep]\n|-heal|p2b: Sylveon|70/100 brn|[from] item: Leftovers\n|-damage|p2b: Sylveon|64/100 brn|[from] brn\n|-sideend|p2: Tamejo|move: Tailwind\n|upkeep\n|turn|6\n|\n|t:|1776102459\n|move|p2a: Glimmora|Power Gem|p1b: Charizard\n|-supereffective|p1b: Charizard|2\n|-damage|p1b: Charizard|0 fnt\n|faint|p1b: Charizard\n|\n|win|Tamejo\n|raw|kelnesdiz's rating: 1230 &rarr; <strong>1210</strong><br />(-20 for losing)\n|raw|Tamejo's rating: 1306 &rarr; <strong>1322</strong><br />(+16 for winning)\n",
  "uploadtime": 1776102467,
  "views": 18,
  "formatid": "gen9championsvgc2026regma",
  "rating": 1210,
  "private": 0,
  "password": null
}