{
  "id": "gen9championsvgc2026regma-2583108152",
  "format": "[Gen 9 Champions] VGC 2026 Reg M-A",
  "players": [
    "Spark the Pikagoss",
    "Mastah VGC"
  ],
  "log": "|j|\u2606Spark the Pikagoss\n|j|\u2606Mastah VGC\n|t:|1776142924\n|gametype|doubles\n|player|p1|Spark the Pikagoss|gentleman|1154\n|player|p2|Mastah VGC|102|1105\n|gen|9\n|tier|[Gen 9 Champions] VGC 2026 Reg M-A\n|rated|\n|rule|Species Clause: Limit one of each Pok\u00e9mon\n|rule|Item Clause: Limit 1 of each item\n|clearpoke\n|poke|p1|Politoed, L50, F|\n|poke|p1|Gengar, L50, M|\n|poke|p1|Incineroar, L50, F|\n|poke|p1|Maushold, L50|\n|poke|p1|Basculegion, L50, M|\n|poke|p1|Archaludon, L50, M|\n|poke|p2|Hatterene, L50, F|\n|poke|p2|Golurk, L50|\n|poke|p2|Oranguru, L50, F|\n|poke|p2|Clefable, L50, M|\n|poke|p2|Hydreigon, L50, M|\n|poke|p2|Torkoal, L50, M|\n|teampreview|4\n|inactive|Battle timer is ON: inactive players will automatically lose when time's up. (requested by Mastah VGC)\n|inactive|Spark the Pikagoss has 60 seconds left.\n|\n|t:|1776142979\n|teamsize|p1|4\n|teamsize|p2|4\n|start\n|switch|p1a: Politoed|Politoed, L50, F|100/100\n|switch|p1b: Incineroar|Incineroar, L50, F|100/100\n|switch|p2a: Clefable|Clefable, L50, M|100/100\n|switch|p2b: Golurk|Golurk, L50|100/100\n|-weather|RainDance|[from] ability: Drizzle|[of] p1a: Politoed\n|-ability|p1b: Incineroar|Intimidate|boost\n|-unboost|p2a: Clefable|atk|1\n|-unboost|p2b: Golurk|atk|1\n|turn|1\n|\n|t:|1776143000\n|detailschange|p2b: Golurk|Golurk-Mega, L50\n|-mega|p2b: Golurk|Golurk|Golurkite\n|move|p1b: Incineroar|Fake Out|p2a: Clefable\n|-damage|p2a: Clefable|89/100\n|cant|p2a: Clefable|flinch\n|move|p1a: Politoed|Perish Song|p1a: Politoed\n|-start|p1a: Politoed|perish3|[silent]\n|-start|p1b: Incineroar|perish3|[silent]\n|-start|p2a: Clefable|perish3|[silent]\n|-start|p2b: Golurk|perish3|[silent]\n|-fieldactivate|move: Perish Song\n|move|p2b: Golurk|Headlong Rush|p1b: Incineroar\n|-supereffective|p1b: Incineroar|1\n|-damage|p1b: Incineroar|0 fnt\n|-unboost|p2b: Golurk|def|1\n|-unboost|p2b: Golurk|spd|1\n|faint|p1b: Incineroar\n|\n|-weather|RainDance|[upkeep]\n|-start|p1a: Politoed|perish3\n|-start|p2a: Clefable|perish3\n|-start|p2b: Golurk|perish3\n|upkeep\n|\n|t:|1776143015\n|switch|p1b: Gengar|Gengar, L50, M|100/100\n|turn|2\n|\n|t:|1776143026\n|detailschange|p1b: Gengar|Gengar-Mega, L50, M\n|-mega|p1b: Gengar|Gengar|Gengarite\n|move|p2a: Clefable|Follow Me|p2a: Clefable\n|-singleturn|p2a: Clefable|move: Follow Me\n|move|p1b: Gengar|Sludge Bomb|p2a: Clefable\n|-supereffective|p2a: Clefable|1\n|-damage|p2a: Clefable|0 fnt\n|faint|p2a: Clefable\n|move|p1a: Politoed|Weather Ball|p2b: Golurk\n|-supereffective|p2b: Golurk|1\n|-damage|p2b: Golurk|0 fnt\n|faint|p2b: Golurk\n|\n|-weather|RainDance|[upkeep]\n|-start|p1a: Politoed|perish2\n|upkeep\n|\n|t:|1776143036\n|switch|p2a: Hatterene|Hatterene, L50, F|100/100\n|switch|p2b: Torkoal|Torkoal, L50, M|100/100\n|-weather|SunnyDay|[from] ability: Drought|[of] p2b: Torkoal\n|turn|3\n|inactive|Spark the Pikagoss has 30 seconds left.\n|\n|t:|1776143063\n|move|p1b: Gengar|Shadow Ball|p2b: Torkoal\n|-damage|p2b: Torkoal|34/100\n|move|p1a: Politoed|Perish Song|p1a: Politoed\n|-start|p1b: Gengar|perish3|[silent]\n|-start|p2a: Hatterene|perish3|[silent]\n|-start|p2b: Torkoal|perish3|[silent]\n|-fieldactivate|move: Perish Song\n|move|p2b: Torkoal|Eruption|p1a: Politoed|[spread] p1a,p1b\n|-resisted|p1a: Politoed|1\n|-damage|p1a: Politoed|90/100\n|-damage|p1b: Gengar|62/100\n|move|p2a: Hatterene|Trick Room|p2a: Hatterene\n|-fieldstart|move: Trick Room|[of] p2a: Hatterene\n|\n|-weather|SunnyDay|[upkeep]\n|-heal|p1a: Politoed|96/100|[from] item: Leftovers\n|-start|p2b: Torkoal|perish3\n|-start|p2a: Hatterene|perish3\n|-start|p1a: Politoed|perish1\n|-start|p1b: Gengar|perish3\n|upkeep\n|turn|4\n|\n|t:|1776143083\n|switch|p1a: Maushold|Maushold, L50|100/100\n|move|p1b: Gengar|Protect|p1b: Gengar\n|-singleturn|p1b: Gengar|Protect\n|move|p2b: Torkoal|Heat Wave|p1a: Maushold|[spread] p1a\n|-activate|p1b: Gengar|move: Protect\n|-damage|p1a: Maushold|30/100\n|move|p2a: Hatterene|Dazzling Gleam|p1a: Maushold|[spread] p1a\n|-activate|p1b: Gengar|move: Protect\n|-damage|p1a: Maushold|0 fnt\n|faint|p1a: Maushold\n|\n|-weather|SunnyDay|[upkeep]\n|-start|p2b: Torkoal|perish2\n|-start|p2a: Hatterene|perish2\n|-start|p1b: Gengar|perish2\n|upkeep\n|\n|t:|1776143095\n|switch|p1a: Politoed|Politoed, L50, F|96/100\n|-weather|RainDance|[from] ability: Drizzle|[of] p1a: Politoed\n|turn|5\n|\n|t:|1776143108\n|move|p2b: Torkoal|Heat Wave|p1b: Gengar|[spread] p1a,p1b\n|-resisted|p1a: Politoed|1\n|-damage|p1a: Politoed|91/100\n|-damage|p1b: Gengar|39/100\n|move|p2a: Hatterene|Dazzling Gleam|p1a: Politoed|[spread] p1a,p1b\n|-resisted|p1b: Gengar|1\n|-damage|p1a: Politoed|63/100\n|-damage|p1b: Gengar|10/100\n|move|p1a: Politoed|Weather Ball|p2b: Torkoal\n|-supereffective|p2b: Torkoal|1\n|-damage|p2b: Torkoal|0 fnt\n|faint|p2b: Torkoal\n|move|p1b: Gengar|Shadow Ball|p2a: Hatterene\n|-supereffective|p2a: Hatterene|1\n|-damage|p2a: Hatterene|0 fnt\n|faint|p2a: Hatterene\n|\n|win|Spark the Pikagoss\n|raw|Spark the Pikagoss's rating: 1154 &rarr; <strong>1175</strong><br />(+21 for winning)\n|raw|Mastah VGC's rating: 1105 &rarr; <strong>1084</strong><br />(-21 for losing)\n",
  "uploadtime": 1776143122,
  "views": 12,
  "formatid": "gen9championsvgc2026regma",
  "rating": 1084,
  "private": 0,
  "password": null
}