{
  "id": "gen9championsvgc2026regma-2581516601",
  "format": "[Gen 9 Champions] VGC 2026 Reg M-A",
  "players": [
    "PokemonHydratheMan",
    "thealex610"
  ],
  "log": "|j|\u2606PokemonHydratheMan\n|j|\u2606thealex610\n|t:|1776007478\n|gametype|doubles\n|player|p1|PokemonHydratheMan|backersf|1109\n|player|p2|thealex610|170|1140\n|gen|9\n|tier|[Gen 9 Champions] VGC 2026 Reg M-A\n|rated|\n|rule|Species Clause: Limit one of each Pok\u00e9mon\n|rule|Item Clause: Limit 1 of each item\n|clearpoke\n|poke|p1|Chandelure, L50, F|\n|poke|p1|Basculegion, L50, M|\n|poke|p1|Kingambit, L50, M|\n|poke|p1|Aerodactyl, L50, F|\n|poke|p1|Conkeldurr, L50, F|\n|poke|p1|Clefable, L50, F|\n|poke|p2|Sneasler, L50, M|\n|poke|p2|Talonflame, L50, F|\n|poke|p2|Milotic, L50, F|\n|poke|p2|Aegislash, L50, F|\n|poke|p2|Scizor, L50, F|\n|poke|p2|Tyranitar, L50, F|\n|teampreview|4\n|\n|t:|1776007529\n|teamsize|p1|4\n|teamsize|p2|4\n|start\n|switch|p1a: Kingambit|Kingambit, L50, M|100/100\n|switch|p1b: Clefable|Clefable, L50, F|100/100\n|switch|p2a: Sneasler|Sneasler, L50, M|100/100\n|switch|p2b: Tyranitar|Tyranitar, L50, F|100/100\n|-weather|Sandstorm|[from] ability: Sand Stream|[of] p2b: Tyranitar\n|turn|1\n|\n|t:|1776007553\n|detailschange|p2b: Tyranitar|Tyranitar-Mega, L50, F\n|-mega|p2b: Tyranitar|Tyranitar|Tyranitarite\n|move|p1a: Kingambit|Protect|p1a: Kingambit\n|-singleturn|p1a: Kingambit|Protect\n|move|p1b: Clefable|Protect|p1b: Clefable\n|-singleturn|p1b: Clefable|Protect\n|move|p2a: Sneasler|Dire Claw|p1b: Clefable\n|-activate|p1b: Clefable|move: Protect\n|move|p2b: Tyranitar|Dragon Dance|p2b: Tyranitar\n|-boost|p2b: Tyranitar|atk|1\n|-boost|p2b: Tyranitar|spe|1\n|\n|-weather|Sandstorm|[upkeep]\n|-damage|p2a: Sneasler|95/100|[from] Sandstorm\n|-damage|p1b: Clefable|95/100|[from] Sandstorm\n|upkeep\n|turn|2\n|c|\u2606PokemonHydratheMan|!weakness tyrannitar\nNo Pok\u00e9mon or type named 'tyrannitar' was found. Searching for 'Tyranitar' instead.\n|c| PokemonHydratheMan|/raw <div class=\"infobox\">Tyranitar (ignoring abilities):<br /><span class=\"message-effect-weak\">Weaknesses</span>: Bug, Fairy, <b>Fighting</b>, Grass, Ground, Steel, Water<br /><span class=\"message-effect-resist\">Resistances</span>: Dark, Fire, Flying, Ghost, Normal, Poison<br /><span class=\"message-effect-immune\">Immunities</span>: Psychic, Prankster, Sandstorm damage</div>\n|\n|t:|1776007573\n|switch|p1a: Conkeldurr|Conkeldurr, L50, F|100/100\n|move|p2a: Sneasler|Dire Claw|p1b: Clefable\n|-supereffective|p1b: Clefable|1\n|-crit|p1b: Clefable\n|-damage|p1b: Clefable|0 fnt\n|faint|p1b: Clefable\n|move|p2b: Tyranitar|Rock Slide|p1a: Conkeldurr\n|-resisted|p1a: Conkeldurr|1\n|-damage|p1a: Conkeldurr|68/100\n|\n|-weather|Sandstorm|[upkeep]\n|-damage|p2a: Sneasler|89/100|[from] Sandstorm\n|-damage|p1a: Conkeldurr|62/100|[from] Sandstorm\n|upkeep\n|\n|t:|1776007585\n|switch|p1b: Aerodactyl|Aerodactyl, L50, F|100/100\n|-ability|p1b: Aerodactyl|Unnerve\n|turn|3\n|\n|t:|1776007597\n|detailschange|p1b: Aerodactyl|Aerodactyl-Mega, L50, F\n|-mega|p1b: Aerodactyl|Aerodactyl|Aerodactylite\n|move|p2b: Tyranitar|Protect|p2b: Tyranitar\n|-singleturn|p2b: Tyranitar|Protect\n|move|p1a: Conkeldurr|Mach Punch|p2b: Tyranitar\n|-activate|p2b: Tyranitar|move: Protect\n|move|p1b: Aerodactyl|Rock Slide|p2a: Sneasler|[spread] p2a\n|-activate|p2b: Tyranitar|move: Protect\n|-resisted|p2a: Sneasler|1\n|-damage|p2a: Sneasler|66/100\n|move|p2a: Sneasler|Close Combat|p1b: Aerodactyl\n|-damage|p1b: Aerodactyl|24/100\n|-unboost|p2a: Sneasler|def|1\n|-unboost|p2a: Sneasler|spd|1\n|-enditem|p2a: Sneasler|White Herb\n|-clearnegativeboost|p2a: Sneasler|[silent]\n|\n|-weather|Sandstorm|[upkeep]\n|-damage|p2a: Sneasler|60/100|[from] Sandstorm\n|-damage|p1a: Conkeldurr|56/100|[from] Sandstorm\n|upkeep\n|turn|4\n|\n|t:|1776007624\n|move|p1b: Aerodactyl|Protect|p1b: Aerodactyl\n|-singleturn|p1b: Aerodactyl|Protect\n|move|p1a: Conkeldurr|Mach Punch|p2b: Tyranitar\n|-supereffective|p2b: Tyranitar|2\n|-damage|p2b: Tyranitar|9/100\n|move|p2a: Sneasler|Dire Claw|p1b: Aerodactyl\n|-activate|p1b: Aerodactyl|move: Protect\n|move|p2b: Tyranitar|Rock Slide|p1b: Aerodactyl|[spread] p1a\n|-activate|p1b: Aerodactyl|move: Protect\n|-resisted|p1a: Conkeldurr|1\n|-damage|p1a: Conkeldurr|32/100\n|\n|-weather|Sandstorm|[upkeep]\n|-damage|p2a: Sneasler|54/100|[from] Sandstorm\n|-damage|p1a: Conkeldurr|25/100|[from] Sandstorm\n|upkeep\n|turn|5\n|\n|t:|1776007656\n|switch|p2b: Aegislash|Aegislash, L50, F|100/100\n|move|p1a: Conkeldurr|Mach Punch|p2b: Aegislash\n|-immune|p2b: Aegislash\n|move|p2a: Sneasler|Dire Claw|p1b: Aerodactyl\n|-resisted|p1b: Aerodactyl|1\n|-damage|p1b: Aerodactyl|0 fnt\n|faint|p1b: Aerodactyl\n|\n|-weather|none\n|upkeep\n|\n|t:|1776007665\n|switch|p1b: Kingambit|Kingambit, L50, M|100/100\n|turn|6\n|\n|t:|1776007677\n|move|p2a: Sneasler|Close Combat|p1b: Kingambit\n|-supereffective|p1b: Kingambit|2\n|-damage|p1b: Kingambit|0 fnt\n|-unboost|p2a: Sneasler|def|1\n|-unboost|p2a: Sneasler|spd|1\n|faint|p1b: Kingambit\n|-formechange|p2b: Aegislash|Aegislash-Blade|\n|move|p2b: Aegislash|Sacred Sword|p1a: Conkeldurr\n|-damage|p1a: Conkeldurr|0 fnt\n|faint|p1a: Conkeldurr\n|\n|win|thealex610\n|raw|PokemonHydratheMan's rating: 1109 &rarr; <strong>1086</strong><br />(-23 for losing)\n|raw|thealex610's rating: 1140 &rarr; <strong>1163</strong><br />(+23 for winning)\n|c|\u2606PokemonHydratheMan|gg\n",
  "uploadtime": 1776007689,
  "views": 58,
  "formatid": "gen9championsvgc2026regma",
  "rating": 1086,
  "private": 0,
  "password": null
}