{
  "id": "gen9championsvgc2026regma-2585417159",
  "format": "[Gen 9 Champions] VGC 2026 Reg M-A",
  "players": [
    "mitsupalux",
    "blaizaur"
  ],
  "log": "|j|\u2606mitsupalux\n|j|\u2606blaizaur\n|t:|1776345820\n|gametype|doubles\n|player|p1|mitsupalux|unknownf|1005\n|player|p2|blaizaur|266|1088\n|gen|9\n|tier|[Gen 9 Champions] VGC 2026 Reg M-A\n|rated|\n|rule|Species Clause: Limit one of each Pok\u00e9mon\n|rule|Item Clause: Limit 1 of each item\n|clearpoke\n|poke|p1|Milotic, L50, F|\n|poke|p1|Gardevoir, L50, F|\n|poke|p1|Charizard, L50, M|\n|poke|p1|Whimsicott, L50, M|\n|poke|p1|Sinistcha, L50|\n|poke|p1|Rotom-Heat, L50|\n|poke|p2|Golurk, L50|\n|poke|p2|Oranguru, L50, M|\n|poke|p2|Talonflame, L50, F|\n|poke|p2|Tyranitar, L50, M|\n|poke|p2|Sinistcha, L50|\n|poke|p2|Hydreigon, L50, F|\n|teampreview|4\n|inactive|Battle timer is ON: inactive players will automatically lose when time's up. (requested by mitsupalux)\n|inactive|blaizaur has 60 seconds left.\n|\n|t:|1776345852\n|teamsize|p1|4\n|teamsize|p2|4\n|start\n|switch|p1a: Charizard|Charizard, L50, M, shiny|100/100\n|switch|p1b: Whimsicott|Whimsicott, L50, M, shiny|100/100\n|switch|p2a: Oranguru|Oranguru, L50, M|100/100\n|switch|p2b: Tyranitar|Tyranitar, L50, M|100/100\n|-weather|Sandstorm|[from] ability: Sand Stream|[of] p2b: Tyranitar\n|turn|1\n|\n|t:|1776345868\n|detailschange|p1a: Charizard|Charizard-Mega-Y, L50, M, shiny\n|-mega|p1a: Charizard|Charizard|Charizardite Y\n|-weather|SunnyDay|[from] ability: Drought|[of] p1a: Charizard\n|move|p2b: Tyranitar|Protect|p2b: Tyranitar\n|-singleturn|p2b: Tyranitar|Protect\n|move|p1b: Whimsicott|Taunt|p2a: Oranguru\n|-start|p2a: Oranguru|move: Taunt\n|-enditem|p2a: Oranguru|Mental Herb\n|-end|p2a: Oranguru|move: Taunt\n|move|p1a: Charizard|Solar Beam||[still]\n|-prepare|p1a: Charizard|Solar Beam\n|-anim|p1a: Charizard|Solar Beam|p2b: Tyranitar\n|-activate|p2b: Tyranitar|move: Protect\n|move|p2a: Oranguru|Trick Room|p2a: Oranguru\n|-fieldstart|move: Trick Room|[of] p2a: Oranguru\n|\n|-weather|SunnyDay|[upkeep]\n|upkeep\n|turn|2\n|\n|t:|1776345889\n|switch|p1a: Gardevoir|Gardevoir, L50, F, shiny|100/100\n|-ability|p1a: Gardevoir|Inner Focus|Trace|[from] ability: Trace|[of] p2a: Oranguru\n|move|p1b: Whimsicott|Encore|p2a: Oranguru\n|-start|p2a: Oranguru|Encore\n|move|p2b: Tyranitar|Rock Slide|p1b: Whimsicott|[spread] \n|-miss|p2b: Tyranitar|p1a: Gardevoir\n|-miss|p2b: Tyranitar|p1b: Whimsicott\n|move|p2a: Oranguru|Trick Room|p2a: Oranguru\n|-fieldend|move: Trick Room\n|\n|-weather|SunnyDay|[upkeep]\n|upkeep\n|turn|3\n|\n|t:|1776345908\n|move|p2b: Tyranitar|Protect|p2b: Tyranitar\n|-singleturn|p2b: Tyranitar|Protect\n|move|p1a: Gardevoir|Moonblast|p2b: Tyranitar\n|-activate|p2b: Tyranitar|move: Protect\n|move|p1b: Whimsicott|Moonblast|p2b: Tyranitar\n|-activate|p2b: Tyranitar|move: Protect\n|move|p2a: Oranguru|Trick Room|p2a: Oranguru\n|-fieldstart|move: Trick Room|[of] p2a: Oranguru\n|\n|-weather|SunnyDay|[upkeep]\n|upkeep\n|turn|4\n|\n|t:|1776345925\n|switch|p2a: Hydreigon|Hydreigon, L50, F|100/100\n|move|p1b: Whimsicott|Encore|p2b: Tyranitar\n|-hint|Since gen 7, Dark is immune to Prankster moves.\n|-immune|p2b: Tyranitar\n|move|p2b: Tyranitar|Rock Slide|p1b: Whimsicott|[spread] p1a,p1b\n|-damage|p1a: Gardevoir|56/100\n|-damage|p1b: Whimsicott|66/100\n|move|p1a: Gardevoir|Moonblast|p2b: Tyranitar\n|-supereffective|p2b: Tyranitar|1\n|-enditem|p2b: Tyranitar|Roseli Berry|[eat]\n|-enditem|p2b: Tyranitar|Roseli Berry|[weaken]\n|-damage|p2b: Tyranitar|63/100\n|-unboost|p2b: Tyranitar|spa|1\n|\n|-weather|SunnyDay|[upkeep]\n|upkeep\n|turn|5\n|\n|t:|1776345944\n|move|p2b: Tyranitar|Rock Slide|p1b: Whimsicott|[spread] p1b\n|-miss|p2b: Tyranitar|p1a: Gardevoir\n|-damage|p1b: Whimsicott|31/100\n|move|p1b: Whimsicott|Moonblast|p2a: Hydreigon\n|-supereffective|p2a: Hydreigon|2\n|-damage|p2a: Hydreigon|0 fnt\n|faint|p2a: Hydreigon\n|move|p1a: Gardevoir|Moonblast|p2b: Tyranitar\n|-supereffective|p2b: Tyranitar|1\n|-damage|p2b: Tyranitar|0 fnt\n|faint|p2b: Tyranitar\n|\n|-weather|none\n|upkeep\n|\n|t:|1776345954\n|switch|p2b: Golurk|Golurk, L50|100/100\n|switch|p2a: Oranguru|Oranguru, L50, M|100/100\n|turn|6\n|c|\u2606mitsupalux|ggz\n|\n|t:|1776345964\n|detailschange|p2b: Golurk|Golurk-Mega, L50\n|-mega|p2b: Golurk|Golurk|Golurkite\n|move|p2a: Oranguru|Psychic|p1b: Whimsicott\n|-damage|p1b: Whimsicott|0 fnt\n|faint|p1b: Whimsicott\n|move|p2b: Golurk|Poltergeist|p1a: Gardevoir\n|-activate|p1a: Gardevoir|move: Poltergeist|Choice Scarf\n|-supereffective|p1a: Gardevoir|1\n|-damage|p1a: Gardevoir|0 fnt\n|faint|p1a: Gardevoir\n|\n|upkeep\n|\n|t:|1776345973\n|switch|p1a: Charizard|Charizard-Mega-Y, L50, M, shiny|100/100\n|switch|p1b: Rotom|Rotom-Heat, L50|100/100\n|-weather|SunnyDay|[from] ability: Drought|[of] p1a: Charizard\n|turn|7\n|\n|t:|1776345984\n|move|p1a: Charizard|Protect|p1a: Charizard\n|-singleturn|p1a: Charizard|Protect\n|move|p2a: Oranguru|Instruct|p2b: Golurk\n|-singleturn|p2b: Golurk|move: Instruct|[of] p2a: Oranguru\n|move|p2b: Golurk|Poltergeist|p1a: Charizard\n|-activate|p1a: Charizard|move: Protect\n|move|p2b: Golurk|Poltergeist|p1b: Rotom|[miss]\n|-miss|p2b: Golurk|p1b: Rotom\n|move|p1b: Rotom|Overheat|p2a: Oranguru|[miss]\n|-miss|p1b: Rotom|p2a: Oranguru\n|\n|-weather|SunnyDay|[upkeep]\n|-fieldend|move: Trick Room\n|upkeep\n|turn|8\n|\n|t:|1776346005\n|move|p2b: Golurk|Protect|p2b: Golurk\n|-singleturn|p2b: Golurk|Protect\n|move|p1a: Charizard|Solar Beam||[still]\n|-prepare|p1a: Charizard|Solar Beam\n|-anim|p1a: Charizard|Solar Beam|p2b: Golurk\n|-activate|p2b: Golurk|move: Protect\n|move|p1b: Rotom|Overheat|p2a: Oranguru\n|-damage|p2a: Oranguru|52/100\n|-unboost|p1b: Rotom|spa|2\n|-enditem|p1b: Rotom|White Herb\n|-clearnegativeboost|p1b: Rotom|[silent]\n|move|p2a: Oranguru|Trick Room|p2a: Oranguru\n|-fieldstart|move: Trick Room|[of] p2a: Oranguru\n|\n|-weather|SunnyDay|[upkeep]\n|upkeep\n|turn|9\n|\n|t:|1776346024\n|move|p2a: Oranguru|Psychic|p1a: Charizard\n|-damage|p1a: Charizard|68/100\n|move|p2b: Golurk|Poltergeist|p1a: Charizard\n|-activate|p1a: Charizard|move: Poltergeist|Charizardite Y\n|-damage|p1a: Charizard|0 fnt\n|faint|p1a: Charizard\n|move|p1b: Rotom|Overheat|p2a: Oranguru\n|-damage|p2a: Oranguru|0 fnt\n|-unboost|p1b: Rotom|spa|2\n|faint|p2a: Oranguru\n|\n|-weather|SunnyDay|[upkeep]\n|upkeep\n|turn|10\n|\n|t:|1776346039\n|move|p2b: Golurk|Poltergeist||[still]\n|-fail|p2b: Golurk\n|move|p1b: Rotom|Will-O-Wisp|p2b: Golurk\n|-status|p2b: Golurk|brn\n|\n|-weather|SunnyDay|[upkeep]\n|-damage|p2b: Golurk|94/100 brn|[from] brn\n|upkeep\n|turn|11\n|\n|t:|1776346048\n|move|p2b: Golurk|Close Combat|p1b: Rotom\n|-damage|p1b: Rotom|72/100\n|-unboost|p2b: Golurk|def|1\n|-unboost|p2b: Golurk|spd|1\n|move|p1b: Rotom|Overheat|p2b: Golurk\n|-damage|p2b: Golurk|48/100 brn\n|-unboost|p1b: Rotom|spa|2\n|\n|-weather|none\n|-damage|p2b: Golurk|42/100 brn|[from] brn\n|upkeep\n|turn|12\n|inactive|mitsupalux has 30 seconds left.\n|\n|t:|1776346077\n|move|p2b: Golurk|Close Combat|p1b: Rotom\n|-damage|p1b: Rotom|45/100\n|-unboost|p2b: Golurk|def|1\n|-unboost|p2b: Golurk|spd|1\n|move|p1b: Rotom|Overheat|p2b: Golurk\n|-damage|p2b: Golurk|14/100 brn\n|-unboost|p1b: Rotom|spa|2\n|\n|-damage|p2b: Golurk|8/100 brn|[from] brn\n|-fieldend|move: Trick Room\n|upkeep\n|turn|13\n|\n|t:|1776346092\n|move|p1b: Rotom|Overheat|p2b: Golurk\n|-damage|p2b: Golurk|0 fnt\n|faint|p2b: Golurk\n|\n|win|mitsupalux\n|raw|mitsupalux's rating: 1005 &rarr; <strong>1053</strong><br />(+48 for winning)\n|raw|blaizaur's rating: 1088 &rarr; <strong>1059</strong><br />(-29 for losing)\n|l|\u2606blaizaur\n|player|p2|\n|c|\u2606mitsupalux|ggez\n",
  "uploadtime": 1776346115,
  "views": 29,
  "formatid": "gen9championsvgc2026regma",
  "rating": 1053,
  "private": 0,
  "password": null
}