{
  "id": "gen9championsvgc2026regma-2581534768",
  "format": "[Gen 9 Champions] VGC 2026 Reg M-A",
  "players": [
    "BobAU",
    "zanka95"
  ],
  "log": "|j|\u2606BobAU\n|j|\u2606zanka95\n|t:|1776008949\n|gametype|doubles\n|player|p1|BobAU|265|1015\n|player|p2|zanka95|marshal|1112\n|gen|9\n|tier|[Gen 9 Champions] VGC 2026 Reg M-A\n|rated|\n|rule|Species Clause: Limit one of each Pok\u00e9mon\n|rule|Item Clause: Limit 1 of each item\n|clearpoke\n|poke|p1|Delphox, L50, F|\n|poke|p1|Incineroar, L50, M|\n|poke|p1|Garchomp, L50, F|\n|poke|p1|Sneasler, L50, F|\n|poke|p1|Floette-Eternal, L50, F|\n|poke|p1|Kingambit, L50, F|\n|poke|p2|Sneasler, L50, F|\n|poke|p2|Kingambit, L50, F|\n|poke|p2|Clefable, L50, M|\n|poke|p2|Delphox, L50, M|\n|poke|p2|Dragonite, L50, M|\n|poke|p2|Basculegion, L50, M|\n|teampreview|4\n|\n|t:|1776008998\n|teamsize|p1|4\n|teamsize|p2|4\n|start\n|switch|p1a: Sneasler|Sneasler, L50, F|100/100\n|switch|p1b: Kingambit|Kingambit, L50, F|100/100\n|switch|p2a: Basculegion|Basculegion, L50, M|100/100\n|switch|p2b: Clefable|Clefable, L50, M|100/100\n|turn|1\n|inactive|Battle timer is ON: inactive players will automatically lose when time's up. (requested by BobAU)\n|\n|t:|1776009015\n|move|p1b: Kingambit|Protect|p1b: Kingambit\n|-singleturn|p1b: Kingambit|Protect\n|move|p2b: Clefable|Follow Me|p2b: Clefable\n|-singleturn|p2b: Clefable|move: Follow Me\n|move|p2a: Basculegion|Wave Crash|p1a: Sneasler\n|-damage|p1a: Sneasler|0 fnt\n|faint|p1a: Sneasler\n|-damage|p2a: Basculegion|74/100|[from] Recoil\n|\n|upkeep\n|\n|t:|1776009027\n|switch|p1a: Delphox|Delphox, L50, F|100/100\n|turn|2\n|\n|t:|1776009035\n|move|p2b: Clefable|Follow Me|p2b: Clefable\n|-singleturn|p2b: Clefable|move: Follow Me\n|move|p2a: Basculegion|Wave Crash|p1a: Delphox\n|-supereffective|p1a: Delphox|1\n|-damage|p1a: Delphox|0 fnt\n|faint|p1a: Delphox\n|-damage|p2a: Basculegion|48/100|[from] Recoil\n|move|p1b: Kingambit|Iron Defense|p1b: Kingambit\n|-boost|p1b: Kingambit|def|2\n|\n|upkeep\n|\n|t:|1776009039\n|switch|p1a: Garchomp|Garchomp, L50, F|100/100\n|turn|3\n|\n|t:|1776009047\n|move|p1a: Garchomp|Protect|p1a: Garchomp\n|-singleturn|p1a: Garchomp|Protect\n|move|p2a: Basculegion|Wave Crash|p1a: Garchomp\n|-activate|p1a: Garchomp|move: Protect\n|move|p2b: Clefable|Moonblast|p1a: Garchomp\n|-activate|p1a: Garchomp|move: Protect\n|move|p1b: Kingambit|Iron Defense|p1b: Kingambit\n|-boost|p1b: Kingambit|def|2\n|\n|upkeep\n|turn|4\n|\n|t:|1776009065\n|move|p2b: Clefable|Follow Me|p2b: Clefable\n|-singleturn|p2b: Clefable|move: Follow Me\n|move|p2a: Basculegion|Wave Crash|p1a: Garchomp\n|-damage|p1a: Garchomp|30/100\n|-damage|p2a: Basculegion|36/100|[from] ability: Rough Skin|[of] p1a: Garchomp\n|-enditem|p1a: Garchomp|Sitrus Berry|[eat]\n|-heal|p1a: Garchomp|54/100|[from] item: Sitrus Berry\n|-damage|p2a: Basculegion|10/100|[from] Recoil\n|move|p1a: Garchomp|Rock Slide|p2a: Basculegion|[spread] p2a,p2b\n|-damage|p2a: Basculegion|0 fnt\n|-damage|p2b: Clefable|85/100\n|faint|p2a: Basculegion\n|move|p1b: Kingambit|Low Kick|p2b: Clefable\n|-resisted|p2b: Clefable|1\n|-damage|p2b: Clefable|75/100\n|\n|upkeep\n|\n|t:|1776009082\n|switch|p2a: Delphox|Delphox, L50, M|100/100\n|turn|5\n|\n|t:|1776009097\n|detailschange|p2a: Delphox|Delphox-Mega, L50, M\n|-mega|p2a: Delphox|Delphox|Delphoxite\n|move|p2b: Clefable|Follow Me|p2b: Clefable\n|-singleturn|p2b: Clefable|move: Follow Me\n|move|p2a: Delphox|Heat Wave|p1b: Kingambit|[spread] p1a,p1b\n|-resisted|p1a: Garchomp|1\n|-supereffective|p1b: Kingambit|1\n|-damage|p1a: Garchomp|34/100\n|-damage|p1b: Kingambit|7/100\n|move|p1a: Garchomp|Rock Slide|p2b: Clefable|[spread] p2a,p2b\n|-supereffective|p2a: Delphox|1\n|-crit|p2a: Delphox\n|-crit|p2b: Clefable\n|-damage|p2a: Delphox|16/100\n|-damage|p2b: Clefable|50/100\n|-enditem|p2b: Clefable|Sitrus Berry|[eat]\n|-heal|p2b: Clefable|75/100|[from] item: Sitrus Berry\n|move|p1b: Kingambit|Low Kick|p2b: Clefable\n|-resisted|p2b: Clefable|1\n|-damage|p2b: Clefable|66/100\n|\n|upkeep\n|turn|6\n|\n|t:|1776009117\n|move|p2b: Clefable|Follow Me|p2b: Clefable\n|-singleturn|p2b: Clefable|move: Follow Me\n|move|p1b: Kingambit|Sucker Punch||[still]\n|-fail|p1b: Kingambit\n|move|p2a: Delphox|Heat Wave|p1b: Kingambit|[spread] p1a,p1b\n|-resisted|p1a: Garchomp|1\n|-crit|p1a: Garchomp\n|-supereffective|p1b: Kingambit|1\n|-damage|p1a: Garchomp|3/100\n|-damage|p1b: Kingambit|0 fnt\n|-status|p1a: Garchomp|brn\n|faint|p1b: Kingambit\n|move|p1a: Garchomp|Rock Slide|p2b: Clefable|[spread] p2a,p2b\n|-supereffective|p2a: Delphox|1\n|-damage|p2a: Delphox|0 fnt\n|-damage|p2b: Clefable|57/100\n|faint|p2a: Delphox\n|\n|-damage|p1a: Garchomp|0 fnt|[from] brn\n|faint|p1a: Garchomp\n|\n|win|zanka95\n|raw|BobAU's rating: 1015 &rarr; <strong>1006</strong><br />(-9 for losing)\n|raw|zanka95's rating: 1112 &rarr; <strong>1130</strong><br />(+18 for winning)\n|l|\u2606BobAU\n|player|p1|\n",
  "uploadtime": 1776009170,
  "views": 25,
  "formatid": "gen9championsvgc2026regma",
  "rating": 1006,
  "private": 0,
  "password": null
}