{
  "id": "gen9championsvgc2026regma-2582974634",
  "format": "[Gen 9 Champions] VGC 2026 Reg M-A",
  "players": [
    "leolc0926",
    "Jennifernand"
  ],
  "log": "|j|\u2606leolc0926\n|j|\u2606Jennifernand\n|t:|1776129911\n|gametype|doubles\n|player|p1|leolc0926|steven|1040\n|player|p2|Jennifernand|tarragon|1105\n|gen|9\n|tier|[Gen 9 Champions] VGC 2026 Reg M-A\n|rated|\n|rule|Species Clause: Limit one of each Pok\u00e9mon\n|rule|Item Clause: Limit 1 of each item\n|clearpoke\n|poke|p1|Venusaur, L50, M|\n|poke|p1|Incineroar, L50, F|\n|poke|p1|Golurk, L50|\n|poke|p1|Torkoal, L50, F|\n|poke|p1|Kingambit, L50, F|\n|poke|p1|Farigiraf, L50, F|\n|poke|p2|Floette-Eternal, L50, F|\n|poke|p2|Incineroar, L50, M|\n|poke|p2|Sneasler, L50, F|\n|poke|p2|Sinistcha, L50|\n|poke|p2|Aerodactyl, L50, F|\n|poke|p2|Dragapult, L50, F|\n|teampreview|4\nleolc0926 has agreed to open team sheets.\n|\n|t:|1776129945\n|teamsize|p1|4\n|teamsize|p2|4\n|start\n|switch|p1a: Kingambit|Kingambit, L50, F|100/100\n|switch|p1b: Farigiraf|Farigiraf, L50, F|100/100\n|switch|p2a: Aerodactyl|Aerodactyl, L50, F|100/100\n|switch|p2b: Sneasler|Sneasler, L50, F|100/100\n|-ability|p2a: Aerodactyl|Unnerve\n|turn|1\n|\n|t:|1776129960\n|detailschange|p2a: Aerodactyl|Aerodactyl-Mega, L50, F\n|-mega|p2a: Aerodactyl|Aerodactyl|Aerodactylite\n|move|p1a: Kingambit|Protect|p1a: Kingambit\n|-singleturn|p1a: Kingambit|Protect\n|move|p2a: Aerodactyl|Rock Slide|p1a: Kingambit|[spread] p1b\n|-activate|p1a: Kingambit|move: Protect\n|-damage|p1b: Farigiraf|74/100\n|move|p2b: Sneasler|Dire Claw|p1b: Farigiraf\n|-damage|p1b: Farigiraf|34/100\n|-status|p1b: Farigiraf|psn\n|-enditem|p1b: Farigiraf|Sitrus Berry|[eat]\n|-heal|p1b: Farigiraf|59/100 psn|[from] item: Sitrus Berry\n|move|p1b: Farigiraf|Trick Room|p1b: Farigiraf\n|-fieldstart|move: Trick Room|[of] p1b: Farigiraf\n|\n|-damage|p1b: Farigiraf|47/100 psn|[from] psn\n|upkeep\n|turn|2\n|\n|t:|1776129993\n|move|p2a: Aerodactyl|Protect|p2a: Aerodactyl\n|-singleturn|p2a: Aerodactyl|Protect\n|move|p1a: Kingambit|Iron Head|p2a: Aerodactyl\n|-activate|p2a: Aerodactyl|move: Protect\n|move|p1b: Farigiraf|Psychic|p2b: Sneasler\n|-supereffective|p2b: Sneasler|2\n|-enditem|p2b: Sneasler|Focus Sash\n|-damage|p2b: Sneasler|1/100\n|-unboost|p2b: Sneasler|spd|1\n|move|p2b: Sneasler|Close Combat|p1a: Kingambit\n|-supereffective|p1a: Kingambit|2\n|-damage|p1a: Kingambit|0 fnt\n|-unboost|p2b: Sneasler|def|1\n|-unboost|p2b: Sneasler|spd|1\n|faint|p1a: Kingambit\n|\n|-damage|p1b: Farigiraf|34/100 psn|[from] psn\n|upkeep\n|\n|t:|1776130010\n|switch|p1a: Golurk|Golurk, L50|100/100\n|turn|3\n|\n|t:|1776130025\n|switch|p2a: Incineroar|Incineroar, L50, M|100/100\n|-ability|p2a: Incineroar|Intimidate|boost\n|-unboost|p1a: Golurk|atk|1\n|-unboost|p1b: Farigiraf|atk|1\n|detailschange|p1a: Golurk|Golurk-Mega, L50\n|-mega|p1a: Golurk|Golurk|Golurkite\n|move|p2b: Sneasler|Protect|p2b: Sneasler\n|-singleturn|p2b: Sneasler|Protect\n|move|p1a: Golurk|Poltergeist|p2a: Incineroar\n|-activate|p2a: Incineroar|move: Poltergeist|Chople Berry\n|-resisted|p2a: Incineroar|1\n|-damage|p2a: Incineroar|84/100\n|move|p1b: Farigiraf|Hyper Voice|p2a: Incineroar|[spread] p2a\n|-activate|p2b: Sneasler|move: Protect\n|-damage|p2a: Incineroar|62/100\n|\n|-damage|p1b: Farigiraf|22/100 psn|[from] psn\n|upkeep\n|turn|4\n|\n|t:|1776130050\n|switch|p2b: Sinistcha|Sinistcha, L50|100/100\n|-heal|p2a: Incineroar|87/100|[from] ability: Hospitality|[of] p2b: Sinistcha\n|move|p1a: Golurk|Headlong Rush|p2a: Incineroar\n|-supereffective|p2a: Incineroar|1\n|-damage|p2a: Incineroar|11/100\n|-unboost|p1a: Golurk|def|1\n|-unboost|p1a: Golurk|spd|1\n|move|p1b: Farigiraf|Hyper Voice|p2a: Incineroar|[spread] p2a\n|-immune|p2b: Sinistcha\n|-damage|p2a: Incineroar|0 fnt\n|faint|p2a: Incineroar\n|\n|-damage|p1b: Farigiraf|10/100 psn|[from] psn\n|upkeep\n|\n|t:|1776130067\n|switch|p2a: Sneasler|Sneasler, L50, F|1/100\n|turn|5\n|\n|t:|1776130085\n|switch|p2a: Aerodactyl|Aerodactyl-Mega, L50, F|100/100\n|move|p1a: Golurk|Poltergeist|p2b: Sinistcha\n|-activate|p2b: Sinistcha|move: Poltergeist|Sitrus Berry\n|-supereffective|p2b: Sinistcha|1\n|-damage|p2b: Sinistcha|13/100\n|-enditem|p2b: Sinistcha|Sitrus Berry|[eat]\n|-heal|p2b: Sinistcha|38/100|[from] item: Sitrus Berry\n|move|p1b: Farigiraf|Psychic|p2a: Aerodactyl\n|-damage|p2a: Aerodactyl|58/100\n|move|p2b: Sinistcha|Matcha Gotcha|p1a: Golurk|[spread] p1a,p1b\n|-supereffective|p1a: Golurk|1\n|-crit|p1a: Golurk\n|-damage|p1a: Golurk|6/100\n|-heal|p2b: Sinistcha|90/100|[from] drain|[of] p1a: Golurk\n|-damage|p1b: Farigiraf|0 fnt\n|-heal|p2b: Sinistcha|95/100|[from] drain|[of] p1b: Farigiraf\n|faint|p1b: Farigiraf\n|\n|-fieldend|move: Trick Room\n|upkeep\n|\n|t:|1776130096\n|switch|p1b: Torkoal|Torkoal, L50, F|100/100\n|-weather|SunnyDay|[from] ability: Drought|[of] p1b: Torkoal\n|turn|6\n|\n|t:|1776130113\n|move|p2a: Aerodactyl|Rock Slide|p1b: Torkoal|[spread] p1b\n|-miss|p2a: Aerodactyl|p1a: Golurk\n|-supereffective|p1b: Torkoal|1\n|-damage|p1b: Torkoal|59/100\n|move|p2b: Sinistcha|Matcha Gotcha|p1a: Golurk|[spread] p1a,p1b\n|-supereffective|p1a: Golurk|1\n|-resisted|p1b: Torkoal|1\n|-damage|p1a: Golurk|0 fnt\n|-heal|p2b: Sinistcha|98/100|[from] drain|[of] p1a: Golurk\n|-damage|p1b: Torkoal|43/100\n|-heal|p2b: Sinistcha|100/100|[from] drain|[of] p1b: Torkoal\n|faint|p1a: Golurk\n|move|p1b: Torkoal|Weather Ball|p2b: Sinistcha\n|-supereffective|p2b: Sinistcha|1\n|-damage|p2b: Sinistcha|0 fnt\n|faint|p2b: Sinistcha\n|\n|-weather|SunnyDay|[upkeep]\n|upkeep\n|\n|t:|1776130127\n|switch|p2b: Sneasler|Sneasler, L50, F|1/100\n|turn|7\n|\n|t:|1776130133\n|move|p2b: Sneasler|Fake Out|p1b: Torkoal\n|-damage|p1b: Torkoal|31/100\n|-status|p1b: Torkoal|psn|[from] ability: Poison Touch|[of] p2b: Sneasler\n|move|p2a: Aerodactyl|Rock Slide|p1b: Torkoal\n|-supereffective|p1b: Torkoal|1\n|-damage|p1b: Torkoal|0 fnt\n|faint|p1b: Torkoal\n|\n|win|Jennifernand\n|raw|leolc0926's rating: 1040 &rarr; <strong>1027</strong><br />(-13 for losing)\n|raw|Jennifernand's rating: 1105 &rarr; <strong>1125</strong><br />(+20 for winning)\n|c|\u2606leolc0926|gg\n|l|\u2606Jennifernand\n|player|p2|\n",
  "uploadtime": 1776130142,
  "views": 22,
  "formatid": "gen9championsvgc2026regma",
  "rating": 1027,
  "private": 0,
  "password": null
}