{
  "id": "gen9championsvgc2026regma-2582287492",
  "format": "[Gen 9 Champions] VGC 2026 Reg M-A",
  "players": [
    "It'sJustKen VGC",
    "aweyigou"
  ],
  "log": "|j|\u2606It'sJustKen VGC\n|j|\u2606aweyigou\n|t:|1776080003\n|gametype|doubles\n|player|p1|It'sJustKen VGC|102|1167\n|player|p2|aweyigou|265|1166\n|gen|9\n|tier|[Gen 9 Champions] VGC 2026 Reg M-A\n|rated|\n|rule|Species Clause: Limit one of each Pok\u00e9mon\n|rule|Item Clause: Limit 1 of each item\n|clearpoke\n|poke|p1|Kingambit, L50, F|\n|poke|p1|Clefable, L50, F|\n|poke|p1|Chimecho, L50, M|\n|poke|p1|Golurk, L50|\n|poke|p1|Incineroar, L50, M|\n|poke|p1|Hawlucha, L50, F|\n|poke|p2|Glimmora, L50, F|\n|poke|p2|Tyranitar, L50, F|\n|poke|p2|Milotic, L50, F|\n|poke|p2|Arcanine, L50, F|\n|poke|p2|Meowscarada, L50, M|\n|poke|p2|Corviknight, L50, M|\n|teampreview|4\n|inactive|Battle timer is ON: inactive players will automatically lose when time's up. (requested by It'sJustKen VGC)\n|inactive|aweyigou has 60 seconds left.\n|inactive|aweyigou has 30 seconds left.\n|\n|t:|1776080066\n|teamsize|p1|4\n|teamsize|p2|4\n|start\n|switch|p1a: Pet|Incineroar, L50, M|100/100\n|switch|p1b: Important Object|Chimecho, L50, M|100/100\n|switch|p2a: Corviknight|Corviknight, L50, M|100/100\n|switch|p2b: Meowscarada|Meowscarada, L50, M|100/100\n|-ability|p1a: Pet|Intimidate|boost\n|-ability|p2a: Corviknight|Mirror Armor\n|-unboost|p1a: Pet|atk|1\n|-unboost|p2b: Meowscarada|atk|1\n|turn|1\n|\n|t:|1776080081\n|detailschange|p1b: Important Object|Chimecho-Mega, L50, M\n|-mega|p1b: Important Object|Chimecho|Chimechite\n|move|p2b: Meowscarada|U-turn|p1b: Important Object\n|-start|p2b: Meowscarada|typechange|Bug|[from] ability: Protean\n|-crit|p1b: Important Object\n|-damage|p1b: Important Object|64/100\n|\n|t:|1776080096\n|switch|p2b: Milotic|Milotic, L50, F|100/100|[from] U-turn\n|move|p2a: Corviknight|Tailwind|p2a: Corviknight\n|-sidestart|p2: aweyigou|move: Tailwind\n|move|p1a: Pet|Parting Shot|p2b: Milotic\n|-unboost|p2b: Milotic|atk|1\n|-unboost|p2b: Milotic|spa|1\n|\n|t:|1776080102\n|switch|p1a: Transport Vehicle|Golurk, L50, shiny|100/100|[from] Parting Shot\n|move|p1b: Important Object|Trick Room|p1b: Important Object\n|-fieldstart|move: Trick Room|[of] p1b: Important Object\n|\n|upkeep\n|turn|2\n|inactive|aweyigou has 30 seconds left.\n|inactive|aweyigou has 20 seconds left.\n|inactive|aweyigou has 15 seconds left.\n|inactive|aweyigou has 10 seconds left.\n|inactive|aweyigou has 5 seconds left.\n|\n|t:|1776080155\n|move|p1a: Transport Vehicle|Curse|p2a: Corviknight\n|-start|p2a: Corviknight|Curse|[of] p1a: Transport Vehicle\n|-damage|p1a: Transport Vehicle|50/100\n|move|p1b: Important Object|Skill Swap|p1a: Transport Vehicle\n|-activate|p1b: Important Object|Skill Swap|||[of] p1a: Transport Vehicle\n|move|p2a: Corviknight|Body Press|p1b: Important Object\n|-damage|p1b: Important Object|46/100\n|move|p2b: Milotic|Ice Beam|p1a: Transport Vehicle\n|-supereffective|p1a: Transport Vehicle|1\n|-damage|p1a: Transport Vehicle|25/100\n|\n|-damage|p2a: Corviknight|76/100|[from] Curse\n|upkeep\n|turn|3\n|\n|t:|1776080175\n|move|p1a: Transport Vehicle|Curse||[still]\n|-fail|p1a: Transport Vehicle\n|move|p1b: Important Object|Hypnosis|p2b: Milotic\n|-status|p2b: Milotic|slp|[from] move: Hypnosis\n|move|p2a: Corviknight|Body Press|p1b: Important Object\n|-damage|p1b: Important Object|25/100\n|cant|p2b: Milotic|slp\n|\n|-damage|p2a: Corviknight|51/100|[from] Curse\n|upkeep\n|turn|4\n|\n|t:|1776080185\n|move|p1a: Transport Vehicle|Curse|p2b: Milotic\n|-start|p2b: Milotic|Curse|[of] p1a: Transport Vehicle\n|-damage|p1a: Transport Vehicle|0 fnt\n|faint|p1a: Transport Vehicle\n|move|p1b: Important Object|Hypnosis|p2a: Corviknight\n|-status|p2a: Corviknight|slp|[from] move: Hypnosis\n|cant|p2a: Corviknight|slp\n|cant|p2b: Milotic|slp\n|\n|-damage|p2a: Corviknight|26/100 slp|[from] Curse\n|-damage|p2b: Milotic|75/100 slp|[from] Curse\n|-sideend|p2: aweyigou|move: Tailwind\n|upkeep\n|\n|t:|1776080188\n|switch|p1a: The Final Boss|Kingambit, L50, F|100/100\n|turn|5\n|\n|t:|1776080195\n|move|p1b: Important Object|Skill Swap|p1a: The Final Boss\n|-activate|p1b: Important Object|Skill Swap|||[of] p1a: The Final Boss\n|move|p1a: The Final Boss|Guillotine|p2b: Milotic\n|-damage|p2b: Milotic|0 fnt\n|faint|p2b: Milotic\n|-ohko\n|cant|p2a: Corviknight|slp\n|\n|-damage|p2a: Corviknight|1/100 slp|[from] Curse\n|-fieldend|move: Trick Room\n|upkeep\n|\n|t:|1776080210\n|switch|p2b: Meowscarada|Meowscarada, L50, M|100/100\n|turn|6\n|\n|t:|1776080214\n|move|p1a: The Final Boss|Protect|p1a: The Final Boss\n|-singleturn|p1a: The Final Boss|Protect\n|move|p2b: Meowscarada|Brick Break|p1a: The Final Boss\n|-start|p2b: Meowscarada|typechange|Fighting|[from] ability: Protean\n|-activate|p1a: The Final Boss|move: Protect\n|-curestatus|p2a: Corviknight|slp|[msg]\n|move|p2a: Corviknight|Body Press|p1b: Important Object\n|-damage|p1b: Important Object|4/100\n|move|p1b: Important Object|Trick Room|p1b: Important Object\n|-fieldstart|move: Trick Room|[of] p1b: Important Object\n|\n|-damage|p2a: Corviknight|0 fnt|[from] Curse\n|faint|p2a: Corviknight\n|upkeep\n|\n|t:|1776080229\n|switch|p2a: Glimmora|Glimmora, L50, F|100/100\n|turn|7\n|inactive|It'sJustKen VGC has 30 seconds left.\n|\n|t:|1776080262\n|detailschange|p2a: Glimmora|Glimmora-Mega, L50, F\n|-mega|p2a: Glimmora|Glimmora|Glimmoranite\n|move|p1b: Important Object|Hypnosis|p2b: Meowscarada|[miss]\n|-miss|p1b: Important Object|p2b: Meowscarada\n|move|p1a: The Final Boss|Guillotine|p2a: Glimmora\n|-damage|p2a: Glimmora|0 fnt\n|faint|p2a: Glimmora\n|-ohko\n|move|p2b: Meowscarada|Brick Break|p1a: The Final Boss\n|-supereffective|p1a: The Final Boss|2\n|-damage|p1a: The Final Boss|2/100\n|-enditem|p1a: The Final Boss|Sitrus Berry|[eat]\n|-heal|p1a: The Final Boss|27/100|[from] item: Sitrus Berry\n|\n|upkeep\n|turn|8\n|\n|t:|1776080278\n|move|p1b: Important Object|Hypnosis|p2b: Meowscarada\n|-status|p2b: Meowscarada|slp|[from] move: Hypnosis\n|move|p1a: The Final Boss|Guillotine|p2b: Meowscarada\n|-damage|p2b: Meowscarada|0 fnt\n|faint|p2b: Meowscarada\n|-ohko\n|\n|win|It'sJustKen VGC\n|raw|It&apos;sJustKen VGC's rating: 1167 &rarr; <strong>1192</strong><br />(+25 for winning)\n|raw|aweyigou's rating: 1166 &rarr; <strong>1141</strong><br />(-25 for losing)\n|l|\u2606aweyigou\n|player|p2|\n",
  "uploadtime": 1776080281,
  "views": 14,
  "formatid": "gen9championsvgc2026regma",
  "rating": 1141,
  "private": 0,
  "password": null
}