{
  "id": "gen9championsvgc2026regma-2583210662",
  "format": "[Gen 9 Champions] VGC 2026 Reg M-A",
  "players": [
    "zannara",
    "ppyyy"
  ],
  "log": "|j|\u2606zannara\n|j|\u2606ppyyy\n|t:|1776155156\n|gametype|doubles\n|player|p1|zannara|cheren-gen5bw2|\n|player|p2|ppyyy|elesa-gen5bw2|\n|gen|9\n|tier|[Gen 9 Champions] VGC 2026 Reg M-A\n|rated|Tournament battle\n|rule|Species Clause: Limit one of each Pok\u00e9mon\n|rule|Item Clause: Limit 1 of each item\n|raw|<div class=\"infobox\"><details class=\"readmore\" open><summary><strong>1 custom rule:</strong></summary> Force Open Team Sheets</details></div>\n|clearpoke\n|poke|p1|Floette-Eternal, L50, F|\n|poke|p1|Aerodactyl, L50, M|\n|poke|p1|Sneasler, L50, M|\n|poke|p1|Rotom-Wash, L50|\n|poke|p1|Garchomp, L50, F|\n|poke|p1|Incineroar, L50, F|\n|poke|p2|Floette-Eternal, L50, F|\n|poke|p2|Whimsicott, L50, F|\n|poke|p2|Tyranitar, L50, F|\n|poke|p2|Garchomp, L50, F|\n|poke|p2|Typhlosion-Hisui, L50, F|\n|poke|p2|Tsareena, L50, F|\n|teampreview|4\n|showteam|p1|Floette-Eternal||Floettite|FlowerVeil|Moonblast,DazzlingGleam,CalmMind,Protect|||F|||50|]Aerodactyl||FocusSash|Unnerve|DualWingbeat,RockSlide,Tailwind,Protect|||M|||50|]Sneasler||WhiteHerb|Unburden|CloseCombat,DireClaw,Protect,FakeOut|||M|||50|]Rotom-Wash||ChoiceScarf|Levitate|Thunderbolt,HydroPump,VoltSwitch,Electroweb||||||50|]Garchomp||HabanBerry|RoughSkin|DragonClaw,StompingTantrum,RockSlide,Earthquake|||F|||50|]Incineroar||SitrusBerry|Intimidate|FlareBlitz,ThroatChop,FakeOut,PartingShot|||F|||50|\n|showteam|p2|Floette-Eternal||Floettite|FlowerVeil|Moonblast,DazzlingGleam,LightofRuin,Protect|||F|||50|]Whimsicott||FocusSash|Prankster|Moonblast,FakeTears,Tailwind,Protect|||F|||50|]Tyranitar||ChopleBerry|SandStream|Assurance,RockSlide,IronHead,Protect|||F|||50|]Garchomp||SitrusBerry|SandVeil|StompingTantrum,DragonClaw,Substitute,Protect|||F|||50|]Typhlosion-Hisui||ChoiceScarf|Frisk|Eruption,ShadowBall,HeatWave,Overheat|||F|||50|]Tsareena||KebiaBerry|QueenlyMajesty|TropKick,LowKick,HelpingHand,Protect|||F|||50|\n|inactive|Battle timer is ON: inactive players will automatically lose when time's up. (requested by zannara)\n|\n|t:|1776155181\n|teamsize|p1|4\n|teamsize|p2|4\n|start\n|switch|p1a: Aerodactyl|Aerodactyl, L50, M|100/100\n|switch|p1b: Garchomp|Garchomp, L50, F|100/100\n|switch|p2a: Tyranitar|Tyranitar, L50, F|100/100\n|switch|p2b: Garchomp|Garchomp, L50, F, shiny|100/100\n|-ability|p1a: Aerodactyl|Unnerve\n|-weather|Sandstorm|[from] ability: Sand Stream|[of] p2a: Tyranitar\n|turn|1\n|j| caramelpainn\n|inactive|ppyyy has 30 seconds left.\n|inactive|ppyyy has 20 seconds left.\n|\n|t:|1776155220\n|move|p1a: Aerodactyl|Tailwind|p1a: Aerodactyl\n|-sidestart|p1: zannara|move: Tailwind\n|move|p1b: Garchomp|Earthquake|p2a: Tyranitar|[spread] p2a,p2b\n|-immune|p1a: Aerodactyl\n|-supereffective|p2a: Tyranitar|1\n|-damage|p2a: Tyranitar|56/100\n|-damage|p2b: Garchomp|66/100\n|move|p2b: Garchomp|Dragon Claw|p1b: Garchomp\n|-supereffective|p1b: Garchomp|1\n|-enditem|p1b: Garchomp|Haban Berry|[eat]\n|-enditem|p1b: Garchomp|Haban Berry|[weaken]\n|-damage|p1b: Garchomp|57/100\n|-damage|p2b: Garchomp|54/100|[from] ability: Rough Skin|[of] p1b: Garchomp\n|move|p2a: Tyranitar|Assurance|p1b: Garchomp\n|-damage|p1b: Garchomp|6/100\n|-damage|p2a: Tyranitar|44/100|[from] ability: Rough Skin|[of] p1b: Garchomp\n|\n|-weather|Sandstorm|[upkeep]\n|upkeep\n|turn|2\n|\n|t:|1776155241\n|move|p2b: Garchomp|Protect|p2b: Garchomp\n|-singleturn|p2b: Garchomp|Protect\n|move|p2a: Tyranitar|Protect|p2a: Tyranitar\n|-singleturn|p2a: Tyranitar|Protect\n|move|p1a: Aerodactyl|Rock Slide|p2b: Garchomp|[spread] \n|-activate|p2a: Tyranitar|move: Protect\n|-activate|p2b: Garchomp|move: Protect\n|move|p1b: Garchomp|Earthquake|p2b: Garchomp|[spread] \n|-activate|p2a: Tyranitar|move: Protect\n|-activate|p2b: Garchomp|move: Protect\n|-immune|p1a: Aerodactyl\n|\n|-weather|Sandstorm|[upkeep]\n|upkeep\n|turn|3\n|\n|t:|1776155265\n|switch|p2a: Tsareena|Tsareena, L50, F, shiny|100/100\n|move|p1a: Aerodactyl|Rock Slide|p2b: Garchomp|[spread] p2a,p2b\n|-resisted|p2b: Garchomp|1\n|-damage|p2a: Tsareena|80/100\n|-damage|p2b: Garchomp|42/100\n|move|p1b: Garchomp|Earthquake|p2a: Tsareena|[spread] p2a\n|-immune|p1a: Aerodactyl\n|-miss|p1b: Garchomp|p2b: Garchomp\n|-resisted|p2a: Tsareena|1\n|-damage|p2a: Tsareena|63/100\n|move|p2b: Garchomp|Stomping Tantrum|p1b: Garchomp\n|-damage|p1b: Garchomp|0 fnt\n|-damage|p2b: Garchomp|30/100|[from] ability: Rough Skin|[of] p1b: Garchomp\n|faint|p1b: Garchomp\n|\n|-weather|Sandstorm|[upkeep]\n|-damage|p2a: Tsareena|57/100|[from] Sandstorm\n|upkeep\n|\n|t:|1776155287\n|switch|p1b: Sneasler|Sneasler, L50, M|100/100\n|turn|4\n|l| caramelpainn\n|inactive|ppyyy has 30 seconds left.\n|\n|t:|1776155321\n|move|p2b: Garchomp|Protect|p2b: Garchomp\n|-singleturn|p2b: Garchomp|Protect\n|move|p1a: Aerodactyl|Dual Wingbeat|p2b: Garchomp\n|-activate|p2b: Garchomp|move: Protect\n|move|p1b: Sneasler|Dire Claw|p2a: Tsareena\n|-supereffective|p2a: Tsareena|1\n|-damage|p2a: Tsareena|0 fnt\n|faint|p2a: Tsareena\n|\n|-weather|Sandstorm|[upkeep]\n|-damage|p1b: Sneasler|95/100|[from] Sandstorm\n|-sideend|p1: zannara|move: Tailwind\n|upkeep\n|\n|t:|1776155337\n|switch|p2a: Floette|Floette-Eternal, L50, F, shiny|100/100\n|turn|5\n|\n|t:|1776155345\n|detailschange|p2a: Floette|Floette-Mega, L50, F, shiny\n|-mega|p2a: Floette|Floette|Floettite\n|-ability|p2a: Floette|Fairy Aura\n|move|p1a: Aerodactyl|Tailwind|p1a: Aerodactyl\n|-sidestart|p1: zannara|move: Tailwind\n|move|p1b: Sneasler|Dire Claw|p2a: Floette\n|-supereffective|p2a: Floette|1\n|-damage|p2a: Floette|0 fnt\n|faint|p2a: Floette\n|move|p2b: Garchomp|Stomping Tantrum|p1b: Sneasler\n|-supereffective|p1b: Sneasler|1\n|-damage|p1b: Sneasler|0 fnt\n|faint|p1b: Sneasler\n|\n|-weather|none\n|upkeep\n|-message|ppyyy forfeited.\n|\n|win|zannara\n|n|\u2606zannara|zannara\n|n|\u2606ppyyy|ppyyy\n",
  "uploadtime": 1776155360,
  "views": 21,
  "formatid": "gen9championsvgc2026regma",
  "rating": null,
  "private": 0,
  "password": null
}