{
  "id": "gen9championsvgc2026regma-2586778651",
  "format": "[Gen 9 Champions] VGC 2026 Reg M-A",
  "players": [
    "youngbriks",
    "scrambledegg6"
  ],
  "log": "|j|\u2606youngbriks\n|j|\u2606scrambledegg6\n|t:|1776459197\n|gametype|doubles\n|player|p1|youngbriks|palmer|1166\n|player|p2|scrambledegg6|lance|1157\n|gen|9\n|tier|[Gen 9 Champions] VGC 2026 Reg M-A\n|rated|\n|rule|Species Clause: Limit one of each Pok\u00e9mon\n|rule|Item Clause: Limit 1 of each item\n|clearpoke\n|poke|p1|Delphox, L50, F|\n|poke|p1|Sneasler, L50, M|\n|poke|p1|Sableye, L50, F|\n|poke|p1|Corviknight, L50, F|\n|poke|p1|Sinistcha, L50|\n|poke|p1|Basculegion, L50, M|\n|poke|p2|Sneasler, L50, M|\n|poke|p2|Aerodactyl, L50, M|\n|poke|p2|Floette-Eternal, L50, F|\n|poke|p2|Kingambit, L50, F|\n|poke|p2|Basculegion, L50, M|\n|poke|p2|Incineroar, L50, M|\n|teampreview|4\n|inactive|Battle timer is ON: inactive players will automatically lose when time's up. (requested by scrambledegg6)\n|inactive|youngbriks has 60 seconds left.\nscrambledegg6 rejected open team sheets.\n|\n|t:|1776459250\n|teamsize|p1|4\n|teamsize|p2|4\n|start\n|switch|p1a: Sableye|Sableye, L50, F|100/100\n|switch|p1b: Basculegion|Basculegion, L50, M|100/100\n|switch|p2a: Sneasler|Sneasler, L50, M|100/100\n|switch|p2b: Aerodactyl|Aerodactyl, L50, M, shiny|100/100\n|-ability|p2b: Aerodactyl|Unnerve\n|turn|1\n|inactive|youngbriks has 30 seconds left.\n|\n|t:|1776459284\n|switch|p2a: Kingambit|Kingambit, L50, F, shiny|100/100\n|move|p1a: Sableye|Fake Out|p2a: Kingambit\n|-resisted|p2a: Kingambit|1\n|-damage|p2a: Kingambit|98/100\n|move|p2b: Aerodactyl|Dual Wingbeat|p1a: Sableye\n|-crit|p1a: Sableye\n|-damage|p1a: Sableye|66/100\n|-damage|p1a: Sableye|43/100\n|-hitcount|p1a: Sableye|2\n|move|p1b: Basculegion|Flip Turn|p2b: Aerodactyl\n|-supereffective|p2b: Aerodactyl|1\n|-enditem|p2b: Aerodactyl|Focus Sash\n|-damage|p2b: Aerodactyl|1/100\n|inactive|youngbriks has 30 seconds left.\n|\n|t:|1776459314\n|switch|p1b: Sneasler|Sneasler, L50, M|100/100|[from] Flip Turn\n|\n|upkeep\n|turn|2\n|\n|t:|1776459330\n|move|p2b: Aerodactyl|Protect|p2b: Aerodactyl\n|-singleturn|p2b: Aerodactyl|Protect\n|move|p1b: Sneasler|Fake Out|p2b: Aerodactyl\n|-activate|p2b: Aerodactyl|move: Protect\n|move|p1a: Sableye|Recover|p1a: Sableye\n|-heal|p1a: Sableye|93/100\n|move|p2a: Kingambit|Kowtow Cleave|p1a: Sableye\n|-damage|p1a: Sableye|18/100\n|\n|upkeep\n|turn|3\n|\n|t:|1776459351\n|switch|p2b: Sneasler|Sneasler, L50, M|100/100\n|switch|p2a: Floette|Floette-Eternal, L50, F|100/100\n|move|p1a: Sableye|Recover|p1a: Sableye\n|-heal|p1a: Sableye|69/100\n|move|p1b: Sneasler|Dire Claw|p2b: Sneasler\n|-resisted|p2b: Sneasler|1\n|-damage|p2b: Sneasler|66/100\n|\n|upkeep\n|turn|4\n|inactive|youngbriks has 30 seconds left.\n|inactive|scrambledegg6 has 30 seconds left.\n|inactive|scrambledegg6 has 20 seconds left.\n|\n|t:|1776459389\n|switch|p1b: Basculegion|Basculegion, L50, M|100/100\n|detailschange|p2a: Floette|Floette-Mega, L50, F\n|-mega|p2a: Floette|Floette|Floettite\n|-ability|p2a: Floette|Fairy Aura\n|move|p2b: Sneasler|Fake Out|p1b: Basculegion\n|-immune|p1b: Basculegion\n|move|p1a: Sableye|Light Screen|p1a: Sableye\n|-sidestart|p1: youngbriks|move: Light Screen\n|move|p2a: Floette|Moonblast|p1b: Basculegion\n|-damage|p1b: Basculegion|36/100\n|-unboost|p1b: Basculegion|spa|1\n|\n|upkeep\n|turn|5\n|inactive|youngbriks has 30 seconds left.\n|inactive|scrambledegg6 has 30 seconds left.\n|\n|t:|1776459425\n|switch|p2b: Aerodactyl|Aerodactyl, L50, M, shiny|1/100\n|-ability|p2b: Aerodactyl|Unnerve\n|move|p1a: Sableye|Reflect|p1a: Sableye\n|-sidestart|p1: youngbriks|Reflect\n|move|p1b: Basculegion|Flip Turn|p2b: Aerodactyl\n|-supereffective|p2b: Aerodactyl|1\n|-damage|p2b: Aerodactyl|0 fnt\n|faint|p2b: Aerodactyl\n|\n|t:|1776459437\n|switch|p1b: Sneasler|Sneasler, L50, M|100/100|[from] Flip Turn\n|move|p2a: Floette|Moonblast|p1b: Sneasler\n|-damage|p1b: Sneasler|21/100\n|\n|upkeep\n|\n|t:|1776459447\n|switch|p2b: Sneasler|Sneasler, L50, M|66/100\n|turn|6\n|inactive|youngbriks has 30 seconds left.\n|inactive|youngbriks has 20 seconds left.\n|\n|t:|1776459486\n|switch|p1a: Delphox|Delphox, L50, F|100/100\n|move|p1b: Sneasler|Protect|p1b: Sneasler\n|-singleturn|p1b: Sneasler|Protect\n|move|p2b: Sneasler|Fake Out|p1b: Sneasler\n|-activate|p1b: Sneasler|move: Protect\n|move|p2a: Floette|Moonblast|p1a: Delphox\n|-resisted|p1a: Delphox|1\n|-damage|p1a: Delphox|70/100\n|\n|upkeep\n|turn|7\n|inactive|scrambledegg6 has 30 seconds left.\n|\n|t:|1776459515\n|detailschange|p1a: Delphox|Delphox-Mega, L50, F\n|-mega|p1a: Delphox|Delphox|Delphoxite\n|move|p1a: Delphox|Nasty Plot|p1a: Delphox\n|-boost|p1a: Delphox|spa|2\n|move|p1b: Sneasler|Dire Claw|p2a: Floette\n|-supereffective|p2a: Floette|1\n|-damage|p2a: Floette|0 fnt\n|faint|p2a: Floette\n|move|p2b: Sneasler|Close Combat|p1b: Sneasler\n|-resisted|p1b: Sneasler|1\n|-damage|p1b: Sneasler|0 fnt\n|-unboost|p2b: Sneasler|def|1\n|-unboost|p2b: Sneasler|spd|1\n|faint|p1b: Sneasler\n|-enditem|p2b: Sneasler|White Herb\n|-clearnegativeboost|p2b: Sneasler|[silent]\n|\n|upkeep\n|\n|t:|1776459534\n|switch|p1b: Sableye|Sableye, L50, F|69/100\n|switch|p2a: Kingambit|Kingambit, L50, F, shiny|98/100\n|turn|8\n|\n|t:|1776459552\n|move|p2b: Sneasler|Protect|p2b: Sneasler\n|-singleturn|p2b: Sneasler|Protect\n|move|p2a: Kingambit|Protect|p2a: Kingambit\n|-singleturn|p2a: Kingambit|Protect\n|move|p1b: Sableye|Fake Out|p2a: Kingambit\n|-activate|p2a: Kingambit|move: Protect\n|move|p1a: Delphox|Heat Wave|p2a: Kingambit|[spread] \n|-activate|p2a: Kingambit|move: Protect\n|-activate|p2b: Sneasler|move: Protect\n|\n|-sideend|p1: youngbriks|move: Light Screen\n|upkeep\n|turn|9\n|inactive|youngbriks has 30 seconds left.\n|inactive|youngbriks has 20 seconds left.\n|inactive|youngbriks has 15 seconds left.\n|\n|t:|1776459592\n|move|p2a: Kingambit|Sucker Punch|p1a: Delphox\n|-supereffective|p1a: Delphox|1\n|-damage|p1a: Delphox|0 fnt\n|faint|p1a: Delphox\n|move|p1b: Sableye|Light Screen|p1b: Sableye\n|-sidestart|p1: youngbriks|move: Light Screen\n|move|p2b: Sneasler|Dire Claw|p1b: Sableye\n|-resisted|p1b: Sableye|1\n|-damage|p1b: Sableye|51/100\n|-status|p1b: Sableye|par\n|\n|-sideend|p1: youngbriks|Reflect\n|upkeep\n|\n|t:|1776459605\n|switch|p1a: Basculegion|Basculegion, L50, M|36/100\n|turn|10\n|inactive|youngbriks has 30 seconds left.\n|inactive|youngbriks has 20 seconds left.\n|inactive|youngbriks has 15 seconds left.\n|inactive|youngbriks has 10 seconds left.\n|\n|t:|1776459653\n|move|p2a: Kingambit|Sucker Punch|p1a: Basculegion\n|-supereffective|p1a: Basculegion|1\n|-crit|p1a: Basculegion\n|-damage|p1a: Basculegion|0 fnt\n|faint|p1a: Basculegion\n|move|p1b: Sableye|Reflect|p1b: Sableye\n|-sidestart|p1: youngbriks|Reflect\n|move|p2b: Sneasler|Dire Claw|p1b: Sableye\n|-resisted|p1b: Sableye|1\n|-damage|p1b: Sableye|32/100 par\n|\n|upkeep\n|turn|11\n|-message|youngbriks forfeited.\n|\n|win|scrambledegg6\n|raw|youngbriks's rating: 1166 &rarr; <strong>1140</strong><br />(-26 for losing)\n|raw|scrambledegg6's rating: 1157 &rarr; <strong>1183</strong><br />(+26 for winning)\n|l|\u2606youngbriks\n|player|p1|\n",
  "uploadtime": 1776459661,
  "views": 23,
  "formatid": "gen9championsvgc2026regma",
  "rating": 1140,
  "private": 0,
  "password": null
}