{
  "id": "gen9championsvgc2026regma-2581836646",
  "format": "[Gen 9 Champions] VGC 2026 Reg M-A",
  "players": [
    "06Thomas",
    "25Arcanines"
  ],
  "log": "|j|\u260606Thomas\n|j|\u260625Arcanines\n|t:|1776032436\n|gametype|doubles\n|player|p1|06Thomas|1|1143\n|player|p2|25Arcanines|rei|1061\n|gen|9\n|tier|[Gen 9 Champions] VGC 2026 Reg M-A\n|rated|\n|rule|Species Clause: Limit one of each Pok\u00e9mon\n|rule|Item Clause: Limit 1 of each item\n|clearpoke\n|poke|p1|Palafin, L50, F|\n|poke|p1|Pelipper, L50, F|\n|poke|p1|Weavile, L50, F|\n|poke|p1|Sharpedo, L50, M|\n|poke|p1|Raichu, L50, F|\n|poke|p1|Dragonite, L50, M|\n|poke|p2|Arcanine-Hisui, L50, M|\n|poke|p2|Sneasler, L50, M|\n|poke|p2|Gyarados, L50, M|\n|poke|p2|Whimsicott, L50, F|\n|poke|p2|Aegislash, L50, M|\n|poke|p2|Garchomp, L50, M|\n|teampreview|4\n|c|\u260625Arcanines|glhf\n|inactive|Battle timer is ON: inactive players will automatically lose when time's up. (requested by 06Thomas)\n|\n|t:|1776032481\n|teamsize|p1|4\n|teamsize|p2|4\n|start\n|switch|p1a: Palafin|Palafin, L50, F|100/100\n|switch|p1b: Weavile|Weavile, L50, F|100/100\n|switch|p2a: Chargoyle|Arcanine-Hisui, L50, M|100/100\n|switch|p2b: ew|Sneasler, L50, M|100/100\n|-ability|p1b: Weavile|Pressure\n|-ability|p2a: Chargoyle|Intimidate|boost\n|-unboost|p1a: Palafin|atk|1\n|-unboost|p1b: Weavile|atk|1\n|turn|1\n|inactive|25Arcanines has 30 seconds left.\n|\n|t:|1776032510\n|switch|p2a: THE ATROCITY|Gyarados, L50, M|100/100\n|-ability|p2a: THE ATROCITY|Intimidate|boost\n|-unboost|p1a: Palafin|atk|1\n|-unboost|p1b: Weavile|atk|1\n|detailschange|p1a: Palafin|Palafin-Hero, L50, F\n|switch|p1a: Pelipper|Pelipper, L50, F|100/100\n|-weather|RainDance|[from] ability: Drizzle|[of] p1a: Pelipper\n|move|p2b: ew|Protect|p2b: ew\n|-singleturn|p2b: ew|Protect\n|move|p1b: Weavile|Fake Out|p2a: THE ATROCITY\n|-crit|p2a: THE ATROCITY\n|-damage|p2a: THE ATROCITY|79/100\n|\n|-weather|RainDance|[upkeep]\n|upkeep\n|turn|2\n|inactive|25Arcanines has 30 seconds left.\n|\n|t:|1776032540\n|switch|p1b: Palafin|Palafin-Hero, L50, F|100/100\n|-activate|p1b: Palafin|ability: Zero to Hero\n|move|p2a: THE ATROCITY|Protect|p2a: THE ATROCITY\n|-singleturn|p2a: THE ATROCITY|Protect\n|move|p2b: ew|Coaching|p2a: THE ATROCITY\n|-boost|p2a: THE ATROCITY|atk|1\n|-boost|p2a: THE ATROCITY|def|1\n|move|p1a: Pelipper|Tailwind|p1a: Pelipper\n|-sidestart|p1: 06Thomas|move: Tailwind\n|\n|-weather|RainDance|[upkeep]\n|upkeep\n|turn|3\n|inactive|06Thomas has 30 seconds left.\n|inactive|25Arcanines has 30 seconds left.\n|\n|t:|1776032579\n|detailschange|p2a: THE ATROCITY|Gyarados-Mega, L50, M\n|-mega|p2a: THE ATROCITY|Gyarados|Gyaradosite\n|-ability|p2a: THE ATROCITY|Mold Breaker\n|move|p2b: ew|Protect|p2b: ew\n|-singleturn|p2b: ew|Protect\n|move|p1b: Palafin|Jet Punch|p2b: ew\n|-activate|p2b: ew|move: Protect\n|move|p1a: Pelipper|Muddy Water|p2a: THE ATROCITY|[spread] p2a\n|-activate|p2b: ew|move: Protect\n|-resisted|p2a: THE ATROCITY|1\n|-damage|p2a: THE ATROCITY|66/100\n|-unboost|p2a: THE ATROCITY|accuracy|1\n|move|p2a: THE ATROCITY|Crunch|p1b: Palafin\n|-damage|p1b: Palafin|43/100\n|\n|-weather|RainDance|[upkeep]\n|upkeep\n|turn|4\n|inactive|25Arcanines has 30 seconds left.\n|\n|t:|1776032606\n|move|p1b: Palafin|Jet Punch|p2b: ew\n|-crit|p2b: ew\n|-damage|p2b: ew|0 fnt\n|faint|p2b: ew\n|move|p1a: Pelipper|Muddy Water|p2a: THE ATROCITY\n|-resisted|p2a: THE ATROCITY|1\n|-damage|p2a: THE ATROCITY|50/100\n|move|p2a: THE ATROCITY|Crunch|p1a: Pelipper\n|-damage|p1a: Pelipper|39/100\n|-enditem|p1a: Pelipper|Sitrus Berry|[eat]\n|-heal|p1a: Pelipper|64/100|[from] item: Sitrus Berry\n|\n|-weather|RainDance|[upkeep]\n|upkeep\n|\n|t:|1776032617\n|switch|p2b: Chargoyle|Arcanine-Hisui, L50, M|100/100\n|-ability|p2b: Chargoyle|Intimidate|boost\n|-unboost|p1a: Pelipper|atk|1\n|-unboost|p1b: Palafin|atk|1\n|turn|5\n|\n|t:|1776032637\n|switch|p2b: Link|Aegislash, L50, M, shiny|100/100\n|move|p2a: THE ATROCITY|Protect|p2a: THE ATROCITY\n|-singleturn|p2a: THE ATROCITY|Protect\n|move|p1b: Palafin|Jet Punch|p2b: Link\n|-damage|p2b: Link|64/100\n|move|p1a: Pelipper|Hurricane|p2a: THE ATROCITY\n|-activate|p2a: THE ATROCITY|move: Protect\n|\n|-weather|none\n|-heal|p2b: Link|70/100|[from] item: Leftovers\n|-sideend|p1: 06Thomas|move: Tailwind\n|upkeep\n|turn|6\n|\n|t:|1776032660\n|move|p2b: Link|Wide Guard|p2b: Link\n|-singleturn|p2b: Link|Wide Guard\n|move|p1b: Palafin|Jet Punch|p2b: Link\n|-damage|p2b: Link|46/100\n|move|p2a: THE ATROCITY|Crunch|p1b: Palafin\n|-damage|p1b: Palafin|0 fnt\n|faint|p1b: Palafin\n|move|p1a: Pelipper|Muddy Water|p2a: THE ATROCITY|[spread] \n|-activate|p2a: THE ATROCITY|move: Wide Guard\n|-activate|p2b: Link|move: Wide Guard\n|\n|-heal|p2b: Link|52/100|[from] item: Leftovers\n|upkeep\n|\n|t:|1776032664\n|switch|p1b: Weavile|Weavile, L50, F|100/100\n|-ability|p1b: Weavile|Pressure\n|turn|7\n|\n|t:|1776032675\n|move|p2a: THE ATROCITY|Protect|p2a: THE ATROCITY\n|-singleturn|p2a: THE ATROCITY|Protect\n|move|p1b: Weavile|Throat Chop|p2b: Link\n|-supereffective|p2b: Link|1\n|-damage|p2b: Link|0 fnt\n|faint|p2b: Link\n|move|p1a: Pelipper|Hurricane|p2a: THE ATROCITY\n|-activate|p2a: THE ATROCITY|move: Protect\n|\n|upkeep\n|\n|t:|1776032682\n|switch|p2b: Chargoyle|Arcanine-Hisui, L50, M|100/100\n|-ability|p2b: Chargoyle|Intimidate|boost\n|-unboost|p1a: Pelipper|atk|1\n|-unboost|p1b: Weavile|atk|1\n|turn|8\n|\n|t:|1776032703\n|move|p1b: Weavile|Triple Axel|p2a: THE ATROCITY\n|-resisted|p2a: THE ATROCITY|1\n|-damage|p2a: THE ATROCITY|48/100\n|-resisted|p2a: THE ATROCITY|1\n|-damage|p2a: THE ATROCITY|45/100\n|-resisted|p2a: THE ATROCITY|1\n|-damage|p2a: THE ATROCITY|39/100\n|-hitcount|p2a: THE ATROCITY|3\n|move|p2b: Chargoyle|Rock Slide|p1b: Weavile|[spread] p1a,p1b\n|-supereffective|p1a: Pelipper|1\n|-supereffective|p1b: Weavile|1\n|-damage|p1a: Pelipper|9/100\n|-enditem|p1b: Weavile|Focus Sash\n|-damage|p1b: Weavile|1/100\n|move|p2a: THE ATROCITY|Crunch|p1a: Pelipper\n|-damage|p1a: Pelipper|0 fnt\n|faint|p1a: Pelipper\n|\n|upkeep\n|\n|t:|1776032717\n|switch|p1a: Sharpedo|Sharpedo, L50, M|100/100\n|turn|9\n|inactive|25Arcanines has 30 seconds left.\n|-message|06Thomas forfeited.\n|\n|win|25Arcanines\n|raw|06Thomas's rating: 1143 &rarr; <strong>1112</strong><br />(-31 for losing)\n|raw|25Arcanines's rating: 1061 &rarr; <strong>1099</strong><br />(+38 for winning)\n|l|\u260606Thomas\n|player|p1|\n|l|\u260625Arcanines\n|player|p2|\n|j|\u260625Arcanines\n|player|p2|25Arcanines|rei|\n|l|\u260625Arcanines\n|player|p2|\n|j| pacdan111\n|j| aurora ltd\n|l| pacdan111\n",
  "uploadtime": 1776032787,
  "views": 10,
  "formatid": "gen9championsvgc2026regma",
  "rating": 1099,
  "private": 0,
  "password": null
}