{
  "id": "gen9championsvgc2026regma-2588625401",
  "format": "[Gen 9 Champions] VGC 2026 Reg M-A",
  "players": [
    "thelagger",
    "lessa_ped"
  ],
  "log": "|j|\u2606thelagger\n|j|\u2606lessa_ped\n|t:|1776651336\n|gametype|doubles\n|player|p1|thelagger|acetrainerf|1187\n|player|p2|lessa_ped|101|1213\n|gen|9\n|tier|[Gen 9 Champions] VGC 2026 Reg M-A\n|rated|\n|rule|Species Clause: Limit one of each Pok\u00e9mon\n|rule|Item Clause: Limit 1 of each item\n|clearpoke\n|poke|p1|Floette-Eternal, L50, F|\n|poke|p1|Aerodactyl, L50, F|\n|poke|p1|Incineroar, L50, M|\n|poke|p1|Sneasler, L50, M|\n|poke|p1|Garchomp, L50, F|\n|poke|p1|Basculegion, L50, M|\n|poke|p2|Sinistcha, L50|\n|poke|p2|Sneasler, L50, M|\n|poke|p2|Kingambit, L50, F, shiny|\n|poke|p2|Incineroar, L50, F|\n|poke|p2|Politoed, L50, M|\n|poke|p2|Gengar, L50, M|\n|teampreview|4\n|inactive|Battle timer is ON: inactive players will automatically lose when time's up. (requested by thelagger)\n|inactive|thelagger has 30 seconds left.\n|inactive|lessa_ped has 60 seconds left.\n|\n|t:|1776651415\n|teamsize|p1|4\n|teamsize|p2|4\n|start\n|switch|p1a: Floette|Floette-Eternal, L50, F|100/100\n|switch|p1b: Sneasler|Sneasler, L50, M|100/100\n|switch|p2a: Kingambit|Kingambit, L50, F, shiny|100/100\n|switch|p2b: Sneasler|Sneasler, L50, M|100/100\n|turn|1\n|\n|t:|1776651445\n|detailschange|p1a: Floette|Floette-Mega, L50, F\n|-mega|p1a: Floette|Floette|Floettite\n|-ability|p1a: Floette|Fairy Aura\n|move|p1b: Sneasler|Protect|p1b: Sneasler\n|-singleturn|p1b: Sneasler|Protect\n|move|p1a: Floette|Protect|p1a: Floette\n|-singleturn|p1a: Floette|Protect\n|move|p2a: Kingambit|Protect|p2a: Kingambit\n|-singleturn|p2a: Kingambit|Protect\n|move|p2b: Sneasler|Dire Claw|p1a: Floette\n|-activate|p1a: Floette|move: Protect\n|\n|upkeep\n|turn|2\n|inactive|thelagger has 30 seconds left.\n|\n|t:|1776651479\n|switch|p1a: Aerodactyl|Aerodactyl, L50, F|100/100\n|-ability|p1a: Aerodactyl|Unnerve\n|switch|p2a: Sinistcha|Sinistcha, L50|100/100\n|move|p2b: Sneasler|Dire Claw|p1a: Aerodactyl\n|-resisted|p1a: Aerodactyl|1\n|-damage|p1a: Aerodactyl|65/100\n|-status|p1a: Aerodactyl|psn\n|move|p1b: Sneasler|Rock Tomb|p2a: Sinistcha\n|-damage|p2a: Sinistcha|83/100\n|-unboost|p2a: Sinistcha|spe|1\n|\n|-damage|p1a: Aerodactyl|53/100 psn|[from] psn\n|upkeep\n|turn|3\n|inactive|lessa_ped has 30 seconds left.\n|\n|t:|1776651504\n|switch|p2b: Politoed|Politoed, L50, M|100/100\n|-weather|RainDance|[from] ability: Drizzle|[of] p2b: Politoed\n|move|p2a: Sinistcha|Protect|p2a: Sinistcha\n|-singleturn|p2a: Sinistcha|Protect\n|move|p1a: Aerodactyl|Tailwind|p1a: Aerodactyl\n|-sidestart|p1: thelagger|move: Tailwind\n|move|p1b: Sneasler|Dire Claw|p2a: Sinistcha\n|-activate|p2a: Sinistcha|move: Protect\n|\n|-weather|RainDance|[upkeep]\n|-damage|p1a: Aerodactyl|40/100 psn|[from] psn\n|upkeep\n|turn|4\n|inactive|lessa_ped has 30 seconds left.\n|\n|t:|1776651533\n|move|p1a: Aerodactyl|Dual Wingbeat|p2a: Sinistcha\n|-supereffective|p2a: Sinistcha|1\n|-damage|p2a: Sinistcha|56/100\n|-supereffective|p2a: Sinistcha|1\n|-damage|p2a: Sinistcha|28/100\n|-hitcount|p2a: Sinistcha|2\n|move|p1b: Sneasler|Close Combat|p2b: Politoed\n|-damage|p2b: Politoed|37/100\n|-unboost|p1b: Sneasler|def|1\n|-unboost|p1b: Sneasler|spd|1\n|-enditem|p1b: Sneasler|White Herb\n|-clearnegativeboost|p1b: Sneasler|[silent]\n|move|p2b: Politoed|Weather Ball|p1a: Aerodactyl\n|-supereffective|p1a: Aerodactyl|1\n|-damage|p1a: Aerodactyl|0 fnt\n|faint|p1a: Aerodactyl\n|move|p2a: Sinistcha|Life Dew|p2a: Sinistcha|[spread] p2a,p2b\n|-heal|p2a: Sinistcha|53/100\n|-heal|p2b: Politoed|61/100\n|\n|-weather|RainDance|[upkeep]\n|-heal|p2b: Politoed|68/100|[from] item: Leftovers\n|upkeep\n|\n|t:|1776651544\n|switch|p1a: Floette|Floette-Mega, L50, F|100/100\n|-ability|p1a: Floette|Fairy Aura\n|turn|5\n|\n|t:|1776651563\n|switch|p2b: Sneasler|Sneasler, L50, M|100/100\n|move|p2a: Sinistcha|Protect|p2a: Sinistcha\n|-singleturn|p2a: Sinistcha|Protect\n|move|p1b: Sneasler|Dire Claw|p2b: Sneasler\n|-resisted|p2b: Sneasler|1\n|-damage|p2b: Sneasler|64/100\n|move|p1a: Floette|Dazzling Gleam|p2b: Sneasler|[spread] p2b\n|-activate|p2a: Sinistcha|move: Protect\n|-damage|p2b: Sneasler|0 fnt\n|faint|p2b: Sneasler\n|\n|-weather|RainDance|[upkeep]\n|upkeep\n|\n|t:|1776651580\n|switch|p2b: Politoed|Politoed, L50, M|68/100\n|turn|6\n|\n|t:|1776651587\n|switch|p2a: Kingambit|Kingambit, L50, F, shiny|100/100\n|move|p2b: Politoed|Protect|p2b: Politoed\n|-singleturn|p2b: Politoed|Protect\n|move|p1b: Sneasler|Dire Claw|p2a: Kingambit\n|-immune|p2a: Kingambit\n|move|p1a: Floette|Dazzling Gleam|p2b: Politoed|[spread] p2a\n|-activate|p2b: Politoed|move: Protect\n|-damage|p2a: Kingambit|52/100\n|\n|-weather|RainDance|[upkeep]\n|-heal|p2b: Politoed|74/100|[from] item: Leftovers\n|-sideend|p1: thelagger|move: Tailwind\n|upkeep\n|turn|7\n|inactive|lessa_ped has 30 seconds left.\n|\n|t:|1776651614\n|move|p2a: Kingambit|Protect|p2a: Kingambit\n|-singleturn|p2a: Kingambit|Protect\n|move|p1b: Sneasler|Close Combat|p2a: Kingambit\n|-activate|p2a: Kingambit|move: Protect\n|move|p1a: Floette|Dazzling Gleam|p2a: Kingambit|[spread] p2b\n|-activate|p2a: Kingambit|move: Protect\n|-damage|p2b: Politoed|36/100\n|move|p2b: Politoed|Weather Ball|p1b: Sneasler\n|-damage|p1b: Sneasler|35/100\n|\n|-weather|none\n|-heal|p2b: Politoed|42/100|[from] item: Leftovers\n|upkeep\n|turn|8\n|inactive|thelagger has 30 seconds left.\n|inactive|lessa_ped has 30 seconds left.\n|inactive|lessa_ped has 20 seconds left.\n|inactive|lessa_ped has 15 seconds left.\n|\n|t:|1776651655\n|move|p2b: Politoed|Protect|p2b: Politoed\n|-singleturn|p2b: Politoed|Protect\n|move|p2a: Kingambit|Sucker Punch|p1b: Sneasler\n|-resisted|p1b: Sneasler|1\n|-damage|p1b: Sneasler|0 fnt\n|faint|p1b: Sneasler\n|move|p1a: Floette|Moonblast|p2a: Kingambit\n|-damage|p2a: Kingambit|0 fnt\n|faint|p2a: Kingambit\n|\n|-heal|p2b: Politoed|48/100|[from] item: Leftovers\n|upkeep\n|\n|t:|1776651662\n|switch|p1b: Basculegion|Basculegion, L50, M|100/100\n|switch|p2a: Sinistcha|Sinistcha, L50|53/100\n|-heal|p2b: Politoed|73/100|[from] ability: Hospitality|[of] p2a: Sinistcha\n|turn|9\n|\n|t:|1776651677\n|move|p2a: Sinistcha|Protect|p2a: Sinistcha\n|-singleturn|p2a: Sinistcha|Protect\n|move|p1b: Basculegion|Last Respects|p2b: Politoed\n|-damage|p2b: Politoed|0 fnt\n|faint|p2b: Politoed\n|move|p1a: Floette|Light of Ruin|p2a: Sinistcha\n|-activate|p2a: Sinistcha|move: Protect\n|\n|upkeep\n|turn|10\n|\n|t:|1776651686\n|move|p1b: Basculegion|Last Respects|p2a: Sinistcha\n|-supereffective|p2a: Sinistcha|1\n|-damage|p2a: Sinistcha|0 fnt\n|faint|p2a: Sinistcha\n|\n|win|thelagger\n|raw|thelagger's rating: 1187 &rarr; <strong>1214</strong><br />(+27 for winning)\n|raw|lessa_ped's rating: 1213 &rarr; <strong>1186</strong><br />(-27 for losing)\n|l|\u2606thelagger\n|player|p1|\n",
  "uploadtime": 1776651690,
  "views": 5,
  "formatid": "gen9championsvgc2026regma",
  "rating": 1186,
  "private": 0,
  "password": null
}