{
  "id": "gen9championsvgc2026regma-2583913752",
  "format": "[Gen 9 Champions] VGC 2026 Reg M-A",
  "players": [
    "KMMULLER2020",
    "QUAKEVOID"
  ],
  "log": "|j|\u2606KMMULLER2020\n|j|\u2606QUAKEVOID\n|t:|1776207809\n|gametype|doubles\n|player|p1|KMMULLER2020|266|1091\n|player|p2|QUAKEVOID|265|1000\n|gen|9\n|tier|[Gen 9 Champions] VGC 2026 Reg M-A\n|rated|\n|rule|Species Clause: Limit one of each Pok\u00e9mon\n|rule|Item Clause: Limit 1 of each item\n|clearpoke\n|poke|p1|Typhlosion-Hisui, L50, F|\n|poke|p1|Tauros-Paldea-Aqua, L50, M|\n|poke|p1|Venusaur, L50, F|\n|poke|p1|Gardevoir, L50, F|\n|poke|p1|Dragapult, L50, F|\n|poke|p1|Orthworm, L50, F|\n|poke|p2|Aegislash, L50, M|\n|poke|p2|Delphox, L50, F|\n|poke|p2|Aerodactyl, L50, F|\n|poke|p2|Weavile, L50, M|\n|poke|p2|Altaria, L50, M|\n|poke|p2|Tauros-Paldea-Aqua, L50, M|\n|teampreview|4\n|inactive|Battle timer is ON: inactive players will automatically lose when time's up. (requested by KMMULLER2020)\nQUAKEVOID has agreed to open team sheets.\n|inactive|KMMULLER2020 has 60 seconds left.\n|\n|t:|1776207853\n|teamsize|p1|4\n|teamsize|p2|4\n|start\n|switch|p1a: Typhlosion|Typhlosion-Hisui, L50, F|100/100\n|switch|p1b: Dragapult|Dragapult, L50, F|100/100\n|switch|p2a: Aegislash|Aegislash, L50, M|100/100\n|switch|p2b: Delphox|Delphox, L50, F|100/100\n|-item|p2a: Aegislash|Sitrus Berry|[from] ability: Frisk|[of] p1a: Typhlosion\n|-item|p2b: Delphox|Delphoxite|[from] ability: Frisk|[of] p1a: Typhlosion\n|turn|1\n|\n|t:|1776207878\n|detailschange|p2b: Delphox|Delphox-Mega, L50, F\n|-mega|p2b: Delphox|Delphox|Delphoxite\n|move|p2a: Aegislash|Wide Guard|p2a: Aegislash\n|-singleturn|p2a: Aegislash|Wide Guard\n|move|p1a: Typhlosion|Heat Wave|p2b: Delphox|[spread] \n|-activate|p2a: Aegislash|move: Wide Guard\n|-activate|p2b: Delphox|move: Wide Guard\n|move|p1b: Dragapult|Phantom Force||[still]\n|-prepare|p1b: Dragapult|Phantom Force\n|move|p2b: Delphox|Dazzling Gleam|p1b: Dragapult|[spread] p1a\n|-miss|p2b: Delphox|p1b: Dragapult\n|-resisted|p1a: Typhlosion|1\n|-damage|p1a: Typhlosion|85/100\n|\n|upkeep\n|turn|2\n|\n|t:|1776207896\n|move|p2b: Delphox|Protect|p2b: Delphox\n|-singleturn|p2b: Delphox|Protect\n|move|p1a: Typhlosion|Heat Wave|p2a: Aegislash|[spread] p2a\n|-activate|p2b: Delphox|move: Protect\n|-supereffective|p2a: Aegislash|1\n|-damage|p2a: Aegislash|47/100\n|-enditem|p2a: Aegislash|Sitrus Berry|[eat]\n|-heal|p2a: Aegislash|71/100|[from] item: Sitrus Berry\n|move|p1b: Dragapult|Phantom Force|p2b: Delphox|[from] lockedmove\n|-activate|p2b: Delphox|move: Phantom Force|[broken]\n|-supereffective|p2b: Delphox|1\n|-damage|p2b: Delphox|0 fnt\n|faint|p2b: Delphox\n|-formechange|p2a: Aegislash|Aegislash-Blade|\n|move|p2a: Aegislash|Shadow Ball|p1a: Typhlosion\n|-supereffective|p1a: Typhlosion|1\n|-damage|p1a: Typhlosion|0 fnt\n|faint|p1a: Typhlosion\n|\n|upkeep\n|\n|t:|1776207921\n|switch|p2b: Weavile|Weavile, L50, M|100/100\n|switch|p1a: Gardevoir|Gardevoir, L50, F|100/100\n|-ability|p2b: Weavile|Pressure\n|turn|3\n|inactive|QUAKEVOID has 30 seconds left.\n|\n|t:|1776207947\n|move|p1a: Gardevoir|Protect|p1a: Gardevoir\n|-singleturn|p1a: Gardevoir|Protect\n|-formechange|p2a: Aegislash|Aegislash|\n|move|p2a: Aegislash|King's Shield|p2a: Aegislash\n|-singleturn|p2a: Aegislash|Protect\n|move|p2b: Weavile|Icicle Crash|p1b: Dragapult\n|-supereffective|p1b: Dragapult|1\n|-enditem|p1b: Dragapult|Focus Sash\n|-damage|p1b: Dragapult|1/100\n|move|p1b: Dragapult|Phantom Force||[still]\n|-prepare|p1b: Dragapult|Phantom Force\n|\n|upkeep\n|turn|4\n|\n|t:|1776207965\n|switch|p1a: Tauros|Tauros-Paldea-Aqua, L50, M|100/100\n|-ability|p1a: Tauros|Intimidate|boost\n|-unboost|p2a: Aegislash|atk|1\n|-unboost|p2b: Weavile|atk|1\n|switch|p2a: Aerodactyl|Aerodactyl, L50, F|100/100\n|-ability|p2a: Aerodactyl|Unnerve\n|move|p2b: Weavile|Icicle Crash|p1a: Tauros\n|-resisted|p1a: Tauros|1\n|-damage|p1a: Tauros|85/100\n|move|p1b: Dragapult|Phantom Force|p2a: Aerodactyl|[from] lockedmove\n|-damage|p2a: Aerodactyl|31/100\n|\n|upkeep\n|turn|5\n|\n|t:|1776207986\n|move|p2b: Weavile|Icicle Crash|p1b: Dragapult\n|-supereffective|p1b: Dragapult|1\n|-damage|p1b: Dragapult|0 fnt\n|faint|p1b: Dragapult\n|move|p2a: Aerodactyl|Tailwind|p2a: Aerodactyl\n|-sidestart|p2: QUAKEVOID|move: Tailwind\n|move|p1a: Tauros|Rock Slide|p2a: Aerodactyl|[spread] \n|-miss|p1a: Tauros|p2a: Aerodactyl\n|-miss|p1a: Tauros|p2b: Weavile\n|\n|upkeep\n|\n|t:|1776207997\n|switch|p1b: Gardevoir|Gardevoir, L50, F|100/100\n|turn|6\n|\n|t:|1776208012\n|switch|p2b: Aegislash|Aegislash, L50, M|71/100\n|detailschange|p1b: Gardevoir|Gardevoir-Mega, L50, F\n|-mega|p1b: Gardevoir|Gardevoir|Gardevoirite\n|move|p1a: Tauros|Protect|p1a: Tauros\n|-singleturn|p1a: Tauros|Protect\n|move|p2a: Aerodactyl|Dual Wingbeat|p1a: Tauros\n|-activate|p1a: Tauros|move: Protect\n|move|p1b: Gardevoir|Hyper Voice|p2b: Aegislash|[spread] p2a,p2b\n|-resisted|p2b: Aegislash|1\n|-damage|p2a: Aerodactyl|0 fnt\n|-damage|p2b: Aegislash|53/100\n|faint|p2a: Aerodactyl\n|\n|upkeep\n|\n|t:|1776208025\n|switch|p2a: Weavile|Weavile, L50, M|100/100\n|-ability|p2a: Weavile|Pressure\n|turn|7\n|\n|t:|1776208041\n|move|p1b: Gardevoir|Protect|p1b: Gardevoir\n|-singleturn|p1b: Gardevoir|Protect\n|move|p2b: Aegislash|Wide Guard|p2b: Aegislash\n|-singleturn|p2b: Aegislash|Wide Guard\n|move|p2a: Weavile|Poison Jab|p1b: Gardevoir\n|-activate|p1b: Gardevoir|move: Protect\n|move|p1a: Tauros|Close Combat|p2a: Weavile\n|-supereffective|p2a: Weavile|2\n|-damage|p2a: Weavile|0 fnt\n|-unboost|p1a: Tauros|def|1\n|-unboost|p1a: Tauros|spd|1\n|faint|p2a: Weavile\n|\n|upkeep\n|turn|8\n|\n|t:|1776208058\n|move|p2b: Aegislash|King's Shield|p2b: Aegislash\n|-singleturn|p2b: Aegislash|Protect\n|move|p1a: Tauros|Protect|p1a: Tauros\n|-singleturn|p1a: Tauros|Protect\n|move|p1b: Gardevoir|Calm Mind|p1b: Gardevoir\n|-boost|p1b: Gardevoir|spa|1\n|-boost|p1b: Gardevoir|spd|1\n|\n|-sideend|p2: QUAKEVOID|move: Tailwind\n|upkeep\n|turn|9\n|\n|t:|1776208069\n|move|p1a: Tauros|Raging Bull|p2b: Aegislash\n|-damage|p2b: Aegislash|21/100\n|move|p1b: Gardevoir|Hyper Voice|p2b: Aegislash\n|-resisted|p2b: Aegislash|1\n|-damage|p2b: Aegislash|0 fnt\n|faint|p2b: Aegislash\n|\n|win|KMMULLER2020\n|raw|KMMULLER2020's rating: 1091 &rarr; <strong>1111</strong><br />(+20 for winning)\n|raw|QUAKEVOID's rating: 1000 &rarr; <strong>1000</strong><br />(+0 for losing)\n|l|\u2606QUAKEVOID\n|player|p2|\n",
  "uploadtime": 1776208165,
  "views": 16,
  "formatid": "gen9championsvgc2026regma",
  "rating": 1000,
  "private": 0,
  "password": null
}