{
  "id": "gen9championsvgc2026regma-2585312206",
  "format": "[Gen 9 Champions] VGC 2026 Reg M-A",
  "players": [
    "jd8erh",
    "Palmeirinthianense"
  ],
  "log": "|j|\u2606jd8erh\n|j|\u2606Palmeirinthianense\n|t:|1776336628\n|gametype|doubles\n|player|p1|jd8erh|102|1440\n|player|p2|Palmeirinthianense|swimmer-gen4dp|1430\n|gen|9\n|tier|[Gen 9 Champions] VGC 2026 Reg M-A\n|rated|\n|rule|Species Clause: Limit one of each Pok\u00e9mon\n|rule|Item Clause: Limit 1 of each item\n|clearpoke\n|poke|p1|Sinistcha, L50|\n|poke|p1|Sneasler, L50, M|\n|poke|p1|Charizard, L50, M|\n|poke|p1|Scizor, L50, F|\n|poke|p1|Basculegion, L50, M|\n|poke|p1|Dragapult, L50, M|\n|poke|p2|Kangaskhan, L50, F|\n|poke|p2|Incineroar, L50, F|\n|poke|p2|Milotic, L50, F|\n|poke|p2|Sneasler, L50, M|\n|poke|p2|Floette-Eternal, L50, F|\n|poke|p2|Sinistcha, L50|\n|teampreview|4\n|inactive|Battle timer is ON: inactive players will automatically lose when time's up. (requested by Palmeirinthianense)\n|inactive|jd8erh also wants the timer to be on.\njd8erh has agreed to open team sheets.\n|j| Camila\u2764\ufe0fTurtleboy\n|inactive|jd8erh has 60 seconds left.\n|inactive|Palmeirinthianense has 60 seconds left.\n|\n|t:|1776336669\n|teamsize|p1|4\n|teamsize|p2|4\n|start\n|switch|p1a: Dragapult|Dragapult, L50, M|100/100\n|switch|p1b: Basculegion|Basculegion, L50, M, shiny|100/100\n|switch|p2a: Incineroar|Incineroar, L50, F, shiny|100/100\n|switch|p2b: Sneasler|Sneasler, L50, M|100/100\n|-ability|p2a: Incineroar|Intimidate|boost\n|-fail|p1a: Dragapult|unboost|[from] ability: Clear Body|[of] p1a: Dragapult\n|-unboost|p1b: Basculegion|atk|1\n|turn|1\n|inactive|Palmeirinthianense has 30 seconds left.\n|\n|t:|1776336696\n|switch|p2b: Milotic|Milotic, L50, F, shiny|100/100\n|switch|p2a: Kangaskhan|Kangaskhan, L50, F|100/100\n|move|p1a: Dragapult|Will-O-Wisp|p2b: Milotic\n|-status|p2b: Milotic|brn\n|move|p1b: Basculegion|Flip Turn|p2a: Kangaskhan\n|-damage|p2a: Kangaskhan|70/100\n|\n|t:|1776336703\n|switch|p1b: Scizor|Scizor, L50, F|100/100|[from] Flip Turn\n|\n|-damage|p2b: Milotic|94/100 brn|[from] brn\n|upkeep\n|turn|2\n|\n|t:|1776336717\n|switch|p2b: Incineroar|Incineroar, L50, F, shiny|100/100\n|-ability|p2b: Incineroar|Intimidate|boost\n|-fail|p1a: Dragapult|unboost|[from] ability: Clear Body|[of] p1a: Dragapult\n|-unboost|p1b: Scizor|atk|1\n|move|p1b: Scizor|Protect|p1b: Scizor\n|-singleturn|p1b: Scizor|Protect\n|move|p2a: Kangaskhan|Fake Out|p1a: Dragapult\n|-damage|p1a: Dragapult|76/100\n|cant|p1a: Dragapult|flinch\n|\n|upkeep\n|turn|3\n|\n|t:|1776336734\n|switch|p2a: Milotic|Milotic, L50, F, shiny|94/100 brn\n|switch|p1b: Sneasler|Sneasler, L50, M|100/100\n|move|p1a: Dragapult|Will-O-Wisp|p2a: Milotic\n|-fail|p2a: Milotic|brn\n|move|p2b: Incineroar|Will-O-Wisp|p1b: Sneasler|[miss]\n|-miss|p2b: Incineroar|p1b: Sneasler\n|\n|-heal|p2a: Milotic|100/100 brn|[from] item: Leftovers\n|-damage|p2a: Milotic|94/100 brn|[from] brn\n|upkeep\n|turn|4\n|\n|t:|1776336748\n|move|p1a: Dragapult|Light Screen|p1a: Dragapult\n|-sidestart|p1: jd8erh|move: Light Screen\n|move|p1b: Sneasler|Close Combat|p2b: Incineroar\n|-supereffective|p2b: Incineroar|1\n|-enditem|p2b: Incineroar|Chople Berry|[eat]\n|-enditem|p2b: Incineroar|Chople Berry|[weaken]\n|-damage|p2b: Incineroar|44/100\n|-unboost|p1b: Sneasler|def|1\n|-unboost|p1b: Sneasler|spd|1\n|-enditem|p1b: Sneasler|White Herb\n|-clearnegativeboost|p1b: Sneasler|[silent]\n|move|p2a: Milotic|Ice Beam|p1a: Dragapult\n|-supereffective|p1a: Dragapult|1\n|-damage|p1a: Dragapult|33/100\n|move|p2b: Incineroar|Will-O-Wisp|p1b: Sneasler\n|-status|p1b: Sneasler|brn\n|\n|-heal|p2a: Milotic|100/100 brn|[from] item: Leftovers\n|-damage|p1b: Sneasler|95/100 brn|[from] brn\n|-damage|p2a: Milotic|94/100 brn|[from] brn\n|upkeep\n|turn|5\n|\n|t:|1776336772\n|switch|p1a: Basculegion|Basculegion, L50, M, shiny|100/100\n|switch|p2b: Sneasler|Sneasler, L50, M|100/100\n|move|p1b: Sneasler|Close Combat|p2b: Sneasler\n|-resisted|p2b: Sneasler|1\n|-damage|p2b: Sneasler|76/100\n|-unboost|p1b: Sneasler|def|1\n|-unboost|p1b: Sneasler|spd|1\n|move|p2a: Milotic|Ice Beam|p1a: Basculegion\n|-resisted|p1a: Basculegion|1\n|-damage|p1a: Basculegion|91/100\n|\n|-heal|p2a: Milotic|100/100 brn|[from] item: Leftovers\n|-damage|p1b: Sneasler|89/100 brn|[from] brn\n|-damage|p2a: Milotic|94/100 brn|[from] brn\n|upkeep\n|turn|6\n|\n|t:|1776336788\n|move|p2b: Sneasler|Protect|p2b: Sneasler\n|-singleturn|p2b: Sneasler|Protect\n|move|p1b: Sneasler|Coaching|p1a: Basculegion\n|-boost|p1a: Basculegion|atk|1\n|-boost|p1a: Basculegion|def|1\n|move|p1a: Basculegion|Wave Crash|p2b: Sneasler\n|-activate|p2b: Sneasler|move: Protect\n|move|p2a: Milotic|Scald|p1a: Basculegion\n|-resisted|p1a: Basculegion|1\n|-damage|p1a: Basculegion|77/100\n|\n|-heal|p2a: Milotic|100/100 brn|[from] item: Leftovers\n|-damage|p1b: Sneasler|83/100 brn|[from] brn\n|-damage|p2a: Milotic|94/100 brn|[from] brn\n|upkeep\n|turn|7\n|\n|t:|1776336811\n|move|p1b: Sneasler|Coaching|p1a: Basculegion\n|-boost|p1a: Basculegion|atk|1\n|-boost|p1a: Basculegion|def|1\n|move|p1a: Basculegion|Wave Crash|p2b: Sneasler\n|-damage|p2b: Sneasler|0 fnt\n|faint|p2b: Sneasler\n|-damage|p1a: Basculegion|57/100|[from] Recoil\n|move|p2a: Milotic|Scald|p1a: Basculegion\n|-resisted|p1a: Basculegion|1\n|-crit|p1a: Basculegion\n|-damage|p1a: Basculegion|28/100\n|\n|-heal|p2a: Milotic|100/100 brn|[from] item: Leftovers\n|-damage|p1b: Sneasler|77/100 brn|[from] brn\n|-damage|p2a: Milotic|94/100 brn|[from] brn\n|upkeep\n|\n|t:|1776336825\n|switch|p2b: Kangaskhan|Kangaskhan, L50, F|70/100\n|turn|8\n|\n|t:|1776336835\n|detailschange|p2b: Kangaskhan|Kangaskhan-Mega, L50, F\n|-mega|p2b: Kangaskhan|Kangaskhan|Kangaskhanite\n|move|p2b: Kangaskhan|Sucker Punch|p1a: Basculegion\n|-supereffective|p1a: Basculegion|1\n|-damage|p1a: Basculegion|0 fnt\n|faint|p1a: Basculegion\n|-hitcount|p1: Basculegion|1\n|move|p1b: Sneasler|Close Combat|p2b: Kangaskhan\n|-supereffective|p2b: Kangaskhan|1\n|-damage|p2b: Kangaskhan|24/100\n|-unboost|p1b: Sneasler|def|1\n|-unboost|p1b: Sneasler|spd|1\n|move|p2a: Milotic|Scald|p1b: Sneasler\n|-damage|p1b: Sneasler|25/100 brn\n|\n|-heal|p2a: Milotic|100/100 brn|[from] item: Leftovers\n|-damage|p1b: Sneasler|19/100 brn|[from] brn\n|-damage|p2a: Milotic|94/100 brn|[from] brn\n|-sideend|p1: jd8erh|move: Light Screen\n|upkeep\n|\n|t:|1776336840\n|switch|p1a: Scizor|Scizor, L50, F|100/100\n|turn|9\n|inactive|Palmeirinthianense has 30 seconds left.\n|\n|t:|1776336868\n|switch|p2b: Incineroar|Incineroar, L50, F, shiny|44/100\n|-ability|p2b: Incineroar|Intimidate|boost\n|-unboost|p1a: Scizor|atk|1\n|-unboost|p1b: Sneasler|atk|1\n|detailschange|p1a: Scizor|Scizor-Mega, L50, F\n|-mega|p1a: Scizor|Scizor|Scizorite\n|move|p1b: Sneasler|Coaching|p1a: Scizor\n|-boost|p1a: Scizor|atk|1\n|-boost|p1a: Scizor|def|1\n|move|p2a: Milotic|Scald|p1a: Scizor\n|-damage|p1a: Scizor|67/100\n|move|p1a: Scizor|Swords Dance|p1a: Scizor\n|-boost|p1a: Scizor|atk|2\n|\n|-heal|p2a: Milotic|100/100 brn|[from] item: Leftovers\n|-damage|p1b: Sneasler|13/100 brn|[from] brn\n|-damage|p2a: Milotic|94/100 brn|[from] brn\n|upkeep\n|turn|10\n|\n|t:|1776336893\n|move|p2b: Incineroar|Fake Out|p1b: Sneasler\n|-damage|p1b: Sneasler|0 fnt\n|faint|p1b: Sneasler\n|move|p2a: Milotic|Scald|p1a: Scizor\n|-damage|p1a: Scizor|34/100\n|-status|p1a: Scizor|brn\n|move|p1a: Scizor|Bug Bite|p2b: Incineroar\n|-damage|p2b: Incineroar|0 fnt\n|faint|p2b: Incineroar\n|\n|-heal|p2a: Milotic|100/100 brn|[from] item: Leftovers\n|-damage|p2a: Milotic|94/100 brn|[from] brn\n|-damage|p1a: Scizor|28/100 brn|[from] brn\n|upkeep\n|l|\u2606jd8erh\n|inactive|jd8erh disconnected and has a minute to reconnect!\n|player|p1|\n|\n|t:|1776336903\n|switch|p1b: Dragapult|Dragapult, L50, M|33/100\n|switch|p2b: Kangaskhan|Kangaskhan-Mega, L50, F|24/100\n|turn|11\n|j|\u2606jd8erh\n|inactive|jd8erh reconnected and has 55 seconds left.\n|player|p1|jd8erh|102|\n|\n|t:|1776336918\n|move|p1a: Scizor|Protect|p1a: Scizor\n|-singleturn|p1a: Scizor|Protect\n|move|p2b: Kangaskhan|Fake Out|p1b: Dragapult\n|-immune|p1b: Dragapult\n|move|p1b: Dragapult|Light Screen|p1b: Dragapult\n|-sidestart|p1: jd8erh|move: Light Screen\n|move|p2a: Milotic|Scald|p1a: Scizor\n|-activate|p1a: Scizor|move: Protect\n|\n|-heal|p2a: Milotic|100/100 brn|[from] item: Leftovers\n|-damage|p2a: Milotic|94/100 brn|[from] brn\n|-damage|p1a: Scizor|21/100 brn|[from] brn\n|upkeep\n|turn|12\n|\n|t:|1776336937\n|move|p1a: Scizor|Protect||[still]\n|-fail|p1a: Scizor\n|move|p2b: Kangaskhan|Sucker Punch||[still]\n|-fail|p2b: Kangaskhan\n|move|p1b: Dragapult|Will-O-Wisp|p2b: Kangaskhan\n|-status|p2b: Kangaskhan|brn\n|move|p2a: Milotic|Scald|p1a: Scizor\n|-damage|p1a: Scizor|0 fnt\n|faint|p1a: Scizor\n|\n|-heal|p2a: Milotic|100/100 brn|[from] item: Leftovers\n|-damage|p2b: Kangaskhan|18/100 brn|[from] brn\n|-damage|p2a: Milotic|94/100 brn|[from] brn\n|upkeep\n|turn|13\n|\n|t:|1776336948\n|move|p2b: Kangaskhan|Sucker Punch|p1b: Dragapult\n|-supereffective|p1b: Dragapult|1\n|-damage|p1b: Dragapult|0 fnt\n|faint|p1b: Dragapult\n|-hitcount|p1: Dragapult|1\n|\n|win|Palmeirinthianense\n|raw|jd8erh's rating: 1440 &rarr; <strong>1419</strong><br />(-21 for losing)\n|raw|Palmeirinthianense's rating: 1430 &rarr; <strong>1451</strong><br />(+21 for winning)\n|l|\u2606jd8erh\n|player|p1|\n|c|\u2606Palmeirinthianense|Gg\n|l| Camila\u2764\ufe0fTurtleboy\n",
  "uploadtime": 1776336967,
  "views": 40,
  "formatid": "gen9championsvgc2026regma",
  "rating": 1419,
  "private": 0,
  "password": null
}