{
  "id": "gen9championsvgc2026regma-2585797997",
  "format": "[Gen 9 Champions] VGC 2026 Reg M-A",
  "players": [
    "Boneyard00",
    "outofthebox215"
  ],
  "log": "|j|\u2606Boneyard00\n|j|\u2606outofthebox215\n|t:|1776371383\n|gametype|doubles\n|player|p1|Boneyard00|acetrainer-gen4dp|1110\n|player|p2|outofthebox215|101|1116\n|gen|9\n|tier|[Gen 9 Champions] VGC 2026 Reg M-A\n|rated|\n|rule|Species Clause: Limit one of each Pok\u00e9mon\n|rule|Item Clause: Limit 1 of each item\n|clearpoke\n|poke|p1|Abomasnow, L50, M|\n|poke|p1|Talonflame, L50, F|\n|poke|p1|Avalugg, L50, F|\n|poke|p1|Basculegion, L50, M|\n|poke|p1|Vanilluxe, L50, M|\n|poke|p1|Froslass, L50, F|\n|poke|p2|Tyranitar, L50, F|\n|poke|p2|Starmie, L50|\n|poke|p2|Gyarados, L50, F|\n|poke|p2|Runerigus, L50, M|\n|poke|p2|Meowscarada, L50, M|\n|poke|p2|Floette-Eternal, L50, F|\n|teampreview|4\n|inactive|Battle timer is ON: inactive players will automatically lose when time's up. (requested by Boneyard00)\n|inactive|outofthebox215 has 60 seconds left.\n|\n|t:|1776371443\n|teamsize|p1|4\n|teamsize|p2|4\n|start\n|switch|p1a: Winnebago|Basculegion, L50, M|100/100\n|switch|p1b: Caribbean|Talonflame, L50, F|100/100\n|switch|p2a: Tyranitar|Tyranitar, L50, F, shiny|100/100\n|switch|p2b: Meowscarada|Meowscarada, L50, M, shiny|100/100\n|-weather|Sandstorm|[from] ability: Sand Stream|[of] p2a: Tyranitar\n|turn|1\n|inactive|Boneyard00 has 30 seconds left.\n|inactive|Boneyard00 has 20 seconds left.\n|inactive|Boneyard00 has 15 seconds left.\n|inactive|Boneyard00 has 10 seconds left.\n|\n|t:|1776371493\n|move|p1b: Caribbean|Tailwind|p1b: Caribbean\n|-sidestart|p1: Boneyard00|move: Tailwind\n|move|p2b: Meowscarada|Sucker Punch|p1a: Winnebago\n|-start|p2b: Meowscarada|typechange|Dark|[from] ability: Protean\n|-supereffective|p1a: Winnebago|1\n|-damage|p1a: Winnebago|14/100\n|move|p1a: Winnebago|Wave Crash|p2a: Tyranitar\n|-supereffective|p2a: Tyranitar|1\n|-damage|p2a: Tyranitar|0 fnt\n|faint|p2a: Tyranitar\n|-damage|p1a: Winnebago|0 fnt|[from] Recoil\n|faint|p1a: Winnebago\n|\n|-weather|Sandstorm|[upkeep]\n|-damage|p1b: Caribbean|95/100|[from] Sandstorm\n|-damage|p2b: Meowscarada|95/100|[from] Sandstorm\n|upkeep\n|\n|t:|1776371508\n|switch|p1a: Northwoods|Abomasnow, L50, M|100/100\n|switch|p2a: Starmie|Starmie, L50, shiny|100/100\n|-weather|Snowscape|[from] ability: Snow Warning|[of] p1a: Northwoods\n|turn|2\n|\n|t:|1776371523\n|switch|p2b: Floette|Floette-Eternal, L50, F|100/100\n|detailschange|p2a: Starmie|Starmie-Mega, L50, shiny\n|-mega|p2a: Starmie|Starmie|Starminite\n|detailschange|p1a: Northwoods|Abomasnow-Mega, L50, M\n|-mega|p1a: Northwoods|Abomasnow|Abomasite\n|move|p1b: Caribbean|U-turn|p2b: Floette\n|-resisted|p2b: Floette|1\n|-damage|p2b: Floette|90/100\n|-heal|p1b: Caribbean|96/100|[from] item: Shell Bell|[of] p2b: Floette\n|\n|t:|1776371532\n|switch|p1b: LUGGNUT|Avalugg, L50, F|100/100|[from] U-turn\n|move|p2a: Starmie|Liquidation|p1b: LUGGNUT\n|-damage|p1b: LUGGNUT|70/100\n|move|p1a: Northwoods|Aurora Veil|p1a: Northwoods\n|-sidestart|p1: Boneyard00|move: Aurora Veil\n|\n|-weather|Snowscape|[upkeep]\n|-heal|p1b: LUGGNUT|76/100|[from] ability: Ice Body\n|-heal|p1b: LUGGNUT|82/100|[from] item: Leftovers\n|upkeep\n|turn|3\n|\n|t:|1776371553\n|move|p2a: Starmie|Protect|p2a: Starmie\n|-singleturn|p2a: Starmie|Protect\n|move|p2b: Floette|Calm Mind|p2b: Floette\n|-boost|p2b: Floette|spa|1\n|-boost|p2b: Floette|spd|1\n|move|p1a: Northwoods|Wood Hammer|p2a: Starmie\n|-activate|p2a: Starmie|move: Protect\n|move|p1b: LUGGNUT|Icicle Crash|p2b: Floette\n|-damage|p2b: Floette|29/100\n|\n|-weather|Snowscape|[upkeep]\n|-heal|p1b: LUGGNUT|88/100|[from] ability: Ice Body\n|-heal|p1b: LUGGNUT|94/100|[from] item: Leftovers\n|upkeep\n|turn|4\n|\n|t:|1776371575\n|switch|p2a: Meowscarada|Meowscarada, L50, M, shiny|95/100\n|move|p1b: LUGGNUT|Wide Guard|p1b: LUGGNUT\n|-singleturn|p1b: LUGGNUT|Wide Guard\n|move|p2b: Floette|Giga Drain|p1b: LUGGNUT\n|-damage|p1b: LUGGNUT|65/100\n|-heal|p2b: Floette|45/100|[from] drain|[of] p1b: LUGGNUT\n|move|p1a: Northwoods|Wood Hammer|p2b: Floette\n|-damage|p2b: Floette|0 fnt\n|faint|p2b: Floette\n|-damage|p1a: Northwoods|88/100|[from] Recoil\n|\n|-weather|Snowscape|[upkeep]\n|-heal|p1b: LUGGNUT|71/100|[from] ability: Ice Body\n|-heal|p1b: LUGGNUT|77/100|[from] item: Leftovers\n|-sideend|p1: Boneyard00|move: Tailwind\n|upkeep\n|\n|t:|1776371586\n|switch|p2b: Starmie|Starmie-Mega, L50, shiny|100/100\n|turn|5\n|\n|t:|1776371603\n|switch|p1a: Caribbean|Talonflame, L50, F|96/100\n|move|p2a: Meowscarada|Flower Trick|p1a: Caribbean\n|-start|p2a: Meowscarada|typechange|Grass|[from] ability: Protean\n|-resisted|p1a: Caribbean|2\n|-crit|p1a: Caribbean\n|-damage|p1a: Caribbean|79/100\n|move|p2b: Starmie|Ice Spinner|p1a: Caribbean\n|-damage|p1a: Caribbean|43/100\n|move|p1b: LUGGNUT|Body Press|p2a: Meowscarada\n|-damage|p2a: Meowscarada|43/100\n|\n|-weather|Snowscape|[upkeep]\n|-heal|p1b: LUGGNUT|83/100|[from] ability: Ice Body\n|-heal|p1b: LUGGNUT|89/100|[from] item: Leftovers\n|upkeep\n|turn|6\n|\n|t:|1776371621\n|move|p2a: Meowscarada|Protect|p2a: Meowscarada\n|-singleturn|p2a: Meowscarada|Protect\n|move|p1a: Caribbean|Tailwind|p1a: Caribbean\n|-sidestart|p1: Boneyard00|move: Tailwind\n|move|p2b: Starmie|Liquidation|p1a: Caribbean\n|-supereffective|p1a: Caribbean|1\n|-crit|p1a: Caribbean\n|-damage|p1a: Caribbean|0 fnt\n|faint|p1a: Caribbean\n|move|p1b: LUGGNUT|Icicle Crash|p2a: Meowscarada\n|-activate|p2a: Meowscarada|move: Protect\n|\n|-weather|none\n|-heal|p1b: LUGGNUT|95/100|[from] item: Leftovers\n|-sideend|p1: Boneyard00|move: Aurora Veil\n|upkeep\n|\n|t:|1776371639\n|switch|p1a: Northwoods|Abomasnow-Mega, L50, M|88/100\n|-weather|Snowscape|[from] ability: Snow Warning|[of] p1a: Northwoods\n|turn|7\n|\n|t:|1776371654\n|move|p1b: LUGGNUT|Wide Guard|p1b: LUGGNUT\n|-singleturn|p1b: LUGGNUT|Wide Guard\n|move|p1a: Northwoods|Ice Shard|p2a: Meowscarada\n|-supereffective|p2a: Meowscarada|1\n|-damage|p2a: Meowscarada|0 fnt\n|faint|p2a: Meowscarada\n|move|p2b: Starmie|Skill Swap|p2: Meowscarada|[notarget]\n|-fail|p2b: Starmie\n|\n|-weather|Snowscape|[upkeep]\n|-heal|p1b: LUGGNUT|100/100|[from] ability: Ice Body\n|upkeep\n|turn|8\n|-message|outofthebox215 forfeited.\n|\n|win|Boneyard00\n|raw|Boneyard00's rating: 1110 &rarr; <strong>1135</strong><br />(+25 for winning)\n|raw|outofthebox215's rating: 1116 &rarr; <strong>1091</strong><br />(-25 for losing)\n|l|\u2606outofthebox215\n|player|p2|\n",
  "uploadtime": 1776371749,
  "views": 28,
  "formatid": "gen9championsvgc2026regma",
  "rating": 1091,
  "private": 0,
  "password": null
}