{
  "id": "gen9championsvgc2026regma-2585964859",
  "format": "[Gen 9 Champions] VGC 2026 Reg M-A",
  "players": [
    "javier 554",
    "ascii_ch"
  ],
  "log": "|j|\u2606javier 554\n|j|\u2606ascii_ch\n|t:|1776385711\n|gametype|doubles\n|player|p1|javier 554|maid|1040\n|player|p2|ascii_ch|miku-ghost|1104\n|gen|9\n|tier|[Gen 9 Champions] VGC 2026 Reg M-A\n|rated|\n|rule|Species Clause: Limit one of each Pok\u00e9mon\n|rule|Item Clause: Limit 1 of each item\n|clearpoke\n|poke|p1|Gengar, L50, F|\n|poke|p1|Incineroar, L50, M|\n|poke|p1|Sinistcha, L50|\n|poke|p1|Politoed, L50, M|\n|poke|p1|Dragonite, L50, F|\n|poke|p1|Whimsicott, L50, F|\n|poke|p2|Chimecho, L50, F|\n|poke|p2|Pelipper, L50, F|\n|poke|p2|Araquanid, L50, M|\n|poke|p2|Sneasler, L50, F|\n|poke|p2|Archaludon, L50, M|\n|poke|p2|Sinistcha, L50|\n|teampreview|4\n|\n|t:|1776385755\n|teamsize|p1|4\n|teamsize|p2|4\n|start\n|switch|p1a: manolo lama|Gengar, L50, F|100/100\n|switch|p1b: Whimsicott|Whimsicott, L50, F|100/100\n|switch|p2a: Chimecho|Chimecho, L50, F|100/100\n|switch|p2b: Sneasler|Sneasler, L50, F|100/100\n|turn|1\n|\n|t:|1776385805\n|detailschange|p2a: Chimecho|Chimecho-Mega, L50, F\n|-mega|p2a: Chimecho|Chimecho|Chimechite\n|move|p1a: manolo lama|Protect|p1a: manolo lama\n|-singleturn|p1a: manolo lama|Protect\n|move|p2b: Sneasler|Fake Out|p1b: Whimsicott\n|-damage|p1b: Whimsicott|88/100\n|cant|p1b: Whimsicott|flinch\n|move|p2a: Chimecho|Calm Mind|p2a: Chimecho\n|-boost|p2a: Chimecho|spa|1\n|-boost|p2a: Chimecho|spd|1\n|\n|upkeep\n|turn|2\n|\n|t:|1776385822\n|detailschange|p1a: manolo lama|Gengar-Mega, L50, F\n|-mega|p1a: manolo lama|Gengar|Gengarite\n|move|p1b: Whimsicott|Encore|p2a: Chimecho\n|-start|p2a: Chimecho|Encore\n|move|p1a: manolo lama|Perish Song|p1a: manolo lama\n|-start|p1a: manolo lama|perish3|[silent]\n|-start|p1b: Whimsicott|perish3|[silent]\n|-start|p2a: Chimecho|perish3|[silent]\n|-start|p2b: Sneasler|perish3|[silent]\n|-fieldactivate|move: Perish Song\n|move|p2b: Sneasler|Dire Claw|p1b: Whimsicott\n|-supereffective|p1b: Whimsicott|2\n|-damage|p1b: Whimsicott|0 fnt\n|faint|p1b: Whimsicott\n|move|p2a: Chimecho|Calm Mind|p2a: Chimecho\n|-boost|p2a: Chimecho|spa|1\n|-boost|p2a: Chimecho|spd|1\n|\n|-start|p1a: manolo lama|perish3\n|-start|p2b: Sneasler|perish3\n|-start|p2a: Chimecho|perish3\n|upkeep\n|\n|t:|1776385858\n|switch|p1b: Sinistcha|Sinistcha, L50|100/100\n|turn|3\n|\n|t:|1776385865\n|move|p1a: manolo lama|Protect|p1a: manolo lama\n|-singleturn|p1a: manolo lama|Protect\n|move|p1b: Sinistcha|Protect|p1b: Sinistcha\n|-singleturn|p1b: Sinistcha|Protect\n|move|p2b: Sneasler|Dire Claw|p1b: Sinistcha\n|-activate|p1b: Sinistcha|move: Protect\n|move|p2a: Chimecho|Calm Mind|p2a: Chimecho\n|-boost|p2a: Chimecho|spa|1\n|-boost|p2a: Chimecho|spd|1\n|\n|-start|p1a: manolo lama|perish2\n|-start|p2b: Sneasler|perish2\n|-start|p2a: Chimecho|perish2\n|upkeep\n|turn|4\n|\n|t:|1776385908\n|move|p1b: Sinistcha|Rage Powder|p1b: Sinistcha\n|-singleturn|p1b: Sinistcha|move: Rage Powder\n|move|p1a: manolo lama|Disable|p2b: Sneasler\n|-start|p2b: Sneasler|Disable|Dire Claw\n|cant|p2b: Sneasler|Disable|Dire Claw\n|move|p2a: Chimecho|Calm Mind|p2a: Chimecho\n|-boost|p2a: Chimecho|spa|1\n|-boost|p2a: Chimecho|spd|1\n|\n|-end|p2a: Chimecho|Encore\n|-start|p1a: manolo lama|perish1\n|-start|p2b: Sneasler|perish1\n|-start|p2a: Chimecho|perish1\n|upkeep\n|turn|5\n|\n|t:|1776385937\n|switch|p1a: Dragonite|Dragonite, L50, F|100/100\n|move|p1b: Sinistcha|Protect|p1b: Sinistcha\n|-singleturn|p1b: Sinistcha|Protect\n|move|p2b: Sneasler|Close Combat|p1a: Dragonite\n|-resisted|p1a: Dragonite|1\n|-damage|p1a: Dragonite|81/100\n|-unboost|p2b: Sneasler|def|1\n|-unboost|p2b: Sneasler|spd|1\n|-enditem|p2b: Sneasler|White Herb\n|-clearnegativeboost|p2b: Sneasler|[silent]\n|move|p2a: Chimecho|Flash Cannon|p1a: Dragonite\n|-damage|p1a: Dragonite|0 fnt\n|faint|p1a: Dragonite\n|\n|-start|p2b: Sneasler|perish0\n|-start|p2a: Chimecho|perish0\n|faint|p2b: Sneasler\n|faint|p2a: Chimecho\n|upkeep\n|\n|t:|1776385955\n|switch|p2b: Archaludon|Archaludon, L50, M|100/100\n|switch|p1a: manolo lama|Gengar-Mega, L50, F|100/100\n|switch|p2a: Pelipper|Pelipper, L50, F|100/100\n|-weather|RainDance|[from] ability: Drizzle|[of] p2a: Pelipper\n|turn|6\n|\n|t:|1776385970\n|move|p1a: manolo lama|Protect|p1a: manolo lama\n|-singleturn|p1a: manolo lama|Protect\n|move|p1b: Sinistcha|Protect|p1b: Sinistcha\n|-singleturn|p1b: Sinistcha|Protect\n|move|p2a: Pelipper|Hurricane|p1b: Sinistcha\n|-activate|p1b: Sinistcha|move: Protect\n|move|p2b: Archaludon|Electro Shot||[still]\n|-prepare|p2b: Archaludon|Electro Shot\n|-boost|p2b: Archaludon|spa|1\n|-anim|p2b: Archaludon|Electro Shot|p1a: manolo lama\n|-activate|p1a: manolo lama|move: Protect\n|\n|-weather|RainDance|[upkeep]\n|upkeep\n|turn|7\n|\n|t:|1776386001\n|move|p1a: manolo lama|Disable|p2b: Archaludon\n|-start|p2b: Archaludon|Disable|Electro Shot\n|move|p2a: Pelipper|Hurricane|p1b: Sinistcha\n|-supereffective|p1b: Sinistcha|1\n|-damage|p1b: Sinistcha|0 fnt\n|faint|p1b: Sinistcha\n|cant|p2b: Archaludon|Disable|Electro Shot\n|\n|-weather|RainDance|[upkeep]\n|upkeep\n|turn|8\n|\n|t:|1776386018\n|move|p1a: manolo lama|Shadow Ball|p2a: Pelipper\n|-damage|p2a: Pelipper|25/100\n|move|p2a: Pelipper|Hurricane|p1a: manolo lama\n|-damage|p1a: manolo lama|48/100\n|move|p2b: Archaludon|Draco Meteor|p1a: manolo lama\n|-damage|p1a: manolo lama|0 fnt\n|-unboost|p2b: Archaludon|spa|2\n|faint|p1a: manolo lama\n|\n|win|ascii_ch\n|raw|javier 554's rating: 1040 &rarr; <strong>1027</strong><br />(-13 for losing)\n|raw|ascii_ch's rating: 1104 &rarr; <strong>1124</strong><br />(+20 for winning)\n|l|\u2606javier 554\n|player|p1|\n",
  "uploadtime": 1776386124,
  "views": 25,
  "formatid": "gen9championsvgc2026regma",
  "rating": 1027,
  "private": 0,
  "password": null
}