{
  "id": "gen9championsvgc2026regma-2588251922",
  "format": "[Gen 9 Champions] VGC 2026 Reg M-A",
  "players": [
    "gogogogogogoj",
    "windowc"
  ],
  "log": "|j|\u2606gogogogogogoj\n|j|\u2606windowc\n|t:|1776618202\n|gametype|doubles\n|player|p1|gogogogogogoj|crasherwake|1115\n|player|p2|windowc|rosa-pokestar2|1106\n|gen|9\n|tier|[Gen 9 Champions] VGC 2026 Reg M-A\n|rated|\n|rule|Species Clause: Limit one of each Pok\u00e9mon\n|rule|Item Clause: Limit 1 of each item\n|clearpoke\n|poke|p1|Scovillain, L50, F|\n|poke|p1|Garchomp, L50, M|\n|poke|p1|Primarina, L50, F|\n|poke|p1|Kingambit, L50, F|\n|poke|p1|Dragonite, L50, M|\n|poke|p1|Sneasler, L50, M|\n|poke|p2|Aerodactyl, L50, M|\n|poke|p2|Chimecho, L50, M|\n|poke|p2|Garchomp, L50, M|\n|poke|p2|Gardevoir, L50, M|\n|poke|p2|Rotom-Wash, L50|\n|poke|p2|Tsareena, L50, F|\n|teampreview|4\n|inactive|Battle timer is ON: inactive players will automatically lose when time's up. (requested by windowc)\n|\n|t:|1776618246\n|teamsize|p1|4\n|teamsize|p2|4\n|start\n|switch|p1a: Primarina|Primarina, L50, F|100/100\n|switch|p1b: Sneasler|Sneasler, L50, M|100/100\n|switch|p2a: Skater Skirt|Gardevoir, L50, M|100/100\n|switch|p2b: Boymoder Hoodie|Rotom-Wash, L50|100/100\n|turn|1\n|inactive|gogogogogogoj has 30 seconds left.\n|\n|t:|1776618272\n|move|p2a: Skater Skirt|Psyshock|p1b: Sneasler\n|-supereffective|p1b: Sneasler|2\n|-enditem|p1b: Sneasler|Focus Sash\n|-damage|p1b: Sneasler|1/100\n|move|p1b: Sneasler|Dire Claw|p2a: Skater Skirt\n|-supereffective|p2a: Skater Skirt|1\n|-damage|p2a: Skater Skirt|0 fnt\n|faint|p2a: Skater Skirt\n|move|p2b: Boymoder Hoodie|Volt Switch|p1a: Primarina\n|-supereffective|p1a: Primarina|1\n|-damage|p1a: Primarina|52/100\n|\n|t:|1776618280\n|switch|p2b: Monster Energy|Chimecho, L50, M|100/100|[from] Volt Switch\n|move|p1a: Primarina|Calm Mind|p1a: Primarina\n|-boost|p1a: Primarina|spa|1\n|-boost|p1a: Primarina|spd|1\n|\n|upkeep\n|\n|t:|1776618290\n|switch|p2a: Bl\u00e5haj|Garchomp, L50, M|100/100\n|turn|2\n|\n|t:|1776618298\n|switch|p1b: Scovillain|Scovillain, L50, F|100/100\n|detailschange|p2b: Monster Energy|Chimecho-Mega, L50, M\n|-mega|p2b: Monster Energy|Chimecho|Chimechite\n|move|p1a: Primarina|Protect|p1a: Primarina\n|-singleturn|p1a: Primarina|Protect\n|move|p2a: Bl\u00e5haj|Earthquake|p1a: Primarina|[spread] p1b\n|-activate|p1a: Primarina|move: Protect\n|-immune|p2b: Monster Energy|[from] ability: Levitate\n|-damage|p1b: Scovillain|55/100\n|move|p2b: Monster Energy|Flash Cannon|p1a: Primarina\n|-activate|p1a: Primarina|move: Protect\n|\n|-ability|p1b: Scovillain|Moody|boost\n|-boost|p1b: Scovillain|spe|2\n|-unboost|p1b: Scovillain|spd|1\n|upkeep\n|turn|3\n|inactive|gogogogogogoj has 30 seconds left.\n|inactive|gogogogogogoj has 20 seconds left.\n|\n|t:|1776618333\n|switch|p2b: Boymoder Hoodie|Rotom-Wash, L50|100/100\n|detailschange|p1b: Scovillain|Scovillain-Mega, L50, F\n|-mega|p1b: Scovillain|Scovillain|Scovillainite\n|move|p1b: Scovillain|Flamethrower|p2b: Boymoder Hoodie\n|-resisted|p2b: Boymoder Hoodie|1\n|-damage|p2b: Boymoder Hoodie|80/100\n|-status|p2b: Boymoder Hoodie|brn\n|move|p2a: Bl\u00e5haj|Earthquake|p1b: Scovillain|[spread] p1a,p1b\n|-immune|p2b: Boymoder Hoodie|[from] ability: Levitate\n|-crit|p1b: Scovillain\n|-damage|p1a: Primarina|9/100\n|-damage|p1b: Scovillain|0 fnt\n|-status|p2a: Bl\u00e5haj|brn|[from] ability: Spicy Spray|[of] p1b: Scovillain\n|-enditem|p1a: Primarina|Sitrus Berry|[eat]\n|-heal|p1a: Primarina|33/100|[from] item: Sitrus Berry\n|faint|p1b: Scovillain\n|move|p1a: Primarina|Moonblast|p2a: Bl\u00e5haj\n|-supereffective|p2a: Bl\u00e5haj|1\n|-crit|p2a: Bl\u00e5haj\n|-damage|p2a: Bl\u00e5haj|0 fnt\n|faint|p2a: Bl\u00e5haj\n|\n|-damage|p2b: Boymoder Hoodie|74/100 brn|[from] brn\n|upkeep\n|\n|t:|1776618354\n|switch|p2a: Monster Energy|Chimecho-Mega, L50, M|100/100\n|switch|p1b: Sneasler|Sneasler, L50, M|1/100\n|turn|4\n|inactive|gogogogogogoj has 30 seconds left.\n|inactive|gogogogogogoj has 20 seconds left.\n|inactive|gogogogogogoj has 15 seconds left.\n|\n|t:|1776618395\n|move|p2b: Boymoder Hoodie|Protect|p2b: Boymoder Hoodie\n|-singleturn|p2b: Boymoder Hoodie|Protect\n|move|p1b: Sneasler|Close Combat|p2a: Monster Energy\n|-damage|p2a: Monster Energy|54/100\n|-unboost|p1b: Sneasler|def|1\n|-unboost|p1b: Sneasler|spd|1\n|move|p2a: Monster Energy|Calm Mind|p2a: Monster Energy\n|-boost|p2a: Monster Energy|spa|1\n|-boost|p2a: Monster Energy|spd|1\n|move|p1a: Primarina|Moonblast|p2b: Boymoder Hoodie\n|-activate|p2b: Boymoder Hoodie|move: Protect\n|\n|-damage|p2b: Boymoder Hoodie|69/100 brn|[from] brn\n|upkeep\n|turn|5\n|inactive|gogogogogogoj has 30 seconds left.\n|\n|t:|1776618423\n|move|p1b: Sneasler|Close Combat|p2a: Monster Energy\n|-damage|p2a: Monster Energy|6/100\n|-unboost|p1b: Sneasler|def|1\n|-unboost|p1b: Sneasler|spd|1\n|move|p2b: Boymoder Hoodie|Volt Switch|p1b: Sneasler\n|-damage|p1b: Sneasler|0 fnt\n|faint|p1b: Sneasler\n|move|p2a: Monster Energy|Recover|p2a: Monster Energy\n|-heal|p2a: Monster Energy|56/100\n|move|p1a: Primarina|Hyper Voice|p2b: Boymoder Hoodie|[spread] p2a,p2b\n|-resisted|p2b: Boymoder Hoodie|1\n|-damage|p2a: Monster Energy|25/100\n|-damage|p2b: Boymoder Hoodie|41/100 brn\n|-enditem|p2b: Boymoder Hoodie|Sitrus Berry|[eat]\n|-heal|p2b: Boymoder Hoodie|66/100 brn|[from] item: Sitrus Berry\n|\n|-damage|p2b: Boymoder Hoodie|60/100 brn|[from] brn\n|upkeep\n|\n|t:|1776618438\n|switch|p1b: Dragonite|Dragonite, L50, M|100/100\n|turn|6\n|\n|t:|1776618455\n|move|p1b: Dragonite|Extreme Speed|p2a: Monster Energy\n|-resisted|p2a: Monster Energy|1\n|-damage|p2a: Monster Energy|14/100\n|move|p2b: Boymoder Hoodie|Will-O-Wisp|p1b: Dragonite\n|-status|p1b: Dragonite|brn\n|move|p2a: Monster Energy|Recover|p2a: Monster Energy\n|-heal|p2a: Monster Energy|64/100\n|move|p1a: Primarina|Hyper Voice|p2b: Boymoder Hoodie|[spread] p2a,p2b\n|-resisted|p2b: Boymoder Hoodie|1\n|-damage|p2a: Monster Energy|30/100\n|-damage|p2b: Boymoder Hoodie|31/100 brn\n|\n|-damage|p1b: Dragonite|95/100 brn|[from] brn\n|-damage|p2b: Boymoder Hoodie|25/100 brn|[from] brn\n|upkeep\n|turn|7\n|\n|t:|1776618474\n|move|p1b: Dragonite|Extreme Speed|p2b: Boymoder Hoodie\n|-damage|p2b: Boymoder Hoodie|9/100 brn\n|move|p2b: Boymoder Hoodie|Volt Switch|p1a: Primarina\n|-supereffective|p1a: Primarina|1\n|-damage|p1a: Primarina|0 fnt\n|faint|p1a: Primarina\n|move|p2a: Monster Energy|Recover|p2a: Monster Energy\n|-heal|p2a: Monster Energy|80/100\n|\n|-damage|p1b: Dragonite|89/100 brn|[from] brn\n|-damage|p2b: Boymoder Hoodie|3/100 brn|[from] brn\n|upkeep\n|turn|8\n|\n|t:|1776618486\n|move|p1b: Dragonite|Protect|p1b: Dragonite\n|-singleturn|p1b: Dragonite|Protect\n|move|p2b: Boymoder Hoodie|Volt Switch|p1b: Dragonite\n|-activate|p1b: Dragonite|move: Protect\n|move|p2a: Monster Energy|Psychic|p1b: Dragonite\n|-activate|p1b: Dragonite|move: Protect\n|\n|-damage|p1b: Dragonite|83/100 brn|[from] brn\n|-damage|p2b: Boymoder Hoodie|0 fnt|[from] brn\n|faint|p2b: Boymoder Hoodie\n|upkeep\n|turn|9\n|\n|t:|1776618498\n|move|p1b: Dragonite|Scale Shot|p2a: Monster Energy\n|-resisted|p2a: Monster Energy|1\n|-damage|p2a: Monster Energy|77/100\n|-resisted|p2a: Monster Energy|1\n|-damage|p2a: Monster Energy|75/100\n|-resisted|p2a: Monster Energy|1\n|-damage|p2a: Monster Energy|73/100\n|-hitcount|p2a: Monster Energy|3\n|-unboost|p1b: Dragonite|def|1\n|-boost|p1b: Dragonite|spe|1\n|-enditem|p1b: Dragonite|White Herb\n|-clearnegativeboost|p1b: Dragonite|[silent]\n|move|p2a: Monster Energy|Psychic|p1b: Dragonite\n|-damage|p1b: Dragonite|17/100 brn\n|\n|-damage|p1b: Dragonite|11/100 brn|[from] brn\n|upkeep\n|turn|10\n|-message|gogogogogogoj forfeited.\n|\n|win|windowc\n|raw|gogogogogogoj's rating: 1115 &rarr; <strong>1089</strong><br />(-26 for losing)\n|raw|windowc's rating: 1106 &rarr; <strong>1132</strong><br />(+26 for winning)\n",
  "uploadtime": 1776618513,
  "views": 10,
  "formatid": "gen9championsvgc2026regma",
  "rating": 1089,
  "private": 0,
  "password": null
}