{
  "id": "gen9championsvgc2026regma-2586895205",
  "format": "[Gen 9 Champions] VGC 2026 Reg M-A",
  "players": [
    "Habanerooooo",
    "SakikoPlushie"
  ],
  "log": "|j|\u2606Habanerooooo\n|j|\u2606SakikoPlushie\n|t:|1776469446\n|gametype|doubles\n|player|p1|Habanerooooo|cynthia-gen4|1034\n|player|p2|SakikoPlushie|miku-ghost|1056\n|gen|9\n|tier|[Gen 9 Champions] VGC 2026 Reg M-A\n|rated|\n|rule|Species Clause: Limit one of each Pok\u00e9mon\n|rule|Item Clause: Limit 1 of each item\n|clearpoke\n|poke|p1|Farigiraf, L50, M|\n|poke|p1|Tyranitar, L50, M|\n|poke|p1|Kingambit, L50, M|\n|poke|p1|Incineroar, L50, F|\n|poke|p1|Garganacl, L50, F|\n|poke|p1|Cofagrigus, L50, M|\n|poke|p2|Basculegion, L50, M|\n|poke|p2|Dragonite, L50, M|\n|poke|p2|Garchomp, L50, F|\n|poke|p2|Whimsicott, L50, F|\n|poke|p2|Pelipper, L50, F|\n|poke|p2|Incineroar, L50, F|\n|teampreview|4\n|inactive|Battle timer is ON: inactive players will automatically lose when time's up. (requested by Habanerooooo)\n|\n|t:|1776469469\n|teamsize|p1|4\n|teamsize|p2|4\n|start\n|switch|p1a: Kingambit|Kingambit, L50, M|100/100\n|switch|p1b: Cofagrigus|Cofagrigus, L50, M|100/100\n|switch|p2a: RiceShower|Basculegion, L50, M|100/100\n|switch|p2b: Opera O|Garchomp, L50, F|100/100\n|turn|1\n|\n|t:|1776469480\n|move|p2a: RiceShower|Protect|p2a: RiceShower\n|-singleturn|p2a: RiceShower|Protect\n|move|p2b: Opera O|Stomping Tantrum|p1a: Kingambit\n|-supereffective|p1a: Kingambit|1\n|-damage|p1a: Kingambit|40/100\n|move|p1a: Kingambit|Kowtow Cleave|p2a: RiceShower\n|-activate|p2a: RiceShower|move: Protect\n|move|p1b: Cofagrigus|Trick Room|p1b: Cofagrigus\n|-fieldstart|move: Trick Room|[of] p1b: Cofagrigus\n|\n|upkeep\n|turn|2\n|\n|t:|1776469503\n|switch|p2a: Juvia|Pelipper, L50, F|100/100\n|-weather|RainDance|[from] ability: Drizzle|[of] p2a: Juvia\n|move|p1b: Cofagrigus|Destiny Bond|p1b: Cofagrigus\n|-singlemove|p1b: Cofagrigus|Destiny Bond\n|move|p1a: Kingambit|Kowtow Cleave|p2a: Juvia\n|-damage|p2a: Juvia|41/100\n|move|p2b: Opera O|Stomping Tantrum|p1a: Kingambit\n|-supereffective|p1a: Kingambit|1\n|-damage|p1a: Kingambit|0 fnt\n|faint|p1a: Kingambit\n|\n|-weather|RainDance|[upkeep]\n|upkeep\n|\n|t:|1776469511\n|switch|p1a: Tyranitar|Tyranitar, L50, M|100/100\n|-weather|Sandstorm|[from] ability: Sand Stream|[of] p1a: Tyranitar\n|turn|3\n|\n|t:|1776469521\n|switch|p1b: Incineroar|Incineroar, L50, F|100/100\n|-ability|p1b: Incineroar|Intimidate|boost\n|-unboost|p2a: Juvia|atk|1\n|-unboost|p2b: Opera O|atk|1\n|detailschange|p1a: Tyranitar|Tyranitar-Mega, L50, M\n|-mega|p1a: Tyranitar|Tyranitar|Tyranitarite\n|move|p2a: Juvia|Protect|p2a: Juvia\n|-singleturn|p2a: Juvia|Protect\n|move|p1a: Tyranitar|Rock Slide|p2b: Opera O|[spread] p2b\n|-activate|p2a: Juvia|move: Protect\n|-resisted|p2b: Opera O|1\n|-damage|p2b: Opera O|80/100\n|cant|p2b: Opera O|flinch\n|\n|-weather|Sandstorm|[upkeep]\n|-damage|p1b: Incineroar|95/100|[from] Sandstorm\n|-damage|p2a: Juvia|36/100|[from] Sandstorm\n|upkeep\n|turn|4\n|\n|t:|1776469538\n|switch|p2a: RiceShower|Basculegion, L50, M|100/100\n|move|p1b: Incineroar|Fake Out|p2b: Opera O\n|-damage|p2b: Opera O|66/100\n|-damage|p1b: Incineroar|82/100|[from] ability: Rough Skin|[of] p2b: Opera O\n|move|p1a: Tyranitar|Rock Slide|p2a: RiceShower|[spread] p2a,p2b\n|-resisted|p2b: Opera O|1\n|-damage|p2a: RiceShower|60/100\n|-damage|p2b: Opera O|47/100\n|cant|p2b: Opera O|flinch\n|\n|-weather|Sandstorm|[upkeep]\n|-damage|p1b: Incineroar|76/100|[from] Sandstorm\n|-damage|p2a: RiceShower|54/100|[from] Sandstorm\n|upkeep\n|turn|5\n|\n|t:|1776469551\n|switch|p2b: Juvia|Pelipper, L50, F|36/100\n|-weather|RainDance|[from] ability: Drizzle|[of] p2b: Juvia\n|move|p2a: RiceShower|Protect|p2a: RiceShower\n|-singleturn|p2a: RiceShower|Protect\n|move|p1b: Incineroar|Parting Shot|p2a: RiceShower\n|-activate|p2a: RiceShower|move: Protect\n|move|p1a: Tyranitar|Knock Off|p2b: Juvia\n|-damage|p2b: Juvia|0 fnt\n|-enditem|p2b: Juvia|Focus Sash|[from] move: Knock Off|[of] p1a: Tyranitar\n|faint|p2b: Juvia\n|\n|-weather|RainDance|[upkeep]\n|-fieldend|move: Trick Room\n|upkeep\n|\n|t:|1776469562\n|switch|p2b: SpecialWeek|Dragonite, L50, M|100/100\n|turn|6\n|\n|t:|1776469570\n|switch|p1b: Cofagrigus|Cofagrigus, L50, M|100/100\n|detailschange|p2b: SpecialWeek|Dragonite-Mega, L50, M\n|-mega|p2b: SpecialWeek|Dragonite|Dragoninite\n|move|p2a: RiceShower|Wave Crash|p1a: Tyranitar\n|-supereffective|p1a: Tyranitar|1\n|-damage|p1a: Tyranitar|0 fnt\n|faint|p1a: Tyranitar\n|-damage|p2a: RiceShower|23/100|[from] Recoil\n|move|p2b: SpecialWeek|Weather Ball|p1b: Cofagrigus\n|-damage|p1b: Cofagrigus|43/100\n|\n|-weather|RainDance|[upkeep]\n|upkeep\n|\n|t:|1776469579\n|switch|p1a: Incineroar|Incineroar, L50, F|76/100\n|-ability|p1a: Incineroar|Intimidate|boost\n|-unboost|p2a: RiceShower|atk|1\n|-unboost|p2b: SpecialWeek|atk|1\n|turn|7\n|\n|t:|1776469591\n|move|p2b: SpecialWeek|Protect|p2b: SpecialWeek\n|-singleturn|p2b: SpecialWeek|Protect\n|move|p1a: Incineroar|Fake Out|p2b: SpecialWeek\n|-activate|p2b: SpecialWeek|move: Protect\n|move|p2a: RiceShower|Wave Crash|p1a: Incineroar\n|-supereffective|p1a: Incineroar|1\n|-damage|p1a: Incineroar|0 fnt\n|faint|p1a: Incineroar\n|-damage|p2a: RiceShower|0 fnt|[from] Recoil\n|faint|p2a: RiceShower\n|move|p1b: Cofagrigus|Trick Room|p1b: Cofagrigus\n|-fieldstart|move: Trick Room|[of] p1b: Cofagrigus\n|\n|-weather|RainDance|[upkeep]\n|upkeep\n|-message|Habanerooooo forfeited.\n|\n|win|SakikoPlushie\n|raw|Habanerooooo's rating: 1034 &rarr; <strong>1020</strong><br />(-14 for losing)\n|raw|SakikoPlushie's rating: 1056 &rarr; <strong>1086</strong><br />(+30 for winning)\n|l|\u2606Habanerooooo\n|player|p1|\n",
  "uploadtime": 1776469452,
  "views": 22,
  "formatid": "gen9championsvgc2026regma",
  "rating": 1020,
  "private": 0,
  "password": null
}