{
  "id": "gen9championsvgc2026regma-2580794368",
  "format": "[Gen 9 Champions] VGC 2026 Reg M-A",
  "players": [
    "walking wake woat",
    "GinjaninjaRed"
  ],
  "log": "|j|\u2606walking wake woat\n|j|\u2606GinjaninjaRed\n|t:|1775933029\n|gametype|doubles\n|player|p1|walking wake woat|1|1108\n|player|p2|GinjaninjaRed|red|1121\n|gen|9\n|tier|[Gen 9 Champions] VGC 2026 Reg M-A\n|rated|\n|rule|Species Clause: Limit one of each Pok\u00e9mon\n|rule|Item Clause: Limit 1 of each item\n|clearpoke\n|poke|p1|Oranguru, L50, M|\n|poke|p1|Torkoal, L50, F|\n|poke|p1|Clefable, L50, M|\n|poke|p1|Kingambit, L50, M|\n|poke|p1|Tsareena, L50, F|\n|poke|p1|Incineroar, L50, M|\n|poke|p2|Beedrill, L50, M|\n|poke|p2|Corviknight, L50, F|\n|poke|p2|Gyarados, L50, M|\n|poke|p2|Arcanine-Hisui, L50, M|\n|poke|p2|Pelipper, L50, M|\n|poke|p2|Sinistcha, L50|\n|teampreview|4\n|inactive|Battle timer is ON: inactive players will automatically lose when time's up. (requested by GinjaninjaRed)\n|inactive|walking wake woat has 60 seconds left.\n|inactive|GinjaninjaRed has 60 seconds left.\n|\n|t:|1775933076\n|teamsize|p1|4\n|teamsize|p2|4\n|start\n|switch|p1a: Oranguru|Oranguru, L50, M|100/100\n|switch|p1b: Clefable|Clefable, L50, M|100/100\n|switch|p2a: Arcanine|Arcanine-Hisui, L50, M|100/100\n|switch|p2b: Gyarados|Gyarados, L50, M|100/100\n|-ability|p2b: Gyarados|Intimidate|boost\n|-fail|p1a: Oranguru|unboost|Attack|[from] ability: Inner Focus|[of] p1a: Oranguru\n|-unboost|p1b: Clefable|atk|1\n|turn|1\n|\n|t:|1775933100\n|switch|p2a: Corviknight|Corviknight, L50, F|100/100\n|detailschange|p1b: Clefable|Clefable-Mega, L50, M\n|-mega|p1b: Clefable|Clefable|Clefablite\n|move|p1b: Clefable|Follow Me|p1b: Clefable\n|-singleturn|p1b: Clefable|move: Follow Me\n|move|p2b: Gyarados|Dragon Dance|p2b: Gyarados\n|-boost|p2b: Gyarados|atk|1\n|-boost|p2b: Gyarados|spe|1\n|move|p1a: Oranguru|Trick Room|p1a: Oranguru\n|-fieldstart|move: Trick Room|[of] p1a: Oranguru\n|\n|upkeep\n|turn|2\n|\n|t:|1775933124\n|move|p1a: Oranguru|Psychic|p2b: Gyarados\n|-damage|p2b: Gyarados|72/100\n|move|p1b: Clefable|Moonblast|p2b: Gyarados\n|-damage|p2b: Gyarados|26/100\n|move|p2a: Corviknight|Bulk Up|p2a: Corviknight\n|-boost|p2a: Corviknight|atk|1\n|-boost|p2a: Corviknight|def|1\n|move|p2b: Gyarados|Crunch|p1a: Oranguru\n|-supereffective|p1a: Oranguru|1\n|-damage|p1a: Oranguru|38/100\n|\n|upkeep\n|turn|3\n|inactive|GinjaninjaRed has 30 seconds left.\n|\n|t:|1775933150\n|switch|p2b: Arcanine|Arcanine-Hisui, L50, M|100/100\n|move|p1a: Oranguru|Instruct|p1b: Clefable\n|-singleturn|p1b: Clefable|move: Instruct|[of] p1a: Oranguru\n|move|p1b: Clefable|Moonblast|p2b: Arcanine\n|-resisted|p2b: Arcanine|1\n|-crit|p2b: Arcanine\n|-damage|p2b: Arcanine|60/100\n|move|p1b: Clefable|Moonblast|p2b: Arcanine\n|-resisted|p2b: Arcanine|1\n|-damage|p2b: Arcanine|34/100\n|move|p2a: Corviknight|Bulk Up|p2a: Corviknight\n|-boost|p2a: Corviknight|atk|1\n|-boost|p2a: Corviknight|def|1\n|\n|upkeep\n|turn|4\n|inactive|GinjaninjaRed has 30 seconds left.\n|\n|t:|1775933183\n|move|p2b: Arcanine|Extreme Speed|p1b: Clefable\n|-damage|p1b: Clefable|82/100\n|move|p1a: Oranguru|Psychic|p2b: Arcanine\n|-damage|p2b: Arcanine|0 fnt\n|faint|p2b: Arcanine\n|move|p1b: Clefable|Moonblast|p2a: Corviknight\n|-resisted|p2a: Corviknight|1\n|-damage|p2a: Corviknight|80/100\n|move|p2a: Corviknight|Bulk Up|p2a: Corviknight\n|-boost|p2a: Corviknight|atk|1\n|-boost|p2a: Corviknight|def|1\n|\n|-heal|p2a: Corviknight|86/100|[from] item: Leftovers\n|upkeep\n|\n|t:|1775933203\n|switch|p2b: Gyarados|Gyarados, L50, M|26/100\n|-ability|p2b: Gyarados|Intimidate|boost\n|-fail|p1a: Oranguru|unboost|Attack|[from] ability: Inner Focus|[of] p1a: Oranguru\n|-unboost|p1b: Clefable|atk|1\n|turn|5\n|\n|t:|1775933220\n|detailschange|p2b: Gyarados|Gyarados-Mega, L50, M\n|-mega|p2b: Gyarados|Gyarados|Gyaradosite\n|-ability|p2b: Gyarados|Mold Breaker\n|move|p1a: Oranguru|Psychic|p2b: Gyarados\n|-immune|p2b: Gyarados\n|move|p1b: Clefable|Moonblast|p2b: Gyarados\n|-supereffective|p2b: Gyarados|1\n|-damage|p2b: Gyarados|0 fnt\n|faint|p2b: Gyarados\n|move|p2a: Corviknight|Body Press|p1a: Oranguru\n|-damage|p1a: Oranguru|0 fnt\n|faint|p1a: Oranguru\n|\n|-heal|p2a: Corviknight|92/100|[from] item: Leftovers\n|-fieldend|move: Trick Room\n|upkeep\n|\n|t:|1775933237\n|switch|p2b: Pelipper|Pelipper, L50, M|100/100\n|switch|p1a: Torkoal|Torkoal, L50, F|100/100\n|-weather|RainDance|[from] ability: Drizzle|[of] p2b: Pelipper\n|-weather|SunnyDay|[from] ability: Drought|[of] p1a: Torkoal\n|turn|6\n|\n|t:|1775933247\n|move|p2b: Pelipper|Wide Guard|p2b: Pelipper\n|-singleturn|p2b: Pelipper|Wide Guard\n|move|p1b: Clefable|Follow Me|p1b: Clefable\n|-singleturn|p1b: Clefable|move: Follow Me\n|move|p2a: Corviknight|Body Press|p1b: Clefable\n|-resisted|p1b: Clefable|2\n|-damage|p1b: Clefable|72/100\n|move|p1a: Torkoal|Eruption|p2b: Pelipper|[spread] \n|-activate|p2a: Corviknight|move: Wide Guard\n|-activate|p2b: Pelipper|move: Wide Guard\n|\n|-weather|SunnyDay|[upkeep]\n|-heal|p2a: Corviknight|98/100|[from] item: Leftovers\n|upkeep\n|turn|7\n|\n|t:|1775933267\n|move|p2b: Pelipper|Wide Guard|p2b: Pelipper\n|-singleturn|p2b: Pelipper|Wide Guard\n|move|p1b: Clefable|Follow Me|p1b: Clefable\n|-singleturn|p1b: Clefable|move: Follow Me\n|move|p2a: Corviknight|Brave Bird|p1b: Clefable\n|-damage|p1b: Clefable|12/100\n|-damage|p2a: Corviknight|78/100|[from] Recoil\n|move|p1a: Torkoal|Weather Ball|p2a: Corviknight\n|-supereffective|p2a: Corviknight|1\n|-damage|p2a: Corviknight|0 fnt\n|faint|p2a: Corviknight\n|\n|-weather|SunnyDay|[upkeep]\n|upkeep\n|turn|8\n|-message|GinjaninjaRed forfeited.\n|\n|win|walking wake woat\n|raw|walking wake woat's rating: 1108 &rarr; <strong>1134</strong><br />(+26 for winning)\n|raw|GinjaninjaRed's rating: 1121 &rarr; <strong>1095</strong><br />(-26 for losing)\n|l|\u2606GinjaninjaRed\n|player|p2|\n",
  "uploadtime": 1775933281,
  "views": 14,
  "formatid": "gen9championsvgc2026regma",
  "rating": 1095,
  "private": 0,
  "password": null
}