{
  "id": "gen9championsvgc2026regma-2580487475",
  "format": "[Gen 9 Champions] VGC 2026 Reg M-A",
  "players": [
    "I said NO FURRY",
    "star\u262ddweller"
  ],
  "log": "|j|\u2606I said NO FURRY\n|j|\u2606star\u262ddweller\n|html|<table width=\"100%\"><tr><td align=\"left\">I said NO FURRY</td><td align=\"right\">star\u262ddweller</tr><tr><td align=\"left\"><i class=\"fa fa-circle\"></i> <i class=\"fa fa-circle-o\"></i> </td><td align=\"right\"><i class=\"fa fa-circle-o\"></i> <i class=\"fa fa-circle\"></i> </tr></table>\n|uhtml|bestof|<h2><strong>Game 3</strong> of <a href=\"/game-bestof3-gen9championsvgc2026regma-2580482955\">a best-of-3</a></h2>\n|t:|1775903756\n|gametype|doubles\n|player|p1|I said NO FURRY|169|\n|player|p2|star\u262ddweller|az|\n|gen|9\n|tier|[Gen 9 Champions] VGC 2026 Reg M-A\n|rated|Tournament battle\n|rule|Species Clause: Limit one of each Pok\u00e9mon\n|rule|Item Clause: Limit 1 of each item\n|raw|<div class=\"infobox\"><details class=\"readmore\" open><summary><strong>2 custom rules:</strong></summary> best of=3, force open team sheets</details></div>\n|clearpoke\n|poke|p1|Delphox, L50, M|\n|poke|p1|Whimsicott, L50, M|\n|poke|p1|Raichu, L50, F|\n|poke|p1|Palafin, L50, F|\n|poke|p1|Krookodile, L50, M|\n|poke|p1|Sylveon, L50, M|\n|poke|p2|Glimmora, L50, M|\n|poke|p2|Ninetales-Alola, L50, F|\n|poke|p2|Incineroar, L50, F|\n|poke|p2|Sinistcha, L50|\n|poke|p2|Volcarona, L50, F|\n|poke|p2|Basculegion, L50, M|\n|teampreview|4\n|showteam|p1|Delphox||Delphoxite|Blaze|Psychic,HeatWave,DazzlingGleam,Protect|||M|||50|]Whimsicott||FocusSash|Prankster|EnergyBall,Tailwind,Taunt,SunnyDay|||M|||50|]Raichu||KingsRock|LightningRod|VoltSwitch,Nuzzle,FakeOut,Electroweb|||F|||50|]Palafin||Leftovers|ZerotoHero|JetPunch,WaveCrash,CloseCombat,Protect|||F|||50|]Krookodile||SitrusBerry|Intimidate|StompingTantrum,KnockOff,HelpingHand,Protect|||M|||50|]Sylveon||FairyFeather|Pixilate|HyperVoice,Moonblast,CalmMind,Protect|||M|||50|\n|showteam|p2|Glimmora||Glimmoranite|ToxicDebris|SludgeBomb,PowerGem,EarthPower,SpikyShield|||M|||50|]Ninetales-Alola||FocusSash|SnowWarning|Blizzard,IcyWind,AuroraVeil,Protect|||F|||50|]Incineroar||ChopleBerry|Intimidate|FakeOut,ThroatChop,PartingShot,FlareBlitz|||F|||50|]Sinistcha||KasibBerry|Hospitality|MatchaGotcha,ShadowBall,Protect,RagePowder||||||50|]Volcarona||Leftovers|FlameBody|HeatWave,BugBuzz,Protect,QuiverDance|||F|||50|]Basculegion||ChoiceScarf|Adaptability|WaveCrash,AquaJet,FlipTurn,LastRespects|||M|||50|\n|j| TheNewBrends11@!\n|inactive|Battle timer is ON: inactive players will automatically lose when time's up. (requested by I said NO FURRY)\n|\n|t:|1775903767\n|teamsize|p1|4\n|teamsize|p2|4\n|start\n|switch|p1a: Palafin|Palafin, L50, F|100/100\n|switch|p1b: Whimsicott|Whimsicott, L50, M|100/100\n|switch|p2a: Incineroar|Incineroar, L50, F|100/100\n|switch|p2b: Ninetales|Ninetales-Alola, L50, F|100/100\n|-weather|Snowscape|[from] ability: Snow Warning|[of] p2b: Ninetales\n|-ability|p2a: Incineroar|Intimidate|boost\n|-unboost|p1a: Palafin|atk|1\n|-unboost|p1b: Whimsicott|atk|1\n|turn|1\n|inactive|I said NO FURRY has 30 seconds left.\n|inactive|star\u262ddweller has 30 seconds left.\n|inactive|star\u262ddweller has 20 seconds left.\n|inactive|star\u262ddweller has 15 seconds left.\n|inactive|star\u262ddweller has 10 seconds left.\n|\n|t:|1775903812\n|detailschange|p1a: Palafin|Palafin-Hero, L50, F\n|switch|p1a: Delphox|Delphox, L50, M|100/100\n|move|p2a: Incineroar|Fake Out|p1a: Delphox\n|-damage|p1a: Delphox|86/100\n|move|p1b: Whimsicott|Sunny Day|p1b: Whimsicott\n|-weather|SunnyDay\n|move|p2b: Ninetales|Blizzard|p1a: Delphox|[spread] p1a\n|-miss|p2b: Ninetales|p1b: Whimsicott\n|-resisted|p1a: Delphox|1\n|-damage|p1a: Delphox|70/100\n|\n|-weather|SunnyDay|[upkeep]\n|upkeep\n|turn|2\n|inactive|I said NO FURRY has 30 seconds left.\n|inactive|star\u262ddweller has 30 seconds left.\n|\n|t:|1775903846\n|move|p1a: Delphox|Protect|p1a: Delphox\n|-singleturn|p1a: Delphox|Protect\n|move|p1b: Whimsicott|Taunt|p2b: Ninetales\n|-start|p2b: Ninetales|move: Taunt\n|move|p2b: Ninetales|Icy Wind|p1b: Whimsicott|[spread] p1b\n|-activate|p1a: Delphox|move: Protect\n|-supereffective|p1b: Whimsicott|1\n|-damage|p1b: Whimsicott|48/100\n|-unboost|p1b: Whimsicott|spe|1\n|move|p2a: Incineroar|Throat Chop|p1a: Delphox\n|-activate|p1a: Delphox|move: Protect\n|\n|-weather|SunnyDay|[upkeep]\n|upkeep\n|turn|3\n|\n|t:|1775903871\n|detailschange|p1a: Delphox|Delphox-Mega, L50, M\n|-mega|p1a: Delphox|Delphox|Delphoxite\n|move|p1b: Whimsicott|Tailwind|p1b: Whimsicott\n|-sidestart|p1: I said NO FURRY|move: Tailwind\n|move|p1a: Delphox|Heat Wave|p2b: Ninetales|[spread] p2a,p2b\n|-resisted|p2a: Incineroar|1\n|-supereffective|p2b: Ninetales|1\n|-damage|p2a: Incineroar|74/100\n|-enditem|p2b: Ninetales|Focus Sash\n|-damage|p2b: Ninetales|1/100\n|move|p2b: Ninetales|Icy Wind|p1a: Delphox|[spread] p1a,p1b\n|-resisted|p1a: Delphox|1\n|-supereffective|p1b: Whimsicott|1\n|-damage|p1a: Delphox|63/100\n|-damage|p1b: Whimsicott|0 fnt\n|-unboost|p1a: Delphox|spe|1\n|faint|p1b: Whimsicott\n|move|p2a: Incineroar|Throat Chop|p1a: Delphox\n|-supereffective|p1a: Delphox|1\n|-damage|p1a: Delphox|0 fnt\n|faint|p1a: Delphox\n|\n|-weather|SunnyDay|[upkeep]\n|upkeep\n|\n|t:|1775903882\n|switch|p1b: Krookodile|Krookodile, L50, M|100/100\n|switch|p1a: Palafin|Palafin-Hero, L50, F|100/100\n|-activate|p1a: Palafin|ability: Zero to Hero\n|-ability|p1b: Krookodile|Intimidate|boost\n|-unboost|p2a: Incineroar|atk|1\n|-unboost|p2b: Ninetales|atk|1\n|turn|4\n|inactive|star\u262ddweller has 30 seconds left.\n|inactive|star\u262ddweller has 20 seconds left.\n|inactive|star\u262ddweller has 15 seconds left.\n|inactive|star\u262ddweller has 10 seconds left.\n|\n|t:|1775903928\n|switch|p2a: Sinistcha|Sinistcha, L50|100/100\n|-heal|p2b: Ninetales|26/100|[from] ability: Hospitality|[of] p2a: Sinistcha\n|move|p1a: Palafin|Protect|p1a: Palafin\n|-singleturn|p1a: Palafin|Protect\n|move|p1b: Krookodile|Knock Off|p2b: Ninetales\n|-resisted|p2b: Ninetales|1\n|-damage|p2b: Ninetales|0 fnt\n|faint|p2b: Ninetales\n|\n|-weather|SunnyDay|[upkeep]\n|upkeep\n|\n|t:|1775903940\n|switch|p2b: Incineroar|Incineroar, L50, F|74/100\n|-ability|p2b: Incineroar|Intimidate|boost\n|-unboost|p1a: Palafin|atk|1\n|-unboost|p1b: Krookodile|atk|1\n|turn|5\n|\n|t:|1775903947\n|move|p1a: Palafin|Protect|p1a: Palafin\n|-singleturn|p1a: Palafin|Protect\n|move|p1b: Krookodile|Protect|p1b: Krookodile\n|-singleturn|p1b: Krookodile|Protect\n|move|p2b: Incineroar|Fake Out|p1b: Krookodile\n|-activate|p1b: Krookodile|move: Protect\n|move|p2a: Sinistcha|Matcha Gotcha|p1a: Palafin|[spread] \n|-activate|p1a: Palafin|move: Protect\n|-activate|p1b: Krookodile|move: Protect\n|\n|-weather|none\n|upkeep\n|turn|6\n|\n|t:|1775903961\n|move|p1a: Palafin|Wave Crash|p2a: Sinistcha\n|-resisted|p2a: Sinistcha|1\n|-damage|p2a: Sinistcha|81/100\n|-damage|p1a: Palafin|94/100|[from] Recoil\n|move|p1b: Krookodile|Knock Off|p2a: Sinistcha\n|-supereffective|p2a: Sinistcha|1\n|-damage|p2a: Sinistcha|37/100\n|-enditem|p2a: Sinistcha|Kasib Berry|[from] move: Knock Off|[of] p1b: Krookodile\n|move|p2a: Sinistcha|Matcha Gotcha|p1b: Krookodile|[spread] p1b\n|-miss|p2a: Sinistcha|p1a: Palafin\n|-supereffective|p1b: Krookodile|1\n|-damage|p1b: Krookodile|49/100\n|-heal|p2a: Sinistcha|66/100|[from] drain|[of] p1b: Krookodile\n|-status|p1b: Krookodile|brn\n|-enditem|p1b: Krookodile|Sitrus Berry|[eat]\n|-heal|p1b: Krookodile|74/100 brn|[from] item: Sitrus Berry\n|move|p2b: Incineroar|Parting Shot|p1b: Krookodile\n|-unboost|p1b: Krookodile|atk|1\n|-unboost|p1b: Krookodile|spa|1\n|inactive|star\u262ddweller has 30 seconds left.\n|inactive|star\u262ddweller has 20 seconds left.\n|inactive|star\u262ddweller has 15 seconds left.\n|\n|t:|1775904004\n|switch|p2b: Glimmora|Glimmora, L50, M|100/100|[from] Parting Shot\n|\n|-heal|p1a: Palafin|100/100|[from] item: Leftovers\n|-damage|p1b: Krookodile|68/100 brn|[from] brn\n|-sideend|p1: I said NO FURRY|move: Tailwind\n|upkeep\n|turn|7\n|\n|t:|1775904017\n|switch|p2b: Incineroar|Incineroar, L50, F|74/100\n|-ability|p2b: Incineroar|Intimidate|boost\n|-unboost|p1a: Palafin|atk|1\n|-unboost|p1b: Krookodile|atk|1\n|move|p1a: Palafin|Wave Crash|p2b: Incineroar\n|-supereffective|p2b: Incineroar|1\n|-damage|p2b: Incineroar|0 fnt\n|faint|p2b: Incineroar\n|-damage|p1a: Palafin|75/100|[from] Recoil\n|move|p1b: Krookodile|Knock Off|p2a: Sinistcha\n|-supereffective|p2a: Sinistcha|1\n|-damage|p2a: Sinistcha|57/100\n|move|p2a: Sinistcha|Matcha Gotcha|p1b: Krookodile|[spread] p1a,p1b\n|-supereffective|p1a: Palafin|1\n|-supereffective|p1b: Krookodile|1\n|-damage|p1a: Palafin|24/100\n|-heal|p2a: Sinistcha|85/100|[from] drain|[of] p1a: Palafin\n|-damage|p1b: Krookodile|16/100 brn\n|-heal|p2a: Sinistcha|100/100|[from] drain|[of] p1b: Krookodile\n|\n|-heal|p1a: Palafin|30/100|[from] item: Leftovers\n|-damage|p1b: Krookodile|10/100 brn|[from] brn\n|upkeep\n|\n|t:|1775904033\n|switch|p2b: Glimmora|Glimmora, L50, M|100/100\n|turn|8\n|\n|t:|1775904049\n|detailschange|p2b: Glimmora|Glimmora-Mega, L50, M\n|-mega|p2b: Glimmora|Glimmora|Glimmoranite\n|move|p1a: Palafin|Jet Punch|p2b: Glimmora\n|-supereffective|p2b: Glimmora|1\n|-crit|p2b: Glimmora\n|-damage|p2b: Glimmora|0 fnt\n|faint|p2b: Glimmora\n|move|p1b: Krookodile|Knock Off|p2a: Sinistcha\n|-supereffective|p2a: Sinistcha|1\n|-damage|p2a: Sinistcha|92/100\n|move|p2a: Sinistcha|Shadow Ball|p1a: Palafin\n|-damage|p1a: Palafin|0 fnt\n|faint|p1a: Palafin\n|\n|-damage|p1b: Krookodile|4/100 brn|[from] brn\n|upkeep\n|turn|9\n|c|\u2606star\u262ddweller|crit lmao\n|\n|t:|1775904064\n|move|p2a: Sinistcha|Protect|p2a: Sinistcha\n|-singleturn|p2a: Sinistcha|Protect\n|move|p1b: Krookodile|Knock Off|p2a: Sinistcha\n|-activate|p2a: Sinistcha|move: Protect\n|\n|-damage|p1b: Krookodile|0 fnt|[from] brn\n|faint|p1b: Krookodile\n|\n|win|star\u262ddweller\n|l|\u2606I said NO FURRY\n|player|p1|\n",
  "uploadtime": 1775904077,
  "views": 15,
  "formatid": "gen9championsvgc2026regma",
  "rating": null,
  "private": 0,
  "password": null
}