{
  "id": "gen9championsvgc2026regma-2581498440",
  "format": "[Gen 9 Champions] VGC 2026 Reg M-A",
  "players": [
    "la javineta",
    "Juytre"
  ],
  "log": "|j|\u2606la javineta\n|j|\u2606Juytre\n|t:|1776005966\n|gametype|doubles\n|player|p1|la javineta|265|1352\n|player|p2|Juytre|roxie-masters|1465\n|gen|9\n|tier|[Gen 9 Champions] VGC 2026 Reg M-A\n|rated|\n|rule|Species Clause: Limit one of each Pok\u00e9mon\n|rule|Item Clause: Limit 1 of each item\n|clearpoke\n|poke|p1|Heliolisk, L50, F|\n|poke|p1|Excadrill, L50, F|\n|poke|p1|Tyranitar, L50, F|\n|poke|p1|Aerodactyl, L50, M|\n|poke|p1|Milotic, L50, F|\n|poke|p1|Incineroar, L50, M|\n|poke|p2|Archaludon, L50, M|\n|poke|p2|Basculegion, L50, M|\n|poke|p2|Pelipper, L50, F|\n|poke|p2|Kingambit, L50, F|\n|poke|p2|Sneasler, L50, F|\n|poke|p2|Meganium, L50, F|\n|teampreview|4\n|j| exploding cookies\n|\n|t:|1776006003\n|teamsize|p1|4\n|teamsize|p2|4\n|start\n|switch|p1a: Heliolisk|Heliolisk, L50, F|100/100\n|switch|p1b: Milotic|Milotic, L50, F|100/100\n|switch|p2a: Sneasler|Sneasler, L50, F|100/100\n|switch|p2b: Basculegion|Basculegion, L50, M|100/100\n|turn|1\n|\n|t:|1776006017\n|move|p2a: Sneasler|Close Combat|p1a: Heliolisk\n|-supereffective|p1a: Heliolisk|1\n|-enditem|p1a: Heliolisk|Focus Sash\n|-damage|p1a: Heliolisk|1/100\n|-unboost|p2a: Sneasler|def|1\n|-unboost|p2a: Sneasler|spd|1\n|-enditem|p2a: Sneasler|White Herb\n|-clearnegativeboost|p2a: Sneasler|[silent]\n|move|p1a: Heliolisk|Volt Switch|p2a: Sneasler\n|-damage|p2a: Sneasler|53/100\n|\n|t:|1776006035\n|switch|p1a: Aerodactyl|Aerodactyl, L50, M|100/100|[from] Volt Switch\n|-ability|p1a: Aerodactyl|Unnerve\n|move|p2b: Basculegion|Flip Turn|p1b: Milotic\n|-resisted|p1b: Milotic|1\n|-damage|p1b: Milotic|80/100\n|\n|t:|1776006052\n|switch|p2b: Archaludon|Archaludon, L50, M|100/100|[from] Flip Turn\n|move|p1b: Milotic|Coil|p1b: Milotic\n|-boost|p1b: Milotic|atk|1\n|-boost|p1b: Milotic|def|1\n|-boost|p1b: Milotic|accuracy|1\n|\n|-heal|p1b: Milotic|86/100|[from] item: Leftovers\n|upkeep\n|turn|2\n|\n|t:|1776006060\n|detailschange|p1a: Aerodactyl|Aerodactyl-Mega, L50, M\n|-mega|p1a: Aerodactyl|Aerodactyl|Aerodactylite\n|move|p2a: Sneasler|Close Combat|p1a: Aerodactyl\n|-damage|p1a: Aerodactyl|21/100\n|-unboost|p2a: Sneasler|def|1\n|-unboost|p2a: Sneasler|spd|1\n|move|p1a: Aerodactyl|Tailwind|p1a: Aerodactyl\n|-sidestart|p1: la javineta|move: Tailwind\n|move|p1b: Milotic|Hypnosis|p2b: Archaludon\n|-status|p2b: Archaludon|slp|[from] move: Hypnosis\n|cant|p2b: Archaludon|slp\n|\n|-heal|p1b: Milotic|92/100|[from] item: Leftovers\n|upkeep\n|turn|3\n|\n|t:|1776006074\n|move|p1a: Aerodactyl|Dual Wingbeat|p2a: Sneasler\n|-supereffective|p2a: Sneasler|1\n|-damage|p2a: Sneasler|0 fnt\n|faint|p2a: Sneasler\n|-hitcount|p2: Sneasler|1\n|move|p1b: Milotic|Coil|p1b: Milotic\n|-boost|p1b: Milotic|atk|1\n|-boost|p1b: Milotic|def|1\n|-boost|p1b: Milotic|accuracy|1\n|cant|p2b: Archaludon|slp\n|\n|-heal|p1b: Milotic|98/100|[from] item: Leftovers\n|upkeep\n|\n|t:|1776006078\n|switch|p2a: Basculegion|Basculegion, L50, M|100/100\n|turn|4\n|\n|t:|1776006087\n|switch|p1a: Heliolisk|Heliolisk, L50, F|1/100\n|move|p2a: Basculegion|Aqua Jet|p1a: Heliolisk\n|-heal|p1a: Heliolisk|26/100|[from] ability: Dry Skin|[of] p2a: Basculegion\n|move|p1b: Milotic|Hypnosis|p2a: Basculegion\n|-status|p2a: Basculegion|slp|[from] move: Hypnosis\n|-curestatus|p2b: Archaludon|slp|[msg]\n|move|p2b: Archaludon|Electro Shot||[still]\n|-prepare|p2b: Archaludon|Electro Shot\n|-boost|p2b: Archaludon|spa|1\n|\n|-heal|p1b: Milotic|100/100|[from] item: Leftovers\n|upkeep\n|turn|5\n|\n|t:|1776006102\n|switch|p2a: Pelipper|Pelipper, L50, F|100/100\n|-weather|RainDance|[from] ability: Drizzle|[of] p2a: Pelipper\n|move|p1a: Heliolisk|Dragon Pulse|p2b: Archaludon\n|-damage|p2b: Archaludon|73/100\n|-ability|p2b: Archaludon|Stamina|boost\n|-boost|p2b: Archaludon|def|1\n|move|p1b: Milotic|Hypnosis|p2b: Archaludon\n|-status|p2b: Archaludon|slp|[from] move: Hypnosis\n|cant|p2b: Archaludon|slp\n|\n|-weather|RainDance|[upkeep]\n|-heal|p1a: Heliolisk|38/100|[from] ability: Dry Skin\n|-sideend|p1: la javineta|move: Tailwind\n|upkeep\n|turn|6\n|j| Junglebolt\n|c|\u2606Juytre|STUPID ASS MILOTIC\n|l| Junglebolt\n|\n|t:|1776006119\n|move|p1a: Heliolisk|Volt Switch|p2a: Pelipper\n|-supereffective|p2a: Pelipper|2\n|-enditem|p2a: Pelipper|Focus Sash\n|-damage|p2a: Pelipper|1/100\n|\n|t:|1776006125\n|switch|p1a: Tyranitar|Tyranitar, L50, F|100/100|[from] Volt Switch\n|-weather|Sandstorm|[from] ability: Sand Stream|[of] p1a: Tyranitar\n|cant|p2b: Archaludon|slp\n|move|p2a: Pelipper|Tailwind|p2a: Pelipper\n|-sidestart|p2: Juytre|move: Tailwind\n|move|p1b: Milotic|Scald|p2a: Pelipper\n|-resisted|p2a: Pelipper|1\n|-damage|p2a: Pelipper|0 fnt\n|faint|p2a: Pelipper\n|\n|-weather|Sandstorm|[upkeep]\n|-damage|p1b: Milotic|94/100|[from] Sandstorm\n|-heal|p1b: Milotic|100/100|[from] item: Leftovers\n|upkeep\n|\n|t:|1776006134\n|switch|p2a: Basculegion|Basculegion, L50, M|100/100 slp\n|turn|7\n|\n|t:|1776006140\n|cant|p2a: Basculegion|slp\n|-curestatus|p2b: Archaludon|slp|[msg]\n|move|p2b: Archaludon|Draco Meteor|p1b: Milotic\n|-damage|p1b: Milotic|47/100\n|-unboost|p2b: Archaludon|spa|2\n|move|p1b: Milotic|Scald|p2a: Basculegion\n|-resisted|p2a: Basculegion|1\n|-damage|p2a: Basculegion|82/100 slp\n|move|p1a: Tyranitar|Assurance|p2a: Basculegion\n|-supereffective|p2a: Basculegion|1\n|-damage|p2a: Basculegion|0 fnt\n|faint|p2a: Basculegion\n|\n|-weather|Sandstorm|[upkeep]\n|-damage|p1b: Milotic|41/100|[from] Sandstorm\n|-heal|p1b: Milotic|47/100|[from] item: Leftovers\n|upkeep\n|turn|8\n|-message|Juytre forfeited.\n|\n|win|la javineta\n",
  "uploadtime": 1776006114,
  "views": 21,
  "formatid": "gen9championsvgc2026regma",
  "rating": null,
  "private": 0,
  "password": null
}