{
  "id": "gen9championsvgc2026regma-2587199846",
  "format": "[Gen 9 Champions] VGC 2026 Reg M-A",
  "players": [
    "papatommy",
    "houses3\u80e1\u841d\u535c\u4fa0"
  ],
  "log": "|j|\u2606papatommy\n|j|\u2606houses3\u80e1\u841d\u535c\u4fa0\n|t:|1776507937\n|gametype|doubles\n|player|p1|papatommy|li|1479\n|player|p2|houses3\u80e1\u841d\u535c\u4fa0|169|1416\n|gen|9\n|tier|[Gen 9 Champions] VGC 2026 Reg M-A\n|rated|\n|rule|Species Clause: Limit one of each Pok\u00e9mon\n|rule|Item Clause: Limit 1 of each item\n|clearpoke\n|poke|p1|Zoroark-Hisui, L50, M|\n|poke|p1|Basculegion, L50, M|\n|poke|p1|Incineroar, L50, F|\n|poke|p1|Rotom-Frost, L50|\n|poke|p1|Froslass, L50, F|\n|poke|p1|Sneasler, L50, M|\n|poke|p2|Kingambit, L50, F|\n|poke|p2|Delphox, L50, F|\n|poke|p2|Basculegion, L50, M|\n|poke|p2|Maushold-Four, L50|\n|poke|p2|Garchomp, L50, F|\n|poke|p2|Floette-Eternal, L50, F|\n|teampreview|4\n|inactive|Battle timer is ON: inactive players will automatically lose when time's up. (requested by papatommy)\n|inactive|papatommy has 60 seconds left.\n|\n|t:|1776508000\n|teamsize|p1|4\n|teamsize|p2|4\n|start\n|switch|p1a: Incineroar|Incineroar, L50, F|100/100\n|switch|p1b: Sneasler|Sneasler, L50, M|100/100\n|switch|p2a: Delphox|Delphox, L50, F|100/100\n|switch|p2b: Kingambit|Kingambit, L50, F|100/100\n|turn|1\n|inactive|papatommy has 30 seconds left.\n|inactive|papatommy has 20 seconds left.\n|inactive|houses3\u80e1\u841d\u535c\u4fa0 has 30 seconds left.\n|\n|t:|1776508037\n|detailschange|p2a: Delphox|Delphox-Mega, L50, F\n|-mega|p2a: Delphox|Delphox|Delphoxite\n|move|p1b: Sneasler|Fake Out|p2a: Delphox\n|-damage|p2a: Delphox|84/100\n|cant|p2a: Delphox|flinch\n|move|p1a: Incineroar|Swords Dance|p1a: Incineroar\n|-boost|p1a: Incineroar|atk|2\n|move|p2b: Kingambit|Kowtow Cleave|p1a: Incineroar\n|-resisted|p1a: Incineroar|1\n|-damage|p1a: Incineroar|75/100\n|\n|upkeep\n|turn|2\n|inactive|houses3\u80e1\u841d\u535c\u4fa0 has 30 seconds left.\n|c|\u2606houses3\u80e1\u841d\u535c\u4fa0|wtf\n|inactive|houses3\u80e1\u841d\u535c\u4fa0 has 20 seconds left.\n|\n|t:|1776508076\n|switch|p2b: Maushold|Maushold-Four, L50|100/100\n|move|p2a: Delphox|Encore|p1a: Incineroar\n|-start|p1a: Incineroar|Encore\n|move|p1b: Sneasler|Close Combat|p2b: Maushold\n|-supereffective|p2b: Maushold|1\n|-crit|p2b: Maushold\n|-enditem|p2b: Maushold|Chople Berry|[eat]\n|-enditem|p2b: Maushold|Chople Berry|[weaken]\n|-damage|p2b: Maushold|0 fnt\n|-unboost|p1b: Sneasler|def|1\n|-unboost|p1b: Sneasler|spd|1\n|faint|p2b: Maushold\n|-enditem|p1b: Sneasler|White Herb\n|-clearnegativeboost|p1b: Sneasler|[silent]\n|move|p1a: Incineroar|Swords Dance|p1a: Incineroar\n|-boost|p1a: Incineroar|atk|2\n|\n|upkeep\n|\n|t:|1776508091\n|switch|p2b: Basculegion|Basculegion, L50, M|100/100\n|turn|3\n|inactive|houses3\u80e1\u841d\u535c\u4fa0 has 30 seconds left.\n|\n|t:|1776508118\n|move|p1b: Sneasler|Rock Tomb|p2a: Delphox\n|-supereffective|p2a: Delphox|1\n|-damage|p2a: Delphox|29/100\n|-unboost|p2a: Delphox|spe|1\n|move|p2a: Delphox|Heat Wave|p1a: Incineroar|[spread] p1a\n|-miss|p2a: Delphox|p1b: Sneasler\n|-resisted|p1a: Incineroar|1\n|-damage|p1a: Incineroar|56/100\n|move|p2b: Basculegion|Last Respects|p1b: Sneasler\n|-damage|p1b: Sneasler|0 fnt\n|faint|p1b: Sneasler\n|move|p1a: Incineroar|Swords Dance|p1a: Incineroar\n|-boost|p1a: Incineroar|atk|2\n|\n|upkeep\n|\n|t:|1776508137\n|switch|p1b: Froslass|Froslass, L50, F|100/100\n|turn|4\n|\n|t:|1776508148\n|detailschange|p1b: Froslass|Froslass-Mega, L50, F\n|-mega|p1b: Froslass|Froslass|Froslassite\n|-weather|Snowscape|[from] ability: Snow Warning|[of] p1b: Froslass\n|move|p1b: Froslass|Aurora Veil|p1b: Froslass\n|-sidestart|p1: papatommy|move: Aurora Veil\n|move|p2a: Delphox|Heat Wave|p1a: Incineroar|[spread] p1a,p1b\n|-resisted|p1a: Incineroar|1\n|-supereffective|p1b: Froslass|1\n|-damage|p1a: Incineroar|44/100\n|-damage|p1b: Froslass|35/100\n|move|p2b: Basculegion|Wave Crash|p1a: Incineroar\n|-supereffective|p1a: Incineroar|1\n|-damage|p1a: Incineroar|0 fnt\n|faint|p1a: Incineroar\n|-damage|p2b: Basculegion|86/100|[from] Recoil\n|\n|-weather|Snowscape|[upkeep]\n|upkeep\n|\n|t:|1776508159\n|switch|p1a: Rotom|Rotom-Frost, L50|100/100\n|turn|5\n|\n|t:|1776508181\n|switch|p2a: Kingambit|Kingambit, L50, F|100/100\n|move|p2b: Basculegion|Protect|p2b: Basculegion\n|-singleturn|p2b: Basculegion|Protect\n|move|p1b: Froslass|Icy Wind|p2b: Basculegion|[spread] p2a\n|-activate|p2b: Basculegion|move: Protect\n|-resisted|p2a: Kingambit|1\n|-damage|p2a: Kingambit|91/100\n|-unboost|p2a: Kingambit|spe|1\n|-ability|p2a: Kingambit|Defiant|boost\n|-boost|p2a: Kingambit|atk|2\n|move|p1a: Rotom|Thunderbolt|p2b: Basculegion\n|-activate|p2b: Basculegion|move: Protect\n|\n|-weather|Snowscape|[upkeep]\n|upkeep\n|turn|6\n|inactive|houses3\u80e1\u841d\u535c\u4fa0 has 30 seconds left.\n|\n|t:|1776508210\n|move|p1b: Froslass|Protect|p1b: Froslass\n|-singleturn|p1b: Froslass|Protect\n|move|p2b: Basculegion|Last Respects|p1b: Froslass\n|-activate|p1b: Froslass|move: Protect\n|move|p1a: Rotom|Nasty Plot|p1a: Rotom\n|-boost|p1a: Rotom|spa|2\n|move|p2a: Kingambit|Kowtow Cleave|p1a: Rotom\n|-damage|p1a: Rotom|56/100\n|\n|-weather|Snowscape|[upkeep]\n|upkeep\n|turn|7\n|inactive|papatommy has 30 seconds left.\n|inactive|houses3\u80e1\u841d\u535c\u4fa0 has 30 seconds left.\n|\n|t:|1776508238\n|move|p2a: Kingambit|Protect|p2a: Kingambit\n|-singleturn|p2a: Kingambit|Protect\n|move|p1b: Froslass|Blizzard|p2a: Kingambit|[spread] p2b\n|-activate|p2a: Kingambit|move: Protect\n|-resisted|p2b: Basculegion|1\n|-damage|p2b: Basculegion|59/100\n|move|p2b: Basculegion|Wave Crash|p1a: Rotom\n|-damage|p1a: Rotom|18/100\n|-enditem|p1a: Rotom|Sitrus Berry|[eat]\n|-heal|p1a: Rotom|43/100|[from] item: Sitrus Berry\n|-damage|p2b: Basculegion|49/100|[from] Recoil\n|move|p1a: Rotom|Thunderbolt|p2a: Kingambit\n|-activate|p2a: Kingambit|move: Protect\n|\n|-weather|Snowscape|[upkeep]\n|upkeep\n|turn|8\n|\n|t:|1776508259\n|move|p2a: Kingambit|Sucker Punch|p1a: Rotom\n|-damage|p1a: Rotom|1/100\n|move|p1b: Froslass|Blizzard|p2a: Kingambit|[spread] p2a,p2b\n|-resisted|p2a: Kingambit|1\n|-resisted|p2b: Basculegion|1\n|-damage|p2a: Kingambit|72/100\n|-damage|p2b: Basculegion|21/100\n|move|p2b: Basculegion|Last Respects|p1b: Froslass\n|-supereffective|p1b: Froslass|1\n|-damage|p1b: Froslass|0 fnt\n|faint|p1b: Froslass\n|move|p1a: Rotom|Blizzard|p2a: Kingambit|[spread] p2a,p2b\n|-resisted|p2a: Kingambit|1\n|-resisted|p2b: Basculegion|1\n|-damage|p2a: Kingambit|41/100\n|-damage|p2b: Basculegion|0 fnt\n|faint|p2b: Basculegion\n|\n|-weather|none\n|-sideend|p1: papatommy|move: Aurora Veil\n|upkeep\n|\n|t:|1776508263\n|switch|p2b: Delphox|Delphox-Mega, L50, F|29/100\n|turn|9\n|\n|t:|1776508280\n|move|p2a: Kingambit|Sucker Punch|p1a: Rotom\n|-damage|p1a: Rotom|0 fnt\n|faint|p1a: Rotom\n|\n|win|houses3\u80e1\u841d\u535c\u4fa0\n|raw|papatommy's rating: 1479 &rarr; <strong>1455</strong><br />(-24 for losing)\n|raw|houses3\u80e1\u841d\u535c\u4fa0's rating: 1416 &rarr; <strong>1440</strong><br />(+24 for winning)\n|l|\u2606papatommy\n|player|p1|\n",
  "uploadtime": 1776508287,
  "views": 33,
  "formatid": "gen9championsvgc2026regma",
  "rating": 1440,
  "private": 0,
  "password": null
}