{
  "id": "gen9championsvgc2026regma-2586764879",
  "format": "[Gen 9 Champions] VGC 2026 Reg M-A",
  "players": [
    "CelticChicken",
    "DavidBarros74"
  ],
  "log": "|j|\u2606CelticChicken\n|j|\u2606DavidBarros74\n|t:|1776458108\n|gametype|doubles\n|player|p1|CelticChicken|pokemaniac|1077\n|player|p2|DavidBarros74|2|1013\n|gen|9\n|tier|[Gen 9 Champions] VGC 2026 Reg M-A\n|rated|\n|rule|Species Clause: Limit one of each Pok\u00e9mon\n|rule|Item Clause: Limit 1 of each item\n|clearpoke\n|poke|p1|Ampharos, L50, M|\n|poke|p1|Runerigus, L50, F|\n|poke|p1|Greninja-*, L50, F|\n|poke|p1|Talonflame, L50, F|\n|poke|p1|Sinistcha, L50|\n|poke|p1|Garchomp, L50, F|\n|poke|p2|Sneasler, L50, F|\n|poke|p2|Kingambit, L50, M|\n|poke|p2|Milotic, L50, F|\n|poke|p2|Gengar, L50, F|\n|poke|p2|Incineroar, L50, M|\n|poke|p2|Garchomp, L50, F|\n|teampreview|4\n|l|\u2606DavidBarros74\n|player|p2|\n|j|\u2606DavidBarros74\n|player|p2|DavidBarros74|2|\n|\n|t:|1776458180\n|teamsize|p1|4\n|teamsize|p2|4\n|start\n|switch|p1a: Shades|Runerigus, L50, F, shiny|100/100\n|switch|p1b: Amplifier|Ampharos, L50, M|100/100\n|switch|p2a: Incineroar|Incineroar, L50, M|100/100\n|switch|p2b: Kingambit|Kingambit, L50, M|100/100\n|-ability|p2a: Incineroar|Intimidate|boost\n|-unboost|p1a: Shades|atk|1\n|-unboost|p1b: Amplifier|atk|1\n|turn|1\n|\n|t:|1776458216\n|move|p1b: Amplifier|Protect|p1b: Amplifier\n|-singleturn|p1b: Amplifier|Protect\n|move|p2a: Incineroar|Fake Out|p1b: Amplifier\n|-activate|p1b: Amplifier|move: Protect\n|move|p2b: Kingambit|Kowtow Cleave|p1a: Shades\n|-supereffective|p1a: Shades|1\n|-damage|p1a: Shades|6/100\n|-activate|p2b: Kingambit|Skill Swap|Wandering Spirit|Defiant|[of] p1a: Shades\n|move|p1a: Shades|Trick Room|p1a: Shades\n|-fieldstart|move: Trick Room|[of] p1a: Shades\n|\n|upkeep\n|turn|2\n|\n|t:|1776458267\n|switch|p2a: Garchomp|Garchomp, L50, F|100/100\n|detailschange|p1b: Amplifier|Ampharos-Mega, L50, M\n|-mega|p1b: Amplifier|Ampharos|Ampharosite\n|-ability|p1b: Amplifier|Mold Breaker\n|move|p2b: Kingambit|Sucker Punch||[still]\n|-fail|p2b: Kingambit\n|move|p1a: Shades|Destiny Bond|p1a: Shades\n|-singlemove|p1a: Shades|Destiny Bond\n|move|p1b: Amplifier|Discharge|p2a: Garchomp|[spread] p2b\n|-immune|p1a: Shades\n|-immune|p2a: Garchomp\n|-damage|p2b: Kingambit|53/100\n|\n|upkeep\n|turn|3\n|\n|t:|1776458309\n|move|p2b: Kingambit|Protect|p2b: Kingambit\n|-singleturn|p2b: Kingambit|Protect\n|move|p1a: Shades|Destiny Bond||[still]\n|-fail|p1a: Shades\n|move|p1b: Amplifier|Dragon Pulse|p2a: Garchomp\n|-supereffective|p2a: Garchomp|1\n|-damage|p2a: Garchomp|0 fnt\n|faint|p2a: Garchomp\n|\n|upkeep\n|\n|t:|1776458322\n|switch|p2a: Incineroar|Incineroar, L50, M|100/100\n|-ability|p2a: Incineroar|Intimidate|boost\n|-unboost|p1a: Shades|atk|1\n|-ability|p1a: Shades|Defiant|boost\n|-boost|p1a: Shades|atk|2\n|-unboost|p1b: Amplifier|atk|1\n|turn|4\n|\n|t:|1776458336\n|move|p1b: Amplifier|Protect|p1b: Amplifier\n|-singleturn|p1b: Amplifier|Protect\n|move|p2a: Incineroar|Fake Out|p1b: Amplifier\n|-activate|p1b: Amplifier|move: Protect\n|move|p1a: Shades|Destiny Bond|p1a: Shades\n|-singlemove|p1a: Shades|Destiny Bond\n|move|p2b: Kingambit|Swords Dance|p2b: Kingambit\n|-boost|p2b: Kingambit|atk|2\n|\n|upkeep\n|turn|5\n|\n|t:|1776458368\n|move|p2b: Kingambit|Protect|p2b: Kingambit\n|-singleturn|p2b: Kingambit|Protect\n|move|p1a: Shades|Body Press|p2b: Kingambit\n|-activate|p2b: Kingambit|move: Protect\n|move|p1b: Amplifier|Discharge|p2b: Kingambit|[spread] p2a\n|-activate|p2b: Kingambit|move: Protect\n|-immune|p1a: Shades\n|-damage|p2a: Incineroar|60/100\n|move|p2a: Incineroar|Parting Shot|p1b: Amplifier\n|-unboost|p1b: Amplifier|atk|1\n|-unboost|p1b: Amplifier|spa|1\n|\n|t:|1776458382\n|switch|p2a: Sneasler|Sneasler, L50, F|100/100|[from] Parting Shot\n|\n|-fieldend|move: Trick Room\n|upkeep\n|turn|6\n|\n|t:|1776458405\n|move|p2a: Sneasler|Fake Out|p1b: Amplifier\n|-damage|p1b: Amplifier|87/100\n|move|p2b: Kingambit|Kowtow Cleave|p1a: Shades\n|-supereffective|p1a: Shades|1\n|-damage|p1a: Shades|0 fnt\n|faint|p1a: Shades\n|cant|p1b: Amplifier|flinch\n|\n|upkeep\n|\n|t:|1776458414\n|switch|p1a: MachiIceGrande|Sinistcha, L50|100/100\n|-heal|p1b: Amplifier|100/100|[from] ability: Hospitality|[of] p1a: MachiIceGrande\n|turn|7\n|\n|t:|1776458447\n|move|p1a: MachiIceGrande|Protect|p1a: MachiIceGrande\n|-singleturn|p1a: MachiIceGrande|Protect\n|move|p2a: Sneasler|Dire Claw|p1a: MachiIceGrande\n|-activate|p1a: MachiIceGrande|move: Protect\n|move|p2b: Kingambit|Kowtow Cleave|p1a: MachiIceGrande\n|-activate|p1a: MachiIceGrande|move: Protect\n|move|p1b: Amplifier|Volt Switch|p2b: Kingambit\n|-damage|p2b: Kingambit|17/100\n|\n|t:|1776458457\n|switch|p1b: Muncher|Garchomp, L50, F|100/100|[from] Volt Switch\n|\n|upkeep\n|turn|8\n|\n|t:|1776458484\n|move|p2b: Kingambit|Protect|p2b: Kingambit\n|-singleturn|p2b: Kingambit|Protect\n|move|p1a: MachiIceGrande|Rage Powder|p1a: MachiIceGrande\n|-singleturn|p1a: MachiIceGrande|move: Rage Powder\n|move|p2a: Sneasler|Close Combat|p1a: MachiIceGrande\n|-immune|p1a: MachiIceGrande\n|move|p1b: Muncher|Earthquake|p2a: Sneasler|[spread] p1a,p2a\n|-activate|p2b: Kingambit|move: Protect\n|-resisted|p1a: MachiIceGrande|1\n|-supereffective|p2a: Sneasler|1\n|-damage|p1a: MachiIceGrande|81/100\n|-enditem|p2a: Sneasler|Focus Sash\n|-damage|p2a: Sneasler|1/100\n|\n|upkeep\n|turn|9\n|\n|t:|1776458536\n|move|p1a: MachiIceGrande|Rage Powder|p1a: MachiIceGrande\n|-singleturn|p1a: MachiIceGrande|move: Rage Powder\n|move|p2b: Kingambit|Sucker Punch||[still]\n|-fail|p2b: Kingambit\n|move|p2a: Sneasler|Close Combat|p1a: MachiIceGrande\n|-immune|p1a: MachiIceGrande\n|move|p1b: Muncher|Earthquake|p2a: Sneasler|[spread] p1a,p2a,p2b\n|-resisted|p1a: MachiIceGrande|1\n|-supereffective|p2a: Sneasler|1\n|-supereffective|p2b: Kingambit|1\n|-damage|p1a: MachiIceGrande|61/100\n|-damage|p2a: Sneasler|0 fnt\n|-damage|p2b: Kingambit|0 fnt\n|faint|p2a: Sneasler\n|faint|p2b: Kingambit\n|\n|upkeep\n|\n|t:|1776458548\n|switch|p2b: Incineroar|Incineroar, L50, M|60/100\n|-ability|p2b: Incineroar|Intimidate|boost\n|-unboost|p1a: MachiIceGrande|atk|1\n|-unboost|p1b: Muncher|atk|1\n|-enditem|p1b: Muncher|White Herb\n|-clearnegativeboost|p1b: Muncher|[silent]\n|turn|10\n|-message|DavidBarros74 forfeited.\n|\n|win|CelticChicken\n|raw|CelticChicken's rating: 1077 &rarr; <strong>1100</strong><br />(+23 for winning)\n|raw|DavidBarros74's rating: 1013 &rarr; <strong>1003</strong><br />(-10 for losing)\n|l|\u2606DavidBarros74\n|player|p2|\n",
  "uploadtime": 1776458574,
  "views": 27,
  "formatid": "gen9championsvgc2026regma",
  "rating": 1003,
  "private": 0,
  "password": null
}