{
  "id": "gen9championsvgc2026regma-2582197300",
  "format": "[Gen 9 Champions] VGC 2026 Reg M-A",
  "players": [
    "mertering",
    "kk114"
  ],
  "log": "|j|\u2606mertering\n|j|\u2606kk114\n|t:|1776070149\n|gametype|doubles\n|player|p1|mertering|1|1001\n|player|p2|kk114|unknownf|1051\n|gen|9\n|tier|[Gen 9 Champions] VGC 2026 Reg M-A\n|rated|\n|rule|Species Clause: Limit one of each Pok\u00e9mon\n|rule|Item Clause: Limit 1 of each item\n|clearpoke\n|poke|p1|Delphox, L50, M|\n|poke|p1|Garchomp, L50, M|\n|poke|p1|Maushold-Four, L50|\n|poke|p1|Basculegion, L50, M|\n|poke|p1|Clefable, L50, F|\n|poke|p1|Vivillon-Polar, L50, F|\n|poke|p2|Charizard, L50, F|\n|poke|p2|Incineroar, L50, F|\n|poke|p2|Whimsicott, L50, M|\n|poke|p2|Garchomp, L50, F|\n|poke|p2|Rotom-Wash, L50|\n|poke|p2|Sneasler, L50, F|\n|teampreview|4\n|inactive|Battle timer is ON: inactive players will automatically lose when time's up. (requested by kk114)\nmertering rejected open team sheets.\n|inactive|mertering has 60 seconds left.\n|inactive|kk114 has 60 seconds left.\n|inactive|mertering has 30 seconds left.\n|inactive|mertering has 20 seconds left.\n|inactive|mertering has 15 seconds left.\n|inactive|mertering has 10 seconds left.\n|\n|t:|1776070234\n|teamsize|p1|4\n|teamsize|p2|4\n|start\n|switch|p1a: Maushold|Maushold-Four, L50|100/100\n|switch|p1b: Delphox|Delphox, L50, M|100/100\n|switch|p2a: \u5a01\u5413\u5f00\u5f00|Incineroar, L50, F, shiny|100/100\n|switch|p2b: \u5e72\u574f\u4e8b\u5f00\u5f00|Whimsicott, L50, M, shiny|100/100\n|-ability|p2a: \u5a01\u5413\u5f00\u5f00|Intimidate|boost\n|-unboost|p1a: Maushold|atk|1\n|-unboost|p1b: Delphox|atk|1\n|turn|1\n|\n|t:|1776070250\n|detailschange|p1b: Delphox|Delphox-Mega, L50, M\n|-mega|p1b: Delphox|Delphox|Delphoxite\n|move|p2b: \u5e72\u574f\u4e8b\u5f00\u5f00|Taunt|p1a: Maushold\n|-start|p1a: Maushold|move: Taunt\n|move|p1b: Delphox|Nasty Plot|p1b: Delphox\n|-boost|p1b: Delphox|spa|2\n|move|p1a: Maushold|Super Fang|p2a: \u5a01\u5413\u5f00\u5f00\n|-damage|p2a: \u5a01\u5413\u5f00\u5f00|50/100\n|-enditem|p2a: \u5a01\u5413\u5f00\u5f00|Sitrus Berry|[eat]\n|-heal|p2a: \u5a01\u5413\u5f00\u5f00|75/100|[from] item: Sitrus Berry\n|move|p2a: \u5a01\u5413\u5f00\u5f00|Parting Shot|p1b: Delphox\n|-unboost|p1b: Delphox|atk|1\n|-unboost|p1b: Delphox|spa|1\n|\n|t:|1776070266\n|switch|p2a: \u6c34\u8863\u673a\u5f00\u5f00|Rotom-Wash, L50, shiny|100/100|[from] Parting Shot\n|\n|upkeep\n|turn|2\n|\n|t:|1776070278\n|move|p1b: Delphox|Protect|p1b: Delphox\n|-singleturn|p1b: Delphox|Protect\n|move|p2b: \u5e72\u574f\u4e8b\u5f00\u5f00|Tailwind|p2b: \u5e72\u574f\u4e8b\u5f00\u5f00\n|-sidestart|p2: kk114|move: Tailwind\n|move|p2a: \u6c34\u8863\u673a\u5f00\u5f00|Hydro Pump|p1b: Delphox\n|-activate|p1b: Delphox|move: Protect\n|move|p1a: Maushold|Super Fang|p2a: \u6c34\u8863\u673a\u5f00\u5f00\n|-damage|p2a: \u6c34\u8863\u673a\u5f00\u5f00|51/100\n|\n|-heal|p2a: \u6c34\u8863\u673a\u5f00\u5f00|57/100|[from] item: Leftovers\n|upkeep\n|turn|3\n|\n|t:|1776070302\n|switch|p2b: \u5a01\u5413\u5f00\u5f00|Incineroar, L50, F, shiny|75/100\n|-ability|p2b: \u5a01\u5413\u5f00\u5f00|Intimidate|boost\n|-unboost|p1a: Maushold|atk|1\n|-unboost|p1b: Delphox|atk|1\n|move|p1a: Maushold|Feint|p2a: \u6c34\u8863\u673a\u5f00\u5f00\n|-damage|p2a: \u6c34\u8863\u673a\u5f00\u5f00|52/100\n|move|p2a: \u6c34\u8863\u673a\u5f00\u5f00|Hydro Pump|p1b: Delphox\n|-supereffective|p1b: Delphox|1\n|-damage|p1b: Delphox|29/100\n|move|p1b: Delphox|Heat Wave|p2a: \u6c34\u8863\u673a\u5f00\u5f00|[spread] p2a\n|-miss|p1b: Delphox|p2b: \u5a01\u5413\u5f00\u5f00\n|-resisted|p2a: \u6c34\u8863\u673a\u5f00\u5f00|1\n|-damage|p2a: \u6c34\u8863\u673a\u5f00\u5f00|18/100\n|\n|-heal|p2a: \u6c34\u8863\u673a\u5f00\u5f00|24/100|[from] item: Leftovers\n|-end|p1a: Maushold|move: Taunt\n|upkeep\n|turn|4\n|inactive|kk114 has 30 seconds left.\n|inactive|kk114 has 20 seconds left.\n|inactive|kk114 has 15 seconds left.\n|inactive|kk114 has 10 seconds left.\n|\n|t:|1776070352\n|move|p1b: Delphox|Protect|p1b: Delphox\n|-singleturn|p1b: Delphox|Protect\n|move|p1a: Maushold|Protect|p1a: Maushold\n|-singleturn|p1a: Maushold|Protect\n|move|p2a: \u6c34\u8863\u673a\u5f00\u5f00|Thunderbolt|p1b: Delphox\n|-activate|p1b: Delphox|move: Protect\n|move|p2b: \u5a01\u5413\u5f00\u5f00|Parting Shot|p1b: Delphox\n|-activate|p1b: Delphox|move: Protect\n|\n|-heal|p2a: \u6c34\u8863\u673a\u5f00\u5f00|30/100|[from] item: Leftovers\n|upkeep\n|turn|5\n|\n|t:|1776070368\n|move|p1a: Maushold|Follow Me|p1a: Maushold\n|-singleturn|p1a: Maushold|move: Follow Me\n|move|p2a: \u6c34\u8863\u673a\u5f00\u5f00|Hydro Pump|p1a: Maushold\n|-damage|p1a: Maushold|39/100\n|-enditem|p1a: Maushold|Sitrus Berry|[eat]\n|-heal|p1a: Maushold|64/100|[from] item: Sitrus Berry\n|move|p1b: Delphox|Nasty Plot|p1b: Delphox\n|-boost|p1b: Delphox|spa|2\n|move|p2b: \u5a01\u5413\u5f00\u5f00|Flare Blitz|p1a: Maushold\n|-damage|p1a: Maushold|10/100\n|-damage|p2b: \u5a01\u5413\u5f00\u5f00|59/100|[from] Recoil\n|\n|-heal|p2a: \u6c34\u8863\u673a\u5f00\u5f00|36/100|[from] item: Leftovers\n|-sideend|p2: kk114|move: Tailwind\n|upkeep\n|turn|6\n|inactive|kk114 has 30 seconds left.\n|\n|t:|1776070396\n|move|p1a: Maushold|Follow Me|p1a: Maushold\n|-singleturn|p1a: Maushold|move: Follow Me\n|move|p1b: Delphox|Heat Wave|p2a: \u6c34\u8863\u673a\u5f00\u5f00|[spread] p2a,p2b\n|-resisted|p2a: \u6c34\u8863\u673a\u5f00\u5f00|1\n|-resisted|p2b: \u5a01\u5413\u5f00\u5f00|1\n|-damage|p2a: \u6c34\u8863\u673a\u5f00\u5f00|0 fnt\n|-damage|p2b: \u5a01\u5413\u5f00\u5f00|15/100\n|faint|p2a: \u6c34\u8863\u673a\u5f00\u5f00\n|move|p2b: \u5a01\u5413\u5f00\u5f00|Flare Blitz|p1a: Maushold\n|-damage|p1a: Maushold|0 fnt\n|faint|p1a: Maushold\n|-damage|p2b: \u5a01\u5413\u5f00\u5f00|12/100|[from] Recoil\n|\n|upkeep\n|\n|t:|1776070418\n|switch|p1a: Vivillon|Vivillon-Polar, L50, F|100/100\n|switch|p2a: \u5e72\u574f\u4e8b\u5f00\u5f00|Whimsicott, L50, M, shiny|100/100\n|turn|7\n|\n|t:|1776070428\n|move|p1a: Vivillon|Rage Powder|p1a: Vivillon\n|-singleturn|p1a: Vivillon|move: Rage Powder\n|move|p2a: \u5e72\u574f\u4e8b\u5f00\u5f00|Taunt|p1a: Vivillon\n|-start|p1a: Vivillon|move: Taunt\n|move|p1b: Delphox|Heat Wave|p2b: \u5a01\u5413\u5f00\u5f00|[spread] p2a,p2b\n|-supereffective|p2a: \u5e72\u574f\u4e8b\u5f00\u5f00|1\n|-crit|p2a: \u5e72\u574f\u4e8b\u5f00\u5f00\n|-resisted|p2b: \u5a01\u5413\u5f00\u5f00|1\n|-enditem|p2a: \u5e72\u574f\u4e8b\u5f00\u5f00|Focus Sash\n|-damage|p2a: \u5e72\u574f\u4e8b\u5f00\u5f00|1/100\n|-damage|p2b: \u5a01\u5413\u5f00\u5f00|0 fnt\n|faint|p2b: \u5a01\u5413\u5f00\u5f00\n|\n|upkeep\n|\n|t:|1776070434\n|switch|p2b: \u6674\u5929\u5f00\u5f00|Charizard, L50, F, shiny|100/100\n|turn|8\n|inactive|mertering has 30 seconds left.\n|\n|t:|1776070460\n|detailschange|p2b: \u6674\u5929\u5f00\u5f00|Charizard-Mega-Y, L50, F, shiny\n|-mega|p2b: \u6674\u5929\u5f00\u5f00|Charizard|Charizardite Y\n|-weather|SunnyDay|[from] ability: Drought|[of] p2b: \u6674\u5929\u5f00\u5f00\n|move|p2a: \u5e72\u574f\u4e8b\u5f00\u5f00|Tailwind|p2a: \u5e72\u574f\u4e8b\u5f00\u5f00\n|-sidestart|p2: kk114|move: Tailwind\n|move|p2b: \u6674\u5929\u5f00\u5f00|Heat Wave|p1b: Delphox|[spread] p1a\n|-miss|p2b: \u6674\u5929\u5f00\u5f00|p1b: Delphox\n|-supereffective|p1a: Vivillon|1\n|-enditem|p1a: Vivillon|Focus Sash\n|-damage|p1a: Vivillon|1/100\n|move|p1b: Delphox|Heat Wave|p2b: \u6674\u5929\u5f00\u5f00|[spread] p2a,p2b\n|-supereffective|p2a: \u5e72\u574f\u4e8b\u5f00\u5f00|1\n|-resisted|p2b: \u6674\u5929\u5f00\u5f00|1\n|-damage|p2a: \u5e72\u574f\u4e8b\u5f00\u5f00|0 fnt\n|-damage|p2b: \u6674\u5929\u5f00\u5f00|11/100\n|faint|p2a: \u5e72\u574f\u4e8b\u5f00\u5f00\n|move|p1a: Vivillon|Hurricane|p2b: \u6674\u5929\u5f00\u5f00\n|-damage|p2b: \u6674\u5929\u5f00\u5f00|0 fnt\n|faint|p2b: \u6674\u5929\u5f00\u5f00\n|\n|win|mertering\n|raw|mertering's rating: 1001 &rarr; <strong>1047</strong><br />(+46 for winning)\n|raw|kk114's rating: 1051 &rarr; <strong>1031</strong><br />(-20 for losing)\n|l|\u2606mertering\n|player|p1|\n",
  "uploadtime": 1776070486,
  "views": 12,
  "formatid": "gen9championsvgc2026regma",
  "rating": 1031,
  "private": 0,
  "password": null
}