{
  "id": "gen9championsvgc2026regma-2580636062",
  "format": "[Gen 9 Champions] VGC 2026 Reg M-A",
  "players": [
    "hope23",
    "Kobe Saber"
  ],
  "log": "|j|\u203dhope23\n|j|\u2606Kobe Saber\n|t:|1775920125\n|gametype|doubles\n|player|p1|hope23|101|1059\n|player|p2|Kobe Saber|265|1000\n|gen|9\n|tier|[Gen 9 Champions] VGC 2026 Reg M-A\n|rated|\n|rule|Species Clause: Limit one of each Pok\u00e9mon\n|rule|Item Clause: Limit 1 of each item\n|clearpoke\n|poke|p1|Farigiraf, L50, F|\n|poke|p1|Sneasler, L50, F|\n|poke|p1|Torkoal, L50, M|\n|poke|p1|Golurk, L50|\n|poke|p1|Venusaur, L50, M|\n|poke|p1|Dragapult, L50, F|\n|poke|p2|Meganium, L50, M|\n|poke|p2|Pelipper, L50, F|\n|poke|p2|Archaludon, L50, M|\n|poke|p2|Incineroar, L50, F|\n|poke|p2|Garchomp, L50, M|\n|poke|p2|Basculegion-F, L50, F|\n|teampreview|4\n|\n|t:|1775920152\n|teamsize|p1|4\n|teamsize|p2|4\n|start\n|switch|p1a: Sneasler|Sneasler, L50, F|100/100\n|switch|p1b: Farigiraf|Farigiraf, L50, F|100/100\n|switch|p2a: Pelipper|Pelipper, L50, F|100/100\n|switch|p2b: Meganium|Meganium, L50, M|100/100\n|-weather|RainDance|[from] ability: Drizzle|[of] p2a: Pelipper\n|turn|1\n|\n|t:|1775920171\n|switch|p2b: Incineroar|Incineroar, L50, F|100/100\n|-ability|p2b: Incineroar|Intimidate|boost\n|-unboost|p1a: Sneasler|atk|1\n|-unboost|p1b: Farigiraf|atk|1\n|-enditem|p1a: Sneasler|White Herb\n|-clearnegativeboost|p1a: Sneasler|[silent]\n|move|p1a: Sneasler|Fake Out|p2a: Pelipper\n|-damage|p2a: Pelipper|90/100\n|cant|p2a: Pelipper|flinch\n|move|p1b: Farigiraf|Trick Room|p1b: Farigiraf\n|-fieldstart|move: Trick Room|[of] p1b: Farigiraf\n|\n|-weather|RainDance|[upkeep]\n|upkeep\n|turn|2\n|\n|t:|1775920204\n|move|p2b: Incineroar|Fake Out||[still]\n|cant|p1b: Farigiraf|ability: Armor Tail|Fake Out|[of] p2b: Incineroar\n|move|p1b: Farigiraf|Hyper Voice|p2a: Pelipper|[spread] p2a,p2b\n|-damage|p2a: Pelipper|55/100\n|-damage|p2b: Incineroar|73/100\n|move|p2a: Pelipper|Hurricane|p1a: Sneasler\n|-supereffective|p1a: Sneasler|1\n|-damage|p1a: Sneasler|2/100\n|-start|p1a: Sneasler|confusion\n|-activate|p1a: Sneasler|confusion\n|move|p1a: Sneasler|Close Combat|p2b: Incineroar\n|-supereffective|p2b: Incineroar|1\n|-damage|p2b: Incineroar|0 fnt\n|-unboost|p1a: Sneasler|def|1\n|-unboost|p1a: Sneasler|spd|1\n|faint|p2b: Incineroar\n|\n|-weather|RainDance|[upkeep]\n|upkeep\n|\n|t:|1775920228\n|switch|p2b: Meganium|Meganium, L50, M|100/100\n|turn|3\n|\n|t:|1775920254\n|detailschange|p2b: Meganium|Meganium-Mega, L50, M\n|-mega|p2b: Meganium|Meganium|Meganiumite\n|move|p2a: Pelipper|Protect|p2a: Pelipper\n|-singleturn|p2a: Pelipper|Protect\n|move|p1b: Farigiraf|Hyper Voice|p2a: Pelipper|[spread] p2b\n|-activate|p2a: Pelipper|move: Protect\n|-damage|p2b: Meganium|74/100\n|move|p2b: Meganium|Dazzling Gleam|p1b: Farigiraf|[spread] p1a,p1b\n|-damage|p1a: Sneasler|0 fnt\n|-damage|p1b: Farigiraf|72/100\n|faint|p1a: Sneasler\n|\n|-weather|RainDance|[upkeep]\n|upkeep\n|\n|t:|1775920263\n|switch|p1a: Torkoal|Torkoal, L50, M|100/100\n|-weather|SunnyDay|[from] ability: Drought|[of] p1a: Torkoal\n|turn|4\n|\n|t:|1775920306\n|switch|p2a: Basculegion|Basculegion-F, L50, F|100/100\n|move|p1a: Torkoal|Eruption|p2a: Basculegion|[spread] p2a,p2b\n|-resisted|p2a: Basculegion|1\n|-supereffective|p2b: Meganium|1\n|-damage|p2a: Basculegion|53/100\n|-damage|p2b: Meganium|0 fnt\n|faint|p2b: Meganium\n|move|p1b: Farigiraf|Hyper Voice|p2a: Basculegion\n|-immune|p2a: Basculegion\n|\n|-weather|SunnyDay|[upkeep]\n|upkeep\n|\n|t:|1775920311\n|switch|p2b: Pelipper|Pelipper, L50, F|55/100\n|-weather|RainDance|[from] ability: Drizzle|[of] p2b: Pelipper\n|turn|5\n|\n|t:|1775920337\n|move|p2b: Pelipper|Protect|p2b: Pelipper\n|-singleturn|p2b: Pelipper|Protect\n|move|p2a: Basculegion|Protect|p2a: Basculegion\n|-singleturn|p2a: Basculegion|Protect\n|move|p1a: Torkoal|Eruption|p2a: Basculegion|[spread] \n|-activate|p2a: Basculegion|move: Protect\n|-activate|p2b: Pelipper|move: Protect\n|move|p1b: Farigiraf|Twin Beam|p2a: Basculegion\n|-activate|p2a: Basculegion|move: Protect\n|\n|-weather|RainDance|[upkeep]\n|-fieldend|move: Trick Room\n|upkeep\n|turn|6\n|\n|t:|1775920359\n|move|p1a: Torkoal|Protect|p1a: Torkoal\n|-singleturn|p1a: Torkoal|Protect\n|move|p2a: Basculegion|Surf|p1b: Farigiraf|[spread] p2b,p1b\n|-activate|p1a: Torkoal|move: Protect\n|-resisted|p2b: Pelipper|1\n|-damage|p2b: Pelipper|17/100\n|-damage|p1b: Farigiraf|23/100\n|move|p2b: Pelipper|Hurricane|p1b: Farigiraf\n|-damage|p1b: Farigiraf|0 fnt\n|faint|p1b: Farigiraf\n|\n|-weather|RainDance|[upkeep]\n|upkeep\n|\n|t:|1775920367\n|switch|p1b: Golurk|Golurk, L50, shiny|100/100\n|turn|7\n|\n|t:|1775920380\n|detailschange|p1b: Golurk|Golurk-Mega, L50, shiny\n|-mega|p1b: Golurk|Golurk|Golurkite\n|move|p2b: Pelipper|Protect|p2b: Pelipper\n|-singleturn|p2b: Pelipper|Protect\n|move|p2a: Basculegion|Surf|p1b: Golurk|[spread] p1a,p1b\n|-activate|p2b: Pelipper|move: Protect\n|-supereffective|p1a: Torkoal|1\n|-supereffective|p1b: Golurk|1\n|-damage|p1a: Torkoal|0 fnt\n|-damage|p1b: Golurk|0 fnt\n|faint|p1a: Torkoal\n|faint|p1b: Golurk\n|\n|win|Kobe Saber\n|raw|hope23's rating: 1059 &rarr; <strong>1037</strong><br />(-22 for losing)\n|raw|Kobe Saber's rating: 1000 &rarr; <strong>1047</strong><br />(+47 for winning)\n|l|\u203dhope23\n|player|p1|\n",
  "uploadtime": 1775920393,
  "views": 15,
  "formatid": "gen9championsvgc2026regma",
  "rating": 1037,
  "private": 0,
  "password": null
}