{
  "id": "gen9championsvgc2026regma-2585496390",
  "format": "[Gen 9 Champions] VGC 2026 Reg M-A",
  "players": [
    "HamKiss",
    "nypunk1221"
  ],
  "log": "|j|\u2606HamKiss\n|j|\u2606nypunk1221\n|t:|1776351460\n|gametype|doubles\n|player|p1|HamKiss|crasherwake|1083\n|player|p2|nypunk1221|170|1040\n|gen|9\n|tier|[Gen 9 Champions] VGC 2026 Reg M-A\n|rated|\n|rule|Species Clause: Limit one of each Pok\u00e9mon\n|rule|Item Clause: Limit 1 of each item\n|clearpoke\n|poke|p1|Manectric, L50, F|\n|poke|p1|Pelipper, L50, M|\n|poke|p1|Tsareena, L50, F|\n|poke|p1|Meowstic, L50, M|\n|poke|p1|Aegislash, L50, F|\n|poke|p1|Empoleon, L50, F|\n|poke|p2|Sneasler, L50, F|\n|poke|p2|Rotom-Wash, L50|\n|poke|p2|Dragapult, L50, M|\n|poke|p2|Tyranitar, L50, M|\n|poke|p2|Excadrill, L50, F|\n|poke|p2|Meganium, L50, M|\n|teampreview|4\n|\n|t:|1776351482\n|teamsize|p1|4\n|teamsize|p2|4\n|start\n|switch|p1a: Manectric|Manectric, L50, F, shiny|100/100\n|switch|p1b: Tsareena|Tsareena, L50, F, shiny|100/100\n|switch|p2a: Tyranitar|Tyranitar, L50, M|100/100\n|switch|p2b: Excadrill|Excadrill, L50, F|100/100\n|-weather|Sandstorm|[from] ability: Sand Stream|[of] p2a: Tyranitar\n|turn|1\n|\n|t:|1776351503\n|detailschange|p1a: Manectric|Manectric-Mega, L50, F, shiny\n|-mega|p1a: Manectric|Manectric|Manectite\n|-ability|p1a: Manectric|Intimidate|boost\n|-unboost|p2a: Tyranitar|atk|1\n|-unboost|p2b: Excadrill|atk|1\n|move|p1a: Manectric|Protect|p1a: Manectric\n|-singleturn|p1a: Manectric|Protect\n|move|p2b: Excadrill|Earthquake|p1b: Tsareena|[spread] p2a,p1b\n|-activate|p1a: Manectric|move: Protect\n|-supereffective|p2a: Tyranitar|1\n|-resisted|p1b: Tsareena|1\n|-damage|p2a: Tyranitar|53/100\n|-damage|p1b: Tsareena|82/100\n|move|p1b: Tsareena|Trop Kick|p2a: Tyranitar\n|-supereffective|p2a: Tyranitar|1\n|-damage|p2a: Tyranitar|0 fnt\n|faint|p2a: Tyranitar\n|\n|-weather|Sandstorm|[upkeep]\n|-damage|p1a: Manectric|94/100|[from] Sandstorm\n|-damage|p1b: Tsareena|76/100|[from] Sandstorm\n|upkeep\n|\n|t:|1776351520\n|switch|p2a: Meganium|Meganium, L50, M|100/100\n|turn|2\n|\n|t:|1776351537\n|switch|p1a: Pelipper|Pelipper, L50, M, shiny|100/100\n|-weather|RainDance|[from] ability: Drizzle|[of] p1a: Pelipper\n|detailschange|p2a: Meganium|Meganium-Mega, L50, M\n|-mega|p2a: Meganium|Meganium|Meganiumite\n|move|p2a: Meganium|Weather Ball|p1b: Tsareena\n|-supereffective|p1b: Tsareena|1\n|-damage|p1b: Tsareena|0 fnt\n|faint|p1b: Tsareena\n|move|p2b: Excadrill|High Horsepower|p1a: Pelipper\n|-immune|p1a: Pelipper\n|\n|-weather|RainDance|[upkeep]\n|upkeep\n|\n|t:|1776351550\n|switch|p1b: Empoleon|Empoleon, L50, F|100/100\n|turn|3\n|\n|t:|1776351577\n|switch|p2a: Rotom|Rotom-Wash, L50|100/100\n|move|p2b: Excadrill|Protect|p2b: Excadrill\n|-singleturn|p2b: Excadrill|Protect\n|move|p1b: Empoleon|Surf|p2b: Excadrill|[spread] p1a,p2a\n|-activate|p2b: Excadrill|move: Protect\n|-resisted|p1a: Pelipper|1\n|-resisted|p2a: Rotom|1\n|-damage|p1a: Pelipper|72/100\n|-damage|p2a: Rotom|69/100\n|move|p1a: Pelipper|Hurricane|p2a: Rotom\n|-resisted|p2a: Rotom|1\n|-damage|p2a: Rotom|39/100\n|-enditem|p2a: Rotom|Sitrus Berry|[eat]\n|-heal|p2a: Rotom|63/100|[from] item: Sitrus Berry\n|\n|-weather|RainDance|[upkeep]\n|upkeep\n|turn|4\n|inactive|Battle timer is ON: inactive players will automatically lose when time's up. (requested by HamKiss)\n|-activate|p1b: Empoleon|item: Quick Claw\n|\n|t:|1776351657\n|switch|p1a: Manectric|Manectric-Mega, L50, F, shiny|94/100\n|-ability|p1a: Manectric|Intimidate|boost\n|-unboost|p2a: Rotom|atk|1\n|-unboost|p2b: Excadrill|atk|1\n|move|p1b: Empoleon|Aqua Jet|p2b: Excadrill\n|-supereffective|p2b: Excadrill|1\n|-damage|p2b: Excadrill|45/100\n|move|p2a: Rotom|Thunderbolt|p1a: Manectric\n|-resisted|p1a: Manectric|1\n|-damage|p1a: Manectric|64/100\n|move|p2b: Excadrill|High Horsepower|p2a: Rotom\n|-immune|p2a: Rotom|[from] ability: Levitate\n|\n|-weather|RainDance|[upkeep]\n|upkeep\n|turn|5\n|inactive|HamKiss has 30 seconds left.\n|inactive|nypunk1221 has 30 seconds left.\n|-activate|p1b: Empoleon|item: Quick Claw\n|\n|t:|1776351688\n|move|p2a: Rotom|Protect|p2a: Rotom\n|-singleturn|p2a: Rotom|Protect\n|move|p1b: Empoleon|Aqua Jet|p2b: Excadrill\n|-supereffective|p2b: Excadrill|1\n|-damage|p2b: Excadrill|0 fnt\n|faint|p2b: Excadrill\n|move|p1a: Manectric|Volt Switch|p2a: Rotom\n|-activate|p2a: Rotom|move: Protect\n|\n|-weather|RainDance|[upkeep]\n|upkeep\n|\n|t:|1776351698\n|switch|p2b: Meganium|Meganium-Mega, L50, M|100/100\n|turn|6\n|\n|t:|1776351723\n|move|p2b: Meganium|Protect|p2b: Meganium\n|-singleturn|p2b: Meganium|Protect\n|move|p1a: Manectric|Volt Switch|p2a: Rotom\n|-damage|p2a: Rotom|11/100\n|\n|t:|1776351743\n|switch|p1a: Pelipper|Pelipper, L50, M, shiny|72/100|[from] Volt Switch\n|move|p2a: Rotom|Thunderbolt|p1b: Empoleon\n|-supereffective|p1b: Empoleon|1\n|-damage|p1b: Empoleon|18/100\n|move|p1b: Empoleon|Yawn|p2b: Meganium\n|-activate|p2b: Meganium|move: Protect\n|\n|-weather|none\n|upkeep\n|turn|7\n|-activate|p1b: Empoleon|item: Quick Claw\n|\n|t:|1776351765\n|switch|p1a: Manectric|Manectric-Mega, L50, F, shiny|64/100\n|-ability|p1a: Manectric|Intimidate|boost\n|-unboost|p2a: Rotom|atk|1\n|-unboost|p2b: Meganium|atk|1\n|move|p1b: Empoleon|Aqua Jet|p2a: Rotom\n|-resisted|p2a: Rotom|1\n|-damage|p2a: Rotom|4/100\n|move|p2a: Rotom|Thunderbolt|p1a: Manectric\n|-resisted|p1a: Manectric|1\n|-damage|p1a: Manectric|34/100\n|move|p2b: Meganium|Dazzling Gleam|p1a: Manectric|[spread] p1a,p1b\n|-resisted|p1b: Empoleon|1\n|-damage|p1a: Manectric|0 fnt\n|-damage|p1b: Empoleon|0 fnt\n|faint|p1a: Manectric\n|faint|p1b: Empoleon\n|\n|upkeep\n|\n|t:|1776351773\n|switch|p1b: Pelipper|Pelipper, L50, M, shiny|72/100\n|-weather|RainDance|[from] ability: Drizzle|[of] p1b: Pelipper\n|turn|8\n|\n|t:|1776351786\n|move|p2a: Rotom|Thunderbolt|p1b: Pelipper\n|-supereffective|p1b: Pelipper|2\n|-damage|p1b: Pelipper|0 fnt\n|faint|p1b: Pelipper\n|\n|win|nypunk1221\n|raw|HamKiss's rating: 1083 &rarr; <strong>1058</strong><br />(-25 for losing)\n|raw|nypunk1221's rating: 1040 &rarr; <strong>1078</strong><br />(+38 for winning)\n|l|\u2606HamKiss\n|player|p1|\n",
  "uploadtime": 1776352139,
  "views": 28,
  "formatid": "gen9championsvgc2026regma",
  "rating": 1058,
  "private": 0,
  "password": null
}