{
  "id": "gen9championsvgc2026regma-2589552132",
  "format": "[Gen 9 Champions] VGC 2026 Reg M-A",
  "players": [
    "DaddyWex",
    "gguest9261"
  ],
  "log": "|j|\u2606DaddyWex\n|j|\u2606gguest9261\n|t:|1776733435\n|gametype|doubles\n|player|p1|DaddyWex|turo|1168\n|player|p2|gguest9261|266|1133\n|gen|9\n|tier|[Gen 9 Champions] VGC 2026 Reg M-A\n|rated|\n|rule|Species Clause: Limit one of each Pok\u00e9mon\n|rule|Item Clause: Limit 1 of each item\n|clearpoke\n|poke|p1|Venusaur, L50, F|\n|poke|p1|Charizard, L50, F, shiny|\n|poke|p1|Milotic, L50, F|\n|poke|p1|Sneasler, L50, M|\n|poke|p1|Hydrapple, L50, F|\n|poke|p1|Tinkaton, L50, F|\n|poke|p2|Blastoise, L50, M, shiny|\n|poke|p2|Basculegion, L50, M, shiny|\n|poke|p2|Sinistcha-Masterpiece, L50, shiny|\n|poke|p2|Pelipper, L50, M, shiny|\n|poke|p2|Whimsicott, L50, M, shiny|\n|poke|p2|Araquanid, L50, M, shiny|\n|teampreview|4\n|inactive|Battle timer is ON: inactive players will automatically lose when time's up. (requested by DaddyWex)\n|\n|t:|1776733483\n|teamsize|p1|4\n|teamsize|p2|4\n|start\n|switch|p1a: Milotic|Milotic, L50, F|100/100\n|switch|p1b: Charizard|Charizard, L50, F, shiny|100/100\n|switch|p2a: Blastoise|Blastoise, L50, M, shiny|100/100\n|switch|p2b: Araquanid|Araquanid, L50, M, shiny|100/100\n|turn|1\n|\n|t:|1776733501\n|detailschange|p1b: Charizard|Charizard-Mega-Y, L50, F, shiny\n|-mega|p1b: Charizard|Charizard|Charizardite Y\n|-weather|SunnyDay|[from] ability: Drought|[of] p1b: Charizard\n|detailschange|p2a: Blastoise|Blastoise-Mega, L50, M, shiny\n|-mega|p2a: Blastoise|Blastoise|Blastoisinite\n|move|p1b: Charizard|Protect|p1b: Charizard\n|-singleturn|p1b: Charizard|Protect\n|move|p2a: Blastoise|Fake Out|p1b: Charizard\n|-activate|p1b: Charizard|move: Protect\n|move|p1a: Milotic|Coil|p1a: Milotic\n|-boost|p1a: Milotic|atk|1\n|-boost|p1a: Milotic|def|1\n|-boost|p1a: Milotic|accuracy|1\n|move|p2b: Araquanid|Entrainment|p2a: Blastoise\n|-ability|p2a: Blastoise|Water Bubble|Mega Launcher|[from] move: Entrainment|[of] p2b: Araquanid\n|\n|-weather|SunnyDay|[upkeep]\n|upkeep\n|turn|2\n|inactive|DaddyWex has 30 seconds left.\n|inactive|gguest9261 has 30 seconds left.\n|\n|t:|1776733532\n|switch|p1b: Hydrapple|Hydrapple, L50, F|100/100\n|-ability|p1b: Hydrapple|Supersweet Syrup\n|-unboost|p2a: Blastoise|evasion|1\n|-unboost|p2b: Araquanid|evasion|1\n|switch|p2b: Pelipper|Pelipper, L50, M, shiny|100/100\n|-weather|RainDance|[from] ability: Drizzle|[of] p2b: Pelipper\n|move|p1a: Milotic|Hypnosis|p2a: Blastoise\n|-status|p2a: Blastoise|slp|[from] move: Hypnosis\n|cant|p2a: Blastoise|slp\n|\n|-weather|RainDance|[upkeep]\n|upkeep\n|turn|3\n|inactive|DaddyWex has 30 seconds left.\n|inactive|gguest9261 has 30 seconds left.\n|inactive|gguest9261 has 20 seconds left.\n|\n|t:|1776733571\n|switch|p2a: Sinistcha|Sinistcha-Masterpiece, L50, shiny|100/100\n|move|p1b: Hydrapple|Protect|p1b: Hydrapple\n|-singleturn|p1b: Hydrapple|Protect\n|move|p2b: Pelipper|Hurricane|p1b: Hydrapple\n|-activate|p1b: Hydrapple|move: Protect\n|move|p1a: Milotic|Hypnosis|p2b: Pelipper\n|-status|p2b: Pelipper|slp|[from] move: Hypnosis\n|\n|-weather|RainDance|[upkeep]\n|upkeep\n|turn|4\n|\n|t:|1776733595\n|cant|p2b: Pelipper|slp\n|move|p1a: Milotic|Coil|p1a: Milotic\n|-boost|p1a: Milotic|atk|1\n|-boost|p1a: Milotic|def|1\n|-boost|p1a: Milotic|accuracy|1\n|move|p2a: Sinistcha|Matcha Gotcha|p1b: Hydrapple|[spread] p1a,p1b\n|-supereffective|p1a: Milotic|1\n|-resisted|p1b: Hydrapple|2\n|-damage|p1a: Milotic|67/100\n|-damage|p1b: Hydrapple|94/100\n|move|p1b: Hydrapple|Fickle Beam|p2b: Pelipper|[anim] Fickle Beam All Out\n|-activate|p1b: Hydrapple|move: Fickle Beam\n|-damage|p2b: Pelipper|0 fnt\n|faint|p2b: Pelipper\n|\n|-weather|RainDance|[upkeep]\n|-heal|p1a: Milotic|73/100|[from] item: Leftovers\n|upkeep\n|c|\u2606DaddyWex|If u switchout Blastoise, will Water Bubble stay?\n|\n|t:|1776733609\n|switch|p2b: Araquanid|Araquanid, L50, M, shiny|100/100\n|turn|5\n|\n|t:|1776733629\n|move|p1a: Milotic|Hypnosis|p2b: Araquanid\n|-status|p2b: Araquanid|slp|[from] move: Hypnosis\n|move|p2a: Sinistcha|Matcha Gotcha|p1a: Milotic|[spread] p1a,p1b\n|-supereffective|p1a: Milotic|1\n|-resisted|p1b: Hydrapple|2\n|-damage|p1a: Milotic|42/100\n|-damage|p1b: Hydrapple|88/100\n|move|p1b: Hydrapple|Nasty Plot|p1b: Hydrapple\n|-boost|p1b: Hydrapple|spa|2\n|cant|p2b: Araquanid|slp\n|\n|-weather|RainDance|[upkeep]\n|-heal|p1a: Milotic|48/100|[from] item: Leftovers\n|upkeep\n|turn|6\n|-message|gguest9261 forfeited.\n|\n|win|DaddyWex\n|raw|DaddyWex's rating: 1168 &rarr; <strong>1190</strong><br />(+22 for winning)\n|raw|gguest9261's rating: 1133 &rarr; <strong>1111</strong><br />(-22 for losing)\n|l|\u2606gguest9261\n|player|p2|\n",
  "uploadtime": 1776733656,
  "views": 4,
  "formatid": "gen9championsvgc2026regma",
  "rating": 1111,
  "private": 0,
  "password": null
}