{
  "id": "gen9championsvgc2026regma-2580864304",
  "format": "[Gen 9 Champions] VGC 2026 Reg M-A",
  "players": [
    "starcrashvgc",
    "sixthsavior"
  ],
  "log": "|j|\u2606starcrashvgc\n|j|\u2606sixthsavior\n|t:|1775938766\n|gametype|doubles\n|player|p1|starcrashvgc|hilbert|1000\n|player|p2|sixthsavior|1|1033\n|gen|9\n|tier|[Gen 9 Champions] VGC 2026 Reg M-A\n|rated|\n|rule|Species Clause: Limit one of each Pok\u00e9mon\n|rule|Item Clause: Limit 1 of each item\n|clearpoke\n|poke|p1|Gardevoir, L50, F|\n|poke|p1|Incineroar, L50, F|\n|poke|p1|Sneasler, L50, M|\n|poke|p1|Rotom-Wash, L50|\n|poke|p1|Corviknight, L50, M|\n|poke|p1|Gengar, L50, F|\n|poke|p2|Audino, L50, M|\n|poke|p2|Goodra, L50, M|\n|poke|p2|Incineroar, L50, M|\n|poke|p2|Sinistcha-Masterpiece, L50|\n|poke|p2|Slowking-Galar, L50, F|\n|poke|p2|Toxapex, L50, M|\n|teampreview|4\nstarcrashvgc has agreed to open team sheets.\n|\n|t:|1775938817\n|teamsize|p1|4\n|teamsize|p2|4\n|start\n|switch|p1a: Gardevoir|Gardevoir, L50, F|100/100\n|switch|p1b: Incineroar|Incineroar, L50, F|100/100\n|switch|p2a: Slowking|Slowking-Galar, L50, F|100/100\n|switch|p2b: Incineroar|Incineroar, L50, M|100/100\n|-ability|p1b: Incineroar|Intimidate|boost\n|-unboost|p2a: Slowking|atk|1\n|-unboost|p2b: Incineroar|atk|1\n|-ability|p2b: Incineroar|Intimidate|boost\n|-unboost|p1a: Gardevoir|atk|1\n|-unboost|p1b: Incineroar|atk|1\n|turn|1\n|\n|t:|1775938842\n|detailschange|p1a: Gardevoir|Gardevoir-Mega, L50, F\n|-mega|p1a: Gardevoir|Gardevoir|Gardevoirite\n|move|p1b: Incineroar|Fake Out|p2b: Incineroar\n|-damage|p2b: Incineroar|94/100\n|move|p1a: Gardevoir|Calm Mind|p1a: Gardevoir\n|-boost|p1a: Gardevoir|spa|1\n|-boost|p1a: Gardevoir|spd|1\n|cant|p2b: Incineroar|flinch\n|move|p2a: Slowking|Toxic Spikes|p1b: Incineroar\n|-sidestart|p1: starcrashvgc|move: Toxic Spikes\n|\n|upkeep\n|turn|2\n|inactive|Battle timer is ON: inactive players will automatically lose when time's up. (requested by sixthsavior)\n|\n|t:|1775938885\n|move|p1a: Gardevoir|Calm Mind|p1a: Gardevoir\n|-boost|p1a: Gardevoir|spa|1\n|-boost|p1a: Gardevoir|spd|1\n|move|p1b: Incineroar|Parting Shot|p2b: Incineroar\n|-unboost|p2b: Incineroar|atk|1\n|-unboost|p2b: Incineroar|spa|1\n|\n|t:|1775938892\n|switch|p1b: Sneasler|Sneasler, L50, M|100/100|[from] Parting Shot\n|-sideend|p1: starcrashvgc|move: Toxic Spikes|[of] p1b: Sneasler\n|move|p2b: Incineroar|Snarl|p1b: Sneasler|[spread] p1a,p1b\n|-resisted|p1b: Sneasler|1\n|-damage|p1a: Gardevoir|96/100\n|-damage|p1b: Sneasler|95/100\n|-unboost|p1a: Gardevoir|spa|1\n|-unboost|p1b: Sneasler|spa|1\n|-enditem|p1b: Sneasler|White Herb\n|-clearnegativeboost|p1b: Sneasler|[silent]\n|move|p2a: Slowking|Snarl|p1a: Gardevoir|[spread] p1a\n|-miss|p2a: Slowking|p1b: Sneasler\n|-damage|p1a: Gardevoir|91/100\n|-unboost|p1a: Gardevoir|spa|1\n|\n|upkeep\n|turn|3\n|inactive|starcrashvgc has 30 seconds left.\n|\n|t:|1775938925\n|switch|p2b: Sinistcha|Sinistcha-Masterpiece, L50|100/100\n|move|p1b: Sneasler|Close Combat|p2b: Sinistcha\n|-immune|p2b: Sinistcha\n|move|p1a: Gardevoir|Calm Mind|p1a: Gardevoir\n|-boost|p1a: Gardevoir|spa|1\n|-boost|p1a: Gardevoir|spd|1\n|move|p2a: Slowking|Toxic|p1a: Gardevoir\n|-status|p1a: Gardevoir|tox\n|\n|-damage|p1a: Gardevoir|85/100 tox|[from] psn\n|upkeep\n|turn|4\n|inactive|starcrashvgc has 30 seconds left.\n|\n|t:|1775938954\n|switch|p2a: Incineroar|Incineroar, L50, M|94/100\n|-ability|p2a: Incineroar|Intimidate|boost\n|-unboost|p1a: Gardevoir|atk|1\n|-unboost|p1b: Sneasler|atk|1\n|move|p1b: Sneasler|Dire Claw|p2b: Sinistcha\n|-damage|p2b: Sinistcha|74/100\n|move|p1a: Gardevoir|Psychic|p2a: Incineroar\n|-immune|p2a: Incineroar\n|move|p2b: Sinistcha|Strength Sap|p1b: Sneasler\n|-unboost|p1b: Sneasler|atk|1\n|-heal|p2b: Sinistcha|100/100\n|\n|-damage|p1a: Gardevoir|72/100 tox|[from] psn\n|upkeep\n|turn|5\n|inactive|starcrashvgc has 30 seconds left.\n|\n|t:|1775938983\n|switch|p1a: Incineroar|Incineroar, L50, F|100/100\n|-ability|p1a: Incineroar|Intimidate|boost\n|-unboost|p2a: Incineroar|atk|1\n|-unboost|p2b: Sinistcha|atk|1\n|switch|p2a: Audino|Audino, L50, M|100/100\n|move|p1b: Sneasler|Dire Claw|p2b: Sinistcha\n|-damage|p2b: Sinistcha|80/100\n|move|p2b: Sinistcha|Matcha Gotcha|p1b: Sneasler|[spread] p1a,p1b\n|-resisted|p1a: Incineroar|1\n|-resisted|p1b: Sneasler|1\n|-damage|p1a: Incineroar|92/100\n|-heal|p2b: Sinistcha|85/100|[from] drain|[of] p1a: Incineroar\n|-damage|p1b: Sneasler|82/100\n|-heal|p2b: Sinistcha|92/100|[from] drain|[of] p1b: Sneasler\n|\n|-heal|p2b: Sinistcha|98/100|[from] item: Leftovers\n|upkeep\n|turn|6\n|inactive|starcrashvgc has 30 seconds left.\n|\n|t:|1775939012\n|switch|p2b: Incineroar|Incineroar, L50, M|94/100\n|-ability|p2b: Incineroar|Intimidate|boost\n|-unboost|p1a: Incineroar|atk|1\n|-unboost|p1b: Sneasler|atk|1\n|detailschange|p2a: Audino|Audino-Mega, L50, M\n|-mega|p2a: Audino|Audino|Audinite\n|move|p1b: Sneasler|Dire Claw|p2a: Audino\n|-supereffective|p2a: Audino|1\n|-damage|p2a: Audino|75/100\n|-status|p2a: Audino|psn\n|move|p1a: Incineroar|Flare Blitz|p2b: Incineroar\n|-resisted|p2b: Incineroar|1\n|-damage|p2b: Incineroar|79/100\n|-damage|p1a: Incineroar|87/100|[from] Recoil\n|move|p2a: Audino|Reflect|p2a: Audino\n|-sidestart|p2: sixthsavior|Reflect\n|\n|-damage|p2a: Audino|62/100 psn|[from] psn\n|upkeep\n|turn|7\n|inactive|starcrashvgc has 30 seconds left.\n|inactive|starcrashvgc has 20 seconds left.\n|inactive|starcrashvgc has 15 seconds left.\n|inactive|starcrashvgc has 10 seconds left.\n|\n|t:|1775939059\n|switch|p1b: Rotom|Rotom-Wash, L50|100/100\n|switch|p2b: Slowking|Slowking-Galar, L50, F|100/100\n|move|p1a: Incineroar|Darkest Lariat|p2b: Slowking\n|-supereffective|p2b: Slowking|1\n|-damage|p2b: Slowking|70/100\n|move|p2a: Audino|Light Screen|p2a: Audino\n|-sidestart|p2: sixthsavior|move: Light Screen\n|\n|-damage|p2a: Audino|50/100 psn|[from] psn\n|upkeep\n|turn|8\n|inactive|starcrashvgc has 30 seconds left.\n|\n|t:|1775939085\n|switch|p2a: Sinistcha|Sinistcha-Masterpiece, L50|98/100\n|-heal|p2b: Slowking|95/100|[from] ability: Hospitality|[of] p2a: Sinistcha\n|move|p1b: Rotom|Will-O-Wisp|p2b: Slowking\n|-status|p2b: Slowking|brn\n|move|p1a: Incineroar|Darkest Lariat|p2b: Slowking\n|-supereffective|p2b: Slowking|1\n|-damage|p2b: Slowking|63/100 brn\n|move|p2b: Slowking|Toxic|p1b: Rotom\n|-status|p1b: Rotom|tox\n|\n|-heal|p2a: Sinistcha|100/100|[from] item: Leftovers\n|-damage|p1b: Rotom|95/100 tox|[from] psn\n|-damage|p2b: Slowking|57/100 brn|[from] brn\n|upkeep\n|turn|9\n|inactive|starcrashvgc has 30 seconds left.\n|\n|t:|1775939112\n|switch|p2a: Incineroar|Incineroar, L50, M|79/100\n|-ability|p2a: Incineroar|Intimidate|boost\n|-unboost|p1a: Incineroar|atk|1\n|-unboost|p1b: Rotom|atk|1\n|move|p1b: Rotom|Hydro Pump|p2a: Incineroar\n|-supereffective|p2a: Incineroar|1\n|-damage|p2a: Incineroar|35/100\n|-enditem|p2a: Incineroar|Sitrus Berry|[eat]\n|-heal|p2a: Incineroar|60/100|[from] item: Sitrus Berry\n|move|p1a: Incineroar|Flare Blitz|p2a: Incineroar\n|-resisted|p2a: Incineroar|1\n|-damage|p2a: Incineroar|52/100\n|-damage|p1a: Incineroar|84/100|[from] Recoil\n|move|p2b: Slowking|Toxic|p1a: Incineroar\n|-status|p1a: Incineroar|tox\n|\n|-damage|p1b: Rotom|83/100 tox|[from] psn\n|-damage|p1a: Incineroar|78/100 tox|[from] psn\n|-damage|p2b: Slowking|51/100 brn|[from] brn\n|upkeep\n|turn|10\n|inactive|starcrashvgc has 30 seconds left.\n|\n|t:|1775939141\n|switch|p1b: Sneasler|Sneasler, L50, M|82/100\n|switch|p2b: Sinistcha|Sinistcha-Masterpiece, L50|100/100\n|-heal|p2a: Incineroar|77/100|[from] ability: Hospitality|[of] p2b: Sinistcha\n|move|p2a: Incineroar|Fake Out|p1a: Incineroar\n|-damage|p1a: Incineroar|72/100 tox\n|cant|p1a: Incineroar|flinch\n|\n|-damage|p1a: Incineroar|60/100 tox|[from] psn\n|-sideend|p2: sixthsavior|Reflect\n|upkeep\n|turn|11\n|\n|t:|1775939165\n|switch|p2a: Slowking|Slowking-Galar, L50, F|85/100 brn\n|move|p1b: Sneasler|Close Combat|p2a: Slowking\n|-resisted|p2a: Slowking|2\n|-damage|p2a: Slowking|66/100 brn\n|-unboost|p1b: Sneasler|def|1\n|-unboost|p1b: Sneasler|spd|1\n|move|p2b: Sinistcha|Strength Sap|p1b: Sneasler\n|-unboost|p1b: Sneasler|atk|1\n|move|p1a: Incineroar|Parting Shot|p2a: Slowking\n|-unboost|p2a: Slowking|atk|1\n|-unboost|p2a: Slowking|spa|1\n|\n|t:|1775939181\n|switch|p1a: Gardevoir|Gardevoir-Mega, L50, F|72/100 tox|[from] Parting Shot\n|\n|-damage|p1a: Gardevoir|66/100 tox|[from] psn\n|-damage|p2a: Slowking|60/100 brn|[from] brn\n|-sideend|p2: sixthsavior|move: Light Screen\n|upkeep\n|turn|12\n|\n|t:|1775939200\n|switch|p2b: Incineroar|Incineroar, L50, M|77/100\n|-ability|p2b: Incineroar|Intimidate|boost\n|-unboost|p1a: Gardevoir|atk|1\n|-unboost|p1b: Sneasler|atk|1\n|move|p1b: Sneasler|Close Combat|p2a: Slowking\n|-resisted|p2a: Slowking|2\n|-damage|p2a: Slowking|52/100 brn\n|-unboost|p1b: Sneasler|def|1\n|-unboost|p1b: Sneasler|spd|1\n|move|p1a: Gardevoir|Hyper Voice|p2b: Incineroar|[spread] p2a,p2b\n|-resisted|p2a: Slowking|1\n|-damage|p2a: Slowking|37/100 brn\n|-damage|p2b: Incineroar|40/100\n|move|p2a: Slowking|Snarl|p1b: Sneasler|[spread] p1a,p1b\n|-resisted|p1b: Sneasler|1\n|-damage|p1a: Gardevoir|60/100 tox\n|-damage|p1b: Sneasler|73/100\n|-unboost|p1a: Gardevoir|spa|1\n|-unboost|p1b: Sneasler|spa|1\n|\n|-damage|p1a: Gardevoir|47/100 tox|[from] psn\n|-damage|p2a: Slowking|31/100 brn|[from] brn\n|upkeep\n|turn|13\n|\n|t:|1775939222\n|switch|p1b: Rotom|Rotom-Wash, L50|83/100 tox\n|switch|p1a: Incineroar|Incineroar, L50, F|60/100 tox\n|-ability|p1a: Incineroar|Intimidate|boost\n|-unboost|p2a: Slowking|atk|1\n|-unboost|p2b: Incineroar|atk|1\n|switch|p2b: Sinistcha|Sinistcha-Masterpiece, L50|100/100\n|-heal|p2a: Slowking|56/100 brn|[from] ability: Hospitality|[of] p2b: Sinistcha\n|move|p2a: Slowking|Snarl|p1b: Rotom|[spread] p1a,p1b\n|-resisted|p1a: Incineroar|1\n|-crit|p1b: Rotom\n|-damage|p1a: Incineroar|57/100 tox\n|-damage|p1b: Rotom|68/100 tox\n|-unboost|p1a: Incineroar|spa|1\n|-unboost|p1b: Rotom|spa|1\n|\n|-damage|p1b: Rotom|62/100 tox|[from] psn\n|-damage|p1a: Incineroar|51/100 tox|[from] psn\n|-damage|p2a: Slowking|50/100 brn|[from] brn\n|upkeep\n|turn|14\n|\n|t:|1775939246\n|switch|p2a: Incineroar|Incineroar, L50, M|40/100\n|-ability|p2a: Incineroar|Intimidate|boost\n|-unboost|p1a: Incineroar|atk|1\n|-unboost|p1b: Rotom|atk|1\n|move|p1b: Rotom|Hydro Pump|p2b: Sinistcha\n|-resisted|p2b: Sinistcha|1\n|-damage|p2b: Sinistcha|89/100\n|move|p2b: Sinistcha|Life Dew|p2b: Sinistcha|[spread] p2a,p2b\n|-heal|p2a: Incineroar|65/100\n|-heal|p2b: Sinistcha|100/100\n|move|p1a: Incineroar|Flare Blitz|p2b: Sinistcha\n|-supereffective|p2b: Sinistcha|1\n|-damage|p2b: Sinistcha|36/100\n|-damage|p1a: Incineroar|32/100 tox|[from] Recoil\n|-enditem|p1a: Incineroar|Sitrus Berry|[eat]\n|-heal|p1a: Incineroar|57/100 tox|[from] item: Sitrus Berry\n|\n|-heal|p2b: Sinistcha|43/100|[from] item: Leftovers\n|-damage|p1b: Rotom|51/100 tox|[from] psn\n|-damage|p1a: Incineroar|45/100 tox|[from] psn\n|upkeep\n|turn|15\n|\n|t:|1775939268\n|switch|p1b: Sneasler|Sneasler, L50, M|73/100\n|switch|p2b: Audino|Audino-Mega, L50, M|50/100 psn\n|switch|p1a: Gardevoir|Gardevoir-Mega, L50, F|47/100 tox\n|move|p2a: Incineroar|Fake Out|p1b: Sneasler\n|-damage|p1b: Sneasler|55/100\n|\n|-damage|p1a: Gardevoir|41/100 tox|[from] psn\n|-damage|p2b: Audino|38/100 psn|[from] psn\n|upkeep\n|turn|16\n|\n|t:|1775939283\n|switch|p2a: Sinistcha|Sinistcha-Masterpiece, L50|43/100\n|-heal|p2b: Audino|62/100 psn|[from] ability: Hospitality|[of] p2a: Sinistcha\n|move|p1b: Sneasler|Close Combat|p2a: Sinistcha\n|-immune|p2a: Sinistcha\n|move|p1a: Gardevoir|Hyper Voice|p2b: Audino|[spread] p2a,p2b\n|-damage|p2a: Sinistcha|0 fnt\n|-damage|p2b: Audino|36/100 psn\n|faint|p2a: Sinistcha\n|move|p2b: Audino|Life Dew|p2b: Audino\n|-heal|p2b: Audino|61/100 psn\n|\n|-damage|p1a: Gardevoir|29/100 tox|[from] psn\n|-damage|p2b: Audino|49/100 psn|[from] psn\n|upkeep\n|\n|t:|1775939293\n|switch|p2a: Incineroar|Incineroar, L50, M|65/100\n|-ability|p2a: Incineroar|Intimidate|boost\n|-unboost|p1a: Gardevoir|atk|1\n|-unboost|p1b: Sneasler|atk|1\n|turn|17\n|\n|t:|1775939317\n|switch|p1a: Incineroar|Incineroar, L50, F|45/100 tox\n|-ability|p1a: Incineroar|Intimidate|boost\n|-unboost|p2a: Incineroar|atk|1\n|-unboost|p2b: Audino|atk|1\n|move|p2a: Incineroar|Fake Out|p1b: Sneasler\n|-damage|p1b: Sneasler|45/100\n|cant|p1b: Sneasler|flinch\n|move|p2b: Audino|Life Dew|p2b: Audino|[spread] p2a,p2b\n|-heal|p2a: Incineroar|90/100\n|-heal|p2b: Audino|74/100 psn\n|\n|-damage|p1a: Incineroar|39/100 tox|[from] psn\n|-damage|p2b: Audino|62/100 psn|[from] psn\n|upkeep\n|turn|18\n|\n|t:|1775939337\n|switch|p2a: Slowking|Slowking-Galar, L50, F|83/100 brn\n|move|p1a: Incineroar|Fake Out|p2b: Audino\n|-damage|p2b: Audino|54/100 psn\n|move|p1b: Sneasler|Dire Claw|p2b: Audino\n|-supereffective|p2b: Audino|1\n|-damage|p2b: Audino|13/100 psn\n|cant|p2b: Audino|flinch\n|\n|-activate|p2b: Audino|ability: Healer\n|-curestatus|p2a: Slowking|brn|[msg]\n|-damage|p1a: Incineroar|27/100 tox|[from] psn\n|-damage|p2b: Audino|0 fnt|[from] psn\n|faint|p2b: Audino\n|upkeep\n|\n|t:|1775939339\n|switch|p2b: Incineroar|Incineroar, L50, M|90/100\n|-ability|p2b: Incineroar|Intimidate|boost\n|-unboost|p1a: Incineroar|atk|1\n|-unboost|p1b: Sneasler|atk|1\n|turn|19\n|inactive|starcrashvgc has 30 seconds left.\n|\n|t:|1775939362\n|switch|p1b: Rotom|Rotom-Wash, L50|51/100 tox\n|move|p1a: Incineroar|Parting Shot|p2a: Slowking\n|-unboost|p2a: Slowking|atk|1\n|-unboost|p2a: Slowking|spa|1\n|inactive|starcrashvgc has 30 seconds left this turn.\n|\n|t:|1775939370\n|switch|p1a: Sneasler|Sneasler, L50, M|45/100|[from] Parting Shot\n|move|p2b: Incineroar|Will-O-Wisp|p1b: Rotom|[miss]\n|-miss|p2b: Incineroar|p1b: Rotom\n|move|p2a: Slowking|Chilling Water|p1b: Rotom\n|-resisted|p1b: Rotom|1\n|-damage|p1b: Rotom|47/100 tox\n|-unboost|p1b: Rotom|atk|1\n|\n|-damage|p1b: Rotom|41/100 tox|[from] psn\n|upkeep\n|turn|20\n|inactive|starcrashvgc has 25 seconds left this turn.\n|inactive|starcrashvgc has 20 seconds left.\n|inactive|starcrashvgc has 15 seconds left.\n|inactive|starcrashvgc has 10 seconds left.\n|\n|t:|1775939385\n|move|p1a: Sneasler|Close Combat|p2b: Incineroar\n|-supereffective|p2b: Incineroar|1\n|-damage|p2b: Incineroar|0 fnt\n|-unboost|p1a: Sneasler|def|1\n|-unboost|p1a: Sneasler|spd|1\n|faint|p2b: Incineroar\n|move|p1b: Rotom|Thunderbolt|p2a: Slowking\n|-damage|p2a: Slowking|61/100\n|move|p2a: Slowking|Chilling Water|p1a: Sneasler\n|-damage|p1a: Sneasler|29/100\n|-unboost|p1a: Sneasler|atk|1\n|\n|-damage|p1b: Rotom|30/100 tox|[from] psn\n|upkeep\n|turn|21\n|inactive|starcrashvgc has 10 seconds left this turn.\n|inactive|starcrashvgc has 5 seconds left.\n|\n|t:|1775939403\n|switch|p1a: Gardevoir|Gardevoir-Mega, L50, F|29/100 tox\n|switch|p1b: Incineroar|Incineroar, L50, F|27/100 tox\n|-ability|p1b: Incineroar|Intimidate|boost\n|-unboost|p2a: Slowking|atk|1\n|move|p2a: Slowking|Chilling Water|p1a: Gardevoir\n|-damage|p1a: Gardevoir|20/100 tox\n|-unboost|p1a: Gardevoir|atk|1\n|\n|-damage|p1a: Gardevoir|14/100 tox|[from] psn\n|-damage|p1b: Incineroar|21/100 tox|[from] psn\n|upkeep\n|turn|22\n|inactive|starcrashvgc has 5 seconds left this turn.\n|-message|starcrashvgc lost due to inactivity.\n|\n|win|sixthsavior\n|raw|starcrashvgc's rating: 1000 &rarr; <strong>1000</strong><br />(+0 for losing)\n|raw|sixthsavior's rating: 1033 &rarr; <strong>1065</strong><br />(+32 for winning)\n|c|\u2606sixthsavior|Ggs\n|c|\u2606starcrashvgc|gg\n|l|\u2606starcrashvgc\n|player|p1|\n",
  "uploadtime": 1775939438,
  "views": 29,
  "formatid": "gen9championsvgc2026regma",
  "rating": 1000,
  "private": 0,
  "password": null
}