{
  "id": "gen9championsvgc2026regma-2587877939",
  "format": "[Gen 9 Champions] VGC 2026 Reg M-A",
  "players": [
    "Cybele74",
    "mnarvz"
  ],
  "log": "|j|\u2606Cybele74\n|j|\u2606mnarvz\n|t:|1776573675\n|gametype|doubles\n|player|p1|Cybele74|pokemonrangerf|1057\n|player|p2|mnarvz|102|1048\n|gen|9\n|tier|[Gen 9 Champions] VGC 2026 Reg M-A\n|rated|\n|rule|Species Clause: Limit one of each Pok\u00e9mon\n|rule|Item Clause: Limit 1 of each item\n|clearpoke\n|poke|p1|Talonflame, L50, F|\n|poke|p1|Primarina, L50, F, shiny|\n|poke|p1|Meowscarada, L50, F|\n|poke|p1|Zoroark-Hisui, L50, M, shiny|\n|poke|p1|Garchomp, L50, F|\n|poke|p1|Corviknight, L50, F|\n|poke|p2|Tyranitar, L50, M|\n|poke|p2|Talonflame, L50, M|\n|poke|p2|Sinistcha, L50|\n|poke|p2|Garchomp, L50, M|\n|poke|p2|Lycanroc, L50, M|\n|poke|p2|Slowbro-Galar, L50, M|\n|teampreview|4\nCybele74 rejected open team sheets.\n|inactive|Battle timer is ON: inactive players will automatically lose when time's up. (requested by mnarvz)\n|\n|t:|1776573719\n|teamsize|p1|4\n|teamsize|p2|4\n|start\n|switch|p1a: Bird Down|Talonflame, L50, F|100/100\n|switch|p1b: Elder Guardian|Primarina, L50, F, shiny|100/100\n|switch|p2a: Tyranitar|Tyranitar, L50, M|100/100\n|switch|p2b: Lycanroc|Lycanroc, L50, M|100/100\n|-weather|Sandstorm|[from] ability: Sand Stream|[of] p2a: Tyranitar\n|turn|1\n|inactive|Cybele74 has 30 seconds left.\n|\n|t:|1776573748\n|move|p1a: Bird Down|Tailwind|p1a: Bird Down\n|-sidestart|p1: Cybele74|move: Tailwind\n|move|p2b: Lycanroc|Rock Slide|p1a: Bird Down|[spread] p1a,p1b\n|-supereffective|p1a: Bird Down|2\n|-damage|p1a: Bird Down|0 fnt\n|-damage|p1b: Elder Guardian|47/100\n|replace|p1b: BoyInABand|Zoroark-Hisui, L50, M, shiny\n|-end|p1b: BoyInABand|Illusion\n|faint|p1a: Bird Down\n|move|p1b: BoyInABand|Nasty Plot|p1b: BoyInABand\n|-boost|p1b: BoyInABand|spa|2\n|move|p2a: Tyranitar|Curse|p2a: Tyranitar\n|-unboost|p2a: Tyranitar|spe|1\n|-boost|p2a: Tyranitar|atk|1\n|-boost|p2a: Tyranitar|def|1\n|\n|-weather|Sandstorm|[upkeep]\n|-damage|p1b: BoyInABand|41/100|[from] Sandstorm\n|upkeep\n|\n|t:|1776573765\n|switch|p1a: Elder Guardian|Primarina, L50, F, shiny|100/100\n|turn|2\n|\n|t:|1776573790\n|move|p2a: Tyranitar|Protect|p2a: Tyranitar\n|-singleturn|p2a: Tyranitar|Protect\n|move|p2b: Lycanroc|Rock Slide|p1b: BoyInABand|[spread] p1a,p1b\n|-damage|p1a: Elder Guardian|68/100\n|-damage|p1b: BoyInABand|0 fnt\n|faint|p1b: BoyInABand\n|move|p1a: Elder Guardian|Hyper Voice|p2b: Lycanroc|[spread] p2b\n|-activate|p2a: Tyranitar|move: Protect\n|-supereffective|p2b: Lycanroc|1\n|-enditem|p2b: Lycanroc|Focus Sash\n|-damage|p2b: Lycanroc|1/100\n|\n|-weather|Sandstorm|[upkeep]\n|-damage|p1a: Elder Guardian|63/100|[from] Sandstorm\n|upkeep\n|\n|t:|1776573803\n|switch|p1b: Bird Up|Corviknight, L50, F|100/100\n|turn|3\n|\n|t:|1776573817\n|move|p2b: Lycanroc|Rock Slide|p1a: Elder Guardian|[spread] p1a,p1b\n|-damage|p1a: Elder Guardian|30/100\n|-damage|p1b: Bird Up|83/100\n|move|p1b: Bird Up|Iron Head|p2a: Tyranitar\n|-supereffective|p2a: Tyranitar|1\n|-damage|p2a: Tyranitar|74/100\n|move|p1a: Elder Guardian|Hyper Voice|p2a: Tyranitar|[spread] p2a,p2b\n|-supereffective|p2a: Tyranitar|1\n|-supereffective|p2b: Lycanroc|1\n|-damage|p2a: Tyranitar|19/100\n|-damage|p2b: Lycanroc|0 fnt\n|faint|p2b: Lycanroc\n|move|p2a: Tyranitar|Knock Off|p1b: Bird Up\n|-damage|p1b: Bird Up|33/100\n|-enditem|p1b: Bird Up|Leftovers|[from] move: Knock Off|[of] p2a: Tyranitar\n|\n|-weather|Sandstorm|[upkeep]\n|-damage|p1a: Elder Guardian|25/100|[from] Sandstorm\n|-heal|p2a: Tyranitar|25/100|[from] item: Leftovers\n|upkeep\n|\n|t:|1776573830\n|switch|p2b: Garchomp|Garchomp, L50, M|100/100\n|turn|4\n|inactive|Cybele74 has 30 seconds left.\n|\n|t:|1776573858\n|move|p2b: Garchomp|Protect|p2b: Garchomp\n|-singleturn|p2b: Garchomp|Protect\n|move|p2a: Tyranitar|Protect|p2a: Tyranitar\n|-singleturn|p2a: Tyranitar|Protect\n|move|p1b: Bird Up|Iron Head|p2a: Tyranitar\n|-activate|p2a: Tyranitar|move: Protect\n|move|p1a: Elder Guardian|Moonblast|p2b: Garchomp\n|-activate|p2b: Garchomp|move: Protect\n|\n|-weather|Sandstorm|[upkeep]\n|-damage|p1a: Elder Guardian|19/100|[from] Sandstorm\n|-heal|p2a: Tyranitar|31/100|[from] item: Leftovers\n|-sideend|p1: Cybele74|move: Tailwind\n|upkeep\n|turn|5\n|inactive|mnarvz has 30 seconds left.\n|\n|t:|1776573886\n|detailschange|p2b: Garchomp|Garchomp-Mega, L50, M\n|-mega|p2b: Garchomp|Garchomp|Garchompite\n|move|p1a: Elder Guardian|Protect|p1a: Elder Guardian\n|-singleturn|p1a: Elder Guardian|Protect\n|move|p2b: Garchomp|Earthquake|p1a: Elder Guardian|[spread] p2a\n|-activate|p1a: Elder Guardian|move: Protect\n|-immune|p1b: Bird Up\n|-supereffective|p2a: Tyranitar|1\n|-damage|p2a: Tyranitar|0 fnt\n|faint|p2a: Tyranitar\n|move|p1b: Bird Up|Roost|p1b: Bird Up\n|-heal|p1b: Bird Up|83/100\n|-singleturn|p1b: Bird Up|move: Roost\n|\n|-weather|none\n|upkeep\n|\n|t:|1776573891\n|switch|p2a: Slowbro|Slowbro-Galar, L50, M|100/100\n|turn|6\n|inactive|mnarvz has 30 seconds left.\n|\n|t:|1776573921\n|move|p2b: Garchomp|Swords Dance|p2b: Garchomp\n|-boost|p2b: Garchomp|atk|2\n|move|p1b: Bird Up|Brave Bird|p2a: Slowbro\n|-damage|p2a: Slowbro|70/100\n|-damage|p1b: Bird Up|74/100|[from] Recoil\n|move|p1a: Elder Guardian|Moonblast|p2b: Garchomp\n|-supereffective|p2b: Garchomp|1\n|-damage|p2b: Garchomp|3/100\n|move|p2a: Slowbro|Shell Side Arm|p1a: Elder Guardian|[anim] Shell Side Arm Physical\n|-supereffective|p1a: Elder Guardian|1\n|-damage|p1a: Elder Guardian|0 fnt\n|-hint|Physical Shell Side Arm\n|faint|p1a: Elder Guardian\n|\n|upkeep\n|turn|7\n|\n|t:|1776573940\n|move|p2b: Garchomp|Protect|p2b: Garchomp\n|-singleturn|p2b: Garchomp|Protect\n|move|p1b: Bird Up|Brave Bird|p2b: Garchomp\n|-activate|p2b: Garchomp|move: Protect\n|move|p2a: Slowbro|Heal Pulse|p2b: Garchomp\n|-activate|p2b: Garchomp|move: Protect\n|\n|upkeep\n|turn|8\n|\n|t:|1776573955\n|move|p2b: Garchomp|Dragon Claw|p1b: Bird Up\n|-resisted|p1b: Bird Up|1\n|-damage|p1b: Bird Up|42/100\n|move|p1b: Bird Up|Brave Bird|p2b: Garchomp\n|-damage|p2b: Garchomp|0 fnt\n|faint|p2b: Garchomp\n|-damage|p1b: Bird Up|41/100|[from] Recoil\n|move|p2a: Slowbro|Skill Swap|p1b: Bird Up\n|-activate|p2a: Slowbro|Skill Swap|Mirror Armor|Quick Draw|[of] p1b: Bird Up\n|\n|upkeep\n|turn|9\n|\n|t:|1776573972\n|move|p1b: Bird Up|Roost|p1b: Bird Up\n|-heal|p1b: Bird Up|91/100\n|-singleturn|p1b: Bird Up|move: Roost\n|move|p2a: Slowbro|Skill Swap|p1b: Bird Up\n|-activate|p2a: Slowbro|Skill Swap|Quick Draw|Mirror Armor|[of] p1b: Bird Up\n|\n|upkeep\n|turn|10\n|\n|t:|1776573982\n|move|p1b: Bird Up|Brave Bird|p2a: Slowbro\n|-damage|p2a: Slowbro|45/100\n|-damage|p1b: Bird Up|83/100|[from] Recoil\n|move|p2a: Slowbro|Heal Pulse|p1b: Bird Up\n|-heal|p1b: Bird Up|100/100\n|\n|upkeep\n|turn|11\n|-activate|p2a: Slowbro|item: Quick Claw\n|\n|t:|1776573989\n|move|p2a: Slowbro|Heal Pulse|p1b: Bird Up\n|-fail|p1b: Bird Up|heal\n|move|p1b: Bird Up|Brave Bird|p2a: Slowbro\n|-damage|p2a: Slowbro|19/100\n|-damage|p1b: Bird Up|92/100|[from] Recoil\n|\n|upkeep\n|turn|12\n|-message|mnarvz forfeited.\n|\n|win|Cybele74\n|raw|Cybele74's rating: 1057 &rarr; <strong>1088</strong><br />(+31 for winning)\n|raw|mnarvz's rating: 1048 &rarr; <strong>1031</strong><br />(-17 for losing)\n|l|\u2606mnarvz\n|player|p2|\n",
  "uploadtime": 1776574008,
  "views": 16,
  "formatid": "gen9championsvgc2026regma",
  "rating": 1031,
  "private": 0,
  "password": null
}