{
  "id": "gen9championsvgc2026regma-2584362884",
  "format": "[Gen 9 Champions] VGC 2026 Reg M-A",
  "players": [
    "Joe Sheboygan",
    "Liquid_kami"
  ],
  "log": "|j|\u2606Joe Sheboygan\n|j|\u2606Liquid_kami\n|t:|1776255015\n|gametype|doubles\n|player|p1|Joe Sheboygan|steven|1310\n|player|p2|Liquid_kami|1|1276\n|gen|9\n|tier|[Gen 9 Champions] VGC 2026 Reg M-A\n|rated|\n|rule|Species Clause: Limit one of each Pok\u00e9mon\n|rule|Item Clause: Limit 1 of each item\n|clearpoke\n|poke|p1|Simipour, L50, M|\n|poke|p1|Delphox, L50, M|\n|poke|p1|Garchomp, L50, M|\n|poke|p1|Floette-Eternal, L50, F|\n|poke|p1|Whimsicott, L50, F|\n|poke|p1|Kingambit, L50, F|\n|poke|p2|Sneasler, L50, F|\n|poke|p2|Kingambit, L50, M|\n|poke|p2|Delphox, L50, F|\n|poke|p2|Floette-Eternal, L50, F|\n|poke|p2|Garchomp, L50, M|\n|poke|p2|Basculegion, L50, M|\n|teampreview|4\n|\n|t:|1776255047\n|teamsize|p1|4\n|teamsize|p2|4\n|start\n|switch|p1a: Whimsicott|Whimsicott, L50, F|100/100\n|switch|p1b: Garchomp|Garchomp, L50, M|100/100\n|switch|p2a: Sneasler|Sneasler, L50, F|100/100\n|switch|p2b: Kingambit|Kingambit, L50, M|100/100\n|turn|1\n|\n|t:|1776255070\n|move|p1a: Whimsicott|Protect|p1a: Whimsicott\n|-singleturn|p1a: Whimsicott|Protect\n|move|p2a: Sneasler|Fake Out|p1a: Whimsicott\n|-activate|p1a: Whimsicott|move: Protect\n|move|p1b: Garchomp|Earthquake|p2a: Sneasler|[spread] p2a,p2b\n|-activate|p1a: Whimsicott|move: Protect\n|-supereffective|p2a: Sneasler|1\n|-supereffective|p2b: Kingambit|1\n|-damage|p2a: Sneasler|0 fnt\n|-damage|p2b: Kingambit|40/100\n|faint|p2a: Sneasler\n|move|p2b: Kingambit|Kowtow Cleave|p1b: Garchomp\n|-damage|p1b: Garchomp|42/100\n|-damage|p2b: Kingambit|28/100|[from] ability: Rough Skin|[of] p1b: Garchomp\n|\n|upkeep\n|\n|t:|1776255080\n|switch|p2a: Delphox|Delphox, L50, F|100/100\n|turn|2\n|\n|t:|1776255091\n|switch|p1b: Simipour|Simipour, L50, M|100/100\n|detailschange|p2a: Delphox|Delphox-Mega, L50, F\n|-mega|p2a: Delphox|Delphox|Delphoxite\n|move|p1a: Whimsicott|Tailwind|p1a: Whimsicott\n|-sidestart|p1: Joe Sheboygan|move: Tailwind\n|move|p2a: Delphox|Psychic|p1b: Simipour\n|-damage|p1b: Simipour|6/100\n|move|p2b: Kingambit|Iron Head|p1a: Whimsicott\n|-supereffective|p1a: Whimsicott|1\n|-damage|p1a: Whimsicott|0 fnt\n|faint|p1a: Whimsicott\n|\n|upkeep\n|\n|t:|1776255105\n|switch|p1a: Garchomp|Garchomp, L50, M|42/100\n|turn|3\n|\n|t:|1776255129\n|move|p1b: Simipour|Fake Out|p2b: Kingambit\n|-resisted|p2b: Kingambit|1\n|-damage|p2b: Kingambit|25/100\n|cant|p2b: Kingambit|flinch\n|move|p1a: Garchomp|Rock Slide|p2a: Delphox|[spread] p2a,p2b\n|-supereffective|p2a: Delphox|1\n|-resisted|p2b: Kingambit|1\n|-damage|p2a: Delphox|40/100\n|-damage|p2b: Kingambit|16/100\n|cant|p2a: Delphox|flinch\n|\n|upkeep\n|turn|4\n|\n|t:|1776255143\n|move|p2a: Delphox|Protect|p2a: Delphox\n|-singleturn|p2a: Delphox|Protect\n|move|p2b: Kingambit|Sucker Punch|p1b: Simipour\n|-damage|p1b: Simipour|0 fnt\n|faint|p1b: Simipour\n|move|p1a: Garchomp|Rock Slide|p2b: Kingambit|[spread] p2b\n|-activate|p2a: Delphox|move: Protect\n|-resisted|p2b: Kingambit|1\n|-damage|p2b: Kingambit|8/100\n|\n|upkeep\n|\n|t:|1776255146\n|switch|p1b: Delphox|Delphox, L50, M|100/100\n|turn|5\n|\n|t:|1776255156\n|detailschange|p1b: Delphox|Delphox-Mega, L50, M\n|-mega|p1b: Delphox|Delphox|Delphoxite\n|move|p2b: Kingambit|Sucker Punch||[still]\n|-fail|p2b: Kingambit\n|move|p1a: Garchomp|Rock Slide|p2b: Kingambit|[spread] p2a,p2b\n|-supereffective|p2a: Delphox|1\n|-resisted|p2b: Kingambit|1\n|-damage|p2a: Delphox|0 fnt\n|-damage|p2b: Kingambit|0 fnt\n|faint|p2a: Delphox\n|faint|p2b: Kingambit\n|move|p1b: Delphox|Encore|p2: Delphox|[notarget]\n|-fail|p1b: Delphox\n|\n|-sideend|p1: Joe Sheboygan|move: Tailwind\n|upkeep\n|\n|t:|1776255164\n|switch|p2b: Basculegion|Basculegion, L50, M|100/100\n|turn|6\n|\n|t:|1776255173\n|move|p1a: Garchomp|Rock Slide|p2b: Basculegion\n|-damage|p2b: Basculegion|62/100\n|move|p1b: Delphox|Psychic|p2b: Basculegion\n|-damage|p2b: Basculegion|6/100\n|move|p2b: Basculegion|Last Respects|p1b: Delphox\n|-supereffective|p1b: Delphox|1\n|-damage|p1b: Delphox|0 fnt\n|faint|p1b: Delphox\n|\n|upkeep\n|turn|7\n|\n|t:|1776255182\n|move|p2b: Basculegion|Aqua Jet|p1a: Garchomp\n|-damage|p1a: Garchomp|19/100\n|-damage|p2b: Basculegion|0 fnt|[from] ability: Rough Skin|[of] p1a: Garchomp\n|faint|p2b: Basculegion\n|\n|win|Joe Sheboygan\n|raw|Joe Sheboygan's rating: 1310 &rarr; <strong>1328</strong><br />(+18 for winning)\n|raw|Liquid_kami's rating: 1276 &rarr; <strong>1253</strong><br />(-23 for losing)\n|l|\u2606Liquid_kami\n|player|p2|\n",
  "uploadtime": 1776255186,
  "views": 34,
  "formatid": "gen9championsvgc2026regma",
  "rating": 1253,
  "private": 0,
  "password": null
}