{
  "id": "gen9championsvgc2026regma-2588706003",
  "format": "[Gen 9 Champions] VGC 2026 Reg M-A",
  "players": [
    "pissedpepperoni",
    "raigonjoy"
  ],
  "log": "|j|\u2606pissedpepperoni\n|j|\u2606raigonjoy\n|t:|1776659994\n|gametype|doubles\n|player|p1|pissedpepperoni|169|1098\n|player|p2|raigonjoy|1|1086\n|gen|9\n|tier|[Gen 9 Champions] VGC 2026 Reg M-A\n|rated|\n|rule|Species Clause: Limit one of each Pok\u00e9mon\n|rule|Item Clause: Limit 1 of each item\n|clearpoke\n|poke|p1|Meganium, L50, M|\n|poke|p1|Aerodactyl, L50, M|\n|poke|p1|Kingambit, L50, F|\n|poke|p1|Sneasler, L50, M|\n|poke|p1|Pelipper, L50, F|\n|poke|p1|Delphox, L50, M|\n|poke|p2|Gengar, L50, F|\n|poke|p2|Zoroark-Hisui, L50, F|\n|poke|p2|Basculegion, L50, M|\n|poke|p2|Kingambit, L50, F|\n|poke|p2|Sneasler, L50, F|\n|poke|p2|Sableye, L50, M|\n|teampreview|4\n|inactive|Battle timer is ON: inactive players will automatically lose when time's up. (requested by raigonjoy)\n|\n|t:|1776660023\n|teamsize|p1|4\n|teamsize|p2|4\n|start\n|switch|p1a: Pelipper|Pelipper, L50, F|100/100\n|switch|p1b: Meganium|Meganium, L50, M|100/100\n|switch|p2a: Gengar|Gengar, L50, F|100/100\n|switch|p2b: Kingambit|Kingambit, L50, F|100/100\n|-weather|RainDance|[from] ability: Drizzle|[of] p1a: Pelipper\n|turn|1\n|inactive|raigonjoy has 30 seconds left.\n|inactive|raigonjoy has 20 seconds left.\n|\n|t:|1776660062\n|detailschange|p2a: Gengar|Gengar-Mega, L50, F\n|-mega|p2a: Gengar|Gengar|Gengarite\n|move|p1b: Meganium|Protect|p1b: Meganium\n|-singleturn|p1b: Meganium|Protect\n|move|p2b: Kingambit|Will-O-Wisp|p1a: Pelipper\n|-status|p1a: Pelipper|brn\n|move|p2a: Gengar|Perish Song|p2a: Gengar\n|-start|p1a: Pelipper|perish3|[silent]\n|-start|p1b: Meganium|perish3|[silent]\n|-start|p2a: Gengar|perish3|[silent]\n|-start|p2b: Kingambit|perish3|[silent]\n|-fieldactivate|move: Perish Song\n|move|p1a: Pelipper|Tailwind|p1a: Pelipper\n|-sidestart|p1: pissedpepperoni|move: Tailwind\n|\n|-weather|RainDance|[upkeep]\n|-damage|p1a: Pelipper|95/100 brn|[from] brn\n|-start|p1b: Meganium|perish3\n|-start|p2b: Kingambit|perish3\n|-start|p2a: Gengar|perish3\n|-start|p1a: Pelipper|perish3\n|upkeep\n|turn|2\n|inactive|pissedpepperoni has 30 seconds left.\n|\n|t:|1776660094\n|detailschange|p1b: Meganium|Meganium-Mega, L50, M\n|-mega|p1b: Meganium|Meganium|Meganiumite\n|move|p2b: Kingambit|Protect|p2b: Kingambit\n|-singleturn|p2b: Kingambit|Protect\n|move|p2a: Gengar|Protect|p2a: Gengar\n|-singleturn|p2a: Gengar|Protect\n|move|p1b: Meganium|Weather Ball|p2b: Kingambit\n|-activate|p2b: Kingambit|move: Protect\n|move|p1a: Pelipper|Hurricane|p2a: Gengar\n|-activate|p2a: Gengar|move: Protect\n|\n|-weather|RainDance|[upkeep]\n|-damage|p1a: Pelipper|89/100 brn|[from] brn\n|-start|p1b: Meganium|perish2\n|-start|p2b: Kingambit|perish2\n|-start|p2a: Gengar|perish2\n|-start|p1a: Pelipper|perish2\n|upkeep\n|turn|3\n|inactive|raigonjoy has 30 seconds left.\n|\n|t:|1776660125\n|switch|p2a: Basculegion|Basculegion, L50, M|100/100\n|move|p1b: Meganium|Weather Ball|p2b: Kingambit\n|-enditem|p2b: Kingambit|Focus Sash\n|-damage|p2b: Kingambit|1/100\n|replace|p2b: Zoroark|Zoroark-Hisui, L50, F\n|-end|p2b: Zoroark|Illusion\n|move|p2b: Zoroark|U-turn|p1a: Pelipper\n|-resisted|p1a: Pelipper|1\n|-damage|p1a: Pelipper|79/100 brn\n|\n|t:|1776660135\n|switch|p2b: Gengar|Gengar-Mega, L50, F|100/100|[from] U-turn\n|move|p1a: Pelipper|Weather Ball|p2a: Basculegion\n|-resisted|p2a: Basculegion|1\n|-crit|p2a: Basculegion\n|-damage|p2a: Basculegion|41/100\n|\n|-weather|RainDance|[upkeep]\n|-damage|p1a: Pelipper|73/100 brn|[from] brn\n|-start|p1b: Meganium|perish1\n|-start|p1a: Pelipper|perish1\n|upkeep\n|turn|4\n|inactive|pissedpepperoni has 30 seconds left.\n|\n|t:|1776660162\n|switch|p2a: Kingambit|Kingambit, L50, F|100/100\n|move|p2b: Gengar|Protect|p2b: Gengar\n|-singleturn|p2b: Gengar|Protect\n|move|p1b: Meganium|Solar Beam||[still]\n|-prepare|p1b: Meganium|Solar Beam\n|-activate|p1b: Meganium|ability: Mega Sol\n|-anim|p1b: Meganium|Solar Beam|p2a: Kingambit\n|-resisted|p2a: Kingambit|1\n|-damage|p2a: Kingambit|71/100\n|move|p1a: Pelipper|Hurricane|p2b: Gengar\n|-activate|p2b: Gengar|move: Protect\n|\n|-weather|RainDance|[upkeep]\n|-damage|p1a: Pelipper|67/100 brn|[from] brn\n|-start|p1b: Meganium|perish0\n|-start|p1a: Pelipper|perish0\n|-sideend|p1: pissedpepperoni|move: Tailwind\n|faint|p1b: Meganium\n|faint|p1a: Pelipper\n|upkeep\n|\n|t:|1776660173\n|switch|p1b: Kingambit|Kingambit, L50, F|100/100\n|switch|p1a: Sneasler|Sneasler, L50, M|100/100\n|turn|5\n|\n|t:|1776660196\n|switch|p2a: Basculegion|Basculegion, L50, M|1/100\n|move|p1a: Sneasler|Coaching|p1b: Kingambit\n|-boost|p1b: Kingambit|atk|1\n|-boost|p1b: Kingambit|def|1\n|move|p2b: Gengar|Perish Song|p2b: Gengar\n|-start|p1a: Sneasler|perish3|[silent]\n|-start|p1b: Kingambit|perish3|[silent]\n|-start|p2a: Basculegion|perish3|[silent]\n|-start|p2b: Gengar|perish3|[silent]\n|-fieldactivate|move: Perish Song\n|move|p1b: Kingambit|Kowtow Cleave|p2b: Gengar\n|-supereffective|p2b: Gengar|1\n|-damage|p2b: Gengar|0 fnt\n|faint|p2b: Gengar\n|\n|-weather|none\n|-start|p1a: Sneasler|perish3\n|-start|p2a: Basculegion|perish3\n|-start|p1b: Kingambit|perish3\n|upkeep\n|inactive|raigonjoy has 30 seconds left.\n|\n|t:|1776660223\n|switch|p2b: Kingambit|Kingambit, L50, F|71/100\n|turn|6\n|\n|t:|1776660230\n|move|p2a: Basculegion|Protect|p2a: Basculegion\n|-singleturn|p2a: Basculegion|Protect\n|move|p2b: Kingambit|Protect|p2b: Kingambit\n|-singleturn|p2b: Kingambit|Protect\n|move|p1b: Kingambit|Sucker Punch||[still]\n|-fail|p1b: Kingambit\n|move|p1a: Sneasler|Close Combat|p2b: Kingambit\n|-activate|p2b: Kingambit|move: Protect\n|\n|-start|p1a: Sneasler|perish2\n|-start|p2a: Basculegion|perish2\n|-start|p1b: Kingambit|perish2\n|upkeep\n|turn|7\n|\n|t:|1776660249\n|switch|p2b: Basculegion|Basculegion, L50, M|41/100\n|move|p1a: Sneasler|Close Combat|p2b: Basculegion\n|-immune|p2b: Basculegion\n|move|p2a: Basculegion|U-turn|p1a: Sneasler\n|-resisted|p1a: Sneasler|2\n|-damage|p1a: Sneasler|94/100\n|\n|t:|1776660257\n|switch|p2a: Kingambit|Kingambit, L50, F|71/100|[from] U-turn\n|move|p1b: Kingambit|Kowtow Cleave|p2a: Kingambit\n|-resisted|p2a: Kingambit|1\n|-damage|p2a: Kingambit|43/100\n|\n|-start|p1a: Sneasler|perish1\n|-start|p1b: Kingambit|perish1\n|upkeep\n|turn|8\n|inactive|pissedpepperoni has 30 seconds left.\n|-message|pissedpepperoni forfeited.\n|\n|win|raigonjoy\n|raw|pissedpepperoni's rating: 1098 &rarr; <strong>1072</strong><br />(-26 for losing)\n|raw|raigonjoy's rating: 1086 &rarr; <strong>1114</strong><br />(+28 for winning)\n|l|\u2606pissedpepperoni\n|player|p1|\n",
  "uploadtime": 1776660290,
  "views": 4,
  "formatid": "gen9championsvgc2026regma",
  "rating": 1072,
  "private": 0,
  "password": null
}