{
  "id": "gen9championsvgc2026regma-2585846449",
  "format": "[Gen 9 Champions] VGC 2026 Reg M-A",
  "players": [
    "Zerox94",
    "Finexcer"
  ],
  "log": "|j|\u2606Zerox94\n|j|\u2606Finexcer\n|t:|1776375113\n|gametype|doubles\n|player|p1|Zerox94|silver|1349\n|player|p2|Finexcer|101|1311\n|gen|9\n|tier|[Gen 9 Champions] VGC 2026 Reg M-A\n|rated|\n|rule|Species Clause: Limit one of each Pok\u00e9mon\n|rule|Item Clause: Limit 1 of each item\n|clearpoke\n|poke|p1|Meowstic, L50, M|\n|poke|p1|Venusaur, L50, M|\n|poke|p1|Torkoal, L50, F|\n|poke|p1|Milotic, L50, F|\n|poke|p1|Charizard, L50, F|\n|poke|p1|Typhlosion, L50, F|\n|poke|p2|Crabominable, L50, F|\n|poke|p2|Slowking-Galar, L50, F|\n|poke|p2|Kingambit, L50, F|\n|poke|p2|Milotic, L50, F|\n|poke|p2|Froslass, L50, F|\n|poke|p2|Incineroar, L50, M|\n|teampreview|4\n|\n|t:|1776375145\n|teamsize|p1|4\n|teamsize|p2|4\n|start\n|switch|p1a: Meowstic|Meowstic, L50, M|100/100\n|switch|p1b: Milotic|Milotic, L50, F|100/100\n|switch|p2a: Milotic|Milotic, L50, F|100/100\n|switch|p2b: Incineroar|Incineroar, L50, M|100/100\n|-ability|p2b: Incineroar|Intimidate|boost\n|-unboost|p1a: Meowstic|atk|1\n|-unboost|p1b: Milotic|atk|1\n|-ability|p1b: Milotic|Competitive|boost\n|-boost|p1b: Milotic|spa|2\n|turn|1\n|inactive|Battle timer is ON: inactive players will automatically lose when time's up. (requested by Zerox94)\n|\n|t:|1776375164\n|move|p1a: Meowstic|Fake Out|p2a: Milotic\n|-damage|p2a: Milotic|97/100\n|move|p2b: Incineroar|Fake Out|p1b: Milotic\n|-damage|p1b: Milotic|87/100\n|cant|p1b: Milotic|flinch\n|cant|p2a: Milotic|flinch\n|\n|upkeep\n|turn|2\n|\n|t:|1776375177\n|move|p1a: Meowstic|Psychic Terrain|p1a: Meowstic\n|-fieldstart|move: Psychic Terrain\n|move|p1b: Milotic|Scald|p2b: Incineroar\n|-supereffective|p2b: Incineroar|1\n|-damage|p2b: Incineroar|0 fnt\n|faint|p2b: Incineroar\n|move|p2a: Milotic|Imprison|p2a: Milotic\n|-start|p2a: Milotic|move: Imprison\n|\n|upkeep\n|\n|t:|1776375190\n|switch|p2b: Slowking|Slowking-Galar, L50, F|100/100\n|turn|3\n|inactive|Zerox94 has 30 seconds left.\n|inactive|Zerox94 has 20 seconds left.\n|inactive|Zerox94 has 15 seconds left.\n|\n|t:|1776375234\n|move|p1a: Meowstic|Expanding Force|p2b: Slowking|[spread] p2a,p2b\n|-damage|p2a: Milotic|63/100\n|-damage|p2b: Slowking|65/100\n|move|p1b: Milotic|Ice Beam|p2b: Slowking\n|-damage|p2b: Slowking|23/100\n|move|p2a: Milotic|Muddy Water|p1b: Milotic|[spread] p1a,p1b\n|-resisted|p1b: Milotic|1\n|-damage|p1a: Meowstic|56/100\n|-damage|p1b: Milotic|75/100\n|-unboost|p1a: Meowstic|accuracy|1\n|-unboost|p1b: Milotic|accuracy|1\n|-ability|p1b: Milotic|Competitive|boost\n|-boost|p1b: Milotic|spa|2\n|-prepare|p2b: Slowking|Chilly Reception|[premajor]\n|move|p2b: Slowking|Chilly Reception|p2b: Slowking\n|-weather|Snowscape\n|\n|t:|1776375243\n|switch|p2b: Froslass|Froslass, L50, F|100/100|[from] Chilly Reception\n|\n|-weather|Snowscape|[upkeep]\n|upkeep\n|turn|4\n|inactive|Zerox94 has 30 seconds left.\n|\n|t:|1776375273\n|detailschange|p2b: Froslass|Froslass-Mega, L50, F\n|-mega|p2b: Froslass|Froslass|Froslassite\n|move|p1a: Meowstic|Rain Dance|p1a: Meowstic\n|-weather|RainDance\n|move|p2b: Froslass|Shadow Ball|p1b: Milotic\n|-damage|p1b: Milotic|38/100\n|-enditem|p1b: Milotic|Sitrus Berry|[eat]\n|-heal|p1b: Milotic|62/100|[from] item: Sitrus Berry\n|move|p1b: Milotic|Weather Ball|p2b: Froslass\n|-damage|p2b: Froslass|0 fnt\n|faint|p2b: Froslass\n|move|p2a: Milotic|Blizzard|p1b: Milotic|[spread] p1a,p1b\n|-resisted|p1b: Milotic|1\n|-damage|p1a: Meowstic|21/100\n|-damage|p1b: Milotic|52/100\n|-status|p1a: Meowstic|frz\n|-status|p1b: Milotic|frz\n|\n|-weather|RainDance|[upkeep]\n|upkeep\n|\n|t:|1776375279\n|switch|p2b: Slowking|Slowking-Galar, L50, F|56/100\n|turn|5\n|inactive|Zerox94 has 30 seconds left.\n|\n|t:|1776375308\n|cant|p1a: Meowstic|frz\n|cant|p1b: Milotic|frz\n|move|p2a: Milotic|Muddy Water|p1b: Milotic|[spread] p1a,p1b\n|-resisted|p1b: Milotic|1\n|-damage|p1a: Meowstic|0 fnt\n|-damage|p1b: Milotic|34/100 frz\n|faint|p1a: Meowstic\n|move|p2b: Slowking|Trick Room|p2b: Slowking\n|-fieldstart|move: Trick Room|[of] p2b: Slowking\n|\n|-weather|RainDance|[upkeep]\n|upkeep\n|\n|t:|1776375319\n|switch|p1a: Torkoal|Torkoal, L50, F|100/100\n|-weather|SunnyDay|[from] ability: Drought|[of] p1a: Torkoal\n|turn|6\n|\n|t:|1776375331\n|move|p2a: Milotic|Protect|p2a: Milotic\n|-singleturn|p2a: Milotic|Protect\n|move|p1a: Torkoal|Eruption|p2b: Slowking|[spread] p2b\n|-activate|p2a: Milotic|move: Protect\n|-damage|p2b: Slowking|0 fnt\n|faint|p2b: Slowking\n|cant|p1b: Milotic|frz\n|\n|-weather|SunnyDay|[upkeep]\n|-fieldend|move: Psychic Terrain\n|upkeep\n|turn|7\n|\n|t:|1776375347\n|move|p1a: Torkoal|Eruption|p2a: Milotic\n|-resisted|p2a: Milotic|1\n|-damage|p2a: Milotic|29/100\n|move|p2a: Milotic|Muddy Water|p1b: Milotic|[spread] p1a,p1b\n|-supereffective|p1a: Torkoal|1\n|-resisted|p1b: Milotic|1\n|-damage|p1a: Torkoal|59/100\n|-damage|p1b: Milotic|29/100 frz\n|-unboost|p1a: Torkoal|accuracy|1\n|-unboost|p1b: Milotic|accuracy|1\n|-ability|p1b: Milotic|Competitive|boost\n|-boost|p1b: Milotic|spa|2\n|-curestatus|p1b: Milotic|frz|[msg]\n|move|p1b: Milotic|Recover|p1b: Milotic\n|-heal|p1b: Milotic|79/100\n|\n|-weather|SunnyDay|[upkeep]\n|upkeep\n|turn|8\n|\n|t:|1776375368\n|move|p1a: Torkoal|Overheat|p2a: Milotic\n|-resisted|p2a: Milotic|1\n|-damage|p2a: Milotic|0 fnt\n|-unboost|p1a: Torkoal|spa|2\n|faint|p2a: Milotic\n|\n|win|Zerox94\n|raw|Zerox94's rating: 1349 &rarr; <strong>1367</strong><br />(+18 for winning)\n|raw|Finexcer's rating: 1311 &rarr; <strong>1293</strong><br />(-18 for losing)\n|l|\u2606Zerox94\n|player|p1|\n",
  "uploadtime": 1776375386,
  "views": 41,
  "formatid": "gen9championsvgc2026regma",
  "rating": 1293,
  "private": 0,
  "password": null
}