{
  "id": "gen9championsvgc2026regma-2587401819",
  "format": "[Gen 9 Champions] VGC 2026 Reg M-A",
  "players": [
    "brojonski",
    "obvious plays"
  ],
  "log": "|j|\u2606brojonski\n|j|\u2606obvious plays\n|t:|1776528800\n|gametype|doubles\n|player|p1|brojonski|brock|1402\n|player|p2|obvious plays|swimmerf-gen4|1426\n|gen|9\n|tier|[Gen 9 Champions] VGC 2026 Reg M-A\n|rated|\n|rule|Species Clause: Limit one of each Pok\u00e9mon\n|rule|Item Clause: Limit 1 of each item\n|clearpoke\n|poke|p1|Crabominable, L50, F|\n|poke|p1|Zoroark-Hisui, L50, M|\n|poke|p1|Slowking, L50, F|\n|poke|p1|Incineroar, L50, M|\n|poke|p1|Tsareena, L50, F|\n|poke|p1|Glimmora, L50, M|\n|poke|p2|Aegislash, L50, F|\n|poke|p2|Floette-Eternal, L50, F|\n|poke|p2|Gyarados, L50, F|\n|poke|p2|Aerodactyl, L50, F|\n|poke|p2|Sneasler, L50, M|\n|poke|p2|Sinistcha, L50|\n|teampreview|4\n|inactive|Battle timer is ON: inactive players will automatically lose when time's up. (requested by brojonski)\n|inactive|brojonski has 60 seconds left.\n|\n|t:|1776528842\n|teamsize|p1|4\n|teamsize|p2|4\n|start\n|switch|p1a: Slowking|Slowking, L50, F|100/100\n|switch|p1b: Incineroar|Incineroar, L50, M|100/100\n|switch|p2a: Aerodactyl|Aerodactyl, L50, F|100/100\n|switch|p2b: Aegislash|Aegislash, L50, F|100/100\n|-ability|p1b: Incineroar|Intimidate|boost\n|-unboost|p2a: Aerodactyl|atk|1\n|-unboost|p2b: Aegislash|atk|1\n|turn|1\n|inactive|brojonski has 30 seconds left.\n|inactive|brojonski has 20 seconds left.\n|\n|t:|1776528879\n|move|p1b: Incineroar|Fake Out|p2a: Aerodactyl\n|-resisted|p2a: Aerodactyl|1\n|-damage|p2a: Aerodactyl|92/100\n|cant|p2a: Aerodactyl|flinch\n|-formechange|p2b: Aegislash|Aegislash-Blade|\n|move|p2b: Aegislash|Poltergeist|p1a: Slowking\n|-activate|p1a: Slowking|move: Poltergeist|Colbur Berry\n|-supereffective|p1a: Slowking|1\n|-damage|p1a: Slowking|34/100\n|move|p1a: Slowking|Trick Room|p1a: Slowking\n|-fieldstart|move: Trick Room|[of] p1a: Slowking\n|\n|upkeep\n|turn|2\n|\n|t:|1776528898\n|-formechange|p2b: Aegislash|Aegislash|\n|move|p2b: Aegislash|King's Shield|p2b: Aegislash\n|-singleturn|p2b: Aegislash|Protect\n|move|p2a: Aerodactyl|Protect|p2a: Aerodactyl\n|-singleturn|p2a: Aerodactyl|Protect\n|-prepare|p1a: Slowking|Chilly Reception|[premajor]\n|move|p1a: Slowking|Chilly Reception|p1a: Slowking\n|-weather|Snowscape\n|\n|t:|1776528906\n|switch|p1a: Crabominable|Crabominable, L50, F|100/100|[from] Chilly Reception\n|move|p1b: Incineroar|Parting Shot|p2a: Aerodactyl\n|-activate|p2a: Aerodactyl|move: Protect\n|\n|-weather|Snowscape|[upkeep]\n|upkeep\n|turn|3\n|j| cyun091\n|inactive|brojonski has 30 seconds left.\n|inactive|obvious plays has 30 seconds left.\n|inactive|brojonski has 20 seconds left.\n|inactive|obvious plays has 20 seconds left.\n|\n|t:|1776528943\n|move|p1a: Crabominable|Ice Hammer|p2a: Aerodactyl\n|-supereffective|p2a: Aerodactyl|1\n|-damage|p2a: Aerodactyl|0 fnt\n|-unboost|p1a: Crabominable|spe|1\n|faint|p2a: Aerodactyl\n|-formechange|p2b: Aegislash|Aegislash-Blade|\n|move|p2b: Aegislash|Sacred Sword|p1a: Crabominable\n|-supereffective|p1a: Crabominable|1\n|-damage|p1a: Crabominable|75/100\n|move|p1b: Incineroar|Parting Shot|p2b: Aegislash\n|-unboost|p2b: Aegislash|atk|1\n|-unboost|p2b: Aegislash|spa|1\n|\n|t:|1776528955\n|switch|p1b: Glimmora|Glimmora, L50, M|100/100|[from] Parting Shot\n|\n|-weather|Snowscape|[upkeep]\n|upkeep\n|\n|t:|1776528960\n|switch|p2a: Gyarados|Gyarados, L50, F|100/100\n|-ability|p2a: Gyarados|Intimidate|boost\n|-fail|p1a: Crabominable|unboost|Attack|[from] ability: Hyper Cutter|[of] p1a: Crabominable\n|-unboost|p1b: Glimmora|atk|1\n|turn|4\n|inactive|brojonski has 30 seconds left.\n|\n|t:|1776528986\n|detailschange|p1b: Glimmora|Glimmora-Mega, L50, M\n|-mega|p1b: Glimmora|Glimmora|Glimmoranite\n|move|p1a: Crabominable|Ice Hammer|p2b: Aegislash\n|-resisted|p2b: Aegislash|1\n|-damage|p2b: Aegislash|68/100\n|-unboost|p1a: Crabominable|spe|1\n|move|p2b: Aegislash|Poltergeist|p1b: Glimmora\n|-activate|p1b: Glimmora|move: Poltergeist|Glimmoranite\n|-damage|p1b: Glimmora|71/100\n|move|p2a: Gyarados|Waterfall|p1b: Glimmora\n|-supereffective|p1b: Glimmora|1\n|-damage|p1b: Glimmora|0 fnt\n|faint|p1b: Glimmora\n|\n|-weather|Snowscape|[upkeep]\n|upkeep\n|\n|t:|1776529007\n|switch|p1b: Incineroar|Incineroar, L50, M|100/100\n|-ability|p1b: Incineroar|Intimidate|boost\n|-unboost|p2a: Gyarados|atk|1\n|-unboost|p2b: Aegislash|atk|1\n|turn|5\n|l| cyun091\n|\n|t:|1776529025\n|switch|p2b: Floette|Floette-Eternal, L50, F|100/100\n|switch|p1b: Slowking|Slowking, L50, F|67/100\n|move|p2a: Gyarados|Protect|p2a: Gyarados\n|-singleturn|p2a: Gyarados|Protect\n|move|p1a: Crabominable|Ice Hammer|p2a: Gyarados\n|-activate|p2a: Gyarados|move: Protect\n|\n|-weather|Snowscape|[upkeep]\n|-fieldend|move: Trick Room\n|upkeep\n|turn|6\n|\n|t:|1776529035\n|switch|p1a: Incineroar|Incineroar, L50, M|100/100\n|-ability|p1a: Incineroar|Intimidate|boost\n|-unboost|p2a: Gyarados|atk|1\n|-unboost|p2b: Floette|atk|1\n|detailschange|p2b: Floette|Floette-Mega, L50, F\n|-mega|p2b: Floette|Floette|Floettite\n|-ability|p2b: Floette|Fairy Aura\n|move|p2b: Floette|Dazzling Gleam|p1a: Incineroar|[spread] p1a,p1b\n|-damage|p1a: Incineroar|67/100\n|-damage|p1b: Slowking|32/100\n|move|p2a: Gyarados|Taunt|p1b: Slowking\n|-start|p1b: Slowking|move: Taunt\n|cant|p1b: Slowking|move: Taunt|Trick Room\n|\n|-weather|none\n|upkeep\n|turn|7\n|-message|brojonski forfeited.\n|\n|win|obvious plays\n|raw|brojonski's rating: 1402 &rarr; <strong>1383</strong><br />(-19 for losing)\n|raw|obvious plays's rating: 1426 &rarr; <strong>1445</strong><br />(+19 for winning)\n",
  "uploadtime": 1776529052,
  "views": 29,
  "formatid": "gen9championsvgc2026regma",
  "rating": 1383,
  "private": 0,
  "password": null
}