{
  "id": "gen9championsvgc2026regma-2587636644",
  "format": "[Gen 9 Champions] VGC 2026 Reg M-A",
  "players": [
    "PM77Switch",
    "Zero Zizz"
  ],
  "log": "|j|\u2606PM77Switch\n|j|\u2606Zero Zizz\n|t:|1776549138\n|gametype|doubles\n|player|p1|PM77Switch|may-masters3|1399\n|player|p2|Zero Zizz|miku-ground|1342\n|gen|9\n|tier|[Gen 9 Champions] VGC 2026 Reg M-A\n|rated|\n|rule|Species Clause: Limit one of each Pok\u00e9mon\n|rule|Item Clause: Limit 1 of each item\n|clearpoke\n|poke|p1|Blastoise, L50, M|\n|poke|p1|Kingambit, L50, F|\n|poke|p1|Sneasler, L50, F|\n|poke|p1|Aerodactyl, L50, M|\n|poke|p1|Sinistcha, L50|\n|poke|p1|Incineroar, L50, F|\n|poke|p2|Drampa, L50, M|\n|poke|p2|Sinistcha, L50|\n|poke|p2|Meowstic, L50, M|\n|poke|p2|Kingambit, L50, F|\n|poke|p2|Incineroar, L50, F, shiny|\n|poke|p2|Sneasler, L50, F|\n|teampreview|4\n|inactive|Battle timer is ON: inactive players will automatically lose when time's up. (requested by Zero Zizz)\n|inactive|PM77Switch also wants the timer to be on.\n|\n|t:|1776549163\n|teamsize|p1|4\n|teamsize|p2|4\n|start\n|switch|p1a: Sneasler|Sneasler, L50, F|100/100\n|switch|p1b: Aerodactyl|Aerodactyl, L50, M|100/100\n|switch|p2a: Meowstic|Meowstic, L50, M|100/100\n|switch|p2b: Smash|Sneasler, L50, F|100/100\n|-ability|p1b: Aerodactyl|Unnerve\n|turn|1\n|\n|t:|1776549186\n|move|p1a: Sneasler|Fake Out|p2b: Smash\n|-damage|p2b: Smash|77/100\n|move|p2a: Meowstic|Calm Mind|p2a: Meowstic\n|-boost|p2a: Meowstic|spa|1\n|-boost|p2a: Meowstic|spd|1\n|move|p1b: Aerodactyl|Dual Wingbeat|p2b: Smash\n|-supereffective|p2b: Smash|1\n|-damage|p2b: Smash|16/100\n|-supereffective|p2b: Smash|1\n|-damage|p2b: Smash|0 fnt\n|faint|p2b: Smash\n|-hitcount|p2: Smash|2\n|\n|upkeep\n|\n|t:|1776549193\n|switch|p2b: Sinistcha|Sinistcha, L50|100/100\n|turn|2\n|\n|t:|1776549216\n|switch|p1a: Kingambit|Kingambit, L50, F|100/100\n|move|p2a: Meowstic|Baton Pass|p2a: Meowstic\n|\n|t:|1776549219\n|switch|p2a: Adamastor|Drampa, L50, M|100/100|[from] Baton Pass\n|-ability|p2a: Adamastor|Cloud Nine\n|move|p1b: Aerodactyl|Rock Slide|p2a: Adamastor|[spread] p2a,p2b\n|-damage|p2a: Adamastor|75/100\n|-damage|p2b: Sinistcha|81/100\n|move|p2b: Sinistcha|Trick Room|p2b: Sinistcha\n|-fieldstart|move: Trick Room|[of] p2b: Sinistcha\n|\n|upkeep\n|turn|3\n|inactive|Zero Zizz has 30 seconds left.\n|\n|t:|1776549246\n|detailschange|p2a: Adamastor|Drampa-Mega, L50, M\n|-mega|p2a: Adamastor|Drampa|Drampanite\n|move|p2a: Adamastor|Hyper Voice|p1a: Kingambit|[spread] p1a,p1b\n|-resisted|p1a: Kingambit|1\n|-resisted|p1b: Aerodactyl|1\n|-damage|p1a: Kingambit|70/100\n|-damage|p1b: Aerodactyl|56/100\n|move|p1a: Kingambit|Kowtow Cleave|p2b: Sinistcha\n|-supereffective|p2b: Sinistcha|1\n|-damage|p2b: Sinistcha|11/100\n|move|p2b: Sinistcha|Matcha Gotcha|p1a: Kingambit|[spread] p1a,p1b\n|-resisted|p1a: Kingambit|1\n|-damage|p1a: Kingambit|57/100\n|-heal|p2b: Sinistcha|18/100|[from] drain|[of] p1a: Kingambit\n|-damage|p1b: Aerodactyl|19/100\n|-heal|p2b: Sinistcha|35/100|[from] drain|[of] p1b: Aerodactyl\n|move|p1b: Aerodactyl|Dual Wingbeat|p2b: Sinistcha\n|-supereffective|p2b: Sinistcha|1\n|-damage|p2b: Sinistcha|4/100\n|-supereffective|p2b: Sinistcha|1\n|-crit|p2b: Sinistcha\n|-damage|p2b: Sinistcha|0 fnt\n|faint|p2b: Sinistcha\n|-hitcount|p2: Sinistcha|2\n|\n|upkeep\n|\n|t:|1776549263\n|switch|p2b: Meowstic|Meowstic, L50, M|100/100\n|turn|4\n|\n|t:|1776549278\n|move|p2b: Meowstic|Protect|p2b: Meowstic\n|-singleturn|p2b: Meowstic|Protect\n|move|p1a: Kingambit|Protect|p1a: Kingambit\n|-singleturn|p1a: Kingambit|Protect\n|move|p1b: Aerodactyl|Protect|p1b: Aerodactyl\n|-singleturn|p1b: Aerodactyl|Protect\n|move|p2a: Adamastor|Hyper Voice|p1b: Aerodactyl|[spread] \n|-activate|p1a: Kingambit|move: Protect\n|-activate|p1b: Aerodactyl|move: Protect\n|\n|upkeep\n|turn|5\n|\n|t:|1776549287\n|move|p2b: Meowstic|Calm Mind|p2b: Meowstic\n|-boost|p2b: Meowstic|spa|1\n|-boost|p2b: Meowstic|spd|1\n|move|p2a: Adamastor|Hyper Voice|p1b: Aerodactyl|[spread] p1a,p1b\n|-resisted|p1a: Kingambit|1\n|-resisted|p1b: Aerodactyl|1\n|-damage|p1a: Kingambit|28/100\n|-damage|p1b: Aerodactyl|0 fnt\n|faint|p1b: Aerodactyl\n|move|p1a: Kingambit|Kowtow Cleave|p2b: Meowstic\n|-supereffective|p2b: Meowstic|1\n|-damage|p2b: Meowstic|0 fnt\n|faint|p2b: Meowstic\n|\n|upkeep\n|\n|t:|1776549297\n|switch|p1b: Sneasler|Sneasler, L50, F|100/100\n|turn|6\n|\n|t:|1776549307\n|move|p1b: Sneasler|Fake Out|p2a: Adamastor\n|-damage|p2a: Adamastor|64/100\n|cant|p2a: Adamastor|flinch\n|move|p1a: Kingambit|Kowtow Cleave|p2a: Adamastor\n|-damage|p2a: Adamastor|21/100\n|-ability|p2a: Adamastor|Berserk|boost\n|-boost|p2a: Adamastor|spa|1\n|\n|-fieldend|move: Trick Room\n|upkeep\n|turn|7\n|\n|t:|1776549315\n|move|p1b: Sneasler|Close Combat|p2a: Adamastor\n|-supereffective|p2a: Adamastor|1\n|-damage|p2a: Adamastor|0 fnt\n|-unboost|p1b: Sneasler|def|1\n|-unboost|p1b: Sneasler|spd|1\n|faint|p2a: Adamastor\n|\n|win|PM77Switch\n|raw|PM77Switch's rating: 1399 &rarr; <strong>1416</strong><br />(+17 for winning)\n|raw|Zero Zizz's rating: 1342 &rarr; <strong>1325</strong><br />(-17 for losing)\n|l|\u2606Zero Zizz\n|player|p2|\n",
  "uploadtime": 1776549321,
  "views": 17,
  "formatid": "gen9championsvgc2026regma",
  "rating": 1325,
  "private": 0,
  "password": null
}