{
  "id": "gen9championsvgc2026regma-2586649496",
  "format": "[Gen 9 Champions] VGC 2026 Reg M-A",
  "players": [
    "RNG can't stop me",
    "elevega"
  ],
  "log": "|j|\u2606RNG can't stop me\n|j|\u2606elevega\n|t:|1776449373\n|gametype|doubles\n|player|p1|RNG can't stop me|n|1069\n|player|p2|elevega|169|1115\n|gen|9\n|tier|[Gen 9 Champions] VGC 2026 Reg M-A\n|rated|\n|rule|Species Clause: Limit one of each Pok\u00e9mon\n|rule|Item Clause: Limit 1 of each item\n|clearpoke\n|poke|p1|Excadrill, L50, M|\n|poke|p1|Sneasler, L50, F|\n|poke|p1|Sinistcha, L50|\n|poke|p1|Milotic, L50, F|\n|poke|p1|Aerodactyl, L50, F|\n|poke|p1|Incineroar, L50, F|\n|poke|p2|Pelipper, L50, M|\n|poke|p2|Basculegion, L50, M|\n|poke|p2|Archaludon, L50, M|\n|poke|p2|Sneasler, L50, M|\n|poke|p2|Dragonite, L50, M|\n|poke|p2|Sinistcha, L50|\n|teampreview|4\nRNG can't stop me has agreed to open team sheets.\n|\n|t:|1776449413\n|teamsize|p1|4\n|teamsize|p2|4\n|start\n|switch|p1a: Aerodactyl|Aerodactyl, L50, F|100/100\n|switch|p1b: Sinistcha|Sinistcha, L50|100/100\n|switch|p2a: Pelipper|Pelipper, L50, M|100/100\n|switch|p2b: Archaludon|Archaludon, L50, M|100/100\n|-ability|p1a: Aerodactyl|Unnerve\n|-weather|RainDance|[from] ability: Drizzle|[of] p2a: Pelipper\n|turn|1\n|\n|t:|1776449432\n|move|p1a: Aerodactyl|Tailwind|p1a: Aerodactyl\n|-sidestart|p1: RNG can't stop me|move: Tailwind\n|move|p1b: Sinistcha|Shadow Ball|p2a: Pelipper\n|-damage|p2a: Pelipper|66/100\n|move|p2b: Archaludon|Electro Shot||[still]\n|-prepare|p2b: Archaludon|Electro Shot\n|-boost|p2b: Archaludon|spa|1\n|-anim|p2b: Archaludon|Electro Shot|p1a: Aerodactyl\n|-supereffective|p1a: Aerodactyl|1\n|-enditem|p1a: Aerodactyl|Focus Sash\n|-damage|p1a: Aerodactyl|1/100\n|move|p2a: Pelipper|Tailwind|p2a: Pelipper\n|-sidestart|p2: elevega|move: Tailwind\n|\n|-weather|RainDance|[upkeep]\n|-heal|p2a: Pelipper|72/100|[from] item: Leftovers\n|upkeep\n|turn|2\n|\n|t:|1776449475\n|move|p1a: Aerodactyl|Dual Wingbeat|p2a: Pelipper\n|-damage|p2a: Pelipper|51/100\n|-damage|p2a: Pelipper|32/100\n|-hitcount|p2a: Pelipper|2\n|move|p2b: Archaludon|Electro Shot||[still]\n|-prepare|p2b: Archaludon|Electro Shot\n|-boost|p2b: Archaludon|spa|1\n|-anim|p2b: Archaludon|Electro Shot|p1a: Aerodactyl\n|-supereffective|p1a: Aerodactyl|1\n|-damage|p1a: Aerodactyl|0 fnt\n|faint|p1a: Aerodactyl\n|move|p1b: Sinistcha|Shadow Ball|p2a: Pelipper\n|-damage|p2a: Pelipper|3/100\n|move|p2a: Pelipper|Hurricane|p1b: Sinistcha\n|-supereffective|p1b: Sinistcha|1\n|-damage|p1b: Sinistcha|15/100\n|-enditem|p1b: Sinistcha|Sitrus Berry|[eat]\n|-heal|p1b: Sinistcha|40/100|[from] item: Sitrus Berry\n|\n|-weather|RainDance|[upkeep]\n|-heal|p2a: Pelipper|9/100|[from] item: Leftovers\n|upkeep\n|\n|t:|1776449488\n|switch|p1a: Excadrill|Excadrill, L50, M|100/100\n|-ability|p1a: Excadrill|Mold Breaker\n|turn|3\n|\n|t:|1776449511\n|detailschange|p1a: Excadrill|Excadrill-Mega, L50, M\n|-mega|p1a: Excadrill|Excadrill|Excadrite\n|move|p2a: Pelipper|Wide Guard|p2a: Pelipper\n|-singleturn|p2a: Pelipper|Wide Guard\n|move|p1a: Excadrill|High Horsepower|p2b: Archaludon\n|-supereffective|p2b: Archaludon|1\n|-enditem|p2b: Archaludon|Shuca Berry|[eat]\n|-enditem|p2b: Archaludon|Shuca Berry|[weaken]\n|-damage|p2b: Archaludon|59/100\n|-ability|p2b: Archaludon|Stamina|boost\n|-boost|p2b: Archaludon|def|1\n|move|p2b: Archaludon|Snarl|p1a: Excadrill|[spread] p1a,p1b\n|-supereffective|p1b: Sinistcha|1\n|-crit|p1b: Sinistcha\n|-damage|p1a: Excadrill|71/100\n|-damage|p1b: Sinistcha|0 fnt\n|-unboost|p1a: Excadrill|spa|1\n|faint|p1b: Sinistcha\n|\n|-weather|RainDance|[upkeep]\n|-heal|p2a: Pelipper|15/100|[from] item: Leftovers\n|upkeep\n|\n|t:|1776449525\n|switch|p1b: Incineroar|Incineroar, L50, F|100/100\n|-ability|p1b: Incineroar|Intimidate|boost\n|-unboost|p2a: Pelipper|atk|1\n|-unboost|p2b: Archaludon|atk|1\n|turn|4\n|\n|t:|1776449537\n|move|p1b: Incineroar|Fake Out|p2a: Pelipper\n|-damage|p2a: Pelipper|0 fnt\n|faint|p2a: Pelipper\n|move|p1a: Excadrill|High Horsepower|p2b: Archaludon\n|-supereffective|p2b: Archaludon|1\n|-damage|p2b: Archaludon|0 fnt\n|faint|p2b: Archaludon\n|\n|-weather|RainDance|[upkeep]\n|-sideend|p1: RNG can't stop me|move: Tailwind\n|-sideend|p2: elevega|move: Tailwind\n|upkeep\n|\n|t:|1776449543\n|switch|p2b: Sinistcha|Sinistcha, L50|100/100\n|switch|p2a: Dragonite|Dragonite, L50, M|100/100\n|turn|5\n|inactive|Battle timer is ON: inactive players will automatically lose when time's up. (requested by elevega)\n|\n|t:|1776449563\n|detailschange|p2a: Dragonite|Dragonite-Mega, L50, M\n|-mega|p2a: Dragonite|Dragonite|Dragoninite\n|move|p1a: Excadrill|Rock Slide|p2b: Sinistcha|[spread] p2a,p2b\n|-supereffective|p2a: Dragonite|1\n|-damage|p2a: Dragonite|78/100\n|-damage|p2b: Sinistcha|80/100\n|cant|p2a: Dragonite|flinch\n|move|p1b: Incineroar|Darkest Lariat|p2b: Sinistcha\n|-supereffective|p2b: Sinistcha|1\n|-damage|p2b: Sinistcha|0 fnt\n|faint|p2b: Sinistcha\n|\n|-weather|none\n|upkeep\n|turn|6\n|\n|t:|1776449577\n|move|p1a: Excadrill|Rock Slide|p2a: Dragonite\n|-supereffective|p2a: Dragonite|1\n|-damage|p2a: Dragonite|19/100\n|move|p2a: Dragonite|Dragon Pulse|p1a: Excadrill\n|-resisted|p1a: Excadrill|1\n|-damage|p1a: Excadrill|35/100\n|move|p1b: Incineroar|Parting Shot|p2a: Dragonite\n|-unboost|p2a: Dragonite|atk|1\n|-unboost|p2a: Dragonite|spa|1\n|\n|upkeep\n|turn|7\n|\n|t:|1776449589\n|move|p1a: Excadrill|Iron Head|p2a: Dragonite\n|-damage|p2a: Dragonite|0 fnt\n|faint|p2a: Dragonite\n|\n|win|RNG can't stop me\n|raw|RNG can&apos;t stop me's rating: 1069 &rarr; <strong>1103</strong><br />(+34 for winning)\n|raw|elevega's rating: 1115 &rarr; <strong>1087</strong><br />(-28 for losing)\n|l|\u2606elevega\n|player|p2|\n",
  "uploadtime": 1776449615,
  "views": 35,
  "formatid": "gen9championsvgc2026regma",
  "rating": 1087,
  "private": 0,
  "password": null
}