{
  "id": "gen9championsvgc2026regma-2580724662",
  "format": "[Gen 9 Champions] VGC 2026 Reg M-A",
  "players": [
    "Mence",
    "LancelotFaberge"
  ],
  "log": "|j|\u2606Mence\n|j|\u2606LancelotFaberge\n|t:|1775927344\n|gametype|doubles\n|player|p1|Mence|265|\n|player|p2|LancelotFaberge|265|\n|gen|9\n|tier|[Gen 9 Champions] VGC 2026 Reg M-A\n|rule|Species Clause: Limit one of each Pok\u00e9mon\n|rule|Item Clause: Limit 1 of each item\n|clearpoke\n|poke|p1|Incineroar, L50, M|\n|poke|p1|Sinistcha, L50|\n|poke|p1|Pelipper, L50, M|\n|poke|p1|Archaludon, L50, M|\n|poke|p1|Basculegion, L50, M|\n|poke|p1|Gardevoir, L50, F|\n|poke|p2|Charizard, L50, M|\n|poke|p2|Garchomp, L50, F|\n|poke|p2|Incineroar, L50, M|\n|poke|p2|Venusaur, L50, M|\n|poke|p2|Rotom-Wash, L50|\n|poke|p2|Corviknight, L50, M|\n|teampreview|4\n|\n|t:|1775927408\n|teamsize|p1|4\n|teamsize|p2|4\n|start\n|switch|p1a: Incineroar|Incineroar, L50, M, shiny|100/100\n|switch|p1b: Thana Fly|Gardevoir, L50, F, shiny|100/100\n|switch|p2a: Corviknight|Corviknight, L50, M|100/100\n|switch|p2b: Rotom|Rotom-Wash, L50|100/100\n|-ability|p1b: Thana Fly|Mirror Armor|Trace|[from] ability: Trace|[of] p2a: Corviknight\n|-ability|p1a: Incineroar|Intimidate|boost\n|-ability|p2a: Corviknight|Mirror Armor\n|-unboost|p1a: Incineroar|atk|1\n|-unboost|p2b: Rotom|atk|1\n|turn|1\n|\n|t:|1775927513\n|switch|p1b: Geodon MK II|Archaludon, L50, M, shiny|100/100\n|move|p1a: Incineroar|Fake Out|p2b: Rotom\n|-damage|p2b: Rotom|93/100\n|cant|p2b: Rotom|flinch\n|move|p2a: Corviknight|Iron Head|p1b: Geodon MK II\n|-resisted|p1b: Geodon MK II|1\n|-damage|p1b: Geodon MK II|89/100\n|-ability|p1b: Geodon MK II|Stamina|boost\n|-boost|p1b: Geodon MK II|def|1\n|\n|upkeep\n|turn|2\n|\n|t:|1775927603\n|switch|p2b: Charizard|Charizard, L50, M|100/100\n|switch|p1a: Pelipper|Pelipper, L50, M|100/100\n|-weather|RainDance|[from] ability: Drizzle|[of] p1a: Pelipper\n|move|p1b: Geodon MK II|Electro Shot||[still]\n|-prepare|p1b: Geodon MK II|Electro Shot\n|-boost|p1b: Geodon MK II|spa|1\n|-anim|p1b: Geodon MK II|Electro Shot|p2a: Corviknight\n|-supereffective|p2a: Corviknight|1\n|-damage|p2a: Corviknight|0 fnt\n|faint|p2a: Corviknight\n|\n|-weather|RainDance|[upkeep]\n|upkeep\n|\n|t:|1775927657\n|switch|p2a: Venusaur|Venusaur, L50, M|100/100\n|turn|3\n|\n|t:|1775927849\n|switch|p1a: Incineroar|Incineroar, L50, M, shiny|100/100\n|-ability|p1a: Incineroar|Intimidate|boost\n|-unboost|p2a: Venusaur|atk|1\n|-unboost|p2b: Charizard|atk|1\n|detailschange|p2b: Charizard|Charizard-Mega-Y, L50, M\n|-mega|p2b: Charizard|Charizard|Charizardite Y\n|-weather|SunnyDay|[from] ability: Drought|[of] p2b: Charizard\n|move|p1b: Geodon MK II|Protect|p1b: Geodon MK II\n|-singleturn|p1b: Geodon MK II|Protect\n|move|p2a: Venusaur|Sludge Bomb|p1a: Incineroar\n|-damage|p1a: Incineroar|67/100\n|-status|p1a: Incineroar|psn\n|move|p2b: Charizard|Heat Wave|p1b: Geodon MK II|[spread] p1a\n|-activate|p1b: Geodon MK II|move: Protect\n|-resisted|p1a: Incineroar|1\n|-damage|p1a: Incineroar|42/100 psn\n|\n|-weather|SunnyDay|[upkeep]\n|-damage|p1a: Incineroar|30/100 psn|[from] psn\n|upkeep\n|turn|4\n|\n|t:|1775927945\n|switch|p1a: Pelipper|Pelipper, L50, M|100/100\n|-weather|RainDance|[from] ability: Drizzle|[of] p1a: Pelipper\n|move|p1b: Geodon MK II|Electro Shot||[still]\n|-prepare|p1b: Geodon MK II|Electro Shot\n|-boost|p1b: Geodon MK II|spa|1\n|-anim|p1b: Geodon MK II|Electro Shot|p2b: Charizard\n|-supereffective|p2b: Charizard|1\n|-damage|p2b: Charizard|0 fnt\n|faint|p2b: Charizard\n|move|p2a: Venusaur|Sludge Bomb|p1a: Pelipper\n|-damage|p1a: Pelipper|26/100\n|-status|p1a: Pelipper|psn\n|\n|-weather|RainDance|[upkeep]\n|-damage|p1a: Pelipper|14/100 psn|[from] psn\n|upkeep\n|\n|t:|1775927960\n|switch|p2b: Rotom|Rotom-Wash, L50|93/100\n|turn|5\n|\n|t:|1775928100\n|move|p1b: Geodon MK II|Draco Meteor|p2b: Rotom\n|-damage|p2b: Rotom|0 fnt\n|-unboost|p1b: Geodon MK II|spa|2\n|faint|p2b: Rotom\n|move|p2a: Venusaur|Sleep Powder|p1b: Geodon MK II\n|-status|p1b: Geodon MK II|slp|[from] move: Sleep Powder\n|move|p1a: Pelipper|Tailwind|p1a: Pelipper\n|-sidestart|p1: Mence|move: Tailwind\n|\n|-weather|RainDance|[upkeep]\n|-damage|p1a: Pelipper|1/100 psn|[from] psn\n|upkeep\n|turn|6\n|\n|t:|1775928259\n|cant|p1b: Geodon MK II|slp\n|move|p1a: Pelipper|Hurricane|p2a: Venusaur\n|-supereffective|p2a: Venusaur|1\n|-enditem|p2a: Venusaur|Focus Sash\n|-damage|p2a: Venusaur|1/100\n|move|p2a: Venusaur|Sludge Bomb|p1a: Pelipper\n|-damage|p1a: Pelipper|0 fnt\n|faint|p1a: Pelipper\n|\n|-weather|RainDance|[upkeep]\n|upkeep\n|\n|t:|1775928269\n|switch|p1a: Incineroar|Incineroar, L50, M, shiny|30/100 psn\n|-ability|p1a: Incineroar|Intimidate|boost\n|-unboost|p2a: Venusaur|atk|1\n|turn|7\n|\n|t:|1775928278\n|move|p2a: Venusaur|Protect|p2a: Venusaur\n|-singleturn|p2a: Venusaur|Protect\n|move|p1a: Incineroar|Fake Out|p2a: Venusaur\n|-activate|p2a: Venusaur|move: Protect\n|cant|p1b: Geodon MK II|slp\n|\n|-weather|RainDance|[upkeep]\n|-damage|p1a: Incineroar|17/100 psn|[from] psn\n|upkeep\n|turn|8\n|\n|t:|1775928299\n|-curestatus|p1b: Geodon MK II|slp|[msg]\n|move|p1b: Geodon MK II|Draco Meteor|p2a: Venusaur\n|-damage|p2a: Venusaur|0 fnt\n|-unboost|p1b: Geodon MK II|spa|2\n|faint|p2a: Venusaur\n|\n|win|Mence\n",
  "uploadtime": 1775928306,
  "views": 9,
  "formatid": "gen9championsvgc2026regma",
  "rating": null,
  "private": 0,
  "password": null
}