{
  "id": "gen9championsvgc2026regma-2584851317",
  "format": "[Gen 9 Champions] VGC 2026 Reg M-A",
  "players": [
    "YonkoLouis",
    "Jozato cx"
  ],
  "log": "|j|\u2606YonkoLouis\n|j|\u2606Jozato cx\n|t:|1776288642\n|gametype|doubles\n|player|p1|YonkoLouis|sabrina-frlg|1000\n|player|p2|Jozato cx|n|1063\n|gen|9\n|tier|[Gen 9 Champions] VGC 2026 Reg M-A\n|rated|\n|rule|Species Clause: Limit one of each Pok\u00e9mon\n|rule|Item Clause: Limit 1 of each item\n|clearpoke\n|poke|p1|Floette-Eternal, L50, F|\n|poke|p1|Whimsicott, L50, F|\n|poke|p1|Tyranitar, L50, F|\n|poke|p1|Excadrill, L50, F|\n|poke|p1|Primarina, L50, F|\n|poke|p1|Goodra-Hisui, L50, F|\n|poke|p2|Excadrill, L50, F|\n|poke|p2|Tyranitar, L50, F|\n|poke|p2|Sinistcha, L50|\n|poke|p2|Klefki, L50, M|\n|poke|p2|Aegislash, L50, F|\n|poke|p2|Meowstic, L50, M|\n|teampreview|4\n|inactive|Battle timer is ON: inactive players will automatically lose when time's up. (requested by Jozato cx)\n|inactive|Jozato cx has 60 seconds left.\nYonkoLouis rejected open team sheets.\n|inactive|Jozato cx has 30 seconds left.\n|\n|t:|1776288702\n|teamsize|p1|4\n|teamsize|p2|4\n|start\n|switch|p1a: Lil Xern|Floette-Eternal, L50, F|100/100\n|switch|p1b: LA FLAME|Whimsicott, L50, F, shiny|100/100\n|switch|p2a: Sinistcha|Sinistcha, L50|100/100\n|switch|p2b: Meowstic|Meowstic, L50, M|100/100\n|turn|1\n|inactive|YonkoLouis has 30 seconds left.\n|\n|t:|1776288730\n|switch|p2a: Aegislash|Aegislash, L50, F|100/100\n|detailschange|p1a: Lil Xern|Floette-Mega, L50, F\n|-mega|p1a: Lil Xern|Floette|Floettite\n|-ability|p1a: Lil Xern|Fairy Aura\n|move|p2b: Meowstic|Fake Out|p1b: LA FLAME\n|-damage|p1b: LA FLAME|94/100\n|cant|p1b: LA FLAME|flinch\n|move|p1a: Lil Xern|Calm Mind|p1a: Lil Xern\n|-boost|p1a: Lil Xern|spa|1\n|-boost|p1a: Lil Xern|spd|1\n|\n|upkeep\n|turn|2\n|inactive|YonkoLouis has 30 seconds left.\n|inactive|Jozato cx has 30 seconds left.\n|inactive|YonkoLouis has 20 seconds left.\n|inactive|YonkoLouis has 15 seconds left.\n|\n|t:|1776288772\n|move|p1b: LA FLAME|Helping Hand|p1a: Lil Xern\n|-singleturn|p1a: Lil Xern|Helping Hand|[of] p1b: LA FLAME\n|move|p2b: Meowstic|Yawn|p1a: Lil Xern\n|-start|p1a: Lil Xern|move: Yawn|[of] p2b: Meowstic\n|move|p1a: Lil Xern|Dazzling Gleam|p2b: Meowstic|[spread] p2a,p2b\n|-resisted|p2a: Aegislash|1\n|-damage|p2a: Aegislash|67/100\n|-damage|p2b: Meowstic|0 fnt\n|faint|p2b: Meowstic\n|-formechange|p2a: Aegislash|Aegislash-Blade|\n|move|p2a: Aegislash|Flash Cannon|p1a: Lil Xern\n|-supereffective|p1a: Lil Xern|1\n|-damage|p1a: Lil Xern|60/100\n|\n|-heal|p2a: Aegislash|73/100|[from] item: Leftovers\n|upkeep\n|\n|t:|1776288790\n|switch|p2b: Excadrill|Excadrill, L50, F|100/100\n|turn|3\n|inactive|YonkoLouis has 30 seconds left.\n|inactive|YonkoLouis has 20 seconds left.\n|\n|t:|1776288825\n|switch|p1a: Galadriel|Primarina, L50, F, shiny|100/100\n|move|p2b: Excadrill|Protect|p2b: Excadrill\n|-singleturn|p2b: Excadrill|Protect\n|-formechange|p2a: Aegislash|Aegislash|\n|move|p2a: Aegislash|King's Shield|p2a: Aegislash\n|-singleturn|p2a: Aegislash|Protect\n|move|p1b: LA FLAME|Tailwind|p1b: LA FLAME\n|-sidestart|p1: YonkoLouis|move: Tailwind\n|\n|-heal|p2a: Aegislash|80/100|[from] item: Leftovers\n|upkeep\n|turn|4\n|\n|t:|1776288849\n|switch|p2b: Sinistcha|Sinistcha, L50|100/100\n|-heal|p2a: Aegislash|100/100|[from] ability: Hospitality|[of] p2b: Sinistcha\n|move|p1b: LA FLAME|Helping Hand|p1a: Galadriel\n|-singleturn|p1a: Galadriel|Helping Hand|[of] p1b: LA FLAME\n|move|p1a: Galadriel|Hyper Voice|p2a: Aegislash|[spread] p2a,p2b\n|-resisted|p2b: Sinistcha|1\n|-damage|p2a: Aegislash|67/100\n|-damage|p2b: Sinistcha|68/100\n|-formechange|p2a: Aegislash|Aegislash-Blade|\n|move|p2a: Aegislash|Flash Cannon|p1b: LA FLAME\n|-supereffective|p1b: LA FLAME|1\n|-damage|p1b: LA FLAME|0 fnt\n|faint|p1b: LA FLAME\n|\n|-heal|p2a: Aegislash|73/100|[from] item: Leftovers\n|upkeep\n|inactive|YonkoLouis has 30 seconds left.\n|\n|t:|1776288876\n|switch|p1b: Lil Xern|Floette-Mega, L50, F|60/100\n|-ability|p1b: Lil Xern|Fairy Aura\n|turn|5\n|\n|t:|1776288897\n|move|p2a: Aegislash|Wide Guard|p2a: Aegislash\n|-singleturn|p2a: Aegislash|Wide Guard\n|move|p1b: Lil Xern|Dazzling Gleam|p2a: Aegislash|[spread] \n|-activate|p2a: Aegislash|move: Wide Guard\n|-activate|p2b: Sinistcha|move: Wide Guard\n|move|p1a: Galadriel|Moonblast|p2a: Aegislash\n|-resisted|p2a: Aegislash|1\n|-damage|p2a: Aegislash|36/100\n|move|p2b: Sinistcha|Matcha Gotcha|p1b: Lil Xern|[spread] p1a,p1b\n|-supereffective|p1a: Galadriel|1\n|-damage|p1a: Galadriel|58/100\n|-heal|p2b: Sinistcha|90/100|[from] drain|[of] p1a: Galadriel\n|-damage|p1b: Lil Xern|38/100\n|-heal|p2b: Sinistcha|99/100|[from] drain|[of] p1b: Lil Xern\n|\n|-heal|p2a: Aegislash|42/100|[from] item: Leftovers\n|upkeep\n|turn|6\n|inactive|YonkoLouis has 30 seconds left.\n|inactive|Jozato cx has 30 seconds left.\n|inactive|YonkoLouis has 20 seconds left.\n|inactive|YonkoLouis has 15 seconds left.\n|\n|t:|1776288943\n|move|p2b: Sinistcha|Rage Powder|p2b: Sinistcha\n|-singleturn|p2b: Sinistcha|move: Rage Powder\n|move|p1b: Lil Xern|Dazzling Gleam|p2a: Aegislash|[spread] p2a,p2b\n|-resisted|p2a: Aegislash|1\n|-damage|p2a: Aegislash|13/100\n|-damage|p2b: Sinistcha|45/100\n|move|p1a: Galadriel|Moonblast|p2b: Sinistcha\n|-damage|p2b: Sinistcha|0 fnt\n|faint|p2b: Sinistcha\n|move|p2a: Aegislash|Flash Cannon|p1b: Lil Xern\n|-supereffective|p1b: Lil Xern|1\n|-damage|p1b: Lil Xern|0 fnt\n|faint|p1b: Lil Xern\n|\n|-heal|p2a: Aegislash|20/100|[from] item: Leftovers\n|-sideend|p1: YonkoLouis|move: Tailwind\n|upkeep\n|\n|t:|1776288959\n|switch|p1b: Sisyphus|Goodra-Hisui, L50, F|100/100\n|switch|p2b: Excadrill|Excadrill, L50, F|100/100\n|turn|7\n|inactive|YonkoLouis has 30 seconds left.\n|\n|t:|1776288989\n|detailschange|p2b: Excadrill|Excadrill-Mega, L50, F\n|-mega|p2b: Excadrill|Excadrill|Excadrite\n|move|p1a: Galadriel|Protect|p1a: Galadriel\n|-singleturn|p1a: Galadriel|Protect\n|move|p2a: Aegislash|Wide Guard|p2a: Aegislash\n|-singleturn|p2a: Aegislash|Wide Guard\n|move|p2b: Excadrill|Earthquake|p1b: Sisyphus|[spread] p1b\n|-activate|p2a: Aegislash|move: Wide Guard\n|-activate|p1a: Galadriel|move: Protect\n|-supereffective|p1b: Sisyphus|1\n|-damage|p1b: Sisyphus|20/100\n|move|p1b: Sisyphus|Life Dew|p1b: Sisyphus|[spread] p1a,p1b\n|-heal|p1a: Galadriel|83/100\n|-heal|p1b: Sisyphus|45/100\n|\n|-heal|p1b: Sisyphus|51/100|[from] item: Leftovers\n|-heal|p2a: Aegislash|26/100|[from] item: Leftovers\n|upkeep\n|turn|8\n|inactive|YonkoLouis has 30 seconds left.\n|inactive|Jozato cx has 30 seconds left.\n|inactive|YonkoLouis has 20 seconds left.\n|\n|t:|1776289029\n|move|p2b: Excadrill|Swords Dance|p2b: Excadrill\n|-boost|p2b: Excadrill|atk|2\n|move|p1a: Galadriel|Hyper Voice|p2b: Excadrill|[spread] p2a,p2b\n|-supereffective|p2b: Excadrill|1\n|-damage|p2a: Aegislash|0 fnt\n|-damage|p2b: Excadrill|12/100\n|faint|p2a: Aegislash\n|move|p1b: Sisyphus|Body Press|p2b: Excadrill\n|-supereffective|p2b: Excadrill|1\n|-damage|p2b: Excadrill|0 fnt\n|faint|p2b: Excadrill\n|\n|win|YonkoLouis\n|raw|YonkoLouis's rating: 1000 &rarr; <strong>1047</strong><br />(+47 for winning)\n|raw|Jozato cx's rating: 1063 &rarr; <strong>1040</strong><br />(-23 for losing)\n|l|\u2606Jozato cx\n|player|p2|\n|c|\u2606YonkoLouis|gg\n",
  "uploadtime": 1776289070,
  "views": 20,
  "formatid": "gen9championsvgc2026regma",
  "rating": 1040,
  "private": 0,
  "password": null
}