{
  "id": "gen9championsvgc2026regma-2588479008",
  "format": "[Gen 9 Champions] VGC 2026 Reg M-A",
  "players": [
    "hgefii",
    "Zapdos79"
  ],
  "log": "|j|\u2606hgefii\n|j|\u2606Zapdos79\n|t:|1776637182\n|gametype|doubles\n|player|p1|hgefii|artist|1113\n|player|p2|Zapdos79|flannery|1093\n|gen|9\n|tier|[Gen 9 Champions] VGC 2026 Reg M-A\n|rated|\n|rule|Species Clause: Limit one of each Pok\u00e9mon\n|rule|Item Clause: Limit 1 of each item\n|clearpoke\n|poke|p1|Froslass, L50, F, shiny|\n|poke|p1|Chesnaught, L50, M, shiny|\n|poke|p1|Milotic, L50, F, shiny|\n|poke|p1|Incineroar, L50, M, shiny|\n|poke|p1|Garchomp, L50, F, shiny|\n|poke|p1|Sneasler, L50, M, shiny|\n|poke|p2|Tyranitar, L50, F|\n|poke|p2|Basculegion, L50, M|\n|poke|p2|Excadrill, L50, F|\n|poke|p2|Meganium, L50, M|\n|poke|p2|Farigiraf, L50, F|\n|poke|p2|Incineroar, L50, F|\n|teampreview|4\n|\n|t:|1776637263\n|teamsize|p1|4\n|teamsize|p2|4\n|start\n|switch|p1a: Chesnaught|Chesnaught, L50, M, shiny|100/100\n|switch|p1b: Garchomp|Garchomp, L50, F, shiny|100/100\n|switch|p2a: Farigiraf|Farigiraf, L50, F|100/100\n|switch|p2b: Basculegion|Basculegion, L50, M|100/100\n|turn|1\n|inactive|Battle timer is ON: inactive players will automatically lose when time's up. (requested by hgefii)\n|inactive|hgefii has 60 seconds left.\n|\n|t:|1776637300\n|detailschange|p1a: Chesnaught|Chesnaught-Mega, L50, M, shiny\n|-mega|p1a: Chesnaught|Chesnaught|Chesnaughtite\n|move|p2b: Basculegion|Flip Turn|p1b: Garchomp\n|-damage|p1b: Garchomp|65/100\n|-damage|p2b: Basculegion|88/100|[from] ability: Rough Skin|[of] p1b: Garchomp\n|\n|t:|1776637305\n|switch|p2b: Meganium|Meganium, L50, M|100/100|[from] Flip Turn\n|move|p1b: Garchomp|Rock Slide|p2b: Meganium|[spread] p2a,p2b\n|-damage|p2a: Farigiraf|77/100\n|-damage|p2b: Meganium|76/100\n|cant|p2a: Farigiraf|flinch\n|move|p1a: Chesnaught|Leech Seed|p2b: Meganium\n|-immune|p2b: Meganium\n|\n|-heal|p2a: Farigiraf|83/100|[from] item: Leftovers\n|upkeep\n|turn|2\n|inactive|hgefii has 30 seconds left.\n|inactive|hgefii has 20 seconds left.\n|\n|t:|1776637341\n|switch|p1b: Incineroar|Incineroar, L50, M, shiny|100/100\n|-ability|p1b: Incineroar|Intimidate|boost\n|-unboost|p2a: Farigiraf|atk|1\n|-unboost|p2b: Meganium|atk|1\n|detailschange|p2b: Meganium|Meganium-Mega, L50, M\n|-mega|p2b: Meganium|Meganium|Meganiumite\n|move|p1a: Chesnaught|Spiky Shield|p1a: Chesnaught\n|-singleturn|p1a: Chesnaught|move: Protect\n|move|p2b: Meganium|Dazzling Gleam|p1b: Incineroar|[spread] p1b\n|-activate|p1a: Chesnaught|move: Protect\n|-damage|p1b: Incineroar|71/100\n|move|p2a: Farigiraf|Thunder Wave|p1a: Chesnaught\n|-activate|p1a: Chesnaught|move: Protect\n|\n|-heal|p2a: Farigiraf|89/100|[from] item: Leftovers\n|upkeep\n|turn|3\n|inactive|hgefii has 30 seconds left.\n|\n|t:|1776637367\n|switch|p2b: Basculegion|Basculegion, L50, M|88/100\n|move|p1b: Incineroar|Throat Chop|p2a: Farigiraf\n|-supereffective|p2a: Farigiraf|1\n|-damage|p2a: Farigiraf|18/100\n|-start|p2a: Farigiraf|Throat Chop|[silent]\n|move|p2a: Farigiraf|Psychic|p1a: Chesnaught\n|-supereffective|p1a: Chesnaught|1\n|-damage|p1a: Chesnaught|59/100\n|move|p1a: Chesnaught|Leech Seed|p2a: Farigiraf\n|-start|p2a: Farigiraf|move: Leech Seed\n|\n|-heal|p2a: Farigiraf|24/100|[from] item: Leftovers\n|-damage|p2a: Farigiraf|12/100|[from] Leech Seed|[of] p1a: Chesnaught\n|-heal|p1a: Chesnaught|74/100|[silent]\n|upkeep\n|turn|4\n|inactive|hgefii has 30 seconds left.\n|inactive|Zapdos79 has 30 seconds left.\n|\n|t:|1776637399\n|switch|p1b: Milotic|Milotic, L50, F, shiny|100/100\n|switch|p2a: Tyranitar|Tyranitar, L50, F|100/100\n|-weather|Sandstorm|[from] ability: Sand Stream|[of] p2a: Tyranitar\n|move|p2b: Basculegion|Wave Crash|p1b: Milotic\n|-resisted|p1b: Milotic|1\n|-damage|p1b: Milotic|67/100\n|-damage|p2b: Basculegion|77/100|[from] Recoil\n|move|p1a: Chesnaught|Body Press|p2b: Basculegion\n|-immune|p2b: Basculegion\n|\n|-weather|Sandstorm|[upkeep]\n|-damage|p2b: Basculegion|71/100|[from] Sandstorm\n|-damage|p1b: Milotic|61/100|[from] Sandstorm\n|-damage|p1a: Chesnaught|68/100|[from] Sandstorm\n|-heal|p1b: Milotic|67/100|[from] item: Leftovers\n|upkeep\n|turn|5\n|\n|t:|1776637423\n|switch|p2b: Meganium|Meganium-Mega, L50, M|76/100\n|move|p2a: Tyranitar|Protect|p2a: Tyranitar\n|-singleturn|p2a: Tyranitar|Protect\n|move|p1b: Milotic|Scald|p2a: Tyranitar\n|-activate|p2a: Tyranitar|move: Protect\n|move|p1a: Chesnaught|Body Press|p2a: Tyranitar\n|-activate|p2a: Tyranitar|move: Protect\n|\n|-weather|Sandstorm|[upkeep]\n|-damage|p2b: Meganium|71/100|[from] Sandstorm\n|-damage|p1b: Milotic|61/100|[from] Sandstorm\n|-damage|p1a: Chesnaught|62/100|[from] Sandstorm\n|-heal|p1b: Milotic|67/100|[from] item: Leftovers\n|upkeep\n|turn|6\n|inactive|hgefii has 30 seconds left.\n|\n|t:|1776637449\n|move|p2b: Meganium|Dazzling Gleam|p1a: Chesnaught|[spread] p1a,p1b\n|-supereffective|p1a: Chesnaught|1\n|-damage|p1a: Chesnaught|12/100\n|-damage|p1b: Milotic|37/100\n|move|p2a: Tyranitar|Rock Slide|p1b: Milotic|[spread] p1b\n|-miss|p2a: Tyranitar|p1a: Chesnaught\n|-damage|p1b: Milotic|6/100\n|move|p1b: Milotic|Scald|p2a: Tyranitar\n|-supereffective|p2a: Tyranitar|1\n|-damage|p2a: Tyranitar|55/100\n|-status|p2a: Tyranitar|brn\n|move|p1a: Chesnaught|Leech Seed|p2a: Tyranitar\n|-start|p2a: Tyranitar|move: Leech Seed\n|\n|-weather|Sandstorm|[upkeep]\n|-damage|p2b: Meganium|65/100|[from] Sandstorm\n|-damage|p1b: Milotic|0 fnt|[from] Sandstorm\n|-damage|p1a: Chesnaught|6/100|[from] Sandstorm\n|faint|p1b: Milotic\n|-damage|p2a: Tyranitar|43/100 brn|[from] Leech Seed|[of] p1a: Chesnaught\n|-heal|p1a: Chesnaught|17/100|[silent]\n|-damage|p2a: Tyranitar|37/100 brn|[from] brn\n|upkeep\n|inactive|hgefii has 30 seconds left.\n|\n|t:|1776637475\n|switch|p1b: Incineroar|Incineroar, L50, M, shiny|71/100\n|-ability|p1b: Incineroar|Intimidate|boost\n|-unboost|p2a: Tyranitar|atk|1\n|-unboost|p2b: Meganium|atk|1\n|turn|7\n|\n|t:|1776637488\n|switch|p2b: Farigiraf|Farigiraf, L50, F|12/100\n|move|p1a: Chesnaught|Spiky Shield|p1a: Chesnaught\n|-singleturn|p1a: Chesnaught|move: Protect\n|move|p2a: Tyranitar|Rock Slide|p1b: Incineroar|[spread] p1b\n|-activate|p1a: Chesnaught|move: Protect\n|-supereffective|p1b: Incineroar|1\n|-damage|p1b: Incineroar|50/100\n|-enditem|p1b: Incineroar|Sitrus Berry|[eat]\n|-heal|p1b: Incineroar|75/100|[from] item: Sitrus Berry\n|move|p1b: Incineroar|Flare Blitz|p2b: Farigiraf\n|-damage|p2b: Farigiraf|0 fnt\n|faint|p2b: Farigiraf\n|-damage|p1b: Incineroar|71/100|[from] Recoil\n|\n|-weather|Sandstorm|[upkeep]\n|-damage|p1b: Incineroar|65/100|[from] Sandstorm\n|-damage|p1a: Chesnaught|11/100|[from] Sandstorm\n|-damage|p2a: Tyranitar|24/100 brn|[from] Leech Seed|[of] p1a: Chesnaught\n|-heal|p1a: Chesnaught|23/100|[silent]\n|-damage|p2a: Tyranitar|18/100 brn|[from] brn\n|upkeep\n|\n|t:|1776637505\n|switch|p2b: Basculegion|Basculegion, L50, M|71/100\n|turn|8\n|inactive|hgefii has 30 seconds left.\n|\n|t:|1776637535\n|switch|p1a: Garchomp|Garchomp, L50, F, shiny|65/100\n|move|p2b: Basculegion|Last Respects|p1a: Garchomp\n|-damage|p1a: Garchomp|5/100\n|move|p2a: Tyranitar|Breaking Swipe|p1a: Garchomp|[spread] p1a,p1b\n|-supereffective|p1a: Garchomp|1\n|-damage|p1a: Garchomp|0 fnt\n|-damage|p1b: Incineroar|59/100\n|-unboost|p1b: Incineroar|atk|1\n|-damage|p2a: Tyranitar|6/100 brn|[from] ability: Rough Skin|[of] p1a: Garchomp\n|faint|p1a: Garchomp\n|move|p1b: Incineroar|Throat Chop|p2b: Basculegion\n|-supereffective|p2b: Basculegion|1\n|-damage|p2b: Basculegion|13/100\n|-start|p2b: Basculegion|Throat Chop|[silent]\n|\n|-weather|none\n|-damage|p2a: Tyranitar|0 fnt|[from] brn\n|faint|p2a: Tyranitar\n|upkeep\n|\n|t:|1776637554\n|switch|p1a: Chesnaught|Chesnaught-Mega, L50, M, shiny|23/100\n|switch|p2a: Meganium|Meganium-Mega, L50, M|65/100\n|turn|9\n|inactive|hgefii has 30 seconds left.\n|\n|t:|1776637582\n|move|p2b: Basculegion|Last Respects|p1b: Incineroar\n|-resisted|p1b: Incineroar|1\n|-damage|p1b: Incineroar|19/100\n|move|p2a: Meganium|Dazzling Gleam|p1b: Incineroar|[spread] p1a,p1b\n|-supereffective|p1a: Chesnaught|1\n|-crit|p1b: Incineroar\n|-damage|p1a: Chesnaught|0 fnt\n|-damage|p1b: Incineroar|0 fnt\n|faint|p1a: Chesnaught\n|faint|p1b: Incineroar\n|\n|win|Zapdos79\n|raw|hgefii's rating: 1113 &rarr; <strong>1087</strong><br />(-26 for losing)\n|raw|Zapdos79's rating: 1093 &rarr; <strong>1121</strong><br />(+28 for winning)\n|l|\u2606hgefii\n|player|p1|\n",
  "uploadtime": 1776637593,
  "views": 18,
  "formatid": "gen9championsvgc2026regma",
  "rating": 1087,
  "private": 0,
  "password": null
}