{
  "id": "gen9championsvgc2026regma-2582004130",
  "format": "[Gen 9 Champions] VGC 2026 Reg M-A",
  "players": [
    "rip_meme",
    "Ivyzinha089"
  ],
  "log": "|j|\u2606rip_meme\n|j|\u2606Ivyzinha089\n|html|<table width=\"100%\"><tr><td align=\"left\">rip_meme</td><td align=\"right\">Ivyzinha089</tr><tr><td align=\"left\"><i class=\"fa fa-circle-o\"></i> <i class=\"fa fa-circle-o\"></i> </td><td align=\"right\"><i class=\"fa fa-circle-o\"></i> <i class=\"fa fa-circle-o\"></i> </tr></table>\n|uhtml|bestof|<h2><strong>Game 1</strong> of <a href=\"/game-bestof3-gen9championsvgc2026regma-2582004129\">a best-of-3</a></h2>\n|t:|1776047474\n|gametype|doubles\n|player|p1|rip_meme|colress|\n|player|p2|Ivyzinha089|dawn|\n|gen|9\n|tier|[Gen 9 Champions] VGC 2026 Reg M-A\n|rule|Species Clause: Limit one of each Pok\u00e9mon\n|rule|Item Clause: Limit 1 of each item\n|raw|<div class=\"infobox\"><details class=\"readmore\" open><summary><strong>1 custom rule:</strong></summary> Best of = 3</details></div>\n|clearpoke\n|poke|p1|Excadrill, L50, F|\n|poke|p1|Tyranitar, L50, M|\n|poke|p1|Clefable, L50, M|\n|poke|p1|Sneasler, L50, M|\n|poke|p1|Rotom-Wash, L50|\n|poke|p1|Kommo-o, L50, M|\n|poke|p2|Froslass, L50, F|\n|poke|p2|Sneasler, L50, F|\n|poke|p2|Kingambit, L50, F|\n|poke|p2|Garchomp, L50, M|\n|poke|p2|Whimsicott, L50, M|\n|poke|p2|Milotic, L50, M|\n|teampreview|4\n|inactive|Battle timer is ON: inactive players will automatically lose when time's up. (requested by Ivyzinha089)\n|inactive|rip_meme has 60 seconds left.\n|\n|t:|1776047533\n|teamsize|p1|4\n|teamsize|p2|4\n|start\n|switch|p1a: Rotom|Rotom-Wash, L50, shiny|100/100\n|switch|p1b: Sneasler|Sneasler, L50, M, shiny|100/100\n|switch|p2a: Sneasler|Sneasler, L50, F|100/100\n|switch|p2b: Froslass|Froslass, L50, F|100/100\n|turn|1\n|\n|t:|1776047552\n|move|p2b: Froslass|Protect|p2b: Froslass\n|-singleturn|p2b: Froslass|Protect\n|move|p2a: Sneasler|Protect|p2a: Sneasler\n|-singleturn|p2a: Sneasler|Protect\n|move|p1b: Sneasler|Fake Out|p2a: Sneasler\n|-activate|p2a: Sneasler|move: Protect\n|move|p1a: Rotom|Will-O-Wisp|p2a: Sneasler\n|-activate|p2a: Sneasler|move: Protect\n|\n|upkeep\n|turn|2\n|inactive|rip_meme has 30 seconds left.\n|inactive|Ivyzinha089 has 30 seconds left.\n|\n|t:|1776047585\n|switch|p2a: Garchomp|Garchomp, L50, M|100/100\n|switch|p1a: Tyranitar|Tyranitar, L50, M|100/100\n|-weather|Sandstorm|[from] ability: Sand Stream|[of] p1a: Tyranitar\n|detailschange|p2b: Froslass|Froslass-Mega, L50, F\n|-mega|p2b: Froslass|Froslass|Froslassite\n|-weather|Snowscape|[from] ability: Snow Warning|[of] p2b: Froslass\n|move|p2b: Froslass|Aurora Veil|p2b: Froslass\n|-sidestart|p2: Ivyzinha089|move: Aurora Veil\n|move|p1b: Sneasler|Close Combat|p2a: Garchomp\n|-damage|p2a: Garchomp|61/100\n|-unboost|p1b: Sneasler|def|1\n|-unboost|p1b: Sneasler|spd|1\n|-damage|p1b: Sneasler|88/100|[from] ability: Rough Skin|[of] p2a: Garchomp\n|-enditem|p1b: Sneasler|White Herb\n|-clearnegativeboost|p1b: Sneasler|[silent]\n|\n|-weather|Snowscape|[upkeep]\n|upkeep\n|turn|3\n|c|\u2606rip_meme|?????\n|inactive|rip_meme has 30 seconds left.\n|inactive|Ivyzinha089 has 30 seconds left.\n|c|\u2606rip_meme|Era pra eu s\u00f3 ter trocado dps de vc mega evoluir cara\n|c|\u2606rip_meme|Q porra \u00e9 essa\n|inactive|rip_meme has 20 seconds left.\n|inactive|rip_meme has 15 seconds left.\n|inactive|Ivyzinha089 has 20 seconds left.\n|inactive|rip_meme has 10 seconds left.\n|inactive|Ivyzinha089 has 15 seconds left.\n|inactive|rip_meme has 5 seconds left.\n|inactive|Ivyzinha089 has 10 seconds left.\n|\n|t:|1776047639\n|switch|p2b: Milotic|Milotic, L50, M|100/100\n|detailschange|p1a: Tyranitar|Tyranitar-Mega, L50, M\n|-mega|p1a: Tyranitar|Tyranitar|Tyranitarite\n|-weather|Sandstorm|[from] ability: Sand Stream|[of] p1a: Tyranitar\n|move|p1b: Sneasler|Protect|p1b: Sneasler\n|-singleturn|p1b: Sneasler|Protect\n|move|p2a: Garchomp|Dragon Claw|p1a: Tyranitar\n|-damage|p1a: Tyranitar|75/100\n|move|p1a: Tyranitar|Knock Off|p2a: Garchomp\n|-damage|p2a: Garchomp|15/100\n|-damage|p1a: Tyranitar|63/100|[from] ability: Rough Skin|[of] p2a: Garchomp\n|-enditem|p2a: Garchomp|Soft Sand|[from] move: Knock Off|[of] p1a: Tyranitar\n|\n|-weather|Sandstorm|[upkeep]\n|-damage|p1b: Sneasler|82/100|[from] Sandstorm\n|-damage|p2b: Milotic|95/100|[from] Sandstorm\n|-heal|p2b: Milotic|100/100|[from] item: Leftovers\n|upkeep\n|turn|4\n|inactive|rip_meme has 30 seconds left.\n|inactive|Ivyzinha089 has 30 seconds left.\n|\n|t:|1776047673\n|switch|p2a: Froslass|Froslass-Mega, L50, F|100/100\n|-weather|Snowscape|[from] ability: Snow Warning|[of] p2a: Froslass\n|move|p1b: Sneasler|Close Combat|p2a: Froslass\n|-immune|p2a: Froslass\n|move|p2b: Milotic|Muddy Water|p1a: Tyranitar|[spread] p1b\n|-miss|p2b: Milotic|p1a: Tyranitar\n|-crit|p1b: Sneasler\n|-damage|p1b: Sneasler|26/100\n|move|p1a: Tyranitar|Rock Slide|p2a: Froslass|[spread] p2a\n|-miss|p1a: Tyranitar|p2b: Milotic\n|-supereffective|p2a: Froslass|1\n|-damage|p2a: Froslass|47/100\n|\n|-weather|Snowscape|[upkeep]\n|upkeep\n|turn|5\n|inactive|rip_meme has 30 seconds left.\n|\n|t:|1776047702\n|switch|p2a: Sneasler|Sneasler, L50, F|100/100\n|switch|p1a: Rotom|Rotom-Wash, L50, shiny|100/100\n|move|p1b: Sneasler|Close Combat|p2b: Milotic\n|-damage|p2b: Milotic|55/100\n|-unboost|p1b: Sneasler|def|1\n|-unboost|p1b: Sneasler|spd|1\n|move|p2b: Milotic|Muddy Water|p1a: Rotom|[spread] p1a,p1b\n|-resisted|p1a: Rotom|1\n|-damage|p1a: Rotom|85/100\n|-damage|p1b: Sneasler|0 fnt\n|faint|p1b: Sneasler\n|\n|-weather|Snowscape|[upkeep]\n|-heal|p1a: Rotom|91/100|[from] item: Leftovers\n|-heal|p2b: Milotic|61/100|[from] item: Leftovers\n|upkeep\n|\n|t:|1776047718\n|switch|p1b: Excadrill|Excadrill, L50, F|100/100\n|turn|6\n|\n|t:|1776047730\n|move|p1b: Excadrill|Protect|p1b: Excadrill\n|-singleturn|p1b: Excadrill|Protect\n|move|p2a: Sneasler|Close Combat|p1a: Rotom\n|-damage|p1a: Rotom|16/100\n|-unboost|p2a: Sneasler|def|1\n|-unboost|p2a: Sneasler|spd|1\n|-enditem|p2a: Sneasler|White Herb\n|-clearnegativeboost|p2a: Sneasler|[silent]\n|move|p1a: Rotom|Will-O-Wisp|p2a: Sneasler\n|-status|p2a: Sneasler|brn\n|move|p2b: Milotic|Icy Wind|p1a: Rotom|[spread] p1a\n|-activate|p1b: Excadrill|move: Protect\n|-resisted|p1a: Rotom|1\n|-damage|p1a: Rotom|10/100\n|-unboost|p1a: Rotom|spe|1\n|\n|-weather|Snowscape|[upkeep]\n|-heal|p2b: Milotic|67/100|[from] item: Leftovers\n|-heal|p1a: Rotom|16/100|[from] item: Leftovers\n|-damage|p2a: Sneasler|95/100 brn|[from] brn\n|-sideend|p2: Ivyzinha089|move: Aurora Veil\n|upkeep\n|turn|7\n|inactive|rip_meme has 30 seconds left.\n|inactive|Ivyzinha089 has 30 seconds left.\n|\n|t:|1776047765\n|move|p1a: Rotom|Protect|p1a: Rotom\n|-singleturn|p1a: Rotom|Protect\n|move|p2a: Sneasler|Close Combat|p1b: Excadrill\n|-supereffective|p1b: Excadrill|1\n|-enditem|p1b: Excadrill|Focus Sash\n|-damage|p1b: Excadrill|1/100\n|-unboost|p2a: Sneasler|def|1\n|-unboost|p2a: Sneasler|spd|1\n|move|p1b: Excadrill|Earthquake|p2a: Sneasler|[spread] p2a,p2b\n|-activate|p1a: Rotom|move: Protect\n|-supereffective|p2a: Sneasler|1\n|-damage|p2a: Sneasler|0 fnt\n|-damage|p2b: Milotic|22/100\n|faint|p2a: Sneasler\n|move|p2b: Milotic|Muddy Water|p1b: Excadrill|[spread] p1b\n|-activate|p1a: Rotom|move: Protect\n|-supereffective|p1b: Excadrill|1\n|-damage|p1b: Excadrill|0 fnt\n|faint|p1b: Excadrill\n|\n|-weather|Snowscape|[upkeep]\n|-heal|p2b: Milotic|28/100|[from] item: Leftovers\n|-heal|p1a: Rotom|22/100|[from] item: Leftovers\n|upkeep\n|\n|t:|1776047786\n|switch|p2a: Garchomp|Garchomp, L50, M|15/100\n|switch|p1b: Tyranitar|Tyranitar-Mega, L50, M|63/100\n|-weather|Sandstorm|[from] ability: Sand Stream|[of] p1b: Tyranitar\n|turn|8\n|\n|t:|1776047797\n|move|p2b: Milotic|Protect|p2b: Milotic\n|-singleturn|p2b: Milotic|Protect\n|move|p2a: Garchomp|Dragon Claw|p1a: Rotom\n|-damage|p1a: Rotom|0 fnt\n|faint|p1a: Rotom\n|move|p1b: Tyranitar|Rock Slide|p2a: Garchomp|[spread] p2a\n|-activate|p2b: Milotic|move: Protect\n|-resisted|p2a: Garchomp|1\n|-damage|p2a: Garchomp|0 fnt\n|faint|p2a: Garchomp\n|\n|-weather|Sandstorm|[upkeep]\n|-damage|p2b: Milotic|22/100|[from] Sandstorm\n|-heal|p2b: Milotic|28/100|[from] item: Leftovers\n|upkeep\n|\n|t:|1776047808\n|switch|p2a: Froslass|Froslass-Mega, L50, F|47/100\n|-weather|Snowscape|[from] ability: Snow Warning|[of] p2a: Froslass\n|turn|9\n|\n|t:|1776047813\n|move|p2a: Froslass|Blizzard|p1b: Tyranitar\n|-damage|p1b: Tyranitar|21/100\n|move|p2b: Milotic|Scald|p1b: Tyranitar\n|-supereffective|p1b: Tyranitar|1\n|-damage|p1b: Tyranitar|0 fnt\n|faint|p1b: Tyranitar\n|\n|win|Ivyzinha089\n||rip_meme is ready for game 2.\n|inactive|Ivyzinha089 has 30 seconds to confirm battle start!\n||Ivyzinha089 is ready for game 2.\n|uhtml|next|Next: <a href=\"/battle-gen9championsvgc2026regma-2582007790\"><strong>Game 2 of 3</strong></a>\n|l|\u2606Ivyzinha089\n|player|p2|\n|l|\u2606rip_meme\n|player|p1|\n|j|\u2606Ivyzinha089\n|player|p2|Ivyzinha089|dawn|\n|l|\u2606Ivyzinha089\n|player|p2|\n|j|\u2606Ivyzinha089\n|player|p2|Ivyzinha089|dawn|\n",
  "uploadtime": 1776049166,
  "views": 14,
  "formatid": "gen9championsvgc2026regma",
  "rating": null,
  "private": 0,
  "password": null
}