{
  "id": "gen9championsvgc2026regma-2587935940",
  "format": "[Gen 9 Champions] VGC 2026 Reg M-A",
  "players": [
    "flunglikeahorse",
    "Uber Threat"
  ],
  "log": "|j|\u2606flunglikeahorse\n|j|\u2606Uber Threat\n|t:|1776581477\n|gametype|doubles\n|player|p1|flunglikeahorse|lysandre-masters|1474\n|player|p2|Uber Threat|101|1426\n|gen|9\n|tier|[Gen 9 Champions] VGC 2026 Reg M-A\n|rated|\n|rule|Species Clause: Limit one of each Pok\u00e9mon\n|rule|Item Clause: Limit 1 of each item\n|clearpoke\n|poke|p1|Sneasler, L50, M|\n|poke|p1|Basculegion, L50, M|\n|poke|p1|Kingambit, L50, M|\n|poke|p1|Pelipper, L50, F|\n|poke|p1|Blastoise, L50, M|\n|poke|p1|Sinistcha, L50|\n|poke|p2|Emboar, L50, F|\n|poke|p2|Ninetales-Alola, L50, F|\n|poke|p2|Tsareena, L50, F|\n|poke|p2|Sneasler, L50, F|\n|poke|p2|Dragapult, L50, F|\n|poke|p2|Gyarados, L50, M|\n|teampreview|4\n|inactive|Battle timer is ON: inactive players will automatically lose when time's up. (requested by Uber Threat)\n|\n|t:|1776581522\n|teamsize|p1|4\n|teamsize|p2|4\n|start\n|switch|p1a: Basculegion|Basculegion, L50, M|100/100\n|switch|p1b: Sneasler|Sneasler, L50, M|100/100\n|switch|p2a: Dragapult|Dragapult, L50, F|100/100\n|switch|p2b: Sneasler|Sneasler, L50, F|100/100\n|turn|1\n|\n|t:|1776581536\n|move|p1b: Sneasler|Fake Out|p2b: Sneasler\n|-damage|p2b: Sneasler|79/100\n|move|p1a: Basculegion|Last Respects|p2a: Dragapult\n|-supereffective|p2a: Dragapult|1\n|-damage|p2a: Dragapult|15/100\n|move|p2a: Dragapult|Dragon Dance|p2a: Dragapult\n|-boost|p2a: Dragapult|atk|1\n|-boost|p2a: Dragapult|spe|1\n|cant|p2b: Sneasler|flinch\n|\n|upkeep\n|turn|2\n|inactive|flunglikeahorse has 30 seconds left.\n|inactive|Uber Threat has 30 seconds left.\n|inactive|Uber Threat has 20 seconds left.\n|inactive|Uber Threat has 15 seconds left.\n|\n|t:|1776581577\n|switch|p1a: Kingambit|Kingambit, L50, M|100/100\n|move|p2a: Dragapult|Protect|p2a: Dragapult\n|-singleturn|p2a: Dragapult|Protect\n|move|p1b: Sneasler|Close Combat|p2b: Sneasler\n|-resisted|p2b: Sneasler|1\n|-damage|p2b: Sneasler|28/100\n|-unboost|p1b: Sneasler|def|1\n|-unboost|p1b: Sneasler|spd|1\n|-enditem|p1b: Sneasler|White Herb\n|-clearnegativeboost|p1b: Sneasler|[silent]\n|move|p2b: Sneasler|Coaching|p2a: Dragapult\n|-boost|p2a: Dragapult|atk|1\n|-boost|p2a: Dragapult|def|1\n|\n|upkeep\n|turn|3\n|\n|t:|1776581599\n|switch|p2b: Tsareena|Tsareena, L50, F|100/100\n|move|p1a: Kingambit|Sucker Punch||[still]\n|cant|p2b: Tsareena|ability: Queenly Majesty|Sucker Punch|[of] p1a: Kingambit\n|move|p1b: Sneasler|Close Combat|p2b: Tsareena\n|-damage|p2b: Tsareena|22/100\n|-unboost|p1b: Sneasler|def|1\n|-unboost|p1b: Sneasler|spd|1\n|move|p2a: Dragapult|Dragon Darts|p1a: Kingambit\n|-resisted|p1a: Kingambit|1\n|-damage|p1a: Kingambit|75/100\n|-anim|p2a: Dragapult|Dragon Darts|p1b: Sneasler\n|-damage|p1b: Sneasler|0 fnt\n|faint|p1b: Sneasler\n|\n|upkeep\n|\n|t:|1776581608\n|switch|p1b: Pelipper|Pelipper, L50, F|100/100\n|-weather|RainDance|[from] ability: Drizzle|[of] p1b: Pelipper\n|turn|4\n|inactive|Uber Threat has 30 seconds left.\n|inactive|Uber Threat has 20 seconds left.\n|inactive|Uber Threat has 15 seconds left.\n|inactive|Uber Threat has 10 seconds left.\n|\n|t:|1776581655\n|switch|p1a: Basculegion|Basculegion, L50, M|100/100\n|move|p1b: Pelipper|Wide Guard|p1b: Pelipper\n|-singleturn|p1b: Pelipper|Wide Guard\n|move|p2a: Dragapult|Dragon Darts|p1a: Basculegion\n|-damage|p1a: Basculegion|20/100\n|-anim|p2a: Dragapult|Dragon Darts|p1b: Pelipper\n|-damage|p1b: Pelipper|48/100\n|move|p2b: Tsareena|Trop Kick|p1b: Pelipper\n|-damage|p1b: Pelipper|12/100\n|-unboost|p1b: Pelipper|atk|1\n|\n|-weather|RainDance|[upkeep]\n|upkeep\n|turn|5\n|inactive|flunglikeahorse has 30 seconds left.\n|inactive|Uber Threat has 30 seconds left.\n|inactive|flunglikeahorse has 20 seconds left.\n|\n|t:|1776581694\n|move|p2a: Dragapult|Dragon Darts|p1a: Basculegion\n|-damage|p1a: Basculegion|0 fnt\n|-anim|p2a: Dragapult|Dragon Darts|p1b: Pelipper\n|-damage|p1b: Pelipper|0 fnt\n|faint|p1a: Basculegion\n|faint|p1b: Pelipper\n|move|p2b: Tsareena|Trop Kick|p1: Basculegion|[notarget]\n|-fail|p2b: Tsareena\n|\n|-weather|RainDance|[upkeep]\n|upkeep\n|\n|t:|1776581696\n|switch|p1b: Kingambit|Kingambit, L50, M|75/100\n|turn|6\n|-message|flunglikeahorse forfeited.\n|\n|win|Uber Threat\n|raw|flunglikeahorse's rating: 1474 &rarr; <strong>1451</strong><br />(-23 for losing)\n|raw|Uber Threat's rating: 1426 &rarr; <strong>1449</strong><br />(+23 for winning)\n|l|\u2606flunglikeahorse\n|player|p1|\n|l|\u2606Uber Threat\n|player|p2|\n",
  "uploadtime": 1776581717,
  "views": 18,
  "formatid": "gen9championsvgc2026regma",
  "rating": 1449,
  "private": 0,
  "password": null
}