{
  "id": "gen9championsvgc2026regma-2589468393",
  "format": "[Gen 9 Champions] VGC 2026 Reg M-A",
  "players": [
    "Arthuro145",
    "LeviDelta2024"
  ],
  "log": "|j|\u2606Arthuro145\n|j|\u2606LeviDelta2024\n|t:|1776725658\n|gametype|doubles\n|player|p1|Arthuro145|266|1103\n|player|p2|LeviDelta2024|riley|1043\n|gen|9\n|tier|[Gen 9 Champions] VGC 2026 Reg M-A\n|rated|\n|rule|Species Clause: Limit one of each Pok\u00e9mon\n|rule|Item Clause: Limit 1 of each item\n|clearpoke\n|poke|p1|Ampharos, L50, M|\n|poke|p1|Pelipper, L50, M|\n|poke|p1|Maushold, L50|\n|poke|p1|Archaludon, L50, M|\n|poke|p1|Tauros-Paldea-Aqua, L50, M|\n|poke|p1|Scizor, L50, M|\n|poke|p2|Lucario, L50, M|\n|poke|p2|Clefable, L50, F|\n|poke|p2|Aerodactyl, L50, M, shiny|\n|poke|p2|Mimikyu, L50, M, shiny|\n|poke|p2|Sneasler, L50, F|\n|poke|p2|Garchomp, L50, M|\n|teampreview|4\n|inactive|Battle timer is ON: inactive players will automatically lose when time's up. (requested by Arthuro145)\n|\n|t:|1776725688\n|teamsize|p1|4\n|teamsize|p2|4\n|start\n|switch|p1a: Scizor|Scizor, L50, M|100/100\n|switch|p1b: Maushold|Maushold, L50|100/100\n|switch|p2a: Mimikyu|Mimikyu, L50, M, shiny|100/100\n|switch|p2b: Lucario|Lucario, L50, M|100/100\n|turn|1\n|\n|t:|1776725712\n|detailschange|p1a: Scizor|Scizor-Mega, L50, M\n|-mega|p1a: Scizor|Scizor|Scizorite\n|move|p1b: Maushold|Follow Me|p1b: Maushold\n|-singleturn|p1b: Maushold|move: Follow Me\n|move|p2a: Mimikyu|Beat Up|p1b: Maushold\n|-damage|p1b: Maushold|96/100\n|-damage|p1b: Maushold|89/100\n|-damage|p1b: Maushold|83/100\n|-damage|p1b: Maushold|77/100\n|-hitcount|p1b: Maushold|4\n|move|p2b: Lucario|Rock Slide|p1a: Scizor|[spread] p1a,p1b\n|-damage|p1a: Scizor|91/100\n|-damage|p1b: Maushold|50/100\n|cant|p1a: Scizor|flinch\n|\n|upkeep\n|turn|2\n|-activate|p2a: Mimikyu|item: Quick Claw\n|\n|t:|1776725734\n|move|p1b: Maushold|Follow Me|p1b: Maushold\n|-singleturn|p1b: Maushold|move: Follow Me\n|move|p2a: Mimikyu|Beat Up|p1b: Maushold\n|-damage|p1b: Maushold|45/100\n|-damage|p1b: Maushold|39/100\n|-damage|p1b: Maushold|32/100\n|-damage|p1b: Maushold|25/100\n|-hitcount|p1b: Maushold|4\n|move|p2b: Lucario|Rock Slide|p1a: Scizor|[spread] p1b\n|-miss|p2b: Lucario|p1a: Scizor\n|-damage|p1b: Maushold|0 fnt\n|faint|p1b: Maushold\n|move|p1a: Scizor|Swords Dance|p1a: Scizor\n|-boost|p1a: Scizor|atk|2\n|\n|upkeep\n|\n|t:|1776725745\n|switch|p1b: Pelipper|Pelipper, L50, M|100/100\n|-weather|RainDance|[from] ability: Drizzle|[of] p1b: Pelipper\n|turn|3\n|\n|t:|1776725761\n|move|p1a: Scizor|Bullet Punch|p2b: Lucario\n|-resisted|p2b: Lucario|1\n|-damage|p2b: Lucario|32/100\n|move|p2a: Mimikyu|Beat Up|p2b: Lucario\n|-resisted|p2b: Lucario|1\n|-damage|p2b: Lucario|29/100\n|-ability|p2b: Lucario|Justified|boost\n|-boost|p2b: Lucario|atk|1\n|-resisted|p2b: Lucario|1\n|-damage|p2b: Lucario|27/100\n|-ability|p2b: Lucario|Justified|boost\n|-boost|p2b: Lucario|atk|1\n|-resisted|p2b: Lucario|1\n|-damage|p2b: Lucario|23/100\n|-ability|p2b: Lucario|Justified|boost\n|-boost|p2b: Lucario|atk|1\n|-resisted|p2b: Lucario|1\n|-damage|p2b: Lucario|20/100\n|-ability|p2b: Lucario|Justified|boost\n|-boost|p2b: Lucario|atk|1\n|-hitcount|p2b: Lucario|4\n|move|p2b: Lucario|Rock Slide|p1b: Pelipper|[spread] p1a,p1b\n|-supereffective|p1b: Pelipper|1\n|-damage|p1a: Scizor|55/100\n|-damage|p1b: Pelipper|0 fnt\n|faint|p1b: Pelipper\n|\n|-weather|RainDance|[upkeep]\n|upkeep\n|\n|t:|1776725767\n|switch|p1b: Tauros|Tauros-Paldea-Aqua, L50, M|100/100\n|-ability|p1b: Tauros|Intimidate|boost\n|-unboost|p2a: Mimikyu|atk|1\n|-unboost|p2b: Lucario|atk|1\n|turn|4\n|\n|t:|1776725781\n|switch|p2a: Sneasler|Sneasler, L50, F|100/100\n|detailschange|p2b: Lucario|Lucario-Mega, L50, M\n|-mega|p2b: Lucario|Lucario|Lucarionite\n|move|p2b: Lucario|Bullet Punch|p1a: Scizor\n|-resisted|p1a: Scizor|1\n|-damage|p1a: Scizor|28/100\n|move|p1b: Tauros|Aqua Jet|p2b: Lucario\n|-damage|p2b: Lucario|0 fnt\n|faint|p2b: Lucario\n|move|p1a: Scizor|Bullet Punch|p2a: Sneasler\n|-crit|p2a: Sneasler\n|-enditem|p2a: Sneasler|Focus Sash\n|-damage|p2a: Sneasler|1/100\n|\n|-weather|RainDance|[upkeep]\n|upkeep\n|\n|t:|1776725795\n|switch|p2b: Garchomp|Garchomp, L50, M|100/100\n|turn|5\n|\n|t:|1776725801\n|move|p2a: Sneasler|Fake Out|p1a: Scizor\n|-resisted|p1a: Scizor|1\n|-damage|p1a: Scizor|22/100\n|cant|p1a: Scizor|flinch\n|move|p2b: Garchomp|Dragon Claw|p1b: Tauros\n|-damage|p1b: Tauros|55/100\n|move|p1b: Tauros|Wave Crash|p2b: Garchomp\n|-damage|p2b: Garchomp|16/100\n|-damage|p1b: Tauros|43/100|[from] ability: Rough Skin|[of] p2b: Garchomp\n|-damage|p1b: Tauros|9/100|[from] Recoil\n|\n|-weather|RainDance|[upkeep]\n|upkeep\n|turn|6\n|\n|t:|1776725821\n|move|p2a: Sneasler|Quick Guard|p2a: Sneasler\n|-singleturn|p2a: Sneasler|Quick Guard\n|move|p1b: Tauros|Aqua Jet|p2a: Sneasler\n|-activate|p2a: Sneasler|move: Quick Guard\n|move|p1a: Scizor|Bullet Punch|p2b: Garchomp\n|-activate|p2b: Garchomp|move: Quick Guard\n|move|p2b: Garchomp|Dragon Claw|p1b: Tauros\n|-damage|p1b: Tauros|0 fnt\n|faint|p1b: Tauros\n|\n|-weather|RainDance|[upkeep]\n|upkeep\n|turn|7\n|-message|Arthuro145 forfeited.\n|\n|win|LeviDelta2024\n|raw|Arthuro145's rating: 1132 &rarr; <strong>1101</strong><br />(-31 for losing)\n|raw|LeviDelta2024's rating: 1043 &rarr; <strong>1085</strong><br />(+42 for winning)\n|l|\u2606Arthuro145\n|player|p1|\n",
  "uploadtime": 1776725841,
  "views": 8,
  "formatid": "gen9championsvgc2026regma",
  "rating": 1085,
  "private": 0,
  "password": null
}