{
  "id": "gen9championsvgc2026regma-2585066045",
  "format": "[Gen 9 Champions] VGC 2026 Reg M-A",
  "players": [
    "toxicwyvern",
    "Gosuguy"
  ],
  "log": "|j|\u2606toxicwyvern\n|j|\u2606Gosuguy\n|t:|1776308283\n|gametype|doubles\n|player|p1|toxicwyvern|170|1170\n|player|p2|Gosuguy|steven|1159\n|gen|9\n|tier|[Gen 9 Champions] VGC 2026 Reg M-A\n|rated|\n|rule|Species Clause: Limit one of each Pok\u00e9mon\n|rule|Item Clause: Limit 1 of each item\n|clearpoke\n|poke|p1|Whimsicott, L50, M|\n|poke|p1|Typhlosion, L50, F|\n|poke|p1|Incineroar, L50, F|\n|poke|p1|Charizard, L50, F|\n|poke|p1|Milotic, L50, M|\n|poke|p1|Sinistcha, L50|\n|poke|p2|Delphox, L50, M|\n|poke|p2|Basculegion, L50, M|\n|poke|p2|Clefable, L50, F|\n|poke|p2|Kingambit, L50, M|\n|poke|p2|Dragonite, L50, F|\n|poke|p2|Sneasler, L50, F|\n|teampreview|4\n|inactive|Battle timer is ON: inactive players will automatically lose when time's up. (requested by Gosuguy)\ntoxicwyvern rejected open team sheets.\n|inactive|Gosuguy has 60 seconds left.\n|\n|t:|1776308343\n|teamsize|p1|4\n|teamsize|p2|4\n|start\n|switch|p1a: Whimsicott|Whimsicott, L50, M|100/100\n|switch|p1b: Incineroar|Incineroar, L50, F|100/100\n|switch|p2a: Dragonite|Dragonite, L50, F|100/100\n|switch|p2b: Delphox|Delphox, L50, M|100/100\n|-ability|p1b: Incineroar|Intimidate|boost\n|-unboost|p2a: Dragonite|atk|1\n|-unboost|p2b: Delphox|atk|1\n|turn|1\n|inactive|toxicwyvern has 30 seconds left.\n|inactive|Gosuguy has 30 seconds left.\n|\n|t:|1776308372\n|detailschange|p2b: Delphox|Delphox-Mega, L50, M\n|-mega|p2b: Delphox|Delphox|Delphoxite\n|move|p2b: Delphox|Protect|p2b: Delphox\n|-singleturn|p2b: Delphox|Protect\n|move|p2a: Dragonite|Protect|p2a: Dragonite\n|-singleturn|p2a: Dragonite|Protect\n|move|p1a: Whimsicott|Moonblast|p2a: Dragonite\n|-activate|p2a: Dragonite|move: Protect\n|move|p1b: Incineroar|Snarl|p2a: Dragonite|[spread] \n|-activate|p2a: Dragonite|move: Protect\n|-activate|p2b: Delphox|move: Protect\n|\n|upkeep\n|turn|2\n|inactive|Gosuguy has 30 seconds left.\n|\n|t:|1776308401\n|switch|p2b: Sneasler|Sneasler, L50, F|100/100\n|move|p1a: Whimsicott|Tailwind|p1a: Whimsicott\n|-sidestart|p1: toxicwyvern|move: Tailwind\n|move|p1b: Incineroar|Snarl|p2b: Sneasler|[spread] p2a,p2b\n|-resisted|p2b: Sneasler|1\n|-damage|p2a: Dragonite|94/100\n|-damage|p2b: Sneasler|92/100\n|-unboost|p2a: Dragonite|spa|1\n|-unboost|p2b: Sneasler|spa|1\n|move|p2a: Dragonite|Scale Shot|p1b: Incineroar\n|-damage|p1b: Incineroar|92/100\n|-damage|p1b: Incineroar|82/100\n|-damage|p1b: Incineroar|73/100\n|-damage|p1b: Incineroar|64/100\n|-hitcount|p1b: Incineroar|4\n|-unboost|p2a: Dragonite|def|1\n|-boost|p2a: Dragonite|spe|1\n|\n|upkeep\n|turn|3\n|inactive|Gosuguy has 30 seconds left.\n|\n|t:|1776308430\n|move|p1a: Whimsicott|Moonblast|p2b: Sneasler\n|-damage|p2b: Sneasler|41/100\n|-unboost|p2b: Sneasler|spa|1\n|move|p2a: Dragonite|Scale Shot|p1b: Incineroar\n|-damage|p1b: Incineroar|54/100\n|-damage|p1b: Incineroar|46/100\n|-enditem|p1b: Incineroar|Sitrus Berry|[eat]\n|-heal|p1b: Incineroar|70/100|[from] item: Sitrus Berry\n|-hitcount|p1b: Incineroar|2\n|-unboost|p2a: Dragonite|def|1\n|-boost|p2a: Dragonite|spe|1\n|move|p2b: Sneasler|Close Combat|p1b: Incineroar\n|-supereffective|p1b: Incineroar|1\n|-damage|p1b: Incineroar|0 fnt\n|-unboost|p2b: Sneasler|def|1\n|-unboost|p2b: Sneasler|spd|1\n|faint|p1b: Incineroar\n|\n|upkeep\n|\n|t:|1776308448\n|switch|p1b: Charizard|Charizard, L50, F|100/100\n|turn|4\n|\n|t:|1776308465\n|detailschange|p1b: Charizard|Charizard-Mega-Y, L50, F\n|-mega|p1b: Charizard|Charizard|Charizardite Y\n|-weather|SunnyDay|[from] ability: Drought|[of] p1b: Charizard\n|move|p1a: Whimsicott|Moonblast|p2a: Dragonite\n|-supereffective|p2a: Dragonite|1\n|-damage|p2a: Dragonite|22/100\n|move|p1b: Charizard|Heat Wave|p2a: Dragonite|[spread] p2a,p2b\n|-resisted|p2a: Dragonite|1\n|-damage|p2a: Dragonite|0 fnt\n|-damage|p2b: Sneasler|0 fnt\n|faint|p2a: Dragonite\n|faint|p2b: Sneasler\n|\n|-weather|SunnyDay|[upkeep]\n|upkeep\n|\n|t:|1776308478\n|switch|p2b: Basculegion|Basculegion, L50, M|100/100\n|switch|p2a: Delphox|Delphox-Mega, L50, M|100/100\n|turn|5\n|\n|t:|1776308494\n|move|p2a: Delphox|Protect|p2a: Delphox\n|-singleturn|p2a: Delphox|Protect\n|move|p1a: Whimsicott|Moonblast|p2b: Basculegion\n|-damage|p2b: Basculegion|58/100\n|move|p1b: Charizard|Solar Beam||[still]\n|-prepare|p1b: Charizard|Solar Beam\n|-anim|p1b: Charizard|Solar Beam|p2b: Basculegion\n|-supereffective|p2b: Basculegion|1\n|-damage|p2b: Basculegion|0 fnt\n|faint|p2b: Basculegion\n|\n|-weather|SunnyDay|[upkeep]\n|-sideend|p1: toxicwyvern|move: Tailwind\n|upkeep\n|turn|6\n|\n|t:|1776308505\n|move|p1a: Whimsicott|Tailwind|p1a: Whimsicott\n|-sidestart|p1: toxicwyvern|move: Tailwind\n|move|p1b: Charizard|Weather Ball|p2a: Delphox\n|-resisted|p2a: Delphox|1\n|-damage|p2a: Delphox|58/100\n|move|p2a: Delphox|Heat Wave|p1a: Whimsicott|[spread] p1a,p1b\n|-supereffective|p1a: Whimsicott|1\n|-resisted|p1b: Charizard|1\n|-enditem|p1a: Whimsicott|Focus Sash\n|-damage|p1a: Whimsicott|1/100\n|-damage|p1b: Charizard|69/100\n|-status|p1a: Whimsicott|brn\n|\n|-weather|SunnyDay|[upkeep]\n|-damage|p1a: Whimsicott|0 fnt|[from] brn\n|faint|p1a: Whimsicott\n|upkeep\n|\n|t:|1776308507\n|switch|p1a: Typhlosion|Typhlosion, L50, F|100/100\n|turn|7\n|\n|t:|1776308519\n|move|p1b: Charizard|Weather Ball|p1a: Typhlosion\n|-start|p1a: Typhlosion|ability: Flash Fire\n|move|p1a: Typhlosion|Eruption|p2a: Delphox\n|-resisted|p2a: Delphox|1\n|-damage|p2a: Delphox|0 fnt\n|faint|p2a: Delphox\n|\n|win|toxicwyvern\n|raw|toxicwyvern's rating: 1170 &rarr; <strong>1194</strong><br />(+24 for winning)\n|raw|Gosuguy's rating: 1159 &rarr; <strong>1135</strong><br />(-24 for losing)\n|c|\u2606toxicwyvern|gg wp\n|l|\u2606Gosuguy\n|player|p2|\n",
  "uploadtime": 1776308537,
  "views": 31,
  "formatid": "gen9championsvgc2026regma",
  "rating": 1135,
  "private": 0,
  "password": null
}