{
  "id": "gen9championsvgc2026regma-2587790948",
  "format": "[Gen 9 Champions] VGC 2026 Reg M-A",
  "players": [
    "MegVGC",
    "KilamanolaVGC"
  ],
  "log": "|j|\u2606MegVGC\n|j|\u203dKilamanolaVGC\n|t:|1776564343\n|gametype|doubles\n|player|p1|MegVGC|170|1363\n|player|p2|KilamanolaVGC|benga|1276\n|gen|9\n|tier|[Gen 9 Champions] VGC 2026 Reg M-A\n|rated|\n|rule|Species Clause: Limit one of each Pok\u00e9mon\n|rule|Item Clause: Limit 1 of each item\n|clearpoke\n|poke|p1|Glimmora, L50, F|\n|poke|p1|Delphox, L50, F|\n|poke|p1|Whimsicott, L50, M|\n|poke|p1|Milotic, L50, M|\n|poke|p1|Roserade, L50, F|\n|poke|p1|Krookodile, L50, M|\n|poke|p2|Scovillain, L50, M, shiny|\n|poke|p2|Sneasler, L50, M, shiny|\n|poke|p2|Pelipper, L50, M, shiny|\n|poke|p2|Basculegion, L50, M|\n|poke|p2|Aerodactyl, L50, M, shiny|\n|poke|p2|Archaludon, L50, F, shiny|\n|teampreview|4\n|inactive|Battle timer is ON: inactive players will automatically lose when time's up. (requested by KilamanolaVGC)\n|inactive|MegVGC has 60 seconds left.\n|inactive|KilamanolaVGC has 60 seconds left.\n|\n|t:|1776564385\n|teamsize|p1|4\n|teamsize|p2|4\n|start\n|switch|p1a: Krookodile|Krookodile, L50, M|100/100\n|switch|p1b: Roserade|Roserade, L50, F|100/100\n|switch|p2a: Aerodactyl|Aerodactyl, L50, M, shiny|100/100\n|switch|p2b: Pelipper|Pelipper, L50, M, shiny|100/100\n|-ability|p1a: Krookodile|Intimidate|boost\n|-unboost|p2a: Aerodactyl|atk|1\n|-unboost|p2b: Pelipper|atk|1\n|-weather|RainDance|[from] ability: Drizzle|[of] p2b: Pelipper\n|turn|1\n|\n|t:|1776564397\n|detailschange|p2a: Aerodactyl|Aerodactyl-Mega, L50, M, shiny\n|-mega|p2a: Aerodactyl|Aerodactyl|Aerodactylite\n|move|p2a: Aerodactyl|Tailwind|p2a: Aerodactyl\n|-sidestart|p2: KilamanolaVGC|move: Tailwind\n|move|p1a: Krookodile|Rock Slide|p2a: Aerodactyl|[spread] p2a,p2b\n|-supereffective|p2a: Aerodactyl|1\n|-supereffective|p2b: Pelipper|1\n|-damage|p2a: Aerodactyl|55/100\n|-damage|p2b: Pelipper|68/100\n|move|p2b: Pelipper|Weather Ball|p1a: Krookodile\n|-supereffective|p1a: Krookodile|1\n|-damage|p1a: Krookodile|0 fnt\n|faint|p1a: Krookodile\n|move|p1b: Roserade|Giga Drain|p2a: Aerodactyl\n|-damage|p2a: Aerodactyl|8/100\n|\n|-weather|RainDance|[upkeep]\n|upkeep\n|\n|t:|1776564408\n|switch|p1a: Milotic|Milotic, L50, M|100/100\n|turn|2\n|\n|t:|1776564423\n|move|p2b: Pelipper|Protect|p2b: Pelipper\n|-singleturn|p2b: Pelipper|Protect\n|move|p1b: Roserade|Protect|p1b: Roserade\n|-singleturn|p1b: Roserade|Protect\n|move|p2a: Aerodactyl|Dual Wingbeat|p1b: Roserade\n|-activate|p1b: Roserade|move: Protect\n|move|p1a: Milotic|Icy Wind|p2b: Pelipper|[spread] p2a\n|-activate|p2b: Pelipper|move: Protect\n|-supereffective|p2a: Aerodactyl|1\n|-damage|p2a: Aerodactyl|0 fnt\n|faint|p2a: Aerodactyl\n|\n|-weather|RainDance|[upkeep]\n|upkeep\n|\n|t:|1776564428\n|switch|p2a: Archaludon|Archaludon, L50, F, shiny|100/100\n|turn|3\n|\n|t:|1776564433\n|move|p1a: Milotic|Protect|p1a: Milotic\n|-singleturn|p1a: Milotic|Protect\n|move|p2a: Archaludon|Electro Shot||[still]\n|-prepare|p2a: Archaludon|Electro Shot\n|-boost|p2a: Archaludon|spa|1\n|-anim|p2a: Archaludon|Electro Shot|p1a: Milotic\n|-activate|p1a: Milotic|move: Protect\n|move|p2b: Pelipper|Hurricane|p1b: Roserade\n|-supereffective|p1b: Roserade|1\n|-damage|p1b: Roserade|0 fnt\n|faint|p1b: Roserade\n|\n|-weather|RainDance|[upkeep]\n|upkeep\n|\n|t:|1776564444\n|switch|p1b: Glimmora|Glimmora, L50, F|100/100\n|turn|4\n|\n|t:|1776564447\n|switch|p2b: Basculegion|Basculegion, L50, M|100/100\n|move|p1b: Glimmora|Spiky Shield|p1b: Glimmora\n|-singleturn|p1b: Glimmora|move: Protect\n|move|p1a: Milotic|Protect|p1a: Milotic\n|-singleturn|p1a: Milotic|Protect\n|move|p2a: Archaludon|Electro Shot||[still]\n|-prepare|p2a: Archaludon|Electro Shot\n|-boost|p2a: Archaludon|spa|1\n|-anim|p2a: Archaludon|Electro Shot|p1a: Milotic\n|-activate|p1a: Milotic|move: Protect\n|\n|-weather|RainDance|[upkeep]\n|-sideend|p2: KilamanolaVGC|move: Tailwind\n|upkeep\n|turn|5\n|\n|t:|1776564462\n|detailschange|p1b: Glimmora|Glimmora-Mega, L50, F\n|-mega|p1b: Glimmora|Glimmora|Glimmoranite\n|move|p2b: Basculegion|Liquidation|p1b: Glimmora\n|-supereffective|p1b: Glimmora|1\n|-damage|p1b: Glimmora|0 fnt\n|faint|p1b: Glimmora\n|move|p2a: Archaludon|Electro Shot||[still]\n|-prepare|p2a: Archaludon|Electro Shot\n|-boost|p2a: Archaludon|spa|1\n|-anim|p2a: Archaludon|Electro Shot|p1a: Milotic\n|-supereffective|p1a: Milotic|1\n|-damage|p1a: Milotic|0 fnt\n|faint|p1a: Milotic\n|\n|win|KilamanolaVGC\n|raw|MegVGC's rating: 1363 &rarr; <strong>1338</strong><br />(-25 for losing)\n|raw|KilamanolaVGC's rating: 1276 &rarr; <strong>1307</strong><br />(+31 for winning)\n|l|\u2606MegVGC\n|player|p1|\n",
  "uploadtime": 1776564487,
  "views": 21,
  "formatid": "gen9championsvgc2026regma",
  "rating": 1307,
  "private": 0,
  "password": null
}