{
  "id": "gen9championsvgc2026regma-2583224994",
  "format": "[Gen 9 Champions] VGC 2026 Reg M-A",
  "players": [
    "biludbiludbilud",
    "I\u2764\ufe0f\u5a1c\u7984Forever"
  ],
  "log": "|j|\u2606biludbiludbilud\n|j|\u2606I\u2764\ufe0f\u5a1c\u7984Forever\n|t:|1776156733\n|gametype|doubles\n|player|p1|biludbiludbilud|lucas|1342\n|player|p2|I\u2764\ufe0f\u5a1c\u7984Forever|youngcouple-gen4dp|1455\n|gen|9\n|tier|[Gen 9 Champions] VGC 2026 Reg M-A\n|rated|\n|rule|Species Clause: Limit one of each Pok\u00e9mon\n|rule|Item Clause: Limit 1 of each item\n|clearpoke\n|poke|p1|Blastoise, L50, F|\n|poke|p1|Garchomp, L50, F|\n|poke|p1|Sneasler, L50, F|\n|poke|p1|Sylveon, L50, F|\n|poke|p1|Sinistcha, L50|\n|poke|p1|Talonflame, L50, F|\n|poke|p2|Sylveon, L50, F|\n|poke|p2|Wyrdeer, L50, M|\n|poke|p2|Whimsicott, L50, M|\n|poke|p2|Blastoise, L50, M|\n|poke|p2|Archaludon, L50, F|\n|poke|p2|Aegislash, L50, M|\n|teampreview|4\n|inactive|Battle timer is ON: inactive players will automatically lose when time's up. (requested by biludbiludbilud)\n|\n|t:|1776156753\n|teamsize|p1|4\n|teamsize|p2|4\n|start\n|switch|p1a: Blastoise|Blastoise, L50, F|100/100\n|switch|p1b: Talonflame|Talonflame, L50, F|100/100\n|switch|p2a: Whimsicott|Whimsicott, L50, M|100/100\n|switch|p2b: Blastoise|Blastoise, L50, M|100/100\n|turn|1\n|j| LittleNorth\n|inactive|biludbiludbilud has 30 seconds left.\n|\n|t:|1776156779\n|detailschange|p1a: Blastoise|Blastoise-Mega, L50, F\n|-mega|p1a: Blastoise|Blastoise|Blastoisinite\n|move|p2b: Blastoise|Protect|p2b: Blastoise\n|-singleturn|p2b: Blastoise|Protect\n|move|p1b: Talonflame|Dual Wingbeat|p2a: Whimsicott\n|-supereffective|p2a: Whimsicott|1\n|-damage|p2a: Whimsicott|41/100\n|-supereffective|p2a: Whimsicott|1\n|-damage|p2a: Whimsicott|0 fnt\n|faint|p2a: Whimsicott\n|-hitcount|p2: Whimsicott|2\n|move|p1a: Blastoise|Ice Beam|p2b: Blastoise\n|-activate|p2b: Blastoise|move: Protect\n|\n|upkeep\n|inactive|I\u2764\ufe0f\u5a1c\u7984Forever has 30 seconds left.\n|inactive|I\u2764\ufe0f\u5a1c\u7984Forever has 20 seconds left.\n|\n|t:|1776156815\n|switch|p2a: Archaludon|Archaludon, L50, F|100/100\n|turn|2\n|\n|t:|1776156824\n|detailschange|p2b: Blastoise|Blastoise-Mega, L50, M\n|-mega|p2b: Blastoise|Blastoise|Blastoisinite\n|move|p1b: Talonflame|Tailwind|p1b: Talonflame\n|-sidestart|p1: biludbiludbilud|move: Tailwind\n|move|p1a: Blastoise|Water Spout|p2a: Archaludon|[spread] p2a,p2b\n|-resisted|p2a: Archaludon|1\n|-resisted|p2b: Blastoise|1\n|-crit|p2b: Blastoise\n|-damage|p2a: Archaludon|44/100\n|-damage|p2b: Blastoise|56/100\n|move|p2a: Archaludon|Thunderbolt|p1a: Blastoise\n|-supereffective|p1a: Blastoise|1\n|-damage|p1a: Blastoise|43/100\n|move|p2b: Blastoise|Water Spout|p1b: Talonflame|[spread] p1a,p1b\n|-resisted|p1a: Blastoise|1\n|-supereffective|p1b: Talonflame|1\n|-damage|p1a: Blastoise|27/100\n|-damage|p1b: Talonflame|0 fnt\n|faint|p1b: Talonflame\n|\n|upkeep\n|\n|t:|1776156829\n|switch|p1b: Sneasler|Sneasler, L50, F|100/100\n|turn|3\n|\n|t:|1776156852\n|switch|p2a: Aegislash|Aegislash, L50, M|100/100\n|move|p2b: Blastoise|Protect|p2b: Blastoise\n|-singleturn|p2b: Blastoise|Protect\n|move|p1b: Sneasler|Close Combat|p2b: Blastoise\n|-activate|p2b: Blastoise|move: Protect\n|move|p1a: Blastoise|Dark Pulse|p2a: Aegislash\n|-supereffective|p2a: Aegislash|1\n|-damage|p2a: Aegislash|27/100\n|\n|-heal|p2a: Aegislash|33/100|[from] item: Leftovers\n|upkeep\n|turn|4\n|inactive|I\u2764\ufe0f\u5a1c\u7984Forever has 30 seconds left.\n|\n|t:|1776156886\n|move|p2a: Aegislash|King's Shield|p2a: Aegislash\n|-singleturn|p2a: Aegislash|Protect\n|move|p1b: Sneasler|Close Combat|p2b: Blastoise\n|-damage|p2b: Blastoise|0 fnt\n|-unboost|p1b: Sneasler|def|1\n|-unboost|p1b: Sneasler|spd|1\n|faint|p2b: Blastoise\n|-enditem|p1b: Sneasler|White Herb\n|-clearnegativeboost|p1b: Sneasler|[silent]\n|move|p1a: Blastoise|Dark Pulse|p2a: Aegislash\n|-activate|p2a: Aegislash|move: Protect\n|\n|-heal|p2a: Aegislash|39/100|[from] item: Leftovers\n|upkeep\n|\n|t:|1776156904\n|switch|p2b: Archaludon|Archaludon, L50, F|44/100\n|turn|5\n|\n|t:|1776156923\n|move|p1b: Sneasler|Close Combat|p2b: Archaludon\n|-supereffective|p2b: Archaludon|1\n|-damage|p2b: Archaludon|0 fnt\n|-unboost|p1b: Sneasler|def|1\n|-unboost|p1b: Sneasler|spd|1\n|faint|p2b: Archaludon\n|move|p1a: Blastoise|Dark Pulse|p2a: Aegislash\n|-supereffective|p2a: Aegislash|1\n|-damage|p2a: Aegislash|0 fnt\n|faint|p2a: Aegislash\n|\n|win|biludbiludbilud\n|raw|biludbiludbilud's rating: 1380 &rarr; <strong>1404</strong><br />(+24 for winning)\n|raw|I\u2764\ufe0f\u5a1c\u7984Forever's rating: 1455 &rarr; <strong>1431</strong><br />(-24 for losing)\n",
  "uploadtime": 1776156933,
  "views": 41,
  "formatid": "gen9championsvgc2026regma",
  "rating": 1404,
  "private": 0,
  "password": null
}