{
  "id": "gen9championsvgc2026regma-2582535323",
  "format": "[Gen 9 Champions] VGC 2026 Reg M-A",
  "players": [
    "Solaris231231",
    "Jackbenimble"
  ],
  "log": "|j|\u2606Solaris231231\n|j|\u2606Jackbenimble\n|t:|1776097866\n|gametype|doubles\n|player|p1|Solaris231231|1|1195\n|player|p2|Jackbenimble|170|1184\n|gen|9\n|tier|[Gen 9 Champions] VGC 2026 Reg M-A\n|rated|\n|rule|Species Clause: Limit one of each Pok\u00e9mon\n|rule|Item Clause: Limit 1 of each item\n|clearpoke\n|poke|p1|Scovillain, L50, F|\n|poke|p1|Garchomp, L50, F|\n|poke|p1|Primarina, L50, F|\n|poke|p1|Kingambit, L50, M|\n|poke|p1|Dragonite, L50, M|\n|poke|p1|Sneasler, L50, M|\n|poke|p2|Lopunny, L50, F|\n|poke|p2|Gengar, L50, M|\n|poke|p2|Farigiraf, L50, F|\n|poke|p2|Crabominable, L50, M|\n|poke|p2|Arcanine, L50, M|\n|poke|p2|Aggron, L50, M|\n|teampreview|4\n|inactive|Battle timer is ON: inactive players will automatically lose when time's up. (requested by Jackbenimble)\n|\n|t:|1776097934\n|teamsize|p1|4\n|teamsize|p2|4\n|start\n|switch|p1a: Scovillain|Scovillain, L50, F|100/100\n|switch|p1b: Sneasler|Sneasler, L50, M|100/100\n|switch|p2a: Lopunny|Lopunny, L50, F, shiny|100/100\n|switch|p2b: Arcanine|Arcanine, L50, M, shiny|100/100\n|-ability|p2b: Arcanine|Intimidate|boost\n|-unboost|p1a: Scovillain|atk|1\n|-unboost|p1b: Sneasler|atk|1\n|turn|1\n|\n|t:|1776097957\n|switch|p2a: Gengar|Gengar, L50, M|100/100\n|switch|p1b: Primarina|Primarina, L50, F|100/100\n|move|p1a: Scovillain|Protect|p1a: Scovillain\n|-singleturn|p1a: Scovillain|Protect\n|move|p2b: Arcanine|Flare Blitz|p1b: Primarina\n|-resisted|p1b: Primarina|1\n|-damage|p1b: Primarina|70/100\n|-damage|p2b: Arcanine|89/100|[from] Recoil\n|\n|-heal|p1b: Primarina|76/100|[from] item: Leftovers\n|-ability|p1a: Scovillain|Moody|boost\n|-boost|p1a: Scovillain|spd|2\n|-unboost|p1a: Scovillain|spe|1\n|upkeep\n|turn|2\n|inactive|Solaris231231 has 30 seconds left.\n|\n|t:|1776097990\n|switch|p1a: Garchomp|Garchomp, L50, F|100/100\n|move|p1b: Primarina|Protect|p1b: Primarina\n|-singleturn|p1b: Primarina|Protect\n|move|p2a: Gengar|Sludge Bomb|p1b: Primarina\n|-activate|p1b: Primarina|move: Protect\n|move|p2b: Arcanine|Flare Blitz|p1a: Garchomp\n|-resisted|p1a: Garchomp|1\n|-damage|p1a: Garchomp|73/100\n|-status|p1a: Garchomp|brn\n|-enditem|p1a: Garchomp|Lum Berry|[eat]\n|-curestatus|p1a: Garchomp|brn|[msg]\n|-damage|p2b: Arcanine|77/100|[from] ability: Rough Skin|[of] p1a: Garchomp\n|-damage|p2b: Arcanine|67/100|[from] Recoil\n|\n|-heal|p1b: Primarina|82/100|[from] item: Leftovers\n|upkeep\n|turn|3\n|inactive|Solaris231231 has 30 seconds left.\n|\n|t:|1776098021\n|switch|p1b: Sneasler|Sneasler, L50, M|100/100\n|move|p2b: Arcanine|Extreme Speed|p1a: Garchomp\n|-damage|p1a: Garchomp|49/100\n|-damage|p2b: Arcanine|54/100|[from] ability: Rough Skin|[of] p1a: Garchomp\n|move|p2a: Gengar|Shadow Ball|p1a: Garchomp\n|-damage|p1a: Garchomp|0 fnt\n|faint|p1a: Garchomp\n|\n|upkeep\n|\n|t:|1776098038\n|switch|p1a: Primarina|Primarina, L50, F|82/100\n|turn|4\n|\n|t:|1776098049\n|move|p1b: Sneasler|Fake Out|p2b: Arcanine\n|-damage|p2b: Arcanine|34/100\n|cant|p2b: Arcanine|flinch\n|move|p2a: Gengar|Sludge Bomb|p1a: Primarina\n|-supereffective|p1a: Primarina|1\n|-damage|p1a: Primarina|4/100\n|move|p1a: Primarina|Hyper Voice|p2b: Arcanine|[spread] p2a,p2b\n|-supereffective|p2b: Arcanine|1\n|-damage|p2a: Gengar|40/100\n|-damage|p2b: Arcanine|0 fnt\n|faint|p2b: Arcanine\n|\n|-heal|p1a: Primarina|10/100|[from] item: Leftovers\n|upkeep\n|\n|t:|1776098064\n|switch|p2b: Lopunny|Lopunny, L50, F, shiny|100/100\n|turn|5\n|\n|t:|1776098076\n|detailschange|p2b: Lopunny|Lopunny-Mega, L50, F, shiny\n|-mega|p2b: Lopunny|Lopunny|Lopunnite\n|move|p1a: Primarina|Protect|p1a: Primarina\n|-singleturn|p1a: Primarina|Protect\n|move|p2b: Lopunny|Fake Out|p1b: Sneasler\n|-damage|p1b: Sneasler|66/100\n|move|p2a: Gengar|Sludge Bomb|p1a: Primarina\n|-activate|p1a: Primarina|move: Protect\n|cant|p1b: Sneasler|flinch\n|\n|-heal|p1a: Primarina|15/100|[from] item: Leftovers\n|upkeep\n|turn|6\n|inactive|Jackbenimble has 30 seconds left.\n|\n|t:|1776098110\n|move|p2b: Lopunny|Close Combat|p1a: Primarina\n|-resisted|p1a: Primarina|1\n|-damage|p1a: Primarina|0 fnt\n|-unboost|p2b: Lopunny|def|1\n|-unboost|p2b: Lopunny|spd|1\n|faint|p1a: Primarina\n|move|p2a: Gengar|Shadow Ball|p1b: Sneasler\n|-damage|p1b: Sneasler|4/100\n|move|p1b: Sneasler|Close Combat|p2b: Lopunny\n|-supereffective|p2b: Lopunny|1\n|-damage|p2b: Lopunny|0 fnt\n|-unboost|p1b: Sneasler|def|1\n|-unboost|p1b: Sneasler|spd|1\n|faint|p2b: Lopunny\n|\n|upkeep\n|\n|t:|1776098124\n|switch|p2b: Farigiraf|Farigiraf, L50, F|100/100\n|switch|p1a: Scovillain|Scovillain, L50, F|100/100\n|turn|7\n|inactive|Solaris231231 has 30 seconds left.\n|\n|t:|1776098149\n|move|p2a: Gengar|Protect|p2a: Gengar\n|-singleturn|p2a: Gengar|Protect\n|move|p1a: Scovillain|Protect|p1a: Scovillain\n|-singleturn|p1a: Scovillain|Protect\n|move|p1b: Sneasler|Dire Claw|p2b: Farigiraf\n|-damage|p2b: Farigiraf|67/100\n|move|p2b: Farigiraf|Hyper Voice|p1b: Sneasler|[spread] p1b\n|-activate|p1a: Scovillain|move: Protect\n|-damage|p1b: Sneasler|0 fnt\n|faint|p1b: Sneasler\n|\n|-ability|p1a: Scovillain|Moody|boost\n|-boost|p1a: Scovillain|spe|2\n|-unboost|p1a: Scovillain|atk|1\n|upkeep\n|turn|8\n|\n|t:|1776098171\n|detailschange|p1a: Scovillain|Scovillain-Mega, L50, F\n|-mega|p1a: Scovillain|Scovillain|Scovillainite\n|move|p1a: Scovillain|Flamethrower|p2a: Gengar\n|-damage|p2a: Gengar|0 fnt\n|-start|p1a: Scovillain|Disable|Flamethrower|[from] ability: Cursed Body|[of] p2a: Gengar\n|faint|p2a: Gengar\n|move|p2b: Farigiraf|Hyper Voice|p1a: Scovillain\n|-damage|p1a: Scovillain|69/100\n|-status|p2b: Farigiraf|brn|[from] ability: Spicy Spray|[of] p1a: Scovillain\n|\n|-damage|p2b: Farigiraf|61/100 brn|[from] brn\n|upkeep\n|turn|9\n|\n|t:|1776098188\n|move|p1a: Scovillain|Giga Drain|p2b: Farigiraf\n|-damage|p2b: Farigiraf|28/100 brn\n|-heal|p1a: Scovillain|91/100|[from] drain|[of] p2b: Farigiraf\n|move|p2b: Farigiraf|Trick Room|p2b: Farigiraf\n|-fieldstart|move: Trick Room|[of] p2b: Farigiraf\n|\n|-damage|p2b: Farigiraf|22/100 brn|[from] brn\n|upkeep\n|turn|10\n|\n|t:|1776098195\n|move|p1a: Scovillain|Protect|p1a: Scovillain\n|-singleturn|p1a: Scovillain|Protect\n|move|p2b: Farigiraf|Hyper Voice|p1a: Scovillain\n|-activate|p1a: Scovillain|move: Protect\n|\n|-damage|p2b: Farigiraf|15/100 brn|[from] brn\n|upkeep\n|turn|11\n|\n|t:|1776098209\n|move|p2b: Farigiraf|Hyper Voice|p1a: Scovillain\n|-damage|p1a: Scovillain|58/100\n|move|p1a: Scovillain|Giga Drain|p2b: Farigiraf\n|-damage|p2b: Farigiraf|0 fnt\n|-heal|p1a: Scovillain|68/100|[from] drain|[of] p2b: Farigiraf\n|faint|p2b: Farigiraf\n|\n|win|Solaris231231\n|raw|Solaris231231's rating: 1195 &rarr; <strong>1219</strong><br />(+24 for winning)\n|raw|Jackbenimble's rating: 1184 &rarr; <strong>1160</strong><br />(-24 for losing)\n",
  "uploadtime": 1776098217,
  "views": 15,
  "formatid": "gen9championsvgc2026regma",
  "rating": 1160,
  "private": 0,
  "password": null
}