{
  "id": "gen9championsvgc2026regma-2582496397",
  "format": "[Gen 9 Champions] VGC 2026 Reg M-A",
  "players": [
    "Rocket Bear",
    "BIGUMS"
  ],
  "log": "|j|\u2606Rocket Bear\n|j|\u2606BIGUMS\n|t:|1776095409\n|gametype|doubles\n|player|p1|Rocket Bear|2|1047\n|player|p2|BIGUMS|170|1059\n|gen|9\n|tier|[Gen 9 Champions] VGC 2026 Reg M-A\n|rated|\n|rule|Species Clause: Limit one of each Pok\u00e9mon\n|rule|Item Clause: Limit 1 of each item\n|clearpoke\n|poke|p1|Crabominable, L50, F|\n|poke|p1|Incineroar, L50, M|\n|poke|p1|Pelipper, L50, M|\n|poke|p1|Sneasler, L50, M|\n|poke|p1|Basculegion-F, L50, F|\n|poke|p1|Farigiraf, L50, M|\n|poke|p2|Alakazam, L50, F|\n|poke|p2|Meowstic, L50, M|\n|poke|p2|Gardevoir, L50, F|\n|poke|p2|Sneasler, L50, M|\n|poke|p2|Incineroar, L50, M|\n|poke|p2|Maushold, L50|\n|teampreview|4\nRocket Bear has agreed to open team sheets.\n|\n|t:|1776095442\n|teamsize|p1|4\n|teamsize|p2|4\n|start\n|switch|p1a: Incineroar|Incineroar, L50, M|100/100\n|switch|p1b: Farigiraf|Farigiraf, L50, M|100/100\n|switch|p2a: Meowstic|Meowstic, L50, M|100/100\n|switch|p2b: Sneasler|Sneasler, L50, M|100/100\n|-ability|p1a: Incineroar|Intimidate|boost\n|-unboost|p2a: Meowstic|atk|1\n|-unboost|p2b: Sneasler|atk|1\n|-enditem|p2b: Sneasler|White Herb\n|-clearnegativeboost|p2b: Sneasler|[silent]\n|turn|1\n|\n|t:|1776095469\n|move|p1a: Incineroar|Fake Out|p2b: Sneasler\n|-damage|p2b: Sneasler|82/100\n|move|p2a: Meowstic|Reflect|p2a: Meowstic\n|-sidestart|p2: BIGUMS|Reflect\n|cant|p2b: Sneasler|flinch\n|move|p1b: Farigiraf|Twin Beam|p2b: Sneasler\n|-supereffective|p2b: Sneasler|2\n|-damage|p2b: Sneasler|0 fnt\n|faint|p2b: Sneasler\n|-hitcount|p2: Sneasler|1\n|\n|upkeep\n|\n|t:|1776095489\n|switch|p2b: Incineroar|Incineroar, L50, M|100/100\n|-ability|p2b: Incineroar|Intimidate|boost\n|-unboost|p1a: Incineroar|atk|1\n|-unboost|p1b: Farigiraf|atk|1\n|turn|2\n|\n|t:|1776095501\n|move|p1b: Farigiraf|Helping Hand|p1a: Incineroar\n|-singleturn|p1a: Incineroar|Helping Hand|[of] p1b: Farigiraf\n|move|p2a: Meowstic|Psychic Terrain|p2a: Meowstic\n|-fieldstart|move: Psychic Terrain\n|move|p1a: Incineroar|Darkest Lariat|p2a: Meowstic\n|-supereffective|p2a: Meowstic|1\n|-damage|p2a: Meowstic|58/100\n|move|p2b: Incineroar|Flare Blitz|p1b: Farigiraf\n|-damage|p1b: Farigiraf|62/100\n|-status|p1b: Farigiraf|brn\n|-damage|p2b: Incineroar|86/100|[from] Recoil\n|\n|-damage|p1b: Farigiraf|56/100 brn|[from] brn\n|upkeep\n|turn|3\n|\n|t:|1776095520\n|move|p2a: Meowstic|Expanding Force|p1b: Farigiraf|[spread] p1b\n|-immune|p1a: Incineroar\n|-resisted|p1b: Farigiraf|1\n|-damage|p1b: Farigiraf|41/100 brn\n|move|p1a: Incineroar|Parting Shot|p2b: Incineroar\n|-unboost|p2b: Incineroar|atk|1\n|-unboost|p2b: Incineroar|spa|1\n|\n|t:|1776095529\n|switch|p1a: Crabominable|Crabominable, L50, F|100/100|[from] Parting Shot\n|move|p2b: Incineroar|Parting Shot|p1a: Crabominable\n|-fail|p1a: Crabominable|unboost|Attack|[from] ability: Hyper Cutter|[of] p1a: Crabominable\n|-unboost|p1a: Crabominable|spa|1\n|\n|t:|1776095537\n|switch|p2b: Alakazam|Alakazam, L50, F|100/100|[from] Parting Shot\n|move|p1b: Farigiraf|Trick Room|p1b: Farigiraf\n|-fieldstart|move: Trick Room|[of] p1b: Farigiraf\n|\n|-damage|p1b: Farigiraf|35/100 brn|[from] brn\n|upkeep\n|turn|4\n|\n|t:|1776095570\n|detailschange|p1a: Crabominable|Crabominable-Mega, L50, F\n|-mega|p1a: Crabominable|Crabominable|Crabominite\n|move|p2b: Alakazam|Protect|p2b: Alakazam\n|-singleturn|p2b: Alakazam|Protect\n|move|p1a: Crabominable|Ice Hammer|p2b: Alakazam\n|-activate|p2b: Alakazam|move: Protect\n|move|p1b: Farigiraf|Hyper Voice|p2b: Alakazam|[spread] p2a\n|-activate|p2b: Alakazam|move: Protect\n|-damage|p2a: Meowstic|28/100\n|move|p2a: Meowstic|Expanding Force|p1a: Crabominable|[spread] p1a,p1b\n|-supereffective|p1a: Crabominable|1\n|-resisted|p1b: Farigiraf|1\n|-damage|p1a: Crabominable|45/100\n|-damage|p1b: Farigiraf|19/100 brn\n|\n|-damage|p1b: Farigiraf|12/100 brn|[from] brn\n|upkeep\n|turn|5\n|\n|t:|1776095614\n|switch|p2b: Incineroar|Incineroar, L50, M|86/100\n|-ability|p2b: Incineroar|Intimidate|boost\n|-unboost|p1a: Crabominable|atk|1\n|-unboost|p1b: Farigiraf|atk|1\n|move|p1b: Farigiraf|Helping Hand|p1a: Crabominable\n|-singleturn|p1a: Crabominable|Helping Hand|[of] p1b: Farigiraf\n|move|p1a: Crabominable|Drain Punch|p2b: Incineroar\n|-supereffective|p2b: Incineroar|1\n|-damage|p2b: Incineroar|21/100\n|-heal|p1a: Crabominable|77/100|[from] drain|[of] p2b: Incineroar\n|-enditem|p2b: Incineroar|Sitrus Berry|[eat]\n|-heal|p2b: Incineroar|46/100|[from] item: Sitrus Berry\n|move|p2a: Meowstic|Expanding Force|p1a: Crabominable|[spread] p1a,p1b\n|-supereffective|p1a: Crabominable|1\n|-resisted|p1b: Farigiraf|1\n|-damage|p1a: Crabominable|20/100\n|-damage|p1b: Farigiraf|0 fnt\n|faint|p1b: Farigiraf\n|\n|-sideend|p2: BIGUMS|Reflect\n|upkeep\n|\n|t:|1776095635\n|switch|p1b: Incineroar|Incineroar, L50, M|100/100\n|-ability|p1b: Incineroar|Intimidate|boost\n|-unboost|p2a: Meowstic|atk|1\n|-unboost|p2b: Incineroar|atk|1\n|turn|6\n|\n|t:|1776095653\n|move|p2a: Meowstic|Reflect|p2a: Meowstic\n|-sidestart|p2: BIGUMS|Reflect\n|move|p1a: Crabominable|Ice Hammer|p2b: Incineroar\n|-resisted|p2b: Incineroar|1\n|-damage|p2b: Incineroar|33/100\n|-unboost|p1a: Crabominable|spe|1\n|move|p2b: Incineroar|Flare Blitz|p1b: Incineroar\n|-resisted|p1b: Incineroar|1\n|-damage|p1b: Incineroar|87/100\n|-damage|p2b: Incineroar|28/100|[from] Recoil\n|move|p1b: Incineroar|Darkest Lariat|p2a: Meowstic\n|-supereffective|p2a: Meowstic|1\n|-damage|p2a: Meowstic|0 fnt\n|faint|p2a: Meowstic\n|\n|-fieldend|move: Psychic Terrain\n|upkeep\n|\n|t:|1776095669\n|switch|p2a: Alakazam|Alakazam, L50, F|100/100\n|turn|7\n|\n|t:|1776095678\n|move|p2a: Alakazam|Protect|p2a: Alakazam\n|-singleturn|p2a: Alakazam|Protect\n|move|p1a: Crabominable|Drain Punch|p2b: Incineroar\n|-supereffective|p2b: Incineroar|1\n|-damage|p2b: Incineroar|0 fnt\n|-heal|p1a: Crabominable|34/100|[from] drain|[of] p2b: Incineroar\n|faint|p2b: Incineroar\n|move|p1b: Incineroar|Darkest Lariat|p2a: Alakazam\n|-activate|p2a: Alakazam|move: Protect\n|\n|-fieldend|move: Trick Room\n|upkeep\n|turn|8\n|\n|t:|1776095695\n|detailschange|p2a: Alakazam|Alakazam-Mega, L50, F\n|-mega|p2a: Alakazam|Alakazam|Alakazite\n|-ability|p2a: Alakazam|Intimidate|Trace|[from] ability: Trace|[of] p1b: Incineroar\n|-ability|p2a: Alakazam|Intimidate|boost\n|-unboost|p1a: Crabominable|atk|1\n|-unboost|p1b: Incineroar|atk|1\n|move|p2a: Alakazam|Dazzling Gleam|p1a: Crabominable|[spread] p1a,p1b\n|-supereffective|p1a: Crabominable|1\n|-damage|p1a: Crabominable|0 fnt\n|-damage|p1b: Incineroar|65/100\n|faint|p1a: Crabominable\n|move|p1b: Incineroar|Darkest Lariat|p2a: Alakazam\n|-supereffective|p2a: Alakazam|1\n|-damage|p2a: Alakazam|45/100\n|\n|upkeep\n|\n|t:|1776095707\n|switch|p1a: Sneasler|Sneasler, L50, M|100/100\n|turn|9\n|\n|t:|1776095712\n|move|p2a: Alakazam|Protect|p2a: Alakazam\n|-singleturn|p2a: Alakazam|Protect\n|move|p1a: Sneasler|Fake Out|p2a: Alakazam\n|-activate|p2a: Alakazam|move: Protect\n|move|p1b: Incineroar|Darkest Lariat|p2a: Alakazam\n|-activate|p2a: Alakazam|move: Protect\n|\n|upkeep\n|turn|10\n|\n|t:|1776095726\n|move|p2a: Alakazam|Dazzling Gleam|p1a: Sneasler|[spread] p1a,p1b\n|-damage|p1a: Sneasler|66/100\n|-damage|p1b: Incineroar|42/100\n|-enditem|p1b: Incineroar|Sitrus Berry|[eat]\n|-heal|p1b: Incineroar|67/100|[from] item: Sitrus Berry\n|move|p1a: Sneasler|Coaching|p1b: Incineroar\n|-boost|p1b: Incineroar|atk|1\n|-boost|p1b: Incineroar|def|1\n|move|p1b: Incineroar|Darkest Lariat|p2a: Alakazam\n|-supereffective|p2a: Alakazam|1\n|-damage|p2a: Alakazam|0 fnt\n|faint|p2a: Alakazam\n|\n|win|Rocket Bear\n|raw|Rocket Bear's rating: 1047 &rarr; <strong>1081</strong><br />(+34 for winning)\n|raw|BIGUMS's rating: 1059 &rarr; <strong>1039</strong><br />(-20 for losing)\n|l|\u2606BIGUMS\n|player|p2|\n|l|\u2606Rocket Bear\n|player|p1|\n",
  "uploadtime": 1776095834,
  "views": 13,
  "formatid": "gen9championsvgc2026regma",
  "rating": 1039,
  "private": 0,
  "password": null
}