{
  "id": "gen9championsvgc2026regma-2584374262",
  "format": "[Gen 9 Champions] VGC 2026 Reg M-A",
  "players": [
    "Janky Stinkman",
    "szadek"
  ],
  "log": "|j|\u2606Janky Stinkman\n|j|\u2606szadek\n|t:|1776255993\n|gametype|doubles\n|player|p1|Janky Stinkman|170|1070\n|player|p2|szadek|veteran|1116\n|gen|9\n|tier|[Gen 9 Champions] VGC 2026 Reg M-A\n|rated|\n|rule|Species Clause: Limit one of each Pok\u00e9mon\n|rule|Item Clause: Limit 1 of each item\n|clearpoke\n|poke|p1|Tinkaton, L50, F|\n|poke|p1|Glimmora, L50, M|\n|poke|p1|Noivern, L50, M|\n|poke|p1|Incineroar, L50, F|\n|poke|p1|Gallade, L50, M|\n|poke|p1|Basculegion-F, L50, F|\n|poke|p2|Floette-Eternal, L50, F|\n|poke|p2|Mamoswine, L50, M|\n|poke|p2|Araquanid, L50, M|\n|poke|p2|Sneasler, L50, M|\n|poke|p2|Rotom-Heat, L50|\n|poke|p2|Whimsicott, L50, F|\n|teampreview|4\n|inactive|Battle timer is ON: inactive players will automatically lose when time's up. (requested by Janky Stinkman)\n|\n|t:|1776256041\n|teamsize|p1|4\n|teamsize|p2|4\n|start\n|switch|p1a: Noivern|Noivern, L50, M|100/100\n|switch|p1b: Glimmora|Glimmora, L50, M|100/100\n|switch|p2a: Whimsicott|Whimsicott, L50, F|100/100\n|switch|p2b: Sneasler|Sneasler, L50, M|100/100\n|turn|1\n|\n|t:|1776256061\n|detailschange|p1b: Glimmora|Glimmora-Mega, L50, M\n|-mega|p1b: Glimmora|Glimmora|Glimmoranite\n|move|p1a: Noivern|Protect|p1a: Noivern\n|-singleturn|p1a: Noivern|Protect\n|move|p2b: Sneasler|Fake Out|p1a: Noivern\n|-activate|p1a: Noivern|move: Protect\n|move|p2a: Whimsicott|Tailwind|p2a: Whimsicott\n|-sidestart|p2: szadek|move: Tailwind\n|move|p1b: Glimmora|Earth Power|p2b: Sneasler\n|-supereffective|p2b: Sneasler|1\n|-damage|p2b: Sneasler|0 fnt\n|faint|p2b: Sneasler\n|\n|upkeep\n|\n|t:|1776256075\n|switch|p2b: Mamoswine|Mamoswine, L50, M, shiny|100/100\n|turn|2\n|inactive|Janky Stinkman has 30 seconds left.\n|\n|t:|1776256105\n|switch|p1a: Incineroar|Incineroar, L50, F|100/100\n|-ability|p1a: Incineroar|Intimidate|boost\n|-unboost|p2a: Whimsicott|atk|1\n|-fail|p2b: Mamoswine|unboost|Attack|[from] ability: Oblivious|[of] p2b: Mamoswine\n|move|p1b: Glimmora|Spiky Shield|p1b: Glimmora\n|-singleturn|p1b: Glimmora|move: Protect\n|move|p2a: Whimsicott|Encore|p1a: Incineroar\n|-hint|Since gen 7, Dark is immune to Prankster moves.\n|-immune|p1a: Incineroar\n|move|p2b: Mamoswine|High Horsepower|p1b: Glimmora\n|-activate|p1b: Glimmora|move: Protect\n|-damage|p2b: Mamoswine|88/100|[from] Spiky Shield|[of] p1b: Glimmora\n|\n|upkeep\n|turn|3\n|inactive|Janky Stinkman has 30 seconds left.\n|inactive|Janky Stinkman has 20 seconds left.\n|\n|t:|1776256145\n|switch|p1b: Noivern|Noivern, L50, M|100/100\n|move|p1a: Incineroar|Fake Out|p2b: Mamoswine\n|-damage|p2b: Mamoswine|75/100\n|move|p2a: Whimsicott|Encore||[still]\n|-fail|p2a: Whimsicott\n|cant|p2b: Mamoswine|flinch\n|\n|upkeep\n|turn|4\n|\n|t:|1776256166\n|switch|p1a: Tinkaton|Tinkaton, L50, F|100/100\n|-ability|p1a: Tinkaton|Mold Breaker\n|move|p1b: Noivern|Protect|p1b: Noivern\n|-singleturn|p1b: Noivern|Protect\n|move|p2b: Mamoswine|High Horsepower|p1a: Tinkaton\n|-supereffective|p1a: Tinkaton|1\n|-damage|p1a: Tinkaton|24/100\n|move|p2a: Whimsicott|Moonblast|p1b: Noivern\n|-activate|p1b: Noivern|move: Protect\n|\n|-heal|p1a: Tinkaton|31/100|[from] item: Leftovers\n|-sideend|p2: szadek|move: Tailwind\n|upkeep\n|turn|5\n|\n|t:|1776256188\n|move|p2a: Whimsicott|Tailwind|p2a: Whimsicott\n|-sidestart|p2: szadek|move: Tailwind\n|move|p2b: Mamoswine|High Horsepower|p1a: Tinkaton\n|-supereffective|p1a: Tinkaton|1\n|-damage|p1a: Tinkaton|0 fnt\n|faint|p1a: Tinkaton\n|move|p1b: Noivern|Tailwind|p1b: Noivern\n|-sidestart|p1: Janky Stinkman|move: Tailwind\n|\n|upkeep\n|\n|t:|1776256193\n|switch|p1a: Glimmora|Glimmora-Mega, L50, M|100/100\n|turn|6\n|\n|t:|1776256209\n|move|p2a: Whimsicott|Encore|p1b: Noivern\n|-start|p1b: Noivern|Encore\n|move|p2b: Mamoswine|High Horsepower|p1a: Glimmora\n|-supereffective|p1a: Glimmora|2\n|-damage|p1a: Glimmora|0 fnt\n|faint|p1a: Glimmora\n|move|p1b: Noivern|Tailwind||[still]\n|-fail|p1b: Noivern\n|\n|upkeep\n|-message|Janky Stinkman forfeited.\n|\n|win|szadek\n|raw|Janky Stinkman's rating: 1070 &rarr; <strong>1052</strong><br />(-18 for losing)\n|raw|szadek's rating: 1116 &rarr; <strong>1138</strong><br />(+22 for winning)\n|l|\u2606Janky Stinkman\n|player|p1|\n",
  "uploadtime": 1776256224,
  "views": 17,
  "formatid": "gen9championsvgc2026regma",
  "rating": 1052,
  "private": 0,
  "password": null
}