{
  "id": "gen9championsvgc2026regma-2580433463",
  "format": "[Gen 9 Champions] VGC 2026 Reg M-A",
  "players": [
    "FearZero",
    "Guerzonian"
  ],
  "log": "|j|\u2606FearZero\n|j|\u2606Guerzonian\n|t:|1775895847\n|gametype|doubles\n|player|p1|FearZero|170|1072\n|player|p2|Guerzonian|1|1043\n|gen|9\n|tier|[Gen 9 Champions] VGC 2026 Reg M-A\n|rated|\n|rule|Species Clause: Limit one of each Pok\u00e9mon\n|rule|Item Clause: Limit 1 of each item\n|clearpoke\n|poke|p1|Rotom-Wash, L50|\n|poke|p1|Sinistcha, L50|\n|poke|p1|Gallade, L50, M|\n|poke|p1|Garchomp, L50, F|\n|poke|p1|Tyranitar, L50, M|\n|poke|p1|Arcanine-Hisui, L50, F|\n|poke|p2|Tyranitar, L50, F|\n|poke|p2|Aegislash, L50, M|\n|poke|p2|Excadrill, L50, F|\n|poke|p2|Farigiraf, L50, F|\n|poke|p2|Whimsicott, L50, M|\n|poke|p2|Hydreigon, L50, F|\n|teampreview|4\nGuerzonian rejected open team sheets.\n|\n|t:|1775895883\n|teamsize|p1|4\n|teamsize|p2|4\n|start\n|switch|p1a: Rotom|Rotom-Wash, L50|100/100\n|switch|p1b: Arcanine|Arcanine-Hisui, L50, F|100/100\n|switch|p2a: Farigiraf|Farigiraf, L50, F|100/100\n|switch|p2b: Excadrill|Excadrill, L50, F|100/100\n|-ability|p1b: Arcanine|Intimidate|boost\n|-unboost|p2a: Farigiraf|atk|1\n|-unboost|p2b: Excadrill|atk|1\n|turn|1\n|\n|t:|1775895922\n|switch|p1b: Gallade|Gallade, L50, M|100/100\n|detailschange|p2b: Excadrill|Excadrill-Mega, L50, F\n|-mega|p2b: Excadrill|Excadrill|Excadrite\n|move|p2b: Excadrill|Earthquake|p1b: Gallade|[spread] p2a,p1b\n|-immune|p1a: Rotom|[from] ability: Levitate\n|-damage|p2a: Farigiraf|66/100\n|-damage|p1b: Gallade|53/100\n|move|p1a: Rotom|Will-O-Wisp|p2b: Excadrill\n|-status|p2b: Excadrill|brn\n|move|p2a: Farigiraf|Trick Room|p2a: Farigiraf\n|-fieldstart|move: Trick Room|[of] p2a: Farigiraf\n|\n|-damage|p2b: Excadrill|95/100 brn|[from] brn\n|upkeep\n|turn|2\n|inactive|Battle timer is ON: inactive players will automatically lose when time's up. (requested by FearZero)\n|\n|t:|1775895948\n|switch|p2b: Aegislash|Aegislash, L50, M|100/100\n|move|p2a: Farigiraf|Dazzling Gleam|p1b: Gallade|[spread] p1a,p1b\n|-supereffective|p1b: Gallade|1\n|-damage|p1a: Rotom|86/100\n|-damage|p1b: Gallade|24/100\n|move|p1b: Gallade|Sacred Sword|p2a: Farigiraf\n|-damage|p2a: Farigiraf|0 fnt\n|faint|p2a: Farigiraf\n|move|p1a: Rotom|Hydro Pump|p2b: Aegislash\n|-damage|p2b: Aegislash|63/100\n|\n|-heal|p1a: Rotom|92/100|[from] item: Leftovers\n|upkeep\n|\n|t:|1775895961\n|switch|p2a: Hydreigon|Hydreigon, L50, F|100/100\n|turn|3\n|\n|t:|1775895979\n|move|p1b: Gallade|Protect|p1b: Gallade\n|-singleturn|p1b: Gallade|Protect\n|-formechange|p2b: Aegislash|Aegislash-Blade|\n|move|p2b: Aegislash|Rock Slide|p1b: Gallade|[spread] p1a\n|-activate|p1b: Gallade|move: Protect\n|-damage|p1a: Rotom|68/100\n|move|p1a: Rotom|Will-O-Wisp|p2b: Aegislash\n|-status|p2b: Aegislash|brn\n|move|p2a: Hydreigon|Draco Meteor|p1a: Rotom\n|-damage|p1a: Rotom|7/100\n|-unboost|p2a: Hydreigon|spa|2\n|\n|-heal|p1a: Rotom|13/100|[from] item: Leftovers\n|-damage|p2b: Aegislash|57/100 brn|[from] brn\n|upkeep\n|turn|4\n|\n|t:|1775895998\n|move|p2b: Aegislash|Rock Slide|p1a: Rotom|[spread] p1a,p1b\n|-resisted|p1b: Gallade|1\n|-damage|p1a: Rotom|0 fnt\n|-damage|p1b: Gallade|17/100\n|faint|p1a: Rotom\n|move|p1b: Gallade|Sacred Sword|p2a: Hydreigon\n|-supereffective|p2a: Hydreigon|1\n|-crit|p2a: Hydreigon\n|-damage|p2a: Hydreigon|0 fnt\n|faint|p2a: Hydreigon\n|\n|-damage|p2b: Aegislash|51/100 brn|[from] brn\n|upkeep\n|\n|t:|1775896011\n|switch|p1a: Arcanine|Arcanine-Hisui, L50, F|100/100\n|switch|p2a: Excadrill|Excadrill-Mega, L50, F|95/100 brn\n|-ability|p1a: Arcanine|Intimidate|boost\n|-unboost|p2a: Excadrill|atk|1\n|-unboost|p2b: Aegislash|atk|1\n|turn|5\n|c|\u2606FearZero|gg\n|\n|t:|1775896029\n|switch|p1a: Tyranitar|Tyranitar, L50, M|100/100\n|-weather|Sandstorm|[from] ability: Sand Stream|[of] p1a: Tyranitar\n|move|p1b: Gallade|Protect|p1b: Gallade\n|-singleturn|p1b: Gallade|Protect\n|move|p2b: Aegislash|Rock Slide|p1a: Tyranitar|[spread] \n|-activate|p1b: Gallade|move: Protect\n|-miss|p2b: Aegislash|p1a: Tyranitar\n|move|p2a: Excadrill|Earthquake|p1b: Gallade|[spread] p2b,p1a\n|-activate|p1b: Gallade|move: Protect\n|-supereffective|p2b: Aegislash|1\n|-supereffective|p1a: Tyranitar|1\n|-damage|p2b: Aegislash|0 fnt\n|-damage|p1a: Tyranitar|72/100\n|faint|p2b: Aegislash\n|\n|-weather|Sandstorm|[upkeep]\n|-damage|p1b: Gallade|11/100|[from] Sandstorm\n|-damage|p2a: Excadrill|89/100 brn|[from] brn\n|-fieldend|move: Trick Room\n|upkeep\n|turn|6\n|-message|Guerzonian forfeited.\n|\n|win|FearZero\n|raw|FearZero's rating: 1072 &rarr; <strong>1099</strong><br />(+27 for winning)\n|raw|Guerzonian's rating: 1043 &rarr; <strong>1028</strong><br />(-15 for losing)\n|l|\u2606Guerzonian\n|player|p2|\n",
  "uploadtime": 1775896051,
  "views": 36,
  "formatid": "gen9championsvgc2026regma",
  "rating": 1028,
  "private": 0,
  "password": null
}