{
  "id": "gen9championsvgc2026regma-2588026635",
  "format": "[Gen 9 Champions] VGC 2026 Reg M-A",
  "players": [
    "Jaunz0ka",
    "campeondelfitness"
  ],
  "log": "|j|\u2606Jaunz0ka\n|j|\u2606campeondelfitness\n|t:|1776594830\n|gametype|doubles\n|player|p1|Jaunz0ka|n|1199\n|player|p2|campeondelfitness|swimmer|1271\n|gen|9\n|tier|[Gen 9 Champions] VGC 2026 Reg M-A\n|rated|\n|rule|Species Clause: Limit one of each Pok\u00e9mon\n|rule|Item Clause: Limit 1 of each item\n|clearpoke\n|poke|p1|Floette-Eternal, L50, F|\n|poke|p1|Sneasler, L50, F|\n|poke|p1|Aerodactyl, L50, F|\n|poke|p1|Maushold-Four, L50|\n|poke|p1|Kingambit, L50, M|\n|poke|p1|Delphox, L50, F, shiny|\n|poke|p2|Tyranitar, L50, M|\n|poke|p2|Garchomp, L50, F|\n|poke|p2|Heliolisk, L50, M|\n|poke|p2|Rotom-Heat, L50|\n|poke|p2|Orthworm, L50, M|\n|poke|p2|Aerodactyl, L50, F|\n|teampreview|4\n|inactive|Battle timer is ON: inactive players will automatically lose when time's up. (requested by campeondelfitness)\n|inactive|Jaunz0ka has 60 seconds left.\n|inactive|campeondelfitness has 60 seconds left.\n|\n|t:|1776594880\n|teamsize|p1|4\n|teamsize|p2|4\n|start\n|switch|p1a: Maushold|Maushold-Four, L50|100/100\n|switch|p1b: Sneasler|Sneasler, L50, F|100/100\n|switch|p2a: Rotom|Rotom-Heat, L50|100/100\n|switch|p2b: Orthworm|Orthworm, L50, M|100/100\n|turn|1\n|\n|t:|1776594899\n|move|p1a: Maushold|Follow Me|p1a: Maushold\n|-singleturn|p1a: Maushold|move: Follow Me\n|move|p1b: Sneasler|Close Combat|p2b: Orthworm\n|-supereffective|p2b: Orthworm|1\n|-damage|p2b: Orthworm|19/100\n|-unboost|p1b: Sneasler|def|1\n|-unboost|p1b: Sneasler|spd|1\n|-enditem|p1b: Sneasler|White Herb\n|-clearnegativeboost|p1b: Sneasler|[silent]\n|move|p2a: Rotom|Will-O-Wisp|p1a: Maushold\n|-status|p1a: Maushold|brn\n|move|p2b: Orthworm|Iron Defense|p2b: Orthworm\n|-boost|p2b: Orthworm|def|2\n|\n|-heal|p2b: Orthworm|25/100|[from] item: Leftovers\n|-damage|p1a: Maushold|94/100 brn|[from] brn\n|upkeep\n|turn|2\n|\n|t:|1776594923\n|move|p1b: Sneasler|Close Combat|p2a: Rotom\n|-damage|p2a: Rotom|26/100\n|-unboost|p1b: Sneasler|def|1\n|-unboost|p1b: Sneasler|spd|1\n|move|p1a: Maushold|Super Fang|p2a: Rotom\n|-damage|p2a: Rotom|13/100\n|move|p2a: Rotom|Will-O-Wisp|p1b: Sneasler|[miss]\n|-miss|p2a: Rotom|p1b: Sneasler\n|move|p2b: Orthworm|Iron Defense|p2b: Orthworm\n|-boost|p2b: Orthworm|def|2\n|\n|-heal|p2b: Orthworm|32/100|[from] item: Leftovers\n|-damage|p1a: Maushold|88/100 brn|[from] brn\n|upkeep\n|turn|3\n|inactive|Jaunz0ka has 30 seconds left.\n|inactive|campeondelfitness has 30 seconds left.\n|inactive|campeondelfitness has 20 seconds left.\n|inactive|campeondelfitness has 15 seconds left.\n|\n|t:|1776594968\n|switch|p2a: Tyranitar|Tyranitar, L50, M|100/100\n|-weather|Sandstorm|[from] ability: Sand Stream|[of] p2a: Tyranitar\n|move|p1a: Maushold|Follow Me|p1a: Maushold\n|-singleturn|p1a: Maushold|move: Follow Me\n|move|p1b: Sneasler|Close Combat|p2b: Orthworm\n|-supereffective|p2b: Orthworm|1\n|-damage|p2b: Orthworm|4/100\n|-unboost|p1b: Sneasler|def|1\n|-unboost|p1b: Sneasler|spd|1\n|move|p2b: Orthworm|Body Press|p1a: Maushold\n|-supereffective|p1a: Maushold|1\n|-enditem|p1a: Maushold|Chople Berry|[eat]\n|-enditem|p1a: Maushold|Chople Berry|[weaken]\n|-damage|p1a: Maushold|0 fnt\n|faint|p1a: Maushold\n|\n|-weather|Sandstorm|[upkeep]\n|-damage|p1b: Sneasler|95/100|[from] Sandstorm\n|-heal|p2b: Orthworm|11/100|[from] item: Leftovers\n|upkeep\n|\n|t:|1776594988\n|switch|p1a: Floette|Floette-Eternal, L50, F|100/100\n|turn|4\n|\n|t:|1776595001\n|detailschange|p1a: Floette|Floette-Mega, L50, F\n|-mega|p1a: Floette|Floette|Floettite\n|-ability|p1a: Floette|Fairy Aura\n|move|p1b: Sneasler|Close Combat|p2a: Tyranitar\n|-supereffective|p2a: Tyranitar|2\n|-enditem|p2a: Tyranitar|Focus Sash\n|-damage|p2a: Tyranitar|1/100\n|-unboost|p1b: Sneasler|def|1\n|-unboost|p1b: Sneasler|spd|1\n|move|p1a: Floette|Dazzling Gleam|p2b: Orthworm|[spread] p2a,p2b\n|-supereffective|p2a: Tyranitar|1\n|-resisted|p2b: Orthworm|1\n|-damage|p2a: Tyranitar|0 fnt\n|-damage|p2b: Orthworm|0 fnt\n|faint|p2a: Tyranitar\n|faint|p2b: Orthworm\n|\n|-weather|Sandstorm|[upkeep]\n|-damage|p1b: Sneasler|89/100|[from] Sandstorm\n|-damage|p1a: Floette|95/100|[from] Sandstorm\n|upkeep\n|\n|t:|1776595016\n|switch|p2b: Garchomp|Garchomp, L50, F|100/100\n|switch|p2a: Rotom|Rotom-Heat, L50|13/100\n|turn|5\n|\n|t:|1776595032\n|move|p2b: Garchomp|Protect|p2b: Garchomp\n|-singleturn|p2b: Garchomp|Protect\n|move|p1b: Sneasler|Close Combat|p2a: Rotom\n|-damage|p2a: Rotom|0 fnt\n|-unboost|p1b: Sneasler|def|1\n|-unboost|p1b: Sneasler|spd|1\n|faint|p2a: Rotom\n|move|p1a: Floette|Dazzling Gleam|p2b: Garchomp\n|-activate|p2b: Garchomp|move: Protect\n|\n|-weather|Sandstorm|[upkeep]\n|-damage|p1b: Sneasler|83/100|[from] Sandstorm\n|-damage|p1a: Floette|89/100|[from] Sandstorm\n|upkeep\n|turn|6\n|\n|t:|1776595049\n|detailschange|p2b: Garchomp|Garchomp-Mega, L50, F\n|-mega|p2b: Garchomp|Garchomp|Garchompite\n|move|p1b: Sneasler|Close Combat|p2b: Garchomp\n|-damage|p2b: Garchomp|39/100\n|-unboost|p1b: Sneasler|def|1\n|-unboost|p1b: Sneasler|spd|1\n|move|p2b: Garchomp|Earthquake|p1b: Sneasler|[spread] p1a,p1b\n|-supereffective|p1b: Sneasler|1\n|-damage|p1a: Floette|8/100\n|-damage|p1b: Sneasler|0 fnt\n|faint|p1b: Sneasler\n|move|p1a: Floette|Moonblast|p2b: Garchomp\n|-supereffective|p2b: Garchomp|1\n|-damage|p2b: Garchomp|0 fnt\n|faint|p2b: Garchomp\n|\n|win|Jaunz0ka\n|raw|Jaunz0ka's rating: 1199 &rarr; <strong>1229</strong><br />(+30 for winning)\n|raw|campeondelfitness's rating: 1271 &rarr; <strong>1241</strong><br />(-30 for losing)\n",
  "uploadtime": 1776595062,
  "views": 26,
  "formatid": "gen9championsvgc2026regma",
  "rating": 1229,
  "private": 0,
  "password": null
}