{
  "id": "gen9championsvgc2026regma-2587295694",
  "format": "[Gen 9 Champions] VGC 2026 Reg M-A",
  "players": [
    "DieLitFan3000",
    "clrCARLOSclr"
  ],
  "log": "|j|\u2606DieLitFan3000\n|j|\u2606clrCARLOSclr\n|t:|1776519340\n|gametype|doubles\n|player|p1|DieLitFan3000|roughneck|1376\n|player|p2|clrCARLOSclr|lucas|1356\n|gen|9\n|tier|[Gen 9 Champions] VGC 2026 Reg M-A\n|rated|\n|rule|Species Clause: Limit one of each Pok\u00e9mon\n|rule|Item Clause: Limit 1 of each item\n|clearpoke\n|poke|p1|Kommo-o, L50, F|\n|poke|p1|Gengar, L50, M|\n|poke|p1|Milotic, L50, M|\n|poke|p1|Aerodactyl, L50, F|\n|poke|p1|Incineroar, L50, M|\n|poke|p1|Corviknight, L50, F|\n|poke|p2|Talonflame, L50, F|\n|poke|p2|Floette-Eternal, L50, F|\n|poke|p2|Garchomp, L50, M|\n|poke|p2|Farigiraf, L50, M|\n|poke|p2|Torkoal, L50, M|\n|poke|p2|Basculegion, L50, M, shiny|\n|teampreview|4\n|inactive|Battle timer is ON: inactive players will automatically lose when time's up. (requested by clrCARLOSclr)\n|inactive|DieLitFan3000 has 60 seconds left.\n|inactive|DieLitFan3000 has 30 seconds left.\n|inactive|DieLitFan3000 has 20 seconds left.\n|inactive|DieLitFan3000 has 15 seconds left.\n|inactive|DieLitFan3000 has 10 seconds left.\n|inactive|DieLitFan3000 has 5 seconds left.\n|\n|t:|1776519427\n|teamsize|p1|4\n|teamsize|p2|4\n|start\n|switch|p1a: Gengar|Gengar, L50, M|100/100\n|switch|p1b: Milotic|Milotic, L50, M|100/100\n|switch|p2a: Talonflame|Talonflame, L50, F|100/100\n|switch|p2b: Floette|Floette-Eternal, L50, F|100/100\n|turn|1\n|\n|t:|1776519446\n|detailschange|p2b: Floette|Floette-Mega, L50, F\n|-mega|p2b: Floette|Floette|Floettite\n|-ability|p2b: Floette|Fairy Aura\n|detailschange|p1a: Gengar|Gengar-Mega, L50, M\n|-mega|p1a: Gengar|Gengar|Gengarite\n|move|p1a: Gengar|Protect|p1a: Gengar\n|-singleturn|p1a: Gengar|Protect\n|move|p2a: Talonflame|Tailwind|p2a: Talonflame\n|-sidestart|p2: clrCARLOSclr|move: Tailwind\n|move|p2b: Floette|Psychic|p1a: Gengar\n|-activate|p1a: Gengar|move: Protect\n|move|p1b: Milotic|Muddy Water|p2a: Talonflame|[spread] p2a,p2b\n|-supereffective|p2a: Talonflame|1\n|-damage|p2a: Talonflame|23/100\n|-damage|p2b: Floette|78/100\n|\n|upkeep\n|turn|2\n|inactive|DieLitFan3000 has 30 seconds left.\n|\n|t:|1776519475\n|move|p2a: Talonflame|Flare Blitz|p1a: Gengar\n|-damage|p1a: Gengar|25/100\n|-damage|p2a: Talonflame|1/100|[from] Recoil\n|move|p2b: Floette|Light of Ruin|p1b: Milotic\n|-damage|p1b: Milotic|6/100\n|-damage|p2b: Floette|24/100|[from] Recoil\n|move|p1b: Milotic|Muddy Water|p2b: Floette|[spread] p2a\n|-miss|p1b: Milotic|p2b: Floette\n|-supereffective|p2a: Talonflame|1\n|-damage|p2a: Talonflame|0 fnt\n|faint|p2a: Talonflame\n|move|p1a: Gengar|Sludge Bomb|p2b: Floette\n|-supereffective|p2b: Floette|1\n|-damage|p2b: Floette|0 fnt\n|faint|p2b: Floette\n|\n|upkeep\n|\n|t:|1776519485\n|switch|p2a: Garchomp|Garchomp, L50, M|100/100\n|switch|p2b: Basculegion|Basculegion, L50, M, shiny|100/100\n|turn|3\n|\n|t:|1776519501\n|switch|p1b: Incineroar|Incineroar, L50, M|100/100\n|-ability|p1b: Incineroar|Intimidate|boost\n|-unboost|p2a: Garchomp|atk|1\n|-unboost|p2b: Basculegion|atk|1\n|-enditem|p2a: Garchomp|White Herb\n|-clearnegativeboost|p2a: Garchomp|[silent]\n|move|p1a: Gengar|Protect|p1a: Gengar\n|-singleturn|p1a: Gengar|Protect\n|move|p2b: Basculegion|Last Respects|p1a: Gengar\n|-activate|p1a: Gengar|move: Protect\n|move|p2a: Garchomp|Dragon Claw|p1b: Incineroar\n|-damage|p1b: Incineroar|60/100\n|\n|upkeep\n|turn|4\n|\n|t:|1776519519\n|switch|p1a: Aerodactyl|Aerodactyl, L50, F|100/100\n|-ability|p1a: Aerodactyl|Unnerve\n|move|p1b: Incineroar|Fake Out|p2a: Garchomp\n|-damage|p2a: Garchomp|88/100\n|-damage|p1b: Incineroar|47/100|[from] ability: Rough Skin|[of] p2a: Garchomp\n|move|p2b: Basculegion|Last Respects|p1a: Aerodactyl\n|-damage|p1a: Aerodactyl|6/100\n|cant|p2a: Garchomp|flinch\n|\n|-sideend|p2: clrCARLOSclr|move: Tailwind\n|upkeep\n|turn|5\n|inactive|DieLitFan3000 has 30 seconds left.\n|\n|t:|1776519544\n|move|p2b: Basculegion|Last Respects|p1a: Aerodactyl\n|-damage|p1a: Aerodactyl|0 fnt\n|faint|p1a: Aerodactyl\n|move|p2a: Garchomp|Stomping Tantrum|p1b: Incineroar\n|-supereffective|p1b: Incineroar|1\n|-damage|p1b: Incineroar|0 fnt\n|faint|p1b: Incineroar\n|\n|upkeep\n|\n|t:|1776519547\n|switch|p1a: Milotic|Milotic, L50, M|6/100\n|switch|p1b: Gengar|Gengar-Mega, L50, M|25/100\n|turn|6\n|\n|t:|1776519557\n|move|p1a: Milotic|Icy Wind|p2b: Basculegion|[spread] p2a,p2b\n|-supereffective|p2a: Garchomp|2\n|-resisted|p2b: Basculegion|1\n|-damage|p2a: Garchomp|40/100\n|-damage|p2b: Basculegion|94/100\n|-unboost|p2a: Garchomp|spe|1\n|-unboost|p2b: Basculegion|spe|1\n|move|p1b: Gengar|Shadow Ball|p2b: Basculegion\n|-supereffective|p2b: Basculegion|1\n|-damage|p2b: Basculegion|0 fnt\n|faint|p2b: Basculegion\n|move|p2a: Garchomp|Stomping Tantrum|p1a: Milotic\n|-crit|p1a: Milotic\n|-damage|p1a: Milotic|0 fnt\n|faint|p1a: Milotic\n|\n|upkeep\n|turn|7\n|\n|t:|1776519569\n|move|p1b: Gengar|Icy Wind|p2a: Garchomp\n|-supereffective|p2a: Garchomp|2\n|-damage|p2a: Garchomp|0 fnt\n|faint|p2a: Garchomp\n|\n|win|DieLitFan3000\n|raw|DieLitFan3000's rating: 1376 &rarr; <strong>1395</strong><br />(+19 for winning)\n|raw|clrCARLOSclr's rating: 1356 &rarr; <strong>1337</strong><br />(-19 for losing)\n|l|\u2606clrCARLOSclr\n|player|p2|\n",
  "uploadtime": 1776519591,
  "views": 35,
  "formatid": "gen9championsvgc2026regma",
  "rating": 1337,
  "private": 0,
  "password": null
}