{
  "id": "gen9championsvgc2026regma-2583132961",
  "format": "[Gen 9 Champions] VGC 2026 Reg M-A",
  "players": [
    "WalkEmDownM0rt",
    "ChampionsmatchVGC"
  ],
  "log": "|j|\u2606WalkEmDownM0rt\n|j|\u2606ChampionsmatchVGC\n|t:|1776145986\n|gametype|doubles\n|player|p1|WalkEmDownM0rt|boarder|1470\n|player|p2|ChampionsmatchVGC|265|1534\n|gen|9\n|tier|[Gen 9 Champions] VGC 2026 Reg M-A\n|rated|\n|rule|Species Clause: Limit one of each Pok\u00e9mon\n|rule|Item Clause: Limit 1 of each item\n|clearpoke\n|poke|p1|Floette-Eternal, L50, F|\n|poke|p1|Garchomp, L50, M|\n|poke|p1|Delphox, L50, F|\n|poke|p1|Basculegion, L50, M|\n|poke|p1|Sneasler, L50, M|\n|poke|p1|Kingambit, L50, F|\n|poke|p2|Basculegion, L50, M|\n|poke|p2|Sinistcha, L50|\n|poke|p2|Floette-Eternal, L50, F|\n|poke|p2|Kingambit, L50, F|\n|poke|p2|Sneasler, L50, M|\n|poke|p2|Aerodactyl, L50, M|\n|teampreview|4\n|\n|t:|1776146016\n|teamsize|p1|4\n|teamsize|p2|4\n|start\n|switch|p1a: Delphox|Delphox, L50, F|100/100\n|switch|p1b: Sneasler|Sneasler, L50, M|100/100\n|switch|p2a: Basculegion|Basculegion, L50, M|100/100\n|switch|p2b: Aerodactyl|Aerodactyl, L50, M|100/100\n|-ability|p2b: Aerodactyl|Unnerve\n|turn|1\n|\n|t:|1776146033\n|detailschange|p1a: Delphox|Delphox-Mega, L50, F\n|-mega|p1a: Delphox|Delphox|Delphoxite\n|move|p1b: Sneasler|Fake Out|p2b: Aerodactyl\n|-resisted|p2b: Aerodactyl|1\n|-damage|p2b: Aerodactyl|88/100\n|move|p2a: Basculegion|Flip Turn|p1b: Sneasler\n|-damage|p1b: Sneasler|33/100\n|\n|t:|1776146038\n|switch|p2a: Floette|Floette-Eternal, L50, F|100/100|[from] Flip Turn\n|move|p1a: Delphox|Will-O-Wisp|p2a: Floette\n|-status|p2a: Floette|brn\n|cant|p2b: Aerodactyl|flinch\n|\n|-damage|p2a: Floette|94/100 brn|[from] brn\n|upkeep\n|turn|2\n|\n|t:|1776146054\n|detailschange|p2a: Floette|Floette-Mega, L50, F\n|-mega|p2a: Floette|Floette|Floettite\n|-ability|p2a: Floette|Fairy Aura\n|move|p1b: Sneasler|Protect|p1b: Sneasler\n|-singleturn|p1b: Sneasler|Protect\n|move|p1a: Delphox|Will-O-Wisp|p2b: Aerodactyl\n|-status|p2b: Aerodactyl|brn\n|move|p2b: Aerodactyl|Dual Wingbeat|p1b: Sneasler\n|-activate|p1b: Sneasler|move: Protect\n|move|p2a: Floette|Calm Mind|p2a: Floette\n|-boost|p2a: Floette|spa|1\n|-boost|p2a: Floette|spd|1\n|\n|-damage|p2b: Aerodactyl|83/100 brn|[from] brn\n|-damage|p2a: Floette|88/100 brn|[from] brn\n|upkeep\n|turn|3\n|j| chacooooo\n|\n|t:|1776146069\n|move|p1a: Delphox|Psychic|p2b: Aerodactyl\n|-damage|p2b: Aerodactyl|13/100 brn\n|move|p2b: Aerodactyl|Tailwind|p2b: Aerodactyl\n|-sidestart|p2: ChampionsmatchVGC|move: Tailwind\n|move|p2a: Floette|Dazzling Gleam|p1a: Delphox|[spread] p1a,p1b\n|-resisted|p1a: Delphox|1\n|-crit|p1a: Delphox\n|-damage|p1a: Delphox|51/100\n|-damage|p1b: Sneasler|0 fnt\n|faint|p1b: Sneasler\n|\n|-damage|p2b: Aerodactyl|8/100 brn|[from] brn\n|-damage|p2a: Floette|82/100 brn|[from] brn\n|upkeep\n|\n|t:|1776146084\n|switch|p1b: Kingambit|Kingambit, L50, F|100/100\n|turn|4\n|\n|t:|1776146104\n|move|p2b: Aerodactyl|Rock Slide|p1a: Delphox|[spread] p1a,p1b\n|-supereffective|p1a: Delphox|1\n|-resisted|p1b: Kingambit|1\n|-damage|p1a: Delphox|23/100\n|-damage|p1b: Kingambit|96/100\n|move|p2a: Floette|Draining Kiss|p1b: Kingambit\n|-damage|p1b: Kingambit|33/100\n|-heal|p2a: Floette|100/100 brn|[from] drain|[of] p1b: Kingambit\n|move|p1a: Delphox|Heat Wave|p2b: Aerodactyl|[spread] p2a,p2b\n|-resisted|p2b: Aerodactyl|1\n|-damage|p2a: Floette|82/100 brn\n|-damage|p2b: Aerodactyl|0 fnt\n|faint|p2b: Aerodactyl\n|move|p1b: Kingambit|Iron Head|p2a: Floette\n|-supereffective|p2a: Floette|1\n|-damage|p2a: Floette|0 fnt\n|faint|p2a: Floette\n|\n|upkeep\n|\n|t:|1776146112\n|switch|p2b: Basculegion|Basculegion, L50, M|100/100\n|switch|p2a: Kingambit|Kingambit, L50, F, shiny|100/100\n|turn|5\n|\n|t:|1776146121\n|move|p1a: Delphox|Protect|p1a: Delphox\n|-singleturn|p1a: Delphox|Protect\n|move|p1b: Kingambit|Protect|p1b: Kingambit\n|-singleturn|p1b: Kingambit|Protect\n|move|p2b: Basculegion|Aqua Jet|p1a: Delphox\n|-activate|p1a: Delphox|move: Protect\n|move|p2a: Kingambit|Low Kick|p1b: Kingambit\n|-activate|p1b: Kingambit|move: Protect\n|\n|upkeep\n|turn|6\n|\n|t:|1776146127\n|switch|p1b: Basculegion|Basculegion, L50, M|100/100\n|move|p2b: Basculegion|Aqua Jet|p1a: Delphox\n|-supereffective|p1a: Delphox|1\n|-damage|p1a: Delphox|0 fnt\n|faint|p1a: Delphox\n|move|p2a: Kingambit|Low Kick|p1b: Basculegion\n|-immune|p1b: Basculegion\n|\n|-sideend|p2: ChampionsmatchVGC|move: Tailwind\n|upkeep\n|\n|t:|1776146130\n|switch|p1a: Kingambit|Kingambit, L50, F|33/100\n|turn|7\n|\n|t:|1776146140\n|move|p2b: Basculegion|Aqua Jet|p1b: Basculegion\n|-resisted|p1b: Basculegion|1\n|-damage|p1b: Basculegion|83/100\n|move|p1b: Basculegion|Last Respects|p2b: Basculegion\n|-supereffective|p2b: Basculegion|1\n|-damage|p2b: Basculegion|0 fnt\n|faint|p2b: Basculegion\n|move|p1a: Kingambit|Low Kick|p2a: Kingambit\n|-supereffective|p2a: Kingambit|2\n|-enditem|p2a: Kingambit|Chople Berry|[eat]\n|-enditem|p2a: Kingambit|Chople Berry|[weaken]\n|-damage|p2a: Kingambit|50/100\n|move|p2a: Kingambit|Kowtow Cleave|p1b: Basculegion\n|-supereffective|p1b: Basculegion|1\n|-damage|p1b: Basculegion|0 fnt\n|faint|p1b: Basculegion\n|\n|upkeep\n|turn|8\n|inactive|Battle timer is ON: inactive players will automatically lose when time's up. (requested by WalkEmDownM0rt)\n|\n|t:|1776146176\n|move|p2a: Kingambit|Sucker Punch|p1a: Kingambit\n|-resisted|p1a: Kingambit|1\n|-damage|p1a: Kingambit|20/100\n|move|p1a: Kingambit|Low Kick|p2a: Kingambit\n|-supereffective|p2a: Kingambit|2\n|-damage|p2a: Kingambit|0 fnt\n|faint|p2a: Kingambit\n|\n|win|WalkEmDownM0rt\n|raw|WalkEmDownM0rt's rating: 1470 &rarr; <strong>1494</strong><br />(+24 for winning)\n|raw|ChampionsmatchVGC's rating: 1534 &rarr; <strong>1510</strong><br />(-24 for losing)\n|l|\u2606ChampionsmatchVGC\n|player|p2|\n|l|\u2606WalkEmDownM0rt\n|player|p1|\n|l| chacooooo\n|j|\u2606WalkEmDownM0rt\n|player|p1|WalkEmDownM0rt|boarder|\n",
  "uploadtime": 1776146509,
  "views": 85,
  "formatid": "gen9championsvgc2026regma",
  "rating": 1494,
  "private": 0,
  "password": null
}