{
  "id": "gen9championsvgc2026regma-2587651734",
  "format": "[Gen 9 Champions] VGC 2026 Reg M-A",
  "players": [
    "steve353",
    "evilest twink"
  ],
  "log": "|j|\u2606steve353\n|j|\u2606evilest twink\n|t:|1776550540\n|gametype|doubles\n|player|p1|steve353|265|1511\n|player|p2|evilest twink|jacinthe|1628\n|gen|9\n|tier|[Gen 9 Champions] VGC 2026 Reg M-A\n|rated|\n|rule|Species Clause: Limit one of each Pok\u00e9mon\n|rule|Item Clause: Limit 1 of each item\n|clearpoke\n|poke|p1|Kangaskhan, L50, F|\n|poke|p1|Whimsicott, L50, F|\n|poke|p1|Milotic, L50, M|\n|poke|p1|Aegislash, L50, M|\n|poke|p1|Garchomp, L50, F|\n|poke|p1|Farigiraf, L50, F|\n|poke|p2|Pelipper, L50, F|\n|poke|p2|Basculegion, L50, M|\n|poke|p2|Scovillain, L50, F|\n|poke|p2|Kingambit, L50, F|\n|poke|p2|Sneasler, L50, F|\n|poke|p2|Archaludon, L50, M|\n|teampreview|4\n|\n|t:|1776550592\n|teamsize|p1|4\n|teamsize|p2|4\n|start\n|switch|p1a: Farigiraf|Farigiraf, L50, F|100/100\n|switch|p1b: Kangaskhan|Kangaskhan, L50, F|100/100\n|switch|p2a: Kingambit|Kingambit, L50, F|100/100\n|switch|p2b: Scovillain|Scovillain, L50, F|100/100\n|turn|1\n|\n|t:|1776550628\n|detailschange|p1b: Kangaskhan|Kangaskhan-Mega, L50, F\n|-mega|p1b: Kangaskhan|Kangaskhan|Kangaskhanite\n|detailschange|p2b: Scovillain|Scovillain-Mega, L50, F\n|-mega|p2b: Scovillain|Scovillain|Scovillainite\n|move|p1b: Kangaskhan|Fake Out|p2a: Kingambit\n|-resisted|p2a: Kingambit|1\n|-damage|p2a: Kingambit|92/100\n|-resisted|p2a: Kingambit|1\n|-damage|p2a: Kingambit|91/100\n|-hitcount|p2a: Kingambit|2\n|move|p2b: Scovillain|Rage Powder|p2b: Scovillain\n|-singleturn|p2b: Scovillain|move: Rage Powder\n|move|p1a: Farigiraf|Psychic|p2b: Scovillain\n|-damage|p2b: Scovillain|74/100\n|-status|p1a: Farigiraf|brn|[from] ability: Spicy Spray|[of] p2b: Scovillain\n|cant|p2a: Kingambit|flinch\n|\n|-damage|p1a: Farigiraf|95/100 brn|[from] brn\n|upkeep\n|turn|2\n|j| rxnnie\n|\n|t:|1776550661\n|move|p2b: Scovillain|Rage Powder|p2b: Scovillain\n|-singleturn|p2b: Scovillain|move: Rage Powder\n|move|p1b: Kangaskhan|Low Kick|p2b: Scovillain\n|-damage|p2b: Scovillain|57/100\n|-status|p1b: Kangaskhan|brn|[from] ability: Spicy Spray|[of] p2b: Scovillain\n|-damage|p2b: Scovillain|55/100\n|-hitcount|p2b: Scovillain|2\n|move|p1a: Farigiraf|Psychic|p2b: Scovillain\n|-damage|p2b: Scovillain|27/100\n|move|p2a: Kingambit|Swords Dance|p2a: Kingambit\n|-boost|p2a: Kingambit|atk|2\n|\n|-damage|p1b: Kangaskhan|95/100 brn|[from] brn\n|-damage|p1a: Farigiraf|89/100 brn|[from] brn\n|upkeep\n|turn|3\n|j| fylof6o6\n|\n|t:|1776550677\n|move|p2b: Scovillain|Rage Powder|p2b: Scovillain\n|-singleturn|p2b: Scovillain|move: Rage Powder\n|move|p1b: Kangaskhan|Low Kick|p2b: Scovillain\n|-damage|p2b: Scovillain|18/100\n|-damage|p2b: Scovillain|16/100\n|-hitcount|p2b: Scovillain|2\n|move|p1a: Farigiraf|Psychic|p2b: Scovillain\n|-damage|p2b: Scovillain|0 fnt\n|faint|p2b: Scovillain\n|move|p2a: Kingambit|Kowtow Cleave|p1a: Farigiraf\n|-supereffective|p1a: Farigiraf|1\n|-crit|p1a: Farigiraf\n|-enditem|p1a: Farigiraf|Colbur Berry|[eat]\n|-enditem|p1a: Farigiraf|Colbur Berry|[weaken]\n|-damage|p1a: Farigiraf|0 fnt\n|faint|p1a: Farigiraf\n|\n|-damage|p1b: Kangaskhan|89/100 brn|[from] brn\n|upkeep\n|l| fylof6o6\n|\n|t:|1776550692\n|switch|p2b: Pelipper|Pelipper, L50, F|100/100\n|switch|p1a: Garchomp|Garchomp, L50, F|100/100\n|-weather|RainDance|[from] ability: Drizzle|[of] p2b: Pelipper\n|turn|4\n|\n|t:|1776550707\n|move|p2a: Kingambit|Protect|p2a: Kingambit\n|-singleturn|p2a: Kingambit|Protect\n|move|p1a: Garchomp|Rock Slide|p2a: Kingambit|[spread] p2b\n|-activate|p2a: Kingambit|move: Protect\n|-supereffective|p2b: Pelipper|1\n|-damage|p2b: Pelipper|45/100\n|move|p1b: Kangaskhan|Double-Edge|p2b: Pelipper\n|-damage|p2b: Pelipper|2/100\n|-damage|p2b: Pelipper|0 fnt\n|faint|p2b: Pelipper\n|-hitcount|p2: Pelipper|2\n|-damage|p1b: Kangaskhan|79/100 brn|[from] Recoil\n|\n|-weather|RainDance|[upkeep]\n|-damage|p1b: Kangaskhan|73/100 brn|[from] brn\n|upkeep\n|\n|t:|1776550711\n|switch|p2b: Archaludon|Archaludon, L50, M|100/100\n|turn|5\n|\n|t:|1776550725\n|move|p1a: Garchomp|Protect|p1a: Garchomp\n|-singleturn|p1a: Garchomp|Protect\n|move|p2a: Kingambit|Sucker Punch|p1b: Kangaskhan\n|-damage|p1b: Kangaskhan|0 fnt\n|faint|p1b: Kangaskhan\n|move|p2b: Archaludon|Draco Meteor|p1a: Garchomp\n|-activate|p1a: Garchomp|move: Protect\n|\n|-weather|RainDance|[upkeep]\n|upkeep\n|j| MatSolo03\n|\n|t:|1776550730\n|switch|p1b: Aegislash|Aegislash, L50, M|100/100\n|turn|6\n|\n|t:|1776550752\n|move|p2a: Kingambit|Protect|p2a: Kingambit\n|-singleturn|p2a: Kingambit|Protect\n|move|p1a: Garchomp|Stomping Tantrum|p2a: Kingambit\n|-activate|p2a: Kingambit|move: Protect\n|move|p2b: Archaludon|Draco Meteor|p1a: Garchomp\n|-supereffective|p1a: Garchomp|1\n|-damage|p1a: Garchomp|0 fnt\n|-unboost|p2b: Archaludon|spa|2\n|faint|p1a: Garchomp\n|-formechange|p1b: Aegislash|Aegislash-Blade|\n|move|p1b: Aegislash|Shadow Ball|p2a: Kingambit\n|-activate|p2a: Kingambit|move: Protect\n|\n|-weather|RainDance|[upkeep]\n|upkeep\n|turn|7\n|-message|steve353 forfeited.\n|\n|win|evilest twink\n|raw|steve353's rating: 1511 &rarr; <strong>1497</strong><br />(-14 for losing)\n|raw|evilest twink's rating: 1628 &rarr; <strong>1642</strong><br />(+14 for winning)\n|l| MatSolo03\n",
  "uploadtime": 1776550782,
  "views": 23,
  "formatid": "gen9championsvgc2026regma",
  "rating": 1497,
  "private": 0,
  "password": null
}