{
  "id": "gen9championsvgc2026regma-2583719233",
  "format": "[Gen 9 Champions] VGC 2026 Reg M-A",
  "players": [
    "Jerry Judewong",
    "wasil111111"
  ],
  "log": "|j|\u2606Jerry Judewong\n|j|\u2606wasil111111\n|t:|1776193050\n|gametype|doubles\n|player|p1|Jerry Judewong|hilbert|1056\n|player|p2|wasil111111|169|1096\n|gen|9\n|tier|[Gen 9 Champions] VGC 2026 Reg M-A\n|rated|\n|rule|Species Clause: Limit one of each Pok\u00e9mon\n|rule|Item Clause: Limit 1 of each item\n|clearpoke\n|poke|p1|Arcanine, L50, M|\n|poke|p1|Kangaskhan, L50, F|\n|poke|p1|Archaludon, L50, M|\n|poke|p1|Meganium, L50, F|\n|poke|p1|Aerodactyl, L50, F|\n|poke|p1|Pelipper, L50, F|\n|poke|p2|Meganium, L50, M|\n|poke|p2|Basculegion, L50, M|\n|poke|p2|Pelipper, L50, M|\n|poke|p2|Arcanine-Hisui, L50, M|\n|poke|p2|Meowstic, L50, M|\n|poke|p2|Archaludon, L50, M|\n|teampreview|4\n|inactive|Battle timer is ON: inactive players will automatically lose when time's up. (requested by wasil111111)\n|\n|t:|1776193107\n|teamsize|p1|4\n|teamsize|p2|4\n|start\n|switch|p1a: Aerodactyl|Aerodactyl, L50, F|100/100\n|switch|p1b: Archaludon|Archaludon, L50, M|100/100\n|switch|p2a: Meowstic|Meowstic, L50, M|100/100\n|switch|p2b: Meganium|Meganium, L50, M|100/100\n|-ability|p1a: Aerodactyl|Unnerve\n|turn|1\n|\n|t:|1776193124\n|detailschange|p2b: Meganium|Meganium-Mega, L50, M\n|-mega|p2b: Meganium|Meganium|Meganiumite\n|move|p1b: Archaludon|Protect|p1b: Archaludon\n|-singleturn|p1b: Archaludon|Protect\n|move|p2a: Meowstic|Fake Out|p1a: Aerodactyl\n|-resisted|p1a: Aerodactyl|1\n|-damage|p1a: Aerodactyl|97/100\n|cant|p1a: Aerodactyl|flinch\n|move|p2b: Meganium|Weather Ball|p1b: Archaludon\n|-activate|p1b: Archaludon|move: Protect\n|\n|upkeep\n|turn|2\n|\n|t:|1776193143\n|move|p2a: Meowstic|Light Screen|p2a: Meowstic\n|-sidestart|p2: wasil111111|move: Light Screen\n|move|p1a: Aerodactyl|Tailwind|p1a: Aerodactyl\n|-sidestart|p1: Jerry Judewong|move: Tailwind\n|move|p1b: Archaludon|Steel Beam|p2b: Meganium\n|-supereffective|p2b: Meganium|1\n|-damage|p2b: Meganium|0 fnt\n|-damage|p1b: Archaludon|50/100|[from] steelbeam\n|faint|p2b: Meganium\n|\n|upkeep\n|\n|t:|1776193155\n|switch|p2b: Arcanine|Arcanine-Hisui, L50, M|100/100\n|turn|3\n|\n|t:|1776193165\n|move|p2a: Meowstic|Reflect|p2a: Meowstic\n|-sidestart|p2: wasil111111|Reflect\n|move|p1a: Aerodactyl|Rock Slide|p2a: Meowstic|[spread] p2a\n|-miss|p1a: Aerodactyl|p2b: Arcanine\n|-crit|p2a: Meowstic\n|-damage|p2a: Meowstic|59/100\n|move|p2b: Arcanine|Head Smash|p1a: Aerodactyl\n|-supereffective|p1a: Aerodactyl|1\n|-damage|p1a: Aerodactyl|0 fnt\n|faint|p1a: Aerodactyl\n|move|p1b: Archaludon|Draco Meteor|p2b: Arcanine\n|-damage|p2b: Arcanine|44/100\n|-unboost|p1b: Archaludon|spa|2\n|\n|upkeep\n|\n|t:|1776193181\n|switch|p1a: Arcanine|Arcanine, L50, M|100/100\n|-ability|p1a: Arcanine|Intimidate|boost\n|-unboost|p2a: Meowstic|atk|1\n|-unboost|p2b: Arcanine|atk|1\n|turn|4\n|\n|t:|1776193191\n|switch|p1b: Kangaskhan|Kangaskhan, L50, F|100/100\n|move|p1a: Arcanine|Howl|p1a: Arcanine|[spread] p1a,p1b\n|-boost|p1a: Arcanine|atk|1\n|-boost|p1b: Kangaskhan|atk|1\n|move|p2b: Arcanine|Head Smash|p1a: Arcanine|[miss]\n|-miss|p2b: Arcanine|p1a: Arcanine\n|move|p2a: Meowstic|Psychic Noise|p1a: Arcanine\n|-damage|p1a: Arcanine|74/100\n|-start|p1a: Arcanine|move: Heal Block\n|\n|upkeep\n|turn|5\n|\n|t:|1776193216\n|switch|p2b: Archaludon|Archaludon, L50, M|100/100\n|detailschange|p1b: Kangaskhan|Kangaskhan-Mega, L50, F\n|-mega|p1b: Kangaskhan|Kangaskhan|Kangaskhanite\n|move|p1a: Arcanine|Snarl|p2a: Meowstic|[spread] p2a,p2b\n|-supereffective|p2a: Meowstic|1\n|-damage|p2a: Meowstic|49/100\n|-damage|p2b: Archaludon|92/100\n|-unboost|p2a: Meowstic|spa|1\n|-unboost|p2b: Archaludon|spa|1\n|-ability|p2b: Archaludon|Stamina|boost\n|-boost|p2b: Archaludon|def|1\n|-enditem|p2a: Meowstic|Sitrus Berry|[eat]\n|-heal|p2a: Meowstic|74/100|[from] item: Sitrus Berry\n|move|p1b: Kangaskhan|Low Kick|p2b: Archaludon\n|-supereffective|p2b: Archaludon|1\n|-damage|p2b: Archaludon|59/100\n|-ability|p2b: Archaludon|Stamina|boost\n|-boost|p2b: Archaludon|def|1\n|-supereffective|p2b: Archaludon|1\n|-damage|p2b: Archaludon|53/100\n|-ability|p2b: Archaludon|Stamina|boost\n|-boost|p2b: Archaludon|def|1\n|-hitcount|p2b: Archaludon|2\n|move|p2a: Meowstic|Psychic Noise|p1b: Kangaskhan\n|-damage|p1b: Kangaskhan|85/100\n|-start|p1b: Kangaskhan|move: Heal Block\n|\n|-heal|p2b: Archaludon|59/100|[from] item: Leftovers\n|-end|p1a: Arcanine|move: Heal Block\n|-sideend|p1: Jerry Judewong|move: Tailwind\n|upkeep\n|turn|6\n|inactive|Jerry Judewong has 30 seconds left.\n|inactive|wasil111111 has 30 seconds left.\n|inactive|wasil111111 has 20 seconds left.\n|\n|t:|1776193254\n|switch|p2a: Arcanine|Arcanine-Hisui, L50, M|44/100\n|move|p2b: Archaludon|Protect|p2b: Archaludon\n|-singleturn|p2b: Archaludon|Protect\n|move|p1a: Arcanine|Howl|p1a: Arcanine|[spread] p1a,p1b\n|-boost|p1a: Arcanine|atk|1\n|-boost|p1b: Kangaskhan|atk|1\n|move|p1b: Kangaskhan|Low Kick|p2b: Archaludon\n|-activate|p2b: Archaludon|move: Protect\n|\n|-heal|p2b: Archaludon|65/100|[from] item: Leftovers\n|-end|p1b: Kangaskhan|move: Heal Block\n|-sideend|p2: wasil111111|move: Light Screen\n|upkeep\n|turn|7\n|\n|t:|1776193278\n|switch|p1a: Archaludon|Archaludon, L50, M|50/100\n|move|p2a: Arcanine|Close Combat|p1b: Kangaskhan\n|-supereffective|p1b: Kangaskhan|1\n|-damage|p1b: Kangaskhan|6/100\n|-unboost|p2a: Arcanine|def|1\n|-unboost|p2a: Arcanine|spd|1\n|move|p1b: Kangaskhan|Low Kick|p2a: Arcanine\n|-supereffective|p2a: Arcanine|1\n|-damage|p2a: Arcanine|0 fnt\n|faint|p2a: Arcanine\n|-hitcount|p2: Arcanine|1\n|move|p2b: Archaludon|Dragon Pulse|p1b: Kangaskhan\n|-damage|p1b: Kangaskhan|0 fnt\n|faint|p1b: Kangaskhan\n|\n|-heal|p2b: Archaludon|71/100|[from] item: Leftovers\n|-sideend|p2: wasil111111|Reflect\n|upkeep\n|\n|t:|1776193297\n|switch|p2a: Meowstic|Meowstic, L50, M|74/100\n|switch|p1b: Arcanine|Arcanine, L50, M|74/100\n|-ability|p1b: Arcanine|Intimidate|boost\n|-unboost|p2a: Meowstic|atk|1\n|-unboost|p2b: Archaludon|atk|1\n|turn|8\n|\n|t:|1776193310\n|move|p1a: Archaludon|Protect|p1a: Archaludon\n|-singleturn|p1a: Archaludon|Protect\n|move|p2a: Meowstic|Fake Out|p1b: Arcanine\n|-damage|p1b: Arcanine|71/100\n|cant|p1b: Arcanine|flinch\n|move|p2b: Archaludon|Dragon Pulse|p1a: Archaludon\n|-activate|p1a: Archaludon|move: Protect\n|\n|-heal|p2b: Archaludon|77/100|[from] item: Leftovers\n|upkeep\n|turn|9\n|\n|t:|1776193325\n|move|p2a: Meowstic|Light Screen|p2a: Meowstic\n|-sidestart|p2: wasil111111|move: Light Screen\n|move|p1b: Arcanine|Snarl|p2a: Meowstic|[spread] p2a\n|-miss|p1b: Arcanine|p2b: Archaludon\n|-supereffective|p2a: Meowstic|1\n|-damage|p2a: Meowstic|65/100\n|-unboost|p2a: Meowstic|spa|1\n|move|p2b: Archaludon|Dragon Pulse|p1a: Archaludon\n|-damage|p1a: Archaludon|6/100\n|move|p1a: Archaludon|Draco Meteor|p2b: Archaludon\n|-damage|p2b: Archaludon|2/100\n|-unboost|p1a: Archaludon|spa|2\n|-ability|p2b: Archaludon|Stamina|boost\n|-boost|p2b: Archaludon|def|1\n|\n|-heal|p2b: Archaludon|8/100|[from] item: Leftovers\n|upkeep\n|turn|10\n|inactive|Jerry Judewong has 30 seconds left.\n|\n|t:|1776193354\n|move|p1b: Arcanine|Snarl|p2b: Archaludon|[spread] p2a,p2b\n|-supereffective|p2a: Meowstic|1\n|-damage|p2a: Meowstic|56/100\n|-damage|p2b: Archaludon|0 fnt\n|-unboost|p2a: Meowstic|spa|1\n|faint|p2b: Archaludon\n|move|p2a: Meowstic|Psychic Noise|p1a: Archaludon\n|-resisted|p1a: Archaludon|1\n|-damage|p1a: Archaludon|0 fnt\n|faint|p1a: Archaludon\n|\n|upkeep\n|turn|11\n|\n|t:|1776193367\n|move|p1b: Arcanine|Flare Blitz|p2a: Meowstic\n|-damage|p2a: Meowstic|0 fnt\n|faint|p2a: Meowstic\n|-damage|p1b: Arcanine|54/100|[from] Recoil\n|\n|win|Jerry Judewong\n|raw|Jerry Judewong's rating: 1056 &rarr; <strong>1091</strong><br />(+35 for winning)\n|raw|wasil111111's rating: 1096 &rarr; <strong>1069</strong><br />(-27 for losing)\n",
  "uploadtime": 1776193376,
  "views": 17,
  "formatid": "gen9championsvgc2026regma",
  "rating": 1069,
  "private": 0,
  "password": null
}