{
  "id": "gen9championsvgc2026regma-2583735399",
  "format": "[Gen 9 Champions] VGC 2026 Reg M-A",
  "players": [
    "zaneami",
    "mongledongle"
  ],
  "log": "|j|\u2606zaneami\n|j|\u2606mongledongle\n|t:|1776194142\n|gametype|doubles\n|player|p1|zaneami|101|1084\n|player|p2|mongledongle|265|1180\n|gen|9\n|tier|[Gen 9 Champions] VGC 2026 Reg M-A\n|rated|\n|rule|Species Clause: Limit one of each Pok\u00e9mon\n|rule|Item Clause: Limit 1 of each item\n|clearpoke\n|poke|p1|Archaludon, L50, F|\n|poke|p1|Crabominable, L50, F|\n|poke|p1|Dragonite, L50, M|\n|poke|p1|Politoed, L50, M|\n|poke|p1|Basculegion, L50, M|\n|poke|p1|Sinistcha, L50|\n|poke|p2|Charizard, L50, M|\n|poke|p2|Venusaur, L50, M|\n|poke|p2|Garchomp, L50, M|\n|poke|p2|Sneasler, L50, F|\n|poke|p2|Incineroar, L50, F|\n|poke|p2|Kingambit, L50, F|\n|teampreview|4\n|inactive|Battle timer is ON: inactive players will automatically lose when time's up. (requested by mongledongle)\n|j| testes babitoides\n|l| testes babitoides\n|inactive|zaneami has 60 seconds left.\n|inactive|mongledongle has 60 seconds left.\n|\n|t:|1776194174\n|teamsize|p1|4\n|teamsize|p2|4\n|start\n|switch|p1a: Sinistcha|Sinistcha, L50|100/100\n|switch|p1b: Dragonite|Dragonite, L50, M|100/100\n|switch|p2a: Charizard|Charizard, L50, M|100/100\n|switch|p2b: Sneasler|Sneasler, L50, F|100/100\n|turn|1\n|inactive|mongledongle has 30 seconds left.\n|\n|t:|1776194207\n|detailschange|p1b: Dragonite|Dragonite-Mega, L50, M\n|-mega|p1b: Dragonite|Dragonite|Dragoninite\n|move|p2b: Sneasler|Dire Claw|p1a: Sinistcha\n|-damage|p1a: Sinistcha|70/100\n|move|p2a: Charizard|Heat Wave|p1b: Dragonite|[spread] p1a,p1b\n|-supereffective|p1a: Sinistcha|1\n|-resisted|p1b: Dragonite|1\n|-damage|p1a: Sinistcha|0 fnt\n|-damage|p1b: Dragonite|94/100\n|faint|p1a: Sinistcha\n|move|p1b: Dragonite|Hurricane|p2b: Sneasler|[miss]\n|-miss|p1b: Dragonite|p2b: Sneasler\n|\n|upkeep\n|\n|t:|1776194217\n|switch|p1a: Politoed|Politoed, L50, M|100/100\n|-weather|RainDance|[from] ability: Drizzle|[of] p1a: Politoed\n|turn|2\n|inactive|zaneami has 30 seconds left.\n|inactive|zaneami has 20 seconds left.\n|inactive|zaneami has 15 seconds left.\n|\n|t:|1776194262\n|detailschange|p2a: Charizard|Charizard-Mega-Y, L50, M\n|-mega|p2a: Charizard|Charizard|Charizardite Y\n|-weather|SunnyDay|[from] ability: Drought|[of] p2a: Charizard\n|move|p2b: Sneasler|Close Combat|p1a: Politoed\n|-damage|p1a: Politoed|24/100\n|-unboost|p2b: Sneasler|def|1\n|-unboost|p2b: Sneasler|spd|1\n|-enditem|p2b: Sneasler|White Herb\n|-clearnegativeboost|p2b: Sneasler|[silent]\n|move|p2a: Charizard|Solar Beam||[still]\n|-prepare|p2a: Charizard|Solar Beam\n|-anim|p2a: Charizard|Solar Beam|p1a: Politoed\n|-supereffective|p1a: Politoed|1\n|-damage|p1a: Politoed|0 fnt\n|faint|p1a: Politoed\n|move|p1b: Dragonite|Hurricane|p2b: Sneasler|[miss]\n|-miss|p1b: Dragonite|p2b: Sneasler\n|\n|-weather|SunnyDay|[upkeep]\n|upkeep\n|\n|t:|1776194274\n|switch|p1a: Basculegion|Basculegion, L50, M|100/100\n|turn|3\n|inactive|zaneami has 30 seconds left.\n|inactive|zaneami has 20 seconds left.\n|inactive|mongledongle has 30 seconds left.\n|inactive|zaneami has 15 seconds left.\n|inactive|zaneami has 10 seconds left.\n|inactive|zaneami has 5 seconds left.\n|inactive|mongledongle has 20 seconds left.\n|\n|t:|1776194329\n|move|p2a: Charizard|Protect|p2a: Charizard\n|-singleturn|p2a: Charizard|Protect\n|move|p1a: Basculegion|Protect|p1a: Basculegion\n|-singleturn|p1a: Basculegion|Protect\n|move|p2b: Sneasler|Dire Claw|p1b: Dragonite\n|-damage|p1b: Dragonite|50/100\n|move|p1b: Dragonite|Hurricane|p2a: Charizard\n|-activate|p2a: Charizard|move: Protect\n|\n|-weather|SunnyDay|[upkeep]\n|upkeep\n|turn|4\n|inactive|zaneami has 30 seconds left.\n|inactive|zaneami has 20 seconds left.\n|\n|t:|1776194368\n|move|p1b: Dragonite|Protect|p1b: Dragonite\n|-singleturn|p1b: Dragonite|Protect\n|move|p1a: Basculegion|Protect||[still]\n|-fail|p1a: Basculegion\n|move|p2b: Sneasler|Dire Claw|p1b: Dragonite\n|-activate|p1b: Dragonite|move: Protect\n|move|p2a: Charizard|Heat Wave|p1a: Basculegion|[spread] p1a\n|-activate|p1b: Dragonite|move: Protect\n|-resisted|p1a: Basculegion|1\n|-damage|p1a: Basculegion|65/100\n|\n|-weather|SunnyDay|[upkeep]\n|upkeep\n|turn|5\n|inactive|zaneami has 30 seconds left.\n|-message|zaneami forfeited.\n|\n|win|mongledongle\n|raw|zaneami's rating: 1084 &rarr; <strong>1067</strong><br />(-17 for losing)\n|raw|mongledongle's rating: 1180 &rarr; <strong>1198</strong><br />(+18 for winning)\n|l|\u2606mongledongle\n|player|p2|\n",
  "uploadtime": 1776194405,
  "views": 26,
  "formatid": "gen9championsvgc2026regma",
  "rating": 1067,
  "private": 0,
  "password": null
}