{
  "id": "gen9championsvgc2026regma-2586157477",
  "format": "[Gen 9 Champions] VGC 2026 Reg M-A",
  "players": [
    "emtaler",
    "IDon'tWinBattles"
  ],
  "log": "|j|\u2606emtaler\n|j|\u2606IDon'tWinBattles\n|t:|1776406305\n|gametype|doubles\n|player|p1|emtaler|n|1162\n|player|p2|IDon'tWinBattles|heroine2-conquest|1154\n|gen|9\n|tier|[Gen 9 Champions] VGC 2026 Reg M-A\n|rated|\n|rule|Species Clause: Limit one of each Pok\u00e9mon\n|rule|Item Clause: Limit 1 of each item\n|clearpoke\n|poke|p1|Archaludon, L50, F|\n|poke|p1|Pelipper, L50, M|\n|poke|p1|Sinistcha, L50|\n|poke|p1|Sneasler, L50, M|\n|poke|p1|Gardevoir, L50, F|\n|poke|p1|Basculegion, L50, M|\n|poke|p2|Gardevoir, L50, F|\n|poke|p2|Sneasler, L50, F|\n|poke|p2|Farigiraf, L50, M|\n|poke|p2|Kingambit, L50, M|\n|poke|p2|Sinistcha, L50|\n|poke|p2|Meowstic, L50, M|\n|teampreview|4\n|inactive|Battle timer is ON: inactive players will automatically lose when time's up. (requested by emtaler)\n|\n|t:|1776406329\n|teamsize|p1|4\n|teamsize|p2|4\n|start\n|switch|p1a: Pelipper|Pelipper, L50, M, shiny|100/100\n|switch|p1b: Sneasler|Sneasler, L50, M, shiny|100/100\n|switch|p2a: Hope|Farigiraf, L50, M|100/100\n|switch|p2b: Justice!|Gardevoir, L50, F, shiny|100/100\n|-weather|RainDance|[from] ability: Drizzle|[of] p1a: Pelipper\n|turn|1\n|\n|t:|1776406343\n|move|p2b: Justice!|Protect|p2b: Justice!\n|-singleturn|p2b: Justice!|Protect\n|move|p1b: Sneasler|Dire Claw|p2b: Justice!\n|-activate|p2b: Justice!|move: Protect\n|move|p1a: Pelipper|Tailwind|p1a: Pelipper\n|-sidestart|p1: emtaler|move: Tailwind\n|move|p2a: Hope|Trick Room|p2a: Hope\n|-fieldstart|move: Trick Room|[of] p2a: Hope\n|\n|-weather|RainDance|[upkeep]\n|upkeep\n|turn|2\n|\n|t:|1776406361\n|switch|p1b: Archaludon|Archaludon, L50, F|100/100\n|detailschange|p2b: Justice!|Gardevoir-Mega, L50, F, shiny\n|-mega|p2b: Justice!|Gardevoir|Gardevoirite\n|move|p2a: Hope|Psychic|p1b: Archaludon\n|-resisted|p1b: Archaludon|1\n|-damage|p1b: Archaludon|75/100\n|-ability|p1b: Archaludon|Stamina|boost\n|-boost|p1b: Archaludon|def|1\n|move|p2b: Justice!|Hyper Voice|p1a: Pelipper|[spread] p1a,p1b\n|-enditem|p1a: Pelipper|Focus Sash\n|-damage|p1a: Pelipper|1/100\n|-damage|p1b: Archaludon|11/100\n|-ability|p1b: Archaludon|Stamina|boost\n|-boost|p1b: Archaludon|def|1\n|move|p1a: Pelipper|Hydro Pump|p2b: Justice!\n|-damage|p2b: Justice!|40/100\n|\n|-weather|RainDance|[upkeep]\n|-heal|p1b: Archaludon|17/100|[from] item: Leftovers\n|upkeep\n|turn|3\n|\n|t:|1776406384\n|move|p2a: Hope|Helping Hand|p2b: Justice!\n|-singleturn|p2b: Justice!|Helping Hand|[of] p2a: Hope\n|move|p1b: Archaludon|Protect|p1b: Archaludon\n|-singleturn|p1b: Archaludon|Protect\n|move|p1a: Pelipper|Protect|p1a: Pelipper\n|-singleturn|p1a: Pelipper|Protect\n|move|p2b: Justice!|Hyper Voice|p1b: Archaludon|[spread] \n|-activate|p1a: Pelipper|move: Protect\n|-activate|p1b: Archaludon|move: Protect\n|\n|-weather|RainDance|[upkeep]\n|-heal|p1b: Archaludon|23/100|[from] item: Leftovers\n|upkeep\n|turn|4\n|\n|t:|1776406408\n|move|p2a: Hope|Helping Hand|p2b: Justice!\n|-singleturn|p2b: Justice!|Helping Hand|[of] p2a: Hope\n|move|p2b: Justice!|Hyper Voice|p1a: Pelipper|[spread] p1a,p1b\n|-damage|p1a: Pelipper|0 fnt\n|-damage|p1b: Archaludon|0 fnt\n|faint|p1a: Pelipper\n|faint|p1b: Archaludon\n|\n|-weather|RainDance|[upkeep]\n|-sideend|p1: emtaler|move: Tailwind\n|upkeep\n|\n|t:|1776406419\n|switch|p1b: Sneasler|Sneasler, L50, M, shiny|100/100\n|switch|p1a: Gardevoir|Gardevoir, L50, F, shiny|100/100\n|-ability|p1a: Gardevoir|Armor Tail|Trace|[from] ability: Trace|[of] p2a: Hope\n|turn|5\n|\n|t:|1776406433\n|detailschange|p1a: Gardevoir|Gardevoir-Mega, L50, F, shiny\n|-mega|p1a: Gardevoir|Gardevoir|Gardevoirite\n|move|p2a: Hope|Helping Hand|p2b: Justice!\n|-singleturn|p2b: Justice!|Helping Hand|[of] p2a: Hope\n|move|p2b: Justice!|Hyper Voice|p1a: Gardevoir|[spread] p1a,p1b\n|-damage|p1a: Gardevoir|26/100\n|-damage|p1b: Sneasler|0 fnt\n|faint|p1b: Sneasler\n|move|p1a: Gardevoir|Hyper Voice|p2b: Justice!|[spread] p2a,p2b\n|-damage|p2a: Hope|42/100\n|-damage|p2b: Justice!|0 fnt\n|faint|p2b: Justice!\n|\n|-weather|none\n|-heal|p2a: Hope|48/100|[from] item: Leftovers\n|-fieldend|move: Trick Room\n|upkeep\n|\n|t:|1776406444\n|switch|p2b: I ran out of names|Sinistcha, L50|100/100\n|-heal|p2a: Hope|73/100|[from] ability: Hospitality|[of] p2b: I ran out of names\n|turn|6\n|\n|t:|1776406453\n|move|p2a: Hope|Ally Switch|p2a: Hope\n|swap|p2a: Hope|1|[from] move: Ally Switch\n|move|p1a: Gardevoir|Hyper Voice|p2a: I ran out of names|[spread] p2a,p2b\n|-damage|p2a: I ran out of names|47/100\n|-damage|p2b: Hope|17/100\n|move|p2a: I ran out of names|Matcha Gotcha|p1a: Gardevoir\n|-damage|p1a: Gardevoir|0 fnt\n|-heal|p2a: I ran out of names|57/100|[from] drain|[of] p1a: Gardevoir\n|faint|p1a: Gardevoir\n|\n|win|IDon'tWinBattles\n|raw|emtaler's rating: 1162 &rarr; <strong>1136</strong><br />(-26 for losing)\n|raw|IDon&apos;tWinBattles's rating: 1154 &rarr; <strong>1180</strong><br />(+26 for winning)\n|c|\u2606IDon'tWinBattles|gg\n",
  "uploadtime": 1776406460,
  "views": 32,
  "formatid": "gen9championsvgc2026regma",
  "rating": 1136,
  "private": 0,
  "password": null
}