{
  "id": "gen9championsvgc2026regma-2586161524",
  "format": "[Gen 9 Champions] VGC 2026 Reg M-A",
  "players": [
    "Pinheaded03",
    "IDon'tWinBattles"
  ],
  "log": "|j|\u2606Pinheaded03\n|j|\u2606IDon'tWinBattles\n|t:|1776406821\n|gametype|doubles\n|player|p1|Pinheaded03|pokemonranger-gen4|1196\n|player|p2|IDon'tWinBattles|heroine2-conquest|1205\n|gen|9\n|tier|[Gen 9 Champions] VGC 2026 Reg M-A\n|rated|\n|rule|Species Clause: Limit one of each Pok\u00e9mon\n|rule|Item Clause: Limit 1 of each item\n|clearpoke\n|poke|p1|Feraligatr, L50, F|\n|poke|p1|Pelipper, L50, F|\n|poke|p1|Sinistcha, L50|\n|poke|p1|Sneasler, L50, M|\n|poke|p1|Archaludon, L50, F|\n|poke|p1|Gengar, L50, M|\n|poke|p2|Gardevoir, L50, F|\n|poke|p2|Sneasler, L50, M|\n|poke|p2|Farigiraf, L50, F|\n|poke|p2|Kingambit, L50, M|\n|poke|p2|Sinistcha, L50|\n|poke|p2|Meowstic, L50, M|\n|teampreview|4\n|\n|t:|1776406873\n|teamsize|p1|4\n|teamsize|p2|4\n|start\n|switch|p1a: Gengar|Gengar, L50, M|100/100\n|switch|p1b: Archaludon|Archaludon, L50, F|100/100\n|switch|p2a: Hope|Farigiraf, L50, F|100/100\n|switch|p2b: Justice!|Gardevoir, L50, F, shiny|100/100\n|turn|1\n|\n|t:|1776406887\n|detailschange|p2b: Justice!|Gardevoir-Mega, L50, F, shiny\n|-mega|p2b: Justice!|Gardevoir|Gardevoirite\n|move|p2b: Justice!|Protect|p2b: Justice!\n|-singleturn|p2b: Justice!|Protect\n|move|p1a: Gengar|Dark Pulse|p2a: Hope\n|-supereffective|p2a: Hope|1\n|-damage|p2a: Hope|38/100\n|move|p1b: Archaludon|Flash Cannon|p2a: Hope\n|-damage|p2a: Hope|0 fnt\n|faint|p2a: Hope\n|\n|upkeep\n|\n|t:|1776406896\n|switch|p2a: Checkmate|Kingambit, L50, M|100/100\n|turn|2\n|\n|t:|1776406904\n|switch|p1a: Pelipper|Pelipper, L50, F, shiny|100/100\n|-weather|RainDance|[from] ability: Drizzle|[of] p1a: Pelipper\n|move|p1b: Archaludon|Electro Shot||[still]\n|-prepare|p1b: Archaludon|Electro Shot\n|-boost|p1b: Archaludon|spa|1\n|-anim|p1b: Archaludon|Electro Shot|p2b: Justice!\n|-damage|p2b: Justice!|40/100\n|move|p2b: Justice!|Hyper Voice|p1b: Archaludon|[spread] p1a,p1b\n|-damage|p1a: Pelipper|32/100\n|-damage|p1b: Archaludon|29/100\n|-enditem|p1a: Pelipper|Sitrus Berry|[eat]\n|-heal|p1a: Pelipper|56/100|[from] item: Sitrus Berry\n|move|p2a: Checkmate|Kowtow Cleave|p1a: Pelipper\n|-damage|p1a: Pelipper|2/100\n|\n|-weather|RainDance|[upkeep]\n|upkeep\n|turn|3\n|\n|t:|1776406939\n|move|p2b: Justice!|Protect|p2b: Justice!\n|-singleturn|p2b: Justice!|Protect\n|move|p2a: Checkmate|Sucker Punch|p1b: Archaludon\n|-damage|p1b: Archaludon|0 fnt\n|faint|p1b: Archaludon\n|move|p1a: Pelipper|Tailwind|p1a: Pelipper\n|-sidestart|p1: Pinheaded03|move: Tailwind\n|\n|-weather|RainDance|[upkeep]\n|upkeep\n|\n|t:|1776406948\n|switch|p1b: Feraligatr|Feraligatr, L50, F, shiny|100/100\n|turn|4\n|\n|t:|1776406988\n|switch|p1a: Gengar|Gengar, L50, M|100/100\n|detailschange|p1b: Feraligatr|Feraligatr-Mega, L50, F, shiny\n|-mega|p1b: Feraligatr|Feraligatr|Feraligite\n|move|p2b: Justice!|Protect|p2b: Justice!\n|-singleturn|p2b: Justice!|Protect\n|move|p2a: Checkmate|Sucker Punch||[still]\n|-fail|p2a: Checkmate\n|move|p1b: Feraligatr|Liquidation|p2b: Justice!\n|-activate|p2b: Justice!|move: Protect\n|\n|-weather|RainDance|[upkeep]\n|upkeep\n|turn|5\n|\n|t:|1776407011\n|switch|p1a: Pelipper|Pelipper, L50, F, shiny|2/100\n|switch|p2b: I ran out of names|Sinistcha, L50|100/100\n|move|p1b: Feraligatr|Liquidation|p2b: I ran out of names\n|-resisted|p2b: I ran out of names|1\n|-damage|p2b: I ran out of names|65/100\n|move|p2a: Checkmate|Kowtow Cleave|p1a: Pelipper\n|-damage|p1a: Pelipper|0 fnt\n|faint|p1a: Pelipper\n|\n|-weather|RainDance|[upkeep]\n|upkeep\n|\n|t:|1776407022\n|switch|p1a: Gengar|Gengar, L50, M|100/100\n|turn|6\n|\n|t:|1776407029\n|move|p1a: Gengar|Shadow Ball|p2b: I ran out of names\n|-supereffective|p2b: I ran out of names|1\n|-enditem|p2b: I ran out of names|Kasib Berry|[eat]\n|-enditem|p2b: I ran out of names|Kasib Berry|[weaken]\n|-damage|p2b: I ran out of names|19/100\n|move|p1b: Feraligatr|Dragon Dance|p1b: Feraligatr\n|-boost|p1b: Feraligatr|atk|1\n|-boost|p1b: Feraligatr|spe|1\n|move|p2a: Checkmate|Kowtow Cleave|p1a: Gengar\n|-supereffective|p1a: Gengar|1\n|-damage|p1a: Gengar|0 fnt\n|-start|p2a: Checkmate|Disable|Kowtow Cleave|[from] ability: Cursed Body|[of] p1a: Gengar\n|faint|p1a: Gengar\n|move|p2b: I ran out of names|Trick Room|p2b: I ran out of names\n|-fieldstart|move: Trick Room|[of] p2b: I ran out of names\n|\n|-weather|none\n|-sideend|p1: Pinheaded03|move: Tailwind\n|upkeep\n|turn|7\n|\n|t:|1776407047\n|move|p2a: Checkmate|Iron Head|p1b: Feraligatr\n|-resisted|p1b: Feraligatr|1\n|-damage|p1b: Feraligatr|82/100\n|move|p2b: I ran out of names|Strength Sap|p1b: Feraligatr\n|-unboost|p1b: Feraligatr|atk|1\n|-heal|p2b: I ran out of names|100/100\n|move|p1b: Feraligatr|Liquidation|p2a: Checkmate\n|-damage|p2a: Checkmate|58/100\n|\n|upkeep\n|turn|8\n|\n|t:|1776407062\n|move|p2a: Checkmate|Iron Head|p1b: Feraligatr\n|-resisted|p1b: Feraligatr|1\n|-crit|p1b: Feraligatr\n|-damage|p1b: Feraligatr|53/100\n|move|p2b: I ran out of names|Matcha Gotcha|p1b: Feraligatr\n|-damage|p1b: Feraligatr|20/100\n|cant|p1b: Feraligatr|flinch\n|\n|upkeep\n|turn|9\n|c|\u2606Pinheaded03|gg\n|\n|t:|1776407072\n|move|p2a: Checkmate|Iron Head|p1b: Feraligatr\n|-resisted|p1b: Feraligatr|1\n|-damage|p1b: Feraligatr|2/100\n|move|p2b: I ran out of names|Matcha Gotcha|p1b: Feraligatr\n|-damage|p1b: Feraligatr|0 fnt\n|faint|p1b: Feraligatr\n|\n|win|IDon'tWinBattles\n|raw|Pinheaded03's rating: 1196 &rarr; <strong>1172</strong><br />(-24 for losing)\n|raw|IDon&apos;tWinBattles's rating: 1205 &rarr; <strong>1229</strong><br />(+24 for winning)\n|c|\u2606IDon'tWinBattles|gg\n",
  "uploadtime": 1776407075,
  "views": 29,
  "formatid": "gen9championsvgc2026regma",
  "rating": 1172,
  "private": 0,
  "password": null
}