{
  "id": "gen9championsvgc2026regma-2588730747",
  "format": "[Gen 9 Champions] VGC 2026 Reg M-A",
  "players": [
    "Rharo0",
    "summermayflower"
  ],
  "log": "|j|\u2606Rharo0\n|j|\u2606summermayflower\n|t:|1776663149\n|gametype|doubles\n|player|p1|Rharo0|pokemonbreeder|1060\n|player|p2|summermayflower|flannery|1000\n|gen|9\n|tier|[Gen 9 Champions] VGC 2026 Reg M-A\n|rated|\n|rule|Species Clause: Limit one of each Pok\u00e9mon\n|rule|Item Clause: Limit 1 of each item\n|clearpoke\n|poke|p1|Banette, L50, M|\n|poke|p1|Rampardos, L50, F|\n|poke|p1|Decidueye-Hisui, L50, M|\n|poke|p1|Salazzle, L50, F|\n|poke|p1|Garganacl, L50, F|\n|poke|p1|Sableye, L50, F|\n|poke|p2|Abomasnow, L50, F|\n|poke|p2|Oranguru, L50, F|\n|poke|p2|Blastoise, L50, F|\n|poke|p2|Kingambit, L50, M|\n|poke|p2|Aerodactyl, L50, M|\n|poke|p2|Incineroar, L50, M|\n|teampreview|4\n|inactive|Battle timer is ON: inactive players will automatically lose when time's up. (requested by summermayflower)\n|c|\u2606Rharo0|Spoilers: bomb garganacl\n|inactive|summermayflower has 60 seconds left.\n|c|\u2606Rharo0|Testing damage\n|inactive|summermayflower has 30 seconds left.\n|\n|t:|1776663214\n|teamsize|p1|4\n|teamsize|p2|4\n|start\n|switch|p1a: Garganacl|Garganacl, L50, F|100/100\n|switch|p1b: Sableye|Sableye, L50, F|100/100\n|switch|p2a: Harambe|Oranguru, L50, F|100/100\n|switch|p2b: Leonardo|Blastoise, L50, F|100/100\n|turn|1\n|inactive|summermayflower has 30 seconds left.\n|inactive|summermayflower has 20 seconds left.\n|\n|t:|1776663253\n|detailschange|p2b: Leonardo|Blastoise-Mega, L50, F\n|-mega|p2b: Leonardo|Blastoise|Blastoisinite\n|move|p2a: Harambe|Protect|p2a: Harambe\n|-singleturn|p2a: Harambe|Protect\n|move|p2b: Leonardo|Fake Out|p1a: Garganacl\n|-resisted|p1a: Garganacl|1\n|-damage|p1a: Garganacl|98/100\n|move|p1b: Sableye|Light Screen|p1b: Sableye\n|-sidestart|p1: Rharo0|move: Light Screen\n|cant|p1a: Garganacl|flinch\n|\n|upkeep\n|turn|2\n|\n|t:|1776663268\n|move|p1b: Sableye|Reflect|p1b: Sableye\n|-sidestart|p1: Rharo0|Reflect\n|move|p2b: Leonardo|Water Spout|p1a: Garganacl|[spread] p1a,p1b\n|-supereffective|p1a: Garganacl|1\n|-damage|p1a: Garganacl|15/100\n|-damage|p1b: Sableye|27/100\n|move|p1a: Garganacl|Curse|p1a: Garganacl\n|-unboost|p1a: Garganacl|spe|1\n|-boost|p1a: Garganacl|atk|1\n|-boost|p1a: Garganacl|def|1\n|move|p2a: Harambe|Trick Room|p2a: Harambe\n|-fieldstart|move: Trick Room|[of] p2a: Harambe\n|\n|upkeep\n|turn|3\n|\n|t:|1776663288\n|move|p1b: Sableye|Feint|p2b: Leonardo\n|-damage|p2b: Leonardo|94/100\n|move|p1a: Garganacl|Explosion|p2a: Harambe|[spread] p2a,p2b\n|-immune|p1b: Sableye\n|-damage|p2a: Harambe|0 fnt\n|-damage|p2b: Leonardo|15/100\n|faint|p1a: Garganacl\n|faint|p2a: Harambe\n|move|p2b: Leonardo|Water Spout|p1b: Sableye\n|-damage|p1b: Sableye|13/100\n|\n|upkeep\n|\n|t:|1776663301\n|switch|p1a: Decidueye|Decidueye-Hisui, L50, M|100/100\n|switch|p2a: Garfield|Incineroar, L50, M|100/100\n|-ability|p2a: Garfield|Intimidate|boost\n|-fail|p1a: Decidueye|unboost|Attack|[from] ability: Scrappy|[of] p1a: Decidueye\n|-unboost|p1b: Sableye|atk|1\n|turn|4\n|\n|t:|1776663321\n|move|p1a: Decidueye|Protect|p1a: Decidueye\n|-singleturn|p1a: Decidueye|Protect\n|move|p2a: Garfield|Fake Out|p1a: Decidueye\n|-activate|p1a: Decidueye|move: Protect\n|move|p1b: Sableye|Feint|p2b: Leonardo\n|-damage|p2b: Leonardo|11/100\n|move|p2b: Leonardo|Aura Sphere|p1a: Decidueye\n|-activate|p1a: Decidueye|move: Protect\n|\n|upkeep\n|turn|5\n|\n|t:|1776663338\n|move|p1b: Sableye|Quash|p2b: Leonardo\n|-activate|p2b: Leonardo|move: Quash\n|move|p2a: Garfield|Flare Blitz|p1a: Decidueye\n|-supereffective|p1a: Decidueye|1\n|-damage|p1a: Decidueye|21/100\n|-damage|p2a: Garfield|77/100|[from] Recoil\n|move|p1a: Decidueye|Triple Arrows|p2a: Garfield\n|-supereffective|p2a: Garfield|1\n|-damage|p2a: Garfield|3/100\n|-unboost|p2a: Garfield|def|1\n|-enditem|p2a: Garfield|Sitrus Berry|[eat]\n|-heal|p2a: Garfield|28/100|[from] item: Sitrus Berry\n|move|p2b: Leonardo|Water Spout|p1b: Sableye|[spread] p1a,p1b\n|-resisted|p1a: Decidueye|1\n|-damage|p1a: Decidueye|19/100\n|-damage|p1b: Sableye|6/100\n|\n|-sideend|p1: Rharo0|move: Light Screen\n|upkeep\n|turn|6\n|\n|t:|1776663362\n|move|p1b: Sableye|Feint|p2b: Leonardo\n|-damage|p2b: Leonardo|6/100\n|move|p1a: Decidueye|Sucker Punch|p2a: Garfield\n|-resisted|p2a: Garfield|1\n|-damage|p2a: Garfield|14/100\n|move|p2a: Garfield|Flare Blitz|p1a: Decidueye\n|-supereffective|p1a: Decidueye|1\n|-damage|p1a: Decidueye|0 fnt\n|faint|p1a: Decidueye\n|-damage|p2a: Garfield|8/100|[from] Recoil\n|move|p2b: Leonardo|Water Spout|p1b: Sableye\n|-damage|p1b: Sableye|0 fnt\n|faint|p1b: Sableye\n|\n|-sideend|p1: Rharo0|Reflect\n|-fieldend|move: Trick Room\n|upkeep\n|\n|t:|1776663370\n|switch|p1b: Banette|Banette, L50, M|100/100\n|-item|p2b: Leonardo|Blastoisinite|[from] ability: Frisk|[of] p1b: Banette\n|turn|7\n|\n|t:|1776663387\n|detailschange|p1b: Banette|Banette-Mega, L50, M\n|-mega|p1b: Banette|Banette|Banettite\n|move|p2b: Leonardo|Protect|p2b: Leonardo\n|-singleturn|p2b: Leonardo|Protect\n|move|p1b: Banette|Gunk Shot|p2a: Garfield\n|-damage|p2a: Garfield|0 fnt\n|faint|p2a: Garfield\n|\n|upkeep\n|\n|t:|1776663393\n|switch|p2a: Nestle|Aerodactyl, L50, M|100/100\n|-ability|p2a: Nestle|Unnerve\n|turn|8\n|\n|t:|1776663404\n|move|p2a: Nestle|Rock Slide|p1b: Banette\n|-damage|p1b: Banette|53/100\n|move|p2b: Leonardo|Water Spout|p1b: Banette\n|-damage|p1b: Banette|46/100\n|move|p1b: Banette|Poltergeist|p2a: Nestle\n|-activate|p2a: Nestle|move: Poltergeist|Focus Sash\n|-enditem|p2a: Nestle|Focus Sash\n|-damage|p2a: Nestle|1/100\n|\n|upkeep\n|turn|9\n|\n|t:|1776663418\n|move|p1b: Banette|Destiny Bond|p1b: Banette\n|-singlemove|p1b: Banette|Destiny Bond\n|move|p2a: Nestle|Rock Slide|p1b: Banette\n|-damage|p1b: Banette|5/100\n|move|p2b: Leonardo|Water Spout|p1b: Banette\n|-damage|p1b: Banette|0 fnt\n|faint|p1b: Banette\n|-activate|p1b: Banette|move: Destiny Bond\n|faint|p2b: Leonardo\n|\n|win|summermayflower\n|raw|Rharo0's rating: 1060 &rarr; <strong>1038</strong><br />(-22 for losing)\n|raw|summermayflower's rating: 1000 &rarr; <strong>1047</strong><br />(+47 for winning)\n",
  "uploadtime": 1776663430,
  "views": 18,
  "formatid": "gen9championsvgc2026regma",
  "rating": 1038,
  "private": 0,
  "password": null
}