{
  "id": "gen9championsvgc2026regma-2583060494",
  "format": "[Gen 9 Champions] VGC 2026 Reg M-A",
  "players": [
    "xm3u4tp6",
    "valentiniga"
  ],
  "log": "|j|\u2606xm3u4tp6\n|j|\u2606valentiniga\n|t:|1776137714\n|gametype|doubles\n|player|p1|xm3u4tp6|miku-ghost|1157\n|player|p2|valentiniga|170|1135\n|gen|9\n|tier|[Gen 9 Champions] VGC 2026 Reg M-A\n|rated|\n|rule|Species Clause: Limit one of each Pok\u00e9mon\n|rule|Item Clause: Limit 1 of each item\n|clearpoke\n|poke|p1|Tyranitar, L50, F|\n|poke|p1|Scizor, L50, F|\n|poke|p1|Gourgeist-*, L50, M|\n|poke|p1|Kommo-o, L50, F|\n|poke|p1|Corviknight, L50, M|\n|poke|p1|Mamoswine, L50, F|\n|poke|p2|Archaludon, L50, M|\n|poke|p2|Pelipper, L50, M|\n|poke|p2|Basculegion, L50, M|\n|poke|p2|Dragonite, L50, M|\n|poke|p2|Sinistcha-Masterpiece, L50|\n|poke|p2|Sneasler, L50, F|\n|teampreview|4\n|\n|t:|1776137752\n|teamsize|p1|4\n|teamsize|p2|4\n|start\n|switch|p1a: Tyranitar|Tyranitar, L50, F|100/100\n|switch|p1b: Gourgeist|Gourgeist, L50, M|100/100\n|switch|p2a: Pelipper|Pelipper, L50, M|100/100\n|switch|p2b: Sneasler|Sneasler, L50, F|100/100\n|-item|p2a: Pelipper|Focus Sash|[from] ability: Frisk|[of] p1b: Gourgeist\n|-item|p2b: Sneasler|Mental Herb|[from] ability: Frisk|[of] p1b: Gourgeist\n|-weather|RainDance|[from] ability: Drizzle|[of] p2a: Pelipper\n|-weather|Sandstorm|[from] ability: Sand Stream|[of] p1a: Tyranitar\n|turn|1\n|\n|t:|1776137788\n|switch|p2a: Basculegion|Basculegion, L50, M|100/100\n|detailschange|p1a: Tyranitar|Tyranitar-Mega, L50, F\n|-mega|p1a: Tyranitar|Tyranitar|Tyranitarite\n|move|p2b: Sneasler|Protect|p2b: Sneasler\n|-singleturn|p2b: Sneasler|Protect\n|move|p1b: Gourgeist|Trick-or-Treat|p1a: Tyranitar\n|-start|p1a: Tyranitar|typeadd|Ghost|[from] move: Trick-or-Treat\n|move|p1a: Tyranitar|Rock Slide|p2b: Sneasler|[spread] p2a\n|-activate|p2b: Sneasler|move: Protect\n|-damage|p2a: Basculegion|54/100\n|\n|-weather|Sandstorm|[upkeep]\n|-damage|p1b: Gourgeist|95/100|[from] Sandstorm\n|-damage|p2a: Basculegion|48/100|[from] Sandstorm\n|-damage|p2b: Sneasler|95/100|[from] Sandstorm\n|upkeep\n|turn|2\n|\n|t:|1776137828\n|switch|p1b: Corviknight|Corviknight, L50, M|100/100\n|switch|p2b: Pelipper|Pelipper, L50, M|100/100\n|-weather|RainDance|[from] ability: Drizzle|[of] p2b: Pelipper\n|move|p1a: Tyranitar|Protect|p1a: Tyranitar\n|-singleturn|p1a: Tyranitar|Protect\n|move|p2a: Basculegion|Wave Crash|p1a: Tyranitar\n|-activate|p1a: Tyranitar|move: Protect\n|\n|-weather|RainDance|[upkeep]\n|upkeep\n|turn|3\n|\n|t:|1776137850\n|switch|p1a: Gourgeist|Gourgeist, L50, M|95/100\n|-item|p2a: Basculegion|Choice Scarf|[from] ability: Frisk|[of] p1a: Gourgeist\n|-item|p2b: Pelipper|Focus Sash|[from] ability: Frisk|[of] p1a: Gourgeist\n|move|p2a: Basculegion|Wave Crash|p1a: Gourgeist\n|-resisted|p1a: Gourgeist|1\n|-damage|p1a: Gourgeist|55/100\n|-damage|p2a: Basculegion|37/100|[from] Recoil\n|move|p2b: Pelipper|Tailwind|p2b: Pelipper\n|-sidestart|p2: valentiniga|move: Tailwind\n|move|p1b: Corviknight|Brave Bird|p2a: Basculegion\n|-damage|p2a: Basculegion|0 fnt\n|faint|p2a: Basculegion\n|-damage|p1b: Corviknight|89/100|[from] Recoil\n|\n|-weather|RainDance|[upkeep]\n|upkeep\n|\n|t:|1776137867\n|switch|p2a: Dragonite|Dragonite, L50, M|100/100\n|turn|4\n|\n|t:|1776137898\n|switch|p1a: Tyranitar|Tyranitar-Mega, L50, F|100/100\n|-weather|Sandstorm|[from] ability: Sand Stream|[of] p1a: Tyranitar\n|detailschange|p2a: Dragonite|Dragonite-Mega, L50, M\n|-mega|p2a: Dragonite|Dragonite|Dragoninite\n|move|p2a: Dragonite|Thunder|p1b: Corviknight\n|-supereffective|p1b: Corviknight|1\n|-damage|p1b: Corviknight|12/100\n|-enditem|p1b: Corviknight|Sitrus Berry|[eat]\n|-heal|p1b: Corviknight|37/100|[from] item: Sitrus Berry\n|move|p2b: Pelipper|Hurricane|p1a: Tyranitar|[miss]\n|-miss|p2b: Pelipper|p1a: Tyranitar\n|move|p1b: Corviknight|Tailwind|p1b: Corviknight\n|-sidestart|p1: xm3u4tp6|move: Tailwind\n|\n|-weather|Sandstorm|[upkeep]\n|-damage|p2a: Dragonite|94/100|[from] Sandstorm\n|-damage|p2b: Pelipper|95/100|[from] Sandstorm\n|upkeep\n|turn|5\n|\n|t:|1776137943\n|switch|p1b: Mamoswine|Mamoswine, L50, F|100/100\n|move|p2b: Pelipper|Wide Guard|p2b: Pelipper\n|-singleturn|p2b: Pelipper|Wide Guard\n|move|p2a: Dragonite|Hurricane|p1b: Mamoswine\n|-damage|p1b: Mamoswine|11/100\n|-start|p1b: Mamoswine|confusion\n|move|p1a: Tyranitar|Rock Slide|p2b: Pelipper|[spread] \n|-activate|p2a: Dragonite|move: Wide Guard\n|-activate|p2b: Pelipper|move: Wide Guard\n|\n|-weather|Sandstorm|[upkeep]\n|-damage|p2a: Dragonite|88/100|[from] Sandstorm\n|-damage|p2b: Pelipper|89/100|[from] Sandstorm\n|upkeep\n|turn|6\n|\n|t:|1776138003\n|switch|p2b: Sneasler|Sneasler, L50, F|95/100\n|-activate|p1b: Mamoswine|confusion\n|move|p1b: Mamoswine|Ice Shard|p2a: Dragonite\n|-supereffective|p2a: Dragonite|2\n|-crit|p2a: Dragonite\n|-damage|p2a: Dragonite|0 fnt\n|faint|p2a: Dragonite\n|move|p1a: Tyranitar|Rock Slide|p2b: Sneasler\n|-resisted|p2b: Sneasler|1\n|-damage|p2b: Sneasler|50/100\n|\n|-weather|Sandstorm|[upkeep]\n|-damage|p2b: Sneasler|44/100|[from] Sandstorm\n|-sideend|p2: valentiniga|move: Tailwind\n|upkeep\n|\n|t:|1776138015\n|switch|p2a: Pelipper|Pelipper, L50, M|89/100\n|-weather|RainDance|[from] ability: Drizzle|[of] p2a: Pelipper\n|turn|7\n|\n|t:|1776138031\n|-activate|p1b: Mamoswine|confusion\n|-damage|p1b: Mamoswine|0 fnt|[from] confusion\n|faint|p1b: Mamoswine\n|move|p1a: Tyranitar|Protect|p1a: Tyranitar\n|-singleturn|p1a: Tyranitar|Protect\n|move|p2b: Sneasler|Fake Out|p1a: Tyranitar\n|-activate|p1a: Tyranitar|move: Protect\n|move|p2a: Pelipper|Tailwind|p2a: Pelipper\n|-sidestart|p2: valentiniga|move: Tailwind\n|\n|-weather|RainDance|[upkeep]\n|-sideend|p1: xm3u4tp6|move: Tailwind\n|upkeep\n|\n|t:|1776138044\n|switch|p1b: Gourgeist|Gourgeist, L50, M|55/100\n|-item|p2a: Pelipper|Focus Sash|[from] ability: Frisk|[of] p1b: Gourgeist\n|-item|p2b: Sneasler|Mental Herb|[from] ability: Frisk|[of] p1b: Gourgeist\n|turn|8\n|\n|t:|1776138069\n|switch|p1a: Corviknight|Corviknight, L50, M|37/100\n|move|p2b: Sneasler|Close Combat|p1a: Corviknight\n|-damage|p1a: Corviknight|0 fnt\n|-unboost|p2b: Sneasler|def|1\n|-unboost|p2b: Sneasler|spd|1\n|faint|p1a: Corviknight\n|move|p2a: Pelipper|Hurricane|p1b: Gourgeist\n|-supereffective|p1b: Gourgeist|1\n|-damage|p1b: Gourgeist|0 fnt\n|faint|p1b: Gourgeist\n|\n|-weather|RainDance|[upkeep]\n|upkeep\n|\n|t:|1776138081\n|switch|p1b: Tyranitar|Tyranitar-Mega, L50, F|100/100\n|-weather|Sandstorm|[from] ability: Sand Stream|[of] p1b: Tyranitar\n|turn|9\n|\n|t:|1776138100\n|move|p1b: Tyranitar|Protect|p1b: Tyranitar\n|-singleturn|p1b: Tyranitar|Protect\n|move|p2a: Pelipper|Wide Guard|p2a: Pelipper\n|-singleturn|p2a: Pelipper|Wide Guard\n|move|p2b: Sneasler|Close Combat|p1b: Tyranitar\n|-activate|p1b: Tyranitar|move: Protect\n|\n|-weather|Sandstorm|[upkeep]\n|-damage|p2b: Sneasler|39/100|[from] Sandstorm\n|-damage|p2a: Pelipper|83/100|[from] Sandstorm\n|upkeep\n|turn|10\n|\n|t:|1776138121\n|move|p2b: Sneasler|Close Combat|p1b: Tyranitar\n|-supereffective|p1b: Tyranitar|2\n|-damage|p1b: Tyranitar|0 fnt\n|-unboost|p2b: Sneasler|def|1\n|-unboost|p2b: Sneasler|spd|1\n|faint|p1b: Tyranitar\n|\n|win|valentiniga\n|raw|xm3u4tp6's rating: 1157 &rarr; <strong>1130</strong><br />(-27 for losing)\n|raw|valentiniga's rating: 1135 &rarr; <strong>1162</strong><br />(+27 for winning)\n",
  "uploadtime": 1776138124,
  "views": 16,
  "formatid": "gen9championsvgc2026regma",
  "rating": 1130,
  "private": 0,
  "password": null
}