{
  "id": "gen9championsvgc2026regma-2581206572",
  "format": "[Gen 9 Champions] VGC 2026 Reg M-A",
  "players": [
    "Rockletz",
    "darthbear1976"
  ],
  "log": "|j|\u2606Rockletz\n|j|\u2606darthbear1976\n|t:|1775970745\n|gametype|doubles\n|player|p1|Rockletz|hilda-wonderlauncher|1063\n|player|p2|darthbear1976|pokemonranger-gen4|1000\n|gen|9\n|tier|[Gen 9 Champions] VGC 2026 Reg M-A\n|rated|\n|rule|Species Clause: Limit one of each Pok\u00e9mon\n|rule|Item Clause: Limit 1 of each item\n|clearpoke\n|poke|p1|Farigiraf, L50, M|\n|poke|p1|Incineroar, L50, F|\n|poke|p1|Kingambit, L50, F|\n|poke|p1|Rotom-Wash, L50|\n|poke|p1|Golurk, L50|\n|poke|p1|Torkoal, L50, M|\n|poke|p2|Heracross, L50, F|\n|poke|p2|Meowstic, L50, M|\n|poke|p2|Palafin, L50, M|\n|poke|p2|Incineroar, L50, M|\n|poke|p2|Roserade, L50, M|\n|poke|p2|Gliscor, L50, M|\n|teampreview|4\n|inactive|Battle timer is ON: inactive players will automatically lose when time's up. (requested by darthbear1976)\n|inactive|Rockletz has 60 seconds left.\n|inactive|darthbear1976 has 60 seconds left.\n|inactive|Rockletz has 30 seconds left.\n|\n|t:|1775970813\n|teamsize|p1|4\n|teamsize|p2|4\n|start\n|switch|p1a: Farigiraf|Farigiraf, L50, M|100/100\n|switch|p1b: Incineroar|Incineroar, L50, F|100/100\n|switch|p2a: Heracross|Heracross, L50, F|100/100\n|switch|p2b: Palafin|Palafin, L50, M|100/100\n|-ability|p1b: Incineroar|Intimidate|boost\n|-unboost|p2a: Heracross|atk|1\n|-unboost|p2b: Palafin|atk|1\n|turn|1\n|\n|t:|1775970834\n|detailschange|p2a: Heracross|Heracross-Mega, L50, F\n|-mega|p2a: Heracross|Heracross|Heracronite\n|move|p1a: Farigiraf|Protect|p1a: Farigiraf\n|-singleturn|p1a: Farigiraf|Protect\n|move|p2b: Palafin|Flip Turn|p1a: Farigiraf\n|-activate|p1a: Farigiraf|move: Protect\n|move|p2a: Heracross|Pin Missile|p1a: Farigiraf\n|-activate|p1a: Farigiraf|move: Protect\n|move|p1b: Incineroar|Flare Blitz|p2a: Heracross\n|-supereffective|p2a: Heracross|1\n|-damage|p2a: Heracross|0 fnt\n|faint|p2a: Heracross\n|-damage|p1b: Incineroar|69/100|[from] Recoil\n|\n|upkeep\n|\n|t:|1775970849\n|switch|p2a: Gliscor|Gliscor, L50, M|100/100\n|turn|2\n|inactive|Rockletz has 30 seconds left.\n|\n|t:|1775970884\n|move|p2b: Palafin|Wave Crash|p1a: Farigiraf\n|-damage|p1a: Farigiraf|61/100\n|-damage|p2b: Palafin|87/100|[from] Recoil\n|move|p2a: Gliscor|Acrobatics|p1a: Farigiraf\n|-damage|p1a: Farigiraf|13/100\n|move|p1b: Incineroar|Parting Shot|p2a: Gliscor\n|-fail|p2a: Gliscor|unboost|Attack|[from] ability: Hyper Cutter|[of] p2a: Gliscor\n|-unboost|p2a: Gliscor|spa|1\n|\n|t:|1775970903\n|switch|p1b: Torkoal|Torkoal, L50, M|100/100|[from] Parting Shot\n|-weather|SunnyDay|[from] ability: Drought|[of] p1b: Torkoal\n|move|p1a: Farigiraf|Trick Room|p1a: Farigiraf\n|-fieldstart|move: Trick Room|[of] p1a: Farigiraf\n|\n|-weather|SunnyDay|[upkeep]\n|upkeep\n|turn|3\n|\n|t:|1775970924\n|switch|p1b: Incineroar|Incineroar, L50, F|69/100\n|-ability|p1b: Incineroar|Intimidate|boost\n|-fail|p2a: Gliscor|unboost|Attack|[from] ability: Hyper Cutter|[of] p2a: Gliscor\n|-unboost|p2b: Palafin|atk|1\n|switch|p1a: Golurk|Golurk, L50|100/100\n|detailschange|p2b: Palafin|Palafin-Hero, L50, M\n|switch|p2b: Incineroar|Incineroar, L50, M|100/100\n|-ability|p2b: Incineroar|Intimidate|boost\n|-unboost|p1a: Golurk|atk|1\n|-unboost|p1b: Incineroar|atk|1\n|move|p2a: Gliscor|High Horsepower|p1b: Incineroar\n|-supereffective|p1b: Incineroar|1\n|-enditem|p1b: Incineroar|Shuca Berry|[eat]\n|-enditem|p1b: Incineroar|Shuca Berry|[weaken]\n|-damage|p1b: Incineroar|26/100\n|\n|-weather|SunnyDay|[upkeep]\n|upkeep\n|turn|4\n|inactive|darthbear1976 has 30 seconds left.\n|inactive|darthbear1976 has 20 seconds left.\n|inactive|darthbear1976 has 15 seconds left.\n|\n|t:|1775970967\n|move|p1b: Incineroar|Fake Out|p2a: Gliscor\n|-damage|p2a: Gliscor|92/100\n|move|p1a: Golurk|Headlong Rush|p2b: Incineroar\n|-supereffective|p2b: Incineroar|1\n|-damage|p2b: Incineroar|27/100\n|-unboost|p1a: Golurk|def|1\n|-unboost|p1a: Golurk|spd|1\n|-enditem|p2b: Incineroar|Sitrus Berry|[eat]\n|-heal|p2b: Incineroar|52/100|[from] item: Sitrus Berry\n|move|p2b: Incineroar|Throat Chop|p1a: Golurk\n|-supereffective|p1a: Golurk|1\n|-damage|p1a: Golurk|0 fnt\n|faint|p1a: Golurk\n|cant|p2a: Gliscor|flinch\n|\n|-weather|SunnyDay|[upkeep]\n|upkeep\n|\n|t:|1775970983\n|switch|p1a: Torkoal|Torkoal, L50, M|100/100\n|turn|5\n|inactive|Rockletz has 30 seconds left.\n|\n|t:|1775971012\n|move|p1a: Torkoal|Heat Wave|p2a: Gliscor|[spread] p2a,p2b\n|-resisted|p2b: Incineroar|1\n|-damage|p2a: Gliscor|39/100\n|-damage|p2b: Incineroar|31/100\n|move|p1b: Incineroar|Darkest Lariat|p2a: Gliscor\n|-damage|p2a: Gliscor|12/100\n|move|p2b: Incineroar|Parting Shot|p1a: Torkoal\n|-unboost|p1a: Torkoal|atk|1\n|-unboost|p1a: Torkoal|spa|1\n|\n|t:|1775971032\n|switch|p2b: Palafin|Palafin-Hero, L50, M|87/100|[from] Parting Shot\n|-activate|p2b: Palafin|ability: Zero to Hero\n|move|p2a: Gliscor|High Horsepower|p1a: Torkoal\n|-supereffective|p1a: Torkoal|1\n|-damage|p1a: Torkoal|38/100\n|\n|-weather|SunnyDay|[upkeep]\n|-heal|p1a: Torkoal|44/100|[from] item: Leftovers\n|upkeep\n|turn|6\n|inactive|Rockletz has 30 seconds left.\n|\n|t:|1775971062\n|move|p2a: Gliscor|Protect|p2a: Gliscor\n|-singleturn|p2a: Gliscor|Protect\n|move|p2b: Palafin|Jet Punch|p1b: Incineroar\n|-supereffective|p1b: Incineroar|1\n|-damage|p1b: Incineroar|0 fnt\n|faint|p1b: Incineroar\n|move|p1a: Torkoal|Overheat|p2b: Palafin\n|-resisted|p2b: Palafin|1\n|-damage|p2b: Palafin|62/100\n|-unboost|p1a: Torkoal|spa|2\n|\n|-weather|none\n|-heal|p1a: Torkoal|50/100|[from] item: Leftovers\n|-fieldend|move: Trick Room\n|upkeep\n|-message|Rockletz forfeited.\n|\n|win|darthbear1976\n|raw|Rockletz's rating: 1063 &rarr; <strong>1040</strong><br />(-23 for losing)\n|raw|darthbear1976's rating: 1000 &rarr; <strong>1047</strong><br />(+47 for winning)\n|l|\u2606Rockletz\n|player|p1|\n",
  "uploadtime": 1775971131,
  "views": 14,
  "formatid": "gen9championsvgc2026regma",
  "rating": 1040,
  "private": 0,
  "password": null
}