{
  "id": "gen9championsvgc2026regma-2584080352",
  "format": "[Gen 9 Champions] VGC 2026 Reg M-A",
  "players": [
    "LovelyLizardLad",
    "cressythediddler"
  ],
  "log": "|j|\u2606LovelyLizardLad\n|j|\u2606cressythediddler\n|t:|1776223107\n|gametype|doubles\n|player|p1|LovelyLizardLad|red|1101\n|player|p2|cressythediddler|102|1031\n|gen|9\n|tier|[Gen 9 Champions] VGC 2026 Reg M-A\n|rated|\n|rule|Species Clause: Limit one of each Pok\u00e9mon\n|rule|Item Clause: Limit 1 of each item\n|clearpoke\n|poke|p1|Delphox, L50, M|\n|poke|p1|Basculegion, L50, M|\n|poke|p1|Clefable, L50, M|\n|poke|p1|Kingambit, L50, M|\n|poke|p1|Sneasler, L50, M|\n|poke|p1|Heliolisk, L50, F|\n|poke|p2|Pelipper, L50, M|\n|poke|p2|Archaludon, L50, M|\n|poke|p2|Meganium, L50, M|\n|poke|p2|Incineroar, L50, F|\n|poke|p2|Basculegion, L50, M|\n|poke|p2|Sinistcha, L50|\n|teampreview|4\n|inactive|Battle timer is ON: inactive players will automatically lose when time's up. (requested by LovelyLizardLad)\n|\n|t:|1776223129\n|teamsize|p1|4\n|teamsize|p2|4\n|start\n|switch|p1a: Heliolisk|Heliolisk, L50, F|100/100\n|switch|p1b: Sneasler|Sneasler, L50, M|100/100\n|switch|p2a: Pelipper|Pelipper, L50, M|100/100\n|switch|p2b: Archaludon|Archaludon, L50, M, shiny|100/100\n|-weather|RainDance|[from] ability: Drizzle|[of] p2a: Pelipper\n|turn|1\n|\n|t:|1776223147\n|move|p1b: Sneasler|Close Combat|p2b: Archaludon\n|-supereffective|p2b: Archaludon|1\n|-damage|p2b: Archaludon|0 fnt\n|-unboost|p1b: Sneasler|def|1\n|-unboost|p1b: Sneasler|spd|1\n|faint|p2b: Archaludon\n|move|p1a: Heliolisk|Sunny Day|p1a: Heliolisk\n|-weather|SunnyDay\n|move|p2a: Pelipper|Tailwind|p2a: Pelipper\n|-sidestart|p2: cressythediddler|move: Tailwind\n|\n|-weather|SunnyDay|[upkeep]\n|-damage|p1a: Heliolisk|88/100|[from] ability: Dry Skin|[of] p1a: Heliolisk\n|upkeep\n|\n|t:|1776223158\n|switch|p2b: Basculegion|Basculegion, L50, M|100/100\n|turn|2\n|\n|t:|1776223173\n|switch|p2b: Sinistcha|Sinistcha, L50|100/100\n|move|p1b: Sneasler|Protect|p1b: Sneasler\n|-singleturn|p1b: Sneasler|Protect\n|move|p2a: Pelipper|Hurricane|p1b: Sneasler\n|-activate|p1b: Sneasler|move: Protect\n|move|p1a: Heliolisk|Electroweb|p2a: Pelipper|[spread] p2a,p2b\n|-supereffective|p2a: Pelipper|2\n|-resisted|p2b: Sinistcha|1\n|-crit|p2b: Sinistcha\n|-damage|p2a: Pelipper|3/100\n|-damage|p2b: Sinistcha|85/100\n|-unboost|p2a: Pelipper|spe|1\n|-unboost|p2b: Sinistcha|spe|1\n|\n|-weather|SunnyDay|[upkeep]\n|-damage|p1a: Heliolisk|76/100|[from] ability: Dry Skin|[of] p1a: Heliolisk\n|upkeep\n|turn|3\n|\n|t:|1776223196\n|switch|p2a: Basculegion|Basculegion, L50, M|100/100\n|move|p1b: Sneasler|Dire Claw|p2b: Sinistcha\n|-damage|p2b: Sinistcha|50/100\n|move|p1a: Heliolisk|Electroweb|p2a: Basculegion|[spread] p2a,p2b\n|-supereffective|p2a: Basculegion|1\n|-resisted|p2b: Sinistcha|1\n|-damage|p2a: Basculegion|56/100\n|-damage|p2b: Sinistcha|40/100\n|-unboost|p2a: Basculegion|spe|1\n|-unboost|p2b: Sinistcha|spe|1\n|move|p2b: Sinistcha|Matcha Gotcha|p1b: Sneasler|[spread] p1a\n|-miss|p2b: Sinistcha|p1b: Sneasler\n|-damage|p1a: Heliolisk|48/100\n|-heal|p2b: Sinistcha|53/100|[from] drain|[of] p1a: Heliolisk\n|\n|-weather|SunnyDay|[upkeep]\n|-damage|p1a: Heliolisk|36/100|[from] ability: Dry Skin|[of] p1a: Heliolisk\n|upkeep\n|turn|4\n|inactive|cressythediddler has 30 seconds left.\n|\n|t:|1776223221\n|switch|p2b: Pelipper|Pelipper, L50, M|3/100\n|-weather|RainDance|[from] ability: Drizzle|[of] p2b: Pelipper\n|move|p2a: Basculegion|Last Respects|p1b: Sneasler\n|-enditem|p1b: Sneasler|Focus Sash\n|-damage|p1b: Sneasler|1/100\n|move|p1b: Sneasler|Dire Claw|p2b: Pelipper\n|-damage|p2b: Pelipper|0 fnt\n|faint|p2b: Pelipper\n|move|p1a: Heliolisk|Electroweb|p2a: Basculegion\n|-supereffective|p2a: Basculegion|1\n|-damage|p2a: Basculegion|0 fnt\n|faint|p2a: Basculegion\n|\n|-weather|RainDance|[upkeep]\n|-heal|p1a: Heliolisk|48/100|[from] ability: Dry Skin\n|-sideend|p2: cressythediddler|move: Tailwind\n|upkeep\n|\n|t:|1776223232\n|switch|p2b: Sinistcha|Sinistcha, L50|53/100\n|turn|5\n|\n|t:|1776223237\n|move|p1b: Sneasler|Dire Claw|p2b: Sinistcha\n|-damage|p2b: Sinistcha|18/100\n|-status|p2b: Sinistcha|par\n|move|p1a: Heliolisk|Sunny Day|p1a: Heliolisk\n|-weather|SunnyDay\n|move|p2b: Sinistcha|Matcha Gotcha|p1b: Sneasler|[spread] p1a,p1b\n|-resisted|p1b: Sneasler|1\n|-damage|p1a: Heliolisk|19/100\n|-heal|p2b: Sinistcha|32/100 par|[from] drain|[of] p1a: Heliolisk\n|-damage|p1b: Sneasler|0 fnt\n|-heal|p2b: Sinistcha|33/100 par|[from] drain|[of] p1b: Sneasler\n|faint|p1b: Sneasler\n|\n|-weather|SunnyDay|[upkeep]\n|-damage|p1a: Heliolisk|7/100|[from] ability: Dry Skin|[of] p1a: Heliolisk\n|upkeep\n|\n|t:|1776223242\n|switch|p1b: Basculegion|Basculegion, L50, M|100/100\n|turn|6\n|-message|cressythediddler forfeited.\n|\n|win|LovelyLizardLad\n|raw|LovelyLizardLad's rating: 1101 &rarr; <strong>1121</strong><br />(+20 for winning)\n|raw|cressythediddler's rating: 1031 &rarr; <strong>1019</strong><br />(-12 for losing)\n|l|\u2606cressythediddler\n|player|p2|\n",
  "uploadtime": 1776223245,
  "views": 22,
  "formatid": "gen9championsvgc2026regma",
  "rating": 1019,
  "private": 0,
  "password": null
}