{
  "id": "gen9championsvgc2026regma-2582489978",
  "format": "[Gen 9 Champions] VGC 2026 Reg M-A",
  "players": [
    "Planthony",
    "ZenoixV2"
  ],
  "log": "|j|\u2606Planthony\n|j|\u2606ZenoixV2\n|t:|1776095007\n|gametype|doubles\n|player|p1|Planthony|266|1105\n|player|p2|ZenoixV2|wattson|1175\n|gen|9\n|tier|[Gen 9 Champions] VGC 2026 Reg M-A\n|rated|\n|rule|Species Clause: Limit one of each Pok\u00e9mon\n|rule|Item Clause: Limit 1 of each item\n|clearpoke\n|poke|p1|Aggron, L50, F|\n|poke|p1|Pelipper, L50, F|\n|poke|p1|Basculegion, L50, M|\n|poke|p1|Dragonite, L50, F|\n|poke|p1|Sinistcha, L50|\n|poke|p1|Sneasler, L50, F|\n|poke|p2|Meganium, L50, F|\n|poke|p2|Incineroar, L50, F|\n|poke|p2|Scizor, L50, M|\n|poke|p2|Arcanine-Hisui, L50, F|\n|poke|p2|Maushold-Four, L50|\n|poke|p2|Feraligatr, L50, M|\n|teampreview|4\n|inactive|Battle timer is ON: inactive players will automatically lose when time's up. (requested by ZenoixV2)\n|\n|t:|1776095060\n|teamsize|p1|4\n|teamsize|p2|4\n|start\n|switch|p1a: Pelipper|Pelipper, L50, F|100/100\n|switch|p1b: Sneasler|Sneasler, L50, F|100/100\n|switch|p2a: Feraligatr|Feraligatr, L50, M|100/100\n|switch|p2b: Scizor|Scizor, L50, M, shiny|100/100\n|-weather|RainDance|[from] ability: Drizzle|[of] p1a: Pelipper\n|turn|1\n|inactive|ZenoixV2 has 30 seconds left.\n|\n|t:|1776095088\n|detailschange|p2a: Feraligatr|Feraligatr-Mega, L50, M\n|-mega|p2a: Feraligatr|Feraligatr|Feraligite\n|move|p2b: Scizor|Protect|p2b: Scizor\n|-singleturn|p2b: Scizor|Protect\n|move|p1a: Pelipper|Hurricane|p2b: Scizor\n|-activate|p2b: Scizor|move: Protect\n|move|p1b: Sneasler|Close Combat|p2b: Scizor\n|-activate|p2b: Scizor|move: Protect\n|move|p2a: Feraligatr|Liquidation|p1b: Sneasler\n|-damage|p1b: Sneasler|0 fnt\n|faint|p1b: Sneasler\n|\n|-weather|RainDance|[upkeep]\n|upkeep\n|\n|t:|1776095097\n|switch|p1b: Aggron|Aggron, L50, F|100/100\n|turn|2\n|\n|t:|1776095113\n|detailschange|p1b: Aggron|Aggron-Mega, L50, F\n|-mega|p1b: Aggron|Aggron|Aggronite\n|move|p2b: Scizor|Bullet Punch|p1a: Pelipper\n|-resisted|p1a: Pelipper|1\n|-damage|p1a: Pelipper|75/100\n|move|p1a: Pelipper|Hurricane|p2b: Scizor\n|-damage|p2b: Scizor|35/100\n|move|p2a: Feraligatr|Liquidation|p1b: Aggron\n|-damage|p1b: Aggron|58/100\n|move|p1b: Aggron|Body Press|p2a: Feraligatr\n|-crit|p2a: Feraligatr\n|-damage|p2a: Feraligatr|52/100\n|\n|-weather|RainDance|[upkeep]\n|upkeep\n|turn|3\n|inactive|ZenoixV2 has 30 seconds left.\n|\n|t:|1776095142\n|move|p2b: Scizor|Protect|p2b: Scizor\n|-singleturn|p2b: Scizor|Protect\n|move|p1b: Aggron|Protect|p1b: Aggron\n|-singleturn|p1b: Aggron|Protect\n|move|p1a: Pelipper|Hurricane|p2a: Feraligatr\n|-damage|p2a: Feraligatr|0 fnt\n|faint|p2a: Feraligatr\n|\n|-weather|RainDance|[upkeep]\n|upkeep\n|\n|t:|1776095148\n|switch|p2a: Arcanine|Arcanine-Hisui, L50, F|100/100\n|turn|4\n|\n|t:|1776095159\n|move|p2b: Scizor|Bullet Punch|p1a: Pelipper\n|-resisted|p1a: Pelipper|1\n|-damage|p1a: Pelipper|46/100\n|move|p2a: Arcanine|Close Combat|p1b: Aggron\n|-supereffective|p1b: Aggron|1\n|-damage|p1b: Aggron|29/100\n|-unboost|p2a: Arcanine|def|1\n|-unboost|p2a: Arcanine|spd|1\n|move|p1a: Pelipper|Hurricane|p2b: Scizor\n|-damage|p2b: Scizor|0 fnt\n|faint|p2b: Scizor\n|move|p1b: Aggron|Body Press|p2a: Arcanine\n|-supereffective|p2a: Arcanine|1\n|-damage|p2a: Arcanine|0 fnt\n|faint|p2a: Arcanine\n|\n|-weather|RainDance|[upkeep]\n|upkeep\n|\n|t:|1776095174\n|switch|p2b: Incineroar|Incineroar, L50, F|100/100\n|-ability|p2b: Incineroar|Intimidate|boost\n|-unboost|p1a: Pelipper|atk|1\n|-unboost|p1b: Aggron|atk|1\n|turn|5\n|\n|t:|1776095180\n|move|p2b: Incineroar|Fake Out|p1b: Aggron\n|-resisted|p1b: Aggron|1\n|-damage|p1b: Aggron|26/100\n|move|p1a: Pelipper|Hurricane|p2b: Incineroar\n|-damage|p2b: Incineroar|51/100\n|-start|p2b: Incineroar|confusion\n|cant|p1b: Aggron|flinch\n|\n|-weather|none\n|upkeep\n|turn|6\n|\n|t:|1776095190\n|move|p1a: Pelipper|Hurricane|p2b: Incineroar\n|-damage|p2b: Incineroar|6/100\n|-activate|p2b: Incineroar|confusion\n|-damage|p2b: Incineroar|0 fnt|[from] confusion\n|faint|p2b: Incineroar\n|\n|win|Planthony\n|raw|Planthony's rating: 1105 &rarr; <strong>1135</strong><br />(+30 for winning)\n|raw|ZenoixV2's rating: 1175 &rarr; <strong>1145</strong><br />(-30 for losing)\n|l|\u2606ZenoixV2\n|player|p2|\n|l|\u2606Planthony\n|player|p1|\n|j|\u2606Planthony\n|player|p1|Planthony|266|\n",
  "uploadtime": 1776095208,
  "views": 15,
  "formatid": "gen9championsvgc2026regma",
  "rating": 1135,
  "private": 0,
  "password": null
}