{
  "id": "gen9championsvgc2026regma-2586955733",
  "format": "[Gen 9 Champions] VGC 2026 Reg M-A",
  "players": [
    "truthwatcher2",
    "sirrobinraaway"
  ],
  "log": "|j|\u2606truthwatcher2\n|j|\u2606sirrobinraaway\n|t:|1776475378\n|gametype|doubles\n|player|p1|truthwatcher2|roxie-masters|1099\n|player|p2|sirrobinraaway|blue|1155\n|gen|9\n|tier|[Gen 9 Champions] VGC 2026 Reg M-A\n|rated|\n|rule|Species Clause: Limit one of each Pok\u00e9mon\n|rule|Item Clause: Limit 1 of each item\n|clearpoke\n|poke|p1|Froslass, L50, F|\n|poke|p1|Milotic, L50, F|\n|poke|p1|Sneasler, L50, F|\n|poke|p1|Pelipper, L50, M|\n|poke|p1|Meganium, L50, F|\n|poke|p1|Arcanine-Hisui, L50, F|\n|poke|p2|Charizard, L50, F|\n|poke|p2|Garchomp, L50, M|\n|poke|p2|Sinistcha, L50|\n|poke|p2|Sneasler, L50, M|\n|poke|p2|Tyranitar, L50, F|\n|poke|p2|Aegislash, L50, M|\n|teampreview|4\nsirrobinraaway rejected open team sheets.\n|\n|t:|1776475412\n|teamsize|p1|4\n|teamsize|p2|4\n|start\n|switch|p1a: Pelipper|Pelipper, L50, M|100/100\n|switch|p1b: Arcanine|Arcanine-Hisui, L50, F|100/100\n|switch|p2a: Aegislash|Aegislash, L50, M|100/100\n|switch|p2b: Sinistcha|Sinistcha, L50|100/100\n|-weather|RainDance|[from] ability: Drizzle|[of] p1a: Pelipper\n|turn|1\n|\n|t:|1776475440\n|move|p1b: Arcanine|Will-O-Wisp|p2a: Aegislash\n|-status|p2a: Aegislash|brn\n|move|p1a: Pelipper|Tailwind|p1a: Pelipper\n|-sidestart|p1: truthwatcher2|move: Tailwind\n|move|p2a: Aegislash|Swords Dance|p2a: Aegislash\n|-boost|p2a: Aegislash|atk|2\n|move|p2b: Sinistcha|Trick Room|p2b: Sinistcha\n|-fieldstart|move: Trick Room|[of] p2b: Sinistcha\n|\n|-weather|RainDance|[upkeep]\n|-damage|p2a: Aegislash|95/100 brn|[from] brn\n|upkeep\n|turn|2\n|-activate|p1a: Pelipper|item: Quick Claw\n|\n|t:|1776475457\n|switch|p2b: Tyranitar|Tyranitar, L50, F|100/100\n|-weather|Sandstorm|[from] ability: Sand Stream|[of] p2b: Tyranitar\n|move|p1a: Pelipper|Wide Guard|p1a: Pelipper\n|-singleturn|p1a: Pelipper|Wide Guard\n|-formechange|p2a: Aegislash|Aegislash-Blade|\n|move|p2a: Aegislash|Iron Head|p1b: Arcanine\n|-damage|p1b: Arcanine|46/100\n|move|p1b: Arcanine|Flare Blitz|p2a: Aegislash\n|-supereffective|p2a: Aegislash|1\n|-damage|p2a: Aegislash|0 fnt\n|faint|p2a: Aegislash\n|\n|-weather|Sandstorm|[upkeep]\n|-damage|p1a: Pelipper|95/100|[from] Sandstorm\n|upkeep\n|\n|t:|1776475473\n|switch|p2a: Sneasler|Sneasler, L50, M|100/100\n|turn|3\n|\n|t:|1776475493\n|detailschange|p2b: Tyranitar|Tyranitar-Mega, L50, F\n|-mega|p2b: Tyranitar|Tyranitar|Tyranitarite\n|move|p2a: Sneasler|Fake Out|p1a: Pelipper\n|-damage|p1a: Pelipper|81/100\n|move|p2b: Tyranitar|Rock Slide|p1b: Arcanine|[spread] p1a,p1b\n|-supereffective|p1a: Pelipper|1\n|-supereffective|p1b: Arcanine|1\n|-damage|p1a: Pelipper|15/100\n|-damage|p1b: Arcanine|0 fnt\n|faint|p1b: Arcanine\n|cant|p1a: Pelipper|flinch\n|\n|-weather|Sandstorm|[upkeep]\n|-damage|p2a: Sneasler|95/100|[from] Sandstorm\n|-damage|p1a: Pelipper|9/100|[from] Sandstorm\n|upkeep\n|\n|t:|1776475509\n|switch|p1b: Milotic|Milotic, L50, F|100/100\n|turn|4\n|\n|t:|1776475527\n|move|p1a: Pelipper|Wide Guard|p1a: Pelipper\n|-singleturn|p1a: Pelipper|Wide Guard\n|move|p2b: Tyranitar|Rock Slide|p1b: Milotic|[spread] \n|-activate|p1a: Pelipper|move: Wide Guard\n|-activate|p1b: Milotic|move: Wide Guard\n|move|p2a: Sneasler|Dire Claw|p1b: Milotic\n|-damage|p1b: Milotic|51/100\n|move|p1b: Milotic|Scald|p2b: Tyranitar\n|-supereffective|p2b: Tyranitar|1\n|-damage|p2b: Tyranitar|73/100\n|\n|-weather|Sandstorm|[upkeep]\n|-damage|p2a: Sneasler|89/100|[from] Sandstorm\n|-damage|p1a: Pelipper|3/100|[from] Sandstorm\n|-damage|p1b: Milotic|46/100|[from] Sandstorm\n|-heal|p1b: Milotic|51/100|[from] item: Leftovers\n|-sideend|p1: truthwatcher2|move: Tailwind\n|upkeep\n|turn|5\n|\n|t:|1776475549\n|move|p2b: Tyranitar|Protect|p2b: Tyranitar\n|-singleturn|p2b: Tyranitar|Protect\n|move|p1b: Milotic|Protect|p1b: Milotic\n|-singleturn|p1b: Milotic|Protect\n|move|p1a: Pelipper|Wide Guard|p1a: Pelipper\n|-singleturn|p1a: Pelipper|Wide Guard\n|move|p2a: Sneasler|Dire Claw|p1b: Milotic\n|-activate|p1b: Milotic|move: Protect\n|\n|-weather|Sandstorm|[upkeep]\n|-damage|p1a: Pelipper|0 fnt|[from] Sandstorm\n|-damage|p1b: Milotic|46/100|[from] Sandstorm\n|-damage|p2a: Sneasler|83/100|[from] Sandstorm\n|faint|p1a: Pelipper\n|-heal|p1b: Milotic|51/100|[from] item: Leftovers\n|-fieldend|move: Trick Room\n|upkeep\n|\n|t:|1776475566\n|switch|p1a: Meganium|Meganium, L50, F|100/100\n|turn|6\n|\n|t:|1776475589\n|move|p1a: Meganium|Protect|p1a: Meganium\n|-singleturn|p1a: Meganium|Protect\n|move|p2a: Sneasler|Dire Claw|p1a: Meganium\n|-activate|p1a: Meganium|move: Protect\n|move|p1b: Milotic|Scald|p2a: Sneasler\n|-damage|p2a: Sneasler|51/100\n|-status|p2a: Sneasler|brn\n|move|p2b: Tyranitar|Rock Slide|p1a: Meganium|[spread] p1b\n|-activate|p1a: Meganium|move: Protect\n|-damage|p1b: Milotic|14/100\n|\n|-weather|none\n|-heal|p1b: Milotic|20/100|[from] item: Leftovers\n|-damage|p2a: Sneasler|45/100 brn|[from] brn\n|upkeep\n|turn|7\n|\n|t:|1776475615\n|switch|p2b: Sinistcha|Sinistcha, L50|100/100\n|-heal|p2a: Sneasler|69/100 brn|[from] ability: Hospitality|[of] p2b: Sinistcha\n|move|p2a: Sneasler|Dire Claw|p1a: Meganium\n|-supereffective|p1a: Meganium|1\n|-damage|p1a: Meganium|57/100\n|-status|p1a: Meganium|par\n|move|p1b: Milotic|Life Dew|p1b: Milotic|[spread] p1a,p1b\n|-heal|p1a: Meganium|82/100 par\n|-heal|p1b: Milotic|46/100\n|move|p1a: Meganium|Dazzling Gleam|p2a: Sneasler|[spread] p2a,p2b\n|-damage|p2a: Sneasler|53/100 brn\n|-damage|p2b: Sinistcha|82/100\n|\n|-heal|p1b: Milotic|51/100|[from] item: Leftovers\n|-heal|p2b: Sinistcha|88/100|[from] item: Leftovers\n|-damage|p2a: Sneasler|48/100 brn|[from] brn\n|upkeep\n|turn|8\n|\n|t:|1776475642\n|cant|p1a: Meganium|par\n|move|p2a: Sneasler|Dire Claw|p1a: Meganium\n|-supereffective|p1a: Meganium|1\n|-damage|p1a: Meganium|38/100 par\n|move|p1b: Milotic|Scald|p2a: Sneasler\n|-damage|p2a: Sneasler|17/100 brn\n|move|p2b: Sinistcha|Trick Room|p2b: Sinistcha\n|-fieldstart|move: Trick Room|[of] p2b: Sinistcha\n|\n|-heal|p2b: Sinistcha|94/100|[from] item: Leftovers\n|-heal|p1b: Milotic|57/100|[from] item: Leftovers\n|-damage|p2a: Sneasler|11/100 brn|[from] brn\n|upkeep\n|turn|9\n|\n|t:|1776475672\n|switch|p2a: Tyranitar|Tyranitar-Mega, L50, F|73/100\n|-weather|Sandstorm|[from] ability: Sand Stream|[of] p2a: Tyranitar\n|detailschange|p1a: Meganium|Meganium-Mega, L50, F\n|-mega|p1a: Meganium|Meganium|Meganiumite\n|move|p1a: Meganium|Weather Ball|p2b: Sinistcha\n|-supereffective|p2b: Sinistcha|1\n|-damage|p2b: Sinistcha|0 fnt\n|faint|p2b: Sinistcha\n|move|p1b: Milotic|Scald|p2a: Tyranitar\n|-supereffective|p2a: Tyranitar|1\n|-damage|p2a: Tyranitar|49/100\n|\n|-weather|Sandstorm|[upkeep]\n|-damage|p1a: Meganium|32/100 par|[from] Sandstorm\n|-damage|p1b: Milotic|51/100|[from] Sandstorm\n|-heal|p1b: Milotic|57/100|[from] item: Leftovers\n|upkeep\n|\n|t:|1776475687\n|switch|p2b: Sneasler|Sneasler, L50, M|11/100 brn\n|turn|10\n|\n|t:|1776475695\n|move|p1a: Meganium|Protect|p1a: Meganium\n|-singleturn|p1a: Meganium|Protect\n|move|p1b: Milotic|Protect|p1b: Milotic\n|-singleturn|p1b: Milotic|Protect\n|move|p2b: Sneasler|Fake Out|p1a: Meganium\n|-activate|p1a: Meganium|move: Protect\n|move|p2a: Tyranitar|Rock Slide|p1a: Meganium|[spread] \n|-activate|p1a: Meganium|move: Protect\n|-activate|p1b: Milotic|move: Protect\n|\n|-weather|Sandstorm|[upkeep]\n|-damage|p1a: Meganium|26/100 par|[from] Sandstorm\n|-damage|p1b: Milotic|51/100|[from] Sandstorm\n|-damage|p2b: Sneasler|5/100 brn|[from] Sandstorm\n|-heal|p1b: Milotic|57/100|[from] item: Leftovers\n|-damage|p2b: Sneasler|0 fnt|[from] brn\n|faint|p2b: Sneasler\n|upkeep\n|turn|11\n|\n|t:|1776475724\n|cant|p1a: Meganium|par\n|move|p2a: Tyranitar|Rock Slide|p1b: Milotic|[spread] p1a,p1b\n|-damage|p1a: Meganium|0 fnt\n|-damage|p1b: Milotic|19/100\n|faint|p1a: Meganium\n|move|p1b: Milotic|Scald|p2a: Tyranitar\n|-supereffective|p2a: Tyranitar|1\n|-damage|p2a: Tyranitar|22/100\n|-status|p2a: Tyranitar|brn\n|\n|-weather|Sandstorm|[upkeep]\n|-damage|p1b: Milotic|13/100|[from] Sandstorm\n|-heal|p1b: Milotic|19/100|[from] item: Leftovers\n|-damage|p2a: Tyranitar|16/100 brn|[from] brn\n|upkeep\n|turn|12\n|\n|t:|1776475740\n|move|p1b: Milotic|Protect|p1b: Milotic\n|-singleturn|p1b: Milotic|Protect\n|move|p2a: Tyranitar|Knock Off|p1b: Milotic\n|-activate|p1b: Milotic|move: Protect\n|\n|-weather|Sandstorm|[upkeep]\n|-damage|p1b: Milotic|13/100|[from] Sandstorm\n|-heal|p1b: Milotic|19/100|[from] item: Leftovers\n|-damage|p2a: Tyranitar|11/100 brn|[from] brn\n|-fieldend|move: Trick Room\n|upkeep\n|turn|13\n|\n|t:|1776475753\n|move|p2a: Tyranitar|Protect|p2a: Tyranitar\n|-singleturn|p2a: Tyranitar|Protect\n|move|p1b: Milotic|Scald|p2a: Tyranitar\n|-activate|p2a: Tyranitar|move: Protect\n|\n|-weather|none\n|-heal|p1b: Milotic|25/100|[from] item: Leftovers\n|-damage|p2a: Tyranitar|5/100 brn|[from] brn\n|upkeep\n|turn|14\n|c|\u2606sirrobinraaway|wp\n|\n|t:|1776475763\n|move|p1b: Milotic|Scald|p2a: Tyranitar\n|-supereffective|p2a: Tyranitar|1\n|-damage|p2a: Tyranitar|0 fnt\n|faint|p2a: Tyranitar\n|\n|win|truthwatcher2\n|raw|truthwatcher2's rating: 1099 &rarr; <strong>1128</strong><br />(+29 for winning)\n|raw|sirrobinraaway's rating: 1155 &rarr; <strong>1126</strong><br />(-29 for losing)\n|c|\u2606truthwatcher2|GG\n|c|\u2606sirrobinraaway|gg\n|l|\u2606sirrobinraaway\n|player|p2|\n",
  "uploadtime": 1776475783,
  "views": 17,
  "formatid": "gen9championsvgc2026regma",
  "rating": 1126,
  "private": 0,
  "password": null
}