{
  "id": "gen9championsvgc2026regma-2580296712",
  "format": "[Gen 9 Champions] VGC 2026 Reg M-A",
  "players": [
    "endytr",
    "WishedWash"
  ],
  "log": "|j|\u2606endytr\n|j|\u2606WishedWash\n|t:|1775877241\n|gametype|doubles\n|player|p1|endytr|169|1000\n|player|p2|WishedWash|veteranf|1000\n|gen|9\n|tier|[Gen 9 Champions] VGC 2026 Reg M-A\n|rated|\n|rule|Species Clause: Limit one of each Pok\u00e9mon\n|rule|Item Clause: Limit 1 of each item\n|clearpoke\n|poke|p1|Gallade, L50, M|\n|poke|p1|Clefable, L50, M|\n|poke|p1|Froslass, L50, F|\n|poke|p1|Glaceon, L50, F|\n|poke|p1|Hydrapple, L50, M|\n|poke|p1|Araquanid, L50, M|\n|poke|p2|Pelipper, L50, M|\n|poke|p2|Archaludon, L50, M|\n|poke|p2|Incineroar, L50, F|\n|poke|p2|Basculegion, L50, M|\n|poke|p2|Meganium, L50, F|\n|poke|p2|Raichu, L50, M|\n|teampreview|4\n|inactive|Battle timer is ON: inactive players will automatically lose when time's up. (requested by WishedWash)\nWishedWash rejected open team sheets.\n|inactive|WishedWash has 60 seconds left.\n|\n|t:|1775877282\n|teamsize|p1|4\n|teamsize|p2|4\n|start\n|switch|p1a: Gallade|Gallade, L50, M|100/100\n|switch|p1b: Clefable|Clefable, L50, M|100/100\n|switch|p2a: The Lipper|Pelipper, L50, M|100/100\n|switch|p2b: INCIN|Incineroar, L50, F, shiny|100/100\n|-ability|p2b: INCIN|Intimidate|boost\n|-unboost|p1a: Gallade|atk|1\n|-unboost|p1b: Clefable|atk|1\n|-weather|RainDance|[from] ability: Drizzle|[of] p2a: The Lipper\n|turn|1\n|\n|t:|1775877304\n|detailschange|p1b: Clefable|Clefable-Mega, L50, M\n|-mega|p1b: Clefable|Clefable|Clefablite\n|move|p2b: INCIN|Fake Out|p1a: Gallade\n|-damage|p1a: Gallade|82/100\n|move|p1b: Clefable|Follow Me|p1b: Clefable\n|-singleturn|p1b: Clefable|move: Follow Me\n|cant|p1a: Gallade|flinch\n|move|p2a: The Lipper|Hurricane|p1b: Clefable\n|-crit|p1b: Clefable\n|-damage|p1b: Clefable|51/100\n|\n|-weather|RainDance|[upkeep]\n|upkeep\n|turn|2\n|\n|t:|1775877326\n|move|p2a: The Lipper|Protect|p2a: The Lipper\n|-singleturn|p2a: The Lipper|Protect\n|move|p1a: Gallade|Agility|p1a: Gallade\n|-boost|p1a: Gallade|spe|2\n|move|p2b: INCIN|Parting Shot|p1b: Clefable\n|move|p1b: Clefable|Parting Shot|p2b: INCIN|[from] ability: Magic Bounce\n|-unboost|p2b: INCIN|atk|1\n|-unboost|p2b: INCIN|spa|1\n|\n|t:|1775877344\n|switch|p1b: Araquanid|Araquanid, L50, M|100/100|[from] Parting Shot\n|\n|-weather|RainDance|[upkeep]\n|upkeep\n|turn|3\n|\n|t:|1775877364\n|switch|p2b: Raikiss|Raichu, L50, M|100/100\n|move|p1a: Gallade|Swords Dance|p1a: Gallade\n|-boost|p1a: Gallade|atk|2\n|move|p2a: The Lipper|Hurricane|p1b: Araquanid\n|-supereffective|p1b: Araquanid|1\n|-damage|p1b: Araquanid|0 fnt\n|faint|p1b: Araquanid\n|\n|-weather|RainDance|[upkeep]\n|upkeep\n|\n|t:|1775877375\n|switch|p1b: Clefable|Clefable-Mega, L50, M|51/100\n|turn|4\n|\n|t:|1775877391\n|switch|p2a: INCIN|Incineroar, L50, F, shiny|100/100\n|-ability|p2a: INCIN|Intimidate|boost\n|-unboost|p1a: Gallade|atk|1\n|-unboost|p1b: Clefable|atk|1\n|move|p1a: Gallade|Sacred Sword|p2b: Raikiss\n|-damage|p2b: Raikiss|0 fnt\n|faint|p2b: Raikiss\n|move|p1b: Clefable|Moonblast|p2a: INCIN\n|-damage|p2a: INCIN|68/100\n|\n|-weather|RainDance|[upkeep]\n|-heal|p2a: INCIN|74/100|[from] item: Leftovers\n|upkeep\n|\n|t:|1775877400\n|switch|p2b: Bridgerton|Archaludon, L50, M|100/100\n|turn|5\n|inactive|WishedWash has 30 seconds left.\n|inactive|WishedWash has 20 seconds left.\n|\n|t:|1775877438\n|switch|p1b: Hydrapple|Hydrapple, L50, M|100/100\n|move|p2a: INCIN|Fake Out|p1a: Gallade\n|-damage|p1a: Gallade|63/100\n|cant|p1a: Gallade|flinch\n|move|p2b: Bridgerton|Electro Shot||[still]\n|-prepare|p2b: Bridgerton|Electro Shot\n|-boost|p2b: Bridgerton|spa|1\n|-anim|p2b: Bridgerton|Electro Shot|p1a: Gallade\n|-damage|p1a: Gallade|0 fnt\n|faint|p1a: Gallade\n|\n|-weather|none\n|-heal|p2a: INCIN|80/100|[from] item: Leftovers\n|upkeep\n|\n|t:|1775877452\n|switch|p1a: Clefable|Clefable-Mega, L50, M|51/100\n|turn|6\n|\n|t:|1775877473\n|switch|p2a: The Lipper|Pelipper, L50, M|100/100\n|-weather|RainDance|[from] ability: Drizzle|[of] p2a: The Lipper\n|move|p2b: Bridgerton|Electro Shot||[still]\n|-prepare|p2b: Bridgerton|Electro Shot\n|-boost|p2b: Bridgerton|spa|1\n|-anim|p2b: Bridgerton|Electro Shot|p1a: Clefable\n|-supereffective|p1a: Clefable|1\n|-damage|p1a: Clefable|0 fnt\n|faint|p1a: Clefable\n|move|p1b: Hydrapple|Dragon Tail|p2b: Bridgerton\n|-damage|p2b: Bridgerton|88/100\n|-ability|p2b: Bridgerton|Stamina|boost\n|-boost|p2b: Bridgerton|def|1\n|drag|p2b: INCIN|Incineroar, L50, F, shiny|80/100\n|-ability|p2b: INCIN|Intimidate|boost\n|-unboost|p1b: Hydrapple|atk|1\n|\n|-weather|RainDance|[upkeep]\n|-heal|p2b: INCIN|86/100|[from] item: Leftovers\n|upkeep\n|turn|7\n|\n|t:|1775877497\n|move|p2b: INCIN|Fake Out|p1b: Hydrapple\n|-damage|p1b: Hydrapple|92/100\n|move|p2a: The Lipper|Hurricane|p1b: Hydrapple\n|-supereffective|p1b: Hydrapple|1\n|-damage|p1b: Hydrapple|0 fnt\n|faint|p1b: Hydrapple\n|\n|win|WishedWash\n|raw|endytr's rating: 1000 &rarr; <strong>1000</strong><br />(+0 for losing)\n|raw|WishedWash's rating: 1000 &rarr; <strong>1040</strong><br />(+40 for winning)\n",
  "uploadtime": 1775877523,
  "views": 28,
  "formatid": "gen9championsvgc2026regma",
  "rating": 1000,
  "private": 0,
  "password": null
}