{
  "id": "gen9championsvgc2026regma-2587163170",
  "format": "[Gen 9 Champions] VGC 2026 Reg M-A",
  "players": [
    "KaFe-03",
    "Loor 01"
  ],
  "log": "|j|\u2606KaFe-03\n|j|\u2606Loor 01\n|t:|1776502691\n|gametype|doubles\n|player|p1|KaFe-03|crispin|1180\n|player|p2|Loor 01|101|1129\n|gen|9\n|tier|[Gen 9 Champions] VGC 2026 Reg M-A\n|rated|\n|rule|Species Clause: Limit one of each Pok\u00e9mon\n|rule|Item Clause: Limit 1 of each item\n|clearpoke\n|poke|p1|Archaludon, L50, F|\n|poke|p1|Pelipper, L50, M|\n|poke|p1|Sinistcha-Masterpiece, L50|\n|poke|p1|Sneasler, L50, M|\n|poke|p1|Dragonite, L50, M|\n|poke|p1|Basculegion, L50, M|\n|poke|p2|Aggron, L50, M, shiny|\n|poke|p2|Tyranitar, L50, M, shiny|\n|poke|p2|Garchomp, L50, M, shiny|\n|poke|p2|Incineroar, L50, M|\n|poke|p2|Primarina, L50, M|\n|poke|p2|Sinistcha-Masterpiece, L50|\n|teampreview|4\n|inactive|Battle timer is ON: inactive players will automatically lose when time's up. (requested by KaFe-03)\n|inactive|KaFe-03 has 60 seconds left.\n|inactive|Loor 01 has 60 seconds left.\n|inactive|KaFe-03 has 30 seconds left.\n|inactive|Loor 01 has 30 seconds left.\n|inactive|KaFe-03 has 20 seconds left.\n|inactive|Loor 01 has 20 seconds left.\n|\n|t:|1776502763\n|teamsize|p1|4\n|teamsize|p2|4\n|start\n|switch|p1a: Sneasler|Sneasler, L50, M|100/100\n|switch|p1b: Pelipper|Pelipper, L50, M|100/100\n|switch|p2a: Tyranitar|Tyranitar, L50, M, shiny|100/100\n|switch|p2b: Sinistcha|Sinistcha-Masterpiece, L50|100/100\n|-weather|RainDance|[from] ability: Drizzle|[of] p1b: Pelipper\n|-weather|Sandstorm|[from] ability: Sand Stream|[of] p2a: Tyranitar\n|turn|1\n|\n|t:|1776502786\n|switch|p1b: Archaludon|Archaludon, L50, F|100/100\n|move|p1a: Sneasler|Fake Out|p2a: Tyranitar\n|-resisted|p2a: Tyranitar|1\n|-damage|p2a: Tyranitar|94/100\n|move|p2b: Sinistcha|Rage Powder|p2b: Sinistcha\n|-singleturn|p2b: Sinistcha|move: Rage Powder\n|cant|p2a: Tyranitar|flinch\n|\n|-weather|Sandstorm|[upkeep]\n|-damage|p1a: Sneasler|95/100|[from] Sandstorm\n|-damage|p2b: Sinistcha|94/100|[from] Sandstorm\n|upkeep\n|turn|2\n|inactive|Loor 01 has 30 seconds left.\n|\n|t:|1776502814\n|switch|p2a: Primarina|Primarina, L50, M|100/100\n|move|p1a: Sneasler|Dire Claw|p2b: Sinistcha\n|-crit|p2b: Sinistcha\n|-damage|p2b: Sinistcha|32/100\n|move|p1b: Archaludon|Flash Cannon|p2a: Primarina\n|-damage|p2a: Primarina|65/100\n|-unboost|p2a: Primarina|spd|1\n|move|p2b: Sinistcha|Matcha Gotcha|p1a: Sneasler|[spread] p1b\n|-miss|p2b: Sinistcha|p1a: Sneasler\n|-resisted|p1b: Archaludon|2\n|-damage|p1b: Archaludon|91/100\n|-heal|p2b: Sinistcha|36/100|[from] drain|[of] p1b: Archaludon\n|\n|-weather|Sandstorm|[upkeep]\n|-damage|p1a: Sneasler|89/100|[from] Sandstorm\n|-damage|p2a: Primarina|59/100|[from] Sandstorm\n|-damage|p2b: Sinistcha|30/100|[from] Sandstorm\n|-heal|p2a: Primarina|65/100|[from] item: Leftovers\n|upkeep\n|turn|3\n|inactive|KaFe-03 has 30 seconds left.\n|inactive|Loor 01 has 30 seconds left.\n|inactive|KaFe-03 has 20 seconds left.\n|inactive|Loor 01 has 20 seconds left.\n|\n|t:|1776502853\n|move|p2b: Sinistcha|Rage Powder|p2b: Sinistcha\n|-singleturn|p2b: Sinistcha|move: Rage Powder\n|move|p1a: Sneasler|Dire Claw|p2b: Sinistcha\n|-damage|p2b: Sinistcha|0 fnt\n|faint|p2b: Sinistcha\n|move|p1b: Archaludon|Flash Cannon|p2a: Primarina\n|-damage|p2a: Primarina|10/100\n|move|p2a: Primarina|Moonblast|p1b: Archaludon\n|-damage|p1b: Archaludon|24/100\n|\n|-weather|Sandstorm|[upkeep]\n|-damage|p1a: Sneasler|83/100|[from] Sandstorm\n|-damage|p2a: Primarina|4/100|[from] Sandstorm\n|-heal|p2a: Primarina|10/100|[from] item: Leftovers\n|upkeep\n|\n|t:|1776502860\n|switch|p2b: Aggron|Aggron, L50, M, shiny|100/100\n|turn|4\n|\n|t:|1776502881\n|detailschange|p2b: Aggron|Aggron-Mega, L50, M, shiny\n|-mega|p2b: Aggron|Aggron|Aggronite\n|move|p1a: Sneasler|Close Combat|p2b: Aggron\n|-supereffective|p2b: Aggron|1\n|-damage|p2b: Aggron|58/100\n|-unboost|p1a: Sneasler|def|1\n|-unboost|p1a: Sneasler|spd|1\n|-enditem|p1a: Sneasler|White Herb\n|-clearnegativeboost|p1a: Sneasler|[silent]\n|move|p1b: Archaludon|Flash Cannon|p2a: Primarina\n|-damage|p2a: Primarina|0 fnt\n|faint|p2a: Primarina\n|move|p2b: Aggron|Iron Defense|p2b: Aggron\n|-boost|p2b: Aggron|def|2\n|\n|-weather|Sandstorm|[upkeep]\n|-damage|p1a: Sneasler|78/100|[from] Sandstorm\n|upkeep\n|\n|t:|1776502890\n|switch|p2a: Tyranitar|Tyranitar, L50, M, shiny|94/100\n|turn|5\n|\n|t:|1776502911\n|move|p1a: Sneasler|Close Combat|p2a: Tyranitar\n|-supereffective|p2a: Tyranitar|2\n|-enditem|p2a: Tyranitar|Chople Berry|[eat]\n|-enditem|p2a: Tyranitar|Chople Berry|[weaken]\n|-damage|p2a: Tyranitar|0 fnt\n|-unboost|p1a: Sneasler|def|1\n|-unboost|p1a: Sneasler|spd|1\n|faint|p2a: Tyranitar\n|move|p1b: Archaludon|Draco Meteor|p2b: Aggron\n|-resisted|p2b: Aggron|1\n|-damage|p2b: Aggron|22/100\n|-unboost|p1b: Archaludon|spa|2\n|move|p2b: Aggron|Heavy Slam|p1a: Sneasler\n|-damage|p1a: Sneasler|0 fnt\n|faint|p1a: Sneasler\n|\n|-weather|none\n|upkeep\n|\n|t:|1776502915\n|switch|p1a: Pelipper|Pelipper, L50, M|100/100\n|-weather|RainDance|[from] ability: Drizzle|[of] p1a: Pelipper\n|turn|6\n|l|\u2606Loor 01\n|inactive|Loor 01 disconnected and has a minute to reconnect!\n|player|p2|\n|\n|t:|1776502932\n|move|p1b: Archaludon|Electro Shot||[still]\n|-prepare|p1b: Archaludon|Electro Shot\n|-boost|p1b: Archaludon|spa|1\n|-anim|p1b: Archaludon|Electro Shot|p2b: Aggron\n|-damage|p2b: Aggron|0 fnt\n|faint|p2b: Aggron\n|\n|win|KaFe-03\n|raw|KaFe-03's rating: 1180 &rarr; <strong>1201</strong><br />(+21 for winning)\n|raw|Loor 01's rating: 1129 &rarr; <strong>1108</strong><br />(-21 for losing)\n",
  "uploadtime": 1776502935,
  "views": 15,
  "formatid": "gen9championsvgc2026regma",
  "rating": 1108,
  "private": 0,
  "password": null
}