{
  "id": "gen9championsvgc2026regma-2583000938",
  "format": "[Gen 9 Champions] VGC 2026 Reg M-A",
  "players": [
    "L_Yami_H",
    "QuiteTasty"
  ],
  "log": "|j|\u2606L_Yami_H\n|j|\u2606QuiteTasty\n|t:|1776132238\n|gametype|doubles\n|player|p1|L_Yami_H|ghetsis|1175\n|player|p2|QuiteTasty|shauntal|1247\n|gen|9\n|tier|[Gen 9 Champions] VGC 2026 Reg M-A\n|rated|\n|rule|Species Clause: Limit one of each Pok\u00e9mon\n|rule|Item Clause: Limit 1 of each item\n|clearpoke\n|poke|p1|Sableye, L50, M|\n|poke|p1|Victreebel, L50, F|\n|poke|p1|Sneasler, L50, F|\n|poke|p1|Araquanid, L50, F|\n|poke|p1|Kingambit, L50, M|\n|poke|p1|Arcanine, L50, M|\n|poke|p2|Primarina, L50, F|\n|poke|p2|Scovillain, L50, F|\n|poke|p2|Garchomp, L50, F|\n|poke|p2|Kingambit, L50, M|\n|poke|p2|Dragonite, L50, M|\n|poke|p2|Sneasler, L50, M|\n|teampreview|4\n|c|\u2606QuiteTasty|oh is that my boy araquanid?\nQuiteTasty has agreed to open team sheets.\n|inactive|Battle timer is ON: inactive players will automatically lose when time's up. (requested by L_Yami_H)\n|c|\u2606QuiteTasty|good luck btw\n|c|\u2606L_Yami_H|Thanks\n|\n|t:|1776132278\n|teamsize|p1|4\n|teamsize|p2|4\n|start\n|switch|p1a: Yami|Sableye, L50, M|100/100\n|switch|p1b: Gabu|Arcanine, L50, M|100/100\n|switch|p2a: Scovillain|Scovillain, L50, F|100/100\n|switch|p2b: Kingambit|Kingambit, L50, M|100/100\n|-ability|p1b: Gabu|Intimidate|boost\n|-unboost|p2a: Scovillain|atk|1\n|-unboost|p2b: Kingambit|atk|1\n|-ability|p2b: Kingambit|Defiant|boost\n|-boost|p2b: Kingambit|atk|2\n|turn|1\n|c|\u2606L_Yami_H|Good luck\n|\n|t:|1776132296\n|detailschange|p2a: Scovillain|Scovillain-Mega, L50, F\n|-mega|p2a: Scovillain|Scovillain|Scovillainite\n|move|p1a: Yami|Fake Out|p2b: Kingambit\n|-resisted|p2b: Kingambit|1\n|-damage|p2b: Kingambit|97/100\n|move|p2a: Scovillain|Rage Powder|p2a: Scovillain\n|-singleturn|p2a: Scovillain|move: Rage Powder\n|move|p1b: Gabu|Will-O-Wisp|p2a: Scovillain\n|-immune|p2a: Scovillain\n|cant|p2b: Kingambit|flinch\n|\n|upkeep\n|turn|2\n|\n|t:|1776132316\n|move|p2a: Scovillain|Rage Powder|p2a: Scovillain\n|-singleturn|p2a: Scovillain|move: Rage Powder\n|move|p1a: Yami|Skill Swap|p2a: Scovillain\n|-activate|p1a: Yami|Skill Swap|Spicy Spray|Prankster|[of] p2a: Scovillain\n|move|p1b: Gabu|Flare Blitz|p2a: Scovillain\n|-damage|p2a: Scovillain|51/100\n|-damage|p1b: Gabu|86/100|[from] Recoil\n|move|p2b: Kingambit|Kowtow Cleave|p1a: Yami\n|-damage|p1a: Yami|0 fnt\n|-status|p2b: Kingambit|brn|[from] ability: Spicy Spray|[of] p1a: Yami\n|faint|p1a: Yami\n|\n|-damage|p2b: Kingambit|91/100 brn|[from] brn\n|upkeep\n|c|\u2606QuiteTasty|that was actually kinda crazy\n|\n|t:|1776132336\n|switch|p1a: Weeber|Araquanid, L50, F|100/100\n|turn|3\n|c|\u2606L_Yami_H|Thanks\n|\n|t:|1776132345\n|move|p1a: Weeber|Protect|p1a: Weeber\n|-singleturn|p1a: Weeber|Protect\n|move|p1b: Gabu|Howl|p1b: Gabu|[spread] p1a,p1b\n|-boost|p1a: Weeber|atk|1\n|-boost|p1b: Gabu|atk|1\n|move|p2a: Scovillain|Giga Drain|p1a: Weeber\n|-activate|p1a: Weeber|move: Protect\n|move|p2b: Kingambit|Swords Dance|p2b: Kingambit\n|-boost|p2b: Kingambit|atk|2\n|\n|-damage|p2b: Kingambit|85/100 brn|[from] brn\n|upkeep\n|turn|4\n|c|\u2606L_Yami_H|I thought you target arcanine\n|\n|t:|1776132361\n|move|p2b: Kingambit|Sucker Punch||[still]\n|-fail|p2b: Kingambit\n|move|p1b: Gabu|Morning Sun|p1b: Gabu\n|-heal|p1b: Gabu|100/100\n|move|p2a: Scovillain|Giga Drain|p1a: Weeber\n|-damage|p1a: Weeber|72/100\n|-heal|p2a: Scovillain|66/100|[from] drain|[of] p1a: Weeber\n|move|p1a: Weeber|Leech Life|p2a: Scovillain\n|-damage|p2a: Scovillain|19/100\n|-heal|p1a: Weeber|96/100|[from] drain|[of] p2a: Scovillain\n|\n|-heal|p1a: Weeber|100/100|[from] item: Leftovers\n|-damage|p2b: Kingambit|79/100 brn|[from] brn\n|upkeep\n|turn|5\n|inactive|QuiteTasty has 30 seconds left.\n|\n|t:|1776132395\n|move|p2a: Scovillain|Protect|p2a: Scovillain\n|-singleturn|p2a: Scovillain|Protect\n|move|p2b: Kingambit|Sucker Punch|p1b: Gabu\n|-damage|p1b: Gabu|35/100\n|-enditem|p1b: Gabu|Sitrus Berry|[eat]\n|-heal|p1b: Gabu|59/100|[from] item: Sitrus Berry\n|move|p1b: Gabu|Flare Blitz|p2b: Kingambit\n|-supereffective|p2b: Kingambit|1\n|-damage|p2b: Kingambit|0 fnt\n|faint|p2b: Kingambit\n|-damage|p1b: Gabu|32/100|[from] Recoil\n|move|p1a: Weeber|Liquidation|p2a: Scovillain\n|-activate|p2a: Scovillain|move: Protect\n|\n|upkeep\n|\n|t:|1776132402\n|switch|p2b: Primarina|Primarina, L50, F|100/100\n|turn|6\n|\n|t:|1776132428\n|move|p2a: Scovillain|Rage Powder|p2a: Scovillain\n|-singleturn|p2a: Scovillain|move: Rage Powder\n|move|p1b: Gabu|Howl|p1b: Gabu|[spread] p1a,p1b\n|-boost|p1a: Weeber|atk|1\n|-boost|p1b: Gabu|atk|1\n|move|p2b: Primarina|Calm Mind|p2b: Primarina\n|-boost|p2b: Primarina|spa|1\n|-boost|p2b: Primarina|spd|1\n|move|p1a: Weeber|Liquidation|p2a: Scovillain\n|-damage|p2a: Scovillain|0 fnt\n|faint|p2a: Scovillain\n|\n|upkeep\n|\n|t:|1776132436\n|switch|p2a: Garchomp|Garchomp, L50, F|100/100\n|turn|7\n|\n|t:|1776132445\n|move|p1a: Weeber|Wide Guard|p1a: Weeber\n|-singleturn|p1a: Weeber|Wide Guard\n|move|p2a: Garchomp|Rock Slide|p1a: Weeber|[spread] \n|-activate|p1a: Weeber|move: Wide Guard\n|-activate|p1b: Gabu|move: Wide Guard\n|move|p1b: Gabu|Will-O-Wisp|p2a: Garchomp\n|-status|p2a: Garchomp|brn\n|-enditem|p2a: Garchomp|Lum Berry|[eat]\n|-curestatus|p2a: Garchomp|brn|[msg]\n|move|p2b: Primarina|Hyper Voice|p1a: Weeber|[spread] \n|-activate|p1a: Weeber|move: Wide Guard\n|-activate|p1b: Gabu|move: Wide Guard\n|\n|upkeep\n|turn|8\n|c|\u2606QuiteTasty|i may be cooked\n|\n|t:|1776132465\n|move|p2a: Garchomp|Stomping Tantrum|p1b: Gabu\n|-supereffective|p1b: Gabu|1\n|-damage|p1b: Gabu|0 fnt\n|faint|p1b: Gabu\n|move|p2b: Primarina|Moonblast|p1a: Weeber\n|-damage|p1a: Weeber|33/100\n|move|p1a: Weeber|Liquidation|p2b: Primarina\n|-resisted|p2b: Primarina|1\n|-damage|p2b: Primarina|28/100\n|\n|-heal|p2b: Primarina|34/100|[from] item: Leftovers\n|-heal|p1a: Weeber|39/100|[from] item: Leftovers\n|upkeep\n|\n|t:|1776132474\n|switch|p1b: Baret|Victreebel, L50, F, shiny|100/100\n|turn|9\n|\n|t:|1776132485\n|detailschange|p1b: Baret|Victreebel-Mega, L50, F, shiny\n|-mega|p1b: Baret|Victreebel|Victreebelite\n|move|p1a: Weeber|Protect|p1a: Weeber\n|-singleturn|p1a: Weeber|Protect\n|move|p2a: Garchomp|Stomping Tantrum|p1b: Baret\n|-damage|p1b: Baret|60/100\n|move|p1b: Baret|Strength Sap|p2a: Garchomp\n|-unboost|p2a: Garchomp|atk|1\n|-heal|p1b: Baret|100/100\n|move|p2b: Primarina|Moonblast|p1a: Weeber\n|-activate|p1a: Weeber|move: Protect\n|\n|-heal|p2b: Primarina|40/100|[from] item: Leftovers\n|-heal|p1a: Weeber|44/100|[from] item: Leftovers\n|upkeep\n|turn|10\n|\n|t:|1776132509\n|move|p2a: Garchomp|Protect|p2a: Garchomp\n|-singleturn|p2a: Garchomp|Protect\n|move|p1a: Weeber|Wide Guard|p1a: Weeber\n|-singleturn|p1a: Weeber|Wide Guard\n|move|p1b: Baret|Sludge Bomb|p2b: Primarina\n|-supereffective|p2b: Primarina|1\n|-damage|p2b: Primarina|0 fnt\n|faint|p2b: Primarina\n|\n|-heal|p1a: Weeber|50/100|[from] item: Leftovers\n|upkeep\n|turn|11\n|c|\u2606QuiteTasty|yeah you got it\n|\n|t:|1776132521\n|move|p2a: Garchomp|Stomping Tantrum|p1a: Weeber\n|-resisted|p1a: Weeber|1\n|-damage|p1a: Weeber|36/100\n|move|p1b: Baret|Giga Drain|p2a: Garchomp\n|-crit|p2a: Garchomp\n|-damage|p2a: Garchomp|30/100\n|move|p1a: Weeber|Liquidation|p2a: Garchomp\n|-damage|p2a: Garchomp|0 fnt\n|-damage|p1a: Weeber|24/100|[from] ability: Rough Skin|[of] p2a: Garchomp\n|faint|p2a: Garchomp\n|\n|win|L_Yami_H\n|raw|L_Yami_H's rating: 1175 &rarr; <strong>1205</strong><br />(+30 for winning)\n|raw|QuiteTasty's rating: 1247 &rarr; <strong>1217</strong><br />(-30 for losing)\n|c|\u2606L_Yami_H|Gg\n|c|\u2606QuiteTasty|ggs\n|l|\u2606QuiteTasty\n|player|p2|\n",
  "uploadtime": 1776132543,
  "views": 19,
  "formatid": "gen9championsvgc2026regma",
  "rating": 1205,
  "private": 0,
  "password": null
}