{
  "id": "gen9championsvgc2026regma-2584852303",
  "format": "[Gen 9 Champions] VGC 2026 Reg M-A",
  "players": [
    "battle sim trainer",
    "waez97"
  ],
  "log": "|j|\u2606battle sim trainer\n|j|\u2606waez97\n|t:|1776288720\n|gametype|doubles\n|player|p1|battle sim trainer|turo|1149\n|player|p2|waez97|1|1170\n|gen|9\n|tier|[Gen 9 Champions] VGC 2026 Reg M-A\n|rated|\n|rule|Species Clause: Limit one of each Pok\u00e9mon\n|rule|Item Clause: Limit 1 of each item\n|clearpoke\n|poke|p1|Farigiraf, L50, F|\n|poke|p1|Maushold-Four, L50|\n|poke|p1|Camerupt, L50, M|\n|poke|p1|Hatterene, L50, F|\n|poke|p1|Meowstic, L50, M|\n|poke|p1|Gallade, L50, M|\n|poke|p2|Espeon, L50, F|\n|poke|p2|Kangaskhan, L50, F|\n|poke|p2|Clawitzer, L50, M|\n|poke|p2|Klefki, L50, F|\n|poke|p2|Venusaur, L50, M|\n|poke|p2|Kleavor, L50, M|\n|teampreview|4\n|inactive|Battle timer is ON: inactive players will automatically lose when time's up. (requested by battle sim trainer)\n|inactive|waez97 has 60 seconds left.\n|\n|t:|1776288790\n|teamsize|p1|4\n|teamsize|p2|4\n|start\n|switch|p1a: Farigiraf|Farigiraf, L50, F|100/100\n|switch|p1b: Maushold|Maushold-Four, L50|100/100\n|switch|p2a: Kleavor|Kleavor, L50, M|100/100\n|switch|p2b: Espeon|Espeon, L50, F|100/100\n|turn|1\n|\n|t:|1776288798\n|move|p1b: Maushold|Follow Me|p1b: Maushold\n|-singleturn|p1b: Maushold|move: Follow Me\n|move|p2a: Kleavor|U-turn|p1b: Maushold\n|-damage|p1b: Maushold|35/100\n|\n|t:|1776288802\n|switch|p2a: Clawitzer|Clawitzer, L50, M|100/100|[from] U-turn\n|move|p2b: Espeon|Psychic|p1b: Maushold\n|-damage|p1b: Maushold|0 fnt\n|faint|p1b: Maushold\n|move|p1a: Farigiraf|Trick Room|p1a: Farigiraf\n|-fieldstart|move: Trick Room|[of] p1a: Farigiraf\n|\n|upkeep\n|\n|t:|1776288808\n|switch|p1b: Camerupt|Camerupt, L50, M|100/100\n|turn|2\n|inactive|battle sim trainer has 30 seconds left.\n|\n|t:|1776288836\n|detailschange|p1b: Camerupt|Camerupt-Mega, L50, M\n|-mega|p1b: Camerupt|Camerupt|Cameruptite\n|move|p1a: Farigiraf|Helping Hand|p1b: Camerupt\n|-singleturn|p1b: Camerupt|Helping Hand|[of] p1a: Farigiraf\n|move|p2b: Espeon|Protect|p2b: Espeon\n|-singleturn|p2b: Espeon|Protect\n|move|p1b: Camerupt|Earth Power|p2a: Clawitzer\n|-damage|p2a: Clawitzer|0 fnt\n|faint|p2a: Clawitzer\n|\n|upkeep\n|\n|t:|1776288844\n|switch|p2a: Klefki|Klefki, L50, F|100/100\n|turn|3\n|\n|t:|1776288856\n|move|p1a: Farigiraf|Helping Hand|p1b: Camerupt\n|-singleturn|p1b: Camerupt|Helping Hand|[of] p1a: Farigiraf\n|move|p2a: Klefki|Light Screen|p2a: Klefki\n|-sidestart|p2: waez97|move: Light Screen\n|move|p1b: Camerupt|Eruption|p2a: Klefki|[spread] p2a,p2b\n|-supereffective|p2a: Klefki|1\n|-damage|p2a: Klefki|0 fnt\n|-damage|p2b: Espeon|2/100\n|faint|p2a: Klefki\n|move|p2b: Espeon|Psychic|p1b: Camerupt\n|-damage|p1b: Camerupt|56/100\n|\n|upkeep\n|\n|t:|1776288866\n|switch|p2a: Kleavor|Kleavor, L50, M|100/100\n|turn|4\n|\n|t:|1776288883\n|move|p2b: Espeon|Protect|p2b: Espeon\n|-singleturn|p2b: Espeon|Protect\n|move|p1b: Camerupt|Eruption|p2b: Espeon|[spread] p2a\n|-activate|p2b: Espeon|move: Protect\n|-damage|p2a: Kleavor|56/100\n|move|p1a: Farigiraf|Hyper Voice|p2b: Espeon|[spread] p2a\n|-activate|p2b: Espeon|move: Protect\n|-resisted|p2a: Kleavor|1\n|-damage|p2a: Kleavor|43/100\n|move|p2a: Kleavor|Stone Axe|p1b: Camerupt\n|-damage|p1b: Camerupt|0 fnt\n|-sidestart|p1: battle sim trainer|move: Stealth Rock\n|faint|p1b: Camerupt\n|\n|upkeep\n|\n|t:|1776288898\n|switch|p1b: Meowstic|Meowstic, L50, M|100/100\n|-damage|p1b: Meowstic|88/100|[from] Stealth Rock\n|turn|5\n|\n|t:|1776288915\n|move|p2b: Espeon|Protect||[still]\n|-fail|p2b: Espeon\n|move|p1b: Meowstic|Fake Out|p2b: Espeon\n|-damage|p2b: Espeon|0 fnt\n|faint|p2b: Espeon\n|move|p1a: Farigiraf|Psyshock|p2a: Kleavor\n|-damage|p2a: Kleavor|15/100\n|move|p2a: Kleavor|Stone Axe|p1b: Meowstic\n|-damage|p1b: Meowstic|18/100\n|\n|-fieldend|move: Trick Room\n|upkeep\n|turn|6\n|-message|waez97 forfeited.\n|\n|win|battle sim trainer\n|raw|battle sim trainer's rating: 1149 &rarr; <strong>1176</strong><br />(+27 for winning)\n|raw|waez97's rating: 1170 &rarr; <strong>1143</strong><br />(-27 for losing)\n|l|\u2606waez97\n|player|p2|\n",
  "uploadtime": 1776288934,
  "views": 20,
  "formatid": "gen9championsvgc2026regma",
  "rating": 1143,
  "private": 0,
  "password": null
}