{
  "id": "gen9championsvgc2026regma-2582528622",
  "format": "[Gen 9 Champions] VGC 2026 Reg M-A",
  "players": [
    "LaneTropic",
    "er98"
  ],
  "log": "|j|\u2606LaneTropic\n|j|\u2606er98\n|t:|1776097447\n|gametype|doubles\n|player|p1|LaneTropic|benga|1090\n|player|p2|er98|1|1127\n|gen|9\n|tier|[Gen 9 Champions] VGC 2026 Reg M-A\n|rated|\n|rule|Species Clause: Limit one of each Pok\u00e9mon\n|rule|Item Clause: Limit 1 of each item\n|clearpoke\n|poke|p1|Delphox, L50, M|\n|poke|p1|Garchomp, L50, F|\n|poke|p1|Torkoal, L50, F|\n|poke|p1|Whimsicott, L50, M|\n|poke|p1|Rotom-Wash, L50|\n|poke|p1|Sneasler, L50, M|\n|poke|p2|Starmie, L50|\n|poke|p2|Sinistcha, L50|\n|poke|p2|Pelipper, L50, M|\n|poke|p2|Incineroar, L50, M|\n|poke|p2|Archaludon, L50, F|\n|poke|p2|Kingambit, L50, M|\n|teampreview|4\n|\n|t:|1776097495\n|teamsize|p1|4\n|teamsize|p2|4\n|start\n|switch|p1a: NO SS Gamefreak?|Garchomp, L50, F|100/100\n|switch|p1b: Peepo|Whimsicott, L50, M|100/100\n|switch|p2a: Incineroar|Incineroar, L50, M|100/100\n|switch|p2b: Starmie|Starmie, L50|100/100\n|-ability|p2a: Incineroar|Intimidate|boost\n|-unboost|p1a: NO SS Gamefreak?|atk|1\n|-unboost|p1b: Peepo|atk|1\n|turn|1\n|\n|t:|1776097517\n|detailschange|p2b: Starmie|Starmie-Mega, L50\n|-mega|p2b: Starmie|Starmie|Starminite\n|move|p1a: NO SS Gamefreak?|Protect|p1a: NO SS Gamefreak?\n|-singleturn|p1a: NO SS Gamefreak?|Protect\n|move|p2a: Incineroar|Fake Out|p1b: Peepo\n|-damage|p1b: Peepo|78/100\n|cant|p1b: Peepo|flinch\n|move|p2b: Starmie|Zen Headbutt|p1b: Peepo\n|-damage|p1b: Peepo|0 fnt\n|faint|p1b: Peepo\n|\n|upkeep\n|\n|t:|1776097533\n|switch|p1b: Lobotomized Chud|Torkoal, L50, F, shiny|100/100\n|-weather|SunnyDay|[from] ability: Drought|[of] p1b: Lobotomized Chud\n|turn|2\n|\n|t:|1776097545\n|switch|p2a: Pelipper|Pelipper, L50, M|100/100\n|-weather|RainDance|[from] ability: Drizzle|[of] p2a: Pelipper\n|move|p2b: Starmie|Liquidation|p1b: Lobotomized Chud\n|-supereffective|p1b: Lobotomized Chud|1\n|-damage|p1b: Lobotomized Chud|0 fnt\n|faint|p1b: Lobotomized Chud\n|move|p1a: NO SS Gamefreak?|Swords Dance|p1a: NO SS Gamefreak?\n|-boost|p1a: NO SS Gamefreak?|atk|2\n|\n|-weather|RainDance|[upkeep]\n|upkeep\n|\n|t:|1776097556\n|switch|p1b: Dahlia|Delphox, L50, M|100/100\n|turn|3\n|\n|t:|1776097582\n|switch|p2b: Incineroar|Incineroar, L50, M|100/100\n|-ability|p2b: Incineroar|Intimidate|boost\n|-unboost|p1a: NO SS Gamefreak?|atk|1\n|-unboost|p1b: Dahlia|atk|1\n|detailschange|p1b: Dahlia|Delphox-Mega, L50, M\n|-mega|p1b: Dahlia|Delphox|Delphoxite\n|move|p1b: Dahlia|Shadow Ball|p2b: Incineroar\n|-resisted|p2b: Incineroar|1\n|-crit|p2b: Incineroar\n|-damage|p2b: Incineroar|75/100\n|move|p1a: NO SS Gamefreak?|Earthquake|p2a: Pelipper|[spread] p2b\n|-immune|p1b: Dahlia|[from] ability: Levitate\n|-immune|p2a: Pelipper\n|-supereffective|p2b: Incineroar|1\n|-damage|p2b: Incineroar|0 fnt\n|faint|p2b: Incineroar\n|move|p2a: Pelipper|Tailwind|p2a: Pelipper\n|-sidestart|p2: er98|move: Tailwind\n|\n|-weather|RainDance|[upkeep]\n|upkeep\n|\n|t:|1776097593\n|switch|p2b: Starmie|Starmie-Mega, L50|100/100\n|turn|4\n|\n|t:|1776097610\n|move|p2b: Starmie|Liquidation|p1b: Dahlia\n|-supereffective|p1b: Dahlia|1\n|-damage|p1b: Dahlia|0 fnt\n|faint|p1b: Dahlia\n|move|p2a: Pelipper|Hurricane|p1a: NO SS Gamefreak?\n|-damage|p1a: NO SS Gamefreak?|55/100\n|move|p1a: NO SS Gamefreak?|Dragon Claw|p2a: Pelipper\n|-damage|p2a: Pelipper|64/100\n|\n|-weather|RainDance|[upkeep]\n|upkeep\n|turn|5\n|-message|LaneTropic forfeited.\n|\n|win|er98\n|raw|LaneTropic's rating: 1090 &rarr; <strong>1069</strong><br />(-21 for losing)\n|raw|er98's rating: 1127 &rarr; <strong>1149</strong><br />(+22 for winning)\n|l|\u2606LaneTropic\n|player|p1|\n",
  "uploadtime": 1776097628,
  "views": 20,
  "formatid": "gen9championsvgc2026regma",
  "rating": 1069,
  "private": 0,
  "password": null
}