{
  "id": "gen9championsvgc2026regma-2580885406",
  "format": "[Gen 9 Champions] VGC 2026 Reg M-A",
  "players": [
    "KrosFace",
    "pablol1206"
  ],
  "log": "|j|\u2606KrosFace\n|j|\u2606pablol1206\n|t:|1775940480\n|gametype|doubles\n|player|p1|KrosFace|101|1108\n|player|p2|pablol1206|n|1205\n|gen|9\n|tier|[Gen 9 Champions] VGC 2026 Reg M-A\n|rated|\n|rule|Species Clause: Limit one of each Pok\u00e9mon\n|rule|Item Clause: Limit 1 of each item\n|clearpoke\n|poke|p1|Froslass, L50, F|\n|poke|p1|Glaceon, L50, M|\n|poke|p1|Incineroar, L50, F|\n|poke|p1|Tauros-Paldea-Aqua, L50, M|\n|poke|p1|Talonflame, L50, F|\n|poke|p1|Tyranitar, L50, F|\n|poke|p2|Kangaskhan, L50, F|\n|poke|p2|Milotic, L50, F|\n|poke|p2|Volcarona, L50, F|\n|poke|p2|Tyranitar, L50, F|\n|poke|p2|Sneasler, L50, F|\n|poke|p2|Sinistcha, L50|\n|teampreview|4\n|inactive|Battle timer is ON: inactive players will automatically lose when time's up. (requested by pablol1206)\n|inactive|KrosFace has 60 seconds left.\n|\n|t:|1775940520\n|teamsize|p1|4\n|teamsize|p2|4\n|start\n|switch|p1a: Froslass|Froslass, L50, F|100/100\n|switch|p1b: Tauros|Tauros-Paldea-Aqua, L50, M|100/100\n|switch|p2a: Milotic|Milotic, L50, F|100/100\n|switch|p2b: Sneasler|Sneasler, L50, F|100/100\n|-ability|p1b: Tauros|Intimidate|boost\n|-unboost|p2a: Milotic|atk|1\n|-ability|p2a: Milotic|Competitive|boost\n|-boost|p2a: Milotic|spa|2\n|-unboost|p2b: Sneasler|atk|1\n|-enditem|p2b: Sneasler|White Herb\n|-clearnegativeboost|p2b: Sneasler|[silent]\n|turn|1\n|\n|t:|1775940544\n|detailschange|p1a: Froslass|Froslass-Mega, L50, F\n|-mega|p1a: Froslass|Froslass|Froslassite\n|-weather|Snowscape|[from] ability: Snow Warning|[of] p1a: Froslass\n|move|p2b: Sneasler|Fake Out|p1b: Tauros\n|-damage|p1b: Tauros|81/100\n|move|p1a: Froslass|Aurora Veil|p1a: Froslass\n|-sidestart|p1: KrosFace|move: Aurora Veil\n|cant|p1b: Tauros|flinch\n|move|p2a: Milotic|Scald|p1a: Froslass\n|-damage|p1a: Froslass|32/100\n|-status|p1a: Froslass|brn\n|\n|-weather|Snowscape|[upkeep]\n|-damage|p1a: Froslass|26/100 brn|[from] brn\n|upkeep\n|turn|2\n|inactive|KrosFace has 30 seconds left.\n|inactive|KrosFace has 20 seconds left.\n|\n|t:|1775940583\n|move|p2b: Sneasler|Protect|p2b: Sneasler\n|-singleturn|p2b: Sneasler|Protect\n|move|p1a: Froslass|Blizzard|p2b: Sneasler|[spread] p2a\n|-activate|p2b: Sneasler|move: Protect\n|-resisted|p2a: Milotic|1\n|-damage|p2a: Milotic|83/100\n|move|p1b: Tauros|Raging Bull|p2b: Sneasler\n|-activate|p2b: Sneasler|move: Protect\n|move|p2a: Milotic|Scald|p1a: Froslass\n|-damage|p1a: Froslass|0 fnt\n|faint|p1a: Froslass\n|\n|-weather|Snowscape|[upkeep]\n|upkeep\n|\n|t:|1775940590\n|switch|p1a: Glaceon|Glaceon, L50, M|100/100\n|turn|3\n|\n|t:|1775940608\n|move|p2b: Sneasler|Close Combat|p1b: Tauros\n|-damage|p1b: Tauros|31/100\n|-unboost|p2b: Sneasler|def|1\n|-unboost|p2b: Sneasler|spd|1\n|move|p1b: Tauros|Raging Bull|p2b: Sneasler\n|-damage|p2b: Sneasler|0 fnt\n|faint|p2b: Sneasler\n|move|p1a: Glaceon|Freeze-Dry|p2a: Milotic\n|-supereffective|p2a: Milotic|1\n|-damage|p2a: Milotic|22/100\n|-enditem|p2a: Milotic|Sitrus Berry|[eat]\n|-heal|p2a: Milotic|47/100|[from] item: Sitrus Berry\n|move|p2a: Milotic|Scald|p1a: Glaceon\n|-damage|p1a: Glaceon|37/100\n|\n|-weather|Snowscape|[upkeep]\n|upkeep\n|\n|t:|1775940612\n|switch|p2b: Volcarona|Volcarona, L50, F|100/100\n|turn|4\n|inactive|pablol1206 has 30 seconds left.\n|\n|t:|1775940645\n|switch|p2a: Tyranitar|Tyranitar, L50, F|100/100\n|-weather|Sandstorm|[from] ability: Sand Stream|[of] p2a: Tyranitar\n|move|p2b: Volcarona|Protect|p2b: Volcarona\n|-singleturn|p2b: Volcarona|Protect\n|move|p1b: Tauros|Raging Bull|p2b: Volcarona\n|-activate|p2b: Volcarona|move: Protect\n|move|p1a: Glaceon|Freeze-Dry|p2a: Tyranitar\n|-damage|p2a: Tyranitar|76/100\n|-status|p2a: Tyranitar|frz\n|\n|-weather|Sandstorm|[upkeep]\n|-damage|p1b: Tauros|25/100|[from] Sandstorm\n|-damage|p2b: Volcarona|94/100|[from] Sandstorm\n|-damage|p1a: Glaceon|31/100|[from] Sandstorm\n|upkeep\n|turn|5\n|inactive|pablol1206 has 30 seconds left.\n|\n|t:|1775940672\n|detailschange|p2a: Tyranitar|Tyranitar-Mega, L50, F\n|-mega|p2a: Tyranitar|Tyranitar|Tyranitarite\n|move|p1b: Tauros|Close Combat|p2a: Tyranitar\n|-supereffective|p2a: Tyranitar|2\n|-damage|p2a: Tyranitar|0 fnt\n|-unboost|p1b: Tauros|def|1\n|-unboost|p1b: Tauros|spd|1\n|faint|p2a: Tyranitar\n|-enditem|p1b: Tauros|White Herb\n|-clearnegativeboost|p1b: Tauros|[silent]\n|move|p2b: Volcarona|Quiver Dance|p2b: Volcarona\n|-boost|p2b: Volcarona|spa|1\n|-boost|p2b: Volcarona|spd|1\n|-boost|p2b: Volcarona|spe|1\n|move|p1a: Glaceon|Freeze-Dry|p2b: Volcarona\n|-resisted|p2b: Volcarona|1\n|-damage|p2b: Volcarona|82/100\n|\n|-weather|Sandstorm|[upkeep]\n|-damage|p2b: Volcarona|76/100|[from] Sandstorm\n|-damage|p1b: Tauros|19/100|[from] Sandstorm\n|-damage|p1a: Glaceon|25/100|[from] Sandstorm\n|-sideend|p1: KrosFace|move: Aurora Veil\n|upkeep\n|\n|t:|1775940677\n|switch|p2a: Milotic|Milotic, L50, F|47/100\n|turn|6\n|\n|t:|1775940697\n|move|p1b: Tauros|Protect|p1b: Tauros\n|-singleturn|p1b: Tauros|Protect\n|move|p2b: Volcarona|Heat Wave|p1b: Tauros|[spread] p1a\n|-activate|p1b: Tauros|move: Protect\n|-supereffective|p1a: Glaceon|1\n|-damage|p1a: Glaceon|0 fnt\n|faint|p1a: Glaceon\n|move|p2a: Milotic|Recover|p2a: Milotic\n|-heal|p2a: Milotic|97/100\n|\n|-weather|Sandstorm|[upkeep]\n|-damage|p2b: Volcarona|70/100|[from] Sandstorm\n|-damage|p1b: Tauros|13/100|[from] Sandstorm\n|-damage|p2a: Milotic|91/100|[from] Sandstorm\n|upkeep\n|\n|t:|1775940701\n|switch|p1a: Talonflame|Talonflame, L50, F|100/100\n|turn|7\n|\n|t:|1775940713\n|move|p2b: Volcarona|Protect|p2b: Volcarona\n|-singleturn|p2b: Volcarona|Protect\n|move|p1a: Talonflame|Acrobatics|p2a: Milotic\n|-damage|p2a: Milotic|44/100\n|move|p1b: Tauros|Close Combat|p2a: Milotic\n|-damage|p2a: Milotic|0 fnt\n|-unboost|p1b: Tauros|def|1\n|-unboost|p1b: Tauros|spd|1\n|faint|p2a: Milotic\n|\n|-weather|Sandstorm|[upkeep]\n|-damage|p1a: Talonflame|94/100|[from] Sandstorm\n|-damage|p2b: Volcarona|64/100|[from] Sandstorm\n|-damage|p1b: Tauros|7/100|[from] Sandstorm\n|upkeep\n|turn|8\n|\n|t:|1775940728\n|move|p1b: Tauros|Aqua Jet|p2b: Volcarona\n|-supereffective|p2b: Volcarona|1\n|-damage|p2b: Volcarona|17/100\n|move|p1a: Talonflame|Acrobatics|p2b: Volcarona\n|-supereffective|p2b: Volcarona|1\n|-damage|p2b: Volcarona|0 fnt\n|faint|p2b: Volcarona\n|\n|win|KrosFace\n|raw|KrosFace's rating: 1108 &rarr; <strong>1140</strong><br />(+32 for winning)\n|raw|pablol1206's rating: 1205 &rarr; <strong>1173</strong><br />(-32 for losing)\n|l|\u2606pablol1206\n|player|p2|\n",
  "uploadtime": 1775940744,
  "views": 12,
  "formatid": "gen9championsvgc2026regma",
  "rating": 1140,
  "private": 0,
  "password": null
}