{
  "id": "gen9championsvgc2026regma-2581259466",
  "format": "[Gen 9 Champions] VGC 2026 Reg M-A",
  "players": [
    "cherry786",
    "Blackninjamb"
  ],
  "log": "|j|\u2606cherry786\n|j|\u2606Blackninjamb\n|t:|1775977591\n|gametype|doubles\n|player|p1|cherry786|roxie-masters|1166\n|player|p2|Blackninjamb|cyrus|1118\n|gen|9\n|tier|[Gen 9 Champions] VGC 2026 Reg M-A\n|rated|\n|rule|Species Clause: Limit one of each Pok\u00e9mon\n|rule|Item Clause: Limit 1 of each item\n|clearpoke\n|poke|p1|Alakazam, L50, M|\n|poke|p1|Meowstic, L50, M|\n|poke|p1|Garchomp, L50, M|\n|poke|p1|Orthworm, L50, F|\n|poke|p1|Incineroar, L50, M|\n|poke|p1|Meganium, L50, F|\n|poke|p2|Meowstic, L50, M|\n|poke|p2|Wyrdeer, L50, F|\n|poke|p2|Chimecho, L50, M|\n|poke|p2|Torkoal, L50, F|\n|poke|p2|Heliolisk, L50, F|\n|poke|p2|Audino, L50, F|\n|teampreview|4\n|inactive|Battle timer is ON: inactive players will automatically lose when time's up. (requested by Blackninjamb)\n|inactive|cherry786 also wants the timer to be on.\n|inactive|cherry786 has 60 seconds left.\n|\n|t:|1775977630\n|teamsize|p1|4\n|teamsize|p2|4\n|start\n|switch|p1a: Garchomp|Garchomp, L50, M|100/100\n|switch|p1b: Orthworm|Orthworm, L50, F|100/100\n|switch|p2a: Meowstic|Meowstic, L50, M|100/100\n|switch|p2b: Chimecho|Chimecho, L50, M|100/100\n|turn|1\n|\n|t:|1775977640\n|detailschange|p2b: Chimecho|Chimecho-Mega, L50, M\n|-mega|p2b: Chimecho|Chimecho|Chimechite\n|move|p2a: Meowstic|Psychic Terrain|p2a: Meowstic\n|-fieldstart|move: Psychic Terrain\n|move|p1a: Garchomp|Swords Dance|p1a: Garchomp\n|-boost|p1a: Garchomp|atk|2\n|move|p1b: Orthworm|Body Press|p2b: Chimecho\n|-damage|p2b: Chimecho|71/100\n|move|p2b: Chimecho|Trick Room|p2b: Chimecho\n|-fieldstart|move: Trick Room|[of] p2b: Chimecho\n|\n|upkeep\n|turn|2\n|\n|t:|1775977653\n|move|p2a: Meowstic|Reflect|p2a: Meowstic\n|-sidestart|p2: Blackninjamb|Reflect\n|move|p1b: Orthworm|Body Press|p2b: Chimecho\n|-damage|p2b: Chimecho|54/100\n|move|p2b: Chimecho|Expanding Force|p1a: Garchomp\n|-damage|p1a: Garchomp|52/100\n|move|p1a: Garchomp|Earthquake|p2a: Meowstic|[spread] p2a\n|-immune|p1b: Orthworm|[from] ability: Earth Eater\n|-immune|p2b: Chimecho|[from] ability: Levitate\n|-damage|p2a: Meowstic|30/100\n|\n|upkeep\n|turn|3\n|\n|t:|1775977667\n|move|p1a: Garchomp|Protect|p1a: Garchomp\n|-singleturn|p1a: Garchomp|Protect\n|move|p2b: Chimecho|Expanding Force|p1a: Garchomp\n|-activate|p1a: Garchomp|move: Protect\n|move|p1b: Orthworm|Body Press|p2b: Chimecho\n|-damage|p2b: Chimecho|36/100\n|move|p2a: Meowstic|Expanding Force|p1a: Garchomp|[spread] p1b\n|-activate|p1a: Garchomp|move: Protect\n|-resisted|p1b: Orthworm|1\n|-damage|p1b: Orthworm|70/100\n|\n|upkeep\n|turn|4\n|\n|t:|1775977684\n|move|p1b: Orthworm|Body Press|p2b: Chimecho\n|-damage|p2b: Chimecho|16/100\n|move|p2b: Chimecho|Recover|p2b: Chimecho\n|-heal|p2b: Chimecho|66/100\n|move|p1a: Garchomp|Earthquake|p2a: Meowstic|[spread] p2a\n|-heal|p1b: Orthworm|95/100|[from] ability: Earth Eater|[of] p1a: Garchomp\n|-immune|p2b: Chimecho|[from] ability: Levitate\n|-damage|p2a: Meowstic|0 fnt\n|faint|p2a: Meowstic\n|\n|upkeep\n|\n|t:|1775977692\n|switch|p2a: Torkoal|Torkoal, L50, F|100/100\n|-weather|SunnyDay|[from] ability: Drought|[of] p2a: Torkoal\n|turn|5\n|\n|t:|1775977705\n|move|p1b: Orthworm|Protect|p1b: Orthworm\n|-singleturn|p1b: Orthworm|Protect\n|move|p1a: Garchomp|Protect|p1a: Garchomp\n|-singleturn|p1a: Garchomp|Protect\n|move|p2a: Torkoal|Eruption|p1b: Orthworm|[spread] \n|-activate|p1a: Garchomp|move: Protect\n|-activate|p1b: Orthworm|move: Protect\n|move|p2b: Chimecho|Expanding Force|p1b: Orthworm\n|-activate|p1b: Orthworm|move: Protect\n|\n|-weather|SunnyDay|[upkeep]\n|-fieldend|move: Trick Room\n|-fieldend|move: Psychic Terrain\n|upkeep\n|turn|6\n|\n|t:|1775977711\n|move|p2a: Torkoal|Protect|p2a: Torkoal\n|-singleturn|p2a: Torkoal|Protect\n|move|p1a: Garchomp|Earthquake|p2b: Chimecho|[spread] \n|-activate|p2a: Torkoal|move: Protect\n|-heal|p1b: Orthworm|100/100|[from] ability: Earth Eater|[of] p1a: Garchomp\n|-immune|p2b: Chimecho|[from] ability: Levitate\n|move|p1b: Orthworm|Body Press|p2b: Chimecho\n|-damage|p2b: Chimecho|48/100\n|move|p2b: Chimecho|Trick Room|p2b: Chimecho\n|-fieldstart|move: Trick Room|[of] p2b: Chimecho\n|\n|-weather|SunnyDay|[upkeep]\n|-sideend|p2: Blackninjamb|Reflect\n|upkeep\n|turn|7\n|\n|t:|1775977726\n|switch|p1a: Incineroar|Incineroar, L50, M|100/100\n|-ability|p1a: Incineroar|Intimidate|boost\n|-unboost|p2a: Torkoal|atk|1\n|-unboost|p2b: Chimecho|atk|1\n|move|p1b: Orthworm|Protect|p1b: Orthworm\n|-singleturn|p1b: Orthworm|Protect\n|move|p2a: Torkoal|Eruption|p1b: Orthworm|[spread] p1a\n|-activate|p1b: Orthworm|move: Protect\n|-resisted|p1a: Incineroar|1\n|-damage|p1a: Incineroar|63/100\n|move|p2b: Chimecho|Dazzling Gleam|p1a: Incineroar|[spread] p1a\n|-activate|p1b: Orthworm|move: Protect\n|-damage|p1a: Incineroar|40/100\n|\n|-weather|SunnyDay|[upkeep]\n|upkeep\n|turn|8\n|\n|t:|1775977743\n|move|p1a: Incineroar|Fake Out|p2a: Torkoal\n|-damage|p2a: Torkoal|91/100\n|cant|p2a: Torkoal|flinch\n|move|p1b: Orthworm|Body Press|p2b: Chimecho\n|-damage|p2b: Chimecho|20/100\n|move|p2b: Chimecho|Recover|p2b: Chimecho\n|-heal|p2b: Chimecho|70/100\n|\n|-weather|SunnyDay|[upkeep]\n|upkeep\n|turn|9\n|\n|t:|1775977754\n|switch|p1a: Meowstic|Meowstic, L50, M|100/100\n|move|p1b: Orthworm|Protect|p1b: Orthworm\n|-singleturn|p1b: Orthworm|Protect\n|move|p2a: Torkoal|Eruption|p1b: Orthworm|[spread] p1a\n|-activate|p1b: Orthworm|move: Protect\n|-damage|p1a: Meowstic|6/100\n|move|p2b: Chimecho|Dazzling Gleam|p1a: Meowstic|[spread] p1a\n|-activate|p1b: Orthworm|move: Protect\n|-damage|p1a: Meowstic|0 fnt\n|faint|p1a: Meowstic\n|\n|-weather|none\n|upkeep\n|\n|t:|1775977757\n|switch|p1a: Incineroar|Incineroar, L50, M|40/100\n|-ability|p1a: Incineroar|Intimidate|boost\n|-unboost|p2a: Torkoal|atk|1\n|-unboost|p2b: Chimecho|atk|1\n|turn|10\n|\n|t:|1775977766\n|move|p2a: Torkoal|Protect|p2a: Torkoal\n|-singleturn|p2a: Torkoal|Protect\n|move|p1a: Incineroar|Fake Out|p2a: Torkoal\n|-activate|p2a: Torkoal|move: Protect\n|move|p2b: Chimecho|Recover|p2b: Chimecho\n|-heal|p2b: Chimecho|100/100\n|move|p1b: Orthworm|Body Press|p2b: Chimecho\n|-damage|p2b: Chimecho|74/100\n|\n|-fieldend|move: Trick Room\n|upkeep\n|turn|11\n|\n|t:|1775977775\n|switch|p2a: Wyrdeer|Wyrdeer, L50, F|100/100\n|-ability|p2a: Wyrdeer|Intimidate|boost\n|-unboost|p1a: Incineroar|atk|1\n|-unboost|p1b: Orthworm|atk|1\n|move|p1b: Orthworm|Body Press|p2b: Chimecho\n|-damage|p2b: Chimecho|46/100\n|move|p1a: Incineroar|Flare Blitz|p2b: Chimecho\n|-supereffective|p2b: Chimecho|1\n|-damage|p2b: Chimecho|0 fnt\n|faint|p2b: Chimecho\n|-damage|p1a: Incineroar|27/100|[from] Recoil\n|\n|upkeep\n|\n|t:|1775977783\n|switch|p2b: Torkoal|Torkoal, L50, F|91/100\n|-weather|SunnyDay|[from] ability: Drought|[of] p2b: Torkoal\n|turn|12\n|\n|t:|1775977790\n|move|p1b: Orthworm|Shed Tail|p1b: Orthworm\n|-start|p1b: Orthworm|Substitute|[from] move: Shed Tail\n|-damage|p1b: Orthworm|50/100\n|-enditem|p1b: Orthworm|Sitrus Berry|[eat]\n|-heal|p1b: Orthworm|75/100|[from] item: Sitrus Berry\n|\n|t:|1775977792\n|switch|p1b: Garchomp|Garchomp, L50, M|52/100|[from] Shed Tail\n|move|p1a: Incineroar|Flare Blitz|p2a: Wyrdeer\n|-damage|p2a: Wyrdeer|47/100\n|-damage|p1a: Incineroar|8/100|[from] Recoil\n|move|p2a: Wyrdeer|Thunderbolt|p1b: Garchomp\n|-immune|p1b: Garchomp\n|move|p2b: Torkoal|Heat Wave|p1a: Incineroar|[spread] p1a,p1b\n|-resisted|p1b: Garchomp|1\n|-end|p1b: Garchomp|Substitute\n|-resisted|p1a: Incineroar|1\n|-damage|p1a: Incineroar|0 fnt\n|faint|p1a: Incineroar\n|\n|-weather|SunnyDay|[upkeep]\n|upkeep\n|\n|t:|1775977794\n|switch|p1a: Orthworm|Orthworm, L50, F|75/100\n|turn|13\n|\n|t:|1775977802\n|move|p2b: Torkoal|Protect|p2b: Torkoal\n|-singleturn|p2b: Torkoal|Protect\n|move|p1b: Garchomp|Earthquake|p2b: Torkoal|[spread] p2a\n|-activate|p2b: Torkoal|move: Protect\n|-heal|p1a: Orthworm|99/100|[from] ability: Earth Eater|[of] p1b: Garchomp\n|-damage|p2a: Wyrdeer|7/100\n|move|p1a: Orthworm|Body Press|p2b: Torkoal\n|-activate|p2b: Torkoal|move: Protect\n|move|p2a: Wyrdeer|Earth Power|p1b: Garchomp\n|-damage|p1b: Garchomp|22/100\n|\n|-weather|SunnyDay|[upkeep]\n|upkeep\n|turn|14\n|\n|t:|1775977823\n|move|p1b: Garchomp|Protect|p1b: Garchomp\n|-singleturn|p1b: Garchomp|Protect\n|move|p2b: Torkoal|Protect||[still]\n|-fail|p2b: Torkoal\n|move|p1a: Orthworm|Body Press|p2a: Wyrdeer\n|-damage|p2a: Wyrdeer|0 fnt\n|faint|p2a: Wyrdeer\n|\n|-weather|SunnyDay|[upkeep]\n|upkeep\n|turn|15\n|\n|t:|1775977832\n|move|p1b: Garchomp|Earthquake|p2b: Torkoal|[spread] p2b\n|-heal|p1a: Orthworm|100/100|[from] ability: Earth Eater|[of] p1b: Garchomp\n|-supereffective|p2b: Torkoal|1\n|-damage|p2b: Torkoal|39/100\n|move|p1a: Orthworm|Body Press|p2b: Torkoal\n|-damage|p2b: Torkoal|14/100\n|move|p2b: Torkoal|Heat Wave|p1a: Orthworm|[spread] p1a,p1b\n|-supereffective|p1a: Orthworm|1\n|-resisted|p1b: Garchomp|1\n|-damage|p1a: Orthworm|0 fnt\n|-damage|p1b: Garchomp|0 fnt\n|faint|p1a: Orthworm\n|faint|p1b: Garchomp\n|\n|win|Blackninjamb\n|raw|cherry786's rating: 1166 &rarr; <strong>1138</strong><br />(-28 for losing)\n|raw|Blackninjamb's rating: 1118 &rarr; <strong>1146</strong><br />(+28 for winning)\n|c|\u2606Blackninjamb|Imagine\n|c|\u2606cherry786|?\n|c|\u2606Blackninjamb|earthquake spam\n|c|\u2606cherry786|ok\n|c|\u2606Blackninjamb|Losing to torkol\n|c|\u2606cherry786|I don't see thee bad in that\n|c|\u2606Blackninjamb|Im sorry that was just funny to me gg though\n|c|\u2606cherry786|gg\n|l|\u2606cherry786\n|player|p1|\n|c|\u2606Blackninjamb|No not bad\n",
  "uploadtime": 1775977939,
  "views": 26,
  "formatid": "gen9championsvgc2026regma",
  "rating": 1138,
  "private": 0,
  "password": null
}