{
  "id": "gen9championsvgc2026regma-2582917301",
  "format": "[Gen 9 Champions] VGC 2026 Reg M-A",
  "players": [
    "adrianpham",
    "lakeandbake"
  ],
  "log": "|j|\u2606adrianpham\n|j|\u203dlakeandbake\n|t:|1776124805\n|gametype|doubles\n|player|p1|adrianpham|twins-gen4dp|1067\n|player|p2|lakeandbake|iono-masters|1132\n|gen|9\n|tier|[Gen 9 Champions] VGC 2026 Reg M-A\n|rated|\n|rule|Species Clause: Limit one of each Pok\u00e9mon\n|rule|Item Clause: Limit 1 of each item\n|clearpoke\n|poke|p1|Floette-Eternal, L50, F|\n|poke|p1|Sinistcha, L50|\n|poke|p1|Farigiraf, L50, F|\n|poke|p1|Whimsicott, L50, M|\n|poke|p1|Incineroar, L50, F|\n|poke|p1|Garchomp, L50, M|\n|poke|p2|Aerodactyl, L50, M|\n|poke|p2|Rotom-Wash, L50|\n|poke|p2|Sneasler, L50, M|\n|poke|p2|Incineroar, L50, M|\n|poke|p2|Delphox, L50, F|\n|poke|p2|Garchomp, L50, M|\n|teampreview|4\n|inactive|Battle timer is ON: inactive players will automatically lose when time's up. (requested by lakeandbake)\n|\n|t:|1776124846\n|teamsize|p1|4\n|teamsize|p2|4\n|start\n|switch|p1a: Garchomp|Garchomp, L50, M|100/100\n|switch|p1b: Incineroar|Incineroar, L50, F|100/100\n|switch|p2a: Garchomp|Garchomp, L50, M|100/100\n|switch|p2b: Delphox|Delphox, L50, F|100/100\n|-ability|p1b: Incineroar|Intimidate|boost\n|-unboost|p2a: Garchomp|atk|1\n|-unboost|p2b: Delphox|atk|1\n|turn|1\n|\n|t:|1776124868\n|detailschange|p2b: Delphox|Delphox-Mega, L50, F\n|-mega|p2b: Delphox|Delphox|Delphoxite\n|move|p2b: Delphox|Protect|p2b: Delphox\n|-singleturn|p2b: Delphox|Protect\n|move|p2a: Garchomp|Bulldoze|p1b: Incineroar|[spread] p1a,p1b\n|-activate|p2b: Delphox|move: Protect\n|-supereffective|p1b: Incineroar|1\n|-damage|p1a: Garchomp|84/100\n|-damage|p1b: Incineroar|71/100\n|-unboost|p1a: Garchomp|spe|1\n|-unboost|p1b: Incineroar|spe|1\n|move|p1a: Garchomp|Rock Slide|p2b: Delphox|[spread] p2a\n|-activate|p2b: Delphox|move: Protect\n|-resisted|p2a: Garchomp|1\n|-crit|p2a: Garchomp\n|-damage|p2a: Garchomp|86/100\n|move|p1b: Incineroar|Parting Shot|p2a: Garchomp\n|-unboost|p2a: Garchomp|atk|1\n|-unboost|p2a: Garchomp|spa|1\n|\n|t:|1776124882\n|switch|p1b: Farigiraf|Farigiraf, L50, F|100/100|[from] Parting Shot\n|\n|upkeep\n|turn|2\n|\n|t:|1776124892\n|switch|p2a: Aerodactyl|Aerodactyl, L50, M|100/100\n|-ability|p2a: Aerodactyl|Pressure\n|switch|p1a: Incineroar|Incineroar, L50, F|71/100\n|-ability|p1a: Incineroar|Intimidate|boost\n|-unboost|p2a: Aerodactyl|atk|1\n|-unboost|p2b: Delphox|atk|1\n|move|p2b: Delphox|Substitute|p2b: Delphox\n|-start|p2b: Delphox|Substitute\n|-damage|p2b: Delphox|76/100\n|move|p1b: Farigiraf|Trick Room|p1b: Farigiraf\n|-fieldstart|move: Trick Room|[of] p1b: Farigiraf\n|\n|upkeep\n|turn|3\n|inactive|adrianpham has 30 seconds left.\n|inactive|adrianpham has 20 seconds left.\n|\n|t:|1776124931\n|move|p1a: Incineroar|Parting Shot|p2a: Aerodactyl\n|-unboost|p2a: Aerodactyl|atk|1\n|-unboost|p2a: Aerodactyl|spa|1\n|\n|t:|1776124934\n|switch|p1a: Floette|Floette-Eternal, L50, F|100/100|[from] Parting Shot\n|move|p1b: Farigiraf|Psychic|p2a: Aerodactyl\n|-damage|p2a: Aerodactyl|58/100\n|move|p2a: Aerodactyl|Rock Slide|p1b: Farigiraf|[spread] p1a,p1b\n|-damage|p1a: Floette|85/100\n|-damage|p1b: Farigiraf|87/100\n|move|p2b: Delphox|Heat Wave|p1a: Floette|[spread] p1a\n|-miss|p2b: Delphox|p1b: Farigiraf\n|-damage|p1a: Floette|49/100\n|\n|upkeep\n|turn|4\n|inactive|lakeandbake has 30 seconds left.\n|inactive|adrianpham has 30 seconds left.\n|inactive|lakeandbake has 20 seconds left.\n|inactive|adrianpham has 20 seconds left.\n|inactive|lakeandbake has 15 seconds left.\n|inactive|adrianpham has 15 seconds left.\n|inactive|lakeandbake has 10 seconds left.\n|inactive|lakeandbake has 5 seconds left.\n|\n|t:|1776124988\n|detailschange|p1a: Floette|Floette-Mega, L50, F\n|-mega|p1a: Floette|Floette|Floettite\n|-ability|p1a: Floette|Fairy Aura\n|move|p2a: Aerodactyl|Protect|p2a: Aerodactyl\n|-singleturn|p2a: Aerodactyl|Protect\n|move|p2b: Delphox|Protect|p2b: Delphox\n|-singleturn|p2b: Delphox|Protect\n|move|p1b: Farigiraf|Psychic|p2a: Aerodactyl\n|-activate|p2a: Aerodactyl|move: Protect\n|move|p1a: Floette|Calm Mind|p1a: Floette\n|-boost|p1a: Floette|spa|1\n|-boost|p1a: Floette|spd|1\n|\n|upkeep\n|turn|5\n|\n|t:|1776125011\n|switch|p2a: Garchomp|Garchomp, L50, M|86/100\n|move|p1b: Farigiraf|Psychic|p2b: Delphox\n|-resisted|p2b: Delphox|1\n|-activate|p2b: Delphox|move: Substitute|[damage]\n|move|p1a: Floette|Dazzling Gleam|p2b: Delphox|[spread] p2a,p2b\n|-resisted|p2b: Delphox|1\n|-end|p2b: Delphox|Substitute\n|-supereffective|p2a: Garchomp|1\n|-damage|p2a: Garchomp|0 fnt\n|faint|p2a: Garchomp\n|move|p2b: Delphox|Psychic|p1a: Floette\n|-damage|p1a: Floette|21/100\n|\n|upkeep\n|\n|t:|1776125024\n|switch|p2a: Sneasler|Sneasler, L50, M|100/100\n|turn|6\n|\n|t:|1776125044\n|switch|p1a: Incineroar|Incineroar, L50, F|71/100\n|-ability|p1a: Incineroar|Intimidate|boost\n|-unboost|p2a: Sneasler|atk|1\n|-unboost|p2b: Delphox|atk|1\n|-enditem|p2a: Sneasler|White Herb\n|-clearnegativeboost|p2a: Sneasler|[silent]\n|move|p1b: Farigiraf|Psychic|p2a: Sneasler\n|-supereffective|p2a: Sneasler|2\n|-damage|p2a: Sneasler|0 fnt\n|faint|p2a: Sneasler\n|move|p2b: Delphox|Heat Wave|p1b: Farigiraf|[spread] p1a,p1b\n|-resisted|p1a: Incineroar|1\n|-damage|p1a: Incineroar|57/100\n|-damage|p1b: Farigiraf|58/100\n|\n|-fieldend|move: Trick Room\n|upkeep\n|\n|t:|1776125057\n|switch|p2a: Aerodactyl|Aerodactyl, L50, M|58/100\n|-ability|p2a: Aerodactyl|Pressure\n|turn|7\n|\n|t:|1776125067\n|move|p2b: Delphox|Protect|p2b: Delphox\n|-singleturn|p2b: Delphox|Protect\n|move|p2a: Aerodactyl|Protect|p2a: Aerodactyl\n|-singleturn|p2a: Aerodactyl|Protect\n|move|p1a: Incineroar|Fake Out|p2a: Aerodactyl\n|-activate|p2a: Aerodactyl|move: Protect\n|move|p1b: Farigiraf|Trick Room|p1b: Farigiraf\n|-fieldstart|move: Trick Room|[of] p1b: Farigiraf\n|\n|upkeep\n|turn|8\n|-message|lakeandbake forfeited.\n|\n|win|adrianpham\n|raw|adrianpham's rating: 1067 &rarr; <strong>1102</strong><br />(+35 for winning)\n|raw|lakeandbake's rating: 1132 &rarr; <strong>1102</strong><br />(-30 for losing)\n",
  "uploadtime": 1776125080,
  "views": 15,
  "formatid": "gen9championsvgc2026regma",
  "rating": 1102,
  "private": 0,
  "password": null
}