{
  "id": "gen9championsvgc2026regma-2584235346",
  "format": "[Gen 9 Champions] VGC 2026 Reg M-A",
  "players": [
    "ansbbv",
    "Sir Aaron07"
  ],
  "log": "|j|\u2606ansbbv\n|j|\u2606Sir Aaron07\n|t:|1776241519\n|gametype|doubles\n|player|p1|ansbbv|skier|\n|player|p2|Sir Aaron07|spark|\n|gen|9\n|tier|[Gen 9 Champions] VGC 2026 Reg M-A\n|rated|Tournament battle\n|rule|Species Clause: Limit one of each Pok\u00e9mon\n|rule|Item Clause: Limit 1 of each item\n|raw|<div class=\"infobox\"><details class=\"readmore\" open><summary><strong>1 custom rule:</strong></summary> Force Open Team Sheets</details></div>\n|clearpoke\n|poke|p1|Venusaur, L50, M|\n|poke|p1|Charizard, L50, M|\n|poke|p1|Aerodactyl, L50, F|\n|poke|p1|Garchomp, L50, F|\n|poke|p1|Incineroar, L50, F|\n|poke|p1|Sneasler, L50, F|\n|poke|p2|Charizard, L50, F|\n|poke|p2|Incineroar, L50, M|\n|poke|p2|Sinistcha-Masterpiece, L50|\n|poke|p2|Sneasler, L50, F|\n|poke|p2|Basculegion, L50, M|\n|poke|p2|Ninetales-Alola, L50, M|\n|teampreview|4\n|showteam|p1|Venusaur||Venusaurite|Chlorophyll|GigaDrain,SludgeBomb,SleepPowder,Protect|||M|||50|]Charizard||CharizarditeY|Blaze|HeatWave,SolarBeam,WeatherBall,Protect|||M|||50|]Aerodactyl||FocusSash|Unnerve|Tailwind,Taunt,RockSlide,Protect|||F|||50|]Garchomp||SoftSand|RoughSkin|RockSlide,Bulldoze,Outrage,Protect|||F|||50|]Incineroar||SitrusBerry|Intimidate|DarkestLariat,FlareBlitz,FakeOut,PartingShot|||F|||50|]Sneasler||WhiteHerb|Unburden|DireClaw,CloseCombat,RockTomb,FakeOut|||F|||50|\n|showteam|p2|Charizard||CharizarditeX|Blaze|BreakingSwipe,FlareBlitz,DragonDance,Protect|||F|||50|]Incineroar||ChopleBerry|Intimidate|FlareBlitz,ThroatChop,FakeOut,PartingShot|||M|||50|]Sinistcha-Masterpiece||OccaBerry|Hospitality|MatchaGotcha,RagePowder,LifeDew,TrickRoom||||||50|]Sneasler||WhiteHerb|Unburden|DireClaw,CloseCombat,FakeOut,Coaching|||F|||50|]Basculegion||ChoiceScarf|Adaptability|WaveCrash,LastRespects,IcyWind,FlipTurn|||M|||50|]Ninetales-Alola||FocusSash|SnowWarning|Blizzard,IcyWind,AuroraVeil,Protect|||M|||50|\n|\n|t:|1776241557\n|teamsize|p1|4\n|teamsize|p2|4\n|start\n|switch|p1a: Aerodactyl|Aerodactyl, L50, F|100/100\n|switch|p1b: Garchomp|Garchomp, L50, F|100/100\n|switch|p2a: Nepo baby|Charizard, L50, F|100/100\n|switch|p2b: Longclaw|Sneasler, L50, F|100/100\n|-ability|p1a: Aerodactyl|Unnerve\n|turn|1\n|\n|t:|1776241579\n|move|p1a: Aerodactyl|Protect|p1a: Aerodactyl\n|-singleturn|p1a: Aerodactyl|Protect\n|move|p1b: Garchomp|Protect|p1b: Garchomp\n|-singleturn|p1b: Garchomp|Protect\n|move|p2b: Longclaw|Fake Out|p1a: Aerodactyl\n|-activate|p1a: Aerodactyl|move: Protect\n|move|p2a: Nepo baby|Dragon Dance|p2a: Nepo baby\n|-boost|p2a: Nepo baby|atk|1\n|-boost|p2a: Nepo baby|spe|1\n|\n|upkeep\n|turn|2\n|j| A Regu1ar Guy\n|\n|t:|1776241614\n|detailschange|p2a: Nepo baby|Charizard-Mega-X, L50, F\n|-mega|p2a: Nepo baby|Charizard|Charizardite X\n|move|p2a: Nepo baby|Breaking Swipe|p1b: Garchomp|[spread] p1a,p1b\n|-supereffective|p1b: Garchomp|1\n|-damage|p1a: Aerodactyl|38/100\n|-damage|p1b: Garchomp|15/100\n|-unboost|p1a: Aerodactyl|atk|1\n|-unboost|p1b: Garchomp|atk|1\n|-damage|p2a: Nepo baby|88/100|[from] ability: Rough Skin|[of] p1b: Garchomp\n|move|p1a: Aerodactyl|Tailwind|p1a: Aerodactyl\n|-sidestart|p1: ansbbv|move: Tailwind\n|move|p1b: Garchomp|Rock Slide|p2b: Longclaw|[spread] p2a,p2b\n|-supereffective|p2a: Nepo baby|1\n|-resisted|p2b: Longclaw|1\n|-damage|p2a: Nepo baby|61/100\n|-damage|p2b: Longclaw|91/100\n|move|p2b: Longclaw|Coaching|p2a: Nepo baby\n|-boost|p2a: Nepo baby|atk|1\n|-boost|p2a: Nepo baby|def|1\n|\n|upkeep\n|turn|3\n|\n|t:|1776241642\n|move|p2a: Nepo baby|Protect|p2a: Nepo baby\n|-singleturn|p2a: Nepo baby|Protect\n|move|p1a: Aerodactyl|Rock Slide|p2a: Nepo baby|[spread] p2b\n|-activate|p2a: Nepo baby|move: Protect\n|-resisted|p2b: Longclaw|1\n|-damage|p2b: Longclaw|79/100\n|move|p1b: Garchomp|Rock Slide|p2b: Longclaw|[spread] p2b\n|-activate|p2a: Nepo baby|move: Protect\n|-resisted|p2b: Longclaw|1\n|-damage|p2b: Longclaw|70/100\n|cant|p2b: Longclaw|flinch\n|\n|upkeep\n|turn|4\n|j| WingsRaptor\n|\n|t:|1776241659\n|move|p1a: Aerodactyl|Rock Slide|p2b: Longclaw|[spread] p2a,p2b\n|-supereffective|p2a: Nepo baby|1\n|-resisted|p2b: Longclaw|1\n|-damage|p2a: Nepo baby|43/100\n|-damage|p2b: Longclaw|58/100\n|move|p1b: Garchomp|Rock Slide|p2b: Longclaw|[spread] p2a,p2b\n|-supereffective|p2a: Nepo baby|1\n|-resisted|p2b: Longclaw|1\n|-damage|p2a: Nepo baby|27/100\n|-damage|p2b: Longclaw|49/100\n|move|p2a: Nepo baby|Breaking Swipe|p1a: Aerodactyl|[spread] p1a,p1b\n|-supereffective|p1b: Garchomp|1\n|-damage|p1a: Aerodactyl|0 fnt\n|-damage|p1b: Garchomp|0 fnt\n|-damage|p2a: Nepo baby|14/100|[from] ability: Rough Skin|[of] p1b: Garchomp\n|faint|p1a: Aerodactyl\n|faint|p1b: Garchomp\n|cant|p2b: Longclaw|flinch\n|\n|upkeep\n|\n|t:|1776241674\n|switch|p1a: Incineroar|Incineroar, L50, F|100/100\n|switch|p1b: Venusaur|Venusaur, L50, M|100/100\n|-ability|p1a: Incineroar|Intimidate|boost\n|-unboost|p2a: Nepo baby|atk|1\n|-unboost|p2b: Longclaw|atk|1\n|-enditem|p2b: Longclaw|White Herb\n|-clearnegativeboost|p2b: Longclaw|[silent]\n|turn|5\n|\n|t:|1776241690\n|detailschange|p1b: Venusaur|Venusaur-Mega, L50, M\n|-mega|p1b: Venusaur|Venusaur|Venusaurite\n|move|p2a: Nepo baby|Protect|p2a: Nepo baby\n|-singleturn|p2a: Nepo baby|Protect\n|move|p1a: Incineroar|Fake Out|p2b: Longclaw\n|-damage|p2b: Longclaw|29/100\n|cant|p2b: Longclaw|flinch\n|move|p1b: Venusaur|Sleep Powder|p2a: Nepo baby\n|-activate|p2a: Nepo baby|move: Protect\n|\n|-sideend|p1: ansbbv|move: Tailwind\n|upkeep\n|turn|6\n|\n|t:|1776241710\n|move|p1b: Venusaur|Protect|p1b: Venusaur\n|-singleturn|p1b: Venusaur|Protect\n|move|p2b: Longclaw|Close Combat|p1a: Incineroar\n|-supereffective|p1a: Incineroar|1\n|-damage|p1a: Incineroar|0 fnt\n|-unboost|p2b: Longclaw|def|1\n|-unboost|p2b: Longclaw|spd|1\n|faint|p1a: Incineroar\n|move|p2a: Nepo baby|Flare Blitz|p1b: Venusaur\n|-activate|p1b: Venusaur|move: Protect\n|\n|upkeep\n|turn|7\n|-message|ansbbv forfeited.\n|\n|win|Sir Aaron07\n|n|\u2606ansbbv|ansbbv\n|n|\u2606Sir Aaron07|siraaron07\n|n| A Regu1ar Guy|aregu1arguy\n|n| WingsRaptor|wingsraptor\n|l|\u2606ansbbv\n|player|p1|\n|l| WingsRaptor\n|l| A Regu1ar Guy\n",
  "uploadtime": 1776241894,
  "views": 20,
  "formatid": "gen9championsvgc2026regma",
  "rating": null,
  "private": 0,
  "password": null
}