{
  "id": "gen9championsvgc2026regma-2582900331",
  "format": "[Gen 9 Champions] VGC 2026 Reg M-A",
  "players": [
    "Nachofrize",
    "isaacito_10"
  ],
  "log": "|j|\u2606Nachofrize\n|j|\u2606isaacito_10\n|t:|1776123298\n|gametype|doubles\n|player|p1|Nachofrize|cynthia|1057\n|player|p2|isaacito_10|lucas|1000\n|gen|9\n|tier|[Gen 9 Champions] VGC 2026 Reg M-A\n|rated|\n|rule|Species Clause: Limit one of each Pok\u00e9mon\n|rule|Item Clause: Limit 1 of each item\n|clearpoke\n|poke|p1|Sableye, L50, F|\n|poke|p1|Aggron, L50, M|\n|poke|p1|Toxapex, L50, M|\n|poke|p1|Clefable, L50, M|\n|poke|p1|Meowscarada, L50, M|\n|poke|p1|Alakazam, L50, F|\n|poke|p2|Incineroar, L50, M|\n|poke|p2|Gengar, L50, M|\n|poke|p2|Sinistcha, L50|\n|poke|p2|Kingambit, L50, M|\n|poke|p2|Whimsicott, L50, F|\n|poke|p2|Kommo-o, L50, F|\n|teampreview|4\n|\n|t:|1776123336\n|teamsize|p1|4\n|teamsize|p2|4\n|start\n|switch|p1a: Sableye|Sableye, L50, F|100/100\n|switch|p1b: Aggron|Aggron, L50, M, shiny|100/100\n|switch|p2a: Incineroar|Incineroar, L50, M|100/100\n|switch|p2b: Kommo-o|Kommo-o, L50, F|100/100\n|-ability|p2a: Incineroar|Intimidate|boost\n|-unboost|p1a: Sableye|atk|1\n|-unboost|p1b: Aggron|atk|1\n|turn|1\n|\n|t:|1776123359\n|detailschange|p1b: Aggron|Aggron-Mega, L50, M, shiny\n|-mega|p1b: Aggron|Aggron|Aggronite\n|move|p1a: Sableye|Fake Out|p2b: Kommo-o\n|-damage|p2b: Kommo-o|95/100\n|cant|p2b: Kommo-o|flinch\n|move|p2a: Incineroar|Darkest Lariat|p1a: Sableye\n|-damage|p1a: Sableye|66/100\n|move|p1b: Aggron|Iron Defense|p1b: Aggron\n|-boost|p1b: Aggron|def|2\n|\n|-heal|p2b: Kommo-o|100/100|[from] item: Leftovers\n|upkeep\n|turn|2\n|\n|t:|1776123390\n|move|p2b: Kommo-o|Aura Sphere|p1b: Aggron\n|-supereffective|p1b: Aggron|1\n|-crit|p1b: Aggron\n|-damage|p1b: Aggron|27/100\n|move|p2a: Incineroar|Parting Shot|p1b: Aggron\n|-unboost|p1b: Aggron|atk|1\n|-unboost|p1b: Aggron|spa|1\n|\n|t:|1776123402\n|switch|p2a: Kingambit|Kingambit, L50, M|100/100|[from] Parting Shot\n|move|p1b: Aggron|Body Press|p2a: Kingambit\n|-supereffective|p2a: Kingambit|2\n|-enditem|p2a: Kingambit|Chople Berry|[eat]\n|-enditem|p2a: Kingambit|Chople Berry|[weaken]\n|-damage|p2a: Kingambit|0 fnt\n|faint|p2a: Kingambit\n|move|p1a: Sableye|Foul Play|p2b: Kommo-o\n|-resisted|p2b: Kommo-o|1\n|-damage|p2b: Kommo-o|87/100\n|\n|-heal|p2b: Kommo-o|93/100|[from] item: Leftovers\n|upkeep\n|\n|t:|1776123406\n|switch|p2a: Incineroar|Incineroar, L50, M|100/100\n|-ability|p2a: Incineroar|Intimidate|boost\n|-unboost|p1a: Sableye|atk|1\n|-unboost|p1b: Aggron|atk|1\n|turn|3\n|\n|t:|1776123426\n|move|p2a: Incineroar|Fake Out|p1b: Aggron\n|-resisted|p1b: Aggron|1\n|-damage|p1b: Aggron|26/100\n|move|p1a: Sableye|Light Screen|p1a: Sableye\n|-sidestart|p1: Nachofrize|move: Light Screen\n|move|p2b: Kommo-o|Clanging Scales|p1b: Aggron|[spread] p1a,p1b\n|-resisted|p1b: Aggron|1\n|-damage|p1a: Sableye|28/100\n|-damage|p1b: Aggron|16/100\n|-unboost|p2b: Kommo-o|def|1\n|cant|p1b: Aggron|flinch\n|\n|-heal|p2b: Kommo-o|99/100|[from] item: Leftovers\n|upkeep\n|turn|4\n|\n|t:|1776123448\n|move|p1a: Sableye|Quash|p2b: Kommo-o\n|-activate|p2b: Kommo-o|move: Quash\n|move|p2a: Incineroar|Darkest Lariat|p1a: Sableye\n|-damage|p1a: Sableye|0 fnt\n|faint|p1a: Sableye\n|move|p1b: Aggron|Body Press|p2b: Kommo-o\n|-damage|p2b: Kommo-o|0 fnt\n|faint|p2b: Kommo-o\n|\n|upkeep\n|\n|t:|1776123461\n|switch|p2b: Whimsicott|Whimsicott, L50, F|100/100\n|switch|p1a: Clefable|Clefable, L50, M|100/100\n|turn|5\n|\n|t:|1776123474\n|move|p1a: Clefable|Follow Me|p1a: Clefable\n|-singleturn|p1a: Clefable|move: Follow Me\n|move|p2b: Whimsicott|Moonblast|p1a: Clefable\n|-damage|p1a: Clefable|81/100\n|move|p2a: Incineroar|Darkest Lariat|p1a: Clefable\n|-resisted|p1a: Clefable|1\n|-damage|p1a: Clefable|67/100\n|move|p1b: Aggron|Body Press|p2a: Incineroar\n|-supereffective|p2a: Incineroar|1\n|-damage|p2a: Incineroar|0 fnt\n|faint|p2a: Incineroar\n|\n|upkeep\n|turn|6\n|\n|t:|1776123492\n|move|p2b: Whimsicott|Moonblast|p1a: Clefable\n|-damage|p1a: Clefable|47/100\n|-enditem|p1a: Clefable|Sitrus Berry|[eat]\n|-heal|p1a: Clefable|71/100|[from] item: Sitrus Berry\n|move|p1a: Clefable|Life Dew|p1a: Clefable|[spread] p1a,p1b\n|-heal|p1a: Clefable|97/100\n|-heal|p1b: Aggron|41/100\n|move|p1b: Aggron|Heavy Slam|p2b: Whimsicott\n|-supereffective|p2b: Whimsicott|1\n|-damage|p2b: Whimsicott|38/100\n|\n|upkeep\n|turn|7\n|\n|t:|1776123509\n|move|p2b: Whimsicott|Moonblast|p1a: Clefable\n|-damage|p1a: Clefable|77/100\n|-unboost|p1a: Clefable|spa|1\n|move|p1a: Clefable|Life Dew|p1a: Clefable|[spread] p1a,p1b\n|-heal|p1a: Clefable|100/100\n|-heal|p1b: Aggron|65/100\n|move|p1b: Aggron|Body Press|p2b: Whimsicott\n|-resisted|p2b: Whimsicott|1\n|-damage|p2b: Whimsicott|0 fnt\n|faint|p2b: Whimsicott\n|\n|win|Nachofrize\n|raw|Nachofrize's rating: 1057 &rarr; <strong>1083</strong><br />(+26 for winning)\n|raw|isaacito_10's rating: 1000 &rarr; <strong>1000</strong><br />(+0 for losing)\n",
  "uploadtime": 1776123524,
  "views": 32,
  "formatid": "gen9championsvgc2026regma",
  "rating": 1000,
  "private": 0,
  "password": null
}