{
  "id": "gen9championsvgc2026regma-2587051811",
  "format": "[Gen 9 Champions] VGC 2026 Reg M-A",
  "players": [
    "lucienflash",
    "AlmondsVGC"
  ],
  "log": "|j|\u2606lucienflash\n|j|\u2606AlmondsVGC\n|html|<table width=\"100%\"><tr><td align=\"left\">lucienflash</td><td align=\"right\">AlmondsVGC</tr><tr><td align=\"left\"><i class=\"fa fa-circle\"></i> <i class=\"fa fa-circle-o\"></i> </td><td align=\"right\"><i class=\"fa fa-circle-o\"></i> <i class=\"fa fa-circle\"></i> </tr></table>\n|uhtml|bestof|<h2><strong>Game 3</strong> of <a href=\"/game-bestof3-gen9championsvgc2026regma-2587047421\">a best-of-3</a></h2>\n|t:|1776487074\n|gametype|doubles\n|player|p1|lucienflash|102|\n|player|p2|AlmondsVGC|266|\n|gen|9\n|tier|[Gen 9 Champions] VGC 2026 Reg M-A\n|rule|Species Clause: Limit one of each Pok\u00e9mon\n|rule|Item Clause: Limit 1 of each item\n|raw|<div class=\"infobox\"><details class=\"readmore\" open><summary><strong>1 custom rule:</strong></summary> Best of = 3</details></div>\n|clearpoke\n|poke|p1|Charizard, L50, M|\n|poke|p1|Dragonite, L50, M|\n|poke|p1|Blastoise, L50, M|\n|poke|p1|Ditto, L50|\n|poke|p1|Arcanine, L50, F|\n|poke|p1|Kangaskhan, L50, F|\n|poke|p2|Gengar, L50, F|\n|poke|p2|Hydreigon, L50, F|\n|poke|p2|Primarina, L50, F|\n|poke|p2|Incineroar, L50, M|\n|poke|p2|Snorlax, L50, F|\n|poke|p2|Farigiraf, L50, M|\n|teampreview|4\nAlmondsVGC rejected open team sheets.\n|\n|t:|1776487131\n|teamsize|p1|4\n|teamsize|p2|4\n|start\n|switch|p1a: Dragonite|Dragonite, L50, M|100/100\n|switch|p1b: Charizard|Charizard, L50, M|100/100\n|switch|p2a: Primarina|Primarina, L50, F|100/100\n|switch|p2b: Farigiraf|Farigiraf, L50, M|100/100\n|turn|1\n|\n|t:|1776487177\n|detailschange|p1b: Charizard|Charizard-Mega-X, L50, M\n|-mega|p1b: Charizard|Charizard|Charizardite X\n|move|p1b: Charizard|Heat Wave|p2b: Farigiraf|[spread] p2a,p2b\n|-resisted|p2a: Primarina|1\n|-damage|p2a: Primarina|84/100\n|-damage|p2b: Farigiraf|61/100\n|move|p1a: Dragonite|Thunderbolt|p2a: Primarina\n|-supereffective|p2a: Primarina|1\n|-damage|p2a: Primarina|35/100\n|move|p2a: Primarina|Hyper Voice|p1a: Dragonite|[spread] p1a,p1b\n|-resisted|p1a: Dragonite|1\n|-damage|p1a: Dragonite|92/100\n|-damage|p1b: Charizard|58/100\n|move|p2b: Farigiraf|Trick Room|p2b: Farigiraf\n|-fieldstart|move: Trick Room|[of] p2b: Farigiraf\n|\n|-heal|p2a: Primarina|41/100|[from] item: Leftovers\n|-heal|p1a: Dragonite|98/100|[from] item: Leftovers\n|upkeep\n|turn|2\n|\n|t:|1776487228\n|move|p1a: Dragonite|Protect|p1a: Dragonite\n|-singleturn|p1a: Dragonite|Protect\n|move|p2a: Primarina|Moonblast|p1a: Dragonite\n|-activate|p1a: Dragonite|move: Protect\n|move|p2b: Farigiraf|Psychic|p1b: Charizard\n|-damage|p1b: Charizard|9/100\n|move|p1b: Charizard|Heat Wave|p2a: Primarina|[spread] p2a,p2b\n|-resisted|p2a: Primarina|1\n|-damage|p2a: Primarina|23/100\n|-damage|p2b: Farigiraf|19/100\n|-enditem|p2b: Farigiraf|Sitrus Berry|[eat]\n|-heal|p2b: Farigiraf|43/100|[from] item: Sitrus Berry\n|\n|-heal|p2a: Primarina|29/100|[from] item: Leftovers\n|-heal|p1a: Dragonite|100/100|[from] item: Leftovers\n|upkeep\n|turn|3\n|\n|t:|1776487256\n|switch|p2a: Snorlax|Snorlax, L50, F|100/100\n|move|p2b: Farigiraf|Psychic|p1a: Dragonite\n|-damage|p1a: Dragonite|81/100\n|-unboost|p1a: Dragonite|spd|1\n|move|p1a: Dragonite|Thunderbolt|p2a: Snorlax\n|-damage|p2a: Snorlax|83/100\n|move|p1b: Charizard|Dragon Pulse|p2b: Farigiraf\n|-crit|p2b: Farigiraf\n|-damage|p2b: Farigiraf|0 fnt\n|faint|p2b: Farigiraf\n|\n|-heal|p1a: Dragonite|87/100|[from] item: Leftovers\n|upkeep\n|\n|t:|1776487266\n|switch|p2b: Primarina|Primarina, L50, F|29/100\n|turn|4\n|\n|t:|1776487277\n|move|p1a: Dragonite|Protect|p1a: Dragonite\n|-singleturn|p1a: Dragonite|Protect\n|move|p1b: Charizard|Protect|p1b: Charizard\n|-singleturn|p1b: Charizard|Protect\n|move|p2a: Snorlax|Double-Edge|p1b: Charizard\n|-activate|p1b: Charizard|move: Protect\n|move|p2b: Primarina|Moonblast|p1a: Dragonite\n|-activate|p1a: Dragonite|move: Protect\n|\n|-heal|p2b: Primarina|35/100|[from] item: Leftovers\n|-heal|p1a: Dragonite|93/100|[from] item: Leftovers\n|upkeep\n|turn|5\n|\n|t:|1776487298\n|switch|p1a: Blastoise|Blastoise, L50, M|100/100\n|move|p2a: Snorlax|Double-Edge|p1b: Charizard\n|-damage|p1b: Charizard|0 fnt\n|faint|p1b: Charizard\n|-damage|p2a: Snorlax|81/100|[from] Recoil\n|move|p2b: Primarina|Moonblast|p1a: Blastoise\n|-damage|p1a: Blastoise|46/100\n|\n|-heal|p2b: Primarina|41/100|[from] item: Leftovers\n|-fieldend|move: Trick Room\n|upkeep\n|\n|t:|1776487313\n|switch|p1b: Kangaskhan|Kangaskhan, L50, F|100/100\n|turn|6\n|\n|t:|1776487362\n|move|p2b: Primarina|Protect|p2b: Primarina\n|-singleturn|p2b: Primarina|Protect\n|move|p1b: Kangaskhan|Fake Out|p2a: Snorlax\n|-damage|p2a: Snorlax|58/100\n|move|p1a: Blastoise|Muddy Water|p2a: Snorlax|[spread] p2a\n|-activate|p2b: Primarina|move: Protect\n|-damage|p2a: Snorlax|43/100\n|cant|p2a: Snorlax|flinch\n|\n|-heal|p2b: Primarina|47/100|[from] item: Leftovers\n|upkeep\n|turn|7\n|\n|t:|1776487383\n|move|p1a: Blastoise|Muddy Water|p2b: Primarina|[spread] p2a,p2b\n|-resisted|p2b: Primarina|1\n|-damage|p2a: Snorlax|27/100\n|-damage|p2b: Primarina|35/100\n|move|p1b: Kangaskhan|Last Resort|p2b: Primarina\n|-damage|p2b: Primarina|0 fnt\n|faint|p2b: Primarina\n|move|p2a: Snorlax|Self-Destruct|p1a: Blastoise|[spread] p1a,p1b\n|-damage|p1a: Blastoise|0 fnt\n|-damage|p1b: Kangaskhan|4/100\n|faint|p2a: Snorlax\n|faint|p1a: Blastoise\n|\n|upkeep\n|\n|t:|1776487393\n|switch|p1a: Dragonite|Dragonite, L50, M|93/100\n|switch|p2b: Hydreigon|Hydreigon, L50, F|100/100\n|turn|8\n|\n|t:|1776487407\n|move|p1a: Dragonite|Protect|p1a: Dragonite\n|-singleturn|p1a: Dragonite|Protect\n|move|p2b: Hydreigon|Dragon Pulse|p1b: Kangaskhan\n|-damage|p1b: Kangaskhan|0 fnt\n|faint|p1b: Kangaskhan\n|\n|-heal|p1a: Dragonite|99/100|[from] item: Leftovers\n|upkeep\n|turn|9\n|\n|t:|1776487415\n|move|p2b: Hydreigon|Dragon Pulse|p1a: Dragonite\n|-supereffective|p1a: Dragonite|1\n|-damage|p1a: Dragonite|18/100\n|move|p1a: Dragonite|Ice Beam|p2b: Hydreigon\n|-supereffective|p2b: Hydreigon|1\n|-damage|p2b: Hydreigon|33/100\n|\n|-heal|p1a: Dragonite|24/100|[from] item: Leftovers\n|upkeep\n|turn|10\n|\n|t:|1776487424\n|move|p1a: Dragonite|Extreme Speed|p2b: Hydreigon\n|-damage|p2b: Hydreigon|11/100\n|move|p2b: Hydreigon|Dragon Pulse|p1a: Dragonite\n|-supereffective|p1a: Dragonite|1\n|-damage|p1a: Dragonite|0 fnt\n|faint|p1a: Dragonite\n|\n|win|AlmondsVGC\n|c|\u2606lucienflash|Ggs\n|c|\u2606AlmondsVGC|ggs\n|l|\u2606lucienflash\n|player|p1|\n",
  "uploadtime": 1776487477,
  "views": 25,
  "formatid": "gen9championsvgc2026regma",
  "rating": null,
  "private": 0,
  "password": null
}