{
  "id": "gen9championsvgc2026regma-2587897186",
  "format": "[Gen 9 Champions] VGC 2026 Reg M-A",
  "players": [
    "lteg",
    "TheBallistic1"
  ],
  "log": "|j|\u2606lteg\n|j|\u2606TheBallistic1\n|t:|1776576056\n|gametype|doubles\n|player|p1|lteg|leon|\n|player|p2|TheBallistic1|colress|\n|gen|9\n|tier|[Gen 9 Champions] VGC 2026 Reg M-A\n|rated|Tournament battle\n|rule|Species Clause: Limit one of each Pok\u00e9mon\n|rule|Item Clause: Limit 1 of each item\n|raw|<div class=\"infobox\"><details class=\"readmore\" open><summary><strong>1 custom rule:</strong></summary> Force Open Team Sheets</details></div>\n|clearpoke\n|poke|p1|Kingambit, L50, F|\n|poke|p1|Incineroar, L50, F|\n|poke|p1|Sneasler, L50, M|\n|poke|p1|Aerodactyl, L50, M, shiny|\n|poke|p1|Rotom-Wash, L50|\n|poke|p1|Scizor, L50, F|\n|poke|p2|Floette-Eternal, L50, F|\n|poke|p2|Charizard, L50, F|\n|poke|p2|Sneasler, L50, F|\n|poke|p2|Milotic, L50, F|\n|poke|p2|Incineroar, L50, M|\n|poke|p2|Sinistcha, L50|\n|teampreview|4\n|showteam|p1|Kingambit||ChopleBerry|Defiant|SuckerPunch,KowtowCleave,IronHead,Protect|||F|||50|]Incineroar||SitrusBerry|Intimidate|DarkestLariat,PartingShot,FlareBlitz,FakeOut|||F|||50|]Sneasler||WhiteHerb|Unburden|DireClaw,FakeOut,CloseCombat,Protect|||M|||50|]Aerodactyl||FocusSash|Unnerve|DualWingbeat,RockSlide,Tailwind,Protect|||M|||50|]Rotom-Wash||Magnet|Levitate|Thunderbolt,VoltSwitch,WillOWisp,ShadowBall||||||50|]Scizor||Scizorite|Technician|BulletPunch,DualWingbeat,BugBite,SwordsDance|||F|||50|\n|showteam|p2|Floette-Eternal||Floettite|FlowerVeil|Protect,Psychic,Moonblast,DazzlingGleam|||F|||50|]Charizard||CharizarditeY|Blaze|Protect,SolarBeam,HeatWave,AirSlash|||F|||50|]Sneasler||WhiteHerb|Unburden|FakeOut,Uturn,CloseCombat,DireClaw|||F|||50|]Milotic||Leftovers|Competitive|Protect,Haze,Scald,IceBeam|||F|||50|]Incineroar||SitrusBerry|Intimidate|FakeOut,PartingShot,FlareBlitz,DarkestLariat|||M|||50|]Sinistcha||MentalHerb|Hospitality|Protect,RagePowder,MatchaGotcha,StrengthSap||||||50|\n|inactive|Battle timer is ON: inactive players will automatically lose when time's up. (requested by lteg)\n|j| La voz favorita\n|l| La voz favorita\n|c|\u2606lteg|my run ends here\n|inactive|TheBallistic1 has 60 seconds left.\n|\n|t:|1776576088\n|teamsize|p1|4\n|teamsize|p2|4\n|start\n|switch|p1a: Aerodactyl|Aerodactyl, L50, M, shiny|100/100\n|switch|p1b: Rotom|Rotom-Wash, L50|100/100\n|switch|p2a: Sneasler|Sneasler, L50, F|100/100\n|switch|p2b: Charizard|Charizard, L50, F|100/100\n|-ability|p1a: Aerodactyl|Unnerve\n|turn|1\n|j| OnToTheOther\n|inactive|lteg has 30 seconds left.\n|\n|t:|1776576120\n|detailschange|p2b: Charizard|Charizard-Mega-Y, L50, F\n|-mega|p2b: Charizard|Charizard|Charizardite Y\n|-weather|SunnyDay|[from] ability: Drought|[of] p2b: Charizard\n|move|p2a: Sneasler|Fake Out|p1a: Aerodactyl\n|-resisted|p1a: Aerodactyl|1\n|-damage|p1a: Aerodactyl|90/100\n|cant|p1a: Aerodactyl|flinch\n|move|p2b: Charizard|Solar Beam||[still]\n|-prepare|p2b: Charizard|Solar Beam\n|-anim|p2b: Charizard|Solar Beam|p1b: Rotom\n|-supereffective|p1b: Rotom|1\n|-damage|p1b: Rotom|0 fnt\n|faint|p1b: Rotom\n|\n|-weather|SunnyDay|[upkeep]\n|upkeep\n|\n|t:|1776576134\n|switch|p1b: Kingambit|Kingambit, L50, F|100/100\n|turn|2\n|\n|t:|1776576152\n|move|p2b: Charizard|Protect|p2b: Charizard\n|-singleturn|p2b: Charizard|Protect\n|move|p1b: Kingambit|Sucker Punch|p2a: Sneasler\n|-resisted|p2a: Sneasler|1\n|-damage|p2a: Sneasler|67/100\n|move|p1a: Aerodactyl|Dual Wingbeat|p2a: Sneasler\n|-supereffective|p2a: Sneasler|1\n|-damage|p2a: Sneasler|6/100\n|-supereffective|p2a: Sneasler|1\n|-damage|p2a: Sneasler|0 fnt\n|faint|p2a: Sneasler\n|-hitcount|p2: Sneasler|2\n|\n|-weather|SunnyDay|[upkeep]\n|upkeep\n|\n|t:|1776576163\n|switch|p2a: Milotic|Milotic, L50, F|100/100\n|turn|3\n|\n|t:|1776576176\n|switch|p2b: Sinistcha|Sinistcha, L50|100/100\n|move|p1a: Aerodactyl|Rock Slide|p2a: Milotic|[spread] p2a,p2b\n|-damage|p2a: Milotic|70/100\n|-damage|p2b: Sinistcha|80/100\n|move|p2a: Milotic|Ice Beam|p1a: Aerodactyl\n|-supereffective|p1a: Aerodactyl|1\n|-damage|p1a: Aerodactyl|7/100\n|move|p1b: Kingambit|Kowtow Cleave|p2a: Milotic\n|-damage|p2a: Milotic|6/100\n|\n|-weather|SunnyDay|[upkeep]\n|-heal|p2a: Milotic|12/100|[from] item: Leftovers\n|upkeep\n|turn|4\n|j| ZaVGC\n|\n|t:|1776576193\n|switch|p1a: Scizor|Scizor, L50, F|100/100\n|move|p2a: Milotic|Protect|p2a: Milotic\n|-singleturn|p2a: Milotic|Protect\n|move|p2b: Sinistcha|Matcha Gotcha|p1a: Scizor|[spread] p1a,p1b\n|-resisted|p1a: Scizor|2\n|-resisted|p1b: Kingambit|1\n|-damage|p1a: Scizor|93/100\n|-heal|p2b: Sinistcha|84/100|[from] drain|[of] p1a: Scizor\n|-damage|p1b: Kingambit|88/100\n|-heal|p2b: Sinistcha|91/100|[from] drain|[of] p1b: Kingambit\n|move|p1b: Kingambit|Kowtow Cleave|p2b: Sinistcha\n|-supereffective|p2b: Sinistcha|1\n|-damage|p2b: Sinistcha|16/100\n|\n|-weather|SunnyDay|[upkeep]\n|-heal|p2a: Milotic|18/100|[from] item: Leftovers\n|upkeep\n|turn|5\n|\n|t:|1776576215\n|detailschange|p1a: Scizor|Scizor-Mega, L50, F\n|-mega|p1a: Scizor|Scizor|Scizorite\n|move|p2a: Milotic|Protect||[still]\n|-fail|p2a: Milotic\n|move|p1a: Scizor|Bullet Punch|p2b: Sinistcha\n|-damage|p2b: Sinistcha|0 fnt\n|faint|p2b: Sinistcha\n|move|p1b: Kingambit|Sucker Punch||[still]\n|-fail|p1b: Kingambit\n|\n|-weather|none\n|-heal|p2a: Milotic|24/100|[from] item: Leftovers\n|upkeep\n|\n|t:|1776576220\n|switch|p2b: Charizard|Charizard-Mega-Y, L50, F|100/100\n|-weather|SunnyDay|[from] ability: Drought|[of] p2b: Charizard\n|turn|6\n|\n|t:|1776576242\n|move|p1b: Kingambit|Protect|p1b: Kingambit\n|-singleturn|p1b: Kingambit|Protect\n|move|p1a: Scizor|Bullet Punch|p2a: Milotic\n|-resisted|p2a: Milotic|1\n|-damage|p2a: Milotic|2/100\n|move|p2b: Charizard|Heat Wave|p1a: Scizor|[spread] p1a\n|-activate|p1b: Kingambit|move: Protect\n|-supereffective|p1a: Scizor|2\n|-damage|p1a: Scizor|0 fnt\n|faint|p1a: Scizor\n|move|p2a: Milotic|Scald|p1b: Kingambit\n|-activate|p1b: Kingambit|move: Protect\n|\n|-weather|SunnyDay|[upkeep]\n|-heal|p2a: Milotic|8/100|[from] item: Leftovers\n|upkeep\n|\n|t:|1776576249\n|switch|p1a: Aerodactyl|Aerodactyl, L50, M, shiny|7/100\n|-ability|p1a: Aerodactyl|Unnerve\n|turn|7\n|\n|t:|1776576263\n|move|p1b: Kingambit|Sucker Punch|p2a: Milotic\n|-damage|p2a: Milotic|0 fnt\n|faint|p2a: Milotic\n|move|p1a: Aerodactyl|Rock Slide|p2b: Charizard\n|-supereffective|p2b: Charizard|2\n|-damage|p2b: Charizard|0 fnt\n|faint|p2b: Charizard\n|\n|win|lteg\n|n|\u2606lteg|lteg\n|n|\u2606TheBallistic1|theballistic1\n|n| OnToTheOther|ontotheother\n|n| ZaVGC|zavgc\n",
  "uploadtime": 1776576267,
  "views": 14,
  "formatid": "gen9championsvgc2026regma",
  "rating": null,
  "private": 0,
  "password": null
}