{
  "id": "gen9championsvgc2026regma-2583975591",
  "format": "[Gen 9 Champions] VGC 2026 Reg M-A",
  "players": [
    "chagabungas",
    "Eesoch"
  ],
  "log": "|j|\u2606chagabungas\n|j|\u2606Eesoch\n|t:|1776213377\n|gametype|doubles\n|player|p1|chagabungas|caitlin|1142\n|player|p2|Eesoch|169|1105\n|gen|9\n|tier|[Gen 9 Champions] VGC 2026 Reg M-A\n|rated|\n|rule|Species Clause: Limit one of each Pok\u00e9mon\n|rule|Item Clause: Limit 1 of each item\n|clearpoke\n|poke|p1|Froslass, L50, F|\n|poke|p1|Primarina, L50, F|\n|poke|p1|Sneasler, L50, F|\n|poke|p1|Kingambit, L50, F|\n|poke|p1|Arcanine-Hisui, L50, F|\n|poke|p1|Rotom-Frost, L50|\n|poke|p2|Meganium, L50, M|\n|poke|p2|Aerodactyl, L50, M|\n|poke|p2|Typhlosion-Hisui, L50, M|\n|poke|p2|Froslass, L50, F|\n|poke|p2|Empoleon, L50, M|\n|poke|p2|Sneasler, L50, M|\n|teampreview|4\n|inactive|Battle timer is ON: inactive players will automatically lose when time's up. (requested by chagabungas)\n|\n|t:|1776213407\n|teamsize|p1|4\n|teamsize|p2|4\n|start\n|switch|p1a: Davi|Rotom-Frost, L50|100/100\n|switch|p1b: Sneasler|Sneasler, L50, F|100/100\n|switch|p2a: Sneasler|Sneasler, L50, M, shiny|100/100\n|switch|p2b: Typhlosion|Typhlosion-Hisui, L50, M, shiny|100/100\n|turn|1\n|\n|t:|1776213427\n|move|p1b: Sneasler|Fake Out|p2a: Sneasler\n|-damage|p2a: Sneasler|74/100\n|cant|p2a: Sneasler|flinch\n|move|p2b: Typhlosion|Eruption|p1a: Davi|[spread] p1a,p1b\n|-supereffective|p1a: Davi|1\n|-damage|p1a: Davi|0 fnt\n|-damage|p1b: Sneasler|15/100\n|faint|p1a: Davi\n|\n|upkeep\n|\n|t:|1776213440\n|switch|p1a: Kingambit|Kingambit, L50, F, shiny|100/100\n|turn|2\n|\n|t:|1776213454\n|switch|p2b: Empoleon|Empoleon, L50, M, shiny|100/100\n|move|p1a: Kingambit|Sucker Punch||[still]\n|-fail|p1a: Kingambit\n|move|p1b: Sneasler|Dire Claw|p2b: Empoleon\n|-immune|p2b: Empoleon\n|move|p2a: Sneasler|Close Combat|p1a: Kingambit\n|-supereffective|p1a: Kingambit|2\n|-enditem|p1a: Kingambit|Chople Berry|[eat]\n|-enditem|p1a: Kingambit|Chople Berry|[weaken]\n|-damage|p1a: Kingambit|9/100\n|-unboost|p2a: Sneasler|def|1\n|-unboost|p2a: Sneasler|spd|1\n|-enditem|p2a: Sneasler|White Herb\n|-clearnegativeboost|p2a: Sneasler|[silent]\n|\n|upkeep\n|turn|3\n|inactive|Eesoch has 30 seconds left.\n|\n|t:|1776213487\n|move|p2a: Sneasler|Close Combat|p1a: Kingambit\n|-supereffective|p1a: Kingambit|2\n|-damage|p1a: Kingambit|0 fnt\n|-unboost|p2a: Sneasler|def|1\n|-unboost|p2a: Sneasler|spd|1\n|faint|p1a: Kingambit\n|move|p1b: Sneasler|Close Combat|p2b: Empoleon\n|-supereffective|p2b: Empoleon|1\n|-damage|p2b: Empoleon|0 fnt\n|-unboost|p1b: Sneasler|def|1\n|-unboost|p1b: Sneasler|spd|1\n|faint|p2b: Empoleon\n|-enditem|p1b: Sneasler|White Herb\n|-clearnegativeboost|p1b: Sneasler|[silent]\n|\n|upkeep\n|\n|t:|1776213498\n|switch|p2b: Typhlosion|Typhlosion-Hisui, L50, M, shiny|100/100\n|switch|p1a: Froslass|Froslass, L50, F, shiny|100/100\n|turn|4\n|\n|t:|1776213507\n|move|p1a: Froslass|Protect|p1a: Froslass\n|-singleturn|p1a: Froslass|Protect\n|move|p2a: Sneasler|Close Combat|p1b: Sneasler\n|-resisted|p1b: Sneasler|1\n|-damage|p1b: Sneasler|0 fnt\n|-unboost|p2a: Sneasler|def|1\n|-unboost|p2a: Sneasler|spd|1\n|faint|p1b: Sneasler\n|move|p2b: Typhlosion|Eruption|p1a: Froslass\n|-activate|p1a: Froslass|move: Protect\n|\n|upkeep\n|turn|5\n|\n|t:|1776213517\n|detailschange|p1a: Froslass|Froslass-Mega, L50, F, shiny\n|-mega|p1a: Froslass|Froslass|Froslassite\n|-weather|Snowscape|[from] ability: Snow Warning|[of] p1a: Froslass\n|move|p2a: Sneasler|Dire Claw|p1a: Froslass\n|-resisted|p1a: Froslass|1\n|-damage|p1a: Froslass|75/100\n|-status|p1a: Froslass|slp\n|move|p2b: Typhlosion|Eruption|p1a: Froslass\n|-supereffective|p1a: Froslass|1\n|-damage|p1a: Froslass|0 fnt\n|faint|p1a: Froslass\n|\n|win|Eesoch\n|raw|chagabungas's rating: 1142 &rarr; <strong>1114</strong><br />(-28 for losing)\n|raw|Eesoch's rating: 1105 &rarr; <strong>1133</strong><br />(+28 for winning)\n",
  "uploadtime": 1776213530,
  "views": 27,
  "formatid": "gen9championsvgc2026regma",
  "rating": 1114,
  "private": 0,
  "password": null
}