{
  "id": "gen9championsvgc2026regma-2588634338",
  "format": "[Gen 9 Champions] VGC 2026 Reg M-A",
  "players": [
    "Jaunz0ka",
    "creeper9501"
  ],
  "log": "|j|\u2606Jaunz0ka\n|j|\u2606creeper9501\n|t:|1776652214\n|gametype|doubles\n|player|p1|Jaunz0ka|n|1418\n|player|p2|creeper9501|fantina|1427\n|gen|9\n|tier|[Gen 9 Champions] VGC 2026 Reg M-A\n|rated|\n|rule|Species Clause: Limit one of each Pok\u00e9mon\n|rule|Item Clause: Limit 1 of each item\n|clearpoke\n|poke|p1|Froslass, L50, F|\n|poke|p1|Kingambit, L50, M|\n|poke|p1|Arcanine-Hisui, L50, M|\n|poke|p1|Primarina, L50, F|\n|poke|p1|Garchomp, L50, M|\n|poke|p1|Sneasler, L50, F|\n|poke|p2|Tyranitar, L50, M|\n|poke|p2|Excadrill, L50, M|\n|poke|p2|Incineroar, L50, F|\n|poke|p2|Corviknight, L50, M, shiny|\n|poke|p2|Farigiraf, L50, F|\n|poke|p2|Rotom-Wash, L50|\n|teampreview|4\n|inactive|Battle timer is ON: inactive players will automatically lose when time's up. (requested by creeper9501)\n|\n|t:|1776652249\n|teamsize|p1|4\n|teamsize|p2|4\n|start\n|switch|p1a: Arcanine|Arcanine-Hisui, L50, M|100/100\n|switch|p1b: Primarina|Primarina, L50, F|100/100\n|switch|p2a: Corviknight|Corviknight, L50, M, shiny|100/100\n|switch|p2b: Rotom|Rotom-Wash, L50|100/100\n|-ability|p1a: Arcanine|Intimidate|boost\n|-ability|p2a: Corviknight|Mirror Armor\n|-unboost|p1a: Arcanine|atk|1\n|-unboost|p2b: Rotom|atk|1\n|turn|1\n|j| frankyuan\n|inactive|creeper9501 has 30 seconds left.\n|\n|t:|1776652280\n|move|p2b: Rotom|Protect|p2b: Rotom\n|-singleturn|p2b: Rotom|Protect\n|move|p1a: Arcanine|Rock Slide|p2b: Rotom|[spread] p2a\n|-activate|p2b: Rotom|move: Protect\n|-damage|p2a: Corviknight|87/100\n|move|p2a: Corviknight|Tailwind|p2a: Corviknight\n|-sidestart|p2: creeper9501|move: Tailwind\n|move|p1b: Primarina|Hyper Voice|p2b: Rotom|[spread] p2a\n|-activate|p2b: Rotom|move: Protect\n|-damage|p2a: Corviknight|51/100\n|\n|-heal|p2a: Corviknight|57/100|[from] item: Leftovers\n|upkeep\n|turn|2\n|\n|t:|1776652303\n|move|p2b: Rotom|Hydro Pump|p1a: Arcanine\n|-supereffective|p1a: Arcanine|2\n|-enditem|p1a: Arcanine|Focus Sash\n|-damage|p1a: Arcanine|1/100\n|move|p2a: Corviknight|Roost|p2a: Corviknight\n|-heal|p2a: Corviknight|100/100\n|-singleturn|p2a: Corviknight|move: Roost\n|move|p1a: Arcanine|Flare Blitz|p2a: Corviknight\n|-supereffective|p2a: Corviknight|1\n|-damage|p2a: Corviknight|44/100\n|-damage|p1a: Arcanine|0 fnt|[from] Recoil\n|faint|p1a: Arcanine\n|move|p1b: Primarina|Moonblast|p2b: Rotom\n|-damage|p2b: Rotom|37/100\n|-enditem|p2b: Rotom|Sitrus Berry|[eat]\n|-heal|p2b: Rotom|62/100|[from] item: Sitrus Berry\n|\n|-heal|p2a: Corviknight|50/100|[from] item: Leftovers\n|upkeep\n|inactive|Jaunz0ka has 30 seconds left.\n|\n|t:|1776652328\n|switch|p1a: Froslass|Froslass, L50, F|100/100\n|turn|3\n|\n|t:|1776652341\n|detailschange|p1a: Froslass|Froslass-Mega, L50, F\n|-mega|p1a: Froslass|Froslass|Froslassite\n|-weather|Snowscape|[from] ability: Snow Warning|[of] p1a: Froslass\n|move|p1b: Primarina|Protect|p1b: Primarina\n|-singleturn|p1b: Primarina|Protect\n|move|p2b: Rotom|Thunderbolt|p1b: Primarina\n|-activate|p1b: Primarina|move: Protect\n|move|p2a: Corviknight|Roost|p2a: Corviknight\n|-heal|p2a: Corviknight|99/100\n|-singleturn|p2a: Corviknight|move: Roost\n|move|p1a: Froslass|Aurora Veil|p1a: Froslass\n|-sidestart|p1: Jaunz0ka|move: Aurora Veil\n|\n|-weather|Snowscape|[upkeep]\n|-heal|p2a: Corviknight|100/100|[from] item: Leftovers\n|upkeep\n|turn|4\n|\n|t:|1776652370\n|switch|p2b: Tyranitar|Tyranitar, L50, M|100/100\n|-weather|Sandstorm|[from] ability: Sand Stream|[of] p2b: Tyranitar\n|move|p2a: Corviknight|Brave Bird|p1a: Froslass\n|-damage|p1a: Froslass|62/100\n|-damage|p2a: Corviknight|92/100|[from] Recoil\n|move|p1a: Froslass|Shadow Ball|p2b: Tyranitar\n|-resisted|p2b: Tyranitar|1\n|-damage|p2b: Tyranitar|86/100\n|move|p1b: Primarina|Hyper Voice|p2a: Corviknight|[spread] p2a,p2b\n|-supereffective|p2b: Tyranitar|1\n|-damage|p2a: Corviknight|57/100\n|-damage|p2b: Tyranitar|29/100\n|\n|-weather|Sandstorm|[upkeep]\n|-damage|p1a: Froslass|56/100|[from] Sandstorm\n|-damage|p1b: Primarina|95/100|[from] Sandstorm\n|-heal|p2a: Corviknight|62/100|[from] item: Leftovers\n|-sideend|p2: creeper9501|move: Tailwind\n|upkeep\n|turn|5\n|\n|t:|1776652389\n|detailschange|p2b: Tyranitar|Tyranitar-Mega, L50, M\n|-mega|p2b: Tyranitar|Tyranitar|Tyranitarite\n|move|p1a: Froslass|Protect|p1a: Froslass\n|-singleturn|p1a: Froslass|Protect\n|move|p2b: Tyranitar|Rock Slide|p1b: Primarina|[spread] p1b\n|-activate|p1a: Froslass|move: Protect\n|-damage|p1b: Primarina|65/100\n|move|p2a: Corviknight|Brave Bird|p1b: Primarina\n|-damage|p1b: Primarina|33/100\n|-damage|p2a: Corviknight|53/100|[from] Recoil\n|move|p1b: Primarina|Hyper Voice|p2a: Corviknight|[spread] p2a,p2b\n|-supereffective|p2b: Tyranitar|1\n|-damage|p2a: Corviknight|20/100\n|-damage|p2b: Tyranitar|0 fnt\n|faint|p2b: Tyranitar\n|\n|-weather|Sandstorm|[upkeep]\n|-damage|p1a: Froslass|50/100|[from] Sandstorm\n|-damage|p1b: Primarina|27/100|[from] Sandstorm\n|-heal|p2a: Corviknight|26/100|[from] item: Leftovers\n|upkeep\n|\n|t:|1776652393\n|switch|p2b: Excadrill|Excadrill, L50, M|100/100\n|turn|6\n|\n|t:|1776652412\n|move|p2b: Excadrill|Rock Slide|p1a: Froslass|[spread] p1a,p1b\n|-supereffective|p1a: Froslass|1\n|-damage|p1a: Froslass|0 fnt\n|-damage|p1b: Primarina|10/100\n|faint|p1a: Froslass\n|move|p2a: Corviknight|Roost|p2a: Corviknight\n|-heal|p2a: Corviknight|76/100\n|-singleturn|p2a: Corviknight|move: Roost\n|move|p1b: Primarina|Hyper Voice|p2b: Excadrill|[spread] p2a,p2b\n|-supereffective|p2b: Excadrill|1\n|-damage|p2a: Corviknight|40/100\n|-enditem|p2b: Excadrill|Focus Sash\n|-damage|p2b: Excadrill|1/100\n|\n|-weather|Sandstorm|[upkeep]\n|-damage|p1b: Primarina|4/100|[from] Sandstorm\n|-heal|p2a: Corviknight|46/100|[from] item: Leftovers\n|upkeep\n|-message|Jaunz0ka forfeited.\n|\n|win|creeper9501\n|raw|Jaunz0ka's rating: 1418 &rarr; <strong>1399</strong><br />(-19 for losing)\n|raw|creeper9501's rating: 1427 &rarr; <strong>1446</strong><br />(+19 for winning)\n|l|\u2606Jaunz0ka\n|player|p1|\n|l|\u2606creeper9501\n|player|p2|\n|l| frankyuan\n",
  "uploadtime": 1776653046,
  "views": 8,
  "formatid": "gen9championsvgc2026regma",
  "rating": 1399,
  "private": 0,
  "password": null
}