{
  "id": "gen9championsvgc2026regma-2586694253",
  "format": "[Gen 9 Champions] VGC 2026 Reg M-A",
  "players": [
    "Woop1884",
    "TrickRoomAbooser"
  ],
  "log": "|j|\u2606Woop1884\n|j|\u2606TrickRoomAbooser\n|t:|1776452742\n|gametype|doubles\n|player|p1|Woop1884|102|1145\n|player|p2|TrickRoomAbooser|265|1113\n|gen|9\n|tier|[Gen 9 Champions] VGC 2026 Reg M-A\n|rated|\n|rule|Species Clause: Limit one of each Pok\u00e9mon\n|rule|Item Clause: Limit 1 of each item\n|clearpoke\n|poke|p1|Froslass, L50, F|\n|poke|p1|Rotom-Wash, L50|\n|poke|p1|Sableye, L50, F|\n|poke|p1|Sneasler, L50, F|\n|poke|p1|Garchomp, L50, F|\n|poke|p1|Arcanine, L50, F|\n|poke|p2|Hydrapple, L50, F|\n|poke|p2|Skarmory, L50, M|\n|poke|p2|Milotic, L50, F|\n|poke|p2|Infernape, L50, M|\n|poke|p2|Gengar, L50, M|\n|poke|p2|Altaria, L50, M|\n|teampreview|4\n|\n|t:|1776452795\n|teamsize|p1|4\n|teamsize|p2|4\n|start\n|switch|p1a: Froslass|Froslass, L50, F|100/100\n|switch|p1b: Rotom|Rotom-Wash, L50|100/100\n|switch|p2a: Skarmory|Skarmory, L50, M|100/100\n|switch|p2b: Milotic|Milotic, L50, F, shiny|100/100\n|turn|1\n|inactive|Battle timer is ON: inactive players will automatically lose when time's up. (requested by TrickRoomAbooser)\n|\n|t:|1776452817\n|switch|p2a: Hydrapple|Hydrapple, L50, F, shiny|100/100\n|-ability|p2a: Hydrapple|Supersweet Syrup\n|-unboost|p1a: Froslass|evasion|1\n|-unboost|p1b: Rotom|evasion|1\n|detailschange|p1a: Froslass|Froslass-Mega, L50, F\n|-mega|p1a: Froslass|Froslass|Froslassite\n|-weather|Snowscape|[from] ability: Snow Warning|[of] p1a: Froslass\n|move|p1b: Rotom|Electroweb|p2a: Hydrapple|[spread] p2a,p2b\n|-resisted|p2a: Hydrapple|2\n|-supereffective|p2b: Milotic|1\n|-damage|p2a: Hydrapple|97/100\n|-damage|p2b: Milotic|77/100\n|-unboost|p2a: Hydrapple|spe|1\n|-unboost|p2b: Milotic|spe|1\n|-ability|p2b: Milotic|Competitive|boost\n|-boost|p2b: Milotic|spa|2\n|move|p1a: Froslass|Blizzard|p2a: Hydrapple|[spread] p2a,p2b\n|-supereffective|p2a: Hydrapple|2\n|-enditem|p2a: Hydrapple|Yache Berry|[eat]\n|-enditem|p2a: Hydrapple|Yache Berry|[weaken]\n|-resisted|p2b: Milotic|1\n|-damage|p2a: Hydrapple|17/100\n|-damage|p2b: Milotic|59/100\n|move|p2b: Milotic|Hypnosis|p1a: Froslass\n|-status|p1a: Froslass|slp|[from] move: Hypnosis\n|\n|-weather|Snowscape|[upkeep]\n|-heal|p2b: Milotic|65/100|[from] item: Leftovers\n|upkeep\n|turn|2\n|inactive|Woop1884 has 30 seconds left.\n|inactive|TrickRoomAbooser has 30 seconds left.\n|inactive|Woop1884 has 20 seconds left.\n|inactive|TrickRoomAbooser has 20 seconds left.\n|inactive|TrickRoomAbooser has 15 seconds left.\n|\n|t:|1776452860\n|switch|p1b: Garchomp|Garchomp, L50, F|100/100\n|switch|p2a: Skarmory|Skarmory, L50, M|100/100\n|cant|p1a: Froslass|slp\n|move|p2b: Milotic|Scald|p1a: Froslass\n|-damage|p1a: Froslass|14/100 slp\n|\n|-weather|Snowscape|[upkeep]\n|-heal|p2b: Milotic|71/100|[from] item: Leftovers\n|upkeep\n|turn|3\n|\n|t:|1776452885\n|cant|p1a: Froslass|slp\n|move|p1b: Garchomp|Dragon Claw|p2b: Milotic\n|-damage|p2b: Milotic|28/100\n|move|p2a: Skarmory|Tailwind|p2a: Skarmory\n|-sidestart|p2: TrickRoomAbooser|move: Tailwind\n|move|p2b: Milotic|Blizzard|p1a: Froslass|[spread] p1a,p1b\n|-resisted|p1a: Froslass|1\n|-supereffective|p1b: Garchomp|2\n|-damage|p1a: Froslass|0 fnt\n|-enditem|p1b: Garchomp|Focus Sash\n|-damage|p1b: Garchomp|1/100\n|faint|p1a: Froslass\n|\n|-weather|Snowscape|[upkeep]\n|-heal|p2b: Milotic|34/100|[from] item: Leftovers\n|upkeep\n|\n|t:|1776452900\n|switch|p1a: Rotom|Rotom-Wash, L50|100/100\n|turn|4\n|\n|t:|1776452919\n|detailschange|p2a: Skarmory|Skarmory-Mega, L50, M\n|-mega|p2a: Skarmory|Skarmory|Skarmorite\n|move|p2a: Skarmory|Brave Bird|p1a: Rotom\n|-resisted|p1a: Rotom|1\n|-damage|p1a: Rotom|65/100\n|-damage|p2a: Skarmory|88/100|[from] Recoil\n|move|p1a: Rotom|Thunderbolt|p2a: Skarmory\n|-supereffective|p2a: Skarmory|1\n|-damage|p2a: Skarmory|0 fnt\n|faint|p2a: Skarmory\n|move|p1b: Garchomp|Dragon Claw|p2b: Milotic\n|-damage|p2b: Milotic|0 fnt\n|faint|p2b: Milotic\n|\n|-weather|Snowscape|[upkeep]\n|upkeep\n|\n|t:|1776452935\n|switch|p2a: Gengar|Gengar, L50, M|100/100\n|switch|p2b: Hydrapple|Hydrapple, L50, F, shiny|17/100\n|turn|5\n|\n|t:|1776452958\n|move|p2a: Gengar|Icy Wind|p1b: Garchomp|[spread] p1a\n|-miss|p2a: Gengar|p1b: Garchomp\n|-resisted|p1a: Rotom|1\n|-damage|p1a: Rotom|56/100\n|-unboost|p1a: Rotom|spe|1\n|move|p1b: Garchomp|Earthquake|p2a: Gengar|[spread] p2a,p2b\n|-immune|p1a: Rotom|[from] ability: Levitate\n|-supereffective|p2a: Gengar|1\n|-resisted|p2b: Hydrapple|1\n|-damage|p2a: Gengar|0 fnt\n|-damage|p2b: Hydrapple|1/100\n|faint|p2a: Gengar\n|move|p1a: Rotom|Thunderbolt|p2b: Hydrapple\n|-resisted|p2b: Hydrapple|2\n|-damage|p2b: Hydrapple|0 fnt\n|faint|p2b: Hydrapple\n|\n|win|Woop1884\n|raw|Woop1884's rating: 1145 &rarr; <strong>1168</strong><br />(+23 for winning)\n|raw|TrickRoomAbooser's rating: 1113 &rarr; <strong>1090</strong><br />(-23 for losing)\n|l|\u2606TrickRoomAbooser\n|player|p2|\n|c|\u2606Woop1884|unlucky\n",
  "uploadtime": 1776452994,
  "views": 36,
  "formatid": "gen9championsvgc2026regma",
  "rating": 1090,
  "private": 0,
  "password": null
}