{
  "id": "gen9championsvgc2026regma-2586804712",
  "format": "[Gen 9 Champions] VGC 2026 Reg M-A",
  "players": [
    "askeru",
    "qtestq"
  ],
  "log": "|j|\u2606askeru\n|j|\u2606qtestq\n|t:|1776461291\n|gametype|doubles\n|player|p1|askeru|aromalady|1111\n|player|p2|qtestq|hilbert-wonderlauncher|1124\n|gen|9\n|tier|[Gen 9 Champions] VGC 2026 Reg M-A\n|rated|\n|rule|Species Clause: Limit one of each Pok\u00e9mon\n|rule|Item Clause: Limit 1 of each item\n|clearpoke\n|poke|p1|Gardevoir, L50, M|\n|poke|p1|Ninetales-Alola, L50, F|\n|poke|p1|Corviknight, L50, F|\n|poke|p1|Sneasler, L50, M|\n|poke|p1|Umbreon, L50, F|\n|poke|p1|Clefable, L50, F|\n|poke|p2|Froslass, L50, F|\n|poke|p2|Garchomp, L50, F|\n|poke|p2|Rotom-Frost, L50|\n|poke|p2|Empoleon, L50, F|\n|poke|p2|Incineroar, L50, M|\n|poke|p2|Kingambit, L50, M|\n|teampreview|4\naskeru rejected open team sheets.\n|inactive|Battle timer is ON: inactive players will automatically lose when time's up. (requested by qtestq)\n|inactive|askeru has 60 seconds left.\n|\n|t:|1776461354\n|teamsize|p1|4\n|teamsize|p2|4\n|start\n|switch|p1a: Ninetales|Ninetales-Alola, L50, F|100/100\n|switch|p1b: Umbreon|Umbreon, L50, F|100/100\n|switch|p2a: Rotom|Rotom-Frost, L50|100/100\n|switch|p2b: Empoleon|Empoleon, L50, F|100/100\n|-weather|Snowscape|[from] ability: Snow Warning|[of] p1a: Ninetales\n|turn|1\n|inactive|askeru has 30 seconds left.\n|inactive|qtestq has 30 seconds left.\n|inactive|askeru has 20 seconds left.\n|inactive|askeru has 15 seconds left.\n|\n|t:|1776461395\n|move|p2a: Rotom|Blizzard|p1a: Ninetales|[spread] p1a,p1b\n|-resisted|p1a: Ninetales|1\n|-damage|p1a: Ninetales|82/100\n|-damage|p1b: Umbreon|78/100\n|move|p1a: Ninetales|Aurora Veil|p1a: Ninetales\n|-sidestart|p1: askeru|move: Aurora Veil\n|move|p2b: Empoleon|Flash Cannon|p1a: Ninetales\n|-supereffective|p1a: Ninetales|2\n|-damage|p1a: Ninetales|0 fnt\n|faint|p1a: Ninetales\n|move|p1b: Umbreon|Yawn|p2b: Empoleon\n|-start|p2b: Empoleon|move: Yawn|[of] p1b: Umbreon\n|\n|-weather|Snowscape|[upkeep]\n|-heal|p1b: Umbreon|84/100|[from] item: Leftovers\n|upkeep\n|\n|t:|1776461415\n|switch|p1a: Corviknight|Corviknight, L50, F|100/100\n|turn|2\n|\n|t:|1776461434\n|move|p2a: Rotom|Blizzard|p1a: Corviknight|[spread] p1a,p1b\n|-damage|p1a: Corviknight|78/100\n|-damage|p1b: Umbreon|70/100\n|move|p1a: Corviknight|Tailwind|p1a: Corviknight\n|-sidestart|p1: askeru|move: Tailwind\n|move|p1b: Umbreon|Yawn||[still]\n|-fail|p1b: Umbreon\n|move|p2b: Empoleon|Roar|p2a: Rotom\n|drag|p2a: Kingambit|Kingambit, L50, M|100/100\n|\n|-weather|Snowscape|[upkeep]\n|-heal|p1b: Umbreon|76/100|[from] item: Leftovers\n|-end|p2b: Empoleon|move: Yawn|[silent]\n|-status|p2b: Empoleon|slp\n|upkeep\n|turn|3\n|inactive|askeru has 30 seconds left.\n|inactive|askeru has 20 seconds left.\n|\n|t:|1776461473\n|move|p2a: Kingambit|Protect|p2a: Kingambit\n|-singleturn|p2a: Kingambit|Protect\n|move|p1a: Corviknight|Iron Head|p2a: Kingambit\n|-activate|p2a: Kingambit|move: Protect\n|move|p1b: Umbreon|Yawn|p2a: Kingambit\n|-activate|p2a: Kingambit|move: Protect\n|cant|p2b: Empoleon|slp\n|\n|-weather|Snowscape|[upkeep]\n|-heal|p1b: Umbreon|82/100|[from] item: Leftovers\n|upkeep\n|turn|4\n|inactive|qtestq has 30 seconds left.\n|\n|t:|1776461505\n|switch|p1a: Gardevoir|Gardevoir, L50, M|100/100\n|-ability|p1a: Gardevoir|Competitive|Trace|[from] ability: Trace|[of] p2b: Empoleon\n|move|p1b: Umbreon|Yawn|p2a: Kingambit\n|-start|p2a: Kingambit|move: Yawn|[of] p1b: Umbreon\n|move|p2a: Kingambit|Iron Head|p1b: Umbreon\n|-damage|p1b: Umbreon|59/100\n|-curestatus|p2b: Empoleon|slp|[msg]\n|move|p2b: Empoleon|Roar|p1b: Umbreon\n|drag|p1b: Corviknight|Corviknight, L50, F|78/100\n|\n|-weather|Snowscape|[upkeep]\n|upkeep\n|turn|5\n|inactive|askeru has 30 seconds left.\n|inactive|qtestq has 30 seconds left.\n|inactive|askeru has 20 seconds left.\n|inactive|askeru has 15 seconds left.\n|\n|t:|1776461549\n|switch|p1b: Umbreon|Umbreon, L50, F|59/100\n|detailschange|p1a: Gardevoir|Gardevoir-Mega, L50, M\n|-mega|p1a: Gardevoir|Gardevoir|Gardevoirite\n|move|p1a: Gardevoir|Hyper Voice|p2a: Kingambit|[spread] p2a,p2b\n|-resisted|p2b: Empoleon|1\n|-damage|p2a: Kingambit|48/100\n|-damage|p2b: Empoleon|80/100\n|move|p2a: Kingambit|Low Kick|p1b: Umbreon\n|-supereffective|p1b: Umbreon|1\n|-damage|p1b: Umbreon|36/100\n|move|p2b: Empoleon|Flash Cannon|p1a: Gardevoir\n|-supereffective|p1a: Gardevoir|1\n|-damage|p1a: Gardevoir|62/100\n|-unboost|p1a: Gardevoir|spd|1\n|\n|-weather|none\n|-heal|p1b: Umbreon|42/100|[from] item: Leftovers\n|-heal|p2b: Empoleon|86/100|[from] item: Leftovers\n|-end|p2a: Kingambit|move: Yawn|[silent]\n|-status|p2a: Kingambit|slp\n|-sideend|p1: askeru|move: Tailwind\n|-sideend|p1: askeru|move: Aurora Veil\n|upkeep\n|turn|6\n|\n|t:|1776461573\n|switch|p1a: Corviknight|Corviknight, L50, F|78/100\n|move|p2b: Empoleon|Protect|p2b: Empoleon\n|-singleturn|p2b: Empoleon|Protect\n|cant|p2a: Kingambit|slp\n|move|p1b: Umbreon|Wish|p1b: Umbreon\n|\n|-heal|p2b: Empoleon|92/100|[from] item: Leftovers\n|-heal|p1b: Umbreon|48/100|[from] item: Leftovers\n|upkeep\n|turn|7\n|\n|t:|1776461591\n|cant|p2a: Kingambit|slp\n|move|p2b: Empoleon|Flash Cannon|p1b: Umbreon\n|-damage|p1b: Umbreon|23/100\n|move|p1a: Corviknight|Tailwind|p1a: Corviknight\n|-sidestart|p1: askeru|move: Tailwind\n|move|p1b: Umbreon|Yawn|p2b: Empoleon\n|-start|p2b: Empoleon|move: Yawn|[of] p1b: Umbreon\n|\n|-heal|p1b: Umbreon|73/100|[from] move: Wish|[wisher] Umbreon\n|-heal|p1b: Umbreon|79/100|[from] item: Leftovers\n|-heal|p2b: Empoleon|97/100|[from] item: Leftovers\n|upkeep\n|turn|8\n|inactive|qtestq has 30 seconds left.\n|\n|t:|1776461623\n|switch|p1a: Gardevoir|Gardevoir-Mega, L50, M|62/100\n|move|p1b: Umbreon|Yawn||[still]\n|-fail|p1b: Umbreon\n|-curestatus|p2a: Kingambit|slp|[msg]\n|move|p2a: Kingambit|Iron Head|p1b: Umbreon\n|-damage|p1b: Umbreon|49/100\n|move|p2b: Empoleon|Roar|p1b: Umbreon\n|drag|p1b: Corviknight|Corviknight, L50, F|78/100\n|\n|-heal|p2b: Empoleon|100/100|[from] item: Leftovers\n|-end|p2b: Empoleon|move: Yawn|[silent]\n|-status|p2b: Empoleon|slp\n|upkeep\n|turn|9\n|inactive|askeru has 30 seconds left.\n|inactive|askeru has 20 seconds left.\n|inactive|askeru has 15 seconds left.\n|\n|t:|1776461663\n|switch|p1b: Umbreon|Umbreon, L50, F|49/100\n|move|p2a: Kingambit|Protect|p2a: Kingambit\n|-singleturn|p2a: Kingambit|Protect\n|move|p1a: Gardevoir|Hyper Voice|p2b: Empoleon|[spread] p2b\n|-activate|p2a: Kingambit|move: Protect\n|-resisted|p2b: Empoleon|1\n|-damage|p2b: Empoleon|79/100 slp\n|cant|p2b: Empoleon|slp\n|\n|-heal|p1b: Umbreon|55/100|[from] item: Leftovers\n|-heal|p2b: Empoleon|84/100 slp|[from] item: Leftovers\n|upkeep\n|turn|10\n|inactive|askeru has 30 seconds left.\n|inactive|askeru has 20 seconds left.\n|inactive|qtestq has 30 seconds left.\n|\n|t:|1776461705\n|move|p1a: Gardevoir|Hyper Voice|p2a: Kingambit|[spread] p2a,p2b\n|-resisted|p2b: Empoleon|1\n|-damage|p2a: Kingambit|0 fnt\n|-damage|p2b: Empoleon|62/100 slp\n|faint|p2a: Kingambit\n|move|p1b: Umbreon|Yawn||[still]\n|-fail|p1b: Umbreon\n|cant|p2b: Empoleon|slp\n|\n|-heal|p1b: Umbreon|61/100|[from] item: Leftovers\n|-heal|p2b: Empoleon|68/100 slp|[from] item: Leftovers\n|-sideend|p1: askeru|move: Tailwind\n|upkeep\n|\n|t:|1776461715\n|switch|p2a: Rotom|Rotom-Frost, L50|100/100\n|turn|11\n|\n|t:|1776461727\n|move|p2a: Rotom|Electroweb|p1b: Umbreon|[spread] p1a,p1b\n|-damage|p1a: Gardevoir|46/100\n|-damage|p1b: Umbreon|50/100\n|-unboost|p1a: Gardevoir|spe|1\n|-unboost|p1b: Umbreon|spe|1\n|-curestatus|p2b: Empoleon|slp|[msg]\n|move|p2b: Empoleon|Flash Cannon|p1b: Umbreon\n|-damage|p1b: Umbreon|26/100\n|move|p1a: Gardevoir|Hyper Voice|p2a: Rotom|[spread] p2a,p2b\n|-resisted|p2b: Empoleon|1\n|-damage|p2a: Rotom|37/100\n|-damage|p2b: Empoleon|43/100\n|move|p1b: Umbreon|Yawn|p2a: Rotom\n|-start|p2a: Rotom|move: Yawn|[of] p1b: Umbreon\n|\n|-heal|p2b: Empoleon|49/100|[from] item: Leftovers\n|-heal|p1b: Umbreon|32/100|[from] item: Leftovers\n|upkeep\n|turn|12\n|\n|t:|1776461747\n|move|p2a: Rotom|Electroweb|p1b: Umbreon|[spread] p1a,p1b\n|-damage|p1a: Gardevoir|31/100\n|-damage|p1b: Umbreon|21/100\n|-unboost|p1a: Gardevoir|spe|1\n|-unboost|p1b: Umbreon|spe|1\n|move|p2b: Empoleon|Flash Cannon|p1a: Gardevoir\n|-supereffective|p1a: Gardevoir|1\n|-damage|p1a: Gardevoir|0 fnt\n|faint|p1a: Gardevoir\n|move|p1b: Umbreon|Wish|p1b: Umbreon\n|\n|-heal|p2b: Empoleon|55/100|[from] item: Leftovers\n|-heal|p1b: Umbreon|27/100|[from] item: Leftovers\n|-end|p2a: Rotom|move: Yawn|[silent]\n|-status|p2a: Rotom|slp\n|upkeep\n|\n|t:|1776461760\n|switch|p1a: Corviknight|Corviknight, L50, F|78/100\n|turn|13\n|\n|t:|1776461781\n|move|p2b: Empoleon|Protect|p2b: Empoleon\n|-singleturn|p2b: Empoleon|Protect\n|cant|p2a: Rotom|slp\n|move|p1a: Corviknight|Tailwind|p1a: Corviknight\n|-sidestart|p1: askeru|move: Tailwind\n|move|p1b: Umbreon|Yawn|p2b: Empoleon\n|-activate|p2b: Empoleon|move: Protect\n|\n|-heal|p1b: Umbreon|77/100|[from] move: Wish|[wisher] Umbreon\n|-heal|p2b: Empoleon|61/100|[from] item: Leftovers\n|-heal|p1b: Umbreon|83/100|[from] item: Leftovers\n|upkeep\n|turn|14\n|\n|t:|1776461805\n|cant|p2a: Rotom|slp\n|move|p1a: Corviknight|Brave Bird|p2b: Empoleon\n|-resisted|p2b: Empoleon|1\n|-damage|p2b: Empoleon|34/100\n|-damage|p1a: Corviknight|69/100|[from] Recoil\n|move|p2b: Empoleon|Water Pulse|p1a: Corviknight\n|-damage|p1a: Corviknight|43/100\n|move|p1b: Umbreon|Snarl|p2a: Rotom|[spread] p2b\n|-miss|p1b: Umbreon|p2a: Rotom\n|-damage|p2b: Empoleon|26/100\n|-unboost|p2b: Empoleon|spa|1\n|-ability|p2b: Empoleon|Competitive|boost\n|-boost|p2b: Empoleon|spa|2\n|\n|-heal|p2b: Empoleon|31/100|[from] item: Leftovers\n|-heal|p1b: Umbreon|89/100|[from] item: Leftovers\n|upkeep\n|turn|15\n|\n|t:|1776461827\n|move|p2b: Empoleon|Protect|p2b: Empoleon\n|-singleturn|p2b: Empoleon|Protect\n|-curestatus|p2a: Rotom|slp|[msg]\n|move|p2a: Rotom|Electroweb|p1a: Corviknight|[spread] p1a,p1b\n|-supereffective|p1a: Corviknight|1\n|-damage|p1a: Corviknight|4/100\n|-damage|p1b: Umbreon|78/100\n|-ability|p1a: Corviknight|Mirror Armor\n|-unboost|p2a: Rotom|spe|1\n|-unboost|p1b: Umbreon|spe|1\n|move|p1a: Corviknight|Roost|p1a: Corviknight\n|-heal|p1a: Corviknight|54/100\n|-singleturn|p1a: Corviknight|move: Roost\n|move|p1b: Umbreon|Yawn|p2b: Empoleon\n|-activate|p2b: Empoleon|move: Protect\n|\n|-heal|p2b: Empoleon|37/100|[from] item: Leftovers\n|-heal|p1b: Umbreon|84/100|[from] item: Leftovers\n|upkeep\n|turn|16\n|inactive|askeru has 30 seconds left.\n|inactive|askeru has 20 seconds left.\n|\n|t:|1776461848\n|move|p1a: Corviknight|Roost|p1a: Corviknight\n|-heal|p1a: Corviknight|100/100\n|-singleturn|p1a: Corviknight|move: Roost\n|move|p2a: Rotom|Electroweb|p1a: Corviknight|[spread] p1a,p1b\n|-crit|p1b: Umbreon\n|-damage|p1a: Corviknight|81/100\n|-damage|p1b: Umbreon|66/100\n|-ability|p1a: Corviknight|Mirror Armor\n|-unboost|p2a: Rotom|spe|1\n|-unboost|p1b: Umbreon|spe|1\n|move|p2b: Empoleon|Water Pulse|p1a: Corviknight\n|-damage|p1a: Corviknight|35/100\n|move|p1b: Umbreon|Yawn|p2b: Empoleon\n|-start|p2b: Empoleon|move: Yawn|[of] p1b: Umbreon\n|\n|-heal|p2b: Empoleon|43/100|[from] item: Leftovers\n|-heal|p1b: Umbreon|72/100|[from] item: Leftovers\n|-sideend|p1: askeru|move: Tailwind\n|upkeep\n|turn|17\n|inactive|askeru has 20 seconds left this turn.\n|inactive|askeru has 15 seconds left.\n|inactive|askeru has 10 seconds left.\n|inactive|askeru has 5 seconds left.\n|-message|askeru lost due to inactivity.\n|\n|win|qtestq\n|raw|askeru's rating: 1111 &rarr; <strong>1087</strong><br />(-24 for losing)\n|raw|qtestq's rating: 1124 &rarr; <strong>1148</strong><br />(+24 for winning)\n|c|\u2606askeru|oh wow wtf\n|c|\u2606askeru|lame\n|c|\u2606qtestq|lmao anti stall ig\n|c|\u2606askeru|no\n|c|\u2606qtestq|?\n|l|\u2606askeru\n|player|p1|\n|c|\u2606qtestq|did you manage to use your entire timer pressing tailwind roost and wish\n",
  "uploadtime": 1776461950,
  "views": 31,
  "formatid": "gen9championsvgc2026regma",
  "rating": 1087,
  "private": 0,
  "password": null
}