{
  "id": "gen9championsvgc2026regma-2586782413",
  "format": "[Gen 9 Champions] VGC 2026 Reg M-A",
  "players": [
    "teeteetees",
    "adityanair212"
  ],
  "log": "|j|\u2606teeteetees\n|j|\u2606adityanair212\n|t:|1776459491\n|gametype|doubles\n|player|p1|teeteetees|2|1085\n|player|p2|adityanair212|ghetsis-gen5bw|1137\n|gen|9\n|tier|[Gen 9 Champions] VGC 2026 Reg M-A\n|rated|\n|rule|Species Clause: Limit one of each Pok\u00e9mon\n|rule|Item Clause: Limit 1 of each item\n|clearpoke\n|poke|p1|Goodra-Hisui, L50, F|\n|poke|p1|Incineroar, L50, M|\n|poke|p1|Primarina, L50, M|\n|poke|p1|Farigiraf, L50, M|\n|poke|p1|Crabominable, L50, F|\n|poke|p1|Meowscarada, L50, M|\n|poke|p2|Froslass, L50, F|\n|poke|p2|Garchomp, L50, M|\n|poke|p2|Rotom-Frost, L50|\n|poke|p2|Empoleon, L50, M|\n|poke|p2|Incineroar, L50, F|\n|poke|p2|Kingambit, L50, M|\n|teampreview|4\n|\n|t:|1776459561\n|teamsize|p1|4\n|teamsize|p2|4\n|start\n|switch|p1a: Goodra|Goodra-Hisui, L50, F|100/100\n|switch|p1b: Farigiraf|Farigiraf, L50, M|100/100\n|switch|p2a: Froslass|Froslass, L50, F|100/100\n|switch|p2b: Kingambit|Kingambit, L50, M|100/100\n|turn|1\n|inactive|Battle timer is ON: inactive players will automatically lose when time's up. (requested by adityanair212)\n|\n|t:|1776459588\n|detailschange|p2a: Froslass|Froslass-Mega, L50, F\n|-mega|p2a: Froslass|Froslass|Froslassite\n|-weather|Snowscape|[from] ability: Snow Warning|[of] p2a: Froslass\n|move|p2a: Froslass|Blizzard|p1b: Farigiraf|[spread] p1a,p1b\n|-damage|p1a: Goodra|69/100\n|-damage|p1b: Farigiraf|40/100\n|move|p2b: Kingambit|Low Kick|p1b: Farigiraf\n|-damage|p1b: Farigiraf|10/100\n|move|p1a: Goodra|Shelter|p1a: Goodra\n|-boost|p1a: Goodra|def|2\n|move|p1b: Farigiraf|Trick Room|p1b: Farigiraf\n|-fieldstart|move: Trick Room|[of] p1b: Farigiraf\n|\n|-weather|Snowscape|[upkeep]\n|-heal|p1a: Goodra|75/100|[from] item: Leftovers\n|upkeep\n|turn|2\n|inactive|teeteetees has 30 seconds left.\n|\n|t:|1776459616\n|move|p1b: Farigiraf|Helping Hand|p1a: Goodra\n|-singleturn|p1a: Goodra|Helping Hand|[of] p1b: Farigiraf\n|move|p2b: Kingambit|Sucker Punch||[still]\n|cant|p1b: Farigiraf|ability: Armor Tail|Sucker Punch|[of] p2b: Kingambit\n|move|p1a: Goodra|Body Press|p2b: Kingambit\n|-supereffective|p2b: Kingambit|2\n|-enditem|p2b: Kingambit|Focus Sash\n|-damage|p2b: Kingambit|1/100\n|move|p2a: Froslass|Blizzard|p1b: Farigiraf|[spread] p1a,p1b\n|-damage|p1a: Goodra|43/100\n|-damage|p1b: Farigiraf|0 fnt\n|faint|p1b: Farigiraf\n|\n|-weather|Snowscape|[upkeep]\n|-heal|p1a: Goodra|49/100|[from] item: Leftovers\n|upkeep\n|\n|t:|1776459631\n|switch|p1b: Crabominable|Crabominable, L50, F|100/100\n|turn|3\n|\n|t:|1776459641\n|switch|p2b: Incineroar|Incineroar, L50, F|100/100\n|-ability|p2b: Incineroar|Intimidate|boost\n|-unboost|p1a: Goodra|atk|1\n|-fail|p1b: Crabominable|unboost|Attack|[from] ability: Hyper Cutter|[of] p1b: Crabominable\n|detailschange|p1b: Crabominable|Crabominable-Mega, L50, F\n|-mega|p1b: Crabominable|Crabominable|Crabominite\n|move|p1b: Crabominable|Iron Head|p2a: Froslass\n|-supereffective|p2a: Froslass|1\n|-damage|p2a: Froslass|23/100\n|move|p1a: Goodra|Flash Cannon|p2b: Incineroar\n|-resisted|p2b: Incineroar|1\n|-damage|p2b: Incineroar|87/100\n|move|p2a: Froslass|Aurora Veil|p2a: Froslass\n|-sidestart|p2: adityanair212|move: Aurora Veil\n|\n|-weather|Snowscape|[upkeep]\n|-heal|p1a: Goodra|55/100|[from] item: Leftovers\n|upkeep\n|turn|4\n|\n|t:|1776459665\n|move|p2b: Incineroar|Fake Out|p1b: Crabominable\n|-damage|p1b: Crabominable|94/100\n|cant|p1b: Crabominable|flinch\n|move|p1a: Goodra|Flash Cannon|p2a: Froslass\n|-supereffective|p2a: Froslass|1\n|-damage|p2a: Froslass|0 fnt\n|faint|p2a: Froslass\n|\n|-weather|Snowscape|[upkeep]\n|-heal|p1a: Goodra|61/100|[from] item: Leftovers\n|upkeep\n|\n|t:|1776459686\n|switch|p2a: Kingambit|Kingambit, L50, M|1/100\n|turn|5\n|\n|t:|1776459709\n|move|p2a: Kingambit|Sucker Punch|p1a: Goodra\n|-crit|p1a: Goodra\n|-damage|p1a: Goodra|24/100\n|move|p1b: Crabominable|Iron Head|p2a: Kingambit\n|-resisted|p2a: Kingambit|1\n|-damage|p2a: Kingambit|0 fnt\n|faint|p2a: Kingambit\n|move|p2b: Incineroar|Flare Blitz|p1b: Crabominable\n|-supereffective|p1b: Crabominable|1\n|-damage|p1b: Crabominable|35/100\n|-damage|p2b: Incineroar|67/100|[from] Recoil\n|move|p1a: Goodra|Body Press|p2b: Incineroar\n|-supereffective|p2b: Incineroar|1\n|-damage|p2b: Incineroar|0 fnt\n|faint|p2b: Incineroar\n|\n|-weather|none\n|-heal|p1a: Goodra|30/100|[from] item: Leftovers\n|-fieldend|move: Trick Room\n|upkeep\n|\n|t:|1776459726\n|switch|p2a: Rotom|Rotom-Frost, L50|100/100\n|turn|6\n|\n|t:|1776459739\n|move|p2a: Rotom|Blizzard|p1a: Goodra|[spread] p1a\n|-miss|p2a: Rotom|p1b: Crabominable\n|-damage|p1a: Goodra|4/100\n|move|p1a: Goodra|Body Press|p2a: Rotom\n|-supereffective|p2a: Rotom|1\n|-damage|p2a: Rotom|18/100\n|move|p1b: Crabominable|Drain Punch|p2a: Rotom\n|-supereffective|p2a: Rotom|1\n|-crit|p2a: Rotom\n|-damage|p2a: Rotom|0 fnt\n|-heal|p1b: Crabominable|41/100|[from] drain|[of] p2a: Rotom\n|faint|p2a: Rotom\n|\n|win|teeteetees\n|raw|teeteetees's rating: 1085 &rarr; <strong>1116</strong><br />(+31 for winning)\n|raw|adityanair212's rating: 1137 &rarr; <strong>1108</strong><br />(-29 for losing)\n",
  "uploadtime": 1776459739,
  "views": 28,
  "formatid": "gen9championsvgc2026regma",
  "rating": 1108,
  "private": 0,
  "password": null
}