{
  "id": "gen9championsvgc2026regma-2586221295",
  "format": "[Gen 9 Champions] VGC 2026 Reg M-A",
  "players": [
    "Froza_panda",
    "fimmm"
  ],
  "log": "|j|\u2606Froza_panda\n|j|\u2606fimmm\n|t:|1776414082\n|gametype|doubles\n|player|p1|Froza_panda|1|1189\n|player|p2|fimmm|whitney|1242\n|gen|9\n|tier|[Gen 9 Champions] VGC 2026 Reg M-A\n|rated|\n|rule|Species Clause: Limit one of each Pok\u00e9mon\n|rule|Item Clause: Limit 1 of each item\n|clearpoke\n|poke|p1|Talonflame, L50, M|\n|poke|p1|Froslass, L50, F|\n|poke|p1|Milotic, L50, F|\n|poke|p1|Kingambit, L50, F|\n|poke|p1|Garchomp, L50, F|\n|poke|p1|Sneasler, L50, F|\n|poke|p2|Clefable, L50, M|\n|poke|p2|Floette-Eternal, L50, F|\n|poke|p2|Whimsicott, L50, F|\n|poke|p2|Tinkaton, L50, F|\n|poke|p2|Klefki, L50, F|\n|poke|p2|Azumarill, L50, M|\n|teampreview|4\n|inactive|Battle timer is ON: inactive players will automatically lose when time's up. (requested by fimmm)\n|inactive|Froza_panda has 60 seconds left.\n|\n|t:|1776414123\n|teamsize|p1|4\n|teamsize|p2|4\n|start\n|switch|p1a: Talonflame|Talonflame, L50, M|100/100\n|switch|p1b: Sneasler|Sneasler, L50, F|100/100\n|switch|p2a: Azumarill|Azumarill, L50, M|100/100\n|switch|p2b: Klefki|Klefki, L50, F|100/100\n|turn|1\n|\n|t:|1776414143\n|move|p1b: Sneasler|Fake Out|p2a: Azumarill\n|-damage|p2a: Azumarill|83/100\n|move|p1a: Talonflame|Tailwind|p1a: Talonflame\n|-sidestart|p1: Froza_panda|move: Tailwind\n|move|p2b: Klefki|Reflect|p2b: Klefki\n|-sidestart|p2: fimmm|Reflect\n|cant|p2a: Azumarill|flinch\n|\n|upkeep\n|turn|2\n|inactive|Froza_panda has 30 seconds left.\n|inactive|Froza_panda has 20 seconds left.\n|\n|t:|1776414181\n|move|p2b: Klefki|Light Screen|p2b: Klefki\n|-sidestart|p2: fimmm|move: Light Screen\n|move|p1a: Talonflame|Flare Blitz|p2b: Klefki\n|-supereffective|p2b: Klefki|1\n|-damage|p2b: Klefki|54/100\n|-damage|p1a: Talonflame|84/100|[from] Recoil\n|move|p1b: Sneasler|Dire Claw|p2a: Azumarill\n|-supereffective|p2a: Azumarill|1\n|-enditem|p2a: Azumarill|Kebia Berry|[eat]\n|-enditem|p2a: Azumarill|Kebia Berry|[weaken]\n|-damage|p2a: Azumarill|49/100\n|move|p2a: Azumarill|Liquidation|p1b: Sneasler\n|-damage|p1b: Sneasler|11/100\n|\n|upkeep\n|turn|3\n|inactive|Froza_panda has 30 seconds left.\n|\n|t:|1776414211\n|move|p2a: Azumarill|Aqua Jet|p1b: Sneasler\n|-damage|p1b: Sneasler|0 fnt\n|faint|p1b: Sneasler\n|move|p1a: Talonflame|Flare Blitz|p2b: Klefki\n|-supereffective|p2b: Klefki|1\n|-damage|p2b: Klefki|7/100\n|-damage|p1a: Talonflame|68/100|[from] Recoil\n|move|p2b: Klefki|Trick Room|p2b: Klefki\n|-fieldstart|move: Trick Room|[of] p2b: Klefki\n|\n|upkeep\n|\n|t:|1776414232\n|switch|p1b: Froslass|Froslass, L50, F, shiny|100/100\n|turn|4\n|\n|t:|1776414240\n|move|p1b: Froslass|Protect|p1b: Froslass\n|-singleturn|p1b: Froslass|Protect\n|move|p1a: Talonflame|Protect|p1a: Talonflame\n|-singleturn|p1a: Talonflame|Protect\n|move|p2b: Klefki|Dazzling Gleam|p1b: Froslass|[spread] \n|-activate|p1a: Talonflame|move: Protect\n|-activate|p1b: Froslass|move: Protect\n|move|p2a: Azumarill|Liquidation|p1a: Talonflame\n|-activate|p1a: Talonflame|move: Protect\n|\n|-sideend|p1: Froza_panda|move: Tailwind\n|upkeep\n|turn|5\n|inactive|Froza_panda has 30 seconds left.\n|\n|t:|1776414273\n|detailschange|p1b: Froslass|Froslass-Mega, L50, F, shiny\n|-mega|p1b: Froslass|Froslass|Froslassite\n|-weather|Snowscape|[from] ability: Snow Warning|[of] p1b: Froslass\n|move|p2b: Klefki|Dazzling Gleam|p1b: Froslass|[spread] p1a,p1b\n|-resisted|p1a: Talonflame|1\n|-damage|p1a: Talonflame|54/100\n|-damage|p1b: Froslass|80/100\n|move|p2a: Azumarill|Liquidation|p1a: Talonflame\n|-supereffective|p1a: Talonflame|1\n|-damage|p1a: Talonflame|0 fnt\n|faint|p1a: Talonflame\n|move|p1b: Froslass|Blizzard|p2a: Azumarill|[spread] p2a,p2b\n|-resisted|p2a: Azumarill|1\n|-resisted|p2b: Klefki|1\n|-crit|p2b: Klefki\n|-damage|p2a: Azumarill|30/100\n|-damage|p2b: Klefki|0 fnt\n|faint|p2b: Klefki\n|\n|-weather|Snowscape|[upkeep]\n|-sideend|p2: fimmm|Reflect\n|upkeep\n|\n|t:|1776414292\n|switch|p2b: Floette|Floette-Eternal, L50, F|100/100\n|switch|p1a: Kingambit|Kingambit, L50, F|100/100\n|turn|6\n|inactive|Froza_panda has 30 seconds left.\n|\n|t:|1776414317\n|switch|p2a: Clefable|Clefable, L50, M|100/100\n|detailschange|p2b: Floette|Floette-Mega, L50, F\n|-mega|p2b: Floette|Floette|Floettite\n|-ability|p2b: Floette|Fairy Aura\n|move|p1a: Kingambit|Protect|p1a: Kingambit\n|-singleturn|p1a: Kingambit|Protect\n|move|p2b: Floette|Calm Mind|p2b: Floette\n|-boost|p2b: Floette|spa|1\n|-boost|p2b: Floette|spd|1\n|move|p1b: Froslass|Shadow Ball|p2a: Clefable\n|-damage|p2a: Clefable|72/100\n|\n|-weather|Snowscape|[upkeep]\n|-sideend|p2: fimmm|move: Light Screen\n|upkeep\n|turn|7\n|inactive|Froza_panda has 30 seconds left.\n|\n|t:|1776414350\n|move|p2a: Clefable|Skill Swap|p2b: Floette\n|-activate|p2a: Clefable|Skill Swap|||[of] p2b: Floette\n|-ability|p2a: Clefable|Fairy Aura\n|move|p1a: Kingambit|Iron Head|p2b: Floette\n|-supereffective|p2b: Floette|1\n|-damage|p2b: Floette|30/100\n|move|p2b: Floette|Light of Ruin|p1b: Froslass|[miss]\n|-miss|p2b: Floette|p1b: Froslass\n|move|p1b: Froslass|Blizzard|p2b: Floette|[spread] p2a,p2b\n|-damage|p2a: Clefable|26/100\n|-damage|p2b: Floette|8/100\n|-enditem|p2a: Clefable|Sitrus Berry|[eat]\n|-heal|p2a: Clefable|50/100|[from] item: Sitrus Berry\n|\n|-weather|Snowscape|[upkeep]\n|-fieldend|move: Trick Room\n|upkeep\n|turn|8\n|inactive|fimmm has 30 seconds left.\n|inactive|fimmm has 20 seconds left.\n|-message|fimmm forfeited.\n|\n|win|Froza_panda\n|raw|Froza_panda's rating: 1189 &rarr; <strong>1218</strong><br />(+29 for winning)\n|raw|fimmm's rating: 1242 &rarr; <strong>1213</strong><br />(-29 for losing)\n|l|\u2606fimmm\n|player|p2|\n|l|\u2606Froza_panda\n|player|p1|\n|j|\u2606fimmm\n|player|p2|fimmm|whitney|\n",
  "uploadtime": 1776414424,
  "views": 29,
  "formatid": "gen9championsvgc2026regma",
  "rating": 1213,
  "private": 0,
  "password": null
}