{
  "id": "gen9championsvgc2026regma-2585971067",
  "format": "[Gen 9 Champions] VGC 2026 Reg M-A",
  "players": [
    "gipsydanger5627",
    "Fernan_657"
  ],
  "log": "|j|\u2606gipsydanger5627\n|j|\u2606Fernan_657\n|t:|1776386294\n|gametype|doubles\n|player|p1|gipsydanger5627|169|1154\n|player|p2|Fernan_657|blue|1199\n|gen|9\n|tier|[Gen 9 Champions] VGC 2026 Reg M-A\n|rated|\n|rule|Species Clause: Limit one of each Pok\u00e9mon\n|rule|Item Clause: Limit 1 of each item\n|clearpoke\n|poke|p1|Crabominable, L50, M|\n|poke|p1|Slowking, L50, F|\n|poke|p1|Kangaskhan, L50, F|\n|poke|p1|Incineroar, L50, M|\n|poke|p1|Meganium, L50, M|\n|poke|p1|Scizor, L50, F|\n|poke|p2|Farigiraf, L50, F|\n|poke|p2|Milotic, L50, F|\n|poke|p2|Sinistcha, L50|\n|poke|p2|Crabominable, L50, M|\n|poke|p2|Sneasler, L50, M|\n|poke|p2|Clawitzer, L50, M|\n|teampreview|4\n|\n|t:|1776386359\n|teamsize|p1|4\n|teamsize|p2|4\n|start\n|switch|p1a: Meganium|Meganium, L50, M|100/100\n|switch|p1b: Scizor|Scizor, L50, F|100/100\n|switch|p2a: Milotic|Milotic, L50, F|100/100\n|switch|p2b: Sneasler|Sneasler, L50, M|100/100\n|turn|1\n|inactive|Battle timer is ON: inactive players will automatically lose when time's up. (requested by Fernan_657)\n|\n|t:|1776386377\n|move|p1a: Meganium|Protect|p1a: Meganium\n|-singleturn|p1a: Meganium|Protect\n|move|p2b: Sneasler|Dire Claw|p1a: Meganium\n|-activate|p1a: Meganium|move: Protect\n|move|p2a: Milotic|Coil|p2a: Milotic\n|-boost|p2a: Milotic|atk|1\n|-boost|p2a: Milotic|def|1\n|-boost|p2a: Milotic|accuracy|1\n|move|p1b: Scizor|Swords Dance|p1b: Scizor\n|-boost|p1b: Scizor|atk|2\n|\n|upkeep\n|turn|2\n|inactive|gipsydanger5627 has 30 seconds left.\n|\n|t:|1776386402\n|switch|p1a: Kangaskhan|Kangaskhan, L50, F|100/100\n|move|p2b: Sneasler|Dire Claw|p1a: Kangaskhan\n|-damage|p1a: Kangaskhan|56/100\n|-status|p1a: Kangaskhan|psn\n|move|p2a: Milotic|Coil|p2a: Milotic\n|-boost|p2a: Milotic|atk|1\n|-boost|p2a: Milotic|def|1\n|-boost|p2a: Milotic|accuracy|1\n|move|p1b: Scizor|Dual Wingbeat|p2b: Sneasler\n|-supereffective|p2b: Sneasler|1\n|-enditem|p2b: Sneasler|Focus Sash\n|-damage|p2b: Sneasler|1/100\n|-supereffective|p2b: Sneasler|1\n|-damage|p2b: Sneasler|0 fnt\n|faint|p2b: Sneasler\n|-hitcount|p2: Sneasler|2\n|\n|-damage|p1a: Kangaskhan|44/100 psn|[from] psn\n|upkeep\n|\n|t:|1776386418\n|switch|p2b: Farigiraf|Farigiraf, L50, F|100/100\n|turn|3\n|inactive|gipsydanger5627 has 30 seconds left.\n|\n|t:|1776386449\n|move|p1a: Kangaskhan|Drain Punch|p2b: Farigiraf\n|-damage|p2b: Farigiraf|82/100\n|-heal|p1a: Kangaskhan|54/100 psn|[from] drain|[of] p2b: Farigiraf\n|move|p2a: Milotic|Coil|p2a: Milotic\n|-boost|p2a: Milotic|atk|1\n|-boost|p2a: Milotic|def|1\n|-boost|p2a: Milotic|accuracy|1\n|move|p1b: Scizor|Dual Wingbeat|p2b: Farigiraf|[miss]\n|-miss|p1b: Scizor|p2b: Farigiraf\n|move|p2b: Farigiraf|Trick Room|p2b: Farigiraf\n|-fieldstart|move: Trick Room|[of] p2b: Farigiraf\n|\n|-damage|p1a: Kangaskhan|42/100 psn|[from] psn\n|upkeep\n|turn|4\n|inactive|gipsydanger5627 has 30 seconds left.\n|\n|t:|1776386475\n|move|p2b: Farigiraf|Ally Switch|p2b: Farigiraf\n|swap|p2b: Farigiraf|0|[from] move: Ally Switch\n|move|p1a: Kangaskhan|Sucker Punch||[still]\n|cant|p2a: Farigiraf|ability: Armor Tail|Sucker Punch|[of] p1a: Kangaskhan\n|move|p1b: Scizor|Dual Wingbeat|p2b: Milotic\n|-damage|p2b: Milotic|83/100\n|-damage|p2b: Milotic|68/100\n|-hitcount|p2b: Milotic|2\n|move|p2b: Milotic|Scald|p1b: Scizor\n|-damage|p1b: Scizor|66/100\n|-status|p1b: Scizor|brn\n|\n|-heal|p2b: Milotic|74/100|[from] item: Leftovers\n|-damage|p1a: Kangaskhan|29/100 psn|[from] psn\n|-damage|p1b: Scizor|60/100 brn|[from] brn\n|upkeep\n|turn|5\n|c|\u2606gipsydanger5627|Ofcourse\n|inactive|gipsydanger5627 has 30 seconds left.\n|inactive|gipsydanger5627 has 20 seconds left.\n|\n|t:|1776386512\n|switch|p2a: Crabominable|Crabominable, L50, M|100/100\n|move|p1b: Scizor|Dual Wingbeat|p2b: Milotic\n|-damage|p2b: Milotic|65/100\n|-damage|p2b: Milotic|56/100\n|-hitcount|p2b: Milotic|2\n|move|p2b: Milotic|Recover|p2b: Milotic\n|-heal|p2b: Milotic|100/100\n|move|p1a: Kangaskhan|Drain Punch|p2b: Milotic\n|-damage|p2b: Milotic|93/100\n|-heal|p1a: Kangaskhan|33/100 psn|[from] drain|[of] p2b: Milotic\n|\n|-heal|p2b: Milotic|99/100|[from] item: Leftovers\n|-damage|p1a: Kangaskhan|21/100 psn|[from] psn\n|-damage|p1b: Scizor|54/100 brn|[from] brn\n|upkeep\n|turn|6\n|inactive|gipsydanger5627 has 30 seconds left.\n|inactive|Fernan_657 has 30 seconds left.\n|\n|t:|1776386545\n|move|p2a: Crabominable|Protect|p2a: Crabominable\n|-singleturn|p2a: Crabominable|Protect\n|move|p1b: Scizor|Bullet Punch|p2a: Crabominable\n|-activate|p2a: Crabominable|move: Protect\n|move|p1a: Kangaskhan|Sucker Punch||[still]\n|-fail|p1a: Kangaskhan\n|move|p2b: Milotic|Scald|p1b: Scizor\n|-damage|p1b: Scizor|19/100 brn\n|\n|-heal|p2b: Milotic|100/100|[from] item: Leftovers\n|-damage|p1a: Kangaskhan|9/100 psn|[from] psn\n|-damage|p1b: Scizor|13/100 brn|[from] brn\n|upkeep\n|turn|7\n|\n|t:|1776386564\n|switch|p2a: Farigiraf|Farigiraf, L50, F|82/100\n|move|p1b: Scizor|Bullet Punch||[still]\n|cant|p2a: Farigiraf|ability: Armor Tail|Bullet Punch|[of] p1b: Scizor\n|move|p2b: Milotic|Scald|p1b: Scizor\n|-damage|p1b: Scizor|0 fnt\n|faint|p1b: Scizor\n|move|p1a: Kangaskhan|Shadow Claw|p2b: Milotic\n|-damage|p2b: Milotic|92/100\n|\n|-heal|p2b: Milotic|98/100|[from] item: Leftovers\n|-damage|p1a: Kangaskhan|0 fnt|[from] psn\n|faint|p1a: Kangaskhan\n|-fieldend|move: Trick Room\n|upkeep\n|\n|t:|1776386583\n|switch|p1a: Meganium|Meganium, L50, M|100/100\n|switch|p1b: Incineroar|Incineroar, L50, M|100/100\n|-ability|p1b: Incineroar|Intimidate|boost\n|-unboost|p2a: Farigiraf|atk|1\n|-unboost|p2b: Milotic|atk|1\n|-ability|p2b: Milotic|Competitive|boost\n|-boost|p2b: Milotic|spa|2\n|turn|8\n|\n|t:|1776386602\n|detailschange|p1a: Meganium|Meganium-Mega, L50, M\n|-mega|p1a: Meganium|Meganium|Meganiumite\n|move|p2b: Milotic|Ice Beam|p1a: Meganium\n|-supereffective|p1a: Meganium|1\n|-damage|p1a: Meganium|25/100\n|-status|p1a: Meganium|frz\n|-curestatus|p1a: Meganium|frz|[msg]\n|move|p1a: Meganium|Solar Beam||[still]\n|-prepare|p1a: Meganium|Solar Beam\n|-activate|p1a: Meganium|ability: Mega Sol\n|-anim|p1a: Meganium|Solar Beam|p2b: Milotic\n|-supereffective|p2b: Milotic|1\n|-damage|p2b: Milotic|0 fnt\n|faint|p2b: Milotic\n|move|p1b: Incineroar|Throat Chop|p2a: Farigiraf\n|-supereffective|p2a: Farigiraf|1\n|-damage|p2a: Farigiraf|29/100\n|-start|p2a: Farigiraf|Throat Chop|[silent]\n|-enditem|p2a: Farigiraf|Sitrus Berry|[eat]\n|-heal|p2a: Farigiraf|54/100|[from] item: Sitrus Berry\n|move|p2a: Farigiraf|Trick Room|p2a: Farigiraf\n|-fieldstart|move: Trick Room|[of] p2a: Farigiraf\n|\n|upkeep\n|\n|t:|1776386616\n|switch|p2b: Crabominable|Crabominable, L50, M|100/100\n|turn|9\n|inactive|gipsydanger5627 has 30 seconds left.\n|\n|t:|1776386643\n|detailschange|p2b: Crabominable|Crabominable-Mega, L50, M\n|-mega|p2b: Crabominable|Crabominable|Crabominite\n|move|p2a: Farigiraf|Helping Hand|p2b: Crabominable\n|-singleturn|p2b: Crabominable|Helping Hand|[of] p2a: Farigiraf\n|move|p1a: Meganium|Protect|p1a: Meganium\n|-singleturn|p1a: Meganium|Protect\n|move|p2b: Crabominable|Drain Punch|p1b: Incineroar\n|-supereffective|p1b: Incineroar|1\n|-enditem|p1b: Incineroar|Chople Berry|[eat]\n|-enditem|p1b: Incineroar|Chople Berry|[weaken]\n|-damage|p1b: Incineroar|16/100\n|move|p1b: Incineroar|Flare Blitz|p2b: Crabominable\n|-supereffective|p2b: Crabominable|1\n|-damage|p2b: Crabominable|30/100\n|-damage|p1b: Incineroar|0 fnt|[from] Recoil\n|faint|p1b: Incineroar\n|\n|-end|p2a: Farigiraf|Throat Chop|[silent]\n|upkeep\n|turn|10\n|c|\u2606Fernan_657|gg\n|-message|gipsydanger5627 forfeited.\n|\n|win|Fernan_657\n|raw|gipsydanger5627's rating: 1154 &rarr; <strong>1132</strong><br />(-22 for losing)\n|raw|Fernan_657's rating: 1199 &rarr; <strong>1221</strong><br />(+22 for winning)\n|l|\u2606gipsydanger5627\n|player|p1|\n",
  "uploadtime": 1776386672,
  "views": 28,
  "formatid": "gen9championsvgc2026regma",
  "rating": 1132,
  "private": 0,
  "password": null
}