{
  "id": "gen9championsvgc2026regma-2589478807",
  "format": "[Gen 9 Champions] VGC 2026 Reg M-A",
  "players": [
    "crizzy69",
    "Rager Jager"
  ],
  "log": "|j|\u2606crizzy69\n|j|\u2606Rager Jager\n|t:|1776726626\n|gametype|doubles\n|player|p1|crizzy69|veteran|1040\n|player|p2|Rager Jager|101|1000\n|gen|9\n|tier|[Gen 9 Champions] VGC 2026 Reg M-A\n|rated|\n|rule|Species Clause: Limit one of each Pok\u00e9mon\n|rule|Item Clause: Limit 1 of each item\n|clearpoke\n|poke|p1|Pelipper, L50, M|\n|poke|p1|Gyarados, L50, M|\n|poke|p1|Milotic, L50, M|\n|poke|p1|Toxapex, L50, M|\n|poke|p1|Basculegion-F, L50, F|\n|poke|p1|Palafin, L50, M|\n|poke|p2|Tyranitar, L50, F|\n|poke|p2|Garchomp, L50, F|\n|poke|p2|Aggron, L50, M|\n|poke|p2|Corviknight, L50, F|\n|poke|p2|Empoleon, L50, F|\n|poke|p2|Charizard, L50, F|\n|teampreview|4\ncrizzy69 has agreed to open team sheets.\n|\n|t:|1776726661\n|teamsize|p1|4\n|teamsize|p2|4\n|start\n|switch|p1a: Milotic|Milotic, L50, M|100/100\n|switch|p1b: Palafin|Palafin, L50, M|100/100\n|switch|p2a: Tyranitar|Tyranitar, L50, F|100/100\n|switch|p2b: Charizard|Charizard, L50, F|100/100\n|-weather|Sandstorm|[from] ability: Sand Stream|[of] p2a: Tyranitar\n|turn|1\n|\n|t:|1776726684\n|move|p1b: Palafin|Protect|p1b: Palafin\n|-singleturn|p1b: Palafin|Protect\n|move|p2b: Charizard|Belly Drum|p2b: Charizard\n|-damage|p2b: Charizard|51/100\n|-setboost|p2b: Charizard|atk|6|[from] move: Belly Drum\n|move|p1a: Milotic|Coil|p1a: Milotic\n|-boost|p1a: Milotic|atk|1\n|-boost|p1a: Milotic|def|1\n|-boost|p1a: Milotic|accuracy|1\n|move|p2a: Tyranitar|Thunder Wave|p1b: Palafin\n|-activate|p1b: Palafin|move: Protect\n|\n|-weather|Sandstorm|[upkeep]\n|-damage|p1b: Palafin|95/100|[from] Sandstorm\n|-damage|p2b: Charizard|45/100|[from] Sandstorm\n|-damage|p1a: Milotic|95/100|[from] Sandstorm\n|upkeep\n|turn|2\n|\n|t:|1776726719\n|detailschange|p1b: Palafin|Palafin-Hero, L50, M\n|switch|p1b: Pelipper|Pelipper, L50, M|100/100\n|-weather|RainDance|[from] ability: Drizzle|[of] p1b: Pelipper\n|move|p2b: Charizard|Rock Slide|p1a: Milotic|[spread] p1a,p1b\n|-supereffective|p1b: Pelipper|1\n|-damage|p1a: Milotic|46/100\n|-enditem|p1b: Pelipper|Focus Sash\n|-damage|p1b: Pelipper|1/100\n|-enditem|p1a: Milotic|Sitrus Berry|[eat]\n|-heal|p1a: Milotic|70/100|[from] item: Sitrus Berry\n|move|p1a: Milotic|Hypnosis|p2b: Charizard\n|-status|p2b: Charizard|slp|[from] move: Hypnosis\n|move|p2a: Tyranitar|Thunder Wave|p1b: Pelipper\n|-status|p1b: Pelipper|par\n|\n|-weather|RainDance|[upkeep]\n|upkeep\n|turn|3\n|\n|t:|1776726752\n|cant|p2b: Charizard|slp\n|move|p1a: Milotic|Hypnosis|p2a: Tyranitar\n|-status|p2a: Tyranitar|slp|[from] move: Hypnosis\n|cant|p2a: Tyranitar|slp\n|move|p1b: Pelipper|Tailwind|p1b: Pelipper\n|-sidestart|p1: crizzy69|move: Tailwind\n|\n|-weather|RainDance|[upkeep]\n|upkeep\n|turn|4\n|\n|t:|1776726767\n|switch|p1b: Gyarados|Gyarados, L50, M|100/100\n|-ability|p1b: Gyarados|Intimidate|boost\n|-unboost|p2a: Tyranitar|atk|1\n|-unboost|p2b: Charizard|atk|1\n|move|p1a: Milotic|Hydro Pump|p2b: Charizard\n|-supereffective|p2b: Charizard|1\n|-damage|p2b: Charizard|0 fnt\n|faint|p2b: Charizard\n|cant|p2a: Tyranitar|slp\n|\n|-weather|RainDance|[upkeep]\n|upkeep\n|\n|t:|1776726778\n|switch|p2b: Aggron|Aggron, L50, M|100/100\n|turn|5\n|\n|t:|1776726794\n|switch|p2a: Garchomp|Garchomp, L50, F|100/100\n|detailschange|p1b: Gyarados|Gyarados-Mega, L50, M\n|-mega|p1b: Gyarados|Gyarados|Gyaradosite\n|-ability|p1b: Gyarados|Mold Breaker\n|move|p1a: Milotic|Hypnosis|p2b: Aggron\n|-status|p2b: Aggron|slp|[from] move: Hypnosis\n|move|p1b: Gyarados|Dragon Dance|p1b: Gyarados\n|-boost|p1b: Gyarados|atk|1\n|-boost|p1b: Gyarados|spe|1\n|cant|p2b: Aggron|slp\n|\n|-weather|RainDance|[upkeep]\n|upkeep\n|turn|6\n|\n|t:|1776726825\n|switch|p2b: Tyranitar|Tyranitar, L50, F|100/100 slp\n|-weather|Sandstorm|[from] ability: Sand Stream|[of] p2b: Tyranitar\n|move|p1b: Gyarados|Ice Fang|p2a: Garchomp\n|-supereffective|p2a: Garchomp|2\n|-damage|p2a: Garchomp|0 fnt\n|faint|p2a: Garchomp\n|move|p1a: Milotic|Hypnosis|p2b: Tyranitar\n|-fail|p2b: Tyranitar|slp\n|\n|-weather|Sandstorm|[upkeep]\n|-damage|p1b: Gyarados|95/100|[from] Sandstorm\n|-damage|p1a: Milotic|65/100|[from] Sandstorm\n|-sideend|p1: crizzy69|move: Tailwind\n|upkeep\n|\n|t:|1776726838\n|switch|p2a: Aggron|Aggron, L50, M|100/100 slp\n|turn|7\n|\n|t:|1776726855\n|detailschange|p2a: Aggron|Aggron-Mega, L50, M\n|-mega|p2a: Aggron|Aggron|Aggronite\n|move|p1b: Gyarados|Earthquake|p2b: Tyranitar|[spread] p1a,p2a,p2b\n|-supereffective|p2a: Aggron|1\n|-supereffective|p2b: Tyranitar|1\n|-damage|p1a: Milotic|24/100\n|-damage|p2a: Aggron|53/100 slp\n|-damage|p2b: Tyranitar|24/100 slp\n|move|p1a: Milotic|Hydro Pump|p2b: Tyranitar\n|-supereffective|p2b: Tyranitar|1\n|-damage|p2b: Tyranitar|0 fnt\n|faint|p2b: Tyranitar\n|cant|p2a: Aggron|slp\n|\n|-weather|Sandstorm|[upkeep]\n|-damage|p1b: Gyarados|89/100|[from] Sandstorm\n|-damage|p1a: Milotic|18/100|[from] Sandstorm\n|upkeep\n|turn|8\n|\n|t:|1776726873\n|move|p1b: Gyarados|Waterfall|p2a: Aggron\n|-damage|p2a: Aggron|17/100 slp\n|move|p1a: Milotic|Hydro Pump|p2a: Aggron\n|-damage|p2a: Aggron|0 fnt\n|faint|p2a: Aggron\n|\n|win|crizzy69\n|raw|crizzy69's rating: 1040 &rarr; <strong>1070</strong><br />(+30 for winning)\n|raw|Rager Jager's rating: 1000 &rarr; <strong>1000</strong><br />(+0 for losing)\n|l|\u2606Rager Jager\n|player|p2|\n|c|\u2606crizzy69|goodnight\n",
  "uploadtime": 1776726887,
  "views": 14,
  "formatid": "gen9championsvgc2026regma",
  "rating": 1000,
  "private": 0,
  "password": null
}