{
  "id": "gen9championsvgc2026regma-2587911284",
  "format": "[Gen 9 Champions] VGC 2026 Reg M-A",
  "players": [
    "choko1",
    "TY0418"
  ],
  "log": "|j|\u2606choko1\n|j|\u2606TY0418\n|t:|1776577945\n|gametype|doubles\n|player|p1|choko1|clown|1146\n|player|p2|TY0418|170|1208\n|gen|9\n|tier|[Gen 9 Champions] VGC 2026 Reg M-A\n|rated|\n|rule|Species Clause: Limit one of each Pok\u00e9mon\n|rule|Item Clause: Limit 1 of each item\n|clearpoke\n|poke|p1|Tyranitar, L50, M|\n|poke|p1|Tinkaton, L50, F|\n|poke|p1|Gengar, L50, M, shiny|\n|poke|p1|Arcanine, L50, M, shiny|\n|poke|p1|Rotom-Wash, L50|\n|poke|p1|Mamoswine, L50, M|\n|poke|p2|Charizard, L50, F|\n|poke|p2|Whimsicott, L50, F|\n|poke|p2|Garchomp, L50, F|\n|poke|p2|Incineroar, L50, M|\n|poke|p2|Rotom-Wash, L50|\n|poke|p2|Sneasler, L50, M|\n|teampreview|4\n|inactive|Battle timer is ON: inactive players will automatically lose when time's up. (requested by TY0418)\n|\n|t:|1776577990\n|teamsize|p1|4\n|teamsize|p2|4\n|start\n|switch|p1a: Rotom|Rotom-Wash, L50|100/100\n|switch|p1b: Gengar|Gengar, L50, M, shiny|100/100\n|switch|p2a: Garchomp|Garchomp, L50, F|100/100\n|switch|p2b: Rotom|Rotom-Wash, L50|100/100\n|turn|1\n|\n|t:|1776578011\n|detailschange|p1b: Gengar|Gengar-Mega, L50, M, shiny\n|-mega|p1b: Gengar|Gengar|Gengarite\n|move|p1b: Gengar|Protect|p1b: Gengar\n|-singleturn|p1b: Gengar|Protect\n|move|p2a: Garchomp|Earthquake|p1a: Rotom|[spread] \n|-activate|p1b: Gengar|move: Protect\n|-immune|p2b: Rotom|[from] ability: Levitate\n|-immune|p1a: Rotom|[from] ability: Levitate\n|move|p1a: Rotom|Will-O-Wisp|p2a: Garchomp\n|-status|p2a: Garchomp|brn\n|move|p2b: Rotom|Thunderbolt|p1a: Rotom\n|-damage|p1a: Rotom|57/100\n|\n|-damage|p2a: Garchomp|95/100 brn|[from] brn\n|upkeep\n|turn|2\n|inactive|choko1 has 30 seconds left.\n|\n|t:|1776578044\n|switch|p1a: Tinkaton|Tinkaton, L50, F|100/100\n|switch|p1b: Tyranitar|Tyranitar, L50, M|100/100\n|-weather|Sandstorm|[from] ability: Sand Stream|[of] p1b: Tyranitar\n|move|p2a: Garchomp|Earthquake|p1b: Tyranitar|[spread] p1a,p1b\n|-immune|p2b: Rotom|[from] ability: Levitate\n|-supereffective|p1a: Tinkaton|1\n|-supereffective|p1b: Tyranitar|1\n|-enditem|p1b: Tyranitar|Shuca Berry|[eat]\n|-enditem|p1b: Tyranitar|Shuca Berry|[weaken]\n|-damage|p1a: Tinkaton|63/100\n|-damage|p1b: Tyranitar|84/100\n|move|p2b: Rotom|Thunderbolt|p1b: Tyranitar\n|-damage|p1b: Tyranitar|56/100\n|\n|-weather|Sandstorm|[upkeep]\n|-damage|p2b: Rotom|95/100|[from] Sandstorm\n|-heal|p2b: Rotom|100/100|[from] item: Leftovers\n|-damage|p2a: Garchomp|89/100 brn|[from] brn\n|upkeep\n|turn|3\n|inactive|TY0418 has 30 seconds left.\n|\n|t:|1776578073\n|move|p1a: Tinkaton|Fake Out|p2a: Garchomp\n|-damage|p2a: Garchomp|79/100 brn\n|-damage|p1a: Tinkaton|50/100|[from] ability: Rough Skin|[of] p2a: Garchomp\n|cant|p2a: Garchomp|flinch\n|move|p2b: Rotom|Hydro Pump|p1b: Tyranitar\n|-supereffective|p1b: Tyranitar|1\n|-damage|p1b: Tyranitar|0 fnt\n|faint|p1b: Tyranitar\n|\n|-weather|Sandstorm|[upkeep]\n|-damage|p2b: Rotom|95/100|[from] Sandstorm\n|-heal|p2b: Rotom|100/100|[from] item: Leftovers\n|-damage|p2a: Garchomp|73/100 brn|[from] brn\n|upkeep\n|\n|t:|1776578085\n|switch|p1b: Gengar|Gengar-Mega, L50, M, shiny|100/100\n|turn|4\n|\n|t:|1776578100\n|move|p2a: Garchomp|Earthquake|p1b: Gengar|[spread] p1a,p1b\n|-immune|p2b: Rotom|[from] ability: Levitate\n|-supereffective|p1a: Tinkaton|1\n|-supereffective|p1b: Gengar|1\n|-damage|p1a: Tinkaton|15/100\n|-damage|p1b: Gengar|38/100\n|move|p1b: Gengar|Icy Wind|p2a: Garchomp|[spread] p2a,p2b\n|-supereffective|p2a: Garchomp|2\n|-resisted|p2b: Rotom|1\n|-damage|p2a: Garchomp|0 fnt\n|-damage|p2b: Rotom|88/100\n|-unboost|p2b: Rotom|spe|1\n|faint|p2a: Garchomp\n|move|p1a: Tinkaton|Play Rough|p2b: Rotom\n|-damage|p2b: Rotom|48/100\n|move|p2b: Rotom|Thunderbolt|p1a: Tinkaton\n|-damage|p1a: Tinkaton|0 fnt\n|faint|p1a: Tinkaton\n|\n|-weather|Sandstorm|[upkeep]\n|-damage|p1b: Gengar|32/100|[from] Sandstorm\n|-damage|p2b: Rotom|42/100|[from] Sandstorm\n|-heal|p2b: Rotom|48/100|[from] item: Leftovers\n|upkeep\n|\n|t:|1776578123\n|switch|p2a: Charizard|Charizard, L50, F|100/100\n|switch|p1a: Rotom|Rotom-Wash, L50|57/100\n|turn|5\n|\n|t:|1776578146\n|move|p2a: Charizard|Protect|p2a: Charizard\n|-singleturn|p2a: Charizard|Protect\n|move|p1a: Rotom|Thunderbolt|p2a: Charizard\n|-activate|p2a: Charizard|move: Protect\n|move|p1b: Gengar|Sludge Bomb|p2b: Rotom\n|-damage|p2b: Rotom|0 fnt\n|faint|p2b: Rotom\n|\n|-weather|Sandstorm|[upkeep]\n|-damage|p1a: Rotom|51/100|[from] Sandstorm\n|-damage|p1b: Gengar|26/100|[from] Sandstorm\n|-damage|p2a: Charizard|95/100|[from] Sandstorm\n|upkeep\n|\n|t:|1776578159\n|switch|p2b: Whimsicott|Whimsicott, L50, F|100/100\n|turn|6\n|\n|t:|1776578177\n|detailschange|p2a: Charizard|Charizard-Mega-Y, L50, F\n|-mega|p2a: Charizard|Charizard|Charizardite Y\n|-weather|SunnyDay|[from] ability: Drought|[of] p2a: Charizard\n|move|p2b: Whimsicott|Tailwind|p2b: Whimsicott\n|-sidestart|p2: TY0418|move: Tailwind\n|move|p2a: Charizard|Heat Wave|p1a: Rotom|[spread] p1a,p1b\n|-resisted|p1a: Rotom|1\n|-damage|p1a: Rotom|19/100\n|-damage|p1b: Gengar|0 fnt\n|faint|p1b: Gengar\n|move|p1a: Rotom|Thunderbolt|p2a: Charizard\n|-supereffective|p2a: Charizard|1\n|-damage|p2a: Charizard|23/100\n|\n|-weather|SunnyDay|[upkeep]\n|upkeep\n|turn|7\n|\n|t:|1776578200\n|move|p2b: Whimsicott|Moonblast|p1a: Rotom\n|-damage|p1a: Rotom|0 fnt\n|faint|p1a: Rotom\n|\n|win|TY0418\n|raw|choko1's rating: 1146 &rarr; <strong>1125</strong><br />(-21 for losing)\n|raw|TY0418's rating: 1208 &rarr; <strong>1229</strong><br />(+21 for winning)\n",
  "uploadtime": 1776578216,
  "views": 9,
  "formatid": "gen9championsvgc2026regma",
  "rating": 1125,
  "private": 0,
  "password": null
}