{
  "id": "gen9championsvgc2026regma-2582785101",
  "format": "[Gen 9 Champions] VGC 2026 Reg M-A",
  "players": [
    "DavidTIS",
    "hatoum7"
  ],
  "log": "|j|\u2606DavidTIS\n|j|\u2606hatoum7\n|t:|1776113946\n|gametype|doubles\n|player|p1|DavidTIS|265|1113\n|player|p2|hatoum7|ruinmaniac|1046\n|gen|9\n|tier|[Gen 9 Champions] VGC 2026 Reg M-A\n|rated|\n|rule|Species Clause: Limit one of each Pok\u00e9mon\n|rule|Item Clause: Limit 1 of each item\n|clearpoke\n|poke|p1|Starmie, L50|\n|poke|p1|Lucario, L50, M|\n|poke|p1|Lycanroc-Dusk, L50, M|\n|poke|p1|Hydreigon, L50, F|\n|poke|p1|Slowbro-Galar, L50, M|\n|poke|p1|Charizard, L50, F|\n|poke|p2|Farigiraf, L50, M|\n|poke|p2|Reuniclus, L50, F|\n|poke|p2|Crabominable, L50, F|\n|poke|p2|Incineroar, L50, F|\n|poke|p2|Sinistcha, L50|\n|poke|p2|Sneasler, L50, M|\n|teampreview|4\n|inactive|Battle timer is ON: inactive players will automatically lose when time's up. (requested by hatoum7)\nhatoum7 rejected open team sheets.\n|\n|t:|1776113971\n|teamsize|p1|4\n|teamsize|p2|4\n|start\n|switch|p1a: Hydreigon|Hydreigon, L50, F|100/100\n|switch|p1b: Starmie|Starmie, L50|100/100\n|switch|p2a: Farigiraf|Farigiraf, L50, M|100/100\n|switch|p2b: Incineroar|Incineroar, L50, F|100/100\n|-ability|p2b: Incineroar|Intimidate|boost\n|-unboost|p1a: Hydreigon|atk|1\n|-unboost|p1b: Starmie|atk|1\n|-enditem|p1a: Hydreigon|White Herb\n|-clearnegativeboost|p1a: Hydreigon|[silent]\n|turn|1\n|c|\u2606hatoum7|trash\n|\n|t:|1776113988\n|move|p1b: Starmie|Protect|p1b: Starmie\n|-singleturn|p1b: Starmie|Protect\n|move|p2b: Incineroar|Fake Out|p1a: Hydreigon\n|-damage|p1a: Hydreigon|84/100\n|cant|p1a: Hydreigon|flinch\n|move|p2a: Farigiraf|Trick Room|p2a: Farigiraf\n|-fieldstart|move: Trick Room|[of] p2a: Farigiraf\n|\n|upkeep\n|turn|2\n|\n|t:|1776114009\n|detailschange|p1b: Starmie|Starmie-Mega, L50\n|-mega|p1b: Starmie|Starmie|Starminite\n|move|p2b: Incineroar|Darkest Lariat|p1b: Starmie\n|-supereffective|p1b: Starmie|1\n|-damage|p1b: Starmie|0 fnt\n|faint|p1b: Starmie\n|move|p2a: Farigiraf|Psychic Terrain|p2a: Farigiraf\n|-fieldstart|move: Psychic Terrain\n|move|p1a: Hydreigon|Dark Pulse|p2a: Farigiraf\n|-supereffective|p2a: Farigiraf|1\n|-damage|p2a: Farigiraf|34/100\n|\n|upkeep\n|\n|t:|1776114023\n|switch|p1b: Lycanroc|Lycanroc-Dusk, L50, M|100/100\n|turn|3\n|\n|t:|1776114038\n|move|p2a: Farigiraf|Helping Hand|p2b: Incineroar\n|-singleturn|p2b: Incineroar|Helping Hand|[of] p2a: Farigiraf\n|move|p2b: Incineroar|Parting Shot|p1a: Hydreigon\n|-unboost|p1a: Hydreigon|atk|1\n|-unboost|p1a: Hydreigon|spa|1\n|\n|t:|1776114044\n|switch|p2b: Reuniclus|Reuniclus, L50, F|100/100|[from] Parting Shot\n|move|p1a: Hydreigon|Draco Meteor|p2a: Farigiraf\n|-damage|p2a: Farigiraf|1/100\n|-unboost|p1a: Hydreigon|spa|2\n|move|p1b: Lycanroc|Rock Slide|p2b: Reuniclus|[spread] p2a,p2b\n|-damage|p2a: Farigiraf|0 fnt\n|-damage|p2b: Reuniclus|72/100\n|faint|p2a: Farigiraf\n|\n|upkeep\n|\n|t:|1776114049\n|switch|p2a: Crabominable|Crabominable, L50, F|100/100\n|turn|4\n|\n|t:|1776114073\n|switch|p1b: Slowbro|Slowbro-Galar, L50, M|100/100\n|detailschange|p2a: Crabominable|Crabominable-Mega, L50, F\n|-mega|p2a: Crabominable|Crabominable|Crabominite\n|move|p1a: Hydreigon|Protect|p1a: Hydreigon\n|-singleturn|p1a: Hydreigon|Protect\n|move|p2b: Reuniclus|Expanding Force|p1a: Hydreigon|[spread] p1b\n|-activate|p1a: Hydreigon|move: Protect\n|-damage|p1b: Slowbro|16/100\n|move|p2a: Crabominable|Drain Punch|p1a: Hydreigon\n|-activate|p1a: Hydreigon|move: Protect\n|\n|-heal|p1b: Slowbro|22/100|[from] item: Leftovers\n|upkeep\n|turn|5\n|\n|t:|1776114093\n|switch|p1a: Lycanroc|Lycanroc-Dusk, L50, M|100/100\n|move|p2b: Reuniclus|Expanding Force|p1b: Slowbro|[spread] p1a,p1b\n|-enditem|p1a: Lycanroc|Focus Sash\n|-damage|p1a: Lycanroc|1/100\n|-damage|p1b: Slowbro|0 fnt\n|faint|p1b: Slowbro\n|move|p2a: Crabominable|Drain Punch|p1a: Lycanroc\n|-supereffective|p1a: Lycanroc|1\n|-damage|p1a: Lycanroc|0 fnt\n|faint|p1a: Lycanroc\n|\n|-fieldend|move: Trick Room\n|upkeep\n|\n|t:|1776114105\n|switch|p1a: Hydreigon|Hydreigon, L50, F|84/100\n|turn|6\n|\n|t:|1776114116\n|move|p2b: Reuniclus|Protect|p2b: Reuniclus\n|-singleturn|p2b: Reuniclus|Protect\n|move|p1a: Hydreigon|Dark Pulse|p2b: Reuniclus\n|-activate|p2b: Reuniclus|move: Protect\n|move|p2a: Crabominable|Ice Hammer|p1a: Hydreigon\n|-supereffective|p1a: Hydreigon|1\n|-damage|p1a: Hydreigon|0 fnt\n|-unboost|p2a: Crabominable|spe|1\n|faint|p1a: Hydreigon\n|\n|win|hatoum7\n|raw|DavidTIS's rating: 1113 &rarr; <strong>1083</strong><br />(-30 for losing)\n|raw|hatoum7's rating: 1046 &rarr; <strong>1085</strong><br />(+39 for winning)\n",
  "uploadtime": 1776114121,
  "views": 30,
  "formatid": "gen9championsvgc2026regma",
  "rating": 1083,
  "private": 0,
  "password": null
}