{
  "id": "gen9championsvgc2026regma-2586148247",
  "format": "[Gen 9 Champions] VGC 2026 Reg M-A",
  "players": [
    "logitech69",
    "xayka"
  ],
  "log": "|j|\u2606logitech69\n|j|\u2606xayka\n|t:|1776405085\n|gametype|doubles\n|player|p1|logitech69|169|1072\n|player|p2|xayka|1|1000\n|gen|9\n|tier|[Gen 9 Champions] VGC 2026 Reg M-A\n|rated|\n|rule|Species Clause: Limit one of each Pok\u00e9mon\n|rule|Item Clause: Limit 1 of each item\n|clearpoke\n|poke|p1|Gengar, L50, F|\n|poke|p1|Politoed, L50, M|\n|poke|p1|Palafin, L50, F|\n|poke|p1|Sinistcha, L50|\n|poke|p1|Basculegion, L50, M|\n|poke|p1|Alakazam, L50, F|\n|poke|p2|Ampharos, L50, M|\n|poke|p2|Farigiraf, L50, F|\n|poke|p2|Pelipper, L50, F|\n|poke|p2|Sinistcha, L50|\n|poke|p2|Incineroar, L50, M|\n|poke|p2|Garchomp, L50, F|\n|teampreview|4\n|\n|t:|1776405159\n|teamsize|p1|4\n|teamsize|p2|4\n|start\n|switch|p1a: Palafin|Palafin, L50, F|100/100\n|switch|p1b: Sinistcha|Sinistcha, L50|100/100\n|switch|p2a: Ampharos|Ampharos, L50, M|100/100\n|switch|p2b: Farigiraf|Farigiraf, L50, F|100/100\n|turn|1\n|\n|t:|1776405182\n|detailschange|p1a: Palafin|Palafin-Hero, L50, F\n|switch|p1a: Politoed|Politoed, L50, M|100/100\n|-weather|RainDance|[from] ability: Drizzle|[of] p1a: Politoed\n|move|p2a: Ampharos|Protect|p2a: Ampharos\n|-singleturn|p2a: Ampharos|Protect\n|move|p1b: Sinistcha|Calm Mind|p1b: Sinistcha\n|-boost|p1b: Sinistcha|spa|1\n|-boost|p1b: Sinistcha|spd|1\n|move|p2b: Farigiraf|Trick Room|p2b: Farigiraf\n|-fieldstart|move: Trick Room|[of] p2b: Farigiraf\n|\n|-weather|RainDance|[upkeep]\n|upkeep\n|turn|2\n|\n|t:|1776405211\n|detailschange|p2a: Ampharos|Ampharos-Mega, L50, M\n|-mega|p2a: Ampharos|Ampharos|Ampharosite\n|-ability|p2a: Ampharos|Mold Breaker\n|move|p2b: Farigiraf|Helping Hand|p2a: Ampharos\n|-singleturn|p2a: Ampharos|Helping Hand|[of] p2b: Farigiraf\n|move|p1a: Politoed|Protect|p1a: Politoed\n|-singleturn|p1a: Politoed|Protect\n|move|p2a: Ampharos|Thunder|p1b: Sinistcha\n|-resisted|p1b: Sinistcha|1\n|-damage|p1b: Sinistcha|65/100\n|-status|p1b: Sinistcha|par\n|cant|p1b: Sinistcha|par\n|\n|-weather|RainDance|[upkeep]\n|-heal|p1b: Sinistcha|71/100 par|[from] item: Leftovers\n|upkeep\n|turn|3\n|\n|t:|1776405239\n|move|p2b: Farigiraf|Helping Hand|p2a: Ampharos\n|-singleturn|p2a: Ampharos|Helping Hand|[of] p2b: Farigiraf\n|cant|p1b: Sinistcha|par\n|move|p2a: Ampharos|Dazzling Gleam|p1a: Politoed|[spread] p1a,p1b\n|-damage|p1a: Politoed|63/100\n|-damage|p1b: Sinistcha|43/100 par\n|move|p1a: Politoed|Weather Ball|p2a: Ampharos\n|-resisted|p2a: Ampharos|1\n|-damage|p2a: Ampharos|79/100\n|\n|-weather|RainDance|[upkeep]\n|-heal|p1b: Sinistcha|49/100 par|[from] item: Leftovers\n|upkeep\n|turn|4\n|\n|t:|1776405255\n|move|p2b: Farigiraf|Protect|p2b: Farigiraf\n|-singleturn|p2b: Farigiraf|Protect\n|move|p1b: Sinistcha|Shadow Ball|p2a: Ampharos\n|-damage|p2a: Ampharos|37/100\n|move|p2a: Ampharos|Parabolic Charge|p1a: Politoed|[spread] p1a,p1b\n|-activate|p2b: Farigiraf|move: Protect\n|-supereffective|p1a: Politoed|1\n|-resisted|p1b: Sinistcha|1\n|-damage|p1a: Politoed|4/100\n|-heal|p2a: Ampharos|62/100|[from] drain|[of] p1a: Politoed\n|-damage|p1b: Sinistcha|39/100 par\n|-heal|p2a: Ampharos|67/100|[from] drain|[of] p1b: Sinistcha\n|-enditem|p1a: Politoed|Sitrus Berry|[eat]\n|-heal|p1a: Politoed|29/100|[from] item: Sitrus Berry\n|move|p1a: Politoed|Ice Beam|p2a: Ampharos\n|-supereffective|p2a: Ampharos|1\n|-damage|p2a: Ampharos|33/100\n|\n|-weather|RainDance|[upkeep]\n|-heal|p1b: Sinistcha|45/100 par|[from] item: Leftovers\n|upkeep\n|turn|5\n|\n|t:|1776405283\n|switch|p2b: Sinistcha|Sinistcha, L50|100/100\n|-heal|p2a: Ampharos|58/100|[from] ability: Hospitality|[of] p2b: Sinistcha\n|move|p1b: Sinistcha|Shadow Ball|p2a: Ampharos\n|-damage|p2a: Ampharos|16/100\n|move|p2a: Ampharos|Parabolic Charge|p1a: Politoed|[spread] p2b,p1a,p1b\n|-resisted|p2b: Sinistcha|1\n|-crit|p2b: Sinistcha\n|-supereffective|p1a: Politoed|1\n|-resisted|p1b: Sinistcha|1\n|-damage|p2b: Sinistcha|77/100\n|-heal|p2a: Ampharos|26/100|[from] drain|[of] p2b: Sinistcha\n|-damage|p1a: Politoed|0 fnt\n|-heal|p2a: Ampharos|39/100|[from] drain|[of] p1a: Politoed\n|-damage|p1b: Sinistcha|35/100 par\n|-heal|p2a: Ampharos|44/100|[from] drain|[of] p1b: Sinistcha\n|faint|p1a: Politoed\n|\n|-weather|none\n|-heal|p1b: Sinistcha|41/100 par|[from] item: Leftovers\n|-fieldend|move: Trick Room\n|upkeep\n|\n|t:|1776405305\n|switch|p1a: Basculegion|Basculegion, L50, M|100/100\n|turn|6\n|\n|t:|1776405336\n|switch|p2b: Farigiraf|Farigiraf, L50, F|100/100\n|move|p2a: Ampharos|Protect|p2a: Ampharos\n|-singleturn|p2a: Ampharos|Protect\n|move|p1a: Basculegion|Last Respects|p2a: Ampharos\n|-activate|p2a: Ampharos|move: Protect\n|move|p1b: Sinistcha|Shadow Ball|p2a: Ampharos\n|-activate|p2a: Ampharos|move: Protect\n|\n|-heal|p1b: Sinistcha|47/100 par|[from] item: Leftovers\n|upkeep\n|turn|7\n|\n|t:|1776405361\n|switch|p2a: Incineroar|Incineroar, L50, M|100/100\n|-ability|p2a: Incineroar|Intimidate|boost\n|-unboost|p1a: Basculegion|atk|1\n|-unboost|p1b: Sinistcha|atk|1\n|move|p1a: Basculegion|Last Respects|p2b: Farigiraf\n|-immune|p2b: Farigiraf\n|move|p1b: Sinistcha|Shadow Ball|p2a: Incineroar\n|-resisted|p2a: Incineroar|1\n|-damage|p2a: Incineroar|77/100\n|move|p2b: Farigiraf|Trick Room|p2b: Farigiraf\n|-fieldstart|move: Trick Room|[of] p2b: Farigiraf\n|\n|-heal|p1b: Sinistcha|53/100 par|[from] item: Leftovers\n|-heal|p2a: Incineroar|83/100|[from] item: Leftovers\n|upkeep\n|turn|8\n|\n|t:|1776405389\n|switch|p1a: Palafin|Palafin-Hero, L50, F|100/100\n|-activate|p1a: Palafin|ability: Zero to Hero\n|move|p2b: Farigiraf|Protect|p2b: Farigiraf\n|-singleturn|p2b: Farigiraf|Protect\n|move|p1b: Sinistcha|Matcha Gotcha|p2a: Incineroar|[spread] p2a\n|-activate|p2b: Farigiraf|move: Protect\n|-resisted|p2a: Incineroar|1\n|-damage|p2a: Incineroar|68/100\n|-heal|p1b: Sinistcha|62/100 par|[from] drain|[of] p2a: Incineroar\n|move|p2a: Incineroar|Parting Shot|p1a: Palafin\n|-unboost|p1a: Palafin|atk|1\n|-unboost|p1a: Palafin|spa|1\n|\n|t:|1776405404\n|switch|p2a: Ampharos|Ampharos-Mega, L50, M|44/100|[from] Parting Shot\n|-ability|p2a: Ampharos|Mold Breaker\n|\n|-heal|p1b: Sinistcha|68/100 par|[from] item: Leftovers\n|upkeep\n|turn|9\n|\n|t:|1776405423\n|switch|p1a: Basculegion|Basculegion, L50, M|100/100\n|move|p2b: Farigiraf|Helping Hand|p2a: Ampharos\n|-singleturn|p2a: Ampharos|Helping Hand|[of] p2b: Farigiraf\n|move|p1b: Sinistcha|Shadow Ball|p2a: Ampharos\n|-damage|p2a: Ampharos|5/100\n|move|p2a: Ampharos|Parabolic Charge|p1b: Sinistcha|[spread] p2b,p1a,p1b\n|-supereffective|p1a: Basculegion|1\n|-resisted|p1b: Sinistcha|1\n|-crit|p1b: Sinistcha\n|-damage|p2b: Farigiraf|57/100\n|-heal|p2a: Ampharos|30/100|[from] drain|[of] p2b: Farigiraf\n|-damage|p1a: Basculegion|0 fnt\n|-heal|p2a: Ampharos|81/100|[from] drain|[of] p1a: Basculegion\n|-damage|p1b: Sinistcha|31/100 par\n|-heal|p2a: Ampharos|98/100|[from] drain|[of] p1b: Sinistcha\n|faint|p1a: Basculegion\n|\n|-heal|p1b: Sinistcha|37/100 par|[from] item: Leftovers\n|upkeep\n|\n|t:|1776405450\n|switch|p1a: Palafin|Palafin-Hero, L50, F|100/100\n|turn|10\n|\n|t:|1776405469\n|move|p2b: Farigiraf|Helping Hand|p2a: Ampharos\n|-singleturn|p2a: Ampharos|Helping Hand|[of] p2b: Farigiraf\n|move|p1b: Sinistcha|Protect|p1b: Sinistcha\n|-singleturn|p1b: Sinistcha|Protect\n|move|p1a: Palafin|Protect|p1a: Palafin\n|-singleturn|p1a: Palafin|Protect\n|move|p2a: Ampharos|Parabolic Charge|p1a: Palafin|[spread] p2b\n|-activate|p1a: Palafin|move: Protect\n|-activate|p1b: Sinistcha|move: Protect\n|-damage|p2b: Farigiraf|12/100\n|-heal|p2a: Ampharos|100/100|[from] drain|[of] p2b: Farigiraf\n|\n|-heal|p1b: Sinistcha|43/100 par|[from] item: Leftovers\n|upkeep\n|turn|11\n|\n|t:|1776405499\n|move|p2b: Farigiraf|Protect|p2b: Farigiraf\n|-singleturn|p2b: Farigiraf|Protect\n|move|p1a: Palafin|Jet Punch||[still]\n|cant|p2b: Farigiraf|ability: Armor Tail|Jet Punch|[of] p1a: Palafin\n|move|p1b: Sinistcha|Matcha Gotcha|p2a: Ampharos|[spread] p2a\n|-activate|p2b: Farigiraf|move: Protect\n|-resisted|p2a: Ampharos|1\n|-damage|p2a: Ampharos|87/100\n|-heal|p1b: Sinistcha|51/100 par|[from] drain|[of] p2a: Ampharos\n|-status|p2a: Ampharos|brn\n|move|p2a: Ampharos|Parabolic Charge|p1a: Palafin|[spread] p1a,p1b\n|-activate|p2b: Farigiraf|move: Protect\n|-supereffective|p1a: Palafin|1\n|-resisted|p1b: Sinistcha|1\n|-damage|p1a: Palafin|29/100\n|-heal|p2a: Ampharos|100/100 brn|[from] drain|[of] p1a: Palafin\n|-damage|p1b: Sinistcha|39/100 par\n|\n|-heal|p1b: Sinistcha|45/100 par|[from] item: Leftovers\n|-damage|p2a: Ampharos|94/100 brn|[from] brn\n|-fieldend|move: Trick Room\n|upkeep\n|turn|12\n|\n|t:|1776405563\n|move|p2b: Farigiraf|Helping Hand|p2a: Ampharos\n|-singleturn|p2a: Ampharos|Helping Hand|[of] p2b: Farigiraf\n|move|p1a: Palafin|Close Combat|p2a: Ampharos\n|-damage|p2a: Ampharos|44/100 brn\n|-unboost|p1a: Palafin|def|1\n|-unboost|p1a: Palafin|spd|1\n|move|p2a: Ampharos|Dazzling Gleam|p1b: Sinistcha|[spread] p1a,p1b\n|-damage|p1a: Palafin|0 fnt\n|-damage|p1b: Sinistcha|18/100 par\n|faint|p1a: Palafin\n|move|p1b: Sinistcha|Matcha Gotcha|p2b: Farigiraf|[spread] p2a,p2b\n|-resisted|p2a: Ampharos|1\n|-crit|p2b: Farigiraf\n|-damage|p2a: Ampharos|28/100 brn\n|-heal|p1b: Sinistcha|26/100 par|[from] drain|[of] p2a: Ampharos\n|-damage|p2b: Farigiraf|0 fnt\n|-heal|p1b: Sinistcha|34/100 par|[from] drain|[of] p2b: Farigiraf\n|faint|p2b: Farigiraf\n|\n|-heal|p1b: Sinistcha|40/100 par|[from] item: Leftovers\n|-damage|p2a: Ampharos|22/100 brn|[from] brn\n|upkeep\n|\n|t:|1776405592\n|switch|p2b: Sinistcha|Sinistcha, L50|77/100\n|-heal|p2a: Ampharos|47/100 brn|[from] ability: Hospitality|[of] p2b: Sinistcha\n|turn|13\n|\n|t:|1776405606\n|move|p2b: Sinistcha|Protect|p2b: Sinistcha\n|-singleturn|p2b: Sinistcha|Protect\n|move|p2a: Ampharos|Dazzling Gleam|p1b: Sinistcha\n|-damage|p1b: Sinistcha|15/100 par\n|move|p1b: Sinistcha|Shadow Ball|p2b: Sinistcha\n|-activate|p2b: Sinistcha|move: Protect\n|\n|-heal|p1b: Sinistcha|21/100 par|[from] item: Leftovers\n|-damage|p2a: Ampharos|41/100 brn|[from] brn\n|upkeep\n|turn|14\n|-message|logitech69 forfeited.\n|\n|win|xayka\n|raw|logitech69's rating: 1072 &rarr; <strong>1047</strong><br />(-25 for losing)\n|raw|xayka's rating: 1000 &rarr; <strong>1048</strong><br />(+48 for winning)\n|l|\u2606logitech69\n|player|p1|\n",
  "uploadtime": 1776405619,
  "views": 35,
  "formatid": "gen9championsvgc2026regma",
  "rating": 1047,
  "private": 0,
  "password": null
}