{
  "id": "gen9championsvgc2026regma-2587962148",
  "format": "[Gen 9 Champions] VGC 2026 Reg M-A",
  "players": [
    "kao play game",
    "simonaka47"
  ],
  "log": "|j|\u2606kao play game\n|j|\u2606simonaka47\n|t:|1776585378\n|gametype|doubles\n|player|p1|kao play game|cynthia-gen4|1085\n|player|p2|simonaka47|roxie|1085\n|gen|9\n|tier|[Gen 9 Champions] VGC 2026 Reg M-A\n|rated|\n|rule|Species Clause: Limit one of each Pok\u00e9mon\n|rule|Item Clause: Limit 1 of each item\n|clearpoke\n|poke|p1|Gengar, L50, F|\n|poke|p1|Raichu, L50, M|\n|poke|p1|Primarina, L50, M|\n|poke|p1|Incineroar, L50, F|\n|poke|p1|Bastiodon, L50, F|\n|poke|p1|Altaria, L50, M|\n|poke|p2|Froslass, L50, F|\n|poke|p2|Delphox, L50, F|\n|poke|p2|Aerodactyl, L50, M|\n|poke|p2|Incineroar, L50, M|\n|poke|p2|Rotom-Frost, L50|\n|poke|p2|Palafin, L50, M|\n|teampreview|4\nsimonaka47 rejected open team sheets.\n|inactive|Battle timer is ON: inactive players will automatically lose when time's up. (requested by simonaka47)\n|\n|t:|1776585419\n|teamsize|p1|4\n|teamsize|p2|4\n|start\n|switch|p1a: Primarina|Primarina, L50, M|100/100\n|switch|p1b: Popo|Incineroar, L50, F|100/100\n|switch|p2a: Palafin|Palafin, L50, M|100/100\n|switch|p2b: Incineroar|Incineroar, L50, M|100/100\n|-ability|p1b: Popo|Intimidate|boost\n|-unboost|p2a: Palafin|atk|1\n|-unboost|p2b: Incineroar|atk|1\n|-ability|p2b: Incineroar|Intimidate|boost\n|-unboost|p1a: Primarina|atk|1\n|-unboost|p1b: Popo|atk|1\n|turn|1\n|inactive|simonaka47 has 30 seconds left.\n|\n|t:|1776585452\n|detailschange|p2a: Palafin|Palafin-Hero, L50, M\n|switch|p2a: Froslass|Froslass, L50, F|100/100\n|move|p1b: Popo|Fake Out|p2a: Froslass\n|-immune|p2a: Froslass\n|move|p2b: Incineroar|Fake Out|p1a: Primarina\n|-damage|p1a: Primarina|93/100\n|cant|p1a: Primarina|flinch\n|\n|upkeep\n|turn|2\n|\n|t:|1776585469\n|switch|p2a: Palafin|Palafin-Hero, L50, M|100/100\n|-activate|p2a: Palafin|ability: Zero to Hero\n|move|p1b: Popo|Parting Shot|p2a: Palafin\n|-unboost|p2a: Palafin|atk|1\n|-unboost|p2a: Palafin|spa|1\n|\n|t:|1776585475\n|switch|p1b: Gengar|Gengar, L50, F|100/100|[from] Parting Shot\n|move|p1a: Primarina|Perish Song|p1a: Primarina\n|-start|p1a: Primarina|perish3|[silent]\n|-start|p1b: Gengar|perish3|[silent]\n|-start|p2a: Palafin|perish3|[silent]\n|-start|p2b: Incineroar|perish3|[silent]\n|-fieldactivate|move: Perish Song\n|move|p2b: Incineroar|Parting Shot|p1a: Primarina\n|-unboost|p1a: Primarina|atk|1\n|-unboost|p1a: Primarina|spa|1\n|\n|t:|1776585483\n|switch|p2b: Froslass|Froslass, L50, F|100/100|[from] Parting Shot\n|\n|-start|p2a: Palafin|perish3\n|-start|p1b: Gengar|perish3\n|-start|p1a: Primarina|perish3\n|upkeep\n|turn|3\n|\n|t:|1776585494\n|detailschange|p2b: Froslass|Froslass-Mega, L50, F\n|-mega|p2b: Froslass|Froslass|Froslassite\n|-weather|Snowscape|[from] ability: Snow Warning|[of] p2b: Froslass\n|detailschange|p1b: Gengar|Gengar-Mega, L50, F\n|-mega|p1b: Gengar|Gengar|Gengarite\n|move|p2b: Froslass|Protect|p2b: Froslass\n|-singleturn|p2b: Froslass|Protect\n|move|p1b: Gengar|Protect|p1b: Gengar\n|-singleturn|p1b: Gengar|Protect\n|move|p2a: Palafin|Flip Turn|p1b: Gengar\n|-activate|p1b: Gengar|move: Protect\n|move|p1a: Primarina|Perish Song|p1a: Primarina\n|-start|p2b: Froslass|perish3|[silent]\n|-fieldactivate|move: Perish Song\n|\n|-weather|Snowscape|[upkeep]\n|-start|p2b: Froslass|perish3\n|-start|p2a: Palafin|perish2\n|-start|p1b: Gengar|perish2\n|-start|p1a: Primarina|perish2\n|upkeep\n|turn|4\n|inactive|kao play game has 30 seconds left.\n|inactive|simonaka47 has 30 seconds left.\n|inactive|kao play game has 20 seconds left.\n|inactive|kao play game has 15 seconds left.\n|\n|t:|1776585538\n|switch|p1b: Raichu|Raichu, L50, M|100/100\n|switch|p1a: Popo|Incineroar, L50, F|100/100\n|-ability|p1a: Popo|Intimidate|boost\n|-unboost|p2a: Palafin|atk|1\n|-unboost|p2b: Froslass|atk|1\n|move|p2b: Froslass|Aurora Veil|p2b: Froslass\n|-sidestart|p2: simonaka47|move: Aurora Veil\n|move|p2a: Palafin|Wave Crash|p1b: Raichu\n|-damage|p1b: Raichu|39/100\n|-damage|p2a: Palafin|81/100|[from] Recoil\n|\n|-weather|Snowscape|[upkeep]\n|-start|p2b: Froslass|perish2\n|-start|p2a: Palafin|perish1\n|upkeep\n|turn|5\n|inactive|kao play game has 30 seconds left.\n|inactive|simonaka47 has 30 seconds left.\n|\n|t:|1776585576\n|switch|p2b: Incineroar|Incineroar, L50, M|100/100\n|-ability|p2b: Incineroar|Intimidate|boost\n|-unboost|p1a: Popo|atk|1\n|-unboost|p1b: Raichu|atk|1\n|switch|p2a: Rotom|Rotom-Frost, L50|100/100\n|move|p1b: Raichu|Fake Out|p2a: Rotom\n|-crit|p2a: Rotom\n|-damage|p2a: Rotom|90/100\n|move|p1a: Popo|Parting Shot|p2b: Incineroar\n|-unboost|p2b: Incineroar|atk|1\n|-unboost|p2b: Incineroar|spa|1\n|\n|t:|1776585587\n|switch|p1a: Gengar|Gengar-Mega, L50, F|100/100|[from] Parting Shot\n|\n|-weather|Snowscape|[upkeep]\n|upkeep\n|turn|6\n|\n|t:|1776585596\n|move|p2a: Rotom|Trick||[still]\n|-fail|p2a: Rotom\n|move|p1a: Gengar|Destiny Bond|p1a: Gengar\n|-singlemove|p1a: Gengar|Destiny Bond\n|move|p1b: Raichu|Light Screen|p1b: Raichu\n|-sidestart|p1: kao play game|move: Light Screen\n|move|p2b: Incineroar|Parting Shot|p1a: Gengar\n|-unboost|p1a: Gengar|atk|1\n|-unboost|p1a: Gengar|spa|1\n|\n|t:|1776585603\n|switch|p2b: Froslass|Froslass-Mega, L50, F|100/100|[from] Parting Shot\n|\n|-weather|Snowscape|[upkeep]\n|upkeep\n|turn|7\n|\n|t:|1776585616\n|move|p2b: Froslass|Shadow Ball|p1b: Raichu\n|-damage|p1b: Raichu|11/100\n|move|p2a: Rotom|Trick|p1b: Raichu\n|-activate|p2a: Rotom|move: Trick|[of] p1b: Raichu\n|-item|p1b: Raichu|Choice Scarf|[from] move: Trick\n|-item|p2a: Rotom|Focus Sash|[from] move: Trick\n|move|p1b: Raichu|Encore|p2a: Rotom\n|-start|p2a: Rotom|Encore\n|move|p1a: Gengar|Perish Song|p1a: Gengar\n|-start|p1a: Gengar|perish3|[silent]\n|-start|p1b: Raichu|perish3|[silent]\n|-start|p2a: Rotom|perish3|[silent]\n|-start|p2b: Froslass|perish3|[silent]\n|-fieldactivate|move: Perish Song\n|\n|-weather|none\n|-start|p1b: Raichu|perish3\n|-start|p2b: Froslass|perish3\n|-start|p1a: Gengar|perish3\n|-start|p2a: Rotom|perish3\n|upkeep\n|turn|8\n|\n|t:|1776585639\n|switch|p1b: Popo|Incineroar, L50, F|100/100\n|-ability|p1b: Popo|Intimidate|boost\n|-unboost|p2a: Rotom|atk|1\n|-unboost|p2b: Froslass|atk|1\n|move|p1a: Gengar|Protect|p1a: Gengar\n|-singleturn|p1a: Gengar|Protect\n|move|p2b: Froslass|Shadow Ball|p1a: Gengar\n|-activate|p1a: Gengar|move: Protect\n|move|p2a: Rotom|Trick|p1b: Popo\n|-activate|p2a: Rotom|move: Trick|[of] p1b: Popo\n|-item|p1b: Popo|Focus Sash|[from] move: Trick\n|-item|p2a: Rotom|Bright Powder|[from] move: Trick\n|\n|-start|p2b: Froslass|perish2\n|-start|p1a: Gengar|perish2\n|-start|p2a: Rotom|perish2\n|-sideend|p2: simonaka47|move: Aurora Veil\n|upkeep\n|turn|9\n|inactive|simonaka47 has 30 seconds left.\n|\n|t:|1776585665\n|move|p1b: Popo|Fake Out|p2a: Rotom\n|-damage|p2a: Rotom|78/100\n|move|p2b: Froslass|Shadow Ball|p1a: Gengar\n|-supereffective|p1a: Gengar|1\n|-damage|p1a: Gengar|42/100\n|move|p1a: Gengar|Disable|p2b: Froslass\n|-start|p2b: Froslass|Disable|Shadow Ball\n|cant|p2a: Rotom|flinch\n|\n|-start|p2b: Froslass|perish1\n|-start|p1a: Gengar|perish1\n|-start|p2a: Rotom|perish1\n|upkeep\n|turn|10\n|\n|t:|1776585686\n|switch|p1a: Raichu|Raichu, L50, M|11/100\n|move|p2b: Froslass|Blizzard|p1a: Raichu|[spread] p1a,p1b\n|-resisted|p1b: Popo|1\n|-damage|p1a: Raichu|0 fnt\n|-damage|p1b: Popo|85/100\n|faint|p1a: Raichu\n|move|p2a: Rotom|Trick|p1b: Popo\n|-activate|p2a: Rotom|move: Trick|[of] p1b: Popo\n|-item|p1b: Popo|Bright Powder|[from] move: Trick\n|-item|p2a: Rotom|Focus Sash|[from] move: Trick\n|move|p1b: Popo|Parting Shot|p2a: Rotom\n|-unboost|p2a: Rotom|atk|1\n|-unboost|p2a: Rotom|spa|1\n|\n|t:|1776585700\n|switch|p1b: Gengar|Gengar-Mega, L50, F|42/100|[from] Parting Shot\n|\n|-end|p2a: Rotom|Encore\n|-start|p2b: Froslass|perish0\n|-start|p2a: Rotom|perish0\n|-sideend|p1: kao play game|move: Light Screen\n|upkeep\n|faint|p2b: Froslass\n|faint|p2a: Rotom\n|\n|t:|1776585707\n|switch|p2b: Palafin|Palafin-Hero, L50, M|81/100\n|switch|p1a: Popo|Incineroar, L50, F|85/100\n|switch|p2a: Incineroar|Incineroar, L50, M|100/100\n|-ability|p1a: Popo|Intimidate|boost\n|-unboost|p2a: Incineroar|atk|1\n|-unboost|p2b: Palafin|atk|1\n|-ability|p2a: Incineroar|Intimidate|boost\n|-unboost|p1a: Popo|atk|1\n|-unboost|p1b: Gengar|atk|1\n|turn|11\n|\n|t:|1776585722\n|move|p1a: Popo|Fake Out|p2b: Palafin\n|-damage|p2b: Palafin|73/100\n|cant|p2b: Palafin|flinch\n|move|p1b: Gengar|Perish Song|p1b: Gengar\n|-start|p1a: Popo|perish3|[silent]\n|-start|p1b: Gengar|perish3|[silent]\n|-start|p2a: Incineroar|perish3|[silent]\n|-start|p2b: Palafin|perish3|[silent]\n|-fieldactivate|move: Perish Song\n|move|p2a: Incineroar|Parting Shot|p1b: Gengar\n|-unboost|p1b: Gengar|atk|1\n|-unboost|p1b: Gengar|spa|1\n|\n|-start|p2b: Palafin|perish3\n|-start|p1b: Gengar|perish3\n|-start|p1a: Popo|perish3\n|-start|p2a: Incineroar|perish3\n|upkeep\n|turn|12\n|c|\u2606kao play game|GG\n|\n|t:|1776585743\n|move|p1b: Gengar|Protect|p1b: Gengar\n|-singleturn|p1b: Gengar|Protect\n|move|p2b: Palafin|Wave Crash|p1a: Popo\n|-supereffective|p1a: Popo|1\n|-damage|p1a: Popo|0 fnt\n|faint|p1a: Popo\n|-damage|p2b: Palafin|41/100|[from] Recoil\n|move|p2a: Incineroar|Taunt|p1b: Gengar\n|-activate|p1b: Gengar|move: Protect\n|\n|-start|p2b: Palafin|perish2\n|-start|p1b: Gengar|perish2\n|-start|p2a: Incineroar|perish2\n|upkeep\n|\n|t:|1776585749\n|switch|p1a: Primarina|Primarina, L50, M|93/100\n|turn|13\n|\n|t:|1776585761\n|move|p1b: Gengar|Protect||[still]\n|-fail|p1b: Gengar\n|move|p2b: Palafin|Wave Crash|p1a: Primarina\n|-resisted|p1a: Primarina|1\n|-damage|p1a: Primarina|65/100\n|-damage|p2b: Palafin|32/100|[from] Recoil\n|move|p1a: Primarina|Charm|p2b: Palafin\n|-unboost|p2b: Palafin|atk|2\n|move|p2a: Incineroar|Flare Blitz|p1b: Gengar\n|-damage|p1b: Gengar|6/100\n|-damage|p2a: Incineroar|91/100|[from] Recoil\n|\n|-start|p2b: Palafin|perish1\n|-start|p1b: Gengar|perish1\n|-start|p2a: Incineroar|perish1\n|upkeep\n|turn|14\n|\n|t:|1776585781\n|move|p1b: Gengar|Protect|p1b: Gengar\n|-singleturn|p1b: Gengar|Protect\n|move|p1a: Primarina|Endure|p1a: Primarina\n|-singleturn|p1a: Primarina|move: Endure\n|move|p2b: Palafin|Jet Punch|p1b: Gengar\n|-activate|p1b: Gengar|move: Protect\n|move|p2a: Incineroar|Flare Blitz|p1a: Primarina\n|-resisted|p1a: Primarina|1\n|-damage|p1a: Primarina|49/100\n|-damage|p2a: Incineroar|86/100|[from] Recoil\n|\n|-start|p2b: Palafin|perish0\n|-start|p1b: Gengar|perish0\n|-start|p2a: Incineroar|perish0\n|faint|p2b: Palafin\n|faint|p1b: Gengar\n|faint|p2a: Incineroar\n|\n|win|kao play game\n|raw|kao play game's rating: 1085 &rarr; <strong>1112</strong><br />(+27 for winning)\n|raw|simonaka47's rating: 1085 &rarr; <strong>1062</strong><br />(-23 for losing)\n|l|\u2606simonaka47\n|player|p2|\n",
  "uploadtime": 1776585797,
  "views": 18,
  "formatid": "gen9championsvgc2026regma",
  "rating": 1062,
  "private": 0,
  "password": null
}