{
  "id": "gen9championsvgc2026regma-2589393174",
  "format": "[Gen 9 Champions] VGC 2026 Reg M-A",
  "players": [
    "Kaboll",
    "benjitulio"
  ],
  "log": "|j|\u2606Kaboll\n|j|\u2606benjitulio\n|t:|1776719343\n|gametype|doubles\n|player|p1|Kaboll|102|1182\n|player|p2|benjitulio|wattson|1098\n|gen|9\n|tier|[Gen 9 Champions] VGC 2026 Reg M-A\n|rated|\n|rule|Species Clause: Limit one of each Pok\u00e9mon\n|rule|Item Clause: Limit 1 of each item\n|clearpoke\n|poke|p1|Sableye, L50, F|\n|poke|p1|Milotic, L50, F|\n|poke|p1|Sneasler, L50, F|\n|poke|p1|Charizard, L50, F|\n|poke|p1|Garchomp, L50, F|\n|poke|p1|Whimsicott, L50, F|\n|poke|p2|Dragonite, L50, M|\n|poke|p2|Incineroar, L50, M|\n|poke|p2|Gyarados, L50, F|\n|poke|p2|Maushold-Four, L50|\n|poke|p2|Milotic, L50, F|\n|poke|p2|Whimsicott, L50, F|\n|teampreview|4\n|inactive|Battle timer is ON: inactive players will automatically lose when time's up. (requested by Kaboll)\n|\n|t:|1776719372\n|teamsize|p1|4\n|teamsize|p2|4\n|start\n|switch|p1a: Sableye|Sableye, L50, F|100/100\n|switch|p1b: Milotic|Milotic, L50, F|100/100\n|switch|p2a: Maushold|Maushold-Four, L50|100/100\n|switch|p2b: Dragonite|Dragonite, L50, M|100/100\n|turn|1\n|\n|t:|1776719384\n|detailschange|p2b: Dragonite|Dragonite-Mega, L50, M\n|-mega|p2b: Dragonite|Dragonite|Dragoninite\n|move|p1a: Sableye|Gravity|p1a: Sableye\n|-fieldstart|move: Gravity\n|move|p2a: Maushold|Population Bomb|p1b: Milotic\n|-damage|p1b: Milotic|93/100\n|-damage|p1b: Milotic|87/100\n|-damage|p1b: Milotic|79/100\n|-damage|p1b: Milotic|72/100\n|-damage|p1b: Milotic|64/100\n|-damage|p1b: Milotic|57/100\n|-damage|p1b: Milotic|50/100\n|-damage|p1b: Milotic|43/100\n|-damage|p1b: Milotic|37/100\n|-damage|p1b: Milotic|29/100\n|-hitcount|p1b: Milotic|10\n|move|p2b: Dragonite|Dragon Pulse|p1b: Milotic\n|-damage|p1b: Milotic|0 fnt\n|faint|p1b: Milotic\n|\n|upkeep\n|\n|t:|1776719409\n|switch|p1b: Garchomp|Garchomp, L50, F|100/100\n|turn|2\n|\n|t:|1776719433\n|switch|p2a: Whimsicott|Whimsicott, L50, F|100/100\n|move|p1a: Sableye|Disable|p2b: Dragonite\n|-start|p2b: Dragonite|Disable|Dragon Pulse\n|move|p1b: Garchomp|Rock Slide|p2b: Dragonite|[spread] p2a,p2b\n|-supereffective|p2b: Dragonite|1\n|-damage|p2a: Whimsicott|68/100\n|-damage|p2b: Dragonite|76/100\n|move|p2b: Dragonite|Ice Beam|p1b: Garchomp\n|-supereffective|p1b: Garchomp|2\n|-damage|p1b: Garchomp|0 fnt\n|faint|p1b: Garchomp\n|\n|upkeep\n|\n|t:|1776719445\n|switch|p1b: Charizard|Charizard, L50, F|100/100\n|turn|3\n|\n|t:|1776719458\n|detailschange|p1b: Charizard|Charizard-Mega-Y, L50, F\n|-mega|p1b: Charizard|Charizard|Charizardite Y\n|-weather|SunnyDay|[from] ability: Drought|[of] p1b: Charizard\n|move|p2a: Whimsicott|Light Screen|p2a: Whimsicott\n|-sidestart|p2: benjitulio|move: Light Screen\n|move|p1a: Sableye|Encore|p2b: Dragonite\n|-start|p2b: Dragonite|Encore\n|move|p1b: Charizard|Heat Wave|p2a: Whimsicott|[spread] p2a,p2b\n|-supereffective|p2a: Whimsicott|1\n|-crit|p2a: Whimsicott\n|-resisted|p2b: Dragonite|1\n|-damage|p2a: Whimsicott|0 fnt\n|-damage|p2b: Dragonite|57/100\n|faint|p2a: Whimsicott\n|move|p2b: Dragonite|Ice Beam|p1b: Charizard\n|-damage|p1b: Charizard|61/100\n|\n|-weather|SunnyDay|[upkeep]\n|upkeep\n|\n|t:|1776719476\n|switch|p2a: Maushold|Maushold-Four, L50|100/100\n|turn|4\n|\n|t:|1776719480\n|move|p1a: Sableye|Protect|p1a: Sableye\n|-singleturn|p1a: Sableye|Protect\n|move|p1b: Charizard|Protect|p1b: Charizard\n|-singleturn|p1b: Charizard|Protect\n|move|p2a: Maushold|Rain Dance|p2a: Maushold\n|-weather|RainDance\n|move|p2b: Dragonite|Ice Beam|p1b: Charizard\n|-activate|p1b: Charizard|move: Protect\n|\n|-weather|RainDance|[upkeep]\n|upkeep\n|turn|5\n|-message|Kaboll forfeited.\n|\n|win|benjitulio\n|raw|Kaboll's rating: 1182 &rarr; <strong>1151</strong><br />(-31 for losing)\n|raw|benjitulio's rating: 1098 &rarr; <strong>1129</strong><br />(+31 for winning)\n",
  "uploadtime": 1776719493,
  "views": 8,
  "formatid": "gen9championsvgc2026regma",
  "rating": 1129,
  "private": 0,
  "password": null
}