{
  "id": "gen9championsvgc2026regma-2580322885",
  "format": "[Gen 9 Champions] VGC 2026 Reg M-A",
  "players": [
    "FSoup",
    "peluquinha"
  ],
  "log": "|j|\u2606FSoup\n|j|\u2606peluquinha\n|t:|1775880364\n|gametype|doubles\n|player|p1|FSoup|101|1045\n|player|p2|peluquinha|giovanni|1000\n|gen|9\n|tier|[Gen 9 Champions] VGC 2026 Reg M-A\n|rated|\n|rule|Species Clause: Limit one of each Pok\u00e9mon\n|rule|Item Clause: Limit 1 of each item\n|clearpoke\n|poke|p1|Incineroar, L50, M|\n|poke|p1|Archaludon, L50, M|\n|poke|p1|Sinistcha, L50|\n|poke|p1|Basculegion, L50, M|\n|poke|p1|Pelipper, L50, M|\n|poke|p1|Meganium, L50, M|\n|poke|p2|Maushold, L50|\n|poke|p2|Garchomp, L50, M|\n|poke|p2|Rotom-Wash, L50|\n|poke|p2|Tyranitar, L50, F|\n|poke|p2|Floette-Eternal, L50, F|\n|poke|p2|Talonflame, L50, F|\n|teampreview|4\n|inactive|Battle timer is ON: inactive players will automatically lose when time's up. (requested by FSoup)\n|\n|t:|1775880399\n|teamsize|p1|4\n|teamsize|p2|4\n|start\n|switch|p1a: Pelipper|Pelipper, L50, M|100/100\n|switch|p1b: Archaludon|Archaludon, L50, M|100/100\n|switch|p2a: Maushold|Maushold, L50, shiny|100/100\n|switch|p2b: Floette|Floette-Eternal, L50, F, shiny|100/100\n|-weather|RainDance|[from] ability: Drizzle|[of] p1a: Pelipper\n|turn|1\n|\n|t:|1775880423\n|switch|p2b: Tyranitar|Tyranitar, L50, F, shiny|100/100\n|-weather|Sandstorm|[from] ability: Sand Stream|[of] p2b: Tyranitar\n|move|p2a: Maushold|Super Fang|p1b: Archaludon\n|-damage|p1b: Archaludon|51/100\n|move|p1b: Archaludon|Flash Cannon|p2b: Tyranitar\n|-supereffective|p2b: Tyranitar|1\n|-damage|p2b: Tyranitar|55/100\n|move|p1a: Pelipper|Tailwind|p1a: Pelipper\n|-sidestart|p1: FSoup|move: Tailwind\n|\n|-weather|Sandstorm|[upkeep]\n|-damage|p1a: Pelipper|95/100|[from] Sandstorm\n|-damage|p2a: Maushold|94/100|[from] Sandstorm\n|upkeep\n|turn|2\n|inactive|FSoup has 30 seconds left.\n|inactive|FSoup has 20 seconds left.\n|inactive|FSoup has 15 seconds left.\n|\n|t:|1775880468\n|switch|p1a: Meganium|Meganium, L50, M|100/100\n|move|p2a: Maushold|Protect|p2a: Maushold\n|-singleturn|p2a: Maushold|Protect\n|move|p2b: Tyranitar|Protect|p2b: Tyranitar\n|-singleturn|p2b: Tyranitar|Protect\n|move|p1b: Archaludon|Flash Cannon|p2b: Tyranitar\n|-activate|p2b: Tyranitar|move: Protect\n|\n|-weather|Sandstorm|[upkeep]\n|-damage|p1a: Meganium|95/100|[from] Sandstorm\n|-damage|p2a: Maushold|88/100|[from] Sandstorm\n|upkeep\n|turn|3\n|j| caseyaces\n|\n|t:|1775880491\n|detailschange|p1a: Meganium|Meganium-Mega, L50, M\n|-mega|p1a: Meganium|Meganium|Meganiumite\n|move|p2a: Maushold|Follow Me|p2a: Maushold\n|-singleturn|p2a: Maushold|move: Follow Me\n|move|p1b: Archaludon|Flash Cannon|p2b: Tyranitar\n|-supereffective|p2b: Tyranitar|1\n|-damage|p2b: Tyranitar|11/100\n|move|p1a: Meganium|Dazzling Gleam|p2b: Tyranitar|[spread] p2a,p2b\n|-supereffective|p2b: Tyranitar|1\n|-damage|p2a: Maushold|44/100\n|-damage|p2b: Tyranitar|0 fnt\n|faint|p2b: Tyranitar\n|\n|-weather|Sandstorm|[upkeep]\n|-damage|p1a: Meganium|89/100|[from] Sandstorm\n|-damage|p2a: Maushold|38/100|[from] Sandstorm\n|upkeep\n|l| caseyaces\n|\n|t:|1775880503\n|switch|p2b: Talonflame|Talonflame, L50, F, shiny|100/100\n|turn|4\n|\n|t:|1775880526\n|move|p1a: Meganium|Protect|p1a: Meganium\n|-singleturn|p1a: Meganium|Protect\n|move|p2b: Talonflame|Protect|p2b: Talonflame\n|-singleturn|p2b: Talonflame|Protect\n|move|p2a: Maushold|Protect|p2a: Maushold\n|-singleturn|p2a: Maushold|Protect\n|move|p1b: Archaludon|Dragon Pulse|p2b: Talonflame\n|-activate|p2b: Talonflame|move: Protect\n|\n|-weather|Sandstorm|[upkeep]\n|-damage|p1a: Meganium|83/100|[from] Sandstorm\n|-damage|p2b: Talonflame|95/100|[from] Sandstorm\n|-damage|p2a: Maushold|31/100|[from] Sandstorm\n|-sideend|p1: FSoup|move: Tailwind\n|upkeep\n|turn|5\n|\n|t:|1775880551\n|switch|p1a: Pelipper|Pelipper, L50, M|95/100\n|-weather|RainDance|[from] ability: Drizzle|[of] p1a: Pelipper\n|move|p2b: Talonflame|Flare Blitz|p1b: Archaludon\n|-damage|p1b: Archaludon|30/100\n|-damage|p2b: Talonflame|87/100|[from] Recoil\n|move|p2a: Maushold|Super Fang|p1a: Pelipper\n|-damage|p1a: Pelipper|48/100\n|move|p1b: Archaludon|Electro Shot||[still]\n|-prepare|p1b: Archaludon|Electro Shot\n|-boost|p1b: Archaludon|spa|1\n|-anim|p1b: Archaludon|Electro Shot|p2b: Talonflame\n|-supereffective|p2b: Talonflame|1\n|-damage|p2b: Talonflame|0 fnt\n|faint|p2b: Talonflame\n|\n|-weather|RainDance|[upkeep]\n|upkeep\n|\n|t:|1775880555\n|switch|p2b: Floette|Floette-Eternal, L50, F, shiny|100/100\n|turn|6\n|inactive|peluquinha has 30 seconds left.\n|inactive|peluquinha has 20 seconds left.\n|inactive|peluquinha has 15 seconds left.\n|\n|t:|1775880597\n|detailschange|p2b: Floette|Floette-Mega, L50, F, shiny\n|-mega|p2b: Floette|Floette|Floettite\n|-ability|p2b: Floette|Fairy Aura\n|move|p2a: Maushold|Taunt|p1a: Pelipper\n|-start|p1a: Pelipper|move: Taunt\n|move|p1b: Archaludon|Flash Cannon|p2b: Floette\n|-supereffective|p2b: Floette|1\n|-crit|p2b: Floette\n|-damage|p2b: Floette|0 fnt\n|faint|p2b: Floette\n|cant|p1a: Pelipper|move: Taunt|Tailwind\n|\n|-weather|RainDance|[upkeep]\n|upkeep\n|turn|7\n|-message|peluquinha forfeited.\n|\n|win|FSoup\n|raw|FSoup's rating: 1045 &rarr; <strong>1074</strong><br />(+29 for winning)\n|raw|peluquinha's rating: 1000 &rarr; <strong>1000</strong><br />(+0 for losing)\n|l|\u2606peluquinha\n|player|p2|\n",
  "uploadtime": 1775880617,
  "views": 14,
  "formatid": "gen9championsvgc2026regma",
  "rating": 1000,
  "private": 0,
  "password": null
}