{
  "id": "gen9championsvgc2026regma-2583737175",
  "format": "[Gen 9 Champions] VGC 2026 Reg M-A",
  "players": [
    "tj12hunt4u",
    "hyunbelievable"
  ],
  "log": "|j|\u2606tj12hunt4u\n|j|\u2606hyunbelievable\n|t:|1776194261\n|gametype|doubles\n|player|p1|tj12hunt4u|266|1177\n|player|p2|hyunbelievable|guzma|1271\n|gen|9\n|tier|[Gen 9 Champions] VGC 2026 Reg M-A\n|rated|\n|rule|Species Clause: Limit one of each Pok\u00e9mon\n|rule|Item Clause: Limit 1 of each item\n|clearpoke\n|poke|p1|Tyranitar, L50, M|\n|poke|p1|Starmie, L50|\n|poke|p1|Aegislash, L50, F|\n|poke|p1|Incineroar, L50, M|\n|poke|p1|Spiritomb, L50, F|\n|poke|p1|Dragonite, L50, F|\n|poke|p2|Floette-Eternal, L50, F|\n|poke|p2|Delphox, L50, F|\n|poke|p2|Excadrill, L50, F|\n|poke|p2|Tyranitar, L50, F|\n|poke|p2|Orthworm, L50, M|\n|poke|p2|Rotom-Wash, L50|\n|teampreview|4\n|inactive|Battle timer is ON: inactive players will automatically lose when time's up. (requested by tj12hunt4u)\ntj12hunt4u rejected open team sheets.\n|\n|t:|1776194291\n|teamsize|p1|4\n|teamsize|p2|4\n|start\n|switch|p1a: Starmie|Starmie, L50|100/100\n|switch|p1b: Aegislash|Aegislash, L50, F|100/100\n|switch|p2a: Floette|Floette-Eternal, L50, F|100/100\n|switch|p2b: Orthworm|Orthworm, L50, M|100/100\n|turn|1\n|\n|t:|1776194304\n|detailschange|p1a: Starmie|Starmie-Mega, L50\n|-mega|p1a: Starmie|Starmie|Starminite\n|detailschange|p2a: Floette|Floette-Mega, L50, F\n|-mega|p2a: Floette|Floette|Floettite\n|-ability|p2a: Floette|Fairy Aura\n|move|p1b: Aegislash|Wide Guard|p1b: Aegislash\n|-singleturn|p1b: Aegislash|Wide Guard\n|move|p2a: Floette|Moonblast|p1a: Starmie\n|-damage|p1a: Starmie|6/100\n|move|p2b: Orthworm|Shed Tail|p2b: Orthworm\n|-start|p2b: Orthworm|Substitute|[from] move: Shed Tail\n|-damage|p2b: Orthworm|50/100\n|-enditem|p2b: Orthworm|Sitrus Berry|[eat]\n|-heal|p2b: Orthworm|75/100|[from] item: Sitrus Berry\n|\n|t:|1776194315\n|switch|p2b: Excadrill|Excadrill, L50, F|100/100|[from] Shed Tail\n|move|p1a: Starmie|Trick Room|p1a: Starmie\n|-fieldstart|move: Trick Room|[of] p1a: Starmie\n|\n|upkeep\n|turn|2\n|\n|t:|1776194340\n|switch|p1b: Tyranitar|Tyranitar, L50, M, shiny|100/100\n|-weather|Sandstorm|[from] ability: Sand Stream|[of] p1b: Tyranitar\n|switch|p2a: Orthworm|Orthworm, L50, M|75/100\n|move|p1a: Starmie|Skill Swap|p1b: Tyranitar\n|-activate|p1a: Starmie|Skill Swap|||[of] p1b: Tyranitar\n|move|p2b: Excadrill|Earthquake|p1b: Tyranitar|[spread] p1a,p1b\n|-heal|p2a: Orthworm|99/100|[from] ability: Earth Eater|[of] p2b: Excadrill\n|-supereffective|p1b: Tyranitar|1\n|-damage|p1a: Starmie|0 fnt\n|-damage|p1b: Tyranitar|16/100\n|faint|p1a: Starmie\n|\n|-weather|Sandstorm|[upkeep]\n|upkeep\n|\n|t:|1776194365\n|switch|p1a: Aegislash|Aegislash, L50, F|100/100\n|turn|3\n|\n|t:|1776194381\n|move|p2a: Orthworm|Helping Hand|p2b: Excadrill\n|-singleturn|p2b: Excadrill|Helping Hand|[of] p2a: Orthworm\n|move|p1a: Aegislash|Wide Guard|p1a: Aegislash\n|-singleturn|p1a: Aegislash|Wide Guard\n|move|p1b: Tyranitar|Earthquake|p2b: Excadrill|[spread] p2b\n|-activate|p1a: Aegislash|move: Wide Guard\n|-heal|p2a: Orthworm|100/100|[from] ability: Earth Eater|[of] p1b: Tyranitar\n|-supereffective|p2b: Excadrill|1\n|-end|p2b: Excadrill|Substitute\n|move|p2b: Excadrill|Earthquake|p1b: Tyranitar|[spread] \n|-activate|p1a: Aegislash|move: Wide Guard\n|-activate|p1b: Tyranitar|move: Wide Guard\n|-immune|p2a: Orthworm|[from] ability: Earth Eater\n|\n|-weather|Sandstorm|[upkeep]\n|upkeep\n|turn|4\n|inactive|tj12hunt4u has 30 seconds left.\n|\n|t:|1776194407\n|move|p2b: Excadrill|Protect|p2b: Excadrill\n|-singleturn|p2b: Excadrill|Protect\n|move|p1b: Tyranitar|Earthquake|p2b: Excadrill|[spread] p1a\n|-activate|p2b: Excadrill|move: Protect\n|-immune|p2a: Orthworm|[from] ability: Earth Eater\n|-supereffective|p1a: Aegislash|1\n|-damage|p1a: Aegislash|0 fnt\n|faint|p1a: Aegislash\n|move|p2a: Orthworm|Body Press|p1b: Tyranitar\n|-supereffective|p1b: Tyranitar|2\n|-damage|p1b: Tyranitar|0 fnt\n|faint|p1b: Tyranitar\n|\n|-weather|Sandstorm|[upkeep]\n|upkeep\n|\n|t:|1776194410\n|switch|p1b: Dragonite|Dragonite, L50, F|100/100\n|turn|5\n|\n|t:|1776194421\n|move|p1b: Dragonite|Aqua Jet|p2b: Excadrill\n|-supereffective|p2b: Excadrill|1\n|-damage|p2b: Excadrill|53/100\n|move|p2a: Orthworm|Shed Tail|p2a: Orthworm\n|-start|p2a: Orthworm|Substitute|[from] move: Shed Tail\n|-damage|p2a: Orthworm|50/100\n|-message|tj12hunt4u forfeited.\n|\n|win|hyunbelievable\n|raw|tj12hunt4u's rating: 1177 &rarr; <strong>1159</strong><br />(-18 for losing)\n|raw|hyunbelievable's rating: 1271 &rarr; <strong>1289</strong><br />(+18 for winning)\n|l|\u2606tj12hunt4u\n|player|p1|\n",
  "uploadtime": 1776194429,
  "views": 16,
  "formatid": "gen9championsvgc2026regma",
  "rating": 1159,
  "private": 0,
  "password": null
}