{
  "id": "gen9championsvgc2026regma-2588613323",
  "format": "[Gen 9 Champions] VGC 2026 Reg M-A",
  "players": [
    "aranvali",
    "dr. shio"
  ],
  "log": "|j|\u2606aranvali\n|j|\u2606dr. shio\n|t:|1776650147\n|gametype|doubles\n|player|p1|aranvali|gentleman-gen4|1076\n|player|p2|dr. shio|dawn|1029\n|gen|9\n|tier|[Gen 9 Champions] VGC 2026 Reg M-A\n|rated|\n|rule|Species Clause: Limit one of each Pok\u00e9mon\n|rule|Item Clause: Limit 1 of each item\n|clearpoke\n|poke|p1|Sableye, L50, F, shiny|\n|poke|p1|Meganium, L50, F, shiny|\n|poke|p1|Basculegion, L50, M, shiny|\n|poke|p1|Pelipper, L50, F, shiny|\n|poke|p1|Archaludon, L50, F, shiny|\n|poke|p1|Kangaskhan, L50, F, shiny|\n|poke|p2|Torkoal, L50, M, shiny|\n|poke|p2|Clefable, L50, M, shiny|\n|poke|p2|Drampa, L50, F, shiny|\n|poke|p2|Aggron, L50, F, shiny|\n|poke|p2|Mimikyu, L50, M, shiny|\n|poke|p2|Sinistcha, L50, shiny|\n|teampreview|4\n|inactive|Battle timer is ON: inactive players will automatically lose when time's up. (requested by aranvali)\n|\n|t:|1776650226\n|teamsize|p1|4\n|teamsize|p2|4\n|start\n|switch|p1a: Sableye|Sableye, L50, F, shiny|100/100\n|switch|p1b: Kangaskhan|Kangaskhan, L50, F, shiny|100/100\n|switch|p2a: Drampa|Drampa, L50, F, shiny|100/100\n|switch|p2b: Clefable|Clefable, L50, M, shiny|100/100\n|turn|1\n|\n|t:|1776650239\n|move|p2b: Clefable|Protect|p2b: Clefable\n|-singleturn|p2b: Clefable|Protect\n|move|p2a: Drampa|Protect|p2a: Drampa\n|-singleturn|p2a: Drampa|Protect\n|move|p1b: Kangaskhan|Fake Out|p2a: Drampa\n|-activate|p2a: Drampa|move: Protect\n|move|p1a: Sableye|Fake Out|p2b: Clefable\n|-activate|p2b: Clefable|move: Protect\n|\n|upkeep\n|turn|2\n|\n|t:|1776650254\n|move|p2b: Clefable|Follow Me|p2b: Clefable\n|-singleturn|p2b: Clefable|move: Follow Me\n|move|p1a: Sableye|Encore|p2b: Clefable\n|-start|p2b: Clefable|Encore\n|move|p1b: Kangaskhan|Last Resort|p2b: Clefable\n|-damage|p2b: Clefable|23/100\n|move|p2a: Drampa|Calm Mind|p2a: Drampa\n|-boost|p2a: Drampa|spa|1\n|-boost|p2a: Drampa|spd|1\n|\n|-heal|p2b: Clefable|29/100|[from] item: Leftovers\n|upkeep\n|turn|3\n|\n|t:|1776650272\n|detailschange|p2a: Drampa|Drampa-Mega, L50, F, shiny\n|-mega|p2a: Drampa|Drampa|Drampanite\n|move|p2b: Clefable|Follow Me|p2b: Clefable\n|-singleturn|p2b: Clefable|move: Follow Me\n|move|p1a: Sableye|Shadow Sneak|p2b: Clefable\n|-damage|p2b: Clefable|16/100\n|move|p1b: Kangaskhan|Last Resort|p2b: Clefable\n|-crit|p2b: Clefable\n|-damage|p2b: Clefable|0 fnt\n|faint|p2b: Clefable\n|move|p2a: Drampa|Dragon Pulse|p1a: Sableye\n|-damage|p1a: Sableye|2/100\n|\n|upkeep\n|\n|t:|1776650284\n|switch|p2b: Mimikyu|Mimikyu, L50, M, shiny|100/100\n|turn|4\n|\n|t:|1776650293\n|move|p2a: Drampa|Protect|p2a: Drampa\n|-singleturn|p2a: Drampa|Protect\n|move|p1a: Sableye|Will-O-Wisp|p2b: Mimikyu\n|-status|p2b: Mimikyu|brn\n|move|p1b: Kangaskhan|Last Resort|p2a: Drampa\n|-activate|p2a: Drampa|move: Protect\n|move|p2b: Mimikyu|Trick Room|p2b: Mimikyu\n|-fieldstart|move: Trick Room|[of] p2b: Mimikyu\n|\n|-damage|p2b: Mimikyu|94/100 brn|[from] brn\n|upkeep\n|turn|5\n|inactive|dr. shio has 30 seconds left.\n|inactive|dr. shio has 20 seconds left.\n|inactive|dr. shio has 15 seconds left.\n|\n|t:|1776650335\n|move|p1a: Sableye|Encore|p2b: Mimikyu\n|-start|p2b: Mimikyu|Encore\n|move|p2a: Drampa|Dragon Pulse|p1a: Sableye\n|-damage|p1a: Sableye|0 fnt\n|faint|p1a: Sableye\n|move|p1b: Kangaskhan|Last Resort|p2a: Drampa\n|-damage|p2a: Drampa|35/100\n|-ability|p2a: Drampa|Berserk|boost\n|-boost|p2a: Drampa|spa|1\n|move|p2b: Mimikyu|Trick Room|p2b: Mimikyu\n|-fieldend|move: Trick Room\n|\n|-damage|p2b: Mimikyu|88/100 brn|[from] brn\n|upkeep\n|\n|t:|1776650351\n|switch|p1a: Meganium|Meganium, L50, F, shiny|100/100\n|turn|6\n|\n|t:|1776650358\n|detailschange|p1a: Meganium|Meganium-Mega, L50, F, shiny\n|-mega|p1a: Meganium|Meganium|Meganiumite\n|move|p2a: Drampa|Protect|p2a: Drampa\n|-singleturn|p2a: Drampa|Protect\n|move|p1a: Meganium|Dazzling Gleam|p2a: Drampa|[spread] p2b\n|-activate|p2a: Drampa|move: Protect\n|-activate|p2b: Mimikyu|ability: Disguise\n|-damage|p2b: Mimikyu|88/100 brn\n|detailschange|p2b: Mimikyu|Mimikyu-Busted, L50, M, shiny\n|-damage|p2b: Mimikyu|76/100 brn|[from] pokemon: Mimikyu-Busted\n|move|p1b: Kangaskhan|Last Resort|p2b: Mimikyu\n|-damage|p2b: Mimikyu|0 fnt\n|faint|p2b: Mimikyu\n|\n|upkeep\n|\n|t:|1776650373\n|switch|p2b: Sinistcha|Sinistcha, L50, shiny|100/100\n|-heal|p2a: Drampa|60/100|[from] ability: Hospitality|[of] p2b: Sinistcha\n|turn|7\n|\n|t:|1776650387\n|move|p1a: Meganium|Dazzling Gleam|p2b: Sinistcha|[spread] p2a,p2b\n|-supereffective|p2a: Drampa|1\n|-damage|p2a: Drampa|26/100\n|-damage|p2b: Sinistcha|72/100\n|-ability|p2a: Drampa|Berserk|boost\n|-boost|p2a: Drampa|spa|1\n|move|p1b: Kangaskhan|Last Resort|p2b: Sinistcha\n|-damage|p2b: Sinistcha|2/100\n|-enditem|p2b: Sinistcha|Sitrus Berry|[eat]\n|-heal|p2b: Sinistcha|27/100|[from] item: Sitrus Berry\n|move|p2a: Drampa|Hyper Voice|p1a: Meganium|[spread] p1a,p1b\n|-damage|p1a: Meganium|9/100\n|-damage|p1b: Kangaskhan|0 fnt\n|faint|p1b: Kangaskhan\n|move|p2b: Sinistcha|Trick Room|p2b: Sinistcha\n|-fieldstart|move: Trick Room|[of] p2b: Sinistcha\n|\n|upkeep\n|\n|t:|1776650403\n|switch|p1b: Basculegion|Basculegion, L50, M, shiny|100/100\n|turn|8\n|inactive|dr. shio has 30 seconds left.\n|\n|t:|1776650429\n|move|p1a: Meganium|Protect|p1a: Meganium\n|-singleturn|p1a: Meganium|Protect\n|move|p1b: Basculegion|Aqua Jet|p2a: Drampa\n|-resisted|p2a: Drampa|1\n|-damage|p2a: Drampa|16/100\n|move|p2a: Drampa|Dragon Pulse|p1b: Basculegion\n|-damage|p1b: Basculegion|0 fnt\n|faint|p1b: Basculegion\n|move|p2b: Sinistcha|Matcha Gotcha|p1a: Meganium\n|-activate|p1a: Meganium|move: Protect\n|\n|upkeep\n|turn|9\n|\n|t:|1776650443\n|move|p2a: Drampa|Hyper Voice|p1a: Meganium\n|-damage|p1a: Meganium|0 fnt\n|faint|p1a: Meganium\n|\n|win|dr. shio\n|raw|aranvali's rating: 1076 &rarr; <strong>1052</strong><br />(-24 for losing)\n|raw|dr. shio's rating: 1029 &rarr; <strong>1069</strong><br />(+40 for winning)\n|l|\u2606aranvali\n|player|p1|\n|c|\u2606dr. shio|gg\n",
  "uploadtime": 1776650452,
  "views": 8,
  "formatid": "gen9championsvgc2026regma",
  "rating": 1052,
  "private": 0,
  "password": null
}