{
  "id": "gen9championsvgc2026regma-2582885272",
  "format": "[Gen 9 Champions] VGC 2026 Reg M-A",
  "players": [
    "jackoek11",
    "Fairy Juice Jay"
  ],
  "log": "|j|\u2606jackoek11\n|j|\u2606Fairy Juice Jay\n|t:|1776121988\n|gametype|doubles\n|player|p1|jackoek11|170|1499\n|player|p2|Fairy Juice Jay|burgh-masters|1386\n|gen|9\n|tier|[Gen 9 Champions] VGC 2026 Reg M-A\n|rated|\n|rule|Species Clause: Limit one of each Pok\u00e9mon\n|rule|Item Clause: Limit 1 of each item\n|clearpoke\n|poke|p1|Floette-Eternal, L50, F|\n|poke|p1|Kingambit, L50, M|\n|poke|p1|Garchomp, L50, F|\n|poke|p1|Incineroar, L50, F|\n|poke|p1|Sinistcha, L50|\n|poke|p1|Aerodactyl, L50, M|\n|poke|p2|Tyranitar, L50, F|\n|poke|p2|Excadrill, L50, F|\n|poke|p2|Rotom-Heat, L50|\n|poke|p2|Milotic, L50, F|\n|poke|p2|Corviknight, L50, M|\n|poke|p2|Sneasler, L50, M|\n|teampreview|4\n|inactive|Battle timer is ON: inactive players will automatically lose when time's up. (requested by Fairy Juice Jay)\n|\n|t:|1776122018\n|teamsize|p1|4\n|teamsize|p2|4\n|start\n|switch|p1a: Garchomp|Garchomp, L50, F, shiny|100/100\n|switch|p1b: Kingambit|Kingambit, L50, M, shiny|100/100\n|switch|p2a: Milotic|Milotic, L50, F|100/100\n|switch|p2b: Sneasler|Sneasler, L50, M|100/100\n|turn|1\n|\n|t:|1776122031\n|move|p2b: Sneasler|Protect|p2b: Sneasler\n|-singleturn|p2b: Sneasler|Protect\n|move|p1b: Kingambit|Protect|p1b: Kingambit\n|-singleturn|p1b: Kingambit|Protect\n|move|p1a: Garchomp|Earthquake|p2a: Milotic|[spread] p2a\n|-activate|p1b: Kingambit|move: Protect\n|-activate|p2b: Sneasler|move: Protect\n|-damage|p2a: Milotic|63/100\n|move|p2a: Milotic|Scald|p1a: Garchomp\n|-damage|p1a: Garchomp|68/100\n|\n|-heal|p2a: Milotic|69/100|[from] item: Leftovers\n|upkeep\n|turn|2\n|\n|t:|1776122050\n|move|p2b: Sneasler|Close Combat|p1b: Kingambit\n|-supereffective|p1b: Kingambit|2\n|-damage|p1b: Kingambit|0 fnt\n|-unboost|p2b: Sneasler|def|1\n|-unboost|p2b: Sneasler|spd|1\n|faint|p1b: Kingambit\n|-enditem|p2b: Sneasler|White Herb\n|-clearnegativeboost|p2b: Sneasler|[silent]\n|move|p1a: Garchomp|Stomping Tantrum|p2b: Sneasler\n|-supereffective|p2b: Sneasler|1\n|-damage|p2b: Sneasler|0 fnt\n|faint|p2b: Sneasler\n|move|p2a: Milotic|Icy Wind|p1a: Garchomp\n|-supereffective|p1a: Garchomp|2\n|-damage|p1a: Garchomp|12/100\n|-unboost|p1a: Garchomp|spe|1\n|\n|-heal|p2a: Milotic|75/100|[from] item: Leftovers\n|upkeep\n|\n|t:|1776122070\n|switch|p2b: Biggie Sm\u00f6ls|Tyranitar, L50, F|100/100\n|switch|p1b: Floette|Floette-Eternal, L50, F|100/100\n|-weather|Sandstorm|[from] ability: Sand Stream|[of] p2b: Biggie Sm\u00f6ls\n|turn|3\n|\n|t:|1776122082\n|detailschange|p1b: Floette|Floette-Mega, L50, F\n|-mega|p1b: Floette|Floette|Floettite\n|-ability|p1b: Floette|Fairy Aura\n|move|p1a: Garchomp|Protect|p1a: Garchomp\n|-singleturn|p1a: Garchomp|Protect\n|move|p1b: Floette|Calm Mind|p1b: Floette\n|-boost|p1b: Floette|spa|1\n|-boost|p1b: Floette|spd|1\n|move|p2b: Biggie Sm\u00f6ls|Rock Slide|p1b: Floette|[spread] \n|-activate|p1a: Garchomp|move: Protect\n|-miss|p2b: Biggie Sm\u00f6ls|p1b: Floette\n|move|p2a: Milotic|Icy Wind|p1a: Garchomp|[spread] p1b\n|-activate|p1a: Garchomp|move: Protect\n|-damage|p1b: Floette|96/100\n|-unboost|p1b: Floette|spe|1\n|\n|-weather|Sandstorm|[upkeep]\n|-damage|p2a: Milotic|69/100|[from] Sandstorm\n|-damage|p1b: Floette|89/100|[from] Sandstorm\n|-heal|p2a: Milotic|75/100|[from] item: Leftovers\n|upkeep\n|turn|4\n|\n|t:|1776122096\n|move|p2b: Biggie Sm\u00f6ls|Rock Slide|p1b: Floette|[spread] p1a,p1b\n|-resisted|p1a: Garchomp|1\n|-crit|p1a: Garchomp\n|-damage|p1a: Garchomp|0 fnt\n|-damage|p1b: Floette|64/100\n|faint|p1a: Garchomp\n|move|p2a: Milotic|Icy Wind|p1b: Floette\n|-damage|p1b: Floette|58/100\n|-unboost|p1b: Floette|spe|1\n|move|p1b: Floette|Draining Kiss|p2a: Milotic\n|-crit|p2a: Milotic\n|-damage|p2a: Milotic|9/100\n|-heal|p1b: Floette|100/100|[from] drain|[of] p2a: Milotic\n|\n|-weather|Sandstorm|[upkeep]\n|-damage|p2a: Milotic|3/100|[from] Sandstorm\n|-damage|p1b: Floette|94/100|[from] Sandstorm\n|-heal|p2a: Milotic|9/100|[from] item: Leftovers\n|upkeep\n|\n|t:|1776122105\n|switch|p1a: Incineroar|Incineroar, L50, F|100/100\n|-ability|p1a: Incineroar|Intimidate|boost\n|-unboost|p2a: Milotic|atk|1\n|-ability|p2a: Milotic|Competitive|boost\n|-boost|p2a: Milotic|spa|2\n|-unboost|p2b: Biggie Sm\u00f6ls|atk|1\n|turn|5\n|\n|t:|1776122111\n|move|p2b: Biggie Sm\u00f6ls|Protect|p2b: Biggie Sm\u00f6ls\n|-singleturn|p2b: Biggie Sm\u00f6ls|Protect\n|move|p2a: Milotic|Protect|p2a: Milotic\n|-singleturn|p2a: Milotic|Protect\n|move|p1a: Incineroar|Fake Out|p2a: Milotic\n|-activate|p2a: Milotic|move: Protect\n|move|p1b: Floette|Calm Mind|p1b: Floette\n|-boost|p1b: Floette|spa|1\n|-boost|p1b: Floette|spd|1\n|\n|-weather|Sandstorm|[upkeep]\n|-damage|p2a: Milotic|3/100|[from] Sandstorm\n|-damage|p1a: Incineroar|95/100|[from] Sandstorm\n|-damage|p1b: Floette|88/100|[from] Sandstorm\n|-heal|p2a: Milotic|9/100|[from] item: Leftovers\n|upkeep\n|turn|6\n|\n|t:|1776122119\n|move|p2b: Biggie Sm\u00f6ls|Rock Slide|p1b: Floette|[spread] p1a,p1b\n|-supereffective|p1a: Incineroar|1\n|-damage|p1a: Incineroar|64/100\n|-damage|p1b: Floette|70/100\n|move|p2a: Milotic|Scald|p1a: Incineroar\n|-supereffective|p1a: Incineroar|1\n|-damage|p1a: Incineroar|0 fnt\n|faint|p1a: Incineroar\n|move|p1b: Floette|Dazzling Gleam|p2a: Milotic|[spread] p2a,p2b\n|-supereffective|p2b: Biggie Sm\u00f6ls|1\n|-damage|p2a: Milotic|0 fnt\n|-damage|p2b: Biggie Sm\u00f6ls|0 fnt\n|faint|p2a: Milotic\n|faint|p2b: Biggie Sm\u00f6ls\n|\n|-weather|Sandstorm|[upkeep]\n|-damage|p1b: Floette|64/100|[from] Sandstorm\n|upkeep\n|\n|t:|1776122130\n|switch|p2b: Demeter|Excadrill, L50, F|100/100\n|turn|7\n|\n|t:|1776122133\n|move|p1b: Floette|Protect|p1b: Floette\n|-singleturn|p1b: Floette|Protect\n|move|p2b: Demeter|Iron Head|p1b: Floette\n|-activate|p1b: Floette|move: Protect\n|\n|-weather|none\n|upkeep\n|turn|8\n|\n|t:|1776122139\n|move|p2b: Demeter|Iron Head|p1b: Floette\n|-supereffective|p1b: Floette|1\n|-damage|p1b: Floette|0 fnt\n|faint|p1b: Floette\n|\n|win|Fairy Juice Jay\n|raw|jackoek11's rating: 1499 &rarr; <strong>1473</strong><br />(-26 for losing)\n|raw|Fairy Juice Jay's rating: 1386 &rarr; <strong>1412</strong><br />(+26 for winning)\n|l|\u2606jackoek11\n|player|p1|\n|l|\u2606Fairy Juice Jay\n|player|p2|\n",
  "uploadtime": 1776122164,
  "views": 47,
  "formatid": "gen9championsvgc2026regma",
  "rating": 1412,
  "private": 0,
  "password": null
}