{
  "id": "gen9championsvgc2026regma-2586714788",
  "format": "[Gen 9 Champions] VGC 2026 Reg M-A",
  "players": [
    "Sceptilicious",
    "hasulearnsvgc"
  ],
  "log": "|j|\u2606Sceptilicious\n|j|\u2606hasulearnsvgc\n|t:|1776454283\n|gametype|doubles\n|player|p1|Sceptilicious|266|1251\n|player|p2|hasulearnsvgc|266|1285\n|gen|9\n|tier|[Gen 9 Champions] VGC 2026 Reg M-A\n|rated|\n|rule|Species Clause: Limit one of each Pok\u00e9mon\n|rule|Item Clause: Limit 1 of each item\n|clearpoke\n|poke|p1|Sinistcha, L50|\n|poke|p1|Incineroar, L50, F|\n|poke|p1|Gyarados, L50, F|\n|poke|p1|Kommo-o, L50, M|\n|poke|p1|Gengar, L50, F|\n|poke|p1|Tinkaton, L50, F|\n|poke|p2|Aegislash, L50, M|\n|poke|p2|Scovillain, L50, M|\n|poke|p2|Primarina, L50, F|\n|poke|p2|Mamoswine, L50, F|\n|poke|p2|Aerodactyl, L50, M|\n|poke|p2|Sneasler, L50, M|\n|teampreview|4\n|inactive|Battle timer is ON: inactive players will automatically lose when time's up. (requested by hasulearnsvgc)\n|\n|t:|1776454330\n|teamsize|p1|4\n|teamsize|p2|4\n|start\n|switch|p1a: Incineroar|Incineroar, L50, F|100/100\n|switch|p1b: Kommo-o|Kommo-o, L50, M|100/100\n|switch|p2a: Scovillain|Scovillain, L50, M|100/100\n|switch|p2b: Primarina|Primarina, L50, F, shiny|100/100\n|-ability|p1a: Incineroar|Intimidate|boost\n|-unboost|p2a: Scovillain|atk|1\n|-unboost|p2b: Primarina|atk|1\n|turn|1\n|inactive|hasulearnsvgc has 30 seconds left.\n|\n|t:|1776454362\n|detailschange|p2a: Scovillain|Scovillain-Mega, L50, M\n|-mega|p2a: Scovillain|Scovillain|Scovillainite\n|move|p1a: Incineroar|Fake Out|p2b: Primarina\n|-damage|p2b: Primarina|86/100\n|move|p1b: Kommo-o|Clangorous Soul|p1b: Kommo-o\n|-boost|p1b: Kommo-o|atk|1\n|-boost|p1b: Kommo-o|def|1\n|-boost|p1b: Kommo-o|spa|1\n|-boost|p1b: Kommo-o|spd|1\n|-boost|p1b: Kommo-o|spe|1\n|-damage|p1b: Kommo-o|68/100\n|move|p2a: Scovillain|Leech Seed|p1b: Kommo-o\n|-start|p1b: Kommo-o|move: Leech Seed\n|cant|p2b: Primarina|flinch\n|\n|-heal|p1b: Kommo-o|74/100|[from] item: Leftovers\n|-heal|p2b: Primarina|93/100|[from] item: Leftovers\n|-damage|p1b: Kommo-o|62/100|[from] Leech Seed|[of] p2a: Scovillain\n|upkeep\n|turn|2\n|\n|t:|1776454389\n|move|p2a: Scovillain|Rage Powder|p2a: Scovillain\n|-singleturn|p2a: Scovillain|move: Rage Powder\n|move|p1b: Kommo-o|Clanging Scales|p2b: Primarina|[spread] p2a\n|-immune|p2b: Primarina\n|-damage|p2a: Scovillain|52/100\n|-status|p1b: Kommo-o|brn|[from] ability: Spicy Spray|[of] p2a: Scovillain\n|-unboost|p1b: Kommo-o|def|1\n|move|p2b: Primarina|Calm Mind|p2b: Primarina\n|-boost|p2b: Primarina|spa|1\n|-boost|p2b: Primarina|spd|1\n|move|p1a: Incineroar|Throat Chop|p2a: Scovillain\n|-damage|p2a: Scovillain|23/100\n|-start|p2a: Scovillain|Throat Chop|[silent]\n|-immune|p1a: Incineroar\n|\n|-heal|p1b: Kommo-o|68/100 brn|[from] item: Leftovers\n|-heal|p2b: Primarina|99/100|[from] item: Leftovers\n|-damage|p1b: Kommo-o|56/100 brn|[from] Leech Seed|[of] p2a: Scovillain\n|-heal|p2a: Scovillain|34/100|[silent]\n|-damage|p1b: Kommo-o|50/100 brn|[from] brn\n|upkeep\n|turn|3\n|\n|t:|1776454413\n|move|p2a: Scovillain|Protect|p2a: Scovillain\n|-singleturn|p2a: Scovillain|Protect\n|move|p1b: Kommo-o|Aura Sphere|p2b: Primarina\n|-resisted|p2b: Primarina|1\n|-damage|p2b: Primarina|86/100\n|move|p2b: Primarina|Hyper Voice|p1b: Kommo-o|[spread] p1a\n|-immune|p1b: Kommo-o|[from] ability: Soundproof\n|-supereffective|p1a: Incineroar|1\n|-damage|p1a: Incineroar|0 fnt\n|faint|p1a: Incineroar\n|\n|-heal|p1b: Kommo-o|56/100 brn|[from] item: Leftovers\n|-heal|p2b: Primarina|93/100|[from] item: Leftovers\n|-damage|p1b: Kommo-o|44/100 brn|[from] Leech Seed|[of] p2a: Scovillain\n|-heal|p2a: Scovillain|44/100|[silent]\n|-damage|p1b: Kommo-o|38/100 brn|[from] brn\n|-end|p2a: Scovillain|Throat Chop|[silent]\n|upkeep\n|\n|t:|1776454435\n|switch|p1a: Sinistcha|Sinistcha, L50|100/100\n|-heal|p1b: Kommo-o|62/100 brn|[from] ability: Hospitality|[of] p1a: Sinistcha\n|turn|4\n|\n|t:|1776454444\n|move|p1b: Kommo-o|Clanging Scales|p2a: Scovillain|[spread] p2a\n|-immune|p2b: Primarina\n|-damage|p2a: Scovillain|0 fnt\n|faint|p2a: Scovillain\n|-unboost|p1b: Kommo-o|def|1\n|move|p2b: Primarina|Moonblast|p1b: Kommo-o\n|-supereffective|p1b: Kommo-o|2\n|-damage|p1b: Kommo-o|0 fnt\n|faint|p1b: Kommo-o\n|move|p1a: Sinistcha|Matcha Gotcha|p2b: Primarina\n|-supereffective|p2b: Primarina|1\n|-damage|p2b: Primarina|44/100\n|-status|p2b: Primarina|brn\n|\n|-heal|p2b: Primarina|50/100 brn|[from] item: Leftovers\n|-damage|p2b: Primarina|44/100 brn|[from] brn\n|upkeep\n|\n|t:|1776454466\n|switch|p1b: Gyarados|Gyarados, L50, F|100/100\n|switch|p2a: Aerodactyl|Aerodactyl, L50, M|100/100\n|-ability|p2a: Aerodactyl|Unnerve\n|-ability|p1b: Gyarados|Intimidate|boost\n|-unboost|p2a: Aerodactyl|atk|1\n|-unboost|p2b: Primarina|atk|1\n|turn|5\n|\n|t:|1776454485\n|detailschange|p1b: Gyarados|Gyarados-Mega, L50, F\n|-mega|p1b: Gyarados|Gyarados|Gyaradosite\n|-ability|p1b: Gyarados|Mold Breaker\n|move|p2a: Aerodactyl|Dual Wingbeat|p1a: Sinistcha|[miss]\n|-miss|p2a: Aerodactyl|p1a: Sinistcha\n|move|p1b: Gyarados|Waterfall|p2a: Aerodactyl\n|-supereffective|p2a: Aerodactyl|1\n|-enditem|p2a: Aerodactyl|Focus Sash\n|-damage|p2a: Aerodactyl|1/100\n|move|p2b: Primarina|Moonblast|p1b: Gyarados\n|-supereffective|p1b: Gyarados|1\n|-damage|p1b: Gyarados|0 fnt\n|faint|p1b: Gyarados\n|move|p1a: Sinistcha|Matcha Gotcha|p2a: Aerodactyl|[spread] p2a,p2b\n|-supereffective|p2b: Primarina|1\n|-damage|p2a: Aerodactyl|0 fnt\n|-damage|p2b: Primarina|6/100 brn\n|faint|p2a: Aerodactyl\n|\n|-heal|p2b: Primarina|12/100 brn|[from] item: Leftovers\n|-damage|p2b: Primarina|6/100 brn|[from] brn\n|upkeep\n|\n|t:|1776454498\n|switch|p2a: Mamoswine|Mamoswine, L50, F|100/100\n|turn|6\n|\n|t:|1776454508\n|move|p2a: Mamoswine|Icicle Crash|p1a: Sinistcha|[miss]\n|-miss|p2a: Mamoswine|p1a: Sinistcha\n|move|p2b: Primarina|Moonblast|p1a: Sinistcha\n|-damage|p1a: Sinistcha|19/100\n|move|p1a: Sinistcha|Matcha Gotcha|p2b: Primarina|[spread] p2a,p2b\n|-supereffective|p2a: Mamoswine|1\n|-supereffective|p2b: Primarina|1\n|-damage|p2a: Mamoswine|13/100\n|-heal|p1a: Sinistcha|74/100|[from] drain|[of] p2a: Mamoswine\n|-damage|p2b: Primarina|0 fnt\n|-heal|p1a: Sinistcha|78/100|[from] drain|[of] p2b: Primarina\n|-status|p2a: Mamoswine|brn\n|faint|p2b: Primarina\n|\n|-damage|p2a: Mamoswine|7/100 brn|[from] brn\n|upkeep\n|turn|7\n|\n|t:|1776454532\n|move|p2a: Mamoswine|Icicle Crash|p1a: Sinistcha\n|-supereffective|p1a: Sinistcha|1\n|-damage|p1a: Sinistcha|32/100\n|cant|p1a: Sinistcha|flinch\n|\n|-damage|p2a: Mamoswine|1/100 brn|[from] brn\n|upkeep\n|turn|8\n|c|\u2606Sceptilicious|gg wp\n|\n|t:|1776454550\n|move|p2a: Mamoswine|Icicle Crash|p1a: Sinistcha\n|-supereffective|p1a: Sinistcha|1\n|-damage|p1a: Sinistcha|0 fnt\n|faint|p1a: Sinistcha\n|\n|win|hasulearnsvgc\n|raw|Sceptilicious's rating: 1251 &rarr; <strong>1228</strong><br />(-23 for losing)\n|raw|hasulearnsvgc's rating: 1285 &rarr; <strong>1308</strong><br />(+23 for winning)\n",
  "uploadtime": 1776454555,
  "views": 46,
  "formatid": "gen9championsvgc2026regma",
  "rating": 1228,
  "private": 0,
  "password": null
}