{
  "id": "gen9championsvgc2026regma-2587870727",
  "format": "[Gen 9 Champions] VGC 2026 Reg M-A",
  "players": [
    "Momintzy",
    "koxicity"
  ],
  "log": "|j|\u2606Momintzy\n|j|\u2606koxicity\n|t:|1776572823\n|gametype|doubles\n|player|p1|Momintzy|bellelba|1140\n|player|p2|koxicity|266|1146\n|gen|9\n|tier|[Gen 9 Champions] VGC 2026 Reg M-A\n|rated|\n|rule|Species Clause: Limit one of each Pok\u00e9mon\n|rule|Item Clause: Limit 1 of each item\n|clearpoke\n|poke|p1|Noivern, L50, F|\n|poke|p1|Zoroark-Hisui, L50, F|\n|poke|p1|Snorlax, L50, M|\n|poke|p1|Altaria, L50, M|\n|poke|p1|Lucario, L50, M|\n|poke|p1|Torterra, L50, F|\n|poke|p2|Crabominable, L50, F|\n|poke|p2|Sneasler, L50, F|\n|poke|p2|Oranguru, L50, F|\n|poke|p2|Ninetales-Alola, L50, F|\n|poke|p2|Maushold, L50|\n|poke|p2|Aggron, L50, F|\n|teampreview|4\n|\n|t:|1776572866\n|teamsize|p1|4\n|teamsize|p2|4\n|start\n|switch|p1a: Noivern|Noivern, L50, F|100/100\n|switch|p1b: Snorlax|Snorlax, L50, M|100/100\n|switch|p2a: Oranguru|Oranguru, L50, F|100/100\n|switch|p2b: Ninetales|Ninetales-Alola, L50, F|100/100\n|-item|p2a: Oranguru|Mental Herb|[from] ability: Frisk|[of] p1a: Noivern\n|-item|p2b: Ninetales|Occa Berry|[from] ability: Frisk|[of] p1a: Noivern\n|-weather|Snowscape|[from] ability: Snow Warning|[of] p2b: Ninetales\n|turn|1\n|\n|t:|1776572895\n|move|p1a: Noivern|Boomburst|p2a: Oranguru|[spread] p2a,p2b\n|-immune|p1b: Snorlax\n|-damage|p2a: Oranguru|79/100\n|-damage|p2b: Ninetales|66/100\n|move|p1b: Snorlax|Taunt|p2b: Ninetales\n|-start|p2b: Ninetales|move: Taunt\n|move|p2b: Ninetales|Blizzard|p1b: Snorlax|[spread] p1a,p1b\n|-supereffective|p1a: Noivern|2\n|-enditem|p1a: Noivern|Focus Sash\n|-damage|p1a: Noivern|1/100\n|-damage|p1b: Snorlax|39/100\n|-status|p1a: Noivern|frz\n|replace|p1b: Zoroark|Zoroark-Hisui, L50, F\n|-end|p1b: Zoroark|Illusion\n|move|p2a: Oranguru|Trick Room|p2a: Oranguru\n|-fieldstart|move: Trick Room|[of] p2a: Oranguru\n|\n|-weather|Snowscape|[upkeep]\n|upkeep\n|turn|2\n|\n|t:|1776572926\n|switch|p1b: Lucario|Lucario, L50, M|100/100\n|switch|p1a: Snorlax|Snorlax, L50, M|100/100\n|move|p2a: Oranguru|Instruct|p2b: Ninetales\n|-singleturn|p2b: Ninetales|move: Instruct|[of] p2a: Oranguru\n|move|p2b: Ninetales|Blizzard|p1a: Snorlax|[spread] p1a,p1b\n|-resisted|p1b: Lucario|1\n|-damage|p1a: Snorlax|91/100\n|-damage|p1b: Lucario|74/100\n|move|p2b: Ninetales|Blizzard|p1b: Lucario|[spread] p1a,p1b\n|-resisted|p1b: Lucario|1\n|-damage|p1a: Snorlax|82/100\n|-damage|p1b: Lucario|47/100\n|-status|p1b: Lucario|frz\n|\n|-weather|Snowscape|[upkeep]\n|-heal|p1a: Snorlax|88/100|[from] item: Leftovers\n|upkeep\n|turn|3\n|\n|t:|1776572957\n|cant|p1b: Lucario|frz\n|move|p1a: Snorlax|Gunk Shot|p2b: Ninetales|[miss]\n|-miss|p1a: Snorlax|p2b: Ninetales\n|move|p2a: Oranguru|Reflect|p2a: Oranguru\n|-sidestart|p2: koxicity|Reflect\n|move|p2b: Ninetales|Blizzard|p1b: Lucario|[spread] p1a,p1b\n|-resisted|p1b: Lucario|1\n|-damage|p1a: Snorlax|79/100\n|-damage|p1b: Lucario|20/100 frz\n|\n|-weather|Snowscape|[upkeep]\n|-heal|p1a: Snorlax|85/100|[from] item: Leftovers\n|-end|p2b: Ninetales|move: Taunt\n|upkeep\n|turn|4\n|\n|t:|1776572983\n|move|p1a: Snorlax|Gunk Shot|p2b: Ninetales\n|-supereffective|p2b: Ninetales|1\n|-damage|p2b: Ninetales|7/100\n|move|p2a: Oranguru|Instruct|p2b: Ninetales\n|-singleturn|p2b: Ninetales|move: Instruct|[of] p2a: Oranguru\n|move|p2b: Ninetales|Blizzard|p1b: Lucario|[spread] p1a,p1b\n|-resisted|p1b: Lucario|1\n|-damage|p1a: Snorlax|75/100\n|-damage|p1b: Lucario|0 fnt\n|faint|p1b: Lucario\n|move|p2b: Ninetales|Aurora Veil|p2b: Ninetales\n|-sidestart|p2: koxicity|move: Aurora Veil\n|\n|-weather|Snowscape|[upkeep]\n|-heal|p1a: Snorlax|81/100|[from] item: Leftovers\n|upkeep\n|\n|t:|1776573007\n|switch|p1b: Noivern|Noivern, L50, F|39/100\n|turn|5\n|\n|t:|1776573026\n|switch|p2b: Maushold|Maushold, L50|100/100\n|move|p1a: Snorlax|Earthquake|p2b: Maushold|[spread] p1b,p2a,p2b\n|-damage|p1b: Noivern|0 fnt\n|-damage|p2a: Oranguru|69/100\n|-damage|p2b: Maushold|72/100\n|replace|p1b: Zoroark|Zoroark-Hisui, L50, F\n|-end|p1b: Zoroark|Illusion\n|faint|p1b: Zoroark\n|move|p2a: Oranguru|Light Screen|p2a: Oranguru\n|-sidestart|p2: koxicity|move: Light Screen\n|\n|-weather|none\n|-heal|p1a: Snorlax|87/100|[from] item: Leftovers\n|-fieldend|move: Trick Room\n|upkeep\n|\n|t:|1776573039\n|switch|p1b: Noivern|Noivern, L50, F|1/100 frz\n|-item|p2a: Oranguru|Mental Herb|[from] ability: Frisk|[of] p1b: Noivern\n|-item|p2b: Maushold|King's Rock|[from] ability: Frisk|[of] p1b: Noivern\n|turn|6\n|\n|t:|1776573055\n|cant|p1b: Noivern|frz\n|move|p2b: Maushold|Population Bomb|p1a: Snorlax\n|-damage|p1a: Snorlax|80/100\n|-damage|p1a: Snorlax|73/100\n|-damage|p1a: Snorlax|66/100\n|-damage|p1a: Snorlax|58/100\n|-damage|p1a: Snorlax|51/100\n|-damage|p1a: Snorlax|44/100\n|-damage|p1a: Snorlax|36/100\n|-hitcount|p1a: Snorlax|7\n|cant|p1a: Snorlax|flinch\n|move|p2a: Oranguru|Trick Room|p2a: Oranguru\n|-fieldstart|move: Trick Room|[of] p2a: Oranguru\n|\n|-heal|p1a: Snorlax|42/100|[from] item: Leftovers\n|upkeep\n|turn|7\n|\n|t:|1776573076\n|move|p1a: Snorlax|Earthquake|p2b: Maushold|[spread] p2a,p2b\n|-immune|p1b: Noivern\n|-damage|p2a: Oranguru|57/100\n|-damage|p2b: Maushold|42/100\n|move|p2a: Oranguru|Instruct|p2b: Maushold\n|-singleturn|p2b: Maushold|move: Instruct|[of] p2a: Oranguru\n|move|p2b: Maushold|Population Bomb|p1a: Snorlax\n|-damage|p1a: Snorlax|34/100\n|-damage|p1a: Snorlax|27/100\n|-damage|p1a: Snorlax|20/100\n|-damage|p1a: Snorlax|12/100\n|-damage|p1a: Snorlax|5/100\n|-damage|p1a: Snorlax|0 fnt\n|faint|p1a: Snorlax\n|-hitcount|p1: Snorlax|6\n|move|p2b: Maushold|Population Bomb|p1b: Noivern\n|-damage|p1b: Noivern|0 fnt\n|faint|p1b: Noivern\n|-hitcount|p1: Noivern|1\n|\n|win|koxicity\n|raw|Momintzy's rating: 1140 &rarr; <strong>1115</strong><br />(-25 for losing)\n|raw|koxicity's rating: 1146 &rarr; <strong>1171</strong><br />(+25 for winning)\n|l|\u2606Momintzy\n|player|p1|\n",
  "uploadtime": 1776573107,
  "views": 15,
  "formatid": "gen9championsvgc2026regma",
  "rating": 1115,
  "private": 0,
  "password": null
}