{
  "id": "gen9championsvgc2026regma-2582912928",
  "format": "[Gen 9 Champions] VGC 2026 Reg M-A",
  "players": [
    "Juya",
    "gorbyjorby"
  ],
  "log": "|j|\u2606Juya\n|j|\u2606gorbyjorby\n|t:|1776124418\n|gametype|doubles\n|player|p1|Juya|266|1139\n|player|p2|gorbyjorby|101|1057\n|gen|9\n|tier|[Gen 9 Champions] VGC 2026 Reg M-A\n|rated|\n|rule|Species Clause: Limit one of each Pok\u00e9mon\n|rule|Item Clause: Limit 1 of each item\n|clearpoke\n|poke|p1|Gengar, L50, M|\n|poke|p1|Azumarill, L50, F|\n|poke|p1|Tsareena, L50, F|\n|poke|p1|Corviknight, L50, M|\n|poke|p1|Garchomp, L50, M|\n|poke|p1|Incineroar, L50, M|\n|poke|p2|Aggron, L50, F|\n|poke|p2|Farigiraf, L50, F|\n|poke|p2|Pelipper, L50, M|\n|poke|p2|Camerupt, L50, M|\n|poke|p2|Araquanid, L50, M|\n|poke|p2|Starmie, L50|\n|teampreview|4\n|inactive|Battle timer is ON: inactive players will automatically lose when time's up. (requested by Juya)\n|inactive|Juya has 60 seconds left.\n|\n|t:|1776124455\n|teamsize|p1|4\n|teamsize|p2|4\n|start\n|switch|p1a: Corviknight|Corviknight, L50, M|100/100\n|switch|p1b: Garchomp|Garchomp, L50, M|100/100\n|switch|p2a: Camerupt|Camerupt, L50, M|100/100\n|switch|p2b: Farigiraf|Farigiraf, L50, F|100/100\n|turn|1\n|\n|t:|1776124474\n|detailschange|p2a: Camerupt|Camerupt-Mega, L50, M\n|-mega|p2a: Camerupt|Camerupt|Cameruptite\n|move|p1b: Garchomp|Earthquake|p2b: Farigiraf|[spread] p2a,p2b\n|-immune|p1a: Corviknight\n|-supereffective|p2a: Camerupt|1\n|-damage|p2a: Camerupt|19/100\n|-damage|p2b: Farigiraf|63/100\n|move|p1a: Corviknight|Iron Head|p2b: Farigiraf\n|-damage|p2b: Farigiraf|39/100\n|move|p2a: Camerupt|Heat Wave|p1a: Corviknight|[spread] p1a,p1b\n|-supereffective|p1a: Corviknight|1\n|-resisted|p1b: Garchomp|1\n|-damage|p1a: Corviknight|0 fnt\n|-damage|p1b: Garchomp|66/100\n|faint|p1a: Corviknight\n|move|p2b: Farigiraf|Trick Room|p2b: Farigiraf\n|-fieldstart|move: Trick Room|[of] p2b: Farigiraf\n|\n|upkeep\n|\n|t:|1776124487\n|switch|p1a: Azumarill|Azumarill, L50, F|100/100\n|turn|2\n|\n|t:|1776124502\n|move|p1a: Azumarill|Protect|p1a: Azumarill\n|-singleturn|p1a: Azumarill|Protect\n|move|p2a: Camerupt|Earth Power|p1a: Azumarill\n|-activate|p1a: Azumarill|move: Protect\n|move|p2b: Farigiraf|Hyper Voice|p1b: Garchomp|[spread] p1b\n|-activate|p1a: Azumarill|move: Protect\n|-damage|p1b: Garchomp|33/100\n|move|p1b: Garchomp|Earthquake|p2a: Camerupt|[spread] p2a,p2b\n|-activate|p1a: Azumarill|move: Protect\n|-supereffective|p2a: Camerupt|1\n|-damage|p2a: Camerupt|0 fnt\n|-damage|p2b: Farigiraf|0 fnt\n|faint|p2a: Camerupt\n|faint|p2b: Farigiraf\n|\n|upkeep\n|\n|t:|1776124506\n|switch|p2a: Pelipper|Pelipper, L50, M|100/100\n|switch|p2b: Starmie|Starmie, L50|100/100\n|-weather|RainDance|[from] ability: Drizzle|[of] p2a: Pelipper\n|turn|3\n|\n|t:|1776124521\n|move|p1b: Garchomp|Protect|p1b: Garchomp\n|-singleturn|p1b: Garchomp|Protect\n|move|p1a: Azumarill|Perish Song|p1a: Azumarill\n|-start|p1a: Azumarill|perish3|[silent]\n|-start|p1b: Garchomp|perish3|[silent]\n|-start|p2a: Pelipper|perish3|[silent]\n|-start|p2b: Starmie|perish3|[silent]\n|-fieldactivate|move: Perish Song\n|move|p2a: Pelipper|Weather Ball|p1b: Garchomp\n|-activate|p1b: Garchomp|move: Protect\n|move|p2b: Starmie|Zen Headbutt|p1a: Azumarill\n|-damage|p1a: Azumarill|69/100\n|\n|-weather|RainDance|[upkeep]\n|-start|p1a: Azumarill|perish3\n|-start|p2a: Pelipper|perish3\n|-start|p1b: Garchomp|perish3\n|-start|p2b: Starmie|perish3\n|upkeep\n|turn|4\n|\n|t:|1776124540\n|move|p1a: Azumarill|Protect|p1a: Azumarill\n|-singleturn|p1a: Azumarill|Protect\n|move|p2a: Pelipper|Weather Ball|p1b: Garchomp\n|-damage|p1b: Garchomp|0 fnt\n|faint|p1b: Garchomp\n|move|p2b: Starmie|Zen Headbutt|p1a: Azumarill\n|-activate|p1a: Azumarill|move: Protect\n|\n|-weather|RainDance|[upkeep]\n|-start|p1a: Azumarill|perish2\n|-start|p2a: Pelipper|perish2\n|-start|p2b: Starmie|perish2\n|upkeep\n|\n|t:|1776124552\n|switch|p1b: Gengar|Gengar, L50, M|100/100\n|turn|5\n|\n|t:|1776124560\n|detailschange|p1b: Gengar|Gengar-Mega, L50, M\n|-mega|p1b: Gengar|Gengar|Gengarite\n|move|p1b: Gengar|Protect|p1b: Gengar\n|-singleturn|p1b: Gengar|Protect\n|move|p1a: Azumarill|Play Rough|p2a: Pelipper\n|-damage|p2a: Pelipper|27/100\n|move|p2a: Pelipper|Hurricane|p1a: Azumarill\n|-damage|p1a: Azumarill|24/100\n|move|p2b: Starmie|Zen Headbutt|p1b: Gengar\n|-activate|p1b: Gengar|move: Protect\n|\n|-weather|RainDance|[upkeep]\n|-start|p1a: Azumarill|perish1\n|-start|p2a: Pelipper|perish1\n|-start|p2b: Starmie|perish1\n|-fieldend|move: Trick Room\n|upkeep\n|turn|6\n|\n|t:|1776124579\n|move|p1a: Azumarill|Protect|p1a: Azumarill\n|-singleturn|p1a: Azumarill|Protect\n|move|p2b: Starmie|Zen Headbutt|p1b: Gengar\n|-supereffective|p1b: Gengar|1\n|-damage|p1b: Gengar|10/100\n|move|p1b: Gengar|Shadow Ball|p2b: Starmie\n|-supereffective|p2b: Starmie|1\n|-damage|p2b: Starmie|0 fnt\n|faint|p2b: Starmie\n|move|p2a: Pelipper|Hurricane|p1b: Gengar\n|-damage|p1b: Gengar|0 fnt\n|faint|p1b: Gengar\n|\n|-weather|RainDance|[upkeep]\n|-start|p2a: Pelipper|perish0\n|-start|p1a: Azumarill|perish0\n|faint|p2a: Pelipper\n|faint|p1a: Azumarill\n|\n|win|Juya\n|raw|Juya's rating: 1139 &rarr; <strong>1158</strong><br />(+19 for winning)\n|raw|gorbyjorby's rating: 1057 &rarr; <strong>1043</strong><br />(-14 for losing)\n",
  "uploadtime": 1776124596,
  "views": 9,
  "formatid": "gen9championsvgc2026regma",
  "rating": 1043,
  "private": 0,
  "password": null
}