{
  "id": "gen9championsvgc2026regma-2580750893",
  "format": "[Gen 9 Champions] VGC 2026 Reg M-A",
  "players": [
    "MimeYourBusiness",
    "Caradecol"
  ],
  "log": "|j|\u2606MimeYourBusiness\n|j|\u2606Caradecol\n|t:|1775929481\n|gametype|doubles\n|player|p1|MimeYourBusiness|irida-masters|1110\n|player|p2|Caradecol|will|1127\n|gen|9\n|tier|[Gen 9 Champions] VGC 2026 Reg M-A\n|rated|\n|rule|Species Clause: Limit one of each Pok\u00e9mon\n|rule|Item Clause: Limit 1 of each item\n|clearpoke\n|poke|p1|Venusaur, L50, F|\n|poke|p1|Tyranitar, L50, F|\n|poke|p1|Excadrill, L50, M|\n|poke|p1|Rotom-Wash, L50|\n|poke|p1|Sneasler, L50, M|\n|poke|p1|Corviknight, L50, F|\n|poke|p2|Hydreigon, L50, M|\n|poke|p2|Mimikyu, L50, M|\n|poke|p2|Snorlax, L50, M|\n|poke|p2|Crabominable, L50, F|\n|poke|p2|Kingambit, L50, F|\n|poke|p2|Farigiraf, L50, F|\n|teampreview|4\n|\n|t:|1775929531\n|teamsize|p1|4\n|teamsize|p2|4\n|start\n|switch|p1a: Corviknight|Corviknight, L50, F|100/100\n|switch|p1b: Tyranitar|Tyranitar, L50, F|100/100\n|switch|p2a: Crabominable|Crabominable, L50, F|100/100\n|switch|p2b: Farigiraf|Farigiraf, L50, F|100/100\n|-weather|Sandstorm|[from] ability: Sand Stream|[of] p1b: Tyranitar\n|turn|1\n|inactive|Battle timer is ON: inactive players will automatically lose when time's up. (requested by MimeYourBusiness)\n|inactive|MimeYourBusiness has 60 seconds left.\n|\n|t:|1775929562\n|move|p2a: Crabominable|Protect|p2a: Crabominable\n|-singleturn|p2a: Crabominable|Protect\n|move|p1b: Tyranitar|Knock Off|p2b: Farigiraf\n|-supereffective|p2b: Farigiraf|1\n|-damage|p2b: Farigiraf|0 fnt\n|-enditem|p2b: Farigiraf|Mental Herb|[from] move: Knock Off|[of] p1b: Tyranitar\n|faint|p2b: Farigiraf\n|move|p1a: Corviknight|Brave Bird|p2a: Crabominable\n|-activate|p2a: Crabominable|move: Protect\n|\n|-weather|Sandstorm|[upkeep]\n|-damage|p2a: Crabominable|95/100|[from] Sandstorm\n|upkeep\n|\n|t:|1775929574\n|switch|p2b: Hydreigon|Hydreigon, L50, M|100/100\n|turn|2\n|\n|t:|1775929586\n|detailschange|p2a: Crabominable|Crabominable-Mega, L50, F\n|-mega|p2a: Crabominable|Crabominable|Crabominite\n|move|p1b: Tyranitar|Protect|p1b: Tyranitar\n|-singleturn|p1b: Tyranitar|Protect\n|move|p2b: Hydreigon|Tailwind|p2b: Hydreigon\n|-sidestart|p2: Caradecol|move: Tailwind\n|move|p2a: Crabominable|Drain Punch|p1b: Tyranitar\n|-activate|p1b: Tyranitar|move: Protect\n|move|p1a: Corviknight|Tailwind|p1a: Corviknight\n|-sidestart|p1: MimeYourBusiness|move: Tailwind\n|\n|-weather|Sandstorm|[upkeep]\n|-damage|p2b: Hydreigon|95/100|[from] Sandstorm\n|-damage|p2a: Crabominable|89/100|[from] Sandstorm\n|upkeep\n|turn|3\n|\n|t:|1775929601\n|move|p2b: Hydreigon|Flamethrower|p1a: Corviknight\n|-supereffective|p1a: Corviknight|1\n|-crit|p1a: Corviknight\n|-damage|p1a: Corviknight|30/100\n|move|p1b: Tyranitar|Rock Slide|p2b: Hydreigon|[spread] p2b\n|-miss|p1b: Tyranitar|p2a: Crabominable\n|-damage|p2b: Hydreigon|60/100\n|move|p1a: Corviknight|Brave Bird|p2a: Crabominable\n|-supereffective|p2a: Crabominable|1\n|-damage|p2a: Crabominable|38/100\n|-damage|p1a: Corviknight|14/100|[from] Recoil\n|move|p2a: Crabominable|Drain Punch|p1b: Tyranitar\n|-supereffective|p1b: Tyranitar|2\n|-enditem|p1b: Tyranitar|Chople Berry|[eat]\n|-enditem|p1b: Tyranitar|Chople Berry|[weaken]\n|-damage|p1b: Tyranitar|0 fnt\n|-heal|p2a: Crabominable|85/100|[from] drain|[of] p1b: Tyranitar\n|faint|p1b: Tyranitar\n|\n|-weather|Sandstorm|[upkeep]\n|-damage|p2b: Hydreigon|54/100|[from] Sandstorm\n|-damage|p2a: Crabominable|79/100|[from] Sandstorm\n|-heal|p1a: Corviknight|20/100|[from] item: Leftovers\n|upkeep\n|\n|t:|1775929615\n|switch|p1b: Excadrill|Excadrill, L50, M|100/100\n|turn|4\n|\n|t:|1775929630\n|move|p2a: Crabominable|Protect|p2a: Crabominable\n|-singleturn|p2a: Crabominable|Protect\n|move|p1b: Excadrill|Iron Head|p2a: Crabominable\n|-activate|p2a: Crabominable|move: Protect\n|move|p2b: Hydreigon|Flamethrower|p1a: Corviknight\n|-supereffective|p1a: Corviknight|1\n|-damage|p1a: Corviknight|0 fnt\n|faint|p1a: Corviknight\n|\n|-weather|Sandstorm|[upkeep]\n|-damage|p2b: Hydreigon|48/100|[from] Sandstorm\n|-damage|p2a: Crabominable|74/100|[from] Sandstorm\n|upkeep\n|\n|t:|1775929638\n|switch|p1a: Venusaur|Venusaur, L50, F|100/100\n|turn|5\n|inactive|Caradecol has 30 seconds left.\n|\n|t:|1775929670\n|detailschange|p1a: Venusaur|Venusaur-Mega, L50, F\n|-mega|p1a: Venusaur|Venusaur|Venusaurite\n|move|p1b: Excadrill|Iron Head|p2a: Crabominable\n|-supereffective|p2a: Crabominable|1\n|-damage|p2a: Crabominable|0 fnt\n|faint|p2a: Crabominable\n|move|p2b: Hydreigon|Flamethrower|p1b: Excadrill\n|-supereffective|p1b: Excadrill|1\n|-damage|p1b: Excadrill|12/100\n|-status|p1b: Excadrill|brn\n|move|p1a: Venusaur|Sludge Bomb|p2b: Hydreigon\n|-damage|p2b: Hydreigon|0 fnt\n|faint|p2b: Hydreigon\n|\n|-weather|none\n|-damage|p1b: Excadrill|6/100 brn|[from] brn\n|-sideend|p1: MimeYourBusiness|move: Tailwind\n|-sideend|p2: Caradecol|move: Tailwind\n|upkeep\n|\n|t:|1775929681\n|switch|p2a: Kingambit|Kingambit, L50, F|100/100\n|-activate|p2a: Kingambit|ability: Supreme Overlord\n|-start|p2a: Kingambit|fallen3|[silent]\n|turn|6\n|\n|t:|1775929699\n|move|p1b: Excadrill|High Horsepower|p2a: Kingambit\n|-supereffective|p2a: Kingambit|1\n|-damage|p2a: Kingambit|64/100\n|move|p1a: Venusaur|Earth Power|p2a: Kingambit\n|-supereffective|p2a: Kingambit|1\n|-damage|p2a: Kingambit|0 fnt\n|faint|p2a: Kingambit\n|-end|p2a: Kingambit|fallen3|[silent]\n|\n|win|MimeYourBusiness\n|raw|MimeYourBusiness's rating: 1110 &rarr; <strong>1136</strong><br />(+26 for winning)\n|raw|Caradecol's rating: 1127 &rarr; <strong>1101</strong><br />(-26 for losing)\n",
  "uploadtime": 1775929708,
  "views": 13,
  "formatid": "gen9championsvgc2026regma",
  "rating": 1101,
  "private": 0,
  "password": null
}