{
  "id": "gen9championsvgc2026regma-2588910269",
  "format": "[Gen 9 Champions] VGC 2026 Reg M-A",
  "players": [
    "arisu_saka",
    "ee852"
  ],
  "log": "|j|\u2606arisu_saka\n|j|\u203dee852\n|t:|1776684980\n|gametype|doubles\n|player|p1|arisu_saka|170|1237\n|player|p2|ee852|mom-hoenn|1243\n|gen|9\n|tier|[Gen 9 Champions] VGC 2026 Reg M-A\n|rated|\n|rule|Species Clause: Limit one of each Pok\u00e9mon\n|rule|Item Clause: Limit 1 of each item\n|clearpoke\n|poke|p1|Froslass, L50, F, shiny|\n|poke|p1|Rotom-Frost, L50, shiny|\n|poke|p1|Sableye, L50, F, shiny|\n|poke|p1|Garchomp, L50, M, shiny|\n|poke|p1|Orthworm, L50, M, shiny|\n|poke|p1|Empoleon, L50, M, shiny|\n|poke|p2|Charizard, L50, F|\n|poke|p2|Incineroar, L50, F|\n|poke|p2|Whimsicott, L50, M|\n|poke|p2|Rotom-Wash, L50|\n|poke|p2|Sneasler, L50, M|\n|poke|p2|Garchomp, L50, F|\n|teampreview|4\n|inactive|Battle timer is ON: inactive players will automatically lose when time's up. (requested by ee852)\n|\n|t:|1776685031\n|teamsize|p1|4\n|teamsize|p2|4\n|start\n|switch|p1a: Froslass|Froslass, L50, F, shiny|100/100\n|switch|p1b: Empoleon|Empoleon, L50, M, shiny|100/100\n|switch|p2a: Charizard|Charizard, L50, F|100/100\n|switch|p2b: Incineroar|Incineroar, L50, F|100/100\n|-ability|p2b: Incineroar|Intimidate|boost\n|-unboost|p1a: Froslass|atk|1\n|-unboost|p1b: Empoleon|atk|1\n|-ability|p1b: Empoleon|Competitive|boost\n|-boost|p1b: Empoleon|spa|2\n|turn|1\n|\n|t:|1776685051\n|detailschange|p2a: Charizard|Charizard-Mega-Y, L50, F\n|-mega|p2a: Charizard|Charizard|Charizardite Y\n|-weather|SunnyDay|[from] ability: Drought|[of] p2a: Charizard\n|move|p1a: Froslass|Protect|p1a: Froslass\n|-singleturn|p1a: Froslass|Protect\n|move|p1b: Empoleon|Protect|p1b: Empoleon\n|-singleturn|p1b: Empoleon|Protect\n|move|p2a: Charizard|Heat Wave|p1b: Empoleon|[spread] \n|-activate|p1a: Froslass|move: Protect\n|-activate|p1b: Empoleon|move: Protect\n|move|p2b: Incineroar|Flare Blitz|p1b: Empoleon\n|-activate|p1b: Empoleon|move: Protect\n|\n|-weather|SunnyDay|[upkeep]\n|upkeep\n|turn|2\n|\n|t:|1776685074\n|detailschange|p1a: Froslass|Froslass-Mega, L50, F, shiny\n|-mega|p1a: Froslass|Froslass|Froslassite\n|-weather|Snowscape|[from] ability: Snow Warning|[of] p1a: Froslass\n|move|p2a: Charizard|Protect|p2a: Charizard\n|-singleturn|p2a: Charizard|Protect\n|move|p1a: Froslass|Aurora Veil|p1a: Froslass\n|-sidestart|p1: arisu_saka|move: Aurora Veil\n|move|p2b: Incineroar|Parting Shot|p1a: Froslass\n|-unboost|p1a: Froslass|atk|1\n|-unboost|p1a: Froslass|spa|1\n|\n|t:|1776685080\n|switch|p2b: Whimsicott|Whimsicott, L50, M|100/100|[from] Parting Shot\n|move|p1b: Empoleon|Hydro Pump|p2a: Charizard\n|-activate|p2a: Charizard|move: Protect\n|\n|-weather|Snowscape|[upkeep]\n|upkeep\n|turn|3\n|\n|t:|1776685100\n|switch|p2a: Garchomp|Garchomp, L50, F|100/100\n|move|p2b: Whimsicott|Encore|p1a: Froslass\n|-start|p1a: Froslass|Encore\n|move|p1a: Froslass|Aurora Veil||[still]\n|-fail|p1a: Froslass\n|move|p1b: Empoleon|Blizzard|p2b: Whimsicott|[spread] p2a,p2b\n|-supereffective|p2a: Garchomp|2\n|-crit|p2a: Garchomp\n|-supereffective|p2b: Whimsicott|1\n|-damage|p2a: Garchomp|0 fnt\n|-enditem|p2b: Whimsicott|Focus Sash\n|-damage|p2b: Whimsicott|1/100\n|faint|p2a: Garchomp\n|\n|-weather|Snowscape|[upkeep]\n|upkeep\n|\n|t:|1776685110\n|switch|p2a: Charizard|Charizard-Mega-Y, L50, F|100/100\n|-weather|SunnyDay|[from] ability: Drought|[of] p2a: Charizard\n|turn|4\n|\n|t:|1776685126\n|switch|p1a: Sableye|Sableye, L50, F, shiny|100/100\n|move|p1b: Empoleon|Protect|p1b: Empoleon\n|-singleturn|p1b: Empoleon|Protect\n|move|p2b: Whimsicott|Tailwind|p2b: Whimsicott\n|-sidestart|p2: ee852|move: Tailwind\n|move|p2a: Charizard|Heat Wave|p1a: Sableye|[spread] p1a\n|-activate|p1b: Empoleon|move: Protect\n|-damage|p1a: Sableye|56/100\n|\n|-weather|SunnyDay|[upkeep]\n|-heal|p1a: Sableye|62/100|[from] item: Leftovers\n|upkeep\n|turn|5\n|\n|t:|1776685145\n|move|p2b: Whimsicott|Encore|p1b: Empoleon\n|-start|p1b: Empoleon|Encore\n|move|p1b: Empoleon|Protect|p1b: Empoleon\n|-singleturn|p1b: Empoleon|Protect\n|move|p1a: Sableye|Encore||[still]\n|-fail|p1a: Sableye\n|move|p2a: Charizard|Heat Wave|p1a: Sableye|[spread] p1a\n|-activate|p1b: Empoleon|move: Protect\n|-damage|p1a: Sableye|14/100\n|\n|-weather|SunnyDay|[upkeep]\n|-heal|p1a: Sableye|20/100|[from] item: Leftovers\n|upkeep\n|turn|6\n|inactive|arisu_saka has 30 seconds left.\n|\n|t:|1776685171\n|switch|p2b: Incineroar|Incineroar, L50, F|100/100\n|-ability|p2b: Incineroar|Intimidate|boost\n|-unboost|p1a: Sableye|atk|1\n|-unboost|p1b: Empoleon|atk|1\n|-ability|p1b: Empoleon|Competitive|boost\n|-boost|p1b: Empoleon|spa|2\n|switch|p1b: Rotom|Rotom-Frost, L50, shiny|100/100\n|move|p1a: Sableye|Will-O-Wisp|p2b: Incineroar\n|-immune|p2b: Incineroar\n|move|p2a: Charizard|Heat Wave|p1a: Sableye|[spread] p1a,p1b\n|-supereffective|p1b: Rotom|1\n|-crit|p1b: Rotom\n|-damage|p1a: Sableye|0 fnt\n|-damage|p1b: Rotom|0 fnt\n|faint|p1a: Sableye\n|faint|p1b: Rotom\n|\n|-weather|SunnyDay|[upkeep]\n|-sideend|p1: arisu_saka|move: Aurora Veil\n|upkeep\n|\n|t:|1776685176\n|switch|p1b: Empoleon|Empoleon, L50, M, shiny|100/100\n|switch|p1a: Froslass|Froslass-Mega, L50, F, shiny|100/100\n|-weather|Snowscape|[from] ability: Snow Warning|[of] p1a: Froslass\n|turn|7\n|\n|t:|1776685194\n|switch|p2b: Whimsicott|Whimsicott, L50, M|1/100\n|move|p1a: Froslass|Protect|p1a: Froslass\n|-singleturn|p1a: Froslass|Protect\n|move|p2a: Charizard|Heat Wave|p1a: Froslass|[spread] p1b\n|-activate|p1a: Froslass|move: Protect\n|-crit|p1b: Empoleon\n|-damage|p1b: Empoleon|46/100\n|move|p1b: Empoleon|Blizzard|p2a: Charizard|[spread] p2a,p2b\n|-supereffective|p2b: Whimsicott|1\n|-damage|p2a: Charizard|75/100\n|-damage|p2b: Whimsicott|0 fnt\n|-status|p2a: Charizard|frz\n|faint|p2b: Whimsicott\n|\n|-weather|Snowscape|[upkeep]\n|-sideend|p2: ee852|move: Tailwind\n|upkeep\n|\n|t:|1776685201\n|switch|p2b: Incineroar|Incineroar, L50, F|100/100\n|-ability|p2b: Incineroar|Intimidate|boost\n|-unboost|p1a: Froslass|atk|1\n|-unboost|p1b: Empoleon|atk|1\n|-ability|p1b: Empoleon|Competitive|boost\n|-boost|p1b: Empoleon|spa|2\n|turn|8\n|\n|t:|1776685209\n|move|p1a: Froslass|Aurora Veil|p1a: Froslass\n|-sidestart|p1: arisu_saka|move: Aurora Veil\n|cant|p2a: Charizard|frz\n|move|p2b: Incineroar|Flare Blitz|p2a: Charizard\n|-resisted|p2a: Charizard|1\n|-damage|p2a: Charizard|51/100 frz\n|-curestatus|p2a: Charizard|frz|[msg]\n|-damage|p2b: Incineroar|93/100|[from] Recoil\n|move|p1b: Empoleon|Hydro Pump|p2a: Charizard|[miss]\n|-miss|p1b: Empoleon|p2a: Charizard\n|\n|-weather|Snowscape|[upkeep]\n|upkeep\n|turn|9\n|\n|t:|1776685227\n|move|p2a: Charizard|Protect|p2a: Charizard\n|-singleturn|p2a: Charizard|Protect\n|move|p1b: Empoleon|Protect|p1b: Empoleon\n|-singleturn|p1b: Empoleon|Protect\n|move|p1a: Froslass|Blizzard|p2b: Incineroar|[spread] p2b\n|-activate|p2a: Charizard|move: Protect\n|-resisted|p2b: Incineroar|1\n|-damage|p2b: Incineroar|71/100\n|move|p2b: Incineroar|Flare Blitz|p1b: Empoleon\n|-activate|p1b: Empoleon|move: Protect\n|\n|-weather|Snowscape|[upkeep]\n|upkeep\n|turn|10\n|\n|t:|1776685235\n|move|p1a: Froslass|Blizzard|p2a: Charizard|[spread] p2a,p2b\n|-resisted|p2b: Incineroar|1\n|-damage|p2a: Charizard|8/100\n|-damage|p2b: Incineroar|50/100\n|-status|p2b: Incineroar|frz\n|-enditem|p2b: Incineroar|Sitrus Berry|[eat]\n|-heal|p2b: Incineroar|75/100 frz|[from] item: Sitrus Berry\n|move|p2a: Charizard|Heat Wave|p1b: Empoleon|[spread] p1a,p1b\n|-supereffective|p1a: Froslass|1\n|-damage|p1a: Froslass|35/100\n|-damage|p1b: Empoleon|17/100\n|-curestatus|p2b: Incineroar|frz|[from] move: Flare Blitz\n|move|p2b: Incineroar|Flare Blitz|p1b: Empoleon\n|-damage|p1b: Empoleon|0 fnt\n|faint|p1b: Empoleon\n|-damage|p2b: Incineroar|70/100|[from] Recoil\n|\n|-weather|Snowscape|[upkeep]\n|upkeep\n|turn|11\n|\n|t:|1776685247\n|move|p2a: Charizard|Protect|p2a: Charizard\n|-singleturn|p2a: Charizard|Protect\n|move|p1a: Froslass|Blizzard|p2b: Incineroar|[spread] p2b\n|-activate|p2a: Charizard|move: Protect\n|-resisted|p2b: Incineroar|1\n|-damage|p2b: Incineroar|47/100\n|move|p2b: Incineroar|Flare Blitz|p1a: Froslass\n|-supereffective|p1a: Froslass|1\n|-damage|p1a: Froslass|0 fnt\n|faint|p1a: Froslass\n|-damage|p2b: Incineroar|38/100|[from] Recoil\n|\n|win|ee852\n|raw|arisu_saka's rating: 1237 &rarr; <strong>1212</strong><br />(-25 for losing)\n|raw|ee852's rating: 1243 &rarr; <strong>1268</strong><br />(+25 for winning)\n|l|\u2606arisu_saka\n|player|p1|\n",
  "uploadtime": 1776685252,
  "views": 8,
  "formatid": "gen9championsvgc2026regma",
  "rating": 1212,
  "private": 0,
  "password": null
}