{
  "id": "gen9championsvgc2026regma-2583847501",
  "format": "[Gen 9 Champions] VGC 2026 Reg M-A",
  "players": [
    "Bluemarioisahhh",
    "peepeepowo"
  ],
  "log": "|j|\u2606Bluemarioisahhh\n|j|\u2606peepeepowo\n|t:|1776202374\n|gametype|doubles\n|player|p1|Bluemarioisahhh|169|1082\n|player|p2|peepeepowo|iris-gen5bw2|1000\n|gen|9\n|tier|[Gen 9 Champions] VGC 2026 Reg M-A\n|rated|\n|rule|Species Clause: Limit one of each Pok\u00e9mon\n|rule|Item Clause: Limit 1 of each item\n|clearpoke\n|poke|p1|Mamoswine, L50, M|\n|poke|p1|Incineroar, L50, F|\n|poke|p1|Talonflame, L50, F|\n|poke|p1|Rotom-Wash, L50|\n|poke|p1|Gardevoir, L50, F|\n|poke|p1|Glimmora, L50, M|\n|poke|p2|Orthworm, L50, M|\n|poke|p2|Sneasler, L50, M|\n|poke|p2|Arcanine-Hisui, L50, M|\n|poke|p2|Kangaskhan, L50, F|\n|poke|p2|Garchomp, L50, F|\n|poke|p2|Floette-Eternal, L50, F|\n|teampreview|4\n|inactive|Battle timer is ON: inactive players will automatically lose when time's up. (requested by Bluemarioisahhh)\n|inactive|Bluemarioisahhh has 60 seconds left.\n|inactive|peepeepowo has 60 seconds left.\n|\n|t:|1776202427\n|teamsize|p1|4\n|teamsize|p2|4\n|start\n|switch|p1a: Mamoswine|Mamoswine, L50, M|100/100\n|switch|p1b: Incineroar|Incineroar, L50, F|100/100\n|switch|p2a: Orthworm|Orthworm, L50, M|100/100\n|switch|p2b: Sneasler|Sneasler, L50, M|100/100\n|-ability|p1b: Incineroar|Intimidate|boost\n|-unboost|p2a: Orthworm|atk|1\n|-unboost|p2b: Sneasler|atk|1\n|turn|1\n|\n|t:|1776202448\n|move|p2b: Sneasler|Upper Hand|p1b: Incineroar\n|-supereffective|p1b: Incineroar|1\n|-damage|p1b: Incineroar|59/100\n|cant|p1b: Incineroar|flinch\n|move|p1a: Mamoswine|High Horsepower|p2b: Sneasler\n|-supereffective|p2b: Sneasler|1\n|-damage|p2b: Sneasler|0 fnt\n|faint|p2b: Sneasler\n|move|p2a: Orthworm|Shed Tail|p2a: Orthworm\n|-start|p2a: Orthworm|Substitute|[from] move: Shed Tail\n|-damage|p2a: Orthworm|50/100\n|-enditem|p2a: Orthworm|Sitrus Berry|[eat]\n|-heal|p2a: Orthworm|75/100|[from] item: Sitrus Berry\n|\n|t:|1776202462\n|switch|p2a: Kangaskhan|Kangaskhan, L50, F|100/100|[from] Shed Tail\n|\n|upkeep\n|\n|t:|1776202470\n|switch|p2b: Arcanine|Arcanine-Hisui, L50, M|100/100\n|-ability|p2b: Arcanine|Intimidate|boost\n|-fail|p1a: Mamoswine|unboost|Attack|[from] ability: Oblivious|[of] p1a: Mamoswine\n|-unboost|p1b: Incineroar|atk|1\n|turn|2\n|inactive|peepeepowo has 30 seconds left.\n|\n|t:|1776202498\n|detailschange|p2a: Kangaskhan|Kangaskhan-Mega, L50, F\n|-mega|p2a: Kangaskhan|Kangaskhan|Kangaskhanite\n|move|p2a: Kangaskhan|Fake Out|p1a: Mamoswine\n|-damage|p1a: Mamoswine|78/100\n|-damage|p1a: Mamoswine|72/100\n|-hitcount|p1a: Mamoswine|2\n|move|p2b: Arcanine|Rock Slide|p1b: Incineroar|[spread] p1a,p1b\n|-supereffective|p1b: Incineroar|1\n|-damage|p1a: Mamoswine|41/100\n|-damage|p1b: Incineroar|10/100\n|-enditem|p1b: Incineroar|Sitrus Berry|[eat]\n|-heal|p1b: Incineroar|35/100|[from] item: Sitrus Berry\n|cant|p1a: Mamoswine|flinch\n|move|p1b: Incineroar|Flare Blitz|p2a: Kangaskhan\n|-end|p2a: Kangaskhan|Substitute\n|-damage|p1b: Incineroar|28/100|[from] Recoil|[of] p2a: Kangaskhan\n|\n|upkeep\n|turn|3\n|inactive|Bluemarioisahhh has 30 seconds left.\n|inactive|peepeepowo has 30 seconds left.\n|\n|t:|1776202526\n|move|p2b: Arcanine|Rock Slide|p1a: Mamoswine|[spread] p1a,p1b\n|-supereffective|p1b: Incineroar|1\n|-damage|p1a: Mamoswine|12/100\n|-damage|p1b: Incineroar|0 fnt\n|faint|p1b: Incineroar\n|move|p1a: Mamoswine|High Horsepower|p2b: Arcanine\n|-supereffective|p2b: Arcanine|2\n|-damage|p2b: Arcanine|0 fnt\n|faint|p2b: Arcanine\n|move|p2a: Kangaskhan|Drain Punch|p1a: Mamoswine\n|-supereffective|p1a: Mamoswine|1\n|-damage|p1a: Mamoswine|0 fnt\n|faint|p1a: Mamoswine\n|-hitcount|p1: Mamoswine|1\n|\n|upkeep\n|\n|t:|1776202537\n|switch|p2b: Orthworm|Orthworm, L50, M|75/100\n|switch|p1a: Glimmora|Glimmora, L50, M|100/100\n|switch|p1b: Rotom|Rotom-Wash, L50|100/100\n|turn|4\n|\n|t:|1776202560\n|move|p1a: Glimmora|Protect|p1a: Glimmora\n|-singleturn|p1a: Glimmora|Protect\n|move|p2a: Kangaskhan|Double-Edge|p1b: Rotom\n|-damage|p1b: Rotom|37/100\n|-damage|p1b: Rotom|22/100\n|-hitcount|p1b: Rotom|2\n|-damage|p2a: Kangaskhan|78/100|[from] Recoil\n|move|p1b: Rotom|Thunderbolt|p2b: Orthworm\n|-damage|p2b: Orthworm|0 fnt\n|faint|p2b: Orthworm\n|\n|upkeep\n|turn|5\n|\n|t:|1776202581\n|detailschange|p1a: Glimmora|Glimmora-Mega, L50, M\n|-mega|p1a: Glimmora|Glimmora|Glimmoranite\n|move|p1a: Glimmora|Sludge Bomb|p2a: Kangaskhan\n|-damage|p2a: Kangaskhan|10/100\n|-status|p2a: Kangaskhan|psn\n|move|p2a: Kangaskhan|Double-Edge|p1b: Rotom\n|-damage|p1b: Rotom|0 fnt\n|faint|p1b: Rotom\n|-hitcount|p1: Rotom|1\n|-damage|p2a: Kangaskhan|4/100 psn|[from] Recoil\n|\n|-damage|p2a: Kangaskhan|0 fnt|[from] psn\n|faint|p2a: Kangaskhan\n|\n|win|Bluemarioisahhh\n|raw|Bluemarioisahhh's rating: 1082 &rarr; <strong>1103</strong><br />(+21 for winning)\n|raw|peepeepowo's rating: 1000 &rarr; <strong>1000</strong><br />(+0 for losing)\n",
  "uploadtime": 1776202595,
  "views": 24,
  "formatid": "gen9championsvgc2026regma",
  "rating": 1000,
  "private": 0,
  "password": null
}