{
  "id": "gen9championsvgc2026regma-2581283756",
  "format": "[Gen 9 Champions] VGC 2026 Reg M-A",
  "players": [
    "huerfan",
    "no1smashmouthfan"
  ],
  "log": "|j|\u2606huerfan\n|j|\u2606no1smashmouthfan\n|t:|1775981126\n|gametype|doubles\n|player|p1|huerfan|265|1065\n|player|p2|no1smashmouthfan|guitarist|1007\n|gen|9\n|tier|[Gen 9 Champions] VGC 2026 Reg M-A\n|rated|\n|rule|Species Clause: Limit one of each Pok\u00e9mon\n|rule|Item Clause: Limit 1 of each item\n|clearpoke\n|poke|p1|Incineroar, L50, M|\n|poke|p1|Torterra, L50, M|\n|poke|p1|Tyranitar, L50, M|\n|poke|p1|Volcarona, L50, F|\n|poke|p1|Toxapex, L50, F|\n|poke|p1|Hatterene, L50, F|\n|poke|p2|Glimmora, L50, M|\n|poke|p2|Garchomp, L50, M|\n|poke|p2|Talonflame, L50, M|\n|poke|p2|Decidueye-Hisui, L50, F|\n|poke|p2|Basculegion, L50, M|\n|poke|p2|Farigiraf, L50, F|\n|teampreview|4\n|c|\u2606no1smashmouthfan|glhf\n|\n|t:|1775981192\n|teamsize|p1|4\n|teamsize|p2|4\n|start\n|switch|p1a: Incineroar|Incineroar, L50, M|100/100\n|switch|p1b: Torterra|Torterra, L50, M, shiny|100/100\n|switch|p2a: Flambusard|Talonflame, L50, M|100/100\n|switch|p2b: Carchacrok|Garchomp, L50, M|100/100\n|-ability|p1a: Incineroar|Intimidate|boost\n|-unboost|p2a: Flambusard|atk|1\n|-unboost|p2b: Carchacrok|atk|1\n|turn|1\n|inactive|Battle timer is ON: inactive players will automatically lose when time's up. (requested by no1smashmouthfan)\n|\n|t:|1775981219\n|move|p2a: Flambusard|Protect|p2a: Flambusard\n|-singleturn|p2a: Flambusard|Protect\n|move|p1b: Torterra|Wide Guard|p1b: Torterra\n|-singleturn|p1b: Torterra|Wide Guard\n|move|p2b: Carchacrok|Stomping Tantrum|p1a: Incineroar\n|-supereffective|p1a: Incineroar|1\n|-damage|p1a: Incineroar|46/100\n|-enditem|p1a: Incineroar|Sitrus Berry|[eat]\n|-heal|p1a: Incineroar|71/100|[from] item: Sitrus Berry\n|move|p1a: Incineroar|Will-O-Wisp|p2b: Carchacrok\n|-status|p2b: Carchacrok|brn\n|-enditem|p2b: Carchacrok|Lum Berry|[eat]\n|-curestatus|p2b: Carchacrok|brn|[msg]\n|\n|upkeep\n|turn|2\n|inactive|huerfan has 30 seconds left.\n|inactive|no1smashmouthfan has 30 seconds left.\n|inactive|huerfan has 20 seconds left.\n|\n|t:|1775981255\n|switch|p2b: Arch\u00e9duc|Decidueye-Hisui, L50, F|100/100\n|move|p2a: Flambusard|Tailwind|p2a: Flambusard\n|-sidestart|p2: no1smashmouthfan|move: Tailwind\n|move|p1a: Incineroar|Parting Shot|p2b: Arch\u00e9duc\n|-unboost|p2b: Arch\u00e9duc|atk|1\n|-unboost|p2b: Arch\u00e9duc|spa|1\n|\n|t:|1775981265\n|switch|p1a: Hatterene|Hatterene, L50, F, shiny|100/100|[from] Parting Shot\n|move|p1b: Torterra|Wood Hammer|p2b: Arch\u00e9duc\n|-resisted|p2b: Arch\u00e9duc|1\n|-damage|p2b: Arch\u00e9duc|62/100\n|-damage|p1b: Torterra|90/100|[from] Recoil\n|\n|upkeep\n|turn|3\n|\n|t:|1775981286\n|switch|p2a: Artichaut|Glimmora, L50, M|100/100\n|switch|p1b: Incineroar|Incineroar, L50, M|71/100\n|-ability|p1b: Incineroar|Intimidate|boost\n|-unboost|p2a: Artichaut|atk|1\n|-fail|p2b: Arch\u00e9duc|unboost|Attack|[from] ability: Scrappy|[of] p2b: Arch\u00e9duc\n|move|p2b: Arch\u00e9duc|Leaf Blade|p1a: Hatterene\n|-damage|p1a: Hatterene|69/100\n|move|p1a: Hatterene|Trick Room|p1a: Hatterene\n|-fieldstart|move: Trick Room|[of] p1a: Hatterene\n|\n|upkeep\n|turn|4\n|inactive|huerfan has 30 seconds left.\n|inactive|no1smashmouthfan has 30 seconds left.\n|inactive|huerfan has 20 seconds left.\n|inactive|huerfan has 15 seconds left.\n|\n|t:|1775981330\n|detailschange|p2a: Artichaut|Glimmora-Mega, L50, M\n|-mega|p2a: Artichaut|Glimmora|Glimmoranite\n|move|p1b: Incineroar|Fake Out|p2a: Artichaut\n|-resisted|p2a: Artichaut|1\n|-damage|p2a: Artichaut|95/100\n|move|p2b: Arch\u00e9duc|Upper Hand||[still]\n|-fail|p2b: Arch\u00e9duc\n|move|p1a: Hatterene|Life Dew|p1a: Hatterene|[spread] p1a,p1b\n|-heal|p1a: Hatterene|94/100\n|-heal|p1b: Incineroar|96/100\n|cant|p2a: Artichaut|flinch\n|\n|upkeep\n|turn|5\n|\n|t:|1775981349\n|move|p1a: Hatterene|Dazzling Gleam|p2a: Artichaut|[spread] p2a,p2b\n|-resisted|p2a: Artichaut|1\n|-supereffective|p2b: Arch\u00e9duc|1\n|-damage|p2a: Artichaut|80/100\n|-damage|p2b: Arch\u00e9duc|3/100\n|move|p1b: Incineroar|Parting Shot|p2a: Artichaut\n|-unboost|p2a: Artichaut|atk|1\n|-unboost|p2a: Artichaut|spa|1\n|\n|t:|1775981360\n|switch|p1b: Torterra|Torterra, L50, M, shiny|90/100|[from] Parting Shot\n|move|p2b: Arch\u00e9duc|Triple Arrows|p1b: Torterra\n|-damage|p1b: Torterra|63/100\n|-unboost|p1b: Torterra|def|1\n|move|p2a: Artichaut|Sludge Bomb|p1a: Hatterene\n|-supereffective|p1a: Hatterene|1\n|-enditem|p1a: Hatterene|Kebia Berry|[eat]\n|-enditem|p1a: Hatterene|Kebia Berry|[weaken]\n|-damage|p1a: Hatterene|56/100\n|\n|-sideend|p2: no1smashmouthfan|move: Tailwind\n|upkeep\n|turn|6\n|\n|t:|1775981379\n|move|p1a: Hatterene|Protect|p1a: Hatterene\n|-singleturn|p1a: Hatterene|Protect\n|move|p2b: Arch\u00e9duc|Protect|p2b: Arch\u00e9duc\n|-singleturn|p2b: Arch\u00e9duc|Protect\n|move|p1b: Torterra|Earthquake|p2b: Arch\u00e9duc|[spread] p2a\n|-activate|p1a: Hatterene|move: Protect\n|-activate|p2b: Arch\u00e9duc|move: Protect\n|-supereffective|p2a: Artichaut|2\n|-damage|p2a: Artichaut|0 fnt\n|faint|p2a: Artichaut\n|\n|upkeep\n|\n|t:|1775981394\n|switch|p2a: Flambusard|Talonflame, L50, M|100/100\n|turn|7\n|\n|t:|1775981409\n|switch|p1b: Incineroar|Incineroar, L50, M|96/100\n|-ability|p1b: Incineroar|Intimidate|boost\n|-unboost|p2a: Flambusard|atk|1\n|-fail|p2b: Arch\u00e9duc|unboost|Attack|[from] ability: Scrappy|[of] p2b: Arch\u00e9duc\n|move|p2a: Flambusard|Brave Bird|p1a: Hatterene\n|-damage|p1a: Hatterene|16/100\n|-damage|p2a: Flambusard|86/100|[from] Recoil\n|move|p1a: Hatterene|Dazzling Gleam|p2a: Flambusard|[spread] p2a,p2b\n|-resisted|p2a: Flambusard|1\n|-supereffective|p2b: Arch\u00e9duc|1\n|-damage|p2a: Flambusard|67/100\n|-damage|p2b: Arch\u00e9duc|0 fnt\n|faint|p2b: Arch\u00e9duc\n|\n|-fieldend|move: Trick Room\n|upkeep\n|\n|t:|1775981423\n|switch|p2b: Carchacrok|Garchomp, L50, M|100/100\n|turn|8\n|inactive|huerfan has 30 seconds left.\n|\n|t:|1775981456\n|switch|p1b: Toxapex|Toxapex, L50, F, shiny|100/100\n|move|p1a: Hatterene|Protect|p1a: Hatterene\n|-singleturn|p1a: Hatterene|Protect\n|move|p2a: Flambusard|Brave Bird|p1a: Hatterene\n|-activate|p1a: Hatterene|move: Protect\n|move|p2b: Carchacrok|Stomping Tantrum|p1a: Hatterene\n|-activate|p1a: Hatterene|move: Protect\n|\n|upkeep\n|turn|9\n|\n|t:|1775981477\n|switch|p1a: Incineroar|Incineroar, L50, M|96/100\n|-ability|p1a: Incineroar|Intimidate|boost\n|-unboost|p2a: Flambusard|atk|1\n|-unboost|p2b: Carchacrok|atk|1\n|move|p2a: Flambusard|Tailwind|p2a: Flambusard\n|-sidestart|p2: no1smashmouthfan|move: Tailwind\n|move|p2b: Carchacrok|Stomping Tantrum|p1a: Incineroar\n|-supereffective|p1a: Incineroar|1\n|-damage|p1a: Incineroar|43/100\n|move|p1b: Toxapex|Muddy Water|p2b: Carchacrok|[spread] p2a\n|-miss|p1b: Toxapex|p2b: Carchacrok\n|-supereffective|p2a: Flambusard|1\n|-damage|p2a: Flambusard|20/100\n|\n|upkeep\n|turn|10\n|inactive|no1smashmouthfan has 30 seconds left.\n|\n|t:|1775981505\n|move|p2a: Flambusard|Protect|p2a: Flambusard\n|-singleturn|p2a: Flambusard|Protect\n|move|p2b: Carchacrok|Protect|p2b: Carchacrok\n|-singleturn|p2b: Carchacrok|Protect\n|move|p1a: Incineroar|Fake Out|p2b: Carchacrok\n|-activate|p2b: Carchacrok|move: Protect\n|move|p1b: Toxapex|Muddy Water|p2a: Flambusard|[spread] \n|-activate|p2a: Flambusard|move: Protect\n|-activate|p2b: Carchacrok|move: Protect\n|\n|upkeep\n|turn|11\n|inactive|huerfan has 30 seconds left.\n|\n|t:|1775981531\n|move|p2a: Flambusard|Brave Bird|p1a: Incineroar\n|-damage|p1a: Incineroar|14/100\n|-damage|p2a: Flambusard|8/100|[from] Recoil\n|move|p2b: Carchacrok|Earthquake|p1a: Incineroar|[spread] p1a,p1b\n|-immune|p2a: Flambusard\n|-supereffective|p1a: Incineroar|1\n|-supereffective|p1b: Toxapex|1\n|-damage|p1a: Incineroar|0 fnt\n|-damage|p1b: Toxapex|61/100\n|faint|p1a: Incineroar\n|move|p1b: Toxapex|Sludge Bomb|p2a: Flambusard\n|-damage|p2a: Flambusard|0 fnt\n|faint|p2a: Flambusard\n|\n|-heal|p1b: Toxapex|67/100|[from] item: Leftovers\n|upkeep\n|\n|t:|1775981550\n|switch|p1a: Torterra|Torterra, L50, M, shiny|63/100\n|turn|12\n|\n|t:|1775981564\n|move|p1b: Toxapex|Baneful Bunker|p1b: Toxapex\n|-singleturn|p1b: Toxapex|move: Protect\n|move|p2b: Carchacrok|Dragon Claw|p1a: Torterra\n|-damage|p1a: Torterra|39/100\n|move|p1a: Torterra|Wood Hammer|p2b: Carchacrok\n|-damage|p2b: Carchacrok|35/100\n|-damage|p1a: Torterra|26/100|[from] ability: Rough Skin|[of] p2b: Carchacrok\n|-damage|p1a: Torterra|6/100|[from] Recoil\n|\n|-heal|p1b: Toxapex|72/100|[from] item: Leftovers\n|-sideend|p2: no1smashmouthfan|move: Tailwind\n|upkeep\n|turn|13\n|\n|t:|1775981585\n|move|p1a: Torterra|Wide Guard|p1a: Torterra\n|-singleturn|p1a: Torterra|Wide Guard\n|move|p2b: Carchacrok|Dragon Claw|p1a: Torterra\n|-damage|p1a: Torterra|0 fnt\n|faint|p1a: Torterra\n|move|p1b: Toxapex|Infestation|p2b: Carchacrok\n|-damage|p2b: Carchacrok|31/100\n|-activate|p2b: Carchacrok|move: Infestation|[of] p1b: Toxapex\n|-damage|p1b: Toxapex|60/100|[from] ability: Rough Skin|[of] p2b: Carchacrok\n|\n|-heal|p1b: Toxapex|66/100|[from] item: Leftovers\n|-damage|p2b: Carchacrok|19/100|[from] move: Infestation|[partiallytrapped]\n|upkeep\n|\n|t:|1775981599\n|switch|p1a: Hatterene|Hatterene, L50, F, shiny|16/100\n|turn|14\n|\n|t:|1775981611\n|move|p1b: Toxapex|Baneful Bunker|p1b: Toxapex\n|-singleturn|p1b: Toxapex|move: Protect\n|move|p1a: Hatterene|Protect|p1a: Hatterene\n|-singleturn|p1a: Hatterene|Protect\n|move|p2b: Carchacrok|Earthquake|p1b: Toxapex|[spread] \n|-activate|p1a: Hatterene|move: Protect\n|-activate|p1b: Toxapex|move: Protect\n|\n|-heal|p1b: Toxapex|72/100|[from] item: Leftovers\n|-damage|p2b: Carchacrok|6/100|[from] move: Infestation|[partiallytrapped]\n|upkeep\n|turn|15\n|\n|t:|1775981627\n|move|p2b: Carchacrok|Earthquake|p1b: Toxapex|[spread] p1a,p1b\n|-supereffective|p1b: Toxapex|1\n|-damage|p1a: Hatterene|0 fnt\n|-damage|p1b: Toxapex|37/100\n|faint|p1a: Hatterene\n|move|p1b: Toxapex|Sludge Bomb|p2b: Carchacrok\n|-resisted|p2b: Carchacrok|1\n|-damage|p2b: Carchacrok|0 fnt\n|faint|p2b: Carchacrok\n|\n|win|huerfan\n|raw|huerfan's rating: 1065 &rarr; <strong>1090</strong><br />(+25 for winning)\n|raw|no1smashmouthfan's rating: 1007 &rarr; <strong>1000</strong><br />(-7 for losing)\n|c|\u2606no1smashmouthfan|gg\n",
  "uploadtime": 1775981648,
  "views": 16,
  "formatid": "gen9championsvgc2026regma",
  "rating": 1000,
  "private": 0,
  "password": null
}