{
  "id": "gen9championsvgc2026regma-2585373773",
  "format": "[Gen 9 Champions] VGC 2026 Reg M-A",
  "players": [
    "dkapflzksh",
    "jaggedcharts27"
  ],
  "log": "|j|\u2606dkapflzksh\n|j|\u2606jaggedcharts27\n|t:|1776342388\n|gametype|doubles\n|player|p1|dkapflzksh|scientist-gen4dp|1416\n|player|p2|jaggedcharts27|170|1362\n|gen|9\n|tier|[Gen 9 Champions] VGC 2026 Reg M-A\n|rated|\n|rule|Species Clause: Limit one of each Pok\u00e9mon\n|rule|Item Clause: Limit 1 of each item\n|clearpoke\n|poke|p1|Basculegion, L50, M|\n|poke|p1|Dragonite, L50, F|\n|poke|p1|Archaludon, L50, M|\n|poke|p1|Incineroar, L50, F|\n|poke|p1|Pelipper, L50, F|\n|poke|p1|Excadrill, L50, F|\n|poke|p2|Orthworm, L50, M|\n|poke|p2|Garchomp, L50, M|\n|poke|p2|Froslass, L50, F|\n|poke|p2|Kingambit, L50, M|\n|poke|p2|Dragonite, L50, M|\n|poke|p2|Incineroar, L50, M|\n|teampreview|4\n|inactive|Battle timer is ON: inactive players will automatically lose when time's up. (requested by jaggedcharts27)\n|inactive|dkapflzksh has 60 seconds left.\n|\n|t:|1776342418\n|teamsize|p1|4\n|teamsize|p2|4\n|start\n|switch|p1a: Pelipper|Pelipper, L50, F, shiny|100/100\n|switch|p1b: Basculegion|Basculegion, L50, M, shiny|100/100\n|switch|p2a: Garchomp|Garchomp, L50, M|100/100\n|switch|p2b: Orthworm|Orthworm, L50, M|100/100\n|-weather|RainDance|[from] ability: Drizzle|[of] p1a: Pelipper\n|turn|1\n|\n|t:|1776342437\n|move|p1b: Basculegion|Flip Turn|p2a: Garchomp\n|-damage|p2a: Garchomp|41/100\n|-damage|p1b: Basculegion|88/100|[from] ability: Rough Skin|[of] p2a: Garchomp\n|\n|t:|1776342442\n|switch|p1b: Archaludon|Archaludon, L50, M, shiny|100/100|[from] Flip Turn\n|move|p2a: Garchomp|Earthquake|p1a: Pelipper|[spread] p1b\n|-immune|p2b: Orthworm|[from] ability: Earth Eater\n|-immune|p1a: Pelipper\n|-supereffective|p1b: Archaludon|1\n|-damage|p1b: Archaludon|37/100\n|-ability|p1b: Archaludon|Stamina|boost\n|-boost|p1b: Archaludon|def|1\n|move|p1a: Pelipper|Tailwind|p1a: Pelipper\n|-sidestart|p1: dkapflzksh|move: Tailwind\n|move|p2b: Orthworm|Shed Tail|p2b: Orthworm\n|-start|p2b: Orthworm|Substitute|[from] move: Shed Tail\n|-damage|p2b: Orthworm|50/100\n|-enditem|p2b: Orthworm|Sitrus Berry|[eat]\n|-heal|p2b: Orthworm|75/100|[from] item: Sitrus Berry\n|\n|t:|1776342455\n|switch|p2b: Froslass|Froslass, L50, F|100/100|[from] Shed Tail\n|\n|-weather|RainDance|[upkeep]\n|-heal|p1b: Archaludon|43/100|[from] item: Leftovers\n|upkeep\n|turn|2\n|inactive|dkapflzksh has 30 seconds left.\n|\n|t:|1776342483\n|move|p2b: Froslass|Protect|p2b: Froslass\n|-singleturn|p2b: Froslass|Protect\n|move|p1a: Pelipper|Weather Ball|p2a: Garchomp\n|-damage|p2a: Garchomp|0 fnt\n|faint|p2a: Garchomp\n|move|p1b: Archaludon|Dragon Pulse|p2b: Froslass\n|-activate|p2b: Froslass|move: Protect\n|\n|-weather|RainDance|[upkeep]\n|-heal|p1b: Archaludon|49/100|[from] item: Leftovers\n|upkeep\n|\n|t:|1776342498\n|switch|p2a: Kingambit|Kingambit, L50, M|100/100\n|turn|3\n|\n|t:|1776342512\n|detailschange|p2b: Froslass|Froslass-Mega, L50, F\n|-mega|p2b: Froslass|Froslass|Froslassite\n|-weather|Snowscape|[from] ability: Snow Warning|[of] p2b: Froslass\n|move|p2a: Kingambit|Sucker Punch|p1a: Pelipper\n|-damage|p1a: Pelipper|47/100\n|move|p1a: Pelipper|Weather Ball|p2a: Kingambit\n|-resisted|p2a: Kingambit|1\n|-damage|p2a: Kingambit|90/100\n|move|p1b: Archaludon|Aura Sphere|p2a: Kingambit\n|-supereffective|p2a: Kingambit|2\n|-damage|p2a: Kingambit|0 fnt\n|faint|p2a: Kingambit\n|move|p2b: Froslass|Blizzard|p1a: Pelipper|[spread] p1a,p1b\n|-damage|p1a: Pelipper|0 fnt\n|-damage|p1b: Archaludon|0 fnt\n|faint|p1a: Pelipper\n|faint|p1b: Archaludon\n|\n|-weather|Snowscape|[upkeep]\n|upkeep\n|\n|t:|1776342532\n|switch|p1a: Basculegion|Basculegion, L50, M, shiny|88/100\n|switch|p1b: Excadrill|Excadrill, L50, F, shiny|100/100\n|switch|p2a: Orthworm|Orthworm, L50, M|75/100\n|turn|4\n|inactive|dkapflzksh has 30 seconds left.\n|\n|t:|1776342565\n|detailschange|p1b: Excadrill|Excadrill-Mega, L50, F, shiny\n|-mega|p1b: Excadrill|Excadrill|Excadrite\n|move|p1a: Basculegion|Last Respects|p2b: Froslass\n|-supereffective|p2b: Froslass|1\n|-end|p2b: Froslass|Substitute\n|move|p1b: Excadrill|Iron Head|p2b: Froslass\n|-supereffective|p2b: Froslass|1\n|-damage|p2b: Froslass|1/100\n|move|p2b: Froslass|Shadow Ball|p1a: Basculegion\n|-supereffective|p1a: Basculegion|1\n|-damage|p1a: Basculegion|0 fnt\n|faint|p1a: Basculegion\n|move|p2a: Orthworm|Body Press|p1b: Excadrill\n|-supereffective|p1b: Excadrill|1\n|-damage|p1b: Excadrill|33/100\n|\n|-weather|Snowscape|[upkeep]\n|-sideend|p1: dkapflzksh|move: Tailwind\n|upkeep\n|turn|5\n|\n|t:|1776342583\n|move|p1b: Excadrill|Protect|p1b: Excadrill\n|-singleturn|p1b: Excadrill|Protect\n|move|p2b: Froslass|Blizzard|p1b: Excadrill\n|-activate|p1b: Excadrill|move: Protect\n|move|p2a: Orthworm|Body Press|p1b: Excadrill\n|-activate|p1b: Excadrill|move: Protect\n|\n|-weather|Snowscape|[upkeep]\n|upkeep\n|turn|6\n|\n|t:|1776342590\n|move|p2b: Froslass|Blizzard|p1b: Excadrill\n|-damage|p1b: Excadrill|0 fnt\n|faint|p1b: Excadrill\n|\n|win|jaggedcharts27\n|raw|dkapflzksh's rating: 1416 &rarr; <strong>1393</strong><br />(-23 for losing)\n|raw|jaggedcharts27's rating: 1362 &rarr; <strong>1385</strong><br />(+23 for winning)\n",
  "uploadtime": 1776342590,
  "views": 30,
  "formatid": "gen9championsvgc2026regma",
  "rating": 1385,
  "private": 0,
  "password": null
}