{
  "id": "gen9championsvgc2026regma-2583983253",
  "format": "[Gen 9 Champions] VGC 2026 Reg M-A",
  "players": [
    "liljointadventures",
    "FragmentedRose"
  ],
  "log": "|j|\u2606liljointadventures\n|j|\u2606FragmentedRose\n|t:|1776214061\n|gametype|doubles\n|player|p1|liljointadventures|169|1000\n|player|p2|FragmentedRose|170|1096\n|gen|9\n|tier|[Gen 9 Champions] VGC 2026 Reg M-A\n|rated|\n|rule|Species Clause: Limit one of each Pok\u00e9mon\n|rule|Item Clause: Limit 1 of each item\n|clearpoke\n|poke|p1|Talonflame, L50, F|\n|poke|p1|Incineroar, L50, F|\n|poke|p1|Gallade, L50, M|\n|poke|p1|Dragonite, L50, F|\n|poke|p1|Clefable, L50, M|\n|poke|p1|Rotom-Wash, L50|\n|poke|p2|Floette-Eternal, L50, F|\n|poke|p2|Whimsicott, L50, F|\n|poke|p2|Volcarona, L50, M|\n|poke|p2|Incineroar, L50, M|\n|poke|p2|Sneasler, L50, M|\n|poke|p2|Farigiraf, L50, F|\n|teampreview|4\n|inactive|Battle timer is ON: inactive players will automatically lose when time's up. (requested by FragmentedRose)\n|\n|t:|1776214168\n|teamsize|p1|4\n|teamsize|p2|4\n|start\n|switch|p1a: Clefable|Clefable, L50, M|100/100\n|switch|p1b: Talonflame|Talonflame, L50, F|100/100\n|switch|p2a: Floette|Floette-Eternal, L50, F|100/100\n|switch|p2b: Volcarona|Volcarona, L50, M|100/100\n|turn|1\n|\n|t:|1776214190\n|detailschange|p2a: Floette|Floette-Mega, L50, F\n|-mega|p2a: Floette|Floette|Floettite\n|-ability|p2a: Floette|Fairy Aura\n|move|p2b: Volcarona|Rage Powder|p2b: Volcarona\n|-singleturn|p2b: Volcarona|move: Rage Powder\n|move|p1b: Talonflame|Air Slash|p2b: Volcarona\n|-supereffective|p2b: Volcarona|1\n|-damage|p2b: Volcarona|56/100\n|move|p2a: Floette|Calm Mind|p2a: Floette\n|-boost|p2a: Floette|spa|1\n|-boost|p2a: Floette|spd|1\n|move|p1a: Clefable|Moonblast|p2b: Volcarona\n|-resisted|p2b: Volcarona|1\n|-damage|p2b: Volcarona|30/100\n|\n|upkeep\n|turn|2\n|\n|t:|1776214209\n|move|p1a: Clefable|Follow Me|p1a: Clefable\n|-singleturn|p1a: Clefable|move: Follow Me\n|move|p1b: Talonflame|Tailwind|p1b: Talonflame\n|-sidestart|p1: liljointadventures|move: Tailwind\n|move|p2a: Floette|Moonblast|p1a: Clefable\n|-damage|p1a: Clefable|32/100\n|move|p2b: Volcarona|Tailwind|p2b: Volcarona\n|-sidestart|p2: FragmentedRose|move: Tailwind\n|\n|-heal|p1a: Clefable|38/100|[from] item: Leftovers\n|upkeep\n|turn|3\n|\n|t:|1776214223\n|move|p1b: Talonflame|Air Slash|p2b: Volcarona\n|-supereffective|p2b: Volcarona|1\n|-crit|p2b: Volcarona\n|-damage|p2b: Volcarona|0 fnt\n|faint|p2b: Volcarona\n|move|p2a: Floette|Dazzling Gleam|p1a: Clefable|[spread] p1a,p1b\n|-resisted|p1b: Talonflame|1\n|-damage|p1a: Clefable|0 fnt\n|-damage|p1b: Talonflame|52/100\n|faint|p1a: Clefable\n|\n|upkeep\n|\n|t:|1776214238\n|switch|p2b: Sneasler|Sneasler, L50, M|100/100\n|switch|p1a: Rotom|Rotom-Wash, L50|100/100\n|turn|4\n|\n|t:|1776214250\n|move|p2b: Sneasler|Dire Claw|p1b: Talonflame\n|-damage|p1b: Talonflame|0 fnt\n|faint|p1b: Talonflame\n|move|p2a: Floette|Dazzling Gleam|p1a: Rotom\n|-damage|p1a: Rotom|0 fnt\n|faint|p1a: Rotom\n|\n|upkeep\n|\n|t:|1776214255\n|switch|p1a: Dragonite|Dragonite, L50, F|100/100\n|turn|5\n|\n|t:|1776214261\n|detailschange|p1a: Dragonite|Dragonite-Mega, L50, F\n|-mega|p1a: Dragonite|Dragonite|Dragoninite\n|move|p2b: Sneasler|Rock Slide|p1a: Dragonite\n|-supereffective|p1a: Dragonite|1\n|-damage|p1a: Dragonite|73/100\n|move|p2a: Floette|Moonblast|p1a: Dragonite\n|-supereffective|p1a: Dragonite|1\n|-damage|p1a: Dragonite|0 fnt\n|faint|p1a: Dragonite\n|\n|win|FragmentedRose\n|raw|liljointadventures's rating: 1000 &rarr; <strong>1000</strong><br />(+0 for losing)\n|raw|FragmentedRose's rating: 1096 &rarr; <strong>1115</strong><br />(+19 for winning)\n",
  "uploadtime": 1776214263,
  "views": 14,
  "formatid": "gen9championsvgc2026regma",
  "rating": 1000,
  "private": 0,
  "password": null
}