{
  "id": "gen9championsvgc2026regma-2586936758",
  "format": "[Gen 9 Champions] VGC 2026 Reg M-A",
  "players": [
    "Sceptilicious",
    "Mr James Freak"
  ],
  "log": "|j|\u2606Sceptilicious\n|j|\u2606Mr James Freak\n|t:|1776473503\n|gametype|doubles\n|player|p1|Sceptilicious|1|1282\n|player|p2|Mr James Freak|scientist|1332\n|gen|9\n|tier|[Gen 9 Champions] VGC 2026 Reg M-A\n|rated|\n|rule|Species Clause: Limit one of each Pok\u00e9mon\n|rule|Item Clause: Limit 1 of each item\n|clearpoke\n|poke|p1|Sinistcha, L50|\n|poke|p1|Incineroar, L50, M|\n|poke|p1|Gyarados, L50, F|\n|poke|p1|Kommo-o, L50, M|\n|poke|p1|Gengar, L50, M|\n|poke|p1|Tinkaton, L50, F|\n|poke|p2|Delphox, L50, F|\n|poke|p2|Gyarados, L50, F|\n|poke|p2|Garchomp, L50, M|\n|poke|p2|Sinistcha, L50|\n|poke|p2|Kingambit, L50, F|\n|poke|p2|Kommo-o, L50, F|\n|teampreview|4\n|\n|t:|1776473547\n|teamsize|p1|4\n|teamsize|p2|4\n|start\n|switch|p1a: Tinkaton|Tinkaton, L50, F|100/100\n|switch|p1b: Gengar|Gengar, L50, M|100/100\n|switch|p2a: Kingambit|Kingambit, L50, F, shiny|100/100\n|switch|p2b: Delphox|Delphox, L50, F, shiny|100/100\n|turn|1\n|\n|t:|1776473564\n|detailschange|p2b: Delphox|Delphox-Mega, L50, F, shiny\n|-mega|p2b: Delphox|Delphox|Delphoxite\n|move|p1a: Tinkaton|Fake Out|p2a: Kingambit\n|-resisted|p2a: Kingambit|1\n|-damage|p2a: Kingambit|96/100\n|move|p2b: Delphox|Psyshock|p1b: Gengar\n|-supereffective|p1b: Gengar|1\n|-enditem|p1b: Gengar|Focus Sash\n|-damage|p1b: Gengar|1/100\n|-start|p2b: Delphox|Disable|Psyshock|[from] ability: Cursed Body|[of] p1b: Gengar\n|move|p1b: Gengar|Sludge Bomb|p2b: Delphox\n|-damage|p2b: Delphox|59/100\n|-status|p2b: Delphox|psn\n|cant|p2a: Kingambit|flinch\n|\n|-damage|p2b: Delphox|46/100 psn|[from] psn\n|upkeep\n|turn|2\n|\n|t:|1776473585\n|move|p1b: Gengar|Protect|p1b: Gengar\n|-singleturn|p1b: Gengar|Protect\n|move|p2a: Kingambit|Sucker Punch||[still]\n|-fail|p2a: Kingambit\n|move|p2b: Delphox|Heat Wave|p1b: Gengar|[spread] p1a\n|-activate|p1b: Gengar|move: Protect\n|-supereffective|p1a: Tinkaton|1\n|-damage|p1a: Tinkaton|29/100\n|move|p1a: Tinkaton|Play Rough|p2a: Kingambit\n|-damage|p2a: Kingambit|72/100\n|-heal|p1a: Tinkaton|33/100|[from] item: Shell Bell|[of] p2a: Kingambit\n|\n|-damage|p2b: Delphox|34/100 psn|[from] psn\n|upkeep\n|turn|3\n|\n|t:|1776473608\n|move|p2a: Kingambit|Sucker Punch|p1b: Gengar\n|-supereffective|p1b: Gengar|1\n|-damage|p1b: Gengar|0 fnt\n|faint|p1b: Gengar\n|move|p2b: Delphox|Heat Wave|p1a: Tinkaton\n|-supereffective|p1a: Tinkaton|1\n|-damage|p1a: Tinkaton|0 fnt\n|faint|p1a: Tinkaton\n|\n|-damage|p2b: Delphox|21/100 psn|[from] psn\n|upkeep\n|\n|t:|1776473618\n|switch|p1b: Sinistcha|Sinistcha, L50|100/100\n|switch|p1a: Gyarados|Gyarados, L50, F|100/100\n|-ability|p1a: Gyarados|Intimidate|boost\n|-unboost|p2a: Kingambit|atk|1\n|-ability|p2a: Kingambit|Defiant|boost\n|-boost|p2a: Kingambit|atk|2\n|-unboost|p2b: Delphox|atk|1\n|turn|4\n|\n|t:|1776473631\n|detailschange|p1a: Gyarados|Gyarados-Mega, L50, F\n|-mega|p1a: Gyarados|Gyarados|Gyaradosite\n|-ability|p1a: Gyarados|Mold Breaker\n|move|p1b: Sinistcha|Rage Powder|p1b: Sinistcha\n|-singleturn|p1b: Sinistcha|move: Rage Powder\n|move|p2b: Delphox|Heat Wave|p1b: Sinistcha|[spread] p1a,p1b\n|-resisted|p1a: Gyarados|1\n|-supereffective|p1b: Sinistcha|1\n|-damage|p1a: Gyarados|88/100\n|-damage|p1b: Sinistcha|28/100\n|-status|p1a: Gyarados|brn\n|move|p1a: Gyarados|Earthquake|p2b: Delphox|[spread] p1b,p2a,p2b\n|-resisted|p1b: Sinistcha|1\n|-supereffective|p2a: Kingambit|1\n|-supereffective|p2b: Delphox|1\n|-damage|p1b: Sinistcha|21/100\n|-damage|p2a: Kingambit|52/100\n|-damage|p2b: Delphox|0 fnt\n|faint|p2b: Delphox\n|move|p2a: Kingambit|Kowtow Cleave|p1b: Sinistcha\n|-supereffective|p1b: Sinistcha|1\n|-damage|p1b: Sinistcha|0 fnt\n|faint|p1b: Sinistcha\n|\n|-damage|p1a: Gyarados|82/100 brn|[from] brn\n|upkeep\n|\n|t:|1776473651\n|switch|p2b: Sinistcha|Sinistcha, L50|100/100\n|-heal|p2a: Kingambit|76/100|[from] ability: Hospitality|[of] p2b: Sinistcha\n|turn|5\n|\n|t:|1776473659\n|move|p1a: Gyarados|Crunch|p2b: Sinistcha\n|-supereffective|p2b: Sinistcha|1\n|-damage|p2b: Sinistcha|60/100\n|move|p2b: Sinistcha|Matcha Gotcha|p1a: Gyarados\n|-supereffective|p1a: Gyarados|1\n|-damage|p1a: Gyarados|36/100 brn\n|-heal|p2b: Sinistcha|82/100|[from] drain|[of] p1a: Gyarados\n|move|p2a: Kingambit|Kowtow Cleave|p1a: Gyarados\n|-resisted|p1a: Gyarados|1\n|-damage|p1a: Gyarados|5/100 brn\n|\n|-damage|p1a: Gyarados|0 fnt|[from] brn\n|faint|p1a: Gyarados\n|\n|win|Mr James Freak\n|raw|Sceptilicious's rating: 1282 &rarr; <strong>1261</strong><br />(-21 for losing)\n|raw|Mr James Freak's rating: 1332 &rarr; <strong>1349</strong><br />(+17 for winning)\n|l|\u2606Mr James Freak\n|player|p2|\n",
  "uploadtime": 1776473671,
  "views": 28,
  "formatid": "gen9championsvgc2026regma",
  "rating": 1261,
  "private": 0,
  "password": null
}