{
  "id": "gen9championsvgc2026regma-2588415874",
  "format": "[Gen 9 Champions] VGC 2026 Reg M-A",
  "players": [
    "sdlt 2krl coolguy",
    "Diecyoddish"
  ],
  "log": "|raw|<div class=\"broadcast-blue\"><strong>This battle is required to be public due to a player having a name starting with 'sdlt'.</div>\n|j|\u2606sdlt 2krl coolguy\n|j|\u2606Diecyoddish\n|t:|1776631636\n|gametype|doubles\n|player|p1|sdlt 2krl coolguy|leon-masters2|1344\n|player|p2|Diecyoddish|brycen|1275\n|gen|9\n|tier|[Gen 9 Champions] VGC 2026 Reg M-A\n|rated|\n|rule|Species Clause: Limit one of each Pok\u00e9mon\n|rule|Item Clause: Limit 1 of each item\n|clearpoke\n|poke|p1|Floette-Eternal, L50, F|\n|poke|p1|Incineroar, L50, M|\n|poke|p1|Sinistcha, L50|\n|poke|p1|Garchomp, L50, M|\n|poke|p1|Sneasler, L50, F|\n|poke|p1|Kingambit, L50, F|\n|poke|p2|Pinsir, L50, M, shiny|\n|poke|p2|Ninetales-Alola, L50, F, shiny|\n|poke|p2|Meowscarada, L50, F, shiny|\n|poke|p2|Gengar, L50, F, shiny|\n|poke|p2|Corviknight, L50, F, shiny|\n|poke|p2|Rotom-Wash, L50|\n|teampreview|4\n|inactive|Battle timer is ON: inactive players will automatically lose when time's up. (requested by Diecyoddish)\n|inactive|sdlt 2krl coolguy also wants the timer to be on.\n|inactive|Diecyoddish has 60 seconds left.\n|\n|t:|1776631672\n|teamsize|p1|4\n|teamsize|p2|4\n|start\n|switch|p1a: Floette|Floette-Eternal, L50, F|100/100\n|switch|p1b: Incineroar|Incineroar, L50, M|100/100\n|switch|p2a: Ninetales|Ninetales-Alola, L50, F, shiny|100/100\n|switch|p2b: Pinsir|Pinsir, L50, M, shiny|100/100\n|-weather|Snowscape|[from] ability: Snow Warning|[of] p2a: Ninetales\n|-ability|p1b: Incineroar|Intimidate|boost\n|-unboost|p2a: Ninetales|atk|1\n|-fail|p2b: Pinsir|unboost|Attack|[from] ability: Hyper Cutter|[of] p2b: Pinsir\n|turn|1\n|\n|t:|1776631694\n|detailschange|p2b: Pinsir|Pinsir-Mega, L50, M, shiny\n|-mega|p2b: Pinsir|Pinsir|Pinsirite\n|move|p1a: Floette|Protect|p1a: Floette\n|-singleturn|p1a: Floette|Protect\n|move|p2a: Ninetales|Encore||[still]\n|-fail|p2a: Ninetales\n|move|p2b: Pinsir|Swords Dance|p2b: Pinsir\n|-boost|p2b: Pinsir|atk|2\n|move|p1b: Incineroar|Parting Shot|p2b: Pinsir\n|-unboost|p2b: Pinsir|atk|1\n|-unboost|p2b: Pinsir|spa|1\n|\n|t:|1776631704\n|switch|p1b: Sneasler|Sneasler, L50, F|100/100|[from] Parting Shot\n|\n|-weather|Snowscape|[upkeep]\n|upkeep\n|turn|2\n|\n|t:|1776631710\n|switch|p1a: Incineroar|Incineroar, L50, M|100/100\n|-ability|p1a: Incineroar|Intimidate|boost\n|-unboost|p2a: Ninetales|atk|1\n|-unboost|p2b: Pinsir|atk|1\n|move|p1b: Sneasler|Fake Out|p2b: Pinsir\n|-damage|p2b: Pinsir|84/100\n|move|p2a: Ninetales|Aurora Veil|p2a: Ninetales\n|-sidestart|p2: Diecyoddish|move: Aurora Veil\n|cant|p2b: Pinsir|flinch\n|\n|-weather|Snowscape|[upkeep]\n|upkeep\n|turn|3\n|\n|t:|1776631728\n|move|p1b: Sneasler|Dire Claw|p2a: Ninetales\n|-supereffective|p2a: Ninetales|1\n|-damage|p2a: Ninetales|38/100\n|move|p2a: Ninetales|Moonblast|p1a: Incineroar\n|-damage|p1a: Incineroar|65/100\n|move|p2b: Pinsir|Body Slam|p1a: Incineroar\n|-damage|p1a: Incineroar|11/100\n|move|p1a: Incineroar|Flare Blitz|p2b: Pinsir\n|-supereffective|p2b: Pinsir|1\n|-damage|p2b: Pinsir|18/100\n|-damage|p1a: Incineroar|0 fnt|[from] Recoil\n|faint|p1a: Incineroar\n|\n|-weather|Snowscape|[upkeep]\n|upkeep\n|\n|t:|1776631740\n|switch|p1a: Floette|Floette-Eternal, L50, F|100/100\n|turn|4\n|\n|t:|1776631748\n|detailschange|p1a: Floette|Floette-Mega, L50, F\n|-mega|p1a: Floette|Floette|Floettite\n|-ability|p1a: Floette|Fairy Aura\n|move|p2b: Pinsir|Quick Attack|p1b: Sneasler\n|-supereffective|p1b: Sneasler|1\n|-damage|p1b: Sneasler|0 fnt\n|faint|p1b: Sneasler\n|move|p2a: Ninetales|Blizzard|p1a: Floette\n|-damage|p1a: Floette|69/100\n|move|p1a: Floette|Moonblast|p2a: Ninetales\n|-damage|p2a: Ninetales|0 fnt\n|faint|p2a: Ninetales\n|\n|-weather|Snowscape|[upkeep]\n|upkeep\n|\n|t:|1776631763\n|switch|p1b: Garchomp|Garchomp, L50, M|100/100\n|switch|p2a: Rotom|Rotom-Wash, L50|100/100\n|turn|5\n|\n|t:|1776631778\n|switch|p2b: Corviknight|Corviknight, L50, F, shiny|100/100\n|move|p1b: Garchomp|Rock Slide|p2b: Corviknight|[spread] p2a,p2b\n|-damage|p2a: Rotom|89/100\n|-damage|p2b: Corviknight|91/100\n|move|p1a: Floette|Dazzling Gleam|p2b: Corviknight|[spread] p2a,p2b\n|-resisted|p2b: Corviknight|1\n|-damage|p2a: Rotom|62/100\n|-damage|p2b: Corviknight|79/100\n|cant|p2a: Rotom|flinch\n|\n|-weather|none\n|-heal|p2b: Corviknight|84/100|[from] item: Leftovers\n|upkeep\n|turn|6\n|\n|t:|1776631793\n|move|p1b: Garchomp|Rock Slide|p2b: Corviknight|[spread] p2a,p2b\n|-damage|p2a: Rotom|48/100\n|-damage|p2b: Corviknight|76/100\n|move|p1a: Floette|Calm Mind|p1a: Floette\n|-boost|p1a: Floette|spa|1\n|-boost|p1a: Floette|spd|1\n|move|p2a: Rotom|Will-O-Wisp|p1b: Garchomp\n|-status|p1b: Garchomp|brn\n|-enditem|p1b: Garchomp|Lum Berry|[eat]\n|-curestatus|p1b: Garchomp|brn|[msg]\n|cant|p2b: Corviknight|flinch\n|\n|-heal|p2b: Corviknight|81/100|[from] item: Leftovers\n|-sideend|p2: Diecyoddish|move: Aurora Veil\n|upkeep\n|turn|7\n|\n|t:|1776631807\n|move|p1b: Garchomp|Rock Slide|p2b: Corviknight|[spread] p2a,p2b\n|-damage|p2a: Rotom|30/100\n|-damage|p2b: Corviknight|69/100\n|move|p1a: Floette|Moonblast|p2b: Corviknight\n|-resisted|p2b: Corviknight|1\n|-damage|p2b: Corviknight|20/100\n|move|p2a: Rotom|Electroweb|p1b: Garchomp|[spread] p1a\n|-immune|p1b: Garchomp\n|-damage|p1a: Floette|62/100\n|-unboost|p1a: Floette|spe|1\n|cant|p2b: Corviknight|flinch\n|\n|-heal|p2b: Corviknight|25/100|[from] item: Leftovers\n|upkeep\n|turn|8\n|\n|t:|1776631825\n|move|p1b: Garchomp|Rock Slide|p2a: Rotom|[spread] p2a,p2b\n|-damage|p2a: Rotom|10/100\n|-damage|p2b: Corviknight|12/100\n|cant|p2a: Rotom|flinch\n|move|p2b: Corviknight|Tailwind|p2b: Corviknight\n|-sidestart|p2: Diecyoddish|move: Tailwind\n|move|p1a: Floette|Dazzling Gleam|p2b: Corviknight|[spread] p2a,p2b\n|-resisted|p2b: Corviknight|1\n|-damage|p2a: Rotom|0 fnt\n|-damage|p2b: Corviknight|0 fnt\n|faint|p2a: Rotom\n|faint|p2b: Corviknight\n|\n|upkeep\n|\n|t:|1776631835\n|switch|p2b: Pinsir|Pinsir-Mega, L50, M, shiny|18/100\n|turn|9\n|\n|t:|1776631842\n|move|p2b: Pinsir|Body Slam|p1a: Floette\n|-damage|p1a: Floette|0 fnt\n|faint|p1a: Floette\n|move|p1b: Garchomp|Dragon Claw|p2b: Pinsir\n|-damage|p2b: Pinsir|0 fnt\n|faint|p2b: Pinsir\n|\n|win|sdlt 2krl coolguy\n|raw|sdlt 2krl coolguy's rating: 1344 &rarr; <strong>1360</strong><br />(+16 for winning)\n|raw|Diecyoddish's rating: 1275 &rarr; <strong>1255</strong><br />(-20 for losing)\n",
  "uploadtime": 1776631842,
  "views": 12,
  "formatid": "gen9championsvgc2026regma",
  "rating": 1255,
  "private": 0,
  "password": null
}