{
  "id": "gen9championsvgc2026regma-2584896948",
  "format": "[Gen 9 Champions] VGC 2026 Reg M-A",
  "players": [
    "Nonobran7",
    "toretoooo"
  ],
  "log": "|j|\u2606Nonobran7\n|j|\u2606toretoooo\n|t:|1776292505\n|gametype|doubles\n|player|p1|Nonobran7|boarder|1016\n|player|p2|toretoooo|170|1102\n|gen|9\n|tier|[Gen 9 Champions] VGC 2026 Reg M-A\n|rated|\n|rule|Species Clause: Limit one of each Pok\u00e9mon\n|rule|Item Clause: Limit 1 of each item\n|clearpoke\n|poke|p1|Aggron, L50, M|\n|poke|p1|Meowscarada, L50, F|\n|poke|p1|Clefable, L50, F|\n|poke|p1|Hatterene, L50, F|\n|poke|p1|Torkoal, L50, F|\n|poke|p1|Maushold-Four, L50|\n|poke|p2|Floette-Eternal, L50, F|\n|poke|p2|Aegislash, L50, F|\n|poke|p2|Garchomp, L50, M|\n|poke|p2|Talonflame, L50, F|\n|poke|p2|Incineroar, L50, F|\n|poke|p2|Rotom-Wash, L50|\n|teampreview|4\n|\n|t:|1776292535\n|teamsize|p1|4\n|teamsize|p2|4\n|start\n|switch|p1a: Aggron|Aggron, L50, M, shiny|100/100\n|switch|p1b: Meowscarada|Meowscarada, L50, F, shiny|100/100\n|switch|p2a: Incineroar|Incineroar, L50, F|100/100\n|switch|p2b: Talonflame|Talonflame, L50, F|100/100\n|-ability|p2a: Incineroar|Intimidate|boost\n|-unboost|p1a: Aggron|atk|1\n|-unboost|p1b: Meowscarada|atk|1\n|turn|1\n|\n|t:|1776292561\n|detailschange|p1a: Aggron|Aggron-Mega, L50, M, shiny\n|-mega|p1a: Aggron|Aggron|Aggronite\n|move|p2a: Incineroar|Fake Out|p1b: Meowscarada\n|-damage|p1b: Meowscarada|85/100\n|move|p2b: Talonflame|Tailwind|p2b: Talonflame\n|-sidestart|p2: toretoooo|move: Tailwind\n|move|p1a: Aggron|Iron Defense|p1a: Aggron\n|-boost|p1a: Aggron|def|2\n|cant|p1b: Meowscarada|flinch\n|\n|upkeep\n|turn|2\n|\n|t:|1776292584\n|move|p2b: Talonflame|Flare Blitz|p1a: Aggron\n|-supereffective|p1a: Aggron|1\n|-damage|p1a: Aggron|83/100\n|-damage|p2b: Talonflame|94/100|[from] Recoil\n|move|p2a: Incineroar|Flare Blitz|p1a: Aggron\n|-supereffective|p1a: Aggron|1\n|-damage|p1a: Aggron|67/100\n|-damage|p2a: Incineroar|96/100|[from] Recoil\n|move|p1a: Aggron|Rock Slide|p2b: Talonflame|[spread] p2a,p2b\n|-supereffective|p2a: Incineroar|1\n|-supereffective|p2b: Talonflame|2\n|-damage|p2a: Incineroar|76/100\n|-damage|p2b: Talonflame|24/100\n|move|p1b: Meowscarada|Trick Room|p1b: Meowscarada\n|-start|p1b: Meowscarada|typechange|Psychic|[from] ability: Protean\n|-fieldstart|move: Trick Room|[of] p1b: Meowscarada\n|\n|-heal|p2a: Incineroar|82/100|[from] item: Leftovers\n|upkeep\n|turn|3\n|\n|t:|1776292614\n|move|p2b: Talonflame|Protect|p2b: Talonflame\n|-singleturn|p2b: Talonflame|Protect\n|move|p1a: Aggron|Rock Slide|p2b: Talonflame|[spread] p2a\n|-activate|p2b: Talonflame|move: Protect\n|-supereffective|p2a: Incineroar|1\n|-damage|p2a: Incineroar|63/100\n|move|p1b: Meowscarada|Flower Trick|p2a: Incineroar\n|-resisted|p2a: Incineroar|1\n|-crit|p2a: Incineroar\n|-damage|p2a: Incineroar|50/100\n|move|p2a: Incineroar|Darkest Lariat|p1b: Meowscarada\n|-supereffective|p1b: Meowscarada|1\n|-damage|p1b: Meowscarada|0 fnt\n|faint|p1b: Meowscarada\n|\n|-heal|p2a: Incineroar|56/100|[from] item: Leftovers\n|upkeep\n|\n|t:|1776292630\n|switch|p1b: Clefable|Clefable, L50, F, shiny|100/100\n|turn|4\n|\n|t:|1776292643\n|move|p1b: Clefable|Follow Me|p1b: Clefable\n|-singleturn|p1b: Clefable|move: Follow Me\n|move|p1a: Aggron|Rock Slide|p2a: Incineroar|[spread] p2a,p2b\n|-supereffective|p2a: Incineroar|1\n|-supereffective|p2b: Talonflame|2\n|-damage|p2a: Incineroar|36/100\n|-damage|p2b: Talonflame|0 fnt\n|faint|p2b: Talonflame\n|move|p2a: Incineroar|Parting Shot|p1b: Clefable\n|-unboost|p1b: Clefable|atk|1\n|-unboost|p1b: Clefable|spa|1\n|\n|t:|1776292654\n|switch|p2a: Garchomp|Garchomp, L50, M|100/100|[from] Parting Shot\n|\n|-sideend|p2: toretoooo|move: Tailwind\n|upkeep\n|\n|t:|1776292663\n|switch|p2b: Incineroar|Incineroar, L50, F|36/100\n|-ability|p2b: Incineroar|Intimidate|boost\n|-unboost|p1a: Aggron|atk|1\n|-unboost|p1b: Clefable|atk|1\n|turn|5\n|\n|t:|1776292685\n|switch|p2b: Rotom|Rotom-Wash, L50|100/100\n|move|p1b: Clefable|Helping Hand|p1a: Aggron\n|-singleturn|p1a: Aggron|Helping Hand|[of] p1b: Clefable\n|move|p1a: Aggron|Rock Slide|p2a: Garchomp|[spread] p2a,p2b\n|-resisted|p2a: Garchomp|1\n|-damage|p2a: Garchomp|95/100\n|-damage|p2b: Rotom|88/100\n|move|p2a: Garchomp|Earthquake|p1a: Aggron|[spread] p1a,p1b\n|-immune|p2b: Rotom|[from] ability: Levitate\n|-supereffective|p1a: Aggron|1\n|-damage|p1a: Aggron|54/100\n|-damage|p1b: Clefable|58/100\n|\n|-heal|p1b: Clefable|64/100|[from] item: Leftovers\n|upkeep\n|turn|6\n|\n|t:|1776292711\n|move|p1a: Aggron|Heavy Slam|p2a: Garchomp\n|-damage|p2a: Garchomp|75/100\n|-damage|p1a: Aggron|41/100|[from] ability: Rough Skin|[of] p2a: Garchomp\n|move|p1b: Clefable|Moonblast|p2a: Garchomp\n|-supereffective|p2a: Garchomp|1\n|-damage|p2a: Garchomp|27/100\n|move|p2b: Rotom|Will-O-Wisp|p1a: Aggron|[miss]\n|-miss|p2b: Rotom|p1a: Aggron\n|move|p2a: Garchomp|Earthquake|p1a: Aggron|[spread] p1a,p1b\n|-immune|p2b: Rotom|[from] ability: Levitate\n|-supereffective|p1a: Aggron|1\n|-damage|p1a: Aggron|26/100\n|-damage|p1b: Clefable|20/100\n|\n|-heal|p1b: Clefable|25/100|[from] item: Leftovers\n|-fieldend|move: Trick Room\n|upkeep\n|turn|7\n|\n|t:|1776292751\n|switch|p1b: Hatterene|Hatterene, L50, F|100/100\n|move|p1a: Aggron|Protect|p1a: Aggron\n|-singleturn|p1a: Aggron|Protect\n|move|p2a: Garchomp|Earthquake|p1b: Hatterene|[spread] p1b\n|-activate|p1a: Aggron|move: Protect\n|-immune|p2b: Rotom|[from] ability: Levitate\n|-damage|p1b: Hatterene|43/100\n|move|p2b: Rotom|Will-O-Wisp|p1a: Aggron\n|-activate|p1a: Aggron|move: Protect\n|\n|upkeep\n|turn|8\n|\n|t:|1776292768\n|move|p2a: Garchomp|Earthquake|p1a: Aggron|[spread] p1a,p1b\n|-immune|p2b: Rotom|[from] ability: Levitate\n|-supereffective|p1a: Aggron|1\n|-damage|p1a: Aggron|10/100\n|-damage|p1b: Hatterene|0 fnt\n|faint|p1b: Hatterene\n|move|p2b: Rotom|Will-O-Wisp|p1a: Aggron\n|-status|p1a: Aggron|brn\n|move|p1a: Aggron|Iron Defense|p1a: Aggron\n|-boost|p1a: Aggron|def|2\n|\n|-damage|p1a: Aggron|4/100 brn|[from] brn\n|upkeep\n|\n|t:|1776292780\n|switch|p1b: Clefable|Clefable, L50, F, shiny|25/100\n|turn|9\n|\n|t:|1776292792\n|move|p1b: Clefable|Helping Hand|p1a: Aggron\n|-singleturn|p1a: Aggron|Helping Hand|[of] p1b: Clefable\n|move|p2a: Garchomp|Earthquake|p1b: Clefable|[spread] p1a,p1b\n|-immune|p2b: Rotom|[from] ability: Levitate\n|-supereffective|p1a: Aggron|1\n|-damage|p1a: Aggron|0 fnt\n|-damage|p1b: Clefable|0 fnt\n|faint|p1a: Aggron\n|faint|p1b: Clefable\n|\n|win|toretoooo\n|raw|Nonobran7's rating: 1016 &rarr; <strong>1007</strong><br />(-9 for losing)\n|raw|toretoooo's rating: 1102 &rarr; <strong>1121</strong><br />(+19 for winning)\n",
  "uploadtime": 1776292792,
  "views": 17,
  "formatid": "gen9championsvgc2026regma",
  "rating": 1007,
  "private": 0,
  "password": null
}