{
  "id": "gen9championsvgc2026regma-2584921064",
  "format": "[Gen 9 Champions] VGC 2026 Reg M-A",
  "players": [
    "TheRealHitchhiker",
    "marwandk"
  ],
  "log": "|j|\u2606TheRealHitchhiker\n|j|\u2606marwandk\n|t:|1776294684\n|gametype|doubles\n|player|p1|TheRealHitchhiker|drayden|1094\n|player|p2|marwandk|1|1072\n|gen|9\n|tier|[Gen 9 Champions] VGC 2026 Reg M-A\n|rated|\n|rule|Species Clause: Limit one of each Pok\u00e9mon\n|rule|Item Clause: Limit 1 of each item\n|clearpoke\n|poke|p1|Starmie, L50|\n|poke|p1|Sneasler, L50, M|\n|poke|p1|Dragonite, L50, F|\n|poke|p1|Politoed, L50, F|\n|poke|p1|Clefable, L50, M|\n|poke|p1|Talonflame, L50, M|\n|poke|p2|Tauros, L50, M|\n|poke|p2|Jolteon, L50, M|\n|poke|p2|Dragonite, L50, F|\n|poke|p2|Starmie, L50|\n|poke|p2|Kangaskhan, L50, F|\n|poke|p2|Aerodactyl, L50, M|\n|teampreview|4\n|c|\u2606marwandk|starmie gang\n|c|\u2606TheRealHitchhiker|brother\n|\n|t:|1776294732\n|teamsize|p1|4\n|teamsize|p2|4\n|start\n|switch|p1a: Talonflame|Talonflame, L50, M|100/100\n|switch|p1b: Starmie|Starmie, L50|100/100\n|switch|p2a: Jolteon|Jolteon, L50, M|100/100\n|switch|p2b: Starmie|Starmie, L50|100/100\n|turn|1\n|\n|t:|1776294763\n|detailschange|p2b: Starmie|Starmie-Mega, L50\n|-mega|p2b: Starmie|Starmie|Starminite\n|detailschange|p1b: Starmie|Starmie-Mega, L50\n|-mega|p1b: Starmie|Starmie|Starminite\n|move|p1b: Starmie|Protect|p1b: Starmie\n|-singleturn|p1b: Starmie|Protect\n|move|p1a: Talonflame|Tailwind|p1a: Talonflame\n|-sidestart|p1: TheRealHitchhiker|move: Tailwind\n|move|p2a: Jolteon|Electroweb|p1b: Starmie|[spread] p1a\n|-activate|p1b: Starmie|move: Protect\n|-supereffective|p1a: Talonflame|1\n|-damage|p1a: Talonflame|35/100\n|-unboost|p1a: Talonflame|spe|1\n|move|p2b: Starmie|Liquidation|p1a: Talonflame\n|-supereffective|p1a: Talonflame|1\n|-damage|p1a: Talonflame|0 fnt\n|faint|p1a: Talonflame\n|\n|upkeep\n|\n|t:|1776294788\n|switch|p1a: Politoed|Politoed, L50, F|100/100\n|-weather|RainDance|[from] ability: Drizzle|[of] p1a: Politoed\n|turn|2\n|\n|t:|1776294828\n|move|p2a: Jolteon|Protect|p2a: Jolteon\n|-singleturn|p2a: Jolteon|Protect\n|move|p1a: Politoed|Protect|p1a: Politoed\n|-singleturn|p1a: Politoed|Protect\n|move|p1b: Starmie|Liquidation|p2b: Starmie\n|-resisted|p2b: Starmie|1\n|-damage|p2b: Starmie|31/100\n|move|p2b: Starmie|Liquidation|p1b: Starmie\n|-resisted|p1b: Starmie|1\n|-damage|p1b: Starmie|37/100\n|-unboost|p1b: Starmie|def|1\n|\n|-weather|RainDance|[upkeep]\n|upkeep\n|turn|3\n|\n|t:|1776294853\n|move|p1b: Starmie|Liquidation|p2a: Jolteon\n|-damage|p2a: Jolteon|0 fnt\n|faint|p2a: Jolteon\n|move|p1a: Politoed|Weather Ball|p2b: Starmie\n|-resisted|p2b: Starmie|1\n|-damage|p2b: Starmie|0 fnt\n|faint|p2b: Starmie\n|\n|-weather|RainDance|[upkeep]\n|upkeep\n|\n|t:|1776294861\n|switch|p2a: Dragonite|Dragonite, L50, F|100/100\n|switch|p2b: Aerodactyl|Aerodactyl, L50, M|100/100\n|-ability|p2b: Aerodactyl|Unnerve\n|turn|4\n|\n|t:|1776294907\n|move|p2b: Aerodactyl|Protect|p2b: Aerodactyl\n|-singleturn|p2b: Aerodactyl|Protect\n|move|p2a: Dragonite|Protect|p2a: Dragonite\n|-singleturn|p2a: Dragonite|Protect\n|move|p1b: Starmie|Liquidation|p2b: Aerodactyl\n|-activate|p2b: Aerodactyl|move: Protect\n|move|p1a: Politoed|Weather Ball|p2b: Aerodactyl\n|-activate|p2b: Aerodactyl|move: Protect\n|\n|-weather|RainDance|[upkeep]\n|-sideend|p1: TheRealHitchhiker|move: Tailwind\n|upkeep\n|turn|5\n|\n|t:|1776294927\n|move|p1b: Starmie|Protect|p1b: Starmie\n|-singleturn|p1b: Starmie|Protect\n|move|p2a: Dragonite|Extreme Speed|p1b: Starmie\n|-activate|p1b: Starmie|move: Protect\n|move|p2b: Aerodactyl|Dual Wingbeat|p1a: Politoed\n|-damage|p1a: Politoed|77/100\n|-damage|p1a: Politoed|56/100\n|-hitcount|p1a: Politoed|2\n|move|p1a: Politoed|Weather Ball|p2b: Aerodactyl\n|-supereffective|p2b: Aerodactyl|1\n|-enditem|p2b: Aerodactyl|Focus Sash\n|-damage|p2b: Aerodactyl|1/100\n|\n|-weather|RainDance|[upkeep]\n|upkeep\n|turn|6\n|\n|t:|1776294953\n|switch|p1b: Clefable|Clefable, L50, M|100/100\n|move|p2b: Aerodactyl|Rock Slide|p1a: Politoed|[spread] p1a,p1b\n|-damage|p1a: Politoed|25/100\n|-damage|p1b: Clefable|81/100\n|move|p2a: Dragonite|Dragon Claw|p1a: Politoed\n|-damage|p1a: Politoed|0 fnt\n|faint|p1a: Politoed\n|\n|-weather|none\n|-heal|p1b: Clefable|87/100|[from] item: Leftovers\n|upkeep\n|\n|t:|1776294965\n|switch|p1a: Starmie|Starmie-Mega, L50|37/100\n|turn|7\n|\n|t:|1776294990\n|move|p2b: Aerodactyl|Protect|p2b: Aerodactyl\n|-singleturn|p2b: Aerodactyl|Protect\n|move|p1a: Starmie|Protect|p1a: Starmie\n|-singleturn|p1a: Starmie|Protect\n|move|p2a: Dragonite|Protect|p2a: Dragonite\n|-singleturn|p2a: Dragonite|Protect\n|move|p1b: Clefable|Moonblast|p2a: Dragonite\n|-activate|p2a: Dragonite|move: Protect\n|\n|-heal|p1b: Clefable|93/100|[from] item: Leftovers\n|upkeep\n|turn|8\n|\n|t:|1776295011\n|move|p2a: Dragonite|Extreme Speed|p1a: Starmie\n|-damage|p1a: Starmie|0 fnt\n|faint|p1a: Starmie\n|move|p2b: Aerodactyl|Rock Slide|p1b: Clefable\n|-damage|p1b: Clefable|61/100\n|move|p1b: Clefable|Moonblast|p2a: Dragonite\n|-supereffective|p2a: Dragonite|1\n|-damage|p2a: Dragonite|41/100\n|\n|-heal|p2a: Dragonite|47/100|[from] item: Leftovers\n|-heal|p1b: Clefable|67/100|[from] item: Leftovers\n|upkeep\n|turn|9\n|inactive|Battle timer is ON: inactive players will automatically lose when time's up. (requested by marwandk)\n|\n|t:|1776295048\n|move|p2a: Dragonite|Extreme Speed|p1b: Clefable\n|-damage|p1b: Clefable|45/100\n|move|p2b: Aerodactyl|Dual Wingbeat|p1b: Clefable\n|-damage|p1b: Clefable|29/100\n|-damage|p1b: Clefable|13/100\n|-hitcount|p1b: Clefable|2\n|move|p1b: Clefable|Moonblast|p2a: Dragonite\n|-supereffective|p2a: Dragonite|1\n|-damage|p2a: Dragonite|0 fnt\n|faint|p2a: Dragonite\n|\n|-heal|p1b: Clefable|19/100|[from] item: Leftovers\n|upkeep\n|turn|10\n|c|\u2606marwandk|omg i can miss and lose\n|\n|t:|1776295072\n|move|p1b: Clefable|Protect|p1b: Clefable\n|-singleturn|p1b: Clefable|Protect\n|move|p2b: Aerodactyl|Dual Wingbeat|p1b: Clefable\n|-activate|p1b: Clefable|move: Protect\n|\n|-heal|p1b: Clefable|25/100|[from] item: Leftovers\n|upkeep\n|turn|11\n|\n|t:|1776295087\n|move|p1b: Clefable|Protect|p1b: Clefable\n|-singleturn|p1b: Clefable|Protect\n|move|p2b: Aerodactyl|Dual Wingbeat|p1b: Clefable\n|-activate|p1b: Clefable|move: Protect\n|\n|-heal|p1b: Clefable|31/100|[from] item: Leftovers\n|upkeep\n|turn|12\n|\n|t:|1776295095\n|move|p2b: Aerodactyl|Dual Wingbeat|p1b: Clefable|[miss]\n|-miss|p2b: Aerodactyl|p1b: Clefable\n|move|p1b: Clefable|Moonblast|p2b: Aerodactyl\n|-damage|p2b: Aerodactyl|0 fnt\n|faint|p2b: Aerodactyl\n|\n|win|TheRealHitchhiker\n|raw|TheRealHitchhiker's rating: 1094 &rarr; <strong>1118</strong><br />(+24 for winning)\n|raw|marwandk's rating: 1072 &rarr; <strong>1053</strong><br />(-19 for losing)\n|c|\u2606TheRealHitchhiker|gg\n|c|\u2606marwandk|dam ggs\n",
  "uploadtime": 1776295104,
  "views": 39,
  "formatid": "gen9championsvgc2026regma",
  "rating": 1053,
  "private": 0,
  "password": null
}