{
  "id": "gen9championsvgc2026regma-2581389393",
  "format": "[Gen 9 Champions] VGC 2026 Reg M-A",
  "players": [
    "Sturdy_Sand_",
    "soulo333"
  ],
  "log": "|j|\u2606Sturdy_Sand_\n|j|\u2606soulo333\n|t:|1775995182\n|gametype|doubles\n|player|p1|Sturdy_Sand_|beauty-gen4dp|1082\n|player|p2|soulo333|2|1139\n|gen|9\n|tier|[Gen 9 Champions] VGC 2026 Reg M-A\n|rated|\n|rule|Species Clause: Limit one of each Pok\u00e9mon\n|rule|Item Clause: Limit 1 of each item\n|clearpoke\n|poke|p1|Victreebel, L50, M|\n|poke|p1|Whimsicott, L50, F|\n|poke|p1|Ninetales, L50, F|\n|poke|p1|Incineroar, L50, M|\n|poke|p1|Corviknight, L50, F|\n|poke|p1|Sneasler, L50, F|\n|poke|p2|Charizard, L50, F|\n|poke|p2|Kingambit, L50, F|\n|poke|p2|Rotom-Wash, L50|\n|poke|p2|Sinistcha, L50|\n|poke|p2|Ninetales-Alola, L50, F|\n|poke|p2|Sneasler, L50, F|\n|teampreview|4\n|c|\u2606Sturdy_Sand_|Oooo\n|c|\u2606Sturdy_Sand_|double weather?\n|c|\u2606Sturdy_Sand_|You don\u2019t gotta tell me, but nice\n|c|\u2606soulo333|I was gonna ask you the same thing but remembered that Corv has no weather\n|c|\u2606Sturdy_Sand_|Well, double tailwind\n|c|\u2606Sturdy_Sand_|just in case\n|\n|t:|1775995243\n|teamsize|p1|4\n|teamsize|p2|4\n|start\n|switch|p1a: Whimsicott|Whimsicott, L50, F|100/100\n|switch|p1b: Sneasler|Sneasler, L50, F|100/100\n|switch|p2a: Kingambit|Kingambit, L50, F|100/100\n|switch|p2b: Sneasler|Sneasler, L50, F|100/100\n|turn|1\n|c|\u2606soulo333|good to know :D\n|c|\u2606Sturdy_Sand_|;)\n|c|\u2606Sturdy_Sand_|I don\u2019t mind\n|\n|t:|1775995258\n|move|p2a: Kingambit|Protect|p2a: Kingambit\n|-singleturn|p2a: Kingambit|Protect\n|move|p1b: Sneasler|Fake Out|p2b: Sneasler\n|-damage|p2b: Sneasler|78/100\n|-immune|p2b: Sneasler\n|move|p1a: Whimsicott|Tailwind|p1a: Whimsicott\n|-sidestart|p1: Sturdy_Sand_|move: Tailwind\n|cant|p2b: Sneasler|flinch\n|\n|upkeep\n|turn|2\n|\n|t:|1775995277\n|switch|p2a: Charizard|Charizard, L50, F|100/100\n|move|p1a: Whimsicott|Taunt|p2a: Charizard\n|-start|p2a: Charizard|move: Taunt\n|move|p1b: Sneasler|Close Combat|p2a: Charizard\n|-resisted|p2a: Charizard|1\n|-damage|p2a: Charizard|69/100\n|-unboost|p1b: Sneasler|def|1\n|-unboost|p1b: Sneasler|spd|1\n|-status|p2a: Charizard|psn|[from] ability: Poison Touch|[of] p1b: Sneasler\n|move|p2b: Sneasler|Close Combat|p1b: Sneasler\n|-resisted|p1b: Sneasler|1\n|-damage|p1b: Sneasler|13/100\n|-unboost|p2b: Sneasler|def|1\n|-unboost|p2b: Sneasler|spd|1\n|-enditem|p2b: Sneasler|White Herb\n|-clearnegativeboost|p2b: Sneasler|[silent]\n|\n|-damage|p2a: Charizard|57/100 psn|[from] psn\n|upkeep\n|turn|3\n|\n|t:|1775995311\n|switch|p2a: Kingambit|Kingambit, L50, F|100/100\n|move|p1a: Whimsicott|Protect|p1a: Whimsicott\n|-singleturn|p1a: Whimsicott|Protect\n|move|p1b: Sneasler|Dire Claw|p2a: Kingambit\n|-immune|p2a: Kingambit\n|move|p2b: Sneasler|Dire Claw|p1b: Sneasler\n|-resisted|p1b: Sneasler|1\n|-damage|p1b: Sneasler|0 fnt\n|faint|p1b: Sneasler\n|\n|upkeep\n|\n|t:|1775995316\n|switch|p1b: Victreebel|Victreebel, L50, M, shiny|100/100\n|turn|4\n|\n|t:|1775995326\n|switch|p1a: Ninetales|Ninetales, L50, F|100/100\n|-weather|SunnyDay|[from] ability: Drought|[of] p1a: Ninetales\n|detailschange|p1b: Victreebel|Victreebel-Mega, L50, M, shiny\n|-mega|p1b: Victreebel|Victreebel|Victreebelite\n|move|p2b: Sneasler|Dire Claw|p1a: Ninetales\n|-damage|p1a: Ninetales|44/100\n|move|p1b: Victreebel|Growth|p1b: Victreebel\n|-boost|p1b: Victreebel|atk|2\n|-boost|p1b: Victreebel|spa|2\n|move|p2a: Kingambit|Iron Head|p1a: Ninetales\n|-resisted|p1a: Ninetales|1\n|-damage|p1a: Ninetales|18/100\n|\n|-weather|SunnyDay|[upkeep]\n|-sideend|p1: Sturdy_Sand_|move: Tailwind\n|upkeep\n|turn|5\n|\n|t:|1775995349\n|move|p1a: Ninetales|Helping Hand|p1b: Victreebel\n|-singleturn|p1b: Victreebel|Helping Hand|[of] p1a: Ninetales\n|move|p2b: Sneasler|Dire Claw|p1a: Ninetales\n|-damage|p1a: Ninetales|0 fnt\n|faint|p1a: Ninetales\n|move|p1b: Victreebel|Solar Beam||[still]\n|-prepare|p1b: Victreebel|Solar Beam\n|-anim|p1b: Victreebel|Solar Beam|p2a: Kingambit\n|-resisted|p2a: Kingambit|1\n|-crit|p2a: Kingambit\n|-damage|p2a: Kingambit|0 fnt\n|faint|p2a: Kingambit\n|\n|-weather|SunnyDay|[upkeep]\n|upkeep\n|c|\u2606Sturdy_Sand_|Oh my\n|c|\u2606Sturdy_Sand_|and a crit\n|c|\u2606Sturdy_Sand_|\ud83d\ude2d\n|\n|t:|1775995371\n|switch|p1a: Whimsicott|Whimsicott, L50, F|100/100\n|switch|p2a: Ninetales|Ninetales-Alola, L50, F|100/100\n|-weather|Snowscape|[from] ability: Snow Warning|[of] p2a: Ninetales\n|turn|6\n|\n|t:|1775995387\n|move|p1b: Victreebel|Protect|p1b: Victreebel\n|-singleturn|p1b: Victreebel|Protect\n|move|p1a: Whimsicott|Taunt|p2a: Ninetales\n|-start|p2a: Ninetales|move: Taunt\n|move|p2b: Sneasler|Dire Claw|p1a: Whimsicott\n|-supereffective|p1a: Whimsicott|2\n|-damage|p1a: Whimsicott|0 fnt\n|faint|p1a: Whimsicott\n|move|p2a: Ninetales|Icy Wind|p1b: Victreebel\n|-activate|p1b: Victreebel|move: Protect\n|\n|-weather|Snowscape|[upkeep]\n|upkeep\n|turn|7\n|\n|t:|1775995400\n|move|p2b: Sneasler|Dire Claw|p1b: Victreebel\n|-damage|p1b: Victreebel|44/100\n|move|p2a: Ninetales|Blizzard|p1b: Victreebel\n|-supereffective|p1b: Victreebel|1\n|-damage|p1b: Victreebel|0 fnt\n|-damage|p2a: Ninetales|54/100|[from] ability: Innards Out|[of] p1b: Victreebel\n|faint|p1b: Victreebel\n|\n|win|soulo333\n|raw|Sturdy_Sand_'s rating: 1082 &rarr; <strong>1063</strong><br />(-19 for losing)\n|raw|soulo333's rating: 1139 &rarr; <strong>1160</strong><br />(+21 for winning)\n",
  "uploadtime": 1775995400,
  "views": 20,
  "formatid": "gen9championsvgc2026regma",
  "rating": 1063,
  "private": 0,
  "password": null
}