{
  "id": "gen9championsvgc2026regma-2588140320",
  "format": "[Gen 9 Champions] VGC 2026 Reg M-A",
  "players": [
    "magicalarcher57",
    "mynamegrassgreen"
  ],
  "log": "|j|\u2606magicalarcher57\n|j|\u2606mynamegrassgreen\n|html|<table width=\"100%\"><tr><td align=\"left\">magicalarcher57</td><td align=\"right\">mynamegrassgreen</tr><tr><td align=\"left\"><i class=\"fa fa-circle-o\"></i> <i class=\"fa fa-circle-o\"></i> </td><td align=\"right\"><i class=\"fa fa-circle-o\"></i> <i class=\"fa fa-circle-o\"></i> </tr></table>\n|uhtml|bestof|<h2><strong>Game 1</strong> of <a href=\"/game-bestof3-gen9championsvgc2026regma-2588140319\">a best-of-3</a></h2>\n|t:|1776608413\n|gametype|doubles\n|player|p1|magicalarcher57|valerie|\n|player|p2|mynamegrassgreen|n-masters|\n|gen|9\n|tier|[Gen 9 Champions] VGC 2026 Reg M-A\n|rated|Tournament battle\n|rule|Species Clause: Limit one of each Pok\u00e9mon\n|rule|Item Clause: Limit 1 of each item\n|raw|<div class=\"infobox\"><details class=\"readmore\" open><summary><strong>2 custom rules:</strong></summary> Force Open Team Sheets, Best of = 3</details></div>\n|clearpoke\n|poke|p1|Kangaskhan, L50, F, shiny|\n|poke|p1|Farigiraf, L50, M, shiny|\n|poke|p1|Talonflame, L50, M, shiny|\n|poke|p1|Floette-Eternal, L50, F|\n|poke|p1|Sneasler, L50, F, shiny|\n|poke|p1|Basculegion, L50, M|\n|poke|p2|Kommo-o, L50, F|\n|poke|p2|Gengar, L50, M|\n|poke|p2|Whimsicott, L50, F|\n|poke|p2|Sinistcha-Masterpiece, L50|\n|poke|p2|Incineroar, L50, F|\n|poke|p2|Kingambit, L50, F|\n|teampreview|4\n|showteam|p1|Kangaskhan||Kangaskhanite|Scrappy|FakeOut,HammerArm,DoubleEdge,Crunch|||F|||50|]Farigiraf||ColburBerry|ArmorTail|ShadowBall,HyperVoice,TrickRoom,Psychic|||M|||50|]Talonflame||SharpBeak|GaleWings|Tailwind,Taunt,Protect,BraveBird|||M|||50|]Floette-Eternal||Floettite|FlowerVeil|Moonblast,LightofRuin,DazzlingGleam,Protect|||F|||50|]Sneasler||FocusSash|Unburden|FakeOut,CloseCombat,DireClaw,Protect|||F|||50|]Basculegion||MysticWater|Adaptability|AquaJet,LastRespects,Protect,WaveCrash|||M|||50|\n|showteam|p2|Kommo-o||Leftovers|Overcoat|ClangorousSoul,ClangingScales,AuraSphere,Protect|||F|||50|]Gengar||Gengarite|CursedBody|ShadowBall,PerishSong,Substitute,Protect|||M|||50|]Whimsicott||FocusSash|Prankster|Moonblast,Encore,Tailwind,Protect|||F|||50|]Sinistcha-Masterpiece||SitrusBerry|Hospitality|MatchaGotcha,RagePowder,TrickRoom,StrengthSap||||||50|]Incineroar||ShucaBerry|Intimidate|FakeOut,FlareBlitz,Protect,PartingShot|||F|||50|]Kingambit||ChopleBerry|Defiant|SuckerPunch,IronHead,SwordsDance,Protect|||F|||50|\n|c|\u2606magicalarcher57|glhf\n|c|\u2606mynamegrassgreen|glhf boss\n|j| buh cat vgc\n|j| psychic system\n|j| ZuriHan\n|c|\u2606mynamegrassgreen|no ttar makes this awkward for me\n|c|\u2606magicalarcher57|lol\n|\n|t:|1776608540\n|teamsize|p1|4\n|teamsize|p2|4\n|start\n|switch|p1a: Ryoiki Tenkai|Farigiraf, L50, M, shiny|100/100\n|switch|p1b: Kangaskhan|Kangaskhan, L50, F, shiny|100/100\n|switch|p2a: Kingambit|Kingambit, L50, F|100/100\n|switch|p2b: beer|Sinistcha-Masterpiece, L50|100/100\n|turn|1\n|c|\u2606magicalarcher57|its awkard for both of us\n|c|\u2606magicalarcher57|but im gonna do the linear lead\n|\n|t:|1776608556\n|detailschange|p1b: Kangaskhan|Kangaskhan-Mega, L50, F, shiny\n|-mega|p1b: Kangaskhan|Kangaskhan|Kangaskhanite\n|move|p2a: Kingambit|Protect|p2a: Kingambit\n|-singleturn|p2a: Kingambit|Protect\n|move|p1b: Kangaskhan|Crunch|p2b: beer\n|-supereffective|p2b: beer|1\n|-damage|p2b: beer|45/100\n|-enditem|p2b: beer|Sitrus Berry|[eat]\n|-heal|p2b: beer|70/100|[from] item: Sitrus Berry\n|-supereffective|p2b: beer|1\n|-damage|p2b: beer|58/100\n|-hitcount|p2b: beer|2\n|move|p2b: beer|Strength Sap|p1b: Kangaskhan\n|-unboost|p1b: Kangaskhan|atk|1\n|-heal|p2b: beer|100/100\n|move|p1a: Ryoiki Tenkai|Trick Room|p1a: Ryoiki Tenkai\n|-fieldstart|move: Trick Room|[of] p1a: Ryoiki Tenkai\n|\n|upkeep\n|turn|2\n|c| buh cat vgc|what ko is mystic basc for?\n|c|\u2606magicalarcher57|there are aqua jet calcs and wave crash kills charizar d y in sun\n|c|\u2606mynamegrassgreen|excuse me child protective services\n|c|\u2606mynamegrassgreen|this player is forcing small babies to fight\n|c| buh cat vgc|interesting\n|c|\u2606magicalarcher57|LOLLL\n|c|\u2606mynamegrassgreen|pls take him to jail\n|c| buh cat vgc|ty!\n|\n|t:|1776608630\n|move|p2b: beer|Rage Powder|p2b: beer\n|-singleturn|p2b: beer|move: Rage Powder\n|move|p2a: Kingambit|Swords Dance|p2a: Kingambit\n|-boost|p2a: Kingambit|atk|2\n|move|p1a: Ryoiki Tenkai|Shadow Ball|p2b: beer\n|-supereffective|p2b: beer|1\n|-damage|p2b: beer|48/100\n|move|p1b: Kangaskhan|Crunch|p2b: beer\n|-supereffective|p2b: beer|1\n|-damage|p2b: beer|12/100\n|-supereffective|p2b: beer|1\n|-damage|p2b: beer|3/100\n|-hitcount|p2b: beer|2\n|\n|upkeep\n|turn|3\n|j| A!! M1GHT\n|j|+35Q71N\n|\n|t:|1776608653\n|switch|p2b: The King|Incineroar, L50, F|100/100\n|-ability|p2b: The King|Intimidate|boost\n|-unboost|p1a: Ryoiki Tenkai|atk|1\n|-unboost|p1b: Kangaskhan|atk|1\n|move|p2a: Kingambit|Protect|p2a: Kingambit\n|-singleturn|p2a: Kingambit|Protect\n|move|p1a: Ryoiki Tenkai|Shadow Ball|p2b: The King\n|-resisted|p2b: The King|1\n|-damage|p2b: The King|91/100\n|move|p1b: Kangaskhan|Hammer Arm|p2a: Kingambit\n|-activate|p2a: Kingambit|move: Protect\n|\n|upkeep\n|turn|4\n|l| A!! M1GHT\n|\n|t:|1776608677\n|move|p2a: Kingambit|Iron Head|p1b: Kangaskhan\n|-damage|p1b: Kangaskhan|28/100\n|move|p1a: Ryoiki Tenkai|Hyper Voice|p2a: Kingambit|[spread] p2a,p2b\n|-resisted|p2a: Kingambit|1\n|-damage|p2a: Kingambit|85/100\n|-damage|p2b: The King|64/100\n|move|p2b: The King|Flare Blitz|p1b: Kangaskhan\n|-damage|p1b: Kangaskhan|0 fnt\n|faint|p1b: Kangaskhan\n|-damage|p2b: The King|54/100|[from] Recoil\n|\n|upkeep\n|\n|t:|1776608685\n|switch|p1b: Sneasler|Sneasler, L50, F, shiny|100/100\n|turn|5\n|c|\u2606magicalarcher57|thats one slow incin\n|\n|t:|1776608699\n|move|p2a: Kingambit|Protect|p2a: Kingambit\n|-singleturn|p2a: Kingambit|Protect\n|move|p1b: Sneasler|Fake Out|p2a: Kingambit\n|-activate|p2a: Kingambit|move: Protect\n|move|p1a: Ryoiki Tenkai|Shadow Ball|p2b: The King\n|-resisted|p2b: The King|1\n|-damage|p2b: The King|46/100\n|-unboost|p2b: The King|spd|1\n|move|p2b: The King|Flare Blitz|p1b: Sneasler\n|-damage|p1b: Sneasler|17/100\n|-damage|p2b: The King|24/100|[from] Recoil\n|\n|-fieldend|move: Trick Room\n|upkeep\n|turn|6\n|c|\u2606mynamegrassgreen|im perish, the slower the better :D\n|j| poyolo33\n|\n|t:|1776608733\n|switch|p2b: beer|Sinistcha-Masterpiece, L50|3/100\n|-heal|p2a: Kingambit|100/100|[from] ability: Hospitality|[of] p2b: beer\n|move|p1b: Sneasler|Protect|p1b: Sneasler\n|-singleturn|p1b: Sneasler|Protect\n|move|p1a: Ryoiki Tenkai|Hyper Voice|p2a: Kingambit|[spread] p2a\n|-immune|p2b: beer\n|-resisted|p2a: Kingambit|1\n|-damage|p2a: Kingambit|84/100\n|move|p2a: Kingambit|Iron Head|p1b: Sneasler\n|-activate|p1b: Sneasler|move: Protect\n|\n|upkeep\n|turn|7\n|\n|t:|1776608745\n|switch|p1b: Basculegion|Basculegion, L50, M|100/100\n|move|p2b: beer|Rage Powder|p2b: beer\n|-singleturn|p2b: beer|move: Rage Powder\n|move|p1a: Ryoiki Tenkai|Psychic|p2b: beer\n|-damage|p2b: beer|0 fnt\n|faint|p2b: beer\n|move|p2a: Kingambit|Iron Head|p1b: Basculegion\n|-resisted|p1b: Basculegion|1\n|-damage|p1b: Basculegion|47/100\n|\n|upkeep\n|\n|t:|1776608772\n|switch|p2b: The King|Incineroar, L50, F|24/100\n|-ability|p2b: The King|Intimidate|boost\n|-unboost|p1a: Ryoiki Tenkai|atk|1\n|-unboost|p1b: Basculegion|atk|1\n|turn|8\n|\n|t:|1776608782\n|move|p1b: Basculegion|Wave Crash|p2a: Kingambit\n|-damage|p2a: Kingambit|35/100\n|-damage|p1b: Basculegion|32/100|[from] Recoil\n|move|p2b: The King|Flare Blitz|p1a: Ryoiki Tenkai\n|-damage|p1a: Ryoiki Tenkai|55/100\n|-damage|p2b: The King|8/100|[from] Recoil\n|move|p1a: Ryoiki Tenkai|Hyper Voice|p2b: The King|[spread] p2a,p2b\n|-resisted|p2a: Kingambit|1\n|-damage|p2a: Kingambit|17/100\n|-damage|p2b: The King|0 fnt\n|faint|p2b: The King\n|move|p2a: Kingambit|Iron Head|p1a: Ryoiki Tenkai\n|-damage|p1a: Ryoiki Tenkai|0 fnt\n|faint|p1a: Ryoiki Tenkai\n|\n|upkeep\n|j| Forever1507\n|\n|t:|1776608794\n|switch|p2b: LET IT RIP|Kommo-o, L50, F|100/100\n|switch|p1a: Sneasler|Sneasler, L50, F, shiny|17/100\n|turn|9\n|\n|t:|1776608808\n|move|p2a: Kingambit|Protect|p2a: Kingambit\n|-singleturn|p2a: Kingambit|Protect\n|move|p1a: Sneasler|Fake Out|p2b: LET IT RIP\n|-damage|p2b: LET IT RIP|87/100\n|move|p1b: Basculegion|Aqua Jet|p2a: Kingambit\n|-activate|p2a: Kingambit|move: Protect\n|cant|p2b: LET IT RIP|flinch\n|\n|-heal|p2b: LET IT RIP|93/100|[from] item: Leftovers\n|upkeep\n|turn|10\n|c|\u2606mynamegrassgreen|phew\n|c|\u2606magicalarcher57|hmm\n|\n|t:|1776608825\n|move|p2a: Kingambit|Sucker Punch|p1a: Sneasler\n|-resisted|p1a: Sneasler|1\n|-damage|p1a: Sneasler|0 fnt\n|faint|p1a: Sneasler\n|move|p2b: LET IT RIP|Clanging Scales|p1b: Basculegion\n|-damage|p1b: Basculegion|0 fnt\n|faint|p1b: Basculegion\n|\n|win|mynamegrassgreen\n",
  "uploadtime": 1776608825,
  "views": 5,
  "formatid": "gen9championsvgc2026regma",
  "rating": null,
  "private": 0,
  "password": null
}