{
  "id": "gen9championsvgc2026regma-2583360361",
  "format": "[Gen 9 Champions] VGC 2026 Reg M-A",
  "players": [
    "Davidngtigtig",
    "Nqms"
  ],
  "log": "|j|\u203dDavidngtigtig\n|j|\u2606Nqms\n|t:|1776170056\n|gametype|doubles\n|player|p1|Davidngtigtig|265|1174\n|player|p2|Nqms|ethan|1141\n|gen|9\n|tier|[Gen 9 Champions] VGC 2026 Reg M-A\n|rated|\n|rule|Species Clause: Limit one of each Pok\u00e9mon\n|rule|Item Clause: Limit 1 of each item\n|clearpoke\n|poke|p1|Starmie, L50|\n|poke|p1|Incineroar, L50, M|\n|poke|p1|Archaludon, L50, F|\n|poke|p1|Pelipper, L50, M|\n|poke|p1|Mamoswine, L50, F|\n|poke|p1|Gengar, L50, F|\n|poke|p2|Froslass, L50, F|\n|poke|p2|Orthworm, L50, M|\n|poke|p2|Garchomp, L50, M|\n|poke|p2|Incineroar, L50, F|\n|poke|p2|Basculegion, L50, M|\n|poke|p2|Rotom-Frost, L50|\n|teampreview|4\n|inactive|Battle timer is ON: inactive players will automatically lose when time's up. (requested by Nqms)\n|\n|t:|1776170081\n|teamsize|p1|4\n|teamsize|p2|4\n|start\n|switch|p1a: Incineroar|Incineroar, L50, M|100/100\n|switch|p1b: Archaludon|Archaludon, L50, F|100/100\n|switch|p2a: Orthworm|Orthworm, L50, M|100/100\n|switch|p2b: Garchomp|Garchomp, L50, M|100/100\n|-ability|p1a: Incineroar|Intimidate|boost\n|-unboost|p2a: Orthworm|atk|1\n|-unboost|p2b: Garchomp|atk|1\n|turn|1\n|\n|t:|1776170100\n|switch|p1b: Mamoswine|Mamoswine, L50, F|100/100\n|move|p1a: Incineroar|Fake Out|p2b: Garchomp\n|-damage|p2b: Garchomp|90/100\n|-damage|p1a: Incineroar|88/100|[from] ability: Rough Skin|[of] p2b: Garchomp\n|cant|p2b: Garchomp|flinch\n|move|p2a: Orthworm|Body Press|p1b: Mamoswine\n|-supereffective|p1b: Mamoswine|1\n|-damage|p1b: Mamoswine|38/100\n|\n|upkeep\n|turn|2\n|inactive|Davidngtigtig has 30 seconds left.\n|\n|t:|1776170128\n|move|p2b: Garchomp|Protect|p2b: Garchomp\n|-singleturn|p2b: Garchomp|Protect\n|move|p1b: Mamoswine|Icicle Crash|p2b: Garchomp\n|-activate|p2b: Garchomp|move: Protect\n|move|p2a: Orthworm|Rock Slide|p1a: Incineroar|[spread] p1a,p1b\n|-supereffective|p1a: Incineroar|1\n|-damage|p1a: Incineroar|72/100\n|-damage|p1b: Mamoswine|28/100\n|move|p1a: Incineroar|Will-O-Wisp|p2a: Orthworm\n|-status|p2a: Orthworm|brn\n|\n|-damage|p2a: Orthworm|94/100 brn|[from] brn\n|upkeep\n|turn|3\n|\n|t:|1776170150\n|switch|p2b: Rotom|Rotom-Frost, L50|100/100\n|move|p1b: Mamoswine|Icicle Crash|p2b: Rotom\n|-resisted|p2b: Rotom|1\n|-damage|p2b: Rotom|77/100\n|move|p2a: Orthworm|Shed Tail|p2a: Orthworm\n|-start|p2a: Orthworm|Substitute|[from] move: Shed Tail\n|-damage|p2a: Orthworm|44/100 brn\n|\n|t:|1776170161\n|switch|p2a: Froslass|Froslass, L50, F|100/100|[from] Shed Tail\n|move|p1a: Incineroar|Darkest Lariat|p2a: Froslass\n|-supereffective|p2a: Froslass|1\n|-end|p2a: Froslass|Substitute\n|\n|upkeep\n|turn|4\n|inactive|Davidngtigtig has 30 seconds left.\n|\n|t:|1776170187\n|switch|p1b: Archaludon|Archaludon, L50, F|100/100\n|detailschange|p2a: Froslass|Froslass-Mega, L50, F\n|-mega|p2a: Froslass|Froslass|Froslassite\n|-weather|Snowscape|[from] ability: Snow Warning|[of] p2a: Froslass\n|move|p2a: Froslass|Blizzard|p1b: Archaludon|[spread] p1a,p1b\n|-resisted|p1a: Incineroar|1\n|-damage|p1a: Incineroar|52/100\n|-damage|p1b: Archaludon|36/100\n|move|p2b: Rotom|Blizzard|p1a: Incineroar|[spread] p1a,p1b\n|-resisted|p1a: Incineroar|1\n|-damage|p1a: Incineroar|40/100\n|-damage|p1b: Archaludon|0 fnt\n|-status|p1a: Incineroar|frz\n|-enditem|p1a: Incineroar|Lum Berry|[eat]\n|-curestatus|p1a: Incineroar|frz|[msg]\n|faint|p1b: Archaludon\n|move|p1a: Incineroar|Darkest Lariat|p2a: Froslass\n|-supereffective|p2a: Froslass|1\n|-damage|p2a: Froslass|34/100\n|\n|-weather|Snowscape|[upkeep]\n|upkeep\n|\n|t:|1776170209\n|switch|p1b: Pelipper|Pelipper, L50, M|100/100\n|-weather|RainDance|[from] ability: Drizzle|[of] p1b: Pelipper\n|turn|5\n|\n|t:|1776170220\n|switch|p2a: Orthworm|Orthworm, L50, M|44/100 brn\n|move|p1b: Pelipper|Wide Guard|p1b: Pelipper\n|-singleturn|p1b: Pelipper|Wide Guard\n|move|p2b: Rotom|Thunderbolt|p1b: Pelipper\n|-supereffective|p1b: Pelipper|2\n|-damage|p1b: Pelipper|0 fnt\n|faint|p1b: Pelipper\n|move|p1a: Incineroar|Darkest Lariat|p2a: Orthworm\n|-damage|p2a: Orthworm|17/100 brn\n|\n|-weather|RainDance|[upkeep]\n|-heal|p2a: Orthworm|23/100 brn|[from] item: Leftovers\n|-damage|p2a: Orthworm|17/100 brn|[from] brn\n|upkeep\n|\n|t:|1776170236\n|switch|p1b: Mamoswine|Mamoswine, L50, F|28/100\n|turn|6\n|\n|t:|1776170253\n|move|p1b: Mamoswine|Ice Shard|p2a: Orthworm\n|-resisted|p2a: Orthworm|1\n|-damage|p2a: Orthworm|8/100 brn\n|move|p2a: Orthworm|Body Press|p1a: Incineroar\n|-supereffective|p1a: Incineroar|1\n|-damage|p1a: Incineroar|17/100\n|move|p2b: Rotom|Will-O-Wisp|p1b: Mamoswine\n|-status|p1b: Mamoswine|brn\n|move|p1a: Incineroar|Darkest Lariat|p2b: Rotom\n|-damage|p2b: Rotom|43/100\n|\n|-weather|RainDance|[upkeep]\n|-heal|p2a: Orthworm|14/100 brn|[from] item: Leftovers\n|-damage|p1b: Mamoswine|22/100 brn|[from] brn\n|-damage|p2a: Orthworm|8/100 brn|[from] brn\n|upkeep\n|turn|7\n|-message|Davidngtigtig forfeited.\n|\n|win|Nqms\n|raw|Davidngtigtig's rating: 1174 &rarr; <strong>1147</strong><br />(-27 for losing)\n|raw|Nqms's rating: 1141 &rarr; <strong>1168</strong><br />(+27 for winning)\n|l|\u203dDavidngtigtig\n|player|p1|\n",
  "uploadtime": 1776170367,
  "views": 22,
  "formatid": "gen9championsvgc2026regma",
  "rating": 1147,
  "private": 0,
  "password": null
}