{
  "id": "gen9championsvgc2026regma-2585364853",
  "format": "[Gen 9 Champions] VGC 2026 Reg M-A",
  "players": [
    "NegaiFreak",
    "wei133025"
  ],
  "log": "|j|\u2606NegaiFreak\n|j|\u2606wei133025\n|t:|1776341626\n|gametype|doubles\n|player|p1|NegaiFreak|265|1369\n|player|p2|wei133025|ghetsis-gen5bw|1317\n|gen|9\n|tier|[Gen 9 Champions] VGC 2026 Reg M-A\n|rated|\n|rule|Species Clause: Limit one of each Pok\u00e9mon\n|rule|Item Clause: Limit 1 of each item\n|clearpoke\n|poke|p1|Archaludon, L50, M|\n|poke|p1|Pelipper, L50, F|\n|poke|p1|Basculegion, L50, M|\n|poke|p1|Meganium, L50, F|\n|poke|p1|Maushold-Four, L50|\n|poke|p1|Farigiraf, L50, M|\n|poke|p2|Froslass, L50, F|\n|poke|p2|Goodra-Hisui, L50, F|\n|poke|p2|Incineroar, L50, F|\n|poke|p2|Sinistcha-Masterpiece, L50|\n|poke|p2|Aerodactyl, L50, M|\n|poke|p2|Sneasler, L50, M|\n|teampreview|4\n|inactive|Battle timer is ON: inactive players will automatically lose when time's up. (requested by NegaiFreak)\n|inactive|wei133025 also wants the timer to be on.\n|c|\u2606NegaiFreak|GLHF\n|inactive|NegaiFreak has 60 seconds left.\n|inactive|wei133025 has 60 seconds left.\nwei133025 rejected open team sheets.\n|\n|t:|1776341686\n|teamsize|p1|4\n|teamsize|p2|4\n|start\n|switch|p1a: Archaludon|Archaludon, L50, M|100/100\n|switch|p1b: Farigiraf|Farigiraf, L50, M|100/100\n|switch|p2a: Froslass|Froslass, L50, F|100/100\n|switch|p2b: Goodra|Goodra-Hisui, L50, F|100/100\n|turn|1\n|\n|t:|1776341708\n|move|p2a: Froslass|Protect|p2a: Froslass\n|-singleturn|p2a: Froslass|Protect\n|move|p1a: Archaludon|Protect|p1a: Archaludon\n|-singleturn|p1a: Archaludon|Protect\n|move|p1b: Farigiraf|Psychic|p2a: Froslass\n|-activate|p2a: Froslass|move: Protect\n|move|p2b: Goodra|Shelter|p2b: Goodra\n|-boost|p2b: Goodra|def|2\n|\n|upkeep\n|turn|2\n|inactive|wei133025 has 30 seconds left.\n|\n|t:|1776341735\n|detailschange|p2a: Froslass|Froslass-Mega, L50, F\n|-mega|p2a: Froslass|Froslass|Froslassite\n|-weather|Snowscape|[from] ability: Snow Warning|[of] p2a: Froslass\n|move|p2a: Froslass|Blizzard|p1b: Farigiraf|[spread] p1a,p1b\n|-damage|p1a: Archaludon|41/100\n|-damage|p1b: Farigiraf|63/100\n|move|p1a: Archaludon|Flash Cannon|p2a: Froslass\n|-supereffective|p2a: Froslass|1\n|-damage|p2a: Froslass|6/100\n|move|p1b: Farigiraf|Psychic|p2a: Froslass\n|-damage|p2a: Froslass|0 fnt\n|faint|p2a: Froslass\n|move|p2b: Goodra|Body Press|p1a: Archaludon\n|-supereffective|p1a: Archaludon|1\n|-damage|p1a: Archaludon|0 fnt\n|faint|p1a: Archaludon\n|\n|-weather|Snowscape|[upkeep]\n|upkeep\n|\n|t:|1776341751\n|switch|p2a: Sneasler|Sneasler, L50, M|100/100\n|switch|p1a: Pelipper|Pelipper, L50, F|100/100\n|-weather|RainDance|[from] ability: Drizzle|[of] p1a: Pelipper\n|turn|3\n|\n|t:|1776341772\n|move|p2a: Sneasler|Close Combat|p1b: Farigiraf\n|-damage|p1b: Farigiraf|9/100\n|-unboost|p2a: Sneasler|def|1\n|-unboost|p2a: Sneasler|spd|1\n|-enditem|p2a: Sneasler|White Herb\n|-clearnegativeboost|p2a: Sneasler|[silent]\n|move|p1a: Pelipper|Hurricane|p2a: Sneasler\n|-supereffective|p2a: Sneasler|1\n|-damage|p2a: Sneasler|0 fnt\n|faint|p2a: Sneasler\n|move|p1b: Farigiraf|Hyper Voice|p2b: Goodra\n|-resisted|p2b: Goodra|1\n|-damage|p2b: Goodra|90/100\n|move|p2b: Goodra|Ancient Power|p1b: Farigiraf\n|-damage|p1b: Farigiraf|0 fnt\n|faint|p1b: Farigiraf\n|\n|-weather|RainDance|[upkeep]\n|-heal|p2b: Goodra|96/100|[from] item: Leftovers\n|upkeep\n|\n|t:|1776341791\n|switch|p2a: Sinistcha|Sinistcha-Masterpiece, L50|100/100\n|switch|p1b: Meganium|Meganium, L50, F|100/100\n|-heal|p2b: Goodra|100/100|[from] ability: Hospitality|[of] p2a: Sinistcha\n|turn|4\n|\n|t:|1776341807\n|detailschange|p1b: Meganium|Meganium-Mega, L50, F\n|-mega|p1b: Meganium|Meganium|Meganiumite\n|move|p1a: Pelipper|Hurricane|p2a: Sinistcha\n|-supereffective|p2a: Sinistcha|1\n|-damage|p2a: Sinistcha|6/100\n|-enditem|p2a: Sinistcha|Sitrus Berry|[eat]\n|-heal|p2a: Sinistcha|31/100|[from] item: Sitrus Berry\n|move|p1b: Meganium|Weather Ball|p2b: Goodra\n|-damage|p2b: Goodra|67/100\n|move|p2a: Sinistcha|Matcha Gotcha|p1b: Meganium|[spread] p1a,p1b\n|-crit|p1a: Pelipper\n|-resisted|p1b: Meganium|1\n|-damage|p1a: Pelipper|37/100\n|-heal|p2a: Sinistcha|56/100|[from] drain|[of] p1a: Pelipper\n|-damage|p1b: Meganium|91/100\n|-heal|p2a: Sinistcha|61/100|[from] drain|[of] p1b: Meganium\n|-status|p1a: Pelipper|brn\n|move|p2b: Goodra|Ancient Power|p1a: Pelipper\n|-supereffective|p1a: Pelipper|1\n|-damage|p1a: Pelipper|0 fnt\n|faint|p1a: Pelipper\n|\n|-weather|RainDance|[upkeep]\n|-heal|p2b: Goodra|73/100|[from] item: Leftovers\n|upkeep\n|turn|5\n|inactive|wei133025 has 30 seconds left.\n|\n|t:|1776341838\n|move|p2a: Sinistcha|Protect|p2a: Sinistcha\n|-singleturn|p2a: Sinistcha|Protect\n|move|p1b: Meganium|Weather Ball|p2a: Sinistcha\n|-activate|p2a: Sinistcha|move: Protect\n|move|p2b: Goodra|Shelter|p2b: Goodra\n|-boost|p2b: Goodra|def|2\n|\n|-weather|RainDance|[upkeep]\n|-heal|p2b: Goodra|79/100|[from] item: Leftovers\n|upkeep\n|turn|6\n|\n|t:|1776341855\n|move|p2a: Sinistcha|Rage Powder|p2a: Sinistcha\n|-singleturn|p2a: Sinistcha|move: Rage Powder\n|move|p1b: Meganium|Weather Ball|p2a: Sinistcha\n|-supereffective|p2a: Sinistcha|1\n|-damage|p2a: Sinistcha|0 fnt\n|faint|p2a: Sinistcha\n|move|p2b: Goodra|Shelter|p2b: Goodra\n|-boost|p2b: Goodra|def|2\n|\n|-weather|RainDance|[upkeep]\n|-heal|p2b: Goodra|84/100|[from] item: Leftovers\n|upkeep\n|turn|7\n|\n|t:|1776341868\n|move|p1b: Meganium|Dazzling Gleam|p2b: Goodra\n|-damage|p2b: Goodra|58/100\n|move|p2b: Goodra|Body Press|p1b: Meganium\n|-resisted|p1b: Meganium|1\n|-crit|p1b: Meganium\n|-damage|p1b: Meganium|41/100\n|\n|-weather|none\n|-heal|p2b: Goodra|64/100|[from] item: Leftovers\n|upkeep\n|turn|8\n|\n|t:|1776341887\n|move|p1b: Meganium|Weather Ball|p2b: Goodra\n|-damage|p2b: Goodra|28/100\n|move|p2b: Goodra|Body Press|p1b: Meganium\n|-resisted|p1b: Meganium|1\n|-damage|p1b: Meganium|5/100\n|\n|-heal|p2b: Goodra|34/100|[from] item: Leftovers\n|upkeep\n|turn|9\n|c|\u2606wei133025|gg\n|\n|t:|1776341901\n|move|p1b: Meganium|Weather Ball|p2b: Goodra\n|-damage|p2b: Goodra|0 fnt\n|faint|p2b: Goodra\n|\n|win|NegaiFreak\n|raw|NegaiFreak's rating: 1369 &rarr; <strong>1386</strong><br />(+17 for winning)\n|raw|wei133025's rating: 1317 &rarr; <strong>1300</strong><br />(-17 for losing)\n|c|\u2606NegaiFreak|GG, WP\n|l|\u2606wei133025\n|player|p2|\n",
  "uploadtime": 1776341923,
  "views": 30,
  "formatid": "gen9championsvgc2026regma",
  "rating": 1300,
  "private": 0,
  "password": null
}