{
  "id": "gen9championsvgc2026regma-2585756784",
  "format": "[Gen 9 Champions] VGC 2026 Reg M-A",
  "players": [
    "soulo333",
    "DanimalsFruitSnack"
  ],
  "log": "|j|\u2606soulo333\n|j|\u2606DanimalsFruitSnack\n|t:|1776368452\n|gametype|doubles\n|player|p1|soulo333|266|1113\n|player|p2|DanimalsFruitSnack|102|1137\n|gen|9\n|tier|[Gen 9 Champions] VGC 2026 Reg M-A\n|rated|\n|rule|Species Clause: Limit one of each Pok\u00e9mon\n|rule|Item Clause: Limit 1 of each item\n|clearpoke\n|poke|p1|Charizard, L50, F|\n|poke|p1|Sneasler, L50, F|\n|poke|p1|Sinistcha, L50|\n|poke|p1|Incineroar, L50, F|\n|poke|p1|Milotic, L50, M|\n|poke|p1|Tyranitar, L50, M|\n|poke|p2|Aggron, L50, F|\n|poke|p2|Pelipper, L50, M|\n|poke|p2|Basculegion, L50, M|\n|poke|p2|Incineroar, L50, M|\n|poke|p2|Sinistcha, L50|\n|poke|p2|Hatterene, L50, F|\n|teampreview|4\n|\n|t:|1776368497\n|teamsize|p1|4\n|teamsize|p2|4\n|start\n|switch|p1a: Sinistcha|Sinistcha, L50|100/100\n|switch|p1b: Milotic|Milotic, L50, M|100/100\n|switch|p2a: Basculegion|Basculegion, L50, M|100/100\n|switch|p2b: Hatterene|Hatterene, L50, F|100/100\n|turn|1\n|\n|t:|1776368518\n|move|p2a: Basculegion|Flip Turn|p1a: Sinistcha\n|-resisted|p1a: Sinistcha|1\n|-damage|p1a: Sinistcha|83/100\n|\n|t:|1776368524\n|switch|p2a: Pelipper|Pelipper, L50, M|100/100|[from] Flip Turn\n|-weather|RainDance|[from] ability: Drizzle|[of] p2a: Pelipper\n|move|p1b: Milotic|Scald|p2b: Hatterene\n|-damage|p2b: Hatterene|60/100\n|move|p1a: Sinistcha|Matcha Gotcha|p2a: Pelipper|[spread] p2a,p2b\n|-damage|p2a: Pelipper|51/100\n|-heal|p1a: Sinistcha|100/100|[from] drain|[of] p2a: Pelipper\n|-damage|p2b: Hatterene|27/100\n|move|p2b: Hatterene|Psychic|p1b: Milotic\n|-damage|p1b: Milotic|66/100\n|\n|-weather|RainDance|[upkeep]\n|-heal|p1b: Milotic|72/100|[from] item: Leftovers\n|-heal|p2b: Hatterene|33/100|[from] item: Leftovers\n|upkeep\n|turn|2\n|\n|t:|1776368546\n|move|p2b: Hatterene|Protect|p2b: Hatterene\n|-singleturn|p2b: Hatterene|Protect\n|move|p1b: Milotic|Icy Wind|p2b: Hatterene|[spread] p2a\n|-activate|p2b: Hatterene|move: Protect\n|-damage|p2a: Pelipper|37/100\n|-unboost|p2a: Pelipper|spe|1\n|move|p1a: Sinistcha|Matcha Gotcha|p2b: Hatterene|[spread] p2a\n|-activate|p2b: Hatterene|move: Protect\n|-damage|p2a: Pelipper|0 fnt\n|faint|p2a: Pelipper\n|\n|-weather|RainDance|[upkeep]\n|-heal|p1b: Milotic|78/100|[from] item: Leftovers\n|-heal|p2b: Hatterene|39/100|[from] item: Leftovers\n|upkeep\n|\n|t:|1776368551\n|switch|p2a: Basculegion|Basculegion, L50, M|100/100\n|turn|3\n|\n|t:|1776368587\n|switch|p1a: Incineroar|Incineroar, L50, F|100/100\n|-ability|p1a: Incineroar|Intimidate|boost\n|-unboost|p2a: Basculegion|atk|1\n|-unboost|p2b: Hatterene|atk|1\n|move|p2a: Basculegion|Wave Crash|p1a: Incineroar\n|-supereffective|p1a: Incineroar|1\n|-damage|p1a: Incineroar|0 fnt\n|faint|p1a: Incineroar\n|-damage|p2a: Basculegion|66/100|[from] Recoil\n|move|p1b: Milotic|Scald|p2b: Hatterene\n|-damage|p2b: Hatterene|0 fnt\n|faint|p2b: Hatterene\n|\n|-weather|RainDance|[upkeep]\n|-heal|p1b: Milotic|84/100|[from] item: Leftovers\n|upkeep\n|\n|t:|1776368598\n|switch|p1a: Sinistcha|Sinistcha, L50|100/100\n|switch|p2b: LaBubu|Sinistcha, L50|100/100\n|-heal|p2a: Basculegion|91/100|[from] ability: Hospitality|[of] p2b: LaBubu\n|-heal|p1b: Milotic|100/100|[from] ability: Hospitality|[of] p1a: Sinistcha\n|turn|4\n|\n|t:|1776368621\n|move|p2a: Basculegion|Wave Crash|p1a: Sinistcha\n|-resisted|p1a: Sinistcha|1\n|-damage|p1a: Sinistcha|64/100\n|-damage|p2a: Basculegion|80/100|[from] Recoil\n|move|p1b: Milotic|Icy Wind|p2a: Basculegion|[spread] p2a,p2b\n|-resisted|p2a: Basculegion|1\n|-supereffective|p2b: LaBubu|1\n|-damage|p2a: Basculegion|75/100\n|-damage|p2b: LaBubu|86/100\n|-unboost|p2a: Basculegion|spe|1\n|-unboost|p2b: LaBubu|spe|1\n|move|p1a: Sinistcha|Shadow Ball|p2a: Basculegion\n|-supereffective|p2a: Basculegion|1\n|-damage|p2a: Basculegion|0 fnt\n|faint|p2a: Basculegion\n|move|p2b: LaBubu|Matcha Gotcha|p1b: Milotic|[spread] p1a,p1b\n|-resisted|p1a: Sinistcha|1\n|-supereffective|p1b: Milotic|1\n|-damage|p1a: Sinistcha|49/100\n|-heal|p2b: LaBubu|94/100|[from] drain|[of] p1a: Sinistcha\n|-damage|p1b: Milotic|71/100\n|-heal|p2b: LaBubu|100/100|[from] drain|[of] p1b: Milotic\n|\n|-weather|RainDance|[upkeep]\n|-heal|p1b: Milotic|77/100|[from] item: Leftovers\n|upkeep\n|turn|5\n|-message|DanimalsFruitSnack forfeited.\n|\n|win|soulo333\n|raw|soulo333's rating: 1113 &rarr; <strong>1140</strong><br />(+27 for winning)\n|raw|DanimalsFruitSnack's rating: 1137 &rarr; <strong>1110</strong><br />(-27 for losing)\n|l|\u2606DanimalsFruitSnack\n|player|p2|\n",
  "uploadtime": 1776368628,
  "views": 15,
  "formatid": "gen9championsvgc2026regma",
  "rating": 1110,
  "private": 0,
  "password": null
}