{
  "id": "gen9championsvgc2026regma-2581473150",
  "format": "[Gen 9 Champions] VGC 2026 Reg M-A",
  "players": [
    "chargersnation",
    "wuhyun"
  ],
  "log": "|j|\u2606chargersnation\n|j|\u2606wuhyun\n|t:|1776003762\n|gametype|doubles\n|player|p1|chargersnation|byron|1000\n|player|p2|wuhyun|caitlin-masters|1062\n|gen|9\n|tier|[Gen 9 Champions] VGC 2026 Reg M-A\n|rated|\n|rule|Species Clause: Limit one of each Pok\u00e9mon\n|rule|Item Clause: Limit 1 of each item\n|clearpoke\n|poke|p1|Aerodactyl, L50, M|\n|poke|p1|Forretress, L50, M|\n|poke|p1|Incineroar, L50, M|\n|poke|p1|Meganium, L50, M|\n|poke|p1|Basculegion, L50, M|\n|poke|p1|Maushold-Four, L50|\n|poke|p2|Farigiraf, L50, M|\n|poke|p2|Orthworm, L50, M|\n|poke|p2|Floette-Eternal, L50, F|\n|poke|p2|Dragapult, L50, F|\n|poke|p2|Abomasnow, L50, M|\n|poke|p2|Sneasler, L50, F|\n|teampreview|4\n|inactive|Battle timer is ON: inactive players will automatically lose when time's up. (requested by wuhyun)\n|\n|t:|1776003779\n|teamsize|p1|4\n|teamsize|p2|4\n|start\n|switch|p1a: Zach Randolph|Aerodactyl, L50, M|100/100\n|switch|p1b: Trusted Adult|Meganium, L50, M|100/100\n|switch|p2a: Farigiraf|Farigiraf, L50, M|100/100\n|switch|p2b: Orthworm|Orthworm, L50, M|100/100\n|-ability|p1a: Zach Randolph|Unnerve\n|turn|1\n|\n|t:|1776003796\n|detailschange|p1b: Trusted Adult|Meganium-Mega, L50, M\n|-mega|p1b: Trusted Adult|Meganium|Meganiumite\n|move|p2b: Orthworm|Protect|p2b: Orthworm\n|-singleturn|p2b: Orthworm|Protect\n|move|p1a: Zach Randolph|Tailwind|p1a: Zach Randolph\n|-sidestart|p1: chargersnation|move: Tailwind\n|move|p1b: Trusted Adult|Weather Ball|p2b: Orthworm\n|-activate|p2b: Orthworm|move: Protect\n|move|p2a: Farigiraf|Trick Room|p2a: Farigiraf\n|-fieldstart|move: Trick Room|[of] p2a: Farigiraf\n|\n|upkeep\n|turn|2\n|\n|t:|1776003820\n|move|p2a: Farigiraf|Nasty Plot|p2a: Farigiraf\n|-boost|p2a: Farigiraf|spa|2\n|move|p2b: Orthworm|Heavy Slam|p1a: Zach Randolph\n|-supereffective|p1a: Zach Randolph|1\n|-damage|p1a: Zach Randolph|0 fnt\n|faint|p1a: Zach Randolph\n|move|p1b: Trusted Adult|Solar Beam||[still]\n|-prepare|p1b: Trusted Adult|Solar Beam\n|-activate|p1b: Trusted Adult|ability: Mega Sol\n|-anim|p1b: Trusted Adult|Solar Beam|p2a: Farigiraf\n|-damage|p2a: Farigiraf|22/100\n|\n|upkeep\n|\n|t:|1776003840\n|switch|p1a: Zhou Yu|Basculegion, L50, M|100/100\n|turn|3\n|\n|t:|1776003856\n|move|p2a: Farigiraf|Baton Pass|p2a: Farigiraf\n|\n|t:|1776003860\n|switch|p2a: Abomasnow|Abomasnow, L50, M|100/100|[from] Baton Pass\n|-weather|Snowscape|[from] ability: Snow Warning|[of] p2a: Abomasnow\n|move|p2b: Orthworm|Shed Tail|p2b: Orthworm\n|-start|p2b: Orthworm|Substitute|[from] move: Shed Tail\n|-damage|p2b: Orthworm|50/100\n|\n|t:|1776003862\n|switch|p2b: Floette|Floette-Eternal, L50, F|100/100|[from] Shed Tail\n|move|p1b: Trusted Adult|Weather Ball|p2b: Floette\n|-end|p2b: Floette|Substitute\n|move|p1a: Zhou Yu|Crunch|p2a: Abomasnow\n|-damage|p2a: Abomasnow|80/100\n|\n|-weather|Snowscape|[upkeep]\n|upkeep\n|turn|4\n|\n|t:|1776003885\n|switch|p1a: 8 in 1 Shampoo|Incineroar, L50, M|100/100\n|-ability|p1a: 8 in 1 Shampoo|Intimidate|boost\n|-block|p2a: Abomasnow|ability: Flower Veil|[of] p2b: Floette\n|-unboost|p2b: Floette|atk|1\n|detailschange|p2b: Floette|Floette-Mega, L50, F\n|-mega|p2b: Floette|Floette|Floettite\n|-ability|p2b: Floette|Fairy Aura\n|move|p2a: Abomasnow|Aurora Veil|p2a: Abomasnow\n|-sidestart|p2: wuhyun|move: Aurora Veil\n|move|p2b: Floette|Calm Mind|p2b: Floette\n|-boost|p2b: Floette|spa|1\n|-boost|p2b: Floette|spd|1\n|move|p1b: Trusted Adult|Solar Beam||[still]\n|-prepare|p1b: Trusted Adult|Solar Beam\n|-activate|p1b: Trusted Adult|ability: Mega Sol\n|-anim|p1b: Trusted Adult|Solar Beam|p2b: Floette\n|-damage|p2b: Floette|70/100\n|\n|-weather|Snowscape|[upkeep]\n|-sideend|p1: chargersnation|move: Tailwind\n|upkeep\n|turn|5\n|\n|t:|1776003907\n|move|p1a: 8 in 1 Shampoo|Fake Out|p2b: Floette\n|-damage|p2b: Floette|61/100\n|move|p2a: Abomasnow|Blizzard|p1b: Trusted Adult|[spread] p1a,p1b\n|-resisted|p1a: 8 in 1 Shampoo|1\n|-supereffective|p1b: Trusted Adult|1\n|-damage|p1a: 8 in 1 Shampoo|70/100\n|-damage|p1b: Trusted Adult|0 fnt\n|faint|p1b: Trusted Adult\n|cant|p2b: Floette|flinch\n|\n|-weather|Snowscape|[upkeep]\n|-fieldend|move: Trick Room\n|upkeep\n|\n|t:|1776003916\n|switch|p1b: Zhou Yu|Basculegion, L50, M|100/100\n|turn|6\n|\n|t:|1776003928\n|move|p1b: Zhou Yu|Wave Crash|p2b: Floette\n|-damage|p2b: Floette|0 fnt\n|faint|p2b: Floette\n|-damage|p1b: Zhou Yu|85/100|[from] Recoil\n|move|p2a: Abomasnow|Blizzard|p1a: 8 in 1 Shampoo|[spread] p1a,p1b\n|-resisted|p1a: 8 in 1 Shampoo|1\n|-resisted|p1b: Zhou Yu|1\n|-damage|p1a: 8 in 1 Shampoo|39/100\n|-damage|p1b: Zhou Yu|43/100\n|-status|p1a: 8 in 1 Shampoo|frz\n|-enditem|p1a: 8 in 1 Shampoo|Sitrus Berry|[eat]\n|-heal|p1a: 8 in 1 Shampoo|64/100 frz|[from] item: Sitrus Berry\n|-curestatus|p1a: 8 in 1 Shampoo|frz|[from] move: Flare Blitz\n|move|p1a: 8 in 1 Shampoo|Flare Blitz|p2a: Abomasnow\n|-supereffective|p2a: Abomasnow|2\n|-enditem|p2a: Abomasnow|Occa Berry|[eat]\n|-enditem|p2a: Abomasnow|Occa Berry|[weaken]\n|-damage|p2a: Abomasnow|32/100\n|-damage|p1a: 8 in 1 Shampoo|46/100|[from] Recoil\n|\n|-weather|Snowscape|[upkeep]\n|upkeep\n|\n|t:|1776003948\n|switch|p2b: Farigiraf|Farigiraf, L50, M|22/100\n|turn|7\n|\n|t:|1776003955\n|move|p1b: Zhou Yu|Wave Crash|p2a: Abomasnow\n|-resisted|p2a: Abomasnow|1\n|-damage|p2a: Abomasnow|12/100\n|-damage|p1b: Zhou Yu|36/100|[from] Recoil\n|move|p2a: Abomasnow|Blizzard|p1a: 8 in 1 Shampoo|[spread] p1a,p1b\n|-resisted|p1a: 8 in 1 Shampoo|1\n|-resisted|p1b: Zhou Yu|1\n|-damage|p1a: 8 in 1 Shampoo|18/100\n|-damage|p1b: Zhou Yu|0 fnt\n|faint|p1b: Zhou Yu\n|move|p1a: 8 in 1 Shampoo|Darkest Lariat|p2b: Farigiraf\n|-supereffective|p2b: Farigiraf|1\n|-enditem|p2b: Farigiraf|Colbur Berry|[eat]\n|-enditem|p2b: Farigiraf|Colbur Berry|[weaken]\n|-damage|p2b: Farigiraf|7/100\n|move|p2b: Farigiraf|Trick Room|p2b: Farigiraf\n|-fieldstart|move: Trick Room|[of] p2b: Farigiraf\n|\n|-weather|none\n|upkeep\n|turn|8\n|\n|t:|1776003974\n|move|p2b: Farigiraf|Hyper Voice|p1a: 8 in 1 Shampoo\n|-damage|p1a: 8 in 1 Shampoo|0 fnt\n|faint|p1a: 8 in 1 Shampoo\n|\n|win|wuhyun\n|raw|chargersnation's rating: 1000 &rarr; <strong>1000</strong><br />(+0 for losing)\n|raw|wuhyun's rating: 1062 &rarr; <strong>1087</strong><br />(+25 for winning)\n|l|\u2606chargersnation\n|player|p1|\n",
  "uploadtime": 1776003977,
  "views": 25,
  "formatid": "gen9championsvgc2026regma",
  "rating": 1000,
  "private": 0,
  "password": null
}