{
  "id": "gen9championsvgc2026regma-2580842320",
  "format": "[Gen 9 Champions] VGC 2026 Reg M-A",
  "players": [
    "TonySopranosWife",
    "LetHimSleep"
  ],
  "log": "|j|\u2606TonySopranosWife\n|j|\u2606LetHimSleep\n|t:|1775936935\n|gametype|doubles\n|player|p1|TonySopranosWife|battlegirl-gen4|1124\n|player|p2|LetHimSleep|boarder|1080\n|gen|9\n|tier|[Gen 9 Champions] VGC 2026 Reg M-A\n|rated|\n|rule|Species Clause: Limit one of each Pok\u00e9mon\n|rule|Item Clause: Limit 1 of each item\n|clearpoke\n|poke|p1|Arcanine-Hisui, L50, M|\n|poke|p1|Starmie, L50|\n|poke|p1|Sinistcha, L50|\n|poke|p1|Volcarona, L50, M|\n|poke|p1|Farigiraf, L50, F|\n|poke|p1|Kingambit, L50, F|\n|poke|p2|Lucario, L50, M|\n|poke|p2|Whimsicott, L50, F|\n|poke|p2|Pelipper, L50, M|\n|poke|p2|Basculegion, L50, M|\n|poke|p2|Floette-Eternal, L50, F|\n|poke|p2|Farigiraf, L50, F|\n|teampreview|4\n|\n|t:|1775936979\n|teamsize|p1|4\n|teamsize|p2|4\n|start\n|switch|p1a: Starmie|Starmie, L50|100/100\n|switch|p1b: Kingambit|Kingambit, L50, F|100/100\n|switch|p2a: Basculegion|Basculegion, L50, M|100/100\n|switch|p2b: Pelipper|Pelipper, L50, M|100/100\n|-weather|RainDance|[from] ability: Drizzle|[of] p2b: Pelipper\n|turn|1\n|\n|t:|1775937016\n|detailschange|p1a: Starmie|Starmie-Mega, L50\n|-mega|p1a: Starmie|Starmie|Starminite\n|move|p2a: Basculegion|Protect|p2a: Basculegion\n|-singleturn|p2a: Basculegion|Protect\n|move|p1b: Kingambit|Sucker Punch||[still]\n|-fail|p1b: Kingambit\n|move|p1a: Starmie|Skill Swap|p1b: Kingambit\n|-activate|p1a: Starmie|Skill Swap|||[of] p1b: Kingambit\n|move|p2b: Pelipper|U-turn|p1a: Starmie\n|-supereffective|p1a: Starmie|1\n|-damage|p1a: Starmie|79/100\n|\n|t:|1775937026\n|switch|p2b: Lucario|Lucario, L50, M|100/100|[from] U-turn\n|\n|-weather|RainDance|[upkeep]\n|upkeep\n|turn|2\n|\n|t:|1775937062\n|switch|p2a: Farigiraf|Farigiraf, L50, F|100/100\n|detailschange|p2b: Lucario|Lucario-Mega, L50, M\n|-mega|p2b: Lucario|Lucario|Lucarionite\n|move|p1b: Kingambit|Protect|p1b: Kingambit\n|-singleturn|p1b: Kingambit|Protect\n|move|p1a: Starmie|Flip Turn|p2b: Lucario\n|-damage|p2b: Lucario|41/100\n|\n|t:|1775937070\n|switch|p1a: Farigiraf|Farigiraf, L50, F|100/100|[from] Flip Turn\n|move|p2b: Lucario|Close Combat|p1b: Kingambit\n|-activate|p1b: Kingambit|move: Protect\n|\n|-weather|RainDance|[upkeep]\n|upkeep\n|turn|3\n|\n|t:|1775937091\n|move|p1a: Farigiraf|Ally Switch|p1a: Farigiraf\n|swap|p1a: Farigiraf|1|[from] move: Ally Switch\n|move|p2b: Lucario|Close Combat|p1b: Farigiraf\n|-crit|p1b: Farigiraf\n|-damage|p1b: Farigiraf|0 fnt\n|-unboost|p2b: Lucario|def|1\n|-unboost|p2b: Lucario|spd|1\n|faint|p1b: Farigiraf\n|move|p1a: Kingambit|Low Kick|p2b: Lucario\n|-supereffective|p2b: Lucario|1\n|-damage|p2b: Lucario|0 fnt\n|faint|p2b: Lucario\n|move|p2a: Farigiraf|Trick Room|p2a: Farigiraf\n|-fieldstart|move: Trick Room|[of] p2a: Farigiraf\n|\n|-weather|RainDance|[upkeep]\n|upkeep\n|\n|t:|1775937101\n|switch|p1b: Starmie|Starmie-Mega, L50|79/100\n|switch|p2b: Pelipper|Pelipper, L50, M|100/100\n|turn|4\n|\n|t:|1775937113\n|move|p1a: Kingambit|Low Kick|p2a: Farigiraf\n|-damage|p2a: Farigiraf|28/100\n|-enditem|p2a: Farigiraf|Sitrus Berry|[eat]\n|-heal|p2a: Farigiraf|52/100|[from] item: Sitrus Berry\n|move|p2b: Pelipper|Weather Ball|p1a: Kingambit\n|-damage|p1a: Kingambit|31/100\n|move|p1b: Starmie|Flip Turn|p2a: Farigiraf\n|-damage|p2a: Farigiraf|0 fnt\n|faint|p2a: Farigiraf\n|\n|t:|1775937124\n|switch|p1b: Sinistcha|Sinistcha, L50|100/100|[from] Flip Turn\n|-heal|p1a: Kingambit|56/100|[from] ability: Hospitality|[of] p1b: Sinistcha\n|\n|-weather|RainDance|[upkeep]\n|upkeep\n|\n|t:|1775937127\n|switch|p2a: Basculegion|Basculegion, L50, M|100/100\n|turn|5\n|\n|t:|1775937147\n|move|p1b: Sinistcha|Rage Powder|p1b: Sinistcha\n|-singleturn|p1b: Sinistcha|move: Rage Powder\n|move|p1a: Kingambit|Sucker Punch|p2a: Basculegion\n|-supereffective|p2a: Basculegion|1\n|-damage|p2a: Basculegion|0 fnt\n|faint|p2a: Basculegion\n|move|p2b: Pelipper|Weather Ball|p1b: Sinistcha\n|-resisted|p1b: Sinistcha|1\n|-damage|p1b: Sinistcha|57/100\n|\n|-weather|none\n|upkeep\n|turn|6\n|-message|LetHimSleep forfeited.\n|\n|win|TonySopranosWife\n|raw|TonySopranosWife's rating: 1124 &rarr; <strong>1146</strong><br />(+22 for winning)\n|raw|LetHimSleep's rating: 1080 &rarr; <strong>1061</strong><br />(-19 for losing)\n|l|\u2606LetHimSleep\n|player|p2|\n",
  "uploadtime": 1775937165,
  "views": 20,
  "formatid": "gen9championsvgc2026regma",
  "rating": 1061,
  "private": 0,
  "password": null
}