{
  "id": "gen9championsvgc2026regma-2581188553",
  "format": "[Gen 9 Champions] VGC 2026 Reg M-A",
  "players": [
    "Golurk365",
    "hardhead"
  ],
  "log": "|j|\u2606Golurk365\n|j|\u2606hardhead\n|t:|1775968718\n|gametype|doubles\n|player|p1|Golurk365|hugh|1040\n|player|p2|hardhead|102|1059\n|gen|9\n|tier|[Gen 9 Champions] VGC 2026 Reg M-A\n|rated|\n|rule|Species Clause: Limit one of each Pok\u00e9mon\n|rule|Item Clause: Limit 1 of each item\n|clearpoke\n|poke|p1|Golurk, L50|\n|poke|p1|Farigiraf, L50, M|\n|poke|p1|Oranguru, L50, F|\n|poke|p1|Incineroar, L50, F|\n|poke|p1|Clefable, L50, M|\n|poke|p1|Arcanine-Hisui, L50, M|\n|poke|p2|Delphox, L50, M|\n|poke|p2|Whimsicott, L50, F|\n|poke|p2|Garchomp, L50, F|\n|poke|p2|Tyranitar, L50, F|\n|poke|p2|Talonflame, L50, M|\n|poke|p2|Rotom-Wash, L50|\n|teampreview|4\n|inactive|Battle timer is ON: inactive players will automatically lose when time's up. (requested by Golurk365)\n|\n|t:|1775968735\n|teamsize|p1|4\n|teamsize|p2|4\n|start\n|switch|p1a: Farigiraf|Farigiraf, L50, M|100/100\n|switch|p1b: Incineroar|Incineroar, L50, F|100/100\n|switch|p2a: Whimsicott|Whimsicott, L50, F|100/100\n|switch|p2b: Garchomp|Garchomp, L50, F|100/100\n|-ability|p1b: Incineroar|Intimidate|boost\n|-unboost|p2a: Whimsicott|atk|1\n|-unboost|p2b: Garchomp|atk|1\n|turn|1\n|inactive|Golurk365 has 30 seconds left.\n|inactive|Golurk365 has 20 seconds left.\n|\n|t:|1775968773\n|move|p1b: Incineroar|Fake Out|p2b: Garchomp\n|-damage|p2b: Garchomp|87/100\n|cant|p2b: Garchomp|flinch\n|move|p2a: Whimsicott|U-turn|p1a: Farigiraf\n|-supereffective|p1a: Farigiraf|1\n|-damage|p1a: Farigiraf|85/100\n|\n|t:|1775968784\n|switch|p2a: Tyranitar|Tyranitar, L50, F|100/100|[from] U-turn\n|-weather|Sandstorm|[from] ability: Sand Stream|[of] p2a: Tyranitar\n|move|p1a: Farigiraf|Dazzling Gleam|p2b: Garchomp|[spread] p2a,p2b\n|-supereffective|p2a: Tyranitar|1\n|-supereffective|p2b: Garchomp|1\n|-damage|p2a: Tyranitar|73/100\n|-damage|p2b: Garchomp|46/100\n|\n|-weather|Sandstorm|[upkeep]\n|-damage|p1b: Incineroar|95/100|[from] Sandstorm\n|-damage|p1a: Farigiraf|78/100|[from] Sandstorm\n|-heal|p1a: Farigiraf|85/100|[from] item: Leftovers\n|upkeep\n|turn|2\n|inactive|Golurk365 has 30 seconds left.\n|\n|t:|1775968816\n|switch|p2b: Whimsicott|Whimsicott, L50, F|100/100\n|move|p2a: Tyranitar|Rock Slide|p1b: Incineroar|[spread] p1a,p1b\n|-supereffective|p1b: Incineroar|1\n|-damage|p1a: Farigiraf|50/100\n|-damage|p1b: Incineroar|32/100\n|move|p1b: Incineroar|Parting Shot|p2a: Tyranitar\n|-unboost|p2a: Tyranitar|atk|1\n|-unboost|p2a: Tyranitar|spa|1\n|\n|t:|1775968827\n|switch|p1b: Golurk|Golurk, L50|100/100|[from] Parting Shot\n|move|p1a: Farigiraf|Trick Room|p1a: Farigiraf\n|-fieldstart|move: Trick Room|[of] p1a: Farigiraf\n|\n|-weather|Sandstorm|[upkeep]\n|-damage|p1a: Farigiraf|44/100|[from] Sandstorm\n|-damage|p2b: Whimsicott|95/100|[from] Sandstorm\n|-heal|p1a: Farigiraf|50/100|[from] item: Leftovers\n|upkeep\n|turn|3\n|inactive|hardhead has 30 seconds left.\n|inactive|hardhead has 20 seconds left.\n|\n|t:|1775968862\n|detailschange|p1b: Golurk|Golurk-Mega, L50\n|-mega|p1b: Golurk|Golurk|Golurkite\n|move|p1a: Farigiraf|Dazzling Gleam|p2b: Whimsicott|[spread] p2a,p2b\n|-supereffective|p2a: Tyranitar|1\n|-damage|p2a: Tyranitar|49/100\n|-damage|p2b: Whimsicott|69/100\n|move|p1b: Golurk|Headlong Rush|p2a: Tyranitar\n|-supereffective|p2a: Tyranitar|1\n|-damage|p2a: Tyranitar|0 fnt\n|-unboost|p1b: Golurk|def|1\n|-unboost|p1b: Golurk|spd|1\n|faint|p2a: Tyranitar\n|move|p2b: Whimsicott|U-turn|p1a: Farigiraf\n|-supereffective|p1a: Farigiraf|1\n|-damage|p1a: Farigiraf|28/100\n|\n|t:|1775968871\n|switch|p2b: Garchomp|Garchomp, L50, F|46/100|[from] U-turn\n|\n|-weather|Sandstorm|[upkeep]\n|-damage|p1a: Farigiraf|22/100|[from] Sandstorm\n|-heal|p1a: Farigiraf|28/100|[from] item: Leftovers\n|upkeep\n|\n|t:|1775968881\n|switch|p2a: Delphox|Delphox, L50, M|100/100\n|turn|4\n|\n|t:|1775968891\n|detailschange|p2a: Delphox|Delphox-Mega, L50, M\n|-mega|p2a: Delphox|Delphox|Delphoxite\n|move|p1a: Farigiraf|Dazzling Gleam|p2b: Garchomp|[spread] p2a\n|-miss|p1a: Farigiraf|p2b: Garchomp\n|-resisted|p2a: Delphox|1\n|-damage|p2a: Delphox|92/100\n|move|p1b: Golurk|Headlong Rush|p2a: Delphox\n|-immune|p2a: Delphox|[from] ability: Levitate\n|move|p2b: Garchomp|Earthquake|p1b: Golurk|[spread] p1a,p1b\n|-immune|p2a: Delphox|[from] ability: Levitate\n|-damage|p1a: Farigiraf|0 fnt\n|-damage|p1b: Golurk|53/100\n|faint|p1a: Farigiraf\n|move|p2a: Delphox|Dazzling Gleam|p1b: Golurk\n|-damage|p1b: Golurk|10/100\n|\n|-weather|Sandstorm|[upkeep]\n|-damage|p2a: Delphox|86/100|[from] Sandstorm\n|upkeep\n|\n|t:|1775968905\n|switch|p1a: Incineroar|Incineroar, L50, F|32/100\n|-ability|p1a: Incineroar|Intimidate|boost\n|-unboost|p2a: Delphox|atk|1\n|-unboost|p2b: Garchomp|atk|1\n|turn|5\n|\n|t:|1775968922\n|move|p2a: Delphox|Protect|p2a: Delphox\n|-singleturn|p2a: Delphox|Protect\n|move|p1b: Golurk|Ice Punch|p2b: Garchomp\n|-supereffective|p2b: Garchomp|2\n|-damage|p2b: Garchomp|0 fnt\n|faint|p2b: Garchomp\n|move|p1a: Incineroar|Darkest Lariat|p2a: Delphox\n|-activate|p2a: Delphox|move: Protect\n|\n|-weather|none\n|upkeep\n|\n|t:|1775968931\n|switch|p2b: Whimsicott|Whimsicott, L50, F|69/100\n|turn|6\n|\n|t:|1775968943\n|move|p1b: Golurk|Ice Punch|p2b: Whimsicott\n|-supereffective|p2b: Whimsicott|1\n|-damage|p2b: Whimsicott|8/100\n|move|p1a: Incineroar|Darkest Lariat|p2a: Delphox\n|-supereffective|p2a: Delphox|1\n|-damage|p2a: Delphox|0 fnt\n|faint|p2a: Delphox\n|move|p2b: Whimsicott|Dazzling Gleam|p1a: Incineroar|[spread] p1a,p1b\n|-damage|p1a: Incineroar|19/100\n|-damage|p1b: Golurk|0 fnt\n|faint|p1b: Golurk\n|\n|-fieldend|move: Trick Room\n|upkeep\n|\n|t:|1775968949\n|switch|p1b: Clefable|Clefable, L50, M|100/100\n|turn|7\n|\n|t:|1775968958\n|move|p2b: Whimsicott|Dazzling Gleam|p1b: Clefable|[spread] p1a,p1b\n|-crit|p1b: Clefable\n|-damage|p1a: Incineroar|4/100\n|-damage|p1b: Clefable|80/100\n|move|p1a: Incineroar|Darkest Lariat|p2b: Whimsicott\n|-resisted|p2b: Whimsicott|1\n|-damage|p2b: Whimsicott|0 fnt\n|faint|p2b: Whimsicott\n|\n|win|Golurk365\n|raw|Golurk365's rating: 1040 &rarr; <strong>1076</strong><br />(+36 for winning)\n|raw|hardhead's rating: 1059 &rarr; <strong>1039</strong><br />(-20 for losing)\n",
  "uploadtime": 1775968966,
  "views": 18,
  "formatid": "gen9championsvgc2026regma",
  "rating": 1039,
  "private": 0,
  "password": null
}