{
  "id": "gen9championsvgc2026regma-2588798420",
  "format": "[Gen 9 Champions] VGC 2026 Reg M-A",
  "players": [
    "ninjatroller",
    "KillTooSad"
  ],
  "log": "|j|\u2606ninjatroller\n|j|\u2606KillTooSad\n|t:|1776672182\n|gametype|doubles\n|player|p1|ninjatroller|169|1051\n|player|p2|KillTooSad|lucas|1045\n|gen|9\n|tier|[Gen 9 Champions] VGC 2026 Reg M-A\n|rated|\n|rule|Species Clause: Limit one of each Pok\u00e9mon\n|rule|Item Clause: Limit 1 of each item\n|clearpoke\n|poke|p1|Charizard, L50, F, shiny|\n|poke|p1|Venusaur, L50, F|\n|poke|p1|Pelipper, L50, F|\n|poke|p1|Aerodactyl, L50, F|\n|poke|p1|Meganium, L50, F|\n|poke|p1|Archaludon, L50, M|\n|poke|p2|Meowstic, L50, M|\n|poke|p2|Delphox, L50, F|\n|poke|p2|Aerodactyl, L50, F|\n|poke|p2|Flapple, L50, F|\n|poke|p2|Sneasler, L50, F|\n|poke|p2|Milotic, L50, F|\n|teampreview|4\n|inactive|Battle timer is ON: inactive players will automatically lose when time's up. (requested by ninjatroller)\nninjatroller rejected open team sheets.\n|inactive|KillTooSad has 60 seconds left.\n|inactive|KillTooSad has 30 seconds left.\n|inactive|KillTooSad has 20 seconds left.\n|inactive|KillTooSad has 15 seconds left.\n|\n|t:|1776672261\n|teamsize|p1|4\n|teamsize|p2|4\n|start\n|switch|p1a: Aerodactyl|Aerodactyl, L50, F|100/100\n|switch|p1b: Meganium|Meganium, L50, F|100/100\n|switch|p2a: Aerodactyl|Aerodactyl, L50, F|100/100\n|switch|p2b: Meowstic|Meowstic, L50, M|100/100\n|-ability|p2a: Aerodactyl|Unnerve\n|-ability|p1a: Aerodactyl|Unnerve\n|turn|1\n|inactive|KillTooSad has 30 seconds left.\n|\n|t:|1776672291\n|move|p1b: Meganium|Protect|p1b: Meganium\n|-singleturn|p1b: Meganium|Protect\n|move|p2b: Meowstic|Psychic Terrain|p2b: Meowstic\n|-fieldstart|move: Psychic Terrain\n|move|p2a: Aerodactyl|Tailwind|p2a: Aerodactyl\n|-sidestart|p2: KillTooSad|move: Tailwind\n|move|p1a: Aerodactyl|Rock Slide|p2b: Meowstic|[spread] p2b\n|-miss|p1a: Aerodactyl|p2a: Aerodactyl\n|-damage|p2b: Meowstic|73/100\n|\n|upkeep\n|turn|2\n|inactive|ninjatroller has 30 seconds left.\n|inactive|KillTooSad has 30 seconds left.\n|\n|t:|1776672329\n|detailschange|p1b: Meganium|Meganium-Mega, L50, F\n|-mega|p1b: Meganium|Meganium|Meganiumite\n|move|p2b: Meowstic|Gravity|p2b: Meowstic\n|-fieldstart|move: Gravity\n|move|p2a: Aerodactyl|Dual Wingbeat|p1b: Meganium\n|-supereffective|p1b: Meganium|1\n|-damage|p1b: Meganium|69/100\n|-supereffective|p1b: Meganium|1\n|-damage|p1b: Meganium|33/100\n|-hitcount|p1b: Meganium|2\n|move|p1a: Aerodactyl|Rock Slide|p2b: Meowstic|[spread] p2a,p2b\n|-supereffective|p2a: Aerodactyl|1\n|-damage|p2a: Aerodactyl|19/100\n|-damage|p2b: Meowstic|50/100\n|move|p1b: Meganium|Solar Beam||[still]\n|-prepare|p1b: Meganium|Solar Beam\n|-activate|p1b: Meganium|ability: Mega Sol\n|-anim|p1b: Meganium|Solar Beam|p2a: Aerodactyl\n|-damage|p2a: Aerodactyl|0 fnt\n|faint|p2a: Aerodactyl\n|\n|upkeep\n|\n|t:|1776672345\n|switch|p2a: Delphox|Delphox, L50, F|100/100\n|turn|3\n|\n|t:|1776672355\n|switch|p1b: Pelipper|Pelipper, L50, F|100/100\n|-weather|RainDance|[from] ability: Drizzle|[of] p1b: Pelipper\n|detailschange|p2a: Delphox|Delphox-Mega, L50, F\n|-mega|p2a: Delphox|Delphox|Delphoxite\n|move|p2a: Delphox|Expanding Force|p1b: Pelipper|[spread] p1a,p1b\n|-damage|p1a: Aerodactyl|0 fnt\n|-damage|p1b: Pelipper|0 fnt\n|faint|p1a: Aerodactyl\n|faint|p1b: Pelipper\n|move|p2b: Meowstic|Expanding Force|p1: Aerodactyl|[notarget]\n|-fail|p2b: Meowstic\n|\n|-weather|RainDance|[upkeep]\n|upkeep\n|\n|t:|1776672368\n|switch|p1a: Meganium|Meganium-Mega, L50, F|33/100\n|switch|p1b: Archaludon|Archaludon, L50, M|100/100\n|turn|4\n|\n|t:|1776672380\n|move|p1b: Archaludon|Protect|p1b: Archaludon\n|-singleturn|p1b: Archaludon|Protect\n|move|p1a: Meganium|Protect|p1a: Meganium\n|-singleturn|p1a: Meganium|Protect\n|move|p2a: Delphox|Hypnosis|p1b: Archaludon\n|-activate|p1b: Archaludon|move: Protect\n|move|p2b: Meowstic|Expanding Force|p1a: Meganium|[spread] \n|-activate|p1a: Meganium|move: Protect\n|-activate|p1b: Archaludon|move: Protect\n|\n|-weather|RainDance|[upkeep]\n|-sideend|p2: KillTooSad|move: Tailwind\n|upkeep\n|turn|5\n|inactive|ninjatroller has 30 seconds left.\n|inactive|KillTooSad has 30 seconds left.\n|\n|t:|1776672409\n|move|p2a: Delphox|Expanding Force|p1b: Archaludon|[spread] p1a,p1b\n|-resisted|p1b: Archaludon|1\n|-crit|p1b: Archaludon\n|-damage|p1a: Meganium|0 fnt\n|-damage|p1b: Archaludon|41/100\n|-ability|p1b: Archaludon|Stamina|boost\n|-boost|p1b: Archaludon|def|1\n|faint|p1a: Meganium\n|move|p2b: Meowstic|Expanding Force|p1b: Archaludon\n|-resisted|p1b: Archaludon|1\n|-damage|p1b: Archaludon|13/100\n|-ability|p1b: Archaludon|Stamina|boost\n|-boost|p1b: Archaludon|def|1\n|move|p1b: Archaludon|Electro Shot||[still]\n|-prepare|p1b: Archaludon|Electro Shot\n|-boost|p1b: Archaludon|spa|1\n|-anim|p1b: Archaludon|Electro Shot|p2a: Delphox\n|-damage|p2a: Delphox|32/100\n|\n|-weather|RainDance|[upkeep]\n|-heal|p1b: Archaludon|19/100|[from] item: Leftovers\n|-fieldend|move: Psychic Terrain\n|upkeep\n|turn|6\n|c|\u2606ninjatroller|ggs\n|\n|t:|1776672432\n|move|p1b: Archaludon|Protect|p1b: Archaludon\n|-singleturn|p1b: Archaludon|Protect\n|move|p2b: Meowstic|Psychic Terrain|p2b: Meowstic\n|-fieldstart|move: Psychic Terrain\n|move|p2a: Delphox|Expanding Force|p1b: Archaludon\n|-activate|p1b: Archaludon|move: Protect\n|\n|-weather|RainDance|[upkeep]\n|-heal|p1b: Archaludon|25/100|[from] item: Leftovers\n|-fieldend|move: Gravity\n|upkeep\n|turn|7\n|c|\u2606KillTooSad|gg\n|\n|t:|1776672450\n|move|p2a: Delphox|Expanding Force|p1b: Archaludon\n|-resisted|p1b: Archaludon|1\n|-damage|p1b: Archaludon|0 fnt\n|faint|p1b: Archaludon\n|\n|win|KillTooSad\n|raw|ninjatroller's rating: 1051 &rarr; <strong>1033</strong><br />(-18 for losing)\n|raw|KillTooSad's rating: 1045 &rarr; <strong>1079</strong><br />(+34 for winning)\n|l|\u2606ninjatroller\n|player|p1|\n",
  "uploadtime": 1776672457,
  "views": 22,
  "formatid": "gen9championsvgc2026regma",
  "rating": 1033,
  "private": 0,
  "password": null
}