{
  "id": "gen9championsvgc2026regma-2585803264",
  "format": "[Gen 9 Champions] VGC 2026 Reg M-A",
  "players": [
    "thewxfr",
    "Calcublast"
  ],
  "log": "|j|\u2606thewxfr\n|j|\u2606Calcublast\n|t:|1776371767\n|gametype|doubles\n|player|p1|thewxfr|102|1024\n|player|p2|Calcublast|siebold|1079\n|gen|9\n|tier|[Gen 9 Champions] VGC 2026 Reg M-A\n|rated|\n|rule|Species Clause: Limit one of each Pok\u00e9mon\n|rule|Item Clause: Limit 1 of each item\n|clearpoke\n|poke|p1|Scovillain, L50, M|\n|poke|p1|Toucannon, L50, F|\n|poke|p1|Zoroark-Hisui, L50, M|\n|poke|p1|Dragapult, L50, M|\n|poke|p1|Sinistcha, L50|\n|poke|p1|Basculegion, L50, M|\n|poke|p2|Meganium, L50, M|\n|poke|p2|Sableye, L50, M|\n|poke|p2|Goodra-Hisui, L50, F|\n|poke|p2|Aerodactyl, L50, F|\n|poke|p2|Rotom-Wash, L50|\n|poke|p2|Snorlax, L50, F|\n|teampreview|4\nthewxfr rejected open team sheets.\n|\n|t:|1776371800\n|teamsize|p1|4\n|teamsize|p2|4\n|start\n|switch|p1a: Toucannon|Toucannon, L50, F|100/100\n|switch|p1b: Scovillain|Scovillain, L50, M|100/100\n|switch|p2a: Goodra|Goodra-Hisui, L50, F|100/100\n|switch|p2b: Aerodactyl|Aerodactyl, L50, F|100/100\n|-ability|p2b: Aerodactyl|Unnerve\n|turn|1\n|\n|t:|1776371816\n|detailschange|p1b: Scovillain|Scovillain-Mega, L50, M\n|-mega|p1b: Scovillain|Scovillain|Scovillainite\n|-singleturn|p1a: Toucannon|move: Beak Blast\n|move|p1b: Scovillain|Helping Hand|p1a: Toucannon\n|-singleturn|p1a: Toucannon|Helping Hand|[of] p1b: Scovillain\n|move|p2b: Aerodactyl|Stone Edge|p1b: Scovillain|[miss]\n|-miss|p2b: Aerodactyl|p1b: Scovillain\n|move|p2a: Goodra|Fire Blast|p1b: Scovillain\n|-damage|p1b: Scovillain|53/100\n|-status|p2a: Goodra|brn|[from] ability: Spicy Spray|[of] p1b: Scovillain\n|move|p1a: Toucannon|Beak Blast|p2b: Aerodactyl\n|-resisted|p2b: Aerodactyl|1\n|-damage|p2b: Aerodactyl|43/100\n|\n|-damage|p2a: Goodra|95/100 brn|[from] brn\n|upkeep\n|turn|2\n|\n|t:|1776371841\n|-singleturn|p1a: Toucannon|move: Beak Blast\n|move|p1b: Scovillain|Helping Hand|p1a: Toucannon\n|-singleturn|p1a: Toucannon|Helping Hand|[of] p1b: Scovillain\n|move|p2b: Aerodactyl|Tailwind|p2b: Aerodactyl\n|-sidestart|p2: Calcublast|move: Tailwind\n|move|p2a: Goodra|Ice Beam|p1a: Toucannon\n|-supereffective|p1a: Toucannon|1\n|-damage|p1a: Toucannon|25/100\n|move|p1a: Toucannon|Beak Blast|p2b: Aerodactyl\n|-resisted|p2b: Aerodactyl|1\n|-damage|p2b: Aerodactyl|0 fnt\n|-enditem|p1a: Toucannon|Sitrus Berry|[eat]\n|-heal|p1a: Toucannon|49/100|[from] item: Sitrus Berry\n|faint|p2b: Aerodactyl\n|\n|-damage|p2a: Goodra|89/100 brn|[from] brn\n|upkeep\n|\n|t:|1776371854\n|switch|p2b: Meganium|Meganium, L50, M|100/100\n|turn|3\n|\n|t:|1776371864\n|detailschange|p2b: Meganium|Meganium-Mega, L50, M\n|-mega|p2b: Meganium|Meganium|Meganiumite\n|-singleturn|p1a: Toucannon|move: Beak Blast\n|move|p1b: Scovillain|Rage Powder|p1b: Scovillain\n|-singleturn|p1b: Scovillain|move: Rage Powder\n|move|p2b: Meganium|Weather Ball|p1b: Scovillain\n|-damage|p1b: Scovillain|0 fnt\n|-status|p2b: Meganium|brn|[from] ability: Spicy Spray|[of] p1b: Scovillain\n|faint|p1b: Scovillain\n|move|p2a: Goodra|Ice Beam|p1a: Toucannon\n|-supereffective|p1a: Toucannon|1\n|-damage|p1a: Toucannon|0 fnt\n|faint|p1a: Toucannon\n|\n|-damage|p2b: Meganium|95/100 brn|[from] brn\n|-damage|p2a: Goodra|83/100 brn|[from] brn\n|upkeep\n|\n|t:|1776371875\n|switch|p1b: Dragapult|Dragapult, L50, M|100/100\n|switch|p1a: Dragapult|Dragapult, L50, M|100/100\n|turn|4\n|\n|t:|1776371891\n|move|p2b: Meganium|Protect|p2b: Meganium\n|-singleturn|p2b: Meganium|Protect\n|move|p1b: Dragapult|Hex|p2a: Goodra\n|-damage|p2a: Goodra|36/100 brn\n|-enditem|p2a: Goodra|Sitrus Berry|[eat]\n|-heal|p2a: Goodra|60/100 brn|[from] item: Sitrus Berry\n|move|p1a: Dragapult|Sludge Bomb|p2b: Meganium\n|-activate|p2b: Meganium|move: Protect\n|move|p2a: Goodra|Ice Beam|p1b: Dragapult\n|-supereffective|p1b: Dragapult|1\n|-damage|p1b: Dragapult|17/100\n|\n|-damage|p2b: Meganium|89/100 brn|[from] brn\n|-damage|p2a: Goodra|55/100 brn|[from] brn\n|upkeep\n|turn|5\n|\n|t:|1776371912\n|switch|p2b: Sableye|Sableye, L50, M|100/100\n|move|p1b: Dragapult|Hex|p2a: Goodra\n|-damage|p2a: Goodra|0 fnt\n|faint|p2a: Goodra\n|move|p1a: Dragapult|Sludge Bomb|p2b: Sableye\n|-resisted|p2b: Sableye|1\n|-damage|p2b: Sableye|80/100\n|\n|-sideend|p2: Calcublast|move: Tailwind\n|upkeep\n|\n|t:|1776371923\n|switch|p2a: Meganium|Meganium-Mega, L50, M|89/100 brn\n|turn|6\n|\n|t:|1776371943\n|move|p2b: Sableye|Light Screen|p2b: Sableye\n|-sidestart|p2: Calcublast|move: Light Screen\n|move|p1b: Dragapult|Hex|p2a: Meganium\n|-damage|p2a: Meganium|24/100 brn\n|move|p1a: Dragapult|Sludge Bomb|p2a: Meganium\n|-supereffective|p2a: Meganium|2\n|-damage|p2a: Meganium|0 fnt\n|faint|p2a: Meganium\n|\n|upkeep\n|turn|7\n|-message|Calcublast forfeited.\n|\n|win|thewxfr\n|raw|thewxfr's rating: 1024 &rarr; <strong>1066</strong><br />(+42 for winning)\n|raw|Calcublast's rating: 1079 &rarr; <strong>1054</strong><br />(-25 for losing)\n|l|\u2606Calcublast\n|player|p2|\n",
  "uploadtime": 1776371953,
  "views": 20,
  "formatid": "gen9championsvgc2026regma",
  "rating": 1054,
  "private": 0,
  "password": null
}