{
  "id": "gen9championsvgc2026regma-2581626205",
  "format": "[Gen 9 Champions] VGC 2026 Reg M-A",
  "players": [
    "skibidibopy105",
    "Ophiuca"
  ],
  "log": "|j|\u2606skibidibopy105\n|j|\u2606Ophiuca\n|t:|1776016149\n|gametype|doubles\n|player|p1|skibidibopy105|102|1112\n|player|p2|Ophiuca|winona|1157\n|gen|9\n|tier|[Gen 9 Champions] VGC 2026 Reg M-A\n|rated|\n|rule|Species Clause: Limit one of each Pok\u00e9mon\n|rule|Item Clause: Limit 1 of each item\n|clearpoke\n|poke|p1|Froslass, L50, F|\n|poke|p1|Arcanine-Hisui, L50, M|\n|poke|p1|Incineroar, L50, M|\n|poke|p1|Sneasler, L50, F|\n|poke|p1|Sinistcha, L50|\n|poke|p1|Aerodactyl, L50, F|\n|poke|p2|Glimmora, L50, M|\n|poke|p2|Gardevoir, L50, M|\n|poke|p2|Incineroar, L50, F|\n|poke|p2|Corviknight, L50, F|\n|poke|p2|Garchomp, L50, F|\n|poke|p2|Empoleon, L50, M|\n|teampreview|4\n|inactive|Battle timer is ON: inactive players will automatically lose when time's up. (requested by skibidibopy105)\nskibidibopy105 has agreed to open team sheets.\n|inactive|skibidibopy105 has 60 seconds left.\n|\n|t:|1776016211\n|teamsize|p1|4\n|teamsize|p2|4\n|start\n|switch|p1a: Froslass|Froslass, L50, F|100/100\n|switch|p1b: Sneasler|Sneasler, L50, F|100/100\n|switch|p2a: Gardevoir|Gardevoir, L50, M|100/100\n|switch|p2b: Garchomp|Garchomp, L50, F|100/100\n|turn|1\n|inactive|Ophiuca has 30 seconds left.\n|inactive|Ophiuca has 20 seconds left.\n|\n|t:|1776016251\n|detailschange|p1a: Froslass|Froslass-Mega, L50, F\n|-mega|p1a: Froslass|Froslass|Froslassite\n|-weather|Snowscape|[from] ability: Snow Warning|[of] p1a: Froslass\n|move|p1b: Sneasler|Fake Out|p2a: Gardevoir\n|-damage|p2a: Gardevoir|74/100\n|move|p2b: Garchomp|Earthquake|p1b: Sneasler|[spread] p1a,p1b\n|-activate|p2a: Gardevoir|ability: Telepathy\n|-supereffective|p1b: Sneasler|1\n|-damage|p1a: Froslass|59/100\n|-damage|p1b: Sneasler|0 fnt\n|faint|p1b: Sneasler\n|move|p1a: Froslass|Blizzard|p2a: Gardevoir|[spread] p2a,p2b\n|-supereffective|p2b: Garchomp|2\n|-damage|p2a: Gardevoir|29/100\n|-damage|p2b: Garchomp|0 fnt\n|faint|p2b: Garchomp\n|cant|p2a: Gardevoir|flinch\n|\n|-weather|Snowscape|[upkeep]\n|upkeep\n|\n|t:|1776016267\n|switch|p2b: Corviknight|Corviknight, L50, F|100/100\n|switch|p1b: Incineroar|Incineroar, L50, M|100/100\n|-ability|p1b: Incineroar|Intimidate|boost\n|-unboost|p2a: Gardevoir|atk|1\n|-ability|p2b: Corviknight|Mirror Armor\n|-unboost|p1b: Incineroar|atk|1\n|turn|2\n|\n|t:|1776016285\n|switch|p2a: Incineroar|Incineroar, L50, F|100/100\n|-ability|p2a: Incineroar|Intimidate|boost\n|-unboost|p1a: Froslass|atk|1\n|-unboost|p1b: Incineroar|atk|1\n|move|p1b: Incineroar|Fake Out|p2a: Incineroar\n|-damage|p2a: Incineroar|94/100\n|move|p1a: Froslass|Aurora Veil|p1a: Froslass\n|-sidestart|p1: skibidibopy105|move: Aurora Veil\n|move|p2b: Corviknight|Iron Head|p1a: Froslass\n|-supereffective|p1a: Froslass|1\n|-damage|p1a: Froslass|14/100\n|\n|-weather|Snowscape|[upkeep]\n|upkeep\n|turn|3\n|\n|t:|1776016308\n|switch|p1b: Sinistcha|Sinistcha, L50|100/100\n|-heal|p1a: Froslass|38/100|[from] ability: Hospitality|[of] p1b: Sinistcha\n|move|p1a: Froslass|Protect|p1a: Froslass\n|-singleturn|p1a: Froslass|Protect\n|move|p2b: Corviknight|Tailwind|p2b: Corviknight\n|-sidestart|p2: Ophiuca|move: Tailwind\n|move|p2a: Incineroar|Flare Blitz|p1a: Froslass\n|-activate|p1a: Froslass|move: Protect\n|\n|-weather|Snowscape|[upkeep]\n|upkeep\n|turn|4\n|inactive|skibidibopy105 has 30 seconds left.\n|inactive|Ophiuca has 30 seconds left.\n|\n|t:|1776016340\n|switch|p1a: Incineroar|Incineroar, L50, M|100/100\n|-ability|p1a: Incineroar|Intimidate|boost\n|-unboost|p2a: Incineroar|atk|1\n|-ability|p2b: Corviknight|Mirror Armor\n|-unboost|p1a: Incineroar|atk|1\n|move|p2b: Corviknight|Brave Bird|p1b: Sinistcha\n|-supereffective|p1b: Sinistcha|1\n|-damage|p1b: Sinistcha|49/100\n|-damage|p2b: Corviknight|85/100|[from] Recoil\n|move|p2a: Incineroar|Flare Blitz|p1b: Sinistcha\n|-supereffective|p1b: Sinistcha|1\n|-damage|p1b: Sinistcha|3/100\n|-damage|p2a: Incineroar|81/100|[from] Recoil\n|move|p1b: Sinistcha|Trick Room|p1b: Sinistcha\n|-fieldstart|move: Trick Room|[of] p1b: Sinistcha\n|\n|-weather|Snowscape|[upkeep]\n|-heal|p1b: Sinistcha|9/100|[from] item: Leftovers\n|-heal|p2b: Corviknight|91/100|[from] item: Leftovers\n|upkeep\n|turn|5\n|inactive|skibidibopy105 has 30 seconds left.\n|inactive|Ophiuca has 30 seconds left.\n|inactive|Ophiuca has 20 seconds left.\n|inactive|Ophiuca has 15 seconds left.\n|\n|t:|1776016382\n|switch|p2a: Gardevoir|Gardevoir, L50, M|29/100\n|move|p1a: Incineroar|Fake Out|p2a: Gardevoir\n|-damage|p2a: Gardevoir|12/100\n|move|p1b: Sinistcha|Strength Sap|p2b: Corviknight\n|-ability|p2b: Corviknight|Mirror Armor\n|-unboost|p1b: Sinistcha|atk|1\n|-heal|p1b: Sinistcha|92/100\n|move|p2b: Corviknight|Brave Bird|p1b: Sinistcha\n|-supereffective|p1b: Sinistcha|1\n|-damage|p1b: Sinistcha|39/100\n|-damage|p2b: Corviknight|75/100|[from] Recoil\n|\n|-weather|none\n|-heal|p1b: Sinistcha|45/100|[from] item: Leftovers\n|-heal|p2b: Corviknight|81/100|[from] item: Leftovers\n|upkeep\n|turn|6\n|\n|t:|1776016405\n|switch|p2a: Incineroar|Incineroar, L50, F|81/100\n|-ability|p2a: Incineroar|Intimidate|boost\n|-unboost|p1a: Incineroar|atk|1\n|-unboost|p1b: Sinistcha|atk|1\n|move|p1a: Incineroar|Flare Blitz|p2b: Corviknight\n|-supereffective|p2b: Corviknight|1\n|-damage|p2b: Corviknight|31/100\n|-damage|p1a: Incineroar|85/100|[from] Recoil\n|move|p1b: Sinistcha|Matcha Gotcha|p2a: Incineroar|[spread] p2a,p2b\n|-resisted|p2a: Incineroar|1\n|-resisted|p2b: Corviknight|2\n|-damage|p2a: Incineroar|71/100\n|-heal|p1b: Sinistcha|51/100|[from] drain|[of] p2a: Incineroar\n|-damage|p2b: Corviknight|25/100\n|-heal|p1b: Sinistcha|54/100|[from] drain|[of] p2b: Corviknight\n|move|p2b: Corviknight|Brave Bird|p1b: Sinistcha\n|-supereffective|p1b: Sinistcha|1\n|-crit|p1b: Sinistcha\n|-damage|p1b: Sinistcha|0 fnt\n|faint|p1b: Sinistcha\n|-damage|p2b: Corviknight|8/100|[from] Recoil\n|\n|-heal|p2b: Corviknight|14/100|[from] item: Leftovers\n|-sideend|p2: Ophiuca|move: Tailwind\n|-sideend|p1: skibidibopy105|move: Aurora Veil\n|upkeep\n|\n|t:|1776016427\n|switch|p1b: Froslass|Froslass-Mega, L50, F|38/100\n|-weather|Snowscape|[from] ability: Snow Warning|[of] p1b: Froslass\n|turn|7\n|\n|t:|1776016444\n|move|p1b: Froslass|Protect|p1b: Froslass\n|-singleturn|p1b: Froslass|Protect\n|move|p2a: Incineroar|Fake Out|p1a: Incineroar\n|-damage|p1a: Incineroar|73/100\n|cant|p1a: Incineroar|flinch\n|move|p2b: Corviknight|Iron Head|p1b: Froslass\n|-activate|p1b: Froslass|move: Protect\n|\n|-weather|Snowscape|[upkeep]\n|-heal|p2b: Corviknight|21/100|[from] item: Leftovers\n|upkeep\n|turn|8\n|\n|t:|1776016464\n|move|p1b: Froslass|Protect|p1b: Froslass\n|-singleturn|p1b: Froslass|Protect\n|move|p1a: Incineroar|Flare Blitz|p2b: Corviknight\n|-supereffective|p2b: Corviknight|1\n|-damage|p2b: Corviknight|0 fnt\n|faint|p2b: Corviknight\n|-damage|p1a: Incineroar|67/100|[from] Recoil\n|move|p2a: Incineroar|Flare Blitz|p1b: Froslass\n|-activate|p1b: Froslass|move: Protect\n|\n|-weather|Snowscape|[upkeep]\n|-fieldend|move: Trick Room\n|upkeep\n|\n|t:|1776016470\n|switch|p2b: Gardevoir|Gardevoir, L50, M|12/100\n|turn|9\n|\n|t:|1776016491\n|move|p2b: Gardevoir|Protect|p2b: Gardevoir\n|-singleturn|p2b: Gardevoir|Protect\n|move|p1b: Froslass|Blizzard|p2b: Gardevoir|[spread] p2a\n|-activate|p2b: Gardevoir|move: Protect\n|-resisted|p2a: Incineroar|1\n|-damage|p2a: Incineroar|55/100\n|move|p2a: Incineroar|Flare Blitz|p1b: Froslass\n|-supereffective|p1b: Froslass|1\n|-damage|p1b: Froslass|0 fnt\n|faint|p1b: Froslass\n|-damage|p2a: Incineroar|45/100|[from] Recoil\n|move|p1a: Incineroar|Flare Blitz|p2a: Incineroar\n|-resisted|p2a: Incineroar|1\n|-damage|p2a: Incineroar|31/100\n|-damage|p1a: Incineroar|62/100|[from] Recoil\n|\n|-weather|Snowscape|[upkeep]\n|upkeep\n|turn|10\n|\n|t:|1776016513\n|move|p2a: Incineroar|Helping Hand|p2b: Gardevoir\n|-singleturn|p2b: Gardevoir|Helping Hand|[of] p2a: Incineroar\n|move|p2b: Gardevoir|Moonblast|p1a: Incineroar\n|-damage|p1a: Incineroar|0 fnt\n|faint|p1a: Incineroar\n|\n|win|Ophiuca\n|raw|skibidibopy105's rating: 1112 &rarr; <strong>1090</strong><br />(-22 for losing)\n|raw|Ophiuca's rating: 1157 &rarr; <strong>1179</strong><br />(+22 for winning)\n",
  "uploadtime": 1776016521,
  "views": 12,
  "formatid": "gen9championsvgc2026regma",
  "rating": 1090,
  "private": 0,
  "password": null
}