{
  "id": "gen9championsvgc2026regma-2588216876",
  "format": "[Gen 9 Champions] VGC 2026 Reg M-A",
  "players": [
    "TheEeveeAnimations",
    "ppyyy-inertia"
  ],
  "log": "|j|\u2606TheEeveeAnimations\n|j|\u2606ppyyy-inertia\n|t:|1776615256\n|gametype|doubles\n|player|p1|TheEeveeAnimations|dahlia|\n|player|p2|ppyyy-inertia|elesa-gen5bw2|\n|gen|9\n|tier|[Gen 9 Champions] VGC 2026 Reg M-A\n|rated|Tournament battle\n|rule|Species Clause: Limit one of each Pok\u00e9mon\n|rule|Item Clause: Limit 1 of each item\n|raw|<div class=\"infobox\"><details class=\"readmore\" open><summary><strong>1 custom rule:</strong></summary> Force Open Team Sheets</details></div>\n|clearpoke\n|poke|p1|Gengar, L50, M|\n|poke|p1|Corviknight, L50, F|\n|poke|p1|Pelipper, L50, F|\n|poke|p1|Manectric, L50, M|\n|poke|p1|Incineroar, L50, M|\n|poke|p1|Garchomp, L50, F|\n|poke|p2|Incineroar, L50, M|\n|poke|p2|Floette-Eternal, L50, F, shiny|\n|poke|p2|Zoroark-Hisui, L50, M, shiny|\n|poke|p2|Tinkaton, L50, F, shiny|\n|poke|p2|Dragonite, L50, F, shiny|\n|poke|p2|Tsareena, L50, F, shiny|\n|teampreview|4\n|showteam|p1|Gengar||Gengarite|CursedBody|Protect,Disable,ShadowBall,IcyWind|||M|||50|]Corviknight||Leftovers|MirrorArmor|BodyPress,BulkUp,BraveBird,Roost|||F|||50|]Pelipper||FocusSash|Drizzle|WeatherBall,Hurricane,Tailwind,Protect|||F|||50|]Manectric||Manectite|LightningRod|Protect,VoltSwitch,Thunder,Snarl|||M|||50|]Incineroar||ChopleBerry|Intimidate|FlareBlitz,ThroatChop,PartingShot,FakeOut|||M|||50|]Garchomp||ChoiceScarf|RoughSkin|RockSlide,StompingTantrum,Earthquake,DragonClaw|||F|||50|\n|showteam|p2|Incineroar||SitrusBerry|Intimidate|FakeOut,FlareBlitz,ThroatChop,PartingShot|||M|||50|]Floette-Eternal||Floettite|FlowerVeil|Moonblast,DazzlingGleam,CalmMind,Protect|||F|||50|]Zoroark-Hisui||FocusSash|Illusion|ShadowBall,IcyWind,WillOWisp,Protect|||M|||50|]Tinkaton||ShucaBerry|OwnTempo|FakeOut,GigatonHammer,Feint,PlayRough|||F|||50|]Dragonite||DragonFang|Multiscale|ScaleShot,Roost,Tailwind,Protect|||F|||50|]Tsareena||KebiaBerry|QueenlyMajesty|TropKick,Acrobatics,HelpingHand,Protect|||F|||50|\nTheEeveeAnimations rejected open team sheets.\n|c|\u2606TheEeveeAnimations|glhf\n|c|\u2606ppyyy-inertia|u2\n|j|@radio free c-side\n|c|\u2606TheEeveeAnimations|tinkaton hiding zoroark in team preview\n|c|\u2606TheEeveeAnimations|lmao\n|\n|t:|1776615352\n|teamsize|p1|4\n|teamsize|p2|4\n|start\n|switch|p1a: Incineroar|Incineroar, L50, M|100/100\n|switch|p1b: Corviknight|Corviknight, L50, F|100/100\n|switch|p2a: Dragonite|Dragonite, L50, F, shiny|100/100\n|switch|p2b: Tinkaton|Tinkaton, L50, F, shiny|100/100\n|-ability|p1a: Incineroar|Intimidate|boost\n|-unboost|p2a: Dragonite|atk|1\n|-fail|p2b: Tinkaton|unboost|Attack|[from] ability: Own Tempo|[of] p2b: Tinkaton\n|turn|1\n|j| carrielis\n|\n|t:|1776615403\n|move|p2a: Dragonite|Will-O-Wisp|p1b: Corviknight\n|-status|p1b: Corviknight|brn\n|move|p2b: Tinkaton|Play Rough|p1a: Incineroar\n|-damage|p1a: Incineroar|73/100\n|-unboost|p1a: Incineroar|atk|1\n|move|p1b: Corviknight|Bulk Up|p1b: Corviknight\n|-boost|p1b: Corviknight|atk|1\n|-boost|p1b: Corviknight|def|1\n|move|p1a: Incineroar|Throat Chop|p2a: Dragonite\n|-supereffective|p2a: Dragonite|1\n|-damage|p2a: Dragonite|17/100\n|-start|p2a: Dragonite|Throat Chop|[silent]\n|replace|p2a: Zoroark|Zoroark-Hisui, L50, M, shiny\n|-end|p2a: Zoroark|Illusion\n|\n|-damage|p1b: Corviknight|94/100 brn|[from] brn\n|upkeep\n|turn|2\n|\n|t:|1776615435\n|switch|p2a: Floette|Floette-Eternal, L50, F, shiny|100/100\n|move|p2b: Tinkaton|Play Rough|p1a: Incineroar\n|-damage|p1a: Incineroar|45/100\n|move|p1b: Corviknight|Bulk Up|p1b: Corviknight\n|-boost|p1b: Corviknight|atk|1\n|-boost|p1b: Corviknight|def|1\n|move|p1a: Incineroar|Throat Chop|p2a: Floette\n|-resisted|p2a: Floette|1\n|-damage|p2a: Floette|91/100\n|-start|p2a: Floette|Throat Chop|[silent]\n|\n|-heal|p1b: Corviknight|100/100 brn|[from] item: Leftovers\n|-damage|p1b: Corviknight|94/100 brn|[from] brn\n|upkeep\n|turn|3\n|c|@radio free c-side|they should give dnite wisp fr\n|\n|t:|1776615505\n|switch|p2b: Dragonite|Dragonite, L50, F, shiny|100/100\n|detailschange|p2a: Floette|Floette-Mega, L50, F, shiny\n|-mega|p2a: Floette|Floette|Floettite\n|-ability|p2a: Floette|Fairy Aura\n|move|p2a: Floette|Moonblast|p1a: Incineroar\n|-damage|p1a: Incineroar|0 fnt\n|faint|p1a: Incineroar\n|move|p1b: Corviknight|Bulk Up|p1b: Corviknight\n|-boost|p1b: Corviknight|atk|1\n|-boost|p1b: Corviknight|def|1\n|\n|-heal|p1b: Corviknight|100/100 brn|[from] item: Leftovers\n|-damage|p1b: Corviknight|94/100 brn|[from] brn\n|-end|p2a: Floette|Throat Chop|[silent]\n|upkeep\n|c| carrielis|Doestit thunder wave?\n|\n|t:|1776615522\n|switch|p1a: Gengar|Gengar, L50, M|100/100\n|turn|4\n|c| carrielis|Doesnt it get thunder wave\n|\n|t:|1776615560\n|detailschange|p1a: Gengar|Gengar-Mega, L50, M\n|-mega|p1a: Gengar|Gengar|Gengarite\n|move|p2b: Dragonite|Protect|p2b: Dragonite\n|-singleturn|p2b: Dragonite|Protect\n|move|p1a: Gengar|Icy Wind|p2b: Dragonite|[spread] p2a\n|-activate|p2b: Dragonite|move: Protect\n|-damage|p2a: Floette|81/100\n|-unboost|p2a: Floette|spe|1\n|move|p1b: Corviknight|Brave Bird|p2a: Floette\n|-damage|p2a: Floette|40/100\n|-damage|p1b: Corviknight|82/100 brn|[from] Recoil\n|move|p2a: Floette|Calm Mind|p2a: Floette\n|-boost|p2a: Floette|spa|1\n|-boost|p2a: Floette|spd|1\n|\n|-heal|p1b: Corviknight|88/100 brn|[from] item: Leftovers\n|-damage|p1b: Corviknight|82/100 brn|[from] brn\n|upkeep\n|turn|5\n|c| carrielis|Also scale shot dnite with no loaded dice is ballsy\n|\n|t:|1776615597\n|move|p2a: Floette|Protect|p2a: Floette\n|-singleturn|p2a: Floette|Protect\n|move|p1a: Gengar|Icy Wind|p2a: Floette|[spread] \n|-activate|p2a: Floette|move: Protect\n|-miss|p1a: Gengar|p2b: Dragonite\n|move|p2b: Dragonite|Scale Shot|p1b: Corviknight\n|-resisted|p1b: Corviknight|1\n|-damage|p1b: Corviknight|79/100 brn\n|-resisted|p1b: Corviknight|1\n|-damage|p1b: Corviknight|76/100 brn\n|-resisted|p1b: Corviknight|1\n|-damage|p1b: Corviknight|73/100 brn\n|-resisted|p1b: Corviknight|1\n|-damage|p1b: Corviknight|69/100 brn\n|-hitcount|p1b: Corviknight|4\n|-unboost|p2b: Dragonite|def|1\n|-boost|p2b: Dragonite|spe|1\n|move|p1b: Corviknight|Brave Bird|p2a: Floette\n|-activate|p2a: Floette|move: Protect\n|\n|-heal|p1b: Corviknight|76/100 brn|[from] item: Leftovers\n|-damage|p1b: Corviknight|69/100 brn|[from] brn\n|upkeep\n|turn|6\n|c|\u2606ppyyy-inertia|loaded dice isn't in the game\n|c|\u2606ppyyy-inertia|speed is more important than anything\n|j| Rolling Stonedge\n|c|\u2606ppyyy-inertia|it's still a 50 bp move + 1 speed\n|c| carrielis|Thats why i said it was ballsy\n|c|\u2606TheEeveeAnimations|icy miss\n|c| carrielis|Especially as ur only attacking move\n|c|\u2606ppyyy-inertia|dragonite is support\n|\n|t:|1776615675\n|move|p2b: Dragonite|Scale Shot|p1a: Gengar\n|-damage|p1a: Gengar|78/100\n|-damage|p1a: Gengar|56/100\n|-damage|p1a: Gengar|33/100\n|-hitcount|p1a: Gengar|3\n|-unboost|p2b: Dragonite|def|1\n|-boost|p2b: Dragonite|spe|1\n|move|p1a: Gengar|Icy Wind|p2a: Floette|[spread] p2b\n|-miss|p1a: Gengar|p2a: Floette\n|-supereffective|p2b: Dragonite|2\n|-damage|p2b: Dragonite|67/100\n|-unboost|p2b: Dragonite|spe|1\n|move|p1b: Corviknight|Brave Bird|p2a: Floette\n|-damage|p2a: Floette|0 fnt\n|faint|p2a: Floette\n|-damage|p1b: Corviknight|57/100 brn|[from] Recoil\n|\n|-heal|p1b: Corviknight|64/100 brn|[from] item: Leftovers\n|-damage|p1b: Corviknight|57/100 brn|[from] brn\n|upkeep\n|c|\u2606TheEeveeAnimations|carrielis we are playing a match\n|c|\u2606TheEeveeAnimations|i ask you refrain from extraneous commentary\n|\n|t:|1776615692\n|switch|p2a: Tinkaton|Tinkaton, L50, F, shiny|17/100\n|turn|7\n|l| carrielis\n|\n|t:|1776615715\n|move|p2a: Tinkaton|Protect|p2a: Tinkaton\n|-singleturn|p2a: Tinkaton|Protect\n|move|p2b: Dragonite|Roost|p2b: Dragonite\n|-heal|p2b: Dragonite|100/100\n|-singleturn|p2b: Dragonite|move: Roost\n|move|p1a: Gengar|Icy Wind|p2a: Tinkaton|[spread] p2b\n|-activate|p2a: Tinkaton|move: Protect\n|-supereffective|p2b: Dragonite|1\n|-damage|p2b: Dragonite|82/100\n|-unboost|p2b: Dragonite|spe|1\n|move|p1b: Corviknight|Brave Bird|p2a: Tinkaton\n|-activate|p2a: Tinkaton|move: Protect\n|\n|-heal|p1b: Corviknight|64/100 brn|[from] item: Leftovers\n|-damage|p1b: Corviknight|57/100 brn|[from] brn\n|upkeep\n|turn|8\n|\n|t:|1776615737\n|switch|p2a: Tinkaton|Tinkaton, L50, F, shiny|100/100\n|move|p1a: Gengar|Icy Wind|p2a: Tinkaton|[spread] p2a,p2b\n|-resisted|p2a: Tinkaton|1\n|-supereffective|p2b: Dragonite|2\n|-damage|p2a: Tinkaton|94/100\n|-damage|p2b: Dragonite|10/100\n|-unboost|p2a: Tinkaton|spe|1\n|-unboost|p2b: Dragonite|spe|1\n|move|p1b: Corviknight|Brave Bird|p2a: Tinkaton\n|-resisted|p2a: Tinkaton|1\n|-damage|p2a: Tinkaton|70/100\n|-damage|p1b: Corviknight|50/100 brn|[from] Recoil\n|move|p2b: Dragonite|Scale Shot|p1a: Gengar\n|-damage|p1a: Gengar|11/100\n|-damage|p1a: Gengar|0 fnt\n|faint|p1a: Gengar\n|-hitcount|p1: Gengar|2\n|-unboost|p2b: Dragonite|def|1\n|-boost|p2b: Dragonite|spe|1\n|\n|-heal|p1b: Corviknight|56/100 brn|[from] item: Leftovers\n|-damage|p1b: Corviknight|50/100 brn|[from] brn\n|upkeep\n|j| Ducktile\n|\n|t:|1776615751\n|switch|p1a: Garchomp|Garchomp, L50, F|100/100\n|turn|9\n|j| carrielis\n|\n|t:|1776615780\n|move|p2a: Tinkaton|Fake Out|p1a: Garchomp\n|-damage|p1a: Garchomp|91/100\n|-damage|p2a: Tinkaton|57/100|[from] ability: Rough Skin|[of] p1a: Garchomp\n|cant|p1a: Garchomp|flinch\n|move|p2b: Dragonite|Scale Shot|p1a: Garchomp\n|-supereffective|p1a: Garchomp|1\n|-damage|p1a: Garchomp|52/100\n|-supereffective|p1a: Garchomp|1\n|-damage|p1a: Garchomp|13/100\n|-supereffective|p1a: Garchomp|1\n|-damage|p1a: Garchomp|0 fnt\n|faint|p1a: Garchomp\n|-hitcount|p1: Garchomp|3\n|-unboost|p2b: Dragonite|def|1\n|-boost|p2b: Dragonite|spe|1\n|move|p1b: Corviknight|Roost|p1b: Corviknight\n|-heal|p1b: Corviknight|99/100 brn\n|-singleturn|p1b: Corviknight|move: Roost\n|\n|-heal|p1b: Corviknight|100/100 brn|[from] item: Leftovers\n|-damage|p1b: Corviknight|94/100 brn|[from] brn\n|upkeep\n|turn|10\n|\n|t:|1776615813\n|move|p2b: Dragonite|Protect|p2b: Dragonite\n|-singleturn|p2b: Dragonite|Protect\n|move|p1b: Corviknight|Brave Bird|p2b: Dragonite\n|-activate|p2b: Dragonite|move: Protect\n|move|p2a: Tinkaton|Play Rough|p1b: Corviknight|[miss]\n|-miss|p2a: Tinkaton|p1b: Corviknight\n|\n|-heal|p1b: Corviknight|100/100 brn|[from] item: Leftovers\n|-damage|p1b: Corviknight|94/100 brn|[from] brn\n|upkeep\n|turn|11\n|\n|t:|1776615827\n|switch|p2b: Dragonite|Dragonite, L50, F, shiny|17/100\n|move|p1b: Corviknight|Brave Bird|p2b: Dragonite\n|-damage|p2b: Dragonite|0 fnt\n|replace|p2b: Zoroark|Zoroark-Hisui, L50, M, shiny\n|-end|p2b: Zoroark|Illusion\n|faint|p2b: Zoroark\n|-damage|p1b: Corviknight|91/100 brn|[from] Recoil\n|move|p2a: Tinkaton|Play Rough|p1b: Corviknight\n|-resisted|p1b: Corviknight|1\n|-damage|p1b: Corviknight|85/100 brn\n|\n|-heal|p1b: Corviknight|92/100 brn|[from] item: Leftovers\n|-damage|p1b: Corviknight|85/100 brn|[from] brn\n|upkeep\n|\n|t:|1776615835\n|switch|p2b: Dragonite|Dragonite, L50, F, shiny|10/100\n|turn|12\n|\n|t:|1776615839\n|move|p2b: Dragonite|Roost|p2b: Dragonite\n|-heal|p2b: Dragonite|60/100\n|-singleturn|p2b: Dragonite|move: Roost\n|move|p1b: Corviknight|Brave Bird|p2b: Dragonite\n|-damage|p2b: Dragonite|4/100\n|-damage|p1b: Corviknight|70/100 brn|[from] Recoil\n|move|p2a: Tinkaton|Play Rough|p1b: Corviknight\n|-resisted|p1b: Corviknight|1\n|-damage|p1b: Corviknight|64/100 brn\n|\n|-heal|p1b: Corviknight|70/100 brn|[from] item: Leftovers\n|-damage|p1b: Corviknight|64/100 brn|[from] brn\n|upkeep\n|turn|13\n|\n|t:|1776615855\n|move|p2b: Dragonite|Protect|p2b: Dragonite\n|-singleturn|p2b: Dragonite|Protect\n|move|p1b: Corviknight|Roost|p1b: Corviknight\n|-heal|p1b: Corviknight|100/100 brn\n|-singleturn|p1b: Corviknight|move: Roost\n|move|p2a: Tinkaton|Play Rough|p1b: Corviknight\n|-resisted|p1b: Corviknight|1\n|-damage|p1b: Corviknight|95/100 brn\n|\n|-heal|p1b: Corviknight|100/100 brn|[from] item: Leftovers\n|-damage|p1b: Corviknight|94/100 brn|[from] brn\n|upkeep\n|turn|14\n|c| carrielis|I think you needed zoroark to beat this corv ngl\n|c|\u2606ppyyy-inertia|shadow ball doesn't do enough\n|c|\u2606ppyyy-inertia|plz stop backseating my guy\n|c|\u2606ppyyy-inertia|he just played better overall\n|c|\u2606ppyyy-inertia|or they\n|c|\u2606ppyyy-inertia|or she\n|c| carrielis|Alr\n|c|\u2606TheEeveeAnimations|my pronouns are bulk/up\n|\n|t:|1776615906\n|move|p2b: Dragonite|Tailwind|p2b: Dragonite\n|-sidestart|p2: ppyyy-inertia|move: Tailwind\n|move|p2a: Tinkaton|Play Rough|p1b: Corviknight\n|-resisted|p1b: Corviknight|1\n|-damage|p1b: Corviknight|89/100 brn\n|move|p1b: Corviknight|Bulk Up|p1b: Corviknight\n|-boost|p1b: Corviknight|atk|1\n|-boost|p1b: Corviknight|def|1\n|\n|-heal|p1b: Corviknight|95/100 brn|[from] item: Leftovers\n|-damage|p1b: Corviknight|89/100 brn|[from] brn\n|upkeep\n|turn|15\n|c| Ducktile|bro goes into every game and says how to play\n|c| Ducktile|truthbomb\n|\n|t:|1776615918\n|move|p2b: Dragonite|Roost|p2b: Dragonite\n|-heal|p2b: Dragonite|54/100\n|-singleturn|p2b: Dragonite|move: Roost\n|move|p2a: Tinkaton|Play Rough|p1b: Corviknight\n|-resisted|p1b: Corviknight|1\n|-damage|p1b: Corviknight|84/100 brn\n|-ability|p1b: Corviknight|Mirror Armor\n|-unboost|p2a: Tinkaton|atk|1\n|move|p1b: Corviknight|Brave Bird|p2b: Dragonite\n|-damage|p2b: Dragonite|0 fnt\n|faint|p2b: Dragonite\n|-damage|p1b: Corviknight|69/100 brn|[from] Recoil\n|\n|-heal|p1b: Corviknight|75/100 brn|[from] item: Leftovers\n|-damage|p1b: Corviknight|69/100 brn|[from] brn\n|upkeep\n|turn|16\n|c|@radio free c-side|dont backseat in tour games or you will get muted\n|c|\u2606TheEeveeAnimations|we do have rules against this carrielis\n|c|\u2606ppyyy-inertia|ggwp\n|c|\u2606TheEeveeAnimations|ggwp\n|c|\u2606TheEeveeAnimations|i like ur team\n|c|\u2606TheEeveeAnimations|tink is cool\n|c|\u2606ppyyy-inertia|thx\n|c|\u2606TheEeveeAnimations|why own tempo versus mold breaker\n|j| uzumakithomas\n|j| SeulClef\n|\n|t:|1776615955\n|move|p2a: Tinkaton|Gigaton Hammer|p1b: Corviknight\n|-resisted|p1b: Corviknight|1\n|-damage|p1b: Corviknight|63/100 brn\n|move|p1b: Corviknight|Roost|p1b: Corviknight\n|-heal|p1b: Corviknight|100/100 brn\n|-singleturn|p1b: Corviknight|move: Roost\n|\n|-damage|p1b: Corviknight|94/100 brn|[from] brn\n|upkeep\n|turn|17\n|c|\u2606ppyyy-inertia|own tempo for intimitdate\n|c|\u2606ppyyy-inertia|mold break is ok\n|-message|ppyyy-inertia forfeited.\n|\n|win|TheEeveeAnimations\n|n|\u2606TheEeveeAnimations|theeeveeanimations\n|n|\u2606ppyyy-inertia|ppyyyinertia\n|n|+radio free c-side|radiofreecside\n|n| Rolling Stonedge|rollingstonedge\n|n| Ducktile|ducktile\n|n| carrielis|carrielis\n|n| uzumakithomas|uzumakithomas\n|n| SeulClef|seulclef\n",
  "uploadtime": 1776615968,
  "views": 5,
  "formatid": "gen9championsvgc2026regma",
  "rating": null,
  "private": 0,
  "password": null
}