{
  "id": "gen9championsvgc2026regma-2581759731",
  "format": "[Gen 9 Champions] VGC 2026 Reg M-A",
  "players": [
    "erasure44",
    "cameruptthegoat O"
  ],
  "log": "|j|\u2606erasure44\n|j|\u2606cameruptthegoat O\n|t:|1776026234\n|gametype|doubles\n|player|p1|erasure44|psychic-gen4|1000\n|player|p2|cameruptthegoat O|1|1000\n|gen|9\n|tier|[Gen 9 Champions] VGC 2026 Reg M-A\n|rated|\n|rule|Species Clause: Limit one of each Pok\u00e9mon\n|rule|Item Clause: Limit 1 of each item\n|clearpoke\n|poke|p1|Lucario, L50, F|\n|poke|p1|Ceruledge, L50, M|\n|poke|p1|Sneasler, L50, M|\n|poke|p1|Pelipper, L50, F|\n|poke|p1|Basculegion, L50, M|\n|poke|p1|Rotom-Wash, L50|\n|poke|p2|Camerupt, L50, F|\n|poke|p2|Farigiraf, L50, F|\n|poke|p2|Incineroar, L50, M|\n|poke|p2|Torkoal, L50, F|\n|poke|p2|Sinistcha, L50|\n|teampreview|4\n|\n|t:|1776026273\n|teamsize|p1|4\n|teamsize|p2|4\n|start\n|switch|p1a: aura farmer|Lucario, L50, F|100/100\n|switch|p1b: Sneasler|Sneasler, L50, M|100/100\n|switch|p2a: Incineroar|Incineroar, L50, M|100/100\n|switch|p2b: Farigiraf|Farigiraf, L50, F|100/100\n|-ability|p2a: Incineroar|Intimidate|boost\n|-fail|p1a: aura farmer|unboost|Attack|[from] ability: Inner Focus|[of] p1a: aura farmer\n|-unboost|p1b: Sneasler|atk|1\n|turn|1\n|\n|t:|1776026318\n|switch|p1b: Pelipper|Pelipper, L50, F|100/100\n|-weather|RainDance|[from] ability: Drizzle|[of] p1b: Pelipper\n|detailschange|p1a: aura farmer|Lucario-Mega, L50, F\n|-mega|p1a: aura farmer|Lucario|Lucarionite\n|move|p1a: aura farmer|Aura Sphere|p2b: Farigiraf\n|-damage|p2b: Farigiraf|35/100\n|move|p2a: Incineroar|Parting Shot|p1b: Pelipper\n|-unboost|p1b: Pelipper|atk|1\n|-unboost|p1b: Pelipper|spa|1\n|\n|t:|1776026329\n|switch|p2a: Camerupt|Camerupt, L50, F|100/100|[from] Parting Shot\n|move|p2b: Farigiraf|Trick Room|p2b: Farigiraf\n|-fieldstart|move: Trick Room|[of] p2b: Farigiraf\n|\n|-weather|RainDance|[upkeep]\n|upkeep\n|turn|2\n|\n|t:|1776026343\n|move|p1b: Pelipper|Wide Guard|p1b: Pelipper\n|-singleturn|p1b: Pelipper|Wide Guard\n|move|p2b: Farigiraf|Sunny Day|p2b: Farigiraf\n|-weather|SunnyDay\n|move|p2a: Camerupt|Earth Power|p1a: aura farmer\n|-supereffective|p1a: aura farmer|1\n|-damage|p1a: aura farmer|0 fnt\n|faint|p1a: aura farmer\n|\n|-weather|SunnyDay|[upkeep]\n|upkeep\n|\n|t:|1776026353\n|switch|p1a: Sneasler|Sneasler, L50, M|100/100\n|turn|3\n|\n|t:|1776026367\n|detailschange|p2a: Camerupt|Camerupt-Mega, L50, F\n|-mega|p2a: Camerupt|Camerupt|Cameruptite\n|move|p1b: Pelipper|Wide Guard|p1b: Pelipper\n|-singleturn|p1b: Pelipper|Wide Guard\n|move|p2b: Farigiraf|Hyper Voice|p1b: Pelipper|[spread] \n|-activate|p1a: Sneasler|move: Wide Guard\n|-activate|p1b: Pelipper|move: Wide Guard\n|move|p2a: Camerupt|Earth Power|p1a: Sneasler\n|-supereffective|p1a: Sneasler|1\n|-enditem|p1a: Sneasler|Shuca Berry|[eat]\n|-enditem|p1a: Sneasler|Shuca Berry|[weaken]\n|-damage|p1a: Sneasler|9/100\n|move|p1a: Sneasler|Throat Chop|p2b: Farigiraf\n|-supereffective|p2b: Farigiraf|1\n|-damage|p2b: Farigiraf|0 fnt\n|faint|p2b: Farigiraf\n|\n|-weather|SunnyDay|[upkeep]\n|upkeep\n|\n|t:|1776026399\n|switch|p2b: Torkoal|Torkoal, L50, F|100/100\n|turn|4\n|\n|t:|1776026411\n|switch|p1a: Ceruledge|Ceruledge, L50, M|100/100\n|move|p2b: Torkoal|Weather Ball|p1a: Ceruledge\n|-start|p1a: Ceruledge|ability: Flash Fire\n|move|p2a: Camerupt|Eruption|p1b: Pelipper|[spread] p1b\n|-immune|p1a: Ceruledge|[from] ability: Flash Fire\n|-resisted|p1b: Pelipper|1\n|-damage|p1b: Pelipper|34/100\n|move|p1b: Pelipper|Rain Dance|p1b: Pelipper\n|-weather|RainDance\n|\n|-weather|RainDance|[upkeep]\n|upkeep\n|turn|5\n|\n|t:|1776026448\n|switch|p2b: Incineroar|Incineroar, L50, M|100/100\n|-ability|p2b: Incineroar|Intimidate|boost\n|-unboost|p1a: Ceruledge|atk|1\n|-unboost|p1b: Pelipper|atk|1\n|move|p1a: Ceruledge|Protect|p1a: Ceruledge\n|-singleturn|p1a: Ceruledge|Protect\n|move|p1b: Pelipper|Wide Guard|p1b: Pelipper\n|-singleturn|p1b: Pelipper|Wide Guard\n|move|p2a: Camerupt|Ancient Power|p1b: Pelipper\n|-supereffective|p1b: Pelipper|1\n|-damage|p1b: Pelipper|0 fnt\n|faint|p1b: Pelipper\n|\n|-weather|RainDance|[upkeep]\n|-fieldend|move: Trick Room\n|upkeep\n|\n|t:|1776026458\n|switch|p1b: Sneasler|Sneasler, L50, M|9/100\n|turn|6\n|\n|t:|1776026485\n|move|p1b: Sneasler|Fake Out|p2b: Incineroar\n|-damage|p2b: Incineroar|88/100\n|cant|p2b: Incineroar|flinch\n|move|p1a: Ceruledge|Brick Break|p2b: Incineroar\n|-supereffective|p2b: Incineroar|1\n|-enditem|p2b: Incineroar|Chople Berry|[eat]\n|-enditem|p2b: Incineroar|Chople Berry|[weaken]\n|-damage|p2b: Incineroar|72/100\n|move|p2a: Camerupt|Earth Power|p1a: Ceruledge\n|-supereffective|p1a: Ceruledge|1\n|-damage|p1a: Ceruledge|0 fnt\n|faint|p1a: Ceruledge\n|\n|-weather|RainDance|[upkeep]\n|upkeep\n|turn|7\n|-message|erasure44 forfeited.\n|\n|win|cameruptthegoat O\n|raw|erasure44's rating: 1000 &rarr; <strong>1000</strong><br />(+0 for losing)\n|raw|cameruptthegoat O's rating: 1000 &rarr; <strong>1040</strong><br />(+40 for winning)\n",
  "uploadtime": 1776026502,
  "views": 18,
  "formatid": "gen9championsvgc2026regma",
  "rating": 1000,
  "private": 0,
  "password": null
}