{
  "id": "gen9championsvgc2026regma-2586887713",
  "format": "[Gen 9 Champions] VGC 2026 Reg M-A",
  "players": [
    "TrainerDylan24",
    "wackosacko"
  ],
  "log": "|j|\u2606TrainerDylan24\n|j|\u2606wackosacko\n|t:|1776468718\n|gametype|doubles\n|player|p1|TrainerDylan24|grimsley|1091\n|player|p2|wackosacko|266|1012\n|gen|9\n|tier|[Gen 9 Champions] VGC 2026 Reg M-A\n|rated|\n|rule|Species Clause: Limit one of each Pok\u00e9mon\n|rule|Item Clause: Limit 1 of each item\n|clearpoke\n|poke|p1|Emboar, L50, M|\n|poke|p1|Oranguru, L50, M|\n|poke|p1|Milotic, L50, F|\n|poke|p1|Kingambit, L50, F|\n|poke|p1|Sinistcha, L50|\n|poke|p1|Crabominable, L50, F|\n|poke|p2|Sableye, L50, M|\n|poke|p2|Rotom-Wash, L50|\n|poke|p2|Steelix, L50, M|\n|poke|p2|Farigiraf, L50, F|\n|poke|p2|Tyranitar, L50, F|\n|poke|p2|Ampharos, L50, M|\n|teampreview|4\n|inactive|Battle timer is ON: inactive players will automatically lose when time's up. (requested by wackosacko)\n|\n|t:|1776468741\n|teamsize|p1|4\n|teamsize|p2|4\n|start\n|switch|p1a: Kingambit|Kingambit, L50, F|100/100\n|switch|p1b: Oranguru|Oranguru, L50, M|100/100\n|switch|p2a: Ampharos|Ampharos, L50, M|100/100\n|switch|p2b: Sableye|Sableye, L50, M|100/100\n|turn|1\n|\n|t:|1776468760\n|move|p2b: Sableye|Skill Swap|p2a: Ampharos\n|-activate|p2b: Sableye|Skill Swap|||[of] p2a: Ampharos\n|move|p2a: Ampharos|Cotton Guard|p2a: Ampharos\n|-boost|p2a: Ampharos|def|3\n|move|p1a: Kingambit|Iron Head|p2b: Sableye\n|-crit|p2b: Sableye\n|-damage|p2b: Sableye|3/100\n|move|p1b: Oranguru|Trick Room|p1b: Oranguru\n|-fieldstart|move: Trick Room|[of] p1b: Oranguru\n|\n|upkeep\n|turn|2\n|inactive|TrainerDylan24 has 30 seconds left.\n|inactive|wackosacko has 30 seconds left.\n|\n|t:|1776468791\n|switch|p1b: Milotic|Milotic, L50, F|100/100\n|detailschange|p2a: Ampharos|Ampharos-Mega, L50, M\n|-mega|p2a: Ampharos|Ampharos|Ampharosite\n|-ability|p2a: Ampharos|Mold Breaker\n|move|p1a: Kingambit|Iron Head|p2b: Sableye\n|-damage|p2b: Sableye|0 fnt\n|-status|p1a: Kingambit|par|[from] ability: Static|[of] p2b: Sableye\n|faint|p2b: Sableye\n|move|p2a: Ampharos|Focus Blast|p1a: Kingambit\n|-supereffective|p1a: Kingambit|2\n|-damage|p1a: Kingambit|0 fnt\n|faint|p1a: Kingambit\n|\n|upkeep\n|\n|t:|1776468805\n|switch|p1a: Crabominable|Crabominable, L50, F|100/100\n|switch|p2b: Steelix|Steelix, L50, M|100/100\n|turn|3\n|\n|t:|1776468822\n|detailschange|p1a: Crabominable|Crabominable-Mega, L50, F\n|-mega|p1a: Crabominable|Crabominable|Crabominite\n|move|p2b: Steelix|Heavy Slam|p1a: Crabominable\n|-supereffective|p1a: Crabominable|1\n|-damage|p1a: Crabominable|79/100\n|move|p1a: Crabominable|Ice Hammer|p2a: Ampharos\n|-supereffective|p2a: Ampharos|1\n|-damage|p2a: Ampharos|42/100\n|-unboost|p1a: Crabominable|spe|1\n|move|p2a: Ampharos|Parabolic Charge|p1b: Milotic|[spread] p1a,p1b\n|-immune|p2b: Steelix\n|-supereffective|p1b: Milotic|1\n|-damage|p1a: Crabominable|57/100\n|-heal|p2a: Ampharos|52/100|[from] drain|[of] p1a: Crabominable\n|-damage|p1b: Milotic|54/100\n|-heal|p2a: Ampharos|73/100|[from] drain|[of] p1b: Milotic\n|move|p1b: Milotic|Muddy Water|p2a: Ampharos|[spread] p2a\n|-miss|p1b: Milotic|p2b: Steelix\n|-resisted|p2a: Ampharos|1\n|-damage|p2a: Ampharos|60/100\n|-unboost|p2a: Ampharos|accuracy|1\n|\n|upkeep\n|turn|4\n|inactive|wackosacko has 30 seconds left.\n|\n|t:|1776468851\n|move|p1a: Crabominable|Drain Punch|p2b: Steelix\n|-supereffective|p2b: Steelix|1\n|-damage|p2b: Steelix|38/100\n|-heal|p1a: Crabominable|86/100|[from] drain|[of] p2b: Steelix\n|-enditem|p2b: Steelix|Sitrus Berry|[eat]\n|-heal|p2b: Steelix|63/100|[from] item: Sitrus Berry\n|move|p2b: Steelix|Body Press|p1a: Crabominable\n|-supereffective|p1a: Crabominable|1\n|-damage|p1a: Crabominable|30/100\n|move|p2a: Ampharos|Parabolic Charge|p1b: Milotic|[spread] \n|-immune|p2b: Steelix\n|-miss|p2a: Ampharos|p1a: Crabominable\n|-miss|p2a: Ampharos|p1b: Milotic\n|move|p1b: Milotic|Muddy Water|p2a: Ampharos|[spread] p2a\n|-miss|p1b: Milotic|p2b: Steelix\n|-resisted|p2a: Ampharos|1\n|-crit|p2a: Ampharos\n|-damage|p2a: Ampharos|44/100\n|\n|upkeep\n|turn|5\n|inactive|wackosacko has 30 seconds left.\n|\n|t:|1776468880\n|move|p1a: Crabominable|Ice Hammer|p2a: Ampharos\n|-supereffective|p2a: Ampharos|1\n|-damage|p2a: Ampharos|0 fnt\n|-unboost|p1a: Crabominable|spe|1\n|faint|p2a: Ampharos\n|move|p2b: Steelix|Earthquake|p1a: Crabominable|[spread] p1a,p1b\n|-damage|p1a: Crabominable|12/100\n|-damage|p1b: Milotic|33/100\n|move|p1b: Milotic|Scald|p2b: Steelix\n|-supereffective|p2b: Steelix|1\n|-damage|p2b: Steelix|0 fnt\n|faint|p2b: Steelix\n|\n|-fieldend|move: Trick Room\n|upkeep\n|-message|wackosacko forfeited.\n|\n|win|TrainerDylan24\n|raw|TrainerDylan24's rating: 1091 &rarr; <strong>1111</strong><br />(+20 for winning)\n|raw|wackosacko's rating: 1012 &rarr; <strong>1003</strong><br />(-9 for losing)\n|l|\u2606wackosacko\n|player|p2|\n",
  "uploadtime": 1776468895,
  "views": 21,
  "formatid": "gen9championsvgc2026regma",
  "rating": 1003,
  "private": 0,
  "password": null
}