{
  "id": "gen9championsvgc2026regma-2581009562",
  "format": "[Gen 9 Champions] VGC 2026 Reg M-A",
  "players": [
    "QueenOfNidokings",
    "Erkinez"
  ],
  "log": "|j|\u2606QueenOfNidokings\n|j|\u2606Erkinez\n|t:|1775951348\n|gametype|doubles\n|player|p1|QueenOfNidokings|2|1000\n|player|p2|Erkinez|ingo|1063\n|gen|9\n|tier|[Gen 9 Champions] VGC 2026 Reg M-A\n|rated|\n|rule|Species Clause: Limit one of each Pok\u00e9mon\n|rule|Item Clause: Limit 1 of each item\n|clearpoke\n|poke|p1|Ariados, L50, M|\n|poke|p1|Maushold, L50|\n|poke|p1|Sinistcha, L50|\n|poke|p1|Chesnaught, L50, F|\n|poke|p1|Weavile, L50, M|\n|poke|p1|Arcanine-Hisui, L50, M|\n|poke|p2|Tyranitar, L50, M|\n|poke|p2|Garchomp, L50, M|\n|poke|p2|Incineroar, L50, M|\n|poke|p2|Goodra-Hisui, L50, F|\n|poke|p2|Rotom-Wash, L50|\n|poke|p2|Sneasler, L50, M|\n|teampreview|4\n|inactive|Battle timer is ON: inactive players will automatically lose when time's up. (requested by Erkinez)\n|\n|t:|1775951374\n|teamsize|p1|4\n|teamsize|p2|4\n|start\n|switch|p1a: Sinistcha|Sinistcha, L50|100/100\n|switch|p1b: Ariados|Ariados, L50, M|100/100\n|switch|p2a: Incineroar|Incineroar, L50, M|100/100\n|switch|p2b: Sneasler|Sneasler, L50, M|100/100\n|-ability|p2a: Incineroar|Intimidate|boost\n|-unboost|p1a: Sinistcha|atk|1\n|-unboost|p1b: Ariados|atk|1\n|turn|1\n|\n|t:|1775951398\n|move|p2a: Incineroar|Fake Out|p1b: Ariados\n|-crit|p1b: Ariados\n|-damage|p1b: Ariados|75/100\n|cant|p1b: Ariados|flinch\n|move|p2b: Sneasler|Coaching|p2a: Incineroar\n|-boost|p2a: Incineroar|atk|1\n|-boost|p2a: Incineroar|def|1\n|move|p1a: Sinistcha|Strength Sap|p2b: Sneasler\n|-unboost|p2b: Sneasler|atk|1\n|-enditem|p2b: Sneasler|White Herb\n|-clearnegativeboost|p2b: Sneasler|[silent]\n|\n|upkeep\n|turn|2\n|\n|t:|1775951419\n|move|p1a: Sinistcha|Rage Powder|p1a: Sinistcha\n|-singleturn|p1a: Sinistcha|move: Rage Powder\n|move|p2b: Sneasler|Dire Claw|p1a: Sinistcha\n|-damage|p1a: Sinistcha|71/100\n|move|p1b: Ariados|Toxic Thread|p2a: Incineroar\n|-unboost|p2a: Incineroar|spe|2\n|-status|p2a: Incineroar|psn\n|move|p2a: Incineroar|Flare Blitz|p1a: Sinistcha\n|-supereffective|p1a: Sinistcha|1\n|-damage|p1a: Sinistcha|17/100\n|-damage|p2a: Incineroar|85/100 psn|[from] Recoil\n|\n|-damage|p2a: Incineroar|72/100 psn|[from] psn\n|upkeep\n|turn|3\n|\n|t:|1775951439\n|move|p2b: Sneasler|Protect|p2b: Sneasler\n|-singleturn|p2b: Sneasler|Protect\n|move|p1b: Ariados|Protect|p1b: Ariados\n|-singleturn|p1b: Ariados|Protect\n|move|p1a: Sinistcha|Grassy Terrain|p1a: Sinistcha\n|-fieldstart|move: Grassy Terrain\n|move|p2a: Incineroar|Flare Blitz|p1b: Ariados\n|-activate|p1b: Ariados|move: Protect\n|\n|-heal|p1a: Sinistcha|24/100|[from] Grassy Terrain\n|-heal|p1b: Ariados|81/100|[from] Grassy Terrain\n|-heal|p2a: Incineroar|78/100 psn|[from] Grassy Terrain\n|-damage|p2a: Incineroar|66/100 psn|[from] psn\n|upkeep\n|turn|4\n|inactive|QueenOfNidokings has 30 seconds left.\n|inactive|Erkinez has 30 seconds left.\n|\n|t:|1775951473\n|switch|p2b: Tyranitar|Tyranitar, L50, M|100/100\n|-weather|Sandstorm|[from] ability: Sand Stream|[of] p2b: Tyranitar\n|switch|p1b: Arcanine|Arcanine-Hisui, L50, M|100/100\n|-ability|p1b: Arcanine|Intimidate|boost\n|-unboost|p2a: Incineroar|atk|1\n|-unboost|p2b: Tyranitar|atk|1\n|move|p1a: Sinistcha|Strength Sap|p2b: Tyranitar\n|-unboost|p2b: Tyranitar|atk|1\n|-heal|p1a: Sinistcha|99/100\n|move|p2a: Incineroar|Flare Blitz|p1a: Sinistcha\n|-supereffective|p1a: Sinistcha|1\n|-damage|p1a: Sinistcha|68/100\n|-damage|p2a: Incineroar|57/100 psn|[from] Recoil\n|\n|-weather|Sandstorm|[upkeep]\n|-damage|p1a: Sinistcha|62/100|[from] Sandstorm\n|-damage|p2a: Incineroar|51/100 psn|[from] Sandstorm\n|-heal|p1a: Sinistcha|68/100|[from] Grassy Terrain\n|-heal|p2a: Incineroar|57/100 psn|[from] Grassy Terrain\n|-damage|p2a: Incineroar|45/100 psn|[from] psn\n|upkeep\n|-enditem|p2a: Incineroar|Sitrus Berry|[eat]\n|-heal|p2a: Incineroar|69/100 psn|[from] item: Sitrus Berry\n|turn|5\n|inactive|QueenOfNidokings has 30 seconds left.\n|inactive|Erkinez has 30 seconds left.\n|inactive|QueenOfNidokings has 20 seconds left.\n|inactive|Erkinez has 20 seconds left.\n|inactive|QueenOfNidokings has 15 seconds left.\n|\n|t:|1775951513\n|move|p1b: Arcanine|Extreme Speed|p2a: Incineroar\n|-damage|p2a: Incineroar|56/100 psn\n|move|p1a: Sinistcha|Strength Sap|p2b: Tyranitar\n|-unboost|p2b: Tyranitar|atk|1\n|-heal|p1a: Sinistcha|100/100\n|move|p2b: Tyranitar|Ice Punch|p1a: Sinistcha\n|-supereffective|p1a: Sinistcha|1\n|-damage|p1a: Sinistcha|83/100\n|move|p2a: Incineroar|Flare Blitz|p1a: Sinistcha\n|-supereffective|p1a: Sinistcha|1\n|-damage|p1a: Sinistcha|51/100\n|-damage|p2a: Incineroar|48/100 psn|[from] Recoil\n|\n|-weather|Sandstorm|[upkeep]\n|-damage|p1a: Sinistcha|45/100|[from] Sandstorm\n|-damage|p2a: Incineroar|42/100 psn|[from] Sandstorm\n|-heal|p1a: Sinistcha|51/100|[from] Grassy Terrain\n|-heal|p2a: Incineroar|48/100 psn|[from] Grassy Terrain\n|-damage|p2a: Incineroar|35/100 psn|[from] psn\n|upkeep\n|turn|6\n|inactive|QueenOfNidokings has 30 seconds left.\n|\n|t:|1775951542\n|switch|p2b: Garchomp|Garchomp, L50, M|100/100\n|move|p1b: Arcanine|Rock Blast|p2a: Incineroar\n|-supereffective|p2a: Incineroar|1\n|-damage|p2a: Incineroar|22/100 psn\n|-supereffective|p2a: Incineroar|1\n|-damage|p2a: Incineroar|10/100 psn\n|-supereffective|p2a: Incineroar|1\n|-damage|p2a: Incineroar|0 fnt\n|faint|p2a: Incineroar\n|-hitcount|p2: Incineroar|3\n|move|p1a: Sinistcha|Matcha Gotcha|p2b: Garchomp|[miss]\n|-miss|p1a: Sinistcha|p2b: Garchomp\n|\n|-weather|Sandstorm|[upkeep]\n|-damage|p1a: Sinistcha|45/100|[from] Sandstorm\n|-heal|p1a: Sinistcha|51/100|[from] Grassy Terrain\n|upkeep\n|\n|t:|1775951558\n|switch|p2a: Sneasler|Sneasler, L50, M|100/100\n|turn|7\n|\n|t:|1775951579\n|move|p2a: Sneasler|Close Combat|p1b: Arcanine\n|-supereffective|p1b: Arcanine|1\n|-damage|p1b: Arcanine|0 fnt\n|-unboost|p2a: Sneasler|def|1\n|-unboost|p2a: Sneasler|spd|1\n|faint|p1b: Arcanine\n|move|p2b: Garchomp|Dragon Claw|p1a: Sinistcha\n|-damage|p1a: Sinistcha|17/100\n|move|p1a: Sinistcha|Strength Sap|p2a: Sneasler\n|-unboost|p2a: Sneasler|atk|1\n|-heal|p1a: Sinistcha|100/100\n|\n|-weather|Sandstorm|[upkeep]\n|-damage|p2a: Sneasler|95/100|[from] Sandstorm\n|-damage|p1a: Sinistcha|94/100|[from] Sandstorm\n|-heal|p2a: Sneasler|100/100|[from] Grassy Terrain\n|-heal|p1a: Sinistcha|100/100|[from] Grassy Terrain\n|-fieldend|move: Grassy Terrain\n|upkeep\n|\n|t:|1775951598\n|switch|p1b: Ariados|Ariados, L50, M|81/100\n|turn|8\n|\n|t:|1775951612\n|switch|p2a: Tyranitar|Tyranitar, L50, M|100/100\n|move|p2b: Garchomp|Protect|p2b: Garchomp\n|-singleturn|p2b: Garchomp|Protect\n|move|p1a: Sinistcha|Rage Powder|p1a: Sinistcha\n|-singleturn|p1a: Sinistcha|move: Rage Powder\n|move|p1b: Ariados|First Impression|p2b: Garchomp\n|-activate|p2b: Garchomp|move: Protect\n|\n|-weather|none\n|upkeep\n|turn|9\n|\n|t:|1775951631\n|move|p2b: Garchomp|Rock Slide|p1b: Ariados|[spread] p1a,p1b\n|-supereffective|p1b: Ariados|1\n|-damage|p1a: Sinistcha|86/100\n|-damage|p1b: Ariados|8/100\n|cant|p1a: Sinistcha|flinch\n|move|p1b: Ariados|Toxic Thread|p2a: Tyranitar\n|-unboost|p2a: Tyranitar|spe|2\n|-status|p2a: Tyranitar|psn\n|move|p2a: Tyranitar|Ice Punch|p1b: Ariados\n|-damage|p1b: Ariados|0 fnt\n|faint|p1b: Ariados\n|\n|-damage|p2a: Tyranitar|88/100 psn|[from] psn\n|upkeep\n|\n|t:|1775951647\n|switch|p1b: Chesnaught|Chesnaught, L50, F|100/100\n|turn|10\n|\n|t:|1775951666\n|move|p2a: Tyranitar|Protect|p2a: Tyranitar\n|-singleturn|p2a: Tyranitar|Protect\n|move|p1b: Chesnaught|Wide Guard|p1b: Chesnaught\n|-singleturn|p1b: Chesnaught|Wide Guard\n|move|p2b: Garchomp|Rock Slide|p1a: Sinistcha|[spread] \n|-activate|p1a: Sinistcha|move: Wide Guard\n|-activate|p1b: Chesnaught|move: Wide Guard\n|move|p1a: Sinistcha|Grassy Terrain|p1a: Sinistcha\n|-fieldstart|move: Grassy Terrain\n|\n|-heal|p1a: Sinistcha|93/100|[from] Grassy Terrain\n|-heal|p2a: Tyranitar|94/100 psn|[from] Grassy Terrain\n|-damage|p2a: Tyranitar|82/100 psn|[from] psn\n|upkeep\n|turn|11\n|\n|t:|1775951688\n|move|p1b: Chesnaught|Grassy Glide|p2b: Garchomp\n|-damage|p2b: Garchomp|69/100\n|move|p2b: Garchomp|Rock Slide|p1b: Chesnaught|[spread] p1a,p1b\n|-resisted|p1b: Chesnaught|1\n|-damage|p1a: Sinistcha|78/100\n|-damage|p1b: Chesnaught|93/100\n|move|p1a: Sinistcha|Matcha Gotcha|p2b: Garchomp|[spread] p2a,p2b\n|-supereffective|p2a: Tyranitar|1\n|-damage|p2a: Tyranitar|32/100 psn\n|-heal|p1a: Sinistcha|100/100|[from] drain|[of] p2a: Tyranitar\n|-damage|p2b: Garchomp|33/100\n|-status|p2b: Garchomp|brn\n|move|p2a: Tyranitar|Ice Punch|p1b: Chesnaught\n|-supereffective|p1b: Chesnaught|1\n|-damage|p1b: Chesnaught|51/100\n|\n|-heal|p2b: Garchomp|39/100 brn|[from] Grassy Terrain\n|-heal|p1b: Chesnaught|57/100|[from] Grassy Terrain\n|-heal|p1b: Chesnaught|63/100|[from] item: Leftovers\n|-heal|p2a: Tyranitar|38/100 psn|[from] Grassy Terrain\n|-damage|p2a: Tyranitar|26/100 psn|[from] psn\n|-damage|p2b: Garchomp|33/100 brn|[from] brn\n|upkeep\n|turn|12\n|inactive|Erkinez has 30 seconds left.\n|\n|t:|1775951717\n|move|p1b: Chesnaught|Spiky Shield|p1b: Chesnaught\n|-singleturn|p1b: Chesnaught|move: Protect\n|move|p2b: Garchomp|Dragon Claw|p1b: Chesnaught\n|-activate|p1b: Chesnaught|move: Protect\n|-damage|p2b: Garchomp|20/100 brn|[from] Spiky Shield|[of] p1b: Chesnaught\n|move|p1a: Sinistcha|Matcha Gotcha|p2b: Garchomp|[spread] p2a\n|-miss|p1a: Sinistcha|p2b: Garchomp\n|-supereffective|p2a: Tyranitar|1\n|-damage|p2a: Tyranitar|0 fnt\n|faint|p2a: Tyranitar\n|\n|-heal|p2b: Garchomp|26/100 brn|[from] Grassy Terrain\n|-heal|p1b: Chesnaught|69/100|[from] Grassy Terrain\n|-heal|p1b: Chesnaught|75/100|[from] item: Leftovers\n|-damage|p2b: Garchomp|20/100 brn|[from] brn\n|upkeep\n|\n|t:|1775951732\n|switch|p2a: Sneasler|Sneasler, L50, M|100/100\n|turn|13\n|\n|t:|1775951745\n|move|p1a: Sinistcha|Rage Powder|p1a: Sinistcha\n|-singleturn|p1a: Sinistcha|move: Rage Powder\n|move|p1b: Chesnaught|Grassy Glide|p2b: Garchomp\n|-damage|p2b: Garchomp|0 fnt\n|faint|p2b: Garchomp\n|move|p2a: Sneasler|Dire Claw|p1a: Sinistcha\n|-damage|p1a: Sinistcha|68/100\n|\n|-heal|p1a: Sinistcha|75/100|[from] Grassy Terrain\n|-heal|p1b: Chesnaught|82/100|[from] Grassy Terrain\n|-heal|p1b: Chesnaught|88/100|[from] item: Leftovers\n|upkeep\n|turn|14\n|\n|t:|1775951760\n|move|p1b: Chesnaught|Spiky Shield|p1b: Chesnaught\n|-singleturn|p1b: Chesnaught|move: Protect\n|move|p2a: Sneasler|Dire Claw|p1b: Chesnaught\n|-activate|p1b: Chesnaught|move: Protect\n|-damage|p2a: Sneasler|88/100|[from] Spiky Shield|[of] p1b: Chesnaught\n|move|p1a: Sinistcha|Strength Sap|p2a: Sneasler\n|-unboost|p2a: Sneasler|atk|1\n|-heal|p1a: Sinistcha|100/100\n|\n|-heal|p2a: Sneasler|94/100|[from] Grassy Terrain\n|-heal|p1b: Chesnaught|94/100|[from] Grassy Terrain\n|-heal|p1b: Chesnaught|99/100|[from] item: Leftovers\n|-fieldend|move: Grassy Terrain\n|upkeep\n|turn|15\n|\n|t:|1775951777\n|move|p2a: Sneasler|Dire Claw|p1b: Chesnaught\n|-supereffective|p1b: Chesnaught|1\n|-damage|p1b: Chesnaught|60/100\n|-status|p1b: Chesnaught|slp\n|move|p1a: Sinistcha|Grassy Terrain|p1a: Sinistcha\n|-fieldstart|move: Grassy Terrain\n|cant|p1b: Chesnaught|slp\n|\n|-heal|p2a: Sneasler|99/100|[from] Grassy Terrain\n|-heal|p1b: Chesnaught|66/100 slp|[from] Grassy Terrain\n|-heal|p1b: Chesnaught|72/100 slp|[from] item: Leftovers\n|upkeep\n|turn|16\n|\n|t:|1775951793\n|move|p1a: Sinistcha|Rage Powder|p1a: Sinistcha\n|-singleturn|p1a: Sinistcha|move: Rage Powder\n|move|p2a: Sneasler|Dire Claw|p1a: Sinistcha\n|-damage|p1a: Sinistcha|80/100\n|-curestatus|p1b: Chesnaught|slp|[msg]\n|move|p1b: Chesnaught|Close Combat|p2a: Sneasler\n|-resisted|p2a: Sneasler|1\n|-damage|p2a: Sneasler|50/100\n|-unboost|p1b: Chesnaught|def|1\n|-unboost|p1b: Chesnaught|spd|1\n|\n|-heal|p2a: Sneasler|56/100|[from] Grassy Terrain\n|-heal|p1a: Sinistcha|86/100|[from] Grassy Terrain\n|-heal|p1b: Chesnaught|78/100|[from] Grassy Terrain\n|-heal|p1b: Chesnaught|85/100|[from] item: Leftovers\n|upkeep\n|turn|17\n|\n|t:|1775951813\n|move|p1b: Chesnaught|Spiky Shield|p1b: Chesnaught\n|-singleturn|p1b: Chesnaught|move: Protect\n|move|p2a: Sneasler|Dire Claw|p1b: Chesnaught\n|-activate|p1b: Chesnaught|move: Protect\n|-damage|p2a: Sneasler|44/100|[from] Spiky Shield|[of] p1b: Chesnaught\n|move|p1a: Sinistcha|Matcha Gotcha|p2a: Sneasler\n|-resisted|p2a: Sneasler|1\n|-damage|p2a: Sneasler|17/100\n|-heal|p1a: Sinistcha|98/100|[from] drain|[of] p2a: Sneasler\n|\n|-heal|p2a: Sneasler|23/100|[from] Grassy Terrain\n|-heal|p1a: Sinistcha|100/100|[from] Grassy Terrain\n|-heal|p1b: Chesnaught|91/100|[from] Grassy Terrain\n|-heal|p1b: Chesnaught|97/100|[from] item: Leftovers\n|upkeep\n|turn|18\n|\n|t:|1775951831\n|move|p1b: Chesnaught|Grassy Glide|p2a: Sneasler\n|-resisted|p2a: Sneasler|1\n|-damage|p2a: Sneasler|0 fnt\n|faint|p2a: Sneasler\n|\n|win|QueenOfNidokings\n|raw|QueenOfNidokings's rating: 1000 &rarr; <strong>1047</strong><br />(+47 for winning)\n|raw|Erkinez's rating: 1063 &rarr; <strong>1040</strong><br />(-23 for losing)\n|l|\u2606Erkinez\n|player|p2|\n",
  "uploadtime": 1775951838,
  "views": 33,
  "formatid": "gen9championsvgc2026regma",
  "rating": 1040,
  "private": 0,
  "password": null
}