{
  "id": "gen9championsvgc2026regma-2586467259",
  "format": "[Gen 9 Champions] VGC 2026 Reg M-A",
  "players": [
    "fastestlgwt2",
    "Cacrths"
  ],
  "log": "|j|\u2606fastestlgwt2\n|j|\u2606Cacrths\n|t:|1776436711\n|gametype|doubles\n|player|p1|fastestlgwt2|266|1070\n|player|p2|Cacrths|miku-ground|1155\n|gen|9\n|tier|[Gen 9 Champions] VGC 2026 Reg M-A\n|rated|\n|rule|Species Clause: Limit one of each Pok\u00e9mon\n|rule|Item Clause: Limit 1 of each item\n|clearpoke\n|poke|p1|Venusaur, L50, M|\n|poke|p1|Milotic, L50, M|\n|poke|p1|Excadrill, L50, M|\n|poke|p1|Rotom-Heat, L50|\n|poke|p1|Kommo-o, L50, M|\n|poke|p1|Pelipper, L50, F|\n|poke|p2|Delphox, L50, M|\n|poke|p2|Garchomp, L50, M|\n|poke|p2|Floette-Eternal, L50, F|\n|poke|p2|Whimsicott, L50, F|\n|poke|p2|Farigiraf, L50, F|\n|poke|p2|Rotom-Mow, L50|\n|teampreview|4\n|inactive|Battle timer is ON: inactive players will automatically lose when time's up. (requested by Cacrths)\n|inactive|fastestlgwt2 has 60 seconds left.\n|\n|t:|1776436755\n|teamsize|p1|4\n|teamsize|p2|4\n|start\n|switch|p1a: Excadrill|Excadrill, L50, M|100/100\n|switch|p1b: Rotom|Rotom-Heat, L50|100/100\n|switch|p2a: Rotom|Rotom-Mow, L50|100/100\n|switch|p2b: Whimsicott|Whimsicott, L50, F, shiny|100/100\n|turn|1\n|inactive|fastestlgwt2 has 30 seconds left.\n|inactive|fastestlgwt2 has 20 seconds left.\n|inactive|fastestlgwt2 has 15 seconds left.\n|inactive|fastestlgwt2 has 10 seconds left.\n|inactive|fastestlgwt2 has 5 seconds left.\n|\n|t:|1776436810\n|move|p2b: Whimsicott|Tailwind|p2b: Whimsicott\n|-sidestart|p2: Cacrths|move: Tailwind\n|move|p2a: Rotom|Will-O-Wisp|p1a: Excadrill|[miss]\n|-miss|p2a: Rotom|p1a: Excadrill\n|move|p1b: Rotom|Discharge|p2a: Rotom|[spread] p2a,p2b\n|-immune|p1a: Excadrill\n|-resisted|p2a: Rotom|2\n|-resisted|p2b: Whimsicott|1\n|-damage|p2a: Rotom|91/100\n|-damage|p2b: Whimsicott|81/100\n|move|p1a: Excadrill|Earthquake|p2a: Rotom|[spread] p2b\n|-immune|p1b: Rotom|[from] ability: Levitate\n|-immune|p2a: Rotom|[from] ability: Levitate\n|-resisted|p2b: Whimsicott|1\n|-damage|p2b: Whimsicott|53/100\n|\n|upkeep\n|turn|2\n|inactive|fastestlgwt2 has 30 seconds left.\n|inactive|Cacrths has 30 seconds left.\n|\n|t:|1776436847\n|switch|p1b: Pelipper|Pelipper, L50, F|100/100\n|-weather|RainDance|[from] ability: Drizzle|[of] p1b: Pelipper\n|switch|p1a: Venusaur|Venusaur, L50, M|100/100\n|move|p2b: Whimsicott|Moonblast|p1a: Venusaur\n|-resisted|p1a: Venusaur|1\n|-damage|p1a: Venusaur|89/100\n|move|p2a: Rotom|Leaf Storm|p1a: Venusaur\n|-resisted|p1a: Venusaur|2\n|-damage|p1a: Venusaur|75/100\n|-unboost|p2a: Rotom|spa|2\n|\n|-weather|RainDance|[upkeep]\n|upkeep\n|turn|3\n|\n|t:|1776436866\n|detailschange|p1a: Venusaur|Venusaur-Mega, L50, M\n|-mega|p1a: Venusaur|Venusaur|Venusaurite\n|move|p2b: Whimsicott|Taunt|p1b: Pelipper\n|-start|p1b: Pelipper|move: Taunt\n|move|p2a: Rotom|Volt Switch|p1a: Venusaur\n|-resisted|p1a: Venusaur|1\n|-damage|p1a: Venusaur|68/100\n|\n|t:|1776436874\n|switch|p2a: Delphox|Delphox, L50, M, shiny|100/100|[from] Volt Switch\n|move|p1a: Venusaur|Sludge Bomb|p2b: Whimsicott\n|-supereffective|p2b: Whimsicott|2\n|-crit|p2b: Whimsicott\n|-damage|p2b: Whimsicott|0 fnt\n|faint|p2b: Whimsicott\n|cant|p1b: Pelipper|move: Taunt|Tailwind\n|\n|-weather|RainDance|[upkeep]\n|upkeep\n|\n|t:|1776436875\n|switch|p2b: Garchomp|Garchomp, L50, M|100/100\n|turn|4\n|\n|t:|1776436892\n|detailschange|p2a: Delphox|Delphox-Mega, L50, M, shiny\n|-mega|p2a: Delphox|Delphox|Delphoxite\n|move|p1a: Venusaur|Protect|p1a: Venusaur\n|-singleturn|p1a: Venusaur|Protect\n|move|p2b: Garchomp|Rock Slide|p1b: Pelipper|[spread] p1b\n|-activate|p1a: Venusaur|move: Protect\n|-supereffective|p1b: Pelipper|1\n|-damage|p1b: Pelipper|67/100\n|move|p2a: Delphox|Psyshock|p1a: Venusaur\n|-activate|p1a: Venusaur|move: Protect\n|cant|p1b: Pelipper|flinch\n|\n|-weather|RainDance|[upkeep]\n|-sideend|p2: Cacrths|move: Tailwind\n|upkeep\n|turn|5\n|\n|t:|1776436913\n|switch|p1a: Excadrill|Excadrill, L50, M|100/100\n|move|p2b: Garchomp|Rock Slide|p1a: Excadrill|[spread] p1b\n|-miss|p2b: Garchomp|p1a: Excadrill\n|-supereffective|p1b: Pelipper|1\n|-damage|p1b: Pelipper|32/100\n|move|p2a: Delphox|Psyshock|p1a: Excadrill\n|-resisted|p1a: Excadrill|1\n|-damage|p1a: Excadrill|61/100\n|move|p1b: Pelipper|Weather Ball|p2a: Delphox\n|-supereffective|p2a: Delphox|1\n|-damage|p2a: Delphox|11/100\n|\n|-weather|RainDance|[upkeep]\n|-end|p1b: Pelipper|move: Taunt\n|upkeep\n|turn|6\n|inactive|fastestlgwt2 has 30 seconds left.\n|inactive|Cacrths has 30 seconds left.\n|\n|t:|1776436952\n|move|p1a: Excadrill|Protect|p1a: Excadrill\n|-singleturn|p1a: Excadrill|Protect\n|move|p2b: Garchomp|Rock Slide|p1a: Excadrill|[spread] p1b\n|-activate|p1a: Excadrill|move: Protect\n|-supereffective|p1b: Pelipper|1\n|-damage|p1b: Pelipper|0 fnt\n|faint|p1b: Pelipper\n|move|p2a: Delphox|Fire Blast|p1a: Excadrill\n|-activate|p1a: Excadrill|move: Protect\n|\n|-weather|none\n|upkeep\n|\n|t:|1776436966\n|switch|p1b: Rotom|Rotom-Heat, L50|100/100\n|turn|7\n|inactive|fastestlgwt2 has 30 seconds left.\n|\n|t:|1776436994\n|move|p2b: Garchomp|Rock Slide|p1a: Excadrill|[spread] p1a,p1b\n|-resisted|p1a: Excadrill|2\n|-supereffective|p1b: Rotom|1\n|-crit|p1b: Rotom\n|-damage|p1a: Excadrill|53/100\n|-damage|p1b: Rotom|27/100\n|move|p1b: Rotom|Trick|p1a: Excadrill\n|-activate|p1b: Rotom|move: Trick|[of] p1a: Excadrill\n|-item|p1a: Excadrill|Choice Scarf|[from] move: Trick\n|-item|p1b: Rotom|Metal Coat|[from] move: Trick\n|move|p1a: Excadrill|Rock Slide|p2a: Delphox|[spread] p2a,p2b\n|-supereffective|p2a: Delphox|1\n|-resisted|p2b: Garchomp|1\n|-damage|p2a: Delphox|0 fnt\n|-damage|p2b: Garchomp|90/100\n|faint|p2a: Delphox\n|\n|upkeep\n|\n|t:|1776437004\n|switch|p2a: Rotom|Rotom-Mow, L50|91/100\n|turn|8\n|\n|t:|1776437022\n|switch|p1a: Venusaur|Venusaur-Mega, L50, M|68/100\n|move|p2b: Garchomp|Rock Slide|p1a: Venusaur|[spread] p1a,p1b\n|-supereffective|p1b: Rotom|1\n|-damage|p1a: Venusaur|49/100\n|-damage|p1b: Rotom|0 fnt\n|faint|p1b: Rotom\n|move|p2a: Rotom|Leaf Storm|p1a: Venusaur\n|-resisted|p1a: Venusaur|2\n|-damage|p1a: Venusaur|36/100\n|-unboost|p2a: Rotom|spa|2\n|\n|upkeep\n|\n|t:|1776437034\n|switch|p1b: Excadrill|Excadrill, L50, M|53/100\n|turn|9\n|\n|t:|1776437052\n|move|p2b: Garchomp|Rock Slide|p1a: Venusaur|[spread] p1a,p1b\n|-resisted|p1b: Excadrill|2\n|-damage|p1a: Venusaur|18/100\n|-damage|p1b: Excadrill|46/100\n|move|p1b: Excadrill|Iron Head|p2b: Garchomp\n|-damage|p2b: Garchomp|39/100\n|-damage|p1b: Excadrill|34/100|[from] ability: Rough Skin|[of] p2b: Garchomp\n|move|p2a: Rotom|Will-O-Wisp|p1b: Excadrill|[miss]\n|-miss|p2a: Rotom|p1b: Excadrill\n|move|p1a: Venusaur|Sludge Bomb|p2a: Rotom\n|-supereffective|p2a: Rotom|1\n|-damage|p2a: Rotom|0 fnt\n|faint|p2a: Rotom\n|\n|upkeep\n|turn|10\n|\n|t:|1776437074\n|move|p2b: Garchomp|Rock Slide|p1b: Excadrill|[spread] p1a,p1b\n|-resisted|p1b: Excadrill|2\n|-damage|p1a: Venusaur|2/100\n|-damage|p1b: Excadrill|27/100\n|cant|p1b: Excadrill|flinch\n|cant|p1a: Venusaur|flinch\n|\n|upkeep\n|turn|11\n|\n|t:|1776437086\n|move|p2b: Garchomp|Rock Slide|p1a: Venusaur|[spread] p1a,p1b\n|-resisted|p1b: Excadrill|2\n|-damage|p1a: Venusaur|0 fnt\n|-damage|p1b: Excadrill|20/100\n|faint|p1a: Venusaur\n|cant|p1b: Excadrill|flinch\n|\n|upkeep\n|turn|12\n|\n|t:|1776437094\n|move|p2b: Garchomp|Rock Slide|p1b: Excadrill\n|-resisted|p1b: Excadrill|2\n|-damage|p1b: Excadrill|9/100\n|cant|p1b: Excadrill|flinch\n|\n|upkeep\n|turn|13\n|-message|fastestlgwt2 forfeited.\n|\n|win|Cacrths\n|raw|fastestlgwt2's rating: 1070 &rarr; <strong>1054</strong><br />(-16 for losing)\n|raw|Cacrths's rating: 1155 &rarr; <strong>1174</strong><br />(+19 for winning)\n|l|\u2606fastestlgwt2\n|player|p1|\n|c|\u2606Cacrths|YEAH VABY\n",
  "uploadtime": 1776437108,
  "views": 14,
  "formatid": "gen9championsvgc2026regma",
  "rating": 1054,
  "private": 0,
  "password": null
}