{
  "id": "gen9championsvgc2026regma-2581627674",
  "format": "[Gen 9 Champions] VGC 2026 Reg M-A",
  "players": [
    "GBiscotto",
    "Jah_08"
  ],
  "log": "|j|\u2606GBiscotto\n|j|\u2606Jah_08\n|t:|1776016262\n|gametype|doubles\n|player|p1|GBiscotto|brycenman|1197\n|player|p2|Jah_08|2|1232\n|gen|9\n|tier|[Gen 9 Champions] VGC 2026 Reg M-A\n|rated|\n|rule|Species Clause: Limit one of each Pok\u00e9mon\n|rule|Item Clause: Limit 1 of each item\n|clearpoke\n|poke|p1|Froslass, L50, F|\n|poke|p1|Glaceon, L50, F|\n|poke|p1|Sneasler, L50, M|\n|poke|p1|Garchomp, L50, M|\n|poke|p1|Aerodactyl, L50, F|\n|poke|p1|Kingambit, L50, M|\n|poke|p2|Basculegion, L50, M|\n|poke|p2|Zoroark-Hisui, L50, M|\n|poke|p2|Conkeldurr, L50, F|\n|poke|p2|Whimsicott, L50, M|\n|poke|p2|Chandelure, L50, F|\n|poke|p2|Vanilluxe, L50, F|\n|teampreview|4\n|inactive|Battle timer is ON: inactive players will automatically lose when time's up. (requested by GBiscotto)\n|\n|t:|1776016311\n|teamsize|p1|4\n|teamsize|p2|4\n|start\n|switch|p1a: Froslass|Froslass, L50, F, shiny|100/100\n|switch|p1b: Glaceon|Glaceon, L50, F|100/100\n|switch|p2a: Conkeldurr|Conkeldurr, L50, F, shiny|100/100\n|switch|p2b: Basculegion|Basculegion, L50, M|100/100\n|turn|1\n|inactive|Jah_08 has 30 seconds left.\n|\n|t:|1776016346\n|detailschange|p1a: Froslass|Froslass-Mega, L50, F, shiny\n|-mega|p1a: Froslass|Froslass|Froslassite\n|-weather|Snowscape|[from] ability: Snow Warning|[of] p1a: Froslass\n|move|p2b: Basculegion|Flip Turn|p1a: Froslass\n|-damage|p1a: Froslass|51/100\n|\n|t:|1776016352\n|switch|p2b: Conkeldurr|Conkeldurr, L50, F, shiny|100/100|[from] Flip Turn\n|move|p1a: Froslass|Aurora Veil|p1a: Froslass\n|-sidestart|p1: GBiscotto|move: Aurora Veil\n|move|p2a: Conkeldurr|Shadow Ball|p1a: Froslass\n|-supereffective|p1a: Froslass|1\n|-damage|p1a: Froslass|0 fnt\n|faint|p1a: Froslass\n|move|p1b: Glaceon|Freeze-Dry|p2b: Conkeldurr\n|-crit|p2b: Conkeldurr\n|-damage|p2b: Conkeldurr|32/100\n|\n|-weather|Snowscape|[upkeep]\n|upkeep\n|\n|t:|1776016368\n|switch|p1a: Sneasler|Sneasler, L50, M|100/100\n|turn|2\n|\n|t:|1776016384\n|move|p1a: Sneasler|Fake Out|p2b: Conkeldurr\n|-damage|p2b: Conkeldurr|16/100\n|cant|p2b: Conkeldurr|flinch\n|move|p2a: Conkeldurr|Will-O-Wisp|p1a: Sneasler\n|-status|p1a: Sneasler|brn\n|move|p1b: Glaceon|Blizzard|p2b: Conkeldurr|[spread] p2a,p2b\n|-enditem|p2a: Conkeldurr|Focus Sash\n|-damage|p2a: Conkeldurr|1/100\n|-damage|p2b: Conkeldurr|0 fnt\n|replace|p2a: Zoroark|Zoroark-Hisui, L50, M\n|-end|p2a: Zoroark|Illusion\n|faint|p2b: Conkeldurr\n|\n|-weather|Snowscape|[upkeep]\n|-damage|p1a: Sneasler|95/100 brn|[from] brn\n|upkeep\n|\n|t:|1776016403\n|switch|p2b: Chandelure|Chandelure, L50, F, shiny|100/100\n|turn|3\n|\n|t:|1776016427\n|detailschange|p2b: Chandelure|Chandelure-Mega, L50, F, shiny\n|-mega|p2b: Chandelure|Chandelure|Chandelurite\n|move|p1b: Glaceon|Ice Shard|p2a: Zoroark\n|-damage|p2a: Zoroark|0 fnt\n|faint|p2a: Zoroark\n|move|p1a: Sneasler|Dire Claw|p2b: Chandelure\n|-resisted|p2b: Chandelure|1\n|-damage|p2b: Chandelure|88/100\n|move|p2b: Chandelure|Heat Wave|p1b: Glaceon|[spread] p1b\n|-miss|p2b: Chandelure|p1a: Sneasler\n|-supereffective|p1b: Glaceon|1\n|-damage|p1b: Glaceon|0 fnt\n|faint|p1b: Glaceon\n|\n|-weather|Snowscape|[upkeep]\n|-damage|p1a: Sneasler|89/100 brn|[from] brn\n|upkeep\n|\n|t:|1776016445\n|switch|p2a: Basculegion|Basculegion, L50, M|100/100\n|switch|p1b: Aerodactyl|Aerodactyl, L50, F|100/100\n|turn|4\n|inactive|Jah_08 has 30 seconds left.\n|\n|t:|1776016472\n|move|p1a: Sneasler|Protect|p1a: Sneasler\n|-singleturn|p1a: Sneasler|Protect\n|move|p2b: Chandelure|Protect|p2b: Chandelure\n|-singleturn|p2b: Chandelure|Protect\n|move|p1b: Aerodactyl|Rock Slide|p2a: Basculegion|[spread] p2a\n|-activate|p2b: Chandelure|move: Protect\n|-damage|p2a: Basculegion|71/100\n|cant|p2a: Basculegion|flinch\n|\n|-weather|Snowscape|[upkeep]\n|-damage|p1a: Sneasler|83/100 brn|[from] brn\n|upkeep\n|turn|5\n|\n|t:|1776016497\n|move|p1b: Aerodactyl|Rock Slide|p2a: Basculegion|[spread] p2b\n|-miss|p1b: Aerodactyl|p2a: Basculegion\n|-supereffective|p2b: Chandelure|1\n|-damage|p2b: Chandelure|31/100\n|move|p2a: Basculegion|Wave Crash|p1b: Aerodactyl\n|-supereffective|p1b: Aerodactyl|1\n|-enditem|p1b: Aerodactyl|Focus Sash\n|-damage|p1b: Aerodactyl|1/100\n|-damage|p2a: Basculegion|45/100|[from] Recoil\n|move|p1a: Sneasler|Dire Claw|p2a: Basculegion\n|-resisted|p2a: Basculegion|1\n|-damage|p2a: Basculegion|29/100\n|cant|p2b: Chandelure|flinch\n|\n|-weather|none\n|-damage|p1a: Sneasler|77/100 brn|[from] brn\n|-sideend|p1: GBiscotto|move: Aurora Veil\n|upkeep\n|turn|6\n|inactive|Jah_08 has 30 seconds left.\n|\n|t:|1776016524\n|move|p1b: Aerodactyl|Rock Slide|p2b: Chandelure|[spread] p2a,p2b\n|-supereffective|p2b: Chandelure|1\n|-damage|p2a: Basculegion|0 fnt\n|-damage|p2b: Chandelure|0 fnt\n|faint|p2a: Basculegion\n|faint|p2b: Chandelure\n|\n|win|GBiscotto\n|raw|GBiscotto's rating: 1197 &rarr; <strong>1225</strong><br />(+28 for winning)\n|raw|Jah_08's rating: 1232 &rarr; <strong>1204</strong><br />(-28 for losing)\n",
  "uploadtime": 1776016577,
  "views": 21,
  "formatid": "gen9championsvgc2026regma",
  "rating": 1204,
  "private": 0,
  "password": null
}