{
  "id": "gen9championsvgc2026regma-2585280977",
  "format": "[Gen 9 Champions] VGC 2026 Reg M-A",
  "players": [
    "Kryo04",
    "galbiazzoh"
  ],
  "log": "|j|\u2606Kryo04\n|j|\u2606galbiazzoh\n|t:|1776333348\n|gametype|doubles\n|player|p1|Kryo04|169|1247\n|player|p2|galbiazzoh|li|1169\n|gen|9\n|tier|[Gen 9 Champions] VGC 2026 Reg M-A\n|rated|\n|rule|Species Clause: Limit one of each Pok\u00e9mon\n|rule|Item Clause: Limit 1 of each item\n|clearpoke\n|poke|p1|Crabominable, L50, F|\n|poke|p1|Farigiraf, L50, M|\n|poke|p1|Mimikyu, L50, M|\n|poke|p1|Drampa, L50, M|\n|poke|p1|Goodra-Hisui, L50, M|\n|poke|p1|Primarina, L50, F|\n|poke|p2|Manectric, L50, M|\n|poke|p2|Incineroar, L50, M|\n|poke|p2|Rotom-Wash, L50|\n|poke|p2|Sinistcha, L50|\n|poke|p2|Garchomp, L50, M|\n|poke|p2|Corviknight, L50, M|\n|teampreview|4\n|inactive|Battle timer is ON: inactive players will automatically lose when time's up. (requested by Kryo04)\n|inactive|galbiazzoh also wants the timer to be on.\n|\n|t:|1776333376\n|teamsize|p1|4\n|teamsize|p2|4\n|start\n|switch|p1a: Crabominable|Crabominable, L50, F|100/100\n|switch|p1b: Farigiraf|Farigiraf, L50, M|100/100\n|switch|p2a: Incineroar|Incineroar, L50, M|100/100\n|switch|p2b: Rotom|Rotom-Wash, L50|100/100\n|-ability|p2a: Incineroar|Intimidate|boost\n|-unboost|p1a: Crabominable|atk|1\n|-unboost|p1b: Farigiraf|atk|1\n|turn|1\n|inactive|galbiazzoh has 30 seconds left.\n|\n|t:|1776333402\n|switch|p1a: Primarina|Primarina, L50, F|100/100\n|move|p2b: Rotom|Will-O-Wisp|p1a: Primarina\n|-status|p1a: Primarina|brn\n|move|p2a: Incineroar|Parting Shot|p1b: Farigiraf\n|-unboost|p1b: Farigiraf|atk|1\n|-unboost|p1b: Farigiraf|spa|1\n|\n|t:|1776333410\n|switch|p2a: Sinistcha|Sinistcha, L50|100/100|[from] Parting Shot\n|move|p1b: Farigiraf|Trick Room|p1b: Farigiraf\n|-fieldstart|move: Trick Room|[of] p1b: Farigiraf\n|\n|-damage|p1a: Primarina|95/100 brn|[from] brn\n|upkeep\n|turn|2\n|\n|t:|1776333424\n|switch|p1b: Mimikyu|Mimikyu, L50, M|100/100\n|move|p1a: Primarina|Moonblast|p2a: Sinistcha\n|-damage|p2a: Sinistcha|47/100\n|move|p2a: Sinistcha|Matcha Gotcha|p1b: Mimikyu|[spread] p1a,p1b\n|-supereffective|p1a: Primarina|1\n|-damage|p1a: Primarina|58/100 brn\n|-heal|p2a: Sinistcha|66/100|[from] drain|[of] p1a: Primarina\n|-activate|p1b: Mimikyu|ability: Disguise\n|-damage|p1b: Mimikyu|100/100\n|detailschange|p1b: Mimikyu|Mimikyu-Busted, L50, M\n|-damage|p1b: Mimikyu|88/100|[from] pokemon: Mimikyu-Busted\n|move|p2b: Rotom|Hydro Pump|p1b: Mimikyu\n|-damage|p1b: Mimikyu|36/100\n|-enditem|p1b: Mimikyu|Sitrus Berry|[eat]\n|-heal|p1b: Mimikyu|60/100|[from] item: Sitrus Berry\n|\n|-heal|p2a: Sinistcha|72/100|[from] item: Leftovers\n|-damage|p1a: Primarina|52/100 brn|[from] brn\n|upkeep\n|turn|3\n|inactive|galbiazzoh has 30 seconds left.\n|\n|t:|1776333454\n|move|p1a: Primarina|Moonblast|p2b: Rotom\n|-damage|p2b: Rotom|37/100\n|-enditem|p2b: Rotom|Sitrus Berry|[eat]\n|-heal|p2b: Rotom|62/100|[from] item: Sitrus Berry\n|move|p2a: Sinistcha|Matcha Gotcha|p1b: Mimikyu|[spread] p1a,p1b\n|-supereffective|p1a: Primarina|1\n|-damage|p1a: Primarina|14/100 brn\n|-heal|p2a: Sinistcha|92/100|[from] drain|[of] p1a: Primarina\n|-damage|p1b: Mimikyu|36/100\n|-heal|p2a: Sinistcha|100/100|[from] drain|[of] p1b: Mimikyu\n|move|p1b: Mimikyu|Shadow Claw|p2a: Sinistcha\n|-supereffective|p2a: Sinistcha|1\n|-damage|p2a: Sinistcha|47/100\n|move|p2b: Rotom|Will-O-Wisp|p1b: Mimikyu\n|-status|p1b: Mimikyu|brn\n|\n|-heal|p2a: Sinistcha|53/100|[from] item: Leftovers\n|-damage|p1a: Primarina|8/100 brn|[from] brn\n|-damage|p1b: Mimikyu|30/100 brn|[from] brn\n|upkeep\n|turn|4\n|inactive|Kryo04 has 30 seconds left.\n|inactive|galbiazzoh has 30 seconds left.\n|inactive|galbiazzoh has 20 seconds left.\n|\n|t:|1776333491\n|switch|p2b: Incineroar|Incineroar, L50, M|100/100\n|-ability|p2b: Incineroar|Intimidate|boost\n|-unboost|p1a: Primarina|atk|1\n|-unboost|p1b: Mimikyu|atk|1\n|move|p1a: Primarina|Moonblast|p2a: Sinistcha\n|-damage|p2a: Sinistcha|0 fnt\n|faint|p2a: Sinistcha\n|move|p1b: Mimikyu|Shadow Claw|p2b: Incineroar\n|-resisted|p2b: Incineroar|1\n|-damage|p2b: Incineroar|96/100\n|\n|-damage|p1a: Primarina|2/100 brn|[from] brn\n|-damage|p1b: Mimikyu|23/100 brn|[from] brn\n|upkeep\n|\n|t:|1776333504\n|switch|p2a: Rotom|Rotom-Wash, L50|62/100\n|turn|5\n|\n|t:|1776333516\n|move|p2b: Incineroar|Fake Out|p1a: Primarina\n|-damage|p1a: Primarina|0 fnt\n|faint|p1a: Primarina\n|move|p1b: Mimikyu|Play Rough|p2b: Incineroar\n|-damage|p2b: Incineroar|84/100\n|move|p2a: Rotom|Volt Switch|p1b: Mimikyu\n|-damage|p1b: Mimikyu|0 fnt\n|faint|p1b: Mimikyu\n|\n|t:|1776333522\n|switch|p2a: Manectric|Manectric, L50, M|100/100|[from] Volt Switch\n|\n|-fieldend|move: Trick Room\n|upkeep\n|\n|t:|1776333524\n|switch|p1b: Farigiraf|Farigiraf, L50, M|100/100\n|switch|p1a: Crabominable|Crabominable, L50, F|100/100\n|turn|6\n|\n|t:|1776333538\n|detailschange|p2a: Manectric|Manectric-Mega, L50, M\n|-mega|p2a: Manectric|Manectric|Manectite\n|-ability|p2a: Manectric|Intimidate|boost\n|-unboost|p1a: Crabominable|atk|1\n|-unboost|p1b: Farigiraf|atk|1\n|detailschange|p1a: Crabominable|Crabominable-Mega, L50, F\n|-mega|p1a: Crabominable|Crabominable|Crabominite\n|move|p1a: Crabominable|Protect|p1a: Crabominable\n|-singleturn|p1a: Crabominable|Protect\n|move|p2a: Manectric|Snarl|p1b: Farigiraf|[spread] p1b\n|-activate|p1a: Crabominable|move: Protect\n|-supereffective|p1b: Farigiraf|1\n|-damage|p1b: Farigiraf|78/100\n|-unboost|p1b: Farigiraf|spa|1\n|move|p2b: Incineroar|Parting Shot|p1a: Crabominable\n|-activate|p1a: Crabominable|move: Protect\n|move|p1b: Farigiraf|Trick Room|p1b: Farigiraf\n|-fieldstart|move: Trick Room|[of] p1b: Farigiraf\n|\n|upkeep\n|turn|7\n|\n|t:|1776333554\n|move|p1a: Crabominable|Drain Punch|p2b: Incineroar\n|-supereffective|p2b: Incineroar|1\n|-enditem|p2b: Incineroar|Chople Berry|[eat]\n|-enditem|p2b: Incineroar|Chople Berry|[weaken]\n|-damage|p2b: Incineroar|51/100\n|move|p1b: Farigiraf|Hyper Voice|p2b: Incineroar|[spread] p2a,p2b\n|-damage|p2a: Manectric|74/100\n|-damage|p2b: Incineroar|33/100\n|move|p2b: Incineroar|Parting Shot|p1a: Crabominable\n|-unboost|p1a: Crabominable|atk|1\n|-unboost|p1a: Crabominable|spa|1\n|\n|t:|1776333561\n|switch|p2b: Rotom|Rotom-Wash, L50|62/100|[from] Parting Shot\n|move|p2a: Manectric|Volt Switch|p1b: Farigiraf\n|-damage|p1b: Farigiraf|48/100\n|\n|t:|1776333563\n|switch|p2a: Incineroar|Incineroar, L50, M|33/100|[from] Volt Switch\n|-ability|p2a: Incineroar|Intimidate|boost\n|-unboost|p1a: Crabominable|atk|1\n|-unboost|p1b: Farigiraf|atk|1\n|\n|upkeep\n|turn|8\n|\n|t:|1776333572\n|switch|p2a: Manectric|Manectric-Mega, L50, M|74/100\n|-ability|p2a: Manectric|Intimidate|boost\n|-unboost|p1a: Crabominable|atk|1\n|-unboost|p1b: Farigiraf|atk|1\n|move|p1a: Crabominable|Drain Punch|p2a: Manectric\n|-damage|p2a: Manectric|48/100\n|move|p1b: Farigiraf|Hyper Voice|p2a: Manectric|[spread] p2a,p2b\n|-damage|p2a: Manectric|25/100\n|-damage|p2b: Rotom|42/100\n|move|p2b: Rotom|Will-O-Wisp|p1a: Crabominable\n|-status|p1a: Crabominable|brn\n|\n|-damage|p1a: Crabominable|95/100 brn|[from] brn\n|upkeep\n|turn|9\n|\n|t:|1776333587\n|move|p2a: Manectric|Protect|p2a: Manectric\n|-singleturn|p2a: Manectric|Protect\n|move|p1a: Crabominable|Drain Punch|p2a: Manectric\n|-activate|p2a: Manectric|move: Protect\n|move|p1b: Farigiraf|Hyper Voice|p2a: Manectric|[spread] p2b\n|-activate|p2a: Manectric|move: Protect\n|-damage|p2b: Rotom|22/100\n|move|p2b: Rotom|Hydro Pump|p1b: Farigiraf|[miss]\n|-miss|p2b: Rotom|p1b: Farigiraf\n|\n|-damage|p1a: Crabominable|89/100 brn|[from] brn\n|upkeep\n|turn|10\n|\n|t:|1776333608\n|move|p1a: Crabominable|Drain Punch|p2a: Manectric\n|-damage|p2a: Manectric|12/100\n|-heal|p1a: Crabominable|94/100 brn|[from] drain|[of] p2a: Manectric\n|move|p1b: Farigiraf|Hyper Voice|p2b: Rotom|[spread] p2a,p2b\n|-damage|p2a: Manectric|0 fnt\n|-damage|p2b: Rotom|1/100\n|faint|p2a: Manectric\n|move|p2b: Rotom|Hydro Pump|p1b: Farigiraf|[miss]\n|-miss|p2b: Rotom|p1b: Farigiraf\n|\n|-damage|p1a: Crabominable|88/100 brn|[from] brn\n|-fieldend|move: Trick Room\n|upkeep\n|c|\u2606galbiazzoh|no there's no way\n|c|\u2606galbiazzoh|I keep losing because of misses\n|inactive|galbiazzoh has 30 seconds left.\n|c|\u2606galbiazzoh|I can't play this team there are too many moves that miss\n|\n|t:|1776333638\n|switch|p2a: Incineroar|Incineroar, L50, M|33/100\n|-ability|p2a: Incineroar|Intimidate|boost\n|-unboost|p1a: Crabominable|atk|1\n|-unboost|p1b: Farigiraf|atk|1\n|turn|11\n|\n|t:|1776333653\n|move|p1a: Crabominable|Mach Punch|p2b: Rotom\n|-damage|p2b: Rotom|0 fnt\n|faint|p2b: Rotom\n|move|p2a: Incineroar|Darkest Lariat|p1b: Farigiraf\n|-supereffective|p1b: Farigiraf|1\n|-crit|p1b: Farigiraf\n|-damage|p1b: Farigiraf|0 fnt\n|faint|p1b: Farigiraf\n|\n|-damage|p1a: Crabominable|82/100 brn|[from] brn\n|upkeep\n|turn|12\n|\n|t:|1776333660\n|move|p2a: Incineroar|Flare Blitz|p1a: Crabominable\n|-supereffective|p1a: Crabominable|1\n|-damage|p1a: Crabominable|0 fnt\n|faint|p1a: Crabominable\n|-damage|p2a: Incineroar|5/100|[from] Recoil\n|\n|win|galbiazzoh\n|raw|Kryo04's rating: 1247 &rarr; <strong>1216</strong><br />(-31 for losing)\n|raw|galbiazzoh's rating: 1169 &rarr; <strong>1200</strong><br />(+31 for winning)\n|l|\u2606Kryo04\n|player|p1|\n|c|\u2606galbiazzoh|thank god\n",
  "uploadtime": 1776333673,
  "views": 25,
  "formatid": "gen9championsvgc2026regma",
  "rating": 1200,
  "private": 0,
  "password": null
}