{
  "id": "gen9championsvgc2026regma-2581534132",
  "format": "[Gen 9 Champions] VGC 2026 Reg M-A",
  "players": [
    "ThePeasent",
    "AVGNmasterr"
  ],
  "log": "|j|\u2606ThePeasent\n|j|\u2606AVGNmasterr\n|t:|1776008896\n|gametype|doubles\n|player|p1|ThePeasent|170|1104\n|player|p2|AVGNmasterr|blackbelt-gen4dp|1154\n|gen|9\n|tier|[Gen 9 Champions] VGC 2026 Reg M-A\n|rated|\n|rule|Species Clause: Limit one of each Pok\u00e9mon\n|rule|Item Clause: Limit 1 of each item\n|clearpoke\n|poke|p1|Glimmora, L50, M|\n|poke|p1|Tyranitar, L50, M|\n|poke|p1|Excadrill, L50, M|\n|poke|p1|Milotic, L50, F|\n|poke|p1|Sneasler, L50, F|\n|poke|p1|Rotom-Wash, L50|\n|poke|p2|Aerodactyl, L50, M|\n|poke|p2|Floette-Eternal, L50, F|\n|poke|p2|Rotom-Wash, L50|\n|poke|p2|Incineroar, L50, F|\n|poke|p2|Sinistcha, L50|\n|poke|p2|Garchomp, L50, M|\n|teampreview|4\n|inactive|Battle timer is ON: inactive players will automatically lose when time's up. (requested by ThePeasent)\n|inactive|AVGNmasterr has 60 seconds left.\nThePeasent has agreed to open team sheets.\n|\n|t:|1776008937\n|teamsize|p1|4\n|teamsize|p2|4\n|start\n|switch|p1a: Glimmora|Glimmora, L50, M|100/100\n|switch|p1b: Milotic|Milotic, L50, F|100/100\n|switch|p2a: Aerodactyl|Aerodactyl, L50, M|100/100\n|switch|p2b: Garchomp|Garchomp, L50, M|100/100\n|-ability|p2a: Aerodactyl|Unnerve\n|turn|1\n|\n|t:|1776008955\n|detailschange|p1a: Glimmora|Glimmora-Mega, L50, M\n|-mega|p1a: Glimmora|Glimmora|Glimmoranite\n|move|p1a: Glimmora|Spiky Shield|p1a: Glimmora\n|-singleturn|p1a: Glimmora|move: Protect\n|move|p2a: Aerodactyl|Rock Slide|p1b: Milotic|[spread] p1b\n|-activate|p1a: Glimmora|move: Protect\n|-damage|p1b: Milotic|78/100\n|move|p2b: Garchomp|Earthquake|p1a: Glimmora|[spread] p1b\n|-activate|p1a: Glimmora|move: Protect\n|-immune|p2a: Aerodactyl\n|-damage|p1b: Milotic|45/100\n|cant|p1b: Milotic|flinch\n|\n|-heal|p1b: Milotic|51/100|[from] item: Leftovers\n|upkeep\n|turn|2\n|c|\u2606AVGNmasterr|Gg\n|inactive|ThePeasent has 30 seconds left.\n|\n|t:|1776008985\n|switch|p1a: Rotom|Rotom-Wash, L50|100/100\n|move|p2a: Aerodactyl|Rock Slide|p1a: Rotom|[spread] p1a,p1b\n|-crit|p1a: Rotom\n|-damage|p1a: Rotom|64/100\n|-damage|p1b: Milotic|29/100\n|move|p2b: Garchomp|Earthquake|p1a: Rotom|[spread] p1b\n|-immune|p2a: Aerodactyl\n|-immune|p1a: Rotom|[from] ability: Levitate\n|-damage|p1b: Milotic|0 fnt\n|faint|p1b: Milotic\n|\n|upkeep\n|\n|t:|1776008990\n|switch|p1b: Sneasler|Sneasler, L50, F|100/100\n|-ability|p1b: Sneasler|Pressure\n|turn|3\n|\n|t:|1776009002\n|move|p2a: Aerodactyl|Protect|p2a: Aerodactyl\n|-singleturn|p2a: Aerodactyl|Protect\n|move|p2b: Garchomp|Protect|p2b: Garchomp\n|-singleturn|p2b: Garchomp|Protect\n|move|p1b: Sneasler|Fake Out|p2b: Garchomp\n|-activate|p2b: Garchomp|move: Protect\n|move|p1a: Rotom|Volt Switch|p2a: Aerodactyl\n|-activate|p2a: Aerodactyl|move: Protect\n|\n|upkeep\n|turn|4\n|\n|t:|1776009017\n|switch|p2a: Sinistcha|Sinistcha, L50|100/100\n|move|p1b: Sneasler|Close Combat|p2b: Garchomp\n|-damage|p2b: Garchomp|32/100\n|-unboost|p1b: Sneasler|def|1\n|-unboost|p1b: Sneasler|spd|1\n|-enditem|p1b: Sneasler|White Herb\n|-clearnegativeboost|p1b: Sneasler|[silent]\n|move|p2b: Garchomp|Earthquake|p1a: Rotom|[spread] p2a,p1b\n|-immune|p1a: Rotom|[from] ability: Levitate\n|-resisted|p2a: Sinistcha|1\n|-supereffective|p1b: Sneasler|1\n|-damage|p2a: Sinistcha|87/100\n|-damage|p1b: Sneasler|0 fnt\n|faint|p1b: Sneasler\n|move|p1a: Rotom|Hydro Pump|p2a: Sinistcha\n|-resisted|p2a: Sinistcha|1\n|-damage|p2a: Sinistcha|63/100\n|\n|upkeep\n|\n|t:|1776009022\n|switch|p1b: Glimmora|Glimmora-Mega, L50, M|100/100\n|turn|5\n|\n|t:|1776009044\n|move|p1b: Glimmora|Spiky Shield|p1b: Glimmora\n|-singleturn|p1b: Glimmora|move: Protect\n|move|p2a: Sinistcha|Rage Powder|p2a: Sinistcha\n|-singleturn|p2a: Sinistcha|move: Rage Powder\n|move|p2b: Garchomp|Earthquake|p1a: Rotom|[spread] p2a\n|-activate|p1b: Glimmora|move: Protect\n|-immune|p1a: Rotom|[from] ability: Levitate\n|-resisted|p2a: Sinistcha|1\n|-damage|p2a: Sinistcha|49/100\n|-enditem|p2a: Sinistcha|Sitrus Berry|[eat]\n|-heal|p2a: Sinistcha|74/100|[from] item: Sitrus Berry\n|move|p1a: Rotom|Hydro Pump|p2a: Sinistcha\n|-resisted|p2a: Sinistcha|1\n|-damage|p2a: Sinistcha|52/100\n|\n|upkeep\n|turn|6\n|\n|t:|1776009054\n|move|p2a: Sinistcha|Rage Powder|p2a: Sinistcha\n|-singleturn|p2a: Sinistcha|move: Rage Powder\n|move|p2b: Garchomp|Earthquake|p1a: Rotom|[spread] p2a,p1b\n|-immune|p1a: Rotom|[from] ability: Levitate\n|-resisted|p2a: Sinistcha|1\n|-supereffective|p1b: Glimmora|2\n|-damage|p2a: Sinistcha|38/100\n|-damage|p1b: Glimmora|0 fnt\n|faint|p1b: Glimmora\n|move|p1a: Rotom|Electroweb|p2a: Sinistcha|[spread] p2a\n|-immune|p2b: Garchomp\n|-resisted|p2a: Sinistcha|1\n|-damage|p2a: Sinistcha|29/100\n|-unboost|p2a: Sinistcha|spe|1\n|\n|upkeep\n|turn|7\n|\n|t:|1776009070\n|switch|p2b: Rotom|Rotom-Wash, L50|100/100\n|move|p2a: Sinistcha|Rage Powder|p2a: Sinistcha\n|-singleturn|p2a: Sinistcha|move: Rage Powder\n|move|p1a: Rotom|Hydro Pump|p2a: Sinistcha\n|-resisted|p2a: Sinistcha|1\n|-damage|p2a: Sinistcha|6/100\n|\n|upkeep\n|turn|8\n|\n|t:|1776009079\n|move|p1a: Rotom|Electroweb|p2a: Sinistcha|[spread] p2a,p2b\n|-resisted|p2a: Sinistcha|1\n|-damage|p2a: Sinistcha|0 fnt\n|-damage|p2b: Rotom|86/100\n|-unboost|p2b: Rotom|spe|1\n|faint|p2a: Sinistcha\n|move|p2b: Rotom|Electroweb|p1a: Rotom\n|-damage|p1a: Rotom|45/100\n|-unboost|p1a: Rotom|spe|1\n|-enditem|p1a: Rotom|Sitrus Berry|[eat]\n|-heal|p1a: Rotom|70/100|[from] item: Sitrus Berry\n|\n|-heal|p2b: Rotom|92/100|[from] item: Leftovers\n|upkeep\n|\n|t:|1776009086\n|switch|p2a: Aerodactyl|Aerodactyl, L50, M|100/100\n|-ability|p2a: Aerodactyl|Unnerve\n|turn|9\n|\n|t:|1776009092\n|move|p2a: Aerodactyl|Rock Slide|p1a: Rotom\n|-damage|p1a: Rotom|41/100\n|move|p1a: Rotom|Volt Switch|p2a: Aerodactyl\n|-supereffective|p2a: Aerodactyl|1\n|-damage|p2a: Aerodactyl|23/100\n|move|p2b: Rotom|Electroweb|p1a: Rotom\n|-damage|p1a: Rotom|21/100\n|-unboost|p1a: Rotom|spe|1\n|\n|-heal|p2b: Rotom|98/100|[from] item: Leftovers\n|upkeep\n|turn|10\n|\n|t:|1776009097\n|move|p2a: Aerodactyl|Rock Slide|p1a: Rotom\n|-damage|p1a: Rotom|0 fnt\n|faint|p1a: Rotom\n|\n|win|AVGNmasterr\n|raw|ThePeasent's rating: 1104 &rarr; <strong>1083</strong><br />(-21 for losing)\n|raw|AVGNmasterr's rating: 1154 &rarr; <strong>1175</strong><br />(+21 for winning)\n",
  "uploadtime": 1776009099,
  "views": 23,
  "formatid": "gen9championsvgc2026regma",
  "rating": 1083,
  "private": 0,
  "password": null
}