{
  "id": "gen9championsvgc2026regma-2588687849",
  "format": "[Gen 9 Champions] VGC 2026 Reg M-A",
  "players": [
    "ethalem",
    "lessa_ped"
  ],
  "log": "|j|\u2606ethalem\n|j|\u2606lessa_ped\n|t:|1776657853\n|gametype|doubles\n|player|p1|ethalem|acetrainer-gen4dp|1188\n|player|p2|lessa_ped|101|1218\n|gen|9\n|tier|[Gen 9 Champions] VGC 2026 Reg M-A\n|rated|\n|rule|Species Clause: Limit one of each Pok\u00e9mon\n|rule|Item Clause: Limit 1 of each item\n|clearpoke\n|poke|p1|Scovillain, L50, M|\n|poke|p1|Incineroar, L50, F|\n|poke|p1|Basculegion, L50, M|\n|poke|p1|Gengar, L50, M|\n|poke|p1|Sneasler, L50, F|\n|poke|p1|Aerodactyl, L50, F|\n|poke|p2|Sinistcha, L50|\n|poke|p2|Sneasler, L50, M|\n|poke|p2|Kingambit, L50, F, shiny|\n|poke|p2|Incineroar, L50, F|\n|poke|p2|Politoed, L50, M|\n|poke|p2|Gengar, L50, F|\n|teampreview|4\n|inactive|Battle timer is ON: inactive players will automatically lose when time's up. (requested by ethalem)\n|inactive|lessa_ped has 60 seconds left.\n|\n|t:|1776657902\n|teamsize|p1|4\n|teamsize|p2|4\n|start\n|switch|p1a: Scovillain|Scovillain, L50, M|100/100\n|switch|p1b: Sneasler|Sneasler, L50, F|100/100\n|switch|p2a: Kingambit|Kingambit, L50, F, shiny|100/100\n|switch|p2b: Incineroar|Incineroar, L50, F|100/100\n|-ability|p2b: Incineroar|Intimidate|boost\n|-unboost|p1a: Scovillain|atk|1\n|-unboost|p1b: Sneasler|atk|1\n|-enditem|p1b: Sneasler|White Herb\n|-clearnegativeboost|p1b: Sneasler|[silent]\n|turn|1\n|inactive|lessa_ped has 30 seconds left.\n|\n|t:|1776657929\n|switch|p2a: Sinistcha|Sinistcha, L50|100/100\n|detailschange|p1a: Scovillain|Scovillain-Mega, L50, M\n|-mega|p1a: Scovillain|Scovillain|Scovillainite\n|move|p1b: Sneasler|Fake Out|p2b: Incineroar\n|-damage|p2b: Incineroar|92/100\n|cant|p2b: Incineroar|flinch\n|move|p1a: Scovillain|Overheat|p2a: Sinistcha\n|-supereffective|p2a: Sinistcha|1\n|-damage|p2a: Sinistcha|0 fnt\n|-unboost|p1a: Scovillain|spa|2\n|faint|p2a: Sinistcha\n|\n|upkeep\n|\n|t:|1776657942\n|switch|p2a: Gengar|Gengar, L50, F|100/100\n|turn|2\n|inactive|ethalem has 30 seconds left.\n|inactive|lessa_ped has 30 seconds left.\n|\n|t:|1776657973\n|detailschange|p2a: Gengar|Gengar-Mega, L50, F\n|-mega|p2a: Gengar|Gengar|Gengarite\n|move|p1a: Scovillain|Rage Powder|p1a: Scovillain\n|-singleturn|p1a: Scovillain|move: Rage Powder\n|move|p1b: Sneasler|Close Combat|p2b: Incineroar\n|-supereffective|p2b: Incineroar|1\n|-damage|p2b: Incineroar|21/100\n|-unboost|p1b: Sneasler|def|1\n|-unboost|p1b: Sneasler|spd|1\n|-enditem|p2b: Incineroar|Sitrus Berry|[eat]\n|-heal|p2b: Incineroar|46/100|[from] item: Sitrus Berry\n|move|p2a: Gengar|Sludge Bomb|p1a: Scovillain\n|-supereffective|p1a: Scovillain|1\n|-damage|p1a: Scovillain|0 fnt\n|-status|p2a: Gengar|brn|[from] ability: Spicy Spray|[of] p1a: Scovillain\n|faint|p1a: Scovillain\n|move|p2b: Incineroar|Parting Shot|p1b: Sneasler\n|-unboost|p1b: Sneasler|atk|1\n|-unboost|p1b: Sneasler|spa|1\n|\n|t:|1776657989\n|switch|p2b: Kingambit|Kingambit, L50, F, shiny|100/100|[from] Parting Shot\n|\n|-damage|p2a: Gengar|95/100 brn|[from] brn\n|upkeep\n|\n|t:|1776658001\n|switch|p1a: Gengar|Gengar, L50, M|100/100\n|turn|3\n|inactive|lessa_ped has 30 seconds left.\n|\n|t:|1776658026\n|move|p2b: Kingambit|Sucker Punch|p1a: Gengar\n|-supereffective|p1a: Gengar|1\n|-damage|p1a: Gengar|0 fnt\n|faint|p1a: Gengar\n|move|p1b: Sneasler|Close Combat|p2b: Kingambit\n|-supereffective|p2b: Kingambit|2\n|-damage|p2b: Kingambit|6/100\n|-unboost|p1b: Sneasler|def|1\n|-unboost|p1b: Sneasler|spd|1\n|move|p2a: Gengar|Perish Song|p2a: Gengar\n|-start|p1b: Sneasler|perish3|[silent]\n|-start|p2a: Gengar|perish3|[silent]\n|-start|p2b: Kingambit|perish3|[silent]\n|-fieldactivate|move: Perish Song\n|\n|-damage|p2a: Gengar|89/100 brn|[from] brn\n|-start|p1b: Sneasler|perish3\n|-start|p2a: Gengar|perish3\n|-start|p2b: Kingambit|perish3\n|upkeep\n|\n|t:|1776658043\n|switch|p1a: Basculegion|Basculegion, L50, M|100/100\n|turn|4\n|\n|t:|1776658059\n|move|p2b: Kingambit|Protect|p2b: Kingambit\n|-singleturn|p2b: Kingambit|Protect\n|move|p1a: Basculegion|Aqua Jet|p2b: Kingambit\n|-activate|p2b: Kingambit|move: Protect\n|move|p1b: Sneasler|Rock Slide|p2a: Gengar|[spread] p2a\n|-activate|p2b: Kingambit|move: Protect\n|-damage|p2a: Gengar|70/100 brn\n|move|p2a: Gengar|Shadow Ball|p1a: Basculegion\n|-supereffective|p1a: Basculegion|1\n|-damage|p1a: Basculegion|0 fnt\n|faint|p1a: Basculegion\n|\n|-damage|p2a: Gengar|64/100 brn|[from] brn\n|-start|p1b: Sneasler|perish2\n|-start|p2a: Gengar|perish2\n|-start|p2b: Kingambit|perish2\n|upkeep\n|turn|5\n|-message|ethalem forfeited.\n|\n|win|lessa_ped\n|raw|ethalem's rating: 1188 &rarr; <strong>1165</strong><br />(-23 for losing)\n|raw|lessa_ped's rating: 1218 &rarr; <strong>1241</strong><br />(+23 for winning)\n",
  "uploadtime": 1776658076,
  "views": 9,
  "formatid": "gen9championsvgc2026regma",
  "rating": 1165,
  "private": 0,
  "password": null
}