{
  "id": "gen9championsvgc2026regma-2585426325",
  "format": "[Gen 9 Champions] VGC 2026 Reg M-A",
  "players": [
    "LILSCOTTY11",
    "KUTF1"
  ],
  "log": "|j|\u2606LILSCOTTY11\n|j|\u2606KUTF1\n|t:|1776346486\n|gametype|doubles\n|player|p1|LILSCOTTY11|170|1214\n|player|p2|KUTF1|harlequin|1285\n|gen|9\n|tier|[Gen 9 Champions] VGC 2026 Reg M-A\n|rated|\n|rule|Species Clause: Limit one of each Pok\u00e9mon\n|rule|Item Clause: Limit 1 of each item\n|clearpoke\n|poke|p1|Dragonite, L50, M|\n|poke|p1|Basculegion, L50, M|\n|poke|p1|Kingambit, L50, M|\n|poke|p1|Sneasler, L50, M|\n|poke|p1|Delphox, L50, F|\n|poke|p1|Clefable, L50, F|\n|poke|p2|Drampa, L50, F|\n|poke|p2|Emboar, L50, M|\n|poke|p2|Decidueye-Hisui, L50, F|\n|poke|p2|Kingambit, L50, M|\n|poke|p2|Farigiraf, L50, F|\n|poke|p2|Incineroar, L50, M|\n|teampreview|4\n|inactive|Battle timer is ON: inactive players will automatically lose when time's up. (requested by KUTF1)\n|c|\u2606LILSCOTTY11|GL\n|\n|t:|1776346508\n|teamsize|p1|4\n|teamsize|p2|4\n|start\n|switch|p1a: Sneasler|Sneasler, L50, M|100/100\n|switch|p1b: Kingambit|Kingambit, L50, M|100/100\n|switch|p2a: Yoo Mira|Farigiraf, L50, F|100/100\n|switch|p2b: The Gourd|Incineroar, L50, M|100/100\n|-ability|p2b: The Gourd|Intimidate|boost\n|-unboost|p1a: Sneasler|atk|1\n|-unboost|p1b: Kingambit|atk|1\n|-ability|p1b: Kingambit|Defiant|boost\n|-boost|p1b: Kingambit|atk|2\n|turn|1\n|\n|t:|1776346525\n|move|p1a: Sneasler|Fake Out||[still]\n|cant|p2a: Yoo Mira|ability: Armor Tail|Fake Out|[of] p1a: Sneasler\n|move|p2b: The Gourd|Fake Out|p1b: Kingambit\n|-resisted|p1b: Kingambit|1\n|-damage|p1b: Kingambit|95/100\n|cant|p1b: Kingambit|flinch\n|move|p2a: Yoo Mira|Trick Room|p2a: Yoo Mira\n|-fieldstart|move: Trick Room|[of] p2a: Yoo Mira\n|\n|upkeep\n|turn|2\n|\n|t:|1776346545\n|move|p2a: Yoo Mira|Protect|p2a: Yoo Mira\n|-singleturn|p2a: Yoo Mira|Protect\n|move|p1a: Sneasler|Protect|p1a: Sneasler\n|-singleturn|p1a: Sneasler|Protect\n|move|p1b: Kingambit|Kowtow Cleave|p2a: Yoo Mira\n|-activate|p2a: Yoo Mira|move: Protect\n|move|p2b: The Gourd|Flare Blitz|p1b: Kingambit\n|-supereffective|p1b: Kingambit|1\n|-damage|p1b: Kingambit|5/100\n|-damage|p2b: The Gourd|70/100|[from] Recoil\n|\n|upkeep\n|turn|3\n|\n|t:|1776346563\n|switch|p2a: Jin Mori|Emboar, L50, M, shiny|100/100\n|move|p1b: Kingambit|Kowtow Cleave|p2a: Jin Mori\n|-resisted|p2a: Jin Mori|1\n|-damage|p2a: Jin Mori|52/100\n|move|p2b: The Gourd|Flare Blitz|p1a: Sneasler\n|-enditem|p1a: Sneasler|Focus Sash\n|-damage|p1a: Sneasler|1/100\n|-damage|p2b: The Gourd|45/100|[from] Recoil\n|-enditem|p2b: The Gourd|Sitrus Berry|[eat]\n|-heal|p2b: The Gourd|70/100|[from] item: Sitrus Berry\n|move|p1a: Sneasler|Close Combat|p2b: The Gourd\n|-supereffective|p2b: The Gourd|1\n|-damage|p2b: The Gourd|0 fnt\n|-unboost|p1a: Sneasler|def|1\n|-unboost|p1a: Sneasler|spd|1\n|faint|p2b: The Gourd\n|\n|upkeep\n|\n|t:|1776346566\n|switch|p2b: Guendoowun|Drampa, L50, F, shiny|100/100\n|-ability|p2b: Guendoowun|Cloud Nine\n|turn|4\n|inactive|LILSCOTTY11 has 30 seconds left.\n|\n|t:|1776346593\n|switch|p2a: Yoo Mira|Farigiraf, L50, F|100/100\n|detailschange|p2b: Guendoowun|Drampa-Mega, L50, F, shiny\n|-mega|p2b: Guendoowun|Drampa|Drampanite\n|move|p1b: Kingambit|Sucker Punch||[still]\n|cant|p2a: Yoo Mira|ability: Armor Tail|Sucker Punch|[of] p1b: Kingambit\n|move|p2b: Guendoowun|Hyper Voice|p1a: Sneasler|[spread] p1a,p1b\n|-resisted|p1b: Kingambit|1\n|-damage|p1a: Sneasler|0 fnt\n|-damage|p1b: Kingambit|0 fnt\n|faint|p1a: Sneasler\n|faint|p1b: Kingambit\n|\n|upkeep\n|\n|t:|1776346604\n|switch|p1b: Clefable|Clefable, L50, F|100/100\n|switch|p1a: Delphox|Delphox, L50, F|100/100\n|turn|5\n|\n|t:|1776346614\n|move|p2a: Yoo Mira|Protect|p2a: Yoo Mira\n|-singleturn|p2a: Yoo Mira|Protect\n|move|p1a: Delphox|Protect|p1a: Delphox\n|-singleturn|p1a: Delphox|Protect\n|move|p2b: Guendoowun|Hyper Voice|p1a: Delphox|[spread] p1b\n|-activate|p1a: Delphox|move: Protect\n|-damage|p1b: Clefable|58/100\n|move|p1b: Clefable|Moonblast|p2a: Yoo Mira\n|-activate|p2a: Yoo Mira|move: Protect\n|\n|-fieldend|move: Trick Room\n|upkeep\n|turn|6\n|\n|t:|1776346631\n|detailschange|p1a: Delphox|Delphox-Mega, L50, F\n|-mega|p1a: Delphox|Delphox|Delphoxite\n|move|p2b: Guendoowun|Protect|p2b: Guendoowun\n|-singleturn|p2b: Guendoowun|Protect\n|move|p1a: Delphox|Heat Wave|p2a: Yoo Mira|[spread] p2a\n|-activate|p2b: Guendoowun|move: Protect\n|-damage|p2a: Yoo Mira|67/100\n|move|p1b: Clefable|Moonblast|p2b: Guendoowun\n|-activate|p2b: Guendoowun|move: Protect\n|move|p2a: Yoo Mira|Trick Room|p2a: Yoo Mira\n|-fieldstart|move: Trick Room|[of] p2a: Yoo Mira\n|\n|upkeep\n|turn|7\n|\n|t:|1776346648\n|move|p1b: Clefable|Follow Me|p1b: Clefable\n|-singleturn|p1b: Clefable|move: Follow Me\n|move|p2b: Guendoowun|Hyper Voice|p1a: Delphox|[spread] p1a,p1b\n|-damage|p1a: Delphox|54/100\n|-damage|p1b: Clefable|13/100\n|-enditem|p1b: Clefable|Sitrus Berry|[eat]\n|-heal|p1b: Clefable|38/100|[from] item: Sitrus Berry\n|move|p2a: Yoo Mira|Hyper Voice|p1b: Clefable|[spread] p1a,p1b\n|-damage|p1a: Delphox|30/100\n|-damage|p1b: Clefable|14/100\n|move|p1a: Delphox|Heat Wave|p2a: Yoo Mira|[spread] p2a,p2b\n|-resisted|p2b: Guendoowun|1\n|-damage|p2a: Yoo Mira|34/100\n|-damage|p2b: Guendoowun|82/100\n|\n|upkeep\n|turn|8\n|c|\u2606KUTF1|Gg\n|\n|t:|1776346665\n|move|p2b: Guendoowun|Hyper Voice|p1a: Delphox|[spread] p1a,p1b\n|-damage|p1a: Delphox|0 fnt\n|-damage|p1b: Clefable|0 fnt\n|faint|p1a: Delphox\n|faint|p1b: Clefable\n|\n|win|KUTF1\n|raw|LILSCOTTY11's rating: 1214 &rarr; <strong>1194</strong><br />(-20 for losing)\n|raw|KUTF1's rating: 1285 &rarr; <strong>1305</strong><br />(+20 for winning)\n|c|\u2606LILSCOTTY11|GG\n|l|\u2606LILSCOTTY11\n|player|p1|\n",
  "uploadtime": 1776346673,
  "views": 25,
  "formatid": "gen9championsvgc2026regma",
  "rating": 1194,
  "private": 0,
  "password": null
}