{
  "id": "gen9championsvgc2026regma-2588658829",
  "format": "[Gen 9 Champions] VGC 2026 Reg M-A",
  "players": [
    "JTay4",
    "aroswing"
  ],
  "log": "|j|\u2606JTay4\n|j|\u2606aroswing\n|t:|1776654691\n|gametype|doubles\n|player|p1|JTay4|266|1253\n|player|p2|aroswing|marnie|1285\n|gen|9\n|tier|[Gen 9 Champions] VGC 2026 Reg M-A\n|rated|\n|rule|Species Clause: Limit one of each Pok\u00e9mon\n|rule|Item Clause: Limit 1 of each item\n|clearpoke\n|poke|p1|Emboar, L50, M|\n|poke|p1|Milotic, L50, F|\n|poke|p1|Tsareena, L50, F|\n|poke|p1|Floette-Eternal, L50, F|\n|poke|p1|Kingambit, L50, F|\n|poke|p1|Aegislash, L50, M|\n|poke|p2|Toxicroak, L50, M|\n|poke|p2|Pelipper, L50, M|\n|poke|p2|Blastoise, L50, M|\n|poke|p2|Sinistcha, L50|\n|poke|p2|Archaludon, L50, M|\n|poke|p2|Dragonite, L50, M|\n|teampreview|4\n|inactive|Battle timer is ON: inactive players will automatically lose when time's up. (requested by aroswing)\n|l|\u2606JTay4\n|inactive|JTay4 disconnected and has a minute to reconnect!\n|player|p1|\n|j|\u2606JTay4\n|inactive|JTay4 reconnected and has 70 seconds left.\n|player|p1|JTay4|266|\n|inactive|JTay4 has 60 seconds left.\n|inactive|aroswing has 60 seconds left.\n|\n|t:|1776654731\n|teamsize|p1|4\n|teamsize|p2|4\n|start\n|switch|p1a: Tsareena|Tsareena, L50, F|100/100\n|switch|p1b: Kingambit|Kingambit, L50, F|100/100\n|switch|p2a: Pelipper|Pelipper, L50, M|100/100\n|switch|p2b: Toxicroak|Toxicroak, L50, M|100/100\n|-weather|RainDance|[from] ability: Drizzle|[of] p2a: Pelipper\n|turn|1\n|\n|t:|1776654751\n|switch|p1a: Aegislash|Aegislash, L50, M|100/100\n|move|p2a: Pelipper|Hurricane|p1a: Aegislash\n|-resisted|p1a: Aegislash|1\n|-damage|p1a: Aegislash|82/100\n|-start|p1a: Aegislash|confusion\n|move|p2b: Toxicroak|Close Combat|p1b: Kingambit\n|-supereffective|p1b: Kingambit|2\n|-enditem|p1b: Kingambit|Chople Berry|[eat]\n|-enditem|p1b: Kingambit|Chople Berry|[weaken]\n|-damage|p1b: Kingambit|16/100\n|-unboost|p2b: Toxicroak|def|1\n|-unboost|p2b: Toxicroak|spd|1\n|-enditem|p2b: Toxicroak|White Herb\n|-clearnegativeboost|p2b: Toxicroak|[silent]\n|move|p1b: Kingambit|Swords Dance|p1b: Kingambit\n|-boost|p1b: Kingambit|atk|2\n|\n|-weather|RainDance|[upkeep]\n|upkeep\n|turn|2\n|inactive|JTay4 has 30 seconds left.\n|inactive|aroswing has 30 seconds left.\n|\n|t:|1776654783\n|move|p1b: Kingambit|Protect|p1b: Kingambit\n|-singleturn|p1b: Kingambit|Protect\n|move|p2a: Pelipper|Tailwind|p2a: Pelipper\n|-sidestart|p2: aroswing|move: Tailwind\n|move|p2b: Toxicroak|Close Combat|p1b: Kingambit\n|-activate|p1b: Kingambit|move: Protect\n|-activate|p1a: Aegislash|confusion\n|-formechange|p1a: Aegislash|Aegislash-Blade|\n|move|p1a: Aegislash|Poltergeist|p2a: Pelipper\n|-activate|p2a: Pelipper|move: Poltergeist|Focus Sash\n|-enditem|p2a: Pelipper|Focus Sash\n|-damage|p2a: Pelipper|1/100\n|\n|-weather|RainDance|[upkeep]\n|upkeep\n|turn|3\n|\n|t:|1776654806\n|-activate|p1a: Aegislash|confusion\n|move|p1a: Aegislash|Shadow Sneak|p2a: Pelipper\n|-damage|p2a: Pelipper|0 fnt\n|faint|p2a: Pelipper\n|move|p1b: Kingambit|Sucker Punch|p2b: Toxicroak\n|-resisted|p2b: Toxicroak|1\n|-damage|p2b: Toxicroak|55/100\n|move|p2b: Toxicroak|Close Combat|p1b: Kingambit\n|-supereffective|p1b: Kingambit|2\n|-damage|p1b: Kingambit|0 fnt\n|-unboost|p2b: Toxicroak|def|1\n|-unboost|p2b: Toxicroak|spd|1\n|faint|p1b: Kingambit\n|\n|-weather|RainDance|[upkeep]\n|-heal|p2b: Toxicroak|67/100|[from] ability: Dry Skin\n|upkeep\n|inactive|aroswing has 30 seconds left.\n|\n|t:|1776654832\n|switch|p2a: Dragonite|Dragonite, L50, M|100/100\n|switch|p1b: Floette|Floette-Eternal, L50, F|100/100\n|turn|4\n|\n|t:|1776654849\n|detailschange|p2a: Dragonite|Dragonite-Mega, L50, M\n|-mega|p2a: Dragonite|Dragonite|Dragoninite\n|detailschange|p1b: Floette|Floette-Mega, L50, F\n|-mega|p1b: Floette|Floette|Floettite\n|-ability|p1b: Floette|Fairy Aura\n|-activate|p1a: Aegislash|confusion\n|-damage|p1a: Aegislash|53/100|[from] confusion\n|move|p2a: Dragonite|Hurricane|p1b: Floette\n|-damage|p1b: Floette|45/100\n|move|p2b: Toxicroak|Cross Poison|p1b: Floette\n|-supereffective|p1b: Floette|1\n|-damage|p1b: Floette|0 fnt\n|faint|p1b: Floette\n|\n|-weather|RainDance|[upkeep]\n|-heal|p2b: Toxicroak|79/100|[from] ability: Dry Skin\n|upkeep\n|\n|t:|1776654861\n|switch|p1b: Tsareena|Tsareena, L50, F|100/100\n|turn|5\n|\n|t:|1776654869\n|move|p2a: Dragonite|Hurricane|p1a: Aegislash\n|-resisted|p1a: Aegislash|1\n|-damage|p1a: Aegislash|0 fnt\n|faint|p1a: Aegislash\n|move|p2b: Toxicroak|Cross Poison|p1b: Tsareena\n|-supereffective|p1b: Tsareena|1\n|-damage|p1b: Tsareena|28/100\n|move|p1b: Tsareena|Triple Axel|p2a: Dragonite|[miss]\n|-miss|p1b: Tsareena|p2a: Dragonite\n|\n|-weather|none\n|-sideend|p2: aroswing|move: Tailwind\n|upkeep\n|turn|6\n|\n|t:|1776654891\n|move|p2a: Dragonite|Hurricane|p1b: Tsareena|[miss]\n|-miss|p2a: Dragonite|p1b: Tsareena\n|move|p1b: Tsareena|Triple Axel|p2a: Dragonite\n|-supereffective|p2a: Dragonite|2\n|-damage|p2a: Dragonite|85/100\n|-supereffective|p2a: Dragonite|2\n|-damage|p2a: Dragonite|23/100\n|-supereffective|p2a: Dragonite|2\n|-damage|p2a: Dragonite|0 fnt\n|faint|p2a: Dragonite\n|-hitcount|p2: Dragonite|3\n|move|p2b: Toxicroak|Cross Poison|p1b: Tsareena\n|-supereffective|p1b: Tsareena|1\n|-damage|p1b: Tsareena|0 fnt\n|faint|p1b: Tsareena\n|\n|win|aroswing\n|raw|JTay4's rating: 1253 &rarr; <strong>1230</strong><br />(-23 for losing)\n|raw|aroswing's rating: 1285 &rarr; <strong>1308</strong><br />(+23 for winning)\n|l|\u2606JTay4\n|player|p1|\n",
  "uploadtime": 1776654902,
  "views": 8,
  "formatid": "gen9championsvgc2026regma",
  "rating": 1230,
  "private": 0,
  "password": null
}