{
  "id": "gen9championsvgc2026regma-2580635564",
  "format": "[Gen 9 Champions] VGC 2026 Reg M-A",
  "players": [
    "Stef31",
    "JustJakeyVGC"
  ],
  "log": "|j|\u2606Stef31\n|j|\u2606JustJakeyVGC\n|t:|1775920082\n|gametype|doubles\n|player|p1|Stef31|colress|1045\n|player|p2|JustJakeyVGC|169|1011\n|gen|9\n|tier|[Gen 9 Champions] VGC 2026 Reg M-A\n|rated|\n|rule|Species Clause: Limit one of each Pok\u00e9mon\n|rule|Item Clause: Limit 1 of each item\n|clearpoke\n|poke|p1|Froslass, L50, F|\n|poke|p1|Araquanid, L50, F|\n|poke|p1|Sneasler, L50, F|\n|poke|p1|Incineroar, L50, M|\n|poke|p1|Maushold-Four, L50|\n|poke|p1|Whimsicott, L50, F|\n|poke|p2|Whimsicott, L50, F|\n|poke|p2|Gengar, L50, F|\n|poke|p2|Incineroar, L50, M|\n|poke|p2|Basculegion, L50, M|\n|poke|p2|Sneasler, L50, M|\n|poke|p2|Farigiraf, L50, F|\n|teampreview|4\n|inactive|Battle timer is ON: inactive players will automatically lose when time's up. (requested by Stef31)\n|\n|t:|1775920121\n|teamsize|p1|4\n|teamsize|p2|4\n|start\n|switch|p1a: Froslass|Froslass, L50, F|100/100\n|switch|p1b: Whimsicott|Whimsicott, L50, F|100/100\n|switch|p2a: Gengar|Gengar, L50, F|100/100\n|switch|p2b: Incineroar|Incineroar, L50, M|100/100\n|-ability|p2b: Incineroar|Intimidate|boost\n|-unboost|p1a: Froslass|atk|1\n|-unboost|p1b: Whimsicott|atk|1\n|turn|1\n|inactive|Stef31 has 30 seconds left.\n|inactive|JustJakeyVGC has 30 seconds left.\n|inactive|Stef31 has 20 seconds left.\n|\n|t:|1775920157\n|detailschange|p2a: Gengar|Gengar-Mega, L50, F\n|-mega|p2a: Gengar|Gengar|Gengarite\n|move|p2a: Gengar|Protect|p2a: Gengar\n|-singleturn|p2a: Gengar|Protect\n|move|p1a: Froslass|Protect|p1a: Froslass\n|-singleturn|p1a: Froslass|Protect\n|move|p1b: Whimsicott|Tailwind|p1b: Whimsicott\n|-sidestart|p1: Stef31|move: Tailwind\n|move|p2b: Incineroar|Flare Blitz|p1a: Froslass\n|-activate|p1a: Froslass|move: Protect\n|\n|upkeep\n|turn|2\n|inactive|Stef31 has 30 seconds left.\n|\n|t:|1775920187\n|detailschange|p1a: Froslass|Froslass-Mega, L50, F\n|-mega|p1a: Froslass|Froslass|Froslassite\n|-weather|Snowscape|[from] ability: Snow Warning|[of] p1a: Froslass\n|move|p1b: Whimsicott|Encore|p2a: Gengar\n|-start|p2a: Gengar|Encore\n|move|p2a: Gengar|Protect|p2a: Gengar\n|-singleturn|p2a: Gengar|Protect\n|move|p1a: Froslass|Disable|p2b: Incineroar\n|-start|p2b: Incineroar|Disable|Flare Blitz\n|cant|p2b: Incineroar|Disable|Flare Blitz\n|\n|-weather|Snowscape|[upkeep]\n|upkeep\n|turn|3\n|\n|t:|1775920211\n|switch|p2a: Basculegion|Basculegion, L50, M|100/100\n|move|p1b: Whimsicott|Fake Tears|p2a: Basculegion\n|-unboost|p2a: Basculegion|spd|2\n|move|p1a: Froslass|Blizzard|p2a: Basculegion|[spread] p2a,p2b\n|-resisted|p2a: Basculegion|1\n|-resisted|p2b: Incineroar|1\n|-damage|p2a: Basculegion|53/100\n|-damage|p2b: Incineroar|83/100\n|move|p2b: Incineroar|Parting Shot|p1a: Froslass\n|-unboost|p1a: Froslass|atk|1\n|-unboost|p1a: Froslass|spa|1\n|\n|t:|1775920224\n|switch|p2b: Gengar|Gengar-Mega, L50, F|100/100|[from] Parting Shot\n|\n|-weather|Snowscape|[upkeep]\n|upkeep\n|turn|4\n|\n|t:|1775920233\n|switch|p2a: Incineroar|Incineroar, L50, M|83/100\n|-ability|p2a: Incineroar|Intimidate|boost\n|-unboost|p1a: Froslass|atk|1\n|-unboost|p1b: Whimsicott|atk|1\n|move|p2b: Gengar|Protect|p2b: Gengar\n|-singleturn|p2b: Gengar|Protect\n|move|p1b: Whimsicott|Fake Tears|p2b: Gengar\n|-activate|p2b: Gengar|move: Protect\n|move|p1a: Froslass|Blizzard|p2a: Incineroar|[spread] p2a\n|-activate|p2b: Gengar|move: Protect\n|-resisted|p2a: Incineroar|1\n|-damage|p2a: Incineroar|70/100\n|\n|-weather|Snowscape|[upkeep]\n|-sideend|p1: Stef31|move: Tailwind\n|upkeep\n|turn|5\n|\n|t:|1775920252\n|move|p2a: Incineroar|Fake Out|p1b: Whimsicott\n|-damage|p1b: Whimsicott|90/100\n|cant|p1b: Whimsicott|flinch\n|move|p1a: Froslass|Blizzard|p2b: Gengar|[spread] p2a,p2b\n|-resisted|p2a: Incineroar|1\n|-damage|p2a: Incineroar|59/100\n|-damage|p2b: Gengar|65/100\n|move|p2b: Gengar|Shadow Ball|p1a: Froslass\n|-supereffective|p1a: Froslass|1\n|-damage|p1a: Froslass|0 fnt\n|faint|p1a: Froslass\n|\n|-weather|Snowscape|[upkeep]\n|upkeep\n|\n|t:|1775920265\n|switch|p1a: Maushold|Maushold-Four, L50|100/100\n|turn|6\n|\n|t:|1775920275\n|move|p2b: Gengar|Protect|p2b: Gengar\n|-singleturn|p2b: Gengar|Protect\n|move|p1b: Whimsicott|Stun Spore|p2b: Gengar\n|-activate|p2b: Gengar|move: Protect\n|move|p1a: Maushold|Population Bomb|p2a: Incineroar\n|-damage|p2a: Incineroar|54/100\n|-damage|p2a: Incineroar|50/100\n|-enditem|p2a: Incineroar|Sitrus Berry|[eat]\n|-heal|p2a: Incineroar|75/100|[from] item: Sitrus Berry\n|-damage|p2a: Incineroar|70/100\n|-damage|p2a: Incineroar|66/100\n|-damage|p2a: Incineroar|61/100\n|-damage|p2a: Incineroar|56/100\n|-hitcount|p2a: Incineroar|6\n|move|p2a: Incineroar|Parting Shot|p1b: Whimsicott\n|-unboost|p1b: Whimsicott|atk|1\n|-unboost|p1b: Whimsicott|spa|1\n|\n|t:|1775920287\n|switch|p2a: Sneasler|Sneasler, L50, M|100/100|[from] Parting Shot\n|\n|-weather|none\n|upkeep\n|turn|7\n|\n|t:|1775920298\n|move|p2a: Sneasler|Fake Out|p1b: Whimsicott\n|-damage|p1b: Whimsicott|81/100\n|cant|p1b: Whimsicott|flinch\n|move|p2b: Gengar|Nasty Plot|p2b: Gengar\n|-boost|p2b: Gengar|spa|2\n|move|p1a: Maushold|Population Bomb|p2a: Sneasler\n|-damage|p2a: Sneasler|90/100\n|-damage|p2a: Sneasler|80/100\n|-damage|p2a: Sneasler|70/100\n|-damage|p2a: Sneasler|58/100\n|-damage|p2a: Sneasler|48/100\n|-crit|p2a: Sneasler\n|-damage|p2a: Sneasler|32/100\n|-damage|p2a: Sneasler|22/100\n|-damage|p2a: Sneasler|12/100\n|-damage|p2a: Sneasler|2/100\n|-hitcount|p2a: Sneasler|9\n|\n|upkeep\n|turn|8\n|\n|t:|1775920308\n|switch|p2a: Incineroar|Incineroar, L50, M|56/100\n|-ability|p2a: Incineroar|Intimidate|boost\n|-unboost|p1a: Maushold|atk|1\n|-unboost|p1b: Whimsicott|atk|1\n|move|p2b: Gengar|Protect|p2b: Gengar\n|-singleturn|p2b: Gengar|Protect\n|move|p1b: Whimsicott|Encore|p2b: Gengar\n|-activate|p2b: Gengar|move: Protect\n|move|p1a: Maushold|Population Bomb|p2a: Incineroar\n|-crit|p2a: Incineroar\n|-damage|p2a: Incineroar|48/100\n|-damage|p2a: Incineroar|45/100\n|-damage|p2a: Incineroar|41/100\n|-damage|p2a: Incineroar|38/100\n|-hitcount|p2a: Incineroar|4\n|\n|upkeep\n|turn|9\n|\n|t:|1775920328\n|move|p2a: Incineroar|Fake Out|p1b: Whimsicott\n|-damage|p1b: Whimsicott|75/100\n|move|p1a: Maushold|Follow Me|p1a: Maushold\n|-singleturn|p1a: Maushold|move: Follow Me\n|cant|p1b: Whimsicott|flinch\n|move|p2b: Gengar|Dazzling Gleam|p1b: Whimsicott|[spread] p1a,p1b\n|-damage|p1a: Maushold|46/100\n|-damage|p1b: Whimsicott|31/100\n|\n|upkeep\n|turn|10\n|\n|t:|1775920350\n|switch|p2a: Basculegion|Basculegion, L50, M|53/100\n|move|p1b: Whimsicott|Tailwind|p1b: Whimsicott\n|-sidestart|p1: Stef31|move: Tailwind\n|move|p1a: Maushold|Population Bomb|p2a: Basculegion\n|-immune|p2a: Basculegion\n|move|p2b: Gengar|Dazzling Gleam|p1b: Whimsicott|[spread] p1a,p1b\n|-damage|p1a: Maushold|0 fnt\n|-damage|p1b: Whimsicott|0 fnt\n|faint|p1a: Maushold\n|faint|p1b: Whimsicott\n|\n|upkeep\n|-message|Stef31 forfeited.\n|\n|win|JustJakeyVGC\n|raw|Stef31's rating: 1045 &rarr; <strong>1027</strong><br />(-18 for losing)\n|raw|JustJakeyVGC's rating: 1011 &rarr; <strong>1053</strong><br />(+42 for winning)\n|l|\u2606Stef31\n|player|p1|\n",
  "uploadtime": 1775920362,
  "views": 29,
  "formatid": "gen9championsvgc2026regma",
  "rating": 1027,
  "private": 0,
  "password": null
}