{
  "id": "gen9championsvgc2026regma-2584847338",
  "format": "[Gen 9 Champions] VGC 2026 Reg M-A",
  "players": [
    "lisarb660",
    "zCesarsub"
  ],
  "log": "|j|\u2606lisarb660\n|j|\u2606zCesarsub\n|t:|1776288310\n|gametype|doubles\n|player|p1|lisarb660|1|\n|player|p2|zCesarsub|iris-gen5bw2|\n|gen|9\n|tier|[Gen 9 Champions] VGC 2026 Reg M-A\n|rule|Species Clause: Limit one of each Pok\u00e9mon\n|rule|Item Clause: Limit 1 of each item\n|clearpoke\n|poke|p1|Basculegion, L50, M|\n|poke|p1|Pelipper, L50, M|\n|poke|p1|Dragonite, L50, M|\n|poke|p1|Archaludon, L50, F|\n|poke|p1|Sneasler, L50, F|\n|poke|p1|Rotom-Heat, L50|\n|poke|p2|Politoed, L50, M|\n|poke|p2|Basculegion, L50, M|\n|poke|p2|Sinistcha, L50|\n|poke|p2|Incineroar, L50, M|\n|poke|p2|Jolteon, L50, F|\n|poke|p2|Scizor, L50, M|\n|teampreview|4\n|j| felipe_officiale\n|l|\u2606lisarb660\n|player|p1|\n|j|\u2606lisarb660\n|player|p1|lisarb660|1|\n|\n|t:|1776288382\n|teamsize|p1|4\n|teamsize|p2|4\n|start\n|switch|p1a: pelicano|Pelipper, L50, M|100/100\n|switch|p1b: sasukemon|Sneasler, L50, F|100/100\n|switch|p2a: Politoed|Politoed, L50, M|100/100\n|switch|p2b: Jolteon|Jolteon, L50, F|100/100\n|-weather|RainDance|[from] ability: Drizzle|[of] p1a: pelicano\n|turn|1\n|\n|t:|1776288414\n|move|p2a: Politoed|Helping Hand|p2b: Jolteon\n|-singleturn|p2b: Jolteon|Helping Hand|[of] p2a: Politoed\n|move|p1b: sasukemon|Fake Out|p2b: Jolteon\n|-damage|p2b: Jolteon|72/100\n|cant|p2b: Jolteon|flinch\n|move|p1a: pelicano|Tailwind|p1a: pelicano\n|-sidestart|p1: lisarb660|move: Tailwind\n|\n|-weather|RainDance|[upkeep]\n|upkeep\n|turn|2\n|\n|t:|1776288431\n|move|p2b: Jolteon|Protect|p2b: Jolteon\n|-singleturn|p2b: Jolteon|Protect\n|move|p1b: sasukemon|Dire Claw|p2b: Jolteon\n|-activate|p2b: Jolteon|move: Protect\n|move|p1a: pelicano|Weather Ball|p2b: Jolteon\n|-activate|p2b: Jolteon|move: Protect\n|move|p2a: Politoed|Weather Ball|p1b: sasukemon\n|-damage|p1b: sasukemon|36/100\n|\n|-weather|RainDance|[upkeep]\n|upkeep\n|turn|3\n|\n|t:|1776288488\n|move|p1b: sasukemon|Close Combat|p2b: Jolteon\n|-damage|p2b: Jolteon|0 fnt\n|-unboost|p1b: sasukemon|def|1\n|-unboost|p1b: sasukemon|spd|1\n|faint|p2b: Jolteon\n|-enditem|p1b: sasukemon|White Herb\n|-clearnegativeboost|p1b: sasukemon|[silent]\n|move|p1a: pelicano|Weather Ball|p2a: Politoed\n|-resisted|p2a: Politoed|1\n|-damage|p2a: Politoed|77/100\n|move|p2a: Politoed|Weather Ball|p1b: sasukemon\n|-damage|p1b: sasukemon|0 fnt\n|faint|p1b: sasukemon\n|\n|-weather|RainDance|[upkeep]\n|upkeep\n|\n|t:|1776288541\n|switch|p2b: Basculegion|Basculegion, L50, M, shiny|100/100\n|switch|p1b: lagartixa pan\u00e7uda|Dragonite, L50, M, shiny|100/100\n|turn|4\n|\n|t:|1776288560\n|detailschange|p1b: lagartixa pan\u00e7uda|Dragonite-Mega, L50, M, shiny\n|-mega|p1b: lagartixa pan\u00e7uda|Dragonite|Dragoninite\n|move|p1b: lagartixa pan\u00e7uda|Thunder|p2b: Basculegion\n|-supereffective|p2b: Basculegion|1\n|-damage|p2b: Basculegion|9/100\n|-status|p2b: Basculegion|par\n|move|p1a: pelicano|Hurricane|p2a: Politoed\n|-damage|p2a: Politoed|39/100\n|move|p2b: Basculegion|Ice Fang|p1a: pelicano\n|-damage|p1a: pelicano|75/100\n|move|p2a: Politoed|Blizzard|p1b: lagartixa pan\u00e7uda|[spread] p1a,p1b\n|-supereffective|p1b: lagartixa pan\u00e7uda|2\n|-damage|p1a: pelicano|46/100\n|-damage|p1b: lagartixa pan\u00e7uda|71/100\n|\n|-weather|RainDance|[upkeep]\n|-sideend|p1: lisarb660|move: Tailwind\n|upkeep\n|turn|5\n|\n|t:|1776288617\n|move|p2a: Politoed|Protect|p2a: Politoed\n|-singleturn|p2a: Politoed|Protect\n|move|p1b: lagartixa pan\u00e7uda|Thunder|p2a: Politoed\n|-activate|p2a: Politoed|move: Protect\n|move|p2b: Basculegion|Ice Fang|p1b: lagartixa pan\u00e7uda\n|-supereffective|p1b: lagartixa pan\u00e7uda|2\n|-damage|p1b: lagartixa pan\u00e7uda|0 fnt\n|faint|p1b: lagartixa pan\u00e7uda\n|move|p1a: pelicano|Hurricane|p2b: Basculegion\n|-damage|p2b: Basculegion|0 fnt\n|faint|p2b: Basculegion\n|\n|-weather|none\n|upkeep\n|\n|t:|1776288631\n|switch|p1b: tubar\u00e3o|Basculegion, L50, M|100/100\n|switch|p2b: Scizor|Scizor, L50, M, shiny|100/100\n|turn|6\n|\n|t:|1776288646\n|move|p2a: Politoed|Helping Hand|p2b: Scizor\n|-singleturn|p2b: Scizor|Helping Hand|[of] p2a: Politoed\n|move|p2b: Scizor|Bullet Punch|p1b: tubar\u00e3o\n|-resisted|p1b: tubar\u00e3o|1\n|-damage|p1b: tubar\u00e3o|70/100\n|move|p1b: tubar\u00e3o|Last Respects|p2b: Scizor\n|-damage|p2b: Scizor|33/100\n|move|p1a: pelicano|Tailwind|p1a: pelicano\n|-sidestart|p1: lisarb660|move: Tailwind\n|\n|upkeep\n|turn|7\n|\n|t:|1776288662\n|move|p2b: Scizor|Bullet Punch|p1b: tubar\u00e3o\n|-resisted|p1b: tubar\u00e3o|1\n|-damage|p1b: tubar\u00e3o|50/100\n|move|p1b: tubar\u00e3o|Last Respects|p2a: Politoed\n|-crit|p2a: Politoed\n|-damage|p2a: Politoed|0 fnt\n|faint|p2a: Politoed\n|move|p1a: pelicano|Hurricane|p2b: Scizor|[miss]\n|-miss|p1a: pelicano|p2b: Scizor\n|\n|upkeep\n|turn|8\n|\n|t:|1776288681\n|move|p2b: Scizor|Bullet Punch|p1b: tubar\u00e3o\n|-resisted|p1b: tubar\u00e3o|1\n|-damage|p1b: tubar\u00e3o|29/100\n|move|p1b: tubar\u00e3o|Last Respects|p2b: Scizor\n|-crit|p2b: Scizor\n|-damage|p2b: Scizor|0 fnt\n|faint|p2b: Scizor\n|\n|win|lisarb660\n",
  "uploadtime": 1776288690,
  "views": 26,
  "formatid": "gen9championsvgc2026regma",
  "rating": null,
  "private": 0,
  "password": null
}