{
  "id": "gen9championsvgc2026regma-2582847906",
  "format": "[Gen 9 Champions] VGC 2026 Reg M-A",
  "players": [
    "Sylver PKMN",
    "Avestruz4ever"
  ],
  "log": "|j|\u2606Sylver PKMN\n|j|\u2606Avestruz4ever\n|t:|1776118811\n|gametype|doubles\n|player|p1|Sylver PKMN|palmer|1265\n|player|p2|Avestruz4ever|flannery|1193\n|gen|9\n|tier|[Gen 9 Champions] VGC 2026 Reg M-A\n|rated|\n|rule|Species Clause: Limit one of each Pok\u00e9mon\n|rule|Item Clause: Limit 1 of each item\n|clearpoke\n|poke|p1|Basculegion, L50, M|\n|poke|p1|Farigiraf, L50, F|\n|poke|p1|Tyranitar, L50, F|\n|poke|p1|Excadrill, L50, M|\n|poke|p1|Medicham, L50, M|\n|poke|p1|Volcarona, L50, F|\n|poke|p2|Aggron, L50, M|\n|poke|p2|Ninetales-Alola, L50, F|\n|poke|p2|Greninja-*, L50, F|\n|poke|p2|Sinistcha, L50|\n|poke|p2|Incineroar, L50, M|\n|poke|p2|Kangaskhan, L50, F|\n|teampreview|4\n|\n|t:|1776118868\n|teamsize|p1|4\n|teamsize|p2|4\n|start\n|switch|p1a: Farigiraf|Farigiraf, L50, F|100/100\n|switch|p1b: Medicham|Medicham, L50, M|100/100\n|switch|p2a: Ninetales|Ninetales-Alola, L50, F, shiny|100/100\n|switch|p2b: khengis khan|Kangaskhan, L50, F, shiny|100/100\n|-weather|Snowscape|[from] ability: Snow Warning|[of] p2a: Ninetales\n|turn|1\n|\n|t:|1776118901\n|switch|p1b: Tyranitar|Tyranitar, L50, F|100/100\n|-weather|Sandstorm|[from] ability: Sand Stream|[of] p1b: Tyranitar\n|move|p2b: khengis khan|Fake Out||[still]\n|cant|p1a: Farigiraf|ability: Armor Tail|Fake Out|[of] p2b: khengis khan\n|move|p2a: Ninetales|Aurora Veil||[still]\n|-fail|p2a: Ninetales\n|move|p1a: Farigiraf|Trick Room|p1a: Farigiraf\n|-fieldstart|move: Trick Room|[of] p1a: Farigiraf\n|\n|-weather|Sandstorm|[upkeep]\n|-damage|p1a: Farigiraf|94/100|[from] Sandstorm\n|-damage|p2b: khengis khan|94/100|[from] Sandstorm\n|-damage|p2a: Ninetales|94/100|[from] Sandstorm\n|upkeep\n|turn|2\n|\n|t:|1776118927\n|detailschange|p1b: Tyranitar|Tyranitar-Mega, L50, F\n|-mega|p1b: Tyranitar|Tyranitar|Tyranitarite\n|move|p1a: Farigiraf|Helping Hand|p1b: Tyranitar\n|-singleturn|p1b: Tyranitar|Helping Hand|[of] p1a: Farigiraf\n|move|p1b: Tyranitar|Rock Slide|p2a: Ninetales|[spread] p2b\n|-miss|p1b: Tyranitar|p2a: Ninetales\n|-damage|p2b: khengis khan|30/100\n|move|p2b: khengis khan|Drain Punch|p1b: Tyranitar\n|-supereffective|p1b: Tyranitar|2\n|-damage|p1b: Tyranitar|39/100\n|-heal|p2b: khengis khan|60/100|[from] drain|[of] p1b: Tyranitar\n|move|p2a: Ninetales|Dazzling Gleam|p1b: Tyranitar|[spread] p1a,p1b\n|-supereffective|p1b: Tyranitar|1\n|-damage|p1a: Farigiraf|69/100\n|-damage|p1b: Tyranitar|14/100\n|\n|-weather|Sandstorm|[upkeep]\n|-damage|p1a: Farigiraf|63/100|[from] Sandstorm\n|-damage|p2b: khengis khan|54/100|[from] Sandstorm\n|-damage|p2a: Ninetales|88/100|[from] Sandstorm\n|upkeep\n|turn|3\n|\n|t:|1776118945\n|move|p1a: Farigiraf|Helping Hand|p1b: Tyranitar\n|-singleturn|p1b: Tyranitar|Helping Hand|[of] p1a: Farigiraf\n|move|p1b: Tyranitar|Rock Slide|p2a: Ninetales|[spread] p2b\n|-miss|p1b: Tyranitar|p2a: Ninetales\n|-damage|p2b: khengis khan|0 fnt\n|faint|p2b: khengis khan\n|move|p2a: Ninetales|Dazzling Gleam|p1b: Tyranitar|[spread] p1a,p1b\n|-supereffective|p1b: Tyranitar|1\n|-damage|p1a: Farigiraf|40/100\n|-damage|p1b: Tyranitar|0 fnt\n|faint|p1b: Tyranitar\n|\n|-weather|Sandstorm|[upkeep]\n|-damage|p1a: Farigiraf|34/100|[from] Sandstorm\n|-damage|p2a: Ninetales|82/100|[from] Sandstorm\n|upkeep\n|\n|t:|1776118954\n|switch|p1b: Medicham|Medicham, L50, M|100/100\n|switch|p2b: THE WALL|Aggron, L50, M, shiny|100/100\n|turn|4\n|\n|t:|1776118980\n|switch|p2a: Sinistcha|Sinistcha, L50, shiny|100/100\n|detailschange|p2b: THE WALL|Aggron-Mega, L50, M, shiny\n|-mega|p2b: THE WALL|Aggron|Aggronite\n|move|p1b: Medicham|Fake Out|p2b: THE WALL\n|-resisted|p2b: THE WALL|1\n|-damage|p2b: THE WALL|96/100\n|cant|p2b: THE WALL|flinch\n|move|p1a: Farigiraf|Hyper Voice|p2b: THE WALL|[spread] p2b\n|-immune|p2a: Sinistcha\n|-resisted|p2b: THE WALL|1\n|-damage|p2b: THE WALL|85/100\n|\n|-weather|Sandstorm|[upkeep]\n|-damage|p1a: Farigiraf|28/100|[from] Sandstorm\n|-damage|p2a: Sinistcha|94/100|[from] Sandstorm\n|-damage|p1b: Medicham|95/100|[from] Sandstorm\n|-heal|p2a: Sinistcha|100/100|[from] item: Leftovers\n|upkeep\n|turn|5\n|c|\u2606Avestruz4ever|U UNLUCKY AFCK\n|\n|t:|1776119013\n|switch|p2a: Ninetales|Ninetales-Alola, L50, F, shiny|82/100\n|-weather|Snowscape|[from] ability: Snow Warning|[of] p2a: Ninetales\n|move|p1a: Farigiraf|Helping Hand|p1b: Medicham\n|-singleturn|p1b: Medicham|Helping Hand|[of] p1a: Farigiraf\n|move|p2b: THE WALL|Protect|p2b: THE WALL\n|-singleturn|p2b: THE WALL|Protect\n|move|p1b: Medicham|Close Combat|p2b: THE WALL\n|-activate|p2b: THE WALL|move: Protect\n|\n|-weather|Snowscape|[upkeep]\n|-fieldend|move: Trick Room\n|upkeep\n|turn|6\n|\n|t:|1776119031\n|move|p1a: Farigiraf|Helping Hand|p1b: Medicham\n|-singleturn|p1b: Medicham|Helping Hand|[of] p1a: Farigiraf\n|move|p2a: Ninetales|Aurora Veil|p2a: Ninetales\n|-sidestart|p2: Avestruz4ever|move: Aurora Veil\n|move|p1b: Medicham|Close Combat|p2b: THE WALL\n|-supereffective|p2b: THE WALL|1\n|-damage|p2b: THE WALL|19/100\n|-unboost|p1b: Medicham|def|1\n|-unboost|p1b: Medicham|spd|1\n|move|p2b: THE WALL|Iron Defense|p2b: THE WALL\n|-boost|p2b: THE WALL|def|2\n|\n|-weather|Snowscape|[upkeep]\n|upkeep\n|turn|7\n|\n|t:|1776119054\n|switch|p2a: Sinistcha|Sinistcha, L50, shiny|100/100\n|-heal|p2b: THE WALL|44/100|[from] ability: Hospitality|[of] p2a: Sinistcha\n|switch|p1b: Basculegion|Basculegion, L50, M|100/100\n|move|p2b: THE WALL|Protect|p2b: THE WALL\n|-singleturn|p2b: THE WALL|Protect\n|move|p1a: Farigiraf|Hyper Voice|p2b: THE WALL|[spread] \n|-activate|p2b: THE WALL|move: Protect\n|-immune|p2a: Sinistcha\n|\n|-weather|Snowscape|[upkeep]\n|upkeep\n|turn|8\n|c|\u2606Avestruz4ever|damn\n|\n|t:|1776119075\n|move|p1a: Farigiraf|Helping Hand|p1b: Basculegion\n|-singleturn|p1b: Basculegion|Helping Hand|[of] p1a: Farigiraf\n|move|p1b: Basculegion|Last Respects|p2a: Sinistcha\n|-supereffective|p2a: Sinistcha|1\n|-damage|p2a: Sinistcha|0 fnt\n|faint|p2a: Sinistcha\n|move|p2b: THE WALL|Heavy Slam|p1b: Basculegion\n|-resisted|p1b: Basculegion|1\n|-damage|p1b: Basculegion|78/100\n|\n|-weather|Snowscape|[upkeep]\n|upkeep\n|\n|t:|1776119083\n|switch|p2a: Ninetales|Ninetales-Alola, L50, F, shiny|82/100\n|turn|9\n|c|\u2606Avestruz4ever|dfck\n|c|\u2606Avestruz4ever|how much that fat bitch weights\n|\n|t:|1776119107\n|move|p1a: Farigiraf|Helping Hand|p1b: Basculegion\n|-singleturn|p1b: Basculegion|Helping Hand|[of] p1a: Farigiraf\n|move|p1b: Basculegion|Last Respects|p2a: Ninetales\n|-damage|p2a: Ninetales|16/100\n|move|p2a: Ninetales|Dazzling Gleam|p1b: Basculegion|[spread] p1a,p1b\n|-damage|p1a: Farigiraf|4/100\n|-damage|p1b: Basculegion|52/100\n|move|p2b: THE WALL|Iron Defense|p2b: THE WALL\n|-boost|p2b: THE WALL|def|2\n|\n|-weather|none\n|upkeep\n|turn|10\n|\n|t:|1776119140\n|move|p1b: Basculegion|Last Respects|p2b: THE WALL\n|-damage|p2b: THE WALL|37/100\n|move|p2a: Ninetales|Dazzling Gleam|p1b: Basculegion|[spread] p1a,p1b\n|-damage|p1a: Farigiraf|0 fnt\n|-damage|p1b: Basculegion|25/100\n|faint|p1a: Farigiraf\n|move|p2b: THE WALL|Heavy Slam|p1b: Basculegion\n|-resisted|p1b: Basculegion|1\n|-damage|p1b: Basculegion|1/100\n|\n|-sideend|p2: Avestruz4ever|move: Aurora Veil\n|upkeep\n|\n|t:|1776119143\n|switch|p1a: Medicham|Medicham, L50, M|95/100\n|turn|11\n|\n|t:|1776119170\n|move|p1a: Medicham|Fake Out|p2b: THE WALL\n|-resisted|p2b: THE WALL|1\n|-damage|p2b: THE WALL|36/100\n|move|p1b: Basculegion|Last Respects|p2a: Ninetales\n|-damage|p2a: Ninetales|0 fnt\n|faint|p2a: Ninetales\n|cant|p2b: THE WALL|flinch\n|\n|upkeep\n|turn|12\n|\n|t:|1776119178\n|move|p1b: Basculegion|Last Respects|p2b: THE WALL\n|-damage|p2b: THE WALL|19/100\n|move|p1a: Medicham|Close Combat|p2b: THE WALL\n|-supereffective|p2b: THE WALL|1\n|-damage|p2b: THE WALL|0 fnt\n|-unboost|p1a: Medicham|def|1\n|-unboost|p1a: Medicham|spd|1\n|faint|p2b: THE WALL\n|\n|win|Sylver PKMN\n",
  "uploadtime": 1776119096,
  "views": 9,
  "formatid": "gen9championsvgc2026regma",
  "rating": null,
  "private": 0,
  "password": null
}