{
  "id": "gen9championsvgc2026regma-2587929607",
  "format": "[Gen 9 Champions] VGC 2026 Reg M-A",
  "players": [
    "asubircomolaespuma",
    "yamede\u86c7\u5982"
  ],
  "log": "|j|\u2606asubircomolaespuma\n|j|\u2606yamede\u86c7\u5982\n|t:|1776580534\n|gametype|doubles\n|player|p1|asubircomolaespuma|102|1554\n|player|p2|yamede\u86c7\u5982|2|1587\n|gen|9\n|tier|[Gen 9 Champions] VGC 2026 Reg M-A\n|rated|\n|rule|Species Clause: Limit one of each Pok\u00e9mon\n|rule|Item Clause: Limit 1 of each item\n|clearpoke\n|poke|p1|Charizard, L50, F|\n|poke|p1|Basculegion, L50, M|\n|poke|p1|Garchomp, L50, F|\n|poke|p1|Whimsicott, L50, M|\n|poke|p1|Kingambit, L50, F|\n|poke|p1|Sneasler, L50, M|\n|poke|p2|Tyranitar, L50, F|\n|poke|p2|Milotic, L50, F, shiny|\n|poke|p2|Excadrill, L50, M|\n|poke|p2|Meganium, L50, F, shiny|\n|poke|p2|Incineroar, L50, F|\n|poke|p2|Sinistcha, L50|\n|teampreview|4\n|inactive|Battle timer is ON: inactive players will automatically lose when time's up. (requested by asubircomolaespuma)\n|\n|t:|1776580564\n|teamsize|p1|4\n|teamsize|p2|4\n|start\n|switch|p1a: Sneasler|Sneasler, L50, M|100/100\n|switch|p1b: Basculegion|Basculegion, L50, M|100/100\n|switch|p2a: Milotic|Milotic, L50, F, shiny|100/100\n|switch|p2b: Meganium|Meganium, L50, F, shiny|100/100\n|turn|1\n|inactive|yamede\u86c7\u5982 has 30 seconds left.\n|inactive|yamede\u86c7\u5982 has 20 seconds left.\n|inactive|yamede\u86c7\u5982 has 15 seconds left.\n|inactive|yamede\u86c7\u5982 has 10 seconds left.\n|\n|t:|1776580611\n|switch|p2b: Incineroar|Incineroar, L50, F|100/100\n|-ability|p2b: Incineroar|Intimidate|boost\n|-unboost|p1a: Sneasler|atk|1\n|-unboost|p1b: Basculegion|atk|1\n|-enditem|p1a: Sneasler|White Herb\n|-clearnegativeboost|p1a: Sneasler|[silent]\n|move|p1a: Sneasler|Fake Out|p2a: Milotic\n|-damage|p2a: Milotic|90/100\n|move|p1b: Basculegion|Flip Turn|p2a: Milotic\n|-resisted|p2a: Milotic|1\n|-damage|p2a: Milotic|80/100\n|\n|t:|1776580623\n|switch|p1b: Charizard|Charizard, L50, F|100/100|[from] Flip Turn\n|cant|p2a: Milotic|flinch\n|\n|-heal|p2a: Milotic|86/100|[from] item: Leftovers\n|upkeep\n|turn|2\n|j| H4irashi\n|l| H4irashi\n|inactive|yamede\u86c7\u5982 has 30 seconds left.\n|inactive|yamede\u86c7\u5982 has 20 seconds left.\n|inactive|yamede\u86c7\u5982 has 15 seconds left.\n|inactive|yamede\u86c7\u5982 has 10 seconds left.\n|inactive|yamede\u86c7\u5982 has 5 seconds left.\n|\n|t:|1776580674\n|detailschange|p1b: Charizard|Charizard-Mega-Y, L50, F\n|-mega|p1b: Charizard|Charizard|Charizardite Y\n|-weather|SunnyDay|[from] ability: Drought|[of] p1b: Charizard\n|move|p2b: Incineroar|Fake Out|p1b: Charizard\n|-damage|p1b: Charizard|87/100\n|move|p1a: Sneasler|Dire Claw|p2a: Milotic\n|-damage|p2a: Milotic|54/100\n|-status|p2a: Milotic|psn\n|cant|p1b: Charizard|flinch\n|move|p2a: Milotic|Coil|p2a: Milotic\n|-boost|p2a: Milotic|atk|1\n|-boost|p2a: Milotic|def|1\n|-boost|p2a: Milotic|accuracy|1\n|\n|-weather|SunnyDay|[upkeep]\n|-heal|p2a: Milotic|60/100 psn|[from] item: Leftovers\n|-damage|p2a: Milotic|48/100 psn|[from] psn\n|upkeep\n|turn|3\n|inactive|yamede\u86c7\u5982 has 30 seconds left.\n|inactive|yamede\u86c7\u5982 has 20 seconds left.\n|inactive|yamede\u86c7\u5982 has 15 seconds left.\n|j| sdfsfgh\n|\n|t:|1776580718\n|switch|p2b: Tyranitar|Tyranitar, L50, F|100/100\n|-weather|Sandstorm|[from] ability: Sand Stream|[of] p2b: Tyranitar\n|move|p1a: Sneasler|Close Combat|p2b: Tyranitar\n|-supereffective|p2b: Tyranitar|2\n|-crit|p2b: Tyranitar\n|-damage|p2b: Tyranitar|0 fnt\n|-unboost|p1a: Sneasler|def|1\n|-unboost|p1a: Sneasler|spd|1\n|faint|p2b: Tyranitar\n|move|p1b: Charizard|Solar Beam||[still]\n|-prepare|p1b: Charizard|Solar Beam\n|move|p2a: Milotic|Hypnosis|p1a: Sneasler\n|-status|p1a: Sneasler|slp|[from] move: Hypnosis\n|\n|-weather|Sandstorm|[upkeep]\n|-damage|p1a: Sneasler|95/100 slp|[from] Sandstorm\n|-damage|p1b: Charizard|81/100|[from] Sandstorm\n|-damage|p2a: Milotic|42/100 psn|[from] Sandstorm\n|-heal|p2a: Milotic|48/100 psn|[from] item: Leftovers\n|-damage|p2a: Milotic|36/100 psn|[from] psn\n|upkeep\n|\n|t:|1776580734\n|switch|p2b: Incineroar|Incineroar, L50, F|100/100\n|-ability|p2b: Incineroar|Intimidate|boost\n|-unboost|p1a: Sneasler|atk|1\n|-unboost|p1b: Charizard|atk|1\n|turn|4\n|\n|t:|1776580744\n|move|p2b: Incineroar|Fake Out|p1b: Charizard\n|-damage|p1b: Charizard|69/100\n|cant|p1a: Sneasler|slp\n|cant|p1b: Charizard|flinch\n|move|p2a: Milotic|Muddy Water|p1b: Charizard|[spread] p1a,p1b\n|-supereffective|p1b: Charizard|1\n|-damage|p1a: Sneasler|43/100 slp\n|-damage|p1b: Charizard|26/100\n|\n|-weather|Sandstorm|[upkeep]\n|-damage|p1a: Sneasler|37/100 slp|[from] Sandstorm\n|-damage|p1b: Charizard|20/100|[from] Sandstorm\n|-damage|p2a: Milotic|30/100 psn|[from] Sandstorm\n|-damage|p2b: Incineroar|95/100|[from] Sandstorm\n|-heal|p2a: Milotic|36/100 psn|[from] item: Leftovers\n|-damage|p2a: Milotic|23/100 psn|[from] psn\n|upkeep\n|turn|5\n|\n|t:|1776580757\n|switch|p1b: Kingambit|Kingambit, L50, F|100/100\n|cant|p1a: Sneasler|slp\n|move|p2a: Milotic|Muddy Water|p1a: Sneasler|[spread] p1a,p1b\n|-crit|p1b: Kingambit\n|-damage|p1a: Sneasler|0 fnt\n|-damage|p1b: Kingambit|64/100\n|-unboost|p1b: Kingambit|accuracy|1\n|-ability|p1b: Kingambit|Defiant|boost\n|-boost|p1b: Kingambit|atk|2\n|faint|p1a: Sneasler\n|move|p2b: Incineroar|Flare Blitz|p1b: Kingambit\n|-supereffective|p1b: Kingambit|1\n|-damage|p1b: Kingambit|0 fnt\n|faint|p1b: Kingambit\n|-damage|p2b: Incineroar|73/100|[from] Recoil\n|\n|-weather|Sandstorm|[upkeep]\n|-damage|p2a: Milotic|17/100 psn|[from] Sandstorm\n|-damage|p2b: Incineroar|67/100|[from] Sandstorm\n|-heal|p2a: Milotic|23/100 psn|[from] item: Leftovers\n|-damage|p2a: Milotic|11/100 psn|[from] psn\n|upkeep\n|j| sammap\n|\n|t:|1776580768\n|switch|p1a: Charizard|Charizard-Mega-Y, L50, F|20/100\n|switch|p1b: Basculegion|Basculegion, L50, M|100/100\n|-weather|SunnyDay|[from] ability: Drought|[of] p1a: Charizard\n|turn|6\n|inactive|asubircomolaespuma has 30 seconds left.\n|inactive|yamede\u86c7\u5982 has 30 seconds left.\n|\n|t:|1776580803\n|move|p1b: Basculegion|Wave Crash|p2b: Incineroar\n|-supereffective|p2b: Incineroar|1\n|-damage|p2b: Incineroar|14/100\n|-damage|p1b: Basculegion|82/100|[from] Recoil\n|move|p1a: Charizard|Heat Wave|p2a: Milotic|[spread] p2a,p2b\n|-resisted|p2a: Milotic|1\n|-resisted|p2b: Incineroar|1\n|-damage|p2a: Milotic|0 fnt\n|-damage|p2b: Incineroar|0 fnt\n|faint|p2a: Milotic\n|faint|p2b: Incineroar\n|\n|-weather|SunnyDay|[upkeep]\n|upkeep\n|\n|t:|1776580812\n|switch|p2a: Meganium|Meganium, L50, F, shiny|100/100\n|turn|7\n|j| Xheadhonchkrow\n|inactive|yamede\u86c7\u5982 has 30 seconds left.\n|inactive|yamede\u86c7\u5982 has 20 seconds left.\n|\n|t:|1776580849\n|detailschange|p2a: Meganium|Meganium-Mega, L50, F, shiny\n|-mega|p2a: Meganium|Meganium|Meganiumite\n|move|p1b: Basculegion|Wave Crash|p2a: Meganium\n|-resisted|p2a: Meganium|1\n|-damage|p2a: Meganium|83/100\n|-damage|p1b: Basculegion|77/100|[from] Recoil\n|move|p1a: Charizard|Overheat|p2a: Meganium\n|-supereffective|p2a: Meganium|1\n|-damage|p2a: Meganium|0 fnt\n|-unboost|p1a: Charizard|spa|2\n|faint|p2a: Meganium\n|\n|win|asubircomolaespuma\n|raw|asubircomolaespuma's rating: 1554 &rarr; <strong>1576</strong><br />(+22 for winning)\n|raw|yamede\u86c7\u5982's rating: 1587 &rarr; <strong>1565</strong><br />(-22 for losing)\n|l| sdfsfgh\n",
  "uploadtime": 1776580902,
  "views": 19,
  "formatid": "gen9championsvgc2026regma",
  "rating": 1565,
  "private": 0,
  "password": null
}