{
  "id": "gen9championsvgc2026regma-2580435468",
  "format": "[Gen 9 Champions] VGC 2026 Reg M-A",
  "players": [
    "Lyiter",
    "lolgz"
  ],
  "log": "|j|\u2606Lyiter\n|j|\u2606lolgz\n|t:|1775896154\n|gametype|doubles\n|player|p1|Lyiter|skier|1200\n|player|p2|lolgz|266|1333\n|gen|9\n|tier|[Gen 9 Champions] VGC 2026 Reg M-A\n|rated|\n|rule|Species Clause: Limit one of each Pok\u00e9mon\n|rule|Item Clause: Limit 1 of each item\n|clearpoke\n|poke|p1|Excadrill, L50, F|\n|poke|p1|Weavile, L50, F|\n|poke|p1|Tyranitar, L50, F|\n|poke|p1|Sneasler, L50, F|\n|poke|p1|Azumarill, L50, M|\n|poke|p1|Gardevoir, L50, M|\n|poke|p2|Charizard, L50, M|\n|poke|p2|Whimsicott, L50, M|\n|poke|p2|Basculegion, L50, M|\n|poke|p2|Farigiraf, L50, M|\n|poke|p2|Sneasler, L50, F|\n|poke|p2|Floette-Eternal, L50, F|\n|teampreview|4\n|\n|t:|1775896172\n|teamsize|p1|4\n|teamsize|p2|4\n|start\n|switch|p1a: Azumarill|Azumarill, L50, M|100/100\n|switch|p1b: Weavile|Weavile, L50, F|100/100\n|switch|p2a: Whimsicott|Whimsicott, L50, M|100/100\n|switch|p2b: Basculegion|Basculegion, L50, M|100/100\n|-ability|p1b: Weavile|Pressure\n|turn|1\n|inactive|Battle timer is ON: inactive players will automatically lose when time's up. (requested by Lyiter)\n|c|\u2606lolgz|might be the scariest team ive seen on ladder\n|\n|t:|1775896190\n|move|p1b: Weavile|Fake Out|p2a: Whimsicott\n|-crit|p2a: Whimsicott\n|-damage|p2a: Whimsicott|72/100\n|cant|p2a: Whimsicott|flinch\n|move|p2b: Basculegion|Wave Crash|p1b: Weavile\n|-enditem|p1b: Weavile|Focus Sash\n|-damage|p1b: Weavile|1/100\n|-damage|p2b: Basculegion|76/100|[from] Recoil\n|move|p1a: Azumarill|Play Rough|p2a: Whimsicott\n|-damage|p2a: Whimsicott|0 fnt\n|faint|p2a: Whimsicott\n|\n|upkeep\n|c|\u2606Lyiter|why?\n|\n|t:|1775896205\n|switch|p2a: Sneasler|Sneasler, L50, F|100/100\n|turn|2\n|\n|t:|1775896218\n|move|p2a: Sneasler|Fake Out|p1a: Azumarill\n|-damage|p1a: Azumarill|84/100\n|move|p2b: Basculegion|Wave Crash|p1b: Weavile\n|-damage|p1b: Weavile|0 fnt\n|faint|p1b: Weavile\n|-damage|p2b: Basculegion|75/100|[from] Recoil\n|cant|p1a: Azumarill|flinch\n|\n|upkeep\n|c|\u2606lolgz|good shit  into my team\n|\n|t:|1775896234\n|switch|p1b: Excadrill|Excadrill, L50, F|100/100\n|turn|3\n|\n|t:|1775896247\n|move|p1b: Excadrill|Protect|p1b: Excadrill\n|-singleturn|p1b: Excadrill|Protect\n|move|p1a: Azumarill|Aqua Jet|p2a: Sneasler\n|-damage|p2a: Sneasler|55/100\n|move|p2b: Basculegion|Wave Crash|p1a: Azumarill\n|-resisted|p1a: Azumarill|1\n|-damage|p1a: Azumarill|39/100\n|-enditem|p1a: Azumarill|Sitrus Berry|[eat]\n|-heal|p1a: Azumarill|64/100|[from] item: Sitrus Berry\n|-damage|p2b: Basculegion|59/100|[from] Recoil\n|move|p2a: Sneasler|Close Combat|p1b: Excadrill\n|-activate|p1b: Excadrill|move: Protect\n|\n|upkeep\n|turn|4\n|j| Crvstal_K!tty\n|c| Crvstal_K!tty|genuinely awesome teams tbh\n|\n|t:|1775896266\n|switch|p1b: Tyranitar|Tyranitar, L50, F|100/100\n|-weather|Sandstorm|[from] ability: Sand Stream|[of] p1b: Tyranitar\n|move|p2b: Basculegion|Wave Crash|p1a: Azumarill\n|-resisted|p1a: Azumarill|1\n|-damage|p1a: Azumarill|22/100\n|-damage|p2b: Basculegion|45/100|[from] Recoil\n|move|p2a: Sneasler|Close Combat|p1b: Tyranitar\n|-supereffective|p1b: Tyranitar|2\n|-damage|p1b: Tyranitar|0 fnt\n|-unboost|p2a: Sneasler|def|1\n|-unboost|p2a: Sneasler|spd|1\n|faint|p1b: Tyranitar\n|-enditem|p2a: Sneasler|White Herb\n|-clearnegativeboost|p2a: Sneasler|[silent]\n|move|p1a: Azumarill|Play Rough|p2b: Basculegion|[miss]\n|-miss|p1a: Azumarill|p2b: Basculegion\n|\n|-weather|Sandstorm|[upkeep]\n|-damage|p2a: Sneasler|49/100|[from] Sandstorm\n|-damage|p2b: Basculegion|39/100|[from] Sandstorm\n|-damage|p1a: Azumarill|17/100|[from] Sandstorm\n|upkeep\n|\n|t:|1775896271\n|switch|p1b: Excadrill|Excadrill, L50, F|100/100\n|turn|5\n|\n|t:|1775896293\n|detailschange|p1b: Excadrill|Excadrill-Mega, L50, F\n|-mega|p1b: Excadrill|Excadrill|Excadrite\n|move|p1a: Azumarill|Aqua Jet|p2a: Sneasler\n|-damage|p2a: Sneasler|7/100\n|move|p2a: Sneasler|Close Combat|p1b: Excadrill\n|-supereffective|p1b: Excadrill|1\n|-crit|p1b: Excadrill\n|-damage|p1b: Excadrill|0 fnt\n|-unboost|p2a: Sneasler|def|1\n|-unboost|p2a: Sneasler|spd|1\n|faint|p1b: Excadrill\n|move|p2b: Basculegion|Wave Crash|p1a: Azumarill\n|-resisted|p1a: Azumarill|1\n|-damage|p1a: Azumarill|0 fnt\n|faint|p1a: Azumarill\n|-damage|p2b: Basculegion|33/100|[from] Recoil\n|\n|win|lolgz\n|raw|Lyiter's rating: 1200 &rarr; <strong>1184</strong><br />(-16 for losing)\n|raw|lolgz's rating: 1333 &rarr; <strong>1346</strong><br />(+13 for winning)\n",
  "uploadtime": 1775896294,
  "views": 42,
  "formatid": "gen9championsvgc2026regma",
  "rating": 1184,
  "private": 0,
  "password": null
}