{
  "id": "gen9championsvgc2026regma-2583596558",
  "format": "[Gen 9 Champions] VGC 2026 Reg M-A",
  "players": [
    "BiggMay",
    "vaporbruh"
  ],
  "log": "|j|\u2606BiggMay\n|j|\u2606vaporbruh\n|t:|1776185554\n|gametype|doubles\n|player|p1|BiggMay|parasollady-gen4|1004\n|player|p2|vaporbruh|2|1000\n|gen|9\n|tier|[Gen 9 Champions] VGC 2026 Reg M-A\n|rated|\n|rule|Species Clause: Limit one of each Pok\u00e9mon\n|rule|Item Clause: Limit 1 of each item\n|clearpoke\n|poke|p1|Gengar, L50, M|\n|poke|p1|Whimsicott, L50, F|\n|poke|p1|Archaludon, L50, F|\n|poke|p1|Pelipper, L50, F|\n|poke|p1|Incineroar, L50, M|\n|poke|p1|Sinistcha, L50|\n|poke|p2|Empoleon, L50, M|\n|poke|p2|Tyranitar, L50, M|\n|poke|p2|Meowscarada, L50, F|\n|poke|p2|Excadrill, L50, F|\n|poke|p2|Incineroar, L50, M|\n|poke|p2|Gengar, L50, F|\n|teampreview|4\n|\n|t:|1776185569\n|teamsize|p1|4\n|teamsize|p2|4\n|start\n|switch|p1a: Gengar|Gengar, L50, M|100/100\n|switch|p1b: Whimsicott|Whimsicott, L50, F|100/100\n|switch|p2a: Emperor|Empoleon, L50, M, shiny|100/100\n|switch|p2b: Incineroar|Incineroar, L50, M, shiny|100/100\n|-ability|p2b: Incineroar|Intimidate|boost\n|-unboost|p1a: Gengar|atk|1\n|-unboost|p1b: Whimsicott|atk|1\n|turn|1\n|\n|t:|1776185596\n|detailschange|p1a: Gengar|Gengar-Mega, L50, M\n|-mega|p1a: Gengar|Gengar|Gengarite\n|move|p1a: Gengar|Protect|p1a: Gengar\n|-singleturn|p1a: Gengar|Protect\n|move|p1b: Whimsicott|Moonblast|p2b: Incineroar\n|-damage|p2b: Incineroar|78/100\n|move|p2a: Emperor|Flash Cannon|p1b: Whimsicott\n|-supereffective|p1b: Whimsicott|1\n|-enditem|p1b: Whimsicott|Focus Sash\n|-damage|p1b: Whimsicott|1/100\n|move|p2b: Incineroar|Taunt|p1b: Whimsicott\n|-start|p1b: Whimsicott|move: Taunt\n|\n|upkeep\n|turn|2\n|\n|t:|1776185639\n|move|p1a: Gengar|Shadow Ball|p2b: Incineroar\n|-resisted|p2b: Incineroar|1\n|-damage|p2b: Incineroar|58/100\n|-unboost|p2b: Incineroar|spd|1\n|move|p1b: Whimsicott|Moonblast|p2b: Incineroar\n|-damage|p2b: Incineroar|28/100\n|-enditem|p2b: Incineroar|Sitrus Berry|[eat]\n|-heal|p2b: Incineroar|53/100|[from] item: Sitrus Berry\n|move|p2a: Emperor|Surf|p1a: Gengar|[spread] p2b,p1a,p1b\n|-supereffective|p2b: Incineroar|1\n|-resisted|p1b: Whimsicott|1\n|-damage|p2b: Incineroar|0 fnt\n|-damage|p1a: Gengar|56/100\n|-damage|p1b: Whimsicott|0 fnt\n|faint|p2b: Incineroar\n|faint|p1b: Whimsicott\n|\n|upkeep\n|\n|t:|1776185656\n|switch|p1b: Pelipper|Pelipper, L50, F|100/100\n|switch|p2b: Excadrill|Excadrill, L50, F|100/100\n|-weather|RainDance|[from] ability: Drizzle|[of] p1b: Pelipper\n|turn|3\n|\n|t:|1776185679\n|move|p1a: Gengar|Shadow Ball|p2b: Excadrill\n|-damage|p2b: Excadrill|32/100\n|-unboost|p2b: Excadrill|spd|1\n|move|p2b: Excadrill|Rock Slide|p1a: Gengar|[spread] p1a,p1b\n|-supereffective|p1b: Pelipper|1\n|-damage|p1a: Gengar|25/100\n|-damage|p1b: Pelipper|67/100\n|move|p1b: Pelipper|Muddy Water|p2a: Emperor|[spread] p2a,p2b\n|-resisted|p2a: Emperor|1\n|-supereffective|p2b: Excadrill|1\n|-damage|p2a: Emperor|81/100\n|-damage|p2b: Excadrill|0 fnt\n|faint|p2b: Excadrill\n|move|p2a: Emperor|Ice Beam|p1a: Gengar\n|-damage|p1a: Gengar|0 fnt\n|faint|p1a: Gengar\n|\n|-weather|RainDance|[upkeep]\n|upkeep\n|\n|t:|1776185694\n|switch|p1a: Archaludon|Archaludon, L50, F|100/100\n|switch|p2b: Tyranitar|Tyranitar, L50, M|100/100\n|-weather|Sandstorm|[from] ability: Sand Stream|[of] p2b: Tyranitar\n|turn|4\n|\n|t:|1776185719\n|move|p2b: Tyranitar|Protect|p2b: Tyranitar\n|-singleturn|p2b: Tyranitar|Protect\n|move|p1a: Archaludon|Aura Sphere|p2b: Tyranitar\n|-activate|p2b: Tyranitar|move: Protect\n|move|p1b: Pelipper|Muddy Water|p2a: Emperor|[spread] p2a\n|-activate|p2b: Tyranitar|move: Protect\n|-resisted|p2a: Emperor|1\n|-damage|p2a: Emperor|70/100\n|-unboost|p2a: Emperor|accuracy|1\n|-ability|p2a: Emperor|Competitive|boost\n|-boost|p2a: Emperor|spa|2\n|move|p2a: Emperor|Flash Cannon|p1b: Pelipper|[miss]\n|-miss|p2a: Emperor|p1b: Pelipper\n|\n|-weather|Sandstorm|[upkeep]\n|-damage|p1b: Pelipper|61/100|[from] Sandstorm\n|upkeep\n|turn|5\n|\n|t:|1776185753\n|detailschange|p2b: Tyranitar|Tyranitar-Mega, L50, M\n|-mega|p2b: Tyranitar|Tyranitar|Tyranitarite\n|move|p1b: Pelipper|Muddy Water|p2b: Tyranitar|[spread] p2a\n|-miss|p1b: Pelipper|p2b: Tyranitar\n|-resisted|p2a: Emperor|1\n|-damage|p2a: Emperor|56/100\n|-unboost|p2a: Emperor|accuracy|1\n|-ability|p2a: Emperor|Competitive|boost\n|-boost|p2a: Emperor|spa|2\n|move|p1a: Archaludon|Aura Sphere|p2a: Emperor\n|-supereffective|p2a: Emperor|1\n|-crit|p2a: Emperor\n|-damage|p2a: Emperor|0 fnt\n|faint|p2a: Emperor\n|move|p2b: Tyranitar|Knock Off|p1a: Archaludon\n|-damage|p1a: Archaludon|44/100\n|-ability|p1a: Archaludon|Stamina|boost\n|-boost|p1a: Archaludon|def|1\n|-enditem|p1a: Archaludon|Leftovers|[from] move: Knock Off|[of] p2b: Tyranitar\n|\n|-weather|Sandstorm|[upkeep]\n|-damage|p1b: Pelipper|55/100|[from] Sandstorm\n|upkeep\n|turn|6\n|\n|t:|1776185779\n|move|p1a: Archaludon|Aura Sphere|p2b: Tyranitar\n|-supereffective|p2b: Tyranitar|2\n|-damage|p2b: Tyranitar|46/100\n|move|p1b: Pelipper|Muddy Water|p2b: Tyranitar\n|-supereffective|p2b: Tyranitar|1\n|-damage|p2b: Tyranitar|17/100\n|move|p2b: Tyranitar|Rock Slide|p1b: Pelipper|[spread] p1b\n|-miss|p2b: Tyranitar|p1a: Archaludon\n|-supereffective|p1b: Pelipper|1\n|-damage|p1b: Pelipper|0 fnt\n|faint|p1b: Pelipper\n|\n|-weather|Sandstorm|[upkeep]\n|upkeep\n|turn|7\n|\n|t:|1776185792\n|move|p2b: Tyranitar|Protect|p2b: Tyranitar\n|-singleturn|p2b: Tyranitar|Protect\n|move|p1a: Archaludon|Aura Sphere|p2b: Tyranitar\n|-activate|p2b: Tyranitar|move: Protect\n|\n|-weather|Sandstorm|[upkeep]\n|upkeep\n|turn|8\n|\n|t:|1776185807\n|move|p1a: Archaludon|Aura Sphere|p2b: Tyranitar\n|-supereffective|p2b: Tyranitar|2\n|-damage|p2b: Tyranitar|0 fnt\n|faint|p2b: Tyranitar\n|\n|win|BiggMay\n|raw|BiggMay's rating: 1004 &rarr; <strong>1043</strong><br />(+39 for winning)\n|raw|vaporbruh's rating: 1000 &rarr; <strong>1000</strong><br />(+0 for losing)\n",
  "uploadtime": 1776185815,
  "views": 20,
  "formatid": "gen9championsvgc2026regma",
  "rating": 1000,
  "private": 0,
  "password": null
}