{
  "id": "gen9championsvgc2026regma-2585145265",
  "format": "[Gen 9 Champions] VGC 2026 Reg M-A",
  "players": [
    "tmp_axo",
    "Knull$et"
  ],
  "log": "|j|\u2606tmp_axo\n|j|\u2606Knull$et\n|t:|1776317289\n|gametype|doubles\n|player|p1|tmp_axo|pokekid|1054\n|player|p2|Knull$et|cyclist-gen4|1149\n|gen|9\n|tier|[Gen 9 Champions] VGC 2026 Reg M-A\n|rated|\n|rule|Species Clause: Limit one of each Pok\u00e9mon\n|rule|Item Clause: Limit 1 of each item\n|clearpoke\n|poke|p1|Whimsicott, L50, M|\n|poke|p1|Floette-Eternal, L50, F|\n|poke|p1|Garchomp, L50, M|\n|poke|p1|Incineroar, L50, F|\n|poke|p1|Aegislash, L50, M|\n|poke|p1|Palafin, L50, M|\n|poke|p2|Gengar, L50, M|\n|poke|p2|Whimsicott, L50, M|\n|poke|p2|Incineroar, L50, F|\n|poke|p2|Palafin, L50, M|\n|poke|p2|Kommo-o, L50, F|\n|poke|p2|Kingambit, L50, F|\n|teampreview|4\n|inactive|Battle timer is ON: inactive players will automatically lose when time's up. (requested by Knull$et)\n|inactive|tmp_axo has 60 seconds left.\n|c|\u2606Knull$et|glhf\nKnull$et rejected open team sheets.\n|inactive|tmp_axo has 30 seconds left.\n|\n|t:|1776317349\n|teamsize|p1|4\n|teamsize|p2|4\n|start\n|switch|p1a: Palafin|Palafin, L50, M|100/100\n|switch|p1b: Garchomp|Garchomp, L50, M|100/100\n|switch|p2a: Gengar|Gengar, L50, M|100/100\n|switch|p2b: Incineroar|Incineroar, L50, F|100/100\n|-ability|p2b: Incineroar|Intimidate|boost\n|-unboost|p1a: Palafin|atk|1\n|-unboost|p1b: Garchomp|atk|1\n|-enditem|p1b: Garchomp|White Herb\n|-clearnegativeboost|p1b: Garchomp|[silent]\n|turn|1\n|inactive|Knull$et has 30 seconds left.\n|inactive|Knull$et has 20 seconds left.\n|inactive|Knull$et has 15 seconds left.\n|inactive|Knull$et has 10 seconds left.\n|\n|t:|1776317398\n|detailschange|p2a: Gengar|Gengar-Mega, L50, M\n|-mega|p2a: Gengar|Gengar|Gengarite\n|move|p2a: Gengar|Protect|p2a: Gengar\n|-singleturn|p2a: Gengar|Protect\n|move|p1a: Palafin|Protect|p1a: Palafin\n|-singleturn|p1a: Palafin|Protect\n|move|p1b: Garchomp|Earthquake|p2b: Incineroar|[spread] p2b\n|-activate|p1a: Palafin|move: Protect\n|-activate|p2a: Gengar|move: Protect\n|-supereffective|p2b: Incineroar|1\n|-damage|p2b: Incineroar|27/100\n|-enditem|p2b: Incineroar|Sitrus Berry|[eat]\n|-heal|p2b: Incineroar|52/100|[from] item: Sitrus Berry\n|move|p2b: Incineroar|Parting Shot|p1b: Garchomp\n|-unboost|p1b: Garchomp|atk|1\n|-unboost|p1b: Garchomp|spa|1\n|\n|t:|1776317414\n|switch|p2b: Whimsicott|Whimsicott, L50, M|100/100|[from] Parting Shot\n|\n|upkeep\n|turn|2\n|\n|t:|1776317437\n|move|p2b: Whimsicott|Encore|p1a: Palafin\n|-start|p1a: Palafin|Encore\n|move|p1a: Palafin|Protect||[still]\n|-fail|p1a: Palafin\n|move|p2a: Gengar|Substitute|p2a: Gengar\n|-start|p2a: Gengar|Substitute\n|-damage|p2a: Gengar|76/100\n|move|p1b: Garchomp|Rock Slide|p2a: Gengar|[spread] p2a,p2b\n|-activate|p2a: Gengar|move: Substitute|[damage]\n|-damage|p2b: Whimsicott|82/100\n|\n|upkeep\n|turn|3\n|\n|t:|1776317458\n|move|p1a: Palafin|Protect|p1a: Palafin\n|-singleturn|p1a: Palafin|Protect\n|move|p2a: Gengar|Shadow Ball|p1b: Garchomp\n|-damage|p1b: Garchomp|51/100\n|move|p1b: Garchomp|Earthquake|p2b: Whimsicott|[spread] p2a,p2b\n|-activate|p1a: Palafin|move: Protect\n|-supereffective|p2a: Gengar|1\n|-end|p2a: Gengar|Substitute\n|-resisted|p2b: Whimsicott|1\n|-damage|p2b: Whimsicott|63/100\n|move|p2b: Whimsicott|Moonblast|p1b: Garchomp\n|-supereffective|p1b: Garchomp|1\n|-damage|p1b: Garchomp|0 fnt\n|faint|p1b: Garchomp\n|\n|upkeep\n|\n|t:|1776317474\n|switch|p1b: Floette|Floette-Eternal, L50, F|100/100\n|turn|4\n|\n|t:|1776317497\n|detailschange|p1b: Floette|Floette-Mega, L50, F\n|-mega|p1b: Floette|Floette|Floettite\n|-ability|p1b: Floette|Fairy Aura\n|move|p1a: Palafin|Protect|p1a: Palafin\n|-singleturn|p1a: Palafin|Protect\n|move|p2a: Gengar|Sludge Bomb|p1b: Floette\n|-supereffective|p1b: Floette|1\n|-damage|p1b: Floette|18/100\n|move|p1b: Floette|Calm Mind|p1b: Floette\n|-boost|p1b: Floette|spa|1\n|-boost|p1b: Floette|spd|1\n|move|p2b: Whimsicott|Moonblast|p1b: Floette\n|-damage|p1b: Floette|0 fnt\n|faint|p1b: Floette\n|\n|-end|p1a: Palafin|Encore\n|upkeep\n|\n|t:|1776317500\n|switch|p1b: Whimsicott|Whimsicott, L50, M|100/100\n|turn|5\n|inactive|Knull$et has 30 seconds left.\n|inactive|Knull$et has 20 seconds left.\n|\n|t:|1776317537\n|move|p1b: Whimsicott|Tailwind|p1b: Whimsicott\n|-sidestart|p1: tmp_axo|move: Tailwind\n|move|p2b: Whimsicott|Encore|p1a: Palafin\n|-start|p1a: Palafin|Encore\n|move|p1a: Palafin|Protect||[still]\n|-fail|p1a: Palafin\n|move|p2a: Gengar|Sludge Bomb|p1b: Whimsicott\n|-supereffective|p1b: Whimsicott|2\n|-enditem|p1b: Whimsicott|Focus Sash\n|-damage|p1b: Whimsicott|1/100\n|-status|p1b: Whimsicott|psn\n|\n|-damage|p1b: Whimsicott|0 fnt|[from] psn\n|faint|p1b: Whimsicott\n|upkeep\n|turn|6\n|\n|t:|1776317558\n|move|p1a: Palafin|Protect|p1a: Palafin\n|-singleturn|p1a: Palafin|Protect\n|move|p2a: Gengar|Sludge Bomb|p1a: Palafin\n|-activate|p1a: Palafin|move: Protect\n|move|p2b: Whimsicott|Moonblast|p1a: Palafin\n|-activate|p1a: Palafin|move: Protect\n|\n|upkeep\n|turn|7\n|\n|t:|1776317569\n|move|p1a: Palafin|Protect|p1a: Palafin\n|-singleturn|p1a: Palafin|Protect\n|move|p2b: Whimsicott|Tailwind|p2b: Whimsicott\n|-sidestart|p2: Knull$et|move: Tailwind\n|move|p2a: Gengar|Sludge Bomb|p1a: Palafin\n|-activate|p1a: Palafin|move: Protect\n|\n|-end|p1a: Palafin|Encore\n|upkeep\n|turn|8\n|\n|t:|1776317581\n|move|p2b: Whimsicott|Encore|p1a: Palafin\n|-start|p1a: Palafin|Encore\n|move|p1a: Palafin|Protect||[still]\n|-fail|p1a: Palafin\n|move|p2a: Gengar|Sludge Bomb|p1a: Palafin\n|-damage|p1a: Palafin|34/100\n|\n|-end|p1a: Palafin|Encore\n|-sideend|p1: tmp_axo|move: Tailwind\n|upkeep\n|turn|9\n|\n|t:|1776317596\n|move|p2b: Whimsicott|Encore||[still]\n|-fail|p2b: Whimsicott\n|move|p2a: Gengar|Sludge Bomb|p1a: Palafin\n|-damage|p1a: Palafin|0 fnt\n|faint|p1a: Palafin\n|\n|win|Knull$et\n|raw|tmp_axo's rating: 1054 &rarr; <strong>1041</strong><br />(-13 for losing)\n|raw|Knull$et's rating: 1149 &rarr; <strong>1167</strong><br />(+18 for winning)\n|l|\u2606tmp_axo\n|player|p1|\n",
  "uploadtime": 1776317623,
  "views": 29,
  "formatid": "gen9championsvgc2026regma",
  "rating": 1041,
  "private": 0,
  "password": null
}