{
  "id": "gen9championsvgc2026regma-2588412953",
  "format": "[Gen 9 Champions] VGC 2026 Reg M-A",
  "players": [
    "tf_lecter",
    "OkieDokieSmokie"
  ],
  "log": "|j|\u2606tf_lecter\n|j|\u2606OkieDokieSmokie\n|t:|1776631394\n|gametype|doubles\n|player|p1|tf_lecter|lyra|1163\n|player|p2|OkieDokieSmokie|265|1063\n|gen|9\n|tier|[Gen 9 Champions] VGC 2026 Reg M-A\n|rated|\n|rule|Species Clause: Limit one of each Pok\u00e9mon\n|rule|Item Clause: Limit 1 of each item\n|clearpoke\n|poke|p1|Sneasler, L50, F|\n|poke|p1|Tyranitar, L50, M|\n|poke|p1|Orthworm, L50, M|\n|poke|p1|Archaludon, L50, F|\n|poke|p1|Reuniclus, L50, F|\n|poke|p1|Sinistcha, L50|\n|poke|p2|Incineroar, L50, F|\n|poke|p2|Whimsicott, L50, F|\n|poke|p2|Aerodactyl, L50, M|\n|poke|p2|Garchomp, L50, M|\n|poke|p2|Gallade, L50, M|\n|poke|p2|Chimecho, L50, M|\n|teampreview|4\ntf_lecter rejected open team sheets.\n|inactive|Battle timer is ON: inactive players will automatically lose when time's up. (requested by tf_lecter)\n|\n|t:|1776631427\n|teamsize|p1|4\n|teamsize|p2|4\n|start\n|switch|p1a: Sneasler|Sneasler, L50, F|100/100\n|switch|p1b: Orthworm|Orthworm, L50, M|100/100\n|switch|p2a: Gallade|Gallade, L50, M|100/100\n|switch|p2b: Incineroar|Incineroar, L50, F|100/100\n|-ability|p2b: Incineroar|Intimidate|boost\n|-unboost|p1a: Sneasler|atk|1\n|-unboost|p1b: Orthworm|atk|1\n|turn|1\n|\n|t:|1776631449\n|move|p1a: Sneasler|Fake Out|p2b: Incineroar\n|-damage|p2b: Incineroar|92/100\n|move|p2a: Gallade|Sacred Sword|p1b: Orthworm\n|-supereffective|p1b: Orthworm|1\n|-damage|p1b: Orthworm|6/100\n|cant|p2b: Incineroar|flinch\n|move|p1b: Orthworm|Shed Tail|p1b: Orthworm\n|-fail|p1b: Orthworm|move: Shed Tail|[weak]\n|\n|-heal|p1b: Orthworm|12/100|[from] item: Leftovers\n|upkeep\n|turn|2\n|inactive|tf_lecter has 30 seconds left.\n|\n|t:|1776631476\n|switch|p1a: Sinistcha|Sinistcha, L50|100/100\n|-heal|p1b: Orthworm|37/100|[from] ability: Hospitality|[of] p1a: Sinistcha\n|move|p1b: Orthworm|Protect|p1b: Orthworm\n|-singleturn|p1b: Orthworm|Protect\n|move|p2a: Gallade|Sacred Sword|p1b: Orthworm\n|-activate|p1b: Orthworm|move: Protect\n|move|p2b: Incineroar|Parting Shot|p1a: Sinistcha\n|-unboost|p1a: Sinistcha|atk|1\n|-unboost|p1a: Sinistcha|spa|1\n|\n|t:|1776631492\n|switch|p2b: Chimecho|Chimecho, L50, M|100/100|[from] Parting Shot\n|\n|-heal|p1b: Orthworm|43/100|[from] item: Leftovers\n|upkeep\n|turn|3\n|inactive|OkieDokieSmokie has 30 seconds left.\n|\n|t:|1776631521\n|switch|p2a: Incineroar|Incineroar, L50, F|92/100\n|-ability|p2a: Incineroar|Intimidate|boost\n|-unboost|p1a: Sinistcha|atk|1\n|-unboost|p1b: Orthworm|atk|1\n|switch|p1b: Sneasler|Sneasler, L50, F|100/100\n|detailschange|p2b: Chimecho|Chimecho-Mega, L50, M\n|-mega|p2b: Chimecho|Chimecho|Chimechite\n|move|p1a: Sinistcha|Hex|p2b: Chimecho\n|-supereffective|p2b: Chimecho|1\n|-damage|p2b: Chimecho|64/100\n|move|p2b: Chimecho|Psychic|p1a: Sinistcha\n|-damage|p1a: Sinistcha|19/100\n|\n|upkeep\n|turn|4\n|inactive|tf_lecter has 30 seconds left.\n|inactive|OkieDokieSmokie has 30 seconds left.\n|inactive|OkieDokieSmokie has 20 seconds left.\n|\n|t:|1776631556\n|switch|p1a: Tyranitar|Tyranitar, L50, M|100/100\n|-weather|Sandstorm|[from] ability: Sand Stream|[of] p1a: Tyranitar\n|move|p1b: Sneasler|Fake Out|p2b: Chimecho\n|-resisted|p2b: Chimecho|1\n|-damage|p2b: Chimecho|58/100\n|move|p2a: Incineroar|Flare Blitz|p1a: Tyranitar\n|-resisted|p1a: Tyranitar|1\n|-damage|p1a: Tyranitar|76/100\n|-damage|p2a: Incineroar|83/100|[from] Recoil\n|cant|p2b: Chimecho|flinch\n|\n|-weather|Sandstorm|[upkeep]\n|-damage|p1b: Sneasler|95/100|[from] Sandstorm\n|-damage|p2a: Incineroar|77/100|[from] Sandstorm\n|upkeep\n|turn|5\n|\n|t:|1776631579\n|switch|p1b: Sinistcha|Sinistcha, L50|19/100\n|-heal|p1a: Tyranitar|100/100|[from] ability: Hospitality|[of] p1b: Sinistcha\n|switch|p2a: Garchomp|Garchomp, L50, M|100/100\n|move|p1a: Tyranitar|Protect|p1a: Tyranitar\n|-singleturn|p1a: Tyranitar|Protect\n|move|p2b: Chimecho|Flash Cannon|p1a: Tyranitar\n|-activate|p1a: Tyranitar|move: Protect\n|\n|-weather|Sandstorm|[upkeep]\n|-damage|p1b: Sinistcha|13/100|[from] Sandstorm\n|upkeep\n|turn|6\n|\n|t:|1776631594\n|switch|p1b: Orthworm|Orthworm, L50, M|43/100\n|detailschange|p1a: Tyranitar|Tyranitar-Mega, L50, M\n|-mega|p1a: Tyranitar|Tyranitar|Tyranitarite\n|move|p2a: Garchomp|Earthquake|p1b: Orthworm|[spread] p1a\n|-heal|p1b: Orthworm|68/100|[from] ability: Earth Eater|[of] p2a: Garchomp\n|-immune|p2b: Chimecho|[from] ability: Levitate\n|-supereffective|p1a: Tyranitar|1\n|-damage|p1a: Tyranitar|47/100\n|move|p1a: Tyranitar|Earthquake|p2a: Garchomp|[spread] p2a\n|-heal|p1b: Orthworm|93/100|[from] ability: Earth Eater|[of] p1a: Tyranitar\n|-immune|p2b: Chimecho|[from] ability: Levitate\n|-damage|p2a: Garchomp|70/100\n|move|p2b: Chimecho|Flash Cannon|p1a: Tyranitar\n|-supereffective|p1a: Tyranitar|1\n|-damage|p1a: Tyranitar|0 fnt\n|faint|p1a: Tyranitar\n|\n|-weather|Sandstorm|[upkeep]\n|-heal|p1b: Orthworm|99/100|[from] item: Leftovers\n|upkeep\n|\n|t:|1776631613\n|switch|p1a: Sneasler|Sneasler, L50, F|95/100\n|turn|7\n|\n|t:|1776631623\n|switch|p2a: Incineroar|Incineroar, L50, F|77/100\n|-ability|p2a: Incineroar|Intimidate|boost\n|-unboost|p1a: Sneasler|atk|1\n|-unboost|p1b: Orthworm|atk|1\n|move|p1a: Sneasler|Fake Out|p2a: Incineroar\n|-damage|p2a: Incineroar|68/100\n|move|p2b: Chimecho|Psychic|p1a: Sneasler\n|-supereffective|p1a: Sneasler|2\n|-damage|p1a: Sneasler|0 fnt\n|faint|p1a: Sneasler\n|move|p1b: Orthworm|Shed Tail|p1b: Orthworm\n|-start|p1b: Orthworm|Substitute|[from] move: Shed Tail\n|-damage|p1b: Orthworm|49/100\n|\n|t:|1776631635\n|switch|p1b: Sinistcha|Sinistcha, L50|13/100|[from] Shed Tail\n|\n|-weather|Sandstorm|[upkeep]\n|-damage|p1b: Sinistcha|7/100|[from] Sandstorm\n|-damage|p2a: Incineroar|62/100|[from] Sandstorm\n|upkeep\n|\n|t:|1776631641\n|switch|p1a: Orthworm|Orthworm, L50, M|49/100\n|turn|8\n|\n|t:|1776631651\n|move|p1b: Sinistcha|Matcha Gotcha|p2a: Incineroar|[spread] p2b\n|-miss|p1b: Sinistcha|p2a: Incineroar\n|-resisted|p2b: Chimecho|1\n|-damage|p2b: Chimecho|46/100\n|-heal|p1b: Sinistcha|15/100|[from] drain|[of] p2b: Chimecho\n|-status|p2b: Chimecho|brn\n|move|p2a: Incineroar|Flare Blitz|p1a: Orthworm\n|-supereffective|p1a: Orthworm|1\n|-damage|p1a: Orthworm|0 fnt\n|faint|p1a: Orthworm\n|-damage|p2a: Incineroar|47/100|[from] Recoil\n|-enditem|p2a: Incineroar|Sitrus Berry|[eat]\n|-heal|p2a: Incineroar|72/100|[from] item: Sitrus Berry\n|move|p2b: Chimecho|Psychic|p1b: Sinistcha\n|-end|p1b: Sinistcha|Substitute\n|\n|-weather|none\n|-damage|p2b: Chimecho|40/100 brn|[from] brn\n|upkeep\n|turn|9\n|\n|t:|1776631673\n|move|p1b: Sinistcha|Protect|p1b: Sinistcha\n|-singleturn|p1b: Sinistcha|Protect\n|move|p2a: Incineroar|Darkest Lariat|p1b: Sinistcha\n|-activate|p1b: Sinistcha|move: Protect\n|move|p2b: Chimecho|Psychic|p1b: Sinistcha\n|-activate|p1b: Sinistcha|move: Protect\n|\n|-damage|p2b: Chimecho|33/100 brn|[from] brn\n|upkeep\n|turn|10\n|\n|t:|1776631683\n|move|p1b: Sinistcha|Hex|p2b: Chimecho\n|-supereffective|p2b: Chimecho|1\n|-damage|p2b: Chimecho|0 fnt\n|faint|p2b: Chimecho\n|move|p2a: Incineroar|Darkest Lariat|p1b: Sinistcha\n|-supereffective|p1b: Sinistcha|1\n|-damage|p1b: Sinistcha|0 fnt\n|faint|p1b: Sinistcha\n|\n|win|OkieDokieSmokie\n|raw|tf_lecter's rating: 1163 &rarr; <strong>1131</strong><br />(-32 for losing)\n|raw|OkieDokieSmokie's rating: 1063 &rarr; <strong>1102</strong><br />(+39 for winning)\n|l|\u2606tf_lecter\n|player|p1|\n",
  "uploadtime": 1776631696,
  "views": 29,
  "formatid": "gen9championsvgc2026regma",
  "rating": 1102,
  "private": 0,
  "password": null
}