{
  "id": "gen9championsvgc2026regma-2586072675",
  "format": "[Gen 9 Champions] VGC 2026 Reg M-A",
  "players": [
    "Bread002",
    "ascii_ch"
  ],
  "log": "|j|\u2606Bread002\n|j|\u2606ascii_ch\n|t:|1776396053\n|gametype|doubles\n|player|p1|Bread002|102|1000\n|player|p2|ascii_ch|miku-ghost|1085\n|gen|9\n|tier|[Gen 9 Champions] VGC 2026 Reg M-A\n|rated|\n|rule|Species Clause: Limit one of each Pok\u00e9mon\n|rule|Item Clause: Limit 1 of each item\n|clearpoke\n|poke|p1|Delphox, L50, M|\n|poke|p1|Basculegion, L50, M|\n|poke|p1|Clefable, L50, F|\n|poke|p1|Kingambit, L50, F|\n|poke|p1|Dragonite, L50, F|\n|poke|p1|Sneasler, L50, M|\n|poke|p2|Zoroark-Hisui, L50, F|\n|poke|p2|Chimecho, L50, F|\n|poke|p2|Incineroar, L50, M|\n|poke|p2|Mimikyu, L50, F|\n|poke|p2|Sneasler, L50, F|\n|poke|p2|Rotom-Wash, L50|\n|teampreview|4\n|\n|t:|1776396158\n|teamsize|p1|4\n|teamsize|p2|4\n|start\n|switch|p1a: Kingambit|Kingambit, L50, F|100/100\n|switch|p1b: Clefable|Clefable, L50, F|100/100\n|switch|p2a: Chimecho|Chimecho, L50, F|100/100\n|switch|p2b: Sneasler|Sneasler, L50, F|100/100\n|turn|1\n|\n|t:|1776396221\n|move|p2b: Sneasler|Fake Out|p1a: Kingambit\n|-resisted|p1a: Kingambit|1\n|-damage|p1a: Kingambit|95/100\n|move|p1b: Clefable|Follow Me|p1b: Clefable\n|-singleturn|p1b: Clefable|move: Follow Me\n|move|p2a: Chimecho|Taunt|p1b: Clefable\n|-start|p1b: Clefable|move: Taunt\n|cant|p1a: Kingambit|flinch\n|\n|upkeep\n|turn|2\n|\n|t:|1776396310\n|switch|p1a: Delphox|Delphox, L50, M|100/100\n|move|p2b: Sneasler|Close Combat|p1a: Delphox\n|-resisted|p1a: Delphox|1\n|-damage|p1a: Delphox|50/100\n|-unboost|p2b: Sneasler|def|1\n|-unboost|p2b: Sneasler|spd|1\n|-enditem|p2b: Sneasler|White Herb\n|-clearnegativeboost|p2b: Sneasler|[silent]\n|move|p2a: Chimecho|Icy Wind|p1b: Clefable|[spread] p1a,p1b\n|-resisted|p1a: Delphox|1\n|-damage|p1a: Delphox|42/100\n|-damage|p1b: Clefable|87/100\n|-unboost|p1a: Delphox|spe|1\n|-unboost|p1b: Clefable|spe|1\n|move|p1b: Clefable|Moonblast|p2b: Sneasler\n|-damage|p2b: Sneasler|58/100\n|\n|upkeep\n|turn|3\n|\n|t:|1776396364\n|switch|p1b: Kingambit|Kingambit, L50, F|95/100\n|detailschange|p1a: Delphox|Delphox-Mega, L50, M\n|-mega|p1a: Delphox|Delphox|Delphoxite\n|move|p1a: Delphox|Protect|p1a: Delphox\n|-singleturn|p1a: Delphox|Protect\n|move|p2b: Sneasler|Dire Claw|p1b: Kingambit\n|-immune|p1b: Kingambit\n|move|p2a: Chimecho|Bitter Malice|p1a: Delphox\n|-activate|p1a: Delphox|move: Protect\n|\n|upkeep\n|turn|4\n|\n|t:|1776396427\n|switch|p1b: Basculegion|Basculegion, L50, M|100/100\n|move|p2b: Sneasler|Close Combat|p1b: Basculegion\n|-immune|p1b: Basculegion\n|move|p2a: Chimecho|Bitter Malice|p1a: Delphox\n|-supereffective|p1a: Delphox|1\n|-damage|p1a: Delphox|0 fnt\n|faint|p1a: Delphox\n|\n|upkeep\n|\n|t:|1776396479\n|switch|p1a: Clefable|Clefable, L50, F|87/100\n|turn|5\n|\n|t:|1776396511\n|move|p1a: Clefable|Helping Hand|p1b: Basculegion\n|-singleturn|p1b: Basculegion|Helping Hand|[of] p1a: Clefable\n|move|p2b: Sneasler|Dire Claw|p1a: Clefable\n|-supereffective|p1a: Clefable|1\n|-damage|p1a: Clefable|19/100\n|-enditem|p1a: Clefable|Sitrus Berry|[eat]\n|-heal|p1a: Clefable|44/100|[from] item: Sitrus Berry\n|move|p1b: Basculegion|Last Respects|p2a: Chimecho\n|-immune|p2a: Chimecho\n|move|p2a: Chimecho|Icy Wind|p1b: Basculegion|[spread] p1a,p1b\n|-resisted|p1b: Basculegion|1\n|-damage|p1a: Clefable|30/100\n|-damage|p1b: Basculegion|92/100\n|-unboost|p1a: Clefable|spe|1\n|-unboost|p1b: Basculegion|spe|1\n|\n|upkeep\n|turn|6\n|\n|t:|1776396548\n|switch|p1b: Kingambit|Kingambit, L50, F|95/100\n|move|p1a: Clefable|Protect|p1a: Clefable\n|-singleturn|p1a: Clefable|Protect\n|move|p2b: Sneasler|Close Combat|p1a: Clefable\n|-activate|p1a: Clefable|move: Protect\n|move|p2a: Chimecho|Icy Wind|p1a: Clefable|[spread] p1b\n|-activate|p1a: Clefable|move: Protect\n|-resisted|p1b: Kingambit|1\n|-damage|p1b: Kingambit|89/100\n|-unboost|p1b: Kingambit|spe|1\n|-ability|p1b: Kingambit|Defiant|boost\n|-boost|p1b: Kingambit|atk|2\n|\n|upkeep\n|turn|7\n|\n|t:|1776396570\n|move|p1a: Clefable|Follow Me|p1a: Clefable\n|-singleturn|p1a: Clefable|move: Follow Me\n|move|p2b: Sneasler|Dire Claw|p1a: Clefable\n|-supereffective|p1a: Clefable|1\n|-damage|p1a: Clefable|0 fnt\n|faint|p1a: Clefable\n|move|p2a: Chimecho|Taunt|p1b: Kingambit\n|-start|p1b: Kingambit|move: Taunt\n|move|p1b: Kingambit|Kowtow Cleave|p2a: Chimecho\n|-supereffective|p2a: Chimecho|1\n|-enditem|p2a: Chimecho|Focus Sash\n|-damage|p2a: Chimecho|1/100\n|replace|p2a: Zoroark|Zoroark-Hisui, L50, F\n|-end|p2a: Zoroark|Illusion\n|\n|upkeep\n|\n|t:|1776396584\n|switch|p1a: Basculegion|Basculegion, L50, M|92/100\n|turn|8\n|\n|t:|1776396598\n|move|p1b: Kingambit|Sucker Punch|p2a: Zoroark\n|-supereffective|p2a: Zoroark|1\n|-damage|p2a: Zoroark|0 fnt\n|faint|p2a: Zoroark\n|move|p2b: Sneasler|Close Combat|p1b: Kingambit\n|-supereffective|p1b: Kingambit|2\n|-damage|p1b: Kingambit|0 fnt\n|-unboost|p2b: Sneasler|def|1\n|-unboost|p2b: Sneasler|spd|1\n|faint|p1b: Kingambit\n|move|p1a: Basculegion|Last Respects|p2b: Sneasler\n|-damage|p2b: Sneasler|0 fnt\n|faint|p2b: Sneasler\n|\n|upkeep\n|\n|t:|1776396611\n|switch|p2b: Chimecho|Chimecho, L50, F|100/100\n|switch|p2a: Mimikyu|Mimikyu, L50, F|100/100\n|turn|9\n|\n|t:|1776396623\n|detailschange|p2b: Chimecho|Chimecho-Mega, L50, F\n|-mega|p2b: Chimecho|Chimecho|Chimechite\n|move|p1a: Basculegion|Last Respects|p2a: Mimikyu\n|-activate|p2a: Mimikyu|ability: Disguise\n|-damage|p2a: Mimikyu|100/100\n|detailschange|p2a: Mimikyu|Mimikyu-Busted, L50, F\n|-damage|p2a: Mimikyu|88/100|[from] pokemon: Mimikyu-Busted\n|move|p2a: Mimikyu|Shadow Claw|p1a: Basculegion\n|-supereffective|p1a: Basculegion|1\n|-crit|p1a: Basculegion\n|-damage|p1a: Basculegion|0 fnt\n|faint|p1a: Basculegion\n|\n|win|ascii_ch\n|raw|Bread002's rating: 1000 &rarr; <strong>1000</strong><br />(+0 for losing)\n|raw|ascii_ch's rating: 1085 &rarr; <strong>1106</strong><br />(+21 for winning)\n|l|\u2606Bread002\n|player|p1|\n",
  "uploadtime": 1776396638,
  "views": 22,
  "formatid": "gen9championsvgc2026regma",
  "rating": 1000,
  "private": 0,
  "password": null
}