{
  "id": "gen9championsvgc2026regma-2585872763",
  "format": "[Gen 9 Champions] VGC 2026 Reg M-A",
  "players": [
    "deinemuddaruftdich",
    "ItzXeroo"
  ],
  "log": "|j|\u2606deinemuddaruftdich\n|j|\u2606ItzXeroo\n|t:|1776377291\n|gametype|doubles\n|player|p1|deinemuddaruftdich|fisherman-gen4|1313\n|player|p2|ItzXeroo|n|1328\n|gen|9\n|tier|[Gen 9 Champions] VGC 2026 Reg M-A\n|rated|\n|rule|Species Clause: Limit one of each Pok\u00e9mon\n|rule|Item Clause: Limit 1 of each item\n|clearpoke\n|poke|p1|Slowbro, L50, F|\n|poke|p1|Sinistcha, L50|\n|poke|p1|Incineroar, L50, F|\n|poke|p1|Basculegion, L50, M|\n|poke|p1|Primarina, L50, M|\n|poke|p1|Sneasler, L50, M|\n|poke|p2|Dragapult, L50, F|\n|poke|p2|Maushold, L50|\n|poke|p2|Kingambit, L50, F|\n|poke|p2|Charizard, L50, M|\n|poke|p2|Sneasler, L50, M|\n|poke|p2|Garchomp, L50, F|\n|teampreview|4\n|inactive|Battle timer is ON: inactive players will automatically lose when time's up. (requested by deinemuddaruftdich)\n|inactive|deinemuddaruftdich has 60 seconds left.\n|\n|t:|1776377348\n|teamsize|p1|4\n|teamsize|p2|4\n|start\n|switch|p1a: Slowbro|Slowbro, L50, F|100/100\n|switch|p1b: Sneasler|Sneasler, L50, M|100/100\n|switch|p2a: Kingambit|Kingambit, L50, F, shiny|100/100\n|switch|p2b: Charizard|Charizard, L50, M, shiny|100/100\n|turn|1\n|\n|t:|1776377368\n|detailschange|p2b: Charizard|Charizard-Mega-Y, L50, M, shiny\n|-mega|p2b: Charizard|Charizard|Charizardite Y\n|-weather|SunnyDay|[from] ability: Drought|[of] p2b: Charizard\n|detailschange|p1a: Slowbro|Slowbro-Mega, L50, F\n|-mega|p1a: Slowbro|Slowbro|Slowbronite\n|move|p2a: Kingambit|Protect|p2a: Kingambit\n|-singleturn|p2a: Kingambit|Protect\n|move|p1b: Sneasler|Fake Out|p2b: Charizard\n|-damage|p2b: Charizard|84/100\n|-status|p2b: Charizard|psn|[from] ability: Poison Touch|[of] p1b: Sneasler\n|cant|p2b: Charizard|flinch\n|move|p1a: Slowbro|Iron Defense|p1a: Slowbro\n|-boost|p1a: Slowbro|def|2\n|\n|-weather|SunnyDay|[upkeep]\n|-damage|p2b: Charizard|72/100 psn|[from] psn\n|upkeep\n|turn|2\n|inactive|deinemuddaruftdich has 30 seconds left.\n|inactive|ItzXeroo has 30 seconds left.\n|\n|t:|1776377397\n|move|p1b: Sneasler|U-turn|p2a: Kingambit\n|-crit|p2a: Kingambit\n|-damage|p2a: Kingambit|72/100\n|\n|t:|1776377409\n|switch|p1b: Incineroar|Incineroar, L50, F|100/100|[from] U-turn\n|-ability|p1b: Incineroar|Intimidate|boost\n|-unboost|p2a: Kingambit|atk|1\n|-ability|p2a: Kingambit|Defiant|boost\n|-boost|p2a: Kingambit|atk|2\n|-unboost|p2b: Charizard|atk|1\n|move|p2b: Charizard|Heat Wave|p1b: Incineroar|[spread] p1a,p1b\n|-resisted|p1a: Slowbro|1\n|-resisted|p1b: Incineroar|1\n|-damage|p1a: Slowbro|75/100\n|-damage|p1b: Incineroar|75/100\n|move|p2a: Kingambit|Kowtow Cleave|p1a: Slowbro\n|-supereffective|p1a: Slowbro|1\n|-damage|p1a: Slowbro|27/100\n|move|p1a: Slowbro|Amnesia|p1a: Slowbro\n|-boost|p1a: Slowbro|spd|2\n|\n|-weather|SunnyDay|[upkeep]\n|-damage|p2b: Charizard|60/100 psn|[from] psn\n|upkeep\n|turn|3\n|inactive|deinemuddaruftdich has 30 seconds left.\n|inactive|ItzXeroo has 30 seconds left.\n|inactive|deinemuddaruftdich has 20 seconds left.\n|inactive|deinemuddaruftdich has 15 seconds left.\n|\n|t:|1776377450\n|switch|p2b: Sneasler|Sneasler, L50, M|100/100\n|move|p2a: Kingambit|Protect|p2a: Kingambit\n|-singleturn|p2a: Kingambit|Protect\n|move|p1b: Incineroar|Will-O-Wisp|p2a: Kingambit\n|-activate|p2a: Kingambit|move: Protect\n|move|p1a: Slowbro|Amnesia|p1a: Slowbro\n|-boost|p1a: Slowbro|spd|2\n|\n|-weather|SunnyDay|[upkeep]\n|upkeep\n|turn|4\n|\n|t:|1776377465\n|switch|p1b: Sinistcha|Sinistcha, L50|100/100\n|-heal|p1a: Slowbro|51/100|[from] ability: Hospitality|[of] p1b: Sinistcha\n|move|p2b: Sneasler|Close Combat|p1b: Sinistcha\n|-immune|p1b: Sinistcha\n|move|p2a: Kingambit|Kowtow Cleave|p1a: Slowbro\n|-supereffective|p1a: Slowbro|1\n|-damage|p1a: Slowbro|3/100\n|move|p1a: Slowbro|Iron Defense|p1a: Slowbro\n|-boost|p1a: Slowbro|def|2\n|\n|-weather|SunnyDay|[upkeep]\n|upkeep\n|turn|5\n|inactive|deinemuddaruftdich has 30 seconds left.\n|inactive|deinemuddaruftdich has 20 seconds left.\n|\n|t:|1776377502\n|switch|p1b: Incineroar|Incineroar, L50, F|75/100\n|-ability|p1b: Incineroar|Intimidate|boost\n|-unboost|p2a: Kingambit|atk|1\n|-ability|p2a: Kingambit|Defiant|boost\n|-boost|p2a: Kingambit|atk|2\n|-unboost|p2b: Sneasler|atk|1\n|move|p2b: Sneasler|Dire Claw|p1a: Slowbro\n|-damage|p1a: Slowbro|0 fnt\n|faint|p1a: Slowbro\n|move|p2a: Kingambit|Kowtow Cleave|p1b: Incineroar\n|-resisted|p1b: Incineroar|1\n|-damage|p1b: Incineroar|26/100\n|-enditem|p1b: Incineroar|Sitrus Berry|[eat]\n|-heal|p1b: Incineroar|51/100|[from] item: Sitrus Berry\n|\n|-weather|none\n|upkeep\n|-message|deinemuddaruftdich forfeited.\n|\n|win|ItzXeroo\n|raw|deinemuddaruftdich's rating: 1313 &rarr; <strong>1294</strong><br />(-19 for losing)\n|raw|ItzXeroo's rating: 1328 &rarr; <strong>1347</strong><br />(+19 for winning)\n",
  "uploadtime": 1776377513,
  "views": 26,
  "formatid": "gen9championsvgc2026regma",
  "rating": 1294,
  "private": 0,
  "password": null
}