{
  "id": "gen9championsvgc2026regma-2587656035",
  "format": "[Gen 9 Champions] VGC 2026 Reg M-A",
  "players": [
    "luisito_guima",
    "Jeazoal"
  ],
  "log": "|j|\u2606luisito_guima\n|j|\u2606Jeazoal\n|t:|1776550936\n|gametype|doubles\n|player|p1|luisito_guima|cynthia|1207\n|player|p2|Jeazoal|pokemonranger-gen4|1121\n|gen|9\n|tier|[Gen 9 Champions] VGC 2026 Reg M-A\n|rated|\n|rule|Species Clause: Limit one of each Pok\u00e9mon\n|rule|Item Clause: Limit 1 of each item\n|clearpoke\n|poke|p1|Lopunny, L50, M|\n|poke|p1|Venusaur, L50, M|\n|poke|p1|Incineroar, L50, M|\n|poke|p1|Rotom-Wash, L50|\n|poke|p1|Gardevoir, L50, F|\n|poke|p1|Garchomp, L50, M|\n|poke|p2|Pelipper, L50, F|\n|poke|p2|Basculegion, L50, M|\n|poke|p2|Archaludon, L50, M|\n|poke|p2|Sinistcha, L50|\n|poke|p2|Dragonite, L50, M|\n|poke|p2|Sneasler, L50, F|\n|teampreview|4\nJeazoal rejected open team sheets.\n|\n|t:|1776550968\n|teamsize|p1|4\n|teamsize|p2|4\n|start\n|switch|p1a: Rotom|Rotom-Wash, L50|100/100\n|switch|p1b: Lopunny|Lopunny, L50, M|100/100\n|switch|p2a: Pelipper|Pelipper, L50, F|100/100\n|switch|p2b: Archaludon|Archaludon, L50, M|100/100\n|-weather|RainDance|[from] ability: Drizzle|[of] p2a: Pelipper\n|turn|1\n|\n|t:|1776550988\n|detailschange|p1b: Lopunny|Lopunny-Mega, L50, M\n|-mega|p1b: Lopunny|Lopunny|Lopunnite\n|move|p2a: Pelipper|Protect|p2a: Pelipper\n|-singleturn|p2a: Pelipper|Protect\n|move|p1b: Lopunny|Close Combat|p2b: Archaludon\n|-supereffective|p2b: Archaludon|1\n|-damage|p2b: Archaludon|0 fnt\n|-unboost|p1b: Lopunny|def|1\n|-unboost|p1b: Lopunny|spd|1\n|faint|p2b: Archaludon\n|move|p1a: Rotom|Thunderbolt|p2a: Pelipper\n|-activate|p2a: Pelipper|move: Protect\n|\n|-weather|RainDance|[upkeep]\n|upkeep\n|\n|t:|1776551000\n|switch|p2b: Basculegion|Basculegion, L50, M|100/100\n|turn|2\n|\n|t:|1776551023\n|move|p2b: Basculegion|Protect|p2b: Basculegion\n|-singleturn|p2b: Basculegion|Protect\n|move|p1b: Lopunny|Protect|p1b: Lopunny\n|-singleturn|p1b: Lopunny|Protect\n|move|p1a: Rotom|Will-O-Wisp|p2b: Basculegion\n|-activate|p2b: Basculegion|move: Protect\n|move|p2a: Pelipper|Hurricane|p1b: Lopunny\n|-activate|p1b: Lopunny|move: Protect\n|\n|-weather|RainDance|[upkeep]\n|upkeep\n|turn|3\n|\n|t:|1776551038\n|switch|p2b: Sinistcha|Sinistcha, L50|100/100\n|switch|p1b: Garchomp|Garchomp, L50, M|100/100\n|move|p1a: Rotom|Thunderbolt|p2a: Pelipper\n|-supereffective|p2a: Pelipper|2\n|-enditem|p2a: Pelipper|Focus Sash\n|-damage|p2a: Pelipper|1/100\n|move|p2a: Pelipper|Hurricane|p1b: Garchomp\n|-damage|p1b: Garchomp|41/100\n|-start|p1b: Garchomp|confusion\n|\n|-weather|RainDance|[upkeep]\n|-heal|p1b: Garchomp|47/100|[from] item: Leftovers\n|upkeep\n|turn|4\n|\n|t:|1776551057\n|move|p2b: Sinistcha|Rage Powder|p2b: Sinistcha\n|-singleturn|p2b: Sinistcha|move: Rage Powder\n|-activate|p1b: Garchomp|confusion\n|move|p1b: Garchomp|Dragon Claw|p2b: Sinistcha\n|-damage|p2b: Sinistcha|62/100\n|move|p1a: Rotom|Thunderbolt|p2b: Sinistcha\n|-resisted|p2b: Sinistcha|1\n|-damage|p2b: Sinistcha|48/100\n|-enditem|p2b: Sinistcha|Sitrus Berry|[eat]\n|-heal|p2b: Sinistcha|72/100|[from] item: Sitrus Berry\n|move|p2a: Pelipper|Hurricane|p1b: Garchomp\n|-damage|p1b: Garchomp|0 fnt\n|faint|p1b: Garchomp\n|\n|-weather|RainDance|[upkeep]\n|upkeep\n|\n|t:|1776551071\n|switch|p1b: Gardevoir|Gardevoir, L50, F|100/100\n|turn|5\n|\n|t:|1776551086\n|move|p2a: Pelipper|Protect|p2a: Pelipper\n|-singleturn|p2a: Pelipper|Protect\n|move|p1b: Gardevoir|Psychic|p2b: Sinistcha\n|-damage|p2b: Sinistcha|25/100\n|move|p1a: Rotom|Hydro Pump|p2b: Sinistcha\n|-resisted|p2b: Sinistcha|1\n|-damage|p2b: Sinistcha|0 fnt\n|faint|p2b: Sinistcha\n|\n|-weather|none\n|upkeep\n|\n|t:|1776551095\n|switch|p2b: Basculegion|Basculegion, L50, M|100/100\n|turn|6\n|\n|t:|1776551104\n|move|p1b: Gardevoir|Protect|p1b: Gardevoir\n|-singleturn|p1b: Gardevoir|Protect\n|move|p1a: Rotom|Will-O-Wisp|p2b: Basculegion\n|-status|p2b: Basculegion|brn\n|move|p2b: Basculegion|Last Respects|p1b: Gardevoir\n|-activate|p1b: Gardevoir|move: Protect\n|move|p2a: Pelipper|Hurricane|p1b: Gardevoir\n|-activate|p1b: Gardevoir|move: Protect\n|\n|-damage|p2b: Basculegion|94/100 brn|[from] brn\n|upkeep\n|turn|7\n|\n|t:|1776551125\n|move|p2a: Pelipper|Protect|p2a: Pelipper\n|-singleturn|p2a: Pelipper|Protect\n|move|p1b: Gardevoir|Psychic|p2a: Pelipper\n|-activate|p2a: Pelipper|move: Protect\n|move|p1a: Rotom|Thunderbolt|p2b: Basculegion\n|-supereffective|p2b: Basculegion|1\n|-damage|p2b: Basculegion|20/100 brn\n|move|p2b: Basculegion|Last Respects|p1b: Gardevoir\n|-supereffective|p1b: Gardevoir|1\n|-damage|p1b: Gardevoir|0 fnt\n|faint|p1b: Gardevoir\n|\n|-damage|p2b: Basculegion|14/100 brn|[from] brn\n|upkeep\n|\n|t:|1776551135\n|switch|p1b: Lopunny|Lopunny-Mega, L50, M|100/100\n|turn|8\n|\n|t:|1776551147\n|move|p2b: Basculegion|Protect|p2b: Basculegion\n|-singleturn|p2b: Basculegion|Protect\n|move|p1b: Lopunny|Fake Out|p2b: Basculegion\n|-activate|p2b: Basculegion|move: Protect\n|move|p1a: Rotom|Thunderbolt|p2a: Pelipper\n|-supereffective|p2a: Pelipper|2\n|-damage|p2a: Pelipper|0 fnt\n|faint|p2a: Pelipper\n|\n|-damage|p2b: Basculegion|8/100 brn|[from] brn\n|upkeep\n|turn|9\n|\n|t:|1776551159\n|move|p2b: Basculegion|Aqua Jet|p1a: Rotom\n|-resisted|p1a: Rotom|1\n|-crit|p1a: Rotom\n|-damage|p1a: Rotom|93/100\n|move|p1b: Lopunny|Close Combat|p2b: Basculegion\n|-damage|p2b: Basculegion|0 fnt\n|-unboost|p1b: Lopunny|def|1\n|-unboost|p1b: Lopunny|spd|1\n|faint|p2b: Basculegion\n|\n|win|luisito_guima\n|raw|luisito_guima's rating: 1207 &rarr; <strong>1226</strong><br />(+19 for winning)\n|raw|Jeazoal's rating: 1121 &rarr; <strong>1102</strong><br />(-19 for losing)\n|l|\u2606luisito_guima\n|player|p1|\n",
  "uploadtime": 1776551173,
  "views": 18,
  "formatid": "gen9championsvgc2026regma",
  "rating": 1102,
  "private": 0,
  "password": null
}