{
  "id": "gen9championsvgc2026regma-2587648821",
  "format": "[Gen 9 Champions] VGC 2026 Reg M-A",
  "players": [
    "FallenTurtlle",
    "Alexander 365"
  ],
  "log": "|j|\u2606FallenTurtlle\n|j|\u2606Alexander 365\n|t:|1776550277\n|gametype|doubles\n|player|p1|FallenTurtlle|serena|1255\n|player|p2|Alexander 365|hilbert|1289\n|gen|9\n|tier|[Gen 9 Champions] VGC 2026 Reg M-A\n|rated|\n|rule|Species Clause: Limit one of each Pok\u00e9mon\n|rule|Item Clause: Limit 1 of each item\n|clearpoke\n|poke|p1|Mamoswine, L50, M|\n|poke|p1|Aerodactyl, L50, M|\n|poke|p1|Incineroar, L50, F|\n|poke|p1|Meganium, L50, M, shiny|\n|poke|p1|Pelipper, L50, M|\n|poke|p1|Heliolisk, L50, F, shiny|\n|poke|p2|Greninja, L50, M|\n|poke|p2|Dragapult, L50, M|\n|poke|p2|Sneasler, L50, M|\n|poke|p2|Tsareena, L50, F|\n|poke|p2|Tyranitar, L50, M|\n|poke|p2|Excadrill, L50, M|\n|teampreview|4\n|inactive|Battle timer is ON: inactive players will automatically lose when time's up. (requested by Alexander 365)\n|inactive|FallenTurtlle has 60 seconds left.\n|inactive|Alexander 365 has 60 seconds left.\n|\n|t:|1776550325\n|teamsize|p1|4\n|teamsize|p2|4\n|start\n|switch|p1a: Aerodactyl|Aerodactyl, L50, M|100/100\n|switch|p1b: Mamoswine|Mamoswine, L50, M|100/100\n|switch|p2a: Greninja|Greninja, L50, M|100/100\n|switch|p2b: Tsareena|Tsareena, L50, F|100/100\n|-ability|p1a: Aerodactyl|Unnerve\n|turn|1\n|\n|t:|1776550358\n|detailschange|p2a: Greninja|Greninja-Mega, L50, M\n|-mega|p2a: Greninja|Greninja|Greninjite\n|move|p1a: Aerodactyl|Tailwind|p1a: Aerodactyl\n|-sidestart|p1: FallenTurtlle|move: Tailwind\n|move|p1b: Mamoswine|Icicle Crash|p2b: Tsareena\n|-supereffective|p2b: Tsareena|1\n|-damage|p2b: Tsareena|0 fnt\n|faint|p2b: Tsareena\n|move|p2a: Greninja|Hydro Pump|p1b: Mamoswine\n|-start|p2a: Greninja|typechange|Water|[from] ability: Protean\n|-supereffective|p1b: Mamoswine|1\n|-damage|p1b: Mamoswine|0 fnt\n|faint|p1b: Mamoswine\n|\n|upkeep\n|\n|t:|1776550374\n|switch|p2b: Sneasler|Sneasler, L50, M|100/100\n|switch|p1b: Incineroar|Incineroar, L50, F|100/100\n|-ability|p1b: Incineroar|Intimidate|boost\n|-unboost|p2a: Greninja|atk|1\n|-unboost|p2b: Sneasler|atk|1\n|-enditem|p2b: Sneasler|White Herb\n|-clearnegativeboost|p2b: Sneasler|[silent]\n|turn|2\n|\n|t:|1776550383\n|move|p1a: Aerodactyl|Protect|p1a: Aerodactyl\n|-singleturn|p1a: Aerodactyl|Protect\n|move|p2b: Sneasler|Fake Out|p1b: Incineroar\n|-damage|p1b: Incineroar|88/100\n|cant|p1b: Incineroar|flinch\n|move|p2a: Greninja|Hydro Pump|p1b: Incineroar|[miss]\n|-miss|p2a: Greninja|p1b: Incineroar\n|\n|-heal|p1b: Incineroar|94/100|[from] item: Leftovers\n|upkeep\n|turn|3\n|\n|t:|1776550397\n|switch|p2b: Excadrill|Excadrill, L50, M|100/100\n|move|p1a: Aerodactyl|Dual Wingbeat|p2b: Excadrill\n|-resisted|p2b: Excadrill|1\n|-damage|p2b: Excadrill|88/100\n|-resisted|p2b: Excadrill|1\n|-damage|p2b: Excadrill|76/100\n|-hitcount|p2b: Excadrill|2\n|move|p2a: Greninja|Hydro Pump|p1b: Incineroar\n|-supereffective|p1b: Incineroar|1\n|-damage|p1b: Incineroar|0 fnt\n|faint|p1b: Incineroar\n|\n|upkeep\n|\n|t:|1776550401\n|switch|p1b: Pelipper|Pelipper, L50, M|100/100\n|-weather|RainDance|[from] ability: Drizzle|[of] p1b: Pelipper\n|turn|4\n|\n|t:|1776550419\n|move|p2a: Greninja|Protect|p2a: Greninja\n|-singleturn|p2a: Greninja|Protect\n|move|p2b: Excadrill|Protect|p2b: Excadrill\n|-singleturn|p2b: Excadrill|Protect\n|move|p1a: Aerodactyl|Dual Wingbeat|p2a: Greninja\n|-activate|p2a: Greninja|move: Protect\n|move|p1b: Pelipper|Weather Ball|p2b: Excadrill\n|-activate|p2b: Excadrill|move: Protect\n|\n|-weather|RainDance|[upkeep]\n|-sideend|p1: FallenTurtlle|move: Tailwind\n|upkeep\n|turn|5\n|\n|t:|1776550434\n|move|p1b: Pelipper|Wide Guard|p1b: Pelipper\n|-singleturn|p1b: Pelipper|Wide Guard\n|move|p1a: Aerodactyl|Tailwind|p1a: Aerodactyl\n|-sidestart|p1: FallenTurtlle|move: Tailwind\n|move|p2a: Greninja|Ice Beam|p1a: Aerodactyl\n|-supereffective|p1a: Aerodactyl|1\n|-enditem|p1a: Aerodactyl|Focus Sash\n|-damage|p1a: Aerodactyl|1/100\n|move|p2b: Excadrill|Rock Slide|p1b: Pelipper|[spread] \n|-activate|p1a: Aerodactyl|move: Wide Guard\n|-activate|p1b: Pelipper|move: Wide Guard\n|\n|-weather|RainDance|[upkeep]\n|upkeep\n|turn|6\n|inactive|Alexander 365 has 30 seconds left.\n|\n|t:|1776550464\n|move|p1a: Aerodactyl|Rock Slide|p2b: Excadrill|[spread] p2a,p2b\n|-resisted|p2b: Excadrill|2\n|-damage|p2a: Greninja|62/100\n|-damage|p2b: Excadrill|68/100\n|cant|p2a: Greninja|flinch\n|move|p1b: Pelipper|Weather Ball|p2b: Excadrill\n|-supereffective|p2b: Excadrill|1\n|-damage|p2b: Excadrill|0 fnt\n|faint|p2b: Excadrill\n|\n|-weather|RainDance|[upkeep]\n|upkeep\n|\n|t:|1776550471\n|switch|p2b: Sneasler|Sneasler, L50, M|100/100\n|turn|7\n|\n|t:|1776550486\n|move|p1a: Aerodactyl|Protect|p1a: Aerodactyl\n|-singleturn|p1a: Aerodactyl|Protect\n|move|p2a: Greninja|Hydro Pump|p1b: Pelipper\n|-resisted|p1b: Pelipper|1\n|-damage|p1b: Pelipper|25/100\n|-enditem|p1b: Pelipper|Sitrus Berry|[eat]\n|-heal|p1b: Pelipper|50/100|[from] item: Sitrus Berry\n|move|p2b: Sneasler|Dire Claw|p1b: Pelipper\n|-damage|p1b: Pelipper|8/100\n|move|p1b: Pelipper|Hurricane|p2a: Greninja\n|-damage|p2a: Greninja|0 fnt\n|faint|p2a: Greninja\n|\n|-weather|RainDance|[upkeep]\n|upkeep\n|turn|8\n|\n|t:|1776550501\n|move|p1a: Aerodactyl|Dual Wingbeat|p2b: Sneasler\n|-supereffective|p2b: Sneasler|1\n|-damage|p2b: Sneasler|38/100\n|-supereffective|p2b: Sneasler|1\n|-damage|p2b: Sneasler|0 fnt\n|faint|p2b: Sneasler\n|-hitcount|p2: Sneasler|2\n|\n|win|FallenTurtlle\n|raw|FallenTurtlle's rating: 1255 &rarr; <strong>1282</strong><br />(+27 for winning)\n|raw|Alexander 365's rating: 1289 &rarr; <strong>1262</strong><br />(-27 for losing)\n",
  "uploadtime": 1776550501,
  "views": 23,
  "formatid": "gen9championsvgc2026regma",
  "rating": 1262,
  "private": 0,
  "password": null
}