{
  "id": "gen9championsvgc2026regma-2583733438",
  "format": "[Gen 9 Champions] VGC 2026 Reg M-A",
  "players": [
    "Stouterd",
    "asdasdffffd"
  ],
  "log": "|j|\u2606Stouterd\n|j|\u2606asdasdffffd\n|t:|1776194003\n|gametype|doubles\n|player|p1|Stouterd|lucas|1000\n|player|p2|asdasdffffd|acetrainer-gen4dp|1076\n|gen|9\n|tier|[Gen 9 Champions] VGC 2026 Reg M-A\n|rated|\n|rule|Species Clause: Limit one of each Pok\u00e9mon\n|rule|Item Clause: Limit 1 of each item\n|clearpoke\n|poke|p1|Feraligatr, L50, F|\n|poke|p1|Tinkaton, L50, F|\n|poke|p1|Incineroar, L50, F|\n|poke|p1|Farigiraf, L50, M|\n|poke|p1|Gengar, L50, F|\n|poke|p1|Decidueye-Hisui, L50, M|\n|poke|p2|Alakazam, L50, F|\n|poke|p2|Meowstic, L50, M|\n|poke|p2|Espeon, L50, F|\n|poke|p2|Gallade, L50, M|\n|poke|p2|Aegislash, L50, M|\n|poke|p2|Abomasnow, L50, F|\n|teampreview|4\n|inactive|Battle timer is ON: inactive players will automatically lose when time's up. (requested by Stouterd)\n|inactive|Stouterd has 60 seconds left.\n|\n|t:|1776194048\n|teamsize|p1|4\n|teamsize|p2|4\n|start\n|switch|p1a: Gengar|Gengar, L50, F, shiny|100/100\n|switch|p1b: Incineroar|Incineroar, L50, F, shiny|100/100\n|switch|p2a: Alakazam|Alakazam, L50, F|100/100\n|switch|p2b: Meowstic|Meowstic, L50, M|100/100\n|-ability|p1b: Incineroar|Intimidate|boost\n|-unboost|p2a: Alakazam|atk|1\n|-unboost|p2b: Meowstic|atk|1\n|turn|1\n|inactive|Stouterd has 30 seconds left.\n|inactive|asdasdffffd has 30 seconds left.\n|inactive|asdasdffffd has 20 seconds left.\n|inactive|asdasdffffd has 15 seconds left.\n|inactive|asdasdffffd has 10 seconds left.\n|\n|t:|1776194093\n|detailschange|p2a: Alakazam|Alakazam-Mega, L50, F\n|-mega|p2a: Alakazam|Alakazam|Alakazite\n|-ability|p2a: Alakazam|Intimidate|Trace|[from] ability: Trace|[of] p1b: Incineroar\n|-ability|p2a: Alakazam|Intimidate|boost\n|-unboost|p1a: Gengar|atk|1\n|-unboost|p1b: Incineroar|atk|1\n|detailschange|p1a: Gengar|Gengar-Mega, L50, F, shiny\n|-mega|p1a: Gengar|Gengar|Gengarite\n|move|p2b: Meowstic|Fake Out|p1b: Incineroar\n|-damage|p1b: Incineroar|98/100\n|cant|p1b: Incineroar|flinch\n|move|p2a: Alakazam|Expanding Force|p1a: Gengar\n|-supereffective|p1a: Gengar|1\n|-damage|p1a: Gengar|3/100\n|move|p1a: Gengar|Perish Song|p1a: Gengar\n|-start|p1a: Gengar|perish3|[silent]\n|-start|p1b: Incineroar|perish3|[silent]\n|-start|p2a: Alakazam|perish3|[silent]\n|-start|p2b: Meowstic|perish3|[silent]\n|-fieldactivate|move: Perish Song\n|\n|-heal|p1b: Incineroar|100/100|[from] item: Leftovers\n|-start|p2a: Alakazam|perish3\n|-start|p1a: Gengar|perish3\n|-start|p2b: Meowstic|perish3\n|-start|p1b: Incineroar|perish3\n|upkeep\n|turn|2\n|inactive|Stouterd has 30 seconds left.\n|inactive|asdasdffffd has 30 seconds left.\n|inactive|Stouterd has 20 seconds left.\n|inactive|Stouterd has 15 seconds left.\n|\n|t:|1776194136\n|switch|p1a: Farigiraf|Farigiraf, L50, M, shiny|100/100\n|move|p2b: Meowstic|Psychic Terrain|p2b: Meowstic\n|-fieldstart|move: Psychic Terrain\n|move|p2a: Alakazam|Dazzling Gleam|p1b: Incineroar|[spread] p1a,p1b\n|-damage|p1a: Farigiraf|80/100\n|-damage|p1b: Incineroar|76/100\n|move|p1b: Incineroar|Parting Shot|p2a: Alakazam\n|-unboost|p2a: Alakazam|atk|1\n|-unboost|p2a: Alakazam|spa|1\n|\n|t:|1776194144\n|switch|p1b: Gengar|Gengar-Mega, L50, F, shiny|3/100|[from] Parting Shot\n|\n|-start|p2a: Alakazam|perish2\n|-start|p2b: Meowstic|perish2\n|upkeep\n|turn|3\n|inactive|Stouterd has 30 seconds left.\n|\n|t:|1776194170\n|switch|p1a: Incineroar|Incineroar, L50, F, shiny|76/100\n|-ability|p1a: Incineroar|Intimidate|boost\n|-unboost|p2a: Alakazam|atk|1\n|-unboost|p2b: Meowstic|atk|1\n|move|p1b: Gengar|Protect|p1b: Gengar\n|-singleturn|p1b: Gengar|Protect\n|move|p2a: Alakazam|Expanding Force|p1b: Gengar|[spread] \n|-activate|p1b: Gengar|move: Protect\n|-immune|p1a: Incineroar\n|move|p2b: Meowstic|Dark Pulse|p1a: Incineroar\n|-resisted|p1a: Incineroar|1\n|-damage|p1a: Incineroar|67/100\n|\n|-heal|p1a: Incineroar|73/100|[from] item: Leftovers\n|-start|p2a: Alakazam|perish1\n|-start|p2b: Meowstic|perish1\n|upkeep\n|turn|4\n|inactive|Stouterd has 30 seconds left.\n|inactive|asdasdffffd has 30 seconds left.\n|\n|t:|1776194201\n|switch|p1b: Farigiraf|Farigiraf, L50, M, shiny|80/100\n|move|p2b: Meowstic|Thunder Wave||[still]\n|cant|p1b: Farigiraf|ability: Armor Tail|Thunder Wave|[of] p2b: Meowstic\n|move|p2a: Alakazam|Dazzling Gleam|p1b: Farigiraf|[spread] p1a,p1b\n|-damage|p1a: Incineroar|57/100\n|-damage|p1b: Farigiraf|65/100\n|move|p1a: Incineroar|Parting Shot|p2b: Meowstic\n|-unboost|p2b: Meowstic|atk|1\n|-unboost|p2b: Meowstic|spa|1\n|\n|t:|1776194211\n|switch|p1a: Gengar|Gengar-Mega, L50, F, shiny|3/100|[from] Parting Shot\n|\n|-start|p2a: Alakazam|perish0\n|-start|p2b: Meowstic|perish0\n|faint|p2a: Alakazam\n|faint|p2b: Meowstic\n|upkeep\n|\n|t:|1776194218\n|switch|p2a: Espeon|Espeon, L50, F|100/100\n|switch|p2b: Gallade|Gallade, L50, M|100/100\n|turn|5\n|inactive|Stouterd has 30 seconds left.\n|inactive|asdasdffffd has 30 seconds left.\n|\n|t:|1776194246\n|switch|p1a: Incineroar|Incineroar, L50, F, shiny|57/100\n|-ability|p1a: Incineroar|Intimidate|boost\n|-unboost|p2a: Espeon|atk|1\n|-unboost|p2b: Gallade|atk|1\n|move|p2a: Espeon|Alluring Voice|p1b: Farigiraf\n|-damage|p1b: Farigiraf|44/100\n|-enditem|p1b: Farigiraf|Sitrus Berry|[eat]\n|-heal|p1b: Farigiraf|69/100|[from] item: Sitrus Berry\n|move|p2b: Gallade|Sacred Sword|p1a: Incineroar\n|-supereffective|p1a: Incineroar|1\n|-damage|p1a: Incineroar|0 fnt\n|faint|p1a: Incineroar\n|move|p1b: Farigiraf|Hyper Voice|p2b: Gallade|[spread] p2a,p2b\n|-damage|p2a: Espeon|69/100\n|-damage|p2b: Gallade|72/100\n|\n|upkeep\n|\n|t:|1776194263\n|switch|p1a: Tinkaton|Tinkaton, L50, F|100/100\n|turn|6\n|\n|t:|1776194280\n|move|p2a: Espeon|Expanding Force|p1b: Farigiraf|[spread] p1a,p1b\n|-resisted|p1a: Tinkaton|1\n|-resisted|p1b: Farigiraf|1\n|-damage|p1a: Tinkaton|67/100\n|-damage|p1b: Farigiraf|38/100\n|move|p1a: Tinkaton|Gigaton Hammer|p2a: Espeon\n|-damage|p2a: Espeon|0 fnt\n|faint|p2a: Espeon\n|move|p2b: Gallade|Sacred Sword|p1b: Farigiraf\n|-damage|p1b: Farigiraf|0 fnt\n|faint|p1b: Farigiraf\n|\n|-fieldend|move: Psychic Terrain\n|upkeep\n|\n|t:|1776194290\n|switch|p1b: Gengar|Gengar-Mega, L50, F, shiny|3/100\n|turn|7\n|\n|t:|1776194301\n|move|p1b: Gengar|Shadow Ball|p2b: Gallade\n|-supereffective|p2b: Gallade|1\n|-crit|p2b: Gallade\n|-damage|p2b: Gallade|0 fnt\n|faint|p2b: Gallade\n|\n|win|Stouterd\n|raw|Stouterd's rating: 1000 &rarr; <strong>1049</strong><br />(+49 for winning)\n|raw|asdasdffffd's rating: 1076 &rarr; <strong>1050</strong><br />(-26 for losing)\n|l|\u2606asdasdffffd\n|player|p2|\n",
  "uploadtime": 1776195114,
  "views": 17,
  "formatid": "gen9championsvgc2026regma",
  "rating": 1049,
  "private": 0,
  "password": null
}