{
  "id": "gen9championsvgc2026regma-2581289969",
  "format": "[Gen 9 Champions] VGC 2026 Reg M-A",
  "players": [
    "mimik_14",
    "JasmineThia"
  ],
  "log": "|j|\u2606mimik_14\n|j|\u2606JasmineThia\n|t:|1775982000\n|gametype|doubles\n|player|p1|mimik_14|marshal|1190\n|player|p2|JasmineThia|selene-masters2|1141\n|gen|9\n|tier|[Gen 9 Champions] VGC 2026 Reg M-A\n|rated|\n|rule|Species Clause: Limit one of each Pok\u00e9mon\n|rule|Item Clause: Limit 1 of each item\n|clearpoke\n|poke|p1|Tyranitar, L50, M|\n|poke|p1|Excadrill, L50, M|\n|poke|p1|Sneasler, L50, F|\n|poke|p1|Talonflame, L50, M|\n|poke|p1|Rotom-Wash, L50|\n|poke|p1|Kingambit, L50, F|\n|poke|p2|Meowscarada, L50, M|\n|poke|p2|Kommo-o, L50, F|\n|poke|p2|Rotom-Wash, L50|\n|poke|p2|Gengar, L50, M|\n|poke|p2|Whimsicott, L50, M|\n|poke|p2|Arcanine-Hisui, L50, F|\n|teampreview|4\n|inactive|Battle timer is ON: inactive players will automatically lose when time's up. (requested by mimik_14)\n|inactive|mimik_14 has 60 seconds left.\n|inactive|mimik_14 has 30 seconds left.\n|inactive|mimik_14 has 20 seconds left.\n|inactive|mimik_14 has 15 seconds left.\n|inactive|mimik_14 has 10 seconds left.\n|inactive|mimik_14 has 5 seconds left.\n|\n|t:|1775982088\n|teamsize|p1|4\n|teamsize|p2|4\n|start\n|switch|p1a: Talonflame|Talonflame, L50, M|100/100\n|switch|p1b: Tyranitar|Tyranitar, L50, M|100/100\n|switch|p2a: Kommo-o|Kommo-o, L50, F|100/100\n|switch|p2b: Arcanine|Arcanine-Hisui, L50, F|100/100\n|-ability|p2b: Arcanine|Intimidate|boost\n|-unboost|p1a: Talonflame|atk|1\n|-unboost|p1b: Tyranitar|atk|1\n|-weather|Sandstorm|[from] ability: Sand Stream|[of] p1b: Tyranitar\n|turn|1\n|inactive|mimik_14 has 30 seconds left.\n|inactive|mimik_14 has 20 seconds left.\n|\n|t:|1775982126\n|switch|p1b: Rotom|Rotom-Wash, L50|100/100\n|move|p1a: Talonflame|Protect|p1a: Talonflame\n|-singleturn|p1a: Talonflame|Protect\n|move|p2b: Arcanine|Rock Slide|p1b: Rotom|[spread] \n|-activate|p1a: Talonflame|move: Protect\n|-miss|p2b: Arcanine|p1b: Rotom\n|move|p2a: Kommo-o|Iron Defense|p2a: Kommo-o\n|-boost|p2a: Kommo-o|def|2\n|\n|-weather|Sandstorm|[upkeep]\n|-damage|p1a: Talonflame|95/100|[from] Sandstorm\n|-damage|p1b: Rotom|95/100|[from] Sandstorm\n|-damage|p2a: Kommo-o|94/100|[from] Sandstorm\n|-heal|p2a: Kommo-o|100/100|[from] item: Leftovers\n|upkeep\n|turn|2\n|\n|t:|1775982145\n|move|p2b: Arcanine|Rock Slide|p1b: Rotom|[spread] p1a,p1b\n|-supereffective|p1a: Talonflame|2\n|-damage|p1a: Talonflame|0 fnt\n|-damage|p1b: Rotom|64/100\n|faint|p1a: Talonflame\n|move|p1b: Rotom|Will-O-Wisp|p2a: Kommo-o\n|-status|p2a: Kommo-o|brn\n|move|p2a: Kommo-o|Body Press|p1b: Rotom\n|-damage|p1b: Rotom|23/100\n|\n|-weather|Sandstorm|[upkeep]\n|-damage|p1b: Rotom|17/100|[from] Sandstorm\n|-damage|p2a: Kommo-o|94/100 brn|[from] Sandstorm\n|-heal|p2a: Kommo-o|100/100 brn|[from] item: Leftovers\n|-damage|p2a: Kommo-o|94/100 brn|[from] brn\n|upkeep\n|\n|t:|1775982155\n|switch|p1a: Excadrill|Excadrill, L50, M|100/100\n|turn|3\n|\n|t:|1775982172\n|switch|p2b: Rotom|Rotom-Wash, L50|100/100\n|move|p1a: Excadrill|Earthquake|p2b: Rotom|[spread] p2a\n|-immune|p1b: Rotom|[from] ability: Levitate\n|-immune|p2b: Rotom|[from] ability: Levitate\n|-damage|p2a: Kommo-o|81/100 brn\n|move|p1b: Rotom|Will-O-Wisp|p2a: Kommo-o\n|-fail|p2a: Kommo-o|brn\n|move|p2a: Kommo-o|Body Press|p1b: Rotom\n|-damage|p1b: Rotom|0 fnt\n|faint|p1b: Rotom\n|\n|-weather|Sandstorm|[upkeep]\n|-damage|p2a: Kommo-o|75/100 brn|[from] Sandstorm\n|-damage|p2b: Rotom|95/100|[from] Sandstorm\n|-heal|p2a: Kommo-o|81/100 brn|[from] item: Leftovers\n|-damage|p2a: Kommo-o|75/100 brn|[from] brn\n|upkeep\n|\n|t:|1775982180\n|switch|p1b: Tyranitar|Tyranitar, L50, M|100/100\n|turn|4\n|inactive|mimik_14 has 30 seconds left.\n|\n|t:|1775982209\n|detailschange|p1b: Tyranitar|Tyranitar-Mega, L50, M\n|-mega|p1b: Tyranitar|Tyranitar|Tyranitarite\n|move|p1a: Excadrill|Iron Head|p2a: Kommo-o\n|-damage|p2a: Kommo-o|58/100 brn\n|move|p2a: Kommo-o|Body Press|p1a: Excadrill\n|-supereffective|p1a: Excadrill|1\n|-enditem|p1a: Excadrill|Focus Sash\n|-damage|p1a: Excadrill|1/100\n|move|p2b: Rotom|Will-O-Wisp|p1a: Excadrill\n|-status|p1a: Excadrill|brn\n|move|p1b: Tyranitar|Knock Off|p2b: Rotom\n|-damage|p2b: Rotom|30/100\n|-enditem|p2b: Rotom|Sitrus Berry|[from] move: Knock Off|[of] p1b: Tyranitar\n|\n|-weather|Sandstorm|[upkeep]\n|-damage|p2a: Kommo-o|51/100 brn|[from] Sandstorm\n|-damage|p2b: Rotom|24/100|[from] Sandstorm\n|-heal|p2a: Kommo-o|58/100 brn|[from] item: Leftovers\n|-damage|p1a: Excadrill|0 fnt|[from] brn\n|faint|p1a: Excadrill\n|-damage|p2a: Kommo-o|51/100 brn|[from] brn\n|upkeep\n|turn|5\n|\n|t:|1775982229\n|move|p2a: Kommo-o|Body Press|p1b: Tyranitar\n|-supereffective|p1b: Tyranitar|2\n|-damage|p1b: Tyranitar|0 fnt\n|faint|p1b: Tyranitar\n|\n|win|JasmineThia\n|raw|mimik_14's rating: 1190 &rarr; <strong>1161</strong><br />(-29 for losing)\n|raw|JasmineThia's rating: 1141 &rarr; <strong>1170</strong><br />(+29 for winning)\n|l|\u2606mimik_14\n|player|p1|\n",
  "uploadtime": 1775982234,
  "views": 17,
  "formatid": "gen9championsvgc2026regma",
  "rating": 1161,
  "private": 0,
  "password": null
}