{
  "id": "gen9championsvgc2026regma-2587187360",
  "format": "[Gen 9 Champions] VGC 2026 Reg M-A",
  "players": [
    "ehf_05",
    "hide on whimscott"
  ],
  "log": "|j|\u2606ehf_05\n|j|\u2606hide on whimscott\n|t:|1776506160\n|gametype|doubles\n|player|p1|ehf_05|1|1262\n|player|p2|hide on whimscott|artist-gen4|1265\n|gen|9\n|tier|[Gen 9 Champions] VGC 2026 Reg M-A\n|rated|\n|rule|Species Clause: Limit one of each Pok\u00e9mon\n|rule|Item Clause: Limit 1 of each item\n|clearpoke\n|poke|p1|Blastoise, L50, M|\n|poke|p1|Garchomp, L50, F|\n|poke|p1|Sneasler, L50, M|\n|poke|p1|Aerodactyl, L50, F|\n|poke|p1|Sylveon, L50, M|\n|poke|p1|Sinistcha, L50|\n|poke|p2|Lopunny, L50, M|\n|poke|p2|Basculegion, L50, M|\n|poke|p2|Pelipper, L50, M|\n|poke|p2|Archaludon, L50, M|\n|poke|p2|Sinistcha, L50|\n|poke|p2|Incineroar, L50, F|\n|teampreview|4\n|inactive|Battle timer is ON: inactive players will automatically lose when time's up. (requested by ehf_05)\n|inactive|ehf_05 has 60 seconds left.\n|inactive|hide on whimscott has 60 seconds left.\n|inactive|ehf_05 has 30 seconds left.\n|\n|t:|1776506230\n|teamsize|p1|4\n|teamsize|p2|4\n|start\n|switch|p1a: Aerodactyl|Aerodactyl, L50, F|100/100\n|switch|p1b: Sylveon|Sylveon, L50, M|100/100\n|switch|p2a: Empress|Lopunny, L50, M|100/100\n|switch|p2b: Chevalier|Basculegion, L50, M|100/100\n|-ability|p1a: Aerodactyl|Unnerve\n|turn|1\n|inactive|hide on whimscott has 30 seconds left.\n|\n|t:|1776506263\n|move|p1a: Aerodactyl|Protect|p1a: Aerodactyl\n|-singleturn|p1a: Aerodactyl|Protect\n|move|p1b: Sylveon|Detect|p1b: Sylveon\n|-singleturn|p1b: Sylveon|Protect\n|move|p2a: Empress|Fake Out|p1a: Aerodactyl\n|-activate|p1a: Aerodactyl|move: Protect\n|move|p2b: Chevalier|Wave Crash|p1a: Aerodactyl\n|-activate|p1a: Aerodactyl|move: Protect\n|\n|upkeep\n|turn|2\n|inactive|hide on whimscott has 30 seconds left.\n|inactive|hide on whimscott has 20 seconds left.\n|inactive|hide on whimscott has 15 seconds left.\n|\n|t:|1776506303\n|switch|p1a: Sinistcha|Sinistcha, L50|100/100\n|switch|p2a: Courrier|Pelipper, L50, M|100/100\n|-weather|RainDance|[from] ability: Drizzle|[of] p2a: Courrier\n|move|p2b: Chevalier|Wave Crash|p1b: Sylveon\n|-damage|p1b: Sylveon|0 fnt\n|faint|p1b: Sylveon\n|-damage|p2b: Chevalier|71/100|[from] Recoil\n|\n|-weather|RainDance|[upkeep]\n|upkeep\n|\n|t:|1776506321\n|switch|p1b: Blastoise|Blastoise, L50, M|100/100\n|turn|3\n|\n|t:|1776506343\n|detailschange|p1b: Blastoise|Blastoise-Mega, L50, M\n|-mega|p1b: Blastoise|Blastoise|Blastoisinite\n|move|p1a: Sinistcha|Rage Powder|p1a: Sinistcha\n|-singleturn|p1a: Sinistcha|move: Rage Powder\n|move|p2b: Chevalier|Wave Crash|p1a: Sinistcha\n|-resisted|p1a: Sinistcha|1\n|-damage|p1a: Sinistcha|48/100\n|-enditem|p1a: Sinistcha|Sitrus Berry|[eat]\n|-heal|p1a: Sinistcha|73/100|[from] item: Sitrus Berry\n|-damage|p2b: Chevalier|55/100|[from] Recoil\n|move|p2a: Courrier|Hurricane|p1a: Sinistcha\n|-supereffective|p1a: Sinistcha|1\n|-damage|p1a: Sinistcha|0 fnt\n|faint|p1a: Sinistcha\n|move|p1b: Blastoise|Shell Smash|p1b: Blastoise\n|-unboost|p1b: Blastoise|def|1\n|-unboost|p1b: Blastoise|spd|1\n|-boost|p1b: Blastoise|atk|2\n|-boost|p1b: Blastoise|spa|2\n|-boost|p1b: Blastoise|spe|2\n|\n|-weather|RainDance|[upkeep]\n|upkeep\n|\n|t:|1776506360\n|switch|p1a: Aerodactyl|Aerodactyl, L50, F|100/100\n|-ability|p1a: Aerodactyl|Unnerve\n|turn|4\n|inactive|hide on whimscott has 30 seconds left.\n|inactive|hide on whimscott has 20 seconds left.\n|\n|t:|1776506400\n|move|p2b: Chevalier|Aqua Jet|p1a: Aerodactyl\n|-supereffective|p1a: Aerodactyl|1\n|-enditem|p1a: Aerodactyl|Focus Sash\n|-damage|p1a: Aerodactyl|1/100\n|move|p1b: Blastoise|Water Spout|p2b: Chevalier|[spread] p2a,p2b\n|-resisted|p2a: Courrier|1\n|-resisted|p2b: Chevalier|1\n|-enditem|p2a: Courrier|Focus Sash\n|-damage|p2a: Courrier|1/100\n|-damage|p2b: Chevalier|0 fnt\n|faint|p2b: Chevalier\n|move|p1a: Aerodactyl|Rock Slide|p2a: Courrier\n|-supereffective|p2a: Courrier|1\n|-damage|p2a: Courrier|0 fnt\n|faint|p2a: Courrier\n|\n|-weather|RainDance|[upkeep]\n|upkeep\n|\n|t:|1776506412\n|switch|p2b: Bastion|Archaludon, L50, M|100/100\n|switch|p2a: Empress|Lopunny, L50, M|100/100\n|turn|5\n|inactive|ehf_05 has 30 seconds left.\n|\n|t:|1776506446\n|detailschange|p2a: Empress|Lopunny-Mega, L50, M\n|-mega|p2a: Empress|Lopunny|Lopunnite\n|move|p1b: Blastoise|Protect|p1b: Blastoise\n|-singleturn|p1b: Blastoise|Protect\n|move|p2a: Empress|Fake Out|p1a: Aerodactyl\n|-resisted|p1a: Aerodactyl|1\n|-damage|p1a: Aerodactyl|0 fnt\n|faint|p1a: Aerodactyl\n|move|p2b: Bastion|Electro Shot||[still]\n|-prepare|p2b: Bastion|Electro Shot\n|-boost|p2b: Bastion|spa|1\n|-anim|p2b: Bastion|Electro Shot|p1b: Blastoise\n|-activate|p1b: Blastoise|move: Protect\n|\n|-weather|RainDance|[upkeep]\n|upkeep\n|turn|6\n|\n|t:|1776506462\n|move|p2a: Empress|Protect|p2a: Empress\n|-singleturn|p2a: Empress|Protect\n|move|p1b: Blastoise|Water Spout|p2b: Bastion|[spread] p2b\n|-activate|p2a: Empress|move: Protect\n|-resisted|p2b: Bastion|1\n|-ability|p2b: Bastion|Sturdy\n|-damage|p2b: Bastion|1/100\n|move|p2b: Bastion|Electro Shot||[still]\n|-prepare|p2b: Bastion|Electro Shot\n|-boost|p2b: Bastion|spa|1\n|-anim|p2b: Bastion|Electro Shot|p1b: Blastoise\n|-supereffective|p1b: Blastoise|1\n|-damage|p1b: Blastoise|0 fnt\n|faint|p1b: Blastoise\n|\n|win|hide on whimscott\n|raw|ehf_05's rating: 1262 &rarr; <strong>1237</strong><br />(-25 for losing)\n|raw|hide on whimscott's rating: 1265 &rarr; <strong>1290</strong><br />(+25 for winning)\n",
  "uploadtime": 1776506462,
  "views": 23,
  "formatid": "gen9championsvgc2026regma",
  "rating": 1237,
  "private": 0,
  "password": null
}