{
  "id": "gen9championsvgc2026regma-2582657139",
  "format": "[Gen 9 Champions] VGC 2026 Reg M-A",
  "players": [
    "Braute",
    "nikolasnaiz"
  ],
  "log": "|j|\u2606Braute\n|j|\u2606nikolasnaiz\n|t:|1776105385\n|gametype|doubles\n|player|p1|Braute|miku-fire|1282\n|player|p2|nikolasnaiz|265|1285\n|gen|9\n|tier|[Gen 9 Champions] VGC 2026 Reg M-A\n|rated|\n|rule|Species Clause: Limit one of each Pok\u00e9mon\n|rule|Item Clause: Limit 1 of each item\n|clearpoke\n|poke|p1|Beedrill, L50, F|\n|poke|p1|Incineroar, L50, M|\n|poke|p1|Talonflame, L50, M|\n|poke|p1|Kingambit, L50, F|\n|poke|p1|Tyranitar, L50, M|\n|poke|p1|Excadrill, L50, F|\n|poke|p2|Incineroar, L50, F|\n|poke|p2|Floette-Eternal, L50, F|\n|poke|p2|Kommo-o, L50, F|\n|poke|p2|Aegislash, L50, M|\n|poke|p2|Rotom-Wash, L50|\n|poke|p2|Tyranitar, L50, F|\n|teampreview|4\n|inactive|Battle timer is ON: inactive players will automatically lose when time's up. (requested by Braute)\n|inactive|nikolasnaiz has 60 seconds left.\n|\n|t:|1776105416\n|teamsize|p1|4\n|teamsize|p2|4\n|start\n|switch|p1a: Kingambit|Kingambit, L50, F, shiny|100/100\n|switch|p1b: Beedrill|Beedrill, L50, F, shiny|100/100\n|switch|p2a: Kommo-o|Kommo-o, L50, F|100/100\n|switch|p2b: Rotom|Rotom-Wash, L50, shiny|100/100\n|turn|1\n|\n|t:|1776105433\n|detailschange|p1b: Beedrill|Beedrill-Mega, L50, F, shiny\n|-mega|p1b: Beedrill|Beedrill|Beedrillite\n|move|p2b: Rotom|Will-O-Wisp|p1b: Beedrill\n|-status|p1b: Beedrill|brn\n|move|p1b: Beedrill|U-turn|p2b: Rotom\n|-damage|p2b: Rotom|65/100\n|\n|t:|1776105440\n|switch|p1b: Excadrill|Excadrill, L50, F|100/100|[from] U-turn\n|move|p2a: Kommo-o|Aura Sphere|p1a: Kingambit\n|-supereffective|p1a: Kingambit|2\n|-damage|p1a: Kingambit|0 fnt\n|faint|p1a: Kingambit\n|\n|upkeep\n|\n|t:|1776105447\n|switch|p1a: Tyranitar|Tyranitar, L50, M|100/100\n|-weather|Sandstorm|[from] ability: Sand Stream|[of] p1a: Tyranitar\n|turn|2\n|\n|t:|1776105455\n|move|p1a: Tyranitar|Protect|p1a: Tyranitar\n|-singleturn|p1a: Tyranitar|Protect\n|move|p1b: Excadrill|High Horsepower|p2a: Kommo-o\n|-damage|p2a: Kommo-o|42/100\n|move|p2b: Rotom|Will-O-Wisp|p1b: Excadrill|[miss]\n|-miss|p2b: Rotom|p1b: Excadrill\n|move|p2a: Kommo-o|Aura Sphere|p1b: Excadrill\n|-supereffective|p1b: Excadrill|1\n|-enditem|p1b: Excadrill|Focus Sash\n|-damage|p1b: Excadrill|1/100\n|\n|-weather|Sandstorm|[upkeep]\n|-damage|p2b: Rotom|59/100|[from] Sandstorm\n|-heal|p2a: Kommo-o|48/100|[from] item: Leftovers\n|upkeep\n|turn|3\n|\n|t:|1776105473\n|switch|p2a: Floette|Floette-Eternal, L50, F|100/100\n|move|p1b: Excadrill|Protect|p1b: Excadrill\n|-singleturn|p1b: Excadrill|Protect\n|move|p2b: Rotom|Will-O-Wisp|p1b: Excadrill\n|-activate|p1b: Excadrill|move: Protect\n|move|p1a: Tyranitar|Rock Slide|p2a: Floette|[spread] p2a,p2b\n|-damage|p2a: Floette|64/100\n|-damage|p2b: Rotom|16/100\n|\n|-weather|Sandstorm|[upkeep]\n|-damage|p2b: Rotom|10/100|[from] Sandstorm\n|-damage|p2a: Floette|58/100|[from] Sandstorm\n|upkeep\n|turn|4\n|\n|t:|1776105490\n|move|p1b: Excadrill|Iron Head|p2a: Floette\n|-supereffective|p2a: Floette|1\n|-damage|p2a: Floette|0 fnt\n|faint|p2a: Floette\n|move|p2b: Rotom|Will-O-Wisp|p1b: Excadrill\n|-status|p1b: Excadrill|brn\n|move|p1a: Tyranitar|Rock Slide|p2b: Rotom\n|-damage|p2b: Rotom|0 fnt\n|faint|p2b: Rotom\n|\n|-weather|Sandstorm|[upkeep]\n|-damage|p1b: Excadrill|0 fnt|[from] brn\n|faint|p1b: Excadrill\n|upkeep\n|\n|t:|1776105506\n|switch|p2b: Tyranitar|Tyranitar, L50, F|100/100\n|switch|p1b: Beedrill|Beedrill-Mega, L50, F, shiny|100/100 brn\n|switch|p2a: Kommo-o|Kommo-o, L50, F|48/100\n|turn|5\n|\n|t:|1776105515\n|move|p2a: Kommo-o|Protect|p2a: Kommo-o\n|-singleturn|p2a: Kommo-o|Protect\n|move|p1b: Beedrill|Poison Jab|p2a: Kommo-o\n|-activate|p2a: Kommo-o|move: Protect\n|move|p2b: Tyranitar|Rock Slide|p1b: Beedrill|[spread] p1a,p1b\n|-supereffective|p1b: Beedrill|1\n|-damage|p1a: Tyranitar|75/100\n|-damage|p1b: Beedrill|0 fnt\n|faint|p1b: Beedrill\n|move|p1a: Tyranitar|Low Kick|p2b: Tyranitar\n|-supereffective|p2b: Tyranitar|2\n|-enditem|p2b: Tyranitar|Focus Sash\n|-damage|p2b: Tyranitar|1/100\n|\n|-weather|Sandstorm|[upkeep]\n|-heal|p2a: Kommo-o|54/100|[from] item: Leftovers\n|upkeep\n|turn|6\n|\n|t:|1776105525\n|move|p2a: Kommo-o|Aura Sphere|p1a: Tyranitar\n|-supereffective|p1a: Tyranitar|2\n|-damage|p1a: Tyranitar|0 fnt\n|faint|p1a: Tyranitar\n|\n|win|nikolasnaiz\n|raw|Braute's rating: 1282 &rarr; <strong>1257</strong><br />(-25 for losing)\n|raw|nikolasnaiz's rating: 1285 &rarr; <strong>1310</strong><br />(+25 for winning)\n",
  "uploadtime": 1776105525,
  "views": 35,
  "formatid": "gen9championsvgc2026regma",
  "rating": 1257,
  "private": 0,
  "password": null
}