{
  "id": "gen9championsvgc2026regma-2585033567",
  "format": "[Gen 9 Champions] VGC 2026 Reg M-A",
  "players": [
    "Mulegator12",
    "Poketonn"
  ],
  "log": "|j|\u2606Mulegator12\n|j|\u2606Poketonn\n|t:|1776305221\n|gametype|doubles\n|player|p1|Mulegator12|102|1228\n|player|p2|Poketonn|lucas|1320\n|gen|9\n|tier|[Gen 9 Champions] VGC 2026 Reg M-A\n|rated|\n|rule|Species Clause: Limit one of each Pok\u00e9mon\n|rule|Item Clause: Limit 1 of each item\n|clearpoke\n|poke|p1|Scizor, L50, F|\n|poke|p1|Gardevoir, L50, F|\n|poke|p1|Milotic, L50, F|\n|poke|p1|Talonflame, L50, F|\n|poke|p1|Lopunny, L50, M|\n|poke|p1|Garchomp, L50, M|\n|poke|p2|Starmie, L50|\n|poke|p2|Kingambit, L50, F|\n|poke|p2|Incineroar, L50, M|\n|poke|p2|Sylveon, L50, F|\n|poke|p2|Sneasler, L50, M|\n|poke|p2|Sinistcha, L50|\n|teampreview|4\n|inactive|Battle timer is ON: inactive players will automatically lose when time's up. (requested by Poketonn)\n|l|\u2606Poketonn\n|inactive|Poketonn disconnected and has a minute to reconnect!\n|player|p2|\n|j|\u2606Poketonn\n|inactive|Poketonn reconnected and has 60 seconds left.\n|player|p2|Poketonn|lucas|\n|\n|t:|1776305272\n|teamsize|p1|4\n|teamsize|p2|4\n|start\n|switch|p1a: Milotic|Milotic, L50, F|100/100\n|switch|p1b: Talonflame|Talonflame, L50, F|100/100\n|switch|p2a: Sneasler|Sneasler, L50, M|100/100\n|switch|p2b: Sinistcha|Sinistcha, L50|100/100\n|turn|1\n|l|\u2606Poketonn\n|inactive|Poketonn disconnected and has a minute to reconnect!\n|player|p2|\n|inactive|Poketonn has 30 seconds left.\n|j|\u2606Poketonn\n|inactive|Poketonn reconnected and has 30 seconds left.\n|player|p2|Poketonn|lucas|\n|\n|t:|1776305302\n|move|p1b: Talonflame|Protect|p1b: Talonflame\n|-singleturn|p1b: Talonflame|Protect\n|move|p2a: Sneasler|Rock Slide|p1b: Talonflame|[spread] p1a\n|-activate|p1b: Talonflame|move: Protect\n|-damage|p1a: Milotic|79/100\n|cant|p1a: Milotic|flinch\n|move|p2b: Sinistcha|Matcha Gotcha|p1b: Talonflame|[spread] \n|-activate|p1b: Talonflame|move: Protect\n|-miss|p2b: Sinistcha|p1a: Milotic\n|\n|upkeep\n|turn|2\n|l|\u2606Poketonn\n|inactive|Poketonn disconnected and has a minute to reconnect!\n|player|p2|\n|j|\u2606Poketonn\n|inactive|Poketonn reconnected and has 35 seconds left.\n|player|p2|Poketonn|lucas|\n|inactive|Poketonn has 30 seconds left.\n|\n|t:|1776305334\n|switch|p2b: Sylveon|Sylveon, L50, F|100/100\n|move|p1b: Talonflame|Brave Bird|p2a: Sneasler\n|-supereffective|p2a: Sneasler|1\n|-enditem|p2a: Sneasler|Focus Sash\n|-damage|p2a: Sneasler|1/100\n|-damage|p1b: Talonflame|68/100|[from] Recoil\n|move|p2a: Sneasler|Rock Slide|p1a: Milotic|[spread] p1a,p1b\n|-supereffective|p1b: Talonflame|2\n|-damage|p1a: Milotic|60/100\n|-damage|p1b: Talonflame|0 fnt\n|faint|p1b: Talonflame\n|move|p1a: Milotic|Coil|p1a: Milotic\n|-boost|p1a: Milotic|atk|1\n|-boost|p1a: Milotic|def|1\n|-boost|p1a: Milotic|accuracy|1\n|\n|upkeep\n|\n|t:|1776305347\n|switch|p1b: Scizor|Scizor, L50, F|100/100\n|turn|3\n|\n|t:|1776305361\n|move|p1b: Scizor|Protect|p1b: Scizor\n|-singleturn|p1b: Scizor|Protect\n|move|p2b: Sylveon|Detect|p2b: Sylveon\n|-singleturn|p2b: Sylveon|Protect\n|move|p2a: Sneasler|Close Combat|p1b: Scizor\n|-activate|p1b: Scizor|move: Protect\n|move|p1a: Milotic|Life Dew||[still]|[spread] p1a,p1b\n|-heal|p1a: Milotic|86/100\n|-fail|p1b: Scizor|heal\n|\n|upkeep\n|turn|4\n|\n|t:|1776305377\n|switch|p2b: Sinistcha|Sinistcha, L50|100/100\n|-heal|p2a: Sneasler|26/100|[from] ability: Hospitality|[of] p2b: Sinistcha\n|move|p1b: Scizor|Bullet Punch|p2b: Sinistcha\n|-damage|p2b: Sinistcha|63/100\n|move|p2a: Sneasler|Close Combat|p1b: Scizor\n|-damage|p1b: Scizor|27/100\n|-unboost|p2a: Sneasler|def|1\n|-unboost|p2a: Sneasler|spd|1\n|move|p1a: Milotic|Muddy Water|p2b: Sinistcha|[spread] p2a,p2b\n|-resisted|p2b: Sinistcha|1\n|-damage|p2a: Sneasler|0 fnt\n|-damage|p2b: Sinistcha|52/100\n|faint|p2a: Sneasler\n|\n|-heal|p2b: Sinistcha|58/100|[from] item: Leftovers\n|upkeep\n|\n|t:|1776305390\n|switch|p2a: Starmie|Starmie, L50|100/100\n|turn|5\n|\n|t:|1776305405\n|detailschange|p2a: Starmie|Starmie-Mega, L50\n|-mega|p2a: Starmie|Starmie|Starminite\n|move|p2a: Starmie|Liquidation|p1b: Scizor\n|-damage|p1b: Scizor|0 fnt\n|faint|p1b: Scizor\n|move|p1a: Milotic|Hypnosis|p2a: Starmie|[miss]\n|-miss|p1a: Milotic|p2a: Starmie\n|move|p2b: Sinistcha|Matcha Gotcha|p1a: Milotic\n|-supereffective|p1a: Milotic|1\n|-damage|p1a: Milotic|43/100\n|-heal|p2b: Sinistcha|82/100|[from] drain|[of] p1a: Milotic\n|-enditem|p1a: Milotic|Sitrus Berry|[eat]\n|-heal|p1a: Milotic|68/100|[from] item: Sitrus Berry\n|\n|-heal|p2b: Sinistcha|89/100|[from] item: Leftovers\n|upkeep\n|\n|t:|1776305413\n|switch|p1b: Lopunny|Lopunny, L50, M|100/100\n|turn|6\n|\n|t:|1776305429\n|detailschange|p1b: Lopunny|Lopunny-Mega, L50, M\n|-mega|p1b: Lopunny|Lopunny|Lopunnite\n|move|p1b: Lopunny|Fake Out|p2b: Sinistcha\n|-damage|p2b: Sinistcha|70/100\n|move|p2a: Starmie|Zen Headbutt|p1b: Lopunny\n|-supereffective|p1b: Lopunny|1\n|-damage|p1b: Lopunny|0 fnt\n|faint|p1b: Lopunny\n|move|p1a: Milotic|Hypnosis|p2a: Starmie|[miss]\n|-miss|p1a: Milotic|p2a: Starmie\n|cant|p2b: Sinistcha|flinch\n|\n|-heal|p2b: Sinistcha|76/100|[from] item: Leftovers\n|upkeep\n|turn|7\n|\n|t:|1776305442\n|move|p2a: Starmie|Zen Headbutt|p1a: Milotic\n|-damage|p1a: Milotic|20/100\n|move|p1a: Milotic|Hypnosis|p2a: Starmie\n|-status|p2a: Starmie|slp|[from] move: Hypnosis\n|move|p2b: Sinistcha|Matcha Gotcha|p1a: Milotic\n|-supereffective|p1a: Milotic|1\n|-damage|p1a: Milotic|0 fnt\n|-heal|p2b: Sinistcha|88/100|[from] drain|[of] p1a: Milotic\n|faint|p1a: Milotic\n|\n|win|Poketonn\n|raw|Mulegator12's rating: 1228 &rarr; <strong>1209</strong><br />(-19 for losing)\n|raw|Poketonn's rating: 1320 &rarr; <strong>1335</strong><br />(+15 for winning)\n",
  "uploadtime": 1776305446,
  "views": 34,
  "formatid": "gen9championsvgc2026regma",
  "rating": 1209,
  "private": 0,
  "password": null
}