{
  "id": "gen9championsvgc2026regma-2586828028",
  "format": "[Gen 9 Champions] VGC 2026 Reg M-A",
  "players": [
    "Kingsussybaka",
    "iamsoselfconscius"
  ],
  "log": "|j|\u2606Kingsussybaka\n|j|\u203diamsoselfconscius\n|t:|1776463269\n|gametype|doubles\n|player|p1|Kingsussybaka|2|1029\n|player|p2|iamsoselfconscius|169|1096\n|gen|9\n|tier|[Gen 9 Champions] VGC 2026 Reg M-A\n|rated|\n|rule|Species Clause: Limit one of each Pok\u00e9mon\n|rule|Item Clause: Limit 1 of each item\n|clearpoke\n|poke|p1|Sinistcha, L50|\n|poke|p1|Blastoise, L50, M|\n|poke|p1|Incineroar, L50, M|\n|poke|p1|Typhlosion-Hisui, L50, M|\n|poke|p1|Excadrill, L50, F|\n|poke|p1|Tyranitar, L50, M|\n|poke|p2|Excadrill, L50, M|\n|poke|p2|Talonflame, L50, F|\n|poke|p2|Milotic, L50, F|\n|poke|p2|Froslass, L50, F|\n|poke|p2|Meowscarada, L50, M|\n|poke|p2|Glimmora, L50, M|\n|teampreview|4\n|inactive|Battle timer is ON: inactive players will automatically lose when time's up. (requested by Kingsussybaka)\nKingsussybaka rejected open team sheets.\n|\n|t:|1776463295\n|teamsize|p1|4\n|teamsize|p2|4\n|start\n|switch|p1a: Blastoise|Blastoise, L50, M|100/100\n|switch|p1b: Incineroar|Incineroar, L50, M|100/100\n|switch|p2a: Milotic|Milotic, L50, F|100/100\n|switch|p2b: Meowscarada|Meowscarada, L50, M|100/100\n|-ability|p1b: Incineroar|Intimidate|boost\n|-unboost|p2a: Milotic|atk|1\n|-ability|p2a: Milotic|Competitive|boost\n|-boost|p2a: Milotic|spa|2\n|-unboost|p2b: Meowscarada|atk|1\n|turn|1\n|\n|t:|1776463314\n|detailschange|p1a: Blastoise|Blastoise-Mega, L50, M\n|-mega|p1a: Blastoise|Blastoise|Blastoisinite\n|move|p2b: Meowscarada|Protect|p2b: Meowscarada\n|-start|p2b: Meowscarada|typechange|Normal|[from] ability: Protean\n|-singleturn|p2b: Meowscarada|Protect\n|move|p1b: Incineroar|Fake Out|p2b: Meowscarada\n|-activate|p2b: Meowscarada|move: Protect\n|move|p1a: Blastoise|Shell Smash|p1a: Blastoise\n|-unboost|p1a: Blastoise|def|1\n|-unboost|p1a: Blastoise|spd|1\n|-boost|p1a: Blastoise|atk|2\n|-boost|p1a: Blastoise|spa|2\n|-boost|p1a: Blastoise|spe|2\n|move|p2a: Milotic|Scald|p1b: Incineroar\n|-supereffective|p1b: Incineroar|1\n|-damage|p1b: Incineroar|0 fnt\n|faint|p1b: Incineroar\n|\n|upkeep\n|\n|t:|1776463328\n|switch|p1b: Sinistcha|Sinistcha, L50|100/100\n|turn|2\n|\n|t:|1776463350\n|move|p1a: Blastoise|Water Spout|p2b: Meowscarada|[spread] p2a,p2b\n|-resisted|p2a: Milotic|1\n|-damage|p2a: Milotic|59/100\n|-damage|p2b: Meowscarada|0 fnt\n|faint|p2b: Meowscarada\n|move|p2a: Milotic|Blizzard|p1a: Blastoise|[spread] p1a,p1b\n|-resisted|p1a: Blastoise|1\n|-supereffective|p1b: Sinistcha|1\n|-crit|p1b: Sinistcha\n|-damage|p1a: Blastoise|67/100\n|-damage|p1b: Sinistcha|0 fnt\n|faint|p1b: Sinistcha\n|\n|-heal|p2a: Milotic|65/100|[from] item: Leftovers\n|upkeep\n|inactive|iamsoselfconscius has 30 seconds left.\n|\n|t:|1776463382\n|switch|p2b: Froslass|Froslass, L50, F|100/100\n|switch|p1b: Typhlosion|Typhlosion-Hisui, L50, M|100/100\n|-item|p2a: Milotic|Leftovers|[from] ability: Frisk|[of] p1b: Typhlosion\n|-item|p2b: Froslass|Froslassite|[from] ability: Frisk|[of] p1b: Typhlosion\n|turn|3\n|inactive|Kingsussybaka has 30 seconds left.\n|inactive|iamsoselfconscius has 30 seconds left.\n|inactive|iamsoselfconscius has 20 seconds left.\n|\n|t:|1776463420\n|detailschange|p2b: Froslass|Froslass-Mega, L50, F\n|-mega|p2b: Froslass|Froslass|Froslassite\n|-weather|Snowscape|[from] ability: Snow Warning|[of] p2b: Froslass\n|move|p2b: Froslass|Protect|p2b: Froslass\n|-singleturn|p2b: Froslass|Protect\n|move|p1a: Blastoise|Water Spout|p2a: Milotic|[spread] p2a\n|-activate|p2b: Froslass|move: Protect\n|-resisted|p2a: Milotic|1\n|-damage|p2a: Milotic|35/100\n|move|p1b: Typhlosion|Eruption|p2b: Froslass|[spread] p2a\n|-activate|p2b: Froslass|move: Protect\n|-resisted|p2a: Milotic|1\n|-damage|p2a: Milotic|14/100\n|move|p2a: Milotic|Blizzard|p1b: Typhlosion|[spread] p1a,p1b\n|-resisted|p1a: Blastoise|1\n|-resisted|p1b: Typhlosion|1\n|-crit|p1b: Typhlosion\n|-damage|p1a: Blastoise|33/100\n|-damage|p1b: Typhlosion|43/100\n|\n|-weather|Snowscape|[upkeep]\n|-heal|p2a: Milotic|20/100|[from] item: Leftovers\n|upkeep\n|turn|4\n|inactive|Kingsussybaka has 30 seconds left.\n|inactive|iamsoselfconscius has 30 seconds left.\n|\n|t:|1776463453\n|switch|p2b: Excadrill|Excadrill, L50, M|100/100\n|move|p1a: Blastoise|Water Spout|p2a: Milotic|[spread] p2a,p2b\n|-resisted|p2a: Milotic|1\n|-supereffective|p2b: Excadrill|1\n|-damage|p2a: Milotic|6/100\n|-enditem|p2b: Excadrill|Focus Sash\n|-damage|p2b: Excadrill|1/100\n|move|p1b: Typhlosion|Eruption|p2b: Excadrill|[spread] p2a,p2b\n|-resisted|p2a: Milotic|1\n|-supereffective|p2b: Excadrill|1\n|-damage|p2a: Milotic|0 fnt\n|-damage|p2b: Excadrill|0 fnt\n|faint|p2a: Milotic\n|faint|p2b: Excadrill\n|\n|-weather|Snowscape|[upkeep]\n|upkeep\n|\n|t:|1776463468\n|switch|p2b: Froslass|Froslass-Mega, L50, F|100/100\n|turn|5\n|\n|t:|1776463473\n|move|p1a: Blastoise|Water Spout|p2b: Froslass\n|-damage|p2b: Froslass|35/100\n|move|p1b: Typhlosion|Eruption|p2b: Froslass\n|-supereffective|p2b: Froslass|1\n|-damage|p2b: Froslass|0 fnt\n|faint|p2b: Froslass\n|\n|win|Kingsussybaka\n|raw|Kingsussybaka's rating: 1029 &rarr; <strong>1071</strong><br />(+42 for winning)\n|raw|iamsoselfconscius's rating: 1096 &rarr; <strong>1067</strong><br />(-29 for losing)\n|l|\u2606Kingsussybaka\n|player|p1|\n",
  "uploadtime": 1776463479,
  "views": 19,
  "formatid": "gen9championsvgc2026regma",
  "rating": 1067,
  "private": 0,
  "password": null
}