{
  "id": "gen9championsvgc2026regma-2583779307",
  "format": "[Gen 9 Champions] VGC 2026 Reg M-A",
  "players": [
    "ImpishTink",
    "Dezmane"
  ],
  "log": "|j|\u2606ImpishTink\n|j|\u2606Dezmane\n|t:|1776197126\n|gametype|doubles\n|player|p1|ImpishTink|ruinmaniac|1309\n|player|p2|Dezmane|169|1332\n|gen|9\n|tier|[Gen 9 Champions] VGC 2026 Reg M-A\n|rated|\n|rule|Species Clause: Limit one of each Pok\u00e9mon\n|rule|Item Clause: Limit 1 of each item\n|clearpoke\n|poke|p1|Delphox, L50, M|\n|poke|p1|Garchomp, L50, M|\n|poke|p1|Incineroar, L50, M|\n|poke|p1|Whimsicott, L50, M|\n|poke|p1|Sinistcha, L50|\n|poke|p1|Sneasler, L50, F|\n|poke|p2|Chandelure, L50, M|\n|poke|p2|Dragonite, L50, M|\n|poke|p2|Lucario, L50, F|\n|poke|p2|Heliolisk, L50, M|\n|poke|p2|Weavile, L50, F|\n|poke|p2|Klefki, L50, F|\n|teampreview|4\n|inactive|Battle timer is ON: inactive players will automatically lose when time's up. (requested by Dezmane)\n|inactive|ImpishTink has 60 seconds left.\n|inactive|Dezmane has 60 seconds left.\n|\n|t:|1776197163\n|teamsize|p1|4\n|teamsize|p2|4\n|start\n|switch|p1a: Delphox|Delphox, L50, M|100/100\n|switch|p1b: Incineroar|Incineroar, L50, M|100/100\n|switch|p2a: Lucario|Lucario, L50, F|100/100\n|switch|p2b: Weavile|Weavile, L50, F|100/100\n|-ability|p2b: Weavile|Pressure\n|-ability|p1b: Incineroar|Intimidate|boost\n|-fail|p2a: Lucario|unboost|Attack|[from] ability: Inner Focus|[of] p2a: Lucario\n|-unboost|p2b: Weavile|atk|1\n|turn|1\n|inactive|Dezmane has 30 seconds left.\n|\n|t:|1776197195\n|switch|p2b: Chandelure|Chandelure, L50, M|100/100\n|switch|p2a: Dragonite|Dragonite, L50, M|100/100\n|switch|p1b: Whimsicott|Whimsicott, L50, M|100/100\n|detailschange|p1a: Delphox|Delphox-Mega, L50, M\n|-mega|p1a: Delphox|Delphox|Delphoxite\n|move|p1a: Delphox|Heat Wave|p2a: Dragonite|[spread] p2a\n|-start|p2b: Chandelure|ability: Flash Fire\n|-resisted|p2a: Dragonite|1\n|-damage|p2a: Dragonite|94/100\n|\n|-heal|p2a: Dragonite|99/100|[from] item: Leftovers\n|upkeep\n|turn|2\n|\n|t:|1776197219\n|switch|p1b: Incineroar|Incineroar, L50, M|100/100\n|-ability|p1b: Incineroar|Intimidate|boost\n|-unboost|p2a: Dragonite|atk|1\n|-unboost|p2b: Chandelure|atk|1\n|detailschange|p2b: Chandelure|Chandelure-Mega, L50, M\n|-mega|p2b: Chandelure|Chandelure|Chandelurite\n|-end|p2b: Chandelure|ability: Flash Fire|[silent]\n|move|p1a: Delphox|Protect|p1a: Delphox\n|-singleturn|p1a: Delphox|Protect\n|move|p2b: Chandelure|Heat Wave|p1a: Delphox|[spread] p1b\n|-activate|p1a: Delphox|move: Protect\n|-resisted|p1b: Incineroar|1\n|-damage|p1b: Incineroar|81/100\n|move|p2a: Dragonite|Tailwind|p2a: Dragonite\n|-sidestart|p2: Dezmane|move: Tailwind\n|\n|-heal|p2a: Dragonite|100/100|[from] item: Leftovers\n|upkeep\n|turn|3\n|\n|t:|1776197242\n|switch|p1a: Whimsicott|Whimsicott, L50, M|100/100\n|move|p2b: Chandelure|Shadow Ball|p1a: Whimsicott\n|-damage|p1a: Whimsicott|9/100\n|move|p2a: Dragonite|Low Kick|p1b: Incineroar\n|-supereffective|p1b: Incineroar|1\n|-damage|p1b: Incineroar|50/100\n|-enditem|p1b: Incineroar|Sitrus Berry|[eat]\n|-heal|p1b: Incineroar|74/100|[from] item: Sitrus Berry\n|move|p1b: Incineroar|Darkest Lariat|p2b: Chandelure\n|-supereffective|p2b: Chandelure|1\n|-damage|p2b: Chandelure|34/100\n|\n|upkeep\n|turn|4\n|c|\u2606ImpishTink|Lefty\u2019s dragonite is hilarious\n|inactive|Dezmane has 30 seconds left.\n|\n|t:|1776197274\n|switch|p2a: Lucario|Lucario, L50, F|100/100\n|move|p1a: Whimsicott|Tailwind|p1a: Whimsicott\n|-sidestart|p1: ImpishTink|move: Tailwind\n|move|p2b: Chandelure|Heat Wave|p1a: Whimsicott|[spread] p1a,p1b\n|-supereffective|p1a: Whimsicott|1\n|-resisted|p1b: Incineroar|1\n|-damage|p1a: Whimsicott|0 fnt\n|-damage|p1b: Incineroar|55/100\n|faint|p1a: Whimsicott\n|move|p1b: Incineroar|Darkest Lariat|p2b: Chandelure\n|-supereffective|p2b: Chandelure|1\n|-damage|p2b: Chandelure|0 fnt\n|faint|p2b: Chandelure\n|\n|upkeep\n|\n|t:|1776197289\n|switch|p1a: Delphox|Delphox-Mega, L50, M|100/100\n|switch|p2b: Weavile|Weavile, L50, F|100/100\n|-ability|p2b: Weavile|Pressure\n|turn|5\n|\n|t:|1776197300\n|switch|p1b: Garchomp|Garchomp, L50, M|100/100\n|move|p1a: Delphox|Nasty Plot|p1a: Delphox\n|-boost|p1a: Delphox|spa|2\n|move|p2b: Weavile|Knock Off|p1a: Delphox\n|-supereffective|p1a: Delphox|1\n|-damage|p1a: Delphox|24/100\n|move|p2a: Lucario|Aura Sphere|p1b: Garchomp\n|-damage|p1b: Garchomp|50/100\n|\n|-sideend|p2: Dezmane|move: Tailwind\n|upkeep\n|turn|6\n|\n|t:|1776197324\n|switch|p1b: Incineroar|Incineroar, L50, M|55/100\n|-ability|p1b: Incineroar|Intimidate|boost\n|-fail|p2a: Lucario|unboost|Attack|[from] ability: Inner Focus|[of] p2a: Lucario\n|-unboost|p2b: Weavile|atk|1\n|switch|p2a: Dragonite|Dragonite, L50, M|100/100\n|move|p1a: Delphox|Heat Wave|p2a: Dragonite|[spread] p2a,p2b\n|-resisted|p2a: Dragonite|1\n|-supereffective|p2b: Weavile|1\n|-damage|p2a: Dragonite|86/100\n|-enditem|p2b: Weavile|Focus Sash\n|-damage|p2b: Weavile|1/100\n|move|p2b: Weavile|Knock Off|p1a: Delphox\n|-supereffective|p1a: Delphox|1\n|-damage|p1a: Delphox|0 fnt\n|faint|p1a: Delphox\n|\n|-heal|p2a: Dragonite|92/100|[from] item: Leftovers\n|upkeep\n|\n|t:|1776197333\n|switch|p1a: Garchomp|Garchomp, L50, M|50/100\n|turn|7\n|\n|t:|1776197356\n|switch|p2b: Lucario|Lucario, L50, F|100/100\n|move|p1b: Incineroar|Fake Out|p2b: Lucario\n|-resisted|p2b: Lucario|1\n|-damage|p2b: Lucario|92/100\n|move|p1a: Garchomp|Dragon Claw|p2a: Dragonite\n|-supereffective|p2a: Dragonite|1\n|-damage|p2a: Dragonite|10/100\n|move|p2a: Dragonite|Outrage|p1a: Garchomp\n|-supereffective|p1a: Garchomp|1\n|-damage|p1a: Garchomp|0 fnt\n|-damage|p2a: Dragonite|0 fnt|[from] ability: Rough Skin|[of] p1a: Garchomp\n|faint|p1a: Garchomp\n|faint|p2a: Dragonite\n|\n|-sideend|p1: ImpishTink|move: Tailwind\n|upkeep\n|c|\u2606ImpishTink|That\u2019s actually idiotic det\n|c|\u2606ImpishTink|set\n|-message|ImpishTink forfeited.\n|\n|win|Dezmane\n|raw|ImpishTink's rating: 1309 &rarr; <strong>1290</strong><br />(-19 for losing)\n|raw|Dezmane's rating: 1332 &rarr; <strong>1351</strong><br />(+19 for winning)\n|l|\u2606ImpishTink\n|player|p1|\n",
  "uploadtime": 1776197437,
  "views": 36,
  "formatid": "gen9championsvgc2026regma",
  "rating": 1290,
  "private": 0,
  "password": null
}