{
  "id": "gen9championsvgc2026regma-2586690121",
  "format": "[Gen 9 Champions] VGC 2026 Reg M-A",
  "players": [
    "hunterbarber",
    "yredjack"
  ],
  "log": "|j|\u2606hunterbarber\n|j|\u2606yredjack\n|t:|1776452432\n|gametype|doubles\n|player|p1|hunterbarber|170|1235\n|player|p2|yredjack|dawn|1212\n|gen|9\n|tier|[Gen 9 Champions] VGC 2026 Reg M-A\n|rated|\n|rule|Species Clause: Limit one of each Pok\u00e9mon\n|rule|Item Clause: Limit 1 of each item\n|clearpoke\n|poke|p1|Glimmora, L50, F|\n|poke|p1|Ninetales-Alola, L50, M|\n|poke|p1|Tinkaton, L50, F|\n|poke|p1|Hydreigon, L50, M|\n|poke|p1|Gliscor, L50, F|\n|poke|p1|Gyarados, L50, M|\n|poke|p2|Floette-Eternal, L50, F|\n|poke|p2|Garchomp, L50, F|\n|poke|p2|Kingambit, L50, M|\n|poke|p2|Basculegion, L50, M|\n|poke|p2|Sneasler, L50, F|\n|poke|p2|Froslass, L50, F|\n|teampreview|4\nyredjack rejected open team sheets.\n|\n|t:|1776452499\n|teamsize|p1|4\n|teamsize|p2|4\n|start\n|switch|p1a: Tinkaton|Tinkaton, L50, F|100/100\n|switch|p1b: Hydreigon|Hydreigon, L50, M|100/100\n|switch|p2a: Sneasler|Sneasler, L50, F|100/100\n|switch|p2b: Froslass|Froslass, L50, F, shiny|100/100\n|-ability|p1a: Tinkaton|Mold Breaker\n|turn|1\n|inactive|Battle timer is ON: inactive players will automatically lose when time's up. (requested by hunterbarber)\n|\n|t:|1776452558\n|detailschange|p2b: Froslass|Froslass-Mega, L50, F, shiny\n|-mega|p2b: Froslass|Froslass|Froslassite\n|-weather|Snowscape|[from] ability: Snow Warning|[of] p2b: Froslass\n|move|p2a: Sneasler|Fake Out|p1a: Tinkaton\n|-resisted|p1a: Tinkaton|1\n|-damage|p1a: Tinkaton|93/100\n|move|p2b: Froslass|Blizzard|p1a: Tinkaton|[spread] p1a,p1b\n|-resisted|p1a: Tinkaton|1\n|-supereffective|p1b: Hydreigon|1\n|-damage|p1a: Tinkaton|73/100\n|-damage|p1b: Hydreigon|22/100\n|move|p1b: Hydreigon|Snarl|p2a: Sneasler|[spread] p2a,p2b\n|-resisted|p2a: Sneasler|1\n|-supereffective|p2b: Froslass|1\n|-damage|p2a: Sneasler|86/100\n|-damage|p2b: Froslass|52/100\n|-unboost|p2a: Sneasler|spa|1\n|-unboost|p2b: Froslass|spa|1\n|cant|p1a: Tinkaton|flinch\n|\n|-weather|Snowscape|[upkeep]\n|-heal|p1a: Tinkaton|80/100|[from] item: Leftovers\n|upkeep\n|turn|2\n|inactive|hunterbarber has 30 seconds left.\n|inactive|yredjack has 30 seconds left.\n|inactive|yredjack has 20 seconds left.\n|\n|t:|1776452595\n|switch|p2b: Kingambit|Kingambit, L50, M, shiny|100/100\n|switch|p1b: Gyarados|Gyarados, L50, M|100/100\n|-ability|p1b: Gyarados|Intimidate|boost\n|-unboost|p2a: Sneasler|atk|1\n|-unboost|p2b: Kingambit|atk|1\n|-ability|p2b: Kingambit|Defiant|boost\n|-boost|p2b: Kingambit|atk|2\n|move|p2a: Sneasler|Close Combat|p1b: Gyarados\n|-resisted|p1b: Gyarados|1\n|-damage|p1b: Gyarados|77/100\n|-unboost|p2a: Sneasler|def|1\n|-unboost|p2a: Sneasler|spd|1\n|move|p1a: Tinkaton|Gigaton Hammer|p2b: Kingambit\n|-resisted|p2b: Kingambit|1\n|-damage|p2b: Kingambit|82/100\n|\n|-weather|Snowscape|[upkeep]\n|-heal|p1a: Tinkaton|86/100|[from] item: Leftovers\n|upkeep\n|turn|3\n|inactive|yredjack has 30 seconds left.\n|\n|t:|1776452625\n|switch|p2a: Basculegion|Basculegion, L50, M|100/100\n|switch|p1a: Gliscor|Gliscor, L50, F|100/100\n|detailschange|p1b: Gyarados|Gyarados-Mega, L50, M\n|-mega|p1b: Gyarados|Gyarados|Gyaradosite\n|-ability|p1b: Gyarados|Mold Breaker\n|move|p1b: Gyarados|Dragon Dance|p1b: Gyarados\n|-boost|p1b: Gyarados|atk|1\n|-boost|p1b: Gyarados|spe|1\n|move|p2b: Kingambit|Low Kick|p1a: Gliscor\n|-resisted|p1a: Gliscor|1\n|-damage|p1a: Gliscor|86/100\n|\n|-weather|Snowscape|[upkeep]\n|upkeep\n|turn|4\n|inactive|hunterbarber has 30 seconds left.\n|\n|t:|1776452651\n|switch|p1a: Hydreigon|Hydreigon, L50, M|22/100\n|move|p1b: Gyarados|Protect|p1b: Gyarados\n|-singleturn|p1b: Gyarados|Protect\n|move|p2a: Basculegion|Aqua Jet|p1a: Hydreigon\n|-resisted|p1a: Hydreigon|1\n|-damage|p1a: Hydreigon|9/100\n|move|p2b: Kingambit|Low Kick|p1b: Gyarados\n|-activate|p1b: Gyarados|move: Protect\n|\n|-weather|Snowscape|[upkeep]\n|upkeep\n|turn|5\n|\n|t:|1776452667\n|switch|p2a: Sneasler|Sneasler, L50, F|86/100\n|move|p2b: Kingambit|Protect|p2b: Kingambit\n|-singleturn|p2b: Kingambit|Protect\n|move|p1b: Gyarados|Waterfall|p2b: Kingambit\n|-activate|p2b: Kingambit|move: Protect\n|move|p1a: Hydreigon|Dark Pulse|p2a: Sneasler\n|-resisted|p2a: Sneasler|1\n|-damage|p2a: Sneasler|58/100\n|\n|-weather|none\n|upkeep\n|turn|6\n|inactive|yredjack has 30 seconds left.\n|\n|t:|1776452695\n|switch|p1a: Tinkaton|Tinkaton, L50, F|86/100\n|-ability|p1a: Tinkaton|Mold Breaker\n|move|p1b: Gyarados|Protect|p1b: Gyarados\n|-singleturn|p1b: Gyarados|Protect\n|move|p2a: Sneasler|Fake Out|p1b: Gyarados\n|-activate|p1b: Gyarados|move: Protect\n|move|p2b: Kingambit|Low Kick|p1a: Tinkaton\n|-damage|p1a: Tinkaton|29/100\n|\n|-heal|p1a: Tinkaton|35/100|[from] item: Leftovers\n|upkeep\n|turn|7\n|inactive|yredjack has 30 seconds left.\n|\n|t:|1776452729\n|switch|p2b: Basculegion|Basculegion, L50, M|100/100\n|move|p2a: Sneasler|Protect|p2a: Sneasler\n|-singleturn|p2a: Sneasler|Protect\n|move|p1a: Tinkaton|Feint|p2b: Basculegion\n|-immune|p2b: Basculegion\n|move|p1b: Gyarados|Waterfall|p2b: Basculegion\n|-resisted|p2b: Basculegion|1\n|-damage|p2b: Basculegion|67/100\n|\n|-heal|p1a: Tinkaton|41/100|[from] item: Leftovers\n|upkeep\n|turn|8\n|inactive|yredjack has 30 seconds left.\n|\n|t:|1776452755\n|move|p2a: Sneasler|Close Combat|p1a: Tinkaton\n|-damage|p1a: Tinkaton|0 fnt\n|-unboost|p2a: Sneasler|def|1\n|-unboost|p2a: Sneasler|spd|1\n|faint|p1a: Tinkaton\n|move|p1b: Gyarados|Dragon Dance|p1b: Gyarados\n|-boost|p1b: Gyarados|atk|1\n|-boost|p1b: Gyarados|spe|1\n|move|p2b: Basculegion|Wave Crash|p1b: Gyarados\n|-resisted|p1b: Gyarados|1\n|-damage|p1b: Gyarados|49/100\n|-damage|p2b: Basculegion|58/100|[from] Recoil\n|\n|upkeep\n|\n|t:|1776452777\n|switch|p1a: Hydreigon|Hydreigon, L50, M|9/100\n|turn|9\n|\n|t:|1776452800\n|move|p2b: Basculegion|Aqua Jet|p1a: Hydreigon\n|-resisted|p1a: Hydreigon|1\n|-crit|p1a: Hydreigon\n|-damage|p1a: Hydreigon|0 fnt\n|faint|p1a: Hydreigon\n|move|p1b: Gyarados|Waterfall|p2a: Sneasler\n|-damage|p2a: Sneasler|0 fnt\n|faint|p2a: Sneasler\n|\n|upkeep\n|\n|t:|1776452810\n|switch|p2a: Kingambit|Kingambit, L50, M, shiny|82/100\n|switch|p1a: Gliscor|Gliscor, L50, F|86/100\n|turn|10\n|inactive|yredjack has 30 seconds left.\n|\n|t:|1776452841\n|move|p2b: Basculegion|Aqua Jet|p1a: Gliscor\n|-supereffective|p1a: Gliscor|1\n|-damage|p1a: Gliscor|37/100\n|move|p2a: Kingambit|Sucker Punch||[still]\n|-fail|p2a: Kingambit\n|move|p1b: Gyarados|Crunch|p2b: Basculegion\n|-supereffective|p2b: Basculegion|1\n|-damage|p2b: Basculegion|0 fnt\n|faint|p2b: Basculegion\n|move|p1a: Gliscor|Tailwind|p1a: Gliscor\n|-sidestart|p1: hunterbarber|move: Tailwind\n|\n|upkeep\n|\n|t:|1776452851\n|switch|p2b: Froslass|Froslass-Mega, L50, F, shiny|52/100\n|-weather|Snowscape|[from] ability: Snow Warning|[of] p2b: Froslass\n|turn|11\n|inactive|hunterbarber has 30 seconds left.\n|\n|t:|1776452879\n|move|p1a: Gliscor|Protect|p1a: Gliscor\n|-singleturn|p1a: Gliscor|Protect\n|move|p1b: Gyarados|Crunch|p2b: Froslass\n|-supereffective|p2b: Froslass|1\n|-damage|p2b: Froslass|0 fnt\n|faint|p2b: Froslass\n|move|p2a: Kingambit|Low Kick|p1b: Gyarados\n|-supereffective|p1b: Gyarados|1\n|-damage|p1b: Gyarados|0 fnt\n|faint|p1b: Gyarados\n|\n|-weather|Snowscape|[upkeep]\n|upkeep\n|turn|12\n|\n|t:|1776452899\n|move|p2a: Kingambit|Sucker Punch|p1a: Gliscor\n|-damage|p1a: Gliscor|2/100\n|move|p1a: Gliscor|Earthquake|p2a: Kingambit\n|-supereffective|p2a: Kingambit|1\n|-damage|p2a: Kingambit|21/100\n|\n|-weather|Snowscape|[upkeep]\n|upkeep\n|turn|13\n|\n|t:|1776452910\n|move|p1a: Gliscor|Protect|p1a: Gliscor\n|-singleturn|p1a: Gliscor|Protect\n|move|p2a: Kingambit|Protect||[still]\n|-fail|p2a: Kingambit\n|\n|-weather|Snowscape|[upkeep]\n|-sideend|p1: hunterbarber|move: Tailwind\n|upkeep\n|turn|14\n|\n|t:|1776452919\n|move|p2a: Kingambit|Sucker Punch|p1a: Gliscor\n|-damage|p1a: Gliscor|0 fnt\n|faint|p1a: Gliscor\n|\n|win|yredjack\n|raw|hunterbarber's rating: 1235 &rarr; <strong>1208</strong><br />(-27 for losing)\n|raw|yredjack's rating: 1212 &rarr; <strong>1239</strong><br />(+27 for winning)\n|l|\u2606hunterbarber\n|player|p1|\n",
  "uploadtime": 1776452929,
  "views": 37,
  "formatid": "gen9championsvgc2026regma",
  "rating": 1208,
  "private": 0,
  "password": null
}