{
  "id": "gen9championsvgc2026regma-2580693737",
  "format": "[Gen 9 Champions] VGC 2026 Reg M-A",
  "players": [
    "Me11ow11",
    "jukasinjakudo"
  ],
  "log": "|j|\u2606Me11ow11\n|j|\u2606jukasinjakudo\n|t:|1775924822\n|gametype|doubles\n|player|p1|Me11ow11|2|1044\n|player|p2|jukasinjakudo|n|1122\n|gen|9\n|tier|[Gen 9 Champions] VGC 2026 Reg M-A\n|rated|\n|rule|Species Clause: Limit one of each Pok\u00e9mon\n|rule|Item Clause: Limit 1 of each item\n|clearpoke\n|poke|p1|Incineroar, L50, F|\n|poke|p1|Rotom-Wash, L50|\n|poke|p1|Corviknight, L50, M|\n|poke|p1|Garchomp, L50, M|\n|poke|p1|Sinistcha, L50|\n|poke|p1|Gardevoir, L50, M|\n|poke|p2|Pelipper, L50, F|\n|poke|p2|Archaludon, L50, F|\n|poke|p2|Dragonite, L50, M|\n|poke|p2|Incineroar, L50, M|\n|poke|p2|Kingambit, L50, M|\n|poke|p2|Milotic, L50, F|\n|teampreview|4\n|\n|t:|1775924854\n|teamsize|p1|4\n|teamsize|p2|4\n|start\n|switch|p1a: Corviknight|Corviknight, L50, M|100/100\n|switch|p1b: Incineroar|Incineroar, L50, F|100/100\n|switch|p2a: Milotic|Milotic, L50, F|100/100\n|switch|p2b: Pelipper|Pelipper, L50, F|100/100\n|-weather|RainDance|[from] ability: Drizzle|[of] p2b: Pelipper\n|-ability|p1b: Incineroar|Intimidate|boost\n|-unboost|p2a: Milotic|atk|1\n|-ability|p2a: Milotic|Competitive|boost\n|-boost|p2a: Milotic|spa|2\n|-unboost|p2b: Pelipper|atk|1\n|turn|1\n|\n|t:|1775924882\n|move|p1b: Incineroar|Fake Out|p2b: Pelipper\n|-damage|p2b: Pelipper|87/100\n|cant|p2b: Pelipper|flinch\n|move|p2a: Milotic|Scald|p1b: Incineroar\n|-supereffective|p1b: Incineroar|1\n|-damage|p1b: Incineroar|0 fnt\n|faint|p1b: Incineroar\n|move|p1a: Corviknight|Tailwind|p1a: Corviknight\n|-sidestart|p1: Me11ow11|move: Tailwind\n|\n|-weather|RainDance|[upkeep]\n|upkeep\n|\n|t:|1775924892\n|switch|p1b: Gardevoir|Gardevoir, L50, M|100/100\n|-ability|p1b: Gardevoir|Competitive|Trace|[from] ability: Trace|[of] p2a: Milotic\n|turn|2\n|\n|t:|1775924912\n|detailschange|p1b: Gardevoir|Gardevoir-Mega, L50, M\n|-mega|p1b: Gardevoir|Gardevoir|Gardevoirite\n|move|p1b: Gardevoir|Hyper Voice|p2a: Milotic|[spread] p2a,p2b\n|-damage|p2a: Milotic|62/100\n|-damage|p2b: Pelipper|0 fnt\n|faint|p2b: Pelipper\n|move|p1a: Corviknight|Bulk Up|p1a: Corviknight\n|-boost|p1a: Corviknight|atk|1\n|-boost|p1a: Corviknight|def|1\n|move|p2a: Milotic|Scald|p1b: Gardevoir\n|-damage|p1b: Gardevoir|9/100\n|\n|-weather|RainDance|[upkeep]\n|upkeep\n|\n|t:|1775924923\n|switch|p2b: Dragonite|Dragonite, L50, M|100/100\n|turn|3\n|\n|t:|1775924933\n|detailschange|p2b: Dragonite|Dragonite-Mega, L50, M\n|-mega|p2b: Dragonite|Dragonite|Dragoninite\n|move|p2b: Dragonite|Extreme Speed|p1b: Gardevoir\n|-damage|p1b: Gardevoir|0 fnt\n|faint|p1b: Gardevoir\n|move|p1a: Corviknight|Brave Bird|p2a: Milotic\n|-damage|p2a: Milotic|2/100\n|-enditem|p2a: Milotic|Sitrus Berry|[eat]\n|-heal|p2a: Milotic|27/100|[from] item: Sitrus Berry\n|-damage|p1a: Corviknight|82/100|[from] Recoil\n|move|p2a: Milotic|Scald|p1a: Corviknight\n|-damage|p1a: Corviknight|5/100\n|\n|-weather|RainDance|[upkeep]\n|-heal|p1a: Corviknight|11/100|[from] item: Leftovers\n|upkeep\n|\n|t:|1775924945\n|switch|p1b: Garchomp|Garchomp, L50, M|100/100\n|turn|4\n|\n|t:|1775924963\n|move|p2a: Milotic|Helping Hand|p2b: Dragonite\n|-singleturn|p2b: Dragonite|Helping Hand|[of] p2a: Milotic\n|move|p1b: Garchomp|Stone Edge|p2b: Dragonite|[miss]\n|-miss|p1b: Garchomp|p2b: Dragonite\n|move|p1a: Corviknight|Brave Bird|p2a: Milotic\n|-damage|p2a: Milotic|0 fnt\n|faint|p2a: Milotic\n|-damage|p1a: Corviknight|3/100|[from] Recoil\n|move|p2b: Dragonite|Draco Meteor|p1b: Garchomp|[miss]\n|-miss|p2b: Dragonite|p1b: Garchomp\n|\n|-weather|RainDance|[upkeep]\n|-heal|p1a: Corviknight|9/100|[from] item: Leftovers\n|-sideend|p1: Me11ow11|move: Tailwind\n|upkeep\n|\n|t:|1775924977\n|switch|p2a: Archaludon|Archaludon, L50, F|100/100\n|turn|5\n|\n|t:|1775924986\n|move|p2b: Dragonite|Protect|p2b: Dragonite\n|-singleturn|p2b: Dragonite|Protect\n|move|p1b: Garchomp|Stone Edge|p2b: Dragonite\n|-activate|p2b: Dragonite|move: Protect\n|move|p2a: Archaludon|Electro Shot||[still]\n|-prepare|p2a: Archaludon|Electro Shot\n|-boost|p2a: Archaludon|spa|1\n|-anim|p2a: Archaludon|Electro Shot|p1a: Corviknight\n|-supereffective|p1a: Corviknight|1\n|-damage|p1a: Corviknight|0 fnt\n|faint|p1a: Corviknight\n|\n|-weather|none\n|upkeep\n|turn|6\n|\n|t:|1775924997\n|move|p1b: Garchomp|Stone Edge|p2b: Dragonite\n|-supereffective|p2b: Dragonite|1\n|-crit|p2b: Dragonite\n|-damage|p2b: Dragonite|48/100\n|move|p2b: Dragonite|Draco Meteor|p1b: Garchomp|[miss]\n|-miss|p2b: Dragonite|p1b: Garchomp\n|move|p2a: Archaludon|Draco Meteor|p1b: Garchomp\n|-supereffective|p1b: Garchomp|1\n|-damage|p1b: Garchomp|0 fnt\n|-unboost|p2a: Archaludon|spa|2\n|faint|p1b: Garchomp\n|\n|win|jukasinjakudo\n|raw|Me11ow11's rating: 1044 &rarr; <strong>1031</strong><br />(-13 for losing)\n|raw|jukasinjakudo's rating: 1122 &rarr; <strong>1141</strong><br />(+19 for winning)\n|l|\u2606Me11ow11\n|player|p1|\n",
  "uploadtime": 1775925009,
  "views": 16,
  "formatid": "gen9championsvgc2026regma",
  "rating": 1031,
  "private": 0,
  "password": null
}