{
  "id": "gen9championsvgc2026regma-2581282382",
  "format": "[Gen 9 Champions] VGC 2026 Reg M-A",
  "players": [
    "lolgz",
    "coquito09"
  ],
  "log": "|j|\u2606lolgz\n|j|\u2606coquito09\n|t:|1775980929\n|gametype|doubles\n|player|p1|lolgz|170|\n|player|p2|coquito09|bruno|\n|gen|9\n|tier|[Gen 9 Champions] VGC 2026 Reg M-A\n|rated|Tournament battle\n|rule|Species Clause: Limit one of each Pok\u00e9mon\n|rule|Item Clause: Limit 1 of each item\n|clearpoke\n|poke|p1|Charizard, L50, F|\n|poke|p1|Whimsicott, L50, F|\n|poke|p1|Basculegion, L50, M|\n|poke|p1|Farigiraf, L50, M|\n|poke|p1|Sneasler, L50, M|\n|poke|p1|Floette-Eternal, L50, F|\n|poke|p2|Basculegion, L50, M|\n|poke|p2|Whimsicott, L50, F|\n|poke|p2|Incineroar, L50, F|\n|poke|p2|Garchomp, L50, M|\n|poke|p2|Typhlosion-Hisui, L50, M|\n|poke|p2|Floette-Eternal, L50, F|\n|teampreview|4\n|j| Reign1997\n|c|\u2606coquito09|glhf\n|\n|t:|1775980977\n|teamsize|p1|4\n|teamsize|p2|4\n|start\n|switch|p1a: Whimsicott|Whimsicott, L50, F|100/100\n|switch|p1b: Basculegion|Basculegion, L50, M|100/100\n|switch|p2a: Whimsicott|Whimsicott, L50, F|100/100\n|switch|p2b: Basculegion|Basculegion, L50, M|100/100\n|turn|1\n|\n|t:|1775981008\n|move|p2a: Whimsicott|Tailwind|p2a: Whimsicott\n|-sidestart|p2: coquito09|move: Tailwind\n|move|p1a: Whimsicott|Tailwind|p1a: Whimsicott\n|-sidestart|p1: lolgz|move: Tailwind\n|move|p2b: Basculegion|Flip Turn|p1a: Whimsicott\n|-resisted|p1a: Whimsicott|1\n|-damage|p1a: Whimsicott|71/100\n|\n|t:|1775981019\n|switch|p2b: Floette|Floette-Eternal, L50, F|100/100|[from] Flip Turn\n|move|p1b: Basculegion|Last Respects|p2b: Floette\n|-damage|p2b: Floette|68/100\n|\n|upkeep\n|turn|2\n|\n|t:|1775981043\n|switch|p1b: Floette|Floette-Eternal, L50, F|100/100\n|detailschange|p2b: Floette|Floette-Mega, L50, F\n|-mega|p2b: Floette|Floette|Floettite\n|-ability|p2b: Floette|Fairy Aura\n|move|p1a: Whimsicott|Encore|p2a: Whimsicott\n|-start|p2a: Whimsicott|Encore\n|move|p2a: Whimsicott|Tailwind||[still]\n|-fail|p2a: Whimsicott\n|move|p2b: Floette|Dazzling Gleam|p1b: Floette|[spread] p1a,p1b\n|-damage|p1a: Whimsicott|3/100\n|-damage|p1b: Floette|60/100\n|\n|upkeep\n|turn|3\n|\n|t:|1775981060\n|switch|p2a: Typhlosion|Typhlosion-Hisui, L50, M|100/100\n|detailschange|p1b: Floette|Floette-Mega, L50, F\n|-mega|p1b: Floette|Floette|Floettite\n|-ability|p1b: Floette|Fairy Aura\n|move|p1a: Whimsicott|Moonblast|p2b: Floette\n|-damage|p2b: Floette|32/100\n|move|p1b: Floette|Moonblast|p2b: Floette\n|-damage|p2b: Floette|0 fnt\n|faint|p2b: Floette\n|\n|upkeep\n|\n|t:|1775981072\n|switch|p2b: Basculegion|Basculegion, L50, M|100/100\n|turn|4\n|l| Reign1997\n|\n|t:|1775981095\n|move|p1b: Floette|Protect|p1b: Floette\n|-singleturn|p1b: Floette|Protect\n|move|p2b: Basculegion|Flip Turn|p1a: Whimsicott\n|-resisted|p1a: Whimsicott|1\n|-damage|p1a: Whimsicott|0 fnt\n|faint|p1a: Whimsicott\n|\n|t:|1775981098\n|switch|p2b: Whimsicott|Whimsicott, L50, F|100/100|[from] Flip Turn\n|move|p2a: Typhlosion|Overheat|p1b: Floette\n|-activate|p1b: Floette|move: Protect\n|\n|-sideend|p1: lolgz|move: Tailwind\n|-sideend|p2: coquito09|move: Tailwind\n|upkeep\n|\n|t:|1775981104\n|switch|p1a: Sneasler|Sneasler, L50, M|100/100\n|turn|5\n|j| gamaboy\n|\n|t:|1775981129\n|move|p1a: Sneasler|Fake Out|p2b: Whimsicott\n|-damage|p2b: Whimsicott|76/100\n|cant|p2b: Whimsicott|flinch\n|move|p1b: Floette|Dazzling Gleam|p2b: Whimsicott|[spread] p2a,p2b\n|-resisted|p2a: Typhlosion|1\n|-damage|p2a: Typhlosion|67/100\n|-damage|p2b: Whimsicott|0 fnt\n|faint|p2b: Whimsicott\n|move|p2a: Typhlosion|Eruption|p1a: Sneasler|[spread] p1a,p1b\n|-damage|p1a: Sneasler|35/100\n|-damage|p1b: Floette|20/100\n|\n|upkeep\n|\n|t:|1775981137\n|switch|p2b: Basculegion|Basculegion, L50, M|100/100\n|turn|6\n|\n|t:|1775981172\n|move|p2b: Basculegion|Last Respects|p1b: Floette\n|-damage|p1b: Floette|0 fnt\n|faint|p1b: Floette\n|move|p1a: Sneasler|Throat Chop|p2b: Basculegion\n|-supereffective|p2b: Basculegion|1\n|-damage|p2b: Basculegion|28/100\n|-start|p2b: Basculegion|Throat Chop|[silent]\n|move|p2a: Typhlosion|Shadow Ball|p1a: Sneasler\n|-damage|p1a: Sneasler|0 fnt\n|faint|p1a: Sneasler\n|\n|upkeep\n|\n|t:|1775981181\n|switch|p1b: Basculegion|Basculegion, L50, M|100/100\n|turn|7\n|\n|t:|1775981199\n|move|p1b: Basculegion|Last Respects|p2a: Typhlosion\n|-supereffective|p2a: Typhlosion|1\n|-damage|p2a: Typhlosion|0 fnt\n|faint|p2a: Typhlosion\n|move|p2b: Basculegion|Last Respects|p1b: Basculegion\n|-supereffective|p1b: Basculegion|1\n|-damage|p1b: Basculegion|0 fnt\n|faint|p1b: Basculegion\n|\n|win|coquito09\n|n|\u2606lolgz|lolgz\n|n|\u2606coquito09|coquito09\n|n| gamaboy|gamaboy\n",
  "uploadtime": 1775981199,
  "views": 14,
  "formatid": "gen9championsvgc2026regma",
  "rating": null,
  "private": 0,
  "password": null
}