{
  "id": "gen9championsvgc2026regma-2587334532",
  "format": "[Gen 9 Champions] VGC 2026 Reg M-A",
  "players": [
    "isaacito_10",
    "zdezander"
  ],
  "log": "|j|\u2606isaacito_10\n|j|\u2606zdezander\n|t:|1776523002\n|gametype|doubles\n|player|p1|isaacito_10|lucas|\n|player|p2|zdezander|hilbert-wonderlauncher|\n|gen|9\n|tier|[Gen 9 Champions] VGC 2026 Reg M-A\n|rule|Species Clause: Limit one of each Pok\u00e9mon\n|rule|Item Clause: Limit 1 of each item\n|clearpoke\n|poke|p1|Charizard, L50, M|\n|poke|p1|Hydreigon, L50, M, shiny|\n|poke|p1|Incineroar, L50, F, shiny|\n|poke|p1|Milotic, L50, F, shiny|\n|poke|p1|Sneasler, L50, M, shiny|\n|poke|p1|Sinistcha, L50, shiny|\n|poke|p2|Pelipper, L50, F|\n|poke|p2|Basculegion, L50, M|\n|poke|p2|Archaludon, L50, M|\n|poke|p2|Incineroar, L50, F|\n|poke|p2|Dragonite, L50, F|\n|poke|p2|Sneasler, L50, F|\n|teampreview|4\n|inactive|Battle timer is ON: inactive players will automatically lose when time's up. (requested by zdezander)\n|l|\u2606isaacito_10\n|inactive|isaacito_10 disconnected and has 300 seconds to reconnect!\n|player|p1|\n|j| capacete5\n|j|\u2606isaacito_10\n|inactive|isaacito_10 reconnected and has 90 seconds left.\n|player|p1|isaacito_10|lucas|\n|inactive|zdezander has 60 seconds left.\n|\n|t:|1776523034\n|teamsize|p1|4\n|teamsize|p2|4\n|start\n|switch|p1a: Incineroar|Incineroar, L50, F, shiny|100/100\n|switch|p1b: Charizard|Charizard, L50, M|100/100\n|switch|p2a: Espeto|Basculegion, L50, M|100/100\n|switch|p2b: Incineroar|Incineroar, L50, F|100/100\n|-ability|p1a: Incineroar|Intimidate|boost\n|-unboost|p2a: Espeto|atk|1\n|-unboost|p2b: Incineroar|atk|1\n|-ability|p2b: Incineroar|Intimidate|boost\n|-unboost|p1a: Incineroar|atk|1\n|-unboost|p1b: Charizard|atk|1\n|turn|1\n|\n|t:|1776523057\n|switch|p1b: Milotic|Milotic, L50, F, shiny|100/100\n|move|p1a: Incineroar|Fake Out|p2b: Incineroar\n|-damage|p2b: Incineroar|93/100\n|cant|p2b: Incineroar|flinch\n|move|p2a: Espeto|Flip Turn|p1b: Milotic\n|-resisted|p1b: Milotic|1\n|-damage|p1b: Milotic|89/100\n|\n|t:|1776523066\n|switch|p2a: Dragonite|Dragonite, L50, F|100/100|[from] Flip Turn\n|\n|-heal|p1b: Milotic|95/100|[from] item: Leftovers\n|upkeep\n|turn|2\n|\n|t:|1776523083\n|move|p2a: Dragonite|Protect|p2a: Dragonite\n|-singleturn|p2a: Dragonite|Protect\n|move|p1a: Incineroar|Parting Shot|p2a: Dragonite\n|-activate|p2a: Dragonite|move: Protect\n|move|p1b: Milotic|Scald|p2b: Incineroar\n|-supereffective|p2b: Incineroar|1\n|-damage|p2b: Incineroar|42/100\n|-enditem|p2b: Incineroar|Sitrus Berry|[eat]\n|-heal|p2b: Incineroar|67/100|[from] item: Sitrus Berry\n|move|p2b: Incineroar|Parting Shot|p1b: Milotic\n|-unboost|p1b: Milotic|atk|1\n|-ability|p1b: Milotic|Competitive|boost\n|-boost|p1b: Milotic|spa|2\n|-unboost|p1b: Milotic|spa|1\n|-ability|p1b: Milotic|Competitive|boost\n|-boost|p1b: Milotic|spa|2\n|inactive|zdezander has 30 seconds left.\n|\n|t:|1776523109\n|switch|p2b: P\u00edcaro de Playa|Pelipper, L50, F|100/100|[from] Parting Shot\n|-weather|RainDance|[from] ability: Drizzle|[of] p2b: P\u00edcaro de Playa\n|\n|-weather|RainDance|[upkeep]\n|-heal|p1b: Milotic|100/100|[from] item: Leftovers\n|upkeep\n|turn|3\n|\n|t:|1776523129\n|detailschange|p2a: Dragonite|Dragonite-Mega, L50, F\n|-mega|p2a: Dragonite|Dragonite|Dragoninite\n|move|p2a: Dragonite|Draco Meteor|p1b: Milotic\n|-damage|p1b: Milotic|39/100\n|-unboost|p2a: Dragonite|spa|2\n|move|p2b: P\u00edcaro de Playa|Hydro Pump|p1a: Incineroar|[miss]\n|-miss|p2b: P\u00edcaro de Playa|p1a: Incineroar\n|move|p1a: Incineroar|Parting Shot|p2b: P\u00edcaro de Playa\n|-unboost|p2b: P\u00edcaro de Playa|atk|1\n|-unboost|p2b: P\u00edcaro de Playa|spa|1\n|\n|t:|1776523142\n|switch|p1a: Charizard|Charizard, L50, M|100/100|[from] Parting Shot\n|move|p1b: Milotic|Ice Beam|p2a: Dragonite\n|-supereffective|p2a: Dragonite|2\n|-damage|p2a: Dragonite|11/100\n|\n|-weather|RainDance|[upkeep]\n|-heal|p1b: Milotic|45/100|[from] item: Leftovers\n|upkeep\n|turn|4\n|\n|t:|1776523155\n|move|p1a: Charizard|Protect|p1a: Charizard\n|-singleturn|p1a: Charizard|Protect\n|move|p2a: Dragonite|Hurricane|p1b: Milotic\n|-damage|p1b: Milotic|21/100\n|move|p2b: P\u00edcaro de Playa|Tailwind|p2b: P\u00edcaro de Playa\n|-sidestart|p2: zdezander|move: Tailwind\n|move|p1b: Milotic|Recover|p1b: Milotic\n|-heal|p1b: Milotic|71/100\n|\n|-weather|RainDance|[upkeep]\n|-heal|p1b: Milotic|77/100|[from] item: Leftovers\n|upkeep\n|turn|5\n|inactive|isaacito_10 has 30 seconds left.\n|inactive|zdezander has 30 seconds left.\n|\n|t:|1776523186\n|switch|p2a: Incineroar|Incineroar, L50, F|67/100\n|-ability|p2a: Incineroar|Intimidate|boost\n|-unboost|p1a: Charizard|atk|1\n|-unboost|p1b: Milotic|atk|1\n|-ability|p1b: Milotic|Competitive|boost\n|-boost|p1b: Milotic|spa|2\n|move|p2b: P\u00edcaro de Playa|Hydro Pump|p1a: Charizard\n|-supereffective|p1a: Charizard|1\n|-damage|p1a: Charizard|0 fnt\n|faint|p1a: Charizard\n|move|p1b: Milotic|Ice Beam|p2b: P\u00edcaro de Playa\n|-enditem|p2b: P\u00edcaro de Playa|Focus Sash\n|-damage|p2b: P\u00edcaro de Playa|1/100\n|\n|-weather|RainDance|[upkeep]\n|-heal|p1b: Milotic|83/100|[from] item: Leftovers\n|upkeep\n|\n|t:|1776523202\n|switch|p1a: Sinistcha|Sinistcha, L50, shiny|100/100\n|-heal|p1b: Milotic|100/100|[from] ability: Hospitality|[of] p1a: Sinistcha\n|turn|6\n|inactive|isaacito_10 has 30 seconds left.\n|\n|t:|1776523230\n|move|p2a: Incineroar|Fake Out|p1b: Milotic\n|-damage|p1b: Milotic|88/100\n|move|p2b: P\u00edcaro de Playa|Hurricane|p1a: Sinistcha\n|-supereffective|p1a: Sinistcha|1\n|-enditem|p1a: Sinistcha|Coba Berry|[eat]\n|-enditem|p1a: Sinistcha|Coba Berry|[weaken]\n|-damage|p1a: Sinistcha|61/100\n|cant|p1b: Milotic|flinch\n|move|p1a: Sinistcha|Matcha Gotcha|p2a: Incineroar|[spread] p2a,p2b\n|-resisted|p2a: Incineroar|1\n|-damage|p2a: Incineroar|53/100\n|-heal|p1a: Sinistcha|68/100|[from] drain|[of] p2a: Incineroar\n|-damage|p2b: P\u00edcaro de Playa|0 fnt\n|-heal|p1a: Sinistcha|69/100|[from] drain|[of] p2b: P\u00edcaro de Playa\n|faint|p2b: P\u00edcaro de Playa\n|\n|-weather|none\n|-heal|p1b: Milotic|94/100|[from] item: Leftovers\n|upkeep\n|\n|t:|1776523245\n|switch|p2b: Dragonite|Dragonite-Mega, L50, F|11/100\n|turn|7\n|\n|t:|1776523256\n|move|p1a: Sinistcha|Rage Powder|p1a: Sinistcha\n|-singleturn|p1a: Sinistcha|move: Rage Powder\n|move|p2b: Dragonite|Draco Meteor|p1a: Sinistcha|[miss]\n|-miss|p2b: Dragonite|p1a: Sinistcha\n|move|p2a: Incineroar|Darkest Lariat|p1a: Sinistcha\n|-supereffective|p1a: Sinistcha|1\n|-damage|p1a: Sinistcha|4/100\n|move|p1b: Milotic|Ice Beam|p2b: Dragonite\n|-supereffective|p2b: Dragonite|2\n|-crit|p2b: Dragonite\n|-damage|p2b: Dragonite|0 fnt\n|faint|p2b: Dragonite\n|\n|-heal|p1b: Milotic|99/100|[from] item: Leftovers\n|-sideend|p2: zdezander|move: Tailwind\n|upkeep\n|\n|t:|1776523264\n|switch|p2b: Espeto|Basculegion, L50, M|100/100\n|turn|8\n|inactive|isaacito_10 has 30 seconds left.\n|\n|t:|1776523292\n|move|p2b: Espeto|Last Respects|p1b: Milotic\n|-damage|p1b: Milotic|16/100\n|move|p1b: Milotic|Scald|p2a: Incineroar\n|-supereffective|p2a: Incineroar|1\n|-damage|p2a: Incineroar|0 fnt\n|faint|p2a: Incineroar\n|move|p1a: Sinistcha|Matcha Gotcha|p2b: Espeto\n|-supereffective|p2b: Espeto|1\n|-damage|p2b: Espeto|3/100\n|-heal|p1a: Sinistcha|58/100|[from] drain|[of] p2b: Espeto\n|\n|-heal|p1b: Milotic|22/100|[from] item: Leftovers\n|upkeep\n|turn|9\n|\n|t:|1776523310\n|move|p1a: Sinistcha|Rage Powder|p1a: Sinistcha\n|-singleturn|p1a: Sinistcha|move: Rage Powder\n|move|p2b: Espeto|Last Respects|p1a: Sinistcha\n|-supereffective|p1a: Sinistcha|1\n|-damage|p1a: Sinistcha|0 fnt\n|faint|p1a: Sinistcha\n|move|p1b: Milotic|Scald|p2b: Espeto\n|-resisted|p2b: Espeto|1\n|-damage|p2b: Espeto|0 fnt\n|faint|p2b: Espeto\n|\n|win|isaacito_10\n",
  "uploadtime": 1776523311,
  "views": 11,
  "formatid": "gen9championsvgc2026regma",
  "rating": null,
  "private": 0,
  "password": null
}