{
  "id": "gen9championsvgc2026regma-2585176589",
  "format": "[Gen 9 Champions] VGC 2026 Reg M-A",
  "players": [
    "elderen17",
    "chatonbrutal"
  ],
  "log": "|j|\u2606elderen17\n|j|\u2606chatonbrutal\n|t:|1776321320\n|gametype|doubles\n|player|p1|elderen17|pokemonbreeder-gen4|1304\n|player|p2|chatonbrutal|colress|1395\n|gen|9\n|tier|[Gen 9 Champions] VGC 2026 Reg M-A\n|rated|\n|rule|Species Clause: Limit one of each Pok\u00e9mon\n|rule|Item Clause: Limit 1 of each item\n|clearpoke\n|poke|p1|Tyranitar, L50, F|\n|poke|p1|Excadrill, L50, M|\n|poke|p1|Gardevoir, L50, F|\n|poke|p1|Gyarados, L50, F|\n|poke|p1|Sinistcha-Masterpiece, L50|\n|poke|p1|Rotom-Heat, L50|\n|poke|p2|Aegislash, L50, F|\n|poke|p2|Pelipper, L50, F|\n|poke|p2|Basculegion, L50, M|\n|poke|p2|Floette-Eternal, L50, F|\n|poke|p2|Whimsicott, L50, F|\n|poke|p2|Kingambit, L50, F|\n|teampreview|4\n|inactive|Battle timer is ON: inactive players will automatically lose when time's up. (requested by elderen17)\n|inactive|elderen17 has 60 seconds left.\n|\n|t:|1776321355\n|teamsize|p1|4\n|teamsize|p2|4\n|start\n|switch|p1a: Tyranitar|Tyranitar, L50, F, shiny|100/100\n|switch|p1b: Excadrill|Excadrill, L50, M, shiny|100/100\n|switch|p2a: Whimsicott|Whimsicott, L50, F|100/100\n|switch|p2b: Floette|Floette-Eternal, L50, F|100/100\n|-weather|Sandstorm|[from] ability: Sand Stream|[of] p1a: Tyranitar\n|turn|1\n|j| hachi123456\n|inactive|chatonbrutal has 30 seconds left.\n|\n|t:|1776321387\n|switch|p2b: Aegislash|Aegislash, L50, F|100/100\n|move|p2a: Whimsicott|Tailwind|p2a: Whimsicott\n|-sidestart|p2: chatonbrutal|move: Tailwind\n|move|p1b: Excadrill|Iron Head|p2b: Aegislash\n|-resisted|p2b: Aegislash|1\n|-damage|p2b: Aegislash|84/100\n|move|p1a: Tyranitar|Rock Slide|p2b: Aegislash|[spread] p2b\n|-miss|p1a: Tyranitar|p2a: Whimsicott\n|-resisted|p2b: Aegislash|1\n|-damage|p2b: Aegislash|72/100\n|\n|-weather|Sandstorm|[upkeep]\n|-damage|p2a: Whimsicott|95/100|[from] Sandstorm\n|-heal|p2b: Aegislash|78/100|[from] item: Leftovers\n|upkeep\n|turn|2\n|inactive|chatonbrutal has 30 seconds left.\n|inactive|elderen17 has 30 seconds left.\n|\n|t:|1776321419\n|switch|p1b: Gyarados|Gyarados, L50, F, shiny|100/100\n|-ability|p1b: Gyarados|Intimidate|boost\n|-unboost|p2a: Whimsicott|atk|1\n|-unboost|p2b: Aegislash|atk|1\n|detailschange|p1a: Tyranitar|Tyranitar-Mega, L50, F, shiny\n|-mega|p1a: Tyranitar|Tyranitar|Tyranitarite\n|move|p2a: Whimsicott|Moonblast|p1a: Tyranitar\n|-supereffective|p1a: Tyranitar|1\n|-damage|p1a: Tyranitar|70/100\n|-formechange|p2b: Aegislash|Aegislash-Blade|\n|move|p2b: Aegislash|Sacred Sword|p1a: Tyranitar\n|-supereffective|p1a: Tyranitar|2\n|-damage|p1a: Tyranitar|9/100\n|move|p1a: Tyranitar|Knock Off|p2b: Aegislash\n|-supereffective|p2b: Aegislash|1\n|-damage|p2b: Aegislash|0 fnt\n|-enditem|p2b: Aegislash|Leftovers|[from] move: Knock Off|[of] p1a: Tyranitar\n|faint|p2b: Aegislash\n|\n|-weather|Sandstorm|[upkeep]\n|-damage|p2a: Whimsicott|89/100|[from] Sandstorm\n|-damage|p1b: Gyarados|95/100|[from] Sandstorm\n|-heal|p1b: Gyarados|100/100|[from] item: Leftovers\n|upkeep\n|inactive|chatonbrutal has 30 seconds left.\n|\n|t:|1776321447\n|switch|p2b: Floette|Floette-Eternal, L50, F|100/100\n|turn|3\n|\n|t:|1776321459\n|detailschange|p2b: Floette|Floette-Mega, L50, F\n|-mega|p2b: Floette|Floette|Floettite\n|-ability|p2b: Floette|Fairy Aura\n|move|p1a: Tyranitar|Protect|p1a: Tyranitar\n|-singleturn|p1a: Tyranitar|Protect\n|move|p2a: Whimsicott|Moonblast|p1b: Gyarados\n|-crit|p1b: Gyarados\n|-damage|p1b: Gyarados|58/100\n|-unboost|p1b: Gyarados|spa|1\n|move|p2b: Floette|Dazzling Gleam|p1a: Tyranitar|[spread] p1b\n|-activate|p1a: Tyranitar|move: Protect\n|-damage|p1b: Gyarados|20/100\n|move|p1b: Gyarados|Thunder Wave|p2b: Floette\n|-status|p2b: Floette|par\n|\n|-weather|Sandstorm|[upkeep]\n|-damage|p2a: Whimsicott|83/100|[from] Sandstorm\n|-damage|p2b: Floette|95/100 par|[from] Sandstorm\n|-damage|p1b: Gyarados|14/100|[from] Sandstorm\n|-heal|p1b: Gyarados|20/100|[from] item: Leftovers\n|upkeep\n|turn|4\n|inactive|elderen17 has 30 seconds left.\n|inactive|chatonbrutal has 30 seconds left.\n|inactive|chatonbrutal has 20 seconds left.\n|inactive|chatonbrutal has 15 seconds left.\n|inactive|chatonbrutal has 10 seconds left.\n|\n|t:|1776321507\n|switch|p1a: Rotom|Rotom-Heat, L50, shiny|100/100\n|move|p2a: Whimsicott|Moonblast|p1b: Gyarados\n|-crit|p1b: Gyarados\n|-damage|p1b: Gyarados|0 fnt\n|faint|p1b: Gyarados\n|move|p2b: Floette|Dazzling Gleam|p1a: Rotom\n|-resisted|p1a: Rotom|1\n|-damage|p1a: Rotom|59/100\n|\n|-weather|Sandstorm|[upkeep]\n|-damage|p2a: Whimsicott|77/100|[from] Sandstorm\n|-damage|p1a: Rotom|53/100|[from] Sandstorm\n|-damage|p2b: Floette|89/100 par|[from] Sandstorm\n|-sideend|p2: chatonbrutal|move: Tailwind\n|upkeep\n|\n|t:|1776321518\n|switch|p1b: Excadrill|Excadrill, L50, M, shiny|100/100\n|turn|5\n|\n|t:|1776321529\n|switch|p2b: Pelipper|Pelipper, L50, F|100/100\n|-weather|RainDance|[from] ability: Drizzle|[of] p2b: Pelipper\n|move|p2a: Whimsicott|Tailwind|p2a: Whimsicott\n|-sidestart|p2: chatonbrutal|move: Tailwind\n|move|p1a: Rotom|Overheat|p2a: Whimsicott\n|-supereffective|p2a: Whimsicott|1\n|-damage|p2a: Whimsicott|0 fnt\n|-unboost|p1a: Rotom|spa|2\n|faint|p2a: Whimsicott\n|move|p1b: Excadrill|Iron Head|p2b: Pelipper\n|-resisted|p2b: Pelipper|1\n|-damage|p2b: Pelipper|73/100\n|\n|-weather|RainDance|[upkeep]\n|upkeep\n|\n|t:|1776321542\n|switch|p2a: Floette|Floette-Mega, L50, F|89/100 par\n|-ability|p2a: Floette|Fairy Aura\n|turn|6\n|inactive|chatonbrutal has 30 seconds left.\n|\n|t:|1776321568\n|switch|p1a: Tyranitar|Tyranitar-Mega, L50, F, shiny|9/100\n|-weather|Sandstorm|[from] ability: Sand Stream|[of] p1a: Tyranitar\n|move|p1b: Excadrill|Protect|p1b: Excadrill\n|-singleturn|p1b: Excadrill|Protect\n|move|p2a: Floette|Protect|p2a: Floette\n|-singleturn|p2a: Floette|Protect\n|move|p2b: Pelipper|Hurricane|p1b: Excadrill\n|-activate|p1b: Excadrill|move: Protect\n|\n|-weather|Sandstorm|[upkeep]\n|-damage|p2b: Pelipper|67/100|[from] Sandstorm\n|-damage|p2a: Floette|83/100 par|[from] Sandstorm\n|upkeep\n|turn|7\n|\n|t:|1776321590\n|move|p1b: Excadrill|Iron Head|p2a: Floette\n|-supereffective|p2a: Floette|1\n|-damage|p2a: Floette|0 fnt\n|faint|p2a: Floette\n|move|p2b: Pelipper|Hurricane|p1b: Excadrill\n|-resisted|p1b: Excadrill|1\n|-damage|p1b: Excadrill|63/100\n|move|p1a: Tyranitar|Rock Slide|p2b: Pelipper|[miss]\n|-miss|p1a: Tyranitar|p2b: Pelipper\n|\n|-weather|Sandstorm|[upkeep]\n|-damage|p2b: Pelipper|61/100|[from] Sandstorm\n|upkeep\n|turn|8\n|\n|t:|1776321604\n|move|p1b: Excadrill|Iron Head|p2b: Pelipper\n|-resisted|p2b: Pelipper|1\n|-damage|p2b: Pelipper|33/100\n|move|p2b: Pelipper|Weather Ball|p1a: Tyranitar\n|-damage|p1a: Tyranitar|0 fnt\n|faint|p1a: Tyranitar\n|\n|-weather|Sandstorm|[upkeep]\n|-damage|p2b: Pelipper|27/100|[from] Sandstorm\n|-sideend|p2: chatonbrutal|move: Tailwind\n|upkeep\n|\n|t:|1776321613\n|switch|p1a: Rotom|Rotom-Heat, L50, shiny|53/100\n|turn|9\n|c|\u2606chatonbrutal|gg\n|\n|t:|1776321617\n|move|p1b: Excadrill|Iron Head|p2b: Pelipper\n|-resisted|p2b: Pelipper|1\n|-damage|p2b: Pelipper|0 fnt\n|faint|p2b: Pelipper\n|\n|win|elderen17\n|raw|elderen17's rating: 1304 &rarr; <strong>1329</strong><br />(+25 for winning)\n|raw|chatonbrutal's rating: 1395 &rarr; <strong>1370</strong><br />(-25 for losing)\n|c|\u2606elderen17|gg\n|l|\u2606chatonbrutal\n|player|p2|\n",
  "uploadtime": 1776321625,
  "views": 26,
  "formatid": "gen9championsvgc2026regma",
  "rating": 1329,
  "private": 0,
  "password": null
}