{
  "id": "gen9championsvgc2026regma-2588407086",
  "format": "[Gen 9 Champions] VGC 2026 Reg M-A",
  "players": [
    "Samubruni97",
    "Paviskii"
  ],
  "log": "|j|\u2606Samubruni97\n|j|\u2606Paviskii\n|t:|1776630910\n|gametype|doubles\n|player|p1|Samubruni97|red|1329\n|player|p2|Paviskii|medium|1291\n|gen|9\n|tier|[Gen 9 Champions] VGC 2026 Reg M-A\n|rated|\n|rule|Species Clause: Limit one of each Pok\u00e9mon\n|rule|Item Clause: Limit 1 of each item\n|clearpoke\n|poke|p1|Incineroar, L50, M|\n|poke|p1|Gardevoir, L50, M|\n|poke|p1|Torkoal, L50, M|\n|poke|p1|Farigiraf, L50, M|\n|poke|p1|Sneasler, L50, F|\n|poke|p1|Conkeldurr, L50, M|\n|poke|p2|Glimmora, L50, M|\n|poke|p2|Drampa, L50, F|\n|poke|p2|Farigiraf, L50, M|\n|poke|p2|Gardevoir, L50, F|\n|poke|p2|Incineroar, L50, F|\n|poke|p2|Corviknight, L50, F|\n|teampreview|4\n|inactive|Battle timer is ON: inactive players will automatically lose when time's up. (requested by Paviskii)\n|inactive|Samubruni97 also wants the timer to be on.\n|\n|t:|1776630939\n|teamsize|p1|4\n|teamsize|p2|4\n|start\n|switch|p1a: Farigiraf|Farigiraf, L50, M|100/100\n|switch|p1b: Sneasler|Sneasler, L50, F|100/100\n|switch|p2a: Incineroar|Incineroar, L50, F|100/100\n|switch|p2b: Drampa|Drampa, L50, F|100/100\n|-ability|p2a: Incineroar|Intimidate|boost\n|-unboost|p1a: Farigiraf|atk|1\n|-unboost|p1b: Sneasler|atk|1\n|-enditem|p1b: Sneasler|White Herb\n|-clearnegativeboost|p1b: Sneasler|[silent]\n|turn|1\n|\n|t:|1776630958\n|switch|p2b: Farigiraf|Farigiraf, L50, M|100/100\n|move|p1b: Sneasler|Close Combat|p2a: Incineroar\n|-supereffective|p2a: Incineroar|1\n|-enditem|p2a: Incineroar|Chople Berry|[eat]\n|-enditem|p2a: Incineroar|Chople Berry|[weaken]\n|-damage|p2a: Incineroar|57/100\n|-unboost|p1b: Sneasler|def|1\n|-unboost|p1b: Sneasler|spd|1\n|move|p2a: Incineroar|Parting Shot|p1b: Sneasler\n|-unboost|p1b: Sneasler|atk|1\n|-unboost|p1b: Sneasler|spa|1\n|\n|t:|1776630968\n|switch|p2a: Drampa|Drampa, L50, F|100/100|[from] Parting Shot\n|move|p1a: Farigiraf|Trick Room|p1a: Farigiraf\n|-fieldstart|move: Trick Room|[of] p1a: Farigiraf\n|\n|upkeep\n|turn|2\n|\n|t:|1776630979\n|detailschange|p2a: Drampa|Drampa-Mega, L50, F\n|-mega|p2a: Drampa|Drampa|Drampanite\n|move|p2a: Drampa|Calm Mind|p2a: Drampa\n|-boost|p2a: Drampa|spa|1\n|-boost|p2a: Drampa|spd|1\n|move|p1a: Farigiraf|Hyper Voice|p2b: Farigiraf|[spread] p2a,p2b\n|-damage|p2a: Drampa|85/100\n|-damage|p2b: Farigiraf|74/100\n|move|p2b: Farigiraf|Psychic|p1b: Sneasler\n|-supereffective|p1b: Sneasler|2\n|-damage|p1b: Sneasler|0 fnt\n|faint|p1b: Sneasler\n|\n|upkeep\n|\n|t:|1776630992\n|switch|p1b: Torkoal|Torkoal, L50, M|100/100\n|-weather|SunnyDay|[from] ability: Drought|[of] p1b: Torkoal\n|turn|3\n|\n|t:|1776631003\n|move|p2b: Farigiraf|Helping Hand|p2a: Drampa\n|-singleturn|p2a: Drampa|Helping Hand|[of] p2b: Farigiraf\n|move|p1b: Torkoal|Eruption|p2b: Farigiraf|[spread] p2a,p2b\n|-resisted|p2a: Drampa|1\n|-damage|p2a: Drampa|69/100\n|-damage|p2b: Farigiraf|8/100\n|-enditem|p2b: Farigiraf|Sitrus Berry|[eat]\n|-heal|p2b: Farigiraf|33/100|[from] item: Sitrus Berry\n|move|p2a: Drampa|Hyper Voice|p1b: Torkoal|[spread] p1a,p1b\n|-damage|p1a: Farigiraf|24/100\n|-damage|p1b: Torkoal|27/100\n|move|p1a: Farigiraf|Hyper Voice|p2a: Drampa|[spread] p2a,p2b\n|-damage|p2a: Drampa|53/100\n|-damage|p2b: Farigiraf|8/100\n|\n|-weather|SunnyDay|[upkeep]\n|upkeep\n|turn|4\n|\n|t:|1776631022\n|switch|p2b: Incineroar|Incineroar, L50, F|57/100\n|-ability|p2b: Incineroar|Intimidate|boost\n|-unboost|p1a: Farigiraf|atk|1\n|-unboost|p1b: Torkoal|atk|1\n|move|p1b: Torkoal|Earth Power|p2a: Drampa\n|-damage|p2a: Drampa|42/100\n|-unboost|p2a: Drampa|spd|1\n|-ability|p2a: Drampa|Berserk|boost\n|-boost|p2a: Drampa|spa|1\n|move|p2a: Drampa|Hyper Voice|p1a: Farigiraf|[spread] p1a,p1b\n|-damage|p1a: Farigiraf|0 fnt\n|-damage|p1b: Torkoal|0 fnt\n|faint|p1a: Farigiraf\n|faint|p1b: Torkoal\n|\n|-weather|SunnyDay|[upkeep]\n|upkeep\n|\n|t:|1776631039\n|switch|p1b: Gardevoir|Gardevoir, L50, M|100/100\n|-ability|p1b: Gardevoir|Berserk|Trace|[from] ability: Trace|[of] p2a: Drampa\n|turn|5\n|\n|t:|1776631046\n|detailschange|p1b: Gardevoir|Gardevoir-Mega, L50, M\n|-mega|p1b: Gardevoir|Gardevoir|Gardevoirite\n|move|p2b: Incineroar|Fake Out|p1b: Gardevoir\n|-crit|p1b: Gardevoir\n|-damage|p1b: Gardevoir|83/100\n|move|p2a: Drampa|Calm Mind|p2a: Drampa\n|-boost|p2a: Drampa|spa|1\n|-boost|p2a: Drampa|spd|1\n|cant|p1b: Gardevoir|flinch\n|\n|-weather|SunnyDay|[upkeep]\n|-fieldend|move: Trick Room\n|upkeep\n|turn|6\n|\n|t:|1776631058\n|move|p1b: Gardevoir|Hyper Voice|p2a: Drampa|[spread] p2a,p2b\n|-supereffective|p2a: Drampa|1\n|-damage|p2a: Drampa|0 fnt\n|-damage|p2b: Incineroar|20/100\n|faint|p2a: Drampa\n|move|p2b: Incineroar|Flare Blitz|p1b: Gardevoir\n|-damage|p1b: Gardevoir|9/100\n|-damage|p2b: Incineroar|0 fnt|[from] Recoil\n|faint|p2b: Incineroar\n|\n|-weather|SunnyDay|[upkeep]\n|upkeep\n|\n|t:|1776631061\n|switch|p2b: Gardevoir|Gardevoir, L50, F|100/100\n|switch|p2a: Farigiraf|Farigiraf, L50, M|8/100\n|turn|7\n|\n|t:|1776631073\n|move|p2a: Farigiraf|Helping Hand|p2b: Gardevoir\n|-singleturn|p2b: Gardevoir|Helping Hand|[of] p2a: Farigiraf\n|move|p2b: Gardevoir|Moonblast|p1b: Gardevoir\n|-damage|p1b: Gardevoir|0 fnt\n|faint|p1b: Gardevoir\n|\n|win|Paviskii\n|raw|Samubruni97's rating: 1329 &rarr; <strong>1307</strong><br />(-22 for losing)\n|raw|Paviskii's rating: 1291 &rarr; <strong>1319</strong><br />(+28 for winning)\n|l|\u2606Paviskii\n|player|p2|\n|l|\u2606Samubruni97\n|player|p1|\n|j|\u2606Paviskii\n|player|p2|Paviskii|medium|\n",
  "uploadtime": 1776631092,
  "views": 12,
  "formatid": "gen9championsvgc2026regma",
  "rating": 1307,
  "private": 0,
  "password": null
}