{
  "id": "gen9championsvgc2026regma-2582050694",
  "format": "[Gen 9 Champions] VGC 2026 Reg M-A",
  "players": [
    "jnss",
    "trentonamo"
  ],
  "log": "|j|\u2606jnss\n|j|\u2606trentonamo\n|t:|1776052046\n|gametype|doubles\n|player|p1|jnss|rosa|1021\n|player|p2|trentonamo|burglar|1111\n|gen|9\n|tier|[Gen 9 Champions] VGC 2026 Reg M-A\n|rated|\n|rule|Species Clause: Limit one of each Pok\u00e9mon\n|rule|Item Clause: Limit 1 of each item\n|clearpoke\n|poke|p1|Sableye, L50, M|\n|poke|p1|Sinistcha, L50|\n|poke|p1|Floette-Eternal, L50, F|\n|poke|p1|Incineroar, L50, M|\n|poke|p1|Basculegion, L50, M|\n|poke|p1|Aerodactyl, L50, M|\n|poke|p2|Orthworm, L50, M|\n|poke|p2|Basculegion, L50, M|\n|poke|p2|Incineroar, L50, F|\n|poke|p2|Froslass, L50, F|\n|poke|p2|Rotom-Frost, L50|\n|poke|p2|Garchomp, L50, M|\n|teampreview|4\n|inactive|Battle timer is ON: inactive players will automatically lose when time's up. (requested by jnss)\n|inactive|jnss has 60 seconds left.\n|\n|t:|1776052078\n|teamsize|p1|4\n|teamsize|p2|4\n|start\n|switch|p1a: Floette|Floette-Eternal, L50, F|100/100\n|switch|p1b: Sableye|Sableye, L50, M|100/100\n|switch|p2a: Orthworm|Orthworm, L50, M|100/100\n|switch|p2b: Garchomp|Garchomp, L50, M|100/100\n|turn|1\n|\n|t:|1776052084\n|detailschange|p1a: Floette|Floette-Mega, L50, F\n|-mega|p1a: Floette|Floette|Floettite\n|-ability|p1a: Floette|Fairy Aura\n|move|p1b: Sableye|Reflect|p1b: Sableye\n|-sidestart|p1: jnss|Reflect\n|move|p2b: Garchomp|Earthquake|p1a: Floette|[spread] p1a,p1b\n|-immune|p2a: Orthworm|[from] ability: Earth Eater\n|-damage|p1a: Floette|77/100\n|-damage|p1b: Sableye|68/100\n|move|p1a: Floette|Calm Mind|p1a: Floette\n|-boost|p1a: Floette|spa|1\n|-boost|p1a: Floette|spd|1\n|move|p2a: Orthworm|Heavy Slam|p1a: Floette\n|-supereffective|p1a: Floette|1\n|-damage|p1a: Floette|50/100\n|\n|upkeep\n|turn|2\n|inactive|jnss has 30 seconds left.\n|\n|t:|1776052111\n|move|p1a: Floette|Protect|p1a: Floette\n|-singleturn|p1a: Floette|Protect\n|move|p2b: Garchomp|Earthquake|p1a: Floette|[spread] p1b\n|-activate|p1a: Floette|move: Protect\n|-immune|p2a: Orthworm|[from] ability: Earth Eater\n|-damage|p1b: Sableye|33/100\n|move|p2a: Orthworm|Shed Tail|p2a: Orthworm\n|-start|p2a: Orthworm|Substitute|[from] move: Shed Tail\n|-damage|p2a: Orthworm|50/100\n|-enditem|p2a: Orthworm|Sitrus Berry|[eat]\n|-heal|p2a: Orthworm|75/100|[from] item: Sitrus Berry\n|\n|t:|1776052123\n|switch|p2a: Froslass|Froslass, L50, F|100/100|[from] Shed Tail\n|move|p1b: Sableye|Foul Play|p2b: Garchomp\n|-damage|p2b: Garchomp|48/100\n|-damage|p1b: Sableye|21/100|[from] ability: Rough Skin|[of] p2b: Garchomp\n|\n|upkeep\n|turn|3\n|\n|t:|1776052137\n|switch|p1b: Aerodactyl|Aerodactyl, L50, M|100/100\n|-ability|p1b: Aerodactyl|Unnerve\n|move|p2a: Froslass|Nasty Plot|p2a: Froslass\n|-boost|p2a: Froslass|spa|2\n|move|p2b: Garchomp|Rock Slide|p1a: Floette|[spread] p1a,p1b\n|-supereffective|p1b: Aerodactyl|1\n|-damage|p1a: Floette|38/100\n|-damage|p1b: Aerodactyl|58/100\n|move|p1a: Floette|Dazzling Gleam|p2a: Froslass|[spread] p2a,p2b\n|-end|p2a: Froslass|Substitute\n|-supereffective|p2b: Garchomp|1\n|-damage|p2b: Garchomp|0 fnt\n|faint|p2b: Garchomp\n|\n|upkeep\n|\n|t:|1776052152\n|switch|p2b: Rotom|Rotom-Frost, L50|100/100\n|turn|4\n|\n|t:|1776052168\n|detailschange|p2a: Froslass|Froslass-Mega, L50, F\n|-mega|p2a: Froslass|Froslass|Froslassite\n|-weather|Snowscape|[from] ability: Snow Warning|[of] p2a: Froslass\n|move|p1b: Aerodactyl|Wide Guard|p1b: Aerodactyl\n|-singleturn|p1b: Aerodactyl|Wide Guard\n|move|p2a: Froslass|Blizzard|p1a: Floette|[spread] \n|-activate|p1a: Floette|move: Wide Guard\n|-activate|p1b: Aerodactyl|move: Wide Guard\n|move|p1a: Floette|Calm Mind|p1a: Floette\n|-boost|p1a: Floette|spa|1\n|-boost|p1a: Floette|spd|1\n|move|p2b: Rotom|Blizzard|p1a: Floette|[spread] \n|-activate|p1a: Floette|move: Wide Guard\n|-activate|p1b: Aerodactyl|move: Wide Guard\n|\n|-weather|Snowscape|[upkeep]\n|upkeep\n|turn|5\n|\n|t:|1776052188\n|move|p1b: Aerodactyl|Rock Slide|p2a: Froslass|[spread] p2a,p2b\n|-supereffective|p2a: Froslass|1\n|-supereffective|p2b: Rotom|1\n|-damage|p2a: Froslass|46/100\n|-damage|p2b: Rotom|66/100\n|move|p2a: Froslass|Blizzard|p1a: Floette|[spread] p1a,p1b\n|-supereffective|p1b: Aerodactyl|1\n|-damage|p1a: Floette|9/100\n|-damage|p1b: Aerodactyl|0 fnt\n|faint|p1b: Aerodactyl\n|move|p1a: Floette|Dazzling Gleam|p2b: Rotom|[spread] p2a,p2b\n|-damage|p2a: Froslass|0 fnt\n|-damage|p2b: Rotom|0 fnt\n|faint|p2a: Froslass\n|faint|p2b: Rotom\n|\n|-weather|Snowscape|[upkeep]\n|-sideend|p1: jnss|Reflect\n|upkeep\n|\n|t:|1776052203\n|switch|p1b: Basculegion|Basculegion, L50, M|100/100\n|switch|p2b: Orthworm|Orthworm, L50, M|75/100\n|turn|6\n|\n|t:|1776052210\n|move|p1b: Basculegion|Wave Crash|p2b: Orthworm\n|-damage|p2b: Orthworm|23/100\n|-damage|p1b: Basculegion|85/100|[from] Recoil\n|move|p1a: Floette|Moonblast|p2b: Orthworm\n|-resisted|p2b: Orthworm|1\n|-damage|p2b: Orthworm|0 fnt\n|faint|p2b: Orthworm\n|\n|win|jnss\n|raw|jnss's rating: 1021 &rarr; <strong>1067</strong><br />(+46 for winning)\n|raw|trentonamo's rating: 1111 &rarr; <strong>1080</strong><br />(-31 for losing)\n|l|\u2606trentonamo\n|player|p2|\n",
  "uploadtime": 1776052222,
  "views": 18,
  "formatid": "gen9championsvgc2026regma",
  "rating": 1067,
  "private": 0,
  "password": null
}