{
  "id": "gen9championsvgc2026regma-2589493933",
  "format": "[Gen 9 Champions] VGC 2026 Reg M-A",
  "players": [
    "Warehouse User",
    "trac3000"
  ],
  "log": "|j|\u2606Warehouse User\n|j|\u2606trac3000\n|t:|1776728025\n|gametype|doubles\n|player|p1|Warehouse User|265|1095\n|player|p2|trac3000|giovanni|1147\n|gen|9\n|tier|[Gen 9 Champions] VGC 2026 Reg M-A\n|rated|\n|rule|Species Clause: Limit one of each Pok\u00e9mon\n|rule|Item Clause: Limit 1 of each item\n|clearpoke\n|poke|p1|Aegislash, L50, F|\n|poke|p1|Maushold-Four, L50|\n|poke|p1|Azumarill, L50, F|\n|poke|p1|Whimsicott, L50, F|\n|poke|p1|Glimmora, L50, M|\n|poke|p1|Arcanine, L50, M|\n|poke|p2|Archaludon, L50, F|\n|poke|p2|Pelipper, L50, M|\n|poke|p2|Sinistcha, L50|\n|poke|p2|Chimecho, L50, F|\n|poke|p2|Zoroark-Hisui, L50, F|\n|poke|p2|Rotom-Heat, L50|\n|teampreview|4\n|inactive|Battle timer is ON: inactive players will automatically lose when time's up. (requested by trac3000)\n|inactive|Warehouse User has 60 seconds left.\n|inactive|trac3000 has 60 seconds left.\n|\n|t:|1776728070\n|teamsize|p1|4\n|teamsize|p2|4\n|start\n|switch|p1a: Azumarill|Azumarill, L50, F|100/100\n|switch|p1b: Aegislash|Aegislash, L50, F|100/100\n|switch|p2a: Sinistcha|Sinistcha, L50|100/100\n|switch|p2b: Pelipper|Pelipper, L50, M|100/100\n|-weather|RainDance|[from] ability: Drizzle|[of] p2b: Pelipper\n|turn|1\n|inactive|Warehouse User has 30 seconds left.\n|\n|t:|1776728103\n|switch|p1b: Maushold|Maushold-Four, L50|100/100\n|move|p2a: Sinistcha|Bitter Malice|p1b: Maushold\n|-immune|p1b: Maushold\n|move|p2b: Pelipper|Tailwind|p2b: Pelipper\n|-sidestart|p2: trac3000|move: Tailwind\n|move|p1a: Azumarill|Play Rough|p2a: Sinistcha\n|-damage|p2a: Sinistcha|0 fnt\n|replace|p2a: Zoroark|Zoroark-Hisui, L50, F\n|-end|p2a: Zoroark|Illusion\n|faint|p2a: Zoroark\n|\n|-weather|RainDance|[upkeep]\n|upkeep\n|\n|t:|1776728119\n|switch|p2a: Archaludon|Archaludon, L50, F|100/100\n|turn|2\n|\n|t:|1776728137\n|move|p1b: Maushold|Follow Me|p1b: Maushold\n|-singleturn|p1b: Maushold|move: Follow Me\n|move|p2b: Pelipper|Hurricane|p1b: Maushold\n|-damage|p1b: Maushold|38/100\n|-start|p1b: Maushold|confusion\n|move|p2a: Archaludon|Electro Shot||[still]\n|-prepare|p2a: Archaludon|Electro Shot\n|-boost|p2a: Archaludon|spa|1\n|-anim|p2a: Archaludon|Electro Shot|p1b: Maushold\n|-damage|p1b: Maushold|0 fnt\n|faint|p1b: Maushold\n|move|p1a: Azumarill|Play Rough|p2a: Archaludon\n|-crit|p2a: Archaludon\n|-damage|p2a: Archaludon|33/100\n|-ability|p2a: Archaludon|Stamina|boost\n|-boost|p2a: Archaludon|def|1\n|\n|-weather|RainDance|[upkeep]\n|-heal|p2a: Archaludon|38/100|[from] item: Leftovers\n|upkeep\n|\n|t:|1776728156\n|switch|p1b: Glimmora|Glimmora, L50, M|100/100\n|turn|3\n|\n|t:|1776728168\n|detailschange|p1b: Glimmora|Glimmora-Mega, L50, M\n|-mega|p1b: Glimmora|Glimmora|Glimmoranite\n|move|p1a: Azumarill|Protect|p1a: Azumarill\n|-singleturn|p1a: Azumarill|Protect\n|move|p2b: Pelipper|Weather Ball|p1b: Glimmora\n|-supereffective|p1b: Glimmora|1\n|-damage|p1b: Glimmora|0 fnt\n|faint|p1b: Glimmora\n|move|p2a: Archaludon|Electro Shot||[still]\n|-prepare|p2a: Archaludon|Electro Shot\n|-boost|p2a: Archaludon|spa|1\n|-anim|p2a: Archaludon|Electro Shot|p1a: Azumarill\n|-activate|p1a: Azumarill|move: Protect\n|\n|-weather|RainDance|[upkeep]\n|-heal|p2a: Archaludon|44/100|[from] item: Leftovers\n|upkeep\n|\n|t:|1776728184\n|switch|p1b: Aegislash|Aegislash, L50, F|100/100\n|turn|4\n|\n|t:|1776728194\n|move|p2b: Pelipper|Weather Ball|p1b: Aegislash\n|-damage|p1b: Aegislash|52/100\n|move|p2a: Archaludon|Electro Shot||[still]\n|-prepare|p2a: Archaludon|Electro Shot\n|-boost|p2a: Archaludon|spa|1\n|-anim|p2a: Archaludon|Electro Shot|p1a: Azumarill\n|-supereffective|p1a: Azumarill|1\n|-damage|p1a: Azumarill|0 fnt\n|faint|p1a: Azumarill\n|-formechange|p1b: Aegislash|Aegislash-Blade|\n|move|p1b: Aegislash|Sacred Sword|p2a: Archaludon\n|-supereffective|p2a: Archaludon|1\n|-damage|p2a: Archaludon|0 fnt\n|faint|p2a: Archaludon\n|\n|-weather|RainDance|[upkeep]\n|-sideend|p2: trac3000|move: Tailwind\n|upkeep\n|\n|t:|1776728207\n|switch|p2a: Sinistcha|Sinistcha, L50|100/100\n|turn|5\n|\n|t:|1776728213\n|move|p1b: Aegislash|Shadow Sneak|p2a: Sinistcha\n|-supereffective|p2a: Sinistcha|1\n|-damage|p2a: Sinistcha|48/100\n|-enditem|p2a: Sinistcha|Sitrus Berry|[eat]\n|-heal|p2a: Sinistcha|73/100|[from] item: Sitrus Berry\n|move|p2b: Pelipper|Weather Ball|p1b: Aegislash\n|-damage|p1b: Aegislash|0 fnt\n|faint|p1b: Aegislash\n|\n|win|trac3000\n|raw|Warehouse User's rating: 1095 &rarr; <strong>1074</strong><br />(-21 for losing)\n|raw|trac3000's rating: 1147 &rarr; <strong>1168</strong><br />(+21 for winning)\n|l|\u2606trac3000\n|player|p2|\n",
  "uploadtime": 1776728222,
  "views": 6,
  "formatid": "gen9championsvgc2026regma",
  "rating": 1074,
  "private": 0,
  "password": null
}