{
  "id": "gen9championsvgc2026regma-2588704842",
  "format": "[Gen 9 Champions] VGC 2026 Reg M-A",
  "players": [
    "ReZon8",
    "ydawgontop10"
  ],
  "log": "|j|\u2606ReZon8\n|j|\u2606ydawgontop10\n|t:|1776659852\n|gametype|doubles\n|player|p1|ReZon8|265|1170\n|player|p2|ydawgontop10|169|1173\n|gen|9\n|tier|[Gen 9 Champions] VGC 2026 Reg M-A\n|rated|\n|rule|Species Clause: Limit one of each Pok\u00e9mon\n|rule|Item Clause: Limit 1 of each item\n|clearpoke\n|poke|p1|Palafin, L50, F|\n|poke|p1|Pelipper, L50, F|\n|poke|p1|Garchomp, L50, F|\n|poke|p1|Scizor, L50, M|\n|poke|p1|Sableye, L50, F|\n|poke|p1|Rotom-Wash, L50|\n|poke|p2|Beedrill, L50, F|\n|poke|p2|Gardevoir, L50, F|\n|poke|p2|Snorlax, L50, F|\n|poke|p2|Alakazam, L50, M|\n|poke|p2|Victreebel, L50, F|\n|poke|p2|Talonflame, L50, F|\n|teampreview|4\n|inactive|Battle timer is ON: inactive players will automatically lose when time's up. (requested by ydawgontop10)\n|inactive|ReZon8 has 60 seconds left.\n|inactive|ReZon8 has 30 seconds left.\n|inactive|ReZon8 has 20 seconds left.\n|inactive|ReZon8 has 15 seconds left.\n|\n|t:|1776659932\n|teamsize|p1|4\n|teamsize|p2|4\n|start\n|switch|p1a: Scizor|Scizor, L50, M|100/100\n|switch|p1b: Palafin|Palafin, L50, F|100/100\n|switch|p2a: Gardevoir|Gardevoir, L50, F|100/100\n|switch|p2b: Snorlax|Snorlax, L50, F|100/100\n|turn|1\n|inactive|ReZon8 has 30 seconds left.\n|\n|t:|1776659958\n|detailschange|p1b: Palafin|Palafin-Hero, L50, F\n|switch|p1b: Garchomp|Garchomp, L50, F|100/100\n|detailschange|p1a: Scizor|Scizor-Mega, L50, M\n|-mega|p1a: Scizor|Scizor|Scizorite\n|move|p2a: Gardevoir|Psychic Terrain|p2a: Gardevoir\n|-fieldstart|move: Psychic Terrain\n|move|p1a: Scizor|Knock Off|p2b: Snorlax\n|-damage|p2b: Snorlax|62/100\n|-enditem|p2b: Snorlax|Silk Scarf|[from] move: Knock Off|[of] p1a: Scizor\n|move|p2b: Snorlax|Self-Destruct|p1b: Garchomp|[spread] p1a,p1b\n|-activate|p2a: Gardevoir|ability: Telepathy\n|-resisted|p1a: Scizor|1\n|-damage|p1a: Scizor|72/100\n|-damage|p1b: Garchomp|23/100\n|faint|p2b: Snorlax\n|\n|upkeep\n|\n|t:|1776659972\n|switch|p2b: Beedrill|Beedrill, L50, F|100/100\n|turn|2\n|inactive|ReZon8 has 30 seconds left.\n|\n|t:|1776660002\n|detailschange|p2b: Beedrill|Beedrill-Mega, L50, F\n|-mega|p2b: Beedrill|Beedrill|Beedrillite\n|move|p1b: Garchomp|Protect|p1b: Garchomp\n|-singleturn|p1b: Garchomp|Protect\n|move|p2b: Beedrill|Drill Run|p1a: Scizor\n|-crit|p1a: Scizor\n|-damage|p1a: Scizor|31/100\n|move|p2a: Gardevoir|Expanding Force|p1b: Garchomp|[spread] p1a\n|-activate|p1b: Garchomp|move: Protect\n|-resisted|p1a: Scizor|1\n|-damage|p1a: Scizor|0 fnt\n|faint|p1a: Scizor\n|\n|upkeep\n|\n|t:|1776660024\n|switch|p1a: Pelipper|Pelipper, L50, F|100/100\n|-weather|RainDance|[from] ability: Drizzle|[of] p1a: Pelipper\n|turn|3\n|\n|t:|1776660037\n|move|p1a: Pelipper|Wide Guard|p1a: Pelipper\n|-singleturn|p1a: Pelipper|Wide Guard\n|move|p2b: Beedrill|Fell Stinger|p1b: Garchomp\n|-damage|p1b: Garchomp|0 fnt\n|-damage|p2b: Beedrill|88/100|[from] ability: Rough Skin|[of] p1b: Garchomp\n|faint|p1b: Garchomp\n|-boost|p2b: Beedrill|atk|3\n|move|p2a: Gardevoir|Expanding Force|p1a: Pelipper\n|-activate|p1a: Pelipper|move: Wide Guard\n|\n|-weather|RainDance|[upkeep]\n|upkeep\n|\n|t:|1776660049\n|switch|p1b: Palafin|Palafin-Hero, L50, F|100/100\n|-activate|p1b: Palafin|ability: Zero to Hero\n|turn|4\n|\n|t:|1776660073\n|move|p1b: Palafin|Protect|p1b: Palafin\n|-singleturn|p1b: Palafin|Protect\n|move|p2b: Beedrill|Poison Jab|p1b: Palafin\n|-activate|p1b: Palafin|move: Protect\n|move|p2a: Gardevoir|Aura Sphere|p1b: Palafin\n|-activate|p1b: Palafin|move: Protect\n|move|p1a: Pelipper|Hurricane|p2b: Beedrill\n|-supereffective|p2b: Beedrill|1\n|-damage|p2b: Beedrill|0 fnt\n|faint|p2b: Beedrill\n|\n|-weather|RainDance|[upkeep]\n|upkeep\n|\n|t:|1776660078\n|switch|p2b: Alakazam|Alakazam, L50, M|100/100\n|turn|5\n|inactive|ReZon8 has 30 seconds left.\n|\n|t:|1776660106\n|move|p2b: Alakazam|Energy Ball|p1b: Palafin\n|-supereffective|p1b: Palafin|1\n|-damage|p1b: Palafin|32/100\n|move|p2a: Gardevoir|Expanding Force|p1a: Pelipper|[spread] p1a,p1b\n|-damage|p1a: Pelipper|29/100\n|-damage|p1b: Palafin|0 fnt\n|faint|p1b: Palafin\n|move|p1a: Pelipper|Tailwind|p1a: Pelipper\n|-sidestart|p1: ReZon8|move: Tailwind\n|\n|-weather|RainDance|[upkeep]\n|-heal|p1a: Pelipper|35/100|[from] item: Leftovers\n|-fieldend|move: Psychic Terrain\n|upkeep\n|turn|6\n|\n|t:|1776660128\n|move|p2b: Alakazam|Psychic|p1a: Pelipper\n|-damage|p1a: Pelipper|0 fnt\n|faint|p1a: Pelipper\n|\n|win|ydawgontop10\n|raw|ReZon8's rating: 1170 &rarr; <strong>1145</strong><br />(-25 for losing)\n|raw|ydawgontop10's rating: 1173 &rarr; <strong>1198</strong><br />(+25 for winning)\n|l|\u2606ReZon8\n|player|p1|\n",
  "uploadtime": 1776660138,
  "views": 6,
  "formatid": "gen9championsvgc2026regma",
  "rating": 1145,
  "private": 0,
  "password": null
}