{
  "id": "gen9championsvgc2026regma-2585529460",
  "format": "[Gen 9 Champions] VGC 2026 Reg M-A",
  "players": [
    "AegisKC",
    "vhcoli97"
  ],
  "log": "|j|\u2606AegisKC\n|j|\u2606vhcoli97\n|t:|1776353603\n|gametype|doubles\n|player|p1|AegisKC|lady|1280\n|player|p2|vhcoli97|170|1329\n|gen|9\n|tier|[Gen 9 Champions] VGC 2026 Reg M-A\n|rated|\n|rule|Species Clause: Limit one of each Pok\u00e9mon\n|rule|Item Clause: Limit 1 of each item\n|clearpoke\n|poke|p1|Sneasler, L50, F|\n|poke|p1|Kingambit, L50, F|\n|poke|p1|Pelipper, L50, F|\n|poke|p1|Meganium, L50, F|\n|poke|p1|Farigiraf, L50, F|\n|poke|p1|Incineroar, L50, F|\n|poke|p2|Charizard, L50, M|\n|poke|p2|Venusaur, L50, F|\n|poke|p2|Milotic, L50, F|\n|poke|p2|Incineroar, L50, F|\n|poke|p2|Garchomp, L50, F|\n|poke|p2|Sneasler, L50, F|\n|teampreview|4\n|inactive|Battle timer is ON: inactive players will automatically lose when time's up. (requested by vhcoli97)\n|\n|t:|1776353640\n|teamsize|p1|4\n|teamsize|p2|4\n|start\n|switch|p1a: Pelipper|Pelipper, L50, F, shiny|100/100\n|switch|p1b: Kingambit|Kingambit, L50, F, shiny|100/100\n|switch|p2a: Charizard|Charizard, L50, M|100/100\n|switch|p2b: Sneasler|Sneasler, L50, F|100/100\n|-weather|RainDance|[from] ability: Drizzle|[of] p1a: Pelipper\n|turn|1\n|\n|t:|1776353662\n|detailschange|p2a: Charizard|Charizard-Mega-Y, L50, M\n|-mega|p2a: Charizard|Charizard|Charizardite Y\n|-weather|SunnyDay|[from] ability: Drought|[of] p2a: Charizard\n|move|p2b: Sneasler|Close Combat|p1b: Kingambit\n|-supereffective|p1b: Kingambit|2\n|-damage|p1b: Kingambit|0 fnt\n|-unboost|p2b: Sneasler|def|1\n|-unboost|p2b: Sneasler|spd|1\n|faint|p1b: Kingambit\n|-enditem|p2b: Sneasler|White Herb\n|-clearnegativeboost|p2b: Sneasler|[silent]\n|move|p2a: Charizard|Heat Wave|p1a: Pelipper\n|-resisted|p1a: Pelipper|1\n|-damage|p1a: Pelipper|44/100\n|-status|p1a: Pelipper|brn\n|move|p1a: Pelipper|Tailwind|p1a: Pelipper\n|-sidestart|p1: AegisKC|move: Tailwind\n|\n|-weather|SunnyDay|[upkeep]\n|-damage|p1a: Pelipper|38/100 brn|[from] brn\n|upkeep\n|\n|t:|1776353675\n|switch|p1b: Broly|Incineroar, L50, F|100/100\n|-ability|p1b: Broly|Intimidate|boost\n|-unboost|p2a: Charizard|atk|1\n|-unboost|p2b: Sneasler|atk|1\n|turn|2\n|\n|t:|1776353683\n|switch|p1a: Dio|Sneasler, L50, F, shiny|100/100\n|move|p2b: Sneasler|Protect|p2b: Sneasler\n|-singleturn|p2b: Sneasler|Protect\n|move|p2a: Charizard|Protect|p2a: Charizard\n|-singleturn|p2a: Charizard|Protect\n|move|p1b: Broly|Fake Out|p2b: Sneasler\n|-activate|p2b: Sneasler|move: Protect\n|\n|-weather|SunnyDay|[upkeep]\n|upkeep\n|turn|3\n|\n|t:|1776353694\n|switch|p1a: Pelipper|Pelipper, L50, F, shiny|38/100 brn\n|-weather|RainDance|[from] ability: Drizzle|[of] p1a: Pelipper\n|switch|p2a: Milotic|Milotic, L50, F|100/100\n|move|p2b: Sneasler|Close Combat|p1b: Broly|[miss]\n|-miss|p2b: Sneasler|p1b: Broly\n|move|p1b: Broly|Parting Shot|p2a: Milotic\n|-unboost|p2a: Milotic|atk|1\n|-ability|p2a: Milotic|Competitive|boost\n|-boost|p2a: Milotic|spa|2\n|-unboost|p2a: Milotic|spa|1\n|-ability|p2a: Milotic|Competitive|boost\n|-boost|p2a: Milotic|spa|2\n|\n|t:|1776353700\n|switch|p1b: Dio|Sneasler, L50, F, shiny|100/100|[from] Parting Shot\n|\n|-weather|RainDance|[upkeep]\n|-damage|p1a: Pelipper|32/100 brn|[from] brn\n|upkeep\n|turn|4\n|\n|t:|1776353712\n|switch|p1a: Broly|Incineroar, L50, F|100/100\n|-ability|p1a: Broly|Intimidate|boost\n|-unboost|p2a: Milotic|atk|1\n|-ability|p2a: Milotic|Competitive|boost\n|-boost|p2a: Milotic|spa|2\n|-unboost|p2b: Sneasler|atk|1\n|move|p2b: Sneasler|Protect|p2b: Sneasler\n|-singleturn|p2b: Sneasler|Protect\n|move|p1b: Dio|Dire Claw|p2a: Milotic\n|-damage|p2a: Milotic|69/100\n|move|p2a: Milotic|Icy Wind|p1b: Dio|[spread] p1a,p1b\n|-resisted|p1a: Broly|1\n|-damage|p1a: Broly|87/100\n|-damage|p1b: Dio|55/100\n|-unboost|p1a: Broly|spe|1\n|-unboost|p1b: Dio|spe|1\n|-enditem|p1b: Dio|White Herb\n|-clearnegativeboost|p1b: Dio|[silent]\n|\n|-weather|RainDance|[upkeep]\n|-heal|p2a: Milotic|75/100|[from] item: Leftovers\n|-sideend|p1: AegisKC|move: Tailwind\n|upkeep\n|turn|5\n|\n|t:|1776353736\n|switch|p2b: Venusaur|Venusaur, L50, F|100/100\n|move|p1a: Broly|Fake Out|p2a: Milotic\n|-damage|p2a: Milotic|65/100\n|move|p1b: Dio|Dire Claw|p2a: Milotic\n|-damage|p2a: Milotic|31/100\n|-status|p2a: Milotic|slp\n|cant|p2a: Milotic|slp\n|\n|-weather|RainDance|[upkeep]\n|-heal|p2a: Milotic|37/100 slp|[from] item: Leftovers\n|upkeep\n|turn|6\n|\n|t:|1776353751\n|switch|p2a: Charizard|Charizard-Mega-Y, L50, M|100/100\n|-weather|SunnyDay|[from] ability: Drought|[of] p2a: Charizard\n|move|p1b: Dio|Dire Claw|p2a: Charizard\n|-damage|p2a: Charizard|56/100\n|-status|p2a: Charizard|slp\n|move|p2b: Venusaur|Sleep Powder|p1a: Broly\n|-status|p1a: Broly|slp|[from] move: Sleep Powder\n|cant|p1a: Broly|slp\n|\n|-weather|SunnyDay|[upkeep]\n|upkeep\n|turn|7\n|\n|t:|1776353778\n|switch|p2b: Milotic|Milotic, L50, F|37/100 slp\n|switch|p1a: Pelipper|Pelipper, L50, F, shiny|32/100 brn\n|-weather|RainDance|[from] ability: Drizzle|[of] p1a: Pelipper\n|move|p1b: Dio|Dire Claw|p2b: Milotic\n|-damage|p2b: Milotic|3/100 slp\n|cant|p2a: Charizard|slp\n|\n|-weather|RainDance|[upkeep]\n|-heal|p2b: Milotic|9/100 slp|[from] item: Leftovers\n|-damage|p1a: Pelipper|26/100 brn|[from] brn\n|upkeep\n|turn|8\n|\n|t:|1776353797\n|cant|p2a: Charizard|slp\n|move|p1b: Dio|Dire Claw|p2b: Milotic\n|-damage|p2b: Milotic|0 fnt\n|faint|p2b: Milotic\n|move|p1a: Pelipper|Weather Ball|p2a: Charizard\n|-supereffective|p2a: Charizard|1\n|-damage|p2a: Charizard|0 fnt\n|faint|p2a: Charizard\n|\n|-weather|RainDance|[upkeep]\n|-damage|p1a: Pelipper|20/100 brn|[from] brn\n|upkeep\n|\n|t:|1776353801\n|switch|p2a: Venusaur|Venusaur, L50, F|100/100\n|switch|p2b: Sneasler|Sneasler, L50, F|100/100\n|turn|9\n|\n|t:|1776353823\n|switch|p1a: Broly|Incineroar, L50, F|87/100 slp\n|-ability|p1a: Broly|Intimidate|boost\n|-unboost|p2a: Venusaur|atk|1\n|-unboost|p2b: Sneasler|atk|1\n|move|p2b: Sneasler|Fake Out|p1b: Dio\n|-damage|p1b: Dio|37/100\n|cant|p1b: Dio|flinch\n|move|p2a: Venusaur|Sludge Bomb|p1b: Dio\n|-resisted|p1b: Dio|1\n|-damage|p1b: Dio|8/100\n|\n|-weather|RainDance|[upkeep]\n|upkeep\n|turn|10\n|\n|t:|1776353848\n|move|p1b: Dio|Dire Claw|p2a: Venusaur\n|-damage|p2a: Venusaur|44/100\n|move|p2b: Sneasler|Close Combat|p1a: Broly\n|-supereffective|p1a: Broly|1\n|-damage|p1a: Broly|16/100 slp\n|-unboost|p2b: Sneasler|def|1\n|-unboost|p2b: Sneasler|spd|1\n|move|p2a: Venusaur|Sludge Bomb|p1b: Dio\n|-resisted|p1b: Dio|1\n|-damage|p1b: Dio|0 fnt\n|faint|p1b: Dio\n|cant|p1a: Broly|slp\n|\n|-weather|RainDance|[upkeep]\n|upkeep\n|\n|t:|1776353859\n|switch|p1b: Pelipper|Pelipper, L50, F, shiny|20/100 brn\n|turn|11\n|\n|t:|1776353867\n|move|p2a: Venusaur|Protect|p2a: Venusaur\n|-singleturn|p2a: Venusaur|Protect\n|move|p2b: Sneasler|Dire Claw|p1a: Broly|[miss]\n|-miss|p2b: Sneasler|p1a: Broly\n|move|p1b: Pelipper|Hurricane|p2b: Sneasler\n|-supereffective|p2b: Sneasler|1\n|-damage|p2b: Sneasler|0 fnt\n|faint|p2b: Sneasler\n|-curestatus|p1a: Broly|slp|[msg]\n|move|p1a: Broly|Flare Blitz|p2a: Venusaur\n|-activate|p2a: Venusaur|move: Protect\n|\n|-weather|none\n|-damage|p1b: Pelipper|14/100 brn|[from] brn\n|upkeep\n|turn|12\n|\n|t:|1776353887\n|move|p2a: Venusaur|Sludge Bomb|p1a: Broly\n|-crit|p1a: Broly\n|-damage|p1a: Broly|0 fnt\n|faint|p1a: Broly\n|move|p1b: Pelipper|Hurricane|p2a: Venusaur\n|-supereffective|p2a: Venusaur|1\n|-damage|p2a: Venusaur|0 fnt\n|faint|p2a: Venusaur\n|\n|win|AegisKC\n|raw|AegisKC's rating: 1280 &rarr; <strong>1309</strong><br />(+29 for winning)\n|raw|vhcoli97's rating: 1329 &rarr; <strong>1306</strong><br />(-23 for losing)\n|l|\u2606vhcoli97\n|player|p2|\n",
  "uploadtime": 1776353900,
  "views": 56,
  "formatid": "gen9championsvgc2026regma",
  "rating": 1306,
  "private": 0,
  "password": null
}