{
  "id": "gen9championsvgc2026regma-2582093505",
  "format": "[Gen 9 Champions] VGC 2026 Reg M-A",
  "players": [
    "pumapatolsapwd",
    "GoldHakurei"
  ],
  "log": "|j|\u2606pumapatolsapwd\n|j|\u2606GoldHakurei\n|t:|1776057022\n|gametype|doubles\n|player|p1|pumapatolsapwd|170|1049\n|player|p2|GoldHakurei|miku-ghost|1090\n|gen|9\n|tier|[Gen 9 Champions] VGC 2026 Reg M-A\n|rated|\n|rule|Species Clause: Limit one of each Pok\u00e9mon\n|rule|Item Clause: Limit 1 of each item\n|clearpoke\n|poke|p1|Gengar, L50, F|\n|poke|p1|Incineroar, L50, M|\n|poke|p1|Kingambit, L50, F|\n|poke|p1|Hawlucha, L50, F|\n|poke|p1|Excadrill, L50, M|\n|poke|p1|Orthworm, L50, F|\n|poke|p2|Froslass, L50, F|\n|poke|p2|Whimsicott, L50, F|\n|poke|p2|Incineroar, L50, F|\n|poke|p2|Beartic, L50, M|\n|poke|p2|Sneasler, L50, F|\n|poke|p2|Gyarados, L50, M|\n|teampreview|4\n|inactive|Battle timer is ON: inactive players will automatically lose when time's up. (requested by GoldHakurei)\n|\n|t:|1776057048\n|teamsize|p1|4\n|teamsize|p2|4\n|start\n|switch|p1a: Hawlucha|Hawlucha, L50, F, shiny|100/100\n|switch|p1b: Orthworm|Orthworm, L50, F|100/100\n|switch|p2a: Froslass|Froslass, L50, F|100/100\n|switch|p2b: Whimsicott|Whimsicott, L50, F|100/100\n|-ability|p1a: Hawlucha|Mold Breaker\n|turn|1\n|inactive|pumapatolsapwd has 30 seconds left.\n|\n|t:|1776057079\n|switch|p2b: Gyarados|Gyarados, L50, M|100/100\n|-ability|p2b: Gyarados|Intimidate|boost\n|-unboost|p1a: Hawlucha|atk|1\n|-unboost|p1b: Orthworm|atk|1\n|move|p1a: Hawlucha|Close Combat|p2a: Froslass\n|-immune|p2a: Froslass\n|move|p2a: Froslass|Blizzard|p1b: Orthworm|[spread] p1a\n|-miss|p2a: Froslass|p1b: Orthworm\n|-supereffective|p1a: Hawlucha|1\n|-damage|p1a: Hawlucha|6/100\n|move|p1b: Orthworm|Shed Tail|p1b: Orthworm\n|-start|p1b: Orthworm|Substitute|[from] move: Shed Tail\n|-damage|p1b: Orthworm|50/100\n|\n|t:|1776057092\n|switch|p1b: Excadrill|Excadrill, L50, M|100/100|[from] Shed Tail\n|\n|upkeep\n|turn|2\n|\n|t:|1776057105\n|detailschange|p1a: Hawlucha|Hawlucha-Mega, L50, F, shiny\n|-mega|p1a: Hawlucha|Hawlucha|Hawluchanite\n|detailschange|p2a: Froslass|Froslass-Mega, L50, F\n|-mega|p2a: Froslass|Froslass|Froslassite\n|-weather|Snowscape|[from] ability: Snow Warning|[of] p2a: Froslass\n|move|p2a: Froslass|Protect|p2a: Froslass\n|-singleturn|p2a: Froslass|Protect\n|move|p1a: Hawlucha|Entrainment|p2a: Froslass\n|-activate|p2a: Froslass|move: Protect\n|move|p2b: Gyarados|Waterfall|p1b: Excadrill\n|-supereffective|p1b: Excadrill|1\n|-end|p1b: Excadrill|Substitute\n|move|p1b: Excadrill|Horn Drill|p2b: Gyarados\n|-damage|p2b: Gyarados|0 fnt\n|faint|p2b: Gyarados\n|-ohko\n|\n|-weather|Snowscape|[upkeep]\n|upkeep\n|\n|t:|1776057128\n|switch|p2b: Beartic|Beartic, L50, M|100/100\n|turn|3\n|\n|t:|1776057138\n|move|p2b: Beartic|Icicle Crash|p1a: Hawlucha\n|-supereffective|p1a: Hawlucha|1\n|-damage|p1a: Hawlucha|0 fnt\n|faint|p1a: Hawlucha\n|move|p2a: Froslass|Blizzard|p1b: Excadrill\n|-damage|p1b: Excadrill|27/100\n|-status|p1b: Excadrill|frz\n|-enditem|p1b: Excadrill|Sitrus Berry|[eat]\n|-heal|p1b: Excadrill|52/100 frz|[from] item: Sitrus Berry\n|cant|p1b: Excadrill|frz\n|\n|-weather|Snowscape|[upkeep]\n|upkeep\n|\n|t:|1776057152\n|switch|p1a: Orthworm|Orthworm, L50, F|50/100\n|turn|4\n|\n|t:|1776057162\n|move|p2b: Beartic|Swords Dance|p2b: Beartic\n|-boost|p2b: Beartic|atk|2\n|move|p2a: Froslass|Blizzard|p1b: Excadrill|[spread] p1a,p1b\n|-resisted|p1a: Orthworm|1\n|-damage|p1a: Orthworm|28/100\n|-damage|p1b: Excadrill|0 fnt\n|-status|p1a: Orthworm|frz\n|faint|p1b: Excadrill\n|cant|p1a: Orthworm|frz\n|\n|-weather|Snowscape|[upkeep]\n|upkeep\n|\n|t:|1776057172\n|switch|p1b: Kingambit|Kingambit, L50, F|100/100\n|turn|5\n|\n|t:|1776057181\n|move|p1b: Kingambit|Sucker Punch||[still]\n|-fail|p1b: Kingambit\n|move|p2b: Beartic|Close Combat|p1b: Kingambit\n|-supereffective|p1b: Kingambit|2\n|-damage|p1b: Kingambit|0 fnt\n|-unboost|p2b: Beartic|def|1\n|-unboost|p2b: Beartic|spd|1\n|faint|p1b: Kingambit\n|move|p2a: Froslass|Nasty Plot|p2a: Froslass\n|-boost|p2a: Froslass|spa|2\n|-curestatus|p1a: Orthworm|frz|[msg]\n|move|p1a: Orthworm|Body Press|p2b: Beartic\n|-supereffective|p2b: Beartic|1\n|-damage|p2b: Beartic|33/100\n|\n|-weather|Snowscape|[upkeep]\n|upkeep\n|turn|6\n|-message|pumapatolsapwd forfeited.\n|\n|win|GoldHakurei\n|raw|pumapatolsapwd's rating: 1049 &rarr; <strong>1034</strong><br />(-15 for losing)\n|raw|GoldHakurei's rating: 1090 &rarr; <strong>1113</strong><br />(+23 for winning)\n|l|\u2606pumapatolsapwd\n|player|p1|\n",
  "uploadtime": 1776057190,
  "views": 21,
  "formatid": "gen9championsvgc2026regma",
  "rating": 1034,
  "private": 0,
  "password": null
}