{
  "id": "gen9championsvgc2026regma-2587609394",
  "format": "[Gen 9 Champions] VGC 2026 Reg M-A",
  "players": [
    "disciple of blahaj",
    "pokequimico"
  ],
  "log": "|j|\u2606disciple of blahaj\n|j|\u2606pokequimico\n|t:|1776546660\n|gametype|doubles\n|player|p1|disciple of blahaj|jacinthe|1318\n|player|p2|pokequimico|lucas|1329\n|gen|9\n|tier|[Gen 9 Champions] VGC 2026 Reg M-A\n|rated|\n|rule|Species Clause: Limit one of each Pok\u00e9mon\n|rule|Item Clause: Limit 1 of each item\n|clearpoke\n|poke|p1|Lopunny, L50, M, shiny|\n|poke|p1|Basculegion, L50, M|\n|poke|p1|Klefki, L50, M, shiny|\n|poke|p1|Pelipper, L50, M|\n|poke|p1|Garchomp, L50, F|\n|poke|p1|Aegislash, L50, M|\n|poke|p2|Gardevoir, L50, F|\n|poke|p2|Garchomp, L50, M|\n|poke|p2|Sneasler, L50, F|\n|poke|p2|Basculegion, L50, M|\n|poke|p2|Kingambit, L50, F|\n|poke|p2|Froslass, L50, F|\n|teampreview|4\n|inactive|Battle timer is ON: inactive players will automatically lose when time's up. (requested by disciple of blahaj)\n|j| EsqciMinhaSenha2\n|inactive|disciple of blahaj has 60 seconds left.\n|inactive|pokequimico has 60 seconds left.\n|\n|t:|1776546709\n|teamsize|p1|4\n|teamsize|p2|4\n|start\n|switch|p1a: Lopunny|Lopunny, L50, M, shiny|100/100\n|switch|p1b: Basculegion|Basculegion, L50, M|100/100\n|switch|p2a: Sneasler|Sneasler, L50, F|100/100\n|switch|p2b: Gardevoir|Gardevoir, L50, F|100/100\n|turn|1\n|inactive|pokequimico has 30 seconds left.\n|inactive|pokequimico has 20 seconds left.\n|inactive|pokequimico has 15 seconds left.\n|inactive|pokequimico has 10 seconds left.\n|\n|t:|1776546756\n|detailschange|p1a: Lopunny|Lopunny-Mega, L50, M, shiny\n|-mega|p1a: Lopunny|Lopunny|Lopunnite\n|move|p1a: Lopunny|Fake Out|p2b: Gardevoir\n|-damage|p2b: Gardevoir|75/100\n|move|p2a: Sneasler|Fake Out|p1a: Lopunny\n|-damage|p1a: Lopunny|81/100\n|move|p1b: Basculegion|Flip Turn|p2b: Gardevoir\n|-damage|p2b: Gardevoir|24/100\n|\n|t:|1776546768\n|switch|p1b: Aegislash|Aegislash, L50, M|100/100|[from] Flip Turn\n|cant|p2b: Gardevoir|flinch\n|\n|upkeep\n|turn|2\n|\n|t:|1776546783\n|switch|p1a: Basculegion|Basculegion, L50, M|100/100\n|switch|p2b: Kingambit|Kingambit, L50, F|100/100\n|move|p2a: Sneasler|Close Combat|p1a: Basculegion\n|-immune|p1a: Basculegion\n|-formechange|p1b: Aegislash|Aegislash-Blade|\n|move|p1b: Aegislash|Iron Head|p2b: Kingambit\n|-resisted|p2b: Kingambit|1\n|-damage|p2b: Kingambit|83/100\n|\n|upkeep\n|turn|3\n|\n|t:|1776546807\n|switch|p1a: Lopunny|Lopunny-Mega, L50, M, shiny|81/100\n|move|p2a: Sneasler|Protect|p2a: Sneasler\n|-singleturn|p2a: Sneasler|Protect\n|move|p2b: Kingambit|Kowtow Cleave|p1a: Lopunny\n|-resisted|p1a: Lopunny|1\n|-damage|p1a: Lopunny|51/100\n|move|p1b: Aegislash|Sacred Sword|p2b: Kingambit\n|-supereffective|p2b: Kingambit|2\n|-enditem|p2b: Kingambit|Chople Berry|[eat]\n|-enditem|p2b: Kingambit|Chople Berry|[weaken]\n|-damage|p2b: Kingambit|34/100\n|\n|upkeep\n|turn|4\n|l|\u2606pokequimico\n|inactive|pokequimico disconnected and has a minute to reconnect!\n|player|p2|\n|inactive|pokequimico has 30 seconds left.\n|j|\u2606pokequimico\n|inactive|pokequimico reconnected and has 30 seconds left.\n|player|p2|pokequimico|lucas|\n|inactive|pokequimico has 20 seconds left.\n|inactive|pokequimico has 15 seconds left.\n|\n|t:|1776546851\n|move|p2b: Kingambit|Protect|p2b: Kingambit\n|-singleturn|p2b: Kingambit|Protect\n|-formechange|p1b: Aegislash|Aegislash|\n|move|p1b: Aegislash|King's Shield|p1b: Aegislash\n|-singleturn|p1b: Aegislash|Protect\n|move|p1a: Lopunny|Encore|p2a: Sneasler\n|-start|p2a: Sneasler|Encore\n|move|p2a: Sneasler|Protect||[still]\n|-fail|p2a: Sneasler\n|\n|upkeep\n|turn|5\n|\n|t:|1776546867\n|switch|p2a: Basculegion|Basculegion, L50, M|100/100\n|switch|p2b: Gardevoir|Gardevoir, L50, F|24/100\n|move|p1a: Lopunny|Encore||[still]\n|-fail|p1a: Lopunny\n|-formechange|p1b: Aegislash|Aegislash-Blade|\n|move|p1b: Aegislash|Poltergeist|p2b: Gardevoir\n|-activate|p2b: Gardevoir|move: Poltergeist|Gardevoirite\n|-supereffective|p2b: Gardevoir|1\n|-damage|p2b: Gardevoir|0 fnt\n|faint|p2b: Gardevoir\n|\n|upkeep\n|\n|t:|1776546878\n|switch|p2b: Sneasler|Sneasler, L50, F|100/100\n|turn|6\n|\n|t:|1776546893\n|switch|p1a: Basculegion|Basculegion, L50, M|100/100\n|move|p2b: Sneasler|Fake Out|p1a: Basculegion\n|-immune|p1a: Basculegion\n|move|p2a: Basculegion|Flip Turn|p1a: Basculegion\n|-resisted|p1a: Basculegion|1\n|-damage|p1a: Basculegion|73/100\n|\n|t:|1776546895\n|switch|p2a: Kingambit|Kingambit, L50, F|34/100|[from] Flip Turn\n|move|p1b: Aegislash|Poltergeist||[still]\n|-fail|p1b: Aegislash\n|\n|upkeep\n|turn|7\n|\n|t:|1776546910\n|switch|p1b: Pelipper|Pelipper, L50, M|100/100\n|-weather|RainDance|[from] ability: Drizzle|[of] p1b: Pelipper\n|move|p1a: Basculegion|Aqua Jet|p2a: Kingambit\n|-damage|p2a: Kingambit|0 fnt\n|faint|p2a: Kingambit\n|move|p2b: Sneasler|Close Combat|p1a: Basculegion\n|-immune|p1a: Basculegion\n|\n|-weather|RainDance|[upkeep]\n|upkeep\n|\n|t:|1776546917\n|switch|p2a: Basculegion|Basculegion, L50, M|100/100\n|turn|8\n|\n|t:|1776546938\n|move|p1a: Basculegion|Aqua Jet|p2b: Sneasler\n|-damage|p2b: Sneasler|29/100\n|move|p2a: Basculegion|Last Respects|p1b: Pelipper\n|-damage|p1b: Pelipper|0 fnt\n|faint|p1b: Pelipper\n|move|p2b: Sneasler|Dire Claw|p1a: Basculegion\n|-resisted|p1a: Basculegion|1\n|-damage|p1a: Basculegion|45/100\n|\n|-weather|RainDance|[upkeep]\n|upkeep\n|\n|t:|1776546950\n|switch|p1b: Lopunny|Lopunny-Mega, L50, M, shiny|51/100\n|turn|9\n|\n|t:|1776546954\n|move|p1b: Lopunny|Fake Out|p2a: Basculegion\n|-damage|p2a: Basculegion|75/100\n|move|p1a: Basculegion|Aqua Jet|p2b: Sneasler\n|-damage|p2b: Sneasler|0 fnt\n|faint|p2b: Sneasler\n|cant|p2a: Basculegion|flinch\n|\n|-weather|RainDance|[upkeep]\n|upkeep\n|turn|10\n|-message|pokequimico forfeited.\n|\n|win|disciple of blahaj\n|raw|disciple of blahaj's rating: 1318 &rarr; <strong>1339</strong><br />(+21 for winning)\n|raw|pokequimico's rating: 1329 &rarr; <strong>1308</strong><br />(-21 for losing)\n|l|\u2606pokequimico\n|player|p2|\n",
  "uploadtime": 1776546965,
  "views": 17,
  "formatid": "gen9championsvgc2026regma",
  "rating": 1308,
  "private": 0,
  "password": null
}