{
  "id": "gen9championsvgc2026regma-2581416888",
  "format": "[Gen 9 Champions] VGC 2026 Reg M-A",
  "players": [
    "The Hang Dude",
    "Jah_08"
  ],
  "log": "|j|\u203dThe Hang Dude\n|j|\u2606Jah_08\n|t:|1775998261\n|gametype|doubles\n|player|p1|The Hang Dude|2|1200\n|player|p2|Jah_08|2|1173\n|gen|9\n|tier|[Gen 9 Champions] VGC 2026 Reg M-A\n|rated|\n|rule|Species Clause: Limit one of each Pok\u00e9mon\n|rule|Item Clause: Limit 1 of each item\n|clearpoke\n|poke|p1|Pelipper, L50, F|\n|poke|p1|Archaludon, L50, F|\n|poke|p1|Dragonite, L50, F|\n|poke|p1|Incineroar, L50, F|\n|poke|p1|Sinistcha, L50|\n|poke|p1|Basculegion, L50, M|\n|poke|p2|Basculegion, L50, M|\n|poke|p2|Zoroark-Hisui, L50, M|\n|poke|p2|Conkeldurr, L50, F|\n|poke|p2|Whimsicott, L50, F|\n|poke|p2|Chandelure, L50, F|\n|poke|p2|Vanilluxe, L50, M|\n|teampreview|4\n|inactive|Battle timer is ON: inactive players will automatically lose when time's up. (requested by The Hang Dude)\n|inactive|The Hang Dude has 60 seconds left.\n|\n|t:|1775998300\n|teamsize|p1|4\n|teamsize|p2|4\n|start\n|switch|p1a: Pelipper|Pelipper, L50, F|100/100\n|switch|p1b: Archaludon|Archaludon, L50, F, shiny|100/100\n|switch|p2a: Basculegion|Basculegion, L50, M|100/100\n|switch|p2b: Chandelure|Chandelure, L50, F|100/100\n|-weather|RainDance|[from] ability: Drizzle|[of] p1a: Pelipper\n|turn|1\n|inactive|Jah_08 has 30 seconds left.\n|inactive|The Hang Dude has 30 seconds left.\n|\n|t:|1775998331\n|move|p1a: Pelipper|Protect|p1a: Pelipper\n|-singleturn|p1a: Pelipper|Protect\n|move|p1b: Archaludon|Protect|p1b: Archaludon\n|-singleturn|p1b: Archaludon|Protect\n|move|p2a: Basculegion|Flip Turn|p1a: Pelipper\n|-activate|p1a: Pelipper|move: Protect\n|move|p2b: Chandelure|Icy Wind|p1b: Archaludon|[spread] \n|-activate|p1a: Pelipper|move: Protect\n|-activate|p1b: Archaludon|move: Protect\n|\n|-weather|RainDance|[upkeep]\n|upkeep\n|turn|2\n|inactive|The Hang Dude has 30 seconds left.\n|inactive|The Hang Dude has 20 seconds left.\n|inactive|The Hang Dude has 15 seconds left.\n|\n|t:|1775998374\n|move|p2a: Basculegion|Flip Turn|p1a: Pelipper\n|-resisted|p1a: Pelipper|1\n|-damage|p1a: Pelipper|61/100\n|\n|t:|1775998379\n|switch|p2a: Vanilluxe|Vanilluxe, L50, M|100/100|[from] Flip Turn\n|-weather|Snowscape|[from] ability: Snow Warning|[of] p2a: Vanilluxe\n|move|p2b: Chandelure|Icy Wind|p1a: Pelipper|[spread] p1b\n|-miss|p2b: Chandelure|p1a: Pelipper\n|-damage|p1b: Archaludon|85/100\n|-unboost|p1b: Archaludon|spe|1\n|-ability|p1b: Archaludon|Stamina|boost\n|-boost|p1b: Archaludon|def|1\n|move|p1a: Pelipper|Hurricane|p2a: Vanilluxe|[miss]\n|-miss|p1a: Pelipper|p2a: Vanilluxe\n|move|p1b: Archaludon|Flash Cannon|p2a: Vanilluxe\n|-supereffective|p2a: Vanilluxe|1\n|-damage|p2a: Vanilluxe|23/100\n|\n|-weather|Snowscape|[upkeep]\n|-heal|p1b: Archaludon|91/100|[from] item: Leftovers\n|upkeep\n|turn|3\n|inactive|The Hang Dude has 30 seconds left.\n|inactive|Jah_08 has 30 seconds left.\n|inactive|The Hang Dude has 20 seconds left.\n|\n|t:|1775998414\n|move|p2b: Chandelure|Icy Wind|p1a: Pelipper|[spread] p1a,p1b\n|-damage|p1a: Pelipper|38/100\n|-damage|p1b: Archaludon|77/100\n|-unboost|p1a: Pelipper|spe|1\n|-unboost|p1b: Archaludon|spe|1\n|-ability|p1b: Archaludon|Stamina|boost\n|-boost|p1b: Archaludon|def|1\n|move|p2a: Vanilluxe|Blizzard|p1a: Pelipper|[spread] p1a,p1b\n|-damage|p1a: Pelipper|0 fnt\n|-damage|p1b: Archaludon|24/100\n|-ability|p1b: Archaludon|Stamina|boost\n|-boost|p1b: Archaludon|def|1\n|faint|p1a: Pelipper\n|move|p1b: Archaludon|Flash Cannon|p2a: Vanilluxe\n|-supereffective|p2a: Vanilluxe|1\n|-damage|p2a: Vanilluxe|0 fnt\n|faint|p2a: Vanilluxe\n|\n|-weather|Snowscape|[upkeep]\n|-heal|p1b: Archaludon|30/100|[from] item: Leftovers\n|upkeep\n|inactive|Jah_08 has 30 seconds left.\n|\n|t:|1775998443\n|switch|p1a: Sinistcha|Sinistcha, L50|100/100\n|switch|p2a: Basculegion|Basculegion, L50, M|100/100\n|-heal|p1b: Archaludon|55/100|[from] ability: Hospitality|[of] p1a: Sinistcha\n|turn|4\n|inactive|The Hang Dude has 30 seconds left.\n|inactive|Jah_08 has 30 seconds left.\n|\n|t:|1775998476\n|move|p1b: Archaludon|Protect|p1b: Archaludon\n|-singleturn|p1b: Archaludon|Protect\n|move|p2a: Basculegion|Flip Turn|p1b: Archaludon\n|-activate|p1b: Archaludon|move: Protect\n|move|p2b: Chandelure|Shadow Ball|p1a: Sinistcha\n|-supereffective|p1a: Sinistcha|1\n|-damage|p1a: Sinistcha|5/100\n|-enditem|p1a: Sinistcha|Sitrus Berry|[eat]\n|-heal|p1a: Sinistcha|30/100|[from] item: Sitrus Berry\n|move|p1a: Sinistcha|Matcha Gotcha|p2a: Basculegion|[spread] p2b\n|-miss|p1a: Sinistcha|p2a: Basculegion\n|-damage|p2b: Chandelure|52/100\n|-heal|p1a: Sinistcha|48/100|[from] drain|[of] p2b: Chandelure\n|replace|p2b: Zoroark|Zoroark-Hisui, L50, M\n|-end|p2b: Zoroark|Illusion\n|\n|-weather|Snowscape|[upkeep]\n|-heal|p1b: Archaludon|61/100|[from] item: Leftovers\n|upkeep\n|turn|5\n|inactive|The Hang Dude has 30 seconds left.\n|inactive|Jah_08 has 30 seconds left.\n|\n|t:|1775998510\n|move|p2a: Basculegion|Flip Turn|p1a: Sinistcha\n|-resisted|p1a: Sinistcha|1\n|-damage|p1a: Sinistcha|33/100\n|\n|t:|1775998515\n|switch|p2a: Chandelure|Chandelure, L50, F|100/100|[from] Flip Turn\n|move|p2b: Zoroark|Shadow Ball|p1a: Sinistcha\n|-supereffective|p1a: Sinistcha|1\n|-crit|p1a: Sinistcha\n|-damage|p1a: Sinistcha|0 fnt\n|faint|p1a: Sinistcha\n|move|p1b: Archaludon|Dragon Pulse|p2b: Zoroark\n|-damage|p2b: Zoroark|0 fnt\n|faint|p2b: Zoroark\n|\n|-weather|Snowscape|[upkeep]\n|-heal|p1b: Archaludon|68/100|[from] item: Leftovers\n|upkeep\n|\n|t:|1775998530\n|switch|p2b: Basculegion|Basculegion, L50, M|100/100\n|switch|p1a: Basculegion|Basculegion, L50, M, shiny|100/100\n|turn|6\n|\n|t:|1775998550\n|detailschange|p2a: Chandelure|Chandelure-Mega, L50, F\n|-mega|p2a: Chandelure|Chandelure|Chandelurite\n|move|p1a: Basculegion|Protect|p1a: Basculegion\n|-singleturn|p1a: Basculegion|Protect\n|move|p1b: Archaludon|Protect|p1b: Archaludon\n|-singleturn|p1b: Archaludon|Protect\n|move|p2b: Basculegion|Last Respects|p1a: Basculegion\n|-activate|p1a: Basculegion|move: Protect\n|move|p2a: Chandelure|Overheat|p1b: Archaludon\n|-activate|p1b: Archaludon|move: Protect\n|\n|-weather|none\n|-heal|p1b: Archaludon|74/100|[from] item: Leftovers\n|upkeep\n|turn|7\n|\n|t:|1775998570\n|move|p1a: Basculegion|Aqua Jet|p2a: Chandelure\n|-supereffective|p2a: Chandelure|1\n|-damage|p2a: Chandelure|44/100\n|move|p2b: Basculegion|Last Respects|p1a: Basculegion\n|-supereffective|p1a: Basculegion|1\n|-damage|p1a: Basculegion|0 fnt\n|faint|p1a: Basculegion\n|move|p2a: Chandelure|Overheat|p1b: Archaludon\n|-damage|p1b: Archaludon|0 fnt\n|-unboost|p2a: Chandelure|spa|2\n|faint|p1b: Archaludon\n|\n|win|Jah_08\n|raw|The Hang Dude's rating: 1200 &rarr; <strong>1173</strong><br />(-27 for losing)\n|raw|Jah_08's rating: 1173 &rarr; <strong>1200</strong><br />(+27 for winning)\n|l|\u203dThe Hang Dude\n|player|p1|\n",
  "uploadtime": 1775998589,
  "views": 20,
  "formatid": "gen9championsvgc2026regma",
  "rating": 1173,
  "private": 0,
  "password": null
}