{
  "id": "gen9championsvgc2026regma-2587921733",
  "format": "[Gen 9 Champions] VGC 2026 Reg M-A",
  "players": [
    "Captain Clean 13",
    "SmolivOilVGC"
  ],
  "log": "|j|\u2606Captain Clean 13\n|j|\u2606SmolivOilVGC\n|t:|1776579402\n|gametype|doubles\n|player|p1|Captain Clean 13|steven|1296\n|player|p2|SmolivOilVGC|bianca-masters|1403\n|gen|9\n|tier|[Gen 9 Champions] VGC 2026 Reg M-A\n|rated|\n|rule|Species Clause: Limit one of each Pok\u00e9mon\n|rule|Item Clause: Limit 1 of each item\n|clearpoke\n|poke|p1|Volcarona, L50, M|\n|poke|p1|Torkoal, L50, M|\n|poke|p1|Golurk, L50|\n|poke|p1|Kingambit, L50, F, shiny|\n|poke|p1|Kangaskhan, L50, F|\n|poke|p1|Sinistcha, L50|\n|poke|p2|Sneasler, L50, M|\n|poke|p2|Incineroar, L50, M|\n|poke|p2|Sinistcha, L50|\n|poke|p2|Charizard, L50, M|\n|poke|p2|Basculegion-F, L50, F, shiny|\n|poke|p2|Ninetales-Alola, L50, M|\n|teampreview|4\n|inactive|Battle timer is ON: inactive players will automatically lose when time's up. (requested by Captain Clean 13)\n|c|\u2606Captain Clean 13|glhf!\n|c|\u2606SmolivOilVGC|u2\n|inactive|Captain Clean 13 has 60 seconds left.\n|\n|t:|1776579437\n|teamsize|p1|4\n|teamsize|p2|4\n|start\n|switch|p1a: Sinistcha|Sinistcha, L50|100/100\n|switch|p1b: Rohnta|Volcarona, L50, M|100/100\n|switch|p2a: Sneasler|Sneasler, L50, M|100/100\n|switch|p2b: Charizard|Charizard, L50, M|100/100\n|turn|1\n|c|\u2606Captain Clean 13|This is why Covert Cloak needs to be a thing\n|inactive|Captain Clean 13 has 30 seconds left.\n|inactive|Captain Clean 13 has 20 seconds left.\n|inactive|Captain Clean 13 has 15 seconds left.\n|\n|t:|1776579481\n|switch|p1a: Torkoal|Torkoal, L50, M|100/100\n|-weather|SunnyDay|[from] ability: Drought|[of] p1a: Torkoal\n|move|p2a: Sneasler|Rock Tomb|p1b: Rohnta|[miss]\n|-miss|p2a: Sneasler|p1b: Rohnta\n|move|p1b: Rohnta|Quiver Dance|p1b: Rohnta\n|-boost|p1b: Rohnta|spa|1\n|-boost|p1b: Rohnta|spd|1\n|-boost|p1b: Rohnta|spe|1\n|move|p2b: Charizard|Swords Dance|p2b: Charizard\n|-boost|p2b: Charizard|atk|2\n|\n|-weather|SunnyDay|[upkeep]\n|upkeep\n|turn|2\n|\n|t:|1776579499\n|detailschange|p2b: Charizard|Charizard-Mega-X, L50, M\n|-mega|p2b: Charizard|Charizard|Charizardite X\n|move|p1b: Rohnta|Heat Wave|p2a: Sneasler|[spread] p2a,p2b\n|-resisted|p2b: Charizard|2\n|-damage|p2a: Sneasler|0 fnt\n|-damage|p2b: Charizard|80/100\n|faint|p2a: Sneasler\n|move|p2b: Charizard|Dragon Rush|p1a: Torkoal\n|-damage|p1a: Torkoal|11/100\n|move|p1a: Torkoal|Yawn|p2b: Charizard\n|-start|p2b: Charizard|move: Yawn|[of] p1a: Torkoal\n|\n|-weather|SunnyDay|[upkeep]\n|upkeep\n|\n|t:|1776579506\n|switch|p2a: Basculegend|Basculegion-F, L50, F, shiny|100/100\n|turn|3\n|\n|t:|1776579520\n|move|p1a: Torkoal|Protect|p1a: Torkoal\n|-singleturn|p1a: Torkoal|Protect\n|move|p2a: Basculegend|Flip Turn|p1a: Torkoal\n|-activate|p1a: Torkoal|move: Protect\n|move|p1b: Rohnta|Giga Drain|p2a: Basculegend\n|-supereffective|p2a: Basculegend|1\n|-damage|p2a: Basculegend|12/100\n|move|p2b: Charizard|Dragon Rush|p1b: Rohnta\n|-enditem|p1b: Rohnta|Focus Sash\n|-damage|p1b: Rohnta|1/100\n|\n|-weather|SunnyDay|[upkeep]\n|-end|p2b: Charizard|move: Yawn|[silent]\n|-status|p2b: Charizard|slp\n|upkeep\n|turn|4\n|\n|t:|1776579541\n|switch|p1a: Sinistcha|Sinistcha, L50|100/100\n|-heal|p1b: Rohnta|26/100|[from] ability: Hospitality|[of] p1a: Sinistcha\n|cant|p2b: Charizard|slp\n|move|p2a: Basculegend|Flip Turn|p1b: Rohnta\n|-supereffective|p1b: Rohnta|1\n|-damage|p1b: Rohnta|1/100\n|-status|p2a: Basculegend|brn|[from] ability: Flame Body|[of] p1b: Rohnta\n|\n|t:|1776579552\n|switch|p2a: Sinistcha|Sinistcha, L50|100/100|[from] Flip Turn\n|-heal|p2b: Charizard|100/100 slp|[from] ability: Hospitality|[of] p2a: Sinistcha\n|move|p1b: Rohnta|Heat Wave|p2b: Charizard|[spread] \n|-miss|p1b: Rohnta|p2a: Sinistcha\n|-miss|p1b: Rohnta|p2b: Charizard\n|\n|-weather|SunnyDay|[upkeep]\n|upkeep\n|turn|5\n|c|\u2606Captain Clean 13|nice\n|c|\u2606Captain Clean 13|less nice\n|\n|t:|1776579566\n|move|p1b: Rohnta|Heat Wave|p2a: Sinistcha|[spread] p2a,p2b\n|-supereffective|p2a: Sinistcha|1\n|-resisted|p2b: Charizard|2\n|-damage|p2a: Sinistcha|0 fnt\n|-damage|p2b: Charizard|78/100 slp\n|faint|p2a: Sinistcha\n|cant|p2b: Charizard|slp\n|move|p1a: Sinistcha|Trick Room|p1a: Sinistcha\n|-fieldstart|move: Trick Room|[of] p1a: Sinistcha\n|\n|-weather|none\n|upkeep\n|\n|t:|1776579569\n|switch|p2a: Basculegend|Basculegion-F, L50, F, shiny|12/100 brn\n|turn|6\n|\n|t:|1776579581\n|move|p1a: Sinistcha|Matcha Gotcha|p2b: Charizard|[spread] p2a,p2b\n|-supereffective|p2a: Basculegend|1\n|-resisted|p2b: Charizard|2\n|-damage|p2a: Basculegend|0 fnt\n|-damage|p2b: Charizard|71/100 slp\n|faint|p2a: Basculegend\n|-curestatus|p2b: Charizard|slp|[msg]\n|move|p2b: Charizard|Temper Flare|p1b: Rohnta\n|-damage|p1b: Rohnta|0 fnt\n|-immune|p2b: Charizard\n|faint|p1b: Rohnta\n|\n|upkeep\n|\n|t:|1776579585\n|switch|p1b: Chains|Golurk, L50|100/100\n|turn|7\n|c|\u2606SmolivOilVGC|uh oh\n|\n|t:|1776579592\n|detailschange|p1b: Chains|Golurk-Mega, L50\n|-mega|p1b: Chains|Golurk|Golurkite\n|move|p2b: Charizard|Protect|p2b: Charizard\n|-singleturn|p2b: Charizard|Protect\n|move|p1a: Sinistcha|Rage Powder|p1a: Sinistcha\n|-singleturn|p1a: Sinistcha|move: Rage Powder\n|move|p1b: Chains|Headlong Rush|p2b: Charizard\n|-supereffective|p2b: Charizard|1\n|-ability|p1b: Chains|Unseen Fist\n|-zbroken|p2b: Charizard\n|-damage|p2b: Charizard|41/100\n|-unboost|p1b: Chains|def|1\n|-unboost|p1b: Chains|spd|1\n|\n|upkeep\n|turn|8\n|c|\u2606Captain Clean 13|yeahhh\n|\n|t:|1776579606\n|move|p1a: Sinistcha|Rage Powder|p1a: Sinistcha\n|-singleturn|p1a: Sinistcha|move: Rage Powder\n|move|p1b: Chains|Headlong Rush|p2b: Charizard\n|-supereffective|p2b: Charizard|1\n|-damage|p2b: Charizard|0 fnt\n|-unboost|p1b: Chains|def|1\n|-unboost|p1b: Chains|spd|1\n|faint|p2b: Charizard\n|\n|win|Captain Clean 13\n|raw|Captain Clean 13's rating: 1296 &rarr; <strong>1328</strong><br />(+32 for winning)\n|raw|SmolivOilVGC's rating: 1403 &rarr; <strong>1377</strong><br />(-26 for losing)\n|c|\u2606Captain Clean 13|GG\n|c|\u2606SmolivOilVGC|gg\n|l|\u2606SmolivOilVGC\n|player|p2|\n|c|\u2606Captain Clean 13|Did you make this team?\n|c|\u2606Captain Clean 13|:(\n",
  "uploadtime": 1776579620,
  "views": 28,
  "formatid": "gen9championsvgc2026regma",
  "rating": 1328,
  "private": 0,
  "password": null
}