{
  "id": "gen9championsvgc2026regma-2584617833",
  "format": "[Gen 9 Champions] VGC 2026 Reg M-A",
  "players": [
    "Lilmoose01",
    "Dirt_W0man"
  ],
  "log": "|j|\u2606Lilmoose01\n|j|\u2606Dirt_W0man\n|t:|1776272427\n|gametype|doubles\n|player|p1|Lilmoose01|red|1145\n|player|p2|Dirt_W0man|lady|1122\n|gen|9\n|tier|[Gen 9 Champions] VGC 2026 Reg M-A\n|rated|\n|rule|Species Clause: Limit one of each Pok\u00e9mon\n|rule|Item Clause: Limit 1 of each item\n|clearpoke\n|poke|p1|Meganium, L50, M|\n|poke|p1|Archaludon, L50, F|\n|poke|p1|Incineroar, L50, M|\n|poke|p1|Basculegion, L50, M|\n|poke|p1|Maushold-Four, L50|\n|poke|p1|Politoed, L50, M|\n|poke|p2|Gengar, L50, F|\n|poke|p2|Rotom-Wash, L50|\n|poke|p2|Sinistcha, L50|\n|poke|p2|Sneasler, L50, F|\n|poke|p2|Maushold-Four, L50|\n|poke|p2|Floette-Eternal, L50, F|\n|teampreview|4\nLilmoose01 has agreed to open team sheets.\n|inactive|Battle timer is ON: inactive players will automatically lose when time's up. (requested by Lilmoose01)\n|\n|t:|1776272461\n|teamsize|p1|4\n|teamsize|p2|4\n|start\n|switch|p1a: Politoed|Politoed, L50, M|100/100\n|switch|p1b: Basculegion|Basculegion, L50, M|100/100\n|switch|p2a: Gengar|Gengar, L50, F, shiny|100/100\n|switch|p2b: Sneasler|Sneasler, L50, F, shiny|100/100\n|-weather|RainDance|[from] ability: Drizzle|[of] p1a: Politoed\n|turn|1\n|\n|t:|1776272481\n|detailschange|p2a: Gengar|Gengar-Mega, L50, F, shiny\n|-mega|p2a: Gengar|Gengar|Gengarite\n|move|p2a: Gengar|Protect|p2a: Gengar\n|-singleturn|p2a: Gengar|Protect\n|move|p2b: Sneasler|Protect|p2b: Sneasler\n|-singleturn|p2b: Sneasler|Protect\n|move|p1b: Basculegion|Wave Crash|p2a: Gengar\n|-activate|p2a: Gengar|move: Protect\n|move|p1a: Politoed|Icy Wind|p2a: Gengar|[spread] \n|-activate|p2a: Gengar|move: Protect\n|-activate|p2b: Sneasler|move: Protect\n|\n|-weather|RainDance|[upkeep]\n|upkeep\n|turn|2\n|inactive|Dirt_W0man has 30 seconds left.\n|inactive|Dirt_W0man has 20 seconds left.\n|\n|t:|1776272520\n|switch|p2a: Rotom|Rotom-Wash, L50|100/100\n|move|p1b: Basculegion|Wave Crash|p2a: Rotom\n|-resisted|p2a: Rotom|1\n|-crit|p2a: Rotom\n|-damage|p2a: Rotom|18/100\n|-damage|p1b: Basculegion|79/100|[from] Recoil\n|move|p2b: Sneasler|Close Combat|p1a: Politoed\n|-damage|p1a: Politoed|33/100\n|-unboost|p2b: Sneasler|def|1\n|-unboost|p2b: Sneasler|spd|1\n|-enditem|p2b: Sneasler|White Herb\n|-clearnegativeboost|p2b: Sneasler|[silent]\n|move|p1a: Politoed|Weather Ball|p2b: Sneasler\n|-damage|p2b: Sneasler|22/100\n|\n|-weather|RainDance|[upkeep]\n|upkeep\n|turn|3\n|inactive|Dirt_W0man has 30 seconds left.\n|inactive|Dirt_W0man has 20 seconds left.\n|\n|t:|1776272564\n|move|p2a: Rotom|Protect|p2a: Rotom\n|-singleturn|p2a: Rotom|Protect\n|move|p1a: Politoed|Protect|p1a: Politoed\n|-singleturn|p1a: Politoed|Protect\n|move|p2b: Sneasler|Close Combat|p1a: Politoed\n|-activate|p1a: Politoed|move: Protect\n|move|p1b: Basculegion|Wave Crash|p2a: Rotom\n|-activate|p2a: Rotom|move: Protect\n|\n|-weather|RainDance|[upkeep]\n|upkeep\n|turn|4\n|\n|t:|1776272582\n|switch|p1a: Maushold|Maushold-Four, L50|100/100\n|move|p2b: Sneasler|Close Combat|p1a: Maushold\n|-supereffective|p1a: Maushold|1\n|-enditem|p1a: Maushold|Focus Sash\n|-damage|p1a: Maushold|1/100\n|-unboost|p2b: Sneasler|def|1\n|-unboost|p2b: Sneasler|spd|1\n|move|p1b: Basculegion|Wave Crash|p2a: Rotom\n|-resisted|p2a: Rotom|1\n|-damage|p2a: Rotom|0 fnt\n|faint|p2a: Rotom\n|-damage|p1b: Basculegion|75/100|[from] Recoil\n|\n|-weather|RainDance|[upkeep]\n|upkeep\n|\n|t:|1776272599\n|switch|p2a: Sinistcha|Sinistcha, L50, shiny|100/100\n|-heal|p2b: Sneasler|47/100|[from] ability: Hospitality|[of] p2a: Sinistcha\n|turn|5\n|\n|t:|1776272614\n|move|p1a: Maushold|Follow Me|p1a: Maushold\n|-singleturn|p1a: Maushold|move: Follow Me\n|move|p2a: Sinistcha|Rage Powder|p2a: Sinistcha\n|-singleturn|p2a: Sinistcha|move: Rage Powder\n|move|p2b: Sneasler|Dire Claw|p1a: Maushold\n|-damage|p1a: Maushold|0 fnt\n|faint|p1a: Maushold\n|move|p1b: Basculegion|Wave Crash|p2a: Sinistcha\n|-resisted|p2a: Sinistcha|1\n|-damage|p2a: Sinistcha|50/100\n|-damage|p1b: Basculegion|59/100|[from] Recoil\n|\n|-weather|none\n|-heal|p2a: Sinistcha|56/100|[from] item: Leftovers\n|upkeep\n|\n|t:|1776272634\n|switch|p1a: Meganium|Meganium, L50, M|100/100\n|turn|6\n|\n|t:|1776272656\n|detailschange|p1a: Meganium|Meganium-Mega, L50, M\n|-mega|p1a: Meganium|Meganium|Meganiumite\n|move|p2a: Sinistcha|Rage Powder|p2a: Sinistcha\n|-singleturn|p2a: Sinistcha|move: Rage Powder\n|move|p2b: Sneasler|Dire Claw|p1a: Meganium\n|-supereffective|p1a: Meganium|2\n|-damage|p1a: Meganium|0 fnt\n|faint|p1a: Meganium\n|move|p1b: Basculegion|Wave Crash|p2a: Sinistcha\n|-resisted|p2a: Sinistcha|1\n|-damage|p2a: Sinistcha|22/100\n|-damage|p1b: Basculegion|49/100|[from] Recoil\n|\n|-heal|p2a: Sinistcha|28/100|[from] item: Leftovers\n|upkeep\n|\n|t:|1776272674\n|switch|p1a: Politoed|Politoed, L50, M|33/100\n|-weather|RainDance|[from] ability: Drizzle|[of] p1a: Politoed\n|turn|7\n|\n|t:|1776272686\n|move|p1a: Politoed|Protect|p1a: Politoed\n|-singleturn|p1a: Politoed|Protect\n|move|p2b: Sneasler|Close Combat|p1a: Politoed\n|-activate|p1a: Politoed|move: Protect\n|move|p1b: Basculegion|Wave Crash|p2a: Sinistcha\n|-resisted|p2a: Sinistcha|1\n|-damage|p2a: Sinistcha|0 fnt\n|faint|p2a: Sinistcha\n|-damage|p1b: Basculegion|41/100|[from] Recoil\n|\n|-weather|RainDance|[upkeep]\n|upkeep\n|\n|t:|1776272697\n|switch|p2a: Gengar|Gengar-Mega, L50, F, shiny|100/100\n|turn|8\n|\n|t:|1776272707\n|move|p2a: Gengar|Protect|p2a: Gengar\n|-singleturn|p2a: Gengar|Protect\n|move|p2b: Sneasler|Dire Claw|p1b: Basculegion\n|-resisted|p1b: Basculegion|1\n|-damage|p1b: Basculegion|15/100\n|move|p1b: Basculegion|Wave Crash|p2a: Gengar\n|-activate|p2a: Gengar|move: Protect\n|move|p1a: Politoed|Icy Wind|p2a: Gengar|[spread] p2b\n|-activate|p2a: Gengar|move: Protect\n|-damage|p2b: Sneasler|23/100\n|-unboost|p2b: Sneasler|spe|1\n|\n|-weather|RainDance|[upkeep]\n|upkeep\n|turn|9\n|\n|t:|1776272723\n|move|p2b: Sneasler|Dire Claw|p1b: Basculegion\n|-resisted|p1b: Basculegion|1\n|-damage|p1b: Basculegion|0 fnt\n|faint|p1b: Basculegion\n|move|p2a: Gengar|Shadow Ball|p1a: Politoed\n|-damage|p1a: Politoed|0 fnt\n|faint|p1a: Politoed\n|\n|win|Dirt_W0man\n|raw|Lilmoose01's rating: 1145 &rarr; <strong>1118</strong><br />(-27 for losing)\n|raw|Dirt_W0man's rating: 1122 &rarr; <strong>1149</strong><br />(+27 for winning)\n|l|\u2606Lilmoose01\n|player|p1|\n|c|\u2606Dirt_W0man|gg\n",
  "uploadtime": 1776272760,
  "views": 18,
  "formatid": "gen9championsvgc2026regma",
  "rating": 1118,
  "private": 0,
  "password": null
}