{
  "id": "gen9championsvgc2026regma-2581183227",
  "format": "[Gen 9 Champions] VGC 2026 Reg M-A",
  "players": [
    "sybag",
    "fimmm"
  ],
  "log": "|j|\u2606sybag\n|j|\u2606fimmm\n|t:|1775968138\n|gametype|doubles\n|player|p1|sybag|169|1203\n|player|p2|fimmm|whitney|1134\n|gen|9\n|tier|[Gen 9 Champions] VGC 2026 Reg M-A\n|rated|\n|rule|Species Clause: Limit one of each Pok\u00e9mon\n|rule|Item Clause: Limit 1 of each item\n|clearpoke\n|poke|p1|Charizard, L50, M|\n|poke|p1|Whimsicott, L50, M|\n|poke|p1|Venusaur, L50, F|\n|poke|p1|Incineroar, L50, M|\n|poke|p1|Sneasler, L50, F|\n|poke|p1|Garchomp, L50, M|\n|poke|p2|Slurpuff, L50, M|\n|poke|p2|Liepard, L50, F|\n|poke|p2|Aerodactyl, L50, F|\n|poke|p2|Scovillain, L50, F|\n|poke|p2|Drampa, L50, M|\n|poke|p2|Crabominable, L50, M|\n|teampreview|4\n|inactive|Battle timer is ON: inactive players will automatically lose when time's up. (requested by fimmm)\n|inactive|fimmm has 60 seconds left.\n|\n|t:|1775968173\n|teamsize|p1|4\n|teamsize|p2|4\n|start\n|switch|p1a: Sneasler|Sneasler, L50, F|100/100\n|switch|p1b: Charizard|Charizard, L50, M|100/100\n|switch|p2a: Liepard|Liepard, L50, F|100/100\n|switch|p2b: Aerodactyl|Aerodactyl, L50, F|100/100\n|-ability|p2b: Aerodactyl|Unnerve\n|turn|1\n|\n|t:|1775968194\n|detailschange|p1b: Charizard|Charizard-Mega-Y, L50, M\n|-mega|p1b: Charizard|Charizard|Charizardite Y\n|-weather|SunnyDay|[from] ability: Drought|[of] p1b: Charizard\n|move|p2a: Liepard|Fake Out|p1b: Charizard\n|-damage|p1b: Charizard|88/100\n|move|p1a: Sneasler|Fake Out|p2b: Aerodactyl\n|-resisted|p2b: Aerodactyl|1\n|-damage|p2b: Aerodactyl|88/100\n|cant|p2b: Aerodactyl|flinch\n|cant|p1b: Charizard|flinch\n|\n|-weather|SunnyDay|[upkeep]\n|upkeep\n|turn|2\n|inactive|fimmm has 30 seconds left.\n|\n|t:|1775968220\n|move|p1b: Charizard|Protect|p1b: Charizard\n|-singleturn|p1b: Charizard|Protect\n|move|p2a: Liepard|Thunder Wave|p1a: Sneasler\n|-status|p1a: Sneasler|par\n|move|p2b: Aerodactyl|Rock Slide|p1a: Sneasler|[spread] p1a\n|-activate|p1b: Charizard|move: Protect\n|-resisted|p1a: Sneasler|1\n|-damage|p1a: Sneasler|78/100 par\n|cant|p1a: Sneasler|flinch\n|\n|-weather|SunnyDay|[upkeep]\n|upkeep\n|turn|3\n|\n|t:|1775968239\n|switch|p2a: Slurpuff|Slurpuff, L50, M|100/100\n|switch|p1b: Whimsicott|Whimsicott, L50, M|100/100\n|move|p2b: Aerodactyl|Rock Slide|p1b: Whimsicott|[spread] p1a,p1b\n|-resisted|p1a: Sneasler|1\n|-damage|p1a: Sneasler|55/100 par\n|-damage|p1b: Whimsicott|60/100\n|move|p1a: Sneasler|Close Combat|p2b: Aerodactyl\n|-damage|p2b: Aerodactyl|0 fnt\n|-unboost|p1a: Sneasler|def|1\n|-unboost|p1a: Sneasler|spd|1\n|faint|p2b: Aerodactyl\n|-enditem|p1a: Sneasler|White Herb\n|-clearnegativeboost|p1a: Sneasler|[silent]\n|\n|-weather|SunnyDay|[upkeep]\n|upkeep\n|\n|t:|1775968245\n|switch|p2b: Liepard|Liepard, L50, F|100/100\n|turn|4\n|inactive|fimmm has 30 seconds left.\n|inactive|fimmm has 20 seconds left.\n|\n|t:|1775968283\n|move|p1b: Whimsicott|Protect|p1b: Whimsicott\n|-singleturn|p1b: Whimsicott|Protect\n|move|p1a: Sneasler|Protect|p1a: Sneasler\n|-singleturn|p1a: Sneasler|Protect\n|move|p2b: Liepard|Swagger|p2a: Slurpuff\n|-boost|p2a: Slurpuff|atk|2\n|-start|p2a: Slurpuff|confusion\n|-enditem|p2a: Slurpuff|Persim Berry|[eat]\n|-end|p2a: Slurpuff|confusion\n|move|p2a: Slurpuff|Play Rough|p1a: Sneasler\n|-activate|p1a: Sneasler|move: Protect\n|\n|-weather|SunnyDay|[upkeep]\n|upkeep\n|turn|5\n|\n|t:|1775968306\n|move|p1b: Whimsicott|Tailwind|p1b: Whimsicott\n|-sidestart|p1: sybag|move: Tailwind\n|move|p2b: Liepard|Swagger|p1b: Whimsicott\n|-boost|p1b: Whimsicott|atk|2\n|-start|p1b: Whimsicott|confusion\n|cant|p1a: Sneasler|par\n|move|p2a: Slurpuff|Play Rough|p1a: Sneasler\n|-damage|p1a: Sneasler|0 fnt\n|faint|p1a: Sneasler\n|\n|-weather|none\n|upkeep\n|\n|t:|1775968319\n|switch|p1a: Charizard|Charizard-Mega-Y, L50, M|88/100\n|-weather|SunnyDay|[from] ability: Drought|[of] p1a: Charizard\n|turn|6\n|\n|t:|1775968328\n|move|p2b: Liepard|Thunder Wave|p1a: Charizard\n|-status|p1a: Charizard|par\n|-activate|p1b: Whimsicott|confusion\n|-damage|p1b: Whimsicott|41/100|[from] confusion\n|move|p2a: Slurpuff|Play Rough|p1b: Whimsicott\n|-damage|p1b: Whimsicott|0 fnt\n|faint|p1b: Whimsicott\n|move|p1a: Charizard|Heat Wave|p2a: Slurpuff|[spread] p2a,p2b\n|-damage|p2a: Slurpuff|13/100\n|-enditem|p2b: Liepard|Focus Sash\n|-damage|p2b: Liepard|1/100\n|\n|-weather|SunnyDay|[upkeep]\n|upkeep\n|\n|t:|1775968342\n|switch|p1b: Incineroar|Incineroar, L50, M|100/100\n|-ability|p1b: Incineroar|Intimidate|boost\n|-unboost|p2a: Slurpuff|atk|1\n|-unboost|p2b: Liepard|atk|1\n|turn|7\n|\n|t:|1775968350\n|move|p2a: Slurpuff|Protect|p2a: Slurpuff\n|-singleturn|p2a: Slurpuff|Protect\n|move|p1b: Incineroar|Fake Out|p2a: Slurpuff\n|-activate|p2a: Slurpuff|move: Protect\n|move|p2b: Liepard|Swagger|p1a: Charizard\n|-boost|p1a: Charizard|atk|2\n|-start|p1a: Charizard|confusion\n|-activate|p1a: Charizard|confusion\n|-damage|p1a: Charizard|65/100 par|[from] confusion\n|\n|-weather|SunnyDay|[upkeep]\n|upkeep\n|turn|8\n|\n|t:|1775968368\n|-end|p1a: Charizard|confusion\n|move|p1a: Charizard|Protect|p1a: Charizard\n|-singleturn|p1a: Charizard|Protect\n|move|p2a: Slurpuff|Drain Punch|p1b: Incineroar\n|-supereffective|p1b: Incineroar|1\n|-damage|p1b: Incineroar|45/100\n|-heal|p2a: Slurpuff|45/100|[from] drain|[of] p1b: Incineroar\n|-enditem|p1b: Incineroar|Sitrus Berry|[eat]\n|-heal|p1b: Incineroar|70/100|[from] item: Sitrus Berry\n|move|p2b: Liepard|Foul Play|p1a: Charizard\n|-activate|p1a: Charizard|move: Protect\n|move|p1b: Incineroar|Flare Blitz|p2a: Slurpuff\n|-damage|p2a: Slurpuff|0 fnt\n|faint|p2a: Slurpuff\n|-damage|p1b: Incineroar|57/100|[from] Recoil\n|\n|-weather|SunnyDay|[upkeep]\n|-sideend|p1: sybag|move: Tailwind\n|upkeep\n|\n|t:|1775968373\n|switch|p2a: Crabominable|Crabominable, L50, M|100/100\n|turn|9\n|\n|t:|1775968391\n|move|p2a: Crabominable|Protect|p2a: Crabominable\n|-singleturn|p2a: Crabominable|Protect\n|move|p2b: Liepard|Foul Play|p1a: Charizard\n|-damage|p1a: Charizard|0 fnt\n|faint|p1a: Charizard\n|move|p1b: Incineroar|Flare Blitz|p2a: Crabominable\n|-activate|p2a: Crabominable|move: Protect\n|\n|-weather|SunnyDay|[upkeep]\n|upkeep\n|turn|10\n|\n|t:|1775968401\n|detailschange|p2a: Crabominable|Crabominable-Mega, L50, M\n|-mega|p2a: Crabominable|Crabominable|Crabominite\n|move|p2b: Liepard|Foul Play|p1b: Incineroar\n|-resisted|p1b: Incineroar|1\n|-damage|p1b: Incineroar|39/100\n|move|p1b: Incineroar|Flare Blitz|p2a: Crabominable\n|-supereffective|p2a: Crabominable|1\n|-damage|p2a: Crabominable|0 fnt\n|faint|p2a: Crabominable\n|-damage|p1b: Incineroar|6/100|[from] Recoil\n|\n|-weather|none\n|upkeep\n|turn|11\n|\n|t:|1775968416\n|move|p2b: Liepard|Foul Play|p1b: Incineroar\n|-resisted|p1b: Incineroar|1\n|-damage|p1b: Incineroar|0 fnt\n|faint|p1b: Incineroar\n|\n|win|fimmm\n|raw|sybag's rating: 1203 &rarr; <strong>1173</strong><br />(-30 for losing)\n|raw|fimmm's rating: 1134 &rarr; <strong>1164</strong><br />(+30 for winning)\n|l|\u2606sybag\n|player|p1|\n",
  "uploadtime": 1775968422,
  "views": 23,
  "formatid": "gen9championsvgc2026regma",
  "rating": 1164,
  "private": 0,
  "password": null
}