{
  "id": "gen9championsvgc2026regma-2587068071",
  "format": "[Gen 9 Champions] VGC 2026 Reg M-A",
  "players": [
    "Warehouse User",
    "dmk_404"
  ],
  "log": "|j|\u2606Warehouse User\n|j|\u2606dmk_404\n|t:|1776489098\n|gametype|doubles\n|player|p1|Warehouse User|102|1026\n|player|p2|dmk_404|gambler|1051\n|gen|9\n|tier|[Gen 9 Champions] VGC 2026 Reg M-A\n|rated|\n|rule|Species Clause: Limit one of each Pok\u00e9mon\n|rule|Item Clause: Limit 1 of each item\n|clearpoke\n|poke|p1|Aegislash, L50, F|\n|poke|p1|Maushold-Four, L50|\n|poke|p1|Azumarill, L50, F|\n|poke|p1|Whimsicott, L50, F|\n|poke|p1|Beedrill, L50, F|\n|poke|p1|Castform, L50, F|\n|poke|p2|Froslass, L50, F|\n|poke|p2|Kingambit, L50, F|\n|poke|p2|Milotic, L50, M|\n|poke|p2|Garganacl, L50, F|\n|poke|p2|Garchomp, L50, M|\n|poke|p2|Sneasler, L50, F|\n|teampreview|4\ndmk_404 has agreed to open team sheets.\n|\n|t:|1776489156\n|teamsize|p1|4\n|teamsize|p2|4\n|start\n|switch|p1a: Maushold|Maushold-Four, L50|100/100\n|switch|p1b: Azumarill|Azumarill, L50, F|100/100\n|switch|p2a: mully|Milotic, L50, M|100/100\n|switch|p2b: Glass 2.0|Sneasler, L50, F|100/100\n|turn|1\n|\n|t:|1776489171\n|switch|p1b: Aegislash|Aegislash, L50, F|100/100\n|move|p1a: Maushold|Protect|p1a: Maushold\n|-singleturn|p1a: Maushold|Protect\n|move|p2b: Glass 2.0|Fake Out|p1b: Aegislash\n|-immune|p1b: Aegislash\n|move|p2a: mully|Scald|p1a: Maushold\n|-activate|p1a: Maushold|move: Protect\n|\n|upkeep\n|turn|2\n|\n|t:|1776489207\n|move|p1a: Maushold|Helping Hand|p1b: Aegislash\n|-singleturn|p1b: Aegislash|Helping Hand|[of] p1a: Maushold\n|-formechange|p1b: Aegislash|Aegislash-Blade|\n|move|p1b: Aegislash|Shadow Sneak|p2b: Glass 2.0\n|-damage|p2b: Glass 2.0|24/100\n|move|p2b: Glass 2.0|Dire Claw|p1a: Maushold\n|-damage|p1a: Maushold|45/100\n|-status|p1a: Maushold|psn\n|move|p2a: mully|Muddy Water|p1b: Aegislash|[spread] p1b\n|-miss|p2a: mully|p1a: Maushold\n|-damage|p1b: Aegislash|63/100\n|\n|-damage|p1a: Maushold|33/100 psn|[from] psn\n|upkeep\n|turn|3\n|\n|t:|1776489223\n|move|p2b: Glass 2.0|Protect|p2b: Glass 2.0\n|-singleturn|p2b: Glass 2.0|Protect\n|move|p1a: Maushold|Follow Me|p1a: Maushold\n|-singleturn|p1a: Maushold|move: Follow Me\n|move|p2a: mully|Muddy Water|p1b: Aegislash|[spread] p1a\n|-miss|p2a: mully|p1b: Aegislash\n|-damage|p1a: Maushold|0 fnt\n|faint|p1a: Maushold\n|move|p1b: Aegislash|Swords Dance|p1b: Aegislash\n|-boost|p1b: Aegislash|atk|2\n|\n|upkeep\n|\n|t:|1776489238\n|switch|p1a: Whimsicott|Whimsicott, L50, F|100/100\n|turn|4\n|\n|t:|1776489247\n|move|p1b: Aegislash|Shadow Sneak|p2b: Glass 2.0\n|-damage|p2b: Glass 2.0|0 fnt\n|faint|p2b: Glass 2.0\n|move|p1a: Whimsicott|Energy Ball|p2a: mully\n|-supereffective|p2a: mully|1\n|-damage|p2a: mully|57/100\n|move|p2a: mully|Scald|p1b: Aegislash\n|-damage|p1b: Aegislash|0 fnt\n|faint|p1b: Aegislash\n|\n|upkeep\n|\n|t:|1776489258\n|switch|p2b: miko|Froslass, L50, F|100/100\n|switch|p1b: Azumarill|Azumarill, L50, F|100/100\n|turn|5\n|\n|t:|1776489271\n|detailschange|p2b: miko|Froslass-Mega, L50, F\n|-mega|p2b: miko|Froslass|Froslassite\n|-weather|Snowscape|[from] ability: Snow Warning|[of] p2b: miko\n|move|p1a: Whimsicott|Tailwind|p1a: Whimsicott\n|-sidestart|p1: Warehouse User|move: Tailwind\n|move|p2b: miko|Blizzard|p1b: Azumarill|[spread] p1a,p1b\n|-supereffective|p1a: Whimsicott|1\n|-resisted|p1b: Azumarill|1\n|-enditem|p1a: Whimsicott|Focus Sash\n|-damage|p1a: Whimsicott|1/100\n|-damage|p1b: Azumarill|76/100\n|move|p1b: Azumarill|Belly Drum|p1b: Azumarill\n|-damage|p1b: Azumarill|26/100\n|-setboost|p1b: Azumarill|atk|6|[from] move: Belly Drum\n|-enditem|p1b: Azumarill|Sitrus Berry|[eat]\n|-heal|p1b: Azumarill|51/100|[from] item: Sitrus Berry\n|move|p2a: mully|Ice Beam|p1a: Whimsicott\n|-supereffective|p1a: Whimsicott|1\n|-damage|p1a: Whimsicott|0 fnt\n|faint|p1a: Whimsicott\n|\n|-weather|Snowscape|[upkeep]\n|upkeep\n|turn|6\n|\n|t:|1776489302\n|move|p1b: Azumarill|Aqua Jet|p2b: miko\n|-damage|p2b: miko|0 fnt\n|faint|p2b: miko\n|move|p2a: mully|Scald|p1b: Azumarill\n|-resisted|p1b: Azumarill|1\n|-damage|p1b: Azumarill|32/100\n|-status|p1b: Azumarill|brn\n|\n|-weather|Snowscape|[upkeep]\n|-damage|p1b: Azumarill|26/100 brn|[from] brn\n|upkeep\n|\n|t:|1776489312\n|switch|p2b: chomper|Garchomp, L50, M|100/100\n|turn|7\n|\n|t:|1776489326\n|move|p2b: chomper|Bulldoze|p1b: Azumarill|[spread] p2a,p1b\n|-damage|p2a: mully|29/100\n|-damage|p1b: Azumarill|5/100 brn\n|-unboost|p2a: mully|spe|1\n|-unboost|p1b: Azumarill|spe|1\n|-enditem|p2a: mully|Sitrus Berry|[eat]\n|-heal|p2a: mully|54/100|[from] item: Sitrus Berry\n|move|p1b: Azumarill|Play Rough|p2b: chomper\n|-supereffective|p2b: chomper|1\n|-damage|p2b: chomper|0 fnt\n|-damage|p1b: Azumarill|0 fnt|[from] ability: Rough Skin|[of] p2b: chomper\n|faint|p2b: chomper\n|faint|p1b: Azumarill\n|\n|win|dmk_404\n|raw|Warehouse User's rating: 1026 &rarr; <strong>1013</strong><br />(-13 for losing)\n|raw|dmk_404's rating: 1051 &rarr; <strong>1081</strong><br />(+30 for winning)\n|l|\u2606dmk_404\n|player|p2|\n",
  "uploadtime": 1776489340,
  "views": 16,
  "formatid": "gen9championsvgc2026regma",
  "rating": 1013,
  "private": 0,
  "password": null
}