{
  "id": "gen9championsvgc2026regma-2588658371",
  "format": "[Gen 9 Champions] VGC 2026 Reg M-A",
  "players": [
    "Cylantro",
    "adalove"
  ],
  "log": "|j|\u2606Cylantro\n|j|\u2606adalove\n|t:|1776654644\n|gametype|doubles\n|player|p1|Cylantro|101|1249\n|player|p2|adalove|dragontamer|1171\n|gen|9\n|tier|[Gen 9 Champions] VGC 2026 Reg M-A\n|rated|\n|rule|Species Clause: Limit one of each Pok\u00e9mon\n|rule|Item Clause: Limit 1 of each item\n|clearpoke\n|poke|p1|Kingambit, L50, F|\n|poke|p1|Garchomp, L50, F|\n|poke|p1|Sneasler, L50, F|\n|poke|p1|Basculegion, L50, M|\n|poke|p1|Gardevoir, L50, M|\n|poke|p1|Froslass, L50, F|\n|poke|p2|Tyranitar, L50, F|\n|poke|p2|Excadrill, L50, F|\n|poke|p2|Corviknight, L50, M|\n|poke|p2|Garchomp, L50, M|\n|poke|p2|Primarina, L50, M|\n|poke|p2|Sinistcha, L50|\n|teampreview|4\n|inactive|Battle timer is ON: inactive players will automatically lose when time's up. (requested by adalove)\n|inactive|Cylantro has 60 seconds left.\n|inactive|adalove has 60 seconds left.\n|\n|t:|1776654689\n|teamsize|p1|4\n|teamsize|p2|4\n|start\n|switch|p1a: Garchomp|Garchomp, L50, F|100/100\n|switch|p1b: Sneasler|Sneasler, L50, F|100/100\n|switch|p2a: Bandwidth|Sinistcha, L50|100/100\n|switch|p2b: Throughput|Excadrill, L50, F|100/100\n|turn|1\n|inactive|Cylantro has 30 seconds left.\n|\n|t:|1776654714\n|switch|p2b: Outbound|Primarina, L50, M|100/100\n|move|p1b: Sneasler|Fake Out|p2b: Outbound\n|-damage|p2b: Outbound|77/100\n|move|p1a: Garchomp|Dragon Claw|p2a: Bandwidth\n|-damage|p2a: Bandwidth|65/100\n|move|p2a: Bandwidth|Trick Room|p2a: Bandwidth\n|-fieldstart|move: Trick Room|[of] p2a: Bandwidth\n|\n|upkeep\n|turn|2\n|inactive|adalove has 30 seconds left.\n|\n|t:|1776654744\n|move|p1a: Garchomp|Protect|p1a: Garchomp\n|-singleturn|p1a: Garchomp|Protect\n|move|p1b: Sneasler|Protect|p1b: Sneasler\n|-singleturn|p1b: Sneasler|Protect\n|move|p2a: Bandwidth|Strength Sap|p1b: Sneasler\n|-activate|p1b: Sneasler|move: Protect\n|move|p2b: Outbound|Hyper Voice|p1b: Sneasler|[spread] \n|-activate|p1a: Garchomp|move: Protect\n|-activate|p1b: Sneasler|move: Protect\n|\n|upkeep\n|turn|3\n|\n|t:|1776654761\n|switch|p1a: Gardevoir|Gardevoir, L50, M|100/100\n|switch|p1b: Kingambit|Kingambit, L50, F|100/100\n|move|p2a: Bandwidth|Strength Sap|p1b: Kingambit\n|-unboost|p1b: Kingambit|atk|1\n|-ability|p1b: Kingambit|Defiant|boost\n|-boost|p1b: Kingambit|atk|2\n|-heal|p2a: Bandwidth|100/100\n|move|p2b: Outbound|Moonblast|p1a: Gardevoir\n|-damage|p1a: Gardevoir|41/100\n|\n|upkeep\n|turn|4\n|\n|t:|1776654782\n|switch|p2a: The-Catalyst|Tyranitar, L50, F|100/100\n|-weather|Sandstorm|[from] ability: Sand Stream|[of] p2a: The-Catalyst\n|move|p1b: Kingambit|Protect|p1b: Kingambit\n|-singleturn|p1b: Kingambit|Protect\n|move|p1a: Gardevoir|Protect|p1a: Gardevoir\n|-singleturn|p1a: Gardevoir|Protect\n|move|p2b: Outbound|Hyper Voice|p1a: Gardevoir|[spread] \n|-activate|p1a: Gardevoir|move: Protect\n|-activate|p1b: Kingambit|move: Protect\n|\n|-weather|Sandstorm|[upkeep]\n|-damage|p2b: Outbound|71/100|[from] Sandstorm\n|-damage|p1a: Gardevoir|36/100|[from] Sandstorm\n|upkeep\n|turn|5\n|\n|t:|1776654806\n|switch|p2b: Bandwidth|Sinistcha, L50|100/100\n|switch|p1a: Garchomp|Garchomp, L50, F|100/100\n|detailschange|p2a: The-Catalyst|Tyranitar-Mega, L50, F\n|-mega|p2a: The-Catalyst|Tyranitar|Tyranitarite\n|move|p1b: Kingambit|Low Kick|p2a: The-Catalyst\n|-supereffective|p2a: The-Catalyst|2\n|-damage|p2a: The-Catalyst|0 fnt\n|faint|p2a: The-Catalyst\n|\n|-weather|Sandstorm|[upkeep]\n|-damage|p2b: Bandwidth|95/100|[from] Sandstorm\n|-fieldend|move: Trick Room\n|upkeep\n|\n|t:|1776654818\n|switch|p2a: Throughput|Excadrill, L50, F|100/100\n|turn|6\n|\n|t:|1776654831\n|move|p2a: Throughput|Earthquake|p1a: Garchomp|[spread] p2b,p1a,p1b\n|-resisted|p2b: Bandwidth|1\n|-supereffective|p1b: Kingambit|1\n|-damage|p2b: Bandwidth|76/100\n|-damage|p1a: Garchomp|61/100\n|-damage|p1b: Kingambit|34/100\n|move|p1a: Garchomp|Rock Slide|p2a: Throughput|[spread] p2b\n|-miss|p1a: Garchomp|p2a: Throughput\n|-damage|p2b: Bandwidth|60/100\n|move|p2b: Bandwidth|Strength Sap|p1a: Garchomp\n|-unboost|p1a: Garchomp|atk|1\n|-heal|p2b: Bandwidth|100/100\n|move|p1b: Kingambit|Kowtow Cleave|p2b: Bandwidth\n|-supereffective|p2b: Bandwidth|1\n|-damage|p2b: Bandwidth|0 fnt\n|faint|p2b: Bandwidth\n|\n|-weather|Sandstorm|[upkeep]\n|upkeep\n|\n|t:|1776654845\n|switch|p2b: Outbound|Primarina, L50, M|71/100\n|turn|7\n|\n|t:|1776654855\n|move|p1b: Kingambit|Protect|p1b: Kingambit\n|-singleturn|p1b: Kingambit|Protect\n|move|p2a: Throughput|Earthquake|p1a: Garchomp|[spread] p2b,p1a\n|-activate|p1b: Kingambit|move: Protect\n|-damage|p2b: Outbound|11/100\n|-damage|p1a: Garchomp|23/100\n|move|p1a: Garchomp|Earthquake|p2a: Throughput|[spread] p2a,p2b\n|-activate|p1b: Kingambit|move: Protect\n|-supereffective|p2a: Throughput|1\n|-damage|p2a: Throughput|25/100\n|-damage|p2b: Outbound|0 fnt\n|faint|p2b: Outbound\n|\n|-weather|Sandstorm|[upkeep]\n|upkeep\n|turn|8\n|\n|t:|1776654877\n|move|p1b: Kingambit|Sucker Punch|p2a: Throughput\n|-damage|p2a: Throughput|0 fnt\n|faint|p2a: Throughput\n|\n|win|Cylantro\n|raw|Cylantro's rating: 1249 &rarr; <strong>1268</strong><br />(+19 for winning)\n|raw|adalove's rating: 1171 &rarr; <strong>1152</strong><br />(-19 for losing)\n",
  "uploadtime": 1776654877,
  "views": 5,
  "formatid": "gen9championsvgc2026regma",
  "rating": 1152,
  "private": 0,
  "password": null
}