{
  "id": "gen9championsvgc2026regma-2585036113",
  "format": "[Gen 9 Champions] VGC 2026 Reg M-A",
  "players": [
    "retrojp",
    "B3ANO"
  ],
  "log": "|j|\u2606retrojp\n|j|\u2606B3ANO\n|t:|1776305459\n|gametype|doubles\n|player|p1|retrojp|170|1053\n|player|p2|B3ANO|fisherman-gen4|1053\n|gen|9\n|tier|[Gen 9 Champions] VGC 2026 Reg M-A\n|rated|\n|rule|Species Clause: Limit one of each Pok\u00e9mon\n|rule|Item Clause: Limit 1 of each item\n|clearpoke\n|poke|p1|Aggron, L50, M|\n|poke|p1|Aerodactyl, L50, F|\n|poke|p1|Hydreigon, L50, M|\n|poke|p1|Tyranitar, L50, M|\n|poke|p1|Sneasler, L50, F|\n|poke|p1|Sinistcha, L50|\n|poke|p2|Kingambit, L50, F|\n|poke|p2|Blastoise, L50, M|\n|poke|p2|Aerodactyl, L50, F|\n|poke|p2|Kangaskhan, L50, F|\n|poke|p2|Sinistcha, L50|\n|poke|p2|Farigiraf, L50, F|\n|teampreview|4\n|\n|t:|1776305478\n|teamsize|p1|4\n|teamsize|p2|4\n|start\n|switch|p1a: Aggron|Aggron, L50, M|100/100\n|switch|p1b: Sneasler|Sneasler, L50, F|100/100\n|switch|p2a: Farigiraf|Farigiraf, L50, F, shiny|100/100\n|switch|p2b: Blastoise|Blastoise, L50, M|100/100\n|-ability|p1b: Sneasler|Pressure\n|turn|1\n|\n|t:|1776305497\n|move|p2b: Blastoise|Fake Out|p1a: Aggron\n|-resisted|p1a: Aggron|2\n|-damage|p1a: Aggron|99/100\n|move|p1b: Sneasler|Coaching|p1a: Aggron\n|-boost|p1a: Aggron|atk|1\n|-boost|p1a: Aggron|def|1\n|cant|p1a: Aggron|flinch\n|move|p2a: Farigiraf|Trick Room|p2a: Farigiraf\n|-fieldstart|move: Trick Room|[of] p2a: Farigiraf\n|\n|upkeep\n|turn|2\n|\n|t:|1776305512\n|move|p1a: Aggron|Iron Defense|p1a: Aggron\n|-boost|p1a: Aggron|def|2\n|move|p2a: Farigiraf|Rain Dance|p2a: Farigiraf\n|-weather|RainDance\n|move|p2b: Blastoise|Water Pulse|p1a: Aggron\n|-supereffective|p1a: Aggron|1\n|-damage|p1a: Aggron|10/100\n|move|p1b: Sneasler|Coaching|p1a: Aggron\n|-boost|p1a: Aggron|atk|1\n|-boost|p1a: Aggron|def|1\n|\n|-weather|RainDance|[upkeep]\n|upkeep\n|turn|3\n|\n|t:|1776305541\n|switch|p1b: Sinistcha|Sinistcha, L50|100/100\n|-heal|p1a: Aggron|35/100|[from] ability: Hospitality|[of] p1b: Sinistcha\n|move|p1a: Aggron|Protect|p1a: Aggron\n|-singleturn|p1a: Aggron|Protect\n|move|p2a: Farigiraf|Psychic|p1b: Sinistcha\n|-damage|p1b: Sinistcha|63/100\n|move|p2b: Blastoise|Water Spout|p1b: Sinistcha|[spread] p1b\n|-activate|p1a: Aggron|move: Protect\n|-resisted|p1b: Sinistcha|1\n|-damage|p1b: Sinistcha|23/100\n|\n|-weather|RainDance|[upkeep]\n|upkeep\n|turn|4\n|\n|t:|1776305560\n|detailschange|p1a: Aggron|Aggron-Mega, L50, M\n|-mega|p1a: Aggron|Aggron|Aggronite\n|move|p2a: Farigiraf|Helping Hand|p2b: Blastoise\n|-singleturn|p2b: Blastoise|Helping Hand|[of] p2a: Farigiraf\n|move|p1a: Aggron|Body Press|p2b: Blastoise\n|-damage|p2b: Blastoise|0 fnt\n|faint|p2b: Blastoise\n|move|p1b: Sinistcha|Life Dew|p1b: Sinistcha|[spread] p1a,p1b\n|-heal|p1a: Aggron|60/100\n|-heal|p1b: Sinistcha|48/100\n|\n|-weather|RainDance|[upkeep]\n|upkeep\n|\n|t:|1776305575\n|switch|p2b: Sinistcha|Sinistcha, L50|100/100\n|turn|5\n|\n|t:|1776305598\n|move|p1a: Aggron|Protect|p1a: Aggron\n|-singleturn|p1a: Aggron|Protect\n|move|p2b: Sinistcha|Rage Powder|p2b: Sinistcha\n|-singleturn|p2b: Sinistcha|move: Rage Powder\n|move|p2a: Farigiraf|Psychic|p1a: Aggron\n|-activate|p1a: Aggron|move: Protect\n|move|p1b: Sinistcha|Life Dew|p1b: Sinistcha|[spread] p1a,p1b\n|-heal|p1a: Aggron|85/100\n|-heal|p1b: Sinistcha|73/100\n|\n|-weather|RainDance|[upkeep]\n|-fieldend|move: Trick Room\n|upkeep\n|turn|6\n|\n|t:|1776305621\n|move|p2b: Sinistcha|Rage Powder|p2b: Sinistcha\n|-singleturn|p2b: Sinistcha|move: Rage Powder\n|move|p1b: Sinistcha|Life Dew|p1b: Sinistcha|[spread] p1a,p1b\n|-heal|p1a: Aggron|100/100\n|-heal|p1b: Sinistcha|98/100\n|move|p2a: Farigiraf|Psychic|p1a: Aggron\n|-resisted|p1a: Aggron|1\n|-damage|p1a: Aggron|84/100\n|move|p1a: Aggron|Heavy Slam|p2b: Sinistcha\n|-damage|p2b: Sinistcha|14/100\n|\n|-weather|none\n|upkeep\n|turn|7\n|\n|t:|1776305643\n|move|p2b: Sinistcha|Rage Powder|p2b: Sinistcha\n|-singleturn|p2b: Sinistcha|move: Rage Powder\n|move|p1b: Sinistcha|Life Dew|p1b: Sinistcha|[spread] p1a,p1b\n|-heal|p1a: Aggron|100/100\n|-heal|p1b: Sinistcha|100/100\n|move|p2a: Farigiraf|Psychic|p1b: Sinistcha\n|-damage|p1b: Sinistcha|62/100\n|move|p1a: Aggron|Heavy Slam|p2b: Sinistcha\n|-damage|p2b: Sinistcha|0 fnt\n|faint|p2b: Sinistcha\n|\n|upkeep\n|\n|t:|1776305656\n|switch|p2b: Kingambit|Kingambit, L50, F, shiny|100/100\n|turn|8\n|\n|t:|1776305664\n|move|p2a: Farigiraf|Helping Hand|p2b: Kingambit\n|-singleturn|p2b: Kingambit|Helping Hand|[of] p2a: Farigiraf\n|move|p1b: Sinistcha|Rage Powder|p1b: Sinistcha\n|-singleturn|p1b: Sinistcha|move: Rage Powder\n|move|p1a: Aggron|Body Press|p2b: Kingambit\n|-supereffective|p2b: Kingambit|2\n|-damage|p2b: Kingambit|0 fnt\n|faint|p2b: Kingambit\n|\n|upkeep\n|turn|9\n|-message|B3ANO forfeited.\n|\n|win|retrojp\n|raw|retrojp's rating: 1053 &rarr; <strong>1085</strong><br />(+32 for winning)\n|raw|B3ANO's rating: 1053 &rarr; <strong>1035</strong><br />(-18 for losing)\n|l|\u2606B3ANO\n|player|p2|\n",
  "uploadtime": 1776305681,
  "views": 23,
  "formatid": "gen9championsvgc2026regma",
  "rating": 1035,
  "private": 0,
  "password": null
}