{
  "id": "gen9championsvgc2026regma-2588273639",
  "format": "[Gen 9 Champions] VGC 2026 Reg M-A",
  "players": [
    "yagoewe",
    "Pyrotf2real"
  ],
  "log": "|j|\u2606yagoewe\n|j|\u2606Pyrotf2real\n|t:|1776620021\n|gametype|doubles\n|player|p1|yagoewe|galacticgrunt|1093\n|player|p2|Pyrotf2real|volo|1117\n|gen|9\n|tier|[Gen 9 Champions] VGC 2026 Reg M-A\n|rated|\n|rule|Species Clause: Limit one of each Pok\u00e9mon\n|rule|Item Clause: Limit 1 of each item\n|clearpoke\n|poke|p1|Tyranitar, L50, F|\n|poke|p1|Excadrill, L50, F|\n|poke|p1|Aerodactyl, L50, M|\n|poke|p1|Rotom-Wash, L50|\n|poke|p1|Incineroar, L50, F|\n|poke|p1|Sinistcha, L50|\n|poke|p2|Floette-Eternal, L50, F|\n|poke|p2|Pelipper, L50, F|\n|poke|p2|Kingambit, L50, F|\n|poke|p2|Meganium, L50, F|\n|poke|p2|Azumarill, L50, M|\n|poke|p2|Bellibolt, L50, M|\n|teampreview|4\n|inactive|Battle timer is ON: inactive players will automatically lose when time's up. (requested by Pyrotf2real)\nPyrotf2real has agreed to open team sheets.\n|\n|t:|1776620041\n|teamsize|p1|4\n|teamsize|p2|4\n|start\n|switch|p1a: Tyranitar|Tyranitar, L50, F|100/100\n|switch|p1b: Incineroar|Incineroar, L50, F|100/100\n|switch|p2a: Pelipper|Pelipper, L50, F|100/100\n|switch|p2b: Meganium|Meganium, L50, F|100/100\n|-weather|Sandstorm|[from] ability: Sand Stream|[of] p1a: Tyranitar\n|-weather|RainDance|[from] ability: Drizzle|[of] p2a: Pelipper\n|-ability|p1b: Incineroar|Intimidate|boost\n|-unboost|p2a: Pelipper|atk|1\n|-unboost|p2b: Meganium|atk|1\n|turn|1\n|inactive|yagoewe has 30 seconds left.\n|\n|t:|1776620074\n|detailschange|p1a: Tyranitar|Tyranitar-Mega, L50, F\n|-mega|p1a: Tyranitar|Tyranitar|Tyranitarite\n|-weather|Sandstorm|[from] ability: Sand Stream|[of] p1a: Tyranitar\n|detailschange|p2b: Meganium|Meganium-Mega, L50, F\n|-mega|p2b: Meganium|Meganium|Meganiumite\n|move|p1b: Incineroar|Fake Out|p2b: Meganium\n|-damage|p2b: Meganium|91/100\n|move|p1a: Tyranitar|Dragon Dance|p1a: Tyranitar\n|-boost|p1a: Tyranitar|atk|1\n|-boost|p1a: Tyranitar|spe|1\n|cant|p2b: Meganium|flinch\n|move|p2a: Pelipper|Tailwind|p2a: Pelipper\n|-sidestart|p2: Pyrotf2real|move: Tailwind\n|\n|-weather|Sandstorm|[upkeep]\n|-damage|p2b: Meganium|85/100|[from] Sandstorm\n|-damage|p2a: Pelipper|95/100|[from] Sandstorm\n|-damage|p1b: Incineroar|95/100|[from] Sandstorm\n|upkeep\n|turn|2\n|\n|t:|1776620095\n|move|p1a: Tyranitar|Protect|p1a: Tyranitar\n|-singleturn|p1a: Tyranitar|Protect\n|move|p2b: Meganium|Dazzling Gleam|p1b: Incineroar|[spread] p1b\n|-activate|p1a: Tyranitar|move: Protect\n|-damage|p1b: Incineroar|68/100\n|move|p2a: Pelipper|Hydro Pump|p1b: Incineroar\n|-supereffective|p1b: Incineroar|1\n|-damage|p1b: Incineroar|0 fnt\n|faint|p1b: Incineroar\n|\n|-weather|Sandstorm|[upkeep]\n|-damage|p2b: Meganium|79/100|[from] Sandstorm\n|-damage|p2a: Pelipper|89/100|[from] Sandstorm\n|upkeep\n|\n|t:|1776620110\n|switch|p1b: Rotom|Rotom-Wash, L50|100/100\n|turn|3\n|\n|t:|1776620128\n|move|p2b: Meganium|Solar Beam||[still]\n|-prepare|p2b: Meganium|Solar Beam\n|-activate|p2b: Meganium|ability: Mega Sol\n|-anim|p2b: Meganium|Solar Beam|p1a: Tyranitar\n|-supereffective|p1a: Tyranitar|1\n|-damage|p1a: Tyranitar|0 fnt\n|faint|p1a: Tyranitar\n|move|p2a: Pelipper|U-turn|p1b: Rotom\n|-damage|p1b: Rotom|94/100\n|\n|t:|1776620134\n|switch|p2a: Bellibolt|Bellibolt, L50, M|100/100|[from] U-turn\n|move|p1b: Rotom|Thunderbolt|p2a: Bellibolt\n|-resisted|p2a: Bellibolt|1\n|-damage|p2a: Bellibolt|85/100\n|-start|p2a: Bellibolt|Charge|Thunderbolt|[from] ability: Electromorphosis\n|\n|-weather|Sandstorm|[upkeep]\n|-damage|p2b: Meganium|73/100|[from] Sandstorm\n|-damage|p2a: Bellibolt|79/100|[from] Sandstorm\n|-damage|p1b: Rotom|88/100|[from] Sandstorm\n|-heal|p2a: Bellibolt|85/100|[from] item: Leftovers\n|-heal|p1b: Rotom|94/100|[from] item: Leftovers\n|upkeep\n|\n|t:|1776620149\n|switch|p1a: Sinistcha|Sinistcha, L50|100/100\n|-heal|p1b: Rotom|100/100|[from] ability: Hospitality|[of] p1a: Sinistcha\n|turn|4\n|inactive|Pyrotf2real has 30 seconds left.\n|\n|t:|1776620175\n|move|p2b: Meganium|Solar Beam||[still]\n|-prepare|p2b: Meganium|Solar Beam\n|-activate|p2b: Meganium|ability: Mega Sol\n|-anim|p2b: Meganium|Solar Beam|p1b: Rotom\n|-supereffective|p1b: Rotom|1\n|-damage|p1b: Rotom|0 fnt\n|faint|p1b: Rotom\n|move|p2a: Bellibolt|Weather Ball|p1a: Sinistcha\n|-damage|p1a: Sinistcha|68/100\n|move|p1a: Sinistcha|Trick Room|p1a: Sinistcha\n|-fieldstart|move: Trick Room|[of] p1a: Sinistcha\n|\n|-weather|Sandstorm|[upkeep]\n|-damage|p1a: Sinistcha|62/100|[from] Sandstorm\n|-damage|p2a: Bellibolt|79/100|[from] Sandstorm\n|-damage|p2b: Meganium|68/100|[from] Sandstorm\n|-heal|p2a: Bellibolt|85/100|[from] item: Leftovers\n|-sideend|p2: Pyrotf2real|move: Tailwind\n|upkeep\n|turn|5\n|\n|t:|1776620197\n|move|p2a: Bellibolt|Weather Ball|p1a: Sinistcha\n|-damage|p1a: Sinistcha|30/100\n|move|p1a: Sinistcha|Matcha Gotcha|p2a: Bellibolt|[spread] p2a,p2b\n|-resisted|p2b: Meganium|1\n|-damage|p2a: Bellibolt|62/100\n|-heal|p1a: Sinistcha|44/100|[from] drain|[of] p2a: Bellibolt\n|-damage|p2b: Meganium|56/100\n|-heal|p1a: Sinistcha|49/100|[from] drain|[of] p2b: Meganium\n|-start|p2a: Bellibolt|Charge|Matcha Gotcha|[from] ability: Electromorphosis\n|move|p2b: Meganium|Weather Ball|p1a: Sinistcha\n|-supereffective|p1a: Sinistcha|1\n|-crit|p1a: Sinistcha\n|-damage|p1a: Sinistcha|0 fnt\n|faint|p1a: Sinistcha\n|\n|win|Pyrotf2real\n|raw|yagoewe's rating: 1093 &rarr; <strong>1071</strong><br />(-22 for losing)\n|raw|Pyrotf2real's rating: 1117 &rarr; <strong>1140</strong><br />(+23 for winning)\n",
  "uploadtime": 1776620229,
  "views": 22,
  "formatid": "gen9championsvgc2026regma",
  "rating": 1071,
  "private": 0,
  "password": null
}