{
  "id": "gen9championsvgc2026regma-2588725306",
  "format": "[Gen 9 Champions] VGC 2026 Reg M-A",
  "players": [
    "EXSA",
    "RuloInutil"
  ],
  "log": "|j|\u2606EXSA\n|j|\u2606RuloInutil\n|t:|1776662438\n|gametype|doubles\n|player|p1|EXSA|1|1258\n|player|p2|RuloInutil|hugh|1158\n|gen|9\n|tier|[Gen 9 Champions] VGC 2026 Reg M-A\n|rated|\n|rule|Species Clause: Limit one of each Pok\u00e9mon\n|rule|Item Clause: Limit 1 of each item\n|clearpoke\n|poke|p1|Oranguru, L50, M|\n|poke|p1|Incineroar, L50, M|\n|poke|p1|Torkoal, L50, F|\n|poke|p1|Venusaur, L50, M|\n|poke|p1|Aerodactyl, L50, M|\n|poke|p1|Gallade, L50, M|\n|poke|p2|Tyranitar, L50, F|\n|poke|p2|Excadrill, L50, M|\n|poke|p2|Rotom-Heat, L50|\n|poke|p2|Sinistcha, L50|\n|poke|p2|Gardevoir, L50, F|\n|poke|p2|Gyarados, L50, M|\n|teampreview|4\n|\n|t:|1776662479\n|teamsize|p1|4\n|teamsize|p2|4\n|start\n|switch|p1a: Incineroar|Incineroar, L50, M|100/100\n|switch|p1b: Oranguru|Oranguru, L50, M|100/100\n|switch|p2a: Tyranitar|Tyranitar, L50, F|100/100\n|switch|p2b: Excadrill|Excadrill, L50, M|100/100\n|-weather|Sandstorm|[from] ability: Sand Stream|[of] p2a: Tyranitar\n|-ability|p1a: Incineroar|Intimidate|boost\n|-unboost|p2a: Tyranitar|atk|1\n|-unboost|p2b: Excadrill|atk|1\n|turn|1\n|\n|t:|1776662507\n|move|p1a: Incineroar|Fake Out|p2b: Excadrill\n|-resisted|p2b: Excadrill|1\n|-damage|p2b: Excadrill|90/100\n|cant|p2b: Excadrill|flinch\n|move|p2a: Tyranitar|Crunch|p1b: Oranguru\n|-supereffective|p1b: Oranguru|1\n|-damage|p1b: Oranguru|52/100\n|move|p1b: Oranguru|Trick Room|p1b: Oranguru\n|-fieldstart|move: Trick Room|[of] p1b: Oranguru\n|\n|-weather|Sandstorm|[upkeep]\n|-damage|p1a: Incineroar|95/100|[from] Sandstorm\n|-damage|p1b: Oranguru|46/100|[from] Sandstorm\n|upkeep\n|turn|2\n|\n|t:|1776662527\n|move|p2b: Excadrill|Protect|p2b: Excadrill\n|-singleturn|p2b: Excadrill|Protect\n|move|p1a: Incineroar|Flare Blitz|p2b: Excadrill\n|-activate|p2b: Excadrill|move: Protect\n|move|p1b: Oranguru|Instruct|p1a: Incineroar\n|-singleturn|p1a: Incineroar|move: Instruct|[of] p1b: Oranguru\n|move|p1a: Incineroar|Flare Blitz|p2b: Excadrill\n|-activate|p2b: Excadrill|move: Protect\n|move|p2a: Tyranitar|Rock Slide|p1a: Incineroar|[spread] p1a\n|-miss|p2a: Tyranitar|p1b: Oranguru\n|-supereffective|p1a: Incineroar|1\n|-damage|p1a: Incineroar|54/100\n|\n|-weather|Sandstorm|[upkeep]\n|-damage|p1a: Incineroar|48/100|[from] Sandstorm\n|-damage|p1b: Oranguru|40/100|[from] Sandstorm\n|-enditem|p1a: Incineroar|Sitrus Berry|[eat]\n|-heal|p1a: Incineroar|73/100|[from] item: Sitrus Berry\n|upkeep\n|turn|3\n|\n|t:|1776662550\n|switch|p2b: Rotom|Rotom-Heat, L50|100/100\n|move|p1a: Incineroar|Parting Shot|p2a: Tyranitar\n|-unboost|p2a: Tyranitar|atk|1\n|-unboost|p2a: Tyranitar|spa|1\n|\n|t:|1776662564\n|switch|p1a: Torkoal|Torkoal, L50, F|100/100|[from] Parting Shot\n|-weather|SunnyDay|[from] ability: Drought|[of] p1a: Torkoal\n|move|p1b: Oranguru|Encore||[still]\n|-fail|p1b: Oranguru\n|move|p2a: Tyranitar|Crunch|p1b: Oranguru\n|-supereffective|p1b: Oranguru|1\n|-damage|p1b: Oranguru|5/100\n|\n|-weather|SunnyDay|[upkeep]\n|upkeep\n|turn|4\n|\n|t:|1776662602\n|move|p2a: Tyranitar|Protect|p2a: Tyranitar\n|-singleturn|p2a: Tyranitar|Protect\n|move|p1a: Torkoal|Eruption|p2a: Tyranitar|[spread] p2b\n|-activate|p2a: Tyranitar|move: Protect\n|-resisted|p2b: Rotom|1\n|-damage|p2b: Rotom|45/100\n|move|p1b: Oranguru|Instruct|p1a: Torkoal\n|-singleturn|p1a: Torkoal|move: Instruct|[of] p1b: Oranguru\n|move|p1a: Torkoal|Eruption|p2b: Rotom|[spread] p2b\n|-activate|p2a: Tyranitar|move: Protect\n|-resisted|p2b: Rotom|1\n|-damage|p2b: Rotom|0 fnt\n|faint|p2b: Rotom\n|\n|-weather|SunnyDay|[upkeep]\n|upkeep\n|\n|t:|1776662619\n|switch|p2b: Excadrill|Excadrill, L50, M|90/100\n|turn|5\n|\n|t:|1776662643\n|switch|p2a: Sinistcha|Sinistcha, L50|100/100\n|-heal|p2b: Excadrill|100/100|[from] ability: Hospitality|[of] p2a: Sinistcha\n|move|p2b: Excadrill|Protect|p2b: Excadrill\n|-singleturn|p2b: Excadrill|Protect\n|move|p1a: Torkoal|Eruption|p2a: Sinistcha|[spread] p2a\n|-activate|p2b: Excadrill|move: Protect\n|-supereffective|p2a: Sinistcha|1\n|-damage|p2a: Sinistcha|0 fnt\n|faint|p2a: Sinistcha\n|move|p1b: Oranguru|Instruct|p1a: Torkoal\n|-singleturn|p1a: Torkoal|move: Instruct|[of] p1b: Oranguru\n|move|p1a: Torkoal|Eruption|p2b: Excadrill\n|-activate|p2b: Excadrill|move: Protect\n|\n|-weather|SunnyDay|[upkeep]\n|-fieldend|move: Trick Room\n|upkeep\n|\n|t:|1776662653\n|switch|p2a: Tyranitar|Tyranitar, L50, F|100/100\n|-weather|Sandstorm|[from] ability: Sand Stream|[of] p2a: Tyranitar\n|turn|6\n|\n|t:|1776662667\n|switch|p1a: Incineroar|Incineroar, L50, M|73/100\n|-ability|p1a: Incineroar|Intimidate|boost\n|-unboost|p2a: Tyranitar|atk|1\n|-unboost|p2b: Excadrill|atk|1\n|detailschange|p2a: Tyranitar|Tyranitar-Mega, L50, F\n|-mega|p2a: Tyranitar|Tyranitar|Tyranitarite\n|move|p2b: Excadrill|High Horsepower|p1a: Incineroar\n|-supereffective|p1a: Incineroar|1\n|-damage|p1a: Incineroar|9/100\n|move|p2a: Tyranitar|Rock Slide|p1a: Incineroar|[spread] p1a,p1b\n|-supereffective|p1a: Incineroar|1\n|-damage|p1a: Incineroar|0 fnt\n|-damage|p1b: Oranguru|0 fnt\n|faint|p1a: Incineroar\n|faint|p1b: Oranguru\n|\n|-weather|Sandstorm|[upkeep]\n|upkeep\n|\n|t:|1776662676\n|switch|p1b: Venusaur|Venusaur, L50, M|100/100\n|switch|p1a: Torkoal|Torkoal, L50, F|100/100\n|-weather|SunnyDay|[from] ability: Drought|[of] p1a: Torkoal\n|turn|7\n|\n|t:|1776662717\n|detailschange|p1b: Venusaur|Venusaur-Mega, L50, M\n|-mega|p1b: Venusaur|Venusaur|Venusaurite\n|move|p2b: Excadrill|High Horsepower|p1b: Venusaur\n|-damage|p1b: Venusaur|74/100\n|move|p2a: Tyranitar|Rock Slide|p1a: Torkoal|[spread] p1a\n|-miss|p2a: Tyranitar|p1b: Venusaur\n|-supereffective|p1a: Torkoal|1\n|-damage|p1a: Torkoal|68/100\n|move|p1b: Venusaur|Leaf Storm|p2a: Tyranitar\n|-supereffective|p2a: Tyranitar|1\n|-damage|p2a: Tyranitar|0 fnt\n|-unboost|p1b: Venusaur|spa|2\n|faint|p2a: Tyranitar\n|cant|p1a: Torkoal|flinch\n|\n|-weather|SunnyDay|[upkeep]\n|upkeep\n|turn|8\n|\n|t:|1776662735\n|move|p2b: Excadrill|High Horsepower|p1a: Torkoal\n|-supereffective|p1a: Torkoal|1\n|-damage|p1a: Torkoal|19/100\n|move|p1b: Venusaur|Leech Seed|p2b: Excadrill\n|-start|p2b: Excadrill|move: Leech Seed\n|move|p1a: Torkoal|Weather Ball|p2b: Excadrill\n|-supereffective|p2b: Excadrill|1\n|-enditem|p2b: Excadrill|Focus Sash\n|-damage|p2b: Excadrill|1/100\n|\n|-weather|SunnyDay|[upkeep]\n|-damage|p2b: Excadrill|0 fnt|[from] Leech Seed|[of] p1b: Venusaur\n|-heal|p1b: Venusaur|75/100|[silent]\n|faint|p2b: Excadrill\n|\n|win|EXSA\n|raw|EXSA's rating: 1258 &rarr; <strong>1276</strong><br />(+18 for winning)\n|raw|RuloInutil's rating: 1158 &rarr; <strong>1140</strong><br />(-18 for losing)\n|l|\u2606RuloInutil\n|player|p2|\n",
  "uploadtime": 1776662748,
  "views": 7,
  "formatid": "gen9championsvgc2026regma",
  "rating": 1140,
  "private": 0,
  "password": null
}