{
  "id": "gen9championsvgc2026regma-2584506691",
  "format": "[Gen 9 Champions] VGC 2026 Reg M-A",
  "players": [
    "ciberpk",
    "shinja yug"
  ],
  "log": "|j|\u2606ciberpk\n|j|\u2606shinja yug\n|t:|1776265378\n|gametype|doubles\n|player|p1|ciberpk|102|1203\n|player|p2|shinja yug|li|1195\n|gen|9\n|tier|[Gen 9 Champions] VGC 2026 Reg M-A\n|rated|\n|rule|Species Clause: Limit one of each Pok\u00e9mon\n|rule|Item Clause: Limit 1 of each item\n|clearpoke\n|poke|p1|Kangaskhan, L50, F|\n|poke|p1|Meganium, L50, F|\n|poke|p1|Typhlosion-Hisui, L50, F|\n|poke|p1|Archaludon, L50, M|\n|poke|p1|Aerodactyl, L50, M|\n|poke|p1|Tauros-Paldea-Aqua, L50, M|\n|poke|p2|Basculegion, L50, M|\n|poke|p2|Dragapult, L50, M|\n|poke|p2|Kingambit, L50, M|\n|poke|p2|Volcarona, L50, F|\n|poke|p2|Farigiraf, L50, F|\n|poke|p2|Sneasler, L50, F|\n|teampreview|4\n|\n|t:|1776265457\n|teamsize|p1|4\n|teamsize|p2|4\n|start\n|switch|p1a: Typhlosion|Typhlosion-Hisui, L50, F|100/100\n|switch|p1b: Aerodactyl|Aerodactyl, L50, M|100/100\n|switch|p2a: Sneasler|Sneasler, L50, F|100/100\n|switch|p2b: Basculegion|Basculegion, L50, M|100/100\n|-ability|p1b: Aerodactyl|Unnerve\n|-item|p2a: Sneasler|White Herb|[from] ability: Frisk|[of] p1a: Typhlosion\n|-item|p2b: Basculegion|Choice Scarf|[from] ability: Frisk|[of] p1a: Typhlosion\n|turn|1\n|\n|t:|1776265497\n|switch|p1a: Meganium|Meganium, L50, F|100/100\n|move|p1b: Aerodactyl|Protect|p1b: Aerodactyl\n|-singleturn|p1b: Aerodactyl|Protect\n|move|p2a: Sneasler|Fake Out|p1b: Aerodactyl\n|-activate|p1b: Aerodactyl|move: Protect\n|move|p2b: Basculegion|Aqua Jet|p1a: Meganium\n|-resisted|p1a: Meganium|1\n|-damage|p1a: Meganium|89/100\n|\n|upkeep\n|turn|2\n|\n|t:|1776265537\n|detailschange|p1a: Meganium|Meganium-Mega, L50, F\n|-mega|p1a: Meganium|Meganium|Meganiumite\n|move|p2b: Basculegion|Aqua Jet|p1b: Aerodactyl\n|-supereffective|p1b: Aerodactyl|1\n|-damage|p1b: Aerodactyl|11/100\n|move|p1b: Aerodactyl|Tailwind|p1b: Aerodactyl\n|-sidestart|p1: ciberpk|move: Tailwind\n|move|p1a: Meganium|Dazzling Gleam|p2b: Basculegion|[spread] p2a,p2b\n|-damage|p2a: Sneasler|53/100\n|-damage|p2b: Basculegion|62/100\n|move|p2a: Sneasler|Dire Claw|p1a: Meganium\n|-supereffective|p1a: Meganium|2\n|-damage|p1a: Meganium|0 fnt\n|faint|p1a: Meganium\n|\n|upkeep\n|\n|t:|1776265552\n|switch|p1a: Tauros|Tauros-Paldea-Aqua, L50, M|100/100\n|-ability|p1a: Tauros|Intimidate|boost\n|-unboost|p2a: Sneasler|atk|1\n|-unboost|p2b: Basculegion|atk|1\n|-enditem|p2a: Sneasler|White Herb\n|-clearnegativeboost|p2a: Sneasler|[silent]\n|turn|3\n|\n|t:|1776265565\n|move|p1b: Aerodactyl|Protect|p1b: Aerodactyl\n|-singleturn|p1b: Aerodactyl|Protect\n|move|p2a: Sneasler|Protect|p2a: Sneasler\n|-singleturn|p2a: Sneasler|Protect\n|move|p2b: Basculegion|Aqua Jet|p1b: Aerodactyl\n|-activate|p1b: Aerodactyl|move: Protect\n|move|p1a: Tauros|Wave Crash|p2a: Sneasler\n|-activate|p2a: Sneasler|move: Protect\n|\n|upkeep\n|turn|4\n|\n|t:|1776265593\n|move|p1b: Aerodactyl|Protect|p1b: Aerodactyl\n|-singleturn|p1b: Aerodactyl|Protect\n|move|p2b: Basculegion|Aqua Jet|p1b: Aerodactyl\n|-activate|p1b: Aerodactyl|move: Protect\n|move|p2a: Sneasler|Close Combat|p1a: Tauros\n|-damage|p1a: Tauros|27/100\n|-unboost|p2a: Sneasler|def|1\n|-unboost|p2a: Sneasler|spd|1\n|move|p1a: Tauros|Close Combat|p2a: Sneasler\n|-resisted|p2a: Sneasler|1\n|-damage|p2a: Sneasler|0 fnt\n|-unboost|p1a: Tauros|def|1\n|-unboost|p1a: Tauros|spd|1\n|faint|p2a: Sneasler\n|-enditem|p1a: Tauros|White Herb\n|-clearnegativeboost|p1a: Tauros|[silent]\n|\n|upkeep\n|\n|t:|1776265604\n|switch|p2a: Dragapult|Dragapult, L50, M|100/100\n|turn|5\n|\n|t:|1776265626\n|move|p2b: Basculegion|Aqua Jet|p1b: Aerodactyl\n|-supereffective|p1b: Aerodactyl|1\n|-damage|p1b: Aerodactyl|0 fnt\n|faint|p1b: Aerodactyl\n|move|p1a: Tauros|Wave Crash|p2b: Basculegion\n|-resisted|p2b: Basculegion|1\n|-damage|p2b: Basculegion|24/100\n|-damage|p1a: Tauros|11/100|[from] Recoil\n|move|p2a: Dragapult|Dragon Dance|p2a: Dragapult\n|-boost|p2a: Dragapult|atk|1\n|-boost|p2a: Dragapult|spe|1\n|\n|-sideend|p1: ciberpk|move: Tailwind\n|upkeep\n|\n|t:|1776265637\n|switch|p1b: Typhlosion|Typhlosion-Hisui, L50, F|100/100\n|-item|p2a: Dragapult|Colbur Berry|[from] ability: Frisk|[of] p1b: Typhlosion\n|-item|p2b: Basculegion|Choice Scarf|[from] ability: Frisk|[of] p1b: Typhlosion\n|turn|6\n|\n|t:|1776265652\n|move|p2b: Basculegion|Aqua Jet|p1b: Typhlosion\n|-supereffective|p1b: Typhlosion|1\n|-damage|p1b: Typhlosion|47/100\n|move|p2a: Dragapult|Dragon Darts|p1b: Typhlosion\n|-damage|p1b: Typhlosion|0 fnt\n|-anim|p2a: Dragapult|Dragon Darts|p1a: Tauros\n|-damage|p1a: Tauros|0 fnt\n|faint|p1b: Typhlosion\n|faint|p1a: Tauros\n|\n|win|shinja yug\n|raw|ciberpk's rating: 1203 &rarr; <strong>1177</strong><br />(-26 for losing)\n|raw|shinja yug's rating: 1195 &rarr; <strong>1221</strong><br />(+26 for winning)\n",
  "uploadtime": 1776265660,
  "views": 20,
  "formatid": "gen9championsvgc2026regma",
  "rating": 1177,
  "private": 0,
  "password": null
}