{
  "id": "gen9championsvgc2026regma-2581862714",
  "format": "[Gen 9 Champions] VGC 2026 Reg M-A",
  "players": [
    "Carrielis",
    "camala64"
  ],
  "log": "|j|\u2606Carrielis\n|j|\u2606camala64\n|html|<table width=\"100%\"><tr><td align=\"left\">Carrielis</td><td align=\"right\">camala64</tr><tr><td align=\"left\"><i class=\"fa fa-circle-o\"></i> <i class=\"fa fa-circle-o\"></i> </td><td align=\"right\"><i class=\"fa fa-circle-o\"></i> <i class=\"fa fa-circle-o\"></i> </tr></table>\n|uhtml|bestof|<h2><strong>Game 1</strong> of <a href=\"/game-bestof3-gen9championsvgc2026regma-2581862713\">a best-of-3</a></h2>\n|t:|1776034665\n|gametype|doubles\n|player|p1|Carrielis|iris-masters|\n|player|p2|camala64|lance-masters2|\n|gen|9\n|tier|[Gen 9 Champions] VGC 2026 Reg M-A\n|rule|Species Clause: Limit one of each Pok\u00e9mon\n|rule|Item Clause: Limit 1 of each item\n|raw|<div class=\"infobox\"><details class=\"readmore\" open><summary><strong>1 custom rule:</strong></summary> Best of = 3</details></div>\n|clearpoke\n|poke|p1|Clefable, L50, F|\n|poke|p1|Tyranitar, L50, F|\n|poke|p1|Delphox, L50, F|\n|poke|p1|Basculegion, L50, M|\n|poke|p1|Corviknight, L50, F|\n|poke|p1|Garchomp, L50, M|\n|poke|p2|Froslass, L50, F|\n|poke|p2|Arcanine-Hisui, L50, M|\n|poke|p2|Corviknight, L50, F|\n|poke|p2|Sylveon, L50, F|\n|poke|p2|Milotic, L50, F|\n|poke|p2|Garchomp, L50, M|\n|teampreview|4\ncamala64 has agreed to open team sheets.\nCarrielis has agreed to open team sheets.\n|showteam|p1|Clefable||ChestoBerry|MagicGuard|Moonblast,FollowMe,HelpingHand,Protect|||F|||50|]Tyranitar||Tyranitarite|SandStream|RockSlide,KnockOff,LowKick,Protect|||F|||50|]Delphox||Delphoxite|Blaze|HeatWave,Psychic,Substitute,Protect|||F|||50|]Basculegion||ChoiceScarf|Adaptability|AquaJet,WaveCrash,LastRespects,FlipTurn|||M|||50|]Corviknight||Leftovers|MirrorArmor|BodyPress,BulkUp,Tailwind,Roost|||F|||50|]Garchomp||WhiteHerb|SandVeil|Earthquake,RockSlide,DragonClaw,Protect|||M|||50|\n|showteam|p2|Froslass||Froslassite|SnowCloak|Blizzard,Protect,ShadowBall,AuroraVeil|||F|||50|]Arcanine-Hisui||WhiteHerb|Intimidate|RockSlide,Protect,FlareBlitz,ExtremeSpeed|||M|||50|]Corviknight||Leftovers|MirrorArmor|Tailwind,IronHead,BulkUp,Protect|||F|||50|]Sylveon||FairyFeather|Pixilate|HyperVoice,Protect,CalmMind,Moonblast|||F|||50|]Milotic||SitrusBerry|Competitive|Scald,IceBeam,Recover,Protect|||F|||50|]Garchomp||ChoiceScarf|RoughSkin|StompingTantrum,Earthquake,RockSlide,DragonClaw|||M|||50|\n|\n|t:|1776034697\n|teamsize|p1|4\n|teamsize|p2|4\n|start\n|switch|p1a: Clefable|Clefable, L50, F|100/100\n|switch|p1b: Garchomp|Garchomp, L50, M|100/100\n|switch|p2a: Milotic|Milotic, L50, F, shiny|100/100\n|switch|p2b: Garchomp|Garchomp, L50, M, shiny|100/100\n|turn|1\n|c|\u2606Carrielis|Glhf\n|c|\u2606camala64|Glhf\n|\n|t:|1776034719\n|switch|p1b: Basculegion|Basculegion, L50, M, shiny|100/100\n|move|p1a: Clefable|Protect|p1a: Clefable\n|-singleturn|p1a: Clefable|Protect\n|move|p2b: Garchomp|Rock Slide|p1a: Clefable|[spread] p1b\n|-activate|p1a: Clefable|move: Protect\n|-damage|p1b: Basculegion|74/100\n|move|p2a: Milotic|Ice Beam|p1b: Basculegion\n|-resisted|p1b: Basculegion|1\n|-damage|p1b: Basculegion|61/100\n|\n|upkeep\n|turn|2\n|\n|t:|1776034738\n|move|p1a: Clefable|Helping Hand|p1b: Basculegion\n|-singleturn|p1b: Basculegion|Helping Hand|[of] p1a: Clefable\n|move|p2b: Garchomp|Rock Slide|p1a: Clefable|[spread] p1b\n|-miss|p2b: Garchomp|p1a: Clefable\n|-damage|p1b: Basculegion|35/100\n|move|p1b: Basculegion|Wave Crash|p2b: Garchomp\n|-damage|p2b: Garchomp|0 fnt\n|-damage|p1b: Basculegion|22/100|[from] ability: Rough Skin|[of] p2b: Garchomp\n|faint|p2b: Garchomp\n|-damage|p1b: Basculegion|0 fnt|[from] Recoil\n|faint|p1b: Basculegion\n|move|p2a: Milotic|Scald|p1a: Clefable\n|-damage|p1a: Clefable|79/100\n|\n|upkeep\n|\n|t:|1776034751\n|switch|p2b: Arcanine|Arcanine-Hisui, L50, M, shiny|100/100\n|switch|p1b: Tyranitar|Tyranitar, L50, F|100/100\n|-ability|p2b: Arcanine|Intimidate|boost\n|-unboost|p1a: Clefable|atk|1\n|-unboost|p1b: Tyranitar|atk|1\n|-weather|Sandstorm|[from] ability: Sand Stream|[of] p1b: Tyranitar\n|turn|3\n|\n|t:|1776034761\n|move|p1a: Clefable|Follow Me|p1a: Clefable\n|-singleturn|p1a: Clefable|move: Follow Me\n|move|p2b: Arcanine|Rock Slide|p1b: Tyranitar|[spread] p1a,p1b\n|-damage|p1a: Clefable|48/100\n|-damage|p1b: Tyranitar|80/100\n|move|p2a: Milotic|Scald|p1a: Clefable\n|-damage|p1a: Clefable|25/100\n|-status|p1a: Clefable|brn\n|move|p1b: Tyranitar|Rock Slide|p2b: Arcanine|[spread] p2a,p2b\n|-supereffective|p2b: Arcanine|1\n|-damage|p2a: Milotic|82/100\n|-damage|p2b: Arcanine|54/100\n|\n|-weather|Sandstorm|[upkeep]\n|-damage|p2a: Milotic|76/100|[from] Sandstorm\n|upkeep\n|turn|4\n|\n|t:|1776034780\n|detailschange|p1b: Tyranitar|Tyranitar-Mega, L50, F\n|-mega|p1b: Tyranitar|Tyranitar|Tyranitarite\n|move|p1a: Clefable|Follow Me|p1a: Clefable\n|-singleturn|p1a: Clefable|move: Follow Me\n|move|p2b: Arcanine|Flare Blitz|p1a: Clefable\n|-damage|p1a: Clefable|0 fnt\n|faint|p1a: Clefable\n|-damage|p2b: Arcanine|44/100|[from] Recoil\n|move|p1b: Tyranitar|Rock Slide|p2a: Milotic|[spread] p2a,p2b\n|-supereffective|p2b: Arcanine|1\n|-damage|p2a: Milotic|57/100\n|-damage|p2b: Arcanine|0 fnt\n|faint|p2b: Arcanine\n|move|p2a: Milotic|Scald|p1b: Tyranitar\n|-supereffective|p1b: Tyranitar|1\n|-damage|p1b: Tyranitar|44/100\n|\n|-weather|Sandstorm|[upkeep]\n|-damage|p2a: Milotic|51/100|[from] Sandstorm\n|upkeep\n|\n|t:|1776034792\n|switch|p2b: Froslass|Froslass, L50, F|100/100\n|switch|p1a: Garchomp|Garchomp, L50, M|100/100\n|turn|5\n|\n|t:|1776034802\n|detailschange|p2b: Froslass|Froslass-Mega, L50, F\n|-mega|p2b: Froslass|Froslass|Froslassite\n|-weather|Snowscape|[from] ability: Snow Warning|[of] p2b: Froslass\n|move|p1a: Garchomp|Protect|p1a: Garchomp\n|-singleturn|p1a: Garchomp|Protect\n|move|p2b: Froslass|Blizzard|p1a: Garchomp|[spread] p1b\n|-activate|p1a: Garchomp|move: Protect\n|-damage|p1b: Tyranitar|10/100\n|move|p1b: Tyranitar|Rock Slide|p2a: Milotic|[spread] p2b\n|-miss|p1b: Tyranitar|p2a: Milotic\n|-supereffective|p2b: Froslass|1\n|-damage|p2b: Froslass|50/100\n|move|p2a: Milotic|Recover|p2a: Milotic\n|-heal|p2a: Milotic|100/100\n|\n|-weather|Snowscape|[upkeep]\n|upkeep\n|turn|6\n|\n|t:|1776034823\n|move|p2b: Froslass|Blizzard|p1a: Garchomp|[spread] p1a,p1b\n|-supereffective|p1a: Garchomp|2\n|-damage|p1a: Garchomp|0 fnt\n|-damage|p1b: Tyranitar|0 fnt\n|faint|p1a: Garchomp\n|faint|p1b: Tyranitar\n|\n|win|camala64\n||camala64 is ready for game 2.\n||Carrielis is ready for game 2.\n|uhtml|next|Next: <a href=\"/battle-gen9championsvgc2026regma-2581864588\"><strong>Game 2 of 3</strong></a>\n",
  "uploadtime": 1776035016,
  "views": 8,
  "formatid": "gen9championsvgc2026regma",
  "rating": null,
  "private": 0,
  "password": null
}