{
  "id": "gen9championsvgc2026regma-2581166917",
  "format": "[Gen 9 Champions] VGC 2026 Reg M-A",
  "players": [
    "evyeltal",
    "Jjvcchu"
  ],
  "log": "|j|\u2606evyeltal\n|j|\u2606Jjvcchu\n|t:|1775966405\n|gametype|doubles\n|player|p1|evyeltal|265|1094\n|player|p2|Jjvcchu|2|1085\n|gen|9\n|tier|[Gen 9 Champions] VGC 2026 Reg M-A\n|rated|\n|rule|Species Clause: Limit one of each Pok\u00e9mon\n|rule|Item Clause: Limit 1 of each item\n|clearpoke\n|poke|p1|Charizard, L50, F|\n|poke|p1|Whimsicott, L50, F|\n|poke|p1|Venusaur, L50, M|\n|poke|p1|Incineroar, L50, F|\n|poke|p1|Farigiraf, L50, M|\n|poke|p1|Torkoal, L50, M|\n|poke|p2|Scizor, L50, F|\n|poke|p2|Gengar, L50, M|\n|poke|p2|Aerodactyl, L50, F|\n|poke|p2|Incineroar, L50, M|\n|poke|p2|Primarina, L50, M|\n|poke|p2|Maushold, L50|\n|teampreview|4\n|inactive|Battle timer is ON: inactive players will automatically lose when time's up. (requested by evyeltal)\n|inactive|evyeltal has 60 seconds left.\n|inactive|evyeltal has 30 seconds left.\n|\n|t:|1775966493\n|teamsize|p1|4\n|teamsize|p2|4\n|start\n|switch|p1a: Incineroar|Incineroar, L50, F, shiny|100/100\n|switch|p1b: Whimsicott|Whimsicott, L50, F|100/100\n|switch|p2a: Aerodactyl|Aerodactyl, L50, F|100/100\n|switch|p2b: Primarina|Primarina, L50, M|100/100\n|-ability|p2a: Aerodactyl|Unnerve\n|-ability|p1a: Incineroar|Intimidate|boost\n|-unboost|p2a: Aerodactyl|atk|1\n|-unboost|p2b: Primarina|atk|1\n|turn|1\n|inactive|evyeltal has 30 seconds left.\n|inactive|evyeltal has 20 seconds left.\n|\n|t:|1775966533\n|move|p1a: Incineroar|Fake Out|p2b: Primarina\n|-damage|p2b: Primarina|87/100\n|move|p1b: Whimsicott|Tailwind|p1b: Whimsicott\n|-sidestart|p1: evyeltal|move: Tailwind\n|move|p2a: Aerodactyl|Tailwind|p2a: Aerodactyl\n|-sidestart|p2: Jjvcchu|move: Tailwind\n|cant|p2b: Primarina|flinch\n|\n|-heal|p2b: Primarina|93/100|[from] item: Leftovers\n|upkeep\n|turn|2\n|inactive|evyeltal has 30 seconds left.\n|inactive|evyeltal has 20 seconds left.\n|\n|t:|1775966571\n|move|p1b: Whimsicott|Sunny Day|p1b: Whimsicott\n|-weather|SunnyDay\n|move|p2a: Aerodactyl|Dual Wingbeat|p1b: Whimsicott\n|-supereffective|p1b: Whimsicott|1\n|-damage|p1b: Whimsicott|68/100\n|-supereffective|p1b: Whimsicott|1\n|-damage|p1b: Whimsicott|37/100\n|-hitcount|p1b: Whimsicott|2\n|move|p1a: Incineroar|Parting Shot|p2b: Primarina\n|-unboost|p2b: Primarina|atk|1\n|-unboost|p2b: Primarina|spa|1\n|\n|t:|1775966593\n|switch|p1a: Farigiraf|Farigiraf, L50, M|100/100|[from] Parting Shot\n|move|p2b: Primarina|Hyper Voice|p1b: Whimsicott|[spread] p1a,p1b\n|-resisted|p1b: Whimsicott|1\n|-damage|p1a: Farigiraf|89/100\n|-damage|p1b: Whimsicott|29/100\n|\n|-weather|SunnyDay|[upkeep]\n|-heal|p2b: Primarina|99/100|[from] item: Leftovers\n|-heal|p1a: Farigiraf|95/100|[from] item: Leftovers\n|upkeep\n|turn|3\n|inactive|evyeltal has 30 seconds left.\n|inactive|Jjvcchu has 30 seconds left.\n|\n|t:|1775966627\n|switch|p2a: Scizor|Scizor, L50, F|100/100\n|switch|p1b: Charizard|Charizard, L50, F, shiny|100/100\n|switch|p2b: Incineroar|Incineroar, L50, M|100/100\n|-ability|p2b: Incineroar|Intimidate|boost\n|-unboost|p1a: Farigiraf|atk|1\n|-unboost|p1b: Charizard|atk|1\n|move|p1a: Farigiraf|Trick Room|p1a: Farigiraf\n|-fieldstart|move: Trick Room|[of] p1a: Farigiraf\n|\n|-weather|SunnyDay|[upkeep]\n|-damage|p1b: Charizard|88/100|[from] ability: Solar Power|[of] p1b: Charizard\n|-heal|p1a: Farigiraf|100/100|[from] item: Leftovers\n|upkeep\n|turn|4\n|inactive|evyeltal has 30 seconds left.\n|inactive|Jjvcchu has 30 seconds left.\n|inactive|Jjvcchu has 20 seconds left.\n|inactive|Jjvcchu has 15 seconds left.\n|\n|t:|1775966670\n|detailschange|p2a: Scizor|Scizor-Mega, L50, F\n|-mega|p2a: Scizor|Scizor|Scizorite\n|move|p1a: Farigiraf|Helping Hand|p1b: Charizard\n|-singleturn|p1b: Charizard|Helping Hand|[of] p1a: Farigiraf\n|move|p2b: Incineroar|Parting Shot|p1b: Charizard\n|-unboost|p1b: Charizard|atk|1\n|-unboost|p1b: Charizard|spa|1\n|\n|t:|1775966682\n|switch|p2b: Aerodactyl|Aerodactyl, L50, F|100/100|[from] Parting Shot\n|-ability|p2b: Aerodactyl|Unnerve\n|move|p2a: Scizor|Bug Bite|p1a: Farigiraf\n|-supereffective|p1a: Farigiraf|1\n|-damage|p1a: Farigiraf|0 fnt\n|faint|p1a: Farigiraf\n|move|p1b: Charizard|Heat Wave|p2a: Scizor|[spread] p2b\n|-miss|p1b: Charizard|p2a: Scizor\n|-resisted|p2b: Aerodactyl|1\n|-damage|p2b: Aerodactyl|39/100\n|\n|-weather|SunnyDay|[upkeep]\n|-damage|p1b: Charizard|76/100|[from] ability: Solar Power|[of] p1b: Charizard\n|-sideend|p2: Jjvcchu|move: Tailwind\n|-sideend|p1: evyeltal|move: Tailwind\n|upkeep\n|\n|t:|1775966701\n|switch|p1a: Incineroar|Incineroar, L50, F, shiny|100/100\n|-ability|p1a: Incineroar|Intimidate|boost\n|-unboost|p2a: Scizor|atk|1\n|-unboost|p2b: Aerodactyl|atk|1\n|turn|5\n|\n|t:|1775966721\n|move|p2a: Scizor|Protect|p2a: Scizor\n|-singleturn|p2a: Scizor|Protect\n|move|p2b: Aerodactyl|Protect|p2b: Aerodactyl\n|-singleturn|p2b: Aerodactyl|Protect\n|move|p1a: Incineroar|Fake Out|p2b: Aerodactyl\n|-activate|p2b: Aerodactyl|move: Protect\n|move|p1b: Charizard|Heat Wave|p2b: Aerodactyl|[spread] \n|-activate|p2a: Scizor|move: Protect\n|-activate|p2b: Aerodactyl|move: Protect\n|\n|-weather|SunnyDay|[upkeep]\n|-damage|p1b: Charizard|64/100|[from] ability: Solar Power|[of] p1b: Charizard\n|upkeep\n|turn|6\n|inactive|evyeltal has 30 seconds left.\n|\n|t:|1775966748\n|switch|p2a: Primarina|Primarina, L50, M|99/100\n|move|p1a: Incineroar|Parting Shot|p2b: Aerodactyl\n|-unboost|p2b: Aerodactyl|atk|1\n|-unboost|p2b: Aerodactyl|spa|1\n|\n|t:|1775966755\n|switch|p1a: Whimsicott|Whimsicott, L50, F|29/100|[from] Parting Shot\n|move|p1b: Charizard|Heat Wave|p2b: Aerodactyl|[spread] p2a,p2b\n|-resisted|p2a: Primarina|1\n|-resisted|p2b: Aerodactyl|1\n|-damage|p2a: Primarina|78/100\n|-damage|p2b: Aerodactyl|0 fnt\n|faint|p2b: Aerodactyl\n|\n|-weather|none\n|-heal|p2a: Primarina|84/100|[from] item: Leftovers\n|upkeep\n|inactive|Jjvcchu has 30 seconds left.\n|\n|t:|1775966784\n|switch|p2b: Scizor|Scizor-Mega, L50, F|100/100\n|turn|7\n|inactive|evyeltal has 30 seconds left.\n|inactive|Jjvcchu has 30 seconds left.\n|inactive|evyeltal has 20 seconds left.\n|\n|t:|1775966820\n|move|p2b: Scizor|Bullet Punch|p1a: Whimsicott\n|-supereffective|p1a: Whimsicott|1\n|-damage|p1a: Whimsicott|0 fnt\n|faint|p1a: Whimsicott\n|move|p2a: Primarina|Hyper Voice|p1b: Charizard\n|-supereffective|p1b: Charizard|1\n|-damage|p1b: Charizard|0 fnt\n|faint|p1b: Charizard\n|\n|-heal|p2a: Primarina|90/100|[from] item: Leftovers\n|-fieldend|move: Trick Room\n|upkeep\n|inactive|evyeltal has 30 seconds left.\n|inactive|evyeltal has 20 seconds left.\n|inactive|evyeltal has 15 seconds left.\n|inactive|evyeltal has 10 seconds left.\n|inactive|evyeltal has 5 seconds left.\n|\n|t:|1775966875\n|switch|p1a: Incineroar|Incineroar, L50, F, shiny|100/100\n|-ability|p1a: Incineroar|Intimidate|boost\n|-unboost|p2a: Primarina|atk|1\n|-unboost|p2b: Scizor|atk|1\n|turn|8\n|inactive|evyeltal has 30 seconds left.\n|inactive|evyeltal has 20 seconds left.\n|\n|t:|1775966911\n|move|p2b: Scizor|Bug Bite|p1a: Incineroar\n|-damage|p1a: Incineroar|68/100\n|-enditem|p1a: Incineroar|Sitrus Berry|[from] stealeat|[move] Bug Bite|[of] p2b: Scizor\n|move|p1a: Incineroar|Darkest Lariat|p2b: Scizor\n|-damage|p2b: Scizor|65/100\n|move|p2a: Primarina|Hyper Voice|p1a: Incineroar\n|-supereffective|p1a: Incineroar|1\n|-damage|p1a: Incineroar|0 fnt\n|faint|p1a: Incineroar\n|\n|win|Jjvcchu\n|raw|evyeltal's rating: 1094 &rarr; <strong>1069</strong><br />(-25 for losing)\n|raw|Jjvcchu's rating: 1085 &rarr; <strong>1113</strong><br />(+28 for winning)\n",
  "uploadtime": 1775966928,
  "views": 13,
  "formatid": "gen9championsvgc2026regma",
  "rating": 1069,
  "private": 0,
  "password": null
}