{
  "id": "gen9championsvgc2026regma-2582964941",
  "format": "[Gen 9 Champions] VGC 2026 Reg M-A",
  "players": [
    "Jeager05",
    "magicpinkeye"
  ],
  "log": "|j|\u2606Jeager05\n|j|\u2606magicpinkeye\n|t:|1776129052\n|gametype|doubles\n|player|p1|Jeager05|colress|1004\n|player|p2|magicpinkeye|265|1000\n|gen|9\n|tier|[Gen 9 Champions] VGC 2026 Reg M-A\n|rated|\n|rule|Species Clause: Limit one of each Pok\u00e9mon\n|rule|Item Clause: Limit 1 of each item\n|clearpoke\n|poke|p1|Hawlucha, L50, F|\n|poke|p1|Sinistcha, L50|\n|poke|p1|Farigiraf, L50, M|\n|poke|p1|Incineroar, L50, M|\n|poke|p1|Dragapult, L50, F|\n|poke|p1|Garganacl, L50, M|\n|poke|p2|Meganium, L50, M|\n|poke|p2|Toxicroak, L50, F|\n|poke|p2|Archaludon, L50, F|\n|poke|p2|Maushold, L50|\n|poke|p2|Rotom-Fan, L50|\n|poke|p2|Politoed, L50, F|\n|teampreview|4\nmagicpinkeye has agreed to open team sheets.\n|\n|t:|1776129085\n|teamsize|p1|4\n|teamsize|p2|4\n|start\n|switch|p1a: Hawlucha|Hawlucha, L50, F|100/100\n|switch|p1b: Garganacl|Garganacl, L50, M|100/100\n|switch|p2a: Meganium|Meganium, L50, M|100/100\n|switch|p2b: Politoed|Politoed, L50, F|100/100\n|-weather|RainDance|[from] ability: Drizzle|[of] p2b: Politoed\n|turn|1\n|inactive|Battle timer is ON: inactive players will automatically lose when time's up. (requested by Jeager05)\n|\n|t:|1776129108\n|detailschange|p1a: Hawlucha|Hawlucha-Mega, L50, F\n|-mega|p1a: Hawlucha|Hawlucha|Hawluchanite\n|detailschange|p2a: Meganium|Meganium-Mega, L50, M\n|-mega|p2a: Meganium|Meganium|Meganiumite\n|move|p1a: Hawlucha|Entrainment|p1b: Garganacl\n|-ability|p1b: Garganacl|No Guard|Purifying Salt|[from] move: Entrainment|[of] p1a: Hawlucha\n|move|p2a: Meganium|Encore||[still]\n|-fail|p2a: Meganium\n|move|p2b: Politoed|Weather Ball|p1b: Garganacl\n|-supereffective|p1b: Garganacl|1\n|-damage|p1b: Garganacl|21/100\n|move|p1b: Garganacl|Recover|p1b: Garganacl\n|-heal|p1b: Garganacl|72/100\n|\n|-weather|RainDance|[upkeep]\n|-heal|p1b: Garganacl|78/100|[from] item: Leftovers\n|upkeep\n|turn|2\n|inactive|Jeager05 has 30 seconds left.\n|inactive|Jeager05 has 20 seconds left.\n|\n|t:|1776129146\n|switch|p1a: Sinistcha|Sinistcha, L50|100/100\n|-heal|p1b: Garganacl|100/100|[from] ability: Hospitality|[of] p1a: Sinistcha\n|move|p1b: Garganacl|Protect|p1b: Garganacl\n|-singleturn|p1b: Garganacl|Protect\n|move|p2a: Meganium|Solar Beam||[still]\n|-prepare|p2a: Meganium|Solar Beam\n|-activate|p2a: Meganium|ability: Mega Sol\n|-anim|p2a: Meganium|Solar Beam|p1b: Garganacl\n|-activate|p1b: Garganacl|move: Protect\n|move|p2b: Politoed|Weather Ball|p1b: Garganacl\n|-activate|p1b: Garganacl|move: Protect\n|\n|-weather|RainDance|[upkeep]\n|upkeep\n|turn|3\n|\n|t:|1776129165\n|move|p1a: Sinistcha|Rage Powder|p1a: Sinistcha\n|-singleturn|p1a: Sinistcha|move: Rage Powder\n|move|p2a: Meganium|Encore|p1b: Garganacl\n|-start|p1b: Garganacl|Encore\n|move|p1b: Garganacl|Protect||[still]\n|-fail|p1b: Garganacl\n|move|p2b: Politoed|Substitute|p2b: Politoed\n|-start|p2b: Politoed|Substitute\n|-damage|p2b: Politoed|76/100\n|\n|-weather|RainDance|[upkeep]\n|upkeep\n|turn|4\n|inactive|Jeager05 has 30 seconds left.\n|\n|t:|1776129192\n|switch|p1b: Incineroar|Incineroar, L50, M|100/100\n|-ability|p1b: Incineroar|Intimidate|boost\n|-unboost|p2a: Meganium|atk|1\n|-immune|p2b: Politoed\n|move|p2b: Politoed|Protect|p2b: Politoed\n|-singleturn|p2b: Politoed|Protect\n|move|p2a: Meganium|Dazzling Gleam|p1b: Incineroar|[spread] p1a,p1b\n|-damage|p1a: Sinistcha|66/100\n|-damage|p1b: Incineroar|69/100\n|move|p1a: Sinistcha|Matcha Gotcha|p2b: Politoed|[spread] \n|-activate|p2b: Politoed|move: Protect\n|-miss|p1a: Sinistcha|p2a: Meganium\n|\n|-weather|RainDance|[upkeep]\n|upkeep\n|turn|5\n|\n|t:|1776129214\n|switch|p2a: Toxicroak|Toxicroak, L50, F|100/100\n|move|p1b: Incineroar|Fake Out|p2a: Toxicroak\n|-damage|p2a: Toxicroak|87/100\n|move|p2b: Politoed|Weather Ball|p1b: Incineroar\n|-supereffective|p1b: Incineroar|1\n|-damage|p1b: Incineroar|0 fnt\n|faint|p1b: Incineroar\n|move|p1a: Sinistcha|Matcha Gotcha|p2b: Politoed|[spread] p2a,p2b\n|-supereffective|p2b: Politoed|1\n|-end|p2b: Politoed|Substitute\n|-heal|p1a: Sinistcha|83/100|[from] drain|[of] p2b: Politoed\n|-resisted|p2a: Toxicroak|1\n|-damage|p2a: Toxicroak|72/100\n|-heal|p1a: Sinistcha|91/100|[from] drain|[of] p2a: Toxicroak\n|-status|p2a: Toxicroak|brn\n|\n|-weather|none\n|-damage|p2a: Toxicroak|66/100 brn|[from] brn\n|upkeep\n|\n|t:|1776129229\n|switch|p1b: Hawlucha|Hawlucha-Mega, L50, F|100/100\n|turn|6\n|\n|t:|1776129248\n|switch|p2a: Archaludon|Archaludon, L50, F|100/100\n|move|p1b: Hawlucha|Protect|p1b: Hawlucha\n|-singleturn|p1b: Hawlucha|Protect\n|move|p1a: Sinistcha|Matcha Gotcha|p2a: Archaludon|[spread] p2a,p2b\n|-resisted|p2a: Archaludon|2\n|-supereffective|p2b: Politoed|1\n|-damage|p2a: Archaludon|93/100\n|-heal|p1a: Sinistcha|96/100|[from] drain|[of] p2a: Archaludon\n|-damage|p2b: Politoed|42/100\n|-heal|p1a: Sinistcha|100/100|[from] drain|[of] p2b: Politoed\n|-ability|p2a: Archaludon|Stamina|boost\n|-boost|p2a: Archaludon|def|1\n|move|p2b: Politoed|Chilling Water|p1b: Hawlucha\n|-activate|p1b: Hawlucha|move: Protect\n|\n|-heal|p2a: Archaludon|99/100|[from] item: Leftovers\n|upkeep\n|turn|7\n|inactive|Jeager05 has 30 seconds left.\n|\n|t:|1776129274\n|switch|p2b: Meganium|Meganium-Mega, L50, M|100/100\n|move|p1a: Sinistcha|Rage Powder|p1a: Sinistcha\n|-singleturn|p1a: Sinistcha|move: Rage Powder\n|move|p1b: Hawlucha|Close Combat|p2a: Archaludon\n|-supereffective|p2a: Archaludon|1\n|-damage|p2a: Archaludon|59/100\n|-unboost|p1b: Hawlucha|def|1\n|-unboost|p1b: Hawlucha|spd|1\n|-ability|p2a: Archaludon|Stamina|boost\n|-boost|p2a: Archaludon|def|1\n|move|p2a: Archaludon|Reflect|p2a: Archaludon\n|-sidestart|p2: magicpinkeye|Reflect\n|\n|-heal|p2a: Archaludon|65/100|[from] item: Leftovers\n|upkeep\n|turn|8\n|\n|t:|1776129296\n|move|p1b: Hawlucha|Flying Press|p2b: Meganium\n|-damage|p2b: Meganium|74/100\n|move|p2a: Archaludon|Thunder Wave|p1a: Sinistcha\n|-status|p1a: Sinistcha|par\n|move|p2b: Meganium|Dazzling Gleam|p1b: Hawlucha|[spread] p1a,p1b\n|-supereffective|p1b: Hawlucha|1\n|-damage|p1a: Sinistcha|66/100 par\n|-damage|p1b: Hawlucha|18/100\n|move|p1a: Sinistcha|Matcha Gotcha|p2a: Archaludon|[spread] p2a,p2b\n|-resisted|p2a: Archaludon|2\n|-crit|p2a: Archaludon\n|-resisted|p2b: Meganium|1\n|-damage|p2a: Archaludon|53/100\n|-heal|p1a: Sinistcha|74/100 par|[from] drain|[of] p2a: Archaludon\n|-damage|p2b: Meganium|65/100\n|-heal|p1a: Sinistcha|80/100 par|[from] drain|[of] p2b: Meganium\n|-ability|p2a: Archaludon|Stamina|boost\n|-boost|p2a: Archaludon|def|1\n|\n|-heal|p2a: Archaludon|59/100|[from] item: Leftovers\n|upkeep\n|turn|9\n|\n|t:|1776129322\n|move|p1b: Hawlucha|Protect|p1b: Hawlucha\n|-singleturn|p1b: Hawlucha|Protect\n|move|p2a: Archaludon|Flash Cannon|p1a: Sinistcha\n|-damage|p1a: Sinistcha|45/100 par\n|move|p2b: Meganium|Dazzling Gleam|p1b: Hawlucha|[spread] p1a\n|-activate|p1b: Hawlucha|move: Protect\n|-damage|p1a: Sinistcha|11/100 par\n|move|p1a: Sinistcha|Life Dew|p1a: Sinistcha|[spread] p1a,p1b\n|-heal|p1a: Sinistcha|36/100 par\n|-heal|p1b: Hawlucha|43/100\n|\n|-heal|p2a: Archaludon|65/100|[from] item: Leftovers\n|upkeep\n|turn|10\n|\n|t:|1776129339\n|move|p1a: Sinistcha|Rage Powder|p1a: Sinistcha\n|-singleturn|p1a: Sinistcha|move: Rage Powder\n|move|p1b: Hawlucha|Close Combat|p2a: Archaludon\n|-supereffective|p2a: Archaludon|1\n|-damage|p2a: Archaludon|49/100\n|-unboost|p1b: Hawlucha|def|1\n|-unboost|p1b: Hawlucha|spd|1\n|-ability|p2a: Archaludon|Stamina|boost\n|-boost|p2a: Archaludon|def|1\n|move|p2a: Archaludon|Flash Cannon|p1a: Sinistcha\n|-damage|p1a: Sinistcha|3/100 par\n|-unboost|p1a: Sinistcha|spd|1\n|move|p2b: Meganium|Dazzling Gleam|p1a: Sinistcha|[spread] p1a,p1b\n|-crit|p1a: Sinistcha\n|-supereffective|p1b: Hawlucha|1\n|-damage|p1a: Sinistcha|0 fnt\n|-damage|p1b: Hawlucha|0 fnt\n|faint|p1a: Sinistcha\n|faint|p1b: Hawlucha\n|\n|-heal|p2a: Archaludon|55/100|[from] item: Leftovers\n|upkeep\n|\n|t:|1776129350\n|switch|p1b: Garganacl|Garganacl, L50, M|100/100\n|turn|11\n|\n|t:|1776129361\n|move|p2a: Archaludon|Flash Cannon|p1b: Garganacl\n|-supereffective|p1b: Garganacl|1\n|-damage|p1b: Garganacl|46/100\n|move|p2b: Meganium|Solar Beam||[still]\n|-prepare|p2b: Meganium|Solar Beam\n|-activate|p2b: Meganium|ability: Mega Sol\n|-anim|p2b: Meganium|Solar Beam|p2a: Archaludon\n|-resisted|p2a: Archaludon|2\n|-damage|p2a: Archaludon|35/100\n|-ability|p2a: Archaludon|Stamina|boost\n|-boost|p2a: Archaludon|def|1\n|move|p1b: Garganacl|Salt Cure|p2a: Archaludon\n|-resisted|p2a: Archaludon|1\n|-damage|p2a: Archaludon|33/100\n|-start|p2a: Archaludon|Salt Cure\n|-ability|p2a: Archaludon|Stamina|boost\n|-boost|p2a: Archaludon|def|1\n|\n|-heal|p2a: Archaludon|40/100|[from] item: Leftovers\n|-heal|p1b: Garganacl|52/100|[from] item: Leftovers\n|-damage|p2a: Archaludon|27/100|[from] Salt Cure\n|-sideend|p2: magicpinkeye|Reflect\n|upkeep\n|turn|12\n|inactive|Jeager05 has 30 seconds left.\n|\n|t:|1776129386\n|move|p2a: Archaludon|Flash Cannon|p1b: Garganacl\n|-supereffective|p1b: Garganacl|1\n|-damage|p1b: Garganacl|0 fnt\n|faint|p1b: Garganacl\n|\n|win|magicpinkeye\n|raw|Jeager05's rating: 1004 &rarr; <strong>1000</strong><br />(-4 for losing)\n|raw|magicpinkeye's rating: 1000 &rarr; <strong>1040</strong><br />(+40 for winning)\n|l|\u2606Jeager05\n|player|p1|\n",
  "uploadtime": 1776129401,
  "views": 22,
  "formatid": "gen9championsvgc2026regma",
  "rating": 1000,
  "private": 0,
  "password": null
}