{
  "id": "gen9championsvgc2026regma-2589501781",
  "format": "[Gen 9 Champions] VGC 2026 Reg M-A",
  "players": [
    "SDLT 2KRL katamari",
    "benjiapollo"
  ],
  "log": "|raw|<div class=\"broadcast-blue\"><strong>This battle is required to be public due to a player having a name starting with 'sdlt'.</div>\n|j|\u2606SDLT 2KRL katamari\n|j|\u2606benjiapollo\n|t:|1776728753\n|gametype|doubles\n|player|p1|SDLT 2KRL katamari|rosa-masters|1379\n|player|p2|benjiapollo|giovanni|1482\n|gen|9\n|tier|[Gen 9 Champions] VGC 2026 Reg M-A\n|rated|\n|rule|Species Clause: Limit one of each Pok\u00e9mon\n|rule|Item Clause: Limit 1 of each item\n|clearpoke\n|poke|p1|Delphox, L50, F|\n|poke|p1|Floette-Eternal, L50, F|\n|poke|p1|Maushold, L50|\n|poke|p1|Aerodactyl, L50, F|\n|poke|p1|Sneasler, L50, M|\n|poke|p1|Garchomp, L50, F|\n|poke|p2|Basculegion, L50, M|\n|poke|p2|Charizard, L50, F|\n|poke|p2|Kingambit, L50, M|\n|poke|p2|Sneasler, L50, M|\n|poke|p2|Venusaur, L50, F|\n|poke|p2|Talonflame, L50, M|\n|teampreview|4\n|inactive|Battle timer is ON: inactive players will automatically lose when time's up. (requested by SDLT 2KRL katamari)\nSDLT 2KRL katamari has agreed to open team sheets.\n|inactive|SDLT 2KRL katamari has 60 seconds left.\n|\n|t:|1776728805\n|teamsize|p1|4\n|teamsize|p2|4\n|start\n|switch|p1a: Aerodactyl|Aerodactyl, L50, F|100/100\n|switch|p1b: Sneasler|Sneasler, L50, M|100/100\n|switch|p2a: Talonflame|Talonflame, L50, M|100/100\n|switch|p2b: Charizard|Charizard, L50, F|100/100\n|-ability|p1a: Aerodactyl|Unnerve\n|turn|1\n|\n|t:|1776728816\n|detailschange|p2b: Charizard|Charizard-Mega-X, L50, F\n|-mega|p2b: Charizard|Charizard|Charizardite X\n|move|p2a: Talonflame|Quick Guard|p2a: Talonflame\n|-singleturn|p2a: Talonflame|Quick Guard\n|move|p1b: Sneasler|Fake Out|p2a: Talonflame\n|-activate|p2a: Talonflame|move: Quick Guard\n|move|p1a: Aerodactyl|Rock Slide|p2b: Charizard|[spread] p2a,p2b\n|-supereffective|p2a: Talonflame|2\n|-supereffective|p2b: Charizard|1\n|-enditem|p2a: Talonflame|Focus Sash\n|-damage|p2a: Talonflame|1/100\n|-damage|p2b: Charizard|46/100\n|move|p2b: Charizard|Dragon Claw|p1a: Aerodactyl\n|-damage|p1a: Aerodactyl|14/100\n|\n|upkeep\n|turn|2\n|c|\u2606SDLT 2KRL katamari|oh word\n|c|\u2606SDLT 2KRL katamari|had me shocked with the char venu lol\n|\n|t:|1776728838\n|move|p2b: Charizard|Protect|p2b: Charizard\n|-singleturn|p2b: Charizard|Protect\n|move|p1a: Aerodactyl|Rock Slide|p2b: Charizard|[spread] p2a\n|-activate|p2b: Charizard|move: Protect\n|-supereffective|p2a: Talonflame|2\n|-crit|p2a: Talonflame\n|-damage|p2a: Talonflame|0 fnt\n|faint|p2a: Talonflame\n|move|p1b: Sneasler|Close Combat|p2b: Charizard\n|-activate|p2b: Charizard|move: Protect\n|\n|upkeep\n|\n|t:|1776728849\n|switch|p2a: Sneasler|Sneasler, L50, M|100/100\n|turn|3\n|\n|t:|1776728865\n|move|p2a: Sneasler|Fake Out|p1b: Sneasler\n|-damage|p1b: Sneasler|75/100\n|move|p1a: Aerodactyl|Rock Slide|p2a: Sneasler|[spread] p2b\n|-miss|p1a: Aerodactyl|p2a: Sneasler\n|-supereffective|p2b: Charizard|1\n|-damage|p2b: Charizard|0 fnt\n|faint|p2b: Charizard\n|cant|p1b: Sneasler|flinch\n|\n|upkeep\n|\n|t:|1776728874\n|switch|p2b: Kingambit|Kingambit, L50, M|100/100\n|turn|4\n|\n|t:|1776728881\n|move|p2b: Kingambit|Sucker Punch||[still]\n|-fail|p2b: Kingambit\n|move|p1a: Aerodactyl|Tailwind|p1a: Aerodactyl\n|-sidestart|p1: SDLT 2KRL katamari|move: Tailwind\n|move|p1b: Sneasler|Close Combat|p2b: Kingambit\n|-supereffective|p2b: Kingambit|2\n|-damage|p2b: Kingambit|0 fnt\n|-unboost|p1b: Sneasler|def|1\n|-unboost|p1b: Sneasler|spd|1\n|faint|p2b: Kingambit\n|-enditem|p1b: Sneasler|White Herb\n|-clearnegativeboost|p1b: Sneasler|[silent]\n|move|p2a: Sneasler|Close Combat|p1b: Sneasler\n|-resisted|p1b: Sneasler|1\n|-damage|p1b: Sneasler|25/100\n|-unboost|p2a: Sneasler|def|1\n|-unboost|p2a: Sneasler|spd|1\n|-enditem|p2a: Sneasler|White Herb\n|-clearnegativeboost|p2a: Sneasler|[silent]\n|\n|upkeep\n|turn|5\n|\n|t:|1776728903\n|move|p1b: Sneasler|Close Combat|p2a: Sneasler\n|-resisted|p2a: Sneasler|1\n|-damage|p2a: Sneasler|47/100\n|-unboost|p1b: Sneasler|def|1\n|-unboost|p1b: Sneasler|spd|1\n|move|p1a: Aerodactyl|Dual Wingbeat|p2a: Sneasler\n|-supereffective|p2a: Sneasler|1\n|-damage|p2a: Sneasler|0 fnt\n|faint|p2a: Sneasler\n|-hitcount|p2: Sneasler|1\n|\n|win|SDLT 2KRL katamari\n|raw|SDLT 2KRL katamari's rating: 1403 &rarr; <strong>1427</strong><br />(+24 for winning)\n|raw|benjiapollo's rating: 1482 &rarr; <strong>1458</strong><br />(-24 for losing)\n|l|\u2606SDLT 2KRL katamari\n|player|p1|\n",
  "uploadtime": 1776728914,
  "views": 5,
  "formatid": "gen9championsvgc2026regma",
  "rating": 1427,
  "private": 0,
  "password": null
}