{
  "id": "gen9championsvgc2026regma-2586599090",
  "format": "[Gen 9 Champions] VGC 2026 Reg M-A",
  "players": [
    "Tarakona",
    "steviesdad2"
  ],
  "log": "|j|\u2606Tarakona\n|j|\u2606steviesdad2\n|t:|1776445856\n|gametype|doubles\n|player|p1|Tarakona|265|1183\n|player|p2|steviesdad2|2|1099\n|gen|9\n|tier|[Gen 9 Champions] VGC 2026 Reg M-A\n|rated|\n|rule|Species Clause: Limit one of each Pok\u00e9mon\n|rule|Item Clause: Limit 1 of each item\n|clearpoke\n|poke|p1|Delphox, L50, F|\n|poke|p1|Garchomp, L50, M|\n|poke|p1|Rotom-Wash, L50|\n|poke|p1|Tyranitar, L50, M|\n|poke|p1|Corviknight, L50, M|\n|poke|p1|Sneasler, L50, M|\n|poke|p2|Incineroar, L50, M|\n|poke|p2|Farigiraf, L50, F|\n|poke|p2|Mimikyu, L50, F|\n|poke|p2|Torkoal, L50, F|\n|poke|p2|Kingambit, L50, M|\n|poke|p2|Sneasler, L50, F|\n|teampreview|4\n|inactive|Battle timer is ON: inactive players will automatically lose when time's up. (requested by steviesdad2)\nTarakona has agreed to open team sheets.\n|inactive|Tarakona has 60 seconds left.\n|\n|t:|1776445898\n|teamsize|p1|4\n|teamsize|p2|4\n|start\n|switch|p1a: Gameshark|Garchomp, L50, M|100/100\n|switch|p1b: Regina|Sneasler, L50, M|100/100\n|switch|p2a: Incineroar|Incineroar, L50, M, shiny|100/100\n|switch|p2b: Farigiraf|Farigiraf, L50, F|100/100\n|-ability|p2a: Incineroar|Intimidate|boost\n|-unboost|p1a: Gameshark|atk|1\n|-unboost|p1b: Regina|atk|1\n|-enditem|p1a: Gameshark|White Herb\n|-clearnegativeboost|p1a: Gameshark|[silent]\n|turn|1\n|\n|t:|1776445918\n|move|p2a: Incineroar|Fake Out|p1b: Regina\n|-damage|p1b: Regina|78/100\n|cant|p1b: Regina|flinch\n|move|p1a: Gameshark|Crunch|p2b: Farigiraf\n|-supereffective|p2b: Farigiraf|1\n|-damage|p2b: Farigiraf|41/100\n|-unboost|p2b: Farigiraf|def|1\n|move|p2b: Farigiraf|Trick Room|p2b: Farigiraf\n|-fieldstart|move: Trick Room|[of] p2b: Farigiraf\n|\n|upkeep\n|turn|2\n|inactive|Tarakona has 30 seconds left.\n|inactive|Tarakona has 20 seconds left.\n|inactive|Tarakona has 15 seconds left.\n|inactive|Tarakona has 10 seconds left.\n|\n|t:|1776445964\n|move|p2b: Farigiraf|Psychic|p1b: Regina\n|-supereffective|p1b: Regina|2\n|-damage|p1b: Regina|0 fnt\n|faint|p1b: Regina\n|move|p2a: Incineroar|Parting Shot|p1a: Gameshark\n|-unboost|p1a: Gameshark|atk|1\n|-unboost|p1a: Gameshark|spa|1\n|\n|t:|1776445971\n|switch|p2a: Torkoal|Torkoal, L50, F, shiny|100/100|[from] Parting Shot\n|-weather|SunnyDay|[from] ability: Drought|[of] p2a: Torkoal\n|move|p1a: Gameshark|Earthquake|p2a: Torkoal|[spread] p2a,p2b\n|-supereffective|p2a: Torkoal|1\n|-damage|p2a: Torkoal|60/100\n|-damage|p2b: Farigiraf|1/100\n|\n|-weather|SunnyDay|[upkeep]\n|upkeep\n|\n|t:|1776445980\n|switch|p1b: \u30b4\u30b8\u30e9|Tyranitar, L50, M|100/100\n|-weather|Sandstorm|[from] ability: Sand Stream|[of] p1b: \u30b4\u30b8\u30e9\n|turn|3\n|inactive|Tarakona has 30 seconds left.\n|\n|t:|1776446011\n|switch|p2a: Incineroar|Incineroar, L50, M, shiny|100/100\n|-ability|p2a: Incineroar|Intimidate|boost\n|-unboost|p1a: Gameshark|atk|1\n|-unboost|p1b: \u30b4\u30b8\u30e9|atk|1\n|switch|p1a: Hecate|Delphox, L50, F|100/100\n|move|p2b: Farigiraf|Dazzling Gleam|p1a: Hecate|[spread] p1a,p1b\n|-resisted|p1a: Hecate|1\n|-supereffective|p1b: \u30b4\u30b8\u30e9|1\n|-damage|p1a: Hecate|88/100\n|-damage|p1b: \u30b4\u30b8\u30e9|77/100\n|move|p1b: \u30b4\u30b8\u30e9|Rock Slide|p2b: Farigiraf|[spread] p2a\n|-miss|p1b: \u30b4\u30b8\u30e9|p2b: Farigiraf\n|-supereffective|p2a: Incineroar|1\n|-damage|p2a: Incineroar|58/100\n|\n|-weather|Sandstorm|[upkeep]\n|-damage|p2b: Farigiraf|0 fnt|[from] Sandstorm\n|-damage|p2a: Incineroar|52/100|[from] Sandstorm\n|-damage|p1a: Hecate|82/100|[from] Sandstorm\n|faint|p2b: Farigiraf\n|upkeep\n|\n|t:|1776446026\n|switch|p2b: Torkoal|Torkoal, L50, F, shiny|60/100\n|-weather|SunnyDay|[from] ability: Drought|[of] p2b: Torkoal\n|turn|4\n|inactive|Tarakona has 30 seconds left.\n|inactive|Tarakona has 20 seconds left.\n|\n|t:|1776446067\n|switch|p1a: Gameshark|Garchomp, L50, M|100/100\n|move|p1b: \u30b4\u30b8\u30e9|Protect|p1b: \u30b4\u30b8\u30e9\n|-singleturn|p1b: \u30b4\u30b8\u30e9|Protect\n|move|p2b: Torkoal|Earth Power|p1b: \u30b4\u30b8\u30e9\n|-activate|p1b: \u30b4\u30b8\u30e9|move: Protect\n|move|p2a: Incineroar|Darkest Lariat|p1a: Gameshark\n|-damage|p1a: Gameshark|54/100\n|\n|-weather|SunnyDay|[upkeep]\n|upkeep\n|turn|5\n|inactive|Tarakona has 30 seconds left.\n|\n|t:|1776446096\n|move|p2b: Torkoal|Earth Power|p1b: \u30b4\u30b8\u30e9\n|-supereffective|p1b: \u30b4\u30b8\u30e9|1\n|-damage|p1b: \u30b4\u30b8\u30e9|36/100\n|move|p2a: Incineroar|Darkest Lariat|p1a: Gameshark\n|-damage|p1a: Gameshark|8/100\n|move|p1b: \u30b4\u30b8\u30e9|Rock Slide|p2a: Incineroar|[spread] p2a,p2b\n|-supereffective|p2a: Incineroar|1\n|-crit|p2a: Incineroar\n|-supereffective|p2b: Torkoal|1\n|-damage|p2a: Incineroar|0 fnt\n|-damage|p2b: Torkoal|26/100\n|faint|p2a: Incineroar\n|move|p1a: Gameshark|Dragon Claw|p2b: Torkoal\n|-damage|p2b: Torkoal|0 fnt\n|faint|p2b: Torkoal\n|\n|-weather|SunnyDay|[upkeep]\n|-fieldend|move: Trick Room\n|upkeep\n|\n|t:|1776446102\n|switch|p2b: Sneasler|Sneasler, L50, F, shiny|100/100\n|turn|6\n|\n|t:|1776446119\n|move|p1b: \u30b4\u30b8\u30e9|Protect|p1b: \u30b4\u30b8\u30e9\n|-singleturn|p1b: \u30b4\u30b8\u30e9|Protect\n|move|p2b: Sneasler|Fake Out|p1a: Gameshark\n|-damage|p1a: Gameshark|0 fnt\n|faint|p1a: Gameshark\n|\n|-weather|SunnyDay|[upkeep]\n|upkeep\n|\n|t:|1776446126\n|switch|p1a: Hecate|Delphox, L50, F|82/100\n|turn|7\n|\n|t:|1776446135\n|detailschange|p1a: Hecate|Delphox-Mega, L50, F\n|-mega|p1a: Hecate|Delphox|Delphoxite\n|move|p1a: Hecate|Psychic|p2b: Sneasler\n|-supereffective|p2b: Sneasler|2\n|-damage|p2b: Sneasler|0 fnt\n|faint|p2b: Sneasler\n|\n|win|Tarakona\n|raw|Tarakona's rating: 1183 &rarr; <strong>1202</strong><br />(+19 for winning)\n|raw|steviesdad2's rating: 1099 &rarr; <strong>1080</strong><br />(-19 for losing)\n|l|\u2606steviesdad2\n|player|p2|\n",
  "uploadtime": 1776446144,
  "views": 19,
  "formatid": "gen9championsvgc2026regma",
  "rating": 1080,
  "private": 0,
  "password": null
}