{
  "id": "gen9championsvgc2026regma-2582084368",
  "format": "[Gen 9 Champions] VGC 2026 Reg M-A",
  "players": [
    "mayheem",
    "It'sJustKen VGC"
  ],
  "log": "|j|\u2606mayheem\n|j|\u2606It'sJustKen VGC\n|t:|1776055879\n|gametype|doubles\n|player|p1|mayheem|ingo|\n|player|p2|It'sJustKen VGC|265|\n|gen|9\n|tier|[Gen 9 Champions] VGC 2026 Reg M-A\n|rated|Tournament battle\n|rule|Species Clause: Limit one of each Pok\u00e9mon\n|rule|Item Clause: Limit 1 of each item\n|clearpoke\n|poke|p1|Venusaur, L50, M|\n|poke|p1|Incineroar, L50, F|\n|poke|p1|Archaludon, L50, M|\n|poke|p1|Sinistcha, L50|\n|poke|p1|Basculegion, L50, M|\n|poke|p1|Pelipper, L50, F|\n|poke|p2|Kingambit, L50, F|\n|poke|p2|Clefable, L50, M|\n|poke|p2|Chimecho, L50, F|\n|poke|p2|Golurk, L50|\n|poke|p2|Torkoal, L50, F|\n|poke|p2|Hawlucha, L50, M|\n|teampreview|4\n|j| tryson69\n|inactive|Battle timer is ON: inactive players will automatically lose when time's up. (requested by It'sJustKen VGC)\n|j| syshj\n|j| 21Kieran\n|j| Easy L's\n|c|\u2606It'sJustKen VGC|glhf\n|l| 21Kieran\n|inactive|mayheem has 60 seconds left.\n|inactive|It'sJustKen VGC has 60 seconds left.\n|c|\u2606mayheem|glhf!\n|j| Carrielis\n|j| Arksurit\n|l| syshj\n|inactive|mayheem has 30 seconds left.\n|\n|t:|1776055949\n|teamsize|p1|4\n|teamsize|p2|4\n|start\n|switch|p1a: Venusaur|Venusaur, L50, M, shiny|100/100\n|switch|p1b: Basculegion|Basculegion, L50, M, shiny|100/100\n|switch|p2a: Chimecho|Chimecho, L50, F|100/100\n|switch|p2b: Clefable|Clefable, L50, M|100/100\n|turn|1\n|j| eriksp\n|\n|t:|1776055971\n|detailschange|p1a: Venusaur|Venusaur-Mega, L50, M, shiny\n|-mega|p1a: Venusaur|Venusaur|Venusaurite\n|detailschange|p2a: Chimecho|Chimecho-Mega, L50, F\n|-mega|p2a: Chimecho|Chimecho|Chimechite\n|move|p2b: Clefable|Follow Me|p2b: Clefable\n|-singleturn|p2b: Clefable|move: Follow Me\n|move|p1b: Basculegion|Flip Turn|p2b: Clefable\n|-damage|p2b: Clefable|78/100\n|c| Carrielis|Is this guillotine kingambit or something\n|\n|t:|1776055978\n|switch|p1b: Pelipper|Pelipper, L50, F|100/100|[from] Flip Turn\n|-weather|RainDance|[from] ability: Drizzle|[of] p1b: Pelipper\n|move|p1a: Venusaur|Leech Seed|p2b: Clefable\n|-start|p2b: Clefable|move: Leech Seed\n|move|p2a: Chimecho|Trick Room|p2a: Chimecho\n|-fieldstart|move: Trick Room|[of] p2a: Chimecho\n|\n|-weather|RainDance|[upkeep]\n|-heal|p2b: Clefable|84/100|[from] item: Leftovers\n|-damage|p2b: Clefable|72/100|[from] Leech Seed|[of] p1a: Venusaur\n|upkeep\n|turn|2\n|c|\u2606It'sJustKen VGC|maybe\n|j| Bman311\n|inactive|mayheem has 30 seconds left.\n|j| 21Kieran\n|inactive|mayheem has 20 seconds left.\n|\n|t:|1776056014\n|switch|p2b: Golurk|Golurk, L50|100/100\n|switch|p1b: Archaludon|Archaludon, L50, M, shiny|100/100\n|move|p2a: Chimecho|Skill Swap|p2b: Golurk\n|-activate|p2a: Chimecho|Skill Swap|||[of] p2b: Golurk\n|move|p1a: Venusaur|Earth Power|p2b: Golurk\n|-immune|p2b: Golurk|[from] ability: Levitate\n|\n|-weather|RainDance|[upkeep]\n|upkeep\n|turn|3\n|j| snively3\n|c| 21Kieran|\ud83e\udd14\n|inactive|mayheem has 30 seconds left.\n|\n|t:|1776056046\n|move|p1a: Venusaur|Protect|p1a: Venusaur\n|-singleturn|p1a: Venusaur|Protect\n|move|p2b: Golurk|Curse|p1a: Venusaur\n|-start|p1a: Venusaur|Curse|[of] p2b: Golurk\n|-damage|p2b: Golurk|50/100\n|move|p2a: Chimecho|Hypnosis|p1b: Archaludon\n|-status|p1b: Archaludon|slp|[from] move: Hypnosis\n|cant|p1b: Archaludon|slp\n|\n|-weather|RainDance|[upkeep]\n|-damage|p1a: Venusaur|76/100|[from] Curse\n|upkeep\n|turn|4\n|j| syshj\n|\n|t:|1776056071\n|move|p2b: Golurk|Curse|p1b: Archaludon\n|-start|p1b: Archaludon|Curse|[of] p2b: Golurk\n|-damage|p2b: Golurk|0 fnt\n|faint|p2b: Golurk\n|move|p2a: Chimecho|Hypnosis|p1a: Venusaur\n|-status|p1a: Venusaur|slp|[from] move: Hypnosis\n|cant|p1a: Venusaur|slp\n|cant|p1b: Archaludon|slp\n|\n|-weather|RainDance|[upkeep]\n|-damage|p1a: Venusaur|51/100 slp|[from] Curse\n|-damage|p1b: Archaludon|76/100 slp|[from] Curse\n|upkeep\n|\n|t:|1776056074\n|switch|p2b: Kingambit|Kingambit, L50, F|100/100\n|turn|5\n|\n|t:|1776056086\n|move|p2a: Chimecho|Skill Swap|p2b: Kingambit\n|-activate|p2a: Chimecho|Skill Swap|||[of] p2b: Kingambit\n|move|p2b: Kingambit|Guillotine|p1b: Archaludon\n|-damage|p1b: Archaludon|0 fnt\n|faint|p1b: Archaludon\n|-ohko\n|cant|p1a: Venusaur|slp\n|\n|-weather|none\n|-damage|p1a: Venusaur|27/100 slp|[from] Curse\n|-fieldend|move: Trick Room\n|upkeep\n|\n|t:|1776056094\n|switch|p1b: Basculegion|Basculegion, L50, M, shiny|100/100\n|turn|6\n|\n|t:|1776056115\n|switch|p1a: Pelipper|Pelipper, L50, F|100/100\n|-weather|RainDance|[from] ability: Drizzle|[of] p1a: Pelipper\n|move|p1b: Basculegion|Last Respects|p2a: Chimecho\n|-supereffective|p2a: Chimecho|1\n|-damage|p2a: Chimecho|43/100\n|move|p2b: Kingambit|Kowtow Cleave|p1b: Basculegion\n|-supereffective|p1b: Basculegion|1\n|-damage|p1b: Basculegion|21/100\n|move|p2a: Chimecho|Trick Room|p2a: Chimecho\n|-fieldstart|move: Trick Room|[of] p2a: Chimecho\n|\n|-weather|RainDance|[upkeep]\n|upkeep\n|turn|7\n|\n|t:|1776056137\n|move|p2a: Chimecho|Hypnosis|p1a: Pelipper\n|-status|p1a: Pelipper|slp|[from] move: Hypnosis\n|move|p2b: Kingambit|Kowtow Cleave|p1b: Basculegion\n|-supereffective|p1b: Basculegion|1\n|-damage|p1b: Basculegion|0 fnt\n|faint|p1b: Basculegion\n|cant|p1a: Pelipper|slp\n|\n|-weather|RainDance|[upkeep]\n|upkeep\n|\n|t:|1776056144\n|switch|p1b: Venusaur|Venusaur-Mega, L50, M, shiny|27/100 slp\n|turn|8\n|\n|t:|1776056153\n|switch|p2a: Clefable|Clefable, L50, M|72/100\n|move|p2b: Kingambit|Guillotine|p1a: Pelipper\n|-enditem|p1a: Pelipper|Focus Sash\n|-damage|p1a: Pelipper|1/100 slp\n|-curestatus|p1b: Venusaur|slp|[msg]\n|move|p1b: Venusaur|Giga Drain|p2b: Kingambit\n|-resisted|p2b: Kingambit|1\n|-damage|p2b: Kingambit|88/100\n|-heal|p1b: Venusaur|33/100|[from] drain|[of] p2b: Kingambit\n|cant|p1a: Pelipper|slp\n|\n|-weather|RainDance|[upkeep]\n|-heal|p2a: Clefable|78/100|[from] item: Leftovers\n|upkeep\n|turn|9\n|\n|t:|1776056171\n|move|p2b: Kingambit|Guillotine|p1b: Venusaur\n|-damage|p1b: Venusaur|0 fnt\n|faint|p1b: Venusaur\n|-ohko\n|move|p2a: Clefable|Moonblast|p1a: Pelipper\n|-damage|p1a: Pelipper|0 fnt\n|faint|p1a: Pelipper\n|\n|win|It'sJustKen VGC\n|n|\u2606mayheem|mayheem\n|n|\u2606It'sJustKen VGC|itsjustkenvgc\n|n| tryson69|tryson69\n|n| Easy L's|easyls\n|n| Carrielis|carrielis\n|n| Arksurit|arksurit\n|n| eriksp|eriksp\n|n| Bman311|bman311\n|n| 21Kieran|21kieran\n|n| snively3|snively3\n|n| syshj|syshj\n|l|\u2606mayheem\n|player|p1|\n|l| tryson69\n|l| Arksurit\n|c|\u2606It'sJustKen VGC|gg wp\n|l| snively3\n|c|\u2606It'sJustKen VGC|lmap\n|l| eriksp\n|c|\u2606It'sJustKen VGC|WHY IS THIS ACTUALLY WORKING LMAO\n",
  "uploadtime": 1776056186,
  "views": 10,
  "formatid": "gen9championsvgc2026regma",
  "rating": null,
  "private": 0,
  "password": null
}