{
  "id": "gen9championsvgc2026regma-2587193278",
  "format": "[Gen 9 Champions] VGC 2026 Reg M-A",
  "players": [
    "masterzeroomc",
    "Oskiiwi"
  ],
  "log": "|j|\u2606masterzeroomc\n|j|\u2606Oskiiwi\n|t:|1776507015\n|gametype|doubles\n|player|p1|masterzeroomc|red|1157\n|player|p2|Oskiiwi|n|1101\n|gen|9\n|tier|[Gen 9 Champions] VGC 2026 Reg M-A\n|rated|\n|rule|Species Clause: Limit one of each Pok\u00e9mon\n|rule|Item Clause: Limit 1 of each item\n|clearpoke\n|poke|p1|Charizard, L50, F|\n|poke|p1|Sneasler, L50, F|\n|poke|p1|Meganium, L50, M|\n|poke|p1|Incineroar, L50, F|\n|poke|p1|Sinistcha, L50|\n|poke|p1|Whimsicott, L50, F|\n|poke|p2|Floette-Eternal, L50, F|\n|poke|p2|Sinistcha, L50|\n|poke|p2|Scizor, L50, M|\n|poke|p2|Sneasler, L50, M|\n|poke|p2|Aerodactyl, L50, M|\n|poke|p2|Incineroar, L50, F|\n|teampreview|4\n|inactive|Battle timer is ON: inactive players will automatically lose when time's up. (requested by masterzeroomc)\n|inactive|masterzeroomc has 60 seconds left.\n|inactive|Oskiiwi has 60 seconds left.\n|\n|t:|1776507058\n|teamsize|p1|4\n|teamsize|p2|4\n|start\n|switch|p1a: Sneasler|Sneasler, L50, F|100/100\n|switch|p1b: Charizard|Charizard, L50, F|100/100\n|switch|p2a: Floette|Floette-Eternal, L50, F|100/100\n|switch|p2b: Sneasler|Sneasler, L50, M|100/100\n|turn|1\n|inactive|Oskiiwi has 30 seconds left.\n|inactive|Oskiiwi has 20 seconds left.\n|\n|t:|1776507094\n|switch|p1b: Whimsicott|Whimsicott, L50, F|100/100\n|move|p1a: Sneasler|Protect|p1a: Sneasler\n|-singleturn|p1a: Sneasler|Protect\n|move|p2b: Sneasler|Fake Out|p1a: Sneasler\n|-activate|p1a: Sneasler|move: Protect\n|move|p2a: Floette|Moonblast|p1a: Sneasler\n|-activate|p1a: Sneasler|move: Protect\n|\n|upkeep\n|turn|2\n|inactive|Oskiiwi has 30 seconds left.\n|\n|t:|1776507119\n|detailschange|p2a: Floette|Floette-Mega, L50, F\n|-mega|p2a: Floette|Floette|Floettite\n|-ability|p2a: Floette|Fairy Aura\n|move|p1b: Whimsicott|Encore|p2b: Sneasler\n|-start|p2b: Sneasler|Encore\n|move|p2b: Sneasler|Fake Out||[still]\n|-hint|Fake Out only works on your first turn out.\n|-fail|p2b: Sneasler\n|move|p1a: Sneasler|Dire Claw|p2a: Floette\n|-supereffective|p2a: Floette|1\n|-damage|p2a: Floette|26/100\n|-status|p2a: Floette|par\n|cant|p2a: Floette|par\n|\n|upkeep\n|turn|3\n|inactive|masterzeroomc has 30 seconds left.\n|inactive|Oskiiwi has 30 seconds left.\n|\n|t:|1776507148\n|switch|p2b: Incineroar|Incineroar, L50, F|100/100\n|-ability|p2b: Incineroar|Intimidate|boost\n|-unboost|p1a: Sneasler|atk|1\n|-unboost|p1b: Whimsicott|atk|1\n|-enditem|p1a: Sneasler|White Herb\n|-clearnegativeboost|p1a: Sneasler|[silent]\n|move|p2a: Floette|Protect|p2a: Floette\n|-singleturn|p2a: Floette|Protect\n|move|p1a: Sneasler|Dire Claw|p2a: Floette\n|-activate|p2a: Floette|move: Protect\n|move|p1b: Whimsicott|Moonblast|p2b: Incineroar\n|-damage|p2b: Incineroar|69/100\n|\n|upkeep\n|turn|4\n|\n|t:|1776507167\n|switch|p1a: Incineroar|Incineroar, L50, F|100/100\n|-ability|p1a: Incineroar|Intimidate|boost\n|-unboost|p2a: Floette|atk|1\n|-unboost|p2b: Incineroar|atk|1\n|switch|p2a: Sneasler|Sneasler, L50, M|100/100\n|move|p2b: Incineroar|Fake Out|p1b: Whimsicott\n|-damage|p1b: Whimsicott|92/100\n|cant|p1b: Whimsicott|flinch\n|\n|upkeep\n|turn|5\n|\n|t:|1776507188\n|move|p1b: Whimsicott|Protect|p1b: Whimsicott\n|-singleturn|p1b: Whimsicott|Protect\n|move|p2a: Sneasler|Fake Out|p1a: Incineroar\n|-damage|p1a: Incineroar|86/100\n|cant|p1a: Incineroar|flinch\n|move|p2b: Incineroar|Flare Blitz|p1b: Whimsicott\n|-activate|p1b: Whimsicott|move: Protect\n|\n|upkeep\n|turn|6\n|\n|t:|1776507206\n|move|p1b: Whimsicott|Tailwind|p1b: Whimsicott\n|-sidestart|p1: masterzeroomc|move: Tailwind\n|move|p2a: Sneasler|Close Combat|p1a: Incineroar\n|-supereffective|p1a: Incineroar|1\n|-damage|p1a: Incineroar|0 fnt\n|-unboost|p2a: Sneasler|def|1\n|-unboost|p2a: Sneasler|spd|1\n|faint|p1a: Incineroar\n|-enditem|p2a: Sneasler|White Herb\n|-clearnegativeboost|p2a: Sneasler|[silent]\n|move|p2b: Incineroar|Flare Blitz|p1b: Whimsicott\n|-supereffective|p1b: Whimsicott|1\n|-damage|p1b: Whimsicott|30/100\n|-damage|p2b: Incineroar|53/100|[from] Recoil\n|\n|upkeep\n|\n|t:|1776507214\n|switch|p1a: Charizard|Charizard, L50, F|100/100\n|turn|7\n|\n|t:|1776507230\n|detailschange|p1a: Charizard|Charizard-Mega-X, L50, F\n|-mega|p1a: Charizard|Charizard|Charizardite X\n|move|p1b: Whimsicott|Protect|p1b: Whimsicott\n|-singleturn|p1b: Whimsicott|Protect\n|move|p2a: Sneasler|Dire Claw|p1a: Charizard\n|-damage|p1a: Charizard|57/100\n|move|p1a: Charizard|Flare Blitz|p2a: Sneasler\n|-crit|p2a: Sneasler\n|-damage|p2a: Sneasler|0 fnt\n|faint|p2a: Sneasler\n|-damage|p1a: Charizard|24/100|[from] Recoil\n|move|p2b: Incineroar|Parting Shot|p1a: Charizard\n|-unboost|p1a: Charizard|atk|1\n|-unboost|p1a: Charizard|spa|1\n|\n|t:|1776507248\n|switch|p2b: Aerodactyl|Aerodactyl, L50, M|100/100|[from] Parting Shot\n|-ability|p2b: Aerodactyl|Unnerve\n|\n|upkeep\n|\n|t:|1776507253\n|switch|p2a: Floette|Floette-Mega, L50, F|26/100 par\n|-ability|p2a: Floette|Fairy Aura\n|turn|8\n|\n|t:|1776507277\n|move|p1a: Charizard|Thunder Punch|p2b: Aerodactyl\n|-supereffective|p2b: Aerodactyl|1\n|-damage|p2b: Aerodactyl|27/100\n|move|p1b: Whimsicott|Moonblast|p2b: Aerodactyl\n|-damage|p2b: Aerodactyl|0 fnt\n|faint|p2b: Aerodactyl\n|move|p2a: Floette|Dazzling Gleam|p1a: Charizard|[spread] p1a,p1b\n|-damage|p1a: Charizard|0 fnt\n|-damage|p1b: Whimsicott|0 fnt\n|faint|p1a: Charizard\n|faint|p1b: Whimsicott\n|\n|upkeep\n|\n|t:|1776507287\n|switch|p2b: Incineroar|Incineroar, L50, F|53/100\n|switch|p1b: Sneasler|Sneasler, L50, F|100/100\n|-ability|p2b: Incineroar|Intimidate|boost\n|-unboost|p1b: Sneasler|atk|1\n|turn|9\n|\n|t:|1776507305\n|move|p1b: Sneasler|Protect|p1b: Sneasler\n|-singleturn|p1b: Sneasler|Protect\n|move|p2a: Floette|Protect|p2a: Floette\n|-singleturn|p2a: Floette|Protect\n|move|p2b: Incineroar|Fake Out|p1b: Sneasler\n|-activate|p1b: Sneasler|move: Protect\n|\n|-sideend|p1: masterzeroomc|move: Tailwind\n|upkeep\n|turn|10\n|\n|t:|1776507319\n|move|p1b: Sneasler|Dire Claw|p2a: Floette\n|-supereffective|p2a: Floette|1\n|-damage|p2a: Floette|0 fnt\n|faint|p2a: Floette\n|move|p2b: Incineroar|Will-O-Wisp|p1b: Sneasler\n|-status|p1b: Sneasler|brn\n|\n|-damage|p1b: Sneasler|95/100 brn|[from] brn\n|upkeep\n|turn|11\n|\n|t:|1776507339\n|move|p1b: Sneasler|Close Combat|p2b: Incineroar\n|-supereffective|p2b: Incineroar|1\n|-damage|p2b: Incineroar|19/100\n|-unboost|p1b: Sneasler|def|1\n|-unboost|p1b: Sneasler|spd|1\n|move|p2b: Incineroar|Flare Blitz|p1b: Sneasler\n|-damage|p1b: Sneasler|0 fnt\n|faint|p1b: Sneasler\n|-damage|p2b: Incineroar|0 fnt|[from] Recoil\n|faint|p2b: Incineroar\n|\n|win|Oskiiwi\n|raw|masterzeroomc's rating: 1157 &rarr; <strong>1128</strong><br />(-29 for losing)\n|raw|Oskiiwi's rating: 1101 &rarr; <strong>1130</strong><br />(+29 for winning)\n|l|\u2606masterzeroomc\n|player|p1|\n|c|\u2606Oskiiwi|wow\n",
  "uploadtime": 1776507362,
  "views": 15,
  "formatid": "gen9championsvgc2026regma",
  "rating": 1128,
  "private": 0,
  "password": null
}