{
  "id": "gen9championsvgc2026regma-2587211503",
  "format": "[Gen 9 Champions] VGC 2026 Reg M-A",
  "players": [
    "tjoahy",
    "rajat1809"
  ],
  "log": "|j|\u2606tjoahy\n|j|\u2606rajat1809\n|t:|1776509537\n|gametype|doubles\n|player|p1|tjoahy|harlequin|1099\n|player|p2|rajat1809|169|1000\n|gen|9\n|tier|[Gen 9 Champions] VGC 2026 Reg M-A\n|rated|\n|rule|Species Clause: Limit one of each Pok\u00e9mon\n|rule|Item Clause: Limit 1 of each item\n|clearpoke\n|poke|p1|Crabominable, L50, M|\n|poke|p1|Slowking, L50, M|\n|poke|p1|Farigiraf, L50, F|\n|poke|p1|Meganium, L50, F|\n|poke|p1|Sinistcha, L50|\n|poke|p1|Aegislash, L50, F|\n|poke|p2|Floette-Eternal, L50, F|\n|poke|p2|Incineroar, L50, M|\n|poke|p2|Tyranitar, L50, F|\n|poke|p2|Aerodactyl, L50, F|\n|poke|p2|Sneasler, L50, M|\n|poke|p2|Aegislash, L50, F|\n|teampreview|4\n|inactive|Battle timer is ON: inactive players will automatically lose when time's up. (requested by rajat1809)\n|inactive|tjoahy has 60 seconds left.\n|inactive|rajat1809 has 60 seconds left.\nrajat1809 has agreed to open team sheets.\n|\n|t:|1776509597\n|teamsize|p1|4\n|teamsize|p2|4\n|start\n|switch|p1a: Farigiraf|Farigiraf, L50, F|100/100\n|switch|p1b: Slowking|Slowking, L50, M|100/100\n|switch|p2a: Tyranitar|Tyranitar, L50, F|100/100\n|switch|p2b: Aerodactyl|Aerodactyl, L50, F|100/100\n|-weather|Sandstorm|[from] ability: Sand Stream|[of] p2a: Tyranitar\n|turn|1\n|\n|t:|1776509616\n|detailschange|p2a: Tyranitar|Tyranitar-Mega, L50, F\n|-mega|p2a: Tyranitar|Tyranitar|Tyranitarite\n|move|p2b: Aerodactyl|Tailwind|p2b: Aerodactyl\n|-sidestart|p2: rajat1809|move: Tailwind\n|move|p2a: Tyranitar|Rock Slide|p1b: Slowking|[spread] p1a,p1b\n|-damage|p1a: Farigiraf|62/100\n|-damage|p1b: Slowking|60/100\n|-prepare|p1b: Slowking|Chilly Reception|[premajor]\n|move|p1b: Slowking|Chilly Reception|p1b: Slowking\n|-weather|Snowscape\n|\n|t:|1776509625\n|switch|p1b: Crabominable|Crabominable, L50, M|100/100|[from] Chilly Reception\n|move|p1a: Farigiraf|Trick Room|p1a: Farigiraf\n|-fieldstart|move: Trick Room|[of] p1a: Farigiraf\n|\n|-weather|Snowscape|[upkeep]\n|upkeep\n|turn|2\n|\n|t:|1776509640\n|switch|p2a: Aegislash|Aegislash, L50, F|100/100\n|switch|p2b: Incineroar|Incineroar, L50, M|100/100\n|-ability|p2b: Incineroar|Intimidate|boost\n|-unboost|p1a: Farigiraf|atk|1\n|-unboost|p1b: Crabominable|atk|1\n|detailschange|p1b: Crabominable|Crabominable-Mega, L50, M\n|-mega|p1b: Crabominable|Crabominable|Crabominite\n|move|p1b: Crabominable|Close Combat|p2a: Aegislash\n|-immune|p2a: Aegislash\n|move|p1a: Farigiraf|Dazzling Gleam|p2b: Incineroar|[spread] p2a,p2b\n|-resisted|p2a: Aegislash|1\n|-damage|p2a: Aegislash|92/100\n|-damage|p2b: Incineroar|87/100\n|\n|-weather|Snowscape|[upkeep]\n|upkeep\n|turn|3\n|inactive|rajat1809 has 30 seconds left.\n|inactive|rajat1809 has 20 seconds left.\n|inactive|rajat1809 has 15 seconds left.\n|inactive|rajat1809 has 10 seconds left.\n|inactive|rajat1809 has 5 seconds left.\n|\n|t:|1776509692\n|move|p1b: Crabominable|Close Combat|p2b: Incineroar\n|-supereffective|p2b: Incineroar|1\n|-damage|p2b: Incineroar|0 fnt\n|-unboost|p1b: Crabominable|def|1\n|-unboost|p1b: Crabominable|spd|1\n|faint|p2b: Incineroar\n|move|p1a: Farigiraf|Calm Mind|p1a: Farigiraf\n|-boost|p1a: Farigiraf|spa|1\n|-boost|p1a: Farigiraf|spd|1\n|-formechange|p2a: Aegislash|Aegislash-Blade|\n|move|p2a: Aegislash|Iron Head|p1b: Crabominable\n|-supereffective|p1b: Crabominable|1\n|-damage|p1b: Crabominable|26/100\n|\n|-weather|Snowscape|[upkeep]\n|upkeep\n|\n|t:|1776509706\n|switch|p2b: Tyranitar|Tyranitar-Mega, L50, F|100/100\n|-weather|Sandstorm|[from] ability: Sand Stream|[of] p2b: Tyranitar\n|turn|4\n|inactive|tjoahy has 30 seconds left.\n|\n|t:|1776509738\n|move|p2b: Tyranitar|Protect|p2b: Tyranitar\n|-singleturn|p2b: Tyranitar|Protect\n|move|p1b: Crabominable|Close Combat|p2b: Tyranitar\n|-activate|p2b: Tyranitar|move: Protect\n|move|p1a: Farigiraf|Dazzling Gleam|p2a: Aegislash|[spread] p2a\n|-activate|p2b: Tyranitar|move: Protect\n|-resisted|p2a: Aegislash|1\n|-damage|p2a: Aegislash|63/100\n|move|p2a: Aegislash|Iron Head|p1b: Crabominable\n|-supereffective|p1b: Crabominable|1\n|-damage|p1b: Crabominable|0 fnt\n|faint|p1b: Crabominable\n|\n|-weather|Sandstorm|[upkeep]\n|-damage|p1a: Farigiraf|56/100|[from] Sandstorm\n|-sideend|p2: rajat1809|move: Tailwind\n|upkeep\n|\n|t:|1776509742\n|switch|p1b: Aegislash|Aegislash, L50, F|100/100\n|turn|5\n|\n|t:|1776509757\n|-formechange|p2a: Aegislash|Aegislash|\n|move|p2a: Aegislash|King's Shield|p2a: Aegislash\n|-singleturn|p2a: Aegislash|Protect\n|-formechange|p1b: Aegislash|Aegislash-Blade|\n|move|p1b: Aegislash|Sacred Sword|p2b: Tyranitar\n|-supereffective|p2b: Tyranitar|2\n|-damage|p2b: Tyranitar|0 fnt\n|faint|p2b: Tyranitar\n|move|p1a: Farigiraf|Dazzling Gleam|p2a: Aegislash\n|-activate|p2a: Aegislash|move: Protect\n|\n|-weather|Sandstorm|[upkeep]\n|-damage|p1a: Farigiraf|49/100|[from] Sandstorm\n|-fieldend|move: Trick Room\n|upkeep\n|\n|t:|1776509770\n|switch|p2b: Aerodactyl|Aerodactyl, L50, F|100/100\n|turn|6\n|\n|t:|1776509794\n|-formechange|p1b: Aegislash|Aegislash|\n|move|p1b: Aegislash|King's Shield|p1b: Aegislash\n|-singleturn|p1b: Aegislash|Protect\n|move|p2b: Aerodactyl|Tailwind|p2b: Aerodactyl\n|-sidestart|p2: rajat1809|move: Tailwind\n|-formechange|p2a: Aegislash|Aegislash-Blade|\n|move|p2a: Aegislash|Poltergeist|p1b: Aegislash\n|-activate|p1b: Aegislash|move: Protect\n|move|p1a: Farigiraf|Trick Room|p1a: Farigiraf\n|-fieldstart|move: Trick Room|[of] p1a: Farigiraf\n|\n|-weather|Sandstorm|[upkeep]\n|-damage|p1a: Farigiraf|43/100|[from] Sandstorm\n|upkeep\n|turn|7\n|\n|t:|1776509811\n|-formechange|p2a: Aegislash|Aegislash|\n|move|p2a: Aegislash|King's Shield|p2a: Aegislash\n|-singleturn|p2a: Aegislash|Protect\n|-formechange|p1b: Aegislash|Aegislash-Blade|\n|move|p1b: Aegislash|Poltergeist|p2b: Aerodactyl\n|-activate|p2b: Aerodactyl|move: Poltergeist|Focus Sash\n|-enditem|p2b: Aerodactyl|Focus Sash\n|-damage|p2b: Aerodactyl|1/100\n|move|p1a: Farigiraf|Dazzling Gleam|p2b: Aerodactyl|[spread] p2b\n|-activate|p2a: Aegislash|move: Protect\n|-damage|p2b: Aerodactyl|0 fnt\n|faint|p2b: Aerodactyl\n|\n|-weather|Sandstorm|[upkeep]\n|-damage|p1a: Farigiraf|37/100|[from] Sandstorm\n|upkeep\n|turn|8\n|-message|rajat1809 forfeited.\n|\n|win|tjoahy\n|raw|tjoahy's rating: 1099 &rarr; <strong>1117</strong><br />(+18 for winning)\n|raw|rajat1809's rating: 1000 &rarr; <strong>1000</strong><br />(+0 for losing)\n|l|\u2606rajat1809\n|player|p2|\n",
  "uploadtime": 1776509828,
  "views": 18,
  "formatid": "gen9championsvgc2026regma",
  "rating": 1000,
  "private": 0,
  "password": null
}