{
  "id": "gen9championsvgc2026regma-2581414374",
  "format": "[Gen 9 Champions] VGC 2026 Reg M-A",
  "players": [
    "Ozempic Glorp",
    "Mask4M"
  ],
  "log": "|j|\u2606Ozempic Glorp\n|j|\u2606Mask4M\n|t:|1775997999\n|gametype|doubles\n|player|p1|Ozempic Glorp|hilda-wonderlauncher|1066\n|player|p2|Mask4M|102|1052\n|gen|9\n|tier|[Gen 9 Champions] VGC 2026 Reg M-A\n|rated|\n|rule|Species Clause: Limit one of each Pok\u00e9mon\n|rule|Item Clause: Limit 1 of each item\n|clearpoke\n|poke|p1|Venusaur, L50, M|\n|poke|p1|Incineroar, L50, M|\n|poke|p1|Garchomp, L50, F|\n|poke|p1|Charizard, L50, F|\n|poke|p1|Sneasler, L50, F|\n|poke|p1|Rotom-Wash, L50|\n|poke|p2|Glimmora, L50, M|\n|poke|p2|Froslass, L50, F|\n|poke|p2|Sneasler, L50, M|\n|poke|p2|Incineroar, L50, F|\n|poke|p2|Whimsicott, L50, M|\n|poke|p2|Gyarados, L50, M|\n|teampreview|4\n|inactive|Battle timer is ON: inactive players will automatically lose when time's up. (requested by Ozempic Glorp)\nMask4M has agreed to open team sheets.\n|\n|t:|1775998021\n|teamsize|p1|4\n|teamsize|p2|4\n|start\n|switch|p1a: Sneezler|Sneasler, L50, F|100/100\n|switch|p1b: John Pokemon|Charizard, L50, F|100/100\n|switch|p2a: Sneasler|Sneasler, L50, M|100/100\n|switch|p2b: Whimsicott|Whimsicott, L50, M|100/100\n|turn|1\n|inactive|Ozempic Glorp has 30 seconds left.\n|\n|t:|1775998047\n|detailschange|p1b: John Pokemon|Charizard-Mega-Y, L50, F\n|-mega|p1b: John Pokemon|Charizard|Charizardite Y\n|-weather|SunnyDay|[from] ability: Drought|[of] p1b: John Pokemon\n|move|p2a: Sneasler|Fake Out|p1b: John Pokemon\n|-damage|p1b: John Pokemon|78/100\n|move|p2b: Whimsicott|Tailwind|p2b: Whimsicott\n|-sidestart|p2: Mask4M|move: Tailwind\n|move|p1a: Sneezler|Dire Claw|p2b: Whimsicott\n|-supereffective|p2b: Whimsicott|2\n|-enditem|p2b: Whimsicott|Focus Sash\n|-damage|p2b: Whimsicott|1/100\n|-status|p2b: Whimsicott|par\n|cant|p1b: John Pokemon|flinch\n|\n|-weather|SunnyDay|[upkeep]\n|upkeep\n|turn|2\n|inactive|Mask4M has 30 seconds left.\n|\n|t:|1775998077\n|move|p2a: Sneasler|Dire Claw|p1b: John Pokemon\n|-crit|p1b: John Pokemon\n|-damage|p1b: John Pokemon|0 fnt\n|faint|p1b: John Pokemon\n|move|p1a: Sneezler|Rock Slide|p2b: Whimsicott|[spread] p2a,p2b\n|-resisted|p2a: Sneasler|1\n|-damage|p2a: Sneasler|82/100\n|-damage|p2b: Whimsicott|0 fnt\n|faint|p2b: Whimsicott\n|\n|-weather|SunnyDay|[upkeep]\n|upkeep\n|\n|t:|1775998090\n|switch|p1b: Toad|Venusaur, L50, M|100/100\n|switch|p2b: Gyarados|Gyarados, L50, M|100/100\n|-ability|p2b: Gyarados|Intimidate|boost\n|-unboost|p1a: Sneezler|atk|1\n|-unboost|p1b: Toad|atk|1\n|-enditem|p1a: Sneezler|White Herb\n|-clearnegativeboost|p1a: Sneezler|[silent]\n|turn|3\n|\n|t:|1775998113\n|move|p2a: Sneasler|Dire Claw|p1b: Toad\n|-damage|p1b: Toad|40/100\n|-status|p1b: Toad|par\n|move|p1a: Sneezler|Rock Slide|p2a: Sneasler|[spread] p2a,p2b\n|-resisted|p2a: Sneasler|1\n|-supereffective|p2b: Gyarados|1\n|-damage|p2a: Sneasler|64/100\n|-damage|p2b: Gyarados|61/100\n|cant|p2b: Gyarados|flinch\n|move|p1b: Toad|Sleep Powder|p2b: Gyarados\n|-status|p2b: Gyarados|slp|[from] move: Sleep Powder\n|\n|-weather|SunnyDay|[upkeep]\n|-heal|p2b: Gyarados|67/100 slp|[from] item: Leftovers\n|upkeep\n|turn|4\n|\n|t:|1775998136\n|move|p2a: Sneasler|Protect|p2a: Sneasler\n|-singleturn|p2a: Sneasler|Protect\n|move|p1a: Sneezler|Rock Slide|p2b: Gyarados|[spread] p2b\n|-activate|p2a: Sneasler|move: Protect\n|-supereffective|p2b: Gyarados|1\n|-damage|p2b: Gyarados|26/100 slp\n|cant|p2b: Gyarados|slp\n|move|p1b: Toad|Sleep Powder|p2a: Sneasler\n|-activate|p2a: Sneasler|move: Protect\n|\n|-weather|SunnyDay|[upkeep]\n|-heal|p2b: Gyarados|32/100 slp|[from] item: Leftovers\n|-sideend|p2: Mask4M|move: Tailwind\n|upkeep\n|turn|5\n|\n|t:|1775998157\n|-curestatus|p2b: Gyarados|slp|[msg]\n|move|p2b: Gyarados|Protect|p2b: Gyarados\n|-singleturn|p2b: Gyarados|Protect\n|move|p1a: Sneezler|Rock Slide|p2a: Sneasler|[spread] p2a\n|-activate|p2b: Gyarados|move: Protect\n|-resisted|p2a: Sneasler|1\n|-damage|p2a: Sneasler|44/100\n|move|p2a: Sneasler|Dire Claw|p1b: Toad\n|-damage|p1b: Toad|0 fnt\n|faint|p1b: Toad\n|\n|-weather|none\n|-heal|p2b: Gyarados|38/100|[from] item: Leftovers\n|upkeep\n|\n|t:|1775998170\n|switch|p1b: Washed|Rotom-Wash, L50|100/100\n|turn|6\n|inactive|Mask4M has 30 seconds left.\n|\n|t:|1775998202\n|move|p2b: Gyarados|Helping Hand|p2a: Sneasler\n|-singleturn|p2a: Sneasler|Helping Hand|[of] p2b: Gyarados\n|move|p1a: Sneezler|Dire Claw|p2a: Sneasler\n|-resisted|p2a: Sneasler|1\n|-damage|p2a: Sneasler|4/100\n|move|p2a: Sneasler|Close Combat|p1b: Washed\n|-damage|p1b: Washed|8/100\n|-unboost|p2a: Sneasler|def|1\n|-unboost|p2a: Sneasler|spd|1\n|-enditem|p2a: Sneasler|White Herb\n|-clearnegativeboost|p2a: Sneasler|[silent]\n|move|p1b: Washed|Thunderbolt|p2b: Gyarados\n|-supereffective|p2b: Gyarados|2\n|-crit|p2b: Gyarados\n|-damage|p2b: Gyarados|0 fnt\n|faint|p2b: Gyarados\n|\n|-heal|p1b: Washed|14/100|[from] item: Leftovers\n|upkeep\n|\n|t:|1775998217\n|switch|p2b: Glimmora|Glimmora, L50, M|100/100\n|turn|7\n|\n|t:|1775998233\n|detailschange|p2b: Glimmora|Glimmora-Mega, L50, M\n|-mega|p2b: Glimmora|Glimmora|Glimmoranite\n|move|p2a: Sneasler|Protect|p2a: Sneasler\n|-singleturn|p2a: Sneasler|Protect\n|move|p1b: Washed|Protect|p1b: Washed\n|-singleturn|p1b: Washed|Protect\n|move|p1a: Sneezler|Rock Slide|p2b: Glimmora|[spread] \n|-activate|p2a: Sneasler|move: Protect\n|-miss|p1a: Sneezler|p2b: Glimmora\n|move|p2b: Glimmora|Earth Power|p1a: Sneezler\n|-supereffective|p1a: Sneezler|1\n|-damage|p1a: Sneezler|0 fnt\n|faint|p1a: Sneezler\n|\n|-heal|p1b: Washed|20/100|[from] item: Leftovers\n|upkeep\n|turn|8\n|-message|Ozempic Glorp forfeited.\n|\n|win|Mask4M\n|raw|Ozempic Glorp's rating: 1066 &rarr; <strong>1045</strong><br />(-21 for losing)\n|raw|Mask4M's rating: 1052 &rarr; <strong>1085</strong><br />(+33 for winning)\n|l|\u2606Ozempic Glorp\n|player|p1|\n",
  "uploadtime": 1775998250,
  "views": 20,
  "formatid": "gen9championsvgc2026regma",
  "rating": 1045,
  "private": 0,
  "password": null
}