{
  "id": "gen9championsvgc2026regma-2585922056",
  "format": "[Gen 9 Champions] VGC 2026 Reg M-A",
  "players": [
    "sweetbabyfishin",
    "massan2580"
  ],
  "log": "|j|\u2606sweetbabyfishin\n|j|\u2606massan2580\n|t:|1776381717\n|gametype|doubles\n|player|p1|sweetbabyfishin|fisherman-gen4|1388\n|player|p2|massan2580|2|1479\n|gen|9\n|tier|[Gen 9 Champions] VGC 2026 Reg M-A\n|rated|\n|rule|Species Clause: Limit one of each Pok\u00e9mon\n|rule|Item Clause: Limit 1 of each item\n|clearpoke\n|poke|p1|Charizard, L50, F|\n|poke|p1|Venusaur, L50, M|\n|poke|p1|Politoed, L50, M|\n|poke|p1|Garchomp, L50, M|\n|poke|p1|Steelix, L50, M|\n|poke|p1|Rotom-Wash, L50|\n|poke|p2|Floette-Eternal, L50, F|\n|poke|p2|Incineroar, L50, F|\n|poke|p2|Sinistcha, L50|\n|poke|p2|Talonflame, L50, F|\n|poke|p2|Garchomp, L50, M|\n|poke|p2|Maushold, L50|\n|teampreview|4\n|\n|t:|1776381753\n|teamsize|p1|4\n|teamsize|p2|4\n|start\n|switch|p1a: Charizard|Charizard, L50, F|100/100\n|switch|p1b: steely dan|Steelix, L50, M|100/100\n|switch|p2a: Floette|Floette-Eternal, L50, F|100/100\n|switch|p2b: Incineroar|Incineroar, L50, F|100/100\n|-ability|p2b: Incineroar|Intimidate|boost\n|-unboost|p1a: Charizard|atk|1\n|-unboost|p1b: steely dan|atk|1\n|turn|1\n|\n|t:|1776381764\n|switch|p1a: Garchomp|Garchomp, L50, M|100/100\n|detailschange|p2a: Floette|Floette-Mega, L50, F\n|-mega|p2a: Floette|Floette|Floettite\n|-ability|p2a: Floette|Fairy Aura\n|move|p2b: Incineroar|Fake Out|p1a: Garchomp\n|-damage|p1a: Garchomp|90/100\n|-damage|p2b: Incineroar|88/100|[from] ability: Rough Skin|[of] p1a: Garchomp\n|move|p2a: Floette|Calm Mind|p2a: Floette\n|-boost|p2a: Floette|spa|1\n|-boost|p2a: Floette|spd|1\n|move|p1b: steely dan|Sand Tomb|p2a: Floette\n|-damage|p2a: Floette|93/100\n|-activate|p2a: Floette|move: Sand Tomb|[of] p1b: steely dan\n|\n|-damage|p2a: Floette|81/100|[from] move: Sand Tomb|[partiallytrapped]\n|upkeep\n|turn|2\n|\n|t:|1776381791\n|move|p1b: steely dan|Protect|p1b: steely dan\n|-singleturn|p1b: steely dan|Protect\n|move|p1a: Garchomp|Earthquake|p2b: Incineroar|[spread] p2a,p2b\n|-activate|p1b: steely dan|move: Protect\n|-supereffective|p2b: Incineroar|1\n|-damage|p2a: Floette|43/100\n|-damage|p2b: Incineroar|17/100\n|move|p2a: Floette|Draining Kiss|p1a: Garchomp\n|-supereffective|p1a: Garchomp|1\n|-damage|p1a: Garchomp|0 fnt\n|-heal|p2a: Floette|100/100|[from] drain|[of] p1a: Garchomp\n|-damage|p2a: Floette|88/100|[from] ability: Rough Skin|[of] p1a: Garchomp\n|faint|p1a: Garchomp\n|move|p2b: Incineroar|Parting Shot|p1b: steely dan\n|-activate|p1b: steely dan|move: Protect\n|\n|-damage|p2a: Floette|76/100|[from] move: Sand Tomb|[partiallytrapped]\n|upkeep\n|\n|t:|1776381800\n|switch|p1a: Charizard|Charizard, L50, F|100/100\n|turn|3\n|\n|t:|1776381818\n|switch|p2b: Maushold|Maushold, L50|100/100\n|detailschange|p1a: Charizard|Charizard-Mega-Y, L50, F\n|-mega|p1a: Charizard|Charizard|Charizardite Y\n|-weather|SunnyDay|[from] ability: Drought|[of] p1a: Charizard\n|move|p1a: Charizard|Heat Wave|p2a: Floette|[spread] p2b\n|-miss|p1a: Charizard|p2a: Floette\n|-damage|p2b: Maushold|29/100\n|move|p2a: Floette|Draining Kiss|p1b: steely dan\n|-resisted|p1b: steely dan|1\n|-damage|p1b: steely dan|71/100\n|-heal|p2a: Floette|99/100|[from] drain|[of] p1b: steely dan\n|move|p1b: steely dan|Body Press|p2a: Floette\n|-resisted|p2a: Floette|1\n|-damage|p2a: Floette|87/100\n|\n|-weather|SunnyDay|[upkeep]\n|-heal|p1b: steely dan|77/100|[from] item: Leftovers\n|-damage|p2a: Floette|75/100|[from] move: Sand Tomb|[partiallytrapped]\n|upkeep\n|turn|4\n|\n|t:|1776381855\n|switch|p2b: Incineroar|Incineroar, L50, F|17/100\n|-ability|p2b: Incineroar|Intimidate|boost\n|-unboost|p1a: Charizard|atk|1\n|-unboost|p1b: steely dan|atk|1\n|move|p1a: Charizard|Heat Wave|p2a: Floette|[spread] p2a,p2b\n|-resisted|p2b: Incineroar|1\n|-damage|p2a: Floette|45/100\n|-damage|p2b: Incineroar|0 fnt\n|faint|p2b: Incineroar\n|move|p2a: Floette|Draining Kiss|p1b: steely dan\n|-resisted|p1b: steely dan|1\n|-damage|p1b: steely dan|50/100\n|-heal|p2a: Floette|65/100|[from] drain|[of] p1b: steely dan\n|move|p1b: steely dan|Body Press|p2a: Floette\n|-resisted|p2a: Floette|1\n|-damage|p2a: Floette|47/100\n|\n|-weather|SunnyDay|[upkeep]\n|-heal|p1b: steely dan|57/100|[from] item: Leftovers\n|-damage|p2a: Floette|35/100|[from] move: Sand Tomb|[partiallytrapped]\n|upkeep\n|\n|t:|1776381870\n|switch|p2b: Garchomp|Garchomp, L50, M|100/100\n|turn|5\n|\n|t:|1776381876\n|move|p1b: steely dan|Wide Guard|p1b: steely dan\n|-singleturn|p1b: steely dan|Wide Guard\n|move|p2b: Garchomp|Rock Slide|p1b: steely dan|[spread] \n|-activate|p1a: Charizard|move: Wide Guard\n|-activate|p1b: steely dan|move: Wide Guard\n|move|p1a: Charizard|Weather Ball|p2a: Floette\n|-damage|p2a: Floette|0 fnt\n|faint|p2a: Floette\n|\n|-weather|SunnyDay|[upkeep]\n|-heal|p1b: steely dan|63/100|[from] item: Leftovers\n|upkeep\n|l|\u2606massan2580\n|player|p2|\n|inactive|Battle timer is ON: inactive players will automatically lose when time's up. (requested by sweetbabyfishin)\n|c|\u2606sweetbabyfishin|hahahahahaha get shit on by steelix you stupid floette player\n|inactive|massan2580 has 30 seconds to reconnect!\n|inactive|massan2580 has 20 seconds to reconnect!\n|inactive|massan2580 has 15 seconds to reconnect!\n|inactive|massan2580 has 10 seconds to reconnect!\n|inactive|massan2580 has 5 seconds to reconnect!\n|-message|massan2580 lost due to inactivity.\n|\n|win|sweetbabyfishin\n|raw|sweetbabyfishin's rating: 1388 &rarr; <strong>1413</strong><br />(+25 for winning)\n|raw|massan2580's rating: 1479 &rarr; <strong>1454</strong><br />(-25 for losing)\n",
  "uploadtime": 1776381911,
  "views": 63,
  "formatid": "gen9championsvgc2026regma",
  "rating": 1413,
  "private": 0,
  "password": null
}