{
  "id": "gen9championsvgc2026regma-2581880377",
  "format": "[Gen 9 Champions] VGC 2026 Reg M-A",
  "players": [
    "eatyourweetabix",
    "iamyournightmareD"
  ],
  "log": "|j|\u2606eatyourweetabix\n|j|\u2606iamyournightmareD\n|t:|1776036235\n|gametype|doubles\n|player|p1|eatyourweetabix|byron|1161\n|player|p2|iamyournightmareD|wallace|1086\n|gen|9\n|tier|[Gen 9 Champions] VGC 2026 Reg M-A\n|rated|\n|rule|Species Clause: Limit one of each Pok\u00e9mon\n|rule|Item Clause: Limit 1 of each item\n|clearpoke\n|poke|p1|Ninetales-Alola, L50, M|\n|poke|p1|Incineroar, L50, F|\n|poke|p1|Greninja-*, L50, F|\n|poke|p1|Vaporeon, L50, M|\n|poke|p1|Dragapult, L50, F|\n|poke|p1|Sneasler, L50, M|\n|poke|p2|Tsareena, L50, F|\n|poke|p2|Delphox, L50, M|\n|poke|p2|Whimsicott, L50, F|\n|poke|p2|Sneasler, L50, F|\n|poke|p2|Primarina, L50, F|\n|poke|p2|Incineroar, L50, F|\n|teampreview|4\n|\n|t:|1776036271\n|teamsize|p1|4\n|teamsize|p2|4\n|start\n|switch|p1a: Incineroar|Incineroar, L50, F|100/100\n|switch|p1b: Ninetales|Ninetales-Alola, L50, M|100/100\n|switch|p2a: Whimsicott|Whimsicott, L50, F|100/100\n|switch|p2b: Tsareena|Tsareena, L50, F|100/100\n|-weather|Snowscape|[from] ability: Snow Warning|[of] p1b: Ninetales\n|-ability|p1a: Incineroar|Intimidate|boost\n|-unboost|p2a: Whimsicott|atk|1\n|-unboost|p2b: Tsareena|atk|1\n|turn|1\n|\n|t:|1776036294\n|move|p2b: Tsareena|Protect|p2b: Tsareena\n|-singleturn|p2b: Tsareena|Protect\n|move|p1a: Incineroar|Fake Out||[still]\n|cant|p2b: Tsareena|ability: Queenly Majesty|Fake Out|[of] p1a: Incineroar\n|move|p2a: Whimsicott|Sunny Day|p2a: Whimsicott\n|-weather|SunnyDay\n|move|p1b: Ninetales|Icy Wind|p2b: Tsareena|[spread] p2a\n|-activate|p2b: Tsareena|move: Protect\n|-supereffective|p2a: Whimsicott|1\n|-damage|p2a: Whimsicott|70/100\n|-unboost|p2a: Whimsicott|spe|1\n|\n|-weather|SunnyDay|[upkeep]\n|upkeep\n|turn|2\n|\n|t:|1776036309\n|switch|p2b: Delphox|Delphox, L50, M|100/100\n|move|p1b: Ninetales|Protect|p1b: Ninetales\n|-singleturn|p1b: Ninetales|Protect\n|move|p2a: Whimsicott|Tailwind|p2a: Whimsicott\n|-sidestart|p2: iamyournightmareD|move: Tailwind\n|move|p1a: Incineroar|Flare Blitz|p2b: Delphox\n|-resisted|p2b: Delphox|1\n|-damage|p2b: Delphox|46/100\n|-damage|p1a: Incineroar|86/100|[from] Recoil\n|\n|-weather|SunnyDay|[upkeep]\n|upkeep\n|turn|3\n|\n|t:|1776036341\n|switch|p2a: Sneasler|Sneasler, L50, F|100/100\n|switch|p1b: Dragapult|Dragapult, L50, F|100/100\n|detailschange|p2b: Delphox|Delphox-Mega, L50, M\n|-mega|p2b: Delphox|Delphox|Delphoxite\n|move|p2b: Delphox|Heat Wave|p1b: Dragapult|[spread] p1a\n|-miss|p2b: Delphox|p1b: Dragapult\n|-resisted|p1a: Incineroar|1\n|-damage|p1a: Incineroar|57/100\n|move|p1a: Incineroar|Flare Blitz|p2b: Delphox\n|-resisted|p2b: Delphox|1\n|-damage|p2b: Delphox|0 fnt\n|faint|p2b: Delphox\n|-damage|p1a: Incineroar|45/100|[from] Recoil\n|-enditem|p1a: Incineroar|Sitrus Berry|[eat]\n|-heal|p1a: Incineroar|69/100|[from] item: Sitrus Berry\n|\n|-weather|SunnyDay|[upkeep]\n|upkeep\n|\n|t:|1776036357\n|switch|p2b: Whimsicott|Whimsicott, L50, F|70/100\n|turn|4\n|\n|t:|1776036363\n|move|p2a: Sneasler|Close Combat|p1a: Incineroar\n|-supereffective|p1a: Incineroar|1\n|-damage|p1a: Incineroar|0 fnt\n|-unboost|p2a: Sneasler|def|1\n|-unboost|p2a: Sneasler|spd|1\n|faint|p1a: Incineroar\n|-enditem|p2a: Sneasler|White Herb\n|-clearnegativeboost|p2a: Sneasler|[silent]\n|move|p2b: Whimsicott|Dazzling Gleam|p1b: Dragapult\n|-supereffective|p1b: Dragapult|1\n|-damage|p1b: Dragapult|28/100\n|move|p1b: Dragapult|Will-O-Wisp|p2a: Sneasler\n|-status|p2a: Sneasler|brn\n|\n|-weather|SunnyDay|[upkeep]\n|-damage|p2a: Sneasler|95/100 brn|[from] brn\n|upkeep\n|\n|t:|1776036378\n|switch|p1a: Greninja|Greninja, L50, F|100/100\n|turn|5\n|\n|t:|1776036391\n|switch|p1b: Ninetales|Ninetales-Alola, L50, M|100/100\n|-weather|Snowscape|[from] ability: Snow Warning|[of] p1b: Ninetales\n|detailschange|p1a: Greninja|Greninja-Mega, L50, F\n|-mega|p1a: Greninja|Greninja|Greninjite\n|move|p2a: Sneasler|Protect|p2a: Sneasler\n|-singleturn|p2a: Sneasler|Protect\n|move|p2b: Whimsicott|Dazzling Gleam|p1a: Greninja|[spread] p1a,p1b\n|-supereffective|p1a: Greninja|1\n|-damage|p1a: Greninja|40/100\n|-damage|p1b: Ninetales|79/100\n|move|p1a: Greninja|Blizzard|p2a: Sneasler|[spread] p2b\n|-start|p1a: Greninja|typechange|Ice|[from] ability: Protean\n|-activate|p2a: Sneasler|move: Protect\n|-supereffective|p2b: Whimsicott|1\n|-damage|p2b: Whimsicott|0 fnt\n|faint|p2b: Whimsicott\n|\n|-weather|Snowscape|[upkeep]\n|-damage|p2a: Sneasler|89/100 brn|[from] brn\n|-sideend|p2: iamyournightmareD|move: Tailwind\n|upkeep\n|\n|t:|1776036399\n|switch|p2b: Tsareena|Tsareena, L50, F|100/100\n|turn|6\n|\n|t:|1776036415\n|switch|p1a: Dragapult|Dragapult, L50, F|28/100\n|move|p2a: Sneasler|Close Combat|p1a: Dragapult\n|-immune|p1a: Dragapult\n|move|p1b: Ninetales|Aurora Veil|p1b: Ninetales\n|-sidestart|p1: eatyourweetabix|move: Aurora Veil\n|move|p2b: Tsareena|Trop Kick|p1b: Ninetales\n|-damage|p1b: Ninetales|53/100\n|-unboost|p1b: Ninetales|atk|1\n|\n|-weather|Snowscape|[upkeep]\n|-damage|p2a: Sneasler|83/100 brn|[from] brn\n|upkeep\n|turn|7\n|\n|t:|1776036431\n|move|p2a: Sneasler|Protect|p2a: Sneasler\n|-singleturn|p2a: Sneasler|Protect\n|move|p1a: Dragapult|Dragon Darts|p2b: Tsareena\n|-damage|p2b: Tsareena|66/100\n|-anim|p1a: Dragapult|Dragon Darts|p2b: Tsareena\n|-damage|p2b: Tsareena|28/100\n|move|p1b: Ninetales|Icy Wind|p2b: Tsareena|[spread] p2b\n|-activate|p2a: Sneasler|move: Protect\n|-supereffective|p2b: Tsareena|1\n|-damage|p2b: Tsareena|4/100\n|-unboost|p2b: Tsareena|spe|1\n|move|p2b: Tsareena|Zen Headbutt|p1a: Dragapult\n|-damage|p1a: Dragapult|2/100\n|\n|-weather|Snowscape|[upkeep]\n|-damage|p2a: Sneasler|78/100 brn|[from] brn\n|upkeep\n|turn|8\n|\n|t:|1776036460\n|move|p2b: Tsareena|Protect|p2b: Tsareena\n|-singleturn|p2b: Tsareena|Protect\n|move|p2a: Sneasler|Dire Claw|p1a: Dragapult\n|-resisted|p1a: Dragapult|1\n|-damage|p1a: Dragapult|0 fnt\n|faint|p1a: Dragapult\n|move|p1b: Ninetales|Icy Wind|p2b: Tsareena|[spread] p2a\n|-activate|p2b: Tsareena|move: Protect\n|-damage|p2a: Sneasler|60/100 brn\n|-unboost|p2a: Sneasler|spe|1\n|\n|-weather|Snowscape|[upkeep]\n|-damage|p2a: Sneasler|55/100 brn|[from] brn\n|upkeep\n|\n|t:|1776036466\n|switch|p1a: Greninja|Greninja-Mega, L50, F|40/100\n|turn|9\n|\n|t:|1776036495\n|move|p2a: Sneasler|Close Combat|p1a: Greninja\n|-supereffective|p1a: Greninja|1\n|-damage|p1a: Greninja|0 fnt\n|-unboost|p2a: Sneasler|def|1\n|-unboost|p2a: Sneasler|spd|1\n|faint|p1a: Greninja\n|move|p1b: Ninetales|Icy Wind|p2b: Tsareena|[spread] p2a\n|-miss|p1b: Ninetales|p2b: Tsareena\n|-damage|p2a: Sneasler|31/100 brn\n|-unboost|p2a: Sneasler|spe|1\n|move|p2b: Tsareena|Trop Kick|p1b: Ninetales\n|-damage|p1b: Ninetales|29/100\n|-unboost|p1b: Ninetales|atk|1\n|\n|-weather|none\n|-damage|p2a: Sneasler|25/100 brn|[from] brn\n|upkeep\n|turn|10\n|\n|t:|1776036507\n|move|p2a: Sneasler|Dire Claw|p1b: Ninetales\n|-supereffective|p1b: Ninetales|1\n|-damage|p1b: Ninetales|0 fnt\n|faint|p1b: Ninetales\n|\n|win|iamyournightmareD\n|raw|eatyourweetabix's rating: 1161 &rarr; <strong>1131</strong><br />(-30 for losing)\n|raw|iamyournightmareD's rating: 1086 &rarr; <strong>1119</strong><br />(+33 for winning)\n|l|\u2606eatyourweetabix\n|player|p1|\n|c|\u2606iamyournightmareD|gg\n",
  "uploadtime": 1776036528,
  "views": 24,
  "formatid": "gen9championsvgc2026regma",
  "rating": 1119,
  "private": 0,
  "password": null
}