{
  "id": "gen9championsvgc2026regma-2587390856",
  "format": "[Gen 9 Champions] VGC 2026 Reg M-A",
  "players": [
    "ScraggyGoat",
    "el choro 37"
  ],
  "log": "|j|\u2606ScraggyGoat\n|j|\u2606el choro 37\n|t:|1776527885\n|gametype|doubles\n|player|p1|ScraggyGoat|1|1084\n|player|p2|el choro 37|cyrus|1015\n|gen|9\n|tier|[Gen 9 Champions] VGC 2026 Reg M-A\n|rated|\n|rule|Species Clause: Limit one of each Pok\u00e9mon\n|rule|Item Clause: Limit 1 of each item\n|clearpoke\n|poke|p1|Feraligatr, L50, F|\n|poke|p1|Pelipper, L50, F|\n|poke|p1|Archaludon, L50, M|\n|poke|p1|Floette-Eternal, L50, F|\n|poke|p1|Incineroar, L50, F|\n|poke|p1|Meowstic, L50, M|\n|poke|p2|Beedrill, L50, F|\n|poke|p2|Aegislash, L50, M|\n|poke|p2|Rotom-Wash, L50|\n|poke|p2|Incineroar, L50, F|\n|poke|p2|Sneasler, L50, F|\n|poke|p2|Whimsicott, L50, M|\n|teampreview|4\n|\n|t:|1776527924\n|teamsize|p1|4\n|teamsize|p2|4\n|start\n|switch|p1a: Pelipper|Pelipper, L50, F|100/100\n|switch|p1b: Feraligatr|Feraligatr, L50, F|100/100\n|switch|p2a: Ciclo de Enjuague|Rotom-Wash, L50|100/100\n|switch|p2b: Marie Curie|Whimsicott, L50, M|100/100\n|-weather|RainDance|[from] ability: Drizzle|[of] p1a: Pelipper\n|turn|1\n|inactive|Battle timer is ON: inactive players will automatically lose when time's up. (requested by el choro 37)\n|\n|t:|1776527955\n|move|p1b: Feraligatr|Protect|p1b: Feraligatr\n|-singleturn|p1b: Feraligatr|Protect\n|move|p2b: Marie Curie|Moonblast|p1b: Feraligatr\n|-activate|p1b: Feraligatr|move: Protect\n|move|p1a: Pelipper|Tailwind|p1a: Pelipper\n|-sidestart|p1: ScraggyGoat|move: Tailwind\n|move|p2a: Ciclo de Enjuague|Volt Switch|p1a: Pelipper\n|-supereffective|p1a: Pelipper|2\n|-enditem|p1a: Pelipper|Focus Sash\n|-damage|p1a: Pelipper|1/100\n|\n|t:|1776527970\n|switch|p2a: Traicionaro|Beedrill, L50, F|100/100|[from] Volt Switch\n|\n|-weather|RainDance|[upkeep]\n|upkeep\n|turn|2\n|\n|t:|1776527995\n|detailschange|p1b: Feraligatr|Feraligatr-Mega, L50, F\n|-mega|p1b: Feraligatr|Feraligatr|Feraligite\n|detailschange|p2a: Traicionaro|Beedrill-Mega, L50, F\n|-mega|p2a: Traicionaro|Beedrill|Beedrillite\n|move|p1b: Feraligatr|Aqua Jet|p2a: Traicionaro\n|-damage|p2a: Traicionaro|3/100\n|move|p2b: Marie Curie|Tailwind|p2b: Marie Curie\n|-sidestart|p2: el choro 37|move: Tailwind\n|move|p2a: Traicionaro|U-turn|p1a: Pelipper\n|-resisted|p1a: Pelipper|1\n|-damage|p1a: Pelipper|0 fnt\n|faint|p1a: Pelipper\n|\n|t:|1776528011\n|switch|p2a: Centinela|Aegislash, L50, M|100/100|[from] U-turn\n|\n|-weather|RainDance|[upkeep]\n|upkeep\n|\n|t:|1776528030\n|switch|p1a: Incineroar|Incineroar, L50, F|100/100\n|-ability|p1a: Incineroar|Intimidate|boost\n|-unboost|p2a: Centinela|atk|1\n|-unboost|p2b: Marie Curie|atk|1\n|turn|3\n|inactive|el choro 37 has 30 seconds left.\n|\n|t:|1776528057\n|switch|p1b: Archaludon|Archaludon, L50, M|100/100\n|move|p2a: Centinela|King's Shield|p2a: Centinela\n|-singleturn|p2a: Centinela|Protect\n|move|p1a: Incineroar|Fake Out|p2a: Centinela\n|-activate|p2a: Centinela|move: Protect\n|-unboost|p1a: Incineroar|atk|1\n|move|p2b: Marie Curie|Moonblast|p1b: Archaludon\n|-damage|p1b: Archaludon|64/100\n|-ability|p1b: Archaludon|Stamina|boost\n|-boost|p1b: Archaludon|def|1\n|\n|-weather|RainDance|[upkeep]\n|upkeep\n|turn|4\n|\n|t:|1776528081\n|move|p2b: Marie Curie|Moonblast|p1b: Archaludon\n|-damage|p1b: Archaludon|29/100\n|-ability|p1b: Archaludon|Stamina|boost\n|-boost|p1b: Archaludon|def|1\n|move|p1b: Archaludon|Flash Cannon|p2b: Marie Curie\n|-supereffective|p2b: Marie Curie|1\n|-enditem|p2b: Marie Curie|Focus Sash\n|-damage|p2b: Marie Curie|1/100\n|move|p1a: Incineroar|Parting Shot|p2a: Centinela\n|-unboost|p2a: Centinela|atk|1\n|-unboost|p2a: Centinela|spa|1\n|\n|t:|1776528092\n|switch|p1a: Feraligatr|Feraligatr-Mega, L50, F|100/100|[from] Parting Shot\n|-formechange|p2a: Centinela|Aegislash-Blade|\n|move|p2a: Centinela|Close Combat|p1b: Archaludon\n|-supereffective|p1b: Archaludon|1\n|-damage|p1b: Archaludon|9/100\n|-unboost|p2a: Centinela|def|1\n|-unboost|p2a: Centinela|spd|1\n|-ability|p1b: Archaludon|Stamina|boost\n|-boost|p1b: Archaludon|def|1\n|\n|-weather|RainDance|[upkeep]\n|-sideend|p1: ScraggyGoat|move: Tailwind\n|upkeep\n|turn|5\n|\n|t:|1776528116\n|-formechange|p2a: Centinela|Aegislash|\n|move|p2a: Centinela|King's Shield|p2a: Centinela\n|-singleturn|p2a: Centinela|Protect\n|move|p1b: Archaludon|Protect|p1b: Archaludon\n|-singleturn|p1b: Archaludon|Protect\n|move|p2b: Marie Curie|Stun Spore|p1a: Feraligatr\n|-status|p1a: Feraligatr|par\n|move|p1a: Feraligatr|Swords Dance|p1a: Feraligatr\n|-boost|p1a: Feraligatr|atk|2\n|\n|-weather|none\n|-sideend|p2: el choro 37|move: Tailwind\n|upkeep\n|turn|6\n|inactive|ScraggyGoat has 30 seconds left.\n|inactive|ScraggyGoat has 20 seconds left.\n|inactive|ScraggyGoat has 15 seconds left.\n|inactive|el choro 37 has 30 seconds left.\n|\n|t:|1776528158\n|move|p2b: Marie Curie|Encore|p1a: Feraligatr\n|-start|p1a: Feraligatr|Encore\n|move|p1b: Archaludon|Draco Meteor|p2a: Centinela\n|-resisted|p2a: Centinela|1\n|-damage|p2a: Centinela|66/100\n|-unboost|p1b: Archaludon|spa|2\n|-formechange|p2a: Centinela|Aegislash-Blade|\n|move|p2a: Centinela|Close Combat|p1b: Archaludon\n|-supereffective|p1b: Archaludon|1\n|-damage|p1b: Archaludon|0 fnt\n|-unboost|p2a: Centinela|def|1\n|-unboost|p2a: Centinela|spd|1\n|faint|p1b: Archaludon\n|move|p1a: Feraligatr|Swords Dance|p1a: Feraligatr\n|-boost|p1a: Feraligatr|atk|2\n|\n|-heal|p2a: Centinela|72/100|[from] item: Leftovers\n|upkeep\n|\n|t:|1776528164\n|switch|p1b: Incineroar|Incineroar, L50, F|100/100\n|-ability|p1b: Incineroar|Intimidate|boost\n|-unboost|p2a: Centinela|atk|1\n|-unboost|p2b: Marie Curie|atk|1\n|turn|7\n|\n|t:|1776528186\n|switch|p2b: Ciclo de Enjuague|Rotom-Wash, L50|100/100\n|switch|p2a: Traicionaro|Beedrill-Mega, L50, F|3/100\n|move|p1b: Incineroar|Fake Out|p2b: Ciclo de Enjuague\n|-damage|p2b: Ciclo de Enjuague|86/100\n|cant|p1a: Feraligatr|par\n|\n|upkeep\n|turn|8\n|\n|t:|1776528201\n|move|p2a: Traicionaro|Poison Jab|p1b: Incineroar\n|-crit|p1b: Incineroar\n|-damage|p1b: Incineroar|16/100\n|-status|p1b: Incineroar|psn\n|-enditem|p1b: Incineroar|Sitrus Berry|[eat]\n|-heal|p1b: Incineroar|41/100 psn|[from] item: Sitrus Berry\n|move|p2b: Ciclo de Enjuague|Hydro Pump|p1b: Incineroar\n|-supereffective|p1b: Incineroar|1\n|-damage|p1b: Incineroar|0 fnt\n|faint|p1b: Incineroar\n|move|p1a: Feraligatr|Swords Dance|p1a: Feraligatr\n|-boost|p1a: Feraligatr|atk|2\n|\n|-end|p1a: Feraligatr|Encore\n|upkeep\n|turn|9\n|\n|t:|1776528218\n|move|p2a: Traicionaro|Poison Jab|p1a: Feraligatr\n|-damage|p1a: Feraligatr|53/100 par\n|move|p2b: Ciclo de Enjuague|Volt Switch|p1a: Feraligatr\n|-damage|p1a: Feraligatr|26/100 par\n|\n|t:|1776528231\n|switch|p2b: Marie Curie|Whimsicott, L50, M|1/100|[from] Volt Switch\n|move|p1a: Feraligatr|Body Slam|p2b: Marie Curie\n|-immune|p2b: Marie Curie\n|\n|upkeep\n|turn|10\n|-message|ScraggyGoat forfeited.\n|\n|win|el choro 37\n|raw|ScraggyGoat's rating: 1084 &rarr; <strong>1057</strong><br />(-27 for losing)\n|raw|el choro 37's rating: 1015 &rarr; <strong>1060</strong><br />(+45 for winning)\n|l|\u2606ScraggyGoat\n|player|p1|\n|l|\u2606el choro 37\n|player|p2|\n|j|\u2606el choro 37\n|player|p2|el choro 37|cyrus|\n",
  "uploadtime": 1776528249,
  "views": 20,
  "formatid": "gen9championsvgc2026regma",
  "rating": 1057,
  "private": 0,
  "password": null
}