{
  "id": "gen9championsvgc2026regma-2586602261",
  "format": "[Gen 9 Champions] VGC 2026 Reg M-A",
  "players": [
    "rotembnmr",
    "Rey2007"
  ],
  "log": "|j|\u2606rotembnmr\n|j|\u2606Rey2007\n|t:|1776446068\n|gametype|doubles\n|player|p1|rotembnmr|red|1018\n|player|p2|Rey2007|hoopster|1000\n|gen|9\n|tier|[Gen 9 Champions] VGC 2026 Reg M-A\n|rated|\n|rule|Species Clause: Limit one of each Pok\u00e9mon\n|rule|Item Clause: Limit 1 of each item\n|clearpoke\n|poke|p1|Charizard, L50, F|\n|poke|p1|Venusaur, L50, M|\n|poke|p1|Incineroar, L50, F|\n|poke|p1|Garchomp, L50, F|\n|poke|p1|Milotic, L50, M|\n|poke|p1|Gardevoir, L50, F|\n|poke|p2|Pelipper, L50, F|\n|poke|p2|Basculegion, L50, M|\n|poke|p2|Dragonite, L50, M|\n|poke|p2|Archaludon, L50, M|\n|poke|p2|Aerodactyl, L50, M|\n|poke|p2|Sneasler, L50, F|\n|teampreview|4\n|inactive|Battle timer is ON: inactive players will automatically lose when time's up. (requested by rotembnmr)\n|inactive|Rey2007 also wants the timer to be on.\n|inactive|rotembnmr has 60 seconds left.\n|\n|t:|1776446103\n|teamsize|p1|4\n|teamsize|p2|4\n|start\n|switch|p1a: Venusaur|Venusaur, L50, M|100/100\n|switch|p1b: Incineroar|Incineroar, L50, F|100/100\n|switch|p2a: Aerodactyl|Aerodactyl, L50, M|100/100\n|switch|p2b: Sneasler|Sneasler, L50, F|100/100\n|-ability|p1b: Incineroar|Intimidate|boost\n|-unboost|p2a: Aerodactyl|atk|1\n|-unboost|p2b: Sneasler|atk|1\n|turn|1\n|\n|t:|1776446124\n|move|p2b: Sneasler|Fake Out|p1b: Incineroar\n|-damage|p1b: Incineroar|91/100\n|cant|p1b: Incineroar|flinch\n|move|p2a: Aerodactyl|Tailwind|p2a: Aerodactyl\n|-sidestart|p2: Rey2007|move: Tailwind\n|move|p1a: Venusaur|Sleep Powder|p2b: Sneasler\n|-status|p2b: Sneasler|slp|[from] move: Sleep Powder\n|\n|upkeep\n|turn|2\n|inactive|Rey2007 has 30 seconds left.\n|inactive|rotembnmr has 30 seconds left.\n|inactive|Rey2007 has 20 seconds left.\n|\n|t:|1776446162\n|move|p2a: Aerodactyl|Stealth Rock|p1b: Incineroar\n|-sidestart|p1: rotembnmr|move: Stealth Rock\n|cant|p2b: Sneasler|slp\n|move|p1a: Venusaur|Leaf Storm|p2a: Aerodactyl\n|-damage|p2a: Aerodactyl|35/100\n|-unboost|p1a: Venusaur|spa|2\n|move|p1b: Incineroar|Parting Shot|p2b: Sneasler\n|-unboost|p2b: Sneasler|atk|1\n|-unboost|p2b: Sneasler|spa|1\n|\n|t:|1776446172\n|switch|p1b: Milotic|Milotic, L50, M|100/100|[from] Parting Shot\n|-damage|p1b: Milotic|88/100|[from] Stealth Rock\n|\n|-heal|p1b: Milotic|94/100|[from] item: Leftovers\n|upkeep\n|turn|3\n|\n|t:|1776446197\n|move|p2a: Aerodactyl|Rock Slide|p1a: Venusaur|[spread] p1a,p1b\n|-crit|p1b: Milotic\n|-damage|p1a: Venusaur|84/100\n|-damage|p1b: Milotic|55/100\n|cant|p2b: Sneasler|slp\n|move|p1a: Venusaur|Leaf Storm|p2a: Aerodactyl\n|-damage|p2a: Aerodactyl|0 fnt\n|-unboost|p1a: Venusaur|spa|2\n|faint|p2a: Aerodactyl\n|move|p1b: Milotic|Scald|p2b: Sneasler\n|-crit|p2b: Sneasler\n|-damage|p2b: Sneasler|42/100 slp\n|\n|-heal|p1b: Milotic|60/100|[from] item: Leftovers\n|upkeep\n|\n|t:|1776446204\n|switch|p2a: Pelipper|Pelipper, L50, F|100/100\n|-weather|RainDance|[from] ability: Drizzle|[of] p2a: Pelipper\n|turn|4\n|\n|t:|1776446226\n|-curestatus|p2b: Sneasler|slp|[msg]\n|move|p2b: Sneasler|Close Combat|p1b: Milotic\n|-damage|p1b: Milotic|25/100\n|-unboost|p2b: Sneasler|def|1\n|-unboost|p2b: Sneasler|spd|1\n|move|p2a: Pelipper|Hurricane|p1a: Venusaur\n|-supereffective|p1a: Venusaur|1\n|-damage|p1a: Venusaur|7/100\n|-start|p1a: Venusaur|confusion\n|-activate|p1a: Venusaur|confusion\n|move|p1a: Venusaur|Sleep Powder|p2b: Sneasler\n|-status|p2b: Sneasler|slp|[from] move: Sleep Powder\n|move|p1b: Milotic|Ice Beam|p2a: Pelipper\n|-damage|p2a: Pelipper|71/100\n|\n|-weather|RainDance|[upkeep]\n|-heal|p1b: Milotic|30/100|[from] item: Leftovers\n|-sideend|p2: Rey2007|move: Tailwind\n|upkeep\n|turn|5\n|\n|t:|1776446249\n|-end|p1a: Venusaur|confusion\n|move|p1a: Venusaur|Protect|p1a: Venusaur\n|-singleturn|p1a: Venusaur|Protect\n|cant|p2b: Sneasler|slp\n|move|p1b: Milotic|Scald|p2b: Sneasler\n|-damage|p2b: Sneasler|0 fnt\n|faint|p2b: Sneasler\n|move|p2a: Pelipper|Hurricane|p1a: Venusaur\n|-activate|p1a: Venusaur|move: Protect\n|\n|-weather|RainDance|[upkeep]\n|-heal|p1b: Milotic|36/100|[from] item: Leftovers\n|upkeep\n|\n|t:|1776446252\n|switch|p2b: Basculegion|Basculegion, L50, M|100/100\n|turn|6\n|\n|t:|1776446270\n|move|p1b: Milotic|Protect|p1b: Milotic\n|-singleturn|p1b: Milotic|Protect\n|move|p2b: Basculegion|Wave Crash|p1b: Milotic\n|-activate|p1b: Milotic|move: Protect\n|move|p1a: Venusaur|Sleep Powder|p2b: Basculegion\n|-status|p2b: Basculegion|slp|[from] move: Sleep Powder\n|move|p2a: Pelipper|Hurricane|p1a: Venusaur\n|-supereffective|p1a: Venusaur|1\n|-damage|p1a: Venusaur|0 fnt\n|faint|p1a: Venusaur\n|\n|-weather|RainDance|[upkeep]\n|-heal|p1b: Milotic|42/100|[from] item: Leftovers\n|upkeep\n|\n|t:|1776446280\n|switch|p1a: Incineroar|Incineroar, L50, F|91/100\n|-damage|p1a: Incineroar|66/100|[from] Stealth Rock\n|-ability|p1a: Incineroar|Intimidate|boost\n|-unboost|p2a: Pelipper|atk|1\n|-unboost|p2b: Basculegion|atk|1\n|turn|7\n|\n|t:|1776446291\n|move|p1a: Incineroar|Fake Out|p2a: Pelipper\n|-damage|p2a: Pelipper|62/100\n|cant|p2b: Basculegion|slp\n|move|p1b: Milotic|Ice Beam|p2a: Pelipper\n|-damage|p2a: Pelipper|30/100\n|cant|p2a: Pelipper|flinch\n|\n|-weather|RainDance|[upkeep]\n|-heal|p1b: Milotic|48/100|[from] item: Leftovers\n|upkeep\n|turn|8\n|\n|t:|1776446305\n|-curestatus|p2b: Basculegion|slp|[msg]\n|move|p2b: Basculegion|Wave Crash|p1a: Incineroar\n|-supereffective|p1a: Incineroar|1\n|-damage|p1a: Incineroar|0 fnt\n|faint|p1a: Incineroar\n|-damage|p2b: Basculegion|82/100|[from] Recoil\n|move|p1b: Milotic|Ice Beam|p2a: Pelipper\n|-damage|p2a: Pelipper|2/100\n|move|p2a: Pelipper|Hurricane|p1b: Milotic\n|-damage|p1b: Milotic|22/100\n|-start|p1b: Milotic|confusion\n|\n|-weather|none\n|-heal|p1b: Milotic|28/100|[from] item: Leftovers\n|upkeep\n|\n|t:|1776446315\n|switch|p1a: Charizard|Charizard, L50, F|100/100\n|-damage|p1a: Charizard|51/100|[from] Stealth Rock\n|turn|9\n|\n|t:|1776446329\n|detailschange|p1a: Charizard|Charizard-Mega-Y, L50, F\n|-mega|p1a: Charizard|Charizard|Charizardite Y\n|-weather|SunnyDay|[from] ability: Drought|[of] p1a: Charizard\n|move|p2b: Basculegion|Wave Crash|p1a: Charizard\n|-supereffective|p1a: Charizard|1\n|-damage|p1a: Charizard|0 fnt\n|faint|p1a: Charizard\n|-damage|p2b: Basculegion|68/100|[from] Recoil\n|-activate|p1b: Milotic|confusion\n|move|p1b: Milotic|Scald|p2a: Pelipper\n|-resisted|p2a: Pelipper|1\n|-damage|p2a: Pelipper|0 fnt\n|faint|p2a: Pelipper\n|\n|-weather|SunnyDay|[upkeep]\n|-heal|p1b: Milotic|33/100|[from] item: Leftovers\n|upkeep\n|turn|10\n|\n|t:|1776446344\n|-activate|p1b: Milotic|confusion\n|move|p1b: Milotic|Protect|p1b: Milotic\n|-singleturn|p1b: Milotic|Protect\n|move|p2b: Basculegion|Wave Crash|p1b: Milotic\n|-activate|p1b: Milotic|move: Protect\n|\n|-weather|SunnyDay|[upkeep]\n|-heal|p1b: Milotic|39/100|[from] item: Leftovers\n|upkeep\n|turn|11\n|\n|t:|1776446349\n|move|p2b: Basculegion|Wave Crash|p1b: Milotic\n|-resisted|p1b: Milotic|1\n|-damage|p1b: Milotic|26/100\n|-damage|p2b: Basculegion|64/100|[from] Recoil\n|-activate|p1b: Milotic|confusion\n|-damage|p1b: Milotic|20/100|[from] confusion\n|\n|-weather|SunnyDay|[upkeep]\n|-heal|p1b: Milotic|26/100|[from] item: Leftovers\n|upkeep\n|turn|12\n|\n|t:|1776446355\n|move|p2b: Basculegion|Wave Crash|p1b: Milotic\n|-resisted|p1b: Milotic|1\n|-damage|p1b: Milotic|13/100\n|-damage|p2b: Basculegion|60/100|[from] Recoil\n|-activate|p1b: Milotic|confusion\n|move|p1b: Milotic|Icy Wind|p2b: Basculegion\n|-resisted|p2b: Basculegion|1\n|-damage|p2b: Basculegion|52/100\n|-unboost|p2b: Basculegion|spe|1\n|\n|-weather|SunnyDay|[upkeep]\n|-heal|p1b: Milotic|19/100|[from] item: Leftovers\n|upkeep\n|turn|13\n|\n|t:|1776446363\n|move|p2b: Basculegion|Wave Crash|p1b: Milotic\n|-resisted|p1b: Milotic|1\n|-damage|p1b: Milotic|6/100\n|-damage|p2b: Basculegion|49/100|[from] Recoil\n|-end|p1b: Milotic|confusion\n|move|p1b: Milotic|Ice Beam|p2b: Basculegion\n|-resisted|p2b: Basculegion|1\n|-damage|p2b: Basculegion|37/100\n|\n|-weather|none\n|-heal|p1b: Milotic|12/100|[from] item: Leftovers\n|upkeep\n|turn|14\n|\n|t:|1776446373\n|move|p1b: Milotic|Protect|p1b: Milotic\n|-singleturn|p1b: Milotic|Protect\n|move|p2b: Basculegion|Wave Crash|p1b: Milotic\n|-activate|p1b: Milotic|move: Protect\n|\n|-heal|p1b: Milotic|18/100|[from] item: Leftovers\n|upkeep\n|turn|15\n|\n|t:|1776446381\n|move|p2b: Basculegion|Wave Crash|p1b: Milotic\n|-resisted|p1b: Milotic|1\n|-damage|p1b: Milotic|0 fnt\n|faint|p1b: Milotic\n|-damage|p2b: Basculegion|32/100|[from] Recoil\n|\n|win|Rey2007\n|raw|rotembnmr's rating: 1018 &rarr; <strong>1005</strong><br />(-13 for losing)\n|raw|Rey2007's rating: 1000 &rarr; <strong>1042</strong><br />(+42 for winning)\n|l|\u2606rotembnmr\n|player|p1|\n",
  "uploadtime": 1776446391,
  "views": 23,
  "formatid": "gen9championsvgc2026regma",
  "rating": 1005,
  "private": 0,
  "password": null
}