{
  "id": "gen9championsvgc2026regma-2585879667",
  "format": "[Gen 9 Champions] VGC 2026 Reg M-A",
  "players": [
    "MakeItRain30%",
    "Alesavecs"
  ],
  "log": "|j|\u203dMakeItRain30%\n|j|\u2606Alesavecs\n|t:|1776377882\n|gametype|doubles\n|player|p1|MakeItRain30%|lucas|1247\n|player|p2|Alesavecs|101|1249\n|gen|9\n|tier|[Gen 9 Champions] VGC 2026 Reg M-A\n|rated|\n|rule|Species Clause: Limit one of each Pok\u00e9mon\n|rule|Item Clause: Limit 1 of each item\n|clearpoke\n|poke|p1|Glimmora, L50, M|\n|poke|p1|Froslass, L50, F|\n|poke|p1|Basculegion, L50, M|\n|poke|p1|Garchomp, L50, M|\n|poke|p1|Sneasler, L50, M|\n|poke|p1|Talonflame, L50, M|\n|poke|p2|Corviknight, L50, M|\n|poke|p2|Aerodactyl, L50, M|\n|poke|p2|Garchomp, L50, M|\n|poke|p2|Incineroar, L50, M|\n|poke|p2|Maushold-Four, L50|\n|poke|p2|Raichu, L50, M|\n|teampreview|4\n|inactive|Battle timer is ON: inactive players will automatically lose when time's up. (requested by MakeItRain30%)\n|\n|t:|1776377906\n|teamsize|p1|4\n|teamsize|p2|4\n|start\n|switch|p1a: Sneasler|Sneasler, L50, M|100/100\n|switch|p1b: Basculegion|Basculegion, L50, M|100/100\n|switch|p2a: Corviknight|Corviknight, L50, M|100/100\n|switch|p2b: Aerodactyl|Aerodactyl, L50, M|100/100\n|turn|1\n|\n|t:|1776377920\n|move|p2b: Aerodactyl|Protect|p2b: Aerodactyl\n|-singleturn|p2b: Aerodactyl|Protect\n|move|p2a: Corviknight|Protect|p2a: Corviknight\n|-singleturn|p2a: Corviknight|Protect\n|move|p1a: Sneasler|Fake Out|p2a: Corviknight\n|-activate|p2a: Corviknight|move: Protect\n|move|p1b: Basculegion|Flip Turn|p2b: Aerodactyl\n|-activate|p2b: Aerodactyl|move: Protect\n|\n|upkeep\n|turn|2\n|\n|t:|1776377938\n|switch|p1a: Glimmora|Glimmora, L50, M|100/100\n|move|p1b: Basculegion|Flip Turn|p2b: Aerodactyl\n|-supereffective|p2b: Aerodactyl|1\n|-enditem|p2b: Aerodactyl|Focus Sash\n|-damage|p2b: Aerodactyl|1/100\n|\n|t:|1776377945\n|switch|p1b: Sneasler|Sneasler, L50, M|100/100|[from] Flip Turn\n|move|p2b: Aerodactyl|Dual Wingbeat|p1a: Glimmora\n|-resisted|p1a: Glimmora|1\n|-damage|p1a: Glimmora|90/100\n|-activate|p1a: Glimmora|ability: Toxic Debris\n|-sidestart|p2: Alesavecs|move: Toxic Spikes\n|-resisted|p1a: Glimmora|1\n|-damage|p1a: Glimmora|80/100\n|-activate|p1a: Glimmora|ability: Toxic Debris\n|-sidestart|p2: Alesavecs|move: Toxic Spikes\n|-hitcount|p1a: Glimmora|2\n|move|p2a: Corviknight|Bulk Up|p2a: Corviknight\n|-boost|p2a: Corviknight|atk|1\n|-boost|p2a: Corviknight|def|1\n|\n|upkeep\n|turn|3\n|\n|t:|1776377967\n|detailschange|p1a: Glimmora|Glimmora-Mega, L50, M\n|-mega|p1a: Glimmora|Glimmora|Glimmoranite\n|move|p2b: Aerodactyl|Protect|p2b: Aerodactyl\n|-singleturn|p2b: Aerodactyl|Protect\n|move|p1b: Sneasler|Fake Out|p2b: Aerodactyl\n|-activate|p2b: Aerodactyl|move: Protect\n|move|p1a: Glimmora|Power Gem|p2a: Corviknight\n|-damage|p2a: Corviknight|55/100\n|move|p2a: Corviknight|Bulk Up|p2a: Corviknight\n|-boost|p2a: Corviknight|atk|1\n|-boost|p2a: Corviknight|def|1\n|\n|-heal|p2a: Corviknight|61/100|[from] item: Leftovers\n|upkeep\n|turn|4\n|inactive|MakeItRain30% has 30 seconds left.\n|inactive|Alesavecs has 30 seconds left.\n|\n|t:|1776377996\n|move|p1b: Sneasler|Protect|p1b: Sneasler\n|-singleturn|p1b: Sneasler|Protect\n|move|p2b: Aerodactyl|Rock Slide|p1a: Glimmora|[spread] \n|-activate|p1b: Sneasler|move: Protect\n|-miss|p2b: Aerodactyl|p1a: Glimmora\n|move|p1a: Glimmora|Power Gem|p2b: Aerodactyl\n|-supereffective|p2b: Aerodactyl|1\n|-damage|p2b: Aerodactyl|0 fnt\n|faint|p2b: Aerodactyl\n|move|p2a: Corviknight|Roost|p2a: Corviknight\n|-heal|p2a: Corviknight|100/100\n|-singleturn|p2a: Corviknight|move: Roost\n|\n|upkeep\n|\n|t:|1776378015\n|switch|p2b: Maushold|Maushold-Four, L50|100/100\n|-status|p2b: Maushold|tox\n|turn|5\n|\n|t:|1776378034\n|move|p1b: Sneasler|Close Combat|p2a: Corviknight\n|-damage|p2a: Corviknight|81/100\n|-unboost|p1b: Sneasler|def|1\n|-unboost|p1b: Sneasler|spd|1\n|-enditem|p1b: Sneasler|White Herb\n|-clearnegativeboost|p1b: Sneasler|[silent]\n|move|p1a: Glimmora|Sludge Bomb|p2b: Maushold\n|-damage|p2b: Maushold|31/100 tox\n|move|p2b: Maushold|Population Bomb|p1a: Glimmora\n|-resisted|p1a: Glimmora|1\n|-damage|p1a: Glimmora|78/100\n|-resisted|p1a: Glimmora|1\n|-damage|p1a: Glimmora|75/100\n|-resisted|p1a: Glimmora|1\n|-damage|p1a: Glimmora|73/100\n|-hitcount|p1a: Glimmora|3\n|move|p2a: Corviknight|Brave Bird|p1b: Sneasler\n|-supereffective|p1b: Sneasler|1\n|-damage|p1b: Sneasler|0 fnt\n|faint|p1b: Sneasler\n|-damage|p2a: Corviknight|56/100|[from] Recoil\n|\n|-heal|p2a: Corviknight|62/100|[from] item: Leftovers\n|-damage|p2b: Maushold|26/100 tox|[from] psn\n|upkeep\n|\n|t:|1776378043\n|switch|p1b: Talonflame|Talonflame, L50, M|100/100\n|turn|6\n|\n|t:|1776378064\n|move|p1a: Glimmora|Spiky Shield|p1a: Glimmora\n|-singleturn|p1a: Glimmora|move: Protect\n|move|p2b: Maushold|Follow Me|p2b: Maushold\n|-singleturn|p2b: Maushold|move: Follow Me\n|move|p1b: Talonflame|Dual Wingbeat|p2b: Maushold\n|-damage|p2b: Maushold|3/100 tox\n|-damage|p2b: Maushold|0 fnt\n|faint|p2b: Maushold\n|-hitcount|p2: Maushold|2\n|move|p2a: Corviknight|Bulk Up|p2a: Corviknight\n|-boost|p2a: Corviknight|atk|1\n|-boost|p2a: Corviknight|def|1\n|\n|-heal|p2a: Corviknight|68/100|[from] item: Leftovers\n|upkeep\n|\n|t:|1776378084\n|switch|p2b: Incineroar|Incineroar, L50, M|100/100\n|-status|p2b: Incineroar|tox\n|-ability|p2b: Incineroar|Intimidate|boost\n|-unboost|p1a: Glimmora|atk|1\n|-unboost|p1b: Talonflame|atk|1\n|turn|7\n|\n|t:|1776378098\n|move|p1b: Talonflame|Protect|p1b: Talonflame\n|-singleturn|p1b: Talonflame|Protect\n|move|p1a: Glimmora|Spiky Shield||[still]\n|-fail|p1a: Glimmora\n|move|p2b: Incineroar|Fake Out|p1a: Glimmora\n|-resisted|p1a: Glimmora|1\n|-damage|p1a: Glimmora|68/100\n|move|p2a: Corviknight|Brave Bird|p1b: Talonflame\n|-activate|p1b: Talonflame|move: Protect\n|\n|-heal|p2a: Corviknight|74/100|[from] item: Leftovers\n|-damage|p2b: Incineroar|94/100 tox|[from] psn\n|upkeep\n|turn|8\n|inactive|Alesavecs has 30 seconds left.\n|\n|t:|1776378124\n|move|p1b: Talonflame|Will-O-Wisp|p2a: Corviknight\n|-status|p2a: Corviknight|brn\n|move|p1a: Glimmora|Power Gem|p2b: Incineroar\n|-supereffective|p2b: Incineroar|1\n|-damage|p2b: Incineroar|6/100 tox\n|-enditem|p2b: Incineroar|Sitrus Berry|[eat]\n|-heal|p2b: Incineroar|31/100 tox|[from] item: Sitrus Berry\n|move|p2a: Corviknight|Brave Bird|p1b: Talonflame\n|-damage|p1b: Talonflame|36/100\n|-damage|p2a: Corviknight|57/100 brn|[from] Recoil\n|move|p2b: Incineroar|Darkest Lariat|p1a: Glimmora\n|-damage|p1a: Glimmora|31/100\n|\n|-heal|p2a: Corviknight|63/100 brn|[from] item: Leftovers\n|-damage|p2b: Incineroar|18/100 tox|[from] psn\n|-damage|p2a: Corviknight|57/100 brn|[from] brn\n|upkeep\n|turn|9\n|\n|t:|1776378146\n|move|p1b: Talonflame|Protect|p1b: Talonflame\n|-singleturn|p1b: Talonflame|Protect\n|move|p1a: Glimmora|Spiky Shield|p1a: Glimmora\n|-singleturn|p1a: Glimmora|move: Protect\n|move|p2a: Corviknight|Bulk Up|p2a: Corviknight\n|-boost|p2a: Corviknight|atk|1\n|-boost|p2a: Corviknight|def|1\n|move|p2b: Incineroar|Darkest Lariat|p1a: Glimmora\n|-activate|p1a: Glimmora|move: Protect\n|-damage|p2b: Incineroar|6/100 tox|[from] Spiky Shield|[of] p1a: Glimmora\n|\n|-heal|p2a: Corviknight|63/100 brn|[from] item: Leftovers\n|-damage|p2b: Incineroar|0 fnt|[from] psn\n|faint|p2b: Incineroar\n|-damage|p2a: Corviknight|57/100 brn|[from] brn\n|upkeep\n|turn|10\n|\n|t:|1776378165\n|move|p1b: Talonflame|Dual Wingbeat|p2a: Corviknight\n|-resisted|p2a: Corviknight|1\n|-damage|p2a: Corviknight|55/100 brn\n|-resisted|p2a: Corviknight|1\n|-damage|p2a: Corviknight|54/100 brn\n|-hitcount|p2a: Corviknight|2\n|move|p1a: Glimmora|Power Gem|p2a: Corviknight\n|-damage|p2a: Corviknight|9/100 brn\n|move|p2a: Corviknight|Roost|p2a: Corviknight\n|-heal|p2a: Corviknight|59/100 brn\n|-singleturn|p2a: Corviknight|move: Roost\n|\n|-heal|p2a: Corviknight|65/100 brn|[from] item: Leftovers\n|-damage|p2a: Corviknight|59/100 brn|[from] brn\n|upkeep\n|turn|11\n|\n|t:|1776378186\n|switch|p1b: Basculegion|Basculegion, L50, M|100/100\n|move|p1a: Glimmora|Power Gem|p2a: Corviknight\n|-damage|p2a: Corviknight|9/100 brn\n|move|p2a: Corviknight|Roost|p2a: Corviknight\n|-heal|p2a: Corviknight|59/100 brn\n|-singleturn|p2a: Corviknight|move: Roost\n|\n|-heal|p2a: Corviknight|65/100 brn|[from] item: Leftovers\n|-damage|p2a: Corviknight|59/100 brn|[from] brn\n|upkeep\n|turn|12\n|\n|t:|1776378200\n|move|p1b: Basculegion|Last Respects|p2a: Corviknight\n|-damage|p2a: Corviknight|41/100 brn\n|move|p1a: Glimmora|Power Gem|p2a: Corviknight\n|-damage|p2a: Corviknight|0 fnt\n|faint|p2a: Corviknight\n|\n|win|MakeItRain30%\n|raw|MakeItRain30%'s rating: 1247 &rarr; <strong>1272</strong><br />(+25 for winning)\n|raw|Alesavecs's rating: 1249 &rarr; <strong>1224</strong><br />(-25 for losing)\n|l|\u2606Alesavecs\n|player|p2|\n",
  "uploadtime": 1776378207,
  "views": 38,
  "formatid": "gen9championsvgc2026regma",
  "rating": 1224,
  "private": 0,
  "password": null
}