{
  "id": "gen9championsvgc2026regma-2584714027",
  "format": "[Gen 9 Champions] VGC 2026 Reg M-A",
  "players": [
    "Hedgehogwarrior",
    "mommy ruby"
  ],
  "log": "|j|\u2606Hedgehogwarrior\n|j|\u2606mommy ruby\n|t:|1776278553\n|gametype|doubles\n|player|p1|Hedgehogwarrior|170|1123\n|player|p2|mommy ruby|shadowtriad|1034\n|gen|9\n|tier|[Gen 9 Champions] VGC 2026 Reg M-A\n|rated|\n|rule|Species Clause: Limit one of each Pok\u00e9mon\n|rule|Item Clause: Limit 1 of each item\n|clearpoke\n|poke|p1|Crabominable, L50, F|\n|poke|p1|Aurorus, L50, M|\n|poke|p1|Slowking-Galar, L50, F|\n|poke|p1|Sinistcha, L50|\n|poke|p1|Incineroar, L50, M|\n|poke|p1|Aerodactyl, L50, M|\n|poke|p2|Aggron, L50, M|\n|poke|p2|Sinistcha-Masterpiece, L50|\n|poke|p2|Jolteon, L50, F|\n|poke|p2|Hatterene, L50, F|\n|poke|p2|Tsareena, L50, F|\n|poke|p2|Milotic, L50, F|\n|teampreview|4\n|inactive|Battle timer is ON: inactive players will automatically lose when time's up. (requested by mommy ruby)\n|\n|t:|1776278577\n|teamsize|p1|4\n|teamsize|p2|4\n|start\n|switch|p1a: Aerodactyl|Aerodactyl, L50, M|100/100\n|switch|p1b: Slowking|Slowking-Galar, L50, F|100/100\n|switch|p2a: Aggron|Aggron, L50, M|100/100\n|switch|p2b: Hatterene|Hatterene, L50, F|100/100\n|-ability|p1a: Aerodactyl|Unnerve\n|turn|1\n|\n|t:|1776278593\n|detailschange|p2a: Aggron|Aggron-Mega, L50, M\n|-mega|p2a: Aggron|Aggron|Aggronite\n|move|p1a: Aerodactyl|Taunt|p2a: Aggron\n|-start|p2a: Aggron|move: Taunt\n|cant|p2a: Aggron|move: Taunt|Iron Defense\n|move|p1b: Slowking|Sludge Bomb|p2b: Hatterene\n|-supereffective|p2b: Hatterene|1\n|-damage|p2b: Hatterene|20/100\n|move|p2b: Hatterene|Nuzzle|p1a: Aerodactyl\n|-supereffective|p1a: Aerodactyl|1\n|-damage|p1a: Aerodactyl|85/100\n|-status|p1a: Aerodactyl|par\n|\n|upkeep\n|turn|2\n|\n|t:|1776278611\n|cant|p1a: Aerodactyl|par\n|move|p2a: Aggron|Heavy Slam|p1a: Aerodactyl\n|-supereffective|p1a: Aerodactyl|1\n|-damage|p1a: Aerodactyl|0 fnt\n|faint|p1a: Aerodactyl\n|move|p1b: Slowking|Flamethrower|p2a: Aggron\n|-supereffective|p2a: Aggron|1\n|-damage|p2a: Aggron|62/100\n|move|p2b: Hatterene|Psychic Noise|p1b: Slowking\n|-damage|p1b: Slowking|74/100\n|-start|p1b: Slowking|move: Heal Block\n|\n|upkeep\n|\n|t:|1776278629\n|switch|p1a: Sinistcha|Sinistcha, L50|100/100\n|turn|3\n|\n|t:|1776278641\n|move|p1a: Sinistcha|Matcha Gotcha|p2a: Aggron|[spread] p2a,p2b\n|-resisted|p2a: Aggron|1\n|-crit|p2b: Hatterene\n|-damage|p2a: Aggron|51/100\n|-damage|p2b: Hatterene|0 fnt\n|faint|p2b: Hatterene\n|move|p2a: Aggron|Heavy Slam|p1a: Sinistcha\n|-damage|p1a: Sinistcha|46/100\n|move|p1b: Slowking|Sludge Bomb|p2a: Aggron\n|-immune|p2a: Aggron\n|\n|-heal|p1a: Sinistcha|52/100|[from] item: Leftovers\n|-end|p2a: Aggron|move: Taunt\n|-end|p1b: Slowking|move: Heal Block\n|upkeep\n|\n|t:|1776278645\n|switch|p2b: Milotic|Milotic, L50, F|100/100\n|turn|4\n|\n|t:|1776278664\n|move|p2b: Milotic|Icy Wind|p1b: Slowking|[spread] p1a,p1b\n|-supereffective|p1a: Sinistcha|1\n|-damage|p1a: Sinistcha|35/100\n|-damage|p1b: Slowking|66/100\n|-unboost|p1a: Sinistcha|spe|1\n|-unboost|p1b: Slowking|spe|1\n|move|p2a: Aggron|Heavy Slam|p1a: Sinistcha\n|-damage|p1a: Sinistcha|0 fnt\n|faint|p1a: Sinistcha\n|move|p1b: Slowking|Flamethrower|p2a: Aggron\n|-supereffective|p2a: Aggron|1\n|-damage|p2a: Aggron|15/100\n|\n|upkeep\n|\n|t:|1776278676\n|switch|p1a: Crabominable|Crabominable, L50, F|100/100\n|turn|5\n|\n|t:|1776278683\n|detailschange|p1a: Crabominable|Crabominable-Mega, L50, F\n|-mega|p1a: Crabominable|Crabominable|Crabominite\n|move|p1a: Crabominable|Protect|p1a: Crabominable\n|-singleturn|p1a: Crabominable|Protect\n|move|p2b: Milotic|Life Dew||[still]|[spread] p2a,p2b\n|-heal|p2a: Aggron|40/100\n|-fail|p2b: Milotic|heal\n|move|p2a: Aggron|Heavy Slam|p1a: Crabominable\n|-activate|p1a: Crabominable|move: Protect\n|move|p1b: Slowking|Trick Room|p1b: Slowking\n|-fieldstart|move: Trick Room|[of] p1b: Slowking\n|\n|upkeep\n|turn|6\n|\n|t:|1776278699\n|move|p1b: Slowking|Flamethrower|p2a: Aggron\n|-supereffective|p2a: Aggron|1\n|-damage|p2a: Aggron|0 fnt\n|faint|p2a: Aggron\n|move|p1a: Crabominable|Drain Punch|p2b: Milotic\n|-damage|p2b: Milotic|60/100\n|move|p2b: Milotic|Life Dew|p2b: Milotic\n|-heal|p2b: Milotic|85/100\n|\n|upkeep\n|\n|t:|1776278702\n|switch|p2a: Tsareena|Tsareena, L50, F|100/100\n|turn|7\n|\n|t:|1776278714\n|move|p1b: Slowking|Sludge Bomb|p2a: Tsareena\n|-supereffective|p2a: Tsareena|1\n|-damage|p2a: Tsareena|29/100\n|-status|p2a: Tsareena|psn\n|move|p1a: Crabominable|Ice Punch|p2a: Tsareena\n|-supereffective|p2a: Tsareena|1\n|-damage|p2a: Tsareena|0 fnt\n|faint|p2a: Tsareena\n|move|p2b: Milotic|Icy Wind|p1b: Slowking|[spread] p1a,p1b\n|-resisted|p1a: Crabominable|1\n|-damage|p1a: Crabominable|97/100\n|-damage|p1b: Slowking|57/100\n|-unboost|p1a: Crabominable|spe|1\n|-unboost|p1b: Slowking|spe|1\n|\n|upkeep\n|turn|8\n|\n|t:|1776278730\n|move|p1b: Slowking|Sludge Bomb|p2b: Milotic\n|-damage|p2b: Milotic|58/100\n|-status|p2b: Milotic|psn\n|move|p1a: Crabominable|Drain Punch|p2b: Milotic\n|-damage|p2b: Milotic|15/100 psn\n|-heal|p1a: Crabominable|100/100|[from] drain|[of] p2b: Milotic\n|move|p2b: Milotic|Scald|p1a: Crabominable\n|-damage|p1a: Crabominable|73/100\n|\n|-damage|p2b: Milotic|3/100 psn|[from] psn\n|upkeep\n|turn|9\n|\n|t:|1776278746\n|move|p1b: Slowking|Sludge Bomb|p2b: Milotic\n|-damage|p2b: Milotic|0 fnt\n|faint|p2b: Milotic\n|\n|win|Hedgehogwarrior\n|raw|Hedgehogwarrior's rating: 1123 &rarr; <strong>1142</strong><br />(+19 for winning)\n|raw|mommy ruby's rating: 1034 &rarr; <strong>1023</strong><br />(-11 for losing)\n|l|\u2606mommy ruby\n|player|p2|\n",
  "uploadtime": 1776278752,
  "views": 21,
  "formatid": "gen9championsvgc2026regma",
  "rating": 1023,
  "private": 0,
  "password": null
}