{
  "id": "gen9championsvgc2026regma-2588413282",
  "format": "[Gen 9 Champions] VGC 2026 Reg M-A",
  "players": [
    "ACExDiscostu93",
    "okknd"
  ],
  "log": "|j|\u2606ACExDiscostu93\n|j|\u2606okknd\n|html|<table width=\"100%\"><tr><td align=\"left\">ACExDiscostu93</td><td align=\"right\">okknd</tr><tr><td align=\"left\"><i class=\"fa fa-circle\"></i> <i class=\"fa fa-circle-o\"></i> </td><td align=\"right\"><i class=\"fa fa-circle-o\"></i> <i class=\"fa fa-circle-o\"></i> </tr></table>\n|uhtml|bestof|<h2><strong>Game 2</strong> of <a href=\"/game-bestof3-gen9championsvgc2026regma-2588410939\">a best-of-3</a></h2>\n|t:|1776631422\n|gametype|doubles\n|player|p1|ACExDiscostu93|1|\n|player|p2|okknd|170|\n|gen|9\n|tier|[Gen 9 Champions] VGC 2026 Reg M-A\n|rule|Species Clause: Limit one of each Pok\u00e9mon\n|rule|Item Clause: Limit 1 of each item\n|raw|<div class=\"infobox\"><details class=\"readmore\" open><summary><strong>1 custom rule:</strong></summary> Best of = 3</details></div>\n|clearpoke\n|poke|p1|Talonflame, L50, F|\n|poke|p1|Floette-Eternal, L50, F|\n|poke|p1|Scizor, L50, F|\n|poke|p1|Maushold, L50|\n|poke|p1|Hydrapple, L50, M|\n|poke|p1|Slowbro, L50, M|\n|poke|p2|Starmie, L50|\n|poke|p2|Excadrill, L50, F|\n|poke|p2|Aerodactyl, L50, F|\n|poke|p2|Sneasler, L50, M|\n|poke|p2|Rotom-Mow, L50|\n|poke|p2|Mimikyu, L50, M|\n|teampreview|4\nokknd rejected open team sheets.\n|\n|t:|1776631454\n|teamsize|p1|4\n|teamsize|p2|4\n|start\n|switch|p1a: Maushold|Maushold, L50|100/100\n|switch|p1b: Scizor|Scizor, L50, F|100/100\n|switch|p2a: Aerodactyl|Aerodactyl, L50, F|100/100\n|switch|p2b: Rotom|Rotom-Mow, L50|100/100\n|-ability|p2a: Aerodactyl|Unnerve\n|turn|1\n|\n|t:|1776631478\n|detailschange|p1b: Scizor|Scizor-Mega, L50, F\n|-mega|p1b: Scizor|Scizor|Scizorite\n|move|p1a: Maushold|Follow Me|p1a: Maushold\n|-singleturn|p1a: Maushold|move: Follow Me\n|move|p2b: Rotom|Trick|p1a: Maushold\n|-activate|p2b: Rotom|move: Trick|[of] p1a: Maushold\n|-item|p1a: Maushold|Choice Scarf|[from] move: Trick\n|-item|p2b: Rotom|Mental Herb|[from] move: Trick\n|move|p2a: Aerodactyl|Tailwind|p2a: Aerodactyl\n|-sidestart|p2: okknd|move: Tailwind\n|move|p1b: Scizor|Close Combat|p2b: Rotom\n|-damage|p2b: Rotom|27/100\n|-unboost|p1b: Scizor|def|1\n|-unboost|p1b: Scizor|spd|1\n|\n|upkeep\n|turn|2\n|\n|t:|1776631498\n|move|p1a: Maushold|Follow Me|p1a: Maushold\n|-singleturn|p1a: Maushold|move: Follow Me\n|move|p1b: Scizor|Bullet Punch|p2a: Aerodactyl\n|-supereffective|p2a: Aerodactyl|1\n|-enditem|p2a: Aerodactyl|Focus Sash\n|-damage|p2a: Aerodactyl|1/100\n|move|p2a: Aerodactyl|Rock Slide|p1b: Scizor|[spread] p1a,p1b\n|-damage|p1a: Maushold|71/100\n|-damage|p1b: Scizor|78/100\n|move|p2b: Rotom|Volt Switch|p1a: Maushold\n|-damage|p1a: Maushold|33/100\n|\n|t:|1776631512\n|switch|p2b: Excadrill|Excadrill, L50, F|100/100|[from] Volt Switch\n|-ability|p2b: Excadrill|Mold Breaker\n|\n|upkeep\n|turn|3\n|\n|t:|1776631552\n|detailschange|p2b: Excadrill|Excadrill-Mega, L50, F\n|-mega|p2b: Excadrill|Excadrill|Excadrite\n|move|p1a: Maushold|Follow Me|p1a: Maushold\n|-singleturn|p1a: Maushold|move: Follow Me\n|move|p1b: Scizor|Bullet Punch|p2a: Aerodactyl\n|-supereffective|p2a: Aerodactyl|1\n|-crit|p2a: Aerodactyl\n|-damage|p2a: Aerodactyl|0 fnt\n|faint|p2a: Aerodactyl\n|move|p2b: Excadrill|Earthquake|p1a: Maushold|[spread] p1a,p1b\n|-damage|p1a: Maushold|0 fnt\n|-damage|p1b: Scizor|35/100\n|faint|p1a: Maushold\n|\n|upkeep\n|\n|t:|1776631567\n|switch|p2a: Sneasler|Sneasler, L50, M|100/100\n|switch|p1a: Slowbro|Slowbro, L50, M|100/100\n|turn|4\n|\n|t:|1776631583\n|move|p1b: Scizor|Protect|p1b: Scizor\n|-singleturn|p1b: Scizor|Protect\n|move|p1a: Slowbro|Protect|p1a: Slowbro\n|-singleturn|p1a: Slowbro|Protect\n|move|p2a: Sneasler|Close Combat|p1b: Scizor\n|-activate|p1b: Scizor|move: Protect\n|move|p2b: Excadrill|Rock Slide|p1b: Scizor|[spread] \n|-activate|p1a: Slowbro|move: Protect\n|-activate|p1b: Scizor|move: Protect\n|\n|-sideend|p2: okknd|move: Tailwind\n|upkeep\n|turn|5\n|\n|t:|1776631593\n|move|p1b: Scizor|Bullet Punch|p2a: Sneasler\n|-damage|p2a: Sneasler|37/100\n|move|p2a: Sneasler|Close Combat|p1b: Scizor\n|-damage|p1b: Scizor|0 fnt\n|-unboost|p2a: Sneasler|def|1\n|-unboost|p2a: Sneasler|spd|1\n|faint|p1b: Scizor\n|move|p2b: Excadrill|Rock Slide|p1a: Slowbro\n|-damage|p1a: Slowbro|78/100\n|move|p1a: Slowbro|Trick Room|p1a: Slowbro\n|-fieldstart|move: Trick Room|[of] p1a: Slowbro\n|\n|upkeep\n|\n|t:|1776631599\n|switch|p1b: Hydrapple|Hydrapple, L50, M|100/100\n|turn|6\n|\n|t:|1776631606\n|switch|p2a: Rotom|Rotom-Mow, L50|27/100\n|move|p1a: Slowbro|Scald|p2b: Excadrill\n|-supereffective|p2b: Excadrill|1\n|-damage|p2b: Excadrill|30/100\n|move|p1b: Hydrapple|Fickle Beam|p2a: Rotom\n|-damage|p2a: Rotom|0 fnt\n|faint|p2a: Rotom\n|move|p2b: Excadrill|Earthquake|p1a: Slowbro|[spread] p1a,p1b\n|-resisted|p1b: Hydrapple|1\n|-crit|p1b: Hydrapple\n|-damage|p1a: Slowbro|45/100\n|-damage|p1b: Hydrapple|72/100\n|-enditem|p1a: Slowbro|Sitrus Berry|[eat]\n|-heal|p1a: Slowbro|70/100|[from] item: Sitrus Berry\n|\n|upkeep\n|\n|t:|1776631615\n|switch|p2a: Sneasler|Sneasler, L50, M|37/100\n|turn|7\n|\n|t:|1776631626\n|move|p2a: Sneasler|Fake Out|p1b: Hydrapple\n|-damage|p1b: Hydrapple|59/100\n|move|p1a: Slowbro|Scald|p2b: Excadrill\n|-supereffective|p2b: Excadrill|1\n|-damage|p2b: Excadrill|0 fnt\n|faint|p2b: Excadrill\n|cant|p1b: Hydrapple|flinch\n|\n|upkeep\n|turn|8\n|\n|t:|1776631633\n|move|p2a: Sneasler|Protect|p2a: Sneasler\n|-singleturn|p2a: Sneasler|Protect\n|move|p1a: Slowbro|Psychic|p2a: Sneasler\n|-activate|p2a: Sneasler|move: Protect\n|move|p1b: Hydrapple|Fickle Beam|p2a: Sneasler\n|-activate|p2a: Sneasler|move: Protect\n|\n|upkeep\n|turn|9\n|\n|t:|1776631638\n|move|p2a: Sneasler|Protect||[still]\n|-fail|p2a: Sneasler\n|move|p1a: Slowbro|Psychic|p2a: Sneasler\n|-supereffective|p2a: Sneasler|2\n|-damage|p2a: Sneasler|0 fnt\n|faint|p2a: Sneasler\n|\n|win|ACExDiscostu93\n|c|\u2606ACExDiscostu93|gg\n|c|\u2606okknd|ggs\n",
  "uploadtime": 1776631643,
  "views": 24,
  "formatid": "gen9championsvgc2026regma",
  "rating": null,
  "private": 0,
  "password": null
}