{
  "id": "gen9championsvgc2026regma-2584195657",
  "format": "[Gen 9 Champions] VGC 2026 Reg M-A",
  "players": [
    "3TRex",
    "Novicebest"
  ],
  "log": "|j|\u26063TRex\n|j|\u2606Novicebest\n|t:|1776236866\n|gametype|doubles\n|player|p1|3TRex|palmer|1419\n|player|p2|Novicebest|dawn|1358\n|gen|9\n|tier|[Gen 9 Champions] VGC 2026 Reg M-A\n|rated|\n|rule|Species Clause: Limit one of each Pok\u00e9mon\n|rule|Item Clause: Limit 1 of each item\n|clearpoke\n|poke|p1|Sneasler, L50, F|\n|poke|p1|Corviknight, L50, F|\n|poke|p1|Incineroar, L50, M|\n|poke|p1|Rotom-Wash, L50|\n|poke|p1|Excadrill, L50, M|\n|poke|p1|Tyranitar, L50, M|\n|poke|p2|Charizard, L50, M|\n|poke|p2|Whimsicott, L50, F|\n|poke|p2|Farigiraf, L50, M|\n|poke|p2|Sneasler, L50, F|\n|poke|p2|Rotom-Wash, L50|\n|poke|p2|Incineroar, L50, M|\n|teampreview|4\n|inactive|Battle timer is ON: inactive players will automatically lose when time's up. (requested by Novicebest)\n|inactive|Novicebest has 60 seconds left.\n|\n|t:|1776236911\n|teamsize|p1|4\n|teamsize|p2|4\n|start\n|switch|p1a: Excadrill|Excadrill, L50, M|100/100\n|switch|p1b: Sneasler|Sneasler, L50, F|100/100\n|switch|p2a: Incineroar|Incineroar, L50, M|100/100\n|switch|p2b: Rotom|Rotom-Wash, L50|100/100\n|-ability|p2a: Incineroar|Intimidate|boost\n|-unboost|p1a: Excadrill|atk|1\n|-unboost|p1b: Sneasler|atk|1\n|-enditem|p1b: Sneasler|White Herb\n|-clearnegativeboost|p1b: Sneasler|[silent]\n|turn|1\n|\n|t:|1776236934\n|switch|p1a: Incineroar|Incineroar, L50, M|100/100\n|-ability|p1a: Incineroar|Intimidate|boost\n|-unboost|p2a: Incineroar|atk|1\n|-unboost|p2b: Rotom|atk|1\n|switch|p2a: Whimsicott|Whimsicott, L50, F|100/100\n|move|p1b: Sneasler|Protect|p1b: Sneasler\n|-singleturn|p1b: Sneasler|Protect\n|move|p2b: Rotom|Protect||[still]\n|-fail|p2b: Rotom\n|\n|upkeep\n|turn|2\n|\n|t:|1776236954\n|switch|p2a: Incineroar|Incineroar, L50, M|100/100\n|-ability|p2a: Incineroar|Intimidate|boost\n|-unboost|p1a: Incineroar|atk|1\n|-unboost|p1b: Sneasler|atk|1\n|move|p2b: Rotom|Protect|p2b: Rotom\n|-singleturn|p2b: Rotom|Protect\n|move|p1a: Incineroar|Fake Out|p2a: Incineroar\n|-damage|p2a: Incineroar|94/100\n|move|p1b: Sneasler|Dire Claw|p2a: Incineroar\n|-damage|p2a: Incineroar|70/100\n|\n|upkeep\n|turn|3\n|inactive|3TRex has 30 seconds left.\n|\n|t:|1776236982\n|move|p1b: Sneasler|Protect|p1b: Sneasler\n|-singleturn|p1b: Sneasler|Protect\n|move|p2a: Incineroar|Fake Out|p1a: Incineroar\n|-damage|p1a: Incineroar|92/100\n|move|p2b: Rotom|Nasty Plot|p2b: Rotom\n|-boost|p2b: Rotom|spa|2\n|cant|p1a: Incineroar|flinch\n|\n|upkeep\n|turn|4\n|\n|t:|1776236994\n|switch|p2a: Sneasler|Sneasler, L50, F|100/100\n|move|p1b: Sneasler|Dire Claw|p2b: Rotom\n|-damage|p2b: Rotom|74/100\n|-status|p2b: Rotom|psn\n|move|p2b: Rotom|Hydro Pump|p1a: Incineroar|[miss]\n|-miss|p2b: Rotom|p1a: Incineroar\n|move|p1a: Incineroar|Parting Shot|p2b: Rotom\n|-unboost|p2b: Rotom|atk|1\n|-unboost|p2b: Rotom|spa|1\n|\n|t:|1776237010\n|switch|p1a: Tyranitar|Tyranitar, L50, M|100/100|[from] Parting Shot\n|-weather|Sandstorm|[from] ability: Sand Stream|[of] p1a: Tyranitar\n|\n|-weather|Sandstorm|[upkeep]\n|-damage|p1b: Sneasler|95/100|[from] Sandstorm\n|-damage|p2a: Sneasler|95/100|[from] Sandstorm\n|-damage|p2b: Rotom|68/100 psn|[from] Sandstorm\n|-heal|p2b: Rotom|74/100 psn|[from] item: Leftovers\n|-damage|p2b: Rotom|62/100 psn|[from] psn\n|upkeep\n|turn|5\n|\n|t:|1776237033\n|switch|p1a: Incineroar|Incineroar, L50, M|92/100\n|-ability|p1a: Incineroar|Intimidate|boost\n|-unboost|p2a: Sneasler|atk|1\n|-unboost|p2b: Rotom|atk|1\n|-enditem|p2a: Sneasler|White Herb\n|-clearnegativeboost|p2a: Sneasler|[silent]\n|move|p1b: Sneasler|Protect|p1b: Sneasler\n|-singleturn|p1b: Sneasler|Protect\n|move|p2a: Sneasler|Close Combat|p1a: Incineroar\n|-supereffective|p1a: Incineroar|1\n|-damage|p1a: Incineroar|0 fnt\n|-unboost|p2a: Sneasler|def|1\n|-unboost|p2a: Sneasler|spd|1\n|faint|p1a: Incineroar\n|move|p2b: Rotom|Thunderbolt|p1b: Sneasler\n|-activate|p1b: Sneasler|move: Protect\n|\n|-weather|Sandstorm|[upkeep]\n|-damage|p1b: Sneasler|89/100|[from] Sandstorm\n|-damage|p2a: Sneasler|89/100|[from] Sandstorm\n|-damage|p2b: Rotom|56/100 psn|[from] Sandstorm\n|-heal|p2b: Rotom|62/100 psn|[from] item: Leftovers\n|-damage|p2b: Rotom|50/100 psn|[from] psn\n|upkeep\n|\n|t:|1776237047\n|switch|p1a: Excadrill|Excadrill, L50, M|100/100\n|turn|6\n|\n|t:|1776237060\n|switch|p2a: Incineroar|Incineroar, L50, M|70/100\n|-ability|p2a: Incineroar|Intimidate|boost\n|-unboost|p1a: Excadrill|atk|1\n|-unboost|p1b: Sneasler|atk|1\n|move|p1b: Sneasler|Close Combat|p2a: Incineroar\n|-supereffective|p2a: Incineroar|1\n|-damage|p2a: Incineroar|18/100\n|-unboost|p1b: Sneasler|def|1\n|-unboost|p1b: Sneasler|spd|1\n|-enditem|p2a: Incineroar|Sitrus Berry|[eat]\n|-heal|p2a: Incineroar|43/100|[from] item: Sitrus Berry\n|move|p1a: Excadrill|Rock Slide|p2b: Rotom|[spread] p2a,p2b\n|-supereffective|p2a: Incineroar|1\n|-damage|p2a: Incineroar|18/100\n|-damage|p2b: Rotom|34/100 psn\n|cant|p2b: Rotom|flinch\n|\n|-weather|Sandstorm|[upkeep]\n|-damage|p1b: Sneasler|83/100|[from] Sandstorm\n|-damage|p2b: Rotom|29/100 psn|[from] Sandstorm\n|-damage|p2a: Incineroar|12/100|[from] Sandstorm\n|-heal|p2b: Rotom|34/100 psn|[from] item: Leftovers\n|-damage|p2b: Rotom|22/100 psn|[from] psn\n|upkeep\n|turn|7\n|inactive|Novicebest has 30 seconds left.\n|\n|t:|1776237087\n|move|p1b: Sneasler|Protect|p1b: Sneasler\n|-singleturn|p1b: Sneasler|Protect\n|move|p1a: Excadrill|Protect|p1a: Excadrill\n|-singleturn|p1a: Excadrill|Protect\n|move|p2a: Incineroar|Fake Out|p1a: Excadrill\n|-activate|p1a: Excadrill|move: Protect\n|move|p2b: Rotom|Hydro Pump|p1a: Excadrill\n|-activate|p1a: Excadrill|move: Protect\n|\n|-weather|Sandstorm|[upkeep]\n|-damage|p1b: Sneasler|77/100|[from] Sandstorm\n|-damage|p2b: Rotom|16/100 psn|[from] Sandstorm\n|-damage|p2a: Incineroar|6/100|[from] Sandstorm\n|-heal|p2b: Rotom|22/100 psn|[from] item: Leftovers\n|-damage|p2b: Rotom|10/100 psn|[from] psn\n|upkeep\n|turn|8\n|\n|t:|1776237104\n|move|p1b: Sneasler|Dire Claw|p2a: Incineroar\n|-crit|p2a: Incineroar\n|-damage|p2a: Incineroar|0 fnt\n|faint|p2a: Incineroar\n|move|p1a: Excadrill|Rock Slide|p2b: Rotom\n|-damage|p2b: Rotom|0 fnt\n|faint|p2b: Rotom\n|\n|-weather|none\n|upkeep\n|\n|t:|1776237115\n|switch|p2b: Whimsicott|Whimsicott, L50, F|100/100\n|switch|p2a: Sneasler|Sneasler, L50, F|89/100\n|turn|9\n|\n|t:|1776237126\n|switch|p1a: Tyranitar|Tyranitar, L50, M|100/100\n|-weather|Sandstorm|[from] ability: Sand Stream|[of] p1a: Tyranitar\n|move|p2a: Sneasler|Fake Out|p1a: Tyranitar\n|-resisted|p1a: Tyranitar|1\n|-damage|p1a: Tyranitar|94/100\n|move|p2b: Whimsicott|Tailwind|p2b: Whimsicott\n|-sidestart|p2: Novicebest|move: Tailwind\n|move|p1b: Sneasler|Dire Claw|p2b: Whimsicott\n|-supereffective|p2b: Whimsicott|2\n|-enditem|p2b: Whimsicott|Focus Sash\n|-damage|p2b: Whimsicott|1/100\n|-status|p2b: Whimsicott|slp\n|\n|-weather|Sandstorm|[upkeep]\n|-damage|p1b: Sneasler|72/100|[from] Sandstorm\n|-damage|p2b: Whimsicott|0 fnt|[from] Sandstorm\n|-damage|p2a: Sneasler|83/100|[from] Sandstorm\n|faint|p2b: Whimsicott\n|upkeep\n|turn|10\n|-message|Novicebest forfeited.\n|\n|win|3TRex\n|raw|3TRex's rating: 1419 &rarr; <strong>1436</strong><br />(+17 for winning)\n|raw|Novicebest's rating: 1358 &rarr; <strong>1341</strong><br />(-17 for losing)\n|l|\u26063TRex\n|player|p1|\n",
  "uploadtime": 1776237150,
  "views": 53,
  "formatid": "gen9championsvgc2026regma",
  "rating": 1341,
  "private": 0,
  "password": null
}