{
  "id": "gen9championsvgc2026regma-2585205355",
  "format": "[Gen 9 Champions] VGC 2026 Reg M-A",
  "players": [
    "rgeee",
    "Bilalalalala17"
  ],
  "log": "|j|\u2606rgeee\n|j|\u2606Bilalalalala17\n|t:|1776324785\n|gametype|doubles\n|player|p1|rgeee|266|1201\n|player|p2|Bilalalalala17|hilbert|1114\n|gen|9\n|tier|[Gen 9 Champions] VGC 2026 Reg M-A\n|rated|\n|rule|Species Clause: Limit one of each Pok\u00e9mon\n|rule|Item Clause: Limit 1 of each item\n|clearpoke\n|poke|p1|Zoroark-Hisui, L50, F|\n|poke|p1|Torkoal, L50, M|\n|poke|p1|Incineroar, L50, M|\n|poke|p1|Farigiraf, L50, F|\n|poke|p1|Kommo-o, L50, F|\n|poke|p1|Audino, L50, M|\n|poke|p2|Charizard, L50, F|\n|poke|p2|Venusaur, L50, F|\n|poke|p2|Torkoal, L50, F|\n|poke|p2|Aerodactyl, L50, M|\n|poke|p2|Polteageist-Antique, L50|\n|poke|p2|Archaludon, L50, F|\n|teampreview|4\n|inactive|Battle timer is ON: inactive players will automatically lose when time's up. (requested by Bilalalalala17)\n|\n|t:|1776324832\n|teamsize|p1|4\n|teamsize|p2|4\n|start\n|switch|p1a: Torkoal|Torkoal, L50, M|100/100\n|switch|p1b: Incineroar|Incineroar, L50, M|100/100\n|switch|p2a: Aerodactyl|Aerodactyl, L50, M|100/100\n|switch|p2b: Torkoal|Torkoal, L50, F|100/100\n|-ability|p2a: Aerodactyl|Unnerve\n|-ability|p1b: Incineroar|Intimidate|boost\n|-unboost|p2a: Aerodactyl|atk|1\n|-unboost|p2b: Torkoal|atk|1\n|-weather|SunnyDay|[from] ability: Drought|[of] p2b: Torkoal\n|turn|1\n|\n|t:|1776324851\n|move|p1b: Incineroar|Fake Out|p2a: Aerodactyl\n|-resisted|p2a: Aerodactyl|1\n|-damage|p2a: Aerodactyl|91/100\n|cant|p2a: Aerodactyl|flinch\n|move|p2b: Torkoal|Eruption|p1b: Incineroar|[spread] p1a,p1b\n|-resisted|p1a: Torkoal|1\n|-resisted|p1b: Incineroar|1\n|-damage|p1a: Torkoal|60/100\n|-damage|p1b: Incineroar|72/100\n|move|p1a: Torkoal|Earth Power|p2b: Torkoal\n|-supereffective|p2b: Torkoal|1\n|-damage|p2b: Torkoal|44/100\n|\n|-weather|SunnyDay|[upkeep]\n|upkeep\n|turn|2\n|inactive|Bilalalalala17 has 30 seconds left.\n|\n|t:|1776324883\n|switch|p1a: Farigiraf|Farigiraf, L50, F|100/100\n|move|p2b: Torkoal|Protect|p2b: Torkoal\n|-singleturn|p2b: Torkoal|Protect\n|move|p2a: Aerodactyl|Earthquake|p1a: Farigiraf|[spread] p1a,p1b\n|-activate|p2b: Torkoal|move: Protect\n|-supereffective|p1b: Incineroar|1\n|-damage|p1a: Farigiraf|86/100\n|-damage|p1b: Incineroar|45/100\n|move|p1b: Incineroar|Parting Shot|p2a: Aerodactyl\n|-unboost|p2a: Aerodactyl|atk|1\n|-unboost|p2a: Aerodactyl|spa|1\n|\n|t:|1776324888\n|switch|p1b: Kommo-o|Kommo-o, L50, F|100/100|[from] Parting Shot\n|\n|-weather|SunnyDay|[upkeep]\n|-heal|p1a: Farigiraf|92/100|[from] item: Leftovers\n|upkeep\n|turn|3\n|\n|t:|1776324904\n|switch|p1a: Incineroar|Incineroar, L50, M|45/100\n|-ability|p1a: Incineroar|Intimidate|boost\n|-unboost|p2a: Aerodactyl|atk|1\n|-unboost|p2b: Torkoal|atk|1\n|move|p2a: Aerodactyl|Crunch|p1a: Incineroar\n|-resisted|p1a: Incineroar|1\n|-damage|p1a: Incineroar|41/100\n|move|p1b: Kommo-o|Clangorous Soul|p1b: Kommo-o\n|-boost|p1b: Kommo-o|atk|1\n|-boost|p1b: Kommo-o|def|1\n|-boost|p1b: Kommo-o|spa|1\n|-boost|p1b: Kommo-o|spd|1\n|-boost|p1b: Kommo-o|spe|1\n|-damage|p1b: Kommo-o|68/100\n|move|p2b: Torkoal|Eruption|p1a: Incineroar|[spread] p1a,p1b\n|-resisted|p1a: Incineroar|1\n|-resisted|p1b: Kommo-o|1\n|-damage|p1a: Incineroar|30/100\n|-damage|p1b: Kommo-o|59/100\n|\n|-weather|SunnyDay|[upkeep]\n|upkeep\n|turn|4\n|\n|t:|1776324928\n|switch|p1a: Farigiraf|Farigiraf, L50, F|92/100\n|move|p2a: Aerodactyl|Tailwind|p2a: Aerodactyl\n|-sidestart|p2: Bilalalalala17|move: Tailwind\n|move|p1b: Kommo-o|Clanging Scales|p2b: Torkoal|[spread] p2a,p2b\n|-damage|p2a: Aerodactyl|5/100\n|-damage|p2b: Torkoal|0 fnt\n|faint|p2b: Torkoal\n|-unboost|p1b: Kommo-o|def|1\n|\n|-weather|SunnyDay|[upkeep]\n|-heal|p1a: Farigiraf|98/100|[from] item: Leftovers\n|upkeep\n|\n|t:|1776324941\n|switch|p2b: Venusaur|Venusaur, L50, F|100/100\n|turn|5\n|\n|t:|1776324958\n|move|p1b: Kommo-o|Vacuum Wave|p2a: Aerodactyl\n|-damage|p2a: Aerodactyl|0 fnt\n|faint|p2a: Aerodactyl\n|move|p2b: Venusaur|Sleep Powder|p1b: Kommo-o|[miss]\n|-miss|p2b: Venusaur|p1b: Kommo-o\n|move|p1a: Farigiraf|Trick Room|p1a: Farigiraf\n|-fieldstart|move: Trick Room|[of] p1a: Farigiraf\n|\n|-weather|none\n|-heal|p1a: Farigiraf|100/100|[from] item: Leftovers\n|upkeep\n|\n|t:|1776324969\n|switch|p2a: Charizard|Charizard, L50, F|100/100\n|turn|6\n|\n|t:|1776324983\n|detailschange|p2a: Charizard|Charizard-Mega-Y, L50, F\n|-mega|p2a: Charizard|Charizard|Charizardite Y\n|-weather|SunnyDay|[from] ability: Drought|[of] p2a: Charizard\n|move|p1a: Farigiraf|Psychic|p2b: Venusaur\n|-supereffective|p2b: Venusaur|1\n|-damage|p2b: Venusaur|36/100\n|move|p1b: Kommo-o|Clanging Scales|p2b: Venusaur|[spread] p2a,p2b\n|-damage|p2a: Charizard|37/100\n|-damage|p2b: Venusaur|0 fnt\n|faint|p2b: Venusaur\n|-unboost|p1b: Kommo-o|def|1\n|move|p2a: Charizard|Air Slash|p1b: Kommo-o\n|-supereffective|p1b: Kommo-o|1\n|-damage|p1b: Kommo-o|0 fnt\n|faint|p1b: Kommo-o\n|\n|-weather|SunnyDay|[upkeep]\n|upkeep\n|\n|t:|1776324997\n|switch|p1b: Torkoal|Torkoal, L50, M|60/100\n|turn|7\n|\n|t:|1776325009\n|move|p1b: Torkoal|Eruption|p2a: Charizard\n|-resisted|p2a: Charizard|1\n|-damage|p2a: Charizard|2/100\n|move|p1a: Farigiraf|Psychic|p2a: Charizard\n|-damage|p2a: Charizard|0 fnt\n|faint|p2a: Charizard\n|\n|win|rgeee\n|raw|rgeee's rating: 1201 &rarr; <strong>1220</strong><br />(+19 for winning)\n|raw|Bilalalalala17's rating: 1114 &rarr; <strong>1095</strong><br />(-19 for losing)\n",
  "uploadtime": 1776325014,
  "views": 21,
  "formatid": "gen9championsvgc2026regma",
  "rating": 1095,
  "private": 0,
  "password": null
}