{
  "id": "gen9championsvgc2026regma-2581152238",
  "format": "[Gen 9 Champions] VGC 2026 Reg M-A",
  "players": [
    "HamBucket",
    "UnjustCarlie"
  ],
  "log": "|j|\u2606HamBucket\n|j|\u2606UnjustCarlie\n|t:|1775964916\n|gametype|doubles\n|player|p1|HamBucket|170|1150\n|player|p2|UnjustCarlie|acetrainerf-gen4|1251\n|gen|9\n|tier|[Gen 9 Champions] VGC 2026 Reg M-A\n|rated|\n|rule|Species Clause: Limit one of each Pok\u00e9mon\n|rule|Item Clause: Limit 1 of each item\n|clearpoke\n|poke|p1|Incineroar, L50, F|\n|poke|p1|Milotic, L50, F|\n|poke|p1|Kommo-o, L50, M|\n|poke|p1|Skarmory, L50, M|\n|poke|p1|Glimmora, L50, F|\n|poke|p1|Mamoswine, L50, M|\n|poke|p2|Floette-Eternal, L50, F|\n|poke|p2|Maushold-Four, L50|\n|poke|p2|Glimmora, L50, F|\n|poke|p2|Talonflame, L50, F|\n|poke|p2|Corviknight, L50, M|\n|poke|p2|Garchomp, L50, F|\n|teampreview|4\n|inactive|Battle timer is ON: inactive players will automatically lose when time's up. (requested by UnjustCarlie)\n|\n|t:|1775964961\n|teamsize|p1|4\n|teamsize|p2|4\n|start\n|switch|p1a: Skarmory|Skarmory, L50, M|100/100\n|switch|p1b: Mamoswine|Mamoswine, L50, M|100/100\n|switch|p2a: Talonflame|Talonflame, L50, F|100/100\n|switch|p2b: Glimmora|Glimmora, L50, F|100/100\n|turn|1\n|inactive|HamBucket has 30 seconds left.\n|inactive|UnjustCarlie has 30 seconds left.\n|inactive|UnjustCarlie has 20 seconds left.\n|\n|t:|1775964997\n|detailschange|p1a: Skarmory|Skarmory-Mega, L50, M\n|-mega|p1a: Skarmory|Skarmory|Skarmorite\n|move|p2a: Talonflame|Tailwind|p2a: Talonflame\n|-sidestart|p2: UnjustCarlie|move: Tailwind\n|move|p2b: Glimmora|Power Gem|p1a: Skarmory\n|-damage|p1a: Skarmory|47/100\n|move|p1b: Mamoswine|Rock Slide|p2b: Glimmora|[spread] p2a,p2b\n|-supereffective|p2a: Talonflame|2\n|-damage|p2a: Talonflame|0 fnt\n|-damage|p2b: Glimmora|75/100\n|-activate|p2b: Glimmora|ability: Toxic Debris\n|-sidestart|p1: HamBucket|move: Toxic Spikes\n|faint|p2a: Talonflame\n|move|p1a: Skarmory|Tailwind|p1a: Skarmory\n|-sidestart|p1: HamBucket|move: Tailwind\n|\n|upkeep\n|\n|t:|1775965009\n|switch|p2a: Garchomp|Garchomp, L50, F|100/100\n|turn|2\n|\n|t:|1775965022\n|switch|p1b: Incineroar|Incineroar, L50, F|100/100\n|-status|p1b: Incineroar|psn\n|-ability|p1b: Incineroar|Intimidate|boost\n|-unboost|p2a: Garchomp|atk|1\n|-unboost|p2b: Glimmora|atk|1\n|-enditem|p2a: Garchomp|White Herb\n|-clearnegativeboost|p2a: Garchomp|[silent]\n|move|p1a: Skarmory|Protect|p1a: Skarmory\n|-singleturn|p1a: Skarmory|Protect\n|move|p2b: Glimmora|Power Gem|p1a: Skarmory\n|-activate|p1a: Skarmory|move: Protect\n|move|p2a: Garchomp|Rock Slide|p1a: Skarmory|[spread] p1b\n|-activate|p1a: Skarmory|move: Protect\n|-supereffective|p1b: Incineroar|1\n|-damage|p1b: Incineroar|68/100 psn\n|\n|-damage|p1b: Incineroar|55/100 psn|[from] psn\n|upkeep\n|turn|3\n|\n|t:|1775965043\n|move|p1b: Incineroar|Fake Out|p2a: Garchomp\n|-damage|p2a: Garchomp|91/100\n|-damage|p1b: Incineroar|43/100 psn|[from] ability: Rough Skin|[of] p2a: Garchomp\n|move|p1a: Skarmory|Iron Head|p2b: Glimmora\n|-supereffective|p2b: Glimmora|1\n|-damage|p2b: Glimmora|0 fnt\n|-activate|p2b: Glimmora|ability: Toxic Debris\n|-sidestart|p1: HamBucket|move: Toxic Spikes\n|faint|p2b: Glimmora\n|cant|p2a: Garchomp|flinch\n|\n|-damage|p1b: Incineroar|31/100 psn|[from] psn\n|upkeep\n|\n|t:|1775965051\n|switch|p2b: Floette|Floette-Eternal, L50, F|100/100\n|turn|4\n|\n|t:|1775965070\n|detailschange|p2b: Floette|Floette-Mega, L50, F\n|-mega|p2b: Floette|Floette|Floettite\n|-ability|p2b: Floette|Fairy Aura\n|move|p1a: Skarmory|Protect|p1a: Skarmory\n|-singleturn|p1a: Skarmory|Protect\n|move|p2b: Floette|Protect|p2b: Floette\n|-singleturn|p2b: Floette|Protect\n|move|p2a: Garchomp|Rock Slide|p1b: Incineroar|[spread] p1b\n|-activate|p1a: Skarmory|move: Protect\n|-supereffective|p1b: Incineroar|1\n|-damage|p1b: Incineroar|0 fnt\n|faint|p1b: Incineroar\n|\n|-sideend|p1: HamBucket|move: Tailwind\n|-sideend|p2: UnjustCarlie|move: Tailwind\n|upkeep\n|\n|t:|1775965079\n|switch|p1b: Mamoswine|Mamoswine, L50, M|100/100\n|-status|p1b: Mamoswine|tox\n|turn|5\n|\n|t:|1775965093\n|move|p1b: Mamoswine|Icicle Crash|p2a: Garchomp\n|-supereffective|p2a: Garchomp|2\n|-damage|p2a: Garchomp|0 fnt\n|faint|p2a: Garchomp\n|move|p1a: Skarmory|Iron Head|p2b: Floette\n|-supereffective|p2b: Floette|1\n|-damage|p2b: Floette|0 fnt\n|faint|p2b: Floette\n|\n|win|HamBucket\n|raw|HamBucket's rating: 1150 &rarr; <strong>1182</strong><br />(+32 for winning)\n|raw|UnjustCarlie's rating: 1251 &rarr; <strong>1219</strong><br />(-32 for losing)\n|l|\u2606UnjustCarlie\n|player|p2|\n",
  "uploadtime": 1775965106,
  "views": 35,
  "formatid": "gen9championsvgc2026regma",
  "rating": 1182,
  "private": 0,
  "password": null
}