{
  "id": "gen9championsvgc2026regma-2581667958",
  "format": "[Gen 9 Champions] VGC 2026 Reg M-A",
  "players": [
    "someone#58",
    "Lycopoky"
  ],
  "log": "|j|\u2606someone#58\n|j|\u2606Lycopoky\n|t:|1776019284\n|gametype|doubles\n|player|p1|someone#58|265|\n|player|p2|Lycopoky|ballguy|\n|gen|9\n|tier|[Gen 9 Champions] VGC 2026 Reg M-A\n|rated|Tournament battle\n|rule|Species Clause: Limit one of each Pok\u00e9mon\n|rule|Item Clause: Limit 1 of each item\n|clearpoke\n|poke|p1|Floette-Eternal, L50, F|\n|poke|p1|Garchomp, L50, M|\n|poke|p1|Pelipper, L50, F|\n|poke|p1|Basculegion, L50, M|\n|poke|p1|Incineroar, L50, M|\n|poke|p1|Orthworm, L50, M|\n|poke|p2|Kommo-o, L50, M|\n|poke|p2|Tyranitar, L50, M|\n|poke|p2|Excadrill, L50, M|\n|poke|p2|Gengar, L50, M|\n|poke|p2|Sinistcha, L50|\n|poke|p2|Incineroar, L50, M|\n|teampreview|4\n|inactive|Battle timer is ON: inactive players will automatically lose when time's up. (requested by Lycopoky)\nLycopoky has agreed to open team sheets.\n|c|\u2606Lycopoky|glhf!\n|c|\u2606someone#58|u2\n|inactive|someone#58 has 60 seconds left.\n|inactive|Lycopoky has 60 seconds left.\n|inactive|someone#58 has 30 seconds left.\n|inactive|someone#58 has 20 seconds left.\n|\n|t:|1776019358\n|teamsize|p1|4\n|teamsize|p2|4\n|start\n|switch|p1a: Garchomp|Garchomp, L50, M|100/100\n|switch|p1b: Orthworm|Orthworm, L50, M|100/100\n|switch|p2a: Gengar|Gengar, L50, M|100/100\n|switch|p2b: Incineroar|Incineroar, L50, M, shiny|100/100\n|-ability|p2b: Incineroar|Intimidate|boost\n|-unboost|p1a: Garchomp|atk|1\n|-unboost|p1b: Orthworm|atk|1\n|turn|1\n|inactive|someone#58 has 30 seconds left.\n|\n|t:|1776019388\n|switch|p1a: Pelipper|Pelipper, L50, F|100/100\n|-weather|RainDance|[from] ability: Drizzle|[of] p1a: Pelipper\n|detailschange|p2a: Gengar|Gengar-Mega, L50, M\n|-mega|p2a: Gengar|Gengar|Gengarite\n|move|p2b: Incineroar|Fake Out|p1a: Pelipper\n|-damage|p1a: Pelipper|89/100\n|move|p2a: Gengar|Shadow Ball|p1b: Orthworm\n|-damage|p1b: Orthworm|27/100\n|-enditem|p1b: Orthworm|Sitrus Berry|[eat]\n|-heal|p1b: Orthworm|52/100|[from] item: Sitrus Berry\n|move|p1b: Orthworm|Shed Tail|p1b: Orthworm\n|-start|p1b: Orthworm|Substitute|[from] move: Shed Tail\n|-damage|p1b: Orthworm|2/100\n|\n|t:|1776019410\n|switch|p1b: Garchomp|Garchomp, L50, M|100/100|[from] Shed Tail\n|\n|-weather|RainDance|[upkeep]\n|upkeep\n|turn|2\n|\n|t:|1776019425\n|switch|p2b: Sinistcha|Sinistcha, L50|100/100\n|move|p2a: Gengar|Protect|p2a: Gengar\n|-singleturn|p2a: Gengar|Protect\n|move|p1b: Garchomp|Earthquake|p2b: Sinistcha|[spread] p2b\n|-activate|p2a: Gengar|move: Protect\n|-immune|p1a: Pelipper\n|-resisted|p2b: Sinistcha|1\n|-damage|p2b: Sinistcha|84/100\n|move|p1a: Pelipper|Tailwind|p1a: Pelipper\n|-sidestart|p1: someone#58|move: Tailwind\n|\n|-weather|RainDance|[upkeep]\n|-heal|p2b: Sinistcha|90/100|[from] item: Leftovers\n|upkeep\n|turn|3\n|\n|t:|1776019439\n|switch|p2b: Incineroar|Incineroar, L50, M, shiny|100/100\n|-ability|p2b: Incineroar|Intimidate|boost\n|-unboost|p1a: Pelipper|atk|1\n|-immune|p1b: Garchomp\n|move|p1b: Garchomp|Earthquake|p2b: Incineroar|[spread] p2a,p2b\n|-immune|p1a: Pelipper\n|-supereffective|p2a: Gengar|1\n|-supereffective|p2b: Incineroar|1\n|-damage|p2a: Gengar|0 fnt\n|-damage|p2b: Incineroar|39/100\n|-enditem|p2b: Incineroar|Sitrus Berry|[eat]\n|-heal|p2b: Incineroar|64/100|[from] item: Sitrus Berry\n|faint|p2a: Gengar\n|move|p1a: Pelipper|Hurricane|p2b: Incineroar\n|-damage|p2b: Incineroar|31/100\n|-start|p2b: Incineroar|confusion\n|\n|-weather|RainDance|[upkeep]\n|upkeep\n|\n|t:|1776019447\n|switch|p2a: Sinistcha|Sinistcha, L50|90/100\n|-heal|p2b: Incineroar|56/100|[from] ability: Hospitality|[of] p2a: Sinistcha\n|turn|4\n|\n|t:|1776019463\n|-activate|p2b: Incineroar|confusion\n|move|p2b: Incineroar|Fake Out|p1a: Pelipper\n|-damage|p1a: Pelipper|77/100\n|move|p1b: Garchomp|Earthquake|p2b: Incineroar|[spread] p2a,p2b\n|-immune|p1a: Pelipper\n|-resisted|p2a: Sinistcha|1\n|-supereffective|p2b: Incineroar|1\n|-damage|p2a: Sinistcha|73/100\n|-damage|p2b: Incineroar|0 fnt\n|faint|p2b: Incineroar\n|cant|p1a: Pelipper|flinch\n|move|p2a: Sinistcha|Matcha Gotcha|p1b: Garchomp|[spread] p1a,p1b\n|-crit|p1b: Garchomp\n|-end|p1b: Garchomp|Substitute\n|-heal|p2a: Sinistcha|83/100|[from] drain|[of] p1b: Garchomp\n|-damage|p1a: Pelipper|43/100\n|-heal|p2a: Sinistcha|99/100|[from] drain|[of] p1a: Pelipper\n|-status|p1a: Pelipper|brn\n|\n|-weather|RainDance|[upkeep]\n|-heal|p2a: Sinistcha|100/100|[from] item: Leftovers\n|-damage|p1a: Pelipper|37/100 brn|[from] brn\n|upkeep\n|\n|t:|1776019470\n|switch|p2b: Tyranitar|Tyranitar, L50, M, shiny|100/100\n|-weather|Sandstorm|[from] ability: Sand Stream|[of] p2b: Tyranitar\n|turn|5\n|\n|t:|1776019480\n|switch|p1a: Orthworm|Orthworm, L50, M|2/100\n|move|p1b: Garchomp|Earthquake|p2b: Tyranitar|[spread] p2a,p2b\n|-heal|p1a: Orthworm|27/100|[from] ability: Earth Eater|[of] p1b: Garchomp\n|-resisted|p2a: Sinistcha|1\n|-supereffective|p2b: Tyranitar|1\n|-damage|p2a: Sinistcha|84/100\n|-damage|p2b: Tyranitar|22/100\n|move|p2b: Tyranitar|Ice Punch|p1b: Garchomp\n|-supereffective|p1b: Garchomp|2\n|-damage|p1b: Garchomp|0 fnt\n|-damage|p2b: Tyranitar|10/100|[from] ability: Rough Skin|[of] p1b: Garchomp\n|faint|p1b: Garchomp\n|move|p2a: Sinistcha|Life Dew|p2a: Sinistcha|[spread] p2a,p2b\n|-heal|p2a: Sinistcha|100/100\n|-heal|p2b: Tyranitar|35/100\n|\n|-weather|Sandstorm|[upkeep]\n|-damage|p2a: Sinistcha|94/100|[from] Sandstorm\n|-heal|p2a: Sinistcha|100/100|[from] item: Leftovers\n|-sideend|p1: someone#58|move: Tailwind\n|upkeep\n|j| islowerspeed\n|\n|t:|1776019502\n|switch|p1b: Basculegion|Basculegion, L50, M|100/100\n|turn|6\n|\n|t:|1776019510\n|move|p2a: Sinistcha|Protect|p2a: Sinistcha\n|-singleturn|p2a: Sinistcha|Protect\n|move|p1b: Basculegion|Last Respects|p2a: Sinistcha\n|-activate|p2a: Sinistcha|move: Protect\n|move|p2b: Tyranitar|Ice Punch|p1b: Basculegion\n|-resisted|p1b: Basculegion|1\n|-damage|p1b: Basculegion|83/100\n|move|p1a: Orthworm|Body Press|p2b: Tyranitar\n|-supereffective|p2b: Tyranitar|2\n|-damage|p2b: Tyranitar|0 fnt\n|faint|p2b: Tyranitar\n|\n|-weather|Sandstorm|[upkeep]\n|-damage|p1b: Basculegion|77/100|[from] Sandstorm\n|-damage|p2a: Sinistcha|94/100|[from] Sandstorm\n|-heal|p2a: Sinistcha|100/100|[from] item: Leftovers\n|upkeep\n|turn|7\n|\n|t:|1776019517\n|move|p1b: Basculegion|Last Respects|p2a: Sinistcha\n|-supereffective|p2a: Sinistcha|1\n|-damage|p2a: Sinistcha|0 fnt\n|faint|p2a: Sinistcha\n|\n|win|someone#58\n|n|\u2606someone#58|someone58\n|n|\u2606Lycopoky|lycopoky\n|n| islowerspeed|islowerspeed\n|l|\u2606Lycopoky\n|player|p2|\n|l| islowerspeed\n|c|\u2606someone#58|gg\n|j| islowerspeed\n|j|\u2606Lycopoky\n|player|p2|Lycopoky|ballguy|\n|c|\u2606Lycopoky|ggwp!\n",
  "uploadtime": 1776019555,
  "views": 16,
  "formatid": "gen9championsvgc2026regma",
  "rating": null,
  "private": 0,
  "password": null
}