{
  "id": "gen9championsvgc2026regma-2585431931",
  "format": "[Gen 9 Champions] VGC 2026 Reg M-A",
  "players": [
    "R0B2_VGC",
    "gthamsrim"
  ],
  "log": "|j|\u2606R0B2_VGC\n|j|\u2606gthamsrim\n|t:|1776346874\n|gametype|doubles\n|player|p1|R0B2_VGC|102|1077\n|player|p2|gthamsrim|102|1111\n|gen|9\n|tier|[Gen 9 Champions] VGC 2026 Reg M-A\n|rated|\n|rule|Species Clause: Limit one of each Pok\u00e9mon\n|rule|Item Clause: Limit 1 of each item\n|clearpoke\n|poke|p1|Starmie, L50|\n|poke|p1|Gardevoir, L50, F|\n|poke|p1|Sneasler, L50, M|\n|poke|p1|Politoed, L50, M|\n|poke|p1|Incineroar, L50, M|\n|poke|p1|Decidueye, L50, F|\n|poke|p2|Pelipper, L50, F|\n|poke|p2|Jolteon, L50, F|\n|poke|p2|Conkeldurr, L50, F|\n|poke|p2|Hatterene, L50, F|\n|poke|p2|Beartic, L50, M|\n|poke|p2|Arbok, L50, M|\n|teampreview|4\n|\n|t:|1776346897\n|teamsize|p1|4\n|teamsize|p2|4\n|start\n|switch|p1a: Starmie|Starmie, L50|100/100\n|switch|p1b: Decidueye|Decidueye, L50, F|100/100\n|switch|p2a: Jolteon|Jolteon, L50, F|100/100\n|switch|p2b: Arbok|Arbok, L50, M|100/100\n|-ability|p2b: Arbok|Intimidate|boost\n|-unboost|p1a: Starmie|atk|1\n|-unboost|p1b: Decidueye|atk|1\n|turn|1\n|inactive|Battle timer is ON: inactive players will automatically lose when time's up. (requested by gthamsrim)\n|\n|t:|1776346915\n|switch|p1a: Gardevoir|Gardevoir, L50, F|100/100\n|move|p2a: Jolteon|Volt Switch|p1a: Gardevoir\n|-damage|p1a: Gardevoir|66/100\n|\n|t:|1776346928\n|switch|p2a: Pelipper|Pelipper, L50, F|100/100|[from] Volt Switch\n|-weather|RainDance|[from] ability: Drizzle|[of] p2a: Pelipper\n|move|p2b: Arbok|Glare|p1a: Gardevoir\n|-status|p1a: Gardevoir|par\n|move|p1b: Decidueye|Tailwind|p1b: Decidueye\n|-sidestart|p1: R0B2_VGC|move: Tailwind\n|\n|-weather|RainDance|[upkeep]\n|upkeep\n|turn|2\n|\n|t:|1776346952\n|move|p2b: Arbok|Protect|p2b: Arbok\n|-singleturn|p2b: Arbok|Protect\n|move|p1b: Decidueye|Spirit Shackle|p2b: Arbok\n|-activate|p2b: Arbok|move: Protect\n|move|p1a: Gardevoir|Calm Mind|p1a: Gardevoir\n|-boost|p1a: Gardevoir|spa|1\n|-boost|p1a: Gardevoir|spd|1\n|move|p2a: Pelipper|Tailwind|p2a: Pelipper\n|-sidestart|p2: gthamsrim|move: Tailwind\n|\n|-weather|RainDance|[upkeep]\n|upkeep\n|turn|3\n|\n|t:|1776346974\n|move|p2b: Arbok|Gunk Shot|p1a: Gardevoir\n|-supereffective|p1a: Gardevoir|1\n|-damage|p1a: Gardevoir|0 fnt\n|faint|p1a: Gardevoir\n|move|p1b: Decidueye|Spirit Shackle|p2b: Arbok\n|-damage|p2b: Arbok|60/100\n|-activate|p2b: Arbok|trapped\n|move|p2a: Pelipper|Hurricane|p1b: Decidueye\n|-supereffective|p1b: Decidueye|1\n|-damage|p1b: Decidueye|0 fnt\n|faint|p1b: Decidueye\n|\n|-weather|RainDance|[upkeep]\n|upkeep\n|\n|t:|1776346986\n|switch|p1b: Sneasler|Sneasler, L50, M|100/100\n|switch|p1a: Starmie|Starmie, L50|100/100\n|turn|4\n|\n|t:|1776347002\n|detailschange|p1a: Starmie|Starmie-Mega, L50\n|-mega|p1a: Starmie|Starmie|Starminite\n|move|p2b: Arbok|Protect|p2b: Arbok\n|-singleturn|p2b: Arbok|Protect\n|move|p2a: Pelipper|Protect|p2a: Pelipper\n|-singleturn|p2a: Pelipper|Protect\n|move|p1b: Sneasler|Fake Out|p2a: Pelipper\n|-activate|p2a: Pelipper|move: Protect\n|move|p1a: Starmie|Psycho Cut|p2b: Arbok\n|-activate|p2b: Arbok|move: Protect\n|\n|-weather|RainDance|[upkeep]\n|-sideend|p1: R0B2_VGC|move: Tailwind\n|upkeep\n|turn|5\n|inactive|gthamsrim has 30 seconds left.\n|\n|t:|1776347029\n|move|p2b: Arbok|Glare|p1a: Starmie\n|-status|p1a: Starmie|par\n|move|p2a: Pelipper|Hurricane|p1b: Sneasler\n|-supereffective|p1b: Sneasler|1\n|-enditem|p1b: Sneasler|Focus Sash\n|-damage|p1b: Sneasler|1/100\n|-start|p1b: Sneasler|confusion\n|-activate|p1b: Sneasler|confusion\n|-damage|p1b: Sneasler|0 fnt|[from] confusion\n|faint|p1b: Sneasler\n|move|p1a: Starmie|Psycho Cut|p2b: Arbok\n|-supereffective|p2b: Arbok|1\n|-damage|p2b: Arbok|0 fnt\n|faint|p2b: Arbok\n|\n|-weather|none\n|-sideend|p2: gthamsrim|move: Tailwind\n|upkeep\n|\n|t:|1776347043\n|switch|p2b: Beartic|Beartic, L50, M|100/100\n|turn|6\n|\n|t:|1776347052\n|move|p2b: Beartic|Close Combat|p1a: Starmie\n|-resisted|p1a: Starmie|1\n|-damage|p1a: Starmie|76/100 par\n|-unboost|p2b: Beartic|def|1\n|-unboost|p2b: Beartic|spd|1\n|move|p2a: Pelipper|Hurricane|p1a: Starmie\n|-damage|p1a: Starmie|19/100 par\n|-start|p1a: Starmie|confusion\n|-activate|p1a: Starmie|confusion\n|move|p1a: Starmie|Psycho Cut|p2b: Beartic\n|-damage|p2b: Beartic|0 fnt\n|faint|p2b: Beartic\n|\n|upkeep\n|\n|t:|1776347057\n|switch|p2b: Jolteon|Jolteon, L50, F|100/100\n|turn|7\n|\n|t:|1776347066\n|move|p2b: Jolteon|Volt Switch|p1a: Starmie\n|-supereffective|p1a: Starmie|1\n|-damage|p1a: Starmie|0 fnt\n|faint|p1a: Starmie\n|\n|win|gthamsrim\n|raw|R0B2_VGC's rating: 1077 &rarr; <strong>1058</strong><br />(-19 for losing)\n|raw|gthamsrim's rating: 1111 &rarr; <strong>1134</strong><br />(+23 for winning)\n|l|\u2606R0B2_VGC\n|player|p1|\n",
  "uploadtime": 1776347083,
  "views": 27,
  "formatid": "gen9championsvgc2026regma",
  "rating": 1058,
  "private": 0,
  "password": null
}