{
  "id": "gen9championsvgc2026regma-2585380798",
  "format": "[Gen 9 Champions] VGC 2026 Reg M-A",
  "players": [
    "Belopiselo",
    "Vende Crocs"
  ],
  "log": "|j|\u2606Belopiselo\n|j|\u2606Vende Crocs\n|t:|1776342972\n|gametype|doubles\n|player|p1|Belopiselo|marlon|1123\n|player|p2|Vende Crocs|102|1073\n|gen|9\n|tier|[Gen 9 Champions] VGC 2026 Reg M-A\n|rated|\n|rule|Species Clause: Limit one of each Pok\u00e9mon\n|rule|Item Clause: Limit 1 of each item\n|clearpoke\n|poke|p1|Pelipper, L50, M|\n|poke|p1|Archaludon, L50, F|\n|poke|p1|Sinistcha, L50|\n|poke|p1|Drampa, L50, F|\n|poke|p1|Rotom-Wash, L50|\n|poke|p1|Basculegion, L50, M|\n|poke|p2|Pelipper, L50, M|\n|poke|p2|Gallade, L50, M|\n|poke|p2|Gengar, L50, M|\n|poke|p2|Incineroar, L50, M|\n|poke|p2|Archaludon, L50, M|\n|poke|p2|Sylveon, L50, F|\n|teampreview|4\n|inactive|Battle timer is ON: inactive players will automatically lose when time's up. (requested by Belopiselo)\n|\n|t:|1776343003\n|teamsize|p1|4\n|teamsize|p2|4\n|start\n|switch|p1a: Money laundry|Rotom-Wash, L50|100/100\n|switch|p1b: Big Fish|Basculegion, L50, M|100/100\n|switch|p2a: Gallade|Gallade, L50, M|100/100\n|switch|p2b: Gengar|Gengar, L50, M, shiny|100/100\n|turn|1\n|\n|t:|1776343027\n|detailschange|p2a: Gallade|Gallade-Mega, L50, M\n|-mega|p2a: Gallade|Gallade|Galladite\n|move|p2b: Gengar|Shadow Ball|p1b: Big Fish\n|-supereffective|p1b: Big Fish|1\n|-damage|p1b: Big Fish|0 fnt\n|faint|p1b: Big Fish\n|move|p2a: Gallade|Leaf Blade|p1a: Money laundry\n|-supereffective|p1a: Money laundry|1\n|-damage|p1a: Money laundry|8/100\n|move|p1a: Money laundry|Will-O-Wisp|p2a: Gallade\n|-status|p2a: Gallade|brn\n|\n|-damage|p2a: Gallade|95/100 brn|[from] brn\n|upkeep\n|\n|t:|1776343039\n|switch|p1b: Evil Bubble thea|Sinistcha, L50|100/100\n|-heal|p1a: Money laundry|32/100|[from] ability: Hospitality|[of] p1b: Evil Bubble thea\n|turn|2\n|\n|t:|1776343050\n|switch|p1b: How's the weather?|Drampa, L50, F|100/100\n|-ability|p1b: How's the weather?|Cloud Nine\n|move|p2b: Gengar|Icy Wind|p1a: Money laundry|[spread] p1b\n|-miss|p2b: Gengar|p1a: Money laundry\n|-supereffective|p1b: How's the weather?|1\n|-damage|p1b: How's the weather?|75/100\n|-unboost|p1b: How's the weather?|spe|1\n|move|p2a: Gallade|Psycho Cut|p1b: How's the weather?\n|-damage|p1b: How's the weather?|52/100\n|move|p1a: Money laundry|Hydro Pump|p2b: Gengar|[miss]\n|-miss|p1a: Money laundry|p2b: Gengar\n|\n|-damage|p2a: Gallade|89/100 brn|[from] brn\n|upkeep\n|turn|3\n|inactive|Vende Crocs has 30 seconds left.\n|\n|t:|1776343077\n|switch|p1b: Evil Bubble thea|Sinistcha, L50|100/100\n|-heal|p1a: Money laundry|56/100|[from] ability: Hospitality|[of] p1b: Evil Bubble thea\n|move|p2b: Gengar|Shadow Ball|p1b: Evil Bubble thea\n|-supereffective|p1b: Evil Bubble thea|1\n|-damage|p1b: Evil Bubble thea|18/100\n|move|p2a: Gallade|Leaf Blade|p1a: Money laundry\n|-supereffective|p1a: Money laundry|1\n|-damage|p1a: Money laundry|15/100\n|move|p1a: Money laundry|Thunderbolt|p2b: Gengar\n|-damage|p2b: Gengar|25/100\n|\n|-heal|p1b: Evil Bubble thea|25/100|[from] item: Leftovers\n|-damage|p2a: Gallade|84/100 brn|[from] brn\n|upkeep\n|turn|4\n|inactive|Vende Crocs has 30 seconds left.\n|\n|t:|1776343104\n|move|p2b: Gengar|Protect|p2b: Gengar\n|-singleturn|p2b: Gengar|Protect\n|move|p2a: Gallade|Leaf Blade|p1a: Money laundry\n|-supereffective|p1a: Money laundry|1\n|-damage|p1a: Money laundry|0 fnt\n|faint|p1a: Money laundry\n|move|p1b: Evil Bubble thea|Matcha Gotcha|p2b: Gengar|[spread] p2a\n|-activate|p2b: Gengar|move: Protect\n|-damage|p2a: Gallade|59/100 brn\n|-heal|p1b: Evil Bubble thea|35/100|[from] drain|[of] p2a: Gallade\n|\n|-heal|p1b: Evil Bubble thea|41/100|[from] item: Leftovers\n|-damage|p2a: Gallade|53/100 brn|[from] brn\n|upkeep\n|\n|t:|1776343109\n|switch|p1a: How's the weather?|Drampa, L50, F|52/100\n|-ability|p1a: How's the weather?|Cloud Nine\n|turn|5\n|inactive|Vende Crocs has 30 seconds left.\n|\n|t:|1776343143\n|move|p1b: Evil Bubble thea|Protect|p1b: Evil Bubble thea\n|-singleturn|p1b: Evil Bubble thea|Protect\n|move|p2a: Gallade|Sacred Sword|p1a: How's the weather?\n|-supereffective|p1a: How's the weather?|1\n|-damage|p1a: How's the weather?|0 fnt\n|faint|p1a: How's the weather?\n|move|p2b: Gengar|Shadow Ball|p1b: Evil Bubble thea\n|-activate|p1b: Evil Bubble thea|move: Protect\n|\n|-heal|p1b: Evil Bubble thea|47/100|[from] item: Leftovers\n|-damage|p2a: Gallade|47/100 brn|[from] brn\n|upkeep\n|turn|6\n|-message|Belopiselo forfeited.\n|\n|win|Vende Crocs\n|raw|Belopiselo's rating: 1123 &rarr; <strong>1094</strong><br />(-29 for losing)\n|raw|Vende Crocs's rating: 1073 &rarr; <strong>1106</strong><br />(+33 for winning)\n|l|\u2606Belopiselo\n|player|p1|\n|c|\u2606Vende Crocs|gg\n",
  "uploadtime": 1776343556,
  "views": 23,
  "formatid": "gen9championsvgc2026regma",
  "rating": 1094,
  "private": 0,
  "password": null
}