{
  "id": "gen9championsvgc2026regma-2582044600",
  "format": "[Gen 9 Champions] VGC 2026 Reg M-A",
  "players": [
    "vervejl",
    "thelastravenpuff"
  ],
  "log": "|j|\u2606vervejl\n|j|\u2606thelastravenpuff\n|t:|1776051415\n|gametype|doubles\n|player|p1|vervejl|lucas|1093\n|player|p2|thelastravenpuff|allister-masters|1139\n|gen|9\n|tier|[Gen 9 Champions] VGC 2026 Reg M-A\n|rated|\n|rule|Species Clause: Limit one of each Pok\u00e9mon\n|rule|Item Clause: Limit 1 of each item\n|clearpoke\n|poke|p1|Garchomp, L50, M|\n|poke|p1|Talonflame, L50, M|\n|poke|p1|Tyranitar, L50, F|\n|poke|p1|Sinistcha, L50|\n|poke|p1|Rotom-Wash, L50|\n|poke|p1|Scizor, L50, M|\n|poke|p2|Delphox, L50, M|\n|poke|p2|Sinistcha, L50|\n|poke|p2|Rotom-Wash, L50|\n|poke|p2|Incineroar, L50, M|\n|poke|p2|Garchomp, L50, F|\n|poke|p2|Aerodactyl, L50, F|\n|teampreview|4\n|inactive|Battle timer is ON: inactive players will automatically lose when time's up. (requested by thelastravenpuff)\nthelastravenpuff has agreed to open team sheets.\n|\n|t:|1776051442\n|teamsize|p1|4\n|teamsize|p2|4\n|start\n|switch|p1a: Talonflame|Talonflame, L50, M|100/100\n|switch|p1b: Garchomp|Garchomp, L50, M|100/100\n|switch|p2a: Sinistcha|Sinistcha, L50|100/100\n|switch|p2b: Rotom|Rotom-Wash, L50, shiny|100/100\n|turn|1\n|inactive|vervejl has 30 seconds left.\n|\n|t:|1776051470\n|detailschange|p1b: Garchomp|Garchomp-Mega, L50, M\n|-mega|p1b: Garchomp|Garchomp|Garchompite\n|move|p2b: Rotom|Volt Switch|p1a: Talonflame\n|-supereffective|p1a: Talonflame|1\n|-damage|p1a: Talonflame|2/100\n|\n|t:|1776051476\n|switch|p2b: Incineroar|Incineroar, L50, M|100/100|[from] Volt Switch\n|-ability|p2b: Incineroar|Intimidate|boost\n|-unboost|p1a: Talonflame|atk|1\n|-unboost|p1b: Garchomp|atk|1\n|move|p1a: Talonflame|Flare Blitz|p2a: Sinistcha\n|-supereffective|p2a: Sinistcha|1\n|-damage|p2a: Sinistcha|57/100\n|-damage|p1a: Talonflame|0 fnt|[from] Recoil\n|faint|p1a: Talonflame\n|move|p1b: Garchomp|Earthquake|p2a: Sinistcha|[spread] p2a,p2b\n|-resisted|p2a: Sinistcha|1\n|-supereffective|p2b: Incineroar|1\n|-damage|p2a: Sinistcha|45/100\n|-damage|p2b: Incineroar|40/100\n|-enditem|p2b: Incineroar|Sitrus Berry|[eat]\n|-heal|p2b: Incineroar|65/100|[from] item: Sitrus Berry\n|move|p2a: Sinistcha|Matcha Gotcha|p1b: Garchomp\n|-damage|p1b: Garchomp|65/100\n|-heal|p2a: Sinistcha|64/100|[from] drain|[of] p1b: Garchomp\n|\n|-heal|p2a: Sinistcha|70/100|[from] item: Leftovers\n|upkeep\n|\n|t:|1776051496\n|switch|p1a: Tyranitar|Tyranitar, L50, F|100/100\n|-weather|Sandstorm|[from] ability: Sand Stream|[of] p1a: Tyranitar\n|turn|2\n|inactive|vervejl has 30 seconds left.\n|inactive|vervejl has 20 seconds left.\n|inactive|vervejl has 15 seconds left.\n|\n|t:|1776051537\n|move|p1b: Garchomp|Protect|p1b: Garchomp\n|-singleturn|p1b: Garchomp|Protect\n|move|p2b: Incineroar|Fake Out|p1b: Garchomp\n|-activate|p1b: Garchomp|move: Protect\n|move|p1a: Tyranitar|Rock Slide|p2b: Incineroar|[spread] p2a,p2b\n|-supereffective|p2b: Incineroar|1\n|-damage|p2a: Sinistcha|48/100\n|-damage|p2b: Incineroar|11/100\n|move|p2a: Sinistcha|Strength Sap|p1a: Tyranitar\n|-unboost|p1a: Tyranitar|atk|1\n|-heal|p2a: Sinistcha|100/100\n|\n|-weather|Sandstorm|[upkeep]\n|-damage|p2a: Sinistcha|94/100|[from] Sandstorm\n|-damage|p2b: Incineroar|5/100|[from] Sandstorm\n|-heal|p2a: Sinistcha|100/100|[from] item: Leftovers\n|upkeep\n|turn|3\n|\n|t:|1776051554\n|move|p2b: Incineroar|Protect|p2b: Incineroar\n|-singleturn|p2b: Incineroar|Protect\n|move|p1a: Tyranitar|Rock Slide|p2b: Incineroar|[spread] \n|-activate|p2b: Incineroar|move: Protect\n|-miss|p1a: Tyranitar|p2a: Sinistcha\n|move|p1b: Garchomp|Rock Slide|p2b: Incineroar|[spread] p2a\n|-activate|p2b: Incineroar|move: Protect\n|-damage|p2a: Sinistcha|84/100\n|cant|p2a: Sinistcha|flinch\n|\n|-weather|Sandstorm|[upkeep]\n|-damage|p2a: Sinistcha|78/100|[from] Sandstorm\n|-damage|p2b: Incineroar|0 fnt|[from] Sandstorm\n|faint|p2b: Incineroar\n|-heal|p2a: Sinistcha|84/100|[from] item: Leftovers\n|upkeep\n|\n|t:|1776051566\n|switch|p2b: Delphox|Delphox, L50, M, shiny|100/100\n|turn|4\n|inactive|vervejl has 30 seconds left.\n|\n|t:|1776051596\n|switch|p1b: Sinistcha|Sinistcha, L50|100/100\n|detailschange|p2b: Delphox|Delphox-Mega, L50, M, shiny\n|-mega|p2b: Delphox|Delphox|Delphoxite\n|move|p2b: Delphox|Protect|p2b: Delphox\n|-singleturn|p2b: Delphox|Protect\n|move|p1a: Tyranitar|Rock Slide|p2a: Sinistcha|[spread] p2a\n|-activate|p2b: Delphox|move: Protect\n|-damage|p2a: Sinistcha|68/100\n|move|p2a: Sinistcha|Matcha Gotcha|p1b: Sinistcha|[spread] p1a,p1b\n|-supereffective|p1a: Tyranitar|1\n|-crit|p1a: Tyranitar\n|-resisted|p1b: Sinistcha|1\n|-damage|p1a: Tyranitar|52/100\n|-heal|p2a: Sinistcha|92/100|[from] drain|[of] p1a: Tyranitar\n|-damage|p1b: Sinistcha|88/100\n|-heal|p2a: Sinistcha|98/100|[from] drain|[of] p1b: Sinistcha\n|\n|-weather|Sandstorm|[upkeep]\n|-damage|p2b: Delphox|94/100|[from] Sandstorm\n|-damage|p2a: Sinistcha|92/100|[from] Sandstorm\n|-damage|p1b: Sinistcha|82/100|[from] Sandstorm\n|-heal|p2a: Sinistcha|98/100|[from] item: Leftovers\n|upkeep\n|turn|5\n|inactive|vervejl has 30 seconds left.\n|\n|t:|1776051628\n|move|p2a: Sinistcha|Rage Powder|p2a: Sinistcha\n|-singleturn|p2a: Sinistcha|move: Rage Powder\n|move|p1b: Sinistcha|Rage Powder|p1b: Sinistcha\n|-singleturn|p1b: Sinistcha|move: Rage Powder\n|move|p2b: Delphox|Heat Wave|p1b: Sinistcha|[spread] p1a,p1b\n|-resisted|p1a: Tyranitar|1\n|-supereffective|p1b: Sinistcha|1\n|-damage|p1a: Tyranitar|37/100\n|-damage|p1b: Sinistcha|3/100\n|-enditem|p1b: Sinistcha|Sitrus Berry|[eat]\n|-heal|p1b: Sinistcha|28/100|[from] item: Sitrus Berry\n|move|p1a: Tyranitar|Rock Slide|p2a: Sinistcha|[spread] p2a,p2b\n|-supereffective|p2b: Delphox|1\n|-damage|p2a: Sinistcha|83/100\n|-damage|p2b: Delphox|29/100\n|\n|-weather|Sandstorm|[upkeep]\n|-damage|p2b: Delphox|23/100|[from] Sandstorm\n|-damage|p2a: Sinistcha|77/100|[from] Sandstorm\n|-damage|p1b: Sinistcha|22/100|[from] Sandstorm\n|-heal|p2a: Sinistcha|83/100|[from] item: Leftovers\n|upkeep\n|turn|6\n|\n|t:|1776051651\n|switch|p2b: Rotom|Rotom-Wash, L50, shiny|100/100\n|switch|p1a: Garchomp|Garchomp-Mega, L50, M|65/100\n|move|p2a: Sinistcha|Matcha Gotcha|p1a: Garchomp|[spread] p1a,p1b\n|-resisted|p1b: Sinistcha|1\n|-damage|p1a: Garchomp|40/100\n|-heal|p2a: Sinistcha|97/100|[from] drain|[of] p1a: Garchomp\n|-damage|p1b: Sinistcha|9/100\n|-heal|p2a: Sinistcha|100/100|[from] drain|[of] p1b: Sinistcha\n|move|p1b: Sinistcha|Strength Sap|p2a: Sinistcha\n|-unboost|p2a: Sinistcha|atk|1\n|-heal|p1b: Sinistcha|54/100\n|\n|-weather|none\n|upkeep\n|turn|7\n|inactive|vervejl has 30 seconds left.\n|\n|t:|1776051684\n|move|p1b: Sinistcha|Rage Powder|p1b: Sinistcha\n|-singleturn|p1b: Sinistcha|move: Rage Powder\n|move|p2b: Rotom|Hydro Pump|p1b: Sinistcha\n|-resisted|p1b: Sinistcha|1\n|-damage|p1b: Sinistcha|28/100\n|move|p1a: Garchomp|Rock Slide|p2a: Sinistcha|[spread] p2a,p2b\n|-damage|p2a: Sinistcha|84/100\n|-damage|p2b: Rotom|72/100\n|move|p2a: Sinistcha|Shadow Ball|p1b: Sinistcha\n|-supereffective|p1b: Sinistcha|1\n|-crit|p1b: Sinistcha\n|-damage|p1b: Sinistcha|0 fnt\n|faint|p1b: Sinistcha\n|\n|-heal|p2a: Sinistcha|90/100|[from] item: Leftovers\n|upkeep\n|\n|t:|1776051697\n|switch|p1b: Tyranitar|Tyranitar, L50, F|37/100\n|-weather|Sandstorm|[from] ability: Sand Stream|[of] p1b: Tyranitar\n|turn|8\n|\n|t:|1776051712\n|move|p2b: Rotom|Hydro Pump|p1b: Tyranitar\n|-supereffective|p1b: Tyranitar|1\n|-damage|p1b: Tyranitar|0 fnt\n|faint|p1b: Tyranitar\n|move|p1a: Garchomp|Rock Slide|p2b: Rotom|[spread] p2a,p2b\n|-damage|p2a: Sinistcha|66/100\n|-damage|p2b: Rotom|38/100\n|move|p2a: Sinistcha|Matcha Gotcha|p1a: Garchomp\n|-damage|p1a: Garchomp|8/100\n|-heal|p2a: Sinistcha|83/100|[from] drain|[of] p1a: Garchomp\n|\n|-weather|Sandstorm|[upkeep]\n|-damage|p2b: Rotom|32/100|[from] Sandstorm\n|-damage|p2a: Sinistcha|76/100|[from] Sandstorm\n|-heal|p2a: Sinistcha|83/100|[from] item: Leftovers\n|upkeep\n|turn|9\n|-message|vervejl forfeited.\n|\n|win|thelastravenpuff\n|raw|vervejl's rating: 1093 &rarr; <strong>1072</strong><br />(-21 for losing)\n|raw|thelastravenpuff's rating: 1139 &rarr; <strong>1161</strong><br />(+22 for winning)\n|l|\u2606vervejl\n|player|p1|\n",
  "uploadtime": 1776051728,
  "views": 16,
  "formatid": "gen9championsvgc2026regma",
  "rating": 1072,
  "private": 0,
  "password": null
}