{
  "id": "gen9championsvgc2026regma-2586230762",
  "format": "[Gen 9 Champions] VGC 2026 Reg M-A",
  "players": [
    "migueltroll22",
    "The Carkol Rider"
  ],
  "log": "|j|\u2606migueltroll22\n|j|\u2606The Carkol Rider\n|html|<table width=\"100%\"><tr><td align=\"left\">migueltroll22</td><td align=\"right\">The Carkol Rider</tr><tr><td align=\"left\"><i class=\"fa fa-circle-o\"></i> <i class=\"fa fa-circle-o\"></i> </td><td align=\"right\"><i class=\"fa fa-circle-o\"></i> <i class=\"fa fa-circle\"></i> </tr></table>\n|uhtml|bestof|<h2><strong>Game 2</strong> of <a href=\"/game-bestof3-gen9championsvgc2026regma-2586228725\">a best-of-3</a></h2>\n|t:|1776415144\n|gametype|doubles\n|player|p1|migueltroll22|drayden|\n|player|p2|The Carkol Rider|grimsley|\n|gen|9\n|tier|[Gen 9 Champions] VGC 2026 Reg M-A\n|rated|Tournament battle\n|rule|Species Clause: Limit one of each Pok\u00e9mon\n|rule|Item Clause: Limit 1 of each item\n|raw|<div class=\"infobox\"><details class=\"readmore\" open><summary><strong>2 custom rules:</strong></summary> Force Open Team Sheets, Best of = 3</details></div>\n|clearpoke\n|poke|p1|Charizard, L50, M|\n|poke|p1|Venusaur, L50, M|\n|poke|p1|Garchomp, L50, M|\n|poke|p1|Rotom-Wash, L50|\n|poke|p1|Sneasler, L50, M|\n|poke|p1|Incineroar, L50, M|\n|poke|p2|Floette-Eternal, L50, F|\n|poke|p2|Maushold, L50|\n|poke|p2|Garchomp, L50, M|\n|poke|p2|Talonflame, L50, F|\n|poke|p2|Rotom-Wash, L50|\n|poke|p2|Aegislash, L50, M|\n|teampreview|4\n|showteam|p1|Charizard||CharizarditeY|SolarPower|HeatWave,WeatherBall,SolarBeam,Protect|||M|||50|]Venusaur||FocusSash|Chlorophyll|LeafStorm,SludgeBomb,SleepPowder,Protect|||M|||50|]Garchomp||ChoiceScarf|RoughSkin|Earthquake,DragonClaw,RockSlide,Bulldoze|||M|||50|]Rotom-Wash||Leftovers|Levitate|Protect,HydroPump,Thunderbolt,WillOWisp||||||50|]Sneasler||WhiteHerb|Unburden|CloseCombat,FakeOut,RockTomb,DireClaw|||M|||50|]Incineroar||SitrusBerry|Intimidate|FakeOut,FlareBlitz,PartingShot,DarkestLariat|||M|||50|\n|showteam|p2|Floette-Eternal||Floettite|FlowerVeil|Moonblast,DazzlingGleam,Protect,CalmMind|||F|||50|]Maushold||FocusSash|FriendGuard|SuperFang,Taunt,Protect,FollowMe||||||50|]Garchomp||ChoiceScarf|RoughSkin|Earthquake,DragonClaw,RockSlide,StompingTantrum|||M|||50|]Talonflame|||GaleWings|Acrobatics,FlareBlitz,Tailwind,Protect|||F|||50|]Rotom-Wash||SitrusBerry|Levitate|HydroPump,Electroweb,Thunderbolt,HelpingHand||||||50|]Aegislash||SpellTag|StanceChange|Poltergeist,ShadowSneak,IronHead,KingsShield|||M|||50|\n|j| porygon-epilepz\n|inactive|Battle timer is ON: inactive players will automatically lose when time's up. (requested by migueltroll22)\n|l| porygon-epilepz\n|\n|t:|1776415173\n|teamsize|p1|4\n|teamsize|p2|4\n|start\n|switch|p1a: Incineroar|Incineroar, L50, M|100/100\n|switch|p1b: Rotom|Rotom-Wash, L50|100/100\n|switch|p2a: Garchomp|Garchomp, L50, M|100/100\n|switch|p2b: Talonflame|Talonflame, L50, F|100/100\n|-ability|p1a: Incineroar|Intimidate|boost\n|-unboost|p2a: Garchomp|atk|1\n|-unboost|p2b: Talonflame|atk|1\n|turn|1\n|\n|t:|1776415194\n|switch|p2a: Floette|Floette-Eternal, L50, F|100/100\n|move|p2b: Talonflame|Protect|p2b: Talonflame\n|-singleturn|p2b: Talonflame|Protect\n|move|p1a: Incineroar|Fake Out|p2a: Floette\n|-damage|p2a: Floette|82/100\n|move|p1b: Rotom|Will-O-Wisp|p2a: Floette\n|-status|p2a: Floette|brn\n|\n|-damage|p2a: Floette|75/100 brn|[from] brn\n|upkeep\n|turn|2\n|\n|t:|1776415216\n|detailschange|p2a: Floette|Floette-Mega, L50, F\n|-mega|p2a: Floette|Floette|Floettite\n|-ability|p2a: Floette|Fairy Aura\n|move|p2b: Talonflame|Acrobatics|p1a: Incineroar\n|-damage|p1a: Incineroar|74/100\n|move|p2a: Floette|Moonblast|p1a: Incineroar\n|-damage|p1a: Incineroar|0 fnt\n|faint|p1a: Incineroar\n|move|p1b: Rotom|Thunderbolt|p2b: Talonflame\n|-supereffective|p2b: Talonflame|1\n|-crit|p2b: Talonflame\n|-damage|p2b: Talonflame|0 fnt\n|faint|p2b: Talonflame\n|\n|-damage|p2a: Floette|69/100 brn|[from] brn\n|upkeep\n|j| QueerCrocodile\n|\n|t:|1776415232\n|switch|p2b: Garchomp|Garchomp, L50, M|100/100\n|switch|p1a: Charizard|Charizard, L50, M|100/100\n|turn|3\n|\n|t:|1776415245\n|detailschange|p1a: Charizard|Charizard-Mega-Y, L50, M\n|-mega|p1a: Charizard|Charizard|Charizardite Y\n|-weather|SunnyDay|[from] ability: Drought|[of] p1a: Charizard\n|move|p1a: Charizard|Protect|p1a: Charizard\n|-singleturn|p1a: Charizard|Protect\n|move|p2b: Garchomp|Rock Slide|p1a: Charizard|[spread] p1b\n|-activate|p1a: Charizard|move: Protect\n|-damage|p1b: Rotom|83/100\n|move|p2a: Floette|Moonblast|p1b: Rotom\n|-damage|p1b: Rotom|2/100\n|cant|p1b: Rotom|flinch\n|\n|-weather|SunnyDay|[upkeep]\n|-heal|p1b: Rotom|8/100|[from] item: Leftovers\n|-damage|p2a: Floette|63/100 brn|[from] brn\n|upkeep\n|turn|4\n|inactive|migueltroll22 has 30 seconds left.\n|\n|t:|1776415272\n|switch|p1a: Venusaur|Venusaur, L50, M|100/100\n|move|p1b: Rotom|Protect|p1b: Rotom\n|-singleturn|p1b: Rotom|Protect\n|move|p2b: Garchomp|Rock Slide|p1b: Rotom|[spread] p1a\n|-activate|p1b: Rotom|move: Protect\n|-damage|p1a: Venusaur|76/100\n|move|p2a: Floette|Moonblast|p1a: Venusaur\n|-resisted|p1a: Venusaur|1\n|-damage|p1a: Venusaur|28/100\n|\n|-weather|SunnyDay|[upkeep]\n|-heal|p1b: Rotom|13/100|[from] item: Leftovers\n|-damage|p2a: Floette|57/100 brn|[from] brn\n|upkeep\n|turn|5\n|inactive|migueltroll22 has 30 seconds left.\n|\n|t:|1776415297\n|switch|p2b: Aegislash|Aegislash, L50, M|100/100\n|move|p1a: Venusaur|Sleep Powder|p2b: Aegislash\n|-status|p2b: Aegislash|slp|[from] move: Sleep Powder\n|move|p2a: Floette|Dazzling Gleam|p1b: Rotom|[spread] p1a,p1b\n|-resisted|p1a: Venusaur|1\n|-damage|p1a: Venusaur|0 fnt\n|-damage|p1b: Rotom|0 fnt\n|faint|p1a: Venusaur\n|faint|p1b: Rotom\n|\n|-weather|SunnyDay|[upkeep]\n|-damage|p2a: Floette|51/100 brn|[from] brn\n|upkeep\n|\n|t:|1776415309\n|switch|p1b: Charizard|Charizard-Mega-Y, L50, M|100/100\n|turn|6\n|\n|t:|1776415319\n|move|p2a: Floette|Protect|p2a: Floette\n|-singleturn|p2a: Floette|Protect\n|move|p1b: Charizard|Heat Wave|p2a: Floette|[spread] p2b\n|-activate|p2a: Floette|move: Protect\n|-supereffective|p2b: Aegislash|1\n|-damage|p2b: Aegislash|0 fnt\n|faint|p2b: Aegislash\n|\n|-weather|SunnyDay|[upkeep]\n|-damage|p2a: Floette|45/100 brn|[from] brn\n|upkeep\n|\n|t:|1776415320\n|switch|p2b: Garchomp|Garchomp, L50, M|100/100\n|turn|7\n|\n|t:|1776415333\n|move|p2b: Garchomp|Dragon Claw|p1b: Charizard\n|-damage|p1b: Charizard|46/100\n|move|p1b: Charizard|Heat Wave|p2b: Garchomp|[spread] p2a,p2b\n|-resisted|p2b: Garchomp|1\n|-damage|p2a: Floette|2/100 brn\n|-damage|p2b: Garchomp|64/100\n|move|p2a: Floette|Moonblast|p1b: Charizard\n|-resisted|p1b: Charizard|1\n|-damage|p1b: Charizard|0 fnt\n|faint|p1b: Charizard\n|\n|win|The Carkol Rider\n",
  "uploadtime": 1776415150,
  "views": 19,
  "formatid": "gen9championsvgc2026regma",
  "rating": null,
  "private": 0,
  "password": null
}