{
  "id": "gen9championsvgc2026regma-2584238320",
  "format": "[Gen 9 Champions] VGC 2026 Reg M-A",
  "players": [
    "SimMikaze",
    "Nadoof"
  ],
  "log": "|j|\u2606SimMikaze\n|j|\u2606Nadoof\n|t:|1776241863\n|gametype|doubles\n|player|p1|SimMikaze|miku-ghost|1288\n|player|p2|Nadoof|101|1301\n|gen|9\n|tier|[Gen 9 Champions] VGC 2026 Reg M-A\n|rated|\n|rule|Species Clause: Limit one of each Pok\u00e9mon\n|rule|Item Clause: Limit 1 of each item\n|clearpoke\n|poke|p1|Gengar, L50, M|\n|poke|p1|Maushold, L50|\n|poke|p1|Whimsicott, L50, M|\n|poke|p1|Incineroar, L50, M|\n|poke|p1|Politoed, L50, F|\n|poke|p1|Kommo-o, L50, F|\n|poke|p2|Meganium, L50, F|\n|poke|p2|Aerodactyl, L50, F|\n|poke|p2|Aegislash, L50, M|\n|poke|p2|Incineroar, L50, F|\n|poke|p2|Sneasler, L50, M|\n|poke|p2|Lucario, L50, M|\n|teampreview|4\n|\n|t:|1776241901\n|teamsize|p1|4\n|teamsize|p2|4\n|start\n|switch|p1a: Gengar|Gengar, L50, M, shiny|100/100\n|switch|p1b: Whimsicott|Whimsicott, L50, M|100/100\n|switch|p2a: Aerodactyl|Aerodactyl, L50, F|100/100\n|switch|p2b: Meganium|Meganium, L50, F|100/100\n|-ability|p2a: Aerodactyl|Unnerve\n|turn|1\n|\n|t:|1776241924\n|switch|p1b: Incineroar|Incineroar, L50, M, shiny|100/100\n|-ability|p1b: Incineroar|Intimidate|boost\n|-unboost|p2a: Aerodactyl|atk|1\n|-unboost|p2b: Meganium|atk|1\n|switch|p2b: Incineroar|Incineroar, L50, F|100/100\n|-ability|p2b: Incineroar|Intimidate|boost\n|-unboost|p1a: Gengar|atk|1\n|-unboost|p1b: Incineroar|atk|1\n|detailschange|p1a: Gengar|Gengar-Mega, L50, M, shiny\n|-mega|p1a: Gengar|Gengar|Gengarite\n|move|p1a: Gengar|Protect|p1a: Gengar\n|-singleturn|p1a: Gengar|Protect\n|move|p2a: Aerodactyl|Dual Wingbeat|p1b: Incineroar\n|-damage|p1b: Incineroar|90/100\n|-damage|p1b: Incineroar|81/100\n|-hitcount|p1b: Incineroar|2\n|\n|upkeep\n|turn|2\n|\n|t:|1776241944\n|move|p1b: Incineroar|Fake Out|p2a: Aerodactyl\n|-resisted|p2a: Aerodactyl|1\n|-damage|p2a: Aerodactyl|95/100\n|cant|p2a: Aerodactyl|flinch\n|move|p1a: Gengar|Perish Song|p1a: Gengar\n|-start|p1a: Gengar|perish3|[silent]\n|-start|p1b: Incineroar|perish3|[silent]\n|-start|p2a: Aerodactyl|perish3|[silent]\n|-start|p2b: Incineroar|perish3|[silent]\n|-fieldactivate|move: Perish Song\n|move|p2b: Incineroar|Parting Shot|p1a: Gengar\n|-unboost|p1a: Gengar|atk|1\n|-unboost|p1a: Gengar|spa|1\n|\n|t:|1776241953\n|switch|p2b: Sneasler|Sneasler, L50, M|100/100|[from] Parting Shot\n|\n|-start|p2a: Aerodactyl|perish3\n|-start|p1a: Gengar|perish3\n|-start|p1b: Incineroar|perish3\n|upkeep\n|turn|3\n|\n|t:|1776241962\n|move|p1a: Gengar|Protect|p1a: Gengar\n|-singleturn|p1a: Gengar|Protect\n|move|p1b: Incineroar|Protect|p1b: Incineroar\n|-singleturn|p1b: Incineroar|Protect\n|move|p2a: Aerodactyl|Rock Slide|p1a: Gengar|[spread] \n|-activate|p1a: Gengar|move: Protect\n|-activate|p1b: Incineroar|move: Protect\n|move|p2b: Sneasler|Dire Claw|p1b: Incineroar\n|-activate|p1b: Incineroar|move: Protect\n|\n|-start|p1a: Gengar|perish2\n|-start|p2a: Aerodactyl|perish2\n|-start|p1b: Incineroar|perish2\n|upkeep\n|turn|4\n|\n|t:|1776241979\n|switch|p1a: Kommo-o|Kommo-o, L50, F|100/100\n|move|p2a: Aerodactyl|Dual Wingbeat|p1b: Incineroar\n|-damage|p1b: Incineroar|72/100\n|-damage|p1b: Incineroar|62/100\n|-hitcount|p1b: Incineroar|2\n|move|p2b: Sneasler|Close Combat|p1b: Incineroar\n|-supereffective|p1b: Incineroar|1\n|-damage|p1b: Incineroar|0 fnt\n|-unboost|p2b: Sneasler|def|1\n|-unboost|p2b: Sneasler|spd|1\n|faint|p1b: Incineroar\n|-enditem|p2b: Sneasler|White Herb\n|-clearnegativeboost|p2b: Sneasler|[silent]\n|\n|-start|p2a: Aerodactyl|perish1\n|upkeep\n|\n|t:|1776241990\n|switch|p1b: Gengar|Gengar-Mega, L50, M, shiny|100/100\n|turn|5\n|\n|t:|1776242015\n|move|p1b: Gengar|Protect|p1b: Gengar\n|-singleturn|p1b: Gengar|Protect\n|move|p2b: Sneasler|Close Combat|p1a: Kommo-o\n|-damage|p1a: Kommo-o|61/100\n|-unboost|p2b: Sneasler|def|1\n|-unboost|p2b: Sneasler|spd|1\n|move|p2a: Aerodactyl|Tailwind|p2a: Aerodactyl\n|-sidestart|p2: Nadoof|move: Tailwind\n|move|p1a: Kommo-o|Iron Defense|p1a: Kommo-o\n|-boost|p1a: Kommo-o|def|2\n|\n|-start|p2a: Aerodactyl|perish0\n|faint|p2a: Aerodactyl\n|upkeep\n|\n|t:|1776242022\n|switch|p2a: Meganium|Meganium, L50, F|100/100\n|turn|6\n|\n|t:|1776242053\n|detailschange|p2a: Meganium|Meganium-Mega, L50, F\n|-mega|p2a: Meganium|Meganium|Meganiumite\n|move|p2b: Sneasler|Dire Claw|p1b: Gengar\n|-resisted|p1b: Gengar|2\n|-damage|p1b: Gengar|87/100\n|-status|p1b: Gengar|slp\n|move|p2a: Meganium|Weather Ball|p1b: Gengar\n|-damage|p1b: Gengar|13/100 slp\n|cant|p1b: Gengar|slp\n|move|p1a: Kommo-o|Draco Meteor|p2b: Sneasler|[miss]\n|-miss|p1a: Kommo-o|p2b: Sneasler\n|\n|upkeep\n|turn|7\n|c|\u2606SimMikaze|Bruh, what\n|c|\u2606SimMikaze|That was wildly unfortunate\n|\n|t:|1776242103\n|-curestatus|p1b: Gengar|slp|[msg]\n|move|p1b: Gengar|Protect|p1b: Gengar\n|-singleturn|p1b: Gengar|Protect\n|move|p2b: Sneasler|Dire Claw|p1a: Kommo-o\n|-damage|p1a: Kommo-o|46/100\n|-status|p1a: Kommo-o|par\n|move|p2a: Meganium|Dazzling Gleam|p1a: Kommo-o|[spread] p1a\n|-activate|p1b: Gengar|move: Protect\n|-supereffective|p1a: Kommo-o|2\n|-damage|p1a: Kommo-o|0 fnt\n|faint|p1a: Kommo-o\n|\n|upkeep\n|c|\u2606Nadoof|Yeah\n|\n|t:|1776242113\n|switch|p1a: Whimsicott|Whimsicott, L50, M|100/100\n|turn|8\n|c|\u2606Nadoof|Bs mon\n|c|\u2606SimMikaze|When I use, it is 0%\n|c|\u2606Nadoof|Lol\n|c|\u2606SimMikaze|I have used sneaslee alot, Dire Claw has no status\n|-message|SimMikaze forfeited.\n|\n|win|Nadoof\n|raw|SimMikaze's rating: 1288 &rarr; <strong>1264</strong><br />(-24 for losing)\n|raw|Nadoof's rating: 1301 &rarr; <strong>1320</strong><br />(+19 for winning)\n",
  "uploadtime": 1776242150,
  "views": 27,
  "formatid": "gen9championsvgc2026regma",
  "rating": 1264,
  "private": 0,
  "password": null
}