{
  "id": "gen9championsvgc2026regma-2585416562",
  "format": "[Gen 9 Champions] VGC 2026 Reg M-A",
  "players": [
    "honeybeegirl122",
    "Psychichomper"
  ],
  "log": "|j|\u2606honeybeegirl122\n|j|\u2606Psychichomper\n|t:|1776345777\n|gametype|doubles\n|player|p1|honeybeegirl122|lass|1051\n|player|p2|Psychichomper|blackbelt-gen4dp|1097\n|gen|9\n|tier|[Gen 9 Champions] VGC 2026 Reg M-A\n|rated|\n|rule|Species Clause: Limit one of each Pok\u00e9mon\n|rule|Item Clause: Limit 1 of each item\n|clearpoke\n|poke|p1|Gengar, L50, M|\n|poke|p1|Politoed, L50, F|\n|poke|p1|Basculegion, L50, M|\n|poke|p1|Maushold, L50|\n|poke|p1|Incineroar, L50, M|\n|poke|p1|Aromatisse, L50, F|\n|poke|p2|Aerodactyl, L50, M|\n|poke|p2|Floette-Eternal, L50, F|\n|poke|p2|Incineroar, L50, F|\n|poke|p2|Garchomp, L50, M|\n|poke|p2|Maushold-Four, L50|\n|poke|p2|Delphox, L50, M|\n|teampreview|4\n|inactive|Battle timer is ON: inactive players will automatically lose when time's up. (requested by Psychichomper)\n|inactive|Psychichomper has 60 seconds left.\n|\n|t:|1776345808\n|teamsize|p1|4\n|teamsize|p2|4\n|start\n|switch|p1a: Gengar|Gengar, L50, M|100/100\n|switch|p1b: Incineroar|Incineroar, L50, M|100/100\n|switch|p2a: Garchomp|Garchomp, L50, M, shiny|100/100\n|switch|p2b: Aerodactyl|Aerodactyl, L50, M, shiny|100/100\n|-ability|p2b: Aerodactyl|Unnerve\n|-ability|p1b: Incineroar|Intimidate|boost\n|-unboost|p2a: Garchomp|atk|1\n|-unboost|p2b: Aerodactyl|atk|1\n|-enditem|p2a: Garchomp|White Herb\n|-clearnegativeboost|p2a: Garchomp|[silent]\n|turn|1\n|\n|t:|1776345827\n|detailschange|p1a: Gengar|Gengar-Mega, L50, M\n|-mega|p1a: Gengar|Gengar|Gengarite\n|move|p2b: Aerodactyl|Protect|p2b: Aerodactyl\n|-singleturn|p2b: Aerodactyl|Protect\n|move|p2a: Garchomp|Protect|p2a: Garchomp\n|-singleturn|p2a: Garchomp|Protect\n|move|p1b: Incineroar|Fake Out|p2a: Garchomp\n|-activate|p2a: Garchomp|move: Protect\n|move|p1a: Gengar|Perish Song|p1a: Gengar\n|-start|p1a: Gengar|perish3|[silent]\n|-start|p1b: Incineroar|perish3|[silent]\n|-start|p2a: Garchomp|perish3|[silent]\n|-start|p2b: Aerodactyl|perish3|[silent]\n|-fieldactivate|move: Perish Song\n|\n|-start|p2b: Aerodactyl|perish3\n|-start|p1a: Gengar|perish3\n|-start|p2a: Garchomp|perish3\n|-start|p1b: Incineroar|perish3\n|upkeep\n|turn|2\n|\n|t:|1776345846\n|move|p1a: Gengar|Protect|p1a: Gengar\n|-singleturn|p1a: Gengar|Protect\n|move|p1b: Incineroar|Protect|p1b: Incineroar\n|-singleturn|p1b: Incineroar|Protect\n|move|p2b: Aerodactyl|Tailwind|p2b: Aerodactyl\n|-sidestart|p2: Psychichomper|move: Tailwind\n|move|p2a: Garchomp|Earthquake|p1b: Incineroar|[spread] \n|-activate|p1a: Gengar|move: Protect\n|-activate|p1b: Incineroar|move: Protect\n|-immune|p2b: Aerodactyl\n|\n|-start|p2b: Aerodactyl|perish2\n|-start|p2a: Garchomp|perish2\n|-start|p1a: Gengar|perish2\n|-start|p1b: Incineroar|perish2\n|upkeep\n|turn|3\n|inactive|honeybeegirl122 has 30 seconds left.\n|\n|t:|1776345873\n|switch|p1a: Aromatisse|Aromatisse, L50, F, shiny|100/100\n|move|p2b: Aerodactyl|Rock Slide|p1b: Incineroar|[spread] p1a,p1b\n|-supereffective|p1b: Incineroar|1\n|-damage|p1a: Aromatisse|86/100\n|-damage|p1b: Incineroar|67/100\n|move|p2a: Garchomp|Earthquake|p1b: Incineroar|[spread] p1a,p1b\n|-immune|p2b: Aerodactyl\n|-supereffective|p1b: Incineroar|1\n|-damage|p1a: Aromatisse|55/100\n|-damage|p1b: Incineroar|0 fnt\n|faint|p1b: Incineroar\n|\n|-start|p2b: Aerodactyl|perish1\n|-start|p2a: Garchomp|perish1\n|upkeep\n|\n|t:|1776345889\n|switch|p1b: Gengar|Gengar-Mega, L50, M|100/100\n|turn|4\n|\n|t:|1776345897\n|move|p1b: Gengar|Protect|p1b: Gengar\n|-singleturn|p1b: Gengar|Protect\n|move|p1a: Aromatisse|Protect|p1a: Aromatisse\n|-singleturn|p1a: Aromatisse|Protect\n|move|p2b: Aerodactyl|Rock Slide|p1a: Aromatisse|[spread] \n|-activate|p1a: Aromatisse|move: Protect\n|-activate|p1b: Gengar|move: Protect\n|move|p2a: Garchomp|Earthquake|p1b: Gengar|[spread] \n|-activate|p1a: Aromatisse|move: Protect\n|-activate|p1b: Gengar|move: Protect\n|-immune|p2b: Aerodactyl\n|\n|-start|p2b: Aerodactyl|perish0\n|-start|p2a: Garchomp|perish0\n|faint|p2b: Aerodactyl\n|faint|p2a: Garchomp\n|upkeep\n|\n|t:|1776345901\n|switch|p2b: Floette|Floette-Eternal, L50, F|100/100\n|switch|p2a: Incineroar|Incineroar, L50, F, shiny|100/100\n|-ability|p2a: Incineroar|Intimidate|boost\n|-unboost|p1a: Aromatisse|atk|1\n|-unboost|p1b: Gengar|atk|1\n|turn|5\n|\n|t:|1776345924\n|detailschange|p2b: Floette|Floette-Mega, L50, F\n|-mega|p2b: Floette|Floette|Floettite\n|-ability|p2b: Floette|Fairy Aura\n|move|p1a: Aromatisse|Ally Switch|p1a: Aromatisse\n|swap|p1a: Aromatisse|1|[from] move: Ally Switch\n|move|p2b: Floette|Calm Mind|p2b: Floette\n|-boost|p2b: Floette|spa|1\n|-boost|p2b: Floette|spd|1\n|move|p1a: Gengar|Perish Song|p1a: Gengar\n|-start|p1a: Gengar|perish3|[silent]\n|-start|p1b: Aromatisse|perish3|[silent]\n|-start|p2a: Incineroar|perish3|[silent]\n|-start|p2b: Floette|perish3|[silent]\n|-fieldactivate|move: Perish Song\n|move|p2a: Incineroar|Throat Chop|p1b: Aromatisse\n|-resisted|p1b: Aromatisse|1\n|-damage|p1b: Aromatisse|43/100\n|-start|p1b: Aromatisse|Throat Chop|[silent]\n|\n|-start|p2b: Floette|perish3\n|-start|p1a: Gengar|perish3\n|-start|p2a: Incineroar|perish3\n|-start|p1b: Aromatisse|perish3\n|-sideend|p2: Psychichomper|move: Tailwind\n|upkeep\n|turn|6\n|-message|Psychichomper forfeited.\n|\n|win|honeybeegirl122\n|raw|honeybeegirl122's rating: 1051 &rarr; <strong>1088</strong><br />(+37 for winning)\n|raw|Psychichomper's rating: 1097 &rarr; <strong>1069</strong><br />(-28 for losing)\n|l|\u2606Psychichomper\n|player|p2|\n",
  "uploadtime": 1776345950,
  "views": 38,
  "formatid": "gen9championsvgc2026regma",
  "rating": 1069,
  "private": 0,
  "password": null
}