{
  "id": "gen9championsvgc2026regma-2584831170",
  "format": "[Gen 9 Champions] VGC 2026 Reg M-A",
  "players": [
    "dashram",
    "lets buy packs"
  ],
  "log": "|j|\u2606dashram\n|j|\u2606lets buy packs\n|t:|1776287013\n|gametype|doubles\n|player|p1|dashram|1|1204\n|player|p2|lets buy packs|red-masters3|1104\n|gen|9\n|tier|[Gen 9 Champions] VGC 2026 Reg M-A\n|rated|\n|rule|Species Clause: Limit one of each Pok\u00e9mon\n|rule|Item Clause: Limit 1 of each item\n|clearpoke\n|poke|p1|Meganium, L50, F|\n|poke|p1|Sneasler, L50, M|\n|poke|p1|Aerodactyl, L50, M|\n|poke|p1|Typhlosion-Hisui, L50, F|\n|poke|p1|Kangaskhan, L50, F|\n|poke|p1|Archaludon, L50, M|\n|poke|p2|Espathra, L50, F|\n|poke|p2|Glimmora, L50, F|\n|poke|p2|Incineroar, L50, M|\n|poke|p2|Maushold-Four, L50|\n|poke|p2|Froslass, L50, F|\n|poke|p2|Sneasler, L50, M|\n|teampreview|4\n|inactive|Battle timer is ON: inactive players will automatically lose when time's up. (requested by lets buy packs)\n|inactive|dashram also wants the timer to be on.\ndashram rejected open team sheets.\n|inactive|dashram has 60 seconds left.\n|\n|t:|1776287073\n|teamsize|p1|4\n|teamsize|p2|4\n|start\n|switch|p1a: Sneasler|Sneasler, L50, M|100/100\n|switch|p1b: Aerodactyl|Aerodactyl, L50, M|100/100\n|switch|p2a: Sneasler|Sneasler, L50, M|100/100\n|switch|p2b: Espathra|Espathra, L50, F|100/100\n|-ability|p1b: Aerodactyl|Unnerve\n|turn|1\n|inactive|dashram has 30 seconds left.\n|\n|t:|1776287108\n|move|p1a: Sneasler|Fake Out|p2b: Espathra\n|-damage|p2b: Espathra|80/100\n|move|p2a: Sneasler|Fake Out|p1b: Aerodactyl\n|-resisted|p1b: Aerodactyl|1\n|-damage|p1b: Aerodactyl|89/100\n|cant|p1b: Aerodactyl|flinch\n|cant|p2b: Espathra|flinch\n|\n|-ability|p2b: Espathra|Speed Boost|boost\n|-boost|p2b: Espathra|spe|1\n|upkeep\n|turn|2\n|inactive|lets buy packs has 30 seconds left.\n|\n|t:|1776287134\n|switch|p1a: Meganium|Meganium, L50, F|100/100\n|move|p2b: Espathra|Lumina Crash|p1b: Aerodactyl\n|-damage|p1b: Aerodactyl|37/100\n|-unboost|p1b: Aerodactyl|spd|2\n|move|p1b: Aerodactyl|Tailwind|p1b: Aerodactyl\n|-sidestart|p1: dashram|move: Tailwind\n|move|p2a: Sneasler|Close Combat|p1b: Aerodactyl\n|-damage|p1b: Aerodactyl|0 fnt\n|-unboost|p2a: Sneasler|def|1\n|-unboost|p2a: Sneasler|spd|1\n|faint|p1b: Aerodactyl\n|-enditem|p2a: Sneasler|White Herb\n|-clearnegativeboost|p2a: Sneasler|[silent]\n|\n|-ability|p2b: Espathra|Speed Boost|boost\n|-boost|p2b: Espathra|spe|1\n|upkeep\n|\n|t:|1776287151\n|switch|p1b: Typhlosion|Typhlosion-Hisui, L50, F|100/100\n|-item|p2b: Espathra|Focus Sash|[from] ability: Frisk|[of] p1b: Typhlosion\n|turn|3\n|\n|t:|1776287165\n|move|p2a: Sneasler|Protect|p2a: Sneasler\n|-singleturn|p2a: Sneasler|Protect\n|move|p2b: Espathra|Protect|p2b: Espathra\n|-singleturn|p2b: Espathra|Protect\n|move|p1a: Meganium|Protect|p1a: Meganium\n|-singleturn|p1a: Meganium|Protect\n|move|p1b: Typhlosion|Eruption|p2b: Espathra|[spread] \n|-activate|p2a: Sneasler|move: Protect\n|-activate|p2b: Espathra|move: Protect\n|\n|-ability|p2b: Espathra|Speed Boost|boost\n|-boost|p2b: Espathra|spe|1\n|upkeep\n|turn|4\n|\n|t:|1776287180\n|switch|p2b: Incineroar|Incineroar, L50, M|100/100\n|-ability|p2b: Incineroar|Intimidate|boost\n|-unboost|p1a: Meganium|atk|1\n|-unboost|p1b: Typhlosion|atk|1\n|detailschange|p1a: Meganium|Meganium-Mega, L50, F\n|-mega|p1a: Meganium|Meganium|Meganiumite\n|move|p1b: Typhlosion|Eruption|p2b: Incineroar|[spread] p2a,p2b\n|-resisted|p2b: Incineroar|1\n|-damage|p2a: Sneasler|16/100\n|-damage|p2b: Incineroar|80/100\n|move|p2a: Sneasler|Dire Claw|p1a: Meganium\n|-supereffective|p1a: Meganium|2\n|-damage|p1a: Meganium|0 fnt\n|faint|p1a: Meganium\n|\n|upkeep\n|\n|t:|1776287191\n|switch|p1a: Sneasler|Sneasler, L50, M|100/100\n|turn|5\n|\n|t:|1776287202\n|move|p1a: Sneasler|Fake Out|p2b: Incineroar\n|-damage|p2b: Incineroar|66/100\n|cant|p2b: Incineroar|flinch\n|move|p1b: Typhlosion|Eruption|p2a: Sneasler|[spread] p2a,p2b\n|-resisted|p2b: Incineroar|1\n|-damage|p2a: Sneasler|0 fnt\n|-damage|p2b: Incineroar|45/100\n|faint|p2a: Sneasler\n|\n|-sideend|p1: dashram|move: Tailwind\n|upkeep\n|\n|t:|1776287206\n|switch|p2a: Espathra|Espathra, L50, F|80/100\n|turn|6\n|\n|t:|1776287213\n|switch|p2b: Glimmora|Glimmora, L50, F, shiny|100/100\n|move|p2a: Espathra|Protect|p2a: Espathra\n|-singleturn|p2a: Espathra|Protect\n|move|p1b: Typhlosion|Eruption|p2a: Espathra|[spread] p2b\n|-activate|p2a: Espathra|move: Protect\n|-resisted|p2b: Glimmora|1\n|-damage|p2b: Glimmora|65/100\n|move|p1a: Sneasler|Close Combat|p2b: Glimmora\n|-damage|p2b: Glimmora|0 fnt\n|-unboost|p1a: Sneasler|def|1\n|-unboost|p1a: Sneasler|spd|1\n|-activate|p2b: Glimmora|ability: Toxic Debris\n|-sidestart|p1: dashram|move: Toxic Spikes\n|faint|p2b: Glimmora\n|-enditem|p1a: Sneasler|White Herb\n|-clearnegativeboost|p1a: Sneasler|[silent]\n|\n|-ability|p2a: Espathra|Speed Boost|boost\n|-boost|p2a: Espathra|spe|1\n|upkeep\n|\n|t:|1776287217\n|switch|p2b: Incineroar|Incineroar, L50, M|45/100\n|-ability|p2b: Incineroar|Intimidate|boost\n|-unboost|p1a: Sneasler|atk|1\n|-unboost|p1b: Typhlosion|atk|1\n|turn|7\n|\n|t:|1776287231\n|move|p2b: Incineroar|Fake Out|p1a: Sneasler\n|-crit|p1a: Sneasler\n|-damage|p1a: Sneasler|71/100\n|cant|p1a: Sneasler|flinch\n|move|p2a: Espathra|Lumina Crash|p1b: Typhlosion\n|-crit|p1b: Typhlosion\n|-damage|p1b: Typhlosion|24/100\n|-unboost|p1b: Typhlosion|spd|2\n|move|p1b: Typhlosion|Eruption|p2b: Incineroar|[spread] p2a,p2b\n|-resisted|p2b: Incineroar|1\n|-damage|p2a: Espathra|60/100\n|-damage|p2b: Incineroar|40/100\n|\n|-ability|p2a: Espathra|Speed Boost|boost\n|-boost|p2a: Espathra|spe|1\n|upkeep\n|turn|8\n|\n|t:|1776287244\n|move|p1a: Sneasler|Dire Claw|p2a: Espathra\n|-damage|p2a: Espathra|18/100\n|-status|p2a: Espathra|par\n|move|p1b: Typhlosion|Eruption|p2a: Espathra|[spread] p2a,p2b\n|-crit|p2a: Espathra\n|-resisted|p2b: Incineroar|1\n|-damage|p2a: Espathra|0 fnt\n|-damage|p2b: Incineroar|35/100\n|faint|p2a: Espathra\n|move|p2b: Incineroar|Throat Chop|p1b: Typhlosion\n|-supereffective|p1b: Typhlosion|1\n|-damage|p1b: Typhlosion|0 fnt\n|faint|p1b: Typhlosion\n|\n|upkeep\n|turn|9\n|\n|t:|1776287255\n|move|p1a: Sneasler|Close Combat|p2b: Incineroar\n|-supereffective|p2b: Incineroar|1\n|-enditem|p2b: Incineroar|Chople Berry|[eat]\n|-enditem|p2b: Incineroar|Chople Berry|[weaken]\n|-damage|p2b: Incineroar|0 fnt\n|-unboost|p1a: Sneasler|def|1\n|-unboost|p1a: Sneasler|spd|1\n|faint|p2b: Incineroar\n|\n|win|dashram\n|raw|dashram's rating: 1204 &rarr; <strong>1222</strong><br />(+18 for winning)\n|raw|lets buy packs's rating: 1104 &rarr; <strong>1086</strong><br />(-18 for losing)\n",
  "uploadtime": 1776287255,
  "views": 18,
  "formatid": "gen9championsvgc2026regma",
  "rating": 1086,
  "private": 0,
  "password": null
}