{
  "id": "gen9championsvgc2026regma-2588894180",
  "format": "[Gen 9 Champions] VGC 2026 Reg M-A",
  "players": [
    "randomsmileybob",
    "Halperyon"
  ],
  "log": "|j|\u2606randomsmileybob\n|j|\u2606Halperyon\n|t:|1776683316\n|gametype|doubles\n|player|p1|randomsmileybob|koga|1168\n|player|p2|Halperyon|170|1111\n|gen|9\n|tier|[Gen 9 Champions] VGC 2026 Reg M-A\n|rated|\n|rule|Species Clause: Limit one of each Pok\u00e9mon\n|rule|Item Clause: Limit 1 of each item\n|clearpoke\n|poke|p1|Aggron, L50, F|\n|poke|p1|Milotic, L50, M|\n|poke|p1|Farigiraf, L50, F|\n|poke|p1|Zoroark-Hisui, L50, F|\n|poke|p1|Chesnaught, L50, M|\n|poke|p1|Cofagrigus, L50, F|\n|poke|p2|Tyranitar, L50, M|\n|poke|p2|Aerodactyl, L50, F|\n|poke|p2|Meganium, L50, F|\n|poke|p2|Incineroar, L50, M|\n|poke|p2|Slowking-Galar, L50, M|\n|poke|p2|Archaludon, L50, M, shiny|\n|teampreview|4\n|inactive|Battle timer is ON: inactive players will automatically lose when time's up. (requested by randomsmileybob)\n|inactive|randomsmileybob has 60 seconds left.\n|inactive|Halperyon has 60 seconds left.\n|inactive|randomsmileybob has 30 seconds left.\n|inactive|randomsmileybob has 20 seconds left.\n|\n|t:|1776683389\n|teamsize|p1|4\n|teamsize|p2|4\n|start\n|switch|p1a: Farigiraf|Farigiraf, L50, F|100/100\n|switch|p1b: Milotic|Milotic, L50, M|100/100\n|switch|p2a: Tyranitar|Tyranitar, L50, M|100/100\n|switch|p2b: Slowking|Slowking-Galar, L50, M|100/100\n|-weather|Sandstorm|[from] ability: Sand Stream|[of] p2a: Tyranitar\n|turn|1\n|inactive|Halperyon has 30 seconds left.\n|\n|t:|1776683423\n|move|p2a: Tyranitar|Protect|p2a: Tyranitar\n|-singleturn|p2a: Tyranitar|Protect\n|move|p1a: Farigiraf|Nasty Plot|p1a: Farigiraf\n|-boost|p1a: Farigiraf|spa|2\n|move|p1b: Milotic|Scald|p2a: Tyranitar\n|-activate|p2a: Tyranitar|move: Protect\n|move|p2b: Slowking|Trick|p1a: Farigiraf|[miss]\n|-miss|p2b: Slowking|p1a: Farigiraf\n|\n|-weather|Sandstorm|[upkeep]\n|-damage|p1a: Farigiraf|94/100|[from] Sandstorm\n|-damage|p1b: Milotic|95/100|[from] Sandstorm\n|-damage|p2b: Slowking|95/100|[from] Sandstorm\n|-heal|p1b: Milotic|100/100|[from] item: Leftovers\n|upkeep\n|turn|2\n|inactive|randomsmileybob has 30 seconds left.\n|inactive|Halperyon has 30 seconds left.\n|\n|t:|1776683454\n|move|p1a: Farigiraf|Bitter Malice|p2b: Slowking\n|-supereffective|p2b: Slowking|1\n|-damage|p2b: Slowking|0 fnt\n|faint|p2b: Slowking\n|move|p1b: Milotic|Scald|p2a: Tyranitar\n|-supereffective|p2a: Tyranitar|1\n|-damage|p2a: Tyranitar|66/100\n|move|p2a: Tyranitar|Crunch|p1a: Farigiraf|[miss]\n|-miss|p2a: Tyranitar|p1a: Farigiraf\n|\n|-weather|Sandstorm|[upkeep]\n|-damage|p1a: Farigiraf|88/100|[from] Sandstorm\n|-damage|p1b: Milotic|95/100|[from] Sandstorm\n|-heal|p1b: Milotic|100/100|[from] item: Leftovers\n|upkeep\n|\n|t:|1776683473\n|switch|p2b: Meganium|Meganium, L50, F|100/100\n|turn|3\n|\n|t:|1776683495\n|detailschange|p2b: Meganium|Meganium-Mega, L50, F\n|-mega|p2b: Meganium|Meganium|Meganiumite\n|move|p1a: Farigiraf|Flamethrower|p2b: Meganium\n|-supereffective|p2b: Meganium|1\n|-damage|p2b: Meganium|0 fnt\n|faint|p2b: Meganium\n|move|p1b: Milotic|Scald|p2a: Tyranitar\n|-supereffective|p2a: Tyranitar|1\n|-damage|p2a: Tyranitar|36/100\n|move|p2a: Tyranitar|Crunch|p1a: Farigiraf\n|-supereffective|p1a: Farigiraf|1\n|-damage|p1a: Farigiraf|0 fnt\n|replace|p1a: Zoroark|Zoroark-Hisui, L50, F\n|-end|p1a: Zoroark|Illusion\n|faint|p1a: Zoroark\n|\n|-weather|Sandstorm|[upkeep]\n|-damage|p1b: Milotic|95/100|[from] Sandstorm\n|-heal|p1b: Milotic|100/100|[from] item: Leftovers\n|upkeep\n|c|\u2606Halperyon|wild brightpowder\n|inactive|randomsmileybob has 30 seconds left.\n|\n|t:|1776683522\n|switch|p1a: Farigiraf|Farigiraf, L50, F|100/100\n|switch|p2b: Aerodactyl|Aerodactyl, L50, F|100/100\n|-ability|p2b: Aerodactyl|Unnerve\n|turn|4\n|\n|t:|1776683534\n|move|p2b: Aerodactyl|Rock Slide|p1b: Milotic|[spread] p1a,p1b\n|-damage|p1a: Farigiraf|77/100\n|-damage|p1b: Milotic|81/100\n|move|p1b: Milotic|Scald|p2a: Tyranitar\n|-supereffective|p2a: Tyranitar|1\n|-damage|p2a: Tyranitar|6/100\n|-status|p2a: Tyranitar|brn\n|-enditem|p2a: Tyranitar|Lum Berry|[eat]\n|-curestatus|p2a: Tyranitar|brn|[msg]\n|move|p2a: Tyranitar|Crunch|p1a: Farigiraf\n|-supereffective|p1a: Farigiraf|1\n|-damage|p1a: Farigiraf|0 fnt\n|faint|p1a: Farigiraf\n|\n|-weather|Sandstorm|[upkeep]\n|-damage|p1b: Milotic|75/100|[from] Sandstorm\n|-heal|p1b: Milotic|81/100|[from] item: Leftovers\n|upkeep\n|\n|t:|1776683555\n|switch|p1a: Aggron|Aggron, L50, F|100/100\n|turn|5\n|\n|t:|1776683570\n|detailschange|p1a: Aggron|Aggron-Mega, L50, F\n|-mega|p1a: Aggron|Aggron|Aggronite\n|move|p2b: Aerodactyl|Protect|p2b: Aerodactyl\n|-singleturn|p2b: Aerodactyl|Protect\n|move|p2a: Tyranitar|Protect|p2a: Tyranitar\n|-singleturn|p2a: Tyranitar|Protect\n|move|p1b: Milotic|Scald|p2b: Aerodactyl\n|-activate|p2b: Aerodactyl|move: Protect\n|move|p1a: Aggron|Rock Slide|p2b: Aerodactyl|[spread] \n|-activate|p2a: Tyranitar|move: Protect\n|-activate|p2b: Aerodactyl|move: Protect\n|\n|-weather|none\n|-heal|p1b: Milotic|87/100|[from] item: Leftovers\n|upkeep\n|turn|6\n|-message|Halperyon forfeited.\n|\n|win|randomsmileybob\n|raw|randomsmileybob's rating: 1168 &rarr; <strong>1189</strong><br />(+21 for winning)\n|raw|Halperyon's rating: 1111 &rarr; <strong>1090</strong><br />(-21 for losing)\n|l|\u2606Halperyon\n|player|p2|\n",
  "uploadtime": 1776683599,
  "views": 12,
  "formatid": "gen9championsvgc2026regma",
  "rating": 1090,
  "private": 0,
  "password": null
}