{
  "id": "gen9championsvgc2026regma-2584229978",
  "format": "[Gen 9 Champions] VGC 2026 Reg M-A",
  "players": [
    "Crckersmcker",
    "OgPhally"
  ],
  "log": "|j|\u2606Crckersmcker\n|j|\u2606OgPhally\n|t:|1776240909\n|gametype|doubles\n|player|p1|Crckersmcker|1|1000\n|player|p2|OgPhally|102|1000\n|gen|9\n|tier|[Gen 9 Champions] VGC 2026 Reg M-A\n|rated|\n|rule|Species Clause: Limit one of each Pok\u00e9mon\n|rule|Item Clause: Limit 1 of each item\n|clearpoke\n|poke|p1|Farigiraf, L50, F|\n|poke|p1|Kangaskhan, L50, F|\n|poke|p1|Whimsicott, L50, F|\n|poke|p1|Clefable, L50, M|\n|poke|p1|Aegislash, L50, F|\n|poke|p1|Talonflame, L50, M|\n|poke|p2|Dragonite, L50, M|\n|poke|p2|Sneasler, L50, M|\n|poke|p2|Incineroar, L50, F|\n|poke|p2|Basculegion, L50, M|\n|poke|p2|Pelipper, L50, M|\n|poke|p2|Archaludon, L50, F|\n|teampreview|4\nOgPhally rejected open team sheets.\n|\n|t:|1776240935\n|teamsize|p1|4\n|teamsize|p2|4\n|start\n|switch|p1a: Farigiraf|Farigiraf, L50, F|100/100\n|switch|p1b: Kangaskhan|Kangaskhan, L50, F|100/100\n|switch|p2a: Pelipper|Pelipper, L50, M|100/100\n|switch|p2b: Dragonite|Dragonite, L50, M, shiny|100/100\n|-weather|RainDance|[from] ability: Drizzle|[of] p2a: Pelipper\n|turn|1\n|\n|t:|1776240965\n|detailschange|p1b: Kangaskhan|Kangaskhan-Mega, L50, F\n|-mega|p1b: Kangaskhan|Kangaskhan|Kangaskhanite\n|move|p2b: Dragonite|Tailwind|p2b: Dragonite\n|-sidestart|p2: OgPhally|move: Tailwind\n|move|p2a: Pelipper|Hurricane|p1b: Kangaskhan\n|-damage|p1b: Kangaskhan|63/100\n|move|p1b: Kangaskhan|Ice Punch|p2b: Dragonite\n|-supereffective|p2b: Dragonite|2\n|-damage|p2b: Dragonite|7/100\n|-supereffective|p2b: Dragonite|2\n|-damage|p2b: Dragonite|0 fnt\n|faint|p2b: Dragonite\n|-hitcount|p2: Dragonite|2\n|move|p1a: Farigiraf|Trick Room|p1a: Farigiraf\n|-fieldstart|move: Trick Room|[of] p1a: Farigiraf\n|\n|-weather|RainDance|[upkeep]\n|upkeep\n|\n|t:|1776240982\n|switch|p2b: Archaludon|Archaludon, L50, F|100/100\n|turn|2\n|\n|t:|1776240997\n|move|p2a: Pelipper|Wide Guard|p2a: Pelipper\n|-singleturn|p2a: Pelipper|Wide Guard\n|move|p1a: Farigiraf|Baton Pass|p1a: Farigiraf\n|\n|t:|1776241002\n|switch|p1a: Aegislash|Aegislash, L50, F|100/100|[from] Baton Pass\n|move|p1b: Kangaskhan|Drain Punch|p2b: Archaludon\n|-supereffective|p2b: Archaludon|1\n|-damage|p2b: Archaludon|54/100\n|-heal|p1b: Kangaskhan|81/100|[from] drain|[of] p2b: Archaludon\n|-ability|p2b: Archaludon|Stamina|boost\n|-boost|p2b: Archaludon|def|1\n|-supereffective|p2b: Archaludon|1\n|-damage|p2b: Archaludon|47/100\n|-heal|p1b: Kangaskhan|84/100|[from] drain|[of] p2b: Archaludon\n|-ability|p2b: Archaludon|Stamina|boost\n|-boost|p2b: Archaludon|def|1\n|-hitcount|p2b: Archaludon|2\n|move|p2b: Archaludon|Electro Shot||[still]\n|-prepare|p2b: Archaludon|Electro Shot\n|-boost|p2b: Archaludon|spa|1\n|-anim|p2b: Archaludon|Electro Shot|p1a: Aegislash\n|-damage|p1a: Aegislash|45/100\n|\n|-weather|RainDance|[upkeep]\n|-heal|p2b: Archaludon|53/100|[from] item: Leftovers\n|upkeep\n|turn|3\n|\n|t:|1776241040\n|move|p2b: Archaludon|Protect|p2b: Archaludon\n|-singleturn|p2b: Archaludon|Protect\n|move|p1a: Aegislash|Destiny Bond|p1a: Aegislash\n|-singlemove|p1a: Aegislash|Destiny Bond\n|move|p1b: Kangaskhan|Body Slam|p2a: Pelipper\n|-damage|p2a: Pelipper|48/100\n|-status|p2a: Pelipper|par\n|-damage|p2a: Pelipper|35/100 par\n|-hitcount|p2a: Pelipper|2\n|move|p2a: Pelipper|Hurricane|p1b: Kangaskhan\n|-damage|p1b: Kangaskhan|44/100\n|-start|p1b: Kangaskhan|confusion\n|\n|-weather|RainDance|[upkeep]\n|-heal|p2b: Archaludon|59/100|[from] item: Leftovers\n|upkeep\n|turn|4\n|\n|t:|1776241075\n|switch|p2a: Basculegion|Basculegion, L50, M|100/100\n|-ability|p2a: Basculegion|Mold Breaker\n|-formechange|p1a: Aegislash|Aegislash-Blade|\n|move|p1a: Aegislash|Close Combat|p2b: Archaludon\n|-supereffective|p2b: Archaludon|1\n|-damage|p2b: Archaludon|20/100\n|-unboost|p1a: Aegislash|def|1\n|-unboost|p1a: Aegislash|spd|1\n|-ability|p2b: Archaludon|Stamina|boost\n|-boost|p2b: Archaludon|def|1\n|-activate|p1b: Kangaskhan|confusion\n|move|p1b: Kangaskhan|Drain Punch|p2b: Archaludon\n|-supereffective|p2b: Archaludon|1\n|-damage|p2b: Archaludon|1/100\n|-heal|p1b: Kangaskhan|52/100|[from] drain|[of] p2b: Archaludon\n|-ability|p2b: Archaludon|Stamina|boost\n|-boost|p2b: Archaludon|def|1\n|-supereffective|p2b: Archaludon|1\n|-damage|p2b: Archaludon|0 fnt\n|-heal|p1b: Kangaskhan|52/100|[from] drain|[of] p2b: Archaludon\n|faint|p2b: Archaludon\n|-hitcount|p2: Archaludon|2\n|\n|-weather|RainDance|[upkeep]\n|-sideend|p2: OgPhally|move: Tailwind\n|upkeep\n|\n|t:|1776241096\n|switch|p2b: Pelipper|Pelipper, L50, M|35/100 par\n|turn|5\n|-activate|p1a: Aegislash|item: Quick Claw\n|\n|t:|1776241114\n|move|p2b: Pelipper|Protect|p2b: Pelipper\n|-singleturn|p2b: Pelipper|Protect\n|move|p1a: Aegislash|Destiny Bond|p1a: Aegislash\n|-singlemove|p1a: Aegislash|Destiny Bond\n|-activate|p1b: Kangaskhan|confusion\n|move|p1b: Kangaskhan|Body Slam|p2b: Pelipper\n|-activate|p2b: Pelipper|move: Protect\n|move|p2a: Basculegion|Last Respects|p1a: Aegislash\n|-supereffective|p1a: Aegislash|1\n|-damage|p1a: Aegislash|0 fnt\n|faint|p1a: Aegislash\n|-activate|p1a: Aegislash|move: Destiny Bond\n|faint|p2a: Basculegion\n|\n|-weather|none\n|-fieldend|move: Trick Room\n|upkeep\n|\n|t:|1776241134\n|switch|p1a: Farigiraf|Farigiraf, L50, F|100/100\n|turn|6\n|-message|OgPhally forfeited.\n|\n|win|Crckersmcker\n|raw|Crckersmcker's rating: 1000 &rarr; <strong>1040</strong><br />(+40 for winning)\n|raw|OgPhally's rating: 1000 &rarr; <strong>1000</strong><br />(+0 for losing)\n|l|\u2606OgPhally\n|player|p2|\n",
  "uploadtime": 1776241141,
  "views": 19,
  "formatid": "gen9championsvgc2026regma",
  "rating": 1000,
  "private": 0,
  "password": null
}