{
  "id": "gen9championsvgc2026regma-2584943763",
  "format": "[Gen 9 Champions] VGC 2026 Reg M-A",
  "players": [
    "FlowerGirl2",
    "KUTF1"
  ],
  "log": "|j|\u2606FlowerGirl2\n|j|\u2606KUTF1\n|t:|1776296793\n|gametype|doubles\n|player|p1|FlowerGirl2|schoolkidf|1167\n|player|p2|KUTF1|firebreather|1268\n|gen|9\n|tier|[Gen 9 Champions] VGC 2026 Reg M-A\n|rated|\n|rule|Species Clause: Limit one of each Pok\u00e9mon\n|rule|Item Clause: Limit 1 of each item\n|clearpoke\n|poke|p1|Delphox, L50, M|\n|poke|p1|Azumarill, L50, M|\n|poke|p1|Sinistcha, L50|\n|poke|p1|Raichu, L50, F|\n|poke|p1|Pelipper, L50, F|\n|poke|p1|Meganium, L50, M|\n|poke|p2|Drampa, L50, M|\n|poke|p2|Emboar, L50, M|\n|poke|p2|Kingambit, L50, M|\n|poke|p2|Decidueye-Hisui, L50, M|\n|poke|p2|Farigiraf, L50, F|\n|poke|p2|Incineroar, L50, M|\n|teampreview|4\n|inactive|Battle timer is ON: inactive players will automatically lose when time's up. (requested by KUTF1)\n|inactive|FlowerGirl2 also wants the timer to be on.\n|\n|t:|1776296813\n|teamsize|p1|4\n|teamsize|p2|4\n|start\n|switch|p1a: Raichu|Raichu, L50, F|100/100\n|switch|p1b: Azumarill|Azumarill, L50, M|100/100\n|switch|p2a: Say it Again|Farigiraf, L50, F|100/100\n|switch|p2b: Bruh.|Incineroar, L50, M|100/100\n|-ability|p2b: Bruh.|Intimidate|boost\n|-unboost|p1a: Raichu|atk|1\n|-unboost|p1b: Azumarill|atk|1\n|turn|1\n|\n|t:|1776296833\n|switch|p1b: Sinistcha|Sinistcha, L50|100/100\n|move|p2b: Bruh.|Fake Out|p1a: Raichu\n|-damage|p1a: Raichu|77/100\n|cant|p1a: Raichu|flinch\n|move|p2a: Say it Again|Trick Room|p2a: Say it Again\n|-fieldstart|move: Trick Room|[of] p2a: Say it Again\n|\n|upkeep\n|turn|2\n|\n|t:|1776296858\n|move|p2a: Say it Again|Psychic|p1b: Sinistcha\n|-damage|p1b: Sinistcha|58/100\n|move|p2b: Bruh.|Flare Blitz|p1b: Sinistcha\n|-supereffective|p1b: Sinistcha|1\n|-damage|p1b: Sinistcha|0 fnt\n|faint|p1b: Sinistcha\n|-damage|p2b: Bruh.|84/100|[from] Recoil\n|move|p1a: Raichu|Volt Switch|p2a: Say it Again\n|-damage|p2a: Say it Again|86/100\n|\n|t:|1776296870\n|switch|p1a: Delphox|Delphox, L50, M|100/100|[from] Volt Switch\n|\n|upkeep\n|\n|t:|1776296875\n|switch|p1b: Azumarill|Azumarill, L50, M|100/100\n|turn|3\n|\n|t:|1776296890\n|detailschange|p1a: Delphox|Delphox-Mega, L50, M\n|-mega|p1a: Delphox|Delphox|Delphoxite\n|move|p1b: Azumarill|Belly Drum|p1b: Azumarill\n|-damage|p1b: Azumarill|50/100\n|-setboost|p1b: Azumarill|atk|6|[from] move: Belly Drum\n|-enditem|p1b: Azumarill|Sitrus Berry|[eat]\n|-heal|p1b: Azumarill|75/100|[from] item: Sitrus Berry\n|move|p2a: Say it Again|Hyper Voice|p1b: Azumarill|[spread] p1a,p1b\n|-damage|p1a: Delphox|75/100\n|-damage|p1b: Azumarill|49/100\n|move|p2b: Bruh.|Darkest Lariat|p1a: Delphox\n|-supereffective|p1a: Delphox|1\n|-damage|p1a: Delphox|0 fnt\n|faint|p1a: Delphox\n|\n|upkeep\n|\n|t:|1776296903\n|switch|p1a: Raichu|Raichu, L50, F|77/100\n|turn|4\n|\n|t:|1776296923\n|move|p1b: Azumarill|Play Rough|p2a: Say it Again\n|-damage|p2a: Say it Again|0 fnt\n|faint|p2a: Say it Again\n|move|p2b: Bruh.|Flare Blitz|p1b: Azumarill\n|-resisted|p1b: Azumarill|1\n|-damage|p1b: Azumarill|14/100\n|-damage|p2b: Bruh.|72/100|[from] Recoil\n|move|p1a: Raichu|Volt Switch|p2b: Bruh.\n|-damage|p2b: Bruh.|51/100\n|\n|upkeep\n|\n|t:|1776296927\n|switch|p2a: Yamata No Orichi|Drampa, L50, M, shiny|100/100\n|-ability|p2a: Yamata No Orichi|Cloud Nine\n|turn|5\n|\n|t:|1776296949\n|move|p1a: Raichu|Upper Hand||[still]\n|-fail|p1a: Raichu\n|move|p1b: Azumarill|Aqua Jet|p2b: Bruh.\n|-supereffective|p2b: Bruh.|1\n|-damage|p2b: Bruh.|0 fnt\n|faint|p2b: Bruh.\n|move|p2a: Yamata No Orichi|Hyper Voice|p1a: Raichu|[spread] p1a,p1b\n|-damage|p1a: Raichu|21/100\n|-damage|p1b: Azumarill|0 fnt\n|faint|p1b: Azumarill\n|\n|-fieldend|move: Trick Room\n|upkeep\n|\n|t:|1776296951\n|switch|p2b: Mori Jin|Emboar, L50, M, shiny|100/100\n|turn|6\n|-message|FlowerGirl2 forfeited.\n|\n|win|KUTF1\n|raw|FlowerGirl2's rating: 1167 &rarr; <strong>1149</strong><br />(-18 for losing)\n|raw|KUTF1's rating: 1268 &rarr; <strong>1286</strong><br />(+18 for winning)\n|l|\u2606FlowerGirl2\n|player|p1|\n",
  "uploadtime": 1776296989,
  "views": 20,
  "formatid": "gen9championsvgc2026regma",
  "rating": 1149,
  "private": 0,
  "password": null
}