{
  "id": "gen9championsvgc2026regma-2584589273",
  "format": "[Gen 9 Champions] VGC 2026 Reg M-A",
  "players": [
    "skywalkingchris",
    "nuahss"
  ],
  "log": "|j|\u2606skywalkingchris\n|j|\u2606nuahss\n|t:|1776270636\n|gametype|doubles\n|player|p1|skywalkingchris|2|1093\n|player|p2|nuahss|170|1000\n|gen|9\n|tier|[Gen 9 Champions] VGC 2026 Reg M-A\n|rated|\n|rule|Species Clause: Limit one of each Pok\u00e9mon\n|rule|Item Clause: Limit 1 of each item\n|clearpoke\n|poke|p1|Kingambit, L50, F|\n|poke|p1|Heracross, L50, F|\n|poke|p1|Sableye, L50, M|\n|poke|p1|Pangoro, L50, F|\n|poke|p1|Farigiraf, L50, M|\n|poke|p1|Rotom-Wash, L50|\n|poke|p2|Sinistcha-Masterpiece, L50|\n|poke|p2|Farigiraf, L50, F|\n|poke|p2|Ceruledge, L50, F|\n|poke|p2|Incineroar, L50, M|\n|poke|p2|Conkeldurr, L50, F|\n|poke|p2|Meowscarada, L50, F|\n|teampreview|4\nnuahss has agreed to open team sheets.\n|\n|t:|1776270720\n|teamsize|p1|4\n|teamsize|p2|4\n|start\n|switch|p1a: Pangoro|Pangoro, L50, F|100/100\n|switch|p1b: Kingambit|Kingambit, L50, F|100/100\n|switch|p2a: Sinistcha|Sinistcha-Masterpiece, L50|100/100\n|switch|p2b: Ceruledge|Ceruledge, L50, F|100/100\n|turn|1\n|\n|t:|1776270790\n|switch|p1b: Rotom|Rotom-Wash, L50|100/100\n|move|p2b: Ceruledge|Swords Dance|p2b: Ceruledge\n|-boost|p2b: Ceruledge|atk|2\n|move|p1a: Pangoro|Knock Off|p2b: Ceruledge\n|-supereffective|p2b: Ceruledge|1\n|-enditem|p2b: Ceruledge|Focus Sash\n|-damage|p2b: Ceruledge|1/100\n|-ability|p2b: Ceruledge|Weak Armor|boost\n|-unboost|p2b: Ceruledge|def|1\n|-boost|p2b: Ceruledge|spe|2\n|move|p2a: Sinistcha|Strength Sap|p1b: Rotom\n|-unboost|p1b: Rotom|atk|1\n|\n|upkeep\n|turn|2\n|\n|t:|1776270813\n|move|p1a: Pangoro|Protect|p1a: Pangoro\n|-singleturn|p1a: Pangoro|Protect\n|move|p2a: Sinistcha|Rage Powder|p2a: Sinistcha\n|-singleturn|p2a: Sinistcha|move: Rage Powder\n|move|p2b: Ceruledge|Bitter Blade|p1a: Pangoro\n|-activate|p1a: Pangoro|move: Protect\n|move|p1b: Rotom|Electroweb|p2a: Sinistcha|[spread] p2a,p2b\n|-resisted|p2a: Sinistcha|1\n|-damage|p2a: Sinistcha|90/100\n|-damage|p2b: Ceruledge|0 fnt\n|-unboost|p2a: Sinistcha|spe|1\n|faint|p2b: Ceruledge\n|\n|-heal|p2a: Sinistcha|97/100|[from] item: Leftovers\n|upkeep\n|c|\u2606skywalkingchris|strength sap would give gambit a defiant boost btw\n|\n|t:|1776270834\n|switch|p2b: Meowscarada|Meowscarada, L50, F|100/100\n|turn|3\n|\n|t:|1776270849\n|switch|p1b: Kingambit|Kingambit, L50, F|100/100\n|move|p2b: Meowscarada|Play Rough|p1a: Pangoro\n|-start|p2b: Meowscarada|typechange|Fairy|[from] ability: Protean\n|-supereffective|p1a: Pangoro|2\n|-enditem|p1a: Pangoro|Focus Sash\n|-damage|p1a: Pangoro|1/100\n|move|p1a: Pangoro|Knock Off|p2a: Sinistcha\n|-supereffective|p2a: Sinistcha|1\n|-damage|p2a: Sinistcha|1/100\n|-enditem|p2a: Sinistcha|Leftovers|[from] move: Knock Off|[of] p1a: Pangoro\n|move|p2a: Sinistcha|Matcha Gotcha|p1b: Kingambit|[spread] p1a\n|-miss|p2a: Sinistcha|p1b: Kingambit\n|-damage|p1a: Pangoro|0 fnt\n|-heal|p2a: Sinistcha|2/100|[from] drain|[of] p1a: Pangoro\n|faint|p1a: Pangoro\n|\n|upkeep\n|\n|t:|1776270868\n|switch|p1a: Rotom|Rotom-Wash, L50|100/100\n|turn|4\n|\n|t:|1776270930\n|switch|p2b: Farigiraf|Farigiraf, L50, F, shiny|100/100\n|move|p1b: Kingambit|Protect|p1b: Kingambit\n|-singleturn|p1b: Kingambit|Protect\n|move|p1a: Rotom|Electroweb|p2b: Farigiraf|[spread] p2a,p2b\n|-resisted|p2a: Sinistcha|1\n|-damage|p2a: Sinistcha|0 fnt\n|-damage|p2b: Farigiraf|82/100\n|-unboost|p2b: Farigiraf|spe|1\n|faint|p2a: Sinistcha\n|\n|upkeep\n|\n|t:|1776270944\n|switch|p2a: Meowscarada|Meowscarada, L50, F|100/100\n|turn|5\n|\n|t:|1776271000\n|move|p2a: Meowscarada|Flower Trick|p1a: Rotom\n|-start|p2a: Meowscarada|typechange|Grass|[from] ability: Protean\n|-supereffective|p1a: Rotom|1\n|-crit|p1a: Rotom\n|-damage|p1a: Rotom|0 fnt\n|faint|p1a: Rotom\n|move|p1b: Kingambit|Kowtow Cleave|p2b: Farigiraf\n|-supereffective|p2b: Farigiraf|1\n|-damage|p2b: Farigiraf|0 fnt\n|faint|p2b: Farigiraf\n|\n|upkeep\n|\n|t:|1776271013\n|switch|p1a: Heracross|Heracross, L50, F|100/100\n|turn|6\n|\n|t:|1776271021\n|detailschange|p1a: Heracross|Heracross-Mega, L50, F\n|-mega|p1a: Heracross|Heracross|Heracronite\n|move|p1b: Kingambit|Sucker Punch|p2a: Meowscarada\n|-damage|p2a: Meowscarada|43/100\n|move|p2a: Meowscarada|Flower Trick|p1a: Heracross\n|-resisted|p1a: Heracross|1\n|-crit|p1a: Heracross\n|-damage|p1a: Heracross|78/100\n|move|p1a: Heracross|Pin Missile|p2a: Meowscarada\n|-supereffective|p2a: Meowscarada|1\n|-damage|p2a: Meowscarada|0 fnt\n|faint|p2a: Meowscarada\n|-hitcount|p2: Meowscarada|1\n|\n|win|skywalkingchris\n|raw|skywalkingchris's rating: 1093 &rarr; <strong>1112</strong><br />(+19 for winning)\n|raw|nuahss's rating: 1000 &rarr; <strong>1000</strong><br />(+0 for losing)\n",
  "uploadtime": 1776271043,
  "views": 39,
  "formatid": "gen9championsvgc2026regma",
  "rating": 1000,
  "private": 0,
  "password": null
}