{
  "id": "gen9championsvgc2026regma-2587278752",
  "format": "[Gen 9 Champions] VGC 2026 Reg M-A",
  "players": [
    "RasvoBoy007",
    "bob0976"
  ],
  "log": "|j|\u2606RasvoBoy007\n|j|\u2606bob0976\n|t:|1776517638\n|gametype|doubles\n|player|p1|RasvoBoy007|ghetsis-gen5bw|1236\n|player|p2|bob0976|169|1212\n|gen|9\n|tier|[Gen 9 Champions] VGC 2026 Reg M-A\n|rated|\n|rule|Species Clause: Limit one of each Pok\u00e9mon\n|rule|Item Clause: Limit 1 of each item\n|clearpoke\n|poke|p1|Gyarados, L50, M|\n|poke|p1|Sinistcha-Masterpiece, L50|\n|poke|p1|Excadrill, L50, F|\n|poke|p1|Tyranitar, L50, F|\n|poke|p1|Rotom-Heat, L50|\n|poke|p1|Aerodactyl, L50, M|\n|poke|p2|Meganium, L50, M|\n|poke|p2|Greninja, L50, F|\n|poke|p2|Pelipper, L50, M|\n|poke|p2|Archaludon, L50, M|\n|poke|p2|Sneasler, L50, F|\n|poke|p2|Incineroar, L50, F|\n|teampreview|4\n|inactive|Battle timer is ON: inactive players will automatically lose when time's up. (requested by bob0976)\n|inactive|RasvoBoy007 also wants the timer to be on.\n|l|\u2606bob0976\n|inactive|bob0976 disconnected and has a minute to reconnect!\n|player|p2|\n|j|\u2606bob0976\n|inactive|bob0976 reconnected and has 65 seconds left.\n|player|p2|bob0976|169|\n|inactive|RasvoBoy007 has 60 seconds left.\n|inactive|bob0976 has 60 seconds left.\n|inactive|RasvoBoy007 has 30 seconds left.\n|\n|t:|1776517699\n|teamsize|p1|4\n|teamsize|p2|4\n|start\n|switch|p1a: Excadrill|Excadrill, L50, F|100/100\n|switch|p1b: Aerodactyl|Aerodactyl, L50, M|100/100\n|switch|p2a: Incineroar|Incineroar, L50, F|100/100\n|switch|p2b: Sneasler|Sneasler, L50, F|100/100\n|-ability|p2a: Incineroar|Intimidate|boost\n|-unboost|p1a: Excadrill|atk|1\n|-unboost|p1b: Aerodactyl|atk|1\n|turn|1\n|inactive|bob0976 has 30 seconds left.\n|\n|t:|1776517724\n|move|p1b: Aerodactyl|Protect|p1b: Aerodactyl\n|-singleturn|p1b: Aerodactyl|Protect\n|move|p1a: Excadrill|Protect|p1a: Excadrill\n|-singleturn|p1a: Excadrill|Protect\n|move|p2b: Sneasler|Fake Out|p1b: Aerodactyl\n|-activate|p1b: Aerodactyl|move: Protect\n|move|p2a: Incineroar|Will-O-Wisp|p1a: Excadrill\n|-activate|p1a: Excadrill|move: Protect\n|\n|upkeep\n|turn|2\n|\n|t:|1776517746\n|switch|p1a: Rotom|Rotom-Heat, L50|100/100\n|move|p1b: Aerodactyl|Tailwind|p1b: Aerodactyl\n|-sidestart|p1: RasvoBoy007|move: Tailwind\n|move|p2b: Sneasler|Close Combat|p1a: Rotom\n|-damage|p1a: Rotom|16/100\n|-unboost|p2b: Sneasler|def|1\n|-unboost|p2b: Sneasler|spd|1\n|-enditem|p1a: Rotom|Sitrus Berry|[eat]\n|-heal|p1a: Rotom|40/100|[from] item: Sitrus Berry\n|-enditem|p2b: Sneasler|White Herb\n|-clearnegativeboost|p2b: Sneasler|[silent]\n|move|p2a: Incineroar|Will-O-Wisp|p1b: Aerodactyl\n|-status|p1b: Aerodactyl|brn\n|\n|-damage|p1b: Aerodactyl|95/100 brn|[from] brn\n|upkeep\n|turn|3\n|inactive|RasvoBoy007 has 30 seconds left.\n|inactive|bob0976 has 30 seconds left.\n|inactive|bob0976 has 20 seconds left.\n|\n|t:|1776517782\n|move|p1b: Aerodactyl|Dual Wingbeat|p2b: Sneasler\n|-supereffective|p2b: Sneasler|1\n|-damage|p2b: Sneasler|79/100\n|-supereffective|p2b: Sneasler|1\n|-damage|p2b: Sneasler|57/100\n|-hitcount|p2b: Sneasler|2\n|move|p2b: Sneasler|Close Combat|p1a: Rotom\n|-damage|p1a: Rotom|0 fnt\n|-unboost|p2b: Sneasler|def|1\n|-unboost|p2b: Sneasler|spd|1\n|faint|p1a: Rotom\n|move|p2a: Incineroar|Parting Shot|p1b: Aerodactyl\n|-unboost|p1b: Aerodactyl|atk|1\n|-unboost|p1b: Aerodactyl|spa|1\n|\n|t:|1776517800\n|switch|p2a: Greninja|Greninja, L50, F|100/100|[from] Parting Shot\n|\n|-damage|p1b: Aerodactyl|89/100 brn|[from] brn\n|upkeep\n|\n|t:|1776517806\n|switch|p1a: Excadrill|Excadrill, L50, F|100/100\n|turn|4\n|\n|t:|1776517818\n|switch|p2a: Incineroar|Incineroar, L50, F|100/100\n|-ability|p2a: Incineroar|Intimidate|boost\n|-unboost|p1a: Excadrill|atk|1\n|-unboost|p1b: Aerodactyl|atk|1\n|move|p1b: Aerodactyl|Rock Slide|p2b: Sneasler|[spread] p2a,p2b\n|-supereffective|p2a: Incineroar|1\n|-resisted|p2b: Sneasler|1\n|-damage|p2a: Incineroar|93/100\n|-damage|p2b: Sneasler|50/100\n|move|p2b: Sneasler|Close Combat|p1a: Excadrill\n|-supereffective|p1a: Excadrill|1\n|-enditem|p1a: Excadrill|Focus Sash\n|-damage|p1a: Excadrill|1/100\n|-unboost|p2b: Sneasler|def|1\n|-unboost|p2b: Sneasler|spd|1\n|move|p1a: Excadrill|Earthquake|p2a: Incineroar|[spread] p2a,p2b\n|-immune|p1b: Aerodactyl\n|-supereffective|p2a: Incineroar|1\n|-supereffective|p2b: Sneasler|1\n|-damage|p2a: Incineroar|41/100\n|-damage|p2b: Sneasler|0 fnt\n|-enditem|p2a: Incineroar|Sitrus Berry|[eat]\n|-heal|p2a: Incineroar|66/100|[from] item: Sitrus Berry\n|faint|p2b: Sneasler\n|\n|-damage|p1b: Aerodactyl|83/100 brn|[from] brn\n|upkeep\n|\n|t:|1776517840\n|switch|p2b: Pelipper|Pelipper, L50, M|100/100\n|-weather|RainDance|[from] ability: Drizzle|[of] p2b: Pelipper\n|turn|5\n|\n|t:|1776517860\n|switch|p1b: Tyranitar|Tyranitar, L50, F|100/100\n|-weather|Sandstorm|[from] ability: Sand Stream|[of] p1b: Tyranitar\n|move|p1a: Excadrill|Protect|p1a: Excadrill\n|-singleturn|p1a: Excadrill|Protect\n|move|p2a: Incineroar|Fake Out|p1b: Tyranitar\n|-resisted|p1b: Tyranitar|1\n|-damage|p1b: Tyranitar|96/100\n|move|p2b: Pelipper|Tailwind|p2b: Pelipper\n|-sidestart|p2: bob0976|move: Tailwind\n|\n|-weather|Sandstorm|[upkeep]\n|-damage|p2b: Pelipper|95/100|[from] Sandstorm\n|-damage|p2a: Incineroar|60/100|[from] Sandstorm\n|-sideend|p1: RasvoBoy007|move: Tailwind\n|upkeep\n|turn|6\n|inactive|bob0976 has 30 seconds left.\n|\n|t:|1776517887\n|move|p2b: Pelipper|Wide Guard|p2b: Pelipper\n|-singleturn|p2b: Pelipper|Wide Guard\n|move|p1a: Excadrill|Rock Slide|p2a: Incineroar|[spread] \n|-activate|p2a: Incineroar|move: Wide Guard\n|-activate|p2b: Pelipper|move: Wide Guard\n|move|p2a: Incineroar|Will-O-Wisp|p1b: Tyranitar\n|-status|p1b: Tyranitar|brn\n|move|p1b: Tyranitar|Rock Slide|p2a: Incineroar|[spread] \n|-activate|p2a: Incineroar|move: Wide Guard\n|-activate|p2b: Pelipper|move: Wide Guard\n|\n|-weather|Sandstorm|[upkeep]\n|-damage|p2b: Pelipper|89/100|[from] Sandstorm\n|-damage|p2a: Incineroar|54/100|[from] Sandstorm\n|-damage|p1b: Tyranitar|90/100 brn|[from] brn\n|upkeep\n|turn|7\n|inactive|bob0976 has 30 seconds left.\n|\n|t:|1776517913\n|switch|p2b: Greninja|Greninja, L50, F|100/100\n|move|p1a: Excadrill|Protect|p1a: Excadrill\n|-singleturn|p1a: Excadrill|Protect\n|move|p2a: Incineroar|Darkest Lariat|p1a: Excadrill\n|-activate|p1a: Excadrill|move: Protect\n|move|p1b: Tyranitar|Low Kick|p2a: Incineroar\n|-supereffective|p2a: Incineroar|1\n|-damage|p2a: Incineroar|25/100\n|\n|-weather|Sandstorm|[upkeep]\n|-damage|p2b: Greninja|94/100|[from] Sandstorm\n|-damage|p2a: Incineroar|19/100|[from] Sandstorm\n|-damage|p1b: Tyranitar|84/100 brn|[from] brn\n|upkeep\n|turn|8\n|\n|t:|1776517938\n|switch|p1a: Aerodactyl|Aerodactyl, L50, M|83/100 brn\n|detailschange|p2b: Greninja|Greninja-Mega, L50, F\n|-mega|p2b: Greninja|Greninja|Greninjite\n|move|p2b: Greninja|Hydro Pump|p1b: Tyranitar\n|-start|p2b: Greninja|typechange|Water|[from] ability: Protean\n|-supereffective|p1b: Tyranitar|1\n|-damage|p1b: Tyranitar|8/100 brn\n|move|p2a: Incineroar|Darkest Lariat|p1a: Aerodactyl\n|-damage|p1a: Aerodactyl|38/100 brn\n|move|p1b: Tyranitar|Rock Slide|p2b: Greninja|[spread] p2a,p2b\n|-supereffective|p2a: Incineroar|1\n|-damage|p2a: Incineroar|0 fnt\n|-damage|p2b: Greninja|70/100\n|faint|p2a: Incineroar\n|\n|-weather|Sandstorm|[upkeep]\n|-damage|p2b: Greninja|64/100|[from] Sandstorm\n|-damage|p1a: Aerodactyl|32/100 brn|[from] brn\n|-damage|p1b: Tyranitar|2/100 brn|[from] brn\n|-sideend|p2: bob0976|move: Tailwind\n|upkeep\n|l|\u2606bob0976\n|inactive|bob0976 disconnected and has a minute to reconnect!\n|player|p2|\n|inactive|bob0976 has 30 seconds left.\n|j|\u2606bob0976\n|inactive|bob0976 reconnected and has 30 seconds left.\n|player|p2|bob0976|169|\n|inactive|bob0976 has 20 seconds left.\n|\n|t:|1776517975\n|switch|p2a: Pelipper|Pelipper, L50, M|89/100\n|-weather|RainDance|[from] ability: Drizzle|[of] p2a: Pelipper\n|turn|9\n|inactive|bob0976 has 30 seconds left.\n|\n|t:|1776518002\n|detailschange|p1b: Tyranitar|Tyranitar-Mega, L50, F\n|-mega|p1b: Tyranitar|Tyranitar|Tyranitarite\n|-weather|Sandstorm|[from] ability: Sand Stream|[of] p1b: Tyranitar\n|move|p2b: Greninja|Ice Beam|p1a: Aerodactyl\n|-supereffective|p1a: Aerodactyl|1\n|-damage|p1a: Aerodactyl|0 fnt\n|faint|p1a: Aerodactyl\n|move|p2a: Pelipper|Tailwind|p2a: Pelipper\n|-sidestart|p2: bob0976|move: Tailwind\n|move|p1b: Tyranitar|Knock Off|p2a: Pelipper\n|-damage|p2a: Pelipper|53/100\n|-enditem|p2a: Pelipper|Focus Sash|[from] move: Knock Off|[of] p1b: Tyranitar\n|\n|-weather|Sandstorm|[upkeep]\n|-damage|p2b: Greninja|58/100|[from] Sandstorm\n|-damage|p2a: Pelipper|47/100|[from] Sandstorm\n|-damage|p1b: Tyranitar|0 fnt|[from] brn\n|faint|p1b: Tyranitar\n|upkeep\n|\n|t:|1776518017\n|switch|p1b: Excadrill|Excadrill, L50, F|1/100\n|turn|10\n|\n|t:|1776518032\n|move|p2a: Pelipper|Wide Guard|p2a: Pelipper\n|-singleturn|p2a: Pelipper|Wide Guard\n|move|p2b: Greninja|Ice Beam|p1b: Excadrill\n|-damage|p1b: Excadrill|0 fnt\n|faint|p1b: Excadrill\n|\n|win|bob0976\n|raw|RasvoBoy007's rating: 1236 &rarr; <strong>1209</strong><br />(-27 for losing)\n|raw|bob0976's rating: 1212 &rarr; <strong>1239</strong><br />(+27 for winning)\n|l|\u2606RasvoBoy007\n|player|p1|\n|l|\u2606bob0976\n|player|p2|\n|j|\u2606bob0976\n|player|p2|bob0976|169|\n",
  "uploadtime": 1776518275,
  "views": 21,
  "formatid": "gen9championsvgc2026regma",
  "rating": 1209,
  "private": 0,
  "password": null
}