{
  "id": "gen9championsvgc2026regma-2584538519",
  "format": "[Gen 9 Champions] VGC 2026 Reg M-A",
  "players": [
    "thealex610",
    "brycego24"
  ],
  "log": "|j|\u2606thealex610\n|j|\u2606brycego24\n|t:|1776267411\n|gametype|doubles\n|player|p1|thealex610|101|1182\n|player|p2|brycego24|265|1230\n|gen|9\n|tier|[Gen 9 Champions] VGC 2026 Reg M-A\n|rated|\n|rule|Species Clause: Limit one of each Pok\u00e9mon\n|rule|Item Clause: Limit 1 of each item\n|clearpoke\n|poke|p1|Sneasler, L50, M|\n|poke|p1|Talonflame, L50, F|\n|poke|p1|Milotic, L50, F|\n|poke|p1|Aegislash, L50, F|\n|poke|p1|Scizor, L50, F|\n|poke|p1|Tyranitar, L50, F|\n|poke|p2|Floette-Eternal, L50, F|\n|poke|p2|Maushold, L50|\n|poke|p2|Garchomp, L50, M|\n|poke|p2|Talonflame, L50, M|\n|poke|p2|Rotom-Wash, L50|\n|poke|p2|Aegislash, L50, F|\n|teampreview|4\n|\n|t:|1776267453\n|teamsize|p1|4\n|teamsize|p2|4\n|start\n|switch|p1a: Sneasler|Sneasler, L50, M|100/100\n|switch|p1b: Scizor|Scizor, L50, F, shiny|100/100\n|switch|p2a: Garchomp|Garchomp, L50, M|100/100\n|switch|p2b: Rotom|Rotom-Wash, L50, shiny|100/100\n|turn|1\n|\n|t:|1776267477\n|detailschange|p1b: Scizor|Scizor-Mega, L50, F, shiny\n|-mega|p1b: Scizor|Scizor|Scizorite\n|move|p1a: Sneasler|Close Combat|p2a: Garchomp\n|-damage|p2a: Garchomp|37/100\n|-unboost|p1a: Sneasler|def|1\n|-unboost|p1a: Sneasler|spd|1\n|-damage|p1a: Sneasler|88/100|[from] ability: Rough Skin|[of] p2a: Garchomp\n|-enditem|p1a: Sneasler|White Herb\n|-clearnegativeboost|p1a: Sneasler|[silent]\n|move|p2a: Garchomp|Earthquake|p1b: Scizor|[spread] p1a,p1b\n|-immune|p2b: Rotom|[from] ability: Levitate\n|-supereffective|p1a: Sneasler|1\n|-damage|p1a: Sneasler|0 fnt\n|-damage|p1b: Scizor|61/100\n|faint|p1a: Sneasler\n|move|p1b: Scizor|Swords Dance|p1b: Scizor\n|-boost|p1b: Scizor|atk|2\n|move|p2b: Rotom|Thunderbolt|p1b: Scizor\n|-damage|p1b: Scizor|8/100\n|\n|upkeep\n|\n|t:|1776267499\n|switch|p1a: Talonflame|Talonflame, L50, F|100/100\n|turn|2\n|\n|t:|1776267516\n|move|p1a: Talonflame|Brave Bird|p2a: Garchomp\n|-damage|p2a: Garchomp|0 fnt\n|-damage|p1a: Talonflame|88/100|[from] ability: Rough Skin|[of] p2a: Garchomp\n|faint|p2a: Garchomp\n|-damage|p1a: Talonflame|75/100|[from] Recoil\n|move|p1b: Scizor|Dual Wingbeat|p2b: Rotom\n|-resisted|p2b: Rotom|1\n|-damage|p2b: Rotom|75/100\n|-resisted|p2b: Rotom|1\n|-damage|p2b: Rotom|52/100\n|-hitcount|p2b: Rotom|2\n|move|p2b: Rotom|Thunderbolt|p1a: Talonflame\n|-supereffective|p1a: Talonflame|1\n|-damage|p1a: Talonflame|0 fnt\n|faint|p1a: Talonflame\n|\n|upkeep\n|\n|t:|1776267538\n|switch|p1a: Aegislash|Aegislash, L50, F|100/100\n|switch|p2a: Talonflame|Talonflame, L50, M|100/100\n|turn|3\n|\n|t:|1776267577\n|move|p1b: Scizor|Protect|p1b: Scizor\n|-singleturn|p1b: Scizor|Protect\n|move|p1a: Aegislash|King's Shield|p1a: Aegislash\n|-singleturn|p1a: Aegislash|Protect\n|move|p2a: Talonflame|Acrobatics|p1b: Scizor\n|-activate|p1b: Scizor|move: Protect\n|move|p2b: Rotom|Thunderbolt|p1a: Aegislash\n|-activate|p1a: Aegislash|move: Protect\n|\n|upkeep\n|turn|4\n|\n|t:|1776267621\n|move|p2a: Talonflame|Tailwind|p2a: Talonflame\n|-sidestart|p2: brycego24|move: Tailwind\n|move|p1b: Scizor|Bullet Punch|p2a: Talonflame\n|-resisted|p2a: Talonflame|1\n|-damage|p2a: Talonflame|49/100\n|move|p2b: Rotom|Thunderbolt|p1b: Scizor\n|-damage|p1b: Scizor|0 fnt\n|faint|p1b: Scizor\n|-formechange|p1a: Aegislash|Aegislash-Blade|\n|move|p1a: Aegislash|Sacred Sword|p2a: Talonflame\n|-resisted|p2a: Talonflame|1\n|-damage|p2a: Talonflame|26/100\n|\n|upkeep\n|turn|5\n|inactive|Battle timer is ON: inactive players will automatically lose when time's up. (requested by brycego24)\n|\n|t:|1776267684\n|move|p2a: Talonflame|Protect|p2a: Talonflame\n|-singleturn|p2a: Talonflame|Protect\n|move|p1a: Aegislash|Shadow Sneak|p2a: Talonflame\n|-activate|p2a: Talonflame|move: Protect\n|move|p2b: Rotom|Thunderbolt|p1a: Aegislash\n|-damage|p1a: Aegislash|26/100\n|-status|p1a: Aegislash|par\n|\n|-heal|p1a: Aegislash|32/100 par|[from] item: Leftovers\n|upkeep\n|turn|6\n|inactive|brycego24 has 30 seconds left.\n|inactive|brycego24 has 20 seconds left.\n|\n|t:|1776267722\n|move|p2a: Talonflame|Protect||[still]\n|-fail|p2a: Talonflame\n|move|p1a: Aegislash|Shadow Sneak|p2a: Talonflame\n|-damage|p2a: Talonflame|0 fnt\n|faint|p2a: Talonflame\n|move|p2b: Rotom|Thunderbolt|p1a: Aegislash\n|-damage|p1a: Aegislash|0 fnt\n|faint|p1a: Aegislash\n|\n|win|brycego24\n|raw|thealex610's rating: 1182 &rarr; <strong>1160</strong><br />(-22 for losing)\n|raw|brycego24's rating: 1230 &rarr; <strong>1252</strong><br />(+22 for winning)\n|l|\u2606brycego24\n|player|p2|\n",
  "uploadtime": 1776267733,
  "views": 27,
  "formatid": "gen9championsvgc2026regma",
  "rating": 1160,
  "private": 0,
  "password": null
}