{
  "id": "gen9championsvgc2026regma-2585131899",
  "format": "[Gen 9 Champions] VGC 2026 Reg M-A",
  "players": [
    "TonyMacaroni5678",
    "Strawberryon24"
  ],
  "log": "|j|\u2606TonyMacaroni5678\n|j|\u2606Strawberryon24\n|t:|1776315569\n|gametype|doubles\n|player|p1|TonyMacaroni5678|101|1086\n|player|p2|Strawberryon24|265|1096\n|gen|9\n|tier|[Gen 9 Champions] VGC 2026 Reg M-A\n|rated|\n|rule|Species Clause: Limit one of each Pok\u00e9mon\n|rule|Item Clause: Limit 1 of each item\n|clearpoke\n|poke|p1|Glimmora, L50, F|\n|poke|p1|Decidueye-Hisui, L50, M|\n|poke|p1|Palafin, L50, F|\n|poke|p1|Ninetales-Alola, L50, M|\n|poke|p1|Whimsicott, L50, F|\n|poke|p1|Arcanine-Hisui, L50, F|\n|poke|p2|Talonflame, L50, F|\n|poke|p2|Milotic, L50, F|\n|poke|p2|Kangaskhan, L50, F|\n|poke|p2|Gengar, L50, M|\n|poke|p2|Hydreigon, L50, M|\n|poke|p2|Arcanine, L50, M|\n|teampreview|4\n|inactive|Battle timer is ON: inactive players will automatically lose when time's up. (requested by Strawberryon24)\n|inactive|TonyMacaroni5678 also wants the timer to be on.\nTonyMacaroni5678 has agreed to open team sheets.\n|inactive|TonyMacaroni5678 has 60 seconds left.\nStrawberryon24 rejected open team sheets.\n|inactive|TonyMacaroni5678 has 30 seconds left.\n|inactive|TonyMacaroni5678 has 20 seconds left.\n|\n|t:|1776315641\n|teamsize|p1|4\n|teamsize|p2|4\n|start\n|switch|p1a: Whimsicott|Whimsicott, L50, F|100/100\n|switch|p1b: Ninetales|Ninetales-Alola, L50, M|100/100\n|switch|p2a: Talonflame|Talonflame, L50, F, shiny|100/100\n|switch|p2b: Kangaskhan|Kangaskhan, L50, F|100/100\n|-weather|Snowscape|[from] ability: Snow Warning|[of] p1b: Ninetales\n|turn|1\n|\n|t:|1776315652\n|move|p2b: Kangaskhan|Fake Out|p1b: Ninetales\n|-damage|p1b: Ninetales|82/100\n|move|p2a: Talonflame|Tailwind|p2a: Talonflame\n|-sidestart|p2: Strawberryon24|move: Tailwind\n|move|p1a: Whimsicott|Tailwind|p1a: Whimsicott\n|-sidestart|p1: TonyMacaroni5678|move: Tailwind\n|cant|p1b: Ninetales|flinch\n|\n|-weather|Snowscape|[upkeep]\n|upkeep\n|turn|2\n|\n|t:|1776315667\n|move|p2a: Talonflame|Brave Bird|p1a: Whimsicott\n|-supereffective|p1a: Whimsicott|1\n|-enditem|p1a: Whimsicott|Focus Sash\n|-damage|p1a: Whimsicott|1/100\n|-damage|p2a: Talonflame|67/100|[from] Recoil\n|move|p1a: Whimsicott|Encore|p2b: Kangaskhan\n|-start|p2b: Kangaskhan|Encore\n|move|p2b: Kangaskhan|Fake Out||[still]\n|-hint|Fake Out only works on your first turn out.\n|-fail|p2b: Kangaskhan\n|move|p1b: Ninetales|Aurora Veil|p1b: Ninetales\n|-sidestart|p1: TonyMacaroni5678|move: Aurora Veil\n|\n|-weather|Snowscape|[upkeep]\n|-heal|p2a: Talonflame|73/100|[from] item: Leftovers\n|upkeep\n|turn|3\n|\n|t:|1776315689\n|switch|p1a: Glimmora|Glimmora, L50, F|100/100\n|switch|p2b: Arcanine|Arcanine, L50, M|100/100\n|-ability|p2b: Arcanine|Intimidate|boost\n|-unboost|p1a: Glimmora|atk|1\n|-unboost|p1b: Ninetales|atk|1\n|move|p2a: Talonflame|Flare Blitz|p1b: Ninetales\n|-supereffective|p1b: Ninetales|1\n|-damage|p1b: Ninetales|24/100\n|-damage|p2a: Talonflame|56/100|[from] Recoil\n|move|p1b: Ninetales|Blizzard|p2b: Arcanine|[spread] p2a,p2b\n|-resisted|p2b: Arcanine|1\n|-damage|p2a: Talonflame|10/100\n|-damage|p2b: Arcanine|81/100\n|-status|p2a: Talonflame|frz\n|-status|p2b: Arcanine|frz\n|\n|-weather|Snowscape|[upkeep]\n|-heal|p2a: Talonflame|16/100 frz|[from] item: Leftovers\n|upkeep\n|turn|4\n|c|\u2606Strawberryon24|woooow\n|c|\u2606TonyMacaroni5678|hax smh\n|c|\u2606Strawberryon24|last game got double flinch 2 times and now double frozen\n|inactive|TonyMacaroni5678 has 30 seconds left.\n|inactive|Strawberryon24 has 30 seconds left.\n|c|\u2606Strawberryon24|damn luck really\n|inactive|Strawberryon24 has 20 seconds left.\n|\n|t:|1776315729\n|detailschange|p1a: Glimmora|Glimmora-Mega, L50, F\n|-mega|p1a: Glimmora|Glimmora|Glimmoranite\n|cant|p2a: Talonflame|frz\n|move|p1b: Ninetales|Icy Wind|p2b: Arcanine|[spread] p2a,p2b\n|-resisted|p2b: Arcanine|1\n|-damage|p2a: Talonflame|0 fnt\n|-damage|p2b: Arcanine|71/100 frz\n|-unboost|p2b: Arcanine|spe|1\n|faint|p2a: Talonflame\n|move|p1a: Glimmora|Power Gem|p2b: Arcanine\n|-supereffective|p2b: Arcanine|1\n|-damage|p2b: Arcanine|0 fnt\n|faint|p2b: Arcanine\n|\n|-weather|Snowscape|[upkeep]\n|-sideend|p1: TonyMacaroni5678|move: Tailwind\n|-sideend|p2: Strawberryon24|move: Tailwind\n|upkeep\n|\n|t:|1776315737\n|switch|p2a: Gengar|Gengar, L50, M, shiny|100/100\n|switch|p2b: Kangaskhan|Kangaskhan, L50, F|100/100\n|turn|5\n|c|\u2606TonyMacaroni5678|it'll even out if you keep playing\n|\n|t:|1776315755\n|detailschange|p2a: Gengar|Gengar-Mega, L50, M, shiny\n|-mega|p2a: Gengar|Gengar|Gengarite\n|move|p1a: Glimmora|Spiky Shield|p1a: Glimmora\n|-singleturn|p1a: Glimmora|move: Protect\n|move|p2a: Gengar|Sludge Bomb|p1b: Ninetales\n|-supereffective|p1b: Ninetales|1\n|-damage|p1b: Ninetales|0 fnt\n|faint|p1b: Ninetales\n|move|p2b: Kangaskhan|Hammer Arm|p1a: Glimmora\n|-activate|p1a: Glimmora|move: Protect\n|-damage|p2b: Kangaskhan|88/100|[from] Spiky Shield|[of] p1a: Glimmora\n|\n|-weather|none\n|upkeep\n|\n|t:|1776315768\n|switch|p1b: Whimsicott|Whimsicott, L50, F|1/100\n|turn|6\n|\n|t:|1776315788\n|move|p1b: Whimsicott|Tailwind|p1b: Whimsicott\n|-sidestart|p1: TonyMacaroni5678|move: Tailwind\n|move|p1a: Glimmora|Earth Power|p2a: Gengar\n|-supereffective|p2a: Gengar|1\n|-damage|p2a: Gengar|1/100\n|move|p2a: Gengar|Shadow Ball|p1a: Glimmora\n|-damage|p1a: Glimmora|59/100\n|move|p2b: Kangaskhan|Double-Edge|p1b: Whimsicott\n|-damage|p1b: Whimsicott|0 fnt\n|faint|p1b: Whimsicott\n|-damage|p2b: Kangaskhan|88/100|[from] Recoil\n|\n|-sideend|p1: TonyMacaroni5678|move: Aurora Veil\n|upkeep\n|\n|t:|1776315802\n|switch|p1b: Palafin|Palafin, L50, F|100/100\n|turn|7\n|\n|t:|1776315827\n|move|p2a: Gengar|Protect|p2a: Gengar\n|-singleturn|p2a: Gengar|Protect\n|move|p1a: Glimmora|Sludge Bomb|p2b: Kangaskhan\n|-damage|p2b: Kangaskhan|10/100\n|move|p1b: Palafin|Wave Crash|p2b: Kangaskhan\n|-damage|p2b: Kangaskhan|0 fnt\n|faint|p2b: Kangaskhan\n|-damage|p1b: Palafin|97/100|[from] Recoil\n|\n|upkeep\n|turn|8\n|\n|t:|1776315842\n|move|p2a: Gengar|Protect||[still]\n|-fail|p2a: Gengar\n|move|p1b: Palafin|Jet Punch|p2a: Gengar\n|-damage|p2a: Gengar|0 fnt\n|faint|p2a: Gengar\n|\n|win|TonyMacaroni5678\n|raw|TonyMacaroni5678's rating: 1086 &rarr; <strong>1114</strong><br />(+28 for winning)\n|raw|Strawberryon24's rating: 1096 &rarr; <strong>1071</strong><br />(-25 for losing)\n|c|\u2606TonyMacaroni5678|gg\n|l|\u2606Strawberryon24\n|player|p2|\n",
  "uploadtime": 1776315849,
  "views": 39,
  "formatid": "gen9championsvgc2026regma",
  "rating": 1071,
  "private": 0,
  "password": null
}