{
  "id": "gen9championsvgc2026regma-2585760818",
  "format": "[Gen 9 Champions] VGC 2026 Reg M-A",
  "players": [
    "NewPlayer419",
    "Terry From HR"
  ],
  "log": "|j|\u2606NewPlayer419\n|j|\u2606Terry From HR\n|t:|1776368732\n|gametype|doubles\n|player|p1|NewPlayer419|170|1046\n|player|p2|Terry From HR|hilbert|1066\n|gen|9\n|tier|[Gen 9 Champions] VGC 2026 Reg M-A\n|rated|\n|rule|Species Clause: Limit one of each Pok\u00e9mon\n|rule|Item Clause: Limit 1 of each item\n|clearpoke\n|poke|p1|Infernape, L50, F|\n|poke|p1|Blastoise, L50, M|\n|poke|p1|Aerodactyl, L50, F|\n|poke|p1|Garchomp, L50, F|\n|poke|p1|Ninetales-Alola, L50, F|\n|poke|p1|Gengar, L50, M|\n|poke|p2|Hawlucha, L50, M|\n|poke|p2|Farigiraf, L50, F|\n|poke|p2|Excadrill, L50, M|\n|poke|p2|Incineroar, L50, F|\n|poke|p2|Blastoise, L50, F|\n|poke|p2|Decidueye, L50, F|\n|teampreview|4\n|inactive|Battle timer is ON: inactive players will automatically lose when time's up. (requested by Terry From HR)\n|inactive|NewPlayer419 has 60 seconds left.\n|\n|t:|1776368810\n|teamsize|p1|4\n|teamsize|p2|4\n|start\n|switch|p1a: Aerodactyl|Aerodactyl, L50, F|100/100\n|switch|p1b: Infernape|Infernape, L50, F, shiny|100/100\n|switch|p2a: Hawlucha|Hawlucha, L50, M|100/100\n|switch|p2b: Excadrill|Excadrill, L50, M|100/100\n|-ability|p1a: Aerodactyl|Unnerve\n|-ability|p2b: Excadrill|Mold Breaker\n|turn|1\n|inactive|NewPlayer419 has 30 seconds left.\n|inactive|NewPlayer419 has 20 seconds left.\n|\n|t:|1776368850\n|detailschange|p2a: Hawlucha|Hawlucha-Mega, L50, M\n|-mega|p2a: Hawlucha|Hawlucha|Hawluchanite\n|move|p2b: Excadrill|Rock Slide|p1a: Aerodactyl|[spread] p1a,p1b\n|-supereffective|p1a: Aerodactyl|1\n|-damage|p1a: Aerodactyl|50/100\n|-damage|p1b: Infernape|73/100\n|move|p1a: Aerodactyl|Dual Wingbeat|p2b: Excadrill\n|-resisted|p2b: Excadrill|1\n|-damage|p2b: Excadrill|89/100\n|-resisted|p2b: Excadrill|1\n|-damage|p2b: Excadrill|77/100\n|-hitcount|p2b: Excadrill|2\n|move|p2a: Hawlucha|High Jump Kick|p1a: Aerodactyl\n|-damage|p1a: Aerodactyl|0 fnt\n|faint|p1a: Aerodactyl\n|move|p1b: Infernape|Overheat|p2b: Excadrill\n|-supereffective|p2b: Excadrill|1\n|-damage|p2b: Excadrill|0 fnt\n|-unboost|p1b: Infernape|spa|2\n|faint|p2b: Excadrill\n|-enditem|p1b: Infernape|White Herb\n|-clearnegativeboost|p1b: Infernape|[silent]\n|\n|upkeep\n|inactive|NewPlayer419 has 30 seconds left.\n|inactive|NewPlayer419 has 20 seconds left.\n|\n|t:|1776368890\n|switch|p1a: Garchomp|Garchomp, L50, F|100/100\n|switch|p2b: Incineroar|Incineroar, L50, F|100/100\n|-ability|p2b: Incineroar|Intimidate|boost\n|-unboost|p1a: Garchomp|atk|1\n|-unboost|p1b: Infernape|atk|1\n|turn|2\n|inactive|NewPlayer419 has 30 seconds left.\n|\n|t:|1776368917\n|move|p1b: Infernape|Protect|p1b: Infernape\n|-singleturn|p1b: Infernape|Protect\n|move|p2b: Incineroar|Fake Out|p1a: Garchomp\n|-crit|p1a: Garchomp\n|-damage|p1a: Garchomp|76/100\n|-damage|p2b: Incineroar|88/100|[from] ability: Rough Skin|[of] p1a: Garchomp\n|cant|p1a: Garchomp|flinch\n|move|p2a: Hawlucha|Dual Wingbeat|p1b: Infernape\n|-activate|p1b: Infernape|move: Protect\n|\n|upkeep\n|turn|3\n|inactive|NewPlayer419 has 30 seconds left.\n|inactive|NewPlayer419 has 20 seconds left.\n|inactive|NewPlayer419 has 15 seconds left.\n|\n|t:|1776368958\n|switch|p1b: Blastoise|Blastoise, L50, M|100/100\n|move|p1a: Garchomp|Rock Slide|p2b: Incineroar|[spread] p2a,p2b\n|-supereffective|p2b: Incineroar|1\n|-damage|p2a: Hawlucha|85/100\n|-damage|p2b: Incineroar|63/100\n|move|p2a: Hawlucha|Dual Wingbeat|p1b: Blastoise\n|-damage|p1b: Blastoise|73/100\n|-damage|p1b: Blastoise|47/100\n|-hitcount|p1b: Blastoise|2\n|move|p2b: Incineroar|Parting Shot|p1a: Garchomp\n|-unboost|p1a: Garchomp|atk|1\n|-unboost|p1a: Garchomp|spa|1\n|\n|t:|1776368971\n|switch|p2b: Decidueye|Decidueye, L50, F|100/100|[from] Parting Shot\n|\n|upkeep\n|turn|4\n|\n|t:|1776368983\n|switch|p1a: Infernape|Infernape, L50, F, shiny|73/100\n|detailschange|p1b: Blastoise|Blastoise-Mega, L50, M\n|-mega|p1b: Blastoise|Blastoise|Blastoisinite\n|move|p1b: Blastoise|Protect|p1b: Blastoise\n|-singleturn|p1b: Blastoise|Protect\n|move|p2a: Hawlucha|High Jump Kick|p1a: Infernape\n|-damage|p1a: Infernape|0 fnt\n|faint|p1a: Infernape\n|move|p2b: Decidueye|Leaf Blade|p1b: Blastoise\n|-activate|p1b: Blastoise|move: Protect\n|\n|upkeep\n|\n|t:|1776368991\n|switch|p1a: Garchomp|Garchomp, L50, F|76/100\n|turn|5\n|inactive|NewPlayer419 has 30 seconds left.\n|\n|t:|1776369022\n|move|p1a: Garchomp|Dragon Claw|p2b: Decidueye\n|-damage|p2b: Decidueye|50/100\n|move|p2a: Hawlucha|High Jump Kick|p1b: Blastoise\n|-damage|p1b: Blastoise|0 fnt\n|faint|p1b: Blastoise\n|move|p2b: Decidueye|Leaf Blade|p1a: Garchomp\n|-damage|p1a: Garchomp|28/100\n|\n|upkeep\n|turn|6\n|\n|t:|1776369032\n|move|p2b: Decidueye|Shadow Sneak|p1a: Garchomp\n|-damage|p1a: Garchomp|8/100\n|move|p1a: Garchomp|Dragon Claw|p2b: Decidueye\n|-damage|p2b: Decidueye|0 fnt\n|faint|p2b: Decidueye\n|move|p2a: Hawlucha|High Jump Kick|p1a: Garchomp\n|-damage|p1a: Garchomp|0 fnt\n|-damage|p2a: Hawlucha|73/100|[from] ability: Rough Skin|[of] p1a: Garchomp\n|faint|p1a: Garchomp\n|\n|win|Terry From HR\n|raw|NewPlayer419's rating: 1046 &rarr; <strong>1030</strong><br />(-16 for losing)\n|raw|Terry From HR's rating: 1066 &rarr; <strong>1094</strong><br />(+28 for winning)\n",
  "uploadtime": 1776369037,
  "views": 20,
  "formatid": "gen9championsvgc2026regma",
  "rating": 1030,
  "private": 0,
  "password": null
}