{
  "id": "gen9championsvgc2026regma-2581149222",
  "format": "[Gen 9 Champions] VGC 2026 Reg M-A",
  "players": [
    "Nightingale14",
    "AkiraVN"
  ],
  "log": "|j|\u2606Nightingale14\n|j|\u2606AkiraVN\n|t:|1775964626\n|gametype|doubles\n|player|p1|Nightingale14|hugh|1128\n|player|p2|AkiraVN|marnie-masters3|1188\n|gen|9\n|tier|[Gen 9 Champions] VGC 2026 Reg M-A\n|rated|\n|rule|Species Clause: Limit one of each Pok\u00e9mon\n|rule|Item Clause: Limit 1 of each item\n|clearpoke\n|poke|p1|Meganium, L50, M|\n|poke|p1|Pelipper, L50, M|\n|poke|p1|Basculegion, L50, M|\n|poke|p1|Archaludon, L50, M|\n|poke|p1|Noivern, L50, F|\n|poke|p1|Incineroar, L50, M|\n|poke|p2|Floette-Eternal, L50, F|\n|poke|p2|Maushold-Four, L50|\n|poke|p2|Garchomp, L50, M|\n|poke|p2|Talonflame, L50, F|\n|poke|p2|Sneasler, L50, M|\n|poke|p2|Incineroar, L50, F|\n|teampreview|4\n|inactive|Battle timer is ON: inactive players will automatically lose when time's up. (requested by Nightingale14)\n|inactive|AkiraVN also wants the timer to be on.\nNightingale14 has agreed to open team sheets.\n|\n|t:|1775964655\n|teamsize|p1|4\n|teamsize|p2|4\n|start\n|switch|p1a: Noivern|Noivern, L50, F|100/100\n|switch|p1b: Pelipper|Pelipper, L50, M|100/100\n|switch|p2a: Floette|Floette-Eternal, L50, F|100/100\n|switch|p2b: Maushold|Maushold-Four, L50, shiny|100/100\n|-weather|RainDance|[from] ability: Drizzle|[of] p1b: Pelipper\n|turn|1\n|inactive|Nightingale14 has 30 seconds left.\n|inactive|Nightingale14 has 20 seconds left.\n|\n|t:|1775964695\n|detailschange|p2a: Floette|Floette-Mega, L50, F\n|-mega|p2a: Floette|Floette|Floettite\n|-ability|p2a: Floette|Fairy Aura\n|move|p1a: Noivern|Protect|p1a: Noivern\n|-singleturn|p1a: Noivern|Protect\n|move|p2b: Maushold|Follow Me|p2b: Maushold\n|-singleturn|p2b: Maushold|move: Follow Me\n|move|p2a: Floette|Calm Mind|p2a: Floette\n|-boost|p2a: Floette|spa|1\n|-boost|p2a: Floette|spd|1\n|move|p1b: Pelipper|Hurricane|p2b: Maushold\n|-damage|p2b: Maushold|59/100\n|\n|-weather|RainDance|[upkeep]\n|upkeep\n|turn|2\n|inactive|Nightingale14 has 30 seconds left.\n|\n|t:|1775964728\n|move|p2b: Maushold|Helping Hand|p2a: Floette\n|-singleturn|p2a: Floette|Helping Hand|[of] p2b: Maushold\n|move|p1a: Noivern|Hurricane|p2b: Maushold\n|-damage|p2b: Maushold|3/100\n|move|p2a: Floette|Dazzling Gleam|p1b: Pelipper|[spread] p1a,p1b\n|-supereffective|p1a: Noivern|1\n|-enditem|p1a: Noivern|Roseli Berry|[eat]\n|-enditem|p1a: Noivern|Roseli Berry|[weaken]\n|-damage|p1a: Noivern|0 fnt\n|-enditem|p1b: Pelipper|Focus Sash\n|-damage|p1b: Pelipper|1/100\n|faint|p1a: Noivern\n|move|p1b: Pelipper|Tailwind|p1b: Pelipper\n|-sidestart|p1: Nightingale14|move: Tailwind\n|\n|-weather|RainDance|[upkeep]\n|upkeep\n|\n|t:|1775964744\n|switch|p1a: Basculegion|Basculegion, L50, M|100/100\n|turn|3\n|\n|t:|1775964761\n|move|p2b: Maushold|Follow Me|p2b: Maushold\n|-singleturn|p2b: Maushold|move: Follow Me\n|move|p1a: Basculegion|Wave Crash|p2b: Maushold\n|-damage|p2b: Maushold|0 fnt\n|faint|p2b: Maushold\n|-damage|p1a: Basculegion|99/100|[from] Recoil\n|move|p1b: Pelipper|Weather Ball|p2a: Floette\n|-crit|p2a: Floette\n|-damage|p2a: Floette|39/100\n|move|p2a: Floette|Dazzling Gleam|p1b: Pelipper|[spread] p1a,p1b\n|-damage|p1a: Basculegion|11/100\n|-damage|p1b: Pelipper|0 fnt\n|faint|p1b: Pelipper\n|\n|-weather|RainDance|[upkeep]\n|upkeep\n|\n|t:|1775964777\n|switch|p2b: Garchomp|Garchomp, L50, M, shiny|100/100\n|switch|p1b: Meganium|Meganium, L50, M|100/100\n|turn|4\n|inactive|Nightingale14 has 30 seconds left.\n|\n|t:|1775964808\n|detailschange|p1b: Meganium|Meganium-Mega, L50, M\n|-mega|p1b: Meganium|Meganium|Meganiumite\n|move|p2a: Floette|Protect|p2a: Floette\n|-singleturn|p2a: Floette|Protect\n|move|p1a: Basculegion|Wave Crash|p2a: Floette\n|-activate|p2a: Floette|move: Protect\n|move|p2b: Garchomp|Earthquake|p1a: Basculegion|[spread] p1a,p1b\n|-activate|p2a: Floette|move: Protect\n|-resisted|p1b: Meganium|1\n|-damage|p1a: Basculegion|0 fnt\n|-damage|p1b: Meganium|84/100\n|faint|p1a: Basculegion\n|move|p1b: Meganium|Solar Beam||[still]\n|-prepare|p1b: Meganium|Solar Beam\n|-activate|p1b: Meganium|ability: Mega Sol\n|-anim|p1b: Meganium|Solar Beam|p2b: Garchomp\n|-damage|p2b: Garchomp|24/100\n|\n|-weather|RainDance|[upkeep]\n|upkeep\n|turn|5\n|inactive|Nightingale14 has 30 seconds left.\n|\n|t:|1775964833\n|switch|p2a: Incineroar|Incineroar, L50, F, shiny|100/100\n|-ability|p2a: Incineroar|Intimidate|boost\n|-unboost|p1b: Meganium|atk|1\n|move|p2b: Garchomp|Earthquake|p1b: Meganium|[spread] p2a,p1b\n|-supereffective|p2a: Incineroar|1\n|-resisted|p1b: Meganium|1\n|-damage|p2a: Incineroar|28/100\n|-damage|p1b: Meganium|68/100\n|-enditem|p2a: Incineroar|Sitrus Berry|[eat]\n|-heal|p2a: Incineroar|53/100|[from] item: Sitrus Berry\n|move|p1b: Meganium|Solar Beam||[still]\n|-prepare|p1b: Meganium|Solar Beam\n|-activate|p1b: Meganium|ability: Mega Sol\n|-anim|p1b: Meganium|Solar Beam|p2a: Incineroar\n|-resisted|p2a: Incineroar|1\n|-damage|p2a: Incineroar|22/100\n|\n|-weather|none\n|-sideend|p1: Nightingale14|move: Tailwind\n|upkeep\n|turn|6\n|\n|t:|1775964851\n|move|p1b: Meganium|Protect|p1b: Meganium\n|-singleturn|p1b: Meganium|Protect\n|move|p2b: Garchomp|Earthquake|p1b: Meganium|[spread] p2a\n|-activate|p1b: Meganium|move: Protect\n|-supereffective|p2a: Incineroar|1\n|-damage|p2a: Incineroar|0 fnt\n|faint|p2a: Incineroar\n|\n|upkeep\n|\n|t:|1775964853\n|switch|p2a: Floette|Floette-Mega, L50, F|39/100\n|-ability|p2a: Floette|Fairy Aura\n|turn|7\n|\n|t:|1775964865\n|move|p2a: Floette|Protect|p2a: Floette\n|-singleturn|p2a: Floette|Protect\n|move|p2b: Garchomp|Earthquake|p1b: Meganium|[spread] p1b\n|-activate|p2a: Floette|move: Protect\n|-resisted|p1b: Meganium|1\n|-damage|p1b: Meganium|51/100\n|move|p1b: Meganium|Synthesis|p1b: Meganium\n|-heal|p1b: Meganium|100/100\n|\n|upkeep\n|turn|8\n|\n|t:|1775964874\n|move|p1b: Meganium|Protect|p1b: Meganium\n|-singleturn|p1b: Meganium|Protect\n|move|p2b: Garchomp|Earthquake|p1b: Meganium|[spread] p2a\n|-activate|p1b: Meganium|move: Protect\n|-damage|p2a: Floette|0 fnt\n|faint|p2a: Floette\n|\n|upkeep\n|turn|9\n|-message|AkiraVN forfeited.\n|\n|win|Nightingale14\n|raw|Nightingale14's rating: 1128 &rarr; <strong>1157</strong><br />(+29 for winning)\n|raw|AkiraVN's rating: 1188 &rarr; <strong>1159</strong><br />(-29 for losing)\n|l|\u2606AkiraVN\n|player|p2|\n",
  "uploadtime": 1775964888,
  "views": 16,
  "formatid": "gen9championsvgc2026regma",
  "rating": 1157,
  "private": 0,
  "password": null
}