{
  "id": "gen9championsvgc2026regma-2586770538",
  "format": "[Gen 9 Champions] VGC 2026 Reg M-A",
  "players": [
    "Quaza15",
    "CODZ-UWWU"
  ],
  "log": "|j|\u2606Quaza15\n|j|\u2606CODZ-UWWU\n|t:|1776458554\n|gametype|doubles\n|player|p1|Quaza15|ruinmaniac|1334\n|player|p2|CODZ-UWWU|miku-ghost|1239\n|gen|9\n|tier|[Gen 9 Champions] VGC 2026 Reg M-A\n|rated|\n|rule|Species Clause: Limit one of each Pok\u00e9mon\n|rule|Item Clause: Limit 1 of each item\n|clearpoke\n|poke|p1|Aerodactyl, L50, F|\n|poke|p1|Garchomp, L50, F|\n|poke|p1|Mamoswine, L50, F|\n|poke|p1|Charizard, L50, F|\n|poke|p1|Kingambit, L50, F|\n|poke|p1|Rotom-Wash, L50|\n|poke|p2|Excadrill, L50, F|\n|poke|p2|Klefki, L50, M|\n|poke|p2|Glimmora, L50, M|\n|poke|p2|Kingambit, L50, M|\n|poke|p2|Tyranitar, L50, M|\n|poke|p2|Whimsicott, L50, F|\n|teampreview|4\n|inactive|Battle timer is ON: inactive players will automatically lose when time's up. (requested by CODZ-UWWU)\n|inactive|CODZ-UWWU has 60 seconds left.\n|\n|t:|1776458589\n|teamsize|p1|4\n|teamsize|p2|4\n|start\n|switch|p1a: Garchomp|Garchomp, L50, F|100/100\n|switch|p1b: Aerodactyl|Aerodactyl, L50, F|100/100\n|switch|p2a: Excadrill|Excadrill, L50, F|100/100\n|switch|p2b: Klefki|Klefki, L50, M|100/100\n|-ability|p1b: Aerodactyl|Unnerve\n|turn|1\n|\n|t:|1776458601\n|move|p2b: Klefki|Sandstorm|p2b: Klefki\n|-weather|Sandstorm\n|move|p2a: Excadrill|Rock Slide|p1b: Aerodactyl|[spread] p1a,p1b\n|-resisted|p1a: Garchomp|1\n|-supereffective|p1b: Aerodactyl|1\n|-damage|p1a: Garchomp|90/100\n|-damage|p1b: Aerodactyl|23/100\n|move|p1b: Aerodactyl|Tailwind|p1b: Aerodactyl\n|-sidestart|p1: Quaza15|move: Tailwind\n|cant|p1a: Garchomp|flinch\n|\n|-weather|Sandstorm|[upkeep]\n|upkeep\n|turn|2\n|\n|t:|1776458616\n|switch|p2b: Whimsicott|Whimsicott, L50, F|100/100\n|move|p1b: Aerodactyl|Protect|p1b: Aerodactyl\n|-singleturn|p1b: Aerodactyl|Protect\n|move|p2a: Excadrill|Protect|p2a: Excadrill\n|-singleturn|p2a: Excadrill|Protect\n|move|p1a: Garchomp|Earthquake|p2b: Whimsicott|[spread] p2b\n|-activate|p1b: Aerodactyl|move: Protect\n|-activate|p2a: Excadrill|move: Protect\n|-resisted|p2b: Whimsicott|1\n|-damage|p2b: Whimsicott|74/100\n|\n|-weather|Sandstorm|[upkeep]\n|-damage|p2b: Whimsicott|68/100|[from] Sandstorm\n|upkeep\n|turn|3\n|\n|t:|1776458636\n|switch|p1b: Rotom|Rotom-Wash, L50|100/100\n|move|p2b: Whimsicott|Tailwind|p2b: Whimsicott\n|-sidestart|p2: CODZ-UWWU|move: Tailwind\n|move|p2a: Excadrill|Rock Slide|p1b: Rotom|[spread] p1a,p1b\n|-resisted|p1a: Garchomp|1\n|-damage|p1a: Garchomp|80/100\n|-damage|p1b: Rotom|77/100\n|move|p1a: Garchomp|Earthquake|p2a: Excadrill|[spread] p2a,p2b\n|-immune|p1b: Rotom|[from] ability: Levitate\n|-supereffective|p2a: Excadrill|1\n|-resisted|p2b: Whimsicott|1\n|-damage|p2a: Excadrill|0 fnt\n|-damage|p2b: Whimsicott|42/100\n|faint|p2a: Excadrill\n|\n|-weather|Sandstorm|[upkeep]\n|-damage|p1b: Rotom|71/100|[from] Sandstorm\n|-damage|p2b: Whimsicott|36/100|[from] Sandstorm\n|upkeep\n|\n|t:|1776458653\n|switch|p2a: Tyranitar|Tyranitar, L50, M|100/100\n|turn|4\n|\n|t:|1776458674\n|move|p1b: Rotom|Hydro Pump|p2a: Tyranitar|[miss]\n|-miss|p1b: Rotom|p2a: Tyranitar\n|move|p1a: Garchomp|Earthquake|p2b: Whimsicott|[spread] p2a,p2b\n|-immune|p1b: Rotom|[from] ability: Levitate\n|-supereffective|p2a: Tyranitar|1\n|-resisted|p2b: Whimsicott|1\n|-damage|p2a: Tyranitar|31/100\n|-damage|p2b: Whimsicott|9/100\n|move|p2b: Whimsicott|Moonblast|p1a: Garchomp\n|-supereffective|p1a: Garchomp|1\n|-damage|p1a: Garchomp|0 fnt\n|faint|p1a: Garchomp\n|move|p2a: Tyranitar|Stone Edge|p1b: Rotom\n|-damage|p1b: Rotom|15/100\n|\n|-weather|Sandstorm|[upkeep]\n|-damage|p1b: Rotom|10/100|[from] Sandstorm\n|-damage|p2b: Whimsicott|3/100|[from] Sandstorm\n|-sideend|p1: Quaza15|move: Tailwind\n|upkeep\n|\n|t:|1776458688\n|switch|p1a: Aerodactyl|Aerodactyl, L50, F|23/100\n|-ability|p1a: Aerodactyl|Unnerve\n|turn|5\n|\n|t:|1776458704\n|move|p2b: Whimsicott|Moonblast|p1b: Rotom\n|-damage|p1b: Rotom|0 fnt\n|faint|p1b: Rotom\n|move|p1a: Aerodactyl|Tailwind|p1a: Aerodactyl\n|-sidestart|p1: Quaza15|move: Tailwind\n|move|p2a: Tyranitar|Thunder Punch|p1a: Aerodactyl\n|-supereffective|p1a: Aerodactyl|1\n|-damage|p1a: Aerodactyl|0 fnt\n|faint|p1a: Aerodactyl\n|\n|-weather|none\n|upkeep\n|\n|t:|1776458711\n|switch|p1b: Kingambit|Kingambit, L50, F|100/100\n|turn|6\n|\n|t:|1776458726\n|detailschange|p2a: Tyranitar|Tyranitar-Mega, L50, M\n|-mega|p2a: Tyranitar|Tyranitar|Tyranitarite\n|-weather|Sandstorm|[from] ability: Sand Stream|[of] p2a: Tyranitar\n|move|p2a: Tyranitar|Protect|p2a: Tyranitar\n|-singleturn|p2a: Tyranitar|Protect\n|move|p2b: Whimsicott|Moonblast|p1b: Kingambit\n|-damage|p1b: Kingambit|52/100\n|move|p1b: Kingambit|Low Kick|p2a: Tyranitar\n|-activate|p2a: Tyranitar|move: Protect\n|\n|-weather|Sandstorm|[upkeep]\n|-damage|p2b: Whimsicott|0 fnt|[from] Sandstorm\n|faint|p2b: Whimsicott\n|-sideend|p2: CODZ-UWWU|move: Tailwind\n|upkeep\n|\n|t:|1776458736\n|switch|p2b: Klefki|Klefki, L50, M|100/100\n|turn|7\n|\n|t:|1776458753\n|move|p1b: Kingambit|Low Kick|p2a: Tyranitar\n|-supereffective|p2a: Tyranitar|2\n|-damage|p2a: Tyranitar|0 fnt\n|faint|p2a: Tyranitar\n|move|p2b: Klefki|Foul Play|p1b: Kingambit\n|-resisted|p1b: Kingambit|1\n|-damage|p1b: Kingambit|40/100\n|\n|-weather|Sandstorm|[upkeep]\n|upkeep\n|turn|8\n|\n|t:|1776458763\n|move|p2b: Klefki|Thunder Wave|p1b: Kingambit\n|-hint|Since gen 7, Dark is immune to Prankster moves.\n|-immune|p1b: Kingambit\n|move|p1b: Kingambit|Iron Head|p2b: Klefki\n|-damage|p2b: Klefki|56/100\n|\n|-weather|Sandstorm|[upkeep]\n|-sideend|p1: Quaza15|move: Tailwind\n|upkeep\n|turn|9\n|\n|t:|1776458768\n|move|p2b: Klefki|Foul Play|p1b: Kingambit\n|-resisted|p1b: Kingambit|1\n|-damage|p1b: Kingambit|28/100\n|move|p1b: Kingambit|Iron Head|p2b: Klefki\n|-damage|p2b: Klefki|15/100\n|-enditem|p2b: Klefki|Sitrus Berry|[eat]\n|-heal|p2b: Klefki|39/100|[from] item: Sitrus Berry\n|\n|-weather|Sandstorm|[upkeep]\n|upkeep\n|turn|10\n|\n|t:|1776458773\n|move|p2b: Klefki|Foul Play|p1b: Kingambit\n|-resisted|p1b: Kingambit|1\n|-damage|p1b: Kingambit|18/100\n|move|p1b: Kingambit|Iron Head|p2b: Klefki\n|-damage|p2b: Klefki|0 fnt\n|faint|p2b: Klefki\n|\n|win|Quaza15\n|raw|Quaza15's rating: 1334 &rarr; <strong>1349</strong><br />(+15 for winning)\n|raw|CODZ-UWWU's rating: 1239 &rarr; <strong>1221</strong><br />(-18 for losing)\n",
  "uploadtime": 1776458774,
  "views": 49,
  "formatid": "gen9championsvgc2026regma",
  "rating": 1221,
  "private": 0,
  "password": null
}