{
  "id": "gen9championsvgc2026regma-2581282543",
  "format": "[Gen 9 Champions] VGC 2026 Reg M-A",
  "players": [
    "accelerator0101",
    "guhixica"
  ],
  "log": "|j|\u2606accelerator0101\n|j|\u2606guhixica\n|t:|1775980949\n|gametype|doubles\n|player|p1|accelerator0101|2|1048\n|player|p2|guhixica|aaron|1106\n|gen|9\n|tier|[Gen 9 Champions] VGC 2026 Reg M-A\n|rated|\n|rule|Species Clause: Limit one of each Pok\u00e9mon\n|rule|Item Clause: Limit 1 of each item\n|clearpoke\n|poke|p1|Hawlucha, L50, F|\n|poke|p1|Excadrill, L50, M|\n|poke|p1|Tyranitar, L50, M|\n|poke|p1|Sinistcha, L50|\n|poke|p1|Incineroar, L50, F|\n|poke|p1|Skarmory, L50, F|\n|poke|p2|Heliolisk, L50, F|\n|poke|p2|Pelipper, L50, M|\n|poke|p2|Sinistcha, L50|\n|poke|p2|Blastoise, L50, F|\n|poke|p2|Gengar, L50, M|\n|poke|p2|Basculegion, L50, M|\n|teampreview|4\n|c|\u2606guhixica|Glhf\n|inactive|Battle timer is ON: inactive players will automatically lose when time's up. (requested by accelerator0101)\n|c|\u2606accelerator0101|Glhf\n|\n|t:|1775980994\n|teamsize|p1|4\n|teamsize|p2|4\n|start\n|switch|p1a: Hawlucha|Hawlucha, L50, F|100/100\n|switch|p1b: Excadrill|Excadrill, L50, M|100/100\n|switch|p2a: Blastoise|Blastoise, L50, F|100/100\n|switch|p2b: Basculegion|Basculegion, L50, M|100/100\n|turn|1\n|\n|t:|1775981013\n|move|p2a: Blastoise|Fake Out|p1b: Excadrill\n|-resisted|p1b: Excadrill|1\n|-damage|p1b: Excadrill|95/100\n|move|p1a: Hawlucha|Entrainment|p1b: Excadrill\n|-ability|p1b: Excadrill|Limber|Sand Rush|[from] move: Entrainment|[of] p1a: Hawlucha\n|cant|p1b: Excadrill|flinch\n|move|p2b: Basculegion|Wave Crash|p1b: Excadrill\n|-supereffective|p1b: Excadrill|1\n|-damage|p1b: Excadrill|0 fnt\n|faint|p1b: Excadrill\n|-damage|p2b: Basculegion|71/100|[from] Recoil\n|\n|upkeep\n|\n|t:|1775981027\n|switch|p1b: Sinistcha|Sinistcha, L50|100/100\n|turn|2\n|\n|t:|1775981036\n|switch|p2a: Pelipper|Pelipper, L50, M|100/100\n|-weather|RainDance|[from] ability: Drizzle|[of] p2a: Pelipper\n|move|p2b: Basculegion|Protect|p2b: Basculegion\n|-singleturn|p2b: Basculegion|Protect\n|move|p1a: Hawlucha|Protect|p1a: Hawlucha\n|-singleturn|p1a: Hawlucha|Protect\n|move|p1b: Sinistcha|Matcha Gotcha|p2b: Basculegion|[spread] p2a\n|-activate|p2b: Basculegion|move: Protect\n|-damage|p2a: Pelipper|68/100\n|\n|-weather|RainDance|[upkeep]\n|upkeep\n|turn|3\n|inactive|accelerator0101 has 30 seconds left.\n|inactive|guhixica has 30 seconds left.\n|\n|t:|1775981068\n|switch|p1a: Tyranitar|Tyranitar, L50, M|100/100\n|-weather|Sandstorm|[from] ability: Sand Stream|[of] p1a: Tyranitar\n|move|p2b: Basculegion|Wave Crash|p1a: Tyranitar\n|-supereffective|p1a: Tyranitar|1\n|-damage|p1a: Tyranitar|0 fnt\n|faint|p1a: Tyranitar\n|-damage|p2b: Basculegion|42/100|[from] Recoil\n|move|p1b: Sinistcha|Strength Sap|p2b: Basculegion\n|-unboost|p2b: Basculegion|atk|1\n|move|p2a: Pelipper|Hurricane|p1b: Sinistcha|[miss]\n|-miss|p2a: Pelipper|p1b: Sinistcha\n|\n|-weather|Sandstorm|[upkeep]\n|-damage|p2b: Basculegion|36/100|[from] Sandstorm\n|-damage|p1b: Sinistcha|95/100|[from] Sandstorm\n|-damage|p2a: Pelipper|62/100|[from] Sandstorm\n|upkeep\n|\n|t:|1775981084\n|switch|p1a: Hawlucha|Hawlucha, L50, F|100/100\n|turn|4\n|\n|t:|1775981095\n|switch|p2a: Heliolisk|Heliolisk, L50, F|100/100\n|detailschange|p1a: Hawlucha|Hawlucha-Mega, L50, F\n|-mega|p1a: Hawlucha|Hawlucha|Hawluchanite\n|move|p2b: Basculegion|Protect|p2b: Basculegion\n|-singleturn|p2b: Basculegion|Protect\n|move|p1a: Hawlucha|Stone Edge|p2a: Heliolisk\n|-damage|p2a: Heliolisk|22/100\n|move|p1b: Sinistcha|Matcha Gotcha|p2b: Basculegion|[spread] p2a\n|-activate|p2b: Basculegion|move: Protect\n|-damage|p2a: Heliolisk|0 fnt\n|-heal|p1b: Sinistcha|100/100|[from] drain|[of] p2a: Heliolisk\n|faint|p2a: Heliolisk\n|\n|-weather|Sandstorm|[upkeep]\n|-damage|p1a: Hawlucha|95/100|[from] Sandstorm\n|-damage|p2b: Basculegion|29/100|[from] Sandstorm\n|-damage|p1b: Sinistcha|95/100|[from] Sandstorm\n|upkeep\n|\n|t:|1775981118\n|switch|p2a: Pelipper|Pelipper, L50, M|62/100\n|-weather|RainDance|[from] ability: Drizzle|[of] p2a: Pelipper\n|turn|5\n|\n|t:|1775981142\n|move|p1a: Hawlucha|Protect|p1a: Hawlucha\n|-singleturn|p1a: Hawlucha|Protect\n|move|p2a: Pelipper|Protect|p2a: Pelipper\n|-singleturn|p2a: Pelipper|Protect\n|move|p2b: Basculegion|Wave Crash|p1a: Hawlucha\n|-activate|p1a: Hawlucha|move: Protect\n|move|p1b: Sinistcha|Matcha Gotcha|p2b: Basculegion|[spread] p2b\n|-activate|p2a: Pelipper|move: Protect\n|-supereffective|p2b: Basculegion|1\n|-damage|p2b: Basculegion|0 fnt\n|-heal|p1b: Sinistcha|100/100|[from] drain|[of] p2b: Basculegion\n|faint|p2b: Basculegion\n|\n|-weather|RainDance|[upkeep]\n|upkeep\n|\n|t:|1775981159\n|switch|p2b: Blastoise|Blastoise, L50, F|100/100\n|turn|6\n|\n|t:|1775981174\n|detailschange|p2b: Blastoise|Blastoise-Mega, L50, F\n|-mega|p2b: Blastoise|Blastoise|Blastoisinite\n|move|p1b: Sinistcha|Rage Powder|p1b: Sinistcha\n|-singleturn|p1b: Sinistcha|move: Rage Powder\n|move|p1a: Hawlucha|Stone Edge|p2a: Pelipper\n|-supereffective|p2a: Pelipper|1\n|-damage|p2a: Pelipper|0 fnt\n|faint|p2a: Pelipper\n|move|p2b: Blastoise|Ice Beam|p1b: Sinistcha\n|-supereffective|p1b: Sinistcha|1\n|-damage|p1b: Sinistcha|36/100\n|-status|p1b: Sinistcha|frz\n|-enditem|p1b: Sinistcha|Sitrus Berry|[eat]\n|-heal|p1b: Sinistcha|60/100 frz|[from] item: Sitrus Berry\n|\n|-weather|RainDance|[upkeep]\n|upkeep\n|turn|7\n|\n|t:|1775981197\n|move|p1a: Hawlucha|High Jump Kick|p2b: Blastoise\n|-damage|p2b: Blastoise|42/100\n|move|p2b: Blastoise|Ice Beam|p1a: Hawlucha\n|-supereffective|p1a: Hawlucha|1\n|-damage|p1a: Hawlucha|3/100\n|-curestatus|p1b: Sinistcha|frz|[from] move: Matcha Gotcha\n|move|p1b: Sinistcha|Matcha Gotcha|p2b: Blastoise\n|-supereffective|p2b: Blastoise|1\n|-damage|p2b: Blastoise|0 fnt\n|-heal|p1b: Sinistcha|83/100|[from] drain|[of] p2b: Blastoise\n|faint|p2b: Blastoise\n|\n|win|accelerator0101\n|raw|accelerator0101's rating: 1048 &rarr; <strong>1086</strong><br />(+38 for winning)\n|raw|guhixica's rating: 1106 &rarr; <strong>1077</strong><br />(-29 for losing)\n|l|\u2606accelerator0101\n|player|p1|\n|c|\u2606guhixica|Gg\n",
  "uploadtime": 1775981219,
  "views": 14,
  "formatid": "gen9championsvgc2026regma",
  "rating": 1077,
  "private": 0,
  "password": null
}