{
  "id": "gen9championsvgc2026regma-2587257891",
  "format": "[Gen 9 Champions] VGC 2026 Reg M-A",
  "players": [
    "MareeohYT",
    "Hobbit"
  ],
  "log": "|j|\u2606MareeohYT\n|j|\u2606Hobbit\n|html|<table width=\"100%\"><tr><td align=\"left\">MareeohYT</td><td align=\"right\">Hobbit</tr><tr><td align=\"left\"><i class=\"fa fa-circle-o\"></i> <i class=\"fa fa-circle-o\"></i> </td><td align=\"right\"><i class=\"fa fa-circle-o\"></i> <i class=\"fa fa-circle-o\"></i> </tr></table>\n|uhtml|bestof|<h2><strong>Game 1</strong> of <a href=\"/game-bestof3-gen9championsvgc2026regma-2587257890\">a best-of-3</a></h2>\n|t:|1776515308\n|gametype|doubles\n|player|p1|MareeohYT|#smogonxnpa2025draftee|\n|player|p2|Hobbit|#smogonxnpa2025winner|\n|gen|9\n|tier|[Gen 9 Champions] VGC 2026 Reg M-A\n|rated|Tournament battle\n|rule|Species Clause: Limit one of each Pok\u00e9mon\n|rule|Item Clause: Limit 1 of each item\n|raw|<div class=\"infobox\"><details class=\"readmore\" open><summary><strong>2 custom rules:</strong></summary> Force Open Team Sheets, Best of = 3</details></div>\n|clearpoke\n|poke|p1|Scizor, L50, F|\n|poke|p1|Incineroar, L50, M|\n|poke|p1|Dragonite, L50, M|\n|poke|p1|Archaludon, L50, F|\n|poke|p1|Pelipper, L50, M|\n|poke|p1|Basculegion, L50, M|\n|poke|p2|Gardevoir, L50, M|\n|poke|p2|Maushold-Four, L50|\n|poke|p2|Incineroar, L50, F|\n|poke|p2|Araquanid, L50, F|\n|poke|p2|Meowscarada, L50, M|\n|poke|p2|Aerodactyl, L50, F|\n|teampreview|4\n|showteam|p1|Scizor||Scizorite|Technician|BulletPunch,DualWingbeat,Protect,SwordsDance|||F|||50|]Incineroar||SitrusBerry|Intimidate|FlareBlitz,DarkestLariat,FakeOut,PartingShot|||M|||50|]Dragonite||Dragoninite|Multiscale|DragonPulse,Hurricane,WeatherBall,Protect|||M|||50|]Archaludon||ChopleBerry|Stamina|ElectroShot,DragonPulse,AuraSphere,Protect|||F|||50|]Pelipper||MysticWater|Drizzle|WeatherBall,Hurricane,WideGuard,Tailwind|||M|||50|]Basculegion||ChoiceScarf|Adaptability|WaveCrash,LastRespects,FlipTurn,AquaJet|||M|||50|\n|showteam|p2|Gardevoir||Gardevoirite|Trace|HyperVoice,Psyshock,TrickRoom,Protect|||M|||50|]Maushold-Four||SitrusBerry|FriendGuard|SuperFang,FollowMe,ThunderWave,Protect||||||50|]Incineroar||Leftovers|Intimidate|FlareBlitz,DarkestLariat,PartingShot,FakeOut|||F|||50|]Araquanid||MysticWater|WaterBubble|Liquidation,BugBite,WideGuard,Protect|||F|||50|]Meowscarada||ChoiceScarf|Protean|FlowerTrick,TripleAxel,SuckerPunch,Uturn|||M|||50|]Aerodactyl||FocusSash|Unnerve|RockSlide,DualWingbeat,Tailwind,Protect|||F|||50|\n|inactive|Battle timer is ON: inactive players will automatically lose when time's up. (requested by Hobbit)\n|j| PhantomzTK\n|j| X2Muz\n|j| silentstorm_366\n|j| diamsword\n|inactive|MareeohYT has 60 seconds left.\n|j| Hy3ll0\n|j| Guzmada\n|j| whizz whoosh\n|j|@llefface\n|inactive|MareeohYT has 30 seconds left.\n|\n|t:|1776515377\n|teamsize|p1|4\n|teamsize|p2|4\n|start\n|switch|p1a: Incineroar|Incineroar, L50, M|100/100\n|switch|p1b: Archaludon|Archaludon, L50, F|100/100\n|switch|p2a: Gardevoir|Gardevoir, L50, M|100/100\n|switch|p2b: Maushold|Maushold-Four, L50|100/100\n|-ability|p2a: Gardevoir|Stamina|Trace|[from] ability: Trace|[of] p1b: Archaludon\n|-ability|p1a: Incineroar|Intimidate|boost\n|-unboost|p2a: Gardevoir|atk|1\n|-unboost|p2b: Maushold|atk|1\n|turn|1\n|inactive|MareeohYT has 30 seconds left.\n|inactive|Hobbit has 30 seconds left.\n|inactive|MareeohYT has 20 seconds left.\n|inactive|MareeohYT has 15 seconds left.\n|\n|t:|1776515418\n|move|p1b: Archaludon|Protect|p1b: Archaludon\n|-singleturn|p1b: Archaludon|Protect\n|move|p2a: Gardevoir|Protect|p2a: Gardevoir\n|-singleturn|p2a: Gardevoir|Protect\n|move|p2b: Maushold|Super Fang|p1a: Incineroar\n|-damage|p1a: Incineroar|50/100\n|-enditem|p1a: Incineroar|Sitrus Berry|[eat]\n|-heal|p1a: Incineroar|75/100|[from] item: Sitrus Berry\n|move|p1a: Incineroar|Parting Shot|p2a: Gardevoir\n|-activate|p2a: Gardevoir|move: Protect\n|\n|upkeep\n|turn|2\n|\n|t:|1776515437\n|switch|p1a: Scizor|Scizor, L50, F|100/100\n|detailschange|p2a: Gardevoir|Gardevoir-Mega, L50, M\n|-mega|p2a: Gardevoir|Gardevoir|Gardevoirite\n|move|p2b: Maushold|Super Fang|p1b: Archaludon\n|-damage|p1b: Archaludon|50/100\n|-ability|p1b: Archaludon|Stamina|boost\n|-boost|p1b: Archaludon|def|1\n|move|p2a: Gardevoir|Hyper Voice|p1b: Archaludon|[spread] p1a,p1b\n|-resisted|p1a: Scizor|1\n|-crit|p1b: Archaludon\n|-damage|p1a: Scizor|68/100\n|-damage|p1b: Archaludon|0 fnt\n|faint|p1b: Archaludon\n|\n|upkeep\n|j| benniOVYalt\n|\n|t:|1776515451\n|switch|p1b: Incineroar|Incineroar, L50, M|75/100\n|-ability|p1b: Incineroar|Intimidate|boost\n|-unboost|p2a: Gardevoir|atk|1\n|-unboost|p2b: Maushold|atk|1\n|turn|3\n|j| forkuser3\n|\n|t:|1776515468\n|switch|p2a: Incineroar|Incineroar, L50, F|100/100\n|-ability|p2a: Incineroar|Intimidate|boost\n|-unboost|p1a: Scizor|atk|1\n|-unboost|p1b: Incineroar|atk|1\n|detailschange|p1a: Scizor|Scizor-Mega, L50, F\n|-mega|p1a: Scizor|Scizor|Scizorite\n|move|p1b: Incineroar|Fake Out|p2b: Maushold\n|-damage|p2b: Maushold|92/100\n|cant|p2b: Maushold|flinch\n|move|p1a: Scizor|Swords Dance|p1a: Scizor\n|-boost|p1a: Scizor|atk|2\n|\n|upkeep\n|turn|4\n|l| diamsword\n|\n|t:|1776515485\n|move|p1a: Scizor|Protect|p1a: Scizor\n|-singleturn|p1a: Scizor|Protect\n|move|p2b: Maushold|Super Fang|p1b: Incineroar\n|-damage|p1b: Incineroar|38/100\n|move|p2a: Incineroar|Parting Shot|p1b: Incineroar\n|-unboost|p1b: Incineroar|atk|1\n|-unboost|p1b: Incineroar|spa|1\n|\n|t:|1776515492\n|switch|p2a: Gardevoir|Gardevoir-Mega, L50, M|100/100|[from] Parting Shot\n|move|p1b: Incineroar|Parting Shot|p2a: Gardevoir\n|-unboost|p2a: Gardevoir|atk|1\n|-unboost|p2a: Gardevoir|spa|1\n|\n|t:|1776515495\n|switch|p1b: Pelipper|Pelipper, L50, M|100/100|[from] Parting Shot\n|-weather|RainDance|[from] ability: Drizzle|[of] p1b: Pelipper\n|\n|-weather|RainDance|[upkeep]\n|upkeep\n|turn|5\n|inactive|Hobbit has 30 seconds left.\n|inactive|Hobbit has 20 seconds left.\n|inactive|Hobbit has 15 seconds left.\n|inactive|Hobbit has 10 seconds left.\n|\n|t:|1776515540\n|switch|p2a: Incineroar|Incineroar, L50, F|100/100\n|-ability|p2a: Incineroar|Intimidate|boost\n|-unboost|p1a: Scizor|atk|1\n|-unboost|p1b: Pelipper|atk|1\n|move|p1a: Scizor|Bullet Punch|p2a: Incineroar\n|-resisted|p2a: Incineroar|1\n|-damage|p2a: Incineroar|89/100\n|move|p2b: Maushold|Super Fang|p1b: Pelipper\n|-damage|p1b: Pelipper|51/100\n|move|p1b: Pelipper|Weather Ball|p2b: Maushold\n|-damage|p2b: Maushold|7/100\n|-enditem|p2b: Maushold|Sitrus Berry|[eat]\n|-heal|p2b: Maushold|31/100|[from] item: Sitrus Berry\n|\n|-weather|RainDance|[upkeep]\n|-heal|p2a: Incineroar|95/100|[from] item: Leftovers\n|upkeep\n|turn|6\n|inactive|Hobbit has 30 seconds left.\n|\n|t:|1776515565\n|move|p2b: Maushold|Follow Me|p2b: Maushold\n|-singleturn|p2b: Maushold|move: Follow Me\n|move|p1a: Scizor|Bullet Punch|p2b: Maushold\n|-damage|p2b: Maushold|0 fnt\n|faint|p2b: Maushold\n|move|p1b: Pelipper|Weather Ball|p2a: Incineroar\n|-supereffective|p2a: Incineroar|1\n|-damage|p2a: Incineroar|0 fnt\n|faint|p2a: Incineroar\n|\n|-weather|RainDance|[upkeep]\n|upkeep\n|\n|t:|1776515569\n|switch|p2b: Araquanid|Araquanid, L50, F|100/100\n|switch|p2a: Gardevoir|Gardevoir-Mega, L50, M|100/100\n|turn|7\n|inactive|MareeohYT has 30 seconds left.\n|\n|t:|1776515596\n|move|p1a: Scizor|Protect|p1a: Scizor\n|-singleturn|p1a: Scizor|Protect\n|move|p2a: Gardevoir|Hyper Voice|p1a: Scizor|[spread] p1b\n|-activate|p1a: Scizor|move: Protect\n|-damage|p1b: Pelipper|0 fnt\n|faint|p1b: Pelipper\n|move|p2b: Araquanid|Liquidation|p1a: Scizor\n|-activate|p1a: Scizor|move: Protect\n|\n|-weather|RainDance|[upkeep]\n|upkeep\n|\n|t:|1776515601\n|switch|p1b: Incineroar|Incineroar, L50, M|38/100\n|-ability|p1b: Incineroar|Intimidate|boost\n|-unboost|p2a: Gardevoir|atk|1\n|-unboost|p2b: Araquanid|atk|1\n|turn|8\n|\n|t:|1776515626\n|move|p1b: Incineroar|Fake Out|p2b: Araquanid\n|-damage|p2b: Araquanid|88/100\n|move|p1a: Scizor|Swords Dance|p1a: Scizor\n|-boost|p1a: Scizor|atk|2\n|cant|p2b: Araquanid|flinch\n|move|p2a: Gardevoir|Trick Room|p2a: Gardevoir\n|-fieldstart|move: Trick Room|[of] p2a: Gardevoir\n|\n|-weather|none\n|upkeep\n|turn|9\n|j| chlok!\n|\n|t:|1776515651\n|move|p1a: Scizor|Bullet Punch|p2a: Gardevoir\n|-supereffective|p2a: Gardevoir|1\n|-damage|p2a: Gardevoir|0 fnt\n|faint|p2a: Gardevoir\n|move|p2b: Araquanid|Liquidation|p1a: Scizor\n|-damage|p1a: Scizor|28/100\n|move|p1b: Incineroar|Parting Shot|p2b: Araquanid\n|-unboost|p2b: Araquanid|atk|1\n|-unboost|p2b: Araquanid|spa|1\n|\n|upkeep\n|turn|10\n|\n|t:|1776515668\n|move|p1a: Scizor|Bullet Punch|p2b: Araquanid\n|-resisted|p2b: Araquanid|1\n|-damage|p2b: Araquanid|43/100\n|move|p2b: Araquanid|Liquidation|p1b: Incineroar\n|-supereffective|p1b: Incineroar|1\n|-damage|p1b: Incineroar|0 fnt\n|faint|p1b: Incineroar\n|\n|upkeep\n|turn|11\n|\n|t:|1776515675\n|move|p1a: Scizor|Bullet Punch|p2b: Araquanid\n|-resisted|p2b: Araquanid|1\n|-damage|p2b: Araquanid|2/100\n|move|p2b: Araquanid|Liquidation|p1a: Scizor\n|-damage|p1a: Scizor|0 fnt\n|faint|p1a: Scizor\n|\n|win|Hobbit\n|j| 17 character name\n||Hobbit is ready for game 2.\n",
  "uploadtime": 1776515684,
  "views": 14,
  "formatid": "gen9championsvgc2026regma",
  "rating": null,
  "private": 0,
  "password": null
}