{
  "id": "gen9championsvgc2026regma-2587823334",
  "format": "[Gen 9 Champions] VGC 2026 Reg M-A",
  "players": [
    "benjitulio",
    "Proandxd"
  ],
  "log": "|j|\u2606benjitulio\n|j|\u2606Proandxd\n|t:|1776567652\n|gametype|doubles\n|player|p1|benjitulio|wattson|1000\n|player|p2|Proandxd|2|1087\n|gen|9\n|tier|[Gen 9 Champions] VGC 2026 Reg M-A\n|rated|\n|rule|Species Clause: Limit one of each Pok\u00e9mon\n|rule|Item Clause: Limit 1 of each item\n|clearpoke\n|poke|p1|Dragonite, L50, M|\n|poke|p1|Incineroar, L50, F|\n|poke|p1|Gyarados, L50, M|\n|poke|p1|Maushold-Four, L50|\n|poke|p1|Milotic, L50, M|\n|poke|p1|Whimsicott, L50, F|\n|poke|p2|Archaludon, L50, M|\n|poke|p2|Aggron, L50, M|\n|poke|p2|Sinistcha, L50|\n|poke|p2|Rhyperior, L50, M|\n|poke|p2|Tyranitar, L50, F|\n|poke|p2|Goodra-Hisui, L50, M|\n|teampreview|4\nbenjitulio has agreed to open team sheets.\n|\n|t:|1776567670\n|teamsize|p1|4\n|teamsize|p2|4\n|start\n|switch|p1a: Gyarados|Gyarados, L50, M|100/100\n|switch|p1b: Incineroar|Incineroar, L50, F|100/100\n|switch|p2a: Archaludon|Archaludon, L50, M|100/100\n|switch|p2b: Aggron|Aggron, L50, M|100/100\n|-ability|p1a: Gyarados|Intimidate|boost\n|-unboost|p2a: Archaludon|atk|1\n|-unboost|p2b: Aggron|atk|1\n|-ability|p1b: Incineroar|Intimidate|boost\n|-unboost|p2a: Archaludon|atk|1\n|-unboost|p2b: Aggron|atk|1\n|turn|1\n|\n|t:|1776567685\n|detailschange|p1a: Gyarados|Gyarados-Mega, L50, M\n|-mega|p1a: Gyarados|Gyarados|Gyaradosite\n|-ability|p1a: Gyarados|Mold Breaker\n|detailschange|p2b: Aggron|Aggron-Mega, L50, M\n|-mega|p2b: Aggron|Aggron|Aggronite\n|move|p1a: Gyarados|Dragon Dance|p1a: Gyarados\n|-boost|p1a: Gyarados|atk|1\n|-boost|p1a: Gyarados|spe|1\n|move|p1b: Incineroar|Parting Shot|p2a: Archaludon\n|-unboost|p2a: Archaludon|atk|1\n|-unboost|p2a: Archaludon|spa|1\n|\n|t:|1776567699\n|switch|p1b: Milotic|Milotic, L50, M|100/100|[from] Parting Shot\n|move|p2a: Archaludon|Light Screen|p2a: Archaludon\n|-sidestart|p2: Proandxd|move: Light Screen\n|move|p2b: Aggron|Iron Defense|p2b: Aggron\n|-boost|p2b: Aggron|def|2\n|\n|upkeep\n|turn|2\n|\n|t:|1776567717\n|switch|p2a: Tyranitar|Tyranitar, L50, F|100/100\n|-weather|Sandstorm|[from] ability: Sand Stream|[of] p2a: Tyranitar\n|move|p1a: Gyarados|Crunch|p2b: Aggron\n|-damage|p2b: Aggron|81/100\n|move|p1b: Milotic|Scald|p2b: Aggron\n|-damage|p2b: Aggron|61/100\n|move|p2b: Aggron|Body Press|p1a: Gyarados\n|-supereffective|p1a: Gyarados|1\n|-damage|p1a: Gyarados|0 fnt\n|faint|p1a: Gyarados\n|\n|-weather|Sandstorm|[upkeep]\n|-damage|p1b: Milotic|94/100|[from] Sandstorm\n|-heal|p1b: Milotic|100/100|[from] item: Leftovers\n|upkeep\n|\n|t:|1776567728\n|switch|p1a: Incineroar|Incineroar, L50, F|100/100\n|-ability|p1a: Incineroar|Intimidate|boost\n|-unboost|p2a: Tyranitar|atk|1\n|-unboost|p2b: Aggron|atk|1\n|turn|3\n|\n|t:|1776567742\n|switch|p2a: Archaludon|Archaludon, L50, M|100/100\n|move|p1a: Incineroar|Fake Out|p2b: Aggron\n|-resisted|p2b: Aggron|1\n|-damage|p2b: Aggron|60/100\n|move|p1b: Milotic|Scald|p2a: Archaludon\n|-resisted|p2a: Archaludon|1\n|-damage|p2a: Archaludon|90/100\n|-ability|p2a: Archaludon|Stamina|boost\n|-boost|p2a: Archaludon|def|1\n|cant|p2b: Aggron|flinch\n|\n|-weather|Sandstorm|[upkeep]\n|-damage|p1b: Milotic|94/100|[from] Sandstorm\n|-damage|p1a: Incineroar|94/100|[from] Sandstorm\n|-heal|p1b: Milotic|100/100|[from] item: Leftovers\n|upkeep\n|turn|4\n|\n|t:|1776567764\n|move|p1b: Milotic|Scald|p2b: Aggron\n|-damage|p2b: Aggron|38/100\n|-status|p2b: Aggron|brn\n|move|p1a: Incineroar|Darkest Lariat|p2b: Aggron\n|-damage|p2b: Aggron|20/100 brn\n|move|p2a: Archaludon|Dragon Pulse|p1b: Milotic\n|-damage|p1b: Milotic|69/100\n|move|p2b: Aggron|Body Press|p1a: Incineroar\n|-supereffective|p1a: Incineroar|1\n|-enditem|p1a: Incineroar|Chople Berry|[eat]\n|-enditem|p1a: Incineroar|Chople Berry|[weaken]\n|-damage|p1a: Incineroar|61/100\n|\n|-weather|Sandstorm|[upkeep]\n|-damage|p1b: Milotic|62/100|[from] Sandstorm\n|-damage|p1a: Incineroar|55/100|[from] Sandstorm\n|-heal|p1b: Milotic|69/100|[from] item: Leftovers\n|-damage|p2b: Aggron|13/100 brn|[from] brn\n|upkeep\n|turn|5\n|\n|t:|1776567786\n|move|p1b: Milotic|Scald|p2b: Aggron\n|-damage|p2b: Aggron|0 fnt\n|faint|p2b: Aggron\n|move|p1a: Incineroar|Darkest Lariat|p2a: Archaludon\n|-damage|p2a: Archaludon|65/100\n|-ability|p2a: Archaludon|Stamina|boost\n|-boost|p2a: Archaludon|def|1\n|move|p2a: Archaludon|Light Screen||[still]\n|-fail|p2a: Archaludon\n|\n|-weather|Sandstorm|[upkeep]\n|-damage|p1b: Milotic|62/100|[from] Sandstorm\n|-damage|p1a: Incineroar|49/100|[from] Sandstorm\n|-heal|p1b: Milotic|69/100|[from] item: Leftovers\n|-sideend|p2: Proandxd|move: Light Screen\n|upkeep\n|\n|t:|1776567801\n|switch|p2b: Tyranitar|Tyranitar, L50, F|100/100\n|turn|6\n|\n|t:|1776567810\n|move|p1b: Milotic|Scald|p2b: Tyranitar\n|-supereffective|p2b: Tyranitar|1\n|-damage|p2b: Tyranitar|64/100\n|move|p1a: Incineroar|Darkest Lariat|p2b: Tyranitar\n|-resisted|p2b: Tyranitar|1\n|-damage|p2b: Tyranitar|52/100\n|move|p2a: Archaludon|Dragon Pulse|p1b: Milotic\n|-damage|p1b: Milotic|39/100\n|move|p2b: Tyranitar|Rock Slide|p1b: Milotic|[spread] p1a,p1b\n|-supereffective|p1a: Incineroar|1\n|-crit|p1b: Milotic\n|-damage|p1a: Incineroar|0 fnt\n|-damage|p1b: Milotic|0 fnt\n|faint|p1a: Incineroar\n|faint|p1b: Milotic\n|\n|-weather|none\n|upkeep\n|\n|t:|1776567819\n|switch|p1b: Maushold|Maushold-Four, L50|100/100\n|turn|7\n|\n|t:|1776567836\n|move|p1b: Maushold|Population Bomb|p2b: Tyranitar\n|-resisted|p2b: Tyranitar|1\n|-damage|p2b: Tyranitar|49/100\n|-resisted|p2b: Tyranitar|1\n|-damage|p2b: Tyranitar|47/100\n|-resisted|p2b: Tyranitar|1\n|-damage|p2b: Tyranitar|44/100\n|-resisted|p2b: Tyranitar|1\n|-damage|p2b: Tyranitar|42/100\n|-resisted|p2b: Tyranitar|1\n|-damage|p2b: Tyranitar|39/100\n|-resisted|p2b: Tyranitar|1\n|-damage|p2b: Tyranitar|36/100\n|-resisted|p2b: Tyranitar|1\n|-damage|p2b: Tyranitar|33/100\n|-resisted|p2b: Tyranitar|1\n|-damage|p2b: Tyranitar|31/100\n|-resisted|p2b: Tyranitar|1\n|-damage|p2b: Tyranitar|28/100\n|-resisted|p2b: Tyranitar|1\n|-damage|p2b: Tyranitar|25/100\n|-hitcount|p2b: Tyranitar|10\n|move|p2a: Archaludon|Light Screen|p2a: Archaludon\n|-sidestart|p2: Proandxd|move: Light Screen\n|move|p2b: Tyranitar|Rest|p2b: Tyranitar\n|-status|p2b: Tyranitar|slp|[from] move: Rest\n|-heal|p2b: Tyranitar|100/100 slp|[silent]\n|\n|upkeep\n|turn|8\n|\n|t:|1776567861\n|move|p1b: Maushold|Population Bomb|p2a: Archaludon|[miss]\n|-miss|p1b: Maushold|p2a: Archaludon\n|move|p2a: Archaludon|Flash Cannon|p1b: Maushold\n|-damage|p1b: Maushold|34/100\n|cant|p2b: Tyranitar|slp\n|\n|upkeep\n|turn|9\n|\n|t:|1776567870\n|move|p1b: Maushold|Encore|p2b: Tyranitar\n|-start|p2b: Tyranitar|Encore\n|move|p2a: Archaludon|Flash Cannon|p1b: Maushold\n|-crit|p1b: Maushold\n|-damage|p1b: Maushold|0 fnt\n|faint|p1b: Maushold\n|\n|win|Proandxd\n|raw|benjitulio's rating: 1000 &rarr; <strong>1000</strong><br />(+0 for losing)\n|raw|Proandxd's rating: 1087 &rarr; <strong>1107</strong><br />(+20 for winning)\n",
  "uploadtime": 1776567870,
  "views": 7,
  "formatid": "gen9championsvgc2026regma",
  "rating": 1000,
  "private": 0,
  "password": null
}