{
  "id": "gen9championsvgc2026regma-2587790912",
  "format": "[Gen 9 Champions] VGC 2026 Reg M-A",
  "players": [
    "elcoon",
    "candy tamale"
  ],
  "log": "|j|\u2606elcoon\n|j|\u2606candy tamale\n|t:|1776564339\n|gametype|doubles\n|player|p1|elcoon|cynthia|1233\n|player|p2|candy tamale|rosa|1245\n|gen|9\n|tier|[Gen 9 Champions] VGC 2026 Reg M-A\n|rated|\n|rule|Species Clause: Limit one of each Pok\u00e9mon\n|rule|Item Clause: Limit 1 of each item\n|clearpoke\n|poke|p1|Froslass, L50, F, shiny|\n|poke|p1|Ninetales-Alola, L50, F, shiny|\n|poke|p1|Mamoswine, L50, M|\n|poke|p1|Palafin, L50, M, shiny|\n|poke|p1|Rotom-Wash, L50, shiny|\n|poke|p1|Glaceon, L50, M, shiny|\n|poke|p2|Sneasler, L50, F|\n|poke|p2|Dragapult, L50, M|\n|poke|p2|Floette-Eternal, L50, F|\n|poke|p2|Incineroar, L50, F|\n|poke|p2|Basculegion, L50, M|\n|poke|p2|Sinistcha, L50|\n|teampreview|4\n|inactive|Battle timer is ON: inactive players will automatically lose when time's up. (requested by elcoon)\n|\n|t:|1776564373\n|teamsize|p1|4\n|teamsize|p2|4\n|start\n|switch|p1a: Ninetales|Ninetales-Alola, L50, F, shiny|100/100\n|switch|p1b: Palafin|Palafin, L50, M, shiny|100/100\n|switch|p2a: Dragapult|Dragapult, L50, M|100/100\n|switch|p2b: Sneasler|Sneasler, L50, F|100/100\n|-weather|Snowscape|[from] ability: Snow Warning|[of] p1a: Ninetales\n|turn|1\n|\n|t:|1776564391\n|move|p1a: Ninetales|Protect|p1a: Ninetales\n|-singleturn|p1a: Ninetales|Protect\n|move|p2b: Sneasler|Fake Out|p1a: Ninetales\n|-activate|p1a: Ninetales|move: Protect\n|move|p2a: Dragapult|Will-O-Wisp|p1b: Palafin\n|-status|p1b: Palafin|brn\n|move|p1b: Palafin|Flip Turn|p2b: Sneasler\n|-damage|p2b: Sneasler|83/100\n|\n|t:|1776564405\n|detailschange|p1b: Palafin|Palafin-Hero, L50, M, shiny\n|switch|p1b: Rotom|Rotom-Wash, L50, shiny|100/100|[from] Flip Turn\n|\n|-weather|Snowscape|[upkeep]\n|upkeep\n|turn|2\n|\n|t:|1776564418\n|move|p2b: Sneasler|Protect|p2b: Sneasler\n|-singleturn|p2b: Sneasler|Protect\n|move|p2a: Dragapult|Phantom Force||[still]\n|-prepare|p2a: Dragapult|Phantom Force\n|move|p1a: Ninetales|Aurora Veil|p1a: Ninetales\n|-sidestart|p1: elcoon|move: Aurora Veil\n|move|p1b: Rotom|Will-O-Wisp|p2a: Dragapult|[miss]\n|-miss|p1b: Rotom|p2a: Dragapult\n|\n|-weather|Snowscape|[upkeep]\n|upkeep\n|turn|3\n|\n|t:|1776564440\n|switch|p2b: Incineroar|Incineroar, L50, F|100/100\n|-ability|p2b: Incineroar|Intimidate|boost\n|-unboost|p1a: Ninetales|atk|1\n|-unboost|p1b: Rotom|atk|1\n|move|p1a: Ninetales|Protect|p1a: Ninetales\n|-singleturn|p1a: Ninetales|Protect\n|move|p2a: Dragapult|Phantom Force|p1a: Ninetales|[from] lockedmove\n|-activate|p1a: Ninetales|move: Phantom Force|[broken]\n|-damage|p1a: Ninetales|68/100\n|move|p1b: Rotom|Volt Switch|p2b: Incineroar\n|-damage|p2b: Incineroar|78/100\n|\n|t:|1776564453\n|switch|p1b: Palafin|Palafin-Hero, L50, M, shiny|100/100 brn|[from] Volt Switch\n|-activate|p1b: Palafin|ability: Zero to Hero\n|\n|-weather|Snowscape|[upkeep]\n|-damage|p1b: Palafin|94/100 brn|[from] brn\n|upkeep\n|turn|4\n|\n|t:|1776564466\n|switch|p1a: Rotom|Rotom-Wash, L50, shiny|100/100\n|move|p2b: Incineroar|Fake Out|p1b: Palafin\n|-damage|p1b: Palafin|86/100 brn\n|move|p2a: Dragapult|Phantom Force||[still]\n|-prepare|p2a: Dragapult|Phantom Force\n|cant|p1b: Palafin|flinch\n|\n|-weather|Snowscape|[upkeep]\n|-damage|p1b: Palafin|80/100 brn|[from] brn\n|upkeep\n|turn|5\n|\n|t:|1776564484\n|switch|p2b: Basculegion|Basculegion, L50, M|100/100\n|move|p2a: Dragapult|Phantom Force|p1b: Palafin|[from] lockedmove\n|-damage|p1b: Palafin|45/100 brn\n|-enditem|p1b: Palafin|Sitrus Berry|[eat]\n|-heal|p1b: Palafin|70/100 brn|[from] item: Sitrus Berry\n|move|p1b: Palafin|Flip Turn|p2b: Basculegion\n|-resisted|p2b: Basculegion|1\n|-damage|p2b: Basculegion|90/100\n|\n|t:|1776564494\n|switch|p1b: Froslass|Froslass, L50, F, shiny|100/100|[from] Flip Turn\n|move|p1a: Rotom|Will-O-Wisp|p2a: Dragapult\n|-status|p2a: Dragapult|brn\n|\n|-weather|none\n|-damage|p2a: Dragapult|94/100 brn|[from] brn\n|upkeep\n|turn|6\n|\n|t:|1776564514\n|detailschange|p1b: Froslass|Froslass-Mega, L50, F, shiny\n|-mega|p1b: Froslass|Froslass|Froslassite\n|-weather|Snowscape|[from] ability: Snow Warning|[of] p1b: Froslass\n|move|p2b: Basculegion|Flip Turn|p1a: Rotom\n|-resisted|p1a: Rotom|1\n|-damage|p1a: Rotom|86/100\n|\n|t:|1776564516\n|switch|p2b: Incineroar|Incineroar, L50, F|78/100|[from] Flip Turn\n|-ability|p2b: Incineroar|Intimidate|boost\n|-unboost|p1a: Rotom|atk|1\n|-unboost|p1b: Froslass|atk|1\n|move|p2a: Dragapult|Phantom Force||[still]\n|-prepare|p2a: Dragapult|Phantom Force\n|move|p1b: Froslass|Blizzard|p2b: Incineroar|[spread] p2b\n|-miss|p1b: Froslass|p2a: Dragapult\n|-resisted|p2b: Incineroar|1\n|-damage|p2b: Incineroar|57/100\n|move|p1a: Rotom|Volt Switch|p2b: Incineroar\n|-damage|p2b: Incineroar|33/100\n|\n|t:|1776564536\n|switch|p1a: Palafin|Palafin-Hero, L50, M, shiny|70/100 brn|[from] Volt Switch\n|\n|-weather|Snowscape|[upkeep]\n|-damage|p2a: Dragapult|88/100 brn|[from] brn\n|-damage|p1a: Palafin|64/100 brn|[from] brn\n|-sideend|p1: elcoon|move: Aurora Veil\n|upkeep\n|turn|7\n|\n|t:|1776564551\n|move|p2b: Incineroar|Fake Out|p1a: Palafin\n|-damage|p1a: Palafin|52/100 brn\n|move|p2a: Dragapult|Phantom Force|p1b: Froslass|[from] lockedmove\n|-supereffective|p1b: Froslass|1\n|-damage|p1b: Froslass|41/100\n|move|p1b: Froslass|Shadow Ball|p2a: Dragapult\n|-supereffective|p2a: Dragapult|1\n|-damage|p2a: Dragapult|0 fnt\n|faint|p2a: Dragapult\n|cant|p1a: Palafin|flinch\n|\n|-weather|Snowscape|[upkeep]\n|-damage|p1a: Palafin|46/100 brn|[from] brn\n|upkeep\n|\n|t:|1776564568\n|switch|p2a: Sneasler|Sneasler, L50, F|83/100\n|turn|8\n|\n|t:|1776564579\n|move|p1b: Froslass|Protect|p1b: Froslass\n|-singleturn|p1b: Froslass|Protect\n|move|p2a: Sneasler|Close Combat|p1a: Palafin\n|-damage|p1a: Palafin|0 fnt\n|-unboost|p2a: Sneasler|def|1\n|-unboost|p2a: Sneasler|spd|1\n|faint|p1a: Palafin\n|-enditem|p2a: Sneasler|White Herb\n|-clearnegativeboost|p2a: Sneasler|[silent]\n|move|p2b: Incineroar|Darkest Lariat|p1b: Froslass\n|-activate|p1b: Froslass|move: Protect\n|\n|-weather|Snowscape|[upkeep]\n|upkeep\n|\n|t:|1776564591\n|switch|p1a: Rotom|Rotom-Wash, L50, shiny|86/100\n|turn|9\n|inactive|candy tamale has 30 seconds left.\n|\n|t:|1776564616\n|switch|p1b: Ninetales|Ninetales-Alola, L50, F, shiny|68/100\n|move|p2a: Sneasler|Protect|p2a: Sneasler\n|-singleturn|p2a: Sneasler|Protect\n|move|p2b: Incineroar|Darkest Lariat|p1b: Ninetales\n|-resisted|p1b: Ninetales|1\n|-damage|p1b: Ninetales|54/100\n|move|p1a: Rotom|Volt Switch|p2b: Incineroar\n|-damage|p2b: Incineroar|12/100\n|\n|t:|1776564625\n|switch|p1a: Froslass|Froslass-Mega, L50, F, shiny|41/100|[from] Volt Switch\n|\n|-weather|Snowscape|[upkeep]\n|upkeep\n|turn|10\n|\n|t:|1776564646\n|switch|p2b: Basculegion|Basculegion, L50, M|90/100\n|move|p1a: Froslass|Protect|p1a: Froslass\n|-singleturn|p1a: Froslass|Protect\n|move|p2a: Sneasler|Dire Claw|p1b: Ninetales\n|-supereffective|p1b: Ninetales|1\n|-damage|p1b: Ninetales|0 fnt\n|faint|p1b: Ninetales\n|\n|-weather|none\n|upkeep\n|\n|t:|1776564652\n|switch|p1b: Rotom|Rotom-Wash, L50, shiny|86/100\n|turn|11\n|\n|t:|1776564664\n|move|p2a: Sneasler|Close Combat|p1b: Rotom\n|-damage|p1b: Rotom|28/100\n|-unboost|p2a: Sneasler|def|1\n|-unboost|p2a: Sneasler|spd|1\n|move|p2b: Basculegion|Last Respects|p1a: Froslass\n|-supereffective|p1a: Froslass|1\n|-damage|p1a: Froslass|0 fnt\n|faint|p1a: Froslass\n|move|p1b: Rotom|Volt Switch|p2b: Basculegion\n|-supereffective|p2b: Basculegion|1\n|-crit|p2b: Basculegion\n|-damage|p2b: Basculegion|3/100\n|\n|-heal|p1b: Rotom|34/100|[from] item: Leftovers\n|upkeep\n|turn|12\n|-message|elcoon forfeited.\n|\n|win|candy tamale\n|raw|elcoon's rating: 1233 &rarr; <strong>1209</strong><br />(-24 for losing)\n|raw|candy tamale's rating: 1245 &rarr; <strong>1269</strong><br />(+24 for winning)\n|l|\u2606elcoon\n|player|p1|\n",
  "uploadtime": 1776564686,
  "views": 14,
  "formatid": "gen9championsvgc2026regma",
  "rating": 1209,
  "private": 0,
  "password": null
}