{
  "id": "gen9championsvgc2026regma-2582140857",
  "format": "[Gen 9 Champions] VGC 2026 Reg M-A",
  "players": [
    "rhicu",
    "OniOnTruck"
  ],
  "log": "|j|\u2606rhicu\n|j|\u2606OniOnTruck\n|t:|1776063255\n|gametype|doubles\n|player|p1|rhicu|169|1208\n|player|p2|OniOnTruck|266|1143\n|gen|9\n|tier|[Gen 9 Champions] VGC 2026 Reg M-A\n|rated|\n|rule|Species Clause: Limit one of each Pok\u00e9mon\n|rule|Item Clause: Limit 1 of each item\n|clearpoke\n|poke|p1|Floette-Eternal, L50, F|\n|poke|p1|Whimsicott, L50, F|\n|poke|p1|Aerodactyl, L50, F|\n|poke|p1|Arcanine, L50, M|\n|poke|p1|Milotic, L50, M|\n|poke|p1|Sinistcha, L50|\n|poke|p2|Charizard, L50, F|\n|poke|p2|Maushold-Four, L50|\n|poke|p2|Sneasler, L50, M|\n|poke|p2|Whimsicott, L50, F|\n|poke|p2|Garchomp, L50, M|\n|poke|p2|Kingambit, L50, M|\n|teampreview|4\n|\n|t:|1776063285\n|teamsize|p1|4\n|teamsize|p2|4\n|start\n|switch|p1a: Whimsicott|Whimsicott, L50, F|100/100\n|switch|p1b: Aerodactyl|Aerodactyl, L50, F|100/100\n|switch|p2a: ReyChorizo|Charizard, L50, F|100/100\n|switch|p2b: pachuco|Sneasler, L50, M|100/100\n|-ability|p1b: Aerodactyl|Unnerve\n|turn|1\n|c|\u2606rhicu|Rey del chorizo\n|\n|t:|1776063307\n|detailschange|p2a: ReyChorizo|Charizard-Mega-Y, L50, F\n|-mega|p2a: ReyChorizo|Charizard|Charizardite Y\n|-weather|SunnyDay|[from] ability: Drought|[of] p2a: ReyChorizo\n|move|p1a: Whimsicott|Protect|p1a: Whimsicott\n|-singleturn|p1a: Whimsicott|Protect\n|move|p1b: Aerodactyl|Protect|p1b: Aerodactyl\n|-singleturn|p1b: Aerodactyl|Protect\n|move|p2b: pachuco|Fake Out|p1b: Aerodactyl\n|-activate|p1b: Aerodactyl|move: Protect\n|move|p2a: ReyChorizo|Solar Beam||[still]\n|-prepare|p2a: ReyChorizo|Solar Beam\n|-anim|p2a: ReyChorizo|Solar Beam|p1b: Aerodactyl\n|-activate|p1b: Aerodactyl|move: Protect\n|\n|-weather|SunnyDay|[upkeep]\n|upkeep\n|turn|2\n|\n|t:|1776063346\n|move|p2a: ReyChorizo|Protect|p2a: ReyChorizo\n|-singleturn|p2a: ReyChorizo|Protect\n|move|p1a: Whimsicott|Stun Spore|p2b: pachuco\n|-status|p2b: pachuco|par\n|move|p1b: Aerodactyl|Rock Slide|p2b: pachuco|[spread] p2b\n|-activate|p2a: ReyChorizo|move: Protect\n|-resisted|p2b: pachuco|1\n|-damage|p2b: pachuco|79/100 par\n|cant|p2b: pachuco|par\n|\n|-weather|SunnyDay|[upkeep]\n|upkeep\n|turn|3\n|\n|t:|1776063364\n|switch|p2a: skibidi|Whimsicott, L50, F|100/100\n|move|p1a: Whimsicott|Tailwind|p1a: Whimsicott\n|-sidestart|p1: rhicu|move: Tailwind\n|move|p1b: Aerodactyl|Rock Slide|p2b: pachuco|[spread] p2a,p2b\n|-resisted|p2b: pachuco|1\n|-crit|p2b: pachuco\n|-damage|p2a: skibidi|65/100\n|-damage|p2b: pachuco|48/100 par\n|cant|p2b: pachuco|par\n|\n|-weather|SunnyDay|[upkeep]\n|upkeep\n|turn|4\n|\n|t:|1776063382\n|move|p2a: skibidi|Tailwind|p2a: skibidi\n|-sidestart|p2: OniOnTruck|move: Tailwind\n|move|p1b: Aerodactyl|Rock Slide|p2b: pachuco|[spread] p2a,p2b\n|-resisted|p2b: pachuco|1\n|-damage|p2a: skibidi|28/100\n|-damage|p2b: pachuco|27/100 par\n|move|p1a: Whimsicott|Moonblast|p2b: pachuco\n|-damage|p2b: pachuco|0 fnt\n|faint|p2b: pachuco\n|\n|-weather|SunnyDay|[upkeep]\n|upkeep\n|\n|t:|1776063404\n|switch|p2b: ReyChorizo|Charizard-Mega-Y, L50, F|100/100\n|turn|5\n|\n|t:|1776063430\n|move|p1a: Whimsicott|Stun Spore|p2b: ReyChorizo\n|-status|p2b: ReyChorizo|par\n|move|p1b: Aerodactyl|Rock Slide|p2b: ReyChorizo|[spread] p2a,p2b\n|-supereffective|p2b: ReyChorizo|2\n|-damage|p2a: skibidi|0 fnt\n|-damage|p2b: ReyChorizo|0 fnt\n|faint|p2a: skibidi\n|faint|p2b: ReyChorizo\n|\n|-weather|none\n|upkeep\n|-message|OniOnTruck forfeited.\n|\n|win|rhicu\n|raw|rhicu's rating: 1208 &rarr; <strong>1228</strong><br />(+20 for winning)\n|raw|OniOnTruck's rating: 1143 &rarr; <strong>1123</strong><br />(-20 for losing)\n|l|\u2606OniOnTruck\n|player|p2|\n",
  "uploadtime": 1776063574,
  "views": 15,
  "formatid": "gen9championsvgc2026regma",
  "rating": 1123,
  "private": 0,
  "password": null
}