{
  "id": "gen9championsvgc2026regma-2586767061",
  "format": "[Gen 9 Champions] VGC 2026 Reg M-A",
  "players": [
    "ojifijod",
    "Hellothisisatest"
  ],
  "log": "|j|\u2606ojifijod\n|j|\u2606Hellothisisatest\n|t:|1776458281\n|gametype|doubles\n|player|p1|ojifijod|170|1166\n|player|p2|Hellothisisatest|lucas|1134\n|gen|9\n|tier|[Gen 9 Champions] VGC 2026 Reg M-A\n|rated|\n|rule|Species Clause: Limit one of each Pok\u00e9mon\n|rule|Item Clause: Limit 1 of each item\n|clearpoke\n|poke|p1|Torkoal, L50, F|\n|poke|p1|Farigiraf, L50, M|\n|poke|p1|Incineroar, L50, M|\n|poke|p1|Aggron, L50, M|\n|poke|p1|Venusaur, L50, M|\n|poke|p1|Aegislash, L50, M|\n|poke|p2|Meganium, L50, F|\n|poke|p2|Archaludon, L50, M|\n|poke|p2|Politoed, L50, F|\n|poke|p2|Aerodactyl, L50, M|\n|poke|p2|Tinkaton, L50, F|\n|poke|p2|Basculegion, L50, M|\n|teampreview|4\n|inactive|Battle timer is ON: inactive players will automatically lose when time's up. (requested by Hellothisisatest)\n|inactive|ojifijod also wants the timer to be on.\n|inactive|ojifijod has 60 seconds left.\n|\n|t:|1776458328\n|teamsize|p1|4\n|teamsize|p2|4\n|start\n|switch|p1a: Torkoal|Torkoal, L50, F|100/100\n|switch|p1b: Farigiraf|Farigiraf, L50, M|100/100\n|switch|p2a: Basculegion|Basculegion, L50, M|100/100\n|switch|p2b: RockDino|Aerodactyl, L50, M, shiny|100/100\n|-weather|SunnyDay|[from] ability: Drought|[of] p1a: Torkoal\n|turn|1\n|\n|t:|1776458351\n|detailschange|p2b: RockDino|Aerodactyl-Mega, L50, M, shiny\n|-mega|p2b: RockDino|Aerodactyl|Aerodactylite\n|move|p1a: Torkoal|Protect|p1a: Torkoal\n|-singleturn|p1a: Torkoal|Protect\n|move|p2b: RockDino|Dual Wingbeat|p1b: Farigiraf\n|-damage|p1b: Farigiraf|70/100\n|-damage|p1b: Farigiraf|38/100\n|-hitcount|p1b: Farigiraf|2\n|move|p2a: Basculegion|Wave Crash|p1a: Torkoal\n|-activate|p1a: Torkoal|move: Protect\n|move|p1b: Farigiraf|Trick Room|p1b: Farigiraf\n|-fieldstart|move: Trick Room|[of] p1b: Farigiraf\n|\n|-weather|SunnyDay|[upkeep]\n|upkeep\n|turn|2\n|\n|t:|1776458373\n|move|p2b: RockDino|Wide Guard|p2b: RockDino\n|-singleturn|p2b: RockDino|Wide Guard\n|move|p1a: Torkoal|Eruption|p2b: RockDino|[spread] \n|-activate|p2a: Basculegion|move: Wide Guard\n|-activate|p2b: RockDino|move: Wide Guard\n|move|p1b: Farigiraf|Psychic|p2b: RockDino\n|-damage|p2b: RockDino|62/100\n|-unboost|p2b: RockDino|spd|1\n|move|p2a: Basculegion|Wave Crash|p1a: Torkoal\n|-supereffective|p1a: Torkoal|1\n|-damage|p1a: Torkoal|42/100\n|-damage|p2a: Basculegion|83/100|[from] Recoil\n|\n|-weather|SunnyDay|[upkeep]\n|upkeep\n|turn|3\n|\n|t:|1776458393\n|move|p2b: RockDino|Wide Guard|p2b: RockDino\n|-singleturn|p2b: RockDino|Wide Guard\n|move|p1a: Torkoal|Overheat|p2b: RockDino\n|-resisted|p2b: RockDino|1\n|-damage|p2b: RockDino|0 fnt\n|-unboost|p1a: Torkoal|spa|2\n|faint|p2b: RockDino\n|move|p1b: Farigiraf|Psychic|p2a: Basculegion\n|-damage|p2a: Basculegion|42/100\n|move|p2a: Basculegion|Wave Crash|p1a: Torkoal\n|-supereffective|p1a: Torkoal|1\n|-damage|p1a: Torkoal|0 fnt\n|faint|p1a: Torkoal\n|-damage|p2a: Basculegion|29/100|[from] Recoil\n|\n|-weather|SunnyDay|[upkeep]\n|upkeep\n|\n|t:|1776458410\n|switch|p1a: Aggron|Aggron, L50, M|100/100\n|switch|p2b: LaGrenouille|Politoed, L50, F, shiny|100/100\n|-weather|RainDance|[from] ability: Drizzle|[of] p2b: LaGrenouille\n|turn|4\n|inactive|ojifijod has 30 seconds left.\n|\n|t:|1776458439\n|switch|p2a: Stapler|Archaludon, L50, M|100/100\n|move|p1b: Farigiraf|Ally Switch|p1b: Farigiraf\n|swap|p1b: Farigiraf|0|[from] move: Ally Switch\n|move|p1b: Aggron|Head Smash|p2a: Stapler\n|-resisted|p2a: Stapler|1\n|-crit|p2a: Stapler\n|-damage|p2a: Stapler|72/100\n|move|p2b: LaGrenouille|Hydro Pump|p1a: Farigiraf\n|-damage|p1a: Farigiraf|5/100\n|\n|-weather|RainDance|[upkeep]\n|upkeep\n|turn|5\n|\n|t:|1776458462\n|detailschange|p1b: Aggron|Aggron-Mega, L50, M\n|-mega|p1b: Aggron|Aggron|Aggronite\n|move|p1b: Aggron|Body Press|p2a: Stapler\n|-supereffective|p2a: Stapler|1\n|-damage|p2a: Stapler|7/100\n|-enditem|p2a: Stapler|Sitrus Berry|[eat]\n|-heal|p2a: Stapler|31/100|[from] item: Sitrus Berry\n|move|p1a: Farigiraf|Psychic|p2a: Stapler\n|-resisted|p2a: Stapler|1\n|-damage|p2a: Stapler|11/100\n|move|p2b: LaGrenouille|Hydro Pump|p1a: Farigiraf\n|-damage|p1a: Farigiraf|0 fnt\n|faint|p1a: Farigiraf\n|move|p2a: Stapler|Aura Sphere|p1b: Aggron\n|-supereffective|p1b: Aggron|1\n|-damage|p1b: Aggron|51/100\n|\n|-weather|RainDance|[upkeep]\n|-fieldend|move: Trick Room\n|upkeep\n|\n|t:|1776458477\n|switch|p1a: Venusaur|Venusaur, L50, M|100/100\n|turn|6\n|\n|t:|1776458495\n|move|p2a: Stapler|Aura Sphere|p1b: Aggron\n|-supereffective|p1b: Aggron|1\n|-damage|p1b: Aggron|4/100\n|move|p1a: Venusaur|Sleep Powder|p2b: LaGrenouille\n|-status|p2b: LaGrenouille|slp|[from] move: Sleep Powder\n|cant|p2b: LaGrenouille|slp\n|move|p1b: Aggron|Body Press|p2a: Stapler\n|-supereffective|p2a: Stapler|1\n|-damage|p2a: Stapler|0 fnt\n|faint|p2a: Stapler\n|\n|-weather|RainDance|[upkeep]\n|upkeep\n|\n|t:|1776458505\n|switch|p2a: Basculegion|Basculegion, L50, M|29/100\n|turn|7\n|\n|t:|1776458521\n|move|p1b: Aggron|Protect|p1b: Aggron\n|-singleturn|p1b: Aggron|Protect\n|move|p2a: Basculegion|Aqua Jet|p1b: Aggron\n|-activate|p1b: Aggron|move: Protect\n|move|p1a: Venusaur|Sludge Bomb|p2a: Basculegion\n|-resisted|p2a: Basculegion|1\n|-damage|p2a: Basculegion|2/100\n|cant|p2b: LaGrenouille|slp\n|\n|-weather|RainDance|[upkeep]\n|upkeep\n|turn|8\n|\n|t:|1776458541\n|move|p1b: Aggron|Protect||[still]\n|-fail|p1b: Aggron\n|move|p2a: Basculegion|Aqua Jet|p1b: Aggron\n|-damage|p1b: Aggron|0 fnt\n|faint|p1b: Aggron\n|move|p1a: Venusaur|Sludge Bomb|p2a: Basculegion\n|-resisted|p2a: Basculegion|1\n|-damage|p2a: Basculegion|0 fnt\n|faint|p2a: Basculegion\n|-curestatus|p2b: LaGrenouille|slp|[msg]\n|move|p2b: LaGrenouille|Icy Wind|p1a: Venusaur\n|-supereffective|p1a: Venusaur|1\n|-damage|p1a: Venusaur|79/100\n|-unboost|p1a: Venusaur|spe|1\n|\n|-weather|none\n|upkeep\n|turn|9\n|\n|t:|1776458561\n|move|p2b: LaGrenouille|Icy Wind|p1a: Venusaur\n|-supereffective|p1a: Venusaur|1\n|-damage|p1a: Venusaur|55/100\n|-unboost|p1a: Venusaur|spe|1\n|move|p1a: Venusaur|Sleep Powder|p2b: LaGrenouille|[miss]\n|-miss|p1a: Venusaur|p2b: LaGrenouille\n|\n|upkeep\n|turn|10\n|\n|t:|1776458570\n|move|p2b: LaGrenouille|Icy Wind|p1a: Venusaur\n|-supereffective|p1a: Venusaur|1\n|-damage|p1a: Venusaur|33/100\n|-unboost|p1a: Venusaur|spe|1\n|move|p1a: Venusaur|Sludge Bomb|p2b: LaGrenouille\n|-damage|p2b: LaGrenouille|65/100\n|-status|p2b: LaGrenouille|psn\n|\n|-heal|p2b: LaGrenouille|71/100 psn|[from] item: Leftovers\n|-damage|p2b: LaGrenouille|59/100 psn|[from] psn\n|upkeep\n|turn|11\n|\n|t:|1776458582\n|move|p1a: Venusaur|Protect|p1a: Venusaur\n|-singleturn|p1a: Venusaur|Protect\n|move|p2b: LaGrenouille|Icy Wind|p1a: Venusaur\n|-activate|p1a: Venusaur|move: Protect\n|\n|-heal|p2b: LaGrenouille|65/100 psn|[from] item: Leftovers\n|-damage|p2b: LaGrenouille|53/100 psn|[from] psn\n|upkeep\n|turn|12\n|\n|t:|1776458591\n|move|p2b: LaGrenouille|Icy Wind|p1a: Venusaur\n|-supereffective|p1a: Venusaur|1\n|-damage|p1a: Venusaur|13/100\n|-unboost|p1a: Venusaur|spe|1\n|move|p1a: Venusaur|Sleep Powder|p2b: LaGrenouille|[miss]\n|-miss|p1a: Venusaur|p2b: LaGrenouille\n|\n|-heal|p2b: LaGrenouille|59/100 psn|[from] item: Leftovers\n|-damage|p2b: LaGrenouille|47/100 psn|[from] psn\n|upkeep\n|turn|13\n|c|\u2606ojifijod|.......\n|\n|t:|1776458605\n|move|p1a: Venusaur|Protect|p1a: Venusaur\n|-singleturn|p1a: Venusaur|Protect\n|move|p2b: LaGrenouille|Icy Wind|p1a: Venusaur\n|-activate|p1a: Venusaur|move: Protect\n|\n|-heal|p2b: LaGrenouille|53/100 psn|[from] item: Leftovers\n|-damage|p2b: LaGrenouille|41/100 psn|[from] psn\n|upkeep\n|turn|14\n|c|\u2606Hellothisisatest|Gg\n|inactive|ojifijod has 30 seconds left.\n|c|\u2606Hellothisisatest|Well played\n|inactive|ojifijod has 20 seconds left.\n|\n|t:|1776458644\n|move|p1a: Venusaur|Protect|p1a: Venusaur\n|-singleturn|p1a: Venusaur|Protect\n|move|p2b: LaGrenouille|Icy Wind|p1a: Venusaur\n|-activate|p1a: Venusaur|move: Protect\n|\n|-heal|p2b: LaGrenouille|47/100 psn|[from] item: Leftovers\n|-damage|p2b: LaGrenouille|35/100 psn|[from] psn\n|upkeep\n|turn|15\n|\n|t:|1776458653\n|move|p2b: LaGrenouille|Icy Wind|p1a: Venusaur\n|-supereffective|p1a: Venusaur|1\n|-damage|p1a: Venusaur|0 fnt\n|faint|p1a: Venusaur\n|\n|win|Hellothisisatest\n|raw|ojifijod's rating: 1166 &rarr; <strong>1139</strong><br />(-27 for losing)\n|raw|Hellothisisatest's rating: 1134 &rarr; <strong>1161</strong><br />(+27 for winning)\n|l|\u2606ojifijod\n|player|p1|\n",
  "uploadtime": 1776458663,
  "views": 28,
  "formatid": "gen9championsvgc2026regma",
  "rating": 1139,
  "private": 0,
  "password": null
}