{
  "id": "gen9championsvgc2026regma-2588801005",
  "format": "[Gen 9 Champions] VGC 2026 Reg M-A",
  "players": [
    "zapmh",
    "Hainzwurst67"
  ],
  "log": "|j|\u2606zapmh\n|j|\u2606Hainzwurst67\n|t:|1776672508\n|gametype|doubles\n|player|p1|zapmh|cilan|1075\n|player|p2|Hainzwurst67|gentleman-gen4|1005\n|gen|9\n|tier|[Gen 9 Champions] VGC 2026 Reg M-A\n|rated|\n|rule|Species Clause: Limit one of each Pok\u00e9mon\n|rule|Item Clause: Limit 1 of each item\n|clearpoke\n|poke|p1|Gallade, L50, M, shiny|\n|poke|p1|Aerodactyl, L50, F|\n|poke|p1|Incineroar, L50, M|\n|poke|p1|Whimsicott, L50, F|\n|poke|p1|Kingambit, L50, F|\n|poke|p1|Basculegion, L50, M|\n|poke|p2|Dragonite, L50, F, shiny|\n|poke|p2|Pelipper, L50, F|\n|poke|p2|Archaludon, L50, M|\n|poke|p2|Sneasler, L50, M|\n|poke|p2|Kingambit, L50, F|\n|poke|p2|Whimsicott, L50, M|\n|teampreview|4\n|\n|t:|1776672540\n|teamsize|p1|4\n|teamsize|p2|4\n|start\n|switch|p1a: Gallade|Gallade, L50, M, shiny|100/100\n|switch|p1b: Aerodactyl|Aerodactyl, L50, F|100/100\n|switch|p2a: Kingambit|Kingambit, L50, F|100/100\n|switch|p2b: Sneasler|Sneasler, L50, M|100/100\n|-ability|p1b: Aerodactyl|Unnerve\n|turn|1\n|inactive|Battle timer is ON: inactive players will automatically lose when time's up. (requested by zapmh)\n|\n|t:|1776672573\n|move|p1b: Aerodactyl|Protect|p1b: Aerodactyl\n|-singleturn|p1b: Aerodactyl|Protect\n|move|p1a: Gallade|Protect|p1a: Gallade\n|-singleturn|p1a: Gallade|Protect\n|move|p2b: Sneasler|Fake Out|p1b: Aerodactyl\n|-activate|p1b: Aerodactyl|move: Protect\n|move|p2a: Kingambit|Iron Head|p1b: Aerodactyl\n|-activate|p1b: Aerodactyl|move: Protect\n|\n|upkeep\n|turn|2\n|inactive|Hainzwurst67 has 30 seconds left.\n|\n|t:|1776672603\n|switch|p2b: Pelipper|Pelipper, L50, F|100/100\n|-weather|RainDance|[from] ability: Drizzle|[of] p2b: Pelipper\n|detailschange|p1a: Gallade|Gallade-Mega, L50, M, shiny\n|-mega|p1a: Gallade|Gallade|Galladite\n|move|p1b: Aerodactyl|Tailwind|p1b: Aerodactyl\n|-sidestart|p1: zapmh|move: Tailwind\n|move|p1a: Gallade|Sacred Sword|p2a: Kingambit\n|-supereffective|p2a: Kingambit|2\n|-damage|p2a: Kingambit|0 fnt\n|faint|p2a: Kingambit\n|\n|-weather|RainDance|[upkeep]\n|upkeep\n|\n|t:|1776672617\n|switch|p2a: Dragonite|Dragonite, L50, F, shiny|100/100\n|turn|3\n|\n|t:|1776672631\n|detailschange|p2a: Dragonite|Dragonite-Mega, L50, F, shiny\n|-mega|p2a: Dragonite|Dragonite|Dragoninite\n|move|p1b: Aerodactyl|Rock Slide|p2b: Pelipper|[spread] p2a,p2b\n|-supereffective|p2a: Dragonite|1\n|-supereffective|p2b: Pelipper|1\n|-damage|p2a: Dragonite|75/100\n|-damage|p2b: Pelipper|39/100\n|move|p1a: Gallade|Psycho Cut|p2a: Dragonite\n|-damage|p2a: Dragonite|42/100\n|move|p2a: Dragonite|Hurricane|p1a: Gallade\n|-supereffective|p1a: Gallade|1\n|-crit|p1a: Gallade\n|-damage|p1a: Gallade|0 fnt\n|faint|p1a: Gallade\n|cant|p2b: Pelipper|flinch\n|\n|-weather|RainDance|[upkeep]\n|upkeep\n|\n|t:|1776672647\n|switch|p1a: Incineroar|Incineroar, L50, M|100/100\n|-ability|p1a: Incineroar|Intimidate|boost\n|-unboost|p2a: Dragonite|atk|1\n|-unboost|p2b: Pelipper|atk|1\n|turn|4\n|inactive|Hainzwurst67 has 30 seconds left.\n|inactive|Hainzwurst67 has 20 seconds left.\n|inactive|Hainzwurst67 has 15 seconds left.\n|\n|t:|1776672690\n|switch|p2b: Sneasler|Sneasler, L50, M|100/100\n|move|p2a: Dragonite|Protect|p2a: Dragonite\n|-singleturn|p2a: Dragonite|Protect\n|move|p1a: Incineroar|Fake Out|p2a: Dragonite\n|-activate|p2a: Dragonite|move: Protect\n|move|p1b: Aerodactyl|Rock Slide|p2b: Sneasler|[spread] p2b\n|-activate|p2a: Dragonite|move: Protect\n|-resisted|p2b: Sneasler|1\n|-damage|p2b: Sneasler|84/100\n|\n|-weather|RainDance|[upkeep]\n|upkeep\n|turn|5\n|inactive|Hainzwurst67 has 30 seconds left.\n|\n|t:|1776672717\n|switch|p1b: Basculegion|Basculegion, L50, M|100/100\n|move|p2b: Sneasler|Fake Out|p1b: Basculegion\n|-immune|p1b: Basculegion\n|move|p2a: Dragonite|Roost|p2a: Dragonite\n|-heal|p2a: Dragonite|92/100\n|-singleturn|p2a: Dragonite|move: Roost\n|move|p1a: Incineroar|Darkest Lariat|p2a: Dragonite\n|-damage|p2a: Dragonite|57/100\n|\n|-weather|RainDance|[upkeep]\n|-sideend|p1: zapmh|move: Tailwind\n|upkeep\n|turn|6\n|inactive|Hainzwurst67 has 30 seconds left.\n|\n|t:|1776672745\n|move|p1b: Basculegion|Last Respects|p2a: Dragonite\n|-damage|p2a: Dragonite|0 fnt\n|faint|p2a: Dragonite\n|move|p2b: Sneasler|Close Combat|p1a: Incineroar\n|-supereffective|p1a: Incineroar|1\n|-damage|p1a: Incineroar|0 fnt\n|-unboost|p2b: Sneasler|def|1\n|-unboost|p2b: Sneasler|spd|1\n|faint|p1a: Incineroar\n|-enditem|p2b: Sneasler|White Herb\n|-clearnegativeboost|p2b: Sneasler|[silent]\n|\n|-weather|none\n|upkeep\n|\n|t:|1776672758\n|switch|p2a: Pelipper|Pelipper, L50, F|39/100\n|switch|p1a: Aerodactyl|Aerodactyl, L50, F|100/100\n|-ability|p1a: Aerodactyl|Unnerve\n|-weather|RainDance|[from] ability: Drizzle|[of] p2a: Pelipper\n|turn|7\n|inactive|Hainzwurst67 has 30 seconds left.\n|\n|t:|1776672791\n|move|p2a: Pelipper|Protect|p2a: Pelipper\n|-singleturn|p2a: Pelipper|Protect\n|move|p2b: Sneasler|Dire Claw|p1a: Aerodactyl\n|-resisted|p1a: Aerodactyl|1\n|-damage|p1a: Aerodactyl|62/100\n|-status|p1a: Aerodactyl|slp\n|move|p1b: Basculegion|Last Respects|p2a: Pelipper\n|-activate|p2a: Pelipper|move: Protect\n|cant|p1a: Aerodactyl|slp\n|\n|-weather|RainDance|[upkeep]\n|upkeep\n|turn|8\n|inactive|Hainzwurst67 has 30 seconds left.\n|\n|t:|1776672817\n|move|p2b: Sneasler|Dire Claw|p1b: Basculegion\n|-resisted|p1b: Basculegion|1\n|-damage|p1b: Basculegion|72/100\n|-status|p1b: Basculegion|slp\n|cant|p1b: Basculegion|slp\n|cant|p1a: Aerodactyl|slp\n|move|p2a: Pelipper|Weather Ball|p1a: Aerodactyl\n|-supereffective|p1a: Aerodactyl|1\n|-damage|p1a: Aerodactyl|0 fnt\n|faint|p1a: Aerodactyl\n|\n|-weather|RainDance|[upkeep]\n|upkeep\n|turn|9\n|c|\u2606zapmh|Wow\n|\n|t:|1776672836\n|move|p2b: Sneasler|Dire Claw|p1b: Basculegion\n|-resisted|p1b: Basculegion|1\n|-damage|p1b: Basculegion|44/100 slp\n|cant|p1b: Basculegion|slp\n|move|p2a: Pelipper|Hurricane|p1b: Basculegion\n|-damage|p1b: Basculegion|2/100 slp\n|-start|p1b: Basculegion|confusion\n|\n|-weather|RainDance|[upkeep]\n|upkeep\n|turn|10\n|-message|zapmh forfeited.\n|\n|win|Hainzwurst67\n|raw|zapmh's rating: 1075 &rarr; <strong>1050</strong><br />(-25 for losing)\n|raw|Hainzwurst67's rating: 1005 &rarr; <strong>1052</strong><br />(+47 for winning)\n|l|\u2606zapmh\n|player|p1|\n|c|\u2606Hainzwurst67|I\u2019m so sorry\n",
  "uploadtime": 1776672859,
  "views": 18,
  "formatid": "gen9championsvgc2026regma",
  "rating": 1050,
  "private": 0,
  "password": null
}