{
  "id": "gen9championsvgc2026regma-2580355792",
  "format": "[Gen 9 Champions] VGC 2026 Reg M-A",
  "players": [
    "TheLambsauce230",
    "Puth2011"
  ],
  "log": "|j|\u2606TheLambsauce230\n|j|\u2606Puth2011\n|t:|1775884544\n|gametype|doubles\n|player|p1|TheLambsauce230|veteran-gen4|1000\n|player|p2|Puth2011|nemona-masters|1000\n|gen|9\n|tier|[Gen 9 Champions] VGC 2026 Reg M-A\n|rated|\n|rule|Species Clause: Limit one of each Pok\u00e9mon\n|rule|Item Clause: Limit 1 of each item\n|clearpoke\n|poke|p1|Froslass, L50, F|\n|poke|p1|Sneasler, L50, F|\n|poke|p1|Volcarona, L50, F|\n|poke|p1|Farigiraf, L50, M|\n|poke|p1|Ninetales-Alola, L50, M|\n|poke|p1|Gyarados, L50, M|\n|poke|p2|Scovillain, L50, F|\n|poke|p2|Vivillon, L50, F|\n|poke|p2|Incineroar, L50, M|\n|poke|p2|Alcremie, L50, F|\n|teampreview|4\n|inactive|Battle timer is ON: inactive players will automatically lose when time's up. (requested by TheLambsauce230)\n|\n|t:|1775884561\n|teamsize|p1|4\n|teamsize|p2|4\n|start\n|switch|p1a: Farigiraf|Farigiraf, L50, M|100/100\n|switch|p1b: Froslass|Froslass, L50, F|100/100\n|switch|p2a: Scovillain|Scovillain, L50, F, shiny|100/100\n|switch|p2b: Vivillon|Vivillon, L50, F|100/100\n|turn|1\n|\n|t:|1775884584\n|switch|p1b: Gyarados|Gyarados, L50, M|100/100\n|-ability|p1b: Gyarados|Intimidate|boost\n|-unboost|p2a: Scovillain|atk|1\n|-unboost|p2b: Vivillon|atk|1\n|move|p2a: Scovillain|Protect|p2a: Scovillain\n|-singleturn|p2a: Scovillain|Protect\n|move|p2b: Vivillon|Tailwind|p2b: Vivillon\n|-sidestart|p2: Puth2011|move: Tailwind\n|move|p1a: Farigiraf|Light Screen|p1a: Farigiraf\n|-sidestart|p1: TheLambsauce230|move: Light Screen\n|\n|-ability|p2a: Scovillain|Moody|boost\n|-boost|p2a: Scovillain|def|2\n|-unboost|p2a: Scovillain|spa|1\n|upkeep\n|turn|2\n|inactive|Puth2011 has 30 seconds left.\n|inactive|Puth2011 has 20 seconds left.\n|\n|t:|1775884621\n|detailschange|p1b: Gyarados|Gyarados-Mega, L50, M\n|-mega|p1b: Gyarados|Gyarados|Gyaradosite\n|-ability|p1b: Gyarados|Mold Breaker\n|move|p1b: Gyarados|Protect|p1b: Gyarados\n|-singleturn|p1b: Gyarados|Protect\n|move|p2b: Vivillon|Sleep Powder|p1b: Gyarados\n|-activate|p1b: Gyarados|move: Protect\n|move|p2a: Scovillain|Super Fang|p1a: Farigiraf\n|-damage|p1a: Farigiraf|51/100\n|move|p1a: Farigiraf|Reflect|p1a: Farigiraf\n|-sidestart|p1: TheLambsauce230|Reflect\n|\n|-heal|p1a: Farigiraf|57/100|[from] item: Leftovers\n|-ability|p2a: Scovillain|Moody|boost\n|-boost|p2a: Scovillain|spa|2\n|-unboost|p2a: Scovillain|atk|1\n|upkeep\n|turn|3\n|inactive|TheLambsauce230 has 30 seconds left.\n|inactive|Puth2011 has 30 seconds left.\n|\n|t:|1775884647\n|move|p2a: Scovillain|Protect|p2a: Scovillain\n|-singleturn|p2a: Scovillain|Protect\n|move|p2b: Vivillon|Sleep Powder|p1b: Gyarados\n|-status|p1b: Gyarados|slp|[from] move: Sleep Powder\n|cant|p1b: Gyarados|slp\n|move|p1a: Farigiraf|Psychic|p2a: Scovillain\n|-activate|p2a: Scovillain|move: Protect\n|\n|-heal|p1a: Farigiraf|63/100|[from] item: Leftovers\n|-ability|p2a: Scovillain|Moody|boost\n|-boost|p2a: Scovillain|atk|2\n|-unboost|p2a: Scovillain|spa|1\n|upkeep\n|turn|4\n|\n|t:|1775884670\n|switch|p1b: Ninetales|Ninetales-Alola, L50, M|100/100\n|-weather|Snowscape|[from] ability: Snow Warning|[of] p1b: Ninetales\n|move|p2b: Vivillon|Rage Powder|p2b: Vivillon\n|-singleturn|p2b: Vivillon|move: Rage Powder\n|move|p2a: Scovillain|Giga Drain|p1b: Ninetales\n|-damage|p1b: Ninetales|81/100\n|move|p1a: Farigiraf|Psychic|p2b: Vivillon\n|-damage|p2b: Vivillon|45/100\n|\n|-weather|Snowscape|[upkeep]\n|-heal|p1a: Farigiraf|69/100|[from] item: Leftovers\n|-sideend|p2: Puth2011|move: Tailwind\n|-ability|p2a: Scovillain|Moody|boost\n|-boost|p2a: Scovillain|spd|2\n|-unboost|p2a: Scovillain|def|1\n|upkeep\n|turn|5\n|\n|t:|1775884690\n|switch|p2b: Incineroar|Incineroar, L50, M|100/100\n|-ability|p2b: Incineroar|Intimidate|boost\n|-unboost|p1a: Farigiraf|atk|1\n|-unboost|p1b: Ninetales|atk|1\n|move|p1b: Ninetales|Aurora Veil|p1b: Ninetales\n|-sidestart|p1: TheLambsauce230|move: Aurora Veil\n|move|p2a: Scovillain|Super Fang|p1b: Ninetales\n|-damage|p1b: Ninetales|41/100\n|move|p1a: Farigiraf|Psychic|p2b: Incineroar\n|-immune|p2b: Incineroar\n|\n|-weather|Snowscape|[upkeep]\n|-heal|p1a: Farigiraf|75/100|[from] item: Leftovers\n|-sideend|p1: TheLambsauce230|move: Light Screen\n|-ability|p2a: Scovillain|Moody|boost\n|-boost|p2a: Scovillain|spa|2\n|-unboost|p2a: Scovillain|spe|1\n|upkeep\n|turn|6\n|\n|t:|1775884712\n|switch|p1a: Froslass|Froslass, L50, F|100/100\n|move|p1b: Ninetales|Dazzling Gleam|p2b: Incineroar|[spread] p2a,p2b\n|-resisted|p2a: Scovillain|1\n|-damage|p2a: Scovillain|94/100\n|-damage|p2b: Incineroar|78/100\n|move|p2b: Incineroar|Throat Chop|p1a: Froslass\n|-supereffective|p1a: Froslass|1\n|-damage|p1a: Froslass|52/100\n|-start|p1a: Froslass|Throat Chop|[silent]\n|move|p2a: Scovillain|Giga Drain|p1b: Ninetales\n|-damage|p1b: Ninetales|1/100\n|-heal|p2a: Scovillain|100/100|[from] drain|[of] p1b: Ninetales\n|\n|-weather|Snowscape|[upkeep]\n|-sideend|p1: TheLambsauce230|Reflect\n|-ability|p2a: Scovillain|Moody|boost\n|-boost|p2a: Scovillain|spe|2\n|-unboost|p2a: Scovillain|spd|1\n|upkeep\n|turn|7\n|inactive|TheLambsauce230 has 30 seconds left.\n|\n|t:|1775884739\n|switch|p1a: Gyarados|Gyarados-Mega, L50, M|100/100 slp\n|-ability|p1a: Gyarados|Mold Breaker\n|move|p1b: Ninetales|Weather Ball|p2a: Scovillain\n|-damage|p2a: Scovillain|69/100\n|move|p2a: Scovillain|Giga Drain|p1b: Ninetales\n|-damage|p1b: Ninetales|0 fnt\n|-heal|p2a: Scovillain|70/100|[from] drain|[of] p1b: Ninetales\n|faint|p1b: Ninetales\n|move|p2b: Incineroar|Flare Blitz|p1a: Gyarados\n|-resisted|p1a: Gyarados|1\n|-damage|p1a: Gyarados|85/100 slp\n|-damage|p2b: Incineroar|73/100|[from] Recoil\n|\n|-weather|Snowscape|[upkeep]\n|-ability|p2a: Scovillain|Moody|boost\n|-boost|p2a: Scovillain|spe|2\n|-unboost|p2a: Scovillain|spd|1\n|upkeep\n|\n|t:|1775884758\n|switch|p1b: Farigiraf|Farigiraf, L50, M|75/100\n|turn|8\n|\n|t:|1775884771\n|move|p2a: Scovillain|Protect|p2a: Scovillain\n|-singleturn|p2a: Scovillain|Protect\n|cant|p1a: Gyarados|slp\n|move|p2b: Incineroar|Throat Chop|p1b: Farigiraf\n|-supereffective|p1b: Farigiraf|1\n|-damage|p1b: Farigiraf|39/100\n|-start|p1b: Farigiraf|Throat Chop|[silent]\n|move|p1b: Farigiraf|Psychic|p2a: Scovillain\n|-activate|p2a: Scovillain|move: Protect\n|\n|-weather|none\n|-heal|p1b: Farigiraf|45/100|[from] item: Leftovers\n|-ability|p2a: Scovillain|Moody|boost\n|-boost|p2a: Scovillain|atk|2\n|-unboost|p2a: Scovillain|def|1\n|upkeep\n|turn|9\n|\n|t:|1775884791\n|switch|p2b: Vivillon|Vivillon, L50, F|45/100\n|move|p2a: Scovillain|Giga Drain|p1a: Gyarados\n|-supereffective|p1a: Gyarados|1\n|-damage|p1a: Gyarados|26/100 slp\n|-heal|p2a: Scovillain|99/100|[from] drain|[of] p1a: Gyarados\n|-curestatus|p1a: Gyarados|slp|[msg]\n|move|p1a: Gyarados|Dragon Dance|p1a: Gyarados\n|-boost|p1a: Gyarados|atk|1\n|-boost|p1a: Gyarados|spe|1\n|move|p1b: Farigiraf|Psychic|p2a: Scovillain\n|-damage|p2a: Scovillain|67/100\n|\n|-heal|p1b: Farigiraf|51/100|[from] item: Leftovers\n|-end|p1b: Farigiraf|Throat Chop|[silent]\n|-sideend|p1: TheLambsauce230|move: Aurora Veil\n|-ability|p2a: Scovillain|Moody|boost\n|-boost|p2a: Scovillain|spe|2\n|-unboost|p2a: Scovillain|spa|1\n|upkeep\n|turn|10\n|\n|t:|1775884811\n|move|p1a: Gyarados|Protect|p1a: Gyarados\n|-singleturn|p1a: Gyarados|Protect\n|move|p2a: Scovillain|Giga Drain|p1a: Gyarados\n|-activate|p1a: Gyarados|move: Protect\n|move|p2b: Vivillon|Pollen Puff|p1b: Farigiraf\n|-supereffective|p1b: Farigiraf|1\n|-damage|p1b: Farigiraf|1/100\n|move|p1b: Farigiraf|Psychic|p2b: Vivillon\n|-crit|p2b: Vivillon\n|-damage|p2b: Vivillon|0 fnt\n|faint|p2b: Vivillon\n|\n|-heal|p1b: Farigiraf|7/100|[from] item: Leftovers\n|-ability|p2a: Scovillain|Moody|boost\n|-boost|p2a: Scovillain|spd|2\n|-unboost|p2a: Scovillain|spe|1\n|upkeep\n|\n|t:|1775884830\n|switch|p2b: Alcremie|Alcremie, L50, F|100/100\n|turn|11\n|\n|t:|1775884840\n|move|p2a: Scovillain|Giga Drain|p1a: Gyarados\n|-supereffective|p1a: Gyarados|1\n|-damage|p1a: Gyarados|0 fnt\n|-heal|p2a: Scovillain|80/100|[from] drain|[of] p1a: Gyarados\n|faint|p1a: Gyarados\n|move|p2b: Alcremie|Decorate|p2a: Scovillain\n|-boost|p2a: Scovillain|atk|2\n|-boost|p2a: Scovillain|spa|2\n|move|p1b: Farigiraf|Light Screen|p1b: Farigiraf\n|-sidestart|p1: TheLambsauce230|move: Light Screen\n|\n|-heal|p1b: Farigiraf|13/100|[from] item: Leftovers\n|-ability|p2a: Scovillain|Moody|boost\n|-boost|p2a: Scovillain|atk|2\n|-unboost|p2a: Scovillain|spa|1\n|upkeep\n|\n|t:|1775884852\n|switch|p1a: Froslass|Froslass, L50, F|52/100\n|turn|12\n|\n|t:|1775884865\n|detailschange|p2a: Scovillain|Scovillain-Mega, L50, F, shiny\n|-mega|p2a: Scovillain|Scovillain|Scovillainite\n|move|p2a: Scovillain|Giga Drain|p1a: Froslass\n|-damage|p1a: Froslass|0 fnt\n|-heal|p2a: Scovillain|100/100|[from] drain|[of] p1a: Froslass\n|faint|p1a: Froslass\n|move|p2b: Alcremie|Dazzling Gleam|p1b: Farigiraf\n|-damage|p1b: Farigiraf|0 fnt\n|faint|p1b: Farigiraf\n|\n|win|Puth2011\n|raw|TheLambsauce230's rating: 1000 &rarr; <strong>1000</strong><br />(+0 for losing)\n|raw|Puth2011's rating: 1000 &rarr; <strong>1040</strong><br />(+40 for winning)\n|l|\u2606TheLambsauce230\n|player|p1|\n",
  "uploadtime": 1775884877,
  "views": 22,
  "formatid": "gen9championsvgc2026regma",
  "rating": 1000,
  "private": 0,
  "password": null
}