{
  "id": "gen9championsvgc2026regma-2585983383",
  "format": "[Gen 9 Champions] VGC 2026 Reg M-A",
  "players": [
    "heartbreaker7",
    "Boneyard00"
  ],
  "log": "|j|\u2606heartbreaker7\n|j|\u2606Boneyard00\n|t:|1776387442\n|gametype|doubles\n|player|p1|heartbreaker7|red-masters2|1065\n|player|p2|Boneyard00|acetrainer-gen4dp|1122\n|gen|9\n|tier|[Gen 9 Champions] VGC 2026 Reg M-A\n|rated|\n|rule|Species Clause: Limit one of each Pok\u00e9mon\n|rule|Item Clause: Limit 1 of each item\n|clearpoke\n|poke|p1|Zoroark-Hisui, L50, F|\n|poke|p1|Gyarados, L50, F|\n|poke|p1|Whimsicott, L50, F|\n|poke|p1|Umbreon, L50, M|\n|poke|p1|Golurk, L50|\n|poke|p1|Skarmory, L50, F|\n|poke|p2|Abomasnow, L50, M|\n|poke|p2|Talonflame, L50, F|\n|poke|p2|Avalugg, L50, M|\n|poke|p2|Basculegion, L50, M|\n|poke|p2|Vanilluxe, L50, M|\n|poke|p2|Alcremie-Salted-Cream, L50, F|\n|teampreview|4\n|inactive|Battle timer is ON: inactive players will automatically lose when time's up. (requested by Boneyard00)\nheartbreaker7 rejected open team sheets.\n|\n|t:|1776387477\n|teamsize|p1|4\n|teamsize|p2|4\n|start\n|switch|p1a: Gyarados|Gyarados, L50, F|100/100\n|switch|p1b: Umbreon|Umbreon, L50, M|100/100\n|switch|p2a: Northwoods|Abomasnow, L50, M|100/100\n|switch|p2b: Caribbean|Talonflame, L50, F|100/100\n|-ability|p1a: Gyarados|Intimidate|boost\n|-unboost|p2a: Northwoods|atk|1\n|-unboost|p2b: Caribbean|atk|1\n|-weather|Snowscape|[from] ability: Snow Warning|[of] p2a: Northwoods\n|turn|1\n|\n|t:|1776387496\n|detailschange|p1a: Gyarados|Gyarados-Mega, L50, F\n|-mega|p1a: Gyarados|Gyarados|Gyaradosite\n|-ability|p1a: Gyarados|Mold Breaker\n|move|p1b: Umbreon|Helping Hand|p1a: Gyarados\n|-singleturn|p1a: Gyarados|Helping Hand|[of] p1b: Umbreon\n|move|p2a: Northwoods|Protect|p2a: Northwoods\n|-singleturn|p2a: Northwoods|Protect\n|move|p2b: Caribbean|Tailwind|p2b: Caribbean\n|-sidestart|p2: Boneyard00|move: Tailwind\n|move|p1a: Gyarados|Waterfall|p2b: Caribbean\n|-supereffective|p2b: Caribbean|1\n|-damage|p2b: Caribbean|0 fnt\n|faint|p2b: Caribbean\n|\n|-weather|Snowscape|[upkeep]\n|upkeep\n|\n|t:|1776387502\n|switch|p2b: Cream Puff|Alcremie-Salted-Cream, L50, F|100/100\n|turn|2\n|\n|t:|1776387519\n|detailschange|p2a: Northwoods|Abomasnow-Mega, L50, M\n|-mega|p2a: Northwoods|Abomasnow|Abomasite\n|move|p1b: Umbreon|Helping Hand|p1a: Gyarados\n|-singleturn|p1a: Gyarados|Helping Hand|[of] p1b: Umbreon\n|move|p2b: Cream Puff|Decorate|p2a: Northwoods\n|-boost|p2a: Northwoods|atk|2\n|-boost|p2a: Northwoods|spa|2\n|move|p2a: Northwoods|Wood Hammer|p1a: Gyarados\n|-supereffective|p1a: Gyarados|1\n|-damage|p1a: Gyarados|0 fnt\n|faint|p1a: Gyarados\n|-damage|p2a: Northwoods|66/100|[from] Recoil\n|\n|-weather|Snowscape|[upkeep]\n|upkeep\n|\n|t:|1776387535\n|switch|p1a: Skarmory|Skarmory, L50, F|100/100\n|turn|3\n|\n|t:|1776387553\n|move|p2b: Cream Puff|Protect|p2b: Cream Puff\n|-singleturn|p2b: Cream Puff|Protect\n|move|p1b: Umbreon|Protect|p1b: Umbreon\n|-singleturn|p1b: Umbreon|Protect\n|move|p1a: Skarmory|Focus Blast|p2a: Northwoods|[miss]\n|-miss|p1a: Skarmory|p2a: Northwoods\n|move|p2a: Northwoods|Wood Hammer|p1b: Umbreon\n|-activate|p1b: Umbreon|move: Protect\n|\n|-weather|Snowscape|[upkeep]\n|upkeep\n|turn|4\n|\n|t:|1776387577\n|move|p1a: Skarmory|Focus Blast|p2a: Northwoods|[miss]\n|-miss|p1a: Skarmory|p2a: Northwoods\n|move|p2b: Cream Puff|Decorate|p2a: Northwoods\n|-boost|p2a: Northwoods|atk|2\n|-boost|p2a: Northwoods|spa|2\n|move|p2a: Northwoods|Wood Hammer|p1b: Umbreon\n|-damage|p1b: Umbreon|11/100\n|-damage|p2a: Northwoods|36/100|[from] Recoil\n|move|p1b: Umbreon|Moonlight|p1b: Umbreon\n|-heal|p1b: Umbreon|36/100\n|\n|-weather|Snowscape|[upkeep]\n|-heal|p1b: Umbreon|42/100|[from] item: Leftovers\n|-sideend|p2: Boneyard00|move: Tailwind\n|upkeep\n|turn|5\n|\n|t:|1776387593\n|move|p1b: Umbreon|Protect|p1b: Umbreon\n|-singleturn|p1b: Umbreon|Protect\n|move|p2a: Northwoods|Protect|p2a: Northwoods\n|-singleturn|p2a: Northwoods|Protect\n|move|p1a: Skarmory|Focus Blast|p2a: Northwoods\n|-activate|p2a: Northwoods|move: Protect\n|move|p2b: Cream Puff|Dazzling Gleam|p1a: Skarmory|[spread] p1a\n|-activate|p1b: Umbreon|move: Protect\n|-damage|p1a: Skarmory|54/100\n|replace|p1a: Zoroark|Zoroark-Hisui, L50, F\n|-end|p1a: Zoroark|Illusion\n|\n|-weather|none\n|-heal|p1b: Umbreon|48/100|[from] item: Leftovers\n|upkeep\n|turn|6\n|\n|t:|1776387616\n|switch|p1a: Skarmory|Skarmory, L50, F|100/100\n|switch|p2b: Culvers|Vanilluxe, L50, M|100/100\n|move|p2a: Northwoods|Ice Shard|p1a: Skarmory\n|-damage|p1a: Skarmory|53/100\n|move|p1b: Umbreon|Foul Play|p2a: Northwoods\n|-damage|p2a: Northwoods|0 fnt\n|faint|p2a: Northwoods\n|\n|-heal|p1b: Umbreon|53/100|[from] item: Leftovers\n|upkeep\n|\n|t:|1776387619\n|switch|p2a: Cream Puff|Alcremie-Salted-Cream, L50, F|100/100\n|turn|7\n|inactive|heartbreaker7 has 30 seconds left.\n|\n|t:|1776387644\n|move|p2b: Culvers|Hyper Voice|p1b: Umbreon|[spread] p1a,p1b\n|-resisted|p1a: Skarmory|1\n|-damage|p1a: Skarmory|35/100\n|-damage|p1b: Umbreon|38/100\n|move|p1a: Skarmory|Tailwind|p1a: Skarmory\n|-sidestart|p1: heartbreaker7|move: Tailwind\n|move|p1b: Umbreon|Moonlight|p1b: Umbreon\n|-heal|p1b: Umbreon|88/100\n|move|p2a: Cream Puff|Dazzling Gleam|p1a: Skarmory|[spread] p1a,p1b\n|-resisted|p1a: Skarmory|1\n|-supereffective|p1b: Umbreon|1\n|-damage|p1a: Skarmory|15/100\n|-damage|p1b: Umbreon|60/100\n|\n|-heal|p1b: Umbreon|66/100|[from] item: Leftovers\n|upkeep\n|turn|8\n|\n|t:|1776387668\n|move|p1b: Umbreon|Helping Hand|p1a: Skarmory\n|-singleturn|p1a: Skarmory|Helping Hand|[of] p1b: Umbreon\n|move|p2a: Cream Puff|Helping Hand|p2b: Culvers\n|-singleturn|p2b: Culvers|Helping Hand|[of] p2a: Cream Puff\n|move|p1a: Skarmory|Iron Head|p2b: Culvers\n|-supereffective|p2b: Culvers|1\n|-enditem|p2b: Culvers|Focus Sash\n|-damage|p2b: Culvers|1/100\n|-ability|p2b: Culvers|Weak Armor|boost\n|-unboost|p2b: Culvers|def|1\n|-boost|p2b: Culvers|spe|2\n|move|p2b: Culvers|Blizzard|p1b: Umbreon|[spread] p1a,p1b\n|-damage|p1a: Skarmory|0 fnt\n|-damage|p1b: Umbreon|27/100\n|faint|p1a: Skarmory\n|\n|-heal|p1b: Umbreon|33/100|[from] item: Leftovers\n|upkeep\n|\n|t:|1776387683\n|switch|p1a: Umbreon|Umbreon, L50, M|54/100\n|turn|9\n|\n|t:|1776387697\n|move|p1b: Umbreon|Helping Hand|p1a: Umbreon\n|-singleturn|p1a: Umbreon|Helping Hand|[of] p1b: Umbreon\n|move|p1a: Umbreon|Shadow Ball|p2a: Cream Puff\n|-damage|p2a: Cream Puff|46/100\n|move|p2b: Culvers|Blizzard|p1b: Umbreon|[spread] p1a,p1b\n|-damage|p1a: Umbreon|0 fnt\n|-damage|p1b: Umbreon|5/100\n|replace|p1a: Zoroark|Zoroark-Hisui, L50, F\n|-end|p1a: Zoroark|Illusion\n|faint|p1a: Zoroark\n|move|p2a: Cream Puff|Dazzling Gleam|p1b: Umbreon\n|-supereffective|p1b: Umbreon|1\n|-damage|p1b: Umbreon|0 fnt\n|faint|p1b: Umbreon\n|\n|win|Boneyard00\n|raw|heartbreaker7's rating: 1065 &rarr; <strong>1048</strong><br />(-17 for losing)\n|raw|Boneyard00's rating: 1122 &rarr; <strong>1143</strong><br />(+21 for winning)\n",
  "uploadtime": 1776387714,
  "views": 21,
  "formatid": "gen9championsvgc2026regma",
  "rating": 1048,
  "private": 0,
  "password": null
}