{
  "id": "gen9championsvgc2026regma-2581273437",
  "format": "[Gen 9 Champions] VGC 2026 Reg M-A",
  "players": [
    "DracoSpirit",
    "Poke Chiyo"
  ],
  "log": "|j|\u2606DracoSpirit\n|j|\u2606Poke Chiyo\n|t:|1775979641\n|gametype|doubles\n|player|p1|DracoSpirit|ingo|1267\n|player|p2|Poke Chiyo|1|1327\n|gen|9\n|tier|[Gen 9 Champions] VGC 2026 Reg M-A\n|rated|\n|rule|Species Clause: Limit one of each Pok\u00e9mon\n|rule|Item Clause: Limit 1 of each item\n|clearpoke\n|poke|p1|Golurk, L50|\n|poke|p1|Farigiraf, L50, F|\n|poke|p1|Clefable, L50, M|\n|poke|p1|Milotic, L50, M|\n|poke|p1|Meowscarada, L50, F|\n|poke|p1|Incineroar, L50, F|\n|poke|p2|Gardevoir, L50, F|\n|poke|p2|Incineroar, L50, F|\n|poke|p2|Maushold-Four, L50|\n|poke|p2|Aerodactyl, L50, F|\n|poke|p2|Milotic, L50, F|\n|poke|p2|Sinistcha, L50|\n|teampreview|4\n|j| gE1xjZRtuhW2DdT0AK\n|\n|t:|1775979671\n|teamsize|p1|4\n|teamsize|p2|4\n|start\n|switch|p1a: Clefable|Clefable, L50, M|100/100\n|switch|p1b: Farigiraf|Farigiraf, L50, F|100/100\n|switch|p2a: Gardevoir|Gardevoir, L50, F|100/100\n|switch|p2b: Sinistcha|Sinistcha, L50|100/100\n|-ability|p2a: Gardevoir|Armor Tail|Trace|[from] ability: Trace|[of] p1b: Farigiraf\n|turn|1\n|\n|t:|1775979698\n|detailschange|p2a: Gardevoir|Gardevoir-Mega, L50, F\n|-mega|p2a: Gardevoir|Gardevoir|Gardevoirite\n|move|p2a: Gardevoir|Hyper Voice|p1a: Clefable|[spread] p1a,p1b\n|-damage|p1a: Clefable|53/100\n|-damage|p1b: Farigiraf|62/100\n|move|p2b: Sinistcha|Matcha Gotcha|p1a: Clefable|[spread] p1a\n|-miss|p2b: Sinistcha|p1b: Farigiraf\n|-damage|p1a: Clefable|29/100\n|-enditem|p1a: Clefable|Sitrus Berry|[eat]\n|-heal|p1a: Clefable|54/100|[from] item: Sitrus Berry\n|move|p1b: Farigiraf|Psychic|p2b: Sinistcha\n|-damage|p2b: Sinistcha|58/100\n|move|p1a: Clefable|Moonblast|p2b: Sinistcha\n|-damage|p2b: Sinistcha|20/100\n|\n|upkeep\n|turn|2\n|\n|t:|1775979746\n|move|p1b: Farigiraf|Protect|p1b: Farigiraf\n|-singleturn|p1b: Farigiraf|Protect\n|move|p2a: Gardevoir|Hyper Voice|p1b: Farigiraf|[spread] p1a\n|-activate|p1b: Farigiraf|move: Protect\n|-damage|p1a: Clefable|9/100\n|move|p2b: Sinistcha|Matcha Gotcha|p1a: Clefable|[spread] p1a\n|-activate|p1b: Farigiraf|move: Protect\n|-damage|p1a: Clefable|0 fnt\n|-heal|p2b: Sinistcha|25/100|[from] drain|[of] p1a: Clefable\n|faint|p1a: Clefable\n|\n|upkeep\n|\n|t:|1775979750\n|switch|p1a: Meowscarada|Meowscarada, L50, F|100/100\n|turn|3\n|j| Neekz0\n|\n|t:|1775979766\n|move|p2a: Gardevoir|Protect|p2a: Gardevoir\n|-singleturn|p2a: Gardevoir|Protect\n|move|p1a: Meowscarada|Knock Off|p2b: Sinistcha\n|-supereffective|p2b: Sinistcha|1\n|-damage|p2b: Sinistcha|0 fnt\n|-enditem|p2b: Sinistcha|Kasib Berry|[from] move: Knock Off|[of] p1a: Meowscarada\n|faint|p2b: Sinistcha\n|move|p1b: Farigiraf|Trick Room|p1b: Farigiraf\n|-fieldstart|move: Trick Room|[of] p1b: Farigiraf\n|\n|upkeep\n|\n|t:|1775979781\n|switch|p2b: Incineroar|Incineroar, L50, F|100/100\n|-ability|p2b: Incineroar|Intimidate|boost\n|-unboost|p1a: Meowscarada|atk|1\n|-unboost|p1b: Farigiraf|atk|1\n|turn|4\n|\n|t:|1775979809\n|switch|p1b: Golurk|Golurk, L50|100/100\n|switch|p2a: Maushold|Maushold-Four, L50|100/100\n|move|p1a: Meowscarada|Protect|p1a: Meowscarada\n|-singleturn|p1a: Meowscarada|Protect\n|move|p2b: Incineroar|Low Kick|p1a: Meowscarada\n|-activate|p1a: Meowscarada|move: Protect\n|\n|upkeep\n|turn|5\n|\n|t:|1775979855\n|switch|p1a: Farigiraf|Farigiraf, L50, F|62/100\n|detailschange|p1b: Golurk|Golurk-Mega, L50\n|-mega|p1b: Golurk|Golurk|Golurkite\n|move|p1b: Golurk|Close Combat|p2a: Maushold\n|-supereffective|p2a: Maushold|1\n|-enditem|p2a: Maushold|Chople Berry|[eat]\n|-enditem|p2a: Maushold|Chople Berry|[weaken]\n|-damage|p2a: Maushold|39/100\n|-unboost|p1b: Golurk|def|1\n|-unboost|p1b: Golurk|spd|1\n|move|p2b: Incineroar|Throat Chop|p1b: Golurk\n|-supereffective|p1b: Golurk|1\n|-damage|p1b: Golurk|11/100\n|-start|p1b: Golurk|Throat Chop|[silent]\n|move|p2a: Maushold|Super Fang|p1a: Farigiraf\n|-damage|p1a: Farigiraf|31/100\n|\n|upkeep\n|turn|6\n|\n|t:|1775979893\n|move|p1b: Golurk|Protect|p1b: Golurk\n|-singleturn|p1b: Golurk|Protect\n|move|p1a: Farigiraf|Psychic|p2a: Maushold\n|-damage|p2a: Maushold|0 fnt\n|faint|p2a: Maushold\n|move|p2b: Incineroar|Throat Chop|p1b: Golurk\n|-activate|p1b: Golurk|move: Protect\n|\n|-end|p1b: Golurk|Throat Chop|[silent]\n|upkeep\n|\n|t:|1775979902\n|switch|p2a: Gardevoir|Gardevoir-Mega, L50, F|100/100\n|turn|7\n|\n|t:|1775979921\n|move|p1a: Farigiraf|Protect|p1a: Farigiraf\n|-singleturn|p1a: Farigiraf|Protect\n|move|p2a: Gardevoir|Protect|p2a: Gardevoir\n|-singleturn|p2a: Gardevoir|Protect\n|move|p1b: Golurk|Headlong Rush|p2b: Incineroar\n|-supereffective|p2b: Incineroar|1\n|-damage|p2b: Incineroar|0 fnt\n|-unboost|p1b: Golurk|def|1\n|-unboost|p1b: Golurk|spd|1\n|faint|p2b: Incineroar\n|\n|-fieldend|move: Trick Room\n|upkeep\n|turn|8\n|\n|t:|1775979934\n|switch|p1a: Meowscarada|Meowscarada, L50, F|100/100\n|move|p2a: Gardevoir|Hyper Voice|p1b: Golurk|[spread] p1a,p1b\n|-supereffective|p1a: Meowscarada|1\n|-enditem|p1a: Meowscarada|Focus Sash\n|-damage|p1a: Meowscarada|1/100\n|-damage|p1b: Golurk|0 fnt\n|faint|p1b: Golurk\n|\n|upkeep\n|\n|t:|1775979941\n|switch|p1b: Farigiraf|Farigiraf, L50, F|31/100\n|turn|9\n|\n|t:|1775979947\n|move|p1b: Farigiraf|Helping Hand|p1a: Meowscarada\n|-singleturn|p1a: Meowscarada|Helping Hand|[of] p1b: Farigiraf\n|move|p1a: Meowscarada|Flower Trick|p2a: Gardevoir\n|-crit|p2a: Gardevoir\n|-damage|p2a: Gardevoir|0 fnt\n|faint|p2a: Gardevoir\n|\n|win|DracoSpirit\n|raw|DracoSpirit's rating: 1267 &rarr; <strong>1296</strong><br />(+29 for winning)\n|raw|Poke Chiyo's rating: 1327 &rarr; <strong>1304</strong><br />(-23 for losing)\n|l| Neekz0\n|l|\u2606Poke Chiyo\n|player|p2|\n|l|\u2606DracoSpirit\n|player|p1|\n",
  "uploadtime": 1775979962,
  "views": 20,
  "formatid": "gen9championsvgc2026regma",
  "rating": 1296,
  "private": 0,
  "password": null
}