{
  "id": "gen9championsvgc2026regma-2583939413",
  "format": "[Gen 9 Champions] VGC 2026 Reg M-A",
  "players": [
    "Colintick662",
    "Domino17"
  ],
  "log": "|j|\u2606Colintick662\n|j|\u2606Domino17\n|t:|1776210082\n|gametype|doubles\n|player|p1|Colintick662|proton|1268\n|player|p2|Domino17|roxie|1243\n|gen|9\n|tier|[Gen 9 Champions] VGC 2026 Reg M-A\n|rated|\n|rule|Species Clause: Limit one of each Pok\u00e9mon\n|rule|Item Clause: Limit 1 of each item\n|clearpoke\n|poke|p1|Floette-Eternal, L50, F|\n|poke|p1|Incineroar, L50, M|\n|poke|p1|Sinistcha, L50|\n|poke|p1|Archaludon, L50, M|\n|poke|p1|Pelipper, L50, M|\n|poke|p1|Basculegion, L50, M|\n|poke|p2|Glimmora, L50, M|\n|poke|p2|Ninetales-Alola, L50, F|\n|poke|p2|Whimsicott, L50, M|\n|poke|p2|Milotic, L50, F|\n|poke|p2|Corviknight, L50, F|\n|poke|p2|Incineroar, L50, F|\n|teampreview|4\n|inactive|Battle timer is ON: inactive players will automatically lose when time's up. (requested by Domino17)\n|\n|t:|1776210117\n|teamsize|p1|4\n|teamsize|p2|4\n|start\n|switch|p1a: Floette|Floette-Eternal, L50, F|100/100\n|switch|p1b: Archaludon|Archaludon, L50, M|100/100\n|switch|p2a: Glimmora|Glimmora, L50, M|100/100\n|switch|p2b: Whimsicott|Whimsicott, L50, M|100/100\n|turn|1\n|l|\u2606Domino17\n|inactive|Domino17 disconnected and has a minute to reconnect!\n|player|p2|\n|j|\u2606Domino17\n|inactive|Domino17 reconnected and has 45 seconds left.\n|player|p2|Domino17|roxie|\n|inactive|Domino17 has 30 seconds left.\n|\n|t:|1776210149\n|switch|p1a: Pelipper|Pelipper, L50, M|100/100\n|-weather|RainDance|[from] ability: Drizzle|[of] p1a: Pelipper\n|detailschange|p2a: Glimmora|Glimmora-Mega, L50, M\n|-mega|p2a: Glimmora|Glimmora|Glimmoranite\n|move|p2b: Whimsicott|Fake Tears|p1b: Archaludon\n|-unboost|p1b: Archaludon|spd|2\n|move|p2a: Glimmora|Earth Power|p1b: Archaludon\n|-supereffective|p1b: Archaludon|1\n|-damage|p1b: Archaludon|0 fnt\n|faint|p1b: Archaludon\n|\n|-weather|RainDance|[upkeep]\n|upkeep\n|\n|t:|1776210160\n|switch|p1b: Basculegion|Basculegion, L50, M|100/100\n|turn|2\n|inactive|Domino17 has 30 seconds left.\n|\n|t:|1776210186\n|move|p2a: Glimmora|Spiky Shield|p2a: Glimmora\n|-singleturn|p2a: Glimmora|move: Protect\n|move|p2b: Whimsicott|Tailwind|p2b: Whimsicott\n|-sidestart|p2: Domino17|move: Tailwind\n|move|p1b: Basculegion|Flip Turn|p2a: Glimmora\n|-activate|p2a: Glimmora|move: Protect\n|-damage|p1b: Basculegion|88/100|[from] Spiky Shield|[of] p2a: Glimmora\n|move|p1a: Pelipper|Hurricane|p2b: Whimsicott\n|-supereffective|p2b: Whimsicott|1\n|-enditem|p2b: Whimsicott|Focus Sash\n|-damage|p2b: Whimsicott|1/100\n|\n|-weather|RainDance|[upkeep]\n|upkeep\n|turn|3\n|inactive|Domino17 has 30 seconds left.\n|inactive|Domino17 has 20 seconds left.\n|inactive|Colintick662 has 30 seconds left.\n|inactive|Domino17 has 15 seconds left.\n|inactive|Domino17 has 10 seconds left.\n|\n|t:|1776210236\n|move|p2b: Whimsicott|Moonblast|p1a: Pelipper\n|-damage|p1a: Pelipper|52/100\n|move|p2a: Glimmora|Sludge Bomb|p1b: Basculegion\n|-resisted|p1b: Basculegion|1\n|-damage|p1b: Basculegion|48/100\n|-status|p1b: Basculegion|psn\n|move|p1b: Basculegion|Flip Turn|p2b: Whimsicott\n|-resisted|p2b: Whimsicott|1\n|-damage|p2b: Whimsicott|0 fnt\n|faint|p2b: Whimsicott\n|\n|t:|1776210246\n|switch|p1b: Floette|Floette-Eternal, L50, F|100/100|[from] Flip Turn\n|move|p1a: Pelipper|Weather Ball|p2a: Glimmora\n|-supereffective|p2a: Glimmora|1\n|-damage|p2a: Glimmora|0 fnt\n|faint|p2a: Glimmora\n|\n|-weather|RainDance|[upkeep]\n|upkeep\n|\n|t:|1776210255\n|switch|p2b: Ninetales|Ninetales-Alola, L50, F|100/100\n|switch|p2a: Milotic|Milotic, L50, F|100/100\n|-weather|Snowscape|[from] ability: Snow Warning|[of] p2b: Ninetales\n|turn|4\n|\n|t:|1776210272\n|detailschange|p1b: Floette|Floette-Mega, L50, F\n|-mega|p1b: Floette|Floette|Floettite\n|-ability|p1b: Floette|Fairy Aura\n|move|p1a: Pelipper|Wide Guard|p1a: Pelipper\n|-singleturn|p1a: Pelipper|Wide Guard\n|move|p2b: Ninetales|Aurora Veil|p2b: Ninetales\n|-sidestart|p2: Domino17|move: Aurora Veil\n|move|p2a: Milotic|Icy Wind|p1b: Floette|[spread] \n|-activate|p1a: Pelipper|move: Wide Guard\n|-activate|p1b: Floette|move: Wide Guard\n|move|p1b: Floette|Light of Ruin|p2b: Ninetales\n|-damage|p2b: Ninetales|0 fnt\n|faint|p2b: Ninetales\n|-damage|p1b: Floette|51/100|[from] Recoil\n|\n|-weather|Snowscape|[upkeep]\n|upkeep\n|turn|5\n|-message|Domino17 forfeited.\n|\n|win|Colintick662\n|raw|Colintick662's rating: 1268 &rarr; <strong>1291</strong><br />(+23 for winning)\n|raw|Domino17's rating: 1243 &rarr; <strong>1220</strong><br />(-23 for losing)\n|l|\u2606Domino17\n|player|p2|\n|c|\u2606Colintick662|Gg\n",
  "uploadtime": 1776210301,
  "views": 47,
  "formatid": "gen9championsvgc2026regma",
  "rating": 1220,
  "private": 0,
  "password": null
}