{
  "id": "gen9championsvgc2026regma-2584992521",
  "format": "[Gen 9 Champions] VGC 2026 Reg M-A",
  "players": [
    "Iceisnice_44",
    "vinifuji"
  ],
  "log": "|j|\u2606Iceisnice_44\n|j|\u2606vinifuji\n|t:|1776301375\n|gametype|doubles\n|player|p1|Iceisnice_44|169|1112\n|player|p2|vinifuji|102|1125\n|gen|9\n|tier|[Gen 9 Champions] VGC 2026 Reg M-A\n|rated|\n|rule|Species Clause: Limit one of each Pok\u00e9mon\n|rule|Item Clause: Limit 1 of each item\n|clearpoke\n|poke|p1|Gengar, L50, F|\n|poke|p1|Politoed, L50, F|\n|poke|p1|Incineroar, L50, M|\n|poke|p1|Archaludon, L50, M|\n|poke|p1|Dragonite, L50, F|\n|poke|p1|Basculegion, L50, M|\n|poke|p2|Meganium, L50, F|\n|poke|p2|Incineroar, L50, M|\n|poke|p2|Whimsicott, L50, M|\n|poke|p2|Farigiraf, L50, F|\n|poke|p2|Chandelure, L50, F|\n|poke|p2|Goodra-Hisui, L50, F|\n|teampreview|4\nIceisnice_44 rejected open team sheets.\n|\n|t:|1776301438\n|teamsize|p1|4\n|teamsize|p2|4\n|start\n|switch|p1a: Politoed|Politoed, L50, F|100/100\n|switch|p1b: Archaludon|Archaludon, L50, M|100/100\n|switch|p2a: Farigiraf|Farigiraf, L50, F|100/100\n|switch|p2b: Incineroar|Incineroar, L50, M|100/100\n|-weather|RainDance|[from] ability: Drizzle|[of] p1a: Politoed\n|-ability|p2b: Incineroar|Intimidate|boost\n|-unboost|p1a: Politoed|atk|1\n|-unboost|p1b: Archaludon|atk|1\n|turn|1\n|inactive|Battle timer is ON: inactive players will automatically lose when time's up. (requested by Iceisnice_44)\n|\n|t:|1776301454\n|move|p2b: Incineroar|Fake Out|p1b: Archaludon\n|-resisted|p1b: Archaludon|1\n|-damage|p1b: Archaludon|95/100\n|-ability|p1b: Archaludon|Stamina|boost\n|-boost|p1b: Archaludon|def|1\n|cant|p1b: Archaludon|flinch\n|move|p1a: Politoed|Weather Ball|p2a: Farigiraf\n|-damage|p2a: Farigiraf|44/100\n|move|p2a: Farigiraf|Trick Room|p2a: Farigiraf\n|-fieldstart|move: Trick Room|[of] p2a: Farigiraf\n|\n|-weather|RainDance|[upkeep]\n|-heal|p1b: Archaludon|100/100|[from] item: Leftovers\n|upkeep\n|turn|2\n|\n|t:|1776301475\n|move|p2b: Incineroar|Parting Shot|p1b: Archaludon\n|-unboost|p1b: Archaludon|atk|1\n|-unboost|p1b: Archaludon|spa|1\n|\n|t:|1776301480\n|switch|p2b: Goodra|Goodra-Hisui, L50, F|100/100|[from] Parting Shot\n|move|p2a: Farigiraf|Hyper Voice|p1a: Politoed|[spread] p1a,p1b\n|-resisted|p1b: Archaludon|1\n|-damage|p1a: Politoed|70/100\n|-damage|p1b: Archaludon|80/100\n|-ability|p1b: Archaludon|Stamina|boost\n|-boost|p1b: Archaludon|def|1\n|move|p1a: Politoed|Weather Ball|p2a: Farigiraf\n|-damage|p2a: Farigiraf|0 fnt\n|faint|p2a: Farigiraf\n|move|p1b: Archaludon|Electro Shot||[still]\n|-prepare|p1b: Archaludon|Electro Shot\n|-boost|p1b: Archaludon|spa|1\n|-anim|p1b: Archaludon|Electro Shot|p2b: Goodra\n|-resisted|p2b: Goodra|1\n|-damage|p2b: Goodra|83/100\n|\n|-weather|RainDance|[upkeep]\n|-heal|p2b: Goodra|89/100|[from] item: Leftovers\n|-heal|p1b: Archaludon|86/100|[from] item: Leftovers\n|upkeep\n|\n|t:|1776301500\n|switch|p2a: Incineroar|Incineroar, L50, M|100/100\n|-ability|p2a: Incineroar|Intimidate|boost\n|-unboost|p1a: Politoed|atk|1\n|-unboost|p1b: Archaludon|atk|1\n|turn|3\n|\n|t:|1776301507\n|move|p1b: Archaludon|Protect|p1b: Archaludon\n|-singleturn|p1b: Archaludon|Protect\n|move|p2a: Incineroar|Fake Out|p1b: Archaludon\n|-activate|p1b: Archaludon|move: Protect\n|move|p2b: Goodra|Thunder|p1a: Politoed\n|-supereffective|p1a: Politoed|1\n|-damage|p1a: Politoed|21/100\n|move|p1a: Politoed|Perish Song|p1a: Politoed\n|-start|p1a: Politoed|perish3|[silent]\n|-start|p1b: Archaludon|perish3|[silent]\n|-start|p2a: Incineroar|perish3|[silent]\n|-start|p2b: Goodra|perish3|[silent]\n|-fieldactivate|move: Perish Song\n|\n|-weather|RainDance|[upkeep]\n|-heal|p2b: Goodra|95/100|[from] item: Leftovers\n|-heal|p1b: Archaludon|92/100|[from] item: Leftovers\n|-start|p2a: Incineroar|perish3\n|-start|p2b: Goodra|perish3\n|-start|p1a: Politoed|perish3\n|-start|p1b: Archaludon|perish3\n|upkeep\n|turn|4\n|inactive|vinifuji has 30 seconds left.\n|inactive|vinifuji has 20 seconds left.\n|\n|t:|1776301543\n|switch|p2b: Meganium|Meganium, L50, F|100/100\n|switch|p1a: Incineroar|Incineroar, L50, M|100/100\n|-ability|p1a: Incineroar|Intimidate|boost\n|-unboost|p2a: Incineroar|atk|1\n|-unboost|p2b: Meganium|atk|1\n|move|p2a: Incineroar|Parting Shot|p1b: Archaludon\n|-unboost|p1b: Archaludon|atk|1\n|-unboost|p1b: Archaludon|spa|1\n|\n|t:|1776301556\n|switch|p2a: Goodra|Goodra-Hisui, L50, F|95/100|[from] Parting Shot\n|move|p1b: Archaludon|Electro Shot||[still]\n|-prepare|p1b: Archaludon|Electro Shot\n|-boost|p1b: Archaludon|spa|1\n|-anim|p1b: Archaludon|Electro Shot|p2a: Goodra\n|-resisted|p2a: Goodra|1\n|-damage|p2a: Goodra|79/100\n|\n|-weather|RainDance|[upkeep]\n|-heal|p2a: Goodra|85/100|[from] item: Leftovers\n|-heal|p1b: Archaludon|98/100|[from] item: Leftovers\n|-start|p1b: Archaludon|perish2\n|upkeep\n|turn|5\n|\n|t:|1776301581\n|move|p1a: Incineroar|Fake Out|p2b: Meganium\n|-damage|p2b: Meganium|88/100\n|move|p2a: Goodra|Draco Meteor|p1b: Archaludon\n|-damage|p1b: Archaludon|37/100\n|-unboost|p2a: Goodra|spa|2\n|-ability|p1b: Archaludon|Stamina|boost\n|-boost|p1b: Archaludon|def|1\n|cant|p2b: Meganium|flinch\n|move|p1b: Archaludon|Draco Meteor|p2a: Goodra|[miss]\n|-miss|p1b: Archaludon|p2a: Goodra\n|\n|-weather|none\n|-heal|p2a: Goodra|91/100|[from] item: Leftovers\n|-heal|p1b: Archaludon|43/100|[from] item: Leftovers\n|-start|p1b: Archaludon|perish1\n|-fieldend|move: Trick Room\n|upkeep\n|turn|6\n|inactive|vinifuji has 30 seconds left.\n|inactive|vinifuji has 20 seconds left.\n|inactive|vinifuji has 15 seconds left.\n|\n|t:|1776301623\n|switch|p1b: Politoed|Politoed, L50, F|21/100\n|-weather|RainDance|[from] ability: Drizzle|[of] p1b: Politoed\n|switch|p2a: Incineroar|Incineroar, L50, M|100/100\n|-ability|p2a: Incineroar|Intimidate|boost\n|-unboost|p1a: Incineroar|atk|1\n|-unboost|p1b: Politoed|atk|1\n|detailschange|p2b: Meganium|Meganium-Mega, L50, F\n|-mega|p2b: Meganium|Meganium|Meganiumite\n|move|p2b: Meganium|Protect|p2b: Meganium\n|-singleturn|p2b: Meganium|Protect\n|move|p1a: Incineroar|Flare Blitz|p2b: Meganium\n|-activate|p2b: Meganium|move: Protect\n|\n|-weather|RainDance|[upkeep]\n|upkeep\n|turn|7\n|inactive|Iceisnice_44 has 30 seconds left.\n|\n|t:|1776301650\n|move|p2a: Incineroar|Fake Out|p1a: Incineroar\n|-damage|p1a: Incineroar|87/100\n|move|p2b: Meganium|Dazzling Gleam|p1a: Incineroar|[spread] p1a,p1b\n|-damage|p1a: Incineroar|57/100\n|-damage|p1b: Politoed|0 fnt\n|faint|p1b: Politoed\n|cant|p1a: Incineroar|flinch\n|\n|-weather|RainDance|[upkeep]\n|upkeep\n|\n|t:|1776301661\n|switch|p1b: Gengar|Gengar, L50, F|100/100\n|turn|8\n|inactive|vinifuji has 30 seconds left.\n|\n|t:|1776301690\n|switch|p2b: Goodra|Goodra-Hisui, L50, F|91/100\n|detailschange|p1b: Gengar|Gengar-Mega, L50, F\n|-mega|p1b: Gengar|Gengar|Gengarite\n|move|p1b: Gengar|Protect|p1b: Gengar\n|-singleturn|p1b: Gengar|Protect\n|move|p2a: Incineroar|Flare Blitz|p1b: Gengar\n|-activate|p1b: Gengar|move: Protect\n|move|p1a: Incineroar|Flare Blitz|p2b: Goodra\n|-damage|p2b: Goodra|72/100\n|-ability|p2b: Goodra|Gooey\n|-unboost|p1a: Incineroar|spe|1\n|-damage|p1a: Incineroar|52/100|[from] Recoil\n|\n|-weather|RainDance|[upkeep]\n|-heal|p2b: Goodra|78/100|[from] item: Leftovers\n|upkeep\n|turn|9\n|inactive|Iceisnice_44 has 30 seconds left.\n|inactive|vinifuji has 30 seconds left.\n|\n|t:|1776301723\n|switch|p1b: Archaludon|Archaludon, L50, M|43/100\n|move|p2b: Goodra|Thunder|p1b: Archaludon\n|-resisted|p1b: Archaludon|1\n|-damage|p1b: Archaludon|27/100\n|-ability|p1b: Archaludon|Stamina|boost\n|-boost|p1b: Archaludon|def|1\n|move|p2a: Incineroar|Parting Shot|p1a: Incineroar\n|-unboost|p1a: Incineroar|atk|1\n|-unboost|p1a: Incineroar|spa|1\n|\n|t:|1776301733\n|switch|p2a: Meganium|Meganium-Mega, L50, F|88/100|[from] Parting Shot\n|move|p1a: Incineroar|Parting Shot|p2b: Goodra\n|-unboost|p2b: Goodra|atk|1\n|-unboost|p2b: Goodra|spa|1\n|\n|t:|1776301741\n|switch|p1a: Gengar|Gengar-Mega, L50, F|100/100|[from] Parting Shot\n|\n|-weather|RainDance|[upkeep]\n|-heal|p1b: Archaludon|33/100|[from] item: Leftovers\n|-heal|p2b: Goodra|83/100|[from] item: Leftovers\n|upkeep\n|turn|10\n|inactive|vinifuji has 30 seconds left.\n|inactive|vinifuji has 20 seconds left.\n|inactive|vinifuji has 15 seconds left.\n|inactive|vinifuji has 10 seconds left.\n|inactive|vinifuji has 5 seconds left.\n|\n|t:|1776301793\n|move|p1b: Archaludon|Protect|p1b: Archaludon\n|-singleturn|p1b: Archaludon|Protect\n|move|p1a: Gengar|Perish Song|p1a: Gengar\n|-start|p1a: Gengar|perish3|[silent]\n|-start|p1b: Archaludon|perish3|[silent]\n|-start|p2a: Meganium|perish3|[silent]\n|-start|p2b: Goodra|perish3|[silent]\n|-fieldactivate|move: Perish Song\n|move|p2a: Meganium|Dazzling Gleam|p1a: Gengar|[spread] p1a\n|-activate|p1b: Archaludon|move: Protect\n|-resisted|p1a: Gengar|1\n|-damage|p1a: Gengar|77/100\n|move|p2b: Goodra|Draco Meteor|p1a: Gengar\n|-damage|p1a: Gengar|28/100\n|-unboost|p2b: Goodra|spa|2\n|\n|-weather|none\n|-heal|p1b: Archaludon|39/100|[from] item: Leftovers\n|-heal|p2b: Goodra|89/100|[from] item: Leftovers\n|-start|p1a: Gengar|perish3\n|-start|p1b: Archaludon|perish3\n|-start|p2a: Meganium|perish3\n|-start|p2b: Goodra|perish3\n|upkeep\n|turn|11\n|\n|t:|1776301815\n|switch|p1a: Incineroar|Incineroar, L50, M|52/100\n|-ability|p1a: Incineroar|Intimidate|boost\n|-unboost|p2a: Meganium|atk|1\n|-unboost|p2b: Goodra|atk|1\n|move|p1b: Archaludon|Flash Cannon|p2a: Meganium\n|-supereffective|p2a: Meganium|1\n|-damage|p2a: Meganium|26/100\n|move|p2a: Meganium|Dazzling Gleam|p1a: Incineroar|[spread] p1a,p1b\n|-damage|p1a: Incineroar|25/100\n|-damage|p1b: Archaludon|5/100\n|-ability|p1b: Archaludon|Stamina|boost\n|-boost|p1b: Archaludon|def|1\n|-enditem|p1a: Incineroar|Sitrus Berry|[eat]\n|-heal|p1a: Incineroar|50/100|[from] item: Sitrus Berry\n|move|p2b: Goodra|Draco Meteor|p1b: Archaludon\n|-damage|p1b: Archaludon|0 fnt\n|-unboost|p2b: Goodra|spa|2\n|faint|p1b: Archaludon\n|\n|-heal|p2b: Goodra|95/100|[from] item: Leftovers\n|-start|p2a: Meganium|perish2\n|-start|p2b: Goodra|perish2\n|upkeep\n|\n|t:|1776301835\n|switch|p1b: Gengar|Gengar-Mega, L50, F|28/100\n|turn|12\n|\n|t:|1776301853\n|move|p1a: Incineroar|Fake Out|p2b: Goodra\n|-resisted|p2b: Goodra|1\n|-damage|p2b: Goodra|88/100\n|-ability|p2b: Goodra|Gooey\n|-unboost|p1a: Incineroar|spe|1\n|move|p1b: Gengar|Sludge Bomb|p2a: Meganium\n|-supereffective|p2a: Meganium|2\n|-damage|p2a: Meganium|0 fnt\n|faint|p2a: Meganium\n|cant|p2b: Goodra|flinch\n|\n|-heal|p2b: Goodra|94/100|[from] item: Leftovers\n|-start|p2b: Goodra|perish1\n|upkeep\n|\n|t:|1776301864\n|switch|p2a: Incineroar|Incineroar, L50, M|100/100\n|-ability|p2a: Incineroar|Intimidate|boost\n|-unboost|p1a: Incineroar|atk|1\n|-unboost|p1b: Gengar|atk|1\n|turn|13\n|\n|t:|1776301879\n|move|p1b: Gengar|Protect|p1b: Gengar\n|-singleturn|p1b: Gengar|Protect\n|move|p1a: Incineroar|Protect|p1a: Incineroar\n|-singleturn|p1a: Incineroar|Protect\n|move|p2a: Incineroar|Fake Out|p1a: Incineroar\n|-activate|p1a: Incineroar|move: Protect\n|move|p2b: Goodra|Iron Head|p1a: Incineroar\n|-activate|p1a: Incineroar|move: Protect\n|\n|-heal|p2b: Goodra|99/100|[from] item: Leftovers\n|-start|p2b: Goodra|perish0\n|faint|p2b: Goodra\n|upkeep\n|turn|14\n|\n|t:|1776301895\n|move|p1b: Gengar|Sludge Bomb|p2a: Incineroar\n|-crit|p2a: Incineroar\n|-damage|p2a: Incineroar|36/100\n|-status|p2a: Incineroar|psn\n|-enditem|p2a: Incineroar|Sitrus Berry|[eat]\n|-heal|p2a: Incineroar|61/100 psn|[from] item: Sitrus Berry\n|move|p2a: Incineroar|Flare Blitz|p1b: Gengar\n|-damage|p1b: Gengar|0 fnt\n|faint|p1b: Gengar\n|-damage|p2a: Incineroar|53/100 psn|[from] Recoil\n|move|p1a: Incineroar|Parting Shot|p2a: Incineroar\n|-unboost|p2a: Incineroar|atk|1\n|-unboost|p2a: Incineroar|spa|1\n|\n|-damage|p2a: Incineroar|41/100 psn|[from] psn\n|upkeep\n|turn|15\n|\n|t:|1776301911\n|move|p1a: Incineroar|Protect|p1a: Incineroar\n|-singleturn|p1a: Incineroar|Protect\n|move|p2a: Incineroar|Flare Blitz|p1a: Incineroar\n|-activate|p1a: Incineroar|move: Protect\n|\n|-damage|p2a: Incineroar|28/100 psn|[from] psn\n|upkeep\n|turn|16\n|\n|t:|1776301921\n|move|p2a: Incineroar|Flare Blitz|p1a: Incineroar\n|-resisted|p1a: Incineroar|1\n|-damage|p1a: Incineroar|29/100\n|-damage|p2a: Incineroar|20/100 psn|[from] Recoil\n|move|p1a: Incineroar|Flare Blitz|p2a: Incineroar\n|-resisted|p2a: Incineroar|1\n|-damage|p2a: Incineroar|0 fnt\n|faint|p2a: Incineroar\n|-damage|p1a: Incineroar|23/100|[from] Recoil\n|\n|win|Iceisnice_44\n|raw|Iceisnice_44's rating: 1112 &rarr; <strong>1138</strong><br />(+26 for winning)\n|raw|vinifuji's rating: 1125 &rarr; <strong>1099</strong><br />(-26 for losing)\n|l|\u2606vinifuji\n|player|p2|\n|c|\u2606Iceisnice_44|gg\n",
  "uploadtime": 1776301937,
  "views": 31,
  "formatid": "gen9championsvgc2026regma",
  "rating": 1099,
  "private": 0,
  "password": null
}