{
  "id": "gen9championsvgc2026regma-2582355114",
  "format": "[Gen 9 Champions] VGC 2026 Reg M-A",
  "players": [
    "yarrp clarp",
    "tsukifrombilllie"
  ],
  "log": "|j|\u2606yarrp clarp\n|j|\u2606tsukifrombilllie\n|t:|1776085928\n|gametype|doubles\n|player|p1|yarrp clarp|266|1000\n|player|p2|tsukifrombilllie|lyra|1100\n|gen|9\n|tier|[Gen 9 Champions] VGC 2026 Reg M-A\n|rated|\n|rule|Species Clause: Limit one of each Pok\u00e9mon\n|rule|Item Clause: Limit 1 of each item\n|clearpoke\n|poke|p1|Incineroar, L50, M|\n|poke|p1|Chandelure, L50, M|\n|poke|p1|Torkoal, L50, F|\n|poke|p1|Venusaur, L50, F|\n|poke|p1|Sinistcha, L50|\n|poke|p1|Primarina, L50, F|\n|poke|p2|Charizard, L50, F|\n|poke|p2|Venusaur, L50, F|\n|poke|p2|Garchomp, L50, M|\n|poke|p2|Rotom-Wash, L50|\n|poke|p2|Sneasler, L50, M|\n|poke|p2|Incineroar, L50, M|\n|teampreview|4\n|\n|t:|1776085953\n|teamsize|p1|4\n|teamsize|p2|4\n|start\n|switch|p1a: Chandelure|Chandelure, L50, M|100/100\n|switch|p1b: Sinistcha|Sinistcha, L50|100/100\n|switch|p2a: Sneasler|Sneasler, L50, M|100/100\n|switch|p2b: Rotom|Rotom-Wash, L50|100/100\n|turn|1\n|\n|t:|1776085975\n|switch|p1b: Torkoal|Torkoal, L50, F|100/100\n|-weather|SunnyDay|[from] ability: Drought|[of] p1b: Torkoal\n|detailschange|p1a: Chandelure|Chandelure-Mega, L50, M\n|-mega|p1a: Chandelure|Chandelure|Chandelurite\n|move|p2a: Sneasler|Dire Claw|p1b: Torkoal\n|-damage|p1b: Torkoal|68/100\n|-status|p1b: Torkoal|psn\n|move|p1a: Chandelure|Solar Beam||[still]\n|-prepare|p1a: Chandelure|Solar Beam\n|-anim|p1a: Chandelure|Solar Beam|p2b: Rotom\n|-supereffective|p2b: Rotom|1\n|-damage|p2b: Rotom|0 fnt\n|faint|p2b: Rotom\n|\n|-weather|SunnyDay|[upkeep]\n|-damage|p1b: Torkoal|55/100 psn|[from] psn\n|upkeep\n|\n|t:|1776085995\n|switch|p2b: Charizard|Charizard, L50, F, shiny|100/100\n|turn|2\n|\n|t:|1776086014\n|detailschange|p2b: Charizard|Charizard-Mega-Y, L50, F, shiny\n|-mega|p2b: Charizard|Charizard|Charizardite Y\n|move|p2a: Sneasler|Rock Tomb|p1a: Chandelure\n|-supereffective|p1a: Chandelure|1\n|-crit|p1a: Chandelure\n|-damage|p1a: Chandelure|29/100\n|-unboost|p1a: Chandelure|spe|1\n|move|p2b: Charizard|Weather Ball|p1a: Chandelure\n|-resisted|p1a: Chandelure|1\n|-damage|p1a: Chandelure|0 fnt\n|faint|p1a: Chandelure\n|move|p1b: Torkoal|Eruption|p2b: Charizard|[spread] p2a,p2b\n|-resisted|p2b: Charizard|1\n|-damage|p2a: Sneasler|41/100\n|-damage|p2b: Charizard|76/100\n|\n|-weather|SunnyDay|[upkeep]\n|-damage|p1b: Torkoal|43/100 psn|[from] psn\n|upkeep\n|\n|t:|1776086032\n|switch|p1a: Sinistcha|Sinistcha, L50|100/100\n|-heal|p1b: Torkoal|68/100 psn|[from] ability: Hospitality|[of] p1a: Sinistcha\n|turn|3\n|\n|t:|1776086043\n|move|p1a: Sinistcha|Rage Powder|p1a: Sinistcha\n|-singleturn|p1a: Sinistcha|move: Rage Powder\n|move|p2a: Sneasler|Rock Tomb|p1a: Sinistcha\n|-damage|p1a: Sinistcha|86/100\n|-unboost|p1a: Sinistcha|spe|1\n|move|p2b: Charizard|Weather Ball|p1a: Sinistcha\n|-supereffective|p1a: Sinistcha|1\n|-damage|p1a: Sinistcha|0 fnt\n|faint|p1a: Sinistcha\n|move|p1b: Torkoal|Eruption|p2a: Sneasler|[spread] p2a,p2b\n|-resisted|p2b: Charizard|1\n|-damage|p2a: Sneasler|0 fnt\n|-damage|p2b: Charizard|49/100\n|faint|p2a: Sneasler\n|\n|-weather|SunnyDay|[upkeep]\n|-damage|p1b: Torkoal|55/100 psn|[from] psn\n|upkeep\n|\n|t:|1776086059\n|switch|p2a: Venusaur|Venusaur, L50, F|100/100\n|switch|p1a: Venusaur|Venusaur, L50, F|100/100\n|turn|4\n|\n|t:|1776086077\n|move|p1a: Venusaur|Protect|p1a: Venusaur\n|-singleturn|p1a: Venusaur|Protect\n|move|p2b: Charizard|Protect|p2b: Charizard\n|-singleturn|p2b: Charizard|Protect\n|move|p2a: Venusaur|Sludge Bomb|p1b: Torkoal\n|-damage|p1b: Torkoal|3/100 psn\n|move|p1b: Torkoal|Heat Wave|p2b: Charizard|[spread] p2a\n|-activate|p2b: Charizard|move: Protect\n|-supereffective|p2a: Venusaur|1\n|-enditem|p2a: Venusaur|Focus Sash\n|-damage|p2a: Venusaur|1/100\n|\n|-weather|SunnyDay|[upkeep]\n|-damage|p1b: Torkoal|0 fnt|[from] psn\n|faint|p1b: Torkoal\n|upkeep\n|turn|5\n|\n|t:|1776086096\n|move|p2a: Venusaur|Sludge Bomb|p1a: Venusaur\n|-damage|p1a: Venusaur|50/100\n|move|p1a: Venusaur|Sludge Bomb|p2b: Charizard\n|-damage|p2b: Charizard|4/100\n|-status|p2b: Charizard|psn\n|move|p2b: Charizard|Weather Ball|p1a: Venusaur\n|-supereffective|p1a: Venusaur|1\n|-damage|p1a: Venusaur|0 fnt\n|faint|p1a: Venusaur\n|\n|win|tsukifrombilllie\n|raw|yarrp clarp's rating: 1000 &rarr; <strong>1000</strong><br />(+0 for losing)\n|raw|tsukifrombilllie's rating: 1100 &rarr; <strong>1118</strong><br />(+18 for winning)\n|l|\u2606yarrp clarp\n|player|p1|\n",
  "uploadtime": 1776086107,
  "views": 30,
  "formatid": "gen9championsvgc2026regma",
  "rating": 1000,
  "private": 0,
  "password": null
}