{
  "id": "gen9championsvgc2026regma-2582116444",
  "format": "[Gen 9 Champions] VGC 2026 Reg M-A",
  "players": [
    "tokerr",
    "0ctober3rd"
  ],
  "log": "|j|\u2606tokerr\n|j|\u26060ctober3rd\n|t:|1776060000\n|gametype|doubles\n|player|p1|tokerr|petrel|1131\n|player|p2|0ctober3rd|fantina|1166\n|gen|9\n|tier|[Gen 9 Champions] VGC 2026 Reg M-A\n|rated|\n|rule|Species Clause: Limit one of each Pok\u00e9mon\n|rule|Item Clause: Limit 1 of each item\n|clearpoke\n|poke|p1|Froslass, L50, F|\n|poke|p1|Rotom-Frost, L50|\n|poke|p1|Garchomp, L50, F|\n|poke|p1|Incineroar, L50, F|\n|poke|p1|Gyarados, L50, F|\n|poke|p1|Sinistcha, L50|\n|poke|p2|Floette-Eternal, L50, F|\n|poke|p2|Incineroar, L50, M|\n|poke|p2|Basculegion, L50, M|\n|poke|p2|Clefable, L50, M|\n|poke|p2|Sinistcha-Masterpiece, L50|\n|poke|p2|Sneasler, L50, M|\n|teampreview|4\n|\n|t:|1776060030\n|teamsize|p1|4\n|teamsize|p2|4\n|start\n|switch|p1a: Incineroar|Incineroar, L50, F|100/100\n|switch|p1b: Gyarados|Gyarados, L50, F|100/100\n|switch|p2a: Qn. Floeterapaxern|Floette-Eternal, L50, F|100/100\n|switch|p2b: this crusty ass ho|Incineroar, L50, M|100/100\n|-ability|p2b: this crusty ass ho|Intimidate|boost\n|-unboost|p1a: Incineroar|atk|1\n|-unboost|p1b: Gyarados|atk|1\n|-ability|p1b: Gyarados|Intimidate|boost\n|-unboost|p2a: Qn. Floeterapaxern|atk|1\n|-unboost|p2b: this crusty ass ho|atk|1\n|-ability|p1a: Incineroar|Intimidate|boost\n|-unboost|p2a: Qn. Floeterapaxern|atk|1\n|-unboost|p2b: this crusty ass ho|atk|1\n|turn|1\n|\n|t:|1776060048\n|detailschange|p2a: Qn. Floeterapaxern|Floette-Mega, L50, F\n|-mega|p2a: Qn. Floeterapaxern|Floette|Floettite\n|-ability|p2a: Qn. Floeterapaxern|Fairy Aura\n|move|p2b: this crusty ass ho|Fake Out|p1a: Incineroar\n|-damage|p1a: Incineroar|97/100\n|cant|p1a: Incineroar|flinch\n|move|p2a: Qn. Floeterapaxern|Calm Mind|p2a: Qn. Floeterapaxern\n|-boost|p2a: Qn. Floeterapaxern|spa|1\n|-boost|p2a: Qn. Floeterapaxern|spd|1\n|move|p1b: Gyarados|Thunder Wave|p2a: Qn. Floeterapaxern\n|-status|p2a: Qn. Floeterapaxern|par\n|\n|upkeep\n|turn|2\n|\n|t:|1776060094\n|move|p2b: this crusty ass ho|Throat Chop|p1b: Gyarados\n|-damage|p1b: Gyarados|83/100\n|-start|p1b: Gyarados|Throat Chop|[silent]\n|cant|p1b: Gyarados|move: Throat Chop\n|move|p1a: Incineroar|Flare Blitz|p2a: Qn. Floeterapaxern\n|-damage|p2a: Qn. Floeterapaxern|76/100 par\n|-damage|p1a: Incineroar|89/100|[from] Recoil\n|move|p2a: Qn. Floeterapaxern|Calm Mind|p2a: Qn. Floeterapaxern\n|-boost|p2a: Qn. Floeterapaxern|spa|1\n|-boost|p2a: Qn. Floeterapaxern|spd|1\n|\n|upkeep\n|turn|3\n|\n|t:|1776060125\n|move|p2b: this crusty ass ho|Throat Chop|p1a: Incineroar\n|-resisted|p1a: Incineroar|1\n|-damage|p1a: Incineroar|83/100\n|-start|p1a: Incineroar|Throat Chop|[silent]\n|move|p1b: Gyarados|Waterfall|p2a: Qn. Floeterapaxern\n|-damage|p2a: Qn. Floeterapaxern|54/100 par\n|move|p1a: Incineroar|Flare Blitz|p2a: Qn. Floeterapaxern\n|-crit|p2a: Qn. Floeterapaxern\n|-damage|p2a: Qn. Floeterapaxern|1/100 par\n|-damage|p1a: Incineroar|67/100|[from] Recoil\n|move|p2a: Qn. Floeterapaxern|Moonblast|p1b: Gyarados\n|-damage|p1b: Gyarados|0 fnt\n|faint|p1b: Gyarados\n|\n|upkeep\n|\n|t:|1776060139\n|switch|p1b: Froslass|Froslass, L50, F, shiny|100/100\n|turn|4\n|c|\u26060ctober3rd|disgusting crit\n|\n|t:|1776060176\n|switch|p1a: Garchomp|Garchomp, L50, F|100/100\n|detailschange|p1b: Froslass|Froslass-Mega, L50, F, shiny\n|-mega|p1b: Froslass|Froslass|Froslassite\n|-weather|Snowscape|[from] ability: Snow Warning|[of] p1b: Froslass\n|move|p1b: Froslass|Blizzard|p2b: this crusty ass ho|[spread] p2a,p2b\n|-resisted|p2b: this crusty ass ho|1\n|-damage|p2a: Qn. Floeterapaxern|0 fnt\n|-damage|p2b: this crusty ass ho|78/100\n|faint|p2a: Qn. Floeterapaxern\n|move|p2b: this crusty ass ho|Parting Shot|p1b: Froslass\n|-unboost|p1b: Froslass|atk|1\n|-unboost|p1b: Froslass|spa|1\n|\n|t:|1776060190\n|switch|p2b: Palafin was ass|Basculegion, L50, M|100/100|[from] Parting Shot\n|\n|-weather|Snowscape|[upkeep]\n|upkeep\n|\n|t:|1776060191\n|switch|p2a: this crusty ass ho|Incineroar, L50, M|78/100\n|-ability|p2a: this crusty ass ho|Intimidate|boost\n|-unboost|p1a: Garchomp|atk|1\n|-unboost|p1b: Froslass|atk|1\n|turn|5\n|\n|t:|1776060233\n|switch|p1a: Incineroar|Incineroar, L50, F|67/100\n|-ability|p1a: Incineroar|Intimidate|boost\n|-unboost|p2a: this crusty ass ho|atk|1\n|-unboost|p2b: Palafin was ass|atk|1\n|move|p1b: Froslass|Protect|p1b: Froslass\n|-singleturn|p1b: Froslass|Protect\n|move|p2b: Palafin was ass|Last Respects|p1b: Froslass\n|-activate|p1b: Froslass|move: Protect\n|move|p2a: this crusty ass ho|Parting Shot|p1a: Incineroar\n|-unboost|p1a: Incineroar|atk|1\n|-unboost|p1a: Incineroar|spa|1\n|\n|t:|1776060243\n|switch|p2a: queens attendant|Clefable, L50, M|100/100|[from] Parting Shot\n|\n|-weather|Snowscape|[upkeep]\n|upkeep\n|turn|6\n|\n|t:|1776060270\n|switch|p2b: this crusty ass ho|Incineroar, L50, M|78/100\n|-ability|p2b: this crusty ass ho|Intimidate|boost\n|-unboost|p1a: Incineroar|atk|1\n|-unboost|p1b: Froslass|atk|1\n|move|p1b: Froslass|Aurora Veil|p1b: Froslass\n|-sidestart|p1: tokerr|move: Aurora Veil\n|move|p2a: queens attendant|Thunder Wave|p1b: Froslass|[miss]\n|-miss|p2a: queens attendant|p1b: Froslass\n|move|p1a: Incineroar|Parting Shot|p2b: this crusty ass ho\n|-unboost|p2b: this crusty ass ho|atk|1\n|-unboost|p2b: this crusty ass ho|spa|1\n|c|\u26060ctober3rd|good lord\n|\n|t:|1776060282\n|switch|p1a: Garchomp|Garchomp, L50, F|100/100|[from] Parting Shot\n|\n|-weather|Snowscape|[upkeep]\n|upkeep\n|turn|7\n|\n|t:|1776060299\n|switch|p1a: Incineroar|Incineroar, L50, F|67/100\n|-ability|p1a: Incineroar|Intimidate|boost\n|-unboost|p2a: queens attendant|atk|1\n|-unboost|p2b: this crusty ass ho|atk|1\n|switch|p2b: Palafin was ass|Basculegion, L50, M|100/100\n|move|p1b: Froslass|Blizzard|p2a: queens attendant|[spread] p2a,p2b\n|-resisted|p2b: Palafin was ass|1\n|-damage|p2a: queens attendant|70/100\n|-damage|p2b: Palafin was ass|84/100\n|move|p2a: queens attendant|Thunder Wave|p1b: Froslass\n|-status|p1b: Froslass|par\n|\n|-weather|Snowscape|[upkeep]\n|-heal|p2a: queens attendant|76/100|[from] item: Leftovers\n|upkeep\n|turn|8\n|\n|t:|1776060320\n|move|p2b: Palafin was ass|Last Respects|p1b: Froslass\n|-supereffective|p1b: Froslass|1\n|-damage|p1b: Froslass|15/100 par\n|cant|p1b: Froslass|par\n|move|p2a: queens attendant|Thunder Wave|p1a: Incineroar\n|-status|p1a: Incineroar|par\n|move|p1a: Incineroar|Darkest Lariat|p2b: Palafin was ass\n|-supereffective|p2b: Palafin was ass|1\n|-damage|p2b: Palafin was ass|0 fnt\n|faint|p2b: Palafin was ass\n|\n|-weather|none\n|-heal|p2a: queens attendant|82/100|[from] item: Leftovers\n|upkeep\n|\n|t:|1776060333\n|switch|p2b: this crusty ass ho|Incineroar, L50, M|78/100\n|-ability|p2b: this crusty ass ho|Intimidate|boost\n|-unboost|p1a: Incineroar|atk|1\n|-unboost|p1b: Froslass|atk|1\n|turn|9\n|\n|t:|1776060350\n|switch|p1b: Garchomp|Garchomp, L50, F|100/100\n|move|p2b: this crusty ass ho|Throat Chop|p1a: Incineroar\n|-resisted|p1a: Incineroar|1\n|-damage|p1a: Incineroar|60/100 par\n|-start|p1a: Incineroar|Throat Chop|[silent]\n|move|p2a: queens attendant|Moonblast|p1b: Garchomp\n|-supereffective|p1b: Garchomp|1\n|-damage|p1b: Garchomp|51/100\n|-unboost|p1b: Garchomp|spa|1\n|cant|p1a: Incineroar|move: Throat Chop\n|\n|-heal|p2a: queens attendant|88/100|[from] item: Leftovers\n|upkeep\n|turn|10\n|\n|t:|1776060375\n|switch|p1a: Froslass|Froslass-Mega, L50, F, shiny|15/100 par\n|-weather|Snowscape|[from] ability: Snow Warning|[of] p1a: Froslass\n|move|p1b: Garchomp|Earthquake|p2b: this crusty ass ho|[spread] p1a,p2a,p2b\n|-supereffective|p2b: this crusty ass ho|1\n|-damage|p1a: Froslass|0 fnt\n|-damage|p2a: queens attendant|43/100\n|-damage|p2b: this crusty ass ho|6/100\n|-enditem|p2b: this crusty ass ho|Sitrus Berry|[eat]\n|-heal|p2b: this crusty ass ho|31/100|[from] item: Sitrus Berry\n|faint|p1a: Froslass\n|move|p2b: this crusty ass ho|Throat Chop|p1b: Garchomp\n|-damage|p1b: Garchomp|28/100\n|-start|p1b: Garchomp|Throat Chop|[silent]\n|-damage|p2b: this crusty ass ho|19/100|[from] ability: Rough Skin|[of] p1b: Garchomp\n|move|p2a: queens attendant|Moonblast|p1b: Garchomp\n|-supereffective|p1b: Garchomp|1\n|-damage|p1b: Garchomp|0 fnt\n|faint|p1b: Garchomp\n|\n|-weather|Snowscape|[upkeep]\n|-heal|p2a: queens attendant|49/100|[from] item: Leftovers\n|-sideend|p1: tokerr|move: Aurora Veil\n|upkeep\n|\n|t:|1776060391\n|switch|p1b: Incineroar|Incineroar, L50, F|60/100 par\n|-ability|p1b: Incineroar|Intimidate|boost\n|-unboost|p2a: queens attendant|atk|1\n|-unboost|p2b: this crusty ass ho|atk|1\n|turn|11\n|\n|t:|1776060402\n|move|p2b: this crusty ass ho|Parting Shot|p1b: Incineroar\n|-unboost|p1b: Incineroar|atk|1\n|-unboost|p1b: Incineroar|spa|1\n|move|p2a: queens attendant|Moonblast|p1b: Incineroar\n|-damage|p1b: Incineroar|28/100 par\n|-enditem|p1b: Incineroar|Sitrus Berry|[eat]\n|-heal|p1b: Incineroar|53/100 par|[from] item: Sitrus Berry\n|move|p1b: Incineroar|Flare Blitz|p2a: queens attendant\n|-damage|p2a: queens attendant|0 fnt\n|faint|p2a: queens attendant\n|-damage|p1b: Incineroar|37/100 par|[from] Recoil\n|\n|-weather|Snowscape|[upkeep]\n|upkeep\n|turn|12\n|\n|t:|1776060421\n|move|p2b: this crusty ass ho|Throat Chop|p1b: Incineroar\n|-resisted|p1b: Incineroar|1\n|-damage|p1b: Incineroar|30/100 par\n|-start|p1b: Incineroar|Throat Chop|[silent]\n|move|p1b: Incineroar|Flare Blitz|p2b: this crusty ass ho\n|-resisted|p2b: this crusty ass ho|1\n|-damage|p2b: this crusty ass ho|4/100\n|-damage|p1b: Incineroar|25/100 par|[from] Recoil\n|\n|-weather|Snowscape|[upkeep]\n|upkeep\n|turn|13\n|\n|t:|1776060432\n|move|p2b: this crusty ass ho|Throat Chop|p1b: Incineroar\n|-resisted|p1b: Incineroar|1\n|-damage|p1b: Incineroar|18/100 par\n|move|p1b: Incineroar|Flare Blitz|p2b: this crusty ass ho\n|-resisted|p2b: this crusty ass ho|1\n|-damage|p2b: this crusty ass ho|0 fnt\n|faint|p2b: this crusty ass ho\n|-damage|p1b: Incineroar|17/100 par|[from] Recoil\n|\n|win|tokerr\n|raw|tokerr's rating: 1131 &rarr; <strong>1159</strong><br />(+28 for winning)\n|raw|0ctober3rd's rating: 1166 &rarr; <strong>1138</strong><br />(-28 for losing)\n|c|\u26060ctober3rd|haxxxx\n",
  "uploadtime": 1776060440,
  "views": 15,
  "formatid": "gen9championsvgc2026regma",
  "rating": 1138,
  "private": 0,
  "password": null
}