{
  "id": "gen9championsvgc2026regma-2585430106",
  "format": "[Gen 9 Champions] VGC 2026 Reg M-A",
  "players": [
    "chimechoo \u266b",
    "Snoowwy"
  ],
  "log": "|j|\u2606chimechoo \u266b\n|j|\u2606Snoowwy\n|html|<table width=\"100%\"><tr><td align=\"left\">chimechoo \u266b</td><td align=\"right\">Snoowwy</tr><tr><td align=\"left\"><i class=\"fa fa-circle\"></i> <i class=\"fa fa-circle-o\"></i> </td><td align=\"right\"><i class=\"fa fa-circle-o\"></i> <i class=\"fa fa-circle-o\"></i> </tr></table>\n|uhtml|bestof|<h2><strong>Game 2</strong> of <a href=\"/game-bestof3-gen9championsvgc2026regma-2585426573\">a best-of-3</a></h2>\n|t:|1776346750\n|gametype|doubles\n|player|p1|chimechoo \u266b|penny|\n|player|p2|Snoowwy|cynthia-gen4|\n|gen|9\n|tier|[Gen 9 Champions] VGC 2026 Reg M-A\n|rated|Tournament battle\n|rule|Species Clause: Limit one of each Pok\u00e9mon\n|rule|Item Clause: Limit 1 of each item\n|raw|<div class=\"infobox\"><details class=\"readmore\" open><summary><strong>2 custom rules:</strong></summary> Force Open Team Sheets, Best of = 3</details></div>\n|clearpoke\n|poke|p1|Gengar, L50, F|\n|poke|p1|Incineroar, L50, M|\n|poke|p1|Sinistcha, L50|\n|poke|p1|Kingambit, L50, M|\n|poke|p1|Kommo-o, L50, F|\n|poke|p1|Tyranitar, L50, M|\n|poke|p2|Froslass, L50, F|\n|poke|p2|Orthworm, L50, F|\n|poke|p2|Garchomp, L50, M|\n|poke|p2|Incineroar, L50, M|\n|poke|p2|Charizard, L50, M|\n|poke|p2|Rotom-Wash, L50|\n|teampreview|4\n|showteam|p1|Gengar||Gengarite|CursedBody|PerishSong,Protect,Substitute,ShadowBall|||F|||50|]Incineroar||ShucaBerry|Intimidate|PartingShot,ThroatChop,Protect,FakeOut|||M|||50|]Sinistcha||SitrusBerry|Hospitality|MatchaGotcha,RagePowder,LifeDew,Protect||||||50|]Kingambit||ChopleBerry|Defiant|SuckerPunch,IronHead,LowKick,Protect|||M|||50|]Kommo-o||Leftovers|Soundproof|ClangingScales,AuraSphere,ClangorousSoul,Protect|||F|||50|]Tyranitar||ChoiceScarf|SandStream|StoneEdge,RockSlide,IcePunch,LowKick|||M|||50|\n|showteam|p2|Froslass||Froslassite|SnowCloak|Blizzard,Protect,AuroraVeil,ShadowBall|||F|||50|]Orthworm||SitrusBerry|EarthEater|ShedTail,BodyPress,IronDefense,IronHead|||F|||50|]Garchomp||YacheBerry|RoughSkin|Earthquake,DragonClaw,RockSlide,Protect|||M|||50|]Incineroar||PasshoBerry|Intimidate|FakeOut,PartingShot,Taunt,FlareBlitz|||M|||50|]Charizard||CharizarditeY|Blaze|HeatWave,SolarBeam,WeatherBall,Protect|||M|||50|]Rotom-Wash||FocusSash|Levitate|HydroPump,Thunderbolt,WillOWisp,Protect||||||50|\n|j| carl we\n|j| jingehui\n|inactive|Battle timer is ON: inactive players will automatically lose when time's up. (requested by Snoowwy)\n|\n|t:|1776346773\n|teamsize|p1|4\n|teamsize|p2|4\n|start\n|switch|p1a: Kingambit|Kingambit, L50, M, shiny|100/100\n|switch|p1b: Incineroar|Incineroar, L50, M, shiny|100/100\n|switch|p2a: Incineroar|Incineroar, L50, M|100/100\n|switch|p2b: Charizard|Charizard, L50, M|100/100\n|-ability|p2a: Incineroar|Intimidate|boost\n|-unboost|p1a: Kingambit|atk|1\n|-ability|p1a: Kingambit|Defiant|boost\n|-boost|p1a: Kingambit|atk|2\n|-unboost|p1b: Incineroar|atk|1\n|-ability|p1b: Incineroar|Intimidate|boost\n|-unboost|p2a: Incineroar|atk|1\n|-unboost|p2b: Charizard|atk|1\n|turn|1\n|l| carl we\n|j| qmurda\n|\n|t:|1776346795\n|detailschange|p2b: Charizard|Charizard-Mega-Y, L50, M\n|-mega|p2b: Charizard|Charizard|Charizardite Y\n|-weather|SunnyDay|[from] ability: Drought|[of] p2b: Charizard\n|move|p2a: Incineroar|Fake Out|p1a: Kingambit\n|-resisted|p1a: Kingambit|1\n|-damage|p1a: Kingambit|98/100\n|move|p1b: Incineroar|Fake Out|p2a: Incineroar\n|-damage|p2a: Incineroar|94/100\n|cant|p1a: Kingambit|flinch\n|move|p2b: Charizard|Weather Ball|p1a: Kingambit\n|-supereffective|p1a: Kingambit|1\n|-damage|p1a: Kingambit|0 fnt\n|faint|p1a: Kingambit\n|\n|-weather|SunnyDay|[upkeep]\n|upkeep\n|\n|t:|1776346802\n|switch|p1a: Tyranitar|Tyranitar, L50, M|100/100\n|-weather|Sandstorm|[from] ability: Sand Stream|[of] p1a: Tyranitar\n|turn|2\n|\n|t:|1776346819\n|switch|p2b: Rotom|Rotom-Wash, L50|100/100\n|move|p1a: Tyranitar|Rock Slide|p2b: Rotom|[spread] p2a,p2b\n|-supereffective|p2a: Incineroar|1\n|-damage|p2a: Incineroar|36/100\n|-damage|p2b: Rotom|66/100\n|move|p2a: Incineroar|Parting Shot|p1a: Tyranitar\n|-unboost|p1a: Tyranitar|atk|1\n|-unboost|p1a: Tyranitar|spa|1\n|\n|t:|1776346822\n|switch|p2a: Garchomp|Garchomp, L50, M|100/100|[from] Parting Shot\n|move|p1b: Incineroar|Parting Shot|p2b: Rotom\n|-unboost|p2b: Rotom|atk|1\n|-unboost|p2b: Rotom|spa|1\n|\n|t:|1776346829\n|switch|p1b: Kommo-o|Kommo-o, L50, F|100/100|[from] Parting Shot\n|\n|-weather|Sandstorm|[upkeep]\n|-damage|p1b: Kommo-o|95/100|[from] Sandstorm\n|-damage|p2b: Rotom|60/100|[from] Sandstorm\n|-heal|p1b: Kommo-o|100/100|[from] item: Leftovers\n|upkeep\n|turn|3\n|\n|t:|1776346841\n|switch|p1a: Incineroar|Incineroar, L50, M, shiny|100/100\n|-ability|p1a: Incineroar|Intimidate|boost\n|-unboost|p2a: Garchomp|atk|1\n|-unboost|p2b: Rotom|atk|1\n|move|p1b: Kommo-o|Protect|p1b: Kommo-o\n|-singleturn|p1b: Kommo-o|Protect\n|move|p2a: Garchomp|Earthquake|p1a: Incineroar|[spread] p1a\n|-activate|p1b: Kommo-o|move: Protect\n|-immune|p2b: Rotom|[from] ability: Levitate\n|-supereffective|p1a: Incineroar|1\n|-enditem|p1a: Incineroar|Shuca Berry|[eat]\n|-enditem|p1a: Incineroar|Shuca Berry|[weaken]\n|-damage|p1a: Incineroar|78/100\n|move|p2b: Rotom|Will-O-Wisp|p1b: Kommo-o\n|-activate|p1b: Kommo-o|move: Protect\n|\n|-weather|Sandstorm|[upkeep]\n|-damage|p1b: Kommo-o|95/100|[from] Sandstorm\n|-damage|p2b: Rotom|55/100|[from] Sandstorm\n|-damage|p1a: Incineroar|72/100|[from] Sandstorm\n|-heal|p1b: Kommo-o|100/100|[from] item: Leftovers\n|upkeep\n|turn|4\n|\n|t:|1776346855\n|move|p2a: Garchomp|Protect|p2a: Garchomp\n|-singleturn|p2a: Garchomp|Protect\n|move|p2b: Rotom|Protect|p2b: Rotom\n|-singleturn|p2b: Rotom|Protect\n|move|p1a: Incineroar|Fake Out|p2a: Garchomp\n|-activate|p2a: Garchomp|move: Protect\n|move|p1b: Kommo-o|Clangorous Soul|p1b: Kommo-o\n|-boost|p1b: Kommo-o|atk|1\n|-boost|p1b: Kommo-o|def|1\n|-boost|p1b: Kommo-o|spa|1\n|-boost|p1b: Kommo-o|spd|1\n|-boost|p1b: Kommo-o|spe|1\n|-damage|p1b: Kommo-o|68/100\n|\n|-weather|Sandstorm|[upkeep]\n|-damage|p1b: Kommo-o|62/100|[from] Sandstorm\n|-damage|p2b: Rotom|49/100|[from] Sandstorm\n|-damage|p1a: Incineroar|66/100|[from] Sandstorm\n|-heal|p1b: Kommo-o|68/100|[from] item: Leftovers\n|upkeep\n|turn|5\n|\n|t:|1776346865\n|move|p1b: Kommo-o|Clanging Scales|p2b: Rotom|[spread] p2a,p2b\n|-supereffective|p2a: Garchomp|1\n|-damage|p2a: Garchomp|0 fnt\n|-damage|p2b: Rotom|0 fnt\n|faint|p2a: Garchomp\n|faint|p2b: Rotom\n|-unboost|p1b: Kommo-o|def|1\n|move|p1a: Incineroar|Throat Chop|p2: Garchomp|[notarget]\n|-fail|p1a: Incineroar\n|\n|-weather|Sandstorm|[upkeep]\n|-damage|p1b: Kommo-o|62/100|[from] Sandstorm\n|-damage|p1a: Incineroar|60/100|[from] Sandstorm\n|-heal|p1b: Kommo-o|68/100|[from] item: Leftovers\n|upkeep\n|\n|t:|1776346869\n|switch|p2a: Charizard|Charizard-Mega-Y, L50, M|100/100\n|switch|p2b: Incineroar|Incineroar, L50, M|36/100\n|-weather|SunnyDay|[from] ability: Drought|[of] p2a: Charizard\n|-ability|p2b: Incineroar|Intimidate|boost\n|-unboost|p1a: Incineroar|atk|1\n|-unboost|p1b: Kommo-o|atk|1\n|turn|6\n|c|\u2606chimechoo \u266b|gg\n|\n|t:|1776346891\n|switch|p1a: Tyranitar|Tyranitar, L50, M|100/100\n|-weather|Sandstorm|[from] ability: Sand Stream|[of] p1a: Tyranitar\n|move|p1b: Kommo-o|Protect|p1b: Kommo-o\n|-singleturn|p1b: Kommo-o|Protect\n|move|p2b: Incineroar|Fake Out|p1b: Kommo-o\n|-activate|p1b: Kommo-o|move: Protect\n|move|p2a: Charizard|Weather Ball|p1b: Kommo-o\n|-activate|p1b: Kommo-o|move: Protect\n|\n|-weather|Sandstorm|[upkeep]\n|-damage|p1b: Kommo-o|62/100|[from] Sandstorm\n|-damage|p2a: Charizard|95/100|[from] Sandstorm\n|-damage|p2b: Incineroar|30/100|[from] Sandstorm\n|-heal|p1b: Kommo-o|68/100|[from] item: Leftovers\n|upkeep\n|turn|7\n|inactive|Snoowwy has 30 seconds left.\n|j| VegitoSKBEST\n|-message|Snoowwy forfeited.\n|\n|win|chimechoo \u266b\n|l|\u2606Snoowwy\n|player|p2|\n|j|\u2606Snoowwy\n|player|p2|Snoowwy|cynthia-gen4|\n|l|\u2606Snoowwy\n|player|p2|\n|l| jingehui\n",
  "uploadtime": 1776346931,
  "views": 34,
  "formatid": "gen9championsvgc2026regma",
  "rating": null,
  "private": 0,
  "password": null
}