{
  "id": "gen9championsvgc2026regma-2582497871",
  "format": "[Gen 9 Champions] VGC 2026 Reg M-A",
  "players": [
    "lemonygo",
    "porygon-epilepz"
  ],
  "log": "|j|\u2606lemonygo\n|j|\u2606porygon-epilepz\n|t:|1776095501\n|gametype|doubles\n|player|p1|lemonygo|1|1171\n|player|p2|porygon-epilepz|hiker-gen4|1073\n|gen|9\n|tier|[Gen 9 Champions] VGC 2026 Reg M-A\n|rated|\n|rule|Species Clause: Limit one of each Pok\u00e9mon\n|rule|Item Clause: Limit 1 of each item\n|clearpoke\n|poke|p1|Starmie, L50|\n|poke|p1|Tyranitar, L50, M|\n|poke|p1|Garchomp, L50, M|\n|poke|p1|Rotom-Heat, L50|\n|poke|p1|Aegislash, L50, F|\n|poke|p1|Aerodactyl, L50, M|\n|poke|p2|Kommo-o, L50, M|\n|poke|p2|Incineroar, L50, F|\n|poke|p2|Glimmora, L50, F|\n|poke|p2|Sinistcha, L50|\n|poke|p2|Talonflame, L50, F|\n|poke|p2|Rotom-Wash, L50|\n|teampreview|4\n|\n|t:|1776095536\n|teamsize|p1|4\n|teamsize|p2|4\n|start\n|switch|p1a: Garchomp|Garchomp, L50, M|100/100\n|switch|p1b: Aerodactyl|Aerodactyl, L50, M|100/100\n|switch|p2a: Talonflame|Talonflame, L50, F|100/100\n|switch|p2b: Kommo-o|Kommo-o, L50, M|100/100\n|-ability|p1b: Aerodactyl|Unnerve\n|turn|1\n|\n|t:|1776095556\n|move|p1a: Garchomp|Protect|p1a: Garchomp\n|-singleturn|p1a: Garchomp|Protect\n|move|p2a: Talonflame|Tailwind|p2a: Talonflame\n|-sidestart|p2: porygon-epilepz|move: Tailwind\n|move|p2b: Kommo-o|Clangorous Soul|p2b: Kommo-o\n|-boost|p2b: Kommo-o|atk|1\n|-boost|p2b: Kommo-o|def|1\n|-boost|p2b: Kommo-o|spa|1\n|-boost|p2b: Kommo-o|spd|1\n|-boost|p2b: Kommo-o|spe|1\n|-damage|p2b: Kommo-o|68/100\n|move|p1b: Aerodactyl|Tailwind|p1b: Aerodactyl\n|-sidestart|p1: lemonygo|move: Tailwind\n|\n|-heal|p2b: Kommo-o|74/100|[from] item: Leftovers\n|upkeep\n|turn|2\n|\n|t:|1776095573\n|move|p2a: Talonflame|Dual Wingbeat|p1b: Aerodactyl\n|-resisted|p1b: Aerodactyl|1\n|-crit|p1b: Aerodactyl\n|-damage|p1b: Aerodactyl|83/100\n|-resisted|p1b: Aerodactyl|1\n|-damage|p1b: Aerodactyl|72/100\n|-hitcount|p1b: Aerodactyl|2\n|move|p1b: Aerodactyl|Rock Slide|p2b: Kommo-o|[spread] p2a,p2b\n|-supereffective|p2a: Talonflame|2\n|-resisted|p2b: Kommo-o|1\n|-enditem|p2a: Talonflame|Focus Sash\n|-damage|p2a: Talonflame|1/100\n|-damage|p2b: Kommo-o|67/100\n|move|p2b: Kommo-o|Clanging Scales|p1a: Garchomp|[spread] p1a,p1b\n|-supereffective|p1a: Garchomp|1\n|-damage|p1a: Garchomp|0 fnt\n|-damage|p1b: Aerodactyl|0 fnt\n|faint|p1a: Garchomp\n|faint|p1b: Aerodactyl\n|-unboost|p2b: Kommo-o|def|1\n|\n|-heal|p2b: Kommo-o|73/100|[from] item: Leftovers\n|upkeep\n|j| 1#MiraidonHater\n|\n|t:|1776095600\n|switch|p1b: Rotom|Rotom-Heat, L50|100/100\n|switch|p1a: Starmie|Starmie, L50|100/100\n|turn|3\n|\n|t:|1776095613\n|detailschange|p1a: Starmie|Starmie-Mega, L50\n|-mega|p1a: Starmie|Starmie|Starminite\n|move|p2b: Kommo-o|Protect|p2b: Kommo-o\n|-singleturn|p2b: Kommo-o|Protect\n|move|p2a: Talonflame|Dual Wingbeat|p1a: Starmie\n|-damage|p1a: Starmie|80/100\n|-damage|p1a: Starmie|60/100\n|-hitcount|p1a: Starmie|2\n|move|p1a: Starmie|Zen Headbutt|p2b: Kommo-o\n|-activate|p2b: Kommo-o|move: Protect\n|move|p1b: Rotom|Volt Switch|p2a: Talonflame\n|-supereffective|p2a: Talonflame|1\n|-damage|p2a: Talonflame|0 fnt\n|faint|p2a: Talonflame\n|\n|-heal|p2b: Kommo-o|79/100|[from] item: Leftovers\n|upkeep\n|l| 1#MiraidonHater\n|\n|t:|1776095631\n|switch|p2a: Sinistcha|Sinistcha, L50|100/100\n|-heal|p2b: Kommo-o|100/100|[from] ability: Hospitality|[of] p2a: Sinistcha\n|turn|4\n|\n|t:|1776095639\n|move|p2b: Kommo-o|Clanging Scales|p1b: Rotom|[spread] p1a,p1b\n|-damage|p1a: Starmie|0 fnt\n|-damage|p1b: Rotom|24/100\n|-enditem|p1b: Rotom|Sitrus Berry|[eat]\n|-heal|p1b: Rotom|49/100|[from] item: Sitrus Berry\n|faint|p1a: Starmie\n|-unboost|p2b: Kommo-o|def|1\n|move|p1b: Rotom|Overheat|p2a: Sinistcha|[miss]\n|-miss|p1b: Rotom|p2a: Sinistcha\n|move|p2a: Sinistcha|Matcha Gotcha|p1b: Rotom\n|-resisted|p1b: Rotom|1\n|-damage|p1b: Rotom|26/100\n|\n|-sideend|p2: porygon-epilepz|move: Tailwind\n|-sideend|p1: lemonygo|move: Tailwind\n|upkeep\n|turn|5\n|-message|lemonygo forfeited.\n|\n|win|porygon-epilepz\n|raw|lemonygo's rating: 1171 &rarr; <strong>1139</strong><br />(-32 for losing)\n|raw|porygon-epilepz's rating: 1073 &rarr; <strong>1110</strong><br />(+37 for winning)\n|l|\u2606lemonygo\n|player|p1|\n|l|\u2606porygon-epilepz\n|player|p2|\n|j|\u2606porygon-epilepz\n|player|p2|porygon-epilepz|hiker-gen4|\n",
  "uploadtime": 1776095504,
  "views": 20,
  "formatid": "gen9championsvgc2026regma",
  "rating": 1110,
  "private": 0,
  "password": null
}