{
  "id": "gen9championsvgc2026regma-2586809861",
  "format": "[Gen 9 Champions] VGC 2026 Reg M-A",
  "players": [
    "celaerity",
    "Chikitriskis"
  ],
  "log": "|j|\u2606celaerity\n|j|\u2606Chikitriskis\n|t:|1776461722\n|gametype|doubles\n|player|p1|celaerity|mars|\n|player|p2|Chikitriskis|canari|\n|gen|9\n|tier|[Gen 9 Champions] VGC 2026 Reg M-A\n|rated|Tournament battle\n|rule|Species Clause: Limit one of each Pok\u00e9mon\n|rule|Item Clause: Limit 1 of each item\n|raw|<div class=\"infobox\"><details class=\"readmore\" open><summary><strong>1 custom rule:</strong></summary> Force Open Team Sheets</details></div>\n|clearpoke\n|poke|p1|Tyranitar, L50, M|\n|poke|p1|Meganium, L50, M|\n|poke|p1|Basculegion, L50, M|\n|poke|p1|Garchomp, L50, M|\n|poke|p1|Sneasler, L50, M|\n|poke|p1|Aerodactyl, L50, F|\n|poke|p2|Floette-Eternal, L50, F|\n|poke|p2|Sneasler, L50, F|\n|poke|p2|Kingambit, L50, F|\n|poke|p2|Sinistcha, L50|\n|poke|p2|Basculegion, L50, M|\n|poke|p2|Aerodactyl, L50, F|\n|teampreview|4\n|showteam|p1|Tyranitar||Tyranitarite|SandStream|RockSlide,LowKick,KnockOff,Protect|||M|||50|]Meganium||Meganiumite|Overgrow|SolarBeam,DazzlingGleam,Protect,WeatherBall|||M|||50|]Basculegion||ChoiceScarf|Adaptability|LastRespects,FlipTurn,AquaJet,WaveCrash|||M|||50|]Garchomp||SoftSand|RoughSkin|ScaleShot,Earthquake,StompingTantrum,Protect|||M|||50|]Sneasler||WhiteHerb|Unburden|CloseCombat,DireClaw,FakeOut,Protect|||M|||50|]Aerodactyl||FocusSash|Unnerve|RockSlide,DualWingbeat,Tailwind,Protect|||F|||50|\n|showteam|p2|Floette-Eternal||Floettite|FlowerVeil|DrainingKiss,DazzlingGleam,CalmMind,Protect|||F|||50|]Sneasler||WhiteHerb|Unburden|DireClaw,CloseCombat,FakeOut,Protect|||F|||50|]Kingambit||BlackGlasses|Defiant|KowtowCleave,SuckerPunch,IronHead,Protect|||F|||50|]Sinistcha||SitrusBerry|Hospitality|MatchaGotcha,RagePowder,LifeDew,TrickRoom||||||50|]Basculegion||ChoiceScarf|Adaptability|LastRespects,WaveCrash,AquaJet,FlipTurn|||M|||50|]Aerodactyl||FocusSash|Unnerve|RockSlide,Tailwind,DualWingbeat,Protect|||F|||50|\n|inactive|Battle timer is ON: inactive players will automatically lose when time's up. (requested by Chikitriskis)\n|j| RomiiJ\n|c|\u2606Chikitriskis|hi! glhf :)\n|c|\u2606celaerity|you to\n|j| hesolk\n|inactive|celaerity has 60 seconds left.\n|j| OnToTheOther\n|inactive|celaerity has 30 seconds left.\n|\n|t:|1776461786\n|teamsize|p1|4\n|teamsize|p2|4\n|start\n|switch|p1a: Meganium|Meganium, L50, M|100/100\n|switch|p1b: Sneasler|Sneasler, L50, M|100/100\n|switch|p2a: Floette|Floette-Eternal, L50, F|100/100\n|switch|p2b: Sneasler|Sneasler, L50, F|100/100\n|turn|1\n|inactive|celaerity has 30 seconds left.\n|\n|t:|1776461813\n|switch|p1a: Basculegion|Basculegion, L50, M|100/100\n|detailschange|p2a: Floette|Floette-Mega, L50, F\n|-mega|p2a: Floette|Floette|Floettite\n|-ability|p2a: Floette|Fairy Aura\n|move|p2b: Sneasler|Fake Out|p1b: Sneasler\n|-damage|p1b: Sneasler|83/100\n|cant|p1b: Sneasler|flinch\n|move|p2a: Floette|Calm Mind|p2a: Floette\n|-boost|p2a: Floette|spa|1\n|-boost|p2a: Floette|spd|1\n|\n|upkeep\n|turn|2\n|\n|t:|1776461826\n|move|p2a: Floette|Protect|p2a: Floette\n|-singleturn|p2a: Floette|Protect\n|move|p1a: Basculegion|Last Respects|p2b: Sneasler\n|-damage|p2b: Sneasler|45/100\n|move|p2b: Sneasler|Close Combat|p1b: Sneasler\n|-resisted|p1b: Sneasler|1\n|-damage|p1b: Sneasler|46/100\n|-unboost|p2b: Sneasler|def|1\n|-unboost|p2b: Sneasler|spd|1\n|-enditem|p2b: Sneasler|White Herb\n|-clearnegativeboost|p2b: Sneasler|[silent]\n|move|p1b: Sneasler|Dire Claw|p2a: Floette\n|-activate|p2a: Floette|move: Protect\n|\n|upkeep\n|turn|3\n|c|\u2606celaerity|huh\n|c|\u2606celaerity|i clicked wave crash lol\n|c|\u2606Chikitriskis|lol\n|inactive|celaerity has 30 seconds left.\n|inactive|Chikitriskis has 30 seconds left.\n|\n|t:|1776461860\n|move|p2b: Sneasler|Close Combat|p1b: Sneasler\n|-resisted|p1b: Sneasler|1\n|-damage|p1b: Sneasler|7/100\n|-unboost|p2b: Sneasler|def|1\n|-unboost|p2b: Sneasler|spd|1\n|move|p1a: Basculegion|Last Respects|p2b: Sneasler\n|-damage|p2b: Sneasler|0 fnt\n|faint|p2b: Sneasler\n|move|p1b: Sneasler|Dire Claw|p2a: Floette\n|-supereffective|p2a: Floette|1\n|-damage|p2a: Floette|18/100\n|move|p2a: Floette|Draining Kiss|p1a: Basculegion\n|-damage|p1a: Basculegion|34/100\n|-heal|p2a: Floette|71/100|[from] drain|[of] p1a: Basculegion\n|\n|upkeep\n|\n|t:|1776461877\n|switch|p2b: Sinistcha|Sinistcha, L50|100/100\n|-heal|p2a: Floette|96/100|[from] ability: Hospitality|[of] p2b: Sinistcha\n|turn|4\n|c|\u2606celaerity|well thats awkward\n|c|\u2606Chikitriskis|yeah\n|inactive|celaerity has 30 seconds left.\n|\n|t:|1776461909\n|move|p1b: Sneasler|Protect|p1b: Sneasler\n|-singleturn|p1b: Sneasler|Protect\n|move|p2b: Sinistcha|Rage Powder|p2b: Sinistcha\n|-singleturn|p2b: Sinistcha|move: Rage Powder\n|move|p1a: Basculegion|Last Respects|p2b: Sinistcha\n|-supereffective|p2b: Sinistcha|1\n|-damage|p2b: Sinistcha|44/100\n|-enditem|p2b: Sinistcha|Sitrus Berry|[eat]\n|-heal|p2b: Sinistcha|69/100|[from] item: Sitrus Berry\n|move|p2a: Floette|Dazzling Gleam|p1a: Basculegion|[spread] p1a\n|-activate|p1b: Sneasler|move: Protect\n|-damage|p1a: Basculegion|0 fnt\n|faint|p1a: Basculegion\n|\n|upkeep\n|j| LiamJ VGC!\n|\n|t:|1776461921\n|switch|p1a: Meganium|Meganium, L50, M|100/100\n|turn|5\n|\n|t:|1776461925\n|switch|p1b: Aerodactyl|Aerodactyl, L50, F|100/100\n|-ability|p1b: Aerodactyl|Unnerve\n|detailschange|p1a: Meganium|Meganium-Mega, L50, M\n|-mega|p1a: Meganium|Meganium|Meganiumite\n|move|p2b: Sinistcha|Rage Powder|p2b: Sinistcha\n|-singleturn|p2b: Sinistcha|move: Rage Powder\n|move|p2a: Floette|Dazzling Gleam|p1a: Meganium|[spread] p1a,p1b\n|-damage|p1a: Meganium|42/100\n|-enditem|p1b: Aerodactyl|Focus Sash\n|-damage|p1b: Aerodactyl|1/100\n|move|p1a: Meganium|Weather Ball|p2b: Sinistcha\n|-supereffective|p2b: Sinistcha|1\n|-damage|p2b: Sinistcha|0 fnt\n|faint|p2b: Sinistcha\n|\n|upkeep\n|\n|t:|1776461932\n|switch|p2b: Basculegion|Basculegion, L50, M|100/100\n|turn|6\n|\n|t:|1776461942\n|move|p1a: Meganium|Protect|p1a: Meganium\n|-singleturn|p1a: Meganium|Protect\n|move|p2b: Basculegion|Last Respects|p1b: Aerodactyl\n|-damage|p1b: Aerodactyl|0 fnt\n|faint|p1b: Aerodactyl\n|move|p2a: Floette|Dazzling Gleam|p1a: Meganium\n|-activate|p1a: Meganium|move: Protect\n|\n|upkeep\n|c|\u2606celaerity|gg\n|c|\u2606Chikitriskis|ggs\n|-message|celaerity forfeited.\n|\n|win|Chikitriskis\n|n|\u2606celaerity|celaerity\n|n|\u2606Chikitriskis|chikitriskis\n|n| RomiiJ|romiij\n|n| hesolk|hesolk\n|n| OnToTheOther|ontotheother\n|n| LiamJ VGC!|liamjvgc\n",
  "uploadtime": 1776461952,
  "views": 19,
  "formatid": "gen9championsvgc2026regma",
  "rating": null,
  "private": 0,
  "password": null
}