{
  "id": "gen9championsvgc2026regma-2586150936",
  "format": "[Gen 9 Champions] VGC 2026 Reg M-A",
  "players": [
    "dothedew81",
    "JeanPierre693"
  ],
  "log": "|j|\u2606dothedew81\n|j|\u2606JeanPierre693\n|t:|1776405448\n|gametype|doubles\n|player|p1|dothedew81|steven|1042\n|player|p2|JeanPierre693|1|1055\n|gen|9\n|tier|[Gen 9 Champions] VGC 2026 Reg M-A\n|rated|\n|rule|Species Clause: Limit one of each Pok\u00e9mon\n|rule|Item Clause: Limit 1 of each item\n|clearpoke\n|poke|p1|Excadrill, L50, M|\n|poke|p1|Weavile, L50, M|\n|poke|p1|Milotic, L50, M|\n|poke|p1|Rotom-Mow, L50|\n|poke|p1|Talonflame, L50, M|\n|poke|p1|Hydreigon, L50, F|\n|poke|p2|Glaceon, L50, F|\n|poke|p2|Mamoswine, L50, M|\n|poke|p2|Milotic, L50, F|\n|poke|p2|Hatterene, L50, F|\n|poke|p2|Aurorus, L50, F|\n|poke|p2|Abomasnow, L50, F|\n|teampreview|4\n|inactive|Battle timer is ON: inactive players will automatically lose when time's up. (requested by JeanPierre693)\n|j| ipooki\n|j| rmpemeta\n|inactive|dothedew81 has 60 seconds left.\n|inactive|JeanPierre693 has 60 seconds left.\n|\n|t:|1776405500\n|teamsize|p1|4\n|teamsize|p2|4\n|start\n|switch|p1a: Excadrill|Excadrill, L50, M|100/100\n|switch|p1b: Talonflame|Talonflame, L50, M|100/100\n|switch|p2a: Coquette|Hatterene, L50, F, shiny|100/100\n|switch|p2b: Aurorus|Aurorus, L50, F, shiny|100/100\n|-ability|p1a: Excadrill|Mold Breaker\n|-weather|Snowscape|[from] ability: Snow Warning|[of] p2b: Aurorus\n|turn|1\n|\n|t:|1776405515\n|detailschange|p1a: Excadrill|Excadrill-Mega, L50, M\n|-mega|p1a: Excadrill|Excadrill|Excadrite\n|move|p1b: Talonflame|Tailwind|p1b: Talonflame\n|-sidestart|p1: dothedew81|move: Tailwind\n|move|p1a: Excadrill|High Horsepower|p2b: Aurorus\n|-supereffective|p2b: Aurorus|1\n|-damage|p2b: Aurorus|27/100\n|move|p2b: Aurorus|Aurora Veil|p2b: Aurorus\n|-sidestart|p2: JeanPierre693|move: Aurora Veil\n|move|p2a: Coquette|Trick Room|p2a: Coquette\n|-fieldstart|move: Trick Room|[of] p2a: Coquette\n|\n|-weather|Snowscape|[upkeep]\n|upkeep\n|turn|2\n|inactive|dothedew81 has 30 seconds left.\n|inactive|JeanPierre693 has 30 seconds left.\n|\n|t:|1776405544\n|move|p1b: Talonflame|Protect|p1b: Talonflame\n|-singleturn|p1b: Talonflame|Protect\n|move|p2a: Coquette|Heal Pulse|p2b: Aurorus\n|-heal|p2b: Aurorus|77/100\n|move|p2b: Aurorus|Blizzard|p1a: Excadrill|[spread] p1a\n|-activate|p1b: Talonflame|move: Protect\n|-damage|p1a: Excadrill|53/100\n|-status|p1a: Excadrill|frz\n|cant|p1a: Excadrill|frz\n|\n|-weather|Snowscape|[upkeep]\n|upkeep\n|turn|3\n|inactive|JeanPierre693 has 30 seconds left.\n|inactive|JeanPierre693 has 20 seconds left.\n|inactive|JeanPierre693 has 15 seconds left.\n|inactive|JeanPierre693 has 10 seconds left.\n|\n|t:|1776405593\n|switch|p2a: Mamadaswine|Mamoswine, L50, M|100/100\n|switch|p1b: Milotic|Milotic, L50, M, shiny|100/100\n|move|p2b: Aurorus|Blizzard|p1b: Milotic|[spread] p1a,p1b\n|-resisted|p1b: Milotic|1\n|-damage|p1a: Excadrill|4/100 frz\n|-damage|p1b: Milotic|89/100\n|cant|p1a: Excadrill|frz\n|\n|-weather|Snowscape|[upkeep]\n|upkeep\n|turn|4\n|\n|t:|1776405611\n|-curestatus|p1a: Excadrill|frz|[msg]\n|move|p1a: Excadrill|Protect|p1a: Excadrill\n|-singleturn|p1a: Excadrill|Protect\n|move|p2b: Aurorus|Blizzard|p1b: Milotic|[spread] p1b\n|-activate|p1a: Excadrill|move: Protect\n|-resisted|p1b: Milotic|1\n|-damage|p1b: Milotic|76/100\n|move|p2a: Mamadaswine|High Horsepower|p1b: Milotic\n|-damage|p1b: Milotic|18/100\n|-enditem|p1b: Milotic|Sitrus Berry|[eat]\n|-heal|p1b: Milotic|43/100|[from] item: Sitrus Berry\n|move|p1b: Milotic|Scald|p2a: Mamadaswine\n|-supereffective|p2a: Mamadaswine|1\n|-damage|p2a: Mamadaswine|50/100\n|-status|p2a: Mamadaswine|brn\n|\n|-weather|Snowscape|[upkeep]\n|-damage|p2a: Mamadaswine|44/100 brn|[from] brn\n|-sideend|p1: dothedew81|move: Tailwind\n|upkeep\n|turn|5\n|\n|t:|1776405634\n|switch|p2a: Mi Waifu|Glaceon, L50, F, shiny|100/100\n|move|p2b: Aurorus|Blizzard|p1a: Excadrill|[spread] p1a,p1b\n|-resisted|p1b: Milotic|1\n|-damage|p1a: Excadrill|0 fnt\n|-damage|p1b: Milotic|29/100\n|faint|p1a: Excadrill\n|move|p1b: Milotic|Recover|p1b: Milotic\n|-heal|p1b: Milotic|79/100\n|\n|-weather|none\n|-sideend|p2: JeanPierre693|move: Aurora Veil\n|-fieldend|move: Trick Room\n|upkeep\n|\n|t:|1776405642\n|switch|p1a: Talonflame|Talonflame, L50, M|100/100\n|turn|6\n|\n|t:|1776405656\n|switch|p2b: Coquette|Hatterene, L50, F, shiny|100/100\n|move|p2a: Mi Waifu|Protect|p2a: Mi Waifu\n|-singleturn|p2a: Mi Waifu|Protect\n|move|p1a: Talonflame|Tailwind|p1a: Talonflame\n|-sidestart|p1: dothedew81|move: Tailwind\n|move|p1b: Milotic|Scald|p2b: Coquette\n|-damage|p2b: Coquette|65/100\n|\n|upkeep\n|turn|7\n|\n|t:|1776405670\n|switch|p2a: Aurorus|Aurorus, L50, F, shiny|77/100\n|-weather|Snowscape|[from] ability: Snow Warning|[of] p2a: Aurorus\n|move|p1a: Talonflame|Acrobatics|p2b: Coquette\n|-damage|p2b: Coquette|21/100\n|-enditem|p2b: Coquette|Sitrus Berry|[eat]\n|-heal|p2b: Coquette|46/100|[from] item: Sitrus Berry\n|move|p1b: Milotic|Scald|p2b: Coquette\n|-damage|p2b: Coquette|12/100\n|move|p2b: Coquette|Trick Room|p2b: Coquette\n|-fieldstart|move: Trick Room|[of] p2b: Coquette\n|\n|-weather|Snowscape|[upkeep]\n|upkeep\n|turn|8\n|inactive|JeanPierre693 has 30 seconds left.\n|\n|t:|1776405696\n|switch|p2b: Mi Waifu|Glaceon, L50, F, shiny|100/100\n|move|p1a: Talonflame|Acrobatics|p2b: Mi Waifu\n|-crit|p2b: Mi Waifu\n|-damage|p2b: Mi Waifu|62/100\n|move|p2a: Aurorus|Aurora Veil|p2a: Aurorus\n|-sidestart|p2: JeanPierre693|move: Aurora Veil\n|move|p1b: Milotic|Scald|p2a: Aurorus\n|-supereffective|p2a: Aurorus|1\n|-damage|p2a: Aurorus|38/100\n|\n|-weather|Snowscape|[upkeep]\n|-heal|p2b: Mi Waifu|68/100|[from] ability: Ice Body\n|-heal|p2b: Mi Waifu|74/100|[from] item: Leftovers\n|upkeep\n|turn|9\n|inactive|dothedew81 has 30 seconds left.\n|inactive|dothedew81 has 20 seconds left.\n|inactive|dothedew81 has 15 seconds left.\n|\n|t:|1776405737\n|move|p2a: Aurorus|Ancient Power|p1a: Talonflame\n|-supereffective|p1a: Talonflame|2\n|-crit|p1a: Talonflame\n|-damage|p1a: Talonflame|0 fnt\n|faint|p1a: Talonflame\n|move|p2b: Mi Waifu|Freeze-Dry|p1b: Milotic\n|-supereffective|p1b: Milotic|1\n|-damage|p1b: Milotic|15/100\n|move|p1b: Milotic|Scald|p2a: Aurorus\n|-supereffective|p2a: Aurorus|1\n|-damage|p2a: Aurorus|3/100\n|\n|-weather|Snowscape|[upkeep]\n|-heal|p2b: Mi Waifu|80/100|[from] ability: Ice Body\n|-heal|p2b: Mi Waifu|85/100|[from] item: Leftovers\n|-sideend|p1: dothedew81|move: Tailwind\n|upkeep\n|\n|t:|1776405750\n|switch|p1a: Weavile|Weavile, L50, M|100/100\n|turn|10\n|inactive|JeanPierre693 has 30 seconds left.\n|\n|t:|1776405777\n|move|p2a: Aurorus|Protect|p2a: Aurorus\n|-singleturn|p2a: Aurorus|Protect\n|move|p1a: Weavile|Fake Out|p2b: Mi Waifu\n|-crit|p2b: Mi Waifu\n|-damage|p2b: Mi Waifu|71/100\n|cant|p2b: Mi Waifu|flinch\n|move|p1b: Milotic|Recover|p1b: Milotic\n|-heal|p1b: Milotic|65/100\n|\n|-weather|Snowscape|[upkeep]\n|-heal|p2b: Mi Waifu|77/100|[from] ability: Ice Body\n|-heal|p2b: Mi Waifu|83/100|[from] item: Leftovers\n|upkeep\n|turn|11\n|\n|t:|1776405792\n|move|p1b: Milotic|Protect|p1b: Milotic\n|-singleturn|p1b: Milotic|Protect\n|move|p2a: Aurorus|Ancient Power|p1a: Weavile\n|-supereffective|p1a: Weavile|1\n|-crit|p1a: Weavile\n|-enditem|p1a: Weavile|Focus Sash\n|-damage|p1a: Weavile|1/100\n|move|p2b: Mi Waifu|Freeze-Dry|p1b: Milotic\n|-activate|p1b: Milotic|move: Protect\n|move|p1a: Weavile|Knock Off|p2b: Mi Waifu\n|-damage|p2b: Mi Waifu|62/100\n|-enditem|p2b: Mi Waifu|Leftovers|[from] move: Knock Off|[of] p1a: Weavile\n|\n|-weather|none\n|-fieldend|move: Trick Room\n|upkeep\n|turn|12\n|inactive|JeanPierre693 has 30 seconds left.\n|\n|t:|1776405823\n|switch|p2a: Mamadaswine|Mamoswine, L50, M|44/100 brn\n|move|p2b: Mi Waifu|Protect|p2b: Mi Waifu\n|-singleturn|p2b: Mi Waifu|Protect\n|move|p1a: Weavile|Knock Off|p2a: Mamadaswine\n|-damage|p2a: Mamadaswine|12/100 brn\n|-enditem|p2a: Mamadaswine|Soft Sand|[from] move: Knock Off|[of] p1a: Weavile\n|move|p1b: Milotic|Scald|p2b: Mi Waifu\n|-activate|p2b: Mi Waifu|move: Protect\n|\n|-damage|p2a: Mamadaswine|6/100 brn|[from] brn\n|-sideend|p2: JeanPierre693|move: Aurora Veil\n|upkeep\n|turn|13\n|\n|t:|1776405837\n|move|p2a: Mamadaswine|Ice Shard|p1a: Weavile\n|-resisted|p1a: Weavile|1\n|-damage|p1a: Weavile|0 fnt\n|faint|p1a: Weavile\n|move|p1b: Milotic|Scald|p2b: Mi Waifu\n|-damage|p2b: Mi Waifu|26/100\n|move|p2b: Mi Waifu|Freeze-Dry|p1b: Milotic\n|-supereffective|p1b: Milotic|1\n|-damage|p1b: Milotic|6/100\n|\n|-damage|p2a: Mamadaswine|0 fnt|[from] brn\n|faint|p2a: Mamadaswine\n|upkeep\n|-message|dothedew81 forfeited.\n|\n|win|JeanPierre693\n|raw|dothedew81's rating: 1042 &rarr; <strong>1026</strong><br />(-16 for losing)\n|raw|JeanPierre693's rating: 1055 &rarr; <strong>1086</strong><br />(+31 for winning)\n|l|\u2606dothedew81\n|player|p1|\n|l| ipooki\n",
  "uploadtime": 1776405856,
  "views": 20,
  "formatid": "gen9championsvgc2026regma",
  "rating": 1026,
  "private": 0,
  "password": null
}