{
  "id": "gen9championsvgc2026regma-2584223547",
  "format": "[Gen 9 Champions] VGC 2026 Reg M-A",
  "players": [
    "wogusl",
    "miauser30"
  ],
  "log": "|j|\u2606wogusl\n|j|\u2606miauser30\n|t:|1776240157\n|gametype|doubles\n|player|p1|wogusl|rosa|1426\n|player|p2|miauser30|2|1326\n|gen|9\n|tier|[Gen 9 Champions] VGC 2026 Reg M-A\n|rated|\n|rule|Species Clause: Limit one of each Pok\u00e9mon\n|rule|Item Clause: Limit 1 of each item\n|clearpoke\n|poke|p1|Floette-Eternal, L50, F|\n|poke|p1|Talonflame, L50, F|\n|poke|p1|Garchomp, L50, F|\n|poke|p1|Sneasler, L50, F|\n|poke|p1|Rotom-Wash, L50|\n|poke|p1|Maushold-Four, L50|\n|poke|p2|Incineroar, L50, M|\n|poke|p2|Palafin, L50, M|\n|poke|p2|Gengar, L50, M|\n|poke|p2|Whimsicott, L50, M|\n|poke|p2|Kommo-o, L50, F|\n|poke|p2|Politoed, L50, M|\n|teampreview|4\nmiauser30 has agreed to open team sheets.\n|\n|t:|1776240191\n|teamsize|p1|4\n|teamsize|p2|4\n|start\n|switch|p1a: Garchomp|Garchomp, L50, F, shiny|100/100\n|switch|p1b: Sneasler|Sneasler, L50, F, shiny|100/100\n|switch|p2a: Gengar|Gengar, L50, M|100/100\n|switch|p2b: Politoed|Politoed, L50, M|100/100\n|-weather|RainDance|[from] ability: Drizzle|[of] p2b: Politoed\n|turn|1\n|\n|t:|1776240213\n|switch|p2a: Incineroar|Incineroar, L50, M|100/100\n|-ability|p2a: Incineroar|Intimidate|boost\n|-unboost|p1a: Garchomp|atk|1\n|-unboost|p1b: Sneasler|atk|1\n|-enditem|p1b: Sneasler|White Herb\n|-clearnegativeboost|p1b: Sneasler|[silent]\n|move|p2b: Politoed|Protect|p2b: Politoed\n|-singleturn|p2b: Politoed|Protect\n|move|p1b: Sneasler|Fake Out|p2b: Politoed\n|-activate|p2b: Politoed|move: Protect\n|move|p1a: Garchomp|Stomping Tantrum|p2a: Incineroar\n|-supereffective|p2a: Incineroar|1\n|-damage|p2a: Incineroar|43/100\n|-enditem|p2a: Incineroar|Sitrus Berry|[eat]\n|-heal|p2a: Incineroar|68/100|[from] item: Sitrus Berry\n|\n|-weather|RainDance|[upkeep]\n|upkeep\n|turn|2\n|\n|t:|1776240238\n|switch|p1a: Floette|Floette-Eternal, L50, F|100/100\n|move|p1b: Sneasler|Protect|p1b: Sneasler\n|-singleturn|p1b: Sneasler|Protect\n|move|p2a: Incineroar|Fake Out|p1b: Sneasler\n|-activate|p1b: Sneasler|move: Protect\n|move|p2b: Politoed|Weather Ball|p1a: Floette\n|-damage|p1a: Floette|59/100\n|\n|-weather|RainDance|[upkeep]\n|upkeep\n|turn|3\n|\n|t:|1776240255\n|switch|p2a: Gengar|Gengar, L50, M|100/100\n|detailschange|p1a: Floette|Floette-Mega, L50, F\n|-mega|p1a: Floette|Floette|Floettite\n|-ability|p1a: Floette|Fairy Aura\n|move|p1b: Sneasler|Close Combat|p2b: Politoed\n|-damage|p2b: Politoed|37/100\n|-unboost|p1b: Sneasler|def|1\n|-unboost|p1b: Sneasler|spd|1\n|move|p1a: Floette|Dazzling Gleam|p2b: Politoed|[spread] p2a,p2b\n|-resisted|p2a: Gengar|1\n|-damage|p2a: Gengar|66/100\n|-damage|p2b: Politoed|0 fnt\n|-start|p1a: Floette|Disable|Dazzling Gleam|[from] ability: Cursed Body|[of] p2a: Gengar\n|faint|p2b: Politoed\n|\n|-weather|RainDance|[upkeep]\n|upkeep\n|\n|t:|1776240267\n|switch|p2b: Palafin|Palafin, L50, M|100/100\n|turn|4\n|\n|t:|1776240275\n|switch|p1a: Garchomp|Garchomp, L50, F, shiny|100/100\n|detailschange|p2a: Gengar|Gengar-Mega, L50, M\n|-mega|p2a: Gengar|Gengar|Gengarite\n|move|p2b: Palafin|Jet Punch|p1a: Garchomp\n|-damage|p1a: Garchomp|57/100\n|-damage|p2b: Palafin|88/100|[from] ability: Rough Skin|[of] p1a: Garchomp\n|move|p1b: Sneasler|Dire Claw|p2b: Palafin\n|-crit|p2b: Palafin\n|-damage|p2b: Palafin|6/100\n|-status|p2b: Palafin|psn\n|move|p2a: Gengar|Shadow Ball|p1b: Sneasler\n|-damage|p1b: Sneasler|1/100\n|\n|-weather|RainDance|[upkeep]\n|-damage|p2b: Palafin|0 fnt|[from] psn\n|faint|p2b: Palafin\n|upkeep\n|\n|t:|1776240288\n|switch|p2b: Incineroar|Incineroar, L50, M|68/100\n|-ability|p2b: Incineroar|Intimidate|boost\n|-unboost|p1a: Garchomp|atk|1\n|-unboost|p1b: Sneasler|atk|1\n|turn|5\n|\n|t:|1776240298\n|move|p1a: Garchomp|Protect|p1a: Garchomp\n|-singleturn|p1a: Garchomp|Protect\n|move|p2b: Incineroar|Fake Out|p1a: Garchomp\n|-activate|p1a: Garchomp|move: Protect\n|move|p1b: Sneasler|Close Combat|p2b: Incineroar\n|-supereffective|p2b: Incineroar|1\n|-damage|p2b: Incineroar|0 fnt\n|-unboost|p1b: Sneasler|def|1\n|-unboost|p1b: Sneasler|spd|1\n|faint|p2b: Incineroar\n|move|p2a: Gengar|Shadow Ball|p1a: Garchomp\n|-activate|p1a: Garchomp|move: Protect\n|\n|-weather|none\n|upkeep\n|turn|6\n|l|\u2606miauser30\n|player|p2|\n|inactive|Battle timer is ON: inactive players will automatically lose when time's up. (requested by wogusl)\n|inactive|miauser30 has 30 seconds to reconnect!\n|inactive|miauser30 has 20 seconds to reconnect!\n|inactive|miauser30 has 15 seconds to reconnect!\n|inactive|miauser30 has 10 seconds to reconnect!\n|inactive|miauser30 has 5 seconds to reconnect!\n|-message|miauser30 lost due to inactivity.\n|\n|win|wogusl\n|raw|wogusl's rating: 1426 &rarr; <strong>1440</strong><br />(+14 for winning)\n|raw|miauser30's rating: 1326 &rarr; <strong>1312</strong><br />(-14 for losing)\n",
  "uploadtime": 1776240392,
  "views": 51,
  "formatid": "gen9championsvgc2026regma",
  "rating": 1312,
  "private": 0,
  "password": null
}