{
  "id": "gen9championsvgc2026regma-2581392616",
  "format": "[Gen 9 Champions] VGC 2026 Reg M-A",
  "players": [
    "taotietsu",
    "rubypmf"
  ],
  "log": "|j|\u2606taotietsu\n|j|\u203drubypmf\n|t:|1775995564\n|gametype|doubles\n|player|p1|taotietsu|emmet|1130\n|player|p2|rubypmf|265|1190\n|gen|9\n|tier|[Gen 9 Champions] VGC 2026 Reg M-A\n|rated|\n|rule|Species Clause: Limit one of each Pok\u00e9mon\n|rule|Item Clause: Limit 1 of each item\n|clearpoke\n|poke|p1|Basculegion, L50, M|\n|poke|p1|Sableye, L50, F|\n|poke|p1|Meganium, L50, M|\n|poke|p1|Pelipper, L50, F|\n|poke|p1|Archaludon, L50, M|\n|poke|p1|Raichu, L50, M|\n|poke|p2|Incineroar, L50, F|\n|poke|p2|Sinistcha, L50|\n|poke|p2|Tyranitar, L50, M|\n|poke|p2|Gengar, L50, M|\n|poke|p2|Kingambit, L50, F|\n|poke|p2|Floette-Eternal, L50, F|\n|teampreview|4\n|inactive|Battle timer is ON: inactive players will automatically lose when time's up. (requested by taotietsu)\nrubypmf has agreed to open team sheets.\n|inactive|taotietsu has 60 seconds left.\n|\n|t:|1775995613\n|teamsize|p1|4\n|teamsize|p2|4\n|start\n|switch|p1a: Pelipper|Pelipper, L50, F|100/100\n|switch|p1b: Basculegion|Basculegion, L50, M|100/100\n|switch|p2a: Gengar|Gengar, L50, M|100/100\n|switch|p2b: Incineroar|Incineroar, L50, F|100/100\n|-weather|RainDance|[from] ability: Drizzle|[of] p1a: Pelipper\n|-ability|p2b: Incineroar|Intimidate|boost\n|-unboost|p1a: Pelipper|atk|1\n|-unboost|p1b: Basculegion|atk|1\n|turn|1\n|inactive|rubypmf has 30 seconds left.\n|inactive|rubypmf has 20 seconds left.\n|\n|t:|1775995653\n|switch|p2b: Sinistcha|Sinistcha, L50|100/100\n|detailschange|p2a: Gengar|Gengar-Mega, L50, M\n|-mega|p2a: Gengar|Gengar|Gengarite\n|move|p2a: Gengar|Protect|p2a: Gengar\n|-singleturn|p2a: Gengar|Protect\n|move|p1b: Basculegion|Wave Crash|p2a: Gengar\n|-activate|p2a: Gengar|move: Protect\n|move|p1a: Pelipper|Tailwind|p1a: Pelipper\n|-sidestart|p1: taotietsu|move: Tailwind\n|\n|-weather|RainDance|[upkeep]\n|upkeep\n|turn|2\n|inactive|taotietsu has 30 seconds left.\n|inactive|rubypmf has 30 seconds left.\n|inactive|rubypmf has 20 seconds left.\n|inactive|taotietsu has 20 seconds left.\n|inactive|rubypmf has 15 seconds left.\n|\n|t:|1775995698\n|switch|p2a: Incineroar|Incineroar, L50, F|100/100\n|-ability|p2a: Incineroar|Intimidate|boost\n|-unboost|p1a: Pelipper|atk|1\n|-unboost|p1b: Basculegion|atk|1\n|switch|p2b: Tyranitar|Tyranitar, L50, M|100/100\n|-weather|Sandstorm|[from] ability: Sand Stream|[of] p2b: Tyranitar\n|move|p1b: Basculegion|Flip Turn|p2a: Incineroar\n|-supereffective|p2a: Incineroar|1\n|-damage|p2a: Incineroar|74/100\n|\n|t:|1775995712\n|switch|p1b: Meganium|Meganium, L50, M, shiny|100/100|[from] Flip Turn\n|move|p1a: Pelipper|Weather Ball|p2a: Incineroar\n|-supereffective|p2a: Incineroar|1\n|-damage|p2a: Incineroar|34/100\n|-enditem|p2a: Incineroar|Sitrus Berry|[eat]\n|-heal|p2a: Incineroar|59/100|[from] item: Sitrus Berry\n|\n|-weather|Sandstorm|[upkeep]\n|-damage|p1a: Pelipper|95/100|[from] Sandstorm\n|-damage|p1b: Meganium|94/100|[from] Sandstorm\n|-damage|p2a: Incineroar|53/100|[from] Sandstorm\n|upkeep\n|turn|3\n|inactive|taotietsu has 30 seconds left.\n|inactive|rubypmf has 30 seconds left.\n|inactive|rubypmf has 20 seconds left.\n|\n|t:|1775995748\n|switch|p1a: Basculegion|Basculegion, L50, M|100/100\n|switch|p2b: Gengar|Gengar-Mega, L50, M|100/100\n|detailschange|p1b: Meganium|Meganium-Mega, L50, M, shiny\n|-mega|p1b: Meganium|Meganium|Meganiumite\n|move|p1b: Meganium|Protect|p1b: Meganium\n|-singleturn|p1b: Meganium|Protect\n|move|p2a: Incineroar|Fake Out|p1b: Meganium\n|-activate|p1b: Meganium|move: Protect\n|\n|-weather|Sandstorm|[upkeep]\n|-damage|p1a: Basculegion|94/100|[from] Sandstorm\n|-damage|p1b: Meganium|88/100|[from] Sandstorm\n|-damage|p2b: Gengar|94/100|[from] Sandstorm\n|-damage|p2a: Incineroar|47/100|[from] Sandstorm\n|upkeep\n|turn|4\n|inactive|taotietsu has 30 seconds left.\n|inactive|rubypmf has 30 seconds left.\n|inactive|taotietsu has 20 seconds left.\n|\n|t:|1775995785\n|move|p1b: Meganium|Protect||[still]\n|-fail|p1b: Meganium\n|move|p1a: Basculegion|Wave Crash|p2b: Gengar\n|-damage|p2b: Gengar|0 fnt\n|faint|p2b: Gengar\n|-damage|p1a: Basculegion|69/100|[from] Recoil\n|move|p2a: Incineroar|Parting Shot|p1b: Meganium\n|-unboost|p1b: Meganium|atk|1\n|-unboost|p1b: Meganium|spa|1\n|\n|t:|1775995806\n|switch|p2a: Tyranitar|Tyranitar, L50, M|100/100|[from] Parting Shot\n|\n|-weather|Sandstorm|[upkeep]\n|-damage|p1a: Basculegion|62/100|[from] Sandstorm\n|-damage|p1b: Meganium|82/100|[from] Sandstorm\n|-sideend|p1: taotietsu|move: Tailwind\n|upkeep\n|\n|t:|1775995810\n|switch|p2b: Incineroar|Incineroar, L50, F|47/100\n|-ability|p2b: Incineroar|Intimidate|boost\n|-unboost|p1a: Basculegion|atk|1\n|-unboost|p1b: Meganium|atk|1\n|turn|5\n|inactive|rubypmf has 30 seconds left.\n|\n|t:|1775995843\n|switch|p2a: Sinistcha|Sinistcha, L50|100/100\n|-heal|p2b: Incineroar|72/100|[from] ability: Hospitality|[of] p2a: Sinistcha\n|switch|p1b: Pelipper|Pelipper, L50, F|95/100\n|-weather|RainDance|[from] ability: Drizzle|[of] p1b: Pelipper\n|move|p1a: Basculegion|Wave Crash|p2a: Sinistcha\n|-resisted|p2a: Sinistcha|1\n|-damage|p2a: Sinistcha|72/100\n|-damage|p1a: Basculegion|54/100|[from] Recoil\n|move|p2b: Incineroar|Throat Chop|p1a: Basculegion\n|-supereffective|p1a: Basculegion|1\n|-damage|p1a: Basculegion|0 fnt\n|faint|p1a: Basculegion\n|\n|-weather|RainDance|[upkeep]\n|upkeep\n|\n|t:|1775995861\n|switch|p1a: Meganium|Meganium-Mega, L50, M, shiny|82/100\n|turn|6\n|inactive|taotietsu has 30 seconds left.\n|inactive|taotietsu has 20 seconds left.\n|inactive|taotietsu has 15 seconds left.\n|inactive|taotietsu has 10 seconds left.\n|\n|t:|1775995908\n|switch|p2a: Tyranitar|Tyranitar, L50, M|100/100\n|-weather|Sandstorm|[from] ability: Sand Stream|[of] p2a: Tyranitar\n|move|p2b: Incineroar|Protect|p2b: Incineroar\n|-singleturn|p2b: Incineroar|Protect\n|move|p1b: Pelipper|Tailwind|p1b: Pelipper\n|-sidestart|p1: taotietsu|move: Tailwind\n|move|p1a: Meganium|Solar Beam||[still]\n|-prepare|p1a: Meganium|Solar Beam\n|-activate|p1a: Meganium|ability: Mega Sol\n|-anim|p1a: Meganium|Solar Beam|p2a: Tyranitar\n|-supereffective|p2a: Tyranitar|1\n|-crit|p2a: Tyranitar\n|-damage|p2a: Tyranitar|0 fnt\n|faint|p2a: Tyranitar\n|\n|-weather|Sandstorm|[upkeep]\n|-damage|p1b: Pelipper|89/100|[from] Sandstorm\n|-damage|p1a: Meganium|75/100|[from] Sandstorm\n|-damage|p2b: Incineroar|66/100|[from] Sandstorm\n|upkeep\n|\n|t:|1775995926\n|switch|p2a: Sinistcha|Sinistcha, L50|72/100\n|-heal|p2b: Incineroar|91/100|[from] ability: Hospitality|[of] p2a: Sinistcha\n|turn|7\n|\n|t:|1775995940\n|move|p1b: Pelipper|Weather Ball|p2b: Incineroar\n|-supereffective|p2b: Incineroar|1\n|-damage|p2b: Incineroar|50/100\n|move|p1a: Meganium|Weather Ball|p2a: Sinistcha\n|-supereffective|p2a: Sinistcha|1\n|-enditem|p2a: Sinistcha|Occa Berry|[eat]\n|-enditem|p2a: Sinistcha|Occa Berry|[weaken]\n|-damage|p2a: Sinistcha|6/100\n|move|p2b: Incineroar|Throat Chop|p1a: Meganium\n|-resisted|p1a: Meganium|1\n|-damage|p1a: Meganium|61/100\n|-start|p1a: Meganium|Throat Chop|[silent]\n|move|p2a: Sinistcha|Matcha Gotcha|p1b: Pelipper|[spread] p1a,p1b\n|-resisted|p1a: Meganium|1\n|-damage|p1a: Meganium|50/100\n|-heal|p2a: Sinistcha|11/100|[from] drain|[of] p1a: Meganium\n|-damage|p1b: Pelipper|54/100\n|-heal|p2a: Sinistcha|28/100|[from] drain|[of] p1b: Pelipper\n|\n|-weather|Sandstorm|[upkeep]\n|-damage|p1b: Pelipper|48/100|[from] Sandstorm\n|-damage|p1a: Meganium|44/100|[from] Sandstorm\n|-damage|p2b: Incineroar|44/100|[from] Sandstorm\n|-damage|p2a: Sinistcha|21/100|[from] Sandstorm\n|upkeep\n|turn|8\n|inactive|taotietsu has 30 seconds left.\n|-message|rubypmf forfeited.\n|\n|win|taotietsu\n|raw|taotietsu's rating: 1130 &rarr; <strong>1159</strong><br />(+29 for winning)\n|raw|rubypmf's rating: 1190 &rarr; <strong>1161</strong><br />(-29 for losing)\n|l|\u203drubypmf\n|player|p2|\n",
  "uploadtime": 1775995974,
  "views": 20,
  "formatid": "gen9championsvgc2026regma",
  "rating": 1159,
  "private": 0,
  "password": null
}