{
  "id": "gen9championsvgc2026regma-2588337619",
  "format": "[Gen 9 Champions] VGC 2026 Reg M-A",
  "players": [
    "Rworwo",
    "phatphepha"
  ],
  "log": "|j|\u2606Rworwo\n|j|\u2606phatphepha\n|t:|1776625247\n|gametype|doubles\n|player|p1|Rworwo|pokefan|1237\n|player|p2|phatphepha|hiker-gen4|1190\n|gen|9\n|tier|[Gen 9 Champions] VGC 2026 Reg M-A\n|rated|\n|rule|Species Clause: Limit one of each Pok\u00e9mon\n|rule|Item Clause: Limit 1 of each item\n|clearpoke\n|poke|p1|Incineroar, L50, F, shiny|\n|poke|p1|Crabominable, L50, M, shiny|\n|poke|p1|Alakazam, L50, F|\n|poke|p1|Torkoal, L50, M|\n|poke|p1|Mimikyu, L50, M|\n|poke|p1|Rotom-Wash, L50|\n|poke|p2|Pelipper, L50, F|\n|poke|p2|Archaludon, L50, F|\n|poke|p2|Farigiraf, L50, M|\n|poke|p2|Sinistcha-Masterpiece, L50|\n|poke|p2|Aggron, L50, F|\n|poke|p2|Ariados, L50, M|\n|teampreview|4\n|inactive|Battle timer is ON: inactive players will automatically lose when time's up. (requested by Rworwo)\n|inactive|phatphepha also wants the timer to be on.\n|\n|t:|1776625273\n|teamsize|p1|4\n|teamsize|p2|4\n|start\n|switch|p1a: Incineroar|Incineroar, L50, F, shiny|100/100\n|switch|p1b: Mimikyu|Mimikyu, L50, M|100/100\n|switch|p2a: Pelipper|Pelipper, L50, F|100/100\n|switch|p2b: Archaludon|Archaludon, L50, F|100/100\n|-weather|RainDance|[from] ability: Drizzle|[of] p2a: Pelipper\n|-ability|p1a: Incineroar|Intimidate|boost\n|-unboost|p2a: Pelipper|atk|1\n|-unboost|p2b: Archaludon|atk|1\n|turn|1\n|\n|t:|1776625287\n|move|p2b: Archaludon|Protect|p2b: Archaludon\n|-singleturn|p2b: Archaludon|Protect\n|move|p2a: Pelipper|Tailwind|p2a: Pelipper\n|-sidestart|p2: phatphepha|move: Tailwind\n|move|p1a: Incineroar|Parting Shot|p2b: Archaludon\n|-activate|p2b: Archaludon|move: Protect\n|move|p1b: Mimikyu|Trick Room|p1b: Mimikyu\n|-fieldstart|move: Trick Room|[of] p1b: Mimikyu\n|\n|-weather|RainDance|[upkeep]\n|upkeep\n|turn|2\n|\n|t:|1776625311\n|move|p1a: Incineroar|Parting Shot|p2a: Pelipper\n|-unboost|p2a: Pelipper|atk|1\n|-unboost|p2a: Pelipper|spa|1\n|\n|t:|1776625318\n|switch|p1a: Torkoal|Torkoal, L50, M|100/100|[from] Parting Shot\n|-weather|SunnyDay|[from] ability: Drought|[of] p1a: Torkoal\n|move|p1b: Mimikyu|Curse|p2b: Archaludon\n|-start|p2b: Archaludon|Curse|[of] p1b: Mimikyu\n|-damage|p1b: Mimikyu|50/100\n|move|p2a: Pelipper|Hurricane|p1b: Mimikyu|[miss]\n|-miss|p2a: Pelipper|p1b: Mimikyu\n|move|p2b: Archaludon|Electro Shot||[still]\n|-prepare|p2b: Archaludon|Electro Shot\n|-boost|p2b: Archaludon|spa|1\n|\n|-weather|SunnyDay|[upkeep]\n|-damage|p2b: Archaludon|76/100|[from] Curse\n|upkeep\n|turn|3\n|inactive|phatphepha has 30 seconds left.\n|inactive|phatphepha has 20 seconds left.\n|\n|t:|1776625358\n|switch|p2a: Farigiraf|Farigiraf, L50, M|100/100\n|move|p1a: Torkoal|Eruption|p2b: Archaludon|[spread] p2a,p2b\n|-damage|p2a: Farigiraf|5/100\n|-damage|p2b: Archaludon|0 fnt\n|faint|p2b: Archaludon\n|move|p1b: Mimikyu|Shadow Claw|p2a: Farigiraf\n|-immune|p2a: Farigiraf\n|\n|-weather|SunnyDay|[upkeep]\n|-heal|p2a: Farigiraf|12/100|[from] item: Leftovers\n|upkeep\n|\n|t:|1776625366\n|switch|p2b: Pelipper|Pelipper, L50, F|100/100\n|-weather|RainDance|[from] ability: Drizzle|[of] p2b: Pelipper\n|turn|4\n|\n|t:|1776625380\n|switch|p1a: Incineroar|Incineroar, L50, F, shiny|100/100\n|-ability|p1a: Incineroar|Intimidate|boost\n|-unboost|p2a: Farigiraf|atk|1\n|-unboost|p2b: Pelipper|atk|1\n|move|p1b: Mimikyu|Shadow Claw|p2b: Pelipper\n|-damage|p2b: Pelipper|79/100\n|move|p2a: Farigiraf|Shadow Ball|p1b: Mimikyu\n|-activate|p1b: Mimikyu|ability: Disguise\n|-damage|p1b: Mimikyu|50/100\n|-unboost|p1b: Mimikyu|spd|1\n|detailschange|p1b: Mimikyu|Mimikyu-Busted, L50, M\n|-damage|p1b: Mimikyu|38/100|[from] pokemon: Mimikyu-Busted\n|move|p2b: Pelipper|Hydro Pump|p1a: Incineroar\n|-supereffective|p1a: Incineroar|1\n|-damage|p1a: Incineroar|16/100\n|\n|-weather|RainDance|[upkeep]\n|-heal|p2a: Farigiraf|18/100|[from] item: Leftovers\n|-sideend|p2: phatphepha|move: Tailwind\n|upkeep\n|turn|5\n|inactive|phatphepha has 30 seconds left.\n|\n|t:|1776625409\n|switch|p2b: Sinistcha|Sinistcha-Masterpiece, L50|100/100\n|-heal|p2a: Farigiraf|42/100|[from] ability: Hospitality|[of] p2b: Sinistcha\n|move|p1a: Incineroar|Throat Chop|p2a: Farigiraf\n|-supereffective|p2a: Farigiraf|1\n|-damage|p2a: Farigiraf|0 fnt\n|faint|p2a: Farigiraf\n|move|p1b: Mimikyu|Destiny Bond|p1b: Mimikyu\n|-singlemove|p1b: Mimikyu|Destiny Bond\n|\n|-weather|RainDance|[upkeep]\n|-fieldend|move: Trick Room\n|upkeep\n|\n|t:|1776625418\n|switch|p2a: Pelipper|Pelipper, L50, F|79/100\n|turn|6\n|\n|t:|1776625431\n|move|p2b: Sinistcha|Matcha Gotcha|p1a: Incineroar|[spread] p1a,p1b\n|-resisted|p1a: Incineroar|1\n|-damage|p1a: Incineroar|8/100\n|-damage|p1b: Mimikyu|4/100\n|move|p2a: Pelipper|Hurricane|p1a: Incineroar\n|-damage|p1a: Incineroar|0 fnt\n|faint|p1a: Incineroar\n|move|p1b: Mimikyu|Trick Room|p1b: Mimikyu\n|-fieldstart|move: Trick Room|[of] p1b: Mimikyu\n|\n|-weather|RainDance|[upkeep]\n|upkeep\n|\n|t:|1776625444\n|switch|p1a: Torkoal|Torkoal, L50, M|100/100\n|-weather|SunnyDay|[from] ability: Drought|[of] p1a: Torkoal\n|turn|7\n|\n|t:|1776625450\n|move|p2b: Sinistcha|Protect|p2b: Sinistcha\n|-singleturn|p2b: Sinistcha|Protect\n|move|p1a: Torkoal|Eruption|p2b: Sinistcha|[spread] p2a\n|-activate|p2b: Sinistcha|move: Protect\n|-resisted|p2a: Pelipper|1\n|-damage|p2a: Pelipper|25/100\n|move|p2a: Pelipper|Hydro Pump|p1a: Torkoal|[miss]\n|-miss|p2a: Pelipper|p1a: Torkoal\n|move|p1b: Mimikyu|Destiny Bond|p1b: Mimikyu\n|-singlemove|p1b: Mimikyu|Destiny Bond\n|\n|-weather|SunnyDay|[upkeep]\n|upkeep\n|turn|8\n|-message|phatphepha forfeited.\n|\n|win|Rworwo\n|raw|Rworwo's rating: 1237 &rarr; <strong>1259</strong><br />(+22 for winning)\n|raw|phatphepha's rating: 1190 &rarr; <strong>1168</strong><br />(-22 for losing)\n|l|\u2606phatphepha\n|player|p2|\n",
  "uploadtime": 1776625468,
  "views": 10,
  "formatid": "gen9championsvgc2026regma",
  "rating": 1168,
  "private": 0,
  "password": null
}