{
  "id": "gen9championsvgc2026regma-2584981700",
  "format": "[Gen 9 Champions] VGC 2026 Reg M-A",
  "players": [
    "disastvgc",
    "jadebattles"
  ],
  "log": "|j|\u2606disastvgc\n|j|\u2606jadebattles\n|t:|1776300359\n|gametype|doubles\n|player|p1|disastvgc|cyrus|1087\n|player|p2|jadebattles|1|1085\n|gen|9\n|tier|[Gen 9 Champions] VGC 2026 Reg M-A\n|rated|\n|rule|Species Clause: Limit one of each Pok\u00e9mon\n|rule|Item Clause: Limit 1 of each item\n|clearpoke\n|poke|p1|Whimsicott, L50, M|\n|poke|p1|Politoed, L50, M|\n|poke|p1|Basculegion, L50, M|\n|poke|p1|Archaludon, L50, F|\n|poke|p1|Sneasler, L50, M|\n|poke|p1|Blastoise, L50, F|\n|poke|p2|Excadrill, L50, M|\n|poke|p2|Whimsicott, L50, M|\n|poke|p2|Tyranitar, L50, M|\n|poke|p2|Aegislash, L50, F|\n|poke|p2|Meganium, L50, M|\n|poke|p2|Raichu, L50, M|\n|teampreview|4\n|\n|t:|1776300393\n|teamsize|p1|4\n|teamsize|p2|4\n|start\n|switch|p1a: Sneasler|Sneasler, L50, M|100/100\n|switch|p1b: Basculegion|Basculegion, L50, M, shiny|100/100\n|switch|p2a: Meganium|Meganium, L50, M|100/100\n|switch|p2b: Raichu|Raichu, L50, M|100/100\n|turn|1\n|\n|t:|1776300426\n|detailschange|p2a: Meganium|Meganium-Mega, L50, M\n|-mega|p2a: Meganium|Meganium|Meganiumite\n|move|p2b: Raichu|Protect|p2b: Raichu\n|-singleturn|p2b: Raichu|Protect\n|move|p2a: Meganium|Protect|p2a: Meganium\n|-singleturn|p2a: Meganium|Protect\n|move|p1b: Basculegion|Flip Turn|p2b: Raichu\n|-activate|p2b: Raichu|move: Protect\n|move|p1a: Sneasler|Dire Claw|p2a: Meganium\n|-activate|p2a: Meganium|move: Protect\n|\n|upkeep\n|turn|2\n|\n|t:|1776300455\n|switch|p2a: Aegislash|Aegislash, L50, F|100/100\n|move|p1a: Sneasler|Protect|p1a: Sneasler\n|-singleturn|p1a: Sneasler|Protect\n|move|p1b: Basculegion|Flip Turn|p2b: Raichu\n|-damage|p2b: Raichu|26/100\n|\n|t:|1776300470\n|switch|p1b: Politoed|Politoed, L50, M|100/100|[from] Flip Turn\n|-weather|RainDance|[from] ability: Drizzle|[of] p1b: Politoed\n|move|p2b: Raichu|Nuzzle|p1a: Sneasler\n|-activate|p1a: Sneasler|move: Protect\n|\n|-weather|RainDance|[upkeep]\n|upkeep\n|turn|3\n|\n|t:|1776300482\n|switch|p1a: Blastoise|Blastoise, L50, F|100/100\n|move|p2b: Raichu|Thunder|p1b: Politoed\n|-supereffective|p1b: Politoed|1\n|-damage|p1b: Politoed|2/100\n|move|p1b: Politoed|Muddy Water|p2b: Raichu|[spread] p2a,p2b\n|-damage|p2a: Aegislash|63/100\n|-damage|p2b: Raichu|0 fnt\n|faint|p2b: Raichu\n|-formechange|p2a: Aegislash|Aegislash-Blade|\n|move|p2a: Aegislash|Psycho Cut|p1a: Blastoise\n|-damage|p1a: Blastoise|65/100\n|\n|-weather|RainDance|[upkeep]\n|upkeep\n|\n|t:|1776300495\n|switch|p2b: Meganium|Meganium-Mega, L50, M|100/100\n|turn|4\n|\n|t:|1776300513\n|detailschange|p1a: Blastoise|Blastoise-Mega, L50, F\n|-mega|p1a: Blastoise|Blastoise|Blastoisinite\n|move|p2a: Aegislash|Shadow Sneak|p1b: Politoed\n|-damage|p1b: Politoed|0 fnt\n|faint|p1b: Politoed\n|move|p1a: Blastoise|Dark Pulse|p2a: Aegislash\n|-supereffective|p2a: Aegislash|1\n|-damage|p2a: Aegislash|0 fnt\n|faint|p2a: Aegislash\n|move|p2b: Meganium|Solar Beam||[still]\n|-prepare|p2b: Meganium|Solar Beam\n|-activate|p2b: Meganium|ability: Mega Sol\n|-anim|p2b: Meganium|Solar Beam|p1a: Blastoise\n|-supereffective|p1a: Blastoise|1\n|-damage|p1a: Blastoise|0 fnt\n|faint|p1a: Blastoise\n|\n|-weather|RainDance|[upkeep]\n|upkeep\n|\n|t:|1776300530\n|switch|p1b: Sneasler|Sneasler, L50, M|100/100\n|switch|p1a: Basculegion|Basculegion, L50, M, shiny|100/100\n|switch|p2a: Whimsicott|Whimsicott, L50, M|100/100\n|turn|5\n|\n|t:|1776300544\n|move|p2a: Whimsicott|Protect|p2a: Whimsicott\n|-singleturn|p2a: Whimsicott|Protect\n|move|p2b: Meganium|Protect|p2b: Meganium\n|-singleturn|p2b: Meganium|Protect\n|move|p1b: Sneasler|Fake Out|p2b: Meganium\n|-activate|p2b: Meganium|move: Protect\n|move|p1a: Basculegion|Last Respects|p2a: Whimsicott\n|-activate|p2a: Whimsicott|move: Protect\n|\n|-weather|RainDance|[upkeep]\n|upkeep\n|turn|6\n|\n|t:|1776300560\n|move|p2a: Whimsicott|Tailwind|p2a: Whimsicott\n|-sidestart|p2: jadebattles|move: Tailwind\n|move|p1a: Basculegion|Last Respects|p2a: Whimsicott|[miss]\n|-miss|p1a: Basculegion|p2a: Whimsicott\n|move|p2b: Meganium|Earth Power|p1b: Sneasler\n|-supereffective|p1b: Sneasler|1\n|-damage|p1b: Sneasler|0 fnt\n|faint|p1b: Sneasler\n|\n|-weather|none\n|upkeep\n|turn|7\n|c|\u2606disastvgc|what\n|\n|t:|1776300594\n|move|p2a: Whimsicott|Energy Ball|p1a: Basculegion\n|-supereffective|p1a: Basculegion|1\n|-damage|p1a: Basculegion|17/100\n|move|p2b: Meganium|Solar Beam||[still]\n|-prepare|p2b: Meganium|Solar Beam\n|-activate|p2b: Meganium|ability: Mega Sol\n|-anim|p2b: Meganium|Solar Beam|p1a: Basculegion\n|-supereffective|p1a: Basculegion|1\n|-damage|p1a: Basculegion|0 fnt\n|faint|p1a: Basculegion\n|\n|win|jadebattles\n|raw|disastvgc's rating: 1087 &rarr; <strong>1064</strong><br />(-23 for losing)\n|raw|jadebattles's rating: 1085 &rarr; <strong>1112</strong><br />(+27 for winning)\n|c|\u2606jadebattles|meganium\n|c|\u2606disastvgc|how\n|c|\u2606jadebattles|meganium\n|c|\u2606disastvgc|how\n",
  "uploadtime": 1776300654,
  "views": 18,
  "formatid": "gen9championsvgc2026regma",
  "rating": 1064,
  "private": 0,
  "password": null
}