{
  "id": "gen9championsvgc2026regma-2585102892",
  "format": "[Gen 9 Champions] VGC 2026 Reg M-A",
  "players": [
    "anduhroux",
    "depana s"
  ],
  "log": "|j|\u2606anduhroux\n|j|\u203ddepana s\n|t:|1776312068\n|gametype|doubles\n|player|p1|anduhroux|266|1063\n|player|p2|depana s|hilbert-wonderlauncher|1158\n|gen|9\n|tier|[Gen 9 Champions] VGC 2026 Reg M-A\n|rated|\n|rule|Species Clause: Limit one of each Pok\u00e9mon\n|rule|Item Clause: Limit 1 of each item\n|clearpoke\n|poke|p1|Tyranitar, L50, F|\n|poke|p1|Gardevoir, L50, F|\n|poke|p1|Excadrill, L50, F|\n|poke|p1|Sinistcha, L50|\n|poke|p1|Rotom-Wash, L50|\n|poke|p1|Arcanine, L50, M|\n|poke|p2|Incineroar, L50, M|\n|poke|p2|Venusaur, L50, F|\n|poke|p2|Sneasler, L50, F|\n|poke|p2|Ninetales-Alola, L50, F|\n|poke|p2|Basculegion, L50, M|\n|poke|p2|Archaludon, L50, M|\n|teampreview|4\n|\n|t:|1776312127\n|teamsize|p1|4\n|teamsize|p2|4\n|start\n|switch|p1a: Tyranitar|Tyranitar, L50, F, shiny|100/100\n|switch|p1b: Excadrill|Excadrill, L50, F|100/100\n|switch|p2a: Venusaur|Venusaur, L50, F|100/100\n|switch|p2b: Incineroar|Incineroar, L50, M|100/100\n|-weather|Sandstorm|[from] ability: Sand Stream|[of] p1a: Tyranitar\n|-ability|p2b: Incineroar|Intimidate|boost\n|-unboost|p1a: Tyranitar|atk|1\n|-unboost|p1b: Excadrill|atk|1\n|turn|1\n|inactive|Battle timer is ON: inactive players will automatically lose when time's up. (requested by depana s)\n|\n|t:|1776312158\n|switch|p1a: Gardevoir|Gardevoir, L50, F, shiny|100/100\n|detailschange|p2a: Venusaur|Venusaur-Mega, L50, F\n|-mega|p2a: Venusaur|Venusaur|Venusaurite\n|move|p2b: Incineroar|Fake Out|p1b: Excadrill\n|-resisted|p1b: Excadrill|1\n|-damage|p1b: Excadrill|91/100\n|cant|p1b: Excadrill|flinch\n|move|p2a: Venusaur|Earth Power|p1b: Excadrill\n|-supereffective|p1b: Excadrill|1\n|-damage|p1b: Excadrill|6/100\n|-unboost|p1b: Excadrill|spd|1\n|\n|-weather|Sandstorm|[upkeep]\n|-damage|p2a: Venusaur|95/100|[from] Sandstorm\n|-damage|p1a: Gardevoir|95/100|[from] Sandstorm\n|-damage|p2b: Incineroar|95/100|[from] Sandstorm\n|upkeep\n|turn|2\n|inactive|anduhroux has 30 seconds left.\n|inactive|depana s has 30 seconds left.\n|inactive|depana s has 20 seconds left.\n|\n|t:|1776312196\n|move|p2a: Venusaur|Protect|p2a: Venusaur\n|-singleturn|p2a: Venusaur|Protect\n|move|p1b: Excadrill|Earthquake|p2b: Incineroar|[spread] p2b\n|-activate|p2a: Venusaur|move: Protect\n|-activate|p1a: Gardevoir|ability: Telepathy\n|-supereffective|p2b: Incineroar|1\n|-damage|p2b: Incineroar|51/100\n|move|p1a: Gardevoir|Psyshock|p2a: Venusaur\n|-activate|p2a: Venusaur|move: Protect\n|move|p2b: Incineroar|Parting Shot|p1a: Gardevoir\n|-unboost|p1a: Gardevoir|atk|1\n|-unboost|p1a: Gardevoir|spa|1\n|\n|t:|1776312218\n|switch|p2b: Basculegion|Basculegion, L50, M|100/100|[from] Parting Shot\n|\n|-weather|Sandstorm|[upkeep]\n|-damage|p2b: Basculegion|94/100|[from] Sandstorm\n|-damage|p2a: Venusaur|89/100|[from] Sandstorm\n|-damage|p1a: Gardevoir|89/100|[from] Sandstorm\n|upkeep\n|turn|3\n|\n|t:|1776312229\n|switch|p2a: Incineroar|Incineroar, L50, M|51/100\n|-ability|p2a: Incineroar|Intimidate|boost\n|-unboost|p1a: Gardevoir|atk|1\n|-unboost|p1b: Excadrill|atk|1\n|move|p1b: Excadrill|Earthquake|p2a: Incineroar|[spread] p2a,p2b\n|-activate|p1a: Gardevoir|ability: Telepathy\n|-supereffective|p2a: Incineroar|1\n|-damage|p2a: Incineroar|18/100\n|-damage|p2b: Basculegion|71/100\n|move|p2b: Basculegion|Flip Turn|p1b: Excadrill\n|-supereffective|p1b: Excadrill|1\n|-damage|p1b: Excadrill|0 fnt\n|faint|p1b: Excadrill\n|inactive|depana s has 30 seconds left.\n|\n|t:|1776312255\n|switch|p2b: Venusaur|Venusaur-Mega, L50, F|89/100|[from] Flip Turn\n|move|p1a: Gardevoir|Psyshock|p2a: Incineroar\n|-immune|p2a: Incineroar\n|\n|-weather|Sandstorm|[upkeep]\n|-damage|p2b: Venusaur|83/100|[from] Sandstorm\n|-damage|p1a: Gardevoir|83/100|[from] Sandstorm\n|-damage|p2a: Incineroar|12/100|[from] Sandstorm\n|upkeep\n|\n|t:|1776312269\n|switch|p1b: Tyranitar|Tyranitar, L50, F, shiny|100/100\n|turn|4\n|\n|t:|1776312287\n|switch|p1a: Sinistcha|Sinistcha, L50|100/100\n|move|p1b: Tyranitar|Protect|p1b: Tyranitar\n|-singleturn|p1b: Tyranitar|Protect\n|move|p2a: Incineroar|Fake Out|p1a: Sinistcha\n|-immune|p1a: Sinistcha\n|move|p2b: Venusaur|Sludge Bomb|p1a: Sinistcha\n|-damage|p1a: Sinistcha|53/100\n|\n|-weather|Sandstorm|[upkeep]\n|-damage|p2b: Venusaur|77/100|[from] Sandstorm\n|-damage|p1a: Sinistcha|47/100|[from] Sandstorm\n|-damage|p2a: Incineroar|6/100|[from] Sandstorm\n|upkeep\n|turn|5\n|\n|t:|1776312310\n|move|p2b: Venusaur|Protect|p2b: Venusaur\n|-singleturn|p2b: Venusaur|Protect\n|move|p1b: Tyranitar|Rock Slide|p2a: Incineroar|[spread] p2a\n|-activate|p2b: Venusaur|move: Protect\n|-supereffective|p2a: Incineroar|1\n|-damage|p2a: Incineroar|0 fnt\n|faint|p2a: Incineroar\n|move|p1a: Sinistcha|Shadow Ball|p2b: Venusaur\n|-activate|p2b: Venusaur|move: Protect\n|\n|-weather|none\n|upkeep\n|\n|t:|1776312323\n|switch|p2a: Ninetales|Ninetales-Alola, L50, F|100/100\n|-weather|Snowscape|[from] ability: Snow Warning|[of] p2a: Ninetales\n|turn|6\n|\n|t:|1776312346\n|move|p2a: Ninetales|Aurora Veil|p2a: Ninetales\n|-sidestart|p2: depana s|move: Aurora Veil\n|move|p1b: Tyranitar|Rock Slide|p2b: Venusaur|[spread] p2a,p2b\n|-supereffective|p2a: Ninetales|1\n|-damage|p2a: Ninetales|57/100\n|-damage|p2b: Venusaur|57/100\n|cant|p2b: Venusaur|flinch\n|move|p1a: Sinistcha|Life Dew||[still]|[spread] p1a,p1b\n|-heal|p1a: Sinistcha|72/100\n|-fail|p1b: Tyranitar|heal\n|\n|-weather|Snowscape|[upkeep]\n|upkeep\n|turn|7\n|inactive|anduhroux has 30 seconds left.\n|\n|t:|1776312374\n|move|p1b: Tyranitar|Protect|p1b: Tyranitar\n|-singleturn|p1b: Tyranitar|Protect\n|move|p2a: Ninetales|Icy Wind|p1b: Tyranitar|[spread] \n|-activate|p1b: Tyranitar|move: Protect\n|-miss|p2a: Ninetales|p1a: Sinistcha\n|move|p2b: Venusaur|Energy Ball|p1b: Tyranitar\n|-activate|p1b: Tyranitar|move: Protect\n|move|p1a: Sinistcha|Shadow Ball|p2a: Ninetales\n|-damage|p2a: Ninetales|32/100\n|\n|-weather|Snowscape|[upkeep]\n|upkeep\n|turn|8\n|inactive|anduhroux has 30 seconds left.\n|\n|t:|1776312400\n|move|p1a: Sinistcha|Rage Powder|p1a: Sinistcha\n|-singleturn|p1a: Sinistcha|move: Rage Powder\n|move|p2a: Ninetales|Icy Wind|p1b: Tyranitar|[spread] p1b\n|-miss|p2a: Ninetales|p1a: Sinistcha\n|-crit|p1b: Tyranitar\n|-damage|p1b: Tyranitar|79/100\n|-unboost|p1b: Tyranitar|spe|1\n|move|p2b: Venusaur|Energy Ball|p1b: Tyranitar\n|-supereffective|p1b: Tyranitar|1\n|-damage|p1b: Tyranitar|0 fnt\n|faint|p1b: Tyranitar\n|\n|-weather|Snowscape|[upkeep]\n|upkeep\n|\n|t:|1776312411\n|switch|p1b: Gardevoir|Gardevoir, L50, F, shiny|83/100\n|turn|9\n|\n|t:|1776312429\n|move|p2b: Venusaur|Protect|p2b: Venusaur\n|-singleturn|p2b: Venusaur|Protect\n|move|p2a: Ninetales|Icy Wind|p1a: Sinistcha|[spread] p1a,p1b\n|-supereffective|p1a: Sinistcha|1\n|-damage|p1a: Sinistcha|42/100\n|-damage|p1b: Gardevoir|70/100\n|-unboost|p1a: Sinistcha|spe|1\n|-unboost|p1b: Gardevoir|spe|1\n|move|p1a: Sinistcha|Life Dew|p1a: Sinistcha|[spread] p1a,p1b\n|-heal|p1a: Sinistcha|67/100\n|-heal|p1b: Gardevoir|95/100\n|move|p1b: Gardevoir|Trick Room|p1b: Gardevoir\n|-fieldstart|move: Trick Room|[of] p1b: Gardevoir\n|\n|-weather|Snowscape|[upkeep]\n|upkeep\n|turn|10\n|inactive|depana s has 30 seconds left.\n|\n|t:|1776312458\n|detailschange|p1b: Gardevoir|Gardevoir-Mega, L50, F, shiny\n|-mega|p1b: Gardevoir|Gardevoir|Gardevoirite\n|move|p1a: Sinistcha|Shadow Ball|p2b: Venusaur\n|-damage|p2b: Venusaur|37/100\n|move|p1b: Gardevoir|Hyper Voice|p2a: Ninetales|[spread] p2a,p2b\n|-resisted|p2b: Venusaur|1\n|-damage|p2a: Ninetales|0 fnt\n|-damage|p2b: Venusaur|25/100\n|faint|p2a: Ninetales\n|move|p2b: Venusaur|Sludge Bomb|p1a: Sinistcha\n|-damage|p1a: Sinistcha|22/100\n|\n|-weather|none\n|-sideend|p2: depana s|move: Aurora Veil\n|upkeep\n|\n|t:|1776312464\n|switch|p2a: Basculegion|Basculegion, L50, M|71/100\n|turn|11\n|\n|t:|1776312485\n|move|p1a: Sinistcha|Life Dew|p1a: Sinistcha|[spread] p1a,p1b\n|-heal|p1a: Sinistcha|48/100\n|-heal|p1b: Gardevoir|100/100\n|move|p1b: Gardevoir|Hyper Voice|p2a: Basculegion|[spread] p2a,p2b\n|-resisted|p2b: Venusaur|1\n|-damage|p2a: Basculegion|16/100\n|-damage|p2b: Venusaur|8/100\n|move|p2b: Venusaur|Sludge Bomb|p1a: Sinistcha\n|-damage|p1a: Sinistcha|2/100\n|move|p2a: Basculegion|Last Respects|p1b: Gardevoir\n|-supereffective|p1b: Gardevoir|1\n|-damage|p1b: Gardevoir|0 fnt\n|faint|p1b: Gardevoir\n|\n|upkeep\n|turn|12\n|\n|t:|1776312508\n|move|p1a: Sinistcha|Matcha Gotcha|p2a: Basculegion|[spread] p2a,p2b\n|-supereffective|p2a: Basculegion|1\n|-resisted|p2b: Venusaur|2\n|-damage|p2a: Basculegion|0 fnt\n|-heal|p1a: Sinistcha|10/100|[from] drain|[of] p2a: Basculegion\n|-damage|p2b: Venusaur|2/100\n|-heal|p1a: Sinistcha|12/100|[from] drain|[of] p2b: Venusaur\n|faint|p2a: Basculegion\n|move|p2b: Venusaur|Sludge Bomb|p1a: Sinistcha\n|-damage|p1a: Sinistcha|0 fnt\n|faint|p1a: Sinistcha\n|\n|win|depana s\n|raw|anduhroux's rating: 1063 &rarr; <strong>1049</strong><br />(-14 for losing)\n|raw|depana s's rating: 1158 &rarr; <strong>1176</strong><br />(+18 for winning)\n|l|\u2606anduhroux\n|player|p1|\n",
  "uploadtime": 1776312732,
  "views": 35,
  "formatid": "gen9championsvgc2026regma",
  "rating": 1049,
  "private": 0,
  "password": null
}