{
  "id": "gen9championsvgc2026regma-2588557287",
  "format": "[Gen 9 Champions] VGC 2026 Reg M-A",
  "players": [
    "Marcio Lira",
    "Toimpo"
  ],
  "log": "|j|\u2606Marcio Lira\n|j|\u2606Toimpo\n|t:|1776644735\n|gametype|doubles\n|player|p1|Marcio Lira|bugcatcher-gen4dp|1147\n|player|p2|Toimpo|1|1119\n|gen|9\n|tier|[Gen 9 Champions] VGC 2026 Reg M-A\n|rated|\n|rule|Species Clause: Limit one of each Pok\u00e9mon\n|rule|Item Clause: Limit 1 of each item\n|clearpoke\n|poke|p1|Floette-Eternal, L50, F|\n|poke|p1|Rotom-Wash, L50, shiny|\n|poke|p1|Garchomp, L50, M|\n|poke|p1|Volcarona, L50, M|\n|poke|p1|Oranguru, L50, F, shiny|\n|poke|p1|Aerodactyl, L50, F|\n|poke|p2|Scovillain, L50, M|\n|poke|p2|Runerigus, L50, M|\n|poke|p2|Talonflame, L50, M, shiny|\n|poke|p2|Rotom-Wash, L50|\n|poke|p2|Sneasler, L50, M|\n|poke|p2|Krookodile, L50, M, shiny|\n|teampreview|4\n|inactive|Battle timer is ON: inactive players will automatically lose when time's up. (requested by Toimpo)\n|\n|t:|1776644813\n|teamsize|p1|4\n|teamsize|p2|4\n|start\n|switch|p1a: Volcarona|Volcarona, L50, M|100/100\n|switch|p1b: Floette|Floette-Eternal, L50, F|100/100\n|switch|p2a: Scovillain|Scovillain, L50, M|100/100\n|switch|p2b: Runerigus|Runerigus, L50, M|100/100\n|turn|1\n|inactive|Marcio Lira has 30 seconds left.\n|inactive|Toimpo has 30 seconds left.\n|inactive|Marcio Lira has 20 seconds left.\n|inactive|Marcio Lira has 15 seconds left.\n|inactive|Marcio Lira has 10 seconds left.\n|\n|t:|1776644859\n|detailschange|p1b: Floette|Floette-Mega, L50, F\n|-mega|p1b: Floette|Floette|Floettite\n|-ability|p1b: Floette|Fairy Aura\n|detailschange|p2a: Scovillain|Scovillain-Mega, L50, M\n|-mega|p2a: Scovillain|Scovillain|Scovillainite\n|move|p2a: Scovillain|Protect|p2a: Scovillain\n|-singleturn|p2a: Scovillain|Protect\n|move|p1b: Floette|Moonblast|p2a: Scovillain\n|-activate|p2a: Scovillain|move: Protect\n|move|p1a: Volcarona|Will-O-Wisp|p2b: Runerigus\n|-status|p2b: Runerigus|brn\n|move|p2b: Runerigus|Trick Room|p2b: Runerigus\n|-fieldstart|move: Trick Room|[of] p2b: Runerigus\n|\n|-damage|p2b: Runerigus|95/100 brn|[from] brn\n|upkeep\n|turn|2\n|inactive|Toimpo has 30 seconds left.\n|inactive|Toimpo has 20 seconds left.\n|\n|t:|1776644895\n|switch|p1a: Oranguru|Oranguru, L50, F, shiny|100/100\n|move|p1b: Floette|Protect|p1b: Floette\n|-singleturn|p1b: Floette|Protect\n|move|p2a: Scovillain|Rage Powder|p2a: Scovillain\n|-singleturn|p2a: Scovillain|move: Rage Powder\n|move|p2b: Runerigus|Rock Slide|p1b: Floette|[spread] p1a\n|-activate|p1b: Floette|move: Protect\n|-damage|p1a: Oranguru|95/100\n|\n|-damage|p2b: Runerigus|89/100 brn|[from] brn\n|upkeep\n|turn|3\n|inactive|Marcio Lira has 30 seconds left.\n|inactive|Toimpo has 30 seconds left.\n|\n|t:|1776644924\n|switch|p1b: Volcarona|Volcarona, L50, M|100/100\n|move|p2b: Runerigus|Ally Switch|p2b: Runerigus\n|swap|p2b: Runerigus|0|[from] move: Ally Switch\n|move|p1a: Oranguru|Imprison|p1a: Oranguru\n|-start|p1a: Oranguru|move: Imprison\n|move|p2b: Scovillain|Flamethrower|p1a: Oranguru\n|-damage|p1a: Oranguru|62/100\n|\n|-damage|p2a: Runerigus|83/100 brn|[from] brn\n|upkeep\n|turn|4\n|\n|t:|1776644947\n|move|p2b: Scovillain|Rage Powder|p2b: Scovillain\n|-singleturn|p2b: Scovillain|move: Rage Powder\n|move|p2a: Runerigus|Rock Slide|p1a: Oranguru|[spread] p1a,p1b\n|-supereffective|p1b: Volcarona|2\n|-damage|p1a: Oranguru|57/100\n|-damage|p1b: Volcarona|75/100\n|move|p1b: Volcarona|Flamethrower|p2b: Scovillain\n|-damage|p2b: Scovillain|50/100\n|-immune|p1b: Volcarona\n|move|p1a: Oranguru|Trick Room|p1a: Oranguru\n|-fieldend|move: Trick Room\n|\n|-damage|p2a: Runerigus|77/100 brn|[from] brn\n|upkeep\n|turn|5\n|inactive|Marcio Lira has 30 seconds left.\n|inactive|Toimpo has 30 seconds left.\n|inactive|Toimpo has 20 seconds left.\n|\n|t:|1776644985\n|move|p1b: Volcarona|Flamethrower|p2b: Scovillain\n|-damage|p2b: Scovillain|0 fnt\n|-immune|p1b: Volcarona\n|faint|p2b: Scovillain\n|move|p1a: Oranguru|Instruct|p1b: Volcarona\n|-singleturn|p1b: Volcarona|move: Instruct|[of] p1a: Oranguru\n|move|p1b: Volcarona|Flamethrower|p2a: Runerigus\n|-damage|p2a: Runerigus|39/100 brn\n|move|p2a: Runerigus|Rock Slide|p1b: Volcarona|[spread] p1a\n|-miss|p2a: Runerigus|p1b: Volcarona\n|-damage|p1a: Oranguru|51/100\n|\n|-damage|p2a: Runerigus|33/100 brn|[from] brn\n|upkeep\n|inactive|Toimpo has 30 seconds left.\n|\n|t:|1776645012\n|switch|p2b: Rotom|Rotom-Wash, L50|100/100\n|turn|6\n|\n|t:|1776645028\n|switch|p1b: Rotom|Rotom-Wash, L50, shiny|100/100\n|move|p1a: Oranguru|Protect|p1a: Oranguru\n|-singleturn|p1a: Oranguru|Protect\n|move|p2a: Runerigus|Ally Switch|p2a: Runerigus\n|swap|p2a: Runerigus|1|[from] move: Ally Switch\n|move|p2a: Rotom|Nasty Plot|p2a: Rotom\n|-boost|p2a: Rotom|spa|2\n|\n|-damage|p2b: Runerigus|27/100 brn|[from] brn\n|upkeep\n|turn|7\n|inactive|Marcio Lira has 30 seconds left.\n|inactive|Toimpo has 30 seconds left.\n|inactive|Toimpo has 20 seconds left.\n|\n|t:|1776645064\n|move|p1b: Rotom|Thunderbolt|p2a: Rotom\n|-damage|p2a: Rotom|57/100\n|move|p2a: Rotom|Nasty Plot|p2a: Rotom\n|-boost|p2a: Rotom|spa|2\n|move|p1a: Oranguru|Instruct|p1b: Rotom\n|-singleturn|p1b: Rotom|move: Instruct|[of] p1a: Oranguru\n|move|p1b: Rotom|Thunderbolt|p2a: Rotom\n|-damage|p2a: Rotom|11/100\n|-enditem|p2a: Rotom|Sitrus Berry|[eat]\n|-heal|p2a: Rotom|36/100|[from] item: Sitrus Berry\n|move|p2b: Runerigus|Rock Slide|p1b: Rotom|[spread] p1a,p1b\n|-damage|p1a: Oranguru|45/100\n|-damage|p1b: Rotom|92/100\n|\n|-damage|p2b: Runerigus|22/100 brn|[from] brn\n|upkeep\n|turn|8\n|-message|Toimpo forfeited.\n|\n|win|Marcio Lira\n|raw|Marcio Lira's rating: 1147 &rarr; <strong>1170</strong><br />(+23 for winning)\n|raw|Toimpo's rating: 1119 &rarr; <strong>1096</strong><br />(-23 for losing)\n|l|\u2606Toimpo\n|player|p2|\n",
  "uploadtime": 1776645087,
  "views": 8,
  "formatid": "gen9championsvgc2026regma",
  "rating": 1096,
  "private": 0,
  "password": null
}