{
  "id": "gen9championsvgc2026regma-2585172637",
  "format": "[Gen 9 Champions] VGC 2026 Reg M-A",
  "players": [
    "roogie.",
    "Birlayyy"
  ],
  "log": "|j|\u203droogie.\n|j|\u2606Birlayyy\n|t:|1776320835\n|gametype|doubles\n|player|p1|roogie.|169|1079\n|player|p2|Birlayyy|102|1140\n|gen|9\n|tier|[Gen 9 Champions] VGC 2026 Reg M-A\n|rated|\n|rule|Species Clause: Limit one of each Pok\u00e9mon\n|rule|Item Clause: Limit 1 of each item\n|clearpoke\n|poke|p1|Farigiraf, L50, F|\n|poke|p1|Pelipper, L50, F|\n|poke|p1|Aggron, L50, M|\n|poke|p1|Archaludon, L50, F|\n|poke|p1|Basculegion, L50, M|\n|poke|p1|Incineroar, L50, F|\n|poke|p2|Typhlosion-Hisui, L50, M|\n|poke|p2|Altaria, L50, M|\n|poke|p2|Whimsicott, L50, M|\n|poke|p2|Rotom-Wash, L50|\n|poke|p2|Sableye, L50, F|\n|poke|p2|Sinistcha, L50|\n|teampreview|4\nroogie. rejected open team sheets.\n|inactive|Battle timer is ON: inactive players will automatically lose when time's up. (requested by roogie.)\n|\n|t:|1776320890\n|teamsize|p1|4\n|teamsize|p2|4\n|start\n|switch|p1a: Pelipper|Pelipper, L50, F|100/100\n|switch|p1b: Incineroar|Incineroar, L50, F|100/100\n|switch|p2a: Sableye|Sableye, L50, F|100/100\n|switch|p2b: Typhlosion|Typhlosion-Hisui, L50, M|100/100\n|-item|p1a: Pelipper|Focus Sash|[from] ability: Frisk|[of] p2b: Typhlosion\n|-item|p1b: Incineroar|Sitrus Berry|[from] ability: Frisk|[of] p2b: Typhlosion\n|-weather|RainDance|[from] ability: Drizzle|[of] p1a: Pelipper\n|-ability|p1b: Incineroar|Intimidate|boost\n|-unboost|p2a: Sableye|atk|1\n|-unboost|p2b: Typhlosion|atk|1\n|turn|1\n|inactive|roogie. has 30 seconds left.\n|inactive|Birlayyy has 30 seconds left.\n|\n|t:|1776320924\n|switch|p2b: Rotom|Rotom-Wash, L50|100/100\n|move|p2a: Sableye|Reflect|p2a: Sableye\n|-sidestart|p2: Birlayyy|Reflect\n|move|p1a: Pelipper|Tailwind|p1a: Pelipper\n|-sidestart|p1: roogie.|move: Tailwind\n|move|p1b: Incineroar|Parting Shot|p2b: Rotom\n|-unboost|p2b: Rotom|atk|1\n|-unboost|p2b: Rotom|spa|1\n|\n|t:|1776320933\n|switch|p1b: Archaludon|Archaludon, L50, F|100/100|[from] Parting Shot\n|\n|-weather|RainDance|[upkeep]\n|upkeep\n|turn|2\n|\n|t:|1776320954\n|switch|p1a: Incineroar|Incineroar, L50, F|100/100\n|-ability|p1a: Incineroar|Intimidate|boost\n|-unboost|p2a: Sableye|atk|1\n|-unboost|p2b: Rotom|atk|1\n|move|p2a: Sableye|Light Screen|p2a: Sableye\n|-sidestart|p2: Birlayyy|move: Light Screen\n|move|p1b: Archaludon|Substitute|p1b: Archaludon\n|-start|p1b: Archaludon|Substitute\n|-damage|p1b: Archaludon|76/100\n|move|p2b: Rotom|Thunderbolt|p1a: Incineroar\n|-damage|p1a: Incineroar|81/100\n|\n|-weather|RainDance|[upkeep]\n|-heal|p1b: Archaludon|82/100|[from] item: Leftovers\n|upkeep\n|turn|3\n|\n|t:|1776320979\n|switch|p2b: Typhlosion|Typhlosion-Hisui, L50, M|100/100\n|-item|p1a: Incineroar|Sitrus Berry|[from] ability: Frisk|[of] p2b: Typhlosion\n|-item|p1b: Archaludon|Leftovers|[from] ability: Frisk|[of] p2b: Typhlosion\n|switch|p2a: Altaria|Altaria, L50, M|100/100\n|-ability|p2a: Altaria|Cloud Nine\n|move|p1a: Incineroar|Fake Out|p2b: Typhlosion\n|-immune|p2b: Typhlosion\n|move|p1b: Archaludon|Electro Shot||[still]\n|-prepare|p1b: Archaludon|Electro Shot\n|-boost|p1b: Archaludon|spa|1\n|\n|-weather|RainDance|[upkeep]\n|-heal|p1b: Archaludon|88/100|[from] item: Leftovers\n|upkeep\n|turn|4\n|inactive|Birlayyy has 30 seconds left.\n|inactive|Birlayyy has 20 seconds left.\n|inactive|Birlayyy has 15 seconds left.\n|inactive|Birlayyy has 10 seconds left.\n|inactive|Birlayyy has 5 seconds left.\n|\n|t:|1776321034\n|move|p2b: Typhlosion|Eruption|p1b: Archaludon|[spread] p1a,p1b\n|-crit|p1b: Archaludon\n|-end|p1b: Archaludon|Substitute\n|-resisted|p1a: Incineroar|1\n|-crit|p1a: Incineroar\n|-damage|p1a: Incineroar|46/100\n|-enditem|p1a: Incineroar|Sitrus Berry|[eat]\n|-heal|p1a: Incineroar|71/100|[from] item: Sitrus Berry\n|move|p1b: Archaludon|Electro Shot|p2a: Altaria|[from] lockedmove\n|-damage|p2a: Altaria|61/100\n|move|p1a: Incineroar|Flare Blitz|p2a: Altaria\n|-resisted|p2a: Altaria|1\n|-damage|p2a: Altaria|42/100\n|-damage|p1a: Incineroar|65/100|[from] Recoil\n|move|p2a: Altaria|Hyper Voice|p1b: Archaludon|[spread] p1a,p1b\n|-resisted|p1b: Archaludon|1\n|-damage|p1a: Incineroar|53/100\n|-damage|p1b: Archaludon|79/100\n|\n|-weather|RainDance|[upkeep]\n|-heal|p1b: Archaludon|85/100|[from] item: Leftovers\n|-sideend|p1: roogie.|move: Tailwind\n|upkeep\n|turn|5\n|inactive|roogie. has 30 seconds left.\n|inactive|Birlayyy has 30 seconds left.\n|\n|t:|1776321065\n|switch|p1a: Pelipper|Pelipper, L50, F|100/100\n|detailschange|p2a: Altaria|Altaria-Mega, L50, M\n|-mega|p2a: Altaria|Altaria|Altarianite\n|move|p2b: Typhlosion|Eruption|p1b: Archaludon|[spread] p1a,p1b\n|-resisted|p1a: Pelipper|1\n|-damage|p1a: Pelipper|77/100\n|-damage|p1b: Archaludon|49/100\n|move|p2a: Altaria|Hyper Voice|p1b: Archaludon|[spread] p1a,p1b\n|-damage|p1a: Pelipper|17/100\n|-damage|p1b: Archaludon|4/100\n|move|p1b: Archaludon|Electro Shot||[still]\n|-prepare|p1b: Archaludon|Electro Shot\n|-boost|p1b: Archaludon|spa|1\n|-anim|p1b: Archaludon|Electro Shot|p2a: Altaria\n|-resisted|p2a: Altaria|1\n|-damage|p2a: Altaria|16/100\n|\n|-weather|none\n|-heal|p1b: Archaludon|10/100|[from] item: Leftovers\n|-sideend|p2: Birlayyy|Reflect\n|upkeep\n|turn|6\n|inactive|roogie. has 30 seconds left.\n|inactive|Birlayyy has 30 seconds left.\n|inactive|Birlayyy has 20 seconds left.\n|\n|t:|1776321103\n|switch|p1a: Incineroar|Incineroar, L50, F|53/100\n|-ability|p1a: Incineroar|Intimidate|boost\n|-unboost|p2a: Altaria|atk|1\n|-unboost|p2b: Typhlosion|atk|1\n|move|p2b: Typhlosion|Eruption|p1a: Incineroar|[spread] p1a,p1b\n|-resisted|p1a: Incineroar|1\n|-damage|p1a: Incineroar|31/100\n|-damage|p1b: Archaludon|0 fnt\n|faint|p1b: Archaludon\n|move|p2a: Altaria|Roost|p2a: Altaria\n|-heal|p2a: Altaria|66/100\n|-singleturn|p2a: Altaria|move: Roost\n|\n|-sideend|p2: Birlayyy|move: Light Screen\n|upkeep\n|\n|t:|1776321113\n|switch|p1b: Pelipper|Pelipper, L50, F|17/100\n|-weather|RainDance|[from] ability: Drizzle|[of] p1b: Pelipper\n|turn|7\n|inactive|roogie. has 30 seconds left.\n|inactive|Birlayyy has 30 seconds left.\n|inactive|Birlayyy has 20 seconds left.\n|\n|t:|1776321149\n|switch|p2b: Rotom|Rotom-Wash, L50|100/100\n|switch|p2a: Sableye|Sableye, L50, F|100/100\n|move|p1a: Incineroar|Fake Out|p2a: Sableye\n|-immune|p2a: Sableye\n|move|p1b: Pelipper|Tailwind|p1b: Pelipper\n|-sidestart|p1: roogie.|move: Tailwind\n|\n|-weather|RainDance|[upkeep]\n|upkeep\n|turn|8\n|inactive|roogie. has 30 seconds left.\n|\n|t:|1776321183\n|move|p2a: Sableye|Reflect|p2a: Sableye\n|-sidestart|p2: Birlayyy|Reflect\n|move|p1b: Pelipper|Hurricane|p2b: Rotom\n|-resisted|p2b: Rotom|1\n|-damage|p2b: Rotom|78/100\n|move|p1a: Incineroar|Parting Shot|p2b: Rotom\n|-unboost|p2b: Rotom|atk|1\n|-unboost|p2b: Rotom|spa|1\n|\n|t:|1776321186\n|switch|p1a: Basculegion|Basculegion, L50, M|100/100|[from] Parting Shot\n|move|p2b: Rotom|Thunderbolt|p1b: Pelipper\n|-supereffective|p1b: Pelipper|2\n|-damage|p1b: Pelipper|0 fnt\n|faint|p1b: Pelipper\n|\n|-weather|RainDance|[upkeep]\n|-heal|p2b: Rotom|83/100|[from] item: Leftovers\n|upkeep\n|\n|t:|1776321188\n|switch|p1b: Incineroar|Incineroar, L50, F|31/100\n|-ability|p1b: Incineroar|Intimidate|boost\n|-unboost|p2a: Sableye|atk|1\n|-unboost|p2b: Rotom|atk|1\n|turn|9\n|\n|t:|1776321206\n|move|p1b: Incineroar|Fake Out|p2b: Rotom\n|-damage|p2b: Rotom|74/100\n|move|p1a: Basculegion|Wave Crash|p2a: Sableye\n|-damage|p2a: Sableye|8/100\n|-damage|p1a: Basculegion|76/100|[from] Recoil\n|cant|p2b: Rotom|flinch\n|move|p2a: Sableye|Foul Play|p1a: Basculegion\n|-supereffective|p1a: Basculegion|1\n|-damage|p1a: Basculegion|0 fnt\n|faint|p1a: Basculegion\n|\n|-weather|RainDance|[upkeep]\n|-heal|p2b: Rotom|80/100|[from] item: Leftovers\n|upkeep\n|turn|10\n|-message|roogie. forfeited.\n|\n|win|Birlayyy\n|raw|roogie.'s rating: 1079 &rarr; <strong>1061</strong><br />(-18 for losing)\n|raw|Birlayyy's rating: 1140 &rarr; <strong>1161</strong><br />(+21 for winning)\n|l|\u203droogie.\n|player|p1|\n",
  "uploadtime": 1776321404,
  "views": 25,
  "formatid": "gen9championsvgc2026regma",
  "rating": 1061,
  "private": 0,
  "password": null
}