{
  "id": "gen9championsvgc2026regma-2585653150",
  "format": "[Gen 9 Champions] VGC 2026 Reg M-A",
  "players": [
    "lolgz",
    "okuthor"
  ],
  "log": "|j|\u2606lolgz\n|j|\u2606okuthor\n|t:|1776361450\n|gametype|doubles\n|player|p1|lolgz|dawn|1162\n|player|p2|okuthor|101|1176\n|gen|9\n|tier|[Gen 9 Champions] VGC 2026 Reg M-A\n|rated|\n|rule|Species Clause: Limit one of each Pok\u00e9mon\n|rule|Item Clause: Limit 1 of each item\n|clearpoke\n|poke|p1|Charizard, L50, M|\n|poke|p1|Venusaur, L50, F|\n|poke|p1|Basculegion, L50, M|\n|poke|p1|Sneasler, L50, F|\n|poke|p1|Garchomp, L50, F|\n|poke|p1|Incineroar, L50, M|\n|poke|p2|Incineroar, L50, M|\n|poke|p2|Sneasler, L50, M|\n|poke|p2|Aerodactyl, L50, F|\n|poke|p2|Rotom-Wash, L50|\n|poke|p2|Kingambit, L50, F|\n|poke|p2|Gengar, L50, M|\n|teampreview|4\n|\n|t:|1776361469\n|teamsize|p1|4\n|teamsize|p2|4\n|start\n|switch|p1a: Charizard|Charizard, L50, M|100/100\n|switch|p1b: Basculegion|Basculegion, L50, M|100/100\n|switch|p2a: Aerodactyl|Aerodactyl, L50, F|100/100\n|switch|p2b: Sneasler|Sneasler, L50, M|100/100\n|-ability|p2a: Aerodactyl|Unnerve\n|turn|1\n|inactive|Battle timer is ON: inactive players will automatically lose when time's up. (requested by okuthor)\n|\n|t:|1776361513\n|move|p1a: Charizard|Protect|p1a: Charizard\n|-singleturn|p1a: Charizard|Protect\n|move|p2b: Sneasler|Fake Out|p1a: Charizard\n|-activate|p1a: Charizard|move: Protect\n|move|p1b: Basculegion|Wave Crash|p2a: Aerodactyl\n|-supereffective|p2a: Aerodactyl|1\n|-enditem|p2a: Aerodactyl|Focus Sash\n|-damage|p2a: Aerodactyl|1/100\n|-damage|p1b: Basculegion|74/100|[from] Recoil\n|move|p2a: Aerodactyl|Tailwind|p2a: Aerodactyl\n|-sidestart|p2: okuthor|move: Tailwind\n|\n|upkeep\n|turn|2\n|\n|t:|1776361528\n|switch|p1a: Venusaur|Venusaur, L50, F|100/100\n|move|p2a: Aerodactyl|Rock Slide|p1b: Basculegion|[spread] p1a\n|-miss|p2a: Aerodactyl|p1b: Basculegion\n|-damage|p1a: Venusaur|65/100\n|move|p2b: Sneasler|Dire Claw|p1b: Basculegion\n|-resisted|p1b: Basculegion|1\n|-damage|p1b: Basculegion|49/100\n|move|p1b: Basculegion|Wave Crash|p2b: Sneasler\n|-damage|p2b: Sneasler|0 fnt\n|faint|p2b: Sneasler\n|-damage|p1b: Basculegion|23/100|[from] Recoil\n|\n|upkeep\n|\n|t:|1776361542\n|switch|p2b: Gengar|Gengar, L50, M|100/100\n|turn|3\n|\n|t:|1776361549\n|detailschange|p2b: Gengar|Gengar-Mega, L50, M\n|-mega|p2b: Gengar|Gengar|Gengarite\n|move|p2a: Aerodactyl|Rock Slide|p1b: Basculegion|[spread] p1a,p1b\n|-damage|p1a: Venusaur|31/100\n|-damage|p1b: Basculegion|0 fnt\n|faint|p1b: Basculegion\n|move|p2b: Gengar|Sludge Bomb|p1a: Venusaur\n|-damage|p1a: Venusaur|0 fnt\n|faint|p1a: Venusaur\n|\n|upkeep\n|\n|t:|1776361555\n|switch|p1a: Charizard|Charizard, L50, M|100/100\n|switch|p1b: Sneasler|Sneasler, L50, F|100/100\n|turn|4\n|\n|t:|1776361569\n|switch|p2a: Rotom|Rotom-Wash, L50|100/100\n|detailschange|p1a: Charizard|Charizard-Mega-Y, L50, M\n|-mega|p1a: Charizard|Charizard|Charizardite Y\n|-weather|SunnyDay|[from] ability: Drought|[of] p1a: Charizard\n|move|p1b: Sneasler|Fake Out|p2a: Rotom\n|-damage|p2a: Rotom|86/100\n|move|p2b: Gengar|Perish Song|p2b: Gengar\n|-start|p1a: Charizard|perish3|[silent]\n|-start|p1b: Sneasler|perish3|[silent]\n|-start|p2a: Rotom|perish3|[silent]\n|-start|p2b: Gengar|perish3|[silent]\n|-fieldactivate|move: Perish Song\n|move|p1a: Charizard|Heat Wave|p2a: Rotom|[spread] p2a,p2b\n|-resisted|p2a: Rotom|1\n|-damage|p2a: Rotom|53/100\n|-damage|p2b: Gengar|12/100\n|\n|-weather|SunnyDay|[upkeep]\n|-heal|p2a: Rotom|59/100|[from] item: Leftovers\n|-start|p2b: Gengar|perish3\n|-start|p2a: Rotom|perish3\n|-start|p1b: Sneasler|perish3\n|-start|p1a: Charizard|perish3\n|-sideend|p2: okuthor|move: Tailwind\n|upkeep\n|turn|5\n|inactive|okuthor has 30 seconds left.\n|\n|t:|1776361595\n|switch|p2b: Aerodactyl|Aerodactyl, L50, F|1/100\n|-ability|p2b: Aerodactyl|Unnerve\n|move|p1b: Sneasler|Dire Claw|p2b: Aerodactyl\n|-resisted|p2b: Aerodactyl|1\n|-damage|p2b: Aerodactyl|0 fnt\n|faint|p2b: Aerodactyl\n|move|p1a: Charizard|Solar Beam||[still]\n|-prepare|p1a: Charizard|Solar Beam\n|-anim|p1a: Charizard|Solar Beam|p2a: Rotom\n|-supereffective|p2a: Rotom|1\n|-damage|p2a: Rotom|0 fnt\n|faint|p2a: Rotom\n|\n|-weather|SunnyDay|[upkeep]\n|-start|p1b: Sneasler|perish2\n|-start|p1a: Charizard|perish2\n|upkeep\n|\n|t:|1776361611\n|switch|p2b: Gengar|Gengar-Mega, L50, M|12/100\n|turn|6\n|\n|t:|1776361616\n|move|p2b: Gengar|Protect|p2b: Gengar\n|-singleturn|p2b: Gengar|Protect\n|move|p1b: Sneasler|Throat Chop|p2b: Gengar\n|-activate|p2b: Gengar|move: Protect\n|move|p1a: Charizard|Air Slash|p2b: Gengar\n|-activate|p2b: Gengar|move: Protect\n|\n|-weather|SunnyDay|[upkeep]\n|-start|p1b: Sneasler|perish1\n|-start|p1a: Charizard|perish1\n|upkeep\n|turn|7\n|\n|t:|1776361626\n|move|p2b: Gengar|Protect||[still]\n|-fail|p2b: Gengar\n|move|p1b: Sneasler|Throat Chop|p2b: Gengar\n|-supereffective|p2b: Gengar|1\n|-damage|p2b: Gengar|0 fnt\n|faint|p2b: Gengar\n|\n|win|lolgz\n|raw|lolgz's rating: 1162 &rarr; <strong>1188</strong><br />(+26 for winning)\n|raw|okuthor's rating: 1176 &rarr; <strong>1150</strong><br />(-26 for losing)\n",
  "uploadtime": 1776361626,
  "views": 22,
  "formatid": "gen9championsvgc2026regma",
  "rating": 1150,
  "private": 0,
  "password": null
}