{
  "id": "gen9championsvgc2026regma-2588360239",
  "format": "[Gen 9 Champions] VGC 2026 Reg M-A",
  "players": [
    "TheWittedFool",
    "jayoticnl"
  ],
  "log": "|j|\u2606TheWittedFool\n|j|\u2606jayoticnl\n|t:|1776627067\n|gametype|doubles\n|player|p1|TheWittedFool|101|1272\n|player|p2|jayoticnl|jacinthe|1274\n|gen|9\n|tier|[Gen 9 Champions] VGC 2026 Reg M-A\n|rated|\n|rule|Species Clause: Limit one of each Pok\u00e9mon\n|rule|Item Clause: Limit 1 of each item\n|clearpoke\n|poke|p1|Gengar, L50, M|\n|poke|p1|Maushold, L50|\n|poke|p1|Passimian, L50, F|\n|poke|p1|Hippowdon, L50, F|\n|poke|p1|Palafin, L50, F|\n|poke|p1|Dragapult, L50, F|\n|poke|p2|Lopunny, L50, M|\n|poke|p2|Kingambit, L50, F|\n|poke|p2|Vanilluxe, L50, M|\n|poke|p2|Garchomp, L50, M|\n|poke|p2|Clefable, L50, M|\n|poke|p2|Rotom-Wash, L50|\n|teampreview|4\n|\n|t:|1776627091\n|teamsize|p1|4\n|teamsize|p2|4\n|start\n|switch|p1a: Gengar|Gengar, L50, M|100/100\n|switch|p1b: Passimian|Passimian, L50, F|100/100\n|switch|p2a: Clefable|Clefable, L50, M|100/100\n|switch|p2b: Garchomp|Garchomp, L50, M|100/100\n|turn|1\n|inactive|Battle timer is ON: inactive players will automatically lose when time's up. (requested by TheWittedFool)\n|\n|t:|1776627102\n|detailschange|p1a: Gengar|Gengar-Mega, L50, M\n|-mega|p1a: Gengar|Gengar|Gengarite\n|detailschange|p2a: Clefable|Clefable-Mega, L50, M\n|-mega|p2a: Clefable|Clefable|Clefablite\n|move|p2a: Clefable|Helping Hand|p2b: Garchomp\n|-singleturn|p2b: Garchomp|Helping Hand|[of] p2a: Clefable\n|move|p1a: Gengar|Protect|p1a: Gengar\n|-singleturn|p1a: Gengar|Protect\n|move|p1b: Passimian|Gunk Shot|p2a: Clefable|[miss]\n|-miss|p1b: Passimian|p2a: Clefable\n|move|p2b: Garchomp|Earthquake|p1b: Passimian|[spread] p1b\n|-activate|p1a: Gengar|move: Protect\n|-immune|p2a: Clefable\n|-damage|p1b: Passimian|40/100\n|\n|upkeep\n|turn|2\n|\n|t:|1776627115\n|switch|p1a: Maushold|Maushold, L50|100/100\n|move|p2a: Clefable|Protect|p2a: Clefable\n|-singleturn|p2a: Clefable|Protect\n|move|p1b: Passimian|Gunk Shot|p2a: Clefable\n|-activate|p2a: Clefable|move: Protect\n|move|p2b: Garchomp|Earthquake|p1b: Passimian|[spread] p1a,p1b\n|-activate|p2a: Clefable|move: Protect\n|-damage|p1a: Maushold|39/100\n|-damage|p1b: Passimian|5/100\n|\n|upkeep\n|turn|3\n|\n|t:|1776627133\n|switch|p2a: Kingambit|Kingambit, L50, F|100/100\n|move|p1b: Passimian|Gunk Shot|p2a: Kingambit\n|-immune|p2a: Kingambit\n|move|p1a: Maushold|Taunt|p2a: Kingambit\n|-start|p2a: Kingambit|move: Taunt\n|move|p2b: Garchomp|Dragon Claw|p1b: Passimian\n|-damage|p1b: Passimian|0 fnt\n|faint|p1b: Passimian\n|\n|upkeep\n|\n|t:|1776627142\n|switch|p1b: Dragapult|Dragapult, L50, F|100/100\n|turn|4\n|\n|t:|1776627149\n|switch|p2b: Clefable|Clefable-Mega, L50, M|100/100\n|move|p1b: Dragapult|Draco Meteor|p2b: Clefable\n|-immune|p2b: Clefable\n|move|p1a: Maushold|Population Bomb|p2a: Kingambit\n|-resisted|p2a: Kingambit|1\n|-damage|p2a: Kingambit|98/100\n|-resisted|p2a: Kingambit|1\n|-damage|p2a: Kingambit|95/100\n|-resisted|p2a: Kingambit|1\n|-damage|p2a: Kingambit|92/100\n|-resisted|p2a: Kingambit|1\n|-crit|p2a: Kingambit\n|-damage|p2a: Kingambit|88/100\n|-resisted|p2a: Kingambit|1\n|-damage|p2a: Kingambit|85/100\n|-resisted|p2a: Kingambit|1\n|-damage|p2a: Kingambit|82/100\n|-hitcount|p2a: Kingambit|6\n|cant|p2a: Kingambit|flinch\n|\n|upkeep\n|turn|5\n|\n|t:|1776627172\n|move|p2a: Kingambit|Sucker Punch|p1a: Maushold\n|-damage|p1a: Maushold|0 fnt\n|faint|p1a: Maushold\n|move|p1b: Dragapult|Thunderbolt|p2a: Kingambit\n|-damage|p2a: Kingambit|56/100\n|-status|p2a: Kingambit|par\n|move|p2b: Clefable|Moonblast|p1b: Dragapult\n|-supereffective|p1b: Dragapult|1\n|-enditem|p1b: Dragapult|Focus Sash\n|-damage|p1b: Dragapult|1/100\n|\n|-end|p2a: Kingambit|move: Taunt\n|upkeep\n|\n|t:|1776627175\n|switch|p1a: Gengar|Gengar-Mega, L50, M|100/100\n|turn|6\n|\n|t:|1776627186\n|move|p2b: Clefable|Follow Me|p2b: Clefable\n|-singleturn|p2b: Clefable|move: Follow Me\n|move|p1b: Dragapult|Thunderbolt|p2b: Clefable\n|-supereffective|p2b: Clefable|1\n|-damage|p2b: Clefable|63/100\n|move|p1a: Gengar|Sludge Bomb|p2b: Clefable\n|-supereffective|p2b: Clefable|1\n|-damage|p2b: Clefable|0 fnt\n|faint|p2b: Clefable\n|cant|p2a: Kingambit|par\n|\n|upkeep\n|\n|t:|1776627197\n|switch|p2b: Vanilluxe|Vanilluxe, L50, M|100/100\n|-weather|Snowscape|[from] ability: Snow Warning|[of] p2b: Vanilluxe\n|turn|7\n|\n|t:|1776627207\n|move|p2a: Kingambit|Sucker Punch|p1a: Gengar\n|-supereffective|p1a: Gengar|1\n|-damage|p1a: Gengar|0 fnt\n|faint|p1a: Gengar\n|move|p2b: Vanilluxe|Blizzard|p1b: Dragapult\n|-supereffective|p1b: Dragapult|1\n|-damage|p1b: Dragapult|0 fnt\n|faint|p1b: Dragapult\n|\n|win|jayoticnl\n|raw|TheWittedFool's rating: 1272 &rarr; <strong>1247</strong><br />(-25 for losing)\n|raw|jayoticnl's rating: 1274 &rarr; <strong>1299</strong><br />(+25 for winning)\n|l|\u2606TheWittedFool\n|player|p1|\n",
  "uploadtime": 1776627255,
  "views": 25,
  "formatid": "gen9championsvgc2026regma",
  "rating": 1247,
  "private": 0,
  "password": null
}