{
  "id": "gen9championsvgc2026regma-2588962297",
  "format": "[Gen 9 Champions] VGC 2026 Reg M-A",
  "players": [
    "tastyfloop",
    "TheBallistic1"
  ],
  "log": "|j|\u2606tastyfloop\n|j|\u2606TheBallistic1\n|html|<table width=\"100%\"><tr><td align=\"left\">tastyfloop</td><td align=\"right\">TheBallistic1</tr><tr><td align=\"left\"><i class=\"fa fa-circle\"></i> <i class=\"fa fa-circle-o\"></i> </td><td align=\"right\"><i class=\"fa fa-circle-o\"></i> <i class=\"fa fa-circle-o\"></i> </tr></table>\n|uhtml|bestof|<h2><strong>Game 2</strong> of <a href=\"/game-bestof3-gen9championsvgc2026regma-2588960435\">a best-of-3</a></h2>\n|t:|1776689820\n|gametype|doubles\n|player|p1|tastyfloop|ghetsis|\n|player|p2|TheBallistic1|colress|\n|gen|9\n|tier|[Gen 9 Champions] VGC 2026 Reg M-A\n|rated|Tournament battle\n|rule|Species Clause: Limit one of each Pok\u00e9mon\n|rule|Item Clause: Limit 1 of each item\n|raw|<div class=\"infobox\"><details class=\"readmore\" open><summary><strong>2 custom rules:</strong></summary> Force Open Team Sheets, Best of = 3</details></div>\n|clearpoke\n|poke|p1|Basculegion, L50, M|\n|poke|p1|Archaludon, L50, F|\n|poke|p1|Pelipper, L50, F|\n|poke|p1|Sneasler, L50, F|\n|poke|p1|Sharpedo, L50, F|\n|poke|p1|Sinistcha, L50|\n|poke|p2|Floette-Eternal, L50, F|\n|poke|p2|Charizard, L50, M|\n|poke|p2|Sneasler, L50, F|\n|poke|p2|Milotic, L50, F|\n|poke|p2|Incineroar, L50, F|\n|poke|p2|Sinistcha, L50|\n|teampreview|4\n|showteam|p1|Basculegion||MysticWater|SwiftSwim|WaveCrash,AquaJet,FlipTurn,LastRespects|||M|||50|]Archaludon||Leftovers|Stamina|Protect,ElectroShot,DracoMeteor,FlashCannon|||F|||50|]Pelipper||FocusSash|Drizzle|Hurricane,Tailwind,Protect,WideGuard|||F|||50|]Sneasler||WhiteHerb|Unburden|CloseCombat,DireClaw,FakeOut,Protect|||F|||50|]Sharpedo||Sharpedonite|SpeedBoost|Waterfall,Crunch,PsychicFangs,Protect|||F|||50|]Sinistcha||MentalHerb|Hospitality|MatchaGotcha,Protect,TrickRoom,RagePowder||||||50|\n|showteam|p2|Floette-Eternal||Floettite|FlowerVeil|Protect,Psychic,Moonblast,DazzlingGleam|||F|||50|]Charizard||CharizarditeY|Blaze|Protect,SolarBeam,HeatWave,AirSlash|||M|||50|]Sneasler||WhiteHerb|Unburden|FakeOut,ThroatChop,CloseCombat,DireClaw|||F|||50|]Milotic||Leftovers|Competitive|Protect,Haze,Scald,IceBeam|||F|||50|]Incineroar||SitrusBerry|Intimidate|FakeOut,PartingShot,FlareBlitz,DarkestLariat|||F|||50|]Sinistcha||KasibBerry|Hospitality|Protect,RagePowder,MatchaGotcha,TrickRoom||||||50|\n|inactive|Battle timer is ON: inactive players will automatically lose when time's up. (requested by TheBallistic1)\n|\n|t:|1776689848\n|teamsize|p1|4\n|teamsize|p2|4\n|start\n|switch|p1a: Sharpedo|Sharpedo, L50, F|100/100\n|switch|p1b: Sneasler|Sneasler, L50, F|100/100\n|switch|p2a: Sinistcha|Sinistcha, L50|100/100\n|switch|p2b: Sneasler|Sneasler, L50, F|100/100\n|turn|1\n|\n|t:|1776689871\n|switch|p2b: Incineroar|Incineroar, L50, F|100/100\n|-ability|p2b: Incineroar|Intimidate|boost\n|-unboost|p1a: Sharpedo|atk|1\n|-unboost|p1b: Sneasler|atk|1\n|-enditem|p1b: Sneasler|White Herb\n|-clearnegativeboost|p1b: Sneasler|[silent]\n|move|p1a: Sharpedo|Protect|p1a: Sharpedo\n|-singleturn|p1a: Sharpedo|Protect\n|move|p1b: Sneasler|Dire Claw|p2a: Sinistcha\n|-damage|p2a: Sinistcha|65/100\n|move|p2a: Sinistcha|Matcha Gotcha|p1b: Sneasler|[spread] p1b\n|-activate|p1a: Sharpedo|move: Protect\n|-resisted|p1b: Sneasler|1\n|-damage|p1b: Sneasler|83/100\n|-heal|p2a: Sinistcha|74/100|[from] drain|[of] p1b: Sneasler\n|\n|-ability|p1a: Sharpedo|Speed Boost|boost\n|-boost|p1a: Sharpedo|spe|1\n|upkeep\n|turn|2\n|\n|t:|1776689895\n|switch|p1a: no sun pls|Pelipper, L50, F|100/100\n|-weather|RainDance|[from] ability: Drizzle|[of] p1a: no sun pls\n|move|p1b: Sneasler|Protect|p1b: Sneasler\n|-singleturn|p1b: Sneasler|Protect\n|move|p2b: Incineroar|Fake Out|p1a: no sun pls\n|-damage|p1a: no sun pls|82/100\n|move|p2a: Sinistcha|Trick Room|p2a: Sinistcha\n|-fieldstart|move: Trick Room|[of] p2a: Sinistcha\n|\n|-weather|RainDance|[upkeep]\n|upkeep\n|turn|3\n|\n|t:|1776689915\n|move|p2b: Incineroar|Darkest Lariat|p1a: no sun pls\n|-damage|p1a: no sun pls|24/100\n|move|p2a: Sinistcha|Matcha Gotcha|p1a: no sun pls|[spread] p1a,p1b\n|-resisted|p1b: Sneasler|1\n|-damage|p1a: no sun pls|0 fnt\n|-heal|p2a: Sinistcha|84/100|[from] drain|[of] p1a: no sun pls\n|-damage|p1b: Sneasler|65/100\n|-heal|p2a: Sinistcha|92/100|[from] drain|[of] p1b: Sneasler\n|-status|p1b: Sneasler|brn\n|faint|p1a: no sun pls\n|move|p1b: Sneasler|Close Combat|p2b: Incineroar\n|-supereffective|p2b: Incineroar|1\n|-damage|p2b: Incineroar|45/100\n|-unboost|p1b: Sneasler|def|1\n|-unboost|p1b: Sneasler|spd|1\n|-enditem|p2b: Incineroar|Sitrus Berry|[eat]\n|-heal|p2b: Incineroar|70/100|[from] item: Sitrus Berry\n|\n|-weather|RainDance|[upkeep]\n|-damage|p1b: Sneasler|60/100 brn|[from] brn\n|upkeep\n|\n|t:|1776689935\n|switch|p1a: Archaludon|Archaludon, L50, F|100/100\n|turn|4\n|\n|t:|1776689950\n|switch|p2a: Sneasler|Sneasler, L50, F|100/100\n|switch|p1b: Sharpedo|Sharpedo, L50, F|100/100\n|move|p2b: Incineroar|Darkest Lariat|p1b: Sharpedo\n|-resisted|p1b: Sharpedo|1\n|-damage|p1b: Sharpedo|41/100\n|move|p1a: Archaludon|Electro Shot||[still]\n|-prepare|p1a: Archaludon|Electro Shot\n|-boost|p1a: Archaludon|spa|1\n|-anim|p1a: Archaludon|Electro Shot|p2b: Incineroar\n|-damage|p2b: Incineroar|0 fnt\n|faint|p2b: Incineroar\n|\n|-weather|RainDance|[upkeep]\n|upkeep\n|\n|t:|1776689962\n|switch|p2b: Sinistcha|Sinistcha, L50|92/100\n|turn|5\n|inactive|tastyfloop has 30 seconds left.\n|\n|t:|1776689989\n|move|p1b: Sharpedo|Protect|p1b: Sharpedo\n|-singleturn|p1b: Sharpedo|Protect\n|move|p2b: Sinistcha|Matcha Gotcha|p1b: Sharpedo|[spread] p1a\n|-activate|p1b: Sharpedo|move: Protect\n|-resisted|p1a: Archaludon|2\n|-damage|p1a: Archaludon|92/100\n|-heal|p2b: Sinistcha|97/100|[from] drain|[of] p1a: Archaludon\n|-status|p1a: Archaludon|brn\n|-ability|p1a: Archaludon|Stamina|boost\n|-boost|p1a: Archaludon|def|1\n|move|p1a: Archaludon|Electro Shot||[still]\n|-prepare|p1a: Archaludon|Electro Shot\n|-boost|p1a: Archaludon|spa|1\n|-anim|p1a: Archaludon|Electro Shot|p2a: Sneasler\n|-damage|p2a: Sneasler|0 fnt\n|faint|p2a: Sneasler\n|\n|-weather|RainDance|[upkeep]\n|-heal|p1a: Archaludon|98/100 brn|[from] item: Leftovers\n|-damage|p1a: Archaludon|92/100 brn|[from] brn\n|-ability|p1b: Sharpedo|Speed Boost|boost\n|-boost|p1b: Sharpedo|spe|1\n|upkeep\n|\n|t:|1776690007\n|switch|p2a: Floette|Floette-Eternal, L50, F|100/100\n|turn|6\n|\n|t:|1776690027\n|switch|p1b: Sneasler|Sneasler, L50, F|60/100 brn\n|detailschange|p2a: Floette|Floette-Mega, L50, F\n|-mega|p2a: Floette|Floette|Floettite\n|-ability|p2a: Floette|Fairy Aura\n|move|p2b: Sinistcha|Rage Powder|p2b: Sinistcha\n|-singleturn|p2b: Sinistcha|move: Rage Powder\n|move|p1a: Archaludon|Flash Cannon|p2b: Sinistcha\n|-damage|p2b: Sinistcha|0 fnt\n|faint|p2b: Sinistcha\n|move|p2a: Floette|Dazzling Gleam|p1b: Sneasler|[spread] p1a,p1b\n|-crit|p1b: Sneasler\n|-damage|p1a: Archaludon|34/100 brn\n|-damage|p1b: Sneasler|0 fnt\n|-ability|p1a: Archaludon|Stamina|boost\n|-boost|p1a: Archaludon|def|1\n|faint|p1b: Sneasler\n|\n|-weather|none\n|-heal|p1a: Archaludon|40/100 brn|[from] item: Leftovers\n|-damage|p1a: Archaludon|34/100 brn|[from] brn\n|-fieldend|move: Trick Room\n|upkeep\n|\n|t:|1776690044\n|switch|p1b: Sharpedo|Sharpedo, L50, F|41/100\n|turn|7\n|\n|t:|1776690056\n|detailschange|p1b: Sharpedo|Sharpedo-Mega, L50, F\n|-mega|p1b: Sharpedo|Sharpedo|Sharpedonite\n|move|p2a: Floette|Dazzling Gleam|p1a: Archaludon|[spread] p1a,p1b\n|-supereffective|p1b: Sharpedo|1\n|-damage|p1a: Archaludon|0 fnt\n|-damage|p1b: Sharpedo|0 fnt\n|faint|p1a: Archaludon\n|faint|p1b: Sharpedo\n|\n|win|TheBallistic1\n",
  "uploadtime": 1776690060,
  "views": 2,
  "formatid": "gen9championsvgc2026regma",
  "rating": null,
  "private": 0,
  "password": null
}