{
  "id": "gen9championsvgc2026regma-2582757160",
  "format": "[Gen 9 Champions] VGC 2026 Reg M-A",
  "players": [
    "Juya",
    "4victor1"
  ],
  "log": "|j|\u2606Juya\n|j|\u26064victor1\n|t:|1776111971\n|gametype|doubles\n|player|p1|Juya|265|1188\n|player|p2|4victor1|doctor-gen8|1194\n|gen|9\n|tier|[Gen 9 Champions] VGC 2026 Reg M-A\n|rated|\n|rule|Species Clause: Limit one of each Pok\u00e9mon\n|rule|Item Clause: Limit 1 of each item\n|clearpoke\n|poke|p1|Gengar, L50, F|\n|poke|p1|Azumarill, L50, M|\n|poke|p1|Tsareena, L50, F|\n|poke|p1|Corviknight, L50, F|\n|poke|p1|Garchomp, L50, F|\n|poke|p1|Incineroar, L50, M|\n|poke|p2|Hatterene, L50, F|\n|poke|p2|Oranguru, L50, F|\n|poke|p2|Sneasler, L50, M|\n|poke|p2|Meowstic-F, L50, F|\n|poke|p2|Whimsicott, L50, F|\n|poke|p2|Tyranitar, L50, F|\n|teampreview|4\n|inactive|Battle timer is ON: inactive players will automatically lose when time's up. (requested by 4victor1)\n|inactive|Juya also wants the timer to be on.\n|inactive|Juya has 60 seconds left.\n|\n|t:|1776112004\n|teamsize|p1|4\n|teamsize|p2|4\n|start\n|switch|p1a: Gengar|Gengar, L50, F|100/100\n|switch|p1b: Corviknight|Corviknight, L50, F|100/100\n|switch|p2a: Sasha|Meowstic-F, L50, F|100/100\n|switch|p2b: Mankira|Sneasler, L50, M|100/100\n|turn|1\n|\n|t:|1776112030\n|detailschange|p1a: Gengar|Gengar-Mega, L50, F\n|-mega|p1a: Gengar|Gengar|Gengarite\n|detailschange|p2a: Sasha|Meowstic-F-Mega, L50, F\n|-mega|p2a: Sasha|Meowstic|Meowsticite\n|-ability|p2a: Sasha|Shadow Tag|Trace|[from] ability: Trace|[of] p1a: Gengar\n|move|p1a: Gengar|Protect|p1a: Gengar\n|-singleturn|p1a: Gengar|Protect\n|move|p2b: Mankira|Fake Out|p1b: Corviknight\n|-resisted|p1b: Corviknight|1\n|-crit|p1b: Corviknight\n|-damage|p1b: Corviknight|93/100\n|move|p2a: Sasha|Psychic|p1a: Gengar\n|-activate|p1a: Gengar|move: Protect\n|cant|p1b: Corviknight|flinch\n|\n|-heal|p1b: Corviknight|99/100|[from] item: Leftovers\n|upkeep\n|turn|2\n|inactive|4victor1 has 30 seconds left.\n|\n|t:|1776112060\n|switch|p1a: Incineroar|Incineroar, L50, M|100/100\n|-ability|p1a: Incineroar|Intimidate|boost\n|-unboost|p2a: Sasha|atk|1\n|-unboost|p2b: Mankira|atk|1\n|-enditem|p2b: Mankira|White Herb\n|-clearnegativeboost|p2b: Mankira|[silent]\n|move|p2b: Mankira|Close Combat|p1b: Corviknight\n|-damage|p1b: Corviknight|55/100\n|-unboost|p2b: Mankira|def|1\n|-unboost|p2b: Mankira|spd|1\n|move|p2a: Sasha|Psychic|p1a: Incineroar\n|-immune|p1a: Incineroar\n|move|p1b: Corviknight|Drill Peck|p2b: Mankira\n|-supereffective|p2b: Mankira|1\n|-damage|p2b: Mankira|0 fnt\n|faint|p2b: Mankira\n|\n|-heal|p1b: Corviknight|61/100|[from] item: Leftovers\n|upkeep\n|\n|t:|1776112074\n|switch|p2b: Tyranitar|Tyranitar, L50, F|100/100\n|-weather|Sandstorm|[from] ability: Sand Stream|[of] p2b: Tyranitar\n|turn|3\n|\n|t:|1776112090\n|move|p1a: Incineroar|Fake Out|p2b: Tyranitar\n|-resisted|p2b: Tyranitar|1\n|-damage|p2b: Tyranitar|96/100\n|move|p2a: Sasha|Alluring Voice|p1a: Incineroar\n|-damage|p1a: Incineroar|76/100\n|move|p1b: Corviknight|Iron Head|p2b: Tyranitar\n|-supereffective|p2b: Tyranitar|1\n|-damage|p2b: Tyranitar|51/100\n|cant|p2b: Tyranitar|flinch\n|\n|-weather|Sandstorm|[upkeep]\n|-damage|p2a: Sasha|94/100|[from] Sandstorm\n|-damage|p1a: Incineroar|70/100|[from] Sandstorm\n|-heal|p1b: Corviknight|67/100|[from] item: Leftovers\n|upkeep\n|turn|4\n|\n|t:|1776112104\n|move|p2a: Sasha|Alluring Voice|p1a: Incineroar\n|-damage|p1a: Incineroar|48/100\n|-enditem|p1a: Incineroar|Sitrus Berry|[eat]\n|-heal|p1a: Incineroar|72/100|[from] item: Sitrus Berry\n|move|p1b: Corviknight|Tailwind|p1b: Corviknight\n|-sidestart|p1: Juya|move: Tailwind\n|move|p1a: Incineroar|Parting Shot|p2b: Tyranitar\n|-unboost|p2b: Tyranitar|atk|1\n|-unboost|p2b: Tyranitar|spa|1\n|\n|t:|1776112113\n|switch|p1a: Tsareena|Tsareena, L50, F|100/100|[from] Parting Shot\n|move|p2b: Tyranitar|Rock Slide|p1a: Tsareena|[spread] p1a,p1b\n|-crit|p1a: Tsareena\n|-damage|p1a: Tsareena|51/100\n|-damage|p1b: Corviknight|54/100\n|\n|-weather|Sandstorm|[upkeep]\n|-damage|p1a: Tsareena|46/100|[from] Sandstorm\n|-damage|p2a: Sasha|88/100|[from] Sandstorm\n|-heal|p1b: Corviknight|60/100|[from] item: Leftovers\n|upkeep\n|turn|5\n|\n|t:|1776112135\n|move|p1a: Tsareena|Trop Kick|p2b: Tyranitar\n|-supereffective|p2b: Tyranitar|1\n|-damage|p2b: Tyranitar|0 fnt\n|faint|p2b: Tyranitar\n|move|p2a: Sasha|Alluring Voice|p1a: Tsareena\n|-damage|p1a: Tsareena|8/100\n|move|p1b: Corviknight|Drill Peck|p2a: Sasha\n|-damage|p2a: Sasha|43/100\n|\n|-weather|Sandstorm|[upkeep]\n|-damage|p1a: Tsareena|2/100|[from] Sandstorm\n|-damage|p2a: Sasha|37/100|[from] Sandstorm\n|-heal|p1b: Corviknight|66/100|[from] item: Leftovers\n|upkeep\n|\n|t:|1776112138\n|switch|p2b: Homem Macaco|Oranguru, L50, F|100/100\n|turn|6\n|\n|t:|1776112156\n|move|p2a: Sasha|Protect|p2a: Sasha\n|-singleturn|p2a: Sasha|Protect\n|move|p1a: Tsareena|Trop Kick|p2a: Sasha\n|-activate|p2a: Sasha|move: Protect\n|move|p1b: Corviknight|Iron Head|p2b: Homem Macaco\n|-damage|p2b: Homem Macaco|75/100\n|move|p2b: Homem Macaco|Trick Room|p2b: Homem Macaco\n|-fieldstart|move: Trick Room|[of] p2b: Homem Macaco\n|\n|-weather|Sandstorm|[upkeep]\n|-damage|p2b: Homem Macaco|69/100|[from] Sandstorm\n|-damage|p2a: Sasha|31/100|[from] Sandstorm\n|-damage|p1a: Tsareena|0 fnt|[from] Sandstorm\n|faint|p1a: Tsareena\n|-heal|p1b: Corviknight|72/100|[from] item: Leftovers\n|upkeep\n|\n|t:|1776112169\n|switch|p1a: Incineroar|Incineroar, L50, M|72/100\n|-ability|p1a: Incineroar|Intimidate|boost\n|-unboost|p2a: Sasha|atk|1\n|-fail|p2b: Homem Macaco|unboost|Attack|[from] ability: Inner Focus|[of] p2b: Homem Macaco\n|turn|7\n|\n|t:|1776112178\n|move|p2b: Homem Macaco|Instruct|p2a: Sasha\n|-singleturn|p2a: Sasha|move: Instruct|[of] p2b: Homem Macaco\n|move|p2a: Sasha|Protect||[still]\n|-fail|p2a: Sasha\n|move|p1a: Incineroar|Flare Blitz|p2a: Sasha\n|-damage|p2a: Sasha|0 fnt\n|faint|p2a: Sasha\n|-damage|p1a: Incineroar|65/100|[from] Recoil\n|move|p1b: Corviknight|Iron Head|p2b: Homem Macaco\n|-damage|p2b: Homem Macaco|42/100\n|\n|-weather|none\n|-heal|p1b: Corviknight|77/100|[from] item: Leftovers\n|-sideend|p1: Juya|move: Tailwind\n|upkeep\n|turn|8\n|-message|4victor1 forfeited.\n|\n|win|Juya\n|raw|Juya's rating: 1188 &rarr; <strong>1213</strong><br />(+25 for winning)\n|raw|4victor1's rating: 1194 &rarr; <strong>1169</strong><br />(-25 for losing)\n|l|\u26064victor1\n|player|p2|\n",
  "uploadtime": 1776112191,
  "views": 14,
  "formatid": "gen9championsvgc2026regma",
  "rating": 1169,
  "private": 0,
  "password": null
}