{
  "id": "gen9championsvgc2026regma-2584425104",
  "format": "[Gen 9 Champions] VGC 2026 Reg M-A",
  "players": [
    "Sharkhy_",
    "Farid25ff"
  ],
  "log": "|j|\u2606Sharkhy_\n|j|\u2606Farid25ff\n|t:|1776259959\n|gametype|doubles\n|player|p1|Sharkhy_|2|1048\n|player|p2|Farid25ff|falkner|1048\n|gen|9\n|tier|[Gen 9 Champions] VGC 2026 Reg M-A\n|rated|\n|rule|Species Clause: Limit one of each Pok\u00e9mon\n|rule|Item Clause: Limit 1 of each item\n|clearpoke\n|poke|p1|Charizard, L50, M|\n|poke|p1|Maushold-Four, L50|\n|poke|p1|Sneasler, L50, F|\n|poke|p1|Dragapult, L50, M|\n|poke|p1|Kingambit, L50, F|\n|poke|p1|Garchomp, L50, F|\n|poke|p2|Gyarados, L50, M|\n|poke|p2|Aegislash, L50, F|\n|poke|p2|Ninetales-Alola, L50, F|\n|poke|p2|Infernape, L50, M|\n|poke|p2|Sylveon, L50, F|\n|poke|p2|Dragonite, L50, M|\n|teampreview|4\n|inactive|Battle timer is ON: inactive players will automatically lose when time's up. (requested by Sharkhy_)\n|\n|t:|1776260002\n|teamsize|p1|4\n|teamsize|p2|4\n|start\n|switch|p1a: Sneasler|Sneasler, L50, F|100/100\n|switch|p1b: Garchomp|Garchomp, L50, F|100/100\n|switch|p2a: Infernape|Infernape, L50, M|100/100\n|switch|p2b: Aegislash|Aegislash, L50, F|100/100\n|turn|1\n|inactive|Sharkhy_ has 30 seconds left.\n|\n|t:|1776260029\n|move|p2a: Infernape|Fake Out|p1b: Garchomp\n|-damage|p1b: Garchomp|88/100\n|-damage|p2a: Infernape|89/100|[from] ability: Rough Skin|[of] p1b: Garchomp\n|move|p1a: Sneasler|Feint|p2a: Infernape\n|-damage|p2a: Infernape|71/100\n|cant|p1b: Garchomp|flinch\n|move|p2b: Aegislash|Swords Dance|p2b: Aegislash\n|-boost|p2b: Aegislash|atk|2\n|\n|upkeep\n|turn|2\n|inactive|Sharkhy_ has 30 seconds left.\n|inactive|Farid25ff has 30 seconds left.\n|inactive|Farid25ff has 20 seconds left.\n|inactive|Farid25ff has 15 seconds left.\n|inactive|Farid25ff has 10 seconds left.\n|\n|t:|1776260078\n|switch|p1a: Maushold|Maushold-Four, L50|100/100\n|switch|p2a: Ninetales|Ninetales-Alola, L50, F|100/100\n|-weather|Snowscape|[from] ability: Snow Warning|[of] p2a: Ninetales\n|-formechange|p2b: Aegislash|Aegislash-Blade|\n|move|p2b: Aegislash|Shadow Sneak|p1a: Maushold\n|-immune|p1a: Maushold\n|move|p1b: Garchomp|Stomping Tantrum|p2a: Ninetales\n|-damage|p2a: Ninetales|24/100\n|\n|-weather|Snowscape|[upkeep]\n|upkeep\n|turn|3\n|inactive|Sharkhy_ has 30 seconds left.\n|inactive|Farid25ff has 30 seconds left.\n|\n|t:|1776260105\n|-formechange|p2b: Aegislash|Aegislash|\n|move|p2b: Aegislash|King's Shield|p2b: Aegislash\n|-singleturn|p2b: Aegislash|Protect\n|move|p1a: Maushold|Follow Me|p1a: Maushold\n|-singleturn|p1a: Maushold|move: Follow Me\n|move|p1b: Garchomp|Stomping Tantrum|p2b: Aegislash\n|-activate|p2b: Aegislash|move: Protect\n|-unboost|p1b: Garchomp|atk|1\n|move|p2a: Ninetales|Aurora Veil|p2a: Ninetales\n|-sidestart|p2: Farid25ff|move: Aurora Veil\n|\n|-weather|Snowscape|[upkeep]\n|upkeep\n|turn|4\n|\n|t:|1776260125\n|switch|p1b: Charizard|Charizard, L50, M|100/100\n|move|p1a: Maushold|Follow Me|p1a: Maushold\n|-singleturn|p1a: Maushold|move: Follow Me\n|move|p2a: Ninetales|Blizzard|p1a: Maushold|[spread] p1a,p1b\n|-damage|p1a: Maushold|67/100\n|-damage|p1b: Charizard|79/100\n|-formechange|p2b: Aegislash|Aegislash-Blade|\n|move|p2b: Aegislash|Iron Head|p1a: Maushold\n|-damage|p1a: Maushold|0 fnt\n|faint|p1a: Maushold\n|\n|-weather|Snowscape|[upkeep]\n|upkeep\n|\n|t:|1776260137\n|switch|p1a: Sneasler|Sneasler, L50, F|100/100\n|turn|5\n|\n|t:|1776260151\n|detailschange|p1b: Charizard|Charizard-Mega-Y, L50, M\n|-mega|p1b: Charizard|Charizard|Charizardite Y\n|-weather|SunnyDay|[from] ability: Drought|[of] p1b: Charizard\n|move|p1a: Sneasler|Fake Out|p2a: Ninetales\n|-damage|p2a: Ninetales|11/100\n|move|p2b: Aegislash|Shadow Sneak|p1a: Sneasler\n|-damage|p1a: Sneasler|2/100\n|cant|p2a: Ninetales|flinch\n|move|p1b: Charizard|Heat Wave|p2b: Aegislash|[spread] p2a\n|-miss|p1b: Charizard|p2b: Aegislash\n|-supereffective|p2a: Ninetales|1\n|-crit|p2a: Ninetales\n|-enditem|p2a: Ninetales|Occa Berry|[eat]\n|-enditem|p2a: Ninetales|Occa Berry|[weaken]\n|-damage|p2a: Ninetales|0 fnt\n|faint|p2a: Ninetales\n|\n|-weather|SunnyDay|[upkeep]\n|upkeep\n|\n|t:|1776260171\n|switch|p2a: Dragonite|Dragonite, L50, M|100/100\n|turn|6\n|inactive|Sharkhy_ has 30 seconds left.\n|\n|t:|1776260200\n|move|p1a: Sneasler|Feint|p2a: Dragonite\n|-damage|p2a: Dragonite|97/100\n|move|p2b: Aegislash|Shadow Sneak|p1a: Sneasler\n|-damage|p1a: Sneasler|0 fnt\n|faint|p1a: Sneasler\n|move|p1b: Charizard|Overheat|p2b: Aegislash\n|-supereffective|p2b: Aegislash|1\n|-damage|p2b: Aegislash|0 fnt\n|-unboost|p1b: Charizard|spa|2\n|faint|p2b: Aegislash\n|move|p2a: Dragonite|Dragon Dance|p2a: Dragonite\n|-boost|p2a: Dragonite|atk|1\n|-boost|p2a: Dragonite|spe|1\n|\n|-weather|SunnyDay|[upkeep]\n|upkeep\n|\n|t:|1776260215\n|switch|p1a: Garchomp|Garchomp, L50, F|88/100\n|switch|p2b: Infernape|Infernape, L50, M|71/100\n|turn|7\n|\n|t:|1776260237\n|move|p1b: Charizard|Protect|p1b: Charizard\n|-singleturn|p1b: Charizard|Protect\n|move|p2b: Infernape|Fake Out|p1a: Garchomp\n|-damage|p1a: Garchomp|75/100\n|-damage|p2b: Infernape|59/100|[from] ability: Rough Skin|[of] p1a: Garchomp\n|cant|p1a: Garchomp|flinch\n|move|p2a: Dragonite|Dragon Claw|p1a: Garchomp\n|-supereffective|p1a: Garchomp|1\n|-damage|p1a: Garchomp|0 fnt\n|-damage|p2a: Dragonite|85/100|[from] ability: Rough Skin|[of] p1a: Garchomp\n|faint|p1a: Garchomp\n|\n|-weather|SunnyDay|[upkeep]\n|-sideend|p2: Farid25ff|move: Aurora Veil\n|upkeep\n|turn|8\n|\n|t:|1776260261\n|move|p2a: Dragonite|Extreme Speed|p1b: Charizard\n|-damage|p1b: Charizard|15/100\n|move|p2b: Infernape|Overheat|p1b: Charizard\n|-resisted|p1b: Charizard|1\n|-damage|p1b: Charizard|0 fnt\n|-unboost|p2b: Infernape|spa|2\n|faint|p1b: Charizard\n|\n|win|Farid25ff\n|raw|Sharkhy_'s rating: 1048 &rarr; <strong>1031</strong><br />(-17 for losing)\n|raw|Farid25ff's rating: 1048 &rarr; <strong>1081</strong><br />(+33 for winning)\n|l|\u2606Farid25ff\n|player|p2|\n",
  "uploadtime": 1776260372,
  "views": 36,
  "formatid": "gen9championsvgc2026regma",
  "rating": 1031,
  "private": 0,
  "password": null
}