{
  "id": "gen9championsvgc2026regma-2587241362",
  "format": "[Gen 9 Champions] VGC 2026 Reg M-A",
  "players": [
    "l.x.z.z.z",
    "pipeei"
  ],
  "log": "|j|\u2606l.x.z.z.z\n|j|\u2606pipeei\n|t:|1776513337\n|gametype|doubles\n|player|p1|l.x.z.z.z|1|1171\n|player|p2|pipeei|ingo|1247\n|gen|9\n|tier|[Gen 9 Champions] VGC 2026 Reg M-A\n|rated|\n|rule|Species Clause: Limit one of each Pok\u00e9mon\n|rule|Item Clause: Limit 1 of each item\n|clearpoke\n|poke|p1|Dragonite, L50, F|\n|poke|p1|Floette-Eternal, L50, F|\n|poke|p1|Sinistcha, L50|\n|poke|p1|Rotom-Wash, L50|\n|poke|p1|Corviknight, L50, F|\n|poke|p1|Arcanine-Hisui, L50, M|\n|poke|p2|Glimmora, L50, M|\n|poke|p2|Espathra, L50, F|\n|poke|p2|Archaludon, L50, F|\n|poke|p2|Pelipper, L50, F|\n|poke|p2|Kingambit, L50, F|\n|poke|p2|Sneasler, L50, M|\n|teampreview|4\n|\n|t:|1776513366\n|teamsize|p1|4\n|teamsize|p2|4\n|start\n|switch|p1a: Rotom|Rotom-Wash, L50|100/100\n|switch|p1b: Arcanine|Arcanine-Hisui, L50, M|100/100\n|switch|p2a: Espathra|Espathra, L50, F|100/100\n|switch|p2b: Sneasler|Sneasler, L50, M|100/100\n|-ability|p1b: Arcanine|Intimidate|boost\n|-unboost|p2a: Espathra|atk|1\n|-unboost|p2b: Sneasler|atk|1\n|-enditem|p2b: Sneasler|White Herb\n|-clearnegativeboost|p2b: Sneasler|[silent]\n|turn|1\n|\n|t:|1776513383\n|switch|p1b: Sinistcha|Sinistcha, L50|100/100\n|move|p2b: Sneasler|Fake Out|p1a: Rotom\n|-damage|p1a: Rotom|82/100\n|move|p2a: Espathra|Calm Mind|p2a: Espathra\n|-boost|p2a: Espathra|spa|1\n|-boost|p2a: Espathra|spd|1\n|cant|p1a: Rotom|flinch\n|\n|-ability|p2a: Espathra|Speed Boost|boost\n|-boost|p2a: Espathra|spe|1\n|upkeep\n|turn|2\n|\n|t:|1776513401\n|move|p2b: Sneasler|Rock Slide|p1a: Rotom|[spread] p1a,p1b\n|-damage|p1a: Rotom|55/100\n|-damage|p1b: Sinistcha|86/100\n|move|p2a: Espathra|Calm Mind|p2a: Espathra\n|-boost|p2a: Espathra|spa|1\n|-boost|p2a: Espathra|spd|1\n|move|p1a: Rotom|Will-O-Wisp|p2b: Sneasler\n|-status|p2b: Sneasler|brn\n|cant|p1b: Sinistcha|flinch\n|\n|-damage|p2b: Sneasler|95/100 brn|[from] brn\n|-ability|p2a: Espathra|Speed Boost|boost\n|-boost|p2a: Espathra|spe|1\n|upkeep\n|turn|3\n|\n|t:|1776513422\n|move|p2b: Sneasler|Rock Slide|p1b: Sinistcha|[spread] p1a,p1b\n|-damage|p1a: Rotom|42/100\n|-damage|p1b: Sinistcha|80/100\n|-enditem|p1a: Rotom|Sitrus Berry|[eat]\n|-heal|p1a: Rotom|67/100|[from] item: Sitrus Berry\n|move|p2a: Espathra|Calm Mind|p2a: Espathra\n|-boost|p2a: Espathra|spa|1\n|-boost|p2a: Espathra|spd|1\n|cant|p1a: Rotom|flinch\n|move|p1b: Sinistcha|Matcha Gotcha|p2a: Espathra|[spread] p2b\n|-miss|p1b: Sinistcha|p2a: Espathra\n|-resisted|p2b: Sneasler|1\n|-damage|p2b: Sneasler|78/100 brn\n|-heal|p1b: Sinistcha|87/100|[from] drain|[of] p2b: Sneasler\n|\n|-damage|p2b: Sneasler|72/100 brn|[from] brn\n|-ability|p2a: Espathra|Speed Boost|boost\n|-boost|p2a: Espathra|spe|1\n|upkeep\n|turn|4\n|\n|t:|1776513447\n|move|p1b: Sinistcha|Protect|p1b: Sinistcha\n|-singleturn|p1b: Sinistcha|Protect\n|move|p2a: Espathra|Calm Mind|p2a: Espathra\n|-boost|p2a: Espathra|spa|1\n|-boost|p2a: Espathra|spd|1\n|move|p2b: Sneasler|Rock Slide|p1a: Rotom|[spread] p1a\n|-activate|p1b: Sinistcha|move: Protect\n|-damage|p1a: Rotom|53/100\n|move|p1a: Rotom|Volt Switch|p2b: Sneasler\n|-damage|p2b: Sneasler|29/100 brn\n|\n|t:|1776513459\n|switch|p1a: Arcanine|Arcanine-Hisui, L50, M|100/100|[from] Volt Switch\n|-ability|p1a: Arcanine|Intimidate|boost\n|-unboost|p2a: Espathra|atk|1\n|-unboost|p2b: Sneasler|atk|1\n|\n|-damage|p2b: Sneasler|23/100 brn|[from] brn\n|-ability|p2a: Espathra|Speed Boost|boost\n|-boost|p2a: Espathra|spe|1\n|upkeep\n|turn|5\n|\n|t:|1776513470\n|move|p2a: Espathra|Protect|p2a: Espathra\n|-singleturn|p2a: Espathra|Protect\n|move|p1b: Sinistcha|Rage Powder|p1b: Sinistcha\n|-singleturn|p1b: Sinistcha|move: Rage Powder\n|move|p2b: Sneasler|Rock Slide|p1a: Arcanine|[spread] p1b\n|-miss|p2b: Sneasler|p1a: Arcanine\n|-damage|p1b: Sinistcha|82/100\n|move|p1a: Arcanine|Flare Blitz|p2a: Espathra\n|-activate|p2a: Espathra|move: Protect\n|\n|-damage|p2b: Sneasler|17/100 brn|[from] brn\n|-ability|p2a: Espathra|Speed Boost|boost\n|-boost|p2a: Espathra|spe|1\n|upkeep\n|turn|6\n|\n|t:|1776513484\n|move|p1b: Sinistcha|Rage Powder|p1b: Sinistcha\n|-singleturn|p1b: Sinistcha|move: Rage Powder\n|move|p2a: Espathra|Baton Pass|p2a: Espathra\n|\n|t:|1776513488\n|switch|p2a: Glimmora|Glimmora, L50, M|100/100|[from] Baton Pass\n|move|p2b: Sneasler|Rock Slide|p1b: Sinistcha|[spread] p1a,p1b\n|-supereffective|p1a: Arcanine|1\n|-damage|p1a: Arcanine|84/100\n|-damage|p1b: Sinistcha|77/100\n|move|p1a: Arcanine|Flare Blitz|p2a: Glimmora\n|-resisted|p2a: Glimmora|1\n|-damage|p2a: Glimmora|60/100\n|-activate|p2a: Glimmora|ability: Toxic Debris\n|-sidestart|p1: l.x.z.z.z|move: Toxic Spikes\n|-damage|p1a: Arcanine|72/100|[from] Recoil\n|\n|-damage|p2b: Sneasler|11/100 brn|[from] brn\n|upkeep\n|turn|7\n|\n|t:|1776513507\n|detailschange|p2a: Glimmora|Glimmora-Mega, L50, M\n|-mega|p2a: Glimmora|Glimmora|Glimmoranite\n|move|p2a: Glimmora|Sludge Wave|p1a: Arcanine|[spread] p2b,p1a,p1b\n|-resisted|p2b: Sneasler|1\n|-resisted|p1a: Arcanine|1\n|-damage|p2b: Sneasler|0 fnt\n|-damage|p1a: Arcanine|0 fnt\n|-damage|p1b: Sinistcha|0 fnt\n|faint|p2b: Sneasler\n|faint|p1a: Arcanine\n|faint|p1b: Sinistcha\n|\n|upkeep\n|\n|t:|1776513517\n|switch|p2b: Archaludon|Archaludon, L50, F|100/100\n|switch|p1a: Dragonite|Dragonite, L50, F|100/100\n|switch|p1b: Rotom|Rotom-Wash, L50|53/100\n|turn|8\n|\n|t:|1776513528\n|detailschange|p1a: Dragonite|Dragonite-Mega, L50, F\n|-mega|p1a: Dragonite|Dragonite|Dragoninite\n|move|p2a: Glimmora|Sludge Wave|p1b: Rotom|[spread] p1a,p1b\n|-immune|p2b: Archaludon\n|-damage|p1a: Dragonite|27/100\n|-damage|p1b: Rotom|0 fnt\n|faint|p1b: Rotom\n|move|p1a: Dragonite|Draco Meteor|p2b: Archaludon\n|-damage|p2b: Archaludon|25/100\n|-unboost|p1a: Dragonite|spa|2\n|-ability|p2b: Archaludon|Stamina|boost\n|-boost|p2b: Archaludon|def|1\n|move|p2b: Archaludon|Dragon Pulse|p1a: Dragonite\n|-supereffective|p1a: Dragonite|1\n|-damage|p1a: Dragonite|0 fnt\n|faint|p1a: Dragonite\n|\n|win|pipeei\n|raw|l.x.z.z.z's rating: 1171 &rarr; <strong>1151</strong><br />(-20 for losing)\n|raw|pipeei's rating: 1247 &rarr; <strong>1267</strong><br />(+20 for winning)\n|l|\u2606l.x.z.z.z\n|player|p1|\n",
  "uploadtime": 1776513545,
  "views": 28,
  "formatid": "gen9championsvgc2026regma",
  "rating": 1151,
  "private": 0,
  "password": null
}