{
  "id": "gen9championsvgc2026regma-2585548627",
  "format": "[Gen 9 Champions] VGC 2026 Reg M-A",
  "players": [
    "MegaPoblano",
    "poop33"
  ],
  "log": "|j|\u203dMegaPoblano\n|j|\u2606poop33\n|t:|1776354803\n|gametype|doubles\n|player|p1|MegaPoblano|red|1077\n|player|p2|poop33|265|1000\n|gen|9\n|tier|[Gen 9 Champions] VGC 2026 Reg M-A\n|rated|\n|rule|Species Clause: Limit one of each Pok\u00e9mon\n|rule|Item Clause: Limit 1 of each item\n|clearpoke\n|poke|p1|Scovillain, L50, F|\n|poke|p1|Aerodactyl, L50, F|\n|poke|p1|Garchomp, L50, F|\n|poke|p1|Sneasler, L50, M|\n|poke|p1|Sinistcha, L50|\n|poke|p1|Primarina, L50, M|\n|poke|p2|Meganium, L50, F|\n|poke|p2|Archaludon, L50, M|\n|poke|p2|Basculegion, L50, M|\n|poke|p2|Maushold, L50|\n|poke|p2|Politoed, L50, M|\n|poke|p2|Talonflame, L50, M|\n|teampreview|4\n|\n|t:|1776354830\n|teamsize|p1|4\n|teamsize|p2|4\n|start\n|switch|p1a: Scovillain|Scovillain, L50, F|100/100\n|switch|p1b: Primarina|Primarina, L50, M|100/100\n|switch|p2a: Politoed|Politoed, L50, M|100/100\n|switch|p2b: Talonflame|Talonflame, L50, M|100/100\n|-weather|RainDance|[from] ability: Drizzle|[of] p2a: Politoed\n|turn|1\n|\n|t:|1776354847\n|move|p1a: Scovillain|Protect|p1a: Scovillain\n|-singleturn|p1a: Scovillain|Protect\n|move|p2a: Politoed|Protect|p2a: Politoed\n|-singleturn|p2a: Politoed|Protect\n|move|p2b: Talonflame|Tailwind|p2b: Talonflame\n|-sidestart|p2: poop33|move: Tailwind\n|move|p1b: Primarina|Hyper Voice|p2a: Politoed|[spread] p2b\n|-activate|p2a: Politoed|move: Protect\n|-supereffective|p2b: Talonflame|1\n|-damage|p2b: Talonflame|0 fnt\n|faint|p2b: Talonflame\n|\n|-weather|RainDance|[upkeep]\n|-ability|p1a: Scovillain|Moody|boost\n|-boost|p1a: Scovillain|def|2\n|-unboost|p1a: Scovillain|spd|1\n|upkeep\n|\n|t:|1776354861\n|switch|p2b: Meganium|Meganium, L50, F|100/100\n|turn|2\n|\n|t:|1776354880\n|detailschange|p2b: Meganium|Meganium-Mega, L50, F\n|-mega|p2b: Meganium|Meganium|Meganiumite\n|move|p1b: Primarina|Protect|p1b: Primarina\n|-singleturn|p1b: Primarina|Protect\n|move|p2b: Meganium|Solar Beam||[still]\n|-prepare|p2b: Meganium|Solar Beam\n|-activate|p2b: Meganium|ability: Mega Sol\n|-anim|p2b: Meganium|Solar Beam|p1b: Primarina\n|-activate|p1b: Primarina|move: Protect\n|move|p2a: Politoed|Weather Ball|p1a: Scovillain\n|-damage|p1a: Scovillain|0 fnt\n|faint|p1a: Scovillain\n|\n|-weather|RainDance|[upkeep]\n|upkeep\n|\n|t:|1776354895\n|switch|p1a: Sneasler|Sneasler, L50, M|100/100\n|turn|3\n|\n|t:|1776354920\n|move|p1a: Sneasler|Fake Out|p2b: Meganium\n|-damage|p2b: Meganium|86/100\n|cant|p2b: Meganium|flinch\n|move|p2a: Politoed|Weather Ball|p1a: Sneasler\n|-damage|p1a: Sneasler|36/100\n|move|p1b: Primarina|Calm Mind|p1b: Primarina\n|-boost|p1b: Primarina|spa|1\n|-boost|p1b: Primarina|spd|1\n|\n|-weather|RainDance|[upkeep]\n|upkeep\n|turn|4\n|\n|t:|1776354934\n|move|p1a: Sneasler|Protect|p1a: Sneasler\n|-singleturn|p1a: Sneasler|Protect\n|move|p1b: Primarina|Protect|p1b: Primarina\n|-singleturn|p1b: Primarina|Protect\n|move|p2b: Meganium|Solar Beam||[still]\n|-prepare|p2b: Meganium|Solar Beam\n|-activate|p2b: Meganium|ability: Mega Sol\n|-anim|p2b: Meganium|Solar Beam|p1b: Primarina\n|-activate|p1b: Primarina|move: Protect\n|move|p2a: Politoed|Weather Ball|p1a: Sneasler\n|-activate|p1a: Sneasler|move: Protect\n|\n|-weather|RainDance|[upkeep]\n|-sideend|p2: poop33|move: Tailwind\n|upkeep\n|turn|5\n|\n|t:|1776354954\n|move|p2b: Meganium|Protect|p2b: Meganium\n|-singleturn|p2b: Meganium|Protect\n|move|p1a: Sneasler|Dire Claw|p2b: Meganium\n|-activate|p2b: Meganium|move: Protect\n|move|p1b: Primarina|Moonblast|p2b: Meganium\n|-activate|p2b: Meganium|move: Protect\n|move|p2a: Politoed|Icy Wind|p1b: Primarina|[spread] p1a,p1b\n|-resisted|p1b: Primarina|1\n|-damage|p1a: Sneasler|23/100\n|-damage|p1b: Primarina|98/100\n|-unboost|p1a: Sneasler|spe|1\n|-unboost|p1b: Primarina|spe|1\n|-enditem|p1a: Sneasler|White Herb\n|-clearnegativeboost|p1a: Sneasler|[silent]\n|\n|-weather|none\n|-heal|p1b: Primarina|100/100|[from] item: Leftovers\n|upkeep\n|turn|6\n|inactive|Battle timer is ON: inactive players will automatically lose when time's up. (requested by MegaPoblano)\n|\n|t:|1776354994\n|switch|p2a: Basculegion|Basculegion, L50, M|100/100\n|move|p1a: Sneasler|Dire Claw|p2b: Meganium\n|-supereffective|p2b: Meganium|2\n|-damage|p2b: Meganium|0 fnt\n|faint|p2b: Meganium\n|move|p1b: Primarina|Moonblast|p2a: Basculegion\n|-damage|p2a: Basculegion|18/100\n|\n|upkeep\n|\n|t:|1776355003\n|switch|p2b: Politoed|Politoed, L50, M|100/100\n|-weather|RainDance|[from] ability: Drizzle|[of] p2b: Politoed\n|turn|7\n|\n|t:|1776355016\n|move|p1a: Sneasler|Dire Claw|p2a: Basculegion\n|-resisted|p2a: Basculegion|1\n|-damage|p2a: Basculegion|0 fnt\n|faint|p2a: Basculegion\n|move|p2b: Politoed|Icy Wind|p1b: Primarina|[spread] p1a,p1b\n|-resisted|p1b: Primarina|1\n|-damage|p1a: Sneasler|13/100\n|-damage|p1b: Primarina|98/100\n|-unboost|p1a: Sneasler|spe|1\n|-unboost|p1b: Primarina|spe|1\n|move|p1b: Primarina|Hyper Voice|p2b: Politoed\n|-resisted|p2b: Politoed|1\n|-damage|p2b: Politoed|58/100\n|\n|-weather|RainDance|[upkeep]\n|-heal|p1b: Primarina|100/100|[from] item: Leftovers\n|upkeep\n|turn|8\n|-message|poop33 forfeited.\n|\n|win|MegaPoblano\n|raw|MegaPoblano's rating: 1077 &rarr; <strong>1099</strong><br />(+22 for winning)\n|raw|poop33's rating: 1000 &rarr; <strong>1000</strong><br />(+0 for losing)\n|l|\u2606poop33\n|player|p2|\n",
  "uploadtime": 1776355023,
  "views": 18,
  "formatid": "gen9championsvgc2026regma",
  "rating": 1000,
  "private": 0,
  "password": null
}