{
  "id": "gen9championsvgc2026regma-2583292622",
  "format": "[Gen 9 Champions] VGC 2026 Reg M-A",
  "players": [
    "varimare",
    "ChuletonTernera"
  ],
  "log": "|j|\u2606varimare\n|j|\u2606ChuletonTernera\n|t:|1776163905\n|gametype|doubles\n|player|p1|varimare|alder|1310\n|player|p2|ChuletonTernera|benga|1361\n|gen|9\n|tier|[Gen 9 Champions] VGC 2026 Reg M-A\n|rated|\n|rule|Species Clause: Limit one of each Pok\u00e9mon\n|rule|Item Clause: Limit 1 of each item\n|clearpoke\n|poke|p1|Chesnaught, L50, M|\n|poke|p1|Archaludon, L50, M|\n|poke|p1|Pelipper, L50, F|\n|poke|p1|Sneasler, L50, M|\n|poke|p1|Sinistcha, L50|\n|poke|p1|Glimmora, L50, M|\n|poke|p2|Golurk, L50|\n|poke|p2|Farigiraf, L50, F|\n|poke|p2|Aegislash, L50, M|\n|poke|p2|Primarina, L50, F|\n|poke|p2|Hydreigon, L50, F|\n|poke|p2|Incineroar, L50, F|\n|teampreview|4\n|\n|t:|1776163950\n|teamsize|p1|4\n|teamsize|p2|4\n|start\n|switch|p1a: Archaludon|Archaludon, L50, M|100/100\n|switch|p1b: Pelipper|Pelipper, L50, F|100/100\n|switch|p2a: Hydreigon|Hydreigon, L50, F|100/100\n|switch|p2b: Aegislash|Aegislash, L50, M|100/100\n|-weather|RainDance|[from] ability: Drizzle|[of] p1b: Pelipper\n|turn|1\n|\n|t:|1776163999\n|switch|p2a: Incineroar|Incineroar, L50, F|100/100\n|-ability|p2a: Incineroar|Intimidate|boost\n|-unboost|p1a: Archaludon|atk|1\n|-unboost|p1b: Pelipper|atk|1\n|move|p1b: Pelipper|Weather Ball|p2b: Aegislash\n|-damage|p2b: Aegislash|41/100\n|move|p1a: Archaludon|Draco Meteor|p2a: Incineroar\n|-damage|p2a: Incineroar|51/100\n|-unboost|p1a: Archaludon|spa|2\n|-formechange|p2b: Aegislash|Aegislash-Blade|\n|move|p2b: Aegislash|Poltergeist|p1a: Archaludon\n|-activate|p1a: Archaludon|move: Poltergeist|Chople Berry\n|-damage|p1a: Archaludon|39/100\n|-ability|p1a: Archaludon|Stamina|boost\n|-boost|p1a: Archaludon|def|1\n|\n|-weather|RainDance|[upkeep]\n|upkeep\n|turn|2\n|\n|t:|1776164029\n|switch|p2b: Golurk|Golurk, L50|100/100\n|move|p2a: Incineroar|Fake Out|p1b: Pelipper\n|-crit|p1b: Pelipper\n|-damage|p1b: Pelipper|80/100\n|cant|p1b: Pelipper|flinch\n|move|p1a: Archaludon|Electro Shot||[still]\n|-prepare|p1a: Archaludon|Electro Shot\n|-boost|p1a: Archaludon|spa|1\n|-anim|p1a: Archaludon|Electro Shot|p2b: Golurk\n|-immune|p2b: Golurk\n|\n|-weather|RainDance|[upkeep]\n|upkeep\n|turn|3\n|\n|t:|1776164067\n|switch|p2a: Hydreigon|Hydreigon, L50, F|100/100\n|detailschange|p2b: Golurk|Golurk-Mega, L50\n|-mega|p2b: Golurk|Golurk|Golurkite\n|move|p1b: Pelipper|Weather Ball|p2b: Golurk\n|-supereffective|p2b: Golurk|1\n|-damage|p2b: Golurk|0 fnt\n|faint|p2b: Golurk\n|move|p1a: Archaludon|Aura Sphere|p2a: Hydreigon\n|-supereffective|p2a: Hydreigon|1\n|-damage|p2a: Hydreigon|58/100\n|\n|-weather|RainDance|[upkeep]\n|upkeep\n|\n|t:|1776164096\n|switch|p2b: Incineroar|Incineroar, L50, F|51/100\n|-ability|p2b: Incineroar|Intimidate|boost\n|-unboost|p1a: Archaludon|atk|1\n|-unboost|p1b: Pelipper|atk|1\n|turn|4\n|\n|t:|1776164112\n|move|p2b: Incineroar|Fake Out|p1b: Pelipper\n|-damage|p1b: Pelipper|66/100\n|move|p2a: Hydreigon|Draco Meteor|p1a: Archaludon\n|-damage|p1a: Archaludon|0 fnt\n|-unboost|p2a: Hydreigon|spa|2\n|faint|p1a: Archaludon\n|cant|p1b: Pelipper|flinch\n|\n|-weather|RainDance|[upkeep]\n|upkeep\n|\n|t:|1776164118\n|switch|p1a: Chesnaught|Chesnaught, L50, M, shiny|100/100\n|turn|5\n|\n|t:|1776164127\n|switch|p2a: Aegislash|Aegislash, L50, M|41/100\n|detailschange|p1a: Chesnaught|Chesnaught-Mega, L50, M, shiny\n|-mega|p1a: Chesnaught|Chesnaught|Chesnaughtite\n|move|p1b: Pelipper|Weather Ball|p2b: Incineroar\n|-supereffective|p2b: Incineroar|1\n|-damage|p2b: Incineroar|0 fnt\n|faint|p2b: Incineroar\n|move|p1a: Chesnaught|Body Press|p2a: Aegislash\n|-immune|p2a: Aegislash\n|\n|-weather|none\n|upkeep\n|\n|t:|1776164137\n|switch|p2b: Hydreigon|Hydreigon, L50, F|58/100\n|turn|6\n|\n|t:|1776164154\n|move|p2b: Hydreigon|Heat Wave|p1b: Pelipper|[spread] p1a,p1b\n|-supereffective|p1a: Chesnaught|1\n|-resisted|p1b: Pelipper|1\n|-damage|p1a: Chesnaught|66/100\n|-damage|p1b: Pelipper|44/100\n|move|p1b: Pelipper|Tailwind|p1b: Pelipper\n|-sidestart|p1: varimare|move: Tailwind\n|move|p1a: Chesnaught|Body Press|p2b: Hydreigon\n|-supereffective|p2b: Hydreigon|1\n|-damage|p2b: Hydreigon|0 fnt\n|faint|p2b: Hydreigon\n|-formechange|p2a: Aegislash|Aegislash-Blade|\n|move|p2a: Aegislash|Poltergeist|p1a: Chesnaught\n|-activate|p1a: Chesnaught|move: Poltergeist|Chesnaughtite\n|-damage|p1a: Chesnaught|24/100\n|\n|upkeep\n|turn|7\n|\n|t:|1776164169\n|-formechange|p2a: Aegislash|Aegislash|\n|move|p2a: Aegislash|King's Shield|p2a: Aegislash\n|-singleturn|p2a: Aegislash|Protect\n|move|p1b: Pelipper|Hurricane|p2a: Aegislash\n|-activate|p2a: Aegislash|move: Protect\n|move|p1a: Chesnaught|Wood Hammer|p2a: Aegislash\n|-activate|p2a: Aegislash|move: Protect\n|-unboost|p1a: Chesnaught|atk|1\n|\n|upkeep\n|turn|8\n|\n|t:|1776164179\n|switch|p1a: Sinistcha|Sinistcha, L50|100/100\n|-heal|p1b: Pelipper|69/100|[from] ability: Hospitality|[of] p1a: Sinistcha\n|move|p1b: Pelipper|Hurricane|p2a: Aegislash\n|-resisted|p2a: Aegislash|1\n|-damage|p2a: Aegislash|20/100\n|-start|p2a: Aegislash|confusion\n|-activate|p2a: Aegislash|confusion\n|-formechange|p2a: Aegislash|Aegislash-Blade|\n|move|p2a: Aegislash|Poltergeist|p1a: Sinistcha\n|-activate|p1a: Sinistcha|move: Poltergeist|Occa Berry\n|-supereffective|p1a: Sinistcha|1\n|-damage|p1a: Sinistcha|0 fnt\n|faint|p1a: Sinistcha\n|\n|upkeep\n|\n|t:|1776164186\n|switch|p1a: Chesnaught|Chesnaught-Mega, L50, M, shiny|24/100\n|turn|9\n|\n|t:|1776164194\n|move|p1a: Chesnaught|Spiky Shield|p1a: Chesnaught\n|-singleturn|p1a: Chesnaught|move: Protect\n|-activate|p2a: Aegislash|confusion\n|-damage|p2a: Aegislash|0 fnt|[from] confusion\n|faint|p2a: Aegislash\n|\n|win|varimare\n|raw|varimare's rating: 1310 &rarr; <strong>1333</strong><br />(+23 for winning)\n|raw|ChuletonTernera's rating: 1361 &rarr; <strong>1338</strong><br />(-23 for losing)\n|l|\u2606ChuletonTernera\n|player|p2|\n",
  "uploadtime": 1776164205,
  "views": 27,
  "formatid": "gen9championsvgc2026regma",
  "rating": 1333,
  "private": 0,
  "password": null
}