{
  "id": "gen9championsvgc2026regma-2580981497",
  "format": "[Gen 9 Champions] VGC 2026 Reg M-A",
  "players": [
    "donkdonkdonkdonk",
    "xRAIOOx"
  ],
  "log": "|j|\u2606donkdonkdonkdonk\n|j|\u2606xRAIOOx\n|t:|1775948769\n|gametype|doubles\n|player|p1|donkdonkdonkdonk|birdkeeper|1040\n|player|p2|xRAIOOx|hiker-gen4|1000\n|gen|9\n|tier|[Gen 9 Champions] VGC 2026 Reg M-A\n|rated|\n|rule|Species Clause: Limit one of each Pok\u00e9mon\n|rule|Item Clause: Limit 1 of each item\n|clearpoke\n|poke|p1|Altaria, L50, F|\n|poke|p1|Excadrill, L50, M|\n|poke|p1|Tyranitar, L50, F|\n|poke|p1|Sinistcha, L50|\n|poke|p1|Incineroar, L50, M|\n|poke|p1|Gengar, L50, M|\n|poke|p2|Stunfisk-Galar, L50, M|\n|poke|p2|Whimsicott, L50, F|\n|poke|p2|Meganium, L50, M|\n|poke|p2|Pelipper, L50, F|\n|poke|p2|Tinkaton, L50, F|\n|poke|p2|Basculegion, L50, M|\n|teampreview|4\n|inactive|Battle timer is ON: inactive players will automatically lose when time's up. (requested by xRAIOOx)\n|inactive|xRAIOOx has 60 seconds left.\n|\n|t:|1775948811\n|teamsize|p1|4\n|teamsize|p2|4\n|start\n|switch|p1a: Nero|Incineroar, L50, M|100/100\n|switch|p1b: Bijira|Tyranitar, L50, F, shiny|100/100\n|switch|p2a: Pelipper|Pelipper, L50, F|100/100\n|switch|p2b: Stunfisk|Stunfisk-Galar, L50, M|100/100\n|-weather|RainDance|[from] ability: Drizzle|[of] p2a: Pelipper\n|-weather|Sandstorm|[from] ability: Sand Stream|[of] p1b: Bijira\n|-ability|p1a: Nero|Intimidate|boost\n|-unboost|p2a: Pelipper|atk|1\n|-unboost|p2b: Stunfisk|atk|1\n|turn|1\n|inactive|donkdonkdonkdonk has 30 seconds left.\n|\n|t:|1775948839\n|switch|p2a: Tinkaton|Tinkaton, L50, F|100/100\n|-ability|p2a: Tinkaton|Mold Breaker\n|move|p1a: Nero|Fake Out|p2a: Tinkaton\n|-resisted|p2a: Tinkaton|1\n|-damage|p2a: Tinkaton|93/100\n|move|p1b: Bijira|Dragon Dance|p1b: Bijira\n|-boost|p1b: Bijira|atk|1\n|-boost|p1b: Bijira|spe|1\n|move|p2b: Stunfisk|Yawn|p1b: Bijira\n|-start|p1b: Bijira|move: Yawn|[of] p2b: Stunfisk\n|\n|-weather|Sandstorm|[upkeep]\n|-damage|p1a: Nero|95/100|[from] Sandstorm\n|upkeep\n|turn|2\n|inactive|donkdonkdonkdonk has 30 seconds left.\n|inactive|donkdonkdonkdonk has 20 seconds left.\n|inactive|donkdonkdonkdonk has 15 seconds left.\n|\n|t:|1775948880\n|switch|p2a: Pelipper|Pelipper, L50, F|100/100\n|-weather|RainDance|[from] ability: Drizzle|[of] p2a: Pelipper\n|move|p1b: Bijira|Thunder Punch|p2a: Pelipper\n|-supereffective|p2a: Pelipper|2\n|-damage|p2a: Pelipper|0 fnt\n|faint|p2a: Pelipper\n|move|p1a: Nero|Flare Blitz|p2b: Stunfisk\n|-supereffective|p2b: Stunfisk|1\n|-damage|p2b: Stunfisk|61/100\n|-damage|p1a: Nero|81/100|[from] Recoil\n|move|p2b: Stunfisk|Snap Trap|p1a: Nero\n|-resisted|p1a: Nero|1\n|-damage|p1a: Nero|77/100\n|-activate|p1a: Nero|move: Snap Trap|[of] p2b: Stunfisk\n|\n|-weather|RainDance|[upkeep]\n|-heal|p2b: Stunfisk|67/100|[from] item: Leftovers\n|-damage|p1a: Nero|65/100|[from] move: Snap Trap|[partiallytrapped]\n|-end|p1b: Bijira|move: Yawn|[silent]\n|-status|p1b: Bijira|slp\n|upkeep\n|\n|t:|1775948892\n|switch|p2a: Basculegion|Basculegion, L50, M|100/100\n|turn|3\n|\n|t:|1775948908\n|switch|p1b: Kimiko|Altaria, L50, F, shiny|100/100\n|-ability|p1b: Kimiko|Cloud Nine\n|move|p2a: Basculegion|Head Smash|p1a: Nero\n|-supereffective|p1a: Nero|1\n|-damage|p1a: Nero|0 fnt\n|faint|p1a: Nero\n|-damage|p2a: Basculegion|67/100|[from] Recoil\n|move|p2b: Stunfisk|Snap Trap|p1b: Kimiko\n|-damage|p1b: Kimiko|93/100\n|-activate|p1b: Kimiko|move: Snap Trap|[of] p2b: Stunfisk\n|\n|-weather|RainDance|[upkeep]\n|-heal|p2b: Stunfisk|73/100|[from] item: Leftovers\n|-damage|p1b: Kimiko|81/100|[from] move: Snap Trap|[partiallytrapped]\n|upkeep\n|\n|t:|1775948927\n|switch|p1a: Morde|Gengar, L50, M, shiny|100/100\n|turn|4\n|\n|t:|1775948945\n|switch|p2a: Tinkaton|Tinkaton, L50, F|93/100\n|-ability|p2a: Tinkaton|Mold Breaker\n|detailschange|p1a: Morde|Gengar-Mega, L50, M, shiny\n|-mega|p1a: Morde|Gengar|Gengarite\n|move|p1b: Kimiko|Protect|p1b: Kimiko\n|-singleturn|p1b: Kimiko|Protect\n|move|p1a: Morde|Shadow Ball|p2a: Tinkaton\n|-damage|p2a: Tinkaton|52/100\n|move|p2b: Stunfisk|Yawn|p1a: Morde\n|-start|p1a: Morde|move: Yawn|[of] p2b: Stunfisk\n|\n|-weather|RainDance|[upkeep]\n|-heal|p2b: Stunfisk|79/100|[from] item: Leftovers\n|-damage|p1b: Kimiko|69/100|[from] move: Snap Trap|[partiallytrapped]\n|upkeep\n|turn|5\n|inactive|donkdonkdonkdonk has 30 seconds left.\n|\n|t:|1775948979\n|move|p2a: Tinkaton|Fake Out|p1b: Kimiko\n|-damage|p1b: Kimiko|60/100\n|move|p1a: Morde|Thunderbolt|p2a: Tinkaton\n|-damage|p2a: Tinkaton|21/100\n|cant|p1b: Kimiko|flinch\n|move|p2b: Stunfisk|Snap Trap|p1a: Morde\n|-damage|p1a: Morde|90/100\n|-activate|p1a: Morde|move: Snap Trap|[of] p2b: Stunfisk\n|\n|-weather|RainDance|[upkeep]\n|-heal|p2b: Stunfisk|85/100|[from] item: Leftovers\n|-damage|p1a: Morde|77/100|[from] move: Snap Trap|[partiallytrapped]\n|-damage|p1b: Kimiko|48/100|[from] move: Snap Trap|[partiallytrapped]\n|-end|p1a: Morde|move: Yawn|[silent]\n|-status|p1a: Morde|slp\n|upkeep\n|turn|6\n|inactive|donkdonkdonkdonk has 30 seconds left.\n|inactive|xRAIOOx has 30 seconds left.\n|inactive|xRAIOOx has 20 seconds left.\n|inactive|xRAIOOx has 15 seconds left.\n|inactive|xRAIOOx has 10 seconds left.\n|\n|t:|1775949024\n|cant|p1a: Morde|slp\n|move|p2a: Tinkaton|Rock Slide|p1b: Kimiko|[spread] p1b\n|-miss|p2a: Tinkaton|p1a: Morde\n|-supereffective|p1b: Kimiko|1\n|-damage|p1b: Kimiko|24/100\n|move|p1b: Kimiko|Ice Beam|p2a: Tinkaton\n|-resisted|p2a: Tinkaton|1\n|-damage|p2a: Tinkaton|13/100\n|move|p2b: Stunfisk|Counter||[still]\n|-fail|p2b: Stunfisk\n|\n|-weather|none\n|-heal|p2b: Stunfisk|91/100|[from] item: Leftovers\n|-damage|p1a: Morde|65/100 slp|[from] move: Snap Trap|[partiallytrapped]\n|-damage|p1b: Kimiko|11/100|[from] move: Snap Trap|[partiallytrapped]\n|upkeep\n|turn|7\n|inactive|donkdonkdonkdonk has 30 seconds left.\n|\n|t:|1775949058\n|cant|p1a: Morde|slp\n|move|p2a: Tinkaton|Rock Slide|p1b: Kimiko|[spread] p1a,p1b\n|-supereffective|p1b: Kimiko|1\n|-damage|p1a: Morde|46/100 slp\n|-damage|p1b: Kimiko|0 fnt\n|faint|p1b: Kimiko\n|move|p2b: Stunfisk|Snap Trap|p1a: Morde\n|-damage|p1a: Morde|34/100 slp\n|\n|-heal|p2b: Stunfisk|97/100|[from] item: Leftovers\n|-damage|p1a: Morde|22/100 slp|[from] move: Snap Trap|[partiallytrapped]\n|upkeep\n|\n|t:|1775949072\n|switch|p1b: Bijira|Tyranitar, L50, F, shiny|100/100 slp\n|-weather|Sandstorm|[from] ability: Sand Stream|[of] p1b: Bijira\n|turn|8\n|inactive|donkdonkdonkdonk has 30 seconds left.\n|\n|t:|1775949105\n|-curestatus|p1a: Morde|slp|[msg]\n|move|p1a: Morde|Shadow Ball|p2a: Tinkaton\n|-damage|p2a: Tinkaton|0 fnt\n|faint|p2a: Tinkaton\n|cant|p1b: Bijira|slp\n|move|p2b: Stunfisk|Snap Trap|p1b: Bijira\n|-supereffective|p1b: Bijira|1\n|-damage|p1b: Bijira|89/100 slp\n|-activate|p1b: Bijira|move: Snap Trap|[of] p2b: Stunfisk\n|\n|-weather|Sandstorm|[upkeep]\n|-damage|p1a: Morde|16/100|[from] Sandstorm\n|-heal|p2b: Stunfisk|100/100|[from] item: Leftovers\n|-damage|p1a: Morde|3/100|[from] move: Snap Trap|[partiallytrapped]\n|-damage|p1b: Bijira|77/100 slp|[from] move: Snap Trap|[partiallytrapped]\n|upkeep\n|\n|t:|1775949117\n|switch|p2a: Basculegion|Basculegion, L50, M|67/100\n|turn|9\n|\n|t:|1775949127\n|move|p2a: Basculegion|Wave Crash|p1b: Bijira\n|-supereffective|p1b: Bijira|1\n|-damage|p1b: Bijira|0 fnt\n|faint|p1b: Bijira\n|-damage|p2a: Basculegion|40/100|[from] Recoil\n|move|p1a: Morde|Shadow Ball|p2a: Basculegion\n|-supereffective|p2a: Basculegion|1\n|-damage|p2a: Basculegion|0 fnt\n|faint|p2a: Basculegion\n|move|p2b: Stunfisk|Snap Trap|p1a: Morde\n|-damage|p1a: Morde|0 fnt\n|faint|p1a: Morde\n|\n|win|xRAIOOx\n|raw|donkdonkdonkdonk's rating: 1040 &rarr; <strong>1022</strong><br />(-18 for losing)\n|raw|xRAIOOx's rating: 1000 &rarr; <strong>1045</strong><br />(+45 for winning)\n",
  "uploadtime": 1775949142,
  "views": 31,
  "formatid": "gen9championsvgc2026regma",
  "rating": 1022,
  "private": 0,
  "password": null
}