{
  "id": "gen9championsvgc2026regma-2585889697",
  "format": "[Gen 9 Champions] VGC 2026 Reg M-A",
  "players": [
    "thewxfr",
    "gasertheegyptain"
  ],
  "log": "|j|\u2606thewxfr\n|j|\u2606gasertheegyptain\n|t:|1776378756\n|gametype|doubles\n|player|p1|thewxfr|102|\n|player|p2|gasertheegyptain|unknown|\n|gen|9\n|tier|[Gen 9 Champions] VGC 2026 Reg M-A\n|rule|Species Clause: Limit one of each Pok\u00e9mon\n|rule|Item Clause: Limit 1 of each item\n|clearpoke\n|poke|p1|Sableye, L50, M|\n|poke|p1|Typhlosion, L50, M|\n|poke|p1|Floette-Eternal, L50, F|\n|poke|p1|Sinistcha, L50|\n|poke|p1|Torkoal, L50, M|\n|poke|p1|Oranguru, L50, M|\n|poke|p2|Tsareena, L50, F|\n|poke|p2|Clefable, L50, M|\n|poke|p2|Sneasler, L50, F|\n|poke|p2|Incineroar, L50, F|\n|poke|p2|Sinistcha-Masterpiece, L50|\n|poke|p2|Floette-Eternal, L50, F|\n|teampreview|4\nthewxfr rejected open team sheets.\n|\n|t:|1776378805\n|teamsize|p1|4\n|teamsize|p2|4\n|start\n|switch|p1a: Sableye|Sableye, L50, M|100/100\n|switch|p1b: Typhlosion|Typhlosion, L50, M|100/100\n|switch|p2a: Sneasler|Sneasler, L50, F|100/100\n|switch|p2b: Incineroar|Incineroar, L50, F|100/100\n|-ability|p2b: Incineroar|Intimidate|boost\n|-unboost|p1a: Sableye|atk|1\n|-unboost|p1b: Typhlosion|atk|1\n|turn|1\n|\n|t:|1776378829\n|switch|p1b: Sinistcha|Sinistcha, L50|100/100\n|switch|p1a: Floette|Floette-Eternal, L50, F|100/100\n|move|p2a: Sneasler|Fake Out|p1b: Sinistcha\n|-immune|p1b: Sinistcha\n|move|p2b: Incineroar|Parting Shot|p1b: Sinistcha\n|-block|p1b: Sinistcha|ability: Flower Veil|[of] p1a: Floette\n|\n|upkeep\n|turn|2\n|c|\u2606gasertheegyptain|you son of a gun\n|c|\u2606thewxfr|read like a book\n|\n|t:|1776378852\n|detailschange|p1a: Floette|Floette-Mega, L50, F\n|-mega|p1a: Floette|Floette|Floettite\n|-ability|p1a: Floette|Fairy Aura\n|move|p1b: Sinistcha|Rage Powder|p1b: Sinistcha\n|-singleturn|p1b: Sinistcha|move: Rage Powder\n|move|p2a: Sneasler|Dire Claw|p1b: Sinistcha\n|-damage|p1b: Sinistcha|68/100\n|move|p1a: Floette|Dazzling Gleam|p2b: Incineroar|[spread] p2a,p2b\n|-damage|p2a: Sneasler|27/100\n|-damage|p2b: Incineroar|61/100\n|move|p2b: Incineroar|Flare Blitz|p1b: Sinistcha\n|-supereffective|p1b: Sinistcha|1\n|-crit|p1b: Sinistcha\n|-damage|p1b: Sinistcha|0 fnt\n|faint|p1b: Sinistcha\n|-damage|p2b: Incineroar|42/100|[from] Recoil\n|\n|upkeep\n|c|\u2606gasertheegyptain|im not that readable\n|c|\u2606thewxfr|it was readable fr\n|c|\u2606gasertheegyptain|stfu\n|\n|t:|1776378872\n|switch|p1b: Sableye|Sableye, L50, M|100/100\n|turn|3\n|\n|t:|1776378880\n|move|p1b: Sableye|Quash|p2a: Sneasler\n|-activate|p2a: Sneasler|move: Quash\n|move|p1a: Floette|Dazzling Gleam|p2a: Sneasler|[spread] p2a,p2b\n|-damage|p2a: Sneasler|0 fnt\n|-damage|p2b: Incineroar|0 fnt\n|faint|p2a: Sneasler\n|faint|p2b: Incineroar\n|\n|upkeep\n|\n|t:|1776378886\n|switch|p2a: Floette|Floette-Eternal, L50, F|100/100\n|switch|p2b: Clefable|Clefable, L50, M|100/100\n|turn|4\n|\n|t:|1776378909\n|detailschange|p2a: Floette|Floette-Mega, L50, F\n|-mega|p2a: Floette|Floette|Floettite\n|-ability|p2a: Floette|Fairy Aura\n|move|p1b: Sableye|Helping Hand|p1a: Floette\n|-singleturn|p1a: Floette|Helping Hand|[of] p1b: Sableye\n|move|p2a: Floette|Protect|p2a: Floette\n|-singleturn|p2a: Floette|Protect\n|move|p1a: Floette|Dazzling Gleam|p2a: Floette|[spread] p2b\n|-activate|p2a: Floette|move: Protect\n|-damage|p2b: Clefable|34/100\n|move|p2b: Clefable|Moonblast|p1b: Sableye\n|-supereffective|p1b: Sableye|1\n|-damage|p1b: Sableye|0 fnt\n|faint|p1b: Sableye\n|\n|upkeep\n|\n|t:|1776378919\n|switch|p1b: Typhlosion|Typhlosion, L50, M|100/100\n|turn|5\n|\n|t:|1776378929\n|move|p2b: Clefable|Helping Hand|p2a: Floette\n|-singleturn|p2a: Floette|Helping Hand|[of] p2b: Clefable\n|move|p1b: Typhlosion|Eruption|p2a: Floette|[spread] p2a,p2b\n|-damage|p2a: Floette|57/100\n|-damage|p2b: Clefable|0 fnt\n|faint|p2b: Clefable\n|move|p1a: Floette|Dazzling Gleam|p2a: Floette\n|-damage|p2a: Floette|12/100\n|move|p2a: Floette|Moonblast|p1b: Typhlosion\n|-resisted|p1b: Typhlosion|1\n|-damage|p1b: Typhlosion|23/100\n|\n|upkeep\n|turn|6\n|c|\u2606gasertheegyptain|yeah yeah gg\n|c|\u2606gasertheegyptain|fuck sableye\n|\n|t:|1776378945\n|move|p1b: Typhlosion|Eruption|p2a: Floette\n|-damage|p2a: Floette|0 fnt\n|faint|p2a: Floette\n|\n|win|thewxfr\n|c|\u2606thewxfr|lmao\n|c|\u2606thewxfr|gg\n|c|\u2606thewxfr|imma do smth\n|c|\u2606thewxfr|relating to HD\n|c|\u2606gasertheegyptain|alr\n|c|\u2606gasertheegyptain|?\n",
  "uploadtime": 1776378966,
  "views": 15,
  "formatid": "gen9championsvgc2026regma",
  "rating": null,
  "private": 0,
  "password": null
}