{
  "id": "gen9championsvgc2026regma-2589458540",
  "format": "[Gen 9 Champions] VGC 2026 Reg M-A",
  "players": [
    "MimikyuBot",
    "ChikinNuggies"
  ],
  "log": "|j|\u2606MimikyuBot\n|j|\u2606ChikinNuggies\n|t:|1776724767\n|gametype|doubles\n|player|p1|MimikyuBot|266|1000\n|player|p2|ChikinNuggies|volkner|1040\n|gen|9\n|tier|[Gen 9 Champions] VGC 2026 Reg M-A\n|rated|\n|rule|Species Clause: Limit one of each Pok\u00e9mon\n|rule|Item Clause: Limit 1 of each item\n|clearpoke\n|poke|p1|Aegislash, L50, F, shiny|\n|poke|p1|Whimsicott, L50, F, shiny|\n|poke|p1|Gallade, L50, M, shiny|\n|poke|p1|Incineroar, L50, M, shiny|\n|poke|p1|Clefable, L50, F, shiny|\n|poke|p1|Milotic, L50, M, shiny|\n|poke|p2|Hatterene, L50, F|\n|poke|p2|Camerupt, L50, F|\n|poke|p2|Crabominable, L50, M|\n|poke|p2|Tsareena, L50, F|\n|poke|p2|Incineroar, L50, M|\n|poke|p2|Slowking, L50, M|\n|teampreview|4\n|inactive|Battle timer is ON: inactive players will automatically lose when time's up. (requested by ChikinNuggies)\nMimikyuBot has agreed to open team sheets.\nChikinNuggies has agreed to open team sheets.\n|showteam|p1|Aegislash||SpellTag|StanceChange|IronHead,KingsShield,Poltergeist,ShadowSneak|||F|||50|]Whimsicott||FocusSash|Prankster|Tailwind,Moonblast,SunnyDay,Encore|||F|||50|]Gallade||Galladite|Sharpness|PsychoCut,SacredSword,TripleAxel,Protect|||M|||50|]Incineroar||Leftovers|Intimidate|FlareBlitz,PartingShot,Snarl,FakeOut|||M|||50|]Clefable||SitrusBerry|Unaware|FollowMe,Moonblast,Protect,HelpingHand|||F|||50|]Milotic||MysticWater|Competitive|Scald,IcyWind,IceBeam,Protect|||M|||50|\n|showteam|p2|Hatterene||BabiriBerry|Healer|DazzlingGleam,Protect,Psychic,TrickRoom|||F|||50|]Camerupt||Leftovers|SolidRock|Yawn,ScorchingSands,HeatWave,Protect|||F|||50|]Crabominable||Crabominite|HyperCutter|Protect,CloseCombat,IceHammer,ThunderPunch|||M|||50|]Tsareena||ChoiceScarf|QueenlyMajesty|Uturn,PetalBlizzard,TripleAxel,KnockOff|||F|||50|]Incineroar||SitrusBerry|Intimidate|PartingShot,FlareBlitz,FakeOut,DarkestLariat|||M|||50|]Slowking||ColburBerry|Oblivious|Psychic,ChillyReception,HydroPump,TrickRoom|||M|||50|\n|\n|t:|1776724778\n|teamsize|p1|4\n|teamsize|p2|4\n|start\n|switch|p1a: Whimsicott|Whimsicott, L50, F, shiny|100/100\n|switch|p1b: Gallade|Gallade, L50, M, shiny|100/100\n|switch|p2a: Incineroar|Incineroar, L50, M|100/100\n|switch|p2b: Slowking|Slowking, L50, M|100/100\n|-ability|p2a: Incineroar|Intimidate|boost\n|-unboost|p1a: Whimsicott|atk|1\n|-unboost|p1b: Gallade|atk|1\n|turn|1\n|inactive|MimikyuBot also wants the timer to be on.\n|\n|t:|1776724799\n|detailschange|p1b: Gallade|Gallade-Mega, L50, M, shiny\n|-mega|p1b: Gallade|Gallade|Galladite\n|move|p2a: Incineroar|Fake Out|p1a: Whimsicott\n|-damage|p1a: Whimsicott|82/100\n|cant|p1a: Whimsicott|flinch\n|move|p1b: Gallade|Sacred Sword|p2a: Incineroar\n|-supereffective|p2a: Incineroar|1\n|-damage|p2a: Incineroar|30/100\n|-enditem|p2a: Incineroar|Sitrus Berry|[eat]\n|-heal|p2a: Incineroar|55/100|[from] item: Sitrus Berry\n|move|p2b: Slowking|Trick Room|p2b: Slowking\n|-fieldstart|move: Trick Room|[of] p2b: Slowking\n|\n|upkeep\n|turn|2\n|inactive|ChikinNuggies has 30 seconds left.\n|\n|t:|1776724826\n|switch|p1b: Aegislash|Aegislash, L50, F, shiny|100/100\n|-prepare|p2b: Slowking|Chilly Reception|[premajor]\n|move|p2b: Slowking|Chilly Reception|p2b: Slowking\n|-weather|Snowscape\n|\n|t:|1776724832\n|switch|p2b: Crabominable|Crabominable, L50, M|100/100|[from] Chilly Reception\n|move|p2a: Incineroar|Parting Shot|p1b: Aegislash\n|-unboost|p1b: Aegislash|atk|1\n|-unboost|p1b: Aegislash|spa|1\n|\n|t:|1776724841\n|switch|p2a: Hatterene|Hatterene, L50, F|100/100|[from] Parting Shot\n|move|p1a: Whimsicott|Moonblast|p2a: Hatterene\n|-damage|p2a: Hatterene|56/100\n|\n|-weather|Snowscape|[upkeep]\n|upkeep\n|turn|3\n|inactive|ChikinNuggies has 30 seconds left.\n|\n|t:|1776724875\n|detailschange|p2b: Crabominable|Crabominable-Mega, L50, M\n|-mega|p2b: Crabominable|Crabominable|Crabominite\n|move|p2a: Hatterene|Protect|p2a: Hatterene\n|-singleturn|p2a: Hatterene|Protect\n|move|p2b: Crabominable|Ice Hammer|p1a: Whimsicott\n|-supereffective|p1a: Whimsicott|1\n|-damage|p1a: Whimsicott|0 fnt\n|-unboost|p2b: Crabominable|spe|1\n|faint|p1a: Whimsicott\n|-formechange|p1b: Aegislash|Aegislash-Blade|\n|move|p1b: Aegislash|Iron Head|p2b: Crabominable\n|-supereffective|p2b: Crabominable|1\n|-damage|p2b: Crabominable|66/100\n|\n|-weather|Snowscape|[upkeep]\n|upkeep\n|\n|t:|1776724875\n|switch|p1a: Gallade|Gallade-Mega, L50, M, shiny|100/100\n|turn|4\n|inactive|ChikinNuggies has 30 seconds left.\n|\n|t:|1776724903\n|move|p2b: Crabominable|Protect|p2b: Crabominable\n|-singleturn|p2b: Crabominable|Protect\n|move|p2a: Hatterene|Dazzling Gleam|p1b: Aegislash|[spread] p1a,p1b\n|-supereffective|p1a: Gallade|1\n|-resisted|p1b: Aegislash|1\n|-damage|p1a: Gallade|37/100\n|-damage|p1b: Aegislash|73/100\n|move|p1b: Aegislash|Iron Head|p2b: Crabominable\n|-activate|p2b: Crabominable|move: Protect\n|move|p1a: Gallade|Psycho Cut|p2b: Crabominable\n|-activate|p2b: Crabominable|move: Protect\n|\n|-weather|Snowscape|[upkeep]\n|upkeep\n|turn|5\n|inactive|ChikinNuggies has 30 seconds left.\n|inactive|ChikinNuggies has 20 seconds left.\n|\n|t:|1776724943\n|move|p2b: Crabominable|Thunder Punch|p1b: Aegislash\n|-damage|p1b: Aegislash|7/100\n|move|p2a: Hatterene|Dazzling Gleam|p1a: Gallade|[spread] p1a,p1b\n|-supereffective|p1a: Gallade|1\n|-resisted|p1b: Aegislash|1\n|-damage|p1a: Gallade|0 fnt\n|-damage|p1b: Aegislash|0 fnt\n|faint|p1a: Gallade\n|faint|p1b: Aegislash\n|\n|-weather|Snowscape|[upkeep]\n|-fieldend|move: Trick Room\n|upkeep\n|\n|t:|1776724943\n|switch|p1a: Incineroar|Incineroar, L50, M, shiny|100/100\n|-ability|p1a: Incineroar|Intimidate|boost\n|-unboost|p2a: Hatterene|atk|1\n|-unboost|p2b: Crabominable|atk|1\n|turn|6\n|\n|t:|1776724964\n|switch|p2b: Incineroar|Incineroar, L50, M|55/100\n|-ability|p2b: Incineroar|Intimidate|boost\n|-unboost|p1a: Incineroar|atk|1\n|move|p1a: Incineroar|Flare Blitz|p2b: Incineroar\n|-resisted|p2b: Incineroar|1\n|-damage|p2b: Incineroar|41/100\n|-damage|p1a: Incineroar|97/100|[from] Recoil\n|move|p2a: Hatterene|Trick Room|p2a: Hatterene\n|-fieldstart|move: Trick Room|[of] p2a: Hatterene\n|\n|-weather|none\n|-heal|p1a: Incineroar|100/100|[from] item: Leftovers\n|upkeep\n|turn|7\n|\n|t:|1776724983\n|move|p1a: Incineroar|Fake Out||[still]\n|-hint|Fake Out only works on your first turn out.\n|-fail|p1a: Incineroar\n|move|p2a: Hatterene|Dazzling Gleam|p1a: Incineroar\n|-damage|p1a: Incineroar|68/100\n|move|p2b: Incineroar|Parting Shot|p1a: Incineroar\n|-unboost|p1a: Incineroar|atk|1\n|-unboost|p1a: Incineroar|spa|1\n|\n|t:|1776724991\n|switch|p2b: Crabominable|Crabominable-Mega, L50, M|66/100|[from] Parting Shot\n|\n|-heal|p1a: Incineroar|74/100|[from] item: Leftovers\n|upkeep\n|turn|8\n|\n|t:|1776725002\n|move|p2a: Hatterene|Dazzling Gleam|p1a: Incineroar\n|-damage|p1a: Incineroar|46/100\n|move|p2b: Crabominable|Close Combat|p1a: Incineroar\n|-supereffective|p1a: Incineroar|1\n|-damage|p1a: Incineroar|0 fnt\n|-unboost|p2b: Crabominable|def|1\n|-unboost|p2b: Crabominable|spd|1\n|faint|p1a: Incineroar\n|\n|win|ChikinNuggies\n",
  "uploadtime": 1776724780,
  "views": 4,
  "formatid": "gen9championsvgc2026regma",
  "rating": null,
  "private": 0,
  "password": null
}