{
  "id": "gen9championsvgc2026regma-2582079899",
  "format": "[Gen 9 Champions] VGC 2026 Reg M-A",
  "players": [
    "Thinking Charizard",
    "kuanyou"
  ],
  "log": "|j|\u2606Thinking Charizard\n|j|\u2606kuanyou\n|t:|1776055337\n|gametype|doubles\n|player|p1|Thinking Charizard|colress|1000\n|player|p2|kuanyou|2|1000\n|gen|9\n|tier|[Gen 9 Champions] VGC 2026 Reg M-A\n|rated|\n|rule|Species Clause: Limit one of each Pok\u00e9mon\n|rule|Item Clause: Limit 1 of each item\n|clearpoke\n|poke|p1|Charizard, L50, F|\n|poke|p1|Whimsicott, L50, M|\n|poke|p1|Venusaur, L50, M|\n|poke|p1|Garchomp, L50, M|\n|poke|p1|Politoed, L50, F|\n|poke|p1|Farigiraf, L50, F|\n|poke|p2|Scovillain, L50, F|\n|poke|p2|Sneasler, L50, M|\n|poke|p2|Primarina, L50, M|\n|poke|p2|Kingambit, L50, M|\n|poke|p2|Aerodactyl, L50, M|\n|poke|p2|Garchomp, L50, M|\n|teampreview|4\n|c|\u2606Thinking Charizard|hello\nkuanyou has agreed to open team sheets.\nThinking Charizard has agreed to open team sheets.\n|showteam|p1|Charizard||CharizarditeY|Blaze|HeatWave,WeatherBall,SolarBeam,Protect|||F|||50|]Whimsicott||MentalHerb|Prankster|Tailwind,Encore,Moonblast,HelpingHand|||M|||50|]Venusaur||FocusSash|Chlorophyll|EnergyBall,SludgeBomb,SleepPowder,Protect|||M|||50|]Garchomp||SoftSand|RoughSkin|DragonClaw,StompingTantrum,RockSlide,Protect|||M|||50|]Politoed||Leftovers|WaterAbsorb|MuddyWater,IceBeam,Protect,PerishSong|||F|||50|]Farigiraf||SitrusBerry|ArmorTail|TrickRoom,HyperVoice,Psychic,Imprison|||F|||50|\n|showteam|p2|Scovillain||Scovillainite|Moody|Flamethrower,LeechSeed,RagePowder,Protect|||F|||50|]Sneasler||WhiteHerb|Unburden|CloseCombat,DireClaw,FakeOut,Coaching|||M|||50|]Primarina||Leftovers|LiquidVoice|HyperVoice,Moonblast,CalmMind,Protect|||M|||50|]Kingambit||BlackGlasses|Defiant|KowtowCleave,SuckerPunch,SwordsDance,Protect|||M|||50|]Aerodactyl||FocusSash|Unnerve|RockSlide,WideGuard,Tailwind,Protect|||M|||50|]Garchomp||HabanBerry|RoughSkin|DragonClaw,Earthquake,StompingTantrum,Protect|||M|||50|\n|c|\u2606kuanyou|hi\n|inactive|Battle timer is ON: inactive players will automatically lose when time's up. (requested by Thinking Charizard)\n|\n|t:|1776055445\n|teamsize|p1|4\n|teamsize|p2|4\n|start\n|switch|p1a: Garchomp|Garchomp, L50, M|100/100\n|switch|p1b: Whimsicott|Whimsicott, L50, M|100/100\n|switch|p2a: Aerodactyl|Aerodactyl, L50, M|100/100\n|switch|p2b: Sneasler|Sneasler, L50, M|100/100\n|-ability|p2a: Aerodactyl|Unnerve\n|turn|1\n|inactive|kuanyou has 30 seconds left.\n|\n|t:|1776055479\n|move|p2b: Sneasler|Fake Out|p1a: Garchomp\n|-damage|p1a: Garchomp|86/100\n|-damage|p2b: Sneasler|88/100|[from] ability: Rough Skin|[of] p1a: Garchomp\n|move|p1b: Whimsicott|Tailwind|p1b: Whimsicott\n|-sidestart|p1: Thinking Charizard|move: Tailwind\n|cant|p1a: Garchomp|flinch\n|move|p2a: Aerodactyl|Tailwind|p2a: Aerodactyl\n|-sidestart|p2: kuanyou|move: Tailwind\n|\n|upkeep\n|turn|2\n|inactive|kuanyou has 30 seconds left.\n|inactive|Thinking Charizard has 30 seconds left.\n|inactive|kuanyou has 20 seconds left.\n|\n|t:|1776055518\n|move|p1b: Whimsicott|Encore|p2b: Sneasler\n|-start|p2b: Sneasler|Encore\n|move|p2b: Sneasler|Fake Out||[still]\n|-hint|Fake Out only works on your first turn out.\n|-fail|p2b: Sneasler\n|move|p2a: Aerodactyl|Rock Slide|p1b: Whimsicott|[spread] p1a,p1b\n|-resisted|p1a: Garchomp|1\n|-damage|p1a: Garchomp|73/100\n|-damage|p1b: Whimsicott|68/100\n|move|p1a: Garchomp|Stomping Tantrum|p2b: Sneasler\n|-supereffective|p2b: Sneasler|1\n|-damage|p2b: Sneasler|0 fnt\n|faint|p2b: Sneasler\n|\n|upkeep\n|\n|t:|1776055531\n|switch|p2b: Scovillain|Scovillain, L50, F|100/100\n|turn|3\n|\n|t:|1776055550\n|detailschange|p2b: Scovillain|Scovillain-Mega, L50, F\n|-mega|p2b: Scovillain|Scovillain|Scovillainite\n|move|p1b: Whimsicott|Helping Hand|p1a: Garchomp\n|-singleturn|p1a: Garchomp|Helping Hand|[of] p1b: Whimsicott\n|move|p2a: Aerodactyl|Rock Slide|p1b: Whimsicott|[spread] p1a,p1b\n|-resisted|p1a: Garchomp|1\n|-damage|p1a: Garchomp|60/100\n|-damage|p1b: Whimsicott|38/100\n|move|p1a: Garchomp|Rock Slide|p2a: Aerodactyl|[spread] p2a\n|-miss|p1a: Garchomp|p2b: Scovillain\n|-supereffective|p2a: Aerodactyl|1\n|-damage|p2a: Aerodactyl|10/100\n|move|p2b: Scovillain|Leech Seed|p1a: Garchomp\n|-start|p1a: Garchomp|move: Leech Seed\n|\n|-damage|p1a: Garchomp|47/100|[from] Leech Seed|[of] p2b: Scovillain\n|upkeep\n|turn|4\n|inactive|kuanyou has 30 seconds left.\n|inactive|kuanyou has 20 seconds left.\n|\n|t:|1776055590\n|move|p2a: Aerodactyl|Protect|p2a: Aerodactyl\n|-singleturn|p2a: Aerodactyl|Protect\n|move|p1b: Whimsicott|Encore|p2b: Scovillain\n|-start|p2b: Scovillain|Encore\n|move|p1a: Garchomp|Rock Slide|p2b: Scovillain|[spread] p2b\n|-activate|p2a: Aerodactyl|move: Protect\n|-supereffective|p2b: Scovillain|1\n|-damage|p2b: Scovillain|58/100\n|-status|p1a: Garchomp|brn|[from] ability: Spicy Spray|[of] p2b: Scovillain\n|move|p2b: Scovillain|Leech Seed|p1b: Whimsicott\n|-immune|p1b: Whimsicott\n|\n|-damage|p1a: Garchomp|35/100 brn|[from] Leech Seed|[of] p2b: Scovillain\n|-heal|p2b: Scovillain|71/100|[silent]\n|-damage|p1a: Garchomp|29/100 brn|[from] brn\n|-sideend|p2: kuanyou|move: Tailwind\n|-sideend|p1: Thinking Charizard|move: Tailwind\n|upkeep\n|turn|5\n|inactive|Thinking Charizard has 30 seconds left.\n|inactive|kuanyou has 30 seconds left.\n|inactive|Thinking Charizard has 20 seconds left.\n|\n|t:|1776055625\n|switch|p2a: Primarina|Primarina, L50, M|100/100\n|move|p1b: Whimsicott|Encore||[still]\n|-fail|p1b: Whimsicott\n|move|p1a: Garchomp|Stomping Tantrum|p2b: Scovillain\n|-damage|p2b: Scovillain|50/100\n|move|p2b: Scovillain|Leech Seed||[still]\n|-fail|p2b: Scovillain\n|\n|-damage|p1a: Garchomp|17/100 brn|[from] Leech Seed|[of] p2b: Scovillain\n|-heal|p2b: Scovillain|62/100|[silent]\n|-damage|p1a: Garchomp|11/100 brn|[from] brn\n|upkeep\n|turn|6\n|\n|t:|1776055646\n|move|p1b: Whimsicott|Tailwind|p1b: Whimsicott\n|-sidestart|p1: Thinking Charizard|move: Tailwind\n|move|p1a: Garchomp|Rock Slide|p2b: Scovillain|[spread] p2a,p2b\n|-crit|p2a: Primarina\n|-supereffective|p2b: Scovillain|1\n|-damage|p2a: Primarina|84/100\n|-damage|p2b: Scovillain|41/100\n|cant|p2b: Scovillain|flinch\n|move|p2a: Primarina|Calm Mind|p2a: Primarina\n|-boost|p2a: Primarina|spa|1\n|-boost|p2a: Primarina|spd|1\n|\n|-heal|p2a: Primarina|90/100|[from] item: Leftovers\n|-damage|p1a: Garchomp|0 fnt|[from] Leech Seed|[of] p2b: Scovillain\n|-heal|p2b: Scovillain|53/100|[silent]\n|faint|p1a: Garchomp\n|-end|p2b: Scovillain|Encore\n|upkeep\n|\n|t:|1776055664\n|switch|p1a: Venusaur|Venusaur, L50, M|100/100\n|turn|7\n|inactive|kuanyou has 30 seconds left.\n|\n|t:|1776055696\n|move|p1b: Whimsicott|Encore|p2a: Primarina\n|-start|p2a: Primarina|Encore\n|move|p1a: Venusaur|Sludge Bomb|p2b: Scovillain\n|-supereffective|p2b: Scovillain|1\n|-damage|p2b: Scovillain|0 fnt\n|-status|p1a: Venusaur|brn|[from] ability: Spicy Spray|[of] p2b: Scovillain\n|faint|p2b: Scovillain\n|move|p2a: Primarina|Calm Mind|p2a: Primarina\n|-boost|p2a: Primarina|spa|1\n|-boost|p2a: Primarina|spd|1\n|\n|-heal|p2a: Primarina|96/100|[from] item: Leftovers\n|-damage|p1a: Venusaur|95/100 brn|[from] brn\n|upkeep\n|\n|t:|1776055721\n|switch|p2b: Aerodactyl|Aerodactyl, L50, M|10/100\n|-ability|p2b: Aerodactyl|Unnerve\n|turn|8\n|\n|t:|1776055730\n|move|p1b: Whimsicott|Moonblast|p2b: Aerodactyl\n|-damage|p2b: Aerodactyl|0 fnt\n|faint|p2b: Aerodactyl\n|move|p1a: Venusaur|Sludge Bomb|p2a: Primarina\n|-supereffective|p2a: Primarina|1\n|-damage|p2a: Primarina|58/100\n|move|p2a: Primarina|Calm Mind|p2a: Primarina\n|-boost|p2a: Primarina|spa|1\n|-boost|p2a: Primarina|spd|1\n|\n|-heal|p2a: Primarina|64/100|[from] item: Leftovers\n|-damage|p1a: Venusaur|89/100 brn|[from] brn\n|upkeep\n|turn|9\n|\n|t:|1776055750\n|move|p1b: Whimsicott|Helping Hand|p1a: Venusaur\n|-singleturn|p1a: Venusaur|Helping Hand|[of] p1b: Whimsicott\n|move|p1a: Venusaur|Energy Ball|p2a: Primarina\n|-supereffective|p2a: Primarina|1\n|-damage|p2a: Primarina|22/100\n|move|p2a: Primarina|Calm Mind|p2a: Primarina\n|-boost|p2a: Primarina|spa|1\n|-boost|p2a: Primarina|spd|1\n|\n|-heal|p2a: Primarina|28/100|[from] item: Leftovers\n|-damage|p1a: Venusaur|83/100 brn|[from] brn\n|-end|p2a: Primarina|Encore\n|-sideend|p1: Thinking Charizard|move: Tailwind\n|upkeep\n|turn|10\n|\n|t:|1776055773\n|move|p2a: Primarina|Protect|p2a: Primarina\n|-singleturn|p2a: Primarina|Protect\n|move|p1b: Whimsicott|Encore|p2a: Primarina\n|-activate|p2a: Primarina|move: Protect\n|move|p1a: Venusaur|Energy Ball|p2a: Primarina\n|-activate|p2a: Primarina|move: Protect\n|\n|-heal|p2a: Primarina|34/100|[from] item: Leftovers\n|-damage|p1a: Venusaur|77/100 brn|[from] brn\n|upkeep\n|turn|11\n|\n|t:|1776055786\n|move|p1b: Whimsicott|Helping Hand|p1a: Venusaur\n|-singleturn|p1a: Venusaur|Helping Hand|[of] p1b: Whimsicott\n|move|p2a: Primarina|Protect||[still]\n|-fail|p2a: Primarina\n|move|p1a: Venusaur|Sludge Bomb|p2a: Primarina\n|-supereffective|p2a: Primarina|1\n|-damage|p2a: Primarina|0 fnt\n|faint|p2a: Primarina\n|\n|win|Thinking Charizard\n|raw|Thinking Charizard's rating: 1000 &rarr; <strong>1040</strong><br />(+40 for winning)\n|raw|kuanyou's rating: 1000 &rarr; <strong>1000</strong><br />(+0 for losing)\n|c|\u2606Thinking Charizard|gg\n|l|\u2606kuanyou\n|player|p2|\n",
  "uploadtime": 1776055794,
  "views": 10,
  "formatid": "gen9championsvgc2026regma",
  "rating": 1000,
  "private": 0,
  "password": null
}