{
  "id": "gen9championsvgc2026regma-2585638660",
  "format": "[Gen 9 Champions] VGC 2026 Reg M-A",
  "players": [
    "Mochatose",
    "lolgz"
  ],
  "log": "|j|\u2606Mochatose\n|j|\u2606lolgz\n|t:|1776360531\n|gametype|doubles\n|player|p1|Mochatose|caitlin|1111\n|player|p2|lolgz|dawn|1150\n|gen|9\n|tier|[Gen 9 Champions] VGC 2026 Reg M-A\n|rated|\n|rule|Species Clause: Limit one of each Pok\u00e9mon\n|rule|Item Clause: Limit 1 of each item\n|clearpoke\n|poke|p1|Floette-Eternal, L50, F|\n|poke|p1|Ninetales-Alola, L50, F|\n|poke|p1|Whimsicott, L50, F|\n|poke|p1|Maushold-Four, L50|\n|poke|p1|Incineroar, L50, F|\n|poke|p1|Castform, L50, F|\n|poke|p2|Charizard, L50, M|\n|poke|p2|Venusaur, L50, M|\n|poke|p2|Basculegion, L50, M|\n|poke|p2|Sneasler, L50, M|\n|poke|p2|Garchomp, L50, F|\n|poke|p2|Incineroar, L50, F|\n|teampreview|4\n|\n|t:|1776360592\n|teamsize|p1|4\n|teamsize|p2|4\n|start\n|switch|p1a: Whimsicott|Whimsicott, L50, F|100/100\n|switch|p1b: Castform|Castform, L50, F, shiny|100/100\n|switch|p2a: Charizard|Charizard, L50, M|100/100\n|switch|p2b: Venusaur|Venusaur, L50, M|100/100\n|turn|1\n|\n|t:|1776360603\n|detailschange|p2a: Charizard|Charizard-Mega-Y, L50, M\n|-mega|p2a: Charizard|Charizard|Charizardite Y\n|-weather|SunnyDay|[from] ability: Drought|[of] p2a: Charizard\n|-formechange|p1b: Castform|Castform-Sunny|[msg]|[from] ability: Forecast\n|move|p1a: Whimsicott|Tailwind|p1a: Whimsicott\n|-sidestart|p1: Mochatose|move: Tailwind\n|move|p1b: Castform|Weather Ball|p2b: Venusaur\n|-supereffective|p2b: Venusaur|1\n|-enditem|p2b: Venusaur|Focus Sash\n|-damage|p2b: Venusaur|1/100\n|move|p2b: Venusaur|Sleep Powder|p1b: Castform\n|-status|p1b: Castform|slp|[from] move: Sleep Powder\n|move|p2a: Charizard|Heat Wave|p1b: Castform|[spread] p1a,p1b\n|-supereffective|p1a: Whimsicott|1\n|-resisted|p1b: Castform|1\n|-enditem|p1a: Whimsicott|Focus Sash\n|-damage|p1a: Whimsicott|1/100\n|-damage|p1b: Castform|46/100 slp\n|\n|-weather|SunnyDay|[upkeep]\n|upkeep\n|turn|2\n|\n|t:|1776360625\n|switch|p2b: Incineroar|Incineroar, L50, F|100/100\n|-ability|p2b: Incineroar|Intimidate|boost\n|-unboost|p1a: Whimsicott|atk|1\n|-unboost|p1b: Castform|atk|1\n|move|p1a: Whimsicott|Endeavor|p2a: Charizard\n|-damage|p2a: Charizard|1/100\n|cant|p1b: Castform|slp\n|move|p2a: Charizard|Heat Wave|p1a: Whimsicott|[spread] p1b\n|-miss|p2a: Charizard|p1a: Whimsicott\n|-resisted|p1b: Castform|1\n|-damage|p1b: Castform|0 fnt\n|faint|p1b: Castform\n|\n|-weather|SunnyDay|[upkeep]\n|upkeep\n|\n|t:|1776360634\n|switch|p1b: Ninetales|Ninetales-Alola, L50, F|100/100\n|-weather|Snowscape|[from] ability: Snow Warning|[of] p1b: Ninetales\n|turn|3\n|\n|t:|1776360647\n|switch|p2a: Sneasler|Sneasler, L50, M|100/100\n|move|p2b: Incineroar|Fake Out|p1a: Whimsicott\n|-damage|p1a: Whimsicott|0 fnt\n|faint|p1a: Whimsicott\n|move|p1b: Ninetales|Blizzard|p2a: Sneasler|[spread] p2a,p2b\n|-resisted|p2b: Incineroar|1\n|-damage|p2a: Sneasler|62/100\n|-damage|p2b: Incineroar|88/100\n|-status|p2a: Sneasler|frz\n|\n|-weather|Snowscape|[upkeep]\n|upkeep\n|\n|t:|1776360654\n|switch|p1a: Floette|Floette-Eternal, L50, F|100/100\n|turn|4\n|\n|t:|1776360663\n|switch|p2a: Charizard|Charizard-Mega-Y, L50, M|1/100\n|-weather|SunnyDay|[from] ability: Drought|[of] p2a: Charizard\n|detailschange|p1a: Floette|Floette-Mega, L50, F\n|-mega|p1a: Floette|Floette|Floettite\n|-ability|p1a: Floette|Fairy Aura\n|move|p1b: Ninetales|Aurora Veil||[still]\n|-fail|p1b: Ninetales\n|move|p1a: Floette|Psychic|p2a: Charizard\n|-damage|p2a: Charizard|0 fnt\n|faint|p2a: Charizard\n|move|p2b: Incineroar|Flare Blitz|p1b: Ninetales\n|-supereffective|p1b: Ninetales|1\n|-damage|p1b: Ninetales|0 fnt\n|faint|p1b: Ninetales\n|-damage|p2b: Incineroar|58/100|[from] Recoil\n|\n|-weather|SunnyDay|[upkeep]\n|-sideend|p1: Mochatose|move: Tailwind\n|upkeep\n|inactive|Battle timer is ON: inactive players will automatically lose when time's up. (requested by Mochatose)\n|\n|t:|1776360678\n|switch|p2a: Venusaur|Venusaur, L50, M|1/100\n|turn|5\n|\n|t:|1776360681\n|move|p2a: Venusaur|Sludge Bomb|p1a: Floette\n|-supereffective|p1a: Floette|1\n|-damage|p1a: Floette|47/100\n|move|p1a: Floette|Dazzling Gleam|p2a: Venusaur|[spread] p2a,p2b\n|-resisted|p2a: Venusaur|1\n|-damage|p2a: Venusaur|0 fnt\n|-damage|p2b: Incineroar|21/100\n|-enditem|p2b: Incineroar|Sitrus Berry|[eat]\n|-heal|p2b: Incineroar|46/100|[from] item: Sitrus Berry\n|faint|p2a: Venusaur\n|move|p2b: Incineroar|Flare Blitz|p1a: Floette\n|-damage|p1a: Floette|0 fnt\n|faint|p1a: Floette\n|-damage|p2b: Incineroar|32/100|[from] Recoil\n|\n|win|lolgz\n|raw|Mochatose's rating: 1111 &rarr; <strong>1089</strong><br />(-22 for losing)\n|raw|lolgz's rating: 1150 &rarr; <strong>1172</strong><br />(+22 for winning)\n",
  "uploadtime": 1776360682,
  "views": 15,
  "formatid": "gen9championsvgc2026regma",
  "rating": 1089,
  "private": 0,
  "password": null
}