{
  "id": "gen9championsvgc2026regma-2580307727",
  "format": "[Gen 9 Champions] VGC 2026 Reg M-A",
  "players": [
    "swampizzoCARTI",
    "Cyberdong"
  ],
  "log": "|j|\u2606swampizzoCARTI\n|j|\u2606Cyberdong\n|t:|1775878568\n|gametype|doubles\n|player|p1|swampizzoCARTI|leon-masters2|\n|player|p2|Cyberdong|youngcouple-gen4dp|\n|gen|9\n|tier|[Gen 9 Champions] VGC 2026 Reg M-A\n|rated|Tournament battle\n|rule|Species Clause: Limit one of each Pok\u00e9mon\n|rule|Item Clause: Limit 1 of each item\n|clearpoke\n|poke|p1|Kingambit, L50, F|\n|poke|p1|Sneasler, L50, M|\n|poke|p1|Primarina, L50, F|\n|poke|p1|Aerodactyl, L50, M|\n|poke|p1|Sinistcha-Masterpiece, L50|\n|poke|p1|Corviknight, L50, M|\n|poke|p2|Tyranitar, L50, F|\n|poke|p2|Excadrill, L50, F|\n|poke|p2|Incineroar, L50, M|\n|poke|p2|Sinistcha, L50|\n|poke|p2|Basculegion, L50, M|\n|poke|p2|Sneasler, L50, F|\n|teampreview|4\n|inactive|Battle timer is ON: inactive players will automatically lose when time's up. (requested by swampizzoCARTI)\n|j| Carrielis\nCyberdong has agreed to open team sheets.\nswampizzoCARTI has agreed to open team sheets.\n|showteam|p1|Kingambit||BlackGlasses|Defiant|KowtowCleave,SuckerPunch,Protect,SwordsDance|||F|||50|]Sneasler||WhiteHerb|Unburden|FakeOut,CloseCombat,Coaching,DireClaw|||M|||50|]Primarina||MysticWater|LiquidVoice|HyperVoice,Moonblast,Haze,Protect|||F|||50|]Aerodactyl||Aerodactylite|Pressure|RockSlide,Protect,IceFang,DualWingbeat|||M|||50|]Sinistcha-Masterpiece||SitrusBerry|Hospitality|MatchaGotcha,LifeDew,TrickRoom,RagePowder||||||50|]Corviknight||Leftovers|MirrorArmor|BraveBird,Tailwind,BodyPress,Protect|||M|||50|\n|showteam|p2|Tyranitar||Tyranitarite|SandStream|DragonDance,RockSlide,Crunch,Protect|||F|||50|]Excadrill||FocusSash|SandRush|HighHorsepower,IronHead,RockSlide,Protect|||F|||50|]Incineroar||SitrusBerry|Intimidate|FakeOut,FlareBlitz,ThroatChop,PartingShot|||M|||50|]Sinistcha||Leftovers|Hospitality|MatchaGotcha,StrengthSap,LifeDew,RagePowder||||||50|]Basculegion||ChoiceScarf|Adaptability|Liquidation,LastRespects,WaveCrash,FlipTurn|||M|||50|]Sneasler||WhiteHerb|Unburden|FakeOut,CloseCombat,GunkShot,Coaching|||F|||50|\n|j| pengu\n|l| pengu\n|j|@Bright Size\n|l|@Bright Size\n|inactive|swampizzoCARTI has 60 seconds left.\n|inactive|Cyberdong has 60 seconds left.\n|j| Tealnotsu\n|inactive|swampizzoCARTI has 30 seconds left.\n|inactive|Cyberdong has 30 seconds left.\n|\n|t:|1775878634\n|teamsize|p1|4\n|teamsize|p2|4\n|start\n|switch|p1a: Corviknight|Corviknight, L50, M|100/100\n|switch|p1b: Sneasler|Sneasler, L50, M|100/100\n|switch|p2a: Sneasler|Sneasler, L50, F|100/100\n|switch|p2b: Excadrill|Excadrill, L50, F|100/100\n|turn|1\n|l| Tealnotsu\n|\n|t:|1775878648\n|move|p2a: Sneasler|Fake Out|p1b: Sneasler\n|-damage|p1b: Sneasler|77/100\n|cant|p1b: Sneasler|flinch\n|move|p2b: Excadrill|High Horsepower|p1b: Sneasler\n|-supereffective|p1b: Sneasler|1\n|-damage|p1b: Sneasler|0 fnt\n|faint|p1b: Sneasler\n|move|p1a: Corviknight|Tailwind|p1a: Corviknight\n|-sidestart|p1: swampizzoCARTI|move: Tailwind\n|\n|upkeep\n|j|@verbatim\n|l|@verbatim\n|\n|t:|1775878670\n|switch|p1b: Sinistcha|Sinistcha-Masterpiece, L50|100/100\n|turn|2\n|j| riquelme14\n|l| riquelme14\n|inactive|Cyberdong has 30 seconds left.\n|\n|t:|1775878699\n|move|p1a: Corviknight|Body Press|p2b: Excadrill\n|-supereffective|p2b: Excadrill|1\n|-damage|p2b: Excadrill|40/100\n|move|p2a: Sneasler|Gunk Shot|p1b: Sinistcha|[miss]\n|-miss|p2a: Sneasler|p1b: Sinistcha\n|move|p1b: Sinistcha|Matcha Gotcha|p2a: Sneasler|[spread] p2a,p2b\n|-resisted|p2a: Sneasler|1\n|-damage|p2a: Sneasler|83/100\n|-damage|p2b: Excadrill|8/100\n|move|p2b: Excadrill|Rock Slide|p1a: Corviknight|[spread] p1a,p1b\n|-damage|p1a: Corviknight|82/100\n|-damage|p1b: Sinistcha|83/100\n|\n|-heal|p1a: Corviknight|88/100|[from] item: Leftovers\n|upkeep\n|turn|3\n|\n|t:|1775878714\n|move|p2b: Excadrill|Protect|p2b: Excadrill\n|-singleturn|p2b: Excadrill|Protect\n|move|p1a: Corviknight|Brave Bird|p2a: Sneasler\n|-supereffective|p2a: Sneasler|1\n|-damage|p2a: Sneasler|0 fnt\n|faint|p2a: Sneasler\n|-damage|p1a: Corviknight|67/100|[from] Recoil\n|move|p1b: Sinistcha|Matcha Gotcha|p2b: Excadrill\n|-activate|p2b: Excadrill|move: Protect\n|\n|-heal|p1a: Corviknight|73/100|[from] item: Leftovers\n|upkeep\n|j| Gggarbage\n|\n|t:|1775878730\n|switch|p2a: Tyranitar|Tyranitar, L50, F|100/100\n|-weather|Sandstorm|[from] ability: Sand Stream|[of] p2a: Tyranitar\n|turn|4\n|\n|t:|1775878755\n|switch|p2b: Basculegion|Basculegion, L50, M|100/100\n|detailschange|p2a: Tyranitar|Tyranitar-Mega, L50, F\n|-mega|p2a: Tyranitar|Tyranitar|Tyranitarite\n|move|p2a: Tyranitar|Protect|p2a: Tyranitar\n|-singleturn|p2a: Tyranitar|Protect\n|move|p1a: Corviknight|Body Press|p2b: Basculegion\n|-immune|p2b: Basculegion\n|move|p1b: Sinistcha|Matcha Gotcha|p2a: Tyranitar|[spread] p2b\n|-activate|p2a: Tyranitar|move: Protect\n|-supereffective|p2b: Basculegion|1\n|-crit|p2b: Basculegion\n|-damage|p2b: Basculegion|16/100\n|-heal|p1b: Sinistcha|100/100|[from] drain|[of] p2b: Basculegion\n|-status|p2b: Basculegion|brn\n|\n|-weather|Sandstorm|[upkeep]\n|-damage|p2b: Basculegion|10/100 brn|[from] Sandstorm\n|-damage|p1b: Sinistcha|94/100|[from] Sandstorm\n|-heal|p1a: Corviknight|79/100|[from] item: Leftovers\n|-damage|p2b: Basculegion|4/100 brn|[from] brn\n|-sideend|p1: swampizzoCARTI|move: Tailwind\n|upkeep\n|turn|5\n|\n|t:|1775878778\n|move|p2b: Basculegion|Liquidation|p1a: Corviknight\n|-damage|p1a: Corviknight|59/100\n|-ability|p1a: Corviknight|Mirror Armor\n|-unboost|p2b: Basculegion|def|1\n|move|p2a: Tyranitar|Rock Slide|p1b: Sinistcha|[spread] p1a,p1b\n|-damage|p1a: Corviknight|31/100\n|-damage|p1b: Sinistcha|66/100\n|move|p1a: Corviknight|Body Press|p2a: Tyranitar\n|-supereffective|p2a: Tyranitar|2\n|-damage|p2a: Tyranitar|41/100\n|cant|p1b: Sinistcha|flinch\n|\n|-weather|Sandstorm|[upkeep]\n|-damage|p2b: Basculegion|0 fnt|[from] Sandstorm\n|-damage|p1b: Sinistcha|59/100|[from] Sandstorm\n|faint|p2b: Basculegion\n|-heal|p1a: Corviknight|37/100|[from] item: Leftovers\n|upkeep\n|\n|t:|1775878789\n|switch|p2b: Excadrill|Excadrill, L50, F|8/100\n|turn|6\n|inactive|Cyberdong has 30 seconds left.\n|inactive|Cyberdong has 20 seconds left.\n|\n|t:|1775878824\n|move|p1b: Sinistcha|Rage Powder|p1b: Sinistcha\n|-singleturn|p1b: Sinistcha|move: Rage Powder\n|move|p2b: Excadrill|Rock Slide|p1a: Corviknight|[spread] p1a,p1b\n|-damage|p1a: Corviknight|20/100\n|-damage|p1b: Sinistcha|42/100\n|-enditem|p1b: Sinistcha|Sitrus Berry|[eat]\n|-heal|p1b: Sinistcha|66/100|[from] item: Sitrus Berry\n|move|p2a: Tyranitar|Crunch|p1b: Sinistcha\n|-supereffective|p1b: Sinistcha|1\n|-damage|p1b: Sinistcha|0 fnt\n|faint|p1b: Sinistcha\n|cant|p1a: Corviknight|flinch\n|\n|-weather|Sandstorm|[upkeep]\n|-heal|p1a: Corviknight|26/100|[from] item: Leftovers\n|upkeep\n|\n|t:|1775878836\n|switch|p1b: Kingambit|Kingambit, L50, F|100/100\n|turn|7\n|\n|t:|1775878858\n|move|p1b: Kingambit|Sucker Punch|p2b: Excadrill\n|-damage|p2b: Excadrill|0 fnt\n|faint|p2b: Excadrill\n|move|p2a: Tyranitar|Rock Slide|p1a: Corviknight|[spread] p1a,p1b\n|-resisted|p1b: Kingambit|1\n|-damage|p1a: Corviknight|0 fnt\n|-damage|p1b: Kingambit|87/100\n|faint|p1a: Corviknight\n|\n|-weather|Sandstorm|[upkeep]\n|upkeep\n|turn|8\n|\n|t:|1775878872\n|move|p2a: Tyranitar|Rock Slide|p1b: Kingambit\n|-resisted|p1b: Kingambit|1\n|-damage|p1b: Kingambit|70/100\n|cant|p1b: Kingambit|flinch\n|\n|-weather|none\n|upkeep\n|turn|9\n|\n|t:|1775878886\n|move|p2a: Tyranitar|Crunch|p1b: Kingambit\n|-resisted|p1b: Kingambit|1\n|-damage|p1b: Kingambit|52/100\n|move|p1b: Kingambit|Swords Dance|p1b: Kingambit\n|-boost|p1b: Kingambit|atk|2\n|\n|upkeep\n|turn|10\n|\n|t:|1775878890\n|move|p2a: Tyranitar|Dragon Dance|p2a: Tyranitar\n|-boost|p2a: Tyranitar|atk|1\n|-boost|p2a: Tyranitar|spe|1\n|move|p1b: Kingambit|Kowtow Cleave|p2a: Tyranitar\n|-resisted|p2a: Tyranitar|1\n|-damage|p2a: Tyranitar|0 fnt\n|faint|p2a: Tyranitar\n|\n|win|swampizzoCARTI\n|n|\u2606swampizzoCARTI|swampizzocarti\n|n|\u2606Cyberdong|cyberdong\n|n| Carrielis|carrielis\n|n| Gggarbage|gggarbage\n",
  "uploadtime": 1775878891,
  "views": 17,
  "formatid": "gen9championsvgc2026regma",
  "rating": null,
  "private": 0,
  "password": null
}