{
  "id": "gen9championsvgc2026regma-2581812654",
  "format": "[Gen 9 Champions] VGC 2026 Reg M-A",
  "players": [
    "TLP27",
    "Mario 30000000"
  ],
  "log": "|j|\u2606TLP27\n|j|\u2606Mario 30000000\n|t:|1776030437\n|gametype|doubles\n|player|p1|TLP27|lady|1000\n|player|p2|Mario 30000000|265|1049\n|gen|9\n|tier|[Gen 9 Champions] VGC 2026 Reg M-A\n|rated|\n|rule|Species Clause: Limit one of each Pok\u00e9mon\n|rule|Item Clause: Limit 1 of each item\n|clearpoke\n|poke|p1|Kangaskhan, L50, F|\n|poke|p1|Tinkaton, L50, F|\n|poke|p1|Incineroar, L50, F|\n|poke|p1|Pelipper, L50, M|\n|poke|p1|Archaludon, L50, M|\n|poke|p1|Basculegion, L50, M|\n|poke|p2|Glimmora, L50, M|\n|poke|p2|Talonflame, L50, M|\n|poke|p2|Maushold-Four, L50|\n|poke|p2|Gyarados, L50, M|\n|poke|p2|Sneasler, L50, M|\n|poke|p2|Sinistcha, L50|\n|teampreview|4\n|\n|t:|1776030478\n|teamsize|p1|4\n|teamsize|p2|4\n|start\n|switch|p1a: Incineroar|Incineroar, L50, F|100/100\n|switch|p1b: Kangaskhan|Kangaskhan, L50, F|100/100\n|switch|p2a: Glimmora|Glimmora, L50, M, shiny|100/100\n|switch|p2b: Sneasler|Sneasler, L50, M, shiny|100/100\n|-ability|p1a: Incineroar|Intimidate|boost\n|-unboost|p2a: Glimmora|atk|1\n|-unboost|p2b: Sneasler|atk|1\n|-enditem|p2b: Sneasler|White Herb\n|-clearnegativeboost|p2b: Sneasler|[silent]\n|turn|1\n|inactive|Battle timer is ON: inactive players will automatically lose when time's up. (requested by Mario 30000000)\n|inactive|TLP27 has 60 seconds left.\n|\n|t:|1776030510\n|move|p2a: Glimmora|Spiky Shield|p2a: Glimmora\n|-singleturn|p2a: Glimmora|move: Protect\n|move|p2b: Sneasler|Fake Out|p1b: Kangaskhan\n|-damage|p1b: Kangaskhan|81/100\n|cant|p1b: Kangaskhan|flinch\n|move|p1a: Incineroar|Fake Out|p2b: Sneasler\n|-damage|p2b: Sneasler|83/100\n|\n|upkeep\n|turn|2\n|inactive|TLP27 has 30 seconds left.\n|inactive|TLP27 has 20 seconds left.\n|\n|t:|1776030549\n|detailschange|p2a: Glimmora|Glimmora-Mega, L50, M, shiny\n|-mega|p2a: Glimmora|Glimmora|Glimmoranite\n|move|p1b: Kangaskhan|Sucker Punch|p2b: Sneasler\n|-resisted|p2b: Sneasler|1\n|-damage|p2b: Sneasler|68/100\n|move|p2b: Sneasler|Close Combat|p1a: Incineroar\n|-supereffective|p1a: Incineroar|1\n|-enditem|p1a: Incineroar|Chople Berry|[eat]\n|-enditem|p1a: Incineroar|Chople Berry|[weaken]\n|-damage|p1a: Incineroar|54/100\n|-unboost|p2b: Sneasler|def|1\n|-unboost|p2b: Sneasler|spd|1\n|move|p2a: Glimmora|Sludge Bomb|p1b: Kangaskhan\n|-damage|p1b: Kangaskhan|6/100\n|move|p1a: Incineroar|Darkest Lariat|p2a: Glimmora\n|-damage|p2a: Glimmora|64/100\n|\n|upkeep\n|turn|3\n|inactive|TLP27 has 30 seconds left.\n|\n|t:|1776030580\n|switch|p2b: Gyarados|Gyarados, L50, M, shiny|100/100\n|-ability|p2b: Gyarados|Intimidate|boost\n|-unboost|p1a: Incineroar|atk|1\n|-fail|p1b: Kangaskhan|unboost|Attack|[from] ability: Scrappy|[of] p1b: Kangaskhan\n|switch|p1b: Archaludon|Archaludon, L50, M|100/100\n|move|p2a: Glimmora|Spiky Shield|p2a: Glimmora\n|-singleturn|p2a: Glimmora|move: Protect\n|move|p1a: Incineroar|Parting Shot|p2a: Glimmora\n|-activate|p2a: Glimmora|move: Protect\n|\n|upkeep\n|turn|4\n|inactive|Mario 30000000 has 30 seconds left.\n|inactive|Mario 30000000 has 20 seconds left.\n|inactive|Mario 30000000 has 15 seconds left.\n|\n|t:|1776030624\n|move|p1b: Archaludon|Protect|p1b: Archaludon\n|-singleturn|p1b: Archaludon|Protect\n|move|p2a: Glimmora|Earth Power|p1b: Archaludon\n|-activate|p1b: Archaludon|move: Protect\n|move|p2b: Gyarados|Waterfall|p1b: Archaludon\n|-activate|p1b: Archaludon|move: Protect\n|move|p1a: Incineroar|Parting Shot|p2a: Glimmora\n|-unboost|p2a: Glimmora|atk|1\n|-unboost|p2a: Glimmora|spa|1\n|\n|t:|1776030635\n|switch|p1a: Pelipper|Pelipper, L50, M|100/100|[from] Parting Shot\n|-weather|RainDance|[from] ability: Drizzle|[of] p1a: Pelipper\n|\n|-weather|RainDance|[upkeep]\n|upkeep\n|turn|5\n|\n|t:|1776030653\n|switch|p2b: Sinistcha|Sinistcha, L50|100/100\n|-heal|p2a: Glimmora|89/100|[from] ability: Hospitality|[of] p2b: Sinistcha\n|move|p2a: Glimmora|Earth Power|p1b: Archaludon\n|-supereffective|p1b: Archaludon|1\n|-damage|p1b: Archaludon|32/100\n|move|p1b: Archaludon|Electro Shot||[still]\n|-prepare|p1b: Archaludon|Electro Shot\n|-boost|p1b: Archaludon|spa|1\n|-anim|p1b: Archaludon|Electro Shot|p2b: Sinistcha\n|-resisted|p2b: Sinistcha|1\n|-damage|p2b: Sinistcha|61/100\n|move|p1a: Pelipper|Tailwind|p1a: Pelipper\n|-sidestart|p1: TLP27|move: Tailwind\n|\n|-weather|RainDance|[upkeep]\n|-heal|p2b: Sinistcha|67/100|[from] item: Leftovers\n|upkeep\n|turn|6\n|inactive|Mario 30000000 has 30 seconds left.\n|\n|t:|1776030683\n|move|p1b: Archaludon|Protect|p1b: Archaludon\n|-singleturn|p1b: Archaludon|Protect\n|move|p2b: Sinistcha|Protect|p2b: Sinistcha\n|-singleturn|p2b: Sinistcha|Protect\n|move|p1a: Pelipper|Hurricane|p2b: Sinistcha\n|-activate|p2b: Sinistcha|move: Protect\n|move|p2a: Glimmora|Power Gem|p1a: Pelipper\n|-supereffective|p1a: Pelipper|1\n|-enditem|p1a: Pelipper|Focus Sash\n|-damage|p1a: Pelipper|1/100\n|\n|-weather|RainDance|[upkeep]\n|-heal|p2b: Sinistcha|73/100|[from] item: Leftovers\n|upkeep\n|turn|7\n|\n|t:|1776030707\n|move|p2b: Sinistcha|Rage Powder|p2b: Sinistcha\n|-singleturn|p2b: Sinistcha|move: Rage Powder\n|move|p1b: Archaludon|Flash Cannon|p2b: Sinistcha\n|-damage|p2b: Sinistcha|3/100\n|-unboost|p2b: Sinistcha|spd|1\n|move|p1a: Pelipper|Hurricane|p2b: Sinistcha\n|-supereffective|p2b: Sinistcha|1\n|-damage|p2b: Sinistcha|0 fnt\n|faint|p2b: Sinistcha\n|move|p2a: Glimmora|Earth Power|p1b: Archaludon\n|-supereffective|p1b: Archaludon|1\n|-damage|p1b: Archaludon|0 fnt\n|faint|p1b: Archaludon\n|\n|-weather|RainDance|[upkeep]\n|upkeep\n|\n|t:|1776030731\n|switch|p1b: Kangaskhan|Kangaskhan, L50, F|6/100\n|switch|p2b: Sneasler|Sneasler, L50, M, shiny|68/100\n|turn|8\n|\n|t:|1776030746\n|switch|p2a: Gyarados|Gyarados, L50, M, shiny|100/100\n|-ability|p2a: Gyarados|Intimidate|boost\n|-unboost|p1a: Pelipper|atk|1\n|-fail|p1b: Kangaskhan|unboost|Attack|[from] ability: Scrappy|[of] p1b: Kangaskhan\n|move|p1b: Kangaskhan|Fake Out|p2b: Sneasler\n|-damage|p2b: Sneasler|39/100\n|cant|p2b: Sneasler|flinch\n|move|p1a: Pelipper|Weather Ball|p2a: Gyarados\n|-resisted|p2a: Gyarados|1\n|-damage|p2a: Gyarados|71/100\n|\n|-weather|none\n|-sideend|p1: TLP27|move: Tailwind\n|upkeep\n|turn|9\n|inactive|TLP27 has 30 seconds left.\n|\n|t:|1776030774\n|detailschange|p1b: Kangaskhan|Kangaskhan-Mega, L50, F\n|-mega|p1b: Kangaskhan|Kangaskhan|Kangaskhanite\n|move|p2b: Sneasler|Protect|p2b: Sneasler\n|-singleturn|p2b: Sneasler|Protect\n|move|p1a: Pelipper|Protect|p1a: Pelipper\n|-singleturn|p1a: Pelipper|Protect\n|move|p1b: Kangaskhan|Sucker Punch|p2a: Gyarados\n|-damage|p2a: Gyarados|47/100\n|-enditem|p2a: Gyarados|Sitrus Berry|[eat]\n|-heal|p2a: Gyarados|71/100|[from] item: Sitrus Berry\n|-damage|p2a: Gyarados|65/100\n|-hitcount|p2a: Gyarados|2\n|move|p2a: Gyarados|Waterfall|p1a: Pelipper\n|-activate|p1a: Pelipper|move: Protect\n|\n|upkeep\n|turn|10\n|inactive|TLP27 has 30 seconds left.\n|inactive|TLP27 has 20 seconds left.\n|inactive|TLP27 has 15 seconds left.\n|inactive|TLP27 has 10 seconds left.\n|\n|t:|1776030819\n|move|p2b: Sneasler|Dire Claw|p1a: Pelipper\n|-crit|p1a: Pelipper\n|-damage|p1a: Pelipper|0 fnt\n|faint|p1a: Pelipper\n|move|p1b: Kangaskhan|Low Kick|p2a: Gyarados\n|-resisted|p2a: Gyarados|1\n|-damage|p2a: Gyarados|47/100\n|-resisted|p2a: Gyarados|1\n|-damage|p2a: Gyarados|42/100\n|-hitcount|p2a: Gyarados|2\n|move|p2a: Gyarados|Waterfall|p1b: Kangaskhan\n|-damage|p1b: Kangaskhan|0 fnt\n|faint|p1b: Kangaskhan\n|\n|upkeep\n|\n|t:|1776030835\n|switch|p1a: Incineroar|Incineroar, L50, F|54/100\n|-ability|p1a: Incineroar|Intimidate|boost\n|-unboost|p2a: Gyarados|atk|1\n|-unboost|p2b: Sneasler|atk|1\n|turn|11\n|\n|t:|1776030844\n|move|p2b: Sneasler|Protect|p2b: Sneasler\n|-singleturn|p2b: Sneasler|Protect\n|move|p2a: Gyarados|Protect|p2a: Gyarados\n|-singleturn|p2a: Gyarados|Protect\n|move|p1a: Incineroar|Fake Out|p2a: Gyarados\n|-activate|p2a: Gyarados|move: Protect\n|\n|upkeep\n|turn|12\n|\n|t:|1776030858\n|move|p2a: Gyarados|Helping Hand|p2b: Sneasler\n|-singleturn|p2b: Sneasler|Helping Hand|[of] p2a: Gyarados\n|move|p2b: Sneasler|Close Combat|p1a: Incineroar\n|-supereffective|p1a: Incineroar|1\n|-damage|p1a: Incineroar|0 fnt\n|-unboost|p2b: Sneasler|def|1\n|-unboost|p2b: Sneasler|spd|1\n|faint|p1a: Incineroar\n|\n|win|Mario 30000000\n|raw|TLP27's rating: 1000 &rarr; <strong>1000</strong><br />(+0 for losing)\n|raw|Mario 30000000's rating: 1049 &rarr; <strong>1077</strong><br />(+28 for winning)\n|l|\u2606Mario 30000000\n|player|p2|\n",
  "uploadtime": 1776030868,
  "views": 31,
  "formatid": "gen9championsvgc2026regma",
  "rating": 1000,
  "private": 0,
  "password": null
}