{
  "id": "gen9championsvgc2026regma-2584127300",
  "format": "[Gen 9 Champions] VGC 2026 Reg M-A",
  "players": [
    "derbeste enjoyer",
    "PhantomzTK"
  ],
  "log": "|j|\u2606derbeste enjoyer\n|j|\u2606PhantomzTK\n|t:|1776228166\n|gametype|doubles\n|player|p1|derbeste enjoyer|dawn|\n|player|p2|PhantomzTK|caitlin|\n|gen|9\n|tier|[Gen 9 Champions] VGC 2026 Reg M-A\n|rated|Tournament battle\n|rule|Species Clause: Limit one of each Pok\u00e9mon\n|rule|Item Clause: Limit 1 of each item\n|raw|<div class=\"infobox\"><details class=\"readmore\" open><summary><strong>1 custom rule:</strong></summary> Force Open Team Sheets</details></div>\n|clearpoke\n|poke|p1|Aerodactyl, L50, F|\n|poke|p1|Basculegion, L50, M|\n|poke|p1|Kingambit, L50, F|\n|poke|p1|Conkeldurr, L50, M|\n|poke|p1|Chandelure, L50, M|\n|poke|p1|Clefable, L50, M|\n|poke|p2|Floette-Eternal, L50, F|\n|poke|p2|Maushold, L50|\n|poke|p2|Arcanine-Hisui, L50, F|\n|poke|p2|Froslass, L50, F|\n|poke|p2|Basculegion, L50, M|\n|poke|p2|Sneasler, L50, M|\n|teampreview|4\n|showteam|p1|Aerodactyl||Aerodactylite|Unnerve|RockSlide,Protect,Tailwind,DualWingbeat|||F|||50|]Basculegion||WhiteHerb|Adaptability|LastRespects,AquaJet,WaveCrash,Protect|||M|||50|]Kingambit||BlackGlasses|Defiant|SwordsDance,SuckerPunch,KowtowCleave,Protect|||F|||50|]Conkeldurr||BlackBelt|IronFist|MachPunch,DrainPunch,ThunderPunch,Protect|||M|||50|]Chandelure||FocusSash|FlashFire|ShadowBall,HeatWave,TrickRoom,Protect|||M|||50|]Clefable||SitrusBerry|Unaware|FollowMe,HelpingHand,Moonblast,Protect|||M|||50|\n|showteam|p2|Floette-Eternal||Floettite|FlowerVeil|CalmMind,Moonblast,Protect,DazzlingGleam|||F|||50|]Maushold||MentalHerb|FriendGuard|Protect,PlayRough,FollowMe,SuperFang||||||50|]Arcanine-Hisui||FocusSash|Intimidate|RockSlide,Protect,ExtremeSpeed,HelpingHand|||F|||50|]Froslass||Froslassite|CursedBody|Blizzard,AuroraVeil,Protect,ShadowBall|||F|||50|]Basculegion||ChoiceScarf|Adaptability|AquaJet,FlipTurn,LastRespects,WaveCrash|||M|||50|]Sneasler||WhiteHerb|Unburden|CloseCombat,DireClaw,FakeOut,Protect|||M|||50|\n|j| Rainpelt103\n|j| Sibanz\n|l| Rainpelt103\n|j| sunwind\n|\n|t:|1776228221\n|teamsize|p1|4\n|teamsize|p2|4\n|start\n|switch|p1a: Aerodactyl|Aerodactyl, L50, F|100/100\n|switch|p1b: Kingambit|Kingambit, L50, F|100/100\n|switch|p2a: Basculegion|Basculegion, L50, M|100/100\n|switch|p2b: Maushold|Maushold, L50|100/100\n|-ability|p1a: Aerodactyl|Unnerve\n|turn|1\n|\n|t:|1776228239\n|move|p1a: Aerodactyl|Protect|p1a: Aerodactyl\n|-singleturn|p1a: Aerodactyl|Protect\n|move|p2b: Maushold|Follow Me|p2b: Maushold\n|-singleturn|p2b: Maushold|move: Follow Me\n|move|p2a: Basculegion|Wave Crash|p1a: Aerodactyl\n|-activate|p1a: Aerodactyl|move: Protect\n|move|p1b: Kingambit|Kowtow Cleave|p2b: Maushold\n|-crit|p2b: Maushold\n|-damage|p2b: Maushold|0 fnt\n|faint|p2b: Maushold\n|\n|upkeep\n|j| OnToTheOther\n|\n|t:|1776228255\n|switch|p2b: Sneasler|Sneasler, L50, M|100/100\n|turn|2\n|\n|t:|1776228294\n|switch|p1a: Basculegion|Basculegion, L50, M|100/100\n|switch|p1b: Chandelure|Chandelure, L50, M|100/100\n|move|p2b: Sneasler|Fake Out|p1b: Chandelure\n|-immune|p1b: Chandelure\n|move|p2a: Basculegion|Wave Crash|p1a: Basculegion\n|-resisted|p1a: Basculegion|1\n|-damage|p1a: Basculegion|51/100\n|-damage|p2a: Basculegion|84/100|[from] Recoil\n|\n|upkeep\n|turn|3\n|j| VARANSPIRE 3\n|j| pipievgc103\n|l| VARANSPIRE 3\n|\n|t:|1776228319\n|move|p2b: Sneasler|Protect|p2b: Sneasler\n|-singleturn|p2b: Sneasler|Protect\n|move|p1b: Chandelure|Protect|p1b: Chandelure\n|-singleturn|p1b: Chandelure|Protect\n|move|p2a: Basculegion|Wave Crash|p1b: Chandelure\n|-activate|p1b: Chandelure|move: Protect\n|move|p1a: Basculegion|Last Respects|p2a: Basculegion\n|-supereffective|p2a: Basculegion|1\n|-damage|p2a: Basculegion|0 fnt\n|faint|p2a: Basculegion\n|\n|upkeep\n|\n|t:|1776228322\n|switch|p2a: Froslass|Froslass, L50, F|100/100\n|turn|4\n|\n|t:|1776228344\n|detailschange|p2a: Froslass|Froslass-Mega, L50, F\n|-mega|p2a: Froslass|Froslass|Froslassite\n|-weather|Snowscape|[from] ability: Snow Warning|[of] p2a: Froslass\n|move|p2a: Froslass|Protect|p2a: Froslass\n|-singleturn|p2a: Froslass|Protect\n|move|p1a: Basculegion|Aqua Jet|p2b: Sneasler\n|-damage|p2b: Sneasler|56/100\n|move|p2b: Sneasler|Dire Claw|p1b: Chandelure\n|-resisted|p1b: Chandelure|1\n|-damage|p1b: Chandelure|75/100\n|move|p1b: Chandelure|Heat Wave|p2b: Sneasler|[spread] p2b\n|-activate|p2a: Froslass|move: Protect\n|-damage|p2b: Sneasler|0 fnt\n|faint|p2b: Sneasler\n|\n|-weather|Snowscape|[upkeep]\n|upkeep\n|turn|5\n|\n|t:|1776228367\n|move|p1a: Basculegion|Protect|p1a: Basculegion\n|-singleturn|p1a: Basculegion|Protect\n|move|p2a: Froslass|Shadow Ball|p1b: Chandelure\n|-supereffective|p1b: Chandelure|1\n|-damage|p1b: Chandelure|0 fnt\n|faint|p1b: Chandelure\n|\n|-weather|Snowscape|[upkeep]\n|upkeep\n|c|\u2606PhantomzTK|gg\n|\n|t:|1776228377\n|switch|p1b: Aerodactyl|Aerodactyl, L50, F|100/100\n|-ability|p1b: Aerodactyl|Unnerve\n|turn|6\n|\n|t:|1776228381\n|detailschange|p1b: Aerodactyl|Aerodactyl-Mega, L50, F\n|-mega|p1b: Aerodactyl|Aerodactyl|Aerodactylite\n|move|p1b: Aerodactyl|Tailwind|p1b: Aerodactyl\n|-sidestart|p1: derbeste enjoyer|move: Tailwind\n|move|p1a: Basculegion|Last Respects|p2a: Froslass\n|-supereffective|p2a: Froslass|1\n|-damage|p2a: Froslass|0 fnt\n|faint|p2a: Froslass\n|\n|win|derbeste enjoyer\n|n|\u2606derbeste enjoyer|derbesteenjoyer\n|n|\u2606PhantomzTK|phantomztk\n|n| Sibanz|sibanz\n|n| sunwind|sunwind\n|n| OnToTheOther|ontotheother\n|n| pipievgc103|pipievgc103\n|c|\u2606derbeste enjoyer|gg\n",
  "uploadtime": 1776228387,
  "views": 17,
  "formatid": "gen9championsvgc2026regma",
  "rating": null,
  "private": 0,
  "password": null
}