{
  "id": "gen9championsvgc2026regma-2584850873",
  "format": "[Gen 9 Champions] VGC 2026 Reg M-A",
  "players": [
    "Pun1sher14",
    "Missed Ledgedash"
  ],
  "log": "|j|\u2606Pun1sher14\n|j|\u2606Missed Ledgedash\n|t:|1776288602\n|gametype|doubles\n|player|p1|Pun1sher14|lucas-gen4pt|1236\n|player|p2|Missed Ledgedash|juan-gen3|1194\n|gen|9\n|tier|[Gen 9 Champions] VGC 2026 Reg M-A\n|rated|\n|rule|Species Clause: Limit one of each Pok\u00e9mon\n|rule|Item Clause: Limit 1 of each item\n|clearpoke\n|poke|p1|Farigiraf, L50, F|\n|poke|p1|Basculegion, L50, M|\n|poke|p1|Chesnaught, L50, M|\n|poke|p1|Incineroar, L50, F|\n|poke|p1|Mr. Rime, L50, F|\n|poke|p1|Aegislash, L50, M|\n|poke|p2|Incineroar, L50, F|\n|poke|p2|Gengar, L50, F|\n|poke|p2|Gyarados, L50, F|\n|poke|p2|Tyranitar, L50, F|\n|poke|p2|Sneasler, L50, M|\n|poke|p2|Excadrill, L50, M|\n|teampreview|4\n|inactive|Battle timer is ON: inactive players will automatically lose when time's up. (requested by Pun1sher14)\n|inactive|Pun1sher14 has 60 seconds left.\n|inactive|Missed Ledgedash has 60 seconds left.\n|inactive|Pun1sher14 has 30 seconds left.\n|inactive|Pun1sher14 has 20 seconds left.\n|inactive|Pun1sher14 has 15 seconds left.\n|inactive|Pun1sher14 has 10 seconds left.\n|inactive|Pun1sher14 has 5 seconds left.\n|\n|t:|1776288690\n|teamsize|p1|4\n|teamsize|p2|4\n|start\n|switch|p1a: Farigiraf|Farigiraf, L50, F|100/100\n|switch|p1b: Incineroar|Incineroar, L50, F|100/100\n|switch|p2a: Gengar|Gengar, L50, F|100/100\n|switch|p2b: Incineroar|Incineroar, L50, F|100/100\n|-ability|p1b: Incineroar|Intimidate|boost\n|-unboost|p2a: Gengar|atk|1\n|-unboost|p2b: Incineroar|atk|1\n|-ability|p2b: Incineroar|Intimidate|boost\n|-unboost|p1a: Farigiraf|atk|1\n|-unboost|p1b: Incineroar|atk|1\n|turn|1\n|inactive|Missed Ledgedash has 30 seconds left.\n|inactive|Missed Ledgedash has 20 seconds left.\n|inactive|Missed Ledgedash has 15 seconds left.\n|inactive|Missed Ledgedash has 10 seconds left.\n|inactive|Missed Ledgedash has 5 seconds left.\n|\n|t:|1776288741\n|switch|p2a: Tyranitar|Tyranitar, L50, F|100/100\n|-weather|Sandstorm|[from] ability: Sand Stream|[of] p2a: Tyranitar\n|move|p1b: Incineroar|Fake Out|p2b: Incineroar\n|-damage|p2b: Incineroar|95/100\n|move|p1a: Farigiraf|Twin Beam|p2a: Tyranitar\n|-immune|p2a: Tyranitar\n|cant|p2b: Incineroar|flinch\n|\n|-weather|Sandstorm|[upkeep]\n|-damage|p1b: Incineroar|95/100|[from] Sandstorm\n|-damage|p2b: Incineroar|89/100|[from] Sandstorm\n|-damage|p1a: Farigiraf|94/100|[from] Sandstorm\n|upkeep\n|turn|2\n|\n|t:|1776288764\n|move|p1b: Incineroar|Parting Shot|p2a: Tyranitar\n|-unboost|p2a: Tyranitar|atk|1\n|-unboost|p2a: Tyranitar|spa|1\n|\n|t:|1776288776\n|switch|p1b: Chesnaught|Chesnaught, L50, M, shiny|100/100|[from] Parting Shot\n|move|p2a: Tyranitar|Knock Off|p1a: Farigiraf\n|-supereffective|p1a: Farigiraf|1\n|-damage|p1a: Farigiraf|23/100\n|-enditem|p1a: Farigiraf|Mental Herb|[from] move: Knock Off|[of] p2a: Tyranitar\n|move|p2b: Incineroar|Parting Shot|p1b: Chesnaught\n|-unboost|p1b: Chesnaught|atk|1\n|-unboost|p1b: Chesnaught|spa|1\n|\n|t:|1776288786\n|switch|p2b: Gengar|Gengar, L50, F|100/100|[from] Parting Shot\n|move|p1a: Farigiraf|Trick Room|p1a: Farigiraf\n|-fieldstart|move: Trick Room|[of] p1a: Farigiraf\n|\n|-weather|Sandstorm|[upkeep]\n|-damage|p1a: Farigiraf|16/100|[from] Sandstorm\n|-damage|p1b: Chesnaught|94/100|[from] Sandstorm\n|-damage|p2b: Gengar|94/100|[from] Sandstorm\n|upkeep\n|turn|3\n|l|\u2606Pun1sher14\n|inactive|Pun1sher14 disconnected and has a minute to reconnect!\n|player|p1|\n|j|\u2606Pun1sher14\n|inactive|Pun1sher14 reconnected and has 50 seconds left.\n|player|p1|Pun1sher14|lucas-gen4pt|\n|inactive|Pun1sher14 has 30 seconds left.\n|inactive|Missed Ledgedash has 30 seconds left.\n|\n|t:|1776288821\n|detailschange|p1b: Chesnaught|Chesnaught-Mega, L50, M, shiny\n|-mega|p1b: Chesnaught|Chesnaught|Chesnaughtite\n|move|p2b: Gengar|Protect|p2b: Gengar\n|-singleturn|p2b: Gengar|Protect\n|move|p1b: Chesnaught|Iron Defense|p1b: Chesnaught\n|-boost|p1b: Chesnaught|def|2\n|move|p1a: Farigiraf|Twin Beam|p2b: Gengar\n|-activate|p2b: Gengar|move: Protect\n|move|p2a: Tyranitar|Knock Off|p1a: Farigiraf\n|-supereffective|p1a: Farigiraf|1\n|-damage|p1a: Farigiraf|0 fnt\n|faint|p1a: Farigiraf\n|\n|-weather|Sandstorm|[upkeep]\n|-damage|p1b: Chesnaught|88/100|[from] Sandstorm\n|-damage|p2b: Gengar|88/100|[from] Sandstorm\n|upkeep\n|\n|t:|1776288836\n|switch|p1a: Basculegion|Basculegion, L50, M|100/100\n|turn|4\n|\n|t:|1776288846\n|switch|p2a: Incineroar|Incineroar, L50, F|89/100\n|-ability|p2a: Incineroar|Intimidate|boost\n|-unboost|p1a: Basculegion|atk|1\n|-unboost|p1b: Chesnaught|atk|1\n|-enditem|p1a: Basculegion|White Herb\n|-clearnegativeboost|p1a: Basculegion|[silent]\n|detailschange|p2b: Gengar|Gengar-Mega, L50, F\n|-mega|p2b: Gengar|Gengar|Gengarite\n|move|p1b: Chesnaught|Body Press|p2a: Incineroar\n|-supereffective|p2a: Incineroar|1\n|-damage|p2a: Incineroar|0 fnt\n|faint|p2a: Incineroar\n|move|p1a: Basculegion|Wave Crash|p2b: Gengar\n|-damage|p2b: Gengar|0 fnt\n|faint|p2b: Gengar\n|-damage|p1a: Basculegion|77/100|[from] Recoil\n|\n|-weather|Sandstorm|[upkeep]\n|-damage|p1b: Chesnaught|82/100|[from] Sandstorm\n|-damage|p1a: Basculegion|71/100|[from] Sandstorm\n|upkeep\n|\n|t:|1776288861\n|switch|p2a: Tyranitar|Tyranitar, L50, F|100/100\n|switch|p2b: Sneasler|Sneasler, L50, M|100/100\n|turn|5\n|\n|t:|1776288877\n|move|p2b: Sneasler|Fake Out|p1b: Chesnaught\n|-damage|p1b: Chesnaught|78/100\n|cant|p1b: Chesnaught|flinch\n|move|p2a: Tyranitar|Knock Off|p1a: Basculegion\n|-supereffective|p1a: Basculegion|1\n|-damage|p1a: Basculegion|6/100\n|move|p1a: Basculegion|Wave Crash|p2b: Sneasler\n|-damage|p2b: Sneasler|0 fnt\n|faint|p2b: Sneasler\n|-damage|p1a: Basculegion|0 fnt|[from] Recoil\n|faint|p1a: Basculegion\n|\n|-weather|none\n|upkeep\n|\n|t:|1776288880\n|switch|p1a: Incineroar|Incineroar, L50, F|95/100\n|-ability|p1a: Incineroar|Intimidate|boost\n|-unboost|p2a: Tyranitar|atk|1\n|turn|6\n|\n|t:|1776288890\n|move|p1a: Incineroar|Fake Out|p2a: Tyranitar\n|-resisted|p2a: Tyranitar|1\n|-damage|p2a: Tyranitar|96/100\n|move|p1b: Chesnaught|Body Press|p2a: Tyranitar\n|-supereffective|p2a: Tyranitar|2\n|-damage|p2a: Tyranitar|0 fnt\n|faint|p2a: Tyranitar\n|\n|win|Pun1sher14\n|raw|Pun1sher14's rating: 1236 &rarr; <strong>1258</strong><br />(+22 for winning)\n|raw|Missed Ledgedash's rating: 1194 &rarr; <strong>1172</strong><br />(-22 for losing)\n",
  "uploadtime": 1776288891,
  "views": 19,
  "formatid": "gen9championsvgc2026regma",
  "rating": 1172,
  "private": 0,
  "password": null
}