{
  "id": "gen9championsvgc2026regma-2584405387",
  "format": "[Gen 9 Champions] VGC 2026 Reg M-A",
  "players": [
    "Geargiano",
    "AVATAROSENTAI"
  ],
  "log": "|j|\u2606Geargiano\n|j|\u2606AVATAROSENTAI\n|t:|1776258509\n|gametype|doubles\n|player|p1|Geargiano|170|1095\n|player|p2|AVATAROSENTAI|lusamine-nihilego|1088\n|gen|9\n|tier|[Gen 9 Champions] VGC 2026 Reg M-A\n|rated|\n|rule|Species Clause: Limit one of each Pok\u00e9mon\n|rule|Item Clause: Limit 1 of each item\n|clearpoke\n|poke|p1|Politoed, L50, M|\n|poke|p1|Meganium, L50, F|\n|poke|p1|Basculegion, L50, M|\n|poke|p1|Klefki, L50, M|\n|poke|p1|Archaludon, L50, F|\n|poke|p1|Toxicroak, L50, F|\n|poke|p2|Excadrill, L50, F|\n|poke|p2|Tyranitar, L50, M|\n|poke|p2|Garchomp, L50, M|\n|poke|p2|Corviknight, L50, M|\n|poke|p2|Gyarados, L50, M|\n|poke|p2|Sinistcha, L50|\n|teampreview|4\n|\n|t:|1776258539\n|teamsize|p1|4\n|teamsize|p2|4\n|start\n|switch|p1a: Vapore0n|Politoed, L50, M|100/100\n|switch|p1b: Archaludon|Archaludon, L50, F|100/100\n|switch|p2a: Corviknight|Corviknight, L50, M|100/100\n|switch|p2b: Gyarados|Gyarados, L50, M|100/100\n|-ability|p2b: Gyarados|Intimidate|boost\n|-unboost|p1a: Vapore0n|atk|1\n|-unboost|p1b: Archaludon|atk|1\n|-weather|RainDance|[from] ability: Drizzle|[of] p1a: Vapore0n\n|turn|1\n|\n|t:|1776258569\n|switch|p2b: Tyranitar|Tyranitar, L50, M|100/100\n|-weather|Sandstorm|[from] ability: Sand Stream|[of] p2b: Tyranitar\n|move|p1a: Vapore0n|Weather Ball|p2a: Corviknight\n|-damage|p2a: Corviknight|70/100\n|move|p2a: Corviknight|Body Press|p1b: Archaludon\n|-supereffective|p1b: Archaludon|1\n|-damage|p1b: Archaludon|60/100\n|-ability|p1b: Archaludon|Stamina|boost\n|-boost|p1b: Archaludon|def|1\n|move|p1b: Archaludon|Electro Shot||[still]\n|-prepare|p1b: Archaludon|Electro Shot\n|-boost|p1b: Archaludon|spa|1\n|\n|-weather|Sandstorm|[upkeep]\n|-damage|p1a: Vapore0n|94/100|[from] Sandstorm\n|-heal|p2a: Corviknight|76/100|[from] item: Leftovers\n|upkeep\n|turn|2\n|\n|t:|1776258610\n|switch|p1a: Klefki|Klefki, L50, M|100/100\n|move|p2a: Corviknight|Light Screen|p2a: Corviknight\n|-sidestart|p2: AVATAROSENTAI|move: Light Screen\n|move|p1b: Archaludon|Electro Shot|p2b: Tyranitar|[from] lockedmove\n|-damage|p2b: Tyranitar|74/100\n|move|p2b: Tyranitar|Knock Off|p1b: Archaludon\n|-damage|p1b: Archaludon|33/100\n|-ability|p1b: Archaludon|Stamina|boost\n|-boost|p1b: Archaludon|def|1\n|-enditem|p1b: Archaludon|Occa Berry|[from] move: Knock Off|[of] p2b: Tyranitar\n|\n|-weather|Sandstorm|[upkeep]\n|-heal|p2a: Corviknight|82/100|[from] item: Leftovers\n|upkeep\n|turn|3\n|\n|t:|1776258674\n|move|p2b: Tyranitar|Protect|p2b: Tyranitar\n|-singleturn|p2b: Tyranitar|Protect\n|move|p1a: Klefki|Thunder Wave|p2a: Corviknight\n|-status|p2a: Corviknight|par\n|move|p1b: Archaludon|Flash Cannon|p2b: Tyranitar\n|-activate|p2b: Tyranitar|move: Protect\n|cant|p2a: Corviknight|par\n|\n|-weather|Sandstorm|[upkeep]\n|-heal|p2a: Corviknight|88/100 par|[from] item: Leftovers\n|upkeep\n|turn|4\n|\n|t:|1776258696\n|switch|p2b: Sinistcha|Sinistcha, L50|100/100\n|-heal|p2a: Corviknight|100/100 par|[from] ability: Hospitality|[of] p2b: Sinistcha\n|move|p1a: Klefki|Substitute|p1a: Klefki\n|-start|p1a: Klefki|Substitute\n|-damage|p1a: Klefki|75/100\n|move|p1b: Archaludon|Flash Cannon|p2b: Sinistcha\n|-damage|p2b: Sinistcha|43/100\n|-enditem|p2b: Sinistcha|Sitrus Berry|[eat]\n|-heal|p2b: Sinistcha|68/100|[from] item: Sitrus Berry\n|cant|p2a: Corviknight|par\n|\n|-weather|Sandstorm|[upkeep]\n|-damage|p2b: Sinistcha|62/100|[from] Sandstorm\n|-heal|p1a: Klefki|82/100|[from] item: Leftovers\n|upkeep\n|turn|5\n|\n|t:|1776258728\n|move|p1b: Archaludon|Flash Cannon|p2a: Corviknight\n|-resisted|p2a: Corviknight|1\n|-damage|p2a: Corviknight|78/100 par\n|move|p2b: Sinistcha|Matcha Gotcha|p1a: Klefki|[spread] p1a,p1b\n|-resisted|p1a: Klefki|1\n|-activate|p1a: Klefki|move: Substitute|[damage]\n|-heal|p2b: Sinistcha|70/100|[from] drain|[of] p1a: Klefki\n|-resisted|p1b: Archaludon|2\n|-damage|p1b: Archaludon|24/100\n|-heal|p2b: Sinistcha|75/100|[from] drain|[of] p1b: Archaludon\n|-ability|p1b: Archaludon|Stamina|boost\n|-boost|p1b: Archaludon|def|1\n|move|p1a: Klefki|Foul Play|p2b: Sinistcha\n|-supereffective|p2b: Sinistcha|1\n|-damage|p2b: Sinistcha|43/100\n|move|p2a: Corviknight|Body Press|p1b: Archaludon\n|-supereffective|p1b: Archaludon|1\n|-damage|p1b: Archaludon|7/100\n|-ability|p1b: Archaludon|Stamina|boost\n|-boost|p1b: Archaludon|def|1\n|\n|-weather|none\n|-heal|p1a: Klefki|88/100|[from] item: Leftovers\n|-heal|p2a: Corviknight|85/100 par|[from] item: Leftovers\n|upkeep\n|turn|6\n|\n|t:|1776258765\n|switch|p2b: Gyarados|Gyarados, L50, M|100/100\n|-ability|p2b: Gyarados|Intimidate|boost\n|-immune|p1a: Klefki\n|-unboost|p1b: Archaludon|atk|1\n|move|p1a: Klefki|Thunder Wave|p2b: Gyarados|[miss]\n|-miss|p1a: Klefki|p2b: Gyarados\n|move|p1b: Archaludon|Draco Meteor|p2b: Gyarados\n|-damage|p2b: Gyarados|31/100\n|-unboost|p1b: Archaludon|spa|2\n|cant|p2a: Corviknight|par\n|\n|-heal|p1a: Klefki|94/100|[from] item: Leftovers\n|-heal|p2a: Corviknight|91/100 par|[from] item: Leftovers\n|-sideend|p2: AVATAROSENTAI|move: Light Screen\n|upkeep\n|turn|7\n|\n|t:|1776258797\n|move|p2b: Gyarados|Waterfall|p1b: Archaludon\n|-resisted|p1b: Archaludon|1\n|-damage|p1b: Archaludon|2/100\n|-ability|p1b: Archaludon|Stamina|boost\n|-boost|p1b: Archaludon|def|1\n|cant|p1b: Archaludon|flinch\n|move|p1a: Klefki|Dazzling Gleam|p2a: Corviknight|[spread] p2a,p2b\n|-resisted|p2a: Corviknight|1\n|-damage|p2a: Corviknight|81/100 par\n|-damage|p2b: Gyarados|13/100\n|move|p2a: Corviknight|Brave Bird|p1a: Klefki\n|-resisted|p1a: Klefki|1\n|-end|p1a: Klefki|Substitute\n|-damage|p2a: Corviknight|79/100 par|[from] Recoil|[of] p1a: Klefki\n|\n|-heal|p1a: Klefki|99/100|[from] item: Leftovers\n|-heal|p2a: Corviknight|85/100 par|[from] item: Leftovers\n|upkeep\n|turn|8\n|\n|t:|1776258823\n|move|p2b: Gyarados|Protect|p2b: Gyarados\n|-singleturn|p2b: Gyarados|Protect\n|move|p1a: Klefki|Substitute|p1a: Klefki\n|-start|p1a: Klefki|Substitute\n|-damage|p1a: Klefki|75/100\n|move|p1b: Archaludon|Draco Meteor|p2b: Gyarados\n|-activate|p2b: Gyarados|move: Protect\n|move|p2a: Corviknight|Body Press|p1a: Klefki\n|-activate|p1a: Klefki|move: Substitute|[damage]\n|\n|-heal|p1a: Klefki|81/100|[from] item: Leftovers\n|-heal|p2a: Corviknight|91/100 par|[from] item: Leftovers\n|upkeep\n|turn|9\n|\n|t:|1776258866\n|move|p1a: Klefki|Thunder Wave|p2b: Gyarados\n|-status|p2b: Gyarados|par\n|move|p1b: Archaludon|Draco Meteor|p2a: Corviknight\n|-resisted|p2a: Corviknight|1\n|-damage|p2a: Corviknight|66/100 par\n|-unboost|p1b: Archaludon|spa|2\n|move|p2b: Gyarados|Waterfall|p1b: Archaludon\n|-resisted|p1b: Archaludon|1\n|-damage|p1b: Archaludon|0 fnt\n|faint|p1b: Archaludon\n|move|p2a: Corviknight|Body Press|p1a: Klefki\n|-end|p1a: Klefki|Substitute\n|\n|-heal|p1a: Klefki|87/100|[from] item: Leftovers\n|-heal|p2a: Corviknight|73/100 par|[from] item: Leftovers\n|upkeep\n|\n|t:|1776258882\n|switch|p1b: Vapore0n|Politoed, L50, M|94/100\n|-weather|RainDance|[from] ability: Drizzle|[of] p1b: Vapore0n\n|turn|10\n|\n|t:|1776258900\n|switch|p2a: Sinistcha|Sinistcha, L50|43/100\n|-heal|p2b: Gyarados|38/100 par|[from] ability: Hospitality|[of] p2a: Sinistcha\n|move|p1a: Klefki|Substitute|p1a: Klefki\n|-start|p1a: Klefki|Substitute\n|-damage|p1a: Klefki|62/100\n|move|p1b: Vapore0n|Weather Ball|p2a: Sinistcha\n|-resisted|p2a: Sinistcha|1\n|-damage|p2a: Sinistcha|3/100\n|move|p2b: Gyarados|Power Whip|p1b: Vapore0n|[miss]\n|-miss|p2b: Gyarados|p1b: Vapore0n\n|\n|-weather|RainDance|[upkeep]\n|-heal|p1a: Klefki|68/100|[from] item: Leftovers\n|upkeep\n|turn|11\n|\n|t:|1776258925\n|move|p1b: Vapore0n|Protect|p1b: Vapore0n\n|-singleturn|p1b: Vapore0n|Protect\n|move|p2a: Sinistcha|Matcha Gotcha|p1b: Vapore0n|[spread] p1a\n|-activate|p1b: Vapore0n|move: Protect\n|-resisted|p1a: Klefki|1\n|-activate|p1a: Klefki|move: Substitute|[damage]\n|-heal|p2a: Sinistcha|12/100|[from] drain|[of] p1a: Klefki\n|move|p1a: Klefki|Dazzling Gleam|p2a: Sinistcha|[spread] p2a,p2b\n|-damage|p2a: Sinistcha|0 fnt\n|-damage|p2b: Gyarados|23/100 par\n|faint|p2a: Sinistcha\n|cant|p2b: Gyarados|par\n|\n|-weather|RainDance|[upkeep]\n|-heal|p1a: Klefki|74/100|[from] item: Leftovers\n|upkeep\n|\n|t:|1776258935\n|switch|p2a: Tyranitar|Tyranitar, L50, M|74/100\n|-weather|Sandstorm|[from] ability: Sand Stream|[of] p2a: Tyranitar\n|turn|12\n|\n|t:|1776258956\n|detailschange|p2a: Tyranitar|Tyranitar-Mega, L50, M\n|-mega|p2a: Tyranitar|Tyranitar|Tyranitarite\n|move|p1b: Vapore0n|Focus Blast|p2a: Tyranitar\n|-supereffective|p2a: Tyranitar|2\n|-damage|p2a: Tyranitar|0 fnt\n|faint|p2a: Tyranitar\n|move|p1a: Klefki|Dazzling Gleam|p2b: Gyarados\n|-damage|p2b: Gyarados|0 fnt\n|faint|p2b: Gyarados\n|\n|-weather|Sandstorm|[upkeep]\n|-damage|p1b: Vapore0n|88/100|[from] Sandstorm\n|-heal|p1a: Klefki|80/100|[from] item: Leftovers\n|upkeep\n|-message|AVATAROSENTAI forfeited.\n|\n|win|Geargiano\n|raw|Geargiano's rating: 1095 &rarr; <strong>1120</strong><br />(+25 for winning)\n|raw|AVATAROSENTAI's rating: 1088 &rarr; <strong>1065</strong><br />(-23 for losing)\n|l|\u2606AVATAROSENTAI\n|player|p2|\n|c|\u2606Geargiano|lol\n|c|\u2606Geargiano|gg\n",
  "uploadtime": 1776258971,
  "views": 20,
  "formatid": "gen9championsvgc2026regma",
  "rating": 1065,
  "private": 0,
  "password": null
}