{
  "id": "gen9championsvgc2026regma-2585497721",
  "format": "[Gen 9 Champions] VGC 2026 Reg M-A",
  "players": [
    "jiagah",
    "mazztermaz"
  ],
  "log": "|j|\u2606jiagah\n|j|\u2606mazztermaz\n|t:|1776351549\n|gametype|doubles\n|player|p1|jiagah|blackbelt-gen4|1039\n|player|p2|mazztermaz|170|1050\n|gen|9\n|tier|[Gen 9 Champions] VGC 2026 Reg M-A\n|rated|\n|rule|Species Clause: Limit one of each Pok\u00e9mon\n|rule|Item Clause: Limit 1 of each item\n|clearpoke\n|poke|p1|Lucario, L50, M|\n|poke|p1|Ceruledge, L50, F|\n|poke|p1|Pelipper, L50, F|\n|poke|p1|Raichu, L50, F|\n|poke|p1|Tauros-Paldea-Aqua, L50, M|\n|poke|p1|Appletun, L50, F|\n|poke|p2|Snorlax, L50, M|\n|poke|p2|Chesnaught, L50, F|\n|poke|p2|Dragapult, L50, F|\n|poke|p2|Lopunny, L50, F|\n|poke|p2|Sableye, L50, F|\n|poke|p2|Sinistcha, L50|\n|teampreview|4\n|\n|t:|1776351562\n|teamsize|p1|4\n|teamsize|p2|4\n|start\n|switch|p1a: Ceruledge|Ceruledge, L50, F|100/100\n|switch|p1b: Appletun|Appletun, L50, F|100/100\n|switch|p2a: Snorlax|Snorlax, L50, M|100/100\n|switch|p2b: Chesnaught|Chesnaught, L50, F|100/100\n|turn|1\n|\n|t:|1776351583\n|detailschange|p2b: Chesnaught|Chesnaught-Mega, L50, F\n|-mega|p2b: Chesnaught|Chesnaught|Chesnaughtite\n|move|p1a: Ceruledge|Bitter Blade|p2b: Chesnaught\n|-supereffective|p2b: Chesnaught|1\n|-damage|p2b: Chesnaught|50/100\n|move|p2b: Chesnaught|Coaching|p2a: Snorlax\n|-boost|p2a: Snorlax|atk|1\n|-boost|p2a: Snorlax|def|1\n|move|p2a: Snorlax|Curse|p2a: Snorlax\n|-unboost|p2a: Snorlax|spe|1\n|-boost|p2a: Snorlax|atk|1\n|-boost|p2a: Snorlax|def|1\n|move|p1b: Appletun|Leech Seed|p2a: Snorlax\n|-start|p2a: Snorlax|move: Leech Seed\n|\n|-damage|p2a: Snorlax|88/100|[from] Leech Seed|[of] p1b: Appletun\n|upkeep\n|turn|2\n|\n|t:|1776351603\n|move|p2b: Chesnaught|Spiky Shield|p2b: Chesnaught\n|-singleturn|p2b: Chesnaught|move: Protect\n|move|p1a: Ceruledge|Bitter Blade|p2b: Chesnaught\n|-activate|p2b: Chesnaught|move: Protect\n|-damage|p1a: Ceruledge|88/100|[from] Spiky Shield|[of] p2b: Chesnaught\n|move|p1b: Appletun|Dragon Pulse|p2b: Chesnaught\n|-activate|p2b: Chesnaught|move: Protect\n|move|p2a: Snorlax|Earthquake|p1b: Appletun|[spread] p1a,p1b\n|-activate|p2b: Chesnaught|move: Protect\n|-supereffective|p1a: Ceruledge|1\n|-resisted|p1b: Appletun|1\n|-damage|p1a: Ceruledge|0 fnt\n|-damage|p1b: Appletun|76/100\n|faint|p1a: Ceruledge\n|\n|-heal|p2a: Snorlax|94/100|[from] item: Leftovers\n|-damage|p2a: Snorlax|82/100|[from] Leech Seed|[of] p1b: Appletun\n|-heal|p1b: Appletun|90/100|[silent]\n|upkeep\n|\n|t:|1776351608\n|switch|p1a: Raichu|Raichu, L50, F|100/100\n|turn|3\n|\n|t:|1776351622\n|switch|p2b: Sableye|Sableye, L50, F|100/100\n|move|p1a: Raichu|Fake Out|p2b: Sableye\n|-immune|p2b: Sableye\n|move|p1b: Appletun|Apple Acid|p2a: Snorlax\n|-damage|p2a: Snorlax|62/100\n|-unboost|p2a: Snorlax|spd|1\n|move|p2a: Snorlax|Self-Destruct|p1b: Appletun|[spread] p1a,p1b\n|-immune|p2b: Sableye\n|-enditem|p1a: Raichu|Focus Sash\n|-damage|p1a: Raichu|1/100\n|-damage|p1b: Appletun|0 fnt\n|faint|p2a: Snorlax\n|faint|p1b: Appletun\n|\n|upkeep\n|\n|t:|1776351641\n|switch|p1b: Lucario|Lucario, L50, M|100/100\n|switch|p2a: Chesnaught|Chesnaught-Mega, L50, F|50/100\n|turn|4\n|\n|t:|1776351687\n|detailschange|p1b: Lucario|Lucario-Mega, L50, M\n|-mega|p1b: Lucario|Lucario|Lucarionite\n|move|p2b: Sableye|Fake Out|p1a: Raichu\n|-damage|p1a: Raichu|0 fnt\n|faint|p1a: Raichu\n|move|p1b: Lucario|Close Combat|p2a: Chesnaught\n|-damage|p2a: Chesnaught|0 fnt\n|-unboost|p1b: Lucario|def|1\n|-unboost|p1b: Lucario|spd|1\n|faint|p2a: Chesnaught\n|\n|upkeep\n|\n|t:|1776351696\n|switch|p2a: Sinistcha|Sinistcha, L50|100/100\n|turn|5\n|-message|jiagah forfeited.\n|\n|win|mazztermaz\n|raw|jiagah's rating: 1039 &rarr; <strong>1024</strong><br />(-15 for losing)\n|raw|mazztermaz's rating: 1050 &rarr; <strong>1081</strong><br />(+31 for winning)\n|l|\u2606jiagah\n|player|p1|\n",
  "uploadtime": 1776351707,
  "views": 22,
  "formatid": "gen9championsvgc2026regma",
  "rating": 1024,
  "private": 0,
  "password": null
}