{
  "id": "gen9championsvgc2026regma-2584839397",
  "format": "[Gen 9 Champions] VGC 2026 Reg M-A",
  "players": [
    "TTT x",
    "Gone2Flavortown"
  ],
  "log": "|j|\u2606TTT x\n|j|\u2606Gone2Flavortown\n|t:|1776287670\n|gametype|doubles\n|player|p1|TTT x|#smogonxnpa2025draftee|\n|player|p2|Gone2Flavortown|101|\n|gen|9\n|tier|[Gen 9 Champions] VGC 2026 Reg M-A\n|rated|Tournament battle\n|rule|Species Clause: Limit one of each Pok\u00e9mon\n|rule|Item Clause: Limit 1 of each item\n|raw|<div class=\"infobox\"><details class=\"readmore\" open><summary><strong>1 custom rule:</strong></summary> Force Open Team Sheets</details></div>\n|clearpoke\n|poke|p1|Manectric, L50, F|\n|poke|p1|Archaludon, L50, F|\n|poke|p1|Sinistcha, L50|\n|poke|p1|Politoed, L50, M|\n|poke|p1|Scizor, L50, M|\n|poke|p1|Incineroar, L50, F|\n|poke|p2|Tyranitar, L50, M|\n|poke|p2|Garchomp, L50, F|\n|poke|p2|Corviknight, L50, M|\n|poke|p2|Sylveon, L50, F|\n|poke|p2|Orthworm, L50, M|\n|poke|p2|Rotom-Wash, L50|\n|teampreview|4\n|showteam|p1|Manectric||Manectite|LightningRod|VoltSwitch,Snarl,LightScreen,Protect|||F|||50|]Archaludon||Leftovers|Stamina|ElectroShot,DragonPulse,FlashCannon,Protect|||F|||50|]Sinistcha||KasibBerry|Hospitality|MatchaGotcha,ShadowBall,RagePowder,Protect||||||50|]Politoed||SitrusBerry|Drizzle|WeatherBall,RainDance,Encore,Protect|||M|||50|]Scizor||Scizorite|Technician|BulletPunch,BugBite,SwordsDance,Protect|||M|||50|]Incineroar||ChopleBerry|Intimidate|FakeOut,FlareBlitz,WillOWisp,PartingShot|||F|||50|\n|showteam|p2|Tyranitar||Tyranitarite|SandStream|RockSlide,KnockOff,LowKick,Protect|||M|||50|]Garchomp||BrightPowder|SandVeil|Earthquake,RockSlide,DragonClaw,Protect|||F|||50|]Corviknight||Leftovers|MirrorArmor|BraveBird,IronHead,Tailwind,Roost|||M|||50|]Sylveon||FairyFeather|Pixilate|HyperVoice,Moonblast,Yawn,Protect|||F|||50|]Orthworm||SitrusBerry|EarthEater|BodyPress,HeavySlam,IronDefense,Protect|||M|||50|]Rotom-Wash||QuickClaw|Levitate|HydroPump,Electroweb,WillOWisp,Protect||||||50|\n|inactive|Battle timer is ON: inactive players will automatically lose when time's up. (requested by Gone2Flavortown)\n|j| Carrielis\n|c|\u2606TTT x|glhf\n|j|+crystalninetales\n|c| Carrielis|Super cool team Triple T\n|j|+holdingb\n|j| reisquaza1\n|c|\u2606Gone2Flavortown|you too gamer\n|j| pokemonpengu\n|j|+TheLoanRanger\n|j| Jay is decent\n|j| OnToTheOther\n|\n|t:|1776287702\n|teamsize|p1|4\n|teamsize|p2|4\n|start\n|switch|p1a: Manectric|Manectric, L50, F|100/100\n|switch|p1b: Archaludon|Archaludon, L50, F|100/100\n|switch|p2a: Corviknight|Corviknight, L50, M|100/100\n|switch|p2b: Rotom|Rotom-Wash, L50|100/100\n|turn|1\n|inactive|Gone2Flavortown has 30 seconds left.\n|\n|t:|1776287727\n|detailschange|p1a: Manectric|Manectric-Mega, L50, F\n|-mega|p1a: Manectric|Manectric|Manectite\n|-ability|p1a: Manectric|Intimidate|boost\n|-ability|p2a: Corviknight|Mirror Armor\n|-unboost|p1a: Manectric|atk|1\n|-unboost|p2b: Rotom|atk|1\n|move|p1a: Manectric|Volt Switch|p1b: Archaludon\n|-resisted|p1b: Archaludon|1\n|-damage|p1b: Archaludon|87/100\n|-ability|p1b: Archaludon|Stamina|boost\n|-boost|p1b: Archaludon|def|1\n|j|+Hasayo\n|\n|t:|1776287735\n|switch|p1a: Politoed|Politoed, L50, M|100/100|[from] Volt Switch\n|-weather|RainDance|[from] ability: Drizzle|[of] p1a: Politoed\n|move|p1b: Archaludon|Electro Shot||[still]\n|-prepare|p1b: Archaludon|Electro Shot\n|-boost|p1b: Archaludon|spa|1\n|-anim|p1b: Archaludon|Electro Shot|p2a: Corviknight\n|-supereffective|p2a: Corviknight|1\n|-damage|p2a: Corviknight|18/100\n|move|p2b: Rotom|Hydro Pump|p1a: Politoed\n|-resisted|p1a: Politoed|1\n|-damage|p1a: Politoed|72/100\n|move|p2a: Corviknight|Tailwind|p2a: Corviknight\n|-sidestart|p2: Gone2Flavortown|move: Tailwind\n|\n|-weather|RainDance|[upkeep]\n|-heal|p2a: Corviknight|24/100|[from] item: Leftovers\n|-heal|p1b: Archaludon|93/100|[from] item: Leftovers\n|upkeep\n|turn|2\n|j| ray_on_1248_\n|\n|t:|1776287757\n|switch|p2a: Tyranitar|Tyranitar, L50, M|100/100\n|-weather|Sandstorm|[from] ability: Sand Stream|[of] p2a: Tyranitar\n|move|p1a: Politoed|Protect|p1a: Politoed\n|-singleturn|p1a: Politoed|Protect\n|move|p2b: Rotom|Hydro Pump|p1b: Archaludon\n|-resisted|p1b: Archaludon|1\n|-crit|p1b: Archaludon\n|-damage|p1b: Archaludon|58/100\n|-ability|p1b: Archaludon|Stamina|boost\n|-boost|p1b: Archaludon|def|1\n|move|p1b: Archaludon|Electro Shot||[still]\n|-prepare|p1b: Archaludon|Electro Shot\n|-boost|p1b: Archaludon|spa|1\n|\n|-weather|Sandstorm|[upkeep]\n|-damage|p2b: Rotom|95/100|[from] Sandstorm\n|-damage|p1a: Politoed|66/100|[from] Sandstorm\n|-heal|p1b: Archaludon|65/100|[from] item: Leftovers\n|upkeep\n|turn|3\n|inactive|Gone2Flavortown has 30 seconds left.\n|\n|t:|1776287786\n|switch|p1a: Manectric|Manectric-Mega, L50, F|100/100\n|-ability|p1a: Manectric|Intimidate|boost\n|-unboost|p2a: Tyranitar|atk|1\n|-unboost|p2b: Rotom|atk|1\n|detailschange|p2a: Tyranitar|Tyranitar-Mega, L50, M\n|-mega|p2a: Tyranitar|Tyranitar|Tyranitarite\n|move|p2b: Rotom|Electroweb|p1b: Archaludon|[spread] p1b\n|-miss|p2b: Rotom|p1a: Manectric\n|-resisted|p1b: Archaludon|1\n|-damage|p1b: Archaludon|57/100\n|-unboost|p1b: Archaludon|spe|1\n|-ability|p1b: Archaludon|Stamina|boost\n|-boost|p1b: Archaludon|def|1\n|move|p2a: Tyranitar|Knock Off|p1a: Manectric\n|-damage|p1a: Manectric|68/100\n|move|p1b: Archaludon|Electro Shot|p2b: Rotom|[from] lockedmove\n|-damage|p2b: Rotom|23/100\n|\n|-weather|Sandstorm|[upkeep]\n|-damage|p2b: Rotom|17/100|[from] Sandstorm\n|-damage|p1a: Manectric|62/100|[from] Sandstorm\n|-heal|p1b: Archaludon|63/100|[from] item: Leftovers\n|upkeep\n|turn|4\n|\n|t:|1776287805\n|move|p1a: Manectric|Protect|p1a: Manectric\n|-singleturn|p1a: Manectric|Protect\n|move|p1b: Archaludon|Protect|p1b: Archaludon\n|-singleturn|p1b: Archaludon|Protect\n|move|p2b: Rotom|Hydro Pump|p1a: Manectric\n|-activate|p1a: Manectric|move: Protect\n|move|p2a: Tyranitar|Rock Slide|p1b: Archaludon|[spread] \n|-activate|p1a: Manectric|move: Protect\n|-activate|p1b: Archaludon|move: Protect\n|\n|-weather|Sandstorm|[upkeep]\n|-damage|p2b: Rotom|11/100|[from] Sandstorm\n|-damage|p1a: Manectric|56/100|[from] Sandstorm\n|-heal|p1b: Archaludon|69/100|[from] item: Leftovers\n|-sideend|p2: Gone2Flavortown|move: Tailwind\n|upkeep\n|turn|5\n|inactive|Gone2Flavortown has 30 seconds left.\n|\n|t:|1776287840\n|move|p1a: Manectric|Volt Switch|p2b: Rotom\n|-damage|p2b: Rotom|0 fnt\n|faint|p2b: Rotom\n|\n|t:|1776287842\n|switch|p1a: Politoed|Politoed, L50, M|66/100|[from] Volt Switch\n|-weather|RainDance|[from] ability: Drizzle|[of] p1a: Politoed\n|move|p2a: Tyranitar|Knock Off|p1b: Archaludon\n|-damage|p1b: Archaludon|56/100\n|-ability|p1b: Archaludon|Stamina|boost\n|-boost|p1b: Archaludon|def|1\n|-enditem|p1b: Archaludon|Leftovers|[from] move: Knock Off|[of] p2a: Tyranitar\n|move|p1b: Archaludon|Flash Cannon|p2a: Tyranitar\n|-supereffective|p2a: Tyranitar|1\n|-damage|p2a: Tyranitar|0 fnt\n|faint|p2a: Tyranitar\n|\n|-weather|RainDance|[upkeep]\n|upkeep\n|\n|t:|1776287846\n|switch|p2b: Garchomp|Garchomp, L50, F|100/100\n|switch|p2a: Corviknight|Corviknight, L50, M|24/100\n|turn|6\n|\n|t:|1776287856\n|switch|p1a: Sinistcha|Sinistcha, L50|100/100\n|-heal|p1b: Archaludon|81/100|[from] ability: Hospitality|[of] p1a: Sinistcha\n|move|p2b: Garchomp|Earthquake|p1b: Archaludon|[spread] p1a,p1b\n|-immune|p2a: Corviknight\n|-resisted|p1a: Sinistcha|1\n|-supereffective|p1b: Archaludon|1\n|-damage|p1a: Sinistcha|83/100\n|-damage|p1b: Archaludon|56/100\n|-ability|p1b: Archaludon|Stamina|boost\n|-boost|p1b: Archaludon|def|1\n|move|p2a: Corviknight|Roost|p2a: Corviknight\n|-heal|p2a: Corviknight|74/100\n|-singleturn|p2a: Corviknight|move: Roost\n|move|p1b: Archaludon|Dragon Pulse|p2b: Garchomp\n|-supereffective|p2b: Garchomp|1\n|-damage|p2b: Garchomp|0 fnt\n|faint|p2b: Garchomp\n|\n|-weather|RainDance|[upkeep]\n|-heal|p2a: Corviknight|80/100|[from] item: Leftovers\n|upkeep\n|turn|7\n|c|\u2606Gone2Flavortown|gg\n|-message|Gone2Flavortown forfeited.\n|\n|win|TTT x\n|n|\u2606TTT x|tttx\n|n|\u2606Gone2Flavortown|gone2flavortown\n|n| Carrielis|carrielis\n|n| crystalninetales|crystalninetales\n|n| holdingb|holdingb\n|n| reisquaza1|reisquaza1\n|n| pokemonpengu|pokemonpengu\n|n| TheLoanRanger|theloanranger\n|n| Jay is decent|jayisdecent\n|n| OnToTheOther|ontotheother\n|n| Hasayo|hasayo\n|n| ray_on_1248_|rayon1248\n|l|\u2606Gone2Flavortown\n|player|p2|\n|l| TheLoanRanger\n|c|\u2606TTT x|Gg\n|l|\u2606TTT x\n|player|p1|\n",
  "uploadtime": 1776287881,
  "views": 89,
  "formatid": "gen9championsvgc2026regma",
  "rating": null,
  "private": 0,
  "password": null
}