{
  "id": "gen9championsvgc2026regma-2588608532",
  "format": "[Gen 9 Champions] VGC 2026 Reg M-A",
  "players": [
    "Specter05",
    "blue schucle"
  ],
  "log": "|j|\u2606Specter05\n|j|\u2606blue schucle\n|t:|1776649687\n|gametype|doubles\n|player|p1|Specter05|lance|1209\n|player|p2|blue schucle|lance|1288\n|gen|9\n|tier|[Gen 9 Champions] VGC 2026 Reg M-A\n|rated|\n|rule|Species Clause: Limit one of each Pok\u00e9mon\n|rule|Item Clause: Limit 1 of each item\n|clearpoke\n|poke|p1|Gardevoir, L50, M|\n|poke|p1|Noivern, L50, F|\n|poke|p1|Milotic, L50, M|\n|poke|p1|Aegislash, L50, M|\n|poke|p1|Typhlosion-Hisui, L50, M|\n|poke|p1|Meowscarada, L50, M|\n|poke|p2|Tauros-Paldea-Aqua, L50, M, shiny|\n|poke|p2|Incineroar, L50, M|\n|poke|p2|Snorlax, L50, M, shiny|\n|poke|p2|Scovillain, L50, F|\n|poke|p2|Sneasler, L50, F|\n|poke|p2|Garchomp, L50, M|\n|teampreview|4\n|inactive|Battle timer is ON: inactive players will automatically lose when time's up. (requested by Specter05)\n|\n|t:|1776649707\n|teamsize|p1|4\n|teamsize|p2|4\n|start\n|switch|p1a: Gardevoir|Gardevoir, L50, M|100/100\n|switch|p1b: Noivern|Noivern, L50, F|100/100\n|switch|p2a: Montezuma|Snorlax, L50, M, shiny|100/100\n|switch|p2b: Boi da cara preta|Tauros-Paldea-Aqua, L50, M, shiny|100/100\n|-item|p2a: Montezuma|Leftovers|[from] ability: Frisk|[of] p1b: Noivern\n|-item|p2b: Boi da cara preta|White Herb|[from] ability: Frisk|[of] p1b: Noivern\n|-ability|p2b: Boi da cara preta|Intimidate|boost\n|-unboost|p1a: Gardevoir|atk|1\n|-unboost|p1b: Noivern|atk|1\n|-ability|p1a: Gardevoir|Immunity|Trace|[from] ability: Trace|[of] p2a: Montezuma\n|turn|1\n|inactive|Specter05 has 30 seconds left.\n|inactive|blue schucle has 30 seconds left.\n|inactive|blue schucle has 20 seconds left.\n|\n|t:|1776649743\n|detailschange|p1a: Gardevoir|Gardevoir-Mega, L50, M\n|-mega|p1a: Gardevoir|Gardevoir|Gardevoirite\n|move|p2b: Boi da cara preta|Protect|p2b: Boi da cara preta\n|-singleturn|p2b: Boi da cara preta|Protect\n|move|p1b: Noivern|Round|p2a: Montezuma\n|-damage|p2a: Montezuma|92/100\n|move|p1a: Gardevoir|Round|p2b: Boi da cara preta|[from] move: Round\n|-activate|p2b: Boi da cara preta|move: Protect\n|move|p2a: Montezuma|Stockpile|p2a: Montezuma\n|-start|p2a: Montezuma|stockpile1\n|-boost|p2a: Montezuma|def|1\n|-boost|p2a: Montezuma|spd|1\n|\n|-heal|p2a: Montezuma|98/100|[from] item: Leftovers\n|upkeep\n|turn|2\n|inactive|Specter05 has 30 seconds left.\n|inactive|blue schucle has 30 seconds left.\n|\n|t:|1776649771\n|move|p2b: Boi da cara preta|Aqua Jet|p1a: Gardevoir\n|-damage|p1a: Gardevoir|65/100\n|move|p1b: Noivern|Round|p2a: Montezuma\n|-damage|p2a: Montezuma|92/100\n|move|p1a: Gardevoir|Round|p2a: Montezuma|[from] move: Round\n|-damage|p2a: Montezuma|58/100\n|move|p2a: Montezuma|Yawn|p1a: Gardevoir\n|-start|p1a: Gardevoir|move: Yawn|[of] p2a: Montezuma\n|\n|-heal|p2a: Montezuma|64/100|[from] item: Leftovers\n|upkeep\n|turn|3\n|\n|t:|1776649794\n|move|p2b: Boi da cara preta|Protect|p2b: Boi da cara preta\n|-singleturn|p2b: Boi da cara preta|Protect\n|move|p2a: Montezuma|Protect|p2a: Montezuma\n|-singleturn|p2a: Montezuma|Protect\n|move|p1b: Noivern|Draco Meteor|p2a: Montezuma\n|-activate|p2a: Montezuma|move: Protect\n|move|p1a: Gardevoir|Hyper Voice|p2b: Boi da cara preta|[spread] \n|-activate|p2a: Montezuma|move: Protect\n|-activate|p2b: Boi da cara preta|move: Protect\n|\n|-heal|p2a: Montezuma|70/100|[from] item: Leftovers\n|-end|p1a: Gardevoir|move: Yawn|[silent]\n|-status|p1a: Gardevoir|slp\n|upkeep\n|turn|4\n|\n|t:|1776649817\n|move|p1b: Noivern|Draco Meteor|p2a: Montezuma\n|-damage|p2a: Montezuma|51/100\n|-unboost|p1b: Noivern|spa|2\n|cant|p1a: Gardevoir|slp\n|move|p2b: Boi da cara preta|Wave Crash|p1a: Gardevoir\n|-damage|p1a: Gardevoir|0 fnt\n|faint|p1a: Gardevoir\n|-damage|p2b: Boi da cara preta|80/100|[from] Recoil\n|move|p2a: Montezuma|Stockpile|p2a: Montezuma\n|-start|p2a: Montezuma|stockpile2\n|-boost|p2a: Montezuma|def|1\n|-boost|p2a: Montezuma|spd|1\n|\n|-heal|p2a: Montezuma|57/100|[from] item: Leftovers\n|upkeep\n|\n|t:|1776649838\n|switch|p1a: Typhlosion|Typhlosion-Hisui, L50, M|100/100\n|turn|5\n|\n|t:|1776649846\n|move|p2b: Boi da cara preta|Aqua Jet|p1a: Typhlosion\n|-supereffective|p1a: Typhlosion|1\n|-damage|p1a: Typhlosion|40/100\n|move|p1a: Typhlosion|Eruption|p2b: Boi da cara preta|[spread] p2a,p2b\n|-resisted|p2b: Boi da cara preta|1\n|-crit|p2b: Boi da cara preta\n|-damage|p2a: Montezuma|51/100\n|-damage|p2b: Boi da cara preta|55/100\n|move|p1b: Noivern|Draco Meteor|p2b: Boi da cara preta\n|-damage|p2b: Boi da cara preta|18/100\n|-unboost|p1b: Noivern|spa|2\n|move|p2a: Montezuma|Yawn|p1b: Noivern\n|-start|p1b: Noivern|move: Yawn|[of] p2a: Montezuma\n|\n|-heal|p2a: Montezuma|57/100|[from] item: Leftovers\n|upkeep\n|turn|6\n|-message|Specter05 forfeited.\n|\n|win|blue schucle\n|raw|Specter05's rating: 1209 &rarr; <strong>1190</strong><br />(-19 for losing)\n|raw|blue schucle's rating: 1288 &rarr; <strong>1307</strong><br />(+19 for winning)\n|l|\u2606Specter05\n|player|p1|\n",
  "uploadtime": 1776649864,
  "views": 6,
  "formatid": "gen9championsvgc2026regma",
  "rating": 1190,
  "private": 0,
  "password": null
}