{
  "id": "gen9championsvgc2026regma-2586877951",
  "format": "[Gen 9 Champions] VGC 2026 Reg M-A",
  "players": [
    "DXDirectorscut",
    "HeavyLobsterAlf"
  ],
  "log": "|j|\u2606DXDirectorscut\n|j|\u2606HeavyLobsterAlf\n|t:|1776467776\n|gametype|doubles\n|player|p1|DXDirectorscut|skyla|1112\n|player|p2|HeavyLobsterAlf|phoebe-masters|1150\n|gen|9\n|tier|[Gen 9 Champions] VGC 2026 Reg M-A\n|rated|\n|rule|Species Clause: Limit one of each Pok\u00e9mon\n|rule|Item Clause: Limit 1 of each item\n|clearpoke\n|poke|p1|Pelipper, L50, M|\n|poke|p1|Archaludon, L50, M|\n|poke|p1|Basculegion, L50, M|\n|poke|p1|Manectric, L50, F|\n|poke|p1|Sinistcha, L50|\n|poke|p1|Lucario, L50, F|\n|poke|p2|Volcarona, L50, F|\n|poke|p2|Froslass, L50, F|\n|poke|p2|Milotic, L50, M|\n|poke|p2|Garchomp, L50, M|\n|poke|p2|Rotom-Frost, L50|\n|poke|p2|Corviknight, L50, F|\n|teampreview|4\n|\n|t:|1776467805\n|teamsize|p1|4\n|teamsize|p2|4\n|start\n|switch|p1a: Archaludon|Archaludon, L50, M|100/100\n|switch|p1b: Lucario|Lucario, L50, F|100/100\n|switch|p2a: Froslass|Froslass, L50, F|100/100\n|switch|p2b: Rotom|Rotom-Frost, L50|100/100\n|turn|1\n|\n|t:|1776467832\n|detailschange|p2a: Froslass|Froslass-Mega, L50, F\n|-mega|p2a: Froslass|Froslass|Froslassite\n|-weather|Snowscape|[from] ability: Snow Warning|[of] p2a: Froslass\n|detailschange|p1b: Lucario|Lucario-Mega, L50, F\n|-mega|p1b: Lucario|Lucario|Lucarionite\n|move|p1b: Lucario|Bullet Punch|p2b: Rotom\n|-damage|p2b: Rotom|68/100\n|move|p2a: Froslass|Aurora Veil|p2a: Froslass\n|-sidestart|p2: HeavyLobsterAlf|move: Aurora Veil\n|move|p2b: Rotom|Thunderbolt|p1b: Lucario\n|-damage|p1b: Lucario|45/100\n|move|p1a: Archaludon|Flash Cannon|p2a: Froslass\n|-supereffective|p2a: Froslass|1\n|-damage|p2a: Froslass|23/100\n|\n|-weather|Snowscape|[upkeep]\n|upkeep\n|turn|2\n|\n|t:|1776467854\n|switch|p2a: Volcarona|Volcarona, L50, F|100/100\n|move|p1b: Lucario|Bullet Punch|p2a: Volcarona\n|-resisted|p2a: Volcarona|1\n|-damage|p2a: Volcarona|82/100\n|-status|p1b: Lucario|brn|[from] ability: Flame Body|[of] p2a: Volcarona\n|move|p2b: Rotom|Blizzard|p1b: Lucario|[spread] p1a,p1b\n|-resisted|p1b: Lucario|1\n|-damage|p1a: Archaludon|42/100\n|-damage|p1b: Lucario|13/100 brn\n|-ability|p1a: Archaludon|Stamina|boost\n|-boost|p1a: Archaludon|def|1\n|move|p1a: Archaludon|Flash Cannon|p2b: Rotom\n|-damage|p2b: Rotom|29/100\n|-unboost|p2b: Rotom|spd|1\n|\n|-weather|Snowscape|[upkeep]\n|-heal|p2a: Volcarona|88/100|[from] item: Leftovers\n|-heal|p1a: Archaludon|48/100|[from] item: Leftovers\n|-damage|p1b: Lucario|7/100 brn|[from] brn\n|upkeep\n|turn|3\n|\n|t:|1776467880\n|move|p2b: Rotom|Protect|p2b: Rotom\n|-singleturn|p2b: Rotom|Protect\n|move|p1a: Archaludon|Protect|p1a: Archaludon\n|-singleturn|p1a: Archaludon|Protect\n|move|p1b: Lucario|Bullet Punch|p2b: Rotom\n|-activate|p2b: Rotom|move: Protect\n|move|p2a: Volcarona|Quiver Dance|p2a: Volcarona\n|-boost|p2a: Volcarona|spa|1\n|-boost|p2a: Volcarona|spd|1\n|-boost|p2a: Volcarona|spe|1\n|\n|-weather|Snowscape|[upkeep]\n|-heal|p2a: Volcarona|94/100|[from] item: Leftovers\n|-heal|p1a: Archaludon|54/100|[from] item: Leftovers\n|-damage|p1b: Lucario|0 fnt|[from] brn\n|faint|p1b: Lucario\n|upkeep\n|\n|t:|1776467908\n|switch|p1b: Pelipper|Pelipper, L50, M|100/100\n|-weather|RainDance|[from] ability: Drizzle|[of] p1b: Pelipper\n|turn|4\n|\n|t:|1776467935\n|move|p2a: Volcarona|Quiver Dance|p2a: Volcarona\n|-boost|p2a: Volcarona|spa|1\n|-boost|p2a: Volcarona|spd|1\n|-boost|p2a: Volcarona|spe|1\n|move|p2b: Rotom|Thunderbolt|p1b: Pelipper\n|-supereffective|p1b: Pelipper|2\n|-damage|p1b: Pelipper|0 fnt\n|faint|p1b: Pelipper\n|move|p1a: Archaludon|Flash Cannon|p2b: Rotom\n|-damage|p2b: Rotom|0 fnt\n|faint|p2b: Rotom\n|\n|-weather|RainDance|[upkeep]\n|-heal|p2a: Volcarona|100/100|[from] item: Leftovers\n|-heal|p1a: Archaludon|60/100|[from] item: Leftovers\n|upkeep\n|\n|t:|1776467947\n|switch|p2b: Froslass|Froslass-Mega, L50, F|23/100\n|switch|p1b: Basculegion|Basculegion, L50, M|100/100\n|-weather|Snowscape|[from] ability: Snow Warning|[of] p2b: Froslass\n|turn|5\n|-message|DXDirectorscut forfeited.\n|\n|win|HeavyLobsterAlf\n|raw|DXDirectorscut's rating: 1112 &rarr; <strong>1090</strong><br />(-22 for losing)\n|raw|HeavyLobsterAlf's rating: 1150 &rarr; <strong>1172</strong><br />(+22 for winning)\n|l|\u2606DXDirectorscut\n|player|p1|\n",
  "uploadtime": 1776467953,
  "views": 20,
  "formatid": "gen9championsvgc2026regma",
  "rating": 1090,
  "private": 0,
  "password": null
}