{
  "id": "gen9championsvgc2026regma-2584038326",
  "format": "[Gen 9 Champions] VGC 2026 Reg M-A",
  "players": [
    "yin_lite",
    "melatonin addict"
  ],
  "log": "|j|\u2606yin_lite\n|j|\u2606melatonin addict\n|t:|1776219077\n|gametype|doubles\n|player|p1|yin_lite|265|1217\n|player|p2|melatonin addict|giovanni|1207\n|gen|9\n|tier|[Gen 9 Champions] VGC 2026 Reg M-A\n|rated|\n|rule|Species Clause: Limit one of each Pok\u00e9mon\n|rule|Item Clause: Limit 1 of each item\n|clearpoke\n|poke|p1|Zoroark-Hisui, L50, F|\n|poke|p1|Incineroar, L50, M|\n|poke|p1|Froslass, L50, F|\n|poke|p1|Goodra-Hisui, L50, F|\n|poke|p1|Sneasler, L50, F|\n|poke|p1|Araquanid, L50, M|\n|poke|p2|Kangaskhan, L50, F|\n|poke|p2|Aerodactyl, L50, M|\n|poke|p2|Tauros-Paldea-Aqua, L50, M|\n|poke|p2|Archaludon, L50, F|\n|poke|p2|Typhlosion-Hisui, L50, M|\n|poke|p2|Mamoswine, L50, F|\n|teampreview|4\n|\n|t:|1776219137\n|teamsize|p1|4\n|teamsize|p2|4\n|start\n|switch|p1a: Goodra|Goodra-Hisui, L50, F, shiny|100/100\n|switch|p1b: Incineroar|Incineroar, L50, M, shiny|100/100\n|switch|p2a: Aerodactyl|Aerodactyl, L50, M|100/100\n|switch|p2b: Archaludon|Archaludon, L50, F|100/100\n|-ability|p2a: Aerodactyl|Unnerve\n|-ability|p1b: Incineroar|Intimidate|boost\n|-unboost|p2a: Aerodactyl|atk|1\n|-unboost|p2b: Archaludon|atk|1\n|turn|1\n|inactive|Battle timer is ON: inactive players will automatically lose when time's up. (requested by yin_lite)\n|\n|t:|1776219161\n|switch|p2a: Mamoswine|Mamoswine, L50, F|100/100\n|move|p1b: Incineroar|Fake Out|p2a: Mamoswine\n|-damage|p2a: Mamoswine|89/100\n|move|p1a: Goodra|Will-O-Wisp|p2b: Archaludon\n|-status|p2b: Archaludon|brn\n|move|p2b: Archaludon|Dragon Pulse|p1a: Goodra\n|-damage|p1a: Goodra|23/100\n|replace|p1a: Zoroark|Zoroark-Hisui, L50, F\n|-end|p1a: Zoroark|Illusion\n|\n|-damage|p2b: Archaludon|95/100 brn|[from] brn\n|upkeep\n|turn|2\n|\n|t:|1776219187\n|move|p2a: Mamoswine|Ice Shard|p1a: Zoroark\n|-damage|p1a: Zoroark|0 fnt\n|faint|p1a: Zoroark\n|move|p2b: Archaludon|Dragon Pulse|p1b: Incineroar\n|-damage|p1b: Incineroar|59/100\n|move|p1b: Incineroar|Parting Shot|p2b: Archaludon\n|-unboost|p2b: Archaludon|atk|1\n|-unboost|p2b: Archaludon|spa|1\n|\n|t:|1776219201\n|switch|p1b: Araquanid|Araquanid, L50, M, shiny|100/100|[from] Parting Shot\n|\n|-damage|p2b: Archaludon|89/100 brn|[from] brn\n|upkeep\n|\n|t:|1776219207\n|switch|p1a: Incineroar|Incineroar, L50, M, shiny|59/100\n|-ability|p1a: Incineroar|Intimidate|boost\n|-fail|p2a: Mamoswine|unboost|Attack|[from] ability: Oblivious|[of] p2a: Mamoswine\n|-unboost|p2b: Archaludon|atk|1\n|turn|3\n|\n|t:|1776219219\n|move|p1a: Incineroar|Fake Out|p2a: Mamoswine\n|-damage|p2a: Mamoswine|76/100\n|cant|p2a: Mamoswine|flinch\n|move|p2b: Archaludon|Thunderbolt|p1b: Araquanid\n|-supereffective|p1b: Araquanid|1\n|-crit|p1b: Araquanid\n|-damage|p1b: Araquanid|27/100\n|move|p1b: Araquanid|Liquidation|p2a: Mamoswine\n|-supereffective|p2a: Mamoswine|1\n|-damage|p2a: Mamoswine|0 fnt\n|faint|p2a: Mamoswine\n|\n|-damage|p2b: Archaludon|83/100 brn|[from] brn\n|upkeep\n|\n|t:|1776219230\n|switch|p2a: Aerodactyl|Aerodactyl, L50, M|100/100\n|-ability|p2a: Aerodactyl|Unnerve\n|turn|4\n|\n|t:|1776219242\n|move|p1b: Araquanid|Protect|p1b: Araquanid\n|-singleturn|p1b: Araquanid|Protect\n|move|p2a: Aerodactyl|Rock Slide|p1b: Araquanid|[spread] \n|-activate|p1b: Araquanid|move: Protect\n|-miss|p2a: Aerodactyl|p1a: Incineroar\n|move|p2b: Archaludon|Thunderbolt|p1b: Araquanid\n|-activate|p1b: Araquanid|move: Protect\n|move|p1a: Incineroar|Parting Shot|p2a: Aerodactyl\n|-unboost|p2a: Aerodactyl|atk|1\n|-unboost|p2a: Aerodactyl|spa|1\n|\n|t:|1776219254\n|switch|p1a: Goodra|Goodra-Hisui, L50, F, shiny|100/100|[from] Parting Shot\n|\n|-damage|p2b: Archaludon|77/100 brn|[from] brn\n|upkeep\n|turn|5\n|\n|t:|1776219267\n|switch|p1b: Incineroar|Incineroar, L50, M, shiny|59/100\n|-ability|p1b: Incineroar|Intimidate|boost\n|-unboost|p2a: Aerodactyl|atk|1\n|-unboost|p2b: Archaludon|atk|1\n|move|p2a: Aerodactyl|Dual Wingbeat|p1b: Incineroar\n|-damage|p1b: Incineroar|51/100\n|-damage|p1b: Incineroar|44/100\n|-hitcount|p1b: Incineroar|2\n|move|p2b: Archaludon|Dragon Pulse|p1a: Goodra\n|-damage|p1a: Goodra|81/100\n|move|p1a: Goodra|Shelter|p1a: Goodra\n|-boost|p1a: Goodra|def|2\n|\n|-heal|p1a: Goodra|87/100|[from] item: Leftovers\n|-damage|p2b: Archaludon|71/100 brn|[from] brn\n|upkeep\n|turn|6\n|inactive|yin_lite has 30 seconds left.\n|inactive|melatonin addict has 30 seconds left.\n|\n|t:|1776219300\n|switch|p2a: Kangaskhan|Kangaskhan, L50, F|100/100\n|-enditem|p1b: Incineroar|Sitrus Berry|[eat]\n|-heal|p1b: Incineroar|69/100|[from] item: Sitrus Berry\n|move|p1b: Incineroar|Fake Out|p2a: Kangaskhan\n|-damage|p2a: Kangaskhan|88/100\n|move|p2b: Archaludon|Dragon Pulse|p1b: Incineroar\n|-damage|p1b: Incineroar|43/100\n|move|p1a: Goodra|Life Dew|p1a: Goodra|[spread] p1a,p1b\n|-heal|p1a: Goodra|100/100\n|-heal|p1b: Incineroar|68/100\n|\n|-damage|p2b: Archaludon|65/100 brn|[from] brn\n|upkeep\n|turn|7\n|inactive|yin_lite has 30 seconds left.\n|inactive|melatonin addict has 30 seconds left.\n|inactive|melatonin addict has 20 seconds left.\n|inactive|melatonin addict has 15 seconds left.\n|inactive|melatonin addict has 10 seconds left.\n|\n|t:|1776219345\n|detailschange|p2a: Kangaskhan|Kangaskhan-Mega, L50, F\n|-mega|p2a: Kangaskhan|Kangaskhan|Kangaskhanite\n|move|p2a: Kangaskhan|Low Kick|p1a: Goodra\n|-supereffective|p1a: Goodra|1\n|-damage|p1a: Goodra|68/100\n|-supereffective|p1a: Goodra|1\n|-damage|p1a: Goodra|60/100\n|-hitcount|p1a: Goodra|2\n|move|p2b: Archaludon|Dragon Pulse|p1a: Goodra\n|-damage|p1a: Goodra|42/100\n|move|p1b: Incineroar|Parting Shot|p2a: Kangaskhan\n|-unboost|p2a: Kangaskhan|atk|1\n|-unboost|p2a: Kangaskhan|spa|1\n|\n|t:|1776219357\n|switch|p1b: Araquanid|Araquanid, L50, M, shiny|27/100|[from] Parting Shot\n|move|p1a: Goodra|Shelter|p1a: Goodra\n|-boost|p1a: Goodra|def|2\n|\n|-heal|p1a: Goodra|48/100|[from] item: Leftovers\n|-damage|p2b: Archaludon|59/100 brn|[from] brn\n|upkeep\n|turn|8\n|\n|t:|1776219378\n|switch|p1b: Incineroar|Incineroar, L50, M, shiny|68/100\n|-ability|p1b: Incineroar|Intimidate|boost\n|-unboost|p2a: Kangaskhan|atk|1\n|-unboost|p2b: Archaludon|atk|1\n|move|p2a: Kangaskhan|Double-Edge|p1b: Incineroar\n|-damage|p1b: Incineroar|48/100\n|-damage|p1b: Incineroar|43/100\n|-hitcount|p1b: Incineroar|2\n|-damage|p2a: Kangaskhan|79/100|[from] Recoil\n|move|p2b: Archaludon|Dragon Pulse|p1a: Goodra\n|-damage|p1a: Goodra|29/100\n|move|p1a: Goodra|Life Dew|p1a: Goodra|[spread] p1a,p1b\n|-heal|p1a: Goodra|55/100\n|-heal|p1b: Incineroar|68/100\n|\n|-heal|p1a: Goodra|60/100|[from] item: Leftovers\n|-damage|p2b: Archaludon|53/100 brn|[from] brn\n|upkeep\n|turn|9\n|\n|t:|1776219401\n|switch|p2a: Aerodactyl|Aerodactyl, L50, M|100/100\n|-ability|p2a: Aerodactyl|Unnerve\n|move|p1b: Incineroar|Fake Out|p2b: Archaludon\n|-resisted|p2b: Archaludon|1\n|-damage|p2b: Archaludon|49/100 brn\n|-enditem|p2b: Archaludon|Sitrus Berry|[eat]\n|-heal|p2b: Archaludon|74/100 brn|[from] item: Sitrus Berry\n|cant|p2b: Archaludon|flinch\n|move|p1a: Goodra|Body Press|p2a: Aerodactyl\n|-damage|p2a: Aerodactyl|1/100\n|\n|-heal|p1a: Goodra|66/100|[from] item: Leftovers\n|-damage|p2b: Archaludon|68/100 brn|[from] brn\n|upkeep\n|turn|10\n|\n|t:|1776219422\n|move|p2a: Aerodactyl|Rock Slide|p1a: Goodra|[spread] p1a,p1b\n|-resisted|p1a: Goodra|1\n|-supereffective|p1b: Incineroar|1\n|-crit|p1b: Incineroar\n|-damage|p1a: Goodra|63/100\n|-damage|p1b: Incineroar|16/100\n|move|p2b: Archaludon|Dragon Pulse|p1a: Goodra\n|-damage|p1a: Goodra|44/100\n|move|p1b: Incineroar|Parting Shot|p2a: Aerodactyl\n|-unboost|p2a: Aerodactyl|atk|1\n|-unboost|p2a: Aerodactyl|spa|1\n|\n|t:|1776219428\n|switch|p1b: Araquanid|Araquanid, L50, M, shiny|27/100|[from] Parting Shot\n|move|p1a: Goodra|Life Dew|p1a: Goodra|[spread] p1a,p1b\n|-heal|p1a: Goodra|69/100\n|-heal|p1b: Araquanid|52/100\n|\n|-heal|p1a: Goodra|75/100|[from] item: Leftovers\n|-damage|p2b: Archaludon|62/100 brn|[from] brn\n|upkeep\n|turn|11\n|inactive|yin_lite has 30 seconds left.\n|\n|t:|1776219458\n|move|p2a: Aerodactyl|Dual Wingbeat|p1b: Araquanid\n|-supereffective|p1b: Araquanid|1\n|-damage|p1b: Araquanid|24/100\n|-supereffective|p1b: Araquanid|1\n|-damage|p1b: Araquanid|0 fnt\n|faint|p1b: Araquanid\n|-hitcount|p1: Araquanid|2\n|move|p2b: Archaludon|Dragon Pulse|p1a: Goodra\n|-damage|p1a: Goodra|57/100\n|move|p1a: Goodra|Shelter|p1a: Goodra\n|-boost|p1a: Goodra|def|2\n|\n|-heal|p1a: Goodra|63/100|[from] item: Leftovers\n|-damage|p2b: Archaludon|56/100 brn|[from] brn\n|upkeep\n|\n|t:|1776219473\n|switch|p1b: Incineroar|Incineroar, L50, M, shiny|16/100\n|-ability|p1b: Incineroar|Intimidate|boost\n|-unboost|p2a: Aerodactyl|atk|1\n|-unboost|p2b: Archaludon|atk|1\n|turn|12\n|\n|t:|1776219485\n|switch|p2b: Kangaskhan|Kangaskhan-Mega, L50, F|79/100\n|move|p1b: Incineroar|Fake Out|p2a: Aerodactyl\n|-resisted|p2a: Aerodactyl|1\n|-damage|p2a: Aerodactyl|0 fnt\n|faint|p2a: Aerodactyl\n|move|p1a: Goodra|Body Press|p2b: Kangaskhan\n|-supereffective|p2b: Kangaskhan|1\n|-damage|p2b: Kangaskhan|0 fnt\n|faint|p2b: Kangaskhan\n|\n|-heal|p1a: Goodra|68/100|[from] item: Leftovers\n|upkeep\n|\n|t:|1776219492\n|switch|p2b: Archaludon|Archaludon, L50, F|56/100 brn\n|turn|13\n|\n|t:|1776219506\n|move|p1b: Incineroar|Protect|p1b: Incineroar\n|-singleturn|p1b: Incineroar|Protect\n|move|p2b: Archaludon|Dragon Pulse|p1b: Incineroar\n|-activate|p1b: Incineroar|move: Protect\n|move|p1a: Goodra|Body Press|p2b: Archaludon\n|-supereffective|p2b: Archaludon|1\n|-damage|p2b: Archaludon|0 fnt\n|faint|p2b: Archaludon\n|\n|win|yin_lite\n|raw|yin_lite's rating: 1217 &rarr; <strong>1241</strong><br />(+24 for winning)\n|raw|melatonin addict's rating: 1207 &rarr; <strong>1183</strong><br />(-24 for losing)\n",
  "uploadtime": 1776219511,
  "views": 23,
  "formatid": "gen9championsvgc2026regma",
  "rating": 1183,
  "private": 0,
  "password": null
}