{
  "id": "gen9championsvgc2026regma-2580430441",
  "format": "[Gen 9 Champions] VGC 2026 Reg M-A",
  "players": [
    "diegoesteve",
    "gba3ewgwases"
  ],
  "log": "|j|\u2606diegoesteve\n|j|\u2606gba3ewgwases\n|t:|1775895377\n|gametype|doubles\n|player|p1|diegoesteve|skier|1076\n|player|p2|gba3ewgwases|benga|1045\n|gen|9\n|tier|[Gen 9 Champions] VGC 2026 Reg M-A\n|rated|\n|rule|Species Clause: Limit one of each Pok\u00e9mon\n|rule|Item Clause: Limit 1 of each item\n|clearpoke\n|poke|p1|Kingambit, L50, F|\n|poke|p1|Charizard, L50, M|\n|poke|p1|Sneasler, L50, F|\n|poke|p1|Whimsicott, L50, M|\n|poke|p1|Garchomp, L50, M|\n|poke|p1|Incineroar, L50, F|\n|poke|p2|Farigiraf, L50, M|\n|poke|p2|Abomasnow, L50, F|\n|poke|p2|Rampardos, L50, F|\n|poke|p2|Slowking, L50, F|\n|poke|p2|Ninetales-Alola, L50, M|\n|poke|p2|Araquanid, L50, F|\n|teampreview|4\n|inactive|Battle timer is ON: inactive players will automatically lose when time's up. (requested by gba3ewgwases)\n|inactive|diegoesteve has 60 seconds left.\n|\n|t:|1775895418\n|teamsize|p1|4\n|teamsize|p2|4\n|start\n|switch|p1a: Sneasler|Sneasler, L50, F|100/100\n|switch|p1b: Kingambit|Kingambit, L50, F|100/100\n|switch|p2a: Farigiraf|Farigiraf, L50, M|100/100\n|switch|p2b: Obamasnow|Abomasnow, L50, F|100/100\n|-weather|Snowscape|[from] ability: Snow Warning|[of] p2b: Obamasnow\n|turn|1\n|\n|t:|1775895441\n|detailschange|p2b: Obamasnow|Abomasnow-Mega, L50, F\n|-mega|p2b: Obamasnow|Abomasnow|Abomasite\n|move|p2b: Obamasnow|Protect|p2b: Obamasnow\n|-singleturn|p2b: Obamasnow|Protect\n|move|p1a: Sneasler|Dire Claw|p2b: Obamasnow\n|-activate|p2b: Obamasnow|move: Protect\n|move|p1b: Kingambit|Kowtow Cleave|p2b: Obamasnow\n|-activate|p2b: Obamasnow|move: Protect\n|move|p2a: Farigiraf|Trick Room|p2a: Farigiraf\n|-fieldstart|move: Trick Room|[of] p2a: Farigiraf\n|\n|-weather|Snowscape|[upkeep]\n|upkeep\n|turn|2\n|inactive|gba3ewgwases has 30 seconds left.\n|inactive|gba3ewgwases has 20 seconds left.\n|inactive|gba3ewgwases has 15 seconds left.\n|\n|t:|1775895484\n|move|p2a: Farigiraf|Helping Hand|p2b: Obamasnow\n|-singleturn|p2b: Obamasnow|Helping Hand|[of] p2a: Farigiraf\n|move|p2b: Obamasnow|Blizzard|p1a: Sneasler|[spread] p1a,p1b\n|-resisted|p1b: Kingambit|1\n|-damage|p1a: Sneasler|6/100\n|-damage|p1b: Kingambit|62/100\n|move|p1b: Kingambit|Kowtow Cleave|p2b: Obamasnow\n|-damage|p2b: Obamasnow|68/100\n|move|p1a: Sneasler|Dire Claw|p2b: Obamasnow\n|-supereffective|p2b: Obamasnow|1\n|-damage|p2b: Obamasnow|10/100\n|-status|p2b: Obamasnow|slp\n|\n|-weather|Snowscape|[upkeep]\n|upkeep\n|turn|3\n|inactive|diegoesteve has 30 seconds left.\n|\n|t:|1775895517\n|move|p1a: Sneasler|Protect|p1a: Sneasler\n|-singleturn|p1a: Sneasler|Protect\n|cant|p2b: Obamasnow|slp\n|move|p2a: Farigiraf|Dazzling Gleam|p1b: Kingambit|[spread] p1b\n|-activate|p1a: Sneasler|move: Protect\n|-damage|p1b: Kingambit|44/100\n|move|p1b: Kingambit|Kowtow Cleave|p2a: Farigiraf\n|-supereffective|p2a: Farigiraf|1\n|-damage|p2a: Farigiraf|0 fnt\n|faint|p2a: Farigiraf\n|\n|-weather|Snowscape|[upkeep]\n|upkeep\n|\n|t:|1775895529\n|switch|p2a: Rampardos|Rampardos, L50, F|100/100\n|turn|4\n|inactive|diegoesteve has 30 seconds left.\n|\n|t:|1775895563\n|cant|p2b: Obamasnow|slp\n|move|p2a: Rampardos|Earthquake|p1a: Sneasler|[spread] p2b,p1a,p1b\n|-resisted|p2b: Obamasnow|1\n|-supereffective|p1a: Sneasler|1\n|-supereffective|p1b: Kingambit|1\n|-damage|p2b: Obamasnow|0 fnt\n|-damage|p1a: Sneasler|0 fnt\n|-damage|p1b: Kingambit|0 fnt\n|faint|p2b: Obamasnow\n|faint|p1a: Sneasler\n|faint|p1b: Kingambit\n|\n|-weather|Snowscape|[upkeep]\n|upkeep\n|\n|t:|1775895572\n|switch|p2b: Araquanid|Araquanid, L50, F|100/100\n|switch|p1b: Whimsicott|Whimsicott, L50, M|100/100\n|switch|p1a: Charizard|Charizard, L50, M|100/100\n|turn|5\n|\n|t:|1775895583\n|detailschange|p1a: Charizard|Charizard-Mega-Y, L50, M\n|-mega|p1a: Charizard|Charizard|Charizardite Y\n|-weather|SunnyDay|[from] ability: Drought|[of] p1a: Charizard\n|move|p1a: Charizard|Protect|p1a: Charizard\n|-singleturn|p1a: Charizard|Protect\n|move|p1b: Whimsicott|Tailwind|p1b: Whimsicott\n|-sidestart|p1: diegoesteve|move: Tailwind\n|move|p2b: Araquanid|Liquidation|p1a: Charizard\n|-activate|p1a: Charizard|move: Protect\n|move|p2a: Rampardos|Rock Slide|p1a: Charizard|[spread] p1b\n|-activate|p1a: Charizard|move: Protect\n|-damage|p1b: Whimsicott|38/100\n|\n|-weather|SunnyDay|[upkeep]\n|-fieldend|move: Trick Room\n|upkeep\n|turn|6\n|\n|t:|1775895604\n|move|p1b: Whimsicott|Moonblast|p2a: Rampardos\n|-damage|p2a: Rampardos|55/100\n|move|p1a: Charizard|Solar Beam||[still]\n|-prepare|p1a: Charizard|Solar Beam\n|-anim|p1a: Charizard|Solar Beam|p2a: Rampardos\n|-supereffective|p2a: Rampardos|1\n|-damage|p2a: Rampardos|0 fnt\n|faint|p2a: Rampardos\n|move|p2b: Araquanid|Liquidation|p1a: Charizard\n|-supereffective|p1a: Charizard|1\n|-crit|p1a: Charizard\n|-damage|p1a: Charizard|0 fnt\n|faint|p1a: Charizard\n|\n|-weather|SunnyDay|[upkeep]\n|upkeep\n|turn|7\n|\n|t:|1775895619\n|move|p1b: Whimsicott|Moonblast|p2b: Araquanid\n|-damage|p2b: Araquanid|79/100\n|move|p2b: Araquanid|Leech Life|p1b: Whimsicott\n|-damage|p1b: Whimsicott|2/100\n|-heal|p2b: Araquanid|98/100|[from] drain|[of] p1b: Whimsicott\n|\n|-weather|SunnyDay|[upkeep]\n|upkeep\n|turn|8\n|\n|t:|1775895627\n|move|p1b: Whimsicott|Moonblast|p2b: Araquanid\n|-damage|p2b: Araquanid|79/100\n|-unboost|p2b: Araquanid|spa|1\n|move|p2b: Araquanid|Leech Life|p1b: Whimsicott\n|-damage|p1b: Whimsicott|0 fnt\n|-heal|p2b: Araquanid|80/100|[from] drain|[of] p1b: Whimsicott\n|faint|p1b: Whimsicott\n|\n|win|gba3ewgwases\n|raw|diegoesteve's rating: 1076 &rarr; <strong>1053</strong><br />(-23 for losing)\n|raw|gba3ewgwases's rating: 1045 &rarr; <strong>1081</strong><br />(+36 for winning)\n",
  "uploadtime": 1775895630,
  "views": 16,
  "formatid": "gen9championsvgc2026regma",
  "rating": 1053,
  "private": 0,
  "password": null
}