{
  "id": "gen9championsvgc2026regma-2586445206",
  "format": "[Gen 9 Champions] VGC 2026 Reg M-A",
  "players": [
    "magicalarcher57",
    "X2Muz"
  ],
  "log": "|j|\u2606magicalarcher57\n|j|\u2606X2Muz\n|html|<table width=\"100%\"><tr><td align=\"left\">magicalarcher57</td><td align=\"right\">X2Muz</tr><tr><td align=\"left\"><i class=\"fa fa-circle-o\"></i> <i class=\"fa fa-circle-o\"></i> </td><td align=\"right\"><i class=\"fa fa-circle-o\"></i> <i class=\"fa fa-circle-o\"></i> </tr></table>\n|uhtml|bestof|<h2><strong>Game 1</strong> of <a href=\"/game-bestof3-gen9championsvgc2026regma-2586445205\">a best-of-3</a></h2>\n|t:|1776435181\n|gametype|doubles\n|player|p1|magicalarcher57|valerie|\n|player|p2|X2Muz|leaf-masters2|\n|gen|9\n|tier|[Gen 9 Champions] VGC 2026 Reg M-A\n|rated|Tournament battle\n|rule|Species Clause: Limit one of each Pok\u00e9mon\n|rule|Item Clause: Limit 1 of each item\n|raw|<div class=\"infobox\"><details class=\"readmore\" open><summary><strong>2 custom rules:</strong></summary> Force Open Team Sheets, Best of = 3</details></div>\n|clearpoke\n|poke|p1|Kangaskhan, L50, F|\n|poke|p1|Farigiraf, L50, M|\n|poke|p1|Basculegion, L50, M|\n|poke|p1|Talonflame, L50, F|\n|poke|p1|Sneasler, L50, F|\n|poke|p1|Floette-Eternal, L50, F|\n|poke|p2|Charizard, L50, M|\n|poke|p2|Kingambit, L50, M|\n|poke|p2|Incineroar, L50, M|\n|poke|p2|Floette-Eternal, L50, F|\n|poke|p2|Aerodactyl, L50, F|\n|poke|p2|Sneasler, L50, M|\n|teampreview|4\n|showteam|p1|Kangaskhan||Kangaskhanite|Scrappy|FakeOut,HammerArm,DoubleEdge,Assurance|||F|||50|]Farigiraf||ColburBerry|ArmorTail|ShadowBall,HyperVoice,TrickRoom,Psychic|||M|||50|]Basculegion||MysticWater|Adaptability|WaveCrash,LastRespects,AquaJet,Protect|||M|||50|]Talonflame||SharpBeak|GaleWings|Tailwind,Taunt,BraveBird,FlareBlitz|||F|||50|]Sneasler||FocusSash|Unburden|FakeOut,CloseCombat,DireClaw,Protect|||F|||50|]Floette-Eternal||Floettite|FlowerVeil|Moonblast,LightofRuin,DazzlingGleam,Protect|||F|||50|\n|showteam|p2|Charizard||CharizarditeY|SolarPower|HeatWave,WeatherBall,SolarBeam,Protect|||M|||50|]Kingambit||BlackGlasses|Defiant|SuckerPunch,IronHead,KowtowCleave,Protect|||M|||50|]Incineroar||ShucaBerry|Intimidate|FakeOut,FlareBlitz,ThroatChop,PartingShot|||M|||50|]Floette-Eternal||Floettite|FlowerVeil|Moonblast,DazzlingGleam,CalmMind,Protect|||F|||50|]Aerodactyl||FocusSash|Unnerve|RockSlide,DualWingbeat,Tailwind,Protect|||F|||50|]Sneasler||WhiteHerb|Unburden|DireClaw,CloseCombat,FakeOut,Protect|||M|||50|\n|inactive|Battle timer is ON: inactive players will automatically lose when time's up. (requested by X2Muz)\n|c|\u2606magicalarcher57|glhf\n|c|\u2606X2Muz|u2\n|j|%llefface\n|\n|t:|1776435211\n|teamsize|p1|4\n|teamsize|p2|4\n|start\n|switch|p1a: Ryoiki Tenkai|Farigiraf, L50, M, shiny|100/100\n|switch|p1b: Kangaskhan|Kangaskhan, L50, F, shiny|100/100\n|switch|p2a: Aerodactyl|Aerodactyl, L50, F|100/100\n|switch|p2b: Sneasler|Sneasler, L50, M, shiny|100/100\n|-ability|p2a: Aerodactyl|Unnerve\n|turn|1\n|j| ghostistheman\n|\n|t:|1776435237\n|move|p1b: Kangaskhan|Fake Out|p2b: Sneasler\n|-damage|p2b: Sneasler|67/100\n|move|p2a: Aerodactyl|Rock Slide|p1a: Ryoiki Tenkai|[spread] p1a\n|-miss|p2a: Aerodactyl|p1b: Kangaskhan\n|-damage|p1a: Ryoiki Tenkai|77/100\n|cant|p2b: Sneasler|flinch\n|move|p1a: Ryoiki Tenkai|Trick Room|p1a: Ryoiki Tenkai\n|-fieldstart|move: Trick Room|[of] p1a: Ryoiki Tenkai\n|\n|upkeep\n|turn|2\n|inactive|X2Muz has 30 seconds left.\n|\n|t:|1776435268\n|detailschange|p1b: Kangaskhan|Kangaskhan-Mega, L50, F, shiny\n|-mega|p1b: Kangaskhan|Kangaskhan|Kangaskhanite\n|move|p2a: Aerodactyl|Protect|p2a: Aerodactyl\n|-singleturn|p2a: Aerodactyl|Protect\n|move|p1a: Ryoiki Tenkai|Psychic|p2b: Sneasler\n|-supereffective|p2b: Sneasler|2\n|-damage|p2b: Sneasler|0 fnt\n|faint|p2b: Sneasler\n|move|p1b: Kangaskhan|Hammer Arm|p2a: Aerodactyl\n|-activate|p2a: Aerodactyl|move: Protect\n|\n|upkeep\n|\n|t:|1776435282\n|switch|p2b: Charizard|Charizard, L50, M|100/100\n|turn|3\n|\n|t:|1776435289\n|detailschange|p2b: Charizard|Charizard-Mega-Y, L50, M\n|-mega|p2b: Charizard|Charizard|Charizardite Y\n|-weather|SunnyDay|[from] ability: Drought|[of] p2b: Charizard\n|move|p1a: Ryoiki Tenkai|Hyper Voice|p2a: Aerodactyl|[spread] p2a,p2b\n|-resisted|p2a: Aerodactyl|1\n|-damage|p2a: Aerodactyl|77/100\n|-damage|p2b: Charizard|65/100\n|move|p1b: Kangaskhan|Hammer Arm|p2a: Aerodactyl\n|-damage|p2a: Aerodactyl|19/100\n|-unboost|p1b: Kangaskhan|spe|1\n|-damage|p2a: Aerodactyl|5/100\n|-unboost|p1b: Kangaskhan|spe|1\n|-hitcount|p2a: Aerodactyl|2\n|move|p2b: Charizard|Heat Wave|p1b: Kangaskhan|[spread] p1a,p1b\n|-damage|p1a: Ryoiki Tenkai|14/100\n|-damage|p1b: Kangaskhan|43/100\n|move|p2a: Aerodactyl|Rock Slide|p1a: Ryoiki Tenkai|[spread] p1a,p1b\n|-damage|p1a: Ryoiki Tenkai|0 fnt\n|-damage|p1b: Kangaskhan|22/100\n|faint|p1a: Ryoiki Tenkai\n|\n|-weather|SunnyDay|[upkeep]\n|upkeep\n|\n|t:|1776435304\n|switch|p1a: Basculegion|Basculegion, L50, M, shiny|100/100\n|turn|4\n|\n|t:|1776435314\n|move|p2b: Charizard|Protect|p2b: Charizard\n|-singleturn|p2b: Charizard|Protect\n|move|p1b: Kangaskhan|Assurance|p2a: Aerodactyl\n|-damage|p2a: Aerodactyl|0 fnt\n|faint|p2a: Aerodactyl\n|-hitcount|p2: Aerodactyl|1\n|move|p1a: Basculegion|Wave Crash|p2b: Charizard\n|-activate|p2b: Charizard|move: Protect\n|\n|-weather|SunnyDay|[upkeep]\n|upkeep\n|\n|t:|1776435326\n|switch|p2a: Kingambit|Kingambit, L50, M|100/100\n|turn|5\n|\n|t:|1776435341\n|move|p2b: Charizard|Protect|p2b: Charizard\n|-singleturn|p2b: Charizard|Protect\n|move|p2a: Kingambit|Sucker Punch|p1b: Kangaskhan\n|-damage|p1b: Kangaskhan|0 fnt\n|faint|p1b: Kangaskhan\n|move|p1a: Basculegion|Wave Crash|p2b: Charizard\n|-activate|p2b: Charizard|move: Protect\n|\n|-weather|SunnyDay|[upkeep]\n|-fieldend|move: Trick Room\n|upkeep\n|\n|t:|1776435343\n|switch|p1b: Athena|Talonflame, L50, F, shiny|100/100\n|turn|6\n|\n|t:|1776435367\n|move|p2a: Kingambit|Protect|p2a: Kingambit\n|-singleturn|p2a: Kingambit|Protect\n|move|p1a: Basculegion|Aqua Jet|p2b: Charizard\n|-supereffective|p2b: Charizard|1\n|-damage|p2b: Charizard|16/100\n|move|p1b: Athena|Flare Blitz|p2a: Kingambit\n|-activate|p2a: Kingambit|move: Protect\n|move|p2b: Charizard|Heat Wave|p1a: Basculegion|[spread] p1a,p1b\n|-resisted|p1a: Basculegion|1\n|-crit|p1a: Basculegion\n|-resisted|p1b: Athena|1\n|-damage|p1a: Basculegion|55/100\n|-damage|p1b: Athena|53/100\n|\n|-weather|SunnyDay|[upkeep]\n|upkeep\n|turn|7\n|inactive|X2Muz has 30 seconds left.\n|\n|t:|1776435392\n|move|p2b: Charizard|Protect|p2b: Charizard\n|-singleturn|p2b: Charizard|Protect\n|move|p1a: Basculegion|Aqua Jet|p2b: Charizard\n|-activate|p2b: Charizard|move: Protect\n|move|p1b: Athena|Taunt|p2a: Kingambit\n|-start|p2a: Kingambit|move: Taunt\n|move|p2a: Kingambit|Kowtow Cleave|p1b: Athena\n|-damage|p1b: Athena|0 fnt\n|faint|p1b: Athena\n|\n|-weather|none\n|upkeep\n|turn|8\n|\n|t:|1776435409\n|move|p2b: Charizard|Heat Wave|p1a: Basculegion\n|-resisted|p1a: Basculegion|1\n|-damage|p1a: Basculegion|24/100\n|move|p1a: Basculegion|Wave Crash|p2a: Kingambit\n|-damage|p2a: Kingambit|27/100\n|-damage|p1a: Basculegion|2/100|[from] Recoil\n|move|p2a: Kingambit|Kowtow Cleave|p1a: Basculegion\n|-supereffective|p1a: Basculegion|1\n|-damage|p1a: Basculegion|0 fnt\n|faint|p1a: Basculegion\n|\n|win|X2Muz\n||X2Muz is ready for game 2.\n||magicalarcher57 is ready for game 2.\n|uhtml|next|Next: <a href=\"/battle-gen9championsvgc2026regma-2586448750\"><strong>Game 2 of 3</strong></a>\n|l|\u2606magicalarcher57\n|player|p1|\n|l|%llefface\n",
  "uploadtime": 1776435410,
  "views": 49,
  "formatid": "gen9championsvgc2026regma",
  "rating": null,
  "private": 0,
  "password": null
}