{
  "id": "gen9championsvgc2026regma-2584713296",
  "format": "[Gen 9 Champions] VGC 2026 Reg M-A",
  "players": [
    "Staryu Shuriken",
    "SteezyTrev16"
  ],
  "log": "|j|\u2606Staryu Shuriken\n|j|\u2606SteezyTrev16\n|t:|1776278504\n|gametype|doubles\n|player|p1|Staryu Shuriken|worker|1178\n|player|p2|SteezyTrev16|170|1079\n|gen|9\n|tier|[Gen 9 Champions] VGC 2026 Reg M-A\n|rated|\n|rule|Species Clause: Limit one of each Pok\u00e9mon\n|rule|Item Clause: Limit 1 of each item\n|clearpoke\n|poke|p1|Kingambit, L50, M|\n|poke|p1|Garchomp, L50, M|\n|poke|p1|Rotom-Wash, L50|\n|poke|p1|Weavile, L50, F|\n|poke|p1|Chandelure, L50, F|\n|poke|p1|Clefable, L50, F|\n|poke|p2|Sneasler, L50, F|\n|poke|p2|Milotic, L50, F|\n|poke|p2|Blastoise, L50, M|\n|poke|p2|Farigiraf, L50, F|\n|poke|p2|Aggron, L50, F|\n|poke|p2|Torkoal, L50, M|\n|teampreview|4\n|inactive|Battle timer is ON: inactive players will automatically lose when time's up. (requested by SteezyTrev16)\n|c|\u2606SteezyTrev16|Awesome team\n|\n|t:|1776278570\n|teamsize|p1|4\n|teamsize|p2|4\n|start\n|switch|p1a: Chandelure|Chandelure, L50, F, shiny|100/100\n|switch|p1b: Rotom|Rotom-Wash, L50|100/100\n|switch|p2a: Sneasler|Sneasler, L50, F, shiny|100/100\n|switch|p2b: Farigiraf|Farigiraf, L50, F, shiny|100/100\n|turn|1\n|\n|t:|1776278584\n|move|p2a: Sneasler|Fake Out|p1b: Rotom\n|-damage|p1b: Rotom|82/100\n|cant|p1b: Rotom|flinch\n|move|p1a: Chandelure|Calm Mind|p1a: Chandelure\n|-boost|p1a: Chandelure|spa|1\n|-boost|p1a: Chandelure|spd|1\n|move|p2b: Farigiraf|Trick Room|p2b: Farigiraf\n|-fieldstart|move: Trick Room|[of] p2b: Farigiraf\n|\n|upkeep\n|turn|2\n|inactive|Staryu Shuriken has 30 seconds left.\n|\n|t:|1776278618\n|switch|p2a: Torkoal|Torkoal, L50, M|100/100\n|-weather|SunnyDay|[from] ability: Drought|[of] p2a: Torkoal\n|move|p2b: Farigiraf|Thunder|p1b: Rotom|[miss]\n|-miss|p2b: Farigiraf|p1b: Rotom\n|move|p1a: Chandelure|Calm Mind|p1a: Chandelure\n|-boost|p1a: Chandelure|spa|1\n|-boost|p1a: Chandelure|spd|1\n|move|p1b: Rotom|Trick|p2b: Farigiraf\n|-activate|p1b: Rotom|move: Trick|[of] p2b: Farigiraf\n|-item|p2b: Farigiraf|Choice Scarf|[from] move: Trick\n|-item|p1b: Rotom|Colbur Berry|[from] move: Trick\n|\n|-weather|SunnyDay|[upkeep]\n|upkeep\n|turn|3\n|inactive|SteezyTrev16 has 30 seconds left.\n|\n|t:|1776278644\n|move|p1a: Chandelure|Protect|p1a: Chandelure\n|-singleturn|p1a: Chandelure|Protect\n|move|p2a: Torkoal|Solar Beam||[still]\n|-prepare|p2a: Torkoal|Solar Beam\n|-anim|p2a: Torkoal|Solar Beam|p1b: Rotom\n|-supereffective|p1b: Rotom|1\n|-damage|p1b: Rotom|0 fnt\n|faint|p1b: Rotom\n|move|p2b: Farigiraf|Psychic|p1a: Chandelure\n|-activate|p1a: Chandelure|move: Protect\n|\n|-weather|SunnyDay|[upkeep]\n|upkeep\n|\n|t:|1776278659\n|switch|p1b: Garchomp|Garchomp, L50, M|100/100\n|turn|4\n|\n|t:|1776278673\n|switch|p2b: Sneasler|Sneasler, L50, F, shiny|100/100\n|move|p1b: Garchomp|Protect|p1b: Garchomp\n|-singleturn|p1b: Garchomp|Protect\n|move|p2a: Torkoal|Eruption|p1b: Garchomp|[spread] \n|-activate|p1b: Garchomp|move: Protect\n|-start|p1a: Chandelure|ability: Flash Fire\n|move|p1a: Chandelure|Shadow Ball|p2a: Torkoal\n|-damage|p2a: Torkoal|0 fnt\n|faint|p2a: Torkoal\n|\n|-weather|SunnyDay|[upkeep]\n|upkeep\n|\n|t:|1776278679\n|switch|p2a: Farigiraf|Farigiraf, L50, F, shiny|100/100\n|turn|5\n|\n|t:|1776278696\n|detailschange|p1a: Chandelure|Chandelure-Mega, L50, F, shiny\n|-mega|p1a: Chandelure|Chandelure|Chandelurite\n|-end|p1a: Chandelure|ability: Flash Fire|[silent]\n|move|p1a: Chandelure|Heat Wave|p2b: Sneasler|[spread] p2a,p2b\n|-damage|p2a: Farigiraf|0 fnt\n|-damage|p2b: Sneasler|0 fnt\n|faint|p2a: Farigiraf\n|faint|p2b: Sneasler\n|move|p1b: Garchomp|Rock Slide|p2: Farigiraf|[notarget]\n|-fail|p1b: Garchomp\n|\n|-weather|SunnyDay|[upkeep]\n|-fieldend|move: Trick Room\n|upkeep\n|\n|t:|1776278701\n|switch|p2b: Aggron|Aggron, L50, F, shiny|100/100\n|turn|6\n|\n|t:|1776278712\n|detailschange|p2b: Aggron|Aggron-Mega, L50, F, shiny\n|-mega|p2b: Aggron|Aggron|Aggronite\n|move|p1b: Garchomp|Stomping Tantrum|p2b: Aggron\n|-supereffective|p2b: Aggron|1\n|-damage|p2b: Aggron|39/100\n|move|p1a: Chandelure|Shadow Ball|p2b: Aggron\n|-damage|p2b: Aggron|0 fnt\n|faint|p2b: Aggron\n|\n|win|Staryu Shuriken\n|raw|Staryu Shuriken's rating: 1178 &rarr; <strong>1196</strong><br />(+18 for winning)\n|raw|SteezyTrev16's rating: 1079 &rarr; <strong>1063</strong><br />(-16 for losing)\n|l|\u2606SteezyTrev16\n|player|p2|\n",
  "uploadtime": 1776278727,
  "views": 36,
  "formatid": "gen9championsvgc2026regma",
  "rating": 1063,
  "private": 0,
  "password": null
}