{
  "id": "gen9championsvgc2026regma-2583130642",
  "format": "[Gen 9 Champions] VGC 2026 Reg M-A",
  "players": [
    "guiuf",
    "lizardon0516"
  ],
  "log": "|j|\u2606guiuf\n|j|\u2606lizardon0516\n|t:|1776145692\n|gametype|doubles\n|player|p1|guiuf|265|1069\n|player|p2|lizardon0516|266|1085\n|gen|9\n|tier|[Gen 9 Champions] VGC 2026 Reg M-A\n|rated|\n|rule|Species Clause: Limit one of each Pok\u00e9mon\n|rule|Item Clause: Limit 1 of each item\n|clearpoke\n|poke|p1|Sableye, L50, M|\n|poke|p1|Gengar, L50, M|\n|poke|p1|Incineroar, L50, M|\n|poke|p1|Politoed, L50, M|\n|poke|p1|Basculegion, L50, M|\n|poke|p1|Venusaur, L50, M|\n|poke|p2|Charizard, L50, M|\n|poke|p2|Milotic, L50, F|\n|poke|p2|Sinistcha, L50|\n|poke|p2|Incineroar, L50, M|\n|poke|p2|Sneasler, L50, M|\n|poke|p2|Aerodactyl, L50, F|\n|teampreview|4\n|inactive|Battle timer is ON: inactive players will automatically lose when time's up. (requested by lizardon0516)\n|\n|t:|1776145720\n|teamsize|p1|4\n|teamsize|p2|4\n|start\n|switch|p1a: Sableye|Sableye, L50, M|100/100\n|switch|p1b: Gengar|Gengar, L50, M|100/100\n|switch|p2a: Milotic|Milotic, L50, F, shiny|100/100\n|switch|p2b: Sinistcha|Sinistcha, L50|100/100\n|turn|1\n|\n|t:|1776145740\n|switch|p2b: Incineroar|Incineroar, L50, M, shiny|100/100\n|-ability|p2b: Incineroar|Intimidate|boost\n|-unboost|p1a: Sableye|atk|1\n|-unboost|p1b: Gengar|atk|1\n|detailschange|p1b: Gengar|Gengar-Mega, L50, M\n|-mega|p1b: Gengar|Gengar|Gengarite\n|move|p1b: Gengar|Protect|p1b: Gengar\n|-singleturn|p1b: Gengar|Protect\n|move|p1a: Sableye|Taunt|p2b: Incineroar\n|-hint|Since gen 7, Dark is immune to Prankster moves.\n|-immune|p2b: Incineroar\n|move|p2a: Milotic|Scald|p1b: Gengar\n|-activate|p1b: Gengar|move: Protect\n|\n|upkeep\n|turn|2\n|inactive|guiuf has 30 seconds left.\n|\n|t:|1776145772\n|switch|p1b: Venusaur|Venusaur, L50, M|100/100\n|move|p1a: Sableye|Disable|p2a: Milotic\n|-start|p2a: Milotic|Disable|Scald\n|cant|p2a: Milotic|Disable|Scald\n|move|p2b: Incineroar|Throat Chop|p1b: Venusaur\n|-damage|p1b: Venusaur|70/100\n|-start|p1b: Venusaur|Throat Chop|[silent]\n|\n|-heal|p1b: Venusaur|76/100|[from] item: Leftovers\n|upkeep\n|turn|3\n|inactive|guiuf has 30 seconds left.\n|\n|t:|1776145798\n|move|p2a: Milotic|Protect|p2a: Milotic\n|-singleturn|p2a: Milotic|Protect\n|move|p1a: Sableye|Gravity|p1a: Sableye\n|-fieldstart|move: Gravity\n|move|p1b: Venusaur|Sleep Powder|p2a: Milotic\n|-activate|p2a: Milotic|move: Protect\n|move|p2b: Incineroar|Flare Blitz|p1b: Venusaur\n|-supereffective|p1b: Venusaur|1\n|-crit|p1b: Venusaur\n|-damage|p1b: Venusaur|0 fnt\n|faint|p1b: Venusaur\n|-damage|p2b: Incineroar|77/100|[from] Recoil\n|\n|upkeep\n|\n|t:|1776145811\n|switch|p1b: Gengar|Gengar-Mega, L50, M|100/100\n|turn|4\n|\n|t:|1776145833\n|move|p1b: Gengar|Protect|p1b: Gengar\n|-singleturn|p1b: Gengar|Protect\n|move|p1a: Sableye|Encore|p2a: Milotic\n|-start|p2a: Milotic|Encore\n|move|p2a: Milotic|Protect||[still]\n|-fail|p2a: Milotic\n|move|p2b: Incineroar|Parting Shot|p1b: Gengar\n|-activate|p1b: Gengar|move: Protect\n|\n|upkeep\n|turn|5\n|\n|t:|1776145848\n|switch|p1a: Incineroar|Incineroar, L50, M|100/100\n|-ability|p1a: Incineroar|Intimidate|boost\n|-unboost|p2a: Milotic|atk|1\n|-ability|p2a: Milotic|Competitive|boost\n|-boost|p2a: Milotic|spa|2\n|-unboost|p2b: Incineroar|atk|1\n|move|p2a: Milotic|Protect|p2a: Milotic\n|-singleturn|p2a: Milotic|Protect\n|move|p1b: Gengar|Substitute|p1b: Gengar\n|-start|p1b: Gengar|Substitute\n|-damage|p1b: Gengar|76/100\n|move|p2b: Incineroar|Throat Chop|p1b: Gengar\n|-supereffective|p1b: Gengar|1\n|-end|p1b: Gengar|Substitute\n|\n|-end|p2a: Milotic|Disable\n|upkeep\n|turn|6\n|\n|t:|1776145868\n|move|p2a: Milotic|Protect||[still]\n|-fail|p2a: Milotic\n|move|p1a: Incineroar|Fake Out|p2b: Incineroar\n|-damage|p2b: Incineroar|69/100\n|move|p1b: Gengar|Perish Song|p1b: Gengar\n|-start|p1a: Incineroar|perish3|[silent]\n|-start|p1b: Gengar|perish3|[silent]\n|-start|p2a: Milotic|perish3|[silent]\n|-start|p2b: Incineroar|perish3|[silent]\n|-fieldactivate|move: Perish Song\n|cant|p2b: Incineroar|flinch\n|\n|-end|p2a: Milotic|Encore\n|-start|p1b: Gengar|perish3\n|-start|p2a: Milotic|perish3\n|-start|p1a: Incineroar|perish3\n|-start|p2b: Incineroar|perish3\n|upkeep\n|turn|7\n|\n|t:|1776145890\n|switch|p1a: Sableye|Sableye, L50, M|100/100\n|move|p1b: Gengar|Protect|p1b: Gengar\n|-singleturn|p1b: Gengar|Protect\n|move|p2a: Milotic|Scald|p1a: Sableye\n|-damage|p1a: Sableye|0 fnt\n|faint|p1a: Sableye\n|move|p2b: Incineroar|Throat Chop|p1b: Gengar\n|-activate|p1b: Gengar|move: Protect\n|\n|-start|p1b: Gengar|perish2\n|-start|p2a: Milotic|perish2\n|-start|p2b: Incineroar|perish2\n|-fieldend|move: Gravity\n|upkeep\n|-message|guiuf forfeited.\n|\n|win|lizardon0516\n|raw|guiuf's rating: 1069 &rarr; <strong>1050</strong><br />(-19 for losing)\n|raw|lizardon0516's rating: 1085 &rarr; <strong>1111</strong><br />(+26 for winning)\n|l|\u2606guiuf\n|player|p1|\n",
  "uploadtime": 1776145914,
  "views": 23,
  "formatid": "gen9championsvgc2026regma",
  "rating": 1050,
  "private": 0,
  "password": null
}