{
  "id": "gen9championsvgc2026regma-2583274662",
  "format": "[Gen 9 Champions] VGC 2026 Reg M-A",
  "players": [
    "rSHARD",
    "is0fey"
  ],
  "log": "|j|\u2606rSHARD\n|j|\u2606is0fey\n|t:|1776162081\n|gametype|doubles\n|player|p1|rSHARD|roughneck|1107\n|player|p2|is0fey|2|1152\n|gen|9\n|tier|[Gen 9 Champions] VGC 2026 Reg M-A\n|rated|\n|rule|Species Clause: Limit one of each Pok\u00e9mon\n|rule|Item Clause: Limit 1 of each item\n|clearpoke\n|poke|p1|Archaludon, L50, M|\n|poke|p1|Basculegion, L50, M|\n|poke|p1|Incineroar, L50, M|\n|poke|p1|Meganium, L50, F|\n|poke|p1|Pelipper, L50, M|\n|poke|p1|Sneasler, L50, F|\n|poke|p2|Blastoise, L50, M|\n|poke|p2|Excadrill, L50, M|\n|poke|p2|Tyranitar, L50, M|\n|poke|p2|Typhlosion-Hisui, L50, F|\n|poke|p2|Sinistcha, L50|\n|poke|p2|Primarina, L50, M|\n|teampreview|4\n|c|\u2606is0fey|glhf!\n|c|\u2606rSHARD|glgl\n|\n|t:|1776162134\n|teamsize|p1|4\n|teamsize|p2|4\n|start\n|switch|p1a: Pelipper|Pelipper, L50, M|100/100\n|switch|p1b: Sneasler|Sneasler, L50, F|100/100\n|switch|p2a: Excadrill|Excadrill, L50, M|100/100\n|switch|p2b: Primarina|Primarina, L50, M|100/100\n|-weather|RainDance|[from] ability: Drizzle|[of] p1a: Pelipper\n|turn|1\n|\n|t:|1776162155\n|move|p1b: Sneasler|Fake Out|p2a: Excadrill\n|-resisted|p2a: Excadrill|1\n|-damage|p2a: Excadrill|90/100\n|cant|p2a: Excadrill|flinch\n|move|p1a: Pelipper|Tailwind|p1a: Pelipper\n|-sidestart|p1: rSHARD|move: Tailwind\n|move|p2b: Primarina|Hyper Voice|p1a: Pelipper|[spread] p1a,p1b\n|-resisted|p1a: Pelipper|1\n|-damage|p1a: Pelipper|44/100\n|-damage|p1b: Sneasler|23/100\n|\n|-weather|RainDance|[upkeep]\n|upkeep\n|turn|2\n|\n|t:|1776162171\n|move|p2a: Excadrill|Protect|p2a: Excadrill\n|-singleturn|p2a: Excadrill|Protect\n|move|p1b: Sneasler|Dire Claw|p2b: Primarina\n|-supereffective|p2b: Primarina|1\n|-damage|p2b: Primarina|0 fnt\n|faint|p2b: Primarina\n|move|p1a: Pelipper|Weather Ball|p2a: Excadrill\n|-activate|p2a: Excadrill|move: Protect\n|\n|-weather|RainDance|[upkeep]\n|upkeep\n|\n|t:|1776162179\n|switch|p2b: Blastoise|Blastoise, L50, M|100/100\n|turn|3\n|\n|t:|1776162197\n|detailschange|p2b: Blastoise|Blastoise-Mega, L50, M\n|-mega|p2b: Blastoise|Blastoise|Blastoisinite\n|move|p1b: Sneasler|Close Combat|p2a: Excadrill\n|-supereffective|p2a: Excadrill|1\n|-damage|p2a: Excadrill|0 fnt\n|-unboost|p1b: Sneasler|def|1\n|-unboost|p1b: Sneasler|spd|1\n|faint|p2a: Excadrill\n|-enditem|p1b: Sneasler|White Herb\n|-clearnegativeboost|p1b: Sneasler|[silent]\n|move|p1a: Pelipper|Hurricane|p2b: Blastoise\n|-damage|p2b: Blastoise|60/100\n|-start|p2b: Blastoise|confusion\n|-activate|p2b: Blastoise|confusion\n|move|p2b: Blastoise|Shell Smash|p2b: Blastoise\n|-unboost|p2b: Blastoise|def|1\n|-unboost|p2b: Blastoise|spd|1\n|-boost|p2b: Blastoise|atk|2\n|-boost|p2b: Blastoise|spa|2\n|-boost|p2b: Blastoise|spe|2\n|\n|-weather|RainDance|[upkeep]\n|upkeep\n|\n|t:|1776162203\n|switch|p2a: Sinistcha|Sinistcha, L50|100/100\n|-heal|p2b: Blastoise|85/100|[from] ability: Hospitality|[of] p2a: Sinistcha\n|turn|4\n|\n|t:|1776162214\n|-activate|p2b: Blastoise|confusion\n|-damage|p2b: Blastoise|64/100|[from] confusion\n|move|p1b: Sneasler|Dire Claw|p2b: Blastoise\n|-damage|p2b: Blastoise|7/100\n|move|p1a: Pelipper|Hurricane|p2a: Sinistcha\n|-supereffective|p2a: Sinistcha|1\n|-damage|p2a: Sinistcha|4/100\n|-enditem|p2a: Sinistcha|Sitrus Berry|[eat]\n|-heal|p2a: Sinistcha|29/100|[from] item: Sitrus Berry\n|move|p2a: Sinistcha|Matcha Gotcha|p1a: Pelipper|[spread] p1a\n|-miss|p2a: Sinistcha|p1b: Sneasler\n|-damage|p1a: Pelipper|0 fnt\n|-heal|p2a: Sinistcha|47/100|[from] drain|[of] p1a: Pelipper\n|faint|p1a: Pelipper\n|\n|-weather|RainDance|[upkeep]\n|-sideend|p1: rSHARD|move: Tailwind\n|upkeep\n|\n|t:|1776162227\n|switch|p1a: Meganium|Meganium, L50, F|100/100\n|turn|5\n|\n|t:|1776162248\n|detailschange|p1a: Meganium|Meganium-Mega, L50, F\n|-mega|p1a: Meganium|Meganium|Meganiumite\n|move|p1b: Sneasler|Dire Claw|p2a: Sinistcha\n|-damage|p2a: Sinistcha|1/100\n|-activate|p2b: Blastoise|confusion\n|move|p2b: Blastoise|Ice Beam|p1a: Meganium\n|-supereffective|p1a: Meganium|1\n|-damage|p1a: Meganium|0 fnt\n|faint|p1a: Meganium\n|move|p2a: Sinistcha|Shadow Ball|p1b: Sneasler\n|-damage|p1b: Sneasler|0 fnt\n|faint|p1b: Sneasler\n|\n|-weather|none\n|upkeep\n|\n|t:|1776162262\n|switch|p1b: Archaludon|Archaludon, L50, M|100/100\n|turn|6\n|\n|t:|1776162272\n|-end|p2b: Blastoise|confusion\n|move|p2b: Blastoise|Ice Beam|p1b: Archaludon\n|-damage|p1b: Archaludon|26/100\n|-status|p1b: Archaludon|frz\n|-ability|p1b: Archaludon|Stamina|boost\n|-boost|p1b: Archaludon|def|1\n|cant|p1b: Archaludon|frz\n|move|p2a: Sinistcha|Shadow Ball|p1b: Archaludon\n|-damage|p1b: Archaludon|0 fnt\n|faint|p1b: Archaludon\n|\n|win|is0fey\n|raw|rSHARD's rating: 1107 &rarr; <strong>1085</strong><br />(-22 for losing)\n|raw|is0fey's rating: 1152 &rarr; <strong>1174</strong><br />(+22 for winning)\n|l|\u2606rSHARD\n|player|p1|\n|c|\u2606is0fey|ggwp\n|l|\u2606is0fey\n|player|p2|\n|j|\u2606is0fey\n|player|p2|is0fey|2|\n",
  "uploadtime": 1776162310,
  "views": 25,
  "formatid": "gen9championsvgc2026regma",
  "rating": 1085,
  "private": 0,
  "password": null
}