{
  "id": "gen9championsvgc2026regma-2580367627",
  "format": "[Gen 9 Champions] VGC 2026 Reg M-A",
  "players": [
    "Unskilled99",
    "Ryderrrrr"
  ],
  "log": "|j|\u2606Unskilled99\n|j|\u2606Ryderrrrr\n|t:|1775886127\n|gametype|doubles\n|player|p1|Unskilled99|unknown|1000\n|player|p2|Ryderrrrr|wallace|1005\n|gen|9\n|tier|[Gen 9 Champions] VGC 2026 Reg M-A\n|rated|\n|rule|Species Clause: Limit one of each Pok\u00e9mon\n|rule|Item Clause: Limit 1 of each item\n|clearpoke\n|poke|p1|Floette-Eternal, L50, F|\n|poke|p1|Incineroar, L50, F|\n|poke|p1|Garchomp, L50, M|\n|poke|p1|Sneasler, L50, F|\n|poke|p1|Rotom-Wash, L50|\n|poke|p1|Sinistcha, L50|\n|poke|p2|Floette-Eternal, L50, F|\n|poke|p2|Sneasler, L50, M|\n|poke|p2|Garchomp, L50, F|\n|poke|p2|Sinistcha, L50|\n|poke|p2|Rotom-Wash, L50|\n|poke|p2|Talonflame, L50, M|\n|teampreview|4\n|inactive|Battle timer is ON: inactive players will automatically lose when time's up. (requested by Ryderrrrr)\n|inactive|Unskilled99 has 60 seconds left.\n|inactive|Ryderrrrr has 60 seconds left.\n|inactive|Ryderrrrr has 30 seconds left.\n|\n|t:|1775886199\n|teamsize|p1|4\n|teamsize|p2|4\n|start\n|switch|p1a: Rotom|Rotom-Wash, L50|100/100\n|switch|p1b: Sneasler|Sneasler, L50, F|100/100\n|switch|p2a: Talonflame|Talonflame, L50, M, shiny|100/100\n|switch|p2b: Sneasler|Sneasler, L50, M|100/100\n|turn|1\n|\n|t:|1775886212\n|switch|p2a: Sinistcha|Sinistcha, L50|100/100\n|move|p1b: Sneasler|Fake Out|p2a: Sinistcha\n|-immune|p2a: Sinistcha\n|move|p2b: Sneasler|Fake Out|p1a: Rotom\n|-damage|p1a: Rotom|85/100\n|cant|p1a: Rotom|flinch\n|\n|upkeep\n|turn|2\n|\n|t:|1775886227\n|switch|p1b: Incineroar|Incineroar, L50, F|100/100\n|-ability|p1b: Incineroar|Intimidate|boost\n|-unboost|p2a: Sinistcha|atk|1\n|-unboost|p2b: Sneasler|atk|1\n|move|p2b: Sneasler|Dire Claw|p1b: Incineroar\n|-damage|p1b: Incineroar|78/100\n|move|p1a: Rotom|Will-O-Wisp|p2b: Sneasler|[miss]\n|-miss|p1a: Rotom|p2b: Sneasler\n|move|p2a: Sinistcha|Matcha Gotcha|p1b: Incineroar|[spread] p1b\n|-miss|p2a: Sinistcha|p1a: Rotom\n|-resisted|p1b: Incineroar|1\n|-damage|p1b: Incineroar|68/100\n|\n|upkeep\n|turn|3\n|\n|t:|1775886251\n|switch|p2b: Talonflame|Talonflame, L50, M, shiny|100/100\n|move|p1a: Rotom|Volt Switch|p2b: Talonflame\n|-supereffective|p2b: Talonflame|1\n|-damage|p2b: Talonflame|17/100\n|\n|t:|1775886262\n|switch|p1a: Floette|Floette-Eternal, L50, F|100/100|[from] Volt Switch\n|move|p2a: Sinistcha|Matcha Gotcha|p1a: Floette|[spread] p1a,p1b\n|-resisted|p1b: Incineroar|1\n|-damage|p1a: Floette|81/100\n|-damage|p1b: Incineroar|56/100\n|-status|p1a: Floette|brn\n|move|p1b: Incineroar|Parting Shot|p2a: Sinistcha\n|-unboost|p2a: Sinistcha|atk|1\n|-unboost|p2a: Sinistcha|spa|1\n|\n|t:|1775886276\n|switch|p1b: Sneasler|Sneasler, L50, F|100/100|[from] Parting Shot\n|\n|-damage|p1a: Floette|75/100 brn|[from] brn\n|upkeep\n|turn|4\n|\n|t:|1775886291\n|detailschange|p1a: Floette|Floette-Mega, L50, F\n|-mega|p1a: Floette|Floette|Floettite\n|-ability|p1a: Floette|Fairy Aura\n|move|p2b: Talonflame|Protect|p2b: Talonflame\n|-singleturn|p2b: Talonflame|Protect\n|move|p1b: Sneasler|Fake Out|p2b: Talonflame\n|-activate|p2b: Talonflame|move: Protect\n|move|p1a: Floette|Calm Mind|p1a: Floette\n|-boost|p1a: Floette|spa|1\n|-boost|p1a: Floette|spd|1\n|move|p2a: Sinistcha|Matcha Gotcha|p1a: Floette|[spread] p1a,p1b\n|-resisted|p1b: Sneasler|1\n|-damage|p1a: Floette|66/100 brn\n|-damage|p1b: Sneasler|91/100\n|\n|-damage|p1a: Floette|60/100 brn|[from] brn\n|upkeep\n|turn|5\n|inactive|Ryderrrrr has 30 seconds left.\n|inactive|Ryderrrrr has 20 seconds left.\n|\n|t:|1775886326\n|move|p2a: Sinistcha|Rage Powder|p2a: Sinistcha\n|-singleturn|p2a: Sinistcha|move: Rage Powder\n|move|p1b: Sneasler|Close Combat|p2a: Sinistcha\n|-immune|p2a: Sinistcha\n|move|p2b: Talonflame|Dual Wingbeat|p1a: Floette\n|-damage|p1a: Floette|39/100 brn\n|-damage|p1a: Floette|19/100 brn\n|-hitcount|p1a: Floette|2\n|move|p1a: Floette|Moonblast|p2a: Sinistcha\n|-damage|p2a: Sinistcha|0 fnt\n|faint|p2a: Sinistcha\n|\n|-damage|p1a: Floette|13/100 brn|[from] brn\n|upkeep\n|-message|Unskilled99 forfeited.\n|\n|win|Ryderrrrr\n|raw|Unskilled99's rating: 1000 &rarr; <strong>1000</strong><br />(+0 for losing)\n|raw|Ryderrrrr's rating: 1005 &rarr; <strong>1044</strong><br />(+39 for winning)\n|l|\u2606Unskilled99\n|player|p1|\n",
  "uploadtime": 1775886340,
  "views": 11,
  "formatid": "gen9championsvgc2026regma",
  "rating": 1000,
  "private": 0,
  "password": null
}