{
  "id": "gen9championsvgc2026regma-2582939387",
  "format": "[Gen 9 Champions] VGC 2026 Reg M-A",
  "players": [
    "DLEY Nypo",
    "MDD12"
  ],
  "log": "|j|\u2606DLEY Nypo\n|j|\u2606MDD12\n|t:|1776126791\n|gametype|doubles\n|player|p1|DLEY Nypo|lucas|1130\n|player|p2|MDD12|101|1132\n|gen|9\n|tier|[Gen 9 Champions] VGC 2026 Reg M-A\n|rated|\n|rule|Species Clause: Limit one of each Pok\u00e9mon\n|rule|Item Clause: Limit 1 of each item\n|clearpoke\n|poke|p1|Gengar, L50, M|\n|poke|p1|Politoed, L50, M|\n|poke|p1|Basculegion, L50, M|\n|poke|p1|Incineroar, L50, M|\n|poke|p1|Archaludon, L50, F|\n|poke|p1|Hawlucha, L50, F|\n|poke|p2|Sableye, L50, M|\n|poke|p2|Espathra, L50, F|\n|poke|p2|Charizard, L50, F|\n|poke|p2|Milotic, L50, F|\n|poke|p2|Garchomp, L50, M|\n|poke|p2|Gardevoir, L50, M|\n|teampreview|4\n|inactive|Battle timer is ON: inactive players will automatically lose when time's up. (requested by MDD12)\n|c|\u2606DLEY Nypo|Nasty hypnosis with gravity\n|inactive|DLEY Nypo has 60 seconds left.\n|inactive|DLEY Nypo has 30 seconds left.\n|inactive|DLEY Nypo has 20 seconds left.\n|\n|t:|1776126864\n|teamsize|p1|4\n|teamsize|p2|4\n|start\n|switch|p1a: Gengar|Gengar, L50, M, shiny|100/100\n|switch|p1b: Incineroar|Incineroar, L50, M|100/100\n|switch|p2a: Sableye|Sableye, L50, M, shiny|100/100\n|switch|p2b: Espathra|Espathra, L50, F, shiny|100/100\n|-ability|p1b: Incineroar|Intimidate|boost\n|-unboost|p2a: Sableye|atk|1\n|-unboost|p2b: Espathra|atk|1\n|turn|1\n|\n|t:|1776126889\n|detailschange|p1a: Gengar|Gengar-Mega, L50, M, shiny\n|-mega|p1a: Gengar|Gengar|Gengarite\n|move|p2b: Espathra|Protect|p2b: Espathra\n|-singleturn|p2b: Espathra|Protect\n|move|p1b: Incineroar|Fake Out|p2b: Espathra\n|-activate|p2b: Espathra|move: Protect\n|move|p2a: Sableye|Fake Out|p1b: Incineroar\n|-damage|p1b: Incineroar|97/100\n|move|p1a: Gengar|Perish Song|p1a: Gengar\n|-start|p1a: Gengar|perish3|[silent]\n|-start|p1b: Incineroar|perish3|[silent]\n|-start|p2a: Sableye|perish3|[silent]\n|-start|p2b: Espathra|perish3|[silent]\n|-fieldactivate|move: Perish Song\n|\n|-start|p1a: Gengar|perish3\n|-start|p2b: Espathra|perish3\n|-start|p1b: Incineroar|perish3\n|-start|p2a: Sableye|perish3\n|-ability|p2b: Espathra|Speed Boost|boost\n|-boost|p2b: Espathra|spe|1\n|upkeep\n|turn|2\n|inactive|DLEY Nypo has 30 seconds left.\n|inactive|MDD12 has 30 seconds left.\n|\n|t:|1776126918\n|move|p1a: Gengar|Protect|p1a: Gengar\n|-singleturn|p1a: Gengar|Protect\n|move|p1b: Incineroar|Protect|p1b: Incineroar\n|-singleturn|p1b: Incineroar|Protect\n|move|p2a: Sableye|Feint|p1a: Gengar\n|-immune|p1a: Gengar\n|move|p2b: Espathra|Lumina Crash|p1a: Gengar\n|-activate|p1a: Gengar|move: Protect\n|\n|-start|p2b: Espathra|perish2\n|-start|p1a: Gengar|perish2\n|-start|p1b: Incineroar|perish2\n|-start|p2a: Sableye|perish2\n|-ability|p2b: Espathra|Speed Boost|boost\n|-boost|p2b: Espathra|spe|1\n|upkeep\n|turn|3\n|inactive|DLEY Nypo has 30 seconds left.\n|\n|t:|1776126947\n|switch|p1a: Politoed|Politoed, L50, M|100/100\n|-weather|RainDance|[from] ability: Drizzle|[of] p1a: Politoed\n|move|p2a: Sableye|Gravity|p2a: Sableye\n|-fieldstart|move: Gravity\n|move|p2b: Espathra|Hypnosis|p1b: Incineroar\n|-status|p1b: Incineroar|slp|[from] move: Hypnosis\n|-enditem|p1b: Incineroar|Lum Berry|[eat]\n|-curestatus|p1b: Incineroar|slp|[msg]\n|move|p1b: Incineroar|Parting Shot|p2a: Sableye\n|-unboost|p2a: Sableye|atk|1\n|-unboost|p2a: Sableye|spa|1\n|\n|t:|1776126960\n|switch|p1b: Gengar|Gengar-Mega, L50, M, shiny|100/100|[from] Parting Shot\n|\n|-weather|RainDance|[upkeep]\n|-start|p2b: Espathra|perish1\n|-start|p2a: Sableye|perish1\n|-ability|p2b: Espathra|Speed Boost|boost\n|-boost|p2b: Espathra|spe|1\n|upkeep\n|turn|4\n|\n|t:|1776126973\n|move|p1b: Gengar|Protect|p1b: Gengar\n|-singleturn|p1b: Gengar|Protect\n|move|p1a: Politoed|Protect|p1a: Politoed\n|-singleturn|p1a: Politoed|Protect\n|move|p2a: Sableye|Feint|p1a: Politoed\n|-activate|p1a: Politoed|move: Feint\n|-damage|p1a: Politoed|97/100\n|move|p2b: Espathra|Hypnosis|p1a: Politoed\n|-status|p1a: Politoed|slp|[from] move: Hypnosis\n|\n|-weather|RainDance|[upkeep]\n|-start|p2b: Espathra|perish0\n|-start|p2a: Sableye|perish0\n|faint|p2b: Espathra\n|faint|p2a: Sableye\n|upkeep\n|\n|t:|1776126985\n|switch|p2b: Charizard|Charizard, L50, F, shiny|100/100\n|switch|p2a: Gardevoir|Gardevoir, L50, M, shiny|100/100\n|turn|5\n|inactive|DLEY Nypo has 30 seconds left.\n|\n|t:|1776127019\n|switch|p1b: Incineroar|Incineroar, L50, M|97/100\n|-ability|p1b: Incineroar|Intimidate|boost\n|-unboost|p2a: Gardevoir|atk|1\n|-unboost|p2b: Charizard|atk|1\n|detailschange|p2b: Charizard|Charizard-Mega-Y, L50, F, shiny\n|-mega|p2b: Charizard|Charizard|Charizardite Y\n|-weather|SunnyDay|[from] ability: Drought|[of] p2b: Charizard\n|move|p2a: Gardevoir|Moonblast|p1a: Politoed\n|-crit|p1a: Politoed\n|-damage|p1a: Politoed|35/100 slp\n|-unboost|p1a: Politoed|spa|1\n|-enditem|p1a: Politoed|Sitrus Berry|[eat]\n|-heal|p1a: Politoed|60/100 slp|[from] item: Sitrus Berry\n|move|p2b: Charizard|Weather Ball|p1b: Incineroar\n|-resisted|p1b: Incineroar|1\n|-damage|p1b: Incineroar|59/100\n|cant|p1a: Politoed|slp\n|\n|-weather|SunnyDay|[upkeep]\n|upkeep\n|turn|6\n|inactive|DLEY Nypo has 30 seconds left.\n|inactive|DLEY Nypo has 20 seconds left.\n|\n|t:|1776127057\n|switch|p1a: Gengar|Gengar-Mega, L50, M, shiny|100/100\n|move|p1b: Incineroar|Protect|p1b: Incineroar\n|-singleturn|p1b: Incineroar|Protect\n|move|p2a: Gardevoir|Moonblast|p1b: Incineroar\n|-activate|p1b: Incineroar|move: Protect\n|move|p2b: Charizard|Heat Wave|p1a: Gengar|[spread] p1a\n|-activate|p1b: Incineroar|move: Protect\n|-damage|p1a: Gengar|26/100\n|\n|-weather|SunnyDay|[upkeep]\n|upkeep\n|turn|7\n|inactive|DLEY Nypo has 30 seconds left.\n|inactive|MDD12 has 30 seconds left.\n|\n|t:|1776127086\n|move|p2a: Gardevoir|Moonblast|p1b: Incineroar\n|-damage|p1b: Incineroar|15/100\n|move|p1a: Gengar|Sludge Bomb|p2a: Gardevoir\n|-supereffective|p2a: Gardevoir|1\n|-damage|p2a: Gardevoir|0 fnt\n|faint|p2a: Gardevoir\n|move|p2b: Charizard|Heat Wave|p1a: Gengar|[spread] p1a,p1b\n|-resisted|p1b: Incineroar|1\n|-damage|p1a: Gengar|0 fnt\n|-damage|p1b: Incineroar|0 fnt\n|faint|p1a: Gengar\n|faint|p1b: Incineroar\n|\n|-weather|SunnyDay|[upkeep]\n|-fieldend|move: Gravity\n|upkeep\n|c|\u2606DLEY Nypo|Ez\n|\n|t:|1776127110\n|switch|p1a: Basculegion|Basculegion, L50, M|100/100\n|switch|p1b: Politoed|Politoed, L50, M|60/100 slp\n|-weather|RainDance|[from] ability: Drizzle|[of] p1b: Politoed\n|turn|8\n|\n|t:|1776127134\n|move|p1a: Basculegion|Wave Crash|p2b: Charizard\n|-supereffective|p2b: Charizard|1\n|-damage|p2b: Charizard|0 fnt\n|faint|p2b: Charizard\n|-damage|p1a: Basculegion|71/100|[from] Recoil\n|\n|win|DLEY Nypo\n|raw|DLEY Nypo's rating: 1130 &rarr; <strong>1155</strong><br />(+25 for winning)\n|raw|MDD12's rating: 1132 &rarr; <strong>1107</strong><br />(-25 for losing)\n|l|\u2606MDD12\n|player|p2|\n|l|\u2606DLEY Nypo\n|player|p1|\n|j|\u2606DLEY Nypo\n|player|p1|DLEY Nypo|lucas|\n",
  "uploadtime": 1776127202,
  "views": 21,
  "formatid": "gen9championsvgc2026regma",
  "rating": 1107,
  "private": 0,
  "password": null
}