{
  "id": "gen9championsvgc2026regma-2584741450",
  "format": "[Gen 9 Champions] VGC 2026 Reg M-A",
  "players": [
    "LordYamaskLuca5",
    "takethephilpill"
  ],
  "log": "|j|\u2606LordYamaskLuca5\n|j|\u2606takethephilpill\n|t:|1776280405\n|gametype|doubles\n|player|p1|LordYamaskLuca5|101|1040\n|player|p2|takethephilpill|#ptplviistarmies|1000\n|gen|9\n|tier|[Gen 9 Champions] VGC 2026 Reg M-A\n|rated|\n|rule|Species Clause: Limit one of each Pok\u00e9mon\n|rule|Item Clause: Limit 1 of each item\n|clearpoke\n|poke|p1|Crabominable, L50, F|\n|poke|p1|Farigiraf, L50, M|\n|poke|p1|Kingambit, L50, M|\n|poke|p1|Sinistcha, L50|\n|poke|p1|Garchomp, L50, M|\n|poke|p1|Rotom-Wash, L50|\n|poke|p2|Rotom-Heat, L50|\n|poke|p2|Aggron, L50, F|\n|poke|p2|Primarina, L50, F|\n|poke|p2|Aerodactyl, L50, M|\n|poke|p2|Tyranitar, L50, M|\n|poke|p2|Sinistcha, L50|\n|teampreview|4\n|inactive|Battle timer is ON: inactive players will automatically lose when time's up. (requested by takethephilpill)\nLordYamaskLuca5 rejected open team sheets.\n|inactive|LordYamaskLuca5 has 60 seconds left.\n|\n|t:|1776280436\n|teamsize|p1|4\n|teamsize|p2|4\n|start\n|switch|p1a: Garchomp|Garchomp, L50, M|100/100\n|switch|p1b: Rotom|Rotom-Wash, L50|100/100\n|switch|p2a: Rotom|Rotom-Heat, L50|100/100\n|switch|p2b: Aerodactyl|Aerodactyl, L50, M|100/100\n|-ability|p2b: Aerodactyl|Unnerve\n|turn|1\n|\n|t:|1776280446\n|move|p2b: Aerodactyl|Protect|p2b: Aerodactyl\n|-singleturn|p2b: Aerodactyl|Protect\n|move|p1b: Rotom|Discharge|p2a: Rotom|[spread] p2a\n|-activate|p2b: Aerodactyl|move: Protect\n|-immune|p1a: Garchomp\n|-resisted|p2a: Rotom|1\n|-damage|p2a: Rotom|91/100\n|move|p1a: Garchomp|Rock Slide|p2b: Aerodactyl|[spread] p2a\n|-activate|p2b: Aerodactyl|move: Protect\n|-supereffective|p2a: Rotom|1\n|-damage|p2a: Rotom|55/100\n|move|p2a: Rotom|Will-O-Wisp|p1a: Garchomp\n|-status|p1a: Garchomp|brn\n|\n|-damage|p1a: Garchomp|94/100 brn|[from] brn\n|upkeep\n|turn|2\n|\n|t:|1776280466\n|switch|p2b: Primarina|Primarina, L50, F|100/100\n|move|p1b: Rotom|Discharge|p2a: Rotom|[spread] p2a,p2b\n|-immune|p1a: Garchomp\n|-resisted|p2a: Rotom|1\n|-supereffective|p2b: Primarina|1\n|-damage|p2a: Rotom|44/100\n|-damage|p2b: Primarina|55/100\n|move|p1a: Garchomp|Rock Slide|p2b: Primarina|[spread] p2a,p2b\n|-supereffective|p2a: Rotom|1\n|-damage|p2a: Rotom|27/100\n|-damage|p2b: Primarina|44/100\n|move|p2a: Rotom|Pain Split|p1b: Rotom\n|-sethp|p1b: Rotom|67/100|[from] move: Pain Split|[silent]\n|-sethp|p2a: Rotom|55/100|[from] move: Pain Split\n|\n|-heal|p2b: Primarina|50/100|[from] item: Leftovers\n|-damage|p1a: Garchomp|88/100 brn|[from] brn\n|upkeep\n|turn|3\n|inactive|takethephilpill has 30 seconds left.\n|\n|t:|1776280495\n|switch|p2b: Tyranitar|Tyranitar, L50, M|100/100\n|-weather|Sandstorm|[from] ability: Sand Stream|[of] p2b: Tyranitar\n|move|p1b: Rotom|Discharge|p2a: Rotom|[spread] p2a,p2b\n|-immune|p1a: Garchomp\n|-resisted|p2a: Rotom|1\n|-damage|p2a: Rotom|43/100\n|-damage|p2b: Tyranitar|85/100\n|move|p1a: Garchomp|Rock Slide|p2b: Tyranitar|[spread] p2a,p2b\n|-supereffective|p2a: Rotom|1\n|-damage|p2a: Rotom|26/100\n|-damage|p2b: Tyranitar|77/100\n|move|p2a: Rotom|Thunderbolt|p1b: Rotom\n|-damage|p1b: Rotom|29/100\n|\n|-weather|Sandstorm|[upkeep]\n|-damage|p1b: Rotom|22/100|[from] Sandstorm\n|-damage|p2a: Rotom|20/100|[from] Sandstorm\n|-damage|p1a: Garchomp|82/100 brn|[from] brn\n|upkeep\n|turn|4\n|\n|t:|1776280516\n|move|p2b: Tyranitar|Protect|p2b: Tyranitar\n|-singleturn|p2b: Tyranitar|Protect\n|move|p1b: Rotom|Discharge|p2b: Tyranitar|[spread] p2a\n|-activate|p2b: Tyranitar|move: Protect\n|-immune|p1a: Garchomp\n|-resisted|p2a: Rotom|1\n|-damage|p2a: Rotom|9/100\n|move|p1a: Garchomp|Rock Slide|p2a: Rotom|[spread] p2a\n|-activate|p2b: Tyranitar|move: Protect\n|-supereffective|p2a: Rotom|1\n|-damage|p2a: Rotom|0 fnt\n|faint|p2a: Rotom\n|\n|-weather|Sandstorm|[upkeep]\n|-damage|p1b: Rotom|16/100|[from] Sandstorm\n|-damage|p1a: Garchomp|76/100 brn|[from] brn\n|upkeep\n|\n|t:|1776280518\n|switch|p2a: Aerodactyl|Aerodactyl, L50, M|100/100\n|-ability|p2a: Aerodactyl|Unnerve\n|turn|5\n|\n|t:|1776280529\n|move|p1b: Rotom|Discharge|p2a: Aerodactyl|[spread] p2a,p2b\n|-immune|p1a: Garchomp\n|-supereffective|p2a: Aerodactyl|1\n|-damage|p2a: Aerodactyl|61/100\n|-damage|p2b: Tyranitar|63/100\n|-status|p2b: Tyranitar|par\n|move|p2a: Aerodactyl|Tailwind|p2a: Aerodactyl\n|-sidestart|p2: takethephilpill|move: Tailwind\n|move|p1a: Garchomp|Earthquake|p2b: Tyranitar|[spread] p2b\n|-immune|p1b: Rotom|[from] ability: Levitate\n|-immune|p2a: Aerodactyl\n|-supereffective|p2b: Tyranitar|1\n|-damage|p2b: Tyranitar|38/100 par\n|cant|p2b: Tyranitar|par\n|\n|-weather|Sandstorm|[upkeep]\n|-damage|p1b: Rotom|10/100|[from] Sandstorm\n|-damage|p1a: Garchomp|70/100 brn|[from] brn\n|upkeep\n|turn|6\n|\n|t:|1776280551\n|move|p2a: Aerodactyl|Rock Slide|p1b: Rotom|[spread] p1a,p1b\n|-resisted|p1a: Garchomp|1\n|-damage|p1a: Garchomp|63/100 brn\n|-damage|p1b: Rotom|0 fnt\n|faint|p1b: Rotom\n|move|p1a: Garchomp|Rock Slide|p2a: Aerodactyl|[spread] p2a,p2b\n|-supereffective|p2a: Aerodactyl|1\n|-damage|p2a: Aerodactyl|40/100\n|-damage|p2b: Tyranitar|31/100 par\n|move|p2b: Tyranitar|Knock Off|p1a: Garchomp\n|-damage|p1a: Garchomp|24/100 brn\n|-damage|p2b: Tyranitar|19/100 par|[from] ability: Rough Skin|[of] p1a: Garchomp\n|-enditem|p1a: Garchomp|White Herb|[from] move: Knock Off|[of] p2b: Tyranitar\n|\n|-weather|Sandstorm|[upkeep]\n|-damage|p1a: Garchomp|18/100 brn|[from] brn\n|upkeep\n|\n|t:|1776280554\n|switch|p1b: Farigiraf|Farigiraf, L50, M|100/100\n|turn|7\n|\n|t:|1776280566\n|move|p2a: Aerodactyl|Dual Wingbeat|p1a: Garchomp\n|-damage|p1a: Garchomp|6/100 brn\n|-damage|p2a: Aerodactyl|27/100|[from] ability: Rough Skin|[of] p1a: Garchomp\n|-damage|p1a: Garchomp|0 fnt\n|-damage|p2a: Aerodactyl|15/100|[from] ability: Rough Skin|[of] p1a: Garchomp\n|faint|p1a: Garchomp\n|-hitcount|p1: Garchomp|2\n|move|p2b: Tyranitar|Knock Off|p1b: Farigiraf\n|-supereffective|p1b: Farigiraf|1\n|-damage|p1b: Farigiraf|0 fnt\n|-enditem|p1b: Farigiraf|Sitrus Berry|[from] move: Knock Off|[of] p2b: Tyranitar\n|faint|p1b: Farigiraf\n|\n|-weather|none\n|upkeep\n|\n|t:|1776280573\n|switch|p1b: Crabominable|Crabominable, L50, F|100/100\n|turn|8\n|\n|t:|1776280591\n|detailschange|p1b: Crabominable|Crabominable-Mega, L50, F\n|-mega|p1b: Crabominable|Crabominable|Crabominite\n|move|p2a: Aerodactyl|Protect|p2a: Aerodactyl\n|-singleturn|p2a: Aerodactyl|Protect\n|move|p1b: Crabominable|Mach Punch|p2b: Tyranitar\n|-supereffective|p2b: Tyranitar|2\n|-damage|p2b: Tyranitar|0 fnt\n|faint|p2b: Tyranitar\n|\n|-sideend|p2: takethephilpill|move: Tailwind\n|upkeep\n|\n|t:|1776280598\n|switch|p2b: Primarina|Primarina, L50, F|50/100\n|turn|9\n|\n|t:|1776280605\n|move|p1b: Crabominable|Mach Punch|p2a: Aerodactyl\n|-damage|p2a: Aerodactyl|0 fnt\n|faint|p2a: Aerodactyl\n|move|p2b: Primarina|Moonblast|p1b: Crabominable\n|-supereffective|p1b: Crabominable|1\n|-damage|p1b: Crabominable|9/100\n|\n|-heal|p2b: Primarina|56/100|[from] item: Leftovers\n|upkeep\n|turn|10\n|\n|t:|1776280613\n|move|p1b: Crabominable|Mach Punch|p2b: Primarina\n|-resisted|p2b: Primarina|1\n|-damage|p2b: Primarina|36/100\n|move|p2b: Primarina|Moonblast|p1b: Crabominable\n|-supereffective|p1b: Crabominable|1\n|-damage|p1b: Crabominable|0 fnt\n|faint|p1b: Crabominable\n|\n|win|takethephilpill\n|raw|LordYamaskLuca5's rating: 1040 &rarr; <strong>1022</strong><br />(-18 for losing)\n|raw|takethephilpill's rating: 1000 &rarr; <strong>1045</strong><br />(+45 for winning)\n|l|\u2606LordYamaskLuca5\n|player|p1|\n|c|\u2606takethephilpill|gg\n",
  "uploadtime": 1776280620,
  "views": 26,
  "formatid": "gen9championsvgc2026regma",
  "rating": 1022,
  "private": 0,
  "password": null
}