{
  "id": "gen9championsvgc2026regma-2582744329",
  "format": "[Gen 9 Champions] VGC 2026 Reg M-A",
  "players": [
    "Basilico Blu",
    "Jah_08"
  ],
  "log": "|j|\u2606Basilico Blu\n|j|\u2606Jah_08\n|t:|1776111103\n|gametype|doubles\n|player|p1|Basilico Blu|265|1281\n|player|p2|Jah_08|alder|1352\n|gen|9\n|tier|[Gen 9 Champions] VGC 2026 Reg M-A\n|rated|\n|rule|Species Clause: Limit one of each Pok\u00e9mon\n|rule|Item Clause: Limit 1 of each item\n|clearpoke\n|poke|p1|Floette-Eternal, L50, F|\n|poke|p1|Incineroar, L50, F|\n|poke|p1|Pelipper, L50, M|\n|poke|p1|Basculegion, L50, M|\n|poke|p1|Garchomp, L50, F|\n|poke|p1|Sinistcha, L50|\n|poke|p2|Excadrill, L50, M|\n|poke|p2|Whimsicott, L50, M|\n|poke|p2|Volcarona, L50, F|\n|poke|p2|Zoroark-Hisui, L50, F|\n|poke|p2|Basculegion, L50, M|\n|poke|p2|Conkeldurr, L50, F|\n|teampreview|4\nBasilico Blu has agreed to open team sheets.\n|\n|t:|1776111136\n|teamsize|p1|4\n|teamsize|p2|4\n|start\n|switch|p1a: Aeterno Flos|Floette-Eternal, L50, F|100/100\n|switch|p1b: Toxic relationship|Incineroar, L50, F|100/100\n|switch|p2a: Excadrill|Excadrill, L50, M|100/100\n|switch|p2b: Basculegion|Basculegion, L50, M|100/100\n|-ability|p1b: Toxic relationship|Intimidate|boost\n|-unboost|p2a: Excadrill|atk|1\n|-unboost|p2b: Basculegion|atk|1\n|turn|1\n|\n|t:|1776111169\n|move|p1a: Aeterno Flos|Protect|p1a: Aeterno Flos\n|-singleturn|p1a: Aeterno Flos|Protect\n|move|p2b: Basculegion|Flip Turn|p1b: Toxic relationship\n|-supereffective|p1b: Toxic relationship|1\n|-damage|p1b: Toxic relationship|65/100\n|\n|t:|1776111194\n|switch|p2b: Excadrill|Excadrill, L50, M|100/100|[from] Flip Turn\n|-ability|p2b: Excadrill|Mold Breaker\n|move|p2a: Excadrill|Sludge Bomb|p1a: Aeterno Flos\n|-activate|p1a: Aeterno Flos|move: Protect\n|move|p1b: Toxic relationship|Will-O-Wisp|p2a: Excadrill\n|-status|p2a: Excadrill|brn\n|\n|-damage|p2a: Excadrill|94/100 brn|[from] brn\n|upkeep\n|turn|2\n|\n|t:|1776111225\n|switch|p1a: Cynthia's trauma|Garchomp, L50, F|100/100\n|detailschange|p2b: Excadrill|Excadrill-Mega, L50, M\n|-mega|p2b: Excadrill|Excadrill|Excadrite\n|move|p2a: Excadrill|Sludge Bomb|p1a: Cynthia's trauma\n|-resisted|p1a: Cynthia's trauma|1\n|-damage|p1a: Cynthia's trauma|85/100\n|move|p2b: Excadrill|High Horsepower|p1b: Toxic relationship\n|-supereffective|p1b: Toxic relationship|1\n|-crit|p1b: Toxic relationship\n|-damage|p1b: Toxic relationship|0 fnt\n|faint|p1b: Toxic relationship\n|\n|-damage|p2a: Excadrill|88/100 brn|[from] brn\n|upkeep\n|l|\u2606Basilico Blu\n|player|p1|\n|j|\u2606Basilico Blu\n|player|p1|Basilico Blu|265|\n|inactive|Battle timer is ON: inactive players will automatically lose when time's up. (requested by Jah_08)\n|\n|t:|1776111279\n|switch|p1b: Beware theine|Sinistcha, L50|100/100\n|-heal|p1a: Cynthia's trauma|100/100|[from] ability: Hospitality|[of] p1b: Beware theine\n|turn|3\n|\n|t:|1776111293\n|move|p2b: Excadrill|Protect|p2b: Excadrill\n|-singleturn|p2b: Excadrill|Protect\n|move|p2a: Excadrill|Icy Wind|p1a: Cynthia's trauma|[spread] p1a,p1b\n|-supereffective|p1a: Cynthia's trauma|2\n|-supereffective|p1b: Beware theine|1\n|-damage|p1a: Cynthia's trauma|43/100\n|-damage|p1b: Beware theine|75/100\n|-unboost|p1a: Cynthia's trauma|spe|1\n|-unboost|p1b: Beware theine|spe|1\n|-enditem|p1a: Cynthia's trauma|White Herb\n|-clearnegativeboost|p1a: Cynthia's trauma|[silent]\n|move|p1a: Cynthia's trauma|Earthquake|p2a: Excadrill|[spread] p1b,p2a\n|-activate|p2b: Excadrill|move: Protect\n|-resisted|p1b: Beware theine|1\n|-damage|p1b: Beware theine|57/100\n|-damage|p2a: Excadrill|0 fnt\n|replace|p2a: Zoroark|Zoroark-Hisui, L50, F\n|-end|p2a: Zoroark|Illusion\n|faint|p2a: Zoroark\n|move|p1b: Beware theine|Trick Room|p1b: Beware theine\n|-fieldstart|move: Trick Room|[of] p1b: Beware theine\n|\n|-heal|p1b: Beware theine|63/100|[from] item: Leftovers\n|upkeep\n|\n|t:|1776111315\n|switch|p2a: Volcarona|Volcarona, L50, F|100/100\n|turn|4\n|inactive|Basilico Blu has 30 seconds left.\n|\n|t:|1776111341\n|move|p1b: Beware theine|Life Dew|p1b: Beware theine|[spread] p1a,p1b\n|-heal|p1a: Cynthia's trauma|68/100\n|-heal|p1b: Beware theine|89/100\n|move|p2a: Volcarona|Fiery Dance|p1b: Beware theine\n|-supereffective|p1b: Beware theine|1\n|-damage|p1b: Beware theine|24/100\n|move|p1a: Cynthia's trauma|Earthquake|p2b: Excadrill|[spread] p1b,p2a,p2b\n|-resisted|p1b: Beware theine|1\n|-crit|p1b: Beware theine\n|-supereffective|p2b: Excadrill|1\n|-damage|p1b: Beware theine|0 fnt\n|-damage|p2a: Volcarona|63/100\n|-damage|p2b: Excadrill|19/100\n|faint|p1b: Beware theine\n|move|p2b: Excadrill|High Horsepower|p1a: Cynthia's trauma\n|-damage|p1a: Cynthia's trauma|18/100\n|-damage|p2b: Excadrill|7/100|[from] ability: Rough Skin|[of] p1a: Cynthia's trauma\n|\n|upkeep\n|\n|t:|1776111359\n|switch|p1b: Aeterno Flos|Floette-Eternal, L50, F|100/100\n|turn|5\n|\n|t:|1776111372\n|detailschange|p1b: Aeterno Flos|Floette-Mega, L50, F\n|-mega|p1b: Aeterno Flos|Floette|Floettite\n|-ability|p1b: Aeterno Flos|Fairy Aura\n|move|p2b: Excadrill|Protect|p2b: Excadrill\n|-singleturn|p2b: Excadrill|Protect\n|move|p2a: Volcarona|Fiery Dance|p1a: Cynthia's trauma\n|-resisted|p1a: Cynthia's trauma|1\n|-damage|p1a: Cynthia's trauma|2/100\n|-boost|p2a: Volcarona|spa|1\n|move|p1b: Aeterno Flos|Calm Mind|p1b: Aeterno Flos\n|-boost|p1b: Aeterno Flos|spa|1\n|-boost|p1b: Aeterno Flos|spd|1\n|move|p1a: Cynthia's trauma|Rock Slide|p2a: Volcarona|[spread] p2a\n|-activate|p2b: Excadrill|move: Protect\n|-supereffective|p2a: Volcarona|2\n|-damage|p2a: Volcarona|0 fnt\n|faint|p2a: Volcarona\n|\n|upkeep\n|\n|t:|1776111393\n|switch|p2a: Basculegion|Basculegion, L50, M|100/100\n|turn|6\n|inactive|Jah_08 has 30 seconds left.\n|inactive|Jah_08 has 20 seconds left.\n|inactive|Jah_08 has 15 seconds left.\n|inactive|Jah_08 has 10 seconds left.\n|\n|t:|1776111443\n|move|p2a: Basculegion|Aqua Jet|p1a: Cynthia's trauma\n|-damage|p1a: Cynthia's trauma|0 fnt\n|-damage|p2a: Basculegion|88/100|[from] ability: Rough Skin|[of] p1a: Cynthia's trauma\n|faint|p1a: Cynthia's trauma\n|move|p1b: Aeterno Flos|Calm Mind|p1b: Aeterno Flos\n|-boost|p1b: Aeterno Flos|spa|1\n|-boost|p1b: Aeterno Flos|spd|1\n|move|p2b: Excadrill|Iron Head|p1b: Aeterno Flos\n|-supereffective|p1b: Aeterno Flos|1\n|-damage|p1b: Aeterno Flos|14/100\n|\n|upkeep\n|turn|7\n|inactive|Basilico Blu has 30 seconds left.\n|c|\u2606Jah_08|gg\n|inactive|Basilico Blu has 20 seconds left.\n|\n|t:|1776111480\n|move|p2b: Excadrill|Protect|p2b: Excadrill\n|-singleturn|p2b: Excadrill|Protect\n|move|p2a: Basculegion|Aqua Jet|p1b: Aeterno Flos\n|-damage|p1b: Aeterno Flos|0 fnt\n|faint|p1b: Aeterno Flos\n|\n|win|Jah_08\n|raw|Basilico Blu's rating: 1281 &rarr; <strong>1261</strong><br />(-20 for losing)\n|raw|Jah_08's rating: 1352 &rarr; <strong>1368</strong><br />(+16 for winning)\n|c|\u2606Basilico Blu|gg\n",
  "uploadtime": 1776111489,
  "views": 23,
  "formatid": "gen9championsvgc2026regma",
  "rating": 1261,
  "private": 0,
  "password": null
}