{
  "id": "gen9championsvgc2026regma-2581031688",
  "format": "[Gen 9 Champions] VGC 2026 Reg M-A",
  "players": [
    "StrawberryBalloons",
    "dave4703"
  ],
  "log": "|j|\u203dStrawberryBalloons\n|j|\u2606dave4703\n|t:|1775953445\n|gametype|doubles\n|player|p1|StrawberryBalloons|fisherman-gen4|1116\n|player|p2|dave4703|bugcatcher-gen4dp|1171\n|gen|9\n|tier|[Gen 9 Champions] VGC 2026 Reg M-A\n|rated|\n|rule|Species Clause: Limit one of each Pok\u00e9mon\n|rule|Item Clause: Limit 1 of each item\n|clearpoke\n|poke|p1|Floette-Eternal, L50, F|\n|poke|p1|Milotic, L50, M|\n|poke|p1|Venusaur, L50, F|\n|poke|p1|Delphox, L50, M|\n|poke|p1|Whimsicott, L50, M|\n|poke|p1|Slowbro-Galar, L50, M|\n|poke|p2|Dragapult, L50, F|\n|poke|p2|Pelipper, L50, F|\n|poke|p2|Archaludon, L50, M|\n|poke|p2|Basculegion, L50, M|\n|poke|p2|Scizor, L50, F|\n|poke|p2|Meganium, L50, M|\n|teampreview|4\n|inactive|Battle timer is ON: inactive players will automatically lose when time's up. (requested by StrawberryBalloons)\n|c|\u2606dave4703|glhf\n|inactive|StrawberryBalloons has 60 seconds left.\n|\n|t:|1775953487\n|teamsize|p1|4\n|teamsize|p2|4\n|start\n|switch|p1a: Whimsicott|Whimsicott, L50, M|100/100\n|switch|p1b: Venusaur|Venusaur, L50, F|100/100\n|switch|p2a: Scizor|Scizor, L50, F|100/100\n|switch|p2b: Basculegion|Basculegion, L50, M|100/100\n|turn|1\n|\n|t:|1775953513\n|switch|p2b: Archaludon|Archaludon, L50, M|100/100\n|detailschange|p2a: Scizor|Scizor-Mega, L50, F\n|-mega|p2a: Scizor|Scizor|Scizorite\n|move|p1a: Whimsicott|Sunny Day|p1a: Whimsicott\n|-weather|SunnyDay\n|move|p2a: Scizor|Bullet Punch|p1a: Whimsicott\n|-supereffective|p1a: Whimsicott|1\n|-enditem|p1a: Whimsicott|Babiri Berry|[eat]\n|-enditem|p1a: Whimsicott|Babiri Berry|[weaken]\n|-damage|p1a: Whimsicott|42/100\n|move|p1b: Venusaur|Growth|p1b: Venusaur\n|-boost|p1b: Venusaur|atk|2\n|-boost|p1b: Venusaur|spa|2\n|\n|-weather|SunnyDay|[upkeep]\n|upkeep\n|turn|2\n|\n|t:|1775953537\n|switch|p2b: Pelipper|Pelipper, L50, F|100/100\n|-weather|RainDance|[from] ability: Drizzle|[of] p2b: Pelipper\n|detailschange|p1b: Venusaur|Venusaur-Mega, L50, F\n|-mega|p1b: Venusaur|Venusaur|Venusaurite\n|move|p1a: Whimsicott|Tailwind|p1a: Whimsicott\n|-sidestart|p1: StrawberryBalloons|move: Tailwind\n|move|p2a: Scizor|Bullet Punch|p1a: Whimsicott\n|-supereffective|p1a: Whimsicott|1\n|-damage|p1a: Whimsicott|0 fnt\n|faint|p1a: Whimsicott\n|move|p1b: Venusaur|Earth Power|p2b: Pelipper\n|-immune|p2b: Pelipper\n|\n|-weather|RainDance|[upkeep]\n|upkeep\n|\n|t:|1775953541\n|switch|p1a: Delphox|Delphox, L50, M|100/100\n|turn|3\n|inactive|dave4703 has 30 seconds left.\n|\n|t:|1775953568\n|move|p1a: Delphox|Heat Wave|p2b: Pelipper|[spread] p2a,p2b\n|-supereffective|p2a: Scizor|2\n|-resisted|p2b: Pelipper|1\n|-damage|p2a: Scizor|19/100\n|-damage|p2b: Pelipper|89/100\n|move|p1b: Venusaur|Giga Drain|p2b: Pelipper\n|-damage|p2b: Pelipper|0 fnt\n|faint|p2b: Pelipper\n|move|p2a: Scizor|Tailwind|p2a: Scizor\n|-sidestart|p2: dave4703|move: Tailwind\n|\n|-weather|RainDance|[upkeep]\n|upkeep\n|\n|t:|1775953578\n|switch|p2b: Basculegion|Basculegion, L50, M|100/100\n|turn|4\n|\n|t:|1775953600\n|move|p1a: Delphox|Protect|p1a: Delphox\n|-singleturn|p1a: Delphox|Protect\n|move|p2a: Scizor|Bullet Punch|p1b: Venusaur\n|-damage|p1b: Venusaur|65/100\n|move|p2b: Basculegion|Wave Crash|p1a: Delphox\n|-activate|p1a: Delphox|move: Protect\n|move|p1b: Venusaur|Giga Drain|p2b: Basculegion\n|-supereffective|p2b: Basculegion|1\n|-damage|p2b: Basculegion|0 fnt\n|-heal|p1b: Venusaur|100/100|[from] drain|[of] p2b: Basculegion\n|faint|p2b: Basculegion\n|\n|-weather|RainDance|[upkeep]\n|upkeep\n|\n|t:|1775953602\n|switch|p2b: Archaludon|Archaludon, L50, M|100/100\n|turn|5\n|inactive|dave4703 has 30 seconds left.\n|\n|t:|1775953628\n|move|p2a: Scizor|Bullet Punch|p1b: Venusaur\n|-damage|p1b: Venusaur|61/100\n|move|p1a: Delphox|Heat Wave|p2b: Archaludon|[spread] p2a,p2b\n|-supereffective|p2a: Scizor|2\n|-damage|p2a: Scizor|0 fnt\n|-damage|p2b: Archaludon|71/100\n|faint|p2a: Scizor\n|move|p2b: Archaludon|Draco Meteor|p1b: Venusaur\n|-damage|p1b: Venusaur|0 fnt\n|-unboost|p2b: Archaludon|spa|2\n|faint|p1b: Venusaur\n|\n|-weather|RainDance|[upkeep]\n|-sideend|p1: StrawberryBalloons|move: Tailwind\n|upkeep\n|\n|t:|1775953639\n|switch|p1b: Slowbro|Slowbro-Galar, L50, M|100/100\n|turn|6\n|\n|t:|1775953646\n|move|p1a: Delphox|Protect|p1a: Delphox\n|-singleturn|p1a: Delphox|Protect\n|move|p2b: Archaludon|Electro Shot||[still]\n|-prepare|p2b: Archaludon|Electro Shot\n|-boost|p2b: Archaludon|spa|1\n|-anim|p2b: Archaludon|Electro Shot|p1a: Delphox\n|-activate|p1a: Delphox|move: Protect\n|move|p1b: Slowbro|Ice Beam|p2b: Archaludon\n|-damage|p2b: Archaludon|30/100\n|\n|-weather|none\n|-sideend|p2: dave4703|move: Tailwind\n|upkeep\n|turn|7\n|c|\u2606dave4703|gg\n|-activate|p1b: Slowbro|ability: Quick Draw\n|\n|t:|1775953664\n|move|p1b: Slowbro|Ice Beam|p2b: Archaludon\n|-damage|p2b: Archaludon|0 fnt\n|faint|p2b: Archaludon\n|\n|win|StrawberryBalloons\n|raw|StrawberryBalloons's rating: 1116 &rarr; <strong>1145</strong><br />(+29 for winning)\n|raw|dave4703's rating: 1171 &rarr; <strong>1142</strong><br />(-29 for losing)\n|l|\u2606dave4703\n|player|p2|\n",
  "uploadtime": 1775953673,
  "views": 14,
  "formatid": "gen9championsvgc2026regma",
  "rating": 1142,
  "private": 0,
  "password": null
}