{
  "id": "gen9championsvgc2026regma-2587376897",
  "format": "[Gen 9 Champions] VGC 2026 Reg M-A",
  "players": [
    "Il Viper!",
    "owningace4"
  ],
  "log": "|j|\u2606Il Viper!\n|j|\u2606owningace4\n|t:|1776526679\n|gametype|doubles\n|player|p1|Il Viper!|red|1158\n|player|p2|owningace4|2|1117\n|gen|9\n|tier|[Gen 9 Champions] VGC 2026 Reg M-A\n|rated|\n|rule|Species Clause: Limit one of each Pok\u00e9mon\n|rule|Item Clause: Limit 1 of each item\n|clearpoke\n|poke|p1|Charizard, L50, M|\n|poke|p1|Garchomp, L50, M|\n|poke|p1|Incineroar, L50, F|\n|poke|p1|Venusaur, L50, M, shiny|\n|poke|p1|Sneasler, L50, M|\n|poke|p1|Whimsicott, L50, M|\n|poke|p2|Lucario, L50, M|\n|poke|p2|Whimsicott, L50, F, shiny|\n|poke|p2|Sneasler, L50, F|\n|poke|p2|Mamoswine, L50, M|\n|poke|p2|Basculegion, L50, M|\n|poke|p2|Delphox, L50, F|\n|teampreview|4\n|inactive|Battle timer is ON: inactive players will automatically lose when time's up. (requested by Il Viper!)\n|inactive|Il Viper! has 60 seconds left.\n|\n|t:|1776526725\n|teamsize|p1|4\n|teamsize|p2|4\n|start\n|switch|p1a: Charizard|Charizard, L50, M|100/100\n|switch|p1b: Sneasler|Sneasler, L50, M|100/100\n|switch|p2a: Whimsicott|Whimsicott, L50, F, shiny|100/100\n|switch|p2b: Delphox|Delphox, L50, F|100/100\n|turn|1\n|\n|t:|1776526747\n|detailschange|p2b: Delphox|Delphox-Mega, L50, F\n|-mega|p2b: Delphox|Delphox|Delphoxite\n|detailschange|p1a: Charizard|Charizard-Mega-Y, L50, M\n|-mega|p1a: Charizard|Charizard|Charizardite Y\n|-weather|SunnyDay|[from] ability: Drought|[of] p1a: Charizard\n|move|p2a: Whimsicott|Helping Hand|p2b: Delphox\n|-singleturn|p2b: Delphox|Helping Hand|[of] p2a: Whimsicott\n|move|p1b: Sneasler|Fake Out|p2a: Whimsicott\n|-damage|p2a: Whimsicott|84/100\n|move|p2b: Delphox|Psychic|p1a: Charizard\n|-damage|p1a: Charizard|15/100\n|move|p1a: Charizard|Heat Wave|p2b: Delphox|[spread] p2a,p2b\n|-supereffective|p2a: Whimsicott|1\n|-resisted|p2b: Delphox|1\n|-damage|p2a: Whimsicott|0 fnt\n|-damage|p2b: Delphox|68/100\n|faint|p2a: Whimsicott\n|\n|-weather|SunnyDay|[upkeep]\n|upkeep\n|\n|t:|1776526762\n|switch|p2a: Sneasler|Sneasler, L50, F|100/100\n|turn|2\n|\n|t:|1776526780\n|switch|p1a: Garchomp|Garchomp, L50, M|100/100\n|move|p1b: Sneasler|Protect|p1b: Sneasler\n|-singleturn|p1b: Sneasler|Protect\n|move|p2b: Delphox|Psychic|p1b: Sneasler\n|-activate|p1b: Sneasler|move: Protect\n|move|p2a: Sneasler|Dire Claw|p1a: Garchomp\n|-resisted|p1a: Garchomp|1\n|-damage|p1a: Garchomp|78/100\n|-damage|p2a: Sneasler|88/100|[from] ability: Rough Skin|[of] p1a: Garchomp\n|\n|-weather|SunnyDay|[upkeep]\n|upkeep\n|turn|3\n|inactive|Il Viper! has 30 seconds left.\n|\n|t:|1776526806\n|switch|p1b: Whimsicott|Whimsicott, L50, M|100/100\n|move|p1a: Garchomp|Earthquake|p2a: Sneasler|[spread] p1b,p2a\n|-immune|p2b: Delphox|[from] ability: Levitate\n|-resisted|p1b: Whimsicott|1\n|-supereffective|p2a: Sneasler|1\n|-damage|p1b: Whimsicott|70/100\n|-damage|p2a: Sneasler|0 fnt\n|faint|p2a: Sneasler\n|move|p2b: Delphox|Psychic|p1b: Whimsicott\n|-damage|p1b: Whimsicott|0 fnt\n|faint|p1b: Whimsicott\n|\n|-weather|SunnyDay|[upkeep]\n|upkeep\n|\n|t:|1776526819\n|switch|p2a: Mamoswine|Mamoswine, L50, M|100/100\n|switch|p1b: Sneasler|Sneasler, L50, M|100/100\n|turn|4\n|\n|t:|1776526824\n|move|p2b: Delphox|Protect|p2b: Delphox\n|-singleturn|p2b: Delphox|Protect\n|move|p2a: Mamoswine|Protect|p2a: Mamoswine\n|-singleturn|p2a: Mamoswine|Protect\n|move|p1b: Sneasler|Fake Out|p2b: Delphox\n|-activate|p2b: Delphox|move: Protect\n|move|p1a: Garchomp|Earthquake|p2a: Mamoswine|[spread] p1b\n|-activate|p2a: Mamoswine|move: Protect\n|-activate|p2b: Delphox|move: Protect\n|-supereffective|p1b: Sneasler|1\n|-damage|p1b: Sneasler|0 fnt\n|faint|p1b: Sneasler\n|\n|-weather|SunnyDay|[upkeep]\n|upkeep\n|\n|t:|1776526828\n|switch|p1b: Charizard|Charizard-Mega-Y, L50, M|15/100\n|turn|5\n|c|\u2606owningace4|lol\n|c|\u2606owningace4|been there trust me\n|\n|t:|1776526840\n|move|p1b: Charizard|Protect|p1b: Charizard\n|-singleturn|p1b: Charizard|Protect\n|move|p2a: Mamoswine|Ice Shard|p1a: Garchomp\n|-supereffective|p1a: Garchomp|2\n|-damage|p1a: Garchomp|0 fnt\n|faint|p1a: Garchomp\n|move|p2b: Delphox|Psychic|p1b: Charizard\n|-activate|p1b: Charizard|move: Protect\n|\n|-weather|none\n|upkeep\n|turn|6\n|-message|Il Viper! forfeited.\n|\n|win|owningace4\n|raw|Il Viper!'s rating: 1158 &rarr; <strong>1130</strong><br />(-28 for losing)\n|raw|owningace4's rating: 1117 &rarr; <strong>1145</strong><br />(+28 for winning)\n|l|\u2606Il Viper!\n|player|p1|\n",
  "uploadtime": 1776526851,
  "views": 24,
  "formatid": "gen9championsvgc2026regma",
  "rating": 1130,
  "private": 0,
  "password": null
}