{
  "id": "gen9championsvgc2026regma-2585525774",
  "format": "[Gen 9 Champions] VGC 2026 Reg M-A",
  "players": [
    "fuuuuuuuuuunnn",
    "Stringskipper"
  ],
  "log": "|j|\u2606fuuuuuuuuuunnn\n|j|\u2606Stringskipper\n|t:|1776353372\n|gametype|doubles\n|player|p1|fuuuuuuuuuunnn|ethan|1171\n|player|p2|Stringskipper|benga|1264\n|gen|9\n|tier|[Gen 9 Champions] VGC 2026 Reg M-A\n|rated|\n|rule|Species Clause: Limit one of each Pok\u00e9mon\n|rule|Item Clause: Limit 1 of each item\n|clearpoke\n|poke|p1|Dragonite, L50, F|\n|poke|p1|Pelipper, L50, F|\n|poke|p1|Basculegion, L50, M|\n|poke|p1|Sneasler, L50, F|\n|poke|p1|Scizor, L50, F|\n|poke|p1|Beartic, L50, F|\n|poke|p2|Charizard, L50, F|\n|poke|p2|Venusaur, L50, F|\n|poke|p2|Garchomp, L50, F|\n|poke|p2|Rotom-Wash, L50|\n|poke|p2|Sneasler, L50, M|\n|poke|p2|Whimsicott, L50, F|\n|teampreview|4\n|inactive|Battle timer is ON: inactive players will automatically lose when time's up. (requested by fuuuuuuuuuunnn)\n|\n|t:|1776353411\n|teamsize|p1|4\n|teamsize|p2|4\n|start\n|switch|p1a: Biggie|Dragonite, L50, F, shiny|100/100\n|switch|p1b: Lanky legs|Sneasler, L50, F|100/100\n|switch|p2a: Rotom|Rotom-Wash, L50|100/100\n|switch|p2b: Sneasler|Sneasler, L50, M|100/100\n|turn|1\n|\n|t:|1776353435\n|move|p1a: Biggie|Protect|p1a: Biggie\n|-singleturn|p1a: Biggie|Protect\n|move|p2b: Sneasler|Fake Out|p1b: Lanky legs\n|-damage|p1b: Lanky legs|75/100\n|cant|p1b: Lanky legs|flinch\n|move|p2a: Rotom|Thunderbolt|p1a: Biggie\n|-activate|p1a: Biggie|move: Protect\n|\n|upkeep\n|turn|2\n|\n|t:|1776353454\n|switch|p1b: I LOVE WATER|Pelipper, L50, F|100/100\n|-weather|RainDance|[from] ability: Drizzle|[of] p1b: I LOVE WATER\n|detailschange|p1a: Biggie|Dragonite-Mega, L50, F, shiny\n|-mega|p1a: Biggie|Dragonite|Dragoninite\n|move|p2b: Sneasler|Close Combat|p1b: I LOVE WATER\n|-resisted|p1b: I LOVE WATER|1\n|-damage|p1b: I LOVE WATER|68/100\n|-unboost|p2b: Sneasler|def|1\n|-unboost|p2b: Sneasler|spd|1\n|-enditem|p2b: Sneasler|White Herb\n|-clearnegativeboost|p2b: Sneasler|[silent]\n|move|p1a: Biggie|Hurricane|p2b: Sneasler\n|-supereffective|p2b: Sneasler|1\n|-damage|p2b: Sneasler|0 fnt\n|faint|p2b: Sneasler\n|move|p2a: Rotom|Thunderbolt|p1a: Biggie\n|-damage|p1a: Biggie|83/100\n|\n|-weather|RainDance|[upkeep]\n|-heal|p1b: I LOVE WATER|74/100|[from] item: Leftovers\n|upkeep\n|\n|t:|1776353477\n|switch|p2b: Charizard|Charizard, L50, F, shiny|100/100\n|turn|3\n|\n|t:|1776353499\n|detailschange|p2b: Charizard|Charizard-Mega-Y, L50, F, shiny\n|-mega|p2b: Charizard|Charizard|Charizardite Y\n|-weather|SunnyDay|[from] ability: Drought|[of] p2b: Charizard\n|move|p1b: I LOVE WATER|Helping Hand|p1a: Biggie\n|-singleturn|p1a: Biggie|Helping Hand|[of] p1b: I LOVE WATER\n|move|p1a: Biggie|Draco Meteor|p2b: Charizard|[miss]\n|-miss|p1a: Biggie|p2b: Charizard\n|move|p2b: Charizard|Weather Ball|p1a: Biggie\n|-resisted|p1a: Biggie|1\n|-damage|p1a: Biggie|41/100\n|move|p2a: Rotom|Volt Switch|p1b: I LOVE WATER\n|-supereffective|p1b: I LOVE WATER|2\n|-damage|p1b: I LOVE WATER|0 fnt\n|faint|p1b: I LOVE WATER\n|\n|t:|1776353514\n|switch|p2a: Venusaur|Venusaur, L50, F|100/100|[from] Volt Switch\n|\n|-weather|SunnyDay|[upkeep]\n|upkeep\n|\n|t:|1776353517\n|switch|p1b: Lanky legs|Sneasler, L50, F|75/100\n|turn|4\n|\n|t:|1776353531\n|move|p2a: Venusaur|Protect|p2a: Venusaur\n|-singleturn|p2a: Venusaur|Protect\n|move|p2b: Charizard|Protect|p2b: Charizard\n|-singleturn|p2b: Charizard|Protect\n|move|p1b: Lanky legs|Fake Out|p2a: Venusaur\n|-activate|p2a: Venusaur|move: Protect\n|move|p1a: Biggie|Draco Meteor|p2b: Charizard\n|-activate|p2b: Charizard|move: Protect\n|\n|-weather|SunnyDay|[upkeep]\n|upkeep\n|turn|5\n|inactive|fuuuuuuuuuunnn has 30 seconds left.\n|\n|t:|1776353563\n|move|p2a: Venusaur|Sludge Bomb|p1a: Biggie\n|-damage|p1a: Biggie|5/100\n|move|p1b: Lanky legs|Dire Claw|p2b: Charizard\n|-damage|p2b: Charizard|45/100\n|-status|p2b: Charizard|psn\n|move|p1a: Biggie|Draco Meteor|p2b: Charizard\n|-damage|p2b: Charizard|0 fnt\n|-unboost|p1a: Biggie|spa|2\n|faint|p2b: Charizard\n|\n|-weather|SunnyDay|[upkeep]\n|upkeep\n|\n|t:|1776353572\n|switch|p2b: Rotom|Rotom-Wash, L50|100/100\n|turn|6\n|\n|t:|1776353586\n|move|p1a: Biggie|Extreme Speed|p2a: Venusaur\n|-damage|p2a: Venusaur|73/100\n|move|p2a: Venusaur|Sludge Bomb|p1b: Lanky legs\n|-resisted|p1b: Lanky legs|1\n|-damage|p1b: Lanky legs|44/100\n|move|p1b: Lanky legs|Close Combat|p2b: Rotom\n|-damage|p2b: Rotom|29/100\n|-unboost|p1b: Lanky legs|def|1\n|-unboost|p1b: Lanky legs|spd|1\n|-enditem|p1b: Lanky legs|White Herb\n|-clearnegativeboost|p1b: Lanky legs|[silent]\n|move|p2b: Rotom|Thunderbolt|p1a: Biggie\n|-damage|p1a: Biggie|0 fnt\n|faint|p1a: Biggie\n|\n|-weather|SunnyDay|[upkeep]\n|-heal|p2b: Rotom|35/100|[from] item: Leftovers\n|upkeep\n|\n|t:|1776353595\n|switch|p1a: Comeback Chuck|Basculegion, L50, M|100/100\n|turn|7\n|\n|t:|1776353615\n|move|p2a: Venusaur|Protect|p2a: Venusaur\n|-singleturn|p2a: Venusaur|Protect\n|move|p1b: Lanky legs|Dire Claw|p2b: Rotom\n|-damage|p2b: Rotom|0 fnt\n|faint|p2b: Rotom\n|move|p1a: Comeback Chuck|Last Respects|p2a: Venusaur\n|-activate|p2a: Venusaur|move: Protect\n|\n|-weather|none\n|upkeep\n|turn|8\n|\n|t:|1776353623\n|move|p1b: Lanky legs|Acrobatics|p2a: Venusaur\n|-supereffective|p2a: Venusaur|1\n|-damage|p2a: Venusaur|0 fnt\n|faint|p2a: Venusaur\n|\n|win|fuuuuuuuuuunnn\n|raw|fuuuuuuuuuunnn's rating: 1171 &rarr; <strong>1203</strong><br />(+32 for winning)\n|raw|Stringskipper's rating: 1264 &rarr; <strong>1232</strong><br />(-32 for losing)\n|l|\u2606Stringskipper\n|player|p2|\n",
  "uploadtime": 1776353632,
  "views": 36,
  "formatid": "gen9championsvgc2026regma",
  "rating": 1203,
  "private": 0,
  "password": null
}