{
  "id": "gen9championsvgc2026regma-2584920470",
  "format": "[Gen 9 Champions] VGC 2026 Reg M-A",
  "players": [
    "Marcio Lira",
    "Chocolatebeast9800"
  ],
  "log": "|j|\u2606Marcio Lira\n|j|\u2606Chocolatebeast9800\n|t:|1776294628\n|gametype|doubles\n|player|p1|Marcio Lira|bugcatcher-gen4dp|1208\n|player|p2|Chocolatebeast9800|2|1173\n|gen|9\n|tier|[Gen 9 Champions] VGC 2026 Reg M-A\n|rated|\n|rule|Species Clause: Limit one of each Pok\u00e9mon\n|rule|Item Clause: Limit 1 of each item\n|clearpoke\n|poke|p1|Floette-Eternal, L50, F|\n|poke|p1|Sinistcha, L50|\n|poke|p1|Volcarona, L50, F|\n|poke|p1|Talonflame, L50, F|\n|poke|p1|Garchomp, L50, M|\n|poke|p1|Tyranitar, L50, F|\n|poke|p2|Floette-Eternal, L50, F|\n|poke|p2|Talonflame, L50, F|\n|poke|p2|Delphox, L50, F|\n|poke|p2|Sneasler, L50, F|\n|poke|p2|Kingambit, L50, F|\n|poke|p2|Mamoswine, L50, F|\n|teampreview|4\n|j| brunozard\n|inactive|Battle timer is ON: inactive players will automatically lose when time's up. (requested by Marcio Lira)\n|\n|t:|1776294668\n|teamsize|p1|4\n|teamsize|p2|4\n|start\n|switch|p1a: Talonflame|Talonflame, L50, F|100/100\n|switch|p1b: Garchomp|Garchomp, L50, M|100/100\n|switch|p2a: Floette|Floette-Eternal, L50, F|100/100\n|switch|p2b: Sneasler|Sneasler, L50, F, shiny|100/100\n|turn|1\n|\n|t:|1776294682\n|detailschange|p2a: Floette|Floette-Mega, L50, F\n|-mega|p2a: Floette|Floette|Floettite\n|-ability|p2a: Floette|Fairy Aura\n|move|p1a: Talonflame|Upper Hand|p2b: Sneasler\n|-resisted|p2b: Sneasler|1\n|-damage|p2b: Sneasler|87/100\n|cant|p2b: Sneasler|flinch\n|move|p1b: Garchomp|Earthquake|p2a: Floette|[spread] p2a,p2b\n|-immune|p1a: Talonflame\n|-supereffective|p2b: Sneasler|1\n|-crit|p2b: Sneasler\n|-damage|p2a: Floette|58/100\n|-damage|p2b: Sneasler|0 fnt\n|faint|p2b: Sneasler\n|move|p2a: Floette|Calm Mind|p2a: Floette\n|-boost|p2a: Floette|spa|1\n|-boost|p2a: Floette|spd|1\n|\n|upkeep\n|\n|t:|1776294697\n|switch|p2b: Mamoswine|Mamoswine, L50, F|100/100\n|turn|2\n|\n|t:|1776294716\n|move|p2a: Floette|Protect|p2a: Floette\n|-singleturn|p2a: Floette|Protect\n|move|p1a: Talonflame|Tailwind|p1a: Talonflame\n|-sidestart|p1: Marcio Lira|move: Tailwind\n|move|p2b: Mamoswine|Ice Shard|p1b: Garchomp\n|-supereffective|p1b: Garchomp|2\n|-damage|p1b: Garchomp|13/100\n|move|p1b: Garchomp|Earthquake|p2b: Mamoswine|[spread] p2b\n|-activate|p2a: Floette|move: Protect\n|-immune|p1a: Talonflame\n|-damage|p2b: Mamoswine|61/100\n|\n|upkeep\n|turn|3\n|\n|t:|1776294732\n|move|p1b: Garchomp|Protect|p1b: Garchomp\n|-singleturn|p1b: Garchomp|Protect\n|move|p1a: Talonflame|Dual Wingbeat|p2a: Floette\n|-damage|p2a: Floette|39/100\n|-damage|p2a: Floette|22/100\n|-hitcount|p2a: Floette|2\n|move|p2b: Mamoswine|Ice Shard|p1b: Garchomp\n|-activate|p1b: Garchomp|move: Protect\n|move|p2a: Floette|Moonblast|p1a: Talonflame\n|-resisted|p1a: Talonflame|1\n|-damage|p1a: Talonflame|12/100\n|-unboost|p1a: Talonflame|spa|1\n|\n|upkeep\n|turn|4\n|\n|t:|1776294753\n|move|p2a: Floette|Protect|p2a: Floette\n|-singleturn|p2a: Floette|Protect\n|move|p1a: Talonflame|Upper Hand|p2b: Mamoswine\n|-supereffective|p2b: Mamoswine|1\n|-damage|p2b: Mamoswine|26/100\n|-enditem|p2b: Mamoswine|Sitrus Berry|[eat]\n|-heal|p2b: Mamoswine|51/100|[from] item: Sitrus Berry\n|cant|p2b: Mamoswine|flinch\n|move|p1b: Garchomp|Earthquake|p2a: Floette|[spread] p2b\n|-activate|p2a: Floette|move: Protect\n|-immune|p1a: Talonflame\n|-crit|p2b: Mamoswine\n|-damage|p2b: Mamoswine|0 fnt\n|faint|p2b: Mamoswine\n|\n|upkeep\n|\n|t:|1776294767\n|switch|p2b: Kingambit|Kingambit, L50, F|100/100\n|turn|5\n|\n|t:|1776294775\n|move|p1a: Talonflame|Upper Hand|p2b: Kingambit\n|-supereffective|p2b: Kingambit|2\n|-damage|p2b: Kingambit|50/100\n|cant|p2b: Kingambit|flinch\n|move|p1b: Garchomp|Earthquake|p2b: Kingambit|[spread] p2a,p2b\n|-immune|p1a: Talonflame\n|-crit|p2a: Floette\n|-supereffective|p2b: Kingambit|1\n|-damage|p2a: Floette|0 fnt\n|-damage|p2b: Kingambit|0 fnt\n|faint|p2a: Floette\n|faint|p2b: Kingambit\n|\n|win|Marcio Lira\n|raw|Marcio Lira's rating: 1208 &rarr; <strong>1230</strong><br />(+22 for winning)\n|raw|Chocolatebeast9800's rating: 1173 &rarr; <strong>1151</strong><br />(-22 for losing)\n|c|\u2606Marcio Lira|bro\n|l|\u2606Chocolatebeast9800\n|player|p2|\n|l| brunozard\n|c|\u2606Marcio Lira|for real?\n",
  "uploadtime": 1776294799,
  "views": 21,
  "formatid": "gen9championsvgc2026regma",
  "rating": 1151,
  "private": 0,
  "password": null
}