{
  "id": "gen9championsvgc2026regma-2582077138",
  "format": "[Gen 9 Champions] VGC 2026 Reg M-A",
  "players": [
    "NIC BUZZ",
    "Asteck"
  ],
  "log": "|j|\u2606NIC BUZZ\n|j|\u2606Asteck\n|t:|1776055007\n|gametype|doubles\n|player|p1|NIC BUZZ|1|1087\n|player|p2|Asteck|169|1109\n|gen|9\n|tier|[Gen 9 Champions] VGC 2026 Reg M-A\n|rated|\n|rule|Species Clause: Limit one of each Pok\u00e9mon\n|rule|Item Clause: Limit 1 of each item\n|clearpoke\n|poke|p1|Tyranitar, L50, M|\n|poke|p1|Milotic, L50, M|\n|poke|p1|Gardevoir, L50, M|\n|poke|p1|Sneasler, L50, M|\n|poke|p1|Whimsicott, L50, F|\n|poke|p1|Gyarados, L50, F|\n|poke|p2|Crabominable, L50, F|\n|poke|p2|Slowking-Galar, L50, M|\n|poke|p2|Incineroar, L50, M|\n|poke|p2|Sinistcha, L50|\n|poke|p2|Primarina, L50, F|\n|poke|p2|Kingambit, L50, M|\n|teampreview|4\n|\n|t:|1776055048\n|teamsize|p1|4\n|teamsize|p2|4\n|start\n|switch|p1a: Gardevoir|Gardevoir, L50, M|100/100\n|switch|p1b: Gyarados|Gyarados, L50, F, shiny|100/100\n|switch|p2a: Slowking|Slowking-Galar, L50, M|100/100\n|switch|p2b: Incineroar|Incineroar, L50, M|100/100\n|-ability|p1a: Gardevoir|Regenerator|Trace|[from] ability: Trace|[of] p2a: Slowking\n|-ability|p1b: Gyarados|Intimidate|boost\n|-unboost|p2a: Slowking|atk|1\n|-unboost|p2b: Incineroar|atk|1\n|-ability|p2b: Incineroar|Intimidate|boost\n|-unboost|p1a: Gardevoir|atk|1\n|-unboost|p1b: Gyarados|atk|1\n|turn|1\n|\n|t:|1776055065\n|switch|p1a: Milotic|Milotic, L50, M|100/100\n|move|p2b: Incineroar|Fake Out|p1b: Gyarados\n|-damage|p1b: Gyarados|92/100\n|cant|p1b: Gyarados|flinch\n|move|p2a: Slowking|Trick Room|p2a: Slowking\n|-fieldstart|move: Trick Room|[of] p2a: Slowking\n|\n|upkeep\n|turn|2\n|\n|t:|1776055087\n|switch|p2b: Crabominable|Crabominable, L50, F|100/100\n|-prepare|p2a: Slowking|Chilly Reception|[premajor]\n|move|p2a: Slowking|Chilly Reception|p2a: Slowking\n|-weather|Snowscape\n|\n|t:|1776055090\n|switch|p2a: Incineroar|Incineroar, L50, M|100/100|[from] Chilly Reception\n|-ability|p2a: Incineroar|Intimidate|boost\n|-unboost|p1a: Milotic|atk|1\n|-ability|p1a: Milotic|Competitive|boost\n|-boost|p1a: Milotic|spa|2\n|-unboost|p1b: Gyarados|atk|1\n|move|p1a: Milotic|Scald|p2b: Crabominable\n|-damage|p2b: Crabominable|29/100\n|move|p1b: Gyarados|Thunder Wave|p2b: Crabominable\n|-status|p2b: Crabominable|par\n|\n|-weather|Snowscape|[upkeep]\n|upkeep\n|turn|3\n|\n|t:|1776055121\n|move|p2a: Incineroar|Fake Out|p1a: Milotic\n|-crit|p1a: Milotic\n|-damage|p1a: Milotic|83/100\n|move|p2b: Crabominable|Drain Punch|p1a: Milotic\n|-crit|p1a: Milotic\n|-damage|p1a: Milotic|15/100\n|-heal|p2b: Crabominable|62/100 par|[from] drain|[of] p1a: Milotic\n|-enditem|p1a: Milotic|Sitrus Berry|[eat]\n|-heal|p1a: Milotic|40/100|[from] item: Sitrus Berry\n|cant|p1a: Milotic|flinch\n|move|p1b: Gyarados|Waterfall|p2b: Crabominable\n|-damage|p2b: Crabominable|44/100 par\n|\n|-weather|Snowscape|[upkeep]\n|upkeep\n|turn|4\n|\n|t:|1776055137\n|switch|p1b: Gardevoir|Gardevoir, L50, M|100/100\n|-ability|p1b: Gardevoir|Intimidate|Trace|[from] ability: Trace|[of] p2a: Incineroar\n|-ability|p1b: Gardevoir|Intimidate|boost\n|-unboost|p2a: Incineroar|atk|1\n|-fail|p2b: Crabominable|unboost|Attack|[from] ability: Hyper Cutter|[of] p2b: Crabominable\n|move|p2b: Crabominable|Drain Punch|p1a: Milotic\n|-damage|p1a: Milotic|0 fnt\n|-heal|p2b: Crabominable|63/100 par|[from] drain|[of] p1a: Milotic\n|faint|p1a: Milotic\n|move|p2a: Incineroar|Throat Chop|p1b: Gardevoir\n|-damage|p1b: Gardevoir|63/100\n|-start|p1b: Gardevoir|Throat Chop|[silent]\n|\n|-weather|Snowscape|[upkeep]\n|upkeep\n|\n|t:|1776055147\n|switch|p1a: Gyarados|Gyarados, L50, F, shiny|92/100\n|-ability|p1a: Gyarados|Intimidate|boost\n|-unboost|p2a: Incineroar|atk|1\n|-fail|p2b: Crabominable|unboost|Attack|[from] ability: Hyper Cutter|[of] p2b: Crabominable\n|turn|5\n|\n|t:|1776055179\n|switch|p1b: Sneasler|Sneasler, L50, M, shiny|100/100\n|move|p2b: Crabominable|Protect|p2b: Crabominable\n|-singleturn|p2b: Crabominable|Protect\n|move|p2a: Incineroar|Parting Shot|p1b: Sneasler\n|-unboost|p1b: Sneasler|atk|1\n|-unboost|p1b: Sneasler|spa|1\n|\n|t:|1776055183\n|switch|p2a: Slowking|Slowking-Galar, L50, M|100/100|[from] Parting Shot\n|move|p1a: Gyarados|Dragon Dance|p1a: Gyarados\n|-boost|p1a: Gyarados|atk|1\n|-boost|p1a: Gyarados|spe|1\n|\n|-weather|Snowscape|[upkeep]\n|-fieldend|move: Trick Room\n|upkeep\n|turn|6\n|\n|t:|1776055196\n|switch|p2b: Incineroar|Incineroar, L50, M|100/100\n|-ability|p2b: Incineroar|Intimidate|boost\n|-unboost|p1a: Gyarados|atk|1\n|-unboost|p1b: Sneasler|atk|1\n|move|p1b: Sneasler|Fake Out|p2a: Slowking\n|-damage|p2a: Slowking|93/100\n|move|p1a: Gyarados|Waterfall|p2b: Incineroar\n|-supereffective|p2b: Incineroar|1\n|-damage|p2b: Incineroar|23/100\n|-enditem|p2b: Incineroar|Sitrus Berry|[eat]\n|-heal|p2b: Incineroar|48/100|[from] item: Sitrus Berry\n|cant|p2a: Slowking|flinch\n|\n|-weather|none\n|upkeep\n|turn|7\n|\n|t:|1776055207\n|switch|p1b: Gardevoir|Gardevoir, L50, M|63/100\n|-ability|p1b: Gardevoir|Intimidate|Trace|[from] ability: Trace|[of] p2b: Incineroar\n|-ability|p1b: Gardevoir|Intimidate|boost\n|-unboost|p2a: Slowking|atk|1\n|-unboost|p2b: Incineroar|atk|1\n|move|p2b: Incineroar|Fake Out|p1a: Gyarados\n|-damage|p1a: Gyarados|83/100\n|cant|p1a: Gyarados|flinch\n|move|p2a: Slowking|Trick Room|p2a: Slowking\n|-fieldstart|move: Trick Room|[of] p2a: Slowking\n|\n|upkeep\n|turn|8\n|\n|t:|1776055227\n|switch|p2b: Primarina|Primarina, L50, F|100/100\n|detailschange|p1b: Gardevoir|Gardevoir-Mega, L50, M\n|-mega|p1b: Gardevoir|Gardevoir|Gardevoirite\n|-prepare|p2a: Slowking|Chilly Reception|[premajor]\n|move|p2a: Slowking|Chilly Reception|p2a: Slowking\n|-weather|Snowscape\n|\n|t:|1776055234\n|switch|p2a: Incineroar|Incineroar, L50, M|48/100|[from] Chilly Reception\n|-ability|p2a: Incineroar|Intimidate|boost\n|-unboost|p1a: Gyarados|atk|1\n|-unboost|p1b: Gardevoir|atk|1\n|move|p1b: Gardevoir|Moonblast|p2a: Incineroar\n|-damage|p2a: Incineroar|0 fnt\n|faint|p2a: Incineroar\n|move|p1a: Gyarados|Waterfall|p2b: Primarina\n|-resisted|p2b: Primarina|1\n|-damage|p2b: Primarina|81/100\n|\n|-weather|Snowscape|[upkeep]\n|upkeep\n|\n|t:|1776055247\n|switch|p2a: Crabominable|Crabominable, L50, F|63/100 par\n|turn|9\n|\n|t:|1776055279\n|switch|p1b: Sneasler|Sneasler, L50, M, shiny|100/100\n|move|p2a: Crabominable|Ice Punch|p1a: Gyarados\n|-damage|p1a: Gyarados|28/100\n|move|p2b: Primarina|Hyper Voice|p1b: Sneasler|[spread] p1a,p1b\n|-resisted|p1a: Gyarados|1\n|-damage|p1a: Gyarados|8/100\n|-damage|p1b: Sneasler|42/100\n|move|p1a: Gyarados|Thunder Wave|p2b: Primarina|[miss]\n|-miss|p1a: Gyarados|p2b: Primarina\n|\n|-weather|Snowscape|[upkeep]\n|upkeep\n|turn|10\n|\n|t:|1776055297\n|move|p1b: Sneasler|Fake Out|p2b: Primarina\n|-damage|p2b: Primarina|65/100\n|move|p2a: Crabominable|Ice Punch|p1b: Sneasler\n|-damage|p1b: Sneasler|0 fnt\n|faint|p1b: Sneasler\n|cant|p2b: Primarina|flinch\n|move|p1a: Gyarados|Waterfall|p2b: Primarina\n|-resisted|p2b: Primarina|1\n|-damage|p2b: Primarina|46/100\n|\n|-weather|Snowscape|[upkeep]\n|upkeep\n|\n|t:|1776055299\n|switch|p1b: Gardevoir|Gardevoir-Mega, L50, M|63/100\n|turn|11\n|\n|t:|1776055326\n|switch|p2a: Slowking|Slowking-Galar, L50, M|100/100\n|move|p2b: Primarina|Hyper Voice|p1a: Gyarados|[spread] p1a,p1b\n|-resisted|p1a: Gyarados|1\n|-damage|p1a: Gyarados|0 fnt\n|-damage|p1b: Gardevoir|22/100\n|faint|p1a: Gyarados\n|move|p1b: Gardevoir|Psychic|p2a: Slowking\n|-damage|p2a: Slowking|50/100\n|\n|-weather|Snowscape|[upkeep]\n|-fieldend|move: Trick Room\n|upkeep\n|turn|12\n|\n|t:|1776055335\n|move|p1b: Gardevoir|Psychic|p2b: Primarina\n|-crit|p2b: Primarina\n|-damage|p2b: Primarina|0 fnt\n|faint|p2b: Primarina\n|move|p2a: Slowking|Sludge Bomb|p1b: Gardevoir\n|-supereffective|p1b: Gardevoir|1\n|-damage|p1b: Gardevoir|0 fnt\n|faint|p1b: Gardevoir\n|\n|win|Asteck\n|raw|NIC BUZZ's rating: 1087 &rarr; <strong>1065</strong><br />(-22 for losing)\n|raw|Asteck's rating: 1109 &rarr; <strong>1132</strong><br />(+23 for winning)\n|l|\u2606NIC BUZZ\n|player|p1|\n",
  "uploadtime": 1776055346,
  "views": 10,
  "formatid": "gen9championsvgc2026regma",
  "rating": 1065,
  "private": 0,
  "password": null
}