{
  "id": "gen9championsvgc2026regma-2587795061",
  "format": "[Gen 9 Champions] VGC 2026 Reg M-A",
  "players": [
    "fathomforce",
    "GhotiFishGhoti"
  ],
  "log": "|j|\u2606fathomforce\n|j|\u2606GhotiFishGhoti\n|t:|1776564758\n|gametype|doubles\n|player|p1|fathomforce|plasmagrunt|1099\n|player|p2|GhotiFishGhoti|169|1054\n|gen|9\n|tier|[Gen 9 Champions] VGC 2026 Reg M-A\n|rated|\n|rule|Species Clause: Limit one of each Pok\u00e9mon\n|rule|Item Clause: Limit 1 of each item\n|clearpoke\n|poke|p1|Tyranitar, L50, M|\n|poke|p1|Garchomp, L50, F|\n|poke|p1|Corviknight, L50, M|\n|poke|p1|Sneasler, L50, F|\n|poke|p1|Rotom-Wash, L50|\n|poke|p1|Sinistcha, L50|\n|poke|p2|Tyranitar, L50, F|\n|poke|p2|Incineroar, L50, F|\n|poke|p2|Farigiraf, L50, M|\n|poke|p2|Sinistcha-Masterpiece, L50|\n|poke|p2|Lopunny, L50, F, shiny|\n|poke|p2|Slowbro, L50, F|\n|teampreview|4\n|\n|t:|1776564786\n|teamsize|p1|4\n|teamsize|p2|4\n|start\n|switch|p1a: Corviknight|Corviknight, L50, M|100/100\n|switch|p1b: Sneasler|Sneasler, L50, F|100/100\n|switch|p2a: Slowbro|Slowbro, L50, F|100/100\n|switch|p2b: Farigiraf|Farigiraf, L50, M|100/100\n|turn|1\n|\n|t:|1776564808\n|detailschange|p2a: Slowbro|Slowbro-Mega, L50, F\n|-mega|p2a: Slowbro|Slowbro|Slowbronite\n|move|p1b: Sneasler|Throat Chop|p2b: Farigiraf\n|-supereffective|p2b: Farigiraf|1\n|-damage|p2b: Farigiraf|47/100\n|-start|p2b: Farigiraf|Throat Chop|[silent]\n|-enditem|p2b: Farigiraf|Sitrus Berry|[eat]\n|-heal|p2b: Farigiraf|72/100|[from] item: Sitrus Berry\n|move|p1a: Corviknight|Brave Bird|p2b: Farigiraf\n|-damage|p2b: Farigiraf|24/100\n|-damage|p1a: Corviknight|83/100|[from] Recoil\n|move|p2a: Slowbro|Psychic|p1b: Sneasler\n|-supereffective|p1b: Sneasler|2\n|-damage|p1b: Sneasler|0 fnt\n|faint|p1b: Sneasler\n|move|p2b: Farigiraf|Trick Room|p2b: Farigiraf\n|-fieldstart|move: Trick Room|[of] p2b: Farigiraf\n|\n|upkeep\n|\n|t:|1776564826\n|switch|p1b: Rotom|Rotom-Wash, L50|100/100\n|turn|2\n|\n|t:|1776564844\n|move|p2a: Slowbro|Psychic|p1b: Rotom\n|-damage|p1b: Rotom|53/100\n|move|p2b: Farigiraf|Dazzling Gleam|p1a: Corviknight|[spread] p1a,p1b\n|-resisted|p1a: Corviknight|1\n|-damage|p1a: Corviknight|73/100\n|-damage|p1b: Rotom|32/100\n|move|p1a: Corviknight|Roost|p1a: Corviknight\n|-heal|p1a: Corviknight|100/100\n|-singleturn|p1a: Corviknight|move: Roost\n|move|p1b: Rotom|Volt Switch|p2a: Slowbro\n|-supereffective|p2a: Slowbro|1\n|-damage|p2a: Slowbro|40/100\n|\n|t:|1776564856\n|switch|p1b: Garchomp|Garchomp, L50, F|100/100|[from] Volt Switch\n|\n|-end|p2b: Farigiraf|Throat Chop|[silent]\n|upkeep\n|turn|3\n|\n|t:|1776564872\n|switch|p2a: Sinistcha|Sinistcha-Masterpiece, L50|100/100\n|-heal|p2b: Farigiraf|48/100|[from] ability: Hospitality|[of] p2a: Sinistcha\n|switch|p1b: Rotom|Rotom-Wash, L50|32/100\n|move|p2b: Farigiraf|Dazzling Gleam|p1a: Corviknight|[spread] p1a,p1b\n|-resisted|p1a: Corviknight|1\n|-damage|p1a: Corviknight|89/100\n|-damage|p1b: Rotom|11/100\n|move|p1a: Corviknight|Brave Bird|p2a: Sinistcha\n|-supereffective|p2a: Sinistcha|1\n|-damage|p2a: Sinistcha|27/100\n|-damage|p1a: Corviknight|69/100|[from] Recoil\n|\n|-heal|p2a: Sinistcha|33/100|[from] item: Leftovers\n|-heal|p1b: Rotom|17/100|[from] item: Leftovers\n|upkeep\n|turn|4\n|\n|t:|1776564928\n|move|p1b: Rotom|Protect|p1b: Rotom\n|-singleturn|p1b: Rotom|Protect\n|move|p2b: Farigiraf|Dazzling Gleam|p1b: Rotom|[spread] p1a\n|-activate|p1b: Rotom|move: Protect\n|-resisted|p1a: Corviknight|1\n|-damage|p1a: Corviknight|58/100\n|move|p2a: Sinistcha|Matcha Gotcha|p1a: Corviknight|[spread] p1a\n|-activate|p1b: Rotom|move: Protect\n|-resisted|p1a: Corviknight|2\n|-crit|p1a: Corviknight\n|-damage|p1a: Corviknight|49/100\n|-heal|p2a: Sinistcha|40/100|[from] drain|[of] p1a: Corviknight\n|move|p1a: Corviknight|Roost|p1a: Corviknight\n|-heal|p1a: Corviknight|99/100\n|-singleturn|p1a: Corviknight|move: Roost\n|\n|-heal|p2a: Sinistcha|46/100|[from] item: Leftovers\n|-heal|p1b: Rotom|23/100|[from] item: Leftovers\n|upkeep\n|turn|5\n|\n|t:|1776564956\n|switch|p2b: Lopunny|Lopunny, L50, F, shiny|100/100\n|move|p2a: Sinistcha|Protect|p2a: Sinistcha\n|-singleturn|p2a: Sinistcha|Protect\n|move|p1b: Rotom|Protect||[still]\n|-fail|p1b: Rotom\n|move|p1a: Corviknight|Brave Bird|p2a: Sinistcha\n|-activate|p2a: Sinistcha|move: Protect\n|\n|-heal|p2a: Sinistcha|52/100|[from] item: Leftovers\n|-heal|p1b: Rotom|29/100|[from] item: Leftovers\n|-fieldend|move: Trick Room\n|upkeep\n|turn|6\n|\n|t:|1776564982\n|move|p2b: Lopunny|Fake Out|p1a: Corviknight\n|-resisted|p1a: Corviknight|1\n|-damage|p1a: Corviknight|92/100\n|move|p1b: Rotom|Hydro Pump|p2b: Lopunny\n|-damage|p2b: Lopunny|39/100\n|cant|p1a: Corviknight|flinch\n|move|p2a: Sinistcha|Matcha Gotcha|p1a: Corviknight|[spread] p1a,p1b\n|-resisted|p1a: Corviknight|2\n|-supereffective|p1b: Rotom|1\n|-damage|p1a: Corviknight|86/100\n|-heal|p2a: Sinistcha|55/100|[from] drain|[of] p1a: Corviknight\n|-damage|p1b: Rotom|0 fnt\n|-heal|p2a: Sinistcha|69/100|[from] drain|[of] p1b: Rotom\n|faint|p1b: Rotom\n|\n|-heal|p2a: Sinistcha|75/100|[from] item: Leftovers\n|upkeep\n|\n|t:|1776565001\n|switch|p1b: Garchomp|Garchomp, L50, F|100/100\n|turn|7\n|\n|t:|1776565016\n|switch|p2a: Farigiraf|Farigiraf, L50, M|48/100\n|move|p2b: Lopunny|Protect|p2b: Lopunny\n|-singleturn|p2b: Lopunny|Protect\n|move|p1b: Garchomp|Earthquake|p2b: Lopunny|[spread] p2a\n|-activate|p2b: Lopunny|move: Protect\n|-immune|p1a: Corviknight\n|-damage|p2a: Farigiraf|11/100\n|move|p1a: Corviknight|Brave Bird|p2a: Farigiraf\n|-damage|p2a: Farigiraf|0 fnt\n|faint|p2a: Farigiraf\n|-damage|p1a: Corviknight|82/100|[from] Recoil\n|\n|upkeep\n|\n|t:|1776565030\n|switch|p2a: Slowbro|Slowbro-Mega, L50, F|40/100\n|turn|8\n|\n|t:|1776565048\n|switch|p2b: Sinistcha|Sinistcha-Masterpiece, L50|75/100\n|-heal|p2a: Slowbro|65/100|[from] ability: Hospitality|[of] p2b: Sinistcha\n|move|p1b: Garchomp|Earthquake|p2a: Slowbro|[spread] p2a,p2b\n|-immune|p1a: Corviknight\n|-resisted|p2b: Sinistcha|1\n|-damage|p2a: Slowbro|44/100\n|-damage|p2b: Sinistcha|61/100\n|move|p1a: Corviknight|Brave Bird|p2a: Slowbro\n|-damage|p2a: Slowbro|15/100\n|-damage|p1a: Corviknight|73/100|[from] Recoil\n|move|p2a: Slowbro|Scald|p1b: Garchomp\n|-damage|p1b: Garchomp|61/100\n|\n|-heal|p2b: Sinistcha|67/100|[from] item: Leftovers\n|upkeep\n|turn|9\n|\n|t:|1776565070\n|move|p2a: Slowbro|Protect|p2a: Slowbro\n|-singleturn|p2a: Slowbro|Protect\n|move|p1b: Garchomp|Earthquake|p2a: Slowbro|[spread] p2b\n|-activate|p2a: Slowbro|move: Protect\n|-immune|p1a: Corviknight\n|-resisted|p2b: Sinistcha|1\n|-damage|p2b: Sinistcha|52/100\n|move|p1a: Corviknight|Brave Bird|p2b: Sinistcha\n|-supereffective|p2b: Sinistcha|1\n|-damage|p2b: Sinistcha|0 fnt\n|faint|p2b: Sinistcha\n|-damage|p1a: Corviknight|58/100|[from] Recoil\n|\n|upkeep\n|-message|GhotiFishGhoti forfeited.\n|\n|win|fathomforce\n|raw|fathomforce's rating: 1099 &rarr; <strong>1121</strong><br />(+22 for winning)\n|raw|GhotiFishGhoti's rating: 1054 &rarr; <strong>1038</strong><br />(-16 for losing)\n|l|\u2606GhotiFishGhoti\n|player|p2|\n",
  "uploadtime": 1776565257,
  "views": 16,
  "formatid": "gen9championsvgc2026regma",
  "rating": 1038,
  "private": 0,
  "password": null
}