{
  "id": "gen9championsvgc2026regma-2585016100",
  "format": "[Gen 9 Champions] VGC 2026 Reg M-A",
  "players": [
    "oneiros_vgc",
    "toxicwyvern"
  ],
  "log": "|j|\u2606oneiros_vgc\n|j|\u2606toxicwyvern\n|t:|1776303597\n|gametype|doubles\n|player|p1|oneiros_vgc|265|1159\n|player|p2|toxicwyvern|170|1119\n|gen|9\n|tier|[Gen 9 Champions] VGC 2026 Reg M-A\n|rated|\n|rule|Species Clause: Limit one of each Pok\u00e9mon\n|rule|Item Clause: Limit 1 of each item\n|clearpoke\n|poke|p1|Pidgeot, L50, M|\n|poke|p1|Weavile, L50, M|\n|poke|p1|Garchomp, L50, F|\n|poke|p1|Rotom-Wash, L50|\n|poke|p1|Conkeldurr, L50, M|\n|poke|p1|Scizor, L50, F|\n|poke|p2|Whimsicott, L50, F|\n|poke|p2|Typhlosion, L50, F|\n|poke|p2|Incineroar, L50, F|\n|poke|p2|Charizard, L50, F|\n|poke|p2|Milotic, L50, F|\n|poke|p2|Sinistcha, L50|\n|teampreview|4\ntoxicwyvern rejected open team sheets.\n|\n|t:|1776303674\n|teamsize|p1|4\n|teamsize|p2|4\n|start\n|switch|p1a: Keanu Reeves|Weavile, L50, M|100/100\n|switch|p1b: birb jebus|Pidgeot, L50, M, shiny|100/100\n|switch|p2a: Whimsicott|Whimsicott, L50, F|100/100\n|switch|p2b: Charizard|Charizard, L50, F|100/100\n|turn|1\n|inactive|Battle timer is ON: inactive players will automatically lose when time's up. (requested by toxicwyvern)\n|inactive|oneiros_vgc has 60 seconds left.\n|\n|t:|1776303718\n|detailschange|p1b: birb jebus|Pidgeot-Mega, L50, M, shiny\n|-mega|p1b: birb jebus|Pidgeot|Pidgeotite\n|detailschange|p2b: Charizard|Charizard-Mega-Y, L50, F\n|-mega|p2b: Charizard|Charizard|Charizardite Y\n|-weather|SunnyDay|[from] ability: Drought|[of] p2b: Charizard\n|move|p1a: Keanu Reeves|Fake Out|p2a: Whimsicott\n|-damage|p2a: Whimsicott|82/100\n|cant|p2a: Whimsicott|flinch\n|move|p1b: birb jebus|Hurricane|p2b: Charizard\n|-damage|p2b: Charizard|34/100\n|move|p2b: Charizard|Heat Wave|p1a: Keanu Reeves|[spread] p1a,p1b\n|-supereffective|p1a: Keanu Reeves|1\n|-enditem|p1a: Keanu Reeves|Focus Sash\n|-damage|p1a: Keanu Reeves|1/100\n|-damage|p1b: birb jebus|18/100\n|-status|p1a: Keanu Reeves|brn\n|-status|p1b: birb jebus|brn\n|\n|-weather|SunnyDay|[upkeep]\n|-damage|p1a: Keanu Reeves|0 fnt|[from] brn\n|faint|p1a: Keanu Reeves\n|-damage|p1b: birb jebus|13/100 brn|[from] brn\n|upkeep\n|inactive|oneiros_vgc has 30 seconds left.\n|\n|t:|1776303751\n|switch|p1a: no papers|Conkeldurr, L50, M|100/100\n|turn|2\n|inactive|oneiros_vgc has 30 seconds left.\n|inactive|oneiros_vgc has 20 seconds left.\n|inactive|oneiros_vgc has 15 seconds left.\n|\n|t:|1776303793\n|move|p1a: no papers|Wide Guard|p1a: no papers\n|-singleturn|p1a: no papers|Wide Guard\n|move|p2a: Whimsicott|Tailwind|p2a: Whimsicott\n|-sidestart|p2: toxicwyvern|move: Tailwind\n|move|p2b: Charizard|Heat Wave|p1a: no papers|[spread] \n|-activate|p1a: no papers|move: Wide Guard\n|-activate|p1b: birb jebus|move: Wide Guard\n|move|p1b: birb jebus|Heat Wave|p2b: Charizard|[spread] p2a,p2b\n|-supereffective|p2a: Whimsicott|1\n|-resisted|p2b: Charizard|1\n|-damage|p2a: Whimsicott|0 fnt\n|-damage|p2b: Charizard|13/100\n|faint|p2a: Whimsicott\n|\n|-weather|SunnyDay|[upkeep]\n|-damage|p1b: birb jebus|7/100 brn|[from] brn\n|upkeep\n|\n|t:|1776303816\n|switch|p2a: Sinistcha|Sinistcha, L50|100/100\n|-heal|p2b: Charizard|37/100|[from] ability: Hospitality|[of] p2a: Sinistcha\n|turn|3\n|inactive|oneiros_vgc has 30 seconds left.\n|inactive|oneiros_vgc has 20 seconds left.\n|inactive|oneiros_vgc has 15 seconds left.\n|inactive|oneiros_vgc has 10 seconds left.\n|\n|t:|1776303864\n|move|p1a: no papers|Mach Punch|p2b: Charizard\n|-resisted|p2b: Charizard|1\n|-damage|p2b: Charizard|17/100\n|move|p2b: Charizard|Weather Ball|p1b: birb jebus\n|-damage|p1b: birb jebus|0 fnt\n|faint|p1b: birb jebus\n|move|p2a: Sinistcha|Shadow Ball|p1a: no papers\n|-damage|p1a: no papers|58/100\n|\n|-weather|SunnyDay|[upkeep]\n|upkeep\n|\n|t:|1776303873\n|switch|p1b: Sharknado 3|Garchomp, L50, F|100/100\n|turn|4\n|\n|t:|1776303896\n|move|p2a: Sinistcha|Rage Powder|p2a: Sinistcha\n|-singleturn|p2a: Sinistcha|move: Rage Powder\n|move|p2b: Charizard|Heat Wave|p1b: Sharknado 3|[spread] p1a,p1b\n|-resisted|p1b: Sharknado 3|1\n|-damage|p1a: no papers|0 fnt\n|-damage|p1b: Sharknado 3|62/100\n|faint|p1a: no papers\n|move|p1b: Sharknado 3|Rock Slide|p2a: Sinistcha|[spread] p2a,p2b\n|-supereffective|p2b: Charizard|2\n|-damage|p2a: Sinistcha|82/100\n|-damage|p2b: Charizard|0 fnt\n|faint|p2b: Charizard\n|\n|-weather|SunnyDay|[upkeep]\n|upkeep\n|\n|t:|1776303903\n|switch|p2b: Typhlosion|Typhlosion, L50, F|100/100\n|turn|5\n|\n|t:|1776303917\n|move|p2b: Typhlosion|Eruption|p1b: Sharknado 3\n|-resisted|p1b: Sharknado 3|1\n|-damage|p1b: Sharknado 3|0 fnt\n|faint|p1b: Sharknado 3\n|\n|win|toxicwyvern\n|raw|oneiros_vgc's rating: 1159 &rarr; <strong>1131</strong><br />(-28 for losing)\n|raw|toxicwyvern's rating: 1119 &rarr; <strong>1147</strong><br />(+28 for winning)\n|c|\u2606toxicwyvern|gg wp\n",
  "uploadtime": 1776303940,
  "views": 22,
  "formatid": "gen9championsvgc2026regma",
  "rating": 1131,
  "private": 0,
  "password": null
}