{
  "id": "gen9championsvgc2026regma-2589406868",
  "format": "[Gen 9 Champions] VGC 2026 Reg M-A",
  "players": [
    "Dudthestud",
    "YetoXx"
  ],
  "log": "|j|\u2606Dudthestud\n|j|\u2606YetoXx\n|t:|1776720387\n|gametype|doubles\n|player|p1|Dudthestud|266|1200\n|player|p2|YetoXx|ghetsis-gen5bw|1218\n|gen|9\n|tier|[Gen 9 Champions] VGC 2026 Reg M-A\n|rated|\n|rule|Species Clause: Limit one of each Pok\u00e9mon\n|rule|Item Clause: Limit 1 of each item\n|clearpoke\n|poke|p1|Milotic, L50, F|\n|poke|p1|Aegislash, L50, M|\n|poke|p1|Sneasler, L50, F|\n|poke|p1|Aerodactyl, L50, F|\n|poke|p1|Sylveon, L50, F|\n|poke|p1|Scovillain, L50, F|\n|poke|p2|Garchomp, L50, M, shiny|\n|poke|p2|Tyranitar, L50, F|\n|poke|p2|Excadrill, L50, F, shiny|\n|poke|p2|Sinistcha, L50|\n|poke|p2|Incineroar, L50, M, shiny|\n|poke|p2|Gardevoir, L50, M, shiny|\n|teampreview|4\n|\n|t:|1776720434\n|teamsize|p1|4\n|teamsize|p2|4\n|start\n|switch|p1a: Milotic|Milotic, L50, F|100/100\n|switch|p1b: Scovillain|Scovillain, L50, F|100/100\n|switch|p2a: Tyranitar|Tyranitar, L50, F|100/100\n|switch|p2b: Excadrill|Excadrill, L50, F, shiny|100/100\n|-weather|Sandstorm|[from] ability: Sand Stream|[of] p2a: Tyranitar\n|turn|1\n|inactive|Battle timer is ON: inactive players will automatically lose when time's up. (requested by Dudthestud)\n|\n|t:|1776720461\n|detailschange|p2a: Tyranitar|Tyranitar-Mega, L50, F\n|-mega|p2a: Tyranitar|Tyranitar|Tyranitarite\n|move|p2b: Excadrill|Protect|p2b: Excadrill\n|-singleturn|p2b: Excadrill|Protect\n|move|p1b: Scovillain|Protect|p1b: Scovillain\n|-singleturn|p1b: Scovillain|Protect\n|move|p2a: Tyranitar|Protect|p2a: Tyranitar\n|-singleturn|p2a: Tyranitar|Protect\n|move|p1a: Milotic|Protect||[still]\n|-fail|p1a: Milotic\n|\n|-weather|Sandstorm|[upkeep]\n|-damage|p1b: Scovillain|95/100|[from] Sandstorm\n|-damage|p1a: Milotic|95/100|[from] Sandstorm\n|-heal|p1a: Milotic|100/100|[from] item: Leftovers\n|-ability|p1b: Scovillain|Moody|boost\n|-boost|p1b: Scovillain|def|2\n|-unboost|p1b: Scovillain|atk|1\n|upkeep\n|turn|2\n|\n|t:|1776720485\n|detailschange|p1b: Scovillain|Scovillain-Mega, L50, F\n|-mega|p1b: Scovillain|Scovillain|Scovillainite\n|move|p2b: Excadrill|Rock Slide|p1a: Milotic|[spread] p1a,p1b\n|-supereffective|p1b: Scovillain|1\n|-damage|p1a: Milotic|79/100\n|-damage|p1b: Scovillain|67/100\n|-status|p2b: Excadrill|brn|[from] ability: Spicy Spray|[of] p1b: Scovillain\n|cant|p1b: Scovillain|flinch\n|move|p2a: Tyranitar|Rock Slide|p1a: Milotic|[spread] p1b\n|-miss|p2a: Tyranitar|p1a: Milotic\n|-supereffective|p1b: Scovillain|1\n|-damage|p1b: Scovillain|25/100\n|-status|p2a: Tyranitar|brn|[from] ability: Spicy Spray|[of] p1b: Scovillain\n|move|p1a: Milotic|Icy Wind|p2a: Tyranitar|[spread] p2a,p2b\n|-damage|p2a: Tyranitar|95/100 brn\n|-damage|p2b: Excadrill|86/100 brn\n|-unboost|p2a: Tyranitar|spe|1\n|-unboost|p2b: Excadrill|spe|1\n|\n|-weather|Sandstorm|[upkeep]\n|-damage|p1b: Scovillain|19/100|[from] Sandstorm\n|-damage|p1a: Milotic|73/100|[from] Sandstorm\n|-heal|p1a: Milotic|79/100|[from] item: Leftovers\n|-damage|p2b: Excadrill|80/100 brn|[from] brn\n|-damage|p2a: Tyranitar|89/100 brn|[from] brn\n|upkeep\n|turn|3\n|inactive|YetoXx has 30 seconds left.\n|inactive|YetoXx has 20 seconds left.\n|inactive|YetoXx has 15 seconds left.\n|\n|t:|1776720528\n|switch|p2a: Sinistcha|Sinistcha, L50|100/100\n|-heal|p2b: Excadrill|100/100 brn|[from] ability: Hospitality|[of] p2a: Sinistcha\n|move|p1b: Scovillain|Protect|p1b: Scovillain\n|-singleturn|p1b: Scovillain|Protect\n|move|p2b: Excadrill|Earthquake|p1b: Scovillain|[spread] p2a,p1a\n|-activate|p1b: Scovillain|move: Protect\n|-resisted|p2a: Sinistcha|1\n|-damage|p2a: Sinistcha|93/100\n|-damage|p1a: Milotic|59/100\n|move|p1a: Milotic|Scald|p2b: Excadrill\n|-supereffective|p2b: Excadrill|1\n|-damage|p2b: Excadrill|3/100 brn\n|\n|-weather|Sandstorm|[upkeep]\n|-damage|p1b: Scovillain|13/100|[from] Sandstorm\n|-damage|p1a: Milotic|53/100|[from] Sandstorm\n|-damage|p2a: Sinistcha|87/100|[from] Sandstorm\n|-heal|p1a: Milotic|59/100|[from] item: Leftovers\n|-damage|p2b: Excadrill|0 fnt|[from] brn\n|faint|p2b: Excadrill\n|upkeep\n|l|\u2606Dudthestud\n|inactive|Dudthestud disconnected and has a minute to reconnect!\n|player|p1|\n|\n|t:|1776720546\n|switch|p2b: Incineroar|Incineroar, L50, M, shiny|100/100\n|-ability|p2b: Incineroar|Intimidate|boost\n|-unboost|p1a: Milotic|atk|1\n|-ability|p1a: Milotic|Competitive|boost\n|-boost|p1a: Milotic|spa|2\n|-unboost|p1b: Scovillain|atk|1\n|turn|4\n|j|\u2606Dudthestud\n|inactive|Dudthestud reconnected and has 50 seconds left.\n|player|p1|Dudthestud|266|\n|\n|t:|1776720576\n|switch|p1b: Sneasler|Sneasler, L50, F|100/100\n|move|p1a: Milotic|Protect|p1a: Milotic\n|-singleturn|p1a: Milotic|Protect\n|move|p2b: Incineroar|Fake Out|p1a: Milotic\n|-activate|p1a: Milotic|move: Protect\n|move|p2a: Sinistcha|Matcha Gotcha|p1b: Sneasler|[spread] p1b\n|-activate|p1a: Milotic|move: Protect\n|-resisted|p1b: Sneasler|1\n|-damage|p1b: Sneasler|85/100\n|-heal|p2a: Sinistcha|95/100|[from] drain|[of] p1b: Sneasler\n|\n|-weather|Sandstorm|[upkeep]\n|-damage|p1b: Sneasler|79/100|[from] Sandstorm\n|-damage|p1a: Milotic|53/100|[from] Sandstorm\n|-damage|p2a: Sinistcha|89/100|[from] Sandstorm\n|-damage|p2b: Incineroar|95/100|[from] Sandstorm\n|-heal|p1a: Milotic|59/100|[from] item: Leftovers\n|upkeep\n|turn|5\n|inactive|YetoXx has 30 seconds left.\n|inactive|YetoXx has 20 seconds left.\n|inactive|YetoXx has 15 seconds left.\n|\n|t:|1776720617\n|move|p1b: Sneasler|Dire Claw|p2a: Sinistcha\n|-damage|p2a: Sinistcha|59/100\n|move|p1a: Milotic|Scald|p2b: Incineroar\n|-supereffective|p2b: Incineroar|1\n|-damage|p2b: Incineroar|0 fnt\n|faint|p2b: Incineroar\n|move|p2a: Sinistcha|Strength Sap|p1b: Sneasler\n|-unboost|p1b: Sneasler|atk|1\n|-heal|p2a: Sinistcha|100/100\n|-enditem|p1b: Sneasler|White Herb\n|-clearnegativeboost|p1b: Sneasler|[silent]\n|\n|-weather|none\n|-heal|p1a: Milotic|65/100|[from] item: Leftovers\n|upkeep\n|\n|t:|1776720630\n|switch|p2b: Tyranitar|Tyranitar-Mega, L50, F|89/100 brn\n|-weather|Sandstorm|[from] ability: Sand Stream|[of] p2b: Tyranitar\n|turn|6\n|\n|t:|1776720651\n|move|p1b: Sneasler|Dire Claw|p2a: Sinistcha\n|-damage|p2a: Sinistcha|67/100\n|move|p2b: Tyranitar|Rock Slide|p1a: Milotic|[spread] p1a,p1b\n|-resisted|p1b: Sneasler|1\n|-damage|p1a: Milotic|49/100\n|-damage|p1b: Sneasler|65/100\n|move|p1a: Milotic|Scald|p2a: Sinistcha\n|-resisted|p2a: Sinistcha|1\n|-damage|p2a: Sinistcha|32/100\n|-enditem|p2a: Sinistcha|Sitrus Berry|[eat]\n|-heal|p2a: Sinistcha|57/100|[from] item: Sitrus Berry\n|move|p2a: Sinistcha|Trick Room|p2a: Sinistcha\n|-fieldstart|move: Trick Room|[of] p2a: Sinistcha\n|\n|-weather|Sandstorm|[upkeep]\n|-damage|p2a: Sinistcha|52/100|[from] Sandstorm\n|-damage|p1a: Milotic|43/100|[from] Sandstorm\n|-damage|p1b: Sneasler|59/100|[from] Sandstorm\n|-heal|p1a: Milotic|49/100|[from] item: Leftovers\n|-damage|p2b: Tyranitar|84/100 brn|[from] brn\n|upkeep\n|turn|7\n|\n|t:|1776720675\n|move|p1b: Sneasler|Protect|p1b: Sneasler\n|-singleturn|p1b: Sneasler|Protect\n|move|p2a: Sinistcha|Matcha Gotcha|p1a: Milotic|[spread] p1a\n|-activate|p1b: Sneasler|move: Protect\n|-supereffective|p1a: Milotic|1\n|-damage|p1a: Milotic|13/100\n|-heal|p2a: Sinistcha|73/100|[from] drain|[of] p1a: Milotic\n|move|p1a: Milotic|Scald|p2b: Tyranitar\n|-supereffective|p2b: Tyranitar|1\n|-damage|p2b: Tyranitar|19/100 brn\n|move|p2b: Tyranitar|Crunch|p1b: Sneasler\n|-activate|p1b: Sneasler|move: Protect\n|\n|-weather|Sandstorm|[upkeep]\n|-damage|p2a: Sinistcha|67/100|[from] Sandstorm\n|-damage|p1a: Milotic|7/100|[from] Sandstorm\n|-damage|p1b: Sneasler|53/100|[from] Sandstorm\n|-heal|p1a: Milotic|13/100|[from] item: Leftovers\n|-damage|p2b: Tyranitar|13/100 brn|[from] brn\n|upkeep\n|turn|8\n|inactive|YetoXx has 30 seconds left.\n|\n|t:|1776720700\n|move|p1a: Milotic|Protect|p1a: Milotic\n|-singleturn|p1a: Milotic|Protect\n|move|p2a: Sinistcha|Matcha Gotcha|p1a: Milotic|[spread] p1b\n|-activate|p1a: Milotic|move: Protect\n|-resisted|p1b: Sneasler|1\n|-damage|p1b: Sneasler|37/100\n|-heal|p2a: Sinistcha|74/100|[from] drain|[of] p1b: Sneasler\n|-status|p1b: Sneasler|brn\n|move|p2b: Tyranitar|Crunch|p1b: Sneasler\n|-resisted|p1b: Sneasler|1\n|-damage|p1b: Sneasler|15/100 brn\n|-unboost|p1b: Sneasler|def|1\n|move|p1b: Sneasler|Dire Claw|p2a: Sinistcha\n|-damage|p2a: Sinistcha|60/100\n|-status|p2a: Sinistcha|par\n|\n|-weather|Sandstorm|[upkeep]\n|-damage|p2a: Sinistcha|54/100 par|[from] Sandstorm\n|-damage|p1a: Milotic|7/100|[from] Sandstorm\n|-damage|p1b: Sneasler|9/100 brn|[from] Sandstorm\n|-heal|p1a: Milotic|13/100|[from] item: Leftovers\n|-damage|p2b: Tyranitar|7/100 brn|[from] brn\n|-damage|p1b: Sneasler|3/100 brn|[from] brn\n|upkeep\n|turn|9\n|\n|t:|1776720726\n|move|p2a: Sinistcha|Matcha Gotcha|p1b: Sneasler|[spread] p1b\n|-miss|p2a: Sinistcha|p1a: Milotic\n|-resisted|p1b: Sneasler|1\n|-damage|p1b: Sneasler|0 fnt\n|-heal|p2a: Sinistcha|55/100 par|[from] drain|[of] p1b: Sneasler\n|faint|p1b: Sneasler\n|move|p1a: Milotic|Recover|p1a: Milotic\n|-heal|p1a: Milotic|63/100\n|move|p2b: Tyranitar|Rock Slide|p1a: Milotic\n|-damage|p1a: Milotic|42/100\n|\n|-weather|Sandstorm|[upkeep]\n|-damage|p2a: Sinistcha|49/100 par|[from] Sandstorm\n|-damage|p1a: Milotic|36/100|[from] Sandstorm\n|-heal|p1a: Milotic|42/100|[from] item: Leftovers\n|-damage|p2b: Tyranitar|1/100 brn|[from] brn\n|upkeep\n|\n|t:|1776720734\n|switch|p1b: Aerodactyl|Aerodactyl, L50, F|100/100\n|-ability|p1b: Aerodactyl|Unnerve\n|turn|10\n|\n|t:|1776720748\n|move|p1a: Milotic|Protect|p1a: Milotic\n|-singleturn|p1a: Milotic|Protect\n|move|p1b: Aerodactyl|Protect|p1b: Aerodactyl\n|-singleturn|p1b: Aerodactyl|Protect\n|cant|p2a: Sinistcha|par\n|move|p2b: Tyranitar|Rock Slide|p1a: Milotic|[spread] \n|-activate|p1a: Milotic|move: Protect\n|-activate|p1b: Aerodactyl|move: Protect\n|\n|-weather|none\n|-heal|p1a: Milotic|48/100|[from] item: Leftovers\n|-damage|p2b: Tyranitar|0 fnt|[from] brn\n|faint|p2b: Tyranitar\n|-fieldend|move: Trick Room\n|upkeep\n|turn|11\n|c|\u2606YetoXx|ggs\n|c|\u2606YetoXx|that miss...\n|\n|t:|1776720769\n|move|p1b: Aerodactyl|Dual Wingbeat|p2a: Sinistcha\n|-supereffective|p2a: Sinistcha|1\n|-damage|p2a: Sinistcha|20/100 par\n|-supereffective|p2a: Sinistcha|1\n|-damage|p2a: Sinistcha|0 fnt\n|faint|p2a: Sinistcha\n|-hitcount|p2: Sinistcha|2\n|\n|win|Dudthestud\n|raw|Dudthestud's rating: 1200 &rarr; <strong>1226</strong><br />(+26 for winning)\n|raw|YetoXx's rating: 1218 &rarr; <strong>1192</strong><br />(-26 for losing)\n|l|\u2606YetoXx\n|player|p2|\n",
  "uploadtime": 1776720785,
  "views": 6,
  "formatid": "gen9championsvgc2026regma",
  "rating": 1192,
  "private": 0,
  "password": null
}