{
  "id": "gen9championsvgc2026regma-2585885922",
  "format": "[Gen 9 Champions] VGC 2026 Reg M-A",
  "players": [
    "Kyooby",
    "ads_bomber"
  ],
  "log": "|j|\u2606Kyooby\n|j|\u2606ads_bomber\n|t:|1776378424\n|gametype|doubles\n|player|p1|Kyooby|volkner|1099\n|player|p2|ads_bomber|169|1077\n|gen|9\n|tier|[Gen 9 Champions] VGC 2026 Reg M-A\n|rated|\n|rule|Species Clause: Limit one of each Pok\u00e9mon\n|rule|Item Clause: Limit 1 of each item\n|clearpoke\n|poke|p1|Maushold-Four, L50|\n|poke|p1|Gardevoir, L50, M|\n|poke|p1|Espathra, L50, M|\n|poke|p1|Kommo-o, L50, M|\n|poke|p1|Gyarados, L50, M|\n|poke|p1|Heliolisk, L50, M|\n|poke|p2|Golurk, L50|\n|poke|p2|Oranguru, L50, F|\n|poke|p2|Hatterene, L50, F|\n|poke|p2|Sinistcha, L50|\n|poke|p2|Kingambit, L50, M|\n|poke|p2|Whimsicott, L50, F|\n|teampreview|4\n|inactive|Battle timer is ON: inactive players will automatically lose when time's up. (requested by Kyooby)\n|inactive|Kyooby has 60 seconds left.\n|inactive|Kyooby has 30 seconds left.\n|\n|t:|1776378488\n|teamsize|p1|4\n|teamsize|p2|4\n|start\n|switch|p1a: Maushold|Maushold-Four, L50|100/100\n|switch|p1b: Gardevoir|Gardevoir, L50, M, shiny|100/100\n|switch|p2a: Kingambit|Kingambit, L50, M|100/100\n|switch|p2b: Oranguru|Oranguru, L50, F|100/100\n|-ability|p1b: Gardevoir|Defiant|Trace|[from] ability: Trace|[of] p2a: Kingambit\n|turn|1\n|inactive|Kyooby has 30 seconds left.\n|inactive|ads_bomber has 30 seconds left.\n|\n|t:|1776378517\n|switch|p2a: Golurk|Golurk, L50|100/100\n|move|p1a: Maushold|Follow Me|p1a: Maushold\n|-singleturn|p1a: Maushold|move: Follow Me\n|move|p1b: Gardevoir|Hyper Voice|p2a: Golurk|[spread] p2b\n|-immune|p2a: Golurk\n|-damage|p2b: Oranguru|85/100\n|move|p2b: Oranguru|Trick Room|p2b: Oranguru\n|-fieldstart|move: Trick Room|[of] p2b: Oranguru\n|\n|upkeep\n|turn|2\n|\n|t:|1776378537\n|detailschange|p2a: Golurk|Golurk-Mega, L50\n|-mega|p2a: Golurk|Golurk|Golurkite\n|move|p1a: Maushold|Follow Me|p1a: Maushold\n|-singleturn|p1a: Maushold|move: Follow Me\n|move|p2a: Golurk|Poltergeist|p1a: Maushold\n|-immune|p1a: Maushold\n|move|p2b: Oranguru|Instruct|p1a: Maushold\n|-singleturn|p1a: Maushold|move: Instruct|[of] p2b: Oranguru\n|move|p1a: Maushold|Follow Me||[still]\n|-fail|p1a: Maushold\n|move|p1b: Gardevoir|Trick Room|p1b: Gardevoir\n|-fieldend|move: Trick Room\n|\n|upkeep\n|turn|3\n|inactive|Kyooby has 30 seconds left.\n|\n|t:|1776378563\n|switch|p1b: Gyarados|Gyarados, L50, M|100/100\n|-ability|p1b: Gyarados|Intimidate|boost\n|-unboost|p2a: Golurk|atk|1\n|-fail|p2b: Oranguru|unboost|Attack|[from] ability: Inner Focus|[of] p2b: Oranguru\n|move|p1a: Maushold|Follow Me|p1a: Maushold\n|-singleturn|p1a: Maushold|move: Follow Me\n|move|p2a: Golurk|Headlong Rush|p1a: Maushold\n|-damage|p1a: Maushold|32/100\n|-unboost|p2a: Golurk|def|1\n|-unboost|p2a: Golurk|spd|1\n|move|p2b: Oranguru|Trick Room|p2b: Oranguru\n|-fieldstart|move: Trick Room|[of] p2b: Oranguru\n|\n|upkeep\n|turn|4\n|inactive|Kyooby has 30 seconds left.\n|\n|t:|1776378590\n|switch|p2a: Whimsicott|Whimsicott, L50, F|100/100\n|detailschange|p1b: Gyarados|Gyarados-Mega, L50, M\n|-mega|p1b: Gyarados|Gyarados|Gyaradosite\n|-ability|p1b: Gyarados|Mold Breaker\n|move|p1a: Maushold|Follow Me|p1a: Maushold\n|-singleturn|p1a: Maushold|move: Follow Me\n|move|p2b: Oranguru|Psychic|p1a: Maushold\n|-damage|p1a: Maushold|0 fnt\n|faint|p1a: Maushold\n|move|p1b: Gyarados|Crunch|p2a: Whimsicott\n|-resisted|p2a: Whimsicott|1\n|-damage|p2a: Whimsicott|63/100\n|\n|upkeep\n|\n|t:|1776378603\n|switch|p1a: Gardevoir|Gardevoir, L50, M, shiny|100/100\n|-ability|p1a: Gardevoir|Prankster|Trace|[from] ability: Trace|[of] p2a: Whimsicott\n|turn|5\n|\n|t:|1776378619\n|move|p1b: Gyarados|Protect|p1b: Gyarados\n|-singleturn|p1b: Gyarados|Protect\n|move|p2b: Oranguru|Psychic|p1a: Gardevoir\n|-resisted|p1a: Gardevoir|1\n|-damage|p1a: Gardevoir|87/100\n|move|p2a: Whimsicott|Moonblast|p1b: Gyarados\n|-activate|p1b: Gyarados|move: Protect\n|move|p1a: Gardevoir|Trick Room|p1a: Gardevoir\n|-fieldend|move: Trick Room\n|\n|upkeep\n|turn|6\n|inactive|ads_bomber has 30 seconds left.\n|\n|t:|1776378644\n|switch|p1b: Kommo-o|Kommo-o, L50, M|100/100\n|move|p2b: Oranguru|Protect|p2b: Oranguru\n|-singleturn|p2b: Oranguru|Protect\n|move|p2a: Whimsicott|Encore|p1a: Gardevoir\n|-start|p1a: Gardevoir|Encore\n|move|p1a: Gardevoir|Trick Room|p1a: Gardevoir\n|-fieldstart|move: Trick Room|[of] p1a: Gardevoir\n|\n|upkeep\n|turn|7\n|\n|t:|1776378662\n|move|p2b: Oranguru|Psychic|p1b: Kommo-o\n|-supereffective|p1b: Kommo-o|1\n|-damage|p1b: Kommo-o|35/100\n|move|p1b: Kommo-o|Clanging Scales|p2a: Whimsicott|[spread] p2b\n|-immune|p2a: Whimsicott\n|-crit|p2b: Oranguru\n|-damage|p2b: Oranguru|49/100\n|-unboost|p1b: Kommo-o|def|1\n|move|p2a: Whimsicott|Moonblast|p1b: Kommo-o\n|-supereffective|p1b: Kommo-o|2\n|-damage|p1b: Kommo-o|0 fnt\n|faint|p1b: Kommo-o\n|move|p1a: Gardevoir|Trick Room|p1a: Gardevoir\n|-fieldend|move: Trick Room\n|\n|upkeep\n|-message|Kyooby forfeited.\n|\n|win|ads_bomber\n|raw|Kyooby's rating: 1099 &rarr; <strong>1073</strong><br />(-26 for losing)\n|raw|ads_bomber's rating: 1077 &rarr; <strong>1107</strong><br />(+30 for winning)\n",
  "uploadtime": 1776378674,
  "views": 14,
  "formatid": "gen9championsvgc2026regma",
  "rating": 1073,
  "private": 0,
  "password": null
}