{
  "id": "gen9championsvgc2026regma-2587758135",
  "format": "[Gen 9 Champions] VGC 2026 Reg M-A",
  "players": [
    "JasmineThia",
    "bullgod4ever"
  ],
  "log": "|j|\u2606JasmineThia\n|j|\u2606bullgod4ever\n|t:|1776561017\n|gametype|doubles\n|player|p1|JasmineThia|selene-masters2|1329\n|player|p2|bullgod4ever|102|1438\n|gen|9\n|tier|[Gen 9 Champions] VGC 2026 Reg M-A\n|rated|\n|rule|Species Clause: Limit one of each Pok\u00e9mon\n|rule|Item Clause: Limit 1 of each item\n|clearpoke\n|poke|p1|Kangaskhan, L50, F|\n|poke|p1|Primarina, L50, M, shiny|\n|poke|p1|Aegislash, L50, F, shiny|\n|poke|p1|Farigiraf, L50, M|\n|poke|p1|Volcarona, L50, M|\n|poke|p1|Aerodactyl, L50, M|\n|poke|p2|Golurk, L50|\n|poke|p2|Incineroar, L50, M|\n|poke|p2|Farigiraf, L50, M|\n|poke|p2|Torkoal, L50, F|\n|poke|p2|Venusaur, L50, F|\n|poke|p2|Kangaskhan, L50, F|\n|teampreview|4\n|inactive|Battle timer is ON: inactive players will automatically lose when time's up. (requested by JasmineThia)\n|\n|t:|1776561061\n|teamsize|p1|4\n|teamsize|p2|4\n|start\n|switch|p1a: Farigiraf|Farigiraf, L50, M|100/100\n|switch|p1b: Primarina|Primarina, L50, M, shiny|100/100\n|switch|p2a: Venusaur|Venusaur, L50, F|100/100\n|switch|p2b: Torkoal|Torkoal, L50, F|100/100\n|-weather|SunnyDay|[from] ability: Drought|[of] p2b: Torkoal\n|turn|1\n|inactive|JasmineThia has 30 seconds left.\n|inactive|bullgod4ever has 30 seconds left.\n|inactive|JasmineThia has 20 seconds left.\n|inactive|bullgod4ever has 20 seconds left.\n|inactive|JasmineThia has 15 seconds left.\n|\n|t:|1776561103\n|move|p1b: Primarina|Protect|p1b: Primarina\n|-singleturn|p1b: Primarina|Protect\n|move|p2a: Venusaur|Sleep Powder|p1b: Primarina\n|-activate|p1b: Primarina|move: Protect\n|move|p1a: Farigiraf|Psychic|p2b: Torkoal\n|-damage|p2b: Torkoal|54/100\n|move|p2b: Torkoal|Eruption|p1a: Farigiraf|[spread] p1a\n|-activate|p1b: Primarina|move: Protect\n|-damage|p1a: Farigiraf|63/100\n|\n|-weather|SunnyDay|[upkeep]\n|upkeep\n|turn|2\n|\n|t:|1776561123\n|move|p2a: Venusaur|Sleep Powder|p1b: Primarina|[miss]\n|-miss|p2a: Venusaur|p1b: Primarina\n|move|p1b: Primarina|Hyper Voice|p2b: Torkoal|[spread] p2a,p2b\n|-resisted|p2a: Venusaur|1\n|-supereffective|p2b: Torkoal|1\n|-damage|p2a: Venusaur|90/100\n|-damage|p2b: Torkoal|13/100\n|move|p1a: Farigiraf|Psychic|p2b: Torkoal\n|-damage|p2b: Torkoal|0 fnt\n|faint|p2b: Torkoal\n|\n|-weather|SunnyDay|[upkeep]\n|upkeep\n|\n|t:|1776561137\n|switch|p2b: Kangaskhan|Kangaskhan, L50, F|100/100\n|turn|3\n|\n|t:|1776561152\n|detailschange|p2b: Kangaskhan|Kangaskhan-Mega, L50, F\n|-mega|p2b: Kangaskhan|Kangaskhan|Kangaskhanite\n|move|p2a: Venusaur|Sleep Powder|p1b: Primarina\n|-status|p1b: Primarina|slp|[from] move: Sleep Powder\n|move|p2b: Kangaskhan|Drain Punch|p1a: Farigiraf\n|-damage|p1a: Farigiraf|36/100\n|-damage|p1a: Farigiraf|30/100\n|-hitcount|p1a: Farigiraf|2\n|cant|p1b: Primarina|slp\n|move|p1a: Farigiraf|Psychic|p2a: Venusaur\n|-supereffective|p2a: Venusaur|1\n|-damage|p2a: Venusaur|20/100\n|\n|-weather|SunnyDay|[upkeep]\n|upkeep\n|turn|4\n|\n|t:|1776561170\n|move|p2a: Venusaur|Sludge Bomb|p1b: Primarina\n|-supereffective|p1b: Primarina|1\n|-damage|p1b: Primarina|38/100 slp\n|move|p2b: Kangaskhan|Drain Punch|p1a: Farigiraf\n|-damage|p1a: Farigiraf|5/100\n|-damage|p1a: Farigiraf|0 fnt\n|faint|p1a: Farigiraf\n|-hitcount|p1: Farigiraf|2\n|cant|p1b: Primarina|slp\n|\n|-weather|SunnyDay|[upkeep]\n|upkeep\n|\n|t:|1776561177\n|switch|p1a: Volcarona|Volcarona, L50, M|100/100\n|turn|5\n|\n|t:|1776561190\n|move|p2a: Venusaur|Sleep Powder|p1a: Volcarona|[miss]\n|-miss|p2a: Venusaur|p1a: Volcarona\n|move|p2b: Kangaskhan|Double-Edge|p1b: Primarina\n|-damage|p1b: Primarina|0 fnt\n|faint|p1b: Primarina\n|-hitcount|p1: Primarina|1\n|-damage|p2b: Kangaskhan|88/100|[from] Recoil\n|move|p1a: Volcarona|Quiver Dance|p1a: Volcarona\n|-boost|p1a: Volcarona|spa|1\n|-boost|p1a: Volcarona|spd|1\n|-boost|p1a: Volcarona|spe|1\n|\n|-weather|none\n|upkeep\n|\n|t:|1776561193\n|switch|p1b: Aegislash|Aegislash, L50, F, shiny|100/100\n|turn|6\n|inactive|bullgod4ever has 30 seconds left.\n|\n|t:|1776561220\n|move|p2a: Venusaur|Protect|p2a: Venusaur\n|-singleturn|p2a: Venusaur|Protect\n|move|p2b: Kangaskhan|Sucker Punch|p1b: Aegislash\n|-supereffective|p1b: Aegislash|1\n|-damage|p1b: Aegislash|62/100\n|-supereffective|p1b: Aegislash|1\n|-damage|p1b: Aegislash|52/100\n|-hitcount|p1b: Aegislash|2\n|move|p1a: Volcarona|Heat Wave|p2a: Venusaur|[spread] p2b\n|-activate|p2a: Venusaur|move: Protect\n|-damage|p2b: Kangaskhan|36/100\n|-formechange|p1b: Aegislash|Aegislash-Blade|\n|move|p1b: Aegislash|Flash Cannon|p2b: Kangaskhan\n|-damage|p2b: Kangaskhan|0 fnt\n|faint|p2b: Kangaskhan\n|\n|-heal|p1b: Aegislash|58/100|[from] item: Leftovers\n|upkeep\n|\n|t:|1776561238\n|switch|p2b: Incineroar|Incineroar, L50, M|100/100\n|-ability|p2b: Incineroar|Intimidate|boost\n|-unboost|p1a: Volcarona|atk|1\n|-unboost|p1b: Aegislash|atk|1\n|turn|7\n|\n|t:|1776561248\n|move|p1a: Volcarona|Protect|p1a: Volcarona\n|-singleturn|p1a: Volcarona|Protect\n|-formechange|p1b: Aegislash|Aegislash|\n|move|p1b: Aegislash|King's Shield|p1b: Aegislash\n|-singleturn|p1b: Aegislash|Protect\n|move|p2b: Incineroar|Fake Out|p1a: Volcarona\n|-activate|p1a: Volcarona|move: Protect\n|move|p2a: Venusaur|Sleep Powder|p1a: Volcarona\n|-activate|p1a: Volcarona|move: Protect\n|\n|-heal|p1b: Aegislash|64/100|[from] item: Leftovers\n|upkeep\n|turn|8\n|c|\u2606bullgod4ever|Haha 3 missed sleeps ftw haha gg\n|inactive|bullgod4ever has 30 seconds left.\n|\n|t:|1776561278\n|move|p2a: Venusaur|Protect|p2a: Venusaur\n|-singleturn|p2a: Venusaur|Protect\n|move|p1a: Volcarona|Heat Wave|p2a: Venusaur|[spread] p2b\n|-activate|p2a: Venusaur|move: Protect\n|-resisted|p2b: Incineroar|1\n|-damage|p2b: Incineroar|77/100\n|-formechange|p1b: Aegislash|Aegislash-Blade|\n|move|p1b: Aegislash|Flash Cannon|p2b: Incineroar\n|-resisted|p2b: Incineroar|1\n|-damage|p2b: Incineroar|58/100\n|move|p2b: Incineroar|Flare Blitz|p1a: Volcarona\n|-damage|p1a: Volcarona|55/100\n|-damage|p2b: Incineroar|43/100|[from] Recoil\n|\n|-heal|p1b: Aegislash|70/100|[from] item: Leftovers\n|upkeep\n|turn|9\n|inactive|bullgod4ever has 30 seconds left.\n|\n|t:|1776561306\n|move|p1a: Volcarona|Heat Wave|p2a: Venusaur|[spread] p2a,p2b\n|-supereffective|p2a: Venusaur|1\n|-resisted|p2b: Incineroar|1\n|-damage|p2a: Venusaur|0 fnt\n|-damage|p2b: Incineroar|22/100\n|faint|p2a: Venusaur\n|move|p1b: Aegislash|Flash Cannon|p2b: Incineroar\n|-resisted|p2b: Incineroar|1\n|-damage|p2b: Incineroar|5/100\n|move|p2b: Incineroar|Throat Chop|p1b: Aegislash\n|-supereffective|p1b: Aegislash|1\n|-damage|p1b: Aegislash|0 fnt\n|faint|p1b: Aegislash\n|\n|upkeep\n|turn|10\n|\n|t:|1776561323\n|move|p1a: Volcarona|Giga Drain|p2b: Incineroar\n|-resisted|p2b: Incineroar|1\n|-damage|p2b: Incineroar|0 fnt\n|-heal|p1a: Volcarona|58/100|[from] drain|[of] p2b: Incineroar\n|faint|p2b: Incineroar\n|\n|win|JasmineThia\n|raw|JasmineThia's rating: 1329 &rarr; <strong>1355</strong><br />(+26 for winning)\n|raw|bullgod4ever's rating: 1438 &rarr; <strong>1412</strong><br />(-26 for losing)\n|l|\u2606JasmineThia\n|player|p1|\n|j|\u2606JasmineThia\n|player|p1|JasmineThia|selene-masters2|\n",
  "uploadtime": 1776561359,
  "views": 19,
  "formatid": "gen9championsvgc2026regma",
  "rating": 1355,
  "private": 0,
  "password": null
}