{
  "id": "gen9championsvgc2026regma-2588649300",
  "format": "[Gen 9 Champions] VGC 2026 Reg M-A",
  "players": [
    "Bugsnax4smash",
    "LittleFoxLuka"
  ],
  "log": "|j|\u2606Bugsnax4smash\n|j|\u2606LittleFoxLuka\n|t:|1776653718\n|gametype|doubles\n|player|p1|Bugsnax4smash|skierf|1120\n|player|p2|LittleFoxLuka|2|1138\n|gen|9\n|tier|[Gen 9 Champions] VGC 2026 Reg M-A\n|rated|\n|rule|Species Clause: Limit one of each Pok\u00e9mon\n|rule|Item Clause: Limit 1 of each item\n|clearpoke\n|poke|p1|Victreebel, L50, F|\n|poke|p1|Kingambit, L50, F|\n|poke|p1|Zoroark-Hisui, L50, F|\n|poke|p1|Palafin, L50, M|\n|poke|p1|Talonflame, L50, F|\n|poke|p1|Kommo-o, L50, F|\n|poke|p2|Floette-Eternal, L50, F|\n|poke|p2|Dragonite, L50, F|\n|poke|p2|Primarina, L50, F|\n|poke|p2|Incineroar, L50, M|\n|poke|p2|Sinistcha, L50|\n|poke|p2|Sneasler, L50, M|\n|teampreview|4\n|\n|t:|1776653772\n|teamsize|p1|4\n|teamsize|p2|4\n|start\n|switch|p1a: Victreebel|Victreebel, L50, F|100/100\n|switch|p1b: Talonflame|Talonflame, L50, F|100/100\n|switch|p2a: Sneasler|Sneasler, L50, M|100/100\n|switch|p2b: Incineroar|Incineroar, L50, M|100/100\n|-ability|p2b: Incineroar|Intimidate|boost\n|-unboost|p1a: Victreebel|atk|1\n|-unboost|p1b: Talonflame|atk|1\n|turn|1\n|\n|t:|1776653809\n|detailschange|p1a: Victreebel|Victreebel-Mega, L50, F\n|-mega|p1a: Victreebel|Victreebel|Victreebelite\n|move|p1a: Victreebel|Protect|p1a: Victreebel\n|-singleturn|p1a: Victreebel|Protect\n|move|p2b: Incineroar|Fake Out|p1b: Talonflame\n|-immune|p1b: Talonflame\n|move|p1b: Talonflame|Nasty Plot|p1b: Talonflame\n|-boost|p1b: Talonflame|spa|2\n|move|p2a: Sneasler|Close Combat|p1b: Talonflame\n|-immune|p1b: Talonflame\n|\n|upkeep\n|turn|2\n|\n|t:|1776653840\n|move|p1b: Talonflame|Hyper Voice|p2a: Sneasler|[spread] p2a,p2b\n|-damage|p2a: Sneasler|14/100\n|-damage|p2b: Incineroar|39/100\n|-enditem|p2b: Incineroar|Sitrus Berry|[eat]\n|-heal|p2b: Incineroar|64/100|[from] item: Sitrus Berry\n|move|p2a: Sneasler|Dire Claw|p1b: Talonflame\n|-resisted|p1b: Talonflame|1\n|-damage|p1b: Talonflame|54/100\n|-status|p1b: Talonflame|psn\n|replace|p1b: Zoroark|Zoroark-Hisui, L50, F\n|-end|p1b: Zoroark|Illusion\n|move|p1a: Victreebel|Sludge Bomb|p2b: Incineroar\n|-damage|p2b: Incineroar|26/100\n|move|p2b: Incineroar|Darkest Lariat|p1b: Zoroark\n|-supereffective|p1b: Zoroark|1\n|-crit|p1b: Zoroark\n|-damage|p1b: Zoroark|0 fnt\n|faint|p1b: Zoroark\n|\n|upkeep\n|\n|t:|1776653862\n|switch|p1b: Talonflame|Talonflame, L50, F|100/100\n|turn|3\n|\n|t:|1776653873\n|move|p1b: Talonflame|Acrobatics|p2a: Sneasler\n|-supereffective|p2a: Sneasler|1\n|-damage|p2a: Sneasler|0 fnt\n|faint|p2a: Sneasler\n|move|p1a: Victreebel|Sludge Bomb|p2b: Incineroar\n|-damage|p2b: Incineroar|0 fnt\n|faint|p2b: Incineroar\n|\n|upkeep\n|\n|t:|1776653881\n|switch|p2a: Floette|Floette-Eternal, L50, F|100/100\n|switch|p2b: Sinistcha|Sinistcha, L50|100/100\n|turn|4\n|\n|t:|1776653905\n|detailschange|p2a: Floette|Floette-Mega, L50, F\n|-mega|p2a: Floette|Floette|Floettite\n|-ability|p2a: Floette|Fairy Aura\n|move|p2b: Sinistcha|Rage Powder|p2b: Sinistcha\n|-singleturn|p2b: Sinistcha|move: Rage Powder\n|move|p1b: Talonflame|Tailwind|p1b: Talonflame\n|-sidestart|p1: Bugsnax4smash|move: Tailwind\n|move|p1a: Victreebel|Sludge Bomb|p2a: Floette\n|-supereffective|p2a: Floette|1\n|-damage|p2a: Floette|28/100\n|-status|p2a: Floette|psn\n|move|p2a: Floette|Calm Mind|p2a: Floette\n|-boost|p2a: Floette|spa|1\n|-boost|p2a: Floette|spd|1\n|\n|-damage|p2a: Floette|16/100 psn|[from] psn\n|upkeep\n|turn|5\n|l|\u2606LittleFoxLuka\n|player|p2|\n|inactive|Battle timer is ON: inactive players will automatically lose when time's up. (requested by Bugsnax4smash)\n|inactive|LittleFoxLuka has 30 seconds to reconnect!\n|inactive|LittleFoxLuka has 20 seconds to reconnect!\n|inactive|LittleFoxLuka has 15 seconds to reconnect!\n|inactive|LittleFoxLuka has 10 seconds to reconnect!\n|inactive|LittleFoxLuka has 5 seconds to reconnect!\n|-message|LittleFoxLuka lost due to inactivity.\n|\n|win|Bugsnax4smash\n|raw|Bugsnax4smash's rating: 1120 &rarr; <strong>1146</strong><br />(+26 for winning)\n|raw|LittleFoxLuka's rating: 1138 &rarr; <strong>1112</strong><br />(-26 for losing)\n",
  "uploadtime": 1776654086,
  "views": 6,
  "formatid": "gen9championsvgc2026regma",
  "rating": 1112,
  "private": 0,
  "password": null
}