{
  "id": "gen9championsvgc2026regma-2589443937",
  "format": "[Gen 9 Champions] VGC 2026 Reg M-A",
  "players": [
    "MUpigg",
    "slypig"
  ],
  "log": "|j|\u2606MUpigg\n|j|\u2606slypig\n|t:|1776723457\n|gametype|doubles\n|player|p1|MUpigg|wattson|1156\n|player|p2|slypig|guitarist-gen4|1202\n|gen|9\n|tier|[Gen 9 Champions] VGC 2026 Reg M-A\n|rated|\n|rule|Species Clause: Limit one of each Pok\u00e9mon\n|rule|Item Clause: Limit 1 of each item\n|clearpoke\n|poke|p1|Meowstic, L50, M|\n|poke|p1|Armarouge, L50, F|\n|poke|p1|Primarina, L50, F|\n|poke|p1|Venusaur, L50, F|\n|poke|p1|Mimikyu, L50, M|\n|poke|p1|Corviknight, L50, M|\n|poke|p2|Tyranitar, L50, F|\n|poke|p2|Rotom-Wash, L50|\n|poke|p2|Garchomp, L50, M|\n|poke|p2|Aerodactyl, L50, M|\n|poke|p2|Sinistcha, L50|\n|poke|p2|Sneasler, L50, M|\n|teampreview|4\nslypig has agreed to open team sheets.\n|\n|t:|1776723504\n|teamsize|p1|4\n|teamsize|p2|4\n|start\n|switch|p1a: Corviknight|Corviknight, L50, M|100/100\n|switch|p1b: Primarina|Primarina, L50, F|100/100\n|switch|p2a: Tyranitar|Tyranitar, L50, F|100/100\n|switch|p2b: Rotom|Rotom-Wash, L50|100/100\n|-weather|Sandstorm|[from] ability: Sand Stream|[of] p2a: Tyranitar\n|turn|1\n|inactive|Battle timer is ON: inactive players will automatically lose when time's up. (requested by MUpigg)\n|\n|t:|1776723530\n|switch|p2a: Garchomp|Garchomp, L50, M|100/100\n|switch|p1b: Venusaur|Venusaur, L50, F|100/100\n|move|p2b: Rotom|Discharge|p1a: Corviknight|[spread] p1a,p1b\n|-immune|p2a: Garchomp\n|-supereffective|p1a: Corviknight|1\n|-resisted|p1b: Venusaur|1\n|-crit|p1b: Venusaur\n|-damage|p1a: Corviknight|57/100\n|-damage|p1b: Venusaur|80/100\n|-status|p1b: Venusaur|par\n|move|p1a: Corviknight|Tailwind|p1a: Corviknight\n|-sidestart|p1: MUpigg|move: Tailwind\n|\n|-weather|Sandstorm|[upkeep]\n|-damage|p2b: Rotom|95/100|[from] Sandstorm\n|-damage|p1b: Venusaur|74/100 par|[from] Sandstorm\n|upkeep\n|turn|2\n|inactive|slypig has 30 seconds left.\n|inactive|slypig has 20 seconds left.\n|inactive|slypig has 15 seconds left.\n|\n|t:|1776723573\n|switch|p1a: Mimikyu|Mimikyu, L50, M|100/100\n|detailschange|p1b: Venusaur|Venusaur-Mega, L50, F\n|-mega|p1b: Venusaur|Venusaur|Venusaurite\n|move|p2b: Rotom|Discharge|p1a: Mimikyu|[spread] p1a,p1b\n|-immune|p2a: Garchomp\n|-resisted|p1b: Venusaur|1\n|-activate|p1a: Mimikyu|ability: Disguise\n|-damage|p1a: Mimikyu|100/100\n|-damage|p1b: Venusaur|64/100 par\n|detailschange|p1a: Mimikyu|Mimikyu-Busted, L50, M\n|-damage|p1a: Mimikyu|88/100|[from] pokemon: Mimikyu-Busted\n|move|p2a: Garchomp|Dragon Claw|p1b: Venusaur\n|-damage|p1b: Venusaur|29/100 par\n|move|p1b: Venusaur|Energy Ball|p2b: Rotom\n|-supereffective|p2b: Rotom|1\n|-damage|p2b: Rotom|0 fnt\n|faint|p2b: Rotom\n|\n|-weather|Sandstorm|[upkeep]\n|-damage|p1a: Mimikyu|82/100|[from] Sandstorm\n|-damage|p1b: Venusaur|23/100 par|[from] Sandstorm\n|upkeep\n|\n|t:|1776723598\n|switch|p2b: Tyranitar|Tyranitar, L50, F|100/100\n|turn|3\n|inactive|MUpigg has 30 seconds left.\n|inactive|slypig has 30 seconds left.\n|inactive|slypig has 20 seconds left.\n|inactive|slypig has 15 seconds left.\n|\n|t:|1776723639\n|switch|p1a: Primarina|Primarina, L50, F|100/100\n|move|p2a: Garchomp|Protect|p2a: Garchomp\n|-singleturn|p2a: Garchomp|Protect\n|move|p1b: Venusaur|Energy Ball|p2b: Tyranitar\n|-supereffective|p2b: Tyranitar|1\n|-damage|p2b: Tyranitar|56/100\n|move|p2b: Tyranitar|Rock Slide|p1a: Primarina|[spread] p1a,p1b\n|-damage|p1a: Primarina|69/100\n|-damage|p1b: Venusaur|0 fnt\n|faint|p1b: Venusaur\n|\n|-weather|Sandstorm|[upkeep]\n|-damage|p1a: Primarina|64/100|[from] Sandstorm\n|-heal|p1a: Primarina|69/100|[from] item: Leftovers\n|upkeep\n|\n|t:|1776723653\n|switch|p1b: Corviknight|Corviknight, L50, M|57/100\n|turn|4\n|\n|t:|1776723665\n|switch|p2a: Sinistcha|Sinistcha, L50|100/100\n|-heal|p2b: Tyranitar|80/100|[from] ability: Hospitality|[of] p2a: Sinistcha\n|detailschange|p2b: Tyranitar|Tyranitar-Mega, L50, F\n|-mega|p2b: Tyranitar|Tyranitar|Tyranitarite\n|move|p1b: Corviknight|Iron Defense|p1b: Corviknight\n|-boost|p1b: Corviknight|def|2\n|move|p1a: Primarina|Dazzling Gleam|p2a: Sinistcha|[spread] p2a,p2b\n|-supereffective|p2b: Tyranitar|1\n|-damage|p2a: Sinistcha|65/100\n|-damage|p2b: Tyranitar|51/100\n|move|p2b: Tyranitar|Rock Slide|p1b: Corviknight|[spread] p1a,p1b\n|-damage|p1a: Primarina|30/100\n|-damage|p1b: Corviknight|43/100\n|-enditem|p1b: Corviknight|Sitrus Berry|[eat]\n|-heal|p1b: Corviknight|68/100|[from] item: Sitrus Berry\n|\n|-weather|Sandstorm|[upkeep]\n|-damage|p1a: Primarina|25/100|[from] Sandstorm\n|-damage|p2a: Sinistcha|59/100|[from] Sandstorm\n|-heal|p1a: Primarina|30/100|[from] item: Leftovers\n|-heal|p2a: Sinistcha|65/100|[from] item: Leftovers\n|-sideend|p1: MUpigg|move: Tailwind\n|upkeep\n|turn|5\n|inactive|MUpigg has 30 seconds left.\n|inactive|slypig has 30 seconds left.\n|\n|t:|1776723694\n|move|p2b: Tyranitar|Protect|p2b: Tyranitar\n|-singleturn|p2b: Tyranitar|Protect\n|move|p2a: Sinistcha|Matcha Gotcha|p1a: Primarina|[spread] p1a,p1b\n|-supereffective|p1a: Primarina|1\n|-resisted|p1b: Corviknight|2\n|-damage|p1a: Primarina|0 fnt\n|-heal|p2a: Sinistcha|81/100|[from] drain|[of] p1a: Primarina\n|-damage|p1b: Corviknight|63/100\n|-heal|p2a: Sinistcha|84/100|[from] drain|[of] p1b: Corviknight\n|faint|p1a: Primarina\n|move|p1b: Corviknight|Body Press|p2b: Tyranitar\n|-activate|p2b: Tyranitar|move: Protect\n|\n|-weather|none\n|-heal|p2a: Sinistcha|90/100|[from] item: Leftovers\n|upkeep\n|\n|t:|1776723712\n|switch|p1a: Mimikyu|Mimikyu-Busted, L50, M|82/100\n|turn|6\n|\n|t:|1776723735\n|move|p2a: Sinistcha|Rage Powder|p2a: Sinistcha\n|-singleturn|p2a: Sinistcha|move: Rage Powder\n|move|p1a: Mimikyu|Shadow Claw|p2a: Sinistcha\n|-supereffective|p2a: Sinistcha|1\n|-damage|p2a: Sinistcha|43/100\n|move|p2b: Tyranitar|Rock Slide|p1b: Corviknight|[spread] p1b\n|-miss|p2b: Tyranitar|p1a: Mimikyu\n|-damage|p1b: Corviknight|48/100\n|move|p1b: Corviknight|Body Press|p2a: Sinistcha\n|-immune|p2a: Sinistcha\n|\n|-heal|p2a: Sinistcha|49/100|[from] item: Leftovers\n|upkeep\n|turn|7\n|inactive|slypig has 30 seconds left.\n|\n|t:|1776723769\n|move|p2b: Tyranitar|Protect|p2b: Tyranitar\n|-singleturn|p2b: Tyranitar|Protect\n|move|p1a: Mimikyu|Shadow Claw|p2a: Sinistcha\n|-supereffective|p2a: Sinistcha|1\n|-damage|p2a: Sinistcha|0 fnt\n|faint|p2a: Sinistcha\n|move|p1b: Corviknight|Iron Defense|p1b: Corviknight\n|-boost|p1b: Corviknight|def|2\n|\n|upkeep\n|\n|t:|1776723777\n|switch|p2a: Garchomp|Garchomp, L50, M|100/100\n|turn|8\n|\n|t:|1776723789\n|move|p2a: Garchomp|Dragon Claw|p1b: Corviknight\n|-resisted|p1b: Corviknight|1\n|-damage|p1b: Corviknight|42/100\n|move|p2b: Tyranitar|Rock Slide|p1a: Mimikyu|[spread] p1a,p1b\n|-damage|p1a: Mimikyu|32/100\n|-damage|p1b: Corviknight|32/100\n|move|p1b: Corviknight|Body Press|p2b: Tyranitar\n|-supereffective|p2b: Tyranitar|2\n|-damage|p2b: Tyranitar|0 fnt\n|faint|p2b: Tyranitar\n|move|p1a: Mimikyu|Trick Room|p1a: Mimikyu\n|-fieldstart|move: Trick Room|[of] p1a: Mimikyu\n|\n|upkeep\n|turn|9\n|-message|slypig forfeited.\n|\n|win|MUpigg\n|raw|MUpigg's rating: 1156 &rarr; <strong>1184</strong><br />(+28 for winning)\n|raw|slypig's rating: 1202 &rarr; <strong>1174</strong><br />(-28 for losing)\n",
  "uploadtime": 1776723812,
  "views": 4,
  "formatid": "gen9championsvgc2026regma",
  "rating": 1174,
  "private": 0,
  "password": null
}