{
  "id": "gen9championsvgc2026regma-2583513038",
  "format": "[Gen 9 Champions] VGC 2026 Reg M-A",
  "players": [
    "Rigden",
    "the same as here"
  ],
  "log": "|j|\u2606Rigden\n|j|\u2606the same as here\n|t:|1776180381\n|gametype|doubles\n|player|p1|Rigden|ninjaboy|1253\n|player|p2|the same as here|janitor|1165\n|gen|9\n|tier|[Gen 9 Champions] VGC 2026 Reg M-A\n|rated|\n|rule|Species Clause: Limit one of each Pok\u00e9mon\n|rule|Item Clause: Limit 1 of each item\n|clearpoke\n|poke|p1|Floette-Eternal, L50, F|\n|poke|p1|Maushold-Four, L50|\n|poke|p1|Kingambit, L50, M|\n|poke|p1|Sneasler, L50, M|\n|poke|p1|Aerodactyl, L50, F|\n|poke|p1|Basculegion, L50, M|\n|poke|p2|Floette-Eternal, L50, F|\n|poke|p2|Sinistcha, L50|\n|poke|p2|Incineroar, L50, M|\n|poke|p2|Gyarados, L50, M|\n|poke|p2|Garchomp, L50, M|\n|poke|p2|Glimmora, L50, F|\n|teampreview|4\n|\n|t:|1776180433\n|teamsize|p1|4\n|teamsize|p2|4\n|start\n|switch|p1a: Aerodactyl|Aerodactyl, L50, F|100/100\n|switch|p1b: Basculegion|Basculegion, L50, M|100/100\n|switch|p2a: The difference|Incineroar, L50, M|100/100\n|switch|p2b: Piano|Garchomp, L50, M|100/100\n|-ability|p1a: Aerodactyl|Unnerve\n|-ability|p2a: The difference|Intimidate|boost\n|-unboost|p1a: Aerodactyl|atk|1\n|-unboost|p1b: Basculegion|atk|1\n|turn|1\n|\n|t:|1776180450\n|switch|p2a: Problems|Sinistcha, L50|100/100\n|move|p1b: Basculegion|Flip Turn|p2a: Problems\n|-resisted|p2a: Problems|1\n|-damage|p2a: Problems|89/100\n|\n|t:|1776180456\n|switch|p1b: Floette|Floette-Eternal, L50, F|100/100|[from] Flip Turn\n|move|p1a: Aerodactyl|Tailwind|p1a: Aerodactyl\n|-sidestart|p1: Rigden|move: Tailwind\n|move|p2b: Piano|Rock Slide|p1b: Floette|[spread] p1a,p1b\n|-supereffective|p1a: Aerodactyl|1\n|-damage|p1a: Aerodactyl|40/100\n|-damage|p1b: Floette|75/100\n|\n|upkeep\n|turn|2\n|\n|t:|1776180491\n|detailschange|p1b: Floette|Floette-Mega, L50, F\n|-mega|p1b: Floette|Floette|Floettite\n|-ability|p1b: Floette|Fairy Aura\n|move|p1a: Aerodactyl|Protect|p1a: Aerodactyl\n|-singleturn|p1a: Aerodactyl|Protect\n|move|p2b: Piano|Protect|p2b: Piano\n|-singleturn|p2b: Piano|Protect\n|move|p1b: Floette|Dazzling Gleam|p2b: Piano|[spread] p2a\n|-activate|p2b: Piano|move: Protect\n|-damage|p2a: Problems|44/100\n|move|p2a: Problems|Stun Spore|p1b: Floette\n|-status|p1b: Floette|par\n|\n|upkeep\n|turn|3\n|\n|t:|1776180522\n|switch|p2a: The difference|Incineroar, L50, M|100/100\n|-ability|p2a: The difference|Intimidate|boost\n|-unboost|p1a: Aerodactyl|atk|1\n|-unboost|p1b: Floette|atk|1\n|move|p1a: Aerodactyl|Dual Wingbeat|p2a: The difference\n|-damage|p2a: The difference|93/100\n|-damage|p2a: The difference|86/100\n|-hitcount|p2a: The difference|2\n|move|p2b: Piano|Rock Slide|p1a: Aerodactyl|[spread] p1a,p1b\n|-supereffective|p1a: Aerodactyl|1\n|-crit|p1b: Floette\n|-damage|p1a: Aerodactyl|0 fnt\n|-damage|p1b: Floette|40/100 par\n|faint|p1a: Aerodactyl\n|cant|p1b: Floette|flinch\n|\n|upkeep\n|\n|t:|1776180540\n|switch|p1a: Basculegion|Basculegion, L50, M|100/100\n|turn|4\n|\n|t:|1776180559\n|switch|p2a: Problems|Sinistcha, L50|44/100\n|-enditem|p2a: Problems|Sitrus Berry|[eat]\n|-heal|p2a: Problems|68/100|[from] item: Sitrus Berry\n|move|p2b: Piano|Protect|p2b: Piano\n|-singleturn|p2b: Piano|Protect\n|move|p1a: Basculegion|Wave Crash|p2b: Piano\n|-activate|p2b: Piano|move: Protect\n|move|p1b: Floette|Dazzling Gleam|p2a: Problems|[spread] p2a\n|-activate|p2b: Piano|move: Protect\n|-damage|p2a: Problems|23/100\n|\n|-sideend|p1: Rigden|move: Tailwind\n|upkeep\n|turn|5\n|\n|t:|1776180576\n|cant|p1b: Floette|par\n|move|p1a: Basculegion|Wave Crash|p2b: Piano\n|-damage|p2b: Piano|21/100\n|-damage|p1a: Basculegion|88/100|[from] ability: Rough Skin|[of] p2b: Piano\n|-damage|p1a: Basculegion|64/100|[from] Recoil\n|move|p2b: Piano|Stomping Tantrum|p1b: Floette\n|-damage|p1b: Floette|0 fnt\n|faint|p1b: Floette\n|move|p2a: Problems|Matcha Gotcha|p1a: Basculegion\n|-supereffective|p1a: Basculegion|1\n|-damage|p1a: Basculegion|0 fnt\n|-heal|p2a: Problems|58/100|[from] drain|[of] p1a: Basculegion\n|faint|p1a: Basculegion\n|\n|upkeep\n|-message|Rigden forfeited.\n|\n|win|the same as here\n|raw|Rigden's rating: 1253 &rarr; <strong>1222</strong><br />(-31 for losing)\n|raw|the same as here's rating: 1165 &rarr; <strong>1196</strong><br />(+31 for winning)\n|l|\u2606Rigden\n|player|p1|\n",
  "uploadtime": 1776180594,
  "views": 14,
  "formatid": "gen9championsvgc2026regma",
  "rating": 1196,
  "private": 0,
  "password": null
}