{
  "id": "gen9championsvgc2026regma-2580561359",
  "format": "[Gen 9 Champions] VGC 2026 Reg M-A",
  "players": [
    "calacadura",
    "D-World"
  ],
  "log": "|j|\u2606calacadura\n|j|\u2606D-World\n|t:|1775913021\n|gametype|doubles\n|player|p1|calacadura|170|1130\n|player|p2|D-World|eusine|1128\n|gen|9\n|tier|[Gen 9 Champions] VGC 2026 Reg M-A\n|rated|\n|rule|Species Clause: Limit one of each Pok\u00e9mon\n|rule|Item Clause: Limit 1 of each item\n|clearpoke\n|poke|p1|Garchomp, L50, F|\n|poke|p1|Sinistcha, L50|\n|poke|p1|Tyranitar, L50, M|\n|poke|p1|Incineroar, L50, M|\n|poke|p1|Basculegion, L50, M|\n|poke|p1|Farigiraf, L50, F|\n|poke|p2|Sinistcha, L50|\n|poke|p2|Alcremie, L50, F|\n|poke|p2|Incineroar, L50, M|\n|poke|p2|Meganium, L50, F|\n|poke|p2|Farigiraf, L50, M|\n|poke|p2|Tyranitar, L50, F|\n|teampreview|4\n|\n|t:|1775913085\n|teamsize|p1|4\n|teamsize|p2|4\n|start\n|switch|p1a: Kitten|Incineroar, L50, M, shiny|100/100\n|switch|p1b: Basculegion|Basculegion, L50, M|100/100\n|switch|p2a: Farigiraf|Farigiraf, L50, M|100/100\n|switch|p2b: Meganium|Meganium, L50, F|100/100\n|-ability|p1a: Kitten|Intimidate|boost\n|-unboost|p2a: Farigiraf|atk|1\n|-unboost|p2b: Meganium|atk|1\n|turn|1\n|inactive|Battle timer is ON: inactive players will automatically lose when time's up. (requested by calacadura)\n|\n|t:|1775913113\n|detailschange|p2b: Meganium|Meganium-Mega, L50, F\n|-mega|p2b: Meganium|Meganium|Meganiumite\n|move|p1b: Basculegion|Flip Turn|p2a: Farigiraf\n|-damage|p2a: Farigiraf|71/100\n|\n|t:|1775913117\n|switch|p1b: Farigiraf|Farigiraf, L50, F|100/100|[from] Flip Turn\n|move|p2b: Meganium|Solar Beam||[still]\n|-prepare|p2b: Meganium|Solar Beam\n|-activate|p2b: Meganium|ability: Mega Sol\n|-anim|p2b: Meganium|Solar Beam|p1b: Farigiraf\n|-damage|p1b: Farigiraf|51/100\n|move|p1a: Kitten|Parting Shot|p2b: Meganium\n|-unboost|p2b: Meganium|atk|1\n|-unboost|p2b: Meganium|spa|1\n|\n|t:|1775913128\n|switch|p1a: Basculegion|Basculegion, L50, M|100/100|[from] Parting Shot\n|move|p2a: Farigiraf|Trick Room|p2a: Farigiraf\n|-fieldstart|move: Trick Room|[of] p2a: Farigiraf\n|\n|-heal|p1b: Farigiraf|57/100|[from] item: Leftovers\n|upkeep\n|turn|2\n|\n|t:|1775913138\n|switch|p2a: Sinistcha|Sinistcha, L50|100/100\n|switch|p1a: Kitten|Incineroar, L50, M, shiny|100/100\n|-ability|p1a: Kitten|Intimidate|boost\n|-unboost|p2a: Sinistcha|atk|1\n|-unboost|p2b: Meganium|atk|1\n|move|p1b: Farigiraf|Thunder Wave|p2b: Meganium\n|-status|p2b: Meganium|par\n|move|p2b: Meganium|Solar Beam||[still]\n|-prepare|p2b: Meganium|Solar Beam\n|-activate|p2b: Meganium|ability: Mega Sol\n|-anim|p2b: Meganium|Solar Beam|p1a: Kitten\n|-resisted|p1a: Kitten|1\n|-damage|p1a: Kitten|84/100\n|\n|-heal|p1b: Farigiraf|63/100|[from] item: Leftovers\n|upkeep\n|turn|3\n|\n|t:|1775913157\n|move|p2b: Meganium|Pollen Puff|p1b: Farigiraf\n|-supereffective|p1b: Farigiraf|1\n|-damage|p1b: Farigiraf|28/100\n|move|p1a: Kitten|Parting Shot|p2b: Meganium\n|-unboost|p2b: Meganium|atk|1\n|-unboost|p2b: Meganium|spa|1\n|\n|t:|1775913159\n|switch|p1a: Tiny|Sinistcha, L50, shiny|100/100|[from] Parting Shot\n|-heal|p1b: Farigiraf|53/100|[from] ability: Hospitality|[of] p1a: Tiny\n|move|p1b: Farigiraf|Thunder Wave|p2a: Sinistcha\n|-status|p2a: Sinistcha|par\n|move|p2a: Sinistcha|Matcha Gotcha|p1a: Tiny|[spread] p1a,p1b\n|-resisted|p1a: Tiny|1\n|-damage|p1a: Tiny|87/100\n|-damage|p1b: Farigiraf|36/100\n|\n|-heal|p1b: Farigiraf|42/100|[from] item: Leftovers\n|upkeep\n|turn|4\n|\n|t:|1775913176\n|switch|p2b: Incineroar|Incineroar, L50, M|100/100\n|-ability|p2b: Incineroar|Intimidate|boost\n|-unboost|p1a: Tiny|atk|1\n|-unboost|p1b: Farigiraf|atk|1\n|switch|p1b: Kitten|Incineroar, L50, M, shiny|84/100\n|-ability|p1b: Kitten|Intimidate|boost\n|-unboost|p2a: Sinistcha|atk|1\n|-unboost|p2b: Incineroar|atk|1\n|-enditem|p2b: Incineroar|White Herb\n|-clearnegativeboost|p2b: Incineroar|[silent]\n|move|p2a: Sinistcha|Matcha Gotcha|p1a: Tiny|[spread] p1a,p1b\n|-resisted|p1a: Tiny|1\n|-resisted|p1b: Kitten|1\n|-damage|p1a: Tiny|75/100\n|-damage|p1b: Kitten|75/100\n|move|p1a: Tiny|Calm Mind|p1a: Tiny\n|-boost|p1a: Tiny|spa|1\n|-boost|p1a: Tiny|spd|1\n|\n|upkeep\n|turn|5\n|inactive|calacadura has 30 seconds left.\n|inactive|calacadura has 20 seconds left.\n|inactive|calacadura has 15 seconds left.\n|\n|t:|1775913216\n|switch|p2a: Farigiraf|Farigiraf, L50, M|71/100\n|switch|p1b: Farigiraf|Farigiraf, L50, F|42/100\n|move|p2b: Incineroar|Flare Blitz|p1a: Tiny\n|-supereffective|p1a: Tiny|1\n|-damage|p1a: Tiny|0 fnt\n|faint|p1a: Tiny\n|-damage|p2b: Incineroar|77/100|[from] Recoil\n|\n|-heal|p1b: Farigiraf|48/100|[from] item: Leftovers\n|-fieldend|move: Trick Room\n|upkeep\n|\n|t:|1775913223\n|switch|p1a: Basculegion|Basculegion, L50, M|100/100\n|turn|6\n|\n|t:|1775913238\n|switch|p2b: Meganium|Meganium-Mega, L50, F|100/100 par\n|switch|p1b: Kitten|Incineroar, L50, M, shiny|75/100\n|-ability|p1b: Kitten|Intimidate|boost\n|-unboost|p2a: Farigiraf|atk|1\n|-unboost|p2b: Meganium|atk|1\n|move|p1a: Basculegion|Wave Crash|p2b: Meganium\n|-resisted|p2b: Meganium|1\n|-damage|p2b: Meganium|71/100 par\n|-damage|p1a: Basculegion|92/100|[from] Recoil\n|move|p2a: Farigiraf|Psychic|p1a: Basculegion\n|-damage|p1a: Basculegion|55/100\n|\n|upkeep\n|turn|7\n|\n|t:|1775913261\n|switch|p1a: Farigiraf|Farigiraf, L50, F|48/100\n|move|p2a: Farigiraf|Psychic|p1a: Farigiraf\n|-resisted|p1a: Farigiraf|1\n|-damage|p1a: Farigiraf|36/100\n|move|p1b: Kitten|Parting Shot|p2b: Meganium\n|-unboost|p2b: Meganium|atk|1\n|-unboost|p2b: Meganium|spa|1\n|\n|t:|1775913263\n|switch|p1b: Basculegion|Basculegion, L50, M|55/100|[from] Parting Shot\n|move|p2b: Meganium|Earth Power|p1b: Basculegion\n|-damage|p1b: Basculegion|28/100\n|\n|-heal|p1a: Farigiraf|42/100|[from] item: Leftovers\n|upkeep\n|turn|8\n|\n|t:|1775913275\n|switch|p2b: Incineroar|Incineroar, L50, M|77/100\n|-ability|p2b: Incineroar|Intimidate|boost\n|-unboost|p1a: Farigiraf|atk|1\n|-unboost|p1b: Basculegion|atk|1\n|move|p1b: Basculegion|Flip Turn|p2a: Farigiraf\n|-damage|p2a: Farigiraf|48/100\n|-enditem|p2a: Farigiraf|Sitrus Berry|[eat]\n|-heal|p2a: Farigiraf|72/100|[from] item: Sitrus Berry\n|\n|t:|1775913277\n|switch|p1b: Kitten|Incineroar, L50, M, shiny|75/100|[from] Flip Turn\n|-ability|p1b: Kitten|Intimidate|boost\n|-unboost|p2a: Farigiraf|atk|1\n|-unboost|p2b: Incineroar|atk|1\n|move|p1a: Farigiraf|Expanding Force|p2b: Incineroar\n|-immune|p2b: Incineroar\n|move|p2a: Farigiraf|Trick Room|p2a: Farigiraf\n|-fieldstart|move: Trick Room|[of] p2a: Farigiraf\n|\n|-heal|p1a: Farigiraf|49/100|[from] item: Leftovers\n|upkeep\n|turn|9\n|\n|t:|1775913301\n|move|p1a: Farigiraf|Thunder Wave|p2b: Incineroar\n|-status|p2b: Incineroar|par\n|move|p2b: Incineroar|Darkest Lariat|p1a: Farigiraf\n|-supereffective|p1a: Farigiraf|1\n|-damage|p1a: Farigiraf|0 fnt\n|faint|p1a: Farigiraf\n|move|p1b: Kitten|Flare Blitz|p2a: Farigiraf\n|-damage|p2a: Farigiraf|35/100\n|-damage|p1b: Kitten|61/100|[from] Recoil\n|move|p2a: Farigiraf|Hyper Voice|p1b: Kitten\n|-damage|p1b: Kitten|37/100\n|\n|upkeep\n|\n|t:|1775913303\n|switch|p1a: Basculegion|Basculegion, L50, M|28/100\n|turn|10\n|\n|t:|1775913327\n|switch|p2a: Sinistcha|Sinistcha, L50|100/100 par\n|-heal|p2b: Incineroar|100/100 par|[from] ability: Hospitality|[of] p2a: Sinistcha\n|cant|p2b: Incineroar|par\n|move|p1b: Kitten|Flare Blitz|p2a: Sinistcha\n|-supereffective|p2a: Sinistcha|1\n|-damage|p2a: Sinistcha|33/100 par\n|-damage|p1b: Kitten|18/100|[from] Recoil\n|move|p1a: Basculegion|Last Respects|p2b: Incineroar\n|-resisted|p2b: Incineroar|1\n|-damage|p2b: Incineroar|55/100 par\n|\n|-heal|p2a: Sinistcha|39/100 par|[from] item: Leftovers\n|upkeep\n|turn|11\n|\n|t:|1775913344\n|move|p2a: Sinistcha|Rage Powder|p2a: Sinistcha\n|-singleturn|p2a: Sinistcha|move: Rage Powder\n|move|p2b: Incineroar|Darkest Lariat|p1a: Basculegion\n|-supereffective|p1a: Basculegion|1\n|-damage|p1a: Basculegion|0 fnt\n|faint|p1a: Basculegion\n|move|p1b: Kitten|Parting Shot|p2a: Sinistcha\n|-unboost|p2a: Sinistcha|atk|1\n|-unboost|p2a: Sinistcha|spa|1\n|\n|-heal|p2a: Sinistcha|44/100 par|[from] item: Leftovers\n|upkeep\n|turn|12\n|\n|t:|1775913360\n|move|p2a: Sinistcha|Rage Powder|p2a: Sinistcha\n|-singleturn|p2a: Sinistcha|move: Rage Powder\n|move|p2b: Incineroar|Flare Blitz|p1b: Kitten\n|-resisted|p1b: Kitten|1\n|-damage|p1b: Kitten|0 fnt\n|faint|p1b: Kitten\n|-damage|p2b: Incineroar|49/100 par|[from] Recoil\n|\n|win|D-World\n|raw|calacadura's rating: 1130 &rarr; <strong>1105</strong><br />(-25 for losing)\n|raw|D-World's rating: 1128 &rarr; <strong>1153</strong><br />(+25 for winning)\n",
  "uploadtime": 1775913361,
  "views": 14,
  "formatid": "gen9championsvgc2026regma",
  "rating": 1105,
  "private": 0,
  "password": null
}