{
  "id": "gen9championsvgc2026regma-2583818144",
  "format": "[Gen 9 Champions] VGC 2026 Reg M-A",
  "players": [
    "Joh Prime",
    "ZeroPops"
  ],
  "log": "|j|\u2606Joh Prime\n|j|\u2606ZeroPops\n|t:|1776200079\n|gametype|doubles\n|player|p1|Joh Prime|marley|1144\n|player|p2|ZeroPops|266|1220\n|gen|9\n|tier|[Gen 9 Champions] VGC 2026 Reg M-A\n|rated|\n|rule|Species Clause: Limit one of each Pok\u00e9mon\n|rule|Item Clause: Limit 1 of each item\n|clearpoke\n|poke|p1|Charizard, L50, M|\n|poke|p1|Whimsicott, L50, F|\n|poke|p1|Incineroar, L50, M|\n|poke|p1|Aerodactyl, L50, M|\n|poke|p1|Venusaur, L50, M|\n|poke|p1|Sneasler, L50, F|\n|poke|p2|Floette-Eternal, L50, F|\n|poke|p2|Aerodactyl, L50, F|\n|poke|p2|Sneasler, L50, M|\n|poke|p2|Incineroar, L50, F|\n|poke|p2|Kingambit, L50, M|\n|poke|p2|Basculegion, L50, M|\n|teampreview|4\n|inactive|Battle timer is ON: inactive players will automatically lose when time's up. (requested by ZeroPops)\n|\n|t:|1776200123\n|teamsize|p1|4\n|teamsize|p2|4\n|start\n|switch|p1a: Blossom|Whimsicott, L50, F, shiny|100/100\n|switch|p1b: Claws|Sneasler, L50, F|100/100\n|switch|p2a: Aerodactyl|Aerodactyl, L50, F|100/100\n|switch|p2b: Incineroar|Incineroar, L50, F|100/100\n|-ability|p2a: Aerodactyl|Unnerve\n|-ability|p2b: Incineroar|Intimidate|boost\n|-unboost|p1a: Blossom|atk|1\n|-unboost|p1b: Claws|atk|1\n|-enditem|p1b: Claws|White Herb\n|-clearnegativeboost|p1b: Claws|[silent]\n|turn|1\n|inactive|Joh Prime has 30 seconds left.\n|inactive|ZeroPops has 30 seconds left.\n|inactive|Joh Prime has 20 seconds left.\n|inactive|ZeroPops has 20 seconds left.\n|inactive|Joh Prime has 15 seconds left.\n|\n|t:|1776200163\n|move|p1b: Claws|Fake Out|p2b: Incineroar\n|-damage|p2b: Incineroar|87/100\n|cant|p2b: Incineroar|flinch\n|move|p2a: Aerodactyl|Dual Wingbeat|p1b: Claws\n|-supereffective|p1b: Claws|1\n|-damage|p1b: Claws|36/100\n|-supereffective|p1b: Claws|1\n|-damage|p1b: Claws|0 fnt\n|faint|p1b: Claws\n|-hitcount|p1: Claws|2\n|move|p1a: Blossom|Moonblast|p2a: Aerodactyl\n|-damage|p2a: Aerodactyl|45/100\n|\n|upkeep\n|inactive|Joh Prime has 30 seconds left.\n|\n|t:|1776200197\n|switch|p1b: Over|Charizard, L50, M, shiny|100/100\n|turn|2\n|\n|t:|1776200222\n|switch|p2b: Basculegion|Basculegion, L50, M|100/100\n|detailschange|p1b: Over|Charizard-Mega-Y, L50, M, shiny\n|-mega|p1b: Over|Charizard|Charizardite Y\n|-weather|SunnyDay|[from] ability: Drought|[of] p1b: Over\n|move|p2a: Aerodactyl|Protect|p2a: Aerodactyl\n|-singleturn|p2a: Aerodactyl|Protect\n|move|p1a: Blossom|Tailwind|p1a: Blossom\n|-sidestart|p1: Joh Prime|move: Tailwind\n|move|p1b: Over|Solar Beam||[still]\n|-prepare|p1b: Over|Solar Beam\n|-anim|p1b: Over|Solar Beam|p2a: Aerodactyl\n|-activate|p2a: Aerodactyl|move: Protect\n|\n|-weather|SunnyDay|[upkeep]\n|upkeep\n|turn|3\n|inactive|Joh Prime has 30 seconds left.\n|inactive|ZeroPops has 30 seconds left.\n|inactive|ZeroPops has 20 seconds left.\n|inactive|ZeroPops has 15 seconds left.\n|inactive|ZeroPops has 10 seconds left.\n|\n|t:|1776200269\n|switch|p2a: Incineroar|Incineroar, L50, F|87/100\n|-ability|p2a: Incineroar|Intimidate|boost\n|-unboost|p1a: Blossom|atk|1\n|-unboost|p1b: Over|atk|1\n|move|p1a: Blossom|Helping Hand|p1b: Over\n|-singleturn|p1b: Over|Helping Hand|[of] p1a: Blossom\n|move|p1b: Over|Heat Wave|p2b: Basculegion|[spread] p2a,p2b\n|-resisted|p2a: Incineroar|1\n|-resisted|p2b: Basculegion|1\n|-damage|p2a: Incineroar|39/100\n|-damage|p2b: Basculegion|38/100\n|move|p2b: Basculegion|Wave Crash|p1b: Over\n|-supereffective|p1b: Over|1\n|-damage|p1b: Over|0 fnt\n|faint|p1b: Over\n|-damage|p2b: Basculegion|12/100|[from] Recoil\n|\n|-weather|SunnyDay|[upkeep]\n|upkeep\n|\n|t:|1776200287\n|switch|p1b: Green|Venusaur, L50, M, shiny|100/100\n|turn|4\n|inactive|Joh Prime has 30 seconds left.\n|\n|t:|1776200318\n|switch|p2b: Floette|Floette-Eternal, L50, F|100/100\n|move|p1a: Blossom|Protect|p1a: Blossom\n|-singleturn|p1a: Blossom|Protect\n|move|p2a: Incineroar|Fake Out|p1b: Green\n|-damage|p1b: Green|86/100\n|cant|p1b: Green|flinch\n|\n|-weather|SunnyDay|[upkeep]\n|upkeep\n|turn|5\n|\n|t:|1776200340\n|switch|p2a: Basculegion|Basculegion, L50, M|12/100\n|detailschange|p2b: Floette|Floette-Mega, L50, F\n|-mega|p2b: Floette|Floette|Floettite\n|-ability|p2b: Floette|Fairy Aura\n|move|p2b: Floette|Protect|p2b: Floette\n|-singleturn|p2b: Floette|Protect\n|move|p1b: Green|Sludge Bomb|p2b: Floette\n|-activate|p2b: Floette|move: Protect\n|move|p1a: Blossom|Moonblast|p2a: Basculegion\n|-damage|p2a: Basculegion|0 fnt\n|faint|p2a: Basculegion\n|\n|-weather|SunnyDay|[upkeep]\n|-sideend|p1: Joh Prime|move: Tailwind\n|upkeep\n|\n|t:|1776200351\n|switch|p2a: Aerodactyl|Aerodactyl, L50, F|45/100\n|-ability|p2a: Aerodactyl|Unnerve\n|turn|6\n|\n|t:|1776200372\n|move|p1a: Blossom|Tailwind|p1a: Blossom\n|-sidestart|p1: Joh Prime|move: Tailwind\n|move|p1b: Green|Sludge Bomb|p2b: Floette\n|-supereffective|p2b: Floette|1\n|-damage|p2b: Floette|43/100\n|-status|p2b: Floette|psn\n|move|p2a: Aerodactyl|Tailwind|p2a: Aerodactyl\n|-sidestart|p2: ZeroPops|move: Tailwind\n|move|p2b: Floette|Calm Mind|p2b: Floette\n|-boost|p2b: Floette|spa|1\n|-boost|p2b: Floette|spd|1\n|\n|-weather|none\n|-damage|p2b: Floette|31/100 psn|[from] psn\n|upkeep\n|turn|7\n|inactive|Joh Prime has 30 seconds left.\n|inactive|Joh Prime has 20 seconds left.\n|inactive|Joh Prime has 15 seconds left.\n|\n|t:|1776200414\n|move|p2a: Aerodactyl|Dual Wingbeat|p1b: Green\n|-supereffective|p1b: Green|1\n|-damage|p1b: Green|44/100\n|-supereffective|p1b: Green|1\n|-damage|p1b: Green|0 fnt\n|faint|p1b: Green\n|-hitcount|p1: Green|2\n|move|p1a: Blossom|Moonblast|p2a: Aerodactyl\n|-damage|p2a: Aerodactyl|0 fnt\n|faint|p2a: Aerodactyl\n|move|p2b: Floette|Dazzling Gleam|p1a: Blossom\n|-enditem|p1a: Blossom|Focus Sash\n|-damage|p1a: Blossom|1/100\n|\n|-damage|p2b: Floette|19/100 psn|[from] psn\n|upkeep\n|\n|t:|1776200422\n|switch|p2a: Incineroar|Incineroar, L50, F|39/100\n|-ability|p2a: Incineroar|Intimidate|boost\n|-unboost|p1a: Blossom|atk|1\n|turn|8\n|\n|t:|1776200438\n|move|p1a: Blossom|Protect|p1a: Blossom\n|-singleturn|p1a: Blossom|Protect\n|move|p2a: Incineroar|Fake Out|p1a: Blossom\n|-activate|p1a: Blossom|move: Protect\n|move|p2b: Floette|Moonblast|p1a: Blossom\n|-activate|p1a: Blossom|move: Protect\n|\n|-damage|p2b: Floette|7/100 psn|[from] psn\n|upkeep\n|turn|9\n|\n|t:|1776200451\n|move|p1a: Blossom|Moonblast|p2a: Incineroar\n|-damage|p2a: Incineroar|0 fnt\n|faint|p2a: Incineroar\n|move|p2b: Floette|Moonblast|p1a: Blossom\n|-damage|p1a: Blossom|0 fnt\n|faint|p1a: Blossom\n|\n|win|ZeroPops\n|raw|Joh Prime's rating: 1144 &rarr; <strong>1124</strong><br />(-20 for losing)\n|raw|ZeroPops's rating: 1220 &rarr; <strong>1240</strong><br />(+20 for winning)\n",
  "uploadtime": 1776200461,
  "views": 48,
  "formatid": "gen9championsvgc2026regma",
  "rating": 1124,
  "private": 0,
  "password": null
}