{
  "id": "gen9championsvgc2026regma-2583247278",
  "format": "[Gen 9 Champions] VGC 2026 Reg M-A",
  "players": [
    "Jack Cbt",
    "Yashinon"
  ],
  "log": "|j|\u2606Jack Cbt\n|j|\u2606Yashinon\n|t:|1776159190\n|gametype|doubles\n|player|p1|Jack Cbt|ingo|1142\n|player|p2|Yashinon|101|1132\n|gen|9\n|tier|[Gen 9 Champions] VGC 2026 Reg M-A\n|rated|\n|rule|Species Clause: Limit one of each Pok\u00e9mon\n|rule|Item Clause: Limit 1 of each item\n|clearpoke\n|poke|p1|Delphox, L50, F|\n|poke|p1|Basculegion, L50, M|\n|poke|p1|Clefable, L50, M|\n|poke|p1|Kingambit, L50, M|\n|poke|p1|Dragonite, L50, M|\n|poke|p1|Sneasler, L50, F|\n|poke|p2|Gengar, L50, M|\n|poke|p2|Whimsicott, L50, F|\n|poke|p2|Maushold-Four, L50|\n|poke|p2|Incineroar, L50, F|\n|poke|p2|Garchomp, L50, M|\n|poke|p2|Tyranitar, L50, F|\n|teampreview|4\n|\n|t:|1776159222\n|teamsize|p1|4\n|teamsize|p2|4\n|start\n|switch|p1a: Basculegion|Basculegion, L50, M|100/100\n|switch|p1b: The Herta|Delphox, L50, F|100/100\n|switch|p2a: Gengar|Gengar, L50, M|100/100\n|switch|p2b: Incineroar|Incineroar, L50, F|100/100\n|-ability|p2b: Incineroar|Intimidate|boost\n|-unboost|p1a: Basculegion|atk|1\n|-unboost|p1b: The Herta|atk|1\n|turn|1\n|\n|t:|1776159239\n|switch|p1b: Clefable|Clefable, L50, M|100/100\n|detailschange|p2a: Gengar|Gengar-Mega, L50, M\n|-mega|p2a: Gengar|Gengar|Gengarite\n|move|p2b: Incineroar|Fake Out|p1b: Clefable\n|-damage|p1b: Clefable|93/100\n|move|p1a: Basculegion|Flip Turn|p2a: Gengar\n|-damage|p2a: Gengar|69/100\n|\n|t:|1776159251\n|switch|p1a: Kingambit|Kingambit, L50, M|100/100|[from] Flip Turn\n|move|p2a: Gengar|Perish Song|p2a: Gengar\n|-start|p1a: Kingambit|perish3|[silent]\n|-start|p1b: Clefable|perish3|[silent]\n|-start|p2a: Gengar|perish3|[silent]\n|-start|p2b: Incineroar|perish3|[silent]\n|-fieldactivate|move: Perish Song\n|\n|-start|p2a: Gengar|perish3\n|-start|p2b: Incineroar|perish3\n|-start|p1b: Clefable|perish3\n|-start|p1a: Kingambit|perish3\n|upkeep\n|turn|2\n|\n|t:|1776159277\n|switch|p2a: Maushold|Maushold-Four, L50|100/100\n|move|p1b: Clefable|Follow Me|p1b: Clefable\n|-singleturn|p1b: Clefable|move: Follow Me\n|move|p2b: Incineroar|Parting Shot|p1b: Clefable\n|-unboost|p1b: Clefable|atk|1\n|-unboost|p1b: Clefable|spa|1\n|\n|t:|1776159287\n|switch|p2b: Gengar|Gengar-Mega, L50, M|69/100|[from] Parting Shot\n|move|p1a: Kingambit|Swords Dance|p1a: Kingambit\n|-boost|p1a: Kingambit|atk|2\n|\n|-start|p1b: Clefable|perish2\n|-start|p1a: Kingambit|perish2\n|upkeep\n|turn|3\n|\n|t:|1776159325\n|move|p2b: Gengar|Protect|p2b: Gengar\n|-singleturn|p2b: Gengar|Protect\n|move|p1b: Clefable|Follow Me|p1b: Clefable\n|-singleturn|p1b: Clefable|move: Follow Me\n|move|p2a: Maushold|Encore|p1b: Clefable\n|-start|p1b: Clefable|Encore\n|move|p1a: Kingambit|Kowtow Cleave|p2a: Maushold\n|-damage|p2a: Maushold|0 fnt\n|faint|p2a: Maushold\n|\n|-start|p1b: Clefable|perish1\n|-start|p1a: Kingambit|perish1\n|upkeep\n|\n|t:|1776159355\n|switch|p2a: Incineroar|Incineroar, L50, F|100/100\n|-ability|p2a: Incineroar|Intimidate|boost\n|-unboost|p1a: Kingambit|atk|1\n|-ability|p1a: Kingambit|Defiant|boost\n|-boost|p1a: Kingambit|atk|2\n|-unboost|p1b: Clefable|atk|1\n|turn|4\n|\n|t:|1776159370\n|switch|p2b: Garchomp|Garchomp, L50, M|100/100\n|move|p2a: Incineroar|Fake Out|p1a: Kingambit\n|-resisted|p1a: Kingambit|1\n|-damage|p1a: Kingambit|97/100\n|move|p1b: Clefable|Follow Me|p1b: Clefable\n|-singleturn|p1b: Clefable|move: Follow Me\n|cant|p1a: Kingambit|flinch\n|\n|-start|p1b: Clefable|perish0\n|-start|p1a: Kingambit|perish0\n|upkeep\n|faint|p1b: Clefable\n|faint|p1a: Kingambit\n|\n|t:|1776159375\n|switch|p1b: Basculegion|Basculegion, L50, M|100/100\n|switch|p1a: The Herta|Delphox, L50, F|100/100\n|turn|5\n|\n|t:|1776159419\n|detailschange|p1a: The Herta|Delphox-Mega, L50, F\n|-mega|p1a: The Herta|Delphox|Delphoxite\n|move|p2b: Garchomp|Protect|p2b: Garchomp\n|-singleturn|p2b: Garchomp|Protect\n|move|p1a: The Herta|Substitute|p1a: The Herta\n|-start|p1a: The Herta|Substitute\n|-damage|p1a: The Herta|76/100\n|move|p1b: Basculegion|Wave Crash|p2a: Incineroar\n|-supereffective|p2a: Incineroar|1\n|-damage|p2a: Incineroar|0 fnt\n|faint|p2a: Incineroar\n|-damage|p1b: Basculegion|71/100|[from] Recoil\n|\n|upkeep\n|\n|t:|1776159433\n|switch|p2a: Gengar|Gengar-Mega, L50, M|69/100\n|turn|6\n|\n|t:|1776159468\n|move|p1a: The Herta|Psychic|p2b: Garchomp\n|-damage|p2b: Garchomp|50/100\n|move|p1b: Basculegion|Wave Crash|p2b: Garchomp\n|-damage|p2b: Garchomp|0 fnt\n|faint|p2b: Garchomp\n|-damage|p1b: Basculegion|56/100|[from] Recoil\n|move|p2a: Gengar|Disable|p1b: Basculegion\n|-start|p1b: Basculegion|Disable|Wave Crash\n|\n|upkeep\n|turn|7\n|\n|t:|1776159484\n|move|p2a: Gengar|Protect|p2a: Gengar\n|-singleturn|p2a: Gengar|Protect\n|move|p1a: The Herta|Psychic|p2a: Gengar\n|-activate|p2a: Gengar|move: Protect\n|-activate|p1b: Basculegion|move: Struggle\n|move|p1b: Basculegion|Struggle|p2a: Gengar\n|-activate|p2a: Gengar|move: Protect\n|\n|upkeep\n|turn|8\n|\n|t:|1776159499\n|move|p1a: The Herta|Psychic|p2a: Gengar\n|-supereffective|p2a: Gengar|1\n|-damage|p2a: Gengar|0 fnt\n|faint|p2a: Gengar\n|\n|win|Jack Cbt\n|raw|Jack Cbt's rating: 1142 &rarr; <strong>1166</strong><br />(+24 for winning)\n|raw|Yashinon's rating: 1132 &rarr; <strong>1108</strong><br />(-24 for losing)\n|l|\u2606Yashinon\n|player|p2|\n",
  "uploadtime": 1776159510,
  "views": 30,
  "formatid": "gen9championsvgc2026regma",
  "rating": 1108,
  "private": 0,
  "password": null
}