{
  "id": "gen9championsvgc2026regma-2588529628",
  "format": "[Gen 9 Champions] VGC 2026 Reg M-A",
  "players": [
    "ImYoou",
    "sdlt 2krl coolguy"
  ],
  "log": "|j|\u2606ImYoou\n|j|\u2606sdlt 2krl coolguy\n|t:|1776642030\n|gametype|doubles\n|player|p1|ImYoou|266|1214\n|player|p2|sdlt 2krl coolguy|leon-masters2|1228\n|gen|9\n|tier|[Gen 9 Champions] VGC 2026 Reg M-A\n|rated|\n|rule|Species Clause: Limit one of each Pok\u00e9mon\n|rule|Item Clause: Limit 1 of each item\n|clearpoke\n|poke|p1|Floette-Eternal, L50, F, shiny|\n|poke|p1|Garchomp, L50, M|\n|poke|p1|Incineroar, L50, F|\n|poke|p1|Rotom-Wash, L50|\n|poke|p1|Venusaur, L50, F|\n|poke|p1|Charizard, L50, F|\n|poke|p2|Floette-Eternal, L50, F|\n|poke|p2|Incineroar, L50, F|\n|poke|p2|Sinistcha, L50|\n|poke|p2|Garchomp, L50, M|\n|poke|p2|Sneasler, L50, F|\n|poke|p2|Kingambit, L50, F|\n|teampreview|4\n|inactive|Battle timer is ON: inactive players will automatically lose when time's up. (requested by sdlt 2krl coolguy)\n|\n|t:|1776642052\n|teamsize|p1|4\n|teamsize|p2|4\n|start\n|switch|p1a: Pin|Garchomp, L50, M|100/100\n|switch|p1b: Y Pan|Rotom-Wash, L50|100/100\n|switch|p2a: Floette|Floette-Eternal, L50, F|100/100\n|switch|p2b: Incineroar|Incineroar, L50, F|100/100\n|-ability|p2b: Incineroar|Intimidate|boost\n|-unboost|p1a: Pin|atk|1\n|-unboost|p1b: Y Pan|atk|1\n|-enditem|p1a: Pin|White Herb\n|-clearnegativeboost|p1a: Pin|[silent]\n|turn|1\n|\n|t:|1776642063\n|detailschange|p2a: Floette|Floette-Mega, L50, F\n|-mega|p2a: Floette|Floette|Floettite\n|-ability|p2a: Floette|Fairy Aura\n|move|p1a: Pin|Protect|p1a: Pin\n|-singleturn|p1a: Pin|Protect\n|move|p2b: Incineroar|Fake Out|p1b: Y Pan\n|-damage|p1b: Y Pan|89/100\n|move|p2a: Floette|Moonblast|p1a: Pin\n|-activate|p1a: Pin|move: Protect\n|cant|p1b: Y Pan|flinch\n|\n|upkeep\n|turn|2\n|inactive|ImYoou has 30 seconds left.\n|\n|t:|1776642091\n|move|p1a: Pin|Earthquake|p2a: Floette|[spread] p2a,p2b\n|-immune|p1b: Y Pan|[from] ability: Levitate\n|-supereffective|p2b: Incineroar|1\n|-damage|p2a: Floette|57/100\n|-damage|p2b: Incineroar|41/100\n|move|p2a: Floette|Moonblast|p1a: Pin\n|-supereffective|p1a: Pin|1\n|-damage|p1a: Pin|0 fnt\n|faint|p1a: Pin\n|move|p1b: Y Pan|Discharge|p2a: Floette|[spread] p2a,p2b\n|-damage|p2a: Floette|38/100\n|-damage|p2b: Incineroar|18/100\n|move|p2b: Incineroar|Parting Shot|p1b: Y Pan\n|-unboost|p1b: Y Pan|atk|1\n|-unboost|p1b: Y Pan|spa|1\n|\n|t:|1776642103\n|switch|p2b: Sneasler|Sneasler, L50, F|100/100|[from] Parting Shot\n|\n|upkeep\n|\n|t:|1776642110\n|switch|p1a: SayMyName|Incineroar, L50, F|100/100\n|-ability|p1a: SayMyName|Intimidate|boost\n|-unboost|p2a: Floette|atk|1\n|-unboost|p2b: Sneasler|atk|1\n|-enditem|p2b: Sneasler|White Herb\n|-clearnegativeboost|p2b: Sneasler|[silent]\n|turn|3\n|\n|t:|1776642119\n|move|p2b: Sneasler|Protect|p2b: Sneasler\n|-singleturn|p2b: Sneasler|Protect\n|move|p2a: Floette|Protect|p2a: Floette\n|-singleturn|p2a: Floette|Protect\n|move|p1a: SayMyName|Fake Out|p2a: Floette\n|-activate|p2a: Floette|move: Protect\n|move|p1b: Y Pan|Will-O-Wisp|p2b: Sneasler\n|-activate|p2b: Sneasler|move: Protect\n|\n|upkeep\n|turn|4\n|\n|t:|1776642137\n|move|p2b: Sneasler|Close Combat|p1b: Y Pan\n|-damage|p1b: Y Pan|29/100\n|-unboost|p2b: Sneasler|def|1\n|-unboost|p2b: Sneasler|spd|1\n|-enditem|p1b: Y Pan|Sitrus Berry|[eat]\n|-heal|p1b: Y Pan|54/100|[from] item: Sitrus Berry\n|move|p2a: Floette|Moonblast|p1b: Y Pan\n|-damage|p1b: Y Pan|0 fnt\n|faint|p1b: Y Pan\n|move|p1a: SayMyName|Parting Shot|p2b: Sneasler\n|-unboost|p2b: Sneasler|atk|1\n|-unboost|p2b: Sneasler|spa|1\n|\n|t:|1776642149\n|switch|p1a: Rosadita|Floette-Eternal, L50, F, shiny|100/100|[from] Parting Shot\n|\n|upkeep\n|\n|t:|1776642151\n|switch|p1b: SayMyName|Incineroar, L50, F|100/100\n|-ability|p1b: SayMyName|Intimidate|boost\n|-unboost|p2a: Floette|atk|1\n|-unboost|p2b: Sneasler|atk|1\n|turn|5\n|\n|t:|1776642162\n|detailschange|p1a: Rosadita|Floette-Mega, L50, F, shiny\n|-mega|p1a: Rosadita|Floette|Floettite\n|-ability|p1a: Rosadita|Fairy Aura\n|move|p2b: Sneasler|Protect|p2b: Sneasler\n|-singleturn|p2b: Sneasler|Protect\n|move|p1b: SayMyName|Fake Out|p2a: Floette\n|-damage|p2a: Floette|26/100\n|move|p1a: Rosadita|Calm Mind|p1a: Rosadita\n|-boost|p1a: Rosadita|spa|1\n|-boost|p1a: Rosadita|spd|1\n|cant|p2a: Floette|flinch\n|\n|upkeep\n|turn|6\n|\n|t:|1776642180\n|move|p2b: Sneasler|Close Combat|p1b: SayMyName\n|-supereffective|p1b: SayMyName|1\n|-enditem|p1b: SayMyName|Chople Berry|[eat]\n|-enditem|p1b: SayMyName|Chople Berry|[weaken]\n|-damage|p1b: SayMyName|76/100\n|-unboost|p2b: Sneasler|def|1\n|-unboost|p2b: Sneasler|spd|1\n|move|p1a: Rosadita|Dazzling Gleam|p2a: Floette|[spread] p2a,p2b\n|-damage|p2a: Floette|0 fnt\n|-damage|p2b: Sneasler|0 fnt\n|faint|p2a: Floette\n|faint|p2b: Sneasler\n|move|p1b: SayMyName|Flare Blitz|p2: Floette|[notarget]\n|-fail|p1b: SayMyName\n|\n|upkeep\n|\n|t:|1776642185\n|switch|p2b: Kingambit|Kingambit, L50, F|100/100\n|switch|p2a: Incineroar|Incineroar, L50, F|18/100\n|-ability|p2a: Incineroar|Intimidate|boost\n|-unboost|p1a: Rosadita|atk|1\n|-unboost|p1b: SayMyName|atk|1\n|turn|7\n|\n|t:|1776642197\n|move|p1a: Rosadita|Dazzling Gleam|p2a: Incineroar|[spread] p2a,p2b\n|-damage|p2a: Incineroar|0 fnt\n|-damage|p2b: Kingambit|43/100\n|faint|p2a: Incineroar\n|move|p1b: SayMyName|Flare Blitz|p2b: Kingambit\n|-supereffective|p2b: Kingambit|1\n|-damage|p2b: Kingambit|0 fnt\n|faint|p2b: Kingambit\n|-damage|p1b: SayMyName|62/100|[from] Recoil\n|\n|win|ImYoou\n|raw|ImYoou's rating: 1214 &rarr; <strong>1240</strong><br />(+26 for winning)\n|raw|sdlt 2krl coolguy's rating: 1228 &rarr; <strong>1202</strong><br />(-26 for losing)\n",
  "uploadtime": 1776642197,
  "views": 14,
  "formatid": "gen9championsvgc2026regma",
  "rating": 1202,
  "private": 0,
  "password": null
}