{
  "id": "gen9championsvgc2026regma-2580735704",
  "format": "[Gen 9 Champions] VGC 2026 Reg M-A",
  "players": [
    "yuriimon",
    "RealKungullu"
  ],
  "log": "|j|\u2606yuriimon\n|j|\u2606RealKungullu\n|t:|1775928235\n|gametype|doubles\n|player|p1|yuriimon|waitress-gen4|1074\n|player|p2|RealKungullu|harlequin|1082\n|gen|9\n|tier|[Gen 9 Champions] VGC 2026 Reg M-A\n|rated|\n|rule|Species Clause: Limit one of each Pok\u00e9mon\n|rule|Item Clause: Limit 1 of each item\n|clearpoke\n|poke|p1|Feraligatr, L50, M|\n|poke|p1|Gallade, L50, M|\n|poke|p1|Politoed, L50, M|\n|poke|p1|Raichu, L50, F|\n|poke|p1|Arcanine-Hisui, L50, F|\n|poke|p1|Clefable, L50, F|\n|poke|p2|Chesnaught, L50, M|\n|poke|p2|Farigiraf, L50, M|\n|poke|p2|Aegislash, L50, F|\n|poke|p2|Basculegion, L50, M|\n|poke|p2|Sinistcha, L50|\n|poke|p2|Golurk, L50|\n|teampreview|4\n|inactive|Battle timer is ON: inactive players will automatically lose when time's up. (requested by yuriimon)\n|inactive|yuriimon has 60 seconds left.\n|\n|t:|1775928287\n|teamsize|p1|4\n|teamsize|p2|4\n|start\n|switch|p1a: Arcanine|Arcanine-Hisui, L50, F|100/100\n|switch|p1b: Gallade|Gallade, L50, M|100/100\n|switch|p2a: Farigiraf|Farigiraf, L50, M|100/100\n|switch|p2b: Chesnaught|Chesnaught, L50, M|100/100\n|turn|1\n|\n|t:|1775928300\n|move|p2b: Chesnaught|Spiky Shield|p2b: Chesnaught\n|-singleturn|p2b: Chesnaught|move: Protect\n|move|p1a: Arcanine|Flare Blitz|p2b: Chesnaught\n|-activate|p2b: Chesnaught|move: Protect\n|-damage|p1a: Arcanine|88/100|[from] Spiky Shield|[of] p2b: Chesnaught\n|move|p1b: Gallade|Trick Room|p1b: Gallade\n|-fieldstart|move: Trick Room|[of] p1b: Gallade\n|move|p2a: Farigiraf|Trick Room|p2a: Farigiraf\n|-fieldend|move: Trick Room\n|\n|upkeep\n|turn|2\n|\n|t:|1775928321\n|switch|p2b: Basculegion|Basculegion, L50, M|100/100\n|move|p1a: Arcanine|Flare Blitz|p2b: Basculegion\n|-resisted|p2b: Basculegion|1\n|-damage|p2b: Basculegion|57/100\n|move|p1b: Gallade|Psycho Cut|p2b: Basculegion\n|-damage|p2b: Basculegion|0 fnt\n|faint|p2b: Basculegion\n|move|p2a: Farigiraf|Trick Room|p2a: Farigiraf\n|-fieldstart|move: Trick Room|[of] p2a: Farigiraf\n|\n|upkeep\n|\n|t:|1775928333\n|switch|p2b: Chesnaught|Chesnaught, L50, M|100/100\n|turn|3\n|\n|t:|1775928340\n|detailschange|p2b: Chesnaught|Chesnaught-Mega, L50, M\n|-mega|p2b: Chesnaught|Chesnaught|Chesnaughtite\n|move|p1a: Arcanine|Protect|p1a: Arcanine\n|-singleturn|p1a: Arcanine|Protect\n|move|p2b: Chesnaught|Body Press|p1a: Arcanine\n|-activate|p1a: Arcanine|move: Protect\n|move|p2a: Farigiraf|Psychic|p1b: Gallade\n|-damage|p1b: Gallade|69/100\n|move|p1b: Gallade|Trick Room|p1b: Gallade\n|-fieldend|move: Trick Room\n|\n|upkeep\n|turn|4\n|inactive|RealKungullu has 30 seconds left.\n|\n|t:|1775928367\n|move|p1a: Arcanine|Head Smash|p2a: Farigiraf\n|-damage|p2a: Farigiraf|37/100\n|-enditem|p2a: Farigiraf|Sitrus Berry|[eat]\n|-heal|p2a: Farigiraf|61/100|[from] item: Sitrus Berry\n|move|p1b: Gallade|Sacred Sword|p2a: Farigiraf\n|-crit|p2a: Farigiraf\n|-damage|p2a: Farigiraf|0 fnt\n|faint|p2a: Farigiraf\n|move|p2b: Chesnaught|Body Press|p1a: Arcanine\n|-supereffective|p1a: Arcanine|1\n|-damage|p1a: Arcanine|0 fnt\n|faint|p1a: Arcanine\n|\n|upkeep\n|\n|t:|1775928379\n|switch|p1a: Feraligatr|Feraligatr, L50, M|100/100\n|switch|p2a: Aegislash|Aegislash, L50, F|100/100\n|turn|5\n|\n|t:|1775928400\n|detailschange|p1a: Feraligatr|Feraligatr-Mega, L50, M\n|-mega|p1a: Feraligatr|Feraligatr|Feraligite\n|move|p2b: Chesnaught|Spiky Shield|p2b: Chesnaught\n|-singleturn|p2b: Chesnaught|move: Protect\n|move|p1a: Feraligatr|Body Slam|p2b: Chesnaught\n|-activate|p2b: Chesnaught|move: Protect\n|-damage|p1a: Feraligatr|88/100|[from] Spiky Shield|[of] p2b: Chesnaught\n|move|p1b: Gallade|Psycho Cut|p2b: Chesnaught\n|-activate|p2b: Chesnaught|move: Protect\n|move|p2a: Aegislash|Swords Dance|p2a: Aegislash\n|-boost|p2a: Aegislash|atk|2\n|\n|upkeep\n|turn|6\n|inactive|yuriimon has 30 seconds left.\n|inactive|yuriimon has 20 seconds left.\n|\n|t:|1775928437\n|move|p1a: Feraligatr|Body Slam|p2b: Chesnaught\n|-damage|p2b: Chesnaught|62/100\n|-status|p2b: Chesnaught|par\n|move|p1b: Gallade|Psycho Cut|p2b: Chesnaught\n|-supereffective|p2b: Chesnaught|1\n|-damage|p2b: Chesnaught|7/100 par\n|-formechange|p2a: Aegislash|Aegislash-Blade|\n|move|p2a: Aegislash|Shadow Claw|p1b: Gallade\n|-supereffective|p1b: Gallade|1\n|-damage|p1b: Gallade|0 fnt\n|faint|p1b: Gallade\n|move|p2b: Chesnaught|Wood Hammer|p1a: Feraligatr\n|-damage|p1a: Feraligatr|37/100\n|-damage|p2b: Chesnaught|0 fnt|[from] Recoil\n|faint|p2b: Chesnaught\n|\n|upkeep\n|\n|t:|1775928450\n|switch|p1b: Clefable|Clefable, L50, F|100/100\n|turn|7\n|\n|t:|1775928461\n|move|p1b: Clefable|Follow Me|p1b: Clefable\n|-singleturn|p1b: Clefable|move: Follow Me\n|move|p1a: Feraligatr|Swords Dance|p1a: Feraligatr\n|-boost|p1a: Feraligatr|atk|2\n|move|p2a: Aegislash|Iron Head|p1b: Clefable\n|-supereffective|p1b: Clefable|1\n|-damage|p1b: Clefable|12/100\n|-enditem|p1b: Clefable|Sitrus Berry|[eat]\n|-heal|p1b: Clefable|37/100|[from] item: Sitrus Berry\n|\n|upkeep\n|turn|8\n|\n|t:|1775928472\n|-formechange|p2a: Aegislash|Aegislash|\n|move|p2a: Aegislash|King's Shield|p2a: Aegislash\n|-singleturn|p2a: Aegislash|Protect\n|move|p1b: Clefable|Follow Me|p1b: Clefable\n|-singleturn|p1b: Clefable|move: Follow Me\n|move|p1a: Feraligatr|Liquidation|p2a: Aegislash\n|-activate|p2a: Aegislash|move: Protect\n|-unboost|p1a: Feraligatr|atk|1\n|\n|upkeep\n|turn|9\n|\n|t:|1775928488\n|move|p1b: Clefable|Follow Me|p1b: Clefable\n|-singleturn|p1b: Clefable|move: Follow Me\n|move|p1a: Feraligatr|Liquidation|p2a: Aegislash\n|-damage|p2a: Aegislash|26/100\n|-formechange|p2a: Aegislash|Aegislash-Blade|\n|move|p2a: Aegislash|Iron Head|p1b: Clefable\n|-supereffective|p1b: Clefable|1\n|-damage|p1b: Clefable|0 fnt\n|faint|p1b: Clefable\n|\n|-heal|p2a: Aegislash|32/100|[from] item: Leftovers\n|upkeep\n|turn|10\n|\n|t:|1775928500\n|-formechange|p2a: Aegislash|Aegislash|\n|move|p2a: Aegislash|King's Shield|p2a: Aegislash\n|-singleturn|p2a: Aegislash|Protect\n|move|p1a: Feraligatr|Liquidation|p2a: Aegislash\n|-activate|p2a: Aegislash|move: Protect\n|-unboost|p1a: Feraligatr|atk|1\n|\n|-heal|p2a: Aegislash|37/100|[from] item: Leftovers\n|upkeep\n|turn|11\n|\n|t:|1775928512\n|move|p1a: Feraligatr|Liquidation|p2a: Aegislash\n|-damage|p2a: Aegislash|0 fnt\n|faint|p2a: Aegislash\n|\n|win|yuriimon\n|raw|yuriimon's rating: 1074 &rarr; <strong>1104</strong><br />(+30 for winning)\n|raw|RealKungullu's rating: 1082 &rarr; <strong>1059</strong><br />(-23 for losing)\n|c|\u2606yuriimon|gg\n|l|\u2606RealKungullu\n|player|p2|\n",
  "uploadtime": 1775928519,
  "views": 13,
  "formatid": "gen9championsvgc2026regma",
  "rating": 1059,
  "private": 0,
  "password": null
}