{
  "id": "gen9championsvgc2026regma-2587230668",
  "format": "[Gen 9 Champions] VGC 2026 Reg M-A",
  "players": [
    "fangyusuhe",
    "hide on whimscott"
  ],
  "log": "|j|\u2606fangyusuhe\n|j|\u2606hide on whimscott\n|t:|1776512026\n|gametype|doubles\n|player|p1|fangyusuhe|dawn|1473\n|player|p2|hide on whimscott|artist-gen4|1389\n|gen|9\n|tier|[Gen 9 Champions] VGC 2026 Reg M-A\n|rated|\n|rule|Species Clause: Limit one of each Pok\u00e9mon\n|rule|Item Clause: Limit 1 of each item\n|clearpoke\n|poke|p1|Floette-Eternal, L50, F|\n|poke|p1|Garchomp, L50, F|\n|poke|p1|Sinistcha, L50|\n|poke|p1|Kingambit, L50, F|\n|poke|p1|Aerodactyl, L50, M|\n|poke|p1|Sneasler, L50, M|\n|poke|p2|Garchomp, L50, M|\n|poke|p2|Aerodactyl, L50, M|\n|poke|p2|Venusaur, L50, F|\n|poke|p2|Torkoal, L50, F|\n|poke|p2|Kingambit, L50, F|\n|poke|p2|Basculegion-F, L50, F|\n|teampreview|4\n|inactive|Battle timer is ON: inactive players will automatically lose when time's up. (requested by fangyusuhe)\n|inactive|hide on whimscott has 60 seconds left.\n|\n|t:|1776512087\n|teamsize|p1|4\n|teamsize|p2|4\n|start\n|switch|p1a: Floette|Floette-Eternal, L50, F|100/100\n|switch|p1b: Aerodactyl|Aerodactyl, L50, M|100/100\n|switch|p2a: Basculegion|Basculegion-F, L50, F|100/100\n|switch|p2b: Venusaur|Venusaur, L50, F|100/100\n|-ability|p1b: Aerodactyl|Unnerve\n|turn|1\n|\n|t:|1776512103\n|detailschange|p1a: Floette|Floette-Mega, L50, F\n|-mega|p1a: Floette|Floette|Floettite\n|-ability|p1a: Floette|Fairy Aura\n|detailschange|p2b: Venusaur|Venusaur-Mega, L50, F\n|-mega|p2b: Venusaur|Venusaur|Venusaurite\n|move|p2b: Venusaur|Protect|p2b: Venusaur\n|-singleturn|p2b: Venusaur|Protect\n|move|p1b: Aerodactyl|Tailwind|p1b: Aerodactyl\n|-sidestart|p1: fangyusuhe|move: Tailwind\n|move|p1a: Floette|Light of Ruin|p2a: Basculegion\n|-damage|p2a: Basculegion|0 fnt\n|faint|p2a: Basculegion\n|-damage|p1a: Floette|37/100|[from] Recoil\n|\n|upkeep\n|\n|t:|1776512114\n|switch|p2a: Kingambit|Kingambit, L50, F|100/100\n|turn|2\n|\n|t:|1776512119\n|move|p2a: Kingambit|Sucker Punch|p1a: Floette\n|-resisted|p1a: Floette|1\n|-damage|p1a: Floette|13/100\n|move|p1b: Aerodactyl|Dual Wingbeat|p2b: Venusaur|[miss]\n|-miss|p1b: Aerodactyl|p2b: Venusaur\n|move|p1a: Floette|Dazzling Gleam|p2a: Kingambit|[spread] p2a,p2b\n|-resisted|p2b: Venusaur|1\n|-damage|p2a: Kingambit|48/100\n|-damage|p2b: Venusaur|80/100\n|move|p2b: Venusaur|Energy Ball|p1b: Aerodactyl\n|-damage|p1b: Aerodactyl|31/100\n|\n|upkeep\n|turn|3\n|\n|t:|1776512130\n|switch|p2b: Garchomp|Garchomp, L50, M|100/100\n|move|p2a: Kingambit|Sucker Punch|p1a: Floette\n|-resisted|p1a: Floette|1\n|-damage|p1a: Floette|0 fnt\n|faint|p1a: Floette\n|move|p1b: Aerodactyl|Dual Wingbeat|p2b: Garchomp|[miss]\n|-miss|p1b: Aerodactyl|p2b: Garchomp\n|\n|upkeep\n|\n|t:|1776512138\n|switch|p1a: Garchomp|Garchomp, L50, F|100/100\n|turn|4\n|\n|t:|1776512149\n|move|p1b: Aerodactyl|Protect|p1b: Aerodactyl\n|-singleturn|p1b: Aerodactyl|Protect\n|move|p2a: Kingambit|Sucker Punch||[still]\n|-fail|p2a: Kingambit\n|move|p1a: Garchomp|Earthquake|p2a: Kingambit|[spread] p2a,p2b\n|-activate|p1b: Aerodactyl|move: Protect\n|-supereffective|p2a: Kingambit|1\n|-damage|p2a: Kingambit|0 fnt\n|-damage|p2b: Garchomp|56/100\n|faint|p2a: Kingambit\n|move|p2b: Garchomp|Dragon Claw|p1a: Garchomp\n|-supereffective|p1a: Garchomp|1\n|-damage|p1a: Garchomp|20/100\n|-damage|p2b: Garchomp|43/100|[from] ability: Rough Skin|[of] p1a: Garchomp\n|\n|-sideend|p1: fangyusuhe|move: Tailwind\n|upkeep\n|\n|t:|1776512155\n|switch|p2a: Venusaur|Venusaur-Mega, L50, F|80/100\n|turn|5\n|\n|t:|1776512178\n|move|p1b: Aerodactyl|Tailwind|p1b: Aerodactyl\n|-sidestart|p1: fangyusuhe|move: Tailwind\n|move|p1a: Garchomp|Earthquake|p2b: Garchomp|[spread] p2a,p2b\n|-immune|p1b: Aerodactyl\n|-damage|p2a: Venusaur|38/100\n|-damage|p2b: Garchomp|0 fnt\n|faint|p2b: Garchomp\n|move|p2a: Venusaur|Energy Ball|p1b: Aerodactyl\n|-damage|p1b: Aerodactyl|0 fnt\n|faint|p1b: Aerodactyl\n|\n|upkeep\n|\n|t:|1776512185\n|switch|p1b: Sneasler|Sneasler, L50, M|100/100\n|turn|6\n|-message|hide on whimscott forfeited.\n|\n|win|fangyusuhe\n|raw|fangyusuhe's rating: 1473 &rarr; <strong>1488</strong><br />(+15 for winning)\n|raw|hide on whimscott's rating: 1389 &rarr; <strong>1374</strong><br />(-15 for losing)\n",
  "uploadtime": 1776512185,
  "views": 21,
  "formatid": "gen9championsvgc2026regma",
  "rating": 1374,
  "private": 0,
  "password": null
}