{
  "id": "gen9championsvgc2026regma-2587636213",
  "format": "[Gen 9 Champions] VGC 2026 Reg M-A",
  "players": [
    "soupedcan",
    "STGHMAAV"
  ],
  "log": "|j|\u2606soupedcan\n|j|\u2606STGHMAAV\n|t:|1776549098\n|gametype|doubles\n|player|p1|soupedcan|miku-flying|1104\n|player|p2|STGHMAAV|wattson|1135\n|gen|9\n|tier|[Gen 9 Champions] VGC 2026 Reg M-A\n|rated|\n|rule|Species Clause: Limit one of each Pok\u00e9mon\n|rule|Item Clause: Limit 1 of each item\n|clearpoke\n|poke|p1|Golurk, L50|\n|poke|p1|Tyranitar, L50, M, shiny|\n|poke|p1|Corviknight, L50, M, shiny|\n|poke|p1|Sinistcha, L50, shiny|\n|poke|p1|Tauros-Paldea-Aqua, L50, M|\n|poke|p1|Rotom-Frost, L50|\n|poke|p2|Kleavor, L50, F|\n|poke|p2|Aerodactyl, L50, M|\n|poke|p2|Maushold, L50|\n|poke|p2|Glimmora, L50, F|\n|poke|p2|Rotom-Wash, L50|\n|poke|p2|Floette-Eternal, L50, F|\n|teampreview|4\n|inactive|Battle timer is ON: inactive players will automatically lose when time's up. (requested by soupedcan)\n|inactive|STGHMAAV has 60 seconds left.\n|\n|t:|1776549139\n|teamsize|p1|4\n|teamsize|p2|4\n|start\n|switch|p1a: Golurk|Golurk, L50|100/100\n|switch|p1b: Sinistcha|Sinistcha, L50, shiny|100/100\n|switch|p2a: Maushold|Maushold, L50|100/100\n|switch|p2b: Rotom|Rotom-Wash, L50|100/100\n|turn|1\n|inactive|soupedcan has 30 seconds left.\n|\n|t:|1776549169\n|switch|p1b: Corviknight|Corviknight, L50, M, shiny|100/100\n|detailschange|p1a: Golurk|Golurk-Mega, L50\n|-mega|p1a: Golurk|Golurk|Golurkite\n|move|p1a: Golurk|Protect|p1a: Golurk\n|-singleturn|p1a: Golurk|Protect\n|move|p2a: Maushold|Taunt|p1b: Corviknight\n|-start|p1b: Corviknight|move: Taunt\n|move|p2b: Rotom|Hydro Pump|p1a: Golurk\n|-activate|p1a: Golurk|move: Protect\n|\n|upkeep\n|turn|2\n|\n|t:|1776549186\n|switch|p2a: Kleavor|Kleavor, L50, F|100/100\n|switch|p1a: Sinistcha|Sinistcha, L50, shiny|100/100\n|move|p2b: Rotom|Will-O-Wisp|p1a: Sinistcha\n|-status|p1a: Sinistcha|brn\n|move|p1b: Corviknight|Iron Head|p2a: Kleavor\n|-supereffective|p2a: Kleavor|1\n|-damage|p2a: Kleavor|34/100\n|\n|-damage|p1a: Sinistcha|94/100 brn|[from] brn\n|upkeep\n|turn|3\n|\n|t:|1776549202\n|move|p2a: Kleavor|Dual Wingbeat|p1a: Sinistcha|[miss]\n|-miss|p2a: Kleavor|p1a: Sinistcha\n|move|p2b: Rotom|Volt Switch|p1a: Sinistcha\n|-resisted|p1a: Sinistcha|1\n|-damage|p1a: Sinistcha|73/100 brn\n|\n|t:|1776549206\n|switch|p2b: Maushold|Maushold, L50|100/100|[from] Volt Switch\n|move|p1b: Corviknight|U-turn|p2b: Maushold\n|-damage|p2b: Maushold|82/100\n|\n|t:|1776549211\n|switch|p1b: Rotom|Rotom-Frost, L50|100/100|[from] U-turn\n|move|p1a: Sinistcha|Matcha Gotcha|p2a: Kleavor|[spread] p2a,p2b\n|-damage|p2a: Kleavor|13/100\n|-heal|p1a: Sinistcha|82/100 brn|[from] drain|[of] p2a: Kleavor\n|-damage|p2b: Maushold|50/100\n|-heal|p1a: Sinistcha|98/100 brn|[from] drain|[of] p2b: Maushold\n|\n|-damage|p1a: Sinistcha|92/100 brn|[from] brn\n|upkeep\n|turn|4\n|\n|t:|1776549223\n|move|p1b: Rotom|Volt Switch|p2b: Maushold\n|-damage|p2b: Maushold|7/100\n|inactive|soupedcan has 30 seconds left.\n|inactive|soupedcan has 20 seconds left.\n|inactive|soupedcan has 15 seconds left.\n|\n|t:|1776549264\n|switch|p1b: Corviknight|Corviknight, L50, M, shiny|100/100|[from] Volt Switch\n|move|p2b: Maushold|Taunt|p1a: Sinistcha\n|-start|p1a: Sinistcha|move: Taunt\n|-enditem|p1a: Sinistcha|Mental Herb\n|-end|p1a: Sinistcha|move: Taunt\n|move|p2a: Kleavor|Dual Wingbeat|p1a: Sinistcha\n|-supereffective|p1a: Sinistcha|1\n|-damage|p1a: Sinistcha|68/100 brn\n|-supereffective|p1a: Sinistcha|1\n|-damage|p1a: Sinistcha|45/100 brn\n|-hitcount|p1a: Sinistcha|2\n|move|p1a: Sinistcha|Matcha Gotcha|p2b: Maushold|[spread] p2a,p2b\n|-damage|p2a: Kleavor|0 fnt\n|-heal|p1a: Sinistcha|50/100 brn|[from] drain|[of] p2a: Kleavor\n|-damage|p2b: Maushold|0 fnt\n|-heal|p1a: Sinistcha|53/100 brn|[from] drain|[of] p2b: Maushold\n|faint|p2a: Kleavor\n|faint|p2b: Maushold\n|\n|-damage|p1a: Sinistcha|47/100 brn|[from] brn\n|upkeep\n|\n|t:|1776549275\n|switch|p2b: Floette|Floette-Eternal, L50, F|100/100\n|switch|p2a: Rotom|Rotom-Wash, L50|100/100\n|turn|5\n|\n|t:|1776549280\n|move|p2b: Floette|Calm Mind|p2b: Floette\n|-boost|p2b: Floette|spa|1\n|-boost|p2b: Floette|spd|1\n|move|p2a: Rotom|Thunderbolt|p1b: Corviknight\n|-supereffective|p1b: Corviknight|1\n|-damage|p1b: Corviknight|44/100\n|move|p1b: Corviknight|Iron Head|p2b: Floette\n|-supereffective|p2b: Floette|1\n|-damage|p2b: Floette|20/100\n|move|p1a: Sinistcha|Trick Room|p1a: Sinistcha\n|-fieldstart|move: Trick Room|[of] p1a: Sinistcha\n|\n|-heal|p1b: Corviknight|50/100|[from] item: Leftovers\n|-damage|p1a: Sinistcha|41/100 brn|[from] brn\n|upkeep\n|turn|6\n|-message|STGHMAAV forfeited.\n|\n|win|soupedcan\n|raw|soupedcan's rating: 1104 &rarr; <strong>1131</strong><br />(+27 for winning)\n|raw|STGHMAAV's rating: 1135 &rarr; <strong>1108</strong><br />(-27 for losing)\n|l|\u2606STGHMAAV\n|player|p2|\n",
  "uploadtime": 1776549289,
  "views": 24,
  "formatid": "gen9championsvgc2026regma",
  "rating": 1108,
  "private": 0,
  "password": null
}