{
  "id": "gen9championsvgc2026regma-2582679196",
  "format": "[Gen 9 Champions] VGC 2026 Reg M-A",
  "players": [
    "machacamonos",
    "Ghostkller"
  ],
  "log": "|j|\u2606machacamonos\n|j|\u2606Ghostkller\n|t:|1776106783\n|gametype|doubles\n|player|p1|machacamonos|pokekid|1091\n|player|p2|Ghostkller|170|1154\n|gen|9\n|tier|[Gen 9 Champions] VGC 2026 Reg M-A\n|rated|\n|rule|Species Clause: Limit one of each Pok\u00e9mon\n|rule|Item Clause: Limit 1 of each item\n|clearpoke\n|poke|p1|Whimsicott, L50, F|\n|poke|p1|Chandelure, L50, F|\n|poke|p1|Incineroar, L50, M|\n|poke|p1|Dragapult, L50, F|\n|poke|p1|Milotic, L50, F|\n|poke|p1|Excadrill, L50, M|\n|poke|p2|Heracross, L50, F|\n|poke|p2|Sableye, L50, M|\n|poke|p2|Gallade, L50, M|\n|poke|p2|Kingambit, L50, F|\n|poke|p2|Rotom-Wash, L50|\n|poke|p2|Incineroar, L50, M|\n|teampreview|4\n|inactive|Battle timer is ON: inactive players will automatically lose when time's up. (requested by Ghostkller)\n|\n|t:|1776106814\n|teamsize|p1|4\n|teamsize|p2|4\n|start\n|switch|p1a: Whimsicott|Whimsicott, L50, F|100/100\n|switch|p1b: Chandelure|Chandelure, L50, F|100/100\n|switch|p2a: Sableye|Sableye, L50, M|100/100\n|switch|p2b: Kingambit|Kingambit, L50, F|100/100\n|turn|1\n|\n|t:|1776106831\n|detailschange|p1b: Chandelure|Chandelure-Mega, L50, F\n|-mega|p1b: Chandelure|Chandelure|Chandelurite\n|move|p2a: Sableye|Fake Out|p1a: Whimsicott\n|-damage|p1a: Whimsicott|91/100\n|cant|p1a: Whimsicott|flinch\n|move|p1b: Chandelure|Heat Wave|p2a: Sableye|[spread] p2b\n|-miss|p1b: Chandelure|p2a: Sableye\n|-supereffective|p2b: Kingambit|1\n|-damage|p2b: Kingambit|11/100\n|-status|p2b: Kingambit|brn\n|move|p2b: Kingambit|Iron Head|p1a: Whimsicott\n|-supereffective|p1a: Whimsicott|1\n|-damage|p1a: Whimsicott|35/100\n|\n|-damage|p2b: Kingambit|6/100 brn|[from] brn\n|upkeep\n|turn|2\n|\n|t:|1776106856\n|move|p1a: Whimsicott|Tailwind|p1a: Whimsicott\n|-sidestart|p1: machacamonos|move: Tailwind\n|move|p2a: Sableye|Thunder Wave|p1b: Chandelure\n|-status|p1b: Chandelure|par\n|move|p1b: Chandelure|Heat Wave|p2b: Kingambit|[spread] p2a,p2b\n|-supereffective|p2b: Kingambit|1\n|-crit|p2b: Kingambit\n|-damage|p2a: Sableye|26/100\n|-damage|p2b: Kingambit|0 fnt\n|faint|p2b: Kingambit\n|\n|upkeep\n|\n|t:|1776106867\n|switch|p2b: Rotom|Rotom-Wash, L50|100/100\n|turn|3\n|\n|t:|1776106892\n|move|p2a: Sableye|Encore|p1a: Whimsicott\n|-start|p1a: Whimsicott|Encore\n|move|p1a: Whimsicott|Tailwind||[still]\n|-fail|p1a: Whimsicott\n|move|p2b: Rotom|Hydro Pump|p1b: Chandelure\n|-supereffective|p1b: Chandelure|1\n|-damage|p1b: Chandelure|0 fnt\n|faint|p1b: Chandelure\n|\n|upkeep\n|\n|t:|1776106900\n|switch|p1b: Milotic|Milotic, L50, F|100/100\n|turn|4\n|\n|t:|1776106913\n|switch|p1a: Dragapult|Dragapult, L50, F|100/100\n|move|p2a: Sableye|Thunder Wave|p1b: Milotic\n|-status|p1b: Milotic|par\n|move|p2b: Rotom|Thunderbolt|p1b: Milotic\n|-supereffective|p1b: Milotic|1\n|-damage|p1b: Milotic|53/100 par\n|move|p1b: Milotic|Scald|p2a: Sableye\n|-damage|p2a: Sableye|0 fnt\n|faint|p2a: Sableye\n|\n|-heal|p1b: Milotic|59/100 par|[from] item: Leftovers\n|upkeep\n|\n|t:|1776106925\n|switch|p2a: Heracross|Heracross, L50, F|100/100\n|turn|5\n|inactive|Ghostkller has 30 seconds left.\n|\n|t:|1776106956\n|detailschange|p2a: Heracross|Heracross-Mega, L50, F\n|-mega|p2a: Heracross|Heracross|Heracronite\n|move|p1b: Milotic|Protect|p1b: Milotic\n|-singleturn|p1b: Milotic|Protect\n|move|p2a: Heracross|Detect|p2a: Heracross\n|-singleturn|p2a: Heracross|Protect\n|move|p1a: Dragapult|Dragon Darts|p2b: Rotom\n|-damage|p2b: Rotom|73/100\n|-anim|p1a: Dragapult|Dragon Darts|p2b: Rotom\n|-damage|p2b: Rotom|50/100\n|move|p2b: Rotom|Will-O-Wisp|p1a: Dragapult\n|-status|p1a: Dragapult|brn\n|\n|-heal|p1b: Milotic|65/100 par|[from] item: Leftovers\n|-damage|p1a: Dragapult|94/100 brn|[from] brn\n|-sideend|p1: machacamonos|move: Tailwind\n|upkeep\n|turn|6\n|inactive|machacamonos has 30 seconds left.\n|inactive|Ghostkller has 30 seconds left.\n|\n|t:|1776106988\n|move|p1a: Dragapult|Dragon Darts|p2b: Rotom\n|-damage|p2b: Rotom|36/100\n|-anim|p1a: Dragapult|Dragon Darts|p2a: Heracross\n|-damage|p2a: Heracross|91/100\n|move|p2b: Rotom|Thunderbolt|p1b: Milotic\n|-supereffective|p1b: Milotic|1\n|-damage|p1b: Milotic|14/100 par\n|move|p2a: Heracross|Rock Blast|p1a: Dragapult\n|-damage|p1a: Dragapult|76/100 brn\n|-damage|p1a: Dragapult|59/100 brn\n|-damage|p1a: Dragapult|41/100 brn\n|-damage|p1a: Dragapult|22/100 brn\n|-damage|p1a: Dragapult|5/100 brn\n|-hitcount|p1a: Dragapult|5\n|move|p1b: Milotic|Scald|p2b: Rotom\n|-resisted|p2b: Rotom|1\n|-damage|p2b: Rotom|21/100\n|\n|-heal|p1b: Milotic|20/100 par|[from] item: Leftovers\n|-damage|p1a: Dragapult|0 fnt|[from] brn\n|faint|p1a: Dragapult\n|upkeep\n|\n|t:|1776106996\n|switch|p1a: Whimsicott|Whimsicott, L50, F|35/100\n|turn|7\n|\n|t:|1776107016\n|move|p2b: Rotom|Thunderbolt|p1b: Milotic\n|-supereffective|p1b: Milotic|1\n|-damage|p1b: Milotic|0 fnt\n|faint|p1b: Milotic\n|move|p1a: Whimsicott|Moonblast|p2a: Heracross\n|-supereffective|p2a: Heracross|1\n|-crit|p2a: Heracross\n|-damage|p2a: Heracross|0 fnt\n|faint|p2a: Heracross\n|\n|upkeep\n|turn|8\n|\n|t:|1776107031\n|move|p2b: Rotom|Hydro Pump|p1a: Whimsicott\n|-resisted|p1a: Whimsicott|1\n|-damage|p1a: Whimsicott|5/100\n|move|p1a: Whimsicott|Moonblast|p2b: Rotom\n|-crit|p2b: Rotom\n|-damage|p2b: Rotom|0 fnt\n|faint|p2b: Rotom\n|\n|win|machacamonos\n|raw|machacamonos's rating: 1091 &rarr; <strong>1122</strong><br />(+31 for winning)\n|raw|Ghostkller's rating: 1154 &rarr; <strong>1125</strong><br />(-29 for losing)\n|l|\u2606machacamonos\n|player|p1|\n|c|\u2606Ghostkller|2 crits wtd\n",
  "uploadtime": 1776107045,
  "views": 21,
  "formatid": "gen9championsvgc2026regma",
  "rating": 1122,
  "private": 0,
  "password": null
}