{
  "id": "gen9championsvgc2026regma-2580955582",
  "format": "[Gen 9 Champions] VGC 2026 Reg M-A",
  "players": [
    "redghost9820",
    "TNT13"
  ],
  "log": "|j|\u2606redghost9820\n|j|\u2606TNT13\n|t:|1775946454\n|gametype|doubles\n|player|p1|redghost9820|pokemonranger-gen4|1080\n|player|p2|TNT13|102|1021\n|gen|9\n|tier|[Gen 9 Champions] VGC 2026 Reg M-A\n|rated|\n|rule|Species Clause: Limit one of each Pok\u00e9mon\n|rule|Item Clause: Limit 1 of each item\n|clearpoke\n|poke|p1|Incineroar, L50, F|\n|poke|p1|Charizard, L50, M|\n|poke|p1|Garchomp, L50, F|\n|poke|p1|Milotic, L50, F|\n|poke|p1|Rotom-Wash, L50|\n|poke|p1|Raichu, L50, F|\n|poke|p2|Pikachu, L50, F|\n|poke|p2|Starmie, L50|\n|poke|p2|Azumarill, L50, F|\n|poke|p2|Tinkaton, L50, F|\n|poke|p2|Bastiodon, L50, F|\n|poke|p2|Espathra, L50, F|\n|teampreview|4\n|\n|t:|1775946502\n|teamsize|p1|4\n|teamsize|p2|4\n|start\n|switch|p1a: Raichu|Raichu, L50, F|100/100\n|switch|p1b: Charizard|Charizard, L50, M|100/100\n|switch|p2a: Pikachu|Pikachu, L50, F|100/100\n|switch|p2b: Azumarill|Azumarill, L50, F|100/100\n|turn|1\n|inactive|Battle timer is ON: inactive players will automatically lose when time's up. (requested by TNT13)\n|\n|t:|1775946521\n|detailschange|p1b: Charizard|Charizard-Mega-Y, L50, M\n|-mega|p1b: Charizard|Charizard|Charizardite Y\n|-weather|SunnyDay|[from] ability: Drought|[of] p1b: Charizard\n|move|p1b: Charizard|Protect|p1b: Charizard\n|-singleturn|p1b: Charizard|Protect\n|move|p2a: Pikachu|Upper Hand||[still]\n|-fail|p2a: Pikachu\n|move|p1a: Raichu|Nuzzle|p2a: Pikachu\n|-activate|p2a: Pikachu|ability: Lightning Rod\n|-ability|p2a: Pikachu|Lightning Rod|boost\n|-boost|p2a: Pikachu|spa|1\n|move|p2b: Azumarill|Whirlpool|p1b: Charizard\n|-activate|p1b: Charizard|move: Protect\n|\n|-weather|SunnyDay|[upkeep]\n|upkeep\n|turn|2\n|\n|t:|1775946546\n|switch|p1a: Garchomp|Garchomp, L50, F|100/100\n|move|p2a: Pikachu|Protect|p2a: Pikachu\n|-singleturn|p2a: Pikachu|Protect\n|move|p1b: Charizard|Solar Beam||[still]\n|-prepare|p1b: Charizard|Solar Beam\n|-anim|p1b: Charizard|Solar Beam|p2b: Azumarill\n|-ability|p2b: Azumarill|Sap Sipper|boost\n|-boost|p2b: Azumarill|atk|1\n|move|p2b: Azumarill|Whirlpool|p1b: Charizard\n|-supereffective|p1b: Charizard|1\n|-damage|p1b: Charizard|93/100\n|-activate|p1b: Charizard|move: Whirlpool|[of] p2b: Azumarill\n|\n|-weather|SunnyDay|[upkeep]\n|-damage|p1b: Charizard|80/100|[from] move: Whirlpool|[partiallytrapped]\n|upkeep\n|turn|3\n|\n|t:|1775946571\n|switch|p2a: Bastiodon|Bastiodon, L50, F|100/100\n|move|p1a: Garchomp|Earthquake|p2a: Bastiodon|[spread] p2a,p2b\n|-immune|p1b: Charizard\n|-supereffective|p2a: Bastiodon|2\n|-enditem|p2a: Bastiodon|Shuca Berry|[eat]\n|-enditem|p2a: Bastiodon|Shuca Berry|[weaken]\n|-damage|p2a: Bastiodon|49/100\n|-damage|p2b: Azumarill|66/100\n|move|p1b: Charizard|Heat Wave|p2a: Bastiodon|[spread] p2a\n|-miss|p1b: Charizard|p2b: Azumarill\n|-damage|p2a: Bastiodon|0 fnt\n|faint|p2a: Bastiodon\n|move|p2b: Azumarill|Perish Song|p2b: Azumarill\n|-start|p1a: Garchomp|perish3|[silent]\n|-start|p1b: Charizard|perish3|[silent]\n|-start|p2b: Azumarill|perish3|[silent]\n|-fieldactivate|move: Perish Song\n|\n|-weather|SunnyDay|[upkeep]\n|-damage|p1b: Charizard|68/100|[from] move: Whirlpool|[partiallytrapped]\n|-start|p1a: Garchomp|perish3\n|-start|p1b: Charizard|perish3\n|-start|p2b: Azumarill|perish3\n|upkeep\n|inactive|TNT13 has 30 seconds left.\n|\n|t:|1775946596\n|switch|p2a: Starmie|Starmie, L50|100/100\n|turn|4\n|\n|t:|1775946602\n|move|p2a: Starmie|Protect|p2a: Starmie\n|-singleturn|p2a: Starmie|Protect\n|move|p1a: Garchomp|Earthquake|p2b: Azumarill|[spread] p2b\n|-activate|p2a: Starmie|move: Protect\n|-immune|p1b: Charizard\n|-damage|p2b: Azumarill|31/100\n|-enditem|p2b: Azumarill|Sitrus Berry|[eat]\n|-heal|p2b: Azumarill|56/100|[from] item: Sitrus Berry\n|move|p1b: Charizard|Solar Beam||[still]\n|-prepare|p1b: Charizard|Solar Beam\n|-anim|p1b: Charizard|Solar Beam|p2a: Starmie\n|-activate|p2a: Starmie|move: Protect\n|move|p2b: Azumarill|Whirlpool|p1a: Garchomp\n|-damage|p1a: Garchomp|97/100\n|-activate|p1a: Garchomp|move: Whirlpool|[of] p2b: Azumarill\n|\n|-weather|SunnyDay|[upkeep]\n|-damage|p1a: Garchomp|85/100|[from] move: Whirlpool|[partiallytrapped]\n|-damage|p1b: Charizard|56/100|[from] move: Whirlpool|[partiallytrapped]\n|-start|p1a: Garchomp|perish2\n|-start|p1b: Charizard|perish2\n|-start|p2b: Azumarill|perish2\n|upkeep\n|turn|5\n|inactive|TNT13 has 30 seconds left.\n|\n|t:|1775946630\n|move|p1a: Garchomp|Earthquake|p2a: Starmie|[spread] p2a,p2b\n|-immune|p1b: Charizard\n|-damage|p2a: Starmie|34/100\n|-damage|p2b: Azumarill|16/100\n|move|p2a: Starmie|Skill Swap|p2b: Azumarill\n|-activate|p2a: Starmie|Skill Swap|||[of] p2b: Azumarill\n|move|p1b: Charizard|Solar Beam||[still]\n|-prepare|p1b: Charizard|Solar Beam\n|-anim|p1b: Charizard|Solar Beam|p2a: Starmie\n|-ability|p2a: Starmie|Sap Sipper|boost\n|-boost|p2a: Starmie|atk|1\n|move|p2b: Azumarill|Ice Spinner|p1a: Garchomp\n|-supereffective|p1a: Garchomp|2\n|-damage|p1a: Garchomp|17/100\n|-damage|p2b: Azumarill|4/100|[from] ability: Rough Skin|[of] p1a: Garchomp\n|\n|-weather|none\n|-damage|p1a: Garchomp|5/100|[from] move: Whirlpool|[partiallytrapped]\n|-damage|p1b: Charizard|44/100|[from] move: Whirlpool|[partiallytrapped]\n|-start|p1a: Garchomp|perish1\n|-start|p1b: Charizard|perish1\n|-start|p2b: Azumarill|perish1\n|upkeep\n|turn|6\n|inactive|TNT13 has 30 seconds left.\n|inactive|TNT13 has 20 seconds left.\n|\n|t:|1775946665\n|move|p2a: Starmie|Protect|p2a: Starmie\n|-singleturn|p2a: Starmie|Protect\n|move|p2b: Azumarill|Protect|p2b: Azumarill\n|-singleturn|p2b: Azumarill|Protect\n|move|p1a: Garchomp|Earthquake|p2b: Azumarill|[spread] \n|-activate|p2a: Starmie|move: Protect\n|-activate|p2b: Azumarill|move: Protect\n|-immune|p1b: Charizard\n|move|p1b: Charizard|Heat Wave|p2b: Azumarill|[spread] \n|-activate|p2a: Starmie|move: Protect\n|-activate|p2b: Azumarill|move: Protect\n|\n|-damage|p1a: Garchomp|0 fnt|[from] move: Whirlpool|[partiallytrapped]\n|faint|p1a: Garchomp\n|-end|p1b: Charizard|Whirlpool|[partiallytrapped]\n|-start|p1b: Charizard|perish0\n|-start|p2b: Azumarill|perish0\n|faint|p1b: Charizard\n|faint|p2b: Azumarill\n|upkeep\n|\n|t:|1775946686\n|switch|p1a: Milotic|Milotic, L50, F|100/100\n|switch|p1b: Raichu|Raichu, L50, F|100/100\n|switch|p2b: Pikachu|Pikachu, L50, F|100/100\n|turn|7\n|\n|t:|1775946700\n|detailschange|p2a: Starmie|Starmie-Mega, L50\n|-mega|p2a: Starmie|Starmie|Starminite\n|move|p2a: Starmie|Skill Swap|p2b: Pikachu\n|-activate|p2a: Starmie|Skill Swap|||[of] p2b: Pikachu\n|move|p1b: Raichu|Electroweb|p2b: Pikachu|[spread] p2b\n|-ability|p2a: Starmie|Lightning Rod|boost\n|-boost|p2a: Starmie|spa|1\n|-resisted|p2b: Pikachu|1\n|-damage|p2b: Pikachu|79/100\n|-unboost|p2b: Pikachu|spe|1\n|move|p2b: Pikachu|Volt Tackle|p2a: Starmie\n|-activate|p2a: Starmie|ability: Lightning Rod\n|-ability|p2a: Starmie|Lightning Rod|boost\n|-boost|p2a: Starmie|spa|1\n|move|p1a: Milotic|Icy Wind|p2b: Pikachu|[spread] p2b\n|-miss|p1a: Milotic|p2a: Starmie\n|-crit|p2b: Pikachu\n|-damage|p2b: Pikachu|27/100\n|-unboost|p2b: Pikachu|spe|1\n|\n|upkeep\n|turn|8\n|\n|t:|1775946724\n|move|p1b: Raichu|Protect|p1b: Raichu\n|-singleturn|p1b: Raichu|Protect\n|move|p2b: Pikachu|Feint|p1a: Milotic\n|-damage|p1a: Milotic|77/100\n|move|p2a: Starmie|Psychic|p1a: Milotic\n|-damage|p1a: Milotic|13/100\n|move|p1a: Milotic|Scald|p2b: Pikachu\n|-damage|p2b: Pikachu|0 fnt\n|faint|p2b: Pikachu\n|\n|upkeep\n|turn|9\n|\n|t:|1775946741\n|move|p2a: Starmie|Psychic|p1a: Milotic\n|-damage|p1a: Milotic|0 fnt\n|faint|p1a: Milotic\n|move|p1b: Raichu|Thunderbolt|p2a: Starmie\n|-ability|p2a: Starmie|Lightning Rod|boost\n|-boost|p2a: Starmie|spa|1\n|\n|upkeep\n|turn|10\n|\n|t:|1775946749\n|move|p2a: Starmie|Psychic|p1b: Raichu\n|-enditem|p1b: Raichu|Focus Sash\n|-damage|p1b: Raichu|1/100\n|-unboost|p1b: Raichu|spd|1\n|move|p1b: Raichu|Thunderbolt|p2a: Starmie\n|-ability|p2a: Starmie|Lightning Rod|boost\n|-boost|p2a: Starmie|spa|1\n|\n|upkeep\n|turn|11\n|\n|t:|1775946767\n|move|p2a: Starmie|Psychic|p1b: Raichu\n|-damage|p1b: Raichu|0 fnt\n|faint|p1b: Raichu\n|\n|win|TNT13\n|raw|redghost9820's rating: 1080 &rarr; <strong>1054</strong><br />(-26 for losing)\n|raw|TNT13's rating: 1021 &rarr; <strong>1064</strong><br />(+43 for winning)\n|c|\u2606TNT13|gg\n",
  "uploadtime": 1775946775,
  "views": 18,
  "formatid": "gen9championsvgc2026regma",
  "rating": 1054,
  "private": 0,
  "password": null
}