{
  "id": "gen9championsvgc2026regma-2581706582",
  "format": "[Gen 9 Champions] VGC 2026 Reg M-A",
  "players": [
    "hermes p mane",
    "nicknicola"
  ],
  "log": "|j|\u2606hermes p mane\n|j|\u2606nicknicola\n|t:|1776022211\n|gametype|doubles\n|player|p1|hermes p mane|n|1067\n|player|p2|nicknicola|266|1058\n|gen|9\n|tier|[Gen 9 Champions] VGC 2026 Reg M-A\n|rated|\n|rule|Species Clause: Limit one of each Pok\u00e9mon\n|rule|Item Clause: Limit 1 of each item\n|clearpoke\n|poke|p1|Blastoise, L50, M|\n|poke|p1|Ninetales-Alola, L50, F|\n|poke|p1|Incineroar, L50, M|\n|poke|p1|Sinistcha, L50|\n|poke|p1|Garchomp, L50, M|\n|poke|p1|Tyranitar, L50, M|\n|poke|p2|Meganium, L50, M|\n|poke|p2|Pelipper, L50, F|\n|poke|p2|Incineroar, L50, F|\n|poke|p2|Basculegion, L50, M|\n|poke|p2|Sinistcha, L50|\n|poke|p2|Archaludon, L50, F|\n|teampreview|4\n|inactive|Battle timer is ON: inactive players will automatically lose when time's up. (requested by hermes p mane)\n|c|\u2606hermes p mane|Have fun\n|c|\u2606nicknicola|good luck\n|\n|t:|1776022240\n|teamsize|p1|4\n|teamsize|p2|4\n|start\n|switch|p1a: Blastoise|Blastoise, L50, M|100/100\n|switch|p1b: Sinistcha|Sinistcha, L50|100/100\n|switch|p2a: Meganium|Meganium, L50, M|100/100\n|switch|p2b: Pelipper|Pelipper, L50, F|100/100\n|-weather|RainDance|[from] ability: Drizzle|[of] p2b: Pelipper\n|turn|1\n|inactive|hermes p mane has 30 seconds left.\n|inactive|hermes p mane has 20 seconds left.\n|\n|t:|1776022278\n|switch|p1a: Ninetales|Ninetales-Alola, L50, F, shiny|100/100\n|-weather|Snowscape|[from] ability: Snow Warning|[of] p1a: Ninetales\n|detailschange|p2a: Meganium|Meganium-Mega, L50, M\n|-mega|p2a: Meganium|Meganium|Meganiumite\n|move|p2b: Pelipper|Tailwind|p2b: Pelipper\n|-sidestart|p2: nicknicola|move: Tailwind\n|move|p2a: Meganium|Weather Ball|p1b: Sinistcha\n|-supereffective|p1b: Sinistcha|1\n|-damage|p1b: Sinistcha|0 fnt\n|faint|p1b: Sinistcha\n|\n|-weather|Snowscape|[upkeep]\n|upkeep\n|\n|t:|1776022288\n|switch|p1b: John VGC|Incineroar, L50, M|100/100\n|-ability|p1b: John VGC|Intimidate|boost\n|-unboost|p2a: Meganium|atk|1\n|-unboost|p2b: Pelipper|atk|1\n|turn|2\n|\n|t:|1776022300\n|move|p1b: John VGC|Fake Out|p2a: Meganium\n|-damage|p2a: Meganium|91/100\n|move|p2b: Pelipper|Rain Dance|p2b: Pelipper\n|-weather|RainDance\n|cant|p2a: Meganium|flinch\n|move|p1a: Ninetales|Blizzard|p2a: Meganium|[spread] p2b\n|-miss|p1a: Ninetales|p2a: Meganium\n|-damage|p2b: Pelipper|45/100\n|\n|-weather|RainDance|[upkeep]\n|upkeep\n|turn|3\n|inactive|nicknicola has 30 seconds left.\n|inactive|nicknicola has 20 seconds left.\n|\n|t:|1776022337\n|switch|p1a: Blastoise|Blastoise, L50, M|100/100\n|move|p2b: Pelipper|Weather Ball|p1b: John VGC\n|-supereffective|p1b: John VGC|1\n|-damage|p1b: John VGC|2/100\n|-enditem|p1b: John VGC|Sitrus Berry|[eat]\n|-heal|p1b: John VGC|27/100|[from] item: Sitrus Berry\n|move|p2a: Meganium|Earth Power|p1b: John VGC\n|-supereffective|p1b: John VGC|1\n|-damage|p1b: John VGC|0 fnt\n|faint|p1b: John VGC\n|\n|-weather|RainDance|[upkeep]\n|upkeep\n|c|\u2606hermes p mane|I forgot meganium ignores rage powder and screwed up from the begining\n|c|\u2606hermes p mane|gg\n|inactive|hermes p mane has 30 seconds left.\n|\n|t:|1776022363\n|switch|p1b: Ninetales|Ninetales-Alola, L50, F, shiny|100/100\n|-weather|Snowscape|[from] ability: Snow Warning|[of] p1b: Ninetales\n|turn|4\n|\n|t:|1776022381\n|detailschange|p1a: Blastoise|Blastoise-Mega, L50, M\n|-mega|p1a: Blastoise|Blastoise|Blastoisinite\n|move|p2b: Pelipper|Rain Dance|p2b: Pelipper\n|-weather|RainDance\n|move|p2a: Meganium|Solar Beam||[still]\n|-prepare|p2a: Meganium|Solar Beam\n|-activate|p2a: Meganium|ability: Mega Sol\n|-anim|p2a: Meganium|Solar Beam|p1a: Blastoise\n|-supereffective|p1a: Blastoise|1\n|-damage|p1a: Blastoise|0 fnt\n|faint|p1a: Blastoise\n|move|p1b: Ninetales|Blizzard|p2a: Meganium|[spread] p2a,p2b\n|-supereffective|p2a: Meganium|1\n|-damage|p2a: Meganium|40/100\n|-damage|p2b: Pelipper|0 fnt\n|faint|p2b: Pelipper\n|\n|-weather|RainDance|[upkeep]\n|-sideend|p2: nicknicola|move: Tailwind\n|upkeep\n|\n|t:|1776022398\n|switch|p2b: Sinistcha|Sinistcha, L50|100/100\n|-heal|p2a: Meganium|64/100|[from] ability: Hospitality|[of] p2b: Sinistcha\n|turn|5\n|\n|t:|1776022411\n|move|p1b: Ninetales|Blizzard|p2b: Sinistcha|[spread] \n|-miss|p1b: Ninetales|p2a: Meganium\n|-miss|p1b: Ninetales|p2b: Sinistcha\n|move|p2a: Meganium|Weather Ball|p1b: Ninetales\n|-supereffective|p1b: Ninetales|1\n|-enditem|p1b: Ninetales|Focus Sash\n|-damage|p1b: Ninetales|1/100\n|move|p2b: Sinistcha|Life Dew||[still]|[spread] p2a,p2b\n|-heal|p2a: Meganium|89/100\n|-fail|p2b: Sinistcha|heal\n|\n|-weather|RainDance|[upkeep]\n|upkeep\n|turn|6\n|inactive|nicknicola has 30 seconds left.\n|c|\u2606nicknicola|sorry for the blizzard misses\n|\n|t:|1776022441\n|move|p1b: Ninetales|Blizzard|p2b: Sinistcha|[spread] p2a,p2b\n|-supereffective|p2a: Meganium|1\n|-supereffective|p2b: Sinistcha|1\n|-damage|p2a: Meganium|37/100\n|-damage|p2b: Sinistcha|45/100\n|-enditem|p2b: Sinistcha|Sitrus Berry|[eat]\n|-heal|p2b: Sinistcha|70/100|[from] item: Sitrus Berry\n|move|p2a: Meganium|Dazzling Gleam|p1b: Ninetales\n|-damage|p1b: Ninetales|0 fnt\n|faint|p1b: Ninetales\n|\n|win|nicknicola\n|raw|hermes p mane's rating: 1067 &rarr; <strong>1046</strong><br />(-21 for losing)\n|raw|nicknicola's rating: 1058 &rarr; <strong>1090</strong><br />(+32 for winning)\n|c|\u2606nicknicola|gg\n",
  "uploadtime": 1776022453,
  "views": 13,
  "formatid": "gen9championsvgc2026regma",
  "rating": 1046,
  "private": 0,
  "password": null
}