{
  "id": "gen9championsvgc2026regma-2582873407",
  "format": "[Gen 9 Champions] VGC 2026 Reg M-A",
  "players": [
    "killertruco",
    "Shortslover69"
  ],
  "log": "|j|\u2606killertruco\n|j|\u2606Shortslover69\n|t:|1776120967\n|gametype|doubles\n|player|p1|killertruco|169|1089\n|player|p2|Shortslover69|youngster-gen4dp|1073\n|gen|9\n|tier|[Gen 9 Champions] VGC 2026 Reg M-A\n|rated|\n|rule|Species Clause: Limit one of each Pok\u00e9mon\n|rule|Item Clause: Limit 1 of each item\n|clearpoke\n|poke|p1|Dragonite, L50, F|\n|poke|p1|Meganium, L50, F|\n|poke|p1|Pelipper, L50, M|\n|poke|p1|Basculegion, L50, M|\n|poke|p1|Aegislash, L50, M|\n|poke|p1|Clefable, L50, F|\n|poke|p2|Gardevoir, L50, F|\n|poke|p2|Sneasler, L50, F|\n|poke|p2|Whimsicott, L50, F|\n|poke|p2|Farigiraf, L50, M|\n|poke|p2|Kingambit, L50, F|\n|poke|p2|Basculegion, L50, M|\n|teampreview|4\n|inactive|Battle timer is ON: inactive players will automatically lose when time's up. (requested by Shortslover69)\n|inactive|killertruco has 60 seconds left.\n|inactive|Shortslover69 has 60 seconds left.\n|\n|t:|1776121013\n|teamsize|p1|4\n|teamsize|p2|4\n|start\n|switch|p1a: Pelipper|Pelipper, L50, M|100/100\n|switch|p1b: Dragonite|Dragonite, L50, F|100/100\n|switch|p2a: Oody|Whimsicott, L50, F, shiny|100/100\n|switch|p2b: Unhappy Angel|Gardevoir, L50, F, shiny|100/100\n|-weather|RainDance|[from] ability: Drizzle|[of] p1a: Pelipper\n|turn|1\n|inactive|killertruco has 30 seconds left.\n|inactive|killertruco has 20 seconds left.\n|inactive|killertruco has 15 seconds left.\n|inactive|killertruco has 10 seconds left.\n|inactive|killertruco has 5 seconds left.\n|\n|t:|1776121068\n|detailschange|p2b: Unhappy Angel|Gardevoir-Mega, L50, F, shiny\n|-mega|p2b: Unhappy Angel|Gardevoir|Gardevoirite\n|move|p2a: Oody|Moonblast|p1b: Dragonite\n|-supereffective|p1b: Dragonite|1\n|-damage|p1b: Dragonite|34/100\n|move|p2b: Unhappy Angel|Moonblast|p1b: Dragonite\n|-supereffective|p1b: Dragonite|1\n|-damage|p1b: Dragonite|0 fnt\n|faint|p1b: Dragonite\n|move|p1a: Pelipper|Weather Ball|p2a: Oody\n|-resisted|p2a: Oody|1\n|-damage|p2a: Oody|68/100\n|\n|-weather|RainDance|[upkeep]\n|upkeep\n|\n|t:|1776121085\n|switch|p1b: Meganium|Meganium, L50, F, shiny|100/100\n|turn|2\n|\n|t:|1776121103\n|detailschange|p1b: Meganium|Meganium-Mega, L50, F, shiny\n|-mega|p1b: Meganium|Meganium|Meganiumite\n|move|p1b: Meganium|Protect|p1b: Meganium\n|-singleturn|p1b: Meganium|Protect\n|move|p2a: Oody|Tailwind|p2a: Oody\n|-sidestart|p2: Shortslover69|move: Tailwind\n|move|p2b: Unhappy Angel|Hyper Voice|p1b: Meganium|[spread] p1a\n|-activate|p1b: Meganium|move: Protect\n|-damage|p1a: Pelipper|50/100\n|move|p1a: Pelipper|Tailwind|p1a: Pelipper\n|-sidestart|p1: killertruco|move: Tailwind\n|\n|-weather|RainDance|[upkeep]\n|upkeep\n|turn|3\n|inactive|Shortslover69 has 30 seconds left.\n|inactive|Shortslover69 has 20 seconds left.\n|\n|t:|1776121141\n|move|p1a: Pelipper|Protect|p1a: Pelipper\n|-singleturn|p1a: Pelipper|Protect\n|move|p2a: Oody|Encore|p1b: Meganium\n|-start|p1b: Meganium|Encore\n|move|p1b: Meganium|Protect||[still]\n|-fail|p1b: Meganium\n|move|p2b: Unhappy Angel|Moonblast|p1a: Pelipper\n|-activate|p1a: Pelipper|move: Protect\n|\n|-weather|RainDance|[upkeep]\n|upkeep\n|turn|4\n|\n|t:|1776121152\n|switch|p2a: Katt|Sneasler, L50, F|100/100\n|switch|p1a: Clefable|Clefable, L50, F|100/100\n|move|p1b: Meganium|Protect|p1b: Meganium\n|-singleturn|p1b: Meganium|Protect\n|move|p2b: Unhappy Angel|Moonblast|p1a: Clefable\n|-damage|p1a: Clefable|57/100\n|\n|-weather|RainDance|[upkeep]\n|-heal|p1a: Clefable|63/100|[from] item: Leftovers\n|upkeep\n|turn|5\n|\n|t:|1776121169\n|move|p1b: Meganium|Protect||[still]\n|-fail|p1b: Meganium\n|move|p2a: Katt|Dire Claw|p1a: Clefable\n|-supereffective|p1a: Clefable|1\n|-damage|p1a: Clefable|0 fnt\n|faint|p1a: Clefable\n|move|p2b: Unhappy Angel|Hyper Voice|p1b: Meganium\n|-damage|p1b: Meganium|48/100\n|\n|-weather|none\n|-end|p1b: Meganium|Encore\n|-sideend|p1: killertruco|move: Tailwind\n|-sideend|p2: Shortslover69|move: Tailwind\n|upkeep\n|\n|t:|1776121174\n|switch|p1a: Pelipper|Pelipper, L50, M|50/100\n|-weather|RainDance|[from] ability: Drizzle|[of] p1a: Pelipper\n|turn|6\n|-message|killertruco forfeited.\n|\n|win|Shortslover69\n|raw|killertruco's rating: 1089 &rarr; <strong>1065</strong><br />(-24 for losing)\n|raw|Shortslover69's rating: 1073 &rarr; <strong>1103</strong><br />(+30 for winning)\n|l|\u2606killertruco\n|player|p1|\n",
  "uploadtime": 1776121180,
  "views": 15,
  "formatid": "gen9championsvgc2026regma",
  "rating": 1065,
  "private": 0,
  "password": null
}