{
  "id": "gen9championsvgc2026regma-2580722296",
  "format": "[Gen 9 Champions] VGC 2026 Reg M-A",
  "players": [
    "KeyKanon",
    "BonkandGleepus"
  ],
  "log": "|j|\u2606KeyKanon\n|j|\u2606BonkandGleepus\n|t:|1775927151\n|gametype|doubles\n|player|p1|KeyKanon|guitarist|1121\n|player|p2|BonkandGleepus|dawn|1071\n|gen|9\n|tier|[Gen 9 Champions] VGC 2026 Reg M-A\n|rated|\n|rule|Species Clause: Limit one of each Pok\u00e9mon\n|rule|Item Clause: Limit 1 of each item\n|clearpoke\n|poke|p1|Crabominable, L50, M|\n|poke|p1|Chandelure, L50, M|\n|poke|p1|Sinistcha, L50|\n|poke|p1|Kingambit, L50, M|\n|poke|p1|Tinkaton, L50, F|\n|poke|p1|Archaludon, L50, F|\n|poke|p2|Froslass, L50, F|\n|poke|p2|Palafin, L50, M|\n|poke|p2|Sneasler, L50, M|\n|poke|p2|Kingambit, L50, M|\n|poke|p2|Incineroar, L50, M|\n|poke|p2|Meowscarada, L50, M|\n|teampreview|4\n|inactive|Battle timer is ON: inactive players will automatically lose when time's up. (requested by BonkandGleepus)\n|\n|t:|1775927204\n|teamsize|p1|4\n|teamsize|p2|4\n|start\n|switch|p1a: Crabominable|Crabominable, L50, M|100/100\n|switch|p1b: Chandelure|Chandelure, L50, M|100/100\n|switch|p2a: Sneasler|Sneasler, L50, M|100/100\n|switch|p2b: Palafin|Palafin, L50, M|100/100\n|turn|1\n|\n|t:|1775927226\n|move|p2a: Sneasler|Fake Out|p1a: Crabominable\n|-damage|p1a: Crabominable|84/100\n|move|p2b: Palafin|Flip Turn|p1b: Chandelure\n|-supereffective|p1b: Chandelure|1\n|-damage|p1b: Chandelure|53/100\n|\n|t:|1775927231\n|detailschange|p2b: Palafin|Palafin-Hero, L50, M\n|switch|p2b: Incineroar|Incineroar, L50, M|100/100|[from] Flip Turn\n|-ability|p2b: Incineroar|Intimidate|boost\n|-fail|p1a: Crabominable|unboost|Attack|[from] ability: Hyper Cutter|[of] p1a: Crabominable\n|-unboost|p1b: Chandelure|atk|1\n|cant|p1a: Crabominable|flinch\n|move|p1b: Chandelure|Trick Room|p1b: Chandelure\n|-fieldstart|move: Trick Room|[of] p1b: Chandelure\n|\n|upkeep\n|turn|2\n|\n|t:|1775927249\n|detailschange|p1a: Crabominable|Crabominable-Mega, L50, M\n|-mega|p1a: Crabominable|Crabominable|Crabominite\n|move|p2b: Incineroar|Fake Out|p1a: Crabominable\n|-damage|p1a: Crabominable|75/100\n|cant|p1a: Crabominable|flinch\n|move|p1b: Chandelure|Will-O-Wisp|p2a: Sneasler\n|-status|p2a: Sneasler|brn\n|move|p2a: Sneasler|Close Combat|p1a: Crabominable\n|-supereffective|p1a: Crabominable|1\n|-damage|p1a: Crabominable|21/100\n|-unboost|p2a: Sneasler|def|1\n|-unboost|p2a: Sneasler|spd|1\n|\n|-damage|p2a: Sneasler|95/100 brn|[from] brn\n|upkeep\n|turn|3\n|\n|t:|1775927273\n|move|p1a: Crabominable|Drain Punch|p2b: Incineroar\n|-supereffective|p2b: Incineroar|1\n|-damage|p2b: Incineroar|0 fnt\n|-heal|p1a: Crabominable|71/100|[from] drain|[of] p2b: Incineroar\n|faint|p2b: Incineroar\n|move|p1b: Chandelure|Heat Wave|p2a: Sneasler|[miss]\n|-miss|p1b: Chandelure|p2a: Sneasler\n|move|p2a: Sneasler|Rock Tomb|p1b: Chandelure\n|-supereffective|p1b: Chandelure|1\n|-damage|p1b: Chandelure|24/100\n|-unboost|p1b: Chandelure|spe|1\n|\n|-damage|p2a: Sneasler|89/100 brn|[from] brn\n|upkeep\n|\n|t:|1775927290\n|switch|p2b: Froslass|Froslass, L50, F|100/100\n|turn|4\n|\n|t:|1775927305\n|detailschange|p2b: Froslass|Froslass-Mega, L50, F\n|-mega|p2b: Froslass|Froslass|Froslassite\n|-weather|Snowscape|[from] ability: Snow Warning|[of] p2b: Froslass\n|move|p1a: Crabominable|Protect|p1a: Crabominable\n|-singleturn|p1a: Crabominable|Protect\n|move|p1b: Chandelure|Shadow Ball|p2b: Froslass\n|-supereffective|p2b: Froslass|1\n|-damage|p2b: Froslass|0 fnt\n|faint|p2b: Froslass\n|move|p2a: Sneasler|Close Combat|p1a: Crabominable\n|-activate|p1a: Crabominable|move: Protect\n|\n|-weather|Snowscape|[upkeep]\n|-damage|p2a: Sneasler|83/100 brn|[from] brn\n|upkeep\n|\n|t:|1775927313\n|switch|p2b: Palafin|Palafin-Hero, L50, M|100/100\n|-activate|p2b: Palafin|ability: Zero to Hero\n|turn|5\n|\n|t:|1775927326\n|move|p2b: Palafin|Jet Punch|p1b: Chandelure\n|-supereffective|p1b: Chandelure|1\n|-damage|p1b: Chandelure|0 fnt\n|faint|p1b: Chandelure\n|move|p1a: Crabominable|Drain Punch|p2b: Palafin\n|-damage|p2b: Palafin|40/100\n|-heal|p1a: Crabominable|97/100|[from] drain|[of] p2b: Palafin\n|move|p2a: Sneasler|Close Combat|p1a: Crabominable\n|-supereffective|p1a: Crabominable|1\n|-damage|p1a: Crabominable|64/100\n|-unboost|p2a: Sneasler|def|1\n|-unboost|p2a: Sneasler|spd|1\n|\n|-weather|Snowscape|[upkeep]\n|-damage|p2a: Sneasler|77/100 brn|[from] brn\n|-fieldend|move: Trick Room\n|upkeep\n|-message|BonkandGleepus forfeited.\n|\n|win|KeyKanon\n|raw|KeyKanon's rating: 1121 &rarr; <strong>1142</strong><br />(+21 for winning)\n|raw|BonkandGleepus's rating: 1071 &rarr; <strong>1053</strong><br />(-18 for losing)\n|l|\u2606BonkandGleepus\n|player|p2|\n",
  "uploadtime": 1775927345,
  "views": 16,
  "formatid": "gen9championsvgc2026regma",
  "rating": 1053,
  "private": 0,
  "password": null
}