{
  "id": "gen9championsvgc2026regma-2588358314",
  "format": "[Gen 9 Champions] VGC 2026 Reg M-A",
  "players": [
    "ggggggg friend",
    "zach_1717"
  ],
  "log": "|j|\u2606ggggggg friend\n|j|\u2606zach_1717\n|t:|1776626912\n|gametype|doubles\n|player|p1|ggggggg friend|266|1089\n|player|p2|zach_1717|wattson|1093\n|gen|9\n|tier|[Gen 9 Champions] VGC 2026 Reg M-A\n|rated|\n|rule|Species Clause: Limit one of each Pok\u00e9mon\n|rule|Item Clause: Limit 1 of each item\n|clearpoke\n|poke|p1|Venusaur, L50, M|\n|poke|p1|Lucario, L50, M|\n|poke|p1|Basculegion, L50, M|\n|poke|p1|Charizard, L50, M|\n|poke|p1|Garchomp, L50, M|\n|poke|p1|Talonflame, L50, M|\n|poke|p2|Venusaur, L50, M|\n|poke|p2|Pelipper, L50, F|\n|poke|p2|Dragapult, L50, M|\n|poke|p2|Clefable, L50, M|\n|poke|p2|Basculegion, L50, M|\n|poke|p2|Incineroar, L50, F|\n|teampreview|4\n|inactive|Battle timer is ON: inactive players will automatically lose when time's up. (requested by ggggggg friend)\n|\n|t:|1776626931\n|teamsize|p1|4\n|teamsize|p2|4\n|start\n|switch|p1a: Charizard|Charizard, L50, M|100/100\n|switch|p1b: Venusaur|Venusaur, L50, M|100/100\n|switch|p2a: Venusaur|Venusaur, L50, M|100/100\n|switch|p2b: Dragapult|Dragapult, L50, M|100/100\n|turn|1\n|inactive|ggggggg friend has 30 seconds left.\n|inactive|ggggggg friend has 20 seconds left.\n|inactive|ggggggg friend has 15 seconds left.\n|inactive|ggggggg friend has 10 seconds left.\n|inactive|ggggggg friend has 5 seconds left.\n|\n|t:|1776626985\n|detailschange|p2a: Venusaur|Venusaur-Mega, L50, M\n|-mega|p2a: Venusaur|Venusaur|Venusaurite\n|detailschange|p1a: Charizard|Charizard-Mega-Y, L50, M\n|-mega|p1a: Charizard|Charizard|Charizardite Y\n|-weather|SunnyDay|[from] ability: Drought|[of] p1a: Charizard\n|move|p2a: Venusaur|Protect|p2a: Venusaur\n|-singleturn|p2a: Venusaur|Protect\n|move|p1b: Venusaur|Sludge Bomb|p2a: Venusaur\n|-activate|p2a: Venusaur|move: Protect\n|move|p2b: Dragapult|Light Screen|p2b: Dragapult\n|-sidestart|p2: zach_1717|move: Light Screen\n|move|p1a: Charizard|Heat Wave|p2a: Venusaur|[spread] p2b\n|-activate|p2a: Venusaur|move: Protect\n|-resisted|p2b: Dragapult|1\n|-damage|p2b: Dragapult|73/100\n|\n|-weather|SunnyDay|[upkeep]\n|upkeep\n|turn|2\n|inactive|zach_1717 has 30 seconds left.\n|\n|t:|1776627015\n|move|p1b: Venusaur|Sludge Bomb|p2a: Venusaur\n|-damage|p2a: Venusaur|71/100\n|move|p2b: Dragapult|Dragon Darts|p1a: Charizard\n|-crit|p1a: Charizard\n|-damage|p1a: Charizard|64/100\n|-anim|p2b: Dragapult|Dragon Darts|p1b: Venusaur\n|-damage|p1b: Venusaur|74/100\n|move|p2a: Venusaur|Leech Seed|p1a: Charizard\n|-start|p1a: Charizard|move: Leech Seed\n|move|p1a: Charizard|Overheat|p2a: Venusaur\n|-supereffective|p2a: Venusaur|1\n|-damage|p2a: Venusaur|6/100\n|-unboost|p1a: Charizard|spa|2\n|\n|-weather|SunnyDay|[upkeep]\n|-damage|p1a: Charizard|52/100|[from] Leech Seed|[of] p2a: Venusaur\n|-heal|p2a: Venusaur|19/100|[silent]\n|upkeep\n|turn|3\n|inactive|ggggggg friend has 30 seconds left.\n|\n|t:|1776627043\n|switch|p1a: Lucario|Lucario, L50, M|100/100\n|move|p2a: Venusaur|Protect|p2a: Venusaur\n|-singleturn|p2a: Venusaur|Protect\n|move|p1b: Venusaur|Sleep Powder|p2b: Dragapult|[miss]\n|-miss|p1b: Venusaur|p2b: Dragapult\n|move|p2b: Dragapult|Dragon Darts|p1a: Lucario\n|-resisted|p1a: Lucario|1\n|-damage|p1a: Lucario|84/100\n|-anim|p2b: Dragapult|Dragon Darts|p1b: Venusaur\n|-damage|p1b: Venusaur|51/100\n|\n|-weather|SunnyDay|[upkeep]\n|upkeep\n|turn|4\n|\n|t:|1776627064\n|switch|p2a: Pelipper|Pelipper, L50, F|100/100\n|-weather|RainDance|[from] ability: Drizzle|[of] p2a: Pelipper\n|move|p1a: Lucario|Bullet Punch|p2b: Dragapult\n|-damage|p2b: Dragapult|47/100\n|move|p2b: Dragapult|Phantom Force||[still]\n|-prepare|p2b: Dragapult|Phantom Force\n|move|p1b: Venusaur|Sludge Bomb|p2a: Pelipper\n|-damage|p2a: Pelipper|56/100\n|-status|p2a: Pelipper|psn\n|\n|-weather|RainDance|[upkeep]\n|-damage|p2a: Pelipper|44/100 psn|[from] psn\n|upkeep\n|turn|5\n|inactive|ggggggg friend has 30 seconds left.\n|inactive|ggggggg friend has 20 seconds left.\n|inactive|ggggggg friend has 15 seconds left.\n|inactive|ggggggg friend has 10 seconds left.\n|inactive|ggggggg friend has 5 seconds left.\n|\n|t:|1776627115\n|switch|p1b: Charizard|Charizard-Mega-Y, L50, M|52/100\n|-weather|SunnyDay|[from] ability: Drought|[of] p1b: Charizard\n|move|p2b: Dragapult|Phantom Force|p1b: Charizard|[from] lockedmove\n|-crit|p1b: Charizard\n|-damage|p1b: Charizard|0 fnt\n|faint|p1b: Charizard\n|move|p1a: Lucario|Close Combat|p2a: Pelipper\n|-resisted|p2a: Pelipper|1\n|-damage|p2a: Pelipper|14/100 psn\n|-unboost|p1a: Lucario|def|1\n|-unboost|p1a: Lucario|spd|1\n|move|p2a: Pelipper|Tailwind|p2a: Pelipper\n|-sidestart|p2: zach_1717|move: Tailwind\n|\n|-weather|SunnyDay|[upkeep]\n|-damage|p2a: Pelipper|2/100 psn|[from] psn\n|-sideend|p2: zach_1717|move: Light Screen\n|upkeep\n|\n|t:|1776627133\n|switch|p1b: Venusaur|Venusaur, L50, M|51/100\n|turn|6\n|inactive|ggggggg friend has 30 seconds left.\n|\n|t:|1776627160\n|move|p1a: Lucario|Bullet Punch|p2a: Pelipper\n|-resisted|p2a: Pelipper|1\n|-damage|p2a: Pelipper|0 fnt\n|faint|p2a: Pelipper\n|move|p2b: Dragapult|Dragon Darts|p1a: Lucario\n|-resisted|p1a: Lucario|1\n|-damage|p1a: Lucario|56/100\n|-anim|p2b: Dragapult|Dragon Darts|p1b: Venusaur\n|-damage|p1b: Venusaur|27/100\n|move|p1b: Venusaur|Solar Beam||[still]\n|-prepare|p1b: Venusaur|Solar Beam\n|-anim|p1b: Venusaur|Solar Beam|p2b: Dragapult\n|-resisted|p2b: Dragapult|1\n|-damage|p2b: Dragapult|12/100\n|\n|-weather|SunnyDay|[upkeep]\n|upkeep\n|\n|t:|1776627175\n|switch|p2a: Venusaur|Venusaur-Mega, L50, M|19/100\n|turn|7\n|inactive|zach_1717 has 30 seconds left.\n|\n|t:|1776627203\n|switch|p2b: Basculegion|Basculegion, L50, M|100/100\n|move|p1b: Venusaur|Protect|p1b: Venusaur\n|-singleturn|p1b: Venusaur|Protect\n|move|p1a: Lucario|Bullet Punch|p2b: Basculegion\n|-resisted|p2b: Basculegion|1\n|-damage|p2b: Basculegion|87/100\n|move|p2a: Venusaur|Giga Drain|p1a: Lucario\n|-resisted|p1a: Lucario|1\n|-damage|p1a: Lucario|9/100\n|-heal|p2a: Venusaur|38/100|[from] drain|[of] p1a: Lucario\n|\n|-weather|SunnyDay|[upkeep]\n|upkeep\n|turn|8\n|inactive|ggggggg friend has 30 seconds left.\n|\n|t:|1776627233\n|move|p2b: Basculegion|Aqua Jet|p1a: Lucario\n|-damage|p1a: Lucario|0 fnt\n|faint|p1a: Lucario\n|move|p2a: Venusaur|Sludge Bomb|p1b: Venusaur\n|-damage|p1b: Venusaur|0 fnt\n|faint|p1b: Venusaur\n|\n|-weather|SunnyDay|[upkeep]\n|-sideend|p2: zach_1717|move: Tailwind\n|upkeep\n|-message|ggggggg friend forfeited.\n|\n|win|zach_1717\n|raw|ggggggg friend's rating: 1089 &rarr; <strong>1066</strong><br />(-23 for losing)\n|raw|zach_1717's rating: 1093 &rarr; <strong>1119</strong><br />(+26 for winning)\n|l|\u2606ggggggg friend\n|player|p1|\n",
  "uploadtime": 1776627251,
  "views": 11,
  "formatid": "gen9championsvgc2026regma",
  "rating": 1066,
  "private": 0,
  "password": null
}