{
  "id": "gen9championsvgc2026regma-2582368426",
  "format": "[Gen 9 Champions] VGC 2026 Reg M-A",
  "players": [
    "jorginocoke",
    "Niko highway"
  ],
  "log": "|j|\u2606jorginocoke\n|j|\u2606Niko highway\n|t:|1776086928\n|gametype|doubles\n|player|p1|jorginocoke|265|1365\n|player|p2|Niko highway|169|1336\n|gen|9\n|tier|[Gen 9 Champions] VGC 2026 Reg M-A\n|rated|\n|rule|Species Clause: Limit one of each Pok\u00e9mon\n|rule|Item Clause: Limit 1 of each item\n|clearpoke\n|poke|p1|Mimikyu, L50, F|\n|poke|p1|Crabominable, L50, M|\n|poke|p1|Kingambit, L50, M|\n|poke|p1|Chandelure, L50, M|\n|poke|p1|Mudsdale, L50, M|\n|poke|p1|Drampa, L50, F|\n|poke|p2|Incineroar, L50, F|\n|poke|p2|Conkeldurr, L50, F|\n|poke|p2|Sinistcha, L50|\n|poke|p2|Cofagrigus, L50, M|\n|poke|p2|Drampa, L50, M|\n|poke|p2|Aggron, L50, F|\n|teampreview|4\n|inactive|Battle timer is ON: inactive players will automatically lose when time's up. (requested by jorginocoke)\n|\n|t:|1776086992\n|teamsize|p1|4\n|teamsize|p2|4\n|start\n|switch|p1a: Mimikyu|Mimikyu, L50, F|100/100\n|switch|p1b: Kingambit|Kingambit, L50, M|100/100\n|switch|p2a: Cofagrigus|Cofagrigus, L50, M|100/100\n|switch|p2b: Conkeldurr|Conkeldurr, L50, F|100/100\n|turn|1\n|inactive|Niko highway has 30 seconds left.\n|\n|t:|1776087025\n|move|p1b: Kingambit|Kowtow Cleave|p2a: Cofagrigus\n|-supereffective|p2a: Cofagrigus|1\n|-damage|p2a: Cofagrigus|28/100\n|-activate|p2a: Cofagrigus|ability: Mummy|p1b: Kingambit|[ability] Defiant\n|move|p2b: Conkeldurr|Drain Punch|p1b: Kingambit\n|-supereffective|p1b: Kingambit|2\n|-enditem|p1b: Kingambit|Chople Berry|[eat]\n|-enditem|p1b: Kingambit|Chople Berry|[weaken]\n|-damage|p1b: Kingambit|4/100\n|-activate|p1b: Kingambit|ability: Mummy|p2b: Conkeldurr|[ability] Iron Fist\n|move|p1a: Mimikyu|Trick Room|p1a: Mimikyu\n|-fieldstart|move: Trick Room|[of] p1a: Mimikyu\n|move|p2a: Cofagrigus|Trick Room|p2a: Cofagrigus\n|-fieldend|move: Trick Room\n|\n|-heal|p2a: Cofagrigus|34/100|[from] item: Leftovers\n|upkeep\n|turn|2\n|\n|t:|1776087046\n|switch|p2a: Incineroar|Incineroar, L50, F|100/100\n|-ability|p2a: Incineroar|Intimidate|boost\n|-unboost|p1a: Mimikyu|atk|1\n|-unboost|p1b: Kingambit|atk|1\n|move|p2b: Conkeldurr|Mach Punch|p1b: Kingambit\n|-supereffective|p1b: Kingambit|2\n|-damage|p1b: Kingambit|0 fnt\n|faint|p1b: Kingambit\n|move|p1a: Mimikyu|Will-O-Wisp|p2b: Conkeldurr\n|-status|p2b: Conkeldurr|brn\n|\n|-damage|p2b: Conkeldurr|94/100 brn|[from] brn\n|upkeep\n|\n|t:|1776087068\n|switch|p1b: Crabominable|Crabominable, L50, M|100/100\n|turn|3\n|inactive|jorginocoke has 30 seconds left.\n|\n|t:|1776087094\n|move|p1b: Crabominable|Protect|p1b: Crabominable\n|-singleturn|p1b: Crabominable|Protect\n|move|p2a: Incineroar|Parting Shot|p1a: Mimikyu\n|-unboost|p1a: Mimikyu|atk|1\n|-unboost|p1a: Mimikyu|spa|1\n|\n|t:|1776087100\n|switch|p2a: Cofagrigus|Cofagrigus, L50, M|34/100|[from] Parting Shot\n|move|p2b: Conkeldurr|Knock Off|p1a: Mimikyu\n|-activate|p1a: Mimikyu|ability: Disguise\n|-damage|p1a: Mimikyu|100/100\n|-enditem|p1a: Mimikyu|Mental Herb|[from] move: Knock Off|[of] p2b: Conkeldurr\n|detailschange|p1a: Mimikyu|Mimikyu-Busted, L50, F\n|-damage|p1a: Mimikyu|89/100|[from] pokemon: Mimikyu-Busted\n|move|p1a: Mimikyu|Trick Room|p1a: Mimikyu\n|-fieldstart|move: Trick Room|[of] p1a: Mimikyu\n|\n|-heal|p2a: Cofagrigus|40/100|[from] item: Leftovers\n|-damage|p2b: Conkeldurr|88/100 brn|[from] brn\n|upkeep\n|turn|4\n|\n|t:|1776087124\n|move|p2a: Cofagrigus|Will-O-Wisp|p1b: Crabominable\n|-status|p1b: Crabominable|brn\n|move|p1b: Crabominable|Ice Hammer|p2a: Cofagrigus\n|-damage|p2a: Cofagrigus|22/100\n|-unboost|p1b: Crabominable|spe|1\n|-activate|p2a: Cofagrigus|ability: Mummy|p1b: Crabominable|[ability] Hyper Cutter\n|move|p2b: Conkeldurr|Drain Punch|p1b: Crabominable\n|-supereffective|p1b: Crabominable|1\n|-damage|p1b: Crabominable|37/100 brn\n|-heal|p2b: Conkeldurr|100/100 brn|[from] drain|[of] p1b: Crabominable\n|move|p1a: Mimikyu|Play Rough|p2b: Conkeldurr|[miss]\n|-miss|p1a: Mimikyu|p2b: Conkeldurr\n|\n|-heal|p2a: Cofagrigus|28/100|[from] item: Leftovers\n|-damage|p1b: Crabominable|31/100 brn|[from] brn\n|-damage|p2b: Conkeldurr|94/100 brn|[from] brn\n|upkeep\n|turn|5\n|inactive|jorginocoke has 30 seconds left.\n|\n|t:|1776087150\n|switch|p1b: Chandelure|Chandelure, L50, M|100/100\n|move|p2a: Cofagrigus|Shadow Ball|p1a: Mimikyu\n|-supereffective|p1a: Mimikyu|1\n|-damage|p1a: Mimikyu|47/100\n|move|p2b: Conkeldurr|Drain Punch|p1b: Chandelure\n|-immune|p1b: Chandelure\n|move|p1a: Mimikyu|Play Rough|p2b: Conkeldurr\n|-supereffective|p2b: Conkeldurr|1\n|-damage|p2b: Conkeldurr|71/100 brn\n|\n|-heal|p2a: Cofagrigus|34/100|[from] item: Leftovers\n|-damage|p2b: Conkeldurr|65/100 brn|[from] brn\n|upkeep\n|turn|6\n|\n|t:|1776087166\n|move|p2a: Cofagrigus|Shadow Ball|p1b: Chandelure\n|-supereffective|p1b: Chandelure|1\n|-damage|p1b: Chandelure|39/100\n|move|p2b: Conkeldurr|Knock Off|p1b: Chandelure\n|-supereffective|p1b: Chandelure|1\n|-damage|p1b: Chandelure|0 fnt\n|-enditem|p1b: Chandelure|Charcoal|[from] move: Knock Off|[of] p2b: Conkeldurr\n|faint|p1b: Chandelure\n|move|p1a: Mimikyu|Play Rough|p2b: Conkeldurr\n|-supereffective|p2b: Conkeldurr|1\n|-damage|p2b: Conkeldurr|41/100 brn\n|\n|-heal|p2a: Cofagrigus|40/100|[from] item: Leftovers\n|-damage|p2b: Conkeldurr|35/100 brn|[from] brn\n|upkeep\n|-message|jorginocoke forfeited.\n|\n|win|Niko highway\n|raw|jorginocoke's rating: 1365 &rarr; <strong>1343</strong><br />(-22 for losing)\n|raw|Niko highway's rating: 1336 &rarr; <strong>1358</strong><br />(+22 for winning)\n|l|\u2606jorginocoke\n|player|p1|\n|j| wbiii\n",
  "uploadtime": 1776087208,
  "views": 65,
  "formatid": "gen9championsvgc2026regma",
  "rating": 1343,
  "private": 0,
  "password": null
}