{
  "id": "gen9championsvgc2026regma-2585018266",
  "format": "[Gen 9 Champions] VGC 2026 Reg M-A",
  "players": [
    "winchester_07",
    "Supperkiwi007"
  ],
  "log": "|j|\u2606winchester_07\n|j|\u2606Supperkiwi007\n|t:|1776303800\n|gametype|doubles\n|player|p1|winchester_07|gambler|1032\n|player|p2|Supperkiwi007|nate|1000\n|gen|9\n|tier|[Gen 9 Champions] VGC 2026 Reg M-A\n|rated|\n|rule|Species Clause: Limit one of each Pok\u00e9mon\n|rule|Item Clause: Limit 1 of each item\n|clearpoke\n|poke|p1|Archaludon, L50, M|\n|poke|p1|Basculegion, L50, M|\n|poke|p1|Sinistcha, L50|\n|poke|p1|Incineroar, L50, F|\n|poke|p1|Pelipper, L50, F|\n|poke|p1|Dragonite, L50, F|\n|poke|p2|Charizard, L50, M|\n|poke|p2|Incineroar, L50, M|\n|poke|p2|Garchomp, L50, M|\n|poke|p2|Whimsicott, L50, F|\n|poke|p2|Sneasler, L50, M|\n|poke|p2|Rotom-Wash, L50|\n|teampreview|4\n|\n|t:|1776303818\n|teamsize|p1|4\n|teamsize|p2|4\n|start\n|switch|p1a: Incineroar|Incineroar, L50, F|100/100\n|switch|p1b: Pelipper|Pelipper, L50, F|100/100\n|switch|p2a: Charizard|Charizard, L50, M, shiny|100/100\n|switch|p2b: Incineroar|Incineroar, L50, M|100/100\n|-weather|RainDance|[from] ability: Drizzle|[of] p1b: Pelipper\n|-ability|p2b: Incineroar|Intimidate|boost\n|-unboost|p1a: Incineroar|atk|1\n|-unboost|p1b: Pelipper|atk|1\n|-ability|p1a: Incineroar|Intimidate|boost\n|-unboost|p2a: Charizard|atk|1\n|-unboost|p2b: Incineroar|atk|1\n|turn|1\n|\n|t:|1776303840\n|switch|p1b: Basculegion|Basculegion, L50, M, shiny|100/100\n|detailschange|p2a: Charizard|Charizard-Mega-Y, L50, M, shiny\n|-mega|p2a: Charizard|Charizard|Charizardite Y\n|-weather|SunnyDay|[from] ability: Drought|[of] p2a: Charizard\n|move|p2b: Incineroar|Fake Out|p1b: Basculegion\n|-immune|p1b: Basculegion\n|move|p1a: Incineroar|Fake Out|p2a: Charizard\n|-damage|p2a: Charizard|92/100\n|cant|p2a: Charizard|flinch\n|\n|-weather|SunnyDay|[upkeep]\n|upkeep\n|turn|2\n|\n|t:|1776303876\n|switch|p2a: Rotom|Rotom-Wash, L50, shiny|100/100\n|switch|p1b: Pelipper|Pelipper, L50, F|100/100\n|-weather|RainDance|[from] ability: Drizzle|[of] p1b: Pelipper\n|move|p2b: Incineroar|Parting Shot|p1b: Pelipper\n|-unboost|p1b: Pelipper|atk|1\n|-unboost|p1b: Pelipper|spa|1\n|\n|t:|1776303890\n|switch|p2b: Charizard|Charizard-Mega-Y, L50, M, shiny|92/100|[from] Parting Shot\n|-weather|SunnyDay|[from] ability: Drought|[of] p2b: Charizard\n|move|p1a: Incineroar|Parting Shot|p2a: Rotom\n|-unboost|p2a: Rotom|atk|1\n|-unboost|p2a: Rotom|spa|1\n|\n|t:|1776303904\n|switch|p1a: Dragonite|Dragonite, L50, F, shiny|100/100|[from] Parting Shot\n|\n|-weather|SunnyDay|[upkeep]\n|upkeep\n|turn|3\n|\n|t:|1776303943\n|detailschange|p1a: Dragonite|Dragonite-Mega, L50, F, shiny\n|-mega|p1a: Dragonite|Dragonite|Dragoninite\n|move|p1b: Pelipper|Protect|p1b: Pelipper\n|-singleturn|p1b: Pelipper|Protect\n|move|p2b: Charizard|Heat Wave|p1b: Pelipper|[spread] p1a\n|-activate|p1b: Pelipper|move: Protect\n|-resisted|p1a: Dragonite|1\n|-damage|p1a: Dragonite|90/100\n|move|p1a: Dragonite|Draco Meteor|p2b: Charizard\n|-damage|p2b: Charizard|24/100\n|-unboost|p1a: Dragonite|spa|2\n|move|p2a: Rotom|Thunderbolt|p1a: Dragonite\n|-crit|p1a: Dragonite\n|-damage|p1a: Dragonite|37/100\n|\n|-weather|SunnyDay|[upkeep]\n|upkeep\n|turn|4\n|\n|t:|1776303986\n|switch|p2b: Whimsicott|Whimsicott, L50, F|100/100\n|switch|p1b: Incineroar|Incineroar, L50, F|100/100\n|-ability|p1b: Incineroar|Intimidate|boost\n|-unboost|p2a: Rotom|atk|1\n|-unboost|p2b: Whimsicott|atk|1\n|move|p1a: Dragonite|Roost|p1a: Dragonite\n|-heal|p1a: Dragonite|88/100\n|-singleturn|p1a: Dragonite|move: Roost\n|move|p2a: Rotom|Volt Switch|p1a: Dragonite\n|-resisted|p1a: Dragonite|1\n|-crit|p1a: Dragonite\n|-damage|p1a: Dragonite|69/100\n|\n|t:|1776304000\n|switch|p2a: Incineroar|Incineroar, L50, M|100/100|[from] Volt Switch\n|-ability|p2a: Incineroar|Intimidate|boost\n|-unboost|p1a: Dragonite|atk|1\n|-unboost|p1b: Incineroar|atk|1\n|\n|-weather|SunnyDay|[upkeep]\n|upkeep\n|turn|5\n|\n|t:|1776304037\n|move|p2a: Incineroar|Fake Out|p1a: Dragonite\n|-damage|p1a: Dragonite|60/100\n|move|p1b: Incineroar|Fake Out|p2b: Whimsicott\n|-damage|p2b: Whimsicott|90/100\n|cant|p2b: Whimsicott|flinch\n|cant|p1a: Dragonite|flinch\n|\n|-weather|SunnyDay|[upkeep]\n|upkeep\n|turn|6\n|\n|t:|1776304060\n|move|p2b: Whimsicott|Tailwind|p2b: Whimsicott\n|-sidestart|p2: Supperkiwi007|move: Tailwind\n|move|p2a: Incineroar|Parting Shot|p1a: Dragonite\n|-unboost|p1a: Dragonite|atk|1\n|-unboost|p1a: Dragonite|spa|1\n|\n|t:|1776304068\n|switch|p2a: Rotom|Rotom-Wash, L50, shiny|100/100|[from] Parting Shot\n|move|p1a: Dragonite|Roost|p1a: Dragonite\n|-heal|p1a: Dragonite|100/100\n|-singleturn|p1a: Dragonite|move: Roost\n|move|p1b: Incineroar|Flare Blitz|p2b: Whimsicott\n|-supereffective|p2b: Whimsicott|1\n|-damage|p2b: Whimsicott|0 fnt\n|faint|p2b: Whimsicott\n|-damage|p1b: Incineroar|81/100|[from] Recoil\n|\n|-weather|none\n|upkeep\n|\n|t:|1776304082\n|switch|p2b: Incineroar|Incineroar, L50, M|100/100\n|-ability|p2b: Incineroar|Intimidate|boost\n|-unboost|p1a: Dragonite|atk|1\n|-unboost|p1b: Incineroar|atk|1\n|turn|7\n|\n|t:|1776304114\n|move|p2b: Incineroar|Fake Out|p1b: Incineroar\n|-damage|p1b: Incineroar|70/100\n|move|p2a: Rotom|Thunderbolt|p1a: Dragonite\n|-damage|p1a: Dragonite|84/100\n|move|p1a: Dragonite|Thunder|p2b: Incineroar\n|-damage|p2b: Incineroar|84/100\n|cant|p1b: Incineroar|flinch\n|\n|upkeep\n|turn|8\n|\n|t:|1776304135\n|move|p2a: Rotom|Thunderbolt|p1a: Dragonite\n|-damage|p1a: Dragonite|50/100\n|move|p2b: Incineroar|Snarl|p1a: Dragonite|[spread] p1a,p1b\n|-resisted|p1b: Incineroar|1\n|-damage|p1a: Dragonite|40/100\n|-damage|p1b: Incineroar|66/100\n|-unboost|p1a: Dragonite|spa|1\n|-unboost|p1b: Incineroar|spa|1\n|move|p1a: Dragonite|Roost|p1a: Dragonite\n|-heal|p1a: Dragonite|91/100\n|-singleturn|p1a: Dragonite|move: Roost\n|move|p1b: Incineroar|Parting Shot|p2a: Rotom\n|-unboost|p2a: Rotom|atk|1\n|-unboost|p2a: Rotom|spa|1\n|inactive|Battle timer is ON: inactive players will automatically lose when time's up. (requested by Supperkiwi007)\n|\n|t:|1776304180\n|switch|p1b: Pelipper|Pelipper, L50, F|100/100|[from] Parting Shot\n|-weather|RainDance|[from] ability: Drizzle|[of] p1b: Pelipper\n|\n|-weather|RainDance|[upkeep]\n|upkeep\n|turn|9\n|inactive|Supperkiwi007 has 30 seconds left.\n|\n|t:|1776304206\n|switch|p1a: Incineroar|Incineroar, L50, F|66/100\n|-ability|p1a: Incineroar|Intimidate|boost\n|-unboost|p2a: Rotom|atk|1\n|-unboost|p2b: Incineroar|atk|1\n|move|p2a: Rotom|Protect|p2a: Rotom\n|-singleturn|p2a: Rotom|Protect\n|move|p1b: Pelipper|Protect|p1b: Pelipper\n|-singleturn|p1b: Pelipper|Protect\n|move|p2b: Incineroar|Snarl|p1b: Pelipper|[spread] p1a\n|-activate|p1b: Pelipper|move: Protect\n|-resisted|p1a: Incineroar|1\n|-damage|p1a: Incineroar|62/100\n|-unboost|p1a: Incineroar|spa|1\n|\n|-weather|RainDance|[upkeep]\n|-sideend|p2: Supperkiwi007|move: Tailwind\n|upkeep\n|turn|10\n|inactive|Supperkiwi007 has 30 seconds left.\n|inactive|Supperkiwi007 has 20 seconds left.\n|\n|t:|1776304243\n|move|p2a: Rotom|Protect||[still]\n|-fail|p2a: Rotom\n|move|p1a: Incineroar|Fake Out|p2a: Rotom\n|-damage|p2a: Rotom|90/100\n|move|p1b: Pelipper|Tailwind|p1b: Pelipper\n|-sidestart|p1: winchester_07|move: Tailwind\n|move|p2b: Incineroar|Snarl|p1b: Pelipper|[spread] p1a,p1b\n|-resisted|p1a: Incineroar|1\n|-damage|p1a: Incineroar|58/100\n|-damage|p1b: Pelipper|83/100\n|-unboost|p1a: Incineroar|spa|1\n|-unboost|p1b: Pelipper|spa|1\n|\n|-weather|RainDance|[upkeep]\n|-heal|p2a: Rotom|95/100|[from] item: Leftovers\n|upkeep\n|turn|11\n|\n|t:|1776304267\n|move|p1b: Pelipper|Protect|p1b: Pelipper\n|-singleturn|p1b: Pelipper|Protect\n|move|p1a: Incineroar|Parting Shot|p2a: Rotom\n|-unboost|p2a: Rotom|atk|1\n|-unboost|p2a: Rotom|spa|1\n|\n|t:|1776304275\n|switch|p1a: Dragonite|Dragonite-Mega, L50, F, shiny|91/100|[from] Parting Shot\n|move|p2a: Rotom|Thunderbolt|p1a: Dragonite\n|-damage|p1a: Dragonite|74/100\n|move|p2b: Incineroar|Snarl|p1b: Pelipper|[spread] p1a\n|-activate|p1b: Pelipper|move: Protect\n|-damage|p1a: Dragonite|66/100\n|-unboost|p1a: Dragonite|spa|1\n|\n|-weather|RainDance|[upkeep]\n|-heal|p2a: Rotom|100/100|[from] item: Leftovers\n|upkeep\n|turn|12\n|inactive|winchester_07 has 30 seconds left.\n|inactive|Supperkiwi007 has 30 seconds left.\n|inactive|winchester_07 has 20 seconds left.\n|\n|t:|1776304310\n|switch|p1b: Incineroar|Incineroar, L50, F|58/100\n|-ability|p1b: Incineroar|Intimidate|boost\n|-unboost|p2a: Rotom|atk|1\n|-unboost|p2b: Incineroar|atk|1\n|move|p1a: Dragonite|Hurricane|p2b: Incineroar\n|-damage|p2b: Incineroar|42/100\n|-enditem|p2b: Incineroar|Sitrus Berry|[eat]\n|-heal|p2b: Incineroar|67/100|[from] item: Sitrus Berry\n|move|p2a: Rotom|Volt Switch|p1b: Incineroar\n|-damage|p1b: Incineroar|45/100\n|\n|t:|1776304321\n|switch|p2a: Charizard|Charizard-Mega-Y, L50, M, shiny|24/100|[from] Volt Switch\n|-weather|SunnyDay|[from] ability: Drought|[of] p2a: Charizard\n|move|p2b: Incineroar|Parting Shot|p1a: Dragonite\n|-unboost|p1a: Dragonite|atk|1\n|-unboost|p1a: Dragonite|spa|1\n|\n|t:|1776304330\n|switch|p2b: Rotom|Rotom-Wash, L50, shiny|100/100|[from] Parting Shot\n|\n|-weather|SunnyDay|[upkeep]\n|upkeep\n|turn|13\n|inactive|winchester_07 has 30 seconds left.\n|\n|t:|1776304357\n|move|p2a: Charizard|Protect|p2a: Charizard\n|-singleturn|p2a: Charizard|Protect\n|move|p1b: Incineroar|Fake Out|p2b: Rotom\n|-damage|p2b: Rotom|88/100\n|move|p1a: Dragonite|Draco Meteor|p2a: Charizard\n|-activate|p2a: Charizard|move: Protect\n|cant|p2b: Rotom|flinch\n|\n|-weather|SunnyDay|[upkeep]\n|-heal|p2b: Rotom|94/100|[from] item: Leftovers\n|-sideend|p1: winchester_07|move: Tailwind\n|upkeep\n|turn|14\n|inactive|winchester_07 has 30 seconds left.\n|inactive|Supperkiwi007 has 30 seconds left.\n|\n|t:|1776304389\n|switch|p2a: Incineroar|Incineroar, L50, M|67/100\n|-ability|p2a: Incineroar|Intimidate|boost\n|-unboost|p1a: Dragonite|atk|1\n|-unboost|p1b: Incineroar|atk|1\n|move|p1a: Dragonite|Draco Meteor|p2a: Incineroar\n|-damage|p2a: Incineroar|25/100\n|-unboost|p1a: Dragonite|spa|2\n|move|p2b: Rotom|Thunderbolt|p1b: Incineroar\n|-damage|p1b: Incineroar|9/100\n|move|p1b: Incineroar|Parting Shot|p2b: Rotom\n|-unboost|p2b: Rotom|atk|1\n|-unboost|p2b: Rotom|spa|1\n|\n|t:|1776304409\n|switch|p1b: Pelipper|Pelipper, L50, F|83/100|[from] Parting Shot\n|-weather|RainDance|[from] ability: Drizzle|[of] p1b: Pelipper\n|\n|-weather|RainDance|[upkeep]\n|-heal|p2b: Rotom|99/100|[from] item: Leftovers\n|upkeep\n|turn|15\n|inactive|Supperkiwi007 has 30 seconds left.\n|\n|t:|1776304435\n|move|p1b: Pelipper|Protect|p1b: Pelipper\n|-singleturn|p1b: Pelipper|Protect\n|move|p2a: Incineroar|Fake Out|p1a: Dragonite\n|-damage|p1a: Dragonite|56/100\n|cant|p1a: Dragonite|flinch\n|move|p2b: Rotom|Thunderbolt|p1a: Dragonite\n|-damage|p1a: Dragonite|34/100\n|\n|-weather|RainDance|[upkeep]\n|-heal|p2b: Rotom|100/100|[from] item: Leftovers\n|upkeep\n|turn|16\n|inactive|winchester_07 has 30 seconds left.\n|inactive|Supperkiwi007 has 30 seconds left.\n|\n|t:|1776304464\n|switch|p1b: Incineroar|Incineroar, L50, F|9/100\n|-ability|p1b: Incineroar|Intimidate|boost\n|-unboost|p2a: Incineroar|atk|1\n|-unboost|p2b: Rotom|atk|1\n|move|p1a: Dragonite|Roost|p1a: Dragonite\n|-heal|p1a: Dragonite|85/100\n|-singleturn|p1a: Dragonite|move: Roost\n|move|p2b: Rotom|Volt Switch|p1b: Incineroar\n|-damage|p1b: Incineroar|0 fnt\n|faint|p1b: Incineroar\n|\n|t:|1776304475\n|switch|p2b: Charizard|Charizard-Mega-Y, L50, M, shiny|24/100|[from] Volt Switch\n|-weather|SunnyDay|[from] ability: Drought|[of] p2b: Charizard\n|move|p2a: Incineroar|Snarl|p1a: Dragonite\n|-damage|p1a: Dragonite|73/100\n|-unboost|p1a: Dragonite|spa|1\n|\n|-weather|SunnyDay|[upkeep]\n|upkeep\n|\n|t:|1776304485\n|switch|p1b: Pelipper|Pelipper, L50, F|83/100\n|-weather|RainDance|[from] ability: Drizzle|[of] p1b: Pelipper\n|turn|17\n|\n|t:|1776304496\n|switch|p2a: Rotom|Rotom-Wash, L50, shiny|100/100\n|move|p2b: Charizard|Protect|p2b: Charizard\n|-singleturn|p2b: Charizard|Protect\n|move|p1a: Dragonite|Thunder|p2b: Charizard\n|-activate|p2b: Charizard|move: Protect\n|move|p1b: Pelipper|Weather Ball|p2a: Rotom\n|-resisted|p2a: Rotom|1\n|-damage|p2a: Rotom|66/100\n|\n|-weather|RainDance|[upkeep]\n|-heal|p2a: Rotom|72/100|[from] item: Leftovers\n|upkeep\n|turn|18\n|inactive|winchester_07 has 30 seconds left.\n|inactive|Supperkiwi007 has 30 seconds left.\n|\n|t:|1776304526\n|switch|p2b: Incineroar|Incineroar, L50, M|25/100\n|-ability|p2b: Incineroar|Intimidate|boost\n|-unboost|p1a: Dragonite|atk|1\n|-unboost|p1b: Pelipper|atk|1\n|move|p1b: Pelipper|Protect|p1b: Pelipper\n|-singleturn|p1b: Pelipper|Protect\n|move|p1a: Dragonite|Thunder|p2b: Incineroar\n|-damage|p2b: Incineroar|12/100\n|move|p2a: Rotom|Thunderbolt|p1a: Dragonite\n|-damage|p1a: Dragonite|39/100\n|\n|-weather|RainDance|[upkeep]\n|-heal|p2a: Rotom|78/100|[from] item: Leftovers\n|upkeep\n|turn|19\n|inactive|winchester_07 has 30 seconds left.\n|inactive|Supperkiwi007 has 30 seconds left.\n|\n|t:|1776304561\n|move|p1a: Dragonite|Thunder|p2a: Rotom\n|-damage|p2a: Rotom|63/100\n|move|p1b: Pelipper|Weather Ball|p2b: Incineroar\n|-supereffective|p2b: Incineroar|1\n|-damage|p2b: Incineroar|0 fnt\n|faint|p2b: Incineroar\n|move|p2a: Rotom|Thunderbolt|p1b: Pelipper\n|-supereffective|p1b: Pelipper|2\n|-damage|p1b: Pelipper|0 fnt\n|faint|p1b: Pelipper\n|\n|-weather|RainDance|[upkeep]\n|-heal|p2a: Rotom|69/100|[from] item: Leftovers\n|upkeep\n|\n|t:|1776304575\n|switch|p1b: Basculegion|Basculegion, L50, M, shiny|100/100\n|switch|p2b: Charizard|Charizard-Mega-Y, L50, M, shiny|24/100\n|-weather|SunnyDay|[from] ability: Drought|[of] p2b: Charizard\n|turn|20\n|inactive|Supperkiwi007 has 30 seconds left.\n|\n|t:|1776304603\n|move|p1b: Basculegion|Aqua Jet|p2b: Charizard\n|-supereffective|p2b: Charizard|1\n|-damage|p2b: Charizard|0 fnt\n|faint|p2b: Charizard\n|move|p1a: Dragonite|Draco Meteor|p2a: Rotom\n|-damage|p2a: Rotom|45/100\n|-unboost|p1a: Dragonite|spa|1\n|move|p2a: Rotom|Thunderbolt|p1b: Basculegion\n|-supereffective|p1b: Basculegion|1\n|-damage|p1b: Basculegion|0 fnt\n|faint|p1b: Basculegion\n|\n|-weather|SunnyDay|[upkeep]\n|-heal|p2a: Rotom|51/100|[from] item: Leftovers\n|upkeep\n|turn|21\n|\n|t:|1776304621\n|move|p1a: Dragonite|Draco Meteor|p2a: Rotom\n|-damage|p2a: Rotom|29/100\n|move|p2a: Rotom|Thunderbolt|p1a: Dragonite\n|-damage|p1a: Dragonite|8/100\n|\n|-weather|SunnyDay|[upkeep]\n|-heal|p2a: Rotom|35/100|[from] item: Leftovers\n|upkeep\n|turn|22\n|\n|t:|1776304643\n|move|p1a: Dragonite|Draco Meteor|p2a: Rotom\n|-damage|p2a: Rotom|11/100\n|move|p2a: Rotom|Thunderbolt|p1a: Dragonite\n|-damage|p1a: Dragonite|0 fnt\n|faint|p1a: Dragonite\n|\n|win|Supperkiwi007\n|raw|winchester_07's rating: 1032 &rarr; <strong>1016</strong><br />(-16 for losing)\n|raw|Supperkiwi007's rating: 1000 &rarr; <strong>1044</strong><br />(+44 for winning)\n|l|\u2606winchester_07\n|player|p1|\n",
  "uploadtime": 1776304658,
  "views": 25,
  "formatid": "gen9championsvgc2026regma",
  "rating": 1016,
  "private": 0,
  "password": null
}