{
  "id": "gen9championsvgc2026regma-2583004523",
  "format": "[Gen 9 Champions] VGC 2026 Reg M-A",
  "players": [
    "miruna11",
    "Novicebest"
  ],
  "log": "|j|\u203dmiruna11\n|j|\u2606Novicebest\n|t:|1776132560\n|gametype|doubles\n|player|p1|miruna11|unknownf|1264\n|player|p2|Novicebest|dawn|1311\n|gen|9\n|tier|[Gen 9 Champions] VGC 2026 Reg M-A\n|rated|\n|rule|Species Clause: Limit one of each Pok\u00e9mon\n|rule|Item Clause: Limit 1 of each item\n|clearpoke\n|poke|p1|Gardevoir, L50, M|\n|poke|p1|Incineroar, L50, M|\n|poke|p1|Sneasler, L50, F|\n|poke|p1|Sinistcha, L50|\n|poke|p1|Basculegion, L50, M|\n|poke|p1|Aerodactyl, L50, M|\n|poke|p2|Kingambit, L50, F|\n|poke|p2|Gengar, L50, F|\n|poke|p2|Kommo-o, L50, F|\n|poke|p2|Politoed, L50, M|\n|poke|p2|Incineroar, L50, M|\n|poke|p2|Basculegion, L50, M|\n|teampreview|4\n|inactive|Battle timer is ON: inactive players will automatically lose when time's up. (requested by Novicebest)\n|inactive|Novicebest has 60 seconds left.\n|inactive|Novicebest has 30 seconds left.\n|\n|t:|1776132634\n|teamsize|p1|4\n|teamsize|p2|4\n|start\n|switch|p1a: Gardevoir|Gardevoir, L50, M, shiny|100/100\n|switch|p1b: Sneasler|Sneasler, L50, F|100/100\n|switch|p2a: Kingambit|Kingambit, L50, F|100/100\n|switch|p2b: Gengar|Gengar, L50, F|100/100\n|-ability|p1a: Gardevoir|Cursed Body|Trace|[from] ability: Trace|[of] p2b: Gengar\n|turn|1\n|inactive|miruna11 has 30 seconds left.\n|inactive|Novicebest has 30 seconds left.\n|inactive|Novicebest has 20 seconds left.\n|inactive|Novicebest has 15 seconds left.\n|\n|t:|1776132683\n|switch|p1a: Aerodactyl|Aerodactyl, L50, M|100/100\n|-ability|p1a: Aerodactyl|Unnerve\n|move|p2b: Gengar|Protect|p2b: Gengar\n|-singleturn|p2b: Gengar|Protect\n|move|p2a: Kingambit|Protect|p2a: Kingambit\n|-singleturn|p2a: Kingambit|Protect\n|move|p1b: Sneasler|Close Combat|p2a: Kingambit\n|-activate|p2a: Kingambit|move: Protect\n|\n|upkeep\n|turn|2\n|inactive|Novicebest has 30 seconds left.\n|\n|t:|1776132710\n|switch|p2a: Kommo-o|Kommo-o, L50, F|100/100\n|detailschange|p2b: Gengar|Gengar-Mega, L50, F\n|-mega|p2b: Gengar|Gengar|Gengarite\n|move|p1b: Sneasler|Protect|p1b: Sneasler\n|-singleturn|p1b: Sneasler|Protect\n|move|p2b: Gengar|Shadow Ball|p1b: Sneasler\n|-activate|p1b: Sneasler|move: Protect\n|move|p1a: Aerodactyl|Tailwind|p1a: Aerodactyl\n|-sidestart|p1: miruna11|move: Tailwind\n|\n|upkeep\n|turn|3\n|inactive|miruna11 has 30 seconds left.\n|inactive|Novicebest has 30 seconds left.\n|inactive|miruna11 has 20 seconds left.\n|inactive|miruna11 has 15 seconds left.\n|inactive|Novicebest has 20 seconds left.\n|inactive|miruna11 has 10 seconds left.\n|inactive|Novicebest has 15 seconds left.\n|inactive|Novicebest has 10 seconds left.\n|\n|t:|1776132761\n|switch|p2a: Incineroar|Incineroar, L50, M|100/100\n|-ability|p2a: Incineroar|Intimidate|boost\n|-unboost|p1a: Aerodactyl|atk|1\n|-unboost|p1b: Sneasler|atk|1\n|-enditem|p1b: Sneasler|White Herb\n|-clearnegativeboost|p1b: Sneasler|[silent]\n|move|p1b: Sneasler|Close Combat|p2a: Incineroar\n|-supereffective|p2a: Incineroar|1\n|-damage|p2a: Incineroar|16/100\n|-unboost|p1b: Sneasler|def|1\n|-unboost|p1b: Sneasler|spd|1\n|move|p1a: Aerodactyl|Dual Wingbeat|p2a: Incineroar\n|-damage|p2a: Incineroar|7/100\n|-damage|p2a: Incineroar|0 fnt\n|faint|p2a: Incineroar\n|-hitcount|p2: Incineroar|2\n|move|p2b: Gengar|Shadow Ball|p1b: Sneasler\n|-damage|p1b: Sneasler|5/100\n|-unboost|p1b: Sneasler|spd|1\n|\n|upkeep\n|\n|t:|1776132784\n|switch|p2a: Kingambit|Kingambit, L50, F|100/100\n|turn|4\n|\n|t:|1776132801\n|move|p1a: Aerodactyl|Protect|p1a: Aerodactyl\n|-singleturn|p1a: Aerodactyl|Protect\n|move|p2a: Kingambit|Sucker Punch|p1b: Sneasler\n|-resisted|p1b: Sneasler|1\n|-damage|p1b: Sneasler|0 fnt\n|faint|p1b: Sneasler\n|move|p2b: Gengar|Shadow Ball|p1a: Aerodactyl\n|-activate|p1a: Aerodactyl|move: Protect\n|\n|upkeep\n|\n|t:|1776132806\n|switch|p1b: Gardevoir|Gardevoir, L50, M, shiny|100/100\n|-ability|p1b: Gardevoir|Shadow Tag|Trace|[from] ability: Trace|[of] p2b: Gengar\n|turn|5\n|\n|t:|1776132828\n|detailschange|p1b: Gardevoir|Gardevoir-Mega, L50, M, shiny\n|-mega|p1b: Gardevoir|Gardevoir|Gardevoirite\n|move|p1a: Aerodactyl|Protect||[still]\n|-fail|p1a: Aerodactyl\n|move|p1b: Gardevoir|Protect|p1b: Gardevoir\n|-singleturn|p1b: Gardevoir|Protect\n|move|p2b: Gengar|Protect|p2b: Gengar\n|-singleturn|p2b: Gengar|Protect\n|move|p2a: Kingambit|Kowtow Cleave|p1b: Gardevoir\n|-activate|p1b: Gardevoir|move: Protect\n|\n|-sideend|p1: miruna11|move: Tailwind\n|upkeep\n|turn|6\n|\n|t:|1776132849\n|move|p2a: Kingambit|Sucker Punch|p1b: Gardevoir\n|-damage|p1b: Gardevoir|51/100\n|move|p1a: Aerodactyl|Tailwind|p1a: Aerodactyl\n|-sidestart|p1: miruna11|move: Tailwind\n|move|p1b: Gardevoir|Hyper Voice|p2a: Kingambit|[spread] p2a,p2b\n|-resisted|p2b: Gengar|1\n|-damage|p2a: Kingambit|53/100\n|-damage|p2b: Gengar|72/100\n|move|p2b: Gengar|Shadow Ball|p1b: Gardevoir\n|-supereffective|p1b: Gardevoir|1\n|-damage|p1b: Gardevoir|0 fnt\n|faint|p1b: Gardevoir\n|\n|upkeep\n|\n|t:|1776132856\n|switch|p1b: Sinistcha|Sinistcha, L50|100/100\n|turn|7\n|\n|t:|1776132873\n|move|p2b: Gengar|Protect|p2b: Gengar\n|-singleturn|p2b: Gengar|Protect\n|move|p1a: Aerodactyl|Rock Slide|p2b: Gengar|[spread] p2a\n|-activate|p2b: Gengar|move: Protect\n|-resisted|p2a: Kingambit|1\n|-damage|p2a: Kingambit|47/100\n|move|p1b: Sinistcha|Matcha Gotcha|p2a: Kingambit|[spread] \n|-activate|p2b: Gengar|move: Protect\n|-miss|p1b: Sinistcha|p2a: Kingambit\n|move|p2a: Kingambit|Kowtow Cleave|p1b: Sinistcha\n|-supereffective|p1b: Sinistcha|1\n|-damage|p1b: Sinistcha|0 fnt\n|faint|p1b: Sinistcha\n|\n|upkeep\n|turn|8\n|-message|miruna11 forfeited.\n|\n|win|Novicebest\n|raw|miruna11's rating: 1264 &rarr; <strong>1242</strong><br />(-22 for losing)\n|raw|Novicebest's rating: 1311 &rarr; <strong>1328</strong><br />(+17 for winning)\n|l|\u203dmiruna11\n|player|p1|\n|j|\u203dmiruna11\n|player|p1|miruna11|unknownf|\n|l|\u203dmiruna11\n|player|p1|\n",
  "uploadtime": 1776132892,
  "views": 27,
  "formatid": "gen9championsvgc2026regma",
  "rating": 1242,
  "private": 0,
  "password": null
}