{
  "id": "gen9championsvgc2026regma-2587822720",
  "format": "[Gen 9 Champions] VGC 2026 Reg M-A",
  "players": [
    "luckyhanky",
    "The boy savior"
  ],
  "log": "|j|\u2606luckyhanky\n|j|\u2606The boy savior\n|t:|1776567589\n|gametype|doubles\n|player|p1|luckyhanky|medium-gen2jp|1459\n|player|p2|The boy savior|gambler|1428\n|gen|9\n|tier|[Gen 9 Champions] VGC 2026 Reg M-A\n|rated|\n|rule|Species Clause: Limit one of each Pok\u00e9mon\n|rule|Item Clause: Limit 1 of each item\n|clearpoke\n|poke|p1|Charizard, L50, M|\n|poke|p1|Sneasler, L50, F|\n|poke|p1|Basculegion, L50, M|\n|poke|p1|Garchomp, L50, M|\n|poke|p1|Incineroar, L50, F|\n|poke|p1|Venusaur, L50, F|\n|poke|p2|Lopunny, L50, F, shiny|\n|poke|p2|Kleavor, L50, F|\n|poke|p2|Pelipper, L50, F, shiny|\n|poke|p2|Basculegion, L50, M, shiny|\n|poke|p2|Archaludon, L50, M|\n|poke|p2|Scizor, L50, M|\n|teampreview|4\n|inactive|Battle timer is ON: inactive players will automatically lose when time's up. (requested by luckyhanky)\n|inactive|luckyhanky has 60 seconds left.\nThe boy savior rejected open team sheets.\n|inactive|luckyhanky has 30 seconds left.\n|inactive|luckyhanky has 20 seconds left.\n|inactive|luckyhanky has 15 seconds left.\n|\n|t:|1776567667\n|teamsize|p1|4\n|teamsize|p2|4\n|start\n|switch|p1a: Basculegion|Basculegion, L50, M|100/100\n|switch|p1b: Incineroar|Incineroar, L50, F|100/100\n|switch|p2a: Sheer Heart Attack|Kleavor, L50, F|100/100\n|switch|p2b: Love Deluxe|Lopunny, L50, F, shiny|100/100\n|-ability|p1b: Incineroar|Intimidate|boost\n|-unboost|p2a: Sheer Heart Attack|atk|1\n|-unboost|p2b: Love Deluxe|atk|1\n|turn|1\n|inactive|The boy savior has 30 seconds left.\n|inactive|The boy savior has 20 seconds left.\n|\n|t:|1776567704\n|detailschange|p2b: Love Deluxe|Lopunny-Mega, L50, F, shiny\n|-mega|p2b: Love Deluxe|Lopunny|Lopunnite\n|move|p2b: Love Deluxe|Fake Out|p1b: Incineroar\n|-damage|p1b: Incineroar|87/100\n|cant|p1b: Incineroar|flinch\n|move|p1a: Basculegion|Flip Turn|p2a: Sheer Heart Attack\n|-supereffective|p2a: Sheer Heart Attack|1\n|-damage|p2a: Sheer Heart Attack|8/100\n|\n|t:|1776567712\n|switch|p1a: Venusaur|Venusaur, L50, F|100/100|[from] Flip Turn\n|move|p2a: Sheer Heart Attack|Stone Axe|p1b: Incineroar\n|-supereffective|p1b: Incineroar|1\n|-damage|p1b: Incineroar|25/100\n|-sidestart|p1: luckyhanky|move: Stealth Rock\n|-enditem|p1b: Incineroar|Sitrus Berry|[eat]\n|-heal|p1b: Incineroar|50/100|[from] item: Sitrus Berry\n|\n|upkeep\n|turn|2\n|\n|t:|1776567737\n|switch|p2b: Weather Report|Pelipper, L50, F, shiny|100/100\n|-weather|RainDance|[from] ability: Drizzle|[of] p2b: Weather Report\n|move|p2a: Sheer Heart Attack|Tailwind|p2a: Sheer Heart Attack\n|-sidestart|p2: The boy savior|move: Tailwind\n|move|p1a: Venusaur|Energy Ball|p2a: Sheer Heart Attack\n|-damage|p2a: Sheer Heart Attack|0 fnt\n|faint|p2a: Sheer Heart Attack\n|move|p1b: Incineroar|Flare Blitz|p2b: Weather Report\n|-resisted|p2b: Weather Report|1\n|-damage|p2b: Weather Report|87/100\n|-damage|p1b: Incineroar|46/100|[from] Recoil\n|\n|-weather|RainDance|[upkeep]\n|upkeep\n|\n|t:|1776567746\n|switch|p2a: Aqua Necklace|Basculegion, L50, M, shiny|100/100\n|turn|3\n|\n|t:|1776567753\n|move|p2a: Aqua Necklace|Wave Crash|p1b: Incineroar\n|-supereffective|p1b: Incineroar|1\n|-damage|p1b: Incineroar|0 fnt\n|faint|p1b: Incineroar\n|-damage|p2a: Aqua Necklace|85/100|[from] Recoil\n|move|p2b: Weather Report|Hurricane|p1a: Venusaur\n|-supereffective|p1a: Venusaur|1\n|-damage|p1a: Venusaur|18/100\n|move|p1a: Venusaur|Energy Ball|p2a: Aqua Necklace\n|-supereffective|p2a: Aqua Necklace|1\n|-damage|p2a: Aqua Necklace|0 fnt\n|faint|p2a: Aqua Necklace\n|\n|-weather|RainDance|[upkeep]\n|upkeep\n|\n|t:|1776567762\n|switch|p2a: Love Deluxe|Lopunny-Mega, L50, F, shiny|100/100\n|switch|p1b: Charizard|Charizard, L50, M|100/100\n|-damage|p1b: Charizard|51/100|[from] Stealth Rock\n|turn|4\n|\n|t:|1776567771\n|switch|p1a: Basculegion|Basculegion, L50, M|100/100\n|-damage|p1a: Basculegion|88/100|[from] Stealth Rock\n|detailschange|p1b: Charizard|Charizard-Mega-Y, L50, M\n|-mega|p1b: Charizard|Charizard|Charizardite Y\n|-weather|SunnyDay|[from] ability: Drought|[of] p1b: Charizard\n|move|p1b: Charizard|Protect|p1b: Charizard\n|-singleturn|p1b: Charizard|Protect\n|move|p2a: Love Deluxe|Fake Out|p1b: Charizard\n|-activate|p1b: Charizard|move: Protect\n|move|p2b: Weather Report|Weather Ball|p1a: Basculegion\n|-resisted|p1a: Basculegion|1\n|-damage|p1a: Basculegion|68/100\n|\n|-weather|SunnyDay|[upkeep]\n|upkeep\n|turn|5\n|inactive|luckyhanky has 30 seconds left.\n|\n|t:|1776567798\n|move|p2b: Weather Report|Wide Guard|p2b: Weather Report\n|-singleturn|p2b: Weather Report|Wide Guard\n|move|p2a: Love Deluxe|Close Combat|p1a: Basculegion\n|-damage|p1a: Basculegion|0 fnt\n|-unboost|p2a: Love Deluxe|def|1\n|-unboost|p2a: Love Deluxe|spd|1\n|faint|p1a: Basculegion\n|move|p1b: Charizard|Air Slash|p2a: Love Deluxe\n|-supereffective|p2a: Love Deluxe|1\n|-damage|p2a: Love Deluxe|0 fnt\n|faint|p2a: Love Deluxe\n|\n|-weather|SunnyDay|[upkeep]\n|-sideend|p2: The boy savior|move: Tailwind\n|upkeep\n|\n|t:|1776567803\n|switch|p1a: Venusaur|Venusaur, L50, F|18/100\n|-damage|p1a: Venusaur|6/100|[from] Stealth Rock\n|turn|6\n|\n|t:|1776567815\n|move|p1a: Venusaur|Energy Ball|p2b: Weather Report\n|-damage|p2b: Weather Report|27/100\n|-enditem|p2b: Weather Report|Sitrus Berry|[eat]\n|-heal|p2b: Weather Report|52/100|[from] item: Sitrus Berry\n|move|p1b: Charizard|Air Slash|p2b: Weather Report\n|-damage|p2b: Weather Report|0 fnt\n|faint|p2b: Weather Report\n|\n|win|luckyhanky\n|raw|luckyhanky's rating: 1459 &rarr; <strong>1477</strong><br />(+18 for winning)\n|raw|The boy savior's rating: 1428 &rarr; <strong>1410</strong><br />(-18 for losing)\n|l|\u2606The boy savior\n|player|p2|\n|l|\u2606luckyhanky\n|player|p1|\n",
  "uploadtime": 1776567837,
  "views": 13,
  "formatid": "gen9championsvgc2026regma",
  "rating": 1410,
  "private": 0,
  "password": null
}