{
  "id": "gen9championsvgc2026regma-2588518559",
  "format": "[Gen 9 Champions] VGC 2026 Reg M-A",
  "players": [
    "DGENERAT",
    "chiraquanid"
  ],
  "log": "|j|\u2606DGENERAT\n|j|\u2606chiraquanid\n|t:|1776640953\n|gametype|doubles\n|player|p1|DGENERAT|guzma|1318\n|player|p2|chiraquanid|1|1358\n|gen|9\n|tier|[Gen 9 Champions] VGC 2026 Reg M-A\n|rated|\n|rule|Species Clause: Limit one of each Pok\u00e9mon\n|rule|Item Clause: Limit 1 of each item\n|clearpoke\n|poke|p1|Sneasler, L50, F|\n|poke|p1|Blastoise, L50, M|\n|poke|p1|Talonflame, L50, F, shiny|\n|poke|p1|Gardevoir, L50, F, shiny|\n|poke|p1|Sinistcha-Masterpiece, L50, shiny|\n|poke|p1|Incineroar, L50, F|\n|poke|p2|Meowstic-F, L50, F|\n|poke|p2|Araquanid, L50, F|\n|poke|p2|Wyrdeer, L50, M|\n|poke|p2|Scovillain, L50, M|\n|poke|p2|Kommo-o, L50, M|\n|poke|p2|Aegislash, L50, M|\n|teampreview|4\n|inactive|Battle timer is ON: inactive players will automatically lose when time's up. (requested by DGENERAT)\n|inactive|DGENERAT has 60 seconds left.\n|inactive|chiraquanid has 60 seconds left.\n|\n|t:|1776641014\n|teamsize|p1|4\n|teamsize|p2|4\n|start\n|switch|p1a: Talonflame|Talonflame, L50, F, shiny|100/100\n|switch|p1b: Blastoise|Blastoise, L50, M|100/100\n|switch|p2a: Meowstic|Meowstic-F, L50, F|100/100\n|switch|p2b: Wyrdeer|Wyrdeer, L50, M|100/100\n|-ability|p2b: Wyrdeer|Intimidate|boost\n|-unboost|p1a: Talonflame|atk|1\n|-unboost|p1b: Blastoise|atk|1\n|turn|1\n|inactive|chiraquanid has 30 seconds left.\n|\n|t:|1776641046\n|detailschange|p1b: Blastoise|Blastoise-Mega, L50, M\n|-mega|p1b: Blastoise|Blastoise|Blastoisinite\n|move|p2a: Meowstic|Fake Out|p1b: Blastoise\n|-crit|p1b: Blastoise\n|-damage|p1b: Blastoise|93/100\n|move|p1a: Talonflame|Rain Dance|p1a: Talonflame\n|-weather|RainDance\n|cant|p1b: Blastoise|flinch\n|move|p2b: Wyrdeer|Trick Room|p2b: Wyrdeer\n|-fieldstart|move: Trick Room|[of] p2b: Wyrdeer\n|\n|-weather|RainDance|[upkeep]\n|upkeep\n|turn|2\n|\n|t:|1776641067\n|move|p2a: Meowstic|Protect|p2a: Meowstic\n|-singleturn|p2a: Meowstic|Protect\n|move|p1a: Talonflame|Dual Wingbeat|p2b: Wyrdeer\n|-damage|p2b: Wyrdeer|87/100\n|-damage|p2b: Wyrdeer|71/100\n|-hitcount|p2b: Wyrdeer|2\n|move|p2b: Wyrdeer|Psychic|p1b: Blastoise\n|-damage|p1b: Blastoise|50/100\n|move|p1b: Blastoise|Water Spout|p2a: Meowstic|[spread] p2b\n|-activate|p2a: Meowstic|move: Protect\n|-damage|p2b: Wyrdeer|22/100\n|\n|-weather|RainDance|[upkeep]\n|upkeep\n|turn|3\n|inactive|chiraquanid has 30 seconds left.\n|\n|t:|1776641096\n|switch|p2b: Araquanid|Araquanid, L50, F|100/100\n|switch|p1a: Sinistcha|Sinistcha-Masterpiece, L50, shiny|100/100\n|-heal|p1b: Blastoise|75/100|[from] ability: Hospitality|[of] p1a: Sinistcha\n|detailschange|p2a: Meowstic|Meowstic-F-Mega, L50, F\n|-mega|p2a: Meowstic|Meowstic|Meowsticite\n|-ability|p2a: Meowstic|Hospitality|Trace|[from] ability: Trace|[of] p1a: Sinistcha\n|move|p1b: Blastoise|Protect|p1b: Blastoise\n|-singleturn|p1b: Blastoise|Protect\n|move|p2a: Meowstic|Thunderbolt|p1b: Blastoise\n|-activate|p1b: Blastoise|move: Protect\n|\n|-weather|RainDance|[upkeep]\n|upkeep\n|turn|4\n|\n|t:|1776641121\n|move|p2a: Meowstic|Protect|p2a: Meowstic\n|-singleturn|p2a: Meowstic|Protect\n|move|p2b: Araquanid|Liquidation|p1a: Sinistcha\n|-resisted|p1a: Sinistcha|1\n|-damage|p1a: Sinistcha|58/100\n|-unboost|p1a: Sinistcha|def|1\n|move|p1a: Sinistcha|Life Dew|p1a: Sinistcha|[spread] p1a,p1b\n|-heal|p1a: Sinistcha|84/100\n|-heal|p1b: Blastoise|99/100\n|move|p1b: Blastoise|Water Spout|p2a: Meowstic|[spread] p2b\n|-activate|p2a: Meowstic|move: Protect\n|-resisted|p2b: Araquanid|1\n|-damage|p2b: Araquanid|62/100\n|\n|-weather|RainDance|[upkeep]\n|-heal|p2b: Araquanid|67/100|[from] item: Leftovers\n|upkeep\n|turn|5\n|\n|t:|1776641137\n|move|p2b: Araquanid|Wide Guard|p2b: Araquanid\n|-singleturn|p2b: Araquanid|Wide Guard\n|move|p1a: Sinistcha|Rage Powder|p1a: Sinistcha\n|-singleturn|p1a: Sinistcha|move: Rage Powder\n|move|p1b: Blastoise|Shell Smash|p1b: Blastoise\n|-unboost|p1b: Blastoise|def|1\n|-unboost|p1b: Blastoise|spd|1\n|-boost|p1b: Blastoise|atk|2\n|-boost|p1b: Blastoise|spa|2\n|-boost|p1b: Blastoise|spe|2\n|move|p2a: Meowstic|Psychic|p1a: Sinistcha\n|-damage|p1a: Sinistcha|42/100\n|-enditem|p1a: Sinistcha|Sitrus Berry|[eat]\n|-heal|p1a: Sinistcha|66/100|[from] item: Sitrus Berry\n|\n|-weather|none\n|-heal|p2b: Araquanid|73/100|[from] item: Leftovers\n|-fieldend|move: Trick Room\n|upkeep\n|turn|6\n|\n|t:|1776641159\n|move|p2a: Meowstic|Protect|p2a: Meowstic\n|-singleturn|p2a: Meowstic|Protect\n|move|p1a: Sinistcha|Rage Powder|p1a: Sinistcha\n|-singleturn|p1a: Sinistcha|move: Rage Powder\n|move|p1b: Blastoise|Ice Beam|p2a: Meowstic\n|-activate|p2a: Meowstic|move: Protect\n|move|p2b: Araquanid|Liquidation|p1a: Sinistcha\n|-resisted|p1a: Sinistcha|1\n|-damage|p1a: Sinistcha|26/100\n|\n|-heal|p2b: Araquanid|79/100|[from] item: Leftovers\n|upkeep\n|turn|7\n|\n|t:|1776641179\n|move|p1a: Sinistcha|Rage Powder|p1a: Sinistcha\n|-singleturn|p1a: Sinistcha|move: Rage Powder\n|move|p1b: Blastoise|Water Spout|p2b: Araquanid|[spread] p2a,p2b\n|-resisted|p2b: Araquanid|1\n|-damage|p2a: Meowstic|0 fnt\n|-damage|p2b: Araquanid|25/100\n|faint|p2a: Meowstic\n|move|p2b: Araquanid|Liquidation|p1a: Sinistcha\n|-resisted|p1a: Sinistcha|1\n|-damage|p1a: Sinistcha|0 fnt\n|faint|p1a: Sinistcha\n|\n|-heal|p2b: Araquanid|31/100|[from] item: Leftovers\n|upkeep\n|\n|t:|1776641189\n|switch|p2a: Aegislash|Aegislash, L50, M|100/100\n|switch|p1a: Talonflame|Talonflame, L50, F, shiny|100/100\n|turn|8\n|\n|t:|1776641207\n|move|p1b: Blastoise|Protect|p1b: Blastoise\n|-singleturn|p1b: Blastoise|Protect\n|move|p2b: Araquanid|Wide Guard|p2b: Araquanid\n|-singleturn|p2b: Araquanid|Wide Guard\n|move|p1a: Talonflame|Dual Wingbeat|p2b: Araquanid\n|-supereffective|p2b: Araquanid|1\n|-damage|p2b: Araquanid|0 fnt\n|faint|p2b: Araquanid\n|-hitcount|p2: Araquanid|1\n|-formechange|p2a: Aegislash|Aegislash-Blade|\n|move|p2a: Aegislash|Poltergeist|p1b: Blastoise\n|-activate|p1b: Blastoise|move: Protect\n|\n|upkeep\n|-message|chiraquanid forfeited.\n|\n|win|DGENERAT\n|raw|DGENERAT's rating: 1318 &rarr; <strong>1340</strong><br />(+22 for winning)\n|raw|chiraquanid's rating: 1358 &rarr; <strong>1336</strong><br />(-22 for losing)\n|l|\u2606chiraquanid\n|player|p2|\n",
  "uploadtime": 1776641354,
  "views": 16,
  "formatid": "gen9championsvgc2026regma",
  "rating": 1336,
  "private": 0,
  "password": null
}