{
  "id": "gen9championsvgc2026regma-2584373278",
  "format": "[Gen 9 Champions] VGC 2026 Reg M-A",
  "players": [
    "Jamyrok",
    "Marcio Lira"
  ],
  "log": "|j|\u2606Jamyrok\n|j|\u2606Marcio Lira\n|t:|1776255911\n|gametype|doubles\n|player|p1|Jamyrok|265|1218\n|player|p2|Marcio Lira|bugcatcher-gen4dp|1256\n|gen|9\n|tier|[Gen 9 Champions] VGC 2026 Reg M-A\n|rated|\n|rule|Species Clause: Limit one of each Pok\u00e9mon\n|rule|Item Clause: Limit 1 of each item\n|clearpoke\n|poke|p1|Chandelure, L50, F|\n|poke|p1|Kangaskhan, L50, F|\n|poke|p1|Kingambit, L50, M|\n|poke|p1|Rotom-Wash, L50|\n|poke|p1|Talonflame, L50, F|\n|poke|p1|Mamoswine, L50, M|\n|poke|p2|Floette-Eternal, L50, F|\n|poke|p2|Sinistcha, L50|\n|poke|p2|Maushold, L50|\n|poke|p2|Talonflame, L50, M|\n|poke|p2|Garchomp, L50, F|\n|poke|p2|Tyranitar, L50, F|\n|teampreview|4\n|inactive|Battle timer is ON: inactive players will automatically lose when time's up. (requested by Jamyrok)\n|\n|t:|1776256016\n|teamsize|p1|4\n|teamsize|p2|4\n|start\n|switch|p1a: Mamoswine|Mamoswine, L50, M|100/100\n|switch|p1b: Rotom|Rotom-Wash, L50|100/100\n|switch|p2a: Maushold|Maushold, L50|100/100\n|switch|p2b: Floette|Floette-Eternal, L50, F|100/100\n|turn|1\n|inactive|Jamyrok has 30 seconds left.\n|c|\u2606Marcio Lira|Very cool team\n|inactive|Jamyrok has 20 seconds left.\n|\n|t:|1776256054\n|detailschange|p2b: Floette|Floette-Mega, L50, F\n|-mega|p2b: Floette|Floette|Floettite\n|-ability|p2b: Floette|Fairy Aura\n|move|p2a: Maushold|Follow Me|p2a: Maushold\n|-singleturn|p2a: Maushold|move: Follow Me\n|move|p2b: Floette|Dazzling Gleam|p1b: Rotom|[spread] p1a,p1b\n|-damage|p1a: Mamoswine|38/100\n|-damage|p1b: Rotom|54/100\n|move|p1a: Mamoswine|Earthquake|p2b: Floette|[spread] p2a,p2b\n|-immune|p1b: Rotom|[from] ability: Levitate\n|-damage|p2a: Maushold|49/100\n|-damage|p2b: Floette|67/100\n|move|p1b: Rotom|Volt Switch|p2a: Maushold\n|-damage|p2a: Maushold|5/100\n|c|\u2606Marcio Lira|Mamoswine= love\n|\n|t:|1776256072\n|switch|p1b: Kangaskhan|Kangaskhan, L50, F|100/100|[from] Volt Switch\n|\n|upkeep\n|turn|2\n|\n|t:|1776256084\n|detailschange|p1b: Kangaskhan|Kangaskhan-Mega, L50, F\n|-mega|p1b: Kangaskhan|Kangaskhan|Kangaskhanite\n|move|p2b: Floette|Protect|p2b: Floette\n|-singleturn|p2b: Floette|Protect\n|move|p1b: Kangaskhan|Fake Out|p2b: Floette\n|-activate|p2b: Floette|move: Protect\n|move|p2a: Maushold|Super Fang|p1b: Kangaskhan\n|-damage|p1b: Kangaskhan|50/100\n|move|p1a: Mamoswine|Rock Slide|p2a: Maushold|[spread] p2a\n|-activate|p2b: Floette|move: Protect\n|-damage|p2a: Maushold|0 fnt\n|faint|p2a: Maushold\n|\n|upkeep\n|inactive|Marcio Lira has 30 seconds left.\n|\n|t:|1776256110\n|switch|p2a: Talonflame|Talonflame, L50, M|100/100\n|turn|3\n|inactive|Marcio Lira has 30 seconds left.\n|\n|t:|1776256141\n|switch|p1b: Rotom|Rotom-Wash, L50|54/100\n|move|p2a: Talonflame|Dual Wingbeat|p1b: Rotom\n|-resisted|p1b: Rotom|1\n|-damage|p1b: Rotom|46/100\n|-enditem|p1b: Rotom|Sitrus Berry|[eat]\n|-heal|p1b: Rotom|71/100|[from] item: Sitrus Berry\n|-resisted|p1b: Rotom|1\n|-damage|p1b: Rotom|64/100\n|-hitcount|p1b: Rotom|2\n|move|p2b: Floette|Dazzling Gleam|p1b: Rotom|[spread] p1a,p1b\n|-damage|p1a: Mamoswine|0 fnt\n|-damage|p1b: Rotom|21/100\n|faint|p1a: Mamoswine\n|\n|upkeep\n|\n|t:|1776256154\n|switch|p1a: Kangaskhan|Kangaskhan-Mega, L50, F|50/100\n|turn|4\n|\n|t:|1776256160\n|move|p2a: Talonflame|Upper Hand|p1a: Kangaskhan\n|-supereffective|p1a: Kangaskhan|1\n|-damage|p1a: Kangaskhan|20/100\n|cant|p1a: Kangaskhan|flinch\n|move|p2b: Floette|Dazzling Gleam|p1b: Rotom|[spread] p1a,p1b\n|-damage|p1a: Kangaskhan|0 fnt\n|-damage|p1b: Rotom|0 fnt\n|faint|p1a: Kangaskhan\n|faint|p1b: Rotom\n|\n|upkeep\n|\n|t:|1776256169\n|switch|p1b: Kingambit|Kingambit, L50, M|100/100\n|turn|5\n|\n|t:|1776256178\n|move|p2a: Talonflame|Upper Hand||[still]\n|-fail|p2a: Talonflame\n|move|p2b: Floette|Moonblast|p1b: Kingambit\n|-damage|p1b: Kingambit|28/100\n|move|p1b: Kingambit|Iron Head|p2b: Floette\n|-supereffective|p2b: Floette|1\n|-damage|p2b: Floette|0 fnt\n|faint|p2b: Floette\n|\n|upkeep\n|\n|t:|1776256186\n|switch|p2b: Garchomp|Garchomp, L50, F|100/100\n|turn|6\n|c|\u2606Jamyrok|gg\n|-message|Jamyrok forfeited.\n|\n|win|Marcio Lira\n|raw|Jamyrok's rating: 1218 &rarr; <strong>1196</strong><br />(-22 for losing)\n|raw|Marcio Lira's rating: 1256 &rarr; <strong>1278</strong><br />(+22 for winning)\n|l|\u2606Jamyrok\n|player|p1|\n|l|\u2606Marcio Lira\n|player|p2|\n|j|\u2606Marcio Lira\n|player|p2|Marcio Lira|bugcatcher-gen4dp|\n",
  "uploadtime": 1776256227,
  "views": 24,
  "formatid": "gen9championsvgc2026regma",
  "rating": 1196,
  "private": 0,
  "password": null
}