{
  "id": "gen9championsvgc2026regma-2584791743",
  "format": "[Gen 9 Champions] VGC 2026 Reg M-A",
  "players": [
    "paletal",
    "IdkImScared"
  ],
  "log": "|j|\u2606paletal\n|j|\u2606IdkImScared\n|t:|1776283957\n|gametype|doubles\n|player|p1|paletal|101|1292\n|player|p2|IdkImScared|workerice|1273\n|gen|9\n|tier|[Gen 9 Champions] VGC 2026 Reg M-A\n|rated|\n|rule|Species Clause: Limit one of each Pok\u00e9mon\n|rule|Item Clause: Limit 1 of each item\n|clearpoke\n|poke|p1|Charizard, L50, F|\n|poke|p1|Venusaur, L50, F|\n|poke|p1|Torkoal, L50, M|\n|poke|p1|Sneasler, L50, M|\n|poke|p1|Rhyperior, L50, M|\n|poke|p1|Dragonite, L50, F|\n|poke|p2|Aggron, L50, F|\n|poke|p2|Sinistcha, L50|\n|poke|p2|Incineroar, L50, F|\n|poke|p2|Garchomp, L50, F|\n|poke|p2|Pelipper, L50, F|\n|poke|p2|Basculegion, L50, M|\n|teampreview|4\n|inactive|Battle timer is ON: inactive players will automatically lose when time's up. (requested by paletal)\n|\n|t:|1776284005\n|teamsize|p1|4\n|teamsize|p2|4\n|start\n|switch|p1a: Charizard|Charizard, L50, F, shiny|100/100\n|switch|p1b: Venusaur|Venusaur, L50, F|100/100\n|switch|p2a: Joe Hendry|Incineroar, L50, F|100/100\n|switch|p2b: fih|Basculegion, L50, M|100/100\n|-ability|p2a: Joe Hendry|Intimidate|boost\n|-unboost|p1a: Charizard|atk|1\n|-unboost|p1b: Venusaur|atk|1\n|turn|1\n|\n|t:|1776284029\n|detailschange|p1a: Charizard|Charizard-Mega-Y, L50, F, shiny\n|-mega|p1a: Charizard|Charizard|Charizardite Y\n|-weather|SunnyDay|[from] ability: Drought|[of] p1a: Charizard\n|move|p2a: Joe Hendry|Fake Out|p1b: Venusaur\n|-damage|p1b: Venusaur|88/100\n|move|p2b: fih|Flip Turn|p1a: Charizard\n|-supereffective|p1a: Charizard|1\n|-damage|p1a: Charizard|44/100\n|\n|t:|1776284038\n|switch|p2b: 67|Pelipper, L50, F|100/100|[from] Flip Turn\n|-weather|RainDance|[from] ability: Drizzle|[of] p2b: 67\n|move|p1a: Charizard|Dragon Pulse|p2a: Joe Hendry\n|-damage|p2a: Joe Hendry|72/100\n|cant|p1b: Venusaur|flinch\n|\n|-weather|RainDance|[upkeep]\n|upkeep\n|turn|2\n|\n|t:|1776284056\n|switch|p1a: Torkoal|Torkoal, L50, M|100/100\n|-weather|SunnyDay|[from] ability: Drought|[of] p1a: Torkoal\n|move|p1b: Venusaur|Sleep Powder|p2a: Joe Hendry|[miss]\n|-miss|p1b: Venusaur|p2a: Joe Hendry\n|move|p2b: 67|Hurricane|p1b: Venusaur|[miss]\n|-miss|p2b: 67|p1b: Venusaur\n|move|p2a: Joe Hendry|Parting Shot|p1b: Venusaur\n|-unboost|p1b: Venusaur|atk|1\n|-unboost|p1b: Venusaur|spa|1\n|\n|t:|1776284070\n|switch|p2a: fih|Basculegion, L50, M|100/100|[from] Parting Shot\n|\n|-weather|SunnyDay|[upkeep]\n|upkeep\n|turn|3\n|\n|t:|1776284081\n|switch|p2b: Joe Hendry|Incineroar, L50, F|72/100\n|-ability|p2b: Joe Hendry|Intimidate|boost\n|-unboost|p1a: Torkoal|atk|1\n|-unboost|p1b: Venusaur|atk|1\n|move|p2a: fih|Flip Turn|p1a: Torkoal\n|-supereffective|p1a: Torkoal|1\n|-damage|p1a: Torkoal|71/100\n|\n|t:|1776284088\n|switch|p2a: 67|Pelipper, L50, F|100/100|[from] Flip Turn\n|-weather|RainDance|[from] ability: Drizzle|[of] p2a: 67\n|move|p1b: Venusaur|Sleep Powder|p2b: Joe Hendry\n|-status|p2b: Joe Hendry|slp|[from] move: Sleep Powder\n|move|p1a: Torkoal|Solar Beam||[still]\n|-prepare|p1a: Torkoal|Solar Beam\n|\n|-weather|RainDance|[upkeep]\n|upkeep\n|turn|4\n|inactive|IdkImScared has 30 seconds left.\n|inactive|IdkImScared has 20 seconds left.\n|inactive|IdkImScared has 15 seconds left.\n|inactive|IdkImScared has 10 seconds left.\n|\n|t:|1776284138\n|switch|p2a: DAWGfish|Garchomp, L50, F|100/100\n|switch|p1b: Charizard|Charizard-Mega-Y, L50, F, shiny|44/100\n|-weather|SunnyDay|[from] ability: Drought|[of] p1b: Charizard\n|cant|p2b: Joe Hendry|slp\n|move|p1a: Torkoal|Solar Beam|p2a: DAWGfish|[from] lockedmove\n|-damage|p2a: DAWGfish|65/100\n|\n|-weather|SunnyDay|[upkeep]\n|upkeep\n|turn|5\n|inactive|IdkImScared has 30 seconds left.\n|\n|t:|1776284167\n|switch|p2b: 67|Pelipper, L50, F|100/100\n|-weather|RainDance|[from] ability: Drizzle|[of] p2b: 67\n|switch|p1a: Venusaur|Venusaur, L50, F|88/100\n|move|p1b: Charizard|Protect|p1b: Charizard\n|-singleturn|p1b: Charizard|Protect\n|move|p2a: DAWGfish|Dragon Claw|p1b: Charizard\n|-activate|p1b: Charizard|move: Protect\n|\n|-weather|RainDance|[upkeep]\n|upkeep\n|turn|6\n|\n|t:|1776284190\n|switch|p1b: Torkoal|Torkoal, L50, M|71/100\n|-weather|SunnyDay|[from] ability: Drought|[of] p1b: Torkoal\n|switch|p2b: Joe Hendry|Incineroar, L50, F|72/100 slp\n|-ability|p2b: Joe Hendry|Intimidate|boost\n|-unboost|p1a: Venusaur|atk|1\n|-unboost|p1b: Torkoal|atk|1\n|move|p2a: DAWGfish|Protect|p2a: DAWGfish\n|-singleturn|p2a: DAWGfish|Protect\n|move|p1a: Venusaur|Sleep Powder|p2a: DAWGfish\n|-activate|p2a: DAWGfish|move: Protect\n|\n|-weather|SunnyDay|[upkeep]\n|upkeep\n|turn|7\n|inactive|paletal has 30 seconds left.\n|inactive|paletal has 20 seconds left.\n|\n|t:|1776284225\n|switch|p2b: 67|Pelipper, L50, F|100/100\n|-weather|RainDance|[from] ability: Drizzle|[of] p2b: 67\n|move|p2a: DAWGfish|Earthquake|p1a: Venusaur|[spread] p1a,p1b\n|-immune|p2b: 67\n|-supereffective|p1b: Torkoal|1\n|-damage|p1a: Venusaur|36/100\n|-damage|p1b: Torkoal|3/100\n|move|p1a: Venusaur|Sludge Bomb|p2b: 67\n|-damage|p2b: 67|30/100\n|move|p1b: Torkoal|Will-O-Wisp|p2a: DAWGfish\n|-status|p2a: DAWGfish|brn\n|\n|-weather|RainDance|[upkeep]\n|-damage|p2a: DAWGfish|59/100 brn|[from] brn\n|upkeep\n|turn|8\n|inactive|IdkImScared has 30 seconds left.\n|\n|t:|1776284250\n|switch|p1b: Charizard|Charizard-Mega-Y, L50, F, shiny|44/100\n|-weather|SunnyDay|[from] ability: Drought|[of] p1b: Charizard\n|move|p1a: Venusaur|Sludge Bomb|p2b: 67\n|-damage|p2b: 67|0 fnt\n|faint|p2b: 67\n|move|p2a: DAWGfish|Earthquake|p1b: Charizard|[spread] p1a\n|-immune|p1b: Charizard\n|-damage|p1a: Venusaur|7/100\n|\n|-weather|SunnyDay|[upkeep]\n|-damage|p2a: DAWGfish|53/100 brn|[from] brn\n|upkeep\n|\n|t:|1776284265\n|switch|p2b: Joe Hendry|Incineroar, L50, F|72/100 slp\n|-ability|p2b: Joe Hendry|Intimidate|boost\n|-unboost|p1a: Venusaur|atk|1\n|-unboost|p1b: Charizard|atk|1\n|turn|9\n|\n|t:|1776284282\n|move|p2a: DAWGfish|Protect|p2a: DAWGfish\n|-singleturn|p2a: DAWGfish|Protect\n|move|p1b: Charizard|Protect|p1b: Charizard\n|-singleturn|p1b: Charizard|Protect\n|cant|p2b: Joe Hendry|slp\n|move|p1a: Venusaur|Energy Ball|p2a: DAWGfish\n|-activate|p2a: DAWGfish|move: Protect\n|\n|-weather|SunnyDay|[upkeep]\n|-damage|p2a: DAWGfish|48/100 brn|[from] brn\n|upkeep\n|turn|10\n|inactive|paletal has 30 seconds left.\n|\n|t:|1776284308\n|move|p1a: Venusaur|Energy Ball|p2a: DAWGfish\n|-damage|p2a: DAWGfish|3/100 brn\n|move|p2a: DAWGfish|Dragon Claw|p1b: Charizard\n|-damage|p1b: Charizard|13/100\n|move|p1b: Charizard|Heat Wave|p2b: Joe Hendry|[spread] p2a,p2b\n|-resisted|p2a: DAWGfish|1\n|-resisted|p2b: Joe Hendry|1\n|-damage|p2a: DAWGfish|0 fnt\n|-damage|p2b: Joe Hendry|48/100 slp\n|-enditem|p2b: Joe Hendry|Sitrus Berry|[eat]\n|-heal|p2b: Joe Hendry|73/100 slp|[from] item: Sitrus Berry\n|faint|p2a: DAWGfish\n|-curestatus|p2b: Joe Hendry|slp|[msg]\n|move|p2b: Joe Hendry|Flare Blitz|p1a: Venusaur\n|-supereffective|p1a: Venusaur|1\n|-damage|p1a: Venusaur|0 fnt\n|faint|p1a: Venusaur\n|-damage|p2b: Joe Hendry|71/100|[from] Recoil\n|\n|-weather|SunnyDay|[upkeep]\n|upkeep\n|\n|t:|1776284327\n|switch|p2a: fih|Basculegion, L50, M|100/100\n|switch|p1a: Sneasler|Sneasler, L50, M|100/100\n|turn|11\n|\n|t:|1776284350\n|move|p1b: Charizard|Protect|p1b: Charizard\n|-singleturn|p1b: Charizard|Protect\n|move|p2a: fih|Last Respects|p1a: Sneasler\n|-damage|p1a: Sneasler|0 fnt\n|faint|p1a: Sneasler\n|move|p2b: Joe Hendry|Darkest Lariat|p1b: Charizard\n|-activate|p1b: Charizard|move: Protect\n|\n|-weather|SunnyDay|[upkeep]\n|upkeep\n|\n|t:|1776284358\n|switch|p1a: Torkoal|Torkoal, L50, M|3/100\n|turn|12\n|\n|t:|1776284365\n|move|p2a: fih|Last Respects|p1b: Charizard\n|-damage|p1b: Charizard|0 fnt\n|faint|p1b: Charizard\n|move|p2b: Joe Hendry|Flare Blitz|p1a: Torkoal\n|-resisted|p1a: Torkoal|1\n|-damage|p1a: Torkoal|0 fnt\n|faint|p1a: Torkoal\n|-damage|p2b: Joe Hendry|70/100|[from] Recoil\n|\n|win|IdkImScared\n|raw|paletal's rating: 1292 &rarr; <strong>1266</strong><br />(-26 for losing)\n|raw|IdkImScared's rating: 1273 &rarr; <strong>1299</strong><br />(+26 for winning)\n|l|\u2606paletal\n|player|p1|\n|c|\u2606IdkImScared|ggwp\n",
  "uploadtime": 1776284377,
  "views": 54,
  "formatid": "gen9championsvgc2026regma",
  "rating": 1266,
  "private": 0,
  "password": null
}