{
  "id": "gen9championsvgc2026regma-2581538431",
  "format": "[Gen 9 Champions] VGC 2026 Reg M-A",
  "players": [
    "SunTufo",
    "Master of Capture"
  ],
  "log": "|j|\u2606SunTufo\n|j|\u2606Master of Capture\n|t:|1776009246\n|gametype|doubles\n|player|p1|SunTufo|li|1123\n|player|p2|Master of Capture|266|1163\n|gen|9\n|tier|[Gen 9 Champions] VGC 2026 Reg M-A\n|rated|\n|rule|Species Clause: Limit one of each Pok\u00e9mon\n|rule|Item Clause: Limit 1 of each item\n|clearpoke\n|poke|p1|Skarmory, L50, M|\n|poke|p1|Garchomp, L50, M|\n|poke|p1|Milotic, L50, F|\n|poke|p1|Rotom-Heat, L50|\n|poke|p1|Sneasler, L50, M|\n|poke|p1|Tyranitar, L50, M|\n|poke|p2|Incineroar, L50, F|\n|poke|p2|Milotic, L50, M|\n|poke|p2|Floette-Eternal, L50, F|\n|poke|p2|Scizor, L50, M|\n|poke|p2|Sneasler, L50, F|\n|poke|p2|Sableye, L50, M|\n|teampreview|4\n|inactive|Battle timer is ON: inactive players will automatically lose when time's up. (requested by SunTufo)\n|\n|t:|1776009274\n|teamsize|p1|4\n|teamsize|p2|4\n|start\n|switch|p1a: Skarmory|Skarmory, L50, M, shiny|100/100\n|switch|p1b: Milotic|Milotic, L50, F, shiny|100/100\n|switch|p2a: Sableye|Sableye, L50, M|100/100\n|switch|p2b: Milotic|Milotic, L50, M|100/100\n|turn|1\n|\n|t:|1776009283\n|switch|p2b: Floette|Floette-Eternal, L50, F|100/100\n|move|p1a: Skarmory|Protect|p1a: Skarmory\n|-singleturn|p1a: Skarmory|Protect\n|move|p2a: Sableye|Will-O-Wisp|p1a: Skarmory\n|-activate|p1a: Skarmory|move: Protect\n|move|p1b: Milotic|Scald|p2a: Sableye\n|-damage|p2a: Sableye|60/100\n|\n|upkeep\n|turn|2\n|\n|t:|1776009294\n|switch|p1a: Rotom|Rotom-Heat, L50|100/100\n|detailschange|p2b: Floette|Floette-Mega, L50, F\n|-mega|p2b: Floette|Floette|Floettite\n|-ability|p2b: Floette|Fairy Aura\n|move|p2a: Sableye|Will-O-Wisp|p1a: Rotom\n|-immune|p1a: Rotom\n|move|p2b: Floette|Calm Mind|p2b: Floette\n|-boost|p2b: Floette|spa|1\n|-boost|p2b: Floette|spd|1\n|move|p1b: Milotic|Scald|p2a: Sableye\n|-damage|p2a: Sableye|18/100\n|\n|upkeep\n|turn|3\n|inactive|Master of Capture has 30 seconds left.\n|inactive|SunTufo has 30 seconds left.\n|\n|t:|1776009325\n|switch|p2a: Incineroar|Incineroar, L50, F|100/100\n|-ability|p2a: Incineroar|Intimidate|boost\n|-unboost|p1a: Rotom|atk|1\n|-unboost|p1b: Milotic|atk|1\n|-ability|p1b: Milotic|Competitive|boost\n|-boost|p1b: Milotic|spa|2\n|move|p1a: Rotom|Volt Switch|p2a: Incineroar\n|-damage|p2a: Incineroar|73/100\n|\n|t:|1776009331\n|switch|p1a: Garchomp|Garchomp, L50, M, shiny|100/100|[from] Volt Switch\n|move|p2b: Floette|Dazzling Gleam|p1b: Milotic|[spread] p1a,p1b\n|-supereffective|p1a: Garchomp|1\n|-damage|p1a: Garchomp|0 fnt\n|-damage|p1b: Milotic|59/100\n|faint|p1a: Garchomp\n|move|p1b: Milotic|Scald|p2b: Floette\n|-damage|p2b: Floette|67/100\n|\n|upkeep\n|\n|t:|1776009338\n|switch|p1a: Skarmory|Skarmory, L50, M, shiny|100/100\n|turn|4\n|\n|t:|1776009345\n|move|p1a: Skarmory|Protect|p1a: Skarmory\n|-singleturn|p1a: Skarmory|Protect\n|move|p2a: Incineroar|Fake Out|p1b: Milotic\n|-damage|p1b: Milotic|47/100\n|-enditem|p1b: Milotic|Sitrus Berry|[eat]\n|-heal|p1b: Milotic|72/100|[from] item: Sitrus Berry\n|move|p2b: Floette|Dazzling Gleam|p1a: Skarmory|[spread] p1b\n|-activate|p1a: Skarmory|move: Protect\n|-damage|p1b: Milotic|24/100\n|cant|p1b: Milotic|flinch\n|\n|upkeep\n|turn|5\n|\n|t:|1776009354\n|detailschange|p1a: Skarmory|Skarmory-Mega, L50, M, shiny\n|-mega|p1a: Skarmory|Skarmory|Skarmorite\n|move|p1a: Skarmory|Iron Head|p2b: Floette\n|-supereffective|p2b: Floette|1\n|-damage|p2b: Floette|0 fnt\n|faint|p2b: Floette\n|move|p1b: Milotic|Scald|p2a: Incineroar\n|-supereffective|p2a: Incineroar|1\n|-crit|p2a: Incineroar\n|-damage|p2a: Incineroar|0 fnt\n|faint|p2a: Incineroar\n|\n|upkeep\n|\n|t:|1776009364\n|switch|p2b: Milotic|Milotic, L50, M|100/100\n|switch|p2a: Sableye|Sableye, L50, M|18/100\n|turn|6\n|\n|t:|1776009379\n|move|p1a: Skarmory|Protect|p1a: Skarmory\n|-singleturn|p1a: Skarmory|Protect\n|move|p2a: Sableye|Will-O-Wisp|p1a: Skarmory\n|-activate|p1a: Skarmory|move: Protect\n|move|p1b: Milotic|Recover|p1b: Milotic\n|-heal|p1b: Milotic|74/100\n|move|p2b: Milotic|Scald|p1b: Milotic\n|-resisted|p1b: Milotic|1\n|-damage|p1b: Milotic|64/100\n|\n|upkeep\n|turn|7\n|-message|Master of Capture forfeited.\n|\n|win|SunTufo\n|raw|SunTufo's rating: 1123 &rarr; <strong>1151</strong><br />(+28 for winning)\n|raw|Master of Capture's rating: 1163 &rarr; <strong>1135</strong><br />(-28 for losing)\n|l|\u2606Master of Capture\n|player|p2|\n",
  "uploadtime": 1776009392,
  "views": 18,
  "formatid": "gen9championsvgc2026regma",
  "rating": 1135,
  "private": 0,
  "password": null
}