{
  "id": "gen9championsvgc2026regma-2582337650",
  "format": "[Gen 9 Champions] VGC 2026 Reg M-A",
  "players": [
    "Tearamizuu",
    "el choro 37"
  ],
  "log": "|j|\u2606Tearamizuu\n|j|\u2606el choro 37\n|t:|1776084523\n|gametype|doubles\n|player|p1|Tearamizuu|101|1117\n|player|p2|el choro 37|cyrus|1031\n|gen|9\n|tier|[Gen 9 Champions] VGC 2026 Reg M-A\n|rated|\n|rule|Species Clause: Limit one of each Pok\u00e9mon\n|rule|Item Clause: Limit 1 of each item\n|clearpoke\n|poke|p1|Espeon, L50, M|\n|poke|p1|Milotic, L50, M|\n|poke|p1|Farigiraf, L50, F|\n|poke|p1|Sneasler, L50, F|\n|poke|p1|Ninetales-Alola, L50, F|\n|poke|p1|Scizor, L50, M|\n|poke|p2|Starmie, L50|\n|poke|p2|Aegislash, L50, M|\n|poke|p2|Rotom-Wash, L50|\n|poke|p2|Incineroar, L50, F|\n|poke|p2|Sneasler, L50, M|\n|poke|p2|Whimsicott, L50, M|\n|teampreview|4\n|inactive|Battle timer is ON: inactive players will automatically lose when time's up. (requested by Tearamizuu)\n|inactive|Tearamizuu has 60 seconds left.\n|inactive|el choro 37 has 60 seconds left.\nel choro 37 has agreed to open team sheets.\n|inactive|Tearamizuu has 30 seconds left.\n|inactive|Tearamizuu has 20 seconds left.\n|inactive|Tearamizuu has 15 seconds left.\n|inactive|Tearamizuu has 10 seconds left.\n|\n|t:|1776084607\n|teamsize|p1|4\n|teamsize|p2|4\n|start\n|switch|p1a: Espeon|Espeon, L50, M|100/100\n|switch|p1b: Sneasler|Sneasler, L50, F|100/100\n|switch|p2a: Don Eduardo|Starmie, L50|100/100\n|switch|p2b: El Flaco|Sneasler, L50, M|100/100\n|turn|1\n|\n|t:|1776084626\n|switch|p2a: Vitor Roque|Incineroar, L50, F|100/100\n|-ability|p2a: Vitor Roque|Intimidate|boost\n|-unboost|p1a: Espeon|atk|1\n|-unboost|p1b: Sneasler|atk|1\n|move|p1b: Sneasler|Upper Hand|p2b: El Flaco\n|-resisted|p2b: El Flaco|1\n|-damage|p2b: El Flaco|83/100\n|cant|p2b: El Flaco|flinch\n|move|p1a: Espeon|Psychic|p2b: El Flaco\n|-supereffective|p2b: El Flaco|2\n|-damage|p2b: El Flaco|0 fnt\n|faint|p2b: El Flaco\n|\n|upkeep\n|\n|t:|1776084645\n|switch|p2b: Don Eduardo|Starmie, L50|100/100\n|turn|2\n|\n|t:|1776084658\n|detailschange|p2b: Don Eduardo|Starmie-Mega, L50\n|-mega|p2b: Don Eduardo|Starmie|Starminite\n|move|p1b: Sneasler|Upper Hand|p2a: Vitor Roque\n|-supereffective|p2a: Vitor Roque|1\n|-damage|p2a: Vitor Roque|58/100\n|cant|p2a: Vitor Roque|flinch\n|move|p2b: Don Eduardo|Flip Turn|p1b: Sneasler\n|-damage|p1b: Sneasler|5/100\n|\n|t:|1776084668\n|switch|p2b: Ciclo de Enjuague|Rotom-Wash, L50|100/100|[from] Flip Turn\n|move|p1a: Espeon|Power Gem|p2a: Vitor Roque\n|-supereffective|p2a: Vitor Roque|1\n|-damage|p2a: Vitor Roque|11/100\n|\n|upkeep\n|turn|3\n|\n|t:|1776084680\n|move|p1b: Sneasler|Protect|p1b: Sneasler\n|-singleturn|p1b: Sneasler|Protect\n|move|p1a: Espeon|Gravity|p1a: Espeon\n|-fieldstart|move: Gravity\n|move|p2b: Ciclo de Enjuague|Volt Switch|p1b: Sneasler\n|-activate|p1b: Sneasler|move: Protect\n|move|p2a: Vitor Roque|Parting Shot|p1a: Espeon\n|move|p1a: Espeon|Parting Shot|p2a: Vitor Roque|[from] ability: Magic Bounce\n|-unboost|p2a: Vitor Roque|atk|1\n|-unboost|p2a: Vitor Roque|spa|1\n|\n|t:|1776084690\n|switch|p1a: Farigiraf|Farigiraf, L50, F|100/100|[from] Parting Shot\n|\n|upkeep\n|turn|4\n|\n|t:|1776084710\n|move|p1b: Sneasler|Gunk Shot|p2b: Ciclo de Enjuague\n|-damage|p2b: Ciclo de Enjuague|28/100\n|-enditem|p2b: Ciclo de Enjuague|Sitrus Berry|[eat]\n|-heal|p2b: Ciclo de Enjuague|53/100|[from] item: Sitrus Berry\n|move|p2b: Ciclo de Enjuague|Hydro Pump|p1b: Sneasler\n|-damage|p1b: Sneasler|0 fnt\n|faint|p1b: Sneasler\n|move|p2a: Vitor Roque|Darkest Lariat|p1a: Farigiraf\n|-supereffective|p1a: Farigiraf|1\n|-damage|p1a: Farigiraf|44/100\n|move|p1a: Farigiraf|Trick Room|p1a: Farigiraf\n|-fieldstart|move: Trick Room|[of] p1a: Farigiraf\n|\n|upkeep\n|\n|t:|1776084725\n|switch|p1b: Milotic|Milotic, L50, M|100/100\n|turn|5\n|\n|t:|1776084747\n|move|p1a: Farigiraf|Hyper Voice|p2b: Ciclo de Enjuague|[spread] p2a,p2b\n|-damage|p2a: Vitor Roque|0 fnt\n|-damage|p2b: Ciclo de Enjuague|28/100\n|faint|p2a: Vitor Roque\n|move|p1b: Milotic|Hypnosis|p2b: Ciclo de Enjuague\n|-status|p2b: Ciclo de Enjuague|slp|[from] move: Hypnosis\n|cant|p2b: Ciclo de Enjuague|slp\n|\n|upkeep\n|\n|t:|1776084767\n|switch|p2a: Don Eduardo|Starmie-Mega, L50|100/100\n|turn|6\n|-message|el choro 37 forfeited.\n|\n|win|Tearamizuu\n|raw|Tearamizuu's rating: 1117 &rarr; <strong>1136</strong><br />(+19 for winning)\n|raw|el choro 37's rating: 1031 &rarr; <strong>1020</strong><br />(-11 for losing)\n|l|\u2606el choro 37\n|player|p2|\n",
  "uploadtime": 1776084785,
  "views": 17,
  "formatid": "gen9championsvgc2026regma",
  "rating": 1020,
  "private": 0,
  "password": null
}