{
  "id": "gen9championsvgc2026regma-2587014637",
  "format": "[Gen 9 Champions] VGC 2026 Reg M-A",
  "players": [
    "nhp19",
    "toxicwyvern"
  ],
  "log": "|j|\u2606nhp19\n|j|\u2606toxicwyvern\n|t:|1776481370\n|gametype|doubles\n|player|p1|nhp19|101|1105\n|player|p2|toxicwyvern|102|1110\n|gen|9\n|tier|[Gen 9 Champions] VGC 2026 Reg M-A\n|rated|\n|rule|Species Clause: Limit one of each Pok\u00e9mon\n|rule|Item Clause: Limit 1 of each item\n|clearpoke\n|poke|p1|Charizard, L50, M|\n|poke|p1|Venusaur, L50, M|\n|poke|p1|Garchomp, L50, F|\n|poke|p1|Rotom-Wash, L50|\n|poke|p1|Sneasler, L50, F|\n|poke|p1|Incineroar, L50, M|\n|poke|p2|Whimsicott, L50, M|\n|poke|p2|Typhlosion, L50, M|\n|poke|p2|Incineroar, L50, M|\n|poke|p2|Charizard, L50, F|\n|poke|p2|Milotic, L50, M|\n|poke|p2|Sinistcha, L50|\n|teampreview|4\ntoxicwyvern has agreed to open team sheets.\n|inactive|Battle timer is ON: inactive players will automatically lose when time's up. (requested by toxicwyvern)\n|\n|t:|1776481419\n|teamsize|p1|4\n|teamsize|p2|4\n|start\n|switch|p1a: Rotom|Rotom-Wash, L50|100/100\n|switch|p1b: Sneasler|Sneasler, L50, F|100/100\n|switch|p2a: Whimsicott|Whimsicott, L50, M|100/100\n|switch|p2b: Milotic|Milotic, L50, M|100/100\n|turn|1\n|\n|t:|1776481435\n|move|p1b: Sneasler|Fake Out|p2a: Whimsicott\n|-damage|p2a: Whimsicott|78/100\n|cant|p2a: Whimsicott|flinch\n|move|p1a: Rotom|Thunderbolt|p2b: Milotic\n|-supereffective|p2b: Milotic|1\n|-enditem|p2b: Milotic|Wacan Berry|[eat]\n|-enditem|p2b: Milotic|Wacan Berry|[weaken]\n|-damage|p2b: Milotic|73/100\n|move|p2b: Milotic|Scald|p1b: Sneasler\n|-damage|p1b: Sneasler|60/100\n|\n|upkeep\n|turn|2\n|inactive|toxicwyvern has 30 seconds left.\n|\n|t:|1776481463\n|move|p2a: Whimsicott|Tailwind|p2a: Whimsicott\n|-sidestart|p2: toxicwyvern|move: Tailwind\n|move|p1b: Sneasler|Dire Claw|p2a: Whimsicott\n|-supereffective|p2a: Whimsicott|2\n|-damage|p2a: Whimsicott|0 fnt\n|faint|p2a: Whimsicott\n|move|p2b: Milotic|Scald|p1b: Sneasler\n|-damage|p1b: Sneasler|19/100\n|move|p1a: Rotom|Thunderbolt|p2b: Milotic\n|-supereffective|p2b: Milotic|1\n|-damage|p2b: Milotic|23/100\n|\n|upkeep\n|\n|t:|1776481467\n|switch|p2a: Charizard|Charizard, L50, F|100/100\n|turn|3\n|\n|t:|1776481490\n|switch|p1b: Garchomp|Garchomp, L50, F|100/100\n|detailschange|p2a: Charizard|Charizard-Mega-Y, L50, F\n|-mega|p2a: Charizard|Charizard|Charizardite Y\n|-weather|SunnyDay|[from] ability: Drought|[of] p2a: Charizard\n|move|p2a: Charizard|Solar Beam||[still]\n|-prepare|p2a: Charizard|Solar Beam\n|-anim|p2a: Charizard|Solar Beam|p1a: Rotom\n|-supereffective|p1a: Rotom|1\n|-damage|p1a: Rotom|5/100\n|move|p2b: Milotic|Alluring Voice|p1b: Garchomp\n|-supereffective|p1b: Garchomp|1\n|-damage|p1b: Garchomp|60/100\n|move|p1a: Rotom|Thunderbolt|p2b: Milotic\n|-supereffective|p2b: Milotic|1\n|-damage|p2b: Milotic|0 fnt\n|faint|p2b: Milotic\n|\n|-weather|SunnyDay|[upkeep]\n|-heal|p1a: Rotom|11/100|[from] item: Leftovers\n|upkeep\n|\n|t:|1776481493\n|switch|p2b: Typhlosion|Typhlosion, L50, M|100/100\n|turn|4\n|\n|t:|1776481522\n|move|p1a: Rotom|Protect|p1a: Rotom\n|-singleturn|p1a: Rotom|Protect\n|move|p2b: Typhlosion|Eruption|p1a: Rotom|[spread] p1b\n|-activate|p1a: Rotom|move: Protect\n|-resisted|p1b: Garchomp|1\n|-damage|p1b: Garchomp|5/100\n|move|p2a: Charizard|Solar Beam||[still]\n|-prepare|p2a: Charizard|Solar Beam\n|-anim|p2a: Charizard|Solar Beam|p1b: Garchomp\n|-damage|p1b: Garchomp|0 fnt\n|faint|p1b: Garchomp\n|\n|-weather|SunnyDay|[upkeep]\n|-heal|p1a: Rotom|16/100|[from] item: Leftovers\n|upkeep\n|\n|t:|1776481547\n|switch|p1b: Sneasler|Sneasler, L50, F|19/100\n|turn|5\n|\n|t:|1776481555\n|move|p1a: Rotom|Protect||[still]\n|-fail|p1a: Rotom\n|move|p1b: Sneasler|Fake Out|p2b: Typhlosion\n|-damage|p2b: Typhlosion|79/100\n|cant|p2b: Typhlosion|flinch\n|move|p2a: Charizard|Heat Wave|p1b: Sneasler|[spread] p1b\n|-miss|p2a: Charizard|p1a: Rotom\n|-damage|p1b: Sneasler|0 fnt\n|faint|p1b: Sneasler\n|\n|-weather|SunnyDay|[upkeep]\n|-heal|p1a: Rotom|22/100|[from] item: Leftovers\n|-sideend|p2: toxicwyvern|move: Tailwind\n|upkeep\n|-message|nhp19 forfeited.\n|\n|win|toxicwyvern\n|raw|nhp19's rating: 1105 &rarr; <strong>1080</strong><br />(-25 for losing)\n|raw|toxicwyvern's rating: 1110 &rarr; <strong>1135</strong><br />(+25 for winning)\n|l|\u2606nhp19\n|player|p1|\n",
  "uploadtime": 1776481568,
  "views": 13,
  "formatid": "gen9championsvgc2026regma",
  "rating": 1080,
  "private": 0,
  "password": null
}