{
  "id": "gen9championsvgc2026regma-2585131123",
  "format": "[Gen 9 Champions] VGC 2026 Reg M-A",
  "players": [
    "Pinnecks",
    "waubycid7"
  ],
  "log": "|j|\u2606Pinnecks\n|j|\u2606waubycid7\n|t:|1776315474\n|gametype|doubles\n|player|p1|Pinnecks|lyra|1106\n|player|p2|waubycid7|101|1202\n|gen|9\n|tier|[Gen 9 Champions] VGC 2026 Reg M-A\n|rated|\n|rule|Species Clause: Limit one of each Pok\u00e9mon\n|rule|Item Clause: Limit 1 of each item\n|clearpoke\n|poke|p1|Aerodactyl, L50, M|\n|poke|p1|Altaria, L50, F|\n|poke|p1|Milotic, L50, F|\n|poke|p1|Aegislash, L50, M|\n|poke|p1|Salazzle, L50, F|\n|poke|p1|Raichu-Alola, L50, M|\n|poke|p2|Charizard, L50, M|\n|poke|p2|Venusaur, L50, F|\n|poke|p2|Garchomp, L50, F|\n|poke|p2|Incineroar, L50, F|\n|poke|p2|Gengar, L50, F|\n|poke|p2|Scizor, L50, F|\n|teampreview|4\n|\n|t:|1776315490\n|teamsize|p1|4\n|teamsize|p2|4\n|start\n|switch|p1a: Aerodactyl|Aerodactyl, L50, M|100/100\n|switch|p1b: Milotic|Milotic, L50, F|100/100\n|switch|p2a: Charizard|Charizard, L50, M|100/100\n|switch|p2b: Venusaur|Venusaur, L50, F|100/100\n|-ability|p1a: Aerodactyl|Unnerve\n|turn|1\n|inactive|Battle timer is ON: inactive players will automatically lose when time's up. (requested by Pinnecks)\n|\n|t:|1776315511\n|detailschange|p2a: Charizard|Charizard-Mega-Y, L50, M\n|-mega|p2a: Charizard|Charizard|Charizardite Y\n|-weather|SunnyDay|[from] ability: Drought|[of] p2a: Charizard\n|move|p1b: Milotic|Protect|p1b: Milotic\n|-singleturn|p1b: Milotic|Protect\n|move|p2b: Venusaur|Sleep Powder|p1a: Aerodactyl\n|-status|p1a: Aerodactyl|slp|[from] move: Sleep Powder\n|cant|p1a: Aerodactyl|slp\n|move|p2a: Charizard|Solar Beam||[still]\n|-prepare|p2a: Charizard|Solar Beam\n|-anim|p2a: Charizard|Solar Beam|p1b: Milotic\n|-activate|p1b: Milotic|move: Protect\n|\n|-weather|SunnyDay|[upkeep]\n|upkeep\n|turn|2\n|inactive|waubycid7 has 30 seconds left.\n|inactive|waubycid7 has 20 seconds left.\n|inactive|waubycid7 has 15 seconds left.\n|inactive|waubycid7 has 10 seconds left.\n|inactive|waubycid7 has 5 seconds left.\n|\n|t:|1776315566\n|switch|p1b: Altaria|Altaria, L50, F, shiny|100/100\n|-ability|p1b: Altaria|Cloud Nine\n|cant|p1a: Aerodactyl|slp\n|move|p2a: Charizard|Heat Wave|p1b: Altaria|[spread] p1a\n|-miss|p2a: Charizard|p1b: Altaria\n|-resisted|p1a: Aerodactyl|1\n|-damage|p1a: Aerodactyl|72/100 slp\n|move|p2b: Venusaur|Energy Ball|p1b: Altaria\n|-resisted|p1b: Altaria|2\n|-damage|p1b: Altaria|90/100\n|\n|-weather|SunnyDay|[upkeep]\n|upkeep\n|turn|3\n|inactive|waubycid7 has 30 seconds left.\n|\n|t:|1776315597\n|-curestatus|p1a: Aerodactyl|slp|[msg]\n|move|p1a: Aerodactyl|Rock Slide|p2a: Charizard|[spread] p2a,p2b\n|-supereffective|p2a: Charizard|2\n|-damage|p2a: Charizard|0 fnt\n|-damage|p2b: Venusaur|69/100\n|faint|p2a: Charizard\n|move|p2b: Venusaur|Sludge Bomb|p1b: Altaria\n|-damage|p1b: Altaria|46/100\n|move|p1b: Altaria|Flamethrower|p2b: Venusaur\n|-supereffective|p2b: Venusaur|1\n|-damage|p2b: Venusaur|13/100\n|\n|-weather|SunnyDay|[upkeep]\n|-heal|p2b: Venusaur|19/100|[from] item: Leftovers\n|upkeep\n|\n|t:|1776315613\n|switch|p2a: Garchomp|Garchomp, L50, F|100/100\n|turn|4\n|\n|t:|1776315619\n|detailschange|p1b: Altaria|Altaria-Mega, L50, F, shiny\n|-mega|p1b: Altaria|Altaria|Altarianite\n|move|p2b: Venusaur|Protect|p2b: Venusaur\n|-singleturn|p2b: Venusaur|Protect\n|move|p2a: Garchomp|Rock Slide|p1b: Altaria|[spread] p1a,p1b\n|-supereffective|p1a: Aerodactyl|1\n|-damage|p1a: Aerodactyl|11/100\n|-damage|p1b: Altaria|26/100\n|move|p1a: Aerodactyl|Tailwind|p1a: Aerodactyl\n|-sidestart|p1: Pinnecks|move: Tailwind\n|move|p1b: Altaria|Hyper Voice|p2b: Venusaur|[spread] p2a\n|-activate|p2b: Venusaur|move: Protect\n|-supereffective|p2a: Garchomp|1\n|-damage|p2a: Garchomp|2/100\n|\n|-weather|SunnyDay|[upkeep]\n|-heal|p2b: Venusaur|25/100|[from] item: Leftovers\n|upkeep\n|turn|5\n|\n|t:|1776315642\n|move|p1a: Aerodactyl|Rock Slide|p2a: Garchomp|[spread] p2a,p2b\n|-resisted|p2a: Garchomp|1\n|-damage|p2a: Garchomp|0 fnt\n|-damage|p2b: Venusaur|0 fnt\n|faint|p2a: Garchomp\n|faint|p2b: Venusaur\n|move|p1b: Altaria|Flamethrower|p2: Garchomp|[notarget]\n|-fail|p1b: Altaria\n|\n|-weather|none\n|upkeep\n|\n|t:|1776315652\n|switch|p2b: Gengar|Gengar, L50, F|100/100\n|turn|6\n|\n|t:|1776315659\n|move|p1a: Aerodactyl|Protect|p1a: Aerodactyl\n|-singleturn|p1a: Aerodactyl|Protect\n|move|p1b: Altaria|Protect|p1b: Altaria\n|-singleturn|p1b: Altaria|Protect\n|move|p2b: Gengar|Sludge Bomb|p1b: Altaria\n|-activate|p1b: Altaria|move: Protect\n|\n|upkeep\n|turn|7\n|\n|t:|1776315672\n|move|p2b: Gengar|Protect|p2b: Gengar\n|-singleturn|p2b: Gengar|Protect\n|move|p1a: Aerodactyl|Dual Wingbeat|p2b: Gengar\n|-activate|p2b: Gengar|move: Protect\n|move|p1b: Altaria|Draco Meteor|p2b: Gengar\n|-activate|p2b: Gengar|move: Protect\n|\n|-sideend|p1: Pinnecks|move: Tailwind\n|upkeep\n|turn|8\n|\n|t:|1776315687\n|move|p1a: Aerodactyl|Dual Wingbeat|p2b: Gengar\n|-damage|p2b: Gengar|63/100\n|-damage|p2b: Gengar|30/100\n|-hitcount|p2b: Gengar|2\n|move|p2b: Gengar|Sludge Bomb|p1b: Altaria\n|-supereffective|p1b: Altaria|1\n|-damage|p1b: Altaria|0 fnt\n|faint|p1b: Altaria\n|\n|upkeep\n|\n|t:|1776315698\n|switch|p1b: Raichu|Raichu-Alola, L50, M|100/100\n|turn|9\n|\n|t:|1776315704\n|move|p1a: Aerodactyl|Dual Wingbeat|p2b: Gengar\n|-damage|p2b: Gengar|0 fnt\n|faint|p2b: Gengar\n|-hitcount|p2: Gengar|1\n|\n|win|Pinnecks\n|raw|Pinnecks's rating: 1106 &rarr; <strong>1138</strong><br />(+32 for winning)\n|raw|waubycid7's rating: 1202 &rarr; <strong>1170</strong><br />(-32 for losing)\n",
  "uploadtime": 1776315710,
  "views": 31,
  "formatid": "gen9championsvgc2026regma",
  "rating": 1138,
  "private": 0,
  "password": null
}