{
  "id": "gen9championsvgc2026regma-2580985896",
  "format": "[Gen 9 Champions] VGC 2026 Reg M-A",
  "players": [
    "palkiaguy12",
    "bwahacough"
  ],
  "log": "|j|\u2606palkiaguy12\n|j|\u2606bwahacough\n|t:|1775949171\n|gametype|doubles\n|player|p1|palkiaguy12|2|1323\n|player|p2|bwahacough|102|1457\n|gen|9\n|tier|[Gen 9 Champions] VGC 2026 Reg M-A\n|rated|\n|rule|Species Clause: Limit one of each Pok\u00e9mon\n|rule|Item Clause: Limit 1 of each item\n|clearpoke\n|poke|p1|Gengar, L50, F|\n|poke|p1|Kommo-o, L50, F|\n|poke|p1|Incineroar, L50, M|\n|poke|p1|Whimsicott, L50, M|\n|poke|p1|Vanilluxe, L50, M|\n|poke|p1|Floette-Eternal, L50, F|\n|poke|p2|Lycanroc, L50, F|\n|poke|p2|Tyranitar, L50, F|\n|poke|p2|Farigiraf, L50, M|\n|poke|p2|Meganium, L50, F|\n|poke|p2|Garchomp, L50, F|\n|poke|p2|Milotic, L50, F|\n|teampreview|4\n|inactive|Battle timer is ON: inactive players will automatically lose when time's up. (requested by palkiaguy12)\n|j| gE1xjZRtuhW2DdT0AK\n|\n|t:|1775949186\n|teamsize|p1|4\n|teamsize|p2|4\n|start\n|switch|p1a: Gengar|Gengar, L50, F|100/100\n|switch|p1b: Kommo-o|Kommo-o, L50, F|100/100\n|switch|p2a: Milotic|Milotic, L50, F, shiny|100/100\n|switch|p2b: Farigiraf|Farigiraf, L50, M, shiny|100/100\n|turn|1\n|\n|t:|1775949203\n|detailschange|p1a: Gengar|Gengar-Mega, L50, F\n|-mega|p1a: Gengar|Gengar|Gengarite\n|move|p1a: Gengar|Sludge Bomb|p2a: Milotic\n|-crit|p2a: Milotic\n|-damage|p2a: Milotic|45/100\n|-status|p2a: Milotic|psn\n|move|p1b: Kommo-o|Iron Defense|p1b: Kommo-o\n|-boost|p1b: Kommo-o|def|2\n|move|p2a: Milotic|Icy Wind|p1b: Kommo-o|[spread] p1a,p1b\n|-supereffective|p1b: Kommo-o|1\n|-damage|p1a: Gengar|86/100\n|-damage|p1b: Kommo-o|74/100\n|-unboost|p1a: Gengar|spe|1\n|-unboost|p1b: Kommo-o|spe|1\n|move|p2b: Farigiraf|Psychic|p1a: Gengar\n|-supereffective|p1a: Gengar|1\n|-damage|p1a: Gengar|4/100\n|\n|-heal|p2a: Milotic|51/100 psn|[from] item: Leftovers\n|-heal|p1b: Kommo-o|80/100|[from] item: Leftovers\n|-damage|p2a: Milotic|39/100 psn|[from] psn\n|upkeep\n|turn|2\n|\n|t:|1775949226\n|move|p1a: Gengar|Protect|p1a: Gengar\n|-singleturn|p1a: Gengar|Protect\n|move|p1b: Kommo-o|Protect|p1b: Kommo-o\n|-singleturn|p1b: Kommo-o|Protect\n|move|p2a: Milotic|Icy Wind|p1a: Gengar|[spread] \n|-activate|p1a: Gengar|move: Protect\n|-activate|p1b: Kommo-o|move: Protect\n|move|p2b: Farigiraf|Psychic|p1b: Kommo-o\n|-activate|p1b: Kommo-o|move: Protect\n|\n|-heal|p2a: Milotic|45/100 psn|[from] item: Leftovers\n|-heal|p1b: Kommo-o|86/100|[from] item: Leftovers\n|-damage|p2a: Milotic|33/100 psn|[from] psn\n|upkeep\n|turn|3\n|\n|t:|1775949236\n|move|p1a: Gengar|Sludge Bomb|p2b: Farigiraf\n|-damage|p2b: Farigiraf|50/100\n|-enditem|p2b: Farigiraf|Sitrus Berry|[eat]\n|-heal|p2b: Farigiraf|75/100|[from] item: Sitrus Berry\n|move|p2a: Milotic|Icy Wind|p1b: Kommo-o|[spread] p1a,p1b\n|-supereffective|p1b: Kommo-o|1\n|-damage|p1a: Gengar|0 fnt\n|-damage|p1b: Kommo-o|62/100\n|-unboost|p1b: Kommo-o|spe|1\n|faint|p1a: Gengar\n|move|p2b: Farigiraf|Psychic|p1b: Kommo-o\n|-supereffective|p1b: Kommo-o|1\n|-damage|p1b: Kommo-o|0 fnt\n|faint|p1b: Kommo-o\n|\n|-heal|p2a: Milotic|39/100 psn|[from] item: Leftovers\n|-damage|p2a: Milotic|27/100 psn|[from] psn\n|upkeep\n|\n|t:|1775949243\n|switch|p1a: Vanilluxe|Vanilluxe, L50, M|100/100\n|switch|p1b: Whimsicott|Whimsicott, L50, M|100/100\n|-weather|Snowscape|[from] ability: Snow Warning|[of] p1a: Vanilluxe\n|turn|4\n|\n|t:|1775949260\n|switch|p2b: Tyranitar|Tyranitar, L50, F|100/100\n|-weather|Sandstorm|[from] ability: Sand Stream|[of] p2b: Tyranitar\n|move|p1a: Vanilluxe|Blizzard|p2b: Tyranitar|[spread] \n|-miss|p1a: Vanilluxe|p2a: Milotic\n|-miss|p1a: Vanilluxe|p2b: Tyranitar\n|move|p1b: Whimsicott|Moonblast|p2b: Tyranitar\n|-supereffective|p2b: Tyranitar|1\n|-damage|p2b: Tyranitar|57/100\n|move|p2a: Milotic|Icy Wind|p1a: Vanilluxe|[spread] p1a,p1b\n|-resisted|p1a: Vanilluxe|1\n|-supereffective|p1b: Whimsicott|1\n|-damage|p1a: Vanilluxe|93/100\n|-damage|p1b: Whimsicott|62/100\n|-unboost|p1a: Vanilluxe|spe|1\n|-unboost|p1b: Whimsicott|spe|1\n|\n|-weather|Sandstorm|[upkeep]\n|-damage|p1a: Vanilluxe|87/100|[from] Sandstorm\n|-damage|p1b: Whimsicott|56/100|[from] Sandstorm\n|-damage|p2a: Milotic|21/100 psn|[from] Sandstorm\n|-heal|p2a: Milotic|27/100 psn|[from] item: Leftovers\n|-damage|p2a: Milotic|15/100 psn|[from] psn\n|upkeep\n|turn|5\n|-message|palkiaguy12 forfeited.\n|\n|win|bwahacough\n|raw|palkiaguy12's rating: 1323 &rarr; <strong>1310</strong><br />(-13 for losing)\n|raw|bwahacough's rating: 1457 &rarr; <strong>1470</strong><br />(+13 for winning)\n|l|\u2606palkiaguy12\n|player|p1|\n",
  "uploadtime": 1775949276,
  "views": 100,
  "formatid": "gen9championsvgc2026regma",
  "rating": 1310,
  "private": 0,
  "password": null
}