{
  "id": "gen9championsvgc2026regma-2584897021",
  "format": "[Gen 9 Champions] VGC 2026 Reg M-A",
  "players": [
    "duffmcwhaling",
    "kurama512"
  ],
  "log": "|j|\u2606duffmcwhaling\n|j|\u2606kurama512\n|t:|1776292512\n|gametype|doubles\n|player|p1|duffmcwhaling|scientist-gen4dp|1244\n|player|p2|kurama512|265|1325\n|gen|9\n|tier|[Gen 9 Champions] VGC 2026 Reg M-A\n|rated|\n|rule|Species Clause: Limit one of each Pok\u00e9mon\n|rule|Item Clause: Limit 1 of each item\n|clearpoke\n|poke|p1|Glimmora, L50, F|\n|poke|p1|Orthworm, L50, M|\n|poke|p1|Talonflame, L50, M|\n|poke|p1|Tyranitar, L50, M|\n|poke|p1|Garchomp, L50, F|\n|poke|p1|Farigiraf, L50, M|\n|poke|p2|Victreebel, L50, M|\n|poke|p2|Torkoal, L50, F|\n|poke|p2|Ceruledge, L50, F|\n|poke|p2|Sneasler, L50, F|\n|poke|p2|Farigiraf, L50, F|\n|poke|p2|Garchomp, L50, F|\n|teampreview|4\n|\n|t:|1776292544\n|teamsize|p1|4\n|teamsize|p2|4\n|start\n|switch|p1a: Garchomp|Garchomp, L50, F|100/100\n|switch|p1b: Orthworm|Orthworm, L50, M|100/100\n|switch|p2a: Victreebel|Victreebel, L50, M|100/100\n|switch|p2b: Ceruledge|Ceruledge, L50, F|100/100\n|turn|1\n|\n|t:|1776292569\n|detailschange|p2a: Victreebel|Victreebel-Mega, L50, M\n|-mega|p2a: Victreebel|Victreebel|Victreebelite\n|move|p1a: Garchomp|Earthquake|p2a: Victreebel|[spread] p2a,p2b\n|-immune|p1b: Orthworm|[from] ability: Earth Eater\n|-supereffective|p2b: Ceruledge|1\n|-damage|p2a: Victreebel|57/100\n|-damage|p2b: Ceruledge|0 fnt\n|faint|p2b: Ceruledge\n|move|p2a: Victreebel|Leaf Storm|p1a: Garchomp\n|-damage|p1a: Garchomp|16/100\n|-unboost|p2a: Victreebel|spa|2\n|move|p1b: Orthworm|Shed Tail|p1b: Orthworm\n|-start|p1b: Orthworm|Substitute|[from] move: Shed Tail\n|-damage|p1b: Orthworm|50/100\n|-enditem|p1b: Orthworm|Sitrus Berry|[eat]\n|-heal|p1b: Orthworm|75/100|[from] item: Sitrus Berry\n|\n|t:|1776292583\n|switch|p1b: Glimmora|Glimmora, L50, F|100/100|[from] Shed Tail\n|\n|upkeep\n|\n|t:|1776292593\n|switch|p2b: Farigiraf|Farigiraf, L50, F|100/100\n|turn|2\n|\n|t:|1776292616\n|switch|p1a: Orthworm|Orthworm, L50, M|75/100\n|switch|p2a: Garchomp|Garchomp, L50, F|100/100\n|detailschange|p1b: Glimmora|Glimmora-Mega, L50, F\n|-mega|p1b: Glimmora|Glimmora|Glimmoranite\n|move|p1b: Glimmora|Sludge Wave|p2a: Garchomp|[spread] p2a,p2b\n|-immune|p1a: Orthworm\n|-resisted|p2a: Garchomp|1\n|-damage|p2a: Garchomp|73/100\n|-damage|p2b: Farigiraf|49/100\n|-status|p2a: Garchomp|psn\n|move|p2b: Farigiraf|Twin Beam|p1b: Glimmora\n|-supereffective|p1b: Glimmora|1\n|-end|p1b: Glimmora|Substitute\n|-supereffective|p1b: Glimmora|1\n|-damage|p1b: Glimmora|74/100\n|-hitcount|p1b: Glimmora|2\n|\n|-damage|p2a: Garchomp|60/100 psn|[from] psn\n|upkeep\n|turn|3\n|\n|t:|1776292638\n|move|p1b: Glimmora|Protect|p1b: Glimmora\n|-singleturn|p1b: Glimmora|Protect\n|move|p2b: Farigiraf|Protect|p2b: Farigiraf\n|-singleturn|p2b: Farigiraf|Protect\n|move|p2a: Garchomp|Earthquake|p1a: Orthworm|[spread] \n|-activate|p2b: Farigiraf|move: Protect\n|-activate|p1b: Glimmora|move: Protect\n|-heal|p1a: Orthworm|99/100|[from] ability: Earth Eater|[of] p2a: Garchomp\n|move|p1a: Orthworm|Shed Tail|p1a: Orthworm\n|-start|p1a: Orthworm|Substitute|[from] move: Shed Tail\n|-damage|p1a: Orthworm|50/100\n|\n|t:|1776292647\n|switch|p1a: Garchomp|Garchomp, L50, F|16/100|[from] Shed Tail\n|\n|-damage|p2a: Garchomp|48/100 psn|[from] psn\n|upkeep\n|turn|4\n|\n|t:|1776292663\n|switch|p2a: Victreebel|Victreebel-Mega, L50, M|57/100\n|switch|p1b: Orthworm|Orthworm, L50, M|50/100\n|move|p1a: Garchomp|Dragon Claw|p2a: Victreebel\n|-damage|p2a: Victreebel|8/100\n|move|p2b: Farigiraf|Twin Beam|p1b: Orthworm\n|-resisted|p1b: Orthworm|1\n|-damage|p1b: Orthworm|38/100\n|-resisted|p1b: Orthworm|1\n|-damage|p1b: Orthworm|26/100\n|-hitcount|p1b: Orthworm|2\n|\n|upkeep\n|turn|5\n|\n|t:|1776292691\n|move|p1a: Garchomp|Earthquake|p2a: Victreebel|[spread] p2a,p2b\n|-heal|p1b: Orthworm|51/100|[from] ability: Earth Eater|[of] p1a: Garchomp\n|-damage|p2a: Victreebel|0 fnt\n|-damage|p2b: Farigiraf|17/100\n|-damage|p1a: Garchomp|9/100|[from] ability: Innards Out|[of] p2a: Victreebel\n|faint|p2a: Victreebel\n|move|p1b: Orthworm|Body Press|p2b: Farigiraf\n|-damage|p2b: Farigiraf|0 fnt\n|faint|p2b: Farigiraf\n|\n|upkeep\n|-message|kurama512 forfeited.\n|\n|win|duffmcwhaling\n|raw|duffmcwhaling's rating: 1244 &rarr; <strong>1275</strong><br />(+31 for winning)\n|raw|kurama512's rating: 1325 &rarr; <strong>1300</strong><br />(-25 for losing)\n|l|\u2606kurama512\n|player|p2|\n|l|\u2606duffmcwhaling\n|player|p1|\n|j|\u2606duffmcwhaling\n|player|p1|duffmcwhaling|scientist-gen4dp|\n",
  "uploadtime": 1776292711,
  "views": 30,
  "formatid": "gen9championsvgc2026regma",
  "rating": 1275,
  "private": 0,
  "password": null
}