{
  "id": "gen9championsvgc2026regma-2585676703",
  "format": "[Gen 9 Champions] VGC 2026 Reg M-A",
  "players": [
    "sinfuego",
    "Disfrazdetigre"
  ],
  "log": "|j|\u2606sinfuego\n|j|\u2606Disfrazdetigre\n|t:|1776362974\n|gametype|doubles\n|player|p1|sinfuego|169|1332\n|player|p2|Disfrazdetigre|2|1423\n|gen|9\n|tier|[Gen 9 Champions] VGC 2026 Reg M-A\n|rated|\n|rule|Species Clause: Limit one of each Pok\u00e9mon\n|rule|Item Clause: Limit 1 of each item\n|clearpoke\n|poke|p1|Meganium, L50, F|\n|poke|p1|Incineroar, L50, M|\n|poke|p1|Ninetales-Alola, L50, M|\n|poke|p1|Rotom-Wash, L50|\n|poke|p1|Talonflame, L50, F|\n|poke|p1|Kingambit, L50, F|\n|poke|p2|Orthworm, L50, F|\n|poke|p2|Arcanine-Hisui, L50, M|\n|poke|p2|Medicham, L50, M|\n|poke|p2|Alakazam, L50, M|\n|poke|p2|Blastoise, L50, F|\n|poke|p2|Hydreigon, L50, F|\n|teampreview|4\n|inactive|Battle timer is ON: inactive players will automatically lose when time's up. (requested by sinfuego)\n|inactive|Disfrazdetigre has 60 seconds left.\n|\n|t:|1776363050\n|teamsize|p1|4\n|teamsize|p2|4\n|start\n|switch|p1a: Talonflame|Talonflame, L50, F|100/100\n|switch|p1b: Takeko|Kingambit, L50, F, shiny|100/100\n|switch|p2a: Arcanine|Arcanine-Hisui, L50, M|100/100\n|switch|p2b: Medicham|Medicham, L50, M|100/100\n|-ability|p2a: Arcanine|Intimidate|boost\n|-unboost|p1a: Talonflame|atk|1\n|-unboost|p1b: Takeko|atk|1\n|-ability|p1b: Takeko|Defiant|boost\n|-boost|p1b: Takeko|atk|2\n|turn|1\n|inactive|sinfuego has 30 seconds left.\n|inactive|Disfrazdetigre has 30 seconds left.\n|inactive|Disfrazdetigre has 20 seconds left.\n|inactive|Disfrazdetigre has 15 seconds left.\n|inactive|Disfrazdetigre has 10 seconds left.\n|inactive|Disfrazdetigre has 5 seconds left.\n|\n|t:|1776363109\n|move|p1a: Talonflame|Protect|p1a: Talonflame\n|-singleturn|p1a: Talonflame|Protect\n|move|p1b: Takeko|Protect|p1b: Takeko\n|-singleturn|p1b: Takeko|Protect\n|move|p2a: Arcanine|Rock Slide|p1a: Talonflame|[spread] \n|-activate|p1a: Talonflame|move: Protect\n|-activate|p1b: Takeko|move: Protect\n|move|p2b: Medicham|Zen Headbutt|p1b: Takeko\n|-activate|p1b: Takeko|move: Protect\n|\n|upkeep\n|turn|2\n|\n|t:|1776363134\n|switch|p2b: Orthworm|Orthworm, L50, F|100/100\n|move|p1a: Talonflame|Tailwind|p1a: Talonflame\n|-sidestart|p1: sinfuego|move: Tailwind\n|move|p2a: Arcanine|Rock Slide|p1b: Takeko|[spread] p1a,p1b\n|-supereffective|p1a: Talonflame|2\n|-resisted|p1b: Takeko|1\n|-damage|p1a: Talonflame|0 fnt\n|-damage|p1b: Takeko|90/100\n|faint|p1a: Talonflame\n|cant|p1b: Takeko|flinch\n|\n|upkeep\n|\n|t:|1776363147\n|switch|p1a: Rotom|Rotom-Wash, L50, shiny|100/100\n|turn|3\n|\n|t:|1776363153\n|move|p1a: Rotom|Hydro Pump|p2a: Arcanine\n|-supereffective|p2a: Arcanine|2\n|-damage|p2a: Arcanine|0 fnt\n|faint|p2a: Arcanine\n|move|p1b: Takeko|Kowtow Cleave|p2b: Orthworm\n|-damage|p2b: Orthworm|47/100\n|-enditem|p2b: Orthworm|Sitrus Berry|[eat]\n|-heal|p2b: Orthworm|72/100|[from] item: Sitrus Berry\n|move|p2b: Orthworm|Body Press|p1b: Takeko\n|-supereffective|p1b: Takeko|2\n|-crit|p1b: Takeko\n|-enditem|p1b: Takeko|Chople Berry|[eat]\n|-enditem|p1b: Takeko|Chople Berry|[weaken]\n|-damage|p1b: Takeko|35/100\n|\n|upkeep\n|\n|t:|1776363170\n|switch|p2a: Medicham|Medicham, L50, M|100/100\n|turn|4\n|\n|t:|1776363183\n|detailschange|p2a: Medicham|Medicham-Mega, L50, M\n|-mega|p2a: Medicham|Medicham|Medichamite\n|move|p2a: Medicham|Fake Out|p1a: Rotom\n|-damage|p1a: Rotom|78/100\n|move|p1b: Takeko|Sucker Punch||[still]\n|-fail|p1b: Takeko\n|cant|p1a: Rotom|flinch\n|move|p2b: Orthworm|Shed Tail|p2b: Orthworm\n|-start|p2b: Orthworm|Substitute|[from] move: Shed Tail\n|-damage|p2b: Orthworm|22/100\n|\n|t:|1776363194\n|switch|p2b: Alakazam|Alakazam, L50, M|100/100|[from] Shed Tail\n|\n|-heal|p1a: Rotom|83/100|[from] item: Leftovers\n|upkeep\n|turn|5\n|\n|t:|1776363206\n|switch|p2a: Orthworm|Orthworm, L50, F|22/100\n|move|p1a: Rotom|Thunder Wave|p2a: Orthworm\n|-status|p2a: Orthworm|par\n|move|p2b: Alakazam|Focus Blast|p1b: Takeko\n|-supereffective|p1b: Takeko|2\n|-damage|p1b: Takeko|0 fnt\n|faint|p1b: Takeko\n|\n|-heal|p1a: Rotom|89/100|[from] item: Leftovers\n|-sideend|p1: sinfuego|move: Tailwind\n|upkeep\n|\n|t:|1776363217\n|switch|p1b: S\u00f3lara|Meganium, L50, F, shiny|100/100\n|turn|6\n|\n|t:|1776363230\n|detailschange|p1b: S\u00f3lara|Meganium-Mega, L50, F, shiny\n|-mega|p1b: S\u00f3lara|Meganium|Meganiumite\n|move|p2a: Orthworm|Helping Hand|p2b: Alakazam\n|-singleturn|p2b: Alakazam|Helping Hand|[of] p2a: Orthworm\n|move|p2b: Alakazam|Psychic|p1a: Rotom\n|-damage|p1a: Rotom|25/100\n|move|p1a: Rotom|Thunderbolt|p2a: Orthworm\n|-damage|p2a: Orthworm|0 fnt\n|faint|p2a: Orthworm\n|move|p1b: S\u00f3lara|Dazzling Gleam|p2b: Alakazam\n|-end|p2b: Alakazam|Substitute\n|\n|-heal|p1a: Rotom|31/100|[from] item: Leftovers\n|upkeep\n|\n|t:|1776363238\n|switch|p2a: Medicham|Medicham-Mega, L50, M|100/100\n|turn|7\n|\n|t:|1776363253\n|move|p2a: Medicham|Fake Out|p1b: S\u00f3lara\n|-damage|p1b: S\u00f3lara|80/100\n|move|p2b: Alakazam|Psychic|p1a: Rotom\n|-damage|p1a: Rotom|0 fnt\n|faint|p1a: Rotom\n|cant|p1b: S\u00f3lara|flinch\n|\n|upkeep\n|turn|8\n|\n|t:|1776363265\n|move|p2b: Alakazam|Psychic|p1b: S\u00f3lara\n|-damage|p1b: S\u00f3lara|36/100\n|-unboost|p1b: S\u00f3lara|spd|1\n|move|p2a: Medicham|Zen Headbutt|p1b: S\u00f3lara\n|-damage|p1b: S\u00f3lara|0 fnt\n|faint|p1b: S\u00f3lara\n|\n|win|Disfrazdetigre\n|raw|sinfuego's rating: 1332 &rarr; <strong>1317</strong><br />(-15 for losing)\n|raw|Disfrazdetigre's rating: 1423 &rarr; <strong>1438</strong><br />(+15 for winning)\n|l|\u2606sinfuego\n|player|p1|\n",
  "uploadtime": 1776363276,
  "views": 31,
  "formatid": "gen9championsvgc2026regma",
  "rating": 1317,
  "private": 0,
  "password": null
}