{
  "id": "gen9championsvgc2026regma-2585757270",
  "format": "[Gen 9 Champions] VGC 2026 Reg M-A",
  "players": [
    "Mr.X&Y97",
    "ousngbhge"
  ],
  "log": "|j|\u2606Mr.X&Y97\n|j|\u2606ousngbhge\n|t:|1776368487\n|gametype|doubles\n|player|p1|Mr.X&Y97|ingo|1157\n|player|p2|ousngbhge|1|1074\n|gen|9\n|tier|[Gen 9 Champions] VGC 2026 Reg M-A\n|rated|\n|rule|Species Clause: Limit one of each Pok\u00e9mon\n|rule|Item Clause: Limit 1 of each item\n|clearpoke\n|poke|p1|Aerodactyl, L50, F|\n|poke|p1|Garchomp, L50, F|\n|poke|p1|Incineroar, L50, M|\n|poke|p1|Froslass, L50, F|\n|poke|p1|Rotom-Frost, L50|\n|poke|p1|Kangaskhan, L50, F|\n|poke|p2|Gengar, L50, F|\n|poke|p2|Incineroar, L50, F|\n|poke|p2|Sneasler, L50, M|\n|poke|p2|Sableye, L50, F|\n|poke|p2|Maushold, L50|\n|poke|p2|Primarina, L50, F|\n|teampreview|4\n|inactive|Battle timer is ON: inactive players will automatically lose when time's up. (requested by Mr.X&Y97)\n|inactive|Mr.X&Y97 has 60 seconds left.\n|\n|t:|1776368523\n|teamsize|p1|4\n|teamsize|p2|4\n|start\n|switch|p1a: Rotom|Rotom-Frost, L50|100/100\n|switch|p1b: Froslass|Froslass, L50, F|100/100\n|switch|p2a: Gengar|Gengar, L50, F|100/100\n|switch|p2b: Incineroar|Incineroar, L50, F|100/100\n|-ability|p2b: Incineroar|Intimidate|boost\n|-unboost|p1a: Rotom|atk|1\n|-unboost|p1b: Froslass|atk|1\n|turn|1\n|inactive|ousngbhge has 30 seconds left.\n|inactive|ousngbhge has 20 seconds left.\n|\n|t:|1776368561\n|detailschange|p1b: Froslass|Froslass-Mega, L50, F\n|-mega|p1b: Froslass|Froslass|Froslassite\n|-weather|Snowscape|[from] ability: Snow Warning|[of] p1b: Froslass\n|detailschange|p2a: Gengar|Gengar-Mega, L50, F\n|-mega|p2a: Gengar|Gengar|Gengarite\n|move|p1b: Froslass|Protect|p1b: Froslass\n|-singleturn|p1b: Froslass|Protect\n|move|p1a: Rotom|Electroweb|p2b: Incineroar|[spread] p2a,p2b\n|-damage|p2a: Gengar|79/100\n|-damage|p2b: Incineroar|88/100\n|-unboost|p2a: Gengar|spe|1\n|-unboost|p2b: Incineroar|spe|1\n|move|p2a: Gengar|Shadow Ball|p1b: Froslass\n|-activate|p1b: Froslass|move: Protect\n|move|p2b: Incineroar|Darkest Lariat|p1b: Froslass\n|-activate|p1b: Froslass|move: Protect\n|\n|-weather|Snowscape|[upkeep]\n|upkeep\n|turn|2\n|inactive|Mr.X&Y97 has 30 seconds left.\n|inactive|Mr.X&Y97 has 20 seconds left.\n|inactive|Mr.X&Y97 has 15 seconds left.\n|inactive|Mr.X&Y97 has 10 seconds left.\n|\n|t:|1776368612\n|move|p2a: Gengar|Protect|p2a: Gengar\n|-singleturn|p2a: Gengar|Protect\n|move|p1a: Rotom|Electroweb|p2a: Gengar|[spread] p2b\n|-activate|p2a: Gengar|move: Protect\n|-damage|p2b: Incineroar|75/100\n|-unboost|p2b: Incineroar|spe|1\n|move|p1b: Froslass|Aurora Veil|p1b: Froslass\n|-sidestart|p1: Mr.X&Y97|move: Aurora Veil\n|move|p2b: Incineroar|Parting Shot|p1b: Froslass\n|-unboost|p1b: Froslass|atk|1\n|-unboost|p1b: Froslass|spa|1\n|\n|t:|1776368623\n|switch|p2b: Maushold|Maushold, L50|100/100|[from] Parting Shot\n|\n|-weather|Snowscape|[upkeep]\n|upkeep\n|turn|3\n|\n|t:|1776368640\n|move|p1a: Rotom|Electroweb|p2a: Gengar|[spread] p2a,p2b\n|-damage|p2a: Gengar|64/100\n|-damage|p2b: Maushold|82/100\n|-unboost|p2a: Gengar|spe|1\n|-unboost|p2b: Maushold|spe|1\n|move|p1b: Froslass|Shadow Ball|p2a: Gengar\n|-supereffective|p2a: Gengar|1\n|-damage|p2a: Gengar|17/100\n|-unboost|p2a: Gengar|spd|1\n|move|p2a: Gengar|Perish Song|p2a: Gengar\n|-start|p1a: Rotom|perish3|[silent]\n|-start|p1b: Froslass|perish3|[silent]\n|-start|p2a: Gengar|perish3|[silent]\n|-start|p2b: Maushold|perish3|[silent]\n|-fieldactivate|move: Perish Song\n|move|p2b: Maushold|Encore|p1b: Froslass\n|-start|p1b: Froslass|Encore\n|\n|-weather|Snowscape|[upkeep]\n|-start|p1a: Rotom|perish3\n|-start|p1b: Froslass|perish3\n|-start|p2a: Gengar|perish3\n|-start|p2b: Maushold|perish3\n|upkeep\n|turn|4\n|inactive|ousngbhge has 30 seconds left.\n|\n|t:|1776368670\n|move|p2a: Gengar|Protect|p2a: Gengar\n|-singleturn|p2a: Gengar|Protect\n|move|p1a: Rotom|Electroweb|p2b: Maushold|[spread] p2b\n|-activate|p2a: Gengar|move: Protect\n|-damage|p2b: Maushold|63/100\n|-unboost|p2b: Maushold|spe|1\n|move|p1b: Froslass|Shadow Ball|p2a: Gengar\n|-activate|p2a: Gengar|move: Protect\n|move|p2b: Maushold|Super Fang|p1a: Rotom\n|-damage|p1a: Rotom|50/100\n|\n|-weather|Snowscape|[upkeep]\n|-start|p1a: Rotom|perish2\n|-start|p1b: Froslass|perish2\n|-start|p2a: Gengar|perish2\n|-start|p2b: Maushold|perish2\n|upkeep\n|turn|5\n|inactive|ousngbhge has 30 seconds left.\n|\n|t:|1776368697\n|move|p2b: Maushold|Follow Me|p2b: Maushold\n|-singleturn|p2b: Maushold|move: Follow Me\n|move|p1a: Rotom|Electroweb|p2a: Gengar|[spread] p2a,p2b\n|-damage|p2a: Gengar|0 fnt\n|-damage|p2b: Maushold|44/100\n|-unboost|p2b: Maushold|spe|1\n|faint|p2a: Gengar\n|move|p1b: Froslass|Shadow Ball|p2b: Maushold\n|-immune|p2b: Maushold\n|\n|-weather|none\n|-start|p1a: Rotom|perish1\n|-start|p1b: Froslass|perish1\n|-start|p2b: Maushold|perish1\n|upkeep\n|\n|t:|1776368709\n|switch|p2a: Primarina|Primarina, L50, F|100/100\n|turn|6\n|\n|t:|1776368715\n|switch|p1a: Incineroar|Incineroar, L50, M|100/100\n|-ability|p1a: Incineroar|Intimidate|boost\n|-unboost|p2a: Primarina|atk|1\n|-unboost|p2b: Maushold|atk|1\n|switch|p1b: Garchomp|Garchomp, L50, F|100/100\n|switch|p2b: Incineroar|Incineroar, L50, F|75/100\n|-ability|p2b: Incineroar|Intimidate|boost\n|-unboost|p1a: Incineroar|atk|1\n|-unboost|p1b: Garchomp|atk|1\n|-enditem|p1b: Garchomp|White Herb\n|-clearnegativeboost|p1b: Garchomp|[silent]\n|move|p2a: Primarina|Perish Song|p2a: Primarina\n|-start|p1a: Incineroar|perish3|[silent]\n|-start|p1b: Garchomp|perish3|[silent]\n|-start|p2a: Primarina|perish3|[silent]\n|-start|p2b: Incineroar|perish3|[silent]\n|-fieldactivate|move: Perish Song\n|\n|-start|p1b: Garchomp|perish3\n|-start|p2b: Incineroar|perish3\n|-start|p1a: Incineroar|perish3\n|-start|p2a: Primarina|perish3\n|-sideend|p1: Mr.X&Y97|move: Aurora Veil\n|upkeep\n|turn|7\n|\n|t:|1776368739\n|move|p1b: Garchomp|Protect|p1b: Garchomp\n|-singleturn|p1b: Garchomp|Protect\n|move|p2b: Incineroar|Fake Out|p1b: Garchomp\n|-activate|p1b: Garchomp|move: Protect\n|move|p1a: Incineroar|Parting Shot|p2a: Primarina\n|-unboost|p2a: Primarina|atk|1\n|-unboost|p2a: Primarina|spa|1\n|\n|t:|1776368759\n|switch|p1a: Froslass|Froslass-Mega, L50, F|100/100|[from] Parting Shot\n|-weather|Snowscape|[from] ability: Snow Warning|[of] p1a: Froslass\n|move|p2a: Primarina|Hyper Voice|p1a: Froslass|[spread] p1a\n|-activate|p1b: Garchomp|move: Protect\n|-damage|p1a: Froslass|68/100\n|\n|-weather|Snowscape|[upkeep]\n|-start|p1b: Garchomp|perish2\n|-start|p2b: Incineroar|perish2\n|-start|p2a: Primarina|perish2\n|upkeep\n|turn|8\n|\n|t:|1776368776\n|switch|p2a: Maushold|Maushold, L50|44/100\n|move|p1a: Froslass|Shadow Ball|p2a: Maushold\n|-immune|p2a: Maushold\n|move|p1b: Garchomp|Poison Jab|p2a: Maushold\n|-damage|p2a: Maushold|13/100\n|move|p2b: Incineroar|Parting Shot|p1b: Garchomp\n|-unboost|p1b: Garchomp|atk|1\n|-unboost|p1b: Garchomp|spa|1\n|\n|t:|1776368786\n|switch|p2b: Primarina|Primarina, L50, F|100/100|[from] Parting Shot\n|\n|-weather|Snowscape|[upkeep]\n|-start|p1b: Garchomp|perish1\n|upkeep\n|turn|9\n|\n|t:|1776368809\n|switch|p1a: Incineroar|Incineroar, L50, M|100/100\n|-ability|p1a: Incineroar|Intimidate|boost\n|-unboost|p2a: Maushold|atk|1\n|-unboost|p2b: Primarina|atk|1\n|switch|p1b: Rotom|Rotom-Frost, L50|50/100\n|move|p2a: Maushold|Protect|p2a: Maushold\n|-singleturn|p2a: Maushold|Protect\n|move|p2b: Primarina|Hyper Voice|p1a: Incineroar|[spread] p1a,p1b\n|-supereffective|p1a: Incineroar|1\n|-damage|p1a: Incineroar|49/100\n|-damage|p1b: Rotom|2/100\n|\n|-weather|Snowscape|[upkeep]\n|upkeep\n|turn|10\n|\n|t:|1776368830\n|switch|p2a: Incineroar|Incineroar, L50, F|75/100\n|-ability|p2a: Incineroar|Intimidate|boost\n|-unboost|p1a: Incineroar|atk|1\n|-unboost|p1b: Rotom|atk|1\n|move|p2b: Primarina|Protect|p2b: Primarina\n|-singleturn|p2b: Primarina|Protect\n|move|p1a: Incineroar|Fake Out|p2a: Incineroar\n|-damage|p2a: Incineroar|67/100\n|move|p1b: Rotom|Electroweb|p2a: Incineroar|[spread] p2a\n|-activate|p2b: Primarina|move: Protect\n|-damage|p2a: Incineroar|54/100\n|-unboost|p2a: Incineroar|spe|1\n|\n|-weather|Snowscape|[upkeep]\n|upkeep\n|turn|11\n|\n|t:|1776368851\n|move|p2a: Incineroar|Fake Out|p1b: Rotom\n|-damage|p1b: Rotom|0 fnt\n|faint|p1b: Rotom\n|move|p1a: Incineroar|Parting Shot|p2b: Primarina\n|-unboost|p2b: Primarina|atk|1\n|-unboost|p2b: Primarina|spa|1\n|\n|t:|1776368857\n|switch|p1a: Garchomp|Garchomp, L50, F|100/100|[from] Parting Shot\n|move|p2b: Primarina|Hyper Voice|p1a: Garchomp\n|-damage|p1a: Garchomp|64/100\n|\n|-weather|none\n|upkeep\n|\n|t:|1776368866\n|switch|p1b: Froslass|Froslass-Mega, L50, F|68/100\n|-weather|Snowscape|[from] ability: Snow Warning|[of] p1b: Froslass\n|turn|12\n|\n|t:|1776368882\n|switch|p2b: Maushold|Maushold, L50|13/100\n|move|p1b: Froslass|Protect|p1b: Froslass\n|-singleturn|p1b: Froslass|Protect\n|move|p1a: Garchomp|Earthquake|p2a: Incineroar|[spread] p2a,p2b\n|-activate|p1b: Froslass|move: Protect\n|-supereffective|p2a: Incineroar|1\n|-damage|p2a: Incineroar|0 fnt\n|-damage|p2b: Maushold|0 fnt\n|faint|p2a: Incineroar\n|faint|p2b: Maushold\n|\n|-weather|Snowscape|[upkeep]\n|upkeep\n|\n|t:|1776368894\n|switch|p2a: Primarina|Primarina, L50, F|100/100\n|turn|13\n|\n|t:|1776368901\n|move|p2a: Primarina|Protect|p2a: Primarina\n|-singleturn|p2a: Primarina|Protect\n|move|p1b: Froslass|Shadow Ball|p2a: Primarina\n|-activate|p2a: Primarina|move: Protect\n|move|p1a: Garchomp|Poison Jab|p2a: Primarina\n|-activate|p2a: Primarina|move: Protect\n|\n|-weather|Snowscape|[upkeep]\n|upkeep\n|turn|14\n|\n|t:|1776368910\n|move|p1b: Froslass|Shadow Ball|p2a: Primarina\n|-damage|p2a: Primarina|66/100\n|move|p1a: Garchomp|Poison Jab|p2a: Primarina\n|-supereffective|p2a: Primarina|1\n|-damage|p2a: Primarina|0 fnt\n|faint|p2a: Primarina\n|\n|win|Mr.X&Y97\n|raw|Mr.X&amp;Y97's rating: 1157 &rarr; <strong>1176</strong><br />(+19 for winning)\n|raw|ousngbhge's rating: 1074 &rarr; <strong>1058</strong><br />(-16 for losing)\n",
  "uploadtime": 1776368920,
  "views": 16,
  "formatid": "gen9championsvgc2026regma",
  "rating": 1058,
  "private": 0,
  "password": null
}