{
  "id": "gen9championsvgc2026regma-2588909958",
  "format": "[Gen 9 Champions] VGC 2026 Reg M-A",
  "players": [
    "EXSA",
    "scor102"
  ],
  "log": "|j|\u2606EXSA\n|j|\u2606scor102\n|t:|1776684949\n|gametype|doubles\n|player|p1|EXSA|169|1220\n|player|p2|scor102|colress|1182\n|gen|9\n|tier|[Gen 9 Champions] VGC 2026 Reg M-A\n|rated|\n|rule|Species Clause: Limit one of each Pok\u00e9mon\n|rule|Item Clause: Limit 1 of each item\n|clearpoke\n|poke|p1|Oranguru, L50, M|\n|poke|p1|Incineroar, L50, M|\n|poke|p1|Torkoal, L50, F|\n|poke|p1|Venusaur, L50, M|\n|poke|p1|Aerodactyl, L50, M|\n|poke|p1|Gallade, L50, M|\n|poke|p2|Floette-Eternal, L50, F|\n|poke|p2|Sinistcha, L50|\n|poke|p2|Arcanine-Hisui, L50, M|\n|poke|p2|Garchomp, L50, M|\n|poke|p2|Sylveon, L50, F|\n|poke|p2|Sableye, L50, M|\n|teampreview|4\n|inactive|Battle timer is ON: inactive players will automatically lose when time's up. (requested by scor102)\nscor102 has agreed to open team sheets.\n|inactive|EXSA has 60 seconds left.\n|inactive|EXSA has 30 seconds left.\n|inactive|EXSA has 20 seconds left.\n|inactive|EXSA has 15 seconds left.\n|inactive|EXSA has 10 seconds left.\n|\n|t:|1776685034\n|teamsize|p1|4\n|teamsize|p2|4\n|start\n|switch|p1a: Oranguru|Oranguru, L50, M|100/100\n|switch|p1b: Incineroar|Incineroar, L50, M|100/100\n|switch|p2a: Ch\u00f3 \u0110\u1ed9|Arcanine-Hisui, L50, M|100/100\n|switch|p2b: C\u00e1 Bell Sa m\u1ea1c|Garchomp, L50, M|100/100\n|-ability|p2a: Ch\u00f3 \u0110\u1ed9|Intimidate|boost\n|-fail|p1a: Oranguru|unboost|Attack|[from] ability: Inner Focus|[of] p1a: Oranguru\n|-unboost|p1b: Incineroar|atk|1\n|-ability|p1b: Incineroar|Intimidate|boost\n|-unboost|p2a: Ch\u00f3 \u0110\u1ed9|atk|1\n|-unboost|p2b: C\u00e1 Bell Sa m\u1ea1c|atk|1\n|turn|1\n|\n|t:|1776685057\n|move|p1b: Incineroar|Fake Out|p2a: Ch\u00f3 \u0110\u1ed9\n|-resisted|p2a: Ch\u00f3 \u0110\u1ed9|1\n|-damage|p2a: Ch\u00f3 \u0110\u1ed9|95/100\n|move|p2b: C\u00e1 Bell Sa m\u1ea1c|Rock Slide|p1a: Oranguru|[spread] p1a\n|-miss|p2b: C\u00e1 Bell Sa m\u1ea1c|p1b: Incineroar\n|-damage|p1a: Oranguru|90/100\n|cant|p2a: Ch\u00f3 \u0110\u1ed9|flinch\n|move|p1a: Oranguru|Trick Room|p1a: Oranguru\n|-fieldstart|move: Trick Room|[of] p1a: Oranguru\n|\n|upkeep\n|turn|2\n|inactive|EXSA has 30 seconds left.\n|inactive|EXSA has 20 seconds left.\n|inactive|EXSA has 15 seconds left.\n|\n|t:|1776685101\n|move|p1b: Incineroar|Throat Chop|p2a: Ch\u00f3 \u0110\u1ed9\n|-damage|p2a: Ch\u00f3 \u0110\u1ed9|58/100\n|-start|p2a: Ch\u00f3 \u0110\u1ed9|Throat Chop|[silent]\n|move|p1a: Oranguru|Instruct|p1b: Incineroar\n|-singleturn|p1b: Incineroar|move: Instruct|[of] p1a: Oranguru\n|move|p1b: Incineroar|Throat Chop|p2a: Ch\u00f3 \u0110\u1ed9\n|-damage|p2a: Ch\u00f3 \u0110\u1ed9|25/100\n|move|p2a: Ch\u00f3 \u0110\u1ed9|Flare Blitz|p1a: Oranguru\n|-damage|p1a: Oranguru|58/100\n|-damage|p2a: Ch\u00f3 \u0110\u1ed9|13/100|[from] Recoil\n|move|p2b: C\u00e1 Bell Sa m\u1ea1c|Stomping Tantrum|p1b: Incineroar\n|-supereffective|p1b: Incineroar|1\n|-damage|p1b: Incineroar|53/100\n|\n|upkeep\n|turn|3\n|\n|t:|1776685123\n|move|p2a: Ch\u00f3 \u0110\u1ed9|Protect|p2a: Ch\u00f3 \u0110\u1ed9\n|-singleturn|p2a: Ch\u00f3 \u0110\u1ed9|Protect\n|move|p1b: Incineroar|Parting Shot|p2b: C\u00e1 Bell Sa m\u1ea1c\n|-unboost|p2b: C\u00e1 Bell Sa m\u1ea1c|atk|1\n|-unboost|p2b: C\u00e1 Bell Sa m\u1ea1c|spa|1\n|\n|t:|1776685142\n|switch|p1b: Torkoal|Torkoal, L50, F|100/100|[from] Parting Shot\n|-weather|SunnyDay|[from] ability: Drought|[of] p1b: Torkoal\n|move|p1a: Oranguru|Psychic|p2a: Ch\u00f3 \u0110\u1ed9\n|-activate|p2a: Ch\u00f3 \u0110\u1ed9|move: Protect\n|move|p2b: C\u00e1 Bell Sa m\u1ea1c|Stomping Tantrum|p1b: Torkoal\n|-supereffective|p1b: Torkoal|1\n|-damage|p1b: Torkoal|75/100\n|\n|-weather|SunnyDay|[upkeep]\n|-end|p2a: Ch\u00f3 \u0110\u1ed9|Throat Chop|[silent]\n|upkeep\n|turn|4\n|\n|t:|1776685156\n|move|p2a: Ch\u00f3 \u0110\u1ed9|Extreme Speed|p1b: Torkoal\n|-damage|p1b: Torkoal|63/100\n|move|p1b: Torkoal|Eruption|p2a: Ch\u00f3 \u0110\u1ed9|[spread] p2a,p2b\n|-resisted|p2a: Ch\u00f3 \u0110\u1ed9|2\n|-resisted|p2b: C\u00e1 Bell Sa m\u1ea1c|1\n|-damage|p2a: Ch\u00f3 \u0110\u1ed9|0 fnt\n|-damage|p2b: C\u00e1 Bell Sa m\u1ea1c|75/100\n|faint|p2a: Ch\u00f3 \u0110\u1ed9\n|move|p1a: Oranguru|Instruct|p1b: Torkoal\n|-singleturn|p1b: Torkoal|move: Instruct|[of] p1a: Oranguru\n|move|p1b: Torkoal|Eruption|p2b: C\u00e1 Bell Sa m\u1ea1c\n|-resisted|p2b: C\u00e1 Bell Sa m\u1ea1c|1\n|-damage|p2b: C\u00e1 Bell Sa m\u1ea1c|36/100\n|move|p2b: C\u00e1 Bell Sa m\u1ea1c|Rock Slide|p1a: Oranguru|[spread] p1a,p1b\n|-supereffective|p1b: Torkoal|1\n|-damage|p1a: Oranguru|50/100\n|-damage|p1b: Torkoal|49/100\n|\n|-weather|SunnyDay|[upkeep]\n|upkeep\n|\n|t:|1776685175\n|switch|p2a: Hoa Thanh Qu\u1ebf|Floette-Eternal, L50, F|100/100\n|turn|5\n|\n|t:|1776685185\n|move|p2a: Hoa Thanh Qu\u1ebf|Protect|p2a: Hoa Thanh Qu\u1ebf\n|-singleturn|p2a: Hoa Thanh Qu\u1ebf|Protect\n|move|p1b: Torkoal|Weather Ball|p2a: Hoa Thanh Qu\u1ebf\n|-activate|p2a: Hoa Thanh Qu\u1ebf|move: Protect\n|move|p1a: Oranguru|Instruct|p1b: Torkoal\n|-singleturn|p1b: Torkoal|move: Instruct|[of] p1a: Oranguru\n|move|p1b: Torkoal|Weather Ball|p2a: Hoa Thanh Qu\u1ebf\n|-activate|p2a: Hoa Thanh Qu\u1ebf|move: Protect\n|move|p2b: C\u00e1 Bell Sa m\u1ea1c|Dragon Claw|p1a: Oranguru\n|-damage|p1a: Oranguru|35/100\n|\n|-weather|SunnyDay|[upkeep]\n|-fieldend|move: Trick Room\n|upkeep\n|turn|6\n|inactive|EXSA has 30 seconds left.\n|inactive|EXSA has 20 seconds left.\n|inactive|EXSA has 15 seconds left.\n|\n|t:|1776685230\n|detailschange|p2a: Hoa Thanh Qu\u1ebf|Floette-Mega, L50, F\n|-mega|p2a: Hoa Thanh Qu\u1ebf|Floette|Floettite\n|-ability|p2a: Hoa Thanh Qu\u1ebf|Fairy Aura\n|move|p2a: Hoa Thanh Qu\u1ebf|Dazzling Gleam|p1b: Torkoal|[spread] p1a,p1b\n|-resisted|p1b: Torkoal|1\n|-damage|p1a: Oranguru|1/100\n|-damage|p1b: Torkoal|18/100\n|move|p2b: C\u00e1 Bell Sa m\u1ea1c|Rock Slide|p1b: Torkoal|[spread] p1a,p1b\n|-supereffective|p1b: Torkoal|1\n|-damage|p1a: Oranguru|0 fnt\n|-damage|p1b: Torkoal|6/100\n|faint|p1a: Oranguru\n|move|p1b: Torkoal|Weather Ball|p2a: Hoa Thanh Qu\u1ebf\n|-damage|p2a: Hoa Thanh Qu\u1ebf|34/100\n|\n|-weather|SunnyDay|[upkeep]\n|upkeep\n|\n|t:|1776685241\n|switch|p1a: Venusaur|Venusaur, L50, M|100/100\n|turn|7\n|\n|t:|1776685249\n|switch|p2b: B\u00e9 Ba|Sinistcha, L50|100/100\n|-heal|p2a: Hoa Thanh Qu\u1ebf|59/100|[from] ability: Hospitality|[of] p2b: B\u00e9 Ba\n|move|p2a: Hoa Thanh Qu\u1ebf|Protect|p2a: Hoa Thanh Qu\u1ebf\n|-singleturn|p2a: Hoa Thanh Qu\u1ebf|Protect\n|move|p1b: Torkoal|Protect|p1b: Torkoal\n|-singleturn|p1b: Torkoal|Protect\n|move|p1a: Venusaur|Giga Drain|p2b: B\u00e9 Ba\n|-resisted|p2b: B\u00e9 Ba|1\n|-damage|p2b: B\u00e9 Ba|81/100\n|\n|-weather|none\n|-heal|p2b: B\u00e9 Ba|88/100|[from] item: Leftovers\n|upkeep\n|turn|8\n|\n|t:|1776685273\n|detailschange|p1a: Venusaur|Venusaur-Mega, L50, M\n|-mega|p1a: Venusaur|Venusaur|Venusaurite\n|move|p2b: B\u00e9 Ba|Rage Powder|p2b: B\u00e9 Ba\n|-singleturn|p2b: B\u00e9 Ba|move: Rage Powder\n|move|p2a: Hoa Thanh Qu\u1ebf|Psychic|p1a: Venusaur\n|-supereffective|p1a: Venusaur|1\n|-damage|p1a: Venusaur|44/100\n|move|p1a: Venusaur|Sludge Bomb|p2a: Hoa Thanh Qu\u1ebf\n|-supereffective|p2a: Hoa Thanh Qu\u1ebf|1\n|-damage|p2a: Hoa Thanh Qu\u1ebf|0 fnt\n|faint|p2a: Hoa Thanh Qu\u1ebf\n|move|p1b: Torkoal|Earth Power|p2b: B\u00e9 Ba\n|-resisted|p2b: B\u00e9 Ba|1\n|-damage|p2b: B\u00e9 Ba|75/100\n|\n|-heal|p2b: B\u00e9 Ba|81/100|[from] item: Leftovers\n|upkeep\n|\n|t:|1776685283\n|switch|p2a: C\u00e1 Bell Sa m\u1ea1c|Garchomp, L50, M|36/100\n|turn|9\n|\n|t:|1776685300\n|switch|p1b: Incineroar|Incineroar, L50, M|53/100\n|-ability|p1b: Incineroar|Intimidate|boost\n|-unboost|p2a: C\u00e1 Bell Sa m\u1ea1c|atk|1\n|-unboost|p2b: B\u00e9 Ba|atk|1\n|move|p1a: Venusaur|Protect|p1a: Venusaur\n|-singleturn|p1a: Venusaur|Protect\n|move|p2a: C\u00e1 Bell Sa m\u1ea1c|Dragon Claw|p1a: Venusaur\n|-activate|p1a: Venusaur|move: Protect\n|move|p2b: B\u00e9 Ba|Matcha Gotcha|p1b: Incineroar|[spread] \n|-activate|p1a: Venusaur|move: Protect\n|-miss|p2b: B\u00e9 Ba|p1b: Incineroar\n|\n|-heal|p2b: B\u00e9 Ba|87/100|[from] item: Leftovers\n|upkeep\n|turn|10\n|\n|t:|1776685322\n|move|p2a: C\u00e1 Bell Sa m\u1ea1c|Protect|p2a: C\u00e1 Bell Sa m\u1ea1c\n|-singleturn|p2a: C\u00e1 Bell Sa m\u1ea1c|Protect\n|move|p1b: Incineroar|Fake Out|p2a: C\u00e1 Bell Sa m\u1ea1c\n|-activate|p2a: C\u00e1 Bell Sa m\u1ea1c|move: Protect\n|move|p2b: B\u00e9 Ba|Rage Powder|p2b: B\u00e9 Ba\n|-singleturn|p2b: B\u00e9 Ba|move: Rage Powder\n|move|p1a: Venusaur|Sludge Bomb|p2b: B\u00e9 Ba\n|-damage|p2b: B\u00e9 Ba|36/100\n|-status|p2b: B\u00e9 Ba|psn\n|\n|-heal|p2b: B\u00e9 Ba|43/100 psn|[from] item: Leftovers\n|-damage|p2b: B\u00e9 Ba|30/100 psn|[from] psn\n|upkeep\n|turn|11\n|\n|t:|1776685339\n|move|p1a: Venusaur|Protect|p1a: Venusaur\n|-singleturn|p1a: Venusaur|Protect\n|move|p2a: C\u00e1 Bell Sa m\u1ea1c|Rock Slide|p1b: Incineroar|[spread] p1b\n|-activate|p1a: Venusaur|move: Protect\n|-supereffective|p1b: Incineroar|1\n|-damage|p1b: Incineroar|29/100\n|-enditem|p1b: Incineroar|Sitrus Berry|[eat]\n|-heal|p1b: Incineroar|54/100|[from] item: Sitrus Berry\n|move|p2b: B\u00e9 Ba|Strength Sap|p1b: Incineroar\n|-unboost|p1b: Incineroar|atk|1\n|-heal|p2b: B\u00e9 Ba|100/100 psn\n|move|p1b: Incineroar|Parting Shot|p2a: C\u00e1 Bell Sa m\u1ea1c\n|-unboost|p2a: C\u00e1 Bell Sa m\u1ea1c|atk|1\n|-unboost|p2a: C\u00e1 Bell Sa m\u1ea1c|spa|1\n|\n|t:|1776685351\n|switch|p1b: Torkoal|Torkoal, L50, F|6/100|[from] Parting Shot\n|-weather|SunnyDay|[from] ability: Drought|[of] p1b: Torkoal\n|\n|-weather|SunnyDay|[upkeep]\n|-damage|p2b: B\u00e9 Ba|88/100 psn|[from] psn\n|upkeep\n|turn|12\n|\n|t:|1776685363\n|switch|p1b: Incineroar|Incineroar, L50, M|54/100\n|-ability|p1b: Incineroar|Intimidate|boost\n|-unboost|p2a: C\u00e1 Bell Sa m\u1ea1c|atk|1\n|-unboost|p2b: B\u00e9 Ba|atk|1\n|move|p2a: C\u00e1 Bell Sa m\u1ea1c|Rock Slide|p1b: Incineroar|[spread] p1a,p1b\n|-supereffective|p1b: Incineroar|1\n|-damage|p1a: Venusaur|39/100\n|-damage|p1b: Incineroar|38/100\n|move|p1a: Venusaur|Giga Drain|p2a: C\u00e1 Bell Sa m\u1ea1c\n|-damage|p2a: C\u00e1 Bell Sa m\u1ea1c|0 fnt\n|-heal|p1a: Venusaur|59/100|[from] drain|[of] p2a: C\u00e1 Bell Sa m\u1ea1c\n|faint|p2a: C\u00e1 Bell Sa m\u1ea1c\n|move|p2b: B\u00e9 Ba|Matcha Gotcha|p1a: Venusaur|[spread] p1a\n|-miss|p2b: B\u00e9 Ba|p1b: Incineroar\n|-resisted|p1a: Venusaur|2\n|-damage|p1a: Venusaur|55/100\n|-heal|p2b: B\u00e9 Ba|90/100 psn|[from] drain|[of] p1a: Venusaur\n|\n|-weather|SunnyDay|[upkeep]\n|-heal|p2b: B\u00e9 Ba|97/100 psn|[from] item: Leftovers\n|-damage|p2b: B\u00e9 Ba|84/100 psn|[from] psn\n|upkeep\n|turn|13\n|-message|scor102 forfeited.\n|\n|win|EXSA\n|raw|EXSA's rating: 1220 &rarr; <strong>1242</strong><br />(+22 for winning)\n|raw|scor102's rating: 1182 &rarr; <strong>1160</strong><br />(-22 for losing)\n|l|\u2606scor102\n|player|p2|\n",
  "uploadtime": 1776685378,
  "views": 8,
  "formatid": "gen9championsvgc2026regma",
  "rating": 1160,
  "private": 0,
  "password": null
}