{
  "id": "gen9championsvgc2026regma-2586462552",
  "format": "[Gen 9 Champions] VGC 2026 Reg M-A",
  "players": [
    "TheLoanRanger",
    "Juytre"
  ],
  "log": "|j|\u2606TheLoanRanger\n|j|\u2606Juytre\n|t:|1776436388\n|gametype|doubles\n|player|p1|TheLoanRanger|gardenia|1561\n|player|p2|Juytre|lucian|1453\n|gen|9\n|tier|[Gen 9 Champions] VGC 2026 Reg M-A\n|rated|\n|rule|Species Clause: Limit one of each Pok\u00e9mon\n|rule|Item Clause: Limit 1 of each item\n|clearpoke\n|poke|p1|Feraligatr, L50, M|\n|poke|p1|Sinistcha, L50|\n|poke|p1|Tinkaton, L50, F|\n|poke|p1|Tauros-Paldea-Blaze, L50, M|\n|poke|p1|Hydreigon, L50, M|\n|poke|p1|Ninetales-Alola, L50, F|\n|poke|p2|Floette-Eternal, L50, F|\n|poke|p2|Pelipper, L50, M|\n|poke|p2|Basculegion, L50, M|\n|poke|p2|Archaludon, L50, F|\n|poke|p2|Kingambit, L50, M|\n|poke|p2|Sneasler, L50, M|\n|teampreview|4\n|c|\u2606Juytre|Glhf\n|\n|t:|1776436404\n|teamsize|p1|4\n|teamsize|p2|4\n|start\n|switch|p1a: Feraligatr|Feraligatr, L50, M|100/100\n|switch|p1b: Tauros|Tauros-Paldea-Blaze, L50, M|100/100\n|switch|p2a: Sneasler|Sneasler, L50, M|100/100\n|switch|p2b: Kingambit|Kingambit, L50, M|100/100\n|-ability|p1b: Tauros|Intimidate|boost\n|-unboost|p2a: Sneasler|atk|1\n|-unboost|p2b: Kingambit|atk|1\n|-ability|p2b: Kingambit|Defiant|boost\n|-boost|p2b: Kingambit|atk|2\n|-enditem|p2a: Sneasler|White Herb\n|-clearnegativeboost|p2a: Sneasler|[silent]\n|turn|1\n|\n|t:|1776436418\n|move|p1b: Tauros|Protect|p1b: Tauros\n|-singleturn|p1b: Tauros|Protect\n|move|p1a: Feraligatr|Protect|p1a: Feraligatr\n|-singleturn|p1a: Feraligatr|Protect\n|move|p2a: Sneasler|Fake Out|p1b: Tauros\n|-activate|p1b: Tauros|move: Protect\n|move|p2b: Kingambit|Kowtow Cleave|p1a: Feraligatr\n|-activate|p1a: Feraligatr|move: Protect\n|\n|upkeep\n|turn|2\n|\n|t:|1776436433\n|detailschange|p1a: Feraligatr|Feraligatr-Mega, L50, M\n|-mega|p1a: Feraligatr|Feraligatr|Feraligite\n|move|p2a: Sneasler|Close Combat|p1b: Tauros\n|-damage|p1b: Tauros|33/100\n|-unboost|p2a: Sneasler|def|1\n|-unboost|p2a: Sneasler|spd|1\n|move|p1b: Tauros|Close Combat|p2b: Kingambit\n|-supereffective|p2b: Kingambit|2\n|-damage|p2b: Kingambit|0 fnt\n|-unboost|p1b: Tauros|def|1\n|-unboost|p1b: Tauros|spd|1\n|faint|p2b: Kingambit\n|-enditem|p1b: Tauros|White Herb\n|-clearnegativeboost|p1b: Tauros|[silent]\n|move|p1a: Feraligatr|Double-Edge|p2a: Sneasler\n|-damage|p2a: Sneasler|0 fnt\n|faint|p2a: Sneasler\n|-damage|p1a: Feraligatr|73/100|[from] Recoil\n|\n|upkeep\n|c|\u2606Juytre|I didnt click sucker punch, fuck\n|\n|t:|1776436449\n|switch|p2a: Floette|Floette-Eternal, L50, F|100/100\n|switch|p2b: Pelipper|Pelipper, L50, M|100/100\n|-weather|RainDance|[from] ability: Drizzle|[of] p2b: Pelipper\n|turn|3\n|\n|t:|1776436473\n|switch|p1a: Ninetales|Ninetales-Alola, L50, F|100/100\n|-weather|Snowscape|[from] ability: Snow Warning|[of] p1a: Ninetales\n|move|p2a: Floette|Protect|p2a: Floette\n|-singleturn|p2a: Floette|Protect\n|move|p1b: Tauros|Flare Blitz|p2a: Floette\n|-activate|p2a: Floette|move: Protect\n|move|p2b: Pelipper|Tailwind|p2b: Pelipper\n|-sidestart|p2: Juytre|move: Tailwind\n|\n|-weather|Snowscape|[upkeep]\n|upkeep\n|turn|4\n|\n|t:|1776436492\n|switch|p1b: Tinkaton|Tinkaton, L50, F|100/100\n|detailschange|p2a: Floette|Floette-Mega, L50, F\n|-mega|p2a: Floette|Floette|Floettite\n|-ability|p2a: Floette|Fairy Aura\n|move|p2a: Floette|Dazzling Gleam|p1b: Tinkaton|[spread] p1a,p1b\n|-resisted|p1b: Tinkaton|1\n|-damage|p1a: Ninetales|56/100\n|-damage|p1b: Tinkaton|78/100\n|move|p2b: Pelipper|Hurricane|p1a: Ninetales\n|-damage|p1a: Ninetales|9/100\n|-start|p1a: Ninetales|confusion\n|-activate|p1a: Ninetales|confusion\n|-damage|p1a: Ninetales|2/100|[from] confusion\n|\n|-weather|Snowscape|[upkeep]\n|upkeep\n|turn|5\n|\n|t:|1776436512\n|switch|p1a: Tauros|Tauros-Paldea-Blaze, L50, M|33/100\n|-ability|p1a: Tauros|Intimidate|boost\n|-unboost|p2a: Floette|atk|1\n|-unboost|p2b: Pelipper|atk|1\n|move|p1b: Tinkaton|Fake Out|p2a: Floette\n|-damage|p2a: Floette|88/100\n|cant|p2a: Floette|flinch\n|move|p2b: Pelipper|Hurricane|p1b: Tinkaton|[miss]\n|-miss|p2b: Pelipper|p1b: Tinkaton\n|\n|-weather|Snowscape|[upkeep]\n|upkeep\n|turn|6\n|\n|t:|1776436541\n|move|p1a: Tauros|Protect|p1a: Tauros\n|-singleturn|p1a: Tauros|Protect\n|move|p2a: Floette|Calm Mind|p2a: Floette\n|-boost|p2a: Floette|spa|1\n|-boost|p2a: Floette|spd|1\n|move|p2b: Pelipper|Hurricane|p1b: Tinkaton\n|-resisted|p1b: Tinkaton|1\n|-damage|p1b: Tinkaton|56/100\n|move|p1b: Tinkaton|Knock Off|p2b: Pelipper\n|-damage|p2b: Pelipper|76/100\n|-enditem|p2b: Pelipper|Focus Sash|[from] move: Knock Off|[of] p1b: Tinkaton\n|\n|-weather|Snowscape|[upkeep]\n|-sideend|p2: Juytre|move: Tailwind\n|upkeep\n|turn|7\n|\n|t:|1776436560\n|move|p2a: Floette|Dazzling Gleam|p1b: Tinkaton|[spread] p1a,p1b\n|-resisted|p1b: Tinkaton|1\n|-damage|p1a: Tauros|0 fnt\n|-damage|p1b: Tinkaton|21/100\n|faint|p1a: Tauros\n|move|p1b: Tinkaton|Gigaton Hammer|p2b: Pelipper\n|-resisted|p2b: Pelipper|1\n|-damage|p2b: Pelipper|43/100\n|move|p2b: Pelipper|Hurricane|p1b: Tinkaton|[miss]\n|-miss|p2b: Pelipper|p1b: Tinkaton\n|\n|-weather|none\n|upkeep\n|\n|t:|1776436564\n|switch|p1a: Ninetales|Ninetales-Alola, L50, F|2/100\n|-weather|Snowscape|[from] ability: Snow Warning|[of] p1a: Ninetales\n|turn|8\n|\n|t:|1776436576\n|switch|p1b: Feraligatr|Feraligatr-Mega, L50, M|73/100\n|move|p1a: Ninetales|Blizzard|p2b: Pelipper|[spread] p2a,p2b\n|-damage|p2a: Floette|70/100\n|-damage|p2b: Pelipper|0 fnt\n|-status|p2a: Floette|frz\n|faint|p2b: Pelipper\n|cant|p2a: Floette|frz\n|\n|-weather|Snowscape|[upkeep]\n|upkeep\n|turn|9\n|c|\u2606Juytre|DUDE\n|\n|t:|1776436595\n|move|p1a: Ninetales|Encore|p2a: Floette\n|-start|p2a: Floette|Encore\n|-curestatus|p2a: Floette|frz|[msg]\n|move|p2a: Floette|Dazzling Gleam|p1a: Ninetales|[spread] p1a,p1b\n|-supereffective|p1b: Feraligatr|1\n|-damage|p1a: Ninetales|0 fnt\n|-damage|p1b: Feraligatr|0 fnt\n|faint|p1a: Ninetales\n|faint|p1b: Feraligatr\n|\n|-weather|Snowscape|[upkeep]\n|upkeep\n|\n|t:|1776436597\n|switch|p1b: Tinkaton|Tinkaton, L50, F|21/100\n|turn|10\n|c|\u2606Juytre|Lmao\n|\n|t:|1776436600\n|move|p2a: Floette|Dazzling Gleam|p1b: Tinkaton\n|-resisted|p1b: Tinkaton|1\n|-damage|p1b: Tinkaton|0 fnt\n|faint|p1b: Tinkaton\n|\n|win|Juytre\n",
  "uploadtime": 1776436448,
  "views": 14,
  "formatid": "gen9championsvgc2026regma",
  "rating": null,
  "private": 0,
  "password": null
}