{
  "id": "gen9championsvgc2026regma-2588162732",
  "format": "[Gen 9 Champions] VGC 2026 Reg M-A",
  "players": [
    "faric",
    "Tubandchubb"
  ],
  "log": "|j|\u2606faric\n|j|\u2606Tubandchubb\n|t:|1776610480\n|gametype|doubles\n|player|p1|faric|266|1311\n|player|p2|Tubandchubb|sordward-shielbert|1405\n|gen|9\n|tier|[Gen 9 Champions] VGC 2026 Reg M-A\n|rated|\n|rule|Species Clause: Limit one of each Pok\u00e9mon\n|rule|Item Clause: Limit 1 of each item\n|clearpoke\n|poke|p1|Charizard, L50, M|\n|poke|p1|Garchomp, L50, M|\n|poke|p1|Rotom-Wash, L50|\n|poke|p1|Incineroar, L50, F|\n|poke|p1|Sneasler, L50, F|\n|poke|p1|Whimsicott, L50, M|\n|poke|p2|Chesnaught, L50, F|\n|poke|p2|Typhlosion-Hisui, L50, F|\n|poke|p2|Corviknight, L50, F|\n|poke|p2|Goodra-Hisui, L50, M|\n|poke|p2|Gyarados, L50, F|\n|poke|p2|Kangaskhan, L50, F|\n|teampreview|4\n|inactive|Battle timer is ON: inactive players will automatically lose when time's up. (requested by faric)\n|\n|t:|1776610517\n|teamsize|p1|4\n|teamsize|p2|4\n|start\n|switch|p1a: Rotom|Rotom-Wash, L50|100/100\n|switch|p1b: Incineroar|Incineroar, L50, F|100/100\n|switch|p2a: Chesnaught|Chesnaught, L50, F|100/100\n|switch|p2b: Goodra|Goodra-Hisui, L50, M|100/100\n|-ability|p1b: Incineroar|Intimidate|boost\n|-unboost|p2a: Chesnaught|atk|1\n|-unboost|p2b: Goodra|atk|1\n|turn|1\n|inactive|Tubandchubb has 30 seconds left.\n|\n|t:|1776610544\n|detailschange|p2a: Chesnaught|Chesnaught-Mega, L50, F\n|-mega|p2a: Chesnaught|Chesnaught|Chesnaughtite\n|move|p1b: Incineroar|Fake Out|p2a: Chesnaught\n|-damage|p2a: Chesnaught|93/100\n|move|p1a: Rotom|Volt Switch|p2b: Goodra\n|-resisted|p2b: Goodra|1\n|-damage|p2b: Goodra|88/100\n|\n|t:|1776610552\n|switch|p1a: Charizard|Charizard, L50, M|100/100|[from] Volt Switch\n|move|p2b: Goodra|Thunderbolt|p1b: Incineroar\n|-damage|p1b: Incineroar|69/100\n|cant|p2a: Chesnaught|flinch\n|\n|upkeep\n|turn|2\n|inactive|Tubandchubb has 30 seconds left.\n|\n|t:|1776610585\n|switch|p1b: Whimsicott|Whimsicott, L50, M|100/100\n|switch|p2a: Gyarados|Gyarados, L50, F|100/100\n|-ability|p2a: Gyarados|Intimidate|boost\n|-unboost|p1a: Charizard|atk|1\n|-unboost|p1b: Whimsicott|atk|1\n|move|p1a: Charizard|Protect|p1a: Charizard\n|-singleturn|p1a: Charizard|Protect\n|move|p2b: Goodra|Protect||[still]\n|-fail|p2b: Goodra\n|\n|upkeep\n|turn|3\n|\n|t:|1776610603\n|switch|p1a: Rotom|Rotom-Wash, L50|100/100\n|move|p1b: Whimsicott|Encore|p2b: Goodra\n|-start|p2b: Goodra|Encore\n|move|p2b: Goodra|Protect|p2b: Goodra\n|-singleturn|p2b: Goodra|Protect\n|move|p2a: Gyarados|Waterfall|p1a: Rotom\n|-resisted|p1a: Rotom|1\n|-damage|p1a: Rotom|79/100\n|\n|-heal|p1a: Rotom|85/100|[from] item: Leftovers\n|upkeep\n|turn|4\n|\n|t:|1776610621\n|switch|p2a: Chesnaught|Chesnaught-Mega, L50, F|93/100\n|switch|p2b: Kangaskhan|Kangaskhan, L50, F|100/100\n|move|p1b: Whimsicott|Moonblast|p2b: Kangaskhan\n|-damage|p2b: Kangaskhan|63/100\n|move|p1a: Rotom|Volt Switch|p2a: Chesnaught\n|-resisted|p2a: Chesnaught|1\n|-damage|p2a: Chesnaught|83/100\n|\n|t:|1776610631\n|switch|p1a: Charizard|Charizard, L50, M|100/100|[from] Volt Switch\n|\n|upkeep\n|turn|5\n|\n|t:|1776610638\n|switch|p2a: Goodra|Goodra-Hisui, L50, M|88/100\n|move|p1b: Whimsicott|Protect|p1b: Whimsicott\n|-singleturn|p1b: Whimsicott|Protect\n|move|p1a: Charizard|Protect|p1a: Charizard\n|-singleturn|p1a: Charizard|Protect\n|move|p2b: Kangaskhan|Fake Out|p1a: Charizard\n|-activate|p1a: Charizard|move: Protect\n|\n|upkeep\n|turn|6\n|inactive|Tubandchubb has 30 seconds left.\n|\n|t:|1776610664\n|detailschange|p1a: Charizard|Charizard-Mega-Y, L50, M\n|-mega|p1a: Charizard|Charizard|Charizardite Y\n|-weather|SunnyDay|[from] ability: Drought|[of] p1a: Charizard\n|move|p1b: Whimsicott|Moonblast|p2a: Goodra\n|-damage|p2a: Goodra|62/100\n|move|p1a: Charizard|Weather Ball|p2a: Goodra\n|-damage|p2a: Goodra|1/100\n|move|p2b: Kangaskhan|Last Resort|p1a: Charizard\n|-damage|p1a: Charizard|1/100\n|move|p2a: Goodra|Thunderbolt|p1a: Charizard\n|-supereffective|p1a: Charizard|1\n|-damage|p1a: Charizard|0 fnt\n|faint|p1a: Charizard\n|\n|-weather|SunnyDay|[upkeep]\n|upkeep\n|\n|t:|1776610680\n|switch|p1a: Incineroar|Incineroar, L50, F|69/100\n|-ability|p1a: Incineroar|Intimidate|boost\n|-unboost|p2a: Goodra|atk|1\n|-fail|p2b: Kangaskhan|unboost|Attack|[from] ability: Scrappy|[of] p2b: Kangaskhan\n|turn|7\n|\n|t:|1776610696\n|switch|p2a: Gyarados|Gyarados, L50, F|100/100\n|-ability|p2a: Gyarados|Intimidate|boost\n|-unboost|p1a: Incineroar|atk|1\n|-unboost|p1b: Whimsicott|atk|1\n|move|p1b: Whimsicott|Moonblast|p2b: Kangaskhan\n|-damage|p2b: Kangaskhan|22/100\n|move|p2b: Kangaskhan|Last Resort|p1a: Incineroar\n|-damage|p1a: Incineroar|0 fnt\n|faint|p1a: Incineroar\n|\n|-weather|SunnyDay|[upkeep]\n|upkeep\n|\n|t:|1776610700\n|switch|p1a: Rotom|Rotom-Wash, L50|85/100\n|turn|8\n|inactive|Tubandchubb has 30 seconds left.\n|inactive|Tubandchubb has 20 seconds left.\n|\n|t:|1776610737\n|switch|p2b: Goodra|Goodra-Hisui, L50, M|1/100\n|move|p2a: Gyarados|Protect|p2a: Gyarados\n|-singleturn|p2a: Gyarados|Protect\n|move|p1b: Whimsicott|Moonblast|p2b: Goodra\n|-damage|p2b: Goodra|0 fnt\n|faint|p2b: Goodra\n|move|p1a: Rotom|Thunderbolt|p2a: Gyarados\n|-activate|p2a: Gyarados|move: Protect\n|\n|-weather|SunnyDay|[upkeep]\n|-heal|p1a: Rotom|90/100|[from] item: Leftovers\n|upkeep\n|\n|t:|1776610750\n|switch|p2b: Kangaskhan|Kangaskhan, L50, F|22/100\n|turn|9\n|inactive|Tubandchubb has 30 seconds left.\n|\n|t:|1776610779\n|move|p2b: Kangaskhan|Fake Out|p1b: Whimsicott\n|-damage|p1b: Whimsicott|67/100\n|cant|p1b: Whimsicott|flinch\n|move|p2a: Gyarados|Crunch|p1a: Rotom\n|-damage|p1a: Rotom|57/100\n|move|p1a: Rotom|Thunderbolt|p2a: Gyarados\n|-supereffective|p2a: Gyarados|2\n|-damage|p2a: Gyarados|0 fnt\n|faint|p2a: Gyarados\n|\n|-weather|SunnyDay|[upkeep]\n|-heal|p1a: Rotom|63/100|[from] item: Leftovers\n|upkeep\n|\n|t:|1776610783\n|switch|p2a: Chesnaught|Chesnaught-Mega, L50, F|83/100\n|turn|10\n|\n|t:|1776610796\n|move|p1b: Whimsicott|Encore|p2b: Kangaskhan\n|-start|p2b: Kangaskhan|Encore\n|move|p2b: Kangaskhan|Fake Out||[still]\n|-hint|Fake Out only works on your first turn out.\n|-fail|p2b: Kangaskhan\n|move|p1a: Rotom|Thunderbolt|p2b: Kangaskhan\n|-damage|p2b: Kangaskhan|0 fnt\n|faint|p2b: Kangaskhan\n|move|p2a: Chesnaught|Leech Seed|p1a: Rotom\n|-start|p1a: Rotom|move: Leech Seed\n|\n|-weather|none\n|-heal|p1a: Rotom|69/100|[from] item: Leftovers\n|-damage|p1a: Rotom|57/100|[from] Leech Seed|[of] p2a: Chesnaught\n|-heal|p2a: Chesnaught|92/100|[silent]\n|upkeep\n|turn|11\n|\n|t:|1776610813\n|move|p1b: Whimsicott|Encore|p2a: Chesnaught\n|-start|p2a: Chesnaught|Encore\n|move|p1a: Rotom|Thunderbolt|p2a: Chesnaught\n|-resisted|p2a: Chesnaught|1\n|-damage|p2a: Chesnaught|78/100\n|move|p2a: Chesnaught|Leech Seed||[still]\n|-fail|p2a: Chesnaught\n|\n|-heal|p1a: Rotom|62/100|[from] item: Leftovers\n|-damage|p1a: Rotom|50/100|[from] Leech Seed|[of] p2a: Chesnaught\n|-heal|p2a: Chesnaught|88/100|[silent]\n|upkeep\n|turn|12\n|\n|t:|1776610823\n|move|p1b: Whimsicott|Moonblast|p2a: Chesnaught\n|-supereffective|p2a: Chesnaught|1\n|-damage|p2a: Chesnaught|36/100\n|move|p1a: Rotom|Thunderbolt|p2a: Chesnaught\n|-resisted|p2a: Chesnaught|1\n|-damage|p2a: Chesnaught|21/100\n|move|p2a: Chesnaught|Leech Seed||[still]\n|-fail|p2a: Chesnaught\n|\n|-heal|p1a: Rotom|56/100|[from] item: Leftovers\n|-damage|p1a: Rotom|44/100|[from] Leech Seed|[of] p2a: Chesnaught\n|-heal|p2a: Chesnaught|31/100|[silent]\n|upkeep\n|turn|13\n|\n|t:|1776610837\n|move|p1b: Whimsicott|Moonblast|p2a: Chesnaught\n|-supereffective|p2a: Chesnaught|1\n|-damage|p2a: Chesnaught|0 fnt\n|faint|p2a: Chesnaught\n|\n|win|faric\n|raw|faric's rating: 1311 &rarr; <strong>1336</strong><br />(+25 for winning)\n|raw|Tubandchubb's rating: 1405 &rarr; <strong>1380</strong><br />(-25 for losing)\n|l|\u2606Tubandchubb\n|player|p2|\n",
  "uploadtime": 1776610844,
  "views": 24,
  "formatid": "gen9championsvgc2026regma",
  "rating": 1336,
  "private": 0,
  "password": null
}