{
  "id": "gen9championsvgc2026regma-2585974596",
  "format": "[Gen 9 Champions] VGC 2026 Reg M-A",
  "players": [
    "fetusfeeder",
    "Ridin On"
  ],
  "log": "|j|\u2606fetusfeeder\n|j|\u2606Ridin On\n|t:|1776386626\n|gametype|doubles\n|player|p1|fetusfeeder|265|1136\n|player|p2|Ridin On|brycenman|1100\n|gen|9\n|tier|[Gen 9 Champions] VGC 2026 Reg M-A\n|rated|\n|rule|Species Clause: Limit one of each Pok\u00e9mon\n|rule|Item Clause: Limit 1 of each item\n|clearpoke\n|poke|p1|Charizard, L50, F|\n|poke|p1|Sneasler, L50, M|\n|poke|p1|Basculegion, L50, M|\n|poke|p1|Garchomp, L50, M|\n|poke|p1|Incineroar, L50, M|\n|poke|p1|Venusaur, L50, M|\n|poke|p2|Golurk, L50|\n|poke|p2|Kingambit, L50, M|\n|poke|p2|Farigiraf, L50, M|\n|poke|p2|Sneasler, L50, M|\n|poke|p2|Dragonite, L50, M|\n|poke|p2|Milotic, L50, F|\n|teampreview|4\n|\n|t:|1776386679\n|teamsize|p1|4\n|teamsize|p2|4\n|start\n|switch|p1a: Charizard|Charizard, L50, F, shiny|100/100\n|switch|p1b: Basculegion|Basculegion, L50, M|100/100\n|switch|p2a: Farigiraf|Farigiraf, L50, M|100/100\n|switch|p2b: Milotic|Milotic, L50, F|100/100\n|turn|1\n|inactive|Battle timer is ON: inactive players will automatically lose when time's up. (requested by Ridin On)\n|inactive|fetusfeeder has 60 seconds left.\n|\n|t:|1776386727\n|detailschange|p1a: Charizard|Charizard-Mega-Y, L50, F, shiny\n|-mega|p1a: Charizard|Charizard|Charizardite Y\n|-weather|SunnyDay|[from] ability: Drought|[of] p1a: Charizard\n|move|p1b: Basculegion|Flip Turn|p2b: Milotic\n|-resisted|p2b: Milotic|1\n|-damage|p2b: Milotic|94/100\n|\n|t:|1776386738\n|switch|p1b: Venusaur|Venusaur, L50, M|100/100|[from] Flip Turn\n|move|p1a: Charizard|Weather Ball|p2a: Farigiraf\n|-damage|p2a: Farigiraf|37/100\n|-enditem|p2a: Farigiraf|Sitrus Berry|[eat]\n|-heal|p2a: Farigiraf|61/100|[from] item: Sitrus Berry\n|move|p2b: Milotic|Scald|p1b: Venusaur\n|-resisted|p1b: Venusaur|1\n|-damage|p1b: Venusaur|93/100\n|-status|p1b: Venusaur|brn\n|move|p2a: Farigiraf|Trick Room|p2a: Farigiraf\n|-fieldstart|move: Trick Room|[of] p2a: Farigiraf\n|\n|-weather|SunnyDay|[upkeep]\n|-heal|p2b: Milotic|99/100|[from] item: Leftovers\n|-damage|p1b: Venusaur|87/100 brn|[from] brn\n|upkeep\n|turn|2\n|inactive|fetusfeeder has 30 seconds left.\n|inactive|fetusfeeder has 20 seconds left.\n|inactive|fetusfeeder has 15 seconds left.\n|inactive|fetusfeeder has 10 seconds left.\n|\n|t:|1776386783\n|move|p2a: Farigiraf|Psychic|p1b: Venusaur\n|-supereffective|p1b: Venusaur|1\n|-damage|p1b: Venusaur|6/100 brn\n|move|p2b: Milotic|Life Dew|p2b: Milotic|[spread] p2a,p2b\n|-heal|p2a: Farigiraf|86/100\n|-heal|p2b: Milotic|100/100\n|move|p1a: Charizard|Heat Wave|p2b: Milotic|[spread] p2a,p2b\n|-resisted|p2b: Milotic|1\n|-damage|p2a: Farigiraf|34/100\n|-damage|p2b: Milotic|75/100\n|-status|p2b: Milotic|brn\n|move|p1b: Venusaur|Energy Ball|p2b: Milotic\n|-supereffective|p2b: Milotic|1\n|-damage|p2b: Milotic|9/100 brn\n|\n|-weather|SunnyDay|[upkeep]\n|-heal|p2b: Milotic|15/100 brn|[from] item: Leftovers\n|-damage|p2b: Milotic|9/100 brn|[from] brn\n|-damage|p1b: Venusaur|0 fnt|[from] brn\n|faint|p1b: Venusaur\n|upkeep\n|\n|t:|1776386807\n|switch|p1b: Sneasler|Sneasler, L50, M|100/100\n|turn|3\n|\n|t:|1776386823\n|move|p2a: Farigiraf|Protect|p2a: Farigiraf\n|-singleturn|p2a: Farigiraf|Protect\n|move|p1b: Sneasler|Protect|p1b: Sneasler\n|-singleturn|p1b: Sneasler|Protect\n|move|p2b: Milotic|Life Dew|p2b: Milotic|[spread] p2a,p2b\n|-heal|p2a: Farigiraf|60/100\n|-heal|p2b: Milotic|34/100 brn\n|move|p1a: Charizard|Heat Wave|p2b: Milotic|[spread] p2b\n|-activate|p2a: Farigiraf|move: Protect\n|-resisted|p2b: Milotic|1\n|-damage|p2b: Milotic|7/100 brn\n|\n|-weather|SunnyDay|[upkeep]\n|-heal|p2b: Milotic|13/100 brn|[from] item: Leftovers\n|-damage|p2b: Milotic|7/100 brn|[from] brn\n|upkeep\n|turn|4\n|inactive|fetusfeeder has 30 seconds left.\n|\n|t:|1776386851\n|switch|p1b: Basculegion|Basculegion, L50, M|100/100\n|move|p2a: Farigiraf|Psychic|p1b: Basculegion\n|-damage|p1b: Basculegion|62/100\n|move|p2b: Milotic|Scald|p1a: Charizard\n|-supereffective|p1a: Charizard|1\n|-damage|p1a: Charizard|74/100\n|move|p1a: Charizard|Heat Wave|p2b: Milotic|[spread] p2a,p2b\n|-resisted|p2b: Milotic|1\n|-damage|p2a: Farigiraf|14/100\n|-damage|p2b: Milotic|0 fnt\n|faint|p2b: Milotic\n|\n|-weather|SunnyDay|[upkeep]\n|upkeep\n|\n|t:|1776386863\n|switch|p2b: Golurk|Golurk, L50|100/100\n|turn|5\n|inactive|fetusfeeder has 30 seconds left.\n|inactive|Ridin On has 30 seconds left.\n|\n|t:|1776386896\n|detailschange|p2b: Golurk|Golurk-Mega, L50\n|-mega|p2b: Golurk|Golurk|Golurkite\n|move|p2a: Farigiraf|Psychic|p1a: Charizard\n|-damage|p1a: Charizard|39/100\n|move|p2b: Golurk|Headlong Rush|p1b: Basculegion\n|-damage|p1b: Basculegion|0 fnt\n|-unboost|p2b: Golurk|def|1\n|-unboost|p2b: Golurk|spd|1\n|faint|p1b: Basculegion\n|move|p1a: Charizard|Heat Wave|p2a: Farigiraf|[spread] p2a\n|-miss|p1a: Charizard|p2b: Golurk\n|-damage|p2a: Farigiraf|0 fnt\n|faint|p2a: Farigiraf\n|\n|-weather|none\n|-fieldend|move: Trick Room\n|upkeep\n|\n|t:|1776386910\n|switch|p1b: Sneasler|Sneasler, L50, M|100/100\n|switch|p2a: Dragonite|Dragonite, L50, M|100/100\n|turn|6\n|inactive|fetusfeeder has 30 seconds left.\n|\n|t:|1776386941\n|move|p2b: Golurk|Protect|p2b: Golurk\n|-singleturn|p2b: Golurk|Protect\n|move|p1b: Sneasler|Rock Slide|p2b: Golurk|[spread] p2a\n|-activate|p2b: Golurk|move: Protect\n|-supereffective|p2a: Dragonite|1\n|-damage|p2a: Dragonite|54/100\n|move|p1a: Charizard|Heat Wave|p2a: Dragonite|[spread] p2a\n|-activate|p2b: Golurk|move: Protect\n|-resisted|p2a: Dragonite|1\n|-damage|p2a: Dragonite|29/100\n|move|p2a: Dragonite|Scale Shot|p1a: Charizard\n|-damage|p1a: Charizard|23/100\n|-damage|p1a: Charizard|6/100\n|-damage|p1a: Charizard|0 fnt\n|faint|p1a: Charizard\n|-hitcount|p1: Charizard|3\n|-unboost|p2a: Dragonite|def|1\n|-boost|p2a: Dragonite|spe|1\n|\n|upkeep\n|turn|7\n|\n|t:|1776386964\n|move|p2a: Dragonite|Scale Shot|p1b: Sneasler\n|-damage|p1b: Sneasler|73/100\n|-damage|p1b: Sneasler|47/100\n|-hitcount|p1b: Sneasler|2\n|-unboost|p2a: Dragonite|def|1\n|-boost|p2a: Dragonite|spe|1\n|move|p1b: Sneasler|Rock Slide|p2a: Dragonite|[spread] p2a,p2b\n|-supereffective|p2a: Dragonite|1\n|-resisted|p2b: Golurk|1\n|-damage|p2a: Dragonite|0 fnt\n|-damage|p2b: Golurk|86/100\n|faint|p2a: Dragonite\n|cant|p2b: Golurk|flinch\n|\n|upkeep\n|turn|8\n|\n|t:|1776386982\n|move|p1b: Sneasler|Rock Slide|p2b: Golurk\n|-resisted|p2b: Golurk|1\n|-damage|p2b: Golurk|68/100\n|move|p2b: Golurk|Headlong Rush|p1b: Sneasler\n|-supereffective|p1b: Sneasler|1\n|-damage|p1b: Sneasler|0 fnt\n|-unboost|p2b: Golurk|def|1\n|-unboost|p2b: Golurk|spd|1\n|faint|p1b: Sneasler\n|\n|win|Ridin On\n|raw|fetusfeeder's rating: 1136 &rarr; <strong>1108</strong><br />(-28 for losing)\n|raw|Ridin On's rating: 1100 &rarr; <strong>1128</strong><br />(+28 for winning)\n",
  "uploadtime": 1776386988,
  "views": 18,
  "formatid": "gen9championsvgc2026regma",
  "rating": 1108,
  "private": 0,
  "password": null
}