{
  "id": "gen9championsvgc2026regma-2588162906",
  "format": "[Gen 9 Champions] VGC 2026 Reg M-A",
  "players": [
    "Filipe 5x",
    "mobmasher99"
  ],
  "log": "|j|\u2606Filipe 5x\n|j|\u2606mobmasher99\n|t:|1776610495\n|gametype|doubles\n|player|p1|Filipe 5x|veteran|1078\n|player|p2|mobmasher99|teamrocket|1140\n|gen|9\n|tier|[Gen 9 Champions] VGC 2026 Reg M-A\n|rated|\n|rule|Species Clause: Limit one of each Pok\u00e9mon\n|rule|Item Clause: Limit 1 of each item\n|clearpoke\n|poke|p1|Tyrantrum, L50, M|\n|poke|p1|Tyranitar, L50, M|\n|poke|p1|Whimsicott, L50, F|\n|poke|p1|Arcanine, L50, M|\n|poke|p1|Rotom-Wash, L50|\n|poke|p1|Corviknight, L50, M|\n|poke|p2|Aurorus, L50, M|\n|poke|p2|Slowking-Galar, L50, M|\n|poke|p2|Crabominable, L50, F|\n|poke|p2|Sinistcha, L50|\n|poke|p2|Incineroar, L50, M|\n|poke|p2|Oranguru, L50, F|\n|teampreview|4\n|inactive|Battle timer is ON: inactive players will automatically lose when time's up. (requested by mobmasher99)\n|inactive|mobmasher99 has 60 seconds left.\n|\n|t:|1776610528\n|teamsize|p1|4\n|teamsize|p2|4\n|start\n|switch|p1a: Arcanine|Arcanine, L50, M|100/100\n|switch|p1b: Rotom|Rotom-Wash, L50|100/100\n|switch|p2a: Aurorus|Aurorus, L50, M|100/100\n|switch|p2b: Oranguru|Oranguru, L50, F|100/100\n|-ability|p1a: Arcanine|Intimidate|boost\n|-unboost|p2a: Aurorus|atk|1\n|-fail|p2b: Oranguru|unboost|Attack|[from] ability: Inner Focus|[of] p2b: Oranguru\n|-weather|Snowscape|[from] ability: Snow Warning|[of] p2a: Aurorus\n|turn|1\n|\n|t:|1776610542\n|move|p2b: Oranguru|Protect|p2b: Oranguru\n|-singleturn|p2b: Oranguru|Protect\n|move|p2a: Aurorus|Protect|p2a: Aurorus\n|-singleturn|p2a: Aurorus|Protect\n|move|p1a: Arcanine|Flare Blitz|p2b: Oranguru\n|-activate|p2b: Oranguru|move: Protect\n|move|p1b: Rotom|Volt Switch|p2a: Aurorus\n|-activate|p2a: Aurorus|move: Protect\n|\n|-weather|Snowscape|[upkeep]\n|upkeep\n|turn|2\n|\n|t:|1776610553\n|switch|p1b: Tyranitar|Tyranitar, L50, M|100/100\n|-weather|Sandstorm|[from] ability: Sand Stream|[of] p1b: Tyranitar\n|move|p1a: Arcanine|Will-O-Wisp|p2b: Oranguru\n|-status|p2b: Oranguru|brn\n|move|p2a: Aurorus|Aurora Veil||[still]\n|-fail|p2a: Aurorus\n|move|p2b: Oranguru|Trick Room|p2b: Oranguru\n|-fieldstart|move: Trick Room|[of] p2b: Oranguru\n|\n|-weather|Sandstorm|[upkeep]\n|-damage|p2b: Oranguru|94/100 brn|[from] Sandstorm\n|-damage|p1a: Arcanine|95/100|[from] Sandstorm\n|-damage|p2b: Oranguru|88/100 brn|[from] brn\n|upkeep\n|turn|3\n|\n|t:|1776610572\n|detailschange|p1b: Tyranitar|Tyranitar-Mega, L50, M\n|-mega|p1b: Tyranitar|Tyranitar|Tyranitarite\n|move|p1a: Arcanine|Protect|p1a: Arcanine\n|-singleturn|p1a: Arcanine|Protect\n|move|p2a: Aurorus|Earth Power|p1a: Arcanine\n|-activate|p1a: Arcanine|move: Protect\n|move|p2b: Oranguru|Instruct|p2a: Aurorus\n|-singleturn|p2a: Aurorus|move: Instruct|[of] p2b: Oranguru\n|move|p2a: Aurorus|Earth Power|p1a: Arcanine\n|-activate|p1a: Arcanine|move: Protect\n|move|p1b: Tyranitar|Earthquake|p2a: Aurorus|[spread] p2a,p2b\n|-activate|p1a: Arcanine|move: Protect\n|-supereffective|p2a: Aurorus|1\n|-damage|p2a: Aurorus|41/100\n|-damage|p2b: Oranguru|64/100 brn\n|\n|-weather|Sandstorm|[upkeep]\n|-damage|p2b: Oranguru|58/100 brn|[from] Sandstorm\n|-damage|p1a: Arcanine|89/100|[from] Sandstorm\n|-damage|p2b: Oranguru|52/100 brn|[from] brn\n|upkeep\n|turn|4\n|\n|t:|1776610594\n|switch|p1a: Corviknight|Corviknight, L50, M|100/100\n|move|p2a: Aurorus|Earth Power|p1b: Tyranitar\n|-supereffective|p1b: Tyranitar|1\n|-damage|p1b: Tyranitar|73/100\n|move|p2b: Oranguru|Instruct|p2a: Aurorus\n|-singleturn|p2a: Aurorus|move: Instruct|[of] p2b: Oranguru\n|move|p2a: Aurorus|Earth Power|p1b: Tyranitar\n|-supereffective|p1b: Tyranitar|1\n|-damage|p1b: Tyranitar|43/100\n|move|p1b: Tyranitar|Earthquake|p2a: Aurorus|[spread] p2a,p2b\n|-immune|p1a: Corviknight\n|-supereffective|p2a: Aurorus|1\n|-crit|p2b: Oranguru\n|-damage|p2a: Aurorus|0 fnt\n|-damage|p2b: Oranguru|14/100 brn\n|faint|p2a: Aurorus\n|\n|-weather|Sandstorm|[upkeep]\n|-damage|p2b: Oranguru|8/100 brn|[from] Sandstorm\n|-damage|p2b: Oranguru|2/100 brn|[from] brn\n|upkeep\n|\n|t:|1776610599\n|switch|p2a: Crabominable|Crabominable, L50, F|100/100\n|turn|5\n|\n|t:|1776610614\n|switch|p1a: Arcanine|Arcanine, L50, M|89/100\n|-ability|p1a: Arcanine|Intimidate|boost\n|-fail|p2a: Crabominable|unboost|Attack|[from] ability: Hyper Cutter|[of] p2a: Crabominable\n|-fail|p2b: Oranguru|unboost|Attack|[from] ability: Inner Focus|[of] p2b: Oranguru\n|detailschange|p2a: Crabominable|Crabominable-Mega, L50, F\n|-mega|p2a: Crabominable|Crabominable|Crabominite\n|move|p1b: Tyranitar|Protect|p1b: Tyranitar\n|-singleturn|p1b: Tyranitar|Protect\n|move|p2a: Crabominable|Drain Punch|p1b: Tyranitar\n|-activate|p1b: Tyranitar|move: Protect\n|move|p2b: Oranguru|Psychic|p1a: Arcanine\n|-damage|p1a: Arcanine|55/100\n|\n|-weather|Sandstorm|[upkeep]\n|-damage|p2a: Crabominable|95/100|[from] Sandstorm\n|-damage|p2b: Oranguru|0 fnt|[from] Sandstorm\n|-damage|p1a: Arcanine|49/100|[from] Sandstorm\n|-enditem|p1a: Arcanine|Sitrus Berry|[eat]\n|-heal|p1a: Arcanine|74/100|[from] item: Sitrus Berry\n|faint|p2b: Oranguru\n|upkeep\n|\n|t:|1776610621\n|switch|p2b: Sinistcha|Sinistcha, L50|100/100\n|-heal|p2a: Crabominable|100/100|[from] ability: Hospitality|[of] p2b: Sinistcha\n|turn|6\n|\n|t:|1776610635\n|switch|p1b: Corviknight|Corviknight, L50, M|100/100\n|move|p2a: Crabominable|Drain Punch|p1a: Arcanine\n|-damage|p1a: Arcanine|2/100\n|move|p2b: Sinistcha|Matcha Gotcha|p1b: Corviknight|[spread] p1a,p1b\n|-resisted|p1a: Arcanine|1\n|-resisted|p1b: Corviknight|2\n|-damage|p1a: Arcanine|0 fnt\n|-damage|p1b: Corviknight|96/100\n|-status|p1b: Corviknight|brn\n|-enditem|p1b: Corviknight|Lum Berry|[eat]\n|-curestatus|p1b: Corviknight|brn|[msg]\n|faint|p1a: Arcanine\n|\n|-weather|none\n|-fieldend|move: Trick Room\n|upkeep\n|\n|t:|1776610643\n|switch|p1a: Tyranitar|Tyranitar-Mega, L50, M|43/100\n|-weather|Sandstorm|[from] ability: Sand Stream|[of] p1a: Tyranitar\n|turn|7\n|\n|t:|1776610650\n|move|p2a: Crabominable|Mach Punch|p1a: Tyranitar\n|-supereffective|p1a: Tyranitar|2\n|-damage|p1a: Tyranitar|0 fnt\n|faint|p1a: Tyranitar\n|move|p1b: Corviknight|Bulk Up|p1b: Corviknight\n|-boost|p1b: Corviknight|atk|1\n|-boost|p1b: Corviknight|def|1\n|move|p2b: Sinistcha|Trick Room|p2b: Sinistcha\n|-fieldstart|move: Trick Room|[of] p2b: Sinistcha\n|\n|-weather|Sandstorm|[upkeep]\n|-damage|p2a: Crabominable|95/100|[from] Sandstorm\n|-damage|p2b: Sinistcha|94/100|[from] Sandstorm\n|upkeep\n|\n|t:|1776610653\n|switch|p1a: Rotom|Rotom-Wash, L50|100/100\n|turn|8\n|\n|t:|1776610673\n|move|p2a: Crabominable|Drain Punch|p1a: Rotom\n|-damage|p1a: Rotom|23/100\n|-heal|p2a: Crabominable|100/100|[from] drain|[of] p1a: Rotom\n|move|p2b: Sinistcha|Matcha Gotcha|p1b: Corviknight|[spread] p1a\n|-miss|p2b: Sinistcha|p1b: Corviknight\n|-supereffective|p1a: Rotom|1\n|-damage|p1a: Rotom|0 fnt\n|-heal|p2b: Sinistcha|100/100|[from] drain|[of] p1a: Rotom\n|faint|p1a: Rotom\n|move|p1b: Corviknight|Brave Bird|p2b: Sinistcha\n|-supereffective|p2b: Sinistcha|1\n|-damage|p2b: Sinistcha|20/100\n|-damage|p1b: Corviknight|73/100|[from] Recoil\n|\n|-weather|Sandstorm|[upkeep]\n|-damage|p2a: Crabominable|95/100|[from] Sandstorm\n|-damage|p2b: Sinistcha|13/100|[from] Sandstorm\n|upkeep\n|turn|9\n|\n|t:|1776610684\n|move|p2a: Crabominable|Ice Hammer|p1b: Corviknight\n|-damage|p1b: Corviknight|31/100\n|-unboost|p2a: Crabominable|spe|1\n|move|p2b: Sinistcha|Matcha Gotcha|p1b: Corviknight\n|-resisted|p1b: Corviknight|2\n|-damage|p1b: Corviknight|25/100\n|-heal|p2b: Sinistcha|17/100|[from] drain|[of] p1b: Corviknight\n|-status|p1b: Corviknight|brn\n|move|p1b: Corviknight|Iron Head|p2b: Sinistcha\n|-damage|p2b: Sinistcha|3/100\n|\n|-weather|Sandstorm|[upkeep]\n|-damage|p2a: Crabominable|89/100|[from] Sandstorm\n|-damage|p2b: Sinistcha|0 fnt|[from] Sandstorm\n|faint|p2b: Sinistcha\n|-damage|p1b: Corviknight|19/100 brn|[from] brn\n|upkeep\n|turn|10\n|\n|t:|1776610692\n|move|p2a: Crabominable|Drain Punch|p1b: Corviknight\n|-damage|p1b: Corviknight|0 fnt\n|-heal|p2a: Crabominable|98/100|[from] drain|[of] p1b: Corviknight\n|faint|p1b: Corviknight\n|\n|win|mobmasher99\n|raw|Filipe 5x's rating: 1078 &rarr; <strong>1060</strong><br />(-18 for losing)\n|raw|mobmasher99's rating: 1140 &rarr; <strong>1161</strong><br />(+21 for winning)\n|l|\u2606Filipe 5x\n|player|p1|\n",
  "uploadtime": 1776610695,
  "views": 7,
  "formatid": "gen9championsvgc2026regma",
  "rating": 1060,
  "private": 0,
  "password": null
}