{
  "id": "gen9championsvgc2026regma-2581272653",
  "format": "[Gen 9 Champions] VGC 2026 Reg M-A",
  "players": [
    "GridVGC",
    "MaxsimusTheBest"
  ],
  "log": "|j|\u2606GridVGC\n|j|\u2606MaxsimusTheBest\n|t:|1775979528\n|gametype|doubles\n|player|p1|GridVGC|acetrainerf-gen4|1143\n|player|p2|MaxsimusTheBest|169|1133\n|gen|9\n|tier|[Gen 9 Champions] VGC 2026 Reg M-A\n|rated|\n|rule|Species Clause: Limit one of each Pok\u00e9mon\n|rule|Item Clause: Limit 1 of each item\n|clearpoke\n|poke|p1|Froslass, L50, F|\n|poke|p1|Sneasler, L50, M|\n|poke|p1|Rotom-Wash, L50|\n|poke|p1|Aerodactyl, L50, M|\n|poke|p1|Whimsicott, L50, M|\n|poke|p1|Ninetales-Alola, L50, F|\n|poke|p2|Froslass, L50, F|\n|poke|p2|Garchomp, L50, F|\n|poke|p2|Rotom-Frost, L50|\n|poke|p2|Empoleon, L50, M|\n|poke|p2|Incineroar, L50, M|\n|poke|p2|Kingambit, L50, F|\n|teampreview|4\nMaxsimusTheBest rejected open team sheets.\n|\n|t:|1775979581\n|teamsize|p1|4\n|teamsize|p2|4\n|start\n|switch|p1a: Sneasler|Sneasler, L50, M|100/100\n|switch|p1b: Froslass|Froslass, L50, F|100/100\n|switch|p2a: Incineroar|Incineroar, L50, M|100/100\n|switch|p2b: Garchomp|Garchomp, L50, F|100/100\n|-ability|p2a: Incineroar|Intimidate|boost\n|-unboost|p1a: Sneasler|atk|1\n|-unboost|p1b: Froslass|atk|1\n|turn|1\n|\n|t:|1775979595\n|detailschange|p1b: Froslass|Froslass-Mega, L50, F\n|-mega|p1b: Froslass|Froslass|Froslassite\n|-weather|Snowscape|[from] ability: Snow Warning|[of] p1b: Froslass\n|move|p1a: Sneasler|Fake Out|p2a: Incineroar\n|-damage|p2a: Incineroar|91/100\n|cant|p2a: Incineroar|flinch\n|move|p1b: Froslass|Blizzard|p2b: Garchomp|[spread] p2a,p2b\n|-resisted|p2a: Incineroar|1\n|-supereffective|p2b: Garchomp|2\n|-crit|p2b: Garchomp\n|-damage|p2a: Incineroar|71/100\n|-damage|p2b: Garchomp|0 fnt\n|faint|p2b: Garchomp\n|\n|-weather|Snowscape|[upkeep]\n|upkeep\n|\n|t:|1775979609\n|switch|p2b: Kingambit|Kingambit, L50, F|100/100\n|turn|2\n|\n|t:|1775979624\n|move|p2b: Kingambit|Sucker Punch||[still]\n|-fail|p2b: Kingambit\n|move|p1b: Froslass|Destiny Bond|p1b: Froslass\n|-singlemove|p1b: Froslass|Destiny Bond\n|move|p1a: Sneasler|Close Combat|p2b: Kingambit\n|-supereffective|p2b: Kingambit|2\n|-enditem|p2b: Kingambit|Focus Sash\n|-damage|p2b: Kingambit|1/100\n|-unboost|p1a: Sneasler|def|1\n|-unboost|p1a: Sneasler|spd|1\n|move|p2a: Incineroar|Parting Shot|p1a: Sneasler\n|-unboost|p1a: Sneasler|atk|1\n|-unboost|p1a: Sneasler|spa|1\n|\n|t:|1775979635\n|switch|p2a: Empoleon|Empoleon, L50, M, shiny|100/100|[from] Parting Shot\n|\n|-weather|Snowscape|[upkeep]\n|upkeep\n|turn|3\n|\n|t:|1775979659\n|switch|p1b: Rotom|Rotom-Wash, L50|100/100\n|move|p2b: Kingambit|Protect|p2b: Kingambit\n|-singleturn|p2b: Kingambit|Protect\n|move|p1a: Sneasler|Close Combat|p2b: Kingambit\n|-activate|p2b: Kingambit|move: Protect\n|move|p2a: Empoleon|Flash Cannon|p1b: Rotom\n|-resisted|p1b: Rotom|2\n|-damage|p1b: Rotom|93/100\n|\n|-weather|Snowscape|[upkeep]\n|upkeep\n|turn|4\n|\n|t:|1775979680\n|switch|p1a: Froslass|Froslass-Mega, L50, F|100/100\n|switch|p2b: Incineroar|Incineroar, L50, M|71/100\n|-ability|p2b: Incineroar|Intimidate|boost\n|-unboost|p1a: Froslass|atk|1\n|-unboost|p1b: Rotom|atk|1\n|move|p1b: Rotom|Thunderbolt|p2b: Incineroar\n|-damage|p2b: Incineroar|38/100\n|-enditem|p2b: Incineroar|Sitrus Berry|[eat]\n|-heal|p2b: Incineroar|62/100|[from] item: Sitrus Berry\n|move|p2a: Empoleon|Roar|p1b: Rotom\n|drag|p1b: Sneasler|Sneasler, L50, M|100/100\n|\n|-weather|Snowscape|[upkeep]\n|upkeep\n|turn|5\n|\n|t:|1775979704\n|move|p1b: Sneasler|Fake Out|p2b: Incineroar\n|-damage|p2b: Incineroar|48/100\n|cant|p2b: Incineroar|flinch\n|move|p1a: Froslass|Shadow Ball|p2a: Empoleon\n|-damage|p2a: Empoleon|58/100\n|move|p2a: Empoleon|Flash Cannon|p1a: Froslass\n|-supereffective|p1a: Froslass|1\n|-damage|p1a: Froslass|1/100\n|\n|-weather|none\n|-heal|p2a: Empoleon|63/100|[from] item: Leftovers\n|upkeep\n|turn|6\n|\n|t:|1775979727\n|move|p2a: Empoleon|Protect|p2a: Empoleon\n|-singleturn|p2a: Empoleon|Protect\n|move|p1a: Froslass|Destiny Bond|p1a: Froslass\n|-singlemove|p1a: Froslass|Destiny Bond\n|move|p1b: Sneasler|Fling|p2b: Incineroar\n|-resisted|p2b: Incineroar|1\n|-damage|p2b: Incineroar|42/100\n|-enditem|p1b: Sneasler|King's Rock|[from] move: Fling\n|cant|p2b: Incineroar|flinch\n|\n|-heal|p2a: Empoleon|69/100|[from] item: Leftovers\n|upkeep\n|turn|7\n|\n|t:|1775979742\n|move|p1b: Sneasler|Close Combat|p2b: Incineroar\n|-supereffective|p2b: Incineroar|1\n|-damage|p2b: Incineroar|0 fnt\n|-unboost|p1b: Sneasler|def|1\n|-unboost|p1b: Sneasler|spd|1\n|faint|p2b: Incineroar\n|move|p1a: Froslass|Shadow Ball|p2a: Empoleon\n|-damage|p2a: Empoleon|31/100\n|move|p2a: Empoleon|Hydro Pump|p1b: Sneasler|[miss]\n|-miss|p2a: Empoleon|p1b: Sneasler\n|\n|-heal|p2a: Empoleon|37/100|[from] item: Leftovers\n|upkeep\n|\n|t:|1775979753\n|switch|p2b: Kingambit|Kingambit, L50, F|1/100\n|turn|8\n|\n|t:|1775979761\n|switch|p1b: Rotom|Rotom-Wash, L50|93/100\n|move|p2a: Empoleon|Protect|p2a: Empoleon\n|-singleturn|p2a: Empoleon|Protect\n|move|p2b: Kingambit|Sucker Punch||[still]\n|-fail|p2b: Kingambit\n|move|p1a: Froslass|Destiny Bond|p1a: Froslass\n|-singlemove|p1a: Froslass|Destiny Bond\n|\n|-heal|p2a: Empoleon|42/100|[from] item: Leftovers\n|upkeep\n|turn|9\n|\n|t:|1775979789\n|switch|p1a: Sneasler|Sneasler, L50, M|100/100\n|move|p2a: Empoleon|Protect|p2a: Empoleon\n|-singleturn|p2a: Empoleon|Protect\n|move|p2b: Kingambit|Iron Head|p1b: Rotom\n|-resisted|p1b: Rotom|2\n|-damage|p1b: Rotom|79/100\n|move|p1b: Rotom|Thunderbolt|p2a: Empoleon\n|-activate|p2a: Empoleon|move: Protect\n|\n|-heal|p2a: Empoleon|48/100|[from] item: Leftovers\n|upkeep\n|turn|10\n|\n|t:|1775979807\n|move|p1a: Sneasler|Fake Out|p2a: Empoleon\n|-resisted|p2a: Empoleon|1\n|-damage|p2a: Empoleon|40/100\n|move|p2b: Kingambit|Sucker Punch|p1b: Rotom\n|-damage|p1b: Rotom|34/100\n|-enditem|p1b: Rotom|Sitrus Berry|[eat]\n|-heal|p1b: Rotom|58/100|[from] item: Sitrus Berry\n|move|p1b: Rotom|Thunderbolt|p2a: Empoleon\n|-supereffective|p2a: Empoleon|1\n|-crit|p2a: Empoleon\n|-damage|p2a: Empoleon|0 fnt\n|faint|p2a: Empoleon\n|\n|upkeep\n|turn|11\n|\n|t:|1775979818\n|move|p2b: Kingambit|Sucker Punch|p1b: Rotom\n|-damage|p1b: Rotom|8/100\n|move|p1a: Sneasler|Close Combat|p2b: Kingambit\n|-supereffective|p2b: Kingambit|2\n|-damage|p2b: Kingambit|0 fnt\n|-unboost|p1a: Sneasler|def|1\n|-unboost|p1a: Sneasler|spd|1\n|faint|p2b: Kingambit\n|\n|win|GridVGC\n|raw|GridVGC's rating: 1143 &rarr; <strong>1167</strong><br />(+24 for winning)\n|raw|MaxsimusTheBest's rating: 1133 &rarr; <strong>1109</strong><br />(-24 for losing)\n",
  "uploadtime": 1775979820,
  "views": 12,
  "formatid": "gen9championsvgc2026regma",
  "rating": 1109,
  "private": 0,
  "password": null
}