{
  "id": "gen9championsvgc2026regma-2588807654",
  "format": "[Gen 9 Champions] VGC 2026 Reg M-A",
  "players": [
    "hexmang333",
    "Macnum97"
  ],
  "log": "|j|\u2606hexmang333\n|j|\u2606Macnum97\n|t:|1776673338\n|gametype|doubles\n|player|p1|hexmang333|burglar|1047\n|player|p2|Macnum97|pryce|1087\n|gen|9\n|tier|[Gen 9 Champions] VGC 2026 Reg M-A\n|rated|\n|rule|Species Clause: Limit one of each Pok\u00e9mon\n|rule|Item Clause: Limit 1 of each item\n|clearpoke\n|poke|p1|Charizard, L50, M, shiny|\n|poke|p1|Manectric, L50, M, shiny|\n|poke|p1|Sneasler, L50, M|\n|poke|p1|Alakazam, L50, M|\n|poke|p1|Blastoise, L50, M|\n|poke|p1|Sinistcha, L50|\n|poke|p2|Talonflame, L50, F|\n|poke|p2|Garchomp, L50, M|\n|poke|p2|Rotom-Wash, L50|\n|poke|p2|Pelipper, L50, F|\n|poke|p2|Starmie, L50|\n|poke|p2|Sneasler, L50, M|\n|teampreview|4\n|inactive|Battle timer is ON: inactive players will automatically lose when time's up. (requested by Macnum97)\n|inactive|hexmang333 has 60 seconds left.\n|\n|t:|1776673369\n|teamsize|p1|4\n|teamsize|p2|4\n|start\n|switch|p1a: Charizard|Charizard, L50, M, shiny|100/100\n|switch|p1b: Sneasler|Sneasler, L50, M|100/100\n|switch|p2a: Naranja|Garchomp, L50, M|100/100\n|switch|p2b: Mega pls|Talonflame, L50, F|100/100\n|turn|1\n|\n|t:|1776673393\n|move|p2b: Mega pls|Protect|p2b: Mega pls\n|-singleturn|p2b: Mega pls|Protect\n|move|p2a: Naranja|Protect|p2a: Naranja\n|-singleturn|p2a: Naranja|Protect\n|move|p1a: Charizard|Protect|p1a: Charizard\n|-singleturn|p1a: Charizard|Protect\n|move|p1b: Sneasler|Coaching|p1a: Charizard\n|-boost|p1a: Charizard|atk|1\n|-boost|p1a: Charizard|def|1\n|\n|upkeep\n|turn|2\n|c|\u2606Macnum97|Glhf\n|inactive|hexmang333 has 30 seconds left.\n|\n|t:|1776673421\n|detailschange|p1a: Charizard|Charizard-Mega-X, L50, M, shiny\n|-mega|p1a: Charizard|Charizard|Charizardite X\n|move|p2b: Mega pls|Tailwind|p2b: Mega pls\n|-sidestart|p2: Macnum97|move: Tailwind\n|move|p2a: Naranja|Rock Slide|p1b: Sneasler|[spread] p1a,p1b\n|-supereffective|p1a: Charizard|1\n|-resisted|p1b: Sneasler|1\n|-damage|p1a: Charizard|72/100\n|-damage|p1b: Sneasler|82/100\n|move|p1b: Sneasler|Coaching|p1a: Charizard\n|-boost|p1a: Charizard|atk|1\n|-boost|p1a: Charizard|def|1\n|move|p1a: Charizard|Dragon Claw|p2a: Naranja\n|-supereffective|p2a: Naranja|1\n|-damage|p2a: Naranja|0 fnt\n|-damage|p1a: Charizard|59/100|[from] ability: Rough Skin|[of] p2a: Naranja\n|faint|p2a: Naranja\n|\n|upkeep\n|\n|t:|1776673429\n|switch|p2a: Ferguson|Sneasler, L50, M|100/100\n|turn|3\n|\n|t:|1776673439\n|switch|p1b: Sinistcha|Sinistcha, L50|100/100\n|-heal|p1a: Charizard|84/100|[from] ability: Hospitality|[of] p1b: Sinistcha\n|move|p1a: Charizard|Protect|p1a: Charizard\n|-singleturn|p1a: Charizard|Protect\n|move|p2a: Ferguson|Fake Out|p1a: Charizard\n|-activate|p1a: Charizard|move: Protect\n|move|p2b: Mega pls|Hurricane|p1b: Sinistcha\n|-supereffective|p1b: Sinistcha|1\n|-damage|p1b: Sinistcha|3/100\n|-start|p1b: Sinistcha|confusion\n|-enditem|p1b: Sinistcha|Sitrus Berry|[eat]\n|-heal|p1b: Sinistcha|28/100|[from] item: Sitrus Berry\n|\n|upkeep\n|turn|4\n|\n|t:|1776673462\n|switch|p1b: Blastoise|Blastoise, L50, M|100/100\n|move|p2b: Mega pls|Protect|p2b: Mega pls\n|-singleturn|p2b: Mega pls|Protect\n|move|p2a: Ferguson|Night Slash|p1b: Blastoise\n|-damage|p1b: Blastoise|79/100\n|move|p1a: Charizard|Thunder Punch|p2b: Mega pls\n|-activate|p2b: Mega pls|move: Protect\n|\n|-heal|p1b: Blastoise|85/100|[from] item: Leftovers\n|upkeep\n|turn|5\n|\n|t:|1776673482\n|move|p1b: Blastoise|Fake Out|p2a: Ferguson\n|-damage|p2a: Ferguson|88/100\n|move|p2b: Mega pls|Hurricane|p1a: Charizard\n|-damage|p1a: Charizard|34/100\n|cant|p2a: Ferguson|flinch\n|move|p1a: Charizard|Thunder Punch|p2b: Mega pls\n|-supereffective|p2b: Mega pls|1\n|-enditem|p2b: Mega pls|Focus Sash\n|-damage|p2b: Mega pls|1/100\n|\n|-heal|p1b: Blastoise|91/100|[from] item: Leftovers\n|-sideend|p2: Macnum97|move: Tailwind\n|upkeep\n|turn|6\n|\n|t:|1776673497\n|move|p1a: Charizard|Protect|p1a: Charizard\n|-singleturn|p1a: Charizard|Protect\n|move|p2b: Mega pls|Tailwind|p2b: Mega pls\n|-sidestart|p2: Macnum97|move: Tailwind\n|move|p2a: Ferguson|Close Combat|p1a: Charizard\n|-activate|p1a: Charizard|move: Protect\n|move|p1b: Blastoise|Muddy Water|p2a: Ferguson|[spread] p2a,p2b\n|-supereffective|p2b: Mega pls|1\n|-damage|p2a: Ferguson|66/100\n|-damage|p2b: Mega pls|0 fnt\n|-unboost|p2a: Ferguson|accuracy|1\n|faint|p2b: Mega pls\n|-enditem|p2a: Ferguson|White Herb\n|-clearnegativeboost|p2a: Ferguson|[silent]\n|\n|-heal|p1b: Blastoise|97/100|[from] item: Leftovers\n|upkeep\n|\n|t:|1776673500\n|switch|p2b: Antonia|Rotom-Wash, L50|100/100\n|turn|7\n|\n|t:|1776673518\n|switch|p1b: Sinistcha|Sinistcha, L50|28/100\n|-heal|p1a: Charizard|59/100|[from] ability: Hospitality|[of] p1b: Sinistcha\n|move|p2a: Ferguson|Close Combat|p1a: Charizard\n|-damage|p1a: Charizard|28/100\n|-unboost|p2a: Ferguson|def|1\n|-unboost|p2a: Ferguson|spd|1\n|move|p2b: Antonia|Electroweb|p1a: Charizard|[spread] p1a,p1b\n|-resisted|p1a: Charizard|1\n|-resisted|p1b: Sinistcha|1\n|-damage|p1a: Charizard|19/100\n|-damage|p1b: Sinistcha|19/100\n|-unboost|p1a: Charizard|spe|1\n|-unboost|p1b: Sinistcha|spe|1\n|move|p1a: Charizard|Dragon Claw|p2b: Antonia\n|-damage|p2b: Antonia|0 fnt\n|faint|p2b: Antonia\n|\n|upkeep\n|turn|8\n|\n|t:|1776673538\n|move|p1a: Charizard|Protect|p1a: Charizard\n|-singleturn|p1a: Charizard|Protect\n|move|p2a: Ferguson|Night Slash|p1a: Charizard\n|-activate|p1a: Charizard|move: Protect\n|move|p1b: Sinistcha|Strength Sap|p2a: Ferguson\n|-unboost|p2a: Ferguson|atk|1\n|-heal|p1b: Sinistcha|100/100\n|\n|upkeep\n|turn|9\n|\n|t:|1776673558\n|move|p2a: Ferguson|Night Slash|p1a: Charizard\n|-damage|p1a: Charizard|10/100\n|move|p1a: Charizard|Dragon Claw|p2a: Ferguson\n|-damage|p2a: Ferguson|0 fnt\n|faint|p2a: Ferguson\n|\n|win|hexmang333\n|raw|hexmang333's rating: 1047 &rarr; <strong>1084</strong><br />(+37 for winning)\n|raw|Macnum97's rating: 1087 &rarr; <strong>1061</strong><br />(-26 for losing)\n|l|\u2606Macnum97\n|player|p2|\n",
  "uploadtime": 1776673566,
  "views": 9,
  "formatid": "gen9championsvgc2026regma",
  "rating": 1061,
  "private": 0,
  "password": null
}