{
  "id": "gen9championsvgc2026regma-2588854043",
  "format": "[Gen 9 Champions] VGC 2026 Reg M-A",
  "players": [
    "Millercs",
    "managlue"
  ],
  "log": "|j|\u2606Millercs\n|j|\u2606managlue\n|t:|1776678832\n|gametype|doubles\n|player|p1|Millercs|2|1249\n|player|p2|managlue|blue|1219\n|gen|9\n|tier|[Gen 9 Champions] VGC 2026 Reg M-A\n|rated|\n|rule|Species Clause: Limit one of each Pok\u00e9mon\n|rule|Item Clause: Limit 1 of each item\n|clearpoke\n|poke|p1|Gengar, L50, F|\n|poke|p1|Sableye, L50, M|\n|poke|p1|Archaludon, L50, M|\n|poke|p1|Politoed, L50, F|\n|poke|p1|Farigiraf, L50, M|\n|poke|p1|Aggron, L50, M|\n|poke|p2|Charizard, L50, M, shiny|\n|poke|p2|Torkoal, L50, M|\n|poke|p2|Garchomp, L50, F|\n|poke|p2|Whimsicott, L50, M|\n|poke|p2|Venusaur, L50, F|\n|poke|p2|Farigiraf, L50, M, shiny|\n|teampreview|4\n|inactive|Battle timer is ON: inactive players will automatically lose when time's up. (requested by managlue)\n|inactive|managlue has 60 seconds left.\n|\n|t:|1776678865\n|teamsize|p1|4\n|teamsize|p2|4\n|start\n|switch|p1a: Sableye|Sableye, L50, M|100/100\n|switch|p1b: Gengar|Gengar, L50, F|100/100\n|switch|p2a: Croc|Garchomp, L50, F|100/100\n|switch|p2b: Girarmstong|Farigiraf, L50, M, shiny|100/100\n|turn|1\n|\n|t:|1776678886\n|detailschange|p1b: Gengar|Gengar-Mega, L50, F\n|-mega|p1b: Gengar|Gengar|Gengarite\n|move|p1a: Sableye|Reflect|p1a: Sableye\n|-sidestart|p1: Millercs|Reflect\n|move|p1b: Gengar|Perish Song|p1b: Gengar\n|-start|p1a: Sableye|perish3|[silent]\n|-start|p1b: Gengar|perish3|[silent]\n|-start|p2a: Croc|perish3|[silent]\n|-start|p2b: Girarmstong|perish3|[silent]\n|-fieldactivate|move: Perish Song\n|move|p2a: Croc|Earthquake|p1a: Sableye|[spread] p2b,p1a,p1b\n|-supereffective|p1b: Gengar|1\n|-damage|p2b: Girarmstong|68/100\n|-damage|p1a: Sableye|67/100\n|-damage|p1b: Gengar|18/100\n|move|p2b: Girarmstong|Trick Room|p2b: Girarmstong\n|-fieldstart|move: Trick Room|[of] p2b: Girarmstong\n|\n|-start|p1a: Sableye|perish3\n|-start|p2b: Girarmstong|perish3\n|-start|p2a: Croc|perish3\n|-start|p1b: Gengar|perish3\n|upkeep\n|turn|2\n|inactive|Millercs has 30 seconds left.\n|inactive|managlue has 30 seconds left.\n|\n|t:|1776678918\n|move|p1b: Gengar|Protect|p1b: Gengar\n|-singleturn|p1b: Gengar|Protect\n|move|p1a: Sableye|Light Screen|p1a: Sableye\n|-sidestart|p1: Millercs|move: Light Screen\n|move|p2b: Girarmstong|Psychic|p1b: Gengar\n|-activate|p1b: Gengar|move: Protect\n|move|p2a: Croc|Dragon Claw|p1a: Sableye\n|-damage|p1a: Sableye|33/100\n|\n|-start|p1a: Sableye|perish2\n|-start|p2b: Girarmstong|perish2\n|-start|p2a: Croc|perish2\n|-start|p1b: Gengar|perish2\n|upkeep\n|turn|3\n|inactive|Millercs has 30 seconds left.\n|\n|t:|1776678948\n|switch|p1a: Politoed|Politoed, L50, F|100/100\n|-weather|RainDance|[from] ability: Drizzle|[of] p1a: Politoed\n|switch|p1b: Archaludon|Archaludon, L50, M|100/100\n|move|p2b: Girarmstong|Psychic|p1b: Archaludon\n|-resisted|p1b: Archaludon|1\n|-damage|p1b: Archaludon|84/100\n|-ability|p1b: Archaludon|Stamina|boost\n|-boost|p1b: Archaludon|def|1\n|move|p2a: Croc|Rock Slide|p1a: Politoed|[spread] p1a,p1b\n|-resisted|p1b: Archaludon|1\n|-damage|p1a: Politoed|87/100\n|-damage|p1b: Archaludon|79/100\n|-ability|p1b: Archaludon|Stamina|boost\n|-boost|p1b: Archaludon|def|1\n|\n|-weather|RainDance|[upkeep]\n|-heal|p1b: Archaludon|85/100|[from] item: Leftovers\n|-start|p2b: Girarmstong|perish1\n|-start|p2a: Croc|perish1\n|upkeep\n|turn|4\n|inactive|Millercs has 30 seconds left.\n|inactive|managlue has 30 seconds left.\n|\n|t:|1776678982\n|switch|p2b: Venusaur|Venusaur, L50, F|100/100\n|move|p1a: Politoed|Icy Wind|p2a: Croc|[spread] p2a,p2b\n|-supereffective|p2a: Croc|2\n|-supereffective|p2b: Venusaur|1\n|-damage|p2a: Croc|55/100\n|-damage|p2b: Venusaur|80/100\n|-unboost|p2a: Croc|spe|1\n|-unboost|p2b: Venusaur|spe|1\n|move|p2a: Croc|Earthquake|p1b: Archaludon|[spread] p2b,p1a,p1b\n|-supereffective|p1b: Archaludon|1\n|-damage|p2b: Venusaur|27/100\n|-damage|p1a: Politoed|59/100\n|-damage|p1b: Archaludon|64/100\n|-ability|p1b: Archaludon|Stamina|boost\n|-boost|p1b: Archaludon|def|1\n|move|p1b: Archaludon|Electro Shot||[still]\n|-prepare|p1b: Archaludon|Electro Shot\n|-boost|p1b: Archaludon|spa|1\n|-anim|p1b: Archaludon|Electro Shot|p2b: Venusaur\n|-resisted|p2b: Venusaur|1\n|-damage|p2b: Venusaur|0 fnt\n|faint|p2b: Venusaur\n|\n|-weather|RainDance|[upkeep]\n|-heal|p1b: Archaludon|70/100|[from] item: Leftovers\n|-start|p2a: Croc|perish0\n|faint|p2a: Croc\n|upkeep\n|inactive|managlue has 30 seconds left.\n|\n|t:|1776679011\n|switch|p2b: Girarmstong|Farigiraf, L50, M, shiny|68/100\n|switch|p2a: Torkoal|Torkoal, L50, M|100/100\n|-weather|SunnyDay|[from] ability: Drought|[of] p2a: Torkoal\n|turn|5\n|inactive|Millercs has 30 seconds left.\n|inactive|Millercs has 20 seconds left.\n|\n|t:|1776679050\n|switch|p1a: Sableye|Sableye, L50, M|33/100\n|move|p1b: Archaludon|Protect|p1b: Archaludon\n|-singleturn|p1b: Archaludon|Protect\n|move|p2a: Torkoal|Eruption|p1a: Sableye|[spread] p1a\n|-activate|p1b: Archaludon|move: Protect\n|-damage|p1a: Sableye|0 fnt\n|faint|p1a: Sableye\n|move|p2b: Girarmstong|Hyper Voice|p1b: Archaludon\n|-activate|p1b: Archaludon|move: Protect\n|\n|-weather|SunnyDay|[upkeep]\n|-heal|p1b: Archaludon|76/100|[from] item: Leftovers\n|-sideend|p1: Millercs|Reflect\n|-fieldend|move: Trick Room\n|upkeep\n|\n|t:|1776679066\n|switch|p1a: Politoed|Politoed, L50, F|59/100\n|-weather|RainDance|[from] ability: Drizzle|[of] p1a: Politoed\n|turn|6\n|\n|t:|1776679080\n|move|p2a: Torkoal|Protect|p2a: Torkoal\n|-singleturn|p2a: Torkoal|Protect\n|move|p1b: Archaludon|Electro Shot||[still]\n|-prepare|p1b: Archaludon|Electro Shot\n|-boost|p1b: Archaludon|spa|1\n|-anim|p1b: Archaludon|Electro Shot|p2b: Girarmstong\n|-damage|p2b: Girarmstong|0 fnt\n|faint|p2b: Girarmstong\n|move|p1a: Politoed|Muddy Water|p2a: Torkoal\n|-activate|p2a: Torkoal|move: Protect\n|\n|-weather|RainDance|[upkeep]\n|-heal|p1b: Archaludon|82/100|[from] item: Leftovers\n|-sideend|p1: Millercs|move: Light Screen\n|upkeep\n|turn|7\n|-message|managlue forfeited.\n|\n|win|Millercs\n|raw|Millercs's rating: 1249 &rarr; <strong>1272</strong><br />(+23 for winning)\n|raw|managlue's rating: 1219 &rarr; <strong>1196</strong><br />(-23 for losing)\n|l|\u2606managlue\n|player|p2|\n",
  "uploadtime": 1776679095,
  "views": 12,
  "formatid": "gen9championsvgc2026regma",
  "rating": 1196,
  "private": 0,
  "password": null
}