{
  "id": "gen9championsvgc2026regma-2586256869",
  "format": "[Gen 9 Champions] VGC 2026 Reg M-A",
  "players": [
    "Bilbobagginz",
    "EllAkuro"
  ],
  "log": "|j|\u2606Bilbobagginz\n|j|\u2606EllAkuro\n|t:|1776418126\n|gametype|doubles\n|player|p1|Bilbobagginz|lance|1432\n|player|p2|EllAkuro|265|1350\n|gen|9\n|tier|[Gen 9 Champions] VGC 2026 Reg M-A\n|rated|\n|rule|Species Clause: Limit one of each Pok\u00e9mon\n|rule|Item Clause: Limit 1 of each item\n|clearpoke\n|poke|p1|Oranguru, L50, M|\n|poke|p1|Aggron, L50, M|\n|poke|p1|Sneasler, L50, F|\n|poke|p1|Sinistcha-Masterpiece, L50|\n|poke|p1|Hydreigon, L50, F|\n|poke|p1|Torkoal, L50, M|\n|poke|p2|Clefable, L50, M|\n|poke|p2|Slowbro, L50, F|\n|poke|p2|Kangaskhan, L50, F|\n|poke|p2|Torterra, L50, F|\n|poke|p2|Rotom-Heat, L50|\n|poke|p2|Sneasler, L50, M|\n|teampreview|4\n|inactive|Battle timer is ON: inactive players will automatically lose when time's up. (requested by EllAkuro)\n|\n|t:|1776418150\n|teamsize|p1|4\n|teamsize|p2|4\n|start\n|switch|p1a: Oranguru|Oranguru, L50, M|100/100\n|switch|p1b: Sneasler|Sneasler, L50, F|100/100\n|switch|p2a: Rotom|Rotom-Heat, L50|100/100\n|switch|p2b: Slowbro|Slowbro, L50, F|100/100\n|turn|1\n|\n|t:|1776418160\n|detailschange|p2b: Slowbro|Slowbro-Mega, L50, F\n|-mega|p2b: Slowbro|Slowbro|Slowbronite\n|move|p2a: Rotom|Trick|p1a: Oranguru\n|-activate|p2a: Rotom|move: Trick|[of] p1a: Oranguru\n|-item|p1a: Oranguru|Choice Scarf|[from] move: Trick\n|-item|p2a: Rotom|Mental Herb|[from] move: Trick\n|move|p1b: Sneasler|Dire Claw|p2a: Rotom\n|-damage|p2a: Rotom|40/100\n|move|p2b: Slowbro|Calm Mind|p2b: Slowbro\n|-boost|p2b: Slowbro|spa|1\n|-boost|p2b: Slowbro|spd|1\n|move|p1a: Oranguru|Trick Room|p1a: Oranguru\n|-fieldstart|move: Trick Room|[of] p1a: Oranguru\n|\n|upkeep\n|turn|2\n|\n|t:|1776418182\n|switch|p1a: Torkoal|Torkoal, L50, M|100/100\n|-weather|SunnyDay|[from] ability: Drought|[of] p1a: Torkoal\n|move|p2b: Slowbro|Calm Mind|p2b: Slowbro\n|-boost|p2b: Slowbro|spa|1\n|-boost|p2b: Slowbro|spd|1\n|move|p2a: Rotom|Volt Switch|p1a: Torkoal\n|-damage|p1a: Torkoal|58/100\n|\n|t:|1776418191\n|switch|p2a: Sneasler|Sneasler, L50, M|100/100|[from] Volt Switch\n|move|p1b: Sneasler|Dire Claw|p2a: Sneasler\n|-resisted|p2a: Sneasler|1\n|-damage|p2a: Sneasler|64/100\n|\n|-weather|SunnyDay|[upkeep]\n|upkeep\n|turn|3\n|\n|t:|1776418204\n|move|p1a: Torkoal|Helping Hand|p1b: Sneasler\n|-singleturn|p1b: Sneasler|Helping Hand|[of] p1a: Torkoal\n|move|p2a: Sneasler|Fake Out|p1a: Torkoal\n|-damage|p1a: Torkoal|47/100\n|move|p2b: Slowbro|Stored Power|p1b: Sneasler\n|-supereffective|p1b: Sneasler|2\n|-damage|p1b: Sneasler|0 fnt\n|faint|p1b: Sneasler\n|\n|-weather|SunnyDay|[upkeep]\n|upkeep\n|\n|t:|1776418219\n|switch|p1b: Oranguru|Oranguru, L50, M|100/100\n|turn|4\n|\n|t:|1776418228\n|switch|p2a: Rotom|Rotom-Heat, L50|40/100\n|move|p1a: Torkoal|Weather Ball|p2a: Rotom\n|-resisted|p2a: Rotom|1\n|-damage|p2a: Rotom|0 fnt\n|faint|p2a: Rotom\n|move|p2b: Slowbro|Stored Power|p1a: Torkoal\n|-damage|p1a: Torkoal|0 fnt\n|faint|p1a: Torkoal\n|move|p1b: Oranguru|Light Screen|p1b: Oranguru\n|-sidestart|p1: Bilbobagginz|move: Light Screen\n|\n|-weather|SunnyDay|[upkeep]\n|upkeep\n|\n|t:|1776418242\n|switch|p1a: Aggron|Aggron, L50, M|100/100\n|switch|p2a: Clefable|Clefable, L50, M|100/100\n|turn|5\n|\n|t:|1776418253\n|detailschange|p1a: Aggron|Aggron-Mega, L50, M\n|-mega|p1a: Aggron|Aggron|Aggronite\n|move|p2a: Clefable|Protect|p2a: Clefable\n|-singleturn|p2a: Clefable|Protect\n|move|p2b: Slowbro|Scald|p1a: Aggron\n|-damage|p1a: Aggron|72/100\n|move|p1a: Aggron|Iron Defense|p1a: Aggron\n|-boost|p1a: Aggron|def|2\n|move|p1b: Oranguru|Light Screen||[still]\n|-fail|p1b: Oranguru\n|\n|-weather|SunnyDay|[upkeep]\n|-fieldend|move: Trick Room\n|upkeep\n|turn|6\n|\n|t:|1776418269\n|move|p2a: Clefable|Follow Me|p2a: Clefable\n|-singleturn|p2a: Clefable|move: Follow Me\n|move|p1b: Oranguru|Light Screen||[still]\n|-fail|p1b: Oranguru\n|move|p1a: Aggron|Body Press|p2a: Clefable\n|-resisted|p2a: Clefable|1\n|-damage|p2a: Clefable|79/100\n|move|p2b: Slowbro|Scald|p1a: Aggron\n|-damage|p1a: Aggron|42/100\n|-status|p1a: Aggron|brn\n|\n|-weather|none\n|-damage|p1a: Aggron|36/100 brn|[from] brn\n|upkeep\n|turn|7\n|\n|t:|1776418282\n|move|p2a: Clefable|Protect|p2a: Clefable\n|-singleturn|p2a: Clefable|Protect\n|move|p1b: Oranguru|Light Screen||[still]\n|-fail|p1b: Oranguru\n|move|p1a: Aggron|Heavy Slam|p2a: Clefable\n|-activate|p2a: Clefable|move: Protect\n|move|p2b: Slowbro|Scald|p1a: Aggron\n|-crit|p1a: Aggron\n|-damage|p1a: Aggron|0 fnt\n|faint|p1a: Aggron\n|\n|upkeep\n|turn|8\n|-message|Bilbobagginz forfeited.\n|\n|win|EllAkuro\n|raw|Bilbobagginz's rating: 1432 &rarr; <strong>1407</strong><br />(-25 for losing)\n|raw|EllAkuro's rating: 1350 &rarr; <strong>1375</strong><br />(+25 for winning)\n|l|\u2606Bilbobagginz\n|player|p1|\n",
  "uploadtime": 1776418291,
  "views": 41,
  "formatid": "gen9championsvgc2026regma",
  "rating": 1375,
  "private": 0,
  "password": null
}