{
  "id": "gen9championsvgc2026regma-2583247001",
  "format": "[Gen 9 Champions] VGC 2026 Reg M-A",
  "players": [
    "pokemonyoyoplayer",
    "Argosio59"
  ],
  "log": "|j|\u2606pokemonyoyoplayer\n|j|\u2606Argosio59\n|t:|1776159159\n|gametype|doubles\n|player|p1|pokemonyoyoplayer|170|1215\n|player|p2|Argosio59|169|1221\n|gen|9\n|tier|[Gen 9 Champions] VGC 2026 Reg M-A\n|rated|\n|rule|Species Clause: Limit one of each Pok\u00e9mon\n|rule|Item Clause: Limit 1 of each item\n|clearpoke\n|poke|p1|Sneasler, L50, F|\n|poke|p1|Kingambit, L50, M|\n|poke|p1|Aerodactyl, L50, M|\n|poke|p1|Gardevoir, L50, M|\n|poke|p1|Incineroar, L50, M|\n|poke|p1|Sinistcha, L50|\n|poke|p2|Altaria, L50, M|\n|poke|p2|Froslass, L50, F|\n|poke|p2|Milotic, L50, M|\n|poke|p2|Meowscarada, L50, M|\n|poke|p2|Incineroar, L50, M|\n|poke|p2|Garchomp, L50, M|\n|teampreview|4\n|inactive|Battle timer is ON: inactive players will automatically lose when time's up. (requested by Argosio59)\n|inactive|pokemonyoyoplayer has 60 seconds left.\n|inactive|pokemonyoyoplayer has 30 seconds left.\n|\n|t:|1776159261\n|teamsize|p1|4\n|teamsize|p2|4\n|start\n|switch|p1a: Sneasler|Sneasler, L50, F|100/100\n|switch|p1b: Aerodactyl|Aerodactyl, L50, M|100/100\n|switch|p2a: Milotic|Milotic, L50, M|100/100\n|switch|p2b: Garchomp|Garchomp, L50, M|100/100\n|-ability|p1b: Aerodactyl|Unnerve\n|turn|1\n|inactive|pokemonyoyoplayer has 30 seconds left.\n|inactive|pokemonyoyoplayer has 20 seconds left.\n|\n|t:|1776159299\n|move|p2b: Garchomp|Stomping Tantrum|p1a: Sneasler\n|-supereffective|p1a: Sneasler|1\n|-damage|p1a: Sneasler|0 fnt\n|faint|p1a: Sneasler\n|move|p1b: Aerodactyl|Rock Slide|p2a: Milotic|[spread] p2a\n|-miss|p1b: Aerodactyl|p2b: Garchomp\n|-damage|p2a: Milotic|79/100\n|move|p2a: Milotic|Muddy Water|p1b: Aerodactyl\n|-supereffective|p1b: Aerodactyl|1\n|-enditem|p1b: Aerodactyl|Focus Sash\n|-damage|p1b: Aerodactyl|1/100\n|-unboost|p1b: Aerodactyl|accuracy|1\n|\n|-heal|p2a: Milotic|85/100|[from] item: Leftovers\n|upkeep\n|\n|t:|1776159315\n|switch|p1a: Gardevoir|Gardevoir, L50, M|100/100\n|-ability|p1a: Gardevoir|Rough Skin|Trace|[from] ability: Trace|[of] p2b: Garchomp\n|turn|2\n|\n|t:|1776159332\n|switch|p2b: Meowscarada|Meowscarada, L50, M|100/100\n|detailschange|p1a: Gardevoir|Gardevoir-Mega, L50, M\n|-mega|p1a: Gardevoir|Gardevoir|Gardevoirite\n|move|p1a: Gardevoir|Protect|p1a: Gardevoir\n|-singleturn|p1a: Gardevoir|Protect\n|move|p1b: Aerodactyl|Tailwind|p1b: Aerodactyl\n|-sidestart|p1: pokemonyoyoplayer|move: Tailwind\n|move|p2a: Milotic|Muddy Water|p1b: Aerodactyl|[spread] p1b\n|-activate|p1a: Gardevoir|move: Protect\n|-supereffective|p1b: Aerodactyl|1\n|-damage|p1b: Aerodactyl|0 fnt\n|faint|p1b: Aerodactyl\n|\n|-heal|p2a: Milotic|91/100|[from] item: Leftovers\n|upkeep\n|\n|t:|1776159346\n|switch|p1b: Kingambit|Kingambit, L50, M|100/100\n|turn|3\n|\n|t:|1776159356\n|move|p2b: Meowscarada|Protect|p2b: Meowscarada\n|-start|p2b: Meowscarada|typechange|Normal|[from] ability: Protean\n|-singleturn|p2b: Meowscarada|Protect\n|move|p1a: Gardevoir|Hyper Voice|p2b: Meowscarada|[spread] p2a\n|-activate|p2b: Meowscarada|move: Protect\n|-damage|p2a: Milotic|50/100\n|move|p1b: Kingambit|Kowtow Cleave|p2a: Milotic\n|-damage|p2a: Milotic|0 fnt\n|faint|p2a: Milotic\n|\n|upkeep\n|\n|t:|1776159369\n|switch|p2a: Garchomp|Garchomp, L50, M|100/100\n|turn|4\n|inactive|Argosio59 has 30 seconds left.\n|inactive|Argosio59 has 20 seconds left.\n|\n|t:|1776159404\n|move|p1b: Kingambit|Sucker Punch|p2b: Meowscarada\n|-damage|p2b: Meowscarada|22/100\n|move|p1a: Gardevoir|Hyper Voice|p2a: Garchomp|[spread] p2a,p2b\n|-supereffective|p2a: Garchomp|1\n|-damage|p2a: Garchomp|0 fnt\n|-damage|p2b: Meowscarada|0 fnt\n|faint|p2a: Garchomp\n|faint|p2b: Meowscarada\n|\n|upkeep\n|\n|t:|1776159410\n|switch|p2b: Froslass|Froslass, L50, F|100/100\n|turn|5\n|-message|Argosio59 forfeited.\n|\n|win|pokemonyoyoplayer\n|raw|pokemonyoyoplayer's rating: 1215 &rarr; <strong>1240</strong><br />(+25 for winning)\n|raw|Argosio59's rating: 1221 &rarr; <strong>1196</strong><br />(-25 for losing)\n",
  "uploadtime": 1776159430,
  "views": 17,
  "formatid": "gen9championsvgc2026regma",
  "rating": 1196,
  "private": 0,
  "password": null
}