{
  "id": "gen9championsvgc2026regma-2588134208",
  "format": "[Gen 9 Champions] VGC 2026 Reg M-A",
  "players": [
    "Aizen94",
    "LUMK"
  ],
  "log": "|j|\u2606Aizen94\n|j|\u2606LUMK\n|t:|1776607840\n|gametype|doubles\n|player|p1|Aizen94|170|1040\n|player|p2|LUMK|preschooler|1064\n|gen|9\n|tier|[Gen 9 Champions] VGC 2026 Reg M-A\n|rated|\n|rule|Species Clause: Limit one of each Pok\u00e9mon\n|rule|Item Clause: Limit 1 of each item\n|clearpoke\n|poke|p1|Incineroar, L50, M|\n|poke|p1|Palafin, L50, F|\n|poke|p1|Pelipper, L50, M|\n|poke|p1|Archaludon, L50, F|\n|poke|p1|Floette-Eternal, L50, F|\n|poke|p1|Klefki, L50, F|\n|poke|p2|Meganium, L50, F|\n|poke|p2|Aerodactyl, L50, M|\n|poke|p2|Farigiraf, L50, M|\n|poke|p2|Dragonite, L50, M|\n|poke|p2|Aegislash, L50, M|\n|poke|p2|Basculegion, L50, M|\n|teampreview|4\nLUMK rejected open team sheets.\n|inactive|Battle timer is ON: inactive players will automatically lose when time's up. (requested by LUMK)\n|inactive|LUMK has 60 seconds left.\n|\n|t:|1776607905\n|teamsize|p1|4\n|teamsize|p2|4\n|start\n|switch|p1a: Archaludon|Archaludon, L50, F|100/100\n|switch|p1b: Pelipper|Pelipper, L50, M|100/100\n|switch|p2a: Farigiraf|Farigiraf, L50, M|100/100\n|switch|p2b: Dragonite|Dragonite, L50, M|100/100\n|-weather|RainDance|[from] ability: Drizzle|[of] p1b: Pelipper\n|turn|1\n|\n|t:|1776607919\n|move|p1a: Archaludon|Protect|p1a: Archaludon\n|-singleturn|p1a: Archaludon|Protect\n|move|p2b: Dragonite|Dragon Claw|p1a: Archaludon\n|-activate|p1a: Archaludon|move: Protect\n|move|p1b: Pelipper|Tailwind|p1b: Pelipper\n|-sidestart|p1: Aizen94|move: Tailwind\n|move|p2a: Farigiraf|Trick Room|p2a: Farigiraf\n|-fieldstart|move: Trick Room|[of] p2a: Farigiraf\n|\n|-weather|RainDance|[upkeep]\n|upkeep\n|turn|2\n|\n|t:|1776607937\n|switch|p1a: Floette|Floette-Eternal, L50, F|100/100\n|move|p2a: Farigiraf|Curse|p2a: Farigiraf\n|-unboost|p2a: Farigiraf|spe|1\n|-boost|p2a: Farigiraf|atk|1\n|-boost|p2a: Farigiraf|def|1\n|move|p2b: Dragonite|Dragon Claw|p1b: Pelipper\n|-damage|p1b: Pelipper|41/100\n|move|p1b: Pelipper|Hurricane|p2b: Dragonite\n|-damage|p2b: Dragonite|77/100\n|\n|-weather|RainDance|[upkeep]\n|upkeep\n|turn|3\n|\n|t:|1776607955\n|switch|p1b: Incineroar|Incineroar, L50, M|100/100\n|-ability|p1b: Incineroar|Intimidate|boost\n|-unboost|p2a: Farigiraf|atk|1\n|-unboost|p2b: Dragonite|atk|1\n|detailschange|p1a: Floette|Floette-Mega, L50, F\n|-mega|p1a: Floette|Floette|Floettite\n|-ability|p1a: Floette|Fairy Aura\n|move|p2a: Farigiraf|Curse|p2a: Farigiraf\n|-unboost|p2a: Farigiraf|spe|1\n|-boost|p2a: Farigiraf|atk|1\n|-boost|p2a: Farigiraf|def|1\n|move|p2b: Dragonite|Dragon Claw|p1b: Incineroar\n|-damage|p1b: Incineroar|75/100\n|move|p1a: Floette|Dazzling Gleam|p2a: Farigiraf|[spread] p2a,p2b\n|-supereffective|p2b: Dragonite|1\n|-damage|p2a: Farigiraf|45/100\n|-damage|p2b: Dragonite|0 fnt\n|faint|p2b: Dragonite\n|\n|-weather|RainDance|[upkeep]\n|upkeep\n|\n|t:|1776607959\n|switch|p2b: Aegislash|Aegislash, L50, M|100/100\n|turn|4\n|\n|t:|1776607979\n|move|p1a: Floette|Protect|p1a: Floette\n|-singleturn|p1a: Floette|Protect\n|move|p2a: Farigiraf|Body Slam|p1a: Floette\n|-activate|p1a: Floette|move: Protect\n|-formechange|p2b: Aegislash|Aegislash-Blade|\n|move|p2b: Aegislash|Iron Head|p1a: Floette\n|-activate|p1a: Floette|move: Protect\n|move|p1b: Incineroar|Darkest Lariat|p2a: Farigiraf\n|-supereffective|p2a: Farigiraf|1\n|-damage|p2a: Farigiraf|0 fnt\n|faint|p2a: Farigiraf\n|\n|-weather|RainDance|[upkeep]\n|-sideend|p1: Aizen94|move: Tailwind\n|upkeep\n|\n|t:|1776607982\n|switch|p2a: Meganium|Meganium, L50, F|100/100\n|turn|5\n|\n|t:|1776608001\n|switch|p1a: Archaludon|Archaludon, L50, F|100/100\n|detailschange|p2a: Meganium|Meganium-Mega, L50, F\n|-mega|p2a: Meganium|Meganium|Meganiumite\n|move|p1b: Incineroar|Parting Shot|p2a: Meganium\n|-unboost|p2a: Meganium|atk|1\n|-unboost|p2a: Meganium|spa|1\n|\n|t:|1776608010\n|switch|p1b: Floette|Floette-Mega, L50, F|100/100|[from] Parting Shot\n|-ability|p1b: Floette|Fairy Aura\n|move|p2b: Aegislash|Iron Head|p1a: Archaludon\n|-resisted|p1a: Archaludon|1\n|-damage|p1a: Archaludon|86/100\n|-ability|p1a: Archaludon|Stamina|boost\n|-boost|p1a: Archaludon|def|1\n|move|p2a: Meganium|Charm|p1b: Floette\n|-unboost|p1b: Floette|atk|2\n|\n|-weather|none\n|-heal|p1a: Archaludon|92/100|[from] item: Leftovers\n|-fieldend|move: Trick Room\n|upkeep\n|turn|6\n|\n|t:|1776608028\n|switch|p1b: Pelipper|Pelipper, L50, M|41/100\n|-weather|RainDance|[from] ability: Drizzle|[of] p1b: Pelipper\n|move|p2b: Aegislash|Wide Guard|p2b: Aegislash\n|-singleturn|p2b: Aegislash|Wide Guard\n|move|p1a: Archaludon|Electro Shot||[still]\n|-prepare|p1a: Archaludon|Electro Shot\n|-boost|p1a: Archaludon|spa|1\n|-anim|p1a: Archaludon|Electro Shot|p2b: Aegislash\n|-enditem|p2b: Aegislash|Focus Sash\n|-damage|p2b: Aegislash|1/100\n|move|p2a: Meganium|Weather Ball|p1a: Archaludon\n|-damage|p1a: Archaludon|45/100\n|-ability|p1a: Archaludon|Stamina|boost\n|-boost|p1a: Archaludon|def|1\n|\n|-weather|RainDance|[upkeep]\n|-heal|p1a: Archaludon|51/100|[from] item: Leftovers\n|upkeep\n|turn|7\n|\n|t:|1776608050\n|-formechange|p2b: Aegislash|Aegislash|\n|move|p2b: Aegislash|King's Shield|p2b: Aegislash\n|-singleturn|p2b: Aegislash|Protect\n|move|p1b: Pelipper|Weather Ball|p2b: Aegislash\n|-activate|p2b: Aegislash|move: Protect\n|move|p1a: Archaludon|Flash Cannon|p2a: Meganium\n|-supereffective|p2a: Meganium|1\n|-damage|p2a: Meganium|0 fnt\n|faint|p2a: Meganium\n|\n|-weather|RainDance|[upkeep]\n|-heal|p1a: Archaludon|57/100|[from] item: Leftovers\n|upkeep\n|turn|8\n|-message|LUMK forfeited.\n|\n|win|Aizen94\n|raw|Aizen94's rating: 1040 &rarr; <strong>1076</strong><br />(+36 for winning)\n|raw|LUMK's rating: 1064 &rarr; <strong>1043</strong><br />(-21 for losing)\n|l|\u2606LUMK\n|player|p2|\n",
  "uploadtime": 1776608075,
  "views": 20,
  "formatid": "gen9championsvgc2026regma",
  "rating": 1043,
  "private": 0,
  "password": null
}