{
  "id": "gen9championsvgc2026regma-2582897426",
  "format": "[Gen 9 Champions] VGC 2026 Reg M-A",
  "players": [
    "Zombologist219",
    "InfiniteKG~"
  ],
  "log": "|j|\u2606Zombologist219\n|j|\u2606InfiniteKG~\n|t:|1776123048\n|gametype|doubles\n|player|p1|Zombologist219|102|1353\n|player|p2|InfiniteKG~|cynthia|1303\n|gen|9\n|tier|[Gen 9 Champions] VGC 2026 Reg M-A\n|rated|\n|rule|Species Clause: Limit one of each Pok\u00e9mon\n|rule|Item Clause: Limit 1 of each item\n|clearpoke\n|poke|p1|Milotic, L50, M|\n|poke|p1|Feraligatr, L50, F|\n|poke|p1|Sylveon, L50, F|\n|poke|p1|Incineroar, L50, F|\n|poke|p1|Farigiraf, L50, F|\n|poke|p1|Snorlax, L50, M|\n|poke|p2|Farigiraf, L50, F|\n|poke|p2|Primarina, L50, F|\n|poke|p2|Kingambit, L50, M|\n|poke|p2|Drampa, L50, M|\n|poke|p2|Whimsicott, L50, F|\n|poke|p2|Arcanine-Hisui, L50, M|\n|teampreview|4\n|inactive|Battle timer is ON: inactive players will automatically lose when time's up. (requested by Zombologist219)\n|j| XungLao\n|inactive|Zombologist219 has 60 seconds left.\n|\n|t:|1776123089\n|teamsize|p1|4\n|teamsize|p2|4\n|start\n|switch|p1a: Feraligatr|Feraligatr, L50, F|100/100\n|switch|p1b: Sylveon|Sylveon, L50, F|100/100\n|switch|p2a: Farigiraf|Farigiraf, L50, F|100/100\n|switch|p2b: Primarina|Primarina, L50, F|100/100\n|turn|1\n|\n|t:|1776123107\n|switch|p1a: Snorlax|Snorlax, L50, M|100/100\n|move|p2b: Primarina|Calm Mind|p2b: Primarina\n|-boost|p2b: Primarina|spa|1\n|-boost|p2b: Primarina|spd|1\n|move|p1b: Sylveon|Calm Mind|p1b: Sylveon\n|-boost|p1b: Sylveon|spa|1\n|-boost|p1b: Sylveon|spd|1\n|move|p2a: Farigiraf|Trick Room|p2a: Farigiraf\n|-fieldstart|move: Trick Room|[of] p2a: Farigiraf\n|\n|upkeep\n|turn|2\n|\n|t:|1776123124\n|switch|p2a: Kingambit|Kingambit, L50, M|100/100\n|move|p1a: Snorlax|Curse|p1a: Snorlax\n|-unboost|p1a: Snorlax|spe|1\n|-boost|p1a: Snorlax|atk|1\n|-boost|p1a: Snorlax|def|1\n|move|p1b: Sylveon|Calm Mind|p1b: Sylveon\n|-boost|p1b: Sylveon|spa|1\n|-boost|p1b: Sylveon|spd|1\n|move|p2b: Primarina|Hyper Voice|p1a: Snorlax|[spread] p1a,p1b\n|-damage|p1a: Snorlax|61/100\n|-damage|p1b: Sylveon|80/100\n|\n|-heal|p1a: Snorlax|67/100|[from] item: Leftovers\n|upkeep\n|turn|3\n|\n|t:|1776123148\n|move|p1a: Snorlax|Body Slam|p2a: Kingambit\n|-resisted|p2a: Kingambit|1\n|-damage|p2a: Kingambit|76/100\n|move|p1b: Sylveon|Hyper Voice|p2b: Primarina|[spread] p2a,p2b\n|-damage|p2a: Kingambit|0 fnt\n|-damage|p2b: Primarina|50/100\n|faint|p2a: Kingambit\n|-end|p2a: Kingambit|fallenundefined|[silent]\n|move|p2b: Primarina|Hyper Voice|p1a: Snorlax|[spread] p1a,p1b\n|-damage|p1a: Snorlax|26/100\n|-damage|p1b: Sylveon|59/100\n|\n|-heal|p1a: Snorlax|32/100|[from] item: Leftovers\n|-heal|p2b: Primarina|56/100|[from] item: Leftovers\n|upkeep\n|\n|t:|1776123167\n|switch|p2a: Farigiraf|Farigiraf, L50, F|100/100\n|turn|4\n|\n|t:|1776123178\n|move|p2b: Primarina|Protect|p2b: Primarina\n|-singleturn|p2b: Primarina|Protect\n|move|p1a: Snorlax|Body Slam|p2b: Primarina\n|-activate|p2b: Primarina|move: Protect\n|move|p1b: Sylveon|Calm Mind|p1b: Sylveon\n|-boost|p1b: Sylveon|spa|1\n|-boost|p1b: Sylveon|spd|1\n|move|p2a: Farigiraf|Trick Room|p2a: Farigiraf\n|-fieldend|move: Trick Room\n|\n|-heal|p2b: Primarina|62/100|[from] item: Leftovers\n|-heal|p1a: Snorlax|38/100|[from] item: Leftovers\n|upkeep\n|turn|5\n|\n|t:|1776123198\n|move|p2a: Farigiraf|Hyper Voice|p1b: Sylveon|[spread] p1a,p1b\n|-damage|p1a: Snorlax|16/100\n|-damage|p1b: Sylveon|50/100\n|move|p2b: Primarina|Hyper Voice|p1b: Sylveon|[spread] p1a,p1b\n|-damage|p1a: Snorlax|0 fnt\n|-damage|p1b: Sylveon|32/100\n|faint|p1a: Snorlax\n|move|p1b: Sylveon|Hyper Voice|p2a: Farigiraf|[spread] p2a,p2b\n|-damage|p2a: Farigiraf|7/100\n|-damage|p2b: Primarina|0 fnt\n|-enditem|p2a: Farigiraf|Sitrus Berry|[eat]\n|-heal|p2a: Farigiraf|32/100|[from] item: Sitrus Berry\n|faint|p2b: Primarina\n|\n|upkeep\n|\n|t:|1776123212\n|switch|p2b: Drampa|Drampa, L50, M|100/100\n|switch|p1a: Feraligatr|Feraligatr, L50, F|100/100\n|-ability|p2b: Drampa|Cloud Nine\n|turn|6\n|inactive|InfiniteKG~ has 30 seconds left.\n|\n|t:|1776123240\n|detailschange|p1a: Feraligatr|Feraligatr-Mega, L50, F\n|-mega|p1a: Feraligatr|Feraligatr|Feraligite\n|detailschange|p2b: Drampa|Drampa-Mega, L50, M\n|-mega|p2b: Drampa|Drampa|Drampanite\n|move|p1a: Feraligatr|Double-Edge|p2a: Farigiraf\n|-damage|p2a: Farigiraf|0 fnt\n|faint|p2a: Farigiraf\n|-damage|p1a: Feraligatr|89/100|[from] Recoil\n|move|p1b: Sylveon|Hyper Voice|p2b: Drampa\n|-supereffective|p2b: Drampa|1\n|-damage|p2b: Drampa|0 fnt\n|faint|p2b: Drampa\n|\n|win|Zombologist219\n|raw|Zombologist219's rating: 1353 &rarr; <strong>1370</strong><br />(+17 for winning)\n|raw|InfiniteKG~'s rating: 1303 &rarr; <strong>1286</strong><br />(-17 for losing)\n|l|\u2606InfiniteKG~\n|player|p2|\n|l|\u2606Zombologist219\n|player|p1|\n|l| XungLao\n",
  "uploadtime": 1776123278,
  "views": 22,
  "formatid": "gen9championsvgc2026regma",
  "rating": 1286,
  "private": 0,
  "password": null
}