{
  "id": "gen9championsvgc2026regma-2586952983",
  "format": "[Gen 9 Champions] VGC 2026 Reg M-A",
  "players": [
    "bio2.0",
    "Wo-Chien<3"
  ],
  "log": "|j|\u2606bio2.0\n|j|\u2606Wo-Chien<3\n|t:|1776475100\n|gametype|doubles\n|player|p1|bio2.0|170|1296\n|player|p2|Wo-Chien<3|miku-ground|1346\n|gen|9\n|tier|[Gen 9 Champions] VGC 2026 Reg M-A\n|rated|\n|rule|Species Clause: Limit one of each Pok\u00e9mon\n|rule|Item Clause: Limit 1 of each item\n|clearpoke\n|poke|p1|Greninja-*, L50, M|\n|poke|p1|Talonflame, L50, F|\n|poke|p1|Pelipper, L50, M|\n|poke|p1|Kingambit, L50, F|\n|poke|p1|Tauros-Paldea-Aqua, L50, M|\n|poke|p1|Archaludon, L50, M|\n|poke|p2|Froslass, L50, F|\n|poke|p2|Rotom-Frost, L50|\n|poke|p2|Sneasler, L50, M|\n|poke|p2|Kingambit, L50, M|\n|poke|p2|Garchomp, L50, M|\n|poke|p2|Aerodactyl, L50, F|\n|teampreview|4\n|inactive|Battle timer is ON: inactive players will automatically lose when time's up. (requested by bio2.0)\n|\n|t:|1776475138\n|teamsize|p1|4\n|teamsize|p2|4\n|start\n|switch|p1a: Talonflame|Talonflame, L50, F|100/100\n|switch|p1b: Archaludon|Archaludon, L50, M|100/100\n|switch|p2a: Rotom|Rotom-Frost, L50|100/100\n|switch|p2b: Froslass|Froslass, L50, F|100/100\n|turn|1\n|\n|t:|1776475156\n|detailschange|p2b: Froslass|Froslass-Mega, L50, F\n|-mega|p2b: Froslass|Froslass|Froslassite\n|-weather|Snowscape|[from] ability: Snow Warning|[of] p2b: Froslass\n|move|p1a: Talonflame|Tailwind|p1a: Talonflame\n|-sidestart|p1: bio2.0|move: Tailwind\n|move|p1b: Archaludon|Flash Cannon|p2a: Rotom\n|-damage|p2a: Rotom|36/100\n|move|p2a: Rotom|Electroweb|p1a: Talonflame|[spread] p1a,p1b\n|-supereffective|p1a: Talonflame|1\n|-resisted|p1b: Archaludon|1\n|-damage|p1a: Talonflame|41/100\n|-damage|p1b: Archaludon|88/100\n|-unboost|p1a: Talonflame|spe|1\n|-unboost|p1b: Archaludon|spe|1\n|-enditem|p1b: Archaludon|White Herb\n|-clearnegativeboost|p1b: Archaludon|[silent]\n|move|p2b: Froslass|Blizzard|p1b: Archaludon|[spread] p1a,p1b\n|-damage|p1a: Talonflame|0 fnt\n|-damage|p1b: Archaludon|25/100\n|faint|p1a: Talonflame\n|\n|-weather|Snowscape|[upkeep]\n|upkeep\n|\n|t:|1776475164\n|switch|p1a: Pelipper|Pelipper, L50, M|100/100\n|-weather|RainDance|[from] ability: Drizzle|[of] p1a: Pelipper\n|turn|2\n|inactive|bio2.0 has 30 seconds left.\n|\n|t:|1776475195\n|switch|p2b: Garchomp|Garchomp, L50, M|100/100\n|move|p1a: Pelipper|Hurricane|p2b: Garchomp\n|-damage|p2b: Garchomp|57/100\n|move|p1b: Archaludon|Electro Shot||[still]\n|-prepare|p1b: Archaludon|Electro Shot\n|-boost|p1b: Archaludon|spa|1\n|-anim|p1b: Archaludon|Electro Shot|p2a: Rotom\n|-resisted|p2a: Rotom|1\n|-damage|p2a: Rotom|0 fnt\n|faint|p2a: Rotom\n|\n|-weather|RainDance|[upkeep]\n|upkeep\n|\n|t:|1776475210\n|switch|p2a: Froslass|Froslass-Mega, L50, F|100/100\n|-weather|Snowscape|[from] ability: Snow Warning|[of] p2a: Froslass\n|turn|3\n|inactive|Wo-Chien<3 has 30 seconds left.\n|\n|t:|1776475240\n|switch|p1a: Greninja|Greninja, L50, M|100/100\n|switch|p2b: Sneasler|Sneasler, L50, M|100/100\n|move|p2a: Froslass|Protect|p2a: Froslass\n|-singleturn|p2a: Froslass|Protect\n|move|p1b: Archaludon|Draco Meteor|p2b: Sneasler\n|-damage|p2b: Sneasler|0 fnt\n|-unboost|p1b: Archaludon|spa|2\n|faint|p2b: Sneasler\n|\n|-weather|Snowscape|[upkeep]\n|upkeep\n|\n|t:|1776475248\n|switch|p2b: Garchomp|Garchomp, L50, M|57/100\n|turn|4\n|\n|t:|1776475268\n|move|p1a: Greninja|Ice Beam|p2b: Garchomp\n|-start|p1a: Greninja|typechange|Ice|[from] ability: Protean\n|-supereffective|p2b: Garchomp|2\n|-damage|p2b: Garchomp|0 fnt\n|faint|p2b: Garchomp\n|move|p1b: Archaludon|Flash Cannon|p2a: Froslass\n|-supereffective|p2a: Froslass|1\n|-damage|p2a: Froslass|42/100\n|move|p2a: Froslass|Blizzard|p1b: Archaludon|[spread] p1a,p1b\n|-resisted|p1a: Greninja|1\n|-damage|p1a: Greninja|65/100\n|-damage|p1b: Archaludon|0 fnt\n|faint|p1b: Archaludon\n|\n|-weather|Snowscape|[upkeep]\n|-sideend|p1: bio2.0|move: Tailwind\n|upkeep\n|\n|t:|1776475271\n|switch|p1b: Pelipper|Pelipper, L50, M|100/100\n|-weather|RainDance|[from] ability: Drizzle|[of] p1b: Pelipper\n|turn|5\n|\n|t:|1776475280\n|detailschange|p1a: Greninja|Greninja-Mega, L50, M\n|-mega|p1a: Greninja|Greninja|Greninjite\n|move|p1a: Greninja|Hydro Pump|p2a: Froslass\n|-start|p1a: Greninja|typechange|Water|[from] ability: Protean\n|-damage|p2a: Froslass|0 fnt\n|faint|p2a: Froslass\n|\n|win|bio2.0\n|raw|bio2.0's rating: 1296 &rarr; <strong>1325</strong><br />(+29 for winning)\n|raw|Wo-Chien&lt;3's rating: 1346 &rarr; <strong>1323</strong><br />(-23 for losing)\n",
  "uploadtime": 1776475283,
  "views": 34,
  "formatid": "gen9championsvgc2026regma",
  "rating": 1323,
  "private": 0,
  "password": null
}