{
  "id": "gen9championsvgc2026regma-2583067819",
  "format": "[Gen 9 Champions] VGC 2026 Reg M-A",
  "players": [
    "Zhm/r",
    "Pocketeer"
  ],
  "log": "|j|\u2606Zhm/r\n|j|\u2606Pocketeer\n|t:|1776138452\n|gametype|doubles\n|player|p1|Zhm/r|clown|1190\n|player|p2|Pocketeer|flint|1088\n|gen|9\n|tier|[Gen 9 Champions] VGC 2026 Reg M-A\n|rated|\n|rule|Species Clause: Limit one of each Pok\u00e9mon\n|rule|Item Clause: Limit 1 of each item\n|clearpoke\n|poke|p1|Aggron, L50, F|\n|poke|p1|Slowbro, L50, F|\n|poke|p1|Incineroar, L50, M|\n|poke|p1|Sinistcha, L50|\n|poke|p1|Garchomp, L50, M|\n|poke|p1|Tyranitar, L50, F|\n|poke|p2|Charizard, L50, F|\n|poke|p2|Whimsicott, L50, F|\n|poke|p2|Chandelure, L50, M|\n|poke|p2|Sneasler, L50, M|\n|poke|p2|Primarina, L50, F|\n|poke|p2|Maushold, L50|\n|teampreview|4\n|inactive|Battle timer is ON: inactive players will automatically lose when time's up. (requested by Pocketeer)\n|inactive|Pocketeer has 60 seconds left.\n|\n|t:|1776138493\n|teamsize|p1|4\n|teamsize|p2|4\n|start\n|switch|p1a: Aggron|Aggron, L50, F|100/100\n|switch|p1b: Slowbro|Slowbro, L50, F|100/100\n|switch|p2a: Charizard|Charizard, L50, F|100/100\n|switch|p2b: Sneasler|Sneasler, L50, M|100/100\n|turn|1\n|inactive|Zhm/r has 30 seconds left.\n|\n|t:|1776138526\n|detailschange|p2a: Charizard|Charizard-Mega-X, L50, F\n|-mega|p2a: Charizard|Charizard|Charizardite X\n|detailschange|p1a: Aggron|Aggron-Mega, L50, F\n|-mega|p1a: Aggron|Aggron|Aggronite\n|move|p2b: Sneasler|Fake Out|p1b: Slowbro\n|-damage|p1b: Slowbro|89/100\n|move|p2a: Charizard|Flare Blitz|p1a: Aggron\n|-supereffective|p1a: Aggron|1\n|-damage|p1a: Aggron|39/100\n|-damage|p2a: Charizard|77/100|[from] Recoil\n|move|p1a: Aggron|Iron Defense|p1a: Aggron\n|-boost|p1a: Aggron|def|2\n|cant|p1b: Slowbro|flinch\n|\n|-heal|p1b: Slowbro|95/100|[from] item: Leftovers\n|upkeep\n|turn|2\n|\n|t:|1776138545\n|switch|p1b: Sinistcha|Sinistcha, L50|100/100\n|-heal|p1a: Aggron|64/100|[from] ability: Hospitality|[of] p1b: Sinistcha\n|move|p2b: Sneasler|Coaching|p2a: Charizard\n|-boost|p2a: Charizard|atk|1\n|-boost|p2a: Charizard|def|1\n|move|p2a: Charizard|Flare Blitz|p1a: Aggron\n|-supereffective|p1a: Aggron|1\n|-damage|p1a: Aggron|23/100\n|-status|p1a: Aggron|brn\n|-damage|p2a: Charizard|62/100|[from] Recoil\n|move|p1a: Aggron|Body Press|p2a: Charizard\n|-damage|p2a: Charizard|33/100\n|\n|-damage|p1a: Aggron|16/100 brn|[from] brn\n|upkeep\n|turn|3\n|inactive|Zhm/r has 30 seconds left.\n|inactive|Zhm/r has 20 seconds left.\n|inactive|Zhm/r has 15 seconds left.\n|inactive|Zhm/r has 10 seconds left.\n|\n|t:|1776138591\n|switch|p2b: Chandelure|Chandelure, L50, M|100/100\n|switch|p1a: Garchomp|Garchomp, L50, M|100/100\n|move|p2a: Charizard|Flare Blitz|p1b: Sinistcha\n|-supereffective|p1b: Sinistcha|1\n|-damage|p1b: Sinistcha|0 fnt\n|faint|p1b: Sinistcha\n|-damage|p2a: Charizard|0 fnt|[from] Recoil\n|faint|p2a: Charizard\n|\n|upkeep\n|\n|t:|1776138605\n|switch|p2a: Sneasler|Sneasler, L50, M|100/100\n|switch|p1b: Slowbro|Slowbro, L50, F|100/100\n|turn|4\n|\n|t:|1776138619\n|move|p1b: Slowbro|Protect|p1b: Slowbro\n|-singleturn|p1b: Slowbro|Protect\n|move|p2a: Sneasler|Fake Out|p1a: Garchomp\n|-damage|p1a: Garchomp|87/100\n|move|p2b: Chandelure|Shadow Ball|p1b: Slowbro\n|-activate|p1b: Slowbro|move: Protect\n|cant|p1a: Garchomp|flinch\n|\n|upkeep\n|turn|5\n|\n|t:|1776138635\n|switch|p2a: Whimsicott|Whimsicott, L50, F|100/100\n|move|p1b: Slowbro|Protect||[still]\n|-fail|p1b: Slowbro\n|move|p2b: Chandelure|Shadow Ball|p1b: Slowbro\n|-supereffective|p1b: Slowbro|1\n|-damage|p1b: Slowbro|35/100\n|move|p1a: Garchomp|Earthquake|p2a: Whimsicott|[spread] p1b,p2a,p2b\n|-resisted|p2a: Whimsicott|1\n|-supereffective|p2b: Chandelure|1\n|-damage|p1b: Slowbro|5/100\n|-damage|p2a: Whimsicott|72/100\n|-damage|p2b: Chandelure|0 fnt\n|faint|p2b: Chandelure\n|\n|-heal|p1b: Slowbro|11/100|[from] item: Leftovers\n|upkeep\n|\n|t:|1776138637\n|switch|p2b: Sneasler|Sneasler, L50, M|100/100\n|turn|6\n|\n|t:|1776138659\n|switch|p1b: Aggron|Aggron-Mega, L50, F|16/100 brn\n|move|p2a: Whimsicott|Tailwind|p2a: Whimsicott\n|-sidestart|p2: Pocketeer|move: Tailwind\n|move|p2b: Sneasler|Close Combat|p1b: Aggron\n|-supereffective|p1b: Aggron|1\n|-damage|p1b: Aggron|0 fnt\n|-unboost|p2b: Sneasler|def|1\n|-unboost|p2b: Sneasler|spd|1\n|faint|p1b: Aggron\n|-enditem|p2b: Sneasler|White Herb\n|-clearnegativeboost|p2b: Sneasler|[silent]\n|move|p1a: Garchomp|Earthquake|p2b: Sneasler|[spread] p2a,p2b\n|-resisted|p2a: Whimsicott|1\n|-crit|p2a: Whimsicott\n|-supereffective|p2b: Sneasler|1\n|-damage|p2a: Whimsicott|33/100\n|-damage|p2b: Sneasler|0 fnt\n|faint|p2b: Sneasler\n|\n|upkeep\n|\n|t:|1776138675\n|switch|p1b: Slowbro|Slowbro, L50, F|44/100\n|turn|7\n|\n|t:|1776138679\n|move|p1b: Slowbro|Protect|p1b: Slowbro\n|-singleturn|p1b: Slowbro|Protect\n|move|p2a: Whimsicott|Moonblast|p1a: Garchomp\n|-supereffective|p1a: Garchomp|1\n|-damage|p1a: Garchomp|28/100\n|move|p1a: Garchomp|Earthquake|p2a: Whimsicott|[spread] p2a\n|-activate|p1b: Slowbro|move: Protect\n|-resisted|p2a: Whimsicott|1\n|-damage|p2a: Whimsicott|2/100\n|\n|-heal|p1b: Slowbro|50/100|[from] item: Leftovers\n|upkeep\n|turn|8\n|\n|t:|1776138696\n|move|p2a: Whimsicott|Moonblast|p1a: Garchomp\n|-supereffective|p1a: Garchomp|1\n|-damage|p1a: Garchomp|0 fnt\n|faint|p1a: Garchomp\n|move|p1b: Slowbro|Scald|p2a: Whimsicott\n|-resisted|p2a: Whimsicott|1\n|-damage|p2a: Whimsicott|0 fnt\n|faint|p2a: Whimsicott\n|\n|win|Zhm/r\n|raw|Zhm&#x2f;r's rating: 1190 &rarr; <strong>1208</strong><br />(+18 for winning)\n|raw|Pocketeer's rating: 1088 &rarr; <strong>1071</strong><br />(-17 for losing)\n|l|\u2606Pocketeer\n|player|p2|\n",
  "uploadtime": 1776138710,
  "views": 15,
  "formatid": "gen9championsvgc2026regma",
  "rating": 1071,
  "private": 0,
  "password": null
}