{
  "id": "gen9championsvgc2026regma-2585403958",
  "format": "[Gen 9 Champions] VGC 2026 Reg M-A",
  "players": [
    "benzelda214",
    "ant on rice"
  ],
  "log": "|j|\u2606benzelda214\n|j|\u2606ant on rice\n|t:|1776344828\n|gametype|doubles\n|player|p1|benzelda214|265|1198\n|player|p2|ant on rice|lusamine-nihilego|1113\n|gen|9\n|tier|[Gen 9 Champions] VGC 2026 Reg M-A\n|rated|\n|rule|Species Clause: Limit one of each Pok\u00e9mon\n|rule|Item Clause: Limit 1 of each item\n|clearpoke\n|poke|p1|Altaria, L50, F|\n|poke|p1|Gengar, L50, F|\n|poke|p1|Azumarill, L50, F|\n|poke|p1|Incineroar, L50, M|\n|poke|p1|Politoed, L50, M|\n|poke|p1|Liepard, L50, F|\n|poke|p2|Ampharos, L50, F|\n|poke|p2|Raichu, L50, M|\n|poke|p2|Slowking-Galar, L50, M|\n|poke|p2|Mamoswine, L50, M|\n|poke|p2|Corviknight, L50, M|\n|poke|p2|Gyarados, L50, M|\n|teampreview|4\n|inactive|Battle timer is ON: inactive players will automatically lose when time's up. (requested by ant on rice)\n|\n|t:|1776344864\n|teamsize|p1|4\n|teamsize|p2|4\n|start\n|switch|p1a: Gengar|Gengar, L50, F|100/100\n|switch|p1b: Liepard|Liepard, L50, F|100/100\n|switch|p2a: Ampharos|Ampharos, L50, F|100/100\n|switch|p2b: Slowking|Slowking-Galar, L50, M|100/100\n|-clearboost|p2a: Ampharos|[from] ability: Curious Medicine|[of] p2b: Slowking\n|turn|1\n|inactive|benzelda214 has 30 seconds left.\n|\n|t:|1776344898\n|detailschange|p1a: Gengar|Gengar-Mega, L50, F\n|-mega|p1a: Gengar|Gengar|Gengarite\n|detailschange|p2a: Ampharos|Ampharos-Mega, L50, F\n|-mega|p2a: Ampharos|Ampharos|Ampharosite\n|-ability|p2a: Ampharos|Mold Breaker\n|move|p1b: Liepard|Snarl|p2a: Ampharos|[spread] p2a,p2b\n|-supereffective|p2b: Slowking|1\n|-enditem|p2b: Slowking|Colbur Berry|[eat]\n|-enditem|p2b: Slowking|Colbur Berry|[weaken]\n|-damage|p2a: Ampharos|87/100\n|-damage|p2b: Slowking|90/100\n|-unboost|p2a: Ampharos|spa|1\n|-unboost|p2b: Slowking|spa|1\n|move|p1a: Gengar|Perish Song|p1a: Gengar\n|-start|p1a: Gengar|perish3|[silent]\n|-start|p1b: Liepard|perish3|[silent]\n|-start|p2a: Ampharos|perish3|[silent]\n|-start|p2b: Slowking|perish3|[silent]\n|-fieldactivate|move: Perish Song\n|move|p2a: Ampharos|Parabolic Charge|p1b: Liepard|[spread] p2b,p1a,p1b\n|-damage|p2b: Slowking|75/100\n|-heal|p2a: Ampharos|94/100|[from] drain|[of] p2b: Slowking\n|-damage|p1a: Gengar|77/100\n|-heal|p2a: Ampharos|100/100|[from] drain|[of] p1a: Gengar\n|-damage|p1b: Liepard|56/100\n|move|p2b: Slowking|Trick Room|p2b: Slowking\n|-fieldstart|move: Trick Room|[of] p2b: Slowking\n|\n|-start|p2b: Slowking|perish3\n|-start|p2a: Ampharos|perish3\n|-start|p1a: Gengar|perish3\n|-start|p1b: Liepard|perish3\n|upkeep\n|turn|2\n|inactive|benzelda214 has 30 seconds left.\n|inactive|ant on rice has 30 seconds left.\n|\n|t:|1776344931\n|move|p1a: Gengar|Protect|p1a: Gengar\n|-singleturn|p1a: Gengar|Protect\n|move|p1b: Liepard|Encore|p2b: Slowking\n|-start|p2b: Slowking|Encore\n|move|p2a: Ampharos|Volt Switch|p1b: Liepard\n|-damage|p1b: Liepard|0 fnt\n|faint|p1b: Liepard\n|\n|t:|1776344948\n|switch|p2a: Mamoswine|Mamoswine, L50, M|100/100|[from] Volt Switch\n|move|p2b: Slowking|Trick Room|p2b: Slowking\n|-fieldend|move: Trick Room\n|\n|-start|p1a: Gengar|perish2\n|-start|p2b: Slowking|perish2\n|upkeep\n|\n|t:|1776344955\n|switch|p1b: Incineroar|Incineroar, L50, M|100/100\n|-ability|p1b: Incineroar|Intimidate|boost\n|-fail|p2a: Mamoswine|unboost|Attack|[from] ability: Oblivious|[of] p2a: Mamoswine\n|-unboost|p2b: Slowking|atk|1\n|turn|3\n|\n|t:|1776344972\n|move|p1b: Incineroar|Fake Out|p2a: Mamoswine\n|-damage|p2a: Mamoswine|89/100\n|move|p1a: Gengar|Shadow Ball|p2a: Mamoswine\n|-damage|p2a: Mamoswine|30/100\n|cant|p2a: Mamoswine|flinch\n|move|p2b: Slowking|Trick Room|p2b: Slowking\n|-fieldstart|move: Trick Room|[of] p2b: Slowking\n|\n|-start|p2b: Slowking|perish1\n|-start|p1a: Gengar|perish1\n|upkeep\n|turn|4\n|inactive|ant on rice has 30 seconds left.\n|inactive|ant on rice has 20 seconds left.\n|\n|t:|1776345010\n|switch|p1a: Azumarill|Azumarill, L50, F|100/100\n|move|p1b: Incineroar|Snarl|p2b: Slowking|[spread] p2a,p2b\n|-supereffective|p2b: Slowking|1\n|-damage|p2a: Mamoswine|13/100\n|-damage|p2b: Slowking|62/100\n|-unboost|p2a: Mamoswine|spa|1\n|-unboost|p2b: Slowking|spa|1\n|move|p2a: Mamoswine|High Horsepower|p1b: Incineroar\n|-supereffective|p1b: Incineroar|1\n|-enditem|p1b: Incineroar|Shuca Berry|[eat]\n|-enditem|p1b: Incineroar|Shuca Berry|[weaken]\n|-damage|p1b: Incineroar|40/100\n|move|p2b: Slowking|Trick Room|p2b: Slowking\n|-fieldend|move: Trick Room\n|\n|-end|p2b: Slowking|Encore\n|-start|p2b: Slowking|perish0\n|upkeep\n|faint|p2b: Slowking\n|\n|t:|1776345024\n|switch|p2b: Raichu|Raichu, L50, M|100/100\n|turn|5\n|inactive|ant on rice has 30 seconds left.\n|inactive|ant on rice has 20 seconds left.\n|inactive|ant on rice has 15 seconds left.\n|inactive|ant on rice has 10 seconds left.\n|\n|t:|1776345072\n|move|p2a: Mamoswine|Protect|p2a: Mamoswine\n|-singleturn|p2a: Mamoswine|Protect\n|move|p2b: Raichu|Fake Out|p1a: Azumarill\n|-damage|p1a: Azumarill|93/100\n|cant|p1a: Azumarill|flinch\n|move|p1b: Incineroar|Parting Shot|p2b: Raichu\n|-unboost|p2b: Raichu|atk|1\n|-unboost|p2b: Raichu|spa|1\n|\n|t:|1776345080\n|switch|p1b: Gengar|Gengar-Mega, L50, F|77/100|[from] Parting Shot\n|\n|upkeep\n|turn|6\n|\n|t:|1776345096\n|move|p2b: Raichu|Nuzzle|p1a: Azumarill\n|-supereffective|p1a: Azumarill|1\n|-damage|p1a: Azumarill|85/100\n|-status|p1a: Azumarill|par\n|move|p1b: Gengar|Shadow Ball|p2a: Mamoswine\n|-crit|p2a: Mamoswine\n|-damage|p2a: Mamoswine|0 fnt\n|faint|p2a: Mamoswine\n|move|p1a: Azumarill|Light Screen|p1a: Azumarill\n|-sidestart|p1: benzelda214|move: Light Screen\n|\n|upkeep\n|\n|t:|1776345104\n|switch|p2a: Ampharos|Ampharos-Mega, L50, F|100/100\n|-ability|p2a: Ampharos|Mold Breaker\n|turn|7\n|\n|t:|1776345116\n|move|p1a: Azumarill|Protect|p1a: Azumarill\n|-singleturn|p1a: Azumarill|Protect\n|move|p2b: Raichu|Nuzzle|p1b: Gengar\n|-damage|p1b: Gengar|73/100\n|-status|p1b: Gengar|par\n|move|p1b: Gengar|Shadow Ball|p2a: Ampharos\n|-damage|p2a: Ampharos|65/100\n|-unboost|p2a: Ampharos|spd|1\n|move|p2a: Ampharos|Parabolic Charge|p1a: Azumarill|[spread] p2b,p1b\n|-activate|p1a: Azumarill|move: Protect\n|-resisted|p2b: Raichu|1\n|-crit|p2b: Raichu\n|-damage|p2b: Raichu|58/100\n|-heal|p2a: Ampharos|80/100|[from] drain|[of] p2b: Raichu\n|-damage|p1b: Gengar|51/100 par\n|-heal|p2a: Ampharos|90/100|[from] drain|[of] p1b: Gengar\n|\n|upkeep\n|turn|8\n|\n|t:|1776345138\n|switch|p1a: Incineroar|Incineroar, L50, M|40/100\n|-ability|p1a: Incineroar|Intimidate|boost\n|-unboost|p2a: Ampharos|atk|1\n|-unboost|p2b: Raichu|atk|1\n|move|p2b: Raichu|Surf|p1a: Incineroar|[spread] p2a,p1a,p1b\n|-resisted|p2a: Ampharos|1\n|-supereffective|p1a: Incineroar|1\n|-damage|p2a: Ampharos|82/100\n|-damage|p1a: Incineroar|26/100\n|-damage|p1b: Gengar|43/100 par\n|move|p1b: Gengar|Hypnosis|p2a: Ampharos\n|-status|p2a: Ampharos|slp|[from] move: Hypnosis\n|cant|p2a: Ampharos|slp\n|\n|upkeep\n|turn|9\n|\n|t:|1776345154\n|move|p2b: Raichu|Surf|p1a: Incineroar|[spread] p2a,p1a,p1b\n|-resisted|p2a: Ampharos|1\n|-supereffective|p1a: Incineroar|1\n|-damage|p2a: Ampharos|75/100 slp\n|-damage|p1a: Incineroar|14/100\n|-damage|p1b: Gengar|35/100 par\n|move|p1a: Incineroar|Snarl|p2a: Ampharos|[spread] p2a,p2b\n|-damage|p2a: Ampharos|62/100 slp\n|-damage|p2b: Raichu|42/100\n|-unboost|p2a: Ampharos|spa|1\n|-unboost|p2b: Raichu|spa|1\n|move|p1b: Gengar|Shadow Ball|p2a: Ampharos\n|-damage|p2a: Ampharos|3/100 slp\n|cant|p2a: Ampharos|slp\n|\n|upkeep\n|turn|10\n|\n|t:|1776345175\n|move|p1a: Incineroar|Protect|p1a: Incineroar\n|-singleturn|p1a: Incineroar|Protect\n|-curestatus|p2a: Ampharos|slp|[msg]\n|move|p2a: Ampharos|Protect|p2a: Ampharos\n|-singleturn|p2a: Ampharos|Protect\n|move|p2b: Raichu|Surf|p1b: Gengar|[spread] p1b\n|-activate|p2a: Ampharos|move: Protect\n|-activate|p1a: Incineroar|move: Protect\n|-damage|p1b: Gengar|30/100 par\n|move|p1b: Gengar|Shadow Ball|p2a: Ampharos\n|-activate|p2a: Ampharos|move: Protect\n|\n|-sideend|p1: benzelda214|move: Light Screen\n|upkeep\n|turn|11\n|\n|t:|1776345199\n|move|p2b: Raichu|Surf|p1a: Incineroar|[spread] p2a,p1a,p1b\n|-resisted|p2a: Ampharos|1\n|-supereffective|p1a: Incineroar|1\n|-damage|p2a: Ampharos|0 fnt\n|-damage|p1a: Incineroar|0 fnt\n|-damage|p1b: Gengar|21/100 par\n|faint|p2a: Ampharos\n|faint|p1a: Incineroar\n|move|p1b: Gengar|Shadow Ball|p2b: Raichu\n|-damage|p2b: Raichu|0 fnt\n|faint|p2b: Raichu\n|\n|win|benzelda214\n|raw|benzelda214's rating: 1198 &rarr; <strong>1217</strong><br />(+19 for winning)\n|raw|ant on rice's rating: 1113 &rarr; <strong>1094</strong><br />(-19 for losing)\n|l|\u2606ant on rice\n|player|p2|\n",
  "uploadtime": 1776345226,
  "views": 35,
  "formatid": "gen9championsvgc2026regma",
  "rating": 1094,
  "private": 0,
  "password": null
}