{
  "id": "gen9championsvgc2026regma-2584820352",
  "format": "[Gen 9 Champions] VGC 2026 Reg M-A",
  "players": [
    "jyotsha",
    "danicruz.music"
  ],
  "log": "|j|\u2606jyotsha\n|j|\u2606danicruz.music\n|t:|1776286127\n|gametype|doubles\n|player|p1|jyotsha|101|1251\n|player|p2|danicruz.music|whitney|1164\n|gen|9\n|tier|[Gen 9 Champions] VGC 2026 Reg M-A\n|rated|\n|rule|Species Clause: Limit one of each Pok\u00e9mon\n|rule|Item Clause: Limit 1 of each item\n|clearpoke\n|poke|p1|Primarina, L50, F|\n|poke|p1|Sinistcha, L50|\n|poke|p1|Sableye, L50, M|\n|poke|p1|Basculegion, L50, M|\n|poke|p1|Charizard, L50, F|\n|poke|p1|Incineroar, L50, F|\n|poke|p2|Clefable, L50, F|\n|poke|p2|Oranguru, L50, F|\n|poke|p2|Zoroark-Hisui, L50, M|\n|poke|p2|Sinistcha, L50|\n|poke|p2|Sneasler, L50, M|\n|poke|p2|Aggron, L50, M|\n|teampreview|4\n|inactive|Battle timer is ON: inactive players will automatically lose when time's up. (requested by danicruz.music)\n|\n|t:|1776286153\n|teamsize|p1|4\n|teamsize|p2|4\n|start\n|switch|p1a: Sableye|Sableye, L50, M|100/100\n|switch|p1b: Basculegion|Basculegion, L50, M|100/100\n|switch|p2a: Oranguru|Oranguru, L50, F|100/100\n|switch|p2b: Sneasler|Sneasler, L50, M|100/100\n|turn|1\n|\n|t:|1776286172\n|move|p1a: Sableye|Will-O-Wisp|p2b: Sneasler\n|-status|p2b: Sneasler|brn\n|move|p1b: Basculegion|Liquidation|p2a: Oranguru\n|-damage|p2a: Oranguru|62/100\n|move|p2b: Sneasler|Dire Claw|p1b: Basculegion\n|-resisted|p1b: Basculegion|1\n|-damage|p1b: Basculegion|88/100\n|move|p2a: Oranguru|Trick Room|p2a: Oranguru\n|-fieldstart|move: Trick Room|[of] p2a: Oranguru\n|\n|-damage|p2b: Sneasler|95/100 brn|[from] brn\n|upkeep\n|turn|2\n|inactive|danicruz.music has 30 seconds left.\n|\n|t:|1776286197\n|switch|p2b: Clefable|Clefable, L50, F|100/100\n|move|p1a: Sableye|Encore|p2a: Oranguru\n|-start|p2a: Oranguru|Encore\n|-enditem|p2a: Oranguru|Mental Herb\n|-end|p2a: Oranguru|Encore\n|move|p2a: Oranguru|Psychic|p1b: Basculegion\n|-damage|p1b: Basculegion|58/100\n|move|p1b: Basculegion|Liquidation|p2a: Oranguru\n|-damage|p2a: Oranguru|22/100\n|\n|upkeep\n|turn|3\n|\n|t:|1776286213\n|switch|p1b: Incineroar|Incineroar, L50, F|100/100\n|-ability|p1b: Incineroar|Intimidate|boost\n|-unboost|p2a: Oranguru|atk|1\n|-unboost|p2b: Clefable|atk|1\n|detailschange|p2b: Clefable|Clefable-Mega, L50, F\n|-mega|p2b: Clefable|Clefable|Clefablite\n|move|p1a: Sableye|Light Screen|p1a: Sableye\n|-sidestart|p1: jyotsha|move: Light Screen\n|move|p2b: Clefable|Dazzling Gleam|p1b: Incineroar|[spread] p1a,p1b\n|-supereffective|p1a: Sableye|1\n|-damage|p1a: Sableye|46/100\n|-damage|p1b: Incineroar|77/100\n|move|p2a: Oranguru|Psychic|p1b: Incineroar\n|-immune|p1b: Incineroar\n|\n|upkeep\n|turn|4\n|\n|t:|1776286232\n|switch|p2a: Aggron|Aggron, L50, M|100/100\n|move|p1b: Incineroar|Fake Out|p2b: Clefable\n|-damage|p2b: Clefable|87/100\n|move|p1a: Sableye|Encore||[still]\n|-fail|p1a: Sableye\n|cant|p2b: Clefable|flinch\n|\n|upkeep\n|turn|5\n|\n|t:|1776286244\n|move|p1a: Sableye|Will-O-Wisp|p2a: Aggron\n|-status|p2a: Aggron|brn\n|move|p2a: Aggron|Earthquake|p1b: Incineroar|[spread] p1a,p1b\n|-immune|p2b: Clefable\n|-supereffective|p1b: Incineroar|1\n|-damage|p1a: Sableye|32/100\n|-damage|p1b: Incineroar|56/100\n|move|p1b: Incineroar|Parting Shot|p2b: Clefable\n|move|p2b: Clefable|Parting Shot|p1b: Incineroar|[from] ability: Magic Bounce\n|-unboost|p1b: Incineroar|atk|1\n|-unboost|p1b: Incineroar|spa|1\n|\n|t:|1776286254\n|switch|p2b: Oranguru|Oranguru, L50, F|22/100|[from] Parting Shot\n|\n|-damage|p2a: Aggron|94/100 brn|[from] brn\n|-fieldend|move: Trick Room\n|upkeep\n|turn|6\n|\n|t:|1776286271\n|switch|p2b: Sneasler|Sneasler, L50, M|95/100 brn\n|switch|p1a: Primarina|Primarina, L50, F|100/100\n|move|p1b: Incineroar|Throat Chop|p2b: Sneasler\n|-resisted|p2b: Sneasler|1\n|-crit|p2b: Sneasler\n|-damage|p2b: Sneasler|39/100 brn\n|-start|p2b: Sneasler|Throat Chop|[silent]\n|move|p2a: Aggron|Head Smash|p1b: Incineroar\n|-supereffective|p1b: Incineroar|1\n|-damage|p1b: Incineroar|0 fnt\n|faint|p1b: Incineroar\n|\n|-damage|p2b: Sneasler|33/100 brn|[from] brn\n|-damage|p2a: Aggron|88/100 brn|[from] brn\n|upkeep\n|\n|t:|1776286287\n|switch|p1b: Basculegion|Basculegion, L50, M|58/100\n|turn|7\n|\n|t:|1776286306\n|move|p1a: Primarina|Protect|p1a: Primarina\n|-singleturn|p1a: Primarina|Protect\n|move|p1b: Basculegion|Liquidation|p2a: Aggron\n|-supereffective|p2a: Aggron|1\n|-damage|p2a: Aggron|32/100 brn\n|-unboost|p2a: Aggron|def|1\n|move|p2b: Sneasler|Dire Claw|p1a: Primarina\n|-activate|p1a: Primarina|move: Protect\n|move|p2a: Aggron|Head Smash|p1a: Primarina\n|-activate|p1a: Primarina|move: Protect\n|\n|-damage|p2b: Sneasler|27/100 brn|[from] brn\n|-damage|p2a: Aggron|25/100 brn|[from] brn\n|-end|p2b: Sneasler|Throat Chop|[silent]\n|-sideend|p1: jyotsha|move: Light Screen\n|upkeep\n|turn|8\n|\n|t:|1776286326\n|move|p1b: Basculegion|Liquidation|p2b: Sneasler\n|-damage|p2b: Sneasler|0 fnt\n|faint|p2b: Sneasler\n|move|p1a: Primarina|Hyper Voice|p2a: Aggron\n|-supereffective|p2a: Aggron|1\n|-damage|p2a: Aggron|0 fnt\n|faint|p2a: Aggron\n|\n|upkeep\n|-message|danicruz.music forfeited.\n|\n|win|jyotsha\n|raw|jyotsha's rating: 1251 &rarr; <strong>1270</strong><br />(+19 for winning)\n|raw|danicruz.music's rating: 1164 &rarr; <strong>1145</strong><br />(-19 for losing)\n",
  "uploadtime": 1776286330,
  "views": 21,
  "formatid": "gen9championsvgc2026regma",
  "rating": 1145,
  "private": 0,
  "password": null
}