{
  "id": "gen9championsvgc2026regma-2587686235",
  "format": "[Gen 9 Champions] VGC 2026 Reg M-A",
  "players": [
    "derpybaits",
    "Vaquero799"
  ],
  "log": "|j|\u2606derpybaits\n|j|\u2606Vaquero799\n|t:|1776553837\n|gametype|doubles\n|player|p1|derpybaits|170|1226\n|player|p2|Vaquero799|266|1279\n|gen|9\n|tier|[Gen 9 Champions] VGC 2026 Reg M-A\n|rated|\n|rule|Species Clause: Limit one of each Pok\u00e9mon\n|rule|Item Clause: Limit 1 of each item\n|clearpoke\n|poke|p1|Blastoise, L50, F|\n|poke|p1|Pelipper, L50, F|\n|poke|p1|Sinistcha, L50|\n|poke|p1|Sableye, L50, M|\n|poke|p1|Garchomp, L50, M|\n|poke|p1|Kingambit, L50, F|\n|poke|p2|Gardevoir, L50, M|\n|poke|p2|Maushold-Four, L50|\n|poke|p2|Corviknight, L50, F|\n|poke|p2|Garchomp, L50, F|\n|poke|p2|Rotom-Wash, L50|\n|poke|p2|Sneasler, L50, F|\n|teampreview|4\n|inactive|Battle timer is ON: inactive players will automatically lose when time's up. (requested by derpybaits)\nderpybaits rejected open team sheets.\n|\n|t:|1776553862\n|teamsize|p1|4\n|teamsize|p2|4\n|start\n|switch|p1a: Blastoise|Blastoise, L50, F|100/100\n|switch|p1b: Sableye|Sableye, L50, M|100/100\n|switch|p2a: Maushold|Maushold-Four, L50|100/100\n|switch|p2b: Gardevoir|Gardevoir, L50, M|100/100\n|turn|1\n|\n|t:|1776553885\n|detailschange|p1a: Blastoise|Blastoise-Mega, L50, F\n|-mega|p1a: Blastoise|Blastoise|Blastoisinite\n|detailschange|p2b: Gardevoir|Gardevoir-Mega, L50, M\n|-mega|p2b: Gardevoir|Gardevoir|Gardevoirite\n|move|p1b: Sableye|Fake Out|p2b: Gardevoir\n|-damage|p2b: Gardevoir|94/100\n|move|p2a: Maushold|Super Fang|p1a: Blastoise\n|-damage|p1a: Blastoise|50/100\n|move|p1a: Blastoise|Shell Smash|p1a: Blastoise\n|-unboost|p1a: Blastoise|def|1\n|-unboost|p1a: Blastoise|spd|1\n|-boost|p1a: Blastoise|atk|2\n|-boost|p1a: Blastoise|spa|2\n|-boost|p1a: Blastoise|spe|2\n|cant|p2b: Gardevoir|flinch\n|\n|upkeep\n|turn|2\n|inactive|derpybaits has 30 seconds left.\n|inactive|Vaquero799 has 30 seconds left.\n|\n|t:|1776553912\n|move|p2b: Gardevoir|Protect|p2b: Gardevoir\n|-singleturn|p2b: Gardevoir|Protect\n|move|p1b: Sableye|Encore|p2a: Maushold\n|-start|p2a: Maushold|Encore\n|move|p1a: Blastoise|Water Spout|p2a: Maushold|[spread] p2a\n|-activate|p2b: Gardevoir|move: Protect\n|-damage|p2a: Maushold|24/100\n|move|p2a: Maushold|Super Fang|p1b: Sableye\n|-immune|p1b: Sableye\n|\n|upkeep\n|turn|3\n|\n|t:|1776553929\n|switch|p2a: Garchomp|Garchomp, L50, F|100/100\n|move|p1b: Sableye|Encore|p2b: Gardevoir\n|-start|p2b: Gardevoir|Encore\n|move|p2b: Gardevoir|Protect||[still]\n|-fail|p2b: Gardevoir\n|move|p1a: Blastoise|Water Spout|p2a: Garchomp|[spread] p2a,p2b\n|-damage|p2a: Garchomp|34/100\n|-damage|p2b: Gardevoir|40/100\n|\n|upkeep\n|turn|4\n|\n|t:|1776553954\n|move|p2b: Gardevoir|Protect|p2b: Gardevoir\n|-singleturn|p2b: Gardevoir|Protect\n|move|p1b: Sableye|Will-O-Wisp|p2a: Garchomp\n|-status|p2a: Garchomp|brn\n|move|p1a: Blastoise|Water Spout|p2a: Garchomp|[spread] p2a\n|-activate|p2b: Gardevoir|move: Protect\n|-damage|p2a: Garchomp|0 fnt\n|faint|p2a: Garchomp\n|\n|upkeep\n|c|\u2606derpybaits|tehe\n|\n|t:|1776553971\n|switch|p2a: Sneasler|Sneasler, L50, F|100/100\n|turn|5\n|\n|t:|1776553982\n|switch|p2b: Maushold|Maushold-Four, L50|24/100\n|move|p1a: Blastoise|Protect|p1a: Blastoise\n|-singleturn|p1a: Blastoise|Protect\n|move|p2a: Sneasler|Fake Out|p1a: Blastoise\n|-activate|p1a: Blastoise|move: Protect\n|move|p1b: Sableye|Will-O-Wisp|p2a: Sneasler\n|-status|p2a: Sneasler|brn\n|\n|-damage|p2a: Sneasler|95/100 brn|[from] brn\n|upkeep\n|turn|6\n|\n|t:|1776554001\n|move|p1b: Sableye|Encore|p2a: Sneasler\n|-start|p2a: Sneasler|Encore\n|move|p2a: Sneasler|Fake Out||[still]\n|-hint|Fake Out only works on your first turn out.\n|-fail|p2a: Sneasler\n|move|p1a: Blastoise|Water Spout|p2a: Sneasler|[spread] p2a,p2b\n|-damage|p2a: Sneasler|33/100 brn\n|-damage|p2b: Maushold|0 fnt\n|faint|p2b: Maushold\n|\n|-damage|p2a: Sneasler|27/100 brn|[from] brn\n|upkeep\n|c|\u2606derpybaits|:)\n|\n|t:|1776554013\n|switch|p2b: Gardevoir|Gardevoir-Mega, L50, M|40/100\n|turn|7\n|\n|t:|1776554031\n|move|p1b: Sableye|Will-O-Wisp|p2b: Gardevoir\n|-status|p2b: Gardevoir|brn\n|move|p1a: Blastoise|Water Spout|p2a: Sneasler|[spread] p2a,p2b\n|-damage|p2a: Sneasler|0 fnt\n|-damage|p2b: Gardevoir|0 fnt\n|faint|p2a: Sneasler\n|faint|p2b: Gardevoir\n|\n|win|derpybaits\n|raw|derpybaits's rating: 1226 &rarr; <strong>1255</strong><br />(+29 for winning)\n|raw|Vaquero799's rating: 1279 &rarr; <strong>1250</strong><br />(-29 for losing)\n",
  "uploadtime": 1776554036,
  "views": 17,
  "formatid": "gen9championsvgc2026regma",
  "rating": 1250,
  "private": 0,
  "password": null
}