{
  "id": "gen9championsvgc2026regma-2583412717",
  "format": "[Gen 9 Champions] VGC 2026 Reg M-A",
  "players": [
    "Keyblade335",
    "jotinha12"
  ],
  "log": "|j|\u2606Keyblade335\n|j|\u2606jotinha12\n|t:|1776173954\n|gametype|doubles\n|player|p1|Keyblade335|169|1117\n|player|p2|jotinha12|266|1149\n|gen|9\n|tier|[Gen 9 Champions] VGC 2026 Reg M-A\n|rated|\n|rule|Species Clause: Limit one of each Pok\u00e9mon\n|rule|Item Clause: Limit 1 of each item\n|clearpoke\n|poke|p1|Dragapult, L50, F|\n|poke|p1|Lucario, L50, F|\n|poke|p1|Sneasler, L50, M|\n|poke|p1|Ninetales-Alola, L50, M|\n|poke|p1|Rotom-Wash, L50|\n|poke|p1|Sinistcha, L50|\n|poke|p2|Mamoswine, L50, M|\n|poke|p2|Froslass, L50, F|\n|poke|p2|Tyrantrum, L50, F|\n|poke|p2|Sinistcha, L50|\n|poke|p2|Sneasler, L50, M|\n|poke|p2|Talonflame, L50, M|\n|teampreview|4\n|\n|t:|1776174002\n|teamsize|p1|4\n|teamsize|p2|4\n|start\n|switch|p1a: Sneasler|Sneasler, L50, M|100/100\n|switch|p1b: Dragapult|Dragapult, L50, F|100/100\n|switch|p2a: Froslass|Froslass, L50, F|100/100\n|switch|p2b: Mamoswine|Mamoswine, L50, M|100/100\n|turn|1\n|\n|t:|1776174051\n|detailschange|p2a: Froslass|Froslass-Mega, L50, F\n|-mega|p2a: Froslass|Froslass|Froslassite\n|-weather|Snowscape|[from] ability: Snow Warning|[of] p2a: Froslass\n|move|p2b: Mamoswine|Protect|p2b: Mamoswine\n|-singleturn|p2b: Mamoswine|Protect\n|move|p1a: Sneasler|Fake Out|p2b: Mamoswine\n|-activate|p2b: Mamoswine|move: Protect\n|move|p1b: Dragapult|Phantom Force||[still]\n|-prepare|p1b: Dragapult|Phantom Force\n|move|p2a: Froslass|Blizzard|p1b: Dragapult|[spread] p1a\n|-miss|p2a: Froslass|p1b: Dragapult\n|-damage|p1a: Sneasler|33/100\n|\n|-weather|Snowscape|[upkeep]\n|upkeep\n|turn|2\n|\n|t:|1776174090\n|move|p2a: Froslass|Protect|p2a: Froslass\n|-singleturn|p2a: Froslass|Protect\n|move|p1b: Dragapult|Phantom Force|p2a: Froslass|[from] lockedmove\n|-activate|p2a: Froslass|move: Phantom Force|[broken]\n|-supereffective|p2a: Froslass|1\n|-damage|p2a: Froslass|15/100\n|move|p1a: Sneasler|Close Combat|p2b: Mamoswine\n|-supereffective|p2b: Mamoswine|1\n|-damage|p2b: Mamoswine|10/100\n|-unboost|p1a: Sneasler|def|1\n|-unboost|p1a: Sneasler|spd|1\n|move|p2b: Mamoswine|Avalanche|p1a: Sneasler\n|-damage|p1a: Sneasler|0 fnt\n|faint|p1a: Sneasler\n|\n|-weather|Snowscape|[upkeep]\n|-heal|p2b: Mamoswine|16/100|[from] item: Leftovers\n|upkeep\n|\n|t:|1776174110\n|switch|p1a: Lucario|Lucario, L50, F|100/100\n|turn|3\n|\n|t:|1776174126\n|move|p1b: Dragapult|Dragon Darts|p2a: Froslass\n|-damage|p2a: Froslass|0 fnt\n|-anim|p1b: Dragapult|Dragon Darts|p2b: Mamoswine\n|-damage|p2b: Mamoswine|2/100\n|faint|p2a: Froslass\n|move|p1a: Lucario|Bulk Up|p1a: Lucario\n|-boost|p1a: Lucario|atk|1\n|-boost|p1a: Lucario|def|1\n|move|p2b: Mamoswine|High Horsepower|p1a: Lucario\n|-supereffective|p1a: Lucario|1\n|-damage|p1a: Lucario|0 fnt\n|faint|p1a: Lucario\n|\n|-weather|Snowscape|[upkeep]\n|-heal|p2b: Mamoswine|8/100|[from] item: Leftovers\n|upkeep\n|c|\u2606Keyblade335|theres no way that doesnt kill\n|\n|t:|1776174148\n|switch|p2a: Talonflame|Talonflame, L50, M|100/100\n|switch|p1a: Ninetales|Ninetales-Alola, L50, M|100/100\n|turn|4\n|\n|t:|1776174182\n|move|p2a: Talonflame|Tailwind|p2a: Talonflame\n|-sidestart|p2: jotinha12|move: Tailwind\n|move|p2b: Mamoswine|Ice Shard|p1b: Dragapult\n|-supereffective|p1b: Dragapult|1\n|-damage|p1b: Dragapult|42/100\n|move|p1b: Dragapult|Dragon Darts|p2a: Talonflame\n|-damage|p2a: Talonflame|70/100\n|-anim|p1b: Dragapult|Dragon Darts|p2b: Mamoswine\n|-damage|p2b: Mamoswine|0 fnt\n|faint|p2b: Mamoswine\n|move|p1a: Ninetales|Blizzard|p2a: Talonflame\n|-damage|p2a: Talonflame|19/100\n|\n|-weather|Snowscape|[upkeep]\n|upkeep\n|\n|t:|1776174197\n|switch|p2b: Tyrantrum|Tyrantrum, L50, F|100/100\n|turn|5\n|\n|t:|1776174212\n|move|p1b: Dragapult|Protect|p1b: Dragapult\n|-singleturn|p1b: Dragapult|Protect\n|move|p2b: Tyrantrum|Dragon Claw|p1b: Dragapult\n|-activate|p1b: Dragapult|move: Protect\n|move|p2a: Talonflame|Overheat|p1a: Ninetales\n|-supereffective|p1a: Ninetales|1\n|-damage|p1a: Ninetales|0 fnt\n|-unboost|p2a: Talonflame|spa|2\n|faint|p1a: Ninetales\n|\n|-weather|none\n|upkeep\n|turn|6\n|c|\u2606Keyblade335|gg\n|-message|Keyblade335 forfeited.\n|\n|win|jotinha12\n|raw|Keyblade335's rating: 1117 &rarr; <strong>1094</strong><br />(-23 for losing)\n|raw|jotinha12's rating: 1149 &rarr; <strong>1172</strong><br />(+23 for winning)\n|l|\u2606jotinha12\n|player|p2|\n",
  "uploadtime": 1776174249,
  "views": 19,
  "formatid": "gen9championsvgc2026regma",
  "rating": 1094,
  "private": 0,
  "password": null
}