{
  "id": "gen9championsvgc2026regma-2584369646",
  "format": "[Gen 9 Champions] VGC 2026 Reg M-A",
  "players": [
    "JositoPkm",
    "DryIceBros"
  ],
  "log": "|j|\u2606JositoPkm\n|j|\u2606DryIceBros\n|t:|1776255602\n|gametype|doubles\n|player|p1|JositoPkm|benga|1112\n|player|p2|DryIceBros|mars|1193\n|gen|9\n|tier|[Gen 9 Champions] VGC 2026 Reg M-A\n|rated|\n|rule|Species Clause: Limit one of each Pok\u00e9mon\n|rule|Item Clause: Limit 1 of each item\n|clearpoke\n|poke|p1|Charizard, L50, F|\n|poke|p1|Garganacl, L50, F|\n|poke|p1|Dragapult, L50, M|\n|poke|p1|Garchomp, L50, M|\n|poke|p1|Kingambit, L50, M|\n|poke|p1|Rotom-Wash, L50|\n|poke|p2|Crabominable, L50, F|\n|poke|p2|Slowking-Galar, L50, M|\n|poke|p2|Incineroar, L50, M|\n|poke|p2|Sinistcha, L50|\n|poke|p2|Primarina, L50, F|\n|poke|p2|Kingambit, L50, M|\n|teampreview|4\nDryIceBros has agreed to open team sheets.\n|\n|t:|1776255647\n|teamsize|p1|4\n|teamsize|p2|4\n|start\n|switch|p1a: Charizard|Charizard, L50, F|100/100\n|switch|p1b: Garchomp|Garchomp, L50, M|100/100\n|switch|p2a: Slowking|Slowking-Galar, L50, M|100/100\n|switch|p2b: Primarina|Primarina, L50, F|100/100\n|turn|1\n|\n|t:|1776255665\n|detailschange|p1a: Charizard|Charizard-Mega-Y, L50, F\n|-mega|p1a: Charizard|Charizard|Charizardite Y\n|-weather|SunnyDay|[from] ability: Drought|[of] p1a: Charizard\n|move|p1b: Garchomp|Earthquake|p2b: Primarina|[spread] p2a,p2b\n|-immune|p1a: Charizard\n|-supereffective|p2a: Slowking|1\n|-damage|p2a: Slowking|32/100\n|-damage|p2b: Primarina|51/100\n|move|p1a: Charizard|Solar Beam||[still]\n|-prepare|p1a: Charizard|Solar Beam\n|-anim|p1a: Charizard|Solar Beam|p2b: Primarina\n|-supereffective|p2b: Primarina|1\n|-damage|p2b: Primarina|0 fnt\n|faint|p2b: Primarina\n|move|p2a: Slowking|Trick Room|p2a: Slowking\n|-fieldstart|move: Trick Room|[of] p2a: Slowking\n|\n|-weather|SunnyDay|[upkeep]\n|upkeep\n|\n|t:|1776255676\n|switch|p2b: Crabominable|Crabominable, L50, F|100/100\n|turn|2\n|\n|t:|1776255686\n|switch|p1b: Garganacl|Garganacl, L50, F|100/100\n|detailschange|p2b: Crabominable|Crabominable-Mega, L50, F\n|-mega|p2b: Crabominable|Crabominable|Crabominite\n|-prepare|p2a: Slowking|Chilly Reception|[premajor]\n|move|p2a: Slowking|Chilly Reception|p2a: Slowking\n|-weather|Snowscape\n|\n|t:|1776255694\n|switch|p2a: Sinistcha|Sinistcha, L50|100/100|[from] Chilly Reception\n|move|p2b: Crabominable|Ice Hammer|p1a: Charizard\n|-damage|p1a: Charizard|0 fnt\n|-unboost|p2b: Crabominable|spe|1\n|faint|p1a: Charizard\n|\n|-weather|Snowscape|[upkeep]\n|upkeep\n|\n|t:|1776255707\n|switch|p1a: Dragapult|Dragapult, L50, M|100/100\n|turn|3\n|\n|t:|1776255716\n|move|p1a: Dragapult|Protect|p1a: Dragapult\n|-singleturn|p1a: Dragapult|Protect\n|move|p2b: Crabominable|Ice Hammer|p1a: Dragapult\n|-activate|p1a: Dragapult|move: Protect\n|move|p1b: Garganacl|Body Press|p2b: Crabominable\n|-supereffective|p2b: Crabominable|1\n|-damage|p2b: Crabominable|67/100\n|move|p2a: Sinistcha|Matcha Gotcha|p1a: Dragapult|[spread] p1b\n|-activate|p1a: Dragapult|move: Protect\n|-supereffective|p1b: Garganacl|1\n|-damage|p1b: Garganacl|51/100\n|\n|-weather|Snowscape|[upkeep]\n|upkeep\n|turn|4\n|\n|t:|1776255751\n|switch|p1a: Garchomp|Garchomp, L50, M|100/100\n|move|p2b: Crabominable|Ice Hammer|p1a: Garchomp\n|-supereffective|p1a: Garchomp|2\n|-damage|p1a: Garchomp|0 fnt\n|-unboost|p2b: Crabominable|spe|1\n|-damage|p2b: Crabominable|55/100|[from] ability: Rough Skin|[of] p1a: Garchomp\n|faint|p1a: Garchomp\n|move|p1b: Garganacl|Body Press|p2b: Crabominable\n|-supereffective|p2b: Crabominable|1\n|-damage|p2b: Crabominable|23/100\n|move|p2a: Sinistcha|Matcha Gotcha|p1b: Garganacl\n|-supereffective|p1b: Garganacl|1\n|-damage|p1b: Garganacl|0 fnt\n|faint|p1b: Garganacl\n|\n|-weather|Snowscape|[upkeep]\n|upkeep\n|\n|t:|1776255765\n|switch|p1b: Dragapult|Dragapult, L50, M|100/100\n|turn|5\n|\n|t:|1776255775\n|move|p1b: Dragapult|Protect|p1b: Dragapult\n|-singleturn|p1b: Dragapult|Protect\n|move|p2a: Sinistcha|Rage Powder|p2a: Sinistcha\n|-singleturn|p2a: Sinistcha|move: Rage Powder\n|move|p2b: Crabominable|Ice Hammer|p1b: Dragapult\n|-activate|p1b: Dragapult|move: Protect\n|\n|-weather|Snowscape|[upkeep]\n|-fieldend|move: Trick Room\n|upkeep\n|turn|6\n|\n|t:|1776255788\n|move|p2b: Crabominable|Protect|p2b: Crabominable\n|-singleturn|p2b: Crabominable|Protect\n|move|p1b: Dragapult|Dragon Darts|p2a: Sinistcha\n|-damage|p2a: Sinistcha|78/100\n|-anim|p1b: Dragapult|Dragon Darts|p2a: Sinistcha\n|-damage|p2a: Sinistcha|58/100\n|move|p2a: Sinistcha|Trick Room|p2a: Sinistcha\n|-fieldstart|move: Trick Room|[of] p2a: Sinistcha\n|\n|-weather|none\n|upkeep\n|turn|7\n|\n|t:|1776255804\n|switch|p2a: Slowking|Slowking-Galar, L50, M|65/100\n|move|p1b: Dragapult|Protect|p1b: Dragapult\n|-singleturn|p1b: Dragapult|Protect\n|move|p2b: Crabominable|Ice Hammer|p1b: Dragapult\n|-activate|p1b: Dragapult|move: Protect\n|\n|upkeep\n|turn|8\n|\n|t:|1776255820\n|move|p2b: Crabominable|Protect|p2b: Crabominable\n|-singleturn|p2b: Crabominable|Protect\n|-prepare|p2a: Slowking|Chilly Reception|[premajor]\n|move|p2a: Slowking|Chilly Reception|p2a: Slowking\n|-weather|Snowscape\n|\n|t:|1776255826\n|switch|p2a: Sinistcha|Sinistcha, L50|58/100|[from] Chilly Reception\n|-heal|p2b: Crabominable|48/100|[from] ability: Hospitality|[of] p2a: Sinistcha\n|move|p1b: Dragapult|Dragon Darts|p2a: Sinistcha\n|-damage|p2a: Sinistcha|37/100\n|-anim|p1b: Dragapult|Dragon Darts|p2a: Sinistcha\n|-damage|p2a: Sinistcha|12/100\n|\n|-weather|Snowscape|[upkeep]\n|upkeep\n|turn|9\n|\n|t:|1776255837\n|move|p1b: Dragapult|Protect|p1b: Dragapult\n|-singleturn|p1b: Dragapult|Protect\n|move|p2a: Sinistcha|Rage Powder|p2a: Sinistcha\n|-singleturn|p2a: Sinistcha|move: Rage Powder\n|move|p2b: Crabominable|Ice Hammer|p1b: Dragapult\n|-activate|p1b: Dragapult|move: Protect\n|\n|-weather|Snowscape|[upkeep]\n|upkeep\n|turn|10\n|\n|t:|1776255850\n|move|p2a: Sinistcha|Rage Powder|p2a: Sinistcha\n|-singleturn|p2a: Sinistcha|move: Rage Powder\n|move|p2b: Crabominable|Ice Hammer|p1b: Dragapult\n|-supereffective|p1b: Dragapult|1\n|-enditem|p1b: Dragapult|Focus Sash\n|-damage|p1b: Dragapult|1/100\n|-unboost|p2b: Crabominable|spe|1\n|move|p1b: Dragapult|Dragon Darts|p2a: Sinistcha\n|-damage|p2a: Sinistcha|0 fnt\n|faint|p2a: Sinistcha\n|\n|-weather|Snowscape|[upkeep]\n|-fieldend|move: Trick Room\n|upkeep\n|\n|t:|1776255861\n|switch|p2a: Slowking|Slowking-Galar, L50, M|99/100\n|turn|11\n|\n|t:|1776255876\n|move|p1b: Dragapult|Phantom Force||[still]\n|-prepare|p1b: Dragapult|Phantom Force\n|move|p2a: Slowking|Sludge Bomb|p1b: Dragapult|[miss]\n|-miss|p2a: Slowking|p1b: Dragapult\n|move|p2b: Crabominable|Ice Hammer|p1b: Dragapult|[miss]\n|-miss|p2b: Crabominable|p1b: Dragapult\n|\n|-weather|Snowscape|[upkeep]\n|upkeep\n|turn|12\n|\n|t:|1776255898\n|move|p1b: Dragapult|Phantom Force|p2a: Slowking|[from] lockedmove\n|-supereffective|p2a: Slowking|1\n|-damage|p2a: Slowking|21/100\n|move|p2a: Slowking|Sludge Bomb|p1b: Dragapult\n|-resisted|p1b: Dragapult|1\n|-crit|p1b: Dragapult\n|-damage|p1b: Dragapult|0 fnt\n|faint|p1b: Dragapult\n|\n|win|DryIceBros\n|raw|JositoPkm's rating: 1112 &rarr; <strong>1093</strong><br />(-19 for losing)\n|raw|DryIceBros's rating: 1193 &rarr; <strong>1212</strong><br />(+19 for winning)\n",
  "uploadtime": 1776255904,
  "views": 19,
  "formatid": "gen9championsvgc2026regma",
  "rating": 1093,
  "private": 0,
  "password": null
}