{
  "id": "gen9championsvgc2026regma-2582041725",
  "format": "[Gen 9 Champions] VGC 2026 Reg M-A",
  "players": [
    "CorporateBrimstone",
    "KangarooToodleloo"
  ],
  "log": "|j|\u2606CorporateBrimstone\n|j|\u2606KangarooToodleloo\n|t:|1776051128\n|gametype|doubles\n|player|p1|CorporateBrimstone|coin|1270\n|player|p2|KangarooToodleloo|blue-masters|1271\n|gen|9\n|tier|[Gen 9 Champions] VGC 2026 Reg M-A\n|rated|\n|rule|Species Clause: Limit one of each Pok\u00e9mon\n|rule|Item Clause: Limit 1 of each item\n|clearpoke\n|poke|p1|Slowbro, L50, M|\n|poke|p1|Weavile, L50, M|\n|poke|p1|Sinistcha, L50|\n|poke|p1|Floette-Eternal, L50, F|\n|poke|p1|Aegislash, L50, F|\n|poke|p1|Garchomp, L50, F|\n|poke|p2|Gyarados, L50, F|\n|poke|p2|Incineroar, L50, M|\n|poke|p2|Gengar, L50, F|\n|poke|p2|Kommo-o, L50, M|\n|poke|p2|Sinistcha-Masterpiece, L50|\n|poke|p2|Kangaskhan, L50, F|\n|teampreview|4\n|\n|t:|1776051155\n|teamsize|p1|4\n|teamsize|p2|4\n|start\n|switch|p1a: Slowbro|Slowbro, L50, M|100/100\n|switch|p1b: Weavile|Weavile, L50, M|100/100\n|switch|p2a: Gengar|Gengar, L50, F|100/100\n|switch|p2b: Incineroar|Incineroar, L50, M|100/100\n|-ability|p1b: Weavile|Pressure\n|-ability|p2b: Incineroar|Intimidate|boost\n|-fail|p1a: Slowbro|unboost|Attack|[from] ability: Oblivious|[of] p1a: Slowbro\n|-unboost|p1b: Weavile|atk|1\n|turn|1\n|\n|t:|1776051166\n|switch|p1a: Aegislash|Aegislash, L50, F|100/100\n|move|p2a: Gengar|Protect|p2a: Gengar\n|-singleturn|p2a: Gengar|Protect\n|move|p1b: Weavile|Fake Out|p2b: Incineroar\n|-damage|p2b: Incineroar|92/100\n|cant|p2b: Incineroar|flinch\n|\n|upkeep\n|turn|2\n|\n|t:|1776051178\n|switch|p2a: Kangaskhan|Kangaskhan, L50, F|100/100\n|move|p1b: Weavile|Fling|p2b: Incineroar\n|-resisted|p2b: Incineroar|1\n|-damage|p2b: Incineroar|88/100\n|-enditem|p1b: Weavile|King's Rock|[from] move: Fling\n|cant|p2b: Incineroar|flinch\n|-formechange|p1a: Aegislash|Aegislash-Blade|\n|move|p1a: Aegislash|Poltergeist|p2a: Kangaskhan\n|-immune|p2a: Kangaskhan\n|\n|upkeep\n|turn|3\n|\n|t:|1776051191\n|switch|p1b: Slowbro|Slowbro, L50, M|100/100\n|-formechange|p1a: Aegislash|Aegislash|\n|move|p1a: Aegislash|King's Shield|p1a: Aegislash\n|-singleturn|p1a: Aegislash|Protect\n|move|p2a: Kangaskhan|Fake Out|p1a: Aegislash\n|-activate|p1a: Aegislash|move: Protect\n|-unboost|p2a: Kangaskhan|atk|1\n|move|p2b: Incineroar|Parting Shot|p1b: Slowbro\n|-unboost|p1b: Slowbro|atk|1\n|-unboost|p1b: Slowbro|spa|1\n|\n|t:|1776051196\n|switch|p2b: Gengar|Gengar, L50, F|100/100|[from] Parting Shot\n|\n|upkeep\n|turn|4\n|\n|t:|1776051207\n|detailschange|p2b: Gengar|Gengar-Mega, L50, F\n|-mega|p2b: Gengar|Gengar|Gengarite\n|detailschange|p1b: Slowbro|Slowbro-Mega, L50, M\n|-mega|p1b: Slowbro|Slowbro|Slowbronite\n|move|p2a: Kangaskhan|Sucker Punch|p1a: Aegislash\n|-supereffective|p1a: Aegislash|1\n|-damage|p1a: Aegislash|77/100\n|move|p2b: Gengar|Shadow Ball|p1a: Aegislash\n|-supereffective|p1a: Aegislash|1\n|-damage|p1a: Aegislash|0 fnt\n|faint|p1a: Aegislash\n|move|p1b: Slowbro|Amnesia|p1b: Slowbro\n|-boost|p1b: Slowbro|spd|2\n|\n|upkeep\n|\n|t:|1776051214\n|switch|p1a: Weavile|Weavile, L50, M|100/100\n|-ability|p1a: Weavile|Pressure\n|turn|5\n|\n|t:|1776051225\n|switch|p2b: Incineroar|Incineroar, L50, M|88/100\n|-ability|p2b: Incineroar|Intimidate|boost\n|-unboost|p1a: Weavile|atk|1\n|-unboost|p1b: Slowbro|atk|1\n|switch|p2a: Gyarados|Gyarados, L50, F|100/100\n|-ability|p2a: Gyarados|Intimidate|boost\n|-unboost|p1a: Weavile|atk|1\n|-unboost|p1b: Slowbro|atk|1\n|move|p1a: Weavile|Knock Off|p2b: Incineroar\n|-resisted|p2b: Incineroar|1\n|-damage|p2b: Incineroar|76/100\n|-enditem|p2b: Incineroar|Sitrus Berry|[from] move: Knock Off|[of] p1a: Weavile\n|move|p1b: Slowbro|Iron Defense|p1b: Slowbro\n|-boost|p1b: Slowbro|def|2\n|\n|upkeep\n|turn|6\n|\n|t:|1776051241\n|switch|p1a: Sinistcha|Sinistcha, L50|100/100\n|move|p2a: Gyarados|Taunt|p1b: Slowbro\n|-start|p1b: Slowbro|move: Taunt\n|move|p2b: Incineroar|Flare Blitz|p1a: Sinistcha\n|-supereffective|p1a: Sinistcha|1\n|-damage|p1a: Sinistcha|0 fnt\n|faint|p1a: Sinistcha\n|-damage|p2b: Incineroar|47/100|[from] Recoil\n|move|p1b: Slowbro|Body Press|p2b: Incineroar\n|-supereffective|p2b: Incineroar|1\n|-crit|p2b: Incineroar\n|-damage|p2b: Incineroar|0 fnt\n|faint|p2b: Incineroar\n|\n|upkeep\n|\n|t:|1776051252\n|switch|p1a: Weavile|Weavile, L50, M|100/100\n|switch|p2b: Kangaskhan|Kangaskhan, L50, F|100/100\n|-ability|p1a: Weavile|Pressure\n|turn|7\n|\n|t:|1776051264\n|move|p1a: Weavile|Fake Out|p2a: Gyarados\n|-damage|p2a: Gyarados|88/100\n|move|p2b: Kangaskhan|Fake Out|p1b: Slowbro\n|-damage|p1b: Slowbro|96/100\n|cant|p2a: Gyarados|flinch\n|cant|p1b: Slowbro|flinch\n|\n|upkeep\n|turn|8\n|\n|t:|1776051277\n|move|p1a: Weavile|Knock Off|p2a: Gyarados\n|-damage|p2a: Gyarados|45/100\n|-enditem|p2a: Gyarados|Lum Berry|[from] move: Knock Off|[of] p1a: Weavile\n|move|p2b: Kangaskhan|Low Kick|p1a: Weavile\n|-supereffective|p1a: Weavile|2\n|-damage|p1a: Weavile|0 fnt\n|faint|p1a: Weavile\n|move|p2a: Gyarados|Waterfall|p1b: Slowbro\n|-resisted|p1b: Slowbro|1\n|-damage|p1b: Slowbro|90/100\n|cant|p1b: Slowbro|flinch\n|\n|-end|p1b: Slowbro|move: Taunt\n|upkeep\n|turn|9\n|\n|t:|1776051289\n|switch|p2b: Gengar|Gengar-Mega, L50, F|100/100\n|move|p2a: Gyarados|Waterfall|p1b: Slowbro\n|-resisted|p1b: Slowbro|1\n|-damage|p1b: Slowbro|84/100\n|move|p1b: Slowbro|Body Press|p2b: Gengar\n|-immune|p2b: Gengar\n|\n|upkeep\n|turn|10\n|\n|t:|1776051297\n|move|p2a: Gyarados|Helping Hand|p2b: Gengar\n|-singleturn|p2b: Gengar|Helping Hand|[of] p2a: Gyarados\n|move|p2b: Gengar|Shadow Ball|p1b: Slowbro\n|-supereffective|p1b: Slowbro|1\n|-damage|p1b: Slowbro|26/100\n|-unboost|p1b: Slowbro|spd|1\n|move|p1b: Slowbro|Stored Power|p2b: Gengar\n|-supereffective|p2b: Gengar|1\n|-damage|p2b: Gengar|38/100\n|\n|upkeep\n|turn|11\n|l|\u2606CorporateBrimstone\n|player|p1|\n|inactive|Battle timer is ON: inactive players will automatically lose when time's up. (requested by KangarooToodleloo)\n|inactive|CorporateBrimstone has 30 seconds to reconnect!\n|inactive|CorporateBrimstone has 20 seconds to reconnect!\n|inactive|CorporateBrimstone has 15 seconds to reconnect!\n|inactive|CorporateBrimstone has 10 seconds to reconnect!\n|inactive|CorporateBrimstone has 5 seconds to reconnect!\n|-message|CorporateBrimstone lost due to inactivity.\n|\n|win|KangarooToodleloo\n|raw|CorporateBrimstone's rating: 1270 &rarr; <strong>1245</strong><br />(-25 for losing)\n|raw|KangarooToodleloo's rating: 1271 &rarr; <strong>1296</strong><br />(+25 for winning)\n",
  "uploadtime": 1776051543,
  "views": 31,
  "formatid": "gen9championsvgc2026regma",
  "rating": 1245,
  "private": 0,
  "password": null
}