{
  "id": "gen9championsvgc2026regma-2583702689",
  "format": "[Gen 9 Champions] VGC 2026 Reg M-A",
  "players": [
    "ramasaru",
    "snazzypancake"
  ],
  "log": "|j|\u2606ramasaru\n|j|\u2606snazzypancake\n|html|<table width=\"100%\"><tr><td align=\"left\">ramasaru</td><td align=\"right\">snazzypancake</tr><tr><td align=\"left\"><i class=\"fa fa-circle-o\"></i> <i class=\"fa fa-circle-o\"></i> </td><td align=\"right\"><i class=\"fa fa-circle-o\"></i> <i class=\"fa fa-circle\"></i> </tr></table>\n|uhtml|bestof|<h2><strong>Game 2</strong> of <a href=\"/game-bestof3-gen9championsvgc2026regma-2583696520\">a best-of-3</a></h2>\n|t:|1776192013\n|gametype|doubles\n|player|p1|ramasaru|fantina|\n|player|p2|snazzypancake|ghetsis-gen5bw|\n|gen|9\n|tier|[Gen 9 Champions] VGC 2026 Reg M-A\n|rule|Species Clause: Limit one of each Pok\u00e9mon\n|rule|Item Clause: Limit 1 of each item\n|raw|<div class=\"infobox\"><details class=\"readmore\" open><summary><strong>1 custom rule:</strong></summary> Best of = 3</details></div>\n|clearpoke\n|poke|p1|Meganium, L50, F|\n|poke|p1|Politoed, L50, M|\n|poke|p1|Basculegion, L50, M|\n|poke|p1|Maushold-Four, L50|\n|poke|p1|Archaludon, L50, F|\n|poke|p1|Talonflame, L50, F|\n|poke|p2|Delphox, L50, F|\n|poke|p2|Sableye, L50, M|\n|poke|p2|Sneasler, L50, F|\n|poke|p2|Aerodactyl, L50, F|\n|poke|p2|Garchomp, L50, M|\n|poke|p2|Orthworm, L50, M|\n|teampreview|4\n|\n|t:|1776192051\n|teamsize|p1|4\n|teamsize|p2|4\n|start\n|switch|p1a: Talonflame|Talonflame, L50, F|100/100\n|switch|p1b: Politoed|Politoed, L50, M|100/100\n|switch|p2a: Sneasler|Sneasler, L50, F|100/100\n|switch|p2b: Aerodactyl|Aerodactyl, L50, F|100/100\n|-ability|p2b: Aerodactyl|Unnerve\n|-weather|RainDance|[from] ability: Drizzle|[of] p1b: Politoed\n|turn|1\n|\n|t:|1776192073\n|switch|p1a: Archaludon|Archaludon, L50, F|100/100\n|move|p2a: Sneasler|Fake Out|p1a: Archaludon\n|-resisted|p1a: Archaludon|1\n|-damage|p1a: Archaludon|94/100\n|move|p2b: Aerodactyl|Rock Slide|p1b: Politoed|[spread] p1a,p1b\n|-resisted|p1a: Archaludon|1\n|-damage|p1a: Archaludon|79/100\n|-damage|p1b: Politoed|57/100\n|move|p1b: Politoed|Weather Ball|p2b: Aerodactyl\n|-supereffective|p2b: Aerodactyl|1\n|-damage|p2b: Aerodactyl|0 fnt\n|faint|p2b: Aerodactyl\n|\n|-weather|RainDance|[upkeep]\n|upkeep\n|\n|t:|1776192088\n|switch|p2b: Sableye|Sableye, L50, M|100/100\n|turn|2\n|c|\u2606ramasaru|:D\n|c|\u2606snazzypancake|i got read\n|\n|t:|1776192136\n|move|p2b: Sableye|Fake Out|p1a: Archaludon\n|-resisted|p1a: Archaludon|1\n|-damage|p1a: Archaludon|76/100\n|move|p2a: Sneasler|Close Combat|p1a: Archaludon\n|-supereffective|p1a: Archaludon|1\n|-damage|p1a: Archaludon|0 fnt\n|-unboost|p2a: Sneasler|def|1\n|-unboost|p2a: Sneasler|spd|1\n|faint|p1a: Archaludon\n|-enditem|p2a: Sneasler|White Herb\n|-clearnegativeboost|p2a: Sneasler|[silent]\n|move|p1b: Politoed|Icy Wind|p2a: Sneasler|[spread] p2a,p2b\n|-damage|p2a: Sneasler|88/100\n|-damage|p2b: Sableye|92/100\n|-unboost|p2a: Sneasler|spe|1\n|-unboost|p2b: Sableye|spe|1\n|\n|-weather|RainDance|[upkeep]\n|upkeep\n|c|\u2606ramasaru|:(\n|\n|t:|1776192156\n|switch|p1a: Talonflame|Talonflame, L50, F|100/100\n|turn|3\n|\n|t:|1776192180\n|move|p1a: Talonflame|Tailwind|p1a: Talonflame\n|-sidestart|p1: ramasaru|move: Tailwind\n|move|p2b: Sableye|Encore|p1b: Politoed\n|-start|p1b: Politoed|Encore\n|move|p2a: Sneasler|Dire Claw|p1a: Talonflame\n|-damage|p1a: Talonflame|32/100\n|-status|p1a: Talonflame|psn\n|-enditem|p1a: Talonflame|Lum Berry|[eat]\n|-curestatus|p1a: Talonflame|psn|[msg]\n|move|p1b: Politoed|Icy Wind|p2b: Sableye|[spread] p2a,p2b\n|-damage|p2a: Sneasler|77/100\n|-damage|p2b: Sableye|84/100\n|-unboost|p2a: Sneasler|spe|1\n|-unboost|p2b: Sableye|spe|1\n|\n|-weather|RainDance|[upkeep]\n|upkeep\n|turn|4\n|\n|t:|1776192211\n|switch|p1b: Basculegion|Basculegion, L50, M|100/100\n|move|p2b: Sableye|Encore|p1a: Talonflame\n|-start|p1a: Talonflame|Encore\n|move|p1a: Talonflame|Tailwind||[still]\n|-fail|p1a: Talonflame\n|move|p2a: Sneasler|Dire Claw|p1a: Talonflame\n|-damage|p1a: Talonflame|0 fnt\n|faint|p1a: Talonflame\n|\n|-weather|RainDance|[upkeep]\n|upkeep\n|c|\u2606ramasaru|fuuuuuck you\n|\n|t:|1776192227\n|switch|p1a: Politoed|Politoed, L50, M|57/100\n|turn|5\n|c|\u2606snazzypancake|PRANKSTER ENCORE MY BELOVED\n|\n|t:|1776192261\n|move|p2b: Sableye|Protect|p2b: Sableye\n|-singleturn|p2b: Sableye|Protect\n|move|p2a: Sneasler|Protect|p2a: Sneasler\n|-singleturn|p2a: Sneasler|Protect\n|move|p1b: Basculegion|Wave Crash|p2b: Sableye\n|-activate|p2b: Sableye|move: Protect\n|move|p1a: Politoed|Weather Ball|p2a: Sneasler\n|-activate|p2a: Sneasler|move: Protect\n|\n|-weather|none\n|upkeep\n|turn|6\n|c|\u2606ramasaru|double protect my behated\n|\n|t:|1776192297\n|switch|p2b: Delphox|Delphox, L50, F|100/100\n|move|p1a: Politoed|Helping Hand|p1b: Basculegion\n|-singleturn|p1b: Basculegion|Helping Hand|[of] p1a: Politoed\n|move|p1b: Basculegion|Wave Crash|p2a: Sneasler\n|-damage|p2a: Sneasler|0 fnt\n|faint|p2a: Sneasler\n|-damage|p1b: Basculegion|80/100|[from] Recoil\n|\n|-sideend|p1: ramasaru|move: Tailwind\n|upkeep\n|\n|t:|1776192306\n|switch|p2a: Sableye|Sableye, L50, M|84/100\n|turn|7\n|c|\u2606ramasaru|uh oh\n|\n|t:|1776192332\n|detailschange|p2b: Delphox|Delphox-Mega, L50, F\n|-mega|p2b: Delphox|Delphox|Delphoxite\n|move|p1a: Politoed|Helping Hand|p1b: Basculegion\n|-singleturn|p1b: Basculegion|Helping Hand|[of] p1a: Politoed\n|move|p2a: Sableye|Fake Out|p1a: Politoed\n|-damage|p1a: Politoed|47/100\n|-enditem|p1a: Politoed|Sitrus Berry|[eat]\n|-heal|p1a: Politoed|72/100|[from] item: Sitrus Berry\n|move|p2b: Delphox|Psychic|p1b: Basculegion\n|-damage|p1b: Basculegion|23/100\n|move|p1b: Basculegion|Wave Crash|p2b: Delphox\n|-supereffective|p2b: Delphox|1\n|-damage|p2b: Delphox|0 fnt\n|faint|p2b: Delphox\n|-damage|p1b: Basculegion|0 fnt|[from] Recoil\n|faint|p1b: Basculegion\n|\n|upkeep\n|turn|8\n|c|\u2606ramasaru|Blegh\n|c|\u2606ramasaru|hmmm\n|c|\u2606ramasaru|fuck\n|c|\u2606snazzypancake|talm bout sum blegh\n|c|\u2606snazzypancake|i won\n|c|\u2606ramasaru|Yeah....\n|c|\u2606snazzypancake|nothing you do here matters lol\n|c|\u2606ramasaru|The prankster encore of evil\n|\n|t:|1776192391\n|move|p1a: Politoed|Protect|p1a: Politoed\n|-singleturn|p1a: Politoed|Protect\n|move|p2a: Sableye|Encore|p1a: Politoed\n|-activate|p1a: Politoed|move: Protect\n|\n|upkeep\n|turn|9\n|\n|t:|1776192398\n|move|p1a: Politoed|Protect||[still]\n|-fail|p1a: Politoed\n|move|p2a: Sableye|Encore|p1a: Politoed\n|-start|p1a: Politoed|Encore\n|\n|upkeep\n|turn|10\n|\n|t:|1776192404\n|move|p1a: Politoed|Protect|p1a: Politoed\n|-singleturn|p1a: Politoed|Protect\n|move|p2a: Sableye|Foul Play|p1a: Politoed\n|-activate|p1a: Politoed|move: Protect\n|\n|upkeep\n|turn|11\n|\n|t:|1776192411\n|move|p1a: Politoed|Protect||[still]\n|-fail|p1a: Politoed\n|move|p2a: Sableye|Foul Play|p1a: Politoed\n|-crit|p1a: Politoed\n|-damage|p1a: Politoed|19/100\n|\n|upkeep\n|turn|12\n|\n|t:|1776192418\n|move|p1a: Politoed|Protect|p1a: Politoed\n|-singleturn|p1a: Politoed|Protect\n|move|p2a: Sableye|Foul Play|p1a: Politoed\n|-activate|p1a: Politoed|move: Protect\n|\n|-end|p1a: Politoed|Encore\n|upkeep\n|turn|13\n|\n|t:|1776192435\n|move|p2a: Sableye|Encore|p1a: Politoed\n|-start|p1a: Politoed|Encore\n|move|p1a: Politoed|Protect||[still]\n|-fail|p1a: Politoed\n|\n|upkeep\n|turn|14\n|c|\u2606ramasaru|:,(\n|\n|t:|1776192443\n|move|p1a: Politoed|Protect|p1a: Politoed\n|-singleturn|p1a: Politoed|Protect\n|move|p2a: Sableye|Foul Play|p1a: Politoed\n|-activate|p1a: Politoed|move: Protect\n|\n|upkeep\n|turn|15\n|\n|t:|1776192453\n|move|p1a: Politoed|Protect||[still]\n|-fail|p1a: Politoed\n|move|p2a: Sableye|Foul Play|p1a: Politoed\n|-damage|p1a: Politoed|0 fnt\n|faint|p1a: Politoed\n|\n|win|snazzypancake\n|c|\u2606ramasaru|</3\n|c|\u2606snazzypancake|sablegoat\n|l|\u2606ramasaru\n|player|p1|\n",
  "uploadtime": 1776192480,
  "views": 21,
  "formatid": "gen9championsvgc2026regma",
  "rating": null,
  "private": 0,
  "password": null
}