{
  "id": "gen9championsvgc2026regma-2583233538",
  "format": "[Gen 9 Champions] VGC 2026 Reg M-A",
  "players": [
    "Jealex",
    "xClickyx"
  ],
  "log": "|j|\u2606Jealex\n|j|\u2606xClickyx\n|t:|1776157688\n|gametype|doubles\n|player|p1|Jealex|266|1027\n|player|p2|xClickyx|guitarist-gen4|1058\n|gen|9\n|tier|[Gen 9 Champions] VGC 2026 Reg M-A\n|rated|\n|rule|Species Clause: Limit one of each Pok\u00e9mon\n|rule|Item Clause: Limit 1 of each item\n|clearpoke\n|poke|p1|Floette-Eternal, L50, F|\n|poke|p1|Maushold-Four, L50|\n|poke|p1|Garchomp, L50, F|\n|poke|p1|Aegislash, L50, F|\n|poke|p1|Rotom-Wash, L50|\n|poke|p1|Talonflame, L50, M|\n|poke|p2|Sneasler, L50, F|\n|poke|p2|Incineroar, L50, F|\n|poke|p2|Chandelure, L50, F|\n|poke|p2|Sinistcha, L50|\n|poke|p2|Aggron, L50, F|\n|poke|p2|Farigiraf, L50, F|\n|teampreview|4\n|\n|t:|1776157724\n|teamsize|p1|4\n|teamsize|p2|4\n|start\n|switch|p1a: Rotom|Rotom-Wash, L50, shiny|100/100\n|switch|p1b: Garchomp|Garchomp, L50, F|100/100\n|switch|p2a: Farigiraf|Farigiraf, L50, F|100/100\n|switch|p2b: Incineroar|Incineroar, L50, F|100/100\n|-ability|p2b: Incineroar|Intimidate|boost\n|-unboost|p1a: Rotom|atk|1\n|-unboost|p1b: Garchomp|atk|1\n|turn|1\n|\n|t:|1776157761\n|move|p2b: Incineroar|Fake Out|p1a: Rotom\n|-damage|p1a: Rotom|88/100\n|move|p1b: Garchomp|Earthquake|p2b: Incineroar|[spread] p2a,p2b\n|-immune|p1a: Rotom|[from] ability: Levitate\n|-supereffective|p2b: Incineroar|1\n|-damage|p2a: Farigiraf|72/100\n|-damage|p2b: Incineroar|49/100\n|-enditem|p2b: Incineroar|Sitrus Berry|[eat]\n|-heal|p2b: Incineroar|74/100|[from] item: Sitrus Berry\n|cant|p1a: Rotom|flinch\n|move|p2a: Farigiraf|Trick Room|p2a: Farigiraf\n|-fieldstart|move: Trick Room|[of] p2a: Farigiraf\n|\n|upkeep\n|turn|2\n|\n|t:|1776157780\n|move|p2a: Farigiraf|Hyper Voice|p1b: Garchomp|[spread] p1a,p1b\n|-damage|p1a: Rotom|63/100\n|-damage|p1b: Garchomp|75/100\n|move|p2b: Incineroar|Parting Shot|p1b: Garchomp\n|-unboost|p1b: Garchomp|atk|1\n|-unboost|p1b: Garchomp|spa|1\n|\n|t:|1776157794\n|switch|p2b: Sinistcha|Sinistcha, L50|100/100|[from] Parting Shot\n|-heal|p2a: Farigiraf|97/100|[from] ability: Hospitality|[of] p2b: Sinistcha\n|move|p1a: Rotom|Will-O-Wisp|p2b: Sinistcha\n|-status|p2b: Sinistcha|brn\n|move|p1b: Garchomp|Swords Dance|p1b: Garchomp\n|-boost|p1b: Garchomp|atk|2\n|\n|-damage|p2b: Sinistcha|94/100 brn|[from] brn\n|upkeep\n|turn|3\n|\n|t:|1776157814\n|move|p2a: Farigiraf|Twin Beam|p1b: Garchomp\n|-crit|p1b: Garchomp\n|-damage|p1b: Garchomp|51/100\n|-damage|p1b: Garchomp|34/100\n|-hitcount|p1b: Garchomp|2\n|move|p2b: Sinistcha|Matcha Gotcha|p1b: Garchomp|[spread] p1a,p1b\n|-supereffective|p1a: Rotom|1\n|-damage|p1a: Rotom|17/100\n|-heal|p2b: Sinistcha|100/100 brn|[from] drain|[of] p1a: Rotom\n|-damage|p1b: Garchomp|9/100\n|-status|p1b: Garchomp|brn\n|-enditem|p1a: Rotom|Sitrus Berry|[eat]\n|-heal|p1a: Rotom|42/100|[from] item: Sitrus Berry\n|move|p1a: Rotom|Will-O-Wisp|p2a: Farigiraf\n|-status|p2a: Farigiraf|brn\n|move|p1b: Garchomp|Swords Dance|p1b: Garchomp\n|-boost|p1b: Garchomp|atk|2\n|\n|-damage|p2a: Farigiraf|91/100 brn|[from] brn\n|-damage|p2b: Sinistcha|94/100 brn|[from] brn\n|-damage|p1b: Garchomp|3/100 brn|[from] brn\n|upkeep\n|turn|4\n|\n|t:|1776157845\n|move|p2a: Farigiraf|Twin Beam|p1a: Rotom\n|-damage|p1a: Rotom|29/100\n|-damage|p1a: Rotom|15/100\n|-hitcount|p1a: Rotom|2\n|move|p2b: Sinistcha|Matcha Gotcha|p1b: Garchomp|[spread] p1a\n|-miss|p2b: Sinistcha|p1b: Garchomp\n|-supereffective|p1a: Rotom|1\n|-crit|p1a: Rotom\n|-damage|p1a: Rotom|0 fnt\n|-heal|p2b: Sinistcha|100/100 brn|[from] drain|[of] p1a: Rotom\n|faint|p1a: Rotom\n|move|p1b: Garchomp|Rock Slide|p2b: Sinistcha|[spread] p2a\n|-miss|p1b: Garchomp|p2b: Sinistcha\n|-damage|p2a: Farigiraf|71/100 brn\n|\n|-damage|p2a: Farigiraf|64/100 brn|[from] brn\n|-damage|p2b: Sinistcha|94/100 brn|[from] brn\n|-damage|p1b: Garchomp|0 fnt|[from] brn\n|faint|p1b: Garchomp\n|upkeep\n|\n|t:|1776157865\n|switch|p1a: Talonflame|Talonflame, L50, M|100/100\n|switch|p1b: Aegislash|Aegislash, L50, F, shiny|100/100\n|turn|5\n|\n|t:|1776157887\n|switch|p2a: Incineroar|Incineroar, L50, F|74/100\n|-ability|p2a: Incineroar|Intimidate|boost\n|-unboost|p1a: Talonflame|atk|1\n|-unboost|p1b: Aegislash|atk|1\n|-enditem|p1b: Aegislash|White Herb\n|-clearnegativeboost|p1b: Aegislash|[silent]\n|move|p2b: Sinistcha|Protect|p2b: Sinistcha\n|-singleturn|p2b: Sinistcha|Protect\n|move|p1a: Talonflame|Acrobatics|p2b: Sinistcha\n|-activate|p2b: Sinistcha|move: Protect\n|move|p1b: Aegislash|Swords Dance|p1b: Aegislash\n|-boost|p1b: Aegislash|atk|2\n|\n|-heal|p2b: Sinistcha|100/100 brn|[from] item: Leftovers\n|-damage|p2b: Sinistcha|94/100 brn|[from] brn\n|-fieldend|move: Trick Room\n|upkeep\n|turn|6\n|\n|t:|1776157909\n|move|p1a: Talonflame|Protect|p1a: Talonflame\n|-singleturn|p1a: Talonflame|Protect\n|move|p2a: Incineroar|Fake Out|p1a: Talonflame\n|-activate|p1a: Talonflame|move: Protect\n|move|p1b: Aegislash|Swords Dance|p1b: Aegislash\n|-boost|p1b: Aegislash|atk|2\n|move|p2b: Sinistcha|Trick Room|p2b: Sinistcha\n|-fieldstart|move: Trick Room|[of] p2b: Sinistcha\n|\n|-heal|p2b: Sinistcha|100/100 brn|[from] item: Leftovers\n|-damage|p2b: Sinistcha|94/100 brn|[from] brn\n|upkeep\n|turn|7\n|\n|t:|1776157935\n|switch|p2b: Aggron|Aggron, L50, F|100/100\n|move|p1a: Talonflame|Acrobatics|p2b: Aggron\n|-resisted|p2b: Aggron|2\n|-damage|p2b: Aggron|96/100\n|-formechange|p1b: Aegislash|Aegislash-Blade|\n|move|p1b: Aegislash|Sacred Sword|p2a: Incineroar\n|-supereffective|p2a: Incineroar|1\n|-damage|p2a: Incineroar|0 fnt\n|faint|p2a: Incineroar\n|\n|upkeep\n|\n|t:|1776157953\n|switch|p2a: Farigiraf|Farigiraf, L50, F|64/100 brn\n|turn|8\n|\n|t:|1776157964\n|detailschange|p2b: Aggron|Aggron-Mega, L50, F\n|-mega|p2b: Aggron|Aggron|Aggronite\n|-formechange|p1b: Aegislash|Aegislash|\n|move|p1b: Aegislash|King's Shield|p1b: Aegislash\n|-singleturn|p1b: Aegislash|Protect\n|move|p1a: Talonflame|Protect|p1a: Talonflame\n|-singleturn|p1a: Talonflame|Protect\n|move|p2b: Aggron|High Horsepower|p1b: Aegislash\n|-activate|p1b: Aegislash|move: Protect\n|-unboost|p2b: Aggron|atk|1\n|move|p2a: Farigiraf|Twin Beam|p1a: Talonflame\n|-activate|p1a: Talonflame|move: Protect\n|\n|-damage|p2a: Farigiraf|58/100 brn|[from] brn\n|upkeep\n|turn|9\n|\n|t:|1776157993\n|move|p2b: Aggron|High Horsepower|p1b: Aegislash\n|-supereffective|p1b: Aegislash|1\n|-damage|p1b: Aegislash|52/100\n|move|p2a: Farigiraf|Twin Beam|p1a: Talonflame\n|-damage|p1a: Talonflame|76/100\n|-damage|p1a: Talonflame|53/100\n|-hitcount|p1a: Talonflame|2\n|-formechange|p1b: Aegislash|Aegislash-Blade|\n|move|p1b: Aegislash|Sacred Sword|p2b: Aggron\n|-supereffective|p2b: Aggron|1\n|-damage|p2b: Aggron|12/100\n|move|p1a: Talonflame|Flare Blitz|p2b: Aggron\n|-supereffective|p2b: Aggron|1\n|-damage|p2b: Aggron|0 fnt\n|faint|p2b: Aggron\n|-damage|p1a: Talonflame|50/100|[from] Recoil\n|\n|-damage|p2a: Farigiraf|52/100 brn|[from] brn\n|upkeep\n|\n|t:|1776158012\n|switch|p2b: Sinistcha|Sinistcha, L50|94/100 brn\n|-heal|p2a: Farigiraf|77/100 brn|[from] ability: Hospitality|[of] p2b: Sinistcha\n|turn|10\n|\n|t:|1776158030\n|-formechange|p1b: Aegislash|Aegislash|\n|move|p1b: Aegislash|King's Shield|p1b: Aegislash\n|-singleturn|p1b: Aegislash|Protect\n|move|p2a: Farigiraf|Twin Beam|p1a: Talonflame\n|-damage|p1a: Talonflame|24/100\n|-damage|p1a: Talonflame|0 fnt\n|faint|p1a: Talonflame\n|-hitcount|p1: Talonflame|2\n|move|p2b: Sinistcha|Matcha Gotcha|p1b: Aegislash\n|-activate|p1b: Aegislash|move: Protect\n|\n|-heal|p2b: Sinistcha|100/100 brn|[from] item: Leftovers\n|-damage|p2a: Farigiraf|71/100 brn|[from] brn\n|-damage|p2b: Sinistcha|94/100 brn|[from] brn\n|-fieldend|move: Trick Room\n|upkeep\n|turn|11\n|\n|t:|1776158050\n|move|p2b: Sinistcha|Rage Powder|p2b: Sinistcha\n|-singleturn|p2b: Sinistcha|move: Rage Powder\n|move|p1b: Aegislash|Swords Dance|p1b: Aegislash\n|-boost|p1b: Aegislash|atk|2\n|move|p2a: Farigiraf|Twin Beam|p1b: Aegislash\n|-resisted|p1b: Aegislash|1\n|-damage|p1b: Aegislash|45/100\n|-resisted|p1b: Aegislash|1\n|-damage|p1b: Aegislash|38/100\n|-hitcount|p1b: Aegislash|2\n|\n|-heal|p2b: Sinistcha|100/100 brn|[from] item: Leftovers\n|-damage|p2b: Sinistcha|94/100 brn|[from] brn\n|-damage|p2a: Farigiraf|64/100 brn|[from] brn\n|upkeep\n|turn|12\n|\n|t:|1776158073\n|move|p2b: Sinistcha|Protect|p2b: Sinistcha\n|-singleturn|p2b: Sinistcha|Protect\n|-formechange|p1b: Aegislash|Aegislash-Blade|\n|move|p1b: Aegislash|Iron Head|p2b: Sinistcha\n|-activate|p2b: Sinistcha|move: Protect\n|move|p2a: Farigiraf|Twin Beam|p1b: Aegislash\n|-resisted|p1b: Aegislash|1\n|-damage|p1b: Aegislash|23/100\n|-resisted|p1b: Aegislash|1\n|-damage|p1b: Aegislash|10/100\n|-hitcount|p1b: Aegislash|2\n|\n|-heal|p2b: Sinistcha|100/100 brn|[from] item: Leftovers\n|-damage|p2b: Sinistcha|94/100 brn|[from] brn\n|-damage|p2a: Farigiraf|58/100 brn|[from] brn\n|upkeep\n|turn|13\n|\n|t:|1776158090\n|-formechange|p1b: Aegislash|Aegislash|\n|move|p1b: Aegislash|King's Shield|p1b: Aegislash\n|-singleturn|p1b: Aegislash|Protect\n|move|p2b: Sinistcha|Rage Powder|p2b: Sinistcha\n|-singleturn|p2b: Sinistcha|move: Rage Powder\n|move|p2a: Farigiraf|Twin Beam|p1b: Aegislash\n|-activate|p1b: Aegislash|move: Protect\n|\n|-heal|p2b: Sinistcha|100/100 brn|[from] item: Leftovers\n|-damage|p2b: Sinistcha|94/100 brn|[from] brn\n|-damage|p2a: Farigiraf|52/100 brn|[from] brn\n|upkeep\n|turn|14\n|\n|t:|1776158110\n|move|p2b: Sinistcha|Matcha Gotcha|p1b: Aegislash\n|-resisted|p1b: Aegislash|1\n|-damage|p1b: Aegislash|0 fnt\n|-heal|p2b: Sinistcha|99/100 brn|[from] drain|[of] p1b: Aegislash\n|faint|p1b: Aegislash\n|\n|win|xClickyx\n|raw|Jealex's rating: 1027 &rarr; <strong>1014</strong><br />(-13 for losing)\n|raw|xClickyx's rating: 1058 &rarr; <strong>1087</strong><br />(+29 for winning)\n",
  "uploadtime": 1776158118,
  "views": 19,
  "formatid": "gen9championsvgc2026regma",
  "rating": 1014,
  "private": 0,
  "password": null
}