{
  "id": "gen9championsvgc2026regma-2580719269",
  "format": "[Gen 9 Champions] VGC 2026 Reg M-A",
  "players": [
    "EmbraceTheDharc",
    "shigeshigetokugawa"
  ],
  "log": "|j|\u2606EmbraceTheDharc\n|j|\u2606shigeshigetokugawa\n|t:|1775926903\n|gametype|doubles\n|player|p1|EmbraceTheDharc|lance|1235\n|player|p2|shigeshigetokugawa|ghetsis-gen5bw|1304\n|gen|9\n|tier|[Gen 9 Champions] VGC 2026 Reg M-A\n|rated|\n|rule|Species Clause: Limit one of each Pok\u00e9mon\n|rule|Item Clause: Limit 1 of each item\n|clearpoke\n|poke|p1|Politoed, L50, M|\n|poke|p1|Sneasler, L50, F|\n|poke|p1|Basculegion, L50, M|\n|poke|p1|Scizor, L50, M|\n|poke|p1|Gyarados, L50, M|\n|poke|p1|Gengar, L50, F|\n|poke|p2|Floette-Eternal, L50, F|\n|poke|p2|Garchomp, L50, M|\n|poke|p2|Rotom-Wash, L50|\n|poke|p2|Talonflame, L50, M|\n|poke|p2|Aegislash, L50, M|\n|poke|p2|Maushold-Four, L50|\n|teampreview|4\n|\n|t:|1775926945\n|teamsize|p1|4\n|teamsize|p2|4\n|start\n|switch|p1a: Gengar|Gengar, L50, F|100/100\n|switch|p1b: Scizor|Scizor, L50, M|100/100\n|switch|p2a: Rotom|Rotom-Wash, L50|100/100\n|switch|p2b: Aegislash|Aegislash, L50, M|100/100\n|turn|1\n|\n|t:|1775926961\n|move|p1a: Gengar|Protect|p1a: Gengar\n|-singleturn|p1a: Gengar|Protect\n|move|p2b: Aegislash|King's Shield|p2b: Aegislash\n|-singleturn|p2b: Aegislash|Protect\n|move|p2a: Rotom|Volt Switch|p1a: Gengar\n|-activate|p1a: Gengar|move: Protect\n|move|p1b: Scizor|Trailblaze|p2a: Rotom\n|-supereffective|p2a: Rotom|1\n|-damage|p2a: Rotom|38/100\n|-boost|p1b: Scizor|spe|1\n|-enditem|p2a: Rotom|Sitrus Berry|[eat]\n|-heal|p2a: Rotom|63/100|[from] item: Sitrus Berry\n|\n|upkeep\n|turn|2\n|\n|t:|1775926986\n|switch|p2a: Talonflame|Talonflame, L50, M|100/100\n|move|p1a: Gengar|Shadow Ball|p2b: Aegislash\n|-supereffective|p2b: Aegislash|1\n|-crit|p2b: Aegislash\n|-damage|p2b: Aegislash|0 fnt\n|faint|p2b: Aegislash\n|move|p1b: Scizor|Trailblaze|p2a: Talonflame\n|-resisted|p2a: Talonflame|2\n|-damage|p2a: Talonflame|90/100\n|-boost|p1b: Scizor|spe|1\n|\n|upkeep\n|\n|t:|1775926993\n|switch|p2b: Garchomp|Garchomp, L50, M|100/100\n|turn|3\n|\n|t:|1775927031\n|move|p1b: Scizor|Bullet Punch|p2b: Garchomp\n|-damage|p2b: Garchomp|66/100\n|-damage|p1b: Scizor|88/100|[from] ability: Rough Skin|[of] p2b: Garchomp\n|move|p2a: Talonflame|Tailwind|p2a: Talonflame\n|-sidestart|p2: shigeshigetokugawa|move: Tailwind\n|move|p2b: Garchomp|Earthquake|p1b: Scizor|[spread] p1a,p1b\n|-immune|p2a: Talonflame\n|-supereffective|p1a: Gengar|1\n|-damage|p1a: Gengar|0 fnt\n|-damage|p1b: Scizor|41/100\n|-start|p2b: Garchomp|Disable|Earthquake|[from] ability: Cursed Body|[of] p1a: Gengar\n|faint|p1a: Gengar\n|\n|upkeep\n|\n|t:|1775927045\n|switch|p1a: Gyarados|Gyarados, L50, M|100/100\n|-ability|p1a: Gyarados|Intimidate|boost\n|-unboost|p2a: Talonflame|atk|1\n|-unboost|p2b: Garchomp|atk|1\n|turn|4\n|\n|t:|1775927055\n|switch|p2a: Rotom|Rotom-Wash, L50|63/100\n|move|p1b: Scizor|Protect|p1b: Scizor\n|-singleturn|p1b: Scizor|Protect\n|move|p2b: Garchomp|Rock Slide|p1b: Scizor|[spread] p1a\n|-activate|p1b: Scizor|move: Protect\n|-supereffective|p1a: Gyarados|1\n|-damage|p1a: Gyarados|71/100\n|move|p1a: Gyarados|Waterfall|p2a: Rotom\n|-resisted|p2a: Rotom|1\n|-damage|p2a: Rotom|39/100\n|\n|upkeep\n|turn|5\n|\n|t:|1775927081\n|detailschange|p1a: Gyarados|Gyarados-Mega, L50, M\n|-mega|p1a: Gyarados|Gyarados|Gyaradosite\n|-ability|p1a: Gyarados|Mold Breaker\n|move|p1b: Scizor|Bullet Punch|p2b: Garchomp\n|-damage|p2b: Garchomp|31/100\n|-damage|p1b: Scizor|28/100|[from] ability: Rough Skin|[of] p2b: Garchomp\n|move|p2b: Garchomp|Rock Slide|p1a: Gyarados|[spread] p1b\n|-miss|p2b: Garchomp|p1a: Gyarados\n|-damage|p1b: Scizor|16/100\n|move|p2a: Rotom|Thunderbolt|p1b: Scizor\n|-damage|p1b: Scizor|0 fnt\n|faint|p1b: Scizor\n|move|p1a: Gyarados|Crunch|p2a: Rotom\n|-damage|p2a: Rotom|0 fnt\n|faint|p2a: Rotom\n|\n|upkeep\n|\n|t:|1775927097\n|switch|p2a: Talonflame|Talonflame, L50, M|90/100\n|switch|p1b: Basculegion|Basculegion, L50, M|100/100\n|turn|6\n|\n|t:|1775927123\n|move|p1b: Basculegion|Aqua Jet|p2a: Talonflame\n|-supereffective|p2a: Talonflame|1\n|-damage|p2a: Talonflame|4/100\n|move|p2a: Talonflame|Acrobatics|p1b: Basculegion\n|-damage|p1b: Basculegion|49/100\n|move|p2b: Garchomp|Stomping Tantrum|p1b: Basculegion\n|-damage|p1b: Basculegion|11/100\n|move|p1a: Gyarados|Waterfall|p2b: Garchomp\n|-damage|p2b: Garchomp|0 fnt\n|-damage|p1a: Gyarados|58/100|[from] ability: Rough Skin|[of] p2b: Garchomp\n|faint|p2b: Garchomp\n|\n|-sideend|p2: shigeshigetokugawa|move: Tailwind\n|upkeep\n|turn|7\n|-message|shigeshigetokugawa forfeited.\n|\n|win|EmbraceTheDharc\n|raw|EmbraceTheDharc's rating: 1235 &rarr; <strong>1265</strong><br />(+30 for winning)\n|raw|shigeshigetokugawa's rating: 1304 &rarr; <strong>1280</strong><br />(-24 for losing)\n|l|\u2606shigeshigetokugawa\n|player|p2|\n",
  "uploadtime": 1775927143,
  "views": 67,
  "formatid": "gen9championsvgc2026regma",
  "rating": 1265,
  "private": 0,
  "password": null
}