{
  "id": "gen9championsvgc2026regma-2583676488",
  "format": "[Gen 9 Champions] VGC 2026 Reg M-A",
  "players": [
    "yoyotheyogurt",
    "EkCantDrawLol"
  ],
  "log": "|j|\u203dyoyotheyogurt\n|j|\u203dEkCantDrawLol\n|t:|1776190391\n|gametype|doubles\n|player|p1|yoyotheyogurt|101|1168\n|player|p2|EkCantDrawLol|skierf|1163\n|gen|9\n|tier|[Gen 9 Champions] VGC 2026 Reg M-A\n|rated|\n|rule|Species Clause: Limit one of each Pok\u00e9mon\n|rule|Item Clause: Limit 1 of each item\n|clearpoke\n|poke|p1|Dragonite, L50, M|\n|poke|p1|Snorlax, L50, M|\n|poke|p1|Audino, L50, M|\n|poke|p1|Ninetales-Alola, L50, F|\n|poke|p1|Rotom-Wash, L50|\n|poke|p1|Garchomp, L50, M|\n|poke|p2|Corviknight, L50, F|\n|poke|p2|Froslass, L50, F|\n|poke|p2|Garchomp, L50, F|\n|poke|p2|Rotom-Wash, L50|\n|poke|p2|Sneasler, L50, M|\n|poke|p2|Incineroar, L50, F|\n|teampreview|4\n|j| corpseblooming\n|l| corpseblooming\n|\n|t:|1776190441\n|teamsize|p1|4\n|teamsize|p2|4\n|start\n|switch|p1a: Dragonite|Dragonite, L50, M, shiny|100/100\n|switch|p1b: Garchomp|Garchomp, L50, M|100/100\n|switch|p2a: Sneasler|Sneasler, L50, M|100/100\n|switch|p2b: Corviknight|Corviknight, L50, F|100/100\n|turn|1\n|inactive|Battle timer is ON: inactive players will automatically lose when time's up. (requested by yoyotheyogurt)\n|\n|t:|1776190458\n|move|p2a: Sneasler|Fake Out|p1b: Garchomp\n|-damage|p1b: Garchomp|87/100\n|-damage|p2a: Sneasler|88/100|[from] ability: Rough Skin|[of] p1b: Garchomp\n|cant|p1b: Garchomp|flinch\n|move|p1a: Dragonite|Dragon Dance|p1a: Dragonite\n|-boost|p1a: Dragonite|atk|1\n|-boost|p1a: Dragonite|spe|1\n|move|p2b: Corviknight|Tailwind|p2b: Corviknight\n|-sidestart|p2: EkCantDrawLol|move: Tailwind\n|\n|upkeep\n|turn|2\n|\n|t:|1776190471\n|move|p2a: Sneasler|Dire Claw|p1a: Dragonite\n|-damage|p1a: Dragonite|53/100\n|move|p1b: Garchomp|Breaking Swipe|p2b: Corviknight|[spread] p2a,p2b\n|-resisted|p2b: Corviknight|1\n|-damage|p2a: Sneasler|47/100\n|-damage|p2b: Corviknight|92/100\n|-unboost|p2a: Sneasler|atk|1\n|-ability|p2b: Corviknight|Mirror Armor\n|-unboost|p1b: Garchomp|atk|1\n|move|p1a: Dragonite|Dragon Dance|p1a: Dragonite\n|-boost|p1a: Dragonite|atk|1\n|-boost|p1a: Dragonite|spe|1\n|move|p2b: Corviknight|Taunt|p1a: Dragonite\n|-start|p1a: Dragonite|move: Taunt\n|\n|upkeep\n|turn|3\n|inactive|yoyotheyogurt has 30 seconds left.\n|\n|t:|1776190501\n|move|p2a: Sneasler|Dire Claw|p1a: Dragonite\n|-damage|p1a: Dragonite|21/100\n|move|p1a: Dragonite|Low Kick|p2b: Corviknight\n|-damage|p2b: Corviknight|57/100\n|move|p1b: Garchomp|Breaking Swipe|p2b: Corviknight|[spread] p2a,p2b\n|-resisted|p2b: Corviknight|1\n|-damage|p2a: Sneasler|19/100\n|-damage|p2b: Corviknight|52/100\n|-unboost|p2a: Sneasler|atk|1\n|-ability|p2b: Corviknight|Mirror Armor\n|-unboost|p1b: Garchomp|atk|1\n|move|p2b: Corviknight|Body Press|p1b: Garchomp\n|-damage|p1b: Garchomp|60/100\n|-damage|p2b: Corviknight|40/100|[from] ability: Rough Skin|[of] p1b: Garchomp\n|\n|upkeep\n|turn|4\n|\n|t:|1776190523\n|move|p2a: Sneasler|Dire Claw|p1a: Dragonite\n|-damage|p1a: Dragonite|0 fnt\n|faint|p1a: Dragonite\n|move|p1b: Garchomp|Breaking Swipe|p2a: Sneasler|[spread] p2a,p2b\n|-resisted|p2b: Corviknight|1\n|-damage|p2a: Sneasler|0 fnt\n|-damage|p2b: Corviknight|36/100\n|-ability|p2b: Corviknight|Mirror Armor\n|-unboost|p1b: Garchomp|atk|1\n|faint|p2a: Sneasler\n|move|p2b: Corviknight|Body Press|p1b: Garchomp\n|-crit|p1b: Garchomp\n|-damage|p1b: Garchomp|23/100\n|-damage|p2b: Corviknight|24/100|[from] ability: Rough Skin|[of] p1b: Garchomp\n|\n|-sideend|p2: EkCantDrawLol|move: Tailwind\n|upkeep\n|\n|t:|1776190545\n|switch|p2a: Froslass|Froslass, L50, F|100/100\n|switch|p1a: Audino|Audino, L50, M|100/100\n|turn|5\n|\n|t:|1776190560\n|detailschange|p2a: Froslass|Froslass-Mega, L50, F\n|-mega|p2a: Froslass|Froslass|Froslassite\n|-weather|Snowscape|[from] ability: Snow Warning|[of] p2a: Froslass\n|detailschange|p1a: Audino|Audino-Mega, L50, M\n|-mega|p1a: Audino|Audino|Audinite\n|move|p1b: Garchomp|Breaking Swipe|p2a: Froslass|[spread] p2a,p2b\n|-resisted|p2b: Corviknight|1\n|-damage|p2a: Froslass|88/100\n|-damage|p2b: Corviknight|21/100\n|-unboost|p2a: Froslass|atk|1\n|-ability|p2b: Corviknight|Mirror Armor\n|-unboost|p1b: Garchomp|atk|1\n|move|p2a: Froslass|Blizzard|p1b: Garchomp|[spread] p1a,p1b\n|-supereffective|p1b: Garchomp|2\n|-damage|p1a: Audino|75/100\n|-damage|p1b: Garchomp|0 fnt\n|-status|p1a: Audino|frz\n|faint|p1b: Garchomp\n|move|p2b: Corviknight|Body Press|p1a: Audino\n|-damage|p1a: Audino|58/100 frz\n|cant|p1a: Audino|frz\n|\n|-weather|Snowscape|[upkeep]\n|upkeep\n|\n|t:|1776190580\n|switch|p1b: Rotom|Rotom-Wash, L50|100/100\n|turn|6\n|\n|t:|1776190591\n|move|p2a: Froslass|Shadow Ball|p1b: Rotom\n|-crit|p1b: Rotom\n|-damage|p1b: Rotom|39/100\n|move|p1b: Rotom|Electroweb|p2b: Corviknight|[spread] p2a,p2b\n|-supereffective|p2b: Corviknight|1\n|-enditem|p2b: Corviknight|Wacan Berry|[eat]\n|-enditem|p2b: Corviknight|Wacan Berry|[weaken]\n|-damage|p2a: Froslass|69/100\n|-damage|p2b: Corviknight|6/100\n|-unboost|p2a: Froslass|spe|1\n|-ability|p2b: Corviknight|Mirror Armor\n|-unboost|p1b: Rotom|spe|1\n|move|p2b: Corviknight|Body Press|p1b: Rotom\n|-damage|p1b: Rotom|16/100\n|cant|p1a: Audino|frz\n|\n|-weather|Snowscape|[upkeep]\n|-heal|p1b: Rotom|22/100|[from] item: Leftovers\n|upkeep\n|turn|7\n|\n|t:|1776190608\n|switch|p2a: Garchomp|Garchomp, L50, F|100/100\n|move|p1b: Rotom|Protect|p1b: Rotom\n|-singleturn|p1b: Rotom|Protect\n|move|p2b: Corviknight|Body Press|p1b: Rotom\n|-activate|p1b: Rotom|move: Protect\n|-curestatus|p1a: Audino|frz|[msg]\n|move|p1a: Audino|Life Dew|p1a: Audino|[spread] p1a,p1b\n|-heal|p1a: Audino|83/100\n|-heal|p1b: Rotom|46/100\n|\n|-weather|Snowscape|[upkeep]\n|-heal|p1b: Rotom|52/100|[from] item: Leftovers\n|upkeep\n|turn|8\n|inactive|EkCantDrawLol has 30 seconds left.\n|\n|t:|1776190641\n|move|p2a: Garchomp|Dragon Claw|p1b: Rotom\n|-damage|p1b: Rotom|14/100\n|move|p2b: Corviknight|Body Press|p1b: Rotom\n|-damage|p1b: Rotom|0 fnt\n|faint|p1b: Rotom\n|move|p1a: Audino|Dazzling Gleam|p2b: Corviknight|[spread] p2a,p2b\n|-supereffective|p2a: Garchomp|1\n|-resisted|p2b: Corviknight|1\n|-damage|p2a: Garchomp|64/100\n|-damage|p2b: Corviknight|0 fnt\n|faint|p2b: Corviknight\n|\n|-weather|Snowscape|[upkeep]\n|upkeep\n|\n|t:|1776190644\n|switch|p2b: Froslass|Froslass-Mega, L50, F|69/100\n|turn|9\n|\n|t:|1776190667\n|move|p2a: Garchomp|Protect|p2a: Garchomp\n|-singleturn|p2a: Garchomp|Protect\n|move|p2b: Froslass|Blizzard|p1a: Audino\n|-damage|p1a: Audino|47/100\n|move|p1a: Audino|Calm Mind|p1a: Audino\n|-boost|p1a: Audino|spa|1\n|-boost|p1a: Audino|spd|1\n|\n|-weather|none\n|upkeep\n|turn|10\n|\n|t:|1776190689\n|move|p2b: Froslass|Thunderbolt|p1a: Audino\n|-damage|p1a: Audino|35/100\n|move|p2a: Garchomp|Earthquake|p1a: Audino|[spread] p2b,p1a\n|-damage|p2b: Froslass|2/100\n|-damage|p1a: Audino|10/100\n|move|p1a: Audino|Dazzling Gleam|p2a: Garchomp|[spread] p2a,p2b\n|-supereffective|p2a: Garchomp|1\n|-damage|p2a: Garchomp|5/100\n|-damage|p2b: Froslass|0 fnt\n|faint|p2b: Froslass\n|\n|upkeep\n|turn|11\n|\n|t:|1776190700\n|move|p2a: Garchomp|Earthquake|p1a: Audino\n|-damage|p1a: Audino|0 fnt\n|faint|p1a: Audino\n|\n|win|EkCantDrawLol\n|raw|yoyotheyogurt's rating: 1168 &rarr; <strong>1143</strong><br />(-25 for losing)\n|raw|EkCantDrawLol's rating: 1163 &rarr; <strong>1188</strong><br />(+25 for winning)\n",
  "uploadtime": 1776190702,
  "views": 17,
  "formatid": "gen9championsvgc2026regma",
  "rating": 1143,
  "private": 0,
  "password": null
}