{
  "id": "gen9championsvgc2026regma-2587364704",
  "format": "[Gen 9 Champions] VGC 2026 Reg M-A",
  "players": [
    "Little Fritz",
    "misscarolina"
  ],
  "log": "|j|\u2606Little Fritz\n|j|\u2606misscarolina\n|t:|1776525629\n|gametype|doubles\n|player|p1|Little Fritz|2|1176\n|player|p2|misscarolina|youngcouple|1083\n|gen|9\n|tier|[Gen 9 Champions] VGC 2026 Reg M-A\n|rated|\n|rule|Species Clause: Limit one of each Pok\u00e9mon\n|rule|Item Clause: Limit 1 of each item\n|clearpoke\n|poke|p1|Meganium, L50, M|\n|poke|p1|Dragonite, L50, M|\n|poke|p1|Archaludon, L50, F|\n|poke|p1|Pelipper, L50, F|\n|poke|p1|Basculegion, L50, M|\n|poke|p1|Sneasler, L50, F|\n|poke|p2|Sinistcha-Masterpiece, L50|\n|poke|p2|Hawlucha, L50, M|\n|poke|p2|Snorlax, L50, M|\n|poke|p2|Incineroar, L50, F|\n|poke|p2|Rotom-Wash, L50|\n|poke|p2|Glimmora, L50, M|\n|teampreview|4\n|c|\u2606misscarolina|gl\nmisscarolina rejected open team sheets.\n|\n|t:|1776525665\n|teamsize|p1|4\n|teamsize|p2|4\n|start\n|switch|p1a: Sneasler|Sneasler, L50, F|100/100\n|switch|p1b: Archaludon|Archaludon, L50, F|100/100\n|switch|p2a: Hawlucha|Hawlucha, L50, M|100/100\n|switch|p2b: Snorlax|Snorlax, L50, M|100/100\n|turn|1\n|\n|t:|1776525688\n|detailschange|p2a: Hawlucha|Hawlucha-Mega, L50, M\n|-mega|p2a: Hawlucha|Hawlucha|Hawluchanite\n|move|p1a: Sneasler|Fake Out|p2a: Hawlucha\n|-damage|p2a: Hawlucha|86/100\n|cant|p2a: Hawlucha|flinch\n|move|p1b: Archaludon|Dragon Pulse|p2a: Hawlucha\n|-damage|p2a: Hawlucha|42/100\n|move|p2b: Snorlax|Fissure|p1a: Sneasler|[miss]\n|-miss|p2b: Snorlax|p1a: Sneasler\n|\n|upkeep\n|turn|2\n|\n|t:|1776525711\n|move|p1a: Sneasler|Close Combat|p2b: Snorlax\n|-supereffective|p2b: Snorlax|1\n|-damage|p2b: Snorlax|25/100\n|-unboost|p1a: Sneasler|def|1\n|-unboost|p1a: Sneasler|spd|1\n|-enditem|p1a: Sneasler|White Herb\n|-clearnegativeboost|p1a: Sneasler|[silent]\n|move|p2a: Hawlucha|Entrainment|p2b: Snorlax\n|-ability|p2b: Snorlax|No Guard|Thick Fat|[from] move: Entrainment|[of] p2a: Hawlucha\n|move|p1b: Archaludon|Dragon Pulse|p2a: Hawlucha\n|-damage|p2a: Hawlucha|0 fnt\n|faint|p2a: Hawlucha\n|move|p2b: Snorlax|Fissure|p1a: Sneasler\n|-damage|p1a: Sneasler|0 fnt\n|faint|p1a: Sneasler\n|-ohko\n|\n|-heal|p2b: Snorlax|32/100|[from] item: Leftovers\n|upkeep\n|\n|t:|1776525735\n|switch|p1a: Pelipper|Pelipper, L50, F|100/100\n|switch|p2a: Sinistcha|Sinistcha-Masterpiece, L50|100/100\n|-weather|RainDance|[from] ability: Drizzle|[of] p1a: Pelipper\n|-heal|p2b: Snorlax|57/100|[from] ability: Hospitality|[of] p2a: Sinistcha\n|turn|3\n|\n|t:|1776525747\n|move|p1b: Archaludon|Protect|p1b: Archaludon\n|-singleturn|p1b: Archaludon|Protect\n|move|p2a: Sinistcha|Rage Powder|p2a: Sinistcha\n|-singleturn|p2a: Sinistcha|move: Rage Powder\n|move|p1a: Pelipper|Hurricane|p2a: Sinistcha\n|-supereffective|p2a: Sinistcha|1\n|-damage|p2a: Sinistcha|33/100\n|-enditem|p2a: Sinistcha|Sitrus Berry|[eat]\n|-heal|p2a: Sinistcha|58/100|[from] item: Sitrus Berry\n|move|p2b: Snorlax|Fissure|p1b: Archaludon\n|-activate|p1b: Archaludon|move: Protect\n|\n|-weather|RainDance|[upkeep]\n|-heal|p2b: Snorlax|63/100|[from] item: Leftovers\n|upkeep\n|turn|4\n|\n|t:|1776525776\n|move|p1b: Archaludon|Protect||[still]\n|-fail|p1b: Archaludon\n|move|p1a: Pelipper|Hurricane|p2a: Sinistcha\n|-supereffective|p2a: Sinistcha|1\n|-damage|p2a: Sinistcha|0 fnt\n|faint|p2a: Sinistcha\n|move|p2b: Snorlax|Fissure|p1b: Archaludon\n|-damage|p1b: Archaludon|0 fnt\n|faint|p1b: Archaludon\n|-ohko\n|\n|-weather|RainDance|[upkeep]\n|-heal|p2b: Snorlax|69/100|[from] item: Leftovers\n|upkeep\n|\n|t:|1776525790\n|switch|p1b: Meganium|Meganium, L50, M|100/100\n|switch|p2a: Rotom|Rotom-Wash, L50|100/100\n|turn|5\n|\n|t:|1776525802\n|detailschange|p1b: Meganium|Meganium-Mega, L50, M\n|-mega|p1b: Meganium|Meganium|Meganiumite\n|move|p1a: Pelipper|Protect|p1a: Pelipper\n|-singleturn|p1a: Pelipper|Protect\n|move|p2a: Rotom|Thunderbolt|p1a: Pelipper\n|-activate|p1a: Pelipper|move: Protect\n|move|p1b: Meganium|Solar Beam||[still]\n|-prepare|p1b: Meganium|Solar Beam\n|-activate|p1b: Meganium|ability: Mega Sol\n|-anim|p1b: Meganium|Solar Beam|p2a: Rotom\n|-supereffective|p2a: Rotom|1\n|-damage|p2a: Rotom|0 fnt\n|faint|p2a: Rotom\n|move|p2b: Snorlax|Fissure|p1b: Meganium\n|-damage|p1b: Meganium|0 fnt\n|faint|p1b: Meganium\n|-ohko\n|\n|-weather|RainDance|[upkeep]\n|-heal|p2b: Snorlax|75/100|[from] item: Leftovers\n|upkeep\n|turn|6\n|\n|t:|1776525827\n|move|p2b: Snorlax|Protect|p2b: Snorlax\n|-singleturn|p2b: Snorlax|Protect\n|move|p1a: Pelipper|Muddy Water|p2b: Snorlax\n|-activate|p2b: Snorlax|move: Protect\n|\n|-weather|RainDance|[upkeep]\n|-heal|p2b: Snorlax|81/100|[from] item: Leftovers\n|upkeep\n|turn|7\n|\n|t:|1776525841\n|move|p1a: Pelipper|Muddy Water|p2b: Snorlax\n|-damage|p2b: Snorlax|56/100\n|-unboost|p2b: Snorlax|accuracy|1\n|move|p2b: Snorlax|Smack Down|p1a: Pelipper\n|-supereffective|p1a: Pelipper|1\n|-damage|p1a: Pelipper|78/100\n|-start|p1a: Pelipper|Smack Down\n|\n|-weather|none\n|-heal|p2b: Snorlax|62/100|[from] item: Leftovers\n|upkeep\n|turn|8\n|c|\u2606misscarolina|its still no guard\n|\n|t:|1776525853\n|move|p1a: Pelipper|Protect|p1a: Pelipper\n|-singleturn|p1a: Pelipper|Protect\n|move|p2b: Snorlax|Fissure|p1a: Pelipper\n|-activate|p1a: Pelipper|move: Protect\n|\n|-heal|p2b: Snorlax|68/100|[from] item: Leftovers\n|upkeep\n|turn|9\n|\n|t:|1776525865\n|move|p1a: Pelipper|Muddy Water|p2b: Snorlax\n|-damage|p2b: Snorlax|51/100\n|-unboost|p2b: Snorlax|accuracy|1\n|move|p2b: Snorlax|Fissure|p1a: Pelipper\n|-damage|p1a: Pelipper|0 fnt\n|faint|p1a: Pelipper\n|-ohko\n|\n|win|misscarolina\n|raw|Little Fritz's rating: 1176 &rarr; <strong>1144</strong><br />(-32 for losing)\n|raw|misscarolina's rating: 1083 &rarr; <strong>1118</strong><br />(+35 for winning)\n|c|\u2606misscarolina|gg\n",
  "uploadtime": 1776525869,
  "views": 12,
  "formatid": "gen9championsvgc2026regma",
  "rating": 1118,
  "private": 0,
  "password": null
}