{
  "id": "gen9championsvgc2026regma-2584955078",
  "format": "[Gen 9 Champions] VGC 2026 Reg M-A",
  "players": [
    "thegreenplant",
    "KUTF1"
  ],
  "log": "|j|\u2606thegreenplant\n|j|\u2606KUTF1\n|t:|1776297853\n|gametype|doubles\n|player|p1|thegreenplant|geeta|1176\n|player|p2|KUTF1|harlequin|1239\n|gen|9\n|tier|[Gen 9 Champions] VGC 2026 Reg M-A\n|rated|\n|rule|Species Clause: Limit one of each Pok\u00e9mon\n|rule|Item Clause: Limit 1 of each item\n|clearpoke\n|poke|p1|Manectric, L50, F|\n|poke|p1|Rotom-Frost, L50|\n|poke|p1|Froslass, L50, F|\n|poke|p1|Vivillon-Elegant, L50, F|\n|poke|p1|Milotic, L50, F|\n|poke|p1|Garchomp, L50, M|\n|poke|p2|Drampa, L50, M|\n|poke|p2|Emboar, L50, M|\n|poke|p2|Decidueye-Hisui, L50, M|\n|poke|p2|Kingambit, L50, F|\n|poke|p2|Farigiraf, L50, F|\n|poke|p2|Incineroar, L50, M|\n|teampreview|4\n|inactive|Battle timer is ON: inactive players will automatically lose when time's up. (requested by KUTF1)\n|inactive|thegreenplant also wants the timer to be on.\n|\n|t:|1776297868\n|teamsize|p1|4\n|teamsize|p2|4\n|start\n|switch|p1a: Milotic|Milotic, L50, F|100/100\n|switch|p1b: Vivillon|Vivillon-Elegant, L50, F|100/100\n|switch|p2a: The Gourd|Incineroar, L50, M|100/100\n|switch|p2b: Yoo Mira|Farigiraf, L50, F|100/100\n|-ability|p2a: The Gourd|Intimidate|boost\n|-unboost|p1a: Milotic|atk|1\n|-ability|p1a: Milotic|Competitive|boost\n|-boost|p1a: Milotic|spa|2\n|-unboost|p1b: Vivillon|atk|1\n|turn|1\n|\n|t:|1776297881\n|move|p1b: Vivillon|Protect|p1b: Vivillon\n|-singleturn|p1b: Vivillon|Protect\n|move|p2a: The Gourd|Fake Out|p1b: Vivillon\n|-activate|p1b: Vivillon|move: Protect\n|move|p1a: Milotic|Muddy Water|p2b: Yoo Mira|[spread] p2a\n|-miss|p1a: Milotic|p2b: Yoo Mira\n|-supereffective|p2a: The Gourd|1\n|-damage|p2a: The Gourd|13/100\n|-enditem|p2a: The Gourd|Sitrus Berry|[eat]\n|-heal|p2a: The Gourd|38/100|[from] item: Sitrus Berry\n|move|p2b: Yoo Mira|Trick Room|p2b: Yoo Mira\n|-fieldstart|move: Trick Room|[of] p2b: Yoo Mira\n|\n|upkeep\n|turn|2\n|\n|t:|1776297886\n|switch|p1b: Garchomp|Garchomp, L50, M|100/100\n|move|p2b: Yoo Mira|Hyper Voice|p1a: Milotic|[spread] p1a,p1b\n|-damage|p1a: Milotic|86/100\n|-damage|p1b: Garchomp|76/100\n|move|p2a: The Gourd|Darkest Lariat|p1a: Milotic\n|-damage|p1a: Milotic|41/100\n|move|p1a: Milotic|Muddy Water|p2a: The Gourd|[spread] p2a\n|-miss|p1a: Milotic|p2b: Yoo Mira\n|-supereffective|p2a: The Gourd|1\n|-damage|p2a: The Gourd|0 fnt\n|faint|p2a: The Gourd\n|\n|-heal|p1a: Milotic|47/100|[from] item: Leftovers\n|upkeep\n|\n|t:|1776297901\n|switch|p2a: Guendoowun|Drampa, L50, M, shiny|100/100\n|-ability|p2a: Guendoowun|Cloud Nine\n|turn|3\n|\n|t:|1776297907\n|detailschange|p2a: Guendoowun|Drampa-Mega, L50, M, shiny\n|-mega|p2a: Guendoowun|Drampa|Drampanite\n|move|p2a: Guendoowun|Hyper Voice|p1b: Garchomp|[spread] p1a,p1b\n|-damage|p1a: Milotic|21/100\n|-damage|p1b: Garchomp|29/100\n|move|p2b: Yoo Mira|Hyper Voice|p1b: Garchomp|[spread] p1a,p1b\n|-damage|p1a: Milotic|4/100\n|-damage|p1b: Garchomp|5/100\n|move|p1a: Milotic|Muddy Water|p2a: Guendoowun|[spread] p2a,p2b\n|-resisted|p2a: Guendoowun|1\n|-damage|p2a: Guendoowun|79/100\n|-damage|p2b: Yoo Mira|62/100\n|move|p1b: Garchomp|Scale Shot|p2a: Guendoowun\n|-supereffective|p2a: Guendoowun|1\n|-damage|p2a: Guendoowun|58/100\n|-supereffective|p2a: Guendoowun|1\n|-damage|p2a: Guendoowun|36/100\n|-supereffective|p2a: Guendoowun|1\n|-damage|p2a: Guendoowun|15/100\n|-hitcount|p2a: Guendoowun|3\n|-ability|p2a: Guendoowun|Berserk|boost\n|-boost|p2a: Guendoowun|spa|1\n|-unboost|p1b: Garchomp|def|1\n|-boost|p1b: Garchomp|spe|1\n|-heal|p1b: Garchomp|12/100|[from] item: Shell Bell|[of] p2a: Guendoowun\n|\n|-heal|p1a: Milotic|10/100|[from] item: Leftovers\n|upkeep\n|turn|4\n|\n|t:|1776297926\n|move|p1a: Milotic|Protect|p1a: Milotic\n|-singleturn|p1a: Milotic|Protect\n|move|p2a: Guendoowun|Hyper Voice|p1b: Garchomp|[spread] p1b\n|-activate|p1a: Milotic|move: Protect\n|-damage|p1b: Garchomp|0 fnt\n|faint|p1b: Garchomp\n|move|p2b: Yoo Mira|Hyper Voice|p1a: Milotic\n|-activate|p1a: Milotic|move: Protect\n|\n|-heal|p1a: Milotic|16/100|[from] item: Leftovers\n|upkeep\n|\n|t:|1776297934\n|switch|p1b: Vivillon|Vivillon-Elegant, L50, F|100/100\n|turn|5\n|\n|t:|1776297942\n|move|p1b: Vivillon|Protect|p1b: Vivillon\n|-singleturn|p1b: Vivillon|Protect\n|move|p2a: Guendoowun|Hyper Voice|p1a: Milotic|[spread] p1a\n|-activate|p1b: Vivillon|move: Protect\n|-damage|p1a: Milotic|0 fnt\n|faint|p1a: Milotic\n|move|p2b: Yoo Mira|Hyper Voice|p1b: Vivillon\n|-activate|p1b: Vivillon|move: Protect\n|\n|-fieldend|move: Trick Room\n|upkeep\n|\n|t:|1776297944\n|switch|p1a: Froslass|Froslass, L50, F|100/100\n|turn|6\n|\n|t:|1776297948\n|detailschange|p1a: Froslass|Froslass-Mega, L50, F\n|-mega|p1a: Froslass|Froslass|Froslassite\n|-weather|Snowscape|[from] ability: Snow Warning|[of] p1a: Froslass\n|move|p2a: Guendoowun|Protect|p2a: Guendoowun\n|-singleturn|p2a: Guendoowun|Protect\n|move|p1a: Froslass|Blizzard|p2a: Guendoowun|[spread] p2b\n|-activate|p2a: Guendoowun|move: Protect\n|-damage|p2b: Yoo Mira|25/100\n|move|p1b: Vivillon|Sleep Powder|p2b: Yoo Mira\n|-status|p2b: Yoo Mira|slp|[from] move: Sleep Powder\n|-enditem|p2b: Yoo Mira|Lum Berry|[eat]\n|-curestatus|p2b: Yoo Mira|slp|[msg]\n|move|p2b: Yoo Mira|Trick Room|p2b: Yoo Mira\n|-fieldstart|move: Trick Room|[of] p2b: Yoo Mira\n|\n|-weather|Snowscape|[upkeep]\n|upkeep\n|turn|7\n|\n|t:|1776297967\n|move|p2a: Guendoowun|Draco Meteor|p1a: Froslass\n|-damage|p1a: Froslass|0 fnt\n|-unboost|p2a: Guendoowun|spa|2\n|faint|p1a: Froslass\n|move|p2b: Yoo Mira|Psychic|p1b: Vivillon\n|-damage|p1b: Vivillon|34/100\n|move|p1b: Vivillon|Sleep Powder|p2b: Yoo Mira\n|-status|p2b: Yoo Mira|slp|[from] move: Sleep Powder\n|\n|-weather|Snowscape|[upkeep]\n|upkeep\n|turn|8\n|-message|thegreenplant forfeited.\n|\n|win|KUTF1\n|raw|thegreenplant's rating: 1176 &rarr; <strong>1155</strong><br />(-21 for losing)\n|raw|KUTF1's rating: 1239 &rarr; <strong>1260</strong><br />(+21 for winning)\n|l|\u2606thegreenplant\n|player|p1|\n",
  "uploadtime": 1776297973,
  "views": 18,
  "formatid": "gen9championsvgc2026regma",
  "rating": 1155,
  "private": 0,
  "password": null
}