{
  "id": "gen9championsvgc2026regma-2583361800",
  "format": "[Gen 9 Champions] VGC 2026 Reg M-A",
  "players": [
    "OwlsGoHooot",
    "cabin6"
  ],
  "log": "|j|\u2606OwlsGoHooot\n|j|\u2606cabin6\n|t:|1776170169\n|gametype|doubles\n|player|p1|OwlsGoHooot|102|1328\n|player|p2|cabin6|roxie|1389\n|gen|9\n|tier|[Gen 9 Champions] VGC 2026 Reg M-A\n|rated|\n|rule|Species Clause: Limit one of each Pok\u00e9mon\n|rule|Item Clause: Limit 1 of each item\n|clearpoke\n|poke|p1|Starmie, L50|\n|poke|p1|Sneasler, L50, F|\n|poke|p1|Sinistcha, L50|\n|poke|p1|Kingambit, L50, M|\n|poke|p1|Dragonite, L50, M|\n|poke|p1|Pelipper, L50, F|\n|poke|p2|Delphox, L50, M|\n|poke|p2|Kingambit, L50, F|\n|poke|p2|Sneasler, L50, F|\n|poke|p2|Dragonite, L50, M|\n|poke|p2|Clefable, L50, F|\n|poke|p2|Basculegion, L50, M|\n|teampreview|4\n|inactive|Battle timer is ON: inactive players will automatically lose when time's up. (requested by cabin6)\n|\n|t:|1776170206\n|teamsize|p1|4\n|teamsize|p2|4\n|start\n|switch|p1a: Sneasler|Sneasler, L50, F|100/100\n|switch|p1b: Starmie|Starmie, L50|100/100\n|switch|p2a: Basculegion|Basculegion, L50, M|100/100\n|switch|p2b: Delphox|Delphox, L50, M|100/100\n|turn|1\n|\n|t:|1776170227\n|detailschange|p1b: Starmie|Starmie-Mega, L50\n|-mega|p1b: Starmie|Starmie|Starminite\n|detailschange|p2b: Delphox|Delphox-Mega, L50, M\n|-mega|p2b: Delphox|Delphox|Delphoxite\n|move|p2b: Delphox|Protect|p2b: Delphox\n|-singleturn|p2b: Delphox|Protect\n|move|p1a: Sneasler|Fake Out|p2b: Delphox\n|-activate|p2b: Delphox|move: Protect\n|move|p2a: Basculegion|Flip Turn|p1a: Sneasler\n|-damage|p1a: Sneasler|30/100\n|\n|t:|1776170236\n|switch|p2a: Clefable|Clefable, L50, F|100/100|[from] Flip Turn\n|move|p1b: Starmie|Liquidation|p2b: Delphox\n|-activate|p2b: Delphox|move: Protect\n|\n|upkeep\n|turn|2\n|\n|t:|1776170257\n|move|p2a: Clefable|Follow Me|p2a: Clefable\n|-singleturn|p2a: Clefable|move: Follow Me\n|move|p2b: Delphox|Heat Wave|p1b: Starmie|[spread] p1a\n|-miss|p2b: Delphox|p1b: Starmie\n|-damage|p1a: Sneasler|0 fnt\n|faint|p1a: Sneasler\n|move|p1b: Starmie|Liquidation|p2a: Clefable\n|-damage|p2a: Clefable|47/100\n|-enditem|p2a: Clefable|Sitrus Berry|[eat]\n|-heal|p2a: Clefable|72/100|[from] item: Sitrus Berry\n|\n|upkeep\n|\n|t:|1776170270\n|switch|p1a: Kingambit|Kingambit, L50, M|100/100\n|turn|3\n|\n|t:|1776170283\n|move|p2a: Clefable|Follow Me|p2a: Clefable\n|-singleturn|p2a: Clefable|move: Follow Me\n|move|p1a: Kingambit|Sucker Punch||[still]\n|-fail|p1a: Kingambit\n|move|p2b: Delphox|Substitute|p2b: Delphox\n|-start|p2b: Delphox|Substitute\n|-damage|p2b: Delphox|76/100\n|move|p1b: Starmie|Liquidation|p2a: Clefable\n|-damage|p2a: Clefable|18/100\n|\n|upkeep\n|turn|4\n|\n|t:|1776170294\n|move|p1a: Kingambit|Protect|p1a: Kingambit\n|-singleturn|p1a: Kingambit|Protect\n|move|p1b: Starmie|Aqua Jet|p2a: Clefable\n|-damage|p2a: Clefable|0 fnt\n|faint|p2a: Clefable\n|move|p2b: Delphox|Heat Wave|p1b: Starmie|[spread] p1b\n|-activate|p1a: Kingambit|move: Protect\n|-resisted|p1b: Starmie|1\n|-damage|p1b: Starmie|74/100\n|\n|upkeep\n|\n|t:|1776170305\n|switch|p2a: Kingambit|Kingambit, L50, F|100/100\n|turn|5\n|\n|t:|1776170327\n|switch|p1a: Sinistcha|Sinistcha, L50|100/100\n|-heal|p1b: Starmie|99/100|[from] ability: Hospitality|[of] p1a: Sinistcha\n|move|p1b: Starmie|Aqua Jet|p2b: Delphox\n|-supereffective|p2b: Delphox|1\n|-end|p2b: Delphox|Substitute\n|move|p2a: Kingambit|Sucker Punch||[still]\n|-fail|p2a: Kingambit\n|move|p2b: Delphox|Heat Wave|p1b: Starmie|[spread] p1a,p1b\n|-supereffective|p1a: Sinistcha|1\n|-resisted|p1b: Starmie|1\n|-damage|p1a: Sinistcha|23/100\n|-damage|p1b: Starmie|71/100\n|-enditem|p1a: Sinistcha|Sitrus Berry|[eat]\n|-heal|p1a: Sinistcha|47/100|[from] item: Sitrus Berry\n|\n|upkeep\n|turn|6\n|\n|t:|1776170348\n|move|p2b: Delphox|Protect|p2b: Delphox\n|-singleturn|p2b: Delphox|Protect\n|move|p1a: Sinistcha|Rage Powder|p1a: Sinistcha\n|-singleturn|p1a: Sinistcha|move: Rage Powder\n|move|p1b: Starmie|Aqua Jet|p2b: Delphox\n|-activate|p2b: Delphox|move: Protect\n|move|p2a: Kingambit|Kowtow Cleave|p1a: Sinistcha\n|-supereffective|p1a: Sinistcha|1\n|-damage|p1a: Sinistcha|0 fnt\n|faint|p1a: Sinistcha\n|\n|upkeep\n|\n|t:|1776170350\n|switch|p1a: Kingambit|Kingambit, L50, M|100/100\n|turn|7\n|\n|t:|1776170369\n|switch|p2b: Basculegion|Basculegion, L50, M|100/100\n|move|p1b: Starmie|Aqua Jet|p2b: Basculegion\n|-resisted|p2b: Basculegion|1\n|-damage|p2b: Basculegion|81/100\n|move|p1a: Kingambit|Kowtow Cleave|p2b: Basculegion\n|-supereffective|p2b: Basculegion|1\n|-damage|p2b: Basculegion|0 fnt\n|faint|p2b: Basculegion\n|move|p2a: Kingambit|Kowtow Cleave|p1b: Starmie\n|-supereffective|p1b: Starmie|1\n|-damage|p1b: Starmie|0 fnt\n|faint|p1b: Starmie\n|\n|upkeep\n|\n|t:|1776170381\n|switch|p2b: Delphox|Delphox-Mega, L50, M|76/100\n|turn|8\n|\n|t:|1776170388\n|move|p1a: Kingambit|Protect|p1a: Kingambit\n|-singleturn|p1a: Kingambit|Protect\n|move|p2b: Delphox|Substitute|p2b: Delphox\n|-start|p2b: Delphox|Substitute\n|-damage|p2b: Delphox|51/100\n|move|p2a: Kingambit|Swords Dance|p2a: Kingambit\n|-boost|p2a: Kingambit|atk|2\n|\n|upkeep\n|turn|9\n|\n|t:|1776170400\n|move|p1a: Kingambit|Sucker Punch|p2b: Delphox\n|-supereffective|p2b: Delphox|1\n|-end|p2b: Delphox|Substitute\n|move|p2b: Delphox|Heat Wave|p1a: Kingambit\n|-supereffective|p1a: Kingambit|1\n|-damage|p1a: Kingambit|0 fnt\n|faint|p1a: Kingambit\n|\n|win|cabin6\n|raw|OwlsGoHooot's rating: 1328 &rarr; <strong>1311</strong><br />(-17 for losing)\n|raw|cabin6's rating: 1389 &rarr; <strong>1406</strong><br />(+17 for winning)\n|l|\u2606OwlsGoHooot\n|player|p1|\n",
  "uploadtime": 1776170408,
  "views": 26,
  "formatid": "gen9championsvgc2026regma",
  "rating": 1311,
  "private": 0,
  "password": null
}