{
  "id": "gen9championsvgc2026regma-2587466614",
  "format": "[Gen 9 Champions] VGC 2026 Reg M-A",
  "players": [
    "8brock30",
    "Isidino"
  ],
  "log": "|j|\u26068brock30\n|j|\u2606Isidino\n|t:|1776534222\n|gametype|doubles\n|player|p1|8brock30|2|1257\n|player|p2|Isidino|266|1317\n|gen|9\n|tier|[Gen 9 Champions] VGC 2026 Reg M-A\n|rated|\n|rule|Species Clause: Limit one of each Pok\u00e9mon\n|rule|Item Clause: Limit 1 of each item\n|clearpoke\n|poke|p1|Sneasler, L50, M|\n|poke|p1|Gengar, L50, M|\n|poke|p1|Tyranitar, L50, M|\n|poke|p1|Excadrill, L50, F|\n|poke|p1|Sinistcha-Masterpiece, L50|\n|poke|p1|Sylveon, L50, M|\n|poke|p2|Pelipper, L50, F|\n|poke|p2|Basculegion-F, L50, F, shiny|\n|poke|p2|Starmie, L50, shiny|\n|poke|p2|Sneasler, L50, M|\n|poke|p2|Sableye, L50, M, shiny|\n|poke|p2|Scovillain, L50, F, shiny|\n|teampreview|4\n|inactive|Battle timer is ON: inactive players will automatically lose when time's up. (requested by Isidino)\n|inactive|8brock30 also wants the timer to be on.\n|\n|t:|1776534252\n|teamsize|p1|4\n|teamsize|p2|4\n|start\n|switch|p1a: Sinistcha|Sinistcha-Masterpiece, L50|100/100\n|switch|p1b: Tyranitar|Tyranitar, L50, M|100/100\n|switch|p2a: Sableye|Sableye, L50, M, shiny|100/100\n|switch|p2b: Basculegion|Basculegion-F, L50, F, shiny|100/100\n|-weather|Sandstorm|[from] ability: Sand Stream|[of] p1b: Tyranitar\n|turn|1\n|\n|t:|1776534265\n|move|p1a: Sinistcha|Rage Powder|p1a: Sinistcha\n|-singleturn|p1a: Sinistcha|move: Rage Powder\n|move|p2a: Sableye|Rain Dance|p2a: Sableye\n|-weather|RainDance\n|move|p2b: Basculegion|Muddy Water|p1a: Sinistcha|[spread] p1a,p1b\n|-resisted|p1a: Sinistcha|1\n|-supereffective|p1b: Tyranitar|1\n|-damage|p1a: Sinistcha|74/100\n|-damage|p1b: Tyranitar|1/100\n|-unboost|p1a: Sinistcha|accuracy|1\n|-unboost|p1b: Tyranitar|accuracy|1\n|move|p1b: Tyranitar|Knock Off|p2b: Basculegion\n|-supereffective|p2b: Basculegion|1\n|-damage|p2b: Basculegion|0 fnt\n|-enditem|p2b: Basculegion|Mystic Water|[from] move: Knock Off|[of] p1b: Tyranitar\n|faint|p2b: Basculegion\n|\n|-weather|RainDance|[upkeep]\n|upkeep\n|\n|t:|1776534285\n|switch|p2b: Sneasler|Sneasler, L50, M|100/100\n|turn|2\n|\n|t:|1776534306\n|move|p1b: Tyranitar|Protect|p1b: Tyranitar\n|-singleturn|p1b: Tyranitar|Protect\n|move|p2a: Sableye|Encore|p1a: Sinistcha\n|-start|p1a: Sinistcha|Encore\n|move|p1a: Sinistcha|Rage Powder|p1a: Sinistcha\n|-singleturn|p1a: Sinistcha|move: Rage Powder\n|move|p2b: Sneasler|Dire Claw|p1a: Sinistcha\n|-damage|p1a: Sinistcha|31/100\n|-enditem|p1a: Sinistcha|Sitrus Berry|[eat]\n|-heal|p1a: Sinistcha|56/100|[from] item: Sitrus Berry\n|\n|-weather|RainDance|[upkeep]\n|upkeep\n|turn|3\n|\n|t:|1776534327\n|switch|p1a: Gengar|Gengar, L50, M|100/100\n|switch|p1b: Sylveon|Sylveon, L50, M|100/100\n|switch|p2a: Starmie|Starmie, L50, shiny|100/100\n|move|p2b: Sneasler|Dire Claw|p1a: Gengar\n|-resisted|p1a: Gengar|2\n|-damage|p1a: Gengar|81/100\n|-start|p2b: Sneasler|Disable|Dire Claw|[from] ability: Cursed Body|[of] p1a: Gengar\n|\n|-weather|RainDance|[upkeep]\n|upkeep\n|turn|4\n|c|\u2606Isidino|HAHAHAHAHA\n|\n|t:|1776534347\n|switch|p2b: Sableye|Sableye, L50, M, shiny|100/100\n|switch|p1b: Sinistcha|Sinistcha-Masterpiece, L50|56/100\n|-heal|p1a: Gengar|100/100|[from] ability: Hospitality|[of] p1b: Sinistcha\n|detailschange|p1a: Gengar|Gengar-Mega, L50, M\n|-mega|p1a: Gengar|Gengar|Gengarite\n|detailschange|p2a: Starmie|Starmie-Mega, L50, shiny\n|-mega|p2a: Starmie|Starmie|Starminite\n|move|p2a: Starmie|Aqua Jet|p1a: Gengar\n|-damage|p1a: Gengar|26/100\n|move|p1a: Gengar|Shadow Ball|p2a: Starmie\n|-supereffective|p2a: Starmie|1\n|-damage|p2a: Starmie|3/100\n|\n|-weather|RainDance|[upkeep]\n|upkeep\n|turn|5\n|\n|t:|1776534369\n|switch|p1a: Sylveon|Sylveon, L50, M|100/100\n|move|p2b: Sableye|Quash||[still]\n|-fail|p2b: Sableye\n|move|p2a: Starmie|Ice Spinner|p1b: Sinistcha\n|-supereffective|p1b: Sinistcha|1\n|-damage|p1b: Sinistcha|0 fnt\n|faint|p1b: Sinistcha\n|\n|-weather|none\n|upkeep\n|\n|t:|1776534387\n|switch|p1b: Tyranitar|Tyranitar, L50, M|1/100\n|-weather|Sandstorm|[from] ability: Sand Stream|[of] p1b: Tyranitar\n|turn|6\n|\n|t:|1776534400\n|move|p1a: Sylveon|Quick Attack|p2a: Starmie\n|-damage|p2a: Starmie|0 fnt\n|faint|p2a: Starmie\n|move|p2b: Sableye|Rain Dance|p2b: Sableye\n|-weather|RainDance\n|move|p1b: Tyranitar|Rock Slide|p2b: Sableye\n|-damage|p2b: Sableye|53/100\n|\n|-weather|RainDance|[upkeep]\n|upkeep\n|\n|t:|1776534402\n|switch|p2a: Sneasler|Sneasler, L50, M|100/100\n|turn|7\n|\n|t:|1776534418\n|switch|p1b: Gengar|Gengar-Mega, L50, M|26/100\n|move|p2b: Sableye|Quash|p1a: Sylveon\n|-activate|p1a: Sylveon|move: Quash\n|move|p2a: Sneasler|Dire Claw|p1a: Sylveon\n|-supereffective|p1a: Sylveon|1\n|-damage|p1a: Sylveon|0 fnt\n|faint|p1a: Sylveon\n|\n|-weather|RainDance|[upkeep]\n|upkeep\n|\n|t:|1776534425\n|switch|p1a: Tyranitar|Tyranitar, L50, M|1/100\n|-weather|Sandstorm|[from] ability: Sand Stream|[of] p1a: Tyranitar\n|turn|8\n|\n|t:|1776534440\n|move|p2b: Sableye|Quash|p1b: Gengar\n|-activate|p1b: Gengar|move: Quash\n|move|p2a: Sneasler|Acrobatics|p1b: Gengar\n|-damage|p1b: Gengar|0 fnt\n|faint|p1b: Gengar\n|move|p1a: Tyranitar|Rock Slide|p2a: Sneasler|[spread] p2a,p2b\n|-resisted|p2a: Sneasler|1\n|-damage|p2a: Sneasler|77/100\n|-damage|p2b: Sableye|19/100\n|-enditem|p2b: Sableye|Sitrus Berry|[eat]\n|-heal|p2b: Sableye|44/100|[from] item: Sitrus Berry\n|\n|-weather|Sandstorm|[upkeep]\n|-damage|p2a: Sneasler|71/100|[from] Sandstorm\n|-damage|p2b: Sableye|38/100|[from] Sandstorm\n|upkeep\n|turn|9\n|\n|t:|1776534445\n|move|p2b: Sableye|Rain Dance|p2b: Sableye\n|-weather|RainDance\n|move|p2a: Sneasler|Dire Claw|p1a: Tyranitar\n|-resisted|p1a: Tyranitar|1\n|-damage|p1a: Tyranitar|0 fnt\n|faint|p1a: Tyranitar\n|\n|win|Isidino\n|raw|8brock30's rating: 1257 &rarr; <strong>1236</strong><br />(-21 for losing)\n|raw|Isidino's rating: 1317 &rarr; <strong>1334</strong><br />(+17 for winning)\n",
  "uploadtime": 1776534447,
  "views": 28,
  "formatid": "gen9championsvgc2026regma",
  "rating": 1236,
  "private": 0,
  "password": null
}