{
  "id": "gen9championsvgc2026regma-2582643024",
  "format": "[Gen 9 Champions] VGC 2026 Reg M-A",
  "players": [
    "Jaywal",
    "OneRandomMawile"
  ],
  "log": "|j|\u2606Jaywal\n|j|\u2606OneRandomMawile\n|t:|1776104505\n|gametype|doubles\n|player|p1|Jaywal|plasmagrunt|\n|player|p2|OneRandomMawile|miku-water|\n|gen|9\n|tier|[Gen 9 Champions] VGC 2026 Reg M-A\n|rule|Species Clause: Limit one of each Pok\u00e9mon\n|rule|Item Clause: Limit 1 of each item\n|clearpoke\n|poke|p1|Liepard, L50, M|\n|poke|p1|Zoroark-Hisui, L50, M|\n|poke|p1|Sylveon, L50, M|\n|poke|p1|Meowscarada, L50, M|\n|poke|p1|Lucario, L50, F|\n|poke|p1|Rotom-Wash, L50|\n|poke|p2|Garchomp, L50, F|\n|poke|p2|Tyranitar, L50, M|\n|poke|p2|Skarmory, L50, M|\n|poke|p2|Farigiraf, L50, F|\n|poke|p2|Incineroar, L50, M|\n|poke|p2|Rotom-Wash, L50|\n|teampreview|4\n|\n|t:|1776104622\n|teamsize|p1|4\n|teamsize|p2|4\n|start\n|switch|p1a: Pilfur|Liepard, L50, M|100/100\n|switch|p1b: Trix|Meowscarada, L50, M|100/100\n|switch|p2a: Two-In-One|Farigiraf, L50, F|100/100\n|switch|p2b: Gura|Garchomp, L50, F|100/100\n|turn|1\n|\n|t:|1776104674\n|switch|p2b: Survivor|Incineroar, L50, M|100/100\n|-ability|p2b: Survivor|Intimidate|boost\n|-unboost|p1a: Pilfur|atk|1\n|-unboost|p1b: Trix|atk|1\n|move|p1a: Pilfur|Knock Off|p2a: Two-In-One\n|-supereffective|p2a: Two-In-One|1\n|-damage|p2a: Two-In-One|57/100\n|-enditem|p2a: Two-In-One|Mental Herb|[from] move: Knock Off|[of] p1a: Pilfur\n|move|p1b: Trix|Icy Wind|p2b: Survivor|[spread] p2a,p2b\n|-resisted|p2b: Survivor|1\n|-damage|p2a: Two-In-One|40/100\n|-damage|p2b: Survivor|95/100\n|-unboost|p2a: Two-In-One|spe|1\n|-unboost|p2b: Survivor|spe|1\n|move|p2a: Two-In-One|Trick Room|p2a: Two-In-One\n|-fieldstart|move: Trick Room|[of] p2a: Two-In-One\n|\n|-heal|p2b: Survivor|100/100|[from] item: Leftovers\n|upkeep\n|turn|2\n|\n|t:|1776104732\n|switch|p1b: Steele|Lucario, L50, F|100/100\n|switch|p1a: Trix|Meowscarada, L50, M|100/100\n|move|p2b: Survivor|Fake Out|p1a: Trix\n|-damage|p1a: Trix|83/100\n|move|p2a: Two-In-One|Psychic|p1b: Steele\n|-damage|p1b: Steele|26/100\n|\n|upkeep\n|turn|3\n|\n|t:|1776104822\n|detailschange|p1b: Steele|Lucario-Mega, L50, F\n|-mega|p1b: Steele|Lucario|Lucarionite\n|move|p1b: Steele|Detect|p1b: Steele\n|-singleturn|p1b: Steele|Protect\n|move|p2a: Two-In-One|Hyper Voice|p1b: Steele|[spread] p1a\n|-activate|p1b: Steele|move: Protect\n|-damage|p1a: Trix|33/100\n|move|p2b: Survivor|Flare Blitz|p1a: Trix\n|-supereffective|p1a: Trix|1\n|-damage|p1a: Trix|0 fnt\n|faint|p1a: Trix\n|-damage|p2b: Survivor|92/100|[from] Recoil\n|\n|-heal|p2b: Survivor|98/100|[from] item: Leftovers\n|upkeep\n|\n|t:|1776104842\n|switch|p1a: Pilfur|Liepard, L50, M|100/100\n|turn|4\n|\n|t:|1776104864\n|move|p1b: Steele|Vacuum Wave||[still]\n|cant|p2a: Two-In-One|ability: Armor Tail|Vacuum Wave|[of] p1b: Steele\n|move|p2b: Survivor|Flare Blitz|p1b: Steele\n|-supereffective|p1b: Steele|1\n|-damage|p1b: Steele|0 fnt\n|faint|p1b: Steele\n|-damage|p2b: Survivor|92/100|[from] Recoil\n|move|p2a: Two-In-One|Hyper Voice|p1a: Pilfur\n|-immune|p1a: Pilfur\n|move|p1a: Pilfur|Hyper Beam|p2a: Two-In-One\n|-damage|p2a: Two-In-One|0 fnt\n|-mustrecharge|p1a: Pilfur\n|faint|p2a: Two-In-One\n|\n|-heal|p2b: Survivor|98/100|[from] item: Leftovers\n|upkeep\n|\n|t:|1776104880\n|switch|p2a: Gura|Garchomp, L50, F|100/100\n|switch|p1b: Pilfur|Liepard, L50, M|100/100\n|turn|5\n|\n|t:|1776104906\n|move|p1b: Pilfur|Fake Out|p2a: Gura\n|-damage|p2a: Gura|91/100\n|-damage|p1b: Pilfur|88/100|[from] ability: Rough Skin|[of] p2a: Gura\n|move|p2b: Survivor|Parting Shot|p1b: Pilfur\n|-unboost|p1b: Pilfur|atk|1\n|-unboost|p1b: Pilfur|spa|1\n|\n|t:|1776104911\n|switch|p2b: Big Man Tar|Tyranitar, L50, M|100/100|[from] Parting Shot\n|-weather|Sandstorm|[from] ability: Sand Stream|[of] p2b: Big Man Tar\n|cant|p1a: Pilfur|recharge\n|cant|p2a: Gura|flinch\n|\n|-weather|Sandstorm|[upkeep]\n|-damage|p1a: Pilfur|94/100|[from] Sandstorm\n|-damage|p1b: Pilfur|82/100|[from] Sandstorm\n|-fieldend|move: Trick Room\n|upkeep\n|turn|6\n|\n|t:|1776104944\n|move|p1b: Pilfur|Copycat|p1b: Pilfur\n|move|p1b: Pilfur|Parting Shot|p2b: Big Man Tar|[from] move: Copycat\n|-hint|Since gen 7, Dark is immune to Prankster moves.\n|-immune|p2b: Big Man Tar\n|move|p2b: Big Man Tar|Rock Slide|p1a: Pilfur|[spread] p1a,p1b\n|-damage|p1a: Pilfur|33/100\n|-damage|p1b: Pilfur|33/100\n|replace|p1a: Lyre|Zoroark-Hisui, L50, M\n|-end|p1a: Lyre|Illusion\n|move|p2a: Gura|Stomping Tantrum|p1a: Lyre\n|-damage|p1a: Lyre|0 fnt\n|faint|p1a: Lyre\n|\n|-weather|Sandstorm|[upkeep]\n|-damage|p1b: Pilfur|27/100|[from] Sandstorm\n|upkeep\n|turn|7\n|\n|t:|1776104963\n|move|p2b: Big Man Tar|Rock Slide|p1b: Pilfur\n|-damage|p1b: Pilfur|0 fnt\n|faint|p1b: Pilfur\n|\n|win|OneRandomMawile\n|l|\u2606OneRandomMawile\n|player|p2|\n",
  "uploadtime": 1776105073,
  "views": 18,
  "formatid": "gen9championsvgc2026regma",
  "rating": null,
  "private": 0,
  "password": null
}