{
  "id": "gen9championsvgc2026regma-2580928338",
  "format": "[Gen 9 Champions] VGC 2026 Reg M-A",
  "players": [
    "Grimmteam7",
    "SupernovaSZ8"
  ],
  "log": "|j|\u2606Grimmteam7\n|j|\u2606SupernovaSZ8\n|t:|1775944103\n|gametype|doubles\n|player|p1|Grimmteam7|169|1075\n|player|p2|SupernovaSZ8|canari|1174\n|gen|9\n|tier|[Gen 9 Champions] VGC 2026 Reg M-A\n|rated|\n|rule|Species Clause: Limit one of each Pok\u00e9mon\n|rule|Item Clause: Limit 1 of each item\n|clearpoke\n|poke|p1|Scovillain, L50, F|\n|poke|p1|Sneasler, L50, M|\n|poke|p1|Dragonite, L50, M|\n|poke|p1|Garchomp, L50, M|\n|poke|p1|Kingambit, L50, F|\n|poke|p1|Primarina, L50, F|\n|poke|p2|Talonflame, L50, F|\n|poke|p2|Floette-Eternal, L50, F|\n|poke|p2|Basculegion, L50, M|\n|poke|p2|Incineroar, L50, M|\n|poke|p2|Sinistcha, L50|\n|poke|p2|Garchomp, L50, F|\n|teampreview|4\n|\n|t:|1775944136\n|teamsize|p1|4\n|teamsize|p2|4\n|start\n|switch|p1a: Scovillain|Scovillain, L50, F|100/100\n|switch|p1b: Sneasler|Sneasler, L50, M|100/100\n|switch|p2a: Talonflame|Talonflame, L50, F|100/100\n|switch|p2b: Floette|Floette-Eternal, L50, F|100/100\n|turn|1\n|\n|t:|1775944153\n|switch|p2b: Garchomp|Garchomp, L50, F|100/100\n|detailschange|p1a: Scovillain|Scovillain-Mega, L50, F\n|-mega|p1a: Scovillain|Scovillain|Scovillainite\n|move|p1b: Sneasler|Fake Out|p2a: Talonflame\n|-damage|p2a: Talonflame|79/100\n|cant|p2a: Talonflame|flinch\n|move|p1a: Scovillain|Flamethrower|p2b: Garchomp\n|-resisted|p2b: Garchomp|1\n|-damage|p2b: Garchomp|76/100\n|\n|upkeep\n|turn|2\n|\n|t:|1775944181\n|switch|p1b: Garchomp|Garchomp, L50, M|100/100\n|move|p1a: Scovillain|Rage Powder|p1a: Scovillain\n|-singleturn|p1a: Scovillain|move: Rage Powder\n|move|p2a: Talonflame|Dual Wingbeat|p1a: Scovillain\n|-supereffective|p1a: Scovillain|1\n|-damage|p1a: Scovillain|48/100\n|-immune|p2a: Talonflame\n|-supereffective|p1a: Scovillain|1\n|-damage|p1a: Scovillain|2/100\n|-immune|p2a: Talonflame\n|-hitcount|p1a: Scovillain|2\n|move|p2b: Garchomp|Earthquake|p1a: Scovillain|[spread] p1a,p1b\n|-immune|p2a: Talonflame\n|-damage|p1a: Scovillain|0 fnt\n|-damage|p1b: Garchomp|59/100\n|-status|p2b: Garchomp|brn|[from] ability: Spicy Spray|[of] p1a: Scovillain\n|-enditem|p2b: Garchomp|Lum Berry|[eat]\n|-curestatus|p2b: Garchomp|brn|[msg]\n|faint|p1a: Scovillain\n|\n|upkeep\n|\n|t:|1775944201\n|switch|p1a: Sneasler|Sneasler, L50, M|100/100\n|turn|3\n|\n|t:|1775944214\n|move|p1a: Sneasler|Fake Out|p2b: Garchomp\n|-damage|p2b: Garchomp|59/100\n|-damage|p1a: Sneasler|88/100|[from] ability: Rough Skin|[of] p2b: Garchomp\n|move|p2a: Talonflame|Tailwind|p2a: Talonflame\n|-sidestart|p2: SupernovaSZ8|move: Tailwind\n|cant|p2b: Garchomp|flinch\n|move|p1b: Garchomp|Rock Slide|p2a: Talonflame|[spread] p2a,p2b\n|-supereffective|p2a: Talonflame|2\n|-resisted|p2b: Garchomp|1\n|-damage|p2a: Talonflame|0 fnt\n|-damage|p2b: Garchomp|49/100\n|faint|p2a: Talonflame\n|\n|upkeep\n|\n|t:|1775944221\n|switch|p2a: Floette|Floette-Eternal, L50, F|100/100\n|turn|4\n|\n|t:|1775944249\n|detailschange|p2a: Floette|Floette-Mega, L50, F\n|-mega|p2a: Floette|Floette|Floettite\n|-ability|p2a: Floette|Fairy Aura\n|move|p2b: Garchomp|Stomping Tantrum|p1a: Sneasler\n|-supereffective|p1a: Sneasler|1\n|-damage|p1a: Sneasler|0 fnt\n|faint|p1a: Sneasler\n|move|p2a: Floette|Dazzling Gleam|p1b: Garchomp\n|-supereffective|p1b: Garchomp|1\n|-damage|p1b: Garchomp|0 fnt\n|faint|p1b: Garchomp\n|\n|upkeep\n|\n|t:|1775944265\n|switch|p1b: Kingambit|Kingambit, L50, F|100/100\n|turn|5\n|\n|t:|1775944273\n|move|p1b: Kingambit|Sucker Punch|p2b: Garchomp\n|-damage|p2b: Garchomp|0 fnt\n|-damage|p1b: Kingambit|88/100|[from] ability: Rough Skin|[of] p2b: Garchomp\n|faint|p2b: Garchomp\n|move|p2a: Floette|Light of Ruin|p1b: Kingambit\n|-damage|p1b: Kingambit|0 fnt\n|faint|p1b: Kingambit\n|-damage|p2a: Floette|40/100|[from] Recoil\n|\n|win|SupernovaSZ8\n|raw|Grimmteam7's rating: 1075 &rarr; <strong>1060</strong><br />(-15 for losing)\n|raw|SupernovaSZ8's rating: 1174 &rarr; <strong>1192</strong><br />(+18 for winning)\n|l|\u2606Grimmteam7\n|player|p1|\n",
  "uploadtime": 1775944285,
  "views": 11,
  "formatid": "gen9championsvgc2026regma",
  "rating": 1060,
  "private": 0,
  "password": null
}