{
  "id": "gen9championsvgc2026regma-2587861287",
  "format": "[Gen 9 Champions] VGC 2026 Reg M-A",
  "players": [
    "testballs",
    "Spottedwoot"
  ],
  "log": "|j|\u203dtestballs\n|j|\u2606Spottedwoot\n|t:|1776571724\n|gametype|doubles\n|player|p1|testballs|twins|1457\n|player|p2|Spottedwoot|102|1481\n|gen|9\n|tier|[Gen 9 Champions] VGC 2026 Reg M-A\n|rated|\n|rule|Species Clause: Limit one of each Pok\u00e9mon\n|rule|Item Clause: Limit 1 of each item\n|clearpoke\n|poke|p1|Hydreigon, L50, F|\n|poke|p1|Meganium, L50, M|\n|poke|p1|Volcarona, L50, M|\n|poke|p1|Scizor, L50, F|\n|poke|p1|Milotic, L50, M|\n|poke|p1|Sneasler, L50, M|\n|poke|p2|Gengar, L50, M|\n|poke|p2|Rotom-Wash, L50|\n|poke|p2|Incineroar, L50, M|\n|poke|p2|Sinistcha, L50|\n|poke|p2|Garchomp, L50, F|\n|poke|p2|Kingambit, L50, M|\n|teampreview|4\n|inactive|Battle timer is ON: inactive players will automatically lose when time's up. (requested by testballs)\n|\n|t:|1776571760\n|teamsize|p1|4\n|teamsize|p2|4\n|start\n|switch|p1a: Hydreigon|Hydreigon, L50, F|100/100\n|switch|p1b: Milotic|Milotic, L50, M|100/100\n|switch|p2a: Garchomp|Garchomp, L50, F|100/100\n|switch|p2b: Gengar|Gengar, L50, M|100/100\n|turn|1\n|inactive|testballs has 30 seconds left.\n|inactive|testballs has 20 seconds left.\n|\n|t:|1776571797\n|detailschange|p2b: Gengar|Gengar-Mega, L50, M\n|-mega|p2b: Gengar|Gengar|Gengarite\n|move|p1a: Hydreigon|Dark Pulse|p2b: Gengar\n|-supereffective|p2b: Gengar|1\n|-damage|p2b: Gengar|6/100\n|move|p2b: Gengar|Sludge Bomb|p1a: Hydreigon\n|-damage|p1a: Hydreigon|52/100\n|move|p2a: Garchomp|Dragon Claw|p1a: Hydreigon\n|-supereffective|p1a: Hydreigon|1\n|-damage|p1a: Hydreigon|0 fnt\n|faint|p1a: Hydreigon\n|move|p1b: Milotic|Icy Wind|p2a: Garchomp|[spread] p2a,p2b\n|-supereffective|p2a: Garchomp|2\n|-damage|p2a: Garchomp|55/100\n|-damage|p2b: Gengar|0 fnt\n|-unboost|p2a: Garchomp|spe|1\n|faint|p2b: Gengar\n|\n|upkeep\n|j| mxziino\n|inactive|testballs has 30 seconds left.\n|l| mxziino\n|\n|t:|1776571830\n|switch|p2b: Kingambit|Kingambit, L50, M|100/100\n|switch|p1a: Meganium|Meganium, L50, M|100/100\n|turn|2\n|\n|t:|1776571855\n|detailschange|p1a: Meganium|Meganium-Mega, L50, M\n|-mega|p1a: Meganium|Meganium|Meganiumite\n|move|p1b: Milotic|Helping Hand|p1a: Meganium\n|-singleturn|p1a: Meganium|Helping Hand|[of] p1b: Milotic\n|move|p2a: Garchomp|Stomping Tantrum|p1b: Milotic\n|-damage|p1b: Milotic|62/100\n|move|p1a: Meganium|Dazzling Gleam|p2b: Kingambit|[spread] p2a,p2b\n|-supereffective|p2a: Garchomp|1\n|-damage|p2a: Garchomp|0 fnt\n|-damage|p2b: Kingambit|45/100\n|faint|p2a: Garchomp\n|move|p2b: Kingambit|Kowtow Cleave|p1b: Milotic\n|-damage|p1b: Milotic|8/100\n|\n|-heal|p1b: Milotic|14/100|[from] item: Leftovers\n|upkeep\n|\n|t:|1776571863\n|switch|p2a: Incineroar|Incineroar, L50, M|100/100\n|-ability|p2a: Incineroar|Intimidate|boost\n|-unboost|p1a: Meganium|atk|1\n|-unboost|p1b: Milotic|atk|1\n|-ability|p1b: Milotic|Competitive|boost\n|-boost|p1b: Milotic|spa|2\n|turn|3\n|\n|t:|1776571873\n|move|p1b: Milotic|Protect|p1b: Milotic\n|-singleturn|p1b: Milotic|Protect\n|move|p1a: Meganium|Protect|p1a: Meganium\n|-singleturn|p1a: Meganium|Protect\n|move|p2b: Kingambit|Sucker Punch||[still]\n|-fail|p2b: Kingambit\n|move|p2a: Incineroar|Flare Blitz|p1a: Meganium\n|-activate|p1a: Meganium|move: Protect\n|\n|-heal|p1b: Milotic|20/100|[from] item: Leftovers\n|upkeep\n|turn|4\n|j| sammap\n|j| AMDGBananaBen\n|inactive|testballs has 30 seconds left.\n|\n|t:|1776571901\n|move|p1b: Milotic|Helping Hand|p1a: Meganium\n|-singleturn|p1a: Meganium|Helping Hand|[of] p1b: Milotic\n|move|p2b: Kingambit|Sucker Punch||[still]\n|-fail|p2b: Kingambit\n|move|p1a: Meganium|Dazzling Gleam|p2a: Incineroar|[spread] p2a,p2b\n|-crit|p2b: Kingambit\n|-damage|p2a: Incineroar|50/100\n|-damage|p2b: Kingambit|0 fnt\n|faint|p2b: Kingambit\n|move|p2a: Incineroar|Flare Blitz|p1a: Meganium\n|-supereffective|p1a: Meganium|1\n|-damage|p1a: Meganium|16/100\n|-damage|p2a: Incineroar|24/100|[from] Recoil\n|\n|-heal|p1b: Milotic|26/100|[from] item: Leftovers\n|upkeep\n|turn|5\n|\n|t:|1776571911\n|move|p1b: Milotic|Muddy Water|p2a: Incineroar\n|-supereffective|p2a: Incineroar|1\n|-damage|p2a: Incineroar|0 fnt\n|faint|p2a: Incineroar\n|\n|win|testballs\n|raw|testballs's rating: 1457 &rarr; <strong>1478</strong><br />(+21 for winning)\n|raw|Spottedwoot's rating: 1481 &rarr; <strong>1460</strong><br />(-21 for losing)\n|l|\u2606Spottedwoot\n|player|p2|\n|l| sammap\n|l| AMDGBananaBen\n",
  "uploadtime": 1776572187,
  "views": 16,
  "formatid": "gen9championsvgc2026regma",
  "rating": 1460,
  "private": 0,
  "password": null
}