{
  "id": "gen9championsvgc2026regma-2582986911",
  "format": "[Gen 9 Champions] VGC 2026 Reg M-A",
  "players": [
    "Jeager05",
    "swangtrapboyg"
  ],
  "log": "|j|\u2606Jeager05\n|j|\u2606swangtrapboyg\n|t:|1776130988\n|gametype|doubles\n|player|p1|Jeager05|colress|1061\n|player|p2|swangtrapboyg|102|1077\n|gen|9\n|tier|[Gen 9 Champions] VGC 2026 Reg M-A\n|rated|\n|rule|Species Clause: Limit one of each Pok\u00e9mon\n|rule|Item Clause: Limit 1 of each item\n|clearpoke\n|poke|p1|Hawlucha, L50, M|\n|poke|p1|Sinistcha, L50|\n|poke|p1|Farigiraf, L50, M|\n|poke|p1|Incineroar, L50, M|\n|poke|p1|Dragapult, L50, F|\n|poke|p1|Garganacl, L50, F|\n|poke|p2|Tyranitar, L50, M|\n|poke|p2|Excadrill, L50, M|\n|poke|p2|Corviknight, L50, M|\n|poke|p2|Primarina, L50, F|\n|poke|p2|Sinistcha-Masterpiece, L50|\n|poke|p2|Incineroar, L50, F|\n|teampreview|4\n|inactive|Battle timer is ON: inactive players will automatically lose when time's up. (requested by swangtrapboyg)\n|inactive|Jeager05 has 60 seconds left.\n|inactive|swangtrapboyg has 60 seconds left.\n|\n|t:|1776131046\n|teamsize|p1|4\n|teamsize|p2|4\n|start\n|switch|p1a: Hawlucha|Hawlucha, L50, M|100/100\n|switch|p1b: Garganacl|Garganacl, L50, F|100/100\n|switch|p2a: Incineroar|Incineroar, L50, F|100/100\n|switch|p2b: Tyranitar|Tyranitar, L50, M|100/100\n|-weather|Sandstorm|[from] ability: Sand Stream|[of] p2b: Tyranitar\n|turn|1\n|inactive|swangtrapboyg has 30 seconds left.\n|inactive|swangtrapboyg has 20 seconds left.\n|inactive|swangtrapboyg has 15 seconds left.\n|\n|t:|1776131090\n|detailschange|p1a: Hawlucha|Hawlucha-Mega, L50, M\n|-mega|p1a: Hawlucha|Hawlucha|Hawluchanite\n|detailschange|p2b: Tyranitar|Tyranitar-Mega, L50, M\n|-mega|p2b: Tyranitar|Tyranitar|Tyranitarite\n|move|p1a: Hawlucha|Protect|p1a: Hawlucha\n|-singleturn|p1a: Hawlucha|Protect\n|move|p1b: Garganacl|Protect|p1b: Garganacl\n|-singleturn|p1b: Garganacl|Protect\n|move|p2a: Incineroar|Fake Out|p1a: Hawlucha\n|-activate|p1a: Hawlucha|move: Protect\n|move|p2b: Tyranitar|Rock Slide|p1b: Garganacl|[spread] \n|-activate|p1a: Hawlucha|move: Protect\n|-activate|p1b: Garganacl|move: Protect\n|\n|-weather|Sandstorm|[upkeep]\n|-damage|p1a: Hawlucha|95/100|[from] Sandstorm\n|-damage|p2a: Incineroar|94/100|[from] Sandstorm\n|upkeep\n|turn|2\n|inactive|swangtrapboyg has 30 seconds left.\n|\n|t:|1776131121\n|move|p2b: Tyranitar|Protect|p2b: Tyranitar\n|-singleturn|p2b: Tyranitar|Protect\n|move|p1a: Hawlucha|Entrainment|p1b: Garganacl\n|-ability|p1b: Garganacl|No Guard|Purifying Salt|[from] move: Entrainment|[of] p1a: Hawlucha\n|move|p2a: Incineroar|Parting Shot|p1a: Hawlucha\n|-unboost|p1a: Hawlucha|atk|1\n|-unboost|p1a: Hawlucha|spa|1\n|\n|t:|1776131132\n|switch|p2a: Excadrill|Excadrill, L50, M|100/100|[from] Parting Shot\n|move|p1b: Garganacl|Fissure|p2a: Excadrill\n|-enditem|p2a: Excadrill|Focus Sash\n|-damage|p2a: Excadrill|1/100\n|\n|-weather|Sandstorm|[upkeep]\n|-damage|p1a: Hawlucha|89/100|[from] Sandstorm\n|upkeep\n|turn|3\n|\n|t:|1776131152\n|move|p1b: Garganacl|Protect|p1b: Garganacl\n|-singleturn|p1b: Garganacl|Protect\n|move|p2a: Excadrill|Iron Head|p1b: Garganacl\n|-activate|p1b: Garganacl|move: Protect\n|move|p1a: Hawlucha|Flying Press|p2a: Excadrill\n|-damage|p2a: Excadrill|0 fnt\n|faint|p2a: Excadrill\n|move|p2b: Tyranitar|Rock Slide|p1a: Hawlucha|[spread] p1a\n|-activate|p1b: Garganacl|move: Protect\n|-damage|p1a: Hawlucha|52/100\n|\n|-weather|Sandstorm|[upkeep]\n|-damage|p1a: Hawlucha|46/100|[from] Sandstorm\n|upkeep\n|\n|t:|1776131171\n|switch|p2a: Corviknight|Corviknight, L50, M|100/100\n|turn|4\n|\n|t:|1776131188\n|move|p2b: Tyranitar|Protect|p2b: Tyranitar\n|-singleturn|p2b: Tyranitar|Protect\n|move|p1a: Hawlucha|Close Combat|p2a: Corviknight\n|-damage|p2a: Corviknight|70/100\n|-unboost|p1a: Hawlucha|def|1\n|-unboost|p1a: Hawlucha|spd|1\n|move|p2a: Corviknight|Brave Bird|p1a: Hawlucha\n|-supereffective|p1a: Hawlucha|1\n|-damage|p1a: Hawlucha|0 fnt\n|faint|p1a: Hawlucha\n|-damage|p2a: Corviknight|59/100|[from] Recoil\n|move|p1b: Garganacl|Fissure|p2b: Tyranitar\n|-activate|p2b: Tyranitar|move: Protect\n|\n|-weather|Sandstorm|[upkeep]\n|-heal|p2a: Corviknight|65/100|[from] item: Leftovers\n|upkeep\n|\n|t:|1776131197\n|switch|p1a: Incineroar|Incineroar, L50, M|100/100\n|-ability|p1a: Incineroar|Intimidate|boost\n|-ability|p2a: Corviknight|Mirror Armor\n|-unboost|p1a: Incineroar|atk|1\n|-unboost|p2b: Tyranitar|atk|1\n|turn|5\n|inactive|swangtrapboyg has 30 seconds left.\n|\n|t:|1776131223\n|move|p1a: Incineroar|Fake Out|p2a: Corviknight\n|-resisted|p2a: Corviknight|1\n|-damage|p2a: Corviknight|62/100\n|move|p2b: Tyranitar|Knock Off|p1b: Garganacl\n|-damage|p1b: Garganacl|70/100\n|-enditem|p1b: Garganacl|Leftovers|[from] move: Knock Off|[of] p2b: Tyranitar\n|cant|p2a: Corviknight|flinch\n|move|p1b: Garganacl|Fissure|p2b: Tyranitar\n|-damage|p2b: Tyranitar|0 fnt\n|faint|p2b: Tyranitar\n|-ohko\n|\n|-weather|none\n|-heal|p2a: Corviknight|68/100|[from] item: Leftovers\n|upkeep\n|\n|t:|1776131236\n|switch|p2b: Incineroar|Incineroar, L50, F|94/100\n|turn|6\n|\n|t:|1776131252\n|move|p1a: Incineroar|Protect|p1a: Incineroar\n|-singleturn|p1a: Incineroar|Protect\n|move|p1b: Garganacl|Protect|p1b: Garganacl\n|-singleturn|p1b: Garganacl|Protect\n|move|p2b: Incineroar|Fake Out|p1b: Garganacl\n|-activate|p1b: Garganacl|move: Protect\n|move|p2a: Corviknight|Bulk Up|p2a: Corviknight\n|-boost|p2a: Corviknight|atk|1\n|-boost|p2a: Corviknight|def|1\n|\n|-heal|p2a: Corviknight|74/100|[from] item: Leftovers\n|upkeep\n|turn|7\n|inactive|swangtrapboyg has 30 seconds left.\n|\n|t:|1776131278\n|move|p2a: Corviknight|Brave Bird|p1b: Garganacl\n|-resisted|p1b: Garganacl|1\n|-damage|p1b: Garganacl|49/100\n|-damage|p2a: Corviknight|67/100|[from] Recoil\n|move|p2b: Incineroar|Darkest Lariat|p1b: Garganacl\n|-damage|p1b: Garganacl|26/100\n|move|p1a: Incineroar|Flare Blitz|p2a: Corviknight\n|-supereffective|p2a: Corviknight|1\n|-damage|p2a: Corviknight|27/100\n|-damage|p1a: Incineroar|85/100|[from] Recoil\n|move|p1b: Garganacl|Fissure|p2b: Incineroar\n|-damage|p2b: Incineroar|0 fnt\n|faint|p2b: Incineroar\n|-ohko\n|\n|-heal|p2a: Corviknight|33/100|[from] item: Leftovers\n|upkeep\n|turn|8\n|-message|swangtrapboyg forfeited.\n|\n|win|Jeager05\n|raw|Jeager05's rating: 1061 &rarr; <strong>1093</strong><br />(+32 for winning)\n|raw|swangtrapboyg's rating: 1077 &rarr; <strong>1054</strong><br />(-23 for losing)\n|l|\u2606swangtrapboyg\n|player|p2|\n",
  "uploadtime": 1776131304,
  "views": 39,
  "formatid": "gen9championsvgc2026regma",
  "rating": 1054,
  "private": 0,
  "password": null
}