{
  "id": "gen9championsvgc2026regma-2583148541",
  "format": "[Gen 9 Champions] VGC 2026 Reg M-A",
  "players": [
    "Onake_10",
    "Raidum"
  ],
  "log": "|j|\u2606Onake_10\n|j|\u2606Raidum\n|t:|1776147930\n|gametype|doubles\n|player|p1|Onake_10|caitlin|1076\n|player|p2|Raidum|richboy-gen4|1140\n|gen|9\n|tier|[Gen 9 Champions] VGC 2026 Reg M-A\n|rated|\n|rule|Species Clause: Limit one of each Pok\u00e9mon\n|rule|Item Clause: Limit 1 of each item\n|clearpoke\n|poke|p1|Zoroark-Hisui, L50, M|\n|poke|p1|Froslass, L50, F|\n|poke|p1|Ninetales-Alola, L50, M|\n|poke|p1|Garchomp, L50, F|\n|poke|p1|Rotom-Wash, L50|\n|poke|p1|Incineroar, L50, F|\n|poke|p2|Basculegion, L50, M|\n|poke|p2|Sneasler, L50, M|\n|poke|p2|Pelipper, L50, M|\n|poke|p2|Archaludon, L50, F|\n|poke|p2|Meganium, L50, F|\n|poke|p2|Incineroar, L50, F|\n|teampreview|4\n|\n|t:|1776147977\n|teamsize|p1|4\n|teamsize|p2|4\n|start\n|switch|p1a: Froslass|Froslass, L50, F|100/100\n|switch|p1b: Incineroar|Incineroar, L50, F|100/100\n|switch|p2a: Incineroar|Incineroar, L50, F|100/100\n|switch|p2b: Sneasler|Sneasler, L50, M|100/100\n|-ability|p2a: Incineroar|Intimidate|boost\n|-unboost|p1a: Froslass|atk|1\n|-unboost|p1b: Incineroar|atk|1\n|turn|1\n|\n|t:|1776148008\n|detailschange|p1a: Froslass|Froslass-Mega, L50, F\n|-mega|p1a: Froslass|Froslass|Froslassite\n|-weather|Snowscape|[from] ability: Snow Warning|[of] p1a: Froslass\n|move|p2b: Sneasler|Fake Out|p1b: Incineroar\n|-immune|p1b: Incineroar\n|move|p1a: Froslass|Shadow Ball|p2b: Sneasler\n|-damage|p2b: Sneasler|37/100\n|move|p1b: Incineroar|Hyper Voice|p2b: Sneasler|[spread] p2a,p2b\n|-damage|p2a: Incineroar|69/100\n|-damage|p2b: Sneasler|0 fnt\n|faint|p2b: Sneasler\n|move|p2a: Incineroar|Darkest Lariat|p1a: Froslass\n|-supereffective|p1a: Froslass|1\n|-damage|p1a: Froslass|12/100\n|\n|-weather|Snowscape|[upkeep]\n|upkeep\n|\n|t:|1776148027\n|switch|p2b: Pelipper|Pelipper, L50, M|100/100\n|-weather|RainDance|[from] ability: Drizzle|[of] p2b: Pelipper\n|turn|2\n|\n|t:|1776148042\n|move|p1a: Froslass|Weather Ball|p2a: Incineroar\n|-supereffective|p2a: Incineroar|1\n|-damage|p2a: Incineroar|0 fnt\n|faint|p2a: Incineroar\n|move|p1b: Incineroar|Icy Wind|p2b: Pelipper\n|-damage|p2b: Pelipper|78/100\n|-unboost|p2b: Pelipper|spe|1\n|move|p2b: Pelipper|Tailwind|p2b: Pelipper\n|-sidestart|p2: Raidum|move: Tailwind\n|\n|-weather|RainDance|[upkeep]\n|upkeep\n|\n|t:|1776148054\n|switch|p2a: Meganium|Meganium, L50, F|100/100\n|turn|3\n|\n|t:|1776148068\n|detailschange|p2a: Meganium|Meganium-Mega, L50, F\n|-mega|p2a: Meganium|Meganium|Meganiumite\n|move|p1a: Froslass|Protect|p1a: Froslass\n|-singleturn|p1a: Froslass|Protect\n|move|p2a: Meganium|Dazzling Gleam|p1a: Froslass|[spread] p1b\n|-activate|p1a: Froslass|move: Protect\n|-damage|p1b: Incineroar|22/100\n|replace|p1b: Zoroark|Zoroark-Hisui, L50, M\n|-end|p1b: Zoroark|Illusion\n|move|p1b: Zoroark|Icy Wind|p2a: Meganium|[spread] p2a,p2b\n|-supereffective|p2a: Meganium|1\n|-damage|p2a: Meganium|81/100\n|-damage|p2b: Pelipper|60/100\n|-unboost|p2a: Meganium|spe|1\n|-unboost|p2b: Pelipper|spe|1\n|move|p2b: Pelipper|Hurricane|p1b: Zoroark\n|-damage|p1b: Zoroark|0 fnt\n|faint|p1b: Zoroark\n|\n|-weather|RainDance|[upkeep]\n|upkeep\n|\n|t:|1776148091\n|switch|p1b: Rotom|Rotom-Wash, L50|100/100\n|turn|4\n|\n|t:|1776148104\n|switch|p1a: Incineroar|Incineroar, L50, F|100/100\n|-ability|p1a: Incineroar|Intimidate|boost\n|-unboost|p2a: Meganium|atk|1\n|-unboost|p2b: Pelipper|atk|1\n|move|p2b: Pelipper|Protect|p2b: Pelipper\n|-singleturn|p2b: Pelipper|Protect\n|move|p1b: Rotom|Trick|p2b: Pelipper\n|-activate|p2b: Pelipper|move: Protect\n|move|p2a: Meganium|Solar Beam||[still]\n|-prepare|p2a: Meganium|Solar Beam\n|-activate|p2a: Meganium|ability: Mega Sol\n|-anim|p2a: Meganium|Solar Beam|p1b: Rotom\n|-supereffective|p1b: Rotom|1\n|-damage|p1b: Rotom|0 fnt\n|faint|p1b: Rotom\n|\n|-weather|RainDance|[upkeep]\n|upkeep\n|\n|t:|1776148119\n|switch|p1b: Froslass|Froslass-Mega, L50, F|12/100\n|-weather|Snowscape|[from] ability: Snow Warning|[of] p1b: Froslass\n|turn|5\n|\n|t:|1776148149\n|move|p1a: Incineroar|Fake Out|p2b: Pelipper\n|-damage|p2b: Pelipper|49/100\n|-enditem|p2b: Pelipper|Sitrus Berry|[eat]\n|-heal|p2b: Pelipper|74/100|[from] item: Sitrus Berry\n|move|p1b: Froslass|Blizzard|p2a: Meganium|[spread] p2a,p2b\n|-supereffective|p2a: Meganium|1\n|-damage|p2a: Meganium|4/100\n|-damage|p2b: Pelipper|14/100\n|move|p2a: Meganium|Dazzling Gleam|p1a: Incineroar|[spread] p1a,p1b\n|-damage|p1a: Incineroar|63/100\n|-damage|p1b: Froslass|0 fnt\n|faint|p1b: Froslass\n|cant|p2b: Pelipper|flinch\n|\n|-weather|Snowscape|[upkeep]\n|-sideend|p2: Raidum|move: Tailwind\n|upkeep\n|turn|6\n|\n|t:|1776148175\n|move|p1a: Incineroar|Flare Blitz|p2b: Pelipper\n|-resisted|p2b: Pelipper|1\n|-damage|p2b: Pelipper|0 fnt\n|faint|p2b: Pelipper\n|-damage|p1a: Incineroar|59/100|[from] Recoil\n|move|p2a: Meganium|Dazzling Gleam|p1a: Incineroar\n|-damage|p1a: Incineroar|13/100\n|\n|-weather|Snowscape|[upkeep]\n|upkeep\n|turn|7\n|\n|t:|1776148189\n|move|p1a: Incineroar|Flare Blitz|p2a: Meganium\n|-supereffective|p2a: Meganium|1\n|-damage|p2a: Meganium|0 fnt\n|faint|p2a: Meganium\n|-damage|p1a: Incineroar|12/100|[from] Recoil\n|\n|win|Onake_10\n|raw|Onake_10's rating: 1076 &rarr; <strong>1110</strong><br />(+34 for winning)\n|raw|Raidum's rating: 1140 &rarr; <strong>1110</strong><br />(-30 for losing)\n|l|\u2606Raidum\n|player|p2|\n",
  "uploadtime": 1776148198,
  "views": 18,
  "formatid": "gen9championsvgc2026regma",
  "rating": 1110,
  "private": 0,
  "password": null
}