{
  "id": "gen9championsvgc2026regma-2587652034",
  "format": "[Gen 9 Champions] VGC 2026 Reg M-A",
  "players": [
    "slypig",
    "rizzlerrrrrr"
  ],
  "log": "|j|\u2606slypig\n|j|\u2606rizzlerrrrrr\n|t:|1776550567\n|gametype|doubles\n|player|p1|slypig|guitarist-gen4|1128\n|player|p2|rizzlerrrrrr|170|1195\n|gen|9\n|tier|[Gen 9 Champions] VGC 2026 Reg M-A\n|rated|\n|rule|Species Clause: Limit one of each Pok\u00e9mon\n|rule|Item Clause: Limit 1 of each item\n|clearpoke\n|poke|p1|Tyranitar, L50, F|\n|poke|p1|Rotom-Wash, L50|\n|poke|p1|Garchomp, L50, M|\n|poke|p1|Aerodactyl, L50, F|\n|poke|p1|Sinistcha, L50|\n|poke|p1|Sneasler, L50, F|\n|poke|p2|Crabominable, L50, M|\n|poke|p2|Sinistcha-Masterpiece, L50|\n|poke|p2|Archaludon, L50, F|\n|poke|p2|Pelipper, L50, F|\n|poke|p2|Basculegion, L50, M|\n|poke|p2|Incineroar, L50, F|\n|teampreview|4\n|inactive|Battle timer is ON: inactive players will automatically lose when time's up. (requested by rizzlerrrrrr)\nslypig has agreed to open team sheets.\n|inactive|slypig has 60 seconds left.\n|inactive|rizzlerrrrrr has 60 seconds left.\n|\n|t:|1776550611\n|teamsize|p1|4\n|teamsize|p2|4\n|start\n|switch|p1a: Tyranitar|Tyranitar, L50, F|100/100\n|switch|p1b: Garchomp|Garchomp, L50, M|100/100\n|switch|p2a: Sinistcha|Sinistcha-Masterpiece, L50|100/100\n|switch|p2b: Basculegion|Basculegion, L50, M|100/100\n|-weather|Sandstorm|[from] ability: Sand Stream|[of] p1a: Tyranitar\n|turn|1\n|inactive|slypig has 30 seconds left.\n|inactive|slypig has 20 seconds left.\n|\n|t:|1776550655\n|move|p2b: Basculegion|Flip Turn|p1a: Tyranitar\n|-supereffective|p1a: Tyranitar|1\n|-damage|p1a: Tyranitar|30/100\n|\n|t:|1776550664\n|switch|p2b: Crabominable|Crabominable, L50, M|100/100|[from] Flip Turn\n|move|p1b: Garchomp|Dragon Claw|p2b: Crabominable\n|-damage|p2b: Crabominable|59/100\n|move|p1a: Tyranitar|Knock Off|p2a: Sinistcha\n|-supereffective|p2a: Sinistcha|1\n|-enditem|p2a: Sinistcha|Colbur Berry|[eat]\n|-enditem|p2a: Sinistcha|Colbur Berry|[weaken]\n|-damage|p2a: Sinistcha|60/100\n|move|p2a: Sinistcha|Trick Room|p2a: Sinistcha\n|-fieldstart|move: Trick Room|[of] p2a: Sinistcha\n|\n|-weather|Sandstorm|[upkeep]\n|-damage|p2b: Crabominable|53/100|[from] Sandstorm\n|-damage|p2a: Sinistcha|53/100|[from] Sandstorm\n|upkeep\n|turn|2\n|inactive|slypig has 30 seconds left.\n|inactive|rizzlerrrrrr has 30 seconds left.\n|inactive|slypig has 20 seconds left.\n|inactive|slypig has 15 seconds left.\n|inactive|rizzlerrrrrr has 20 seconds left.\n|\n|t:|1776550710\n|detailschange|p2b: Crabominable|Crabominable-Mega, L50, M\n|-mega|p2b: Crabominable|Crabominable|Crabominite\n|move|p1a: Tyranitar|Protect|p1a: Tyranitar\n|-singleturn|p1a: Tyranitar|Protect\n|move|p2a: Sinistcha|Rage Powder|p2a: Sinistcha\n|-singleturn|p2a: Sinistcha|move: Rage Powder\n|move|p2b: Crabominable|Drain Punch|p1a: Tyranitar\n|-activate|p1a: Tyranitar|move: Protect\n|move|p1b: Garchomp|Dragon Claw|p2a: Sinistcha\n|-damage|p2a: Sinistcha|16/100\n|\n|-weather|Sandstorm|[upkeep]\n|-damage|p2b: Crabominable|48/100|[from] Sandstorm\n|-damage|p2a: Sinistcha|10/100|[from] Sandstorm\n|upkeep\n|turn|3\n|inactive|slypig has 30 seconds left.\n|\n|t:|1776550743\n|switch|p1a: Sinistcha|Sinistcha, L50|100/100\n|move|p2b: Crabominable|Ice Hammer|p1b: Garchomp\n|-supereffective|p1b: Garchomp|2\n|-damage|p1b: Garchomp|0 fnt\n|-unboost|p2b: Crabominable|spe|1\n|faint|p1b: Garchomp\n|move|p2a: Sinistcha|Matcha Gotcha|p1a: Sinistcha\n|-resisted|p1a: Sinistcha|1\n|-damage|p1a: Sinistcha|82/100\n|-heal|p2a: Sinistcha|19/100|[from] drain|[of] p1a: Sinistcha\n|\n|-weather|Sandstorm|[upkeep]\n|-damage|p2b: Crabominable|42/100|[from] Sandstorm\n|-damage|p1a: Sinistcha|76/100|[from] Sandstorm\n|-damage|p2a: Sinistcha|13/100|[from] Sandstorm\n|-heal|p1a: Sinistcha|82/100|[from] item: Leftovers\n|upkeep\n|\n|t:|1776550760\n|switch|p1b: Sneasler|Sneasler, L50, F|100/100\n|turn|4\n|\n|t:|1776550776\n|move|p2b: Crabominable|Protect|p2b: Crabominable\n|-singleturn|p2b: Crabominable|Protect\n|move|p2a: Sinistcha|Protect|p2a: Sinistcha\n|-singleturn|p2a: Sinistcha|Protect\n|move|p1b: Sneasler|Fake Out|p2b: Crabominable\n|-activate|p2b: Crabominable|move: Protect\n|move|p1a: Sinistcha|Matcha Gotcha|p2b: Crabominable|[spread] \n|-activate|p2a: Sinistcha|move: Protect\n|-activate|p2b: Crabominable|move: Protect\n|\n|-weather|Sandstorm|[upkeep]\n|-damage|p2b: Crabominable|36/100|[from] Sandstorm\n|-damage|p2a: Sinistcha|7/100|[from] Sandstorm\n|-damage|p1a: Sinistcha|76/100|[from] Sandstorm\n|-damage|p1b: Sneasler|95/100|[from] Sandstorm\n|-heal|p1a: Sinistcha|82/100|[from] item: Leftovers\n|upkeep\n|turn|5\n|inactive|slypig has 30 seconds left.\n|inactive|rizzlerrrrrr has 30 seconds left.\n|\n|t:|1776550810\n|switch|p1a: Tyranitar|Tyranitar, L50, F|30/100\n|move|p1b: Sneasler|Protect|p1b: Sneasler\n|-singleturn|p1b: Sneasler|Protect\n|move|p2a: Sinistcha|Rage Powder|p2a: Sinistcha\n|-singleturn|p2a: Sinistcha|move: Rage Powder\n|move|p2b: Crabominable|Ice Hammer|p1a: Tyranitar\n|-damage|p1a: Tyranitar|0 fnt\n|-unboost|p2b: Crabominable|spe|1\n|faint|p1a: Tyranitar\n|\n|-weather|none\n|-fieldend|move: Trick Room\n|upkeep\n|\n|t:|1776550821\n|switch|p1a: Sinistcha|Sinistcha, L50|82/100\n|-heal|p1b: Sneasler|100/100|[from] ability: Hospitality|[of] p1a: Sinistcha\n|turn|6\n|inactive|slypig has 30 seconds left.\n|\n|t:|1776550849\n|move|p2a: Sinistcha|Rage Powder|p2a: Sinistcha\n|-singleturn|p2a: Sinistcha|move: Rage Powder\n|move|p1b: Sneasler|Dire Claw|p2a: Sinistcha\n|-damage|p2a: Sinistcha|0 fnt\n|faint|p2a: Sinistcha\n|move|p1a: Sinistcha|Strength Sap|p2b: Crabominable\n|-unboost|p2b: Crabominable|atk|1\n|-heal|p1a: Sinistcha|100/100\n|move|p2b: Crabominable|Ice Hammer|p1a: Sinistcha\n|-supereffective|p1a: Sinistcha|1\n|-damage|p1a: Sinistcha|33/100\n|-unboost|p2b: Crabominable|spe|1\n|\n|-heal|p1a: Sinistcha|39/100|[from] item: Leftovers\n|upkeep\n|\n|t:|1776550871\n|switch|p2a: Pelipper|Pelipper, L50, F|100/100\n|-weather|RainDance|[from] ability: Drizzle|[of] p2a: Pelipper\n|turn|7\n|\n|t:|1776550887\n|move|p2b: Crabominable|Protect|p2b: Crabominable\n|-singleturn|p2b: Crabominable|Protect\n|move|p1b: Sneasler|Close Combat|p2b: Crabominable\n|-activate|p2b: Crabominable|move: Protect\n|move|p2a: Pelipper|Hurricane|p1b: Sneasler\n|-supereffective|p1b: Sneasler|1\n|-crit|p1b: Sneasler\n|-damage|p1b: Sneasler|0 fnt\n|faint|p1b: Sneasler\n|move|p1a: Sinistcha|Strength Sap|p2b: Crabominable\n|-activate|p2b: Crabominable|move: Protect\n|\n|-weather|RainDance|[upkeep]\n|-heal|p1a: Sinistcha|45/100|[from] item: Leftovers\n|upkeep\n|turn|8\n|-message|slypig forfeited.\n|\n|win|rizzlerrrrrr\n|raw|slypig's rating: 1128 &rarr; <strong>1108</strong><br />(-20 for losing)\n|raw|rizzlerrrrrr's rating: 1195 &rarr; <strong>1215</strong><br />(+20 for winning)\n",
  "uploadtime": 1776550904,
  "views": 11,
  "formatid": "gen9championsvgc2026regma",
  "rating": 1108,
  "private": 0,
  "password": null
}