{
  "id": "gen9championsvgc2026regma-2582087738",
  "format": "[Gen 9 Champions] VGC 2026 Reg M-A",
  "players": [
    "nikos321",
    "lolgz"
  ],
  "log": "|j|\u2606nikos321\n|j|\u2606lolgz\n|t:|1776056299\n|gametype|doubles\n|player|p1|nikos321|266|1099\n|player|p2|lolgz|266|1199\n|gen|9\n|tier|[Gen 9 Champions] VGC 2026 Reg M-A\n|rated|\n|rule|Species Clause: Limit one of each Pok\u00e9mon\n|rule|Item Clause: Limit 1 of each item\n|clearpoke\n|poke|p1|Drampa, L50, F|\n|poke|p1|Clefable, L50, F|\n|poke|p1|Sinistcha, L50|\n|poke|p1|Rotom-Wash, L50|\n|poke|p1|Volcarona, L50, F|\n|poke|p1|Kingambit, L50, M|\n|poke|p2|Charizard, L50, F|\n|poke|p2|Whimsicott, L50, F|\n|poke|p2|Garchomp, L50, F|\n|poke|p2|Farigiraf, L50, M|\n|poke|p2|Sneasler, L50, F|\n|poke|p2|Floette-Eternal, L50, F|\n|teampreview|4\n|\n|t:|1776056334\n|teamsize|p1|4\n|teamsize|p2|4\n|start\n|switch|p1a: Kingambit|Kingambit, L50, M|100/100\n|switch|p1b: Rotom|Rotom-Wash, L50|100/100\n|switch|p2a: Whimsicott|Whimsicott, L50, F|100/100\n|switch|p2b: Floette|Floette-Eternal, L50, F|100/100\n|turn|1\n|inactive|Battle timer is ON: inactive players will automatically lose when time's up. (requested by nikos321)\n|c|\u2606nikos321|..\n|c|\u2606nikos321|hurry\n|inactive|lolgz has 60 seconds left.\n|\n|t:|1776056408\n|move|p2b: Floette|Protect|p2b: Floette\n|-singleturn|p2b: Floette|Protect\n|move|p2a: Whimsicott|Tailwind|p2a: Whimsicott\n|-sidestart|p2: lolgz|move: Tailwind\n|move|p1b: Rotom|Volt Switch|p2b: Floette\n|-activate|p2b: Floette|move: Protect\n|move|p1a: Kingambit|Swords Dance|p1a: Kingambit\n|-boost|p1a: Kingambit|atk|2\n|\n|upkeep\n|turn|2\n|\n|t:|1776056430\n|detailschange|p2b: Floette|Floette-Mega, L50, F\n|-mega|p2b: Floette|Floette|Floettite\n|-ability|p2b: Floette|Fairy Aura\n|move|p2a: Whimsicott|Moonblast|p1a: Kingambit\n|-damage|p1a: Kingambit|54/100\n|move|p2b: Floette|Moonblast|p1a: Kingambit\n|-damage|p1a: Kingambit|0 fnt\n|faint|p1a: Kingambit\n|move|p1b: Rotom|Volt Switch|p2a: Whimsicott\n|-resisted|p2a: Whimsicott|1\n|-damage|p2a: Whimsicott|81/100\n|\n|t:|1776056444\n|switch|p1b: Clefable|Clefable, L50, F|100/100|[from] Volt Switch\n|\n|upkeep\n|\n|t:|1776056450\n|switch|p1a: Rotom|Rotom-Wash, L50|100/100\n|turn|3\n|inactive|lolgz has 30 seconds left.\n|c|\u2606nikos321|gg\n|\n|t:|1776056481\n|detailschange|p1b: Clefable|Clefable-Mega, L50, F\n|-mega|p1b: Clefable|Clefable|Clefablite\n|move|p2a: Whimsicott|Moonblast|p1b: Clefable\n|-damage|p1b: Clefable|65/100\n|move|p2b: Floette|Dazzling Gleam|p1b: Clefable|[spread] p1a,p1b\n|-damage|p1a: Rotom|43/100\n|-damage|p1b: Clefable|28/100\n|move|p1a: Rotom|Volt Switch|p2b: Floette\n|-damage|p2b: Floette|82/100\n|-heal|p1a: Rotom|46/100|[from] item: Shell Bell|[of] p2b: Floette\n|\n|t:|1776056492\n|switch|p1a: Sinistcha|Sinistcha, L50|100/100|[from] Volt Switch\n|-heal|p1b: Clefable|52/100|[from] ability: Hospitality|[of] p1a: Sinistcha\n|move|p1b: Clefable|Dazzling Gleam|p2a: Whimsicott|[spread] p2a,p2b\n|-damage|p2a: Whimsicott|23/100\n|-damage|p2b: Floette|57/100\n|\n|upkeep\n|turn|4\n|\n|t:|1776056501\n|move|p1b: Clefable|Protect|p1b: Clefable\n|-singleturn|p1b: Clefable|Protect\n|move|p2a: Whimsicott|Moonblast|p1a: Sinistcha\n|-damage|p1a: Sinistcha|40/100\n|-enditem|p1a: Sinistcha|Sitrus Berry|[eat]\n|-heal|p1a: Sinistcha|65/100|[from] item: Sitrus Berry\n|move|p2b: Floette|Dazzling Gleam|p1b: Clefable|[spread] p1a\n|-activate|p1b: Clefable|move: Protect\n|-damage|p1a: Sinistcha|0 fnt\n|faint|p1a: Sinistcha\n|\n|-sideend|p2: lolgz|move: Tailwind\n|upkeep\n|\n|t:|1776056513\n|switch|p1a: Rotom|Rotom-Wash, L50|46/100\n|turn|5\n|c|\u2606nikos321|gg\n|\n|t:|1776056522\n|move|p2a: Whimsicott|Tailwind|p2a: Whimsicott\n|-sidestart|p2: lolgz|move: Tailwind\n|move|p2b: Floette|Dazzling Gleam|p1b: Clefable|[spread] p1a,p1b\n|-damage|p1a: Rotom|0 fnt\n|-damage|p1b: Clefable|14/100\n|faint|p1a: Rotom\n|move|p1b: Clefable|Dazzling Gleam|p2a: Whimsicott|[spread] p2a,p2b\n|-damage|p2a: Whimsicott|0 fnt\n|-damage|p2b: Floette|32/100\n|faint|p2a: Whimsicott\n|\n|upkeep\n|\n|t:|1776056529\n|switch|p2a: Garchomp|Garchomp, L50, F|100/100\n|turn|6\n|\n|t:|1776056537\n|move|p2a: Garchomp|Rock Slide|p1b: Clefable\n|-supereffective|p1b: Clefable|1\n|-damage|p1b: Clefable|0 fnt\n|faint|p1b: Clefable\n|\n|win|lolgz\n|raw|nikos321's rating: 1099 &rarr; <strong>1081</strong><br />(-18 for losing)\n|raw|lolgz's rating: 1199 &rarr; <strong>1217</strong><br />(+18 for winning)\n",
  "uploadtime": 1776056538,
  "views": 13,
  "formatid": "gen9championsvgc2026regma",
  "rating": 1081,
  "private": 0,
  "password": null
}