{
  "id": "gen9championsvgc2026regma-2586510738",
  "format": "[Gen 9 Champions] VGC 2026 Reg M-A",
  "players": [
    "capacete5",
    "jjhhuopkjhhui"
  ],
  "log": "|j|\u2606capacete5\n|j|\u2606jjhhuopkjhhui\n|t:|1776439647\n|gametype|doubles\n|player|p1|capacete5|byron|1078\n|player|p2|jjhhuopkjhhui|2|1000\n|gen|9\n|tier|[Gen 9 Champions] VGC 2026 Reg M-A\n|rated|\n|rule|Species Clause: Limit one of each Pok\u00e9mon\n|rule|Item Clause: Limit 1 of each item\n|clearpoke\n|poke|p1|Charizard, L50, F|\n|poke|p1|Venusaur, L50, F|\n|poke|p1|Garchomp, L50, F|\n|poke|p1|Rotom-Wash, L50|\n|poke|p1|Sneasler, L50, M|\n|poke|p1|Incineroar, L50, M|\n|poke|p2|Starmie, L50|\n|poke|p2|Sneasler, L50, F|\n|poke|p2|Kingambit, L50, M|\n|poke|p2|Pelipper, L50, F|\n|poke|p2|Archaludon, L50, F|\n|poke|p2|Sinistcha, L50|\n|teampreview|4\n|inactive|Battle timer is ON: inactive players will automatically lose when time's up. (requested by capacete5)\ncapacete5 has agreed to open team sheets.\n|inactive|capacete5 has 60 seconds left.\n|inactive|jjhhuopkjhhui has 60 seconds left.\n|inactive|capacete5 has 30 seconds left.\n|inactive|capacete5 has 20 seconds left.\n|inactive|capacete5 has 15 seconds left.\n|inactive|capacete5 has 10 seconds left.\n|inactive|capacete5 has 5 seconds left.\n|\n|t:|1776439739\n|teamsize|p1|4\n|teamsize|p2|4\n|start\n|switch|p1a: Charizard|Charizard, L50, F|100/100\n|switch|p1b: Venusaur|Venusaur, L50, F|100/100\n|switch|p2a: Sneasler|Sneasler, L50, F|100/100\n|switch|p2b: Archaludon|Archaludon, L50, F|100/100\n|turn|1\n|inactive|capacete5 has 30 seconds left.\n|inactive|jjhhuopkjhhui has 30 seconds left.\n|inactive|capacete5 has 20 seconds left.\n|inactive|jjhhuopkjhhui has 20 seconds left.\n|inactive|jjhhuopkjhhui has 15 seconds left.\n|\n|t:|1776439788\n|detailschange|p1a: Charizard|Charizard-Mega-Y, L50, F\n|-mega|p1a: Charizard|Charizard|Charizardite Y\n|-weather|SunnyDay|[from] ability: Drought|[of] p1a: Charizard\n|move|p2b: Archaludon|Protect|p2b: Archaludon\n|-singleturn|p2b: Archaludon|Protect\n|move|p2a: Sneasler|Fake Out|p1a: Charizard\n|-damage|p1a: Charizard|82/100\n|move|p1b: Venusaur|Sleep Powder|p2a: Sneasler|[miss]\n|-miss|p1b: Venusaur|p2a: Sneasler\n|cant|p1a: Charizard|flinch\n|\n|-weather|SunnyDay|[upkeep]\n|upkeep\n|turn|2\n|inactive|capacete5 has 30 seconds left.\n|\n|t:|1776439818\n|switch|p2a: Pelipper|Pelipper, L50, F|100/100\n|-weather|RainDance|[from] ability: Drizzle|[of] p2a: Pelipper\n|switch|p1a: Rotom|Rotom-Wash, L50|100/100\n|move|p1b: Venusaur|Sludge Bomb|p2a: Pelipper\n|-damage|p2a: Pelipper|55/100\n|move|p2b: Archaludon|Electro Shot||[still]\n|-prepare|p2b: Archaludon|Electro Shot\n|-boost|p2b: Archaludon|spa|1\n|-anim|p2b: Archaludon|Electro Shot|p1a: Rotom\n|-damage|p1a: Rotom|18/100\n|\n|-weather|RainDance|[upkeep]\n|-heal|p1a: Rotom|24/100|[from] item: Leftovers\n|upkeep\n|turn|3\n|inactive|capacete5 has 30 seconds left.\n|inactive|jjhhuopkjhhui has 30 seconds left.\n|inactive|jjhhuopkjhhui has 20 seconds left.\n|inactive|jjhhuopkjhhui has 15 seconds left.\n|\n|t:|1776439863\n|switch|p1a: Charizard|Charizard-Mega-Y, L50, F|82/100\n|-weather|SunnyDay|[from] ability: Drought|[of] p1a: Charizard\n|move|p1b: Venusaur|Sleep Powder|p2a: Pelipper\n|-status|p2a: Pelipper|slp|[from] move: Sleep Powder\n|cant|p2a: Pelipper|slp\n|move|p2b: Archaludon|Electro Shot||[still]\n|-prepare|p2b: Archaludon|Electro Shot\n|-boost|p2b: Archaludon|spa|1\n|\n|-weather|SunnyDay|[upkeep]\n|upkeep\n|turn|4\n|inactive|jjhhuopkjhhui has 30 seconds left.\n|inactive|jjhhuopkjhhui has 20 seconds left.\n|\n|t:|1776439898\n|move|p1a: Charizard|Protect|p1a: Charizard\n|-singleturn|p1a: Charizard|Protect\n|move|p1b: Venusaur|Sludge Bomb|p2a: Pelipper\n|-crit|p2a: Pelipper\n|-damage|p2a: Pelipper|0 fnt\n|faint|p2a: Pelipper\n|move|p2b: Archaludon|Electro Shot|p1a: Charizard|[from] lockedmove\n|-activate|p1a: Charizard|move: Protect\n|\n|-weather|SunnyDay|[upkeep]\n|upkeep\n|\n|t:|1776439905\n|switch|p2a: Sneasler|Sneasler, L50, F|100/100\n|turn|5\n|\n|t:|1776439920\n|move|p2a: Sneasler|Fake Out|p1a: Charizard\n|-crit|p1a: Charizard\n|-damage|p1a: Charizard|53/100\n|move|p1b: Venusaur|Sleep Powder|p2b: Archaludon\n|-status|p2b: Archaludon|slp|[from] move: Sleep Powder\n|cant|p1a: Charizard|flinch\n|cant|p2b: Archaludon|slp\n|\n|-weather|SunnyDay|[upkeep]\n|upkeep\n|turn|6\n|\n|t:|1776439940\n|cant|p2b: Archaludon|slp\n|move|p1b: Venusaur|Sleep Powder|p2a: Sneasler\n|-status|p2a: Sneasler|slp|[from] move: Sleep Powder\n|cant|p2a: Sneasler|slp\n|move|p1a: Charizard|Heat Wave|p2a: Sneasler|[spread] p2a,p2b\n|-damage|p2a: Sneasler|10/100 slp\n|-damage|p2b: Archaludon|24/100 slp\n|\n|-weather|SunnyDay|[upkeep]\n|upkeep\n|turn|7\n|\n|t:|1776439960\n|switch|p1b: Garchomp|Garchomp, L50, F|100/100\n|switch|p2a: Sinistcha|Sinistcha, L50|100/100\n|-heal|p2b: Archaludon|49/100 slp|[from] ability: Hospitality|[of] p2a: Sinistcha\n|move|p1a: Charizard|Heat Wave|p2b: Archaludon|[spread] p2a\n|-miss|p1a: Charizard|p2b: Archaludon\n|-supereffective|p2a: Sinistcha|1\n|-damage|p2a: Sinistcha|0 fnt\n|faint|p2a: Sinistcha\n|-curestatus|p2b: Archaludon|slp|[msg]\n|move|p2b: Archaludon|Dragon Pulse|p1a: Charizard\n|-damage|p1a: Charizard|0 fnt\n|faint|p1a: Charizard\n|\n|-weather|none\n|upkeep\n|\n|t:|1776439982\n|switch|p1a: Venusaur|Venusaur, L50, F|100/100\n|switch|p2a: Sneasler|Sneasler, L50, F|10/100 slp\n|turn|8\n|\n|t:|1776439994\n|switch|p1b: Rotom|Rotom-Wash, L50|24/100\n|cant|p2a: Sneasler|slp\n|move|p1a: Venusaur|Sludge Bomb|p2a: Sneasler\n|-resisted|p2a: Sneasler|1\n|-damage|p2a: Sneasler|0 fnt\n|faint|p2a: Sneasler\n|move|p2b: Archaludon|Dragon Pulse|p1b: Rotom\n|-damage|p1b: Rotom|0 fnt\n|faint|p1b: Rotom\n|\n|upkeep\n|\n|t:|1776440018\n|switch|p1b: Garchomp|Garchomp, L50, F|100/100\n|turn|9\n|\n|t:|1776440042\n|move|p1b: Garchomp|Dragon Claw|p2b: Archaludon\n|-damage|p2b: Archaludon|15/100\n|move|p1a: Venusaur|Sleep Powder|p2b: Archaludon\n|-status|p2b: Archaludon|slp|[from] move: Sleep Powder\n|cant|p2b: Archaludon|slp\n|\n|upkeep\n|turn|10\n|\n|t:|1776440054\n|cant|p2b: Archaludon|slp\n|move|p1b: Garchomp|Dragon Claw|p2b: Archaludon\n|-damage|p2b: Archaludon|0 fnt\n|faint|p2b: Archaludon\n|\n|win|capacete5\n|raw|capacete5's rating: 1078 &rarr; <strong>1100</strong><br />(+22 for winning)\n|raw|jjhhuopkjhhui's rating: 1000 &rarr; <strong>1000</strong><br />(+0 for losing)\n",
  "uploadtime": 1776440055,
  "views": 16,
  "formatid": "gen9championsvgc2026regma",
  "rating": 1000,
  "private": 0,
  "password": null
}