{
  "id": "gen9championsvgc2026regma-2582660357",
  "format": "[Gen 9 Champions] VGC 2026 Reg M-A",
  "players": [
    "Woop1884",
    "Cinderacesweeppls"
  ],
  "log": "|j|\u2606Woop1884\n|j|\u2606Cinderacesweeppls\n|t:|1776105588\n|gametype|doubles\n|player|p1|Woop1884|1|1087\n|player|p2|Cinderacesweeppls|102|1000\n|gen|9\n|tier|[Gen 9 Champions] VGC 2026 Reg M-A\n|rated|\n|rule|Species Clause: Limit one of each Pok\u00e9mon\n|rule|Item Clause: Limit 1 of each item\n|clearpoke\n|poke|p1|Arcanine, L50, F|\n|poke|p1|Dragonite, L50, M|\n|poke|p1|Clefable, L50, F|\n|poke|p1|Archaludon, L50, M|\n|poke|p1|Politoed, L50, F|\n|poke|p1|Kangaskhan, L50, F|\n|poke|p2|Froslass, L50, F|\n|poke|p2|Whimsicott, L50, F|\n|poke|p2|Palafin, L50, M|\n|poke|p2|Corviknight, L50, M|\n|poke|p2|Dragonite, L50, F|\n|poke|p2|Incineroar, L50, F|\n|teampreview|4\n|inactive|Battle timer is ON: inactive players will automatically lose when time's up. (requested by Cinderacesweeppls)\n|inactive|Woop1884 has 60 seconds left.\n|\n|t:|1776105645\n|teamsize|p1|4\n|teamsize|p2|4\n|start\n|switch|p1a: Archaludon|Archaludon, L50, M|100/100\n|switch|p1b: Arcanine|Arcanine, L50, F|100/100\n|switch|p2a: LET IT GO|Froslass, L50, F, shiny|100/100\n|switch|p2b: JOKESTER|Whimsicott, L50, F, shiny|100/100\n|-ability|p1b: Arcanine|Intimidate|boost\n|-unboost|p2a: LET IT GO|atk|1\n|-unboost|p2b: JOKESTER|atk|1\n|turn|1\n|\n|t:|1776105665\n|switch|p2a: C+ TIER|Incineroar, L50, F, shiny|100/100\n|-ability|p2a: C+ TIER|Intimidate|boost\n|-unboost|p1a: Archaludon|atk|1\n|-unboost|p1b: Arcanine|atk|1\n|move|p2b: JOKESTER|Tailwind|p2b: JOKESTER\n|-sidestart|p2: Cinderacesweeppls|move: Tailwind\n|move|p1a: Archaludon|Flash Cannon|p2b: JOKESTER\n|-supereffective|p2b: JOKESTER|1\n|-damage|p2b: JOKESTER|2/100\n|move|p1b: Arcanine|Snarl|p2b: JOKESTER|[spread] p2a,p2b\n|-resisted|p2a: C+ TIER|1\n|-resisted|p2b: JOKESTER|1\n|-damage|p2a: C+ TIER|96/100\n|-damage|p2b: JOKESTER|0 fnt\n|-unboost|p2a: C+ TIER|spa|1\n|faint|p2b: JOKESTER\n|\n|upkeep\n|\n|t:|1776105681\n|switch|p2b: STUPID CORVID|Corviknight, L50, M, shiny|100/100\n|turn|2\n|inactive|Woop1884 has 30 seconds left.\n|\n|t:|1776105709\n|switch|p1a: Kangaskhan|Kangaskhan, L50, F|100/100\n|move|p2a: C+ TIER|Fake Out|p1b: Arcanine\n|-damage|p1b: Arcanine|85/100\n|move|p2b: STUPID CORVID|Bulk Up|p2b: STUPID CORVID\n|-boost|p2b: STUPID CORVID|atk|1\n|-boost|p2b: STUPID CORVID|def|1\n|cant|p1b: Arcanine|flinch\n|\n|upkeep\n|turn|3\n|inactive|Woop1884 has 30 seconds left.\n|inactive|Woop1884 has 20 seconds left.\n|\n|t:|1776105747\n|detailschange|p1a: Kangaskhan|Kangaskhan-Mega, L50, F\n|-mega|p1a: Kangaskhan|Kangaskhan|Kangaskhanite\n|move|p1a: Kangaskhan|Fake Out|p2a: C+ TIER\n|-damage|p2a: C+ TIER|74/100\n|-damage|p2a: C+ TIER|69/100\n|-hitcount|p2a: C+ TIER|2\n|cant|p2a: C+ TIER|flinch\n|move|p2b: STUPID CORVID|Body Press|p1a: Kangaskhan\n|-supereffective|p1a: Kangaskhan|1\n|-damage|p1a: Kangaskhan|43/100\n|move|p1b: Arcanine|Flare Blitz|p2b: STUPID CORVID\n|-supereffective|p2b: STUPID CORVID|1\n|-damage|p2b: STUPID CORVID|65/100\n|-damage|p1b: Arcanine|73/100|[from] Recoil\n|\n|-heal|p2b: STUPID CORVID|71/100|[from] item: Leftovers\n|upkeep\n|turn|4\n|inactive|Woop1884 has 30 seconds left.\n|inactive|Cinderacesweeppls has 30 seconds left.\n|inactive|Woop1884 has 20 seconds left.\n|inactive|Woop1884 has 15 seconds left.\n|inactive|Cinderacesweeppls has 20 seconds left.\n|inactive|Woop1884 has 10 seconds left.\n|inactive|Woop1884 has 5 seconds left.\n|\n|t:|1776105800\n|switch|p1a: Archaludon|Archaludon, L50, M|100/100\n|move|p2a: C+ TIER|Parting Shot|p1b: Arcanine\n|-unboost|p1b: Arcanine|atk|1\n|-unboost|p1b: Arcanine|spa|1\n|\n|t:|1776105808\n|switch|p2a: LET IT GO|Froslass, L50, F, shiny|100/100|[from] Parting Shot\n|move|p2b: STUPID CORVID|Bulk Up|p2b: STUPID CORVID\n|-boost|p2b: STUPID CORVID|atk|1\n|-boost|p2b: STUPID CORVID|def|1\n|move|p1b: Arcanine|Flare Blitz|p2b: STUPID CORVID\n|-supereffective|p2b: STUPID CORVID|1\n|-damage|p2b: STUPID CORVID|53/100\n|-damage|p1b: Arcanine|66/100|[from] Recoil\n|\n|-heal|p2b: STUPID CORVID|59/100|[from] item: Leftovers\n|-sideend|p2: Cinderacesweeppls|move: Tailwind\n|upkeep\n|turn|5\n|inactive|Woop1884 has 30 seconds left.\n|\n|t:|1776105836\n|detailschange|p2a: LET IT GO|Froslass-Mega, L50, F, shiny\n|-mega|p2a: LET IT GO|Froslass|Froslassite\n|-weather|Snowscape|[from] ability: Snow Warning|[of] p2a: LET IT GO\n|move|p1a: Archaludon|Flash Cannon|p2a: LET IT GO\n|-supereffective|p2a: LET IT GO|1\n|-damage|p2a: LET IT GO|15/100\n|move|p1b: Arcanine|Will-O-Wisp|p2b: STUPID CORVID|[miss]\n|-miss|p1b: Arcanine|p2b: STUPID CORVID\n|move|p2a: LET IT GO|Aurora Veil|p2a: LET IT GO\n|-sidestart|p2: Cinderacesweeppls|move: Aurora Veil\n|move|p2b: STUPID CORVID|Body Press|p1a: Archaludon\n|-supereffective|p1a: Archaludon|1\n|-damage|p1a: Archaludon|39/100\n|\n|-weather|Snowscape|[upkeep]\n|-heal|p2b: STUPID CORVID|65/100|[from] item: Leftovers\n|upkeep\n|turn|6\n|inactive|Woop1884 has 30 seconds left.\n|inactive|Woop1884 has 20 seconds left.\n|\n|t:|1776105872\n|switch|p1a: Clefable|Clefable, L50, F|100/100\n|move|p2a: LET IT GO|Protect|p2a: LET IT GO\n|-singleturn|p2a: LET IT GO|Protect\n|move|p1b: Arcanine|Will-O-Wisp|p2b: STUPID CORVID\n|-status|p2b: STUPID CORVID|brn\n|move|p2b: STUPID CORVID|Roost|p2b: STUPID CORVID\n|-heal|p2b: STUPID CORVID|100/100 brn\n|-singleturn|p2b: STUPID CORVID|move: Roost\n|\n|-weather|Snowscape|[upkeep]\n|-damage|p2b: STUPID CORVID|95/100 brn|[from] brn\n|upkeep\n|turn|7\n|inactive|Woop1884 has 30 seconds left.\n|\n|t:|1776105903\n|move|p1a: Clefable|Protect|p1a: Clefable\n|-singleturn|p1a: Clefable|Protect\n|move|p1b: Arcanine|Flare Blitz|p2a: LET IT GO\n|-supereffective|p2a: LET IT GO|1\n|-damage|p2a: LET IT GO|0 fnt\n|faint|p2a: LET IT GO\n|-damage|p1b: Arcanine|62/100|[from] Recoil\n|move|p2b: STUPID CORVID|Brave Bird|p1b: Arcanine\n|-damage|p1b: Arcanine|9/100\n|-damage|p2b: STUPID CORVID|77/100 brn|[from] Recoil\n|\n|-weather|Snowscape|[upkeep]\n|-heal|p2b: STUPID CORVID|83/100 brn|[from] item: Leftovers\n|-damage|p2b: STUPID CORVID|77/100 brn|[from] brn\n|upkeep\n|\n|t:|1776105912\n|switch|p2a: C+ TIER|Incineroar, L50, F, shiny|69/100\n|-ability|p2a: C+ TIER|Intimidate|boost\n|-unboost|p1a: Clefable|atk|1\n|-unboost|p1b: Arcanine|atk|1\n|turn|8\n|inactive|Woop1884 has 30 seconds left.\n|inactive|Woop1884 has 20 seconds left.\n|inactive|Woop1884 has 15 seconds left.\n|\n|t:|1776105957\n|switch|p1b: Archaludon|Archaludon, L50, M|39/100\n|move|p2a: C+ TIER|Fake Out|p1a: Clefable\n|-damage|p1a: Clefable|89/100\n|move|p2b: STUPID CORVID|Brave Bird|p1a: Clefable\n|-damage|p1a: Clefable|69/100\n|-damage|p2b: STUPID CORVID|71/100 brn|[from] Recoil\n|cant|p1a: Clefable|flinch\n|\n|-weather|Snowscape|[upkeep]\n|-heal|p2b: STUPID CORVID|77/100 brn|[from] item: Leftovers\n|-heal|p1a: Clefable|75/100|[from] item: Leftovers\n|-damage|p2b: STUPID CORVID|71/100 brn|[from] brn\n|upkeep\n|turn|9\n|\n|t:|1776105973\n|move|p1a: Clefable|Follow Me|p1a: Clefable\n|-singleturn|p1a: Clefable|move: Follow Me\n|move|p1b: Archaludon|Electro Shot||[still]\n|-prepare|p1b: Archaludon|Electro Shot\n|-boost|p1b: Archaludon|spa|1\n|move|p2a: C+ TIER|Flare Blitz|p1a: Clefable\n|-damage|p1a: Clefable|26/100\n|-damage|p2a: C+ TIER|49/100|[from] Recoil\n|-enditem|p2a: C+ TIER|Sitrus Berry|[eat]\n|-heal|p2a: C+ TIER|74/100|[from] item: Sitrus Berry\n|move|p2b: STUPID CORVID|Body Press|p1a: Clefable\n|-resisted|p1a: Clefable|1\n|-damage|p1a: Clefable|22/100\n|\n|-weather|none\n|-heal|p2b: STUPID CORVID|77/100 brn|[from] item: Leftovers\n|-heal|p1a: Clefable|28/100|[from] item: Leftovers\n|-damage|p2b: STUPID CORVID|71/100 brn|[from] brn\n|-sideend|p2: Cinderacesweeppls|move: Aurora Veil\n|upkeep\n|turn|10\n|inactive|Woop1884 has 30 seconds left.\n|inactive|Woop1884 has 20 seconds left.\n|\n|t:|1776106011\n|switch|p1a: Arcanine|Arcanine, L50, F|9/100\n|-ability|p1a: Arcanine|Intimidate|boost\n|-unboost|p2a: C+ TIER|atk|1\n|-ability|p2b: STUPID CORVID|Mirror Armor\n|-unboost|p1a: Arcanine|atk|1\n|move|p1b: Archaludon|Electro Shot|p2b: STUPID CORVID|[from] lockedmove\n|-supereffective|p2b: STUPID CORVID|1\n|-crit|p2b: STUPID CORVID\n|-damage|p2b: STUPID CORVID|0 fnt\n|faint|p2b: STUPID CORVID\n|move|p2a: C+ TIER|Flare Blitz|p1a: Arcanine\n|-resisted|p1a: Arcanine|1\n|-damage|p1a: Arcanine|0 fnt\n|faint|p1a: Arcanine\n|-damage|p2a: C+ TIER|70/100|[from] Recoil\n|\n|upkeep\n|-message|Cinderacesweeppls forfeited.\n|\n|win|Woop1884\n|raw|Woop1884's rating: 1087 &rarr; <strong>1107</strong><br />(+20 for winning)\n|raw|Cinderacesweeppls's rating: 1000 &rarr; <strong>1000</strong><br />(+0 for losing)\n|l|\u2606Cinderacesweeppls\n|player|p2|\n",
  "uploadtime": 1776107544,
  "views": 28,
  "formatid": "gen9championsvgc2026regma",
  "rating": 1000,
  "private": 0,
  "password": null
}