{
  "id": "gen9championsvgc2026regma-2586262903",
  "format": "[Gen 9 Champions] VGC 2026 Reg M-A",
  "players": [
    "martingh",
    "Cbvgcgame426"
  ],
  "log": "|j|\u2606martingh\n|j|\u2606Cbvgcgame426\n|t:|1776418827\n|gametype|doubles\n|player|p1|martingh|flannery|1172\n|player|p2|Cbvgcgame426|red|1161\n|gen|9\n|tier|[Gen 9 Champions] VGC 2026 Reg M-A\n|rated|\n|rule|Species Clause: Limit one of each Pok\u00e9mon\n|rule|Item Clause: Limit 1 of each item\n|clearpoke\n|poke|p1|Starmie, L50|\n|poke|p1|Klefki, L50, M|\n|poke|p1|Sneasler, L50, M|\n|poke|p1|Sinistcha, L50|\n|poke|p1|Weavile, L50, M|\n|poke|p1|Archaludon, L50, M|\n|poke|p2|Pelipper, L50, M|\n|poke|p2|Basculegion, L50, M|\n|poke|p2|Archaludon, L50, M|\n|poke|p2|Incineroar, L50, M|\n|poke|p2|Sinistcha, L50|\n|poke|p2|Dragonite, L50, F|\n|teampreview|4\n|\n|t:|1776418871\n|teamsize|p1|4\n|teamsize|p2|4\n|start\n|switch|p1a: Starmie|Starmie, L50|100/100\n|switch|p1b: Weavile|Weavile, L50, M|100/100\n|switch|p2a: Archaludon|Archaludon, L50, M|100/100\n|switch|p2b: Incineroar|Incineroar, L50, M|100/100\n|-ability|p1b: Weavile|Pressure\n|-ability|p2b: Incineroar|Intimidate|boost\n|-unboost|p1a: Starmie|atk|1\n|-unboost|p1b: Weavile|atk|1\n|turn|1\n|\n|t:|1776418902\n|switch|p1b: Sneasler|Sneasler, L50, M|100/100\n|detailschange|p1a: Starmie|Starmie-Mega, L50\n|-mega|p1a: Starmie|Starmie|Starminite\n|move|p1a: Starmie|Protect|p1a: Starmie\n|-singleturn|p1a: Starmie|Protect\n|move|p2b: Incineroar|Fake Out|p1a: Starmie\n|-activate|p1a: Starmie|move: Protect\n|move|p2a: Archaludon|Flash Cannon|p1a: Starmie\n|-activate|p1a: Starmie|move: Protect\n|\n|upkeep\n|turn|2\n|\n|t:|1776418925\n|switch|p1a: Weavile|Weavile, L50, M|100/100\n|-ability|p1a: Weavile|Pressure\n|move|p1b: Sneasler|Close Combat|p2a: Archaludon\n|-supereffective|p2a: Archaludon|1\n|-damage|p2a: Archaludon|9/100\n|-unboost|p1b: Sneasler|def|1\n|-unboost|p1b: Sneasler|spd|1\n|-ability|p2a: Archaludon|Stamina|boost\n|-boost|p2a: Archaludon|def|1\n|-enditem|p1b: Sneasler|White Herb\n|-clearnegativeboost|p1b: Sneasler|[silent]\n|move|p2a: Archaludon|Flash Cannon|p1a: Weavile\n|-supereffective|p1a: Weavile|1\n|-enditem|p1a: Weavile|Focus Sash\n|-damage|p1a: Weavile|1/100\n|move|p2b: Incineroar|Parting Shot|p1a: Weavile\n|-unboost|p1a: Weavile|atk|1\n|-unboost|p1a: Weavile|spa|1\n|\n|t:|1776418942\n|switch|p2b: Sinistcha|Sinistcha, L50|100/100|[from] Parting Shot\n|-heal|p2a: Archaludon|34/100|[from] ability: Hospitality|[of] p2b: Sinistcha\n|\n|-heal|p2a: Archaludon|40/100|[from] item: Leftovers\n|upkeep\n|turn|3\n|\n|t:|1776418953\n|move|p2a: Archaludon|Protect|p2a: Archaludon\n|-singleturn|p2a: Archaludon|Protect\n|move|p1b: Sneasler|Close Combat|p2a: Archaludon\n|-activate|p2a: Archaludon|move: Protect\n|move|p1a: Weavile|Knock Off|p2b: Sinistcha\n|-supereffective|p2b: Sinistcha|1\n|-damage|p2b: Sinistcha|42/100\n|-enditem|p2b: Sinistcha|Occa Berry|[from] move: Knock Off|[of] p1a: Weavile\n|move|p2b: Sinistcha|Trick Room|p2b: Sinistcha\n|-fieldstart|move: Trick Room|[of] p2b: Sinistcha\n|\n|-heal|p2a: Archaludon|46/100|[from] item: Leftovers\n|upkeep\n|turn|4\n|\n|t:|1776418975\n|move|p2b: Sinistcha|Matcha Gotcha|p1b: Sneasler|[spread] p1a\n|-miss|p2b: Sinistcha|p1b: Sneasler\n|-damage|p1a: Weavile|0 fnt\n|-heal|p2b: Sinistcha|43/100|[from] drain|[of] p1a: Weavile\n|faint|p1a: Weavile\n|move|p2a: Archaludon|Draco Meteor|p1b: Sneasler\n|-damage|p1b: Sneasler|6/100\n|-unboost|p2a: Archaludon|spa|2\n|move|p1b: Sneasler|Close Combat|p2a: Archaludon\n|-supereffective|p2a: Archaludon|1\n|-damage|p2a: Archaludon|0 fnt\n|-unboost|p1b: Sneasler|def|1\n|-unboost|p1b: Sneasler|spd|1\n|faint|p2a: Archaludon\n|\n|upkeep\n|\n|t:|1776418990\n|switch|p2a: Incineroar|Incineroar, L50, M|100/100\n|switch|p1a: Archaludon|Archaludon, L50, M|100/100\n|-ability|p2a: Incineroar|Intimidate|boost\n|-unboost|p1a: Archaludon|atk|1\n|-unboost|p1b: Sneasler|atk|1\n|turn|5\n|\n|t:|1776419009\n|move|p1a: Archaludon|Protect|p1a: Archaludon\n|-singleturn|p1a: Archaludon|Protect\n|move|p2a: Incineroar|Flare Blitz|p1a: Archaludon\n|-activate|p1a: Archaludon|move: Protect\n|move|p2b: Sinistcha|Matcha Gotcha|p1b: Sneasler|[spread] p1b\n|-activate|p1a: Archaludon|move: Protect\n|-resisted|p1b: Sneasler|1\n|-damage|p1b: Sneasler|0 fnt\n|-heal|p2b: Sinistcha|45/100|[from] drain|[of] p1b: Sneasler\n|faint|p1b: Sneasler\n|\n|upkeep\n|\n|t:|1776419021\n|switch|p1b: Starmie|Starmie-Mega, L50|100/100\n|turn|6\n|\n|t:|1776419037\n|switch|p2b: Dragonite|Dragonite, L50, F|100/100\n|move|p1b: Starmie|Protect|p1b: Starmie\n|-singleturn|p1b: Starmie|Protect\n|move|p2a: Incineroar|Parting Shot|p1a: Archaludon\n|-unboost|p1a: Archaludon|atk|1\n|-unboost|p1a: Archaludon|spa|1\n|\n|t:|1776419045\n|switch|p2a: Sinistcha|Sinistcha, L50|45/100|[from] Parting Shot\n|move|p1a: Archaludon|Draco Meteor|p2b: Dragonite\n|-supereffective|p2b: Dragonite|1\n|-damage|p2b: Dragonite|45/100\n|-unboost|p1a: Archaludon|spa|2\n|\n|upkeep\n|turn|7\n|\n|t:|1776419068\n|detailschange|p2b: Dragonite|Dragonite-Mega, L50, F\n|-mega|p2b: Dragonite|Dragonite|Dragoninite\n|move|p2a: Sinistcha|Matcha Gotcha|p1a: Archaludon|[spread] p1a,p1b\n|-resisted|p1a: Archaludon|2\n|-supereffective|p1b: Starmie|1\n|-damage|p1a: Archaludon|92/100\n|-heal|p2a: Sinistcha|50/100|[from] drain|[of] p1a: Archaludon\n|-damage|p1b: Starmie|33/100\n|-heal|p2a: Sinistcha|76/100|[from] drain|[of] p1b: Starmie\n|-status|p1a: Archaludon|brn\n|-enditem|p1a: Archaludon|Lum Berry|[eat]\n|-curestatus|p1a: Archaludon|brn|[msg]\n|move|p1a: Archaludon|Draco Meteor|p2b: Dragonite\n|-supereffective|p2b: Dragonite|1\n|-damage|p2b: Dragonite|0 fnt\n|-unboost|p1a: Archaludon|spa|2\n|faint|p2b: Dragonite\n|move|p1b: Starmie|Zen Headbutt|p2a: Sinistcha\n|-damage|p2a: Sinistcha|15/100\n|\n|-fieldend|move: Trick Room\n|upkeep\n|\n|t:|1776419084\n|switch|p2b: Incineroar|Incineroar, L50, M|100/100\n|-ability|p2b: Incineroar|Intimidate|boost\n|-unboost|p1a: Archaludon|atk|1\n|-unboost|p1b: Starmie|atk|1\n|turn|8\n|\n|t:|1776419096\n|move|p1b: Starmie|Protect|p1b: Starmie\n|-singleturn|p1b: Starmie|Protect\n|move|p2b: Incineroar|Fake Out|p1a: Archaludon\n|-resisted|p1a: Archaludon|1\n|-damage|p1a: Archaludon|85/100\n|cant|p1a: Archaludon|flinch\n|move|p2a: Sinistcha|Trick Room|p2a: Sinistcha\n|-fieldstart|move: Trick Room|[of] p2a: Sinistcha\n|\n|upkeep\n|turn|9\n|\n|t:|1776419119\n|move|p1b: Starmie|Aqua Jet|p2a: Sinistcha\n|-resisted|p2a: Sinistcha|1\n|-damage|p2a: Sinistcha|4/100\n|move|p2b: Incineroar|Flare Blitz|p1a: Archaludon\n|-crit|p1a: Archaludon\n|-damage|p1a: Archaludon|9/100\n|-damage|p2b: Incineroar|80/100|[from] Recoil\n|move|p2a: Sinistcha|Matcha Gotcha|p1b: Starmie|[spread] p1a,p1b\n|-resisted|p1a: Archaludon|2\n|-supereffective|p1b: Starmie|1\n|-damage|p1a: Archaludon|1/100\n|-heal|p2a: Sinistcha|8/100|[from] drain|[of] p1a: Archaludon\n|-damage|p1b: Starmie|0 fnt\n|-heal|p2a: Sinistcha|21/100|[from] drain|[of] p1b: Starmie\n|faint|p1b: Starmie\n|move|p1a: Archaludon|Electro Shot||[still]\n|-prepare|p1a: Archaludon|Electro Shot\n|-boost|p1a: Archaludon|spa|1\n|\n|upkeep\n|turn|10\n|\n|t:|1776419136\n|move|p2b: Incineroar|Darkest Lariat|p1a: Archaludon\n|-damage|p1a: Archaludon|0 fnt\n|faint|p1a: Archaludon\n|\n|win|Cbvgcgame426\n|raw|martingh's rating: 1172 &rarr; <strong>1146</strong><br />(-26 for losing)\n|raw|Cbvgcgame426's rating: 1161 &rarr; <strong>1187</strong><br />(+26 for winning)\n|l|\u2606martingh\n|player|p1|\n",
  "uploadtime": 1776419165,
  "views": 24,
  "formatid": "gen9championsvgc2026regma",
  "rating": 1146,
  "private": 0,
  "password": null
}