{
  "id": "gen9championsvgc2026regma-2584926347",
  "format": "[Gen 9 Champions] VGC 2026 Reg M-A",
  "players": [
    "FatCheesyPants",
    "Xalvadore"
  ],
  "log": "|j|\u2606FatCheesyPants\n|j|\u2606Xalvadore\n|t:|1776295181\n|gametype|doubles\n|player|p1|FatCheesyPants|pokemaniac|1000\n|player|p2|Xalvadore|102|1099\n|gen|9\n|tier|[Gen 9 Champions] VGC 2026 Reg M-A\n|rated|\n|rule|Species Clause: Limit one of each Pok\u00e9mon\n|rule|Item Clause: Limit 1 of each item\n|clearpoke\n|poke|p1|Aerodactyl, L50, M|\n|poke|p1|Mudsdale, L50, M|\n|poke|p1|Banette, L50, M|\n|poke|p1|Tinkaton, L50, F|\n|poke|p1|Incineroar, L50, M|\n|poke|p1|Toucannon, L50, M|\n|poke|p2|Meganium, L50, M|\n|poke|p2|Incineroar, L50, M|\n|poke|p2|Krookodile, L50, F|\n|poke|p2|Blastoise, L50, F|\n|poke|p2|Gengar, L50, F|\n|poke|p2|Scizor, L50, F|\n|teampreview|4\n|\n|t:|1776295207\n|teamsize|p1|4\n|teamsize|p2|4\n|start\n|switch|p1a: Incineroar|Incineroar, L50, M|100/100\n|switch|p1b: Banette|Banette, L50, M|100/100\n|switch|p2a: Krookodile|Krookodile, L50, F|100/100\n|switch|p2b: Gengar|Gengar, L50, F|100/100\n|-ability|p2a: Krookodile|Intimidate|boost\n|-unboost|p1a: Incineroar|atk|1\n|-unboost|p1b: Banette|atk|1\n|-item|p2a: Krookodile|Choice Scarf|[from] ability: Frisk|[of] p1b: Banette\n|-item|p2b: Gengar|Focus Sash|[from] ability: Frisk|[of] p1b: Banette\n|-ability|p1a: Incineroar|Intimidate|boost\n|-unboost|p2a: Krookodile|atk|1\n|-unboost|p2b: Gengar|atk|1\n|turn|1\n|\n|t:|1776295251\n|detailschange|p1b: Banette|Banette-Mega, L50, M\n|-mega|p1b: Banette|Banette|Banettite\n|move|p1a: Incineroar|Fake Out|p2a: Krookodile\n|-damage|p2a: Krookodile|88/100\n|cant|p2a: Krookodile|flinch\n|move|p2b: Gengar|Taunt|p1a: Incineroar\n|-start|p1a: Incineroar|move: Taunt\n|move|p1b: Banette|Trick Room|p1b: Banette\n|-fieldstart|move: Trick Room|[of] p1b: Banette\n|\n|upkeep\n|turn|2\n|\n|t:|1776295287\n|switch|p2b: Incineroar|Incineroar, L50, M|100/100\n|move|p1a: Incineroar|Darkest Lariat|p2b: Incineroar\n|-resisted|p2b: Incineroar|1\n|-damage|p2b: Incineroar|87/100\n|move|p1b: Banette|Shadow Claw|p2b: Incineroar\n|-resisted|p2b: Incineroar|1\n|-damage|p2b: Incineroar|73/100\n|move|p2a: Krookodile|Knock Off|p1b: Banette\n|-supereffective|p1b: Banette|1\n|-damage|p1b: Banette|50/100\n|\n|upkeep\n|turn|3\n|\n|t:|1776295307\n|switch|p1a: Mudsdale|Mudsdale, L50, M|100/100\n|move|p1b: Banette|Swagger|p1a: Mudsdale\n|-boost|p1a: Mudsdale|atk|2\n|-immune|p1a: Mudsdale|confusion|[from] ability: Own Tempo\n|move|p2b: Incineroar|Parting Shot|p1a: Mudsdale\n|-unboost|p1a: Mudsdale|atk|1\n|-unboost|p1a: Mudsdale|spa|1\n|\n|t:|1776295316\n|switch|p2b: Blastoise|Blastoise, L50, F|100/100|[from] Parting Shot\n|move|p2a: Krookodile|Knock Off|p1b: Banette\n|-supereffective|p1b: Banette|1\n|-damage|p1b: Banette|0 fnt\n|faint|p1b: Banette\n|\n|upkeep\n|\n|t:|1776295323\n|switch|p1b: Toucannon|Toucannon, L50, M|100/100\n|turn|4\n|\n|t:|1776295340\n|detailschange|p2b: Blastoise|Blastoise-Mega, L50, F\n|-mega|p2b: Blastoise|Blastoise|Blastoisinite\n|move|p1a: Mudsdale|High Horsepower|p2b: Blastoise\n|-damage|p2b: Blastoise|27/100\n|move|p1b: Toucannon|Psych Up|p1a: Mudsdale\n|-copyboost|p1b: Toucannon|p1a: Mudsdale|[from] move: Psych Up\n|move|p2b: Blastoise|Muddy Water|p1b: Toucannon|[spread] p1a,p1b\n|-supereffective|p1a: Mudsdale|1\n|-damage|p1a: Mudsdale|19/100\n|-damage|p1b: Toucannon|55/100\n|-unboost|p1a: Mudsdale|accuracy|1\n|-unboost|p1b: Toucannon|accuracy|1\n|move|p2a: Krookodile|Knock Off|p1b: Toucannon\n|-damage|p1b: Toucannon|19/100\n|-enditem|p1b: Toucannon|Lum Berry|[from] move: Knock Off|[of] p2a: Krookodile\n|\n|upkeep\n|turn|5\n|\n|t:|1776295364\n|move|p1a: Mudsdale|High Horsepower|p2b: Blastoise\n|-damage|p2b: Blastoise|0 fnt\n|faint|p2b: Blastoise\n|move|p1b: Toucannon|Bullet Seed|p2a: Krookodile\n|-supereffective|p2a: Krookodile|1\n|-damage|p2a: Krookodile|55/100\n|-supereffective|p2a: Krookodile|1\n|-damage|p2a: Krookodile|17/100\n|-supereffective|p2a: Krookodile|1\n|-damage|p2a: Krookodile|0 fnt\n|faint|p2a: Krookodile\n|-hitcount|p2: Krookodile|3\n|\n|-fieldend|move: Trick Room\n|upkeep\n|\n|t:|1776295369\n|switch|p2a: Incineroar|Incineroar, L50, M|73/100\n|switch|p2b: Gengar|Gengar, L50, F|100/100\n|turn|6\n|\n|t:|1776295393\n|switch|p1a: Incineroar|Incineroar, L50, M|100/100\n|-ability|p1a: Incineroar|Intimidate|boost\n|-unboost|p2a: Incineroar|atk|1\n|-unboost|p2b: Gengar|atk|1\n|move|p1b: Toucannon|Protect|p1b: Toucannon\n|-singleturn|p1b: Toucannon|Protect\n|move|p2a: Incineroar|Fake Out|p1b: Toucannon\n|-activate|p1b: Toucannon|move: Protect\n|move|p2b: Gengar|Shadow Ball|p1a: Incineroar\n|-resisted|p1a: Incineroar|1\n|-damage|p1a: Incineroar|80/100\n|\n|upkeep\n|turn|7\n|\n|t:|1776295428\n|move|p1a: Incineroar|Fake Out|p2a: Incineroar\n|-damage|p2a: Incineroar|61/100\n|move|p2b: Gengar|Sludge Bomb|p1b: Toucannon\n|-damage|p1b: Toucannon|0 fnt\n|faint|p1b: Toucannon\n|cant|p2a: Incineroar|flinch\n|\n|upkeep\n|\n|t:|1776295436\n|switch|p1b: Mudsdale|Mudsdale, L50, M|19/100\n|turn|8\n|\n|t:|1776295447\n|move|p2b: Gengar|Sludge Bomb|p1a: Incineroar\n|-damage|p1a: Incineroar|34/100\n|-status|p1a: Incineroar|psn\n|-enditem|p1a: Incineroar|Sitrus Berry|[eat]\n|-heal|p1a: Incineroar|58/100 psn|[from] item: Sitrus Berry\n|move|p2a: Incineroar|Flare Blitz|p1b: Mudsdale\n|-damage|p1b: Mudsdale|0 fnt\n|faint|p1b: Mudsdale\n|-damage|p2a: Incineroar|54/100|[from] Recoil\n|move|p1a: Incineroar|Flare Blitz|p2b: Gengar\n|-enditem|p2b: Gengar|Focus Sash\n|-damage|p2b: Gengar|1/100\n|-start|p1a: Incineroar|Disable|Flare Blitz|[from] ability: Cursed Body|[of] p2b: Gengar\n|-damage|p1a: Incineroar|36/100 psn|[from] Recoil\n|\n|-damage|p1a: Incineroar|24/100 psn|[from] psn\n|upkeep\n|turn|9\n|-message|FatCheesyPants forfeited.\n|\n|win|Xalvadore\n|raw|FatCheesyPants's rating: 1000 &rarr; <strong>1000</strong><br />(+0 for losing)\n|raw|Xalvadore's rating: 1099 &rarr; <strong>1117</strong><br />(+18 for winning)\n|l|\u2606FatCheesyPants\n|player|p1|\n|c|\u2606Xalvadore|gg\n",
  "uploadtime": 1776295463,
  "views": 18,
  "formatid": "gen9championsvgc2026regma",
  "rating": 1000,
  "private": 0,
  "password": null
}