{
  "id": "gen9championsvgc2026regma-2586609978",
  "format": "[Gen 9 Champions] VGC 2026 Reg M-A",
  "players": [
    "IdkImScared",
    "plume_feng"
  ],
  "log": "|j|\u2606IdkImScared\n|j|\u2606plume_feng\n|t:|1776446583\n|gametype|doubles\n|player|p1|IdkImScared|workerice|1350\n|player|p2|plume_feng|n|1372\n|gen|9\n|tier|[Gen 9 Champions] VGC 2026 Reg M-A\n|rated|\n|rule|Species Clause: Limit one of each Pok\u00e9mon\n|rule|Item Clause: Limit 1 of each item\n|clearpoke\n|poke|p1|Kommo-o, L50, M|\n|poke|p1|Aerodactyl, L50, M|\n|poke|p1|Sinistcha, L50|\n|poke|p1|Tyranitar, L50, F|\n|poke|p1|Excadrill, L50, F|\n|poke|p1|Rotom-Wash, L50|\n|poke|p2|Lucario, L50, F|\n|poke|p2|Dragonite, L50, F|\n|poke|p2|Pelipper, L50, F|\n|poke|p2|Basculegion, L50, M|\n|poke|p2|Archaludon, L50, F|\n|poke|p2|Kingambit, L50, F|\n|teampreview|4\n|inactive|Battle timer is ON: inactive players will automatically lose when time's up. (requested by plume_feng)\n|inactive|IdkImScared has 60 seconds left.\n|\n|t:|1776446629\n|teamsize|p1|4\n|teamsize|p2|4\n|start\n|switch|p1a: Maytag|Rotom-Wash, L50|100/100\n|switch|p1b: Don Carlos|Aerodactyl, L50, M|100/100\n|switch|p2a: um1ri|Kingambit, L50, F|100/100\n|switch|p2b: nyamu|Basculegion, L50, M, shiny|100/100\n|-ability|p1b: Don Carlos|Unnerve\n|turn|1\n|\n|t:|1776446650\n|move|p1b: Don Carlos|Protect|p1b: Don Carlos\n|-singleturn|p1b: Don Carlos|Protect\n|move|p2b: nyamu|Flip Turn|p1a: Maytag\n|-resisted|p1a: Maytag|1\n|-damage|p1a: Maytag|83/100\n|\n|t:|1776446658\n|switch|p2b: U1ka|Lucario, L50, F, shiny|100/100|[from] Flip Turn\n|move|p1a: Maytag|Volt Switch|p2b: U1ka\n|-damage|p2b: U1ka|47/100\n|\n|t:|1776446668\n|switch|p1a: Undyne|Tyranitar, L50, F|100/100|[from] Volt Switch\n|-weather|Sandstorm|[from] ability: Sand Stream|[of] p1a: Undyne\n|move|p2a: um1ri|Kowtow Cleave|p1a: Undyne\n|-resisted|p1a: Undyne|1\n|-damage|p1a: Undyne|77/100\n|\n|-weather|Sandstorm|[upkeep]\n|upkeep\n|turn|2\n|\n|t:|1776446693\n|switch|p2a: mutsum1|Pelipper, L50, F, shiny|100/100\n|-weather|RainDance|[from] ability: Drizzle|[of] p2a: mutsum1\n|detailschange|p2b: U1ka|Lucario-Mega, L50, F, shiny\n|-mega|p2b: U1ka|Lucario|Lucarionite\n|move|p1a: Undyne|Protect|p1a: Undyne\n|-singleturn|p1a: Undyne|Protect\n|move|p1b: Don Carlos|Dual Wingbeat|p2b: U1ka\n|-damage|p2b: U1ka|23/100\n|-damage|p2b: U1ka|0 fnt\n|faint|p2b: U1ka\n|-hitcount|p2: U1ka|2\n|\n|-weather|RainDance|[upkeep]\n|upkeep\n|\n|t:|1776446702\n|switch|p2b: nyamu|Basculegion, L50, M, shiny|100/100\n|turn|3\n|\n|t:|1776446725\n|detailschange|p1a: Undyne|Tyranitar-Mega, L50, F\n|-mega|p1a: Undyne|Tyranitar|Tyranitarite\n|-weather|Sandstorm|[from] ability: Sand Stream|[of] p1a: Undyne\n|move|p2b: nyamu|Flip Turn|p1b: Don Carlos\n|-supereffective|p1b: Don Carlos|1\n|-enditem|p1b: Don Carlos|Focus Sash\n|-damage|p1b: Don Carlos|1/100\n|\n|t:|1776446732\n|switch|p2b: um1ri|Kingambit, L50, F|100/100|[from] Flip Turn\n|move|p1b: Don Carlos|Tailwind|p1b: Don Carlos\n|-sidestart|p1: IdkImScared|move: Tailwind\n|move|p1a: Undyne|Rock Slide|p2b: um1ri|[spread] p2b\n|-miss|p1a: Undyne|p2a: mutsum1\n|-resisted|p2b: um1ri|1\n|-damage|p2b: um1ri|85/100\n|move|p2a: mutsum1|Weather Ball|p1a: Undyne\n|-damage|p1a: Undyne|62/100\n|\n|-weather|Sandstorm|[upkeep]\n|-damage|p2a: mutsum1|95/100|[from] Sandstorm\n|upkeep\n|turn|4\n|inactive|IdkImScared has 30 seconds left.\n|\n|t:|1776446766\n|move|p2a: mutsum1|Wide Guard|p2a: mutsum1\n|-singleturn|p2a: mutsum1|Wide Guard\n|move|p1b: Don Carlos|Rock Slide|p2b: um1ri|[spread] \n|-activate|p2a: mutsum1|move: Wide Guard\n|-activate|p2b: um1ri|move: Wide Guard\n|move|p1a: Undyne|Rock Slide|p2b: um1ri|[spread] \n|-activate|p2a: mutsum1|move: Wide Guard\n|-activate|p2b: um1ri|move: Wide Guard\n|move|p2b: um1ri|Iron Head|p1a: Undyne\n|-supereffective|p1a: Undyne|1\n|-damage|p1a: Undyne|4/100\n|\n|-weather|Sandstorm|[upkeep]\n|-damage|p2a: mutsum1|89/100|[from] Sandstorm\n|upkeep\n|turn|5\n|inactive|plume_feng has 30 seconds left.\n|inactive|plume_feng has 20 seconds left.\n|inactive|plume_feng has 15 seconds left.\n|inactive|plume_feng has 10 seconds left.\n|\n|t:|1776446813\n|switch|p1a: Maytag|Rotom-Wash, L50|83/100\n|switch|p2a: nyamu|Basculegion, L50, M, shiny|100/100\n|move|p2b: um1ri|Sucker Punch||[still]\n|-fail|p2b: um1ri\n|move|p1b: Don Carlos|Dual Wingbeat|p2a: nyamu\n|-damage|p2a: nyamu|80/100\n|-damage|p2a: nyamu|59/100\n|-hitcount|p2a: nyamu|2\n|\n|-weather|Sandstorm|[upkeep]\n|-damage|p1a: Maytag|77/100|[from] Sandstorm\n|-damage|p2a: nyamu|53/100|[from] Sandstorm\n|upkeep\n|turn|6\n|\n|t:|1776446829\n|move|p1b: Don Carlos|Protect|p1b: Don Carlos\n|-singleturn|p1b: Don Carlos|Protect\n|move|p2a: nyamu|Aqua Jet|p1b: Don Carlos\n|-activate|p1b: Don Carlos|move: Protect\n|move|p1a: Maytag|Volt Switch|p2a: nyamu\n|-supereffective|p2a: nyamu|1\n|-damage|p2a: nyamu|0 fnt\n|faint|p2a: nyamu\n|\n|t:|1776446838\n|switch|p1a: Alphys|Excadrill, L50, F|100/100|[from] Volt Switch\n|move|p2b: um1ri|Kowtow Cleave|p1a: Alphys\n|-damage|p1a: Alphys|17/100\n|\n|-weather|Sandstorm|[upkeep]\n|-sideend|p1: IdkImScared|move: Tailwind\n|upkeep\n|\n|t:|1776446848\n|switch|p2a: mutsum1|Pelipper, L50, F, shiny|89/100\n|-weather|RainDance|[from] ability: Drizzle|[of] p2a: mutsum1\n|turn|7\n|\n|t:|1776446871\n|move|p1a: Alphys|Protect|p1a: Alphys\n|-singleturn|p1a: Alphys|Protect\n|move|p2a: mutsum1|Protect|p2a: mutsum1\n|-singleturn|p2a: mutsum1|Protect\n|move|p1b: Don Carlos|Tailwind|p1b: Don Carlos\n|-sidestart|p1: IdkImScared|move: Tailwind\n|move|p2b: um1ri|Kowtow Cleave|p1a: Alphys\n|-activate|p1a: Alphys|move: Protect\n|\n|-weather|RainDance|[upkeep]\n|upkeep\n|turn|8\n|\n|t:|1776446892\n|switch|p1a: Undyne|Tyranitar-Mega, L50, F|4/100\n|-weather|Sandstorm|[from] ability: Sand Stream|[of] p1a: Undyne\n|move|p2a: mutsum1|Wide Guard|p2a: mutsum1\n|-singleturn|p2a: mutsum1|Wide Guard\n|move|p1b: Don Carlos|Rock Slide|p2b: um1ri|[spread] \n|-activate|p2a: mutsum1|move: Wide Guard\n|-activate|p2b: um1ri|move: Wide Guard\n|move|p2b: um1ri|Kowtow Cleave|p1a: Undyne\n|-resisted|p1a: Undyne|1\n|-damage|p1a: Undyne|0 fnt\n|faint|p1a: Undyne\n|\n|-weather|Sandstorm|[upkeep]\n|-damage|p2a: mutsum1|83/100|[from] Sandstorm\n|upkeep\n|\n|t:|1776446903\n|switch|p1a: Maytag|Rotom-Wash, L50|77/100\n|turn|9\n|\n|t:|1776446914\n|move|p1b: Don Carlos|Protect|p1b: Don Carlos\n|-singleturn|p1b: Don Carlos|Protect\n|move|p2a: mutsum1|Wide Guard|p2a: mutsum1\n|-singleturn|p2a: mutsum1|Wide Guard\n|move|p1a: Maytag|Thunderbolt|p2a: mutsum1\n|-supereffective|p2a: mutsum1|2\n|-damage|p2a: mutsum1|0 fnt\n|faint|p2a: mutsum1\n|move|p2b: um1ri|Kowtow Cleave|p1a: Maytag\n|-damage|p1a: Maytag|11/100\n|-enditem|p1a: Maytag|Sitrus Berry|[eat]\n|-heal|p1a: Maytag|36/100|[from] item: Sitrus Berry\n|\n|-weather|Sandstorm|[upkeep]\n|-damage|p1a: Maytag|30/100|[from] Sandstorm\n|upkeep\n|turn|10\n|inactive|IdkImScared has 30 seconds left.\n|\n|t:|1776446946\n|move|p1b: Don Carlos|Protect|p1b: Don Carlos\n|-singleturn|p1b: Don Carlos|Protect\n|move|p2b: um1ri|Sucker Punch|p1a: Maytag\n|-damage|p1a: Maytag|0 fnt\n|faint|p1a: Maytag\n|\n|-weather|Sandstorm|[upkeep]\n|-sideend|p1: IdkImScared|move: Tailwind\n|upkeep\n|\n|t:|1776446976\n|switch|p1a: Alphys|Excadrill, L50, F|17/100\n|turn|11\n|inactive|IdkImScared has 30 seconds left.\n|inactive|plume_feng has 30 seconds left.\n|\n|t:|1776447007\n|move|p1a: Alphys|Protect|p1a: Alphys\n|-singleturn|p1a: Alphys|Protect\n|move|p2b: um1ri|Protect|p2b: um1ri\n|-singleturn|p2b: um1ri|Protect\n|move|p1b: Don Carlos|Dual Wingbeat|p2b: um1ri\n|-activate|p2b: um1ri|move: Protect\n|\n|-weather|Sandstorm|[upkeep]\n|upkeep\n|turn|12\n|\n|t:|1776447032\n|move|p1a: Alphys|Protect||[still]\n|-fail|p1a: Alphys\n|move|p2b: um1ri|Sucker Punch||[still]\n|-fail|p2b: um1ri\n|move|p1b: Don Carlos|Rock Slide|p2b: um1ri|[miss]\n|-miss|p1b: Don Carlos|p2b: um1ri\n|\n|-weather|none\n|upkeep\n|turn|13\n|inactive|plume_feng has 30 seconds left.\n|\n|t:|1776447059\n|move|p1b: Don Carlos|Protect|p1b: Don Carlos\n|-singleturn|p1b: Don Carlos|Protect\n|move|p1a: Alphys|Protect|p1a: Alphys\n|-singleturn|p1a: Alphys|Protect\n|move|p2b: um1ri|Sucker Punch||[still]\n|-fail|p2b: um1ri\n|\n|upkeep\n|turn|14\n|inactive|IdkImScared has 30 seconds left.\n|inactive|IdkImScared has 20 seconds left.\n|\n|t:|1776447101\n|move|p1a: Alphys|Protect|p1a: Alphys\n|-singleturn|p1a: Alphys|Protect\n|move|p1b: Don Carlos|Dual Wingbeat|p2b: um1ri\n|-resisted|p2b: um1ri|1\n|-damage|p2b: um1ri|78/100\n|-resisted|p2b: um1ri|1\n|-damage|p2b: um1ri|71/100\n|-hitcount|p2b: um1ri|2\n|move|p2b: um1ri|Kowtow Cleave|p1a: Alphys\n|-activate|p1a: Alphys|move: Protect\n|\n|upkeep\n|turn|15\n|inactive|IdkImScared has 30 seconds left.\n|inactive|plume_feng has 30 seconds left.\n|\n|t:|1776447135\n|move|p1b: Don Carlos|Protect|p1b: Don Carlos\n|-singleturn|p1b: Don Carlos|Protect\n|move|p1a: Alphys|Protect||[still]\n|-fail|p1a: Alphys\n|move|p2b: um1ri|Kowtow Cleave|p1a: Alphys\n|-damage|p1a: Alphys|0 fnt\n|faint|p1a: Alphys\n|\n|upkeep\n|turn|16\n|\n|t:|1776447147\n|move|p1b: Don Carlos|Protect|p1b: Don Carlos\n|-singleturn|p1b: Don Carlos|Protect\n|move|p2b: um1ri|Iron Head|p1b: Don Carlos\n|-activate|p1b: Don Carlos|move: Protect\n|\n|upkeep\n|turn|17\n|c|\u2606plume_feng|gg\n|c|\u2606IdkImScared|Ggwp\n|-message|IdkImScared forfeited.\n|\n|win|plume_feng\n|raw|IdkImScared's rating: 1350 &rarr; <strong>1331</strong><br />(-19 for losing)\n|raw|plume_feng's rating: 1372 &rarr; <strong>1391</strong><br />(+19 for winning)\n|l|\u2606IdkImScared\n|player|p1|\n",
  "uploadtime": 1776447173,
  "views": 39,
  "formatid": "gen9championsvgc2026regma",
  "rating": 1331,
  "private": 0,
  "password": null
}