{
  "id": "gen9championsvgc2026regma-2588902187",
  "format": "[Gen 9 Champions] VGC 2026 Reg M-A",
  "players": [
    "saltchick",
    "notcheetofingers"
  ],
  "log": "|j|\u2606saltchick\n|j|\u2606notcheetofingers\n|t:|1776684158\n|gametype|doubles\n|player|p1|saltchick|cynthia-gen4|1212\n|player|p2|notcheetofingers|pokemaniac|1206\n|gen|9\n|tier|[Gen 9 Champions] VGC 2026 Reg M-A\n|rated|\n|rule|Species Clause: Limit one of each Pok\u00e9mon\n|rule|Item Clause: Limit 1 of each item\n|clearpoke\n|poke|p1|Floette-Eternal, L50, F|\n|poke|p1|Aggron, L50, F|\n|poke|p1|Aerodactyl, L50, F|\n|poke|p1|Kingambit, L50, M|\n|poke|p1|Sinistcha, L50|\n|poke|p1|Incineroar, L50, F|\n|poke|p2|Ampharos, L50, M|\n|poke|p2|Klefki, L50, M|\n|poke|p2|Farigiraf, L50, M|\n|poke|p2|Primarina, L50, F|\n|poke|p2|Incineroar, L50, F|\n|poke|p2|Snorlax, L50, F|\n|teampreview|4\n|inactive|Battle timer is ON: inactive players will automatically lose when time's up. (requested by saltchick)\nnotcheetofingers has agreed to open team sheets.\n|inactive|saltchick has 60 seconds left.\n|inactive|notcheetofingers has 60 seconds left.\n|\n|t:|1776684198\n|teamsize|p1|4\n|teamsize|p2|4\n|start\n|switch|p1a: Floette|Floette-Eternal, L50, F|100/100\n|switch|p1b: Kingambit|Kingambit, L50, M|100/100\n|switch|p2a: Farigiraf|Farigiraf, L50, M|100/100\n|switch|p2b: Primarina|Primarina, L50, F|100/100\n|turn|1\n|inactive|notcheetofingers has 30 seconds left.\n|\n|t:|1776684226\n|switch|p2b: Snorlax|Snorlax, L50, F|100/100\n|detailschange|p1a: Floette|Floette-Mega, L50, F\n|-mega|p1a: Floette|Floette|Floettite\n|-ability|p1a: Floette|Fairy Aura\n|move|p1a: Floette|Calm Mind|p1a: Floette\n|-boost|p1a: Floette|spa|1\n|-boost|p1a: Floette|spd|1\n|move|p1b: Kingambit|Kowtow Cleave|p2a: Farigiraf\n|-supereffective|p2a: Farigiraf|1\n|-damage|p2a: Farigiraf|3/100\n|-enditem|p2a: Farigiraf|Sitrus Berry|[eat]\n|-heal|p2a: Farigiraf|28/100|[from] item: Sitrus Berry\n|move|p2a: Farigiraf|Trick Room|p2a: Farigiraf\n|-fieldstart|move: Trick Room|[of] p2a: Farigiraf\n|\n|upkeep\n|turn|2\n|inactive|saltchick has 30 seconds left.\n|inactive|notcheetofingers has 30 seconds left.\n|\n|t:|1776684254\n|switch|p1b: Incineroar|Incineroar, L50, F|100/100\n|-ability|p1b: Incineroar|Intimidate|boost\n|-unboost|p2a: Farigiraf|atk|1\n|-unboost|p2b: Snorlax|atk|1\n|switch|p2a: Primarina|Primarina, L50, F|100/100\n|move|p2b: Snorlax|Curse|p2b: Snorlax\n|-unboost|p2b: Snorlax|spe|1\n|-boost|p2b: Snorlax|atk|1\n|-boost|p2b: Snorlax|def|1\n|move|p1a: Floette|Calm Mind|p1a: Floette\n|-boost|p1a: Floette|spa|1\n|-boost|p1a: Floette|spd|1\n|\n|upkeep\n|turn|3\n|inactive|saltchick has 30 seconds left.\n|inactive|notcheetofingers has 30 seconds left.\n|\n|t:|1776684286\n|move|p1b: Incineroar|Fake Out|p2a: Primarina\n|-damage|p2a: Primarina|88/100\n|move|p2b: Snorlax|Double-Edge|p1b: Incineroar\n|-damage|p1b: Incineroar|57/100\n|-damage|p2b: Snorlax|89/100|[from] Recoil\n|cant|p2a: Primarina|flinch\n|move|p1a: Floette|Draining Kiss|p2b: Snorlax\n|-damage|p2b: Snorlax|30/100\n|\n|-heal|p2b: Snorlax|36/100|[from] item: Leftovers\n|upkeep\n|turn|4\n|\n|t:|1776684306\n|move|p2b: Snorlax|Protect|p2b: Snorlax\n|-singleturn|p2b: Snorlax|Protect\n|move|p1b: Incineroar|Protect|p1b: Incineroar\n|-singleturn|p1b: Incineroar|Protect\n|move|p2a: Primarina|Hyper Voice|p1b: Incineroar|[spread] p1a\n|-activate|p1b: Incineroar|move: Protect\n|-damage|p1a: Floette|87/100\n|move|p1a: Floette|Dazzling Gleam|p2a: Primarina|[spread] p2a\n|-activate|p2b: Snorlax|move: Protect\n|-damage|p2a: Primarina|8/100\n|\n|-heal|p2b: Snorlax|43/100|[from] item: Leftovers\n|upkeep\n|turn|5\n|\n|t:|1776684325\n|switch|p1b: Sinistcha|Sinistcha, L50|100/100\n|-heal|p1a: Floette|100/100|[from] ability: Hospitality|[of] p1b: Sinistcha\n|move|p2b: Snorlax|Double-Edge|p1a: Floette\n|-damage|p1a: Floette|33/100\n|-damage|p2b: Snorlax|27/100|[from] Recoil\n|move|p2a: Primarina|Hyper Voice|p1a: Floette|[spread] p1a,p1b\n|-resisted|p1b: Sinistcha|1\n|-damage|p1a: Floette|20/100\n|-damage|p1b: Sinistcha|85/100\n|move|p1a: Floette|Dazzling Gleam|p2a: Primarina|[spread] p2a,p2b\n|-damage|p2a: Primarina|0 fnt\n|-damage|p2b: Snorlax|0 fnt\n|faint|p2a: Primarina\n|faint|p2b: Snorlax\n|\n|-fieldend|move: Trick Room\n|upkeep\n|\n|t:|1776684340\n|switch|p2a: Incineroar|Incineroar, L50, F|100/100\n|switch|p2b: Farigiraf|Farigiraf, L50, M|28/100\n|-ability|p2a: Incineroar|Intimidate|boost\n|-unboost|p1a: Floette|atk|1\n|-unboost|p1b: Sinistcha|atk|1\n|turn|6\n|inactive|notcheetofingers has 30 seconds left.\n|\n|t:|1776684370\n|move|p1a: Floette|Protect|p1a: Floette\n|-singleturn|p1a: Floette|Protect\n|move|p2a: Incineroar|Fake Out|p1a: Floette\n|-activate|p1a: Floette|move: Protect\n|move|p1b: Sinistcha|Life Dew|p1b: Sinistcha|[spread] p1a,p1b\n|-heal|p1a: Floette|46/100\n|-heal|p1b: Sinistcha|100/100\n|move|p2b: Farigiraf|Trick Room|p2b: Farigiraf\n|-fieldstart|move: Trick Room|[of] p2b: Farigiraf\n|\n|upkeep\n|turn|7\n|\n|t:|1776684393\n|move|p1b: Sinistcha|Rage Powder|p1b: Sinistcha\n|-singleturn|p1b: Sinistcha|move: Rage Powder\n|move|p2a: Incineroar|Darkest Lariat|p1b: Sinistcha\n|-supereffective|p1b: Sinistcha|1\n|-damage|p1b: Sinistcha|35/100\n|-enditem|p1b: Sinistcha|Sitrus Berry|[eat]\n|-heal|p1b: Sinistcha|60/100|[from] item: Sitrus Berry\n|move|p2b: Farigiraf|Psychic|p1b: Sinistcha\n|-damage|p1b: Sinistcha|26/100\n|move|p1a: Floette|Draining Kiss|p2a: Incineroar\n|-damage|p2a: Incineroar|20/100\n|-heal|p1a: Floette|100/100|[from] drain|[of] p2a: Incineroar\n|\n|upkeep\n|turn|8\n|\n|t:|1776684414\n|move|p1b: Sinistcha|Rage Powder|p1b: Sinistcha\n|-singleturn|p1b: Sinistcha|move: Rage Powder\n|move|p2b: Farigiraf|Psychic|p1b: Sinistcha\n|-damage|p1b: Sinistcha|0 fnt\n|faint|p1b: Sinistcha\n|move|p2a: Incineroar|Darkest Lariat|p1a: Floette\n|-resisted|p1a: Floette|1\n|-damage|p1a: Floette|79/100\n|move|p1a: Floette|Dazzling Gleam|p2b: Farigiraf|[spread] p2a,p2b\n|-damage|p2a: Incineroar|0 fnt\n|-damage|p2b: Farigiraf|0 fnt\n|faint|p2a: Incineroar\n|faint|p2b: Farigiraf\n|\n|win|saltchick\n|raw|saltchick's rating: 1212 &rarr; <strong>1237</strong><br />(+25 for winning)\n|raw|notcheetofingers's rating: 1206 &rarr; <strong>1181</strong><br />(-25 for losing)\n",
  "uploadtime": 1776684426,
  "views": 15,
  "formatid": "gen9championsvgc2026regma",
  "rating": 1181,
  "private": 0,
  "password": null
}