{
  "id": "gen9championsvgc2026regma-2580870741",
  "format": "[Gen 9 Champions] VGC 2026 Reg M-A",
  "players": [
    "SirMrRealityMan",
    "ranned bats"
  ],
  "log": "|j|\u2606SirMrRealityMan\n|j|\u2606ranned bats\n|t:|1775939282\n|gametype|doubles\n|player|p1|SirMrRealityMan|colress|1023\n|player|p2|ranned bats|winona|1025\n|gen|9\n|tier|[Gen 9 Champions] VGC 2026 Reg M-A\n|rated|\n|rule|Species Clause: Limit one of each Pok\u00e9mon\n|rule|Item Clause: Limit 1 of each item\n|clearpoke\n|poke|p1|Feraligatr, L50, M|\n|poke|p1|Pelipper, L50, F|\n|poke|p1|Incineroar, L50, M|\n|poke|p1|Sinistcha, L50|\n|poke|p1|Rotom-Fan, L50|\n|poke|p1|Corviknight, L50, F|\n|poke|p2|Scizor, L50, F|\n|poke|p2|Venusaur, L50, M|\n|poke|p2|Charizard, L50, F|\n|poke|p2|Klefki, L50, F|\n|poke|p2|Basculegion, L50, M|\n|poke|p2|Goodra, L50, M|\n|teampreview|4\n|c|\u2606ranned bats|glhf\n|\n|t:|1775939301\n|teamsize|p1|4\n|teamsize|p2|4\n|start\n|switch|p1a: Pelipper|Pelipper, L50, F|100/100\n|switch|p1b: Rotom|Rotom-Fan, L50|100/100\n|switch|p2a: Charizard|Charizard, L50, F|100/100\n|switch|p2b: Venusaur|Venusaur, L50, M|100/100\n|-weather|RainDance|[from] ability: Drizzle|[of] p1a: Pelipper\n|turn|1\n|\n|t:|1775939322\n|detailschange|p2b: Venusaur|Venusaur-Mega, L50, M\n|-mega|p2b: Venusaur|Venusaur|Venusaurite\n|move|p2a: Charizard|Hurricane|p1a: Pelipper\n|-damage|p1a: Pelipper|25/100\n|-start|p1a: Pelipper|confusion\n|move|p1b: Rotom|Volt Switch|p2a: Charizard\n|-supereffective|p2a: Charizard|1\n|-enditem|p2a: Charizard|Focus Sash\n|-damage|p2a: Charizard|1/100\n|\n|t:|1775939332\n|switch|p1b: Sinistcha|Sinistcha, L50|100/100|[from] Volt Switch\n|-heal|p1a: Pelipper|50/100|[from] ability: Hospitality|[of] p1b: Sinistcha\n|move|p2b: Venusaur|Sludge Bomb|p1b: Sinistcha\n|-damage|p1b: Sinistcha|50/100\n|-activate|p1a: Pelipper|confusion\n|move|p1a: Pelipper|Tailwind|p1a: Pelipper\n|-sidestart|p1: SirMrRealityMan|move: Tailwind\n|\n|-weather|RainDance|[upkeep]\n|upkeep\n|turn|2\n|\n|t:|1775939363\n|move|p1b: Sinistcha|Life Dew|p1b: Sinistcha|[spread] p1a,p1b\n|-heal|p1a: Pelipper|75/100\n|-heal|p1b: Sinistcha|75/100\n|-activate|p1a: Pelipper|confusion\n|move|p1a: Pelipper|Hurricane|p2b: Venusaur\n|-supereffective|p2b: Venusaur|1\n|-damage|p2b: Venusaur|42/100\n|-start|p2b: Venusaur|confusion\n|move|p2a: Charizard|Hurricane|p1b: Sinistcha\n|-supereffective|p1b: Sinistcha|1\n|-damage|p1b: Sinistcha|0 fnt\n|faint|p1b: Sinistcha\n|-activate|p2b: Venusaur|confusion\n|move|p2b: Venusaur|Sludge Bomb|p1a: Pelipper\n|-damage|p1a: Pelipper|0 fnt\n|faint|p1a: Pelipper\n|\n|-weather|RainDance|[upkeep]\n|upkeep\n|\n|t:|1775939380\n|switch|p1b: Feraligatr|Feraligatr, L50, M, shiny|100/100\n|switch|p1a: Rotom|Rotom-Fan, L50|100/100\n|turn|3\n|\n|t:|1775939399\n|detailschange|p1b: Feraligatr|Feraligatr-Mega, L50, M, shiny\n|-mega|p1b: Feraligatr|Feraligatr|Feraligite\n|move|p1a: Rotom|Air Slash|p2b: Venusaur\n|-supereffective|p2b: Venusaur|1\n|-crit|p2b: Venusaur\n|-damage|p2b: Venusaur|0 fnt\n|faint|p2b: Venusaur\n|move|p1b: Feraligatr|Swords Dance|p1b: Feraligatr\n|-boost|p1b: Feraligatr|atk|2\n|move|p2a: Charizard|Will-O-Wisp|p1b: Feraligatr\n|-status|p1b: Feraligatr|brn\n|\n|-weather|RainDance|[upkeep]\n|-damage|p1b: Feraligatr|94/100 brn|[from] brn\n|upkeep\n|\n|t:|1775939409\n|switch|p2b: Scizor|Scizor, L50, F|100/100\n|turn|4\n|\n|t:|1775939426\n|move|p1a: Rotom|Thunder|p2b: Scizor\n|-damage|p2b: Scizor|36/100\n|move|p1b: Feraligatr|Liquidation|p2b: Scizor\n|-damage|p2b: Scizor|0 fnt\n|faint|p2b: Scizor\n|move|p2a: Charizard|Flame Charge|p1a: Rotom\n|-damage|p1a: Rotom|86/100\n|-boost|p2a: Charizard|spe|1\n|\n|-weather|RainDance|[upkeep]\n|-damage|p1b: Feraligatr|88/100 brn|[from] brn\n|-sideend|p1: SirMrRealityMan|move: Tailwind\n|upkeep\n|\n|t:|1775939433\n|switch|p2b: Basculegion|Basculegion, L50, M|100/100\n|turn|5\n|\n|t:|1775939456\n|move|p2a: Charizard|Hurricane|p1b: Feraligatr\n|-damage|p1b: Feraligatr|31/100 brn\n|move|p2b: Basculegion|Last Respects|p1a: Rotom\n|-damage|p1a: Rotom|0 fnt\n|faint|p1a: Rotom\n|move|p1b: Feraligatr|Body Slam|p2b: Basculegion\n|-damage|p2b: Basculegion|21/100\n|\n|-weather|none\n|-damage|p1b: Feraligatr|25/100 brn|[from] brn\n|upkeep\n|turn|6\n|-message|SirMrRealityMan forfeited.\n|\n|win|ranned bats\n|raw|SirMrRealityMan's rating: 1023 &rarr; <strong>1010</strong><br />(-13 for losing)\n|raw|ranned bats's rating: 1025 &rarr; <strong>1061</strong><br />(+36 for winning)\n|l|\u2606SirMrRealityMan\n|player|p1|\n",
  "uploadtime": 1775939468,
  "views": 21,
  "formatid": "gen9championsvgc2026regma",
  "rating": 1010,
  "private": 0,
  "password": null
}