{
  "id": "gen9championsvgc2026regma-2586462023",
  "format": "[Gen 9 Champions] VGC 2026 Reg M-A",
  "players": [
    "Mekido80",
    "galbiazzoh"
  ],
  "log": "|j|\u2606Mekido80\n|j|\u2606galbiazzoh\n|t:|1776436353\n|gametype|doubles\n|player|p1|Mekido80|rood|1183\n|player|p2|galbiazzoh|li|1094\n|gen|9\n|tier|[Gen 9 Champions] VGC 2026 Reg M-A\n|rated|\n|rule|Species Clause: Limit one of each Pok\u00e9mon\n|rule|Item Clause: Limit 1 of each item\n|clearpoke\n|poke|p1|Dragonite, L50, F|\n|poke|p1|Pelipper, L50, F|\n|poke|p1|Incineroar, L50, M|\n|poke|p1|Basculegion, L50, M|\n|poke|p1|Sinistcha, L50|\n|poke|p1|Archaludon, L50, M|\n|poke|p2|Kangaskhan, L50, F|\n|poke|p2|Aerodactyl, L50, M|\n|poke|p2|Sneasler, L50, M|\n|poke|p2|Rotom-Wash, L50|\n|poke|p2|Milotic, L50, M|\n|poke|p2|Kingambit, L50, M|\n|teampreview|4\n|inactive|Battle timer is ON: inactive players will automatically lose when time's up. (requested by Mekido80)\ngalbiazzoh has agreed to open team sheets.\n|inactive|Mekido80 has 60 seconds left.\n|\n|t:|1776436409\n|teamsize|p1|4\n|teamsize|p2|4\n|start\n|switch|p1a: Pelipper|Pelipper, L50, F, shiny|100/100\n|switch|p1b: Basculegion|Basculegion, L50, M, shiny|100/100\n|switch|p2a: Aerodactyl|Aerodactyl, L50, M|100/100\n|switch|p2b: Milotic|Milotic, L50, M|100/100\n|-ability|p2a: Aerodactyl|Unnerve\n|-weather|RainDance|[from] ability: Drizzle|[of] p1a: Pelipper\n|turn|1\n|\n|t:|1776436432\n|switch|p2a: Rotom|Rotom-Wash, L50|100/100\n|move|p1b: Basculegion|Flip Turn|p2a: Rotom\n|-resisted|p2a: Rotom|1\n|-damage|p2a: Rotom|69/100\n|\n|t:|1776436438\n|switch|p1b: Sinistcha|Sinistcha, L50|100/100|[from] Flip Turn\n|move|p2b: Milotic|Icy Wind|p1b: Sinistcha|[spread] p1a,p1b\n|-supereffective|p1b: Sinistcha|1\n|-damage|p1a: Pelipper|86/100\n|-damage|p1b: Sinistcha|74/100\n|-unboost|p1a: Pelipper|spe|1\n|-unboost|p1b: Sinistcha|spe|1\n|move|p1a: Pelipper|Tailwind|p1a: Pelipper\n|-sidestart|p1: Mekido80|move: Tailwind\n|\n|-weather|RainDance|[upkeep]\n|upkeep\n|turn|2\n|\n|t:|1776436452\n|move|p1b: Sinistcha|Matcha Gotcha|p2b: Milotic|[spread] p2a,p2b\n|-supereffective|p2a: Rotom|1\n|-supereffective|p2b: Milotic|1\n|-damage|p2a: Rotom|11/100\n|-heal|p1b: Sinistcha|100/100|[from] drain|[of] p2a: Rotom\n|-damage|p2b: Milotic|66/100\n|-enditem|p2a: Rotom|Sitrus Berry|[eat]\n|-heal|p2a: Rotom|36/100|[from] item: Sitrus Berry\n|move|p1a: Pelipper|Hurricane|p2b: Milotic\n|-damage|p2b: Milotic|40/100\n|-start|p2b: Milotic|confusion\n|move|p2a: Rotom|Volt Switch|p1a: Pelipper\n|-supereffective|p1a: Pelipper|2\n|-damage|p1a: Pelipper|0 fnt\n|faint|p1a: Pelipper\n|\n|t:|1776436469\n|switch|p2a: Kingambit|Kingambit, L50, M|100/100|[from] Volt Switch\n|-activate|p2b: Milotic|confusion\n|move|p2b: Milotic|Life Dew||[still]|[spread] p2a,p2b\n|-fail|p2a: Kingambit|heal\n|-heal|p2b: Milotic|65/100\n|\n|-weather|RainDance|[upkeep]\n|-heal|p2b: Milotic|71/100|[from] item: Leftovers\n|upkeep\n|\n|t:|1776436480\n|switch|p1a: Basculegion|Basculegion, L50, M, shiny|100/100\n|turn|3\n|\n|t:|1776436491\n|move|p1b: Sinistcha|Protect|p1b: Sinistcha\n|-singleturn|p1b: Sinistcha|Protect\n|-activate|p2b: Milotic|confusion\n|-damage|p2b: Milotic|66/100|[from] confusion\n|move|p1a: Basculegion|Flip Turn|p2a: Kingambit\n|-damage|p2a: Kingambit|60/100\n|\n|t:|1776436498\n|switch|p1a: Dragonite|Dragonite, L50, F, shiny|100/100|[from] Flip Turn\n|move|p2a: Kingambit|Kowtow Cleave|p1b: Sinistcha\n|-activate|p1b: Sinistcha|move: Protect\n|\n|-weather|RainDance|[upkeep]\n|-heal|p2b: Milotic|72/100|[from] item: Leftovers\n|upkeep\n|turn|4\n|c|\u2606galbiazzoh|nah man please what was that move\n|c|\u2606galbiazzoh|sucker punch on basculegion you lose immediately\n|inactive|galbiazzoh has 30 seconds left.\n|inactive|galbiazzoh has 20 seconds left.\n|inactive|galbiazzoh has 15 seconds left.\n|inactive|galbiazzoh has 10 seconds left.\n|\n|t:|1776436544\n|switch|p2b: Aerodactyl|Aerodactyl, L50, M|100/100\n|-ability|p2b: Aerodactyl|Unnerve\n|detailschange|p1a: Dragonite|Dragonite-Mega, L50, F, shiny\n|-mega|p1a: Dragonite|Dragonite|Dragoninite\n|move|p2a: Kingambit|Protect|p2a: Kingambit\n|-singleturn|p2a: Kingambit|Protect\n|move|p1a: Dragonite|Thunder|p2b: Aerodactyl\n|-supereffective|p2b: Aerodactyl|1\n|-damage|p2b: Aerodactyl|0 fnt\n|faint|p2b: Aerodactyl\n|move|p1b: Sinistcha|Matcha Gotcha|p2a: Kingambit\n|-activate|p2a: Kingambit|move: Protect\n|\n|-weather|RainDance|[upkeep]\n|-sideend|p1: Mekido80|move: Tailwind\n|upkeep\n|\n|t:|1776436567\n|switch|p2b: Milotic|Milotic, L50, M|72/100\n|turn|5\n|\n|t:|1776436579\n|move|p1b: Sinistcha|Protect|p1b: Sinistcha\n|-singleturn|p1b: Sinistcha|Protect\n|move|p1a: Dragonite|Draco Meteor|p2a: Kingambit\n|-resisted|p2a: Kingambit|1\n|-damage|p2a: Kingambit|23/100\n|-unboost|p1a: Dragonite|spa|2\n|move|p2b: Milotic|Life Dew|p2b: Milotic|[spread] p2a,p2b\n|-heal|p2a: Kingambit|48/100\n|-heal|p2b: Milotic|97/100\n|move|p2a: Kingambit|Kowtow Cleave|p1b: Sinistcha\n|-activate|p1b: Sinistcha|move: Protect\n|\n|-weather|none\n|-heal|p2b: Milotic|100/100|[from] item: Leftovers\n|upkeep\n|turn|6\n|\n|t:|1776436597\n|switch|p1a: Basculegion|Basculegion, L50, M, shiny|100/100\n|move|p2b: Milotic|Life Dew||[still]|[spread] p2a,p2b\n|-heal|p2a: Kingambit|73/100\n|-fail|p2b: Milotic|heal\n|move|p2a: Kingambit|Kowtow Cleave|p1b: Sinistcha\n|-supereffective|p1b: Sinistcha|1\n|-damage|p1b: Sinistcha|5/100\n|move|p1b: Sinistcha|Matcha Gotcha|p2b: Milotic|[spread] p2a,p2b\n|-resisted|p2a: Kingambit|1\n|-supereffective|p2b: Milotic|1\n|-damage|p2a: Kingambit|61/100\n|-heal|p1b: Sinistcha|14/100|[from] drain|[of] p2a: Kingambit\n|-damage|p2b: Milotic|64/100\n|-heal|p1b: Sinistcha|38/100|[from] drain|[of] p2b: Milotic\n|-status|p2b: Milotic|brn\n|\n|-heal|p2b: Milotic|70/100 brn|[from] item: Leftovers\n|-damage|p2b: Milotic|64/100 brn|[from] brn\n|upkeep\n|turn|7\n|inactive|Mekido80 has 30 seconds left.\n|\n|t:|1776436624\n|switch|p1a: Dragonite|Dragonite-Mega, L50, F, shiny|100/100\n|move|p2a: Kingambit|Sucker Punch||[still]\n|-fail|p2a: Kingambit\n|move|p2b: Milotic|Icy Wind|p1b: Sinistcha|[spread] \n|-miss|p2b: Milotic|p1a: Dragonite\n|-miss|p2b: Milotic|p1b: Sinistcha\n|move|p1b: Sinistcha|Matcha Gotcha|p2b: Milotic|[spread] p2a,p2b\n|-resisted|p2a: Kingambit|1\n|-supereffective|p2b: Milotic|1\n|-damage|p2a: Kingambit|48/100\n|-heal|p1b: Sinistcha|48/100|[from] drain|[of] p2a: Kingambit\n|-damage|p2b: Milotic|33/100 brn\n|-heal|p1b: Sinistcha|69/100|[from] drain|[of] p2b: Milotic\n|\n|-heal|p2b: Milotic|39/100 brn|[from] item: Leftovers\n|-damage|p2b: Milotic|33/100 brn|[from] brn\n|upkeep\n|turn|8\n|inactive|Mekido80 has 30 seconds left.\n|inactive|galbiazzoh has 30 seconds left.\n|\n|t:|1776436655\n|move|p1b: Sinistcha|Protect|p1b: Sinistcha\n|-singleturn|p1b: Sinistcha|Protect\n|move|p1a: Dragonite|Thunder|p2b: Milotic\n|-supereffective|p2b: Milotic|1\n|-damage|p2b: Milotic|0 fnt\n|faint|p2b: Milotic\n|move|p2a: Kingambit|Kowtow Cleave|p1b: Sinistcha\n|-activate|p1b: Sinistcha|move: Protect\n|\n|upkeep\n|\n|t:|1776436659\n|switch|p2b: Rotom|Rotom-Wash, L50|36/100\n|turn|9\n|\n|t:|1776436679\n|move|p1b: Sinistcha|Rage Powder|p1b: Sinistcha\n|-singleturn|p1b: Sinistcha|move: Rage Powder\n|move|p1a: Dragonite|Thunder|p2a: Kingambit\n|-damage|p2a: Kingambit|7/100\n|-status|p2a: Kingambit|par\n|move|p2b: Rotom|Electroweb|p1a: Dragonite|[spread] p1a,p1b\n|-resisted|p1b: Sinistcha|1\n|-damage|p1a: Dragonite|92/100\n|-damage|p1b: Sinistcha|58/100\n|-unboost|p1a: Dragonite|spe|1\n|-unboost|p1b: Sinistcha|spe|1\n|cant|p2a: Kingambit|par\n|\n|upkeep\n|turn|10\n|\n|t:|1776436700\n|move|p2a: Kingambit|Sucker Punch||[still]\n|-fail|p2a: Kingambit\n|move|p2b: Rotom|Volt Switch|p1a: Dragonite\n|-damage|p1a: Dragonite|65/100\n|move|p1a: Dragonite|Tailwind|p1a: Dragonite\n|-sidestart|p1: Mekido80|move: Tailwind\n|move|p1b: Sinistcha|Matcha Gotcha|p2b: Rotom|[spread] p2b\n|-miss|p1b: Sinistcha|p2a: Kingambit\n|-supereffective|p2b: Rotom|1\n|-damage|p2b: Rotom|0 fnt\n|-heal|p1b: Sinistcha|77/100|[from] drain|[of] p2b: Rotom\n|faint|p2b: Rotom\n|\n|upkeep\n|turn|11\n|-message|galbiazzoh forfeited.\n|\n|win|Mekido80\n|raw|Mekido80's rating: 1183 &rarr; <strong>1202</strong><br />(+19 for winning)\n|raw|galbiazzoh's rating: 1094 &rarr; <strong>1076</strong><br />(-18 for losing)\n|l|\u2606galbiazzoh\n|player|p2|\n|c|\u2606Mekido80|wp bro\n|c|\u2606Mekido80|xd\n|j|\u2606galbiazzoh\n|player|p2|galbiazzoh|li|\n",
  "uploadtime": 1776436719,
  "views": 20,
  "formatid": "gen9championsvgc2026regma",
  "rating": 1076,
  "private": 0,
  "password": null
}