{
  "id": "gen9championsvgc2026regma-2583816767",
  "format": "[Gen 9 Champions] VGC 2026 Reg M-A",
  "players": [
    "KOTONOHOUSE",
    "stepintheshadow"
  ],
  "log": "|j|\u2606KOTONOHOUSE\n|j|\u2606stepintheshadow\n|t:|1776199968\n|gametype|doubles\n|player|p1|KOTONOHOUSE|emmet|1087\n|player|p2|stepintheshadow|170|1187\n|gen|9\n|tier|[Gen 9 Champions] VGC 2026 Reg M-A\n|rated|\n|rule|Species Clause: Limit one of each Pok\u00e9mon\n|rule|Item Clause: Limit 1 of each item\n|clearpoke\n|poke|p1|Whimsicott, L50, M|\n|poke|p1|Kingambit, L50, F|\n|poke|p1|Arcanine-Hisui, L50, M|\n|poke|p1|Floette-Eternal, L50, F|\n|poke|p1|Garchomp, L50, M|\n|poke|p1|Gengar, L50, F|\n|poke|p2|Armarouge, L50, M|\n|poke|p2|Charizard, L50, M|\n|poke|p2|Garchomp, L50, F|\n|poke|p2|Orthworm, L50, M|\n|poke|p2|Meganium, L50, F|\n|poke|p2|Sneasler, L50, F|\n|teampreview|4\n|inactive|Battle timer is ON: inactive players will automatically lose when time's up. (requested by KOTONOHOUSE)\n|inactive|KOTONOHOUSE has 60 seconds left.\n|\n|t:|1776200008\n|teamsize|p1|4\n|teamsize|p2|4\n|start\n|switch|p1a: Arcanine|Arcanine-Hisui, L50, M|100/100\n|switch|p1b: Whimsicott|Whimsicott, L50, M|100/100\n|switch|p2a: Garchomp|Garchomp, L50, F|100/100\n|switch|p2b: Orthworm|Orthworm, L50, M|100/100\n|-ability|p1a: Arcanine|Intimidate|boost\n|-unboost|p2a: Garchomp|atk|1\n|-unboost|p2b: Orthworm|atk|1\n|-enditem|p2a: Garchomp|White Herb\n|-clearnegativeboost|p2a: Garchomp|[silent]\n|turn|1\n|\n|t:|1776200021\n|move|p1b: Whimsicott|Sunny Day|p1b: Whimsicott\n|-weather|SunnyDay\n|move|p1a: Arcanine|Flare Blitz|p2b: Orthworm\n|-supereffective|p2b: Orthworm|1\n|-damage|p2b: Orthworm|0 fnt\n|faint|p2b: Orthworm\n|-damage|p1a: Arcanine|69/100|[from] Recoil\n|move|p2a: Garchomp|Earthquake|p1a: Arcanine|[spread] p1a,p1b\n|-supereffective|p1a: Arcanine|2\n|-resisted|p1b: Whimsicott|1\n|-damage|p1a: Arcanine|0 fnt\n|-damage|p1b: Whimsicott|84/100\n|faint|p1a: Arcanine\n|\n|-weather|SunnyDay|[upkeep]\n|upkeep\n|\n|t:|1776200035\n|switch|p1a: Garchomp|Garchomp, L50, M|100/100\n|switch|p2b: Meganium|Meganium, L50, F|100/100\n|turn|2\n|\n|t:|1776200047\n|detailschange|p2b: Meganium|Meganium-Mega, L50, F\n|-mega|p2b: Meganium|Meganium|Meganiumite\n|move|p1a: Garchomp|Protect|p1a: Garchomp\n|-singleturn|p1a: Garchomp|Protect\n|move|p1b: Whimsicott|Tailwind|p1b: Whimsicott\n|-sidestart|p1: KOTONOHOUSE|move: Tailwind\n|move|p2a: Garchomp|Earthquake|p1b: Whimsicott|[spread] p2b,p1b\n|-activate|p1a: Garchomp|move: Protect\n|-resisted|p2b: Meganium|1\n|-resisted|p1b: Whimsicott|1\n|-damage|p2b: Meganium|83/100\n|-damage|p1b: Whimsicott|69/100\n|move|p2b: Meganium|Weather Ball|p1b: Whimsicott\n|-supereffective|p1b: Whimsicott|1\n|-damage|p1b: Whimsicott|0 fnt\n|faint|p1b: Whimsicott\n|\n|-weather|SunnyDay|[upkeep]\n|upkeep\n|\n|t:|1776200061\n|switch|p1b: Floette|Floette-Eternal, L50, F|100/100\n|turn|3\n|\n|t:|1776200075\n|switch|p2a: Armarouge|Armarouge, L50, M|100/100\n|detailschange|p1b: Floette|Floette-Mega, L50, F\n|-mega|p1b: Floette|Floette|Floettite\n|-ability|p1b: Floette|Fairy Aura\n|move|p1a: Garchomp|Iron Head|p2b: Meganium\n|-supereffective|p2b: Meganium|1\n|-damage|p2b: Meganium|34/100\n|move|p1b: Floette|Dazzling Gleam|p2a: Armarouge|[spread] p2a,p2b\n|-resisted|p2a: Armarouge|1\n|-damage|p2a: Armarouge|75/100\n|-damage|p2b: Meganium|0 fnt\n|faint|p2b: Meganium\n|\n|-weather|SunnyDay|[upkeep]\n|upkeep\n|\n|t:|1776200086\n|switch|p2b: Garchomp|Garchomp, L50, F|100/100\n|turn|4\n|\n|t:|1776200094\n|move|p2a: Armarouge|Wide Guard|p2a: Armarouge\n|-singleturn|p2a: Armarouge|Wide Guard\n|move|p1b: Floette|Dazzling Gleam|p2b: Garchomp|[spread] \n|-activate|p2a: Armarouge|move: Wide Guard\n|-activate|p2b: Garchomp|move: Wide Guard\n|move|p1a: Garchomp|Stomping Tantrum|p2a: Armarouge\n|-supereffective|p2a: Armarouge|1\n|-damage|p2a: Armarouge|9/100\n|move|p2b: Garchomp|Earthquake|p1a: Garchomp|[spread] p1a,p1b\n|-activate|p2a: Armarouge|move: Wide Guard\n|-damage|p1a: Garchomp|60/100\n|-damage|p1b: Floette|49/100\n|\n|-weather|SunnyDay|[upkeep]\n|upkeep\n|turn|5\n|\n|t:|1776200115\n|move|p2a: Armarouge|Wide Guard|p2a: Armarouge\n|-singleturn|p2a: Armarouge|Wide Guard\n|move|p1b: Floette|Light of Ruin|p2b: Garchomp\n|-supereffective|p2b: Garchomp|1\n|-damage|p2b: Garchomp|0 fnt\n|faint|p2b: Garchomp\n|-damage|p1b: Floette|0 fnt|[from] Recoil\n|faint|p1b: Floette\n|move|p1a: Garchomp|Stomping Tantrum|p2a: Armarouge\n|-supereffective|p2a: Armarouge|1\n|-damage|p2a: Armarouge|0 fnt\n|faint|p2a: Armarouge\n|\n|win|KOTONOHOUSE\n|raw|KOTONOHOUSE's rating: 1087 &rarr; <strong>1121</strong><br />(+34 for winning)\n|raw|stepintheshadow's rating: 1187 &rarr; <strong>1155</strong><br />(-32 for losing)\n|l|\u2606stepintheshadow\n|player|p2|\n",
  "uploadtime": 1776200133,
  "views": 19,
  "formatid": "gen9championsvgc2026regma",
  "rating": 1121,
  "private": 0,
  "password": null
}