{
  "id": "gen9championsvgc2026regma-2583740818",
  "format": "[Gen 9 Champions] VGC 2026 Reg M-A",
  "players": [
    "henitusec",
    "MattGelo12"
  ],
  "log": "|j|\u2606henitusec\n|j|\u2606MattGelo12\n|t:|1776194514\n|gametype|doubles\n|player|p1|henitusec|diantha|1138\n|player|p2|MattGelo12|1|1178\n|gen|9\n|tier|[Gen 9 Champions] VGC 2026 Reg M-A\n|rated|\n|rule|Species Clause: Limit one of each Pok\u00e9mon\n|rule|Item Clause: Limit 1 of each item\n|clearpoke\n|poke|p1|Gardevoir, L50, F|\n|poke|p1|Aegislash, L50, M|\n|poke|p1|Incineroar, L50, F|\n|poke|p1|Vivillon-Polar, L50, M|\n|poke|p1|Whimsicott, L50, F|\n|poke|p1|Tauros-Paldea-Aqua, L50, M|\n|poke|p2|Sneasler, L50, M|\n|poke|p2|Kingambit, L50, M|\n|poke|p2|Basculegion, L50, M|\n|poke|p2|Delphox, L50, F|\n|poke|p2|Whimsicott, L50, M|\n|poke|p2|Sandaconda, L50, F|\n|teampreview|4\n|inactive|Battle timer is ON: inactive players will automatically lose when time's up. (requested by henitusec)\n|inactive|MattGelo12 has 60 seconds left.\n|inactive|MattGelo12 has 30 seconds left.\n|\n|t:|1776194578\n|teamsize|p1|4\n|teamsize|p2|4\n|start\n|switch|p1a: Gardevoir|Gardevoir, L50, F, shiny|100/100\n|switch|p1b: Whimsicott|Whimsicott, L50, F|100/100\n|switch|p2a: Delphox|Delphox, L50, F|100/100\n|switch|p2b: Kingambit|Kingambit, L50, M|100/100\n|-ability|p1a: Gardevoir|Blaze|Trace|[from] ability: Trace|[of] p2a: Delphox\n|turn|1\n|\n|t:|1776194598\n|detailschange|p1a: Gardevoir|Gardevoir-Mega, L50, F, shiny\n|-mega|p1a: Gardevoir|Gardevoir|Gardevoirite\n|move|p1b: Whimsicott|Light Screen|p1b: Whimsicott\n|-sidestart|p1: henitusec|move: Light Screen\n|move|p2a: Delphox|Heat Wave|p1b: Whimsicott|[spread] p1a,p1b\n|-supereffective|p1b: Whimsicott|1\n|-damage|p1a: Gardevoir|82/100\n|-damage|p1b: Whimsicott|48/100\n|move|p1a: Gardevoir|Calm Mind|p1a: Gardevoir\n|-boost|p1a: Gardevoir|spa|1\n|-boost|p1a: Gardevoir|spd|1\n|move|p2b: Kingambit|Iron Head|p1b: Whimsicott\n|-supereffective|p1b: Whimsicott|1\n|-damage|p1b: Whimsicott|0 fnt\n|faint|p1b: Whimsicott\n|\n|upkeep\n|\n|t:|1776194613\n|switch|p1b: Aegislash|Aegislash, L50, M|100/100\n|turn|2\n|\n|t:|1776194624\n|move|p2a: Delphox|Protect|p2a: Delphox\n|-singleturn|p2a: Delphox|Protect\n|move|p1a: Gardevoir|Hyper Voice|p2b: Kingambit|[spread] p2b\n|-activate|p2a: Delphox|move: Protect\n|-damage|p2b: Kingambit|35/100\n|-formechange|p1b: Aegislash|Aegislash-Blade|\n|move|p1b: Aegislash|Sacred Sword|p2b: Kingambit\n|-supereffective|p2b: Kingambit|2\n|-enditem|p2b: Kingambit|Chople Berry|[eat]\n|-enditem|p2b: Kingambit|Chople Berry|[weaken]\n|-damage|p2b: Kingambit|0 fnt\n|faint|p2b: Kingambit\n|\n|upkeep\n|\n|t:|1776194637\n|switch|p2b: Sneasler|Sneasler, L50, M|100/100\n|turn|3\n|\n|t:|1776194655\n|switch|p2a: Sandaconda|Sandaconda, L50, F|100/100\n|move|p2b: Sneasler|Dire Claw|p1a: Gardevoir\n|-supereffective|p1a: Gardevoir|1\n|-damage|p1a: Gardevoir|0 fnt\n|faint|p1a: Gardevoir\n|move|p1b: Aegislash|Poltergeist|p2a: Sandaconda\n|-activate|p2a: Sandaconda|move: Poltergeist|Leftovers\n|-damage|p2a: Sandaconda|54/100\n|-weather|Sandstorm|[from] ability: Sand Spit|[of] p2a: Sandaconda\n|\n|-weather|Sandstorm|[upkeep]\n|-damage|p2b: Sneasler|95/100|[from] Sandstorm\n|-heal|p2a: Sandaconda|60/100|[from] item: Leftovers\n|upkeep\n|\n|t:|1776194668\n|switch|p1a: Tauros|Tauros-Paldea-Aqua, L50, M|100/100\n|-ability|p1a: Tauros|Intimidate|boost\n|-unboost|p2a: Sandaconda|atk|1\n|-unboost|p2b: Sneasler|atk|1\n|-enditem|p2b: Sneasler|White Herb\n|-clearnegativeboost|p2b: Sneasler|[silent]\n|turn|4\n|inactive|henitusec has 30 seconds left.\n|\n|t:|1776194706\n|move|p2b: Sneasler|Dire Claw|p1a: Tauros\n|-damage|p1a: Tauros|54/100\n|move|p1a: Tauros|Wave Crash|p2b: Sneasler\n|-damage|p2b: Sneasler|0 fnt\n|faint|p2b: Sneasler\n|-damage|p1a: Tauros|27/100|[from] Recoil\n|move|p1b: Aegislash|Poltergeist|p2a: Sandaconda\n|-activate|p2a: Sandaconda|move: Poltergeist|Leftovers\n|-damage|p2a: Sandaconda|19/100\n|move|p2a: Sandaconda|Bulldoze|p1b: Aegislash|[spread] p1a,p1b\n|-supereffective|p1b: Aegislash|1\n|-damage|p1a: Tauros|17/100\n|-damage|p1b: Aegislash|60/100\n|-unboost|p1a: Tauros|spe|1\n|-unboost|p1b: Aegislash|spe|1\n|-enditem|p1b: Aegislash|White Herb\n|-clearnegativeboost|p1b: Aegislash|[silent]\n|\n|-weather|Sandstorm|[upkeep]\n|-damage|p1a: Tauros|10/100|[from] Sandstorm\n|-heal|p2a: Sandaconda|25/100|[from] item: Leftovers\n|upkeep\n|\n|t:|1776194729\n|switch|p2b: Delphox|Delphox, L50, F|100/100\n|turn|5\n|\n|t:|1776194739\n|detailschange|p2b: Delphox|Delphox-Mega, L50, F\n|-mega|p2b: Delphox|Delphox|Delphoxite\n|move|p1a: Tauros|Aqua Jet|p2a: Sandaconda\n|-supereffective|p2a: Sandaconda|1\n|-damage|p2a: Sandaconda|0 fnt\n|faint|p2a: Sandaconda\n|move|p2b: Delphox|Heat Wave|p1b: Aegislash|[spread] p1a,p1b\n|-resisted|p1a: Tauros|1\n|-supereffective|p1b: Aegislash|1\n|-damage|p1a: Tauros|0 fnt\n|-damage|p1b: Aegislash|0 fnt\n|faint|p1a: Tauros\n|faint|p1b: Aegislash\n|\n|win|MattGelo12\n|raw|henitusec's rating: 1138 &rarr; <strong>1116</strong><br />(-22 for losing)\n|raw|MattGelo12's rating: 1178 &rarr; <strong>1200</strong><br />(+22 for winning)\n|l|\u2606MattGelo12\n|player|p2|\n",
  "uploadtime": 1776194748,
  "views": 17,
  "formatid": "gen9championsvgc2026regma",
  "rating": 1116,
  "private": 0,
  "password": null
}