{
  "id": "gen9championsvgc2026regma-2584015246",
  "format": "[Gen 9 Champions] VGC 2026 Reg M-A",
  "players": [
    "Harley Getsinger",
    "bassnsynthbadger1"
  ],
  "log": "|j|\u2606Harley Getsinger\n|j|\u2606bassnsynthbadger1\n|t:|1776216954\n|gametype|doubles\n|player|p1|Harley Getsinger|linebacker|1096\n|player|p2|bassnsynthbadger1|1|1025\n|gen|9\n|tier|[Gen 9 Champions] VGC 2026 Reg M-A\n|rated|\n|rule|Species Clause: Limit one of each Pok\u00e9mon\n|rule|Item Clause: Limit 1 of each item\n|clearpoke\n|poke|p1|Crabominable, L50, M|\n|poke|p1|Oranguru, L50, M|\n|poke|p1|Torkoal, L50, M|\n|poke|p1|Armarouge, L50, M|\n|poke|p1|Luxray, L50, M|\n|poke|p1|Mr. Rime, L50, M|\n|poke|p2|Meganium, L50, F|\n|poke|p2|Basculegion, L50, M|\n|poke|p2|Clefable, L50, M|\n|poke|p2|Araquanid, L50, M|\n|poke|p2|Ceruledge, L50, F|\n|poke|p2|Corviknight, L50, F|\n|teampreview|4\n|\n|t:|1776217018\n|teamsize|p1|4\n|teamsize|p2|4\n|start\n|switch|p1a: Crabominable|Crabominable, L50, M|100/100\n|switch|p1b: Oranguru|Oranguru, L50, M|100/100\n|switch|p2a: Clefable|Clefable, L50, M, shiny|100/100\n|switch|p2b: Ceruledge|Ceruledge, L50, F|100/100\n|turn|1\n|\n|t:|1776217042\n|detailschange|p1a: Crabominable|Crabominable-Mega, L50, M\n|-mega|p1a: Crabominable|Crabominable|Crabominite\n|move|p2b: Ceruledge|Endure|p2b: Ceruledge\n|-singleturn|p2b: Ceruledge|move: Endure\n|move|p1a: Crabominable|Protect|p1a: Crabominable\n|-singleturn|p1a: Crabominable|Protect\n|move|p2a: Clefable|Skill Swap|p1a: Crabominable\n|-activate|p1a: Crabominable|move: Protect\n|move|p1b: Oranguru|Trick Room|p1b: Oranguru\n|-fieldstart|move: Trick Room|[of] p1b: Oranguru\n|\n|upkeep\n|turn|2\n|\n|t:|1776217078\n|move|p2b: Ceruledge|Endure||[still]\n|-fail|p2b: Ceruledge\n|move|p1a: Crabominable|Crabhammer|p2b: Ceruledge\n|-supereffective|p2b: Ceruledge|1\n|-damage|p2b: Ceruledge|0 fnt\n|faint|p2b: Ceruledge\n|move|p1b: Oranguru|Instruct|p1a: Crabominable\n|-singleturn|p1a: Crabominable|move: Instruct|[of] p1b: Oranguru\n|move|p1a: Crabominable|Crabhammer|p2a: Clefable\n|-damage|p2a: Clefable|68/100\n|move|p2a: Clefable|Skill Swap|p1a: Crabominable\n|-activate|p2a: Clefable|Skill Swap|Iron Fist|Magic Guard|[of] p1a: Crabominable\n|\n|upkeep\n|\n|t:|1776217093\n|switch|p2b: Corviknight|Corviknight, L50, F|100/100\n|-ability|p2b: Corviknight|Unnerve\n|turn|3\n|inactive|Battle timer is ON: inactive players will automatically lose when time's up. (requested by Harley Getsinger)\n|\n|t:|1776217149\n|move|p1a: Crabominable|Ice Hammer|p2b: Corviknight\n|-damage|p2b: Corviknight|60/100\n|-unboost|p1a: Crabominable|spe|1\n|move|p1b: Oranguru|Instruct|p1a: Crabominable\n|-singleturn|p1a: Crabominable|move: Instruct|[of] p1b: Oranguru\n|move|p1a: Crabominable|Ice Hammer|p2b: Corviknight\n|-damage|p2b: Corviknight|22/100\n|-unboost|p1a: Crabominable|spe|1\n|move|p2a: Clefable|Flamethrower|p1a: Crabominable\n|-supereffective|p1a: Crabominable|1\n|-damage|p1a: Crabominable|66/100\n|move|p2b: Corviknight|Iron Head|p1a: Crabominable\n|-supereffective|p1a: Crabominable|1\n|-damage|p1a: Crabominable|27/100\n|\n|-heal|p2b: Corviknight|28/100|[from] item: Leftovers\n|upkeep\n|turn|4\n|\n|t:|1776217174\n|move|p1a: Crabominable|Ice Hammer|p2a: Clefable\n|-damage|p2a: Clefable|16/100\n|-unboost|p1a: Crabominable|spe|1\n|-enditem|p2a: Clefable|Sitrus Berry|[eat]\n|-heal|p2a: Clefable|40/100|[from] item: Sitrus Berry\n|move|p1b: Oranguru|Instruct|p1a: Crabominable\n|-singleturn|p1a: Crabominable|move: Instruct|[of] p1b: Oranguru\n|move|p1a: Crabominable|Ice Hammer|p2a: Clefable\n|-damage|p2a: Clefable|0 fnt\n|-unboost|p1a: Crabominable|spe|1\n|faint|p2a: Clefable\n|move|p2b: Corviknight|Roost|p2b: Corviknight\n|-heal|p2b: Corviknight|79/100\n|-singleturn|p2b: Corviknight|move: Roost\n|\n|-heal|p2b: Corviknight|85/100|[from] item: Leftovers\n|upkeep\n|\n|t:|1776217194\n|switch|p2a: Meganium|Meganium, L50, F, shiny|100/100\n|turn|5\n|inactive|bassnsynthbadger1 has 30 seconds left.\n|\n|t:|1776217220\n|detailschange|p2a: Meganium|Meganium-Mega, L50, F, shiny\n|-mega|p2a: Meganium|Meganium|Meganiumite\n|move|p1a: Crabominable|Ice Hammer|p2a: Meganium\n|-supereffective|p2a: Meganium|1\n|-damage|p2a: Meganium|0 fnt\n|-unboost|p1a: Crabominable|spe|1\n|faint|p2a: Meganium\n|move|p1b: Oranguru|Instruct|p1a: Crabominable\n|-singleturn|p1a: Crabominable|move: Instruct|[of] p1b: Oranguru\n|move|p1a: Crabominable|Ice Hammer|p2b: Corviknight\n|-damage|p2b: Corviknight|45/100\n|-unboost|p1a: Crabominable|spe|1\n|move|p2b: Corviknight|Body Press|p1b: Oranguru\n|-damage|p1b: Oranguru|74/100\n|\n|-heal|p2b: Corviknight|51/100|[from] item: Leftovers\n|-fieldend|move: Trick Room\n|upkeep\n|turn|6\n|\n|t:|1776217245\n|move|p1a: Crabominable|Protect|p1a: Crabominable\n|-singleturn|p1a: Crabominable|Protect\n|move|p2b: Corviknight|Iron Head|p1a: Crabominable\n|-activate|p1a: Crabominable|move: Protect\n|move|p1b: Oranguru|Trick Room|p1b: Oranguru\n|-fieldstart|move: Trick Room|[of] p1b: Oranguru\n|\n|-heal|p2b: Corviknight|57/100|[from] item: Leftovers\n|upkeep\n|turn|7\n|\n|t:|1776217260\n|move|p1a: Crabominable|Ice Hammer|p2b: Corviknight\n|-damage|p2b: Corviknight|13/100\n|move|p1b: Oranguru|Instruct|p1a: Crabominable\n|-singleturn|p1a: Crabominable|move: Instruct|[of] p1b: Oranguru\n|move|p1a: Crabominable|Ice Hammer|p2b: Corviknight\n|-damage|p2b: Corviknight|0 fnt\n|faint|p2b: Corviknight\n|\n|win|Harley Getsinger\n|raw|Harley Getsinger's rating: 1096 &rarr; <strong>1116</strong><br />(+20 for winning)\n|raw|bassnsynthbadger1's rating: 1025 &rarr; <strong>1014</strong><br />(-11 for losing)\n|l|\u2606bassnsynthbadger1\n|player|p2|\n|l|\u2606Harley Getsinger\n|player|p1|\n|j|\u2606Harley Getsinger\n|player|p1|Harley Getsinger|linebacker|\n",
  "uploadtime": 1776217422,
  "views": 14,
  "formatid": "gen9championsvgc2026regma",
  "rating": 1014,
  "private": 0,
  "password": null
}