{
  "id": "gen9championsvgc2026regma-2586928391",
  "format": "[Gen 9 Champions] VGC 2026 Reg M-A",
  "players": [
    "Little Veggie",
    "RuiRivers"
  ],
  "log": "|j|\u2606Little Veggie\n|j|\u2606RuiRivers\n|t:|1776472691\n|gametype|doubles\n|player|p1|Little Veggie|wattson|1327\n|player|p2|RuiRivers|nate|1262\n|gen|9\n|tier|[Gen 9 Champions] VGC 2026 Reg M-A\n|rated|\n|rule|Species Clause: Limit one of each Pok\u00e9mon\n|rule|Item Clause: Limit 1 of each item\n|clearpoke\n|poke|p1|Aggron, L50, M|\n|poke|p1|Sinistcha-Masterpiece, L50|\n|poke|p1|Incineroar, L50, F|\n|poke|p1|Pelipper, L50, F|\n|poke|p1|Dragonite, L50, F|\n|poke|p1|Basculegion, L50, M|\n|poke|p2|Chesnaught, L50, M|\n|poke|p2|Zoroark-Hisui, L50, F|\n|poke|p2|Samurott-Hisui, L50, M|\n|poke|p2|Noivern, L50, F|\n|poke|p2|Arcanine-Hisui, L50, M|\n|poke|p2|Raichu, L50, M|\n|teampreview|4\n|inactive|Battle timer is ON: inactive players will automatically lose when time's up. (requested by Little Veggie)\nRuiRivers rejected open team sheets.\n|inactive|Little Veggie has 60 seconds left.\n|inactive|Little Veggie has 30 seconds left.\n|inactive|Little Veggie has 20 seconds left.\n|\n|t:|1776472765\n|teamsize|p1|4\n|teamsize|p2|4\n|start\n|switch|p1a: Incineroar|Incineroar, L50, F|100/100\n|switch|p1b: THE WALL|Aggron, L50, M|100/100\n|switch|p2a: Chesnaught|Chesnaught, L50, M|100/100\n|switch|p2b: Raichu|Raichu, L50, M|100/100\n|-ability|p1a: Incineroar|Intimidate|boost\n|-unboost|p2a: Chesnaught|atk|1\n|-unboost|p2b: Raichu|atk|1\n|turn|1\n|\n|t:|1776472773\n|detailschange|p2a: Chesnaught|Chesnaught-Mega, L50, M\n|-mega|p2a: Chesnaught|Chesnaught|Chesnaughtite\n|detailschange|p1b: THE WALL|Aggron-Mega, L50, M\n|-mega|p1b: THE WALL|Aggron|Aggronite\n|move|p2b: Raichu|Fake Out|p1a: Incineroar\n|-damage|p1a: Incineroar|96/100\n|cant|p1a: Incineroar|flinch\n|move|p1b: THE WALL|Iron Defense|p1b: THE WALL\n|-boost|p1b: THE WALL|def|2\n|move|p2a: Chesnaught|Swords Dance|p2a: Chesnaught\n|-boost|p2a: Chesnaught|atk|2\n|\n|upkeep\n|turn|2\n|\n|t:|1776472784\n|move|p2b: Raichu|Encore|p1b: THE WALL\n|-start|p1b: THE WALL|Encore\n|move|p1a: Incineroar|Taunt|p2a: Chesnaught\n|-start|p2a: Chesnaught|move: Taunt\n|move|p1b: THE WALL|Iron Defense|p1b: THE WALL\n|-boost|p1b: THE WALL|def|2\n|cant|p2a: Chesnaught|move: Taunt|Swords Dance\n|\n|upkeep\n|turn|3\n|\n|t:|1776472799\n|move|p2b: Raichu|Thunderbolt|p1b: THE WALL\n|-damage|p1b: THE WALL|69/100\n|move|p1a: Incineroar|Flare Blitz|p2b: Raichu\n|-damage|p2b: Raichu|6/100\n|-damage|p1a: Incineroar|75/100|[from] Recoil\n|move|p1b: THE WALL|Iron Defense|p1b: THE WALL\n|-boost|p1b: THE WALL|def|2\n|move|p2a: Chesnaught|Drain Punch|p1a: Incineroar\n|-supereffective|p1a: Incineroar|1\n|-enditem|p1a: Incineroar|Chople Berry|[eat]\n|-enditem|p1a: Incineroar|Chople Berry|[weaken]\n|-damage|p1a: Incineroar|27/100\n|\n|upkeep\n|turn|4\n|\n|t:|1776472816\n|move|p2b: Raichu|Protect|p2b: Raichu\n|-singleturn|p2b: Raichu|Protect\n|move|p1a: Incineroar|Parting Shot|p2a: Chesnaught\n|-unboost|p2a: Chesnaught|atk|1\n|-unboost|p2a: Chesnaught|spa|1\n|\n|t:|1776472820\n|switch|p1a: Sinistcha|Sinistcha-Masterpiece, L50|100/100|[from] Parting Shot\n|-heal|p1b: THE WALL|94/100|[from] ability: Hospitality|[of] p1a: Sinistcha\n|move|p1b: THE WALL|Iron Defense|p1b: THE WALL\n|-boost|p1b: THE WALL|def|0\n|move|p2a: Chesnaught|Drain Punch|p1a: Sinistcha\n|-immune|p1a: Sinistcha\n|\n|-end|p2a: Chesnaught|move: Taunt\n|-end|p1b: THE WALL|Encore\n|upkeep\n|turn|5\n|\n|t:|1776472830\n|move|p1a: Sinistcha|Rage Powder|p1a: Sinistcha\n|-singleturn|p1a: Sinistcha|move: Rage Powder\n|move|p2b: Raichu|Encore|p1a: Sinistcha\n|-start|p1a: Sinistcha|Encore\n|move|p1b: THE WALL|Body Press|p2b: Raichu\n|-damage|p2b: Raichu|0 fnt\n|faint|p2b: Raichu\n|move|p2a: Chesnaught|Swords Dance|p2a: Chesnaught\n|-boost|p2a: Chesnaught|atk|2\n|\n|upkeep\n|\n|t:|1776472835\n|switch|p2b: Samurott|Samurott-Hisui, L50, M|100/100\n|turn|6\n|\n|t:|1776472841\n|switch|p1a: Incineroar|Incineroar, L50, F|27/100\n|-ability|p1a: Incineroar|Intimidate|boost\n|-unboost|p2a: Chesnaught|atk|1\n|-unboost|p2b: Samurott|atk|1\n|move|p2b: Samurott|Night Slash|p1a: Incineroar\n|-resisted|p1a: Incineroar|1\n|-damage|p1a: Incineroar|12/100\n|move|p1b: THE WALL|Body Press|p2a: Chesnaught\n|-damage|p2a: Chesnaught|11/100\n|move|p2a: Chesnaught|Swords Dance|p2a: Chesnaught\n|-boost|p2a: Chesnaught|atk|2\n|\n|upkeep\n|turn|7\n|\n|t:|1776472852\n|move|p2a: Chesnaught|Spiky Shield|p2a: Chesnaught\n|-singleturn|p2a: Chesnaught|move: Protect\n|move|p1a: Incineroar|Fake Out|p2b: Samurott\n|-damage|p2b: Samurott|89/100\n|cant|p2b: Samurott|flinch\n|move|p1b: THE WALL|Body Press|p2a: Chesnaught\n|-activate|p2a: Chesnaught|move: Protect\n|-damage|p1b: THE WALL|82/100|[from] Spiky Shield|[of] p2a: Chesnaught\n|\n|upkeep\n|turn|8\n|\n|t:|1776472861\n|switch|p1a: Sinistcha|Sinistcha-Masterpiece, L50|100/100\n|-heal|p1b: THE WALL|100/100|[from] ability: Hospitality|[of] p1a: Sinistcha\n|move|p2b: Samurott|Aqua Cutter|p1a: Sinistcha\n|-resisted|p1a: Sinistcha|1\n|-damage|p1a: Sinistcha|84/100\n|move|p1b: THE WALL|Body Press|p2a: Chesnaught\n|-damage|p2a: Chesnaught|0 fnt\n|faint|p2a: Chesnaught\n|\n|upkeep\n|\n|t:|1776472871\n|switch|p2a: Arcanine|Arcanine-Hisui, L50, M|100/100\n|-ability|p2a: Arcanine|Intimidate|boost\n|-unboost|p1a: Sinistcha|atk|1\n|-unboost|p1b: THE WALL|atk|1\n|turn|9\n|\n|t:|1776472884\n|move|p1a: Sinistcha|Protect|p1a: Sinistcha\n|-singleturn|p1a: Sinistcha|Protect\n|move|p2a: Arcanine|Flare Blitz|p1a: Sinistcha\n|-activate|p1a: Sinistcha|move: Protect\n|move|p2b: Samurott|Night Slash|p1a: Sinistcha\n|-activate|p1a: Sinistcha|move: Protect\n|move|p1b: THE WALL|Body Press|p2a: Arcanine\n|-supereffective|p2a: Arcanine|1\n|-damage|p2a: Arcanine|0 fnt\n|faint|p2a: Arcanine\n|\n|upkeep\n|turn|10\n|c|\u2606Little Veggie|this is what you get for not just ignoring but outright rejecting team sheets lmao\n|c|\u2606Little Veggie|ggs\n|c|\u2606Little Veggie|Can't outstall THE WALL\n|inactive|RuiRivers has 30 seconds left.\n|c|\u2606RuiRivers|literally every aggron runs the same set? this changes nothing lmao, besides ure just lucky im trying an SD set on Ches\n|inactive|RuiRivers has 20 seconds left.\n|inactive|RuiRivers has 15 seconds left.\n|c|\u2606RuiRivers|Every other Ches set Ive used anihilates Aggron LMAO\n|inactive|RuiRivers has 10 seconds left.\n|-message|RuiRivers forfeited.\n|\n|win|Little Veggie\n|raw|Little Veggie's rating: 1327 &rarr; <strong>1343</strong><br />(+16 for winning)\n|raw|RuiRivers's rating: 1262 &rarr; <strong>1242</strong><br />(-20 for losing)\n|l|\u2606RuiRivers\n|player|p2|\n|c|\u2606Little Veggie|Wah wah\n",
  "uploadtime": 1776473026,
  "views": 28,
  "formatid": "gen9championsvgc2026regma",
  "rating": 1242,
  "private": 0,
  "password": null
}