{
  "id": "gen9championsvgc2026regma-2583858571",
  "format": "[Gen 9 Champions] VGC 2026 Reg M-A",
  "players": [
    "asfm",
    "RedyVGC"
  ],
  "log": "|j|\u2606asfm\n|j|\u2606RedyVGC\n|t:|1776203244\n|gametype|doubles\n|player|p1|asfm|lady-gen4|1309\n|player|p2|RedyVGC|gambler|1387\n|gen|9\n|tier|[Gen 9 Champions] VGC 2026 Reg M-A\n|rated|\n|rule|Species Clause: Limit one of each Pok\u00e9mon\n|rule|Item Clause: Limit 1 of each item\n|clearpoke\n|poke|p1|Charizard, L50, F|\n|poke|p1|Whimsicott, L50, M|\n|poke|p1|Basculegion, L50, M|\n|poke|p1|Farigiraf, L50, F|\n|poke|p1|Kangaskhan, L50, F|\n|poke|p1|Sneasler, L50, F|\n|poke|p2|Charizard, L50, F|\n|poke|p2|Garchomp, L50, F|\n|poke|p2|Basculegion, L50, M|\n|poke|p2|Incineroar, L50, M|\n|poke|p2|Venusaur, L50, F|\n|poke|p2|Sneasler, L50, F|\n|teampreview|4\n|inactive|Battle timer is ON: inactive players will automatically lose when time's up. (requested by RedyVGC)\nRedyVGC has agreed to open team sheets.\n|inactive|asfm has 60 seconds left.\n|\n|t:|1776203279\n|teamsize|p1|4\n|teamsize|p2|4\n|start\n|switch|p1a: Whimsicott|Whimsicott, L50, M|100/100\n|switch|p1b: Basculegion|Basculegion, L50, M|100/100\n|switch|p2a: Basculegion|Basculegion, L50, M|100/100\n|switch|p2b: Charizard|Charizard, L50, F|100/100\n|turn|1\n|\n|t:|1776203292\n|detailschange|p2b: Charizard|Charizard-Mega-Y, L50, F\n|-mega|p2b: Charizard|Charizard|Charizardite Y\n|-weather|SunnyDay|[from] ability: Drought|[of] p2b: Charizard\n|move|p1a: Whimsicott|Tailwind|p1a: Whimsicott\n|-sidestart|p1: asfm|move: Tailwind\n|move|p1b: Basculegion|Last Respects|p2a: Basculegion\n|-supereffective|p2a: Basculegion|1\n|-damage|p2a: Basculegion|23/100\n|move|p2a: Basculegion|Flip Turn|p1a: Whimsicott\n|-resisted|p1a: Whimsicott|1\n|-damage|p1a: Whimsicott|91/100\n|\n|t:|1776203301\n|switch|p2a: Venusaur|Venusaur, L50, F|100/100|[from] Flip Turn\n|move|p2b: Charizard|Heat Wave|p1b: Basculegion|[spread] p1b\n|-miss|p2b: Charizard|p1a: Whimsicott\n|-resisted|p1b: Basculegion|1\n|-damage|p1b: Basculegion|63/100\n|\n|-weather|SunnyDay|[upkeep]\n|upkeep\n|turn|2\n|inactive|asfm has 30 seconds left.\n|\n|t:|1776203329\n|move|p1b: Basculegion|Last Respects|p2b: Charizard\n|-damage|p2b: Charizard|65/100\n|move|p1a: Whimsicott|Moonblast|p2b: Charizard\n|-resisted|p2b: Charizard|1\n|-damage|p2b: Charizard|53/100\n|move|p2a: Venusaur|Sleep Powder|p1b: Basculegion\n|-status|p1b: Basculegion|slp|[from] move: Sleep Powder\n|move|p2b: Charizard|Heat Wave|p1b: Basculegion|[spread] p1a,p1b\n|-supereffective|p1a: Whimsicott|1\n|-resisted|p1b: Basculegion|1\n|-damage|p1a: Whimsicott|0 fnt\n|-damage|p1b: Basculegion|21/100 slp\n|faint|p1a: Whimsicott\n|\n|-weather|SunnyDay|[upkeep]\n|upkeep\n|\n|t:|1776203345\n|switch|p1a: Charizard|Charizard, L50, F|100/100\n|turn|3\n|\n|t:|1776203354\n|switch|p1b: Sneasler|Sneasler, L50, F|100/100\n|switch|p2b: Garchomp|Garchomp, L50, F|100/100\n|detailschange|p1a: Charizard|Charizard-Mega-Y, L50, F\n|-mega|p1a: Charizard|Charizard|Charizardite Y\n|move|p1a: Charizard|Heat Wave|p2a: Venusaur|[spread] p2a,p2b\n|-supereffective|p2a: Venusaur|1\n|-resisted|p2b: Garchomp|1\n|-enditem|p2a: Venusaur|Focus Sash\n|-damage|p2a: Venusaur|1/100\n|-damage|p2b: Garchomp|71/100\n|move|p2a: Venusaur|Sleep Powder|p1a: Charizard\n|-status|p1a: Charizard|slp|[from] move: Sleep Powder\n|\n|-weather|SunnyDay|[upkeep]\n|upkeep\n|turn|4\n|inactive|RedyVGC has 30 seconds left.\n|\n|t:|1776203385\n|move|p1b: Sneasler|Fake Out|p2a: Venusaur\n|-damage|p2a: Venusaur|0 fnt\n|faint|p2a: Venusaur\n|cant|p1a: Charizard|slp\n|move|p2b: Garchomp|Rock Slide|p1b: Sneasler|[spread] p1a,p1b\n|-supereffective|p1a: Charizard|2\n|-resisted|p1b: Sneasler|1\n|-damage|p1a: Charizard|0 fnt\n|-damage|p1b: Sneasler|84/100\n|faint|p1a: Charizard\n|\n|-weather|SunnyDay|[upkeep]\n|-sideend|p1: asfm|move: Tailwind\n|upkeep\n|\n|t:|1776203398\n|switch|p1a: Basculegion|Basculegion, L50, M|21/100 slp\n|switch|p2a: Basculegion|Basculegion, L50, M|23/100\n|turn|5\n|\n|t:|1776203409\n|cant|p1a: Basculegion|slp\n|move|p2a: Basculegion|Last Respects|p1b: Sneasler\n|-damage|p1b: Sneasler|0 fnt\n|faint|p1b: Sneasler\n|move|p2b: Garchomp|Earthquake|p1a: Basculegion|[spread] p2a,p1a\n|-damage|p2a: Basculegion|0 fnt\n|-damage|p1a: Basculegion|0 fnt\n|faint|p2a: Basculegion\n|faint|p1a: Basculegion\n|\n|win|RedyVGC\n|raw|asfm's rating: 1309 &rarr; <strong>1293</strong><br />(-16 for losing)\n|raw|RedyVGC's rating: 1387 &rarr; <strong>1403</strong><br />(+16 for winning)\n",
  "uploadtime": 1776203414,
  "views": 26,
  "formatid": "gen9championsvgc2026regma",
  "rating": 1293,
  "private": 0,
  "password": null
}