{
  "id": "gen9championsvgc2026regma-2587072142",
  "format": "[Gen 9 Champions] VGC 2026 Reg M-A",
  "players": [
    "NomDatBass",
    "Warehouse User"
  ],
  "log": "|j|\u2606NomDatBass\n|j|\u2606Warehouse User\n|t:|1776489607\n|gametype|doubles\n|player|p1|NomDatBass|1|1111\n|player|p2|Warehouse User|102|1050\n|gen|9\n|tier|[Gen 9 Champions] VGC 2026 Reg M-A\n|rated|\n|rule|Species Clause: Limit one of each Pok\u00e9mon\n|rule|Item Clause: Limit 1 of each item\n|clearpoke\n|poke|p1|Gardevoir, L50, F, shiny|\n|poke|p1|Incineroar, L50, M|\n|poke|p1|Sinistcha, L50|\n|poke|p1|Kingambit, L50, M|\n|poke|p1|Rotom-Wash, L50|\n|poke|p1|Arcanine-Hisui, L50, F|\n|poke|p2|Aegislash, L50, M|\n|poke|p2|Maushold-Four, L50|\n|poke|p2|Azumarill, L50, F|\n|poke|p2|Whimsicott, L50, F|\n|poke|p2|Beedrill, L50, M|\n|poke|p2|Castform, L50, M|\n|teampreview|4\n|inactive|Battle timer is ON: inactive players will automatically lose when time's up. (requested by Warehouse User)\n|\n|t:|1776489663\n|teamsize|p1|4\n|teamsize|p2|4\n|start\n|switch|p1a: Incineroar|Incineroar, L50, M|100/100\n|switch|p1b: Rotom|Rotom-Wash, L50|100/100\n|switch|p2a: Azumarill|Azumarill, L50, F|100/100\n|switch|p2b: Maushold|Maushold-Four, L50|100/100\n|-ability|p1a: Incineroar|Intimidate|boost\n|-unboost|p2a: Azumarill|atk|1\n|-unboost|p2b: Maushold|atk|1\n|turn|1\n|\n|t:|1776489687\n|switch|p2a: Aegislash|Aegislash, L50, M|100/100\n|move|p1a: Incineroar|Fake Out|p2a: Aegislash\n|-immune|p2a: Aegislash\n|move|p2b: Maushold|Super Fang|p1b: Rotom\n|-damage|p1b: Rotom|51/100\n|move|p1b: Rotom|Thunder Wave|p2b: Maushold|[miss]\n|-miss|p1b: Rotom|p2b: Maushold\n|\n|-heal|p1b: Rotom|57/100|[from] item: Leftovers\n|upkeep\n|turn|2\n|\n|t:|1776489708\n|move|p1b: Rotom|Protect|p1b: Rotom\n|-singleturn|p1b: Rotom|Protect\n|move|p2b: Maushold|Follow Me|p2b: Maushold\n|-singleturn|p2b: Maushold|move: Follow Me\n|move|p2a: Aegislash|Swords Dance|p2a: Aegislash\n|-boost|p2a: Aegislash|atk|2\n|move|p1a: Incineroar|Parting Shot|p2b: Maushold\n|-unboost|p2b: Maushold|atk|1\n|-unboost|p2b: Maushold|spa|1\n|\n|t:|1776489720\n|switch|p1a: Arcanine|Arcanine-Hisui, L50, F|100/100|[from] Parting Shot\n|-ability|p1a: Arcanine|Intimidate|boost\n|-unboost|p2a: Aegislash|atk|1\n|-unboost|p2b: Maushold|atk|1\n|\n|-heal|p1b: Rotom|62/100|[from] item: Leftovers\n|upkeep\n|turn|3\n|\n|t:|1776489739\n|move|p2b: Maushold|Follow Me|p2b: Maushold\n|-singleturn|p2b: Maushold|move: Follow Me\n|move|p1a: Arcanine|Rock Slide|p2b: Maushold|[spread] p2a,p2b\n|-resisted|p2a: Aegislash|1\n|-damage|p2a: Aegislash|93/100\n|-damage|p2b: Maushold|62/100\n|move|p1b: Rotom|Volt Switch|p2b: Maushold\n|-damage|p2b: Maushold|15/100\n|\n|t:|1776489748\n|switch|p1b: Incineroar|Incineroar, L50, M|100/100|[from] Volt Switch\n|-ability|p1b: Incineroar|Intimidate|boost\n|-unboost|p2a: Aegislash|atk|1\n|-unboost|p2b: Maushold|atk|1\n|-formechange|p2a: Aegislash|Aegislash-Blade|\n|move|p2a: Aegislash|Sacred Sword|p1a: Arcanine\n|-supereffective|p1a: Arcanine|1\n|-damage|p1a: Arcanine|27/100\n|\n|upkeep\n|turn|4\n|\n|t:|1776489767\n|move|p2b: Maushold|Protect|p2b: Maushold\n|-singleturn|p2b: Maushold|Protect\n|move|p1a: Arcanine|Extreme Speed|p2b: Maushold\n|-activate|p2b: Maushold|move: Protect\n|move|p2a: Aegislash|Shadow Sneak|p1a: Arcanine\n|-damage|p1a: Arcanine|0 fnt\n|faint|p1a: Arcanine\n|move|p1b: Incineroar|Flare Blitz|p2a: Aegislash\n|-supereffective|p2a: Aegislash|1\n|-damage|p2a: Aegislash|0 fnt\n|faint|p2a: Aegislash\n|-damage|p1b: Incineroar|75/100|[from] Recoil\n|\n|upkeep\n|\n|t:|1776489784\n|switch|p1a: Gardevoir|Gardevoir, L50, F, shiny|100/100\n|switch|p2a: Whimsicott|Whimsicott, L50, F|100/100\n|turn|5\n|\n|t:|1776489805\n|detailschange|p1a: Gardevoir|Gardevoir-Mega, L50, F, shiny\n|-mega|p1a: Gardevoir|Gardevoir|Gardevoirite\n|move|p2b: Maushold|Helping Hand|p2a: Whimsicott\n|-singleturn|p2a: Whimsicott|Helping Hand|[of] p2b: Maushold\n|move|p2a: Whimsicott|Moonblast|p1b: Incineroar\n|-damage|p1b: Incineroar|38/100\n|-enditem|p1b: Incineroar|Sitrus Berry|[eat]\n|-heal|p1b: Incineroar|62/100|[from] item: Sitrus Berry\n|move|p1a: Gardevoir|Calm Mind|p1a: Gardevoir\n|-boost|p1a: Gardevoir|spa|1\n|-boost|p1a: Gardevoir|spd|1\n|move|p1b: Incineroar|Drain Punch|p2b: Maushold\n|-supereffective|p2b: Maushold|1\n|-enditem|p2b: Maushold|Chople Berry|[eat]\n|-enditem|p2b: Maushold|Chople Berry|[weaken]\n|-damage|p2b: Maushold|0 fnt\n|-heal|p1b: Incineroar|68/100|[from] drain|[of] p2b: Maushold\n|faint|p2b: Maushold\n|\n|upkeep\n|\n|t:|1776489824\n|switch|p2b: Azumarill|Azumarill, L50, F|100/100\n|turn|6\n|\n|t:|1776489837\n|move|p1a: Gardevoir|Protect|p1a: Gardevoir\n|-singleturn|p1a: Gardevoir|Protect\n|move|p2a: Whimsicott|Moonblast|p1b: Incineroar\n|-damage|p1b: Incineroar|46/100\n|move|p2b: Azumarill|Belly Drum|p2b: Azumarill\n|-damage|p2b: Azumarill|51/100\n|-setboost|p2b: Azumarill|atk|6|[from] move: Belly Drum\n|move|p1b: Incineroar|Parting Shot|p2b: Azumarill\n|-unboost|p2b: Azumarill|atk|1\n|-unboost|p2b: Azumarill|spa|1\n|\n|t:|1776489851\n|switch|p1b: Rotom|Rotom-Wash, L50|62/100|[from] Parting Shot\n|\n|-heal|p1b: Rotom|68/100|[from] item: Leftovers\n|upkeep\n|turn|7\n|\n|t:|1776489868\n|switch|p1a: Incineroar|Incineroar, L50, M|46/100\n|-ability|p1a: Incineroar|Intimidate|boost\n|-unboost|p2a: Whimsicott|atk|1\n|-unboost|p2b: Azumarill|atk|1\n|move|p2b: Azumarill|Aqua Jet|p1a: Incineroar\n|-supereffective|p1a: Incineroar|1\n|-crit|p1a: Incineroar\n|-damage|p1a: Incineroar|0 fnt\n|faint|p1a: Incineroar\n|move|p2a: Whimsicott|Energy Ball|p1b: Rotom\n|-supereffective|p1b: Rotom|1\n|-damage|p1b: Rotom|0 fnt\n|faint|p1b: Rotom\n|\n|upkeep\n|-message|NomDatBass forfeited.\n|\n|win|Warehouse User\n|raw|NomDatBass's rating: 1111 &rarr; <strong>1082</strong><br />(-29 for losing)\n|raw|Warehouse User's rating: 1050 &rarr; <strong>1088</strong><br />(+38 for winning)\n",
  "uploadtime": 1776489897,
  "views": 13,
  "formatid": "gen9championsvgc2026regma",
  "rating": 1082,
  "private": 0,
  "password": null
}