{
  "id": "gen9championsvgc2026regma-2585931893",
  "format": "[Gen 9 Champions] VGC 2026 Reg M-A",
  "players": [
    "Scaramouche_UwU6",
    "benjiapollo"
  ],
  "log": "|j|\u2606Scaramouche_UwU6\n|j|\u2606benjiapollo\n|t:|1776382614\n|gametype|doubles\n|player|p1|Scaramouche_UwU6|zinzolin|1247\n|player|p2|benjiapollo|giovanni|1296\n|gen|9\n|tier|[Gen 9 Champions] VGC 2026 Reg M-A\n|rated|\n|rule|Species Clause: Limit one of each Pok\u00e9mon\n|rule|Item Clause: Limit 1 of each item\n|clearpoke\n|poke|p1|Starmie, L50|\n|poke|p1|Dragapult, L50, F|\n|poke|p1|Tsareena, L50, F|\n|poke|p1|Incineroar, L50, M|\n|poke|p1|Pelipper, L50, M|\n|poke|p1|Raichu, L50, F|\n|poke|p2|Basculegion, L50, M|\n|poke|p2|Charizard, L50, F|\n|poke|p2|Kingambit, L50, M|\n|poke|p2|Sneasler, L50, F|\n|poke|p2|Venusaur, L50, M|\n|poke|p2|Talonflame, L50, F|\n|teampreview|4\n|inactive|Battle timer is ON: inactive players will automatically lose when time's up. (requested by benjiapollo)\n|\n|t:|1776382659\n|teamsize|p1|4\n|teamsize|p2|4\n|start\n|switch|p1a: Dragapult|Dragapult, L50, F, shiny|100/100\n|switch|p1b: Starmie|Starmie, L50, shiny|100/100\n|switch|p2a: Talonflame|Talonflame, L50, F|100/100\n|switch|p2b: Charizard|Charizard, L50, F|100/100\n|turn|1\n|\n|t:|1776382681\n|detailschange|p2b: Charizard|Charizard-Mega-X, L50, F\n|-mega|p2b: Charizard|Charizard|Charizardite X\n|move|p1b: Starmie|Protect|p1b: Starmie\n|-singleturn|p1b: Starmie|Protect\n|move|p2a: Talonflame|Tailwind|p2a: Talonflame\n|-sidestart|p2: benjiapollo|move: Tailwind\n|move|p2b: Charizard|Dragon Claw|p1a: Dragapult\n|-supereffective|p1a: Dragapult|1\n|-damage|p1a: Dragapult|0 fnt\n|faint|p1a: Dragapult\n|\n|upkeep\n|\n|t:|1776382695\n|switch|p1a: Voyage|Pelipper, L50, M|100/100\n|-weather|RainDance|[from] ability: Drizzle|[of] p1a: Voyage\n|turn|2\n|\n|t:|1776382706\n|switch|p1b: Tsareena|Tsareena, L50, F|100/100\n|move|p2a: Talonflame|Brave Bird||[still]\n|cant|p1b: Tsareena|ability: Queenly Majesty|Brave Bird|[of] p2a: Talonflame\n|move|p2b: Charizard|Dragon Claw|p1b: Tsareena\n|-damage|p1b: Tsareena|42/100\n|move|p1a: Voyage|Muddy Water|p2a: Talonflame|[spread] p2a,p2b\n|-supereffective|p2a: Talonflame|1\n|-enditem|p2a: Talonflame|Focus Sash\n|-damage|p2a: Talonflame|1/100\n|-damage|p2b: Charizard|51/100\n|\n|-weather|RainDance|[upkeep]\n|upkeep\n|turn|3\n|\n|t:|1776382731\n|move|p1a: Voyage|Protect|p1a: Voyage\n|-singleturn|p1a: Voyage|Protect\n|move|p2a: Talonflame|Quick Guard|p2a: Talonflame\n|-singleturn|p2a: Talonflame|Quick Guard\n|move|p2b: Charizard|Dragon Claw|p1a: Voyage\n|-activate|p1a: Voyage|move: Protect\n|move|p1b: Tsareena|High Jump Kick|p2b: Charizard\n|-damage|p2b: Charizard|8/100\n|\n|-weather|RainDance|[upkeep]\n|upkeep\n|turn|4\n|\n|t:|1776382746\n|move|p2b: Charizard|Protect|p2b: Charizard\n|-singleturn|p2b: Charizard|Protect\n|move|p1b: Tsareena|Protect|p1b: Tsareena\n|-singleturn|p1b: Tsareena|Protect\n|move|p2a: Talonflame|Brave Bird|p1b: Tsareena\n|-activate|p1b: Tsareena|move: Protect\n|move|p1a: Voyage|Tailwind|p1a: Voyage\n|-sidestart|p1: Scaramouche_UwU6|move: Tailwind\n|\n|-weather|RainDance|[upkeep]\n|-sideend|p2: benjiapollo|move: Tailwind\n|upkeep\n|turn|5\n|\n|t:|1776382762\n|switch|p2b: Kingambit|Kingambit, L50, M|100/100\n|move|p1b: Tsareena|Power Whip|p2b: Kingambit\n|-resisted|p2b: Kingambit|1\n|-damage|p2b: Kingambit|80/100\n|move|p2a: Talonflame|Tailwind|p2a: Talonflame\n|-sidestart|p2: benjiapollo|move: Tailwind\n|move|p1a: Voyage|Muddy Water|p2a: Talonflame|[spread] p2a\n|-miss|p1a: Voyage|p2b: Kingambit\n|-supereffective|p2a: Talonflame|1\n|-damage|p2a: Talonflame|0 fnt\n|faint|p2a: Talonflame\n|\n|-weather|RainDance|[upkeep]\n|upkeep\n|\n|t:|1776382777\n|switch|p2a: Charizard|Charizard-Mega-X, L50, F|8/100\n|turn|6\n|\n|t:|1776382790\n|move|p1b: Tsareena|Protect|p1b: Tsareena\n|-singleturn|p1b: Tsareena|Protect\n|move|p2a: Charizard|Dragon Claw|p1a: Voyage\n|-damage|p1a: Voyage|41/100\n|move|p1a: Voyage|Muddy Water|p2b: Kingambit|[spread] p2a,p2b\n|-crit|p2b: Kingambit\n|-damage|p2a: Charizard|0 fnt\n|-damage|p2b: Kingambit|25/100\n|faint|p2a: Charizard\n|move|p2b: Kingambit|Kowtow Cleave|p1a: Voyage\n|-damage|p1a: Voyage|0 fnt\n|faint|p1a: Voyage\n|\n|-weather|none\n|upkeep\n|\n|t:|1776382803\n|switch|p2a: Sneasler|Sneasler, L50, F|100/100\n|switch|p1a: Starmie|Starmie, L50, shiny|100/100\n|turn|7\n|\n|t:|1776382811\n|detailschange|p1a: Starmie|Starmie-Mega, L50, shiny\n|-mega|p1a: Starmie|Starmie|Starminite\n|move|p2b: Kingambit|Sucker Punch||[still]\n|cant|p1b: Tsareena|ability: Queenly Majesty|Sucker Punch|[of] p2b: Kingambit\n|move|p2a: Sneasler|Dire Claw|p1b: Tsareena\n|-supereffective|p1b: Tsareena|1\n|-damage|p1b: Tsareena|0 fnt\n|faint|p1b: Tsareena\n|move|p1a: Starmie|Psycho Cut|p2a: Sneasler\n|-supereffective|p2a: Sneasler|2\n|-damage|p2a: Sneasler|0 fnt\n|faint|p2a: Sneasler\n|\n|-sideend|p1: Scaramouche_UwU6|move: Tailwind\n|upkeep\n|turn|8\n|\n|t:|1776382827\n|move|p1a: Starmie|Protect|p1a: Starmie\n|-singleturn|p1a: Starmie|Protect\n|move|p2b: Kingambit|Sucker Punch||[still]\n|-fail|p2b: Kingambit\n|\n|-sideend|p2: benjiapollo|move: Tailwind\n|upkeep\n|turn|9\n|\n|t:|1776382833\n|move|p1a: Starmie|Aqua Jet|p2b: Kingambit\n|-damage|p2b: Kingambit|0 fnt\n|faint|p2b: Kingambit\n|\n|win|Scaramouche_UwU6\n|raw|Scaramouche_UwU6's rating: 1247 &rarr; <strong>1276</strong><br />(+29 for winning)\n|raw|benjiapollo's rating: 1296 &rarr; <strong>1267</strong><br />(-29 for losing)\n",
  "uploadtime": 1776382839,
  "views": 22,
  "formatid": "gen9championsvgc2026regma",
  "rating": 1267,
  "private": 0,
  "password": null
}