{
  "id": "gen9championsvgc2026regma-2583791600",
  "format": "[Gen 9 Champions] VGC 2026 Reg M-A",
  "players": [
    "Juya",
    "Jah_08"
  ],
  "log": "|j|\u2606Juya\n|j|\u2606Jah_08\n|t:|1776197989\n|gametype|doubles\n|player|p1|Juya|169|1314\n|player|p2|Jah_08|alder|1363\n|gen|9\n|tier|[Gen 9 Champions] VGC 2026 Reg M-A\n|rated|\n|rule|Species Clause: Limit one of each Pok\u00e9mon\n|rule|Item Clause: Limit 1 of each item\n|clearpoke\n|poke|p1|Sneasler, L50, M|\n|poke|p1|Kingambit, L50, M|\n|poke|p1|Clefable, L50, F|\n|poke|p1|Delphox, L50, F|\n|poke|p1|Dragonite, L50, F|\n|poke|p1|Basculegion, L50, M|\n|poke|p2|Excadrill, L50, M|\n|poke|p2|Whimsicott, L50, M|\n|poke|p2|Chandelure, L50, M|\n|poke|p2|Zoroark-Hisui, L50, M|\n|poke|p2|Basculegion, L50, M|\n|poke|p2|Krookodile, L50, M|\n|teampreview|4\n|inactive|Battle timer is ON: inactive players will automatically lose when time's up. (requested by Juya)\n|inactive|Juya has 60 seconds left.\n|inactive|Jah_08 has 60 seconds left.\n|\n|t:|1776198045\n|teamsize|p1|4\n|teamsize|p2|4\n|start\n|switch|p1a: Kingambit|Kingambit, L50, M|100/100\n|switch|p1b: Clefable|Clefable, L50, F|100/100\n|switch|p2a: Chandelure|Chandelure, L50, M, shiny|100/100\n|switch|p2b: Basculegion|Basculegion, L50, M|100/100\n|turn|1\n|inactive|Jah_08 has 30 seconds left.\n|inactive|Jah_08 has 20 seconds left.\n|\n|t:|1776198082\n|switch|p2b: Excadrill|Excadrill, L50, M|100/100\n|-ability|p2b: Excadrill|Mold Breaker\n|move|p1b: Clefable|Follow Me|p1b: Clefable\n|-singleturn|p1b: Clefable|move: Follow Me\n|move|p2a: Chandelure|Will-O-Wisp|p1b: Clefable\n|-status|p1b: Clefable|brn\n|move|p1a: Kingambit|Kowtow Cleave|p2a: Chandelure\n|-supereffective|p2a: Chandelure|1\n|-damage|p2a: Chandelure|0 fnt\n|replace|p2a: Zoroark|Zoroark-Hisui, L50, M\n|-end|p2a: Zoroark|Illusion\n|faint|p2a: Zoroark\n|\n|-damage|p1b: Clefable|95/100 brn|[from] brn\n|upkeep\n|\n|t:|1776198102\n|switch|p2a: Chandelure|Chandelure, L50, M, shiny|100/100\n|turn|2\n|inactive|Juya has 30 seconds left.\n|inactive|Juya has 20 seconds left.\n|inactive|Juya has 15 seconds left.\n|inactive|Juya has 10 seconds left.\n|\n|t:|1776198147\n|switch|p1a: Sneasler|Sneasler, L50, M|100/100\n|detailschange|p2a: Chandelure|Chandelure-Mega, L50, M, shiny\n|-mega|p2a: Chandelure|Chandelure|Chandelurite\n|move|p1b: Clefable|Protect|p1b: Clefable\n|-singleturn|p1b: Clefable|Protect\n|move|p2a: Chandelure|Heat Wave|p1a: Sneasler|[spread] p1a\n|-activate|p1b: Clefable|move: Protect\n|-damage|p1a: Sneasler|40/100\n|move|p2b: Excadrill|Iron Head|p1b: Clefable\n|-activate|p1b: Clefable|move: Protect\n|\n|-damage|p1b: Clefable|89/100 brn|[from] brn\n|upkeep\n|turn|3\n|\n|t:|1776198170\n|move|p2b: Excadrill|Protect|p2b: Excadrill\n|-singleturn|p2b: Excadrill|Protect\n|move|p1b: Clefable|Follow Me|p1b: Clefable\n|-singleturn|p1b: Clefable|move: Follow Me\n|move|p1a: Sneasler|Close Combat|p2b: Excadrill\n|-activate|p2b: Excadrill|move: Protect\n|move|p2a: Chandelure|Heat Wave|p1a: Sneasler|[spread] p1a,p1b\n|-damage|p1a: Sneasler|0 fnt\n|-damage|p1b: Clefable|51/100 brn\n|faint|p1a: Sneasler\n|\n|-damage|p1b: Clefable|45/100 brn|[from] brn\n|upkeep\n|-enditem|p1b: Clefable|Sitrus Berry|[eat]\n|-heal|p1b: Clefable|70/100 brn|[from] item: Sitrus Berry\n|\n|t:|1776198179\n|switch|p1a: Basculegion|Basculegion, L50, M|100/100\n|turn|4\n|inactive|Juya has 30 seconds left.\n|inactive|Jah_08 has 30 seconds left.\n|\n|t:|1776198209\n|move|p1b: Clefable|Helping Hand|p1a: Basculegion\n|-singleturn|p1a: Basculegion|Helping Hand|[of] p1b: Clefable\n|move|p2a: Chandelure|Protect|p2a: Chandelure\n|-singleturn|p2a: Chandelure|Protect\n|move|p1a: Basculegion|Flip Turn|p2a: Chandelure\n|-activate|p2a: Chandelure|move: Protect\n|move|p2b: Excadrill|Iron Head|p1b: Clefable\n|-supereffective|p1b: Clefable|1\n|-damage|p1b: Clefable|0 fnt\n|faint|p1b: Clefable\n|\n|upkeep\n|\n|t:|1776198216\n|switch|p1b: Kingambit|Kingambit, L50, M|100/100\n|turn|5\n|inactive|Juya has 30 seconds left.\n|inactive|Juya has 20 seconds left.\n|\n|t:|1776198254\n|switch|p2a: Basculegion|Basculegion, L50, M|100/100\n|move|p1b: Kingambit|Sucker Punch||[still]\n|-fail|p1b: Kingambit\n|move|p1a: Basculegion|Flip Turn|p2b: Excadrill\n|-supereffective|p2b: Excadrill|1\n|-enditem|p2b: Excadrill|Focus Sash\n|-damage|p2b: Excadrill|1/100\n|move|p2b: Excadrill|High Horsepower|p1b: Kingambit\n|-supereffective|p1b: Kingambit|1\n|-damage|p1b: Kingambit|31/100\n|\n|upkeep\n|turn|6\n|inactive|Jah_08 has 30 seconds left.\n|inactive|Jah_08 has 20 seconds left.\n|inactive|Jah_08 has 15 seconds left.\n|inactive|Jah_08 has 10 seconds left.\n|\n|t:|1776198302\n|move|p2b: Excadrill|Protect|p2b: Excadrill\n|-singleturn|p2b: Excadrill|Protect\n|move|p2a: Basculegion|Aqua Jet|p1b: Kingambit\n|-damage|p1b: Kingambit|14/100\n|move|p1b: Kingambit|Sucker Punch||[still]\n|-fail|p1b: Kingambit\n|move|p1a: Basculegion|Flip Turn|p2b: Excadrill\n|-activate|p2b: Excadrill|move: Protect\n|\n|upkeep\n|turn|7\n|inactive|Jah_08 has 30 seconds left.\n|\n|t:|1776198333\n|move|p1b: Kingambit|Protect|p1b: Kingambit\n|-singleturn|p1b: Kingambit|Protect\n|move|p2a: Basculegion|Aqua Jet|p1b: Kingambit\n|-activate|p1b: Kingambit|move: Protect\n|move|p1a: Basculegion|Flip Turn|p2b: Excadrill\n|-supereffective|p2b: Excadrill|1\n|-damage|p2b: Excadrill|0 fnt\n|faint|p2b: Excadrill\n|\n|upkeep\n|\n|t:|1776198345\n|switch|p2b: Chandelure|Chandelure-Mega, L50, M, shiny|100/100\n|turn|8\n|\n|t:|1776198356\n|move|p2b: Chandelure|Protect|p2b: Chandelure\n|-singleturn|p2b: Chandelure|Protect\n|move|p2a: Basculegion|Aqua Jet|p1b: Kingambit\n|-damage|p1b: Kingambit|0 fnt\n|faint|p1b: Kingambit\n|move|p1a: Basculegion|Flip Turn|p2b: Chandelure\n|-activate|p2b: Chandelure|move: Protect\n|\n|upkeep\n|turn|9\n|-message|Juya forfeited.\n|\n|win|Jah_08\n|raw|Juya's rating: 1314 &rarr; <strong>1297</strong><br />(-17 for losing)\n|raw|Jah_08's rating: 1363 &rarr; <strong>1380</strong><br />(+17 for winning)\n|l|\u2606Juya\n|player|p1|\n",
  "uploadtime": 1776198368,
  "views": 38,
  "formatid": "gen9championsvgc2026regma",
  "rating": 1297,
  "private": 0,
  "password": null
}