{
  "id": "gen9championsvgc2026regma-2583416177",
  "format": "[Gen 9 Champions] VGC 2026 Reg M-A",
  "players": [
    "Snog2273",
    "raulradur03"
  ],
  "log": "|j|\u2606Snog2273\n|j|\u2606raulradur03\n|t:|1776174187\n|gametype|doubles\n|player|p1|Snog2273|scientist-gen4|1264\n|player|p2|raulradur03|266|1208\n|gen|9\n|tier|[Gen 9 Champions] VGC 2026 Reg M-A\n|rated|\n|rule|Species Clause: Limit one of each Pok\u00e9mon\n|rule|Item Clause: Limit 1 of each item\n|clearpoke\n|poke|p1|Heliolisk, L50, M|\n|poke|p1|Charizard, L50, F|\n|poke|p1|Garchomp, L50, F|\n|poke|p1|Vivillon, L50, M|\n|poke|p1|Aegislash, L50, M|\n|poke|p1|Sneasler, L50, F|\n|poke|p2|Charizard, L50, F|\n|poke|p2|Venusaur, L50, F|\n|poke|p2|Whimsicott, L50, M|\n|poke|p2|Incineroar, L50, F|\n|poke|p2|Aegislash, L50, M|\n|poke|p2|Rhyperior, L50, M|\n|teampreview|4\n|inactive|Battle timer is ON: inactive players will automatically lose when time's up. (requested by Snog2273)\nSnog2273 has agreed to open team sheets.\n|inactive|Snog2273 has 60 seconds left.\n|inactive|raulradur03 has 60 seconds left.\nraulradur03 has agreed to open team sheets.\n|showteam|p1|Heliolisk||ChoiceScarf|SolarPower|Thunderbolt,HyperVoice,DarkPulse,ShedTail|||M|||50|]Charizard||CharizarditeY|SolarPower|HeatWave,AirSlash,AncientPower,Protect|||F|||50|]Garchomp||SoftSand|RoughSkin|Earthquake,DragonClaw,StompingTantrum,Protect|||F|||50|]Vivillon||FocusSash|CompoundEyes|PollenPuff,SleepPowder,RagePowder,Protect|||M|||50|]Aegislash||Leftovers|StanceChange|IronHead,Poltergeist,WideGuard,KingsShield|||M|||50|]Sneasler||WhiteHerb|Unburden|CloseCombat,DireClaw,FakeOut,Protect|||F|||50|\n|showteam|p2|Charizard||CharizarditeY|SolarPower|SolarBeam,HeatWave,AirSlash,Protect|||F|||50|]Venusaur||PoisonBarb|Chlorophyll|Growth,SludgeBomb,EnergyBall,Synthesis|||F|||50|]Whimsicott||MentalHerb|Prankster|Taunt,DazzlingGleam,Tailwind,Encore|||M|||50|]Incineroar||SitrusBerry|Intimidate|FakeOut,PartingShot,FlareBlitz,LowKick|||F|||50|]Aegislash||SpellTag|StanceChange|IronHead,Poltergeist,ShadowSneak,KingsShield|||M|||50|]Rhyperior||FocusSash|LightningRod|Protect,HighHorsepower,RockSlide,Roar|||M|||50|\n|\n|t:|1776174247\n|teamsize|p1|4\n|teamsize|p2|4\n|start\n|switch|p1a: Sneasler|Sneasler, L50, F|100/100\n|switch|p1b: Heliolisk|Heliolisk, L50, M|100/100\n|switch|p2a: Venusaur|Venusaur, L50, F|100/100\n|switch|p2b: Charizard|Charizard, L50, F|100/100\n|turn|1\n|inactive|Snog2273 has 30 seconds left.\n|inactive|raulradur03 has 30 seconds left.\n|\n|t:|1776174276\n|switch|p2a: Incineroar|Incineroar, L50, F, shiny|100/100\n|-ability|p2a: Incineroar|Intimidate|boost\n|-unboost|p1a: Sneasler|atk|1\n|-unboost|p1b: Heliolisk|atk|1\n|-enditem|p1a: Sneasler|White Herb\n|-clearnegativeboost|p1a: Sneasler|[silent]\n|detailschange|p2b: Charizard|Charizard-Mega-Y, L50, F\n|-mega|p2b: Charizard|Charizard|Charizardite Y\n|-weather|SunnyDay|[from] ability: Drought|[of] p2b: Charizard\n|move|p2b: Charizard|Protect|p2b: Charizard\n|-singleturn|p2b: Charizard|Protect\n|move|p1a: Sneasler|Fake Out|p2b: Charizard\n|-activate|p2b: Charizard|move: Protect\n|move|p1b: Heliolisk|Hyper Voice|p2b: Charizard|[spread] p2a\n|-activate|p2b: Charizard|move: Protect\n|-damage|p2a: Incineroar|66/100\n|\n|-weather|SunnyDay|[upkeep]\n|-damage|p1b: Heliolisk|88/100|[from] ability: Solar Power|[of] p1b: Heliolisk\n|upkeep\n|turn|2\n|inactive|Snog2273 has 30 seconds left.\n|\n|t:|1776174303\n|switch|p1b: Charizard|Charizard, L50, F|100/100\n|move|p2a: Incineroar|Fake Out|p1a: Sneasler\n|-damage|p1a: Sneasler|83/100\n|cant|p1a: Sneasler|flinch\n|move|p2b: Charizard|Heat Wave|p1a: Sneasler|[spread] p1a,p1b\n|-resisted|p1b: Charizard|1\n|-damage|p1a: Sneasler|0 fnt\n|-damage|p1b: Charizard|62/100\n|faint|p1a: Sneasler\n|\n|-weather|SunnyDay|[upkeep]\n|-damage|p1b: Charizard|50/100|[from] ability: Solar Power|[of] p1b: Charizard\n|upkeep\n|\n|t:|1776174310\n|switch|p1a: Heliolisk|Heliolisk, L50, M|88/100\n|turn|3\n|inactive|Snog2273 has 30 seconds left.\n|inactive|Snog2273 has 20 seconds left.\n|inactive|Snog2273 has 15 seconds left.\n|inactive|Snog2273 has 10 seconds left.\n|inactive|Snog2273 has 5 seconds left.\n|\n|t:|1776174365\n|switch|p2b: Venusaur|Venusaur, L50, F|100/100\n|switch|p2a: Rhyperior|Rhyperior, L50, M|100/100\n|move|p1a: Heliolisk|Thunderbolt|p2a: Rhyperior\n|-activate|p2a: Rhyperior|ability: Lightning Rod\n|-ability|p2a: Rhyperior|Lightning Rod|boost\n|-boost|p2a: Rhyperior|spa|1\n|move|p1b: Charizard|Heat Wave|p2b: Venusaur|[spread] p2a,p2b\n|-resisted|p2a: Rhyperior|1\n|-supereffective|p2b: Venusaur|1\n|-damage|p2a: Rhyperior|56/100\n|-damage|p2b: Venusaur|0 fnt\n|faint|p2b: Venusaur\n|\n|-weather|SunnyDay|[upkeep]\n|-damage|p1a: Heliolisk|76/100|[from] ability: Solar Power|[of] p1a: Heliolisk\n|-damage|p1b: Charizard|38/100|[from] ability: Solar Power|[of] p1b: Charizard\n|upkeep\n|\n|t:|1776174377\n|switch|p2b: Incineroar|Incineroar, L50, F, shiny|66/100\n|-ability|p2b: Incineroar|Intimidate|boost\n|-unboost|p1a: Heliolisk|atk|1\n|-unboost|p1b: Charizard|atk|1\n|turn|4\n|inactive|Snog2273 has 30 seconds left.\n|inactive|Snog2273 has 20 seconds left.\n|\n|t:|1776174413\n|switch|p1a: Garchomp|Garchomp, L50, F|100/100\n|move|p1b: Charizard|Protect|p1b: Charizard\n|-singleturn|p1b: Charizard|Protect\n|move|p2b: Incineroar|Fake Out|p1b: Charizard\n|-activate|p1b: Charizard|move: Protect\n|move|p2a: Rhyperior|Rock Slide|p1b: Charizard|[spread] p1a\n|-activate|p1b: Charizard|move: Protect\n|-resisted|p1a: Garchomp|1\n|-damage|p1a: Garchomp|87/100\n|\n|-weather|SunnyDay|[upkeep]\n|-damage|p1b: Charizard|26/100|[from] ability: Solar Power|[of] p1b: Charizard\n|upkeep\n|turn|5\n|inactive|Snog2273 has 30 seconds left.\n|\n|t:|1776174443\n|switch|p2b: Charizard|Charizard-Mega-Y, L50, F|100/100\n|move|p2a: Rhyperior|Protect|p2a: Rhyperior\n|-singleturn|p2a: Rhyperior|Protect\n|move|p1b: Charizard|Ancient Power|p2b: Charizard\n|-supereffective|p2b: Charizard|2\n|-damage|p2b: Charizard|0 fnt\n|faint|p2b: Charizard\n|move|p1a: Garchomp|Earthquake|p2a: Rhyperior|[spread] \n|-activate|p2a: Rhyperior|move: Protect\n|-immune|p1b: Charizard\n|\n|-weather|none\n|upkeep\n|\n|t:|1776174451\n|switch|p2b: Incineroar|Incineroar, L50, F, shiny|66/100\n|-ability|p2b: Incineroar|Intimidate|boost\n|-unboost|p1a: Garchomp|atk|1\n|-unboost|p1b: Charizard|atk|1\n|turn|6\n|inactive|Snog2273 has 30 seconds left.\n|inactive|Snog2273 has 20 seconds left.\n|inactive|Snog2273 has 15 seconds left.\n|inactive|Snog2273 has 10 seconds left.\n|inactive|Snog2273 has 5 seconds left.\n|\n|t:|1776174507\n|move|p2b: Incineroar|Fake Out|p1a: Garchomp\n|-damage|p1a: Garchomp|78/100\n|-damage|p2b: Incineroar|53/100|[from] ability: Rough Skin|[of] p1a: Garchomp\n|move|p1b: Charizard|Heat Wave|p2b: Incineroar|[spread] p2b\n|-miss|p1b: Charizard|p2a: Rhyperior\n|-resisted|p2b: Incineroar|1\n|-damage|p2b: Incineroar|43/100\n|-enditem|p2b: Incineroar|Sitrus Berry|[eat]\n|-heal|p2b: Incineroar|68/100|[from] item: Sitrus Berry\n|cant|p1a: Garchomp|flinch\n|move|p2a: Rhyperior|Rock Slide|p1b: Charizard|[spread] p1a,p1b\n|-resisted|p1a: Garchomp|1\n|-supereffective|p1b: Charizard|2\n|-damage|p1a: Garchomp|65/100\n|-damage|p1b: Charizard|0 fnt\n|faint|p1b: Charizard\n|\n|upkeep\n|\n|t:|1776174532\n|switch|p1b: Heliolisk|Heliolisk, L50, M|76/100\n|turn|7\n|\n|t:|1776174550\n|move|p1b: Heliolisk|Hyper Voice|p2b: Incineroar|[spread] p2a,p2b\n|-resisted|p2a: Rhyperior|1\n|-damage|p2a: Rhyperior|33/100\n|-damage|p2b: Incineroar|42/100\n|move|p1a: Garchomp|Stomping Tantrum|p2b: Incineroar\n|-supereffective|p2b: Incineroar|1\n|-damage|p2b: Incineroar|0 fnt\n|faint|p2b: Incineroar\n|move|p2a: Rhyperior|High Horsepower|p1b: Heliolisk\n|-supereffective|p1b: Heliolisk|1\n|-damage|p1b: Heliolisk|0 fnt\n|faint|p1b: Heliolisk\n|\n|upkeep\n|turn|8\n|\n|t:|1776174566\n|move|p1a: Garchomp|Stomping Tantrum|p2a: Rhyperior\n|-supereffective|p2a: Rhyperior|1\n|-crit|p2a: Rhyperior\n|-damage|p2a: Rhyperior|0 fnt\n|faint|p2a: Rhyperior\n|\n|win|Snog2273\n|raw|Snog2273's rating: 1264 &rarr; <strong>1285</strong><br />(+21 for winning)\n|raw|raulradur03's rating: 1208 &rarr; <strong>1187</strong><br />(-21 for losing)\n|l|\u2606raulradur03\n|player|p2|\n",
  "uploadtime": 1776174672,
  "views": 25,
  "formatid": "gen9championsvgc2026regma",
  "rating": 1187,
  "private": 0,
  "password": null
}