{
  "id": "gen9championsvgc2026regma-2584900035",
  "format": "[Gen 9 Champions] VGC 2026 Reg M-A",
  "players": [
    "Purplkat",
    "imb3035"
  ],
  "log": "|j|\u2606Purplkat\n|j|\u2606imb3035\n|t:|1776292775\n|gametype|doubles\n|player|p1|Purplkat|101|1130\n|player|p2|imb3035|teamrocket|1040\n|gen|9\n|tier|[Gen 9 Champions] VGC 2026 Reg M-A\n|rated|\n|rule|Species Clause: Limit one of each Pok\u00e9mon\n|rule|Item Clause: Limit 1 of each item\n|clearpoke\n|poke|p1|Dragonite, L50, M|\n|poke|p1|Mudsdale, L50, F|\n|poke|p1|Pelipper, L50, F|\n|poke|p1|Scizor, L50, F|\n|poke|p1|Whimsicott, L50, M|\n|poke|p1|Rotom-Wash, L50|\n|poke|p2|Charizard, L50, M|\n|poke|p2|Garchomp, L50, F|\n|poke|p2|Sneasler, L50, M|\n|poke|p2|Kingambit, L50, M|\n|poke|p2|Dragapult, L50, M|\n|poke|p2|Maushold, L50|\n|teampreview|4\nimb3035 rejected open team sheets.\n|inactive|Battle timer is ON: inactive players will automatically lose when time's up. (requested by imb3035)\n|inactive|imb3035 has 60 seconds left.\n|\n|t:|1776292846\n|teamsize|p1|4\n|teamsize|p2|4\n|start\n|switch|p1a: Mudsdale|Mudsdale, L50, F|100/100\n|switch|p1b: Pelipper|Pelipper, L50, F|100/100\n|switch|p2a: 3pstein|Charizard, L50, M, shiny|100/100\n|switch|p2b: Maxwell|Garchomp, L50, F, shiny|100/100\n|-weather|RainDance|[from] ability: Drizzle|[of] p1b: Pelipper\n|turn|1\n|inactive|Purplkat has 30 seconds left.\n|inactive|Purplkat has 20 seconds left.\n|inactive|Purplkat has 15 seconds left.\n|\n|t:|1776292887\n|detailschange|p2a: 3pstein|Charizard-Mega-Y, L50, M, shiny\n|-mega|p2a: 3pstein|Charizard|Charizardite Y\n|-weather|SunnyDay|[from] ability: Drought|[of] p2a: 3pstein\n|move|p2b: Maxwell|Protect|p2b: Maxwell\n|-singleturn|p2b: Maxwell|Protect\n|move|p2a: 3pstein|Heat Wave|p1b: Pelipper|[spread] p1a,p1b\n|-resisted|p1b: Pelipper|1\n|-damage|p1a: Mudsdale|43/100\n|-damage|p1b: Pelipper|61/100\n|move|p1b: Pelipper|Weather Ball|p2a: 3pstein\n|-resisted|p2a: 3pstein|1\n|-damage|p2a: 3pstein|83/100\n|move|p1a: Mudsdale|Earthquake|p2a: 3pstein|[spread] \n|-activate|p2b: Maxwell|move: Protect\n|-immune|p1b: Pelipper\n|-immune|p2a: 3pstein\n|\n|-weather|SunnyDay|[upkeep]\n|upkeep\n|turn|2\n|\n|t:|1776292904\n|switch|p1b: Rotom|Rotom-Wash, L50|100/100\n|move|p1a: Mudsdale|Protect|p1a: Mudsdale\n|-singleturn|p1a: Mudsdale|Protect\n|move|p2b: Maxwell|Rock Slide|p1b: Rotom|[spread] p1b\n|-activate|p1a: Mudsdale|move: Protect\n|-damage|p1b: Rotom|73/100\n|move|p2a: 3pstein|Heat Wave|p1b: Rotom|[spread] p1b\n|-activate|p1a: Mudsdale|move: Protect\n|-resisted|p1b: Rotom|1\n|-damage|p1b: Rotom|29/100\n|\n|-weather|SunnyDay|[upkeep]\n|upkeep\n|turn|3\n|inactive|Purplkat has 30 seconds left.\n|\n|t:|1776292930\n|switch|p1a: Pelipper|Pelipper, L50, F|61/100\n|-weather|RainDance|[from] ability: Drizzle|[of] p1a: Pelipper\n|move|p2b: Maxwell|Protect|p2b: Maxwell\n|-singleturn|p2b: Maxwell|Protect\n|move|p1b: Rotom|Thunderbolt|p2a: 3pstein\n|-supereffective|p2a: 3pstein|1\n|-damage|p2a: 3pstein|0 fnt\n|faint|p2a: 3pstein\n|\n|-weather|RainDance|[upkeep]\n|upkeep\n|\n|t:|1776292942\n|switch|p2a: Charles&James&Kirk|Maushold, L50, shiny|100/100\n|turn|4\n|\n|t:|1776292956\n|move|p1a: Pelipper|Wide Guard|p1a: Pelipper\n|-singleturn|p1a: Pelipper|Wide Guard\n|move|p2a: Charles&James&Kirk|Follow Me|p2a: Charles&James&Kirk\n|-singleturn|p2a: Charles&James&Kirk|move: Follow Me\n|move|p1b: Rotom|Thunderbolt|p2a: Charles&James&Kirk\n|-damage|p2a: Charles&James&Kirk|46/100\n|move|p2b: Maxwell|Rock Slide|p1a: Pelipper|[spread] \n|-activate|p1a: Pelipper|move: Wide Guard\n|-activate|p1b: Rotom|move: Wide Guard\n|\n|-weather|RainDance|[upkeep]\n|upkeep\n|turn|5\n|\n|t:|1776292968\n|move|p2a: Charles&James&Kirk|Protect|p2a: Charles&James&Kirk\n|-singleturn|p2a: Charles&James&Kirk|Protect\n|move|p1a: Pelipper|Wide Guard|p1a: Pelipper\n|-singleturn|p1a: Pelipper|Wide Guard\n|move|p1b: Rotom|Thunderbolt|p2a: Charles&James&Kirk\n|-activate|p2a: Charles&James&Kirk|move: Protect\n|move|p2b: Maxwell|Dragon Claw|p1a: Pelipper\n|-damage|p1a: Pelipper|28/100\n|\n|-weather|RainDance|[upkeep]\n|upkeep\n|turn|6\n|\n|t:|1776292985\n|switch|p1a: Mudsdale|Mudsdale, L50, F|43/100\n|move|p1b: Rotom|Thunderbolt|p2a: Charles&James&Kirk\n|-damage|p2a: Charles&James&Kirk|0 fnt\n|faint|p2a: Charles&James&Kirk\n|move|p2b: Maxwell|Dragon Claw|p1a: Mudsdale\n|-damage|p1a: Mudsdale|7/100\n|\n|-weather|RainDance|[upkeep]\n|upkeep\n|\n|t:|1776292994\n|switch|p2a: Trump|Dragapult, L50, M, shiny|100/100\n|turn|7\n|\n|t:|1776293017\n|move|p2a: Trump|Shadow Ball|p1a: Mudsdale\n|-damage|p1a: Mudsdale|0 fnt\n|faint|p1a: Mudsdale\n|move|p1b: Rotom|Thunderbolt|p2a: Trump\n|-resisted|p2a: Trump|1\n|-damage|p2a: Trump|69/100\n|move|p2b: Maxwell|Dragon Claw|p1b: Rotom\n|-damage|p1b: Rotom|0 fnt\n|faint|p1b: Rotom\n|\n|-weather|none\n|upkeep\n|\n|t:|1776293031\n|switch|p1b: Pelipper|Pelipper, L50, F|28/100\n|switch|p1a: Dragonite|Dragonite, L50, M|100/100\n|-weather|RainDance|[from] ability: Drizzle|[of] p1b: Pelipper\n|turn|8\n|\n|t:|1776293049\n|detailschange|p1a: Dragonite|Dragonite-Mega, L50, M\n|-mega|p1a: Dragonite|Dragonite|Dragoninite\n|move|p1a: Dragonite|Protect|p1a: Dragonite\n|-singleturn|p1a: Dragonite|Protect\n|move|p2a: Trump|Draco Meteor|p1a: Dragonite\n|-activate|p1a: Dragonite|move: Protect\n|move|p2b: Maxwell|Rock Slide|p1a: Dragonite|[spread] p1b\n|-activate|p1a: Dragonite|move: Protect\n|-supereffective|p1b: Pelipper|1\n|-damage|p1b: Pelipper|0 fnt\n|faint|p1b: Pelipper\n|\n|-weather|RainDance|[upkeep]\n|upkeep\n|turn|9\n|\n|t:|1776293064\n|move|p2a: Trump|Draco Meteor|p1a: Dragonite\n|-supereffective|p1a: Dragonite|1\n|-damage|p1a: Dragonite|54/100\n|-unboost|p2a: Trump|spa|2\n|move|p2b: Maxwell|Dragon Claw|p1a: Dragonite\n|-supereffective|p1a: Dragonite|1\n|-damage|p1a: Dragonite|0 fnt\n|faint|p1a: Dragonite\n|\n|win|imb3035\n|raw|Purplkat's rating: 1130 &rarr; <strong>1099</strong><br />(-31 for losing)\n|raw|imb3035's rating: 1040 &rarr; <strong>1083</strong><br />(+43 for winning)\n|l|\u2606Purplkat\n|player|p1|\n",
  "uploadtime": 1776293094,
  "views": 27,
  "formatid": "gen9championsvgc2026regma",
  "rating": 1083,
  "private": 0,
  "password": null
}