{
  "id": "gen9championsvgc2026regma-2583266431",
  "format": "[Gen 9 Champions] VGC 2026 Reg M-A",
  "players": [
    "fake vision",
    "el choro 37"
  ],
  "log": "|j|\u2606fake vision\n|j|\u2606el choro 37\n|t:|1776161216\n|gametype|doubles\n|player|p1|fake vision|2|1048\n|player|p2|el choro 37|cyrus|1000\n|gen|9\n|tier|[Gen 9 Champions] VGC 2026 Reg M-A\n|rated|\n|rule|Species Clause: Limit one of each Pok\u00e9mon\n|rule|Item Clause: Limit 1 of each item\n|clearpoke\n|poke|p1|Charizard, L50, F|\n|poke|p1|Arcanine-Hisui, L50, F|\n|poke|p1|Raichu, L50, M|\n|poke|p1|Clefable, L50, F|\n|poke|p1|Alakazam, L50, F|\n|poke|p1|Venusaur, L50, M|\n|poke|p2|Starmie, L50|\n|poke|p2|Aegislash, L50, M|\n|poke|p2|Rotom-Wash, L50|\n|poke|p2|Incineroar, L50, F|\n|poke|p2|Sneasler, L50, F|\n|poke|p2|Whimsicott, L50, F|\n|teampreview|4\n|\n|t:|1776161247\n|teamsize|p1|4\n|teamsize|p2|4\n|start\n|switch|p1a: Charizard|Charizard, L50, F|100/100\n|switch|p1b: Raichu|Raichu, L50, M|100/100\n|switch|p2a: Vitor Roque|Incineroar, L50, F|100/100\n|switch|p2b: El Flaco|Sneasler, L50, F|100/100\n|-ability|p2a: Vitor Roque|Intimidate|boost\n|-unboost|p1a: Charizard|atk|1\n|-unboost|p1b: Raichu|atk|1\n|turn|1\n|\n|t:|1776161270\n|switch|p1a: Arcanine|Arcanine-Hisui, L50, F|100/100\n|-ability|p1a: Arcanine|Intimidate|boost\n|-unboost|p2a: Vitor Roque|atk|1\n|-unboost|p2b: El Flaco|atk|1\n|-enditem|p2b: El Flaco|White Herb\n|-clearnegativeboost|p2b: El Flaco|[silent]\n|move|p2b: El Flaco|Fake Out|p1b: Raichu\n|-damage|p1b: Raichu|68/100\n|-status|p2b: El Flaco|par|[from] ability: Static|[of] p1b: Raichu\n|cant|p1b: Raichu|flinch\n|move|p2a: Vitor Roque|Fake Out|p1a: Arcanine\n|-resisted|p1a: Arcanine|1\n|-damage|p1a: Arcanine|96/100\n|\n|upkeep\n|turn|2\n|\n|t:|1776161303\n|move|p1a: Arcanine|Close Combat|p2a: Vitor Roque\n|-supereffective|p2a: Vitor Roque|1\n|-damage|p2a: Vitor Roque|26/100\n|-unboost|p1a: Arcanine|def|1\n|-unboost|p1a: Arcanine|spd|1\n|move|p1b: Raichu|Volt Switch|p2b: El Flaco\n|-damage|p2b: El Flaco|62/100 par\n|\n|t:|1776161315\n|switch|p1b: Venusaur|Venusaur, L50, M|100/100|[from] Volt Switch\n|move|p2b: El Flaco|Close Combat|p1a: Arcanine\n|-supereffective|p1a: Arcanine|1\n|-damage|p1a: Arcanine|0 fnt\n|-unboost|p2b: El Flaco|def|1\n|-unboost|p2b: El Flaco|spd|1\n|faint|p1a: Arcanine\n|move|p2a: Vitor Roque|Darkest Lariat|p1b: Venusaur\n|-damage|p1b: Venusaur|75/100\n|\n|upkeep\n|\n|t:|1776161341\n|switch|p1a: Charizard|Charizard, L50, F|100/100\n|turn|3\n|\n|t:|1776161353\n|switch|p2a: Don Eduardo|Starmie, L50|100/100\n|detailschange|p1a: Charizard|Charizard-Mega-Y, L50, F\n|-mega|p1a: Charizard|Charizard|Charizardite Y\n|-weather|SunnyDay|[from] ability: Drought|[of] p1a: Charizard\n|move|p1a: Charizard|Protect|p1a: Charizard\n|-singleturn|p1a: Charizard|Protect\n|move|p2b: El Flaco|Dire Claw|p1b: Venusaur\n|-damage|p1b: Venusaur|21/100\n|-status|p1b: Venusaur|par\n|cant|p1b: Venusaur|par\n|\n|-weather|SunnyDay|[upkeep]\n|upkeep\n|turn|4\n|\n|t:|1776161373\n|detailschange|p2a: Don Eduardo|Starmie-Mega, L50\n|-mega|p2a: Don Eduardo|Starmie|Starminite\n|move|p1b: Venusaur|Protect|p1b: Venusaur\n|-singleturn|p1b: Venusaur|Protect\n|move|p2a: Don Eduardo|Flip Turn|p1a: Charizard\n|-supereffective|p1a: Charizard|1\n|-damage|p1a: Charizard|33/100\n|\n|t:|1776161381\n|switch|p2a: Vitor Roque|Incineroar, L50, F|26/100|[from] Flip Turn\n|-ability|p2a: Vitor Roque|Intimidate|boost\n|-unboost|p1a: Charizard|atk|1\n|-unboost|p1b: Venusaur|atk|1\n|move|p2b: El Flaco|Dire Claw|p1b: Venusaur\n|-activate|p1b: Venusaur|move: Protect\n|move|p1a: Charizard|Solar Beam||[still]\n|-prepare|p1a: Charizard|Solar Beam\n|-anim|p1a: Charizard|Solar Beam|p2a: Vitor Roque\n|-resisted|p2a: Vitor Roque|1\n|-damage|p2a: Vitor Roque|9/100\n|\n|-weather|SunnyDay|[upkeep]\n|upkeep\n|turn|5\n|-message|fake vision forfeited.\n|\n|win|el choro 37\n|raw|fake vision's rating: 1048 &rarr; <strong>1028</strong><br />(-20 for losing)\n|raw|el choro 37's rating: 1000 &rarr; <strong>1045</strong><br />(+45 for winning)\n|l|\u2606fake vision\n|player|p1|\n",
  "uploadtime": 1776161389,
  "views": 24,
  "formatid": "gen9championsvgc2026regma",
  "rating": 1028,
  "private": 0,
  "password": null
}