{
  "id": "gen9championsvgc2026regma-2586932068",
  "format": "[Gen 9 Champions] VGC 2026 Reg M-A",
  "players": [
    "Fiji663",
    "BM_bryka"
  ],
  "log": "|j|\u2606Fiji663\n|j|\u2606BM_bryka\n|t:|1776473048\n|gametype|doubles\n|player|p1|Fiji663|2|1314\n|player|p2|BM_bryka|ingo|1238\n|gen|9\n|tier|[Gen 9 Champions] VGC 2026 Reg M-A\n|rated|\n|rule|Species Clause: Limit one of each Pok\u00e9mon\n|rule|Item Clause: Limit 1 of each item\n|clearpoke\n|poke|p1|Delphox, L50, M|\n|poke|p1|Basculegion, L50, M|\n|poke|p1|Clefable, L50, F|\n|poke|p1|Kingambit, L50, F|\n|poke|p1|Dragonite, L50, F|\n|poke|p1|Sneasler, L50, F|\n|poke|p2|Aggron, L50, M|\n|poke|p2|Tyranitar, L50, M|\n|poke|p2|Garchomp, L50, F|\n|poke|p2|Incineroar, L50, M|\n|poke|p2|Primarina, L50, F|\n|poke|p2|Sinistcha-Masterpiece, L50|\n|teampreview|4\n|\n|t:|1776473079\n|teamsize|p1|4\n|teamsize|p2|4\n|start\n|switch|p1a: Kingambit|Kingambit, L50, F, shiny|100/100\n|switch|p1b: Delphox|Delphox, L50, M|100/100\n|switch|p2a: Primarina|Primarina, L50, F|100/100\n|switch|p2b: Incineroar|Incineroar, L50, M, shiny|100/100\n|-ability|p2b: Incineroar|Intimidate|boost\n|-unboost|p1a: Kingambit|atk|1\n|-ability|p1a: Kingambit|Defiant|boost\n|-boost|p1a: Kingambit|atk|2\n|-unboost|p1b: Delphox|atk|1\n|turn|1\n|\n|t:|1776473120\n|move|p1b: Delphox|Protect|p1b: Delphox\n|-singleturn|p1b: Delphox|Protect\n|move|p2b: Incineroar|Fake Out|p1a: Kingambit\n|-resisted|p1a: Kingambit|1\n|-crit|p1a: Kingambit\n|-damage|p1a: Kingambit|95/100\n|move|p2a: Primarina|Hyper Voice|p1b: Delphox|[spread] p1a\n|-activate|p1b: Delphox|move: Protect\n|-damage|p1a: Kingambit|61/100\n|cant|p1a: Kingambit|flinch\n|\n|upkeep\n|turn|2\n|\n|t:|1776473134\n|detailschange|p1b: Delphox|Delphox-Mega, L50, M\n|-mega|p1b: Delphox|Delphox|Delphoxite\n|move|p1b: Delphox|Psychic|p2a: Primarina\n|-damage|p2a: Primarina|60/100\n|move|p2a: Primarina|Hyper Voice|p1a: Kingambit|[spread] p1a,p1b\n|-supereffective|p1b: Delphox|1\n|-damage|p1a: Kingambit|26/100\n|-damage|p1b: Delphox|32/100\n|move|p2b: Incineroar|Will-O-Wisp|p1a: Kingambit\n|-status|p1a: Kingambit|brn\n|move|p1a: Kingambit|Kowtow Cleave|p2a: Primarina\n|-resisted|p2a: Primarina|1\n|-damage|p2a: Primarina|32/100\n|\n|-heal|p2a: Primarina|38/100|[from] item: Leftovers\n|-damage|p1a: Kingambit|20/100 brn|[from] brn\n|upkeep\n|turn|3\n|\n|t:|1776473157\n|move|p2a: Primarina|Protect|p2a: Primarina\n|-singleturn|p2a: Primarina|Protect\n|move|p1b: Delphox|Psychic|p2a: Primarina\n|-activate|p2a: Primarina|move: Protect\n|move|p2b: Incineroar|Parting Shot|p1b: Delphox\n|-unboost|p1b: Delphox|atk|1\n|-unboost|p1b: Delphox|spa|1\n|\n|t:|1776473165\n|switch|p2b: Sinistcha|Sinistcha-Masterpiece, L50|100/100|[from] Parting Shot\n|-heal|p2a: Primarina|63/100|[from] ability: Hospitality|[of] p2b: Sinistcha\n|move|p1a: Kingambit|Kowtow Cleave|p2b: Sinistcha\n|-supereffective|p2b: Sinistcha|1\n|-damage|p2b: Sinistcha|17/100\n|-enditem|p2b: Sinistcha|Sitrus Berry|[eat]\n|-heal|p2b: Sinistcha|42/100|[from] item: Sitrus Berry\n|\n|-heal|p2a: Primarina|68/100|[from] item: Leftovers\n|-damage|p1a: Kingambit|15/100 brn|[from] brn\n|upkeep\n|turn|4\n|\n|t:|1776473192\n|switch|p1b: Basculegion|Basculegion, L50, M, shiny|100/100\n|move|p2a: Primarina|Hyper Voice|p1a: Kingambit|[spread] p1a,p1b\n|-resisted|p1b: Basculegion|1\n|-damage|p1a: Kingambit|0 fnt\n|-damage|p1b: Basculegion|82/100\n|faint|p1a: Kingambit\n|move|p2b: Sinistcha|Trick Room|p2b: Sinistcha\n|-fieldstart|move: Trick Room|[of] p2b: Sinistcha\n|\n|-heal|p2a: Primarina|74/100|[from] item: Leftovers\n|upkeep\n|\n|t:|1776473203\n|switch|p1a: Sneasler|Sneasler, L50, F|100/100\n|turn|5\n|\n|t:|1776473227\n|switch|p2b: Incineroar|Incineroar, L50, M, shiny|100/100\n|-ability|p2b: Incineroar|Intimidate|boost\n|-unboost|p1a: Sneasler|atk|1\n|-unboost|p1b: Basculegion|atk|1\n|switch|p2a: Aggron|Aggron, L50, M|100/100\n|move|p1a: Sneasler|Fake Out|p2a: Aggron\n|-resisted|p2a: Aggron|2\n|-damage|p2a: Aggron|99/100\n|move|p1b: Basculegion|Last Respects|p2b: Incineroar\n|-resisted|p2b: Incineroar|1\n|-damage|p2b: Incineroar|78/100\n|\n|upkeep\n|turn|6\n|\n|t:|1776473247\n|switch|p1b: Delphox|Delphox-Mega, L50, M|32/100\n|detailschange|p2a: Aggron|Aggron-Mega, L50, M\n|-mega|p2a: Aggron|Aggron|Aggronite\n|move|p1a: Sneasler|Protect|p1a: Sneasler\n|-singleturn|p1a: Sneasler|Protect\n|move|p2b: Incineroar|Fake Out|p1a: Sneasler\n|-activate|p1a: Sneasler|move: Protect\n|move|p2a: Aggron|Iron Defense|p2a: Aggron\n|-boost|p2a: Aggron|def|2\n|\n|upkeep\n|turn|7\n|\n|t:|1776473274\n|move|p1a: Sneasler|Protect||[still]\n|-fail|p1a: Sneasler\n|move|p1b: Delphox|Protect|p1b: Delphox\n|-singleturn|p1b: Delphox|Protect\n|move|p2a: Aggron|Heavy Slam|p1b: Delphox\n|-activate|p1b: Delphox|move: Protect\n|move|p2b: Incineroar|Will-O-Wisp|p1a: Sneasler\n|-status|p1a: Sneasler|brn\n|\n|-damage|p1a: Sneasler|95/100 brn|[from] brn\n|upkeep\n|turn|8\n|\n|t:|1776473300\n|switch|p1b: Basculegion|Basculegion, L50, M, shiny|82/100\n|move|p2a: Aggron|Body Press|p1b: Basculegion\n|-immune|p1b: Basculegion\n|move|p2b: Incineroar|Parting Shot|p1b: Basculegion\n|-unboost|p1b: Basculegion|atk|1\n|-unboost|p1b: Basculegion|spa|1\n|\n|t:|1776473309\n|switch|p2b: Sinistcha|Sinistcha-Masterpiece, L50|42/100|[from] Parting Shot\n|-heal|p2a: Aggron|100/100|[from] ability: Hospitality|[of] p2b: Sinistcha\n|move|p1a: Sneasler|Close Combat|p2a: Aggron\n|-supereffective|p2a: Aggron|1\n|-damage|p2a: Aggron|93/100\n|-unboost|p1a: Sneasler|def|1\n|-unboost|p1a: Sneasler|spd|1\n|\n|-damage|p1a: Sneasler|89/100 brn|[from] brn\n|-fieldend|move: Trick Room\n|upkeep\n|turn|9\n|\n|t:|1776473329\n|switch|p1b: Delphox|Delphox-Mega, L50, M|32/100\n|move|p1a: Sneasler|Close Combat|p2a: Aggron\n|-supereffective|p2a: Aggron|1\n|-damage|p2a: Aggron|86/100\n|-unboost|p1a: Sneasler|def|1\n|-unboost|p1a: Sneasler|spd|1\n|move|p2a: Aggron|Heavy Slam|p1a: Sneasler\n|-damage|p1a: Sneasler|0 fnt\n|faint|p1a: Sneasler\n|move|p2b: Sinistcha|Trick Room|p2b: Sinistcha\n|-fieldstart|move: Trick Room|[of] p2b: Sinistcha\n|\n|upkeep\n|-message|Fiji663 forfeited.\n|\n|win|BM_bryka\n|raw|Fiji663's rating: 1314 &rarr; <strong>1290</strong><br />(-24 for losing)\n|raw|BM_bryka's rating: 1238 &rarr; <strong>1268</strong><br />(+30 for winning)\n|l|\u2606Fiji663\n|player|p1|\n",
  "uploadtime": 1776473372,
  "views": 27,
  "formatid": "gen9championsvgc2026regma",
  "rating": 1268,
  "private": 0,
  "password": null
}