{
  "id": "gen9championsvgc2026regma-2583812731",
  "format": "[Gen 9 Champions] VGC 2026 Reg M-A",
  "players": [
    "Bertorium7",
    "QuincyComun"
  ],
  "log": "|j|\u2606Bertorium7\n|j|\u2606QuincyComun\n|t:|1776199627\n|gametype|doubles\n|player|p1|Bertorium7|2|1188\n|player|p2|QuincyComun|red|1148\n|gen|9\n|tier|[Gen 9 Champions] VGC 2026 Reg M-A\n|rated|\n|rule|Species Clause: Limit one of each Pok\u00e9mon\n|rule|Item Clause: Limit 1 of each item\n|clearpoke\n|poke|p1|Gourgeist-*, L50, F|\n|poke|p1|Gengar, L50, F|\n|poke|p1|Gyarados, L50, F|\n|poke|p1|Politoed, L50, F|\n|poke|p1|Sneasler, L50, F|\n|poke|p1|Kingambit, L50, F|\n|poke|p2|Snorlax, L50, F|\n|poke|p2|Farigiraf, L50, M|\n|poke|p2|Incineroar, L50, M|\n|poke|p2|Sinistcha, L50|\n|poke|p2|Milotic, L50, F|\n|poke|p2|Gardevoir, L50, F|\n|teampreview|4\n|inactive|Battle timer is ON: inactive players will automatically lose when time's up. (requested by QuincyComun)\n|inactive|QuincyComun has 60 seconds left.\n|inactive|Bertorium7 has 60 seconds left.\n|inactive|QuincyComun has 30 seconds left.\n|inactive|QuincyComun has 20 seconds left.\n|inactive|QuincyComun has 15 seconds left.\n|inactive|QuincyComun has 10 seconds left.\n|\n|t:|1776199712\n|teamsize|p1|4\n|teamsize|p2|4\n|start\n|switch|p1a: Gourgeist|Gourgeist, L50, F|100/100\n|switch|p1b: Gengar|Gengar, L50, F|100/100\n|switch|p2a: Farigiraf|Farigiraf, L50, M|100/100\n|switch|p2b: Tota|Snorlax, L50, F, shiny|100/100\n|-item|p2a: Farigiraf|Mental Herb|[from] ability: Frisk|[of] p1a: Gourgeist\n|-item|p2b: Tota|Sitrus Berry|[from] ability: Frisk|[of] p1a: Gourgeist\n|turn|1\n|inactive|QuincyComun has 30 seconds left.\n|\n|t:|1776199738\n|detailschange|p1b: Gengar|Gengar-Mega, L50, F\n|-mega|p1b: Gengar|Gengar|Gengarite\n|move|p1a: Gourgeist|Explosion|p2a: Farigiraf|[spread] p2a,p2b\n|-immune|p1b: Gengar\n|-damage|p2a: Farigiraf|61/100\n|-damage|p2b: Tota|74/100\n|faint|p1a: Gourgeist\n|move|p1b: Gengar|Sludge Wave|p2b: Tota|[spread] p2a,p2b\n|-damage|p2a: Farigiraf|16/100\n|-damage|p2b: Tota|44/100\n|-enditem|p2b: Tota|Sitrus Berry|[eat]\n|-heal|p2b: Tota|69/100|[from] item: Sitrus Berry\n|move|p2b: Tota|Belly Drum|p2b: Tota\n|-damage|p2b: Tota|19/100\n|-setboost|p2b: Tota|atk|6|[from] move: Belly Drum\n|move|p2a: Farigiraf|Trick Room|p2a: Farigiraf\n|-fieldstart|move: Trick Room|[of] p2a: Farigiraf\n|\n|upkeep\n|\n|t:|1776199748\n|switch|p1a: Politoed|Politoed, L50, F|100/100\n|-weather|RainDance|[from] ability: Drizzle|[of] p1a: Politoed\n|turn|2\n|inactive|QuincyComun has 30 seconds left.\n|\n|t:|1776199779\n|move|p2a: Farigiraf|Helping Hand|p2b: Tota\n|-singleturn|p2b: Tota|Helping Hand|[of] p2a: Farigiraf\n|move|p1b: Gengar|Protect|p1b: Gengar\n|-singleturn|p1b: Gengar|Protect\n|move|p2b: Tota|High Horsepower|p1b: Gengar\n|-activate|p1b: Gengar|move: Protect\n|move|p1a: Politoed|Weather Ball|p2b: Tota\n|-damage|p2b: Tota|0 fnt\n|faint|p2b: Tota\n|\n|-weather|RainDance|[upkeep]\n|upkeep\n|\n|t:|1776199787\n|switch|p2b: Alexis|Sinistcha, L50|100/100\n|-heal|p2a: Farigiraf|41/100|[from] ability: Hospitality|[of] p2b: Alexis\n|turn|3\n|inactive|Bertorium7 has 30 seconds left.\n|\n|t:|1776199813\n|move|p2a: Farigiraf|Helping Hand|p2b: Alexis\n|-singleturn|p2b: Alexis|Helping Hand|[of] p2a: Farigiraf\n|move|p1a: Politoed|Protect|p1a: Politoed\n|-singleturn|p1a: Politoed|Protect\n|move|p2b: Alexis|Matcha Gotcha|p1b: Gengar|[spread] p1b\n|-activate|p1a: Politoed|move: Protect\n|-resisted|p1b: Gengar|1\n|-damage|p1b: Gengar|76/100\n|move|p1b: Gengar|Sludge Wave|p2a: Farigiraf|[spread] p2a,p2b\n|-activate|p1a: Politoed|move: Protect\n|-damage|p2a: Farigiraf|0 fnt\n|-damage|p2b: Alexis|48/100\n|faint|p2a: Farigiraf\n|\n|-weather|RainDance|[upkeep]\n|-heal|p2b: Alexis|54/100|[from] item: Leftovers\n|upkeep\n|\n|t:|1776199834\n|switch|p2a: Gardevoir|Gardevoir, L50, F|100/100\n|-ability|p2a: Gardevoir|Drizzle|Trace|[from] ability: Trace|[of] p1a: Politoed\n|turn|4\n|\n|t:|1776199855\n|detailschange|p2a: Gardevoir|Gardevoir-Mega, L50, F\n|-mega|p2a: Gardevoir|Gardevoir|Gardevoirite\n|move|p1b: Gengar|Protect|p1b: Gengar\n|-singleturn|p1b: Gengar|Protect\n|move|p1a: Politoed|Perish Song|p1a: Politoed\n|-start|p1a: Politoed|perish3|[silent]\n|-start|p1b: Gengar|perish3|[silent]\n|-start|p2a: Gardevoir|perish3|[silent]\n|-start|p2b: Alexis|perish3|[silent]\n|-fieldactivate|move: Perish Song\n|move|p2b: Alexis|Matcha Gotcha|p1a: Politoed|[spread] p1a\n|-activate|p1b: Gengar|move: Protect\n|-supereffective|p1a: Politoed|1\n|-damage|p1a: Politoed|61/100\n|-heal|p2b: Alexis|76/100|[from] drain|[of] p1a: Politoed\n|move|p2a: Gardevoir|Psyshock|p1b: Gengar\n|-activate|p1b: Gengar|move: Protect\n|\n|-weather|RainDance|[upkeep]\n|-heal|p2b: Alexis|83/100|[from] item: Leftovers\n|-start|p2b: Alexis|perish3\n|-start|p1a: Politoed|perish3\n|-start|p2a: Gardevoir|perish3\n|-start|p1b: Gengar|perish3\n|upkeep\n|turn|5\n|inactive|QuincyComun has 30 seconds left.\n|\n|t:|1776199881\n|move|p1a: Politoed|Protect|p1a: Politoed\n|-singleturn|p1a: Politoed|Protect\n|move|p2b: Alexis|Matcha Gotcha|p1a: Politoed|[spread] p1b\n|-activate|p1a: Politoed|move: Protect\n|-resisted|p1b: Gengar|1\n|-damage|p1b: Gengar|60/100\n|-heal|p2b: Alexis|89/100|[from] drain|[of] p1b: Gengar\n|-status|p1b: Gengar|brn\n|move|p2a: Gardevoir|Psyshock|p1b: Gengar\n|-supereffective|p1b: Gengar|1\n|-damage|p1b: Gengar|0 fnt\n|faint|p1b: Gengar\n|\n|-weather|RainDance|[upkeep]\n|-heal|p2b: Alexis|95/100|[from] item: Leftovers\n|-start|p2b: Alexis|perish2\n|-start|p1a: Politoed|perish2\n|-start|p2a: Gardevoir|perish2\n|-fieldend|move: Trick Room\n|upkeep\n|\n|t:|1776199893\n|switch|p1b: Sneasler|Sneasler, L50, F|100/100\n|turn|6\n|\n|t:|1776199914\n|move|p1b: Sneasler|Fake Out|p2a: Gardevoir\n|-damage|p2a: Gardevoir|84/100\n|cant|p2a: Gardevoir|flinch\n|move|p1a: Politoed|Icy Wind|p2b: Alexis|[spread] p2a\n|-miss|p1a: Politoed|p2b: Alexis\n|-damage|p2a: Gardevoir|76/100\n|-unboost|p2a: Gardevoir|spe|1\n|move|p2b: Alexis|Trick Room|p2b: Alexis\n|-fieldstart|move: Trick Room|[of] p2b: Alexis\n|\n|-weather|none\n|-heal|p2b: Alexis|100/100|[from] item: Leftovers\n|-start|p2a: Gardevoir|perish1\n|-start|p1a: Politoed|perish1\n|-start|p2b: Alexis|perish1\n|upkeep\n|turn|7\n|\n|t:|1776199935\n|move|p1a: Politoed|Protect|p1a: Politoed\n|-singleturn|p1a: Politoed|Protect\n|move|p2a: Gardevoir|Psyshock|p1b: Sneasler\n|-supereffective|p1b: Sneasler|2\n|-enditem|p1b: Sneasler|Focus Sash\n|-damage|p1b: Sneasler|1/100\n|move|p2b: Alexis|Matcha Gotcha|p1b: Sneasler|[spread] p1b\n|-activate|p1a: Politoed|move: Protect\n|-resisted|p1b: Sneasler|1\n|-damage|p1b: Sneasler|0 fnt\n|faint|p1b: Sneasler\n|\n|-start|p2a: Gardevoir|perish0\n|-start|p1a: Politoed|perish0\n|-start|p2b: Alexis|perish0\n|faint|p2a: Gardevoir\n|faint|p1a: Politoed\n|faint|p2b: Alexis\n|\n|win|QuincyComun\n|raw|Bertorium7's rating: 1188 &rarr; <strong>1160</strong><br />(-28 for losing)\n|raw|QuincyComun's rating: 1148 &rarr; <strong>1176</strong><br />(+28 for winning)\n|l|\u2606QuincyComun\n|player|p2|\n",
  "uploadtime": 1776199959,
  "views": 24,
  "formatid": "gen9championsvgc2026regma",
  "rating": 1160,
  "private": 0,
  "password": null
}