{
  "id": "gen9championsvgc2026regma-2582221344",
  "format": "[Gen 9 Champions] VGC 2026 Reg M-A",
  "players": [
    "plyingfress",
    "uhuhulou"
  ],
  "log": "|j|\u2606plyingfress\n|j|\u2606uhuhulou\n|t:|1776072941\n|gametype|doubles\n|player|p1|plyingfress|169|1291\n|player|p2|uhuhulou|265|1262\n|gen|9\n|tier|[Gen 9 Champions] VGC 2026 Reg M-A\n|rated|\n|rule|Species Clause: Limit one of each Pok\u00e9mon\n|rule|Item Clause: Limit 1 of each item\n|clearpoke\n|poke|p1|Charizard, L50, F|\n|poke|p1|Sneasler, L50, M|\n|poke|p1|Garchomp, L50, M|\n|poke|p1|Venusaur, L50, F|\n|poke|p1|Incineroar, L50, M|\n|poke|p1|Rotom-Wash, L50|\n|poke|p2|Ninetales-Alola, L50, F|\n|poke|p2|Crabominable, L50, F|\n|poke|p2|Incineroar, L50, M|\n|poke|p2|Farigiraf, L50, F|\n|poke|p2|Torkoal, L50, M|\n|poke|p2|Basculegion, L50, M|\n|teampreview|4\n|\n|t:|1776072988\n|teamsize|p1|4\n|teamsize|p2|4\n|start\n|switch|p1a: Charizard|Charizard, L50, F|100/100\n|switch|p1b: Venusaur|Venusaur, L50, F|100/100\n|switch|p2a: Farigiraf|Farigiraf, L50, F|100/100\n|switch|p2b: Incineroar|Incineroar, L50, M|100/100\n|-ability|p2b: Incineroar|Intimidate|boost\n|-unboost|p1a: Charizard|atk|1\n|-unboost|p1b: Venusaur|atk|1\n|turn|1\n|\n|t:|1776073016\n|switch|p1a: Incineroar|Incineroar, L50, M|100/100\n|-ability|p1a: Incineroar|Intimidate|boost\n|-unboost|p2a: Farigiraf|atk|1\n|-unboost|p2b: Incineroar|atk|1\n|move|p2b: Incineroar|Fake Out|p1b: Venusaur\n|-damage|p1b: Venusaur|90/100\n|cant|p1b: Venusaur|flinch\n|move|p2a: Farigiraf|Trick Room|p2a: Farigiraf\n|-fieldstart|move: Trick Room|[of] p2a: Farigiraf\n|\n|upkeep\n|turn|2\n|\n|t:|1776073039\n|switch|p1b: Rotom|Rotom-Wash, L50|100/100\n|move|p2a: Farigiraf|Psychic|p1b: Rotom\n|-damage|p1b: Rotom|58/100\n|move|p2b: Incineroar|Parting Shot|p1a: Incineroar\n|-unboost|p1a: Incineroar|atk|1\n|-unboost|p1a: Incineroar|spa|1\n|\n|t:|1776073060\n|switch|p2b: Crabominable|Crabominable, L50, F|100/100|[from] Parting Shot\n|move|p1a: Incineroar|Darkest Lariat|p2a: Farigiraf\n|-supereffective|p2a: Farigiraf|1\n|-damage|p2a: Farigiraf|60/100\n|\n|-heal|p1b: Rotom|64/100|[from] item: Leftovers\n|upkeep\n|turn|3\n|\n|t:|1776073088\n|detailschange|p2b: Crabominable|Crabominable-Mega, L50, F\n|-mega|p2b: Crabominable|Crabominable|Crabominite\n|move|p2b: Crabominable|Drain Punch|p1b: Rotom\n|-damage|p1b: Rotom|8/100\n|move|p2a: Farigiraf|Hyper Voice|p1a: Incineroar|[spread] p1a,p1b\n|-damage|p1a: Incineroar|78/100\n|-damage|p1b: Rotom|0 fnt\n|faint|p1b: Rotom\n|move|p1a: Incineroar|Parting Shot|p2b: Crabominable\n|-unboost|p2b: Crabominable|atk|1\n|-unboost|p2b: Crabominable|spa|1\n|\n|t:|1776073103\n|switch|p1a: Charizard|Charizard, L50, F|100/100|[from] Parting Shot\n|\n|upkeep\n|\n|t:|1776073106\n|switch|p1b: Incineroar|Incineroar, L50, M|78/100\n|-ability|p1b: Incineroar|Intimidate|boost\n|-unboost|p2a: Farigiraf|atk|1\n|-unboost|p2b: Crabominable|atk|1\n|turn|4\n|\n|t:|1776073119\n|detailschange|p1a: Charizard|Charizard-Mega-Y, L50, F\n|-mega|p1a: Charizard|Charizard|Charizardite Y\n|-weather|SunnyDay|[from] ability: Drought|[of] p1a: Charizard\n|move|p2b: Crabominable|Ice Hammer|p1a: Charizard\n|-damage|p1a: Charizard|51/100\n|-unboost|p2b: Crabominable|spe|1\n|move|p2a: Farigiraf|Psychic|p1a: Charizard\n|-damage|p1a: Charizard|17/100\n|move|p1b: Incineroar|Parting Shot|p2a: Farigiraf\n|-unboost|p2a: Farigiraf|atk|1\n|-unboost|p2a: Farigiraf|spa|1\n|\n|t:|1776073130\n|switch|p1b: Venusaur|Venusaur, L50, F|90/100|[from] Parting Shot\n|move|p1a: Charizard|Heat Wave|p2b: Crabominable|[spread] p2a,p2b\n|-supereffective|p2b: Crabominable|1\n|-damage|p2a: Farigiraf|11/100\n|-damage|p2b: Crabominable|20/100\n|-enditem|p2a: Farigiraf|Sitrus Berry|[eat]\n|-heal|p2a: Farigiraf|35/100|[from] item: Sitrus Berry\n|\n|-weather|SunnyDay|[upkeep]\n|upkeep\n|turn|5\n|c|\u2606uhuhulou|incinaroar is actually brain dead\n|\n|t:|1776073161\n|switch|p1a: Incineroar|Incineroar, L50, M|78/100\n|-ability|p1a: Incineroar|Intimidate|boost\n|-unboost|p2a: Farigiraf|atk|1\n|-unboost|p2b: Crabominable|atk|1\n|move|p1b: Venusaur|Protect|p1b: Venusaur\n|-singleturn|p1b: Venusaur|Protect\n|move|p2b: Crabominable|Ice Hammer|p1a: Incineroar\n|-resisted|p1a: Incineroar|1\n|-damage|p1a: Incineroar|64/100\n|-unboost|p2b: Crabominable|spe|1\n|move|p2a: Farigiraf|Psychic|p1b: Venusaur\n|-activate|p1b: Venusaur|move: Protect\n|\n|-weather|SunnyDay|[upkeep]\n|-fieldend|move: Trick Room\n|upkeep\n|turn|6\n|\n|t:|1776073177\n|switch|p2b: Incineroar|Incineroar, L50, M|100/100\n|-ability|p2b: Incineroar|Intimidate|boost\n|-unboost|p1a: Incineroar|atk|1\n|-unboost|p1b: Venusaur|atk|1\n|move|p2a: Farigiraf|Protect|p2a: Farigiraf\n|-singleturn|p2a: Farigiraf|Protect\n|move|p1b: Venusaur|Sludge Bomb|p2a: Farigiraf\n|-activate|p2a: Farigiraf|move: Protect\n|move|p1a: Incineroar|Flare Blitz|p2b: Incineroar\n|-resisted|p2b: Incineroar|1\n|-damage|p2b: Incineroar|77/100\n|-damage|p1a: Incineroar|56/100|[from] Recoil\n|\n|-weather|SunnyDay|[upkeep]\n|-heal|p2b: Incineroar|83/100|[from] item: Leftovers\n|upkeep\n|turn|7\n|inactive|Battle timer is ON: inactive players will automatically lose when time's up. (requested by plyingfress)\n|\n|t:|1776073226\n|move|p2b: Incineroar|Fake Out|p1a: Incineroar\n|-damage|p1a: Incineroar|47/100\n|-enditem|p1a: Incineroar|Sitrus Berry|[eat]\n|-heal|p1a: Incineroar|72/100|[from] item: Sitrus Berry\n|move|p1b: Venusaur|Sludge Bomb|p2a: Farigiraf\n|-damage|p2a: Farigiraf|0 fnt\n|faint|p2a: Farigiraf\n|cant|p1a: Incineroar|flinch\n|\n|-weather|SunnyDay|[upkeep]\n|-heal|p2b: Incineroar|89/100|[from] item: Leftovers\n|upkeep\n|\n|t:|1776073236\n|switch|p2a: Torkoal|Torkoal, L50, M|100/100\n|turn|8\n|inactive|plyingfress has 30 seconds left.\n|inactive|plyingfress has 20 seconds left.\n|\n|t:|1776073281\n|move|p1b: Venusaur|Protect|p1b: Venusaur\n|-singleturn|p1b: Venusaur|Protect\n|move|p1a: Incineroar|Darkest Lariat|p2a: Torkoal\n|-damage|p2a: Torkoal|85/100\n|move|p2b: Incineroar|Parting Shot|p1b: Venusaur\n|-activate|p1b: Venusaur|move: Protect\n|move|p2a: Torkoal|Eruption|p1b: Venusaur|[spread] p1a\n|-activate|p1b: Venusaur|move: Protect\n|-resisted|p1a: Incineroar|1\n|-damage|p1a: Incineroar|44/100\n|\n|-weather|none\n|-heal|p2b: Incineroar|95/100|[from] item: Leftovers\n|upkeep\n|turn|9\n|\n|t:|1776073305\n|switch|p2a: Crabominable|Crabominable-Mega, L50, F|20/100\n|move|p1b: Venusaur|Sleep Powder|p2a: Crabominable\n|-status|p2a: Crabominable|slp|[from] move: Sleep Powder\n|move|p1a: Incineroar|Parting Shot|p2a: Crabominable\n|-unboost|p2a: Crabominable|atk|1\n|-unboost|p2a: Crabominable|spa|1\n|\n|t:|1776073309\n|switch|p1a: Charizard|Charizard-Mega-Y, L50, F|17/100|[from] Parting Shot\n|-weather|SunnyDay|[from] ability: Drought|[of] p1a: Charizard\n|move|p2b: Incineroar|Parting Shot|p1b: Venusaur\n|-unboost|p1b: Venusaur|atk|1\n|-unboost|p1b: Venusaur|spa|1\n|\n|t:|1776073318\n|switch|p2b: Torkoal|Torkoal, L50, M|85/100|[from] Parting Shot\n|\n|-weather|SunnyDay|[upkeep]\n|upkeep\n|turn|10\n|\n|t:|1776073328\n|move|p1b: Venusaur|Sludge Bomb|p2b: Torkoal\n|-damage|p2b: Torkoal|43/100\n|-status|p2b: Torkoal|psn\n|move|p1a: Charizard|Heat Wave|p2a: Crabominable|[spread] p2a,p2b\n|-supereffective|p2a: Crabominable|1\n|-resisted|p2b: Torkoal|1\n|-damage|p2a: Crabominable|0 fnt\n|-damage|p2b: Torkoal|6/100 psn\n|faint|p2a: Crabominable\n|move|p2b: Torkoal|Heat Wave|p1a: Charizard|[spread] p1a,p1b\n|-resisted|p1a: Charizard|1\n|-supereffective|p1b: Venusaur|1\n|-damage|p1a: Charizard|0 fnt\n|-damage|p1b: Venusaur|0 fnt\n|faint|p1a: Charizard\n|faint|p1b: Venusaur\n|\n|-weather|SunnyDay|[upkeep]\n|-damage|p2b: Torkoal|0 fnt|[from] psn\n|faint|p2b: Torkoal\n|upkeep\n|-message|plyingfress forfeited.\n|\n|win|uhuhulou\n|raw|plyingfress's rating: 1291 &rarr; <strong>1264</strong><br />(-27 for losing)\n|raw|uhuhulou's rating: 1262 &rarr; <strong>1289</strong><br />(+27 for winning)\n|l|\u2606plyingfress\n|player|p1|\n|c|\u2606uhuhulou|what tf happend\n",
  "uploadtime": 1776073371,
  "views": 18,
  "formatid": "gen9championsvgc2026regma",
  "rating": 1264,
  "private": 0,
  "password": null
}