{
  "id": "gen9championsvgc2026regma-2586325000",
  "format": "[Gen 9 Champions] VGC 2026 Reg M-A",
  "players": [
    "KeckleonKidVGC",
    "Kiryuri"
  ],
  "log": "|j|\u2606KeckleonKidVGC\n|j|\u2606Kiryuri\n|t:|1776425422\n|gametype|doubles\n|player|p1|KeckleonKidVGC|2|1380\n|player|p2|Kiryuri|acetrainerf|1318\n|gen|9\n|tier|[Gen 9 Champions] VGC 2026 Reg M-A\n|rated|\n|rule|Species Clause: Limit one of each Pok\u00e9mon\n|rule|Item Clause: Limit 1 of each item\n|clearpoke\n|poke|p1|Politoed, L50, M|\n|poke|p1|Basculegion, L50, M|\n|poke|p1|Feraligatr, L50, F|\n|poke|p1|Archaludon, L50, M|\n|poke|p1|Sneasler, L50, M|\n|poke|p1|Excadrill, L50, M|\n|poke|p2|Charizard, L50, F|\n|poke|p2|Whimsicott, L50, F|\n|poke|p2|Sylveon, L50, F|\n|poke|p2|Farigiraf, L50, F|\n|poke|p2|Torkoal, L50, F|\n|poke|p2|Kangaskhan, L50, F|\n|teampreview|4\n|inactive|Battle timer is ON: inactive players will automatically lose when time's up. (requested by KeckleonKidVGC)\nKiryuri has agreed to open team sheets.\n|inactive|Kiryuri has 60 seconds left.\n|\n|t:|1776425456\n|teamsize|p1|4\n|teamsize|p2|4\n|start\n|switch|p1a: Basculegion|Basculegion, L50, M|100/100\n|switch|p1b: Sneasler|Sneasler, L50, M|100/100\n|switch|p2a: Whimsicott|Whimsicott, L50, F, shiny|100/100\n|switch|p2b: Charizard|Charizard, L50, F, shiny|100/100\n|turn|1\n|inactive|KeckleonKidVGC has 30 seconds left.\n|inactive|Kiryuri has 30 seconds left.\n|inactive|KeckleonKidVGC has 20 seconds left.\n|inactive|Kiryuri has 20 seconds left.\n|inactive|Kiryuri has 15 seconds left.\n|\n|t:|1776425497\n|detailschange|p2b: Charizard|Charizard-Mega-Y, L50, F, shiny\n|-mega|p2b: Charizard|Charizard|Charizardite Y\n|-weather|SunnyDay|[from] ability: Drought|[of] p2b: Charizard\n|move|p1b: Sneasler|Fake Out|p2b: Charizard\n|-damage|p2b: Charizard|84/100\n|move|p2a: Whimsicott|Tailwind|p2a: Whimsicott\n|-sidestart|p2: Kiryuri|move: Tailwind\n|cant|p2b: Charizard|flinch\n|move|p1a: Basculegion|Flip Turn|p2b: Charizard\n|-supereffective|p2b: Charizard|1\n|-damage|p2b: Charizard|48/100\n|\n|t:|1776425507\n|switch|p1a: Politoed|Politoed, L50, M|100/100|[from] Flip Turn\n|-weather|RainDance|[from] ability: Drizzle|[of] p1a: Politoed\n|\n|-weather|RainDance|[upkeep]\n|upkeep\n|turn|2\n|\n|t:|1776425523\n|switch|p2b: Farigiraf|Farigiraf, L50, F|100/100\n|switch|p1a: Feraligatr|Feraligatr, L50, F|100/100\n|move|p2a: Whimsicott|Encore|p1b: Sneasler\n|-start|p1b: Sneasler|Encore\n|move|p1b: Sneasler|Fake Out||[still]\n|cant|p2b: Farigiraf|ability: Armor Tail|Fake Out|[of] p1b: Sneasler\n|\n|-weather|RainDance|[upkeep]\n|upkeep\n|turn|3\n|\n|t:|1776425541\n|switch|p1b: Politoed|Politoed, L50, M|100/100\n|move|p2a: Whimsicott|Moonblast|p1a: Feraligatr\n|-damage|p1a: Feraligatr|75/100\n|move|p2b: Farigiraf|Twin Beam|p1b: Politoed\n|-damage|p1b: Politoed|88/100\n|-damage|p1b: Politoed|76/100\n|-hitcount|p1b: Politoed|2\n|move|p1a: Feraligatr|Liquidation|p2b: Farigiraf\n|-damage|p2b: Farigiraf|60/100\n|\n|-weather|RainDance|[upkeep]\n|upkeep\n|turn|4\n|inactive|KeckleonKidVGC has 30 seconds left.\n|inactive|Kiryuri has 30 seconds left.\n|inactive|KeckleonKidVGC has 20 seconds left.\n|\n|t:|1776425577\n|switch|p1b: Basculegion|Basculegion, L50, M|100/100\n|move|p2a: Whimsicott|Moonblast|p1a: Feraligatr\n|-damage|p1a: Feraligatr|47/100\n|move|p1a: Feraligatr|Liquidation|p2b: Farigiraf\n|-damage|p2b: Farigiraf|16/100\n|move|p2b: Farigiraf|Trick Room|p2b: Farigiraf\n|-fieldstart|move: Trick Room|[of] p2b: Farigiraf\n|\n|-weather|RainDance|[upkeep]\n|-sideend|p2: Kiryuri|move: Tailwind\n|upkeep\n|turn|5\n|inactive|Kiryuri has 30 seconds left.\n|\n|t:|1776425607\n|switch|p2b: Sylveon|Sylveon, L50, F|100/100\n|move|p2a: Whimsicott|Sunny Day|p2a: Whimsicott\n|-weather|SunnyDay\n|move|p1a: Feraligatr|Liquidation|p2b: Sylveon\n|-damage|p2b: Sylveon|76/100\n|move|p1b: Basculegion|Wave Crash|p2a: Whimsicott\n|-resisted|p2a: Whimsicott|1\n|-damage|p2a: Whimsicott|78/100\n|-damage|p1b: Basculegion|94/100|[from] Recoil\n|\n|-weather|SunnyDay|[upkeep]\n|upkeep\n|turn|6\n|\n|t:|1776425626\n|switch|p1b: Politoed|Politoed, L50, M|76/100\n|-weather|RainDance|[from] ability: Drizzle|[of] p1b: Politoed\n|move|p1a: Feraligatr|Protect|p1a: Feraligatr\n|-singleturn|p1a: Feraligatr|Protect\n|move|p2b: Sylveon|Hyper Voice|p1a: Feraligatr|[spread] p1b\n|-activate|p1a: Feraligatr|move: Protect\n|-damage|p1b: Politoed|37/100\n|move|p2a: Whimsicott|Moonblast|p1b: Politoed\n|-damage|p1b: Politoed|5/100\n|\n|-weather|RainDance|[upkeep]\n|upkeep\n|turn|7\n|\n|t:|1776425644\n|move|p1b: Politoed|Protect|p1b: Politoed\n|-singleturn|p1b: Politoed|Protect\n|move|p2a: Whimsicott|Sunny Day|p2a: Whimsicott\n|-weather|SunnyDay\n|move|p2b: Sylveon|Hyper Voice|p1a: Feraligatr|[spread] p1a\n|-activate|p1b: Politoed|move: Protect\n|-damage|p1a: Feraligatr|11/100\n|move|p1a: Feraligatr|Liquidation|p2b: Sylveon\n|-damage|p2b: Sylveon|54/100\n|\n|-weather|SunnyDay|[upkeep]\n|upkeep\n|turn|8\n|inactive|Kiryuri has 30 seconds left.\n|\n|t:|1776425672\n|switch|p1b: Sneasler|Sneasler, L50, M|100/100\n|move|p2b: Sylveon|Hyper Voice|p1b: Sneasler|[spread] p1a,p1b\n|-damage|p1a: Feraligatr|0 fnt\n|-damage|p1b: Sneasler|33/100\n|faint|p1a: Feraligatr\n|move|p2a: Whimsicott|Moonblast|p1b: Sneasler\n|-damage|p1b: Sneasler|0 fnt\n|faint|p1b: Sneasler\n|\n|-weather|SunnyDay|[upkeep]\n|-fieldend|move: Trick Room\n|upkeep\n|\n|t:|1776425682\n|switch|p1b: Politoed|Politoed, L50, M|5/100\n|switch|p1a: Basculegion|Basculegion, L50, M|94/100\n|-weather|RainDance|[from] ability: Drizzle|[of] p1b: Politoed\n|turn|9\n|inactive|Kiryuri has 30 seconds left.\n|\n|t:|1776425709\n|move|p2b: Sylveon|Protect|p2b: Sylveon\n|-singleturn|p2b: Sylveon|Protect\n|move|p2a: Whimsicott|Tailwind|p2a: Whimsicott\n|-sidestart|p2: Kiryuri|move: Tailwind\n|move|p1a: Basculegion|Last Respects|p2b: Sylveon\n|-activate|p2b: Sylveon|move: Protect\n|move|p1b: Politoed|Ice Beam|p2a: Whimsicott\n|-supereffective|p2a: Whimsicott|1\n|-damage|p2a: Whimsicott|24/100\n|-enditem|p2a: Whimsicott|Sitrus Berry|[eat]\n|-heal|p2a: Whimsicott|49/100|[from] item: Sitrus Berry\n|\n|-weather|RainDance|[upkeep]\n|upkeep\n|turn|10\n|\n|t:|1776425724\n|switch|p2b: Farigiraf|Farigiraf, L50, F|16/100\n|move|p2a: Whimsicott|Moonblast|p1a: Basculegion\n|-damage|p1a: Basculegion|53/100\n|-unboost|p1a: Basculegion|spa|1\n|move|p1a: Basculegion|Last Respects|p2b: Farigiraf\n|-immune|p2b: Farigiraf\n|move|p1b: Politoed|Ice Beam|p2a: Whimsicott\n|-supereffective|p2a: Whimsicott|1\n|-damage|p2a: Whimsicott|0 fnt\n|faint|p2a: Whimsicott\n|\n|-weather|RainDance|[upkeep]\n|upkeep\n|\n|t:|1776425736\n|switch|p2a: Charizard|Charizard-Mega-Y, L50, F, shiny|48/100\n|-weather|SunnyDay|[from] ability: Drought|[of] p2a: Charizard\n|turn|11\n|-message|KeckleonKidVGC forfeited.\n|\n|win|Kiryuri\n|raw|KeckleonKidVGC's rating: 1380 &rarr; <strong>1356</strong><br />(-24 for losing)\n|raw|Kiryuri's rating: 1318 &rarr; <strong>1342</strong><br />(+24 for winning)\n|l|\u2606KeckleonKidVGC\n|player|p1|\n",
  "uploadtime": 1776425761,
  "views": 60,
  "formatid": "gen9championsvgc2026regma",
  "rating": 1342,
  "private": 0,
  "password": null
}