{
  "id": "gen9championsvgc2026regma-2586694629",
  "format": "[Gen 9 Champions] VGC 2026 Reg M-A",
  "players": [
    "luisnoesrojo",
    "szaszasza"
  ],
  "log": "|j|\u2606luisnoesrojo\n|j|\u2606szaszasza\n|t:|1776452770\n|gametype|doubles\n|player|p1|luisnoesrojo|rocketgrunt|1117\n|player|p2|szaszasza|1|1058\n|gen|9\n|tier|[Gen 9 Champions] VGC 2026 Reg M-A\n|rated|\n|rule|Species Clause: Limit one of each Pok\u00e9mon\n|rule|Item Clause: Limit 1 of each item\n|clearpoke\n|poke|p1|Floette-Eternal, L50, F|\n|poke|p1|Aegislash, L50, F|\n|poke|p1|Talonflame, L50, F|\n|poke|p1|Incineroar, L50, F|\n|poke|p1|Garchomp, L50, M|\n|poke|p1|Rotom-Wash, L50|\n|poke|p2|Gengar, L50, M|\n|poke|p2|Milotic, L50, F|\n|poke|p2|Tyranitar, L50, F|\n|poke|p2|Incineroar, L50, F|\n|poke|p2|Kingambit, L50, F|\n|poke|p2|Sinistcha, L50|\n|teampreview|4\n|inactive|Battle timer is ON: inactive players will automatically lose when time's up. (requested by luisnoesrojo)\n|\n|t:|1776452814\n|teamsize|p1|4\n|teamsize|p2|4\n|start\n|switch|p1a: Talonflame|Talonflame, L50, F|100/100\n|switch|p1b: Garchomp|Garchomp, L50, M|100/100\n|switch|p2a: Kingambit|Kingambit, L50, F|100/100\n|switch|p2b: Milotic|Milotic, L50, F|100/100\n|turn|1\n|\n|t:|1776452838\n|move|p2a: Kingambit|Protect|p2a: Kingambit\n|-singleturn|p2a: Kingambit|Protect\n|move|p1a: Talonflame|Tailwind|p1a: Talonflame\n|-sidestart|p1: luisnoesrojo|move: Tailwind\n|move|p1b: Garchomp|Earthquake|p2a: Kingambit|[spread] p2b\n|-activate|p2a: Kingambit|move: Protect\n|-immune|p1a: Talonflame\n|-damage|p2b: Milotic|72/100\n|move|p2b: Milotic|Icy Wind|p1a: Talonflame|[spread] p1a,p1b\n|-supereffective|p1b: Garchomp|2\n|-damage|p1a: Talonflame|86/100\n|-damage|p1b: Garchomp|58/100\n|-unboost|p1a: Talonflame|spe|1\n|-unboost|p1b: Garchomp|spe|1\n|-enditem|p1b: Garchomp|White Herb\n|-clearnegativeboost|p1b: Garchomp|[silent]\n|\n|-heal|p2b: Milotic|78/100|[from] item: Leftovers\n|upkeep\n|turn|2\n|inactive|luisnoesrojo has 30 seconds left.\n|inactive|szaszasza has 30 seconds left.\n|\n|t:|1776452865\n|switch|p2a: Sinistcha|Sinistcha, L50|100/100\n|-heal|p2b: Milotic|100/100|[from] ability: Hospitality|[of] p2a: Sinistcha\n|move|p1b: Garchomp|Earthquake|p2b: Milotic|[spread] p2a,p2b\n|-immune|p1a: Talonflame\n|-resisted|p2a: Sinistcha|1\n|-damage|p2a: Sinistcha|87/100\n|-damage|p2b: Milotic|71/100\n|move|p1a: Talonflame|Acrobatics|p2b: Milotic\n|-damage|p2b: Milotic|41/100\n|move|p2b: Milotic|Icy Wind|p1a: Talonflame|[spread] p1a,p1b\n|-supereffective|p1b: Garchomp|2\n|-damage|p1a: Talonflame|71/100\n|-damage|p1b: Garchomp|15/100\n|-unboost|p1a: Talonflame|spe|1\n|-unboost|p1b: Garchomp|spe|1\n|\n|-heal|p2b: Milotic|47/100|[from] item: Leftovers\n|upkeep\n|turn|3\n|inactive|szaszasza has 30 seconds left.\n|\n|t:|1776452899\n|switch|p1b: Floette|Floette-Eternal, L50, F|100/100\n|move|p2b: Milotic|Protect|p2b: Milotic\n|-singleturn|p2b: Milotic|Protect\n|move|p2a: Sinistcha|Protect|p2a: Sinistcha\n|-singleturn|p2a: Sinistcha|Protect\n|move|p1a: Talonflame|Acrobatics|p2a: Sinistcha\n|-activate|p2a: Sinistcha|move: Protect\n|\n|-heal|p2b: Milotic|52/100|[from] item: Leftovers\n|upkeep\n|turn|4\n|inactive|luisnoesrojo has 30 seconds left.\n|\n|t:|1776452932\n|switch|p2a: Kingambit|Kingambit, L50, F|100/100\n|detailschange|p1b: Floette|Floette-Mega, L50, F\n|-mega|p1b: Floette|Floette|Floettite\n|-ability|p1b: Floette|Fairy Aura\n|move|p1b: Floette|Calm Mind|p1b: Floette\n|-boost|p1b: Floette|spa|1\n|-boost|p1b: Floette|spd|1\n|move|p1a: Talonflame|Flare Blitz|p2a: Kingambit\n|-supereffective|p2a: Kingambit|1\n|-damage|p2a: Kingambit|31/100\n|-damage|p1a: Talonflame|40/100|[from] Recoil\n|move|p2b: Milotic|Icy Wind|p1b: Floette|[spread] p1a\n|-miss|p2b: Milotic|p1b: Floette\n|-damage|p1a: Talonflame|26/100\n|-unboost|p1a: Talonflame|spe|1\n|\n|-heal|p2b: Milotic|58/100|[from] item: Leftovers\n|-sideend|p1: luisnoesrojo|move: Tailwind\n|upkeep\n|turn|5\n|inactive|luisnoesrojo has 30 seconds left.\n|inactive|szaszasza has 30 seconds left.\n|inactive|luisnoesrojo has 20 seconds left.\n|\n|t:|1776452972\n|move|p1a: Talonflame|Protect|p1a: Talonflame\n|-singleturn|p1a: Talonflame|Protect\n|move|p2a: Kingambit|Protect|p2a: Kingambit\n|-singleturn|p2a: Kingambit|Protect\n|move|p1b: Floette|Moonblast|p2a: Kingambit\n|-activate|p2a: Kingambit|move: Protect\n|move|p2b: Milotic|Icy Wind|p1b: Floette|[spread] p1b\n|-activate|p1a: Talonflame|move: Protect\n|-damage|p1b: Floette|95/100\n|-unboost|p1b: Floette|spe|1\n|\n|-heal|p2b: Milotic|64/100|[from] item: Leftovers\n|upkeep\n|turn|6\n|inactive|luisnoesrojo has 30 seconds left.\n|\n|t:|1776453000\n|switch|p2b: Sinistcha|Sinistcha, L50|87/100\n|-heal|p2a: Kingambit|56/100|[from] ability: Hospitality|[of] p2b: Sinistcha\n|move|p2a: Kingambit|Sucker Punch||[still]\n|-fail|p2a: Kingambit\n|move|p1b: Floette|Moonblast|p2a: Kingambit\n|-damage|p2a: Kingambit|0 fnt\n|faint|p2a: Kingambit\n|move|p1a: Talonflame|Tailwind|p1a: Talonflame\n|-sidestart|p1: luisnoesrojo|move: Tailwind\n|\n|upkeep\n|\n|t:|1776453012\n|switch|p2a: Tyranitar|Tyranitar, L50, F|100/100\n|-weather|Sandstorm|[from] ability: Sand Stream|[of] p2a: Tyranitar\n|turn|7\n|\n|t:|1776453027\n|move|p2b: Sinistcha|Rage Powder|p2b: Sinistcha\n|-singleturn|p2b: Sinistcha|move: Rage Powder\n|move|p2a: Tyranitar|Stone Edge|p1b: Floette\n|-crit|p1b: Floette\n|-damage|p1b: Floette|19/100\n|move|p1b: Floette|Moonblast|p2b: Sinistcha\n|-damage|p2b: Sinistcha|0 fnt\n|faint|p2b: Sinistcha\n|move|p1a: Talonflame|Acrobatics|p2a: Tyranitar\n|-resisted|p2a: Tyranitar|1\n|-damage|p2a: Tyranitar|81/100\n|\n|-weather|Sandstorm|[upkeep]\n|-damage|p1b: Floette|13/100|[from] Sandstorm\n|-damage|p1a: Talonflame|20/100|[from] Sandstorm\n|upkeep\n|\n|t:|1776453039\n|switch|p2b: Milotic|Milotic, L50, F|64/100\n|turn|8\n|\n|t:|1776453056\n|move|p2a: Tyranitar|Stone Edge|p1b: Floette\n|-damage|p1b: Floette|0 fnt\n|faint|p1b: Floette\n|move|p1a: Talonflame|Acrobatics|p2b: Milotic\n|-damage|p2b: Milotic|33/100\n|move|p2b: Milotic|Icy Wind|p1a: Talonflame\n|-damage|p1a: Talonflame|1/100\n|-unboost|p1a: Talonflame|spe|1\n|\n|-weather|Sandstorm|[upkeep]\n|-damage|p1a: Talonflame|0 fnt|[from] Sandstorm\n|-damage|p2b: Milotic|27/100|[from] Sandstorm\n|faint|p1a: Talonflame\n|-heal|p2b: Milotic|33/100|[from] item: Leftovers\n|upkeep\n|\n|t:|1776453070\n|switch|p1a: Incineroar|Incineroar, L50, F|100/100\n|switch|p1b: Garchomp|Garchomp, L50, M|15/100\n|-ability|p1a: Incineroar|Intimidate|boost\n|-unboost|p2a: Tyranitar|atk|1\n|-unboost|p2b: Milotic|atk|1\n|-ability|p2b: Milotic|Competitive|boost\n|-boost|p2b: Milotic|spa|2\n|turn|9\n|\n|t:|1776453086\n|move|p1a: Incineroar|Fake Out|p2b: Milotic\n|-damage|p2b: Milotic|25/100\n|move|p1b: Garchomp|Dragon Claw|p2b: Milotic\n|-damage|p2b: Milotic|0 fnt\n|faint|p2b: Milotic\n|move|p2a: Tyranitar|Stone Edge|p1b: Garchomp\n|-resisted|p1b: Garchomp|1\n|-damage|p1b: Garchomp|0 fnt\n|faint|p1b: Garchomp\n|\n|-weather|Sandstorm|[upkeep]\n|-damage|p1a: Incineroar|95/100|[from] Sandstorm\n|-heal|p1a: Incineroar|100/100|[from] item: Leftovers\n|-sideend|p1: luisnoesrojo|move: Tailwind\n|upkeep\n|turn|10\n|\n|t:|1776453101\n|move|p2a: Tyranitar|Stone Edge|p1a: Incineroar\n|-supereffective|p1a: Incineroar|1\n|-damage|p1a: Incineroar|28/100\n|move|p1a: Incineroar|Parting Shot|p2a: Tyranitar\n|-unboost|p2a: Tyranitar|atk|1\n|-unboost|p2a: Tyranitar|spa|1\n|\n|-weather|Sandstorm|[upkeep]\n|-damage|p1a: Incineroar|22/100|[from] Sandstorm\n|-heal|p1a: Incineroar|28/100|[from] item: Leftovers\n|upkeep\n|turn|11\n|-message|luisnoesrojo forfeited.\n|\n|win|szaszasza\n|raw|luisnoesrojo's rating: 1117 &rarr; <strong>1088</strong><br />(-29 for losing)\n|raw|szaszasza's rating: 1058 &rarr; <strong>1095</strong><br />(+37 for winning)\n|l|\u2606luisnoesrojo\n|player|p1|\n",
  "uploadtime": 1776453120,
  "views": 35,
  "formatid": "gen9championsvgc2026regma",
  "rating": 1088,
  "private": 0,
  "password": null
}