{
  "id": "gen9championsvgc2026regma-2583691786",
  "format": "[Gen 9 Champions] VGC 2026 Reg M-A",
  "players": [
    "porygon-epilepz",
    "RealKungullu"
  ],
  "log": "|j|\u2606porygon-epilepz\n|j|\u2606RealKungullu\n|t:|1776191337\n|gametype|doubles\n|player|p1|porygon-epilepz|hiker-gen4|1199\n|player|p2|RealKungullu|harlequin|1261\n|gen|9\n|tier|[Gen 9 Champions] VGC 2026 Reg M-A\n|rated|\n|rule|Species Clause: Limit one of each Pok\u00e9mon\n|rule|Item Clause: Limit 1 of each item\n|clearpoke\n|poke|p1|Aggron, L50, F|\n|poke|p1|Sinistcha, L50|\n|poke|p1|Tyranitar, L50, F|\n|poke|p1|Reuniclus, L50, F|\n|poke|p1|Clefable, L50, F|\n|poke|p1|Sneasler, L50, M|\n|poke|p2|Basculegion, L50, M|\n|poke|p2|Gallade, L50, M|\n|poke|p2|Kingambit, L50, M|\n|poke|p2|Mamoswine, L50, M|\n|poke|p2|Gardevoir, L50, F|\n|poke|p2|Araquanid, L50, F|\n|teampreview|4\n|inactive|Battle timer is ON: inactive players will automatically lose when time's up. (requested by RealKungullu)\n|inactive|porygon-epilepz has 60 seconds left.\n|\n|t:|1776191406\n|teamsize|p1|4\n|teamsize|p2|4\n|start\n|switch|p1a: THE WALL|Aggron, L50, F|100/100\n|switch|p1b: Sneasler|Sneasler, L50, M|100/100\n|switch|p2a: Gallade|Gallade, L50, M|100/100\n|switch|p2b: Basculegion|Basculegion, L50, M|100/100\n|turn|1\n|inactive|porygon-epilepz has 30 seconds left.\n|\n|t:|1776191435\n|detailschange|p1a: THE WALL|Aggron-Mega, L50, F\n|-mega|p1a: THE WALL|Aggron|Aggronite\n|move|p2a: Gallade|Protect|p2a: Gallade\n|-singleturn|p2a: Gallade|Protect\n|move|p1b: Sneasler|Fake Out|p2a: Gallade\n|-activate|p2a: Gallade|move: Protect\n|move|p2b: Basculegion|Wave Crash|p1b: Sneasler\n|-damage|p1b: Sneasler|0 fnt\n|faint|p1b: Sneasler\n|-damage|p2b: Basculegion|75/100|[from] Recoil\n|move|p1a: THE WALL|Iron Defense|p1a: THE WALL\n|-boost|p1a: THE WALL|def|2\n|\n|upkeep\n|\n|t:|1776191440\n|switch|p1b: Clefable|Clefable, L50, F|100/100\n|turn|2\n|inactive|RealKungullu has 30 seconds left.\n|\n|t:|1776191467\n|switch|p2b: Gardevoir|Gardevoir, L50, F|100/100\n|-ability|p2b: Gardevoir|Magic Guard|Trace|[from] ability: Trace|[of] p1b: Clefable\n|move|p1b: Clefable|Follow Me|p1b: Clefable\n|-singleturn|p1b: Clefable|move: Follow Me\n|move|p2a: Gallade|Psycho Cut|p1b: Clefable\n|-damage|p1b: Clefable|52/100\n|move|p1a: THE WALL|Heavy Slam|p2a: Gallade\n|-damage|p2a: Gallade|16/100\n|-enditem|p2a: Gallade|Sitrus Berry|[eat]\n|-heal|p2a: Gallade|41/100|[from] item: Sitrus Berry\n|\n|upkeep\n|turn|3\n|\n|t:|1776191491\n|detailschange|p2b: Gardevoir|Gardevoir-Mega, L50, F\n|-mega|p2b: Gardevoir|Gardevoir|Gardevoirite\n|move|p1a: THE WALL|Protect|p1a: THE WALL\n|-singleturn|p1a: THE WALL|Protect\n|move|p2b: Gardevoir|Disable|p1a: THE WALL\n|-activate|p1a: THE WALL|move: Protect\n|move|p2a: Gallade|Psycho Cut|p1b: Clefable\n|-crit|p1b: Clefable\n|-damage|p1b: Clefable|0 fnt\n|faint|p1b: Clefable\n|\n|upkeep\n|\n|t:|1776191494\n|switch|p1b: Tyranitar|Tyranitar, L50, F|100/100\n|-weather|Sandstorm|[from] ability: Sand Stream|[of] p1b: Tyranitar\n|turn|4\n|\n|t:|1776191505\n|move|p2b: Gardevoir|Encore|p1a: THE WALL\n|-start|p1a: THE WALL|Encore\n|move|p1a: THE WALL|Protect||[still]\n|-fail|p1a: THE WALL\n|move|p2a: Gallade|Sacred Sword|p1b: Tyranitar\n|-supereffective|p1b: Tyranitar|2\n|-enditem|p1b: Tyranitar|Chople Berry|[eat]\n|-enditem|p1b: Tyranitar|Chople Berry|[weaken]\n|-damage|p1b: Tyranitar|0 fnt\n|faint|p1b: Tyranitar\n|\n|-weather|Sandstorm|[upkeep]\n|-damage|p2b: Gardevoir|95/100|[from] Sandstorm\n|-damage|p2a: Gallade|35/100|[from] Sandstorm\n|upkeep\n|turn|5\n|-message|porygon-epilepz forfeited.\n|\n|win|RealKungullu\n|raw|porygon-epilepz's rating: 1199 &rarr; <strong>1178</strong><br />(-21 for losing)\n|raw|RealKungullu's rating: 1261 &rarr; <strong>1282</strong><br />(+21 for winning)\n|l|\u2606porygon-epilepz\n|player|p1|\n|c|\u2606RealKungullu|Sorry\n",
  "uploadtime": 1776191340,
  "views": 34,
  "formatid": "gen9championsvgc2026regma",
  "rating": 1178,
  "private": 0,
  "password": null
}