{
  "id": "gen9championsvgc2026regma-2586962245",
  "format": "[Gen 9 Champions] VGC 2026 Reg M-A",
  "players": [
    "redistr",
    "glacierdoop"
  ],
  "log": "|j|\u2606redistr\n|j|\u2606glacierdoop\n|t:|1776476027\n|gametype|doubles\n|player|p1|redistr|chili|1391\n|player|p2|glacierdoop|169|1359\n|gen|9\n|tier|[Gen 9 Champions] VGC 2026 Reg M-A\n|rated|\n|rule|Species Clause: Limit one of each Pok\u00e9mon\n|rule|Item Clause: Limit 1 of each item\n|clearpoke\n|poke|p1|Lopunny, L50, F|\n|poke|p1|Whimsicott, L50, F|\n|poke|p1|Corviknight, L50, M|\n|poke|p1|Arcanine-Hisui, L50, M|\n|poke|p1|Milotic, L50, F|\n|poke|p1|Farigiraf, L50, M|\n|poke|p2|Crabominable, L50, F|\n|poke|p2|Abomasnow, L50, F|\n|poke|p2|Sinistcha, L50|\n|poke|p2|Incineroar, L50, F|\n|poke|p2|Garchomp, L50, F|\n|poke|p2|Aerodactyl, L50, M|\n|teampreview|4\n|inactive|Battle timer is ON: inactive players will automatically lose when time's up. (requested by glacierdoop)\n|inactive|redistr also wants the timer to be on.\n|\n|t:|1776476047\n|teamsize|p1|4\n|teamsize|p2|4\n|start\n|switch|p1a: A Good Boy|Arcanine-Hisui, L50, M|100/100\n|switch|p1b: Mother|Milotic, L50, F, shiny|100/100\n|switch|p2a: Doug the 2nd|Garchomp, L50, F|100/100\n|switch|p2b: Doug Jr.|Aerodactyl, L50, M|100/100\n|-ability|p2b: Doug Jr.|Unnerve\n|-ability|p1a: A Good Boy|Intimidate|boost\n|-unboost|p2a: Doug the 2nd|atk|1\n|-unboost|p2b: Doug Jr.|atk|1\n|turn|1\n|\n|t:|1776476057\n|switch|p1a: I Am Batman.|Corviknight, L50, M, shiny|100/100\n|move|p2a: Doug the 2nd|Earthquake|p1a: I Am Batman.|[spread] p1b\n|-immune|p2b: Doug Jr.\n|-immune|p1a: I Am Batman.\n|-damage|p1b: Mother|81/100\n|move|p2b: Doug Jr.|Tailwind|p2b: Doug Jr.\n|-sidestart|p2: glacierdoop|move: Tailwind\n|move|p1b: Mother|Icy Wind|p2a: Doug the 2nd|[spread] p2a,p2b\n|-supereffective|p2a: Doug the 2nd|2\n|-supereffective|p2b: Doug Jr.|1\n|-damage|p2a: Doug the 2nd|55/100\n|-damage|p2b: Doug Jr.|71/100\n|-unboost|p2a: Doug the 2nd|spe|1\n|-unboost|p2b: Doug Jr.|spe|1\n|\n|upkeep\n|turn|2\n|\n|t:|1776476081\n|switch|p2a: Doug|Crabominable, L50, F|100/100\n|detailschange|p2b: Doug Jr.|Aerodactyl-Mega, L50, M\n|-mega|p2b: Doug Jr.|Aerodactyl|Aerodactylite\n|move|p2b: Doug Jr.|Dual Wingbeat|p1b: Mother\n|-damage|p1b: Mother|66/100\n|-damage|p1b: Mother|50/100\n|-enditem|p1b: Mother|Sitrus Berry|[eat]\n|-heal|p1b: Mother|75/100|[from] item: Sitrus Berry\n|-hitcount|p1b: Mother|2\n|move|p1b: Mother|Life Dew||[still]|[spread] p1a,p1b\n|-fail|p1a: I Am Batman.|heal\n|-heal|p1b: Mother|100/100\n|move|p1a: I Am Batman.|Tailwind|p1a: I Am Batman.\n|-sidestart|p1: redistr|move: Tailwind\n|\n|upkeep\n|turn|3\n|inactive|glacierdoop has 30 seconds left.\n|\n|t:|1776476107\n|move|p2a: Doug|Protect|p2a: Doug\n|-singleturn|p2a: Doug|Protect\n|move|p2b: Doug Jr.|Rock Slide|p1b: Mother|[spread] p1a,p1b\n|-damage|p1a: I Am Batman.|86/100\n|-damage|p1b: Mother|85/100\n|cant|p1b: Mother|flinch\n|cant|p1a: I Am Batman.|flinch\n|\n|-heal|p1a: I Am Batman.|92/100|[from] item: Leftovers\n|upkeep\n|turn|4\n|\n|t:|1776476124\n|switch|p2a: THE BIG DOUG|Sinistcha, L50|100/100\n|-heal|p2b: Doug Jr.|96/100|[from] ability: Hospitality|[of] p2a: THE BIG DOUG\n|move|p2b: Doug Jr.|Rock Slide|p1b: Mother|[spread] p1a,p1b\n|-damage|p1a: I Am Batman.|77/100\n|-damage|p1b: Mother|68/100\n|move|p1b: Mother|Scald|p2b: Doug Jr.\n|-supereffective|p2b: Doug Jr.|1\n|-damage|p2b: Doug Jr.|30/100\n|move|p1a: I Am Batman.|Bulk Up|p1a: I Am Batman.\n|-boost|p1a: I Am Batman.|atk|1\n|-boost|p1a: I Am Batman.|def|1\n|\n|-heal|p1a: I Am Batman.|83/100|[from] item: Leftovers\n|-sideend|p2: glacierdoop|move: Tailwind\n|upkeep\n|turn|5\n|j| SADATO69\n|\n|t:|1776476149\n|switch|p2b: Doug|Crabominable, L50, F|100/100\n|move|p1b: Mother|Icy Wind|p2a: THE BIG DOUG|[spread] p2a,p2b\n|-supereffective|p2a: THE BIG DOUG|1\n|-resisted|p2b: Doug|1\n|-damage|p2a: THE BIG DOUG|77/100\n|-damage|p2b: Doug|94/100\n|-unboost|p2a: THE BIG DOUG|spe|1\n|-unboost|p2b: Doug|spe|1\n|move|p1a: I Am Batman.|Brave Bird|p2a: THE BIG DOUG\n|-supereffective|p2a: THE BIG DOUG|1\n|-damage|p2a: THE BIG DOUG|0 fnt\n|faint|p2a: THE BIG DOUG\n|-damage|p1a: I Am Batman.|59/100|[from] Recoil\n|\n|-heal|p1a: I Am Batman.|66/100|[from] item: Leftovers\n|-sideend|p1: redistr|move: Tailwind\n|upkeep\n|\n|t:|1776476159\n|switch|p2a: Doug the 2nd|Garchomp, L50, F|55/100\n|turn|6\n|\n|t:|1776476172\n|move|p2b: Doug|Mach Punch|p1b: Mother\n|-damage|p1b: Mother|52/100\n|move|p2a: Doug the 2nd|Dragon Claw|p1b: Mother\n|-damage|p1b: Mother|19/100\n|move|p1b: Mother|Icy Wind|p2b: Doug|[spread] p2a,p2b\n|-supereffective|p2a: Doug the 2nd|2\n|-resisted|p2b: Doug|1\n|-damage|p2a: Doug the 2nd|14/100\n|-damage|p2b: Doug|89/100\n|-unboost|p2a: Doug the 2nd|spe|1\n|-unboost|p2b: Doug|spe|1\n|move|p1a: I Am Batman.|Brave Bird|p2b: Doug\n|-supereffective|p2b: Doug|1\n|-damage|p2b: Doug|0 fnt\n|faint|p2b: Doug\n|-damage|p1a: I Am Batman.|35/100|[from] Recoil\n|\n|-heal|p1a: I Am Batman.|41/100|[from] item: Leftovers\n|upkeep\n|\n|t:|1776476184\n|switch|p2b: Doug Jr.|Aerodactyl-Mega, L50, M|30/100\n|turn|7\n|\n|t:|1776476196\n|switch|p1b: A Good Boy|Arcanine-Hisui, L50, M|100/100\n|-ability|p1b: A Good Boy|Intimidate|boost\n|-unboost|p2a: Doug the 2nd|atk|1\n|-unboost|p2b: Doug Jr.|atk|1\n|move|p2b: Doug Jr.|Rock Slide|p1a: I Am Batman.|[spread] p1a,p1b\n|-supereffective|p1b: A Good Boy|1\n|-damage|p1a: I Am Batman.|30/100\n|-damage|p1b: A Good Boy|54/100\n|move|p2a: Doug the 2nd|Dragon Claw|p1b: A Good Boy\n|-damage|p1b: A Good Boy|22/100\n|move|p1a: I Am Batman.|Tailwind|p1a: I Am Batman.\n|-sidestart|p1: redistr|move: Tailwind\n|\n|-heal|p1a: I Am Batman.|36/100|[from] item: Leftovers\n|upkeep\n|turn|8\n|\n|t:|1776476215\n|move|p1b: A Good Boy|Rock Slide|p2a: Doug the 2nd|[spread] p2a,p2b\n|-resisted|p2a: Doug the 2nd|1\n|-supereffective|p2b: Doug Jr.|1\n|-crit|p2b: Doug Jr.\n|-damage|p2a: Doug the 2nd|0 fnt\n|-damage|p2b: Doug Jr.|0 fnt\n|faint|p2a: Doug the 2nd\n|faint|p2b: Doug Jr.\n|\n|win|redistr\n|raw|redistr's rating: 1391 &rarr; <strong>1409</strong><br />(+18 for winning)\n|raw|glacierdoop's rating: 1359 &rarr; <strong>1341</strong><br />(-18 for losing)\n",
  "uploadtime": 1776476216,
  "views": 46,
  "formatid": "gen9championsvgc2026regma",
  "rating": 1341,
  "private": 0,
  "password": null
}