{
  "id": "gen9championsvgc2026regma-2582092753",
  "format": "[Gen 9 Champions] VGC 2026 Reg M-A",
  "players": [
    "scpSeptember\u9b3c\u706f",
    "faric"
  ],
  "log": "|j|\u2606scpSeptember\u9b3c\u706f\n|j|\u2606faric\n|t:|1776056928\n|gametype|doubles\n|player|p1|scpSeptember\u9b3c\u706f|caitlin|1192\n|player|p2|faric|102|1148\n|gen|9\n|tier|[Gen 9 Champions] VGC 2026 Reg M-A\n|rated|\n|rule|Species Clause: Limit one of each Pok\u00e9mon\n|rule|Item Clause: Limit 1 of each item\n|clearpoke\n|poke|p1|Chandelure, L50, F|\n|poke|p1|Maushold-Four, L50|\n|poke|p1|Kommo-o, L50, F|\n|poke|p1|Basculegion, L50, M|\n|poke|p1|Farigiraf, L50, F|\n|poke|p1|Floette-Eternal, L50, F|\n|poke|p2|Charizard, L50, M|\n|poke|p2|Venusaur, L50, M|\n|poke|p2|Garchomp, L50, M|\n|poke|p2|Rotom-Wash, L50|\n|poke|p2|Incineroar, L50, F|\n|poke|p2|Sneasler, L50, F|\n|teampreview|4\nscpSeptember\u9b3c\u706f has agreed to open team sheets.\n|inactive|Battle timer is ON: inactive players will automatically lose when time's up. (requested by scpSeptember\u9b3c\u706f)\n|\n|t:|1776056982\n|teamsize|p1|4\n|teamsize|p2|4\n|start\n|switch|p1a: Chandelure|Chandelure, L50, F|100/100\n|switch|p1b: Maushold|Maushold-Four, L50|100/100\n|switch|p2a: Charizard|Charizard, L50, M|100/100\n|switch|p2b: Garchomp|Garchomp, L50, M|100/100\n|turn|1\n|inactive|faric has 30 seconds left.\n|\n|t:|1776057008\n|switch|p2a: Incineroar|Incineroar, L50, F|100/100\n|-ability|p2a: Incineroar|Intimidate|boost\n|-unboost|p1a: Chandelure|atk|1\n|-unboost|p1b: Maushold|atk|1\n|detailschange|p1a: Chandelure|Chandelure-Mega, L50, F\n|-mega|p1a: Chandelure|Chandelure|Chandelurite\n|move|p2b: Garchomp|Stomping Tantrum|p1a: Chandelure\n|-supereffective|p1a: Chandelure|1\n|-damage|p1a: Chandelure|38/100\n|move|p1b: Maushold|Super Fang|p2b: Garchomp\n|-damage|p2b: Garchomp|51/100\n|-damage|p1b: Maushold|88/100|[from] ability: Rough Skin|[of] p2b: Garchomp\n|move|p1a: Chandelure|Shadow Ball|p2b: Garchomp\n|-damage|p2b: Garchomp|3/100\n|\n|upkeep\n|turn|2\n|inactive|scpSeptember\u9b3c\u706f has 30 seconds left.\n|inactive|scpSeptember\u9b3c\u706f has 20 seconds left.\n|inactive|scpSeptember\u9b3c\u706f has 15 seconds left.\n|\n|t:|1776057050\n|switch|p2b: Rotom|Rotom-Wash, L50|100/100\n|move|p1b: Maushold|Protect|p1b: Maushold\n|-singleturn|p1b: Maushold|Protect\n|move|p1a: Chandelure|Protect|p1a: Chandelure\n|-singleturn|p1a: Chandelure|Protect\n|move|p2a: Incineroar|Darkest Lariat|p1a: Chandelure\n|-activate|p1a: Chandelure|move: Protect\n|\n|upkeep\n|turn|3\n|\n|t:|1776057065\n|move|p1b: Maushold|Follow Me|p1b: Maushold\n|-singleturn|p1b: Maushold|move: Follow Me\n|move|p1a: Chandelure|Substitute|p1a: Chandelure\n|-start|p1a: Chandelure|Substitute\n|-damage|p1a: Chandelure|13/100\n|move|p2b: Rotom|Hydro Pump|p1b: Maushold\n|-damage|p1b: Maushold|20/100\n|move|p2a: Incineroar|Darkest Lariat|p1b: Maushold\n|-damage|p1b: Maushold|0 fnt\n|faint|p1b: Maushold\n|\n|upkeep\n|\n|t:|1776057075\n|switch|p1b: Basculegion|Basculegion, L50, M|100/100\n|turn|4\n|\n|t:|1776057099\n|switch|p2a: Garchomp|Garchomp, L50, M|3/100\n|move|p1b: Basculegion|Last Respects|p2b: Rotom\n|-damage|p2b: Rotom|34/100\n|move|p1a: Chandelure|Shadow Ball|p2b: Rotom\n|-damage|p2b: Rotom|0 fnt\n|faint|p2b: Rotom\n|\n|upkeep\n|\n|t:|1776057116\n|switch|p2b: Charizard|Charizard, L50, M|100/100\n|turn|5\n|l|\u2606scpSeptember\u9b3c\u706f\n|inactive|scpSeptember\u9b3c\u706f disconnected and has a minute to reconnect!\n|player|p1|\n|inactive|scpSeptember\u9b3c\u706f has 30 seconds left.\n|j|\u2606scpSeptember\u9b3c\u706f\n|inactive|scpSeptember\u9b3c\u706f reconnected and has 25 seconds left.\n|player|p1|scpSeptember\u9b3c\u706f|caitlin|\n|inactive|scpSeptember\u9b3c\u706f has 20 seconds left.\n|inactive|scpSeptember\u9b3c\u706f has 15 seconds left.\n|inactive|scpSeptember\u9b3c\u706f has 10 seconds left.\n|inactive|scpSeptember\u9b3c\u706f has 5 seconds left.\n|\n|t:|1776057169\n|detailschange|p2b: Charizard|Charizard-Mega-Y, L50, M\n|-mega|p2b: Charizard|Charizard|Charizardite Y\n|-weather|SunnyDay|[from] ability: Drought|[of] p2b: Charizard\n|move|p1b: Basculegion|Last Respects|p2b: Charizard\n|-damage|p2b: Charizard|17/100\n|move|p2a: Garchomp|Bulldoze|p1b: Basculegion|[spread] p1a,p1b\n|-immune|p2b: Charizard\n|-supereffective|p1a: Chandelure|1\n|-end|p1a: Chandelure|Substitute\n|-damage|p1b: Basculegion|68/100\n|-unboost|p1b: Basculegion|spe|1\n|move|p2b: Charizard|Solar Beam||[still]\n|-prepare|p2b: Charizard|Solar Beam\n|-anim|p2b: Charizard|Solar Beam|p1b: Basculegion\n|-supereffective|p1b: Basculegion|1\n|-damage|p1b: Basculegion|0 fnt\n|faint|p1b: Basculegion\n|move|p1a: Chandelure|Heat Wave|p2a: Garchomp|[spread] p2a,p2b\n|-resisted|p2a: Garchomp|1\n|-resisted|p2b: Charizard|1\n|-damage|p2a: Garchomp|0 fnt\n|-damage|p2b: Charizard|0 fnt\n|faint|p2a: Garchomp\n|faint|p2b: Charizard\n|\n|-weather|SunnyDay|[upkeep]\n|upkeep\n|\n|t:|1776057183\n|switch|p2b: Incineroar|Incineroar, L50, F|100/100\n|switch|p1b: Kommo-o|Kommo-o, L50, F|100/100\n|-ability|p2b: Incineroar|Intimidate|boost\n|-unboost|p1a: Chandelure|atk|1\n|-unboost|p1b: Kommo-o|atk|1\n|turn|6\n|\n|t:|1776057195\n|move|p1a: Chandelure|Heat Wave|p2b: Incineroar\n|-resisted|p2b: Incineroar|1\n|-damage|p2b: Incineroar|53/100\n|move|p1b: Kommo-o|Iron Defense|p1b: Kommo-o\n|-boost|p1b: Kommo-o|def|2\n|move|p2b: Incineroar|Darkest Lariat|p1a: Chandelure\n|-supereffective|p1a: Chandelure|1\n|-damage|p1a: Chandelure|0 fnt\n|faint|p1a: Chandelure\n|\n|-weather|SunnyDay|[upkeep]\n|upkeep\n|turn|7\n|\n|t:|1776057201\n|move|p1b: Kommo-o|Body Press|p2b: Incineroar\n|-supereffective|p2b: Incineroar|1\n|-damage|p2b: Incineroar|0 fnt\n|faint|p2b: Incineroar\n|\n|win|scpSeptember\u9b3c\u706f\n|raw|scpSeptember\u9b3c\u706f's rating: 1192 &rarr; <strong>1214</strong><br />(+22 for winning)\n|raw|faric's rating: 1148 &rarr; <strong>1126</strong><br />(-22 for losing)\n",
  "uploadtime": 1776057209,
  "views": 34,
  "formatid": "gen9championsvgc2026regma",
  "rating": 1126,
  "private": 0,
  "password": null
}