{
  "id": "gen9championsvgc2026regma-2586779910",
  "format": "[Gen 9 Champions] VGC 2026 Reg M-A",
  "players": [
    "Echlics",
    "diversquid"
  ],
  "log": "|j|\u2606Echlics\n|j|\u2606diversquid\n|t:|1776459294\n|gametype|doubles\n|player|p1|Echlics|hilda-wonderlauncher|1179\n|player|p2|diversquid|102|1172\n|gen|9\n|tier|[Gen 9 Champions] VGC 2026 Reg M-A\n|rated|\n|rule|Species Clause: Limit one of each Pok\u00e9mon\n|rule|Item Clause: Limit 1 of each item\n|clearpoke\n|poke|p1|Sneasler, L50, F|\n|poke|p1|Floette-Eternal, L50, F|\n|poke|p1|Delphox, L50, F|\n|poke|p1|Aegislash, L50, M|\n|poke|p1|Garchomp, L50, F|\n|poke|p1|Incineroar, L50, M|\n|poke|p2|Scovillain, L50, M|\n|poke|p2|Milotic, L50, F|\n|poke|p2|Espathra, L50, F|\n|poke|p2|Volcarona, L50, F|\n|poke|p2|Sneasler, L50, F|\n|poke|p2|Kingambit, L50, M|\n|teampreview|4\n|inactive|Battle timer is ON: inactive players will automatically lose when time's up. (requested by diversquid)\n|\n|t:|1776459337\n|teamsize|p1|4\n|teamsize|p2|4\n|start\n|switch|p1a: Delphox|Delphox, L50, F|100/100\n|switch|p1b: Incineroar|Incineroar, L50, M|100/100\n|switch|p2a: Grassio & Fuigi|Scovillain, L50, M|100/100\n|switch|p2b: Espathra|Espathra, L50, F|100/100\n|-ability|p1b: Incineroar|Intimidate|boost\n|-unboost|p2a: Grassio & Fuigi|atk|1\n|-unboost|p2b: Espathra|atk|1\n|turn|1\n|inactive|Echlics has 30 seconds left.\n|\n|t:|1776459367\n|detailschange|p1a: Delphox|Delphox-Mega, L50, F\n|-mega|p1a: Delphox|Delphox|Delphoxite\n|detailschange|p2a: Grassio & Fuigi|Scovillain-Mega, L50, M\n|-mega|p2a: Grassio & Fuigi|Scovillain|Scovillainite\n|move|p2b: Espathra|Protect|p2b: Espathra\n|-singleturn|p2b: Espathra|Protect\n|move|p2a: Grassio & Fuigi|Protect|p2a: Grassio & Fuigi\n|-singleturn|p2a: Grassio & Fuigi|Protect\n|move|p1b: Incineroar|Fake Out|p2b: Espathra\n|-activate|p2b: Espathra|move: Protect\n|move|p1a: Delphox|Heat Wave|p2b: Espathra|[spread] \n|-activate|p2a: Grassio & Fuigi|move: Protect\n|-activate|p2b: Espathra|move: Protect\n|\n|-ability|p2b: Espathra|Speed Boost|boost\n|-boost|p2b: Espathra|spe|1\n|upkeep\n|turn|2\n|\n|t:|1776459389\n|switch|p2a: Milotic|Milotic, L50, F|100/100\n|move|p1b: Incineroar|Helping Hand|p1a: Delphox\n|-singleturn|p1a: Delphox|Helping Hand|[of] p1b: Incineroar\n|move|p2b: Espathra|Light Screen|p2b: Espathra\n|-sidestart|p2: diversquid|move: Light Screen\n|move|p1a: Delphox|Heat Wave|p2a: Milotic|[spread] p2a,p2b\n|-resisted|p2a: Milotic|1\n|-damage|p2a: Milotic|81/100\n|-damage|p2b: Espathra|48/100\n|\n|-heal|p2a: Milotic|87/100|[from] item: Leftovers\n|-ability|p2b: Espathra|Speed Boost|boost\n|-boost|p2b: Espathra|spe|1\n|upkeep\n|turn|3\n|inactive|Echlics has 30 seconds left.\n|\n|t:|1776459416\n|move|p2b: Espathra|Reflect|p2b: Espathra\n|-sidestart|p2: diversquid|Reflect\n|move|p1a: Delphox|Substitute|p1a: Delphox\n|-start|p1a: Delphox|Substitute\n|-damage|p1a: Delphox|75/100\n|move|p2a: Milotic|Scald|p1a: Delphox\n|-supereffective|p1a: Delphox|1\n|-end|p1a: Delphox|Substitute\n|move|p1b: Incineroar|Flare Blitz|p2b: Espathra\n|-damage|p2b: Espathra|0 fnt\n|faint|p2b: Espathra\n|-damage|p1b: Incineroar|85/100|[from] Recoil\n|\n|-heal|p2a: Milotic|93/100|[from] item: Leftovers\n|upkeep\n|\n|t:|1776459426\n|switch|p2b: Volcarona|Volcarona, L50, F|100/100\n|turn|4\n|\n|t:|1776459442\n|move|p1a: Delphox|Protect|p1a: Delphox\n|-singleturn|p1a: Delphox|Protect\n|move|p2b: Volcarona|Quiver Dance|p2b: Volcarona\n|-boost|p2b: Volcarona|spa|1\n|-boost|p2b: Volcarona|spd|1\n|-boost|p2b: Volcarona|spe|1\n|move|p2a: Milotic|Scald|p1a: Delphox\n|-activate|p1a: Delphox|move: Protect\n|move|p1b: Incineroar|Parting Shot|p2b: Volcarona\n|-unboost|p2b: Volcarona|atk|1\n|-unboost|p2b: Volcarona|spa|1\n|\n|t:|1776459452\n|switch|p1b: Garchomp|Garchomp, L50, F|100/100|[from] Parting Shot\n|\n|-heal|p2a: Milotic|99/100|[from] item: Leftovers\n|upkeep\n|turn|5\n|\n|t:|1776459475\n|switch|p2a: Grassio & Fuigi|Scovillain-Mega, L50, M|100/100\n|move|p2b: Volcarona|Protect|p2b: Volcarona\n|-singleturn|p2b: Volcarona|Protect\n|move|p1b: Garchomp|Rock Slide|p2a: Grassio & Fuigi|[spread] p2a\n|-activate|p2b: Volcarona|move: Protect\n|-supereffective|p2a: Grassio & Fuigi|1\n|-damage|p2a: Grassio & Fuigi|67/100\n|-status|p1b: Garchomp|brn|[from] ability: Spicy Spray|[of] p2a: Grassio & Fuigi\n|move|p1a: Delphox|Substitute|p1a: Delphox\n|-start|p1a: Delphox|Substitute\n|-damage|p1a: Delphox|50/100\n|\n|-damage|p1b: Garchomp|95/100 brn|[from] brn\n|upkeep\n|turn|6\n|\n|t:|1776459498\n|move|p1b: Garchomp|Rock Slide|p2a: Grassio & Fuigi|[spread] p2a,p2b\n|-supereffective|p2a: Grassio & Fuigi|1\n|-supereffective|p2b: Volcarona|2\n|-damage|p2a: Grassio & Fuigi|50/100\n|-damage|p2b: Volcarona|57/100\n|cant|p2b: Volcarona|flinch\n|move|p1a: Delphox|Heat Wave|p2a: Grassio & Fuigi|[spread] p2a,p2b\n|-damage|p2a: Grassio & Fuigi|27/100\n|-damage|p2b: Volcarona|37/100\n|-immune|p1a: Delphox\n|-enditem|p2b: Volcarona|Sitrus Berry|[eat]\n|-heal|p2b: Volcarona|62/100|[from] item: Sitrus Berry\n|move|p2a: Grassio & Fuigi|Leech Seed|p1b: Garchomp\n|-start|p1b: Garchomp|move: Leech Seed\n|\n|-damage|p1b: Garchomp|82/100 brn|[from] Leech Seed|[of] p2a: Grassio & Fuigi\n|-heal|p2a: Grassio & Fuigi|40/100|[silent]\n|-damage|p1b: Garchomp|76/100 brn|[from] brn\n|-sideend|p2: diversquid|move: Light Screen\n|upkeep\n|turn|7\n|\n|t:|1776459518\n|switch|p2a: Milotic|Milotic, L50, F|99/100\n|move|p1b: Garchomp|Rock Slide|p2a: Milotic|[spread] p2a,p2b\n|-supereffective|p2b: Volcarona|2\n|-damage|p2a: Milotic|92/100\n|-damage|p2b: Volcarona|12/100\n|cant|p2b: Volcarona|flinch\n|move|p1a: Delphox|Heat Wave|p2a: Milotic|[spread] p2b\n|-miss|p1a: Delphox|p2a: Milotic\n|-damage|p2b: Volcarona|0 fnt\n|faint|p2b: Volcarona\n|\n|-heal|p2a: Milotic|98/100|[from] item: Leftovers\n|-damage|p1b: Garchomp|64/100 brn|[from] Leech Seed|[of] p2a: Milotic\n|-heal|p2a: Milotic|100/100|[silent]\n|-damage|p1b: Garchomp|58/100 brn|[from] brn\n|-sideend|p2: diversquid|Reflect\n|upkeep\n|\n|t:|1776459529\n|switch|p2b: Grassio & Fuigi|Scovillain-Mega, L50, M|40/100\n|turn|8\n|\n|t:|1776459537\n|move|p2b: Grassio & Fuigi|Protect|p2b: Grassio & Fuigi\n|-singleturn|p2b: Grassio & Fuigi|Protect\n|move|p1b: Garchomp|Rock Slide|p2a: Milotic|[spread] p2a\n|-activate|p2b: Grassio & Fuigi|move: Protect\n|-damage|p2a: Milotic|91/100\n|move|p1a: Delphox|Psychic|p2b: Grassio & Fuigi\n|-activate|p2b: Grassio & Fuigi|move: Protect\n|move|p2a: Milotic|Scald|p1a: Delphox\n|-supereffective|p1a: Delphox|1\n|-end|p1a: Delphox|Substitute\n|\n|-heal|p2a: Milotic|96/100|[from] item: Leftovers\n|-damage|p1b: Garchomp|45/100 brn|[from] Leech Seed|[of] p2a: Milotic\n|-heal|p2a: Milotic|100/100|[silent]\n|-damage|p1b: Garchomp|39/100 brn|[from] brn\n|upkeep\n|turn|9\n|\n|t:|1776459553\n|move|p2b: Grassio & Fuigi|Protect|p2b: Grassio & Fuigi\n|-singleturn|p2b: Grassio & Fuigi|Protect\n|move|p1b: Garchomp|Rock Slide|p2a: Milotic|[spread] p2a\n|-activate|p2b: Grassio & Fuigi|move: Protect\n|-damage|p2a: Milotic|92/100\n|move|p1a: Delphox|Psychic|p2b: Grassio & Fuigi\n|-activate|p2b: Grassio & Fuigi|move: Protect\n|cant|p2a: Milotic|flinch\n|\n|-heal|p2a: Milotic|98/100|[from] item: Leftovers\n|-damage|p1b: Garchomp|27/100 brn|[from] Leech Seed|[of] p2a: Milotic\n|-heal|p2a: Milotic|100/100|[silent]\n|-damage|p1b: Garchomp|21/100 brn|[from] brn\n|upkeep\n|turn|10\n|n|!diversquid|diversquid\n|\n|t:|1776459570\n|move|p2b: Grassio & Fuigi|Protect||[still]\n|-fail|p2b: Grassio & Fuigi\n|move|p1b: Garchomp|Rock Slide|p2a: Milotic|[spread] p2b\n|-miss|p1b: Garchomp|p2a: Milotic\n|-supereffective|p2b: Grassio & Fuigi|1\n|-damage|p2b: Grassio & Fuigi|14/100\n|move|p1a: Delphox|Psychic|p2b: Grassio & Fuigi\n|-damage|p2b: Grassio & Fuigi|0 fnt\n|-immune|p1a: Delphox\n|faint|p2b: Grassio & Fuigi\n|move|p2a: Milotic|Scald|p1a: Delphox\n|-supereffective|p1a: Delphox|1\n|-damage|p1a: Delphox|0 fnt\n|faint|p1a: Delphox\n|\n|-damage|p1b: Garchomp|9/100 brn|[from] Leech Seed|[of] p2a: Milotic\n|-damage|p1b: Garchomp|3/100 brn|[from] brn\n|upkeep\n|\n|t:|1776459581\n|switch|p1a: Sneasler|Sneasler, L50, F|100/100\n|turn|11\n|\n|t:|1776459586\n|move|p2a: Milotic|Protect|p2a: Milotic\n|-singleturn|p2a: Milotic|Protect\n|move|p1a: Sneasler|Fake Out|p2a: Milotic\n|-activate|p2a: Milotic|move: Protect\n|move|p1b: Garchomp|Rock Slide|p2a: Milotic\n|-activate|p2a: Milotic|move: Protect\n|\n|-damage|p1b: Garchomp|0 fnt|[from] Leech Seed|[of] p2a: Milotic\n|faint|p1b: Garchomp\n|upkeep\n|\n|t:|1776459588\n|switch|p1b: Incineroar|Incineroar, L50, M|85/100\n|-ability|p1b: Incineroar|Intimidate|boost\n|-unboost|p2a: Milotic|atk|1\n|-ability|p2a: Milotic|Competitive|boost\n|-boost|p2a: Milotic|spa|2\n|turn|12\n|\n|t:|1776459597\n|move|p1b: Incineroar|Fake Out|p2a: Milotic\n|-damage|p2a: Milotic|88/100\n|move|p1a: Sneasler|Close Combat|p2a: Milotic\n|-damage|p2a: Milotic|31/100\n|-unboost|p1a: Sneasler|def|1\n|-unboost|p1a: Sneasler|spd|1\n|-enditem|p1a: Sneasler|White Herb\n|-clearnegativeboost|p1a: Sneasler|[silent]\n|cant|p2a: Milotic|flinch\n|\n|-heal|p2a: Milotic|37/100|[from] item: Leftovers\n|upkeep\n|turn|13\n|\n|t:|1776459602\n|move|p1b: Incineroar|Helping Hand|p1a: Sneasler\n|-singleturn|p1a: Sneasler|Helping Hand|[of] p1b: Incineroar\n|move|p2a: Milotic|Protect|p2a: Milotic\n|-singleturn|p2a: Milotic|Protect\n|move|p1a: Sneasler|Close Combat|p2a: Milotic\n|-activate|p2a: Milotic|move: Protect\n|\n|-heal|p2a: Milotic|43/100|[from] item: Leftovers\n|upkeep\n|turn|14\n|\n|t:|1776459608\n|move|p1b: Incineroar|Helping Hand|p1a: Sneasler\n|-singleturn|p1a: Sneasler|Helping Hand|[of] p1b: Incineroar\n|move|p1a: Sneasler|Close Combat|p2a: Milotic\n|-damage|p2a: Milotic|0 fnt\n|-unboost|p1a: Sneasler|def|1\n|-unboost|p1a: Sneasler|spd|1\n|faint|p2a: Milotic\n|\n|win|Echlics\n",
  "uploadtime": 1776459563,
  "views": 17,
  "formatid": "gen9championsvgc2026regma",
  "rating": null,
  "private": 0,
  "password": null
}