{
  "id": "gen9championsvgc2026regma-2583021085",
  "format": "[Gen 9 Champions] VGC 2026 Reg M-A",
  "players": [
    "Novicebest",
    "zwablu"
  ],
  "log": "|j|\u2606Novicebest\n|j|\u2606zwablu\n|t:|1776134044\n|gametype|doubles\n|player|p1|Novicebest|dawn|1294\n|player|p2|zwablu|roxie|1273\n|gen|9\n|tier|[Gen 9 Champions] VGC 2026 Reg M-A\n|rated|\n|rule|Species Clause: Limit one of each Pok\u00e9mon\n|rule|Item Clause: Limit 1 of each item\n|clearpoke\n|poke|p1|Kingambit, L50, F|\n|poke|p1|Gengar, L50, F|\n|poke|p1|Kommo-o, L50, M|\n|poke|p1|Politoed, L50, F|\n|poke|p1|Incineroar, L50, F|\n|poke|p1|Basculegion, L50, M|\n|poke|p2|Delphox, L50, F|\n|poke|p2|Basculegion, L50, M|\n|poke|p2|Clefable, L50, M|\n|poke|p2|Kingambit, L50, M|\n|poke|p2|Dragonite, L50, M|\n|poke|p2|Sneasler, L50, F|\n|teampreview|4\n|inactive|Battle timer is ON: inactive players will automatically lose when time's up. (requested by Novicebest)\n|inactive|Novicebest has 60 seconds left.\n|inactive|zwablu has 60 seconds left.\n|\n|t:|1776134119\n|teamsize|p1|4\n|teamsize|p2|4\n|start\n|switch|p1a: Politoed|Politoed, L50, F|100/100\n|switch|p1b: Gengar|Gengar, L50, F|100/100\n|switch|p2a: Kingambit|Kingambit, L50, M|100/100\n|switch|p2b: Sneasler|Sneasler, L50, F|100/100\n|-weather|RainDance|[from] ability: Drizzle|[of] p1a: Politoed\n|turn|1\n|inactive|Novicebest has 30 seconds left.\n|\n|t:|1776134152\n|detailschange|p1b: Gengar|Gengar-Mega, L50, F\n|-mega|p1b: Gengar|Gengar|Gengarite\n|move|p1b: Gengar|Protect|p1b: Gengar\n|-singleturn|p1b: Gengar|Protect\n|move|p2b: Sneasler|Fake Out|p1a: Politoed\n|-damage|p1a: Politoed|85/100\n|cant|p1a: Politoed|flinch\n|move|p2a: Kingambit|Kowtow Cleave|p1b: Gengar\n|-activate|p1b: Gengar|move: Protect\n|\n|-weather|RainDance|[upkeep]\n|-heal|p1a: Politoed|91/100|[from] item: Leftovers\n|upkeep\n|turn|2\n|\n|t:|1776134176\n|move|p1b: Gengar|Disable|p2a: Kingambit\n|-start|p2a: Kingambit|Disable|Kowtow Cleave\n|move|p2b: Sneasler|Dire Claw|p1b: Gengar\n|-resisted|p1b: Gengar|2\n|-damage|p1b: Gengar|89/100\n|move|p1a: Politoed|Perish Song|p1a: Politoed\n|-start|p1a: Politoed|perish3|[silent]\n|-start|p1b: Gengar|perish3|[silent]\n|-start|p2a: Kingambit|perish3|[silent]\n|-start|p2b: Sneasler|perish3|[silent]\n|-fieldactivate|move: Perish Song\n|cant|p2a: Kingambit|Disable|Kowtow Cleave\n|\n|-weather|RainDance|[upkeep]\n|-heal|p1a: Politoed|97/100|[from] item: Leftovers\n|-start|p1b: Gengar|perish3\n|-start|p2b: Sneasler|perish3\n|-start|p1a: Politoed|perish3\n|-start|p2a: Kingambit|perish3\n|upkeep\n|turn|3\n|inactive|Novicebest has 30 seconds left.\n|\n|t:|1776134203\n|move|p1b: Gengar|Protect|p1b: Gengar\n|-singleturn|p1b: Gengar|Protect\n|move|p2b: Sneasler|Close Combat|p1a: Politoed\n|-damage|p1a: Politoed|38/100\n|-unboost|p2b: Sneasler|def|1\n|-unboost|p2b: Sneasler|spd|1\n|move|p1a: Politoed|Encore|p2a: Kingambit\n|-start|p2a: Kingambit|Encore\n|cant|p2a: Kingambit|Disable|Kowtow Cleave\n|\n|-weather|RainDance|[upkeep]\n|-heal|p1a: Politoed|44/100|[from] item: Leftovers\n|-start|p1b: Gengar|perish2\n|-start|p2b: Sneasler|perish2\n|-start|p1a: Politoed|perish2\n|-start|p2a: Kingambit|perish2\n|upkeep\n|turn|4\n|inactive|zwablu has 30 seconds left.\n|\n|t:|1776134230\n|move|p1a: Politoed|Protect|p1a: Politoed\n|-singleturn|p1a: Politoed|Protect\n|move|p1b: Gengar|Disable|p2b: Sneasler\n|-start|p2b: Sneasler|Disable|Close Combat\n|cant|p2b: Sneasler|Disable|Close Combat\n|-activate|p2a: Kingambit|move: Struggle\n|move|p2a: Kingambit|Struggle|p1a: Politoed\n|-activate|p1a: Politoed|move: Protect\n|\n|-weather|RainDance|[upkeep]\n|-heal|p1a: Politoed|50/100|[from] item: Leftovers\n|-start|p1b: Gengar|perish1\n|-start|p2b: Sneasler|perish1\n|-start|p1a: Politoed|perish1\n|-start|p2a: Kingambit|perish1\n|upkeep\n|turn|5\n|\n|t:|1776134252\n|switch|p1b: Basculegion|Basculegion, L50, M|100/100\n|switch|p1a: Kommo-o|Kommo-o, L50, M|100/100\n|move|p2b: Sneasler|Dire Claw|p1a: Kommo-o\n|-damage|p1a: Kommo-o|61/100\n|-status|p1a: Kommo-o|par\n|-activate|p2a: Kingambit|move: Struggle\n|move|p2a: Kingambit|Struggle|p1b: Basculegion\n|-damage|p1b: Basculegion|76/100\n|-damage|p2a: Kingambit|75/100|[from] recoil\n|\n|-weather|none\n|-end|p2a: Kingambit|Encore\n|-end|p2a: Kingambit|Disable\n|-start|p2b: Sneasler|perish0\n|-start|p2a: Kingambit|perish0\n|upkeep\n|faint|p2b: Sneasler\n|faint|p2a: Kingambit\n|\n|t:|1776134271\n|switch|p2b: Clefable|Clefable, L50, M|100/100\n|switch|p2a: Delphox|Delphox, L50, F|100/100\n|turn|6\n|\n|t:|1776134287\n|switch|p1a: Politoed|Politoed, L50, F|50/100\n|-weather|RainDance|[from] ability: Drizzle|[of] p1a: Politoed\n|detailschange|p2a: Delphox|Delphox-Mega, L50, F\n|-mega|p2a: Delphox|Delphox|Delphoxite\n|move|p2b: Clefable|Follow Me|p2b: Clefable\n|-singleturn|p2b: Clefable|move: Follow Me\n|move|p1b: Basculegion|Wave Crash|p2b: Clefable\n|-damage|p2b: Clefable|16/100\n|-enditem|p2b: Clefable|Sitrus Berry|[eat]\n|-heal|p2b: Clefable|41/100|[from] item: Sitrus Berry\n|-damage|p1b: Basculegion|48/100|[from] Recoil\n|move|p2a: Delphox|Psychic|p1a: Politoed\n|-damage|p1a: Politoed|14/100\n|\n|-weather|RainDance|[upkeep]\n|-heal|p1a: Politoed|20/100|[from] item: Leftovers\n|upkeep\n|turn|7\n|inactive|Novicebest has 30 seconds left.\n|inactive|zwablu has 30 seconds left.\n|\n|t:|1776134313\n|move|p1a: Politoed|Protect|p1a: Politoed\n|-singleturn|p1a: Politoed|Protect\n|move|p2b: Clefable|Follow Me|p2b: Clefable\n|-singleturn|p2b: Clefable|move: Follow Me\n|move|p1b: Basculegion|Wave Crash|p2b: Clefable\n|-damage|p2b: Clefable|0 fnt\n|faint|p2b: Clefable\n|-damage|p1b: Basculegion|35/100|[from] Recoil\n|move|p2a: Delphox|Heat Wave|p1b: Basculegion|[spread] p1b\n|-activate|p1a: Politoed|move: Protect\n|-resisted|p1b: Basculegion|1\n|-damage|p1b: Basculegion|23/100\n|\n|-weather|RainDance|[upkeep]\n|-heal|p1a: Politoed|26/100|[from] item: Leftovers\n|upkeep\n|turn|8\n|-message|zwablu forfeited.\n|\n|win|Novicebest\n|raw|Novicebest's rating: 1294 &rarr; <strong>1317</strong><br />(+23 for winning)\n|raw|zwablu's rating: 1273 &rarr; <strong>1250</strong><br />(-23 for losing)\n|l|\u2606zwablu\n|player|p2|\n",
  "uploadtime": 1776134331,
  "views": 24,
  "formatid": "gen9championsvgc2026regma",
  "rating": 1250,
  "private": 0,
  "password": null
}