{
  "id": "gen9championsvgc2026regma-2587581007",
  "format": "[Gen 9 Champions] VGC 2026 Reg M-A",
  "players": [
    "salvakong",
    "thewxfr"
  ],
  "log": "|j|\u2606salvakong\n|j|\u2606thewxfr\n|t:|1776544125\n|gametype|doubles\n|player|p1|salvakong|hilbert|1081\n|player|p2|thewxfr|1|1053\n|gen|9\n|tier|[Gen 9 Champions] VGC 2026 Reg M-A\n|rated|\n|rule|Species Clause: Limit one of each Pok\u00e9mon\n|rule|Item Clause: Limit 1 of each item\n|clearpoke\n|poke|p1|Pelipper, L50, F|\n|poke|p1|Archaludon, L50, F|\n|poke|p1|Greninja, L50, M|\n|poke|p1|Incineroar, L50, F|\n|poke|p1|Sneasler, L50, F|\n|poke|p1|Sinistcha, L50|\n|poke|p2|Floette-Eternal, L50, F|\n|poke|p2|Whimsicott, L50, F|\n|poke|p2|Ditto, L50|\n|poke|p2|Sinistcha, L50|\n|poke|p2|Vivillon-Pokeball, L50, M|\n|poke|p2|Farigiraf, L50, M|\n|teampreview|4\n|\n|t:|1776544149\n|teamsize|p1|4\n|teamsize|p2|4\n|start\n|switch|p1a: Pelipper|Pelipper, L50, F|100/100\n|switch|p1b: Greninja|Greninja, L50, M|100/100\n|switch|p2a: Sinistcha|Sinistcha, L50|100/100\n|switch|p2b: Vivillon|Vivillon-Pokeball, L50, M|100/100\n|-weather|RainDance|[from] ability: Drizzle|[of] p1a: Pelipper\n|turn|1\n|\n|t:|1776544169\n|move|p2a: Sinistcha|Rage Powder|p2a: Sinistcha\n|-singleturn|p2a: Sinistcha|move: Rage Powder\n|move|p1b: Greninja|Icy Wind|p2a: Sinistcha|[spread] p2a,p2b\n|-start|p1b: Greninja|typechange|Ice|[from] ability: Protean\n|-supereffective|p2a: Sinistcha|1\n|-crit|p2a: Sinistcha\n|-supereffective|p2b: Vivillon|1\n|-damage|p2a: Sinistcha|52/100\n|-damage|p2b: Vivillon|43/100\n|-unboost|p2a: Sinistcha|spe|1\n|-unboost|p2b: Vivillon|spe|1\n|-enditem|p2b: Vivillon|Sitrus Berry|[eat]\n|-heal|p2b: Vivillon|67/100|[from] item: Sitrus Berry\n|move|p1a: Pelipper|Tailwind|p1a: Pelipper\n|-sidestart|p1: salvakong|move: Tailwind\n|move|p2b: Vivillon|Quiver Dance|p2b: Vivillon\n|-boost|p2b: Vivillon|spa|1\n|-boost|p2b: Vivillon|spd|1\n|-boost|p2b: Vivillon|spe|1\n|\n|-weather|RainDance|[upkeep]\n|-heal|p2a: Sinistcha|58/100|[from] item: Leftovers\n|upkeep\n|turn|2\n|\n|t:|1776544194\n|move|p1b: Greninja|Icy Wind|p2b: Vivillon|[spread] p2a,p2b\n|-supereffective|p2a: Sinistcha|1\n|-crit|p2a: Sinistcha\n|-supereffective|p2b: Vivillon|1\n|-damage|p2a: Sinistcha|10/100\n|-damage|p2b: Vivillon|28/100\n|-unboost|p2a: Sinistcha|spe|1\n|-unboost|p2b: Vivillon|spe|1\n|move|p1a: Pelipper|Hurricane|p2b: Vivillon\n|-supereffective|p2b: Vivillon|1\n|-damage|p2b: Vivillon|0 fnt\n|faint|p2b: Vivillon\n|move|p2a: Sinistcha|Matcha Gotcha|p1b: Greninja|[spread] p1a,p1b\n|-crit|p1b: Greninja\n|-damage|p1a: Pelipper|75/100\n|-heal|p2a: Sinistcha|22/100|[from] drain|[of] p1a: Pelipper\n|-damage|p1b: Greninja|39/100\n|-heal|p2a: Sinistcha|47/100|[from] drain|[of] p1b: Greninja\n|\n|-weather|RainDance|[upkeep]\n|-heal|p2a: Sinistcha|53/100|[from] item: Leftovers\n|upkeep\n|\n|t:|1776544207\n|switch|p2b: Floette|Floette-Eternal, L50, F|100/100\n|turn|3\n|\n|t:|1776544222\n|detailschange|p1b: Greninja|Greninja-Mega, L50, M\n|-mega|p1b: Greninja|Greninja|Greninjite\n|detailschange|p2b: Floette|Floette-Mega, L50, F\n|-mega|p2b: Floette|Floette|Floettite\n|-ability|p2b: Floette|Fairy Aura\n|move|p2a: Sinistcha|Rage Powder|p2a: Sinistcha\n|-singleturn|p2a: Sinistcha|move: Rage Powder\n|move|p1b: Greninja|Hydro Pump|p2a: Sinistcha\n|-start|p1b: Greninja|typechange|Water|[from] ability: Protean\n|-resisted|p2a: Sinistcha|1\n|-damage|p2a: Sinistcha|0 fnt\n|faint|p2a: Sinistcha\n|move|p1a: Pelipper|Weather Ball|p2b: Floette\n|-damage|p2b: Floette|48/100\n|move|p2b: Floette|Calm Mind|p2b: Floette\n|-boost|p2b: Floette|spa|1\n|-boost|p2b: Floette|spd|1\n|\n|-weather|RainDance|[upkeep]\n|upkeep\n|\n|t:|1776544224\n|switch|p2a: Ditto|Ditto, L50|100/100\n|turn|4\n|\n|t:|1776544260\n|switch|p1a: Archaludon|Archaludon, L50, F|100/100\n|move|p2b: Floette|Protect|p2b: Floette\n|-singleturn|p2b: Floette|Protect\n|move|p1b: Greninja|Hydro Pump|p2b: Floette\n|-activate|p2b: Floette|move: Protect\n|move|p2a: Ditto|Transform|p2b: Floette\n|-transform|p2a: Ditto|p2b: Floette\n|-ability|p2a: Ditto|Fairy Aura\n|\n|-weather|RainDance|[upkeep]\n|-sideend|p1: salvakong|move: Tailwind\n|upkeep\n|turn|5\n|\n|t:|1776544301\n|move|p2a: Ditto|Moonblast|p1b: Greninja\n|-damage|p1b: Greninja|0 fnt\n|faint|p1b: Greninja\n|move|p2b: Floette|Moonblast|p1a: Archaludon\n|-damage|p1a: Archaludon|0 fnt\n|faint|p1a: Archaludon\n|\n|-weather|none\n|upkeep\n|\n|t:|1776544310\n|switch|p1b: Sneasler|Sneasler, L50, F|100/100\n|switch|p1a: Pelipper|Pelipper, L50, F|75/100\n|-weather|RainDance|[from] ability: Drizzle|[of] p1a: Pelipper\n|turn|6\n|\n|t:|1776544331\n|move|p1a: Pelipper|Wide Guard|p1a: Pelipper\n|-singleturn|p1a: Pelipper|Wide Guard\n|move|p2a: Ditto|Moonblast|p1a: Pelipper\n|-damage|p1a: Pelipper|0 fnt\n|faint|p1a: Pelipper\n|move|p1b: Sneasler|Dire Claw|p2a: Ditto\n|-supereffective|p2a: Ditto|1\n|-damage|p2a: Ditto|0 fnt\n|faint|p2a: Ditto\n|move|p2b: Floette|Moonblast|p1b: Sneasler\n|-damage|p1b: Sneasler|0 fnt\n|faint|p1b: Sneasler\n|\n|win|thewxfr\n|raw|salvakong's rating: 1081 &rarr; <strong>1057</strong><br />(-24 for losing)\n|raw|thewxfr's rating: 1053 &rarr; <strong>1088</strong><br />(+35 for winning)\n",
  "uploadtime": 1776544336,
  "views": 19,
  "formatid": "gen9championsvgc2026regma",
  "rating": 1057,
  "private": 0,
  "password": null
}