{
  "id": "gen9championsvgc2026regma-2588662797",
  "format": "[Gen 9 Champions] VGC 2026 Reg M-A",
  "players": [
    "zanyo18",
    "aroswing"
  ],
  "log": "|j|\u2606zanyo18\n|j|\u2606aroswing\n|t:|1776655113\n|gametype|doubles\n|player|p1|zanyo18|janine|1290\n|player|p2|aroswing|marnie|1331\n|gen|9\n|tier|[Gen 9 Champions] VGC 2026 Reg M-A\n|rated|\n|rule|Species Clause: Limit one of each Pok\u00e9mon\n|rule|Item Clause: Limit 1 of each item\n|clearpoke\n|poke|p1|Vaporeon, L50, F|\n|poke|p1|Pelipper, L50, M|\n|poke|p1|Archaludon, L50, F|\n|poke|p1|Lucario, L50, F|\n|poke|p1|Gengar, L50, M|\n|poke|p1|Incineroar, L50, F|\n|poke|p2|Toxicroak, L50, M|\n|poke|p2|Pelipper, L50, M|\n|poke|p2|Blastoise, L50, M|\n|poke|p2|Sinistcha, L50|\n|poke|p2|Archaludon, L50, M|\n|poke|p2|Dragonite, L50, F|\n|teampreview|4\n|inactive|Battle timer is ON: inactive players will automatically lose when time's up. (requested by aroswing)\n|inactive|zanyo18 also wants the timer to be on.\n|inactive|zanyo18 has 60 seconds left.\n|inactive|aroswing has 60 seconds left.\n|c|\u2606zanyo18|Hurry up bor\n|inactive|aroswing has 30 seconds left.\n|c|\u2606aroswing|ok sure\n|inactive|aroswing has 20 seconds left.\n|inactive|aroswing has 15 seconds left.\n|inactive|aroswing has 10 seconds left.\n|inactive|aroswing has 5 seconds left.\n|\n|t:|1776655202\n|teamsize|p1|4\n|teamsize|p2|4\n|start\n|switch|p1a: Vaporeon|Vaporeon, L50, F|100/100\n|switch|p1b: Archaludon|Archaludon, L50, F|100/100\n|switch|p2a: Dragonite|Dragonite, L50, F|100/100\n|switch|p2b: Pelipper|Pelipper, L50, M|100/100\n|-weather|RainDance|[from] ability: Drizzle|[of] p2b: Pelipper\n|turn|1\n|\n|t:|1776655225\n|detailschange|p2a: Dragonite|Dragonite-Mega, L50, F\n|-mega|p2a: Dragonite|Dragonite|Dragoninite\n|move|p2a: Dragonite|Protect|p2a: Dragonite\n|-singleturn|p2a: Dragonite|Protect\n|move|p1b: Archaludon|Electro Shot||[still]\n|-prepare|p1b: Archaludon|Electro Shot\n|-boost|p1b: Archaludon|spa|1\n|-anim|p1b: Archaludon|Electro Shot|p2b: Pelipper\n|-supereffective|p2b: Pelipper|2\n|-enditem|p2b: Pelipper|Focus Sash\n|-damage|p2b: Pelipper|1/100\n|move|p2b: Pelipper|Tailwind|p2b: Pelipper\n|-sidestart|p2: aroswing|move: Tailwind\n|move|p1a: Vaporeon|Ice Beam|p2a: Dragonite\n|-activate|p2a: Dragonite|move: Protect\n|\n|-weather|RainDance|[upkeep]\n|upkeep\n|turn|2\n|inactive|zanyo18 has 30 seconds left.\n|\n|t:|1776655251\n|move|p2a: Dragonite|Draco Meteor|p1a: Vaporeon\n|-damage|p1a: Vaporeon|23/100\n|-unboost|p2a: Dragonite|spa|2\n|move|p2b: Pelipper|Hurricane|p1a: Vaporeon\n|-crit|p1a: Vaporeon\n|-damage|p1a: Vaporeon|0 fnt\n|faint|p1a: Vaporeon\n|move|p1b: Archaludon|Electro Shot||[still]\n|-prepare|p1b: Archaludon|Electro Shot\n|-boost|p1b: Archaludon|spa|1\n|-anim|p1b: Archaludon|Electro Shot|p2a: Dragonite\n|-damage|p2a: Dragonite|59/100\n|\n|-weather|RainDance|[upkeep]\n|upkeep\n|\n|t:|1776655264\n|switch|p1a: Incineroar|Incineroar, L50, F|100/100\n|-ability|p1a: Incineroar|Intimidate|boost\n|-unboost|p2a: Dragonite|atk|1\n|-unboost|p2b: Pelipper|atk|1\n|turn|3\n|\n|t:|1776655278\n|switch|p2a: Archaludon|Archaludon, L50, M|100/100\n|move|p1a: Incineroar|Fake Out|p2b: Pelipper\n|-damage|p2b: Pelipper|0 fnt\n|faint|p2b: Pelipper\n|move|p1b: Archaludon|Electro Shot||[still]\n|-prepare|p1b: Archaludon|Electro Shot\n|-boost|p1b: Archaludon|spa|1\n|-anim|p1b: Archaludon|Electro Shot|p2a: Archaludon\n|-resisted|p2a: Archaludon|1\n|-damage|p2a: Archaludon|22/100\n|-enditem|p2a: Archaludon|Sitrus Berry|[eat]\n|-heal|p2a: Archaludon|47/100|[from] item: Sitrus Berry\n|\n|-weather|RainDance|[upkeep]\n|upkeep\n|\n|t:|1776655292\n|switch|p2b: Toxicroak|Toxicroak, L50, M|100/100\n|turn|4\n|inactive|zanyo18 has 30 seconds left.\n|\n|t:|1776655323\n|move|p2a: Archaludon|Draco Meteor|p1b: Archaludon\n|-damage|p1b: Archaludon|26/100\n|-unboost|p2a: Archaludon|spa|2\n|-ability|p1b: Archaludon|Stamina|boost\n|-boost|p1b: Archaludon|def|1\n|move|p2b: Toxicroak|Close Combat|p1a: Incineroar\n|-supereffective|p1a: Incineroar|1\n|-damage|p1a: Incineroar|0 fnt\n|-unboost|p2b: Toxicroak|def|1\n|-unboost|p2b: Toxicroak|spd|1\n|faint|p1a: Incineroar\n|-enditem|p2b: Toxicroak|White Herb\n|-clearnegativeboost|p2b: Toxicroak|[silent]\n|move|p1b: Archaludon|Electro Shot||[still]\n|-prepare|p1b: Archaludon|Electro Shot\n|-boost|p1b: Archaludon|spa|1\n|-anim|p1b: Archaludon|Electro Shot|p2b: Toxicroak\n|-damage|p2b: Toxicroak|0 fnt\n|faint|p2b: Toxicroak\n|\n|-weather|RainDance|[upkeep]\n|-sideend|p2: aroswing|move: Tailwind\n|upkeep\n|\n|t:|1776655341\n|switch|p2b: Dragonite|Dragonite-Mega, L50, F|59/100\n|switch|p1a: Lucario|Lucario, L50, F|100/100\n|turn|5\n|\n|t:|1776655364\n|detailschange|p1a: Lucario|Lucario-Mega, L50, F\n|-mega|p1a: Lucario|Lucario|Lucarionite\n|move|p1a: Lucario|Bullet Punch|p2b: Dragonite\n|-damage|p2b: Dragonite|31/100\n|move|p1b: Archaludon|Electro Shot||[still]\n|-prepare|p1b: Archaludon|Electro Shot\n|-boost|p1b: Archaludon|spa|1\n|-anim|p1b: Archaludon|Electro Shot|p2a: Archaludon\n|-resisted|p2a: Archaludon|1\n|-damage|p2a: Archaludon|0 fnt\n|faint|p2a: Archaludon\n|move|p2b: Dragonite|Hurricane|p1b: Archaludon\n|-resisted|p1b: Archaludon|1\n|-damage|p1b: Archaludon|0 fnt\n|faint|p1b: Archaludon\n|\n|-weather|none\n|upkeep\n|turn|6\n|\n|t:|1776655389\n|move|p1a: Lucario|Bullet Punch|p2b: Dragonite\n|-damage|p2b: Dragonite|0 fnt\n|faint|p2b: Dragonite\n|\n|win|zanyo18\n|raw|zanyo18's rating: 1290 &rarr; <strong>1318</strong><br />(+28 for winning)\n|raw|aroswing's rating: 1331 &rarr; <strong>1309</strong><br />(-22 for losing)\n|c|\u2606zanyo18|GG lolGG\n|l|\u2606zanyo18\n|player|p1|\n|c|\u2606aroswing|damn gg rude ahh\n",
  "uploadtime": 1776655400,
  "views": 10,
  "formatid": "gen9championsvgc2026regma",
  "rating": 1309,
  "private": 0,
  "password": null
}