{
  "id": "gen9championsvgc2026regma-2586195703",
  "format": "[Gen 9 Champions] VGC 2026 Reg M-A",
  "players": [
    "Stonny",
    "kowi1608"
  ],
  "log": "|j|\u2606Stonny\n|j|\u2606kowi1608\n|t:|1776411056\n|gametype|doubles\n|player|p1|Stonny|1|1059\n|player|p2|kowi1608|sabrina-lgpe|1000\n|gen|9\n|tier|[Gen 9 Champions] VGC 2026 Reg M-A\n|rated|\n|rule|Species Clause: Limit one of each Pok\u00e9mon\n|rule|Item Clause: Limit 1 of each item\n|clearpoke\n|poke|p1|Gengar, L50, F|\n|poke|p1|Sableye, L50, F|\n|poke|p1|Incineroar, L50, M|\n|poke|p1|Sinistcha-Masterpiece, L50|\n|poke|p1|Hawlucha, L50, F|\n|poke|p1|Kingambit, L50, F|\n|poke|p2|Meowstic, L50, M|\n|poke|p2|Hatterene, L50, F|\n|poke|p2|Farigiraf, L50, F|\n|poke|p2|Armarouge, L50, F|\n|poke|p2|Oranguru, L50, M|\n|poke|p2|Slowbro, L50, F|\n|teampreview|4\nkowi1608 rejected open team sheets.\n|\n|t:|1776411095\n|teamsize|p1|4\n|teamsize|p2|4\n|start\n|switch|p1a: Gengar|Gengar, L50, F|100/100\n|switch|p1b: Sableye|Sableye, L50, F|100/100\n|switch|p2a: Meowstic|Meowstic, L50, M|100/100\n|switch|p2b: Farigiraf|Farigiraf, L50, F|100/100\n|turn|1\n|\n|t:|1776411111\n|switch|p1b: Incineroar|Incineroar, L50, M|100/100\n|-ability|p1b: Incineroar|Intimidate|boost\n|-unboost|p2a: Meowstic|atk|1\n|-unboost|p2b: Farigiraf|atk|1\n|detailschange|p1a: Gengar|Gengar-Mega, L50, F\n|-mega|p1a: Gengar|Gengar|Gengarite\n|move|p2a: Meowstic|Psychic Terrain|p2a: Meowstic\n|-fieldstart|move: Psychic Terrain\n|move|p1a: Gengar|Shadow Ball|p2a: Meowstic\n|-supereffective|p2a: Meowstic|1\n|-enditem|p2a: Meowstic|Focus Sash\n|-damage|p2a: Meowstic|1/100\n|move|p2b: Farigiraf|Trick Room|p2b: Farigiraf\n|-fieldstart|move: Trick Room|[of] p2b: Farigiraf\n|\n|upkeep\n|turn|2\n|\n|t:|1776411146\n|move|p1a: Gengar|Protect|p1a: Gengar\n|-singleturn|p1a: Gengar|Protect\n|move|p2b: Farigiraf|Imprison|p2b: Farigiraf\n|-start|p2b: Farigiraf|move: Imprison\n|move|p1b: Incineroar|Flare Blitz|p2a: Meowstic\n|-damage|p2a: Meowstic|0 fnt\n|faint|p2a: Meowstic\n|-damage|p1b: Incineroar|99/100|[from] Recoil\n|\n|upkeep\n|\n|t:|1776411157\n|switch|p2a: Slowbro|Slowbro, L50, F|100/100\n|turn|3\n|\n|t:|1776411185\n|switch|p1a: Sableye|Sableye, L50, F|100/100\n|detailschange|p2a: Slowbro|Slowbro-Mega, L50, F\n|-mega|p2a: Slowbro|Slowbro|Slowbronite\n|move|p2a: Slowbro|Scald|p1b: Incineroar\n|-supereffective|p1b: Incineroar|1\n|-damage|p1b: Incineroar|34/100\n|-enditem|p1b: Incineroar|Sitrus Berry|[eat]\n|-heal|p1b: Incineroar|58/100|[from] item: Sitrus Berry\n|move|p2b: Farigiraf|Expanding Force|p1a: Sableye|[spread] \n|-immune|p1a: Sableye\n|-immune|p1b: Incineroar\n|move|p1b: Incineroar|Flare Blitz|p2b: Farigiraf\n|-damage|p2b: Farigiraf|55/100\n|-damage|p1b: Incineroar|42/100|[from] Recoil\n|\n|upkeep\n|turn|4\n|\n|t:|1776411224\n|move|p2b: Farigiraf|Protect|p2b: Farigiraf\n|-singleturn|p2b: Farigiraf|Protect\n|move|p1a: Sableye|Reflect|p1a: Sableye\n|-sidestart|p1: Stonny|Reflect\n|move|p2a: Slowbro|Scald|p1b: Incineroar\n|-supereffective|p1b: Incineroar|1\n|-damage|p1b: Incineroar|0 fnt\n|faint|p1b: Incineroar\n|\n|upkeep\n|\n|t:|1776411234\n|switch|p1b: Sinistcha|Sinistcha-Masterpiece, L50|100/100\n|turn|5\n|\n|t:|1776411258\n|move|p1a: Sableye|Shadow Sneak||[still]\n|cant|p2b: Farigiraf|ability: Armor Tail|Shadow Sneak|[of] p1a: Sableye\n|move|p2a: Slowbro|Blizzard|p1a: Sableye|[spread] p1a,p1b\n|-supereffective|p1b: Sinistcha|1\n|-damage|p1a: Sableye|62/100\n|-damage|p1b: Sinistcha|36/100\n|move|p2b: Farigiraf|Expanding Force|p1b: Sinistcha|[spread] p1b\n|-immune|p1a: Sableye\n|-damage|p1b: Sinistcha|0 fnt\n|faint|p1b: Sinistcha\n|\n|-fieldend|move: Trick Room\n|-fieldend|move: Psychic Terrain\n|upkeep\n|\n|t:|1776411269\n|switch|p1b: Gengar|Gengar-Mega, L50, F|100/100\n|turn|6\n|\n|t:|1776411281\n|move|p1a: Sableye|Shadow Sneak||[still]\n|cant|p2b: Farigiraf|ability: Armor Tail|Shadow Sneak|[of] p1a: Sableye\n|move|p1b: Gengar|Perish Song|p1b: Gengar\n|-start|p1a: Sableye|perish3|[silent]\n|-start|p1b: Gengar|perish3|[silent]\n|-start|p2a: Slowbro|perish3|[silent]\n|-start|p2b: Farigiraf|perish3|[silent]\n|-fieldactivate|move: Perish Song\n|move|p2a: Slowbro|Psychic Terrain|p2a: Slowbro\n|-fieldstart|move: Psychic Terrain\n|move|p2b: Farigiraf|Trick Room|p2b: Farigiraf\n|-fieldstart|move: Trick Room|[of] p2b: Farigiraf\n|\n|-start|p2a: Slowbro|perish3\n|-start|p1a: Sableye|perish3\n|-start|p2b: Farigiraf|perish3\n|-start|p1b: Gengar|perish3\n|upkeep\n|turn|7\n|-message|Stonny forfeited.\n|\n|win|kowi1608\n|raw|Stonny's rating: 1059 &rarr; <strong>1037</strong><br />(-22 for losing)\n|raw|kowi1608's rating: 1000 &rarr; <strong>1047</strong><br />(+47 for winning)\n|l|\u2606Stonny\n|player|p1|\n",
  "uploadtime": 1776411300,
  "views": 21,
  "formatid": "gen9championsvgc2026regma",
  "rating": 1037,
  "private": 0,
  "password": null
}