{
  "id": "gen9championsvgc2026regma-2584659653",
  "format": "[Gen 9 Champions] VGC 2026 Reg M-A",
  "players": [
    "DryIceBros",
    "that is a sled"
  ],
  "log": "|j|\u2606DryIceBros\n|j|\u2606that is a sled\n|t:|1776275038\n|gametype|doubles\n|player|p1|DryIceBros|mars|1286\n|player|p2|that is a sled|scientist-gen4|1219\n|gen|9\n|tier|[Gen 9 Champions] VGC 2026 Reg M-A\n|rated|\n|rule|Species Clause: Limit one of each Pok\u00e9mon\n|rule|Item Clause: Limit 1 of each item\n|clearpoke\n|poke|p1|Crabominable, L50, F|\n|poke|p1|Farigiraf, L50, M|\n|poke|p1|Ninetales-Alola, L50, F|\n|poke|p1|Incineroar, L50, F|\n|poke|p1|Torkoal, L50, M|\n|poke|p1|Basculegion, L50, M|\n|poke|p2|Froslass, L50, F|\n|poke|p2|Incineroar, L50, F|\n|poke|p2|Rotom-Frost, L50|\n|poke|p2|Garchomp, L50, F|\n|poke|p2|Milotic, L50, F|\n|poke|p2|Sinistcha, L50|\n|teampreview|4\n|inactive|Battle timer is ON: inactive players will automatically lose when time's up. (requested by that is a sled)\nDryIceBros has agreed to open team sheets.\n|inactive|DryIceBros has 60 seconds left.\n|inactive|that is a sled has 60 seconds left.\n|\n|t:|1776275092\n|teamsize|p1|4\n|teamsize|p2|4\n|start\n|switch|p1a: Farigiraf|Farigiraf, L50, M|100/100\n|switch|p1b: Basculegion|Basculegion, L50, M|100/100\n|switch|p2a: Froslass|Froslass, L50, F|100/100\n|switch|p2b: Incineroar|Incineroar, L50, F|100/100\n|-ability|p2b: Incineroar|Intimidate|boost\n|-unboost|p1a: Farigiraf|atk|1\n|-unboost|p1b: Basculegion|atk|1\n|turn|1\n|\n|t:|1776275114\n|detailschange|p2a: Froslass|Froslass-Mega, L50, F\n|-mega|p2a: Froslass|Froslass|Froslassite\n|-weather|Snowscape|[from] ability: Snow Warning|[of] p2a: Froslass\n|move|p1b: Basculegion|Flip Turn|p2b: Incineroar\n|-supereffective|p2b: Incineroar|1\n|-damage|p2b: Incineroar|53/100\n|\n|t:|1776275122\n|switch|p1b: Torkoal|Torkoal, L50, M|100/100|[from] Flip Turn\n|-weather|SunnyDay|[from] ability: Drought|[of] p1b: Torkoal\n|move|p2a: Froslass|Aurora Veil||[still]\n|-fail|p2a: Froslass\n|move|p2b: Incineroar|Parting Shot|p1a: Farigiraf\n|-unboost|p1a: Farigiraf|atk|1\n|-unboost|p1a: Farigiraf|spa|1\n|\n|t:|1776275131\n|switch|p2b: Garchomp|Garchomp, L50, F|100/100|[from] Parting Shot\n|move|p1a: Farigiraf|Trick Room|p1a: Farigiraf\n|-fieldstart|move: Trick Room|[of] p1a: Farigiraf\n|\n|-weather|SunnyDay|[upkeep]\n|upkeep\n|turn|2\n|\n|t:|1776275139\n|move|p1a: Farigiraf|Helping Hand|p1b: Torkoal\n|-singleturn|p1b: Torkoal|Helping Hand|[of] p1a: Farigiraf\n|move|p2a: Froslass|Protect|p2a: Froslass\n|-singleturn|p2a: Froslass|Protect\n|move|p1b: Torkoal|Eruption|p2a: Froslass|[spread] p2b\n|-activate|p2a: Froslass|move: Protect\n|-resisted|p2b: Garchomp|1\n|-damage|p2b: Garchomp|29/100\n|move|p2b: Garchomp|Earthquake|p1b: Torkoal|[spread] p1a,p1b\n|-activate|p2a: Froslass|move: Protect\n|-supereffective|p1b: Torkoal|1\n|-damage|p1a: Farigiraf|66/100\n|-damage|p1b: Torkoal|42/100\n|\n|-weather|SunnyDay|[upkeep]\n|upkeep\n|turn|3\n|\n|t:|1776275154\n|switch|p2a: Milotic|Milotic, L50, F|100/100\n|move|p1a: Farigiraf|Helping Hand|p1b: Torkoal\n|-singleturn|p1b: Torkoal|Helping Hand|[of] p1a: Farigiraf\n|move|p2b: Garchomp|Protect|p2b: Garchomp\n|-singleturn|p2b: Garchomp|Protect\n|move|p1b: Torkoal|Heat Wave|p2b: Garchomp|[spread] \n|-activate|p2b: Garchomp|move: Protect\n|-miss|p1b: Torkoal|p2a: Milotic\n|\n|-weather|SunnyDay|[upkeep]\n|upkeep\n|turn|4\n|\n|t:|1776275168\n|switch|p1b: Crabominable|Crabominable, L50, F|100/100\n|switch|p2b: Incineroar|Incineroar, L50, F|53/100\n|-ability|p2b: Incineroar|Intimidate|boost\n|-unboost|p1a: Farigiraf|atk|1\n|-fail|p1b: Crabominable|unboost|Attack|[from] ability: Hyper Cutter|[of] p1b: Crabominable\n|move|p1a: Farigiraf|Psychic|p2a: Milotic\n|-damage|p2a: Milotic|85/100\n|move|p2a: Milotic|Scald|p1b: Crabominable\n|-damage|p1b: Crabominable|83/100\n|\n|-weather|SunnyDay|[upkeep]\n|-heal|p2a: Milotic|91/100|[from] item: Leftovers\n|upkeep\n|turn|5\n|\n|t:|1776275185\n|switch|p2b: Froslass|Froslass-Mega, L50, F|100/100\n|-weather|Snowscape|[from] ability: Snow Warning|[of] p2b: Froslass\n|move|p1b: Crabominable|Protect|p1b: Crabominable\n|-singleturn|p1b: Crabominable|Protect\n|move|p1a: Farigiraf|Hyper Voice|p2b: Froslass|[spread] p2a\n|-immune|p2b: Froslass\n|-crit|p2a: Milotic\n|-damage|p2a: Milotic|64/100\n|move|p2a: Milotic|Blizzard|p1a: Farigiraf|[spread] p1a\n|-activate|p1b: Crabominable|move: Protect\n|-damage|p1a: Farigiraf|51/100\n|\n|-weather|Snowscape|[upkeep]\n|-heal|p2a: Milotic|70/100|[from] item: Leftovers\n|-fieldend|move: Trick Room\n|upkeep\n|turn|6\n|\n|t:|1776275205\n|detailschange|p1b: Crabominable|Crabominable-Mega, L50, F\n|-mega|p1b: Crabominable|Crabominable|Crabominite\n|move|p2b: Froslass|Blizzard|p1a: Farigiraf|[spread] p1a,p1b\n|-resisted|p1b: Crabominable|1\n|-crit|p1b: Crabominable\n|-damage|p1a: Farigiraf|23/100\n|-damage|p1b: Crabominable|58/100\n|-status|p1a: Farigiraf|frz\n|-enditem|p1a: Farigiraf|Sitrus Berry|[eat]\n|-heal|p1a: Farigiraf|47/100 frz|[from] item: Sitrus Berry\n|move|p2a: Milotic|Scald|p1b: Crabominable\n|-damage|p1b: Crabominable|37/100\n|-status|p1b: Crabominable|brn\n|move|p1b: Crabominable|Drain Punch|p2a: Milotic\n|-crit|p2a: Milotic\n|-damage|p2a: Milotic|36/100\n|-heal|p1b: Crabominable|54/100 brn|[from] drain|[of] p2a: Milotic\n|cant|p1a: Farigiraf|frz\n|\n|-weather|Snowscape|[upkeep]\n|-heal|p2a: Milotic|42/100|[from] item: Leftovers\n|-damage|p1b: Crabominable|48/100 brn|[from] brn\n|upkeep\n|turn|7\n|\n|t:|1776275228\n|move|p2b: Froslass|Blizzard|p1a: Farigiraf|[spread] p1a,p1b\n|-resisted|p1b: Crabominable|1\n|-damage|p1a: Farigiraf|15/100 frz\n|-damage|p1b: Crabominable|33/100 brn\n|move|p2a: Milotic|Scald|p1b: Crabominable\n|-damage|p1b: Crabominable|10/100 brn\n|cant|p1a: Farigiraf|frz\n|move|p1b: Crabominable|Ice Hammer|p2b: Froslass\n|-resisted|p2b: Froslass|1\n|-damage|p2b: Froslass|83/100\n|-unboost|p1b: Crabominable|spe|1\n|\n|-weather|Snowscape|[upkeep]\n|-heal|p2a: Milotic|48/100|[from] item: Leftovers\n|-damage|p1b: Crabominable|4/100 brn|[from] brn\n|upkeep\n|turn|8\n|\n|t:|1776275245\n|move|p1b: Crabominable|Mach Punch|p2a: Milotic\n|-damage|p2a: Milotic|37/100\n|move|p2b: Froslass|Aurora Veil|p2b: Froslass\n|-sidestart|p2: that is a sled|move: Aurora Veil\n|move|p2a: Milotic|Life Dew|p2a: Milotic|[spread] p2a,p2b\n|-heal|p2a: Milotic|62/100\n|-heal|p2b: Froslass|100/100\n|-curestatus|p1a: Farigiraf|frz|[msg]\n|move|p1a: Farigiraf|Psychic|p2a: Milotic\n|-damage|p2a: Milotic|51/100\n|\n|-weather|Snowscape|[upkeep]\n|-heal|p2a: Milotic|57/100|[from] item: Leftovers\n|-damage|p1b: Crabominable|0 fnt|[from] brn\n|faint|p1b: Crabominable\n|upkeep\n|\n|t:|1776275256\n|switch|p1b: Torkoal|Torkoal, L50, M|42/100\n|-weather|SunnyDay|[from] ability: Drought|[of] p1b: Torkoal\n|turn|9\n|\n|t:|1776275267\n|switch|p2b: Garchomp|Garchomp, L50, F|29/100\n|move|p1a: Farigiraf|Helping Hand|p1b: Torkoal\n|-singleturn|p1b: Torkoal|Helping Hand|[of] p1a: Farigiraf\n|move|p2a: Milotic|Scald|p1a: Farigiraf\n|-damage|p1a: Farigiraf|6/100\n|move|p1b: Torkoal|Heat Wave|p2b: Garchomp|[spread] p2a,p2b\n|-resisted|p2a: Milotic|1\n|-crit|p2a: Milotic\n|-resisted|p2b: Garchomp|1\n|-damage|p2a: Milotic|15/100\n|-damage|p2b: Garchomp|1/100\n|-status|p2b: Garchomp|brn\n|\n|-weather|SunnyDay|[upkeep]\n|-heal|p2a: Milotic|21/100|[from] item: Leftovers\n|-damage|p2b: Garchomp|0 fnt|[from] brn\n|faint|p2b: Garchomp\n|upkeep\n|\n|t:|1776275274\n|switch|p2b: Incineroar|Incineroar, L50, F|53/100\n|-ability|p2b: Incineroar|Intimidate|boost\n|-unboost|p1a: Farigiraf|atk|1\n|-unboost|p1b: Torkoal|atk|1\n|turn|10\n|\n|t:|1776275280\n|switch|p1b: Basculegion|Basculegion, L50, M|100/100\n|move|p2a: Milotic|Life Dew|p2a: Milotic|[spread] p2a,p2b\n|-heal|p2a: Milotic|47/100\n|-heal|p2b: Incineroar|78/100\n|move|p2b: Incineroar|Darkest Lariat|p1a: Farigiraf\n|-supereffective|p1a: Farigiraf|1\n|-damage|p1a: Farigiraf|0 fnt\n|faint|p1a: Farigiraf\n|\n|-weather|SunnyDay|[upkeep]\n|-heal|p2a: Milotic|52/100|[from] item: Leftovers\n|upkeep\n|\n|t:|1776275282\n|switch|p1a: Torkoal|Torkoal, L50, M|42/100\n|turn|11\n|\n|t:|1776275299\n|move|p1a: Torkoal|Protect|p1a: Torkoal\n|-singleturn|p1a: Torkoal|Protect\n|move|p1b: Basculegion|Last Respects|p2a: Milotic\n|-damage|p2a: Milotic|1/100\n|move|p2a: Milotic|Scald|p1a: Torkoal\n|-activate|p1a: Torkoal|move: Protect\n|move|p2b: Incineroar|Darkest Lariat|p1b: Basculegion\n|-supereffective|p1b: Basculegion|1\n|-damage|p1b: Basculegion|20/100\n|\n|-weather|SunnyDay|[upkeep]\n|-heal|p2a: Milotic|7/100|[from] item: Leftovers\n|upkeep\n|turn|12\n|\n|t:|1776275311\n|move|p2a: Milotic|Protect|p2a: Milotic\n|-singleturn|p2a: Milotic|Protect\n|move|p1b: Basculegion|Last Respects|p2b: Incineroar\n|-resisted|p2b: Incineroar|1\n|-damage|p2b: Incineroar|47/100\n|-enditem|p2b: Incineroar|Sitrus Berry|[eat]\n|-heal|p2b: Incineroar|72/100|[from] item: Sitrus Berry\n|move|p2b: Incineroar|Darkest Lariat|p1b: Basculegion\n|-supereffective|p1b: Basculegion|1\n|-damage|p1b: Basculegion|0 fnt\n|faint|p1b: Basculegion\n|move|p1a: Torkoal|Heat Wave|p2a: Milotic|[spread] p2b\n|-activate|p2a: Milotic|move: Protect\n|-resisted|p2b: Incineroar|1\n|-damage|p2b: Incineroar|58/100\n|\n|-weather|SunnyDay|[upkeep]\n|-heal|p2a: Milotic|13/100|[from] item: Leftovers\n|-sideend|p2: that is a sled|move: Aurora Veil\n|upkeep\n|turn|13\n|-message|DryIceBros forfeited.\n|\n|win|that is a sled\n|raw|DryIceBros's rating: 1286 &rarr; <strong>1256</strong><br />(-30 for losing)\n|raw|that is a sled's rating: 1219 &rarr; <strong>1249</strong><br />(+30 for winning)\n",
  "uploadtime": 1776275320,
  "views": 27,
  "formatid": "gen9championsvgc2026regma",
  "rating": 1249,
  "private": 0,
  "password": null
}