{
  "id": "gen9championsvgc2026regma-2582595401",
  "format": "[Gen 9 Champions] VGC 2026 Reg M-A",
  "players": [
    "battle sim trainer",
    "tito blaster"
  ],
  "log": "|j|\u2606battle sim trainer\n|j|\u2606tito blaster\n|t:|1776101569\n|gametype|doubles\n|player|p1|battle sim trainer|turo|1106\n|player|p2|tito blaster|cilan|1201\n|gen|9\n|tier|[Gen 9 Champions] VGC 2026 Reg M-A\n|rated|\n|rule|Species Clause: Limit one of each Pok\u00e9mon\n|rule|Item Clause: Limit 1 of each item\n|clearpoke\n|poke|p1|Gallade, L50, M|\n|poke|p1|Torkoal, L50, M|\n|poke|p1|Crabominable, L50, F|\n|poke|p1|Farigiraf, L50, M|\n|poke|p1|Medicham, L50, M|\n|poke|p1|Sinistcha-Masterpiece, L50|\n|poke|p2|Maushold, L50|\n|poke|p2|Garchomp, L50, F|\n|poke|p2|Kingambit, L50, F|\n|poke|p2|Aerodactyl, L50, F|\n|poke|p2|Delphox, L50, M|\n|poke|p2|Basculegion, L50, M|\n|teampreview|4\n|inactive|Battle timer is ON: inactive players will automatically lose when time's up. (requested by tito blaster)\n|inactive|battle sim trainer has 60 seconds left.\n|inactive|tito blaster has 60 seconds left.\n|\n|t:|1776101621\n|teamsize|p1|4\n|teamsize|p2|4\n|start\n|switch|p1a: Sinistcha|Sinistcha-Masterpiece, L50|100/100\n|switch|p1b: Farigiraf|Farigiraf, L50, M|100/100\n|switch|p2a: Delphox|Delphox, L50, M|100/100\n|switch|p2b: Basculegion|Basculegion, L50, M|100/100\n|turn|1\n|\n|t:|1776101639\n|detailschange|p2a: Delphox|Delphox-Mega, L50, M\n|-mega|p2a: Delphox|Delphox|Delphoxite\n|move|p1a: Sinistcha|Rage Powder|p1a: Sinistcha\n|-singleturn|p1a: Sinistcha|move: Rage Powder\n|move|p2a: Delphox|Heat Wave|p1a: Sinistcha|[spread] p1a\n|-miss|p2a: Delphox|p1b: Farigiraf\n|-supereffective|p1a: Sinistcha|1\n|-damage|p1a: Sinistcha|23/100\n|move|p2b: Basculegion|Flip Turn|p1a: Sinistcha\n|-resisted|p1a: Sinistcha|1\n|-damage|p1a: Sinistcha|8/100\n|\n|t:|1776101649\n|switch|p2b: Kingambit|Kingambit, L50, F|100/100|[from] Flip Turn\n|move|p1b: Farigiraf|Trick Room|p1b: Farigiraf\n|-fieldstart|move: Trick Room|[of] p1b: Farigiraf\n|\n|upkeep\n|turn|2\n|\n|t:|1776101665\n|move|p2b: Kingambit|Protect|p2b: Kingambit\n|-singleturn|p2b: Kingambit|Protect\n|move|p1a: Sinistcha|Rage Powder|p1a: Sinistcha\n|-singleturn|p1a: Sinistcha|move: Rage Powder\n|move|p1b: Farigiraf|Nasty Plot|p1b: Farigiraf\n|-boost|p1b: Farigiraf|spa|2\n|move|p2a: Delphox|Substitute|p2a: Delphox\n|-start|p2a: Delphox|Substitute\n|-damage|p2a: Delphox|75/100\n|\n|upkeep\n|turn|3\n|\n|t:|1776101684\n|move|p1a: Sinistcha|Rage Powder|p1a: Sinistcha\n|-singleturn|p1a: Sinistcha|move: Rage Powder\n|move|p1b: Farigiraf|Hyper Voice|p2a: Delphox|[spread] p2a,p2b\n|-resisted|p2b: Kingambit|1\n|-damage|p2a: Delphox|32/100\n|-damage|p2b: Kingambit|75/100\n|move|p2b: Kingambit|Assurance|p1a: Sinistcha\n|-supereffective|p1a: Sinistcha|1\n|-damage|p1a: Sinistcha|0 fnt\n|faint|p1a: Sinistcha\n|move|p2a: Delphox|Heat Wave|p1b: Farigiraf\n|-damage|p1b: Farigiraf|58/100\n|\n|upkeep\n|\n|t:|1776101694\n|switch|p1a: Torkoal|Torkoal, L50, M|100/100\n|-weather|SunnyDay|[from] ability: Drought|[of] p1a: Torkoal\n|turn|4\n|\n|t:|1776101713\n|move|p2b: Kingambit|Protect|p2b: Kingambit\n|-singleturn|p2b: Kingambit|Protect\n|move|p2a: Delphox|Protect|p2a: Delphox\n|-singleturn|p2a: Delphox|Protect\n|move|p1a: Torkoal|Eruption|p2a: Delphox|[spread] \n|-activate|p2a: Delphox|move: Protect\n|-activate|p2b: Kingambit|move: Protect\n|move|p1b: Farigiraf|Hyper Voice|p2a: Delphox|[spread] \n|-activate|p2a: Delphox|move: Protect\n|-activate|p2b: Kingambit|move: Protect\n|\n|-weather|SunnyDay|[upkeep]\n|upkeep\n|turn|5\n|\n|t:|1776101726\n|switch|p2b: Basculegion|Basculegion, L50, M|100/100\n|move|p1a: Torkoal|Eruption|p2a: Delphox|[spread] p2a,p2b\n|-resisted|p2a: Delphox|1\n|-end|p2a: Delphox|Substitute\n|-resisted|p2b: Basculegion|1\n|-damage|p2b: Basculegion|52/100\n|move|p1b: Farigiraf|Hyper Voice|p2a: Delphox|[spread] p2a\n|-immune|p2b: Basculegion\n|-damage|p2a: Delphox|0 fnt\n|faint|p2a: Delphox\n|\n|-weather|SunnyDay|[upkeep]\n|-fieldend|move: Trick Room\n|upkeep\n|\n|t:|1776101739\n|switch|p2a: Kingambit|Kingambit, L50, F|75/100\n|turn|6\n|inactive|battle sim trainer has 30 seconds left.\n|\n|t:|1776101768\n|move|p2b: Basculegion|Flip Turn|p1a: Torkoal\n|-supereffective|p1a: Torkoal|1\n|-crit|p1a: Torkoal\n|-damage|p1a: Torkoal|60/100\n|\n|t:|1776101771\n|switch|p2b: Garchomp|Garchomp, L50, F|100/100|[from] Flip Turn\n|move|p2a: Kingambit|Assurance|p1b: Farigiraf\n|-supereffective|p1b: Farigiraf|1\n|-damage|p1b: Farigiraf|0 fnt\n|faint|p1b: Farigiraf\n|move|p1a: Torkoal|Weather Ball|p2a: Kingambit\n|-supereffective|p2a: Kingambit|1\n|-damage|p2a: Kingambit|0 fnt\n|faint|p2a: Kingambit\n|\n|-weather|SunnyDay|[upkeep]\n|upkeep\n|\n|t:|1776101780\n|switch|p2a: Basculegion|Basculegion, L50, M|52/100\n|switch|p1b: Medicham|Medicham, L50, M|100/100\n|turn|7\n|\n|t:|1776101791\n|detailschange|p1b: Medicham|Medicham-Mega, L50, M\n|-mega|p1b: Medicham|Medicham|Medichamite\n|move|p1b: Medicham|Fake Out|p2b: Garchomp\n|-damage|p2b: Garchomp|78/100\n|-damage|p1b: Medicham|89/100|[from] ability: Rough Skin|[of] p2b: Garchomp\n|move|p2a: Basculegion|Last Respects|p1b: Medicham\n|-supereffective|p1b: Medicham|1\n|-damage|p1b: Medicham|0 fnt\n|faint|p1b: Medicham\n|cant|p2b: Garchomp|flinch\n|move|p1a: Torkoal|Weather Ball|p2a: Basculegion\n|-resisted|p2a: Basculegion|1\n|-damage|p2a: Basculegion|13/100\n|\n|-weather|SunnyDay|[upkeep]\n|upkeep\n|turn|8\n|-message|battle sim trainer forfeited.\n|\n|win|tito blaster\n|raw|battle sim trainer's rating: 1106 &rarr; <strong>1088</strong><br />(-18 for losing)\n|raw|tito blaster's rating: 1201 &rarr; <strong>1219</strong><br />(+18 for winning)\n",
  "uploadtime": 1776101816,
  "views": 14,
  "formatid": "gen9championsvgc2026regma",
  "rating": 1088,
  "private": 0,
  "password": null
}