{
  "id": "gen9championsvgc2026regma-2584854660",
  "format": "[Gen 9 Champions] VGC 2026 Reg M-A",
  "players": [
    "Syke11",
    "kiwideterre"
  ],
  "log": "|j|\u2606Syke11\n|j|\u2606kiwideterre\n|t:|1776288915\n|gametype|doubles\n|player|p1|Syke11|jacinthe|1131\n|player|p2|kiwideterre|1|1198\n|gen|9\n|tier|[Gen 9 Champions] VGC 2026 Reg M-A\n|rated|\n|rule|Species Clause: Limit one of each Pok\u00e9mon\n|rule|Item Clause: Limit 1 of each item\n|clearpoke\n|poke|p1|Gallade, L50, M|\n|poke|p1|Alcremie-Matcha-Cream, L50, F|\n|poke|p1|Aerodactyl, L50, M|\n|poke|p1|Skarmory, L50, F|\n|poke|p1|Archaludon, L50, F|\n|poke|p1|Milotic, L50, F|\n|poke|p2|Raichu-Alola, L50, F|\n|poke|p2|Camerupt, L50, M|\n|poke|p2|Sinistcha-Masterpiece, L50|\n|poke|p2|Tauros-Paldea-Aqua, L50, M|\n|poke|p2|Corviknight, L50, M|\n|poke|p2|Glimmora, L50, F|\n|teampreview|4\n|inactive|Battle timer is ON: inactive players will automatically lose when time's up. (requested by kiwideterre)\n|\n|t:|1776288961\n|teamsize|p1|4\n|teamsize|p2|4\n|start\n|switch|p1a: Gallade|Gallade, L50, M|100/100\n|switch|p1b: Aerodactyl|Aerodactyl, L50, M|100/100\n|switch|p2a: Raichu|Raichu-Alola, L50, F|100/100\n|switch|p2b: Glimmora|Glimmora, L50, F|100/100\n|-ability|p1b: Aerodactyl|Unnerve\n|turn|1\n|inactive|kiwideterre has 30 seconds left.\n|inactive|kiwideterre has 20 seconds left.\n|inactive|kiwideterre has 15 seconds left.\n|inactive|kiwideterre has 10 seconds left.\n|\n|t:|1776289007\n|switch|p2b: Corviknight|Corviknight, L50, M|100/100\n|detailschange|p1a: Gallade|Gallade-Mega, L50, M\n|-mega|p1a: Gallade|Gallade|Galladite\n|move|p1b: Aerodactyl|Rock Slide|p2a: Raichu|[spread] p2b\n|-miss|p1b: Aerodactyl|p2a: Raichu\n|-damage|p2b: Corviknight|77/100\n|move|p1a: Gallade|Earthquake|p2a: Raichu|[spread] p2a\n|-immune|p1b: Aerodactyl\n|-immune|p2b: Corviknight\n|-supereffective|p2a: Raichu|1\n|-enditem|p2a: Raichu|Focus Sash\n|-damage|p2a: Raichu|1/100\n|move|p2a: Raichu|Electroweb|p1a: Gallade|[spread] p1a,p1b\n|-supereffective|p1b: Aerodactyl|1\n|-damage|p1a: Gallade|81/100\n|-damage|p1b: Aerodactyl|50/100\n|-unboost|p1a: Gallade|spe|1\n|-unboost|p1b: Aerodactyl|spe|1\n|\n|-heal|p2b: Corviknight|83/100|[from] item: Leftovers\n|upkeep\n|turn|2\n|inactive|Syke11 has 30 seconds left.\n|inactive|Syke11 has 20 seconds left.\n|inactive|Syke11 has 15 seconds left.\n|inactive|Syke11 has 10 seconds left.\n|\n|t:|1776289054\n|switch|p1a: Alcremie|Alcremie-Matcha-Cream, L50, F|100/100\n|move|p1b: Aerodactyl|Protect|p1b: Aerodactyl\n|-singleturn|p1b: Aerodactyl|Protect\n|move|p2a: Raichu|Electroweb|p1b: Aerodactyl|[spread] p1a\n|-activate|p1b: Aerodactyl|move: Protect\n|-crit|p1a: Alcremie\n|-damage|p1a: Alcremie|80/100\n|-unboost|p1a: Alcremie|spe|1\n|move|p2b: Corviknight|Bulk Up|p2b: Corviknight\n|-boost|p2b: Corviknight|atk|1\n|-boost|p2b: Corviknight|def|1\n|\n|-heal|p2b: Corviknight|89/100|[from] item: Leftovers\n|upkeep\n|turn|3\n|inactive|Syke11 has 30 seconds left.\n|\n|t:|1776289081\n|switch|p1b: Milotic|Milotic, L50, F|100/100\n|move|p2a: Raichu|Electroweb|p1b: Milotic|[spread] p1a,p1b\n|-supereffective|p1b: Milotic|1\n|-damage|p1a: Alcremie|67/100\n|-damage|p1b: Milotic|79/100\n|-unboost|p1a: Alcremie|spe|1\n|-unboost|p1b: Milotic|spe|1\n|-ability|p1b: Milotic|Competitive|boost\n|-boost|p1b: Milotic|spa|2\n|move|p2b: Corviknight|Iron Head|p1a: Alcremie\n|-supereffective|p1a: Alcremie|1\n|-damage|p1a: Alcremie|0 fnt\n|faint|p1a: Alcremie\n|\n|-heal|p2b: Corviknight|95/100|[from] item: Leftovers\n|-heal|p1b: Milotic|85/100|[from] item: Leftovers\n|upkeep\n|\n|t:|1776289095\n|switch|p1a: Aerodactyl|Aerodactyl, L50, M|50/100\n|-ability|p1a: Aerodactyl|Unnerve\n|turn|4\n|inactive|kiwideterre has 30 seconds left.\n|inactive|kiwideterre has 20 seconds left.\n|\n|t:|1776289134\n|move|p1a: Aerodactyl|Tailwind|p1a: Aerodactyl\n|-sidestart|p1: Syke11|move: Tailwind\n|move|p2a: Raichu|Speed Swap|p2b: Corviknight\n|-activate|p2a: Raichu|move: Speed Swap|[of] p2b: Corviknight\n|move|p2b: Corviknight|Body Press|p1b: Milotic\n|-damage|p1b: Milotic|58/100\n|move|p1b: Milotic|Muddy Water|p2b: Corviknight|[spread] p2a,p2b\n|-damage|p2a: Raichu|0 fnt\n|-damage|p2b: Corviknight|60/100\n|-ability|p2b: Corviknight|Mirror Armor\n|-unboost|p1b: Milotic|accuracy|1\n|-ability|p1b: Milotic|Competitive|boost\n|-boost|p1b: Milotic|spa|2\n|faint|p2a: Raichu\n|\n|-heal|p2b: Corviknight|66/100|[from] item: Leftovers\n|-heal|p1b: Milotic|64/100|[from] item: Leftovers\n|upkeep\n|\n|t:|1776289148\n|switch|p2a: Tauros|Tauros-Paldea-Aqua, L50, M|100/100\n|-ability|p2a: Tauros|Intimidate|boost\n|-unboost|p1a: Aerodactyl|atk|1\n|-unboost|p1b: Milotic|atk|1\n|-ability|p1b: Milotic|Competitive|boost\n|-boost|p1b: Milotic|spa|2\n|turn|5\n|\n|t:|1776289164\n|move|p2a: Tauros|Aqua Jet|p1a: Aerodactyl\n|-supereffective|p1a: Aerodactyl|1\n|-damage|p1a: Aerodactyl|0 fnt\n|faint|p1a: Aerodactyl\n|move|p2b: Corviknight|Body Press|p1b: Milotic\n|-damage|p1b: Milotic|39/100\n|move|p1b: Milotic|Muddy Water|p2b: Corviknight|[spread] p2a\n|-miss|p1b: Milotic|p2b: Corviknight\n|-resisted|p2a: Tauros|1\n|-damage|p2a: Tauros|40/100\n|\n|-heal|p2b: Corviknight|72/100|[from] item: Leftovers\n|-heal|p1b: Milotic|45/100|[from] item: Leftovers\n|upkeep\n|\n|t:|1776289173\n|switch|p1a: Gallade|Gallade-Mega, L50, M|81/100\n|turn|6\n|\n|t:|1776289189\n|move|p2a: Tauros|Protect|p2a: Tauros\n|-singleturn|p2a: Tauros|Protect\n|move|p1a: Gallade|Drain Punch|p2b: Corviknight\n|-damage|p2b: Corviknight|47/100\n|-heal|p1a: Gallade|99/100|[from] drain|[of] p2b: Corviknight\n|move|p2b: Corviknight|Roost|p2b: Corviknight\n|-heal|p2b: Corviknight|98/100\n|-singleturn|p2b: Corviknight|move: Roost\n|move|p1b: Milotic|Muddy Water|p2a: Tauros|[spread] p2b\n|-activate|p2a: Tauros|move: Protect\n|-damage|p2b: Corviknight|30/100\n|-ability|p2b: Corviknight|Mirror Armor\n|-unboost|p1b: Milotic|accuracy|1\n|-boost|p1b: Milotic|spa|0\n|\n|-heal|p2b: Corviknight|36/100|[from] item: Leftovers\n|-heal|p1b: Milotic|50/100|[from] item: Leftovers\n|upkeep\n|turn|7\n|inactive|Syke11 has 30 seconds left.\n|inactive|kiwideterre has 30 seconds left.\n|\n|t:|1776289223\n|switch|p2a: Glimmora|Glimmora, L50, F|100/100\n|move|p1a: Gallade|Knock Off|p2b: Corviknight\n|-damage|p2b: Corviknight|13/100\n|-enditem|p2b: Corviknight|Leftovers|[from] move: Knock Off|[of] p1a: Gallade\n|move|p2b: Corviknight|Iron Head|p1b: Milotic\n|-resisted|p1b: Milotic|1\n|-damage|p1b: Milotic|34/100\n|move|p1b: Milotic|Muddy Water|p2a: Glimmora|[spread] p2b\n|-miss|p1b: Milotic|p2a: Glimmora\n|-damage|p2b: Corviknight|0 fnt\n|faint|p2b: Corviknight\n|\n|-heal|p1b: Milotic|40/100|[from] item: Leftovers\n|-sideend|p1: Syke11|move: Tailwind\n|upkeep\n|\n|t:|1776289234\n|switch|p2b: Tauros|Tauros-Paldea-Aqua, L50, M|40/100\n|-ability|p2b: Tauros|Intimidate|boost\n|-fail|p1a: Gallade|unboost|Attack|[from] ability: Inner Focus|[of] p1a: Gallade\n|-unboost|p1b: Milotic|atk|1\n|-boost|p1b: Milotic|spa|0\n|turn|8\n|\n|t:|1776289245\n|detailschange|p2a: Glimmora|Glimmora-Mega, L50, F\n|-mega|p2a: Glimmora|Glimmora|Glimmoranite\n|move|p2a: Glimmora|Spiky Shield|p2a: Glimmora\n|-singleturn|p2a: Glimmora|move: Protect\n|move|p1a: Gallade|Earthquake|p2a: Glimmora|[spread] p1b,p2b\n|-activate|p2a: Glimmora|move: Protect\n|-damage|p1b: Milotic|13/100\n|-damage|p2b: Tauros|8/100\n|move|p2b: Tauros|Wave Crash|p1a: Gallade\n|-damage|p1a: Gallade|24/100\n|-damage|p2b: Tauros|0 fnt|[from] Recoil\n|faint|p2b: Tauros\n|move|p1b: Milotic|Muddy Water|p2a: Glimmora\n|-activate|p2a: Glimmora|move: Protect\n|\n|-heal|p1b: Milotic|19/100|[from] item: Leftovers\n|upkeep\n|turn|9\n|\n|t:|1776289265\n|move|p1a: Gallade|Earthquake|p2a: Glimmora|[spread] p1b,p2a\n|-supereffective|p2a: Glimmora|2\n|-damage|p1b: Milotic|0 fnt\n|-damage|p2a: Glimmora|0 fnt\n|faint|p1b: Milotic\n|faint|p2a: Glimmora\n|\n|win|Syke11\n|raw|Syke11's rating: 1131 &rarr; <strong>1161</strong><br />(+30 for winning)\n|raw|kiwideterre's rating: 1198 &rarr; <strong>1168</strong><br />(-30 for losing)\n|l|\u2606kiwideterre\n|player|p2|\n",
  "uploadtime": 1776289270,
  "views": 18,
  "formatid": "gen9championsvgc2026regma",
  "rating": 1161,
  "private": 0,
  "password": null
}