{
  "id": "gen9championsvgc2026regma-2584681277",
  "format": "[Gen 9 Champions] VGC 2026 Reg M-A",
  "players": [
    "randomtransgirly",
    "JCMT"
  ],
  "log": "|j|\u2606randomtransgirly\n|j|\u2606JCMT\n|t:|1776276431\n|gametype|doubles\n|player|p1|randomtransgirly|hilda|1096\n|player|p2|JCMT|harlequin|1124\n|gen|9\n|tier|[Gen 9 Champions] VGC 2026 Reg M-A\n|rated|\n|rule|Species Clause: Limit one of each Pok\u00e9mon\n|rule|Item Clause: Limit 1 of each item\n|clearpoke\n|poke|p1|Toxapex, L50, F|\n|poke|p1|Corviknight, L50, F|\n|poke|p1|Aegislash, L50, M|\n|poke|p1|Incineroar, L50, F|\n|poke|p1|Garganacl, L50, F|\n|poke|p1|Tinkaton, L50, F|\n|poke|p2|Glimmora, L50, M|\n|poke|p2|Ditto, L50|\n|poke|p2|Maushold-Four, L50|\n|poke|p2|Aegislash, L50, F|\n|poke|p2|Kangaskhan, L50, F|\n|poke|p2|Sylveon, L50, F|\n|teampreview|4\n|inactive|Battle timer is ON: inactive players will automatically lose when time's up. (requested by JCMT)\n|c|\u2606JCMT|glhf\nJCMT has agreed to open team sheets.\n|c|\u2606randomtransgirly|glhf\nrandomtransgirly has agreed to open team sheets.\n|showteam|p1|Toxapex||BrightPowder|Regenerator|Toxic,Recover,Protect,IceBeam|||F|||50|]Corviknight||BlackBelt|Pressure|IronDefense,BodyPress,Uturn,Roost|||F|||50|]Aegislash||Leftovers|StanceChange|Substitute,KingsShield,FlashCannon,ShadowBall|||M|||50|]Incineroar||MentalHerb|Intimidate|FakeOut,Taunt,Protect,DarkestLariat|||F|||50|]Garganacl||ChopleBerry|PurifyingSalt|StealthRock,SaltCure,BodyPress,Protect|||F|||50|]Tinkaton||FocusSash|OwnTempo|GigatonHammer,KnockOff,StealthRock,FakeOut|||F|||50|\n|showteam|p2|Glimmora||Glimmoranite|ToxicDebris|SludgeBomb,PowerGem,EarthPower,Protect|||M|||50|]Ditto||FocusSash|Imposter|Transform||||||50|]Maushold-Four||KingsRock|FriendGuard|PopulationBomb,Protect,Encore,FollowMe||||||50|]Aegislash||WhiteHerb|StanceChange|KingsShield,ShadowClaw,IronHead,CloseCombat|||F|||50|]Kangaskhan||Kangaskhanite|InnerFocus|FakeOut,Protect,ThunderPunch,DoubleEdge|||F|||50|]Sylveon||FairyFeather|Pixilate|HyperVoice,MysticalFire,QuickAttack,Protect|||F|||50|\n|inactive|JCMT has 60 seconds left.\n|inactive|JCMT has 30 seconds left.\n|inactive|JCMT has 20 seconds left.\n|inactive|JCMT has 15 seconds left.\n|inactive|JCMT has 10 seconds left.\n|\n|t:|1776276513\n|teamsize|p1|4\n|teamsize|p2|4\n|start\n|switch|p1a: Toxapex|Toxapex, L50, F|100/100\n|switch|p1b: Garganacl|Garganacl, L50, F, shiny|100/100\n|switch|p2a: Aegislash|Aegislash, L50, F|100/100\n|switch|p2b: Kangaskhan|Kangaskhan, L50, F, shiny|100/100\n|turn|1\n|inactive|JCMT has 30 seconds left.\n|\n|t:|1776276545\n|move|p2b: Kangaskhan|Fake Out|p1a: Toxapex\n|-damage|p1a: Toxapex|85/100\n|-formechange|p2a: Aegislash|Aegislash-Blade|\n|move|p2a: Aegislash|Close Combat|p1b: Garganacl\n|-supereffective|p1b: Garganacl|1\n|-enditem|p1b: Garganacl|Chople Berry|[eat]\n|-enditem|p1b: Garganacl|Chople Berry|[weaken]\n|-damage|p1b: Garganacl|75/100\n|-unboost|p2a: Aegislash|def|1\n|-unboost|p2a: Aegislash|spd|1\n|-enditem|p2a: Aegislash|White Herb\n|-clearnegativeboost|p2a: Aegislash|[silent]\n|move|p1b: Garganacl|Salt Cure|p2a: Aegislash\n|-resisted|p2a: Aegislash|1\n|-damage|p2a: Aegislash|89/100\n|-start|p2a: Aegislash|Salt Cure\n|cant|p1a: Toxapex|flinch\n|\n|-damage|p2a: Aegislash|77/100|[from] Salt Cure\n|upkeep\n|turn|2\n|\n|t:|1776276569\n|move|p1b: Garganacl|Protect|p1b: Garganacl\n|-singleturn|p1b: Garganacl|Protect\n|move|p2b: Kangaskhan|Thunder Punch|p1a: Toxapex\n|-supereffective|p1a: Toxapex|1\n|-damage|p1a: Toxapex|50/100\n|move|p2a: Aegislash|Close Combat|p1b: Garganacl\n|-activate|p1b: Garganacl|move: Protect\n|move|p1a: Toxapex|Toxic|p2b: Kangaskhan\n|-status|p2b: Kangaskhan|tox\n|\n|-damage|p2b: Kangaskhan|94/100 tox|[from] psn\n|-damage|p2a: Aegislash|65/100|[from] Salt Cure\n|upkeep\n|turn|3\n|\n|t:|1776276590\n|switch|p2b: Ditto|Ditto, L50|100/100\n|-transform|p2b: Ditto|p1a: Toxapex|[from] ability: Imposter\n|switch|p2a: Glimmora|Glimmora, L50, M, shiny|100/100\n|switch|p1b: Aegislash|Aegislash, L50, M|100/100\n|move|p1a: Toxapex|Recover|p1a: Toxapex\n|-heal|p1a: Toxapex|99/100\n|\n|upkeep\n|turn|4\n|inactive|randomtransgirly has 30 seconds left.\n|inactive|JCMT has 30 seconds left.\n|inactive|randomtransgirly has 20 seconds left.\n|\n|t:|1776276626\n|switch|p2b: Aegislash|Aegislash, L50, F|65/100\n|switch|p1a: Incineroar|Incineroar, L50, F|100/100\n|-ability|p1a: Incineroar|Intimidate|boost\n|-unboost|p2a: Glimmora|atk|1\n|-unboost|p2b: Aegislash|atk|1\n|detailschange|p2a: Glimmora|Glimmora-Mega, L50, M, shiny\n|-mega|p2a: Glimmora|Glimmora|Glimmoranite\n|move|p2a: Glimmora|Earth Power|p1b: Aegislash\n|-supereffective|p1b: Aegislash|1\n|-damage|p1b: Aegislash|57/100\n|-formechange|p1b: Aegislash|Aegislash-Blade|\n|move|p1b: Aegislash|Flash Cannon|p2a: Glimmora\n|-supereffective|p2a: Glimmora|1\n|-damage|p2a: Glimmora|20/100\n|\n|-heal|p1b: Aegislash|63/100|[from] item: Leftovers\n|upkeep\n|turn|5\n|inactive|randomtransgirly has 30 seconds left.\n|inactive|JCMT has 30 seconds left.\n|\n|t:|1776276657\n|switch|p2b: Ditto|Ditto, L50|100/100\n|-transform|p2b: Ditto|p1a: Incineroar|[from] ability: Imposter\n|-ability|p2b: Ditto|Intimidate|boost\n|-unboost|p1a: Incineroar|atk|1\n|-unboost|p1b: Aegislash|atk|1\n|-formechange|p1b: Aegislash|Aegislash|\n|move|p1b: Aegislash|King's Shield|p1b: Aegislash\n|-singleturn|p1b: Aegislash|Protect\n|move|p1a: Incineroar|Fake Out|p2a: Glimmora\n|-resisted|p2a: Glimmora|1\n|-damage|p2a: Glimmora|17/100\n|cant|p2a: Glimmora|flinch\n|\n|-heal|p1b: Aegislash|69/100|[from] item: Leftovers\n|upkeep\n|turn|6\n|inactive|randomtransgirly has 30 seconds left.\n|inactive|JCMT has 30 seconds left.\n|\n|t:|1776276690\n|switch|p1a: Toxapex|Toxapex, L50, F|100/100\n|move|p2b: Ditto|Fake Out|p1a: Toxapex\n|-damage|p1a: Toxapex|92/100\n|move|p2a: Glimmora|Earth Power|p1b: Aegislash\n|-supereffective|p1b: Aegislash|1\n|-damage|p1b: Aegislash|25/100\n|-formechange|p1b: Aegislash|Aegislash-Blade|\n|move|p1b: Aegislash|Flash Cannon|p2a: Glimmora\n|-supereffective|p2a: Glimmora|1\n|-damage|p2a: Glimmora|0 fnt\n|faint|p2a: Glimmora\n|\n|-heal|p1b: Aegislash|31/100|[from] item: Leftovers\n|upkeep\n|\n|t:|1776276706\n|switch|p2a: Aegislash|Aegislash, L50, F|65/100\n|turn|7\n|inactive|randomtransgirly has 30 seconds left.\n|\n|t:|1776276738\n|-formechange|p1b: Aegislash|Aegislash|\n|move|p1b: Aegislash|King's Shield|p1b: Aegislash\n|-singleturn|p1b: Aegislash|Protect\n|-formechange|p2a: Aegislash|Aegislash-Blade|\n|move|p2a: Aegislash|Shadow Claw|p1a: Toxapex\n|-damage|p1a: Toxapex|61/100\n|move|p2b: Ditto|Taunt|p1a: Toxapex\n|-start|p1a: Toxapex|move: Taunt\n|cant|p1a: Toxapex|move: Taunt|Toxic\n|\n|-heal|p1b: Aegislash|37/100|[from] item: Leftovers\n|upkeep\n|turn|8\n|\n|t:|1776276759\n|switch|p1a: Incineroar|Incineroar, L50, F|100/100\n|-ability|p1a: Incineroar|Intimidate|boost\n|-unboost|p2a: Aegislash|atk|1\n|-unboost|p2b: Ditto|atk|1\n|move|p2b: Ditto|Taunt|p1b: Aegislash\n|-start|p1b: Aegislash|move: Taunt\n|-formechange|p1b: Aegislash|Aegislash-Blade|\n|move|p1b: Aegislash|Shadow Ball|p2a: Aegislash\n|-supereffective|p2a: Aegislash|1\n|-damage|p2a: Aegislash|0 fnt\n|faint|p2a: Aegislash\n|\n|-heal|p1b: Aegislash|43/100|[from] item: Leftovers\n|upkeep\n|\n|t:|1776276772\n|switch|p2a: Kangaskhan|Kangaskhan, L50, F, shiny|94/100 tox\n|turn|9\n|\n|t:|1776276786\n|switch|p1b: Toxapex|Toxapex, L50, F|94/100\n|move|p1a: Incineroar|Fake Out|p2a: Kangaskhan\n|-damage|p2a: Kangaskhan|82/100 tox\n|move|p2a: Kangaskhan|Thunder Punch|p1b: Toxapex\n|-supereffective|p1b: Toxapex|1\n|-damage|p1b: Toxapex|57/100\n|move|p2b: Ditto|Darkest Lariat|p1b: Toxapex|[miss]\n|-miss|p2b: Ditto|p1b: Toxapex\n|\n|-damage|p2a: Kangaskhan|76/100 tox|[from] psn\n|upkeep\n|turn|10\n|\n|t:|1776276806\n|switch|p1a: Garganacl|Garganacl, L50, F, shiny|75/100\n|move|p2a: Kangaskhan|Thunder Punch|p1b: Toxapex\n|-supereffective|p1b: Toxapex|1\n|-damage|p1b: Toxapex|16/100\n|move|p2b: Ditto|Taunt|p1b: Toxapex\n|-start|p1b: Toxapex|move: Taunt\n|cant|p1b: Toxapex|move: Taunt|Recover\n|\n|-damage|p2a: Kangaskhan|64/100 tox|[from] psn\n|upkeep\n|turn|11\n|inactive|JCMT has 30 seconds left.\n|\n|t:|1776276836\n|switch|p1b: Incineroar|Incineroar, L50, F|100/100\n|-ability|p1b: Incineroar|Intimidate|boost\n|-fail|p2a: Kangaskhan|unboost|Attack|[from] ability: Inner Focus|[of] p2a: Kangaskhan\n|-unboost|p2b: Ditto|atk|1\n|move|p2a: Kangaskhan|Thunder Punch|p1a: Garganacl\n|-damage|p1a: Garganacl|61/100\n|move|p2b: Ditto|Taunt|p1a: Garganacl\n|-start|p1a: Garganacl|move: Taunt\n|move|p1a: Garganacl|Salt Cure|p2b: Ditto\n|-supereffective|p2b: Ditto|1\n|-damage|p2b: Ditto|68/100\n|-start|p2b: Ditto|Salt Cure\n|\n|-damage|p2a: Kangaskhan|46/100 tox|[from] psn\n|-damage|p2b: Ditto|62/100|[from] Salt Cure\n|upkeep\n|turn|12\n|inactive|JCMT has 30 seconds left.\n|\n|t:|1776276861\n|move|p1b: Incineroar|Fake Out|p2b: Ditto\n|-damage|p2b: Ditto|48/100\n|move|p2a: Kangaskhan|Double-Edge|p1b: Incineroar\n|-damage|p1b: Incineroar|51/100\n|-damage|p2a: Kangaskhan|27/100 tox|[from] Recoil\n|cant|p2b: Ditto|flinch\n|move|p1a: Garganacl|Body Press|p2a: Kangaskhan\n|-supereffective|p2a: Kangaskhan|1\n|-crit|p2a: Kangaskhan\n|-damage|p2a: Kangaskhan|0 fnt\n|faint|p2a: Kangaskhan\n|\n|-damage|p2b: Ditto|42/100|[from] Salt Cure\n|upkeep\n|turn|13\n|c|\u2606JCMT|ggwp\n|-message|JCMT forfeited.\n|\n|win|randomtransgirly\n|raw|randomtransgirly's rating: 1096 &rarr; <strong>1124</strong><br />(+28 for winning)\n|raw|JCMT's rating: 1124 &rarr; <strong>1097</strong><br />(-27 for losing)\n|l|\u2606JCMT\n|player|p2|\n|c|\u2606randomtransgirly|ggs\n",
  "uploadtime": 1776276969,
  "views": 17,
  "formatid": "gen9championsvgc2026regma",
  "rating": 1097,
  "private": 0,
  "password": null
}