{
  "id": "gen9championsvgc2026regma-2584494806",
  "format": "[Gen 9 Champions] VGC 2026 Reg M-A",
  "players": [
    "logash",
    "hyunbelievable"
  ],
  "log": "|j|\u2606logash\n|j|\u2606hyunbelievable\n|t:|1776264602\n|gametype|doubles\n|player|p1|logash|266|1115\n|player|p2|hyunbelievable|guzma|1109\n|gen|9\n|tier|[Gen 9 Champions] VGC 2026 Reg M-A\n|rated|\n|rule|Species Clause: Limit one of each Pok\u00e9mon\n|rule|Item Clause: Limit 1 of each item\n|clearpoke\n|poke|p1|Gardevoir, L50, M|\n|poke|p1|Sinistcha, L50|\n|poke|p1|Talonflame, L50, M|\n|poke|p1|Rotom-Wash, L50|\n|poke|p1|Garchomp, L50, M|\n|poke|p1|Sneasler, L50, M|\n|poke|p2|Blastoise, L50, M|\n|poke|p2|Sinistcha, L50|\n|poke|p2|Sableye, L50, F|\n|poke|p2|Aerodactyl, L50, F|\n|poke|p2|Sneasler, L50, F|\n|poke|p2|Farigiraf, L50, M|\n|teampreview|4\n|inactive|Battle timer is ON: inactive players will automatically lose when time's up. (requested by logash)\n|\n|t:|1776264646\n|teamsize|p1|4\n|teamsize|p2|4\n|start\n|switch|p1a: Rotom|Rotom-Wash, L50|100/100\n|switch|p1b: Garchomp|Garchomp, L50, M|100/100\n|switch|p2a: smokin a pack|Sableye, L50, F|100/100\n|switch|p2b: the drink|Blastoise, L50, M|100/100\n|turn|1\n|\n|t:|1776264654\n|detailschange|p2b: the drink|Blastoise-Mega, L50, M\n|-mega|p2b: the drink|Blastoise|Blastoisinite\n|move|p2a: smokin a pack|Fake Out|p1a: Rotom\n|-damage|p1a: Rotom|90/100\n|cant|p1a: Rotom|flinch\n|move|p1b: Garchomp|Earthquake|p2b: the drink|[spread] p2a,p2b\n|-immune|p1a: Rotom|[from] ability: Levitate\n|-damage|p2a: smokin a pack|55/100\n|-damage|p2b: the drink|60/100\n|move|p2b: the drink|Ice Beam|p1b: Garchomp\n|-supereffective|p1b: Garchomp|2\n|-damage|p1b: Garchomp|0 fnt\n|faint|p1b: Garchomp\n|\n|upkeep\n|\n|t:|1776264670\n|switch|p1b: Gardevoir|Gardevoir, L50, M, shiny|100/100\n|turn|2\n|\n|t:|1776264680\n|switch|p2b: the cup|Sinistcha, L50|100/100\n|-heal|p2a: smokin a pack|79/100|[from] ability: Hospitality|[of] p2b: the cup\n|detailschange|p1b: Gardevoir|Gardevoir-Mega, L50, M, shiny\n|-mega|p1b: Gardevoir|Gardevoir|Gardevoirite\n|move|p2a: smokin a pack|Thunder Wave|p1b: Gardevoir\n|-status|p1b: Gardevoir|par\n|move|p1a: Rotom|Electroweb|p2b: the cup|[spread] p2a,p2b\n|-resisted|p2b: the cup|1\n|-damage|p2a: smokin a pack|48/100\n|-damage|p2b: the cup|93/100\n|-unboost|p2a: smokin a pack|spe|1\n|-unboost|p2b: the cup|spe|1\n|cant|p1b: Gardevoir|par\n|\n|upkeep\n|turn|3\n|\n|t:|1776264703\n|switch|p1a: Sinistcha|Sinistcha, L50|100/100\n|move|p2a: smokin a pack|Rain Dance|p2a: smokin a pack\n|-weather|RainDance\n|move|p1b: Gardevoir|Hyper Voice|p2b: the cup|[spread] p2a,p2b\n|-supereffective|p2a: smokin a pack|1\n|-damage|p2a: smokin a pack|0 fnt\n|-damage|p2b: the cup|47/100\n|faint|p2a: smokin a pack\n|move|p2b: the cup|Shadow Ball|p1b: Gardevoir\n|-supereffective|p1b: Gardevoir|1\n|-damage|p1b: Gardevoir|38/100 par\n|\n|-weather|RainDance|[upkeep]\n|upkeep\n|inactive|hyunbelievable has 30 seconds left.\n|inactive|hyunbelievable has 20 seconds left.\n|inactive|hyunbelievable has 15 seconds left.\n|inactive|hyunbelievable has 10 seconds left.\n|inactive|hyunbelievable has 5 seconds left.\n|\n|t:|1776264758\n|switch|p2a: the drink|Blastoise-Mega, L50, M|60/100\n|turn|4\n|inactive|hyunbelievable has 30 seconds left.\n|\n|t:|1776264786\n|move|p1b: Gardevoir|Protect|p1b: Gardevoir\n|-singleturn|p1b: Gardevoir|Protect\n|move|p2a: the drink|Water Spout|p1a: Sinistcha|[spread] p1a\n|-activate|p1b: Gardevoir|move: Protect\n|-resisted|p1a: Sinistcha|1\n|-damage|p1a: Sinistcha|70/100\n|move|p1a: Sinistcha|Matcha Gotcha|p2b: the cup|[spread] p2a,p2b\n|-supereffective|p2a: the drink|1\n|-resisted|p2b: the cup|1\n|-damage|p2a: the drink|21/100\n|-heal|p1a: Sinistcha|89/100|[from] drain|[of] p2a: the drink\n|-damage|p2b: the cup|39/100\n|-heal|p1a: Sinistcha|93/100|[from] drain|[of] p2b: the cup\n|move|p2b: the cup|Matcha Gotcha|p1a: Sinistcha|[spread] p1a\n|-activate|p1b: Gardevoir|move: Protect\n|-resisted|p1a: Sinistcha|1\n|-damage|p1a: Sinistcha|81/100\n|-heal|p2b: the cup|45/100|[from] drain|[of] p1a: Sinistcha\n|\n|-weather|RainDance|[upkeep]\n|upkeep\n|turn|5\n|inactive|logash has 30 seconds left.\n|inactive|logash has 20 seconds left.\n|\n|t:|1776264821\n|switch|p1b: Rotom|Rotom-Wash, L50|90/100\n|move|p2a: the drink|Ice Beam|p1a: Sinistcha\n|-supereffective|p1a: Sinistcha|1\n|-damage|p1a: Sinistcha|5/100\n|-enditem|p1a: Sinistcha|Sitrus Berry|[eat]\n|-heal|p1a: Sinistcha|30/100|[from] item: Sitrus Berry\n|move|p1a: Sinistcha|Matcha Gotcha|p2b: the cup|[spread] p2a,p2b\n|-supereffective|p2a: the drink|1\n|-resisted|p2b: the cup|1\n|-damage|p2a: the drink|0 fnt\n|-heal|p1a: Sinistcha|40/100|[from] drain|[of] p2a: the drink\n|-damage|p2b: the cup|36/100\n|-heal|p1a: Sinistcha|44/100|[from] drain|[of] p2b: the cup\n|faint|p2a: the drink\n|move|p2b: the cup|Shadow Ball|p1a: Sinistcha\n|-supereffective|p1a: Sinistcha|1\n|-damage|p1a: Sinistcha|0 fnt\n|faint|p1a: Sinistcha\n|\n|-weather|RainDance|[upkeep]\n|upkeep\n|\n|t:|1776264845\n|switch|p2a: the parfait|Sneasler, L50, F|100/100\n|switch|p1a: Gardevoir|Gardevoir-Mega, L50, M, shiny|38/100 par\n|turn|6\n|\n|t:|1776264855\n|move|p2a: the parfait|Protect|p2a: the parfait\n|-singleturn|p2a: the parfait|Protect\n|move|p1a: Gardevoir|Protect|p1a: Gardevoir\n|-singleturn|p1a: Gardevoir|Protect\n|move|p1b: Rotom|Electroweb|p2a: the parfait|[spread] p2b\n|-activate|p2a: the parfait|move: Protect\n|-resisted|p2b: the cup|1\n|-crit|p2b: the cup\n|-damage|p2b: the cup|24/100\n|-unboost|p2b: the cup|spe|1\n|move|p2b: the cup|Matcha Gotcha|p1a: Gardevoir|[spread] p1b\n|-activate|p1a: Gardevoir|move: Protect\n|-supereffective|p1b: Rotom|1\n|-damage|p1b: Rotom|29/100\n|-heal|p2b: the cup|46/100|[from] drain|[of] p1b: Rotom\n|\n|-weather|RainDance|[upkeep]\n|upkeep\n|turn|7\n|\n|t:|1776264878\n|move|p1b: Rotom|Electroweb|p2b: the cup|[spread] p2a,p2b\n|-resisted|p2b: the cup|1\n|-damage|p2a: the parfait|76/100\n|-damage|p2b: the cup|38/100\n|-unboost|p2a: the parfait|spe|1\n|-unboost|p2b: the cup|spe|1\n|-enditem|p2a: the parfait|White Herb\n|-clearnegativeboost|p2a: the parfait|[silent]\n|move|p2a: the parfait|Dire Claw|p1a: Gardevoir\n|-supereffective|p1a: Gardevoir|1\n|-damage|p1a: Gardevoir|0 fnt\n|faint|p1a: Gardevoir\n|move|p2b: the cup|Matcha Gotcha|p1b: Rotom\n|-supereffective|p1b: Rotom|1\n|-damage|p1b: Rotom|0 fnt\n|-heal|p2b: the cup|48/100|[from] drain|[of] p1b: Rotom\n|faint|p1b: Rotom\n|\n|win|hyunbelievable\n|raw|logash's rating: 1115 &rarr; <strong>1090</strong><br />(-25 for losing)\n|raw|hyunbelievable's rating: 1109 &rarr; <strong>1134</strong><br />(+25 for winning)\n",
  "uploadtime": 1776264893,
  "views": 19,
  "formatid": "gen9championsvgc2026regma",
  "rating": 1090,
  "private": 0,
  "password": null
}