{
  "id": "gen9championsvgc2026regma-2583944380",
  "format": "[Gen 9 Champions] VGC 2026 Reg M-A",
  "players": [
    "No1NumelFan",
    "Soda_Machine4"
  ],
  "log": "|j|\u2606No1NumelFan\n|j|\u2606Soda_Machine4\n|t:|1776210532\n|gametype|doubles\n|player|p1|No1NumelFan|clown|1042\n|player|p2|Soda_Machine4|roxie|1005\n|gen|9\n|tier|[Gen 9 Champions] VGC 2026 Reg M-A\n|rated|\n|rule|Species Clause: Limit one of each Pok\u00e9mon\n|rule|Item Clause: Limit 1 of each item\n|clearpoke\n|poke|p1|Gallade, L50, M|\n|poke|p1|Chesnaught, L50, M|\n|poke|p1|Altaria, L50, F|\n|poke|p1|Kleavor, L50, F|\n|poke|p1|Starmie, L50|\n|poke|p1|Arcanine, L50, M|\n|poke|p2|Bellibolt, L50, F|\n|poke|p2|Medicham, L50, M|\n|poke|p2|Tsareena, L50, F|\n|poke|p2|Mamoswine, L50, F|\n|poke|p2|Raichu, L50, F|\n|poke|p2|Noivern, L50, F|\n|teampreview|4\n|inactive|Battle timer is ON: inactive players will automatically lose when time's up. (requested by Soda_Machine4)\n|\n|t:|1776210589\n|teamsize|p1|4\n|teamsize|p2|4\n|start\n|switch|p1a: Arcanine|Arcanine, L50, M|100/100\n|switch|p1b: Starmie|Starmie, L50|100/100\n|switch|p2a: Noivern|Noivern, L50, F|100/100\n|switch|p2b: Bellibolt|Bellibolt, L50, F|100/100\n|-ability|p1a: Arcanine|Intimidate|boost\n|-unboost|p2a: Noivern|atk|1\n|-unboost|p2b: Bellibolt|atk|1\n|turn|1\n|inactive|No1NumelFan has 30 seconds left.\n|\n|t:|1776210615\n|move|p2b: Bellibolt|Protect|p2b: Bellibolt\n|-singleturn|p2b: Bellibolt|Protect\n|move|p1b: Starmie|Flip Turn|p2a: Noivern\n|-resisted|p2a: Noivern|1\n|-crit|p2a: Noivern\n|-damage|p2a: Noivern|86/100\n|\n|t:|1776210619\n|switch|p1b: Kleavor|Kleavor, L50, F|100/100|[from] Flip Turn\n|move|p2a: Noivern|Tailwind|p2a: Noivern\n|-sidestart|p2: Soda_Machine4|move: Tailwind\n|move|p1a: Arcanine|Flare Blitz|p2b: Bellibolt\n|-activate|p2b: Bellibolt|move: Protect\n|\n|upkeep\n|turn|2\n|\n|t:|1776210644\n|move|p2a: Noivern|U-turn|p2b: Bellibolt\n|-damage|p2b: Bellibolt|94/100\n|-start|p2b: Bellibolt|Charge|U-turn|[from] ability: Electromorphosis\n|\n|t:|1776210650\n|switch|p2a: Raichu|Raichu, L50, F|100/100|[from] U-turn\n|move|p1a: Arcanine|Howl|p1a: Arcanine|[spread] p1a,p1b\n|-boost|p1a: Arcanine|atk|1\n|-boost|p1b: Kleavor|atk|1\n|move|p1b: Kleavor|Agility|p1b: Kleavor\n|-boost|p1b: Kleavor|spe|2\n|move|p2b: Bellibolt|Parabolic Charge|p1b: Kleavor|[spread] p1a,p1b\n|-ability|p2a: Raichu|Lightning Rod|boost\n|-boost|p2a: Raichu|spa|1\n|-damage|p1a: Arcanine|23/100\n|-heal|p2b: Bellibolt|100/100|[from] drain|[of] p1a: Arcanine\n|-damage|p1b: Kleavor|9/100\n|-end|p2b: Bellibolt|Charge|[silent]\n|\n|upkeep\n|turn|3\n|inactive|Soda_Machine4 has 30 seconds left.\n|\n|t:|1776210677\n|move|p2a: Raichu|Fake Out|p1b: Kleavor\n|-resisted|p1b: Kleavor|1\n|-damage|p1b: Kleavor|5/100\n|move|p1a: Arcanine|Extreme Speed|p2a: Raichu\n|-damage|p2a: Raichu|9/100\n|cant|p1b: Kleavor|flinch\n|move|p2b: Bellibolt|Discharge|p1b: Kleavor|[spread] p1a,p1b\n|-ability|p2a: Raichu|Lightning Rod|boost\n|-boost|p2a: Raichu|spa|1\n|-damage|p1a: Arcanine|0 fnt\n|-damage|p1b: Kleavor|0 fnt\n|faint|p1a: Arcanine\n|faint|p1b: Kleavor\n|\n|upkeep\n|\n|t:|1776210690\n|switch|p1a: Starmie|Starmie, L50|100/100\n|switch|p1b: Gallade|Gallade, L50, M|100/100\n|turn|4\n|\n|t:|1776210707\n|detailschange|p1b: Gallade|Gallade-Mega, L50, M\n|-mega|p1b: Gallade|Gallade|Galladite\n|move|p1b: Gallade|Protect|p1b: Gallade\n|-singleturn|p1b: Gallade|Protect\n|move|p2a: Raichu|Discharge|p1b: Gallade|[spread] p2b,p1a\n|-activate|p1b: Gallade|move: Protect\n|-resisted|p2b: Bellibolt|1\n|-supereffective|p1a: Starmie|1\n|-damage|p2b: Bellibolt|77/100\n|-damage|p1a: Starmie|0 fnt\n|-start|p2b: Bellibolt|Charge|Discharge|[from] ability: Electromorphosis\n|faint|p1a: Starmie\n|move|p2b: Bellibolt|Discharge|p1b: Gallade|[spread] \n|-activate|p1b: Gallade|move: Protect\n|-ability|p2a: Raichu|Lightning Rod|boost\n|-boost|p2a: Raichu|spa|1\n|-end|p2b: Bellibolt|Charge|[silent]\n|\n|-sideend|p2: Soda_Machine4|move: Tailwind\n|upkeep\n|turn|5\n|inactive|No1NumelFan has 30 seconds left.\n|inactive|Soda_Machine4 has 30 seconds left.\n|c|\u2606No1NumelFan|ok gen question before i die\n|inactive|No1NumelFan has 20 seconds left.\n|c|\u2606No1NumelFan|how was ur raichu faster\n|inactive|No1NumelFan has 15 seconds left.\n|inactive|No1NumelFan has 10 seconds left.\n|inactive|No1NumelFan has 5 seconds left.\n|\n|t:|1776210757\n|move|p1b: Gallade|Rock Slide|p2a: Raichu|[spread] p2a,p2b\n|-damage|p2a: Raichu|0 fnt\n|-damage|p2b: Bellibolt|56/100\n|-start|p2b: Bellibolt|Charge|Rock Slide|[from] ability: Electromorphosis\n|faint|p2a: Raichu\n|move|p2b: Bellibolt|Thunderbolt|p1b: Gallade\n|-damage|p1b: Gallade|0 fnt\n|faint|p1b: Gallade\n|-end|p2b: Bellibolt|Charge|[silent]\n|\n|win|Soda_Machine4\n|raw|No1NumelFan's rating: 1042 &rarr; <strong>1024</strong><br />(-18 for losing)\n|raw|Soda_Machine4's rating: 1005 &rarr; <strong>1048</strong><br />(+43 for winning)\n|c|\u2606Soda_Machine4|Speed tie\n|c|\u2606Soda_Machine4|I think?\n|c|\u2606No1NumelFan|but it wasnt scarf right?\n|c|\u2606Soda_Machine4|Nope\n|c|\u2606No1NumelFan|huh\n|c|\u2606No1NumelFan|guess well never know\n|c|\u2606No1NumelFan|gg\n|c|\u2606Soda_Machine4|wait was ur starmie speed boosted nature\n|c|\u2606No1NumelFan|yeah\n|c|\u2606No1NumelFan|and scarfed\n|c|\u2606Soda_Machine4|I\u2019m so confused \ud83d\ude2d\n|c|\u2606Soda_Machine4|Oh wait I had tailwind up\n|c|\u2606No1NumelFan|oooh yeah\n|c|\u2606No1NumelFan|checks out\n|c|\u2606Soda_Machine4|Well this team is designed to be rly dumb anyway\n|c|\u2606Soda_Machine4|gg\n|c|\u2606No1NumelFan|gg\n|l|\u2606No1NumelFan\n|player|p1|\n",
  "uploadtime": 1776210874,
  "views": 23,
  "formatid": "gen9championsvgc2026regma",
  "rating": 1024,
  "private": 0,
  "password": null
}