{
  "id": "gen9championsvgc2026regma-2581265551",
  "format": "[Gen 9 Champions] VGC 2026 Reg M-A",
  "players": [
    "sjysjy",
    "yamede\u86c7\u5982"
  ],
  "log": "|j|\u2606sjysjy\n|j|\u2606yamede\u86c7\u5982\n|t:|1775978479\n|gametype|doubles\n|player|p1|sjysjy|265|1373\n|player|p2|yamede\u86c7\u5982|265|1453\n|gen|9\n|tier|[Gen 9 Champions] VGC 2026 Reg M-A\n|rated|\n|rule|Species Clause: Limit one of each Pok\u00e9mon\n|rule|Item Clause: Limit 1 of each item\n|clearpoke\n|poke|p1|Gengar, L50, M|\n|poke|p1|Garchomp, L50, M|\n|poke|p1|Whimsicott, L50, M|\n|poke|p1|Typhlosion-Hisui, L50, F|\n|poke|p1|Kingambit, L50, M|\n|poke|p1|Rotom-Wash, L50|\n|poke|p2|Tyranitar, L50, M|\n|poke|p2|Milotic, L50, F|\n|poke|p2|Excadrill, L50, F|\n|poke|p2|Gardevoir, L50, F|\n|poke|p2|Incineroar, L50, M|\n|poke|p2|Sinistcha, L50|\n|teampreview|4\n|inactive|Battle timer is ON: inactive players will automatically lose when time's up. (requested by yamede\u86c7\u5982)\n|inactive|yamede\u86c7\u5982 has 60 seconds left.\n|inactive|yamede\u86c7\u5982 has 30 seconds left.\n|inactive|yamede\u86c7\u5982 has 20 seconds left.\n|inactive|yamede\u86c7\u5982 has 15 seconds left.\n|inactive|yamede\u86c7\u5982 has 10 seconds left.\n|\n|t:|1775978563\n|teamsize|p1|4\n|teamsize|p2|4\n|start\n|switch|p1a: Kingambit|Kingambit, L50, M|100/100\n|switch|p1b: Rotom|Rotom-Wash, L50|100/100\n|switch|p2a: Incineroar|Incineroar, L50, M|100/100\n|switch|p2b: Milotic|Milotic, L50, F, shiny|100/100\n|-ability|p2a: Incineroar|Intimidate|boost\n|-unboost|p1a: Kingambit|atk|1\n|-ability|p1a: Kingambit|Defiant|boost\n|-boost|p1a: Kingambit|atk|2\n|-unboost|p1b: Rotom|atk|1\n|turn|1\n|\n|t:|1775978587\n|move|p2a: Incineroar|Fake Out|p1b: Rotom\n|-damage|p1b: Rotom|88/100\n|cant|p1b: Rotom|flinch\n|move|p2b: Milotic|Coil|p2b: Milotic\n|-boost|p2b: Milotic|atk|1\n|-boost|p2b: Milotic|def|1\n|-boost|p2b: Milotic|accuracy|1\n|move|p1a: Kingambit|Low Kick|p2a: Incineroar\n|-supereffective|p2a: Incineroar|1\n|-damage|p2a: Incineroar|28/100\n|\n|upkeep\n|turn|2\n|inactive|sjysjy has 30 seconds left.\n|inactive|yamede\u86c7\u5982 has 30 seconds left.\n|inactive|yamede\u86c7\u5982 has 20 seconds left.\n|inactive|sjysjy has 20 seconds left.\n|inactive|yamede\u86c7\u5982 has 15 seconds left.\n|inactive|sjysjy has 15 seconds left.\n|inactive|yamede\u86c7\u5982 has 10 seconds left.\n|inactive|yamede\u86c7\u5982 has 5 seconds left.\n|\n|t:|1775978638\n|switch|p2a: Tyranitar|Tyranitar, L50, M|100/100\n|-weather|Sandstorm|[from] ability: Sand Stream|[of] p2a: Tyranitar\n|move|p1b: Rotom|Volt Switch|p2a: Tyranitar\n|-damage|p2a: Tyranitar|82/100\n|\n|t:|1775978645\n|switch|p1b: Garchomp|Garchomp, L50, M|100/100|[from] Volt Switch\n|move|p2b: Milotic|Hypnosis|p1a: Kingambit\n|-status|p1a: Kingambit|slp|[from] move: Hypnosis\n|cant|p1a: Kingambit|slp\n|\n|-weather|Sandstorm|[upkeep]\n|-damage|p2b: Milotic|95/100|[from] Sandstorm\n|-heal|p2b: Milotic|100/100|[from] item: Leftovers\n|upkeep\n|turn|3\n|inactive|yamede\u86c7\u5982 has 30 seconds left.\n|inactive|yamede\u86c7\u5982 has 20 seconds left.\n|j| gE1xjZRtuhW2DdT0AK\n|inactive|yamede\u86c7\u5982 has 15 seconds left.\n|inactive|yamede\u86c7\u5982 has 10 seconds left.\n|inactive|yamede\u86c7\u5982 has 5 seconds left.\n|\n|t:|1775978697\n|switch|p1b: Rotom|Rotom-Wash, L50|88/100\n|move|p2a: Tyranitar|Knock Off|p1a: Kingambit\n|-resisted|p1a: Kingambit|1\n|-damage|p1a: Kingambit|83/100 slp\n|-enditem|p1a: Kingambit|Black Glasses|[from] move: Knock Off|[of] p2a: Tyranitar\n|move|p2b: Milotic|Coil|p2b: Milotic\n|-boost|p2b: Milotic|atk|1\n|-boost|p2b: Milotic|def|1\n|-boost|p2b: Milotic|accuracy|1\n|-curestatus|p1a: Kingambit|slp|[msg]\n|move|p1a: Kingambit|Low Kick|p2a: Tyranitar\n|-supereffective|p2a: Tyranitar|2\n|-damage|p2a: Tyranitar|0 fnt\n|faint|p2a: Tyranitar\n|\n|-weather|Sandstorm|[upkeep]\n|-damage|p1b: Rotom|82/100|[from] Sandstorm\n|-damage|p2b: Milotic|95/100|[from] Sandstorm\n|-heal|p2b: Milotic|100/100|[from] item: Leftovers\n|upkeep\n|\n|t:|1775978714\n|switch|p2a: Excadrill|Excadrill, L50, F|100/100\n|turn|4\n|\n|t:|1775978728\n|move|p2a: Excadrill|Protect|p2a: Excadrill\n|-singleturn|p2a: Excadrill|Protect\n|move|p1a: Kingambit|Protect|p1a: Kingambit\n|-singleturn|p1a: Kingambit|Protect\n|move|p1b: Rotom|Will-O-Wisp|p2a: Excadrill\n|-activate|p2a: Excadrill|move: Protect\n|move|p2b: Milotic|Hypnosis|p1b: Rotom\n|-status|p1b: Rotom|slp|[from] move: Hypnosis\n|\n|-weather|Sandstorm|[upkeep]\n|-damage|p1b: Rotom|76/100 slp|[from] Sandstorm\n|-damage|p2b: Milotic|95/100|[from] Sandstorm\n|-heal|p2b: Milotic|100/100|[from] item: Leftovers\n|upkeep\n|turn|5\n|inactive|sjysjy has 30 seconds left.\n|inactive|yamede\u86c7\u5982 has 30 seconds left.\n|\n|t:|1775978758\n|switch|p2a: Incineroar|Incineroar, L50, M|28/100\n|-ability|p2a: Incineroar|Intimidate|boost\n|-unboost|p1a: Kingambit|atk|1\n|-ability|p1a: Kingambit|Defiant|boost\n|-boost|p1a: Kingambit|atk|2\n|-unboost|p1b: Rotom|atk|1\n|move|p1a: Kingambit|Sucker Punch||[still]\n|-fail|p1a: Kingambit\n|cant|p1b: Rotom|slp\n|move|p2b: Milotic|Hypnosis|p1a: Kingambit\n|-status|p1a: Kingambit|slp|[from] move: Hypnosis\n|\n|-weather|Sandstorm|[upkeep]\n|-damage|p1b: Rotom|70/100 slp|[from] Sandstorm\n|-damage|p2b: Milotic|95/100|[from] Sandstorm\n|-damage|p2a: Incineroar|22/100|[from] Sandstorm\n|-heal|p2b: Milotic|100/100|[from] item: Leftovers\n|upkeep\n|turn|6\n|\n|t:|1775978781\n|cant|p1a: Kingambit|slp\n|-curestatus|p1b: Rotom|slp|[msg]\n|move|p1b: Rotom|Volt Switch|p2a: Incineroar\n|-damage|p2a: Incineroar|0 fnt\n|faint|p2a: Incineroar\n|\n|t:|1775978788\n|switch|p1b: Whimsicott|Whimsicott, L50, M|100/100|[from] Volt Switch\n|move|p2b: Milotic|Muddy Water|p1a: Kingambit|[spread] p1a,p1b\n|-resisted|p1b: Whimsicott|1\n|-damage|p1a: Kingambit|59/100 slp\n|-damage|p1b: Whimsicott|79/100\n|-unboost|p1b: Whimsicott|accuracy|1\n|\n|-weather|none\n|upkeep\n|\n|t:|1775978791\n|switch|p2a: Excadrill|Excadrill, L50, F|100/100\n|turn|7\n|\n|t:|1775978813\n|move|p1b: Whimsicott|Encore|p2b: Milotic\n|-start|p2b: Milotic|Encore\n|cant|p1a: Kingambit|slp\n|move|p2a: Excadrill|High Horsepower|p1a: Kingambit\n|-supereffective|p1a: Kingambit|1\n|-damage|p1a: Kingambit|0 fnt\n|faint|p1a: Kingambit\n|move|p2b: Milotic|Muddy Water|p1b: Whimsicott\n|-resisted|p1b: Whimsicott|1\n|-damage|p1b: Whimsicott|54/100\n|\n|upkeep\n|\n|t:|1775978822\n|switch|p1a: Garchomp|Garchomp, L50, M|100/100\n|turn|8\n|\n|t:|1775978840\n|move|p1b: Whimsicott|Tailwind|p1b: Whimsicott\n|-sidestart|p1: sjysjy|move: Tailwind\n|move|p1a: Garchomp|Earthquake|p2b: Milotic|[spread] p1b,p2a,p2b\n|-resisted|p1b: Whimsicott|1\n|-supereffective|p2a: Excadrill|1\n|-damage|p1b: Whimsicott|25/100\n|-enditem|p2a: Excadrill|Focus Sash\n|-damage|p2a: Excadrill|1/100\n|-damage|p2b: Milotic|83/100\n|move|p2a: Excadrill|Iron Head|p1b: Whimsicott\n|-supereffective|p1b: Whimsicott|1\n|-damage|p1b: Whimsicott|0 fnt\n|faint|p1b: Whimsicott\n|move|p2b: Milotic|Muddy Water|p1a: Garchomp\n|-damage|p1a: Garchomp|64/100\n|-unboost|p1a: Garchomp|accuracy|1\n|\n|-heal|p1a: Garchomp|70/100|[from] item: Leftovers\n|-heal|p2b: Milotic|89/100|[from] item: Leftovers\n|upkeep\n|\n|t:|1775978849\n|switch|p1b: Rotom|Rotom-Wash, L50|70/100\n|turn|9\n|\n|t:|1775978863\n|move|p2a: Excadrill|Protect|p2a: Excadrill\n|-singleturn|p2a: Excadrill|Protect\n|move|p1a: Garchomp|Earthquake|p2b: Milotic|[spread] p2b\n|-activate|p2a: Excadrill|move: Protect\n|-immune|p1b: Rotom|[from] ability: Levitate\n|-damage|p2b: Milotic|69/100\n|move|p1b: Rotom|Thunderbolt|p2b: Milotic\n|-supereffective|p2b: Milotic|1\n|-damage|p2b: Milotic|30/100\n|move|p2b: Milotic|Muddy Water|p1a: Garchomp|[spread] p1a,p1b\n|-resisted|p1b: Rotom|1\n|-damage|p1a: Garchomp|44/100\n|-damage|p1b: Rotom|58/100\n|\n|-heal|p1a: Garchomp|50/100|[from] item: Leftovers\n|-heal|p2b: Milotic|36/100|[from] item: Leftovers\n|-end|p2b: Milotic|Encore\n|upkeep\n|turn|10\n|j| Winieska Rambulera\n|inactive|yamede\u86c7\u5982 has 30 seconds left.\n|\n|t:|1775978891\n|move|p2a: Excadrill|Protect||[still]\n|-fail|p2a: Excadrill\n|move|p1a: Garchomp|Earthquake|p2a: Excadrill|[spread] p2a,p2b\n|-immune|p1b: Rotom|[from] ability: Levitate\n|-supereffective|p2a: Excadrill|1\n|-damage|p2a: Excadrill|0 fnt\n|-damage|p2b: Milotic|15/100\n|faint|p2a: Excadrill\n|move|p1b: Rotom|Thunderbolt|p2b: Milotic\n|-supereffective|p2b: Milotic|1\n|-damage|p2b: Milotic|0 fnt\n|faint|p2b: Milotic\n|\n|win|sjysjy\n|raw|sjysjy's rating: 1373 &rarr; <strong>1398</strong><br />(+25 for winning)\n|raw|yamede\u86c7\u5982's rating: 1453 &rarr; <strong>1428</strong><br />(-25 for losing)\n|l|\u2606sjysjy\n|player|p1|\n",
  "uploadtime": 1775978906,
  "views": 83,
  "formatid": "gen9championsvgc2026regma",
  "rating": 1398,
  "private": 0,
  "password": null
}