{
  "id": "gen9championsvgc2026regma-2585031112",
  "format": "[Gen 9 Champions] VGC 2026 Reg M-A",
  "players": [
    "Danwrench",
    "sotero23"
  ],
  "log": "|j|\u2606Danwrench\n|j|\u2606sotero23\n|t:|1776304989\n|gametype|doubles\n|player|p1|Danwrench|170|1240\n|player|p2|sotero23|veteran|1321\n|gen|9\n|tier|[Gen 9 Champions] VGC 2026 Reg M-A\n|rated|\n|rule|Species Clause: Limit one of each Pok\u00e9mon\n|rule|Item Clause: Limit 1 of each item\n|clearpoke\n|poke|p1|Farigiraf, L50, M|\n|poke|p1|Mamoswine, L50, F|\n|poke|p1|Sinistcha, L50|\n|poke|p1|Torkoal, L50, F|\n|poke|p1|Ampharos, L50, F|\n|poke|p1|Machamp, L50, M|\n|poke|p2|Incineroar, L50, M|\n|poke|p2|Floette-Eternal, L50, F|\n|poke|p2|Sinistcha, L50|\n|poke|p2|Palafin, L50, M|\n|poke|p2|Aerodactyl, L50, F|\n|poke|p2|Sneasler, L50, F|\n|teampreview|4\n|inactive|Battle timer is ON: inactive players will automatically lose when time's up. (requested by Danwrench)\n|inactive|Danwrench has 60 seconds left.\n|inactive|sotero23 has 60 seconds left.\n|inactive|Danwrench has 30 seconds left.\n|\n|t:|1776305059\n|teamsize|p1|4\n|teamsize|p2|4\n|start\n|switch|p1a: Farigiraf|Farigiraf, L50, M|100/100\n|switch|p1b: Machamp|Machamp, L50, M|100/100\n|switch|p2a: Floette|Floette-Eternal, L50, F|100/100\n|switch|p2b: Aerodactyl|Aerodactyl, L50, F|100/100\n|turn|1\n|inactive|Danwrench has 30 seconds left.\n|inactive|Danwrench has 20 seconds left.\n|\n|t:|1776305094\n|detailschange|p2a: Floette|Floette-Mega, L50, F\n|-mega|p2a: Floette|Floette|Floettite\n|-ability|p2a: Floette|Fairy Aura\n|move|p1b: Machamp|Bullet Punch|p2b: Aerodactyl\n|-supereffective|p2b: Aerodactyl|1\n|-damage|p2b: Aerodactyl|52/100\n|move|p2b: Aerodactyl|Rock Slide|p1a: Farigiraf|[spread] p1a,p1b\n|-resisted|p1b: Machamp|1\n|-damage|p1a: Farigiraf|79/100\n|-damage|p1b: Machamp|86/100\n|move|p2a: Floette|Calm Mind|p2a: Floette\n|-boost|p2a: Floette|spa|1\n|-boost|p2a: Floette|spd|1\n|move|p1a: Farigiraf|Trick Room|p1a: Farigiraf\n|-fieldstart|move: Trick Room|[of] p1a: Farigiraf\n|\n|upkeep\n|turn|2\n|inactive|Danwrench has 30 seconds left.\n|\n|t:|1776305120\n|switch|p2b: Incineroar|Incineroar, L50, M|100/100\n|-ability|p2b: Incineroar|Intimidate|boost\n|-unboost|p1a: Farigiraf|atk|1\n|-unboost|p1b: Machamp|atk|1\n|move|p1b: Machamp|Bullet Punch|p2a: Floette\n|-supereffective|p2a: Floette|1\n|-damage|p2a: Floette|81/100\n|move|p1a: Farigiraf|Hyper Voice|p2b: Incineroar|[spread] p2a,p2b\n|-damage|p2a: Floette|67/100\n|-damage|p2b: Incineroar|77/100\n|move|p2a: Floette|Calm Mind|p2a: Floette\n|-boost|p2a: Floette|spa|1\n|-boost|p2a: Floette|spd|1\n|\n|upkeep\n|turn|3\n|\n|t:|1776305141\n|switch|p2b: Palafin|Palafin, L50, M|100/100\n|move|p1b: Machamp|Cross Chop|p2b: Palafin\n|-damage|p2b: Palafin|44/100\n|move|p1a: Farigiraf|Hyper Voice|p2a: Floette|[spread] p2a,p2b\n|-damage|p2a: Floette|55/100\n|-damage|p2b: Palafin|5/100\n|move|p2a: Floette|Dazzling Gleam|p1b: Machamp|[spread] p1a,p1b\n|-crit|p1a: Farigiraf\n|-supereffective|p1b: Machamp|1\n|-damage|p1a: Farigiraf|0 fnt\n|-damage|p1b: Machamp|0 fnt\n|faint|p1a: Farigiraf\n|faint|p1b: Machamp\n|\n|upkeep\n|\n|t:|1776305157\n|switch|p1b: Mamoswine|Mamoswine, L50, F|100/100\n|switch|p1a: Ampharos|Ampharos, L50, F, shiny|100/100\n|turn|4\n|inactive|Danwrench has 30 seconds left.\n|\n|t:|1776305190\n|move|p2a: Floette|Protect|p2a: Floette\n|-singleturn|p2a: Floette|Protect\n|move|p2b: Palafin|Jet Punch|p1b: Mamoswine\n|-supereffective|p1b: Mamoswine|1\n|-damage|p1b: Mamoswine|56/100\n|move|p1a: Ampharos|Thunderbolt|p2b: Palafin\n|-supereffective|p2b: Palafin|1\n|-damage|p2b: Palafin|0 fnt\n|faint|p2b: Palafin\n|move|p1b: Mamoswine|Heavy Slam|p2a: Floette\n|-activate|p2a: Floette|move: Protect\n|\n|upkeep\n|\n|t:|1776305198\n|switch|p2b: Incineroar|Incineroar, L50, M|77/100\n|-ability|p2b: Incineroar|Intimidate|boost\n|-unboost|p1a: Ampharos|atk|1\n|-unboost|p1b: Mamoswine|atk|1\n|turn|5\n|\n|t:|1776305210\n|detailschange|p1a: Ampharos|Ampharos-Mega, L50, F, shiny\n|-mega|p1a: Ampharos|Ampharos|Ampharosite\n|-ability|p1a: Ampharos|Mold Breaker\n|move|p2b: Incineroar|Fake Out|p1b: Mamoswine\n|-damage|p1b: Mamoswine|46/100\n|move|p1a: Ampharos|Thunderbolt|p2a: Floette\n|-damage|p2a: Floette|33/100\n|cant|p1b: Mamoswine|flinch\n|move|p2a: Floette|Dazzling Gleam|p1a: Ampharos|[spread] p1a,p1b\n|-supereffective|p1a: Ampharos|1\n|-damage|p1a: Ampharos|0 fnt\n|-damage|p1b: Mamoswine|0 fnt\n|faint|p1a: Ampharos\n|faint|p1b: Mamoswine\n|\n|win|sotero23\n|raw|Danwrench's rating: 1240 &rarr; <strong>1221</strong><br />(-19 for losing)\n|raw|sotero23's rating: 1321 &rarr; <strong>1336</strong><br />(+15 for winning)\n|l|\u2606Danwrench\n|player|p1|\n",
  "uploadtime": 1776305241,
  "views": 27,
  "formatid": "gen9championsvgc2026regma",
  "rating": 1221,
  "private": 0,
  "password": null
}