{
  "id": "gen9championsvgc2026regma-2583760490",
  "format": "[Gen 9 Champions] VGC 2026 Reg M-A",
  "players": [
    "tiagoballed",
    "G00bermeister69420"
  ],
  "log": "|j|\u2606tiagoballed\n|j|\u2606G00bermeister69420\n|t:|1776195861\n|gametype|doubles\n|player|p1|tiagoballed|170|1000\n|player|p2|G00bermeister69420|hiker-gen4|1078\n|gen|9\n|tier|[Gen 9 Champions] VGC 2026 Reg M-A\n|rated|\n|rule|Species Clause: Limit one of each Pok\u00e9mon\n|rule|Item Clause: Limit 1 of each item\n|clearpoke\n|poke|p1|Dragapult, L50, M|\n|poke|p1|Kingambit, L50, M|\n|poke|p1|Talonflame, L50, F|\n|poke|p1|Froslass, L50, F|\n|poke|p1|Sneasler, L50, M|\n|poke|p1|Dragonite, L50, F|\n|poke|p2|Basculegion, L50, M|\n|poke|p2|Pelipper, L50, M|\n|poke|p2|Manectric, L50, M|\n|poke|p2|Drampa, L50, M|\n|poke|p2|Garchomp, L50, F|\n|poke|p2|Decidueye-Hisui, L50, M|\n|teampreview|4\n|inactive|Battle timer is ON: inactive players will automatically lose when time's up. (requested by tiagoballed)\n|\n|t:|1776195900\n|teamsize|p1|4\n|teamsize|p2|4\n|start\n|switch|p1a: Dragapult|Dragapult, L50, M|100/100\n|switch|p1b: Kingambit|Kingambit, L50, M|100/100\n|switch|p2a: Pelipper|Pelipper, L50, M|100/100\n|switch|p2b: Manectric|Manectric, L50, M|100/100\n|-weather|RainDance|[from] ability: Drizzle|[of] p2a: Pelipper\n|turn|1\n|\n|t:|1776195918\n|detailschange|p2b: Manectric|Manectric-Mega, L50, M\n|-mega|p2b: Manectric|Manectric|Manectite\n|-ability|p2b: Manectric|Intimidate|boost\n|-fail|p1a: Dragapult|unboost|[from] ability: Clear Body|[of] p1a: Dragapult\n|-unboost|p1b: Kingambit|atk|1\n|-ability|p1b: Kingambit|Defiant|boost\n|-boost|p1b: Kingambit|atk|2\n|move|p1a: Dragapult|Light Screen|p1a: Dragapult\n|-sidestart|p1: tiagoballed|move: Light Screen\n|move|p2a: Pelipper|Soak|p1b: Kingambit\n|-start|p1b: Kingambit|typechange|Water\n|move|p2b: Manectric|Thunder|p1b: Kingambit\n|-supereffective|p1b: Kingambit|1\n|-damage|p1b: Kingambit|13/100\n|move|p1b: Kingambit|Swords Dance|p1b: Kingambit\n|-boost|p1b: Kingambit|atk|2\n|\n|-weather|RainDance|[upkeep]\n|upkeep\n|turn|2\n|inactive|tiagoballed has 30 seconds left.\n|\n|t:|1776195953\n|switch|p1a: Froslass|Froslass, L50, F|100/100\n|move|p1b: Kingambit|Protect|p1b: Kingambit\n|-singleturn|p1b: Kingambit|Protect\n|move|p2a: Pelipper|Soak|p1a: Froslass\n|-start|p1a: Froslass|typechange|Water\n|move|p2b: Manectric|Thunder|p1b: Kingambit\n|-activate|p1b: Kingambit|move: Protect\n|\n|-weather|RainDance|[upkeep]\n|upkeep\n|turn|3\n|inactive|G00bermeister69420 has 30 seconds left.\n|\n|t:|1776195984\n|switch|p2a: Decidueye|Decidueye-Hisui, L50, M|100/100\n|detailschange|p1a: Froslass|Froslass-Mega, L50, F\n|-mega|p1a: Froslass|Froslass|Froslassite\n|-weather|Snowscape|[from] ability: Snow Warning|[of] p1a: Froslass\n|move|p1b: Kingambit|Sucker Punch|p2b: Manectric\n|-damage|p2b: Manectric|0 fnt\n|faint|p2b: Manectric\n|move|p1a: Froslass|Nasty Plot|p1a: Froslass\n|-boost|p1a: Froslass|spa|2\n|\n|-weather|Snowscape|[upkeep]\n|upkeep\n|\n|t:|1776195997\n|switch|p2b: Pelipper|Pelipper, L50, M|100/100\n|-weather|RainDance|[from] ability: Drizzle|[of] p2b: Pelipper\n|turn|4\n|\n|t:|1776196015\n|move|p2a: Decidueye|Protect|p2a: Decidueye\n|-singleturn|p2a: Decidueye|Protect\n|move|p1b: Kingambit|Sucker Punch||[still]\n|-fail|p1b: Kingambit\n|move|p2b: Pelipper|Tailwind|p2b: Pelipper\n|-sidestart|p2: G00bermeister69420|move: Tailwind\n|move|p1a: Froslass|Shadow Ball|p2b: Pelipper\n|-damage|p2b: Pelipper|0 fnt\n|faint|p2b: Pelipper\n|\n|-weather|RainDance|[upkeep]\n|upkeep\n|\n|t:|1776196025\n|switch|p2b: Basculegion|Basculegion, L50, M|100/100\n|turn|5\n|\n|t:|1776196044\n|move|p1b: Kingambit|Sucker Punch|p2b: Basculegion\n|-supereffective|p2b: Basculegion|1\n|-enditem|p2b: Basculegion|Focus Sash\n|-damage|p2b: Basculegion|1/100\n|move|p2b: Basculegion|Last Respects|p1a: Froslass\n|-supereffective|p1a: Froslass|1\n|-damage|p1a: Froslass|0 fnt\n|faint|p1a: Froslass\n|move|p2a: Decidueye|Taunt|p1b: Kingambit\n|-start|p1b: Kingambit|move: Taunt\n|\n|-weather|RainDance|[upkeep]\n|-sideend|p1: tiagoballed|move: Light Screen\n|upkeep\n|\n|t:|1776196058\n|switch|p1a: Dragapult|Dragapult, L50, M|100/100\n|turn|6\n|\n|t:|1776196076\n|move|p1a: Dragapult|Sucker Punch||[still]\n|-fail|p1a: Dragapult\n|move|p1b: Kingambit|Sucker Punch|p2a: Decidueye\n|-resisted|p2a: Decidueye|1\n|-damage|p2a: Decidueye|61/100\n|move|p2b: Basculegion|Soak|p1a: Dragapult\n|-start|p1a: Dragapult|typechange|Water\n|move|p2a: Decidueye|Leaf Blade|p1a: Dragapult\n|-supereffective|p1a: Dragapult|1\n|-crit|p1a: Dragapult\n|-enditem|p1a: Dragapult|Focus Sash\n|-damage|p1a: Dragapult|1/100\n|\n|-weather|RainDance|[upkeep]\n|upkeep\n|turn|7\n|\n|t:|1776196095\n|move|p2a: Decidueye|Protect|p2a: Decidueye\n|-singleturn|p2a: Decidueye|Protect\n|move|p1a: Dragapult|Sucker Punch||[still]\n|-fail|p1a: Dragapult\n|move|p1b: Kingambit|Sucker Punch||[still]\n|-fail|p1b: Kingambit\n|move|p2b: Basculegion|Last Respects|p1b: Kingambit\n|-damage|p1b: Kingambit|0 fnt\n|faint|p1b: Kingambit\n|\n|-weather|RainDance|[upkeep]\n|-sideend|p2: G00bermeister69420|move: Tailwind\n|upkeep\n|\n|t:|1776196108\n|switch|p1b: Dragonite|Dragonite, L50, F|100/100\n|turn|8\n|\n|t:|1776196122\n|move|p2a: Decidueye|Protect||[still]\n|-fail|p2a: Decidueye\n|move|p1a: Dragapult|Sucker Punch||[still]\n|-fail|p1a: Dragapult\n|move|p2b: Basculegion|Soak|p1b: Dragonite\n|-start|p1b: Dragonite|typechange|Water\n|move|p1b: Dragonite|Draco Meteor|p2a: Decidueye\n|-damage|p2a: Decidueye|17/100\n|-unboost|p1b: Dragonite|spa|2\n|\n|-weather|none\n|upkeep\n|turn|9\n|\n|t:|1776196141\n|move|p1a: Dragapult|Sucker Punch|p2a: Decidueye\n|-resisted|p2a: Decidueye|1\n|-damage|p2a: Decidueye|2/100\n|move|p1b: Dragonite|Thunderbolt|p2b: Basculegion\n|-supereffective|p2b: Basculegion|1\n|-damage|p2b: Basculegion|0 fnt\n|faint|p2b: Basculegion\n|move|p2a: Decidueye|Leaf Blade|p1b: Dragonite\n|-supereffective|p1b: Dragonite|1\n|-damage|p1b: Dragonite|4/100\n|\n|upkeep\n|turn|10\n|\n|t:|1776196155\n|move|p1a: Dragapult|Sucker Punch|p2a: Decidueye\n|-resisted|p2a: Decidueye|1\n|-damage|p2a: Decidueye|0 fnt\n|faint|p2a: Decidueye\n|\n|win|tiagoballed\n|raw|tiagoballed's rating: 1000 &rarr; <strong>1049</strong><br />(+49 for winning)\n|raw|G00bermeister69420's rating: 1078 &rarr; <strong>1052</strong><br />(-26 for losing)\n|l|\u2606G00bermeister69420\n|player|p2|\n|j|\u2606G00bermeister69420\n|player|p2|G00bermeister69420|hiker-gen4|\n",
  "uploadtime": 1776196166,
  "views": 17,
  "formatid": "gen9championsvgc2026regma",
  "rating": 1049,
  "private": 0,
  "password": null
}