{
  "id": "gen9championsvgc2026regma-2587376150",
  "format": "[Gen 9 Champions] VGC 2026 Reg M-A",
  "players": [
    "spectralwater",
    "Teufcraft"
  ],
  "log": "|j|\u2606spectralwater\n|j|\u2606Teufcraft\n|t:|1776526619\n|gametype|doubles\n|player|p1|spectralwater|hilbert|1048\n|player|p2|Teufcraft|fantina|1037\n|gen|9\n|tier|[Gen 9 Champions] VGC 2026 Reg M-A\n|rated|\n|rule|Species Clause: Limit one of each Pok\u00e9mon\n|rule|Item Clause: Limit 1 of each item\n|clearpoke\n|poke|p1|Alakazam, L50, M, shiny|\n|poke|p1|Aegislash, L50, M, shiny|\n|poke|p1|Whimsicott, L50, F, shiny|\n|poke|p1|Chesnaught, L50, M, shiny|\n|poke|p1|Dragonite, L50, M, shiny|\n|poke|p1|Farigiraf, L50, F, shiny|\n|poke|p2|Ceruledge, L50, F, shiny|\n|poke|p2|Sneasler, L50, F|\n|poke|p2|Milotic, L50, M|\n|poke|p2|Lopunny, L50, M|\n|poke|p2|Garchomp, L50, M|\n|poke|p2|Aerodactyl, L50, M|\n|teampreview|4\n|\n|t:|1776526652\n|teamsize|p1|4\n|teamsize|p2|4\n|start\n|switch|p1a: Alakazam|Alakazam, L50, M, shiny|100/100\n|switch|p1b: Farigiraf|Farigiraf, L50, F, shiny|100/100\n|switch|p2a: Lopunny|Lopunny, L50, M|100/100\n|switch|p2b: Sneasler|Sneasler, L50, F|100/100\n|turn|1\n|\n|t:|1776526683\n|detailschange|p1a: Alakazam|Alakazam-Mega, L50, M, shiny\n|-mega|p1a: Alakazam|Alakazam|Alakazite\n|-ability|p1a: Alakazam|Poison Touch|Trace|[from] ability: Trace|[of] p2b: Sneasler\n|detailschange|p2a: Lopunny|Lopunny-Mega, L50, M\n|-mega|p2a: Lopunny|Lopunny|Lopunnite\n|move|p1a: Alakazam|Attract|p2a: Lopunny\n|-immune|p2a: Lopunny\n|move|p2a: Lopunny|Close Combat|p1b: Farigiraf\n|-damage|p1b: Farigiraf|46/100\n|-unboost|p2a: Lopunny|def|1\n|-unboost|p2a: Lopunny|spd|1\n|move|p2b: Sneasler|Close Combat|p1b: Farigiraf\n|-damage|p1b: Farigiraf|0 fnt\n|-unboost|p2b: Sneasler|def|1\n|-unboost|p2b: Sneasler|spd|1\n|faint|p1b: Farigiraf\n|\n|upkeep\n|\n|t:|1776526702\n|switch|p1b: Whimsicott|Whimsicott, L50, F, shiny|100/100\n|turn|2\n|\n|t:|1776526716\n|move|p2a: Lopunny|Protect|p2a: Lopunny\n|-singleturn|p2a: Lopunny|Protect\n|move|p1b: Whimsicott|Encore|p2a: Lopunny\n|-activate|p2a: Lopunny|move: Protect\n|move|p1a: Alakazam|Psychic|p2b: Sneasler\n|-supereffective|p2b: Sneasler|2\n|-enditem|p2b: Sneasler|Payapa Berry|[eat]\n|-enditem|p2b: Sneasler|Payapa Berry|[weaken]\n|-damage|p2b: Sneasler|0 fnt\n|faint|p2b: Sneasler\n|\n|upkeep\n|\n|t:|1776526726\n|switch|p2b: Ceruledge|Ceruledge, L50, F, shiny|100/100\n|turn|3\n|\n|t:|1776526735\n|switch|p2a: Garchomp|Garchomp, L50, M|100/100\n|move|p1b: Whimsicott|Attract|p2a: Garchomp\n|-start|p2a: Garchomp|Attract\n|move|p1a: Alakazam|Attract|p2b: Ceruledge\n|-start|p2b: Ceruledge|Attract\n|-activate|p2b: Ceruledge|move: Attract|[of] p1a: Alakazam\n|cant|p2b: Ceruledge|Attract\n|\n|upkeep\n|turn|4\n|\n|t:|1776526753\n|move|p1b: Whimsicott|Tailwind|p1b: Whimsicott\n|-sidestart|p1: spectralwater|move: Tailwind\n|move|p1a: Alakazam|Dazzling Gleam|p2a: Garchomp|[spread] p2a,p2b\n|-supereffective|p2a: Garchomp|1\n|-resisted|p2b: Ceruledge|1\n|-damage|p2a: Garchomp|43/100\n|-damage|p2b: Ceruledge|84/100\n|-activate|p2a: Garchomp|move: Attract|[of] p1b: Whimsicott\n|cant|p2a: Garchomp|Attract\n|-activate|p2b: Ceruledge|move: Attract|[of] p1a: Alakazam\n|cant|p2b: Ceruledge|Attract\n|\n|upkeep\n|turn|5\n|\n|t:|1776526771\n|move|p1b: Whimsicott|Protect|p1b: Whimsicott\n|-singleturn|p1b: Whimsicott|Protect\n|move|p1a: Alakazam|Dazzling Gleam|p2a: Garchomp|[spread] p2a,p2b\n|-supereffective|p2a: Garchomp|1\n|-resisted|p2b: Ceruledge|1\n|-damage|p2a: Garchomp|0 fnt\n|-damage|p2b: Ceruledge|70/100\n|faint|p2a: Garchomp\n|-activate|p2b: Ceruledge|move: Attract|[of] p1a: Alakazam\n|cant|p2b: Ceruledge|Attract\n|\n|upkeep\n|\n|t:|1776526780\n|switch|p2a: Lopunny|Lopunny-Mega, L50, M|100/100\n|turn|6\n|\n|t:|1776526790\n|move|p2a: Lopunny|Fake Out|p1a: Alakazam\n|-damage|p1a: Alakazam|54/100\n|move|p1b: Whimsicott|Attract|p2a: Lopunny\n|-start|p2a: Lopunny|Attract\n|cant|p1a: Alakazam|flinch\n|-activate|p2b: Ceruledge|move: Attract|[of] p1a: Alakazam\n|cant|p2b: Ceruledge|Attract\n|\n|upkeep\n|turn|7\n|\n|t:|1776526806\n|move|p1b: Whimsicott|Encore|p2a: Lopunny\n|-start|p2a: Lopunny|Encore\n|-activate|p2a: Lopunny|move: Attract|[of] p1b: Whimsicott\n|cant|p2a: Lopunny|Attract\n|move|p1a: Alakazam|Psychic|p2b: Ceruledge\n|-damage|p2b: Ceruledge|5/100\n|-activate|p2b: Ceruledge|move: Attract|[of] p1a: Alakazam\n|move|p2b: Ceruledge|Shadow Claw|p1a: Alakazam\n|-supereffective|p1a: Alakazam|1\n|-damage|p1a: Alakazam|0 fnt\n|faint|p1a: Alakazam\n|-end|p2b: Ceruledge|Attract|[silent]\n|\n|-sideend|p1: spectralwater|move: Tailwind\n|upkeep\n|\n|t:|1776526822\n|switch|p1a: Dragonite|Dragonite, L50, M, shiny|100/100\n|turn|8\n|\n|t:|1776526846\n|move|p1b: Whimsicott|Tailwind|p1b: Whimsicott\n|-sidestart|p1: spectralwater|move: Tailwind\n|move|p1a: Dragonite|Hurricane|p2b: Ceruledge\n|-damage|p2b: Ceruledge|0 fnt\n|faint|p2b: Ceruledge\n|-activate|p2a: Lopunny|move: Attract|[of] p1b: Whimsicott\n|cant|p2a: Lopunny|Attract\n|\n|upkeep\n|turn|9\n|\n|t:|1776526861\n|move|p1b: Whimsicott|Protect|p1b: Whimsicott\n|-singleturn|p1b: Whimsicott|Protect\n|move|p1a: Dragonite|Dragon Dance|p1a: Dragonite\n|-boost|p1a: Dragonite|atk|1\n|-boost|p1a: Dragonite|spe|1\n|-activate|p2a: Lopunny|move: Attract|[of] p1b: Whimsicott\n|cant|p2a: Lopunny|Attract\n|\n|-end|p2a: Lopunny|Encore\n|upkeep\n|turn|10\n|\n|t:|1776526876\n|move|p1b: Whimsicott|Encore|p2a: Lopunny\n|-start|p2a: Lopunny|Encore\n|-activate|p2a: Lopunny|move: Attract|[of] p1b: Whimsicott\n|cant|p2a: Lopunny|Attract\n|move|p1a: Dragonite|Dragon Dance|p1a: Dragonite\n|-boost|p1a: Dragonite|atk|1\n|-boost|p1a: Dragonite|spe|1\n|\n|upkeep\n|turn|11\n|-message|Teufcraft forfeited.\n|\n|win|spectralwater\n|raw|spectralwater's rating: 1048 &rarr; <strong>1080</strong><br />(+32 for winning)\n|raw|Teufcraft's rating: 1037 &rarr; <strong>1022</strong><br />(-15 for losing)\n|l|\u2606Teufcraft\n|player|p2|\n",
  "uploadtime": 1776526896,
  "views": 31,
  "formatid": "gen9championsvgc2026regma",
  "rating": 1022,
  "private": 0,
  "password": null
}