{
  "id": "gen9championsvgc2026regma-2580736826",
  "format": "[Gen 9 Champions] VGC 2026 Reg M-A",
  "players": [
    "stupidonome",
    "sammg"
  ],
  "log": "|j|\u2606stupidonome\n|j|\u2606sammg\n|t:|1775928323\n|gametype|doubles\n|player|p1|stupidonome|clown|1269\n|player|p2|sammg|101|1287\n|gen|9\n|tier|[Gen 9 Champions] VGC 2026 Reg M-A\n|rated|\n|rule|Species Clause: Limit one of each Pok\u00e9mon\n|rule|Item Clause: Limit 1 of each item\n|clearpoke\n|poke|p1|Victreebel, L50, M|\n|poke|p1|Garchomp, L50, F|\n|poke|p1|Zoroark-Hisui, L50, F|\n|poke|p1|Orthworm, L50, F|\n|poke|p1|Delphox, L50, F|\n|poke|p1|Sneasler, L50, F|\n|poke|p2|Maushold-Four, L50|\n|poke|p2|Floette-Eternal, L50, F|\n|poke|p2|Garchomp, L50, M|\n|poke|p2|Talonflame, L50, M|\n|poke|p2|Rotom-Wash, L50|\n|poke|p2|Aegislash, L50, M|\n|teampreview|4\n|inactive|Battle timer is ON: inactive players will automatically lose when time's up. (requested by sammg)\n|c|\u2606stupidonome|hf\n|inactive|stupidonome has 60 seconds left.\n|inactive|sammg has 60 seconds left.\n|\n|t:|1775928366\n|teamsize|p1|4\n|teamsize|p2|4\n|start\n|switch|p1a: Orthworm|Orthworm, L50, F|100/100\n|switch|p1b: Delphox|Delphox, L50, F|100/100\n|switch|p2a: Talonflame|Talonflame, L50, M|100/100\n|switch|p2b: Maushold|Maushold-Four, L50|100/100\n|turn|1\n|\n|t:|1775928380\n|detailschange|p1b: Delphox|Delphox-Mega, L50, F\n|-mega|p1b: Delphox|Delphox|Delphoxite\n|move|p2a: Talonflame|Tailwind|p2a: Talonflame\n|-sidestart|p2: sammg|move: Tailwind\n|move|p2b: Maushold|Taunt|p1a: Orthworm\n|-start|p1a: Orthworm|move: Taunt\n|move|p1b: Delphox|Psychic|p2a: Talonflame\n|-damage|p2a: Talonflame|45/100\n|move|p1a: Orthworm|Icy Wind|p2b: Maushold|[spread] p2a,p2b\n|-damage|p2a: Talonflame|29/100\n|-damage|p2b: Maushold|83/100\n|-unboost|p2a: Talonflame|spe|1\n|-unboost|p2b: Maushold|spe|1\n|\n|upkeep\n|turn|2\n|\n|t:|1775928399\n|move|p1b: Delphox|Protect|p1b: Delphox\n|-singleturn|p1b: Delphox|Protect\n|move|p2a: Talonflame|Acrobatics|p1a: Orthworm\n|-damage|p1a: Orthworm|10/100\n|replace|p1a: Zoroark|Zoroark-Hisui, L50, F\n|-end|p1a: Zoroark|Illusion\n|move|p2b: Maushold|Super Fang|p1b: Delphox\n|-activate|p1b: Delphox|move: Protect\n|move|p1a: Zoroark|Icy Wind|p2a: Talonflame|[spread] p2a,p2b\n|-damage|p2a: Talonflame|13/100\n|-damage|p2b: Maushold|65/100\n|-unboost|p2a: Talonflame|spe|1\n|-unboost|p2b: Maushold|spe|1\n|\n|upkeep\n|turn|3\n|\n|t:|1775928412\n|move|p1b: Delphox|Heat Wave|p2b: Maushold|[spread] p2a,p2b\n|-resisted|p2a: Talonflame|1\n|-damage|p2a: Talonflame|0 fnt\n|-damage|p2b: Maushold|19/100\n|faint|p2a: Talonflame\n|move|p2b: Maushold|Super Fang|p1b: Delphox\n|-damage|p1b: Delphox|51/100\n|move|p1a: Zoroark|Icy Wind|p2b: Maushold\n|-damage|p2b: Maushold|0 fnt\n|faint|p2b: Maushold\n|\n|-end|p1a: Zoroark|move: Taunt\n|upkeep\n|\n|t:|1775928418\n|switch|p2a: Floette|Floette-Eternal, L50, F|100/100\n|switch|p2b: Garchomp|Garchomp, L50, M|100/100\n|turn|4\n|\n|t:|1775928437\n|detailschange|p2a: Floette|Floette-Mega, L50, F\n|-mega|p2a: Floette|Floette|Floettite\n|-ability|p2a: Floette|Fairy Aura\n|move|p1b: Delphox|Protect|p1b: Delphox\n|-singleturn|p1b: Delphox|Protect\n|move|p2b: Garchomp|Stone Edge|p1a: Zoroark\n|-damage|p1a: Zoroark|0 fnt\n|faint|p1a: Zoroark\n|move|p2a: Floette|Dazzling Gleam|p1b: Delphox\n|-activate|p1b: Delphox|move: Protect\n|\n|-sideend|p2: sammg|move: Tailwind\n|upkeep\n|\n|t:|1775928446\n|switch|p1a: Sneasler|Sneasler, L50, F|100/100\n|turn|5\n|inactive|stupidonome has 30 seconds left.\n|\n|t:|1775928471\n|move|p2a: Floette|Protect|p2a: Floette\n|-singleturn|p2a: Floette|Protect\n|move|p1a: Sneasler|Fake Out|p2b: Garchomp\n|-damage|p2b: Garchomp|84/100\n|-damage|p1a: Sneasler|88/100|[from] ability: Rough Skin|[of] p2b: Garchomp\n|move|p1b: Delphox|Heat Wave|p2a: Floette|[spread] p2b\n|-activate|p2a: Floette|move: Protect\n|-resisted|p2b: Garchomp|1\n|-damage|p2b: Garchomp|64/100\n|-status|p2b: Garchomp|brn\n|cant|p2b: Garchomp|flinch\n|\n|-damage|p2b: Garchomp|58/100 brn|[from] brn\n|upkeep\n|turn|6\n|inactive|sammg has 30 seconds left.\n|\n|t:|1775928498\n|move|p1b: Delphox|Psychic|p2b: Garchomp\n|-damage|p2b: Garchomp|5/100 brn\n|move|p1a: Sneasler|Dire Claw|p2a: Floette\n|-supereffective|p2a: Floette|1\n|-damage|p2a: Floette|4/100\n|move|p2b: Garchomp|Stomping Tantrum|p1a: Sneasler\n|-supereffective|p1a: Sneasler|1\n|-damage|p1a: Sneasler|0 fnt\n|faint|p1a: Sneasler\n|move|p2a: Floette|Dazzling Gleam|p1b: Delphox\n|-resisted|p1b: Delphox|1\n|-damage|p1b: Delphox|17/100\n|\n|-damage|p2b: Garchomp|0 fnt|[from] brn\n|faint|p2b: Garchomp\n|upkeep\n|\n|t:|1775928504\n|switch|p1a: Orthworm|Orthworm, L50, F|100/100\n|turn|7\n|\n|t:|1775928518\n|move|p1b: Delphox|Psychic|p2a: Floette\n|-damage|p2a: Floette|0 fnt\n|faint|p2a: Floette\n|\n|win|stupidonome\n|raw|stupidonome's rating: 1269 &rarr; <strong>1295</strong><br />(+26 for winning)\n|raw|sammg's rating: 1287 &rarr; <strong>1261</strong><br />(-26 for losing)\n|l|\u2606sammg\n|player|p2|\n|l|\u2606stupidonome\n|player|p1|\n",
  "uploadtime": 1775928549,
  "views": 54,
  "formatid": "gen9championsvgc2026regma",
  "rating": 1261,
  "private": 0,
  "password": null
}