{
  "id": "gen9championsvgc2026regma-2583077706",
  "format": "[Gen 9 Champions] VGC 2026 Reg M-A",
  "players": [
    "PazuSama",
    "muffinpokeman"
  ],
  "log": "|j|\u2606PazuSama\n|j|\u2606muffinpokeman\n|t:|1776139478\n|gametype|doubles\n|player|p1|PazuSama|1|1000\n|player|p2|muffinpokeman|101|1000\n|gen|9\n|tier|[Gen 9 Champions] VGC 2026 Reg M-A\n|rated|\n|rule|Species Clause: Limit one of each Pok\u00e9mon\n|rule|Item Clause: Limit 1 of each item\n|clearpoke\n|poke|p1|Beedrill, L50, F|\n|poke|p1|Maushold, L50|\n|poke|p1|Delphox, L50, M|\n|poke|p1|Sinistcha, L50|\n|poke|p1|Hatterene, L50, F|\n|poke|p1|Zoroark-Hisui, L50, F|\n|poke|p2|Emolga, L50, M|\n|poke|p2|Rotom-Wash, L50|\n|poke|p2|Garchomp, L50, M|\n|poke|p2|Whimsicott, L50, F|\n|poke|p2|Incineroar, L50, F|\n|poke|p2|Aggron, L50, F|\n|teampreview|4\n|\n|t:|1776139503\n|teamsize|p1|4\n|teamsize|p2|4\n|start\n|switch|p1a: My Ace|Delphox, L50, M|100/100\n|switch|p1b: HOLD THE LINE|Maushold, L50|100/100\n|switch|p2a: Whimsicott|Whimsicott, L50, F|100/100\n|switch|p2b: Garchomp|Garchomp, L50, M|100/100\n|turn|1\n|\n|t:|1776139523\n|move|p2a: Whimsicott|Tailwind|p2a: Whimsicott\n|-sidestart|p2: muffinpokeman|move: Tailwind\n|move|p2b: Garchomp|Rock Slide|p1a: My Ace|[spread] p1a\n|-miss|p2b: Garchomp|p1b: HOLD THE LINE\n|-damage|p1a: My Ace|72/100\n|replace|p1a: Zoroark|Zoroark-Hisui, L50, F\n|-end|p1a: Zoroark|Illusion\n|move|p1a: Zoroark|Sludge Bomb|p2a: Whimsicott\n|-supereffective|p2a: Whimsicott|2\n|-damage|p2a: Whimsicott|0 fnt\n|faint|p2a: Whimsicott\n|move|p1b: HOLD THE LINE|Super Fang|p2b: Garchomp\n|-damage|p2b: Garchomp|51/100\n|-damage|p1b: HOLD THE LINE|88/100|[from] ability: Rough Skin|[of] p2b: Garchomp\n|\n|-heal|p1b: HOLD THE LINE|94/100|[from] item: Leftovers\n|upkeep\n|\n|t:|1776139541\n|switch|p2a: Emolga|Emolga, L50, M|100/100\n|turn|2\n|\n|t:|1776139571\n|move|p1b: HOLD THE LINE|Follow Me|p1b: HOLD THE LINE\n|-singleturn|p1b: HOLD THE LINE|move: Follow Me\n|move|p2a: Emolga|Taunt|p1b: HOLD THE LINE\n|-start|p1b: HOLD THE LINE|move: Taunt\n|move|p2b: Garchomp|Earthquake|p1a: Zoroark|[spread] p1a,p1b\n|-immune|p2a: Emolga\n|-damage|p1a: Zoroark|4/100\n|-damage|p1b: HOLD THE LINE|52/100\n|move|p1a: Zoroark|Sludge Bomb|p2a: Emolga\n|-damage|p2a: Emolga|50/100\n|-status|p2a: Emolga|psn\n|\n|-heal|p1b: HOLD THE LINE|59/100|[from] item: Leftovers\n|-damage|p2a: Emolga|38/100 psn|[from] psn\n|upkeep\n|turn|3\n|\n|t:|1776139609\n|switch|p1a: Save Point|Sinistcha, L50|100/100\n|-heal|p1b: HOLD THE LINE|83/100|[from] ability: Hospitality|[of] p1a: Save Point\n|move|p2a: Emolga|Agility|p2a: Emolga\n|-boost|p2a: Emolga|spe|2\n|move|p2b: Garchomp|Earthquake|p1b: HOLD THE LINE|[spread] p1a,p1b\n|-immune|p2a: Emolga\n|-resisted|p1a: Save Point|1\n|-damage|p1a: Save Point|83/100\n|-damage|p1b: HOLD THE LINE|34/100\n|move|p1b: HOLD THE LINE|Super Fang|p2b: Garchomp\n|-damage|p2b: Garchomp|26/100\n|-damage|p1b: HOLD THE LINE|21/100|[from] ability: Rough Skin|[of] p2b: Garchomp\n|\n|-heal|p1b: HOLD THE LINE|28/100|[from] item: Leftovers\n|-damage|p2a: Emolga|26/100 psn|[from] psn\n|upkeep\n|turn|4\n|\n|t:|1776139636\n|move|p2a: Emolga|Baton Pass|p2a: Emolga\n|\n|t:|1776139638\n|switch|p2a: Rotom|Rotom-Wash, L50|100/100|[from] Baton Pass\n|move|p2b: Garchomp|Earthquake|p1b: HOLD THE LINE|[spread] p1a,p1b\n|-immune|p2a: Rotom|[from] ability: Levitate\n|-resisted|p1a: Save Point|1\n|-damage|p1a: Save Point|66/100\n|-damage|p1b: HOLD THE LINE|0 fnt\n|faint|p1b: HOLD THE LINE\n|move|p1a: Save Point|Matcha Gotcha|p2b: Garchomp|[spread] p2a,p2b\n|-supereffective|p2a: Rotom|1\n|-damage|p2a: Rotom|40/100\n|-heal|p1a: Save Point|97/100|[from] drain|[of] p2a: Rotom\n|-damage|p2b: Garchomp|0 fnt\n|-heal|p1a: Save Point|100/100|[from] drain|[of] p2b: Garchomp\n|faint|p2b: Garchomp\n|\n|-sideend|p2: muffinpokeman|move: Tailwind\n|upkeep\n|\n|t:|1776139654\n|switch|p2b: Emolga|Emolga, L50, M|26/100 psn\n|switch|p1b: My Ace|Delphox, L50, M|4/100\n|turn|5\n|\n|t:|1776139693\n|move|p2a: Rotom|Trick|p1a: Save Point\n|-activate|p2a: Rotom|move: Trick|[of] p1a: Save Point\n|-item|p1a: Save Point|Choice Scarf|[from] move: Trick\n|-item|p2a: Rotom|Mental Herb|[from] move: Trick\n|move|p1b: My Ace|Bitter Malice|p2a: Rotom\n|-damage|p2a: Rotom|0 fnt\n|faint|p2a: Rotom\n|move|p2b: Emolga|Taunt|p1a: Save Point\n|-start|p1a: Save Point|move: Taunt\n|move|p1a: Save Point|Matcha Gotcha|p2b: Emolga\n|-resisted|p2b: Emolga|1\n|-damage|p2b: Emolga|0 fnt\n|faint|p2b: Emolga\n|\n|win|PazuSama\n|raw|PazuSama's rating: 1000 &rarr; <strong>1040</strong><br />(+40 for winning)\n|raw|muffinpokeman's rating: 1000 &rarr; <strong>1000</strong><br />(+0 for losing)\n|l|\u2606muffinpokeman\n|player|p2|\n",
  "uploadtime": 1776139710,
  "views": 13,
  "formatid": "gen9championsvgc2026regma",
  "rating": 1000,
  "private": 0,
  "password": null
}