{
  "id": "gen9championsvgc2026regma-2580520536",
  "format": "[Gen 9 Champions] VGC 2026 Reg M-A",
  "players": [
    "dondonso",
    "stupidonome"
  ],
  "log": "|j|\u2606dondonso\n|j|\u2606stupidonome\n|t:|1775908153\n|gametype|doubles\n|player|p1|dondonso|170|1047\n|player|p2|stupidonome|clown|1112\n|gen|9\n|tier|[Gen 9 Champions] VGC 2026 Reg M-A\n|rated|\n|rule|Species Clause: Limit one of each Pok\u00e9mon\n|rule|Item Clause: Limit 1 of each item\n|clearpoke\n|poke|p1|Gardevoir, L50, F|\n|poke|p1|Maushold-Four, L50|\n|poke|p1|Torkoal, L50, F|\n|poke|p1|Conkeldurr, L50, M|\n|poke|p1|Farigiraf, L50, M|\n|poke|p1|Hydreigon, L50, M|\n|poke|p2|Victreebel, L50, F|\n|poke|p2|Garchomp, L50, F|\n|poke|p2|Zoroark-Hisui, L50, F|\n|poke|p2|Orthworm, L50, F|\n|poke|p2|Delphox, L50, M|\n|poke|p2|Sneasler, L50, F|\n|teampreview|4\n|inactive|Battle timer is ON: inactive players will automatically lose when time's up. (requested by dondonso)\n|c|\u2606stupidonome|hf\n|inactive|stupidonome has 60 seconds left.\n|inactive|dondonso has 60 seconds left.\n|\n|t:|1775908194\n|teamsize|p1|4\n|teamsize|p2|4\n|start\n|switch|p1a: Farigiraf|Farigiraf, L50, M|100/100\n|switch|p1b: Maushold|Maushold-Four, L50|100/100\n|switch|p2a: Victreebel|Victreebel, L50, F|100/100\n|switch|p2b: Sneasler|Sneasler, L50, F|100/100\n|turn|1\n|\n|t:|1775908208\n|detailschange|p2a: Victreebel|Victreebel-Mega, L50, F\n|-mega|p2a: Victreebel|Victreebel|Victreebelite\n|move|p1b: Maushold|Follow Me|p1b: Maushold\n|-singleturn|p1b: Maushold|move: Follow Me\n|move|p2b: Sneasler|Icy Wind|p1a: Farigiraf|[spread] p1a,p1b\n|-damage|p1a: Farigiraf|89/100\n|-damage|p1b: Maushold|83/100\n|-unboost|p1a: Farigiraf|spe|1\n|-unboost|p1b: Maushold|spe|1\n|move|p2a: Victreebel|Sleep Powder|p1b: Maushold|[miss]\n|-miss|p2a: Victreebel|p1b: Maushold\n|move|p1a: Farigiraf|Trick Room|p1a: Farigiraf\n|-fieldstart|move: Trick Room|[of] p1a: Farigiraf\n|\n|upkeep\n|turn|2\n|inactive|stupidonome has 30 seconds left.\n|\n|t:|1775908233\n|move|p1a: Farigiraf|Psyshock|p2a: Victreebel\n|-supereffective|p2a: Victreebel|1\n|-damage|p2a: Victreebel|23/100\n|move|p1b: Maushold|Super Fang|p2b: Sneasler\n|-immune|p2b: Sneasler\n|move|p2a: Victreebel|Leaf Storm|p1b: Maushold\n|-damage|p1b: Maushold|17/100\n|-unboost|p2a: Victreebel|spa|2\n|move|p2b: Sneasler|Taunt|p1b: Maushold\n|-start|p1b: Maushold|move: Taunt\n|\n|upkeep\n|turn|3\n|\n|t:|1775908255\n|move|p2a: Victreebel|Protect|p2a: Victreebel\n|-singleturn|p2a: Victreebel|Protect\n|move|p1b: Maushold|Feint|p2b: Sneasler\n|-immune|p2b: Sneasler\n|move|p1a: Farigiraf|Hyper Voice|p2b: Sneasler|[spread] \n|-activate|p2a: Victreebel|move: Protect\n|-immune|p2b: Sneasler\n|move|p2b: Sneasler|Icy Wind|p1b: Maushold|[spread] p1a,p1b\n|-damage|p1a: Farigiraf|78/100\n|-damage|p1b: Maushold|0 fnt\n|-unboost|p1a: Farigiraf|spe|1\n|faint|p1b: Maushold\n|\n|upkeep\n|\n|t:|1775908267\n|switch|p1b: Torkoal|Torkoal, L50, F|100/100\n|-weather|SunnyDay|[from] ability: Drought|[of] p1b: Torkoal\n|turn|4\n|\n|t:|1775908284\n|move|p1a: Farigiraf|Helping Hand|p1b: Torkoal\n|-singleturn|p1b: Torkoal|Helping Hand|[of] p1a: Farigiraf\n|move|p2b: Sneasler|Protect|p2b: Sneasler\n|-singleturn|p2b: Sneasler|Protect\n|move|p1b: Torkoal|Eruption|p2b: Sneasler|[spread] p2a\n|-activate|p2b: Sneasler|move: Protect\n|-supereffective|p2a: Victreebel|1\n|-damage|p2a: Victreebel|0 fnt\n|-damage|p1b: Torkoal|76/100|[from] ability: Innards Out|[of] p2a: Victreebel\n|faint|p2a: Victreebel\n|\n|-weather|SunnyDay|[upkeep]\n|upkeep\n|\n|t:|1775908289\n|switch|p2a: Garchomp|Garchomp, L50, F|100/100\n|turn|5\n|\n|t:|1775908302\n|move|p1a: Farigiraf|Hyper Voice|p2b: Sneasler|[spread] p2a\n|-immune|p2b: Sneasler\n|-damage|p2a: Garchomp|72/100\n|move|p1b: Torkoal|Eruption|p2b: Sneasler|[spread] p2a,p2b\n|-resisted|p2a: Garchomp|1\n|-damage|p2a: Garchomp|39/100\n|-enditem|p2b: Sneasler|Focus Sash\n|-damage|p2b: Sneasler|1/100\n|replace|p2b: Zoroark|Zoroark-Hisui, L50, F\n|-end|p2b: Zoroark|Illusion\n|move|p2a: Garchomp|Earthquake|p1a: Farigiraf|[spread] p2b,p1a,p1b\n|-supereffective|p1b: Torkoal|1\n|-damage|p2b: Zoroark|0 fnt\n|-damage|p1a: Farigiraf|52/100\n|-damage|p1b: Torkoal|22/100\n|faint|p2b: Zoroark\n|\n|-weather|SunnyDay|[upkeep]\n|-heal|p2a: Garchomp|45/100|[from] item: Leftovers\n|-fieldend|move: Trick Room\n|upkeep\n|\n|t:|1775908305\n|switch|p2b: Sneasler|Sneasler, L50, F|100/100\n|turn|6\n|\n|t:|1775908325\n|move|p2b: Sneasler|Close Combat|p1a: Farigiraf\n|-damage|p1a: Farigiraf|0 fnt\n|-unboost|p2b: Sneasler|def|1\n|-unboost|p2b: Sneasler|spd|1\n|faint|p1a: Farigiraf\n|-enditem|p2b: Sneasler|White Herb\n|-clearnegativeboost|p2b: Sneasler|[silent]\n|move|p2a: Garchomp|Rock Slide|p1b: Torkoal\n|-supereffective|p1b: Torkoal|1\n|-damage|p1b: Torkoal|0 fnt\n|faint|p1b: Torkoal\n|\n|-weather|SunnyDay|[upkeep]\n|-heal|p2a: Garchomp|52/100|[from] item: Leftovers\n|upkeep\n|\n|t:|1775908334\n|switch|p1b: Conkeldurr|Conkeldurr, L50, M|100/100\n|turn|7\n|\n|t:|1775908342\n|move|p2b: Sneasler|Close Combat|p1b: Conkeldurr\n|-damage|p1b: Conkeldurr|37/100\n|-unboost|p2b: Sneasler|def|1\n|-unboost|p2b: Sneasler|spd|1\n|move|p2a: Garchomp|Swords Dance|p2a: Garchomp\n|-boost|p2a: Garchomp|atk|2\n|move|p1b: Conkeldurr|Ice Punch|p2a: Garchomp\n|-supereffective|p2a: Garchomp|2\n|-damage|p2a: Garchomp|0 fnt\n|-damage|p1b: Conkeldurr|25/100|[from] ability: Rough Skin|[of] p2a: Garchomp\n|faint|p2a: Garchomp\n|\n|-weather|SunnyDay|[upkeep]\n|upkeep\n|turn|8\n|\n|t:|1775908353\n|move|p1b: Conkeldurr|Mach Punch|p2b: Sneasler\n|-resisted|p2b: Sneasler|1\n|-damage|p2b: Sneasler|70/100\n|move|p2b: Sneasler|Close Combat|p1b: Conkeldurr\n|-damage|p1b: Conkeldurr|0 fnt\n|-unboost|p2b: Sneasler|def|1\n|-unboost|p2b: Sneasler|spd|1\n|faint|p1b: Conkeldurr\n|\n|win|stupidonome\n|raw|dondonso's rating: 1047 &rarr; <strong>1033</strong><br />(-14 for losing)\n|raw|stupidonome's rating: 1112 &rarr; <strong>1132</strong><br />(+20 for winning)\n|l|\u2606dondonso\n|player|p1|\n",
  "uploadtime": 1775908361,
  "views": 16,
  "formatid": "gen9championsvgc2026regma",
  "rating": 1033,
  "private": 0,
  "password": null
}