{
  "id": "gen9championsvgc2026regma-2588330316",
  "format": "[Gen 9 Champions] VGC 2026 Reg M-A",
  "players": [
    "eravus",
    "Austindas"
  ],
  "log": "|j|\u2606eravus\n|j|\u2606Austindas\n|t:|1776624653\n|gametype|doubles\n|player|p1|eravus|nate|1378\n|player|p2|Austindas|lucas|1372\n|gen|9\n|tier|[Gen 9 Champions] VGC 2026 Reg M-A\n|rated|\n|rule|Species Clause: Limit one of each Pok\u00e9mon\n|rule|Item Clause: Limit 1 of each item\n|clearpoke\n|poke|p1|Delphox, L50, M|\n|poke|p1|Sneasler, L50, F|\n|poke|p1|Garchomp, L50, F|\n|poke|p1|Primarina, L50, F|\n|poke|p1|Scizor, L50, M|\n|poke|p1|Rotom-Wash, L50|\n|poke|p2|Charizard, L50, M|\n|poke|p2|Garchomp, L50, F|\n|poke|p2|Incineroar, L50, F|\n|poke|p2|Sneasler, L50, M|\n|poke|p2|Whimsicott, L50, F|\n|poke|p2|Typhlosion-Hisui, L50, F|\n|teampreview|4\n|inactive|Battle timer is ON: inactive players will automatically lose when time's up. (requested by eravus)\n|inactive|eravus has 60 seconds left.\n|\n|t:|1776624695\n|teamsize|p1|4\n|teamsize|p2|4\n|start\n|switch|p1a: Delphox|Delphox, L50, M|100/100\n|switch|p1b: Garchomp|Garchomp, L50, F|100/100\n|switch|p2a: Whimsicott|Whimsicott, L50, F|100/100\n|switch|p2b: Charizard|Charizard, L50, M|100/100\n|turn|1\n|\n|t:|1776624711\n|detailschange|p1a: Delphox|Delphox-Mega, L50, M\n|-mega|p1a: Delphox|Delphox|Delphoxite\n|move|p2b: Charizard|Protect|p2b: Charizard\n|-singleturn|p2b: Charizard|Protect\n|move|p2a: Whimsicott|Tailwind|p2a: Whimsicott\n|-sidestart|p2: Austindas|move: Tailwind\n|move|p1b: Garchomp|Rock Slide|p2b: Charizard|[spread] \n|-activate|p2b: Charizard|move: Protect\n|-miss|p1b: Garchomp|p2a: Whimsicott\n|move|p1a: Delphox|Heat Wave|p2a: Whimsicott|[spread] \n|-activate|p2b: Charizard|move: Protect\n|-miss|p1a: Delphox|p2a: Whimsicott\n|\n|upkeep\n|turn|2\n|c|\u2606eravus|faaaaaaaaaaaaaaag\n|\n|t:|1776624731\n|detailschange|p2b: Charizard|Charizard-Mega-Y, L50, M\n|-mega|p2b: Charizard|Charizard|Charizardite Y\n|-weather|SunnyDay|[from] ability: Drought|[of] p2b: Charizard\n|move|p2b: Charizard|Solar Beam||[still]\n|-prepare|p2b: Charizard|Solar Beam\n|-anim|p2b: Charizard|Solar Beam|p1b: Garchomp\n|-damage|p1b: Garchomp|56/100\n|move|p2a: Whimsicott|Moonblast|p1b: Garchomp\n|-supereffective|p1b: Garchomp|1\n|-damage|p1b: Garchomp|0 fnt\n|faint|p1b: Garchomp\n|move|p1a: Delphox|Heat Wave|p2a: Whimsicott|[spread] p2a,p2b\n|-supereffective|p2a: Whimsicott|1\n|-resisted|p2b: Charizard|1\n|-enditem|p2a: Whimsicott|Focus Sash\n|-damage|p2a: Whimsicott|1/100\n|-damage|p2b: Charizard|68/100\n|\n|-weather|SunnyDay|[upkeep]\n|upkeep\n|c|\u2606Austindas|Whims dead would be good\n|\n|t:|1776624746\n|switch|p1b: Sneasler|Sneasler, L50, F|100/100\n|turn|3\n|inactive|Austindas has 30 seconds left.\n|inactive|Austindas has 20 seconds left.\n|inactive|Austindas has 15 seconds left.\n|\n|t:|1776624787\n|move|p2b: Charizard|Heat Wave|p1b: Sneasler|[spread] p1a,p1b\n|-resisted|p1a: Delphox|1\n|-damage|p1a: Delphox|74/100\n|-damage|p1b: Sneasler|31/100\n|move|p2a: Whimsicott|Moonblast|p1b: Sneasler\n|-damage|p1b: Sneasler|0 fnt\n|faint|p1b: Sneasler\n|move|p1a: Delphox|Psychic|p2b: Charizard\n|-damage|p2b: Charizard|10/100\n|\n|-weather|SunnyDay|[upkeep]\n|upkeep\n|\n|t:|1776624796\n|switch|p1b: Primarina|Primarina, L50, F|100/100\n|turn|4\n|\n|t:|1776624811\n|move|p2a: Whimsicott|Protect|p2a: Whimsicott\n|-singleturn|p2a: Whimsicott|Protect\n|move|p2b: Charizard|Protect|p2b: Charizard\n|-singleturn|p2b: Charizard|Protect\n|move|p1a: Delphox|Heat Wave|p2a: Whimsicott|[spread] \n|-activate|p2a: Whimsicott|move: Protect\n|-activate|p2b: Charizard|move: Protect\n|move|p1b: Primarina|Hyper Voice|p2a: Whimsicott|[spread] \n|-activate|p2a: Whimsicott|move: Protect\n|-activate|p2b: Charizard|move: Protect\n|\n|-weather|SunnyDay|[upkeep]\n|-sideend|p2: Austindas|move: Tailwind\n|upkeep\n|turn|5\n|\n|t:|1776624818\n|move|p2a: Whimsicott|Tailwind|p2a: Whimsicott\n|-sidestart|p2: Austindas|move: Tailwind\n|move|p2b: Charizard|Solar Beam||[still]\n|-prepare|p2b: Charizard|Solar Beam\n|-anim|p2b: Charizard|Solar Beam|p1b: Primarina\n|-supereffective|p1b: Primarina|1\n|-damage|p1b: Primarina|36/100\n|move|p1a: Delphox|Heat Wave|p2b: Charizard|[spread] p2a,p2b\n|-supereffective|p2a: Whimsicott|1\n|-resisted|p2b: Charizard|1\n|-damage|p2a: Whimsicott|0 fnt\n|-damage|p2b: Charizard|0 fnt\n|faint|p2a: Whimsicott\n|faint|p2b: Charizard\n|move|p1b: Primarina|Hyper Voice|p2: Whimsicott|[notarget]\n|-fail|p1b: Primarina\n|\n|-weather|SunnyDay|[upkeep]\n|-heal|p1b: Primarina|42/100|[from] item: Leftovers\n|upkeep\n|\n|t:|1776624824\n|switch|p2b: Incineroar|Incineroar, L50, F|100/100\n|switch|p2a: Typhlosion|Typhlosion-Hisui, L50, F|100/100\n|-ability|p2b: Incineroar|Intimidate|boost\n|-unboost|p1a: Delphox|atk|1\n|-unboost|p1b: Primarina|atk|1\n|turn|6\n|\n|t:|1776624833\n|move|p1a: Delphox|Protect|p1a: Delphox\n|-singleturn|p1a: Delphox|Protect\n|move|p1b: Primarina|Protect|p1b: Primarina\n|-singleturn|p1b: Primarina|Protect\n|move|p2b: Incineroar|Fake Out|p1b: Primarina\n|-activate|p1b: Primarina|move: Protect\n|move|p2a: Typhlosion|Shadow Ball|p1a: Delphox\n|-activate|p1a: Delphox|move: Protect\n|\n|-weather|none\n|-heal|p1b: Primarina|48/100|[from] item: Leftovers\n|upkeep\n|turn|7\n|\n|t:|1776624845\n|move|p2a: Typhlosion|Shadow Ball|p1b: Primarina\n|-damage|p1b: Primarina|12/100\n|-unboost|p1b: Primarina|spd|1\n|move|p1a: Delphox|Dazzling Gleam|p2a: Typhlosion|[spread] p2a,p2b\n|-resisted|p2a: Typhlosion|1\n|-damage|p2a: Typhlosion|84/100\n|-damage|p2b: Incineroar|83/100\n|move|p2b: Incineroar|Flare Blitz|p1b: Primarina\n|-resisted|p1b: Primarina|1\n|-damage|p1b: Primarina|0 fnt\n|faint|p1b: Primarina\n|-damage|p2b: Incineroar|80/100|[from] Recoil\n|\n|upkeep\n|turn|8\n|-message|eravus forfeited.\n|\n|win|Austindas\n",
  "uploadtime": 1776624725,
  "views": 5,
  "formatid": "gen9championsvgc2026regma",
  "rating": null,
  "private": 0,
  "password": null
}