{
  "id": "gen9championsvgc2026regma-2585796013",
  "format": "[Gen 9 Champions] VGC 2026 Reg M-A",
  "players": [
    "Finexcer",
    "DETOXEDEGG"
  ],
  "log": "|j|\u2606Finexcer\n|j|\u2606DETOXEDEGG\n|t:|1776371241\n|gametype|doubles\n|player|p1|Finexcer|101|1208\n|player|p2|DETOXEDEGG|riley|1141\n|gen|9\n|tier|[Gen 9 Champions] VGC 2026 Reg M-A\n|rated|\n|rule|Species Clause: Limit one of each Pok\u00e9mon\n|rule|Item Clause: Limit 1 of each item\n|clearpoke\n|poke|p1|Crabominable, L50, M|\n|poke|p1|Slowking-Galar, L50, F|\n|poke|p1|Kingambit, L50, F|\n|poke|p1|Milotic, L50, F|\n|poke|p1|Froslass, L50, F|\n|poke|p1|Incineroar, L50, M|\n|poke|p2|Gengar, L50, M|\n|poke|p2|Sableye, L50, M|\n|poke|p2|Pelipper, L50, F|\n|poke|p2|Basculegion, L50, M|\n|poke|p2|Scizor, L50, M|\n|poke|p2|Incineroar, L50, F|\n|teampreview|4\n|\n|t:|1776371305\n|teamsize|p1|4\n|teamsize|p2|4\n|start\n|switch|p1a: Milotic|Milotic, L50, F|100/100\n|switch|p1b: Kingambit|Kingambit, L50, F|100/100\n|switch|p2a: Gengar|Gengar, L50, M, shiny|100/100\n|switch|p2b: Sableye|Sableye, L50, M|100/100\n|turn|1\n|\n|t:|1776371328\n|detailschange|p2a: Gengar|Gengar-Mega, L50, M, shiny\n|-mega|p2a: Gengar|Gengar|Gengarite\n|move|p2a: Gengar|Protect|p2a: Gengar\n|-singleturn|p2a: Gengar|Protect\n|move|p2b: Sableye|Fake Out|p1b: Kingambit\n|-resisted|p1b: Kingambit|1\n|-damage|p1b: Kingambit|98/100\n|cant|p1b: Kingambit|flinch\n|move|p1a: Milotic|Imprison|p1a: Milotic\n|-start|p1a: Milotic|move: Imprison\n|\n|upkeep\n|turn|2\n|\n|t:|1776371370\n|move|p1a: Milotic|Protect|p1a: Milotic\n|-singleturn|p1a: Milotic|Protect\n|move|p2b: Sableye|Encore|p1a: Milotic\n|-activate|p1a: Milotic|move: Protect\n|move|p1b: Kingambit|Sucker Punch||[still]\n|-fail|p1b: Kingambit\n|move|p2a: Gengar|Disable|p1a: Milotic\n|-activate|p1a: Milotic|move: Protect\n|\n|upkeep\n|turn|3\n|\n|t:|1776371393\n|switch|p2a: Pelipper|Pelipper, L50, F|100/100\n|-weather|RainDance|[from] ability: Drizzle|[of] p2a: Pelipper\n|move|p2b: Sableye|Encore|p1a: Milotic\n|-start|p1a: Milotic|Encore\n|move|p1a: Milotic|Protect||[still]\n|-fail|p1a: Milotic\n|move|p1b: Kingambit|Kowtow Cleave|p2a: Pelipper\n|-damage|p2a: Pelipper|35/100\n|\n|-weather|RainDance|[upkeep]\n|upkeep\n|turn|4\n|\n|t:|1776371432\n|switch|p1a: Froslass|Froslass, L50, F|100/100\n|switch|p2b: Basculegion|Basculegion, L50, M|100/100\n|move|p2a: Pelipper|Tailwind|p2a: Pelipper\n|-sidestart|p2: DETOXEDEGG|move: Tailwind\n|move|p1b: Kingambit|Kowtow Cleave|p2b: Basculegion\n|-supereffective|p2b: Basculegion|1\n|-crit|p2b: Basculegion\n|-damage|p2b: Basculegion|0 fnt\n|faint|p2b: Basculegion\n|\n|-weather|RainDance|[upkeep]\n|upkeep\n|\n|t:|1776371445\n|switch|p2b: Gengar|Gengar-Mega, L50, M, shiny|100/100\n|turn|5\n|\n|t:|1776371462\n|detailschange|p1a: Froslass|Froslass-Mega, L50, F\n|-mega|p1a: Froslass|Froslass|Froslassite\n|-weather|Snowscape|[from] ability: Snow Warning|[of] p1a: Froslass\n|move|p1b: Kingambit|Sucker Punch|p2b: Gengar\n|-supereffective|p2b: Gengar|1\n|-damage|p2b: Gengar|0 fnt\n|faint|p2b: Gengar\n|move|p2a: Pelipper|Weather Ball|p1b: Kingambit\n|-resisted|p1b: Kingambit|1\n|-damage|p1b: Kingambit|85/100\n|move|p1a: Froslass|Aurora Veil|p1a: Froslass\n|-sidestart|p1: Finexcer|move: Aurora Veil\n|\n|-weather|Snowscape|[upkeep]\n|upkeep\n|\n|t:|1776371473\n|switch|p2b: Sableye|Sableye, L50, M|100/100\n|turn|6\n|c|\u2606DETOXEDEGG|gg\n|-message|DETOXEDEGG forfeited.\n|\n|win|Finexcer\n|raw|Finexcer's rating: 1208 &rarr; <strong>1228</strong><br />(+20 for winning)\n|raw|DETOXEDEGG's rating: 1141 &rarr; <strong>1121</strong><br />(-20 for losing)\n|l|\u2606DETOXEDEGG\n|player|p2|\n",
  "uploadtime": 1776371489,
  "views": 33,
  "formatid": "gen9championsvgc2026regma",
  "rating": 1121,
  "private": 0,
  "password": null
}