{
  "id": "gen9championsvgc2026regma-2582886677",
  "format": "[Gen 9 Champions] VGC 2026 Reg M-A",
  "players": [
    "MeninoFelino",
    "hipsterbrownkid"
  ],
  "log": "|j|\u2606MeninoFelino\n|j|\u2606hipsterbrownkid\n|t:|1776122109\n|gametype|doubles\n|player|p1|MeninoFelino|benga|1198\n|player|p2|hipsterbrownkid|wallace|1115\n|gen|9\n|tier|[Gen 9 Champions] VGC 2026 Reg M-A\n|rated|\n|rule|Species Clause: Limit one of each Pok\u00e9mon\n|rule|Item Clause: Limit 1 of each item\n|clearpoke\n|poke|p1|Tyranitar, L50, F|\n|poke|p1|Excadrill, L50, M|\n|poke|p1|Kommo-o, L50, F|\n|poke|p1|Aerodactyl, L50, M|\n|poke|p1|Tinkaton, L50, F|\n|poke|p1|Heliolisk, L50, F|\n|poke|p2|Camerupt, L50, F|\n|poke|p2|Golurk, L50|\n|poke|p2|Oranguru, L50, M|\n|poke|p2|Sinistcha, L50|\n|poke|p2|Incineroar, L50, M|\n|poke|p2|Kingambit, L50, M|\n|teampreview|4\n|inactive|Battle timer is ON: inactive players will automatically lose when time's up. (requested by hipsterbrownkid)\nMeninoFelino has agreed to open team sheets.\n|inactive|hipsterbrownkid has 60 seconds left.\n|\n|t:|1776122162\n|teamsize|p1|4\n|teamsize|p2|4\n|start\n|switch|p1a: Tyranitar|Tyranitar, L50, F|100/100\n|switch|p1b: Aerodactyl|Aerodactyl, L50, M|100/100\n|switch|p2a: Incineroar|Incineroar, L50, M|100/100\n|switch|p2b: Oranguru|Oranguru, L50, M|100/100\n|-ability|p2a: Incineroar|Intimidate|boost\n|-unboost|p1a: Tyranitar|atk|1\n|-unboost|p1b: Aerodactyl|atk|1\n|-weather|Sandstorm|[from] ability: Sand Stream|[of] p1a: Tyranitar\n|turn|1\n|\n|t:|1776122176\n|move|p2a: Incineroar|Fake Out|p1a: Tyranitar\n|-resisted|p1a: Tyranitar|1\n|-damage|p1a: Tyranitar|96/100\n|move|p1b: Aerodactyl|Tailwind|p1b: Aerodactyl\n|-sidestart|p1: MeninoFelino|move: Tailwind\n|cant|p1a: Tyranitar|flinch\n|move|p2b: Oranguru|Trick Room|p2b: Oranguru\n|-fieldstart|move: Trick Room|[of] p2b: Oranguru\n|\n|-weather|Sandstorm|[upkeep]\n|-damage|p2b: Oranguru|94/100|[from] Sandstorm\n|-damage|p2a: Incineroar|95/100|[from] Sandstorm\n|upkeep\n|turn|2\n|\n|t:|1776122194\n|move|p2b: Oranguru|Protect|p2b: Oranguru\n|-singleturn|p2b: Oranguru|Protect\n|move|p2a: Incineroar|Parting Shot|p1a: Tyranitar\n|-unboost|p1a: Tyranitar|atk|1\n|-unboost|p1a: Tyranitar|spa|1\n|\n|t:|1776122199\n|switch|p2a: Golurk|Golurk, L50|100/100|[from] Parting Shot\n|move|p1a: Tyranitar|Rock Slide|p2a: Golurk|[spread] p2a\n|-activate|p2b: Oranguru|move: Protect\n|-resisted|p2a: Golurk|1\n|-damage|p2a: Golurk|92/100\n|move|p1b: Aerodactyl|Dual Wingbeat|p2a: Golurk\n|-damage|p2a: Golurk|80/100\n|-damage|p2a: Golurk|68/100\n|-hitcount|p2a: Golurk|2\n|\n|-weather|Sandstorm|[upkeep]\n|-damage|p2b: Oranguru|88/100|[from] Sandstorm\n|upkeep\n|turn|3\n|inactive|MeninoFelino has 30 seconds left.\n|\n|t:|1776122229\n|switch|p1a: Kommo-o|Kommo-o, L50, F|100/100\n|detailschange|p2a: Golurk|Golurk-Mega, L50\n|-mega|p2a: Golurk|Golurk|Golurkite\n|move|p1b: Aerodactyl|Protect|p1b: Aerodactyl\n|-singleturn|p1b: Aerodactyl|Protect\n|move|p2a: Golurk|Poltergeist|p1b: Aerodactyl\n|-activate|p1b: Aerodactyl|move: Protect\n|move|p2b: Oranguru|Instruct|p2a: Golurk\n|-singleturn|p2a: Golurk|move: Instruct|[of] p2b: Oranguru\n|move|p2a: Golurk|Poltergeist|p1b: Aerodactyl\n|-activate|p1b: Aerodactyl|move: Protect\n|\n|-weather|Sandstorm|[upkeep]\n|-damage|p2b: Oranguru|82/100|[from] Sandstorm\n|upkeep\n|turn|4\n|inactive|MeninoFelino has 30 seconds left.\n|inactive|hipsterbrownkid has 30 seconds left.\n|\n|t:|1776122260\n|move|p2a: Golurk|Rock Slide|p1a: Kommo-o|[spread] p1a,p1b\n|-resisted|p1a: Kommo-o|1\n|-supereffective|p1b: Aerodactyl|1\n|-damage|p1a: Kommo-o|89/100\n|-damage|p1b: Aerodactyl|26/100\n|move|p2b: Oranguru|Instruct|p2a: Golurk\n|-singleturn|p2a: Golurk|move: Instruct|[of] p2b: Oranguru\n|move|p2a: Golurk|Rock Slide|p1a: Kommo-o|[spread] p1a,p1b\n|-resisted|p1a: Kommo-o|1\n|-supereffective|p1b: Aerodactyl|1\n|-damage|p1a: Kommo-o|79/100\n|-damage|p1b: Aerodactyl|0 fnt\n|faint|p1b: Aerodactyl\n|cant|p1a: Kommo-o|flinch\n|\n|-weather|Sandstorm|[upkeep]\n|-damage|p2b: Oranguru|76/100|[from] Sandstorm\n|-sideend|p1: MeninoFelino|move: Tailwind\n|upkeep\n|\n|t:|1776122276\n|switch|p1b: Excadrill|Excadrill, L50, M|100/100\n|turn|5\n|\n|t:|1776122300\n|move|p1b: Excadrill|Protect|p1b: Excadrill\n|-singleturn|p1b: Excadrill|Protect\n|move|p2a: Golurk|Headlong Rush|p1b: Excadrill\n|-supereffective|p1b: Excadrill|1\n|-ability|p2a: Golurk|Unseen Fist\n|-zbroken|p1b: Excadrill\n|-damage|p1b: Excadrill|39/100\n|-unboost|p2a: Golurk|def|1\n|-unboost|p2a: Golurk|spd|1\n|move|p2b: Oranguru|Instruct|p2a: Golurk\n|-singleturn|p2a: Golurk|move: Instruct|[of] p2b: Oranguru\n|move|p2a: Golurk|Headlong Rush|p1b: Excadrill\n|-supereffective|p1b: Excadrill|1\n|-ability|p2a: Golurk|Unseen Fist\n|-zbroken|p1b: Excadrill\n|-damage|p1b: Excadrill|0 fnt\n|-unboost|p2a: Golurk|def|1\n|-unboost|p2a: Golurk|spd|1\n|faint|p1b: Excadrill\n|move|p1a: Kommo-o|Clanging Scales|p2a: Golurk|[spread] p2a,p2b\n|-damage|p2a: Golurk|4/100\n|-damage|p2b: Oranguru|48/100\n|-unboost|p1a: Kommo-o|def|1\n|\n|-weather|none\n|-fieldend|move: Trick Room\n|upkeep\n|\n|t:|1776122322\n|switch|p1b: Tyranitar|Tyranitar, L50, F|96/100\n|-weather|Sandstorm|[from] ability: Sand Stream|[of] p1b: Tyranitar\n|turn|6\n|\n|t:|1776122331\n|switch|p2a: Incineroar|Incineroar, L50, M|95/100\n|-ability|p2a: Incineroar|Intimidate|boost\n|-unboost|p1a: Kommo-o|atk|1\n|-unboost|p1b: Tyranitar|atk|1\n|detailschange|p1b: Tyranitar|Tyranitar-Mega, L50, F\n|-mega|p1b: Tyranitar|Tyranitar|Tyranitarite\n|move|p2b: Oranguru|Protect|p2b: Oranguru\n|-singleturn|p2b: Oranguru|Protect\n|move|p1a: Kommo-o|Clanging Scales|p2b: Oranguru|[spread] p2a\n|-activate|p2b: Oranguru|move: Protect\n|-damage|p2a: Incineroar|57/100\n|-unboost|p1a: Kommo-o|def|1\n|move|p1b: Tyranitar|Rock Slide|p2a: Incineroar|[spread] p2a\n|-activate|p2b: Oranguru|move: Protect\n|-supereffective|p2a: Incineroar|1\n|-damage|p2a: Incineroar|21/100\n|-enditem|p2a: Incineroar|Sitrus Berry|[eat]\n|-heal|p2a: Incineroar|46/100|[from] item: Sitrus Berry\n|\n|-weather|Sandstorm|[upkeep]\n|-damage|p2a: Incineroar|40/100|[from] Sandstorm\n|-damage|p2b: Oranguru|42/100|[from] Sandstorm\n|upkeep\n|turn|7\n|inactive|MeninoFelino has 30 seconds left.\n|\n|t:|1776122356\n|move|p2a: Incineroar|Fake Out|p1b: Tyranitar\n|-resisted|p1b: Tyranitar|1\n|-damage|p1b: Tyranitar|93/100\n|move|p1a: Kommo-o|Aura Sphere|p2a: Incineroar\n|-supereffective|p2a: Incineroar|1\n|-crit|p2a: Incineroar\n|-damage|p2a: Incineroar|0 fnt\n|faint|p2a: Incineroar\n|cant|p1b: Tyranitar|flinch\n|move|p2b: Oranguru|Trick Room|p2b: Oranguru\n|-fieldstart|move: Trick Room|[of] p2b: Oranguru\n|\n|-weather|Sandstorm|[upkeep]\n|-damage|p2b: Oranguru|36/100|[from] Sandstorm\n|upkeep\n|\n|t:|1776122367\n|switch|p2a: Golurk|Golurk-Mega, L50|4/100\n|turn|8\n|\n|t:|1776122375\n|move|p2a: Golurk|Drain Punch|p1b: Tyranitar\n|-supereffective|p1b: Tyranitar|2\n|-damage|p1b: Tyranitar|14/100\n|-heal|p2a: Golurk|42/100|[from] drain|[of] p1b: Tyranitar\n|move|p2b: Oranguru|Instruct|p2a: Golurk\n|-singleturn|p2a: Golurk|move: Instruct|[of] p2b: Oranguru\n|move|p2a: Golurk|Drain Punch|p1b: Tyranitar\n|-supereffective|p1b: Tyranitar|2\n|-damage|p1b: Tyranitar|0 fnt\n|-heal|p2a: Golurk|49/100|[from] drain|[of] p1b: Tyranitar\n|faint|p1b: Tyranitar\n|move|p1a: Kommo-o|Clanging Scales|p2b: Oranguru|[spread] p2a,p2b\n|-crit|p2b: Oranguru\n|-damage|p2a: Golurk|18/100\n|-damage|p2b: Oranguru|0 fnt\n|faint|p2b: Oranguru\n|-unboost|p1a: Kommo-o|def|1\n|\n|-weather|Sandstorm|[upkeep]\n|upkeep\n|\n|t:|1776122391\n|switch|p2b: Camerupt|Camerupt, L50, F|100/100\n|turn|9\n|\n|t:|1776122398\n|move|p2b: Camerupt|Earth Power|p1a: Kommo-o\n|-damage|p1a: Kommo-o|30/100\n|move|p2a: Golurk|Headlong Rush|p1a: Kommo-o\n|-damage|p1a: Kommo-o|0 fnt\n|-unboost|p2a: Golurk|def|1\n|-unboost|p2a: Golurk|spd|1\n|faint|p1a: Kommo-o\n|\n|win|hipsterbrownkid\n|raw|MeninoFelino's rating: 1198 &rarr; <strong>1167</strong><br />(-31 for losing)\n|raw|hipsterbrownkid's rating: 1115 &rarr; <strong>1146</strong><br />(+31 for winning)\n|l|\u2606MeninoFelino\n|player|p1|\n",
  "uploadtime": 1776122408,
  "views": 18,
  "formatid": "gen9championsvgc2026regma",
  "rating": 1146,
  "private": 0,
  "password": null
}