{
  "id": "gen9championsvgc2026regma-2586443306",
  "format": "[Gen 9 Champions] VGC 2026 Reg M-A",
  "players": [
    "Mentalsyndrome",
    "dragonsheart1"
  ],
  "log": "|j|\u2606Mentalsyndrome\n|j|\u2606dragonsheart1\n|t:|1776435052\n|gametype|doubles\n|player|p1|Mentalsyndrome|266|1271\n|player|p2|dragonsheart1|265|1188\n|gen|9\n|tier|[Gen 9 Champions] VGC 2026 Reg M-A\n|rated|\n|rule|Species Clause: Limit one of each Pok\u00e9mon\n|rule|Item Clause: Limit 1 of each item\n|clearpoke\n|poke|p1|Tinkaton, L50, F|\n|poke|p1|Kangaskhan, L50, F|\n|poke|p1|Farigiraf, L50, F|\n|poke|p1|Camerupt, L50, F|\n|poke|p1|Gardevoir, L50, F|\n|poke|p1|Conkeldurr, L50, M|\n|poke|p2|Venusaur, L50, F|\n|poke|p2|Liepard, L50, M|\n|poke|p2|Dragapult, L50, M|\n|poke|p2|Rotom-Wash, L50|\n|poke|p2|Volcarona, L50, F|\n|poke|p2|Sneasler, L50, M|\n|teampreview|4\n|inactive|Battle timer is ON: inactive players will automatically lose when time's up. (requested by Mentalsyndrome)\n|inactive|Mentalsyndrome has 60 seconds left.\n|\n|t:|1776435099\n|teamsize|p1|4\n|teamsize|p2|4\n|start\n|switch|p1a: Taco Tuesday|Kangaskhan, L50, F|100/100\n|switch|p1b: Shane|Farigiraf, L50, F|100/100\n|switch|p2a: Liepard|Liepard, L50, M|100/100\n|switch|p2b: Dragapult|Dragapult, L50, M|100/100\n|turn|1\n|\n|t:|1776435112\n|move|p1a: Taco Tuesday|Fake Out|p2b: Dragapult|[miss]\n|-miss|p1a: Taco Tuesday|p2b: Dragapult\n|move|p2b: Dragapult|Will-O-Wisp|p1a: Taco Tuesday\n|-status|p1a: Taco Tuesday|brn\n|move|p2a: Liepard|Snarl|p1a: Taco Tuesday|[spread] p1a,p1b\n|-supereffective|p1b: Shane|1\n|-damage|p1a: Taco Tuesday|86/100 brn\n|-damage|p1b: Shane|79/100\n|-unboost|p1a: Taco Tuesday|spa|1\n|-unboost|p1b: Shane|spa|1\n|move|p1b: Shane|Trick Room|p1b: Shane\n|-fieldstart|move: Trick Room|[of] p1b: Shane\n|\n|-damage|p1a: Taco Tuesday|80/100 brn|[from] brn\n|upkeep\n|turn|2\n|\n|t:|1776435132\n|move|p1b: Shane|Thunderbolt|p2a: Liepard\n|-damage|p2a: Liepard|78/100\n|move|p1a: Taco Tuesday|Double-Edge|p2b: Dragapult\n|-damage|p2b: Dragapult|59/100\n|-damage|p1a: Taco Tuesday|68/100 brn|[from] Recoil\n|move|p2a: Liepard|Snarl|p1b: Shane|[spread] p1a,p1b\n|-supereffective|p1b: Shane|1\n|-damage|p1a: Taco Tuesday|53/100 brn\n|-damage|p1b: Shane|58/100\n|-unboost|p1a: Taco Tuesday|spa|1\n|-unboost|p1b: Shane|spa|1\n|move|p2b: Dragapult|Dragon Pulse|p1b: Shane\n|-damage|p1b: Shane|28/100\n|\n|-damage|p1a: Taco Tuesday|48/100 brn|[from] brn\n|upkeep\n|turn|3\n|\n|t:|1776435153\n|move|p1b: Shane|Helping Hand|p1a: Taco Tuesday\n|-singleturn|p1a: Taco Tuesday|Helping Hand|[of] p1b: Shane\n|move|p2b: Dragapult|Protect|p2b: Dragapult\n|-singleturn|p2b: Dragapult|Protect\n|move|p1a: Taco Tuesday|Double-Edge|p2b: Dragapult\n|-activate|p2b: Dragapult|move: Protect\n|move|p2a: Liepard|Snarl|p1a: Taco Tuesday|[spread] p1a,p1b\n|-supereffective|p1b: Shane|1\n|-damage|p1a: Taco Tuesday|34/100 brn\n|-damage|p1b: Shane|6/100\n|-unboost|p1a: Taco Tuesday|spa|1\n|-unboost|p1b: Shane|spa|1\n|\n|-damage|p1a: Taco Tuesday|29/100 brn|[from] brn\n|upkeep\n|turn|4\n|\n|t:|1776435174\n|move|p1b: Shane|Helping Hand|p1a: Taco Tuesday\n|-singleturn|p1a: Taco Tuesday|Helping Hand|[of] p1b: Shane\n|move|p2b: Dragapult|Protect|p2b: Dragapult\n|-singleturn|p2b: Dragapult|Protect\n|move|p1a: Taco Tuesday|Double-Edge|p2b: Dragapult\n|-activate|p2b: Dragapult|move: Protect\n|move|p2a: Liepard|Snarl|p1a: Taco Tuesday|[spread] p1b\n|-miss|p2a: Liepard|p1a: Taco Tuesday\n|-supereffective|p1b: Shane|1\n|-damage|p1b: Shane|0 fnt\n|faint|p1b: Shane\n|\n|-damage|p1a: Taco Tuesday|23/100 brn|[from] brn\n|upkeep\n|\n|t:|1776435186\n|switch|p1b: Ranger|Camerupt, L50, F|100/100\n|turn|5\n|\n|t:|1776435198\n|detailschange|p1b: Ranger|Camerupt-Mega, L50, F\n|-mega|p1b: Ranger|Camerupt|Cameruptite\n|move|p2a: Liepard|Fake Tears|p1b: Ranger\n|-unboost|p1b: Ranger|spd|2\n|move|p1b: Ranger|Eruption|p2b: Dragapult|[spread] p2a,p2b\n|-resisted|p2b: Dragapult|1\n|-damage|p2a: Liepard|0 fnt\n|-damage|p2b: Dragapult|13/100\n|faint|p2a: Liepard\n|move|p1a: Taco Tuesday|Double-Edge|p2b: Dragapult|[miss]\n|-miss|p1a: Taco Tuesday|p2b: Dragapult\n|move|p2b: Dragapult|Dragon Pulse|p1b: Ranger\n|-damage|p1b: Ranger|34/100\n|\n|-damage|p1a: Taco Tuesday|17/100 brn|[from] brn\n|-fieldend|move: Trick Room\n|upkeep\n|-message|Mentalsyndrome forfeited.\n|\n|win|dragonsheart1\n|raw|Mentalsyndrome's rating: 1271 &rarr; <strong>1240</strong><br />(-31 for losing)\n|raw|dragonsheart1's rating: 1188 &rarr; <strong>1219</strong><br />(+31 for winning)\n",
  "uploadtime": 1776435221,
  "views": 49,
  "formatid": "gen9championsvgc2026regma",
  "rating": 1219,
  "private": 0,
  "password": null
}