{
  "id": "gen9championsvgc2026regma-2584931923",
  "format": "[Gen 9 Champions] VGC 2026 Reg M-A",
  "players": [
    "gooseyj",
    "duffmcwhaling"
  ],
  "log": "|j|\u2606gooseyj\n|j|\u2606duffmcwhaling\n|t:|1776295692\n|gametype|doubles\n|player|p1|gooseyj|iris-gen5bw2|1262\n|player|p2|duffmcwhaling|scientist-gen4dp|1360\n|gen|9\n|tier|[Gen 9 Champions] VGC 2026 Reg M-A\n|rated|\n|rule|Species Clause: Limit one of each Pok\u00e9mon\n|rule|Item Clause: Limit 1 of each item\n|clearpoke\n|poke|p1|Aerodactyl, L50, M|\n|poke|p1|Froslass, L50, F|\n|poke|p1|Incineroar, L50, F|\n|poke|p1|Rotom-Wash, L50|\n|poke|p1|Venusaur, L50, F|\n|poke|p1|Charizard, L50, M|\n|poke|p2|Glimmora, L50, F|\n|poke|p2|Orthworm, L50, M|\n|poke|p2|Talonflame, L50, M|\n|poke|p2|Tyranitar, L50, F|\n|poke|p2|Garchomp, L50, M|\n|poke|p2|Farigiraf, L50, F|\n|teampreview|4\n|inactive|Battle timer is ON: inactive players will automatically lose when time's up. (requested by gooseyj)\n|inactive|gooseyj has 60 seconds left.\n|inactive|gooseyj has 30 seconds left.\n|\n|t:|1776295756\n|teamsize|p1|4\n|teamsize|p2|4\n|start\n|switch|p1a: Aerodactyl|Aerodactyl, L50, M|100/100\n|switch|p1b: Incineroar|Incineroar, L50, F|100/100\n|switch|p2a: Garchomp|Garchomp, L50, M|100/100\n|switch|p2b: Talonflame|Talonflame, L50, M|100/100\n|-ability|p1a: Aerodactyl|Unnerve\n|-ability|p1b: Incineroar|Intimidate|boost\n|-unboost|p2a: Garchomp|atk|1\n|-unboost|p2b: Talonflame|atk|1\n|-enditem|p2a: Garchomp|White Herb\n|-clearnegativeboost|p2a: Garchomp|[silent]\n|turn|1\n|\n|t:|1776295769\n|move|p2b: Talonflame|Protect|p2b: Talonflame\n|-singleturn|p2b: Talonflame|Protect\n|move|p1b: Incineroar|Fake Out|p2b: Talonflame\n|-activate|p2b: Talonflame|move: Protect\n|move|p1a: Aerodactyl|Tailwind|p1a: Aerodactyl\n|-sidestart|p1: gooseyj|move: Tailwind\n|move|p2a: Garchomp|Rock Slide|p1a: Aerodactyl|[spread] p1a,p1b\n|-supereffective|p1a: Aerodactyl|1\n|-supereffective|p1b: Incineroar|1\n|-damage|p1a: Aerodactyl|42/100\n|-damage|p1b: Incineroar|60/100\n|\n|upkeep\n|turn|2\n|inactive|gooseyj has 30 seconds left.\n|inactive|gooseyj has 20 seconds left.\n|\n|t:|1776295814\n|move|p1a: Aerodactyl|Rock Slide|p2a: Garchomp|[spread] p2a,p2b\n|-resisted|p2a: Garchomp|1\n|-supereffective|p2b: Talonflame|2\n|-damage|p2a: Garchomp|89/100\n|-damage|p2b: Talonflame|0 fnt\n|faint|p2b: Talonflame\n|cant|p2a: Garchomp|flinch\n|move|p1b: Incineroar|Parting Shot|p2a: Garchomp\n|-unboost|p2a: Garchomp|atk|1\n|-unboost|p2a: Garchomp|spa|1\n|\n|t:|1776295827\n|switch|p1b: Froslass|Froslass, L50, F|100/100|[from] Parting Shot\n|\n|upkeep\n|\n|t:|1776295834\n|switch|p2b: Tyranitar|Tyranitar, L50, F|100/100\n|-weather|Sandstorm|[from] ability: Sand Stream|[of] p2b: Tyranitar\n|turn|3\n|\n|t:|1776295867\n|switch|p1a: Incineroar|Incineroar, L50, F|60/100\n|-ability|p1a: Incineroar|Intimidate|boost\n|-unboost|p2a: Garchomp|atk|1\n|-unboost|p2b: Tyranitar|atk|1\n|detailschange|p1b: Froslass|Froslass-Mega, L50, F\n|-mega|p1b: Froslass|Froslass|Froslassite\n|-weather|Snowscape|[from] ability: Snow Warning|[of] p1b: Froslass\n|move|p2a: Garchomp|Protect|p2a: Garchomp\n|-singleturn|p2a: Garchomp|Protect\n|move|p1b: Froslass|Blizzard|p2b: Tyranitar|[spread] p2b\n|-activate|p2a: Garchomp|move: Protect\n|-damage|p2b: Tyranitar|55/100\n|move|p2b: Tyranitar|Rock Slide|p1a: Incineroar|[spread] p1a,p1b\n|-supereffective|p1a: Incineroar|1\n|-supereffective|p1b: Froslass|1\n|-damage|p1a: Incineroar|18/100\n|-damage|p1b: Froslass|62/100\n|-enditem|p1a: Incineroar|Sitrus Berry|[eat]\n|-heal|p1a: Incineroar|43/100|[from] item: Sitrus Berry\n|\n|-weather|Snowscape|[upkeep]\n|upkeep\n|turn|4\n|\n|t:|1776295889\n|switch|p2b: Glimmora|Glimmora, L50, F|100/100\n|move|p1a: Incineroar|Fake Out|p2b: Glimmora\n|-resisted|p2b: Glimmora|1\n|-damage|p2b: Glimmora|95/100\n|-activate|p2b: Glimmora|ability: Toxic Debris\n|-sidestart|p1: gooseyj|move: Toxic Spikes\n|move|p1b: Froslass|Blizzard|p2a: Garchomp|[spread] p2a,p2b\n|-supereffective|p2a: Garchomp|2\n|-damage|p2a: Garchomp|0 fnt\n|-damage|p2b: Glimmora|43/100\n|faint|p2a: Garchomp\n|\n|-weather|Snowscape|[upkeep]\n|-sideend|p1: gooseyj|move: Tailwind\n|upkeep\n|\n|t:|1776295897\n|switch|p2a: Tyranitar|Tyranitar, L50, F|55/100\n|-weather|Sandstorm|[from] ability: Sand Stream|[of] p2a: Tyranitar\n|turn|5\n|inactive|gooseyj has 30 seconds left.\n|inactive|gooseyj has 20 seconds left.\n|\n|t:|1776295934\n|switch|p1a: Rotom|Rotom-Wash, L50|100/100\n|detailschange|p2b: Glimmora|Glimmora-Mega, L50, F\n|-mega|p2b: Glimmora|Glimmora|Glimmoranite\n|move|p1b: Froslass|Protect|p1b: Froslass\n|-singleturn|p1b: Froslass|Protect\n|move|p2a: Tyranitar|Rock Slide|p1a: Rotom|[spread] p1a\n|-activate|p1b: Froslass|move: Protect\n|-damage|p1a: Rotom|70/100\n|move|p2b: Glimmora|Power Gem|p1b: Froslass\n|-activate|p1b: Froslass|move: Protect\n|\n|-weather|Sandstorm|[upkeep]\n|-damage|p1b: Froslass|56/100|[from] Sandstorm\n|-damage|p1a: Rotom|64/100|[from] Sandstorm\n|upkeep\n|turn|6\n|\n|t:|1776295959\n|switch|p1b: Incineroar|Incineroar, L50, F|43/100\n|-status|p1b: Incineroar|psn\n|-ability|p1b: Incineroar|Intimidate|boost\n|-unboost|p2a: Tyranitar|atk|1\n|-unboost|p2b: Glimmora|atk|1\n|move|p2a: Tyranitar|Rock Slide|p1a: Rotom|[spread] p1a,p1b\n|-supereffective|p1b: Incineroar|1\n|-damage|p1a: Rotom|41/100\n|-damage|p1b: Incineroar|7/100 psn\n|move|p2b: Glimmora|Power Gem|p1a: Rotom\n|-damage|p1a: Rotom|0 fnt\n|faint|p1a: Rotom\n|\n|-weather|Sandstorm|[upkeep]\n|-damage|p1b: Incineroar|1/100 psn|[from] Sandstorm\n|-damage|p1b: Incineroar|0 fnt|[from] psn\n|faint|p1b: Incineroar\n|upkeep\n|\n|t:|1776295976\n|switch|p1a: Froslass|Froslass-Mega, L50, F|56/100\n|switch|p1b: Aerodactyl|Aerodactyl, L50, M|42/100\n|-ability|p1b: Aerodactyl|Unnerve\n|-status|p1a: Froslass|psn\n|-weather|Snowscape|[from] ability: Snow Warning|[of] p1a: Froslass\n|turn|7\n|\n|t:|1776295986\n|move|p2b: Glimmora|Protect|p2b: Glimmora\n|-singleturn|p2b: Glimmora|Protect\n|move|p1b: Aerodactyl|Rock Slide|p2b: Glimmora|[spread] p2a\n|-activate|p2b: Glimmora|move: Protect\n|-damage|p2a: Tyranitar|32/100\n|move|p2a: Tyranitar|Rock Slide|p1b: Aerodactyl|[spread] p1a,p1b\n|-supereffective|p1a: Froslass|1\n|-supereffective|p1b: Aerodactyl|1\n|-damage|p1a: Froslass|14/100 psn\n|-damage|p1b: Aerodactyl|0 fnt\n|faint|p1b: Aerodactyl\n|move|p1a: Froslass|Blizzard|p2b: Glimmora|[spread] p2a\n|-activate|p2b: Glimmora|move: Protect\n|-damage|p2a: Tyranitar|0 fnt\n|faint|p2a: Tyranitar\n|\n|-weather|Snowscape|[upkeep]\n|-damage|p1a: Froslass|1/100 psn|[from] psn\n|upkeep\n|turn|8\n|\n|t:|1776296005\n|move|p2b: Glimmora|Protect|p2b: Glimmora\n|-singleturn|p2b: Glimmora|Protect\n|move|p1a: Froslass|Blizzard|p2b: Glimmora\n|-activate|p2b: Glimmora|move: Protect\n|\n|-weather|Snowscape|[upkeep]\n|-damage|p1a: Froslass|0 fnt|[from] psn\n|faint|p1a: Froslass\n|\n|win|duffmcwhaling\n|raw|gooseyj's rating: 1262 &rarr; <strong>1244</strong><br />(-18 for losing)\n|raw|duffmcwhaling's rating: 1360 &rarr; <strong>1375</strong><br />(+15 for winning)\n",
  "uploadtime": 1776296008,
  "views": 30,
  "formatid": "gen9championsvgc2026regma",
  "rating": 1244,
  "private": 0,
  "password": null
}