{
  "id": "gen9championsvgc2026regma-2580945095",
  "format": "[Gen 9 Champions] VGC 2026 Reg M-A",
  "players": [
    "johnnyboywizard",
    "Whaaale Gorl"
  ],
  "log": "|j|\u2606johnnyboywizard\n|j|\u2606Whaaale Gorl\n|t:|1775945548\n|gametype|doubles\n|player|p1|johnnyboywizard|101|1074\n|player|p2|Whaaale Gorl|caitlin|1000\n|gen|9\n|tier|[Gen 9 Champions] VGC 2026 Reg M-A\n|rated|\n|rule|Species Clause: Limit one of each Pok\u00e9mon\n|rule|Item Clause: Limit 1 of each item\n|clearpoke\n|poke|p1|Delphox, L50, M|\n|poke|p1|Garchomp, L50, M|\n|poke|p1|Whimsicott, L50, F|\n|poke|p1|Meowstic, L50, M|\n|poke|p1|Sneasler, L50, M|\n|poke|p1|Orthworm, L50, F|\n|poke|p2|Golurk, L50|\n|poke|p2|Sinistcha, L50|\n|poke|p2|Rotom-Heat, L50|\n|poke|p2|Gyarados, L50, F|\n|poke|p2|Sylveon, L50, M|\n|poke|p2|Garchomp, L50, M|\n|teampreview|4\n|\n|t:|1775945592\n|teamsize|p1|4\n|teamsize|p2|4\n|start\n|switch|p1a: Delphox|Delphox, L50, M|100/100\n|switch|p1b: Garchomp|Garchomp, L50, M|100/100\n|switch|p2a: Rotom|Rotom-Heat, L50|100/100\n|switch|p2b: Gyarados|Gyarados, L50, F|100/100\n|-ability|p2b: Gyarados|Intimidate|boost\n|-unboost|p1a: Delphox|atk|1\n|-unboost|p1b: Garchomp|atk|1\n|turn|1\n|\n|t:|1775945623\n|switch|p2a: Sylveon|Sylveon, L50, M|100/100\n|detailschange|p2b: Gyarados|Gyarados-Mega, L50, F\n|-mega|p2b: Gyarados|Gyarados|Gyaradosite\n|-ability|p2b: Gyarados|Mold Breaker\n|move|p1a: Delphox|Protect|p1a: Delphox\n|-singleturn|p1a: Delphox|Protect\n|move|p1b: Garchomp|Rock Slide|p2b: Gyarados|[spread] p2b\n|-miss|p1b: Garchomp|p2a: Sylveon\n|-damage|p2b: Gyarados|89/100\n|move|p2b: Gyarados|Dragon Dance|p2b: Gyarados\n|-boost|p2b: Gyarados|atk|1\n|-boost|p2b: Gyarados|spe|1\n|\n|upkeep\n|turn|2\n|j| MaxSpaceRoom\n|\n|t:|1775945650\n|switch|p1b: Sneasler|Sneasler, L50, M|100/100\n|switch|p1a: Orthworm|Orthworm, L50, F|100/100\n|move|p2b: Gyarados|Waterfall|p1a: Orthworm\n|-damage|p1a: Orthworm|49/100\n|-enditem|p1a: Orthworm|Sitrus Berry|[eat]\n|-heal|p1a: Orthworm|73/100|[from] item: Sitrus Berry\n|move|p2a: Sylveon|Hyper Voice|p1b: Sneasler|[spread] p1a,p1b\n|-resisted|p1a: Orthworm|1\n|-damage|p1a: Orthworm|39/100\n|-damage|p1b: Sneasler|36/100\n|\n|upkeep\n|turn|3\n|l| MaxSpaceRoom\n|\n|t:|1775945675\n|switch|p2a: Rotom|Rotom-Heat, L50|100/100\n|move|p2b: Gyarados|Protect|p2b: Gyarados\n|-singleturn|p2b: Gyarados|Protect\n|move|p1b: Sneasler|Fake Out|p2b: Gyarados\n|-activate|p2b: Gyarados|move: Protect\n|move|p1a: Orthworm|Body Press|p2b: Gyarados\n|-activate|p2b: Gyarados|move: Protect\n|\n|upkeep\n|turn|4\n|\n|t:|1775945690\n|move|p2a: Rotom|Volt Switch|p1b: Sneasler\n|-damage|p1b: Sneasler|0 fnt\n|faint|p1b: Sneasler\n|\n|t:|1775945695\n|switch|p2a: Sylveon|Sylveon, L50, M|100/100|[from] Volt Switch\n|move|p2b: Gyarados|Waterfall|p1a: Orthworm\n|-damage|p1a: Orthworm|0 fnt\n|faint|p1a: Orthworm\n|\n|upkeep\n|\n|t:|1775945698\n|switch|p1b: Delphox|Delphox, L50, M|100/100\n|switch|p1a: Garchomp|Garchomp, L50, M|100/100\n|turn|5\n|\n|t:|1775945708\n|detailschange|p1b: Delphox|Delphox-Mega, L50, M\n|-mega|p1b: Delphox|Delphox|Delphoxite\n|move|p1a: Garchomp|Earthquake|p2a: Sylveon|[spread] p2a,p2b\n|-immune|p1b: Delphox|[from] ability: Levitate\n|-damage|p2a: Sylveon|62/100\n|-damage|p2b: Gyarados|49/100\n|move|p1b: Delphox|Heat Wave|p2a: Sylveon|[spread] p2a,p2b\n|-resisted|p2b: Gyarados|1\n|-damage|p2a: Sylveon|25/100\n|-damage|p2b: Gyarados|33/100\n|move|p2b: Gyarados|Dragon Dance|p2b: Gyarados\n|-boost|p2b: Gyarados|atk|1\n|-boost|p2b: Gyarados|spe|1\n|move|p2a: Sylveon|Hyper Voice|p1b: Delphox|[spread] p1a,p1b\n|-supereffective|p1a: Garchomp|1\n|-resisted|p1b: Delphox|1\n|-damage|p1a: Garchomp|0 fnt\n|-damage|p1b: Delphox|76/100\n|faint|p1a: Garchomp\n|\n|upkeep\n|turn|6\n|\n|t:|1775945729\n|move|p2a: Sylveon|Quick Attack|p1b: Delphox\n|-resisted|p1b: Delphox|1\n|-damage|p1b: Delphox|64/100\n|move|p2b: Gyarados|Waterfall|p1b: Delphox\n|-supereffective|p1b: Delphox|1\n|-damage|p1b: Delphox|0 fnt\n|faint|p1b: Delphox\n|\n|win|Whaaale Gorl\n|raw|johnnyboywizard's rating: 1074 &rarr; <strong>1048</strong><br />(-26 for losing)\n|raw|Whaaale Gorl's rating: 1000 &rarr; <strong>1048</strong><br />(+48 for winning)\n",
  "uploadtime": 1775945732,
  "views": 24,
  "formatid": "gen9championsvgc2026regma",
  "rating": 1048,
  "private": 0,
  "password": null
}