{
  "id": "gen9championsvgc2026regma-2588074612",
  "format": "[Gen 9 Champions] VGC 2026 Reg M-A",
  "players": [
    "tearamizuu",
    "Dr Doommm"
  ],
  "log": "|j|\u2606tearamizuu\n|j|\u2606Dr Doommm\n|t:|1776601276\n|gametype|doubles\n|player|p1|tearamizuu|acetrainerf-gen4|1097\n|player|p2|Dr Doommm|266|1067\n|gen|9\n|tier|[Gen 9 Champions] VGC 2026 Reg M-A\n|rated|\n|rule|Species Clause: Limit one of each Pok\u00e9mon\n|rule|Item Clause: Limit 1 of each item\n|clearpoke\n|poke|p1|Pelipper, L50, F|\n|poke|p1|Lucario, L50, F|\n|poke|p1|Milotic, L50, M|\n|poke|p1|Espeon, L50, M|\n|poke|p1|Venusaur, L50, M|\n|poke|p1|Sneasler, L50, M|\n|poke|p2|Alakazam, L50, F, shiny|\n|poke|p2|Meowstic, L50, M|\n|poke|p2|Primarina, L50, M|\n|poke|p2|Sneasler, L50, F|\n|poke|p2|Incineroar, L50, M|\n|poke|p2|Maushold-Four, L50|\n|teampreview|4\n|inactive|Battle timer is ON: inactive players will automatically lose when time's up. (requested by tearamizuu)\nDr Doommm rejected open team sheets.\n|inactive|tearamizuu has 60 seconds left.\n|\n|t:|1776601307\n|teamsize|p1|4\n|teamsize|p2|4\n|start\n|switch|p1a: Espeon|Espeon, L50, M|100/100\n|switch|p1b: Milotic|Milotic, L50, M|100/100\n|switch|p2a: Alakazam|Alakazam, L50, F, shiny|100/100\n|switch|p2b: Meowstic|Meowstic, L50, M|100/100\n|turn|1\n|\n|t:|1776601330\n|move|p2b: Meowstic|Psychic Terrain|p2b: Meowstic\n|-fieldstart|move: Psychic Terrain\n|move|p1a: Espeon|Gravity|p1a: Espeon\n|-fieldstart|move: Gravity\n|move|p2a: Alakazam|Shadow Ball|p1a: Espeon\n|-supereffective|p1a: Espeon|1\n|-damage|p1a: Espeon|22/100\n|move|p1b: Milotic|Hypnosis|p2b: Meowstic\n|-status|p2b: Meowstic|slp|[from] move: Hypnosis\n|\n|upkeep\n|turn|2\n|\n|t:|1776601354\n|cant|p2b: Meowstic|slp\n|move|p1a: Espeon|Psychic|p2a: Alakazam\n|-resisted|p2a: Alakazam|1\n|-damage|p2a: Alakazam|58/100\n|move|p2a: Alakazam|Expanding Force|p1a: Espeon|[spread] p1a,p1b\n|-resisted|p1a: Espeon|1\n|-damage|p1a: Espeon|0 fnt\n|-damage|p1b: Milotic|50/100\n|faint|p1a: Espeon\n|move|p1b: Milotic|Hypnosis|p2a: Alakazam\n|-status|p2a: Alakazam|slp|[from] move: Hypnosis\n|\n|upkeep\n|\n|t:|1776601358\n|switch|p1a: Pelipper|Pelipper, L50, F|100/100\n|-weather|RainDance|[from] ability: Drizzle|[of] p1a: Pelipper\n|turn|3\n|\n|t:|1776601372\n|cant|p2b: Meowstic|slp\n|cant|p2a: Alakazam|slp\n|move|p1a: Pelipper|Wide Guard|p1a: Pelipper\n|-singleturn|p1a: Pelipper|Wide Guard\n|move|p1b: Milotic|Hydro Pump|p2b: Meowstic\n|-damage|p2b: Meowstic|0 fnt\n|faint|p2b: Meowstic\n|\n|-weather|RainDance|[upkeep]\n|upkeep\n|\n|t:|1776601385\n|switch|p2b: Primarina|Primarina, L50, M|100/100\n|turn|4\n|\n|t:|1776601394\n|detailschange|p2a: Alakazam|Alakazam-Mega, L50, F, shiny\n|-mega|p2a: Alakazam|Alakazam|Alakazite\n|-ability|p2a: Alakazam|Competitive|Trace|[from] ability: Trace|[of] p1b: Milotic\n|cant|p2a: Alakazam|slp\n|move|p1a: Pelipper|Wide Guard|p1a: Pelipper\n|-singleturn|p1a: Pelipper|Wide Guard\n|move|p1b: Milotic|Hydro Pump|p2a: Alakazam\n|-damage|p2a: Alakazam|0 fnt\n|faint|p2a: Alakazam\n|move|p2b: Primarina|Life Dew||[still]\n|-fail|p2b: Primarina|heal\n|\n|-weather|RainDance|[upkeep]\n|upkeep\n|\n|t:|1776601408\n|switch|p2a: Sneasler|Sneasler, L50, F|100/100\n|turn|5\n|\n|t:|1776601423\n|move|p2a: Sneasler|Dire Claw|p1b: Milotic\n|-damage|p1b: Milotic|0 fnt\n|faint|p1b: Milotic\n|move|p1a: Pelipper|Hurricane|p2a: Sneasler\n|-supereffective|p2a: Sneasler|1\n|-damage|p2a: Sneasler|0 fnt\n|faint|p2a: Sneasler\n|move|p2b: Primarina|Moonblast|p1a: Pelipper\n|-damage|p1a: Pelipper|39/100\n|\n|-weather|RainDance|[upkeep]\n|-fieldend|move: Gravity\n|-fieldend|move: Psychic Terrain\n|upkeep\n|\n|t:|1776601425\n|switch|p1b: Lucario|Lucario, L50, F|100/100\n|turn|6\n|\n|t:|1776601436\n|detailschange|p1b: Lucario|Lucario-Mega, L50, F\n|-mega|p1b: Lucario|Lucario|Lucarionite\n|move|p1b: Lucario|Iron Tail|p2b: Primarina\n|-damage|p2b: Primarina|10/100\n|move|p1a: Pelipper|Hurricane|p2b: Primarina\n|-damage|p2b: Primarina|0 fnt\n|faint|p2b: Primarina\n|\n|win|tearamizuu\n|raw|tearamizuu's rating: 1097 &rarr; <strong>1120</strong><br />(+23 for winning)\n|raw|Dr Doommm's rating: 1067 &rarr; <strong>1049</strong><br />(-18 for losing)\n|l|\u2606Dr Doommm\n|player|p2|\n",
  "uploadtime": 1776601457,
  "views": 9,
  "formatid": "gen9championsvgc2026regma",
  "rating": 1049,
  "private": 0,
  "password": null
}