{
  "id": "gen9championsvgc2026regma-2580664637",
  "format": "[Gen 9 Champions] VGC 2026 Reg M-A",
  "players": [
    "A5h3r",
    "mikro3130"
  ],
  "log": "|j|\u2606A5h3r\n|j|\u2606mikro3130\n|t:|1775922483\n|gametype|doubles\n|player|p1|A5h3r|alder|1000\n|player|p2|mikro3130|richboy|1000\n|gen|9\n|tier|[Gen 9 Champions] VGC 2026 Reg M-A\n|rated|\n|rule|Species Clause: Limit one of each Pok\u00e9mon\n|rule|Item Clause: Limit 1 of each item\n|clearpoke\n|poke|p1|Froslass, L50, F|\n|poke|p1|Sneasler, L50, F|\n|poke|p1|Rotom-Wash, L50|\n|poke|p1|Sinistcha-Masterpiece, L50|\n|poke|p1|Garchomp, L50, F|\n|poke|p1|Incineroar, L50, F|\n|poke|p2|Gengar, L50, M|\n|poke|p2|Maushold-Four, L50|\n|poke|p2|Sinistcha-Masterpiece, L50|\n|poke|p2|Incineroar, L50, M|\n|poke|p2|Politoed, L50, F|\n|poke|p2|Basculegion, L50, M|\n|teampreview|4\n|inactive|Battle timer is ON: inactive players will automatically lose when time's up. (requested by mikro3130)\n|inactive|A5h3r has 60 seconds left.\n|inactive|mikro3130 has 60 seconds left.\n|inactive|A5h3r has 30 seconds left.\n|inactive|A5h3r has 20 seconds left.\n|inactive|A5h3r has 15 seconds left.\n|\n|t:|1775922559\n|teamsize|p1|4\n|teamsize|p2|4\n|start\n|switch|p1a: Rotom|Rotom-Wash, L50|100/100\n|switch|p1b: Incineroar|Incineroar, L50, F|100/100\n|switch|p2a: Death|Gengar, L50, M, shiny|100/100\n|switch|p2b: Stupid Dumb Cat|Incineroar, L50, M|100/100\n|-ability|p2b: Stupid Dumb Cat|Intimidate|boost\n|-unboost|p1a: Rotom|atk|1\n|-unboost|p1b: Incineroar|atk|1\n|-ability|p1b: Incineroar|Intimidate|boost\n|-unboost|p2a: Death|atk|1\n|-unboost|p2b: Stupid Dumb Cat|atk|1\n|turn|1\n|c|\u2606A5h3r|glhf\n|c|\u2606mikro3130|you too\n|inactive|A5h3r has 30 seconds left.\n|inactive|A5h3r has 20 seconds left.\n|\n|t:|1775922598\n|detailschange|p2a: Death|Gengar-Mega, L50, M, shiny\n|-mega|p2a: Death|Gengar|Gengarite\n|move|p2b: Stupid Dumb Cat|Fake Out|p1b: Incineroar\n|-damage|p1b: Incineroar|93/100\n|cant|p1b: Incineroar|flinch\n|move|p2a: Death|Perish Song|p2a: Death\n|-start|p1a: Rotom|perish3|[silent]\n|-start|p1b: Incineroar|perish3|[silent]\n|-start|p2a: Death|perish3|[silent]\n|-start|p2b: Stupid Dumb Cat|perish3|[silent]\n|-fieldactivate|move: Perish Song\n|move|p1a: Rotom|Electroweb|p2a: Death|[spread] p2a,p2b\n|-damage|p2a: Death|81/100\n|-damage|p2b: Stupid Dumb Cat|81/100\n|-unboost|p2a: Death|spe|1\n|-unboost|p2b: Stupid Dumb Cat|spe|1\n|\n|-start|p2a: Death|perish3\n|-start|p1a: Rotom|perish3\n|-start|p1b: Incineroar|perish3\n|-start|p2b: Stupid Dumb Cat|perish3\n|upkeep\n|turn|2\n|inactive|A5h3r has 30 seconds left.\n|\n|t:|1775922628\n|move|p2a: Death|Protect|p2a: Death\n|-singleturn|p2a: Death|Protect\n|move|p1a: Rotom|Hydro Pump|p2b: Stupid Dumb Cat\n|-supereffective|p2b: Stupid Dumb Cat|1\n|-damage|p2b: Stupid Dumb Cat|0 fnt\n|faint|p2b: Stupid Dumb Cat\n|move|p1b: Incineroar|Throat Chop|p2a: Death\n|-activate|p2a: Death|move: Protect\n|\n|-start|p1a: Rotom|perish2\n|-start|p2a: Death|perish2\n|-start|p1b: Incineroar|perish2\n|upkeep\n|\n|t:|1775922638\n|switch|p2b: Big Toad|Politoed, L50, F|100/100\n|-weather|RainDance|[from] ability: Drizzle|[of] p2b: Big Toad\n|turn|3\n|inactive|mikro3130 has 30 seconds left.\n|inactive|A5h3r has 30 seconds left.\n|\n|t:|1775922672\n|move|p2b: Big Toad|Protect|p2b: Big Toad\n|-singleturn|p2b: Big Toad|Protect\n|move|p1a: Rotom|Electroweb|p2a: Death|[spread] p2a\n|-activate|p2b: Big Toad|move: Protect\n|-damage|p2a: Death|62/100\n|-unboost|p2a: Death|spe|1\n|move|p2a: Death|Disable|p1b: Incineroar\n|-start|p1b: Incineroar|Disable|Throat Chop\n|cant|p1b: Incineroar|Disable|Throat Chop\n|\n|-weather|RainDance|[upkeep]\n|-start|p1a: Rotom|perish1\n|-start|p1b: Incineroar|perish1\n|-start|p2a: Death|perish1\n|upkeep\n|turn|4\n|\n|t:|1775922692\n|switch|p2a: Kowai Fish|Basculegion, L50, M|100/100\n|move|p2b: Big Toad|Endure|p2b: Big Toad\n|-singleturn|p2b: Big Toad|move: Endure\n|move|p1a: Rotom|Volt Switch|p2b: Big Toad\n|-supereffective|p2b: Big Toad|1\n|-enditem|p2b: Big Toad|Wacan Berry|[eat]\n|-enditem|p2b: Big Toad|Wacan Berry|[weaken]\n|-damage|p2b: Big Toad|76/100\n|\n|t:|1775922708\n|switch|p1a: Froslass|Froslass, L50, F|100/100|[from] Volt Switch\n|move|p1b: Incineroar|Parting Shot|p2a: Kowai Fish\n|-unboost|p2a: Kowai Fish|atk|1\n|-unboost|p2a: Kowai Fish|spa|1\n|\n|t:|1775922723\n|switch|p1b: Rotom|Rotom-Wash, L50|100/100|[from] Parting Shot\n|\n|-weather|RainDance|[upkeep]\n|upkeep\n|turn|5\n|inactive|mikro3130 has 30 seconds left.\n|\n|t:|1775922749\n|switch|p2b: Death|Gengar-Mega, L50, M, shiny|62/100\n|detailschange|p1a: Froslass|Froslass-Mega, L50, F\n|-mega|p1a: Froslass|Froslass|Froslassite\n|-weather|Snowscape|[from] ability: Snow Warning|[of] p1a: Froslass\n|move|p1a: Froslass|Shadow Ball|p2a: Kowai Fish\n|-supereffective|p2a: Kowai Fish|1\n|-damage|p2a: Kowai Fish|4/100\n|move|p2a: Kowai Fish|Last Respects|p1a: Froslass\n|-supereffective|p1a: Froslass|1\n|-damage|p1a: Froslass|33/100\n|move|p1b: Rotom|Electroweb|p2a: Kowai Fish|[spread] p2a,p2b\n|-supereffective|p2a: Kowai Fish|1\n|-damage|p2a: Kowai Fish|0 fnt\n|-damage|p2b: Death|39/100\n|-unboost|p2b: Death|spe|1\n|faint|p2a: Kowai Fish\n|\n|-weather|Snowscape|[upkeep]\n|upkeep\n|-message|mikro3130 forfeited.\n|\n|win|A5h3r\n|raw|A5h3r's rating: 1000 &rarr; <strong>1040</strong><br />(+40 for winning)\n|raw|mikro3130's rating: 1000 &rarr; <strong>1000</strong><br />(+0 for losing)\n|l|\u2606mikro3130\n|player|p2|\n",
  "uploadtime": 1775922779,
  "views": 31,
  "formatid": "gen9championsvgc2026regma",
  "rating": 1000,
  "private": 0,
  "password": null
}