{
  "id": "gen9championsvgc2026regma-2584127203",
  "format": "[Gen 9 Champions] VGC 2026 Reg M-A",
  "players": [
    "ShreeKlime",
    "mags1012"
  ],
  "log": "|j|\u2606ShreeKlime\n|j|\u2606mags1012\n|t:|1776228155\n|gametype|doubles\n|player|p1|ShreeKlime|steven|1048\n|player|p2|mags1012|plasmagrunt-gen5bw|1129\n|gen|9\n|tier|[Gen 9 Champions] VGC 2026 Reg M-A\n|rated|\n|rule|Species Clause: Limit one of each Pok\u00e9mon\n|rule|Item Clause: Limit 1 of each item\n|clearpoke\n|poke|p1|Starmie, L50|\n|poke|p1|Kingambit, L50, M|\n|poke|p1|Basculegion, L50, M|\n|poke|p1|Incineroar, L50, M|\n|poke|p1|Pelipper, L50, F|\n|poke|p1|Sinistcha, L50|\n|poke|p2|Tyranitar, L50, M|\n|poke|p2|Excadrill, L50, M|\n|poke|p2|Corviknight, L50, F|\n|poke|p2|Sinistcha, L50|\n|poke|p2|Incineroar, L50, M|\n|poke|p2|Lycanroc, L50, F|\n|teampreview|4\nmags1012 has agreed to open team sheets.\n|\n|t:|1776228169\n|teamsize|p1|4\n|teamsize|p2|4\n|start\n|switch|p1a: Starmie|Starmie, L50|100/100\n|switch|p1b: Incineroar|Incineroar, L50, M|100/100\n|switch|p2a: Sinistcha|Sinistcha, L50|100/100\n|switch|p2b: Corviknight|Corviknight, L50, F|100/100\n|-ability|p1b: Incineroar|Intimidate|boost\n|-unboost|p2a: Sinistcha|atk|1\n|-ability|p2b: Corviknight|Mirror Armor\n|-unboost|p1b: Incineroar|atk|1\n|turn|1\n|\n|t:|1776228196\n|detailschange|p1a: Starmie|Starmie-Mega, L50\n|-mega|p1a: Starmie|Starmie|Starminite\n|move|p1b: Incineroar|Fake Out|p2b: Corviknight\n|-resisted|p2b: Corviknight|1\n|-damage|p2b: Corviknight|97/100\n|move|p1a: Starmie|Ice Spinner|p2a: Sinistcha\n|-supereffective|p2a: Sinistcha|1\n|-damage|p2a: Sinistcha|27/100\n|cant|p2b: Corviknight|flinch\n|move|p2a: Sinistcha|Trick Room|p2a: Sinistcha\n|-fieldstart|move: Trick Room|[of] p2a: Sinistcha\n|\n|-heal|p2b: Corviknight|100/100|[from] item: Leftovers\n|upkeep\n|turn|2\n|inactive|Battle timer is ON: inactive players will automatically lose when time's up. (requested by mags1012)\n|\n|t:|1776228230\n|switch|p2a: Tyranitar|Tyranitar, L50, M|100/100\n|-weather|Sandstorm|[from] ability: Sand Stream|[of] p2a: Tyranitar\n|move|p1b: Incineroar|Flare Blitz|p2b: Corviknight\n|-supereffective|p2b: Corviknight|1\n|-damage|p2b: Corviknight|48/100\n|-damage|p1b: Incineroar|84/100|[from] Recoil\n|move|p2b: Corviknight|Bulk Up|p2b: Corviknight\n|-boost|p2b: Corviknight|atk|1\n|-boost|p2b: Corviknight|def|1\n|move|p1a: Starmie|Waterfall|p2a: Tyranitar\n|-supereffective|p2a: Tyranitar|1\n|-damage|p2a: Tyranitar|14/100\n|\n|-weather|Sandstorm|[upkeep]\n|-damage|p1b: Incineroar|78/100|[from] Sandstorm\n|-damage|p1a: Starmie|95/100|[from] Sandstorm\n|-heal|p2b: Corviknight|54/100|[from] item: Leftovers\n|upkeep\n|turn|3\n|\n|t:|1776228253\n|move|p1a: Starmie|Protect|p1a: Starmie\n|-singleturn|p1a: Starmie|Protect\n|move|p2a: Tyranitar|Knock Off|p1a: Starmie\n|-activate|p1a: Starmie|move: Protect\n|move|p1b: Incineroar|Parting Shot|p2a: Tyranitar\n|-unboost|p2a: Tyranitar|atk|1\n|-unboost|p2a: Tyranitar|spa|1\n|\n|t:|1776228261\n|switch|p1b: Pelipper|Pelipper, L50, F|100/100|[from] Parting Shot\n|-weather|RainDance|[from] ability: Drizzle|[of] p1b: Pelipper\n|move|p2b: Corviknight|Roost|p2b: Corviknight\n|-heal|p2b: Corviknight|100/100\n|-singleturn|p2b: Corviknight|move: Roost\n|\n|-weather|RainDance|[upkeep]\n|upkeep\n|turn|4\n|\n|t:|1776228281\n|detailschange|p2a: Tyranitar|Tyranitar-Mega, L50, M\n|-mega|p2a: Tyranitar|Tyranitar|Tyranitarite\n|-weather|Sandstorm|[from] ability: Sand Stream|[of] p2a: Tyranitar\n|move|p1a: Starmie|Aqua Jet|p2a: Tyranitar\n|-supereffective|p2a: Tyranitar|1\n|-damage|p2a: Tyranitar|0 fnt\n|faint|p2a: Tyranitar\n|move|p2b: Corviknight|Brave Bird|p1a: Starmie\n|-damage|p1a: Starmie|24/100\n|-damage|p2b: Corviknight|80/100|[from] Recoil\n|move|p1b: Pelipper|Tailwind|p1b: Pelipper\n|-sidestart|p1: ShreeKlime|move: Tailwind\n|\n|-weather|Sandstorm|[upkeep]\n|-damage|p1b: Pelipper|95/100|[from] Sandstorm\n|-damage|p1a: Starmie|18/100|[from] Sandstorm\n|-heal|p2b: Corviknight|87/100|[from] item: Leftovers\n|upkeep\n|\n|t:|1776228298\n|switch|p2a: Excadrill|Excadrill, L50, M|100/100\n|turn|5\n|\n|t:|1776228319\n|switch|p1b: Incineroar|Incineroar, L50, M|78/100\n|-ability|p1b: Incineroar|Intimidate|boost\n|-unboost|p2a: Excadrill|atk|1\n|-ability|p2b: Corviknight|Mirror Armor\n|-unboost|p1b: Incineroar|atk|1\n|move|p1a: Starmie|Aqua Jet|p2a: Excadrill\n|-supereffective|p2a: Excadrill|1\n|-damage|p2a: Excadrill|10/100\n|move|p2b: Corviknight|Brave Bird|p1b: Incineroar\n|-damage|p1b: Incineroar|25/100\n|-damage|p2b: Corviknight|68/100|[from] Recoil\n|move|p2a: Excadrill|Rock Slide|p1b: Incineroar|[spread] p1a\n|-miss|p2a: Excadrill|p1b: Incineroar\n|-damage|p1a: Starmie|3/100\n|\n|-weather|Sandstorm|[upkeep]\n|-damage|p1b: Incineroar|19/100|[from] Sandstorm\n|-damage|p1a: Starmie|0 fnt|[from] Sandstorm\n|faint|p1a: Starmie\n|-heal|p2b: Corviknight|75/100|[from] item: Leftovers\n|-fieldend|move: Trick Room\n|upkeep\n|\n|t:|1776228343\n|switch|p1a: Pelipper|Pelipper, L50, F|95/100\n|-weather|RainDance|[from] ability: Drizzle|[of] p1a: Pelipper\n|turn|6\n|\n|t:|1776228359\n|move|p2a: Excadrill|Protect|p2a: Excadrill\n|-singleturn|p2a: Excadrill|Protect\n|move|p1b: Incineroar|Fake Out|p2b: Corviknight\n|-resisted|p2b: Corviknight|1\n|-damage|p2b: Corviknight|73/100\n|move|p1a: Pelipper|Weather Ball|p2a: Excadrill\n|-activate|p2a: Excadrill|move: Protect\n|cant|p2b: Corviknight|flinch\n|\n|-weather|RainDance|[upkeep]\n|-heal|p2b: Corviknight|79/100|[from] item: Leftovers\n|upkeep\n|turn|7\n|\n|t:|1776228377\n|switch|p1b: Basculegion|Basculegion, L50, M|100/100\n|move|p1a: Pelipper|Weather Ball|p2a: Excadrill\n|-supereffective|p2a: Excadrill|1\n|-damage|p2a: Excadrill|0 fnt\n|faint|p2a: Excadrill\n|move|p2b: Corviknight|Brave Bird|p1a: Pelipper\n|-damage|p1a: Pelipper|19/100\n|-damage|p2b: Corviknight|57/100|[from] Recoil\n|\n|-weather|RainDance|[upkeep]\n|-heal|p2b: Corviknight|64/100|[from] item: Leftovers\n|-sideend|p1: ShreeKlime|move: Tailwind\n|upkeep\n|\n|t:|1776228388\n|switch|p2a: Sinistcha|Sinistcha, L50|27/100\n|-heal|p2b: Corviknight|89/100|[from] ability: Hospitality|[of] p2a: Sinistcha\n|turn|8\n|\n|t:|1776228404\n|move|p1b: Basculegion|Ice Fang|p2b: Corviknight\n|-damage|p2b: Corviknight|77/100\n|-status|p2b: Corviknight|frz\n|move|p1a: Pelipper|Hurricane|p2a: Sinistcha\n|-supereffective|p2a: Sinistcha|1\n|-damage|p2a: Sinistcha|0 fnt\n|faint|p2a: Sinistcha\n|cant|p2b: Corviknight|frz\n|\n|-weather|RainDance|[upkeep]\n|-heal|p2b: Corviknight|83/100 frz|[from] item: Leftovers\n|upkeep\n|turn|9\n|\n|t:|1776228428\n|switch|p1b: Incineroar|Incineroar, L50, M|19/100\n|-ability|p1b: Incineroar|Intimidate|boost\n|-ability|p2b: Corviknight|Mirror Armor\n|-unboost|p1b: Incineroar|atk|1\n|move|p1a: Pelipper|Weather Ball|p2b: Corviknight\n|-crit|p2b: Corviknight\n|-damage|p2b: Corviknight|18/100 frz\n|cant|p2b: Corviknight|frz\n|\n|-weather|RainDance|[upkeep]\n|-heal|p2b: Corviknight|24/100 frz|[from] item: Leftovers\n|upkeep\n|turn|10\n|\n|t:|1776228443\n|move|p1b: Incineroar|Fake Out|p2b: Corviknight\n|-resisted|p2b: Corviknight|1\n|-damage|p2b: Corviknight|22/100 frz\n|move|p1a: Pelipper|Weather Ball|p2b: Corviknight\n|-damage|p2b: Corviknight|0 fnt\n|faint|p2b: Corviknight\n|\n|win|ShreeKlime\n|raw|ShreeKlime's rating: 1048 &rarr; <strong>1088</strong><br />(+40 for winning)\n|raw|mags1012's rating: 1129 &rarr; <strong>1098</strong><br />(-31 for losing)\n|l|\u2606mags1012\n|player|p2|\n",
  "uploadtime": 1776228452,
  "views": 28,
  "formatid": "gen9championsvgc2026regma",
  "rating": 1088,
  "private": 0,
  "password": null
}