{
  "id": "gen9championsvgc2026regma-2584000503",
  "format": "[Gen 9 Champions] VGC 2026 Reg M-A",
  "players": [
    "MeteorHerder",
    "yuriimon"
  ],
  "log": "|j|\u2606MeteorHerder\n|j|\u2606yuriimon\n|t:|1776215596\n|gametype|doubles\n|player|p1|MeteorHerder|pokemonbreeder-gen4|1167\n|player|p2|yuriimon|waitress-gen4|1069\n|gen|9\n|tier|[Gen 9 Champions] VGC 2026 Reg M-A\n|rated|\n|rule|Species Clause: Limit one of each Pok\u00e9mon\n|rule|Item Clause: Limit 1 of each item\n|clearpoke\n|poke|p1|Delphox, L50, M|\n|poke|p1|Milotic, L50, M|\n|poke|p1|Dragonite, L50, M|\n|poke|p1|Ninetales-Alola, L50, M|\n|poke|p1|Mimikyu, L50, F|\n|poke|p1|Aggron, L50, F|\n|poke|p2|Glimmora, L50, F|\n|poke|p2|Incineroar, L50, M|\n|poke|p2|Archaludon, L50, F|\n|poke|p2|Politoed, L50, M|\n|poke|p2|Basculegion, L50, M|\n|poke|p2|Chesnaught, L50, F|\n|teampreview|4\n|inactive|Battle timer is ON: inactive players will automatically lose when time's up. (requested by yuriimon)\n|inactive|MeteorHerder has 60 seconds left.\n|\n|t:|1776215639\n|teamsize|p1|4\n|teamsize|p2|4\n|start\n|switch|p1a: Mimikyu|Mimikyu, L50, F|100/100\n|switch|p1b: Milotic|Milotic, L50, M|100/100\n|switch|p2a: Chesnaught|Chesnaught, L50, F|100/100\n|switch|p2b: Archaludon|Archaludon, L50, F|100/100\n|turn|1\n|\n|t:|1776215661\n|detailschange|p2a: Chesnaught|Chesnaught-Mega, L50, F\n|-mega|p2a: Chesnaught|Chesnaught|Chesnaughtite\n|move|p1b: Milotic|Protect|p1b: Milotic\n|-singleturn|p1b: Milotic|Protect\n|move|p2b: Archaludon|Flash Cannon|p1a: Mimikyu\n|-activate|p1a: Mimikyu|ability: Disguise\n|-damage|p1a: Mimikyu|100/100\n|-unboost|p1a: Mimikyu|spd|1\n|detailschange|p1a: Mimikyu|Mimikyu-Busted, L50, F\n|-damage|p1a: Mimikyu|88/100|[from] pokemon: Mimikyu-Busted\n|move|p2a: Chesnaught|Iron Defense|p2a: Chesnaught\n|-boost|p2a: Chesnaught|def|2\n|move|p1a: Mimikyu|Trick Room|p1a: Mimikyu\n|-fieldstart|move: Trick Room|[of] p1a: Mimikyu\n|\n|upkeep\n|turn|2\n|inactive|MeteorHerder has 30 seconds left.\n|inactive|yuriimon has 30 seconds left.\n|inactive|MeteorHerder has 20 seconds left.\n|\n|t:|1776215698\n|move|p2a: Chesnaught|Body Press|p1b: Milotic\n|-damage|p1b: Milotic|2/100\n|move|p1b: Milotic|Haze|p1b: Milotic\n|-clearallboost\n|move|p2b: Archaludon|Flash Cannon|p1a: Mimikyu\n|-supereffective|p1a: Mimikyu|1\n|-crit|p1a: Mimikyu\n|-damage|p1a: Mimikyu|0 fnt\n|faint|p1a: Mimikyu\n|\n|-heal|p1b: Milotic|8/100|[from] item: Leftovers\n|upkeep\n|\n|t:|1776215708\n|switch|p1a: Aggron|Aggron, L50, F|100/100\n|turn|3\n|\n|t:|1776215722\n|detailschange|p1a: Aggron|Aggron-Mega, L50, F\n|-mega|p1a: Aggron|Aggron|Aggronite\n|move|p2a: Chesnaught|Iron Defense|p2a: Chesnaught\n|-boost|p2a: Chesnaught|def|2\n|move|p1a: Aggron|Iron Defense|p1a: Aggron\n|-boost|p1a: Aggron|def|2\n|move|p1b: Milotic|Scald|p2b: Archaludon\n|-resisted|p2b: Archaludon|1\n|-damage|p2b: Archaludon|77/100\n|-ability|p2b: Archaludon|Stamina|boost\n|-boost|p2b: Archaludon|def|1\n|move|p2b: Archaludon|Snarl|p1a: Aggron|[spread] p1a,p1b\n|-damage|p1a: Aggron|87/100\n|-damage|p1b: Milotic|0 fnt\n|-unboost|p1a: Aggron|spa|1\n|faint|p1b: Milotic\n|\n|upkeep\n|\n|t:|1776215736\n|switch|p1b: Dragonite|Dragonite, L50, M|100/100\n|turn|4\n|\n|t:|1776215757\n|move|p2a: Chesnaught|Body Press|p1a: Aggron\n|-supereffective|p1a: Aggron|1\n|-crit|p1a: Aggron\n|-damage|p1a: Aggron|0 fnt\n|faint|p1a: Aggron\n|move|p2b: Archaludon|Draco Meteor|p1b: Dragonite\n|-supereffective|p1b: Dragonite|1\n|-damage|p1b: Dragonite|34/100\n|-unboost|p2b: Archaludon|spa|2\n|move|p1b: Dragonite|Scale Shot|p2b: Archaludon\n|-damage|p2b: Archaludon|70/100\n|-ability|p2b: Archaludon|Stamina|boost\n|-boost|p2b: Archaludon|def|1\n|-damage|p2b: Archaludon|64/100\n|-ability|p2b: Archaludon|Stamina|boost\n|-boost|p2b: Archaludon|def|1\n|-hitcount|p2b: Archaludon|2\n|-unboost|p1b: Dragonite|def|1\n|-boost|p1b: Dragonite|spe|1\n|\n|upkeep\n|turn|5\n|\n|t:|1776215777\n|move|p1b: Dragonite|Extreme Speed|p2a: Chesnaught\n|-damage|p2a: Chesnaught|92/100\n|move|p2a: Chesnaught|Body Press|p1b: Dragonite\n|-resisted|p1b: Dragonite|1\n|-damage|p1b: Dragonite|0 fnt\n|faint|p1b: Dragonite\n|\n|win|yuriimon\n|raw|MeteorHerder's rating: 1167 &rarr; <strong>1135</strong><br />(-32 for losing)\n|raw|yuriimon's rating: 1069 &rarr; <strong>1107</strong><br />(+38 for winning)\n|c|\u2606yuriimon|gg\n|c|\u2606MeteorHerder|ha thanks\n|l|\u2606MeteorHerder\n|player|p1|\n",
  "uploadtime": 1776215789,
  "views": 22,
  "formatid": "gen9championsvgc2026regma",
  "rating": 1107,
  "private": 0,
  "password": null
}