{
  "id": "gen9championsvgc2026regma-2585998580",
  "format": "[Gen 9 Champions] VGC 2026 Reg M-A",
  "players": [
    "Gobloney",
    "1xPIxR"
  ],
  "log": "|j|\u2606Gobloney\n|j|\u26061xPIxR\n|t:|1776388869\n|gametype|doubles\n|player|p1|Gobloney|pokemaniac-gen3rs|1095\n|player|p2|1xPIxR|red|1147\n|gen|9\n|tier|[Gen 9 Champions] VGC 2026 Reg M-A\n|rated|\n|rule|Species Clause: Limit one of each Pok\u00e9mon\n|rule|Item Clause: Limit 1 of each item\n|clearpoke\n|poke|p1|Tyranitar, L50, F|\n|poke|p1|Garchomp, L50, F|\n|poke|p1|Starmie, L50|\n|poke|p1|Aegislash, L50, M|\n|poke|p1|Aerodactyl, L50, M|\n|poke|p1|Rotom-Heat, L50|\n|poke|p2|Ceruledge, L50, F|\n|poke|p2|Sinistcha, L50|\n|poke|p2|Dragonite, L50, M|\n|poke|p2|Torkoal, L50, M|\n|poke|p2|Charizard, L50, M|\n|poke|p2|Kangaskhan, L50, F|\n|teampreview|4\n|inactive|Battle timer is ON: inactive players will automatically lose when time's up. (requested by 1xPIxR)\n|inactive|Gobloney has 60 seconds left.\n|inactive|1xPIxR has 60 seconds left.\n|\n|t:|1776388914\n|teamsize|p1|4\n|teamsize|p2|4\n|start\n|switch|p1a: Mog Champ|Aerodactyl, L50, M, shiny|100/100\n|switch|p1b: One-Armed Wolf|Aegislash, L50, M, shiny|100/100\n|switch|p2a: Ceruledge|Ceruledge, L50, F, shiny|100/100\n|switch|p2b: Dragonite|Dragonite, L50, M|100/100\n|-ability|p1a: Mog Champ|Unnerve\n|turn|1\n|c|\u26061xPIxR|Gl hf\n|c|\u2606Gobloney|You too\n|\n|t:|1776388930\n|move|p2a: Ceruledge|Protect|p2a: Ceruledge\n|-singleturn|p2a: Ceruledge|Protect\n|move|p1a: Mog Champ|Tailwind|p1a: Mog Champ\n|-sidestart|p1: Gobloney|move: Tailwind\n|-formechange|p1b: One-Armed Wolf|Aegislash-Blade|\n|move|p1b: One-Armed Wolf|Shadow Ball|p2a: Ceruledge\n|-activate|p2a: Ceruledge|move: Protect\n|move|p2b: Dragonite|Tailwind|p2b: Dragonite\n|-sidestart|p2: 1xPIxR|move: Tailwind\n|\n|upkeep\n|turn|2\n|\n|t:|1776388948\n|-formechange|p1b: One-Armed Wolf|Aegislash|\n|move|p1b: One-Armed Wolf|King's Shield|p1b: One-Armed Wolf\n|-singleturn|p1b: One-Armed Wolf|Protect\n|move|p1a: Mog Champ|Rock Slide|p2a: Ceruledge|[spread] p2b\n|-miss|p1a: Mog Champ|p2a: Ceruledge\n|-supereffective|p2b: Dragonite|1\n|-damage|p2b: Dragonite|79/100\n|move|p2a: Ceruledge|Bitter Blade|p1b: One-Armed Wolf\n|-activate|p1b: One-Armed Wolf|move: Protect\n|-unboost|p2a: Ceruledge|atk|1\n|-enditem|p2a: Ceruledge|White Herb\n|-clearnegativeboost|p2a: Ceruledge|[silent]\n|move|p2b: Dragonite|Sunny Day|p2b: Dragonite\n|-weather|SunnyDay\n|\n|-weather|SunnyDay|[upkeep]\n|-heal|p2b: Dragonite|85/100|[from] item: Leftovers\n|upkeep\n|turn|3\n|\n|t:|1776388971\n|move|p2b: Dragonite|Helping Hand|p2a: Ceruledge\n|-singleturn|p2a: Ceruledge|Helping Hand|[of] p2b: Dragonite\n|move|p1a: Mog Champ|Rock Slide|p2a: Ceruledge|[spread] p2a,p2b\n|-supereffective|p2a: Ceruledge|1\n|-supereffective|p2b: Dragonite|1\n|-damage|p2a: Ceruledge|47/100\n|-damage|p2b: Dragonite|42/100\n|move|p2a: Ceruledge|Bitter Blade|p1a: Mog Champ\n|-resisted|p1a: Mog Champ|1\n|-damage|p1a: Mog Champ|9/100\n|-heal|p2a: Ceruledge|86/100|[from] drain|[of] p1a: Mog Champ\n|-formechange|p1b: One-Armed Wolf|Aegislash-Blade|\n|move|p1b: One-Armed Wolf|Shadow Ball|p2a: Ceruledge\n|-supereffective|p2a: Ceruledge|1\n|-damage|p2a: Ceruledge|0 fnt\n|faint|p2a: Ceruledge\n|\n|-weather|SunnyDay|[upkeep]\n|-heal|p2b: Dragonite|48/100|[from] item: Leftovers\n|upkeep\n|\n|t:|1776388986\n|switch|p2a: Kangaskhan|Kangaskhan, L50, F|100/100\n|turn|4\n|\n|t:|1776389002\n|detailschange|p2a: Kangaskhan|Kangaskhan-Mega, L50, F\n|-mega|p2a: Kangaskhan|Kangaskhan|Kangaskhanite\n|move|p2b: Dragonite|Helping Hand|p2a: Kangaskhan\n|-singleturn|p2a: Kangaskhan|Helping Hand|[of] p2b: Dragonite\n|move|p1a: Mog Champ|Protect|p1a: Mog Champ\n|-singleturn|p1a: Mog Champ|Protect\n|move|p2a: Kangaskhan|Rock Slide|p1b: One-Armed Wolf|[spread] p1b\n|-activate|p1a: Mog Champ|move: Protect\n|-resisted|p1b: One-Armed Wolf|1\n|-damage|p1b: One-Armed Wolf|74/100\n|move|p1b: One-Armed Wolf|Shadow Ball|p2b: Dragonite\n|-damage|p2b: Dragonite|10/100\n|\n|-weather|SunnyDay|[upkeep]\n|-heal|p2b: Dragonite|16/100|[from] item: Leftovers\n|-heal|p1b: One-Armed Wolf|80/100|[from] item: Leftovers\n|-sideend|p2: 1xPIxR|move: Tailwind\n|-sideend|p1: Gobloney|move: Tailwind\n|upkeep\n|turn|5\n|inactive|1xPIxR has 30 seconds left.\n|\n|t:|1776389028\n|move|p2b: Dragonite|Helping Hand|p2a: Kangaskhan\n|-singleturn|p2a: Kangaskhan|Helping Hand|[of] p2b: Dragonite\n|move|p1b: One-Armed Wolf|Wide Guard|p1b: One-Armed Wolf\n|-singleturn|p1b: One-Armed Wolf|Wide Guard\n|move|p1a: Mog Champ|Tailwind|p1a: Mog Champ\n|-sidestart|p1: Gobloney|move: Tailwind\n|move|p2a: Kangaskhan|Rock Slide|p1a: Mog Champ|[spread] \n|-activate|p1a: Mog Champ|move: Wide Guard\n|-activate|p1b: One-Armed Wolf|move: Wide Guard\n|\n|-weather|SunnyDay|[upkeep]\n|-heal|p1b: One-Armed Wolf|86/100|[from] item: Leftovers\n|-heal|p2b: Dragonite|22/100|[from] item: Leftovers\n|upkeep\n|turn|6\n|inactive|Gobloney has 30 seconds left.\n|\n|t:|1776389053\n|move|p2b: Dragonite|Helping Hand|p2a: Kangaskhan\n|-singleturn|p2a: Kangaskhan|Helping Hand|[of] p2b: Dragonite\n|move|p1a: Mog Champ|Rock Slide|p2a: Kangaskhan|[spread] p2a,p2b\n|-supereffective|p2b: Dragonite|1\n|-damage|p2a: Kangaskhan|78/100\n|-damage|p2b: Dragonite|0 fnt\n|faint|p2b: Dragonite\n|move|p1b: One-Armed Wolf|Flash Cannon|p2a: Kangaskhan\n|-damage|p2a: Kangaskhan|39/100\n|move|p2a: Kangaskhan|Drain Punch|p1a: Mog Champ\n|-damage|p1a: Mog Champ|0 fnt\n|-heal|p2a: Kangaskhan|42/100|[from] drain|[of] p1a: Mog Champ\n|faint|p1a: Mog Champ\n|-hitcount|p1: Mog Champ|1\n|\n|-weather|none\n|-heal|p1b: One-Armed Wolf|92/100|[from] item: Leftovers\n|upkeep\n|\n|t:|1776389072\n|switch|p1a: Shirafugi|Tyranitar, L50, F, shiny|100/100\n|switch|p2b: Sinistcha|Sinistcha, L50|100/100\n|-weather|Sandstorm|[from] ability: Sand Stream|[of] p1a: Shirafugi\n|-heal|p2a: Kangaskhan|67/100|[from] ability: Hospitality|[of] p2b: Sinistcha\n|turn|7\n|\n|t:|1776389086\n|move|p2b: Sinistcha|Rage Powder|p2b: Sinistcha\n|-singleturn|p2b: Sinistcha|move: Rage Powder\n|move|p1a: Shirafugi|Superpower|p2b: Sinistcha\n|-immune|p2b: Sinistcha\n|move|p1b: One-Armed Wolf|Shadow Ball|p2b: Sinistcha\n|-supereffective|p2b: Sinistcha|1\n|-damage|p2b: Sinistcha|18/100\n|-enditem|p2b: Sinistcha|Sitrus Berry|[eat]\n|-heal|p2b: Sinistcha|43/100|[from] item: Sitrus Berry\n|move|p2a: Kangaskhan|Drain Punch|p1a: Shirafugi\n|-supereffective|p1a: Shirafugi|2\n|-damage|p1a: Shirafugi|0 fnt\n|-heal|p2a: Kangaskhan|100/100|[from] drain|[of] p1a: Shirafugi\n|faint|p1a: Shirafugi\n|-hitcount|p1: Shirafugi|1\n|\n|-weather|Sandstorm|[upkeep]\n|-damage|p2a: Kangaskhan|94/100|[from] Sandstorm\n|-damage|p2b: Sinistcha|37/100|[from] Sandstorm\n|-heal|p1b: One-Armed Wolf|98/100|[from] item: Leftovers\n|upkeep\n|c|\u2606Gobloney|Fuck I'm dumb\n|\n|t:|1776389105\n|switch|p1a: Conqueror Starro|Starmie, L50, shiny|100/100\n|turn|8\n|\n|t:|1776389117\n|detailschange|p1a: Conqueror Starro|Starmie-Mega, L50, shiny\n|-mega|p1a: Conqueror Starro|Starmie|Starminite\n|move|p1a: Conqueror Starro|Protect|p1a: Conqueror Starro\n|-singleturn|p1a: Conqueror Starro|Protect\n|move|p1b: One-Armed Wolf|Shadow Ball|p2b: Sinistcha\n|-supereffective|p2b: Sinistcha|1\n|-damage|p2b: Sinistcha|0 fnt\n|faint|p2b: Sinistcha\n|move|p2a: Kangaskhan|Giga Impact|p1a: Conqueror Starro\n|-activate|p1a: Conqueror Starro|move: Protect\n|\n|-weather|Sandstorm|[upkeep]\n|-damage|p1a: Conqueror Starro|95/100|[from] Sandstorm\n|-damage|p2a: Kangaskhan|88/100|[from] Sandstorm\n|-heal|p1b: One-Armed Wolf|100/100|[from] item: Leftovers\n|-sideend|p1: Gobloney|move: Tailwind\n|upkeep\n|turn|9\n|\n|t:|1776389135\n|move|p1a: Conqueror Starro|Liquidation|p2a: Kangaskhan\n|-damage|p2a: Kangaskhan|27/100\n|move|p2a: Kangaskhan|Giga Impact|p1a: Conqueror Starro\n|-damage|p1a: Conqueror Starro|0 fnt\n|-mustrecharge|p2a: Kangaskhan\n|faint|p1a: Conqueror Starro\n|-hitcount|p1: Conqueror Starro|1\n|move|p1b: One-Armed Wolf|Flash Cannon|p2a: Kangaskhan\n|-crit|p2a: Kangaskhan\n|-damage|p2a: Kangaskhan|0 fnt\n|faint|p2a: Kangaskhan\n|\n|win|Gobloney\n|raw|Gobloney's rating: 1095 &rarr; <strong>1125</strong><br />(+30 for winning)\n|raw|1xPIxR's rating: 1147 &rarr; <strong>1118</strong><br />(-29 for losing)\n|c|\u2606Gobloney|GGs\n|c|\u26061xPIxR|GG\n|l|\u26061xPIxR\n|player|p2|\n",
  "uploadtime": 1776389587,
  "views": 16,
  "formatid": "gen9championsvgc2026regma",
  "rating": 1118,
  "private": 0,
  "password": null
}