{
  "id": "gen9championsvgc2026regma-2582733601",
  "format": "[Gen 9 Champions] VGC 2026 Reg M-A",
  "players": [
    "zenshin1516",
    "winterducky"
  ],
  "log": "|j|\u2606zenshin1516\n|j|\u2606winterducky\n|t:|1776110369\n|gametype|doubles\n|player|p1|zenshin1516|102|1000\n|player|p2|winterducky|101|1000\n|gen|9\n|tier|[Gen 9 Champions] VGC 2026 Reg M-A\n|rated|\n|rule|Species Clause: Limit one of each Pok\u00e9mon\n|rule|Item Clause: Limit 1 of each item\n|clearpoke\n|poke|p1|Lopunny, L50, F|\n|poke|p1|Meowscarada, L50, F|\n|poke|p1|Whimsicott, L50, F|\n|poke|p1|Sableye, L50, F|\n|poke|p1|Milotic, L50, M|\n|poke|p1|Hippowdon, L50, M|\n|poke|p2|Steelix, L50, M|\n|poke|p2|Maushold, L50|\n|poke|p2|Hydreigon, L50, F|\n|poke|p2|Excadrill, L50, F|\n|poke|p2|Rotom-Wash, L50|\n|poke|p2|Sinistcha, L50|\n|teampreview|4\n|\n|t:|1776110405\n|teamsize|p1|4\n|teamsize|p2|4\n|start\n|switch|p1a: Lopunny|Lopunny, L50, F|100/100\n|switch|p1b: Whimsicott|Whimsicott, L50, F|100/100\n|switch|p2a: Maushold|Maushold, L50|100/100\n|switch|p2b: Steelix|Steelix, L50, M|100/100\n|turn|1\n|\n|t:|1776110428\n|detailschange|p1a: Lopunny|Lopunny-Mega, L50, F\n|-mega|p1a: Lopunny|Lopunny|Lopunnite\n|move|p1a: Lopunny|Fake Out|p2a: Maushold\n|-damage|p2a: Maushold|59/100\n|move|p1b: Whimsicott|Tailwind|p1b: Whimsicott\n|-sidestart|p1: zenshin1516|move: Tailwind\n|cant|p2a: Maushold|flinch\n|move|p2b: Steelix|Iron Defense|p2b: Steelix\n|-boost|p2b: Steelix|def|2\n|\n|upkeep\n|turn|2\n|\n|t:|1776110443\n|move|p1b: Whimsicott|Encore|p2b: Steelix\n|-start|p2b: Steelix|Encore\n|move|p1a: Lopunny|Close Combat|p2b: Steelix\n|-supereffective|p2b: Steelix|1\n|-damage|p2b: Steelix|66/100\n|-unboost|p1a: Lopunny|def|1\n|-unboost|p1a: Lopunny|spd|1\n|move|p2a: Maushold|Population Bomb|p1a: Lopunny\n|-damage|p1a: Lopunny|79/100\n|-damage|p1a: Lopunny|55/100\n|-damage|p1a: Lopunny|33/100\n|-damage|p1a: Lopunny|12/100\n|-damage|p1a: Lopunny|0 fnt\n|faint|p1a: Lopunny\n|-hitcount|p1: Lopunny|5\n|move|p2b: Steelix|Iron Defense|p2b: Steelix\n|-boost|p2b: Steelix|def|2\n|\n|upkeep\n|\n|t:|1776110462\n|switch|p1a: Milotic|Milotic, L50, M|100/100\n|turn|3\n|\n|t:|1776110480\n|switch|p2b: Sinistcha|Sinistcha, L50|100/100\n|-heal|p2a: Maushold|83/100|[from] ability: Hospitality|[of] p2b: Sinistcha\n|move|p1b: Whimsicott|Moonblast|p2a: Maushold\n|-damage|p2a: Maushold|46/100\n|move|p1a: Milotic|Scald|p2b: Sinistcha\n|-resisted|p2b: Sinistcha|1\n|-damage|p2b: Sinistcha|84/100\n|move|p2a: Maushold|Population Bomb|p1a: Milotic\n|-damage|p1a: Milotic|87/100\n|-damage|p1a: Milotic|74/100\n|-damage|p1a: Milotic|61/100\n|-crit|p1a: Milotic\n|-damage|p1a: Milotic|42/100\n|-damage|p1a: Milotic|29/100\n|-damage|p1a: Milotic|15/100\n|-damage|p1a: Milotic|2/100\n|-damage|p1a: Milotic|0 fnt\n|faint|p1a: Milotic\n|-hitcount|p1: Milotic|8\n|\n|upkeep\n|\n|t:|1776110492\n|switch|p1a: Meowscarada|Meowscarada, L50, F|100/100\n|turn|4\n|\n|t:|1776110528\n|move|p2a: Maushold|Protect|p2a: Maushold\n|-singleturn|p2a: Maushold|Protect\n|move|p1a: Meowscarada|Trick|p2b: Sinistcha\n|-start|p1a: Meowscarada|typechange|Psychic|[from] ability: Protean\n|-activate|p1a: Meowscarada|move: Trick|[of] p2b: Sinistcha\n|-item|p2b: Sinistcha|Choice Scarf|[from] move: Trick\n|-item|p1a: Meowscarada|Sitrus Berry|[from] move: Trick\n|move|p1b: Whimsicott|Moonblast|p2a: Maushold\n|-activate|p2a: Maushold|move: Protect\n|move|p2b: Sinistcha|Life Dew|p2b: Sinistcha|[spread] p2a,p2b\n|-heal|p2a: Maushold|71/100\n|-heal|p2b: Sinistcha|100/100\n|\n|-sideend|p1: zenshin1516|move: Tailwind\n|upkeep\n|turn|5\n|inactive|Battle timer is ON: inactive players will automatically lose when time's up. (requested by winterducky)\n|inactive|zenshin1516 has 60 seconds left.\n|inactive|zenshin1516 has 30 seconds left.\n|inactive|zenshin1516 has 20 seconds left.\n|inactive|zenshin1516 has 15 seconds left.\n|inactive|zenshin1516 has 10 seconds left.\n|inactive|zenshin1516 has 5 seconds left.\n|\n|t:|1776110702\n|move|p1b: Whimsicott|Encore|p2a: Maushold\n|-start|p2a: Maushold|Encore\n|move|p2a: Maushold|Protect||[still]\n|-fail|p2a: Maushold\n|move|p1a: Meowscarada|Thunder Punch|p2a: Maushold\n|-damage|p2a: Maushold|26/100\n|move|p2b: Sinistcha|Life Dew||[still]|[spread] p2a,p2b\n|-heal|p2a: Maushold|51/100\n|-fail|p2b: Sinistcha|heal\n|\n|upkeep\n|turn|6\n|inactive|zenshin1516 has 30 seconds left.\n|inactive|zenshin1516 has 20 seconds left.\n|inactive|zenshin1516 has 15 seconds left.\n|inactive|zenshin1516 has 10 seconds left.\n|inactive|zenshin1516 has 5 seconds left.\n|\n|t:|1776110758\n|move|p1b: Whimsicott|Protect|p1b: Whimsicott\n|-singleturn|p1b: Whimsicott|Protect\n|move|p2a: Maushold|Protect|p2a: Maushold\n|-singleturn|p2a: Maushold|Protect\n|move|p1a: Meowscarada|U-turn|p2a: Maushold\n|-activate|p2a: Maushold|move: Protect\n|move|p2b: Sinistcha|Life Dew||[still]|[spread] p2a,p2b\n|-heal|p2a: Maushold|77/100\n|-fail|p2b: Sinistcha|heal\n|\n|upkeep\n|turn|7\n|-message|zenshin1516 forfeited.\n|\n|win|winterducky\n|raw|zenshin1516's rating: 1000 &rarr; <strong>1000</strong><br />(+0 for losing)\n|raw|winterducky's rating: 1000 &rarr; <strong>1040</strong><br />(+40 for winning)\n|l|\u2606zenshin1516\n|player|p1|\n",
  "uploadtime": 1776110936,
  "views": 19,
  "formatid": "gen9championsvgc2026regma",
  "rating": 1000,
  "private": 0,
  "password": null
}