{
  "id": "gen9championsvgc2026regma-2587604980",
  "format": "[Gen 9 Champions] VGC 2026 Reg M-A",
  "players": [
    "FLSoup",
    "Isidino"
  ],
  "log": "|j|\u2606FLSoup\n|j|\u203dIsidino\n|t:|1776546262\n|gametype|doubles\n|player|p1|FLSoup|lucas-gen4pt|1090\n|player|p2|Isidino|266|1161\n|gen|9\n|tier|[Gen 9 Champions] VGC 2026 Reg M-A\n|rated|\n|rule|Species Clause: Limit one of each Pok\u00e9mon\n|rule|Item Clause: Limit 1 of each item\n|clearpoke\n|poke|p1|Aggron, L50, M|\n|poke|p1|Milotic, L50, F|\n|poke|p1|Sinistcha-Masterpiece, L50|\n|poke|p1|Garchomp, L50, M|\n|poke|p1|Incineroar, L50, M|\n|poke|p1|Alakazam, L50, F|\n|poke|p2|Basculegion-F, L50, F, shiny|\n|poke|p2|Palafin, L50, M, shiny|\n|poke|p2|Pelipper, L50, F|\n|poke|p2|Sneasler, L50, M|\n|poke|p2|Sableye, L50, M, shiny|\n|poke|p2|Sharpedo, L50, M, shiny|\n|teampreview|4\n|inactive|Battle timer is ON: inactive players will automatically lose when time's up. (requested by Isidino)\n|\n|t:|1776546289\n|teamsize|p1|4\n|teamsize|p2|4\n|start\n|switch|p1a: Alakazam|Alakazam, L50, F|100/100\n|switch|p1b: Aggron|Aggron, L50, M|100/100\n|switch|p2a: Basculegion|Basculegion-F, L50, F, shiny|100/100\n|switch|p2b: Palafin|Palafin, L50, M, shiny|100/100\n|turn|1\n|\n|t:|1776546305\n|detailschange|p2b: Palafin|Palafin-Hero, L50, M, shiny\n|switch|p2b: Pelipper|Pelipper, L50, F|100/100\n|-weather|RainDance|[from] ability: Drizzle|[of] p2b: Pelipper\n|detailschange|p1b: Aggron|Aggron-Mega, L50, M\n|-mega|p1b: Aggron|Aggron|Aggronite\n|move|p2a: Basculegion|Muddy Water|p1a: Alakazam|[spread] p1a,p1b\n|-damage|p1a: Alakazam|30/100\n|-damage|p1b: Aggron|57/100\n|-unboost|p1a: Alakazam|accuracy|1\n|move|p1a: Alakazam|Speed Swap|p1b: Aggron\n|-activate|p1a: Alakazam|move: Speed Swap|[of] p1b: Aggron\n|move|p1b: Aggron|Iron Defense|p1b: Aggron\n|-boost|p1b: Aggron|def|2\n|\n|-weather|RainDance|[upkeep]\n|upkeep\n|turn|2\n|inactive|Isidino has 30 seconds left.\n|inactive|Isidino has 20 seconds left.\n|inactive|Isidino has 15 seconds left.\n|\n|t:|1776546346\n|switch|p1a: Sinistcha|Sinistcha-Masterpiece, L50|100/100\n|-heal|p1b: Aggron|82/100|[from] ability: Hospitality|[of] p1a: Sinistcha\n|move|p1b: Aggron|Protect|p1b: Aggron\n|-singleturn|p1b: Aggron|Protect\n|move|p2a: Basculegion|Muddy Water|p1a: Sinistcha|[spread] p1a\n|-activate|p1b: Aggron|move: Protect\n|-resisted|p1a: Sinistcha|1\n|-damage|p1a: Sinistcha|79/100\n|move|p2b: Pelipper|Weather Ball|p1b: Aggron\n|-activate|p1b: Aggron|move: Protect\n|\n|-weather|RainDance|[upkeep]\n|upkeep\n|turn|3\n|inactive|FLSoup has 30 seconds left.\n|\n|t:|1776546377\n|move|p2a: Basculegion|Muddy Water|p1a: Sinistcha|[spread] p1a,p1b\n|-resisted|p1a: Sinistcha|1\n|-damage|p1a: Sinistcha|58/100\n|-damage|p1b: Aggron|38/100\n|-unboost|p1a: Sinistcha|accuracy|1\n|move|p1b: Aggron|Body Press|p2b: Pelipper\n|-resisted|p2b: Pelipper|1\n|-damage|p2b: Pelipper|47/100\n|move|p2b: Pelipper|Hurricane|p1a: Sinistcha\n|-supereffective|p1a: Sinistcha|1\n|-crit|p1a: Sinistcha\n|-damage|p1a: Sinistcha|0 fnt\n|faint|p1a: Sinistcha\n|\n|-weather|RainDance|[upkeep]\n|upkeep\n|\n|t:|1776546389\n|switch|p1a: Garchomp|Garchomp, L50, M|100/100\n|turn|4\n|\n|t:|1776546398\n|move|p2a: Basculegion|Icy Wind|p1a: Garchomp|[spread] p1a,p1b\n|-supereffective|p1a: Garchomp|2\n|-enditem|p1a: Garchomp|Yache Berry|[eat]\n|-enditem|p1a: Garchomp|Yache Berry|[weaken]\n|-resisted|p1b: Aggron|1\n|-damage|p1a: Garchomp|71/100\n|-damage|p1b: Aggron|32/100\n|-unboost|p1a: Garchomp|spe|1\n|-unboost|p1b: Aggron|spe|1\n|move|p2b: Pelipper|Tailwind|p2b: Pelipper\n|-sidestart|p2: Isidino|move: Tailwind\n|move|p1b: Aggron|Heavy Slam|p2a: Basculegion\n|-resisted|p2a: Basculegion|1\n|-damage|p2a: Basculegion|74/100\n|move|p1a: Garchomp|Rock Slide|p2a: Basculegion|[spread] p2a\n|-miss|p1a: Garchomp|p2b: Pelipper\n|-damage|p2a: Basculegion|48/100\n|\n|-weather|RainDance|[upkeep]\n|upkeep\n|turn|5\n|-message|FLSoup forfeited.\n|\n|win|Isidino\n|raw|FLSoup's rating: 1090 &rarr; <strong>1071</strong><br />(-19 for losing)\n|raw|Isidino's rating: 1161 &rarr; <strong>1181</strong><br />(+20 for winning)\n|l|\u2606FLSoup\n|player|p1|\n",
  "uploadtime": 1776546423,
  "views": 11,
  "formatid": "gen9championsvgc2026regma",
  "rating": 1071,
  "private": 0,
  "password": null
}