{
  "id": "gen9championsvgc2026regma-2582471598",
  "format": "[Gen 9 Champions] VGC 2026 Reg M-A",
  "players": [
    "Pandajoe143",
    "rellx"
  ],
  "log": "|j|\u2606Pandajoe143\n|j|\u2606rellx\n|t:|1776093854\n|gametype|doubles\n|player|p1|Pandajoe143|101|1073\n|player|p2|rellx|pokemonrangerf-gen4|1038\n|gen|9\n|tier|[Gen 9 Champions] VGC 2026 Reg M-A\n|rated|\n|rule|Species Clause: Limit one of each Pok\u00e9mon\n|rule|Item Clause: Limit 1 of each item\n|clearpoke\n|poke|p1|Pikachu, L50, F|\n|poke|p1|Meganium, L50, F|\n|poke|p1|Vivillon-Elegant, L50, F|\n|poke|p1|Sneasler, L50, F|\n|poke|p1|Milotic, L50, F|\n|poke|p1|Arcanine-Hisui, L50, F|\n|poke|p2|Meganium, L50, F|\n|poke|p2|Farigiraf, L50, F|\n|poke|p2|Pelipper, L50, M|\n|poke|p2|Starmie, L50|\n|poke|p2|Archaludon, L50, F|\n|poke|p2|Kingambit, L50, M|\n|teampreview|4\n|inactive|Battle timer is ON: inactive players will automatically lose when time's up. (requested by rellx)\n|inactive|Pandajoe143 has 60 seconds left.\n|inactive|rellx has 60 seconds left.\nrellx rejected open team sheets.\n|inactive|Pandajoe143 has 30 seconds left.\n|\n|t:|1776093919\n|teamsize|p1|4\n|teamsize|p2|4\n|start\n|switch|p1a: Pikachu|Pikachu, L50, F|100/100\n|switch|p1b: Shinobu|Vivillon-Elegant, L50, F, shiny|100/100\n|switch|p2a: Pelipper|Pelipper, L50, M|100/100\n|switch|p2b: Farigiraf|Farigiraf, L50, F|100/100\n|-weather|RainDance|[from] ability: Drizzle|[of] p2a: Pelipper\n|turn|1\n|inactive|rellx has 30 seconds left.\n|inactive|rellx has 20 seconds left.\n|inactive|rellx has 15 seconds left.\n|inactive|rellx has 10 seconds left.\n|\n|t:|1776093966\n|move|p1a: Pikachu|Volt Tackle|p2b: Farigiraf\n|-damage|p2b: Farigiraf|23/100\n|-damage|p1a: Pikachu|48/100|[from] Recoil\n|move|p1b: Shinobu|Air Slash|p2b: Farigiraf\n|-damage|p2b: Farigiraf|0 fnt\n|faint|p2b: Farigiraf\n|move|p2a: Pelipper|Tailwind|p2a: Pelipper\n|-sidestart|p2: rellx|move: Tailwind\n|\n|-weather|RainDance|[upkeep]\n|upkeep\n|\n|t:|1776093985\n|switch|p2b: Archaludon|Archaludon, L50, F|100/100\n|turn|2\n|\n|t:|1776093996\n|move|p2a: Pelipper|Protect|p2a: Pelipper\n|-singleturn|p2a: Pelipper|Protect\n|move|p2b: Archaludon|Electro Shot||[still]\n|-prepare|p2b: Archaludon|Electro Shot\n|-boost|p2b: Archaludon|spa|1\n|-anim|p2b: Archaludon|Electro Shot|p1a: Pikachu\n|-ability|p1a: Pikachu|Lightning Rod|boost\n|-boost|p1a: Pikachu|spa|1\n|move|p1a: Pikachu|Nuzzle|p2b: Archaludon\n|-resisted|p2b: Archaludon|1\n|-damage|p2b: Archaludon|96/100\n|-status|p2b: Archaludon|par\n|-ability|p2b: Archaludon|Stamina|boost\n|-boost|p2b: Archaludon|def|1\n|move|p1b: Shinobu|Tailwind|p1b: Shinobu\n|-sidestart|p1: Pandajoe143|move: Tailwind\n|\n|-weather|RainDance|[upkeep]\n|-heal|p2b: Archaludon|100/100 par|[from] item: Leftovers\n|upkeep\n|turn|3\n|inactive|Pandajoe143 has 30 seconds left.\n|inactive|rellx has 30 seconds left.\n|c|\u2606rellx|Bru\n|inactive|Pandajoe143 has 20 seconds left.\n|inactive|rellx has 20 seconds left.\n|inactive|Pandajoe143 has 15 seconds left.\n|inactive|rellx has 15 seconds left.\n|\n|t:|1776094038\n|move|p1a: Pikachu|Volt Switch|p2a: Pelipper\n|-supereffective|p2a: Pelipper|2\n|-enditem|p2a: Pelipper|Focus Sash\n|-damage|p2a: Pelipper|1/100\n|\n|t:|1776094046\n|switch|p1a: Meganium|Meganium, L50, F|100/100|[from] Volt Switch\n|move|p1b: Shinobu|Pollen Puff|p1a: Meganium\n|move|p2a: Pelipper|Weather Ball|p1a: Meganium\n|-resisted|p1a: Meganium|1\n|-damage|p1a: Meganium|78/100\n|move|p2b: Archaludon|Draco Meteor|p1b: Shinobu\n|-enditem|p1b: Shinobu|Focus Sash\n|-damage|p1b: Shinobu|1/100\n|-unboost|p2b: Archaludon|spa|2\n|\n|-weather|RainDance|[upkeep]\n|upkeep\n|turn|4\n|inactive|Pandajoe143 has 30 seconds left.\n|inactive|rellx has 30 seconds left.\n|\n|t:|1776094079\n|detailschange|p1a: Meganium|Meganium-Mega, L50, F\n|-mega|p1a: Meganium|Meganium|Meganiumite\n|move|p1b: Shinobu|Air Slash|p2a: Pelipper\n|-damage|p2a: Pelipper|0 fnt\n|faint|p2a: Pelipper\n|move|p1a: Meganium|Earth Power|p2b: Archaludon\n|-supereffective|p2b: Archaludon|1\n|-damage|p2b: Archaludon|32/100 par\n|-ability|p2b: Archaludon|Stamina|boost\n|-boost|p2b: Archaludon|def|1\n|move|p2b: Archaludon|Flash Cannon|p1a: Meganium\n|-supereffective|p1a: Meganium|1\n|-damage|p1a: Meganium|40/100\n|\n|-weather|RainDance|[upkeep]\n|-heal|p2b: Archaludon|39/100 par|[from] item: Leftovers\n|-sideend|p2: rellx|move: Tailwind\n|upkeep\n|\n|t:|1776094093\n|switch|p2a: Starmie|Starmie, L50|100/100\n|turn|5\n|\n|t:|1776094100\n|detailschange|p2a: Starmie|Starmie-Mega, L50\n|-mega|p2a: Starmie|Starmie|Starminite\n|move|p2a: Starmie|Aqua Jet|p1b: Shinobu\n|-damage|p1b: Shinobu|0 fnt\n|faint|p1b: Shinobu\n|move|p1a: Meganium|Solar Beam||[still]\n|-prepare|p1a: Meganium|Solar Beam\n|-activate|p1a: Meganium|ability: Mega Sol\n|-anim|p1a: Meganium|Solar Beam|p2a: Starmie\n|-supereffective|p2a: Starmie|1\n|-damage|p2a: Starmie|0 fnt\n|faint|p2a: Starmie\n|move|p2b: Archaludon|Flash Cannon|p1a: Meganium\n|-supereffective|p1a: Meganium|1\n|-damage|p1a: Meganium|0 fnt\n|faint|p1a: Meganium\n|\n|-weather|none\n|-heal|p2b: Archaludon|45/100 par|[from] item: Leftovers\n|-sideend|p1: Pandajoe143|move: Tailwind\n|upkeep\n|\n|t:|1776094115\n|switch|p1b: Sneasler|Sneasler, L50, F|100/100\n|switch|p1a: Pikachu|Pikachu, L50, F|48/100\n|turn|6\n|\n|t:|1776094127\n|move|p1a: Pikachu|Fake Out|p2b: Archaludon\n|-resisted|p2b: Archaludon|1\n|-damage|p2b: Archaludon|42/100 par\n|-ability|p2b: Archaludon|Stamina|boost\n|-boost|p2b: Archaludon|def|1\n|move|p1b: Sneasler|Close Combat|p2b: Archaludon\n|-supereffective|p2b: Archaludon|1\n|-damage|p2b: Archaludon|4/100 par\n|-unboost|p1b: Sneasler|def|1\n|-unboost|p1b: Sneasler|spd|1\n|-ability|p2b: Archaludon|Stamina|boost\n|-boost|p2b: Archaludon|def|1\n|-enditem|p1b: Sneasler|White Herb\n|-clearnegativeboost|p1b: Sneasler|[silent]\n|cant|p2b: Archaludon|flinch\n|\n|-heal|p2b: Archaludon|10/100 par|[from] item: Leftovers\n|upkeep\n|turn|7\n|l|\u2606rellx\n|inactive|rellx disconnected and has a minute to reconnect!\n|player|p2|\n|\n|t:|1776094145\n|move|p1b: Sneasler|Close Combat|p2b: Archaludon\n|-supereffective|p2b: Archaludon|1\n|-damage|p2b: Archaludon|0 fnt\n|-unboost|p1b: Sneasler|def|1\n|-unboost|p1b: Sneasler|spd|1\n|faint|p2b: Archaludon\n|\n|win|Pandajoe143\n|raw|Pandajoe143's rating: 1073 &rarr; <strong>1099</strong><br />(+26 for winning)\n|raw|rellx's rating: 1038 &rarr; <strong>1024</strong><br />(-14 for losing)\n",
  "uploadtime": 1776094441,
  "views": 25,
  "formatid": "gen9championsvgc2026regma",
  "rating": 1024,
  "private": 0,
  "password": null
}