{
  "id": "gen9championsvgc2026regma-2583531916",
  "format": "[Gen 9 Champions] VGC 2026 Reg M-A",
  "players": [
    "Nexxus3000",
    "lizardon0516"
  ],
  "log": "|j|\u2606Nexxus3000\n|j|\u2606lizardon0516\n|t:|1776181574\n|gametype|doubles\n|player|p1|Nexxus3000|101|1092\n|player|p2|lizardon0516|265|1131\n|gen|9\n|tier|[Gen 9 Champions] VGC 2026 Reg M-A\n|rated|\n|rule|Species Clause: Limit one of each Pok\u00e9mon\n|rule|Item Clause: Limit 1 of each item\n|clearpoke\n|poke|p1|Altaria, L50, M|\n|poke|p1|Meowstic, L50, M|\n|poke|p1|Maushold-Four, L50|\n|poke|p1|Kingambit, L50, F|\n|poke|p1|Rotom-Wash, L50|\n|poke|p1|Alakazam, L50, F|\n|poke|p2|Charizard, L50, M|\n|poke|p2|Milotic, L50, F|\n|poke|p2|Sinistcha, L50|\n|poke|p2|Incineroar, L50, M|\n|poke|p2|Sneasler, L50, F|\n|poke|p2|Tyranitar, L50, M|\n|teampreview|4\n|inactive|Battle timer is ON: inactive players will automatically lose when time's up. (requested by Nexxus3000)\n|inactive|lizardon0516 has 60 seconds left.\n|inactive|lizardon0516 has 30 seconds left.\n|\n|t:|1776181716\n|teamsize|p1|4\n|teamsize|p2|4\n|start\n|switch|p1a: Altaria|Altaria, L50, M|100/100\n|switch|p1b: Rotom|Rotom-Wash, L50|100/100\n|switch|p2a: Tyranitar|Tyranitar, L50, M|100/100\n|switch|p2b: Sneasler|Sneasler, L50, F|100/100\n|-ability|p1a: Altaria|Cloud Nine\n|-weather|Sandstorm|[from] ability: Sand Stream|[of] p2a: Tyranitar\n|turn|1\n|inactive|lizardon0516 has 30 seconds left.\n|inactive|lizardon0516 has 20 seconds left.\n|\n|t:|1776181756\n|switch|p2b: Sinistcha|Sinistcha, L50|100/100\n|move|p1a: Altaria|Protect|p1a: Altaria\n|-singleturn|p1a: Altaria|Protect\n|move|p2a: Tyranitar|Protect|p2a: Tyranitar\n|-singleturn|p2a: Tyranitar|Protect\n|move|p1b: Rotom|Hydro Pump|p2a: Tyranitar\n|-activate|p2a: Tyranitar|move: Protect\n|\n|-weather|Sandstorm|[upkeep]\n|upkeep\n|turn|2\n|inactive|lizardon0516 has 30 seconds left.\n|\n|t:|1776181788\n|detailschange|p2a: Tyranitar|Tyranitar-Mega, L50, M\n|-mega|p2a: Tyranitar|Tyranitar|Tyranitarite\n|move|p2b: Sinistcha|Rage Powder|p2b: Sinistcha\n|-singleturn|p2b: Sinistcha|move: Rage Powder\n|move|p1b: Rotom|Volt Switch|p2b: Sinistcha\n|-resisted|p2b: Sinistcha|1\n|-damage|p2b: Sinistcha|89/100\n|\n|t:|1776181795\n|switch|p1b: Kingambit|Kingambit, L50, F|100/100|[from] Volt Switch\n|move|p1a: Altaria|Will-O-Wisp|p2b: Sinistcha\n|-status|p2b: Sinistcha|brn\n|move|p2a: Tyranitar|Knock Off|p1b: Kingambit\n|-resisted|p1b: Kingambit|1\n|-damage|p1b: Kingambit|80/100\n|-enditem|p1b: Kingambit|Black Glasses|[from] move: Knock Off|[of] p2a: Tyranitar\n|\n|-weather|Sandstorm|[upkeep]\n|-damage|p2b: Sinistcha|82/100 brn|[from] brn\n|upkeep\n|turn|3\n|\n|t:|1776181817\n|move|p1a: Altaria|Protect|p1a: Altaria\n|-singleturn|p1a: Altaria|Protect\n|move|p2b: Sinistcha|Rage Powder|p2b: Sinistcha\n|-singleturn|p2b: Sinistcha|move: Rage Powder\n|move|p2a: Tyranitar|Low Kick|p1b: Kingambit\n|-supereffective|p1b: Kingambit|2\n|-damage|p1b: Kingambit|0 fnt\n|faint|p1b: Kingambit\n|\n|-weather|Sandstorm|[upkeep]\n|-damage|p2b: Sinistcha|76/100 brn|[from] brn\n|upkeep\n|\n|t:|1776181824\n|switch|p1b: Maushold|Maushold-Four, L50|100/100\n|turn|4\n|\n|t:|1776181844\n|detailschange|p1a: Altaria|Altaria-Mega, L50, M\n|-mega|p1a: Altaria|Altaria|Altarianite\n|move|p1b: Maushold|Follow Me|p1b: Maushold\n|-singleturn|p1b: Maushold|move: Follow Me\n|move|p2b: Sinistcha|Rage Powder|p2b: Sinistcha\n|-singleturn|p2b: Sinistcha|move: Rage Powder\n|move|p1a: Altaria|Hyper Voice|p2b: Sinistcha|[spread] p2a,p2b\n|-supereffective|p2a: Tyranitar|1\n|-damage|p2a: Tyranitar|62/100\n|-damage|p2b: Sinistcha|39/100 brn\n|move|p2a: Tyranitar|Rock Slide|p1a: Altaria|[spread] p1a,p1b\n|-damage|p1a: Altaria|69/100\n|-damage|p1b: Maushold|46/100\n|\n|-weather|Sandstorm|[upkeep]\n|-damage|p1b: Maushold|40/100|[from] Sandstorm\n|-damage|p1a: Altaria|63/100|[from] Sandstorm\n|-damage|p2b: Sinistcha|32/100 brn|[from] Sandstorm\n|-damage|p2b: Sinistcha|26/100 brn|[from] brn\n|upkeep\n|turn|5\n|\n|t:|1776181866\n|move|p2b: Sinistcha|Rage Powder|p2b: Sinistcha\n|-singleturn|p2b: Sinistcha|move: Rage Powder\n|move|p1b: Maushold|Taunt|p2b: Sinistcha\n|-start|p2b: Sinistcha|move: Taunt\n|move|p1a: Altaria|Hyper Voice|p2a: Tyranitar|[spread] p2a,p2b\n|-supereffective|p2a: Tyranitar|1\n|-damage|p2a: Tyranitar|24/100\n|-damage|p2b: Sinistcha|0 fnt\n|faint|p2b: Sinistcha\n|move|p2a: Tyranitar|Rock Slide|p1b: Maushold|[spread] p1a,p1b\n|-damage|p1a: Altaria|29/100\n|-damage|p1b: Maushold|0 fnt\n|faint|p1b: Maushold\n|\n|-weather|none\n|upkeep\n|\n|t:|1776181886\n|switch|p1b: Rotom|Rotom-Wash, L50|100/100\n|switch|p2b: Sneasler|Sneasler, L50, F|100/100\n|turn|6\n|inactive|lizardon0516 has 30 seconds left.\n|inactive|lizardon0516 has 20 seconds left.\n|inactive|lizardon0516 has 15 seconds left.\n|inactive|lizardon0516 has 10 seconds left.\n|\n|t:|1776181934\n|switch|p2a: Incineroar|Incineroar, L50, M, shiny|100/100\n|-ability|p2a: Incineroar|Intimidate|boost\n|-unboost|p1a: Altaria|atk|1\n|-unboost|p1b: Rotom|atk|1\n|move|p1a: Altaria|Protect|p1a: Altaria\n|-singleturn|p1a: Altaria|Protect\n|move|p2b: Sneasler|Dire Claw|p1a: Altaria\n|-activate|p1a: Altaria|move: Protect\n|move|p1b: Rotom|Will-O-Wisp|p2b: Sneasler\n|-status|p2b: Sneasler|brn\n|\n|-damage|p2b: Sneasler|95/100 brn|[from] brn\n|upkeep\n|turn|7\n|inactive|Nexxus3000 has 30 seconds left.\n|\n|t:|1776181972\n|move|p2a: Incineroar|Fake Out|p1b: Rotom\n|-damage|p1b: Rotom|91/100\n|move|p2b: Sneasler|Dire Claw|p1a: Altaria\n|-supereffective|p1a: Altaria|1\n|-crit|p1a: Altaria\n|-damage|p1a: Altaria|0 fnt\n|faint|p1a: Altaria\n|cant|p1b: Rotom|flinch\n|\n|-heal|p1b: Rotom|97/100|[from] item: Leftovers\n|-damage|p2b: Sneasler|89/100 brn|[from] brn\n|upkeep\n|turn|8\n|inactive|lizardon0516 has 30 seconds left.\n|\n|t:|1776182000\n|move|p2b: Sneasler|Dire Claw|p1b: Rotom\n|-damage|p1b: Rotom|78/100\n|move|p1b: Rotom|Hydro Pump|p2b: Sneasler\n|-damage|p2b: Sneasler|34/100 brn\n|move|p2a: Incineroar|Parting Shot|p1b: Rotom\n|-unboost|p1b: Rotom|atk|1\n|-unboost|p1b: Rotom|spa|1\n|-message|Nexxus3000 forfeited.\n|\n|win|lizardon0516\n|raw|Nexxus3000's rating: 1092 &rarr; <strong>1071</strong><br />(-21 for losing)\n|raw|lizardon0516's rating: 1131 &rarr; <strong>1153</strong><br />(+22 for winning)\n|l|\u2606Nexxus3000\n|player|p1|\n",
  "uploadtime": 1776182017,
  "views": 14,
  "formatid": "gen9championsvgc2026regma",
  "rating": 1071,
  "private": 0,
  "password": null
}