{
  "id": "gen9championsvgc2026regma-2588211541",
  "format": "[Gen 9 Champions] VGC 2026 Reg M-A",
  "players": [
    "ENRIPINHEIRO1310",
    "Vinati"
  ],
  "log": "|j|\u2606ENRIPINHEIRO1310\n|j|\u2606Vinati\n|t:|1776614798\n|gametype|doubles\n|player|p1|ENRIPINHEIRO1310|102|1031\n|player|p2|Vinati|bruno|1056\n|gen|9\n|tier|[Gen 9 Champions] VGC 2026 Reg M-A\n|rated|\n|rule|Species Clause: Limit one of each Pok\u00e9mon\n|rule|Item Clause: Limit 1 of each item\n|clearpoke\n|poke|p1|Aegislash, L50, M|\n|poke|p1|Ninetales-Alola, L50, M|\n|poke|p1|Rotom-Frost, L50|\n|poke|p1|Kangaskhan, L50, F|\n|poke|p1|Umbreon, L50, F|\n|poke|p1|Goodra-Hisui, L50, M|\n|poke|p2|Gallade, L50, M, shiny|\n|poke|p2|Hydreigon, L50, M|\n|poke|p2|Empoleon, L50, F|\n|poke|p2|Sneasler, L50, F, shiny|\n|poke|p2|Whimsicott, L50, F|\n|poke|p2|Emboar, L50, F|\n|teampreview|4\n|\n|t:|1776614858\n|teamsize|p1|4\n|teamsize|p2|4\n|start\n|switch|p1a: Ninetales|Ninetales-Alola, L50, M|100/100\n|switch|p1b: Rotom|Rotom-Frost, L50|100/100\n|switch|p2a: Sneasler|Sneasler, L50, F, shiny|100/100\n|switch|p2b: Hydreigon|Hydreigon, L50, M|100/100\n|-weather|Snowscape|[from] ability: Snow Warning|[of] p1a: Ninetales\n|turn|1\n|\n|t:|1776614875\n|move|p2a: Sneasler|Close Combat|p1a: Ninetales\n|-damage|p1a: Ninetales|59/100\n|-unboost|p2a: Sneasler|def|1\n|-unboost|p2a: Sneasler|spd|1\n|-enditem|p2a: Sneasler|White Herb\n|-clearnegativeboost|p2a: Sneasler|[silent]\n|move|p2b: Hydreigon|Tailwind|p2b: Hydreigon\n|-sidestart|p2: Vinati|move: Tailwind\n|move|p1a: Ninetales|Dazzling Gleam|p2b: Hydreigon|[spread] p2a,p2b\n|-supereffective|p2b: Hydreigon|2\n|-damage|p2a: Sneasler|75/100\n|-damage|p2b: Hydreigon|29/100\n|move|p1b: Rotom|Will-O-Wisp|p2a: Sneasler|[miss]\n|-miss|p1b: Rotom|p2a: Sneasler\n|\n|-weather|Snowscape|[upkeep]\n|upkeep\n|turn|2\n|\n|t:|1776614899\n|switch|p2b: Gallade|Gallade, L50, M, shiny|100/100\n|move|p2a: Sneasler|Close Combat|p1b: Rotom\n|-supereffective|p1b: Rotom|1\n|-damage|p1b: Rotom|14/100\n|-unboost|p2a: Sneasler|def|1\n|-unboost|p2a: Sneasler|spd|1\n|move|p1a: Ninetales|Dazzling Gleam|p2a: Sneasler|[spread] p2a,p2b\n|-supereffective|p2b: Gallade|1\n|-damage|p2a: Sneasler|42/100\n|-damage|p2b: Gallade|67/100\n|move|p1b: Rotom|Will-O-Wisp|p2a: Sneasler\n|-status|p2a: Sneasler|brn\n|\n|-weather|Snowscape|[upkeep]\n|-heal|p1b: Rotom|20/100|[from] item: Leftovers\n|-damage|p2a: Sneasler|36/100 brn|[from] brn\n|upkeep\n|turn|3\n|\n|t:|1776614921\n|switch|p1a: Aegislash|Aegislash, L50, M|100/100\n|move|p1b: Rotom|Protect|p1b: Rotom\n|-singleturn|p1b: Rotom|Protect\n|move|p2a: Sneasler|Dire Claw|p1a: Aegislash\n|-immune|p1a: Aegislash\n|move|p2b: Gallade|Sacred Sword|p1b: Rotom\n|-activate|p1b: Rotom|move: Protect\n|\n|-weather|Snowscape|[upkeep]\n|-heal|p1b: Rotom|25/100|[from] item: Leftovers\n|-damage|p2a: Sneasler|30/100 brn|[from] brn\n|upkeep\n|turn|4\n|\n|t:|1776614950\n|-formechange|p1a: Aegislash|Aegislash-Blade|\n|move|p1a: Aegislash|Shadow Sneak|p2b: Gallade\n|-supereffective|p2b: Gallade|1\n|-damage|p2b: Gallade|0 fnt\n|faint|p2b: Gallade\n|move|p2a: Sneasler|Close Combat|p1b: Rotom\n|-supereffective|p1b: Rotom|1\n|-damage|p1b: Rotom|0 fnt\n|-unboost|p2a: Sneasler|def|1\n|-unboost|p2a: Sneasler|spd|1\n|faint|p1b: Rotom\n|\n|-weather|Snowscape|[upkeep]\n|-damage|p2a: Sneasler|24/100 brn|[from] brn\n|-sideend|p2: Vinati|move: Tailwind\n|upkeep\n|\n|t:|1776614970\n|switch|p1b: Kangaskhan|Kangaskhan, L50, F|100/100\n|switch|p2b: Hydreigon|Hydreigon, L50, M|29/100\n|turn|5\n|\n|t:|1776614980\n|detailschange|p1b: Kangaskhan|Kangaskhan-Mega, L50, F\n|-mega|p1b: Kangaskhan|Kangaskhan|Kangaskhanite\n|move|p2b: Hydreigon|Protect|p2b: Hydreigon\n|-singleturn|p2b: Hydreigon|Protect\n|move|p1b: Kangaskhan|Fake Out|p2b: Hydreigon\n|-activate|p2b: Hydreigon|move: Protect\n|move|p1a: Aegislash|Shadow Sneak|p2a: Sneasler\n|-damage|p2a: Sneasler|0 fnt\n|faint|p2a: Sneasler\n|\n|-weather|none\n|upkeep\n|\n|t:|1776614987\n|switch|p2a: Emboar|Emboar, L50, F|100/100\n|turn|6\n|\n|t:|1776615005\n|switch|p1a: Ninetales|Ninetales-Alola, L50, M|59/100\n|-weather|Snowscape|[from] ability: Snow Warning|[of] p1a: Ninetales\n|detailschange|p2a: Emboar|Emboar-Mega, L50, F\n|-mega|p2a: Emboar|Emboar|Emboarite\n|-ability|p2a: Emboar|Mold Breaker\n|move|p1b: Kangaskhan|Protect|p1b: Kangaskhan\n|-singleturn|p1b: Kangaskhan|Protect\n|move|p2b: Hydreigon|Tailwind|p2b: Hydreigon\n|-sidestart|p2: Vinati|move: Tailwind\n|move|p2a: Emboar|Flare Blitz|p1a: Ninetales\n|-supereffective|p1a: Ninetales|1\n|-damage|p1a: Ninetales|0 fnt\n|faint|p1a: Ninetales\n|-damage|p2a: Emboar|85/100|[from] Recoil\n|\n|-weather|Snowscape|[upkeep]\n|upkeep\n|\n|t:|1776615020\n|switch|p1a: Aegislash|Aegislash, L50, M|100/100\n|turn|7\n|\n|t:|1776615033\n|move|p2b: Hydreigon|Dark Pulse|p1a: Aegislash\n|-supereffective|p1a: Aegislash|1\n|-damage|p1a: Aegislash|38/100\n|move|p2a: Emboar|Close Combat|p1b: Kangaskhan\n|-supereffective|p1b: Kangaskhan|1\n|-damage|p1b: Kangaskhan|0 fnt\n|-unboost|p2a: Emboar|def|1\n|-unboost|p2a: Emboar|spd|1\n|faint|p1b: Kangaskhan\n|-formechange|p1a: Aegislash|Aegislash-Blade|\n|move|p1a: Aegislash|Rock Slide|p2a: Emboar|[spread] p2a,p2b\n|-damage|p2a: Emboar|49/100\n|-damage|p2b: Hydreigon|3/100\n|\n|-weather|Snowscape|[upkeep]\n|upkeep\n|turn|8\n|-message|ENRIPINHEIRO1310 forfeited.\n|\n|win|Vinati\n|raw|ENRIPINHEIRO1310's rating: 1031 &rarr; <strong>1017</strong><br />(-14 for losing)\n|raw|Vinati's rating: 1056 &rarr; <strong>1085</strong><br />(+29 for winning)\n|l|\u2606ENRIPINHEIRO1310\n|player|p1|\n",
  "uploadtime": 1776615050,
  "views": 15,
  "formatid": "gen9championsvgc2026regma",
  "rating": 1017,
  "private": 0,
  "password": null
}