{
  "id": "gen9championsvgc2026regma-2584053771",
  "format": "[Gen 9 Champions] VGC 2026 Reg M-A",
  "players": [
    "SudoNinja",
    "spection"
  ],
  "log": "|j|\u2606SudoNinja\n|j|\u2606spection\n|t:|1776220540\n|gametype|doubles\n|player|p1|SudoNinja|101|1169\n|player|p2|spection|266|1162\n|gen|9\n|tier|[Gen 9 Champions] VGC 2026 Reg M-A\n|rated|\n|rule|Species Clause: Limit one of each Pok\u00e9mon\n|rule|Item Clause: Limit 1 of each item\n|clearpoke\n|poke|p1|Starmie, L50|\n|poke|p1|Sneasler, L50, M|\n|poke|p1|Chandelure, L50, F|\n|poke|p1|Tsareena, L50, F|\n|poke|p1|Ariados, L50, M|\n|poke|p1|Dragonite, L50, F|\n|poke|p2|Whimsicott, L50, M|\n|poke|p2|Dragonite, L50, M|\n|poke|p2|Gengar, L50, M|\n|poke|p2|Gardevoir, L50, M|\n|poke|p2|Rotom-Wash, L50|\n|poke|p2|Sneasler, L50, M|\n|teampreview|4\n|\n|t:|1776220568\n|teamsize|p1|4\n|teamsize|p2|4\n|start\n|switch|p1a: Ariados|Ariados, L50, M|100/100\n|switch|p1b: Dragonite|Dragonite, L50, F|100/100\n|switch|p2a: Whimsicott|Whimsicott, L50, M|100/100\n|switch|p2b: Dragonite|Dragonite, L50, M|100/100\n|turn|1\n|\n|t:|1776220577\n|move|p1b: Dragonite|Extreme Speed|p2a: Whimsicott\n|-damage|p2a: Whimsicott|53/100\n|move|p1a: Ariados|First Impression|p2a: Whimsicott\n|-damage|p2a: Whimsicott|0 fnt\n|faint|p2a: Whimsicott\n|move|p2b: Dragonite|Dragon Dance|p2b: Dragonite\n|-boost|p2b: Dragonite|atk|1\n|-boost|p2b: Dragonite|spe|1\n|\n|upkeep\n|\n|t:|1776220587\n|switch|p2a: Gardevoir|Gardevoir, L50, M|100/100\n|turn|2\n|\n|t:|1776220599\n|detailschange|p2a: Gardevoir|Gardevoir-Mega, L50, M\n|-mega|p2a: Gardevoir|Gardevoir|Gardevoirite\n|move|p2a: Gardevoir|Protect|p2a: Gardevoir\n|-singleturn|p2a: Gardevoir|Protect\n|move|p1a: Ariados|Rage Powder|p1a: Ariados\n|-singleturn|p1a: Ariados|move: Rage Powder\n|move|p2b: Dragonite|Outrage|p1a: Ariados\n|-enditem|p1a: Ariados|Focus Sash\n|-damage|p1a: Ariados|1/100\n|move|p1b: Dragonite|Scale Shot|p2b: Dragonite\n|-supereffective|p2b: Dragonite|1\n|-damage|p2b: Dragonite|84/100\n|-supereffective|p2b: Dragonite|1\n|-damage|p2b: Dragonite|52/100\n|-supereffective|p2b: Dragonite|1\n|-crit|p2b: Dragonite\n|-damage|p2b: Dragonite|0 fnt\n|faint|p2b: Dragonite\n|-hitcount|p2: Dragonite|3\n|-unboost|p1b: Dragonite|def|1\n|-boost|p1b: Dragonite|spe|1\n|\n|upkeep\n|\n|t:|1776220616\n|switch|p2b: Rotom|Rotom-Wash, L50|100/100\n|turn|3\n|\n|t:|1776220652\n|move|p2a: Gardevoir|Hyper Voice|p1b: Dragonite|[spread] p1a,p1b\n|-resisted|p1a: Ariados|1\n|-supereffective|p1b: Dragonite|1\n|-damage|p1a: Ariados|0 fnt\n|-damage|p1b: Dragonite|12/100\n|-enditem|p1b: Dragonite|Sitrus Berry|[eat]\n|-heal|p1b: Dragonite|36/100|[from] item: Sitrus Berry\n|faint|p1a: Ariados\n|move|p1b: Dragonite|Tailwind|p1b: Dragonite\n|-sidestart|p1: SudoNinja|move: Tailwind\n|move|p2b: Rotom|Volt Switch|p1b: Dragonite\n|-damage|p1b: Dragonite|2/100\n|\n|upkeep\n|\n|t:|1776220668\n|switch|p1a: Starmie|Starmie, L50|100/100\n|turn|4\n|\n|t:|1776220680\n|detailschange|p1a: Starmie|Starmie-Mega, L50\n|-mega|p1a: Starmie|Starmie|Starminite\n|move|p1b: Dragonite|Extreme Speed|p2b: Rotom\n|-damage|p2b: Rotom|65/100\n|move|p1a: Starmie|Self-Destruct|p2b: Rotom|[spread] p1b,p2a,p2b\n|-damage|p1b: Dragonite|0 fnt\n|-damage|p2a: Gardevoir|0 fnt\n|-damage|p2b: Rotom|3/100\n|faint|p1a: Starmie\n|faint|p1b: Dragonite\n|faint|p2a: Gardevoir\n|move|p2b: Rotom|Volt Switch|p1: Starmie|[notarget]\n|-fail|p2b: Rotom\n|\n|-heal|p2b: Rotom|8/100|[from] item: Leftovers\n|upkeep\n|\n|t:|1776220693\n|switch|p1b: Chandelure|Chandelure, L50, F|100/100\n|turn|5\n|\n|t:|1776220701\n|move|p1b: Chandelure|Shadow Ball|p2b: Rotom\n|-damage|p2b: Rotom|0 fnt\n|faint|p2b: Rotom\n|\n|win|SudoNinja\n|raw|SudoNinja's rating: 1169 &rarr; <strong>1193</strong><br />(+24 for winning)\n|raw|spection's rating: 1162 &rarr; <strong>1138</strong><br />(-24 for losing)\n|l|\u2606spection\n|player|p2|\n",
  "uploadtime": 1776220712,
  "views": 28,
  "formatid": "gen9championsvgc2026regma",
  "rating": 1138,
  "private": 0,
  "password": null
}