{
  "id": "gen9championsvgc2026regma-2583743233",
  "format": "[Gen 9 Champions] VGC 2026 Reg M-A",
  "players": [
    "Ly.Rooster",
    "plebston mcbacon"
  ],
  "log": "|j|\u2606Ly.Rooster\n|j|\u2606plebston mcbacon\n|t:|1776194680\n|gametype|doubles\n|player|p1|Ly.Rooster|102|1031\n|player|p2|plebston mcbacon|170|1000\n|gen|9\n|tier|[Gen 9 Champions] VGC 2026 Reg M-A\n|rated|\n|rule|Species Clause: Limit one of each Pok\u00e9mon\n|rule|Item Clause: Limit 1 of each item\n|clearpoke\n|poke|p1|Alakazam, L50, M|\n|poke|p1|Tyranitar, L50, M|\n|poke|p1|Glimmora, L50, M|\n|poke|p1|Lopunny, L50, M|\n|poke|p1|Talonflame, L50, M|\n|poke|p1|Garchomp, L50, F|\n|poke|p2|Meganium, L50, F|\n|poke|p2|Pelipper, L50, F|\n|poke|p2|Aerodactyl, L50, M|\n|poke|p2|Basculegion, L50, M|\n|poke|p2|Maushold, L50|\n|poke|p2|Archaludon, L50, M|\n|teampreview|4\n|inactive|Battle timer is ON: inactive players will automatically lose when time's up. (requested by Ly.Rooster)\n|l|\u2606Ly.Rooster\n|inactive|Ly.Rooster disconnected and has a minute to reconnect!\n|player|p1|\n|j|\u2606Ly.Rooster\n|inactive|Ly.Rooster reconnected.\n|player|p1|Ly.Rooster|102|\n|inactive|plebston mcbacon has 60 seconds left.\n|\n|t:|1776194733\n|teamsize|p1|4\n|teamsize|p2|4\n|start\n|switch|p1a: Talonflame|Talonflame, L50, M|100/100\n|switch|p1b: Tyranitar|Tyranitar, L50, M|100/100\n|switch|p2a: lil st.james|Basculegion, L50, M, shiny|100/100\n|switch|p2b: Archaludon|Archaludon, L50, M|100/100\n|-weather|Sandstorm|[from] ability: Sand Stream|[of] p1b: Tyranitar\n|turn|1\n|\n|t:|1776194749\n|switch|p2b: A.Ham|Pelipper, L50, F|100/100\n|-weather|RainDance|[from] ability: Drizzle|[of] p2b: A.Ham\n|move|p1a: Talonflame|Tailwind|p1a: Talonflame\n|-sidestart|p1: Ly.Rooster|move: Tailwind\n|move|p2a: lil st.james|Wave Crash|p1a: Talonflame\n|-supereffective|p1a: Talonflame|1\n|-damage|p1a: Talonflame|0 fnt\n|faint|p1a: Talonflame\n|-damage|p2a: lil st.james|75/100|[from] Recoil\n|move|p1b: Tyranitar|Knock Off|p2a: lil st.james\n|-supereffective|p2a: lil st.james|1\n|-damage|p2a: lil st.james|0 fnt\n|-enditem|p2a: lil st.james|Mystic Water|[from] move: Knock Off|[of] p1b: Tyranitar\n|faint|p2a: lil st.james\n|\n|-weather|RainDance|[upkeep]\n|upkeep\n|l|\u2606Ly.Rooster\n|inactive|Ly.Rooster disconnected and has a minute to reconnect!\n|player|p1|\n|j|\u2606Ly.Rooster\n|inactive|Ly.Rooster reconnected and has 40 seconds left.\n|player|p1|Ly.Rooster|102|\n|\n|t:|1776194773\n|switch|p1a: Alakazam|Alakazam, L50, M|100/100\n|switch|p2a: Gubbo|Meganium, L50, F|100/100\n|turn|2\n|inactive|plebston mcbacon has 30 seconds left.\n|\n|t:|1776194800\n|switch|p1b: Garchomp|Garchomp, L50, F|100/100\n|detailschange|p2a: Gubbo|Meganium-Mega, L50, F\n|-mega|p2a: Gubbo|Meganium|Meganiumite\n|move|p1a: Alakazam|Light Screen|p1a: Alakazam\n|-sidestart|p1: Ly.Rooster|move: Light Screen\n|move|p2a: Gubbo|Solar Beam||[still]\n|-prepare|p2a: Gubbo|Solar Beam\n|-activate|p2a: Gubbo|ability: Mega Sol\n|-anim|p2a: Gubbo|Solar Beam|p1b: Garchomp\n|-damage|p1b: Garchomp|55/100\n|move|p2b: A.Ham|Weather Ball|p1b: Garchomp\n|-damage|p1b: Garchomp|17/100\n|\n|-weather|RainDance|[upkeep]\n|upkeep\n|turn|3\n|inactive|plebston mcbacon has 30 seconds left.\n|\n|t:|1776194827\n|switch|p2b: Archaludon|Archaludon, L50, M|100/100\n|detailschange|p1b: Garchomp|Garchomp-Mega, L50, F\n|-mega|p1b: Garchomp|Garchomp|Garchompite\n|move|p1a: Alakazam|Speed Swap|p1b: Garchomp\n|-activate|p1a: Alakazam|move: Speed Swap|[of] p1b: Garchomp\n|move|p1b: Garchomp|Rock Slide|p2b: Archaludon|[spread] p2a,p2b\n|-resisted|p2b: Archaludon|1\n|-damage|p2a: Gubbo|79/100\n|-damage|p2b: Archaludon|91/100\n|move|p2a: Gubbo|Dazzling Gleam|p1a: Alakazam|[spread] p1a,p1b\n|-crit|p1a: Alakazam\n|-supereffective|p1b: Garchomp|1\n|-damage|p1a: Alakazam|18/100\n|-damage|p1b: Garchomp|0 fnt\n|faint|p1b: Garchomp\n|\n|-weather|RainDance|[upkeep]\n|upkeep\n|\n|t:|1776194844\n|switch|p1b: Tyranitar|Tyranitar, L50, M|100/100\n|-weather|Sandstorm|[from] ability: Sand Stream|[of] p1b: Tyranitar\n|turn|4\n|\n|t:|1776194852\n|switch|p2b: A.Ham|Pelipper, L50, F|100/100\n|-weather|RainDance|[from] ability: Drizzle|[of] p2b: A.Ham\n|move|p1a: Alakazam|Psychic|p2a: Gubbo\n|-damage|p2a: Gubbo|38/100\n|move|p1b: Tyranitar|Knock Off|p2a: Gubbo\n|-resisted|p2a: Gubbo|1\n|-damage|p2a: Gubbo|22/100\n|move|p2a: Gubbo|Solar Beam||[still]\n|-prepare|p2a: Gubbo|Solar Beam\n|-activate|p2a: Gubbo|ability: Mega Sol\n|-anim|p2a: Gubbo|Solar Beam|p1b: Tyranitar\n|-supereffective|p1b: Tyranitar|1\n|-damage|p1b: Tyranitar|11/100\n|-enditem|p1b: Tyranitar|Sitrus Berry|[eat]\n|-heal|p1b: Tyranitar|36/100|[from] item: Sitrus Berry\n|\n|-weather|RainDance|[upkeep]\n|-sideend|p1: Ly.Rooster|move: Tailwind\n|upkeep\n|turn|5\n|\n|t:|1776194873\n|move|p1a: Alakazam|Psychic|p2a: Gubbo\n|-damage|p2a: Gubbo|0 fnt\n|faint|p2a: Gubbo\n|move|p2b: A.Ham|Weather Ball|p1a: Alakazam\n|-damage|p1a: Alakazam|0 fnt\n|faint|p1a: Alakazam\n|move|p1b: Tyranitar|Rock Slide|p2b: A.Ham\n|-supereffective|p2b: A.Ham|1\n|-damage|p2b: A.Ham|0 fnt\n|faint|p2b: A.Ham\n|\n|-weather|RainDance|[upkeep]\n|upkeep\n|\n|t:|1776194880\n|switch|p2a: Archaludon|Archaludon, L50, M|91/100\n|turn|6\n|\n|t:|1776194891\n|move|p2a: Archaludon|Flash Cannon|p1b: Tyranitar\n|-supereffective|p1b: Tyranitar|1\n|-damage|p1b: Tyranitar|0 fnt\n|faint|p1b: Tyranitar\n|\n|win|plebston mcbacon\n|raw|Ly.Rooster's rating: 1031 &rarr; <strong>1015</strong><br />(-16 for losing)\n|raw|plebston mcbacon's rating: 1000 &rarr; <strong>1044</strong><br />(+44 for winning)\n|l|\u2606Ly.Rooster\n|player|p1|\n|c|\u2606plebston mcbacon|ggs\n",
  "uploadtime": 1776194900,
  "views": 23,
  "formatid": "gen9championsvgc2026regma",
  "rating": 1015,
  "private": 0,
  "password": null
}