{
  "id": "gen9championsvgc2026regma-2584081618",
  "format": "[Gen 9 Champions] VGC 2026 Reg M-A",
  "players": [
    "gayblackmenkissing",
    "snazzypancake"
  ],
  "log": "|j|\u2606gayblackmenkissing\n|j|\u2606snazzypancake\n|t:|1776223229\n|gametype|doubles\n|player|p1|gayblackmenkissing|2|\n|player|p2|snazzypancake|ghetsis-gen5bw|\n|gen|9\n|tier|[Gen 9 Champions] VGC 2026 Reg M-A\n|rule|Species Clause: Limit one of each Pok\u00e9mon\n|rule|Item Clause: Limit 1 of each item\n|clearpoke\n|poke|p1|Alakazam, L50, M|\n|poke|p1|Beedrill, L50, M|\n|poke|p1|Whimsicott, L50, F|\n|poke|p1|Sinistcha, L50|\n|poke|p1|Armarouge, L50, F|\n|poke|p1|Farigiraf, L50, F|\n|poke|p2|Delphox, L50, F|\n|poke|p2|Sableye, L50, M|\n|poke|p2|Sneasler, L50, F|\n|poke|p2|Aerodactyl, L50, M|\n|poke|p2|Garchomp, L50, M|\n|poke|p2|Orthworm, L50, M|\n|teampreview|4\n|\n|t:|1776223246\n|teamsize|p1|4\n|teamsize|p2|4\n|start\n|switch|p1a: Alakazam|Alakazam, L50, M, shiny|100/100\n|switch|p1b: Whimsicott|Whimsicott, L50, F|100/100\n|switch|p2a: Aerodactyl|Aerodactyl, L50, M|100/100\n|switch|p2b: Sneasler|Sneasler, L50, F|100/100\n|-ability|p2a: Aerodactyl|Unnerve\n|turn|1\n|\n|t:|1776223260\n|move|p2b: Sneasler|Fake Out|p1a: Alakazam\n|-damage|p1a: Alakazam|60/100\n|move|p1b: Whimsicott|Tailwind|p1b: Whimsicott\n|-sidestart|p1: gayblackmenkissing|move: Tailwind\n|cant|p1a: Alakazam|flinch\n|move|p2a: Aerodactyl|Tailwind|p2a: Aerodactyl\n|-sidestart|p2: snazzypancake|move: Tailwind\n|\n|upkeep\n|turn|2\n|\n|t:|1776223283\n|move|p1b: Whimsicott|Encore|p2b: Sneasler\n|-start|p2b: Sneasler|Encore\n|move|p2b: Sneasler|Fake Out||[still]\n|-hint|Fake Out only works on your first turn out.\n|-fail|p2b: Sneasler\n|move|p2a: Aerodactyl|Rock Slide|p1b: Whimsicott|[spread] p1a,p1b\n|-damage|p1a: Alakazam|0 fnt\n|-damage|p1b: Whimsicott|55/100\n|faint|p1a: Alakazam\n|\n|upkeep\n|\n|t:|1776223292\n|switch|p1a: Beedrill|Beedrill, L50, M|100/100\n|turn|3\n|\n|t:|1776223332\n|switch|p2b: Sybau|Sableye, L50, M, shiny|100/100\n|detailschange|p1a: Beedrill|Beedrill-Mega, L50, M\n|-mega|p1a: Beedrill|Beedrill|Beedrillite\n|move|p1a: Beedrill|U-turn|p2b: Sybau\n|-crit|p2b: Sybau\n|-damage|p2b: Sybau|0 fnt\n|faint|p2b: Sybau\n|\n|t:|1776223342\n|switch|p1a: Sinistcha|Sinistcha, L50|100/100|[from] U-turn\n|move|p2a: Aerodactyl|Rock Slide|p1a: Sinistcha|[spread] p1a,p1b\n|-damage|p1a: Sinistcha|66/100\n|-damage|p1b: Whimsicott|10/100\n|move|p1b: Whimsicott|Moonblast|p2a: Aerodactyl\n|-damage|p2a: Aerodactyl|51/100\n|\n|upkeep\n|\n|t:|1776223352\n|switch|p2b: Delphox|Delphox, L50, F|100/100\n|turn|4\n|\n|t:|1776223378\n|detailschange|p2b: Delphox|Delphox-Mega, L50, F\n|-mega|p2b: Delphox|Delphox|Delphoxite\n|move|p1b: Whimsicott|Protect|p1b: Whimsicott\n|-singleturn|p1b: Whimsicott|Protect\n|move|p2b: Delphox|Nasty Plot|p2b: Delphox\n|-boost|p2b: Delphox|spa|2\n|move|p2a: Aerodactyl|Rock Slide|p1a: Sinistcha|[spread] p1a\n|-activate|p1b: Whimsicott|move: Protect\n|-damage|p1a: Sinistcha|28/100\n|move|p1a: Sinistcha|Matcha Gotcha|p2a: Aerodactyl|[spread] p2a,p2b\n|-resisted|p2b: Delphox|1\n|-damage|p2a: Aerodactyl|5/100\n|-heal|p1a: Sinistcha|53/100|[from] drain|[of] p2a: Aerodactyl\n|-damage|p2b: Delphox|86/100\n|-heal|p1a: Sinistcha|60/100|[from] drain|[of] p2b: Delphox\n|\n|-sideend|p2: snazzypancake|move: Tailwind\n|-sideend|p1: gayblackmenkissing|move: Tailwind\n|upkeep\n|turn|5\n|\n|t:|1776223400\n|move|p1b: Whimsicott|Encore|p2b: Delphox\n|-start|p2b: Delphox|Encore\n|move|p2b: Delphox|Nasty Plot|p2b: Delphox\n|-boost|p2b: Delphox|spa|2\n|move|p2a: Aerodactyl|Tailwind|p2a: Aerodactyl\n|-sidestart|p2: snazzypancake|move: Tailwind\n|move|p1a: Sinistcha|Matcha Gotcha|p2b: Delphox|[spread] p2b\n|-miss|p1a: Sinistcha|p2a: Aerodactyl\n|-resisted|p2b: Delphox|1\n|-damage|p2b: Delphox|71/100\n|-heal|p1a: Sinistcha|68/100|[from] drain|[of] p2b: Delphox\n|\n|upkeep\n|turn|6\n|\n|t:|1776223418\n|move|p1b: Whimsicott|Tailwind|p1b: Whimsicott\n|-sidestart|p1: gayblackmenkissing|move: Tailwind\n|move|p2b: Delphox|Nasty Plot|p2b: Delphox\n|-boost|p2b: Delphox|spa|2\n|move|p2a: Aerodactyl|Rock Slide|p1b: Whimsicott|[spread] p1a,p1b\n|-damage|p1a: Sinistcha|31/100\n|-damage|p1b: Whimsicott|0 fnt\n|faint|p1b: Whimsicott\n|move|p1a: Sinistcha|Matcha Gotcha|p2a: Aerodactyl|[spread] p2a,p2b\n|-resisted|p2b: Delphox|1\n|-damage|p2a: Aerodactyl|0 fnt\n|-heal|p1a: Sinistcha|33/100|[from] drain|[of] p2a: Aerodactyl\n|-damage|p2b: Delphox|54/100\n|-heal|p1a: Sinistcha|42/100|[from] drain|[of] p2b: Delphox\n|faint|p2a: Aerodactyl\n|\n|upkeep\n|\n|t:|1776223434\n|switch|p2a: Sneasler|Sneasler, L50, F|100/100\n|switch|p1b: Beedrill|Beedrill-Mega, L50, M|100/100\n|turn|7\n|\n|t:|1776223448\n|move|p2a: Sneasler|Fake Out|p1b: Beedrill\n|-damage|p1b: Beedrill|60/100\n|move|p1a: Sinistcha|Rage Powder|p1a: Sinistcha\n|-singleturn|p1a: Sinistcha|move: Rage Powder\n|cant|p1b: Beedrill|flinch\n|move|p2b: Delphox|Nasty Plot|p2b: Delphox\n|-boost|p2b: Delphox|spa|0\n|\n|-end|p2b: Delphox|Encore\n|upkeep\n|turn|8\n|\n|t:|1776223485\n|move|p2b: Delphox|Protect|p2b: Delphox\n|-singleturn|p2b: Delphox|Protect\n|move|p1a: Sinistcha|Rage Powder|p1a: Sinistcha\n|-singleturn|p1a: Sinistcha|move: Rage Powder\n|move|p1b: Beedrill|Fell Stinger|p2b: Delphox\n|-activate|p2b: Delphox|move: Protect\n|move|p2a: Sneasler|Dire Claw|p1a: Sinistcha\n|-damage|p1a: Sinistcha|0 fnt\n|faint|p1a: Sinistcha\n|\n|-sideend|p2: snazzypancake|move: Tailwind\n|upkeep\n|turn|9\n|\n|t:|1776223502\n|move|p1b: Beedrill|Fell Stinger|p2b: Delphox\n|-damage|p2b: Delphox|0 fnt\n|faint|p2b: Delphox\n|-boost|p1b: Beedrill|atk|3\n|move|p2a: Sneasler|Dire Claw|p1b: Beedrill\n|-resisted|p1b: Beedrill|1\n|-damage|p1b: Beedrill|0 fnt\n|faint|p1b: Beedrill\n|\n|win|snazzypancake\n|l|\u2606gayblackmenkissing\n|player|p1|\n",
  "uploadtime": 1776223555,
  "views": 38,
  "formatid": "gen9championsvgc2026regma",
  "rating": null,
  "private": 0,
  "password": null
}