{
  "id": "gen9championsvgc2026regma-2582937580",
  "format": "[Gen 9 Champions] VGC 2026 Reg M-A",
  "players": [
    "diegonatorcn",
    "cumdoy"
  ],
  "log": "|j|\u2606diegonatorcn\n|j|\u2606cumdoy\n|t:|1776126629\n|gametype|doubles\n|player|p1|diegonatorcn|266|1099\n|player|p2|cumdoy|265|1035\n|gen|9\n|tier|[Gen 9 Champions] VGC 2026 Reg M-A\n|rated|\n|rule|Species Clause: Limit one of each Pok\u00e9mon\n|rule|Item Clause: Limit 1 of each item\n|clearpoke\n|poke|p1|Tyranitar, L50, M|\n|poke|p1|Gliscor, L50, M|\n|poke|p1|Dragonite, L50, M|\n|poke|p1|Farigiraf, L50, F|\n|poke|p1|Garchomp, L50, M|\n|poke|p1|Ninetales-Alola, L50, F|\n|poke|p2|Chandelure, L50, F|\n|poke|p2|Corviknight, L50, M|\n|poke|p2|Azumarill, L50, M|\n|poke|p2|Kommo-o, L50, M|\n|poke|p2|Kangaskhan, L50, F|\n|poke|p2|Sinistcha, L50|\n|teampreview|4\n|inactive|Battle timer is ON: inactive players will automatically lose when time's up. (requested by diegonatorcn)\ndiegonatorcn rejected open team sheets.\n|\n|t:|1776126688\n|teamsize|p1|4\n|teamsize|p2|4\n|start\n|switch|p1a: Farigiraf|Farigiraf, L50, F|100/100\n|switch|p1b: Garchomp|Garchomp, L50, M|100/100\n|switch|p2a: Kangaskhan|Kangaskhan, L50, F|100/100\n|switch|p2b: Azumarill|Azumarill, L50, M|100/100\n|turn|1\n|\n|t:|1776126712\n|detailschange|p2a: Kangaskhan|Kangaskhan-Mega, L50, F\n|-mega|p2a: Kangaskhan|Kangaskhan|Kangaskhanite\n|move|p1b: Garchomp|Rock Slide|p2b: Azumarill|[spread] p2a,p2b\n|-damage|p2a: Kangaskhan|84/100\n|-damage|p2b: Azumarill|78/100\n|cant|p2a: Kangaskhan|flinch\n|move|p2b: Azumarill|Play Rough|p1b: Garchomp\n|-supereffective|p1b: Garchomp|1\n|-damage|p1b: Garchomp|0 fnt\n|-damage|p2b: Azumarill|66/100|[from] ability: Rough Skin|[of] p1b: Garchomp\n|faint|p1b: Garchomp\n|move|p1a: Farigiraf|Trick Room|p1a: Farigiraf\n|-fieldstart|move: Trick Room|[of] p1a: Farigiraf\n|\n|upkeep\n|\n|t:|1776126724\n|switch|p1b: Ninetales|Ninetales-Alola, L50, F|100/100\n|-weather|Snowscape|[from] ability: Snow Warning|[of] p1b: Ninetales\n|turn|2\n|\n|t:|1776126740\n|move|p2b: Azumarill|Liquidation|p1a: Farigiraf\n|-damage|p1a: Farigiraf|29/100\n|-unboost|p1a: Farigiraf|def|1\n|move|p1a: Farigiraf|Psychic|p2a: Kangaskhan\n|-damage|p2a: Kangaskhan|48/100\n|move|p2a: Kangaskhan|Hammer Arm|p1b: Ninetales\n|-damage|p1b: Ninetales|69/100\n|-unboost|p2a: Kangaskhan|spe|1\n|-damage|p1b: Ninetales|60/100\n|-unboost|p2a: Kangaskhan|spe|1\n|-hitcount|p1b: Ninetales|2\n|move|p1b: Ninetales|Aurora Veil|p1b: Ninetales\n|-sidestart|p1: diegonatorcn|move: Aurora Veil\n|\n|-weather|Snowscape|[upkeep]\n|-heal|p1a: Farigiraf|35/100|[from] item: Leftovers\n|upkeep\n|turn|3\n|inactive|cumdoy has 30 seconds left.\n|\n|t:|1776126771\n|move|p1a: Farigiraf|Protect|p1a: Farigiraf\n|-singleturn|p1a: Farigiraf|Protect\n|move|p2a: Kangaskhan|Double-Edge|p1b: Ninetales\n|-damage|p1b: Ninetales|25/100\n|-damage|p1b: Ninetales|16/100\n|-hitcount|p1b: Ninetales|2\n|-damage|p2a: Kangaskhan|35/100|[from] Recoil\n|move|p2b: Azumarill|Liquidation|p1a: Farigiraf\n|-activate|p1a: Farigiraf|move: Protect\n|move|p1b: Ninetales|Moonblast|p2a: Kangaskhan\n|-damage|p2a: Kangaskhan|13/100\n|\n|-weather|Snowscape|[upkeep]\n|-heal|p1a: Farigiraf|41/100|[from] item: Leftovers\n|upkeep\n|turn|4\n|inactive|cumdoy has 30 seconds left.\n|\n|t:|1776126799\n|switch|p2a: Sinistcha|Sinistcha, L50|100/100\n|-heal|p2b: Azumarill|91/100|[from] ability: Hospitality|[of] p2a: Sinistcha\n|move|p1b: Ninetales|Protect|p1b: Ninetales\n|-singleturn|p1b: Ninetales|Protect\n|move|p2b: Azumarill|Liquidation|p1b: Ninetales\n|-activate|p1b: Ninetales|move: Protect\n|move|p1a: Farigiraf|Hyper Voice|p2b: Azumarill|[spread] p2b\n|-immune|p2a: Sinistcha\n|-damage|p2b: Azumarill|54/100\n|\n|-weather|Snowscape|[upkeep]\n|-heal|p1a: Farigiraf|48/100|[from] item: Leftovers\n|upkeep\n|turn|5\n|\n|t:|1776126820\n|move|p2b: Azumarill|Liquidation|p1a: Farigiraf\n|-damage|p1a: Farigiraf|0 fnt\n|faint|p1a: Farigiraf\n|move|p2a: Sinistcha|Matcha Gotcha|p1b: Ninetales\n|-damage|p1b: Ninetales|0 fnt\n|faint|p1b: Ninetales\n|\n|-weather|Snowscape|[upkeep]\n|-fieldend|move: Trick Room\n|upkeep\n|\n|t:|1776126834\n|switch|p1a: Dragonite|Dragonite, L50, M|100/100\n|turn|6\n|\n|t:|1776126846\n|detailschange|p1a: Dragonite|Dragonite-Mega, L50, M\n|-mega|p1a: Dragonite|Dragonite|Dragoninite\n|move|p2b: Azumarill|Protect|p2b: Azumarill\n|-singleturn|p2b: Azumarill|Protect\n|move|p1a: Dragonite|Aerial Ace|p2a: Sinistcha\n|-supereffective|p2a: Sinistcha|1\n|-damage|p2a: Sinistcha|43/100\n|move|p2a: Sinistcha|Trick Room|p2a: Sinistcha\n|-fieldstart|move: Trick Room|[of] p2a: Sinistcha\n|\n|-weather|none\n|-sideend|p1: diegonatorcn|move: Aurora Veil\n|upkeep\n|turn|7\n|\n|t:|1776126861\n|move|p2b: Azumarill|Play Rough|p1a: Dragonite\n|-supereffective|p1a: Dragonite|1\n|-damage|p1a: Dragonite|47/100\n|move|p2a: Sinistcha|Life Dew|p2a: Sinistcha|[spread] p2a,p2b\n|-heal|p2a: Sinistcha|68/100\n|-heal|p2b: Azumarill|79/100\n|move|p1a: Dragonite|Aerial Ace|p2a: Sinistcha\n|-supereffective|p2a: Sinistcha|1\n|-damage|p2a: Sinistcha|8/100\n|\n|upkeep\n|turn|8\n|\n|t:|1776126880\n|move|p2a: Sinistcha|Rage Powder|p2a: Sinistcha\n|-singleturn|p2a: Sinistcha|move: Rage Powder\n|move|p2b: Azumarill|Play Rough|p1a: Dragonite\n|-supereffective|p1a: Dragonite|1\n|-crit|p1a: Dragonite\n|-damage|p1a: Dragonite|0 fnt\n|faint|p1a: Dragonite\n|\n|win|cumdoy\n|raw|diegonatorcn's rating: 1099 &rarr; <strong>1070</strong><br />(-29 for losing)\n|raw|cumdoy's rating: 1035 &rarr; <strong>1076</strong><br />(+41 for winning)\n",
  "uploadtime": 1776126888,
  "views": 25,
  "formatid": "gen9championsvgc2026regma",
  "rating": 1070,
  "private": 0,
  "password": null
}