{
  "id": "gen9championsvgc2026regma-2582811469",
  "format": "[Gen 9 Champions] VGC 2026 Reg M-A",
  "players": [
    "DavidTIS",
    "Royiscute67"
  ],
  "log": "|j|\u2606DavidTIS\n|j|\u2606Royiscute67\n|t:|1776115917\n|gametype|doubles\n|player|p1|DavidTIS|265|1084\n|player|p2|Royiscute67|cynthia|1054\n|gen|9\n|tier|[Gen 9 Champions] VGC 2026 Reg M-A\n|rated|\n|rule|Species Clause: Limit one of each Pok\u00e9mon\n|rule|Item Clause: Limit 1 of each item\n|clearpoke\n|poke|p1|Starmie, L50|\n|poke|p1|Lucario, L50, F|\n|poke|p1|Lycanroc-Dusk, L50, F|\n|poke|p1|Hydreigon, L50, F|\n|poke|p1|Slowbro-Galar, L50, F|\n|poke|p1|Charizard, L50, F|\n|poke|p2|Whimsicott, L50, M|\n|poke|p2|Meganium, L50, M|\n|poke|p2|Pelipper, L50, F|\n|poke|p2|Basculegion, L50, M|\n|poke|p2|Archaludon, L50, M|\n|poke|p2|Sinistcha, L50|\n|teampreview|4\nRoyiscute67 rejected open team sheets.\n|inactive|Battle timer is ON: inactive players will automatically lose when time's up. (requested by Royiscute67)\n|\n|t:|1776115953\n|teamsize|p1|4\n|teamsize|p2|4\n|start\n|switch|p1a: Starmie|Starmie, L50|100/100\n|switch|p1b: Slowbro|Slowbro-Galar, L50, F|100/100\n|switch|p2a: Whimsicott|Whimsicott, L50, M, shiny|100/100\n|switch|p2b: Meganium|Meganium, L50, M, shiny|100/100\n|turn|1\n|\n|t:|1776115978\n|detailschange|p1a: Starmie|Starmie-Mega, L50\n|-mega|p1a: Starmie|Starmie|Starminite\n|move|p2b: Meganium|Protect|p2b: Meganium\n|-singleturn|p2b: Meganium|Protect\n|move|p2a: Whimsicott|Tailwind|p2a: Whimsicott\n|-sidestart|p2: Royiscute67|move: Tailwind\n|move|p1a: Starmie|Ice Spinner|p2a: Whimsicott\n|-supereffective|p2a: Whimsicott|1\n|-damage|p2a: Whimsicott|0 fnt\n|faint|p2a: Whimsicott\n|move|p1b: Slowbro|Shell Side Arm|p2b: Meganium|[anim] Shell Side Arm Physical\n|-activate|p2b: Meganium|move: Protect\n|\n|upkeep\n|\n|t:|1776115992\n|switch|p2a: Pelipper|Pelipper, L50, F, shiny|100/100\n|-weather|RainDance|[from] ability: Drizzle|[of] p2a: Pelipper\n|turn|2\n|\n|t:|1776116006\n|detailschange|p2b: Meganium|Meganium-Mega, L50, M, shiny\n|-mega|p2b: Meganium|Meganium|Meganiumite\n|move|p2a: Pelipper|Helping Hand|p2b: Meganium\n|-singleturn|p2b: Meganium|Helping Hand|[of] p2a: Pelipper\n|move|p1a: Starmie|Protect|p1a: Starmie\n|-singleturn|p1a: Starmie|Protect\n|move|p2b: Meganium|Weather Ball|p1b: Slowbro\n|-damage|p1b: Slowbro|0 fnt\n|faint|p1b: Slowbro\n|\n|-weather|RainDance|[upkeep]\n|upkeep\n|\n|t:|1776116029\n|switch|p1b: Lucario|Lucario, L50, F|100/100\n|turn|3\n|\n|t:|1776116051\n|move|p2b: Meganium|Solar Beam||[still]\n|-prepare|p2b: Meganium|Solar Beam\n|-activate|p2b: Meganium|ability: Mega Sol\n|-anim|p2b: Meganium|Solar Beam|p1a: Starmie\n|-supereffective|p1a: Starmie|1\n|-damage|p1a: Starmie|0 fnt\n|faint|p1a: Starmie\n|move|p1b: Lucario|Steel Beam|p2b: Meganium\n|-supereffective|p2b: Meganium|1\n|-damage|p2b: Meganium|0 fnt\n|-damage|p1b: Lucario|50/100|[from] steelbeam\n|faint|p2b: Meganium\n|move|p2a: Pelipper|Weather Ball|p1b: Lucario\n|-damage|p1b: Lucario|0 fnt\n|faint|p1b: Lucario\n|\n|-weather|RainDance|[upkeep]\n|upkeep\n|\n|t:|1776116069\n|switch|p1a: Hydreigon|Hydreigon, L50, F|100/100\n|switch|p2b: Basculegion|Basculegion, L50, M, shiny|100/100\n|turn|4\n|\n|t:|1776116077\n|move|p2b: Basculegion|Liquidation|p1a: Hydreigon\n|-resisted|p1a: Hydreigon|1\n|-damage|p1a: Hydreigon|63/100\n|-unboost|p1a: Hydreigon|def|1\n|-enditem|p1a: Hydreigon|White Herb\n|-clearnegativeboost|p1a: Hydreigon|[silent]\n|move|p2a: Pelipper|Hurricane|p1a: Hydreigon\n|-damage|p1a: Hydreigon|23/100\n|move|p1a: Hydreigon|Dark Pulse|p2b: Basculegion\n|-supereffective|p2b: Basculegion|1\n|-damage|p2b: Basculegion|0 fnt\n|faint|p2b: Basculegion\n|\n|-weather|RainDance|[upkeep]\n|-sideend|p2: Royiscute67|move: Tailwind\n|upkeep\n|turn|5\n|\n|t:|1776116096\n|move|p1a: Hydreigon|Draco Meteor|p2a: Pelipper\n|-damage|p2a: Pelipper|18/100\n|-unboost|p1a: Hydreigon|spa|2\n|move|p2a: Pelipper|Hurricane|p1a: Hydreigon\n|-damage|p1a: Hydreigon|0 fnt\n|faint|p1a: Hydreigon\n|\n|win|Royiscute67\n|raw|DavidTIS's rating: 1084 &rarr; <strong>1059</strong><br />(-25 for losing)\n|raw|Royiscute67's rating: 1054 &rarr; <strong>1089</strong><br />(+35 for winning)\n|l|\u2606Royiscute67\n|player|p2|\n",
  "uploadtime": 1776116103,
  "views": 28,
  "formatid": "gen9championsvgc2026regma",
  "rating": 1059,
  "private": 0,
  "password": null
}